  <div class='ocr_page' id='page_1' title='image "/cluster/home/n/w/nwhite01/storage/ocr_20150623/136/hvd.32044019208305/172.png"; bbox 0 0 3908 6584; ppageno 0'>
   <div class='ocr_carea' id='block_1_1' title="bbox 251 375 2877 456">
    <p class='ocr_par' dir='ltr' id='par_1_1' title="bbox 251 375 2877 456">
     <span class='ocr_line' id='line_1_1' title="bbox 251 375 2877 456; baseline -0.007 -3"><span class='ocrx_word' id='word_1_1' title='bbox 251 391 343 456; x_wconf 68' lang='lat'><strong>329</strong></span> <span class='ocrx_word' id='word_1_2' title='bbox 828 387 924 446; x_wconf 80' lang='lat' dir='ltr'><strong>DE</strong></span> <span class='ocrx_word' id='word_1_3' title='bbox 963 383 1438 446; x_wconf 82' lang='lat' dir='ltr'><strong>OBEDIENTIA</strong></span> <span class='ocrx_word' id='word_1_4' title='bbox 1481 381 2019 444; x_wconf 77' lang='lat' dir='ltr'><strong>MAGISTRATUI</strong></span> <span class='ocrx_word' id='word_1_5' title='bbox 2050 377 2526 442; x_wconf 82' lang='lat' dir='ltr'><strong>CHRISTIANO</strong></span> <span class='ocrx_word' id='word_1_6' title='bbox 2568 375 2877 438; x_wconf 78' lang='lat' dir='ltr'><strong>DEBITA.</strong></span> 
     </span>
    </p>
   </div>
   <div class='ocr_carea' id='block_1_2' title="bbox 3381 373 3488 438">
    <p class='ocr_par' dir='ltr' id='par_1_2' title="bbox 3381 373 3488 438">
     <span class='ocr_line' id='line_1_2' title="bbox 3381 373 3488 438; baseline 0.019 -2"><span class='ocrx_word' id='word_1_7' title='bbox 3381 373 3488 438; x_wconf 85' lang='lat'><strong>330</strong></span> 
     </span>
    </p>
   </div>
   <div class='ocr_carea' id='block_1_3' title="bbox 250 491 1787 577">
    <p class='ocr_par' dir='ltr' id='par_1_3' title="bbox 250 497 1782 577">
     <span class='ocr_line' id='line_1_3' title="bbox 250 497 1782 577; baseline -0.006 -19"><span class='ocrx_word' id='word_1_8' title='bbox 250 512 311 577; x_wconf 70' lang='grc' dir='ltr'>μὴ</span> <span class='ocrx_word' id='word_1_9' title='bbox 341 507 413 558; x_wconf 79' lang='grc' dir='ltr'>ὅτι</span> <span class='ocrx_word' id='word_1_10' title='bbox 436 499 804 560; x_wconf 75' lang='grc' dir='ltr'>διδασκαλίαν,</span> <span class='ocrx_word' id='word_1_11' title='bbox 866 499 1005 555; x_wconf 77' lang='grc' dir='ltr'>ἀλλὰ</span> <span class='ocrx_word' id='word_1_12' title='bbox 1032 499 1129 553; x_wconf 72' lang='grc' dir='ltr'>καὶ</span> <span class='ocrx_word' id='word_1_13' title='bbox 1160 499 1351 562; x_wconf 75' lang='grc' dir='ltr'>ἁπλῶς</span> <span class='ocrx_word' id='word_1_14' title='bbox 1409 497 1602 554; x_wconf 79' lang='grc' dir='ltr'>λαλιὰν</span> <span class='ocrx_word' id='word_1_15' title='bbox 1641 498 1782 550; x_wconf 80' lang='grc' dir='ltr'>ἀπο·</span> 
     </span>
    </p>
   </div>
   <div class='ocr_carea' id='block_1_4' title="bbox 1899 491 3485 577">
    <p class='ocr_par' dir='ltr' id='par_1_4' title="bbox 1899 491 3485 566">
     <span class='ocr_line' id='line_1_4' title="bbox 1899 491 3485 566; baseline -0.004 -14"><span class='ocrx_word' id='word_1_16' title='bbox 1899 495 2194 554; x_wconf 77' lang='lat' dir='ltr'><strong>doctrinam</strong></span> <span class='ocrx_word' id='word_1_17' title='bbox 2263 494 2563 566; x_wconf 74' lang='lat' dir='ltr'><strong>egregiam,</strong></span> <span class='ocrx_word' id='word_1_18' title='bbox 2616 491 2712 547; x_wconf 89' lang='lat' dir='ltr'><strong>sed</strong></span> <span class='ocrx_word' id='word_1_19' title='bbox 2741 491 2827 546; x_wconf 86' lang='lat' dir='ltr'><strong>vel</strong></span> <span class='ocrx_word' id='word_1_20' title='bbox 2881 503 3091 546; x_wconf 87' lang='lat' dir='ltr'><strong>merum</strong></span> <span class='ocrx_word' id='word_1_21' title='bbox 3171 501 3485 546; x_wconf 81' lang='lat' dir='ltr'><strong>sermonem</strong></span> 
     </span>
    </p>
   </div>
   <div class='ocr_carea' id='block_1_5' title="bbox 246 589 1782 666">
    <p class='ocr_par' dir='ltr' id='par_1_5' title="bbox 246 589 1782 666">
     <span class='ocr_line' id='line_1_5' title="bbox 246 589 1782 666; baseline -0.005 -16"><span class='ocrx_word' id='word_1_22' title='bbox 246 597 538 666; x_wconf 79' lang='grc' dir='ltr'>στυγούμεν,</span> <span class='ocrx_word' id='word_1_23' title='bbox 573 593 664 645; x_wconf 81' lang='grc' dir='ltr'><strong>καὶ</strong></span> <span class='ocrx_word' id='word_1_24' title='bbox 686 591 887 662; x_wconf 80' lang='grc' dir='ltr'>μᾶλλον</span> <span class='ocrx_word' id='word_1_25' title='bbox 907 592 974 646; x_wconf 85' lang='grc' dir='ltr'>ἂν</span> <span class='ocrx_word' id='word_1_26' title='bbox 1003 591 1335 662; x_wconf 84' lang='grc' dir='ltr'><strong>ὠρυομένων</strong></span> <span class='ocrx_word' id='word_1_27' title='bbox 1381 590 1587 661; x_wconf 77' lang='grc' dir='ltr'>θηρίων</span> <span class='ocrx_word' id='word_1_28' title='bbox 1612 589 1782 660; x_wconf 80' lang='grc' dir='ltr'>ἡδέως</span> 
     </span>
    </p>
   </div>
   <div class='ocr_carea' id='block_1_6' title="bbox 243 682 1784 760">
    <p class='ocr_par' dir='ltr' id='par_1_6' title="bbox 243 682 1784 760">
     <span class='ocr_line' id='line_1_6' title="bbox 243 682 1784 760; baseline -0.007 -16"><span class='ocrx_word' id='word_1_29' title='bbox 243 684 618 760; x_wconf 77' lang='grc' dir='ltr'>ἀκροασώμεθα,</span> <span class='ocrx_word' id='word_1_30' title='bbox 653 686 797 756; x_wconf 71' lang='grc' dir='ltr'>ἥπερ</span> <span class='ocrx_word' id='word_1_31' title='bbox 825 684 1017 753; x_wconf 79' lang='grc' dir='ltr'>ἀνδρὸς</span> <span class='ocrx_word' id='word_1_32' title='bbox 1039 683 1439 747; x_wconf 87' lang='grc' dir='ltr'>ἀπευθύνοντος</span> <span class='ocrx_word' id='word_1_33' title='bbox 1464 683 1598 754; x_wconf 83' lang='grc' dir='ltr'>πρὸς</span> <span class='ocrx_word' id='word_1_34' title='bbox 1619 682 1784 748; x_wconf 87' lang='grc' dir='ltr'>εύαγ-</span> 
     </span>
    </p>
   </div>
   <div class='ocr_carea' id='block_1_7' title="bbox 245 775 1517 850">
    <p class='ocr_par' dir='ltr' id='par_1_7' title="bbox 245 775 1517 850">
     <span class='ocr_line' id='line_1_7' title="bbox 245 775 1517 850; baseline -0.006 -16"><span class='ocrx_word' id='word_1_35' title='bbox 245 781 434 850; x_wconf 78' lang='grc' dir='ltr'>γελικὴν</span> <span class='ocrx_word' id='word_1_36' title='bbox 464 777 732 848; x_wconf 78' lang='grc' dir='ltr'>ὀρθότητα</span> <span class='ocrx_word' id='word_1_37' title='bbox 760 777 858 847; x_wconf 83' lang='grc' dir='ltr'><strong>τὴν</strong></span> <span class='ocrx_word' id='word_1_38' title='bbox 880 778 938 830; x_wconf 83' lang='grc' dir='ltr'><strong>ἐν</strong></span> <span class='ocrx_word' id='word_1_39' title='bbox 963 777 1095 847; x_wconf 75' lang='grc' dir='ltr'>ἡμῖν</span> <span class='ocrx_word' id='word_1_40' title='bbox 1122 775 1517 847; x_wconf 78' lang='grc' dir='ltr'>στρεϐλότητα.</span> 
     </span>
    </p>
   </div>
   <div class='ocr_carea' id='block_1_8' title="bbox 303 954 1780 1031">
    <p class='ocr_par' dir='ltr' id='par_1_8' title="bbox 303 954 1780 1031">
     <span class='ocr_line' id='line_1_8' title="bbox 303 954 1780 1031; baseline -0.004 -19"><span class='ocrx_word' id='word_1_41' title='bbox 303 959 388 1031; x_wconf 83' lang='grc' dir='ltr'>με’.</span> <span class='ocrx_word' id='word_1_42' title='bbox 416 957 722 1028; x_wconf 73' lang='grc' dir='ltr'>Νομίζομεν</span> <span class='ocrx_word' id='word_1_43' title='bbox 743 957 874 1028; x_wconf 73' lang='grc' dir='ltr'>γὰρ,</span> <span class='ocrx_word' id='word_1_44' title='bbox 919 956 1108 1026; x_wconf 82' lang='grc' dir='ltr'>ὥσπερ</span> <span class='ocrx_word' id='word_1_45' title='bbox 1145 957 1237 1009; x_wconf 71' lang='grc' dir='ltr'>τὸν</span> <span class='ocrx_word' id='word_1_46' title='bbox 1262 955 1515 1025; x_wconf 75' lang='grc' dir='ltr'>τεχνικὸν</span> <span class='ocrx_word' id='word_1_47' title='bbox 1551 954 1780 1016; x_wconf 80' lang='grc' dir='ltr'>κανόνα,</span> 
     </span>
    </p>
   </div>
   <div class='ocr_carea' id='block_1_9' title="bbox 242 1046 1784 1113">
    <p class='ocr_par' dir='ltr' id='par_1_9' title="bbox 242 1046 1784 1113">
     <span class='ocr_line' id='line_1_9' title="bbox 242 1046 1784 1113; baseline -0.007 -6"><span class='ocrx_word' id='word_1_48' title='bbox 242 1058 316 1108; x_wconf 72' lang='grc' dir='ltr'><strong>τὸν</strong></span> <span class='ocrx_word' id='word_1_49' title='bbox 339 1051 464 1106; x_wconf 79' lang='grc' dir='ltr'><strong>κατά</strong></span> <span class='ocrx_word' id='word_1_50' title='bbox 509 1050 633 1111; x_wconf 74' lang='grc' dir='ltr'>τοὺς</span> <span class='ocrx_word' id='word_1_51' title='bbox 673 1048 956 1113; x_wconf 79' lang='grc' dir='ltr'><strong>τέκτονας,</strong></span> <span class='ocrx_word' id='word_1_52' title='bbox 1014 1049 1115 1102; x_wconf 72' lang='grc' dir='ltr'><strong>οὐκ</strong></span> <span class='ocrx_word' id='word_1_53' title='bbox 1149 1048 1217 1102; x_wconf 82' lang='grc' dir='ltr'>ἂν</span> <span class='ocrx_word' id='word_1_54' title='bbox 1283 1047 1459 1110; x_wconf 83' lang='grc' dir='ltr'>ἄλλως</span> <span class='ocrx_word' id='word_1_55' title='bbox 1521 1046 1784 1100; x_wconf 82' lang='grc' dir='ltr'>δύνασθαι</span> 
     </span>
    </p>
   </div>
   <div class='ocr_carea' id='block_1_10' title="bbox 241 1137 1783 1210">
    <p class='ocr_par' dir='ltr' id='par_1_10' title="bbox 241 1137 1783 1210">
     <span class='ocr_line' id='line_1_10' title="bbox 241 1137 1783 1210; baseline -0.005 -14"><span class='ocrx_word' id='word_1_56' title='bbox 241 1144 438 1197; x_wconf 74' lang='grc' dir='ltr'><strong>λεαίνειν</strong></span> <span class='ocrx_word' id='word_1_57' title='bbox 472 1140 750 1208; x_wconf 81' lang='grc' dir='ltr'>σανίδαςῆ</span> <span class='ocrx_word' id='word_1_58' title='bbox 789 1139 944 1204; x_wconf 79' lang='grc' dir='ltr'>ξύλον</span> <span class='ocrx_word' id='word_1_59' title='bbox 990 1140 1254 1210; x_wconf 79' lang='grc' dir='ltr'>ἑτεροῖον,</span> <span class='ocrx_word' id='word_1_60' title='bbox 1284 1140 1333 1191; x_wconf 76' lang='grc' dir='ltr'><strong>εί</strong></span> <span class='ocrx_word' id='word_1_61' title='bbox 1386 1137 1463 1210; x_wconf 79' lang='grc' dir='ltr'>μὴ</span> <span class='ocrx_word' id='word_1_62' title='bbox 1503 1137 1783 1205; x_wconf 81' lang='grc' dir='ltr'>ἀπαγάγοι</span> 
     </span>
    </p>
   </div>
   <div class='ocr_carea' id='block_1_11' title="bbox 242 1229 1786 1300">
    <p class='ocr_par' dir='ltr' id='par_1_11' title="bbox 242 1229 1786 1300">
     <span class='ocr_line' id='line_1_11' title="bbox 242 1229 1786 1300; baseline -0.003 -13"><span class='ocrx_word' id='word_1_63' title='bbox 242 1237 377 1300; x_wconf 76' lang='grc' dir='ltr'>ξὲσας</span> <span class='ocrx_word' id='word_1_64' title='bbox 395 1233 450 1286; x_wconf 72' lang='grc' dir='ltr'>τὸ</span> <span class='ocrx_word' id='word_1_65' title='bbox 477 1230 863 1300; x_wconf 73' lang='grc' dir='ltr'><strong>ἐπιπροσθοῦν,</strong></span> <span class='ocrx_word' id='word_1_66' title='bbox 904 1229 1048 1283; x_wconf 69' lang='grc' dir='ltr'>οὕτω</span> <span class='ocrx_word' id='word_1_67' title='bbox 1075 1230 1169 1282; x_wconf 75' lang='grc' dir='ltr'>καὶ</span> <span class='ocrx_word' id='word_1_68' title='bbox 1215 1230 1288 1283; x_wconf 69' lang='grc' dir='ltr'><strong>τοι</strong></span> <span class='ocrx_word' id='word_1_69' title='bbox 1325 1229 1479 1284; x_wconf 82' lang='grc' dir='ltr'>Θεῖον</span> <span class='ocrx_word' id='word_1_70' title='bbox 1524 1229 1615 1282; x_wconf 82' lang='grc' dir='ltr'>διὰ</span> <span class='ocrx_word' id='word_1_71' title='bbox 1679 1229 1786 1282; x_wconf 80' lang='grc' dir='ltr'><strong>τῶν</strong></span> 
     </span>
    </p>
   </div>
   <div class='ocr_carea' id='block_1_12' title="bbox 241 1319 1788 1394">
    <p class='ocr_par' dir='ltr' id='par_1_12' title="bbox 241 1319 1788 1394">
     <span class='ocr_line' id='line_1_12' title="bbox 241 1319 1788 1394; baseline -0.005 -14"><span class='ocrx_word' id='word_1_72' title='bbox 241 1324 550 1394; x_wconf 75' lang='grc' dir='ltr'>θεοκηρύκων</span> <span class='ocrx_word' id='word_1_73' title='bbox 605 1323 922 1376; x_wconf 87' lang='grc' dir='ltr'>ἀποστόλων</span> <span class='ocrx_word' id='word_1_74' title='bbox 980 1322 1288 1390; x_wconf 87' lang='grc' dir='ltr'>κανόνισμα</span> <span class='ocrx_word' id='word_1_75' title='bbox 1352 1319 1462 1374; x_wconf 87' lang='grc' dir='ltr'><strong>τῶν</strong></span> <span class='ocrx_word' id='word_1_76' title='bbox 1497 1320 1788 1390; x_wconf 79' lang='grc' dir='ltr'><strong>ἡμετέρων</strong></span> 
     </span>
    </p>
   </div>
   <div class='ocr_carea' id='block_1_13' title="bbox 242 1411 1782 1485">
    <p class='ocr_par' dir='ltr' id='par_1_13' title="bbox 242 1411 1782 1485">
     <span class='ocr_line' id='line_1_13' title="bbox 242 1411 1782 1485; baseline -0.004 -15"><span class='ocrx_word' id='word_1_77' title='bbox 242 1416 429 1485; x_wconf 82' lang='grc' dir='ltr'>σαρκῶν</span> <span class='ocrx_word' id='word_1_78' title='bbox 463 1415 796 1484; x_wconf 77' lang='grc' dir='ltr'>ἀποτέμνειν</span> <span class='ocrx_word' id='word_1_79' title='bbox 823 1430 875 1466; x_wconf 87' lang='grc' dir='ltr'><strong>τι</strong></span> <span class='ocrx_word' id='word_1_80' title='bbox 908 1413 1003 1465; x_wconf 70' lang='grc' dir='ltr'>καὶ</span> <span class='ocrx_word' id='word_1_81' title='bbox 1035 1413 1276 1480; x_wconf 77' lang='grc' dir='ltr'>ἀπάγειν</span> <span class='ocrx_word' id='word_1_82' title='bbox 1315 1411 1629 1474; x_wconf 75' lang='grc' dir='ltr'>ἐπωδύνως,</span> <span class='ocrx_word' id='word_1_83' title='bbox 1691 1413 1782 1466; x_wconf 83' lang='grc' dir='ltr'>ὅτε</span> 
     </span>
    </p>
   </div>
   <div class='ocr_carea' id='block_1_14' title="bbox 239 1505 1787 1578">
    <p class='ocr_par' dir='ltr' id='par_1_14' title="bbox 239 1505 1787 1578">
     <span class='ocr_line' id='line_1_14' title="bbox 239 1505 1787 1578; baseline -0.003 -17"><span class='ocrx_word' id='word_1_84' title='bbox 239 1513 346 1578; x_wconf 73' lang='grc' dir='ltr'>ἡμῖν</span> <span class='ocrx_word' id='word_1_85' title='bbox 404 1508 490 1561; x_wconf 69' lang='grc' dir='ltr'><strong>ἐπὶ</strong></span> <span class='ocrx_word' id='word_1_86' title='bbox 546 1507 834 1577; x_wconf 80' lang='grc' dir='ltr'><strong>διορθώσει</strong></span> <span class='ocrx_word' id='word_1_87' title='bbox 881 1507 1088 1577; x_wconf 80' lang='grc' dir='ltr'>ψυχικῇ</span> <span class='ocrx_word' id='word_1_88' title='bbox 1147 1505 1546 1576; x_wconf 77' lang='grc' dir='ltr'>προσφέρεται.</span> <span class='ocrx_word' id='word_1_89' title='bbox 1595 1505 1787 1568; x_wconf 71' lang='grc' dir='ltr'>Οὕτως</span> 
     </span>
    </p>
   </div>
   <div class='ocr_carea' id='block_1_15' title="bbox 238 1593 1788 1667">
    <p class='ocr_par' dir='ltr' id='par_1_15' title="bbox 238 1593 1788 1667">
     <span class='ocr_line' id='line_1_15' title="bbox 238 1593 1788 1667; baseline -0.003 -17"><span class='ocrx_word' id='word_1_90' title='bbox 238 1599 370 1667; x_wconf 67' lang='grc' dir='ltr'>ἡμεῖς</span> <span class='ocrx_word' id='word_1_91' title='bbox 395 1595 780 1666; x_wconf 81' lang='grc' dir='ltr'>νωθρευόμεθα</span> <span class='ocrx_word' id='word_1_92' title='bbox 843 1595 940 1664; x_wconf 81' lang='grc' dir='ltr'>τὴν</span> <span class='ocrx_word' id='word_1_93' title='bbox 988 1594 1232 1666; x_wconf 80' lang='grc' dir='ltr'>ψυχικὴν</span> <span class='ocrx_word' id='word_1_94' title='bbox 1274 1595 1585 1663; x_wconf 77' lang='grc' dir='ltr'><strong>διόρθωσιν,</strong></span> <span class='ocrx_word' id='word_1_95' title='bbox 1644 1593 1788 1648; x_wconf 71' lang='grc' dir='ltr'>οὕτω</span> 
     </span>
    </p>
   </div>
   <div class='ocr_carea' id='block_1_16' title="bbox 237 1687 1790 1759">
    <p class='ocr_par' dir='ltr' id='par_1_16' title="bbox 237 1687 1790 1759">
     <span class='ocr_line' id='line_1_16' title="bbox 237 1687 1790 1759; baseline 0.001 -20"><span class='ocrx_word' id='word_1_96' title='bbox 237 1692 316 1758; x_wconf 74' lang='grc' dir='ltr'>τὴν</span> <span class='ocrx_word' id='word_1_97' title='bbox 344 1688 682 1759; x_wconf 72' lang='grc' dir='ltr'>καθαρότητα</span> <span class='ocrx_word' id='word_1_98' title='bbox 718 1687 1112 1756; x_wconf 84' lang='grc' dir='ltr'>παρορῶμεθα.</span> <span class='ocrx_word' id='word_1_99' title='bbox 1167 1689 1274 1740; x_wconf 74' lang='grc' dir='ltr'>Καὶ</span> <span class='ocrx_word' id='word_1_100' title='bbox 1311 1687 1506 1740; x_wconf 76' lang='grc' dir='ltr'>πέδιλα</span> <span class='ocrx_word' id='word_1_101' title='bbox 1569 1688 1690 1758; x_wconf 78' lang='grc' dir='ltr'>μὲν,</span> <span class='ocrx_word' id='word_1_102' title='bbox 1754 1687 1790 1741; x_wconf 74' lang='grc' dir='ltr'>ἃ</span> 
     </span>
    </p>
   </div>
   <div class='ocr_carea' id='block_1_17' title="bbox 237 1779 1787 1851">
    <p class='ocr_par' dir='ltr' id='par_1_17' title="bbox 237 1779 1787 1851">
     <span class='ocr_line' id='line_1_17' title="bbox 237 1779 1787 1851; baseline -0.002 -17"><span class='ocrx_word' id='word_1_103' title='bbox 237 1781 499 1850; x_wconf 56' lang='lat' dir='ltr'><strong>capo-351w,</strong></span> <span class='ocrx_word' id='word_1_104' title='bbox 566 1780 988 1850; x_wconf 79' lang='grc' dir='ltr'>ὖποπλησθέντα</span> <span class='ocrx_word' id='word_1_105' title='bbox 1063 1779 1239 1848; x_wconf 77' lang='grc' dir='ltr'>πηλοῦ</span> <span class='ocrx_word' id='word_1_106' title='bbox 1296 1779 1561 1851; x_wconf 82' lang='grc' dir='ltr'>χαίρομεν</span> <span class='ocrx_word' id='word_1_107' title='bbox 1596 1781 1649 1832; x_wconf 78' lang='grc' dir='ltr'>ετ</span> <span class='ocrx_word' id='word_1_108' title='bbox 1704 1797 1787 1842; x_wconf 90' lang='grc' dir='ltr'><strong>τις</strong></span> 
     </span>
    </p>
   </div>
   <div class='ocr_carea' id='block_1_18' title="bbox 1891 579 3485 652">
    <p class='ocr_par' dir='ltr' id='par_1_18' title="bbox 1891 579 3485 652">
     <span class='ocr_line' id='line_1_18' title="bbox 1891 579 3485 652; baseline -0.006 -8"><span class='ocrx_word' id='word_1_109' title='bbox 1891 592 2246 652; x_wconf 73' lang='lat' dir='ltr'><strong>detestamur,</strong></span> <span class='ocrx_word' id='word_1_110' title='bbox 2315 595 2370 640; x_wconf 89' lang='lat' dir='ltr'><strong>et</strong></span> <span class='ocrx_word' id='word_1_111' title='bbox 2415 585 2587 639; x_wconf 88' lang='lat' dir='ltr'><strong>multo</strong></span> <span class='ocrx_word' id='word_1_112' title='bbox 2644 581 2924 638; x_wconf 86' lang='lat' dir='ltr'><strong>lubentius</strong></span> <span class='ocrx_word' id='word_1_113' title='bbox 2990 579 3231 634; x_wconf 75' lang='lat' dir='ltr'><strong>ferarum</strong></span> <span class='ocrx_word' id='word_1_114' title='bbox 3280 579 3485 650; x_wconf 78' lang='lat' dir='ltr'><strong>rugitui</strong></span> 
     </span>
    </p>
   </div>
   <div class='ocr_carea' id='block_1_19' title="bbox 1895 673 3487 750">
    <p class='ocr_par' dir='ltr' id='par_1_19' title="bbox 1895 673 3487 750">
     <span class='ocr_line' id='line_1_19' title="bbox 1895 673 3487 750; baseline -0.006 -14"><span class='ocrx_word' id='word_1_115' title='bbox 1895 698 2063 738; x_wconf 84' lang='lat' dir='ltr'><strong>aures</strong></span> <span class='ocrx_word' id='word_1_116' title='bbox 2121 679 2452 750; x_wconf 67' lang='lat' dir='ltr'><strong>praebemus,</strong></span> <span class='ocrx_word' id='word_1_117' title='bbox 2509 691 2675 748; x_wconf 91' lang='lat' dir='ltr'><strong>quam</strong></span> <span class='ocrx_word' id='word_1_118' title='bbox 2739 677 2856 730; x_wconf 89' lang='lat' dir='ltr'><strong>viro</strong></span> <span class='ocrx_word' id='word_1_119' title='bbox 2912 674 3004 744; x_wconf 86' lang='lat' dir='ltr'><strong>qui</strong></span> <span class='ocrx_word' id='word_1_120' title='bbox 3066 673 3487 742; x_wconf 72' lang='lat' dir='ltr'><strong>perversitatem</strong></span> 
     </span>
    </p>
   </div>
   <div class='ocr_carea' id='block_1_20' title="bbox 1891 763 3489 838">
    <p class='ocr_par' dir='ltr' id='par_1_20' title="bbox 1891 763 3489 838">
     <span class='ocr_line' id='line_1_20' title="bbox 1891 763 3489 838; baseline -0.006 -11"><span class='ocrx_word' id='word_1_121' title='bbox 1891 783 2133 828; x_wconf 85' lang='lat' dir='ltr'><strong>nostram</strong></span> <span class='ocrx_word' id='word_1_122' title='bbox 2171 772 2238 826; x_wconf 90' lang='lat' dir='ltr'><strong>ad</strong></span> <span class='ocrx_word' id='word_1_123' title='bbox 2287 770 2661 838; x_wconf 82' lang='lat' dir='ltr'><strong>evangelieam</strong></span> <span class='ocrx_word' id='word_1_124' title='bbox 2689 767 3018 838; x_wconf 74' lang='lat' dir='ltr'><strong>probitatem</strong></span> <span class='ocrx_word' id='word_1_125' title='bbox 3052 763 3291 832; x_wconf 76' lang='lat' dir='ltr'><strong>dirigere</strong></span> <span class='ocrx_word' id='word_1_126' title='bbox 3341 773 3489 819; x_wconf 78' lang='lat' dir='ltr'><strong>sata-</strong></span> 
     </span>
    </p>
   </div>
   <div class='ocr_carea' id='block_1_21' title="bbox 1891 875 2001 934">
    <p class='ocr_par' dir='ltr' id='par_1_21' title="bbox 1891 875 2001 934">
     <span class='ocr_line' id='line_1_21' title="bbox 1891 875 2001 934; baseline 0.018 -17"><span class='ocrx_word' id='word_1_127' title='bbox 1891 875 2001 934; x_wconf 74' lang='lat' dir='ltr'><strong>gat.</strong></span> 
     </span>
    </p>
   </div>
   <div class='ocr_carea' id='block_1_22' title="bbox 1960 949 3489 1026">
    <p class='ocr_par' dir='ltr' id='par_1_22' title="bbox 1960 949 3489 1026">
     <span class='ocr_line' id='line_1_22' title="bbox 1960 949 3489 1026; baseline -0.009 -12"><span class='ocrx_word' id='word_1_128' title='bbox 1960 959 2056 1016; x_wconf 69' lang='lat'><strong>45.</strong></span> <span class='ocrx_word' id='word_1_129' title='bbox 2089 958 2564 1026; x_wconf 81' lang='lat' dir='ltr'><strong>Quemadmodum</strong></span> <span class='ocrx_word' id='word_1_130' title='bbox 2591 955 2738 1012; x_wconf 88' lang='lat' dir='ltr'><strong>enim</strong></span> <span class='ocrx_word' id='word_1_131' title='bbox 2786 954 2973 1025; x_wconf 81' lang='lat' dir='ltr'><strong>regula</strong></span> <span class='ocrx_word' id='word_1_132' title='bbox 3003 953 3284 1006; x_wconf 76' lang='lat' dir='ltr'><strong>fabrorum</strong></span> <span class='ocrx_word' id='word_1_133' title='bbox 3310 949 3489 1019; x_wconf 81' lang='lat' dir='ltr'><strong>ligna-</strong></span> 
     </span>
    </p>
   </div>
   <div class='ocr_carea' id='block_1_23' title="bbox 1889 1046 3488 1116">
    <p class='ocr_par' dir='ltr' id='par_1_23' title="bbox 1889 1046 3488 1116">
     <span class='ocr_line' id='line_1_23' title="bbox 1889 1046 3488 1116; baseline -0.006 -10"><span class='ocrx_word' id='word_1_134' title='bbox 1889 1053 2096 1106; x_wconf 90' lang='lat' dir='ltr'><strong>riorum</strong></span> <span class='ocrx_word' id='word_1_135' title='bbox 2139 1065 2245 1106; x_wconf 91' lang='lat' dir='ltr'><strong>non</strong></span> <span class='ocrx_word' id='word_1_136' title='bbox 2289 1051 2450 1106; x_wconf 87' lang='lat' dir='ltr'><strong>aliter</strong></span> <span class='ocrx_word' id='word_1_137' title='bbox 2504 1048 2716 1104; x_wconf 87' lang='lat' dir='ltr'><strong>tabulas</strong></span> <span class='ocrx_word' id='word_1_138' title='bbox 2770 1055 2867 1100; x_wconf 88' lang='lat' dir='ltr'><strong>aut</strong></span> <span class='ocrx_word' id='word_1_139' title='bbox 2896 1046 3104 1116; x_wconf 88' lang='lat' dir='ltr'><strong>lignum</strong></span> <span class='ocrx_word' id='word_1_140' title='bbox 3155 1056 3488 1114; x_wconf 82' lang='lat' dir='ltr'><strong>quocunque</strong></span> 
     </span>
    </p>
   </div>
   <div class='ocr_carea' id='block_1_24' title="bbox 1890 1137 3482 1214">
    <p class='ocr_par' dir='ltr' id='par_1_24' title="bbox 1890 1137 3482 1214">
     <span class='ocr_line' id='line_1_24' title="bbox 1890 1137 3482 1214; baseline -0.007 -17"><span class='ocrx_word' id='word_1_141' title='bbox 1890 1144 2066 1214; x_wconf 81' lang='lat' dir='ltr'><strong>polire</strong></span> <span class='ocrx_word' id='word_1_142' title='bbox 2105 1153 2305 1214; x_wconf 86' lang='lat' dir='ltr'><strong>potest,</strong></span> <span class='ocrx_word' id='word_1_143' title='bbox 2352 1141 2459 1197; x_wconf 85' lang='lat' dir='ltr'><strong>nisi</strong></span> <span class='ocrx_word' id='word_1_144' title='bbox 2503 1139 2839 1209; x_wconf 79' lang='lat' dir='ltr'><strong>superﬂuum</strong></span> <span class='ocrx_word' id='word_1_145' title='bbox 2889 1137 3132 1193; x_wconf 88' lang='lat' dir='ltr'><strong>radendo</strong></span> <span class='ocrx_word' id='word_1_146' title='bbox 3183 1141 3482 1191; x_wconf 79' lang='lat' dir='ltr'><strong>removeat:</strong></span> 
     </span>
    </p>
   </div>
   <div class='ocr_carea' id='block_1_25' title="bbox 1892 1227 3487 1304">
    <p class='ocr_par' dir='ltr' id='par_1_25' title="bbox 1892 1227 3487 1304">
     <span class='ocr_line' id='line_1_25' title="bbox 1892 1227 3487 1304; baseline -0.008 -12"><span class='ocrx_word' id='word_1_147' title='bbox 1892 1238 1963 1292; x_wconf 89' lang='lat' dir='ltr'><strong>ita</strong></span> <span class='ocrx_word' id='word_1_148' title='bbox 1996 1236 2162 1290; x_wconf 80' lang='lat' dir='ltr'><strong>etiam</strong></span> <span class='ocrx_word' id='word_1_149' title='bbox 2197 1234 2364 1290; x_wconf 88' lang='lat' dir='ltr'><strong>Deum</strong></span> <span class='ocrx_word' id='word_1_150' title='bbox 2394 1242 2652 1304; x_wconf 83' lang='lat' dir='ltr'><strong>putamus</strong></span> <span class='ocrx_word' id='word_1_151' title='bbox 2698 1245 2796 1300; x_wconf 91' lang='lat' dir='ltr'><strong>per</strong></span> <span class='ocrx_word' id='word_1_152' title='bbox 2830 1229 3073 1284; x_wconf 80' lang='lat' dir='ltr'><strong>divinam</strong></span> <span class='ocrx_word' id='word_1_153' title='bbox 3110 1227 3487 1297; x_wconf 76' lang='lat' dir='ltr'><strong>apostolorum</strong></span> 
     </span>
    </p>
   </div>
   <div class='ocr_carea' id='block_1_26' title="bbox 1892 1318 3488 1402">
    <p class='ocr_par' dir='ltr' id='par_1_26' title="bbox 1892 1318 3488 1402">
     <span class='ocr_line' id='line_1_26' title="bbox 1892 1318 3488 1402; baseline -0.008 -16"><span class='ocrx_word' id='word_1_154' title='bbox 1892 1329 2334 1402; x_wconf 81' lang='lat' dir='ltr'><strong>praedicationem</strong></span> <span class='ocrx_word' id='word_1_155' title='bbox 2366 1325 2576 1397; x_wconf 89' lang='lat' dir='ltr'><strong>aliquid</strong></span> <span class='ocrx_word' id='word_1_156' title='bbox 2609 1326 2677 1380; x_wconf 90' lang='lat' dir='ltr'><strong>de</strong></span> <span class='ocrx_word' id='word_1_157' title='bbox 2721 1325 2924 1380; x_wconf 83' lang='lat' dir='ltr'><strong>nostris</strong></span> <span class='ocrx_word' id='word_1_158' title='bbox 2981 1321 3240 1377; x_wconf 88' lang='lat' dir='ltr'><strong>carnibus</strong></span> <span class='ocrx_word' id='word_1_159' title='bbox 3270 1318 3488 1374; x_wconf 86' lang='lat' dir='ltr'><strong>abscin-</strong></span> 
     </span>
    </p>
   </div>
   <div class='ocr_carea' id='block_1_27' title="bbox 1892 1412 3505 1487">
    <p class='ocr_par' dir='ltr' id='par_1_27' title="bbox 1892 1412 3505 1487">
     <span class='ocr_line' id='line_1_27' title="bbox 1892 1412 3505 1487; baseline -0.009 -8"><span class='ocrx_word' id='word_1_160' title='bbox 1892 1423 2026 1480; x_wconf 83' lang='lat' dir='ltr'><strong>dere</strong></span> <span class='ocrx_word' id='word_1_161' title='bbox 2056 1427 2110 1476; x_wconf 84' lang='lat' dir='ltr'><strong>et</strong></span> <span class='ocrx_word' id='word_1_162' title='bbox 2146 1435 2269 1474; x_wconf 88' lang='lat' dir='ltr'><strong>cum</strong></span> <span class='ocrx_word' id='word_1_163' title='bbox 2301 1417 2487 1474; x_wconf 89' lang='lat' dir='ltr'><strong>dolore</strong></span> <span class='ocrx_word' id='word_1_164' title='bbox 2515 1417 2755 1482; x_wconf 83' lang='lat' dir='ltr'><strong>auferre,</strong></span> <span class='ocrx_word' id='word_1_165' title='bbox 2789 1414 3009 1487; x_wconf 85' lang='lat' dir='ltr'><strong>quando</strong></span> <span class='ocrx_word' id='word_1_166' title='bbox 3036 1413 3104 1468; x_wconf 90' lang='lat' dir='ltr'><strong>de</strong></span> <span class='ocrx_word' id='word_1_167' title='bbox 3131 1412 3328 1466; x_wconf 77' lang='lat' dir='ltr'><strong>animae</strong></span> <span class='ocrx_word' id='word_1_168' title='bbox 3352 1424 3479 1479; x_wconf 88' lang='lat' dir='ltr'><strong>per-</strong></span> <span class='ocrx_word' id='word_1_169' title='bbox 3503 1480 3505 1482; x_wconf 20' lang='grc' dir='ltr'><strong>η</strong></span> 
     </span>
    </p>
   </div>
   <div class='ocr_carea' id='block_1_28' title="bbox 1892 1501 3506 1579">
    <p class='ocr_par' dir='ltr' id='par_1_28' title="bbox 1892 1501 3506 1579">
     <span class='ocr_line' id='line_1_28' title="bbox 1892 1501 3506 1579; baseline -0.008 -11"><span class='ocrx_word' id='word_1_170' title='bbox 1892 1513 2130 1568; x_wconf 76' lang='lat' dir='ltr'><strong>lectione</strong></span> <span class='ocrx_word' id='word_1_171' title='bbox 2161 1511 2420 1579; x_wconf 84' lang='lat' dir='ltr'><strong>agitatur.</strong></span> <span class='ocrx_word' id='word_1_172' title='bbox 2455 1507 2534 1569; x_wconf 86' lang='lat' dir='ltr'><strong>Ita</strong></span> <span class='ocrx_word' id='word_1_173' title='bbox 2586 1516 2766 1566; x_wconf 83' lang='lat' dir='ltr'><strong>autem</strong></span> <span class='ocrx_word' id='word_1_174' title='bbox 2800 1507 2867 1560; x_wconf 88' lang='lat' dir='ltr'><strong>ad</strong></span> <span class='ocrx_word' id='word_1_175' title='bbox 2901 1519 3020 1560; x_wconf 88' lang='lat' dir='ltr'><strong>eam</strong></span> <span class='ocrx_word' id='word_1_176' title='bbox 3046 1501 3506 1572; x_wconf 59' lang='lat' dir='ltr'><strong>languescimus;</strong></span> 
     </span>
    </p>
   </div>
   <div class='ocr_carea' id='block_1_29' title="bbox 1891 1591 3490 1674">
    <p class='ocr_par' dir='ltr' id='par_1_29' title="bbox 1891 1591 3490 1674">
     <span class='ocr_line' id='line_1_29' title="bbox 1891 1591 3490 1674; baseline -0.009 -15"><span class='ocrx_word' id='word_1_177' title='bbox 1891 1606 1965 1659; x_wconf 87' lang='lat' dir='ltr'><strong>ita</strong></span> <span class='ocrx_word' id='word_1_178' title='bbox 1996 1603 2292 1674; x_wconf 81' lang='lat' dir='ltr'><strong>puritatem</strong></span> <span class='ocrx_word' id='word_1_179' title='bbox 2326 1601 2676 1671; x_wconf 75' lang='lat' dir='ltr'><strong>negligimus.</strong></span> <span class='ocrx_word' id='word_1_180' title='bbox 2705 1591 3092 1654; x_wconf 82' lang='lat' dir='ltr'><strong>Calceamenta</strong></span> <span class='ocrx_word' id='word_1_181' title='bbox 3126 1607 3248 1663; x_wconf 65' lang='lat' dir='ltr'><strong>quae</strong></span> <span class='ocrx_word' id='word_1_182' title='bbox 3301 1598 3490 1661; x_wconf 82' lang='lat' dir='ltr'><strong>gesta-</strong></span> 
     </span>
    </p>
   </div>
   <div class='ocr_carea' id='block_1_30' title="bbox 1895 1682 3488 1761">
    <p class='ocr_par' dir='ltr' id='par_1_30' title="bbox 1895 1682 3488 1761">
     <span class='ocr_line' id='line_1_30' title="bbox 1895 1682 3488 1761; baseline -0.008 -11"><span class='ocrx_word' id='word_1_183' title='bbox 1895 1711 2036 1761; x_wconf 89' lang='lat' dir='ltr'><strong>mus,</strong></span> <span class='ocrx_word' id='word_1_184' title='bbox 2070 1695 2159 1750; x_wconf 91' lang='lat' dir='ltr'><strong>ubi</strong></span> <span class='ocrx_word' id='word_1_185' title='bbox 2204 1703 2320 1749; x_wconf 90' lang='lat' dir='ltr'><strong>tuto</strong></span> <span class='ocrx_word' id='word_1_186' title='bbox 2351 1689 2731 1748; x_wconf 85' lang='lat' dir='ltr'><strong>contaminata</strong></span> <span class='ocrx_word' id='word_1_187' title='bbox 2756 1698 2906 1750; x_wconf 88' lang='lat' dir='ltr'><strong>sunt,</strong></span> <span class='ocrx_word' id='word_1_188' title='bbox 2955 1687 3257 1756; x_wconf 75' lang='lat' dir='ltr'><strong>gaudemus</strong></span> <span class='ocrx_word' id='word_1_189' title='bbox 3288 1683 3332 1739; x_wconf 87' lang='lat' dir='ltr'><strong>si</strong></span> <span class='ocrx_word' id='word_1_190' title='bbox 3362 1682 3488 1754; x_wconf 83' lang='lat' dir='ltr'><strong>quis</strong></span> 
     </span>
    </p>
   </div>
   <div class='ocr_carea' id='block_1_31' title="bbox 1893 1774 3490 1856">
    <p class='ocr_par' dir='ltr' id='par_1_31' title="bbox 1893 1774 3490 1856">
     <span class='ocr_line' id='line_1_31' title="bbox 1893 1774 3490 1856; baseline -0.007 -15"><span class='ocrx_word' id='word_1_191' title='bbox 1893 1787 2044 1856; x_wconf 89' lang='lat' dir='ltr'><strong>prius</strong></span> <span class='ocrx_word' id='word_1_192' title='bbox 2093 1785 2536 1840; x_wconf 85' lang='lat' dir='ltr'><strong>animadvertens</strong></span> <span class='ocrx_word' id='word_1_193' title='bbox 2575 1781 2658 1836; x_wconf 85' lang='lat' dir='ltr'><strong>vel</strong></span> <span class='ocrx_word' id='word_1_194' title='bbox 2707 1789 2833 1836; x_wconf 84' lang='lat' dir='ltr'><strong>ante</strong></span> <span class='ocrx_word' id='word_1_195' title='bbox 2857 1793 2959 1834; x_wconf 87' lang='lat' dir='ltr'><strong>nos</strong></span> <span class='ocrx_word' id='word_1_196' title='bbox 3011 1775 3362 1837; x_wconf 86' lang='lat' dir='ltr'><strong>absterserit,</strong></span> <span class='ocrx_word' id='word_1_197' title='bbox 3397 1774 3490 1830; x_wconf 88' lang='lat' dir='ltr'><strong>vel</strong></span> 
     </span>
    </p>
   </div>
   <div class='ocr_carea' id='block_1_32' title="bbox 237 1853 1787 1942">
    <p class='ocr_par' dir='ltr' id='par_1_32' title="bbox 237 1869 1787 1941">
     <span class='ocr_line' id='line_1_32' title="bbox 237 1869 1787 1941; baseline -0.001 -17"><span class='ocrx_word' id='word_1_198' title='bbox 237 1873 416 1940; x_wconf 70' lang='grc' dir='ltr'>φθάσας</span> <span class='ocrx_word' id='word_1_199' title='bbox 440 1871 629 1941; x_wconf 76' lang='grc' dir='ltr'>ίδεϊνῆ</span> <span class='ocrx_word' id='word_1_200' title='bbox 681 1870 1007 1941; x_wconf 82' lang='grc' dir='ltr'>ἐκκαθαριεῖ</span> <span class='ocrx_word' id='word_1_201' title='bbox 1039 1871 1144 1939; x_wconf 66' lang='grc' dir='ltr'>πρὸ</span> <span class='ocrx_word' id='word_1_202' title='bbox 1186 1869 1367 1941; x_wconf 78' lang='grc' dir='ltr'>ἡμῶν,</span> <span class='ocrx_word' id='word_1_203' title='bbox 1411 1870 1443 1939; x_wconf 82' lang='grc' dir='ltr'>ἢ</span> <span class='ocrx_word' id='word_1_204' title='bbox 1478 1870 1787 1940; x_wconf 78' lang='grc' dir='ltr'>ἐνδειξάμε-</span> 
     </span>
    </p>
   </div>
   <div class='ocr_carea' id='block_1_33' title="bbox 1899 1853 3490 1942">
    <p class='ocr_par' dir='ltr' id='par_1_33' title="bbox 1899 1853 3490 1942">
     <span class='ocr_line' id='line_1_33' title="bbox 1899 1853 3490 1942; baseline -0.009 -8"><span class='ocrx_word' id='word_1_205' title='bbox 1899 1853 2056 1934; x_wconf 85' lang='lat' dir='ltr'><strong>nobis</strong></span> <span class='ocrx_word' id='word_1_206' title='bbox 2086 1877 2338 1933; x_wconf 86' lang='lat' dir='ltr'><strong>indicans</strong></span> <span class='ocrx_word' id='word_1_207' title='bbox 2393 1875 2460 1930; x_wconf 86' lang='lat' dir='ltr'><strong>ad</strong></span> <span class='ocrx_word' id='word_1_208' title='bbox 2513 1875 2609 1928; x_wconf 90' lang='lat' dir='ltr'><strong>illa</strong></span> <span class='ocrx_word' id='word_1_209' title='bbox 2662 1872 2947 1942; x_wconf 86' lang='lat' dir='ltr'><strong>purganda</strong></span> <span class='ocrx_word' id='word_1_210' title='bbox 2994 1867 3378 1940; x_wconf 87' lang='lat' dir='ltr'><strong>provocaverit</strong></span> <span class='ocrx_word' id='word_1_211' title='bbox 3409 1866 3490 1935; x_wconf 89' lang='lat' dir='ltr'><strong>(et</strong></span> 
     </span>
    </p>
   </div>
   <div class='ocr_carea' id='block_1_34' title="bbox 238 1962 1796 2034">
    <p class='ocr_par' dir='ltr' id='par_1_34' title="bbox 238 1962 1796 2034">
     <span class='ocr_line' id='line_1_34' title="bbox 238 1962 1796 2034; baseline -0.001 -19"><span class='ocrx_word' id='word_1_212' title='bbox 238 1981 310 2025; x_wconf 86' lang='grc' dir='ltr'><strong>νος</strong></span> <span class='ocrx_word' id='word_1_213' title='bbox 335 1964 453 2033; x_wconf 73' lang='grc' dir='ltr'>ἡμῖν</span> <span class='ocrx_word' id='word_1_214' title='bbox 501 1963 908 2032; x_wconf 75' lang='grc' dir='ltr'>προκαλέσεται</span> <span class='ocrx_word' id='word_1_215' title='bbox 941 1962 1366 2034; x_wconf 69' lang='grc' dir='ltr'>ἀπορῤύψασθαι</span> <span class='ocrx_word' id='word_1_216' title='bbox 1408 1963 1488 2029; x_wconf 80' lang='grc' dir='ltr'>(τὸ</span> <span class='ocrx_word' id='word_1_217' title='bbox 1523 1962 1577 2015; x_wconf 83' lang='grc' dir='ltr'>δὲ</span> <span class='ocrx_word' id='word_1_218' title='bbox 1611 1964 1796 2032; x_wconf 76' lang='grc' dir='ltr'>ὅμοιον</span> 
     </span>
    </p>
   </div>
   <div class='ocr_carea' id='block_1_35' title="bbox 237 2053 1792 2126">
    <p class='ocr_par' dir='ltr' id='par_1_35' title="bbox 237 2053 1792 2126">
     <span class='ocr_line' id='line_1_35' title="bbox 237 2053 1792 2126; baseline 0.001 -20"><span class='ocrx_word' id='word_1_219' title='bbox 237 2056 479 2123; x_wconf 69' lang='grc' dir='ltr'>πίσχομεν</span> <span class='ocrx_word' id='word_1_220' title='bbox 503 2056 601 2108; x_wconf 75' lang='grc' dir='ltr'><strong>καὶ</strong></span> <span class='ocrx_word' id='word_1_221' title='bbox 619 2055 713 2106; x_wconf 79' lang='grc' dir='ltr'>ἐπὶ</span> <span class='ocrx_word' id='word_1_222' title='bbox 732 2056 894 2107; x_wconf 75' lang='grc' dir='ltr'>παντὶ</span> <span class='ocrx_word' id='word_1_223' title='bbox 916 2054 1096 2126; x_wconf 77' lang='grc' dir='ltr'>ῥύπῳ,</span> <span class='ocrx_word' id='word_1_224' title='bbox 1127 2053 1238 2106; x_wconf 74' lang='grc' dir='ltr'>εἴτε</span> <span class='ocrx_word' id='word_1_225' title='bbox 1260 2055 1515 2124; x_wconf 85' lang='grc' dir='ltr'>σώματος</span> <span class='ocrx_word' id='word_1_226' title='bbox 1543 2054 1652 2108; x_wconf 75' lang='grc' dir='ltr'>εἴτε</span> <span class='ocrx_word' id='word_1_227' title='bbox 1669 2055 1792 2123; x_wconf 72' lang='grc' dir='ltr'>ἱμαι</span> 
     </span>
    </p>
   </div>
   <div class='ocr_carea' id='block_1_36' title="bbox 236 2140 1798 2216">
    <p class='ocr_par' dir='ltr' id='par_1_36' title="bbox 236 2140 1798 2216">
     <span class='ocr_line' id='line_1_36' title="bbox 236 2140 1798 2216; baseline -0.001 -19"><span class='ocrx_word' id='word_1_228' title='bbox 236 2145 440 2216; x_wconf 80' lang='grc' dir='ltr'>τισμοῦ),</span> <span class='ocrx_word' id='word_1_229' title='bbox 493 2146 679 2216; x_wconf 71' lang='grc' dir='ltr'>ψυχῆς</span> <span class='ocrx_word' id='word_1_230' title='bbox 710 2147 764 2199; x_wconf 84' lang='grc' dir='ltr'><strong>δέ</strong></span> <span class='ocrx_word' id='word_1_231' title='bbox 824 2146 1239 2216; x_wconf 79' lang='grc' dir='ltr'>ἀχρειουμένης,</span> <span class='ocrx_word' id='word_1_232' title='bbox 1271 2145 1345 2208; x_wconf 83' lang='grc' dir='ltr'>ὡς</span> <span class='ocrx_word' id='word_1_233' title='bbox 1370 2140 1459 2198; x_wconf 74' lang='grc' dir='ltr'>οἷα</span> <span class='ocrx_word' id='word_1_234' title='bbox 1475 2144 1562 2198; x_wconf 83' lang='grc' dir='ltr'>διὰ</span> <span class='ocrx_word' id='word_1_235' title='bbox 1593 2144 1798 2197; x_wconf 83' lang='grc' dir='ltr'>σπιλὼ-</span> 
     </span>
    </p>
   </div>
   <div class='ocr_carea' id='block_1_37' title="bbox 239 2237 1792 2316">
    <p class='ocr_par' dir='ltr' id='par_1_37' title="bbox 239 2237 1792 2316">
     <span class='ocr_line' id='line_1_37' title="bbox 239 2237 1792 2316; baseline -0.002 -27"><span class='ocrx_word' id='word_1_236' title='bbox 239 2253 381 2305; x_wconf 77' lang='grc' dir='ltr'>ματος</span> <span class='ocrx_word' id='word_1_237' title='bbox 409 2239 730 2290; x_wconf 69' lang='grc' dir='ltr'>δευσοποιοῦ</span> <span class='ocrx_word' id='word_1_238' title='bbox 760 2255 924 2301; x_wconf 85' lang='grc' dir='ltr'>τινος,</span> <span class='ocrx_word' id='word_1_239' title='bbox 951 2238 1071 2316; x_wconf 80' lang='grc' dir='ltr'><strong>ούδέ</strong></span> <span class='ocrx_word' id='word_1_240' title='bbox 1105 2238 1336 2291; x_wconf 68' lang='grc' dir='ltr'>ἀκοῦσαι</span> <span class='ocrx_word' id='word_1_241' title='bbox 1367 2237 1694 2306; x_wconf 66' lang='grc' dir='ltr'>ἀνεχόμεθα,</span> <span class='ocrx_word' id='word_1_242' title='bbox 1717 2237 1792 2297; x_wconf 81' lang='grc' dir='ltr'>ὡς</span> 
     </span>
    </p>
   </div>
   <div class='ocr_carea' id='block_1_38' title="bbox 1901 1960 3492 2040">
    <p class='ocr_par' dir='ltr' id='par_1_38' title="bbox 1901 1960 3492 2040">
     <span class='ocr_line' id='line_1_38' title="bbox 1901 1960 3492 2040; baseline -0.006 -15"><span class='ocrx_word' id='word_1_243' title='bbox 1901 1969 1980 2025; x_wconf 88' lang='lat' dir='ltr'><strong>sic</strong></span> <span class='ocrx_word' id='word_1_244' title='bbox 2028 1968 2252 2040; x_wconf 84' lang='lat' dir='ltr'><strong>quidem</strong></span> <span class='ocrx_word' id='word_1_245' title='bbox 2305 1966 2574 2022; x_wconf 83' lang='lat' dir='ltr'><strong>sentimus</strong></span> <span class='ocrx_word' id='word_1_246' title='bbox 2627 1969 2697 2021; x_wconf 84' lang='lat' dir='ltr'><strong>de</strong></span> <span class='ocrx_word' id='word_1_247' title='bbox 2727 1964 2876 2021; x_wconf 88' lang='lat' dir='ltr'><strong>omni</strong></span> <span class='ocrx_word' id='word_1_248' title='bbox 2951 1961 3317 2024; x_wconf 88' lang='lat' dir='ltr'><strong>immunditie,</strong></span> <span class='ocrx_word' id='word_1_249' title='bbox 3371 1960 3492 2015; x_wconf 86' lang='lat' dir='ltr'><strong>sive</strong></span> 
     </span>
    </p>
   </div>
   <div class='ocr_carea' id='block_1_39' title="bbox 1899 2049 3490 2127">
    <p class='ocr_par' dir='ltr' id='par_1_39' title="bbox 1899 2049 3490 2127">
     <span class='ocr_line' id='line_1_39' title="bbox 1899 2049 3490 2127; baseline -0.006 -14"><span class='ocrx_word' id='word_1_250' title='bbox 1899 2059 2164 2127; x_wconf 85' lang='lat' dir='ltr'><strong>corporis,</strong></span> <span class='ocrx_word' id='word_1_251' title='bbox 2200 2057 2315 2112; x_wconf 86' lang='lat' dir='ltr'><strong>sive</strong></span> <span class='ocrx_word' id='word_1_252' title='bbox 2340 2056 2574 2118; x_wconf 89' lang='lat' dir='ltr'><strong>vestium</strong></span> <span class='ocrx_word' id='word_1_253' title='bbox 2606 2056 2626 2125; x_wconf 92' lang='lat'><strong>)</strong></span> <span class='ocrx_word' id='word_1_254' title='bbox 2657 2071 2672 2111; x_wconf 89' lang='lat'>:</span> <span class='ocrx_word' id='word_1_255' title='bbox 2704 2069 2826 2109; x_wconf 93' lang='lat' dir='ltr'><strong>cum</strong></span> <span class='ocrx_word' id='word_1_256' title='bbox 2874 2067 3006 2109; x_wconf 89' lang='lat' dir='ltr'><strong>vero</strong></span> <span class='ocrx_word' id='word_1_257' title='bbox 3039 2051 3223 2106; x_wconf 89' lang='lat' dir='ltr'><strong>anima</strong></span> <span class='ocrx_word' id='word_1_258' title='bbox 3251 2049 3490 2105; x_wconf 85' lang='lat' dir='ltr'><strong>dehone-</strong></span> 
     </span>
    </p>
   </div>
   <div class='ocr_carea' id='block_1_40' title="bbox 1899 2141 3506 2221">
    <p class='ocr_par' dir='ltr' id='par_1_40' title="bbox 1899 2141 3506 2221">
     <span class='ocr_line' id='line_1_40' title="bbox 1899 2141 3506 2221; baseline -0.007 -14"><span class='ocrx_word' id='word_1_259' title='bbox 1899 2161 2082 2207; x_wconf 89' lang='lat' dir='ltr'><strong>statur</strong></span> <span class='ocrx_word' id='word_1_260' title='bbox 2116 2165 2214 2221; x_wconf 90' lang='lat' dir='ltr'><strong>per</strong></span> <span class='ocrx_word' id='word_1_261' title='bbox 2248 2149 2522 2210; x_wconf 80' lang='lat' dir='ltr'><strong>maculam</strong></span> <span class='ocrx_word' id='word_1_262' title='bbox 2553 2146 2950 2217; x_wconf 80' lang='lat' dir='ltr'><strong>turpissimam.</strong></span> <span class='ocrx_word' id='word_1_263' title='bbox 3010 2158 3076 2197; x_wconf 91' lang='lat' dir='ltr'><strong>ne</strong></span> <span class='ocrx_word' id='word_1_264' title='bbox 3112 2142 3307 2198; x_wconf 88' lang='lat' dir='ltr'><strong>audire</strong></span> <span class='ocrx_word' id='word_1_265' title='bbox 3339 2141 3506 2216; x_wconf 35' lang='lat' dir='ltr'><strong>qui-l</strong></span> 
     </span>
    </p>
   </div>
   <div class='ocr_carea' id='block_1_41' title="bbox 1899 2225 3505 2304">
    <p class='ocr_par' dir='ltr' id='par_1_41' title="bbox 1899 2225 3505 2304">
     <span class='ocr_line' id='line_1_41' title="bbox 1899 2225 3505 2304; baseline -0.006 -8"><span class='ocrx_word' id='word_1_266' title='bbox 1899 2247 2021 2299; x_wconf 86' lang='lat' dir='ltr'><strong>dem</strong></span> <span class='ocrx_word' id='word_1_267' title='bbox 2052 2243 2388 2299; x_wconf 84' lang='lat' dir='ltr'><strong>sustinemus</strong></span> <span class='ocrx_word' id='word_1_268' title='bbox 2429 2241 2577 2296; x_wconf 86' lang='lat' dir='ltr'><strong>illam</strong></span> <span class='ocrx_word' id='word_1_269' title='bbox 2615 2241 2696 2295; x_wconf 90' lang='lat' dir='ltr'><strong>sic</strong></span> <span class='ocrx_word' id='word_1_270' title='bbox 2727 2237 2886 2304; x_wconf 74' lang='lat' dir='ltr'><strong>allici,</strong></span> <span class='ocrx_word' id='word_1_271' title='bbox 2915 2238 3112 2292; x_wconf 83' lang='lat' dir='ltr'><strong>nedum</strong></span> <span class='ocrx_word' id='word_1_272' title='bbox 3139 2225 3505 2304; x_wconf 75' lang='lat' dir='ltr'><strong>abstergere,</strong></span> 
     </span>
    </p>
   </div>
   <div class='ocr_carea' id='block_1_42' title="bbox 235 2326 1787 2405">
    <p class='ocr_par' dir='ltr' id='par_1_42' title="bbox 235 2327 1787 2403">
     <span class='ocr_line' id='line_1_42' title="bbox 235 2327 1787 2403; baseline 0.003 -22"><span class='ocrx_word' id='word_1_273' title='bbox 235 2327 383 2394; x_wconf 71' lang='grc' dir='ltr'>οὕτως</span> <span class='ocrx_word' id='word_1_274' title='bbox 418 2332 601 2402; x_wconf 82' lang='grc' dir='ltr'>ἐκείνη</span> <span class='ocrx_word' id='word_1_275' title='bbox 625 2332 850 2402; x_wconf 73' lang='grc' dir='ltr'>πάσχει,</span> <span class='ocrx_word' id='word_1_276' title='bbox 887 2334 961 2403; x_wconf 82' lang='grc' dir='ltr'>μὴ</span> <span class='ocrx_word' id='word_1_277' title='bbox 987 2333 1068 2386; x_wconf 77' lang='grc' dir='ltr'>ὅτι</span> <span class='ocrx_word' id='word_1_278' title='bbox 1100 2349 1162 2400; x_wconf 85' lang='grc' dir='ltr'><strong>γε</strong></span> <span class='ocrx_word' id='word_1_279' title='bbox 1187 2332 1488 2402; x_wconf 72' lang='grc' dir='ltr'>ἀπαλεῖψαι</span> <span class='ocrx_word' id='word_1_280' title='bbox 1515 2331 1706 2400; x_wconf 79' lang='grc' dir='ltr'>αὐτῆς,</span> <span class='ocrx_word' id='word_1_281' title='bbox 1743 2331 1787 2381; x_wconf 78' lang='grc' dir='ltr'><strong>εί</strong></span> 
     </span>
    </p>
   </div>
   <div class='ocr_carea' id='block_1_43' title="bbox 1899 2326 3379 2405">
    <p class='ocr_par' dir='ltr' id='par_1_43' title="bbox 1899 2326 3379 2405">
     <span class='ocr_line' id='line_1_43' title="bbox 1899 2326 3379 2405; baseline -0.007 -13"><span class='ocrx_word' id='word_1_282' title='bbox 1899 2340 1943 2394; x_wconf 88' lang='lat' dir='ltr'><strong>si</strong></span> <span class='ocrx_word' id='word_1_283' title='bbox 1978 2336 2251 2391; x_wconf 88' lang='lat' dir='ltr'><strong>dedecore</strong></span> <span class='ocrx_word' id='word_1_284' title='bbox 2273 2334 2510 2405; x_wconf 81' lang='lat' dir='ltr'><strong>quodam</strong></span> <span class='ocrx_word' id='word_1_285' title='bbox 2534 2332 2826 2388; x_wconf 88' lang='lat' dir='ltr'><strong>inhonesto</strong></span> <span class='ocrx_word' id='word_1_286' title='bbox 2853 2326 3254 2390; x_wconf 83' lang='lat' dir='ltr'><strong>commaculata</strong></span> <span class='ocrx_word' id='word_1_287' title='bbox 3282 2327 3379 2383; x_wconf 88' lang='lat' dir='ltr'><strong>sit.</strong></span> 
     </span>
    </p>
   </div>
   <div class='ocr_carea' id='block_1_44' title="bbox 237 2419 1499 2493">
    <p class='ocr_par' dir='ltr' id='par_1_44' title="bbox 237 2419 1499 2493">
     <span class='ocr_line' id='line_1_44' title="bbox 237 2419 1499 2493; baseline 0.005 -22"><span class='ocrx_word' id='word_1_288' title='bbox 237 2421 278 2472; x_wconf 85' lang='grc' dir='ltr'><strong>τί</strong></span> <span class='ocrx_word' id='word_1_289' title='bbox 311 2439 398 2474; x_wconf 73' lang='grc' dir='ltr'>που</span> <span class='ocrx_word' id='word_1_290' title='bbox 425 2423 501 2483; x_wconf 78' lang='grc' dir='ltr'>εἰς</span> <span class='ocrx_word' id='word_1_291' title='bbox 530 2419 728 2492; x_wconf 75' lang='grc' dir='ltr'>αἶσχος</span> <span class='ocrx_word' id='word_1_292' title='bbox 767 2424 987 2489; x_wconf 77' lang='grc' dir='ltr'>ἀνάξιον</span> <span class='ocrx_word' id='word_1_293' title='bbox 1020 2424 1499 2493; x_wconf 84' lang='grc' dir='ltr'>κατακέχρωσται.</span> 
     </span>
    </p>
   </div>
   <div class='ocr_carea' id='block_1_45' title="bbox 294 2513 1785 2586">
    <p class='ocr_par' dir='ltr' id='par_1_45' title="bbox 294 2513 1785 2586">
     <span class='ocr_line' id='line_1_45' title="bbox 294 2513 1785 2586; baseline 0.002 -19"><span class='ocrx_word' id='word_1_294' title='bbox 294 2513 396 2582; x_wconf 84' lang='grc' dir='ltr'>μς·’.</span> <span class='ocrx_word' id='word_1_295' title='bbox 429 2516 583 2586; x_wconf 73' lang='grc' dir='ltr'>Τάχα</span> <span class='ocrx_word' id='word_1_296' title='bbox 624 2516 734 2582; x_wconf 67' lang='grc' dir='ltr'><strong>γὰρ</strong></span> <span class='ocrx_word' id='word_1_297' title='bbox 763 2515 1093 2585; x_wconf 70' lang='grc' dir='ltr'>λογιζόμεθα</span> <span class='ocrx_word' id='word_1_298' title='bbox 1132 2517 1286 2570; x_wconf 75' lang='grc' dir='ltr'>οὐδὲν</span> <span class='ocrx_word' id='word_1_299' title='bbox 1324 2516 1388 2571; x_wconf 78' lang='grc' dir='ltr'><strong>ἂν</strong></span> <span class='ocrx_word' id='word_1_300' title='bbox 1427 2517 1633 2570; x_wconf 87' lang='grc' dir='ltr'>δούλων</span> <span class='ocrx_word' id='word_1_301' title='bbox 1665 2518 1785 2571; x_wconf 86' lang='grc' dir='ltr'>δια·</span> 
     </span>
    </p>
   </div>
   <div class='ocr_carea' id='block_1_46' title="bbox 237 2607 1790 2678">
    <p class='ocr_par' dir='ltr' id='par_1_46' title="bbox 237 2607 1790 2678">
     <span class='ocr_line' id='line_1_46' title="bbox 237 2607 1790 2678; baseline 0.003 -22"><span class='ocrx_word' id='word_1_302' title='bbox 237 2607 394 2674; x_wconf 72' lang='grc' dir='ltr'>φέρειν</span> <span class='ocrx_word' id='word_1_303' title='bbox 429 2607 616 2675; x_wconf 78' lang='grc' dir='ltr'>ἡμεῖς,</span> <span class='ocrx_word' id='word_1_304' title='bbox 643 2608 764 2660; x_wconf 71' lang='grc' dir='ltr'>οὐδὲ</span> <span class='ocrx_word' id='word_1_305' title='bbox 811 2607 917 2676; x_wconf 77' lang='grc' dir='ltr'>μὴν</span> <span class='ocrx_word' id='word_1_306' title='bbox 967 2608 1293 2678; x_wconf 81' lang='grc' dir='ltr'>παιδαρίων,</span> <span class='ocrx_word' id='word_1_307' title='bbox 1337 2608 1433 2662; x_wconf 77' lang='grc' dir='ltr'>ἐὰν</span> <span class='ocrx_word' id='word_1_308' title='bbox 1477 2609 1790 2662; x_wconf 84' lang='grc' dir='ltr'>ἐπιτασσώ-</span> 
     </span>
    </p>
   </div>
   <div class='ocr_carea' id='block_1_47' title="bbox 237 2697 1787 2770">
    <p class='ocr_par' dir='ltr' id='par_1_47' title="bbox 237 2697 1787 2770">
     <span class='ocr_line' id='line_1_47' title="bbox 237 2697 1787 2770; baseline 0.003 -22"><span class='ocrx_word' id='word_1_309' title='bbox 237 2697 372 2764; x_wconf 79' lang='grc' dir='ltr'>μεθα,</span> <span class='ocrx_word' id='word_1_310' title='bbox 419 2701 508 2752; x_wconf 70' lang='grc' dir='ltr'><strong>καὶ</strong></span> <span class='ocrx_word' id='word_1_311' title='bbox 552 2698 802 2753; x_wconf 77' lang='grc' dir='ltr'>ὑπείκειν</span> <span class='ocrx_word' id='word_1_312' title='bbox 830 2699 1174 2769; x_wconf 84' lang='grc' dir='ltr'>ἐναγώμεθα.</span> <span class='ocrx_word' id='word_1_313' title='bbox 1221 2700 1377 2770; x_wconf 83' lang='grc' dir='ltr'>Τάχα</span> <span class='ocrx_word' id='word_1_314' title='bbox 1406 2700 1464 2753; x_wconf 82' lang='grc' dir='ltr'>δέ</span> <span class='ocrx_word' id='word_1_315' title='bbox 1506 2717 1610 2753; x_wconf 86' lang='grc' dir='ltr'>που</span> <span class='ocrx_word' id='word_1_316' title='bbox 1645 2700 1787 2768; x_wconf 79' lang='grc' dir='ltr'>ὑπὲρ</span> 
     </span>
    </p>
   </div>
   <div class='ocr_carea' id='block_1_48' title="bbox 232 2790 1787 2863">
    <p class='ocr_par' dir='ltr' id='par_1_48' title="bbox 232 2790 1787 2863">
     <span class='ocr_line' id='line_1_48' title="bbox 232 2790 1787 2863; baseline 0.005 -23"><span class='ocrx_word' id='word_1_317' title='bbox 232 2790 279 2842; x_wconf 80' lang='grc' dir='ltr'>τὸ</span> <span class='ocrx_word' id='word_1_318' title='bbox 294 2792 393 2845; x_wconf 79' lang='grc' dir='ltr'>δέον</span> <span class='ocrx_word' id='word_1_319' title='bbox 424 2793 917 2862; x_wconf 75' lang='grc' dir='ltr'>μεγαλοτοιοῦντες</span> <span class='ocrx_word' id='word_1_320' title='bbox 969 2794 1118 2863; x_wconf 79' lang='grc' dir='ltr'>ἡμᾶς</span> <span class='ocrx_word' id='word_1_321' title='bbox 1143 2795 1371 2859; x_wconf 80' lang='grc' dir='ltr'>αὐτοὺς,</span> <span class='ocrx_word' id='word_1_322' title='bbox 1427 2793 1665 2863; x_wconf 80' lang='grc' dir='ltr'>λέγομεν</span> <span class='ocrx_word' id='word_1_323' title='bbox 1690 2798 1787 2850; x_wconf 76' lang='grc' dir='ltr'>καὶ</span> 
     </span>
    </p>
   </div>
   <div class='ocr_carea' id='block_1_49' title="bbox 235 2882 1784 2955">
    <p class='ocr_par' dir='ltr' id='par_1_49' title="bbox 235 2882 1784 2955">
     <span class='ocr_line' id='line_1_49' title="bbox 235 2882 1784 2955; baseline 0.005 -23"><span class='ocrx_word' id='word_1_324' title='bbox 235 2882 380 2947; x_wconf 66' lang='grc' dir='ltr'>αὐτοὶ,</span> <span class='ocrx_word' id='word_1_325' title='bbox 412 2885 483 2949; x_wconf 78' lang='grc' dir='ltr'><strong>ῶς</strong></span> <span class='ocrx_word' id='word_1_326' title='bbox 511 2886 562 2937; x_wconf 80' lang='grc' dir='ltr'>οἱ</span> <span class='ocrx_word' id='word_1_327' title='bbox 587 2885 886 2953; x_wconf 81' lang='grc' dir='ltr'>τηλικοίδε,</span> <span class='ocrx_word' id='word_1_328' title='bbox 941 2885 1036 2936; x_wconf 73' lang='grc' dir='ltr'><strong>καὶ</strong></span> <span class='ocrx_word' id='word_1_329' title='bbox 1087 2883 1418 2954; x_wconf 77' lang='grc' dir='ltr'>διδαξόμεθα</span> <span class='ocrx_word' id='word_1_330' title='bbox 1461 2885 1548 2953; x_wconf 78' lang='grc' dir='ltr'><strong>δή.</strong></span> <span class='ocrx_word' id='word_1_331' title='bbox 1594 2888 1784 2955; x_wconf 77' lang='lat' dir='ltr'><strong>[lapa-</strong></span> 
     </span>
    </p>
   </div>
   <div class='ocr_carea' id='block_1_50' title="bbox 234 2976 1786 3048">
    <p class='ocr_par' dir='ltr' id='par_1_50' title="bbox 234 2976 1786 3048">
     <span class='ocr_line' id='line_1_50' title="bbox 234 2976 1786 3048; baseline 0.001 -20"><span class='ocrx_word' id='word_1_332' title='bbox 234 2977 448 3043; x_wconf 69' lang='grc' dir='ltr'>φαίνεται</span> <span class='ocrx_word' id='word_1_333' title='bbox 479 2977 535 3028; x_wconf 74' lang='grc' dir='ltr'><strong>δέ</strong></span> <span class='ocrx_word' id='word_1_334' title='bbox 569 2979 683 3038; x_wconf 86' lang='grc' dir='ltr'>τοῖς</span> <span class='ocrx_word' id='word_1_335' title='bbox 718 2978 776 3028; x_wconf 77' lang='grc' dir='ltr'><strong>οὐ</strong></span> <span class='ocrx_word' id='word_1_336' title='bbox 807 2977 1096 3046; x_wconf 75' lang='grc' dir='ltr'>φρονοῦσιν</span> <span class='ocrx_word' id='word_1_337' title='bbox 1135 2977 1294 3045; x_wconf 68' lang='grc' dir='ltr'>ὀρθὰ,</span> <span class='ocrx_word' id='word_1_338' title='bbox 1353 2977 1448 3030; x_wconf 77' lang='grc' dir='ltr'><strong>καὶ</strong></span> <span class='ocrx_word' id='word_1_339' title='bbox 1489 2976 1566 3039; x_wconf 84' lang='grc' dir='ltr'>ὡς</span> <span class='ocrx_word' id='word_1_340' title='bbox 1608 2981 1786 3048; x_wconf 76' lang='grc' dir='ltr'>ἀφρο-</span> 
     </span>
    </p>
   </div>
   <div class='ocr_carea' id='block_1_51' title="bbox 234 3069 1784 3141">
    <p class='ocr_par' dir='ltr' id='par_1_51' title="bbox 234 3069 1784 3141">
     <span class='ocr_line' id='line_1_51' title="bbox 234 3069 1784 3141; baseline 0.017 -25"><span class='ocrx_word' id='word_1_341' title='bbox 234 3069 369 3136; x_wconf 73' lang='grc' dir='ltr'>σύνης</span> <span class='ocrx_word' id='word_1_342' title='bbox 397 3069 649 3139; x_wconf 77' lang='grc' dir='ltr'>ἔγκλημα</span> <span class='ocrx_word' id='word_1_343' title='bbox 679 3069 1004 3122; x_wconf 76' lang='grc' dir='ltr'>ἐπικλᾶσθαι</span> <span class='ocrx_word' id='word_1_344' title='bbox 1027 3071 1179 3139; x_wconf 71' lang='grc' dir='ltr'>ἡμῖν,</span> <span class='ocrx_word' id='word_1_345' title='bbox 1226 3071 1316 3123; x_wconf 84' lang='grc' dir='ltr'><strong>ὅτε</strong></span> <span class='ocrx_word' id='word_1_346' title='bbox 1357 3069 1674 3140; x_wconf 76' lang='grc' dir='ltr'>δρῶντες,ἅ</span> <span class='ocrx_word' id='word_1_347' title='bbox 1708 3071 1784 3141; x_wconf 67' lang='grc' dir='ltr'><strong>μὴ</strong></span> 
     </span>
    </p>
   </div>
   <div class='ocr_carea' id='block_1_52' title="bbox 1965 2508 3492 2584">
    <p class='ocr_par' dir='ltr' id='par_1_52' title="bbox 1965 2508 3492 2584">
     <span class='ocr_line' id='line_1_52' title="bbox 1965 2508 3492 2584; baseline -0.009 -4"><span class='ocrx_word' id='word_1_348' title='bbox 1965 2524 2056 2580; x_wconf 69' lang='grc'><strong>46.</strong></span> <span class='ocrx_word' id='word_1_349' title='bbox 2088 2523 2504 2581; x_wconf 82' lang='lat' dir='ltr'><strong>Fortasseenim</strong></span> <span class='ocrx_word' id='word_1_350' title='bbox 2522 2518 2656 2578; x_wconf 84' lang='lat' dir='ltr'><strong>nihil</strong></span> <span class='ocrx_word' id='word_1_351' title='bbox 2680 2533 2710 2578; x_wconf 66' lang='grc' dir='ltr'><strong>ει</strong></span> <span class='ocrx_word' id='word_1_352' title='bbox 2736 2517 2910 2573; x_wconf 85' lang='lat' dir='ltr'><strong>servis</strong></span> <span class='ocrx_word' id='word_1_353' title='bbox 2935 2521 3032 2569; x_wconf 84' lang='lat' dir='ltr'><strong>aut</strong></span> <span class='ocrx_word' id='word_1_354' title='bbox 3054 2513 3240 2584; x_wconf 88' lang='lat' dir='ltr'><strong>pueris</strong></span> <span class='ocrx_word' id='word_1_355' title='bbox 3267 2508 3492 2566; x_wconf 78' lang='lat' dir='ltr'><strong>dill&#39;erre</strong></span> 
     </span>
    </p>
   </div>
   <div class='ocr_carea' id='block_1_53' title="bbox 1894 2606 3492 2682">
    <p class='ocr_par' dir='ltr' id='par_1_53' title="bbox 1894 2606 3492 2682">
     <span class='ocr_line' id='line_1_53' title="bbox 1894 2606 3492 2682; baseline -0.011 -9"><span class='ocrx_word' id='word_1_356' title='bbox 1894 2617 2052 2674; x_wconf 90' lang='lat' dir='ltr'><strong>nobis</strong></span> <span class='ocrx_word' id='word_1_357' title='bbox 2088 2617 2361 2680; x_wconf 87' lang='lat' dir='ltr'><strong>videmur,</strong></span> <span class='ocrx_word' id='word_1_358' title='bbox 2420 2615 2469 2671; x_wconf 90' lang='lat' dir='ltr'><strong>si</strong></span> <span class='ocrx_word' id='word_1_359' title='bbox 2513 2619 2784 2682; x_wconf 80' lang='lat' dir='ltr'><strong>praecepta</strong></span> <span class='ocrx_word' id='word_1_360' title='bbox 2830 2607 2989 2664; x_wconf 85' lang='lat' dir='ltr'><strong>nobis</strong></span> <span class='ocrx_word' id='word_1_361' title='bbox 3040 2606 3396 2676; x_wconf 85' lang='lat' dir='ltr'><strong>imponantur</strong></span> <span class='ocrx_word' id='word_1_362' title='bbox 3435 2609 3492 2657; x_wconf 89' lang='lat' dir='ltr'><strong>et.</strong></span> 
     </span>
    </p>
   </div>
   <div class='ocr_carea' id='block_1_54' title="bbox 1892 2696 3491 2779">
    <p class='ocr_par' dir='ltr' id='par_1_54' title="bbox 1892 2696 3491 2779">
     <span class='ocr_line' id='line_1_54' title="bbox 1892 2696 3491 2779; baseline -0.009 -13"><span class='ocrx_word' id='word_1_363' title='bbox 1892 2711 1959 2766; x_wconf 88' lang='lat' dir='ltr'><strong>ad</strong></span> <span class='ocrx_word' id='word_1_364' title='bbox 2045 2725 2253 2764; x_wconf 87' lang='lat' dir='ltr'><strong>morem</strong></span> <span class='ocrx_word' id='word_1_365' title='bbox 2329 2707 2632 2779; x_wconf 84' lang='lat' dir='ltr'><strong>gerendum</strong></span> <span class='ocrx_word' id='word_1_366' title='bbox 2705 2703 3146 2771; x_wconf 83' lang='lat' dir='ltr'><strong>obstringamur.</strong></span> <span class='ocrx_word' id='word_1_367' title='bbox 3229 2696 3491 2751; x_wconf 78' lang='lat' dir='ltr'><strong>Fortasse</strong></span> 
     </span>
    </p>
   </div>
   <div class='ocr_carea' id='block_1_55' title="bbox 1897 2789 3486 2873">
    <p class='ocr_par' dir='ltr' id='par_1_55' title="bbox 1897 2789 3486 2873">
     <span class='ocr_line' id='line_1_55' title="bbox 1897 2789 3486 2873; baseline -0.011 -14"><span class='ocrx_word' id='word_1_368' title='bbox 1897 2804 2066 2860; x_wconf 84' lang='lat' dir='ltr'><strong>altius</strong></span> <span class='ocrx_word' id='word_1_369' title='bbox 2101 2816 2266 2873; x_wconf 87' lang='lat' dir='ltr'><strong>quam</strong></span> <span class='ocrx_word' id='word_1_370' title='bbox 2327 2802 2484 2856; x_wconf 85' lang='lat' dir='ltr'><strong>decet</strong></span> <span class='ocrx_word' id='word_1_371' title='bbox 2528 2799 2597 2854; x_wconf 89' lang='lat' dir='ltr'><strong>de</strong></span> <span class='ocrx_word' id='word_1_372' title='bbox 2656 2796 2812 2852; x_wconf 87' lang='lat' dir='ltr'><strong>nobis</strong></span> <span class='ocrx_word' id='word_1_373' title='bbox 2861 2794 3162 2850; x_wconf 85' lang='lat' dir='ltr'><strong>sentientes</strong></span> <span class='ocrx_word' id='word_1_374' title='bbox 3209 2789 3486 2845; x_wconf 86' lang='lat' dir='ltr'><strong>dicimus:</strong></span> 
     </span>
    </p>
   </div>
   <div class='ocr_carea' id='block_1_56' title="bbox 1901 2880 3493 2963">
    <p class='ocr_par' dir='ltr' id='par_1_56' title="bbox 1901 2880 3493 2963">
     <span class='ocr_line' id='line_1_56' title="bbox 1901 2880 3493 2963; baseline -0.01 -13"><span class='ocrx_word' id='word_1_375' title='bbox 1901 2898 1980 2950; x_wconf 83' lang='lat' dir='ltr'><strong>Eu</strong></span> <span class='ocrx_word' id='word_1_376' title='bbox 2012 2910 2138 2962; x_wconf 87' lang='lat' dir='ltr'><strong>nos,</strong></span> <span class='ocrx_word' id='word_1_377' title='bbox 2162 2894 2254 2963; x_wconf 89' lang='lat' dir='ltr'><strong>qui</strong></span> <span class='ocrx_word' id='word_1_378' title='bbox 2289 2893 2359 2948; x_wconf 84' lang='lat' dir='ltr'><strong>ab</strong></span> <span class='ocrx_word' id='word_1_379' title='bbox 2400 2891 2508 2951; x_wconf 83' lang='lat' dir='ltr'><strong>illis</strong></span> <span class='ocrx_word' id='word_1_380' title='bbox 2541 2888 2926 2948; x_wconf 78' lang='lat' dir='ltr'><strong>instruamur!</strong></span> <span class='ocrx_word' id='word_1_381' title='bbox 2961 2885 3030 2942; x_wconf 84' lang='lat' dir='ltr'><strong>Et</strong></span> <span class='ocrx_word' id='word_1_382' title='bbox 3056 2883 3315 2954; x_wconf 89' lang='lat' dir='ltr'><strong>quoniam</strong></span> <span class='ocrx_word' id='word_1_383' title='bbox 3350 2880 3493 2935; x_wconf 86' lang='lat' dir='ltr'><strong>haud</strong></span> 
     </span>
    </p>
   </div>
   <div class='ocr_carea' id='block_1_57' title="bbox 1895 2972 3488 3053">
    <p class='ocr_par' dir='ltr' id='par_1_57' title="bbox 1895 2972 3488 3053">
     <span class='ocr_line' id='line_1_57' title="bbox 1895 2972 3488 3053; baseline -0.011 -11"><span class='ocrx_word' id='word_1_384' title='bbox 1895 2997 2045 3044; x_wconf 83' lang='lat' dir='ltr'><strong>recte</strong></span> <span class='ocrx_word' id='word_1_385' title='bbox 2094 2987 2386 3049; x_wconf 86' lang='lat' dir='ltr'><strong>sentimus,</strong></span> <span class='ocrx_word' id='word_1_386' title='bbox 2450 2981 2772 3053; x_wconf 77' lang='lat' dir='ltr'><strong>ignorantiae</strong></span> <span class='ocrx_word' id='word_1_387' title='bbox 2829 2979 3037 3038; x_wconf 88' lang='lat' dir='ltr'><strong>crimen</strong></span> <span class='ocrx_word' id='word_1_388' title='bbox 3104 2976 3262 3030; x_wconf 81' lang='lat' dir='ltr'><strong>nobis</strong></span> <span class='ocrx_word' id='word_1_389' title='bbox 3319 2972 3488 3040; x_wconf 73' lang='lat' dir='ltr'><strong>obiici</strong></span> 
     </span>
    </p>
   </div>
   <div class='ocr_carea' id='block_1_58' title="bbox 1888 3067 3493 3148">
    <p class='ocr_par' dir='ltr' id='par_1_58' title="bbox 1888 3067 3493 3148">
     <span class='ocr_line' id='line_1_58' title="bbox 1888 3067 3493 3148; baseline -0.006 -18"><span class='ocrx_word' id='word_1_390' title='bbox 1888 3081 2212 3148; x_wconf 81' lang='lat' dir='ltr'><strong>opinamur,</strong></span> <span class='ocrx_word' id='word_1_391' title='bbox 2263 3075 2484 3148; x_wconf 85' lang='lat' dir='ltr'><strong>quando</strong></span> <span class='ocrx_word' id='word_1_392' title='bbox 2522 3089 2585 3129; x_wconf 90' lang='lat' dir='ltr'><strong>ea</strong></span> <span class='ocrx_word' id='word_1_393' title='bbox 2628 3088 2750 3144; x_wconf 69' lang='lat' dir='ltr'><strong>qua!</strong></span> <span class='ocrx_word' id='word_1_394' title='bbox 2803 3085 2912 3142; x_wconf 80' lang='lat' dir='ltr'><strong>non</strong></span> <span class='ocrx_word' id='word_1_395' title='bbox 2972 3077 3188 3136; x_wconf 84' lang='lat' dir='ltr'><strong>oportet</strong></span> <span class='ocrx_word' id='word_1_396' title='bbox 3228 3067 3493 3121; x_wconf 71' lang='lat' dir='ltr'><strong>facientes</strong></span> 
     </span>
    </p>
   </div>
   <div class='ocr_carea' id='block_1_59' title="bbox 231 3155 1787 3258">
    <p class='ocr_par' dir='ltr' id='par_1_59' title="bbox 231 3159 1782 3230">
     <span class='ocr_line' id='line_1_59' title="bbox 231 3159 1782 3230; baseline 0.001 -18"><span class='ocrx_word' id='word_1_397' title='bbox 231 3161 401 3230; x_wconf 79' lang='grc' dir='ltr'>χρεὼν,</span> <span class='ocrx_word' id='word_1_398' title='bbox 439 3161 789 3230; x_wconf 77' lang='grc' dir='ltr'>μανθάνομεν</span> <span class='ocrx_word' id='word_1_399' title='bbox 817 3161 877 3213; x_wconf 81' lang='grc' dir='ltr'><strong>οὐ</strong></span> <span class='ocrx_word' id='word_1_400' title='bbox 907 3161 1052 3212; x_wconf 68' lang='grc' dir='ltr'>καλὰ</span> <span class='ocrx_word' id='word_1_401' title='bbox 1081 3162 1279 3219; x_wconf 77' lang='grc' dir='ltr'>ποιεῖν,</span> <span class='ocrx_word' id='word_1_402' title='bbox 1320 3160 1416 3212; x_wconf 80' lang='grc' dir='ltr'>καὶ</span> <span class='ocrx_word' id='word_1_403' title='bbox 1467 3159 1613 3214; x_wconf 74' lang='grc' dir='ltr'>οὕτω</span> <span class='ocrx_word' id='word_1_404' title='bbox 1667 3161 1782 3214; x_wconf 86' lang='grc' dir='ltr'>δια-</span> 
     </span>
    </p>
   </div>
   <div class='ocr_carea' id='block_1_60' title="bbox 1899 3155 3489 3258">
    <p class='ocr_par' dir='ltr' id='par_1_60' title="bbox 1899 3155 3489 3237">
     <span class='ocr_line' id='line_1_60' title="bbox 1899 3155 3489 3237; baseline -0.01 -14"><span class='ocrx_word' id='word_1_405' title='bbox 1899 3169 2036 3224; x_wconf 82' lang='lat' dir='ltr'><strong>ltaud</strong></span> <span class='ocrx_word' id='word_1_406' title='bbox 2060 3171 2198 3225; x_wconf 89' lang='lat' dir='ltr'><strong>bene</strong></span> <span class='ocrx_word' id='word_1_407' title='bbox 2225 3183 2390 3237; x_wconf 83' lang='lat' dir='ltr'><strong>agere</strong></span> <span class='ocrx_word' id='word_1_408' title='bbox 2419 3181 2520 3223; x_wconf 90' lang='lat' dir='ltr'><strong>nos</strong></span> <span class='ocrx_word' id='word_1_409' title='bbox 2545 3165 2820 3226; x_wconf 85' lang='lat' dir='ltr'><strong>audimus,</strong></span> <span class='ocrx_word' id='word_1_410' title='bbox 2848 3172 2903 3218; x_wconf 90' lang='lat' dir='ltr'><strong>et</strong></span> <span class='ocrx_word' id='word_1_411' title='bbox 2922 3162 3168 3231; x_wconf 82' lang='lat' dir='ltr'><strong>quando,</strong></span> <span class='ocrx_word' id='word_1_412' title='bbox 3196 3159 3278 3213; x_wconf 88' lang='lat' dir='ltr'><strong>sic</strong></span> <span class='ocrx_word' id='word_1_413' title='bbox 3307 3155 3489 3212; x_wconf 65' lang='lat' dir='ltr'><strong>allecti</strong></span> 
     </span>
    </p>
   </div>
   <div class='ocr_carea' id='block_1_61' title="bbox 232 3247 1788 3322">
    <p class='ocr_par' dir='ltr' id='par_1_61' title="bbox 232 3247 1788 3322">
     <span class='ocr_line' id='line_1_61' title="bbox 232 3247 1788 3322; baseline 0 -16"><span class='ocrx_word' id='word_1_414' title='bbox 232 3256 437 3322; x_wconf 68' lang='grc' dir='ltr'>κείμενοι</span> <span class='ocrx_word' id='word_1_415' title='bbox 468 3254 568 3306; x_wconf 74' lang='grc' dir='ltr'><strong>καὶ</strong></span> <span class='ocrx_word' id='word_1_416' title='bbox 597 3252 960 3321; x_wconf 69' lang='grc' dir='ltr'>κωφεύοντες,</span> <span class='ocrx_word' id='word_1_417' title='bbox 986 3251 1074 3320; x_wconf 75' lang='grc' dir='ltr'><strong>ἐφ’</strong></span> <span class='ocrx_word' id='word_1_418' title='bbox 1095 3247 1175 3314; x_wconf 74' lang='grc' dir='ltr'>οἷς</span> <span class='ocrx_word' id='word_1_419' title='bbox 1205 3251 1431 3314; x_wconf 59' lang='grc' dir='ltr'>δεόντω,</span> <span class='ocrx_word' id='word_1_420' title='bbox 1489 3251 1788 3321; x_wconf 86' lang='grc' dir='ltr'>παραινού-</span> 
     </span>
    </p>
   </div>
   <div class='ocr_carea' id='block_1_62' title="bbox 234 3340 1787 3414">
    <p class='ocr_par' dir='ltr' id='par_1_62' title="bbox 234 3340 1787 3414">
     <span class='ocr_line' id='line_1_62' title="bbox 234 3340 1787 3414; baseline -0.003 -18"><span class='ocrx_word' id='word_1_421' title='bbox 234 3346 364 3413; x_wconf 76' lang='grc' dir='ltr'>μεθα.</span> <span class='ocrx_word' id='word_1_422' title='bbox 395 3348 487 3398; x_wconf 72' lang='grc' dir='ltr'><strong>καὶ</strong></span> <span class='ocrx_word' id='word_1_423' title='bbox 521 3343 980 3414; x_wconf 77' lang='grc' dir='ltr'>ύπεραχθόμενοι,</span> <span class='ocrx_word' id='word_1_424' title='bbox 1016 3342 1277 3411; x_wconf 78' lang='grc' dir='ltr'>ἐοίκαμεν</span> <span class='ocrx_word' id='word_1_425' title='bbox 1311 3343 1414 3394; x_wconf 72' lang='grc' dir='ltr'><strong>οὐκ</strong></span> <span class='ocrx_word' id='word_1_426' title='bbox 1458 3340 1606 3411; x_wconf 80' lang='grc' dir='ltr'>ἔχειν</span> <span class='ocrx_word' id='word_1_427' title='bbox 1632 3358 1787 3394; x_wconf 86' lang='grc' dir='ltr'>συνι-</span> 
     </span>
    </p>
   </div>
   <div class='ocr_carea' id='block_1_63' title="bbox 232 3433 1790 3505">
    <p class='ocr_par' dir='ltr' id='par_1_63' title="bbox 232 3433 1790 3505">
     <span class='ocr_line' id='line_1_63' title="bbox 232 3433 1790 3505; baseline -0.002 -16"><span class='ocrx_word' id='word_1_428' title='bbox 232 3437 340 3503; x_wconf 83' lang='grc' dir='ltr'>δεῖν,</span> <span class='ocrx_word' id='word_1_429' title='bbox 366 3441 438 3491; x_wconf 68' lang='lat' dir='ltr'><strong>Et:</strong></span> <span class='ocrx_word' id='word_1_430' title='bbox 471 3438 708 3500; x_wconf 73' lang='grc' dir='ltr'>ἕκαστος</span> <span class='ocrx_word' id='word_1_431' title='bbox 733 3435 1020 3505; x_wconf 81' lang='grc' dir='ltr'>ἄνθρωπος</span> <span class='ocrx_word' id='word_1_432' title='bbox 1050 3435 1131 3496; x_wconf 79' lang='grc' dir='ltr'><strong>είς</strong></span> <span class='ocrx_word' id='word_1_433' title='bbox 1159 3434 1312 3488; x_wconf 76' lang='grc' dir='ltr'>οὐδὲν</span> <span class='ocrx_word' id='word_1_434' title='bbox 1349 3433 1790 3505; x_wconf 79' lang='grc' dir='ltr'>ἀρετῆςέρχεται</span> 
     </span>
    </p>
   </div>
   <div class='ocr_carea' id='block_1_64' title="bbox 233 3523 1789 3596">
    <p class='ocr_par' dir='ltr' id='par_1_64' title="bbox 233 3523 1789 3596">
     <span class='ocr_line' id='line_1_64' title="bbox 233 3523 1789 3596; baseline -0.004 -15"><span class='ocrx_word' id='word_1_435' title='bbox 233 3529 368 3596; x_wconf 72' lang='grc' dir='ltr'>μόνος</span> <span class='ocrx_word' id='word_1_436' title='bbox 397 3529 558 3590; x_wconf 76' lang='grc' dir='ltr'>αὐτὸς</span> <span class='ocrx_word' id='word_1_437' title='bbox 590 3527 712 3580; x_wconf 80' lang='grc' dir='ltr'>καθ’</span> <span class='ocrx_word' id='word_1_438' title='bbox 753 3526 971 3590; x_wconf 78' lang='grc' dir='ltr'>ἑαυτὸν,</span> <span class='ocrx_word' id='word_1_439' title='bbox 1018 3525 1155 3579; x_wconf 85' lang='grc' dir='ltr'><strong>ἀλλά</strong></span> <span class='ocrx_word' id='word_1_440' title='bbox 1185 3526 1326 3579; x_wconf 83' lang='grc' dir='ltr'><strong>κατά</strong></span> <span class='ocrx_word' id='word_1_441' title='bbox 1371 3526 1472 3596; x_wconf 79' lang='grc' dir='ltr'><strong>τὴν</strong></span> <span class='ocrx_word' id='word_1_442' title='bbox 1498 3526 1555 3577; x_wconf 87' lang='grc' dir='ltr'><strong>ἐν</strong></span> <span class='ocrx_word' id='word_1_443' title='bbox 1604 3523 1789 3594; x_wconf 81' lang='grc' dir='ltr'>πολλῷ</span> 
     </span>
    </p>
   </div>
   <div class='ocr_carea' id='block_1_65' title="bbox 235 3617 1789 3689">
    <p class='ocr_par' dir='ltr' id='par_1_65' title="bbox 235 3617 1789 3689">
     <span class='ocr_line' id='line_1_65' title="bbox 235 3617 1789 3689; baseline 0 -19"><span class='ocrx_word' id='word_1_444' title='bbox 235 3620 420 3686; x_wconf 76' lang='grc' dir='ltr'>μεγέθει</span> <span class='ocrx_word' id='word_1_445' title='bbox 445 3620 758 3687; x_wconf 77' lang='grc' dir='ltr'>λελόγισται</span> <span class='ocrx_word' id='word_1_446' title='bbox 790 3617 1110 3688; x_wconf 87' lang='grc' dir='ltr'>στιγμιαίαν</span> <span class='ocrx_word' id='word_1_447' title='bbox 1140 3618 1439 3689; x_wconf 80' lang='grc' dir='ltr'>ἀμέρειαν.</span> <span class='ocrx_word' id='word_1_448' title='bbox 1484 3617 1597 3672; x_wconf 70' lang='grc' dir='ltr'><strong>Καὶ</strong></span> <span class='ocrx_word' id='word_1_449' title='bbox 1623 3618 1789 3689; x_wconf 78' lang='grc' dir='ltr'>δῆλον</span> 
     </span>
    </p>
   </div>
   <div class='ocr_carea' id='block_1_66' title="bbox 233 3710 1790 3781">
    <p class='ocr_par' dir='ltr' id='par_1_66' title="bbox 233 3710 1790 3781">
     <span class='ocr_line' id='line_1_66' title="bbox 233 3710 1790 3781; baseline 0.001 -19"><span class='ocrx_word' id='word_1_450' title='bbox 233 3711 342 3763; x_wconf 72' lang='grc' dir='ltr'><strong>αὖτό</strong></span> <span class='ocrx_word' id='word_1_451' title='bbox 365 3715 472 3775; x_wconf 84' lang='grc' dir='ltr'>τοῖς</span> <span class='ocrx_word' id='word_1_452' title='bbox 506 3713 812 3781; x_wconf 79' lang='grc' dir='ltr'>ἐπάγουσιν</span> <span class='ocrx_word' id='word_1_453' title='bbox 827 3711 888 3764; x_wconf 83' lang='grc' dir='ltr'><strong>ἐν</strong></span> <span class='ocrx_word' id='word_1_454' title='bbox 919 3710 997 3781; x_wconf 81' lang='grc' dir='ltr'>τῷ</span> <span class='ocrx_word' id='word_1_455' title='bbox 1021 3710 1110 3764; x_wconf 81' lang='grc' dir='ltr'>διὰ</span> <span class='ocrx_word' id='word_1_456' title='bbox 1137 3710 1381 3781; x_wconf 83' lang='grc' dir='ltr'>μερικῶν</span> <span class='ocrx_word' id='word_1_457' title='bbox 1404 3710 1618 3780; x_wconf 77' lang='grc' dir='ltr'>ἀρετῶν</span> <span class='ocrx_word' id='word_1_458' title='bbox 1652 3712 1790 3765; x_wconf 75' lang='grc' dir='ltr'>ἰέναι</span> 
     </span>
    </p>
   </div>
   <div class='ocr_carea' id='block_1_67' title="bbox 237 3803 1788 3875">
    <p class='ocr_par' dir='ltr' id='par_1_67' title="bbox 237 3803 1788 3875">
     <span class='ocr_line' id='line_1_67' title="bbox 237 3803 1788 3875; baseline 0.001 -21"><span class='ocrx_word' id='word_1_459' title='bbox 237 3806 676 3875; x_wconf 58' lang='grc' dir='ltr'>φιλοσοφώτερον,</span> <span class='ocrx_word' id='word_1_460' title='bbox 744 3805 840 3860; x_wconf 62' lang='grc' dir='ltr'><strong>καὶ</strong></span> <span class='ocrx_word' id='word_1_461' title='bbox 901 3804 1208 3875; x_wconf 84' lang='grc' dir='ltr'>παροιμίαν</span> <span class='ocrx_word' id='word_1_462' title='bbox 1259 3803 1362 3874; x_wconf 85' lang='grc' dir='ltr'><strong>μὲν</strong></span> <span class='ocrx_word' id='word_1_463' title='bbox 1427 3807 1788 3874; x_wconf 84' lang='grc' dir='ltr'>προαγαγεῖν,</span> 
     </span>
    </p>
   </div>
   <div class='ocr_carea' id='block_1_68' title="bbox 231 3890 1789 3967">
    <p class='ocr_par' dir='ltr' id='par_1_68' title="bbox 231 3890 1789 3967">
     <span class='ocr_line' id='line_1_68' title="bbox 231 3890 1789 3967; baseline 0 -17"><span class='ocrx_word' id='word_1_464' title='bbox 231 3890 283 3966; x_wconf 75' lang='grc' dir='ltr'>ἧς</span> <span class='ocrx_word' id='word_1_465' title='bbox 310 3899 607 3967; x_wconf 66' lang='grc' dir='ltr'>ἀπόφανσις</span> <span class='ocrx_word' id='word_1_466' title='bbox 636 3897 720 3949; x_wconf 78' lang='grc' dir='ltr'>τό·</span> <span class='ocrx_word' id='word_1_467' title='bbox 780 3890 875 3961; x_wconf 75' lang='grc' dir='ltr'>Εἷς</span> <span class='ocrx_word' id='word_1_468' title='bbox 901 3897 1040 3966; x_wconf 55' lang='grc' dir='ltr'>ἀνὴρ</span> <span class='ocrx_word' id='word_1_469' title='bbox 1071 3897 1225 3950; x_wconf 83' lang='grc' dir='ltr'>οὐδέν</span> <span class='ocrx_word' id='word_1_470' title='bbox 1258 3914 1311 3949; x_wconf 86' lang='grc' dir='ltr'><strong>τι</strong></span> <span class='ocrx_word' id='word_1_471' title='bbox 1342 3897 1513 3966; x_wconf 76' lang='grc' dir='ltr'>φόϐου</span> <span class='ocrx_word' id='word_1_472' title='bbox 1546 3897 1684 3967; x_wconf 78' lang='grc' dir='ltr'>ἔχει,</span> <span class='ocrx_word' id='word_1_473' title='bbox 1715 3898 1789 3960; x_wconf 82' lang='grc' dir='ltr'>ὡς</span> 
     </span>
    </p>
   </div>
   <div class='ocr_carea' id='block_1_69' title="bbox 784 3987 1790 4059">
    <p class='ocr_par' dir='ltr' id='par_1_69' title="bbox 784 3987 1790 4059">
     <span class='ocr_line' id='line_1_69' title="bbox 784 3987 1790 4059; baseline 0.004 -18"><span class='ocrx_word' id='word_1_474' title='bbox 784 3989 961 4058; x_wconf 82' lang='grc' dir='ltr'>ἀλλ’ἢ</span> <span class='ocrx_word' id='word_1_475' title='bbox 1020 3990 1183 4058; x_wconf 86' lang='grc' dir='ltr'>μόνον</span> <span class='ocrx_word' id='word_1_476' title='bbox 1238 3987 1395 4041; x_wconf 75' lang='grc' dir='ltr'>λαλεῖ</span> <span class='ocrx_word' id='word_1_477' title='bbox 1456 3989 1516 4041; x_wconf 63' lang='grc' dir='ltr'>τὸ</span> <span class='ocrx_word' id='word_1_478' title='bbox 1569 3989 1790 4059; x_wconf 75' lang='grc' dir='ltr'><strong>ἀληθές.</strong></span> 
     </span>
    </p>
   </div>
   <div class='ocr_carea' id='block_1_70' title="bbox 245 4079 1792 4152">
    <p class='ocr_par' dir='ltr' id='par_1_70' title="bbox 245 4079 1792 4152">
     <span class='ocr_line' id='line_1_70' title="bbox 245 4079 1792 4152; baseline 0.001 -20"><span class='ocrx_word' id='word_1_479' title='bbox 245 4080 426 4134; x_wconf 75' lang='grc' dir='ltr'>Ἐκεῖνο</span> <span class='ocrx_word' id='word_1_480' title='bbox 454 4083 512 4135; x_wconf 76' lang='grc' dir='ltr'>δὲ</span> <span class='ocrx_word' id='word_1_481' title='bbox 536 4083 611 4144; x_wconf 85' lang='grc' dir='ltr'>ὡς</span> <span class='ocrx_word' id='word_1_482' title='bbox 653 4083 893 4151; x_wconf 76' lang='grc' dir='ltr'>μάλιστα</span> <span class='ocrx_word' id='word_1_483' title='bbox 921 4083 1147 4149; x_wconf 65' lang='grc' dir='ltr'>ἐκνρούεῖ</span> <span class='ocrx_word' id='word_1_484' title='bbox 1169 4083 1297 4145; x_wconf 80' lang='grc' dir='ltr'>τοὺς</span> <span class='ocrx_word' id='word_1_485' title='bbox 1329 4079 1667 4152; x_wconf 72' lang='grc' dir='ltr'>φρονοῦντας</span> <span class='ocrx_word' id='word_1_486' title='bbox 1708 4083 1792 4143; x_wconf 71' lang='grc' dir='ltr'>τὸ,</span> 
     </span>
    </p>
   </div>
   <div class='ocr_carea' id='block_1_71' title="bbox 234 4174 1791 4245">
    <p class='ocr_par' dir='ltr' id='par_1_71' title="bbox 234 4174 1791 4245">
     <span class='ocr_line' id='line_1_71' title="bbox 234 4174 1791 4245; baseline 0.003 -22"><span class='ocrx_word' id='word_1_487' title='bbox 234 4174 349 4226; x_wconf 64' lang='lat'><strong>033‘.</strong></span> <span class='ocrx_word' id='word_1_488' title='bbox 377 4175 453 4244; x_wconf 82' lang='grc' dir='ltr'>τῷ</span> <span class='ocrx_word' id='word_1_489' title='bbox 483 4176 586 4228; x_wconf 82' lang='grc' dir='ltr'>ἐνί·</span> <span class='ocrx_word' id='word_1_490' title='bbox 617 4175 679 4229; x_wconf 82' lang='grc' dir='ltr'>ὃν</span> <span class='ocrx_word' id='word_1_491' title='bbox 705 4175 787 4239; x_wconf 87' lang='grc' dir='ltr'><strong>τίς</strong></span> <span class='ocrx_word' id='word_1_492' title='bbox 821 4176 1156 4245; x_wconf 77' lang='grc' dir='ltr'>ἐγγυήσεται</span> <span class='ocrx_word' id='word_1_493' title='bbox 1178 4219 1194 4242; x_wconf 96' lang='grc'><strong>,</strong></span> <span class='ocrx_word' id='word_1_494' title='bbox 1228 4176 1304 4239; x_wconf 85' lang='grc' dir='ltr'>ὼς</span> <span class='ocrx_word' id='word_1_495' title='bbox 1343 4175 1406 4229; x_wconf 82' lang='grc' dir='ltr'><strong>οὐ</strong></span> <span class='ocrx_word' id='word_1_496' title='bbox 1433 4174 1791 4244; x_wconf 79' lang='grc' dir='ltr'>συντριϐήσε-</span> 
     </span>
    </p>
   </div>
   <div class='ocr_carea' id='block_1_72' title="bbox 233 4268 936 4331">
    <p class='ocr_par' dir='ltr' id='par_1_72' title="bbox 233 4268 936 4331">
     <span class='ocr_line' id='line_1_72' title="bbox 233 4268 936 4331; baseline 0.009 -16"><span class='ocrx_word' id='word_1_497' title='bbox 233 4281 324 4329; x_wconf 82' lang='grc' dir='ltr'>ται,</span> <span class='ocrx_word' id='word_1_498' title='bbox 365 4268 546 4320; x_wconf 78' lang='grc' dir='ltr'>εἴποτε</span> <span class='ocrx_word' id='word_1_499' title='bbox 587 4268 888 4320; x_wconf 82' lang='grc' dir='ltr'>καταπέσοι</span> <span class='ocrx_word' id='word_1_500' title='bbox 921 4283 936 4331; x_wconf 89' lang='lat'><strong>;</strong></span> 
     </span>
    </p>
   </div>
   <div class='ocr_carea' id='block_1_73' title="bbox 299 4359 1792 4432">
    <p class='ocr_par' dir='ltr' id='par_1_73' title="bbox 299 4359 1792 4432">
     <span class='ocr_line' id='line_1_73' title="bbox 299 4359 1792 4432; baseline -0.003 -20"><span class='ocrx_word' id='word_1_501' title='bbox 299 4360 400 4422; x_wconf 62' lang='lat' dir='ltr'><strong>uC&#39;.</strong></span> <span class='ocrx_word' id='word_1_502' title='bbox 437 4360 674 4413; x_wconf 82' lang='grc' dir='ltr'>Ἐστιδέ</span> <span class='ocrx_word' id='word_1_503' title='bbox 708 4361 856 4429; x_wconf 80' lang='grc' dir='ltr'>ἡμᾶς</span> <span class='ocrx_word' id='word_1_504' title='bbox 882 4360 1213 4414; x_wconf 77' lang='grc' dir='ltr'>ἀκούσεσθαι</span> <span class='ocrx_word' id='word_1_505' title='bbox 1239 4360 1391 4432; x_wconf 73' lang='grc' dir='ltr'>παρὰ</span> <span class='ocrx_word' id='word_1_506' title='bbox 1422 4360 1532 4414; x_wconf 84' lang='grc' dir='ltr'><strong>τῶν</strong></span> <span class='ocrx_word' id='word_1_507' title='bbox 1572 4359 1792 4412; x_wconf 74' lang='grc' dir='ltr'>εἰδότων</span> 
     </span>
    </p>
   </div>
   <div class='ocr_carea' id='block_1_74' title="bbox 236 4451 1792 4525">
    <p class='ocr_par' dir='ltr' id='par_1_74' title="bbox 236 4451 1792 4525">
     <span class='ocr_line' id='line_1_74' title="bbox 236 4451 1792 4525; baseline 0.002 -25"><span class='ocrx_word' id='word_1_508' title='bbox 236 4453 510 4516; x_wconf 75' lang='grc' dir='ltr'>σννετίζειν</span> <span class='ocrx_word' id='word_1_509' title='bbox 569 4454 699 4517; x_wconf 76' lang='grc' dir='ltr'>τοὺς</span> <span class='ocrx_word' id='word_1_510' title='bbox 738 4454 1040 4518; x_wconf 84' lang='grc' dir='ltr'>εὐπειθεῖς,</span> <span class='ocrx_word' id='word_1_511' title='bbox 1095 4456 1189 4506; x_wconf 71' lang='grc' dir='ltr'><strong>καὶ</strong></span> <span class='ocrx_word' id='word_1_512' title='bbox 1227 4455 1302 4518; x_wconf 84' lang='grc' dir='ltr'>ὡς</span> <span class='ocrx_word' id='word_1_513' title='bbox 1450 4453 1612 4524; x_wconf 82' lang='grc' dir='ltr'>φύσις</span> <span class='ocrx_word' id='word_1_514' title='bbox 1652 4451 1792 4520; x_wconf 77' lang='grc' dir='ltr'>αὐτὴ</span> 
     </span>
    </p>
   </div>
   <div class='ocr_carea' id='block_1_75' title="bbox 235 4543 1790 4615">
    <p class='ocr_par' dir='ltr' id='par_1_75' title="bbox 235 4543 1790 4615">
     <span class='ocr_line' id='line_1_75' title="bbox 235 4543 1790 4615; baseline 0.003 -24"><span class='ocrx_word' id='word_1_515' title='bbox 235 4543 400 4612; x_wconf 79' lang='grc' dir='ltr'>ἐκείνη</span> <span class='ocrx_word' id='word_1_516' title='bbox 445 4544 686 4597; x_wconf 77' lang='grc' dir='ltr'>διδάσκει</span> <span class='ocrx_word' id='word_1_517' title='bbox 726 4547 821 4598; x_wconf 73' lang='grc' dir='ltr'><strong>καὶ</strong></span> <span class='ocrx_word' id='word_1_518' title='bbox 883 4545 1132 4599; x_wconf 81' lang='grc' dir='ltr'>παιδεύει</span> <span class='ocrx_word' id='word_1_519' title='bbox 1195 4547 1286 4600; x_wconf 84' lang='grc' dir='ltr'><strong>τὸν</strong></span> <span class='ocrx_word' id='word_1_520' title='bbox 1333 4545 1644 4615; x_wconf 78' lang='grc' dir='ltr'>ἄνθρωπον,</span> <span class='ocrx_word' id='word_1_521' title='bbox 1702 4543 1790 4595; x_wconf 78' lang='grc' dir='ltr'>τὸν</span> 
     </span>
    </p>
   </div>
   <div class='ocr_carea' id='block_1_76' title="bbox 235 4632 1790 4706">
    <p class='ocr_par' dir='ltr' id='par_1_76' title="bbox 235 4632 1790 4706">
     <span class='ocr_line' id='line_1_76' title="bbox 235 4632 1790 4706; baseline 0 -21"><span class='ocrx_word' id='word_1_522' title='bbox 235 4632 442 4702; x_wconf 70' lang='grc' dir='ltr'>ἥμερον,</span> <span class='ocrx_word' id='word_1_523' title='bbox 489 4635 581 4688; x_wconf 70' lang='grc' dir='ltr'><strong>τὸν</strong></span> <span class='ocrx_word' id='word_1_524' title='bbox 648 4636 1126 4702; x_wconf 81' lang='grc' dir='ltr'>συναγελαστικὸν,</span> <span class='ocrx_word' id='word_1_525' title='bbox 1179 4638 1270 4690; x_wconf 72' lang='grc' dir='ltr'><strong>τὸν</strong></span> <span class='ocrx_word' id='word_1_526' title='bbox 1346 4635 1630 4706; x_wconf 72' lang='grc' dir='ltr'>βιωτικδν.</span> <span class='ocrx_word' id='word_1_527' title='bbox 1699 4635 1790 4686; x_wconf 81' lang='grc' dir='ltr'><strong>τὸν</strong></span> 
     </span>
    </p>
   </div>
   <div class='ocr_carea' id='block_1_77' title="bbox 235 4723 1792 4797">
    <p class='ocr_par' dir='ltr' id='par_1_77' title="bbox 235 4723 1792 4797">
     <span class='ocr_line' id='line_1_77' title="bbox 235 4723 1792 4797; baseline 0.003 -24"><span class='ocrx_word' id='word_1_528' title='bbox 235 4725 508 4789; x_wconf 75' lang='grc' dir='ltr'>πολιτικὸν,</span> <span class='ocrx_word' id='word_1_529' title='bbox 549 4724 644 4781; x_wconf 78' lang='grc' dir='ltr'>τὸν</span> <span class='ocrx_word' id='word_1_530' title='bbox 673 4727 984 4790; x_wconf 86' lang='grc' dir='ltr'>σπουδαῖον,</span> <span class='ocrx_word' id='word_1_531' title='bbox 1012 4728 1108 4781; x_wconf 83' lang='grc' dir='ltr'><strong>τὸν</strong></span> <span class='ocrx_word' id='word_1_532' title='bbox 1133 4726 1376 4797; x_wconf 75' lang='grc' dir='ltr'>θεοφιλῆ,</span> <span class='ocrx_word' id='word_1_533' title='bbox 1408 4724 1644 4790; x_wconf 79' lang='grc' dir='ltr'>πολλῶν,</span> <span class='ocrx_word' id='word_1_534' title='bbox 1686 4723 1792 4776; x_wconf 79' lang='grc' dir='ltr'><strong>ὦσ-</strong></span> 
     </span>
    </p>
   </div>
   <div class='ocr_carea' id='block_1_78' title="bbox 238 4815 1790 4888">
    <p class='ocr_par' dir='ltr' id='par_1_78' title="bbox 238 4815 1790 4888">
     <span class='ocr_line' id='line_1_78' title="bbox 238 4815 1790 4888; baseline 0.001 -22"><span class='ocrx_word' id='word_1_535' title='bbox 238 4833 328 4885; x_wconf 80' lang='grc' dir='ltr'><strong>περ</strong></span> <span class='ocrx_word' id='word_1_536' title='bbox 349 4820 705 4888; x_wconf 78' lang='grc' dir='ltr'>πραγμάτων,</span> <span class='ocrx_word' id='word_1_537' title='bbox 756 4819 900 4873; x_wconf 78' lang='grc' dir='ltr'>οὕτω</span> <span class='ocrx_word' id='word_1_538' title='bbox 951 4821 1050 4878; x_wconf 59' lang='grc' dir='ltr'>καὶ,</span> <span class='ocrx_word' id='word_1_539' title='bbox 1112 4817 1418 4887; x_wconf 82' lang='grc' dir='ltr'>ἀνθρώπων</span> <span class='ocrx_word' id='word_1_540' title='bbox 1472 4815 1663 4869; x_wconf 78' lang='grc' dir='ltr'>θέσθαι</span> <span class='ocrx_word' id='word_1_541' title='bbox 1712 4818 1790 4877; x_wconf 83' lang='grc' dir='ltr'><strong>είς</strong></span> 
     </span>
    </p>
   </div>
   <div class='ocr_carea' id='block_1_79' title="bbox 238 4894 1790 4981">
    <p class='ocr_par' dir='ltr' id='par_1_79' title="bbox 238 4905 1790 4981">
     <span class='ocr_line' id='line_1_79' title="bbox 238 4905 1790 4981; baseline -0.004 -15"><span class='ocrx_word' id='word_1_542' title='bbox 238 4913 583 4981; x_wconf 72' lang='grc' dir='ltr'>συγκρότησιν</span> <span class='ocrx_word' id='word_1_543' title='bbox 617 4912 714 4978; x_wconf 70' lang='grc' dir='ltr'>καὶ</span> <span class='ocrx_word' id='word_1_544' title='bbox 778 4912 1041 4966; x_wconf 81' lang='grc' dir='ltr'>σύστασιν</span> <span class='ocrx_word' id='word_1_545' title='bbox 1082 4913 1176 4965; x_wconf 71' lang='grc' dir='ltr'><strong>καὶ</strong></span> <span class='ocrx_word' id='word_1_546' title='bbox 1206 4912 1322 4981; x_wconf 80' lang='grc' dir='ltr'>βίον</span> <span class='ocrx_word' id='word_1_547' title='bbox 1361 4909 1657 4963; x_wconf 80' lang='grc' dir='ltr'>ἐντέλειαν.</span> <span class='ocrx_word' id='word_1_548' title='bbox 1713 4905 1790 4960; x_wconf 82' lang='grc' dir='ltr'><strong>Ἦ</strong></span> 
     </span>
    </p>
   </div>
   <div class='ocr_carea' id='block_1_80' title="bbox 235 4997 1786 5074">
    <p class='ocr_par' dir='ltr' id='par_1_80' title="bbox 235 4997 1786 5074">
     <span class='ocr_line' id='line_1_80' title="bbox 235 4997 1786 5074; baseline 0.007 -29"><span class='ocrx_word' id='word_1_549' title='bbox 235 5000 328 5059; x_wconf 64' lang='grc' dir='ltr'><strong>γὰρ</strong></span> <span class='ocrx_word' id='word_1_550' title='bbox 355 4997 500 5050; x_wconf 72' lang='grc' dir='ltr'>οὐδὲν</span> <span class='ocrx_word' id='word_1_551' title='bbox 547 4998 712 5067; x_wconf 81' lang='grc' dir='ltr'>μόνον</span> <span class='ocrx_word' id='word_1_552' title='bbox 747 4997 870 5068; x_wconf 82' lang='grc' dir='ltr'>δίχα</span> <span class='ocrx_word' id='word_1_553' title='bbox 893 5015 955 5066; x_wconf 87' lang='grc' dir='ltr'><strong>γε</strong></span> <span class='ocrx_word' id='word_1_554' title='bbox 986 4999 1095 5051; x_wconf 87' lang='grc' dir='ltr'><strong>τῶν</strong></span> <span class='ocrx_word' id='word_1_555' title='bbox 1154 5000 1354 5066; x_wconf 85' lang='grc' dir='ltr'>ἀλλων,</span> <span class='ocrx_word' id='word_1_556' title='bbox 1398 5003 1636 5072; x_wconf 82' lang='grc' dir='ltr'>ύφαντοῦ</span> <span class='ocrx_word' id='word_1_557' title='bbox 1668 5007 1786 5074; x_wconf 83' lang='grc' dir='ltr'>μὲν,</span> 
     </span>
    </p>
   </div>
   <div class='ocr_carea' id='block_1_81' title="bbox 230 5084 1786 5166">
    <p class='ocr_par' dir='ltr' id='par_1_81' title="bbox 230 5084 1786 5166">
     <span class='ocr_line' id='line_1_81' title="bbox 230 5084 1786 5166; baseline 0.008 -29"><span class='ocrx_word' id='word_1_558' title='bbox 230 5084 294 5148; x_wconf 79' lang='grc' dir='ltr'>ὡς</span> <span class='ocrx_word' id='word_1_559' title='bbox 325 5088 660 5151; x_wconf 79' lang='grc' dir='ltr'>ἐνδύσασθαι,</span> <span class='ocrx_word' id='word_1_560' title='bbox 688 5089 1081 5161; x_wconf 70' lang='grc' dir='ltr'>σκυτορρἀου</span> <span class='ocrx_word' id='word_1_561' title='bbox 1125 5091 1204 5154; x_wconf 82' lang='grc' dir='ltr'>δὲ,</span> <span class='ocrx_word' id='word_1_562' title='bbox 1257 5092 1332 5151; x_wconf 84' lang='grc' dir='ltr'>ὡς</span> <span class='ocrx_word' id='word_1_563' title='bbox 1391 5095 1786 5166; x_wconf 83' lang='grc' dir='ltr'>ὑποδήσασθαι,</span> 
     </span>
    </p>
   </div>
   <div class='ocr_carea' id='block_1_82' title="bbox 232 5179 1788 5259">
    <p class='ocr_par' dir='ltr' id='par_1_82' title="bbox 232 5179 1788 5259">
     <span class='ocr_line' id='line_1_82' title="bbox 232 5179 1788 5259; baseline 0.011 -34"><span class='ocrx_word' id='word_1_564' title='bbox 232 5181 315 5228; x_wconf 69' lang='grc' dir='ltr'><strong>καὶ</strong></span> <span class='ocrx_word' id='word_1_565' title='bbox 351 5179 518 5233; x_wconf 74' lang='grc' dir='ltr'>ἄλλων</span> <span class='ocrx_word' id='word_1_566' title='bbox 550 5184 628 5245; x_wconf 79' lang='grc' dir='ltr'>δὲ,</span> <span class='ocrx_word' id='word_1_567' title='bbox 692 5179 908 5236; x_wconf 75' lang='grc' dir='ltr'>πολλῶν</span> <span class='ocrx_word' id='word_1_568' title='bbox 931 5182 989 5234; x_wconf 78' lang='grc' dir='ltr'>δὲ</span> <span class='ocrx_word' id='word_1_569' title='bbox 1033 5183 1258 5235; x_wconf 78' lang='grc' dir='ltr'>ἐκείνων</span> <span class='ocrx_word' id='word_1_570' title='bbox 1319 5187 1402 5248; x_wconf 74' lang='grc' dir='ltr'>εἰς</span> <span class='ocrx_word' id='word_1_571' title='bbox 1450 5188 1668 5258; x_wconf 77' lang='grc' dir='ltr'>ἑτεροῖα</span> <span class='ocrx_word' id='word_1_572' title='bbox 1710 5191 1788 5259; x_wconf 83' lang='grc' dir='ltr'><strong>τῷ</strong></span> 
     </span>
    </p>
   </div>
   <div class='ocr_carea' id='block_1_83' title="bbox 231 5269 1783 5351">
    <p class='ocr_par' dir='ltr' id='par_1_83' title="bbox 231 5269 1783 5351">
     <span class='ocr_line' id='line_1_83' title="bbox 231 5269 1783 5351; baseline 0.009 -32"><span class='ocrx_word' id='word_1_573' title='bbox 231 5269 434 5324; x_wconf 68' lang='grc' dir='ltr'>σώματι</span> <span class='ocrx_word' id='word_1_574' title='bbox 471 5281 735 5345; x_wconf 68' lang='grc' dir='ltr'>χρήσιμα*</span> <span class='ocrx_word' id='word_1_575' title='bbox 785 5275 835 5325; x_wconf 72' lang='grc' dir='ltr'>εἰ</span> <span class='ocrx_word' id='word_1_576' title='bbox 867 5274 924 5326; x_wconf 80' lang='grc' dir='ltr'>δὲ</span> <span class='ocrx_word' id='word_1_577' title='bbox 988 5273 1225 5342; x_wconf 86' lang='grc' dir='ltr'>σώματι,</span> <span class='ocrx_word' id='word_1_578' title='bbox 1258 5275 1332 5341; x_wconf 86' lang='grc' dir='ltr'>ὡς</span> <span class='ocrx_word' id='word_1_579' title='bbox 1400 5277 1562 5331; x_wconf 81' lang='grc' dir='ltr'>πλέον</span> <span class='ocrx_word' id='word_1_580' title='bbox 1616 5281 1783 5351; x_wconf 71' lang='grc' dir='ltr'>ψυχῇ,</span> 
     </span>
    </p>
   </div>
   <div class='ocr_carea' id='block_1_84' title="bbox 229 5359 1780 5441">
    <p class='ocr_par' dir='ltr' id='par_1_84' title="bbox 229 5359 1780 5441">
     <span class='ocr_line' id='line_1_84' title="bbox 229 5359 1780 5441; baseline 0.008 -30"><span class='ocrx_word' id='word_1_581' title='bbox 229 5362 288 5428; x_wconf 77' lang='grc' dir='ltr'>τῇ</span> <span class='ocrx_word' id='word_1_582' title='bbox 335 5363 393 5414; x_wconf 57' lang='grc' dir='ltr'><strong>τό</strong></span> <span class='ocrx_word' id='word_1_583' title='bbox 436 5369 536 5418; x_wconf 77' lang='grc' dir='ltr'>πᾶν</span> <span class='ocrx_word' id='word_1_584' title='bbox 575 5368 634 5418; x_wconf 85' lang='grc' dir='ltr'><strong>ἐν</strong></span> <span class='ocrx_word' id='word_1_585' title='bbox 685 5367 835 5433; x_wconf 80' lang='grc' dir='ltr'>ἡμῖν,</span> <span class='ocrx_word' id='word_1_586' title='bbox 863 5374 957 5418; x_wconf 66' lang='grc' dir='ltr'><strong>καὶ</strong></span> <span class='ocrx_word' id='word_1_587' title='bbox 996 5359 1056 5418; x_wconf 76' lang='grc' dir='ltr'><strong>οὗ</strong></span> <span class='ocrx_word' id='word_1_588' title='bbox 1084 5366 1215 5418; x_wconf 82' lang='grc' dir='ltr'>ἄνευ</span> <span class='ocrx_word' id='word_1_589' title='bbox 1241 5369 1415 5432; x_wconf 76' lang='grc' dir='ltr'>οὐδεὶς</span> <span class='ocrx_word' id='word_1_590' title='bbox 1473 5369 1780 5441; x_wconf 71' lang='grc' dir='ltr'>ἄνθρωπος.</span> 
     </span>
    </p>
   </div>
   <div class='ocr_carea' id='block_1_85' title="bbox 291 5457 1780 5530">
    <p class='ocr_par' dir='ltr' id='par_1_85' title="bbox 291 5457 1780 5530">
     <span class='ocr_line' id='line_1_85' title="bbox 291 5457 1780 5530; baseline 0.007 -22"><span class='ocrx_word' id='word_1_591' title='bbox 291 5461 404 5520; x_wconf 79' lang='grc' dir='ltr'><strong>μη’.</strong></span> <span class='ocrx_word' id='word_1_592' title='bbox 444 5457 498 5510; x_wconf 82' lang='grc' dir='ltr'><strong>Εἰ</strong></span> <span class='ocrx_word' id='word_1_593' title='bbox 526 5458 582 5510; x_wconf 78' lang='grc' dir='ltr'><strong>δὲ</strong></span> <span class='ocrx_word' id='word_1_594' title='bbox 612 5457 773 5510; x_wconf 83' lang='grc' dir='ltr'>τοῦτο</span> <span class='ocrx_word' id='word_1_595' title='bbox 801 5459 895 5511; x_wconf 76' lang='grc' dir='ltr'>καὶ</span> <span class='ocrx_word' id='word_1_596' title='bbox 934 5459 1204 5528; x_wconf 82' lang='grc' dir='ltr'>ἔγνωσται</span> <span class='ocrx_word' id='word_1_597' title='bbox 1270 5461 1359 5513; x_wconf 79' lang='grc' dir='ltr'><strong>καὶ</strong></span> <span class='ocrx_word' id='word_1_598' title='bbox 1419 5462 1556 5530; x_wconf 73' lang='grc' dir='ltr'>πρὸς</span> <span class='ocrx_word' id='word_1_599' title='bbox 1620 5465 1780 5530; x_wconf 76' lang='grc' dir='ltr'>δόξαν</span> 
     </span>
    </p>
   </div>
   <div class='ocr_carea' id='block_1_86' title="bbox 226 5543 1784 5624">
    <p class='ocr_par' dir='ltr' id='par_1_86' title="bbox 226 5543 1784 5624">
     <span class='ocr_line' id='line_1_86' title="bbox 226 5543 1784 5624; baseline 0.012 -32"><span class='ocrx_word' id='word_1_600' title='bbox 226 5543 570 5617; x_wconf 73' lang='grc' dir='ltr'>εὐηρὲστηται</span> <span class='ocrx_word' id='word_1_601' title='bbox 601 5551 770 5602; x_wconf 81' lang='grc' dir='ltr'>πᾶσιν</span> <span class='ocrx_word' id='word_1_602' title='bbox 803 5549 1137 5620; x_wconf 82' lang='grc' dir='ltr'>ἀνθρώποις,</span> <span class='ocrx_word' id='word_1_603' title='bbox 1175 5552 1225 5602; x_wconf 84' lang='grc' dir='ltr'><strong>τί</strong></span> <span class='ocrx_word' id='word_1_604' title='bbox 1247 5552 1469 5622; x_wconf 81' lang='grc' dir='ltr'>δήποτε,</span> <span class='ocrx_word' id='word_1_605' title='bbox 1494 5553 1784 5624; x_wconf 77' lang='grc' dir='ltr'>ἀνθρώπου</span> 
     </span>
    </p>
   </div>
   <div class='ocr_carea' id='block_1_87' title="bbox 227 5636 1785 5715">
    <p class='ocr_par' dir='ltr' id='par_1_87' title="bbox 227 5636 1785 5715">
     <span class='ocr_line' id='line_1_87' title="bbox 227 5636 1785 5715; baseline 0.012 -29"><span class='ocrx_word' id='word_1_606' title='bbox 227 5636 318 5704; x_wconf 68' lang='grc' dir='ltr'>μὲν</span> <span class='ocrx_word' id='word_1_607' title='bbox 351 5643 646 5709; x_wconf 82' lang='grc' dir='ltr'>περιϊόντος</span> <span class='ocrx_word' id='word_1_608' title='bbox 673 5643 776 5715; x_wconf 71' lang='grc' dir='ltr'>τὴν</span> <span class='ocrx_word' id='word_1_609' title='bbox 824 5645 1032 5713; x_wconf 76' lang='grc' dir='ltr'>ἀγορὰν</span> <span class='ocrx_word' id='word_1_610' title='bbox 1081 5644 1174 5698; x_wconf 79' lang='grc' dir='ltr'><strong>καὶ</strong></span> <span class='ocrx_word' id='word_1_611' title='bbox 1227 5645 1647 5715; x_wconf 81' lang='grc' dir='ltr'>διεγνωσμένου,</span> <span class='ocrx_word' id='word_1_612' title='bbox 1711 5651 1785 5714; x_wconf 87' lang='grc' dir='ltr'><strong>ῶς</strong></span> 
     </span>
    </p>
   </div>
   <div class='ocr_carea' id='block_1_88' title="bbox 224 5728 1783 5809">
    <p class='ocr_par' dir='ltr' id='par_1_88' title="bbox 224 5728 1783 5809">
     <span class='ocr_line' id='line_1_88' title="bbox 224 5728 1783 5809; baseline 0.012 -31"><span class='ocrx_word' id='word_1_613' title='bbox 224 5728 424 5792; x_wconf 80' lang='grc' dir='ltr'>ἀγαθός</span> <span class='ocrx_word' id='word_1_614' title='bbox 450 5734 560 5788; x_wconf 79' lang='grc' dir='ltr'>ἐστι</span> <span class='ocrx_word' id='word_1_615' title='bbox 595 5736 724 5805; x_wconf 78' lang='grc' dir='ltr'>περὶ</span> <span class='ocrx_word' id='word_1_616' title='bbox 754 5735 952 5806; x_wconf 81' lang='grc' dir='ltr'>τέχνην</span> <span class='ocrx_word' id='word_1_617' title='bbox 977 5736 1290 5800; x_wconf 79' lang='grc' dir='ltr'>ὁποιανοῦν,</span> <span class='ocrx_word' id='word_1_618' title='bbox 1357 5739 1447 5792; x_wconf 76' lang='grc' dir='ltr'><strong>καὶ</strong></span> <span class='ocrx_word' id='word_1_619' title='bbox 1477 5742 1783 5809; x_wconf 82' lang='grc' dir='ltr'>ὲπιστρων·</span> 
     </span>
    </p>
   </div>
   <div class='ocr_carea' id='block_1_89' title="bbox 227 5817 1783 5900">
    <p class='ocr_par' dir='ltr' id='par_1_89' title="bbox 227 5817 1783 5900">
     <span class='ocr_line' id='line_1_89' title="bbox 227 5817 1783 5900; baseline 0.01 -28"><span class='ocrx_word' id='word_1_620' title='bbox 227 5817 426 5888; x_wconf 76' lang='grc' dir='ltr'>νύμεθα</span> <span class='ocrx_word' id='word_1_621' title='bbox 454 5826 541 5876; x_wconf 71' lang='grc' dir='ltr'><strong>καὶ</strong></span> <span class='ocrx_word' id='word_1_622' title='bbox 569 5826 995 5896; x_wconf 79' lang='grc' dir='ltr'>προκαλούμεθα</span> <span class='ocrx_word' id='word_1_623' title='bbox 1022 5829 1070 5880; x_wconf 80' lang='lat' dir='ltr'><strong>oi</strong></span> <span class='ocrx_word' id='word_1_624' title='bbox 1122 5828 1418 5898; x_wconf 77' lang='grc' dir='ltr'>χρῄζοντες</span> <span class='ocrx_word' id='word_1_625' title='bbox 1444 5830 1783 5900; x_wconf 81' lang='grc' dir='ltr'>πορίσασθαι</span> 
     </span>
    </p>
   </div>
   <div class='ocr_carea' id='block_1_90' title="bbox 524 5917 1302 5981">
    <p class='ocr_par' dir='ltr' id='par_1_90' title="bbox 524 5917 1302 5981">
     <span class='ocr_line' id='line_1_90' title="bbox 524 5917 1302 5981; baseline 0.005 -5"><span class='ocrx_word' id='word_1_626' title='bbox 524 5917 795 5977; x_wconf 63' lang='lat' dir='ltr'><strong>Parant.</strong></span> <span class='ocrx_word' id='word_1_627' title='bbox 841 5922 954 5980; x_wconf 66' lang='lat' dir='ltr'><strong>Gtt.</strong></span> <span class='ocrx_word' id='word_1_628' title='bbox 991 5920 1302 5981; x_wconf 70' lang='lat' dir='ltr'><strong>CX&#39;XXi&#39;l</strong></span> 
     </span>
    </p>
   </div>
   <div class='ocr_carea' id='block_1_91' title="bbox 236 3989 702 4056">
    <p class='ocr_par' dir='ltr' id='par_1_91' title="bbox 236 3989 702 4056">
     <span class='ocr_line' id='line_1_91' title="bbox 236 3989 702 4056; baseline 0.009 -19"><span class='ocrx_word' id='word_1_629' title='bbox 236 3989 702 4056; x_wconf 66' lang='grc' dir='ltr'>μορμολύττεσθαι,</span> 
     </span>
    </p>
   </div>
   <div class='ocr_carea' id='block_1_92' title="bbox 1894 3250 3490 3326">
    <p class='ocr_par' dir='ltr' id='par_1_92' title="bbox 1894 3250 3490 3326">
     <span class='ocr_line' id='line_1_92' title="bbox 1894 3250 3490 3326; baseline -0.013 -4"><span class='ocrx_word' id='word_1_630' title='bbox 1894 3278 1949 3321; x_wconf 87' lang='lat' dir='ltr'><strong>et</strong></span> <span class='ocrx_word' id='word_1_631' title='bbox 1980 3264 2126 3317; x_wconf 87' lang='lat' dir='ltr'><strong>velut</strong></span> <span class='ocrx_word' id='word_1_632' title='bbox 2154 3261 2516 3318; x_wconf 77' lang='lat' dir='ltr'><strong>caecutientes</strong></span> <span class='ocrx_word' id='word_1_633' title='bbox 2549 3260 2602 3326; x_wconf 81' lang='lat' dir='ltr'><strong>in</strong></span> <span class='ocrx_word' id='word_1_634' title='bbox 2638 3257 2705 3311; x_wconf 90' lang='lat' dir='ltr'><strong>iis</strong></span> <span class='ocrx_word' id='word_1_635' title='bbox 2742 3257 2810 3312; x_wconf 78' lang='lat' dir='ltr'><strong>ad</strong></span> <span class='ocrx_word' id='word_1_636' title='bbox 2841 3270 2964 3324; x_wconf 82' lang='lat' dir='ltr'><strong>quae</strong></span> <span class='ocrx_word' id='word_1_637' title='bbox 2987 3253 3295 3309; x_wconf 84' lang='lat' dir='ltr'><strong>rectissime</strong></span> <span class='ocrx_word' id='word_1_638' title='bbox 3326 3250 3490 3307; x_wconf 85' lang='lat' dir='ltr'><strong>iusti-</strong></span> 
     </span>
    </p>
   </div>
   <div class='ocr_carea' id='block_1_93' title="bbox 1895 3345 3491 3420">
    <p class='ocr_par' dir='ltr' id='par_1_93' title="bbox 1895 3345 3491 3420">
     <span class='ocr_line' id='line_1_93' title="bbox 1895 3345 3491 3420; baseline -0.008 -10"><span class='ocrx_word' id='word_1_639' title='bbox 1895 3357 2184 3420; x_wconf 79' lang='lat' dir='ltr'><strong>mnlamur,</strong></span> <span class='ocrx_word' id='word_1_640' title='bbox 2215 3364 2271 3408; x_wconf 89' lang='lat' dir='ltr'><strong>et</strong></span> <span class='ocrx_word' id='word_1_641' title='bbox 2297 3351 2523 3406; x_wconf 84' lang='lat' dir='ltr'><strong>moleste</strong></span> <span class='ocrx_word' id='word_1_642' title='bbox 2554 3347 2801 3406; x_wconf 81' lang='lat' dir='ltr'><strong>ferentes</strong></span> <span class='ocrx_word' id='word_1_643' title='bbox 2836 3363 2948 3404; x_wconf 85' lang='lat' dir='ltr'><strong>non</strong></span> <span class='ocrx_word' id='word_1_644' title='bbox 2975 3345 3288 3411; x_wconf 77' lang='lat' dir='ltr'><strong>intelligere</strong></span> <span class='ocrx_word' id='word_1_645' title='bbox 3325 3357 3491 3412; x_wconf 69' lang='lat' dir='ltr'><strong>posse</strong></span> 
     </span>
    </p>
   </div>
   <div class='ocr_carea' id='block_1_94' title="bbox 1896 3436 3492 3514">
    <p class='ocr_par' dir='ltr' id='par_1_94' title="bbox 1896 3436 3492 3514">
     <span class='ocr_line' id='line_1_94' title="bbox 1896 3436 3492 3514; baseline -0.008 -11"><span class='ocrx_word' id='word_1_646' title='bbox 1896 3447 2170 3514; x_wconf 75' lang='lat' dir='ltr'><strong>videmur,</strong></span> <span class='ocrx_word' id='word_1_647' title='bbox 2204 3445 2484 3501; x_wconf 82' lang='lat' dir='ltr'><strong>hominem</strong></span> <span class='ocrx_word' id='word_1_648' title='bbox 2516 3457 2613 3512; x_wconf 80' lang='lat' dir='ltr'><strong>per</strong></span> <span class='ocrx_word' id='word_1_649' title='bbox 2659 3441 3019 3510; x_wconf 86' lang='lat' dir='ltr'><strong>semetipsum</strong></span> <span class='ocrx_word' id='word_1_650' title='bbox 3063 3436 3239 3494; x_wconf 82' lang='lat' dir='ltr'><strong>soluat</strong></span> <span class='ocrx_word' id='word_1_651' title='bbox 3283 3450 3492 3505; x_wconf 65' lang='grc' dir='ltr'>θείμην</span> 
     </span>
    </p>
   </div>
   <div class='ocr_carea' id='block_1_95' title="bbox 1896 3527 3492 3609">
    <p class='ocr_par' dir='ltr' id='par_1_95' title="bbox 1896 3527 3492 3609">
     <span class='ocr_line' id='line_1_95' title="bbox 1896 3527 3492 3609; baseline -0.008 -18"><span class='ocrx_word' id='word_1_652' title='bbox 1896 3553 2061 3609; x_wconf 88' lang='lat' dir='ltr'><strong>quam</strong></span> <span class='ocrx_word' id='word_1_653' title='bbox 2101 3541 2356 3592; x_wconf 87' lang='lat' dir='ltr'><strong>virtutem</strong></span> <span class='ocrx_word' id='word_1_654' title='bbox 2385 3537 2680 3606; x_wconf 85' lang='lat' dir='ltr'><strong>attingere,</strong></span> <span class='ocrx_word' id='word_1_655' title='bbox 2718 3533 2812 3590; x_wconf 87' lang='lat' dir='ltr'><strong>sed</strong></span> <span class='ocrx_word' id='word_1_656' title='bbox 2850 3531 3015 3586; x_wconf 81' lang='lat' dir='ltr'><strong>veluti</strong></span> <span class='ocrx_word' id='word_1_657' title='bbox 3047 3537 3316 3602; x_wconf 90' lang='lat' dir='ltr'><strong>punctum</strong></span> <span class='ocrx_word' id='word_1_658' title='bbox 3351 3527 3492 3584; x_wconf 79' lang='lat' dir='ltr'><strong>indi—</strong></span> 
     </span>
    </p>
   </div>
   <div class='ocr_carea' id='block_1_96' title="bbox 1895 3621 3480 3687">
    <p class='ocr_par' dir='ltr' id='par_1_96' title="bbox 1895 3621 3480 3687">
     <span class='ocr_line' id='line_1_96' title="bbox 1895 3621 3480 3687; baseline -0.005 -1"><span class='ocrx_word' id='word_1_659' title='bbox 1895 3629 2108 3687; x_wconf 55' lang='grc' dir='ltr'>νίεἱτιιὶιο</span> <span class='ocrx_word' id='word_1_660' title='bbox 2136 3630 2192 3686; x_wconf 91' lang='lat' dir='ltr'><strong>in</strong></span> <span class='ocrx_word' id='word_1_661' title='bbox 2245 3630 2502 3683; x_wconf 87' lang='lat' dir='ltr'><strong>universo</strong></span> <span class='ocrx_word' id='word_1_662' title='bbox 2555 3625 2928 3684; x_wconf 86' lang='lat' dir='ltr'><strong>considerari.</strong></span> <span class='ocrx_word' id='word_1_663' title='bbox 2969 3621 3322 3678; x_wconf 73' lang='lat' dir='ltr'><strong>Manifestum</strong></span> <span class='ocrx_word' id='word_1_664' title='bbox 3375 3623 3480 3678; x_wconf 83' lang='lat' dir='ltr'><strong>hoc</strong></span> 
     </span>
    </p>
   </div>
   <div class='ocr_carea' id='block_1_97' title="bbox 1893 3716 3489 3791">
    <p class='ocr_par' dir='ltr' id='par_1_97' title="bbox 1893 3716 3489 3791">
     <span class='ocr_line' id='line_1_97' title="bbox 1893 3716 3489 3791; baseline -0.005 -13"><span class='ocrx_word' id='word_1_665' title='bbox 1893 3731 1979 3779; x_wconf 91' lang='lat' dir='ltr'><strong>est</strong></span> <span class='ocrx_word' id='word_1_666' title='bbox 2003 3722 2071 3778; x_wconf 88' lang='lat' dir='ltr'><strong>iis</strong></span> <span class='ocrx_word' id='word_1_667' title='bbox 2102 3719 2198 3791; x_wconf 86' lang='lat' dir='ltr'><strong>qui</strong></span> <span class='ocrx_word' id='word_1_668' title='bbox 2228 3718 2458 3788; x_wconf 72' lang='lat' dir='ltr'><strong>singulis</strong></span> <span class='ocrx_word' id='word_1_669' title='bbox 2487 3717 2782 3774; x_wconf 77' lang='lat' dir='ltr'><strong>virtutibus</strong></span> <span class='ocrx_word' id='word_1_670' title='bbox 2811 3716 3072 3772; x_wconf 85' lang='lat' dir='ltr'><strong>solertem</strong></span> <span class='ocrx_word' id='word_1_671' title='bbox 3121 3722 3326 3768; x_wconf 78' lang='lat' dir='ltr'><strong>navant</strong></span> <span class='ocrx_word' id='word_1_672' title='bbox 3352 3727 3489 3781; x_wconf 83' lang='lat' dir='ltr'><strong>ope-</strong></span> 
     </span>
    </p>
   </div>
   <div class='ocr_carea' id='block_1_98' title="bbox 1898 3805 3486 3882">
    <p class='ocr_par' dir='ltr' id='par_1_98' title="bbox 1898 3805 3486 3882">
     <span class='ocr_line' id='line_1_98' title="bbox 1898 3805 3486 3882; baseline -0.004 -14"><span class='ocrx_word' id='word_1_673' title='bbox 1898 3829 2036 3882; x_wconf 86' lang='lat' dir='ltr'><strong>ram,</strong></span> <span class='ocrx_word' id='word_1_674' title='bbox 2080 3812 2384 3868; x_wconf 73' lang='lat' dir='ltr'><strong>secuntlum</strong></span> <span class='ocrx_word' id='word_1_675' title='bbox 2433 3811 2786 3879; x_wconf 85' lang='lat' dir='ltr'><strong>proverbium</strong></span> <span class='ocrx_word' id='word_1_676' title='bbox 2819 3811 2966 3878; x_wconf 88' lang='lat' dir='ltr'><strong>quod</strong></span> <span class='ocrx_word' id='word_1_677' title='bbox 3011 3807 3084 3861; x_wconf 86' lang='lat' dir='ltr'><strong>ita</strong></span> <span class='ocrx_word' id='word_1_678' title='bbox 3126 3806 3294 3862; x_wconf 82' lang='lat' dir='ltr'><strong>habet</strong></span> <span class='ocrx_word' id='word_1_679' title='bbox 3327 3805 3486 3863; x_wconf 77' lang='lat' dir='ltr'><strong>:Nou</strong></span> 
     </span>
    </p>
   </div>
   <div class='ocr_carea' id='block_1_99' title="bbox 1896 3899 3486 3974">
    <p class='ocr_par' dir='ltr' id='par_1_99' title="bbox 1896 3899 3486 3974">
     <span class='ocr_line' id='line_1_99' title="bbox 1896 3899 3486 3974; baseline -0.005 -12"><span class='ocrx_word' id='word_1_680' title='bbox 1896 3917 1980 3962; x_wconf 84' lang='lat' dir='ltr'><strong>est</strong></span> <span class='ocrx_word' id='word_1_681' title='bbox 2013 3922 2110 3961; x_wconf 90' lang='lat' dir='ltr'><strong>cur</strong></span> <span class='ocrx_word' id='word_1_682' title='bbox 2162 3907 2246 3960; x_wconf 87' lang='lat' dir='ltr'><strong>vir</strong></span> <span class='ocrx_word' id='word_1_683' title='bbox 2284 3904 2533 3974; x_wconf 74' lang='lat' dir='ltr'><strong>singulos</strong></span> <span class='ocrx_word' id='word_1_684' title='bbox 2578 3910 2789 3960; x_wconf 72' lang='lat' dir='ltr'><strong>inetuat</strong></span> <span class='ocrx_word' id='word_1_685' title='bbox 2845 3910 2942 3956; x_wconf 91' lang='lat' dir='ltr'><strong>aut</strong></span> <span class='ocrx_word' id='word_1_686' title='bbox 2980 3908 3337 3971; x_wconf 81' lang='lat' dir='ltr'><strong>expavescat,</strong></span> <span class='ocrx_word' id='word_1_687' title='bbox 3380 3899 3486 3955; x_wconf 78' lang='lat' dir='ltr'><strong>niui</strong></span> 
     </span>
    </p>
   </div>
   <div class='ocr_carea' id='block_1_100' title="bbox 1896 3993 3488 4072">
    <p class='ocr_par' dir='ltr' id='par_1_100' title="bbox 1896 3993 3488 4072">
     <span class='ocr_line' id='line_1_100' title="bbox 1896 3993 3488 4072; baseline -0.004 -19"><span class='ocrx_word' id='word_1_688' title='bbox 1896 4003 2038 4072; x_wconf 89' lang='lat' dir='ltr'><strong>quod</strong></span> <span class='ocrx_word' id='word_1_689' title='bbox 2069 4000 2216 4055; x_wconf 90' lang='lat' dir='ltr'><strong>solus</strong></span> <span class='ocrx_word' id='word_1_690' title='bbox 2255 3999 2538 4056; x_wconf 77' lang='lat' dir='ltr'><strong>veritatem</strong></span> <span class='ocrx_word' id='word_1_691' title='bbox 2572 3997 2745 4053; x_wconf 85' lang='lat' dir='ltr'><strong>dicat.</strong></span> <span class='ocrx_word' id='word_1_692' title='bbox 2781 3994 2980 4062; x_wconf 77' lang='lat' dir='ltr'><strong>Metnm</strong></span> <span class='ocrx_word' id='word_1_693' title='bbox 3033 4008 3198 4064; x_wconf 87' lang='lat' dir='ltr'><strong>porro</strong></span> <span class='ocrx_word' id='word_1_694' title='bbox 3240 3993 3488 4062; x_wconf 81' lang='lat' dir='ltr'><strong>pruden-</strong></span> 
     </span>
    </p>
   </div>
   <div class='ocr_carea' id='block_1_101' title="bbox 1897 4085 3489 4158">
    <p class='ocr_par' dir='ltr' id='par_1_101' title="bbox 1897 4085 3489 4158">
     <span class='ocr_line' id='line_1_101' title="bbox 1897 4085 3489 4158; baseline -0.005 -11"><span class='ocrx_word' id='word_1_695' title='bbox 1897 4095 2041 4148; x_wconf 87' lang='lat' dir='ltr'><strong>tibus</strong></span> <span class='ocrx_word' id='word_1_696' title='bbox 2076 4092 2246 4158; x_wconf 83' lang='lat' dir='ltr'><strong>injicit</strong></span> <span class='ocrx_word' id='word_1_697' title='bbox 2267 4092 2466 4146; x_wconf 85' lang='lat' dir='ltr'><strong>dictum</strong></span> <span class='ocrx_word' id='word_1_698' title='bbox 2497 4090 2626 4146; x_wconf 85' lang='lat' dir='ltr'><strong>illud</strong></span> <span class='ocrx_word' id='word_1_699' title='bbox 2660 4106 2676 4144; x_wconf 83' lang='lat'><strong>:</strong></span> <span class='ocrx_word' id='word_1_700' title='bbox 2709 4087 2803 4142; x_wconf 81' lang='lat' dir='ltr'><strong>Vae</strong></span> <span class='ocrx_word' id='word_1_701' title='bbox 2832 4088 2951 4142; x_wconf 86' lang='lat' dir='ltr'><strong>viro</strong></span> <span class='ocrx_word' id='word_1_702' title='bbox 2981 4086 3082 4143; x_wconf 87' lang='lat' dir='ltr'><strong>soli</strong></span> <span class='ocrx_word' id='word_1_703' title='bbox 3111 4087 3125 4141; x_wconf 88' lang='grc' dir='ltr'><strong>ι</strong></span> <span class='ocrx_word' id='word_1_704' title='bbox 3157 4085 3283 4155; x_wconf 89' lang='lat' dir='ltr'><strong>quis</strong></span> <span class='ocrx_word' id='word_1_705' title='bbox 3338 4086 3489 4140; x_wconf 86' lang='lat' dir='ltr'><strong>enim</strong></span> 
     </span>
    </p>
   </div>
   <div class='ocr_carea' id='block_1_102' title="bbox 1898 4175 3490 4252">
    <p class='ocr_par' dir='ltr' id='par_1_102' title="bbox 1898 4175 3490 4252">
     <span class='ocr_line' id='line_1_102' title="bbox 1898 4175 3490 4252; baseline -0.005 -13"><span class='ocrx_word' id='word_1_706' title='bbox 1898 4199 2222 4252; x_wconf 82' lang='lat' dir='ltr'><strong>sponsorem</strong></span> <span class='ocrx_word' id='word_1_707' title='bbox 2255 4197 2378 4238; x_wconf 68' lang='lat' dir='ltr'><strong>sese</strong></span> <span class='ocrx_word' id='word_1_708' title='bbox 2416 4181 2560 4234; x_wconf 83' lang='lat' dir='ltr'><strong>dabit</strong></span> <span class='ocrx_word' id='word_1_709' title='bbox 2595 4194 2692 4248; x_wconf 86' lang='lat' dir='ltr'><strong>pro</strong></span> <span class='ocrx_word' id='word_1_710' title='bbox 2724 4195 2812 4244; x_wconf 85' lang='lat' dir='ltr'><strong>eo,</strong></span> <span class='ocrx_word' id='word_1_711' title='bbox 2850 4179 2979 4249; x_wconf 86' lang='lat' dir='ltr'><strong>quin</strong></span> <span class='ocrx_word' id='word_1_712' title='bbox 3011 4186 3354 4242; x_wconf 81' lang='lat' dir='ltr'><strong>conteratur,</strong></span> <span class='ocrx_word' id='word_1_713' title='bbox 3394 4175 3490 4231; x_wconf 77' lang='lat' dir='ltr'><strong>ubi</strong></span> 
     </span>
    </p>
   </div>
   <div class='ocr_carea' id='block_1_103' title="bbox 1898 4272 2603 4343">
    <p class='ocr_par' dir='ltr' id='par_1_103' title="bbox 1898 4272 2603 4343">
     <span class='ocr_line' id='line_1_103' title="bbox 1898 4272 2603 4343; baseline -0.009 -11"><span class='ocrx_word' id='word_1_714' title='bbox 1898 4277 2064 4332; x_wconf 89' lang='lat' dir='ltr'><strong>semel</strong></span> <span class='ocrx_word' id='word_1_715' title='bbox 2096 4275 2369 4343; x_wconf 82' lang='lat' dir='ltr'><strong>collapsus</strong></span> <span class='ocrx_word' id='word_1_716' title='bbox 2397 4272 2552 4326; x_wconf 71' lang='lat' dir='ltr'><strong>fuerit</strong></span> <span class='ocrx_word' id='word_1_717' title='bbox 2577 4272 2603 4326; x_wconf 69' lang='grc' dir='ltr'><strong>*ἒ</strong></span> 
     </span>
    </p>
   </div>
   <div class='ocr_carea' id='block_1_104' title="bbox 1965 4361 3484 4432">
    <p class='ocr_par' dir='ltr' id='par_1_104' title="bbox 1965 4361 3484 4432">
     <span class='ocr_line' id='line_1_104' title="bbox 1965 4361 3484 4432; baseline -0.005 -12"><span class='ocrx_word' id='word_1_718' title='bbox 1965 4368 2054 4420; x_wconf 71' lang='grc'><strong>47.</strong></span> <span class='ocrx_word' id='word_1_719' title='bbox 2079 4365 2196 4420; x_wconf 87' lang='lat' dir='ltr'><strong>Jam</strong></span> <span class='ocrx_word' id='word_1_720' title='bbox 2232 4379 2363 4420; x_wconf 86' lang='lat' dir='ltr'><strong>vero</strong></span> <span class='ocrx_word' id='word_1_721' title='bbox 2400 4365 2468 4418; x_wconf 89' lang='lat' dir='ltr'><strong>ab</strong></span> <span class='ocrx_word' id='word_1_722' title='bbox 2502 4363 2566 4418; x_wconf 89' lang='lat' dir='ltr'><strong>iis</strong></span> <span class='ocrx_word' id='word_1_723' title='bbox 2597 4365 2690 4432; x_wconf 85' lang='lat' dir='ltr'><strong>qui</strong></span> <span class='ocrx_word' id='word_1_724' title='bbox 2714 4362 2922 4420; x_wconf 87' lang='lat' dir='ltr'><strong>dociles</strong></span> <span class='ocrx_word' id='word_1_725' title='bbox 2955 4363 3228 4419; x_wconf 82' lang='lat' dir='ltr'><strong>instruere</strong></span> <span class='ocrx_word' id='word_1_726' title='bbox 3263 4361 3484 4426; x_wconf 86' lang='lat' dir='ltr'><strong>callent,</strong></span> 
     </span>
    </p>
   </div>
   <div class='ocr_carea' id='block_1_105' title="bbox 1898 4454 3480 4524">
    <p class='ocr_par' dir='ltr' id='par_1_105' title="bbox 1898 4454 3480 4524">
     <span class='ocr_line' id='line_1_105' title="bbox 1898 4454 3480 4524; baseline -0.004 -11"><span class='ocrx_word' id='word_1_727' title='bbox 1898 4459 2115 4514; x_wconf 88' lang='lat' dir='ltr'><strong>dicetur</strong></span> <span class='ocrx_word' id='word_1_728' title='bbox 2146 4458 2326 4521; x_wconf 87' lang='lat' dir='ltr'><strong>nobis,</strong></span> <span class='ocrx_word' id='word_1_729' title='bbox 2381 4465 2634 4518; x_wconf 81' lang='lat' dir='ltr'><strong>naturam</strong></span> <span class='ocrx_word' id='word_1_730' title='bbox 2693 4457 2867 4524; x_wconf 86' lang='lat' dir='ltr'><strong>ipsam</strong></span> <span class='ocrx_word' id='word_1_731' title='bbox 2907 4457 3107 4511; x_wconf 88' lang='lat' dir='ltr'><strong>docere</strong></span> <span class='ocrx_word' id='word_1_732' title='bbox 3152 4465 3210 4510; x_wconf 88' lang='lat' dir='ltr'><strong>et</strong></span> <span class='ocrx_word' id='word_1_733' title='bbox 3261 4454 3480 4510; x_wconf 85' lang='lat' dir='ltr'><strong>erudire</strong></span> 
     </span>
    </p>
   </div>
   <div class='ocr_carea' id='block_1_106' title="bbox 1825 4547 3483 4624">
    <p class='ocr_par' dir='ltr' id='par_1_106' title="bbox 1825 4547 3483 4624">
     <span class='ocr_line' id='line_1_106' title="bbox 1825 4547 3483 4624; baseline -0.005 -16"><span class='ocrx_word' id='word_1_734' title='bbox 1825 4570 1868 4624; x_wconf 80' lang='grc' dir='ltr'><strong>ι)</strong></span> <span class='ocrx_word' id='word_1_735' title='bbox 1900 4552 2172 4610; x_wconf 87' lang='lat' dir='ltr'><strong>hominem</strong></span> <span class='ocrx_word' id='word_1_736' title='bbox 2203 4561 2570 4611; x_wconf 85' lang='lat' dir='ltr'><strong>mansuetum,</strong></span> <span class='ocrx_word' id='word_1_737' title='bbox 2613 4547 2927 4606; x_wconf 75' lang='lat' dir='ltr'><strong>sociabilem</strong></span> <span class='ocrx_word' id='word_1_738' title='bbox 2969 4548 3093 4602; x_wconf 74' lang='lat' dir='ltr'><strong>vitae</strong></span> <span class='ocrx_word' id='word_1_739' title='bbox 3121 4562 3310 4602; x_wconf 81' lang='lat' dir='ltr'><strong>amore</strong></span> <span class='ocrx_word' id='word_1_740' title='bbox 3344 4560 3483 4615; x_wconf 71' lang='lat' dir='ltr'><strong>pra:-</strong></span> 
     </span>
    </p>
   </div>
   <div class='ocr_carea' id='block_1_107' title="bbox 1897 4639 3488 4711">
    <p class='ocr_par' dir='ltr' id='par_1_107' title="bbox 1897 4639 3488 4711">
     <span class='ocr_line' id='line_1_107' title="bbox 1897 4639 3488 4711; baseline -0.004 -11"><span class='ocrx_word' id='word_1_741' title='bbox 1897 4645 2092 4709; x_wconf 88' lang='lat' dir='ltr'><strong>ditum,</strong></span> <span class='ocrx_word' id='word_1_742' title='bbox 2121 4642 2360 4706; x_wconf 89' lang='lat' dir='ltr'><strong>civilem,</strong></span> <span class='ocrx_word' id='word_1_743' title='bbox 2395 4650 2677 4698; x_wconf 86' lang='lat' dir='ltr'><strong>strenuum</strong></span> <span class='ocrx_word' id='word_1_744' title='bbox 2703 4655 2768 4696; x_wconf 83' lang='lat' dir='ltr'><strong>ac</strong></span> <span class='ocrx_word' id='word_1_745' title='bbox 2803 4641 2975 4711; x_wconf 85' lang='lat' dir='ltr'><strong>pium,</strong></span> <span class='ocrx_word' id='word_1_746' title='bbox 3012 4648 3072 4695; x_wconf 89' lang='lat' dir='ltr'><strong>ut</strong></span> <span class='ocrx_word' id='word_1_747' title='bbox 3109 4639 3255 4695; x_wconf 86' lang='lat' dir='ltr'><strong>sicut</strong></span> <span class='ocrx_word' id='word_1_748' title='bbox 3286 4639 3488 4696; x_wconf 80' lang='lat' dir='ltr'><strong>multas</strong></span> 
     </span>
    </p>
   </div>
   <div class='ocr_carea' id='block_1_108' title="bbox 1897 4728 3486 4802">
    <p class='ocr_par' dir='ltr' id='par_1_108' title="bbox 1897 4728 3486 4802">
     <span class='ocr_line' id='line_1_108' title="bbox 1897 4728 3486 4802; baseline -0.006 -10"><span class='ocrx_word' id='word_1_749' title='bbox 1897 4751 1986 4792; x_wconf 87' lang='lat' dir='ltr'><strong>res</strong></span> <span class='ocrx_word' id='word_1_750' title='bbox 2014 4750 2078 4791; x_wconf 88' lang='lat' dir='ltr'><strong>ac</strong></span> <span class='ocrx_word' id='word_1_751' title='bbox 2105 4735 2321 4802; x_wconf 78' lang='lat' dir='ltr'><strong>negotia</strong></span> <span class='ocrx_word' id='word_1_752' title='bbox 2362 4735 2416 4790; x_wconf 88' lang='lat' dir='ltr'><strong>in</strong></span> <span class='ocrx_word' id='word_1_753' title='bbox 2452 4749 2618 4788; x_wconf 90' lang='lat' dir='ltr'><strong>unum</strong></span> <span class='ocrx_word' id='word_1_754' title='bbox 2651 4731 2953 4802; x_wconf 76' lang='lat' dir='ltr'><strong>coniungit,</strong></span> <span class='ocrx_word' id='word_1_755' title='bbox 2992 4733 3062 4786; x_wconf 90' lang='lat' dir='ltr'><strong>ita</strong></span> <span class='ocrx_word' id='word_1_756' title='bbox 3098 4731 3268 4786; x_wconf 82' lang='lat' dir='ltr'><strong>etiam</strong></span> <span class='ocrx_word' id='word_1_757' title='bbox 3307 4728 3486 4784; x_wconf 90' lang='lat' dir='ltr'><strong>homi-</strong></span> 
     </span>
    </p>
   </div>
   <div class='ocr_carea' id='block_1_109' title="bbox 1899 4819 3483 4889">
    <p class='ocr_par' dir='ltr' id='par_1_109' title="bbox 1899 4819 3483 4889">
     <span class='ocr_line' id='line_1_109' title="bbox 1899 4819 3483 4889; baseline -0.003 -11"><span class='ocrx_word' id='word_1_758' title='bbox 1899 4841 1994 4881; x_wconf 86' lang='lat' dir='ltr'><strong>nes</strong></span> <span class='ocrx_word' id='word_1_759' title='bbox 2033 4826 2100 4878; x_wconf 90' lang='lat' dir='ltr'><strong>ad</strong></span> <span class='ocrx_word' id='word_1_760' title='bbox 2129 4832 2332 4880; x_wconf 71' lang='lat' dir='ltr'><strong>cretum</strong></span> <span class='ocrx_word' id='word_1_761' title='bbox 2365 4837 2432 4879; x_wconf 88' lang='lat' dir='ltr'><strong>ac</strong></span> <span class='ocrx_word' id='word_1_762' title='bbox 2463 4822 2785 4876; x_wconf 89' lang='lat' dir='ltr'><strong>societatem</strong></span> <span class='ocrx_word' id='word_1_763' title='bbox 2834 4832 3105 4877; x_wconf 89' lang='lat' dir='ltr'><strong>convocet</strong></span> <span class='ocrx_word' id='word_1_764' title='bbox 3157 4831 3321 4889; x_wconf 88' lang='lat' dir='ltr'><strong>atque</strong></span> <span class='ocrx_word' id='word_1_765' title='bbox 3354 4819 3483 4874; x_wconf 71' lang='lat' dir='ltr'><strong>vita:</strong></span> 
     </span>
    </p>
   </div>
   <div class='ocr_carea' id='block_1_110' title="bbox 1894 4911 3478 4988">
    <p class='ocr_par' dir='ltr' id='par_1_110' title="bbox 1894 4911 3478 4988">
     <span class='ocr_line' id='line_1_110' title="bbox 1894 4911 3478 4988; baseline -0.005 -15"><span class='ocrx_word' id='word_1_766' title='bbox 1894 4916 2147 4988; x_wconf 78' lang='lat' dir='ltr'><strong>perfectae</strong></span> <span class='ocrx_word' id='word_1_767' title='bbox 2177 4914 2468 4986; x_wconf 83' lang='lat' dir='ltr'><strong>participes</strong></span> <span class='ocrx_word' id='word_1_768' title='bbox 2508 4915 2718 4970; x_wconf 84' lang='lat' dir='ltr'><strong>reddat.</strong></span> <span class='ocrx_word' id='word_1_769' title='bbox 2755 4914 2901 4968; x_wconf 88' lang='lat' dir='ltr'><strong>Sane</strong></span> <span class='ocrx_word' id='word_1_770' title='bbox 2931 4915 3080 4970; x_wconf 89' lang='lat' dir='ltr'><strong>enim</strong></span> <span class='ocrx_word' id='word_1_771' title='bbox 3105 4913 3240 4970; x_wconf 90' lang='lat' dir='ltr'><strong>nihil</strong></span> <span class='ocrx_word' id='word_1_772' title='bbox 3271 4911 3478 4983; x_wconf 87' lang='lat' dir='ltr'><strong>aliquid</strong></span> 
     </span>
    </p>
   </div>
   <div class='ocr_carea' id='block_1_111' title="bbox 1895 5008 3478 5078">
    <p class='ocr_par' dir='ltr' id='par_1_111' title="bbox 1895 5008 3478 5078">
     <span class='ocr_line' id='line_1_111' title="bbox 1895 5008 3478 5078; baseline -0.003 -14"><span class='ocrx_word' id='word_1_773' title='bbox 1895 5014 2057 5078; x_wconf 86' lang='lat' dir='ltr'><strong>valet,</strong></span> <span class='ocrx_word' id='word_1_774' title='bbox 2092 5011 2197 5066; x_wconf 85' lang='lat' dir='ltr'><strong>nisi</strong></span> <span class='ocrx_word' id='word_1_775' title='bbox 2231 5010 2332 5064; x_wconf 86' lang='lat' dir='ltr'><strong>alia</strong></span> <span class='ocrx_word' id='word_1_776' title='bbox 2366 5011 2652 5074; x_wconf 78' lang='lat' dir='ltr'><strong>accedant,</strong></span> <span class='ocrx_word' id='word_1_777' title='bbox 2693 5009 2839 5063; x_wconf 85' lang='lat' dir='ltr'><strong>verbi</strong></span> <span class='ocrx_word' id='word_1_778' title='bbox 2869 5023 3035 5064; x_wconf 86' lang='lat' dir='ltr'><strong>causa</strong></span> <span class='ocrx_word' id='word_1_779' title='bbox 3069 5013 3250 5063; x_wconf 78' lang='lat' dir='ltr'><strong>textor</strong></span> <span class='ocrx_word' id='word_1_780' title='bbox 3295 5008 3478 5078; x_wconf 83' lang='lat' dir='ltr'><strong>quoad</strong></span> 
     </span>
    </p>
   </div>
   <div class='ocr_carea' id='block_1_112' title="bbox 1893 5096 3479 5170">
    <p class='ocr_par' dir='ltr' id='par_1_112' title="bbox 1893 5096 3479 5170">
     <span class='ocr_line' id='line_1_112' title="bbox 1893 5096 3479 5170; baseline -0.004 -11"><span class='ocrx_word' id='word_1_781' title='bbox 1893 5114 2090 5170; x_wconf 89' lang='lat' dir='ltr'><strong>vestes,</strong></span> <span class='ocrx_word' id='word_1_782' title='bbox 2125 5110 2278 5160; x_wconf 88' lang='lat' dir='ltr'><strong>sutor</strong></span> <span class='ocrx_word' id='word_1_783' title='bbox 2315 5100 2496 5170; x_wconf 87' lang='lat' dir='ltr'><strong>quoad</strong></span> <span class='ocrx_word' id='word_1_784' title='bbox 2530 5099 2940 5166; x_wconf 82' lang='lat' dir='ltr'><strong>calceamenta,</strong></span> <span class='ocrx_word' id='word_1_785' title='bbox 2965 5108 3022 5154; x_wconf 92' lang='lat' dir='ltr'><strong>et</strong></span> <span class='ocrx_word' id='word_1_786' title='bbox 3056 5098 3212 5156; x_wconf 90' lang='lat' dir='ltr'><strong>multi</strong></span> <span class='ocrx_word' id='word_1_787' title='bbox 3243 5099 3337 5154; x_wconf 80' lang='lat' dir='ltr'><strong>alii</strong></span> <span class='ocrx_word' id='word_1_788' title='bbox 3388 5096 3479 5168; x_wconf 89' lang='lat' dir='ltr'><strong>qui</strong></span> 
     </span>
    </p>
   </div>
   <div class='ocr_carea' id='block_1_113' title="bbox 1893 5193 3478 5264">
    <p class='ocr_par' dir='ltr' id='par_1_113' title="bbox 1893 5193 3478 5264">
     <span class='ocr_line' id='line_1_113' title="bbox 1893 5193 3478 5264; baseline -0.001 -14"><span class='ocrx_word' id='word_1_789' title='bbox 1893 5199 2072 5252; x_wconf 88' lang='lat' dir='ltr'><strong>varias</strong></span> <span class='ocrx_word' id='word_1_790' title='bbox 2110 5209 2196 5251; x_wconf 90' lang='lat' dir='ltr'><strong>res</strong></span> <span class='ocrx_word' id='word_1_791' title='bbox 2223 5194 2275 5249; x_wconf 92' lang='lat' dir='ltr'><strong>in</strong></span> <span class='ocrx_word' id='word_1_792' title='bbox 2305 5193 2553 5264; x_wconf 89' lang='lat' dir='ltr'><strong>corporis</strong></span> <span class='ocrx_word' id='word_1_793' title='bbox 2577 5207 2736 5248; x_wconf 86' lang='lat' dir='ltr'><strong>usum</strong></span> <span class='ocrx_word' id='word_1_794' title='bbox 2764 5193 3072 5251; x_wconf 78' lang='lat' dir='ltr'><strong>destinatas</strong></span> <span class='ocrx_word' id='word_1_795' title='bbox 3098 5193 3445 5264; x_wconf 83' lang='lat' dir='ltr'><strong>suppeditant</strong></span> <span class='ocrx_word' id='word_1_796' title='bbox 3465 5233 3478 5249; x_wconf 66' lang='grc' dir='ltr'><strong>ν</strong></span> 
     </span>
    </p>
   </div>
   <div class='ocr_carea' id='block_1_114' title="bbox 1889 5281 3482 5353">
    <p class='ocr_par' dir='ltr' id='par_1_114' title="bbox 1889 5281 3482 5353">
     <span class='ocr_line' id='line_1_114' title="bbox 1889 5281 3482 5353; baseline -0.007 -6"><span class='ocrx_word' id='word_1_797' title='bbox 1889 5291 2012 5346; x_wconf 83' lang='lat' dir='ltr'><strong>Jam</strong></span> <span class='ocrx_word' id='word_1_798' title='bbox 2042 5303 2173 5344; x_wconf 91' lang='lat' dir='ltr'><strong>vero</strong></span> <span class='ocrx_word' id='word_1_799' title='bbox 2199 5287 2266 5341; x_wconf 90' lang='lat' dir='ltr'><strong>de</strong></span> <span class='ocrx_word' id='word_1_800' title='bbox 2304 5300 2538 5353; x_wconf 80' lang='lat' dir='ltr'><strong>corpore</strong></span> <span class='ocrx_word' id='word_1_801' title='bbox 2590 5299 2680 5340; x_wconf 80' lang='lat' dir='ltr'><strong>res</strong></span> <span class='ocrx_word' id='word_1_802' title='bbox 2727 5285 2774 5340; x_wconf 88' lang='lat' dir='ltr'><strong>si</strong></span> <span class='ocrx_word' id='word_1_803' title='bbox 2828 5285 2902 5339; x_wconf 88' lang='lat' dir='ltr'><strong>ita</strong></span> <span class='ocrx_word' id='word_1_804' title='bbox 2957 5299 3016 5341; x_wconf 89' lang='lat' dir='ltr'><strong>se</strong></span> <span class='ocrx_word' id='word_1_805' title='bbox 3063 5283 3253 5349; x_wconf 81' lang='lat' dir='ltr'><strong>habet,</strong></span> <span class='ocrx_word' id='word_1_806' title='bbox 3308 5281 3482 5338; x_wconf 79' lang='lat' dir='ltr'><strong>multo</strong></span> 
     </span>
    </p>
   </div>
   <div class='ocr_carea' id='block_1_115' title="bbox 1893 5376 3476 5452">
    <p class='ocr_par' dir='ltr' id='par_1_115' title="bbox 1893 5376 3476 5452">
     <span class='ocr_line' id='line_1_115' title="bbox 1893 5376 3476 5452; baseline -0.006 -15"><span class='ocrx_word' id='word_1_807' title='bbox 1893 5385 2064 5452; x_wconf 84' lang='lat' dir='ltr'><strong>magis</strong></span> <span class='ocrx_word' id='word_1_808' title='bbox 2091 5383 2156 5437; x_wconf 90' lang='lat' dir='ltr'><strong>de</strong></span> <span class='ocrx_word' id='word_1_809' title='bbox 2195 5381 2397 5444; x_wconf 82' lang='lat' dir='ltr'><strong>anima,</strong></span> <span class='ocrx_word' id='word_1_810' title='bbox 2427 5394 2548 5450; x_wconf 66' lang='lat' dir='ltr'><strong>quae</strong></span> <span class='ocrx_word' id='word_1_811' title='bbox 2581 5379 2824 5434; x_wconf 89' lang='lat' dir='ltr'><strong>hominis</strong></span> <span class='ocrx_word' id='word_1_812' title='bbox 2859 5393 2986 5450; x_wconf 86' lang='lat' dir='ltr'><strong>pars</strong></span> <span class='ocrx_word' id='word_1_813' title='bbox 3028 5376 3476 5449; x_wconf 74' lang='lat' dir='ltr'><strong>praestantissima</strong></span> 
     </span>
    </p>
   </div>
   <div class='ocr_carea' id='block_1_116' title="bbox 1890 5466 3484 5538">
    <p class='ocr_par' dir='ltr' id='par_1_116' title="bbox 1890 5466 3484 5538">
     <span class='ocr_line' id='line_1_116' title="bbox 1890 5466 3484 5538; baseline -0.003 -16"><span class='ocrx_word' id='word_1_814' title='bbox 1890 5478 1994 5535; x_wconf 86' lang='lat' dir='ltr'><strong>est,</strong></span> <span class='ocrx_word' id='word_1_815' title='bbox 2040 5471 2148 5523; x_wconf 90' lang='lat' dir='ltr'><strong>imo</strong></span> <span class='ocrx_word' id='word_1_816' title='bbox 2176 5469 2294 5523; x_wconf 86' lang='lat' dir='ltr'><strong>sine</strong></span> <span class='ocrx_word' id='word_1_817' title='bbox 2334 5470 2442 5538; x_wconf 83' lang='lat' dir='ltr'><strong>qua</strong></span> <span class='ocrx_word' id='word_1_818' title='bbox 2494 5483 2562 5532; x_wconf 87' lang='lat' dir='ltr'><strong>ne</strong></span> <span class='ocrx_word' id='word_1_819' title='bbox 2594 5468 2736 5522; x_wconf 88' lang='lat' dir='ltr'><strong>ullus</strong></span> <span class='ocrx_word' id='word_1_820' title='bbox 2770 5468 2992 5538; x_wconf 88' lang='lat' dir='ltr'><strong>quidem</strong></span> <span class='ocrx_word' id='word_1_821' title='bbox 3032 5468 3198 5524; x_wconf 88' lang='lat' dir='ltr'><strong>homo</strong></span> <span class='ocrx_word' id='word_1_822' title='bbox 3229 5466 3484 5525; x_wconf 77' lang='lat' dir='ltr'><strong>exsistit._</strong></span> 
     </span>
    </p>
   </div>
   <div class='ocr_carea' id='block_1_117' title="bbox 1957 5558 3467 5628">
    <p class='ocr_par' dir='ltr' id='par_1_117' title="bbox 1957 5558 3467 5628">
     <span class='ocr_line' id='line_1_117' title="bbox 1957 5558 3467 5628; baseline -0.003 -11"><span class='ocrx_word' id='word_1_823' title='bbox 1957 5562 2047 5617; x_wconf 72' lang='grc'><strong>48.</strong></span> <span class='ocrx_word' id='word_1_824' title='bbox 2087 5558 2144 5614; x_wconf 90' lang='lat' dir='ltr'><strong>Si</strong></span> <span class='ocrx_word' id='word_1_825' title='bbox 2173 5574 2304 5615; x_wconf 89' lang='lat' dir='ltr'><strong>vero</strong></span> <span class='ocrx_word' id='word_1_826' title='bbox 2332 5559 2433 5614; x_wconf 89' lang='lat' dir='ltr'><strong>hoc</strong></span> <span class='ocrx_word' id='word_1_827' title='bbox 2456 5568 2508 5614; x_wconf 86' lang='lat' dir='ltr'><strong>et</strong></span> <span class='ocrx_word' id='word_1_828' title='bbox 2533 5567 2720 5614; x_wconf 89' lang='lat' dir='ltr'><strong>notum</strong></span> <span class='ocrx_word' id='word_1_829' title='bbox 2750 5570 2828 5625; x_wconf 87' lang='lat' dir='ltr'><strong>et,</strong></span> <span class='ocrx_word' id='word_1_830' title='bbox 2859 5560 2938 5616; x_wconf 89' lang='lat' dir='ltr'><strong>uti</strong></span> <span class='ocrx_word' id='word_1_831' title='bbox 2983 5560 3215 5620; x_wconf 82' lang='lat' dir='ltr'><strong>videtur,</strong></span> <span class='ocrx_word' id='word_1_832' title='bbox 3251 5565 3467 5628; x_wconf 84' lang='lat' dir='ltr'><strong>gratum</strong></span> 
     </span>
    </p>
   </div>
   <div class='ocr_carea' id='block_1_118' title="bbox 1889 5649 3472 5723">
    <p class='ocr_par' dir='ltr' id='par_1_118' title="bbox 1889 5649 3472 5723">
     <span class='ocr_line' id='line_1_118' title="bbox 1889 5649 3472 5723; baseline -0.003 -17"><span class='ocrx_word' id='word_1_833' title='bbox 1889 5662 2279 5723; x_wconf 81' lang='lat' dir='ltr'><strong>acceptumque</strong></span> <span class='ocrx_word' id='word_1_834' title='bbox 2305 5661 2387 5707; x_wconf 88' lang='lat' dir='ltr'><strong>est</strong></span> <span class='ocrx_word' id='word_1_835' title='bbox 2412 5653 2666 5707; x_wconf 88' lang='lat' dir='ltr'><strong>omnibus</strong></span> <span class='ocrx_word' id='word_1_836' title='bbox 2693 5653 3034 5717; x_wconf 86' lang='lat' dir='ltr'><strong>hominibus,</strong></span> <span class='ocrx_word' id='word_1_837' title='bbox 3064 5649 3193 5718; x_wconf 89' lang='lat' dir='ltr'><strong>quid</strong></span> <span class='ocrx_word' id='word_1_838' title='bbox 3226 5650 3472 5718; x_wconf 86' lang='lat' dir='ltr'><strong>tandem,</strong></span> 
     </span>
    </p>
   </div>
   <div class='ocr_carea' id='block_1_119' title="bbox 1890 5743 3473 5818">
    <p class='ocr_par' dir='ltr' id='par_1_119' title="bbox 1890 5743 3473 5818">
     <span class='ocr_line' id='line_1_119' title="bbox 1890 5743 3473 5818; baseline 0.001 -20"><span class='ocrx_word' id='word_1_839' title='bbox 1890 5746 1978 5801; x_wconf 89' lang='lat' dir='ltr'><strong>ubi</strong></span> <span class='ocrx_word' id='word_1_840' title='bbox 2006 5746 2130 5818; x_wconf 88' lang='lat' dir='ltr'><strong>quis</strong></span> <span class='ocrx_word' id='word_1_841' title='bbox 2175 5745 2354 5802; x_wconf 81' lang='lat' dir='ltr'><strong>lorum</strong></span> <span class='ocrx_word' id='word_1_842' title='bbox 2385 5745 2695 5814; x_wconf 76' lang='lat' dir='ltr'><strong>frequentat</strong></span> <span class='ocrx_word' id='word_1_843' title='bbox 2724 5755 2779 5800; x_wconf 92' lang='lat' dir='ltr'><strong>et</strong></span> <span class='ocrx_word' id='word_1_844' title='bbox 2829 5745 2884 5800; x_wconf 92' lang='lat' dir='ltr'><strong>in</strong></span> <span class='ocrx_word' id='word_1_845' title='bbox 2911 5759 3010 5800; x_wconf 88' lang='lat' dir='ltr'><strong>sua</strong></span> <span class='ocrx_word' id='word_1_846' title='bbox 3044 5753 3165 5800; x_wconf 85' lang='lat' dir='ltr'><strong>arte</strong></span> <span class='ocrx_word' id='word_1_847' title='bbox 3200 5743 3473 5811; x_wconf 74' lang='lat' dir='ltr'><strong>excellere</strong></span> 
     </span>
    </p>
   </div>
   <div class='ocr_carea' id='block_1_120' title="bbox 1890 5836 3469 5908">
    <p class='ocr_par' dir='ltr' id='par_1_120' title="bbox 1890 5836 3469 5908">
     <span class='ocr_line' id='line_1_120' title="bbox 1890 5836 3469 5908; baseline -0.001 -15"><span class='ocrx_word' id='word_1_848' title='bbox 1890 5837 2334 5908; x_wconf 79' lang='lat' dir='ltr'><strong>deprehenditur,</strong></span> <span class='ocrx_word' id='word_1_849' title='bbox 2359 5836 2427 5893; x_wconf 89' lang='lat' dir='ltr'><strong>ad</strong></span> <span class='ocrx_word' id='word_1_850' title='bbox 2447 5851 2570 5894; x_wconf 84' lang='lat' dir='ltr'><strong>eum</strong></span> <span class='ocrx_word' id='word_1_851' title='bbox 2599 5836 2906 5893; x_wconf 80' lang='lat' dir='ltr'><strong>assidentes</strong></span> <span class='ocrx_word' id='word_1_852' title='bbox 2932 5845 2988 5892; x_wconf 90' lang='lat' dir='ltr'><strong>et</strong></span> <span class='ocrx_word' id='word_1_853' title='bbox 3011 5850 3079 5892; x_wconf 82' lang='lat' dir='ltr'><strong>ea</strong></span> <span class='ocrx_word' id='word_1_854' title='bbox 3105 5836 3301 5904; x_wconf 86' lang='lat' dir='ltr'><strong>quibus</strong></span> <span class='ocrx_word' id='word_1_855' title='bbox 3330 5851 3469 5906; x_wconf 85' lang='lat' dir='ltr'><strong>opus</strong></span> 
     </span>
    </p>
   </div>
   <div class='ocr_carea' id='block_1_121' title="bbox 3074 5930 3142 5990">
    <p class='ocr_par' dir='ltr' id='par_1_121' title="bbox 3074 5930 3142 5990">
     <span class='ocr_line' id='line_1_121' title="bbox 3074 5930 3142 5990; baseline 0.015 -1"><span class='ocrx_word' id='word_1_856' title='bbox 3074 5930 3142 5990; x_wconf 82' lang='grc'><strong>11</strong></span> 
     </span>
    </p>
   </div>
  </div>
