3864 6558
446 351 549 417 331

1166 356 1599 423 EUSTATHII
1635 358 2089 423 TllESSALON
2102 357 2403 422 [CENSIS
2440 361 3002 423 METROPOLITE

3606 368 3694 432 3‘2

449 465 717 522 habemus
750 478 935 522 cmerc
982 471 1306 540 satagimus,
1346 472 1475 529 etsi
1512 488 1636 544 quae
1692 488 1801 529 non
1849 472 2032 528 statim

2183 471 2238 521 π’
2275 471 2444 525 αὑτοῦ
2503 472 2565 525 τὺ
2604 472 2787 525 ἐνδέον
2813 474 2970 541 ἡμῖν,
3003 471 3098 524 καὶ
3132 470 3207 540 μὴ
3242 470 3480 540 (τακέντα
3509 475 3561 526 δὲ
3588 480 3705 531 ἀνα..

448 568 770 630 appareant,
812 575 1028 616 summo
1078 576 1200 617 cum
1247 565 1432 620 studio
1484 565 1811 634 inquirimus
1862 580 2031 634 usque

447 654 577 705 dum
626 655 849 709 demum
902 656 1260 724 reperiamus,
1308 671 1485 728 neque
1526 659 1698 714 solum
1735 660 2034 729 gaudemus

450 742 596 813 quod
626 759 742 800 rem
774 744 1137 802 desideratam
1165 747 1278 816 jam
1316 750 1718 818 possideamus,
1748 752 1842 806 sed
1868 753 2034 806 inter-

452 837 582 892 dum
611 838 777 893 etiam
805 838 953 907 justo
983 838 1158 907 majus
1181 839 1413 910 pretium
1451 841 1795 910 insumimus,
1834 853 1893 898 ut
1919 859 2039 899 car-

410 970 415 973 -
454 947 577 987 nem
608 932 835 987 servitio
866 931 1141 989 addictam
1186 932 1369 1004 aliquo
1399 938 2042 1007 ornamentopulchrio-

457 1039 569 1080 rem
591 1022 862 1080 redditam
884 1026 1290 1095 spectatoribus
1301 1026 2039 1097 exhibeamus,ornamento,

455 1118 703 1185 inquam,
722 1119 865 1188 quod
887 1133 914 1169 a
933 1118 1090 1173 nobis
1112 1119 1432 1189 plerumque
1456 1134 1524 1174 ne
1555 1123 1896 1191 ceuspicitur
1917 1124 2041 1192 qui.

457 1209 872 1265 demiAnimam
889 1218 1068 1277 autem
1088 1209 1363 1266 dominam
1376 1213 1636 1269 sordibus
1649 1215 1810 1285 pollui
1826 1225 1880 1271 et
1897 1227 2064 1271 tene»

414 1338 423 1343 -
461 1302 573 1359 bris
592 1302 786 1368 ita,uti
809 1304 1181 1359 daemoniatro
1214 1315 1430 1373 gratum
1453 1316 1555 1369 est.
1578 1307 1779 1363 involvi
1800 1309 2043 1365 sinentcs

461 1411 569 1452 non
598 1395 774 1450 solum
809 1395 1011 1453 nullam
1042 1410 1265 1465 operam
1312 1397 1702 1470 impendimus,
1737 1411 1797 1455 ut
1824 1400 1907 1455 vel
1942 1401 2043 1472 ipsi

458 1503 579 1543 eam
626 1496 883 1558 tanquam
916 1490 1007 1545 Dei
1046 1505 1306 1568 sponsam
1351 1495 1803 1561 condecoremus,
1831 1494 1917 1551 vel
1952 1512 2049 1566 per

416 1610 421 1615 -
459 1580 625 1635 alium
660 1579 821 1649 hujus
852 1581 931 1636 rei
962 1570 1203 1651 peritum
1240 1586 1345 1640 hoc
1377 1585 1495 1640 ileri
1525 1586 1923 1652 sustineamus,
1948 1587 2046 1642 sed

461 1673 650 1737 ctiam,
678 1673 721 1727 si
765 1673 889 1742 quis
937 1674 1005 1729 ad
1052 1675 1294 1730 divinam
1336 1676 1720 1735 formationem
1753 1695 1848 1736 seu
1883 1688 2051 1735 tran-

2148 562 2442 632 ζητοῦντες
2477 567 2621 618 κατᾶ
2667 564 2908 633 σπουδὴν
2945 563 3148 632 πολλὴν
3181 562 3591 633 ὲξευρίσκομεν,
3625 572 3708 624 καὶ

2151 657 2648 727 προσρυῖσκόμενοι
2681 657 2879 728 ἔχομεν
2909 657 3153 725 φιλητῶς
3176 655 3383 709 ἐκεῖθεν
3406 657 3466 709 τὸ
3495 663 3709 732 πεποθη-

2154 749 2336 818 μένον,
2399 750 2867 819 καταϐαλλόμενοι
2898 749 3047 803 ἔστιν
3078 743 3139 803 οὗ
3176 751 3270 802 καί
3316 765 3370 801 τι
3407 751 3706 822 ὑπέρτιμον,

2151 840 2242 893 ἵνα
2271 839 2370 910 τὴν
2413 842 2607 911 δούλην
2653 840 2832 911 σάρκα
2883 843 2967 904 εἰς
2995 840 3280 912 ὡραϊσμὸν
3336 843 3449 904 τοῖς
3481 842 3708 910 βλέπουσι

2155 932 2641 1003 παραστησώμεθα
2662 933 2750 987 διὰ
2764 932 3158 1002 καλλωπισμοῦ
3186 949 3353 998 τινος,
3378 928 3438 986 οὗ
3468 935 3534 987 τά
3564 935 3712 990 πλεῖω

2156 1024 2280 1077 οὐδὲ
2329 1028 2408 1089 εἰς
2437 1024 2562 1095 ὄψιν
2605 1028 2741 1095 ἡμῖν
2791 1024 3052 1095 ἔρχεσθαι
3103 1025 3364 1089 δύναται;
3419 1025 3529 1094 Τὴν
3556 1026 3609 1079 δὲ
3636 1029 3709 1081 δέν

2159 1131 2390 1169 σποιναν
2427 1116 2606 1187 ψυχὴν
2634 1118 2890 1186 ἀφιέντες
2929 1116 3236 1186 ρυποῦσθαι
3258 1119 3351 1170 καὶ
3384 1119 3571 1172 σκότον
3594 1120 3716 1175 οὕτω

2159 1206 2662 1276 περιδιδὺοκεσθαι,
2727 1209 2802 1271 ὡς
2834 1210 2902 1263 ἂν
2931 1208 2959 1260 ό
3001 1209 3233 1279 ζοφερὸς
3291 1209 3503 1278 δαίμων
3535 1213 3714 1285 φιλοίη,

2157 1296 2287 1351 οὔτε
2325 1298 2625 1370 ζητοῦμεν,
2654 1299 2775 1363 πῶς
2820 1301 2941 1370 ᾶνῆ
2974 1302 3139 1371 ἡμεῖς
3166 1301 3325 1357 αὐτοὶ⁴
3349 1302 3717 1376 ὲξωραῖσωμεν

2159 1389 2235 1453 ὡς
2258 1391 2338 1454 είς
2375 1390 2600 1462 νύμφην
2633 1391 2792 1458 Θεοῦ,
2821 1391 2943 1462 ῆδι²
2973 1393 3164 1462 ἑτέρου
3200 1395 3718 1467 νυμεροστολήσωμεν

2161 1484 2552 1556 ἐπιστήμονος,
2581 1484 2717 1539 ἀλλὰ
2757 1484 2855 1538 καὶ
2885 1484 2938 1537 εί
2965 1502 3048 1550 τις
3127 1485 3423 1557 ἐπιφανείη
3475 1488 3720 1557 inane),

2160 1579 2389 1649 λόμενος
2418 1580 2515 1634 καὶ
2547 1582 2993 1652 προκαλούμενος
3031 1583 3112 1644 εἰς
3143 1582 3358 1653 θεοειδῆ
3394 1585 3487 1636 καὶ
3513 1584 3716 1654 θεοφεγ-

2162 1672 2235 1741 Υῆ
2271 1671 2572 1742 μόρφωσιν,
2609 1673 2708 1726 εἴτ’
2738 1672 2831 1726 οὖν
2859 1674 3312 1744 μεταμόριρωσιν,
3366 1676 3430 1729 οὑ
3459 1679 3719 1746 προπηλα-

463 1765 879 1821 sformationem
939 1781 1040 1822 nos
1089 1767 1407 1825 invitaverit
1454 1779 1616 1840 atque
1646 1776 2051 1841 provocaverit,

2175 1768 2414 1838 ιίζομεν,
2444 1767 2930 1840 ἢόστρακίζομεν,
2966 1769 3103 1823 ἀλλὰ
3158 1768 3257 1823 καὶ
3316 1769 3567 1843 ξιφήρεις
3619 1775 3720 1825 ἑπι-

462 1856 728 1914 ‹τοιινίεἰίε
768 1860 1176 1929 proscindimus
1223 1872 1278 1917 et
1324 1863 1515 1932 procul
1564 1864 1717 1920 abire
1760 1865 2044 1935 iubemus,

463 1950 573 2007 imo
612 1951 793 2022 gladio
839 1955 1084 2024 aggressi
1134 1954 1456 2017 interimere
1502 1958 1831 2014 studemus?
1864 1959 2056 2016 Omnis

420 2057 627 2125 'porro
661 2059 752 2101 ars
796 2061 824 2099 a
876 2046 1038 2103 nobis
1088 2046 1333 2115 diligitur
1380 2055 1434 2102 et
1486 2049 1844 2120 approbatur,
1905 2053 2057 2106 nullo

464 2137 612 2188 inter
661 2148 756 2190 cas
791 2134 1114 2191 discrimine
1143 2137 1435 2194 admissou
1468 2138 1556 2194 illa
1609 2150 1791 2197 autem
1835 2159 1956 2212 qua:
1987 2145 2054 2199 ad

459 2227 666 2281 anima!
700 2224 1163 2296 pulchritudinem
1201 2238 1434 2299 spectat,
1467 2233 1655 2301 procul
1706 2250 1732 2287 a
1770 2236 1930 2290 nobis
1964 2252 2052 2293 re-

464 2319 606 2382 ircta
640 2319 958 2390 negligitur,
996 2335 1175 2390 neque
1207 2321 1273 2376 ad
1309 2337 1465 2378 avem
1515 2323 1809 2380 infaustam
1847 2335 1941 2381 aut
1986 2329 2053 2382 ad

467 2408 684 2478 rupium
719 2410 1048 2481 prmcipitia,
1091 2410 1236 2469 unde
1275 2412 1493 2469 tandem
1527 2414 1822 2484 aliquando
1864 2417 2053 2473 reduci

468 2502 662 2567 possit,
684 2503 1047 2571 amandatur,
1075 2505 1172 2560 sed
1202 2505 1256 2560 in
1282 2505 1578 2563 oblivionis
1607 2508 1921 2577 voraginem
1951 2510 2055 2564 im-

468 2592 757 2662 mergitur,
789 2593 938 2649 unde
966 2596 1040 2649 ad
1076 2595 1251 2651 lucem
1279 2612 1560 2667 nunquam
1592 2600 1806 2657 redeat.

538 2684 631 2740 t9.
678 2684 927 2743 'Econtra
977 2702 1142 2744 omne
1197 2691 1445 2760 prudens
1488 2692 1808 2756 consilium,
1870 2693 2054 2748 omnia

435 2778 767 2836 :doctorum
804 2791 1098 2852 praecepta,
1144 2783 1214 2837 ad
1260 2783 1433 2838 vitam
1474 2784 1854 2856 corrigendum
1902 2801 2057 2855 spec-

432 2878 437 2885 ‘
473 2876 675 2940 lautia,
707 2883 765 2931 et
800 2875 951 2946 leges
986 2877 1301 2948 adiuvantia
1331 2886 1388 2932 et
1433 2892 1675 2934 canones
1715 2879 2055 2943 roborantia,

471 2982 775 3038 suppressa
789 2968 997 3039 iacent,
1021 2971 1282 3041 omnique
1308 2972 1474 3028 modo
1495 2973 1735 3029 societas
1761 2974 2057 3029 meditatur

466 3071 580 3114 non
624 3057 693 3113 de
718 3073 806 3122 eo,
843 3062 1250 3132 ut-respubl'rca
1291 3064 1440 3119 salva
1487 3065 1582 3129 sit,
1617 3065 1715 3122 sed
1744 3073 1807 3122 ut
1847 3065 2052 3135 justus,

466 3158 669 3222 utpote
698 3154 1064 3222 importunus,
1098 3154 1151 3208 in
1179 3155 1414 3210 vinculis
1437 3155 1644 3223 doleat,
1673 3166 1731 3212 et
1752 3168 2056 3227 praeceptor
2081 3181 2131 3246 ε

2157 1862 2467 1932 τρέχοντες,
2496 1861 2777 1932 ἀχρειοῦν,
2811 1865 2971 1935 εἴπερ
3021 1859 3135 1917 οἷόν
3192 1882 3249 1919 τε
3272 1860 3361 1936 ἦν,
3394 1866 3717 1936 γλιχόμεθας

2161 1950 2273 2004 Καὶ
2324 1951 2520 2006 ἅπασα
2568 1951 2671 2021 μὲν
2721 1952 2885 2023 τέχνη
2941 1954 3261 2024 στέργεταικ
3290 1956 3424 2026 παρ’
3454 1957 3582 2026 ἡμῖν
3644 1961 3721 2010 καὶ

2157 2043 2495 2114 ἐγκρίνεται,
2530 2044 2626 2097 καὶ
2653 2046 2715 2099 οὐ
2745 2044 3102 2117 διακρίνομεν
3148 2046 3433 2117 οὐδεμίαν·
3459 2050 3490 2117 ἡ
3518 2048 3573 2101 δὲ
3599 2051 3721 2101 κατά

2156 2134 2506 2188 διδασκαλίαν
2564 2136 2711 2207 ψυχῇ
2766 2136 3086 2206 πρέπουσαν
3146 2137 3511 2208 ἀποκρίνεται
3563 2138 3723 2208 βαλλοο

2161 2227 2298 2298 μένη
2327 2226 2549 2299 μακρὰν
2600 2226 2659 2294 ἐξ
2694 2228 2874 2297 ήμῶν,
2933 2230 3014 2292 είς
3040 2229 3164 2300 οὐχὶ
3194 2229 3443 2300 κόρακας
3477 2230 3510 2298 ἦ
3540 2231 3719 2301 πέτρας

2155 2322 2578 2392 ἀποκρήμνους,
2629 2322 2755 2375 ὅθεν
2808 2322 3194 2392 ὲπανασωθείη
3250 2323 3317 2377 ἂν
3377 2322 3510 2379 ἴσως
3569 2325 3721 2394 χρόνῳ

2158 2415 2315 2479 ποτὲ,
2345 2414 2482 2468 ἀλλά
2510 2415 2570 2478 ἐς
2616 2414 2779 2485 βυθὸν
2807 2414 2980 2487 λήθης
3026 2415 3301 2488 ἀφιεμένη
3366 2414 3721 2487 βαπτίζεσθαι,

2157 2507 2232 2571 ὡς
2271 2506 2346 2579 μὴ
2378 2506 2526 2578 ἔχειν
2559 2508 2849 2579 ἔκφανσιν.

2231 2688 2340 2759 μου.
2380 2688 2553 2760 Βουλῆ
2586 2689 2643 2744 δὲ
2674 2689 2865 2744 amca
2900 2690 2998 2741 και
3048 2667 3331 2760 συμϐουλῆ
3368 2689 3462 2743 και
3490 2690 3722 2745 διδαοκα-
3819 2734 3821 2749 ς

2157 2786 2284 2855 λικὴ
2313 2787 2574 2855 ἁρμονία,
2631 2785 2938 2838 συνεστῶσα
2985 2783 3101 2854 βίον
3159 2783 3362 2852 ὀρθὸν,
3429 2786 3522 2837 καὶ
3565 2788 3724 2854 νόμςις

2159 2877 2532 2949 ἐπικουροῦσα
2580 2878 2677 2931 καὶ
2707 2877 3228 2946 συλλαμϐανομένη,
3287 2876 3481 2929 κανόσι
3544 2888 3725 2947 κατηρ-

2158 2988 2375 3043 γηνται·
2410 2971 2839 3040 ἀντιπράττεται
2873 2970 2933 3023 δὲ
2956 2971 3065 3023 πᾶν
3090 2967 3386 3022 ἐπίϐουλον
3442 2971 3533 3023 καὶ
3575 2972 3605 3040 ἡ
3643 2969 3725 3022 σί-

2167 3062 2346 3128 ναξις,
2376 3061 2519 3132 οὐχὶ,
2548 3060 2666 3124 πῶς
2701 3060 2769 3115 ἂν
2796 3061 2858 3114 τὸ
2885 3061 3067 3115 κοινὸν
3090 3060 3311 3132 σωθείη,
3356 3061 3497 3114 ἀλλά
3540 3062 3646 3125 πῶς
3672 3062 3726 3114 ἄν

2165 3159 2193 3210 6
2221 3156 2428 3213 δίκαιος
2450 3154 2587 3225 μὲν,
2620 3154 2960 3224 δύσχρηστος
2987 3153 3064 3220 δὲ,
3094 3153 3506 3225 καταπονηθείη
3531 3152 3724 3222 δεσμῷ,

435 3245 671 3315 ιιψιὶιιυσ
713 3244 852 3300 bene
897 3246 1183 3303 institutus
1235 3258 1342 3315 est,
1377 3256 1433 3304 et
1485 3251 1553 3303 ad
1592 3266 1715 3321 quae
1756 3251 2059 3321 proﬁtenda

2175 3248 2313 3300 κν.ὶῦ
2343 3245 2668 3307 διδάσκαλος
2732 3243 3063 3315 μεταμάθοι,
3130 3245 3168 3302 δ.
3200 3245 3308 3300 καὶ
3361 3245 3526 3307 αὐτὸς
3573 3243 3729 3305 καλῶς

475 3336 615 3393 alios
641 3337 937 3395 instituere
965 3338 1187 3411 sategit,
1210 3340 1265 3396 in
1313 3353 1639 3413 perpetuum
1683 3343 1974 3409 valcdicat,
2011 3353 2061 3399 et

2175 3340 2492 3401 δεδίδακται,
2523 3341 2620 3393 καλ⁴
2642 3337 2868 3410 ἐτέρους
2901 3339 3108 3408 ὁμοίως
3140 3338 3423 3393 διδάσκειν
3456 3335 3730 3408 προϐέϐλη-

474 3439 637 3501 pater‘
663 3429 869 3502 Spiritu
901 3430 1090 3488 divino
1121 3432 1423 3489 instructus
1456 3448 1560 3490 non
1594 3450 1623 3490 a
1657 3434 1768 3491 tilio
1792 3435 2061 3490 distraha-

2175 3451 2277 3498 ται,
2310 3433 2406 3487 καὶ
2431 3434 2459 3486 6
2486 3431 2626 3486 κατὰ
2660 3430 2806 3486 θετον
2854 3430 3076 3501 πνεῦμα
3101 3432 3285 3504 πατὴρ
3338 3432 3402 3486 οὑ
3455 3433 3589 3503 πρὸς
3634 3430 3730 3485 υἱὸν

445 3531 569 3579 -tur
598 3522 731 3595 (hoc
766 3522 912 3578 enim
942 3521 1124 3578 minus
1157 3522 1301 3578 foret
1325 3522 1573 3595 malum),
1601 3524 1697 3578 sed
1734 3539 1833 3594 per
1864 3524 2061 3577 malum

2175 3525 2509 3597 ὲκστραφείη
2547 3524 2724 3593 (οῦπω
2763 3523 2873 3596 γὰρ
2908 3525 3068 3580 τοῦτο
3092 3526 3235 3596 μέγα
3268 3526 3493 3593 κακὸν),
3528 3524 3638 3577 ἀλλ’
3666 3525 3732 3586 είς

472 3617 779 3672 daemonem
822 3615 998 3670 servis
1040 3615 1322 3673 inutilibus
1351 3625 1732 3678 accenseatur,
1759 3625 1815 3671 et
1854 3615 2061 3685 episco-

2175 3619 2353 3672 δοῦλον
2375 3619 2595 3687 ἀχρεῖον
2635 3617 2955 3688 ὲγγραφείη
2987 3617 3078 3670 διά
3120 3617 3367 3687 πονηροῦ
3414 3616 3729 3687 πνεύματος,

447 3736 453 3743 ε
480 3721 583 3777 pus
621 3706 859 3778 denique
888 3706 1168 3777 indignum
1206 3706 1336 3778 quid
1368 3707 1778 3778 infaustumque
1804 3707 2061 3778 patiatur.

2175 3710 2267 3763 καὶ
2286 3712 2315 3763 6
2344 3708 2649 3771 ἐπίσκοπος
2679 3706 2925 3761 ἀσκοπόν
2954 3724 3012 3761 τι
3039 3707 3189 3779 πάθῃ
3222 3710 3318 3762 καὶ
3352 3708 3628 3762 ἀπαίσιον.

540 3800 649 3857 50.
668 3798 797 3854 Non
838 3799 1007 3871 igitur
1056 3814 1264 3855 morem
1303 3803 1568 3870 gerimus,
1607 3815 1783 3872 neque
1812 3800 2072 3857 obedien-

484 3891 999 3962 tiam‘spirituaiem
1030 3905 1356 3959 servamus,
1388 3906 1565 3962 neque
1612 3893 1857 3962 patribus
1906 3907 2072 3963 pare-

449 4016 459 4021 ~
484 3999 630 4050 mus,
652 3998 796 4055 quos
817 3983 1317 4055 sanctus.Spiritus
1346 3984 1464 4052 dat,
1492 3999 1669 4055 neque
1715 3987 2073 4055 praeceptoris

488 4086 608 4133 arte
641 4074 971 4147 indigemus.
1006 4075 1364 4148 Quapropter
1409 4076 1573 4131 etiam
1602 4087 1940 4148 ~pr:esentem
1985 4093 2076 4132 re-

454 4200 461 4213 ο
490 4169 847 4241 spuimus,~et
869 4183 989 4225 eam
1015 4184 1176 4240 quam
1197 4184 1309 4225 non
1333 4169 1623 4233 habemus,
1654 4184 1762 4223 non
1794 4169 2078 4224 desidera-

489 4277 650 4324 mus;
680 4262 826 4331 quod
853 4263 1003 4319 omni
1035 4261 1139 4317 arti
1178 4262 1381 4319 accidit
1411 4262 1465 4317 in
1511 4260 1853 4326 hominibus,
1880 4261 1977 4329 qui
2011 4275 2075 4317 ea

491 4367 601 4409 non
639 4366 777 4423 opus
820 4353 1046 4410 habent.
1098 4354 1284 4412 Rebus
1315 4364 1499 4410 autem
1554 4362 1665 4409 tam
1719 4353 1920 4409 misere
1955 4367 2078 4409 sese

2244 3801 2310 3857 ν’.
2342 3802 2457 3855 Οὐκ
2486 3800 2596 3872 ἄρα
2625 3800 3004 3866 ὑπακούομεν,
3071 3799 3194 3853 οὐδὲ
3229 3801 3518 3871 ὑποταγὴν
3562 3797 3738 3870 τηροῦ-

2177 3910 2278 3964 μεν
2303 3891 2709 3963 πνευματικὴν,
2744 3891 2865 3945 οὐδὲ
2891 3891 2997 3946 ὑπὸ
3020 3893 3297 3963 πατράσιν
3326 3892 3522 3962 ἐσμέν,
3577 3890 3662 3954 οὓς
3689 3890 3737 3942 τὸ

2150 4000 2153 4005 ‘
2177 3987 2332 4055 ἅγιον
2359 3984 2584 4056 Πνεῦμα
2610 3985 2850 4052 δίδωσιν,
2894 3985 3015 4038 οὐδὲ
3045 3984 3326 4057 χρῄζομεν
3356 3985 3557 4055 τέχνης
3582 3983 3733 4036 διδασ-

2177 4075 2439 4146 καλικῆς.
2477 4076 2569 4128 Διὸ
2608 4075 2705 4129 καὶ⁸
2748 4073 3034 4144 παροῦσαν
3062 4073 3161 4144 μὲν
3188 4070 3530 4142 ὲξωθοῦμεν,
3572 4070 3641 4142 μὴ
3663 4068 3731 4122 οὗ·

2180 4187 2280 4223 σαν
2311 4169 2369 4224 δὲ
2401 4168 2463 4222 οὑ
2487 4167 2787 4238 ποθοῦμεν
2816 4165 2844 4220 δ
2866 4163 2932 4236 δὴ
2963 4164 3167 4235 πάσχει
3197 4164 3391 4219 ἅπασα
3416 4164 3586 4233 τέχνη
3613 4162 3741 4230 παρὶ

2179 4262 2513 4335 ἀνθρώποις,
2551 4261 2601 4314 οἳ
2639 4260 2809 4329 μηδὲν
2845 4258 3019 4329 αὐτῆς
3054 4256 3443 4329 προσδέονται.
3482 4256 3580 4310 Διὰ
3600 4253 3742 4309 ταῦτα

2181 4354 2314 4420 γοῦν
2347 4358 2375 4410 ὁ
2406 4357 2506 4425 τῆς
2543 4353 2760 4424 φαύλης
2809 4352 3016 4422 ταύτης
3046 4349 3376 4414 ἀκολουθίας
3404 4350 3597 4421 είρμδς
3629 4351 3745 4417 παρ’

462 4446 824 4502 iubentibus
856 4450 1176 4504 necessario
1195 4446 1562 4516 consequitur
1591 4457 1649 4500 ut
1687 4448 1755 4502 ad
1789 4447 2061 4517 antiquam

2186 4447 2438 4522 ρησιάζει
2467 4448 2567 4502 καὶ
2592 4447 2690 4501 νῦν
2710 4447 2804 4498 τὸν
2837 4444 3148 4514 παλαιγενῆ
3203 4443 3453 4515 θηριώδη
3483 4442 3600 4513 βίον
3625 4442 3749 4493 ἐκεῖ·

490 4539 638 4595 iiiam
658 4539 826 4597 vitam
845 4540 1077 4596 ferinam
1099 4540 1474 4610 adspiremus,
1500 4538 1631 4594 licet
1648 4538 1955 4595 clanculum
1977 4539 2061 4595 hoc

2186 4519 2274 4594 νον
2301 4538 2553 4602 ὑπούλως
2574 4538 2669 4592 καὶ
2694 4535 2769 4597 ὡς
2791 4536 2892 4589 οὐκ
2923 4532 2991 4588 ἂν
3015 4532 3258 4588 αἴσθοιτό
3288 4549 3373 4595 τις
3389 4534 3466 4603 μὴ
3495 4528 3751 4584 κατακύπ-

488 4631 584 4686 iiat
603 4639 658 4688 et
686 4632 753 4687 ab
775 4631 843 4686 iis
869 4632 960 4703 qui
983 4631 1400 4702 perspicacitate
1419 4638 1631 4696 carent,
1670 4629 1760 4685 vix
1779 4630 2073 4688 sentiatur.

561 4724 654 4780 51.
684 4723 807 4780 Itali
835 4735 1017 4781 autem
1054 4724 1173 4779 haec
1201 4731 1287 4778 est
1324 4736 1488 4778 causa
1518 4741 1533 4777 :
1573 4731 1719 4778 artes
1747 4731 1867 4793 post
1896 4723 2073 4779 homi-

489 4834 624 4874 num
655 4818 1078 4874 civiiisationem
1131 4819 1381 4872 inventas
1412 4815 1726 4872 necessario
1773 4815 2074 4888 diligimus.

490 4911 749 4982 quoniam
785 4910 905 4966 sine
940 4910 1048 4964 illis
1096 4909 1165 4963 de
1204 4908 1312 4963 vita
1368 4907 1835 4977 peric‘litaremur;
1891 4909 2078 4979 probis

495 5014 677 5059 autem
729 5001 981 5057 consiliis
1030 5014 1097 5055 ac
1150 5000 1310 5055 bonis
1362 4999 1571 5071 legibus
1630 5015 1837 5056 morem
1890 5012 2079 5071 gerere

491 5098 773 5159 nolumus,
811 5095 1205 5164 imo-tanquam
1231 5093 1467 5161 inutilia,
1490 5094 1578 5148 vel
1609 5094 1771 5149 etiam
1800 5091 2077 5163 superﬂua

499 5187 883 5258 dedignamur;
924 5183 1067 5251 Quin
1109 5197 1178 5240 eo
1228 5184 1470 5239 audaciae
1511 5185 1880 5254 procedimus,
1921 5192 1982 5237 ut
2012 5197 2076 5239 ea

496 5280 578 5333 nil
615 5278 684 5333 ad
716 5272 918 5332 vietum
951 5274 1137 5334 valere
1169 5290 1475 5347 negemur;
1507 5276 1855 5347 proverbium
1895 5284 2077 5329 autem

496 5370 647 5442 quod
670 5368 855 5440 potius
884 5369 1191 5439 Portionem
1225 5383 1385 5439 quam
1416 5368 1768 5439 suspendium
1798 5382 2081 5422 commen-

484 5463 1068 5531 -dat,intcrvertentes,
1092 5462 1267 5518 aliena
1293 5477 1392 5533 pro
1414 5463 1557 5518 bono
1580 5451 1860 5525 habemus,
1884 5476 2078 5530 panem

399 5565 408 5573 ‘
494 5555 854 5627 peregrinum
900 5564 1159 5627 tanquam
1210 5552 1506 5624 expetibile
1547 5552 1680 5621 quid
1723 5553 2082 5617 aestimamus,

490 5651 690 5704 vinum
732 5656 944 5719 raptum
997 5647 1398 5713 dulcissimum,
1434 5658 1632 5714 aquam
1690 5657 1722 5698 e
1775 5641 1922 5699 furto
1959 5660 2085 5715 pro-

502 5739 815 5795 venientem
864 5737 1274 5802 suavissimam,
1323 5741 1503 5791 vestes
1558 5733 1747 5800 rapina
1784 5734 2084 5805 acquisitas

491 5832 676 5889 aetati
708 5831 844 5889 lucis
866 5839 1071 5897 ortum,
1095 5827 1329 5899 proximi
1350 5828 1571 5886 domum
1594 5826 1749 5896 quasi
1775 5825 2086 5894 paradisum

2186 4650 2293 4687 των
2328 4632 2407 4696 είς
2450 4629 2615 4699 βάθος
2648 4627 2743 4682 τοῦ
2768 4629 2931 4684 νοεῖν.

2260 4722 2364 4778 να’.
2409 4721 2524 4777 Καὶ
2550 4723 2579 4776 6
2625 4721 2782 4788 λόγος
2816 4718 2914 4772 τοῦ
2958 4718 3165 4780 πάθους
3200 4713 3452 4779 τοιοῦτός
3482 4732 3567 4778 τις
3601 4729 3616 4745 ο
3669 4711 3752 4773 τὰς

2194 4814 2292 4883 μὲν
2337 4810 2536 4882 τέχνας
2579 4809 2682 4872 τὰς
2719 4806 2952 4879 ὕστερον
2986 4804 3300 4878 εὑρημένας
3330 4805 3475 4874 μετά
3513 4802 3609 4870 τὴν
3648 4802 3754 4855 κατ’

2188 4903 2514 4975 ἀνθρώπους
2553 4899 2919 4972 ἐξημέρωσιν,
2974 4897 3280 4969 στέργομεν
3309 4896 3648 4964 ἀναγκαίως,
3681 4887 3757 4947 οἷα

2193 4996 2267 5068 μὴ
2292 4995 2409 5061 ἰξὺν
2436 4993 2518 5059 ὃν,
2549 4991 2651 5064 ζῇν
2678 4993 2905 5045 ἐκείνων
2925 4990 3073 5060 δίκαι’
3127 4990 3397 5059 χρησταῖς
3452 4988 3513 5041 δὲ
3537 4986 3753 5056 συμϐου-

2188 5087 2334 5150 λίαις
2389 5086 2483 5138 καὶ
2538 5084 2790 5152 εὑνὸμως
2847 5070 3101 5150 ἐννόμοις
3148 5078 3416 5149 όκνοῦμεν
3469 5075 3755 5135 πείθεσθαι,

2193 5178 2521 5249 περιέργους
2552 5173 2751 5238 αὑτάς,
2785 5172 2900 5226 εἴτε
2932 5172 3028 5225 καὶ
3068 5170 3390 5255 παρέργους
3424 5165 3758 5238 γνωματευό⁴

2195 5289 2367 5344 μενοι.
2392 5270 2505 5324 Καί
2534 5286 2638 5324 που
2675 5267 2936 5337 ἐθέλομεν
2974 5264 3273 5319 ὑπολαλεῖν
3327 5264 3423 5318 καὶ
3482 5264 3660 5326 αὐτοὶ,
3695 5259 3759 5320 ὡς

2192 5364 2347 5420 οὐδέν
2371 5381 2424 5417 τι
2477 5363 2642 5416 αὐταὶ
2703 5360 2840 5430 πρὸς
2885 5358 3143 5428 τᾶλφιτα·
3209 5360 3304 5411 καὶ
3337 5358 3471 5425 πνὶξ
3526 5357 3588 5409 οὐ
3623 5354 3759 5425 μερὶς

2197 5454 2555 5525 ἁναστρόφως
2595 5448 3119 5521 παροιμιαζόμενοι,
3157 5448 3321 5501 καλὸν
3345 5444 3496 5500 εἶναι
3536 5446 3604 5498 τὰ
3631 5441 3765 5497 ἀλλόα

2197 5563 2324 5617 τρια
2355 5540 2843 5615 γνωμολογοῦμεν,
2879 5540 2972 5595 καὶ
2993 5539 3085 5594 τὸν
3119 5540 3272 5609 ξένον
3320 5538 3495 5608 ἄρτον
3541 5540 3763 5607 ἀποφαι-

2200 5634 2403 5706 νόμεθα
2424 5635 2700 5701 νόστιμον,
2741 5633 2837 5686 καὶ
2868 5630 2959 5684 τὸν
3030 5630 3427 5700 ἁρπαγιμαῖον
3470 5623 3616 5681 οίνον
3652 5626 3764 5693 γλυ-

2205 5728 2457 5789 κύτατον,
2491 5727 2585 5779 καὶ
2614 5723 2675 5777 τὸ
2701 5724 2803 5794 τῆς
2834 5722 3041 5793 κλοπῆς
3064 5721 3210 5790 ὕδωρ
3244 5719 3542 5793 ἡδύτατον,
3575 5715 3766 5784 καὶτὴν

2202 5819 2263 5886 ἐξ
2301 5818 2557 5888 ἁρπαγῆς
2586 5817 2796 5875 ἔνδυσιν
2822 5816 3000 5885 φωτὸς
3033 5812 3327 5883 ἀναϐολὴν,
3369 5812 3470 5868 καὶ
3521 5807 3765 5882 παράδειο
