3908 6572
316 299 419 361 333

923 306 1021 366 DE
1066 308 1541 373 OBEDIENTIA
1587 317 2136 382 MAGISTRATUI
2171 317 2653 387 CHRISTIANO
2696 324 2999 395 DEBiTA.

3470 340 3578 405 334

310 431 401 468 σον
424 413 518 469 τὸν
548 414 837 488 ἀλλότριον
858 413 1029 477 οἷκον.
1065 423 1177 478 Καὶ
1207 425 1380 487 οὑτως
1404 430 1780 502 ἀνατρέχομεν
1810 435 1856 485 εξ

1995 437 2430 494 consideramus.
2467 441 2556 497 Sic
2587 452 2769 499 auten:
2813 447 2878 500 ad
2917 448 3209 517 antiquam
3246 456 3576 512 revertimur

301 505 358 557 τὸ
388 505 623 575 ἀρχαῖον
671 510 859 573 κακὸν,
904 513 1244 582 ἀδικοῦντες,
1292 518 1654 588 ἁρπάζοντες,
1711 526 1885 579 λοιδο-

303 595 541 666 ροῢντες.
589 599 1066 673 βλασφημοῦντες.
1113 612 1605 681 συκοφαντοῦντες,
1668 617 1764 670 καί¹
1792 620 1884 674 ἐπὶ

298 689 428 743 πᾶσι
451 690 673 754 τούτοις
700 693 796 747 καὶ
827 695 915 748 διὰ
944 698 1119 751 ταῦτα
1144 701 1323 755 πάντα
1355 703 1536 774 ψυχῆς
1571 709 1886 779 κερδαίνον-

295 800 382 845 σες
410 784 720 850 ἀπώλειαν,
750 787 826 851 ὡς
848 787 972 842 οὔτε
1009 792 1167 847 αὑτοὶ
1208 795 1492 862 ξυνιέντες
1520 802 1605 864 εἰς
1629 803 1881 874 δπιστροο

1997 530 2290 592 malitiam,
2323 530 2525 599 iniuria
2558 533 2880 602 allicientes,
2916 540 3215 609 rapientes,
3255 550 3572 603 convician-

1993 628 2096 682 tes,
2157 622 2567 691 maledicentes,
2627 639 2974 695 accusantes,
3006 641 3061 687 et
3109 648 3306 704 przeter
3360 640 3474 695 haec
3519 650 3575 694 et

1946 704 2215 784 ‘propter
2274 715 2389 770 haec
2433 718 2618 773 omnia
2667 721 2864 777 animae
2914 724 3209 794 perniciem
3271 727 3569 795 lucrantes.

1995 818 2177 875 neque
2212 808 2311 876 ipsi
2368 807 2435 863 de
2482 813 2846 869 conversione
2894 817 3243 885 meditantes,
3288 834 3465 892 neque
3504 824 3572 879 iis

295 875 418 942 ψὴν,
456 876 600 946 μηδὲ
644 881 755 941 τοῖς
811 880 1118 951 ἀδελφικῶς
1173 886 1233 939 ἐν
1292 889 1569 964 θεοφιλείᾳ
1624 895 1859 963 ὲπιστρέε

1987 900 2076 967 qui
2116 908 2375 969 tanquam
2411 901 2612 960 fratres
2639 919 2741 975 per
2771 922 3011 963 amorem
3050 909 3145 965 Dei
3173 910 3444 969 reducere
3469 931 3571 970 nos

294 985 478 1034 φουσιν
509 970 669 1041 ἡμᾶς
709 973 991 1042 ἑπόμενοι.
1020 976 1098 1041 ὡς
1127 979 1380 1036 ἐντεῦθεν
1412 983 1695 1041 λείπεσθαι
1722 990 1878 1058 ἡμῶν

291 1058 529 1134 tendam),
553 1063 781 1131 ἀφιέναι
806 1068 904 1120 καὶ
934 1068 1002 1121 τὰ
1033 1069 1201 1123 τέκνα
1236 1074 1335 1124 καὶ
1358 1074 1508 1129 ἅπαν
1531 1077 1591 1130 τὸ
1616 1080 1876 1147 φίλτατον

290 1151 589 1221 βόσκεσθαι
632 1159 973 1230 ἀποὶμαντον
1037 1162 1130 1217 καὶ
1160 1164 1547 1231 ἀνεξέταστον.
1610 1172 1720 1225 Καὶ
1773 1175 1875 1228 οὑκ

286 1247 656 1318 ἀνακρῇιομεν
709 1250 1185 1325 λογοπραγοῦντες
1246 1261 1395 1329 ἡμᾶς
1450 1264 1670 1330 αὐτοὺς,
1727 1266 1874 1321 διατι

286 1337 423 1391 κατὰ
452 1337 647 1406 οἴκους
694 1344 795 1410 μὲν
831 1348 1145 1417 ποιμαίνειν
1176 1350 1336 1420 δῆθεν
1362 1354 1625 1423 ἐθέλομεν
1665 1358 1874 1427 ἀνθρω-

285 1430 456 1495 πικῶς
474 1432 539 1486 τὸ
581 1439 872 1503 συγγενὲς,
916 1441 975 1493 τὸ
1001 1440 1213 1504 δοῦλον,
1262 1446 1324 1497 τὸ
1354 1447 1538 1513 θετὸν,
1601 1450 1697 1503 καὶ
1739 1454 1868 1514 πᾶς.

280 1521 425 1587 ὅστις
446 1518 569 1589 οὖν,
623 1526 950 1593 διδάσκαλος
1005 1533 1101 1585 καὶ
1175 1534 1472 1605 νομοθέτης
1521 1537 1631 1591 τῶν
1671 1537 1868 1593 ἑαυτοῦ

281 1615 825 1692 αὑτοχειροτόνητος,
860 1624 1004 1677 καθὰ
1035 1626 1226 1697 ἐχρῆν,
1260 1628 1603 1700 καθέστηκεν
1636 1635 1722 1693 εἰς
1772 1636 1867 1687 καὶ

279 1708 547 1779 ὠφέλειαν
592 1713 853 1785 σώματος
876 1717 972 1773 καὶ
1011 1717 1192 1791 ψυχῆς
1232 1722 1571 1778 ἀνάπαυσιν·
1627 1727 1655 1779 ό
1702 1727 1759 1780 δὲ
1803 1731 1865 1780 ἐκ

278 1803 432 1866 Θεοῦ,
461 1806 563 1859 καὶ
590 1808 734 1863 κατὰ
767 1808 921 1876 Θεὸν,
955 1814 1053 1867 καὶ
1085 1813 1490 1887 θεοπαράδοτος
1522 1817 1866 1889 καθηγητὴς,

278 1895 349 1961 ὡς
376 1898 475 1950 οὑκ
499 1900 569 1954 ἄν
595 1919 684 1966 τις
715 1902 830 1974 ἔχοι
860 1905 1163 1972 ἀντειπεῖν,
1204 1912 1734 1981 ἀποχειροτονεὴαι,
1788 1913 1867 1977 ὡς

277 1981 383 2040 οἷον
423 1990 808 2061 καθαιρεθεὶς.
850 1999 944 2050 καὶ
999 1996 1173 2062 οὕτως
1222 2002 1554 2073 ἀφαιρεθεὶς
1617 2004 1717 2075 τὴν
1750 2005 1868 2059 θεο-

274 2081 581 2152 πρόὸλητον
602 2085 923 2156 ὲνέργειανς
957 2090 1098 2145 ἱνατί
1128 2093 1185 2145 δὲ
1218 2095 1326 2159 πᾶς
1358 2095 1459 2164 μὲν
1488 2090 1637 2160 οἶκος
1663 2098 1866 2167 φυλάτ-

273 2190 349 2226 τει
400 2175 505 2245 τὴν
567 2177 931 2252 ἐνδεχομένην
1014 2183 1288 2255 διαδοχὴν,
1353 2187 1543 2242 ἁλύσει
1594 2190 1866 2263 δουμένην

274 2266 458 2337 θεσμῷ
483 2273 713 2338 φύσεως
766 2276 846 2338 εἰς
870 2275 1261 2349 ἀδιάῤῥηκτον,
1326 2283 1355 2335 ό
1398 2281 1457 2336 δὲ
1502 2284 1864 2350 ἀποστολικὸς

274 2360 363 2412 καὶ
390 2359 578 2425 Getice;
632 2364 953 2435 ἒξαργήσει,
1012 2362 1074 2422 οὗ
1100 2370 1301 2439 μᾶλλον
1347 2373 1454 2427 ἔδει
1509 2375 1610 2445 τὴν
1643 2377 1861 2447 σειρὰν,

275 2450 563 2521 οὐρανόθεν
598 2455 950 2527 καθήκουσαν
1004 2460 1086 2524 εἱς
1123 2461 1216 2514 τὸν
1261 2463 1387 2517 καθ’
1423 2467 1574 2535 ἡμᾶς
1627 2467 1856 2537 κόσμον,

279 2545 455 2611 μένειν
477 2546 886 2618 ἀδιάσπαστον,
921 2552 1021 2608 καὶ
1046 2557 1340 2625 συντηρεῖν
1385 2557 1663 2613 ἰδ’θεόθεν
1698 2561 1861 2614 καλὸν

277 2632 494 2708 συνεχὲς
531 2640 633 2694 καὶ
654 2641 854 2697 ἄλυτον
876 2662 892 2709 ;

338 2819 438 2889 νβ’.
468 2821 552 2874 Οὐ
630 2824 770 2877 καλὰ
821 2825 885 2895 δὴ
955 2825 1149 2894 ταῦτα,
1208 2829 1444 2884 οὐδ’ὄσα
1515 2833 1763 2897 τοιαῦτα,
1815 2829 1860 2889 ὦ

276 2912 512 2985 ἀδελφοὶ,
555 2917 682 2972 οὐδὲ
722 2918 1014 2990 θεάρεστα,
1042 2923 1357 2995 διαϐολικῆς
1386 2927 1444 2980 δὲ
1470 2928 1697 2991 μεθόδου
1725 2929 1860 3000 τύρ-

277 3002 361 3057 6αι
388 3008 715 3076 προφανῶς.
761 3009 967 3081 Τίγάρ
991 3012 1100 3066 ἔδει
1144 3015 1288 3068 αὑτὰ
1344 3016 1619 3086 γενεσθαι,
1681 3024 1732 3074 ει
1782 3021 1857 3092 μὴ

1982 988 2175 1055 velint,
2199 991 2591 1062 obsequentes;
2629 1012 2799 1068 quare
2823 998 2880 1053 in
2937 1003 3044 1056 line
3089 1002 3178 1056 vix
3214 1002 3332 1059 ﬁeri
3370 1009 3572 1073 poterit

1982 1081 2111 1148 quin
2146 1096 2213 1137 eo
2246 1084 2593 1161 reduqamur.
2628 1098 2687 1141 ut
2721 1086 2925 1144 liberos
2957 1100 3176 1148 nostros
3207 1108 3272 1149 ac
3301 1096 3571 1166 quidquid

1982 1186 2170 1229 amore
2192 1175 2632 1244 complectimur,
2666 1179 2784 1233 sine
2810 1192 3028 1250 paStore
3058 1197 3121 1238 ac
3153 1183 3292 1241 duce
3315 1201 3411 1255 per
3435 1202 3567 1255 pas-

1978 1279 2081 1318 cua
2121 1266 2305 1336 vagari
2330 1267 2597 1323 sinamus.
2635 1268 2820 1339 Neque
2852 1268 2953 1326 no!
3003 1268 3153 1343 ipsns
3186 1277 3555 1334 examinando

1978 1357 2416 1429 interrogamus,
2475 1376 2646 1429 quare
2700 1376 2802 1418 nos
2862 1366 3079 1433 quidem
3145 1383 3248 1437 qua
3313 1369 3562 1428 homines

1976 1448 2028 1502 in
2121 1449 2371 1505 domibus
2468 1452 2672 1508 nostris
2744 1468 2969 1523 pascere
3049 1458 3278 1513 velimus
3363 1460 3563 1517 liberos

1977 1542 2421 1611 consanguineos
2465 1554 2520 1599 et
2570 1545 2855 1616 adoptivos
2909 1558 2964 1604 et
3011 1563 3242 1617 servos,
3291 1561 3346 1606 et
3392 1568 3566 1622 quare

1973 1633 2230 1705 quisque,
2282 1646 2587 1708 praeceptor
2638 1653 2702 1694 ac
2756 1640 3037 1710 legislator
3090 1658 3315 1698 suorum
3370 1658 3562 1714 sponte

1976 1723 2174 1788 factus,
2203 1735 2259 1781 et
2281 1727 2533 1797 corporis
2572 1728 2872 1786 valetudini
2907 1741 2962 1786 et
3003 1732 3203 1787 animae
3235 1735 3555 1804 tranquilli-

1974 1817 2071 1870 tati
2103 1817 2441 1887 prospiciat:
2502 1828 2807 1891 praceptor
2845 1833 3025 1877 autem
3074 1841 3102 1878 a
3147 1825 3262 1880 Deo
3304 1826 3463 1883 datus
3503 1837 3562 1882 et

1973 1908 2280 1963 secundum
2317 1909 2485 1964 Deum
2520 1914 2881 1979 constitutus,
2908 1924 2964 1968 et
2991 1916 3135 1984 quod
3163 1917 3413 1972 omnibus
3445 1935 3563 1973 ma-

1973 1999 2235 2055 nifestum
2270 2011 2376 2069 est,
2409 2018 2439 2057 a
2466 2002 2576 2059 Deo
2607 2020 2923 2071 concessus,
2949 2008 3257 2077 deponitur,
3297 2020 3560 2082 tanquam

1971 2091 2081 2147 vita
2132 2094 2397 2163 privatus,
2447 2106 2502 2155 et
2552 2098 2632 2154 sic
2680 2100 2748 2154 ab
2795 2115 2962 2171 opere
3007 2101 3192 2158 divino
3232 2102 3561 2173 perﬁciendo

1973 2186 2235 2240 arcetur?
2259 2187 2324 2241 Et
2349 2201 2448 2242 cur
2476 2188 2733 2259 quaelibet
2761 2190 2967 2246 familia
2992 2193 3193 2263 gaudet
3218 2208 3562 2261 consequen-

1971 2276 2044 2332 tia
2076 2292 2183 2331 non
2236 2279 2561 2349 interrupta,
2617 2290 2672 2336 et
2717 2282 2834 2352 lege
2884 2293 3093 2338 naturae
3149 2285 3303 2354 quasi
3362 2295 3557 2340 catena

1968 2367 2332 2425 indissolubili
2384 2371 2728 2435 continetur,
2762 2372 2968 2427 familia
3021 2385 3201 2429 autem
3255 2376 3559 2445 apostolica

1967 2467 2133 2528 atque
2161 2460 2368 2525 divina,
2411 2461 2568 2532 cujus
2593 2463 2838 2530 vincula,
2873 2474 3060 2535 utpote
3104 2481 3134 2522 e
3169 2465 3307 2521 ccelo
3359 2468 3423 2523 ad
3450 2478 3561 2522 ter.

1966 2564 2080 2604 rain
2114 2552 2528 2621 descendentia,
2576 2570 2858 2626 nunquam
2904 2557 3203 2628 .disrunipi,
3237 2559 3332 2614 sed
3376 2558 3558 2627 potius

1966 2643 2207 2699 nativam
2244 2646 2512 2702 divinitus
2563 2648 2784 2703 insitam
2813 2649 3275 2718 pulchritudinem
3331 2666 3559 2707 conser-

1967 2750 2096 2791 vare
2134 2737 2422 2804 deberent,
2464 2740 2813 2796 abolebitur?

2038 2828 2129 2883 52.
2161 2828 2356 2885 Omnia
2411 2831 2540 2900 ista,
2588 2847 2621 2886 ο
2654 2832 2876 2897 fratres,
2930 2850 3107 2906 neque
3156 2836 3380 2908 pulchra
3429 2846 3557 2893 sunt

1963 2935 2142 2991 neque
2167 2922 2278 2977 Deo
2301 2933 2546 2994 accepta,
2578 2928 2674 2979 sed
2708 2925 3011 2981 manifesto
3039 2925 3246 2983 fraudis
3270 2929 3557 2985 diabolica:

1966 3013 2427 3070 machinationes.
2458 3015 2744 3082 Quomodo
2779 3019 2927 3073 enim
2979 3020 3233 3076 accidere
3273 3022 3541 3090 potuisset

277 3096 526 3165 πρόθεσις
569 3095 640 3171 ἦν
662 3101 969 3172 φιλόκεινος
1007 3106 1087 3176 τῷ
1117 3108 1417 3180 ἀρχεκάκῳ
1461 3110 1701 3182 δαίμονι,
1761 3113 1855 3167 ἀλ-

1970 3105 2067 3161 nisi
2110 3104 2326 3161 daemon
2358 3107 2665 3164 invidiosus
2704 3109 2996 3182 omnisque
3045 3112 3172 3167 mali
3204 3122 3393 3169 auctor
3440 3114 3549 3170 sibi

276 3188 424 3257 λάξαι
448 3195 547 3245 τὸν
588 3194 794 3261 ἀγαθὸν
829 3196 1206 3272 σαϐϐατισμδν
1234 3201 1325 3253 τὸν
1363 3201 1617 3272 ψυχικὸν,
1677 3206 1769 3258 τὸν
1792 3207 1854 3260 ἐκ

277 3280 424 3349 θεοῦ,
448 3285 546 3339 τὸν
582 3286 679 3340 ἰπὶ
720 3288 890 3362 ἀργίᾳ
935 3295 1119 3361 πάσης
1180 3294 1509 3357 κακώσεως.
1540 3297 1634 3350 καὶ
1689 3314 1854 3367 μετα-

276 3373 492 3444 ποιῆσαι
520 3378 712 3442 κακῶς
746 3380 808 3433 τὸ
843 3382 909 3436 τὰ
955 3383 1162 3454 ἀρχαῖα
1212 3384 1314 3454 μὲν
1344 3387 1661 3455 παρελθεῖν,
1690 3391 1855 3443 καινὰ

277 3461 528 3520 ὣπάντα
561 3468 819 3535 γενέσθαι
864 3472 1008 3526 κατὰ
1033 3474 1192 3539 Θεὸν,
1255 3477 1338 3528 el:
1388 3478 1449 3530 τὸ
1486 3470 1669 3544 λέγειν
1724 3479 1855 3532 ἀνά-

278 3556 451 3622 παλιν,
502 3560 583 3623 ὡς
610 3562 857 3633 παρῆλθε
892 3565 993 3635 μὲν
1020 3567 1089 3620 τὰ
1147 3567 1313 3621 καινὰ
1372 3569 1465 3621 καὶ
1501 3570 1642 3637 θεῖα,
1694 3571 1763 3624 τά
1798 3571 1854 3623 δὲ

276 3648 464 3721 ἀρχαῖα
505 3651 685 3721 φαῦλα
723 3653 1030 3728 λεληθότως
1057 3656 1530 3729 ἀντιπαρε).θόντα
1560 3662 1642 3727 εἰς
1686 3663 1853 3733 μέσον

277 3746 632 3813 ηταχορεὺει
657 3746 757 3813 τῆς
794 3748 851 3801 ἐν
883 3749 1020 3819 ἡμῖν
1048 3748 1413 3822 ὁμηγύρεωςς

339 3835 717 3904 νγθ.1(αὶοῐδα
752 3840 854 3911 μὲν
885 3840 987 3913 (μὴ
1046 3842 1158 3912 γὰρ
1219 3845 1395 3909 οὑτως
1450 3846 1485 3917 ἢ
1538 3846 1849 3919 μανείην,ῆ

276 3925 536 3998 λαθοίμην
568 3929 660 3983 τοῦ
684 3930 939 4003 δέοντος),
972 3936 1055 3989 ὅτι
1085 3937 1145 3989 οὐ
1177 3941 1506 4008 κοιμήσεται
1551 3942 1579 3994 ό
1610 3940 1741 4005 Θεὸς
1774 3944 1853 4004 εἰς

278 4018 440 4082 τέλος,
479 4021 619 4074 ἀλλὰ
648 4021 876 4086 δυνατὸς
932 4025 1029 4079 καλ⁵
1078 4031 1450 4098 κραιπαλικὸς
1481 4031 1557 4094 ὡς
1614 4033 1672 4099 ἐξ
1704 4031 1850 4087 οἴνου

277 4111 653 4183 ὸνασιῆσεται,
673 4115 766 4169 καὶ
790 4119 1194 4190 ἐγκαταστήσει
1214 4120 1496 4175 τὰὲαυτοῦ
1516 4124 1628 4186 τοῖς
1655 4125 1847 4188 αὑτοῦ,

275 4206 344 4276 τῷ
374 4209 687 4280 διδασκάλῳ
722 4210 782 4265 τὸ
805 4212 1102 4278 διδάσκειν,
1151 4213 1229 4284 τῷ
1263 4217 1434 4287 πατρὶ
1461 4216 1523 4272 τὸ
1572 4217 1852 4286 ὑπηκόους

277 4296 411 4367 ἔχειν
437 4300 567 4363 τοὺς
601 4302 777 4368 υἱοὺς,
805 4304 885 4373 τῷ
908 4305 1254 4375 ποιμαίνοντι
1284 4307 1346 4360 τό
1370 4308 1527 4378 ἄγειν
1563 4313 1658 4363 καὶ
1687 4314 1855 4365 ἐπαν-

280 4391 424 4458 ἁτιιν
450 4394 521 4448 τὰ
554 4394 803 4464 ποίμνια,
832 4396 909 4461 ὡς
937 4398 1137 4470 χρεώνο
1170 4401 1265 4454 καὶ
1295 4405 1485 4468 παντὶ,
1551 4402 1628 4467 ὡς
1661 4404 1851 4468 ἁπλῶς

1962 3198 2338 3267 proposuisset
2358 3197 2660 3254 Sabbatum
2694 3201 2915 3267 bonum,
2944 3203 3305 3272 spiritualem,
3339 3205 3545 3261 divini-

1960 3299 2050 3345 tus
2091 3291 2306 3358 datum,
2336 3292 2516 3347 onmis
2558 3293 2781 3348 malitiae
2825 3296 3220 3365 suppressioue
3271 3297 3540 3369 insignem

1961 3382 2306 3450 perturbare,
2342 3392 2395 3436 et
2423 3382 2550 3437 illud
2579 3386 2723 3454 quod
2756 3384 2960 3441 dicitur
2989 3403 3003 3440 :
3033 3384 3233 3441 Vetera
3267 3388 3550 3458 disparue-

1961 3481 2112 3538 runt,
2149 3476 2332 3529 omnia
2364 3477 2666 3529 seeuudum
2700 3474 2871 3532 Deum
2920 3477 3181 3532 innovata
3229 3487 3380 3543 sunt,
3409 3480 3553 3534 male

1961 3574 2274 3634 pervertere
2308 3566 2363 3620 in
2398 3567 2501 3622 hoc
2543 3584 2559 3622 :
2592 3565 2742 3621 Nova
2777 3582 2841 3622 ac
2891 3568 3076 3623 divina
3134 3568 3546 3640 disparuerunt,

1960 3668 2114 3713 vetus
2150 3671 2331 3713 autem
2366 3659 2677 3728 malignitas
2701 3661 2903 3717 sensim
2929 3663 3242 3732 sensimque
3268 3664 3319 3717 in
3344 3676 3548 3719 castum

1961 3760 2205 3806 nostrum
2236 3753 2501 3824 irrepsit?

2028 3850 2118 3904 53.
2157 3847 2421 3920 Equidem
2470 3852 2593 3906 novi
2629 3851 2829 3923 (neque
2857 3848 3003 3907 enim
3037 3851 3173 3906 adeo
3204 3864 3384 3907 mente
3425 3867 3548 3907 sum

1959 3950 2174 4008 captus,
2202 3955 2378 4010 neque
2406 3940 2566 3997 cilicii
2600 3942 2909 4010 immemor)
2934 3943 3076 4012 quod
3104 3938 3248 3997 Deus
3282 3958 3388 3996 non
3419 3942 3550 3997 dor-

1959 4037 2091 4089 miet
2124 4034 2179 4088 in
2215 4034 2405 4103 linem,
2449 4036 2544 4092 sed
2604 4049 2799 4108 po'ens
2827 4053 2890 4092 ac
2923 4037 3068 4093 velut
3096 4053 3126 4094 e
3152 4038 3279 4092 vino
3336 4042 3545 4092 excita-

1960 4137 2046 4182 tus
2077 4138 2358 4198 exsurget,
2390 4139 2444 4185 et
2496 4145 2594 4184 sua
2646 4131 2846 4200 cuique
2889 4131 3170 4195 attribuet,
3225 4130 3545 4202 praeceptori

1961 4233 2021 4276 ut
2055 4225 2271 4286 doceat,
2315 4223 2455 4291 patri
2482 4232 2541 4276 ut
2571 4220 2773 4278 habeat
2805 4222 2946 4279 lilios
2980 4223 3305 4292 morigeros,
3342 4222 3547 4294 pastori

1957 4325 2014 4369 ut
2039 4330 2260 4384 gregem
2293 4319 2455 4369 ducat
2478 4328 2544 4369 ac
2578 4315 2824 4379 reducat,
2858 4317 2931 4370 uti
2969 4316 3217 4381 addecet,
3246 4326 3302 4385 et
3336 4325 3395 4369 ut
3420 4317 3547 4370 hre-

1959 4407 2198 4473 vis,situ,
2235 4408 2386 4461 onmi
2441 4417 2496 4463 et
2532 4409 2822 4478 prteposito
2851 4417 2923 4462 ειη
2949 4409 3168 4463 subdito
3203 4409 3356 4463 dabit
3399 4409 3545 4479 quod

278 4485 463 4552 εἰπεῖν,
486 4487 810 4560 ὑπερέχοντι
842 4492 938 4545 καὶ
985 4492 1385 4566 ὑπερεχομένῳ
1430 4498 1849 4552 ὲπανασώσεται

1970 4504 2401 4573 :tspiritualiter
2455 4506 2503 4558 ei
2560 4504 2968 4568 conveniat,et
3027 4502 3326 4558 secundum
3368 4501 3543 4573 legent

276 4573 331 4629 τὸ
352 4580 739 4648 πνευματικῶς
762 4582 1028 4653 καθῆκον,
1073 4586 1171 4641 καὶ
1206 4587 1267 4642 τὸ
1295 4592 1498 4644 οἰκεῖον
1548 4591 1643 4646 καὶ
1675 4609 1855 4665 προσ-

275 4670 398 4741 ῆκον
419 4674 741 4739 κανονικιῖκ.

338 4764 430 4819 νδν.
464 4765 578 4820 Καὶ
624 4762 749 4821 οἴδα
784 4766 884 4837 μὲν
920 4766 1072 4822 τοῦθ’
1101 4768 1279 4836 οὑτως
1319 4772 1602 4844 ἐσόμενον·
1656 4774 1850 4846 ἤθελον

277 4853 327 4910 δι
360 4857 534 4923 ἄλλως
560 4860 765 4916 αὐτίκα
809 4861 970 4916 τοῦτο
999 4862 1222 4932 βλέπειν
1249 4867 1343 4918 καὶ
1378 4867 1619 4937 χαίρειν,
1649 4870 1744 4924 καὶ
1773 4869 1850 4940 μὴ

278 4945 643 5005 δυσελπιστεϊν
691 4953 787 5007 καὶ
838 4953 1079 5025 ἀγωνιᾷν
1137 4956 1231 5011 καὶ
1283 4956 1637 5013 εὐλαϐεῖσθαι
1701 4962 1850 5030 ποῖρᾶ

276 5039 379 5104 τοῖς
405 5040 707 5109 εἰσέπειτα,
737 5048 830 5096 καὶ
865 5045 1146 5115 συνοχλεῐν
1180 5046 1274 5099 τὸν
1307 5047 1532 5118 Κύριον,
1551 5048 1850 5118 ἀναστῆναι

278 5131 367 5184 καὶ
401 5132 620 5201 ὑψῶσαι
648 5135 808 5205 χεῖρα
840 5135 1054 5208 ὑψηλὴν
1098 5138 1180 5202 εἰς
1236 5138 1483 5211 ὲμόριθῆ
1544 5141 1849 5211 ἐκδίκησιν,

282 5221 405 5292 μηδὲ
444 5225 767 5279 ἀποκεῖσθαι
809 5227 1169 5299 συγγράφειν,
1235 5229 1309 5293 ὡς
1346 5232 1454 5301 ἄρα
1473 5234 1662 5302 καιρὸς
1693 5229 1848 5306 ἦλθε,

279 5314 365 5367 καὶ
386 5314 657 5388 εὐφόρησε
695 5315 953 5382 ζιζανίων
1016 5321 1111 5375 καὶ
1152 5320 1409 5376 ἀκανθῶν
1458 5324 1521 5377 τὸ
1559 5325 1653 5378 τοῦ
1712 5327 1848 5381 Θεοῦ

279 5401 401 5470 παρ’
431 5405 563 5474 ἡμῖν
591 5405 689 5459 καὶ
716 5408 989 5480 πλήρωμα
1029 5412 1122 5465 καὶ
1153 5410 1448 5483 κλήρωμα,
1480 5415 1572 5469 καὶ
1608 5415 1685 5479 ὡς
1709 5415 1851 5470 ἐθλί-

262 5489 439 5560 ηόησαν
466 5496 720 5552 ἐντεῦθεν
746 5500 943 5565 ἱκανοὶ,
987 5502 1134 5556 καθά
1182 5504 1283 5556 οὐκ
1316 5506 1506 5576 ἐχρῆν,
1564 5507 1656 5561 καὶ
1687 5510 1848 5573 ὅσους

278 5582 370 5636 οὐκ
397 5585 524 5654 ἔδει,
557 5591 653 5644 καὶ
678 5590 755 5654 ὡς
794 5592 896 5645 οὑκ
927 5592 1152 5665 ἔτρεπε,
1207 5594 1304 5648 καὶ
1353 5597 1603 5661 νυγέντες
1647 5599 1697 5651 οἱ
1738 5617 1846 5652 πα-

279 5669 447 5739 θόντες
473 5679 904 5754 ὲκεντρίσθησαν
924 5685 1003 5747 εἰς
1036 5684 1253 5756 ὀδύνην.
1299 5684 1429 5757 Ὀψὲ
1466 5687 1520 5741 δέ
1552 5707 1681 5742 ποτε
1702 5691 1843 5759 μετά

277 5767 632 5841 τοσὰπληγον,
662 5774 857 5850 etesiis
891 5776 966 5847 μὴ
1004 5776 1390 5850 δεκάπληγονι
1425 5781 1508 5846 εις
1537 5776 1840 5854 εὑχρηστον

1956 4603 2023 4653 ad
2058 4600 2232 4669 ipsum
2261 4605 2494 4668 spectet.

2028 4775 2117 4830 5-4.
2149 4772 2310 4840 Novi,
2338 4776 2587 4846 inquam,
2618 4778 2732 4832 iure
2762 4775 2835 4832 ita
2868 4777 2985 4834 fore
3015 4793 3032 4834 :
3067 4777 3259 4834 vellem
3290 4789 3395 4833 tam
3418 4792 3546 4849 pro-

1957 4870 2109 4924 tinus
2164 4871 2266 4924 ista
2310 4870 2498 4927 videre
2554 4881 2609 4927 et
2662 4872 2857 4938 Izetari,
2904 4888 3079 4943 neque
3114 4872 3408 4944 desperare
3445 4888 3547 4927 nec

1955 4961 2143 5015 dolere
2176 4977 2274 5016 nec
2296 4948 2490 5017 timere
2510 4966 2576 5017 de
2605 4964 2867 5032 posteris,
2898 4964 3010 5020 imo
3033 4963 3320 5021 Dominum
3351 4978 3547 5035 rogare

1957 5064 2011 5105 ut
2035 5063 2291 5123 exsurgat
2321 5064 2373 5108 et
2402 5069 2623 5110 manum
2658 5058 2724 5109 ad
2758 5058 3052 5112 vindictam
3087 5073 3335 5113 severam
3371 5058 3545 5113 estol-

1955 5147 2049 5210 lat,
2082 5162 2179 5201 uec
2216 5147 2446 5203 rationis
2489 5148 2775 5203 reddendae
2809 5159 3022 5221 tempus
3064 5151 3423 5216 distrahatur,
3468 5150 3545 5203 si-

1957 5238 2180 5315 quidem
2227 5247 2566 5294 momentutn
2611 5239 2855 5325 advenit,
2884 5252 2937 5296 et
2969 5241 3188 5296 divinus
3225 5252 3335 5295 tum
3367 5250 3543 5295 caelus

1961 5340 2078 5383 tum
2108 5329 2290 5385 clerus
2320 5330 2448 5386 lolia
2483 5346 2548 5386 ac
2580 5332 2772 5401 spinas
2821 5331 3026 5388 aﬂ‘atlm
3076 5332 3439 5402 protulerunt,
3486 5342 3542 5387 et

1956 5422 2113 5476 haud’
2132 5423 2288 5492 pauci
2314 5421 2645 5478 contumelia
2672 5423 2850 5480 affecti
2876 5432 3004 5480 sunt
3033 5433 3160 5494 quot
3191 5430 3244 5478 et
3264 5425 3540 5493 quomodo

1953 5530 2060 5568 non
2086 5515 2311 5570 decebat
2337 5526 2391 5570 et
2418 5515 2487 5571 ob
2517 5531 2711 5572 causas
2743 5517 3013 5586 indignas;
3053 5515 3287 5582 caesique
3343 5514 3547 5570 verbev

1953 5606 2104 5660 ribus
2150 5607 2350 5663 misere
2402 5610 2649 5664 dolorum
2703 5609 2908 5664 aculeis
2959 5606 3145 5661 traditi
3191 5614 3339 5660 sunt.
3387 5607 3534 5661 Sero

1953 5704 2135 5751 autem
2170 5697 2465 5765 aliquando
2490 5711 2613 5769 post
2649 5709 2723 5752 tot
2756 5696 2962 5768 plagas,
2997 5711 3116 5765 quae
3138 5696 3344 5752 utinam
3380 5696 3533 5751 haud

1952 5790 2343 5859 decuplentur!
2378 5803 2521 5847 terra
2576 5792 2661 5847 illa
2710 5793 2775 5846 ad
2818 5805 3139 5861 prosperam
3188 5790 3533 5847 fertilitatem
