3908 6540
388 271 495 336 335
1100 282 1527 351 EUSTATHII
1561 288 2332 357 THESSALONICENSIS
2372 295 2935 362 METROPOLITE
3533 308 3639 372 336

381 386 600 443 redibit.
623 388 933 461 Tantopere
950 402 1133 451 autem
1151 399 1478 455 desiderium
1507 403 1654 457 istud
1678 405 1828 457 cordi
1851 421 1942 459 me:

2072 407 2105 475 ἡ
2136 411 2207 478 γῆ
2258 409 2443 482 ἐκείνη
2484 413 2745 483 εὐφορίαν
2804 410 3174 486 ἀποκατέστη.
3247 418 3338 481 Ἐς
3381 420 3642 477 τοσοῦτον

384 479 605 536 inhaeret
627 491 919 555 tantusque
937 486 1084 543 zelus
1099 489 1315 545 divinus
1332 506 1419 546 me
1434 494 1562 561 urit,
1579 495 1707 549 utin
1723 496 1864 549 votis
1881 511 1941 549 ar

2064 498 2123 551 δέ
2164 516 2254 569 μοι
2274 500 2344 554 τὰ
2363 479 2463 570 τῆς
2490 479 2749 570 τοιαύτης
2779 508 3021 576 ἐφέσεως
3044 479 3329 579 ἐντέτηκε,
3355 512 3454 566 καὶ
3488 515 3516 566 ὁ
3542 514 3641 568 τοῦ

382 568 721 629 dentissimis
744 574 998 644 habeam,
1020 587 1080 633 ut
1102 581 1169 634 ah
1188 580 1290 637 hoc
1308 582 1491 639 statim
1513 586 1599 639 die
1620 585 1829 640 zizania
1848 601 1941 655 per

2061 568 2199 645 Θεού
2228 592 2390 658 ζῆλος
2420 568 2714 648 ύπεκκαῖειή
2740 568 2834 666 με,
2856 568 3011 675 ὥστε
3030 600 3099 653 δι’
3130 568 3472 672 εὐέῆςιεῐναῖ
3523 626 3638 677 μοι,

385 668 589 711 mutata
612 660 664 712 in
687 676 880 729 purum
905 664 1236 722 frumentum
1257 684 1599 735 excrescant.
1634 687 1701 727 ne
1724 689 1942 743 nuquan

2066 681 2390 746 αὐτομάτως
2419 686 2537 739 ἀπο.
2587 688 2688 757 τῆς
2729 660 2983 758 σήμερον.
3032 692 3128 745 καὶ
3168 660 3641 759 ιτα-’ζιζάνιαιεῖς

385 764 412 800 a
439 746 681 805 damone
719 754 1053 822 cribrentur,
1081 768 1135 813 ct
1161 770 1219 815 ut
1256 761 1445 828 spiam,
1481 763 1554 815 uti
1602 760 1714 817 Deo
1749 772 1942 835 gratun

2065 773 2307 844 καθαρὸν
2329 779 2475 829 σῖτον
2524 746 2893 849 ἀναθήλῆσαι’
2925 746 3525 853 μεταμειφθένταῖῃιθς
3561 746 3640 861 pi;

382 849 485 905 est,
503 842 832 900 extollantur
858 850 1054 916 partim
1079 849 1131 905 in
1162 852 1377 917 cedrus,
1404 856 1736 924 cyparissos.
1768 855 1942 925 pinus

2216 842 2222 844 _
2686 842 2696 847 -
2756 842 2767 849 .
2925 842 2937 851 .
3070 842 3081 853 .
3175 842 3187 851 .
3378 842 3389 853 ι
3508 842 3520 850 τ
3561 842 3640 861 ιη.

2062 862 2129 917 ἂν
2165 864 2242 934 τῷ
2267 866 2482 936 δαίμονι
2519 869 2826 939 σινιαθῆναι
2855 886 2984 927 ποτε
3013 874 3109 927 τοῦ
3152 876 3365 944 λοιποῦ,
3408 881 3501 933 καὶ
3538 881 3641 943 τὰς

383 945 521 997 quas
584 928 677 987 Dei
732 934 928 992 domus
993 943 1250 1009 expetit,
1305 944 1500 1014 partim
1560 946 1840 1015 erigantur
1900 947 1942 999 in

2061 928 2301 1020 ἀκάνθας
2332 928 2387 1012 δὲ
2414 960 2679 1031 ἀναϐῆναι
2710 928 2994 1031 θεοφιλῶς.
3020 970 3117 1029 τὰς
3147 928 3248 1036 μεν
3280 928 3639 1040 sape-tmen:

382 1021 517 1078 alias
552 1026 773 1082 arbores
804 1035 1026 1085 edentes
1060 1033 1243 1101 fruges
1277 1051 1411 1104 quas
1450 1036 1592 1094 Deus
1626 1038 1820 1108 diligit.

2053 1062 2151 1107 σας
2173 1050 2253 1110 εἰς
2287 1049 2510 1119 κέδρους
2524 1054 2619 1105 καὶ
2652 1056 3030 1126 κυπαρίσσους
3047 1061 3141 1112 καὶ
3155 1061 3385 1124 πεύκας,
3403 1060 3480 1117 ὧν
3499 1066 3526 1116 ὁ
3541 1063 3638 1117 τοῦ

380 1112 515 1166 Θεοῦ
533 1110 676 1179 οἶκος
700 1118 930 1186 ἐφίεται,
953 1122 1048 1186 τὰς
1065 1125 1121 1176 δὲ
1139 1126 1557 1197 ἀναδραμούσας
1580 1129 1659 1194 εἰς
1689 1131 1907 1197 ἑτεροῖα
1926 1128 2121 1204 δένδρα
2136 1139 2358 1210 εὐαυξῆ,
2377 1110 2835 1214 καρποφοροῦντα
2861 1110 3101 1218 τροφξν.
3412 1155 3440 1203 ὁ
3472 1154 3635 1218 Beda.

456 1206 543 1261 55.
581 1208 636 1262 Si
663 1221 840 1264 autem
871 1214 983 1279 ham
1010 1216 1215 1281 dicens.
1240 1234 1273 1274 ο
1302 1220 1521 1287 fratres,
1554 1231 1606 1276 et
1642 1222 1944 1277 amicorum

380 1298 601 1354 vulnera
632 1303 954 1369 ostendens,
1001 1309 1182 1376 gravis
1236 1325 1302 1366 ac
1352 1328 1578 1368 severus
1610 1315 1797 1371 videor
1845 1314 1949 1369 illis

384 1391 476 1459 qui
545 1391 683 1447 forte
752 1396 960 1464 pudore
1029 1400 1436 1471 suﬂ‘undunlur,
1487 1406 1949 1476 quemadmodum

379 1481 521 1550 quis,
586 1485 677 1549 qui
739 1500 862 1540 cum
909 1493 1190 1557 speciosus
1231 1508 1336 1549 non
1391 1495 1487 1562 sit,
1536 1506 1718 1551 tamen
1778 1497 1948 1553 videri

383 1571 508 1625 talis
542 1574 693 1640 velit,
732 1576 1009 1635 invehitur
1040 1584 1090 1635 in
1125 1598 1253 1637 eum
1285 1586 1375 1654 qui
1429 1586 1528 1655 ipsi
1573 1588 1791 1653 dixerit,
1831 1589 1943 1642 for-

384 1676 526 1716 mam
558 1666 864 1733 speciosam
897 1685 1059 1739 quam
1100 1673 1203 1728 sibi
1245 1676 1516 1743 attribuit,
1548 1692 1670 1732 esse
1714 1680 1946 1733 ementi-

2127 1236 2218 1284 vs'.
2254 1234 2318 1287 El
2346 1233 2401 1287 δὲ
2438 1237 2611 1289 ταῦτα
2643 1238 2851 1306 λέγων,
2876 1242 2972 1294 καὶ
2998 1242 3160 1309 γοῦν,
3193 1237 3238 1297 ὧ
3280 1244 3499 1313 ἀδελφοὶ
3536 1249 3638 1300 καὶ

2056 1323 2423 1391 παραδεικνὺς
2447 1327 2634 1394 φιλικὰ
2657 1330 2971 1401 τραύματα,
2998 1333 3171 1403 βαρὺς
3188 1334 3330 1388 δοκῶ
3348 1338 3463 1401 τοῖς
3499 1337 3637 1401 ἴσως

2055 1412 2469 1482 αἰσχυνομένοις
2489 1457 2503 1478 ,
2542 1417 2686 1473 καθὰ
2716 1421 2812 1475 καὶ
2838 1422 2895 1474 εῖ
2922 1440 3006 1486 τις
3040 1423 3116 1494 μὴ
3144 1423 3223 1477 ὢν
3249 1424 3466 1494 ὡραῖος.
3506 1428 3636 1481 ι’θὲ-

2054 1499 2161 1554 λων
2188 1500 2243 1556 δὲ
2258 1503 2500 1568 τοιοῦτος
2520 1507 2717 1574 δοκεῖν,
2738 1512 3117 1567 κατα-τείνεται
3131 1514 3228 1568 τοῦ
3250 1515 3640 1572 ἀναδιδάσκον-

2054 1608 2144 1654 τος
2188 1596 2430 1658 ἐκεῖνον,
2465 1596 2541 1661 ὡς
2568 1599 2821 1668 ψεύδεται
2857 1603 2954 1673 τὴν
2990 1605 3316 1675 εὐμορφίαν,
3348 1609 3415 1678 ἢν
3452 1609 3640 1680 ἑαυτῷ

2053 1682 2351 1755 ἐπιγράφει
2400 1716 2467 1729 -—
2512 1689 2630 1743 ἀλλ’
2666 1691 2781 1760 ἐγὼ
2823 1693 3153 1763 πληροφορῶ
3205 1696 3300 1749 καὶ
3343 1696 3467 1767 ἄρτι
3505 1702 3641 1762 τοὺς

380 1763 513 1821 tam,
561 1767 614 1810 at
646 1772 746 1830 ego
780 1762 1118 1821 auditoribus
1145 1781 1463 1835 persuasum
1493 1783 1616 1825 esse
1650 1773 1828 1840 cupio,
1861 1786 1942 1827 me

2055 1772 2364 1839 ἀκούοντας,
2410 1776 2496 1831 ὅτι
2541 1779 2863 1836 κολακεύειν
3127 1785 3225 1838 καὶ
3276 1760 3394 1840 οὐκ.
3414 1789 3525 1857 ἔχω
3572 1760 3637 1843 εδ

380 1845 588 1901 adulari
621 1851 837 1907 nescire
864 1863 959 1909 aut
986 1858 1167 1911 omnia
1194 1857 1677 1917 inuliscriminatim
1700 1862 1948 1918 laudibus

382 1932 579 1991 cllerrc
607 1947 774 2009 atque
818 1942 898 1998 sic
938 1944 1117 2014 palam
1153 1949 1396 2005 mentiri.
1435 1951 1592 2009 Unus
1625 1953 1770 2007 enim
1806 1952 1948 2007 Deus

380 2029 605 2084 omnino
639 2047 702 2088 ac
736 2048 952 2107 semper
973 2046 1028 2092 et
1067 2040 1264 2109 ubique
1287 2042 1538 2099 laudibus
1565 2044 1943 2109 celebrandus,

372 2119 732 2197 juStissimus,
779 2127 1037 2195 Optimus,
1085 2132 1485 2195 sanctissimus.
1543 2134 1596 2187 iu
1641 2148 1748 2204 quo
1799 2134 1943 2188 nulla

378 2209 516 2265 ineat
554 2213 838 2284 iniustitia,
873 2233 903 2273 a
941 2235 1048 2290 quo
1084 2220 1234 2278 fraus
1272 2233 1328 2278 et
1379 2224 1584 2280 malitia
1614 2240 1948 2294 quaecunque

330 2301 589 2387 .exsulat
639 2323 654 2361 :
709 2308 872 2364 homo
919 2322 1122 2378 autem,
1160 2315 1470 2386 quicunque
1503 2317 1719 2372 demum
1768 2318 1839 2371 sit
1892 2324 1948 2371 et

376 2403 855 2471 quiantamcunque
908 2402 1150 2473 attigerit
1195 2415 1456 2471 aetatem,
1514 2407 1714 2463 frustra
1766 2408 1947 2463 studet

375 2492 430 2537 ct
478 2487 731 2555 opinatur
790 2501 845 2547 et
907 2494 1117 2552 laborat
1163 2507 1222 2550 ut
1266 2498 1618 2564 in‘omnihus
1671 2500 1829 2555 laude
1875 2501 1947 2555 sit

372 2575 587 2643 dignus.
620 2578 879 2647 Quamvis
914 2586 1058 2640 enim
1105 2588 1333 2659 plurima
1379 2589 1568 2646 fecerit
1622 2593 1674 2646 in
1722 2595 1945 2656 mundo.

377 2680 482 2721 non
522 2677 706 2725 tamen
745 2676 828 2737 eo?
857 2678 1156 2743 perveniet,
1191 2689 1251 2734 ut
1280 2683 1456 2737 omnis
1500 2684 1671 2753 culpae
1699 2699 1765 2740 ac
1802 2684 1941 2739 vitu-

377 2758 518 2824 perii
549 2775 747 2830 expers
782 2767 852 2820 sit
885 2768 937 2822 in
970 2770 1075 2836 via,
1111 2774 1204 2827 sed
1245 2774 1417 2830 solum
1444 2776 1515 2831 ob
1532 2792 1618 2842 ea,
1654 2794 1775 2848 qua:
1806 2779 1943 2834 bene

380 2852 590 2922 peragit
621 2862 678 2910 ct
723 2868 994 2927 quatenus
1036 2877 1260 2936 scepum
1312 2868 1651 2938 prepositum
1698 2870 1939 2942 attingit,

350 2932 495 3011 ’jure
525 2944 828 3021 meritoque
861 2953 1135 3011 laudatur.

444 3034 533 3091 56.
566 3037 741 3112 Atque
788 3043 905 3100 haec
946 3056 1030 3102 est
1072 3050 1253 3105 arente
1302 3052 1410 3117 lex,
1463 3070 1569 3123 qua
1616 3055 1830 3112 athletae
1881 3073 1946 3112 ac

369 3128 588 3197 pugiles
639 3134 708 3188 ad
756 3135 1129 3197 fortitudinem
1185 3146 1629 3214 exstimulantur,
1676 3160 1734 3205 ut
1786 3116 2018 3208 modoC

373 3218 646 3289 laudibus,
699 3228 1203 3302 acclamationibus,
1259 3235 1724 3308 felicitationihus,
1777 3248 1941 3301 modo

371 3314 610 3382 praemiis
655 3318 1011 3379 adornentur.
1082 3323 1189 3383 Sed
1244 3329 1312 3384 ab
1369 3331 1438 3386 iis
1489 3333 1579 3403 qui
1634 3337 1939 3392 animarum

371 3417 559 3461 curam
604 3420 821 3480 gerunt,
875 3414 1145 3473 interdum
1197 3435 1265 3478 ne
1295 3421 1385 3479 ille
1428 3426 1644 3496 quidem
1673 3428 1766 3498 qui
1806 3430 1944 3485 bene

369 3495 605 3555 luctatus
635 3509 739 3565 est.
766 3503 1033 3562 laudatur.
1065 3509 1309 3568 Metuunt
1359 3495 1636 3584 nimirum,
1669 3495 1737 3575 ne
1774 3520 1939 3576 disci-

367 3590 477 3657 pull
511 3602 917 3667 sectatoresque
948 3600 1162 3658 virtutis
1206 3619 1302 3671 per
1343 3621 1626 3665 assensum
1666 3624 1731 3666 ac
1758 3623 1943 3682 gratu-

366 3680 623 3739 lationem
677 3688 744 3740 ad
802 3688 1001 3747 fastum
1053 3708 1356 3767 vanamque
1401 3701 1712 3769 superbiam
1766 3680 1945 3770 proris

369 3775 606 3845 piantur,
659 3778 886 3851 ideoque
942 3785 1248 3855 vituperant
1294 3802 1621 3863 pugnatorcs
1668 3803 1941 3864 strenuos,

369 3883 508 3936 quos
552 3878 732 3927 tamen
771 3874 1038 3944 ejusmodi
1091 3889 1490 3951 prmceptorum
1546 3886 1817 3957 vituperia
1872 3888 1937 3943 ad

371 3962 562 4020 melius
602 3963 828 4022 incitant
857 3977 909 4023 et
936 3969 1082 4029 velut
1120 3972 1324 4030 stimuli
1350 3976 1568 4035 virtutis
1606 3980 1760 4035 linat.

443 4144 531 4197 57.
571 4143 662 4201 Sic
697 4154 875 4204 autem
917 4151 1007 4219 qui
1054 4150 1104 4206 in
1144 4162 1388 4224 tempore
1438 4156 1691 4216 virtutem
1721 4162 1939 4219 aemula-

370 4244 475 4302 tur,
506 4237 665 4296 laude
690 4240 884 4313 dignus
915 4245 1041 4300 erit.
1065 4245 1168 4304 Ubi
1207 4263 1353 4315 vero,
1380 4266 1491 4321 prae
1529 4252 1698 4309 nimio
1722 4254 1939 4324 ardore,

368 4326 505 4380 ultra
542 4344 763 4399 scopum
798 4346 1105 4404 proreptus,
1138 4348 1230 4393 aut
1259 4338 1427 4397 nimia
1450 4341 1668 4415 pigritia
1696 4353 1939 4401 retentus

2056 1863 2239 1932 λέγειν
2276 1866 2493 1924 ἅπαντα
2542 1872 2623 1934 εἰς
2669 1872 3004 1944 ἀδιάκριτον,
3052 1877 3147 1930 καὶ
3182 1876 3327 1930 οὕτω
3374 1881 3639 1950 φανερῶς

2058 1957 2371 2026 ψεύδεσθαι.
2414 1959 2509 2027 Εἷς
2538 1964 2647 2037 γὰρ
2680 1968 2775 2020 καὶ
2810 1968 2972 2036 μόνος
3000 1968 3291 2040 εὐλογητὸς
3321 1972 3498 2044 πάντη
3535 1976 3640 2029 καὶ

2062 2050 2279 2112 πάντως
2322 2054 2416 2107 καὶ
2456 2055 2686 2110 πάντοτε
2733 2060 2761 2109 ό
2786 2058 2938 2123 Θεὸς,
2971 2059 3031 2123 ὃς
3059 2060 3160 2114 οὐκ
3191 2059 3299 2115 οἶδε
3354 2065 3639 2136 ἁμαρτίαν

2061 2145 2257 2206 ποιεῖν,
2284 2144 2315 2196 ὁ
2344 2146 2703 2211 δικαιότατος,
2728 2148 2756 2201 ὀ
2792 2152 3126 2218 πανάγαθος,
3160 2154 3191 2205 δ
3213 2154 3534 2223 ἀγιώτατος,
3570 2160 3639 2211 ιν

2058 2227 2102 2300 ᾧ
2137 2236 2235 2288 οὐκ
2270 2236 2417 2290 ἔστιν
2463 2238 2667 2302 ἀδικία,
2712 2234 2771 2294 οὗ
2802 2243 2911 2304 πᾶς
2938 2242 3086 2306 δόλος
3121 2245 3215 2297 καὶ
3247 2247 3438 2305 ,κακὸν
3481 2248 3638 2303 ἅπαν

2058 2323 2355 2396 ὲξὼρισται
2374 2344 2389 2359 ’
2436 2327 2722 2398 ἄνθρωπος
2748 2330 2804 2384 δὲ
2826 2370 2842 2396 ,
2872 2330 3053 2395 ὁποῖος
3082 2331 3151 2388 ἂν
3175 2334 3383 2398 ἐκεῖνος
3414 2338 3510 2390 καὶ
3541 2340 3639 2408 εἴη

2060 2418 2155 2471 καὶ
2195 2418 2390 2481 ὁπόσος
2421 2419 2512 2473 τὸν
2535 2408 2636 2491 τῆς
2664 2422 2808 2493 ζωῆς
2842 2426 3066 2493 χρόνον.
3105 2426 3284 2497 μάτην
3314 2428 3409 2483 καὶ
3452 2429 3638 2484 ἐθέλει

2060 2508 2156 2561 καὶ
2180 2507 2350 2563 οἴεται
2375 2510 2464 2563 καὶ
2490 2514 2963 2581 πραγματεύεται,
2991 2516 3176 2580 ἁπλῶς
3200 2517 3377 2583 οὕτως
3403 2520 3640 2592 εὐλογη-

2060 2598 2153 2662 τὸς
2191 2594 2327 2653 εῖναι
2360 2601 2555 2656 διόλου.
2588 2604 2764 2657 Πολλὰ
2800 2607 2908 2676 γὰρ
2941 2606 3183 2678 ἐνεργῶν
3214 2610 3355 2663 κατὰ
3388 2610 3635 2681 κόσμον,

2057 2688 2158 2742 οὐκ
2187 2688 2253 2743 ἂν
2292 2690 2558 2763 ἐξανύσῃ,
2592 2694 2680 2748 διὰ
2718 2696 2934 2752 πάντων
2961 2699 3218 2771 ἔρχεσθαι
3242 2701 3637 2776 ἀλογοπρὰγη-

2055 2796 2147 2841 τος
2175 2782 2269 2834 καὶ
2292 2782 2590 2853 ἀμώμητος
2621 2788 2680 2839 ἐν
2700 2786 2806 2859 ὁδῷ
2826 2802 2841 2818 ·
2869 2788 3077 2861 διόπερ,
3105 2793 3192 2862 ἐφ’
3217 2788 3298 2857 οἷς
3319 2793 3420 2865 μὲν
3442 2794 3635 2859 εὐστα-

2056 2871 2144 2938 χεῖ
2202 2872 2296 2924 καὶ
2348 2871 2525 2944 ὀρθῶς
2579 2876 2761 2946 βάλλει
2815 2880 2959 2934 κατὰ
3029 2883 3269 2949 σκοποῦ,
3318 2883 3634 2955 εὐλογεῖται

2058 2962 2299 3025 πάντως.

2127 3051 2242 3116 νς’.
2278 3055 2388 3108 Καὶ
2425 3055 2539 3112 ἔστι
2577 3058 2736 3113 τοῦτο
2768 3060 3087 3129 ἀλειπτικδς
3118 3066 3304 3136 νόμος,
3339 3069 3407 3123 δι’
3434 3065 3501 3126 οὗ
3535 3074 3635 3128 καὶ

2049 3145 2099 3199 οἱ
2129 3146 2480 3211 ἀεθλεύοντες
2509 3150 2603 3202 καὶ
2636 3151 2686 3204 οι
2718 3152 3095 3222 ἀριστεύοντες
3125 3158 3525 3226 προσαύεονται
3549 3165 3634 3228 εἰς

2050 3237 2408 3307 κραταξωσιν,
2436 3241 2486 3293 οι
2516 3241 2616 3310 μὲν
2647 3242 2893 3308 ἐπαίνοις
2920 3247 3014 3299 καὶ
3039 3246 3311 3316 εὐλογίαις
3327 3252 3420 3303 καὶ
3450 3253 3634 3320 ἐγκω-

2055 3329 2219 3398 μίοις.
2244 3333 2293 3387 οἱ
2318 3332 2373 3385 δὲ
2398 3334 2490 3387 καὶ
2515 3332 2707 3405 δώροις
2740 3323 3185 3407 ύιὲαλειφόμενοι.
3213 3342 3323 3396 Καὶ
3342 3343 3453 3414 μὴν
3475 3345 3633 3399 ἔστιν

2049 3420 2139 3474 ὅτε
2167 3422 2289 3476 οὐδὲ
2319 3424 2349 3478 δ
2376 3424 2735 3497 ἀγαθουργῶν
2768 3427 3080 3497 εὐλογεῖται
3116 3433 3267 3503 παρά
3297 3449 3362 3503 γε
3390 3437 3507 3499 τοῖς
3548 3437 3631 3490 ol-

2052 3510 2347 3581 κονομοῦσι
2381 3513 2446 3567 τὰ
2474 3514 2703 3585 ψυχικά.
2738 3516 2801 3570 Ol
2831 3517 2886 3571 δὲ
2915 3519 3166 3584 δεδιότες,
3203 3521 3278 3593 μὴ
3304 3524 3416 3587 τοῖς
3438 3526 3631 3594 μαθηο

2052 3604 2369 3673 τευομὲνοις
2389 3608 2480 3660 καὶ
2502 3608 2885 3679 ἀλειφομένοις
2902 3612 2981 3675 εἰς
3006 3612 3207 3683 ἀρετὴν
3231 3616 3507 3687 ήεύλογῖα
3524 3620 3630 3674 καὶ

2051 3696 2416 3767 χρηστολογία
2436 3700 2518 3763 εἰς
2533 3700 2704 3770 τῦφον
2726 3702 3131 3776 ἀποτελευτήσῃ
3154 3705 3416 3773 καὶδόξαν
3430 3708 3627 3779 κενὴν,

2048 3788 2396 3859 δυσφημοῦσι
2423 3791 2553 3856 τοὺς
2592 3792 2831 3862 ἀγαθοὺς
2875 3795 3105 3866 μύστας,
3132 3791 3215 3863 οἷς
3240 3797 3336 3852 καὶ
3373 3798 3627 3866 γίνονται

2047 3875 2097 3927 oi
2127 3876 2359 3939 τοιοῦτοι
2381 3877 2748 3933 διδασκαλικοὶ
2772 3881 3066 3957 ὀνειδισμοὶ
3088 3884 3367 3957 ὲρεθισμοὶ
3388 3888 3529 3959 πρὸς
3555 3891 3625 3944 τὰ

2050 3968 2358 4038 κρείττονα,
2385 3970 2481 4024 καὶ
2507 3970 2582 4035 ὡς
2609 3964 2696 4025 οἷα
2721 3972 2985 4045 μάστιγες
3010 3977 3090 4040 εἰς
3114 3977 3386 4051 ,ἐργασίαν
3402 3978 3627 4053 ἀγαθὴν

2050 4059 2503 4131 ἐπισπέρχουσαι.

2119 4150 2219 4218 νζ.
2270 4152 2411 4207 Ἀλλ’
2446 4153 2589 4208 οὕτω
2618 4156 2720 4225 μὲν
2751 4154 3053 4225 εὐλογεῖται
3079 4175 3163 4223 τις
3191 4159 3248 4213 ἐν
3270 4159 3447 4231 καιρῷ
3474 4164 3625 4228 ἀγα·

2049 4241 2366 4315 θοπραγῶν.
2390 4245 2517 4299 Ὅτε
2539 4245 2595 4299 δέ
2620 4246 2775 4318 πουῆ
2803 4247 3148 4320 ὑπερϐαλὼν,
3172 4250 3246 4314 ὡς
3267 4251 3627 4323 διεκδραμεῖν

2046 4337 2141 4390 τὸν
2173 4337 2408 4403 σκοπὸν,
2445 4337 2479 4409 ἢ
2508 4337 2756 4409 ὲλλείψας
2790 4339 3064 4412 ἁμάρτοι,
3088 4340 3210 4394 τότε
3238 4342 3297 4396 δὲ
3326 4343 3627 4415 εὐλογητὸς

370 4425 700 4488 peccaverit,
759 4437 888 4484 tunc
950 4445 1135 4485 rcvcra
1190 4432 1335 4488 nulla
1387 4433 1579 4505 dignus
1625 4439 1938 4495 censebitur

2055 4427 2149 4499 μὲν
2174 4429 2275 4483 οὐκ
2308 4427 2375 4483 ἂν
2406 4426 2556 4484 ἔσται
2588 4429 2724 4501 πρὸς
2770 4430 2942 4504 αὐτὴν
2980 4431 3265 4502 ἀλήθειαν,
3298 4436 3522 4493 ἀκούσει
3562 4438 3625 4493 δέ

370 4512 550 4581 laude,
595 4516 690 4570 sed
722 4519 903 4588 potius
944 4522 1109 4576 verba
1162 4525 1345 4579 audiet
1390 4541 1531 4596 quae,
1584 4537 1642 4581 ut
1688 4545 1792 4584 non
1827 4531 1937 4587 sint

2055 4520 2205 4575 ποθεν
2236 4520 2444 4589 λαλιὰς,
2476 4521 2526 4576 si
2554 4524 2649 4580 atati.
2677 4523 2753 4595 μὴ
2779 4524 2920 4578 πάνυ
2952 4541 3007 4578 τι
3038 4528 3239 4598 πικρὰς
3268 4529 3362 4582 καὶ
3389 4529 3466 4595 ὡς
3502 4526 3624 4587 οἷον

369 4604 533 4659 nimis
579 4607 723 4662 aeria
775 4620 829 4664 et
881 4614 1244 4680 amarulenta,
1296 4625 1476 4673 tamen
1527 4618 1719 4690 iudicii
1756 4624 1934 4689 melle,

369 4696 445 4748 uti
481 4696 657 4763 decet,
696 4709 1054 4771 attemperata
1083 4716 1232 4772 sunt,
1281 4708 1327 4762 si
1370 4709 1622 4764 nimirum
1660 4725 1936 4780 peccatum

367 4785 473 4839 tale
504 4786 575 4840 sit
607 4796 666 4843 ut
699 4804 826 4857 non,
857 4792 1295 4863 supplantatione
1343 4798 1565 4868 diaboli,
1600 4801 1754 4874 lapso
1798 4804 1939 4862 intc-

366 4876 526 4931 ritum
569 4892 632 4931 ac
672 4889 902 4937 mortem
934 4885 1311 4946 comminctnr.
1351 4890 1578 4957 Quando
1617 4904 1797 4950 autem
1831 4912 1937 4952 non

369 4969 736 5036 mediocriter.
783 4983 840 5028 ut
890 4974 963 5030 ita
998 4976 1196 5044 dicam,
1252 4982 1347 5037 sed
1397 4984 1699 5054 capitaliter
1748 5004 1939 5056 pecca-

368 5060 506 5117 verit
541 5073 594 5118 et
644 5068 1008 5136 transgressio
1058 5071 1140 5126 vix
1190 5076 1393 5130 remitti
1443 5093 1605 5146 posse
1656 5079 1936 5148 videatur,

367 5168 494 5209 tunc
535 5166 789 5224 peccator
840 5161 1129 5233 vituperiis
1172 5175 1223 5221 et
1260 5168 1722 5241 increpationibus
1772 5175 1939 5229 casti-

369 5247 608 5313 gnblttll‘,
642 5258 718 5313 et,
768 5252 813 5305 si
864 5255 1024 5310 modo
1054 5267 1292 5313 mentem
1346 5276 1533 5316 sanam
1572 5261 1787 5328 habeat,
1824 5266 1941 5320 vul-

370 5337 512 5392 neris
528 5340 864 5397 curationem
888 5360 986 5416 per
1003 5349 1396 5406 correctionem
1416 5354 1560 5410 velut
1582 5370 1679 5425 per
1698 5372 1937 5413 amaram

370 5428 604 5485 radicem
645 5431 893 5491 lubenter
933 5439 1203 5495 admittet.
1248 5441 1305 5497 Si
1354 5444 1499 5499 enim
1537 5462 1642 5501 non
1695 5449 1764 5502 ita
1816 5464 1940 5503 sen-

368 5521 523 5588 serit,
557 5523 652 5579 sed
690 5526 868 5593 potius
895 5528 1238 5597 spiritualem
1277 5534 1601 5590 medicinam
1635 5553 1775 5609 azgre
1803 5539 1943 5595 ferre

371 5620 533 5682 atque
557 5617 796 5673 aversari
822 5619 1093 5689 videatur,
1149 5623 1288 5680 male
1314 5626 1518 5693 audiet,
1549 5629 1624 5683 nil
1652 5646 1942 5687 commune

366 5704 578 5761 habens
613 5720 734 5763 cum
766 5708 1084 5771 hominibus
1115 5714 1272 5774 laude
1310 5716 1510 5789 dignis,
1542 5729 1595 5777 et
1628 5730 1748 5789 post
1775 5723 1941 5780 tnnlta

2038 4610 2412 4683 ἀψινθιὼδεις,
2443 4612 2579 4667 ἀλλὰ
2612 4613 2743 4683 γοῦν
2770 4615 3031 4679 ἐπιεικῶς
3060 4620 3404 4690 κεκραμένας
3435 4622 3623 4691 μέλιτι

2036 4705 2386 4777 διακρίσεως,
2418 4706 2507 4760 ὅτε
2544 4707 2745 4780 δηλαδὴ
2771 4707 2833 4763 τδ
2860 4709 3195 4780 πρόσκομμα
3222 4712 3284 4767 οὐ
3315 4714 3623 4786 σνντριϐὴν

2041 4797 2256 4852 ἀπειλεῖ
2282 4797 2360 4867 τῷ
2386 4799 2770 4866 καταπεσόντι,
2797 4800 2875 4865 ὡς
2912 4802 2990 4864 εις
3022 4800 3287 4869 θάνατον,
3326 4803 3649 4878 σκελισμῷ,

2038 4886 2291 4959 δαίμονος
2309 4903 2323 4919 ·
2356 4886 2454 4953 ὡς,
2487 4889 2540 4943 sl
2562 4905 2624 4958 γε
2648 4889 2710 4943 οὐ
2740 4888 2959 4961 μέτρια,
2986 4889 3063 4955 ὥς
3088 4890 3260 4957 οὕτως
3286 4894 3484 4961 εἰπεῖν,
3520 4914 3625 4951 κα-

2040 4980 2562 5051 κοπραγήσει,ἁλλὰ
2590 4981 2893 5053 κατάκρας,
2925 4982 3019 5037 καὶ
3048 4986 3295 5054 φανεῖται
3319 4988 3624 5060 ἀπαραμύ-

2041 5071 2200 5142 θητος
2222 5072 2256 5143 ή
2286 5071 2613 5143 ὑπερϐασία,
2634 5073 2938 5143 τηνικαῦτα
2960 5075 3056 5130 καὶ
3077 5077 3350 5147 σκώψεται
3374 5078 3402 5130 δ
3424 5081 3622 5135 ἔπται-

2041 5168 2175 5232 κὼς,
2201 5166 2294 5219 καὶ
2318 5165 2727 5236 ἐπι-τιμήσεται,
2752 5168 2847 5221 καὶ
2872 5165 3170 5239 θεραπείαν
3187 5170 3505 5248 τραύματος
3527 5173 3623 5229 διὰ

2046 5260 2415 5332 παραινέσεως
2445 5262 2606 5316 ὁποῖα
2621 5260 2717 5315 καὶ
2746 5263 2947 5333 πικρᾶς
2968 5280 3113 5326 τινος
3143 5263 3301 5334 ῥίζης
3319 5261 3623 5333 δεξάμενος

2046 5353 2244 5423 ἱλαρῶς
2274 5352 2631 5424 προσήσεται,
2668 5351 2826 5423 εἴπερ
2857 5354 3047 5424 φρονεῖ
3076 5351 3328 5414 ἐντελῶς.
3356 5352 3449 5423 Μὴ
3482 5371 3622 5423 φρο-

2043 5444 2149 5496 νῶν
2172 5444 2282 5515 γὰρ
2301 5442 2501 5508 οὕτως,
2520 5443 2653 5498 ἀλλὰ
2673 5445 2914 5514 ἐκφήνας
2930 5441 3348 5521 δυσανασχετεῖν
3369 5445 3464 5500 καὶ
3481 5448 3621 5500 ἀπο·

2045 5537 2332 5591 δυτπετεῖν
2355 5536 2492 5608 πρὸς
2513 5537 2610 5608 τὴν
2635 5539 2776 5592 κατὰ
2800 5536 3017 5606 πνεῦμα
3040 5536 3310 5607 ιατρειαν,
3343 5538 3529 5601 κακῶς
3557 5556 3619 5593 τε

2045 5628 2341 5684 ἀκούσεται
2379 5629 2713 5693 ἀπεναντίας
2753 5631 2865 5691 τοῖς
2905 5628 3219 5699 εὐλογητοῖς
3267 5628 3617 5701 ἀνθρώποις,

2048 5719 2141 5778 καὶ
2176 5720 2313 5792 μετὰ
2347 5719 2517 5784 πολλὰ
2555 5721 2622 5777 τὰ
2659 5723 2716 5776 ἐν
2753 5721 2931 5794 μέσῳ,
2971 5720 3066 5777 καὶ
3098 5720 3217 5775 οὐδὲ
3262 5720 3412 5792 αὐτῷ
3445 5722 3618 5792 φίλα,
