3864 6570
399 507 510 568 339

1123 505 1549 565 EUSTATHII
1583 491 2348 560 'IIIESSALONICENSIS
2381 488 2954 551 METROPULITA!

3557 486 3654 549 3'0

397 623 702 684 promovet.
742 614 818 670 ita
850 631 944 684 per
979 617 1130 670 viros
1161 615 1230 669 ab
1261 617 1381 684 ipso
1409 613 1476 667 ad
1511 611 1816 666 docendum
1850 610 1978 661 des-

2098 602 2272 672 :ptivct
2293 599 2595 670 ἐπιμελῶς.
2618 601 2713 653 καὶ
2733 599 3076 652 συνδιδάσκει
3101 598 3193 649 καὶ
3218 596 3529 665 συνωφελεῖ.
3559 599 3654 651 Καὶ

400 709 623 772 tinatos,
679 706 808 761 dum
859 709 975 776 ipse
1022 705 1076 760 in
1130 705 1362 760 excelsis
1400 713 1651 759 versatur
1689 697 1978 754 invisibilis

398 799 568 867 (ιοιιιε
617 815 852 870 namque
885 801 1117 854 mundus
1169 800 1279 853 Deo
1314 797 1504 866 plenus
1549 796 1678 863 est),
1727 792 1979 848 meliores

399 888 536 942 [tum
564 889 658 956 qui
693 892 762 944 ad
801 890 1056 945 virtutem
1089 888 1410 944 sectandam
1440 884 1554 954 apti
1579 894 1726 938 sunt.

472 1067 562 1124 61.
591 1068 731 1135 Quid
783 1077 966 1124 autem
996 1069 1123 1124 dico
1170 1066 1335 1133 apti?
1375 1064 1588 1120 Etenim
1636 1080 1667 1118 e
1707 1063 1980 1133 lapidibus

401 1174 621 1230 quoque
652 1175 789 1230 quos
815 1161 1075 1230 colligunt
1116 1159 1210 1230 qui
1257 1169 1445 1214 sancta
1493 1157 1711 1218 metalla
1747 1156 1978 1220 fodiunt,

402 1265 706 1321 exsurgunt
754 1253 937 1310 divina
982 1253 1212 1320 semina,
1263 1252 1316 1307 id
1367 1259 1454 1307 est
1498 1251 1669 1307 divini
1707 1249 1975 1306 homines.

400 1342 513 1399 Res
538 1353 716 1399 autem
750 1343 838 1399 illa
880 1344 1139 1410 praclara
1165 1343 1329 1399 etiam
1369 1344 1426 1399 in
1469 1357 1570 1398 nos
1599 1342 1865 1398 redundat
1890 1340 1981 1410 qui

400 1451 548 1491 nunc
579 1436 831 1491 vivimus.
861 1435 997 1491 Nam
1029 1436 1198 1491 divini
1221 1435 1374 1491 verbi
1400 1444 1638 1498 torrens,
1675 1433 1980 1489 doctrinam

401 1525 544 1592 dico,
577 1526 839 1582 divinitus
865 1527 1191 1592 scaturiens,
1219 1527 1386 1582 veluti
1425 1527 1478 1581 in
1507 1525 1774 1596 quosdam
1804 1526 1980 1589 sinus,

404 1617 665 1693 nimirum
693 1618 744 1671 in
771 1617 985 1672 animas
1015 1619 1308 1687 proborum
1342 1627 1736 1688 praeceptorum
1777 1618 1982 1672 immit-

402 1705 558 1771 titur,
608 1707 839 1778 indeque
871 1709 1148 1771 proﬂuens
1187 1709 1351 1764 etiam
1392 1711 1461 1765 ad
1505 1724 1608 1765 nos
1641 1709 1901 1780 pertingit
1930 1717 1985 1760 et

400 1806 661 1866 tanquam
692 1801 976 1868 paradisos
1017 1802 1232 1858 divinos
1279 1802 1473 1871 irrigat
1507 1801 1574 1856 ad
1615 1801 1982 1856 omnimodam

402 1889 742 1948 fertilitatem
777 1907 888 1963 qua
913 1894 1107 1950 anima:
1139 1894 1482 1962 nutriuntur,
1513 1903 1569 1950 et
1599 1893 1766 1951 veluti
1801 1893 1982 1948 sulcos

403 1983 632 2040 inundat
676 1987 746 2041 ad
792 1985 1194 2044 incrementum
1243 1989 1575 2056 animarum,
1625 1997 1681 2044 et
1729 1996 1985 2056 tauquam
2015 1965 2066 2027 Β

402 2073 658 2131 homines
689 2075 814 2132 vitae
839 2078 1096 2134 sordibus
1133 2081 1556 2136 commaculatos
1595 2081 1662 2134 ad
1691 2080 1986 2150 puritatem

404 2166 643 2225 lavando
688 2169 962 2238 perducit.
1009 2169 1194 2240 Neque
1245 2185 1373 2228 vero
1413 2170 1572 2226 aliter
1603 2169 1751 2226 salus
1802 2181 1988 2227 nostra

405 2259 691 2329 obtingere
718 2269 922 2330 potest,
967 2262 1072 2318 nisi
1113 2263 1219 2320 hoc
1253 2264 1370 2320 solo
1414 2264 1596 2331 modo,
1644 2265 1992 2333 quantumvis

407 2349 464 2404 in
499 2350 620 2405 aliis
647 2353 921 2408 methodis
957 2354 1305 2410 inveniendis
1343 2355 1594 2410 homines
1629 2355 1955 2412 allaborent.

477 2439 568 2494 62.
608 2441 931 2511 Quicunque
971 2444 1138 2514 igitur
1177 2445 1282 2500 hoc
1312 2445 1511 2500 bonum
1545 2445 1686 2515 quod
1729 2460 1894 2498 unum
1925 2461 1990 2501 ac

407 2533 584 2587 solum
619 2533 674 2589 in
729 2543 843 2592 toto
881 2539 1083 2592 mundo
1110 2539 1401 2608 reperitur,
1453 2545 1835 2603 contemnunt,
1869 2554 1989 2606 pcr-

408 2639 632 2681 suasum
680 2626 786 2682 sibi
825 2627 1086 2696 habeant,
1134 2645 1194 2686 se
1251 2631 1306 2685 in
1367 2630 1606 2686 tenebris
1650 2629 1989 2685 densissimis

407 2721 757 2774 caecutientes
803 2722 1082 2788 oberrare,
1113 2723 1240 2792 quia
1295 2739 1470 2794 neque
1516 2722 1776 2778 doctrina:
1807 2723 1986 2775 lumen

404 2824 520 2878 prae
545 2825 604 2866 se
634 2810 816 2868 ferunt
844 2828 952 2884 quo
1001 2815 1054 2869 in
1099 2815 1261 2886 hujus
1291 2815 1412 2870 vitae
1438 2815 1670 2886 caligine
1697 2815 1985 2877 ducantur,

405 2915 582 2971 neque
613 2903 716 2956 alia
750 2905 961 2961 ratione
987 2907 1300 2975 diriguntur
1327 2923 1343 2974 ;
1382 2907 1492 2962 imo
1519 2921 1619 2977 pro
1647 2907 1854 2961 lumine
1881 2909 1988 2961 isto

404 2995 568 3051 hilari
606 2999 917 3053 incendium
968 3001 1138 3056 irruet
1189 3001 1244 3055 in
1304 3011 1467 3069 caput
1515 3016 1732 3068 eorum,
1783 3011 1837 3054 et
1889 3016 1988 3069 pro

406 3087 574 3143 latice
622 3089 1002 3160 refrigerante,
1051 3092 1288 3164 desuper
1343 3091 1604 3162 irrigante
1647 3094 1784 3147 etin
1820 3092 1984 3148 vitam

403 3192 667 3245 aeternam
691 3183 939 3250 saliente,
970 3184 1226 3241 ﬂuctibus
1255 3185 1414 3239 malis
1444 3187 1843 3255 opprimentur,
1879 3201 1984 3239 non

404 3274 580 3329 solum
626 3275 851 3341 amaris,
896 3275 993 3330 sed
1037 3277 1224 3344 etiam,
1273 3292 1396 3347 qua:
1442 3279 1658 3347 gravior
1690 3292 1846 3347 poena
1877 3288 1983 3344 est,
2013 3318 2056 3372 ε

400 3367 552 3420 υιιιιιί
585 3368 770 3437 vigore
798 3383 886 3425 ac-
908 3368 1210 3434 fertilitate,
1244 3379 1302 3424 ut
1345 3371 1418 3424 ita
1449 3371 1649 3436 dicam,
1686 3369 1984 3425 destitutis.

401 3461 496 3514 Sic
521 3471 704 3514 autem
749 3461 1057 3516 communis
1085 3465 1328 3517 oumium
1375 3462 1536 3518 Pater
1584 3476 1777 3531 nragna
1827 3461 1988 3516 orba-

401 3553 550 3606 bitur
580 3551 874 3607 liberorum
909 3554 1062 3622 c0pia
1110 3569 1275 3624 quam
1327 3555 1562 3625 impetus
1617 3553 1989 3607 daemoniacus

403 3648 773 3703 absorbuerit.

476 3740 565 3795 63.
608 3741 742 3796 Cum
783 3744 922 3797 cnim
953 3745 1094 3798 inter
1132 3757 1325 3798 omnes
1353 3749 1593 3805 constet,
1624 3738 1986 3794 calamitatem

404 3850 527 3888 esse
556 3836 868 3902 exitiosam,
921 3838 965 3891 si
1001 3837 1250 3890 homines
1285 3850 1383 3904 pro
1435 3832 1611 3887 lubitu
1649 3831 1990 3899 arbitrioque

405 3942 529 3990 suo,
565 3927 697 3981 nulli
744 3929 989 3997 subjecto
1035 3927 1280 3992 domino,
1329 3925 1579 3980 viverent
1629 3923 1796 3992 (quod
1845 3921 1988 3976 idem

406 4026 492 4070 ιμδι
519 4027 681 4085 atque
713 4020 943 4086 protirize
980 4016 1241 4072 voluntati
1275 4015 1553 4070 addictum
1585 4029 1706 4069 esse
1734 4020 1791 4066 et
1821 4011 1988 4066 nimia

405 4124 529 4160 cum
569 4108 759 4162 lidueia
790 4110 949 4176 genio
993 4110 1337 4178 indulgere):
1395 4106 1489 4160 tali
1535 4106 1865 4171 calamitate,
1905 4115 1989 4159 ut-

405 4210 531 4268 puto
565 4200 767 4253 nemini
799 4200 1054 4267 subjecti,
1106 4199 1358 4254 laborant
1398 4199 1580 4268 populi
1619 4197 1708 4252 illi
1747 4201 1838 4268 qui
1882 4213 1989 4252 non

405 4293 612 4345 habent
638 4294 802 4346 duces
835 4291 944 4346 Deo
995 4306 1254 4361 supremo
1288 4292 1410 4347 duci
1446 4291 1776 4346 submissos.
1833 4289 1990 4344 Tales

406 4385 550 4438 cuitu
578 4388 802 4454 populos
837 4387 1071 4439 mundus
1097 4385 1421 4453 circumagit
1441 4399 1538 4438 ceu
1558 4385 1815 4436 animalia
1840 4398 1991 4451 quas-

405 4484 528 4532 dam
553 4482 828 4550 capitibus
853 4481 1116 4536 carentia.
1153 4479 1334 4544 Quare
1363 4494 1458 4533 eos
1483 4478 1795 4547 perjocum,
1816 4477 1892 4530 uti
1936 4479 1989 4530 in

404 4575 580 4627 veteri
601 4574 887 4643 proverbio
919 4583 1025 4637 est,
1055 4571 1370 4640 ἀκεφάλους
1404 4573 1500 4624 καὶ
1532 4571 1839 4640 ἀναύχενας
1872 4568 1989 4637 (qui

2091 697 2235 751 οὕτω
2263 697 2354 749 διὰ
2375 695 2482 747 τῶν
2507 693 2600 746 ὐπ’
2621 691 2788 745 αὐτοῦ
2815 689 3272 760 προϐαλλομένων
3305 691 3384 752 εἰς
3413 689 3654 743 διδασκα-

2087 790 2230 852 λίαν,
2269 789 2327 841 ὲν
2356 787 2434 856 τῷ
2456 788 2548 840 καὶ
2577 785 2740 838 αὐτὸν
2767 785 2974 839 ἀνωθεν
3011 783 3230 851 ἀοράτῳ
3260 785 3515 850 παρεῖναι
3549 782 3653 852 (τοῦ

2087 880 2224 934 Θεοῦ
2245 879 2354 948 γὰρ
2383 879 2528 941 ἅπας
2556 880 2584 930 ό
2607 878 2812 946 κόσμος
2839 875 3052 945 γέμει),
3073 873 3341 944 βελτίονες
3369 875 3417 926 οἱ
3447 875 3654 944 εὐφυεῖς

2087 973 2156 1025 τὰ
2187 975 2269 1034 εἰς
2299 971 2501 1041 ἀρετὴν
2529 971 2789 1038 γίνονται.

2159 1063 2259 1128 ξα’.
2291 1063 2357 1116 ΤΞ
2387 1063 2442 1116 δὲ
2473 1062 2617 1131 λέγω
2642 1063 2690 1114 οἱ
2721 1061 2942 1130 εὐφυεῖς
2967 1077 2983 1125 ;
3012 1061 3145 1114 Suae
3178 1075 3244 1128 γε
3269 1059 3362 1113 καὶ
3391 1063 3456 1114 ἐκ
3475 1061 3647 1130 λίθων,

2089 1156 2180 1218 οὐς
2207 1156 2564 1222 ἀναλέγονται
2585 1156 2634 1209 οἱ
2666 1154 2840 1224 ἁγῐως
2872 1153 3318 1225 μεταλλεύοντες,
3348 1155 3654 1210 ἀνίστανται

2092 1253 2390 1322 σπέρματα
2422 1253 2563 1316 θεῖα,
2589 1250 2689 1304 εἴτ’
2717 1250 2812 1306 οὖν
2833 1249 2970 1304 Θεοῦ
2992 1249 3292 1320 ἄνθρωποι.
3327 1250 3400 1302 Τὸ
3429 1249 3487 1302 δὲ
3503 1251 3654 1306 καλὸν

2092 1342 2270 1396 ἐκεῖνο
2304 1343 2536 1413 καθήκει
2570 1341 2668 1394 καὶ
2715 1343 2797 1406 εις
2825 1343 2975 1412 ἡμᾶς
3013 1341 3232 1405 αὐτοὺς,
3268 1340 3395 1402 τοὺς
3442 1341 3540 1408 τῆς
3566 1341 3653 1395 νῦν

2091 1433 2325 1505 ἡμέρας.
2354 1434 2426 1487 Τὸ
2455 1436 2564 1504 γὰρ
2587 1434 2680 1488 τοῦ
2711 1434 2899 1489 ἐνθέου
2925 1434 3086 1501 λόγου
3118 1432 3321 1503 ῥεῦμα,
3345 1431 3656 1486 τὸδιδασκα-

2091 1523 2262 1590 λικὶιν,
2283 1523 2620 1595 πλημμῦρον
2657 1523 2846 1578 θεόθεν
2871 1524 2948 1585 ὠς
2973 1525 3055 1586 εἰς
3089 1523 3324 1586 κόλπους
3360 1522 3534 1586 τινὰς,
3567 1525 3654 1586 τὰς
3709 1545 3714 1549 ·

2091 1617 2201 1670 τῶν
2253 1618 2432 1688 ὀρθῶν
2475 1616 2816 1672 διδασκάλων
2862 1615 3064 1685 ψυχὰς,
3119 1616 3214 1668 καὶ
3260 1613 3418 1677 αὖθις
3461 1615 3655 1666 ἐκεῖθεν

2093 1711 2362 1780 προρῤἐον
2401 1710 2497 1762 καὶ
2537 1712 2617 1772 εἰς
2646 1712 2818 1779 ἡμᾶς,
2871 1707 2966 1761 καὶ
2999 1708 3076 1770 ὠς
3120 1707 3489 1776 παραδείσους
3531 1707 3654 1759 Θεὸῦ

2091 1801 2310 1872 ἀρδεύει
2339 1802 2432 1854 ἐπὶ
2465 1802 2696 1872 παντοίᾳ
2723 1801 3096 1871 καρποφορεᾳ,
3137 1799 3206 1852 δι’
3239 1795 3309 1872 ἦς
3337 1799 3512 1870 ψυχαὶ
3542 1801 3656 1868 τρέ-

2095 1910 2308 1962 φονται,
2342 1895 2437 1948 καὶ
2465 1894 2541 1957 ὡς
2571 1894 2817 1957 αὔλακας
2854 1893 3114 1961 μεθύσκει
3143 1891 3236 1946 ἐπὶ
3269 1891 3478 1962 βλάστῃ
3508 1897 3657 1963 ψυχι-

2091 1987 2299 2058 τρόφῳ,
2327 1988 2422 2040 καὶ
2445 1988 2519 2050 ὡς
2556 1987 2882 2058 ἀνθρώπους
2909 1987 2967 2040 δὲ
2989 1985 3377 2058 ,ῥυπουμένους
3413 1985 3519 2038 ιλύῖ
3547 1984 3658 2055 βιω-

2090 2082 2219 2150 τικῇ
2254 2079 2513 2134 ἀπολούει
2543 2081 2603 2143 ἐς
2636 2079 3008 2150 καθαρότητα.
3042 2080 3154 2132 Καὶ
3187 2079 3289 2132 οὐκ
3318 2079 3470 2133 ἐστιν
3497 2079 3656 2144 ἄλλως

2093 2174 2159 2226 τὰ
2191 2174 2248 2226 ἐν
2279 2174 2413 2242 ἡμῖν
2452 2173 2695 2241 σωτήρια
2726 2171 3239 2243 καταπράττεσθαι,
3277 2172 3310 2242 ἢ
3355 2171 3544 2224 τοῦτον
3573 2173 3658 2225 καὶ

2095 2264 2254 2334 μόνον
2277 2266 2368 2318 τὸν
2391 2265 2614 2335 τρόπον,
2642 2265 2746 2319 κάν
2775 2266 2823 2316 εἰ
2845 2265 2939 2317 καὶ
2967 2264 3139 2318 πολλά
3167 2264 3334 2334 κάμοι
3353 2280 3443 2326 τις
3468 2263 3658 2333 διερει-

2092 2357 2354 2427 νὼμενος,
2393 2355 2879 2432 μυρίανὲτεροῖαν
2909 2357 3156 2427 μέθοδον.

2163 2450 2260 2514 ξεν.
2296 2451 2360 2502 Oi
2408 2451 2589 2503 τοίνυν
2626 2449 2790 2504 καλὸν
2826 2449 2986 2502 τοῦτο
3017 2449 3074 2502 ἓν
3107 2449 3202 2502 καὶ
3252 2449 3417 2518 μόνον
3451 2449 3576 2502 αὐτὸ
3605 2450 3656 2502 ὲν

2089 2541 2196 2610 ὅλῳ
2228 2541 2307 2608 τῷ
2341 2541 2533 2611 κόσμῳ
2575 2540 3146 2610 ἀποπροσποιούμενοι
3185 2541 3656 2610 πληροφορείσθω.

2093 2651 2192 2686 σαν
2215 2672 2230 2697 ,
2261 2632 2342 2685 ὅτι
2372 2649 2432 2685 τε
2464 2633 2522 2686 ὲν
2552 2633 2730 2704 σκότῳ
2756 2633 3064 2705 ψηλαφητῷ
3097 2634 3289 2704 τυφλοὶ
3321 2633 3652 2698 πλανῶνται,

2088 2725 2150 2778 τὸ
2182 2724 2564 2779 διδασκαλικὸν
2595 2725 2709 2790 φῶς
2739 2723 2864 2778 οὐτε
2896 2725 3154 2797 φέροντες
3187 2725 3296 2796 πρὸ
3325 2725 3560 2796 χειρῶν,
3589 2725 3656 2789 ὡς

2093 2817 2150 2868 ὲν
2181 2819 2246 2886 τῇ
2276 2816 2420 2869 κατά
2451 2815 2568 2885 βίον
2597 2815 2914 2886 ὁδηγεῖσθαι
2944 2819 3119 2882 νυκτὶ,
3159 2815 3284 2871 οὐτε
3315 2817 3540 2872 ἄλλοθεν
3574 2833 3655 2886 χρ-

2094 2907 2448 2979 ρηγούμενοι,
2473 2909 2568 2962 καὶ
2590 2911 2674 2962 ὅτι
2700 2911 2820 2964 ἀντὶ
2849 2911 3027 2978 φωτὸς
3048 2910 3292 2964 τοιούτου
3323 2908 3511 2980 ἱλαροῦ
3540 2908 3656 2978 φλὸξ

2091 3002 2190 3070 τῆς
2222 3002 2404 3057 αὐτῶν
2433 3003 2920 3074 καταρῤαγήσεται
2953 3003 3222 3072 κεφαλῆς,
3254 3003 3347 3056 καὶ
3381 3003 3504 3056 ἀντὶ
3540 3002 3657 3056 ἀνα-

2089 3093 2352 3164 ψύχοντος
2383 3093 2594 3158 ὓδατος,
2621 3094 2832 3149 ἀνωθεν
2861 3095 2963 3166 μὲν
2991 3094 3471 3164 ἔπομϐρουμὲνου,
3497 3094 3656 3146 κάτω-

2090 3189 2181 3241 θεν
2209 3188 2266 3240 δὲ
2295 3187 2594 3257 ἁλλομένου
2627 3188 2709 3250 εἷς
2739 3186 2956 3242 αἰώνιον
2988 3187 3168 3258 ζωὴν,
3203 3187 3356 3241 ὕδασι
3395 3188 3653 3241 κατακλυ-

2094 3283 2380 3352 σθὴσονται
2397 3282 2675 3351 πονηροῖς,
2695 3283 2755 3334 οὐ
2777 3281 2937 3350 μόνον
2958 3281 3136 3344 ἄλλως
3162 3283 3400 3351 πικροῖς,
3424 3281 3555 3335 ἀλλά
3574 3280 3656 3342 καὶ

2091 3374 2472 3442 ἀτενουμένοις
2492 3415 2507 3440 ,
2534 3373 2634 3426 εῖτ⁹
2668 3369 2767 3426 οὖν
2795 3371 3118 3426 ἀτεκνοῦσιν
3149 3372 3243 3426 ἐπὶ
3274 3373 3485 3442 ζημέαν
3503 3414 3516 3437 ,
3545 3375 3593 3426 ei
3610 3390 3657 3426 τι

2089 3467 2196 3538 χρὴ
2226 3465 2368 3520 οὕτω
2395 3466 2603 3535 φράσαι
2624 3505 2638 3526 .
2670 3466 2764 3518 τοῦ
2796 3463 2975 3518 κοινοῦ
3010 3465 3228 3519 πάντων
3261 3465 3477 3536 Πατρὸς
3511 3467 3656 3534 ἀφαι-

2093 3558 2357 3629 ρουμένου
2423 3556 2625 3624 πολλὴν
2688 3556 2900 3624 πληθὺν
2965 3557 3206 3623 τέκνων,
3267 3557 3336 3628 ἢν
3397 3559 3657 3629 παρέσνρε

2090 3653 2400 3722 κατάρρους
2425 3651 2718 3720 δαιμόνιος.

2161 3741 2259 3809 ξγῖ
2296 3742 2765 3812 Ὀμολογουμένου
2797 3742 2904 3814 γάρ
2927 3744 3038 3806 τοῖς
3063 3744 3120 3795 ἐν
3148 3742 3227 3814 τῷ
3254 3743 3449 3814 κόσμῳ
3473 3743 3657 3798 ἅπασιν

2090 3834 2422 3905 ἀνθρώποις,
2447 3834 2616 3888 κακὸν
2643 3829 2787 3887 εἶναι
2815 3834 3198 3904 ὁλεθρευτικδν
3219 3836 3281 3888 τὸ
3309 3835 3657 3901 αὐτεξουσίως

2091 3929 2188 3981 καὶ
2227 3928 2541 3989 ἀδεσπότους
2579 3925 2820 3998 ἄναρχον
2863 3926 3133 3995 (τοιοῦτον
3170 3927 3226 3979 δὲ
3272 3927 3331 3980 τδ
3376 3927 3658 3996 αὐτόνομον

2092 4018 2186 4071 καὶ
2211 4017 2561 4088 ἰδιόρῤυθμον
2589 4017 2687 4069 καὶ
2716 4017 3100 4085 πεισματικδν,
3132 4017 3244 4070 εἴτε
3269 4018 3656 4086 πεισμονικδνι,

2091 4111 2198 4164 ὐπύ
2215 4108 2472 4180 τοιαύτην
2499 4111 2708 4161 κεῖνται
2735 4108 3048 4178 φαυλότητα
3072 4107 3166 4160 καὶ
3188 4107 3387 4160 κακίαν
3407 4107 3657 4174 ἀναρχίας

2091 4204 2186 4256 καὶ
2211 4201 2356 4267 λαοὶ,
2385 4203 2501 4254 ὅσοι
2534 4202 2609 4270 μὴ
2647 4199 2832 4270 ἔχουσι
2863 4199 3204 4271 καθηγητὰς,
3235 4193 3311 4253 ὧν
3345 4199 3655 4270 ὐπερανέχει

2090 4299 2118 4350 ὁ
2161 4296 2419 4366 μέγιστος
2459 4293 2781 4368 ἡγούμενος,
2833 4295 2860 4346 ό
2893 4293 3026 4356 Θεός
3054 4309 3070 4324 ·
3123 4293 3219 4345 καὶ
3259 4293 3516 4362 περιάγει
3543 4292 3656 4353 τούς

2091 4386 2366 4448 τοιούτους
2399 4386 2561 4449 λαοὺς
2581 4389 2609 4439 ό
2641 4388 2847 4456 κόσμος
2879 4380 2966 4438 οἶα
3010 4383 3104 4437 καί
3147 4400 3267 4436 τινα
3301 4382 3440 4447 ζῶα,
3468 4376 3546 4444 οἷς
3571 4382 3657 4432 οὐκ

2091 4478 2396 4531 ἐπίκεινται
2438 4476 2694 4546 κεφαλαί.
2731 4478 2821 4529 Διὸ
2856 4477 3018 4530 καλὸν
3063 4476 3184 4546 μὲν,
3227 4475 3323 4528 καὶ
3365 4473 3658 4542 ἀκεφάλους

2094 4573 2187 4624 καὶ
2228 4569 2532 4636 ἁναύχενας
2573 4570 2698 4631 τούς
2746 4568 3046 4631 τοιούτους,
3088 4567 3232 4620 κατά
3267 4584 3392 4621 τινα
3440 4565 3658 4620 παλαιὰν

411 4675 512 4736 nec
528 4673 687 4732 caput
705 4677 806 4717 nec
823 4663 1020 4717 collum
1041 4661 1264 4726 habent)
1293 4660 1416 4730 jurc
1437 4659 1830 4722 nominaveris,
1891 4672 1986 4712 seu

2098 4660 2444 4728 λογοποιῐαν,
2479 4659 2843 4728 ἀποσκῶψαιζ
2879 4657 3096 4711 κάλλιον
3124 4658 3180 4711 δὲ
3211 4659 3325 4723 καὶ,
3356 4658 3435 4721 ὼς
3463 4659 3538 4718 εἰς
3567 4656 3657 4724 φύ-

413 4756 592 4824 potius
611 4757 884 4811 vermibus
898 4757 1262 4810 inarticulatis
1281 4754 1645 4818 accensueris,
1666 4753 1993 4806 cxsistentes

411 4851 654 4916 quidem,
683 4851 824 4919 quod
848 4853 913 4905 ad
942 4851 1060 4904 vitae
1088 4850 1356 4903 rationem
1381 4849 1598 4911 attinet,
1623 4845 1716 4899 sed
1747 4853 1996 4913 putantes

414 4959 535 4998 sese
567 4956 826 5012 praestare
857 4943 1005 4999 Omni
1059 4942 1259 4997 homini
1303 4941 1394 5008 qui
1427 4939 1538 4994 Deo
1578 4937 1992 5008 appropinquat,

413 5049 468 5089 et
499 5040 565 5090 ad
619 5038 693 5092 ita
745 5039 1090 5094 sentiendum
1145 5037 1246 5090 sibi
1305 5035 1536 5089 invicem
1574 5029 1992 5102 persuadentes,

419 5128 674 5182 tiduciam
709 5129 762 5182 in
798 5130 958 5183 rebus
993 5129 1192 5196 quibus
1223 5142 1332 5181 non
1381 5124 1693 5195 oportebat,
1720 5121 1994 5176 collocan-

419 5231 523 5275 tes.
559 5220 633 5274 De
665 5223 763 5276 hac
793 5220 992 5276 ﬁducia
1029 5220 1382 5289 quantumvis
1419 5219 1618 5286 saepius
1655 5213 1814 5269 verba
1866 5212 1992 5274 feci,

417 5327 566 5367 nunc
612 5329 860 5383 quoque,
921 5322 1184 5381 quantum
1237 5312 1370 5367 satis
1425 5321 1532 5374 est,
1590 5305 1993 5363 recordationis

417 5403 588 5472 gratia
630 5403 876 5473 proferre
915 5405 1066 5459 libet.

489 5497 580 5552 64.
615 5497 834 5552 Fiducia
886 5506 943 5552 et
969 5496 1316 5562 conﬁdentia,
1364 5509 1455 5550 res
1487 5493 1541 5549 in
1578 5504 1820 5562 tempore
1851 5491 1997 5545 desi-

399 5591 702 5653 derabilis,
736 5603 1124 5656 nonnunquam
1150 5597 1330 5642 autem
1358 5585 1633 5656 fugienda,
1666 5584 1740 5638 uti
1765 5583 1995 5644 scimus,

419 5683 738 5751 plerumque
771 5698 834 5736 ex
869 5697 974 5733 una
1009 5682 1190 5734 radice
1231 5695 1297 5735 ac
1327 5680 1500 5742 fonte,
1528 5693 1623 5732 seu
1667 5687 1726 5730 ut
1759 5675 1992 5743 simpli-

421 5794 435 5822 ι
458 5775 540 5827 ius
581 5775 790 5840 loquar,
816 5789 880 5828 ex
922 5789 1026 5827 uno
1057 5774 1328 5844 principio
1356 5772 1682 5842 procedunt,
1723 5785 1753 5822 e
1775 5768 1994 5835 subjec-

422 5864 566 5915 tione
607 5865 884 5918 nimirum.
917 5863 1050 5917 Cum
1107 5876 1286 5919 autem
1321 5863 1588 5932 bipartitm
1631 5861 1738 5912 sint
1800 5856 1991 5924 (altera

404 5955 560 6017 ,boua
616 5958 760 6016 enim
818 5968 1058 6030 apparet,
1109 5957 1408 6018 secundum
1459 5970 1621 6024 quam
1668 5950 1846 6022 quoad
1912 5964 1997 6004 res

2100 4769 2185 4806 σιν
2214 4749 2600 4820 ἀδιαρθρώτων
2636 4751 2936 4819 σκωλήκων
2965 4748 3237 4812 ἀποτάξαι
3262 4749 3481 4810 αὐτοὺς.
3511 4749 3656 4806 όντας

2101 4846 2220 4914 μὲν,
2259 4847 2436 4896 ὁποῖοι
2474 4841 2544 4894 τά
2584 4843 2640 4904 ὲς
2690 4842 2806 4910 βίον
2856 4840 3234 4909 ἐκφαίνονται,
3285 4840 3572 4900 δοκοῦντας
3609 4837 3654 4888 δὲ

2098 4938 2459 5007 ὐπερανέχειν
2489 4934 2778 5006 ἀνθρώπου
2814 4932 3016 4994 παντὸς
3035 4971 3050 4996 ,
3075 4932 3386 4999 ἐγγίζοντος
3419 4931 3499 5000 τῷ
3527 4929 3654 4997 Θεῷ,

2097 5029 2193 5084 καὶ
2215 5028 2617 5098 συμπείθοντας
2642 5024 2903 5095 ἀλλήλους
2932 5025 3012 5088 εἰς
3037 5024 3097 5076 τὸ
3125 5022 3270 5076 οὕτω
3303 5024 3545 5092 φρονεῖν,
3575 5020 3656 5071 καὶ

2099 5123 2308 5189 πεῖσμα
2355 5119 2742 5188 φυλάττοντας,
2785 5115 2871 5184 ἐφ’
2919 5109 3001 5176 οἷς
3050 5115 3152 5168 οὐκ
3201 5114 3390 5183 ἐχρῆν.
3435 5113 3562 5178 Περὶ
3606 5105 3658 5162 οὗ

2099 5213 2400 5281 πείσματος
2424 5209 2595 5264 πολλά
2612 5210 2705 5261 καὶ
2725 5208 2985 5270 πολλάκις
3007 5210 3058 5261 εἰ
3072 5205 3179 5259 τὼν
3200 5205 3373 5259 ἐθέλω
3397 5206 3566 5257 κᾶντα
3580 5201 3661 5254 δθα

2102 5312 2336 5375 μετρίως
2357 5298 2801 5371 ἐπισημήνασθαι
2827 5316 2880 5352 τι
2908 5297 3044 5368 πρὸς
3060 5297 3390 5366 ἀνάμνησιν.

2171 5476 2265 5542 ξδ’.
2299 5477 2372 5529 Τὸ
2397 5477 2604 5544 πεῖσμα
2634 5475 2730 5528 καὶ
2760 5477 2793 5544 ἡ
2825 5474 3118 5544 πεισμονὴ,
3139 5473 3199 5526 τὺ
3220 5473 3314 5527 καὶ
3343 5471 3592 5524 εὐκταῖον
3610 5471 3661 5520 ἐν

2099 5568 2275 5640 καιρῷ
2304 5567 2515 5638 χρῆμα,
2556 5568 2648 5620 καὶ
2682 5565 2856 5630 ἄλλως
2896 5567 2950 5618 δὲ
2993 5565 3277 5632 φευκτέον,
3308 5563 3384 5628 ὡς
3417 5560 3663 5629 οἴδαμεν,

2099 5661 2444 5732 ὲξὼρμηνται
2471 5663 2544 5723 ὡς
2567 5659 2798 5712 ἐπιπολὺ
2827 5663 2928 5712 ὅσα
2953 5659 3044 5711 καὶ
3063 5657 3222 5727 ῥίζης
3251 5657 3396 5720 τινὸς
3417 5655 3447 5724 ἢ
3467 5651 3661 5721 πηγῆς,

2103 5755 2287 5817 ἁπλῶς
2331 5755 2385 5806 δὲ
2430 5756 2638 5816 εἰπεῖν,
2683 5752 2864 5822 ἀρχῆς
2907 5754 3196 5821 ἀμφότερα
3226 5751 3325 5820 τῆς
3373 5745 3661 5816 ὑποταγῆς,

2103 5849 2292 5915 Auri};
2323 5848 2377 5898 δὲ
2406 5846 2568 5915 οὔσης
2598 5846 2769 5914 αὐτῆς
2897 5847 2992 5914 μὲν
3023 5848 3132 5914 γὰρ
3163 5846 3346 5912 ἁγαοὴ
3373 5840 3664 5909 διεκφαίνε-

2105 5961 2220 6007 ται,
2284 5939 2401 5994 καύ’
2460 5944 2523 6010 ἦν
2576 5941 2777 6013 δηλαδὴ
2845 5939 3154 6010 θ;οφιλὲσιν
3217 5936 3526 6008 ἀνθρώποις
3579 5929 3661 5986 in}
