  <div class='ocr_page' id='page_1' title='image "/cluster/home/n/w/nwhite01/storage/ocr_20150623/136/hvd.32044019208305/178.png"; bbox 0 0 3864 6608; ppageno 0'>
   <div class='ocr_carea' id='block_1_1' title="bbox 239 444 2892 515">
    <p class='ocr_par' dir='ltr' id='par_1_1' title="bbox 239 444 2892 515">
     <span class='ocr_line' id='line_1_1' title="bbox 239 444 2892 515; baseline 0.001 -3"><span class='ocrx_word' id='word_1_1' title='bbox 239 444 322 514; x_wconf 72' lang='lat' dir='ltr'><strong>3H</strong></span> <span class='ocrx_word' id='word_1_2' title='bbox 814 447 912 509; x_wconf 84' lang='lat' dir='ltr'><strong>DE</strong></span> <span class='ocrx_word' id='word_1_3' title='bbox 949 446 1433 509; x_wconf 77' lang='lat' dir='ltr'><strong>OBEDIENTIA</strong></span> <span class='ocrx_word' id='word_1_4' title='bbox 1475 445 2015 512; x_wconf 81' lang='lat' dir='ltr'><strong>MAGISTRATUI</strong></span> <span class='ocrx_word' id='word_1_5' title='bbox 2060 450 2547 513; x_wconf 77' lang='lat' dir='ltr'><strong>CHRISTIANO</strong></span> <span class='ocrx_word' id='word_1_6' title='bbox 2584 450 2892 515; x_wconf 58' lang='lat' dir='ltr'><strong>DEBITA.</strong></span> 
     </span>
    </p>
   </div>
   <div class='ocr_carea' id='block_1_2' title="bbox 3382 452 3490 516">
    <p class='ocr_par' dir='ltr' id='par_1_2' title="bbox 3382 452 3490 516">
     <span class='ocr_line' id='line_1_2' title="bbox 3382 452 3490 516; baseline 0 -1"><span class='ocrx_word' id='word_1_7' title='bbox 3382 452 3490 516; x_wconf 72' lang='lat' dir='ltr'><strong>3i2</strong></span> 
     </span>
    </p>
   </div>
   <div class='ocr_carea' id='block_1_3' title="bbox 236 555 1779 632">
    <p class='ocr_par' dir='ltr' id='par_1_3' title="bbox 236 555 1779 629">
     <span class='ocr_line' id='line_1_3' title="bbox 236 555 1779 629; baseline -0.002 -16"><span class='ocrx_word' id='word_1_8' title='bbox 236 557 498 628; x_wconf 58' lang='lat' dir='ltr'><strong>animiam.</strong></span> <span class='ocrx_word' id='word_1_9' title='bbox 526 556 755 621; x_wconf 78' lang='grc' dir='ltr'>πάντως</span> <span class='ocrx_word' id='word_1_10' title='bbox 776 555 1076 629; x_wconf 72' lang='grc' dir='ltr'><strong>ὠφελίμοις</strong></span> <span class='ocrx_word' id='word_1_11' title='bbox 1098 556 1523 627; x_wconf 79' lang='grc' dir='ltr'>ύποτασσὸμεθα</span> <span class='ocrx_word' id='word_1_12' title='bbox 1540 575 1554 590; x_wconf 67' lang='grc' dir='ltr'><strong>ε</strong></span> <span class='ocrx_word' id='word_1_13' title='bbox 1582 559 1616 629; x_wconf 80' lang='grc' dir='ltr'>ἡ</span> <span class='ocrx_word' id='word_1_14' title='bbox 1648 557 1704 610; x_wconf 75' lang='grc' dir='ltr'>δὲ</span> <span class='ocrx_word' id='word_1_15' title='bbox 1728 558 1779 611; x_wconf 77' lang='grc' dir='ltr'>οἰ</span> 
     </span>
    </p>
   </div>
   <div class='ocr_carea' id='block_1_4' title="bbox 1891 555 3484 632">
    <p class='ocr_par' dir='ltr' id='par_1_4' title="bbox 1896 560 3484 632">
     <span class='ocr_line' id='line_1_4' title="bbox 1896 560 3484 632; baseline 0.001 -17"><span class='ocrx_word' id='word_1_16' title='bbox 1896 563 2126 615; x_wconf 82' lang='lat' dir='ltr'><strong>omnino</strong></span> <span class='ocrx_word' id='word_1_17' title='bbox 2178 561 2341 617; x_wconf 86' lang='lat' dir='ltr'><strong>utiles</strong></span> <span class='ocrx_word' id='word_1_18' title='bbox 2396 560 2529 616; x_wconf 82' lang='lat' dir='ltr'><strong>viris</strong></span> <span class='ocrx_word' id='word_1_19' title='bbox 2581 560 2693 616; x_wconf 91' lang='lat' dir='ltr'><strong>Deo</strong></span> <span class='ocrx_word' id='word_1_20' title='bbox 2720 560 2962 632; x_wconf 80' lang='lat' dir='ltr'><strong>acceptis</strong></span> <span class='ocrx_word' id='word_1_21' title='bbox 2994 575 3094 616; x_wconf 89' lang='lat' dir='ltr'><strong>nos</strong></span> <span class='ocrx_word' id='word_1_22' title='bbox 3124 560 3484 630; x_wconf 72' lang='lat' dir='ltr'><strong>subiicimus;</strong></span> 
     </span>
    </p>
   </div>
   <div class='ocr_carea' id='block_1_5' title="bbox 234 649 1793 723">
    <p class='ocr_par' dir='ltr' id='par_1_5' title="bbox 234 649 1793 723">
     <span class='ocr_line' id='line_1_5' title="bbox 234 649 1793 723; baseline -0.008 -11"><span class='ocrx_word' id='word_1_23' title='bbox 234 654 451 723; x_wconf 78' lang='grc' dir='ltr'>τοιαύτη,</span> <span class='ocrx_word' id='word_1_24' title='bbox 481 650 838 722; x_wconf 81' lang='grc' dir='ltr'>θεωρουμένη</span> <span class='ocrx_word' id='word_1_25' title='bbox 868 651 1032 722; x_wconf 78' lang='grc' dir='ltr'>αὐτὴ,</span> <span class='ocrx_word' id='word_1_26' title='bbox 1059 652 1149 704; x_wconf 82' lang='grc' dir='ltr'>ὅτε</span> <span class='ocrx_word' id='word_1_27' title='bbox 1173 654 1461 721; x_wconf 77' lang='grc' dir='ltr'><strong>φορτικοῖς</strong></span> <span class='ocrx_word' id='word_1_28' title='bbox 1481 649 1793 721; x_wconf 77' lang='grc' dir='ltr'>ἀνθρώποις</span> 
     </span>
    </p>
   </div>
   <div class='ocr_carea' id='block_1_6' title="bbox 234 741 1794 818">
    <p class='ocr_par' dir='ltr' id='par_1_6' title="bbox 234 741 1794 818">
     <span class='ocr_line' id='line_1_6' title="bbox 234 741 1794 818; baseline -0.006 -14"><span class='ocrx_word' id='word_1_29' title='bbox 234 751 524 818; x_wconf 73' lang='grc' dir='ltr'>ὑπείχομεν,</span> <span class='ocrx_word' id='word_1_30' title='bbox 548 745 655 800; x_wconf 84' lang='grc' dir='ltr'>οὐκ</span> <span class='ocrx_word' id='word_1_31' title='bbox 685 743 1061 807; x_wconf 80' lang='grc' dir='ltr'>εύπαιδεύτως</span> <span class='ocrx_word' id='word_1_32' title='bbox 1089 742 1423 813; x_wconf 78' lang='grc' dir='ltr'><strong>τυπούμενοι</strong></span> <span class='ocrx_word' id='word_1_33' title='bbox 1454 742 1593 813; x_wconf 84' lang='grc' dir='ltr'>πρὸς</span> <span class='ocrx_word' id='word_1_34' title='bbox 1620 741 1794 796; x_wconf 83' lang='grc' dir='ltr'>τοιοῦ-</span> 
     </span>
    </p>
   </div>
   <div class='ocr_carea' id='block_1_7' title="bbox 234 832 1792 912">
    <p class='ocr_par' dir='ltr' id='par_1_7' title="bbox 234 832 1792 912">
     <span class='ocr_line' id='line_1_7' title="bbox 234 832 1792 912; baseline -0.007 -14"><span class='ocrx_word' id='word_1_35' title='bbox 234 862 309 898; x_wconf 79' lang='grc' dir='ltr'><strong>τον</strong></span> <span class='ocrx_word' id='word_1_36' title='bbox 345 840 537 912; x_wconf 82' lang='grc' dir='ltr'>φαῦλον</span> <span class='ocrx_word' id='word_1_37' title='bbox 573 838 988 909; x_wconf 81' lang='grc' dir='ltr'>παράδειγμα),</span> <span class='ocrx_word' id='word_1_38' title='bbox 1025 835 1224 905; x_wconf 74' lang='grc' dir='ltr'>διπλῆν</span> <span class='ocrx_word' id='word_1_39' title='bbox 1259 832 1403 890; x_wconf 74' lang='grc' dir='ltr'>εἶναι</span> <span class='ocrx_word' id='word_1_40' title='bbox 1450 835 1674 905; x_wconf 77' lang='grc' dir='ltr'><strong>ἀνάγκη</strong></span> <span class='ocrx_word' id='word_1_41' title='bbox 1700 835 1792 887; x_wconf 73' lang='grc' dir='ltr'>καὶ</span> 
     </span>
    </p>
   </div>
   <div class='ocr_carea' id='block_1_8' title="bbox 237 931 841 1008">
    <p class='ocr_par' dir='ltr' id='par_1_8' title="bbox 237 931 841 1008">
     <span class='ocr_line' id='line_1_8' title="bbox 237 931 841 1008; baseline -0.003 -19"><span class='ocrx_word' id='word_1_42' title='bbox 237 938 317 1008; x_wconf 72' lang='grc' dir='ltr'>τὴν</span> <span class='ocrx_word' id='word_1_43' title='bbox 340 937 392 1002; x_wconf 72' lang='grc' dir='ltr'><strong>ἐξ</strong></span> <span class='ocrx_word' id='word_1_44' title='bbox 418 934 619 1004; x_wconf 79' lang='grc' dir='ltr'>ἀμφοῖν</span> <span class='ocrx_word' id='word_1_45' title='bbox 641 931 841 987; x_wconf 71' lang='grc' dir='ltr'>πειθώ.</span> 
     </span>
    </p>
   </div>
   <div class='ocr_carea' id='block_1_9' title="bbox 291 1106 1788 1181">
    <p class='ocr_par' dir='ltr' id='par_1_9' title="bbox 291 1106 1788 1181">
     <span class='ocr_line' id='line_1_9' title="bbox 291 1106 1788 1181; baseline -0.005 -15"><span class='ocrx_word' id='word_1_46' title='bbox 291 1109 770 1181; x_wconf 81' lang='grc' dir='ltr'>ξε’.ηεπεισμένοι</span> <span class='ocrx_word' id='word_1_47' title='bbox 819 1107 923 1179; x_wconf 78' lang='grc' dir='ltr'>μὲν</span> <span class='ocrx_word' id='word_1_48' title='bbox 969 1107 1079 1178; x_wconf 72' lang='grc' dir='ltr'><strong>γὰρ</strong></span> <span class='ocrx_word' id='word_1_49' title='bbox 1131 1107 1358 1177; x_wconf 76' lang='grc' dir='ltr'><strong>ἀγαθοῖς</strong></span> <span class='ocrx_word' id='word_1_50' title='bbox 1409 1106 1788 1173; x_wconf 67' lang='grc' dir='ltr'><strong>διδασκάλοις,</strong></span> 
     </span>
    </p>
   </div>
   <div class='ocr_carea' id='block_1_10' title="bbox 240 1198 1793 1275">
    <p class='ocr_par' dir='ltr' id='par_1_10' title="bbox 240 1198 1793 1275">
     <span class='ocr_line' id='line_1_10' title="bbox 240 1198 1793 1275; baseline -0.007 -13"><span class='ocrx_word' id='word_1_51' title='bbox 240 1205 411 1275; x_wconf 70' lang='grc' dir='ltr'>ἀγαθὸν</span> <span class='ocrx_word' id='word_1_52' title='bbox 442 1205 649 1271; x_wconf 85' lang='grc' dir='ltr'>πεῖσμα</span> <span class='ocrx_word' id='word_1_53' title='bbox 680 1201 967 1273; x_wconf 83' lang='grc' dir='ltr'>πάσχομεν</span> <span class='ocrx_word' id='word_1_54' title='bbox 989 1216 1005 1233; x_wconf 77' lang='grc' dir='ltr'><strong>ο</strong></span> <span class='ocrx_word' id='word_1_55' title='bbox 1040 1202 1115 1270; x_wconf 81' lang='grc' dir='ltr'>μὴ</span> <span class='ocrx_word' id='word_1_56' title='bbox 1140 1198 1408 1263; x_wconf 81' lang='grc' dir='ltr'><strong>τοιούτοις</strong></span> <span class='ocrx_word' id='word_1_57' title='bbox 1449 1199 1507 1252; x_wconf 73' lang='grc' dir='ltr'>δὲ</span> <span class='ocrx_word' id='word_1_58' title='bbox 1538 1198 1793 1252; x_wconf 77' lang='grc' dir='ltr'>ὑπείκον-</span> 
     </span>
    </p>
   </div>
   <div class='ocr_carea' id='block_1_11' title="bbox 239 1289 1795 1364">
    <p class='ocr_par' dir='ltr' id='par_1_11' title="bbox 239 1289 1795 1364">
     <span class='ocr_line' id='line_1_11' title="bbox 239 1289 1795 1364; baseline -0.006 -12"><span class='ocrx_word' id='word_1_59' title='bbox 239 1316 331 1359; x_wconf 74' lang='grc' dir='ltr'>τες.</span> <span class='ocrx_word' id='word_1_60' title='bbox 354 1295 604 1364; x_wconf 82' lang='grc' dir='ltr'>πείσματι</span> <span class='ocrx_word' id='word_1_61' title='bbox 627 1292 816 1364; x_wconf 79' lang='grc' dir='ltr'><strong>ἁζήλῳ</strong></span> <span class='ocrx_word' id='word_1_62' title='bbox 837 1292 917 1363; x_wconf 75' lang='grc' dir='ltr'>τῷ</span> <span class='ocrx_word' id='word_1_63' title='bbox 946 1290 1180 1358; x_wconf 68' lang='grc' dir='ltr'>εκεῖθεν,</span> <span class='ocrx_word' id='word_1_64' title='bbox 1213 1291 1337 1345; x_wconf 81' lang='grc' dir='ltr'>ὅποι</span> <span class='ocrx_word' id='word_1_65' title='bbox 1361 1290 1439 1360; x_wconf 79' lang='grc' dir='ltr'>μὴ</span> <span class='ocrx_word' id='word_1_66' title='bbox 1468 1289 1669 1360; x_wconf 74' lang='grc' dir='ltr'>πρέπει</span> <span class='ocrx_word' id='word_1_67' title='bbox 1697 1291 1795 1343; x_wconf 63' lang='grc' dir='ltr'><strong>ἀνα</strong></span> 
     </span>
    </p>
   </div>
   <div class='ocr_carea' id='block_1_12' title="bbox 243 1381 1792 1459">
    <p class='ocr_par' dir='ltr' id='par_1_12' title="bbox 243 1381 1792 1459">
     <span class='ocr_line' id='line_1_12' title="bbox 243 1381 1792 1459; baseline -0.006 -16"><span class='ocrx_word' id='word_1_68' title='bbox 243 1388 464 1459; x_wconf 71' lang='grc' dir='ltr'>θρώποις,</span> <span class='ocrx_word' id='word_1_69' title='bbox 483 1384 802 1456; x_wconf 81' lang='grc' dir='ltr'>ὲκνεύομεν.</span> <span class='ocrx_word' id='word_1_70' title='bbox 821 1384 1037 1439; x_wconf 80' lang='grc' dir='ltr'>Οὐκοῦν</span> <span class='ocrx_word' id='word_1_71' title='bbox 1058 1383 1341 1453; x_wconf 77' lang='grc' dir='ltr'><strong>ὑποταγῆς</strong></span> <span class='ocrx_word' id='word_1_72' title='bbox 1364 1381 1792 1453; x_wconf 76' lang='grc' dir='ltr'><strong>προηγουμένης</strong></span> 
     </span>
    </p>
   </div>
   <div class='ocr_carea' id='block_1_13' title="bbox 242 1476 1791 1552">
    <p class='ocr_par' dir='ltr' id='par_1_13' title="bbox 242 1476 1791 1552">
     <span class='ocr_line' id='line_1_13' title="bbox 242 1476 1791 1552; baseline -0.006 -16"><span class='ocrx_word' id='word_1_73' title='bbox 242 1484 318 1537; x_wconf 75' lang='grc' dir='ltr'><strong>ἐπὶ</strong></span> <span class='ocrx_word' id='word_1_74' title='bbox 340 1478 642 1552; x_wconf 76' lang='grc' dir='ltr'><strong>ὑστεροῦντι</strong></span> <span class='ocrx_word' id='word_1_75' title='bbox 673 1481 960 1551; x_wconf 84' lang='grc' dir='ltr'>πείσματι,</span> <span class='ocrx_word' id='word_1_76' title='bbox 993 1479 1088 1533; x_wconf 74' lang='grc' dir='ltr'>καὶ</span> <span class='ocrx_word' id='word_1_77' title='bbox 1119 1476 1538 1547; x_wconf 82' lang='grc' dir='ltr'>δευτερεύοντος</span> <span class='ocrx_word' id='word_1_78' title='bbox 1566 1476 1791 1539; x_wconf 71' lang='grc' dir='ltr'>πάντως</span> 
     </span>
    </p>
   </div>
   <div class='ocr_carea' id='block_1_14' title="bbox 242 1568 1791 1647">
    <p class='ocr_par' dir='ltr' id='par_1_14' title="bbox 242 1568 1791 1647">
     <span class='ocr_line' id='line_1_14' title="bbox 242 1568 1791 1647; baseline -0.007 -16"><span class='ocrx_word' id='word_1_79' title='bbox 242 1579 297 1633; x_wconf 69' lang='grc' dir='ltr'>τᾶ</span> <span class='ocrx_word' id='word_1_80' title='bbox 333 1594 389 1647; x_wconf 81' lang='grc' dir='ltr'><strong>γε</strong></span> <span class='ocrx_word' id='word_1_81' title='bbox 415 1577 492 1639; x_wconf 83' lang='grc' dir='ltr'><strong>είς</strong></span> <span class='ocrx_word' id='word_1_82' title='bbox 532 1573 819 1642; x_wconf 75' lang='grc' dir='ltr'><strong>ὑποταγὴν</strong></span> <span class='ocrx_word' id='word_1_83' title='bbox 855 1572 953 1627; x_wconf 87' lang='grc' dir='ltr'><strong>τοῦ</strong></span> <span class='ocrx_word' id='word_1_84' title='bbox 988 1571 1382 1637; x_wconf 75' lang='grc' dir='ltr'><strong>ὑπακούοντος,</strong></span> <span class='ocrx_word' id='word_1_85' title='bbox 1418 1569 1478 1631; x_wconf 86' lang='grc' dir='ltr'><strong>δς</strong></span> <span class='ocrx_word' id='word_1_86' title='bbox 1520 1571 1622 1639; x_wconf 76' lang='grc' dir='ltr'>μὲν</span> <span class='ocrx_word' id='word_1_87' title='bbox 1669 1568 1791 1638; x_wconf 81' lang='grc' dir='ltr'><strong>Θεῷ</strong></span> 
     </span>
    </p>
   </div>
   <div class='ocr_carea' id='block_1_15' title="bbox 243 1662 1792 1740">
    <p class='ocr_par' dir='ltr' id='par_1_15' title="bbox 243 1662 1792 1740">
     <span class='ocr_line' id='line_1_15' title="bbox 243 1662 1792 1740; baseline -0.006 -17"><span class='ocrx_word' id='word_1_88' title='bbox 243 1670 552 1740; x_wconf 75' lang='grc' dir='ltr'>προσανέχων</span> <span class='ocrx_word' id='word_1_89' title='bbox 574 1666 825 1720; x_wconf 75' lang='grc' dir='ltr'><strong>πείθεται</strong></span> <span class='ocrx_word' id='word_1_90' title='bbox 855 1664 1166 1735; x_wconf 74' lang='grc' dir='ltr'><strong>διδασκάλῳ</strong></span> <span class='ocrx_word' id='word_1_91' title='bbox 1182 1664 1374 1735; x_wconf 76' lang='grc' dir='ltr'>ὲνθέῳ.</span> <span class='ocrx_word' id='word_1_92' title='bbox 1404 1663 1500 1717; x_wconf 78' lang='grc' dir='ltr'>καὶ</span> <span class='ocrx_word' id='word_1_93' title='bbox 1523 1662 1621 1726; x_wconf 82' lang='grc' dir='ltr'>τὰς</span> <span class='ocrx_word' id='word_1_94' title='bbox 1650 1662 1792 1715; x_wconf 63' lang='grc' dir='ltr'>ἐκεῖ.</span> 
     </span>
    </p>
   </div>
   <div class='ocr_carea' id='block_1_16' title="bbox 244 1753 1791 1831">
    <p class='ocr_par' dir='ltr' id='par_1_16' title="bbox 244 1753 1791 1831">
     <span class='ocr_line' id='line_1_16' title="bbox 244 1753 1791 1831; baseline -0.007 -14"><span class='ocrx_word' id='word_1_95' title='bbox 244 1766 316 1817; x_wconf 76' lang='grc' dir='ltr'><strong>θεν</strong></span> <span class='ocrx_word' id='word_1_96' title='bbox 331 1760 690 1831; x_wconf 73' lang='grc' dir='ltr'>εἰσδεχόμενος</span> <span class='ocrx_word' id='word_1_97' title='bbox 712 1758 999 1826; x_wconf 67' lang='grc' dir='ltr'>ὑποθήκας</span> <span class='ocrx_word' id='word_1_98' title='bbox 1026 1759 1173 1810; x_wconf 87' lang='grc' dir='ltr'>ποιεῖ</span> <span class='ocrx_word' id='word_1_99' title='bbox 1193 1755 1263 1809; x_wconf 79' lang='grc' dir='ltr'>τὰ</span> <span class='ocrx_word' id='word_1_100' title='bbox 1289 1756 1627 1827; x_wconf 79' lang='grc' dir='ltr'>καθήκοντα,</span> <span class='ocrx_word' id='word_1_101' title='bbox 1651 1753 1791 1807; x_wconf 84' lang='grc' dir='ltr'>Θεοῦ</span> 
     </span>
    </p>
   </div>
   <div class='ocr_carea' id='block_1_17' title="bbox 243 1847 1788 1925">
    <p class='ocr_par' dir='ltr' id='par_1_17' title="bbox 243 1847 1788 1925">
     <span class='ocr_line' id='line_1_17' title="bbox 243 1847 1788 1925; baseline -0.007 -15"><span class='ocrx_word' id='word_1_102' title='bbox 243 1855 485 1925; x_wconf 71' lang='grc' dir='ltr'>ἅνθρωπος</span> <span class='ocrx_word' id='word_1_103' title='bbox 514 1852 746 1914; x_wconf 70' lang='grc' dir='ltr'>ἐκεῖνος,</span> <span class='ocrx_word' id='word_1_104' title='bbox 783 1850 877 1903; x_wconf 74' lang='grc' dir='ltr'>καὶ</span> <span class='ocrx_word' id='word_1_105' title='bbox 904 1848 1168 1920; x_wconf 80' lang='grc' dir='ltr'>σταθερὸς</span> <span class='ocrx_word' id='word_1_106' title='bbox 1197 1847 1362 1912; x_wconf 83' lang='grc' dir='ltr'>αύτδς</span> <span class='ocrx_word' id='word_1_107' title='bbox 1389 1849 1449 1901; x_wconf 82' lang='grc' dir='ltr'>ὲν</span> <span class='ocrx_word' id='word_1_108' title='bbox 1470 1850 1664 1919; x_wconf 81' lang='grc' dir='ltr'>ἀρετῇ,</span> <span class='ocrx_word' id='word_1_109' title='bbox 1692 1847 1788 1900; x_wconf 78' lang='grc' dir='ltr'>καὶ</span> 
     </span>
    </p>
   </div>
   <div class='ocr_carea' id='block_1_18' title="bbox 1898 650 3489 721">
    <p class='ocr_par' dir='ltr' id='par_1_18' title="bbox 1898 650 3489 721">
     <span class='ocr_line' id='line_1_18' title="bbox 1898 650 3489 721; baseline 0.001 -16"><span class='ocrx_word' id='word_1_110' title='bbox 1898 650 2070 705; x_wconf 75' lang='lat' dir='ltr'><strong>altera</strong></span> <span class='ocrx_word' id='word_1_111' title='bbox 2130 664 2312 707; x_wconf 80' lang='lat' dir='ltr'><strong>autem</strong></span> <span class='ocrx_word' id='word_1_112' title='bbox 2367 668 2475 708; x_wconf 89' lang='lat' dir='ltr'><strong>non</strong></span> <span class='ocrx_word' id='word_1_113' title='bbox 2508 653 2631 707; x_wconf 85' lang='lat' dir='ltr'><strong>talis</strong></span> <span class='ocrx_word' id='word_1_114' title='bbox 2685 659 2792 716; x_wconf 78' lang='lat' dir='ltr'><strong>cst,</strong></span> <span class='ocrx_word' id='word_1_115' title='bbox 2839 653 2935 707; x_wconf 87' lang='lat' dir='ltr'><strong>sed</strong></span> <span class='ocrx_word' id='word_1_116' title='bbox 2970 653 3119 707; x_wconf 80' lang='lat' dir='ltr'><strong>ineo</strong></span> <span class='ocrx_word' id='word_1_117' title='bbox 3146 652 3489 721; x_wconf 72' lang='lat' dir='ltr'><strong>conspicitur</strong></span> 
     </span>
    </p>
   </div>
   <div class='ocr_carea' id='block_1_19' title="bbox 1898 744 3485 812">
    <p class='ocr_par' dir='ltr' id='par_1_19' title="bbox 1898 744 3485 812">
     <span class='ocr_line' id='line_1_19' title="bbox 1898 744 3485 812; baseline 0.004 -17"><span class='ocrx_word' id='word_1_118' title='bbox 1898 744 2043 812; x_wconf 87' lang='lat' dir='ltr'><strong>quod</strong></span> <span class='ocrx_word' id='word_1_119' title='bbox 2080 744 2277 800; x_wconf 71' lang='lat' dir='ltr'><strong>vilibus</strong></span> <span class='ocrx_word' id='word_1_120' title='bbox 2319 745 2631 801; x_wconf 74' lang='lat' dir='ltr'><strong>hominibus</strong></span> <span class='ocrx_word' id='word_1_121' title='bbox 2682 746 2992 809; x_wconf 84' lang='lat' dir='ltr'><strong>obedimus,</strong></span> <span class='ocrx_word' id='word_1_122' title='bbox 3043 756 3101 800; x_wconf 83' lang='lat' dir='ltr'><strong>et</strong></span> <span class='ocrx_word' id='word_1_123' title='bbox 3127 745 3196 800; x_wconf 87' lang='lat' dir='ltr'><strong>ad</strong></span> <span class='ocrx_word' id='word_1_124' title='bbox 3223 746 3333 801; x_wconf 87' lang='lat' dir='ltr'><strong>tale</strong></span> <span class='ocrx_word' id='word_1_125' title='bbox 3370 763 3485 801; x_wconf 76' lang='lat' dir='ltr'><strong>nnt-</strong></span> 
     </span>
    </p>
   </div>
   <div class='ocr_carea' id='block_1_20' title="bbox 1898 822 3486 908">
    <p class='ocr_par' dir='ltr' id='par_1_20' title="bbox 1898 822 3486 908">
     <span class='ocr_line' id='line_1_20' title="bbox 1898 822 3486 908; baseline 0.001 -18"><span class='ocrx_word' id='word_1_126' title='bbox 1898 822 2019 891; x_wconf 77' lang='lat' dir='ltr'><strong>lunt</strong></span> <span class='ocrx_word' id='word_1_127' title='bbox 2042 838 2354 908; x_wconf 76' lang='lat' dir='ltr'><strong>exemplum</strong></span> <span class='ocrx_word' id='word_1_128' title='bbox 2391 840 2533 893; x_wconf 86' lang='lat' dir='ltr'><strong>male</strong></span> <span class='ocrx_word' id='word_1_129' title='bbox 2573 838 2833 907; x_wconf 73' lang='lat' dir='ltr'><strong>eiiingere</strong></span> <span class='ocrx_word' id='word_1_130' title='bbox 2880 853 2985 895; x_wconf 92' lang='lat' dir='ltr'><strong>nos</strong></span> <span class='ocrx_word' id='word_1_131' title='bbox 3032 839 3367 906; x_wconf 83' lang='lat' dir='ltr'><strong>studemus).</strong></span> <span class='ocrx_word' id='word_1_132' title='bbox 3419 841 3486 892; x_wconf 80' lang='lat' dir='ltr'><strong>ad</strong></span> 
     </span>
    </p>
   </div>
   <div class='ocr_carea' id='block_1_21' title="bbox 1897 930 3485 1002">
    <p class='ocr_par' dir='ltr' id='par_1_21' title="bbox 1897 930 3485 1002">
     <span class='ocr_line' id='line_1_21' title="bbox 1897 930 3485 1002; baseline 0 -19"><span class='ocrx_word' id='word_1_133' title='bbox 1897 930 2153 999; x_wconf 74' lang='lat' dir='ltr'><strong>bipertita</strong></span> <span class='ocrx_word' id='word_1_134' title='bbox 2190 932 2499 987; x_wconf 76' lang='lat' dir='ltr'><strong>necessario</strong></span> <span class='ocrx_word' id='word_1_135' title='bbox 2536 930 2699 987; x_wconf 79' lang='lat' dir='ltr'><strong>etiam</strong></span> <span class='ocrx_word' id='word_1_136' title='bbox 2749 932 3034 1002; x_wconf 72' lang='lat' dir='ltr'><strong>persuasio</strong></span> <span class='ocrx_word' id='word_1_137' title='bbox 3060 932 3171 989; x_wconf 85' lang='lat' dir='ltr'><strong>erit</strong></span> <span class='ocrx_word' id='word_1_138' title='bbox 3196 944 3263 987; x_wconf 73' lang='lat' dir='ltr'><strong>es</strong></span> <span class='ocrx_word' id='word_1_139' title='bbox 3294 933 3485 986; x_wconf 62' lang='lat' dir='ltr'><strong>amba-</strong></span> 
     </span>
    </p>
   </div>
   <div class='ocr_carea' id='block_1_22' title="bbox 1898 1021 2326 1093">
    <p class='ocr_par' dir='ltr' id='par_1_22' title="bbox 1898 1021 2326 1093">
     <span class='ocr_line' id='line_1_22' title="bbox 1898 1021 2326 1093; baseline 0.005 -17"><span class='ocrx_word' id='word_1_140' title='bbox 1898 1022 1999 1076; x_wconf 82' lang='lat' dir='ltr'><strong>bus</strong></span> <span class='ocrx_word' id='word_1_141' title='bbox 2026 1021 2326 1093; x_wconf 78' lang='lat' dir='ltr'><strong>proﬂuens.</strong></span> 
     </span>
    </p>
   </div>
   <div class='ocr_carea' id='block_1_23' title="bbox 1966 1096 3487 1182">
    <p class='ocr_par' dir='ltr' id='par_1_23' title="bbox 1966 1096 3487 1182">
     <span class='ocr_line' id='line_1_23' title="bbox 1966 1096 3487 1182; baseline -0.003 -15"><span class='ocrx_word' id='word_1_142' title='bbox 1966 1112 2058 1169; x_wconf 76' lang='lat'><strong>65.</strong></span> <span class='ocrx_word' id='word_1_143' title='bbox 2091 1114 2151 1167; x_wconf 88' lang='lat' dir='ltr'><strong>Si</strong></span> <span class='ocrx_word' id='word_1_144' title='bbox 2198 1113 2344 1168; x_wconf 86' lang='lat' dir='ltr'><strong>enim</strong></span> <span class='ocrx_word' id='word_1_145' title='bbox 2378 1114 2535 1170; x_wconf 80' lang='lat' dir='ltr'><strong>bonis</strong></span> <span class='ocrx_word' id='word_1_146' title='bbox 2584 1096 3016 1182; x_wconf 62' lang='lat' dir='ltr'><strong>praceptoribus</strong></span> <span class='ocrx_word' id='word_1_147' title='bbox 3070 1127 3347 1182; x_wconf 81' lang='lat' dir='ltr'><strong>paremus,</strong></span> <span class='ocrx_word' id='word_1_148' title='bbox 3390 1115 3487 1165; x_wconf 71' lang='lat' dir='ltr'><strong>im.</strong></span> 
     </span>
    </p>
   </div>
   <div class='ocr_carea' id='block_1_24' title="bbox 1898 1205 3488 1271">
    <p class='ocr_par' dir='ltr' id='par_1_24' title="bbox 1898 1205 3488 1271">
     <span class='ocr_line' id='line_1_24' title="bbox 1898 1205 3488 1271; baseline 0 -12"><span class='ocrx_word' id='word_1_149' title='bbox 1898 1220 2023 1260; x_wconf 83' lang='lat' dir='ltr'><strong>nam</strong></span> <span class='ocrx_word' id='word_1_150' title='bbox 2075 1205 2326 1261; x_wconf 79' lang='lat' dir='ltr'><strong>ﬁduciam</strong></span> <span class='ocrx_word' id='word_1_151' title='bbox 2359 1206 2763 1271; x_wconf 78' lang='lat' dir='ltr'><strong>nanciscimur;</strong></span> <span class='ocrx_word' id='word_1_152' title='bbox 2822 1206 2904 1261; x_wconf 87' lang='lat' dir='ltr'><strong>sin</strong></span> <span class='ocrx_word' id='word_1_153' title='bbox 2951 1219 3084 1261; x_wconf 84' lang='lat' dir='ltr'><strong>vero</strong></span> <span class='ocrx_word' id='word_1_154' title='bbox 3128 1222 3239 1262; x_wconf 80' lang='lat' dir='ltr'><strong>non</strong></span> <span class='ocrx_word' id='word_1_155' title='bbox 3290 1207 3488 1260; x_wconf 79' lang='lat' dir='ltr'><strong>talibus</strong></span> 
     </span>
    </p>
   </div>
   <div class='ocr_carea' id='block_1_25' title="bbox 1895 1296 3485 1370">
    <p class='ocr_par' dir='ltr' id='par_1_25' title="bbox 1895 1296 3485 1370">
     <span class='ocr_line' id='line_1_25' title="bbox 1895 1296 3485 1370; baseline -0.001 -19"><span class='ocrx_word' id='word_1_156' title='bbox 1895 1296 2201 1361; x_wconf 85' lang='lat' dir='ltr'><strong>oltcdimus,</strong></span> <span class='ocrx_word' id='word_1_157' title='bbox 2255 1297 2588 1352; x_wconf 76' lang='lat' dir='ltr'><strong>conﬁdentia</strong></span> <span class='ocrx_word' id='word_1_158' title='bbox 2650 1297 2792 1352; x_wconf 81' lang='lat' dir='ltr'><strong>mala</strong></span> <span class='ocrx_word' id='word_1_159' title='bbox 2849 1298 2978 1354; x_wconf 91' lang='lat' dir='ltr'><strong>illuc</strong></span> <span class='ocrx_word' id='word_1_160' title='bbox 3012 1313 3127 1370; x_wconf 88' lang='lat' dir='ltr'><strong>quo</strong></span> <span class='ocrx_word' id='word_1_161' title='bbox 3180 1312 3289 1354; x_wconf 89' lang='lat' dir='ltr'><strong>non</strong></span> <span class='ocrx_word' id='word_1_162' title='bbox 3325 1299 3485 1353; x_wconf 83' lang='lat' dir='ltr'><strong>decet</strong></span> 
     </span>
    </p>
   </div>
   <div class='ocr_carea' id='block_1_26' title="bbox 1901 1383 3487 1458">
    <p class='ocr_par' dir='ltr' id='par_1_26' title="bbox 1901 1383 3487 1458">
     <span class='ocr_line' id='line_1_26' title="bbox 1901 1383 3487 1458; baseline 0.001 -18"><span class='ocrx_word' id='word_1_163' title='bbox 1901 1387 2180 1448; x_wconf 85' lang='lat' dir='ltr'><strong>homines.</strong></span> <span class='ocrx_word' id='word_1_164' title='bbox 2209 1385 2569 1444; x_wconf 78' lang='lat' dir='ltr'><strong>declinamus.</strong></span> <span class='ocrx_word' id='word_1_165' title='bbox 2628 1383 2767 1442; x_wconf 79' lang='lat' dir='ltr'><strong>Cum</strong></span> <span class='ocrx_word' id='word_1_166' title='bbox 2794 1387 2962 1453; x_wconf 79' lang='lat' dir='ltr'><strong>igitur</strong></span> <span class='ocrx_word' id='word_1_167' title='bbox 2988 1389 3300 1445; x_wconf 85' lang='lat' dir='ltr'><strong>obedientia</strong></span> <span class='ocrx_word' id='word_1_168' title='bbox 3349 1404 3487 1458; x_wconf 73' lang='lat' dir='ltr'><strong>pne-</strong></span> 
     </span>
    </p>
   </div>
   <div class='ocr_carea' id='block_1_27' title="bbox 1894 1480 3484 1552">
    <p class='ocr_par' dir='ltr' id='par_1_27' title="bbox 1894 1480 3484 1552">
     <span class='ocr_line' id='line_1_27' title="bbox 1894 1480 3484 1552; baseline 0.003 -19"><span class='ocrx_word' id='word_1_169' title='bbox 1894 1480 2073 1543; x_wconf 72' lang='lat' dir='ltr'><strong>cednt,</strong></span> <span class='ocrx_word' id='word_1_170' title='bbox 2110 1480 2309 1534; x_wconf 77' lang='lat' dir='ltr'><strong>ﬁducia</strong></span> <span class='ocrx_word' id='word_1_171' title='bbox 2344 1489 2528 1535; x_wconf 85' lang='lat' dir='ltr'><strong>autem</strong></span> <span class='ocrx_word' id='word_1_172' title='bbox 2562 1484 2953 1552; x_wconf 82' lang='lat' dir='ltr'><strong>subsequatur,</strong></span> <span class='ocrx_word' id='word_1_173' title='bbox 2989 1493 3198 1538; x_wconf 89' lang='lat' dir='ltr'><strong>etcum</strong></span> <span class='ocrx_word' id='word_1_174' title='bbox 3254 1483 3484 1538; x_wconf 85' lang='lat' dir='ltr'><strong>omnino</strong></span> 
     </span>
    </p>
   </div>
   <div class='ocr_carea' id='block_1_28' title="bbox 1894 1566 3484 1643">
    <p class='ocr_par' dir='ltr' id='par_1_28' title="bbox 1894 1566 3484 1643">
     <span class='ocr_line' id='line_1_28' title="bbox 1894 1566 3484 1643; baseline 0.007 -26"><span class='ocrx_word' id='word_1_175' title='bbox 1894 1566 2195 1620; x_wconf 84' lang='lat' dir='ltr'><strong>secundum</strong></span> <span class='ocrx_word' id='word_1_176' title='bbox 2234 1567 2413 1621; x_wconf 91' lang='lat' dir='ltr'><strong>locum</strong></span> <span class='ocrx_word' id='word_1_177' title='bbox 2436 1567 2678 1625; x_wconf 87' lang='lat' dir='ltr'><strong>obtineat</strong></span> <span class='ocrx_word' id='word_1_178' title='bbox 2711 1569 2805 1641; x_wconf 87' lang='lat' dir='ltr'><strong>qui</strong></span> <span class='ocrx_word' id='word_1_179' title='bbox 2853 1585 3069 1627; x_wconf 75' lang='lat' dir='ltr'><strong>morem</strong></span> <span class='ocrx_word' id='word_1_180' title='bbox 3096 1572 3239 1643; x_wconf 87' lang='lat' dir='ltr'><strong>gerit</strong></span> <span class='ocrx_word' id='word_1_181' title='bbox 3295 1591 3308 1627; x_wconf 93' lang='lat'><strong>:</strong></span> <span class='ocrx_word' id='word_1_182' title='bbox 3352 1588 3484 1643; x_wconf 83' lang='lat' dir='ltr'><strong>pro-</strong></span> 
     </span>
    </p>
   </div>
   <div class='ocr_carea' id='block_1_29' title="bbox 1897 1657 3488 1735">
    <p class='ocr_par' dir='ltr' id='par_1_29' title="bbox 1897 1657 3488 1735">
     <span class='ocr_line' id='line_1_29' title="bbox 1897 1657 3488 1735; baseline 0.003 -23"><span class='ocrx_word' id='word_1_183' title='bbox 1897 1657 2043 1713; x_wconf 74' lang='lat' dir='ltr'><strong>l‘ecto</strong></span> <span class='ocrx_word' id='word_1_184' title='bbox 2068 1659 2112 1714; x_wconf 97' lang='lat' dir='ltr'><strong>si</strong></span> <span class='ocrx_word' id='word_1_185' title='bbox 2146 1660 2254 1715; x_wconf 88' lang='lat' dir='ltr'><strong>Deo</strong></span> <span class='ocrx_word' id='word_1_186' title='bbox 2301 1660 2588 1728; x_wconf 87' lang='lat' dir='ltr'><strong>obediens,</strong></span> <span class='ocrx_word' id='word_1_187' title='bbox 2624 1662 2822 1719; x_wconf 84' lang='lat' dir='ltr'><strong>llducia</strong></span> <span class='ocrx_word' id='word_1_188' title='bbox 2856 1664 2909 1719; x_wconf 91' lang='lat' dir='ltr'><strong>in</strong></span> <span class='ocrx_word' id='word_1_189' title='bbox 2957 1673 3296 1735; x_wconf 75' lang='lat' dir='ltr'><strong>pra-ceptote</strong></span> <span class='ocrx_word' id='word_1_190' title='bbox 3348 1664 3488 1719; x_wconf 81' lang='lat' dir='ltr'><strong>diri-</strong></span> 
     </span>
    </p>
   </div>
   <div class='ocr_carea' id='block_1_30' title="bbox 1894 1752 3489 1827">
    <p class='ocr_par' dir='ltr' id='par_1_30' title="bbox 1894 1752 3489 1827">
     <span class='ocr_line' id='line_1_30' title="bbox 1894 1752 3489 1827; baseline 0.005 -22"><span class='ocrx_word' id='word_1_191' title='bbox 1894 1754 2043 1806; x_wconf 89' lang='lat' dir='ltr'><strong>nitus</strong></span> <span class='ocrx_word' id='word_1_192' title='bbox 2091 1752 2358 1820; x_wconf 80' lang='lat' dir='ltr'><strong>inspirata</strong></span> <span class='ocrx_word' id='word_1_193' title='bbox 2409 1754 2676 1810; x_wconf 77' lang='lat' dir='ltr'><strong>collocata</strong></span> <span class='ocrx_word' id='word_1_194' title='bbox 2735 1757 2962 1827; x_wconf 81' lang='lat' dir='ltr'><strong>ejusque</strong></span> <span class='ocrx_word' id='word_1_195' title='bbox 3013 1757 3263 1813; x_wconf 87' lang='lat' dir='ltr'><strong>doctrina</strong></span> <span class='ocrx_word' id='word_1_196' title='bbox 3324 1758 3377 1812; x_wconf 91' lang='lat' dir='ltr'><strong>in</strong></span> <span class='ocrx_word' id='word_1_197' title='bbox 3427 1773 3489 1813; x_wconf 79' lang='lat' dir='ltr'><strong>se</strong></span> 
     </span>
    </p>
   </div>
   <div class='ocr_carea' id='block_1_31' title="bbox 1896 1845 3488 1916">
    <p class='ocr_par' dir='ltr' id='par_1_31' title="bbox 1896 1845 3488 1916">
     <span class='ocr_line' id='line_1_31' title="bbox 1896 1845 3488 1916; baseline 0.006 -19"><span class='ocrx_word' id='word_1_198' title='bbox 1896 1856 2112 1912; x_wconf 84' lang='lat' dir='ltr'><strong>recepta</strong></span> <span class='ocrx_word' id='word_1_199' title='bbox 2147 1845 2198 1899; x_wconf 90' lang='lat' dir='ltr'><strong>id</strong></span> <span class='ocrx_word' id='word_1_200' title='bbox 2231 1846 2375 1916; x_wconf 82' lang='lat' dir='ltr'><strong>quod</strong></span> <span class='ocrx_word' id='word_1_201' title='bbox 2423 1849 2582 1904; x_wconf 83' lang='lat' dir='ltr'><strong>decet</strong></span> <span class='ocrx_word' id='word_1_202' title='bbox 2615 1848 2775 1913; x_wconf 74' lang='lat' dir='ltr'><strong>facit,</strong></span> <span class='ocrx_word' id='word_1_203' title='bbox 2819 1850 2912 1904; x_wconf 88' lang='lat' dir='ltr'><strong>Dei</strong></span> <span class='ocrx_word' id='word_1_204' title='bbox 2944 1849 3110 1904; x_wconf 82' lang='lat' dir='ltr'><strong>homo</strong></span> <span class='ocrx_word' id='word_1_205' title='bbox 3130 1851 3263 1911; x_wconf 82' lang='lat' dir='ltr'><strong>erit.</strong></span> <span class='ocrx_word' id='word_1_206' title='bbox 3296 1850 3488 1906; x_wconf 81' lang='lat' dir='ltr'><strong>firmus</strong></span> 
     </span>
    </p>
   </div>
   <div class='ocr_carea' id='block_1_32' title="bbox 245 1922 1779 2019">
    <p class='ocr_par' dir='ltr' id='par_1_32' title="bbox 245 1922 1779 2019">
     <span class='ocr_line' id='line_1_32' title="bbox 245 1922 1779 2019; baseline -0.007 -19"><span class='ocrx_word' id='word_1_207' title='bbox 245 1922 427 2019; x_wconf 69' lang='grc' dir='ltr'>βέϐαιος</span> <span class='ocrx_word' id='word_1_208' title='bbox 453 1946 507 1997; x_wconf 72' lang='grc' dir='ltr'>ἐν</span> <span class='ocrx_word' id='word_1_209' title='bbox 532 1943 740 2007; x_wconf 87' lang='grc' dir='ltr'>καλοῖς,</span> <span class='ocrx_word' id='word_1_210' title='bbox 771 1944 865 1996; x_wconf 72' lang='grc' dir='ltr'>καὶ</span> <span class='ocrx_word' id='word_1_211' title='bbox 901 1942 1149 2012; x_wconf 80' lang='grc' dir='ltr'>ἀσφαλὴς</span> <span class='ocrx_word' id='word_1_212' title='bbox 1176 1941 1278 2014; x_wconf 77' lang='grc' dir='ltr'>τὴν</span> <span class='ocrx_word' id='word_1_213' title='bbox 1317 1940 1663 2012; x_wconf 82' lang='grc' dir='ltr'>ἀγαθότητα,</span> <span class='ocrx_word' id='word_1_214' title='bbox 1697 1939 1779 1994; x_wconf 61' lang='grc' dir='ltr'><strong>καλ</strong></span> 
     </span>
    </p>
   </div>
   <div class='ocr_carea' id='block_1_33' title="bbox 1891 1922 3487 2019">
    <p class='ocr_par' dir='ltr' id='par_1_33' title="bbox 1900 1938 3487 2011">
     <span class='ocr_line' id='line_1_33' title="bbox 1900 1938 3487 2011; baseline 0.004 -20"><span class='ocrx_word' id='word_1_215' title='bbox 1900 1938 1951 1992; x_wconf 90' lang='lat' dir='ltr'><strong>in</strong></span> <span class='ocrx_word' id='word_1_216' title='bbox 1981 1938 2205 2004; x_wconf 85' lang='lat' dir='ltr'><strong>virtute,</strong></span> <span class='ocrx_word' id='word_1_217' title='bbox 2241 1948 2511 1995; x_wconf 81' lang='lat' dir='ltr'><strong>constans</strong></span> <span class='ocrx_word' id='word_1_218' title='bbox 2548 1941 2606 1996; x_wconf 87' lang='lat' dir='ltr'><strong>in</strong></span> <span class='ocrx_word' id='word_1_219' title='bbox 2634 1942 2813 2006; x_wconf 85' lang='lat' dir='ltr'><strong>bonis,</strong></span> <span class='ocrx_word' id='word_1_220' title='bbox 2846 1942 3206 1998; x_wconf 84' lang='lat' dir='ltr'><strong>inconcussus</strong></span> <span class='ocrx_word' id='word_1_221' title='bbox 3249 1944 3305 1997; x_wconf 93' lang='lat' dir='ltr'><strong>in</strong></span> <span class='ocrx_word' id='word_1_222' title='bbox 3356 1960 3487 2011; x_wconf 79' lang='lat' dir='ltr'><strong>pro-</strong></span> 
     </span>
    </p>
   </div>
   <div class='ocr_carea' id='block_1_34' title="bbox 246 2034 1787 2109">
    <p class='ocr_par' dir='ltr' id='par_1_34' title="bbox 246 2034 1787 2109">
     <span class='ocr_line' id='line_1_34' title="bbox 246 2034 1787 2109; baseline -0.006 -15"><span class='ocrx_word' id='word_1_223' title='bbox 246 2038 507 2109; x_wconf 71' lang='grc' dir='ltr'>ἀστεμφής,</span> <span class='ocrx_word' id='word_1_224' title='bbox 541 2037 617 2098; x_wconf 86' lang='grc' dir='ltr'><strong>ὡς</strong></span> <span class='ocrx_word' id='word_1_225' title='bbox 661 2038 758 2090; x_wconf 73' lang='grc' dir='ltr'><strong>καὶ</strong></span> <span class='ocrx_word' id='word_1_226' title='bbox 789 2034 1170 2102; x_wconf 87' lang='grc' dir='ltr'>ἐπαινεῖσθαι,</span> <span class='ocrx_word' id='word_1_227' title='bbox 1205 2034 1300 2089; x_wconf 77' lang='grc' dir='ltr'>καὶ</span> <span class='ocrx_word' id='word_1_228' title='bbox 1333 2034 1527 2099; x_wconf 89' lang='grc' dir='ltr'>στῦλος</span> <span class='ocrx_word' id='word_1_229' title='bbox 1554 2034 1787 2106; x_wconf 82' lang='grc' dir='ltr'>ὀρθότη-</span> 
     </span>
    </p>
   </div>
   <div class='ocr_carea' id='block_1_35' title="bbox 247 2125 1785 2200">
    <p class='ocr_par' dir='ltr' id='par_1_35' title="bbox 247 2125 1785 2200">
     <span class='ocr_line' id='line_1_35' title="bbox 247 2125 1785 2200; baseline -0.004 -16"><span class='ocrx_word' id='word_1_230' title='bbox 247 2149 319 2193; x_wconf 79' lang='grc' dir='ltr'><strong>τος</strong></span> <span class='ocrx_word' id='word_1_231' title='bbox 346 2127 646 2200; x_wconf 75' lang='grc' dir='ltr'>ἀστραϐὴς,</span> <span class='ocrx_word' id='word_1_232' title='bbox 682 2127 783 2180; x_wconf 70' lang='grc' dir='ltr'><strong>καὶ</strong></span> <span class='ocrx_word' id='word_1_233' title='bbox 821 2126 1075 2196; x_wconf 80' lang='grc' dir='ltr'>θεμέλιος</span> <span class='ocrx_word' id='word_1_234' title='bbox 1120 2126 1395 2197; x_wconf 74' lang='grc' dir='ltr'>ἀρραγὴς,</span> <span class='ocrx_word' id='word_1_235' title='bbox 1433 2125 1482 2181; x_wconf 93' lang='grc' dir='ltr'>εἱ</span> <span class='ocrx_word' id='word_1_236' title='bbox 1519 2126 1612 2179; x_wconf 87' lang='grc' dir='ltr'><strong>καί</strong></span> <span class='ocrx_word' id='word_1_237' title='bbox 1657 2142 1785 2179; x_wconf 76' lang='grc' dir='ltr'>ποτε</span> 
     </span>
    </p>
   </div>
   <div class='ocr_carea' id='block_1_36' title="bbox 248 2218 1790 2291">
    <p class='ocr_par' dir='ltr' id='par_1_36' title="bbox 248 2218 1790 2291">
     <span class='ocr_line' id='line_1_36' title="bbox 248 2218 1790 2291; baseline -0.003 -14"><span class='ocrx_word' id='word_1_238' title='bbox 248 2224 572 2285; x_wconf 70' lang='grc' dir='ltr'><strong>κατασείεται,</strong></span> <span class='ocrx_word' id='word_1_239' title='bbox 614 2221 709 2273; x_wconf 78' lang='grc' dir='ltr'>καὶ</span> <span class='ocrx_word' id='word_1_240' title='bbox 756 2219 1099 2291; x_wconf 79' lang='grc' dir='ltr'>παραδείσου</span> <span class='ocrx_word' id='word_1_241' title='bbox 1142 2219 1362 2291; x_wconf 77' lang='grc' dir='ltr'>δένδρον</span> <span class='ocrx_word' id='word_1_242' title='bbox 1409 2218 1650 2290; x_wconf 79' lang='grc' dir='ltr'>εῦριζον,</span> <span class='ocrx_word' id='word_1_243' title='bbox 1693 2219 1790 2272; x_wconf 79' lang='grc' dir='ltr'>καὶ</span> 
     </span>
    </p>
   </div>
   <div class='ocr_carea' id='block_1_37' title="bbox 245 2310 1787 2386">
    <p class='ocr_par' dir='ltr' id='par_1_37' title="bbox 245 2310 1787 2386">
     <span class='ocr_line' id='line_1_37' title="bbox 245 2310 1787 2386; baseline -0.005 -17"><span class='ocrx_word' id='word_1_244' title='bbox 245 2311 332 2369; x_wconf 74' lang='grc' dir='ltr'>οἷον</span> <span class='ocrx_word' id='word_1_245' title='bbox 348 2315 413 2386; x_wconf 82' lang='grc' dir='ltr'>μὴ</span> <span class='ocrx_word' id='word_1_246' title='bbox 425 2313 859 2367; x_wconf 75' lang='grc' dir='ltr'>διατινασσεσθαι</span> <span class='ocrx_word' id='word_1_247' title='bbox 877 2313 952 2375; x_wconf 84' lang='grc' dir='ltr'>ὡς</span> <span class='ocrx_word' id='word_1_248' title='bbox 977 2315 1058 2375; x_wconf 88' lang='grc' dir='ltr'><strong>εἰς</strong></span> <span class='ocrx_word' id='word_1_249' title='bbox 1082 2313 1288 2366; x_wconf 80' lang='grc' dir='ltr'>πτῶσιν</span> <span class='ocrx_word' id='word_1_250' title='bbox 1303 2312 1603 2382; x_wconf 74' lang='grc' dir='ltr'>δαιμονίοις</span> <span class='ocrx_word' id='word_1_251' title='bbox 1627 2310 1787 2365; x_wconf 77' lang='grc' dir='ltr'>πνεύ-</span> 
     </span>
    </p>
   </div>
   <div class='ocr_carea' id='block_1_38' title="bbox 247 2400 1788 2476">
    <p class='ocr_par' dir='ltr' id='par_1_38' title="bbox 247 2400 1788 2476">
     <span class='ocr_line' id='line_1_38' title="bbox 247 2400 1788 2476; baseline -0.003 -17"><span class='ocrx_word' id='word_1_252' title='bbox 247 2424 373 2476; x_wconf 70' lang='grc' dir='ltr'>μασι,</span> <span class='ocrx_word' id='word_1_253' title='bbox 400 2406 485 2457; x_wconf 63' lang='grc' dir='ltr'><strong>καὶ⁵</strong></span> <span class='ocrx_word' id='word_1_254' title='bbox 517 2404 654 2457; x_wconf 77' lang='grc' dir='ltr'>θεοῦ</span> <span class='ocrx_word' id='word_1_255' title='bbox 684 2400 832 2466; x_wconf 68' lang='grc' dir='ltr'>οἶκος</span> <span class='ocrx_word' id='word_1_256' title='bbox 860 2405 1221 2465; x_wconf 74' lang='grc' dir='ltr'>ἁκατέιλυτος.</span> <span class='ocrx_word' id='word_1_257' title='bbox 1256 2405 1367 2457; x_wconf 70' lang='grc' dir='ltr'><strong>Καὶ</strong></span> <span class='ocrx_word' id='word_1_258' title='bbox 1400 2404 1459 2457; x_wconf 72' lang='grc' dir='ltr'>τὸ</span> <span class='ocrx_word' id='word_1_259' title='bbox 1491 2405 1701 2472; x_wconf 80' lang='grc' dir='ltr'>πεῖσμα</span> <span class='ocrx_word' id='word_1_260' title='bbox 1727 2401 1788 2455; x_wconf 79' lang='grc' dir='ltr'>τὸ</span> 
     </span>
    </p>
   </div>
   <div class='ocr_carea' id='block_1_39' title="bbox 248 2496 1787 2566">
    <p class='ocr_par' dir='ltr' id='par_1_39' title="bbox 248 2496 1787 2566">
     <span class='ocr_line' id='line_1_39' title="bbox 248 2496 1787 2566; baseline -0.005 -13"><span class='ocrx_word' id='word_1_261' title='bbox 248 2499 359 2553; x_wconf 72' lang='grc' dir='ltr'>κατὰ</span> <span class='ocrx_word' id='word_1_262' title='bbox 379 2496 607 2551; x_wconf 75' lang='grc' dir='ltr'>τοιοῦτον</span> <span class='ocrx_word' id='word_1_263' title='bbox 631 2496 920 2566; x_wconf 80' lang='grc' dir='ltr'>ἄνθρωπον</span> <span class='ocrx_word' id='word_1_264' title='bbox 936 2496 1034 2566; x_wconf 72' lang='grc' dir='ltr'><strong>οὐχ</strong></span> <span class='ocrx_word' id='word_1_265' title='bbox 1056 2496 1245 2559; x_wconf 73' lang='grc' dir='ltr'>ἁπλῶς</span> <span class='ocrx_word' id='word_1_266' title='bbox 1274 2497 1331 2548; x_wconf 76' lang='grc' dir='ltr'>ἐν</span> <span class='ocrx_word' id='word_1_267' title='bbox 1363 2496 1575 2566; x_wconf 76' lang='grc' dir='ltr'>ἐπαίνῳ</span> <span class='ocrx_word' id='word_1_268' title='bbox 1599 2496 1787 2562; x_wconf 82' lang='grc' dir='ltr'>κείμε-</span> 
     </span>
    </p>
   </div>
   <div class='ocr_carea' id='block_1_40' title="bbox 246 2589 1787 2662">
    <p class='ocr_par' dir='ltr' id='par_1_40' title="bbox 246 2589 1787 2662">
     <span class='ocr_line' id='line_1_40' title="bbox 246 2589 1787 2662; baseline -0.004 -14"><span class='ocrx_word' id='word_1_269' title='bbox 246 2612 316 2648; x_wconf 84' lang='grc' dir='ltr'><strong>νον</strong></span> <span class='ocrx_word' id='word_1_270' title='bbox 343 2590 688 2662; x_wconf 72' lang='grc' dir='ltr'>θαυμάζεται,</span> <span class='ocrx_word' id='word_1_271' title='bbox 707 2590 845 2646; x_wconf 72' lang='grc' dir='ltr'>ἀλλὰ</span> <span class='ocrx_word' id='word_1_272' title='bbox 869 2591 962 2644; x_wconf 68' lang='grc' dir='ltr'>καὶ</span> <span class='ocrx_word' id='word_1_273' title='bbox 994 2590 1113 2662; x_wconf 80' lang='grc' dir='ltr'><strong>Θεῴ</strong></span> <span class='ocrx_word' id='word_1_274' title='bbox 1146 2590 1303 2661; x_wconf 82' lang='grc' dir='ltr'>φίλον</span> <span class='ocrx_word' id='word_1_275' title='bbox 1331 2591 1429 2646; x_wconf 76' lang='grc' dir='ltr'>καὶ</span> <span class='ocrx_word' id='word_1_276' title='bbox 1463 2589 1621 2658; x_wconf 73' lang='grc' dir='ltr'>ἅγιον</span> <span class='ocrx_word' id='word_1_277' title='bbox 1648 2605 1787 2657; x_wconf 85' lang='grc' dir='ltr'>γνω-</span> 
     </span>
    </p>
   </div>
   <div class='ocr_carea' id='block_1_41' title="bbox 248 2687 520 2759">
    <p class='ocr_par' dir='ltr' id='par_1_41' title="bbox 248 2687 520 2759">
     <span class='ocr_line' id='line_1_41' title="bbox 248 2687 520 2759; baseline 0.004 -19"><span class='ocrx_word' id='word_1_278' title='bbox 248 2687 520 2759; x_wconf 82' lang='grc' dir='ltr'>ματεύεται.</span> 
     </span>
    </p>
   </div>
   <div class='ocr_carea' id='block_1_42' title="bbox 301 2775 1783 2848">
    <p class='ocr_par' dir='ltr' id='par_1_42' title="bbox 301 2775 1783 2848">
     <span class='ocr_line' id='line_1_42' title="bbox 301 2775 1783 2848; baseline -0.003 -14"><span class='ocrx_word' id='word_1_279' title='bbox 301 2781 389 2846; x_wconf 79' lang='grc' dir='ltr'><strong>ξς’.</strong></span> <span class='ocrx_word' id='word_1_280' title='bbox 413 2778 470 2832; x_wconf 84' lang='lat' dir='ltr'><strong>El</strong></span> <span class='ocrx_word' id='word_1_281' title='bbox 489 2779 543 2832; x_wconf 85' lang='grc' dir='ltr'><strong>δέ</strong></span> <span class='ocrx_word' id='word_1_282' title='bbox 579 2797 665 2843; x_wconf 89' lang='grc' dir='ltr'><strong>τις</strong></span> <span class='ocrx_word' id='word_1_283' title='bbox 692 2777 798 2832; x_wconf 79' lang='grc' dir='ltr'>ὑπὸ</span> <span class='ocrx_word' id='word_1_284' title='bbox 841 2776 1152 2848; x_wconf 81' lang='grc' dir='ltr'>διδασκάλῳ</span> <span class='ocrx_word' id='word_1_285' title='bbox 1201 2775 1277 2847; x_wconf 79' lang='grc' dir='ltr'>μὴ</span> <span class='ocrx_word' id='word_1_286' title='bbox 1308 2775 1453 2830; x_wconf 72' lang='grc' dir='ltr'>οὕτω</span> <span class='ocrx_word' id='word_1_287' title='bbox 1496 2792 1783 2847; x_wconf 85' lang='grc' dir='ltr'>προηγου-</span> 
     </span>
    </p>
   </div>
   <div class='ocr_carea' id='block_1_43' title="bbox 246 2867 1780 2942">
    <p class='ocr_par' dir='ltr' id='par_1_43' title="bbox 246 2867 1780 2942">
     <span class='ocr_line' id='line_1_43' title="bbox 246 2867 1780 2942; baseline 0 -19"><span class='ocrx_word' id='word_1_288' title='bbox 246 2872 365 2942; x_wconf 77' lang='grc' dir='ltr'>μένφ</span> <span class='ocrx_word' id='word_1_289' title='bbox 387 2873 461 2933; x_wconf 87' lang='grc' dir='ltr'><strong>εἰς</strong></span> <span class='ocrx_word' id='word_1_290' title='bbox 488 2868 617 2922; x_wconf 81' lang='grc' dir='ltr'>εὐθὺ</span> <span class='ocrx_word' id='word_1_291' title='bbox 652 2870 943 2930; x_wconf 84' lang='grc' dir='ltr'>τάσσεται,</span> <span class='ocrx_word' id='word_1_292' title='bbox 978 2867 1115 2921; x_wconf 80' lang='grc' dir='ltr'>ἀλλὰ</span> <span class='ocrx_word' id='word_1_293' title='bbox 1142 2868 1330 2937; x_wconf 82' lang='grc' dir='ltr'>κύκλῳ</span> <span class='ocrx_word' id='word_1_294' title='bbox 1360 2868 1780 2938; x_wconf 82' lang='grc' dir='ltr'>περιπατοῦντι,</span> 
     </span>
    </p>
   </div>
   <div class='ocr_carea' id='block_1_44' title="bbox 243 2958 1782 3033">
    <p class='ocr_par' dir='ltr' id='par_1_44' title="bbox 243 2958 1782 3033">
     <span class='ocr_line' id='line_1_44' title="bbox 243 2958 1782 3033; baseline -0.002 -17"><span class='ocrx_word' id='word_1_295' title='bbox 243 2963 317 3016; x_wconf 78' lang='grc' dir='ltr'>καὶ</span> <span class='ocrx_word' id='word_1_296' title='bbox 336 2963 422 3033; x_wconf 79' lang='grc' dir='ltr'>τὴν</span> <span class='ocrx_word' id='word_1_297' title='bbox 439 2961 707 3032; x_wconf 69' lang='grc' dir='ltr'>εὐθύτητα</span> <span class='ocrx_word' id='word_1_298' title='bbox 732 2958 1107 3032; x_wconf 68' lang='grc' dir='ltr'>πρεὸλοῦντι,</span> <span class='ocrx_word' id='word_1_299' title='bbox 1127 2959 1187 3023; x_wconf 77' lang='grc' dir='ltr'>ὃς</span> <span class='ocrx_word' id='word_1_300' title='bbox 1211 2960 1310 3013; x_wconf 80' lang='grc' dir='ltr'>οὐκ</span> <span class='ocrx_word' id='word_1_301' title='bbox 1341 2959 1407 3013; x_wconf 82' lang='grc' dir='ltr'>ἂν</span> <span class='ocrx_word' id='word_1_302' title='bbox 1440 2959 1526 3030; x_wconf 78' lang='grc' dir='ltr'><strong>εἴη</strong></span> <span class='ocrx_word' id='word_1_303' title='bbox 1548 2961 1782 3031; x_wconf 75' lang='grc' dir='ltr'>ἄμωμος</span> 
     </span>
    </p>
   </div>
   <div class='ocr_carea' id='block_1_45' title="bbox 245 3051 1781 3127">
    <p class='ocr_par' dir='ltr' id='par_1_45' title="bbox 245 3051 1781 3127">
     <span class='ocr_line' id='line_1_45' title="bbox 245 3051 1781 3127; baseline 0.001 -20"><span class='ocrx_word' id='word_1_304' title='bbox 245 3057 289 3108; x_wconf 70' lang='grc' dir='ltr'>ἐν</span> <span class='ocrx_word' id='word_1_305' title='bbox 312 3056 397 3127; x_wconf 77' lang='grc' dir='ltr'>6δῷ</span> <span class='ocrx_word' id='word_1_306' title='bbox 421 3057 692 3125; x_wconf 76' lang='grc' dir='ltr'>κυριακῇ,</span> <span class='ocrx_word' id='word_1_307' title='bbox 725 3054 1025 3107; x_wconf 82' lang='grc' dir='ltr'>κάντεῦθεν</span> <span class='ocrx_word' id='word_1_308' title='bbox 1052 3051 1148 3106; x_wconf 79' lang='grc' dir='ltr'><strong>ἀπ’</strong></span> <span class='ocrx_word' id='word_1_309' title='bbox 1170 3052 1424 3115; x_wconf 80' lang='grc' dir='ltr'>ἐναντίας</span> <span class='ocrx_word' id='word_1_310' title='bbox 1447 3051 1528 3124; x_wconf 83' lang='grc' dir='ltr'>τῷ</span> <span class='ocrx_word' id='word_1_311' title='bbox 1570 3055 1781 3124; x_wconf 84' lang='grc' dir='ltr'>πρωτί-</span> 
     </span>
    </p>
   </div>
   <div class='ocr_carea' id='block_1_46' title="bbox 247 3146 1782 3220">
    <p class='ocr_par' dir='ltr' id='par_1_46' title="bbox 247 3146 1782 3220">
     <span class='ocr_line' id='line_1_46' title="bbox 247 3146 1782 3220; baseline -0.001 -18"><span class='ocrx_word' id='word_1_312' title='bbox 247 3167 332 3219; x_wconf 78' lang='grc' dir='ltr'><strong>στῳ</strong></span> <span class='ocrx_word' id='word_1_313' title='bbox 349 3148 430 3202; x_wconf 70' lang='grc' dir='ltr'><strong>καὶ</strong></span> <span class='ocrx_word' id='word_1_314' title='bbox 447 3149 538 3204; x_wconf 76' lang='grc' dir='ltr'><strong>ἐπὶ</strong></span> <span class='ocrx_word' id='word_1_315' title='bbox 557 3147 751 3220; x_wconf 78' lang='grc' dir='ltr'>θρόνου</span> <span class='ocrx_word' id='word_1_316' title='bbox 774 3146 932 3218; x_wconf 73' lang='grc' dir='ltr'>δόξης</span> <span class='ocrx_word' id='word_1_317' title='bbox 956 3147 1057 3199; x_wconf 85' lang='grc' dir='ltr'><strong>ύπε</strong></span> <span class='ocrx_word' id='word_1_318' title='bbox 1068 3146 1264 3217; x_wconf 84' lang='grc' dir='ltr'>ρτὰτου</span> <span class='ocrx_word' id='word_1_319' title='bbox 1291 3146 1589 3218; x_wconf 78' lang='grc' dir='ltr'>καθημένῳ</span> <span class='ocrx_word' id='word_1_320' title='bbox 1619 3148 1782 3218; x_wconf 75' lang='grc' dir='ltr'>φερο-</span> 
     </span>
    </p>
   </div>
   <div class='ocr_carea' id='block_1_47' title="bbox 247 3237 1781 3312">
    <p class='ocr_par' dir='ltr' id='par_1_47' title="bbox 247 3237 1781 3312">
     <span class='ocr_line' id='line_1_47' title="bbox 247 3237 1781 3312; baseline -0.001 -18"><span class='ocrx_word' id='word_1_321' title='bbox 247 3259 393 3311; x_wconf 83' lang='grc' dir='ltr'>μενος,</span> <span class='ocrx_word' id='word_1_322' title='bbox 446 3243 539 3312; x_wconf 74' lang='grc' dir='ltr'>τῆς</span> <span class='ocrx_word' id='word_1_323' title='bbox 596 3240 1049 3310; x_wconf 78' lang='grc' dir='ltr'>διεστραμμένης</span> <span class='ocrx_word' id='word_1_324' title='bbox 1104 3237 1329 3302; x_wconf 83' lang='grc' dir='ltr'>πειθοῦς</span> <span class='ocrx_word' id='word_1_325' title='bbox 1384 3240 1627 3307; x_wconf 80' lang='grc' dir='ltr'>γίνεται·</span> <span class='ocrx_word' id='word_1_326' title='bbox 1684 3241 1781 3294; x_wconf 78' lang='grc' dir='ltr'>καὶ</span> 
     </span>
    </p>
   </div>
   <div class='ocr_carea' id='block_1_48' title="bbox 245 3331 1780 3403">
    <p class='ocr_par' dir='ltr' id='par_1_48' title="bbox 245 3331 1780 3403">
     <span class='ocr_line' id='line_1_48' title="bbox 245 3331 1780 3403; baseline -0.001 -18"><span class='ocrx_word' id='word_1_327' title='bbox 245 3332 385 3403; x_wconf 76' lang='grc' dir='ltr'>λαχὼν</span> <span class='ocrx_word' id='word_1_328' title='bbox 407 3335 609 3387; x_wconf 75' lang='grc' dir='ltr'>ἐκεῖθεν</span> <span class='ocrx_word' id='word_1_329' title='bbox 634 3334 811 3402; x_wconf 67' lang='grc' dir='ltr'>ἀρχᾶς</span> <span class='ocrx_word' id='word_1_330' title='bbox 841 3332 903 3384; x_wconf 82' lang='grc' dir='ltr'><strong>ού</strong></span> <span class='ocrx_word' id='word_1_331' title='bbox 932 3331 1265 3400; x_wconf 74' lang='grc' dir='ltr'>θεοφιλείας,</span> <span class='ocrx_word' id='word_1_332' title='bbox 1288 3331 1408 3384; x_wconf 77' lang='grc' dir='ltr'>οὐδὲ</span> <span class='ocrx_word' id='word_1_333' title='bbox 1437 3332 1780 3403; x_wconf 79' lang='grc' dir='ltr'>φρονήσεως,</span> 
     </span>
    </p>
   </div>
   <div class='ocr_carea' id='block_1_49' title="bbox 243 3426 1780 3502">
    <p class='ocr_par' dir='ltr' id='par_1_49' title="bbox 243 3426 1780 3502">
     <span class='ocr_line' id='line_1_49' title="bbox 243 3426 1780 3502; baseline -0.002 -22"><span class='ocrx_word' id='word_1_334' title='bbox 243 3430 289 3480; x_wconf 78' lang='grc' dir='ltr'><strong>τὸ</strong></span> <span class='ocrx_word' id='word_1_335' title='bbox 309 3430 397 3481; x_wconf 76' lang='grc' dir='ltr'>πᾶν</span> <span class='ocrx_word' id='word_1_336' title='bbox 442 3430 494 3482; x_wconf 73' lang='grc' dir='ltr'>δὲ</span> <span class='ocrx_word' id='word_1_337' title='bbox 531 3431 929 3502; x_wconf 78' lang='grc' dir='ltr'>σννῃρημένως</span> <span class='ocrx_word' id='word_1_338' title='bbox 959 3427 1149 3494; x_wconf 81' lang='grc' dir='ltr'>φάναι,</span> <span class='ocrx_word' id='word_1_339' title='bbox 1203 3426 1304 3480; x_wconf 84' lang='grc' dir='ltr'>οὐκ</span> <span class='ocrx_word' id='word_1_340' title='bbox 1332 3426 1608 3497; x_wconf 82' lang='grc' dir='ltr'>ἐναρὲτως</span> <span class='ocrx_word' id='word_1_341' title='bbox 1641 3427 1780 3497; x_wconf 71' lang='grc' dir='ltr'>πρὸς</span> 
     </span>
    </p>
   </div>
   <div class='ocr_carea' id='block_1_50' title="bbox 243 3517 1780 3589">
    <p class='ocr_par' dir='ltr' id='par_1_50' title="bbox 243 3517 1780 3589">
     <span class='ocr_line' id='line_1_50' title="bbox 243 3517 1780 3589; baseline 0.001 -17"><span class='ocrx_word' id='word_1_342' title='bbox 243 3519 478 3589; x_wconf 71' lang='grc' dir='ltr'>ἀλήθειαν,</span> <span class='ocrx_word' id='word_1_343' title='bbox 521 3520 615 3574; x_wconf 73' lang='grc' dir='ltr'>καὶ</span> <span class='ocrx_word' id='word_1_344' title='bbox 648 3522 850 3582; x_wconf 77' lang='grc' dir='ltr'>πείσας</span> <span class='ocrx_word' id='word_1_345' title='bbox 894 3519 1111 3582; x_wconf 78' lang='grc' dir='ltr'>ἑαυτὸν,</span> <span class='ocrx_word' id='word_1_346' title='bbox 1156 3517 1234 3581; x_wconf 85' lang='grc' dir='ltr'><strong>είς</strong></span> <span class='ocrx_word' id='word_1_347' title='bbox 1258 3518 1414 3582; x_wconf 75' lang='grc' dir='ltr'>τέλος</span> <span class='ocrx_word' id='word_1_348' title='bbox 1440 3517 1541 3571; x_wconf 85' lang='grc' dir='ltr'>οὐκ</span> <span class='ocrx_word' id='word_1_349' title='bbox 1576 3519 1780 3588; x_wconf 75' lang='grc' dir='ltr'>ἀγαθὸν</span> 
     </span>
    </p>
   </div>
   <div class='ocr_carea' id='block_1_51' title="bbox 244 3608 1779 3678">
    <p class='ocr_par' dir='ltr' id='par_1_51' title="bbox 244 3608 1779 3678">
     <span class='ocr_line' id='line_1_51' title="bbox 244 3608 1779 3678; baseline 0.001 -16"><span class='ocrx_word' id='word_1_350' title='bbox 244 3610 498 3676; x_wconf 71' lang='grc' dir='ltr'>ἐνίσταται,</span> <span class='ocrx_word' id='word_1_351' title='bbox 557 3611 655 3663; x_wconf 74' lang='grc' dir='ltr'>καὶ</span> <span class='ocrx_word' id='word_1_352' title='bbox 708 3609 961 3677; x_wconf 80' lang='grc' dir='ltr'>ἀγωνιῶν</span> <span class='ocrx_word' id='word_1_353' title='bbox 1009 3608 1335 3673; x_wconf 80' lang='grc' dir='ltr'>ἀντιϐαίνει,</span> <span class='ocrx_word' id='word_1_354' title='bbox 1386 3610 1694 3678; x_wconf 73' lang='grc' dir='ltr'>κοινότερον</span> <span class='ocrx_word' id='word_1_355' title='bbox 1722 3609 1779 3663; x_wconf 75' lang='grc' dir='ltr'>δὲ</span> 
     </span>
    </p>
   </div>
   <div class='ocr_carea' id='block_1_52' title="bbox 242 3699 1780 3773">
    <p class='ocr_par' dir='ltr' id='par_1_52' title="bbox 242 3699 1780 3773">
     <span class='ocr_line' id='line_1_52' title="bbox 242 3699 1780 3773; baseline 0 -20"><span class='ocrx_word' id='word_1_356' title='bbox 242 3703 427 3771; x_wconf 76' lang='grc' dir='ltr'>φράσαι,</span> <span class='ocrx_word' id='word_1_357' title='bbox 467 3702 601 3773; x_wconf 80' lang='grc' dir='ltr'>πρὸς</span> <span class='ocrx_word' id='word_1_358' title='bbox 663 3701 933 3755; x_wconf 84' lang='grc' dir='ltr'>ίδιωτείαν</span> <span class='ocrx_word' id='word_1_359' title='bbox 967 3699 1036 3753; x_wconf 82' lang='grc' dir='ltr'><strong>δι’</strong></span> <span class='ocrx_word' id='word_1_360' title='bbox 1064 3700 1387 3770; x_wconf 81' lang='grc' dir='ltr'>εὐμάθειαν,</span> <span class='ocrx_word' id='word_1_361' title='bbox 1419 3700 1522 3769; x_wconf 83' lang='grc' dir='ltr'>τὴν</span> <span class='ocrx_word' id='word_1_362' title='bbox 1554 3701 1615 3753; x_wconf 80' lang='grc' dir='ltr'>ὲν</span> <span class='ocrx_word' id='word_1_363' title='bbox 1662 3703 1780 3765; x_wconf 80' lang='grc' dir='ltr'>τοῖς</span> 
     </span>
    </p>
   </div>
   <div class='ocr_carea' id='block_1_53' title="bbox 240 3787 1777 3860">
    <p class='ocr_par' dir='ltr' id='par_1_53' title="bbox 240 3787 1777 3860">
     <span class='ocr_line' id='line_1_53' title="bbox 240 3787 1777 3860; baseline 0.001 -21"><span class='ocrx_word' id='word_1_364' title='bbox 240 3789 432 3852; x_wconf 75' lang='grc' dir='ltr'>πολλοῖς,</span> <span class='ocrx_word' id='word_1_365' title='bbox 489 3788 866 3860; x_wconf 77' lang='grc' dir='ltr'>πεισματῐζει,</span> <span class='ocrx_word' id='word_1_366' title='bbox 920 3788 996 3850; x_wconf 79' lang='grc' dir='ltr'><strong>ὡς</strong></span> <span class='ocrx_word' id='word_1_367' title='bbox 1032 3789 1127 3841; x_wconf 80' lang='grc' dir='ltr'><strong>καὶ</strong></span> <span class='ocrx_word' id='word_1_368' title='bbox 1162 3787 1306 3843; x_wconf 80' lang='grc' dir='ltr'>κατὰ</span> <span class='ocrx_word' id='word_1_369' title='bbox 1338 3789 1543 3858; x_wconf 85' lang='grc' dir='ltr'>κράτος</span> <span class='ocrx_word' id='word_1_370' title='bbox 1596 3789 1777 3859; x_wconf 81' lang='grc' dir='ltr'>νικᾷν,</span> 
     </span>
    </p>
   </div>
   <div class='ocr_carea' id='block_1_54' title="bbox 239 3879 1778 3950">
    <p class='ocr_par' dir='ltr' id='par_1_54' title="bbox 239 3879 1778 3950">
     <span class='ocr_line' id='line_1_54' title="bbox 239 3879 1778 3950; baseline 0.001 -18"><span class='ocrx_word' id='word_1_371' title='bbox 239 3881 311 3934; x_wconf 73' lang='grc' dir='ltr'>καὶ</span> <span class='ocrx_word' id='word_1_372' title='bbox 337 3882 571 3950; x_wconf 82' lang='grc' dir='ltr'>σννιστᾷν</span> <span class='ocrx_word' id='word_1_373' title='bbox 598 3880 627 3934; x_wconf 80' lang='grc' dir='ltr'><strong>ὃ</strong></span> <span class='ocrx_word' id='word_1_374' title='bbox 663 3880 920 3950; x_wconf 84' lang='grc' dir='ltr'>βούλεται</span> <span class='ocrx_word' id='word_1_375' title='bbox 947 3895 961 3911; x_wconf 75' lang='grc' dir='ltr'><strong><em>ο</em></strong></span> <span class='ocrx_word' id='word_1_376' title='bbox 1015 3881 1118 3933; x_wconf 82' lang='grc' dir='ltr'>οὐκ</span> <span class='ocrx_word' id='word_1_377' title='bbox 1159 3879 1333 3947; x_wconf 79' lang='grc' dir='ltr'>ἔστιν,</span> <span class='ocrx_word' id='word_1_378' title='bbox 1363 3879 1475 3933; x_wconf 81' lang='grc' dir='ltr'>οὐδ’</span> <span class='ocrx_word' id='word_1_379' title='bbox 1508 3880 1575 3934; x_wconf 83' lang='grc' dir='ltr'>ἂν</span> <span class='ocrx_word' id='word_1_380' title='bbox 1601 3883 1778 3934; x_wconf 80' lang='grc' dir='ltr'>εἰπεῖν</span> 
     </span>
    </p>
   </div>
   <div class='ocr_carea' id='block_1_55' title="bbox 237 3972 1780 4045">
    <p class='ocr_par' dir='ltr' id='par_1_55' title="bbox 237 3972 1780 4045">
     <span class='ocr_line' id='line_1_55' title="bbox 237 3972 1780 4045; baseline -0.001 -22"><span class='ocrx_word' id='word_1_381' title='bbox 237 3972 442 4044; x_wconf 73' lang='grc' dir='ltr'>τολμήσῃ</span> <span class='ocrx_word' id='word_1_382' title='bbox 465 3990 550 4037; x_wconf 90' lang='grc' dir='ltr'><strong>τις</strong></span> <span class='ocrx_word' id='word_1_383' title='bbox 579 3973 721 4044; x_wconf 84' lang='grc' dir='ltr'><strong>ὀρθά</strong></span> <span class='ocrx_word' id='word_1_384' title='bbox 744 3974 959 4041; x_wconf 80' lang='grc' dir='ltr'>φρονῶν</span> <span class='ocrx_word' id='word_1_385' title='bbox 995 3973 1087 4025; x_wconf 63' lang='grc' dir='ltr'>καὶ</span> <span class='ocrx_word' id='word_1_386' title='bbox 1107 3972 1273 4042; x_wconf 83' lang='grc' dir='ltr'>λόγου</span> <span class='ocrx_word' id='word_1_387' title='bbox 1310 3973 1562 4045; x_wconf 82' lang='grc' dir='ltr'>μέτοχος,</span> <span class='ocrx_word' id='word_1_388' title='bbox 1589 3974 1780 4043; x_wconf 73' lang='grc' dir='ltr'>εναρέ-</span> 
     </span>
    </p>
   </div>
   <div class='ocr_carea' id='block_1_56' title="bbox 234 4068 1775 4141">
    <p class='ocr_par' dir='ltr' id='par_1_56' title="bbox 234 4068 1775 4141">
     <span class='ocr_line' id='line_1_56' title="bbox 234 4068 1775 4141; baseline 0.001 -19"><span class='ocrx_word' id='word_1_389' title='bbox 234 4087 317 4133; x_wconf 83' lang='grc' dir='ltr'><strong>τως</strong></span> <span class='ocrx_word' id='word_1_390' title='bbox 345 4068 639 4123; x_wconf 79' lang='grc' dir='ltr'>διακεῖσθαι</span> <span class='ocrx_word' id='word_1_391' title='bbox 672 4069 767 4120; x_wconf 70' lang='grc' dir='ltr'>τὸν</span> <span class='ocrx_word' id='word_1_392' title='bbox 797 4068 943 4121; x_wconf 80' lang='grc' dir='ltr'>οὕτω</span> <span class='ocrx_word' id='word_1_393' title='bbox 974 4069 1349 4139; x_wconf 83' lang='grc' dir='ltr'>πεισμονικόν.</span> <span class='ocrx_word' id='word_1_394' title='bbox 1384 4070 1459 4123; x_wconf 90' lang='grc' dir='ltr'><strong>Ού</strong></span> <span class='ocrx_word' id='word_1_395' title='bbox 1495 4070 1605 4141; x_wconf 80' lang='grc' dir='ltr'>γὰρ</span> <span class='ocrx_word' id='word_1_396' title='bbox 1627 4070 1775 4124; x_wconf 77' lang='grc' dir='ltr'>δέδο-</span> 
     </span>
    </p>
   </div>
   <div class='ocr_carea' id='block_1_57' title="bbox 232 4153 1579 4234">
    <p class='ocr_par' dir='ltr' id='par_1_57' title="bbox 232 4153 1579 4234">
     <span class='ocr_line' id='line_1_57' title="bbox 232 4153 1579 4234; baseline 0 -20"><span class='ocrx_word' id='word_1_397' title='bbox 232 4178 319 4226; x_wconf 85' lang='grc' dir='ltr'>ται,</span> <span class='ocrx_word' id='word_1_398' title='bbox 350 4162 542 4232; x_wconf 82' lang='grc' dir='ltr'>φαύλης</span> <span class='ocrx_word' id='word_1_399' title='bbox 571 4161 752 4233; x_wconf 79' lang='grc' dir='ltr'>ἀρχῆς</span> <span class='ocrx_word' id='word_1_400' title='bbox 781 4153 987 4230; x_wconf 78' lang='grc' dir='ltr'>ἀγαθὸν</span> <span class='ocrx_word' id='word_1_401' title='bbox 1010 4158 1150 4215; x_wconf 75' lang='grc' dir='ltr'>εἶναι</span> <span class='ocrx_word' id='word_1_402' title='bbox 1177 4162 1579 4234; x_wconf 77' lang='grc' dir='ltr'>συμπέρασμα.</span> 
     </span>
    </p>
   </div>
   <div class='ocr_carea' id='block_1_58' title="bbox 286 4254 1776 4327">
    <p class='ocr_par' dir='ltr' id='par_1_58' title="bbox 286 4254 1776 4327">
     <span class='ocr_line' id='line_1_58' title="bbox 286 4254 1776 4327; baseline -0.005 -16"><span class='ocrx_word' id='word_1_403' title='bbox 286 4254 367 4321; x_wconf 72' lang='grc' dir='ltr'><strong>ξς.</strong></span> <span class='ocrx_word' id='word_1_404' title='bbox 394 4257 451 4309; x_wconf 78' lang='grc' dir='ltr'><strong>Εἰ</strong></span> <span class='ocrx_word' id='word_1_405' title='bbox 482 4257 538 4310; x_wconf 77' lang='grc' dir='ltr'>δὲ</span> <span class='ocrx_word' id='word_1_406' title='bbox 566 4256 660 4308; x_wconf 83' lang='grc' dir='ltr'><strong>καί</strong></span> <span class='ocrx_word' id='word_1_407' title='bbox 684 4272 771 4320; x_wconf 87' lang='grc' dir='ltr'><strong>τις</strong></span> <span class='ocrx_word' id='word_1_408' title='bbox 802 4259 861 4310; x_wconf 83' lang='grc' dir='ltr'>ὲν</span> <span class='ocrx_word' id='word_1_409' title='bbox 899 4255 1131 4327; x_wconf 81' lang='grc' dir='ltr'>διαλόγῳ</span> <span class='ocrx_word' id='word_1_410' title='bbox 1160 4260 1230 4310; x_wconf 78' lang='grc' dir='ltr'>τὰ</span> <span class='ocrx_word' id='word_1_411' title='bbox 1254 4256 1431 4326; x_wconf 82' lang='grc' dir='ltr'>ψευδῆ</span> <span class='ocrx_word' id='word_1_412' title='bbox 1468 4254 1776 4326; x_wconf 84' lang='grc' dir='ltr'>προτείνων</span> 
     </span>
    </p>
   </div>
   <div class='ocr_carea' id='block_1_59' title="bbox 231 4348 1777 4423">
    <p class='ocr_par' dir='ltr' id='par_1_59' title="bbox 231 4348 1777 4423">
     <span class='ocr_line' id='line_1_59' title="bbox 231 4348 1777 4423; baseline -0.001 -20"><span class='ocrx_word' id='word_1_413' title='bbox 231 4352 599 4423; x_wconf 81' lang='grc' dir='ltr'>παρασυνάγειν</span> <span class='ocrx_word' id='word_1_414' title='bbox 649 4350 913 4421; x_wconf 74' lang='grc' dir='ltr'>ἀλήθειαν</span> <span class='ocrx_word' id='word_1_415' title='bbox 948 4351 1224 4420; x_wconf 79' lang='grc' dir='ltr'>φαίνεται,</span> <span class='ocrx_word' id='word_1_416' title='bbox 1253 4349 1391 4404; x_wconf 78' lang='grc' dir='ltr'>ἀλλὰ</span> <span class='ocrx_word' id='word_1_417' title='bbox 1413 4351 1475 4403; x_wconf 84' lang='grc' dir='ltr'>τὸ</span> <span class='ocrx_word' id='word_1_418' title='bbox 1521 4348 1777 4420; x_wconf 78' lang='grc' dir='ltr'>ἐφαμάρο</span> 
     </span>
    </p>
   </div>
   <div class='ocr_carea' id='block_1_60' title="bbox 230 4436 1776 4513">
    <p class='ocr_par' dir='ltr' id='par_1_60' title="bbox 230 4436 1776 4513">
     <span class='ocr_line' id='line_1_60' title="bbox 230 4436 1776 4513; baseline 0.001 -18"><span class='ocrx_word' id='word_1_419' title='bbox 230 4458 315 4506; x_wconf 81' lang='grc' dir='ltr'><strong>τως</strong></span> <span class='ocrx_word' id='word_1_420' title='bbox 333 4443 735 4513; x_wconf 70' lang='grc' dir='ltr'>προηγούμενον</span> <span class='ocrx_word' id='word_1_421' title='bbox 774 4443 875 4496; x_wconf 82' lang='grc' dir='ltr'>οὐκ</span> <span class='ocrx_word' id='word_1_422' title='bbox 899 4436 1018 4495; x_wconf 75' lang='grc' dir='ltr'>οἴδα</span> <span class='ocrx_word' id='word_1_423' title='bbox 1055 4442 1176 4505; x_wconf 87' lang='grc' dir='ltr'>πῶς</span> <span class='ocrx_word' id='word_1_424' title='bbox 1220 4441 1287 4496; x_wconf 81' lang='grc' dir='ltr'>ἂν</span> <span class='ocrx_word' id='word_1_425' title='bbox 1309 4442 1425 4513; x_wconf 74' lang='grc' dir='ltr'>ἔχοι</span> <span class='ocrx_word' id='word_1_426' title='bbox 1452 4444 1776 4497; x_wconf 75' lang='grc' dir='ltr'>ἀποϐαίνειν</span> 
     </span>
    </p>
   </div>
   <div class='ocr_carea' id='block_1_61' title="bbox 232 4531 1773 4605">
    <p class='ocr_par' dir='ltr' id='par_1_61' title="bbox 232 4531 1773 4605">
     <span class='ocr_line' id='line_1_61' title="bbox 232 4531 1773 4605; baseline 0.002 -21"><span class='ocrx_word' id='word_1_427' title='bbox 232 4535 481 4605; x_wconf 80' lang='grc' dir='ltr'>σωτήριον.</span> <span class='ocrx_word' id='word_1_428' title='bbox 517 4533 692 4602; x_wconf 81' lang='grc' dir='ltr'>Δῆλον</span> <span class='ocrx_word' id='word_1_429' title='bbox 709 4533 787 4599; x_wconf 81' lang='grc' dir='ltr'>δὲ,</span> <span class='ocrx_word' id='word_1_430' title='bbox 809 4531 885 4596; x_wconf 84' lang='grc' dir='ltr'>ὡς</span> <span class='ocrx_word' id='word_1_431' title='bbox 908 4535 988 4597; x_wconf 87' lang='grc' dir='ltr'><strong>εἰς</strong></span> <span class='ocrx_word' id='word_1_432' title='bbox 1010 4535 1205 4586; x_wconf 73' lang='grc' dir='ltr'>ταυτὸν</span> <span class='ocrx_word' id='word_1_433' title='bbox 1224 4534 1349 4604; x_wconf 75' lang='grc' dir='ltr'>ἥκει</span> <span class='ocrx_word' id='word_1_434' title='bbox 1374 4534 1569 4599; x_wconf 82' lang='grc' dir='ltr'>κακοῦ,</span> <span class='ocrx_word' id='word_1_435' title='bbox 1596 4535 1773 4605; x_wconf 80' lang='grc' dir='ltr'>φαύλῃ</span> 
     </span>
    </p>
   </div>
   <div class='ocr_carea' id='block_1_62' title="bbox 1900 2029 3486 2097">
    <p class='ocr_par' dir='ltr' id='par_1_62' title="bbox 1900 2029 3486 2097">
     <span class='ocr_line' id='line_1_62' title="bbox 1900 2029 3486 2097; baseline 0.004 -14"><span class='ocrx_word' id='word_1_436' title='bbox 1900 2029 2068 2084; x_wconf 84' lang='lat' dir='ltr'><strong>bitate</strong></span> <span class='ocrx_word' id='word_1_437' title='bbox 2088 2039 2143 2086; x_wconf 83' lang='lat' dir='ltr'><strong>et</strong></span> <span class='ocrx_word' id='word_1_438' title='bbox 2194 2031 2524 2097; x_wconf 82' lang='lat' dir='ltr'><strong>inﬂexibilis,</strong></span> <span class='ocrx_word' id='word_1_439' title='bbox 2573 2040 2630 2086; x_wconf 90' lang='lat' dir='ltr'><strong>ut</strong></span> <span class='ocrx_word' id='word_1_440' title='bbox 2668 2032 2882 2087; x_wconf 85' lang='lat' dir='ltr'><strong>laudem</strong></span> <span class='ocrx_word' id='word_1_441' title='bbox 2916 2042 3193 2088; x_wconf 86' lang='lat' dir='ltr'><strong>mereatur</strong></span> <span class='ocrx_word' id='word_1_442' title='bbox 3230 2034 3486 2090; x_wconf 77' lang='lat' dir='ltr'><strong>columna</strong></span> 
     </span>
    </p>
   </div>
   <div class='ocr_carea' id='block_1_63' title="bbox 1898 2123 3485 2187">
    <p class='ocr_par' dir='ltr' id='par_1_63' title="bbox 1898 2123 3485 2187">
     <span class='ocr_line' id='line_1_63' title="bbox 1898 2123 3485 2187; baseline -0.001 -9"><span class='ocrx_word' id='word_1_443' title='bbox 1898 2123 2238 2180; x_wconf 90' lang='lat' dir='ltr'><strong>rectitudinis</strong></span> <span class='ocrx_word' id='word_1_444' title='bbox 2315 2138 2420 2179; x_wconf 89' lang='lat' dir='ltr'><strong>non</strong></span> <span class='ocrx_word' id='word_1_445' title='bbox 2507 2123 2819 2187; x_wconf 83' lang='lat' dir='ltr'><strong>incurvata,</strong></span> <span class='ocrx_word' id='word_1_446' title='bbox 2888 2124 3303 2183; x_wconf 74' lang='lat' dir='ltr'><strong>fundamentum</strong></span> <span class='ocrx_word' id='word_1_447' title='bbox 3378 2140 3485 2178; x_wconf 80' lang='lat' dir='ltr'><strong>non</strong></span> 
     </span>
    </p>
   </div>
   <div class='ocr_carea' id='block_1_64' title="bbox 1896 2218 3483 2289">
    <p class='ocr_par' dir='ltr' id='par_1_64' title="bbox 1896 2218 3483 2289">
     <span class='ocr_line' id='line_1_64' title="bbox 1896 2218 3483 2289; baseline 0 -19"><span class='ocrx_word' id='word_1_448' title='bbox 1896 2218 2290 2281; x_wconf 73' lang='lat' dir='ltr'><strong>avertendum,</strong></span> <span class='ocrx_word' id='word_1_449' title='bbox 2351 2218 2604 2289; x_wconf 73' lang='lat' dir='ltr'><strong>quamvis</strong></span> <span class='ocrx_word' id='word_1_450' title='bbox 2658 2232 3048 2288; x_wconf 79' lang='lat' dir='ltr'><strong>nonnunquam</strong></span> <span class='ocrx_word' id='word_1_451' title='bbox 3111 2219 3483 2286; x_wconf 72' lang='lat' dir='ltr'><strong>concutiatur,</strong></span> 
     </span>
    </p>
   </div>
   <div class='ocr_carea' id='block_1_65' title="bbox 1897 2310 3483 2383">
    <p class='ocr_par' dir='ltr' id='par_1_65' title="bbox 1897 2310 3483 2383">
     <span class='ocr_line' id='line_1_65' title="bbox 1897 2310 3483 2383; baseline 0 -19"><span class='ocrx_word' id='word_1_452' title='bbox 1897 2313 2060 2365; x_wconf 86' lang='lat' dir='ltr'><strong>arbor</strong></span> <span class='ocrx_word' id='word_1_453' title='bbox 2114 2311 2350 2381; x_wconf 76' lang='lat' dir='ltr'><strong>paradisi</strong></span> <span class='ocrx_word' id='word_1_454' title='bbox 2417 2312 2629 2368; x_wconf 79' lang='lat' dir='ltr'><strong>radices</strong></span> <span class='ocrx_word' id='word_1_455' title='bbox 2680 2314 2733 2367; x_wconf 91' lang='lat' dir='ltr'><strong>in</strong></span> <span class='ocrx_word' id='word_1_456' title='bbox 2795 2310 3129 2382; x_wconf 78' lang='lat' dir='ltr'><strong>profundum</strong></span> <span class='ocrx_word' id='word_1_457' title='bbox 3160 2327 3349 2383; x_wconf 86' lang='lat' dir='ltr'><strong>agens,</strong></span> <span class='ocrx_word' id='word_1_458' title='bbox 3410 2314 3483 2365; x_wconf 82' lang='lat' dir='ltr'><strong>ita</strong></span> 
     </span>
    </p>
   </div>
   <div class='ocr_carea' id='block_1_66' title="bbox 1896 2401 3484 2473">
    <p class='ocr_par' dir='ltr' id='par_1_66' title="bbox 1896 2401 3484 2473">
     <span class='ocr_line' id='line_1_66' title="bbox 1896 2401 3484 2473; baseline 0.004 -22"><span class='ocrx_word' id='word_1_459' title='bbox 1896 2410 1955 2452; x_wconf 91' lang='lat' dir='ltr'><strong>ut</strong></span> <span class='ocrx_word' id='word_1_460' title='bbox 1989 2407 2223 2468; x_wconf 80' lang='lat' dir='ltr'><strong>nequeat</strong></span> <span class='ocrx_word' id='word_1_461' title='bbox 2255 2416 2285 2453; x_wconf 86' lang='lat' dir='ltr'><strong>a</strong></span> <span class='ocrx_word' id='word_1_462' title='bbox 2313 2401 2475 2456; x_wconf 86' lang='lat' dir='ltr'><strong>malis</strong></span> <span class='ocrx_word' id='word_1_463' title='bbox 2497 2401 2840 2457; x_wconf 66' lang='lat' dir='ltr'><strong>demonibus</strong></span> <span class='ocrx_word' id='word_1_464' title='bbox 2866 2402 2921 2457; x_wconf 89' lang='lat' dir='ltr'><strong>in</strong></span> <span class='ocrx_word' id='word_1_465' title='bbox 2955 2402 3169 2457; x_wconf 85' lang='lat' dir='ltr'><strong>ruinam</strong></span> <span class='ocrx_word' id='word_1_466' title='bbox 3200 2403 3393 2473; x_wconf 85' lang='lat' dir='ltr'><strong>dejici,</strong></span> <span class='ocrx_word' id='word_1_467' title='bbox 3426 2412 3484 2458; x_wconf 85' lang='lat' dir='ltr'><strong>et</strong></span> 
     </span>
    </p>
   </div>
   <div class='ocr_carea' id='block_1_67' title="bbox 1893 2491 3481 2563">
    <p class='ocr_par' dir='ltr' id='par_1_67' title="bbox 1893 2491 3481 2563">
     <span class='ocr_line' id='line_1_67' title="bbox 1893 2491 3481 2563; baseline 0.001 -16"><span class='ocrx_word' id='word_1_468' title='bbox 1893 2492 2090 2547; x_wconf 91' lang='lat' dir='ltr'><strong>domus</strong></span> <span class='ocrx_word' id='word_1_469' title='bbox 2119 2491 2211 2549; x_wconf 86' lang='lat' dir='ltr'><strong>Dei</strong></span> <span class='ocrx_word' id='word_1_470' title='bbox 2241 2494 2622 2552; x_wconf 80' lang='lat' dir='ltr'><strong>inevertibilis.</strong></span> <span class='ocrx_word' id='word_1_471' title='bbox 2653 2494 2831 2551; x_wconf 88' lang='lat' dir='ltr'><strong>Porro</strong></span> <span class='ocrx_word' id='word_1_472' title='bbox 2860 2497 3054 2551; x_wconf 89' lang='lat' dir='ltr'><strong>iiducia</strong></span> <span class='ocrx_word' id='word_1_473' title='bbox 3088 2496 3355 2563; x_wconf 81' lang='lat' dir='ltr'><strong>ejusmodi</strong></span> <span class='ocrx_word' id='word_1_474' title='bbox 3382 2498 3481 2551; x_wconf 79' lang='lat' dir='ltr'><strong>viri</strong></span> 
     </span>
    </p>
   </div>
   <div class='ocr_carea' id='block_1_68' title="bbox 1892 2586 3483 2660">
    <p class='ocr_par' dir='ltr' id='par_1_68' title="bbox 1892 2586 3483 2660">
     <span class='ocr_line' id='line_1_68' title="bbox 1892 2586 3483 2660; baseline 0.002 -21"><span class='ocrx_word' id='word_1_475' title='bbox 1892 2601 2000 2639; x_wconf 83' lang='lat' dir='ltr'><strong>non</strong></span> <span class='ocrx_word' id='word_1_476' title='bbox 2032 2587 2204 2641; x_wconf 90' lang='lat' dir='ltr'><strong>solum</strong></span> <span class='ocrx_word' id='word_1_477' title='bbox 2253 2586 2415 2641; x_wconf 81' lang='lat' dir='ltr'><strong>laude</strong></span> <span class='ocrx_word' id='word_1_478' title='bbox 2472 2598 2526 2643; x_wconf 88' lang='lat' dir='ltr'><strong>et</strong></span> <span class='ocrx_word' id='word_1_479' title='bbox 2560 2589 2928 2644; x_wconf 78' lang='lat' dir='ltr'><strong>admiratione</strong></span> <span class='ocrx_word' id='word_1_480' title='bbox 3005 2599 3088 2645; x_wconf 90' lang='lat' dir='ltr'><strong>est</strong></span> <span class='ocrx_word' id='word_1_481' title='bbox 3121 2588 3307 2660; x_wconf 87' lang='lat' dir='ltr'><strong>digna,</strong></span> <span class='ocrx_word' id='word_1_482' title='bbox 3387 2590 3483 2643; x_wconf 78' lang='lat' dir='ltr'><strong>sed</strong></span> 
     </span>
    </p>
   </div>
   <div class='ocr_carea' id='block_1_69' title="bbox 1891 2682 3167 2752">
    <p class='ocr_par' dir='ltr' id='par_1_69' title="bbox 1891 2682 3167 2752">
     <span class='ocr_line' id='line_1_69' title="bbox 1891 2682 3167 2752; baseline 0.001 -16"><span class='ocrx_word' id='word_1_483' title='bbox 1891 2682 2055 2736; x_wconf 87' lang='lat' dir='ltr'><strong>etiam</strong></span> <span class='ocrx_word' id='word_1_484' title='bbox 2094 2682 2201 2736; x_wconf 88' lang='lat' dir='ltr'><strong>Deo</strong></span> <span class='ocrx_word' id='word_1_485' title='bbox 2234 2689 2458 2752; x_wconf 83' lang='lat' dir='ltr'><strong>accepta</strong></span> <span class='ocrx_word' id='word_1_486' title='bbox 2495 2688 2551 2736; x_wconf 87' lang='lat' dir='ltr'><strong>et</strong></span> <span class='ocrx_word' id='word_1_487' title='bbox 2580 2692 2770 2738; x_wconf 85' lang='lat' dir='ltr'><strong>sancta</strong></span> <span class='ocrx_word' id='word_1_488' title='bbox 2800 2682 3167 2739; x_wconf 76' lang='lat' dir='ltr'><strong>existimatur.</strong></span> 
     </span>
    </p>
   </div>
   <div class='ocr_carea' id='block_1_70' title="bbox 1963 2773 3485 2847">
    <p class='ocr_par' dir='ltr' id='par_1_70' title="bbox 1963 2773 3485 2847">
     <span class='ocr_line' id='line_1_70' title="bbox 1963 2773 3485 2847; baseline -0.001 -16"><span class='ocrx_word' id='word_1_489' title='bbox 1963 2773 2055 2831; x_wconf 67' lang='grc' dir='ltr'><strong>εἶθ.</strong></span> <span class='ocrx_word' id='word_1_490' title='bbox 2097 2773 2154 2830; x_wconf 90' lang='lat' dir='ltr'><strong>Si</strong></span> <span class='ocrx_word' id='word_1_491' title='bbox 2180 2775 2305 2845; x_wconf 85' lang='lat' dir='ltr'><strong>quis</strong></span> <span class='ocrx_word' id='word_1_492' title='bbox 2336 2786 2517 2832; x_wconf 82' lang='lat' dir='ltr'><strong>autem</strong></span> <span class='ocrx_word' id='word_1_493' title='bbox 2549 2791 2657 2831; x_wconf 88' lang='lat' dir='ltr'><strong>non</strong></span> <span class='ocrx_word' id='word_1_494' title='bbox 2684 2786 2721 2831; x_wconf 79' lang='lat' dir='ltr'><strong>‘a</strong></span> <span class='ocrx_word' id='word_1_495' title='bbox 2756 2777 2850 2832; x_wconf 88' lang='lat' dir='ltr'><strong>tali</strong></span> <span class='ocrx_word' id='word_1_496' title='bbox 2892 2786 3227 2847; x_wconf 69' lang='lat' dir='ltr'><strong>prmecptore</strong></span> <span class='ocrx_word' id='word_1_497' title='bbox 3247 2776 3302 2831; x_wconf 92' lang='lat' dir='ltr'><strong>in</strong></span> <span class='ocrx_word' id='word_1_498' title='bbox 3333 2785 3485 2832; x_wconf 87' lang='lat' dir='ltr'><strong>recto</strong></span> 
     </span>
    </p>
   </div>
   <div class='ocr_carea' id='block_1_71' title="bbox 1889 2867 3481 2938">
    <p class='ocr_par' dir='ltr' id='par_1_71' title="bbox 1889 2867 3481 2938">
     <span class='ocr_line' id='line_1_71' title="bbox 1889 2867 3481 2938; baseline 0 -15"><span class='ocrx_word' id='word_1_499' title='bbox 1889 2868 2210 2934; x_wconf 87' lang='lat' dir='ltr'><strong>collocatur,</strong></span> <span class='ocrx_word' id='word_1_500' title='bbox 2245 2869 2342 2924; x_wconf 86' lang='lat' dir='ltr'><strong>sed</strong></span> <span class='ocrx_word' id='word_1_501' title='bbox 2365 2870 2421 2924; x_wconf 82' lang='lat' dir='ltr'><strong>iii</strong></span> <span class='ocrx_word' id='word_1_502' title='bbox 2454 2872 2587 2925; x_wconf 87' lang='lat' dir='ltr'><strong>orbe</strong></span> <span class='ocrx_word' id='word_1_503' title='bbox 2622 2867 2864 2924; x_wconf 79' lang='lat' dir='ltr'><strong>iustabiii</strong></span> <span class='ocrx_word' id='word_1_504' title='bbox 2906 2876 3070 2938; x_wconf 67' lang='lat' dir='ltr'><strong>atque</strong></span> <span class='ocrx_word' id='word_1_505' title='bbox 3095 2869 3481 2925; x_wconf 82' lang='lat' dir='ltr'><strong>rectitudineut</strong></span> 
     </span>
    </p>
   </div>
   <div class='ocr_carea' id='block_1_72' title="bbox 1891 2959 3481 3033">
    <p class='ocr_par' dir='ltr' id='par_1_72' title="bbox 1891 2959 3481 3033">
     <span class='ocr_line' id='line_1_72' title="bbox 1891 2959 3481 3033; baseline 0.001 -20"><span class='ocrx_word' id='word_1_506' title='bbox 1891 2969 2259 3029; x_wconf 84' lang='lat' dir='ltr'><strong>pervertente,</strong></span> <span class='ocrx_word' id='word_1_507' title='bbox 2299 2960 2373 3015; x_wconf 90' lang='lat' dir='ltr'><strong>ita</strong></span> <span class='ocrx_word' id='word_1_508' title='bbox 2406 2971 2463 3015; x_wconf 92' lang='lat' dir='ltr'><strong>ut</strong></span> <span class='ocrx_word' id='word_1_509' title='bbox 2495 2977 2603 3015; x_wconf 92' lang='lat' dir='ltr'><strong>non</strong></span> <span class='ocrx_word' id='word_1_510' title='bbox 2636 2962 2707 3017; x_wconf 90' lang='lat' dir='ltr'><strong>sit</strong></span> <span class='ocrx_word' id='word_1_511' title='bbox 2735 2959 3237 3033; x_wconf 85' lang='lat' dir='ltr'><strong>irreprebensibilis</strong></span> <span class='ocrx_word' id='word_1_512' title='bbox 3281 2961 3335 3015; x_wconf 92' lang='lat' dir='ltr'><strong>in</strong></span> <span class='ocrx_word' id='word_1_513' title='bbox 3398 2962 3481 3014; x_wconf 76' lang='lat' dir='ltr'><strong>vis</strong></span> 
     </span>
    </p>
   </div>
   <div class='ocr_carea' id='block_1_73' title="bbox 1893 3052 3483 3124">
    <p class='ocr_par' dir='ltr' id='par_1_73' title="bbox 1893 3052 3483 3124">
     <span class='ocr_line' id='line_1_73' title="bbox 1893 3052 3483 3124; baseline 0.001 -18"><span class='ocrx_word' id='word_1_514' title='bbox 1893 3052 2126 3118; x_wconf 89' lang='lat' dir='ltr'><strong>Domini,</strong></span> <span class='ocrx_word' id='word_1_515' title='bbox 2158 3069 2255 3109; x_wconf 86' lang='lat' dir='ltr'><strong>seu</strong></span> <span class='ocrx_word' id='word_1_516' title='bbox 2305 3054 2485 3123; x_wconf 80' lang='lat' dir='ltr'><strong>potius</strong></span> <span class='ocrx_word' id='word_1_517' title='bbox 2523 3055 2592 3111; x_wconf 83' lang='lat' dir='ltr'><strong>ab</strong></span> <span class='ocrx_word' id='word_1_518' title='bbox 2637 3069 2703 3108; x_wconf 86' lang='lat' dir='ltr'><strong>eo</strong></span> <span class='ocrx_word' id='word_1_519' title='bbox 2743 3055 2836 3124; x_wconf 86' lang='lat' dir='ltr'><strong>qui</strong></span> <span class='ocrx_word' id='word_1_520' title='bbox 2901 3055 2954 3110; x_wconf 92' lang='lat' dir='ltr'><strong>in</strong></span> <span class='ocrx_word' id='word_1_521' title='bbox 3037 3069 3257 3110; x_wconf 88' lang='lat' dir='ltr'><strong>summo</strong></span> <span class='ocrx_word' id='word_1_522' title='bbox 3297 3054 3483 3122; x_wconf 72' lang='lat' dir='ltr'><strong>glnria:</strong></span> 
     </span>
    </p>
   </div>
   <div class='ocr_carea' id='block_1_74' title="bbox 1890 3145 3482 3215">
    <p class='ocr_par' dir='ltr' id='par_1_74' title="bbox 1890 3145 3482 3215">
     <span class='ocr_line' id='line_1_74' title="bbox 1890 3145 3482 3215; baseline 0.004 -17"><span class='ocrx_word' id='word_1_523' title='bbox 1890 3145 2091 3200; x_wconf 85' lang='lat' dir='ltr'><strong>tltrono</strong></span> <span class='ocrx_word' id='word_1_524' title='bbox 2113 3146 2288 3213; x_wconf 91' lang='lat' dir='ltr'><strong>sedet,</strong></span> <span class='ocrx_word' id='word_1_525' title='bbox 2317 3156 2603 3201; x_wconf 72' lang='lat' dir='ltr'><strong>avcrlatur</strong></span> <span class='ocrx_word' id='word_1_526' title='bbox 2618 3157 2669 3201; x_wconf 89' lang='lat' dir='ltr'><strong>ct</strong></span> <span class='ocrx_word' id='word_1_527' title='bbox 2698 3160 2949 3215; x_wconf 79' lang='lat' dir='ltr'><strong>perversa</strong></span> <span class='ocrx_word' id='word_1_528' title='bbox 2971 3146 3165 3203; x_wconf 85' lang='lat' dir='ltr'><strong>liducia</strong></span> <span class='ocrx_word' id='word_1_529' title='bbox 3186 3147 3482 3204; x_wconf 84' lang='lat' dir='ltr'><strong>innitatur:</strong></span> 
     </span>
    </p>
   </div>
   <div class='ocr_carea' id='block_1_75' title="bbox 1892 3232 3480 3309">
    <p class='ocr_par' dir='ltr' id='par_1_75' title="bbox 1892 3232 3480 3309">
     <span class='ocr_line' id='line_1_75' title="bbox 1892 3232 3480 3309; baseline 0.003 -19"><span class='ocrx_word' id='word_1_530' title='bbox 1892 3238 1957 3302; x_wconf 87' lang='lat' dir='ltr'><strong>is,</strong></span> <span class='ocrx_word' id='word_1_531' title='bbox 1988 3238 2248 3308; x_wconf 89' lang='lat' dir='ltr'><strong>quoniam</strong></span> <span class='ocrx_word' id='word_1_532' title='bbox 2275 3252 2457 3309; x_wconf 88' lang='lat' dir='ltr'><strong>neque</strong></span> <span class='ocrx_word' id='word_1_533' title='bbox 2487 3238 2580 3293; x_wconf 92' lang='lat' dir='ltr'><strong>Dei</strong></span> <span class='ocrx_word' id='word_1_534' title='bbox 2626 3253 2815 3295; x_wconf 86' lang='lat' dir='ltr'><strong>amore</strong></span> <span class='ocrx_word' id='word_1_535' title='bbox 2857 3253 3037 3309; x_wconf 86' lang='lat' dir='ltr'><strong>neque</strong></span> <span class='ocrx_word' id='word_1_536' title='bbox 3060 3232 3345 3308; x_wconf 85' lang='lat' dir='ltr'><strong>prudentia</strong></span> <span class='ocrx_word' id='word_1_537' title='bbox 3373 3241 3480 3296; x_wconf 62' lang='lat' dir='ltr'><strong>im:-</strong></span> 
     </span>
    </p>
   </div>
   <div class='ocr_carea' id='block_1_76' title="bbox 1886 3332 3479 3404">
    <p class='ocr_par' dir='ltr' id='par_1_76' title="bbox 1886 3332 3479 3404">
     <span class='ocr_line' id='line_1_76' title="bbox 1886 3332 3479 3404; baseline 0.002 -17"><span class='ocrx_word' id='word_1_538' title='bbox 1886 3332 2091 3398; x_wconf 84' lang='lat' dir='ltr'><strong>buitur,</strong></span> <span class='ocrx_word' id='word_1_539' title='bbox 2126 3342 2204 3398; x_wconf 90' lang='lat' dir='ltr'><strong>et,</strong></span> <span class='ocrx_word' id='word_1_540' title='bbox 2228 3341 2287 3386; x_wconf 92' lang='lat' dir='ltr'><strong>ut</strong></span> <span class='ocrx_word' id='word_1_541' title='bbox 2319 3332 2559 3388; x_wconf 81' lang='lat' dir='ltr'><strong>breviter</strong></span> <span class='ocrx_word' id='word_1_542' title='bbox 2588 3333 2797 3398; x_wconf 86' lang='lat' dir='ltr'><strong>dicam,</strong></span> <span class='ocrx_word' id='word_1_543' title='bbox 2836 3333 3033 3389; x_wconf 72' lang='lat' dir='ltr'><strong>fiducia</strong></span> <span class='ocrx_word' id='word_1_544' title='bbox 3090 3349 3212 3404; x_wconf 69' lang='lat' dir='ltr'><strong>qum</strong></span> <span class='ocrx_word' id='word_1_545' title='bbox 3264 3335 3479 3390; x_wconf 78' lang='lat' dir='ltr'><strong>virtutis</strong></span> 
     </span>
    </p>
   </div>
   <div class='ocr_carea' id='block_1_77' title="bbox 1885 3424 3476 3490">
    <p class='ocr_par' dir='ltr' id='par_1_77' title="bbox 1885 3424 3476 3490">
     <span class='ocr_line' id='line_1_77' title="bbox 1885 3424 3476 3490; baseline 0.001 -11"><span class='ocrx_word' id='word_1_546' title='bbox 1885 3439 1950 3479; x_wconf 82' lang='lat' dir='ltr'><strong>ac</strong></span> <span class='ocrx_word' id='word_1_547' title='bbox 1976 3424 2221 3479; x_wconf 80' lang='lat' dir='ltr'><strong>veritatis</strong></span> <span class='ocrx_word' id='word_1_548' title='bbox 2243 3424 2456 3479; x_wconf 83' lang='lat' dir='ltr'><strong>fructus</strong></span> <span class='ocrx_word' id='word_1_549' title='bbox 2514 3433 2622 3490; x_wconf 88' lang='lat' dir='ltr'><strong>est,</strong></span> <span class='ocrx_word' id='word_1_550' title='bbox 2672 3424 2977 3479; x_wconf 89' lang='lat' dir='ltr'><strong>destitutus</strong></span> <span class='ocrx_word' id='word_1_551' title='bbox 3040 3424 3109 3479; x_wconf 89' lang='lat' dir='ltr'><strong>ad</strong></span> <span class='ocrx_word' id='word_1_552' title='bbox 3156 3425 3315 3480; x_wconf 84' lang='lat' dir='ltr'><strong>linem</strong></span> <span class='ocrx_word' id='word_1_553' title='bbox 3369 3442 3476 3481; x_wconf 85' lang='lat' dir='ltr'><strong>non</strong></span> 
     </span>
    </p>
   </div>
   <div class='ocr_carea' id='block_1_78' title="bbox 1885 3517 3475 3588">
    <p class='ocr_par' dir='ltr' id='par_1_78' title="bbox 1885 3517 3475 3588">
     <span class='ocr_line' id='line_1_78' title="bbox 1885 3517 3475 3588; baseline -0.001 -15"><span class='ocrx_word' id='word_1_554' title='bbox 1885 3517 2085 3573; x_wconf 84' lang='lat' dir='ltr'><strong>bonum</strong></span> <span class='ocrx_word' id='word_1_555' title='bbox 2117 3517 2291 3570; x_wconf 81' lang='lat' dir='ltr'><strong>tendit</strong></span> <span class='ocrx_word' id='word_1_556' title='bbox 2322 3524 2377 3570; x_wconf 90' lang='lat' dir='ltr'><strong>et</strong></span> <span class='ocrx_word' id='word_1_557' title='bbox 2405 3532 2602 3584; x_wconf 80' lang='lat' dir='ltr'><strong>magno</strong></span> <span class='ocrx_word' id='word_1_558' title='bbox 2625 3531 2751 3572; x_wconf 88' lang='lat' dir='ltr'><strong>cum</strong></span> <span class='ocrx_word' id='word_1_559' title='bbox 2796 3518 2999 3586; x_wconf 89' lang='lat' dir='ltr'><strong>impetu</strong></span> <span class='ocrx_word' id='word_1_560' title='bbox 3037 3531 3136 3588; x_wconf 81' lang='lat' dir='ltr'><strong>per</strong></span> <span class='ocrx_word' id='word_1_561' title='bbox 3170 3518 3475 3572; x_wconf 77' lang='lat' dir='ltr'><strong>doctrinam</strong></span> 
     </span>
    </p>
   </div>
   <div class='ocr_carea' id='block_1_79' title="bbox 1883 3603 3479 3678">
    <p class='ocr_par' dir='ltr' id='par_1_79' title="bbox 1883 3603 3479 3678">
     <span class='ocr_line' id='line_1_79' title="bbox 1883 3603 3479 3678; baseline 0.003 -21"><span class='ocrx_word' id='word_1_562' title='bbox 1883 3603 2216 3658; x_wconf 87' lang='lat' dir='ltr'><strong>multitudini</strong></span> <span class='ocrx_word' id='word_1_563' title='bbox 2261 3606 2535 3673; x_wconf 81' lang='lat' dir='ltr'><strong>propriam</strong></span> <span class='ocrx_word' id='word_1_564' title='bbox 2588 3606 2653 3659; x_wconf 85' lang='lat' dir='ltr'><strong>ad</strong></span> <span class='ocrx_word' id='word_1_565' title='bbox 2702 3606 3065 3677; x_wconf 78' lang='lat' dir='ltr'><strong>ignorantiam</strong></span> <span class='ocrx_word' id='word_1_566' title='bbox 3133 3608 3479 3678; x_wconf 73' lang='lat' dir='ltr'><strong>progreditur</strong></span> 
     </span>
    </p>
   </div>
   <div class='ocr_carea' id='block_1_80' title="bbox 1881 3697 3472 3769">
    <p class='ocr_par' dir='ltr' id='par_1_80' title="bbox 1881 3697 3472 3769">
     <span class='ocr_line' id='line_1_80' title="bbox 1881 3697 3472 3769; baseline 0.003 -18"><span class='ocrx_word' id='word_1_567' title='bbox 1881 3706 1937 3751; x_wconf 89' lang='lat' dir='ltr'><strong>et</strong></span> <span class='ocrx_word' id='word_1_568' title='bbox 1970 3710 2186 3751; x_wconf 88' lang='lat' dir='ltr'><strong>omnem</strong></span> <span class='ocrx_word' id='word_1_569' title='bbox 2210 3697 2394 3751; x_wconf 85' lang='lat' dir='ltr'><strong>l‘unetn</strong></span> <span class='ocrx_word' id='word_1_570' title='bbox 2451 3706 2649 3761; x_wconf 86' lang='lat' dir='ltr'><strong>movet,</strong></span> <span class='ocrx_word' id='word_1_571' title='bbox 2694 3706 2752 3751; x_wconf 93' lang='lat' dir='ltr'><strong>ut</strong></span> <span class='ocrx_word' id='word_1_572' title='bbox 2798 3698 2972 3768; x_wconf 81' lang='lat' dir='ltr'><strong>ipsius</strong></span> <span class='ocrx_word' id='word_1_573' title='bbox 3006 3698 3276 3769; x_wconf 81' lang='lat' dir='ltr'><strong>voluptati</strong></span> <span class='ocrx_word' id='word_1_574' title='bbox 3308 3702 3472 3755; x_wconf 83' lang='lat' dir='ltr'><strong>satis-</strong></span> 
     </span>
    </p>
   </div>
   <div class='ocr_carea' id='block_1_81' title="bbox 1884 3786 3475 3858">
    <p class='ocr_par' dir='ltr' id='par_1_81' title="bbox 1884 3786 3475 3858">
     <span class='ocr_line' id='line_1_81' title="bbox 1884 3786 3475 3858; baseline 0.003 -17"><span class='ocrx_word' id='word_1_575' title='bbox 1884 3786 2074 3851; x_wconf 80' lang='lat' dir='ltr'><strong>faciat,</strong></span> <span class='ocrx_word' id='word_1_576' title='bbox 2104 3787 2171 3851; x_wconf 89' lang='lat' dir='ltr'><strong>is,</strong></span> <span class='ocrx_word' id='word_1_577' title='bbox 2220 3789 2464 3858; x_wconf 86' lang='lat' dir='ltr'><strong>inquam,</strong></span> <span class='ocrx_word' id='word_1_578' title='bbox 2515 3789 2606 3843; x_wconf 82' lang='lat' dir='ltr'><strong>tali</strong></span> <span class='ocrx_word' id='word_1_579' title='bbox 2656 3788 2850 3844; x_wconf 79' lang='lat' dir='ltr'><strong>lidncia</strong></span> <span class='ocrx_word' id='word_1_580' title='bbox 2922 3788 3095 3846; x_wconf 79' lang='lat' dir='ltr'><strong>fretus</strong></span> <span class='ocrx_word' id='word_1_581' title='bbox 3173 3805 3203 3845; x_wconf 90' lang='lat' dir='ltr'><strong>a</strong></span> <span class='ocrx_word' id='word_1_582' title='bbox 3258 3791 3475 3845; x_wconf 81' lang='lat' dir='ltr'><strong>nemine</strong></span> 
     </span>
    </p>
   </div>
   <div class='ocr_carea' id='block_1_82' title="bbox 1881 3883 3471 3939">
    <p class='ocr_par' dir='ltr' id='par_1_82' title="bbox 1881 3883 3471 3939">
     <span class='ocr_line' id='line_1_82' title="bbox 1881 3883 3471 3939; baseline 0.003 -5"><span class='ocrx_word' id='word_1_583' title='bbox 1881 3892 2030 3935; x_wconf 89' lang='lat' dir='ltr'><strong>recte</strong></span> <span class='ocrx_word' id='word_1_584' title='bbox 2051 3883 2321 3937; x_wconf 88' lang='lat' dir='ltr'><strong>sentiente</strong></span> <span class='ocrx_word' id='word_1_585' title='bbox 2345 3890 2436 3936; x_wconf 77' lang='lat' dir='ltr'><strong>aut</strong></span> <span class='ocrx_word' id='word_1_586' title='bbox 2469 3886 2604 3938; x_wconf 85' lang='lat' dir='ltr'><strong>bene</strong></span> <span class='ocrx_word' id='word_1_587' title='bbox 2646 3883 2917 3939; x_wconf 90' lang='lat' dir='ltr'><strong>instructo</strong></span> <span class='ocrx_word' id='word_1_588' title='bbox 2970 3883 3157 3938; x_wconf 75' lang='lat' dir='ltr'><strong>virtuti</strong></span> <span class='ocrx_word' id='word_1_589' title='bbox 3207 3885 3471 3939; x_wconf 85' lang='lat' dir='ltr'><strong>conveni-</strong></span> 
     </span>
    </p>
   </div>
   <div class='ocr_carea' id='block_1_83' title="bbox 1879 3973 3467 4045">
    <p class='ocr_par' dir='ltr' id='par_1_83' title="bbox 1879 3973 3467 4045">
     <span class='ocr_line' id='line_1_83' title="bbox 1879 3973 3467 4045; baseline 0.003 -18"><span class='ocrx_word' id='word_1_590' title='bbox 1879 3983 2038 4027; x_wconf 84' lang='lat' dir='ltr'><strong>enter</strong></span> <span class='ocrx_word' id='word_1_591' title='bbox 2085 3973 2385 4043; x_wconf 85' lang='lat' dir='ltr'><strong>dispositus</strong></span> <span class='ocrx_word' id='word_1_592' title='bbox 2434 3989 2557 4029; x_wconf 82' lang='lat' dir='ltr'><strong>esse</strong></span> <span class='ocrx_word' id='word_1_593' title='bbox 2590 3975 2824 4031; x_wconf 88' lang='lat' dir='ltr'><strong>dicetur.</strong></span> <span class='ocrx_word' id='word_1_594' title='bbox 2865 3975 2906 4030; x_wconf 87' lang='lat' dir='ltr'><strong>E</strong></span> <span class='ocrx_word' id='word_1_595' title='bbox 2943 3976 3087 4032; x_wconf 81' lang='lat' dir='ltr'><strong>malo</strong></span> <span class='ocrx_word' id='word_1_596' title='bbox 3138 3976 3284 4033; x_wconf 82' lang='lat' dir='ltr'><strong>enim</strong></span> <span class='ocrx_word' id='word_1_597' title='bbox 3311 3977 3467 4045; x_wconf 85' lang='lat' dir='ltr'><strong>prin-</strong></span> 
     </span>
    </p>
   </div>
   <div class='ocr_carea' id='block_1_84' title="bbox 1879 4066 3014 4140">
    <p class='ocr_par' dir='ltr' id='par_1_84' title="bbox 1879 4066 3014 4140">
     <span class='ocr_line' id='line_1_84' title="bbox 1879 4066 3014 4140; baseline 0.004 -20"><span class='ocrx_word' id='word_1_598' title='bbox 1879 4067 2022 4134; x_wconf 89' lang='lat' dir='ltr'><strong>cipio</strong></span> <span class='ocrx_word' id='word_1_599' title='bbox 2069 4066 2246 4122; x_wconf 85' lang='lat' dir='ltr'><strong>bonus</strong></span> <span class='ocrx_word' id='word_1_600' title='bbox 2269 4068 2392 4122; x_wconf 80' lang='lat' dir='ltr'><strong>linis</strong></span> <span class='ocrx_word' id='word_1_601' title='bbox 2452 4080 2751 4140; x_wconf 72' lang='lat' dir='ltr'><strong>exsurgere</strong></span> <span class='ocrx_word' id='word_1_602' title='bbox 2805 4068 3014 4139; x_wconf 80' lang='lat' dir='ltr'><strong>nequit.</strong></span> 
     </span>
    </p>
   </div>
   <div class='ocr_carea' id='block_1_85' title="bbox 1950 4246 3469 4317">
    <p class='ocr_par' dir='ltr' id='par_1_85' title="bbox 1950 4246 3469 4317">
     <span class='ocr_line' id='line_1_85' title="bbox 1950 4246 3469 4317; baseline 0.001 -16"><span class='ocrx_word' id='word_1_603' title='bbox 1950 4246 2039 4302; x_wconf 84' lang='lat' dir='ltr'><strong>(i7.</strong></span> <span class='ocrx_word' id='word_1_604' title='bbox 2074 4246 2300 4302; x_wconf 84' lang='lat' dir='ltr'><strong>Etiamsi</strong></span> <span class='ocrx_word' id='word_1_605' title='bbox 2333 4261 2464 4302; x_wconf 84' lang='lat' dir='ltr'><strong>vero</strong></span> <span class='ocrx_word' id='word_1_606' title='bbox 2495 4247 2617 4317; x_wconf 89' lang='lat' dir='ltr'><strong>quis</strong></span> <span class='ocrx_word' id='word_1_607' title='bbox 2660 4248 2717 4302; x_wconf 92' lang='lat' dir='ltr'><strong>in</strong></span> <span class='ocrx_word' id='word_1_608' title='bbox 2778 4249 3198 4304; x_wconf 69' lang='lat' dir='ltr'><strong>conversatione</strong></span> <span class='ocrx_word' id='word_1_609' title='bbox 3246 4250 3469 4303; x_wconf 84' lang='lat' dir='ltr'><strong>menda-</strong></span> 
     </span>
    </p>
   </div>
   <div class='ocr_carea' id='block_1_86' title="bbox 1879 4338 3465 4409">
    <p class='ocr_par' dir='ltr' id='par_1_86' title="bbox 1879 4338 3465 4409">
     <span class='ocr_line' id='line_1_86' title="bbox 1879 4338 3465 4409; baseline -0.003 -15"><span class='ocrx_word' id='word_1_610' title='bbox 1879 4338 2022 4394; x_wconf 88' lang='lat' dir='ltr'><strong>cium</strong></span> <span class='ocrx_word' id='word_1_611' title='bbox 2053 4338 2342 4409; x_wconf 85' lang='lat' dir='ltr'><strong>prol&#39;erens</strong></span> <span class='ocrx_word' id='word_1_612' title='bbox 2372 4341 2659 4395; x_wconf 82' lang='lat' dir='ltr'><strong>veritatem</strong></span> <span class='ocrx_word' id='word_1_613' title='bbox 2718 4339 3186 4395; x_wconf 89' lang='lat' dir='ltr'><strong>snbintroduccre</strong></span> <span class='ocrx_word' id='word_1_614' title='bbox 3226 4341 3465 4404; x_wconf 81' lang='lat' dir='ltr'><strong>videtur,</strong></span> 
     </span>
    </p>
   </div>
   <div class='ocr_carea' id='block_1_87' title="bbox 1878 4428 3470 4501">
    <p class='ocr_par' dir='ltr' id='par_1_87' title="bbox 1878 4428 3470 4501">
     <span class='ocr_line' id='line_1_87' title="bbox 1878 4428 3470 4501; baseline 0.001 -19"><span class='ocrx_word' id='word_1_615' title='bbox 1878 4428 2009 4483; x_wconf 88' lang='lat' dir='ltr'><strong>illud</strong></span> <span class='ocrx_word' id='word_1_616' title='bbox 2044 4438 2225 4484; x_wconf 90' lang='lat' dir='ltr'><strong>tamen</strong></span> <span class='ocrx_word' id='word_1_617' title='bbox 2257 4431 2400 4501; x_wconf 90' lang='lat' dir='ltr'><strong>quod</strong></span> <span class='ocrx_word' id='word_1_618' title='bbox 2428 4443 2684 4500; x_wconf 86' lang='lat' dir='ltr'><strong>perverse</strong></span> <span class='ocrx_word' id='word_1_619' title='bbox 2733 4428 3043 4494; x_wconf 87' lang='lat' dir='ltr'><strong>disseritur,</strong></span> <span class='ocrx_word' id='word_1_620' title='bbox 3092 4430 3279 4484; x_wconf 87' lang='lat' dir='ltr'><strong>nescio</strong></span> <span class='ocrx_word' id='word_1_621' title='bbox 3331 4445 3470 4495; x_wconf 83' lang='lat' dir='ltr'><strong>quo-</strong></span> 
     </span>
    </p>
   </div>
   <div class='ocr_carea' id='block_1_88' title="bbox 1879 4518 3465 4589">
    <p class='ocr_par' dir='ltr' id='par_1_88' title="bbox 1879 4518 3465 4589">
     <span class='ocr_line' id='line_1_88' title="bbox 1879 4518 3465 4589; baseline -0.002 -14"><span class='ocrx_word' id='word_1_622' title='bbox 1879 4520 2043 4577; x_wconf 89' lang='lat' dir='ltr'><strong>modo</strong></span> <span class='ocrx_word' id='word_1_623' title='bbox 2066 4521 2121 4575; x_wconf 94' lang='lat' dir='ltr'><strong>in</strong></span> <span class='ocrx_word' id='word_1_624' title='bbox 2160 4522 2395 4578; x_wconf 89' lang='lat' dir='ltr'><strong>salutem</strong></span> <span class='ocrx_word' id='word_1_625' title='bbox 2446 4525 2643 4577; x_wconf 87' lang='lat' dir='ltr'><strong>cedere</strong></span> <span class='ocrx_word' id='word_1_626' title='bbox 2699 4520 2890 4589; x_wconf 87' lang='lat' dir='ltr'><strong>possit.</strong></span> <span class='ocrx_word' id='word_1_627' title='bbox 2939 4518 3230 4575; x_wconf 73' lang='lat' dir='ltr'><strong>Manifesto</strong></span> <span class='ocrx_word' id='word_1_628' title='bbox 3283 4530 3465 4574; x_wconf 78' lang='lat' dir='ltr'><strong>autem</strong></span> 
     </span>
    </p>
   </div>
   <div class='ocr_carea' id='block_1_89' title="bbox 228 4610 1779 4698">
    <p class='ocr_par' dir='ltr' id='par_1_89' title="bbox 228 4623 1768 4697">
     <span class='ocr_line' id='line_1_89' title="bbox 228 4623 1768 4697; baseline 0.003 -20"><span class='ocrx_word' id='word_1_629' title='bbox 228 4642 275 4677; x_wconf 81' lang='grc' dir='ltr'><strong>τε</strong></span> <span class='ocrx_word' id='word_1_630' title='bbox 296 4627 420 4697; x_wconf 68' lang='grc' dir='ltr'><strong>ἀρχῇ</strong></span> <span class='ocrx_word' id='word_1_631' title='bbox 452 4626 769 4697; x_wconf 77' lang='grc' dir='ltr'>πεισθῆναι,</span> <span class='ocrx_word' id='word_1_632' title='bbox 805 4625 901 4679; x_wconf 79' lang='grc' dir='ltr'>καὶ</span> <span class='ocrx_word' id='word_1_633' title='bbox 930 4623 1054 4678; x_wconf 84' lang='grc' dir='ltr'>κατ’</span> <span class='ocrx_word' id='word_1_634' title='bbox 1086 4624 1306 4694; x_wconf 78' lang='grc' dir='ltr'>ἐκείνην</span> <span class='ocrx_word' id='word_1_635' title='bbox 1356 4624 1768 4697; x_wconf 81' lang='grc' dir='ltr'>στρεὸλωθῆναι</span> 
     </span>
    </p>
   </div>
   <div class='ocr_carea' id='block_1_90' title="bbox 1891 4610 3471 4698">
    <p class='ocr_par' dir='ltr' id='par_1_90' title="bbox 1891 4610 3471 4680">
     <span class='ocr_line' id='line_1_90' title="bbox 1891 4610 3471 4680; baseline -0.003 -12"><span class='ocrx_word' id='word_1_636' title='bbox 1891 4614 1944 4669; x_wconf 81' lang='lat' dir='ltr'><strong>td</strong></span> <span class='ocrx_word' id='word_1_637' title='bbox 1983 4615 2124 4668; x_wconf 88' lang='lat' dir='ltr'><strong>idem</strong></span> <span class='ocrx_word' id='word_1_638' title='bbox 2157 4613 2360 4668; x_wconf 88' lang='lat' dir='ltr'><strong>malum</strong></span> <span class='ocrx_word' id='word_1_639' title='bbox 2397 4613 2560 4677; x_wconf 85' lang='lat' dir='ltr'><strong>redit,</strong></span> <span class='ocrx_word' id='word_1_640' title='bbox 2611 4615 2706 4666; x_wconf 87' lang='lat' dir='ltr'><strong>au‘t</strong></span> <span class='ocrx_word' id='word_1_641' title='bbox 2735 4610 3006 4680; x_wconf 88' lang='lat' dir='ltr'><strong>principio</strong></span> <span class='ocrx_word' id='word_1_642' title='bbox 3070 4624 3335 4680; x_wconf 83' lang='lat' dir='ltr'><strong>perverso</strong></span> <span class='ocrx_word' id='word_1_643' title='bbox 3391 4611 3471 4663; x_wconf 83' lang='lat' dir='ltr'><strong>in-</strong></span> 
     </span>
    </p>
   </div>
   <div class='ocr_carea' id='block_1_91' title="bbox 227 4715 1773 4789">
    <p class='ocr_par' dir='ltr' id='par_1_91' title="bbox 227 4715 1773 4789">
     <span class='ocr_line' id='line_1_91' title="bbox 227 4715 1773 4789; baseline 0.001 -20"><span class='ocrx_word' id='word_1_644' title='bbox 227 4717 291 4780; x_wconf 81' lang='grc' dir='ltr'><strong>είς</strong></span> <span class='ocrx_word' id='word_1_645' title='bbox 317 4719 375 4771; x_wconf 66' lang='lat' dir='ltr'><strong>sit</strong></span> <span class='ocrx_word' id='word_1_646' title='bbox 407 4719 531 4787; x_wconf 74' lang='grc' dir='ltr'><strong>ἑξῆς</strong></span> <span class='ocrx_word' id='word_1_647' title='bbox 565 4718 713 4789; x_wconf 82' lang='grc' dir='ltr'>λόγῳ</span> <span class='ocrx_word' id='word_1_648' title='bbox 750 4717 1056 4787; x_wconf 80' lang='grc' dir='ltr'>ὑποταγῆς,</span> <span class='ocrx_word' id='word_1_649' title='bbox 1082 4718 1176 4770; x_wconf 74' lang='grc' dir='ltr'>καὶ</span> <span class='ocrx_word' id='word_1_650' title='bbox 1216 4715 1433 4769; x_wconf 79' lang='grc' dir='ltr'>οἴκοθεν</span> <span class='ocrx_word' id='word_1_651' title='bbox 1464 4719 1773 4786; x_wconf 85' lang='grc' dir='ltr'>παρεκνεῦ-</span> 
     </span>
    </p>
   </div>
   <div class='ocr_carea' id='block_1_92' title="bbox 229 4808 1770 4881">
    <p class='ocr_par' dir='ltr' id='par_1_92' title="bbox 229 4808 1770 4881">
     <span class='ocr_line' id='line_1_92' title="bbox 229 4808 1770 4881; baseline 0.001 -21"><span class='ocrx_word' id='word_1_652' title='bbox 229 4813 404 4880; x_wconf 60' lang='lat' dir='ltr'><strong>nisi};</strong></span> <span class='ocrx_word' id='word_1_653' title='bbox 421 4810 609 4881; x_wconf 76' lang='grc' dir='ltr'>ὀρθῆς,</span> <span class='ocrx_word' id='word_1_654' title='bbox 650 4811 784 4863; x_wconf 83' lang='grc' dir='ltr'>ὅπου</span> <span class='ocrx_word' id='word_1_655' title='bbox 812 4810 862 4863; x_wconf 84' lang='lat' dir='ltr'><strong>oi</strong></span> <span class='ocrx_word' id='word_1_656' title='bbox 896 4808 1172 4879; x_wconf 74' lang='grc' dir='ltr'>ἀλιτήριοι</span> <span class='ocrx_word' id='word_1_657' title='bbox 1199 4809 1293 4862; x_wconf 69' lang='grc' dir='ltr'>καὶ</span> <span class='ocrx_word' id='word_1_658' title='bbox 1330 4812 1474 4863; x_wconf 73' lang='grc' dir='ltr'>κατὰ</span> <span class='ocrx_word' id='word_1_659' title='bbox 1501 4808 1605 4879; x_wconf 85' lang='grc' dir='ltr'>τῆς</span> <span class='ocrx_word' id='word_1_660' title='bbox 1636 4810 1770 4880; x_wconf 76' lang='grc' dir='ltr'>ἁρε-</span> 
     </span>
    </p>
   </div>
   <div class='ocr_carea' id='block_1_93' title="bbox 226 4899 1768 4973">
    <p class='ocr_par' dir='ltr' id='par_1_93' title="bbox 226 4899 1768 4973">
     <span class='ocr_line' id='line_1_93' title="bbox 226 4899 1768 4973; baseline 0.001 -20"><span class='ocrx_word' id='word_1_661' title='bbox 226 4901 306 4969; x_wconf 78' lang='grc' dir='ltr'>τῆς</span> <span class='ocrx_word' id='word_1_662' title='bbox 321 4902 696 4973; x_wconf 74' lang='grc' dir='ltr'>αἱρετίζοντες,</span> <span class='ocrx_word' id='word_1_663' title='bbox 731 4900 781 4954; x_wconf 76' lang='grc' dir='ltr'>οἳ</span> <span class='ocrx_word' id='word_1_664' title='bbox 815 4901 912 4955; x_wconf 74' lang='grc' dir='ltr'>καὶ</span> <span class='ocrx_word' id='word_1_665' title='bbox 932 4901 1090 4954; x_wconf 75' lang='grc' dir='ltr'>αὐτοὶ</span> <span class='ocrx_word' id='word_1_666' title='bbox 1131 4900 1446 4970; x_wconf 85' lang='grc' dir='ltr'>δαιμονίαις</span> <span class='ocrx_word' id='word_1_667' title='bbox 1472 4899 1768 4972; x_wconf 78' lang='grc' dir='ltr'>προθέσεσι</span> 
     </span>
    </p>
   </div>
   <div class='ocr_carea' id='block_1_94' title="bbox 225 4992 1770 5062">
    <p class='ocr_par' dir='ltr' id='par_1_94' title="bbox 225 4992 1770 5062">
     <span class='ocr_line' id='line_1_94' title="bbox 225 4992 1770 5062; baseline 0.001 -17"><span class='ocrx_word' id='word_1_668' title='bbox 225 4993 613 5057; x_wconf 76' lang='grc' dir='ltr'>καθυπείκοντες</span> <span class='ocrx_word' id='word_1_669' title='bbox 642 4992 926 5046; x_wconf 85' lang='grc' dir='ltr'>πείθονται</span> <span class='ocrx_word' id='word_1_670' title='bbox 956 4993 1037 5056; x_wconf 84' lang='grc' dir='ltr'><strong>είς</strong></span> <span class='ocrx_word' id='word_1_671' title='bbox 1062 4992 1252 5047; x_wconf 76' lang='grc' dir='ltr'>κακόν.</span> <span class='ocrx_word' id='word_1_672' title='bbox 1306 4992 1430 5045; x_wconf 84' lang='grc' dir='ltr'><strong>Ὀτι</strong></span> <span class='ocrx_word' id='word_1_673' title='bbox 1461 4994 1518 5046; x_wconf 83' lang='grc' dir='ltr'>δὲ</span> <span class='ocrx_word' id='word_1_674' title='bbox 1557 4994 1637 5057; x_wconf 80' lang='grc' dir='ltr'>εἰς</span> <span class='ocrx_word' id='word_1_675' title='bbox 1664 5010 1770 5062; x_wconf 86' lang='grc' dir='ltr'>γα·-</span> 
     </span>
    </p>
   </div>
   <div class='ocr_carea' id='block_1_95' title="bbox 224 5084 1771 5159">
    <p class='ocr_par' dir='ltr' id='par_1_95' title="bbox 224 5084 1771 5159">
     <span class='ocr_line' id='line_1_95' title="bbox 224 5084 1771 5159; baseline 0.001 -21"><span class='ocrx_word' id='word_1_676' title='bbox 224 5085 363 5156; x_wconf 74' lang='grc' dir='ltr'>λήνην</span> <span class='ocrx_word' id='word_1_677' title='bbox 389 5089 654 5159; x_wconf 81' lang='grc' dir='ltr'>σωτήριον</span> <span class='ocrx_word' id='word_1_678' title='bbox 697 5084 1026 5157; x_wconf 75' lang='grc' dir='ltr'>καθορμίζει</span> <span class='ocrx_word' id='word_1_679' title='bbox 1064 5086 1268 5147; x_wconf 78' lang='grc' dir='ltr'>τοὺςὲν</span> <span class='ocrx_word' id='word_1_680' title='bbox 1300 5085 1401 5157; x_wconf 80' lang='grc' dir='ltr'><strong>βίῳ</strong></span> <span class='ocrx_word' id='word_1_681' title='bbox 1442 5086 1771 5151; x_wconf 82' lang='grc' dir='ltr'>σαλεύοντας</span> 
     </span>
    </p>
   </div>
   <div class='ocr_carea' id='block_1_96' title="bbox 223 5176 1765 5250">
    <p class='ocr_par' dir='ltr' id='par_1_96' title="bbox 223 5176 1765 5250">
     <span class='ocr_line' id='line_1_96' title="bbox 223 5176 1765 5250; baseline 0.001 -21"><span class='ocrx_word' id='word_1_682' title='bbox 223 5177 272 5230; x_wconf 76' lang='grc' dir='ltr'>τὸ</span> <span class='ocrx_word' id='word_1_683' title='bbox 296 5180 519 5247; x_wconf 81' lang='grc' dir='ltr'>θεοφιλὲς</span> <span class='ocrx_word' id='word_1_684' title='bbox 545 5182 756 5246; x_wconf 84' lang='grc' dir='ltr'>πεῖσμα</span> <span class='ocrx_word' id='word_1_685' title='bbox 776 5178 903 5242; x_wconf 82' lang='grc' dir='ltr'>τοὺς</span> <span class='ocrx_word' id='word_1_686' title='bbox 936 5176 1071 5231; x_wconf 83' lang='grc' dir='ltr'>αύτδ</span> <span class='ocrx_word' id='word_1_687' title='bbox 1106 5177 1354 5249; x_wconf 77' lang='grc' dir='ltr'>ἔχοντας,</span> <span class='ocrx_word' id='word_1_688' title='bbox 1386 5179 1479 5231; x_wconf 75' lang='grc' dir='ltr'>καὶ</span> <span class='ocrx_word' id='word_1_689' title='bbox 1510 5180 1541 5249; x_wconf 79' lang='grc' dir='ltr'>ἡ</span> <span class='ocrx_word' id='word_1_690' title='bbox 1572 5176 1765 5250; x_wconf 84' lang='grc' dir='ltr'>πρώτη</span> 
     </span>
    </p>
   </div>
   <div class='ocr_carea' id='block_1_97' title="bbox 223 5269 1768 5345">
    <p class='ocr_par' dir='ltr' id='par_1_97' title="bbox 223 5269 1768 5345">
     <span class='ocr_line' id='line_1_97' title="bbox 223 5269 1768 5345; baseline 0.001 -23"><span class='ocrx_word' id='word_1_691' title='bbox 223 5269 413 5345; x_wconf 73' lang='grc' dir='ltr'>λεκτικὴ</span> <span class='ocrx_word' id='word_1_692' title='bbox 442 5272 589 5334; x_wconf 84' lang='grc' dir='ltr'>θέσις</span> <span class='ocrx_word' id='word_1_693' title='bbox 620 5269 786 5326; x_wconf 81' lang='grc' dir='ltr'>αὐτοῦ</span> <span class='ocrx_word' id='word_1_694' title='bbox 829 5270 1076 5324; x_wconf 79' lang='grc' dir='ltr'>δείκνυσι</span> <span class='ocrx_word' id='word_1_695' title='bbox 1098 5286 1114 5302; x_wconf 80' lang='lat'><strong>&#39;</strong></span> <span class='ocrx_word' id='word_1_696' title='bbox 1168 5269 1449 5335; x_wconf 86' lang='grc' dir='ltr'>πείσματα</span> <span class='ocrx_word' id='word_1_697' title='bbox 1482 5270 1591 5342; x_wconf 73' lang='grc' dir='ltr'>γὰρ</span> <span class='ocrx_word' id='word_1_698' title='bbox 1628 5271 1768 5323; x_wconf 83' lang='grc' dir='ltr'>εἰθί-</span> 
     </span>
    </p>
   </div>
   <div class='ocr_carea' id='block_1_98' title="bbox 223 5357 1765 5434">
    <p class='ocr_par' dir='ltr' id='par_1_98' title="bbox 223 5357 1765 5434">
     <span class='ocr_line' id='line_1_98' title="bbox 223 5357 1765 5434; baseline 0.001 -20"><span class='ocrx_word' id='word_1_699' title='bbox 223 5363 368 5429; x_wconf 85' lang='grc' dir='ltr'>σμεθα</span> <span class='ocrx_word' id='word_1_700' title='bbox 384 5365 558 5433; x_wconf 83' lang='grc' dir='ltr'>λέγειν</span> <span class='ocrx_word' id='word_1_701' title='bbox 584 5364 804 5431; x_wconf 72' lang='grc' dir='ltr'>σπάρτα</span> <span class='ocrx_word' id='word_1_702' title='bbox 826 5364 1079 5428; x_wconf 80' lang='grc' dir='ltr'>ναυτικὰ,</span> <span class='ocrx_word' id='word_1_703' title='bbox 1114 5357 1195 5426; x_wconf 77' lang='grc' dir='ltr'><strong>οἷς</strong></span> <span class='ocrx_word' id='word_1_704' title='bbox 1235 5362 1440 5434; x_wconf 74' lang='grc' dir='ltr'>δηλαδὴ</span> <span class='ocrx_word' id='word_1_705' title='bbox 1465 5361 1598 5425; x_wconf 89' lang='grc' dir='ltr'>ναῦς</span> <span class='ocrx_word' id='word_1_706' title='bbox 1622 5363 1765 5416; x_wconf 77' lang='grc' dir='ltr'>ἐλλι-</span> 
     </span>
    </p>
   </div>
   <div class='ocr_carea' id='block_1_99' title="bbox 224 5453 1762 5526">
    <p class='ocr_par' dir='ltr' id='par_1_99' title="bbox 224 5453 1762 5526">
     <span class='ocr_line' id='line_1_99' title="bbox 224 5453 1762 5526; baseline 0.002 -21"><span class='ocrx_word' id='word_1_707' title='bbox 224 5455 500 5521; x_wconf 80' lang='grc' dir='ltr'>μενισθεῖσα</span> <span class='ocrx_word' id='word_1_708' title='bbox 558 5455 830 5519; x_wconf 83' lang='grc' dir='ltr'>πείθεται,</span> <span class='ocrx_word' id='word_1_709' title='bbox 886 5456 962 5525; x_wconf 82' lang='grc' dir='ltr'>μὴ</span> <span class='ocrx_word' id='word_1_710' title='bbox 1012 5453 1289 5526; x_wconf 82' lang='grc' dir='ltr'>ἀφιεμὲνη</span> <span class='ocrx_word' id='word_1_711' title='bbox 1317 5453 1762 5519; x_wconf 85' lang='grc' dir='ltr'>διασαλεύεσθαι,</span> 
     </span>
    </p>
   </div>
   <div class='ocr_carea' id='block_1_100' title="bbox 222 5547 1763 5618">
    <p class='ocr_par' dir='ltr' id='par_1_100' title="bbox 222 5547 1763 5618">
     <span class='ocr_line' id='line_1_100' title="bbox 222 5547 1763 5618; baseline 0.001 -21"><span class='ocrx_word' id='word_1_712' title='bbox 222 5548 300 5597; x_wconf 65' lang='grc' dir='ltr'>καὶ</span> <span class='ocrx_word' id='word_1_713' title='bbox 330 5549 400 5610; x_wconf 76' lang='grc' dir='ltr'><strong>είς</strong></span> <span class='ocrx_word' id='word_1_714' title='bbox 426 5548 674 5601; x_wconf 78' lang='grc' dir='ltr'>κίνδυνον</span> <span class='ocrx_word' id='word_1_715' title='bbox 704 5547 1018 5612; x_wconf 75' lang='grc' dir='ltr'>κλύζεσθαι·</span> <span class='ocrx_word' id='word_1_716' title='bbox 1049 5548 1137 5602; x_wconf 81' lang='grc' dir='ltr'>ὅτε</span> <span class='ocrx_word' id='word_1_717' title='bbox 1170 5547 1267 5601; x_wconf 75' lang='grc' dir='ltr'>καὶ</span> <span class='ocrx_word' id='word_1_718' title='bbox 1319 5547 1470 5618; x_wconf 85' lang='grc' dir='ltr'>μένει</span> <span class='ocrx_word' id='word_1_719' title='bbox 1497 5547 1674 5602; x_wconf 74' lang='grc' dir='ltr'>ἐκεῖνο</span> <span class='ocrx_word' id='word_1_720' title='bbox 1702 5547 1763 5599; x_wconf 82' lang='grc' dir='ltr'>τὸ</span> 
     </span>
    </p>
   </div>
   <div class='ocr_carea' id='block_1_101' title="bbox 223 5640 1762 5713">
    <p class='ocr_par' dir='ltr' id='par_1_101' title="bbox 223 5640 1762 5713">
     <span class='ocr_line' id='line_1_101' title="bbox 223 5640 1762 5713; baseline 0.003 -21"><span class='ocrx_word' id='word_1_721' title='bbox 223 5640 397 5708; x_wconf 69' lang='grc' dir='ltr'>σκάφος</span> <span class='ocrx_word' id='word_1_722' title='bbox 426 5643 632 5712; x_wconf 72' lang='grc' dir='ltr'>ἡρεμον</span> <span class='ocrx_word' id='word_1_723' title='bbox 665 5642 757 5695; x_wconf 73' lang='grc' dir='ltr'><strong>ἐπὶ</strong></span> <span class='ocrx_word' id='word_1_724' title='bbox 796 5643 864 5713; x_wconf 77' lang='grc' dir='ltr'>τῇ</span> <span class='ocrx_word' id='word_1_725' title='bbox 890 5641 1138 5713; x_wconf 77' lang='grc' dir='ltr'>σωτηρίᾳ</span> <span class='ocrx_word' id='word_1_726' title='bbox 1174 5640 1373 5694; x_wconf 83' lang='grc' dir='ltr'>ἑαυτοῦ</span> <span class='ocrx_word' id='word_1_727' title='bbox 1402 5657 1461 5693; x_wconf 90' lang='grc' dir='ltr'><strong>τε</strong></span> <span class='ocrx_word' id='word_1_728' title='bbox 1518 5640 1612 5694; x_wconf 74' lang='grc' dir='ltr'><strong>καὶ</strong></span> <span class='ocrx_word' id='word_1_729' title='bbox 1651 5640 1762 5695; x_wconf 82' lang='grc' dir='ltr'><strong>τῶν</strong></span> 
     </span>
    </p>
   </div>
   <div class='ocr_carea' id='block_1_102' title="bbox 219 5730 1760 5805">
    <p class='ocr_par' dir='ltr' id='par_1_102' title="bbox 219 5730 1760 5805">
     <span class='ocr_line' id='line_1_102' title="bbox 219 5730 1760 5805; baseline 0.005 -24"><span class='ocrx_word' id='word_1_730' title='bbox 219 5730 444 5802; x_wconf 79' lang='grc' dir='ltr'>ὲμπλέειν</span> <span class='ocrx_word' id='word_1_731' title='bbox 471 5735 767 5805; x_wconf 80' lang='grc' dir='ltr'>λαχόντων.</span> <span class='ocrx_word' id='word_1_732' title='bbox 800 5733 1070 5788; x_wconf 80' lang='grc' dir='ltr'>Ἐνταῦθα</span> <span class='ocrx_word' id='word_1_733' title='bbox 1093 5734 1158 5803; x_wconf 79' lang='grc' dir='ltr'>δὴ</span> <span class='ocrx_word' id='word_1_734' title='bbox 1185 5733 1523 5799; x_wconf 75' lang='grc' dir='ltr'>πεποιθότως</span> <span class='ocrx_word' id='word_1_735' title='bbox 1550 5733 1760 5788; x_wconf 78' lang='grc' dir='ltr'>πυνθά-</span> 
     </span>
    </p>
   </div>
   <div class='ocr_carea' id='block_1_103' title="bbox 221 5823 1758 5895">
    <p class='ocr_par' dir='ltr' id='par_1_103' title="bbox 221 5823 1758 5895">
     <span class='ocr_line' id='line_1_103' title="bbox 221 5823 1758 5895; baseline 0.002 -21"><span class='ocrx_word' id='word_1_736' title='bbox 221 5838 374 5890; x_wconf 79' lang='grc' dir='ltr'>νομαι,</span> <span class='ocrx_word' id='word_1_737' title='bbox 400 5824 521 5878; x_wconf 73' lang='grc' dir='ltr'>πότε</span> <span class='ocrx_word' id='word_1_738' title='bbox 550 5824 942 5895; x_wconf 77' lang='grc' dir='ltr'>φιλοκινδύνως</span> <span class='ocrx_word' id='word_1_739' title='bbox 986 5823 1375 5889; x_wconf 74' lang='grc' dir='ltr'>αύθαδιὰζεται</span> <span class='ocrx_word' id='word_1_740' title='bbox 1414 5825 1543 5888; x_wconf 86' lang='grc' dir='ltr'>ναῦς</span> <span class='ocrx_word' id='word_1_741' title='bbox 1574 5825 1758 5878; x_wconf 88' lang='grc' dir='ltr'>τοιαύ-</span> 
     </span>
    </p>
   </div>
   <div class='ocr_carea' id='block_1_104' title="bbox 222 5916 1756 6000">
    <p class='ocr_par' dir='ltr' id='par_1_104' title="bbox 222 5916 1756 6000">
     <span class='ocr_line' id='line_1_104' title="bbox 222 5916 1756 6000; baseline 0.002 -34"><span class='ocrx_word' id='word_1_742' title='bbox 222 5930 293 5979; x_wconf 87' lang='grc' dir='ltr'>τη,</span> <span class='ocrx_word' id='word_1_743' title='bbox 323 5917 759 5999; x_wconf 28' lang='grc' dir='ltr'>καὶκὰπορρᾗαι</span> <span class='ocrx_word' id='word_1_744' title='bbox 811 5918 906 5972; x_wconf 82' lang='grc' dir='ltr'><strong>τοῦ</strong></span> <span class='ocrx_word' id='word_1_745' title='bbox 936 5918 1155 6000; x_wconf 80' lang='grc' dir='ltr'>λιμένος</span> <span class='ocrx_word' id='word_1_746' title='bbox 1199 5916 1399 5988; x_wconf 76' lang='grc' dir='ltr'>ἑαυτὴν</span> <span class='ocrx_word' id='word_1_747' title='bbox 1438 5916 1756 5986; x_wconf 72' lang='grc' dir='ltr'>φιλονεικεῖ,</span> 
     </span>
    </p>
   </div>
   <div class='ocr_carea' id='block_1_105' title="bbox 1876 4704 3468 4777">
    <p class='ocr_par' dir='ltr' id='par_1_105' title="bbox 1876 4704 3468 4777">
     <span class='ocr_line' id='line_1_105' title="bbox 1876 4704 3468 4777; baseline -0.003 -16"><span class='ocrx_word' id='word_1_748' title='bbox 1876 4706 1974 4762; x_wconf 87' lang='lat' dir='ltr'><strong>niti</strong></span> <span class='ocrx_word' id='word_1_749' title='bbox 2001 4706 2162 4777; x_wconf 89' lang='lat' dir='ltr'><strong>eique</strong></span> <span class='ocrx_word' id='word_1_750' title='bbox 2187 4720 2395 4761; x_wconf 88' lang='lat' dir='ltr'><strong>morem</strong></span> <span class='ocrx_word' id='word_1_751' title='bbox 2421 4705 2661 4776; x_wconf 83' lang='lat' dir='ltr'><strong>gerendo</strong></span> <span class='ocrx_word' id='word_1_752' title='bbox 2687 4705 2794 4758; x_wconf 89' lang='lat' dir='ltr'><strong>ltuc</strong></span> <span class='ocrx_word' id='word_1_753' title='bbox 2819 4712 2988 4774; x_wconf 87' lang='lat' dir='ltr'><strong>atque</strong></span> <span class='ocrx_word' id='word_1_754' title='bbox 3051 4704 3183 4759; x_wconf 87' lang='lat' dir='ltr'><strong>illuc</strong></span> <span class='ocrx_word' id='word_1_755' title='bbox 3248 4704 3468 4775; x_wconf 79' lang='lat' dir='ltr'><strong>agitari,</strong></span> 
     </span>
    </p>
   </div>
   <div class='ocr_carea' id='block_1_106' title="bbox 1879 4797 3472 4865">
    <p class='ocr_par' dir='ltr' id='par_1_106' title="bbox 1879 4797 3472 4865">
     <span class='ocr_line' id='line_1_106' title="bbox 1879 4797 3472 4865; baseline 0.001 -13"><span class='ocrx_word' id='word_1_756' title='bbox 1879 4811 1973 4853; x_wconf 85' lang='lat' dir='ltr'><strong>aut</strong></span> <span class='ocrx_word' id='word_1_757' title='bbox 2014 4800 2082 4854; x_wconf 85' lang='lat' dir='ltr'><strong>ab</strong></span> <span class='ocrx_word' id='word_1_758' title='bbox 2107 4801 2263 4854; x_wconf 90' lang='lat' dir='ltr'><strong>initio</strong></span> <span class='ocrx_word' id='word_1_759' title='bbox 2290 4801 2358 4854; x_wconf 88' lang='lat' dir='ltr'><strong>de</strong></span> <span class='ocrx_word' id='word_1_760' title='bbox 2391 4808 2541 4854; x_wconf 92' lang='lat' dir='ltr'><strong>recto</strong></span> <span class='ocrx_word' id='word_1_761' title='bbox 2595 4800 2817 4853; x_wconf 77' lang='lat' dir='ltr'><strong>tramite</strong></span> <span class='ocrx_word' id='word_1_762' title='bbox 2854 4797 3170 4865; x_wconf 85' lang='lat' dir='ltr'><strong>deﬂectere,</strong></span> <span class='ocrx_word' id='word_1_763' title='bbox 3228 4800 3320 4854; x_wconf 86' lang='lat' dir='ltr'><strong>ubi</strong></span> <span class='ocrx_word' id='word_1_764' title='bbox 3374 4800 3472 4853; x_wconf 71' lang='lat' dir='ltr'><strong>lto-</strong></span> 
     </span>
    </p>
   </div>
   <div class='ocr_carea' id='block_1_107' title="bbox 1881 4890 3471 4961">
    <p class='ocr_par' dir='ltr' id='par_1_107' title="bbox 1881 4890 3471 4961">
     <span class='ocr_line' id='line_1_107' title="bbox 1881 4890 3471 4961; baseline 0 -16"><span class='ocrx_word' id='word_1_765' title='bbox 1881 4893 2055 4947; x_wconf 88' lang='lat' dir='ltr'><strong>mines</strong></span> <span class='ocrx_word' id='word_1_766' title='bbox 2085 4909 2316 4961; x_wconf 84' lang='lat' dir='ltr'><strong>nequam</strong></span> <span class='ocrx_word' id='word_1_767' title='bbox 2383 4893 2677 4961; x_wconf 77' lang='lat' dir='ltr'><strong>virtutique</strong></span> <span class='ocrx_word' id='word_1_768' title='bbox 2735 4891 3085 4947; x_wconf 76' lang='lat' dir='ltr'><strong>oltluctantes</strong></span> <span class='ocrx_word' id='word_1_769' title='bbox 3135 4890 3471 4961; x_wconf 85' lang='lat' dir='ltr'><strong>ingrediun-</strong></span> 
     </span>
    </p>
   </div>
   <div class='ocr_carea' id='block_1_108' title="bbox 1883 4984 3466 5055">
    <p class='ocr_par' dir='ltr' id='par_1_108' title="bbox 1883 4984 3466 5055">
     <span class='ocr_line' id='line_1_108' title="bbox 1883 4984 3466 5055; baseline 0.001 -19"><span class='ocrx_word' id='word_1_770' title='bbox 1883 4991 1988 5048; x_wconf 85' lang='lat' dir='ltr'><strong>tur,</strong></span> <span class='ocrx_word' id='word_1_771' title='bbox 2023 4984 2113 5053; x_wconf 88' lang='lat' dir='ltr'><strong>qni</strong></span> <span class='ocrx_word' id='word_1_772' title='bbox 2158 4984 2357 5055; x_wconf 77' lang='lat' dir='ltr'><strong>etipsi,</strong></span> <span class='ocrx_word' id='word_1_773' title='bbox 2407 4984 2856 5054; x_wconf 84' lang='lat' dir='ltr'><strong>inspirationibus</strong></span> <span class='ocrx_word' id='word_1_774' title='bbox 2899 4984 3223 5040; x_wconf 83' lang='lat' dir='ltr'><strong>obedientcs</strong></span> <span class='ocrx_word' id='word_1_775' title='bbox 3255 4984 3466 5039; x_wconf 68' lang='lat' dir='ltr'><strong>dictito-</strong></span> 
     </span>
    </p>
   </div>
   <div class='ocr_carea' id='block_1_109' title="bbox 1882 5074 3470 5145">
    <p class='ocr_par' dir='ltr' id='par_1_109' title="bbox 1882 5074 3470 5145">
     <span class='ocr_line' id='line_1_109' title="bbox 1882 5074 3470 5145; baseline -0.002 -17"><span class='ocrx_word' id='word_1_776' title='bbox 1882 5075 2054 5129; x_wconf 85' lang='lat' dir='ltr'><strong>niacis</strong></span> <span class='ocrx_word' id='word_1_777' title='bbox 2084 5076 2152 5128; x_wconf 88' lang='lat' dir='ltr'><strong>ad</strong></span> <span class='ocrx_word' id='word_1_778' title='bbox 2183 5075 2508 5145; x_wconf 71' lang='lat' dir='ltr'><strong>pravitatem</strong></span> <span class='ocrx_word' id='word_1_779' title='bbox 2531 5074 2829 5129; x_wconf 90' lang='lat' dir='ltr'><strong>declinant.</strong></span> <span class='ocrx_word' id='word_1_780' title='bbox 2889 5075 3047 5142; x_wconf 84' lang='lat' dir='ltr'><strong>Quod</strong></span> <span class='ocrx_word' id='word_1_781' title='bbox 3090 5084 3271 5128; x_wconf 82' lang='lat' dir='ltr'><strong>au&#39;ein</strong></span> <span class='ocrx_word' id='word_1_782' title='bbox 3331 5075 3470 5128; x_wconf 85' lang='lat' dir='ltr'><strong>iidu-</strong></span> 
     </span>
    </p>
   </div>
   <div class='ocr_carea' id='block_1_110' title="bbox 1879 5166 3464 5240">
    <p class='ocr_par' dir='ltr' id='par_1_110' title="bbox 1879 5166 3464 5240">
     <span class='ocr_line' id='line_1_110' title="bbox 1879 5166 3464 5240; baseline -0.003 -18"><span class='ocrx_word' id='word_1_783' title='bbox 1879 5167 1963 5224; x_wconf 86' lang='lat' dir='ltr'><strong>cia</strong></span> <span class='ocrx_word' id='word_1_784' title='bbox 1994 5166 2253 5240; x_wconf 83' lang='grc' dir='ltr'>(πεῖσμα)</span> <span class='ocrx_word' id='word_1_785' title='bbox 2298 5169 2349 5221; x_wconf 83' lang='grc' dir='ltr'>ἰιι</span> <span class='ocrx_word' id='word_1_786' title='bbox 2395 5169 2505 5223; x_wconf 90' lang='lat' dir='ltr'><strong>Deo</strong></span> <span class='ocrx_word' id='word_1_787' title='bbox 2538 5168 2803 5223; x_wconf 87' lang='lat' dir='ltr'><strong>collocata</strong></span> <span class='ocrx_word' id='word_1_788' title='bbox 2832 5168 2953 5223; x_wconf 84' lang='lat' dir='ltr'><strong>illos</strong></span> <span class='ocrx_word' id='word_1_789' title='bbox 2978 5167 3072 5239; x_wconf 88' lang='lat' dir='ltr'><strong>qui</strong></span> <span class='ocrx_word' id='word_1_790' title='bbox 3120 5182 3182 5222; x_wconf 85' lang='lat' dir='ltr'><strong>ea</strong></span> <span class='ocrx_word' id='word_1_791' title='bbox 3203 5168 3464 5237; x_wconf 74' lang='lat' dir='ltr'><strong>gaudent,</strong></span> 
     </span>
    </p>
   </div>
   <div class='ocr_carea' id='block_1_111' title="bbox 1879 5259 3465 5330">
    <p class='ocr_par' dir='ltr' id='par_1_111' title="bbox 1879 5259 3465 5330">
     <span class='ocr_line' id='line_1_111' title="bbox 1879 5259 3465 5330; baseline 0 -19"><span class='ocrx_word' id='word_1_792' title='bbox 1879 5261 2100 5330; x_wconf 81' lang='lat' dir='ltr'><strong>quando</strong></span> <span class='ocrx_word' id='word_1_793' title='bbox 2144 5260 2266 5314; x_wconf 72' lang='lat' dir='ltr'><strong>vitae</strong></span> <span class='ocrx_word' id='word_1_794' title='bbox 2324 5259 2742 5328; x_wconf 84' lang='lat' dir='ltr'><strong>tempestatibus</strong></span> <span class='ocrx_word' id='word_1_795' title='bbox 2799 5260 3105 5326; x_wconf 84' lang='lat' dir='ltr'><strong>turbantur,</strong></span> <span class='ocrx_word' id='word_1_796' title='bbox 3134 5259 3186 5314; x_wconf 82' lang='lat' dir='ltr'><strong>in</strong></span> <span class='ocrx_word' id='word_1_797' title='bbox 3253 5269 3465 5328; x_wconf 86' lang='lat' dir='ltr'><strong>pottum</strong></span> 
     </span>
    </p>
   </div>
   <div class='ocr_carea' id='block_1_112' title="bbox 1876 5352 3463 5423">
    <p class='ocr_par' dir='ltr' id='par_1_112' title="bbox 1876 5352 3463 5423">
     <span class='ocr_line' id='line_1_112' title="bbox 1876 5352 3463 5423; baseline -0.004 -14"><span class='ocrx_word' id='word_1_798' title='bbox 1876 5353 2228 5423; x_wconf 77' lang='lat' dir='ltr'><strong>tranquillum</strong></span> <span class='ocrx_word' id='word_1_799' title='bbox 2268 5360 2321 5409; x_wconf 86' lang='lat' dir='ltr'><strong>et</strong></span> <span class='ocrx_word' id='word_1_800' title='bbox 2346 5354 2643 5407; x_wconf 87' lang='lat' dir='ltr'><strong>salutarem</strong></span> <span class='ocrx_word' id='word_1_801' title='bbox 2679 5353 3003 5418; x_wconf 88' lang='lat' dir='ltr'><strong>introducit,</strong></span> <span class='ocrx_word' id='word_1_802' title='bbox 3036 5352 3295 5422; x_wconf 84' lang='lat' dir='ltr'><strong>primaria</strong></span> <span class='ocrx_word' id='word_1_803' title='bbox 3366 5367 3463 5403; x_wconf 85' lang='lat' dir='ltr'><strong>vo-</strong></span> 
     </span>
    </p>
   </div>
   <div class='ocr_carea' id='block_1_113' title="bbox 1877 5443 3465 5518">
    <p class='ocr_par' dir='ltr' id='par_1_113' title="bbox 1877 5443 3465 5518">
     <span class='ocr_line' id='line_1_113' title="bbox 1877 5443 3465 5518; baseline -0.005 -15"><span class='ocrx_word' id='word_1_804' title='bbox 1877 5448 2055 5503; x_wconf 80' lang='lat' dir='ltr'><strong>Cabuli</strong></span> <span class='ocrx_word' id='word_1_805' title='bbox 2112 5447 2439 5518; x_wconf 70' lang='lat' dir='ltr'><strong>significatio</strong></span> <span class='ocrx_word' id='word_1_806' title='bbox 2500 5446 2776 5512; x_wconf 83' lang='lat' dir='ltr'><strong>ostendit;</strong></span> <span class='ocrx_word' id='word_1_807' title='bbox 2832 5446 3087 5500; x_wconf 76' lang='lat' dir='ltr'><strong>ﬁduciam</strong></span> <span class='ocrx_word' id='word_1_808' title='bbox 3133 5443 3465 5514; x_wconf 73' lang='grc' dir='ltr'>(πείσματα)</span> 
     </span>
    </p>
   </div>
   <div class='ocr_carea' id='block_1_114' title="bbox 1877 5539 3470 5611">
    <p class='ocr_par' dir='ltr' id='par_1_114' title="bbox 1877 5539 3470 5611">
     <span class='ocr_line' id='line_1_114' title="bbox 1877 5539 3470 5611; baseline -0.004 -14"><span class='ocrx_word' id='word_1_809' title='bbox 1877 5542 2019 5597; x_wconf 75' lang='lat' dir='ltr'><strong>enim</strong></span> <span class='ocrx_word' id='word_1_810' title='bbox 2061 5542 2333 5611; x_wconf 70' lang='lat' dir='ltr'><strong>appellare</strong></span> <span class='ocrx_word' id='word_1_811' title='bbox 2383 5540 2624 5596; x_wconf 70' lang='lat' dir='ltr'><strong>solemus</strong></span> <span class='ocrx_word' id='word_1_812' title='bbox 2670 5540 2931 5595; x_wconf 88' lang='lat' dir='ltr'><strong>rudentes</strong></span> <span class='ocrx_word' id='word_1_813' title='bbox 2977 5541 3226 5594; x_wconf 82' lang='lat' dir='ltr'><strong>nauticos</strong></span> <span class='ocrx_word' id='word_1_814' title='bbox 3268 5539 3470 5607; x_wconf 65' lang='lat' dir='ltr'><strong>quibus</strong></span> 
     </span>
    </p>
   </div>
   <div class='ocr_carea' id='block_1_115' title="bbox 1878 5629 3469 5704">
    <p class='ocr_par' dir='ltr' id='par_1_115' title="bbox 1878 5629 3469 5704">
     <span class='ocr_line' id='line_1_115' title="bbox 1878 5629 3469 5704; baseline -0.005 -17"><span class='ocrx_word' id='word_1_815' title='bbox 1878 5636 2031 5688; x_wconf 84' lang='lat' dir='ltr'><strong>navis</strong></span> <span class='ocrx_word' id='word_1_816' title='bbox 2063 5636 2114 5688; x_wconf 91' lang='lat' dir='ltr'><strong>in</strong></span> <span class='ocrx_word' id='word_1_817' title='bbox 2148 5645 2304 5704; x_wconf 88' lang='lat' dir='ltr'><strong>portu</strong></span> <span class='ocrx_word' id='word_1_818' title='bbox 2343 5634 2639 5689; x_wconf 85' lang='lat' dir='ltr'><strong>constituta</strong></span> <span class='ocrx_word' id='word_1_819' title='bbox 2688 5633 2960 5689; x_wconf 87' lang='lat' dir='ltr'><strong>retinetur</strong></span> <span class='ocrx_word' id='word_1_820' title='bbox 3002 5629 3297 5702; x_wconf 83' lang='lat' dir='ltr'><strong>quominus</strong></span> <span class='ocrx_word' id='word_1_821' title='bbox 3330 5631 3469 5682; x_wconf 74' lang='lat' dir='ltr'><strong>tinn-</strong></span> 
     </span>
    </p>
   </div>
   <div class='ocr_carea' id='block_1_116' title="bbox 1878 5721 3465 5798">
    <p class='ocr_par' dir='ltr' id='par_1_116' title="bbox 1878 5721 3465 5798">
     <span class='ocr_line' id='line_1_116' title="bbox 1878 5721 3465 5798; baseline -0.005 -18"><span class='ocrx_word' id='word_1_822' title='bbox 1878 5729 2022 5782; x_wconf 87' lang='lat' dir='ltr'><strong>tibus</strong></span> <span class='ocrx_word' id='word_1_823' title='bbox 2061 5726 2297 5798; x_wconf 81' lang='lat' dir='ltr'><strong>agitetur</strong></span> <span class='ocrx_word' id='word_1_824' title='bbox 2332 5736 2424 5782; x_wconf 85' lang='lat' dir='ltr'><strong>aut</strong></span> <span class='ocrx_word' id='word_1_825' title='bbox 2474 5727 2583 5782; x_wconf 89' lang='lat' dir='ltr'><strong>ullo</strong></span> <span class='ocrx_word' id='word_1_826' title='bbox 2645 5726 2806 5781; x_wconf 88' lang='lat' dir='ltr'><strong>modo</strong></span> <span class='ocrx_word' id='word_1_827' title='bbox 2865 5723 3227 5797; x_wconf 85' lang='lat' dir='ltr'><strong>periclitetur,</strong></span> <span class='ocrx_word' id='word_1_828' title='bbox 3268 5721 3341 5776; x_wconf 85' lang='lat' dir='ltr'><strong>ita</strong></span> <span class='ocrx_word' id='word_1_829' title='bbox 3408 5733 3465 5773; x_wconf 90' lang='lat' dir='ltr'><strong>ut</strong></span> 
     </span>
    </p>
   </div>
   <div class='ocr_carea' id='block_1_117' title="bbox 1876 5817 3464 5893">
    <p class='ocr_par' dir='ltr' id='par_1_117' title="bbox 1876 5817 3464 5893">
     <span class='ocr_line' id='line_1_117' title="bbox 1876 5817 3464 5893; baseline -0.006 -18"><span class='ocrx_word' id='word_1_830' title='bbox 1876 5822 2149 5893; x_wconf 70' lang='lat' dir='ltr'><strong>navigium</strong></span> <span class='ocrx_word' id='word_1_831' title='bbox 2190 5821 2318 5876; x_wconf 86' lang='lat' dir='ltr'><strong>illud</strong></span> <span class='ocrx_word' id='word_1_832' title='bbox 2375 5820 2767 5890; x_wconf 83' lang='lat' dir='ltr'><strong>tranquillitate</strong></span> <span class='ocrx_word' id='word_1_833' title='bbox 2848 5818 3067 5873; x_wconf 78' lang='lat' dir='ltr'><strong>fruatur</strong></span> <span class='ocrx_word' id='word_1_834' title='bbox 3117 5830 3224 5870; x_wconf 89' lang='lat' dir='ltr'><strong>non</strong></span> <span class='ocrx_word' id='word_1_835' title='bbox 3284 5817 3464 5868; x_wconf 72' lang='lat' dir='ltr'><strong>minus</strong></span> 
     </span>
    </p>
   </div>
   <div class='ocr_carea' id='block_1_118' title="bbox 1874 5912 3466 5987">
    <p class='ocr_par' dir='ltr' id='par_1_118' title="bbox 1874 5912 3466 5987">
     <span class='ocr_line' id='line_1_118' title="bbox 1874 5912 3466 5987; baseline -0.005 -16"><span class='ocrx_word' id='word_1_836' title='bbox 1874 5917 1940 5983; x_wconf 84' lang='lat' dir='ltr'><strong>ad</strong></span> <span class='ocrx_word' id='word_1_837' title='bbox 1968 5931 2119 5972; x_wconf 85' lang='lat' dir='ltr'><strong>suam</strong></span> <span class='ocrx_word' id='word_1_838' title='bbox 2155 5917 2325 5987; x_wconf 82' lang='lat' dir='ltr'><strong>ipsius</strong></span> <span class='ocrx_word' id='word_1_839' title='bbox 2350 5916 2577 5973; x_wconf 81' lang='lat' dir='ltr'><strong>salutem</strong></span> <span class='ocrx_word' id='word_1_840' title='bbox 2613 5931 2769 5987; x_wconf 81' lang='lat' dir='ltr'><strong>quam</strong></span> <span class='ocrx_word' id='word_1_841' title='bbox 2817 5929 3004 5971; x_wconf 84' lang='lat' dir='ltr'><strong>eorum</strong></span> <span class='ocrx_word' id='word_1_842' title='bbox 3073 5914 3161 5984; x_wconf 89' lang='lat' dir='ltr'><strong>qui</strong></span> <span class='ocrx_word' id='word_1_843' title='bbox 3199 5912 3337 5967; x_wconf 76' lang='lat' dir='ltr'><strong>forte</strong></span> <span class='ocrx_word' id='word_1_844' title='bbox 3369 5912 3466 5964; x_wconf 81' lang='lat' dir='ltr'><strong>dco</strong></span> 
     </span>
    </p>
   </div>
  </div>
