3908 6564
400 407 506 468 343

1112 409 1537 470 EUSTATHII
1580 406 2338 467 TllESSALONlCENSlS
2381 409 2950 470 ΜΕΤίίΟὶλΟΙΛΤίΕ

2161 287 2199 300 ..ν

3554 416 3659 476 34

396 521 694 576 vehuntur.
719 516 840 574 Jam
876 532 1027 585 vero,
1051 535 1173 573 cum
1224 535 1420 588 magna
1442 519 1636 574 ﬁducia
1682 518 1968 586 interrogo,

2086 519 2212 570 ποτε
2245 518 2298 571 δὲ
2345 519 2406 571 τὸ
2462 519 2724 587 άτιόγαιον
2779 521 2957 572 ἐκεῖνο
3011 524 3218 590 πεῖσμα
3252 524 3654 590 μεταπείθεται

397 611 817 678 nnmeiusmodi
859 612 1014 667 navis
1063 611 1390 682 sibimetipsi
1429 613 1646 676 relicta,
1731 626 1762 664 e
1815 622 1977 680 portu

387 717 493 774 sua
541 712 736 773 sponte
777 703 931 758 exire
999 704 1193 773 possit,
1285 720 1352 758 an
1400 704 1602 758 rudens
1656 703 1748 757 ille
1821 713 1978 760 terra:

397 793 590 848 aﬂixus
612 809 804 848 navem
853 796 957 850 sibi
987 796 1358 860 commissam,
1409 796 1700 864 quominus
1751 795 1976 864 abrepta

409 884 704 939 discrimen
747 883 914 938 ullum
961 886 1146 942 subire
1183 894 1276 939 aut
1320 884 1567 940 violentis
1617 886 1790 940 ventis
1841 885 1977 939 tradi

2085 611 2273 673 ἁπλῶς
2307 609 2452 664 οὕτω
2498 611 2755 681 ῥαγῆναι,
2792 613 2888 664 καὶ
2921 613 2981 664 τὸ
3028 615 3468 682 πεπιστευμένον
3512 618 3660 686 αὑτῴ

2081 703 2263 756 πλοῖον
2300 704 2522 772 ἀφεῖναι
2563 703 2732 774 βάψαι
2788 708 2868 768 εἰς
2895 705 3161 770 κίνδυνον,
3210 708 3242 777 ἢ
3277 710 3502 777 ἀνέμοις
3530 712 3661 776 ἐξώ-

2082 811 2236 857 σταις
2276 794 2530 850 ἐκδοῦναι
2553 798 2892 868 παράφορον,
2922 801 2970 851 εί
2996 799 3070 870 μὴ
3102 802 3209 867 ἄρα
3239 801 3272 872 ἢ
3305 804 3661 872 κατασέσηπε

2082 888 2140 940 τὸ
2164 889 2396 958 σχοινίον
2429 891 2624 952 ἐκεῖνο,
2663 890 2696 959 ἢ
2731 892 2908 955 ἄλλως
2954 893 3284 948 εὖανάλυτον
3315 893 3657 946 κέκλωσται.

393 981 587 1048 possit,
643 995 749 1036 non
782 981 1090 1051 prohibeat,
1143 981 1248 1035 nisi
1288 989 1381 1034 aut
1449 979 1733 1048 putredine
1811 992 2097 1051 corruptus
2185 987 2255 1038 sit
2318 985 2462 1040 funis
2528 987 2634 1053 ille,
2721 997 2814 1041 aut
2898 989 3037 1044 male
3093 990 3390 1053 confectus,
3451 994 3520 1043 ita
3607 1003 3663 1046 t.t

396 1072 558 1127 facile
603 1073 993 1143 disrutnpatur.

471 1161 562 1217 68.
603 1161 942 1230 Quapropter
973 1163 1026 1216 in
1073 1161 1380 1218 hominibus
1416 1162 1611 1217 ﬁducia
1661 1176 1854 1216 revera
1889 1170 1974 1215 cst

393 1266 485 1308 res
534 1254 700 1318 bona,
756 1253 988 1323 ideoque
1041 1254 1247 1310 sanctis
1295 1256 1628 1325 martyribus
1686 1255 1920 1324 appetita
1954 1293 1971 1320 ,

394 1342 528 1399 viris
553 1343 951 1400 venerabilibus
973 1345 1190 1412 dilecta,
1218 1346 1584 1416 omnibusque
1605 1342 1830 1402 Omnino
1856 1345 1969 1400 Deo

392 1433 772 1489 obedientibus
818 1432 1090 1502 affectata,
1158 1446 1343 1504 utpote
1386 1451 1456 1490 ex
1496 1451 1601 1504 qua
1643 1435 1824 1490 omnis
1857 1434 1971 1489 vir-

397 1537 488 1581 tus
543 1534 600 1580 et
649 1542 741 1581 ars
798 1538 852 1581 et
894 1527 1120 1582 scientia
1179 1539 1232 1581 et
1284 1527 1600 1594 reipublicze
1658 1526 1975 1581 constitutio

391 1618 690 1684 exoritur;
729 1635 888 1686 quant
945 1621 1149 1674 utinam
1197 1619 1340 1675 Deus
1394 1619 1649 1675 omnibus
1699 1617 1970 1674 Christia-

395 1711 486 1766 nis
544 1712 806 1766 concedat
852 1711 904 1765 in
963 1711 1154 1781 eisque
1198 1721 1508 1774 conservet,
1542 1712 1618 1765 ita
1650 1720 1709 1764 ut
1755 1723 1970 1779 semper

395 1803 538 1858 adsit
593 1802 675 1857 eis
749 1818 814 1857 ac
882 1811 1157 1858 remaneat
1217 1813 1272 1856 et
1341 1813 1584 1872 tempore
1653 1811 1962 1871 opportuno

2156 1165 2260 1237 ξη’.
2290 1167 2501 1222 Οὐκοῦν
2532 1169 2590 1222 ὲν
2637 1168 2951 1242 ἀνθρώποις
2979 1173 3189 1241 πεῖσμα
3211 1173 3270 1225 τὸ
3303 1173 3401 1241 μέν
3436 1192 3491 1226 τι
3521 1175 3597 1240 ἀγ
3610 1195 3661 1224 τ-

2075 1260 2168 1314 θδν
2197 1258 2436 1330 άληθῶς,
2485 1262 2585 1316 καὶ
2632 1261 2700 1315 δι’
2732 1263 2864 1317 αὐτὸ
2893 1262 3137 1334 ζηλωτὸν
3177 1266 3354 1333 ἁγίοις
3388 1267 3656 1338 μάρτυσι,

2071 1351 2169 1404 καὶ
2201 1351 2460 1422 ἀνδράσιν
2493 1352 2661 1416 ὁσίοις
2685 1354 2996 1425 ἀγαπητὸν,
3029 1356 3123 1409 καὶ
3153 1357 3291 1420 ὅλως
3333 1357 3510 1411 άπασι
3540 1363 3658 1422 τοῖς

2075 1441 2541 1512 ὑποτεταγμένοις
2564 1443 2644 1511 τῷ
2694 1444 2816 1516 Θεῷ
2849 1445 3095 1516 φιλητὸν,
3140 1447 3207 1500 δι’
3233 1443 3295 1502 οὗ
3326 1451 3497 1519 ἁρετὴ
3531 1452 3654 1520 προ·

2076 1551 2224 1587 πασα
2249 1535 2343 1588 καὶ
2364 1534 2528 1604 τέχνη
2549 1537 2856 1599 καὶέπιστή
2869 1555 2941 1607 μη
2967 1539 3061 1592 καὶ
3086 1538 3347 1600 σύστασις
3372 1543 3658 1606 πολιτείας

2071 1625 2246 1698 ὀρθῆς
2273 1643 2288 1658 ·
2352 1629 2448 1681 καὶ
2479 1628 2648 1701 διδοίη
2683 1630 2711 1682 ὁ
2744 1629 2875 1693 Θεὸς
2918 1631 3048 1685 αὐτὸ
3079 1633 3422 1701 Χριστιανοῖς
3454 1633 3656 1701 ἇπατι,

2071 1720 2170 1773 καὶ
2223 1721 2708 1790 παραφυλάττωτο
2753 1723 2815 1775 τὸ
2853 1723 3095 1776 τοιοῦτον
3145 1724 3307 1776 καλὸν
3357 1727 3415 1776 ἐν
3441 1727 3654 1788 αὐτοῖς.

2072 1811 2216 1866 ὥστε
2247 1814 2589 1882 παραμένειν
2620 1816 2716 1868 καὶ
2760 1813 3241 1885 παρακατέχεσθαι
3289 1817 3381 1868 καὶ
3411 1820 3657 1888 ἐνεργεῖ-

392 1893 664 1950 rﬁicacem
694 1908 753 1949 se
784 1902 1019 1963 prastat,
1052 1905 1111 1948 ut
1138 1903 1394 1977 tanquam
1437 1902 1656 1949 sanctas
1678 1894 1965 1950 columnas

2077 1904 2202 1957 σθαι
2224 1905 2305 1965 είς
2338 1905 2574 1974 καίριον,
2610 1905 2684 1968 ὼς
2715 1905 2967 1960 ἐντεῦθεν
2992 1907 3314 1974 ἀνδριάντας
3348 1909 3530 1975 ἱροὺς
3563 1912 3655 1959 καὶ

397 1999 452 2037 ιιι
495 1995 754 2050 angustas
796 1995 1004 2040 statuas
1031 1999 1301 2055 navesque
1333 1985 1426 2040 Dei
1476 1987 1650 2056 erigat
1683 1987 1804 2056 ejus
1851 2001 1968 2042 ser-
2039 1985 2047 1994 '

399 2079 596 2130 vitores
629 2079 698 2130 ad
732 2077 962 2132 salutent
996 2093 1358 2133 communem.
1395 2077 1544 2134 Talis
1585 2088 1675 2134 est
1707 2078 1792 2132 illa
1831 2078 1970 2134 ﬁdue

396 2169 484 2222 cia
511 2167 567 2223 in
596 2169 709 2225 Deo
740 2169 1001 2239 reposita,
1021 2171 1138 2225 sine
1168 2187 1273 2241 qua
1308 2171 1452 2225 nulla
1482 2181 1565 2226 est
1584 2171 1731 2226 salus
1753 2187 1770 2236 ;
1793 2185 1897 2241 qua
1924 2170 1970 2224 si

396 2261 649 2316 homines
709 2271 938 2327 carent,
1004 2277 1104 2316 cur
1190 2263 1404 2317 tandem
1477 2263 1761 2331 paradisus
1821 2264 1973 2332 plan-

396 2357 543 2406 tatus
585 2361 692 2418 est,
729 2367 850 2405 cum
892 2351 1070 2407 nullos
1112 2353 1397 2410 habiturus
1443 2354 1513 2408 sit
1570 2353 1819 2410 incolas?
1876 2354 1974 2408 Est

387 2447 571 2496 autent
599 2455 761 2510 porro
789 2443 894 2497 alia
923 2442 1141 2510 ﬁducia,
1174 2442 1510 2512 imprudens,
1558 2443 1966 2507 irrationabilis,

387 2531 589 2601 lignea,
646 2546 850 2596 saxea,
893 2532 1076 2600 bruta,
1130 2534 1470 2604 impetuosa,
1535 2534 1920 2590 inexcusabilis
1953 2574 1970 2601 ,

386 2621 655 2689 informis,
705 2624 1002 2690 obdurans,
1037 2627 1359 2697 inhumana,
1408 2641 1736 2696 provocans,
1770 2641 1962 2696 rapax,

387 2712 742 2779 .lmmoniaca,
777 2715 988 2780 insana,
1020 2731 1182 2784 quam
1232 2717 1382 2785 pacis
1421 2718 1683 2772 Dominus
1729 2734 1758 2770 a
1811 2716 1970 2772 nobis

390 2815 447 2857 et
493 2807 562 2858 ab
596 2805 846 2860 omnibus
884 2807 1224 2874 hominibus,
1277 2808 1544 2877 imprimis
1597 2816 1778 2864 autem
1811 2807 1971 2863 Clit-i-

389 2895 585 2953 stianis
629 2896 818 2967 procul
863 2901 1122 2954 avertat!

461 3096 550 3153 69.
580 3089 855 3152 Exaudias
893 3110 1012 3163 nos,
1037 3112 1071 3151 ο
1103 3096 1243 3152 Deus
1267 3095 1541 3163 Salvator,
1565 3097 1814 3168 princeps
1835 3113 1971 3170 prat-

391 3197 698 3259 ceptorum,
727 3204 938 3245 suntme
968 3190 1107 3244 inter
1135 3204 1466 3254 oeconomos,
1509 3192 1674 3245 totius
1701 3200 1966 3246 terrarum

391 3281 547 3337 orbis
593 3282 871 3351 magister,
920 3283 1026 3336 dux
1071 3298 1352 3338 sacrorum
1398 3284 1673 3349 ordinum,
1723 3284 1970 3354 princeps

388 3375 720 3443 principum,
770 3373 994 3428 Domine
1045 3375 1414 3440 dominorum,
1468 3387 1630 3444 caput
1669 3379 1976 3444 gubernan-

387 3464 544 3528 tium,
573 3464 662 3532 qui
692 3470 914 3533 propter
966 3479 1065 3518 nos
1113 3480 1145 3520 e
1182 3465 1318 3520 coelo
1373 3466 1438 3518 ad
1487 3480 1588 3521 nos
1627 3467 1971 3535 descendisti,

387 3564 447 3608 ut
469 3557 633 3610 etiam
669 3556 1032 3624 corporaliter
1065 3555 1424 3625 principatum
1465 3567 1614 3610 tuum
1649 3558 1969 3614 ostenderes

389 3645 794 3713 ignorantibus,
825 3647 916 3713 qui
957 3645 1263 3714 praecepisti
1321 3661 1387 3700 ac
1425 3646 1728 3714 sulijecisti,
1763 3656 1818 3700 ct
1844 3647 1970 3701 doc-

387 3734 536 3787 trina
585 3746 675 3788 tua
722 3733 916 3788 salutis
962 3732 1309 3788 fundamenta
1348 3736 1569 3803 posuisti
1609 3753 1623 3788 :
1667 3735 1750 3790 fac
1784 3745 1840 3790 ut
1871 3752 1969 3790 nos

388 3824 738 3890 obedientes,
779 3823 1034 3892 morigeri
1067 3824 1208 3878 etde
1237 3823 1423 3879 oﬁictis
1464 3827 1663 3880 thsll'lS
1695 3828 1831 3882 bene
1882 3829 1970 3880 in-

387 3915 591 3981 stituti,
627 3917 876 3984 quamvis
923 3929 1067 3978 sero,
1119 3915 1364 3983 discipuli
1405 3917 1622 3971 virtutis
1660 3918 1872 3982 ﬁamus,
1914 3929 1970 3974 et

388 4009 428 4062 ii
451 4008 720 4076 imprimis
746 4008 841 4076 qui
864 4007 1032 4062 cultui
1062 4018 1154 4061 tuo
1185 4008 1431 4074 proxime
1455 4023 1575 4062 sese
1595 4009 1966 4077 addixerunt;

394 4097 481 4150 fac
515 4105 572 4150 ut
608 4111 726 4163 nos,
759 4097 1058 4150 secundum
1109 4107 1354 4148 sanctum
1410 4094 1780 4162 Psalmistam,
1835 4099 1971 4152 irie-

400 4188 654 4256 prehensi
686 4188 742 4240 in
791 4187 876 4240 via
911 4197 997 4239 tua
1047 4185 1402 4241 ambulemus.
1451 4187 1750 4242 Atnbulans
1797 4190 1964 4255 enim,

312 4292 317 4297 '
391 4277 598 4344 inquit,
635 4278 687 4331 in
723 4278 807 4331 via
851 4277 1336 4348 irrepreltensibili,
1377 4278 1464 4332 ltic
1501 4279 1634 4333 mihi
1673 4280 1966 4345 serviebat,

391 4387 500 4426 non
549 4385 682 4426 sane
713 4370 894 4425 furore
935 4373 1176 4438 percitus
1225 4383 1320 4424 aut
1385 4373 1588 4440 impetu
1641 4371 1964 4428 irresistibili

389 4466 446 4518 in
509 4464 768 4534 perniciei
823 4465 1088 4534 gurgitem
1157 4476 1277 4515 sese
1327 4462 1706 4530 praecipitans.
1765 4462 1964 4516 Precor

2079 1996 2278 2064 στήλας
2307 1996 2469 2065 ἁγίας
2491 1997 2582 2050 καὶ
2607 1997 2768 2060 ναοὺς
2789 1992 2899 2050 οἷον
2924 1998 3058 2050 Θεοῦ
3085 2001 3309 2069 ἀνιστᾷν
3329 1999 3456 2061 τοὺς
3480 2001 3652 2054 αὑτοῦ

2077 2087 2413 2159 θεράποντας
2465 2091 2558 2142 ἐπὶ
2614 2089 2780 2160 κοινῷ
2819 2093 3180 2159 συμφέροντι.
3239 2093 3349 2146 Καὶ
3403 2093 3656 2147 τοιοῦτον

2077 2178 2179 2247 μὲν
2208 2181 2385 2233 ἐκεῖνο
2411 2181 2645 2250 πεῖσμα,
2675 2179 2736 2233 τὴ
2774 2181 2917 2233 κατὰ
2949 2181 3102 2244 Θεὸν,
3122 2175 3185 2234 οὗ
3215 2183 3382 2251 χωρὶς
3410 2183 3515 2235 οὐκ
3537 2183 3655 2243 ἔστι

2077 2267 2370 2334 σώζεσθαι,
2399 2264 2460 2322 οὗ
2499 2269 2575 2340 μὴ
2606 2268 2762 2340 παρὰ
2789 2272 2905 2332 τοῖς
2939 2270 3252 2339 ἀνθρώποις
3281 2271 3456 2334 ὄντος,
3481 2275 3538 2322 τί
3563 2273 3658 2341 δή·

2075 2379 2206 2415 ποτε
2245 2363 2585 2432 πεφύτευται
2636 2363 2966 2432 παράδεισος
2989 2403 3004 2429 ,
3044 2363 3312 2433 ,ἀοίκητος
3347 2365 3652 2434 ἐσόμενοςς

2074 2455 2278 2508 Λοιπὸν
2303 2453 2362 2508 δὲ
2395 2454 2583 2524 ἕτερον
2636 2455 2864 2522 πεῖσμα,
2893 2454 2954 2506 τὸ
3005 2453 3340 2524 ἀδιάκριτον,
3372 2456 3432 2507 τὸ
3461 2457 3654 2522 ἀλόγιι

2076 2563 2221 2614 στον,
2251 2547 2312 2600 τὸ
2337 2546 2571 2611 ξύλινον,
2596 2546 2657 2599 τὸ
2688 2548 2754 2599 ἐκ
2787 2547 3025 2617 πετρῶν,
3055 2546 3116 2598 τὸ
3143 2546 3426 2616 θηριῶδες,
3455 2548 3523 2600 τὸ
3552 2548 3650 2600 θυ-

2079 2639 2276 2709 μῶδες,
2298 2640 2358 2691 τὸ
2384 2637 2818 2706 ἀναπολόγητον,
2839 2638 2900 2690 τὸ
2921 2637 3346 2706 ἀνειδοποίητον,
3373 2640 3434 2690 τὸ
3457 2641 3652 2708 ἀγριο-

2075 2728 2249 2794 ποιὸν,
2276 2729 2336 2782 τὸ
2360 2729 2752 2797 ἀπάνθρωπον,
2783 2728 2843 2782 τὸ
2868 2728 3129 2798 μάχιμον,
3161 2728 3219 2780 τὸ
3246 2728 3564 2798 λῃστρικδν,
3592 2729 3652 2781 τὸ

2073 2820 2376 2892 δαιμόνιον,
2427 2820 2488 2873 τὸ
2552 2821 2722 2891 μηδὲν
2773 2820 2946 2888 ὑγιὲς,
2996 2820 3133 2890 ὅπερ
3166 2821 3444 2888 ἀπαγάγοι
3479 2822 3509 2871 ὁ
3547 2821 3651 2888 τῆς

2074 2912 2300 2983 είρήνης
2365 2910 2575 2982 Κύριος
2630 2911 2726 2966 καὶ
2779 2910 2938 2980 ἡμῶν
2984 2910 3077 2964 καὶ
3107 2909 3307 2973 παντὸς
3355 2908 3650 2978 ἀνθρώπου

2073 3006 2315 3072 ἑτεροίου
2343 3019 2403 3056 τε
2431 3002 2526 3055 καὶ
2549 3002 2785 3072 μάλιστα
2821 2999 3182 3069 Χριστιανοῦι

2145 3094 2243 3160 ξθθ.
2275 3094 2402 3164 Είης
2442 3094 2730 3147 ἐπακούων
2751 3093 2932 3163 ἡμῶν,
2957 3093 3138 3161 Σῶτερ
3174 3092 3323 3155 Θεὸς,

2079 3206 2201 3251 στος
2221 3186 2605 3258 ὲνηγούμενος,
2631 3185 2661 3238 ὀ
2685 3188 2942 3256 μέγιστος
2976 3187 3034 3238 ὲν
3057 3187 3382 3256 οἰκονόμοις,
3416 3189 3443 3236 ὁ
3464 3187 3651 3237 οἰκου-

2078 3281 2293 3350 μενικὸς
2324 3279 2670 3347 διδάσκαλος,
2703 3283 2732 3332 ὁ
2767 3281 2988 3334 ἐπὶτῶν
3019 3281 3179 3350 ἱερῶν
3225 3278 3650 3337 καταστάσεων.

2073 3374 2101 3424 ὁ
2127 3373 2235 3424 τῶν
2291 3373 2573 3442 ἀρχόντων
2624 3372 2829 3441 ἄρχων,
2870 3374 2898 3424 ὁ
2938 3373 3046 3424 τῶν
3103 3369 3306 3441 κυρίων
3355 3371 3589 3439 Κύριος.
3623 3373 3651 3422 ὁ

2075 3462 2278 3524 ὕπατος
2299 3463 2357 3516 ἐν
2387 3466 2497 3526 τοῖς
2529 3463 2950 3527 ὑποτάσσουσιν,
2973 3464 3000 3514 ὁ
3037 3461 3309 3515 κατελθὼν
3351 3461 3651 3531 οὐρανόθεν

2072 3553 2138 3606 δι’
2170 3555 2318 3624 ἡμᾶς
2374 3554 2458 3622 ἐφ’
2489 3555 2657 3625 ἡμᾶς,
2709 3554 2799 3606 ἵνα
2827 3553 2921 3606 καὶ
2973 3552 3301 3622 σωματικῶς
3356 3550 3650 3626 ὑποδείξῃς

2075 3645 2174 3713 τὴν
2201 3647 2531 3714 ὴγεμονείαν
2569 3662 2663 3698 σου
2693 3646 2808 3708 τοῖς
2832 3644 3106 3712 ἀγνοοῦσι,
3131 3643 3223 3695 καὶ
3246 3639 3533 3704 ἐπιτάξας,
3555 3643 3648 3694 καὶ

2077 3738 2376 3801 ὑποτάξας,
2429 3738 2525 3790 καὶ
2554 3736 2678 3798 δοὺς
2709 3737 2882 3807 ἀρχάς
2928 3736 3021 3805 ἐπί
3053 3733 3296 3804 σωτηρίᾳ.
3331 3733 3649 3786 διδασκαλι-

2074 3827 2208 3894 κῶς,
2243 3828 2338 3881 καὶ
2369 3825 2757 3893 ὑπακουσθεὶς,
2800 3827 2894 3879 καὶ
2946 3828 3158 3886 πείσας,
3191 3825 3376 3878 καὶτὰ
3407 3825 3650 3893 ποιητέα

2078 3918 2572 3988 ἐγκελευσάμενος,
2605 3919 2939 3989 ἀποτελέσῃς
2967 3915 3214 3985 μαθητὰς
3239 3913 3533 3984 ὀψιμαθεῖς
3551 3913 3647 3968 τοῦ

2077 4007 2266 4072 καλοῦ,
2299 4010 2395 4062 καὶ
2417 4007 2496 4061 ἐτι
2533 4007 2738 4077 μᾶλλον
2785 4010 2913 4068 τοὺς
2944 4004 3231 4074 ἐγγυτάτω
3257 4005 3645 4073 λειτουργοῦν-

2075 4100 2171 4162 τάς
2204 4118 2310 4164 σοι,
2349 4100 2398 4154 οἳ
2446 4102 2582 4154 κατά
2643 4101 2731 4152 τὸν
2791 4099 2959 4164 άγὶως
2989 4096 3261 4166 ψάιλοντα
3310 4097 3648 4165 πορεύεεῑθαι

2071 4193 2295 4263 ἄμωμοι
2323 4194 2379 4246 ἐν
2401 4192 2504 4263 ὀδῷ
2535 4195 2602 4263 τῇ
2631 4193 2771 4245 κατά
2803 4191 2860 4243 σὲ
2887 4188 3293 4260 άπαιτούμεθα.
3331 4190 3645 4259 ιιορευόμε-

2071 4304 2160 4350 νος
2194 4287 2328 4356 γὰρ,
2357 4286 2551 4356 φησὶν,
2588 4286 2643 4338 ἐν
2668 4284 2771 4351 ὁδῷ
2801 4282 3038 4354 ἀμώμῳ,
3060 4277 3214 4344 οὗτός
3247 4299 3338 4349 μοι
3367 4282 3620 4351 ἐλειτουρ

2066 4397 2174 4449 γει,
2208 4381 2268 4433 οὐ
2323 4380 2431 4450 μὴν
2482 4379 2833 4450 παροιττρῶν
2868 4377 2961 4431 καὶ
3009 4377 3149 4432 κατά
3175 4377 3460 4447 φάραγγος
3491 4381 3644 4432 ἀπω-

2065 4470 2216 4534 λείας
2253 4471 2462 4540 τρέχων
2486 4468 2813 4532 ἀκάθεκτος.
2849 4465 3110 4539 Εὑξάμην
3135 4468 3192 4521 δὲ
3240 4469 3435 4532 οὕτως,
3461 4462 3507 4522 ὦ
3532 4471 3649 4539 φιλ-

3377 3095 3404 3144 ὀ
3437 3089 3651 3160 πρώτι-

389 4569 571 4609 autent
625 4558 728 4611 ltoe
773 4558 950 4618 modo,
1005 4571 1036 4606 o
1092 4553 1319 4608 Domine
1379 4553 1652 4605 hominum
1708 4555 1966 4608 amantis-

2076 4560 2324 4632 άνθρωπε
2343 4563 2542 4630 Κύριε,
2566 4561 2632 4614 δι’
2657 4561 2788 4614 αὐτὸ
2813 4561 2876 4632 δὴ
2906 4561 3066 4614 τοῦτο
3095 4562 3189 4614 καὶ
3219 4562 3403 4630 μόνον,
3425 4563 3508 4614 ὅτι
3536 4564 3644 4614 πᾶν

387 4649 548 4712 sime,
593 4651 662 4702 ob
733 4647 786 4702 id
831 4649 1030 4711 solum,
1095 4645 1218 4714 quia
1277 4658 1437 4697 omne
1489 4646 1684 4696 bonum
1739 4645 1969 4714 desuper

388 4738 551 4794 nobis
602 4753 697 4806 per
754 4749 805 4792 te
867 4739 1090 4801 accidit,
1160 4752 1266 4790 non
1331 4750 1511 4790 autem
1571 4737 1693 4804 quia
1754 4736 1969 4789 ditliizile

389 4845 614 4891 prorsus
674 4828 787 4882 fere
857 4829 1195 4896 impossibile
1257 4830 1370 4893 sit,
1425 4838 1484 4880 ut
1560 4826 1756 4880 malam
1807 4827 1965 4881 istam

385 4922 638 4974 ﬁduciam
667 4923 1004 4988 abﬁciantus,
1032 4920 1310 4974 deleamus
1344 4930 1398 4974 et
1425 4921 1489 4973 ad
1510 4919 1732 4971 nihilum
1761 4919 1971 4988 redigit-

386 5029 528 5068 ntus.
563 5011 900 5081 Simulatque
931 5013 1073 5067 enim
1107 5013 1401 5076 voluimus,
1428 5010 1517 5080 qui
1547 5010 1640 5065 tibi
1663 5009 1965 5076 obedimus,

383 5106 547 5158 ιιὶιιιιι
577 5103 905 5173 perfecimus
935 5122 951 5172 ;
994 5115 1050 5158 et
1079 5092 1403 5174 simulatque
1428 5105 1481 5156 in
1509 5104 1744 5156 animam
1803 5103 1961 5155 indu-

391 5203 594 5267 simus,
653 5202 722 5255 ad
755 5202 918 5258 ﬁnem
971 5204 1314 5272 pertigimus,
1361 5204 1465 5267 vel,
1498 5210 1554 5254 ut
1598 5198 1964 5270 prmgnantius

389 5299 531 5348 idetn
589 5296 855 5358 dicamus,
908 5296 1256 5365 simulatque,
1307 5311 1468 5350 curas
1530 5305 1746 5348 nostras
1806 5291 1859 5344 itt
1914 5299 1964 5343 te

388 5384 715 5453 t'ejicientes,
765 5388 1028 5443 adversus
1075 5390 1180 5442 ltoc
1251 5390 1453 5441 malum
1515 5395 1725 5441 nosmet
1785 5384 1966 5438 acciu-

385 5493 588 5542 xtmtts,
641 5479 921 5534 victoriam
967 5480 1380 5548 reportavintus.

459 5570 546 5624 '70.
575 5569 869 5625 Victoriam
903 5582 1082 5626 autem
1111 5571 1510 5639 reportabimos
1541 5571 1644 5624 ltoc
1674 5571 1864 5623 modo:
1903 5569 1966 5622 Si

386 5661 512 5726 quis
546 5661 649 5714 sibi
692 5661 852 5715 facile
883 5663 1212 5732 persuaserit
1241 5672 1296 5715 et
1327 5661 1492 5714 nimia
1523 5661 1718 5715 ﬁduCta
1769 5663 1963 5715 ductus

384 5751 454 5802 ad
487 5766 679 5805 manus
717 5769 837 5806 cum
869 5754 1030 5808 feroci
1063 5755 1225 5823 pugili
1256 5753 1618 5808 conserendas
1641 5764 1694 5806 et
1730 5769 1958 5821 pugnam

387 5857 510 5898 cum
537 5845 845 5903 adversario
865 5847 1151 5903 iucundam
1172 5847 1520 5917 processerit,
1551 5856 1606 5903 ut
1631 5846 1778 5902 brevi
1810 5856 1950 5914 post,

2071 4652 2275 4719 ἀγαθὸν
2299 4651 2508 4706 ἄνωθεν
2537 4653 2669 4720 ἡμῖν
2689 4650 2778 4704 διὰ
2805 4652 2898 4703 σοῦ
2929 4652 3254 4719 ἐπιγίνεται,
3284 4651 3342 4702 οὑ
3374 4653 3483 4720 μὴν
3506 4653 3642 4704 δ.ότι

2072 4742 2211 4792 πάνυ
2249 4741 2508 4810 δυσχερὲς
2557 4741 2654 4795 καὶ
2687 4741 2948 4795 ἀδυνάτου
3006 4743 3195 4808 ἔγγὺς,
3221 4742 3532 4810 ἀπορρῆξαι
3583 4744 3643 4795 τὸ

2069 4829 2274 4898 φαῦλον
2299 4831 2509 4900 πεῖσμα
2543 4832 2638 4883 καὶ
2663 4829 2913 4884 διαλῦσαι
2937 4831 3030 4884 καὶ
3051 4830 3317 4884 ἀναλῦσαι
3351 4833 3428 4892 ὡς
3467 4835 3547 4895 εἰς
3585 4837 3643 4886 τ’)

2060 4917 2258 4989 μηδὲν.
2290 4919 2443 4991 ’Δμα
2472 4921 2579 4991 γὰρ
2610 4921 2989 4992 ἐϐουλήθημεν
3016 4923 3065 4975 oi
3085 4923 3183 4991 τῆς
3214 4923 3308 4991 σῆς
3332 4923 3641 4994 ὑποταγῆς,

2071 5013 2164 5063 καὶ
2190 5011 2493 5082 ὴνύσαμεν,
2530 5011 2647 5081 ἅμα
2709 5013 3134 5083 ὲνενοησάμεθα,
3165 5015 3260 5066 καὶ
3300 5015 3642 5068 άπετελέσα·

2069 5119 2200 5171 μεν’
2233 5102 2321 5157 ἵνα
2340 5104 2396 5156 δὲ
2427 5105 2730 5175 μεγαλείως
2767 5107 3089 5176 φράσωμεν,
3124 5106 3241 5176 ἅμα
3279 5107 3642 5177 ὡπλίσθημεν

2069 5195 2208 5248 κατὰ
2242 5197 2414 5250 κακοῦ
2445 5197 2651 5250 τοιοῦδε
2696 5198 2747 5249 oi
2777 5198 2877 5264 τὴν
2906 5199 2964 5251 ἐν
2999 5199 3128 5266 ἡμῖν
3158 5199 3427 5267 μέριμναν
3457 5201 3554 5251 ἐπὶ
3584 5200 3643 5252 σὲ

2069 5287 2228 5354 μόνον
2259 5289 2701 5360 ὲπιρρίπτοντες,
2742 5289 2835 5342 καὶ
2877 5290 3278 5360 νενικήκαμεν,

2135 5558 2197 5605 o'.
2235 5551 2342 5603 Καὶ
2365 5553 2396 5620 ἡ
2428 5551 2654 5620 με’)οδος
2673 5554 2770 5624 τῆς
2797 5554 2954 5624 νίκης
2985 5557 3160 5610 τοιάδε
3185 5575 3291 5621 τις¹
3322 5557 3640 5617 ’Υποτεθεί-

2068 5641 2179 5695 σθω
2205 5661 2289 5706 τις
2313 5644 2509 5707 πείσας
2535 5647 2728 5698 ἑαυτὸν
2754 5648 3016 5717 εὐχερῶς,
3051 5653 3144 5702 καὶ
3172 5654 3380 5720 κραγόν
3424 5657 3640 5723 πεῖσμα

2067 5734 2400 5802 συμπλέξας,
2420 5736 2766 5789 ἐπανατεῖναι
2795 5739 2986 5808 χεῖρας
3012 5733 3338 5811 παῑαμναίῳ
3358 5746 3638 5812 πυγμάχῳ

2067 5829 2157 5878 καὶ
2189 5825 2284 5896 οἵῳ
2319 5827 2779 5899 καταπολεμῆσαι
2810 5832 2899 5883 τὸν
2932 5832 3348 5901 ἀνθιστάμενον,
3373 5833 3510 5887 ἀλλὰ
3550 5853 3624 5904 μι-
