3908 6600
203 446 306 511 τίίῦ

790 443 892 505 DE
932 442 1402 506 OBEDIENTIA
1443 446 1981 513 MAGISTRATUI
2025 449 2501 512 CHRISTIANO
2535 448 2833 512 DEBlTA.

3322 451 3432 525 346

207 564 326 631 χρὸν
353 559 441 614 καὶ
472 558 658 629 ἔτερος
688 557 851 612 αὐτὸν
887 560 1059 630 ἀνῆκε
1094 558 1287 626 θυμὸς,
1331 559 1570 628 ἀφέσθαι
1612 564 1734 633 τοιχί

1853 565 2122 617 sententia
2178 564 2484 628 immutata,
2543 566 2610 618 ab
2661 563 2756 617 illo
2800 565 3103 618 certamine
3128 566 3436 629 recesserit,

205 654 295 720 τῆς
314 649 510 721 τόλμης
532 650 772 719 ἐκείνης,
812 649 886 721 μὴ
916 652 1013 705 καὶ
1054 651 1413 722 ἀποθραυσθῇ
1436 653 1534 719 τῆς
1573 661 1763 723 κεφα-’

204 742 310 813 λῆς,
341 742 430 795 καί
457 757 556 795 που
587 741 686 795 καὶ
717 742 959 814 σποδηθῇ
992 740 1135 795 κατά
1158 742 1271 795 τον.
1295 743 1467 805 οὕτως
1496 743 1742 811 εἰπόντα,

204 837 288 889 καὶ
310 831 555 903 ἐπιτριόῇ
583 831 869 904 φλὼμενος
910 835 1005 887 καὶ
1041 834 1370 902 πνιγόμενος
1396 850 1409 863 ·
1461 833 1559 888 καὶ
1598 834 1745 903 λογι-

204 927 327 993 σμὸν
344 924 521 979 τοῦτον
540 925 798 997 δεύτερον
843 928 1066 981 συνετὸν
1095 926 1264 996 μωρῷ
1292 927 1486 995 ἐκείνῳ
1541 927 1743 999 πρώτῳ

201 1018 524 1088 ἀπιστήσας,
553 1017 651 1070 καλ⁸
682 1017 849 1087 ἄμφω
876 1017 1247 1079 ταλαντεύσας
1274 1018 1339 1070 ἐκ
1366 1018 1742 1087 παραθέσεως,

204 1109 286 1162 καὶ
315 1107 475 1178 ῥοπὴν
501 1109 755 1179 εὑρηκὼς
790 1109 846 1161 ἑν
868 1107 944 1178 τῷ
965 1108 1403 1179 δευτερεύσαντι,
1429 1109 1541 1178 ἔχει
1563 1109 1745 1177 λέγειν

204 1197 409 1263 ἀστείως
451 1197 587 1269 πρὸς
638 1199 732 1254 τὸν
758 1199 1107 1270 κατάρξαντα
1159 1200 1285 1254 νοῦν
1334 1203 1513 1255 ἐκεῖνο
1544 1202 1605 1255 τὸ
1631 1220 1739 1255 πα-

202 1293 364 1345 λαιόν·
391 1291 462 1356 ὡς
488 1293 551 1346 ού
580 1293 817 1360 πείσεις,
847 1293 956 1347 οὐδ’
989 1295 1061 1363 ἢν
1108 1294 1307 1365 πείσῃς
1327 1309 1341 1325 ⁸
1387 1295 1614 1360 ἔπεισας
1646 1296 1743 1366 μὲν

203 1386 315 1455 γὰρ.
336 1379 379 1440 ὦ
423 1384 579 1452 θυμὲ,
614 1386 803 1456 χεῖρας
827 1387 1083 1450 ἀντήρεις
1125 1386 1384 1459 ἀνασχεῖν
1416 1389 1558 1441 κατὰ
1591 1389 1745 1459 ίσχυ-

206 1478 399 1547 ῳτέρου
430 1478 571 1548 ἥπερ
604 1477 748 1546 ὲτιῖν
778 1478 839 1530 οὐ
868 1478 1066 1549 πείσῃς
1094 1478 1150 1532 δὲ
1182 1478 1334 1548 ὅμως
1365 1478 1448 1542 είς
1473 1479 1649 1544 τέλος,
1698 1480 1747 1533 εί

203 1569 284 1624 καὶ
305 1570 652 1640 παρέπεισας.
681 1568 1028 1638 Εύλαὸοὓμαι
1058 1568 1167 1641 γὰρ
1192 1570 1540 1637 ίλυσπᾶσθαι,
1569 1572 1747 1643 ριφεὶς

203 1664 271 1724 εἱς
292 1661 406 1730 γῆν,
447 1661 541 1713 καὶ
570 1659 716 1713 οὕτω
759 1659 1049 1731 την-ἓρψιν
1090 1661 1429 1729 ἀλλάξασθαι
1458 1662 1556 1734 τῆς
1600 1663 1750 1733 βαδί-

205 1771 349 1901 σαςἀῖ
377 1846 539 1901 Πάλιν
571 1847 834 1917 λογισμὸς
857 1847 1218 1919 παρέπλαγξέ
1249 1864 1398 1913 τινα,
1429 1848 1590 1902 ὁποῖα
1612 1849 1745 1901 πολ⁸

1855 663 2107 709 tnetuens
2136 668 2202 710 ne
2232 656 2411 724 capite
2446 668 2705 725 percusso
2739 655 2809 708 ad
2841 653 3099 719 nihilum,
3148 655 3227 709 uti
3261 657 3437 720 aiunt,

1852 747 2127 811 redactus,
2160 748 2451 813 contritus,
2483 745 2781 803 suffocatus
2810 755 3036 817 pereat;
3077 755 3133 801 et
3163 746 3209 801 si
3243 746 3443 801 deinde

1850 834 2019 902 priori
2051 836 2143 890 illo
2191 836 2466 904 insipienti
2513 836 2744 893 consilio
2797 838 3014 908 abiecto
3052 838 3198 892 aliud
3232 838 3437 906 ceperit

1850 926 2169 995 sapientius,
2201 938 2258 981 et
2282 938 2508 998 utroque
2535 928 2836 986 deliberato
2867 941 2922 985 et
2950 938 3289 998 comparato,
3325 945 3443 983 ηιθ-

1853 1031 2092 1077 mentutn
2121 1022 2386 1078 inclinare
2414 1023 2481 1077 ad
2499 1020 2795 1079 secundum
2829 1016 3347 1089 intellexerit,'tunc
3368 1024 3437 1078 ad

1854 1122 2090 1168 mentem
2122 1126 2226 1182 qua
2259 1114 2498 1181 priorem
2535 1123 2881 1183 suggesserat
2914 1114 3237 1167 sententiam
3290 1122 3440 1175 recte

1851 1204 2049 1274 poterit
2075 1203 2286 1261 dicere:
2321 1205 2552 1260 Suasisti
2581 1206 2826 1274 quidem,
2848 1212 2905 1258 at
2924 1218 3031 1258 non
3045 1202 3433 1272 persuadebis:

1852 1297 2067 1350 voluisti
2101 1296 2269 1362 enim,
2300 1304 2360 1351 ut
2383 1307 2574 1352 contra
2605 1296 2887 1351 fortiorem
2917 1310 3108 1365 pugna:
3135 1294 3433 1349 discrimen
3480 1305 3485 1311 ‘

1851 1386 2129 1453 subirem,
2162 1401 2341 1456 neque
2372 1398 2574 1452 tamen,
2620 1385 2873 1455 quamvis
2897 1399 2983 1439 me
3035 1386 3294 1439 seducere
3316 1392 3438 1439 stu-

1851 1478 2054 1544 (lueris,
2092 1479 2219 1533 mihi
2243 1493 2481 1548 unquam
2515 1478 2893 1547 persuadebis.
2936 1474 3143 1530 Vereor
3169 1475 3314 1530 enim
3341 1489 3434 1539 ne,

1848 1575 1918 1630 ad
1953 1585 2153 1630 terram
2204 1573 2411 1638 allisns,
2476 1572 2712 1643 rependo
2771 1572 2952 1641 potius
2981 1571 3084 1627 sim
3141 1568 3430 1637 obnoxius,

1851 1683 2013 1738 quam
2050 1678 2199 1724 recte
2234 1667 2537 1723 incedendo
2571 1667 2822 1722 idoneus.

1921 1844 2013 1898 7i.
2049 1841 2287 1899 Rursum
2319 1843 2482 1908 ratio,
2516 1843 2592 1897 uti
2625 1844 2768 1899 haud
2812 1856 2943 1898 raro
2986 1841 3236 1898 accidere
3268 1838 3425 1905 solet,

203 1938 402 2007 λὲφιλεῖ
428 1938 520 1993 καὶ
553 1938 780 1994 τοιαῦτα
804 1939 1073 2008 γίνεσθαι,
1101 1941 1350 2007 γενναῖον
1377 1935 1540 2004 εἶναι,
1568 1940 1734 1993 παλα-

1847 1934 2083 2005 aliquem
2111 1934 2341 1999 induxit,
2373 1945 2431 1990 ut
2460 1948 2784 2004 generosum
2814 1948 2935 1991 sese
2963 1932 3225 1991 exhibeat
3246 1941 3300 1985 et
3320 1932 3433 1984 im-.

207 2030 381 2099 μᾶσθαι
408 2030 801 2100 συμποδισμδν,
831 2030 887 2084 εῐ
912 2047 999 2096 τις
1033 2032 1115 2095 είς
1142 2032 1489 2103 παλαίστραν
1516 2032 1742 2087 ἀντικα-

204 2121 404 2193 τασταίη
431 2122 603 2193 αὐτῷ.
635 2124 747 2176 Καὶ
764 2123 1185 2195 ὲπανηγυρίσθη
1214 2124 1384 2193 ἀγὼν,
1411 2123 1507 2180 καὶ
1531 2123 1740 2195 ἐκηρύ-

205 2214 289 2284 χθη
315 2213 741 2285 παλαισμοσύνη,
773 2216 867 2270 καὶ
899 2214 1066 2280 αὐτὸς
1099 2217 1396 2287 παρεισέδυ
1429 2216 1488 2281 ἐς
1517 2217 1738 2294 μέσους,

205 2306 376 2359 ἐθέλων
404 2307 745 2380 συμπλοκὴν,
777 2308 870 2362 καὶ
903 2307 1123 2381 θαρρῶν
1173 2309 1602 2373 κατα-παλαίειν,
1642 2308 1741 2364 καὶ

203 2398 285 2468 ἢδη
304 2396 356 2451 εὖ
383 2399 525 2469 μάλα
549 2400 865 2470 συμπείσας
889 2400 1083 2454 ἑαυτὸν
1104 2404 1186 2465 εῖς
1210 2399 1467 2472 τοιαύτην
1487 2400 1734 2472 ἄθλησιν.

120 2493 128 2501 ’
210 2486 328 2541 Ἀλλ’
372 2490 590 2543 ἐπειδὰν
638 2491 1052 2562 ἀνταγωνιστὴν
1097 2490 1364 2561 θεάσηται
1392 2493 1654 2562 φανέντα,
1678 2492 1739 2547 ὃν

202 2577 264 2646 μὴ
293 2577 705 2651 ἑνθυμούμενος,
740 2580 876 2636 ἀλλὰ
899 2582 1023 2636 τότε
1063 2582 1277 2637 κατίδοι
1316 2581 1738 2654 ἐξανακύψαντα

199 2670 279 2722 καὶ
325 2672 400 2736 είς
442 2671 736 2726 ἀντίπαλον
785 2676 1244 2746 προχωρήσαντα,
1300 2675 1361 2728 ού
1416 2674 1630 2740 πείσεις
1659 2675 1738 2747 τῷ

197 2756 645 2832 πρώηνλογισμῷ,
688 2762 817 2833 ιφη,
850 2763 953 2818 κᾶν
985 2764 1203 2833 φθάσας
1231 2762 1459 2829 ἔπεισας
1485 2780 1501 2797 ·
1538 2766 1603 2820 οὐ
1625 2762 1736 2837 γὰρ

199 2851 426 2922 ἀνέξομαι
454 2854 643 2908 πεσὼν
675 2854 1089 2924 συντρίψεσθαι,
1147 2854 1241 2910 καὶΙ
1280 2854 1513 2910 καθόλου
1538 2857 1598 2909 εν
1621 2857 1737 2919 τοῖς

200 2940 424 3012 φρονοῦσι
475 2947 572 3000 καὶ
618 2944 856 3016 μαθοῦσι
904 2945 1282 3015 βουλεύεσθαι,
1314 2946 1410 2999 καὶ
1444 2942 1605 3009 αὖθις
1653 2948 1735 3010 είς

197 3035 298 3089 δέον
341 3036 855 3106 μεταϐουλεύεσθαι.
915 3037 1101 3091 Πείθει
1152 3039 1253 3111 μέν
1314 3056 1399 3102 τις
1452 3039 1648 3093 ἑαυτὸν
1675 3039 1734 3092 ὲν

199 3128 404 3194 πολλοῖς,
442 3130 537 3184 καὶ
574 3132 655 3196 είς
678 3148 730 3184 τι
759 3131 959 3201 ψεκτὸν
991 3133 1088 3185 καὶ
1114 3132 1486 3198 κατατίθεται,
1510 3131 1605 3185 καί
1627 3147 1737 3184 που

201 3222 489 3290 ἐρεθίζεται,
538 3224 636 3276 καὶ
690 3224 773 3287 είς
831 3223 992 3294 ἔργον
1045 3222 1274 3295 ἐξορμᾷ.
1319 3223 1638 3291 Μεταγνοὺς
1670 3221 1729 3275 δὲ

201 3315 391 3385 ἀφίησιν
417 3316 617 3378 ἐκεῖνο,
649 3316 729 3377 εἰς
753 3317 893 3385 ὅπερ
918 3313 1236 3376 κατένευσε,
1263 3313 1357 3366 καὶ
1380 3314 1566 3384 χαίρει
1588 3331 1729 3367 παυ-

205 3407 415 3473 οἱςιενος,
452 3407 546 3461 καὶ
568 3405 709 3474 λόγῳ
736 3405 985 3475 τοιούτῳ,
1028 3405 1077 3458 εί
1108 3405 1205 3459 καὶ
1239 3403 1557 3469 πέπεισται,
1577 3405 1729 3475 ὅμως

205 3498 352 3551 οὐκετι
373 3497 639 3562 πείθεται,
660 3499 846 3568 ὅμοιον
866 3497 998 3551 ὡσεὶ
1017 3497 1114 3550 καὶ
1136 3495 1400 3567 ὁρμηθεὶς
1431 3497 1572 3551 κατὰ
1591 3512 1729 3568 κρη-

207 3586 330 3654 μνοῦ,
358 3583 469 3641 εἶτα
510 3587 821 3659 μετάμελος
876 3586 1380 3657 ἐπαναστρὲψεται,
1411 3587 1508 3641 καὶ
1540 3585 1728 3652 ἔννους

204 3682 254 3732 ἐκ
268 3679 592 3748 δυσλογίστου
621 3679 874 3748 γένηται.
1642 3740 1647 3749 ἱ

255 3766 338 3838 οβ’.
364 3768 478 3840 Χρὴ
532 3768 717 3823 τοίνυν
771 3767 948 3831 οὓτως
994 3770 1091 3823 ἐπὶ
1136 3769 1361 3826 πάντων
1385 3770 1496 3825 τῶν
1523 3769 1729 3839 ὁμοίων

205 3857 428 3925 γίνεσθαι,
480 3857 558 3922 ὣς
588 3857 900 3922 ἀκολούθως
937 3859 1034 3912 καὶ
1061 3859 1235 3930 ἡμᾶς.
1292 3857 1729 3927 ἀναλασομένους

204 3952 373 4020 πεῖσμα
398 3949 670 4015 ὁπωσοῦν,
703 3950 815 4003 εἴτε
840 3948 898 4016 ἐξ
929 3949 1091 4020 ἡμῶν
1119 3950 1307 4004 αὐτῶν
1336 3947 1726 4012 ἁδούλως,εἰ¹τε

204 4041 314 4097 κατά
333 4041 676 4098 διδασκαλίαν
696 4040 1053 4107 κακόϐουλον,
1093 4042 1312 4105 πάντως
1345 4041 1401 4095 δὲ
1430 4041 1539 4095 ἀπὸ
1566 4042 1728 4111 ἀρχε-

204 4134 339 4188 athon
362 4134 627 4206 δαίμονος,
652 4135 748 4189 καὶ
789 4135 1161 4205 ὡρμημένους
1214 4137 1272 4195 ἐς
1298 4133 1500 4203 πρᾶξιν
1528 4136 1730 4188 ἀποτε-

204 4221 432 4278 λευτῶσαν
478 4226 558 4287 εἰς
619 4222 958 4294 φαυλότητα,
1009 4222 1386 4290 ἐνθυμεῖσθαι,
1448 4218 1587 4276 εἶναί
1610 4237 1730 4275 τινα

202 4313 325 4381 ἡμῶν
348 4315 649 4385 κρείττονα,
700 4313 797 4368 καὶ
829 4316 876 4367 εί
915 4313 991 4384 μὴ
1019 4312 1330 4385 ἄνθρωπον,
1385 4313 1524 4367 ἀλλά
1551 4328 1614 4381 γε
1637 4313 1731 4367 τὸν

203 4405 321 4474 Θεὸν,
334 4407 387 4471 ὃς
412 4408 588 4472 διδοὺς
608 4409 678 4461 τὰ
696 4406 879 4476 ἀγαθὰ
910 4406 1266 4475 καταγίνεται
1286 4409 1386 4478 τῆς
1408 4407 1727 4476 κακότητος,

204 4498 357 4552 ἑαυτὸν
385 4500 598 4562 πάντως
637 4498 868 4552 ἐκδικῶν
901 4497 991 4553 διὰ
1018 4497 1119 4568 τῆς
1159 4498 1420 4568 τοιαύτης
1445 4496 1733 4564 δπεξελεύ-

1845 2028 2151 2098 peditnenta
2176 2028 2222 2085 si
2256 2041 2378 2096 quae
2407 2027 2461 2082 in
2497 2040 2664 2082 arena
2694 2032 3007 2103 occurrant,
3030 2023 3242 2078 fortiter
3268 2020 3426 2090 disii-

1841 2119 1971 2175 cial.
2003 2118 2318 2176 Certatnine
2370 2106 2539 2190 igitur
2570 2116 2800 2185 indicto,
2838 2127 2895 2173 et
2938 2131 3113 2186 pugna
3158 2114 3427 2185 praeconis

1839 2226 1974 2269 voce
1990 2214 2333 2278 annuntiata,
2355 2213 2446 2267 ille
2462 2212 2515 2267 in
2538 2212 2773 2268 medium
2795 2211 3159 2282 progreditur,
3179 2206 3427 2264 certandi

1841 2304 2051 2373 avidus,
2089 2305 2158 2361 de
2185 2306 2412 2362 victoria
2450 2312 2660 2369 certus,
2699 2305 2814 2359 suis
2836 2303 3045 2358 viribus
3072 2301 3126 2357 in
3158 2299 3425 2369 ejusmodi

1839 2413 2135 2468 congressu
2165 2400 2395 2455 nimium
2426 2408 2688 2468 quantum
2716 2395 2978 2452 conlisus.
3009 2397 3081 2449 At
3108 2393 3199 2448 ubi
3230 2394 3423 2447 adver-

1838 2486 2042 2543 sarium
2063 2502 2222 2557 quem
2246 2500 2354 2543 non
2375 2494 2680 2557 potaverat,
2704 2493 3055 2555 apparentem
3077 2490 3423 2537 etarrectum

1838 2589 1894 2636 et
1921 2579 2062 2636 hosti
2082 2579 2297 2635 obviam
2323 2587 2544 2635 euntem
2575 2576 2860 2648 conspicit,
2891 2583 3018 2630 tunc
3039 2572 3263 2638 rationi,
3287 2572 3425 2628 dicit

1837 2670 2089 2741 quamvis
2133 2679 2291 2727 antea
2324 2668 2685 2741 persuaseris,
2716 2682 2825 2723 non
2855 2665 3085 2734 amplius
3114 2665 3423 2736 persuade-

1840 2762 1953 2828 bis;
1988 2762 2114 2818 nolo
2141 2763 2291 2818 enim
2330 2762 2473 2832 turpi
2500 2776 2633 2818 casu
2675 2759 2914 2825 conteri,
2946 2758 3042 2815 scd
3074 2757 3258 2829 potius
3293 2772 3423 2813 cum

1838 2852 2196 2922 prodentibus
2245 2852 2692 2925 sapientibusque
2722 2852 2861 2908 viris
2884 2850 3170 2907 consilium
3201 2849 3337 2906 inire
3362 2861 3423 2906 et

1838 2944 1904 2998 ad
1937 2943 2171 3001 oﬂicium
2196 2946 2421 3002 reverti.
2475 2944 2568 3001 Sic
2601 2943 2785 3000 multis
2820 2943 2878 2999 in
2910 2944 3074 3000 rebus
3124 2942 3287 2997 homo
3316 2942 3419 2997 sibi

1836 3039 2077 3096 conﬁsus
2108 3041 2191 3095 vel
2213 3039 2279 3095 ad
2299 3037 2501 3094 malum
2527 3039 2826 3109 propendet
2851 3046 2907 3092 et
2932 3036 3245 3094 stimulatur
3278 3036 3419 3090 adeo

1838 3141 1897 3186 ut
1928 3131 1996 3187 ad
2036 3146 2175 3203 opus
2224 3130 2641 3202 aggrediendum
2696 3138 2918 3200 paratus
2960 3128 3071 3194 sit;
3122 3127 3218 3183 sed
3245 3128 3420 3198 pretii.

1838 3223 2008 3278 tentia
2044 3231 2330 3294 correptus
2380 3221 2592 3277 desistit
2618 3221 2686 3275 ab
2712 3221 2805 3275 illo
2831 3221 2884 3274 in
2915 3221 3058 3288 quod
3088 3227 3248 3273 antea
3291 3232 3418 3288 pro-

1830 3314 1987 3369 clivis
1998 3310 2296 3381 exstiti[,et
2315 3315 2457 3383 quod
2474 3327 2580 3367 non
2600 3312 2904 3381 perrexerit
2920 3312 3144 3381 gaudet,
3157 3317 3419 3380 etquamo

1830 3407 1915 3461 vis
1967 3414 2127 3461 antea
2177 3407 2407 3462 cesserit
2453 3404 2720 3472 ejusmodi
2780 3404 3034 3467 consilio,
3081 3411 3260 3457 tamen
3307 3414 3415 3456 non

1831 3497 2065 3566 amplius
2091 3496 2256 3563 cedit,
2288 3495 2455 3552 veluti
2493 3495 2539 3550 si
2579 3495 2703 3565 quis
2736 3495 2807 3551 de
2841 3492 3145 3565 praecipitio
3175 3506 3298 3547 sese
3323 3494 3416 3547 dc-

1826 3587 2096 3659 jecturus,
2117 3597 2303 3659 postea
2324 3597 2530 3643 mutata
2555 3599 2735 3643 mente
2757 3587 3052 3643 revertitur
3076 3591 3132 3639 et
3158 3583 3414 3653 insipienc

1833 3677 1959 3734 tiam
1984 3678 2039 3733 in
2069 3678 2386 3749 sapientiam
2412 3686 2701 3749 permutat.

1900 3770 1991 3826 72.
2024 3769 2105 3825 Ita
2136 3769 2300 3840 igitur
2326 3772 2379 3825 in
2408 3771 2556 3825 omni
2583 3786 2639 3826 re
2661 3770 2824 3825 simili
2858 3768 2975 3825 ﬁeri
3029 3768 3208 3823 decet.
3237 3766 3410 3822 Nimi-

1830 3877 1949 3917 rum
1981 3863 2027 3916 si
2059 3862 2346 3918 consilium
2364 3863 2630 3932 cepimus,
2657 3863 2743 3917 vel
2768 3876 2836 3916 ex
2863 3861 3021 3916 nobis
3050 3860 3184 3931 ipsis
3211 3861 3411 3929 impru-

1831 3952 2102 4019 dentibus,
2136 3956 2224 4010 vel
2260 3962 2594 4024 praeceptum
2624 3952 2921 4019 malignum
2965 3958 3280 4031 sequentes,
3325 3950 3411 4005 vel

1831 4045 2063 4114 denique
2101 4046 2328 4101 daemoni
2362 4046 2628 4101 malorum
2659 4044 2891 4115 principi
2943 4046 3406 4114 obtemperantes,

1831 4143 1886 4190 et
1909 4137 1974 4189 ad
1999 4149 2139 4205 opus
2188 4136 2550 4205 improbitatis
2592 4136 2807 4190 macula
2864 4150 3142 4204 aspersum
3174 4135 3411 4204 accingi-

1830 4239 1975 4291 mur,
2008 4235 2118 4282 tum
2161 4236 2410 4297 reputare
2442 4227 2724 4292 debemus,
2746 4241 2869 4283 esse
2891 4226 3128 4295 aliquem
3158 4229 3433 4295 superior

1832 4333 1970 4385 rem,
2014 4319 2115 4374 etsi
2146 4332 2254 4373 non
2291 4319 2563 4373 hominem
2618 4325 2677 4372 at
2727 4318 2920 4372 saltem
2966 4319 3158 4383 Deum,
3191 4320 3304 4386 qui,
3329 4317 3406 4371 uti

1830 4410 2094 4465 bonorum
2145 4409 2290 4477 fons,
2351 4411 2692 4481 improbitati
2723 4411 3065 4480 adversatur,
3114 4410 3243 4467 etsi
3272 4413 3405 4482 quid

1831 4504 2097 4573 ejusmodi
2139 4504 2539 4570 admiserimus,
2572 4505 2783 4560 ulturus
2801 4516 2903 4560 est.
2933 4503 3051 4574 Ipse
3089 4505 3233 4560 enim
3259 4506 3404 4576 leges

206 4604 331 4654 σεως.
365 4591 598 4654 Ἐκεῖνος
620 4589 728 4661 γὰρ
756 4591 848 4644 καὶ
874 4589 1176 4661 νομοθέτης
1216 4588 1556 4658 ἀγαθότητος
1584 4590 1728 4643 ἀπάο

1841 4595 2061 4664 optimas
2093 4595 2248 4663 tulit;
2282 4596 2455 4667 ipsius
2486 4608 2569 4652 est
2598 4598 2832 4651 mundus
2859 4600 3170 4664 universus,
3228 4597 3404 4668 ipsius

205 4697 311 4751 σης·
337 4684 424 4736 καὶ
468 4680 638 4736 αὐτοῦ
679 4683 850 4748 εστιν,
904 4680 1099 4751 ὥσπερ
1138 4681 1166 4734 ό
1203 4680 1433 4751 κόσμος,
1458 4679 1603 4734 οὓτω
1632 4681 1728 4733 καὶ

203 4772 314 4837 ἅπας
334 4773 550 4844 κόσμιος
581 4772 910 4844 ἡγούμενος,
941 4775 1036 4828 καὶ⁵
1066 4774 1232 4829 αὐτοῦ
1258 4775 1378 4827 ἐστι
1408 4790 1479 4826 πα
1491 4771 1728 4844 ράγγελι

206 4878 281 4929 μα,
334 4864 614 4919 πείθεσθαι
652 4866 750 4920 καὶ
809 4865 1062 4921 ὑπείκειν
1102 4865 1216 4928 τοῖς
1263 4864 1618 4935 ἡγουμένοις,
1676 4862 1727 4916 οῖ

203 4953 373 5007 ἐκείνου
397 4955 533 5009 είσὶν
563 4954 927 5024 είκονίσματα
954 4954 1051 5009 καὶ
1078 4953 1399 5025 ἰνδάλματα.
1433 4951 1524 5006 Διὸ
1568 4953 1667 5007 καὶ
1690 4952 1725 5024 ἠ

202 5042 347 5098 αὐτῶν
371 5046 526 5119 ὕϐρις
556 5045 653 5101 καλ⁸
678 5045 853 5118 βλάϐη
876 5047 971 5100 καὶ
1005 5047 1039 5118 ὴ
1064 5046 1392 5102 κατάύτῶν
1417 5044 1602 5100 ἀδικία
1629 5044 1728 5098 καὶ

204 5137 453 5207 περιεργία
483 5138 581 5213 καὶ
606 5137 1013 5209 περιφρόνησις
1062 5139 1140 5201 εἰς
1168 5138 1378 5192 ἐκεῖνον
1412 5137 1729 5190 ἀναϐαίνειν

202 5218 598 5293 διαγινώσκεται,
648 5227 743 5282 τὸν
787 5227 1054 5298 μισοῦντα
1107 5228 1209 5301 μὲν
1232 5228 1327 5282 καὶ
1351 5226 1500 5282 ἀπαν
1532 5226 1724 5293 κακὸν,

203 5310 277 5384 οὐχ
294 5314 484 5385 ἥκιστα
501 5319 559 5371 δὲ
579 5317 681 5388 τὴν
709 5318 834 5373 κατ’
867 5318 1004 5373 αύτδ
1035 5319 1325 5391 ἐπιμονήν.

253 5411 332 5472 ογ.
359 5407 432 5462 οὐ
477 5409 588 5481 γὰρ
632 5407 784 5465 ἐστιν
831 5412 1134 5478 ἀντειπεῖν,
1182 5410 1258 5482 μὴ
1302 5410 1574 5483 ἐπιμονήν
1603 5426 1727 5463 τινα

204 5498 436 5571 χειρίστην
466 5501 564 5554 καὶ
593 5501 658 5553 τὸ
685 5502 898 5572 πεῖσμα
927 5498 1063 5556 εῖναι
1097 5502 1161 5555 τὸ
1191 5502 1395 5571 φαῦλον
1416 5542 1432 5568 ,
1470 5501 1570 5555 καὶ
1600 5501 1727 5554 ίδιό-

200 5597 308 5653 tnta
330 5586 528 5661 ξωίκὴν
553 5588 1016 5656 δυσαπάλειπτον,
1035 5591 1304 5664 πολλαχοῦ
1325 5591 1381 5645 δὲ
1409 5592 1505 5645 καὶ
1530 5591 1726 5656 ἀνεξά-

196 5668 396 5734 νλιιττσν.
419 5680 566 5753 Πλὴν
599 5671 820 5757 ἀλλᾱέν
846 5683 1161 5757 ἀνθρώποις
1189 5684 1436 5754 λογίμοις
1478 5684 1576 5739 καὶ
1602 5685 1725 5738 ὲπι-

204 5769 452 5838 σταμὲνοις
516 5742 909 5828 ύποκλίεέσθαι
953 5742 1156 5846 ιλόγῳ⁷
1191 5742 1289 5830 καὶ
1313 5742 1727 5830 ἐπτιπείθεσθαι

204 5858 279 5915 οὐκ
318 5863 427 5920 ἔστι
463 5866 545 5937 μὴ
575 5866 978 5941 ἐξαλείφεσθαιξ
1001 5869 1095 5924 καὶ
1157 5868 1258 5939 τὴν
1318 5867 1578 5942 τοιαύτην
1623 5868 1724 5923 οὐκ

1828 4700 2016 4743 onmes
2049 4688 2235 4743 mundi
2258 4689 2569 4758 principes;
2610 4690 2725 4758 ipse
2759 4689 3038 4761 praecepit,
3088 4697 3146 4745 ut
3177 4689 3402 4746 obedia-

1828 4792 1951 4835 mus
1981 4788 2036 4834 et
2077 4776 2285 4837 rnorem
2321 4794 2580 4851 geramus
2621 4782 2996 4852 superioribus
3053 4782 3148 4851 qui
3198 4781 3403 4852 eﬂigies

1827 4869 1947 4939 ejus
1976 4877 2104 4926 sunt
2131 4885 2196 4926 ac
2227 4872 2540 4929 simulacra.
2603 4874 2742 4929 Hinc
2770 4881 3016 4944 apparet,
3052 4889 3242 4930 eorum
3267 4888 3402 4929 con-

1832 4964 2133 5032 tumeliam,
2148 4966 2526 5032 offensionem,
2543 4965 2822 5035 iniuriam,
2841 4975 3210 5036 contemptum
3227 4967 3405 5023 redire

1828 5064 1896 5116 ad
1948 5058 2126 5129 illum,
2183 5063 2277 5130 qui
2322 5067 2380 5116 et
2412 5073 2632 5114 omnem
2686 5057 2973 5126 malitiam,
3025 5071 3080 5115 et
3125 5059 3182 5114 in
3213 5057 3404 5130 primis

1826 5152 2303 5224 perseverantiam
2326 5152 2380 5207 in
2404 5165 2468 5207 ea
2496 5150 2622 5206 odio
2652 5149 2835 5206 habet.

1897 5408 1989 5463 π.
2020 5408 2165 5463 Inter
2213 5419 2404 5462 omnes
2437 5407 2583 5461 enim
2618 5413 2857 5470 constat,
2885 5405 3138 5460 ﬁduciam
3182 5418 3400 5490 pet-ver.-

1826 5517 1942 5558 sam
1973 5516 2097 5558 esse
2124 5499 2378 5571 pessimis
2412 5500 2717 5568 quibusque
2760 5499 3152 5555 aceensendam
3172 5536 3190 5564 ,
3225 5497 3388 5566 siqui-

1829 5598 1950 5651 dem
1996 5592 2214 5651 aﬂectio
2238 5601 2322 5648 est
2358 5593 2550 5659 animi,
2575 5606 2695 5661 qua:
2722 5591 2946 5671 nonnisi
2977 5590 3282 5652 difﬁculter.
3311 5590 3400 5645 in-

1824 5687 2043 5742 terdum
2094 5696 2275 5742 autem
2309 5685 2462 5741 nullo
2501 5688 2661 5741 modo
2686 5685 2955 5757 supprimi
2987 5691 3186 5753 potest.
3227 5681 3401 5739 Caete-

1828 5793 1946 5831 rum
1983 5776 2232 5832 homines
2259 5774 2491 5832 solertes
2521 5775 2823 5845 rationique
2841 5774 3062 5830 obedire
3100 5781 3154 5827 et
3175 5771 3398 5842 obsequi

1828 5867 2064 5926 scientes
2091 5866 2240 5923 illam
2264 5865 2463 5923 malam
2486 5863 2826 5923 aii'ectiouent
2862 5864 2980 5921 sine
3010 5864 3175 5922 dubio
3199 5879 3399 5924 exuere
