3908 6562
457 435 559 498 347

1152 431 1580 494 EUS’l‘ATHII
1617 426 2371 491 THESSALONICENSIS
2398 424 2964 486 ME'I‘ROPOLszE

3595 428 3705 492 358

459 534 686 598 possunt
717 541 732 578 :
759 539 953 594 neque
990 524 1135 580 enim
1172 541 1200 579 a
1236 535 1426 580 natura
1463 525 1543 579 eis
1591 525 1758 578 indita
1787 533 1897 586 est,
1935 523 2028 576 sed

2142 521 2348 591 ἀγαθὴν
2381 519 2642 591 ἰδιότητα,
2667 519 2916 589 ὃτι’μηδὲ
2960 519 3023 571 ἐκ
3070 516 3283 585 φύσεως
3314 518 3502 582 αὖτοΐς
3535 521 3700 586 αὐξά-

457 633 555 688 pcr
580 616 775 672 malam
806 616 1107 669 doctrinam
1137 623 1191 669 et
1211 615 1650 671 consuetudinem
1687 614 2021 667 incrementa

456 708 600 778 capit
634 719 688 761 et
732 707 1030 771 stabilitur,
1066 707 1150 762 vel
1189 708 1392 776 potius,
1446 717 1502 760 ut
1556 703 1896 758 manifestius
1941 704 2025 757 lo—

456 810 612 861 qnar,
650 809 744 862 per
777 794 1155 849 conﬁdentiam
1197 809 1507 863 perversam
1540 809 1659 862 qua:
1699 803 1752 848 ct
1784 794 1897 863 ipsa
1927 795 2024 847 du-

455 887 576 954 plex
612 895 716 940 est.
769 885 977 939 Etenim
1009 897 1101 938 aut
1135 900 1165 939 a
1201 887 1495 954 semetipso
1527 887 1648 954 quis
1689 886 1847 939 talem
1883 902 2024 938 uan-

456 977 684 1032 ciscitur
731 975 1133 1040 conﬁdentiam,
1193 976 1315 1028 dum
1365 974 1574 1028 scilicet
1637 989 1831 1040 magno
1896 989 2020 1028 cum

456 1066 643 1120 labore
681 1081 801 1121 sese
835 1068 1012 1120 erudit
1060 1067 1382 1134 instruitque
1424 1076 1476 1118 et
1508 1067 1588 1121 sic
1637 1065 1777 1119 male
1826 1066 2021 1120 ﬁducia

457 1157 731 1224 impletur,
790 1165 884 1210 aut
942 1156 1156 1210 aliunde
1209 1157 1471 1224 principia
1529 1162 1715 1218 sumit.
1772 1159 2021 1227 malaque

455 1248 806 1314 persuasione
831 1249 1086 1302 seductus
1116 1248 1494 1301 consuetudini
1528 1265 1686 1317 quant
1716 1249 1877 1302 scnn-l
1903 1266 2018 1300 am-

456 1340 644 1408 plexos
678 1348 783 1403 est,
823 1339 1172 1408 pertinaciter
1202 1337 1529 1392 inhaerescit.
1565 1339 1680 1393 Nisi
1721 1340 1866 1392 enim
1898 1340 2021 1408 quis

456 1433 628 1485 nimio
661 1431 736 1485 rei
771 1431 1005 1500 alicujus
1041 1445 1228 1484 amore
1271 1438 1537 1493 teneatur,
1572 1429 1661 1482 vix
1694 1429 1742 1483 ei
1795 1429 2022 1482 inltazreo

455 1524 554 1587 bit,
587 1523 680 1576 sed
712 1523 894 1592 potius
930 1520 1092 1582 facile
1130 1536 1194 1575 ea
1230 1520 1414 1575 relicta
1449 1520 1516 1574 ad
1546 1520 1704 1573 aliam
1746 1518 2017 1572 trattsibit.

454 1614 550 1668 Illa
585 1617 744 1684 igitur
775 1614 940 1666 animi
973 1612 1189 1666 all‘ectio
1211 1629 1314 1667 non
1345 1615 1410 1666 ad
1441 1613 1712 1666 hominem
1747 1611 2016 1680 vulgarem

455 1707 714 1776 pertinet,
763 1708 856 1758 sed
892 1706 1185 1758 ascititium
1233 1704 1520 1758 manifesto
1545 1704 1671 1771 quid
1706 1714 1787 1758 est
1821 1713 1873 1756 et
1926 1719 2019 1769 per

453 1797 761 1852 doctrinam
815 1798 1292 1866 snperinduettnn,
1349 1797 1614 1866 siquidem
1669 1797 1751 1850 Vel
1801 1799 1867 1850 ab
1915 1796 2021 1849 alio

455 1892 710 1960 quopiam
745 1889 800 1943 in
831 1889 921 1942 illa
953 1889 1093 1943 mala
1123 1889 1404 1944 allectione
1437 1891 1792 1944 c0nlirmatus
1813 1899 1916 1953 est,
1945 1889 2027 1943 vel

454 1997 574 2034 eant
602 1995 699 2036 sua
727 1991 920 2048 sponte
949 1979 1186 2044 admisit,
1224 1980 1383 2046 eique
1417 1979 1810 2034 contumaciter
1836 1982 2024 2034 addic-

457 2083 546 2126 tus
595 2073 646 2125 itt
704 2073 818 2128 dies
866 2071 1161 2125 ardentiori
1213 2074 1397 2126 studio
1447 2073 1709 2134 incubuit,
1755 2088 1858 2125 non
1896 2073 2017 2128 sine

2127 631 2279 668 νεται
2301 612 2362 666 τὸ
2391 613 2651 678 τοιοῦτον,
2693 612 2829 666 ἀλλὰ
2856 612 2944 665 διὰ
2969 612 3068 666 οὐκ
3103 609 3462 664 εὖπαιδεύτου
3494 611 3707 663 συνεθι-

2126 705 2272 774 σμοῦ
2293 706 2387 759 καὶ
2413 705 2606 773 φύεται
2625 705 2720 758 καὶ
2736 704 3050 775 ἁδρύνεται,
3069 703 3404 774 σαφέστερον
3423 703 3478 756 δὲ
3503 705 3702 762 εἰπεῖν,

2126 797 2216 850 διὰ
2264 797 2476 866 φαύλης
2513 792 2754 860 πειθοῦς,
2824 795 3021 864 διπλῆς
3070 796 3164 848 καὶ
3203 793 3427 863 ταύτης.
3496 793 3566 844 Ἦ
3593 793 3704 859 γάρ

2125 887 2340 940 οἴκοθεν
2369 885 2615 940 πείθεται
2638 903 2746 952 τις,
2772 886 3048 956 μοχθηρὸν
3081 885 3241 944 αὐτὸς
3271 883 3461 936 ἑαυτὸν
3480 881 3704 946 διδάξας

2126 978 2222 1031 καὶ
2243 978 2540 1040 παιδεύσας
2565 978 2658 1032 καὶ
2683 978 2887 1048 στήσας
2920 974 3286 1045 πεισματικδν
3312 972 3500 1035 κακῶς
3536 967 3706 1030 εἶναι,

2128 1070 2159 1142 ἢ
2198 1069 2466 1138 ἑτέρωθεν
2519 1067 2851 1139 παραλαχὼν
2879 1069 3075 1138 ἀρχάς,
3110 1067 3204 1118 καὶ
3238 1066 3582 1132 πειθανάγκῃ
3637 1066 3712 1132 τῇ

2125 1161 2337 1214 ἐκεῖθεν
2395 1160 2820 1230 παρελκυσθεὶς,
2876 1159 2973 1212 καὶ
3015 1158 3158 1211 οὕτω
3195 1155 3475 1224 διαμείνας
3537 1155 3712 1213 κακὸς

2125 1254 2391 1322 ἐπιμονῆς
2425 1251 2589 1320 λόγῳ,
2620 1250 2882 1320 φιλτάτης
2909 1249 3076 1318 αὐτῷ.
3113 1249 3188 1302 Οὐ
3222 1251 3331 1318 γὰρ
3360 1250 3424 1302 ἄν
3469 1265 3584 1311 τις,
3632 1247 3713 1314 μὴ

2125 1343 2437 1414 ὑπερφιλῶν
2462 1344 2713 1414 πρᾶγμα.
2733 1345 3036 1412 παραμενεῖ
3060 1343 3114 1404 ἐς
3139 1341 3287 1394 αὑτό·
3314 1340 3447 1392 ὰ).λὰ
3462 1338 3602 1408 ταχὺ
3623 1338 3716 1389 ὲκ-

2125 1434 2372 1504 πηδήσας
2387 1433 2852 1504 ἀπαλλαγήσεται.
2867 1433 2942 1486 Οὐ
2958 1433 3135 1486 τοίνυν
3155 1433 3348 1485 ἰδιότου
3365 1427 3442 1502 [al
3449 1470 3463 1484 .
3481 1427 3716 1498 ἰδιότηςι

2127 1525 2418 1596 ἀνθρώπου
2455 1525 2516 1578 τὸ
2550 1526 2790 1578 τοιοῦτον
2821 1525 2990 1586 πάθος
3029 1526 3201 1586 ὲστ“.ν,
3243 1522 3378 1575 ἀλλὰ
3413 1523 3714 1586 ἐπίκτητον

2126 1615 2267 1672 εἶναι
2307 1619 2397 1671 καὶ
2425 1618 2669 1671 διδακτὸν
2703 1619 2987 1686 ἔγνωσται,
3033 1617 3151 1686 ἦτοι
3204 1617 3516 1678 πεισθέντος
3564 1613 3715 1673 τινός

2128 1710 2293 1762 ποθεν
2316 1708 2532 1773 ἔξωθεν,
2557 1709 2588 1776 ἢ
2617 1706 2940 1776 αὑτομαθῶς
2969 1704 3230 1766 παθτῖντος
3247 1704 3345 1773 τὴν
3371 1703 3594 1764 κακίαν,
3619 1700 3716 1752 καὶ

2135 1801 2388 1868 μένοντος
2438 1798 2706 1862 τοιούτου,
2763 1797 2858 1850 καὶ
2927 1795 3299 1864 ὲπαυξομένου
3341 1795 3720 1860 καὶστερεου-

2136 1893 2297 1959 μένου
2337 1893 2415 1955 εἰς
2444 1890 2690 1960 διηνεκὲς
2728 1888 2980 1956 δαιμονίᾳ.
3010 1887 3411 1954 συναντιλήψει,
3447 1886 3543 1937 καὶ
3577 1884 3720 1937 κατὰ

2133 1982 2255 2045 ἔθος
2289 1985 2369 2044 εἰς
2395 1984 2656 2051 δευτέραν
2707 1977 2820 2036 οἷον
2875 1980 3039 2048 φύσιν
3085 1978 3423 2047 ἀποϐεϐηκὸς
3478 1994 3720 2045 γεγενη-

2127 2075 2288 2144 μένου
2325 2094 2388 2130 πε
2400 2075 2712 2144 ισματικοῦ.

455 2167 583 2220 ntali
613 2168 752 2238 genii
793 2167 1016 2231 auxilio,
1045 2177 1099 2222 et
1132 2167 1229 2230 sic,
1269 2167 1515 2233 improba
1582 2169 1975 2224 consuetudine
2051 2168 2102 2223 in
2154 2171 2382 2225 alteram
2445 2171 2606 2224 Veluti
2663 2180 2908 2225 naturam
2973 2177 3328 2232 transeunte,
3381 2166 3719 2222 conﬁdentia

461 2265 602 2318 male
635 2263 847 2317 inflatus
879 2273 994 2318 est-

527 2354 618 2409 74.
677 2353 770 2409 Est
810 2365 991 2409 autem
1031 2352 1224 2408 ﬁducia
1275 2355 1499 2408 omnino
1552 2355 1718 2409 animi
1767 2369 2021 2423 perseve-
2055 2371 2096 2423 ις

457 2448 634 2502 rantia
661 2462 689 2500 a
718 2447 856 2501 mala
887 2447 1213 2500 conﬁdentia
1246 2448 1510 2518 originem
1540 2457 1719 2509 nacta,
1743 2458 1798 2502 et
1832 2449 2032 2516 perdu-

455 2543 596 2597 ratio
629 2540 783 2595 ﬁrma
820 2549 874 2594 et
913 2549 1192 2603 constans,
1241 2540 1292 2594 id
1341 2550 1420 2594 est
1467 2540 1843 2595 immutabilis.
1903 2541 2038 2594 Pro-

457 2643 642 2705 pterea
691 2635 852 2687 homo
889 2632 971 2687 sic
999 2631 1228 2687 all'ectus
1255 2633 1378 2700 jure
1413 2633 1719 2701 meritoque
1747 2632 2039 2702 appellabi-

460 2734 550 2778 tur
578 2732 739 2777 tenax
786 2721 1044 2791 propositi
1076 2731 1132 2776 et
1171 2736 1526 2790 perseverans
1555 2731 1610 2776 et
1656 2723 2030 2790 inexorabilis,

459 2830 570 2871 non
624 2824 732 2868 tam
793 2815 1088 2870 secundum
1150 2825 1400 2868 naturam
1468 2814 1806 2884 simpliciter,
1869 2831 2030 2886 quant

459 2905 760 2962 secundum
801 2907 1072 2975 propriam
1106 2905 1441 2960 voluntatem
1492 2905 1763 2974 animique
1800 2920 2032 2974 propen-

459 2998 693 3060 sionem,
747 2998 903 3066 cujus
953 3007 1270 3068 potestatem
1312 2997 1429 3067 ipse
1478 2999 1660 3054 habet.
1715 2999 1830 3053 Etsi
1884 2999 2026 3052 enim

462 3099 670 3142 natura:
717 3087 924 3143 indoles
975 3089 1170 3142 mutari
1222 3090 1426 3156 nequit,
1457 3099 1695 3144 attamen
1745 3104 1862 3158 quas
1909 3097 2032 3158 pOst

462 3188 713 3232 naturam
746 3187 892 3241 sunt,
936 3178 1315 3243 immutantur,
1342 3188 1398 3233 et
1436 3179 1704 3248 imprimis
1734 3179 1887 3232 dotes
1929 3179 2032 3230 hu-

462 3283 639 3322 manae
682 3267 902 3338 proprie
942 3268 1100 3322 dit-tte
1144 3269 1353 3322 facilius
1390 3269 1586 3322 mutari
1626 3279 1852 3336 queunt,
1893 3283 2032 3336 prat-

461 3361 656 3414 sertim
701 3359 790 3412 ubi
839 3359 904 3411 ad
944 3360 1197 3412 virtutem
1234 3369 1486 3428 vergunt,
1523 3372 1684 3426 quam
1747 3358 1888 3412 Deus
1920 3359 2036 3424 ipse

461 3450 706 3518 adjuvat,
731 3449 798 3504 ab
829 3449 1176 3517 improbitate
1201 3464 1304 3505 nos
1327 3452 1624 3515 abducens,
1682 3449 1757 3503 uti
1782 3450 1942 3502 etiam
1978 3448 2033 3501 in

463 3541 656 3595 ﬁducia
692 3549 937 3607 apparet.

535 3631 623 3685 75.
662 3631 718 3684 Si
749 3633 893 3685 enim
932 3633 1032 3685 ltoe
1059 3633 1202 3701 quod
1234 3633 1449 3687 videtur
1483 3643 1536 3688 et
1582 3633 1725 3702 quod
1755 3631 2028 3686 hominem

463 3723 529 3775 ad
558 3723 826 3792 agendum
858 3721 1086 3791 impellit
1113 3737 1178 3777 ac
1235 3725 1548 3792 persuadet,
1584 3735 1791 3777 naturae
1834 3724 2033 3775 buma-

2195 2357 2286 2412 06'.
2324 2356 2433 2410 Καὶ
2465 2355 2582 2408 ἔστι
2609 2355 2670 2407 τὺ
2698 2357 2906 2422 πεῖσμα
2926 2355 2984 2407 ὲν
3014 2352 3092 2424 τῷ
3120 2352 3350 2406 καθόλου
3384 2351 3554 2422 ῆθους
3587 2353 3719 2402 ὲπι-

2135 2450 2271 2522 μονὴ
2291 2451 2376 2502 διὰ
2410 2447 2844 2518 προϋπαρξάσης
2880 2445 3092 2517 φαύλης
3120 2444 3363 2508 πειθοῦς,
3395 2445 3491 2497 καὶ
3515 2445 3720 2496 ἐνστα-
3750 2455 3752 2457 '

2135 2567 2220 2610 αις
2255 2547 2451 2614 ἀτενὴς
2477 2546 2569 2598 καὶ
2599 2543 2965 2613 ἁμετάόατος,
2987 2540 3185 2595 ταυτὸν
3210 2540 3254 2592 δ’
3281 2540 3484 2602 εἰπεῖν,
3509 2540 3722 2604 ἀμετά-

2134 2640 2288 2702 θετος
2313 2655 2327 2668 ·
2367 2638 2447 2691 διὸ
2476 2638 2571 2690 καὶ
2615 2634 3039 2706 ἰσχυρογνώμων
3076 2631 3275 2700 λέγοιτ’
3302 2632 3367 2686 ἂν
3395 2630 3652 2699 ἀκριϐῶς
3694 2633 3723 2680 ὁ

2131 2731 2290 2786 τοῦτο
2319 2732 2546 2800 πάσχων
2574 2727 2885 2799 ἄνθρωπος,
2911 2726 3005 2779 καὶ
3023 2725 3289 2796 ἐνστάτης
3314 2723 3718 2793 ἀπαραίτητος,

2132 2823 2193 2877 οὐ
2227 2822 2410 2890 μέντοι
2446 2820 2591 2873 κατὰ
2620 2819 2785 2886 φύσιν
2814 2817 3068 2884 ἀκράτως
3117 2816 3208 2868 καὶ
3237 2815 3580 2883 καταμόνας,
3641 2815 3719 2873 ὡς

2133 2913 2308 2976 οὕτως
2329 2915 2531 2976 εἰπεῖν,
2555 2911 2692 2965 ἀλλὰ
2727 2911 2866 2962 κατὰ
2889 2910 3089 2962 οἰκεῖον
3112 2908 3323 2976 θέλημα
3350 2905 3445 2959 καὶ
3469 2903 3719 2976 ψυχικὴν

2136 3005 2338 3073 ὁρμὴν,
2374 3000 2441 3075 ἧς
2485 3003 2646 3064 αὐτός
2685 3001 2802 3054 ἐστι
2840 2999 3052 3070 κύριος.
3114 2999 3176 3051 Εἰ
3212 2998 3317 3069 γὰρ
3357 2996 3451 3049 καὶ
3482 2997 3548 3049 τὸ
3576 2996 3722 3048 κατᾶ

2139 3096 2304 3165 φύσιν
2351 3093 2685 3164 μεταθέσθαι
2709 3093 2810 3145 οὐκ
2867 3091 3040 3157 ἔστιν,
3093 3089 3230 3142 ἀλλὰ
3261 3088 3330 3140 τὰ
3357 3087 3500 3155 μετὰ
3531 3086 3726 3154 φύσιν,

2141 3189 2233 3238 καὶ
2257 3183 2494 3254 μάλιστά
2517 3200 2575 3236 τε
2599 3186 2668 3242 τά
2695 3183 2820 3235 κατ’
2863 3181 3153 3253 ἄνθρωπον
3185 3179 3315 3250 ῥᾷον
3354 3177 3588 3231 δύναται
3621 3195 3721 3246 με-

2141 3273 2478 3337 τατίθεσθαι,
2514 3273 2610 3324 καὶ
2652 3271 2953 3342 ὲπιμᾶλλον
3007 3270 3076 3324 τὰ
3101 3272 3181 3332 εἰς
3220 3268 3420 3339 ἀρετὴν
3451 3269 3722 3338 ῥέποντα,

2139 3363 2206 3440 ἦς
2238 3367 2375 3437 πρὸς
2432 3366 2728 3436 ὲξόρθωσιν
2760 3365 2925 3427 αὐτὸς
2975 3365 3003 3416 ό
3046 3362 3180 3424 Θεὸς
3224 3360 3718 3430 ἀντιλαμϐάνεται,

2140 3460 2370 3528 ἀπάγων
2394 3460 2540 3528 ἡμᾶς
2565 3458 2664 3526 τῆς
2695 3457 2776 3519 εἰς
2810 3456 2868 3510 τδ
2895 3455 3137 3508 ἐναντίον
3160 3453 3415 3522 σπουδῆς,
3439 3451 3607 3504 ὁποία
3637 3467 3724 3514 τις

2139 3549 2236 3602 καὶ
2265 3551 2359 3604 ἐπὶ
2386 3548 2481 3602 τοῦ
2509 3549 2814 3618 πείσματος
2842 3549 3117 3617 φαίνεται.

2215 3640 2306 3694 οε⁹.
2345 3641 2408 3694 Ei
2438 3641 2540 3710 μὲν
2568 3641 2679 3709 γάρ
2708 3641 2766 3692 τὸ
2791 3640 2948 3704 δόξαν
2975 3639 3068 3691 καὶ
3106 3635 3456 3704 ὑποκινῆσαν
3483 3637 3584 3687 καὶ
3614 3652 3721 3687 πα-

2149 3732 2414 3798 ραπεῖσαν
2458 3730 2538 3793 εἰς
2601 3728 2802 3797 πρᾶξιν
2851 3728 2944 3778 τὸν
2995 3724 3281 3794 ἄνθρωπον
3340 3723 3724 3792 ἀπάνθρωπον

466 3829 550 3867 na:
589 3813 924 3868 contrarium
979 3824 1065 3868 est
1104 3812 1358 3883 ﬂectique
1414 3816 1686 3879 nescium,
1717 3816 1824 3867 imo
1883 3813 2033 3867 nimi-

2146 3824 2289 3884 ἐστι,
2315 3822 2408 3874 καὶ
2434 3823 2514 3881 εἰς
2544 3819 2696 3873 οὐδὲν
2736 3817 3012 3888 μαλθακὸν
3054 3816 3350 3880 ἐνδίδωσιν,
3375 3815 3512 3868 ἀλλὰ
3552 3815 3723 3884 σκλη-

468 3921 556 3959 uut
601 3915 868 3973 quantum
925 3904 1167 3959 indurat.
1226 3905 1372 3959 Talis
1427 3907 1656 3959 allectus
1686 3920 1793 3958 non
1823 3916 1906 3958 est
1937 3905 2041 3959 nisi

468 4012 680 4050 merum
733 3996 1020 4050 arbitrium
1071 4005 1125 4050 et
1150 3997 1372 4052 habitus
1425 3996 1723 4064 singularis
1758 4012 1880 4050 eum
1918 3996 2039 4066 qui,

468 4088 639 4142 veluti
681 4089 918 4157 sapiens,
969 4099 1120 4143 tanta
1181 4103 1305 4143 cum
1340 4090 1640 4158 pertinacia
1674 4089 1724 4142 in
1755 4088 1896 4142 malo
1925 4103 2046 4156 per-

465 4183 630 4250 sistit,
707 4181 1092 4237 ostentationis
1190 4183 1402 4236 macula
1480 4198 1798 4252 aspergens.
1871 4179 2044 4234 Porro

465 4273 734 4341 ejusmodi
763 4273 990 4329 allectus
1018 4275 1072 4328 in
1099 4275 1496 4344 singularitatis
1526 4275 1791 4338 studium,
1825 4288 2041 4334 vanam,

465 4366 885 4421 ostentationem
929 4367 1351 4436 superbiamque
1376 4369 1686 4437 degenerat.
1741 4365 1858 4419 .lam
1915 4379 2044 4418 vero

474 4467 728 4527 reputare
782 4460 1066 4522 debemus,
1101 4459 1387 4511 Dominum
1443 4459 1536 4527 qui
1600 4457 1850 4526 superbis
1909 4455 2047 4510 resi-

471 4553 594 4613 stit,
621 4565 965 4619 nequaquam
999 4549 1181 4603 lavere
1211 4549 1304 4602 tali
1340 4548 1476 4602 velle
1502 4547 1841 4600 conﬁdentia:
1870 4563 1898 4599 a
1937 4561 2041 4615 qua

470 4641 686 4696 Luciler
714 4654 945 4694 exorsus
973 4650 1076 4703 est,
1127 4647 1314 4708 utpote
1341 4639 1457 4708 qui,
1487 4637 1743 4704 superbia
1792 4651 1857 4689 ac
1887 4637 2042 4691 vani-

468 4745 581 4788 tate
636 4731 914 4796 seductus,
950 4745 1073 4783 cum
1117 4731 1221 4783 alia
1265 4747 1457 4800 inagna
1485 4729 1722 4795 ell'tcere,
1752 4739 1862 4782 tum
1891 4730 2046 4783 thro-

467 4840 600 4878 num
639 4837 798 4876 suum
842 4821 897 4874 in
927 4821 1164 4877 nubibus
1197 4822 1465 4877 collocare
1510 4831 1562 4877 et
1596 4822 1677 4879 sic
1718 4822 1826 4877 Deo
1849 4821 2042 4877 similis

468 4916 582 4969 ﬁeri
625 4913 874 4984 jactavit.
1019 4981 1023 4986 ι

538 5006 626 5062 76.
667 5007 772 5072 Qui
819 5021 942 5060 cum
1010 5005 1103 5060 tali
1163 5005 1364 5060 ﬁducia
1422 5006 1772 5074 inniteretur,
1826 5013 2041 5061 veteres

468 5099 587 5168 ejus
644 5101 888 5160 asseclte,
965 5101 1274 5169 exemplum
1329 5098 1475 5153 illius
1532 5100 1727 5161 secuti,
1781 5098 1867 5150 vix
1933 5095 2039 5150 dici

2153 3915 2370 3982 ρύνεται
2420 3913 2500 3972 εἰς
2557 3912 2679 3964 ὅσον
2737 3911 2828 3961 καὶ
2883 3909 3043 3961 ὅσονο
3096 3907 3364 3973 ἰδιονομία
3411 3908 3639 3969 πάντως
3686 3907 3721 3975 ἡ

2148 4006 2375 4073 τοιαύτη
2404 4005 2550 4056 ἐστὶν
2574 4001 2751 4071 ὄρεξις
2781 4001 2874 4053 καὶ
2908 3999 3206 4068 αὑτονομία
3236 3999 3331 4052 καὶ
3362 3999 3509 4060 θέσις
3537 3999 3725 4069 παρά-

2151 4098 2300 4163 δοξος
2332 4098 2422 4149 ἐπὶ
2461 4092 2822 4164 φανητιασμῴ
2865 4089 2958 4143 τοῦ
3004 4088 3298 4161 τηροῦντος
3338 4087 3546 4157 ταύτην
3579 4092 3722 4159 ἀμε-

2149 4188 2442 4242 ταπείστου
2468 4186 2566 4253 τὴν
2611 4184 2809 4236 κακίαν
2843 4183 3030 4252 σοφοῦ.
3060 4183 3334 4237 Τάσσεται
3360 4181 3418 4234 δὲ
3449 4181 3511 4233 τὸ
3538 4181 3722 4233 τοιοῦ-

2149 4295 2241 4332 τον
2272 4277 2439 4338 πάθος
2472 4277 2564 4329 καὶ
2600 4277 2680 4338 εἰς
2728 4273 3054 4343 ἰδιοτροπίαν
3093 4273 3188 4324 καὶ
3226 4272 3386 4336 δόξαν
3421 4271 3617 4340 κενὴν,
3642 4267 3726 4334 οἷς

2151 4368 2246 4421 καὶ
2271 4368 2330 4419 τὸ
2358 4367 2700 4433 ὑπερήφανον
2727 4361 3205 4431 συναναφαίνεται.
3241 4361 3353 4414 Καὶ
3381 4361 3582 4414 αὐτίκα
3612 4362 3722 4430 χρὴ

2151 4459 2292 4512 νοεῖν
2327 4459 2496 4527 ἡμᾶς,
2538 4458 2620 4508 ὅτι
2661 4454 2902 4517 ἐναντίος
2936 4455 2964 4505 ό
2996 4455 3105 4518 τοῖς
3151 4452 3523 4522 ὑπερηφάνοις
3560 4452 3722 4504 ἀντι-

2149 4548 2486 4616 τασσόμενος
2517 4546 2700 4614 κύριος
2725 4546 2946 4615 ἔρχεται
2979 4543 3057 4614 τῷ
3083 4542 3310 4612 τοιούτῳ
3339 4545 3638 4610 πείσματι,
3661 4536 3723 4596 οὗ

2151 4636 2425 4706 κατῆρξεν
2470 4637 2498 4689 ό
2545 4635 2875 4702 Ἑωσφόρος,
2911 4633 2968 4697 ὃς
3003 4632 3432 4702 ὑπερφαίνεσθαι
3481 4631 3724 4698 φιλονει-

2152 4728 2344 4798 κήσας,
2386 4725 2520 4779 ἄλλα
2567 4741 2625 4776 τε
2672 4725 2820 4777 δεινὰ
2867 4725 3159 4794 ἐϐρόντησε
3195 4723 3450 4786 ποιῆσαι,
3478 4724 3574 4773 καὶ
3634 4723 3724 4773 τὸν

2149 4818 2312 4870 αὑτοῦ
2333 4817 2520 4885 θρόνον
2549 4815 2858 4886 ὲφρυάξατο
2881 4818 2936 4868 ἐν
2968 4815 3218 4884 νεφέλαις
3245 4815 3606 4882 καταστῆσαι,
3630 4813 3724 4866 καὶ

2147 4905 2319 4967 οὕτως
2351 4909 2532 4976 ὅμοιος
2562 4908 2780 4960 ἔσεσθαι
2809 4908 2886 4976 τῷ
2915 4905 3055 4975 Θεῷ.

2219 4997 2326 5063 ος·’.
2372 4999 2614 5052 Ἑκείνου
2643 4999 2697 5050 δὲ
2728 4999 2871 5050 οὕτω
2906 4998 3189 5057 πείσαντος
3225 4993 3724 5058 ἑαυτὸν,λαὸόντες

2149 5089 2358 5143 ἐκεῖθεν
2401 5088 2572 5159 ἀρχὰς
2604 5089 2654 5140 οἱ
2700 5088 2932 5140 ἔκπαλαι
2980 5085 3377 5154 δαιμονιώδεις,
3415 5083 3519 5136 οὐκ
3570 5083 3722 5137 ἐστιν

470 5200 670 5259 potest,
719 5199 923 5259 quanto
955 5191 1135 5246 studio
1186 5207 1312 5246 eum
1365 5190 1570 5244 itnitari
1636 5187 2033 5245 contenderim:

2149 5184 2346 5247 εἰπεῖν,
2383 5181 2555 5234 ὁπόσα
2596 5181 2732 5250 πρὸς
2780 5180 3010 5250 μίμησιν
3062 5177 3446 5247 ἐτεχνάσαντο,
3478 5177 3583 5244 τὴν
3623 5177 3722 5246 μὲν

466 5284 704 5338 divinam
756 5283 898 5336 enim
950 5283 1242 5338 essentiam
1267 5293 1685 5350 postponentes,
1747 5279 2042 5332 imbecillis

469 5385 634 5442 atque
666 5373 922 5428 obscuris
966 5373 1106 5427 male
1129 5387 1251 5428 sese
1299 5371 1645 5427 tradiderunt
1667 5370 1924 5436 dominis,
1957 5383 2048 5422 eo-

467 5487 572 5538 que
611 5469 806 5522 luroris
862 5483 1035 5537 usque
1083 5483 1420 5538 processere,
1475 5476 1533 5522 ut
1575 5466 1813 5536 pessima
1875 5468 2045 5518 conli-

467 5561 653 5614 (lentia
689 5561 827 5613 duce
883 5573 1046 5628 qnam
1082 5557 1264 5612 nullus
1304 5557 1602 5627 praeocptor
1635 5557 1914 5624 corrigere
1945 5570 2049 5624 p0-

469 5661 629 5718 tera‘t,
675 5653 918 5706 adinstar
980 5651 1181 5705 diaboli
1245 5649 1476 5704 illudere
1530 5647 1642 5703 Deo
1706 5648 2041 5702 viderentur.

467 5745 605 5798 Cum
642 5744 784 5796 enim
822 5742 1012 5810 Deum,
1066 5744 1160 5811 qui
1219 5752 1303 5795 est
1363 5739 1692 5810 principium
1760 5754 2036 5793 summum

470 5837 741 5905 simulque
772 5833 1022 5904 principii
1052 5848 1245 5904 expers
1279 5843 1334 5888 ct
1367 5835 1517 5886 omni
1549 5830 1816 5901 principio
1849 5832 2035 5886 cxcel~

2145 5276 2328 5328 ἔνθεον
2359 5273 2630 5343 ὑπεροχὴν
2662 5273 3074 5341 παρωσάμενοι,
3105 5269 3353 5338 βεϐήλοις
3379 5268 3436 5320 δὲ
3465 5270 3566 5319 καὶ
3600 5265 3725 5320 ἁδο-

2147 5369 2330 5437 κὶμοις
2376 5366 2666 5427 δεσπόταις
2722 5363 2963 5432 ἀγεννῶς
3024 5362 3414 5423 πιστεύσαντες
3463 5361 3720 5424 ἑαυτοὺς,

2147 5461 2240 5514 καὶ
2269 5463 2348 5523 εἰς
2372 5461 2527 5511 τόσον
2552 5457 2843 5518 ἐκστάντες
2875 5454 3086 5508 ἑαυτῶν
3111 5454 3201 5507 διὰ
3225 5454 3574 5522 paulatim;
3605 5471 3726 5505 πει-

2149 5551 2374 5618 σμονῆς,
2408 5542 2473 5620 ἧς
2518 5548 2619 5601 οὐκ
2661 5543 2773 5617 εἶχε
2803 5563 2887 5608 τις
2927 5544 3246 5605 διδάσκαλος
3290 5542 3725 5611 παραγίνεσθαι,

2149 5643 2222 5703 ὡς
2253 5643 2349 5694 καὶ
2369 5639 2802 5711 μυκτηρίζεσθαι
2825 5639 2923 5707 τῆς
2950 5638 3252 5707 μιμήσεως.
3281 5633 3414 5685 Θεὸν
3435 5634 3546 5703 γὰρ
3571 5637 3733 5686 ἀπει-

2148 5733 2402 5800 πάμενοι,
2424 5729 2518 5799 τὴν
2542 5731 2777 5799 ἄναρχον
2801 5732 2892 5784 καὶ
2911 5729 3242 5800 ὑπερσψχιον
3271 5729 3448 5798 ἀρχὴν
3471 5729 3572 5782 καὶ
3592 5745 3729 5781 παν-

2143 5824 2460 5892 τοδύναμον,
2492 5821 2763 5891 αἰλούροις
2823 5823 3098 5874 ἐπέδωκαν
3156 5821 3408 5882 ἑαυτοὺς.
3466 5823 3561 5872 καὶ
3615 5817 3730 5890 βοῖ-
