3864 6562
510 458 612 526 351
1222 457 1649 518 EUSTATHII
1691 457 1980 518 'l‘I‘lESSA
1996 458 2452 519 [.ONlCENSlS
2492 456 3064 520 METROPOLlT/E
3660 462 3742 528 352

516 583 582 634 ad
607 585 830 648 peccata
860 574 1089 632 delenda
1130 574 1526 645 speculatores,
1553 574 1620 629 ad
1663 574 1787 629 vitat
1820 574 2078 643 spiritua-

2194 576 2392 649 χρεὼν,
2449 576 2578 639 τοὺς
2642 574 3021 645 εὐλογοῦντας,
3066 575 3143 638 ὡς
3194 574 3544 645 θαρσοποιεῖν
3588 578 3648 632 τὰ
3678 586 3740 645 εἰς

512 669 582 723 lis
610 670 946 722 incrementa
980 664 1359 736 instigatores,
1385 672 1517 720 etut
1543 678 1651 718 uno
1682 665 1851 719 verbo
1877 666 2078 731 dicam,

2196 671 2424 740 ἀρετὴν,
2495 667 2623 731 τοὺς
2669 666 3107 739 ἐπιπλήττοντας
3165 668 3248 730 είς
3294 667 3596 740 διόρθωσιν,
3642 673 3738 737 τοὺς

515 761 823 813 animarum
844 757 1025 829 quoad
1060 760 1226 810 vitam
1251 767 1309 813 et
1372 755 1625 825 Spiritum
1671 766 1980 823 curatores,
2033 767 2078 812 el

2199 760 2618 831 ἐπιτηροῦντας,
2638 759 2713 824 ὡς
2734 758 3228 813 ἀνακόπτεσθαιτὰ
3250 759 3614 829 ἁμαρτητικὰ,
3639 764 3739 826 τοὺς

512 850 656 919 quod
680 864 955 905 summum
989 858 1094 913 est,
1137 849 1326 903 beatos
1357 846 1454 901 Dei
1486 846 1860 913 confcssores,
1927 864 2078 919 quos,

2199 850 2611 919 λογιστεύοντας
2671 851 3066 921 πνευματικῶς
3113 851 3181 904 τὰ
3233 850 3502 921 πρακτέα,
3545 853 3600 905 τὸ
3652 859 3739 910 πᾶν

513 946 639 1014 quia
672 946 877 999 sanctis
904 943 1191 1014 apostolis,
1225 952 1278 998 et
1298 940 1549 1009 antiquae
1576 941 1703 1012 legi,
1738 953 1865 997 aute
1911 943 2078 997 omnia

2203 943 2486 1014 ἐπιτόμως
2509 944 2707 1009 είπεῖν,
2739 944 2869 1008 τοὺς
2896 942 3006 997 τῶν
3040 942 3233 1014 ψυχῶν
3268 943 3616 1013 ἐπιμελητὰς,
3635 949 3738 1011 τούς

514 1047 697 1093 autem
730 1036 839 1091 Deo
873 1037 963 1106 qui
987 1036 1241 1108 princeps
1269 1041 1354 1091 est
1380 1035 1630 1090 veritatis
1655 1035 1832 1101 testis,
1861 1042 1915 1089 et
1937 1033 2078 1089 Chri-

2206 1054 2268 1090 τε
2302 1038 2444 1091 κατὰ
2478 1036 2613 1108 βίον,
2637 1036 2731 1091 καὶ
2756 1037 2872 1091 ὅσοι
2905 1053 2972 1105 τε,
2998 1033 3176 1098 ἄλλως
3208 1033 3304 1087 τοῦ
3356 1033 3671 1104 πνεύματος,
3693 1040 3739 1092 τὸ

511 1141 598 1184 sto
634 1128 904 1185 Salvatori
937 1129 1100 1184 ﬁdem
1139 1128 1382 1182 habuere
1428 1136 1594 1198 atque
1622 1126 1677 1182 in
1741 1126 2078 1183 sanctissimi

2199 1131 2422 1184 πάντων
2463 1131 2651 1202 μεῖξον
2680 1132 2878 1194 εἰπεῖν,
2899 1131 3027 1194 τοὺς
3064 1127 3356 1200 μακαρίως
3375 1127 3454 1198 τῷ
3475 1129 3588 1200 Θεῷ
3619 1148 3737 1200 pap-

510 1221 618 1276 ﬁde
642 1221 947 1290 perstitere,
991 1233 1185 1275 servos
1212 1218 1306 1273 Dei
1336 1217 1574 1275 reddidit
1619 1219 1867 1289 ipsorum
1901 1217 1969 1273 de
1993 1215 2078 1271 illo

2196 1225 2566 1293 τυρήσαντας,
2595 1220 2691 1285 οὓς
2713 1219 3039 1285 πεισθέντας
3070 1224 3184 1282 τοῖς
3217 1219 3399 1289 ἁγίοις
3429 1219 3733 1289 ἀποστόλοις,

510 1311 790 1369 confessio
821 1322 875 1367 et
894 1310 1290 1375 testimonium,
1317 1319 1371 1368 et
1395 1325 1544 1366 mors
1584 1326 1684 1382 pro
1709 1310 1803 1365 illo
1863 1313 2078 1365 tolerata

2198 1315 2295 1368 καῖ
2330 1315 2437 1384 πρό
2470 1330 2534 1384 γε
2575 1314 2755 1369 αὐτῶν
2786 1317 2853 1387 τῇ
2909 1314 3040 1387 ἁγίᾳ
3084 1314 3294 1384 παλαιᾷ
3346 1313 3644 1385 νομοδοσίᾳ.
3671 1318 3733 1368 εἰ·

510 1420 631 1474 (μω
660 1404 904 1459 omnium
937 1417 1120 1459 rerum
1154 1404 1395 1460 maxime
1436 1402 1707 1458 horrenda
1733 1413 1899 1472 atque
1925 1400 2078 1456 diris!

2195 1406 2322 1458 πεῖν
2359 1406 2415 1459 δὲ
2442 1406 2502 1459 τὸ
2534 1408 2892 1476 σεμνότατον,
2922 1409 3001 1475 τῷ
3052 1406 3490 1478 πρωτομὰρτυρι
3514 1406 3608 1475 τῆς
3630 1407 3736 1469 ἁλη-

510 1497 654 1552 sima
677 1505 784 1551 est.
2197 1494 2347 1559 θείας
2376 1495 2459 1566 τῷ
2484 1495 2624 1567 Θεῷ,
2655 1495 2735 1569 τῷ
2769 1497 2975 1569 σωτῆρι
3009 1495 3255 1568 Χριστῷ,
3287 1496 3380 1550 καὶ
3408 1496 3732 1567 ἐμμείναντας

512 1589 581 1658 τῇ
609 1588 887 1660 ἁγιωτάτῃ
917 1588 1097 1641 πειθοῖ
1117 1587 1434 1659 ᾠκειώσατο
1462 1591 1539 1653 είς
1571 1588 1917 1659 θεράποντας
1943 1587 2020 1656 τῷ
2056 1586 2179 1656 Θεῷ
2218 1590 2247 1657 ἠ
2301 1588 2441 1658 ὑπὲρ
2490 1590 2696 1645 ἐκείνου
2749 1591 3026 1661 ὁμολογία,
3057 1593 3151 1646 καὶ
3198 1592 3498 1664 μαρτυρία,
3527 1599 3613 1646 καὶ
3637 1596 3659 1647 ό
3682 1587 3733 1646 δι’

514 1678 727 1734 ἐκεῖνον
763 1679 1018 1748 θάνατος,
1054 1674 1518 1752 τδ.φρικτότατον
1552 1684 1609 1736 ὲν
1641 1681 1951 1754 ἀνθρώποις
1975 1679 2172 1746 δεινὸν,
2195 1684 2290 1736 καὶ
2319 1683 2393 1754 τῷ
2422 1685 2535 1737 δντι
2566 1684 2828 1755 ῥίγιστον.
3482 1740 3493 1751 ,

577 1773 667 1830 80.
700 1773 862 1830 Tales
894 1776 939 1831 si
968 1775 1363 1845 quisimitatur
1390 1793 1691 1844 eorumque
1746 1776 1912 1830 rectis
1959 1775 2078 1843 opi-

2273 1776 2347 1832 π’.
2380 1780 2520 1843 Τοὺς
2546 1781 2819 1844 τοιούτους
2860 1784 2915 1835 εί
2955 1801 3038 1847 τις
3083 1782 3426 1853 μιμούμενος
3448 1783 3542 1835 καὶ
3569 1783 3733 1837 πείθων

505 1862 769 1921 nionibus
792 1880 918 1922 sese
943 1867 1146 1922 addicit
1182 1877 1236 1921 et
1297 1868 1365 1922 iis
1384 1868 1735 1937 pertinaciter
1789 1866 2078 1921 adhaerens

2200 1870 2393 1923 ἑαυτδν
2434 1872 2707 1926 ἐνίσταιτο
2736 1875 2854 1937 ταῖς
2884 1874 2982 1945 ὀρθ
2996 1878 3074 1938 λῖς
3102 1874 3283 1939 δόξαις
3313 1874 3410 1928 καὶ
3444 1873 3730 1943 ὓπολῆψεσι,

507 1970 631 2025 qua:
657 1955 851 2013 decent
877 1956 1030 2024 facit,
1053 1959 1323 2030 principio
1360 1960 1507 2015 bono
1536 1961 1740 2014 bonum
1788 1959 1949 2011 ﬁnem
1978 1957 2074 2010 ad-

2198 1962 2294 2016 xa‘t
2342 1964 2677 2034 παραμένων
2708 1966 2896 2028 αὐταῖς
2931 1967 3161 2037 πράττει
3214 1968 3282 2020 τὰ
3330 1965 3557 2028 δεόντως
3596 1966 3732 2036 καθή-

503 2045 762 2118 jungens,
796 2048 844 2102 is
862 2048 1038 2119 primo
1061 2050 1203 2104 haud
1235 2051 1452 2104 dicatur
1474 2049 1774 2118 improbam
1800 2046 2078 2101 conliden-

2196 2073 2389 2122 κοντα,
2450 2057 2689 2125 χρηστὸν
2742 2058 2896 2123 τέλος
2949 2059 3220 2123 ἐπιτιθεὶς
3273 2060 3474 2131 ἀρχαῖς
3516 2057 3731 2128 ἀγαθαῖς,

507 2137 641 2192 tiam
676 2136 853 2208 sequi,
888 2138 982 2194 sed
998 2138 1177 2210 p0tius
1204 2147 1365 2194 rectm
1398 2139 1519 2192 ﬁdei
1573 2148 1737 2206 atque
1790 2135 2071 2190 tenacitati

2193 2147 2392 2219 πρῶτα
2424 2148 2527 2217 μὲν
2556 2149 2657 2202 οῦκ
2687 2149 2753 2204 ἂν
2773 2149 2988 2218 λέγοιτο
3010 2154 3219 2222 πεῖσμα
3249 2151 3544 2220 φυλάττειν
3580 2152 3609 2221 ἢ
3640 2169 3730 2204 πει·

505 2227 657 2283 circa
688 2242 776 2284 res
813 2229 1028 2286 divinas
1056 2244 1277 2300 Operam
1330 2232 1460 2285 dare
1496 2249 1510 2285 :
1556 2228 1886 2284 conlidentia
1938 2229 2078 2283 enim

2203 2240 2430 2311 σμονὴν,
2465 2241 2776 2308 όρθοδοξίαν
2802 2242 2859 2296 δέ
2895 2244 2989 2297 καὶ
3025 2243 3349 2313 ἐνστατικὴν
3380 2243 3640 2313 προσοχὴν
3658 2243 3730 2295 ἐπὶ

504 2319 597 2375 illa
617 2318 895 2397 plerisque
918 2321 1155 2376 virorum
1187 2322 1401 2390 piorum
1439 2336 1544 2375 non
1576 2320 1952 2391 approbauda,
1981 2321 2077 2374 sed

503 2408 806 2464 infaustum
829 2411 960 2481 quid
993 2426 1116 2466 esse
1140 2409 1443 2466 videbatur.
1500 2409 1620 2465 Jam
1684 2425 1810 2465 vero
1863 2406 2084 2462 etiamsi

507 2514 799 2572 ponamus,
825 2502 988 2558 talem
1014 2503 1262 2557 aﬂ‘ectnm
1299 2503 1364 2556 iis
1395 2505 1484 2572 qui
1511 2510 1658 2557 recta
1685 2500 1879 2554 ﬁducia
1919 2496 2087 2552 innisi

513 2600 742 2649 tenaces
774 2602 903 2650 sunt
944 2595 1237 2666 propositi,
1270 2594 1587 2659 convenire,
1653 2599 1833 2646 tamen
1890 2589 2087 2644 distin-

511 2686 789 2756 guendum
814 2687 922 2741 erit
949 2686 1376 2757 dicendumque,
1404 2702 1470 2740 ne
1494 2684 1837 2755 spiritualem
1858 2683 2075 2753 quidem

502 2776 600 2845 qui
633 2776 888 2834 ﬁduciam
919 2778 1103 2844 habet,
1143 2780 1343 2849 ubique
1371 2786 1427 2833 et
1480 2780 1531 2831 in
1594 2777 1850 2831 omnibus
1912 2776 2075 2828 rebus

502 2866 629 2924 ideo
658 2869 1020 2936 laudari;sed
1078 2871 1381 2935 interdum,
1450 2869 1563 2925 imo
1623 2869 1822 2938 saepius
1872 2867 1938 2920 de
1984 2880 2081 2919 sua

503 2961 801 3016 tenacitate
827 2961 1068 3017 remittet
1093 2972 1148 3017 et
1179 2962 1247 3018 de
1290 2964 1413 3031 jure
1470 2977 1593 3027 suo,
1643 2970 1902 3030 quantum
1964 2960 2077 3013 ﬁeri

2190 2970 2339 3024 ἔστιν
2364 2969 2502 3023 ὅπου
2532 2971 2625 3023 καὶ
2663 2972 2720 3023 ἐν
2749 2969 2965 3036 πολλοῖς
3022 2971 3515 3042 μετακινηθήσεται
3540 2972 3627 3036 τῆς
3662 2972 3724 3022 oi-

503 3061 706 3123 potest,
737 3054 911 3120 cedet,
955 3069 1131 3124 neque
1157 3055 1328 3110 solum
1365 3055 1428 3111 ad
1464 3054 1786 3124 litigandum
1854 3063 2078 3106 conten-

2192 3060 2347 3121 κείας
2388 3061 2717 3126 ἐνστάσεως,
2749 3064 2842 3116 καὶ
2890 3061 3190 3115 ύπενδώσει
3240 3063 3335 3115 καὶ
3386 3061 3545 3114 αὐτοῦ
3572 3063 3626 3132 δὴ
3650 3062 3723 3114 τοῦ

505 3143 851 3217 dandumque
884 3145 1030 3201 haud
1062 3147 1165 3200 erit
1193 3160 1513 3215 propensus,
1561 3142 1659 3199 sed
1718 3158 1785 3195 ne
1824 3141 1891 3195 dc
1918 3139 2078 3210 justia

2190 3153 2311 3206 κατ’
2339 3152 2503 3206 αὐτὸν
2532 3151 2745 3205 δικαίου
2776 3151 2849 3215 ὡς
2874 3148 2986 3206 οἶόν
3017 3170 3101 3218 τε,
3129 3154 3222 3206 καὶ
3255 3152 3650 3225 χαυνωθήσεται
3673 3154 3719 3205 οὐ

507 3234 727 3304 (Ιυίδθω
754 3237 821 3292 ad
849 3246 1153 3292 θιιτθηιυιιι
1189 3251 1363 3304 “S‘lue
1394 3246 1600 3291 Celare
1633 3233 1794 3287 νυιθι·
2194 3245 2357 3312 μόνον
2398 3244 2492 3297 τοῦ
2541 3243 2718 3305 ἄλλως
2752 3240 3103 3312 φιλονεικεῖν,
3136 3244 3271 3297 ἀλλὰ
3304 3246 3403 3297 καὶ
3453 3245 3604 3298 αὐτοῦ
3646 3244 3719 3297 τοῦ

2109 3319 2151 3375 C
2187 3335 2278 3387 ἐπὶ
2305 3332 2534 3397 δικαίοις
2565 3334 2645 3397 είς
2674 3334 2843 3406 ἁκρον
2868 3334 2964 3388 καὶ⁵
3000 3335 3262 3406 ὑπερλίαν
3293 3335 3575 3405 μάχεσθαι.

2258 3434 2372 3483 πα’.
2413 3426 2697 3480 Ἐντεῦθεν
2753 3427 2863 3496 γὰρ
2921 3426 3073 3498 καλῷ
3121 3427 3350 3496 τοιούτῳ
3386 3426 3716 3495 μεθοδεύματι

2194 2334 2305 2394 τοῖς
2340 2329 2434 2385 τοῦ
2468 2332 2603 2386 Θεοῦ
2627 2349 2641 2362 ο
2678 2332 2735 2387 ai
2764 2332 2874 2403 γὰρ
2921 2336 3212 2403 πεισμοναὶ
3252 2335 3343 2389 καὶ
3377 2336 3445 2388 τὰ
3491 2334 3732 2404 πείσματα

2192 2420 2380 2488 ἔδοξαν
2419 2421 2493 2495 μὴ
2525 2424 2617 2476 ἐπ’
2643 2425 2834 2493 ἀγαθῷ
2855 2424 3131 2478 τεθεῖσθαι
3159 2429 3273 2489 τοῖς
3301 2428 3358 2481 ἐν
3395 2425 3567 2497 ἀγαθῇ
3596 2428 3730 2497 μοίρᾳ

2193 2512 2460 2578 πλείοσιν,
2510 2513 2648 2565 ἀλλὰ
2690 2513 3010 2582 δυσώνυμόν
3048 2530 3101 2566 τι
3136 2508 3353 2584 χρῆμα
3401 2508 3560 2567 εἶναι.
3607 2515 3658 2566 Εἰ
3686 2514 3729 2566 δὲ

2194 2604 2288 2654 καὶ
2319 2602 2454 2665 ἴσως
2485 2602 2689 2673 θῶμεν,
2716 2603 3158 2675 προσαρμόττειν
3187 2605 3326 2659 αὐτὰ
3354 2605 3455 2658 καὶ
3482 2607 3585 2668 τοῖς
3611 2606 3727 2659 δεόν-

2193 2710 2301 2755 τως
2335 2697 2728 2763 πεπεισμένοις
2754 2697 2847 2749 καὶ
2870 2694 3046 2760 οὕτως
3067 2698 3433 2763 ὲνστατικοῖς,
3457 2696 3557 2767 ἔχω
3575 2697 3727 2750 διελὼν

2190 2784 2430 2840 ἐνταῦθα
2462 2787 2664 2852 εἰπεῖν,
2695 2786 2770 2850 ὠς
2800 2786 2923 2840 οὐδὲ
2949 2789 2977 2840 ό
3008 2787 3384 2856 πνευματικὸς
3406 2789 3724 2858 πεισματικδς

2191 2876 2495 2955 ἐπαινεῖται
2531 2879 2764 2934 πάντοτε
2798 2878 2893 2931 καὶ
2927 2878 3020 2933 ἐπὶ
3062 2879 3222 2940 πᾶσι,
3249 2878 3492 2941 τοιοῦτος
3517 2877 3616 2930 ὢν·
3636 2878 3712 2930 ἀλλ

574 3414 666 3472 81.
699 3415 839 3472 [lino
867 3416 1036 3481 enim,
1065 3415 1156 3469 tali
1217 3416 1360 3469 bona
1418 3414 1612 3485 agendi
1660 3414 1874 3470 ratione
1923 3415 2078 3479 inita,

501 3508 772 3566 bellorum
799 3505 1036 3561 induciae
1057 3521 1119 3559 ac
1150 3505 1354 3561 foedera
1373 3516 1427 3561 et
1457 3506 1661 3561 similes
1688 3521 1778 3562 res
1800 3505 2086 3560 laudandre

502 3602 770 3672 originem
808 3612 1048 3655 traxere.
1082 3599 1177 3653 ille
1205 3599 1370 3669 igitur
1394 3599 1487 3670 qui
1515 3600 1595 3654 sic
1626 3598 1761 3669 agit,
1812 3613 1918 3652 non
1962 3611 1989 3650 a
2017 3618 2078 3649 n-

501 3694 649 3764 plius
687 3692 900 3746 dicetur
932 3691 1158 3746 omnino
1187 3699 1367 3756 tenax,
1403 3688 1498 3744 sed
1534 3689 1698 3743 veluti
1749 3689 2070 3743 immutatus
2120 3694 2123 3697 ’

501 3784 916 3842 honestioribus
946 3783 1232 3837 ornabitur
1266 3781 1583 3837 nominibus
1636 3799 1650 3834 :
1712 3781 2084 3851 appellabitur

503 3878 769 3935 nimirum
796 3877 1094 3941 humanus,
1126 3874 1409 3945 pacificus,
1431 3874 1526 3927 iraa
1546 3872 1823 3935 inimicus,
1843 3886 2079 3928 concor-

504 3976 610 4028 diae
638 3971 870 4043 amicus,
898 3979 952 4024 et
988 3976 1047 4023 ut
1076 3967 1388 4023 accuratius
1417 3967 1634 4036 loquar,
1674 3968 2065 4024 moderationis

503 4079 716 4119 amans.
767 4062 871 4130 Qui
889 4061 1036 4117 enim
1060 4059 1126 4116 de
1149 4060 1273 4130 iure
1301 4060 1444 4128 quod
1477 4059 1631 4129 prius
1668 4060 1938 4115 tenaciter
1981 4059 2073 4113 de-

503 4155 777 4220 fenderat,
804 4152 1083 4223 paululum
1109 4149 1358 4215 remittit,
1377 4136 1462 4202 ad
1499 4149 1658 4204 aliam
1682 4149 1935 4203 ﬁduciam
1967 4162 2085 4219 pm.

2187 3612 2283 3664 καὶ
2306 3611 2405 3664 ὅσα
2432 3611 2571 3665 καλὰ
2594 3610 2842 3665 τοιαῦτα.
2885 3612 2993 3665 Καὶ
3017 3612 3197 3664 τοίνυν
3243 3613 3387 3665 οὕτω
3419 3610 3580 3665 ποιῶν
3604 3611 3721 3663 ἐκεῖ·

2186 3719 2277 3764 νος
2318 3701 2505 3755 ούκὲτι
2545 3703 2909 3772 πεισματικὺς
2962 3702 3403 3773 όνομασθήσεται
3429 3702 3487 3756 τὸ
3519 3700 3720 3765 σύνολον,

2185 3793 2325 3847 ἀλλὰ
2351 3793 2425 3858 ὡς
2453 3789 2563 3847 οἷον
2596 3793 2933 3864 μεταδαφεὶς
2959 3793 3342 3864 χρωσθήσεται
3362 3793 3721 3864 χρηστοτέραις

2191 3885 2448 3955 κλήσεσι,
2499 3885 2880 3953 φιλάνθρωπος
2928 3885 3407 3954 ἐπονομαζόμενος
3442 3885 3532 3937 καὶ
3563 3882 3719 3949 awa-

2185 3992 2384 4041 νεικος,
2417 3975 2510 4028 καὶ
2543 3975 2714 4046 μισῶν
2744 3975 2843 4044 μὲν
2865 3975 2926 4029 τὸ
2953 3974 3277 4047 ἀκράχολον,
3306 3974 3528 4038 εῦκολος
3542 3975 3594 4027 δὲ
3615 3974 3719 4042 μᾶλ-

2184 4066 2276 4120 λον
2301 4061 2438 4120 εῖναι
2465 4067 2875 4137 προτιθέμενος,
2901 4069 3080 4120 εἰπεῖν
3102 4067 3158 4121 δὲ
3190 4068 3454 4137 ἀκριϐῶς,
3480 4066 3717 4133 ἐπιεικής.

2194 4159 2256 4213 Ὀ
2283 4160 2393 4229 γὰρ
2425 4161 2488 4210 ὲκ
2518 4160 2821 4226 πείσματος
2869 4158 3095 4222 ἀτενοῦς
3124 4160 3337 4213 δικαίου
3373 4159 3717 4223 ὑποκαταϐὰς,

2186 4253 2266 4313 είς
2301 4250 2553 4320 ἐτεροίαν
2578 4247 2752 4302 πειθὼ
2795 4250 2889 4303 ἐπὶ
2930 4251 3191 4322 μετανοίᾳ
3222 4252 3521 4321 μετέπεσεν
3546 4252 3718 4319 ἐπιμη-

2186 4342 2525 4409 θευσὰμενος
2576 4341 2865 4412 ὲναρέτως,
2895 4345 2991 4396 καὶ
3018 4344 3082 4396 ἐκ
3114 4342 3420 4412 φιλονείκου
3451 4341 3719 4402 ἐνστάσεως

504 4245 734 4303 nitentia
763 4252 1096 4306 commoms,
1118 4240 1313 4295 deduci
1341 4241 1504 4307 solet,
1533 4242 1758 4311 quando
1817 4242 2077 4295 virtutem

502 4350 791 4407 sequensa
825 4332 1106 4403 proposito
1137 4330 1351 4386 desistit
1375 4341 1429 4385 et
1488 4346 1516 4385 a
1585 4330 1886 4400 pertinacia
1941 4346 2074 4385 con-

503 4429 734 4486 tentiosa
758 4425 825 4480 ad
851 4423 1276 4478 moderationem
1307 4422 1501 4477 transit
1527 4437 1542 4488 ;
1571 4422 1861 4490 siquidem,
1890 4437 2078 4490 quem-
2189 4430 2570 4502 μετεληλυθὼς
2598 4432 2681 4494 εἰς
2709 4432 3011 4485 ἐπιείκειαν
3031 4448 3046 4463 ·
3087 4432 3209 4485 ἐπεί
3239 4448 3344 4498 τοι,
3378 4433 3518 4487 καθὰ
3544 4434 3570 4485 ὁ
3602 4430 3718 4483 κατὰ

501 4520 797 4578 admodum
867 4517 958 4571 ille
1014 4515 1130 4585 qui,
1186 4514 1511 4583 poenitentia
1568 4513 1795 4577 ductus,
1854 4513 1923 4567 ab
1982 4512 2078 4567 im-

2190 4519 2494 4590 μετάμελον
2544 4520 2607 4572 ἐκ
2653 4520 2874 4584 πειθοῦς
2927 4522 3140 4592 φαύλης
3173 4521 3269 4573 καὶ
3303 4522 3607 4593 ἁμαρτικῆς
3648 4518 3719 4572 διὰ

501 4615 669 4686 proba
689 4610 927 4681 etimpia
963 4606 1312 4671 conﬁdentia,
1354 4619 1447 4676 per
1465 4603 1623 4658 aliam
1679 4604 1934 4659 ﬁduciam
1973 4606 2072 4660 ho-

2190 4612 2449 4680 δευτέρας
2485 4613 2740 4682 ἐναρέτου
2770 4614 2991 4676 πειθοῦς
3022 4614 3494 4684 μεταϐαλλόμενος
3515 4619 3589 4678 εἰς
3611 4616 3717 4668 καλ-

503 4710 716 4758 nestam
739 4698 1079 4767 compulsus.
1110 4694 1177 4749 ad
1199 4695 1480 4749 meliorem
1514 4706 1737 4748 sensum
1773 4707 1832 4747 se
1866 4696 2078 4749 confert

2190 4704 2341 4758 λίονα
2380 4706 2703 4776 μετέρχεται
2744 4705 2889 4772 νοῦν,
2938 4705 3384 4777 μετατιθέμενος,
3414 4709 3618 4762 εῖτόῦν
3641 4724 3720 4775 με·

502 4792 881 4848 immutatione
903 4790 1020 4843 sive
1061 4786 1423 4841 conversione
1466 4782 1635 4847 facta,
1670 4783 1743 4837 ita
1803 4785 1965 4839 etiam
1990 4786 2078 4854 qui

2190 4794 2606 4865 ταπειθόμενος,
2636 4795 2780 4849 οὕτω
2805 4814 2922 4859 πως
2953 4800 3048 4851 καὶ
3081 4799 3108 4850 ό
3138 4799 3390 4869 ἐπιεικὴς
3423 4798 3606 4852 ἑαυτὸν
3626 4795 3720 4848 πεί-

501 4886 891 4943 moderationis
921 4882 1203 4938 studiosus
1234 4891 1340 4945 est,
1369 4879 1459 4933 ubi
1496 4878 1564 4933 ab
1603 4877 1764 4933 initio
1829 4879 1936 4949 iuri
1970 4896 2074 4936 suo

2190 4904 2293 4950 σας
2324 4888 2393 4941 τὰ
2417 4887 2611 4959 πρῶτα
2644 4888 2722 4957 τῷ
2748 4890 2934 4960 οἰκείῳ
2962 4890 3152 4962 δικαίῳ
3201 4891 3382 4955 καλῶς
3417 4888 3720 4953 ἐνίστασθαι,

501 4977 732 5031 ﬁrmiter
765 4972 1311 5035 inhaereredecrevit,
1361 4969 1559 5024 deinde
1612 4977 1856 5040 tempore
1877 4984 2078 5041 oppor-

2190 4974 2308 5033 εἶτα
2354 4978 2583 5045 δεόντως
2628 4980 2949 5052 μεταϐαλὼν
2976 4984 3034 5035 ἐν
3068 4983 3269 5053 καιρῷ,
3304 4984 3418 5051 καὶ,
3456 4983 3529 5046 ὡς
3554 4982 3719 5046 εἰπεῖν,

503 5078 638 5123 tuno
666 5066 1006 5122 laudabiliter
1037 5065 1359 5118 immutatus
1387 5071 1441 5115 et
1465 5060 1531 5115 ad
1559 5075 1742 5129 pacem
1769 5076 2077 5131 propensus

2190 5072 2454 5141 ἐπιείξας,
2494 5074 2589 5127 καὶ
2641 5074 2786 5128 καθὰ
2842 5074 2990 5128 δοκεῖ
3034 5079 3149 5138 τοῖς
3200 5076 3368 5131 πάλαι
3418 5078 3612 5146 σοφοῖς,
3646 5073 3722 5127 καὶ

499 5172 551 5214 et
589 5159 666 5214 uti
701 5156 975 5214 veteribus
1021 5155 1366 5225 sapientibus
1390 5153 1649 5225 placitum
1700 5164 1801 5216 est,
1844 5153 1912 5209 de
1948 5155 2076 5222 jure

2190 5163 2589 5235 παραθραύσας
2625 5164 2735 5218 τῶν
2776 5180 2901 5218 τινα
2939 5165 3296 5219 δικαιούντων
3343 5166 3524 5232 αὐτὸν,
3550 5162 3721 5235 ἀρετὴν

498 5267 603 5307 suo
636 5249 1034 5322 aliquantulum
1068 5248 1295 5313 relaxat,
1326 5257 1491 5316 atque
1516 5246 1769 5300 virtutem
1805 5247 2078 5314 ostendit;

2190 5254 2460 5323 ἐκφαίνει,
2517 5255 2640 5325 τὴν,
2688 5256 2764 5318 ὡς
2807 5256 2857 5307 οἱ
2909 5256 3063 5325 eo'poi.
3109 5256 3400 5325 ὀνομάζειν
3449 5255 3720 5327 βούλονται,

500 5342 557 5396 id
585 5350 669 5396 est
691 5340 1142 5401 moderationem,
1177 5337 1255 5390 uti
1288 5338 1561 5406 sapientes
1623 5351 1741 5390 eam
1801 5352 2078 5407 nuncupa-

2190 5345 2488 5399 ἐπιείκειαν
2508 5362 2522 5377 ⁸
2552 5346 2647 5397 καὶ
2679 5344 2855 5409 οὕτως
2886 5347 3108 5400 ὑπείκει
3135 5348 3475 5419 τασσόμενος
3506 5346 3604 5402 ὑπὸ
3628 5345 3722 5405 τοῖς

501 5448 651 5497 vere,
683 5440 737 5485 ct
766 5432 845 5486 ita
881 5428 1137 5483 concedit
1166 5428 1501 5484 adversariis
1526 5436 1688 5499 atque
1711 5428 1781 5484 iis
1812 5443 1873 5483 se
1904 5428 2080 5499 subji-

2186 3520 2245 3572 αῖ
2275 3520 2461 3588 ἀνοχαὶ
2485 3521 2592 3573 τῶν
2618 3519 2871 3590 πολέμων
2894 3520 3417 3590 ἐπινενόηνται,’καῖ
3438 3520 3490 3572 αῖ
3514 3518 3720 3582 σπονδαὶ,
3814 3562 3819 3571 «

496 5524 594 5579 cit.

568 5615 662 5668 82.
694 5614 791 5669 His
811 5613 974 5683 igitur
1001 5611 1104 5668 hoc
1128 5612 1290 5667 modo
1319 5620 1372 5667 et
1396 5611 1663 5667 hactenus
1698 5611 2075 5667 consideratis

498 5704 567 5773 (si
594 5702 741 5758 enim
788 5702 1003 5770 longius
1068 5701 1391 5772 protrahere
1444 5701 1588 5756 hanc
1650 5700 2075 5771 disputationem

497 5796 789 5860 vellemus,
821 5792 1211 5850 ostentationis
1244 5793 1627 5865 in0pportunae
1649 5793 1858 5850 crimen
1889 5795 2075 5850 incur-

500 5886 792 5953 reretnus),
814 5885 942 5954 quid
974 5886 1190 5945 tandem
1219 5901 1330 5941 non
1356 5886 1680 5958 subjiciums
1732 5875 1853 5959 nos,
1889 5905 1919 5944 ο
1962 5889 2071 5943 Do-

2187 5430 2500 5501 ἐνσταταις,
2525 5438 2621 5491 καὶ
2646 5436 2780 5491 αὐτὸ
2808 5437 2872 5506 δὴ
2896 5437 3054 5492 τοῦτο
3076 5438 3536 5510 ὑποτασσόμενος.

2256 5615 2369 5687 πβ’.
2402 5616 2568 5670 Οὕτω
2596 5616 2663 5688 δὴ
2696 5615 2902 5671 τούτων
2920 5616 3060 5688 ἡμῖν
3087 5617 3514 5689 τεθεωρημὲνων
3538 5615 3627 5669 atati.
3647 5609 3722 5664 ἐπὶ

2180 5707 2436 5761 τοσοῦτον
2452 5709 2552 5779 (είς
2571 5707 2735 5761 πλέον
2752 5708 2821 5775 γὰ
2829 5725 2862 5778 ρ
2880 5709 3152 5762 ἐπιτεῖναι
3172 5709 3232 5764 τδ
3246 5708 3488 5763 τοιοῦτον
3504 5707 3720 5774 σκέμμα.

2184 5797 2502 5869 φιλοτιμίαν
2552 5799 2803 5870 οἰήσεται
2846 5817 2933 5863 τις
2980 5801 3255 5871 ἄκαιρον),
3304 5800 3361 5853 τί
3405 5799 3601 5869 δήποτε
3640 5792 3722 5861 οὐχ

2183 5888 2627 5959 ύποτασσόμεθα,
2663 5883 2710 5946 ὦ
2741 5890 2918 5963 σῶτερ
2959 5892 3141 5964 κύριε,
3164 5892 3193 5947 δ
3239 5895 3331 5948 καὶ
3354 5890 3563 5963 φθάσας
3585 5884 3718 5950 εὐξά-
