3788 6554
376 369 481 432 375

1067 361 1359 424 EUSTA'I
1374 362 1492 423 ΗΙΙ
1528 359 2294 427 THESSALONICENSIS
2334 364 2698 426 METROP‘)
2710 364 2906 426 LITE

3519 357 3616 424 376

442 480 498 536 3.
550 475 690 545 Quid
745 474 877 530 mihi
956 488 1086 529 vero
1138 475 1555 531 discurrentium
1611 488 1707 544 per
1754 474 1961 544 singula

2142 480 2211 551 γ’.
2243 481 2311 535 Τί
2335 481 2392 534 δέ
2419 495 2511 549 μοι
2555 476 2867 545 ἐπεξελθεῖν
2902 475 3046 531 κατὰ
3091 472 3262 545 μέρος
3308 472 3426 537 τοῖς
3453 474 3618 528 τοιού-

375 571 565 628 talium
598 582 796 639 magna
834 581 899 622 ex
926 574 1079 637 parte
1110 566 1400 633 bonorum,
1438 581 1560 622 cum
1593 564 1735 620 bene
1777 567 1958 621 scien-

376 667 523 722 tibus
550 662 795 720 indicare
816 660 1069 724 suliieiat,
1095 659 1235 728 quod
1262 658 1573 729 bujnsmodi
1596 657 1961 713 simulationis

376 759 591 831 species
621 754 991 811 omnimodam
1022 768 1085 807 ex
1121 751 1349 807 historia
1393 750 1642 804 virtutem
1698 758 1753 804 et
1800 748 1959 803 maii-

377 854 507 908 tiam
542 849 796 906 visendas
839 862 905 902 ac
961 844 1265 899 audiendas
1316 842 1554 913 antiquis
1599 842 1959 914 proponebat,

375 944 603 1000 utillam
645 941 866 1012 quidem
927 936 1243 1006 probarent,
1294 936 1433 992 hanc
1455 949 1582 989 vero
1638 932 1962 1002 rejicerentl

377 1035 589 1092 Bonum
630 1034 735 1089 hoc
767 1029 966 1089 exinde
1000 1026 1217 1082 transiit
1247 1028 1313 1080 ad
1338 1035 1610 1097 posteros,
1653 1035 1711 1078 ut
1738 1039 1843 1079 non
1871 1039 1962 1079 so-

377 1129 485 1184 lum
514 1142 545 1184 e
584 1124 893 1180 viventibus
923 1132 1238 1174 mutuemur
1262 1118 1387 1173 boni
1428 1118 1753 1182 scientiam;
1787 1114 1881 1172 sed
1906 1123 1962 1170 et

374 1236 498 1278 cum
535 1216 764 1272 mortuis
790 1229 884 1282 per
905 1212 1046 1268 hanc
1083 1209 1505 1267 transaciionetn
1551 1216 1960 1274 conversantes,

375 1318 545 1365 vitam
564 1304 750 1363 virtuti
774 1315 1069 1371 congruam
1096 1298 1482 1369 adipiscamur.
1502 1296 1569 1351 Et
1601 1296 1725 1351 talis
1741 1296 1960 1366 quidem

375 1411 497 1460 erat
562 1409 690 1456 tunc
735 1394 949 1453 scenica
1010 1392 1424 1456 demonstratio,
1481 1406 1605 1447 cum
1677 1389 1961 1445 rationalis

377 1503 525 1552 esset
554 1503 917 1563 personarum
944 1495 997 1541 et
1025 1486 1302 1540 actionum
1335 1483 1592 1549 imitatio,
1636 1490 1691 1537 et
1737 1482 1790 1535 in
1840 1480 1964 1537 istis

378 1586 698 1657 qualitatum
776 1576 1105 1646 lloriiegium
1156 1575 1224 1629 ad
1281 1574 1655 1630 studiosorum
1719 1571 1961 1641 discipli-

377 1690 528 1733 nam.
565 1671 631 1728 Et
656 1679 773 1727 erat
802 1668 963 1737 hujus
1009 1664 1269 1733 temporis
1302 1672 1454 1718 actor
1476 1663 1731 1719 scenicos
1779 1662 1963 1718 omnis

379 1763 602 1822 virtutis
632 1769 961 1832 praeceptor,
986 1756 1336 1811 introducens
1360 1754 1575 1821 quidem
1608 1752 1664 1806 in
1690 1752 1960 1808 theatrum

384 1858 552 1914 etiam
607 1850 939 1909 malitiarutn
987 1856 1165 1917 typos,
1226 1860 1332 1900 non
1378 1854 1436 1899 ut
1479 1847 1600 1912 quis
1648 1857 1834 1898 earum
1883 1843 1965 1897 in-

380 1952 571 2009 dueret
585 1944 837 2008 formam,
879 1938 976 1995 sed
1006 1949 1065 1993 ut
1099 1938 1269 2007 ipsam
1288 1945 1653 1990 aversaretur.
1701 1932 1769 1990 Ut
1802 1934 1960 1990 aliter

380 2042 584 2108 dicam,
615 2036 795 2109 quoad
821 2033 1032 2089 vultum
1069 2030 1323 2094 mendax,
1358 2027 1413 2083 in
1445 2027 1761 2097 magisterio
1793 2040 1961 2082 verax

379 2146 541 2201 erat;
574 2141 631 2187 et
667 2134 923 2201 poterant
976 2133 1314 2195 spectatores
1345 2131 1474 2176 tunc
1525 2119 1629 2175 sibi
1662 2118 1957 2175 lucrosum

380 2226 612 2282 reddere
662 2218 1002 2281 mendacium
1047 2226 1103 2271 et.
1143 2213 1277 2268 illud
1336 2212 1630 2279 laudabile,
1677 2211 1770 2268 ubi
1818 2211 1960 2281 quod

377 2316 614 2388 spissum
632 2323 688 2368 et
709 2306 964 2367 sensibile
984 2317 1119 2370 erat,
1142 2304 1354 2361 veritati
1369 2319 1473 2359 non
1498 2314 1615 2359 erat
1634 2319 1957 2375 congruum;

380 2410 526 2483 quod
581 2415 761 2462 autem
818 2402 886 2457 ad
929 2398 1253 2456 sententiam
1284 2396 1618 2452 enuntiatam
1656 2397 1957 2467 spectabat,

378 2505 575 2562 anima:
602 2497 846 2573 quaedam
875 2502 991 2549 erat
1025 2492 1215 2562 ﬁgura.
1694 2547 1729 2565 -

447 2598 506 2656 4.
552 2594 668 2651 Diei
697 2604 825 2647 vero
856 2600 1072 2659 quoque
1106 2592 1281 2654 potest
1309 2580 1570 2653 ejusmodi
1597 2587 1755 2636 actor
1804 2579 1958 2650 quasi

378 2686 754 2749 substantivus
794 2692 999 2737 sermo.
1069 2676 1309 2745 Corpore
1366 2685 1600 2743 namque
1663 2679 1960 2742 personata

380 2791 606 2854 prorsus
640 2778 822 2839 hctus,
845 2767 1153 2838 disciplinis
1186 2764 1617 2821 substantialiter
1651 2766 1955 2831 constabat,

378 2885 439 2933 et
468 2873 657 2943 aliquo
686 2868 847 2923 modo
882 2863 1171 2919 videbatur
1203 2859 1295 2914 ille
1327 2859 1606 2913 inhaerens
1643 2857 1841 2913 animis
1867 2859 1961 2913 lie-

382 2967 580 3032 roicis,
634 2978 666 3018 a
718 2959 913 3031 quibus
967 2955 1180 3010 fortiter
1224 2951 1518 3020 inspiratus
1562 2950 1826 3005 edocebat
1865 2964 1961 3005 au-

380 3058 610 3115 ditores.
655 3048 983 3107 Rectissime
1011 3046 1175 3108 etiam
1212 3043 1414 3098 dixeris
1449 3043 1597 3096 illum
1638 3051 1697 3097 ut
1725 3041 1956 3097 monito—

2064 592 2178 640 τοις
2208 576 2289 639 είς
2321 574 2484 631 πλέον
2514 576 2764 643 ἀγαθοῖς,
2801 570 2921 625 δέον
2959 568 3021 622 δν
3051 556 3500 637 όποκρούσασθαι
3519 570 3621 630 τοῖς

2064 668 2127 724 εῦ
2154 669 2374 734 εἰδόσιν,
2404 668 2482 732 ὡς
2525 667 2586 720 τὺ
2612 664 2713 736 τῆς
2771 661 3035 732 τοιαὺτης
3092 659 3441 729 ὑποκρίσεως
3494 649 3621 720 εἶδος

2066 760 2332 816 παντοίαν
2373 758 2665 829 ίστορικῷς
2705 756 2912 827 ἀρετήν
2941 769 3002 805 τε
3036 752 3129 805 καὶ
3164 748 3363 803 κακίαν
3404 750 3514 810 τοῖς
3537 749 3623 816 ἁρ-

2062 851 2242 923 χαίοις
2272 851 2485 916 ἐξέθετο
2519 849 2599 913 είς
2630 864 2691 901 τε
2727 849 3000 918 πρόοπτον
3040 843 3136 896 καὶ
3168 842 3248 906 είς
3279 841 3534 909 ἐπήκοον,
3556 838 3625 903 ὥς

2060 941 2161 1013 τὴν
2180 943 2277 1011 μὲν
2298 942 2539 1006 ἐκείνους
2560 938 2856 1010 αἱρεῖσθαι,
2882 936 2981 1007 τὴν
2999 936 3055 990 δέ
3075 932 3624 1005 ἁποπροσποιεῖσθαι;

2068 1036 2134 1088 Ὃ
2164 1034 2228 1107 δὴ
2250 1034 2415 1090 καλὸν
2445 1034 2659 1089 ἐκεῖθεν
2689 1030 2900 1102 κατόδη
2930 1031 3027 1084 καὶ
3051 1029 3132 1092 είς
3155 1025 3282 1089 τοὺς
3310 1025 3619 1096 μετέπειτα,

2064 1128 2152 1183 τνα
2184 1128 2261 1200 μὴ
2295 1128 2459 1198 μόνον
2482 1128 2548 1182 ἐκ
2574 1126 2682 1182 τῶν
2729 1125 2950 1191 ζώντων
2992 1118 3384 1194 ἐρανιζώμεθα
3413 1118 3511 1189 τὴν
3539 1116 3622 1171 τοῦ

2064 1220 2275 1290 ἀγαθοῦ
2310 1220 2575 1292 μάθησιν,
2626 1218 2762 1275 ἀλλὰ
2811 1217 2909 1271 καὶ
2961 1217 3180 1284 νεκροῖς
3219 1209 3532 1283 ὁμιλοῦντες
3562 1210 3623 1264 δι’

2066 1314 2411 1385 ὑποκρίσεως
2439 1314 2679 1383 ἐκείνης,
2701 1312 2802 1383 τὴν
2829 1309 2954 1364 κατ’
2972 1306 3175 1379 ἀρετὴν
3204 1303 3353 1375 ζωὴν
3379 1319 3623 1375 προσεπι-

2050 1406 2345 1479 νκτὼμεθα.
2375 1406 2486 1461 Καὶ
2510 1405 2737 1476 τοιαύτη
2770 1404 2868 1475 μέν
2890 1398 2959 1473 ἦν
2986 1403 3077 1456 ὅτε
3104 1402 3138 1471 ἡ
3162 1396 3491 1470 ὑποκριτικὴ
3516 1398 3624 1450 ἐπί-

2063 1501 2250 1570 δειξις,
2285 1501 2519 1573 μίμησις
2548 1499 2688 1554 οῦσα
2733 1496 3043 1581 προσώπων
3075 1510 3135 1548 τι
3169 1494 3265 1546 καὶ¹
3295 1491 3624 1563 πραγμάτων

2064 1594 2307 1665 ἐλλογος,
2359 1595 2456 1649 καὶ
2487 1592 2836 1661 ἁνθολόγημα
2866 1588 2969 1659 τῆς
3009 1589 3069 1644 ἐν
3096 1585 3329 1648 ἐκείνοις
3356 1584 3624 1653 ποιότητος

2064 1648 2175 1743 ἐπὶῗ
2199 1648 2501 1743 παίδεύσειν
2539 1683 2649 1738 τῶν
2687 1648 3153 1751 ἐντυγχανόντων.
3191 1676 3300 1731 Καὶ
3346 1669 3418 1746 ἣν
3446 1676 3474 1728 ό

1998 1816 2041 1874 Β
2069 1781 2376 1852 ὑποκριτὴς
2410 1777 2611 1850 ἀρετῆς
2640 1774 2859 1844 ἁπάσης
2892 1770 3236 1837 διδάσκαλος,
3279 1767 3619 1873 παρεισιξγων

2072 1874 2173 1945 μὲν
2202 1872 2284 1935 είς
2314 1871 2377 1923 τὸ
2434 1869 2662 1940 θέατρον
2694 1867 2791 1920 καὶ
2821 1867 3029 1927 τόπους
3074 1861 3306 1926 κακιῶν,
3351 1859 3449 1928 οὐχ
3497 1857 3622 1911 ὥστε

2072 1964 2179 2035 μὴν
2212 1960 2571 2034 μορφωθῆναι
2606 1976 2731 2013 τινα
2780 1955 2917 2027 πρὸς
2944 1953 3135 2018 αὐτὰς,
3184 1951 3300 2007 ἀλλ’
3332 1950 3407 2013 ὡς
3448 1948 3623 2019 ἐκτρέ-

2065 2053 2275 2126 ψασθαι
2296 2068 2311 2084 ⁸
2345 2054 2520 2106 εἰπεῖν
2545 2052 2601 2104 δέ
2633 2050 2729 2105 καὶ
2759 2048 2958 2113 ἄλλως,
2982 2045 3317 2117 ψευδόμενος
3348 2043 3548 2104 ἐκεῖνος
3568 2038 3621 2093 τὺ

2066 2147 2383 2216 πρόσωπον,
2441 2141 2835 2214 ἀληθιζόμενος
2879 2136 2950 2209 ἦν
2999 2139 3091 2193 τὸν
3145 2135 3509 2191 διδάσκαλονσ
3541 2133 3621 2187 καὶ

2066 2236 2212 2309 εἶχον
2259 2237 2310 2291 ei
2346 2235 2539 2289 θεαταὶ
2582 2233 2905 2303 πορίζεσθαι
2955 2228 3263 2303 τηνικαῦτα
3306 2225 3501 2299 ψεῦδος
3540 2226 3621 2278 καὶ

2067 2331 2248 2383 ἐκεῖνο
2272 2326 2580 2394 ἐπαινετὸν,
2616 2319 2677 2380 οὗ
2699 2326 2760 2380 τὸ
2792 2326 2889 2396 μὲν
2913 2324 3063 2396 παχὺ
3094 2322 3188 2376 καὶ
3210 2320 3352 2393 πρὸς
3390 2317 3622 2389 αἴσθησιν

2066 2419 2225 2475 οὐδέν
2244 2418 2474 2481 οὐδόλως
2504 2412 2573 2489 ἦν
2612 2416 2749 2486 πρὸς
2775 2414 3056 2485 ἀλήθειαν,
3090 2413 3151 2467 τὺ
3176 2412 3234 2466 δὲ
3268 2411 3404 2482 πρὸς
3432 2409 3619 2463 ἔννοιαν

2066 2512 2167 2582 τὴν
2203 2509 2612 2579 ἐκλᾶλουμένην
2642 2507 2823 2579 ψυχῆς
2852 2502 2922 2577 ἦν
2949 2524 3003 2561 τι
3036 2506 3339 2577 μόρφωμα.

2136 2600 2201 2659 δ’.
2232 2602 2389 2655 Ἐστι
2421 2601 2479 2655 δὲ
2524 2599 2615 2653 τὸν
2648 2599 2951 2671 ὑποκριτὴν
2982 2600 3189 2653 ἐκεῖνον
3231 2596 3413 2650 εἰπεῖν
3441 2593 3530 2652 καὶ
3552 2590 3620 2659 ὡς

2065 2690 2178 2749 οἷον
2202 2692 2361 2763 λόγον
2386 2692 2733 2764 αὐτόχρημα.
2760 2692 2834 2745 Τὸ
2867 2691 2975 2764 γὰρ
3008 2690 3129 2744 καθ’
3156 2690 3452 2761 ὑπόκρισιν
3477 2687 3619 2757 σῶμα

2065 2786 2397 2857 ψευδόμενος
2417 2785 2497 2850 είς
2526 2784 2587 2837 τὸ
2627 2785 2757 2851 πᾶν,
2794 2786 2913 2847 ταῖς
2958 2780 3089 2853 γοῦν
3134 2780 3506 2845 διδασκαλίαις
3542 2780 3621 2835 οὓ-

2068 2878 2256 2944 σίωτο,
2285 2875 2382 2931 καί
2410 2892 2529 2939 πως
2558 2874 2723 2946 ἐῴκει
2751 2875 2981 2945 κάτοχος
3018 2875 3229 2935 ἐκεῖνος
3267 2869 3415 2928 εἶναι
3444 2873 3623 2943 ψυχαῖς

2071 2972 2360 3042 ὴρωῖκαῖς,
2394 2968 2487 3037 ὑφ’
2530 2961 2606 3022 ὧν
2654 2965 3062 3038 ψυχαγωγικῶς
3112 2966 3485 3037 ἐμπνεόμενος
3529 2962 3622 3016 ἐδί-

2066 3060 2233 3115 δασκε
2261 3058 2389 3121 τοὺς
2410 3056 2708 3127 ἀκροατάς.
2738 3056 2903 3120 Τὰξοι
2945 3054 3002 3109 δέ
3031 3054 3097 3110 ἄν
3127 3071 3214 3117 τις
3239 3053 3407 3108 αὑτὸν
3442 3051 3530 3105 καὶ
3555 3050 3621 3112 ὡς

381 3164 523 3215 rem,
565 3145 774 3201 alienos
824 3149 1108 3195 sermones
1164 3135 1302 3191 bene
1344 3132 1805 3191 transmittentem
1857 3148 1961 3189 au-

2066 3153 2147 3217 είς
2169 3149 2461 3217 ὑπώολέα,
2483 3149 2675 3220 λόγους
2700 3147 3015 3219 ἀλλοτρίους
3034 3146 3348 3209 εὖθυὸόλως
3372 3143 3623 3216 πορθμεύ-

384 3240 702 3304 dientibus;
763 3235 879 3291 sive
916 3231 1074 3304 quasi
1130 3228 1442 3293 bifrontem,
1481 3244 1513 3286 e
1546 3228 1785 3285 vultibus
1801 3244 1961 3299 _uno,

380 3335 486 3393 etsi
518 3345 625 3389 non
672 3325 952 3400 quomodo
1000 3322 1214 3380 celeber
1280 3319 1473 3387 Janus,
1517 3330 1797 3390 utentem;
1849 3322 1965 3378 sive

385 3424 677 3497 quemdam
696 3419 987 3489 duplicem,
1005 3415 1109 3472 etsi
1128 3415 1286 3469 aliter
1297 3428 1460 3484 quam
1478 3413 1798 3471 Μοιὶοηίόαι.
1826 3416 1966 3471 ima-

385 3520 665 3592 ginaretur
694 3511 891 3581 aliquis
918 3512 973 3563 in
1006 3507 1130 3571 illo,
1163 3504 1696 3575 metempsychoseos
1722 3506 1962 3574 nomine,

389 3598 1263 3682 portentosum,translusionetu.
1323 3598 1425 3664 Qui
1464 3611 1593 3653 vero
1618 3607 1797 3653 mente
1829 3599 1964 3655 sitn-

386 3703 510 3774 plex
546 3706 655 3761 est,
689 3693 842 3755 velut,
881 3687 1278 3761 mandatarium
1337 3685 1496 3742 talem
1546 3693 1962 3759 nuncupaverit,

390 3791 641 3867 personis
669 3786 907 3844 heroicis
961 3781 1411 3847 subservientem,
1472 3782 1629 3852 quasi
1684 3798 1966 3839 sermones

382 3891 625 3963 ipsarum
663 3890 717 3938 et
744 3880 987 3934 actiones
1016 3875 1281 3931 imitando
1312 3875 1661 3945 exprimeret,
1690 3892 1793 3931 non
1821 3876 1967 3947 judi-

388 3994 525 4039 cans
556 3974 772 4047 quidem
816 3968 1115 4026 secundum
1165 3965 1307 4031 illas,
1331 3966 1439 4033 vel,
1481 3976 1541 4021 ut
1578 3967 1721 4023 idem
1761 3967 1964 4035 dicam,

383 4074 701 4129 discernens
718 4063 804 4119 vel
833 4061 1239 4126 decernens,et
1267 4058 1343 4112 ita
1384 4058 1555 4129 iudex
1608 4075 1698 4115 res
1723 4060 1962 4130 ipsaruttt

383 4148 776 4222 determinans,
799 4163 855 4209 ut
886 4162 1008 4224 agat
1033 4160 1086 4208 et
1117 4153 1263 4207 dicat
1282 4166 1403 4223 quae
1417 4153 1633 4223 quidem
1658 4152 1763 4208 illa:
1784 4155 1963 4223 reipsa

385 4252 642 4310 iecissent
676 4261 737 4303 ac
771 4244 1058 4302 dixissent.

451 4421 510 4480 5.
549 4419 724 4477 Aliter
760 4419 904 4474 enim
934 4416 1100 4490 judex
1163 4417 1484 4487 simpliciter
1524 4420 1815 4476 diceretur.
1857 4420 1964 4478 Sed

2065 3261 2196 3299 οντα
2224 3245 2336 3307 τοῖς
2360 3242 2737 3313 ἀκροωμένοις
2760 3256 2774 3271 ·
2835 3239 2869 3312 ἦ
2908 3240 3003 3294 καὶ
3037 3238 3112 3302 ὼς
3139 3233 3251 3292 οἷον
3292 3237 3621 3307 διπρόσωπον

2066 3336 2281 3408 θατέρῳ
2312 3337 2427 3390 τοῖν
2450 3333 2772 3405 προσώποιν
2807 3332 3158 3404 ἐνεργοῦντα,
3188 3333 3239 3385 si
3266 3332 3362 3384 καὶ
3388 3330 3461 3401 μὴ
3495 3329 3621 3384 κατὰ

2063 3429 2157 3484 τὸν
2188 3428 2584 3499 περιᾳδόμενον
2625 3427 2873 3480 Ἰαννον·
2910 3426 2943 3496 ἢ
2989 3426 3088 3479 καὶ
3137 3424 3367 3478 διπλοῦν
3416 3439 3552 3483 τινα,
3578 3422 3621 3475 εί

2064 3524 2162 3576 καὶ
2184 3520 2379 3586 ἄλλως,
2411 3521 2555 3591 ἢπερ
2579 3518 2629 3572 oi
2659 3517 2996 3573 Μολιονίὸαι.
3020 3514 3372 3586 Φαντάσηται
3400 3514 3446 3567 δ’
3468 3514 3532 3568 ἄν
3550 3529 3621 3576 τις

2064 3614 2123 3667 ἐν
2152 3610 2229 3680 τῷ
2266 3609 2494 3680 τοιούτῳ
2526 3610 2620 3664 καὶ
2646 3608 2741 3661 τὸν
2782 3607 3213 3679 τερατευόμενον
3260 3603 3619 3675 μεταγγισμδν

2067 3703 2541 3777 μετεμψυχώσεως
2567 3702 2712 3773 λόγῳ
2731 3739 2748 3757 .
2792 3702 2851 3755 '0
2871 3700 2927 3755 δὲ
2956 3700 3047 3755 τὸν
3080 3699 3203 3754 νοῦν
3227 3701 3512 3770 ἀπέριττος
3541 3698 3622 3752 καὶ

2064 3798 2139 3862 ὡς
2167 3798 2250 3861 είς
2271 3795 2491 3849 ἐντολέα
2532 3794 2623 3848 τὸν
2659 3793 2903 3847 τοιοῦτον
2930 3792 3291 3864 ἐγγράφεται,
3335 3791 3624 3859 καθυπουρ-

2065 3889 2266 3959 γοῦντα
2298 3885 2613 3956 προσώποις
2654 3886 2939 3956 ήρωῖκοίς,
2969 3885 3109 3938 ὡσεὶ
3133 3888 3229 3940 καὶ
3260 3884 3454 3953 λόγους
3499 3881 3623 3936 ἐκεί-

2066 3998 2177 4036 νων
2199 3980 2297 4034 καὶ
2330 3979 2467 4049 ἔργα
2498 3977 2639 4048 πρὸς
2672 3978 2908 4049 μίμησιν
2938 3978 3273 4048 ἐξεμάττετο
3294 3992 3311 4010 ⁸
3348 3978 3408 4031 οὐ
3440 3976 3621 4047 κρίνων

2067 4074 2168 4145 μὲν
2197 4073 2319 4126 κατ’
2358 4068 2632 4133 ἐκείνους,
2683 4069 2883 4123 ταύτὸν
2931 4068 2977 4122 δ’
3007 4071 3203 4135 εἰπεῖν,
3261 4069 3546 4140 διακρίνων
3589 4066 3618 4136 ἢ

2063 4163 2386 4234 ἐπικρίνων,
2414 4162 2511 4215 καὶ
2538 4158 2686 4214 οὕτω
2732 4161 3001 4231 κριτικῶς
3034 4160 3263 4231 ὁρίζων,
3292 4162 3431 4215 αὑτὰ
3455 4161 3517 4232 δὴ
3560 4160 3620 4213 τὰ

2062 4258 2311 4321 ἐκείνων,
2342 4254 2432 4309 ίνα
2466 4254 2562 4310 καὶ
2585 4256 2716 4327 ποιῇ
2740 4255 2835 4308 καὶ
2858 4253 3015 4328 λέγῃ,
3044 4253 3188 4326 ἅπερ
3214 4254 3283 4310 ἂν
3313 4257 3509 4310 ἐκεῖνοι
3536 4254 3622 4308 αὖ-

2062 4350 2340 4404 τόγοηιια.

2283 4366 2340 4404 α.

2127 4366 2311 4496 ἓηὲιῆ
2350 4440 2459 4512 γὰρ
2483 4440 2550 4497 ἂν
2585 4439 2777 4511 κριτὴς
2805 4439 3111 4504 ἀσυνθέτως
3146 4440 3390 4511 ἐλέγετο.
3418 4441 3528 4496 Νῦν
3550 4440 3616 4505 δέ.

379 4530 549 4583 nunc,
592 4523 653 4569 ut
684 4521 1030 4583 comparatus
1059 4511 1125 4565 ad
1181 4510 1375 4565 ducem
1410 4521 1464 4566 et
1495 4512 1562 4565 ad
1597 4522 1877 4581 praetorem
1910 4525 1961 4570 et

2066 4533 2258 4603 ὥσπερ
2283 4533 2402 4587 ἐστὶ
2432 4510 2579 4604 πρὸς
2605 4510 2696 4586 τὸν
2725 4510 2892 4586 δοῦκα
2922 4533 3016 4585 καὶ
3052 4532 3189 4604 πρὸς
3219 4535 3313 4588 τὸν
3344 4533 3623 4605 πρακτῆρα

380 4608 451 4661 ad
509 4603 740 4679 imperio
797 4604 1037 4656 maximo
1076 4604 1449 4671 praepositum,
1493 4610 1578 4657 est
1632 4603 1957 4674 subprmtor,

378 4707 434 4755 et
454 4697 668 4753 subdux
714 4706 770 4749 et
799 4694 1148 4767 ,hyparclius,
1178 4694 1257 4748 sic
1305 4694 1358 4747 et
1408 4696 1475 4748 ad
1515 4694 1753 4762 judicent
1810 4697 1958 4752 illum

380 4788 746 4864 praecipuum,
775 4788 857 4842 cui
883 4786 1038 4856 quasi
1067 4788 1246 4839 thema
1279 4784 1466 4845 subest
1490 4787 1847 4871 primitivum,
1877 4801 1963 4848 est

379 4892 535 4939 actor
582 4882 869 4946 scenicus;
917 4879 1175 4945 colligens
1235 4878 1453 4947 quidem
1506 4889 1561 4935 et
1606 4881 1725 4951 ipse
1770 4885 1961 4941 critico

376 4976 560 5044 modo,
618 4988 778 5047 opera
849 4980 902 5026 et
968 4970 1153 5035 verba,
1218 4970 1379 5025 ambo
1430 4972 1670 5038 heroica,
1723 4990 1830 5030 non
1877 4986 1959 5031 ta-

376 5083 501 5126 men
560 5052 992 5123 indubitabiliter
1046 5063 1135 5118 illa
1182 5063 1296 5133 ipsa
1321 5078 1441 5133 qua:
1469 5068 1762 5121 secundum
1797 5085 1960 5124 acru.

374 5169 552 5218 ratam
584 5166 709 5214 sunt
753 5157 1062 5221 veritatem,
1111 5156 1205 5212 sed
1267 5156 1583 5210 verisimilia
1626 5169 1680 5212 ct
1730 5160 1958 5215 l‘orsitan

377 5253 450 5308 ita
476 5266 534 5308 se
563 5249 842 5313 habentia,
863 5257 916 5301 et
946 5245 1187 5301 moribus
1217 5246 1434 5301 illorum
1464 5246 1757 5313 submissa,
1799 5260 1854 5304 et
1886 5250 1958 5305 i.a

375 5343 490 5399 fere
516 5342 619 5400 sub
644 5342 856 5414 judicio
886 5341 1097 5393 illorum
1130 5323 1354 5409 posita;
1387 5339 1455 5394 ad
1491 5340 1827 5396 suadendum
1860 5359 1958 5397 au-

377 5432 640 5489 ditoribus
702 5440 760 5484 ut
820 5428 1068 5493 credant,
1111 5429 1158 5481 si
1211 5443 1319 5481 non
1367 5428 1655 5500 ipsissima,
1727 5441 1784 5485 ut
1837 5438 1957 5507 quis

376 5524 593 5592 dixerit,
621 5520 810 5578 saltem
844 5521 971 5575 talia
998 5522 1246 5575 debuisse
1268 5530 1548 5592 prototypa
1569 5537 1688 5605 esse
1713 5528 1952 5595 heruica,

376 5618 574 5687 quibus
635 5614 918 5685 disciplina
973 5612 1251 5669 theatralis
1306 5615 1554 5689 refulget,
1596 5628 1648 5674 et
1709 5622 1843 5677 adeo
1896 5634 1955 5679 υι

379 5707 687 5776 huiusmodi
717 5716 908 5763 orator
933 5704 1118 5762 dicere
1164 5711 1387 5764 auderet
1441 5710 1652 5767 animas
1708 5715 1953 5771 heroicus

380 5810 635 5857 evocatus
662 5799 806 5872 loqui
852 5810 905 5857 et
937 5800 1138 5871 facere,
1180 5816 1278 5873 per
1311 5800 1432 5862 illos
1465 5814 1679 5866 actores
1725 5822 1787 5866 ca
1833 5822 1955 5882 quae

2062 4626 2161 4679 καὶ
2189 4624 2329 4695 πρὸς
2349 4624 2444 4678 τὸν
2486 4625 2546 4678 ἐν
2575 4623 2810 4695 μεγίστη
2840 4624 2985 4694 ἀρχῇ
3017 4623 3045 4675 ὀ
3086 4624 3466 4696 ὑποπράκτωρ
3493 4625 3624 4678 καὶὸ

2062 4716 2299 4780 ὑποδοὺξ
2319 4716 2416 4769 καὶ
2443 4717 2471 4769 ό
2496 4714 2770 4787 ὕπαρχος,
2798 4714 2963 4769 τοῦτο
2986 4714 3083 4769 καὶ
3109 4716 3247 4786 πρὸς
3276 4717 3472 4785 κριτὴν
3493 4716 3623 4769 ἐκεῖ·

2062 4825 2153 4863 νον
2183 4811 2481 4879 κορυφαῖον
2522 4804 2634 4863 οἷον
2662 4809 2793 4863 ὄντα
2820 4808 2911 4862 διὰ
2959 4807 3021 4861 τὸ
3052 4810 3405 4877 πρωτόθετον
3452 4812 3479 4863 ὁ
3509 4809 3624 4862 ὑπο·

2062 4902 2261 4972 κριτής
2285 4917 2299 4931 ·
2329 4900 2728 4971 ἀναλεγόμενος
2757 4900 2855 4970 μὲν
2886 4899 2981 4953 καὶ
3006 4902 3170 4964 αὐτὸς
3196 4903 3432 4972 κριτικῷ
3454 4904 3622 4972 τρόπῳ

2061 4992 2201 5061 ἔργα
2230 4992 2327 5045 καὶ
2353 4992 2568 5057 λόγους,
2596 4992 2812 5063 apem
2841 4994 2934 5045 καὶ
2963 4992 3151 5062 ἄμφω,
3178 4994 3239 5046 οὐ
3273 4994 3383 5064 μὴν
3409 4996 3627 5062 ἀναμφι.

2060 5084 2270 5147 λέκτως
2307 5085 2446 5138 αὐτὰ
2490 5086 2674 5138 ἐκεῖνα
2706 5086 2776 5138 τὰ
2807 5086 2942 5154 πρὸς
2991 5086 3463 5158 ἀπηκριϐωμένην
3492 5088 3620 5155 νὰλήο

2062 5179 2233 5244 Θειαν,
2264 5178 2380 5233 ἀλλ’
2412 5178 2651 5243 ἐοικότα,
2684 5178 2781 5231 καὶ
2812 5179 2951 5248 τάχα
2980 5180 3047 5233 ἂν
3086 5179 3260 5245 οὕτως
3298 5183 3509 5251 ἔχοντα,
3538 5181 3623 5231 καὶ

2062 5269 2388 5338 ὑπαγόμενα
2413 5271 2523 5331 τοῖς
2554 5268 2781 5322 ἐκείνων
2805 5269 2982 5340 ἡθεσι,
3014 5272 3106 5322 καὶ
3130 5272 3204 5335 ὡς
3234 5274 3339 5326 ὑπό
3365 5290 3429 5340 γε
3460 5270 3624 5343 κρίσει

2059 5361 2191 5413 ὅντα
2218 5362 2284 5431 τῇ
2319 5361 2442 5413 κατ’
2471 5360 2713 5423 ἐκείνους
2737 5376 2750 5391 ο
2772 5362 2846 5424 ὡς
2872 5361 3017 5432 ἔχειν
3040 5364 3251 5416 πείθειν
3280 5365 3407 5427 τοὺς
3437 5366 3624 5433 ἀκροα-

2059 5452 2162 5515 τὰς
2193 5451 2423 5516 οἴεσθαι,
2455 5452 2503 5504 εί
2528 5453 2621 5506 καὶ
2648 5454 2723 5523 μὴ
2744 5453 3039 5519 αὑτότατα,
3068 5458 3212 5509 καθὰ
3234 5474 3316 5521 τις
3348 5457 3472 5527 ἔφη,
3499 5454 3623 5507 ἀλλὰ

2059 5543 2193 5620 γοῦν
2222 5542 2446 5596 τοιαῦτα
2492 5539 2633 5596 εἶναι
2668 5543 2733 5598 ἂν
2766 5545 2862 5597 καὶ
2912 5545 2981 5598 τὰ
3019 5547 3358 5617 πρωτότυπα
3402 5546 3622 5617 ἡρωῖκὶι,

2057 5626 2140 5696 οἷς
2171 5634 2203 5703 ἡ
2229 5634 2560 5704 ὑποκριτικὴ
2584 5634 2923 5703 ἑλλάμπεται
2953 5636 3194 5706 μέθοδος,
3228 5638 3323 5691 καὶ
3350 5639 3431 5701 είς
3451 5638 3623 5691 τοσοῦ-

2057 5742 2176 5789 τον,
2234 5722 2307 5788 ὡς
2357 5727 2452 5777 καὶ
2500 5726 2770 5795 τολμῆσαι
2805 5726 2872 5782 ἂν
2925 5730 3018 5784 τὸν
3073 5729 3215 5783 οὕτω
3269 5729 3622 5801 ῥητορεύοντα

2062 5817 2267 5888 φάναι,
2297 5815 2475 5889 ψυχας
2508 5819 2749 5889 ἡρωϊκάς
2776 5820 3114 5892 ἁναγομένας
3138 5821 3315 5878 λαλεῖν
3341 5824 3435 5878 καὶ
3465 5822 3623 5875 ποιεῖν
