3788 6552
141 414 226 478 3Π

1395 398 1495 460 DE
1528 397 1654 458 SIM
1667 396 2000 459 ULATION
2010 395 2076 459 Ε.

3234 392 3339 456 3⁸18

144 531 211 585 διὰ
247 524 415 601 μςρων
442 519 548 572 τῶν
577 517 897 590 ὑποκριτῶν
924 516 994 572 τὰ
1030 518 1110 584 είς
1144 518 1449 591 κηληθμδν,
1478 541 1555 588 ως
1579 525 1669 577 οῦ.

1796 530 1897 575 ιιιιι
1932 510 2355 588 spectatoribus,
2382 522 2440 569 ut
2470 513 2544 569 ita
2596 512 2795 577 dicam,
2844 512 3336 569 incantamentum.

141 637 226 681 τως
251 616 431 678 είπεῑν,
460 611 573 665 τῶν
624 609 861 666 θεατῶν.
905 607 980 665 Οὔ
1034 610 1321 681 ποιητικὸν
1356 614 1486 669 ίδιον
1532 615 1665 685 παρ’

142 715 289 772 ἄλλοις
317 710 408 778 μὲν
433 706 487 759 al
518 706 699 760 ἀοιδαὶ
725 704 963 770 Μοῦσαι,
999 706 1154 776 παρὰ
1183 707 1241 761 δὲ
1275 708 1349 780 τῷ
1380 710 1667 779 κορυφαίῳ

140 806 187 856 ιν
211 799 428 872 μελικοῖς
455 796 512 848 αἱ
558 796 894 868 Κηληδόνες,
932 797 1062 852 ἄλλο
1107 798 1273 868 τέρας
1304 801 1467 855 αὑταὶ
1512 805 1667 873 παρά

139 911 187 962 γε
214 892 267 943 τὸ
291 888 388 943 τῶν
436 888 738 960 Σειρήνων.
782 889 838 942 ’0
870 888 927 943 δὲ
976 888 1122 943 οὑτω
1145 892 1423 962 τολμηρὸς
1483 895 1667 965 ῥήτωρ

141 984 213 1037 καὶ
243 980 329 1050 τὴν
369 978 620 1050 ἔντεχνον
662 970 899 1033 παλαιὰν
954 981 1250 1051 ὑπόκρισιν
1295 984 1550 1055 ὁρίσηται
1598 987 1666 1041 ἂν

141 1074 423 1143 ἀγοήτευτον
474 1072 861 1141 ψυχαγωγίαν,
909 1071 1229 1142 βελτιοῦσαν
1265 1075 1359 1131 τὸν
1405 1077 1543 1148 βίον,
1572 1082 1667 1134 καὶ

140 1169 209 1222 τὺν
234 1165 386 1234 αὑτὴν
426 1164 687 1233 μετιόντα
721 1166 1007 1236 ὑποφήτην
1032 1166 1222 1237 ψυχῶν
1249 1170 1504 1239 ἡρωϊκῶν
1530 1171 1669 1242 πρὸς

145 1261 230 1330 βίον
254 1258 600 1325 λυσιτέλειαν,
629 1257 663 1330 ἢ
689 1258 895 1327 βιϐλίον
929 1260 1172 1331 ἱστορίας
1200 1261 1309 1327 ζῶν
1332 1264 1424 1317 καὶ
1450 1264 1665 1330 λαλοῦν,

144 1349 265 1421 illi
286 1348 476 1419 ἡρώων
501 1349 916 1421 ὑποδρηστῆρα,
941 1347 1023 1417 οἷς
1053 1353 1149 1408 καὶ
1176 1353 1469 1411 τεθνεῶσιν
1488 1356 1518 1410 ό
1544 1354 1668 1421 νοῦς

140 1444 192 1496 δι’
212 1439 353 1495 αὐτοῦ
381 1445 515 1512 περὶ
544 1441 651 1511 γῆν
684 1440 943 1507 σώζεται.

193 1647 252 1715 ς’.
285 1647 386 1702 Καὶ
414 1650 563 1704 οὕτω
588 1648 691 1720 μὲν
722 1649 927 1719 ἀγαθὸν
955 1649 1192 1705 παλαιὸν
1235 1650 1332 1705 καὶ
1363 1652 1397 1722 ἡ
1437 1650 1671 1721 ὑπόκρι-

142 1756 222 1803 σις,
244 1739 328 1793 καὶ
352 1743 381 1793 ό
416 1740 541 1793 κατ’
566 1741 740 1810 αὑτὴν
770 1743 1044 1812 τεχνίτης.
1090 1741 1244 1795 Ἐπεὶ
1273 1742 1331 1797 δέ
1357 1742 1458 1795 οὑκ
1486 1737 1554 1812 ἧν
1592 1740 1668 1813 μὴ

142 1834 213 1885 ml
234 1832 287 1886 τδ
314 1833 481 1886 καλὸν
511 1834 689 1886 ἐκεῖνο
739 1834 1177 1904 καπηλευθῆναι,
1209 1836 1305 1888 καὶ
1338 1833 1533 1923 πρῷτα
1567 1835 1667 1905 μὲν
1700 1867 1743 1923 Β

140 1924 464 1995 ἀχρειωθῆναι
496 1927 640 1980 κατά
670 1926 977 1996 παράμιξιν
1025 1926 1385 1996 φαυλότητος,
1421 1921 1543 1978 εἶτα
1571 1928 1666 1979 καὶ

142 2016 375 2079 παντελῶς
400 2017 825 2088 ἀμαυρωθῖῃραι,
857 2017 935 2082 ὡς
964 2019 1084 2073 ἀντὶ
1124 2018 1321 2090 τέχνης
1359 2017 1664 2089 εὑχρήστου

142 2109 201 2171 εις
240 2111 696 2181 ματαιοτεχνίαν,
745 2112 858 2165 εἴτε
910 2112 1270 2182 κακοτεχνίαν
1331 2112 1664 2176 διεκπεσεῖν,

142 2199 258 2253 ἀνύει
282 2200 451 2255 ταῦτα
481 2202 510 2255 ό
538 2202 879 2272 πολύτροπος
910 2204 1023 2274 βίος
1042 2220 1057 2235 ·
1087 2206 1184 2257 καὶ
1214 2204 1358 2258 κατά
1376 2221 1430 2256 τι
1468 2202 1665 2271 φθόνου

143 2292 373 2363 τέχνασμα
402 2297 470 2364 τῇ
510 2294 839 2365 ἀγαθουργῷ
877 2295 1404 2365 ἐπιδουλευσάμενος
1440 2294 1668 2364 ὑποκρίο

145 2403 222 2453 art,
250 2385 434 2457 πρῶτα
474 2386 577 2455 μὲν
612 2390 909 2443 ἐπινοεῖται
946 2388 1017 2442 τὰ
1067 2388 1368 2458 Σατυρικά,
1417 2386 1669 2457 μίγματα

141 2481 283 2533 tuin
313 2480 566 2548 πρᾶξεων
601 2480 698 2534 καὶ
726 2481 902 2548 λόγων
928 2481 1037 2534 τῶν
1064 2483 1121 2534 ἐν
1150 2481 1465 2549 προσώποις
1500 2480 1668 2548 ἡρωϊ-

141 2573 245 2636 κοῖς,
274 2564 347 2626 ὧν
370 2574 431 2625 τὸ
457 2574 652 2644 κρᾶμα
673 2571 873 2640 γέλωτι
895 2574 990 2626 καὶ
1017 2572 1223 2644 σπουδῇ
1252 2571 1667 2642 παραμέμικτο.

142 2661 228 2714 Καὶ
263 2661 435 2714 ἴσασιν
467 2662 608 2714 αὐτά
645 2662 698 2715 oi
744 2662 1167 2733 ἐντετυχηκότες
1217 2660 1471 2725 παλαιοῖς
1502 2661 1669 2732 πονή-

143 2767 292 2820 μσσιν,
319 2746 392 2806 ὧν
427 2751 587 2821 ὀλίγα
615 2752 740 2806 τινα
773 2754 1151 2825 περιφέρεται.

194 2866 245 2931 ζ’.
274 2868 423 2921 Μετά
461 2867 519 2921 δὲ
558 2868 627 2921 τὰ
663 2869 940 2939 Σατυρικά
977 2868 1430 2938 σπουδαιογελοϊα
1462 2866 1674 2922 εὐδοκί-

146 2972 254 3026 μησε
273 2958 332 3009 τὸ
354 2958 692 3029 κωμῳδικόν
727 2958 1103 3029 ὑποκριτικὸν,
1141 2959 1330 3013 οὑκίτι
1362 2958 1671 3029 προσώπων

144 3049 360 3118 ήρωῖκῶν
408 3051 789 3120 ἀπεχόμενον,
822 3051 871 3104 εί
902 3050 980 3121 μή
1032 3067 1135 3104 που
1178 3052 1236 3103 ἐν
1284 3048 1672 3121 παρέργῳστὰ

147 3141 283 3193 πολλὰ
310 3142 363 3195 δέ
390 3145 675 3213 συρφετοῖς
709 3142 1216 3211 ἐγκαλινδούμενον,
1250 3142 1345 3196 καὶ
1388 3140 1531 3196 οὑτω
1568 3158 1670 3195 και

142 3211 534 3304 ταπατούμενον,
568 3236 663 3288 καὶ
696 3233 763 3288 ἂν
791 3234 1107 3305 κεισόμενον
1145 3235 1226 3298 είς
1267 3233 1588 3305 παρόραμα,
1617 3234 1667 3287 εί
1691 3211 1737 3276 C

151 3322 209 3392 μὴ
229 3323 362 3375 καλλι
370 3326 473 3396 per;
479 3324 771 3394 μονοῦντες
791 3326 843 3377 οἱ
868 3325 1121 3395 κωμῳδοὶ
1142 3325 1414 3395 ἐπήγοντο
1439 3324 1540 3386 τὰς
1560 3324 1670 3377 τῶν

147 3414 320 3466 θεατῶν
346 3415 533 3481 ἀκοὰς,
580 3416 682 3469 καὶ
714 3414 858 3471 οὑτω
902 3415 1306 3486 πλατυνὰμενοι
1338 3412 1674 3486 περιεσώθη-

152 3520 228 3556 σαν
261 3505 330 3569 εἰς
377 3506 686 3575 ἀνάγνωσιν
736 3509 849 3570 τοῖς
900 3506 1133 3575 ἐλλόγως
1189 3505 1432 3574 βιοῦσιν·
1484 3506 1536 3560 οἶ
1577 3505 1670 3558 τοῦ

153 3596 324 3649 ἐκεῖθεν
353 3598 547 3667 μυελοῦ
579 3599 957 3670 κερδαίνοντες
986 3599 1387 3671 ἀπόρριπτοῦσι
1414 3598 1482 3651 τὰ
1517 3597 1671 3661 ὀστᾶ,

152 3692 225 3742 καὶ
252 3690 364 3744 ἀλλο
393 3692 449 3745 δὲ
480 3692 610 3757 πᾶν,
636 3693 759 3746 ὅσον
785 3692 859 3763 μὴ
886 3692 1160 3762 νόστιμον,
1190 3694 1272 3755 είς
1295 3692 1670 3759 ἐξουθὲνωσιν.

204 3807 263 3875 η’.
288 3804 388 3859 Καὶ
409 3803 553 3859 οὑτω
578 3805 679 3875 μὲν
700 3808 849 3877 τρεῖς
878 3798 1041 3861 αὗται
1064 3804 1297 3859 παλαιαὶ
1328 3804 1672 3875 ὑποκρίσεις,

154 3897 203 3964 τῇ
238 3898 323 3967 μὲν
354 3899 731 3968 μεταχειρίσει
765 3898 1039 3969 διάφοροι,
1070 3897 1349 3967 ἐλλόγιμοι
1398 3895 1455 3949 δὲ
1498 3894 1674 3958 ἄλλως

155 3988 231 4040 καὶ
271 3991 563 4059 ἐπαγωγολ,
611 3990 917 4061 ἀνθήσασαι
975 3989 1243 4042 ἀνέκαθεν
1306 3987 1525 4059 χρόνον,
1578 3988 1675 4039 καὶ

156 4079 325 4149 καρπὸν
359 4080 414 4133 δὲ
445 4080 771 4149 ἐνεγκιιῦσαι
798 4082 999 4144 πᾶσαι,
1030 4081 1062 4148 ἠ
1094 4082 1191 4150 μὲν
1218 4079 1427 4132 παλαιὰ
1456 4077 1673 4146 θαυμά-

157 4191 259 4239 σιον,
286 4177 315 4246 ἡ
341 4175 571 4247 δευτέρα
598 4174 657 4227 δὲ
684 4176 779 4228 καὶ
809 4173 968 4245 τρίτη
991 4174 1101 4226 οὐδ’
1132 4174 1295 4228 αὑταὶ
1328 4174 1505 4247 πάντῃ
1541 4175 1677 4229 ἀπό-

157 4261 327 4334 ϐλητον,
355 4264 638 4329 ἐξώλοντο.
684 4264 950 4333 Ἀνεφάνη
1000 4264 1057 4317 δέ
1086 4264 1320 4335 τετάρτη
1360 4266 1478 4335 μετ’
1534 4265 1677 4318 ἐκεί-

157 4370 244 4418 νας,
271 4355 383 4409 οὔτε
412 4347 798 4424 ἐλλογος,⁶ούδὲ
832 4356 937 4425 μὴν
972 4356 1153 4425 ἀγαθὴ
1184 4356 1319 4419 ὅλως
1350 4357 1427 4418 είς
1472 4356 1673 4428 ψυχὴν,

155 4447 316 4503 καὶδιὰ
345 4449 500 4502 τοῦτο
536 4446 859 4521 ἐρεθίζουσα
893 4446 1017 4508 τοὺς
1048 4445 1335 4515 φιλοῦντας
1366 4448 1426 4500 τὸ
1453 4448 1673 4518 ἀληθὲς,

1770 612 1861 668 Sic
1888 611 2160 680 poeticum
2184 608 2522 678 privilegium
2542 609 2758 677 quidem
2781 608 2920 670 apud
2940 616 3168 662 caeteros
3214 621 3344 662 sunt

1775 705 2106 760 cantatrices
2138 717 2327 768 musa,
2351 702 2494 771 apud
2517 716 2650 756 vero
2667 701 3016 769 coryphaeum
3048 700 3101 754 in
3135 700 3344 753 melicis

1776 804 1903 852 sunt
1953 794 2278 859 Celedones,
2314 795 2458 847 aliud
2493 793 2623 862 ipsae
2655 801 2957 846 monstrum
2978 801 3172 859 praeter
3190 791 3343 846 Sire-

1768 905 1894 943 num
1916 887 2235 957 prodigium.
2270 886 2364 941 ille
2396 900 2519 940 vero
2548 883 2946 938 audacis~ituus
2975 884 3158 936 rhetor
3184 882 3343 936 indu-

1770 983 2026 1039 striosam
2045 987 2472 1035 vcteremartem
2519 977 2788 1032 scenicam
2836 974 3088 1029 deﬁniret
3136 975 3347 1028 anima-

1771 1072 2013 1126 rumsine
2068 1069 2243 1140 magia
2266 1068 2657 1133 emcationem,
2688 1080 2805 1135 quae
2854 1064 3019 1118 vitam
3067 1065 3343 1120 meliorem

1768 1162 1986 1229 facit,et
2008 1177 2131 1217 cum
2155 1159 2247 1229 qui
2276 1159 2624 1229 prosequitur
2646 1158 2816 1223 illam,
2843 1166 3019 1209 vatem
3041 1156 3345 1211 animarum

1769 1256 2113 1311 heroicarum
2143 1255 2209 1306 ad
2252 1260 2375 1306 vitae
2419 1250 2729 1313 utilitatem,
2755 1248 2839 1303 vel
2877 1248 3117 1302 historia:
3145 1248 3341 1303 librum

1774 1350 2046 1404 viventem
2074 1354 2128 1400 et
2161 1345 2496 1414 loquentem,
2522 1341 2607 1396 vel
2652 1341 2878 1396 heroum
2937 1340 3219 1409 famulum,
3250 1358 3349 1411 per

1769 1459 1933 1514 quem
1974 1442 2191 1498 illorutn
2225 1438 2390 1495 etiam
2423 1443 2764 1492 mortuorum
2798 1450 2951 1491 tuens
2973 1434 3026 1491 in
3056 1444 3204 1493 terra
3231 1452 3349 1492 ser—

1770 1548 1951 1591 vatur.

1839 1647 1893 1702 6.
1918 1647 1985 1701 Et
2009 1647 2087 1700 sic
2108 1649 2326 1717 quidem
2352 1652 2550 1711 bonum
2576 1666 2693 1713 erat
2727 1654 3011 1723 antiquum
3031 1654 3087 1704 et
3110 1660 3200 1701 ars
3222 1659 3346 1700 sce-

1772 1738 1894 1791 nica
1921 1748 1973 1793 et
1996 1739 2157 1806 hujus
2180 1746 2315 1799 artis
2345 1748 2561 1805 artifex.
2586 1750 2717 1806 Cum
2741 1761 2920 1805 autem
2950 1747 3066 1801 ﬁeri
3097 1755 3349 1810 nonpos-

1771 1838 1854 1884 set
1876 1842 1933 1885 ut
1965 1831 2068 1885 hoc
2092 1834 2292 1889 bonum
2314 1854 2419 1892 non
2438 1853 2899 1912 corrumperetur,
2918 1850 2973 1896 et
3018 1839 3191 1908 primo
3222 1834 3345 1904 qni-

1768 1924 1887 1977 dem
1931 1926 2000 1980 ob
2024 1928 2209 1981 vilium
2268 1945 2445 1985 rerum
2503 1935 2881 1989 admistionem
2926 1931 3131 1985 inutilis
3170 1927 3343 1988 ﬁeret,

1769 2015 1959 2071 deinde
1981 2034 2203 2087 prorsus
2225 2024 2385 2076 etiam
2411 2025 2490 2079 sic
2516 2024 2912 2091 obfnscaretur,
2939 2034 3020 2088 ut,
3039 2023 3170 2076 artis
3192 2022 3346 2075 bona:

1771 2108 1909 2171 loco,
1934 2112 1985 2163 in
2010 2126 2203 2166 vanum
2229 2116 2340 2169 sive
2368 2119 2563 2172 malum
2597 2117 3198 2180 desiueretartiiiciutn,
3229 2115 3346 2169 haec

1770 2199 1982 2268 perlicit
2014 2204 2361 2260 multiformis
2382 2209 2527 2274 vita;
2559 2210 2950 2274 et,secnndum
2985 2208 3220 2277 aliquam
3255 2204 3344 2258 itt-

1774 2292 1929 2347 vidiae
1961 2296 2442 2364 machinationem,
2480 2302 2597 2355 utili
2661 2303 2911 2356 insidiata
2967 2302 3201 2363 theatro,
3253 2311 3353 2350 ex.

1771 2386 1973 2453 cogitat
2018 2397 2283 2458 satyram,
2321 2391 2607 2446 tuisturam
2660 2393 2804 2447 illam
2838 2395 3111 2447 actionum
3145 2400 3199 2444 et
3227 2404 3348 2443 sero

1771 2491 1991 2530 tnonntn
2012 2478 2063 2532 in
2082 2482 2327 2548 personis
2345 2485 2579 2539 heroicis
2606 2487 2925 2555 positorum,
2948 2499 3176 2555 quorum
3198 2497 3349 2538 com-

1770 2567 1967 2635 positio
1998 2570 2105 2624 risu
2132 2572 2507 2642 gravitateque
2555 2577 2840 2629 commista
2864 2585 2965 2629 est.
3016 2574 3143 2629 Haec
3167 2574 3349 2629 sciunt

1769 2660 1859 2729 qui
1891 2661 2163 2717 veteribus
2202 2664 2527 2719 studuerunt
2571 2668 2862 2736 Operibus,
2912 2679 3139 2736 quorum
3171 2665 3352 2735 aliqua

1771 2765 1947 2821 pauca
1981 2751 2465 2810 circumferuntur.

1843 2860 1896 2915 7.
1938 2859 2070 2919 Post
2098 2873 2339 2936 satyram
2367 2878 2549 2922 autem
2574 2868 2763 2939 iocoso
2789 2871 3046 2943 serioque
3081 2882 3351 2944 tempera.

1775 2961 1906 3020 tam,
1938 2952 1990 3008 in
2024 2954 2227 3011 honore
2254 2955 2355 3011 fuit
2382 2964 2791 3027 repraesentatio
2838 2967 3068 3031 comica,
3098 2980 3199 3019 non
3230 2965 3346 3037 jam

1774 3060 2038 3115 personas
2066 3047 2318 3105 heroicas
2348 3059 2612 3118 tractans,
2640 3055 2745 3111 nisi
2783 3054 2925 3111 forte
2952 3072 3045 3126 per
3078 3060 3353 3114 accessio-

1775 3150 1924 3201 nem,
1958 3140 2053 3191 sed
2086 3142 2405 3212 plerumque
2433 3146 2683 3200 sordibus
2718 3147 2983 3215 involuta,
3006 3150 3191 3219 sicque
3214 3167 3351 3206 con-

1770 3226 2004 3292 culcata,
2039 3242 2201 3301 atque
2242 3234 2295 3287 in
2338 3236 2648 3302 despectant
2688 3234 2903 3305 casura,
2940 3241 3039 3295 nisi
3073 3241 3352 3311 eleganter

1772 3315 2055 3386 loquentes
2080 3323 2307 3376 conradi
2335 3336 2695 3393 spectatorum
2721 3328 3081 3396 captivassent
3107 3332 3350 3388 auditum

1772 3420 1827 3465 et
1856 3411 1928 3465 ita
1953 3410 2131 3467 diﬂ‘usi
2157 3416 2356 3469 servati
2376 3416 2601 3473 fuissent
2631 3420 2699 3474 ad
2732 3422 3082 3477 instruendos
3112 3426 3353 3480 rationa-

1780 3505 1963 3562 biliter
2026 3509 2270 3565 viventes
2313 3528 2330 3569 :
2372 3513 2462 3582 qui
2496 3514 2784 3569 medullam
2816 3516 3168 3585 excipientes,
3224 3535 3352 3575 ossa

1784 3598 2063 3666 rejiciunt,
2086 3609 2141 3656 et
2172 3602 2317 3658 aliud
2351 3619 2532 3671 omne,
2562 3606 2917 3677 quodcunque
2949 3624 3057 3663 non
3083 3620 3167 3666 est
3199 3612 3349 3681 utile,

1774 3700 2121 3749 aversantur.

1844 3802 1898 3857 8.
1940 3801 2007 3857 Et
2061 3804 2132 3858 ita
2191 3805 2408 3875 quidem
2462 3815 2570 3863 tres
2626 3807 2730 3863 illa:
2790 3817 3001 3869 veteres
3052 3815 3352 3883 commdiae,

1776 3900 2011 3947 tractatu
2046 3895 2262 3963 quidem
2317 3896 2566 3962 diversae,
2614 3897 2835 3955 aliunde
2878 3916 3005 3957 vero
3034 3903 3271 3975 insignes
3300 3918 3354 3963 et

1775 3986 1842 4037 ad
1874 3984 2211 4038 suadendum
2243 3994 2381 4055 apta:
2404 4027 2420 4053 ,
2459 4002 2578 4055 qua:
2606 4002 2635 4039 a
2691 3988 2853 4056 longo
2881 4000 3123 4059 tempore
3155 3996 3353 4051 llorue-

1779 4086 1905 4130 runt
1939 4086 1994 4130 et
2026 4076 2260 4130 fructum
2306 4079 2547 4134 tulerunt
2586 4095 2795 4147 omnes,
2829 4082 2913 4135 illa
2956 4084 3173 4153 quidem
3207 4090 3353 4142 anti-

1776 4183 1884 4236 qua
1945 4168 2272 4233 mirabilem,
2324 4173 2562 4223 secunda
2621 4187 2748 4226 vero
2793 4188 2856 4227 ac
2888 4176 3041 4227 tertia
3091 4194 3191 4232 nec
3224 4179 3356 4248 ipse

1775 4273 2000 4329 prorsus
2053 4257 2448 4325 abjiciendum,
2501 4262 2806 4329 perierunt.
2854 4264 3117 4334 Apparuit
3172 4281 3351 4323 autem

1776 4360 1899 4420 post
1928 4349 2047 4403 illas
2081 4359 2299 4419 quarta,
2337 4364 2438 4405 nec
2484 4351 2792 4417 rationalis,
2855 4371 2954 4409 nec
3006 4372 3229 4425 prorsus
3281 4361 3350 4415 ad

1779 4444 2012 4497 animam
2039 4442 2271 4509 utilis,ct
2296 4442 2415 4498 ideo
2443 4444 2552 4497 veri
2575 4454 2843 4500 amatores
2892 4450 3139 4505 excitans
3170 4457 3349 4521 quoad

159 4541 285 4609 ὁμόσε
322 4546 520 4616 χωρεῖν
570 4542 649 4612 τῷ
683 4541 804 4595 κατ’
845 4540 1016 4610 αὐτῆς
1059 4540 1233 4610 ψόγῳ,
1268 4538 1412 4592 καθά
1450 4539 1671 4608 πρώτην

1796 4536 2222 4590 :on8entiendum
2298 4535 2351 4589 in
2418 4535 2532 4605 ejus
2578 4537 3046 4605 vituperationem,
3096 4551 3348 4613 tanquam

162 4633 413 4701 ἀράξαντες
468 4634 633 4702 λόγου
686 4632 913 4704 βαλϐῖδα
962 4630 1404 4701 ὑπεκρουόμεθα.
1447 4630 1557 4683 Καὶ
1589 4630 1678 4684 οἶα

162 4726 231 4791 μὲν
261 4728 347 4798 τὴν
378 4728 553 4798 ἀρχὴν
590 4727 649 4779 ὲν
692 4723 1001 4793 ἀνθρώποις
1030 4721 1443 4783 ἐπολιτεύσατο.
1488 4723 1587 4775 οὐκ
1611 4722 1677 4775 ἂν

160 4814 291 4867 ιὶτεῖν
318 4817 425 4885 ἔχοι
464 4815 662 4886 μικρὸς
694 4811 1011 4883 ἀκρίϐειαν.
1055 4809 1478 4864 Ἐπολιτεύσατο
1527 4809 1584 4863 δὲ
1611 4809 1677 4865 ἂν

161 4906 353 4971 πάντως,
380 4907 522 4961 καθά
558 4906 658 4960 οὐκ
686 4906 880 4975 ἀγαπᾷ
911 4907 939 4957 ό
972 4905 1125 4969 Θεός.

208 5018 262 5075 θ’.
292 5024 402 5074 Ἔτι
426 5021 609 5075 θετέον
638 5024 714 5083 εἰς
744 5021 1087 5091 ὑποκρίσεως
1108 5020 1273 5073 τόπον
1295 5018 1389 5072 καὶ
1418 5016 1516 5089 τὴν
1538 5016 1680 5071 κατά

157 5112 222 5165 τὸν
245 5117 536 5185 ἀρχέκακον
576 5115 701 5182 ὅφιν
743 5114 951 5167 ἐκεῖνον
978 5112 1359 5183 ψευδαπάτην,
1395 5112 1493 5180 τὴν
1523 5109 1680 5179 ψίθυ-

158 5220 243 5273 por.
268 5207 369 5259 Νῦν
399 5208 455 5259 δὲ
502 5204 774 5274 ἀκμάζειν
807 5204 1003 5271 ἔοικεν,
1035 5205 1145 5257 εἴτε
1180 5204 1420 5273 σφριγᾷν
1465 5204 1560 5254 καὶ
1588 5204 1679 5267 ὁρ-

159 5296 236 5363 μᾷν
265 5299 346 5348 καὶ
368 5296 650 5365 τεθηλέναι
688 5296 765 5359 εἰς
805 5294 1017 5364 καρπὸν
1053 5294 1280 5362 σαπρόν.
1323 5292 1457 5361 Ἐμὲ
1501 5294 1678 5344 τοίνυν

158 5385 302 5450 αὐτὸν,
334 5388 418 5440 tim
447 5389 575 5459 ἄρτι
614 5386 767 5439 τοῦδε
797 5387 891 5439 τοῦ
931 5386 1105 5439 κακοῦ
1150 5385 1494 5455 ξυγγραφέας
1524 5385 1678 5450 ὲξδλ“

157 5475 329 5549 λυσινὴ
360 5482 549 5552 μιαρά,
606 5479 717 5533 Καὶ
746 5480 853 5550 γάρ
892 5497 974 5531 τοι
1026 5478 1413 5546 κατακώχιμος
1464 5476 1538 5528 ὢν
1576 5495 1677 5545 μυο

158 5568 267 5636 piat;
293 5574 522 5636 κακίαις,
555 5573 740 5643 μήπου
770 5572 825 5624 δὲ
852 5571 948 5623 καὶ
977 5570 1240 5634 ἁπάσαις,
1270 5568 1678 5638 διαλελώΰημαι

158 5663 229 5714 καὶ
252 5664 341 5716 ὑπὸ
366 5667 585 5735 ταύτης,
614 5666 685 5726 ὡς
713 5666 812 5717 οὑκ
834 5659 1012 5733 οἶμαι,
1045 5664 1097 5716 εἴ
1121 5681 1202 5725 τις
1235 5663 1393 5724 ἄλλος
1424 5661 1529 5713 τῶν
1559 5659 1677 5713 κατ’

156 5751 251 5818 ἐμὲ.
278 5757 392 5809 Δέον
422 5756 553 5825 γοῦν
598 5774 727 5808 ποτε
778 5755 963 5827 χολᾷν,
1014 5757 1097 5823 ἐφ’
1139 5750 1218 5816 οἷς
1270 5752 1679 5824 πραγματικῶς

153 5842 411 5911 διάκειμαι,
460 5851 852 5917 ἀνακαγχάζω,
899 5848 1255 5917 ἐπικρύπτων
1304 5847 1561 5915 ἐμαυτὸν,
1601 5844 1678 5908 ὡς

1788 4628 1960 4695 prima
2001 4626 2271 4681 sermonis
2321 4628 2577 4697 repagula
2621 4631 3001 4689 abscindentes
3054 4636 3357 4690 insinuavi-

1788 4734 1925 4773 tnus.
1978 4718 2108 4785 Qua:
2134 4720 2345 4786 qualem
2412 4722 2463 4775 in
2529 4722 2836 4777 hominibus
2898 4738 2956 4778 se
3016 4730 3241 4797 gesserit
3286 4731 3355 4785 ab

1786 4808 1995 4879 origine
2027 4812 2210 4866 dicere
2254 4829 2359 4866 non
2394 4824 2576 4882 posset
2615 4815 2715 4868 nisi
2765 4825 2957 4871 auctor
2990 4821 3203 4888 gravisl;
3259 4824 3356 4879 Sed

1790 4903 2012 4956 omnino
2062 4904 2229 4957 vitam
2284 4904 2433 4971 degit
2484 4905 2694 4974 qualem
2743 4924 2848 4961 non
2886 4912 3211 4967 amatDcus.

1855 5016 1909 5073 9.
1950 5018 2260 5073 Ponendum
2319 5029 2402 5074 est
2438 5022 2614 5077 adhuc
2672 5022 2727 5077 in
2771 5033 2887 5077 arte
2944 5028 3155 5081 scenica
3212 5028 3357 5083 illam

1787 5122 1905 5178 qua:
1929 5109 2223 5163 secundum
2255 5118 2530 5163 auctorem
2568 5109 2739 5166 totius
2778 5111 3151 5182 maliserpens
3192 5114 3358 5169 sedu-

1786 5200 1925 5253 ctrix
1988 5209 2108 5264 est,
2168 5210 2541 5254 susurrantem
2607 5202 2749 5257 dico.
2812 5201 2964 5258 Nunc
3031 5216 3207 5259 autem
3255 5206 3352 5260 ﬂo-

1787 5308 2001 5346 rescere
2051 5293 2285 5357 videtur,
2340 5293 2454 5347 sive
2517 5293 2843 5362 germinare,
2891 5310 3241 5364 prorumpere
3292 5313 3355 5353 ac

1787 5385 1934 5437 abire
1988 5383 2041 5436 in
2099 5382 2332 5437 fructum
2389 5383 2691 5451 putridum.
2750 5387 2945 5442 Memet
3013 5387 3218 5443 scilicet
3274 5390 3355 5459 ip-

1786 5493 1927 5537 sum,
1956 5488 2276 5544 prmsetttem
2310 5477 2467 5545 hujus
2515 5478 2640 5531 ntali
2706 5478 3121 5548 descriptorcm,
3180 5483 3355 5551 perdit

1786 5570 1958 5623 bestia
1986 5572 2071 5623 illa
2110 5570 2393 5623 scelerata.
2418 5570 2629 5625 Etenim
2662 5573 2889 5625 traditus
2936 5572 3080 5627 mille
3102 5573 3359 5641 iniquita-

1787 5662 1949 5725 tibus,
1990 5662 2144 5716 sinon
2190 5662 2466 5728 omnibus,
2529 5662 2676 5717 abea
2731 5665 3041 5717 dilfamatus
3102 5681 3242 5726 sum,
3298 5677 3355 5719 ut

1789 5752 1983 5816 nullus,
2013 5763 2163 5823 puto,
2186 5754 2315 5809 mihi
2334 5756 2641 5824 mqnaiiu-m.
2666 5754 2887 5825 Oportet
2906 5756 3047 5811 enim
3071 5757 3358 5824 aliquando

1788 5849 1851 5902 dc
1876 5846 2104 5917 negotiis
2127 5848 2320 5919 quibus
2343 5849 2543 5918 insum,
2568 5849 2746 5907 vexari
2784 5848 2977 5919 bilem;
3002 5848 3094 5905 sed
3132 5849 3359 5907 abscon—
