3788 6534
417 393 526 459 379

1091 391 1521 454 EUSTATHII
1565 389 2322 452 THESSALUNICENSIS
2355 393 2920 458 METROPOLITA!
3571 381 3671 457 $80

417 514 552 565 dens
585 523 676 565 me
707 507 842 564 sicut
875 520 1120 579 possum,
1151 508 1330 564 rideo.-
1379 507 1574 564 Essent
1615 508 1830 580 quidam
1858 525 1888 564 a
1921 525 1984 564 mi

2111 509 2220 579 ἐγὼ
2243 506 2382 566 οῖδα.
2413 513 2543 592 Δέον
2572 511 2634 565 ὃν
2675 513 2957 586 ἀφορίζειν
2998 513 3150 578 τινὰς
3184 513 3281 568 ἀπ’
3313 513 3472 586 ἐμοῦ,
3503 517 3672 582 ἀγκαο

414 603 769 674 segrcg'andi:
794 602 888 658 sed
915 605 1088 673 magis
1113 603 1234 658 illos
1261 600 1329 656 ad
1351 601 1564 672 negotia
1597 615 1838 657 reservo.
1861 599 2003 656 Cau-

416 713 535 752 sam
561 704 834 766 Oporteret
875 695 1168 752 defendere
1201 704 1394 752 :taceo
1445 694 1496 748 in
1530 694 1792 765 judicium
1843 694 1996 750 mihi.

417 786 489 843 Ut
537 787 718 843 onuiia
753 786 1077 844 brevissime
1124 785 1300 842 dicam
1322 827 1338 854 ,
1368 784 1685 856 plerumque
1724 784 2000 841 sincerum

416 879 596 933 virum
643 880 896 934 mentior.
953 877 1164 935 Utinam
1213 879 1430 934 tandem
1478 891 1584 932 non
1630 891 1852 947 prorsus
1901 875 2002 930 fal-

416 973 525 1038 lar,
569 983 620 1028 te
668 986 898 1044 precor,
944 971 1087 1028 Deus
1139 970 1412 1038 Salvator,
1463 970 1558 1041 qui
1602 984 1764 1039 super
1793 983 1878 1024 me
1904 981 2000 1038 po-

415 1063 576 1118 suisti
617 1073 1054 1126 manum‘tuam.
1101 1061 1215 1118 Hoc
1241 1063 1407 1134 igitur
1429 1077 1598 1118 unum
1632 1079 1738 1118 non
1781 1063 1998 1130 stimulo,

415 1156 781 1221 sanctitatem,
814 1171 846 1210 a
879 1169 981 1224 qua
1017 1163 1258 1212 remotus
1290 1169 1434 1222 sum,
1486 1169 1590 1210 non
1621 1154 1960 1209 solummodo
1983 1193 1999 1220 ,

422 1267 440 1298 ι
481 1256 741 1317 quantum
784 1263 815 1302 a
863 1258 1005 1302 terra
1055 1247 1220 1301 distat
1270 1247 1492 1309 omium.
1525 1265 1545 1299 ι
1582 1247 1700 1315 sed,
1731 1245 1777 1301 si
1813 1245 1996 1301 siclo-

420 1340 512 1408 qui
544 1339 689 1403 licet,
731 1346 990 1408 quantum
1032 1352 1098 1392 ex
1129 1337 1527 1406 su-perterrenis
1557 1337 1624 1390 ad
1666 1337 1821 1392 [ictos
1853 1335 1999 1390 antl-

424 1431 590 1502 podes
635 1430 870 1501 spatium
925 1429 1116 1483 currit.
1168 1428 1309 1484 Ecce
1363 1429 1661 1500 pessimum
1713 1429 1997 1499 memetip—

419 1541 538 1579 sum
568 1522 877 1577 manifesto.
905 1520 1021 1574 Non
1058 1521 1202 1574 enim
1248 1521 1549 1576 sinceritati
1613 1521 1992 1592 memetipsum
2028 1543 2033 1549 ·

413 1615 682 1671 fallaciter
718 1613 981 1680 inscribo,
1023 1613 1321 1669 secundum
1357 1612 1649 1683 plerosque
1679 1627 1868 1670 eorum
1903 1613 1992 1682 qui

407 1716 540 1764 Sunt
596 1707 741 1760 circa
798 1719 918 1768 nos,
962 1717 1062 1772 ego
1114 1703 1208 1772 qui
1283 1702 1447 1756 etiam
1533 1701 1754 1757 frivolos
1818 1702 1993 1758 horni-

2101 601 2325 673 λίζομαι
2357 604 2484 669 τοὺς
2517 605 2801 669 τοιούτους
2849 604 3521 678 πραγματευτικώτερον·
3558 607 3672 662 δέον

2099 693 2641 768 δικαιολογήσασθαι,
2667 697 2802 752 ἀλλὰ
2829 698 3082 768 ἑχεμυθῶ
3112 699 3192 762 είς
3219 702 3396 768 κρῖμα
3430 699 3575 770 ἐμοί.
3604 701 3673 754 To

2102 791 2214 843 πᾶν
2242 791 2300 843 ὲν
2339 789 2664 862 βραχυτάτῳ
2711 792 2918 845 εἰπεῖν·
2956 792 3226 862 ψεύδομαι
3264 792 3357 845 τὸν
3396 791 3563 863 ὀρθὸν
3591 794 3668 848 ἄν·

2103 881 2323 952 θρωπον
2350 883 2420 935 τὰ
2449 883 2638 938 πολλά.
2664 885 2756 956 Μὴ
2781 883 2889 954 γάρ
2928 901 3018 955 μοι
3048 889 3260 952 γένοιτο
3285 886 3341 948 ἐς
3383 885 3444 937 τὸ
3475 901 3674 937 παντε-

2101 973 2212 1039 λὲς,
2247 973 2343 1046 μὴ,
2372 967 2417 1029 ὧ
2446 974 2549 1028 Θεὲ
2579 974 2786 1047 Σῶτερ,
2815 977 2844 1030 δ
2873 975 2968 1031 καὶ
3005 975 3085 1040 είς
3123 975 3222 1046 ἐμὲ
3241 973 3355 1040 θεὶς
3379 974 3482 1046 τὴν
3513 977 3674 1047 χεῖρά

2103 1082 2224 1120 σου.
2270 1069 2370 1122 Ἓν
2397 1069 2530 1137 γοῦν
2575 1069 2752 1122 helvo
2781 1069 2882 1139 οὐχ
2927 1068 3319 1139 ὑποκρίνομαι,
3356 1067 3461 1140 τὴν
3517 1068 3672 1136 ἁγιό-

2097 1176 2258 1232 τητα,
2291 1155 2360 1233 ἦς
2387 1160 2758 1231 ἀφιστάμενος
2789 1160 2852 1214 οὑ
2889 1157 3072 1230 μόνον,
3106 1178 3124 1212 ι
3155 1159 3279 1213 ὅσον
3305 1159 3536 1230 οὐρανός
3562 1159 3670 1212 ἐστ’

2099 1253 2210 1308 ἀπὸ
2231 1253 2420 1324 γαίης,
2452 1273 2471 1307 ι
2500 1253 2617 1308 ἀλλ’
2641 1254 2802 1326 εἴπερ
2835 1249 2904 1327 ἦν
2933 1254 3133 1320 εἰπεῖν,
3167 1253 3264 1306 καὶ
3297 1254 3423 1307 ὅσον
3471 1253 3539 1305 ὲκ
3567 1252 3672 1305 τῶν

2100 1346 2408 1418 ὑπεργείων
2425 1348 2506 1411 εις
2517 1349 2644 1412 τοὺς
2664 1348 2845 1401 ἑννοου
2853 1347 3050 1419 μένους
3065 1344 3377 1407 ἀντίποδας.
3398 1345 3674 1412 Ἐκφαίνω

2097 1439 2337 1510 ἐμαυτὸν
2363 1439 2474 1495 ίδοὺ
2504 1439 2894 1511 περιπόνηρον.
2926 1436 3063 1492 Οὔτε
3099 1435 3210 1508 γάρ
3243 1437 3322 1499 είς
3352 1435 3667 1490 ἁπλαστίαν

2097 1531 2334 1602 ἐμαυτὸν
2368 1531 2735 1603 ψευδογραφῶ
2767 1530 2910 1586 κατά
2942 1531 3071 1594 τοὺς
3119 1527 3337 1594 πλείους
3385 1528 3498 1580 τῶν
3543 1528 3672 1600 περὶ

2096 1625 2268 1697 ἡμᾶς.
2295 1626 2324 1679 6
2370 1625 2470 1680 καὶ
2514 1626 2644 1689 τοὺς
2685 1623 2912 1687 aenea;
2955 1621 3281 1694 ἀνθρώπους
3316 1619 3399 1683 είς
3442 1635 3672 1689 μαμμαρ

2095 1717 2324 1782 κούθους
2359 1718 2456 1772 καὶ
2505 1715 2826 1789 πολυωρους
2861 1715 2961 1769 καὶ
3010 1713 3284 1786 μελιτίδας
3331 1711 3669 1781 ἐγγράφων·

409 1815 508 1854 nes
531 1799 669 1854 inter
690 1796 864 1852 aniles
887 1804 944 1852 et
971 1794 1182 1850 vetulos
1209 1803 1264 1850 et
1286 1793 1539 1866 stupidos
1573 1809 1840 1861 numero;
1894 1809 1984 1850 nec

2111 1811 2217 1867 ιὺδὲ
2248 1811 2356 1884 μὴν
2395 1809 2593 1880 ὲπίσης
2639 1809 2845 1864 ἅπασιν
2875 1807 2952 1872 ὡς
2995 1807 3055 1870 ὲς
3091 1805 3281 1876 φιλίαν
3331 1802 3673 1866 ἀδιακρίτως

413 1910 566 1964 aeque
599 1895 815 1950 cunctis
850 1892 902 1947 in
934 1890 1230 1946 amicitiam
1262 1889 1687 1962 imprudentem,
1722 1890 1984 1948 blandilo-

2111 1870 2483 1975 προσφέρομαι
2525 1870 2764 1974 άρίσκου
2793 1870 2972 1969 δίκην.
3020 1870 3186 1953 Ἀλλά
3215 1897 3465 1967 στέργων
3494 1893 3672 1966 ὀρθῶς

417 2001 538 2042 rem
569 2001 658 2042 me
685 1986 920 2056 praebeo.
947 1982 1174 2050 Verum,
1203 1983 1390 2038 stricte
1415 1996 1628 2054 semper
1653 2001 1772 2056 quae
1802 1998 1993 2040 secun-

416 2076 546 2136 dnm
579 2075 743 2133 Deum
773 2080 890 2142 est,
937 2072 1262 2130 charitatem
1307 2073 1658 2144 amplectens,
1719 2071 1991 2128 nihilomi-

415 2186 519 2228 nus
549 2170 810 2224 iuvitante
839 2176 1105 2237 tempore,
1134 2173 1321 2220 contra
1357 2163 1616 2217 malitiam
1651 2163 1811 2230 latro,
1847 2163 1997 2218 dixe-

411 2263 483 2316 rit
531 2261 618 2316 ille
674 2259 949 2330 malignus
988 2258 1080 2326 qui
1141 2255 1466 2311 laudabilem
1522 2255 1993 2325 reprehensionem

417 2357 473 2411 in
535 2355 743 2424 latratu
808 2351 1000 2421 ponit;
1055 2358 1110 2404 et
1165 2364 1342 2420 neque
1405 2349 1752 2419 paciscerer,
1820 2362 1997 2414 neque

415 2445 797 2517 complectenti
825 2445 1192 2507 coadunarer,
1227 2442 1330 2496 etsi
1367 2441 1707 2496 situuttatem
1744 2440 1876 2494 mibi
1903 2454 1998 2495 ex-

412 2541 678 2609 probrans
701 2545 1064 2603 rumperetur.
1099 2530 1232 2588 Cum
1277 2531 1405 2586 ﬂere
1458 2539 1694 2600 Oportet,
1744 2545 1852 2588 non
1882 2530 1994 2585 risu

409 2631 704 2690 sardonito
741 2637 881 2683 utar.
915 2625 1013 2682 Est
1067 2639 1280 2697 quoque
1341 2624 1471 2678 mihi
1533 2621 1817 2677 rationalis
1858 2622 1994 2674 laeti-

415 2723 504 2777 tia:
554 2721 794 2784 occasio,
827 2733 949 2772 cum
1001 2730 1132 2779 non,
1199 2713 1491 2768 contractis
1543 2712 1848 2782 superciliis
1897 2725 1997 2767 nec

415 2814 580 2870 labiis
612 2811 950 2875 constrictis,
985 2806 1193 2862 suﬂ‘oco
1221 2807 1513 2876 gaudium,
1553 2805 1685 2859 illud
1727 2806 1874 2860 intus
1902 2818 1998 2874 per

415 2907 731 2979 hypocrisin
783 2918 1133 2974 componens.
1180 2899 1296 2954 Non
1355 2899 1674 2954 simulanter
1717 2898 1994 2954 laudarem

415 3018 578 3074 quem
618 3017 724 3056 non
754 3000 940 3069 diligo,
972 2997 1166 3067 linguae
1223 2995 1454 3066 gratiam
1497 2995 1701 3062 ﬁngens
1748 2993 1994 3048 adulato-

414 3099 585 3158 riam,
638 3105 758 3146 cum
811 3089 975 3145 etiam
1041 3085 1408 3141 adulationem
1467 3085 1583 3138 scio
1643 3086 1992 3154 prepagincm

413 3202 593 3257 pravae
617 3178 1247 3255 stipitis,siutnulationis.
1294 3176 1409 3231 Non
1462 3177 1590 3230 item
1642 3176 1990 3230 sobrietatem

418 3280 613 3348 ﬁngam
637 3314 656 3340 ,
687 3274 857 3329 satius
891 3271 1098 3326 ducens
1144 3280 1356 3337 captum
1411 3266 1672 3322 ebrietate
1715 3282 1799 3321 me
1824 3267 1991 3341 videri

419 3386 580 3442 quant
638 3367 904 3420 fallaciter
925 3377 1021 3431 pro
1064 3363 1285 3415 nomine
1318 3359 1503 3413 sohrio
1541 3358 1751 3413 haberi.
1773 3357 1992 3414 Manum

420 3461 628 3519 habens
652 3473 831 3515 messe
861 3471 982 3528 qua:
1012 3454 1157 3510 venit
1186 3469 1216 3509 a
1240 3454 1346 3508 Deo
1361 3453 1597 3524 plenam,
1625 3451 1860 3508 lructum
1886 3467 1993 3508 non

415 3551 770 3614 abscondam.

490 3645 581 3701 l0.
603 3644 860 3711 Uttotum
897 3639 1167 3696 declarem
1189 3675 1205 3704 ,
1239 3635 1639 3690 simulationem
1659 3650 1781 3705 ego,
1813 3644 1872 3690 ut
1903 3633 1992 3704 qui

417 3737 654 3793 maxime
690 3748 757 3787 ex
789 3729 1078 3794 omnibus,
1114 3729 1166 3782 in
1213 3729 1338 3782 odio
1402 3726 1598 3780 habeo.
1644 3725 1755 3780 lloc
1814 3736 2018 3780 autem

417 3834 540 3887 dico
570 3843 674 3881 non
707 3827 978 3896 glorians,
1005 3821 1408 3892 Astydamantis
1445 3821 1642 3889 instar,
1674 3831 1735 3875 ut
1762 3820 1989 3896 dicitur.

415 3921 513 3978 scd
551 3919 851 3976 secundum
887 3915 1296 3970 accurationem
1329 3914 1512 3968 studio
1535 3913 1757 3983 proprio
1798 3911 1990 3965 immu-

421 4025 569 4066 nem.
613 4007 848 4062 Prorsus
887 4005 1033 4060 enim
1080 4003 1281 4058 malum
1313 4003 1453 4058 istud
1514 4003 1777 4080 detestor,
1823 4009 1878 4055 et
1923 3999 1992 4054 ab

415 4103 534 4180 illo,
595 4107 857 4168 quantum
918 4108 1142 4165 possum
1193 4093 1429 4147 dcclino.
1484 4091 1540 4148 Si
1602 4107 1730 4147 vero
1797 4092 1848 4145 in
1907 4093 1991 4148 his

415 4177 555 4252 forte
583 4195 812 4248 diversa!
868 4185 1166 4242 locutionis
1225 4186 1543 4260 convincor,
1595 4185 1722 4239 hinc
1772 4177 1989 4253 quidem

417 4286 797 4354 memctipsum
837 4293 1104 4334 accusans
1126 4276 1194 4332 de
1238 4291 1390 4332 more
1415 4276 1778 4341 sitnulatorio,
1845 4276 1991 4331 sicut

419 4383 531 4453 jam
573 4387 731 4434 antea
777 4371 1066 4430 confessus
1102 4385 1220 4425 sum
1245 4419 1261 4446 ,
1299 4369 1445 4423 illinc
1496 4375 1676 4422 autem
1725 4370 1868 4424 idem
1900 4385 1993 4425 ne-

417 4489 577 4546 gans,
609 4481 739 4526 ecce
772 4465 904 4521 tuihi
943 4463 1126 4518 lactus
1159 4461 1458 4517 advocatus
1497 4461 1551 4514 in
1585 4460 1810 4514 veritate
1865 4461 1990 4516 dico

2093 1995 2183 2050 ἀεὶ
2208 1994 2308 2067 τὴν
2335 1995 2478 2049 κατὰ
2501 1994 2634 2048 Θεὸν
2666 1992 2908 2064 ἀγάπην,
2931 1992 3080 2062 ὅμως
3112 1989 3308 2060 καιροῦ
3338 1987 3670 2050 καλέσαντος

2096 2086 2430 2140 καθυλακτῶ
2460 2085 2558 2140 τοῦ
2592 2083 2786 2150 κακοῦ,
2811 2083 2957 2138 είποι
2985 2083 3054 2137 ἂν
3081 2084 3289 2145 ικεῖνος
3319 2082 3350 2134 ὁ
3375 2081 3572 2146 κακὸς,
3613 2079 3671 2140 δς

2095 2179 2190 2232 τὸν
2213 2178 2498 2233 ἐπαινετὸν
2532 2177 2755 2249 ἔλεγχον
2785 2177 2870 2242 είς
2902 2175 3149 2248 βαῦσμὺν
3179 2175 3365 2243 τίθησι
3391 2189 3408 2205 ·
3437 2173 3538 2227 καὶ
3568 2172 3668 2226 οὑκ

2095 2272 2164 2328 ἂν
2193 2272 2319 2327 οὕτε
2369 2271 2786 2342 συναλλάξαιμι,
2818 2269 2942 2324 οὔτε
2973 2267 3338 2338 ἀσπαζομένῳ
3384 2281 3671 2338 προσενω-

2098 2366 2271 2438 θείην,
2305 2365 2410 2419 κᾶν
2433 2363 2758 2436 διαρῤαγείη
2791 2361 3069 2416 ἐπικαλῶν
3092 2377 3182 2430 μοι
3204 2359 3266 2412 τδ
3305 2359 3670 2428 μνησίκακον.

2096 2457 2349 2513 κλαῦσαι
2374 2458 2598 2526 δεῆσαν,
2629 2456 2730 2509 οὑκ
2753 2454 2821 2508 ἃν
2849 2453 3136 2517 ἐκγελάσω
3162 2445 3470 2524 σαρδόνιον.
3515 2449 3673 2502 Ἔστι

2101 2570 2194 2623 μοι
2233 2551 2326 2606 καὶ
2349 2550 2635 2621 χαρμονῆς
2663 2549 2885 2615 ἑλλόγου
2915 2550 3130 2617 καιρὸς,
3161 2547 3252 2599 ὅτε
3294 2546 3394 2599 οὑκ
3439 2541 3506 2598 ἂν
3547 2559 3673 2596 συν-

2098 2641 2322 2712 αγαγὼν
2357 2643 2456 2704 τὰς
2498 2640 2690 2711 ὀφρῦς,
2721 2641 2815 2693 καὶ
2858 2639 2928 2692 τὰ
2951 2638 3106 2711 χείλη
3147 2636 3468 2705 συσφίγξας,
3503 2633 3674 2699 πνίξω

2098 2735 2381 2797 συστείλας
2419 2733 2518 2804 τὴν
2562 2732 2742 2803 χαράν
2791 2731 2944 2794 ἐντὸς
2989 2729 3382 2801 ὑποκριτικῶς.
3439 2727 3560 2781 Οὑκ
3609 2726 3671 2779 ἂν

2097 2825 2536 2897 ὑποκρινάμενος
2569 2823 2946 2895 ἐπαινέσαιμι,
2976 2822 3036 2877 ὃν
3066 2823 3127 2876 οὑ
3158 2821 3317 2891 φιλῶ,
3342 2819 3672 2891 ψευδόμενος

2095 2919 2348 2990 γλώσσης
2382 2918 2541 2990 χάριν
2575 2916 3032 2988 κολακικώτερον,
3067 2916 3189 2970 ἐπεί
3219 2933 3302 2968 τοι
3325 2915 3421 2966 καὶ
3453 2912 3556 2982 τὴν
3587 2929 3673 2964 κο-

2094 3012 2320 3066 λακείαν
2346 3009 2676 3080 παραφυάδα
2713 3005 2828 3062 οῖδα
2847 3009 3051 3074 φαύλου
3071 3007 3376 3076 στελέχους,
3417 3004 3519 3073 τῆς
3541 3003 3670 3056 ὑπο·

2094 3101 2352 3172 κρίσεως.
2386 3100 2460 3154 Οὐ
2497 3100 2938 3172 προσποιήσομαι
2973 3098 3094 3152 οὐδὲ
3125 3097 3187 3150 «te
3219 3092 3670 3166 ἐγκρατευτικόν.

2096 3194 2315 3248 Βέλτιον
2371 3191 2657 3262 ἡγήσομαι
2717 3189 3052 3260 κατάσχετος
3113 3188 3254 3260 μέθῃ
3311 3183 3670 3254 ὲκφανθῆναι,

2096 3289 2241 3361 ἢπερ
2265 3283 2785 3357 ψευδογραφηθῆναι
2827 3282 2964 3350 πρὸς
3005 3279 3332 3350 νηστευτην.
3379 3275 3670 3346 Πεπληροο

2097 3377 2410 3449 φορημένος
2457 3378 2555 3443 τὴν
2583 3376 2742 3444 χεῖρα
2769 3371 2960 3442 θέρους
2987 3369 3086 3436 τοῦ
3123 3371 3188 3424 ὲκ
3231 3367 3391 3434 Θεοῦ,
3423 3367 3526 3422 οὑκ
3553 3367 3673 3420 ἔπι-

2093 3469 2377 3540 κρύψομαι
2405 3467 2496 3523 τὸν
2525 3465 2758 3538 καρπόν.

2167 3651 2224 3704 t'.
2252 3645 2481 3700 Συνὸλου
2519 3645 2575 3698 δὲ
2626 3642 3009 3714 ἀποφήνασθαι
3034 3659 3050 3676 ο
3078 3641 3335 3713 ἀπεχθῶς
3387 3638 3501 3708 ἐγὼ
3557 3637 3673 3693 διὰο

2095 3754 2291 3806 κειμαι
2326 3739 2455 3806 περὶ
2483 3735 2583 3806 τὴν
2613 3735 2924 3806 ὑπόκρισιν,
2953 3733 3027 3794 ὡς
3069 3734 3169 3786 οὑκ
3211 3729 3327 3793 οἷδ’,
3363 3732 3415 3784 εί
3457 3747 3545 3794 τις
3578 3731 3671 3783 ἁν-

2095 3827 2349 3898 θρὼπων.
2386 3827 2544 3896 Λέγω
2573 3827 2629 3880 δὲ
2665 3827 2818 3894 αὑτὸ,
2854 3828 2955 3879 οὐκ
3000 3824 3393 3894 ἀποσεμνύνων
3434 3822 3672 3892 ἐμαυτὸν

2106 3917 2542 3986 Ἀστυδάμαντος
2575 3917 2754 3988 δίκην,
2780 3915 2810 3970 ὃ
2834 3917 3076 3984 λέγεται,
3104 3915 3240 3970 ἀλλὰ
3271 3915 3405 3984 πρὸς
3434 3913 3673 3983 ἀφίλαυ-

2091 4027 2185 4063 τον
2215 4010 2524 4081 ἀκρίσειαν.
2562 4011 2712 4064 [lavo
2753 4026 2860 4078 γαρ
2898 4018 3041 4078 μισω
3075 4009 3225 4062 τουτὶ
3255 4007 3314 4061 τὸ
3339 4007 3534 4071 κακὸν,
3579 4007 3673 4060 καὶ

2091 4104 2171 4168 είς
2209 4104 2333 4158 ὅσον
2356 4104 2610 4175 δύναμις,
2650 4103 3001 4174 παρεκκλίνω
3047 4105 3142 4155 ἀπ’
3175 4103 3363 4156 αὑτοῦ.
3397 4104 3460 4155 Εἰ
3484 4101 3544 4154 δὲ
3583 4119 3670 4152 τυ-

2092 4196 2187 4266 χὸν
2243 4195 2670 4266 ἐναντιοφωνίας
2722 4199 2780 4248 ἐν
2823 4196 3032 4260 τούτοις
3093 4197 3409 4267 ἁλίσκομαι,
3456 4198 3537 4264 πῆ
3572 4195 3669 4264 μὲν

2091 4287 2416 4358 κατηγορῶν
2445 4286 2682 4357 ἐμαυτοῦ
2707 4287 2767 4340 τὸ
2800 4287 3152 4358 ὑποκριτιιὼν
3178 4283 3328 4359 ἦθος,
3353 4285 3427 4350 ὡς
3455 4287 3668 4354 φθάσας

2089 4377 2656 4450 ἀνθωμολογησάμην,
2709 4381 2785 4450 πῆ
2821 4378 2879 4432 δὲ
2927 4379 3342 4450 ἁπαρνούμενος
3389 4377 3451 4432 ea
3509 4380 3665 4440 αὐτὸ,

2090 4467 2208 4522 ἀλλ’
2239 4469 2348 4524 ίδοὺ
2381 4470 2686 4542 δικηγορῶν
2732 4469 2957 4542 ἐμαυτῷ
3000 4471 3143 4540 λέγω
3203 4473 3340 4542 πρὸς
3377 4471 3665 4541 ἀλήθειαν.

411 4574 558 4646 quod
598 4571 663 4626 de
690 4576 891 4623 caetero
915 4576 1254 4634 prosequens
1281 4558 1616 4616 sinceritatis
1661 4559 1858 4626 solem,
1907 4561 1983 4616 si-

2111 4565 2174 4616 ἱτι
2206 4563 2382 4628 ἄλλως
2433 4563 2533 4634 μὲν
2579 4563 2930 4635 μεταδιώκων
2983 4565 3076 4618 τὸν
3118 4565 3216 4636 τῆς
3269 4565 3668 4632 ἀνυποκρισίας

420 4659 743 4720 mulationis
768 4656 968 4726 effugio
997 4653 1292 4720 tenebras;
1318 4653 1413 4708 sed
1454 4665 1794 4721 quaecunque
1814 4651 1989 4706 simu-

411 4754 602 4810 latorie
621 4751 800 4805 facere
822 4744 1106 4804 confessus
1127 4758 1270 4808 sum,
1295 4744 1406 4798 haec
1433 4753 1563 4798 sunt
1587 4757 1616 4796 a
1639 4757 1724 4796 me
1745 4741 1987 4798 rationes

413 4842 755 4916 mconomize,
808 4838 1022 4909 qualem
1086 4833 1268 4906 regula
1324 4833 1626 4904 praescribit
1721 4833 1988 4890 discretos

413 4953 694 4996 sermones
732 4935 1049 5002 dispensare
1095 4937 1362 4992 statuens,
1410 4927 1661 4998 labiaque
1689 4931 1986 4985 secundum

411 5026 877 5101 opportunitatem
911 5022 1146 5098 aperire,
1183 5035 1282 5074 nec
1308 5033 1418 5075 non
1443 5029 1646 5090 aperta:
1698 5020 1987 5078 locutionis

413 5115 955 5187 intempestivitatem
1014 5112 1210 5188 vitare,
1273 5119 1438 5181 atque
1519 5111 1743 5166 omnino
1801 5126 1984 5168 rerum

413 5207 817 5268 conditionibus
866 5207 934 5260 ad
955 5218 1090 5276 Opus
1125 5203 1552 5258 accommodari.
1581 5203 1734 5270 Quod
1767 5203 1985 5275 quidem

416 5307 466 5361 si
505 5304 622 5374 quis
648 5299 841 5356 tribuit
880 5297 1224 5354 simulatorio
1251 5296 1578 5372 discrimini,
1635 5313 1742 5352 non
1798 5306 1986 5367 posset

415 5409 630 5454 omnem
651 5395 991 5449 honestatem
1015 5401 1069 5446 et
1091 5389 1519 5445 moderationem
1546 5401 1599 5446 et
1617 5391 1983 5466 disciplinam,

411 5490 610 5564 quibus
660 5489 714 5543 in
782 5485 1035 5541 vitiorum
1099 5484 1282 5555 fugam
1331 5483 1666 5539 inducuntur
1712 5485 1980 5566 homines,

409 5582 685 5658 hypocrisi
741 5596 848 5636 non
903 5577 1190 5649 subjicere,
1262 5575 1603 5632 Manifestum
1669 5587 1753 5632 est
1809 5578 1980 5654 enim,

414 5678 561 5746 quod
611 5674 890 5729 hominum
945 5679 1159 5746 natura,
1204 5685 1327 5740 quae
1381 5671 1586 5725 lubrica
1637 5680 1719 5725 est
1760 5679 1983 5724 eterra—

411 5767 590 5822 hunda
617 5765 773 5819 facile
809 5771 983 5835 potest
1016 5763 1338 5833 praecipitari
1365 5763 1420 5819 in
1451 5763 1659 5818 ruinam
1688 5781 1701 5832 ;
1737 5763 1825 5818 ille
1856 5778 1983 5818 vero

410 5857 506 5930 qui
539 5855 880 5912 rectitudinis
932 5853 1194 5909 Dominus
1247 5863 1353 5922 est,
1387 5856 1621 5928 desuper
1679 5854 1980 5926 respiciens

2089 4654 2262 4727 ⁴ἣλιον,
2297 4657 2554 4725 ἐκφεύγω
2599 4656 2659 4710 τὸ
2691 4658 2789 4728 τῆς
2829 4659 3174 4728 ὑποκρίσεως
3215 4656 3490 4710 σκοτεινόν
3515 4673 3533 4689 ο
3570 4658 3669 4709 ὅσα

2087 4745 2144 4800 δὲ
2178 4746 2675 4819 διωμολογησάμην
2723 4749 2856 4821 δρᾷν
2892 4749 3285 4820 ὑποκριτικῶς,
3335 4749 3452 4804 ἀλλ’
3479 4751 3667 4802 ἐκεῖνα

2087 4837 2403 4910 οίκονομίας
2456 4840 2566 4893 etot
2614 4841 2710 4895 καὶ
2755 4842 2885 4913 παρ’
2945 4841 3070 4912 ἐμοὶ
3123 4842 3359 4912 μέθοδοι,
3410 4842 3606 4893 ὁποίαν
3641 4843 3667 4892 ό

2086 4929 2247 5016 δρθρς
2270 4932 2643 5004 παραγγέλλει
2675 4933 2876 4999 κανὼν,
2911 4934 3100 5004 λόγους
3124 4953 3182 4988 τε
3212 4934 3490 5004 κριτικοὺς
3521 4936 3668 4987 οἰκο-

2087 5027 2277 5096 νομεῖν
2331 5025 2539 5089 ἐκεῖνος
2583 5025 3022 5097 διαταττόμενος,
3057 5030 3153 5082 καὶ
3201 5028 3350 5099 χείλη
3393 5030 3452 5082 ἐν
3485 5028 3667 5097 καιρῷ

2086 5118 2345 5194 ἀνοίγειν,
2378 5119 2564 5176 καὶτὸ
2613 5121 2712 5190 τῆς
2753 5121 3066 5192 παρρησίας
3117 5124 3347 5192 ἄκαιρον
3398 5121 3663 5189 ἀπολέγε-

2090 5210 2239 5276 σθαι,
2279 5215 2373 5268 καὶ
2401 5214 2539 5276 ὅλως
2587 5215 2710 5274 ταῖς
2739 5214 3121 5283 περιπετείαις
3161 5216 3272 5267 τῶν
3319 5217 3665 5285 πραγμάτων

2087 5303 2168 5367 είς
2199 5304 2314 5356 δέον
2341 5304 2737 5374 ἁρμόττεσθαι,
2771 5307 2947 5374 Ὅπερ
2979 5307 3032 5358 εί
3057 5325 3141 5370 τις
3174 5309 3435 5360 ὑποῦσιλεί
3457 5308 3667 5378 διαιρέ-

2089 5411 2220 5466 ματι
2243 5395 2604 5468 ὑποκριτικῷ,
2629 5399 2727 5450 οὐκ
2747 5398 2813 5452 ἂν
2835 5399 3027 5469 φθάνοι
3053 5399 3144 5452 καὶ
3167 5401 3334 5453 πᾶσιν
3358 5401 3666 5469 σεμνότητα

2085 5487 2182 5540 καὶ
2212 5489 2545 5559 κοσμιότητα
2571 5490 2663 5543 καὶ
2704 5492 3008 5556 παίδευσιν,
3043 5493 3112 5546 δι’
3137 5486 3213 5548 ὧν
3233 5496 3300 5564 τῇ
3340 5493 3451 5546 τῶν
3476 5493 3666 5547 κακῶν

2085 5581 2261 5650 ἀποχῇ
2279 5580 2562 5649 ὲνάγονται
2580 5584 2876 5654 ἄνθρωποι,
2897 5585 3236 5657 καθυπάγων
3247 5593 3328 5652 είς
3347 5589 3663 5658 ὑπόκρισιν.

2083 5671 2254 5742 Δῆλον
2283 5676 2411 5745 γὰρ,
2433 5674 2508 5739 ὡς
2535 5677 2568 5748 ή
2594 5679 2692 5746 μὲν
2721 5679 2843 5733 κατ’
2873 5681 3162 5753 ἄνθρωπον
3193 5684 3354 5754 φύσις
3381 5683 3662 5746 εύόλισθος

2084 5758 2241 5829 οὖσα,
2289 5766 2383 5818 καὶ
2423 5766 2484 5818 τὸ
2532 5767 2912 5838 ἁμαρτητικὸν
2967 5774 3210 5837 εὐπετῶς
3248 5775 3360 5844 ἔχει
3399 5753 3666 5846 καταρρι-

2085 5857 2358 5923 πτεῖσοαιι
2415 5856 2521 5927 ὅπη
2568 5857 2642 5928 μὴ
2671 5862 2775 5932 χρή
2803 5876 2819 5893 ο
2855 5862 2881 5915 ὁ
2915 5862 2970 5916 δὲ
3002 5865 3095 5935 τῆς
3127 5867 3421 5938 ὀρθότητος
3452 5859 3661 5937 Κύριος
