3788 6550
555 423 664 486 383

1231 419 1654 484 EUS'I‘ATIIII
1684 405 2132 476 THESSALON

2241 404 2449 468 ZNSIS
2498 405 2550 466 Μ
2563 403 3065 468 ΕΤΒΟΡΟΗΤΕ
3656 412 3730 476 38!

557 545 820 602 musicior
851 556 973 600 esse
1021 527 1366 612 praedicatur.
1428 540 1615 595 Virum
1663 537 1752 592 sic
1797 529 2125 590 celebratum

2241 524 2564 595 μελέστερος
2592 521 2732 578 εἶναι
2764 523 2976 578 ἀκούει.
3017 519 3201 576 Καλὸν
3237 515 3378 575 εἶναι
3415 516 3642 592 μανθᾶνιι
3664 538 3733 588 καὶ

552 637 716 693 Nirea
770 635 1054 706 praeponit,
1085 643 1136 690 et
1169 649 1332 705 super
1355 633 1538 688 omnia
1575 629 1786 684 felicem
1817 638 1940 680 esse
1976 638 2132 679 mune

551 734 683 788 dum
740 732 928 794 aiunt,
969 729 1110 799 quod
1152 730 1314 783 talem
1371 724 1748 782 exornationis
1769 719 1940 792 gratia
1990 717 2133 773 obti-

558 825 742 880 nuerit
771 824 1072 878 hominem.
1107 820 1283 875 Unum
1318 818 1444 886 quid
1477 815 1543 870 ad
1572 813 1934 870 elevationem
1966 808 2131 864 amici

555 917 870 988 relinquunt
909 915 1258 977 intentatum,
1302 905 1576 965 hominem
1631 905 1810 961 facere
1839 901 2034 968 Deum,
2079 908 2136 954 et

554 1013 611 1070 in
652 1029 868 1068 sacram
902 1009 1162 1066 extollere
1217 1007 1549 1062 columnam.
1592 1003 1842 1056 Attamen
1891 998 2130 1054 divinum

555 1121 620 1160 ac
651 1105 1046 1160 divinissimnm
1081 1111 1243 1172 atque
1260 1102 1462 1165 divum,
1483 1110 1648 1168 atque
1680 1095 1788 1150 Deo
1807 1093 2038 1149 similem
2078 1099 2134 1148 et

555 1198 666 1253 Deo
691 1211 873 1264 parem
898 1205 952 1250 et
994 1194 1082 1248 Dei
1114 1193 1390 1258 aemulum,
1431 1200 1486 1245 et
1514 1192 1560 1244 si
1621 1190 1763 1257 quod
1811 1195 1897 1242 est
1947 1185 2133 1252 hujus-

556 1291 703 1346 tnodi
733 1287 1039 1343 venerabile
1065 1292 1484 1356 cognomentum
1515 1284 1832 1351 frequenter
1857 1277 2134 1348 appellant

555 1384 853 1438 hominem.
902 1380 1057 1434 Mane
1103 1392 1165 1432 se
1210 1376 1408 1430 lavanti
1444 1376 1729 1430 asistunt:
1771 1385 1801 1425 a
1833 1369 2135 1426 dormiente

557 1473 750 1530 sedulo
778 1485 992 1526 muscas
1026 1469 1288 1539 abigunt;
1313 1465 1562 1538 spuentis
1586 1479 1696 1518 non
1718 1462 1907 1518 sinunt
1931 1458 2131 1514 calcari

554 1569 818 1632 εριιῐνιιιιι,
878 1580 985 1619 non
1059 1563 1401 1617 fastidiosam
1450 1558 1596 1614 illam
1652 1571 1774 1612 esse
1839 1562 2131 1622 putantes,

554 1660 651 1714 sed
683 1673 954 1712 atnu—nam
1002 1655 1143 1720 visu.
1181 1653 1578 1708 Ascendentem
1610 1649 1664 1704 in
1707 1647 1994 1718 subjugale
2027 1645 2131 1700 bu-

556 1752 723 1808 meris
753 1749 1050 1814 extollunt,
1081 1758 1135 1802 et
1180 1747 1524 1801 adhaerentes
1568 1742 1683 1803 illi,
1727 1739 1897 1793 Veluti
1933 1751 2133 1792 musca!

557 1846 825 1917 cnpediis,
873 1845 940 1898 de
1003 1842 1181 1897 reditu
1247 1853 1570 1910 persuasum
1632 1835 1834 1891 habere
1913 1833 2129 1887 nolunt.

558 1944 833 1995 Enarrant
875 1951 1090 2008 quoque
1137 1933 1466 1998 calumnias,
1501 1939 1691 1986 contra
1739 1942 1898 1998 quas,
1951 1925 2132 1978 amico

559 2037 823 2100 intentas,
857 2033 963 2104 ipsi
1003 2047 1138 2087 sane
1175 2034 1549 2092 decertarunt,
1587 2038 1832 2095 quasque
1886 2021 2136 2076 confuta-

560 2139 857 2192 verunt,et
899 2127 1042 2196 ipsas
1081 2139 1187 2179 non
1239 2137 1421 2187 veras,
1469 2123 1564 2176 sed
1611 2119 1792 2182 ﬁctas,
1845 2114 2128 2172 scelerati.

553 2221 848 2278 Adttlatum
899 2220 978 2274 sic
1023 2219 1232 2272 ironicc
1281 2216 1382 2284 ipsi
1424 2211 1756 2269 contumelia
1806 2207 2134 2272 allicientes,

556 2327 749 2381 argute
806 2312 1305 2368 comminiscuntur
1349 2309 1473 2362 vitae
1545 2304 1998 2361 communitatem
2081 2309 2136 2355 et

558 2406 882 2464 substantiae
905 2403 1365 2466 distributionem,
1400 2399 1509 2453 vini
1534 2396 1850 2466 amphoras,
1884 2407 1940 2450 et
1999 2393 2137 2448 alios

559 2499 802 2558 autumni
879 2497 1111 2561 fructus,
1171 2509 1225 2551 et
1295 2495 1506 2549 catinos
1567 2491 1832 2559 placentis
1885 2489 2134 2553 refertos,

557 2595 636 2650 illi
681 2593 1042 2665 proferentes.
1083 2589 1151 2645 Et
1194 2589 1567 2643 comedentem
1615 2585 1831 2654 quidem
1860 2593 1911 2638 et
1946 2582 2140 2635 hiben-

555 2697 663 2744 tem
695 2687 762 2742 ad
801 2684 1276 2755 intemperantiam
1314 2683 1640 2746 incitant,nt
1674 2677 1774 2748 ipsi
1809 2681 2136 2744 praetexunt,

555 2782 624 2836 ad
659 2781 781 2835 vitze
820 2780 1298 2841 sustentationem,
1350 2775 1443 2829 sed
1491 2774 1624 2826 alias
1681 2783 1844 2844 puto,
1881 2780 1934 2823 ut
1969 2767 2138 2837 ipsius

554 2873 738 2945 gulam
766 2872 1193 2938 ebrietatemqne
1229 2868 1360 2924 tisni
1393 2869 1630 2922 habeant
1666 2883 1682 2921 :
1724 2880 1911 2918 verum
1948 2863 1993 2917 si
2031 2877 2136 2915 non

558 2967 815 3024 satiatum
853 2964 1003 3019 illum
1045 2979 1190 3034 aegre
1233 2962 1417 3018 ferunt
1459 2961 1512 3015 in
1562 2959 1914 3029 apparentia,
1966 2955 2139 3024 magis

557 3069 742 3118 tamen
789 3061 1112 3131 gauderent,
1155 3057 1298 3128 quod
1339 3053 1441 3124 ipsi
1473 3054 1618 3108 laute
1659 3053 2018 3122 replerentur.
2059 3048 2137 3102 En

559 3163 740 3207 autem
779 3151 979 3221 aliquid
1021 3151 1145 3206 novi
1181 3149 1351 3218 magis
1381 3165 1395 3202 :
1431 3146 1704 3217 mysteriis
1739 3144 2044 3208 initiantur,
2084 3148 2140 3195 et

556 3245 777 3318 propria
813 3253 1056 3309 secreta,
1092 3258 1212 3313 qua:
1247 3245 1328 3299 vel
1373 3244 1647 3307 fecerunt,
1671 3242 1752 3293 vel
1788 3238 2138 3307 excogitave-

2247 3238 2329 3255 ιη
2608 3238 2656 3258 μ.

2245 3278 2670 3340 ὲκκαλύπτουσι,

556 3350 710 3406 runt,
750 3339 1015 3402 revelant,
1043 3347 1097 3392 et
1130 3337 1247 3408 ipsa
1276 3337 1544 3408 pessima;
1577 3344 1629 3390 et
1663 3345 1922 3402 tanquam
1960 3329 2137 3386 amico

554 3433 704 3504 loqui
741 3434 1077 3503 credereque
1118 3441 1314 3487 cuncta
1356 3431 1412 3486 in
1455 3431 1638 3483 animo
1682 3427 1952 3497 reposita,
1996 3423 2137 3488 ausi,

561 3528 822 3582 miserum
856 3538 911 3581 et
942 3534 1072 3580 tunc
1109 3535 1410 3594 provocant
1463 3521 1527 3576 ad
1560 3523 1902 3577 consortium
1927 3557 1943 3582 ,
1987 3526 2048 3573 ut
2084 3525 2139 3571 et

558 3621 651 3676 ille
707 3621 953 3690 quedam
1011 3630 1231 3678 suorum
1285 3629 1620 3677 secretorum
1679 3613 2010 3668 manifestet.
2072 3611 2140 3669 Et

563 3718 678 3772 haec
703 3715 919 3785 quidem
944 3716 1044 3786 ipsi
1069 3715 1298 3782 iaciunt,
1318 3725 1372 3772 et
1396 3717 1478 3771 his
1509 3715 1613 3769 alia
1638 3713 1792 3784 plura
1821 3710 2136 3782 peioraque,

567 3825 739 3880 usque
761 3810 885 3865 dum
920 3811 1211 3879 praestigiis
1238 3811 1554 3879 deceperint
1584 3811 1909 3873 inescatnm,
1950 3808 2138 3874 illique

562 3907 938 3976 persuaserint
969 3912 1030 3958 ut
1061 3903 1194 3972 ipsis
1223 3904 1460 3958 conﬁdat
1485 3912 1540 3956 et
1572 3901 1728 3972 quasi
1755 3902 1921 3956 rectis
1946 3901 2138 3956 amicis

565 4001 852 4057 inhaereat.
885 3999 1020 4055 Cum
1053 4007 1234 4052 autem
1257 3997 1399 4050 intra
1436 3999 1572 4052 retia
1599 3997 1964 4052 miserandum
1993 3998 2137 4052 hunc

565 4093 942 4165 passerculum
967 4077 1191 4163 captuni
1237 4091 1583 4157 retinueriut,
1614 4101 1739 4144 tunc
1767 4089 2137 4148 simulationis

567 4189 821 4245 nebulam
865 4187 1204 4258 abjicientes,
1231 4193 1514 4256 apparent,
1541 4185 1779 4242 amicitia
1803 4199 1930 4242 vera
1951 4185 2142 4257 sicque

565 4282 774 4339 malitia
809 4279 1260 4351 splendidissimi.

642 4375 731 4430 i3.
776 4374 844 4428 Et
897 4374 1168 4443 quomodo
1207 4379 1444 4429 tractent
1493 4375 1642 4430 hunc
1696 4374 2002 4445 hominem,
2035 4390 2139 4446 ego

571 4471 710 4534 seio,
750 4466 970 4534 fratres,
1002 4476 1057 4521 et
1084 4481 1179 4522 vos
1200 4466 1373 4530 scitis,
1405 4475 1460 4521 et
1491 4477 1616 4521 ante
1639 4482 1734 4521 vos
1761 4467 1943 4522 sciunt
1994 4470 2138 4524 scri-

568 4572 776 4632 ptores,
819 4559 930 4612 imo
957 4556 1135 4611 omnis
1187 4558 1451 4612 mundus:
1474 4557 1616 4610 unde
1641 4556 1971 4628 superﬂuunt
1995 4569 2142 4617 esset

572 4665 844 4724 exponere
891 4665 1015 4719 qua:
1061 4649 1130 4705 de
1166 4660 1363 4706 caetero
1411 4650 1594 4704 auditu
1633 4666 1739 4705 non
1781 4662 1907 4708 sunt
1959 4654 2142 4724 digna.

577 4749 824 4802 Araneus
864 4744 957 4812 qui
1013 4742 1085 4797 ita
1137 4741 1404 4805 culicem,
1458 4753 1676 4810 captum
1724 4746 1933 4798 retibus
1991 4755 2145 4802 tene-

577 4845 685 4906 ret,
705 4835 1095 4893 animalculum
1122 4833 1440 4890 olienderet.
1469 4831 1573 4888 Sed
1599 4835 1739 4889 ismd
1775 4853 1870 4906 per
1895 4849 2145 4894 attenna-

577 4933 780 4987 tionem
805 4929 1023 4984 dicitur.
1043 4927 1154 4982 Leo
1180 4942 1308 4982 vero
1333 4928 1412 4982 sic
1435 4927 1671 4984 irrueret
1699 4932 1810 4999 ovi,
1836 4931 2148 5003 animalque

583 5025 747 5081 dente
806 5022 1162 5092 discerperet.
1190 5021 1331 5076 sicut
1395 5021 1470 5075 illi
1504 5021 1872 5076 miserandum
1905 5025 2143 5080 amicum

581 5119 902 5186 discerpunt
927 5117 1201 5182 laetantes,
1230 5114 1339 5170 imo
1369 5131 1498 5172 vero
1542 5115 1738 5170 hilaria
1770 5126 2054 5182 canentes,
2088 5126 2148 5174 ut

579 5213 744 5268 etiam
773 5225 893 5266 cum
931 5209 1064 5279 ipsis
1089 5209 1252 5264 veluti
1279 5209 1505 5262 canibus
1537 5208 1768 5263 ludibria
1800 5209 2147 5279 conspician-

582 5316 690 5359 tur.
756 5301 872 5357 Non
953 5302 1096 5357 enim
1162 5301 1512 5362 erubescunt,
1576 5302 1670 5353 sed
1722 5302 2146 5356 ostentationem

580 5405 790 5459 amant,
823 5392 983 5464 quasi
1015 5409 1109 5461 per
1133 5392 1354 5446 chorum
1385 5400 1439 5446 et
1463 5393 1814 5457 cantilenam,
1849 5393 1970 5448 talia
2003 5410 2150 5450 com-

583 5489 796 5559 plentes
825 5486 880 5539 hi
915 5487 1146 5538 audaces
1177 5490 1231 5537 et
1270 5483 1610 5538 miserabiles
1646 5500 1661 5536 :
1703 5501 1866 5538 unum
1901 5486 2146 5556 quidem,

579 5582 720 5651 quod
744 5580 1004 5633 audacter
1022 5575 1280 5628 adversus
1299 5576 1590 5630 amicitiam
1613 5586 1814 5648 agunt;
1838 5579 1978 5633 aliud
1999 5597 2148 5643 vero,

583 5673 726 5729 ouod
763 5673 897 5728 nihil
929 5669 1203 5725 laudabile
1238 5670 1467 5726 faciunt.

652 5848 740 5905 li.
774 5847 966 5919 Itaque
1001 5863 1107 5906 non
1132 5846 1242 5920 jam
1274 5847 1572 5906 amicitiam
1614 5848 1999 5909 blandimentis
2033 5850 2150 5908 allio

2237 617 2379 683 ὑπὲρ
2409 616 2582 687 Νιρέα
2606 617 2700 669 τὸν
2728 616 3142 688 περιᾳδόμενον.
3173 615 3280 668 Καὶ
3308 616 3404 670 ἐπὶ
3427 619 3573 670 πᾶσιν
3597 620 3732 674 εὔδαι-

2236 712 2422 780 μονεῖν
2467 710 2559 763 τὸν
2607 710 2812 779 κόσμον
2844 711 3029 778 φασὶν,
3065 710 3148 762 ὅτι
3185 708 3423 764 τοιοῦτον
3465 709 3648 781 εἴληχεν
3667 716 3733 768 ἄν·

2231 800 2337 869 δρα
2365 801 2443 864 είς
2469 802 2851 870 ὲπικόσμημα.
2887 799 2985 852 Ἔν
3013 815 3066 852 τι
3089 800 3312 867 ἀφιᾶσιν
3342 795 3476 852 εἶναι
3499 801 3732 856 ἀσάλευτον

2234 892 2317 954 είς
2381 892 2736 963 ὑπερύψωσιν
2775 887 3020 959 φιλικὴν,
3072 891 3134 944 τὸ
3191 890 3522 960 θεοποιῆσαι,
3562 894 3638 945 καὶ
3677 898 3732 959 εἰς

2237 987 2392 1054 ἱερὰν
2446 987 2648 1057 στήλην
2677 985 2989 1053 ἀναστῆσαι
3016 984 3106 1038 τδν
3158 981 3464 1052 ἄνθρωπον.
3499 983 3564 1034 Τὸ
3599 985 3732 1052 μέντοι

2236 1079 2383 1132 θεῖον
2407 1078 2503 1130 νιαλ⁷
2531 1078 2807 1130 θειότατον
2838 1080 2936 1132 καὶ
2964 1075 3223 1130 θέσκελον
3255 1076 3350 1127 καὶ
3377 1072 3645 1127 θεοείκελον
3669 1081 3733 1131 καὶ

2235 1169 2296 1224 τὸ
2334 1169 2565 1232 θεοειδές
2605 1170 2703 1222 καὶ
2744 1170 2808 1222 τὸ
2840 1167 3195 1238 θεομίμητον,
3243 1165 3340 1219 καὶ
3369 1166 3422 1218 εί
3462 1181 3512 1218 τι
3548 1168 3733 1221 τοιοῦτον

2237 1261 2434 1332 σεμνὸν
2465 1259 2659 1329 ὖνομα,
2696 1260 2867 1330 συχνὰ
2897 1257 3262 1328 κατεπᾴδουσι
3306 1254 3401 1308 τοῦ
3431 1256 3618 1326 ἀνδρὸς.
3648 1259 3733 1314 Ἔτι

2233 1353 2516 1424 λουομένῳ
2572 1351 3055 1423 παραπατοῦσιν·
3119 1347 3416 1411 ὑπνοῦντας
3472 1349 3732 1405 ἀποσοὸοὖσι

2234 1447 2336 1510 τὰς
2369 1447 2534 1516 μυίας
2581 1444 2974 1516 προμηθικῶς*
3008 1440 3318 1500 πτύσαντος
3344 1439 3442 1492 οὐκ
3477 1439 3641 1506 ἀφιᾶσι
3663 1461 3734 1496 πα-

2234 1538 2466 1608 τηθῆναι
2499 1537 2592 1590 τὸν
2638 1534 2836 1598 σίελον,
2873 1533 2954 1603 μὴ
2997 1532 3186 1600 σικχδν
3220 1528 3384 1583 αὑτὸν
3413 1523 3542 1583 εἶναι
3577 1531 3734 1599 φιλοσο-

2236 1630 2506 1700 φοῦντες,
2553 1627 2670 1682 ἀλλ’
2728 1626 2858 1697 ἡδὺν
2913 1624 3231 1696 βλέπεσθαι.
3296 1620 3644 1676 Ἀνασαίνοντα
3679 1625 3732 1686 είς

2235 1718 2532 1786 ὑποζύγιον
2585 1716 2948 1771 ἀναὸάλλουσι
2999 1713 3376 1781 κουφίζοντες,
3421 1711 3512 1763 καὶ
3553 1730 3732 1782 παρακο-

2233 1811 2553 1874 λουθοῦντες
2585 1811 2687 1864 ὅσα
2721 1808 2816 1862 καὶ
2851 1809 3005 1876 μυῖαι
3038 1805 3415 1875 γλυκὰσματι,
3443 1802 3534 1855 οὐκ
3553 1803 3732 1858 ἐθέλουσι

2163 1889 2208 1949 Β
2238 1904 2525 1959 πείθεσθαι
2548 1904 2626 1964 είς
2654 1899 2992 1970 ἀνάκαμψιν.
3029 1895 3396 1964 ’Δφηγοῦνται
3417 1894 3502 1947 καὶ
3524 1894 3730 1960 inﬁcit,

2237 1991 2312 2051 ὧν
2339 1996 2506 2065 δῆθεν
2549 1993 2968 2064 ἐπιφερομένων
2998 1989 3078 2059 τῷ
3108 1988 3246 2057 φίλῳ
3288 1987 3439 2040 αὐτοὶ
3465 1988 3732 2057 προέστησαν

2237 2087 2531 2156 ἀντίμαχοι
2566 2085 2660 2138 καῖ
2686 2082 3015 2152 ἀνέτρεψαν,
3050 2079 3143 2132 καὶ
3185 2077 3360 2138 αὑτὰς
3387 2076 3484 2130 οὐκ
3508 2077 3731 2145 ἀληθευούο

2239 2194 2361 2240 σας,
2391 2175 2529 2230 ἀλλὰ
2558 2173 2960 2242 πλαττομένας,
3007 2171 3056 2224 oi
3089 2168 3426 2239 ἐπίτριπτοι.
3460 2166 3732 2236 ’Υὸρίζοντες

2238 2270 2396 2324 αὐτοὶ
2424 2265 2571 2320 οὕτω
2607 2265 2850 2333 πλαγίως
2882 2263 2974 2317 τὸν
3006 2262 3457 2330 κολακευόμενον,
3495 2259 3731 2327 σοφίζονται

2238 2362 2334 2416 καὶ
2381 2361 2498 2431 βίου
2551 2357 2842 2411 κοινωνίαν
2895 2355 2989 2410 καὶ
3043 2354 3367 2426 περιουσίας
3415 2353 3732 2422 ἀπομεριεμδν,

2240 2455 2428 2524 βίκους
2458 2451 2602 2505 οῖνου
2631 2448 3056 2520 περιφοροῦντες
3087 2446 3314 2517 ἐκείνῳ,
3351 2446 3445 2500 καὶ
3468 2445 3650 2514 ὀπώραν
3669 2446 3731 2498 ἀλ-

2238 2549 2360 2600 λοτε
2419 2545 2628 2614 ἀλλην,
2686 2543 2781 2596 καὶ
2833 2540 3059 2610 τρυϐλία
3114 2541 3422 2609 πεμμάτων
3471 2538 3631 2609 μεστά.
3659 2538 3733 2590 Καὶ

2239 2640 2492 2696 ἐσθίοντα
2545 2637 2646 2708 μὲν
2678 2636 2772 2690 καὶ
2820 2635 3050 2688 πίνοντα
3106 2631 3505 2686 συνεπωθοῦσιν
3533 2633 3598 2695 είς
3634 2632 3731 2700 πλη-

2242 2731 2475 2804 σμονὴν,
2514 2728 2577 2783 τὸ
2610 2729 2710 2799 μὲν
2739 2729 3067 2795 φαινόμενον
3097 2725 3188 2776 ἐπὶ
3221 2723 3479 2776 συστάσει
3517 2722 3654 2792 ζωῆς,
3670 2723 3733 2774 ἀλ.

2239 2827 2348 2890 λως
2388 2825 2445 2878 δὲ
2470 2819 2648 2892 οἶμαι,
2699 2820 2787 2873 ίνα
2826 2816 3176 2888 καταγελῷεν
3209 2814 3380 2870 αὑτοῦ
3427 2815 3499 2877 είς
3537 2815 3730 2884 βορότητα

2241 2919 2340 2973 καὶ
2389 2912 2764 2984 οίνοφλυγίαν.
2795 2911 2886 2978 Μὴ
2917 2907 3339 2979 ὲμφορουμένου
3368 2906 3423 2960 δὲ
3462 2906 3642 2959 δοκοῦσι
3667 2906 3731 2974 μὲν

2241 3009 2528 3082 ἄχθεσθαι,
2555 3003 2796 3076 χαίροιεν
2823 3001 2879 3055 δὲ
2913 3000 2979 3055 ἂν
3012 2999 3232 3068 μᾶλλον,
3264 2997 3350 3051 ὅτι
3387 2996 3528 3052 αὐτοὶ
3553 2995 3730 3065 πλησθή-

2244 3119 2428 3158 σονται
2481 3097 2741 3168 δαψιλῶς.
2783 3095 2857 3148 Τὸ
2890 3093 2948 3146 δὲ
2987 3091 3342 3162 καινότερον·
3390 3091 3478 3143 καὶ
3510 3086 3729 3157 μυστηριὰ-

2244 3191 2453 3255 ζονται,
2479 3189 2574 3242 καὶ
2605 3186 2813 3258 κρύφια
2834 3185 3010 3238 οἰκεῖα
3035 3183 3067 3253 ἢ
3097 3180 3398 3252 δράσαντες
3425 3179 3455 3244 ἢ
3483 3176 3729 3239 πλάσαντες,

2699 3276 2790 3329 καὶ
2814 3273 2952 3328 αὐτὰ
2973 3273 3244 3344 χείριστα,
3270 3269 3370 3323 καὶ
3393 3267 3464 3332 ὡς
3489 3263 3566 3321 οἶα
3587 3267 3728 3336 τεθαρ-

2247 3371 2481 3444 ρηκότες
2517 3371 2659 3441 φίλῳ
2687 3367 2872 3424 λαλεῖν
2909 3366 3006 3420 καὶ
3052 3363 3417 3434 παρατιθέναι
3454 3361 3515 3415 τὰ
3553 3363 3600 3414 ὲν
3632 3359 3731 3428 ψδχῇ

2248 3466 2486 3528 ἅπαντα,
2525 3461 2964 3534 προκαλούμενοι
3017 3457 3108 3510 τὸν
3133 3456 3372 3509 ἐλεεινὸν
3423 3451 3653 3508 κάνταῦθα
3681 3452 3733 3514 εἰς

2242 3558 2561 3631 ὁμοιότητα,
2593 3555 2679 3608 ἵνα
2702 3554 2798 3608 καὶ
2815 3554 3021 3612 ἐκεῖνος
3040 3547 3150 3602 τῶν
3173 3564 3302 3600 τινα
3323 3544 3447 3616 παρ’
3469 3541 3595 3612 αὐτῷ
3613 3541 3733 3610 ἀπορο

2247 3650 2426 3718 Mva
2459 3645 2695 3717 ὲκφὴνῃ.
2724 3643 2834 3697 Καὶ
2877 3639 3048 3694 ταῦτα
3089 3640 3187 3709 μὲν
3224 3636 3469 3692 ποιοῦσιν
3513 3632 3732 3696 nimbata!

2243 3738 2450 3794 τούτων
2478 3739 2644 3809 ἕτερα
2677 3734 2847 3788 πλείω
2887 3733 2980 3787 καὶ
3016 3731 3205 3804 χείρω,
3232 3730 3341 3792 ἕως
3371 3729 3434 3782 ἂν
3455 3722 3734 3806 καταγοητεὺο

2249 3850 2382 3887 σωσι
2415 3833 2506 3886 τὸν
2537 3828 2950 3895 δελεαζόμενον,
2989 3825 3282 3887 πείσαντες
3316 3822 3526 3894 θαρρεῖν
3551 3818 3732 3878 ἐκείνοις,

2245 3926 2342 3979 καὶ
2380 3922 2736 3995 προσανέχειν
2781 3919 2880 3972 ὅσα
2910 3918 3003 3970 καὶ
3030 3916 3205 3986 φίλοις
3243 3913 3444 3986 ὀρθοῖς.
3472 3911 3583 3964 Ὅτε
3608 3908 3651 3960 δὲ
3669 3905 3734 3973 0r,-

2250 4019 2552 4089 ρασὰμενοι
2585 4014 2696 4067 ἔσω
2725 4010 2953 4079 παγίδος
2982 4007 3045 4061 τὸ
3074 4006 3296 4077 οἰκτρὸν
3328 4007 3496 4058 ὲκείνο
3527 3997 3734 4070 στρουθίον

2248 4112 2590 4180 κατάσχωσι,
2621 4107 2742 4160 τότε
2775 4103 2838 4174 δὴ
2866 4102 2926 4155 τὸ
2945 4101 3044 4167 τῆς
3071 4097 3418 4168 ὑποκρίσεως
3443 4090 3735 4160 ἀπαγαγόντες

2246 4179 2437 4269 νέφος,
2455 4198 2818 4266 ἐκλάμπουσι,
2851 4196 2919 4264 τῇ
2943 4191 3076 4263 πρὸς
3101 4189 3362 4259 ἀλήθειαν
3382 4185 3524 4258 φιλίᾳ
3546 4184 3621 4237 καὶ
3637 4179 3736 4234 οὓτω

2249 4293 2419 4363 κακίᾳ
2447 4289 2934 4362 περιφανέστατοι.

2321 4360 2411 4453 ιγ’.
2444 4360 2556 4436 Kal
2579 4378 2665 4433 οἷα
2693 4377 3028 4433 διατίθενται
3059 4376 3150 4430 τὸν
3195 4375 3391 4445 ἄνδρα,
3424 4370 3522 4441 ἐγώ
3561 4385 3609 4422 τε
3634 4360 3730 4426 οἶδα,

2249 4469 2294 4531 ὧ
2333 4473 2578 4543 ἀδελφοὶ,
2611 4472 2706 4525 καὶ
2738 4471 2896 4539 ὑμεῖς
2949 4468 3151 4532 οἴδατε,
3177 4467 3275 4521 καὶ
3305 4465 3409 4534 πρὸ
3434 4462 3573 4532 ὑμῶν
3591 4459 3737 4512 οἴδασιν

2247 4568 2298 4622 oi
2360 4564 2951 4638 βιϐλιογραφήσαντες,
2987 4561 3084 4612 καὶ
3142 4561 3170 4612 ὁ
3204 4557 3408 4620 κόσμος
3439 4554 3491 4607 δὲ
3517 4553 3662 4635 ᾰπας·
3687 4544 3739 4638 δὴ

2252 4633 2640 4727 καὶ-περιττδν
2680 4653 2746 4707 ἂν
2772 4653 2885 4722 εἴη,
2916 4651 3174 4704 ἐκθέσθαι
3203 4649 3270 4702 τὰ
3331 4648 3424 4701 καὶ
3469 4633 3617 4704 ἄλλως
3646 4635 3740 4727 μηδὲ

2249 4743 2418 4812 ἁκοῆς
2441 4726 2588 4807 ἄξια.
2643 4741 2916 4812 Ἀράχνης
2945 4739 3012 4792 ἄν
3037 4757 3120 4801 τις
3145 4737 3288 4792 οὕτω
3328 4735 3552 4788 κώνωπα
3579 4726 3740 4791 περιλα’

2250 4835 2382 4898 ϐὼν,
2417 4831 2497 4898 οἷς
2521 4833 2857 4897 δικτυοῦται,
2905 4830 3243 4900 κακουργοίη
3287 4827 3416 4898 περὶ
3457 4826 3510 4877 τὸ
3547 4820 3737 4885 ζωῧφιῡνο

2262 4926 2426 4981 ’Λλλά
2468 4926 2626 4980 τοῦτο
2653 4925 2754 4995 μὲν
2783 4927 2865 4988 είς
2894 4923 3172 4977 εὐτέλειαν
3209 4922 3533 4990 πέφρασται.
3563 4911 3679 4966 Λέων
3701 4905 3737 4956 δὲ

2249 5019 2424 5084 οὕτως
2459 5021 2526 5075 ἂν
2556 5019 2818 5091 ἐπιϐρίσῃ
2847 5019 3131 5090 προὸἀτῳ,
3159 5017 3254 5072 καὶ
3287 5014 3496 5085 συσχὼν
3513 5004 3738 5067 διασπὰση·

2248 5131 2342 5169 ται
2369 5114 2431 5168 τὸ
2455 5112 2615 5178 ζῶον,
2647 5111 2720 5174 ὡς
2752 5112 2953 5164 ἐκεῖνοι
2991 5111 3082 5164 τὸν
3129 5110 3348 5180 οἰκτρὸν
3399 5105 3542 5176 φίλον
3577 5099 3742 5152 Gram-

2253 5207 2506 5279 ράττουσι
2532 5205 2840 5275 χαίροντες,
2873 5202 3140 5274 μενοῦνγε
3167 5202 3462 5273 μέλποντες
3483 5192 3736 5263 auspicavi.

2253 5297 2339 5350 ἵνα
2369 5297 2463 5350 καὶ
2492 5297 2577 5350 ἐπ’
2608 5295 2791 5350 αὐτῶν
2817 5297 2918 5348 ὅσα
2951 5294 3044 5348 καὶ
3072 5293 3347 5361 κυναρίων
3378 5281 3632 5360 μέλπηθρά
3655 5291 3738 5329 τινα

2255 5387 2568 5460 θεωροῖντο.
2603 5387 2740 5441 Οὐδὲ
2793 5386 2903 5458 γὰρ
2934 5385 3374 5454 ἐπαισχύνονται,
3404 5377 3528 5432 ἀλλά
3552 5373 3626 5426 καὶ
3653 5367 3737 5435 φίλ’

2254 5480 2621 5534 ενδεικτοῦσιν
2642 5481 2716 5544 ὡς
2741 5481 2833 5534 ἐπὶ
2857 5478 3002 5551 χορῷ
3027 5479 3119 5531 καὶ
3141 5477 3340 5546 μολπῇ.
3373 5467 3580 5524 τοιαῦτα
3612 5463 3738 5527 nini“

2258 5571 2547 5644 μελοῧντες
2574 5575 2624 5626 οἱ
2655 5578 2748 5627 καὶ
2781 5574 3003 5642 θρασεῖς
3035 5575 3127 5624 καὶ
3167 5570 3393 5627 τάλανες
3419 5579 3432 5592 ⁸
3467 5561 3521 5614 τὸ
3567 5556 3660 5626 μὲν,
3683 5551 3739 5600 ὅτι

2255 5666 2496 5734 τολμῶσι
2529 5668 2670 5718 κατὰ
2705 5667 2908 5736 φιλίας,
2948 5661 3008 5717 τδ
3040 5663 3116 5727 δὲ,
3146 5662 3230 5715 ὅτι
3259 5659 3405 5714 οὐδέν
3439 5672 3486 5708 τι
3508 5649 3644 5721 δρῶσι
3668 5659 3736 5713 μα·

2255 5758 2534 5828 καριστόν.

2329 5851 2414 5908 ιδ’.
2452 5850 2663 5907 Οὐκοῦν
2694 5850 2817 5906 οὒτε
2854 5850 3097 5907 σαίνουσι
3129 5848 3228 5905 τοῦ
3284 5843 3465 5902 λοιποῦ
3519 5839 3570 5893 τὸ
3597 5831 3738 5904 φίλιον»
