3840 6572
87 364 172 429 385

1367 374 1470 436 DE
1496 374 2049 439 SIMULATIONE.

3218 386 3327 452 386

79 478 178 531 οὔτε
210 474 494 547 κλαυθμοῦ
525 477 623 533 καὶ
654 481 834 551 χαρᾶς
871 483 1091 554 μερΐται
1146 484 1457 554 φαίνονται,
1516 489 1618 542 ούδί

1745 491 1922 556 ciunt,
1984 507 2085 546 nec
2135 490 2293 547 ﬂetus
2341 502 2391 548 et
2447 497 2628 565 gaudii
2685 496 2987 570 participes
3038 515 3322 572 apparent,

78 569 279 644 ἀμύνειν
305 571 338 643 ἢ
371 571 707 642 θεραπεύειν
740 575 1192 645 προσποιοῦνται,
1226 580 1318 633 καὶ
1349 581 1442 635 τοῦ
1467 584 1638 654 τιμᾷν

78 668 151 719 καὶ
171 665 409 732 εὐλογεῖν
445 666 537 719 τὸν
562 667 759 739 πρῴην
802 670 956 739 φίλον
985 672 1078 724 καὶ
1107 673 1507 744 εὐδαιμονίζειν
1531 677 1638 730 άπ-

76 758 277 828 ίχονται.
301 758 490 828 Αἴρειν
518 758 574 812 δὲ
602 761 764 813 αὑτὸν
790 760 883 814 ἐπὶ
913 764 1113 834 χειρῶν
1140 765 1451 820 ἀναϐολέων
1475 768 1636 839 δίκην

77 852 298 905 τοσοῦτον
357 854 684 922 ἀπέχουσιν,
720 855 863 910 ὥστε
920 859 1016 911 καὶ
1060 858 1426 930 βοθρεύοντες
1465 880 1636 916 κατα-

76 946 323 1007 ϐάλλουσι,
365 947 462 1000 καὶ
490 949 750 1018 ἐπέχουσι
776 952 832 1004 δέ
861 967 872 980 ·
910 955 1003 1005 καὶ
1045 953 1102 1005 at
1135 973 1185 1007 τι
1217 956 1524 1026 ἐχορήγουν
1556 955 1634 1026 τῷ

75 1040 191 1109 φῦιῳ
225 1039 356 1110 πρὸς
383 1040 660 1105 δεξίωσιν,
689 1045 736 1096 εί
762 1044 819 1095 δὲ
853 1044 947 1097 καὶ
980 1047 1261 1117 μυστήρια
1294 1046 1633 1119 ὲκειμηλιώ-

78 1133 215 1187 σαντό
245 1149 347 1186 που
391 1134 588 1201 φιλικά
614 1137 663 1187 οί
701 1137 808 1206 πρὸ
841 1137 1047 1191 τούτων
1080 1138 1493 1210 ὲξερευγόμενοι
1529 1160 1634 1211 μυ-

80 1226 337 1297 στηριακά,
371 1228 472 1279 καὶ
526 1224 595 1280 αὖ
637 1228 805 1282 πάλιν
862 1229 1364 1302 ἀντεισδεχόμενοι,
1407 1236 1515 1288 οὐδ’
1564 1234 1632 1289 ἂν

81 1319 256 1388 maia
284 1318 447 1387 χύσις
477 1319 702 1388 ἡτισοῦν
757 1321 1023 1391 ὲκϐρὰσοι
1081 1323 1211 1393 ῥᾷον
1251 1325 1631 1381 ἀναϐάλλουσα

77 1413 122 1465 τὸ
153 1414 259 1464 κατ’
290 1412 468 1483 αύτὴν
517 1413 746 1483 ἀρχικὸν
779 1412 949 1485 ὕδωρ,
1002 1414 1077 1478 ὡς
1111 1416 1317 1471 ἐκεῖνοι
1370 1417 1628 1489 ὲξεμοῦσι

76 1508 125 1557 τὰ
172 1504 615 1575 παρατεθειμένα
665 1505 893 1577 κρύφια.
926 1506 1112 1561 Ταῦτα
1162 1507 1219 1562 δὲ
1269 1510 1453 1564 πάντα
1484 1511 1627 1565 διατί

76 1600 149 1651 καὶ
173 1599 308 1661 τίνος
375 1597 574 1663 Evam;
606 1598 731 1651 Ὀτι
810 1599 1151 1666 φαυλότατὸν
1198 1619 1252 1655 τι
1301 1604 1626 1673 παραπεσὸν

76 1692 294 1760 πρᾶγμα,
336 1691 465 1745 οὐδὲ
496 1691 691 1746 ὀϐολοῦ
722 1691 1068 1761 ἀξιούμενον,
1104 1692 1346 1763 ἐλύπησε
1376 1694 1470 1749 τὸν
1495 1696 1628 1751 ύπο-

75 1781 229 1852 κριτὴν
283 1782 746 1852 παρεωραμένον,
780 1782 855 1847 ὡς
906 1782 973 1837 ἄν
1016 1784 1182 1848 αὐτὸς
1228 1786 1401 1849 είποι,
1454 1784 1622 1853 ἀξιῶν

72 1871 366 1938 δεσποτικῶς
392 1875 451 1938 ἐς
480 1874 542 1927 τὸ
583 1876 693 1929 πᾶν
720 1873 800 1943 τῷ
842 1874 1271 1946 κολακευομένῳ
1304 1877 1618 1948 προσφέρε-

74 1965 191 2031 σθαι,
242 1966 334 2021 καὶ
396 1964 626 2037 μηδενὸς
683 1966 1088 2037 ἀποτυγχάνειν
1142 1967 1201 2033 ἐξ
1253 1968 1490 2034 ἐκείνου,
1542 1964 1619 2027 ὧν

74 2060 250 2125 ἐφίεται
267 2076 282 2090 ο
315 2059 345 2113 ὃ
373 2060 595 2125 πάντως
620 2060 721 2114 ούκ
743 2059 894 2114 εστιν
917 2062 977 2114 ὲν
996 2059 1076 2133 τῷ
1110 2060 1209 2133 βίῳ
1235 2062 1373 2133 πρὸς
1400 2064 1619 2131 οὐδενὸς

74 2152 301 2217 γίνεσθαι,
334 2152 479 2207 ὅπου
523 2170 588 2222 γε
623 2156 730 2217 πᾶς
765 2153 1057 2226 ἄνθρωπος
1109 2156 1232 2210 οὐδὲ
1266 2155 1362 2209 τοῦ
1407 2158 1615 2212 οἰκείου

75 2244 226 2311 κρατεῖ
274 2244 459 2298 διόλου
516 2244 912 2315 βουλεύματος,
963 2246 1102 2302 ἀλλά
1150 2264 1203 2301 τι
1236 2248 1497 2319 κυρώσας
1553 2251 1614 2304 ιν

78 2336 304 2409 σταθερῷ,
338 2337 446 2409 τὴν
478 2339 719 2410 σήμερον
760 2337 957 2409 αὔριον
1003 2339 1347 2409 μεταϐαλὼν,
1386 2342 1614 2411 ἀπεχει-

77 2430 287 2498 ροτόνησε
310 2430 420 2501 τὴν
447 2430 658 2485 οἰκείαν
684 2431 962 2503 πρόθεσιν.
996 2432 1063 2485 Τί
1089 2432 1145 2485 δέ
1174 2450 1319 2503 φημι
1373 2432 1567 2505 αὔριον
1592 2451 1610 2503 ς

72 2521 163 2575 δίον
180 2525 365 2586 εἰπεῖν,
397 2525 480 2578 ὄτι
525 2524 797 2595 αὑθωρὸν,
860 2524 933 2578 τά
956 2541 1014 2577 τε
1046 2524 1204 2590 ἄλλα,
1257 2527 1351 2581 καὶ
1373 2525 1510 2581 διότι
1548 2529 1610 2581 ού

72 2612 181 2665 πάνυ
232 2614 441 2684 ἀπᾷδον
488 2615 626 2685 πρὸς
659 2614 943 2687 ἀλήθειαν,
993 2615 1057 2670 τὸ
1086 2617 1187 2682 τὰς
1220 2619 1427 2690 φρένας
1472 2618 1611 2691 πρὸς

69 2705 204 2775 τύχας
217 2707 518 2777 κεκτῆσθαι
542 2708 711 2778 ἡμᾶς.

127 2806 192 2854 ιε’.
220 2802 323 2854 Καὶ
354 2800 503 2856 οὕτω
533 2802 633 2871 μὲν
678 2803 749 2856 τά
790 2803 849 2865 ἐς
890 2803 1075 2872 φιλίαν
1121 2805 1527 2877 κακουργοῦσιν
1559 2807 1609 2862 oi

73 2892 147 2961 τῆς
166 2894 524 2965 ύποκριτικῆς
552 2896 839 2966 αἱρέσεως,
868 2897 959 2951 ὅτε
1009 2897 1505 2969 μεταχειρίσασθαι
1548 2899 1609 2955 τὸ

76 2983 167 3036 κατ’
190 2982 358 3055 αὐτὴν
386 2984 725 3054 πρόθωνται.
763 2986 873 3040 Καὶ
890 2986 1055 3061 ἤρκει
1087 2987 1190 3057 μὲν
1215 2988 1449 3045 ἐνταῦθα
1471 2989 1610 3061 φαύ-

77 3076 171 3140 λως
189 3078 580 3147 ἐληλεγμένους
618 3079 815 3141 αὐτοὺς
847 3080 1066 3147 ἀφεῖναι
1096 3080 1315 3150 βάλλειν
1340 3084 1399 3147 ἐς
1436 3084 1609 3154 κόρας-

79 3187 174 3232 uc.
229 3170 282 3223 '0
344 3170 460 3241 γὰρ
520 3171 845 3240 τηλικούτου
912 3178 1612 3248 καταπανουργευσὰμενος
1640 3171 1683 3232 C

75 3262 264 3330 ἀγαθοῦ,
296 3263 447 3318 κατά
494 3264 648 3317 ποίου
682 3264 871 3335 ἑτέρου
917 3267 1360 3337 εύλαϐηθήσεται
1394 3271 1469 3340 μὴ
1523 3272 1616 3326 ἀν-

73 3354 358 3424 δρὲσασθαι;
391 3355 859 3425 Ἐπισκεψώμεθα
884 3356 942 3411 δὲ
967 3358 1116 3427 ὅμως
1149 3360 1245 3413 καὶ
1297 3359 1385 3414 ἐπ’
1430 3361 1616 3428 ἄλλοις

75 3445 151 3513 τὴν
179 3446 347 3499 αὐτῶν
401 3446 732 3517 μοχθηρίαν,
802 3448 908 3518 ὅπη
961 3449 1247 3520 ἐπιτιμίας
1297 3450 1614 3525 ἀφώρισται

77 3538 460 3606 ἐντυγχάνοντας
490 3554 506 3571 ⁸
542 3538 716 3601 οὐδεὶς
746 3540 855 3609 γὰρ
883 3540 985 3613 τὴν
1006 3543 1270 3614 τοιαύτην
1296 3545 1486 3613 ἀγνοεῖ
1515 3564 1615 3617 μο-

76 3628 287 3697 χθηρίαν,
317 3631 427 3701 ὅπη
456 3632 746 3699 ἐπιτιμίας
768 3634 1081 3704 ἀφώρισται
1105 3651 1121 3668 ⁸
1156 3636 1273 3689 ἀλλ’
1307 3636 1453 3693 ὥστε
1482 3657 1611 3693 συν-

78 3724 269 3789 ἀγαγεῖν
299 3742 355 3777 τι
392 3723 491 3777 καὶ
538 3724 696 3778 αὐτοὶ
726 3726 865 3795 πρὸς
894 3726 1247 3797 κατάκρισιν,
1280 3731 1376 3782 καὶ
1406 3747 1615 3803 προσε-

79 3809 281 3865 πιϐιλείν
310 3813 389 3884 τῷ
416 3814 540 3867 κατ’
564 3814 737 3884 αὐτῆς
778 3817 1025 3887 μεγίστῳ
1061 3818 1241 3886 κάδόῳ
1268 3818 1452 3889 ψῆφον
1480 3824 1613 3890 μίαν

82 3900 183 3969 γοῦν
205 3922 318 3959 τινα
370 3906 652 3976 μέλαιναν,
676 3906 777 3977 τὴν
808 3907 896 3959 διὰ
924 3912 1144 3980 γραφῆς
1178 3911 1403 3983 ταύτης,
1426 3915 1613 3984 ὅμοιον

83 3994 140 4056 ὡς
190 3997 234 4050 εί
290 3998 383 4052 καί
434 4014 584 4060 τινος
638 3998 925 4069 ἀλιτηρίου
970 4000 1153 4054 λάϊνον
1191 4003 1613 4072 άμφιεσαμένου

84 4088 267 4157 χιτῶνα,
313 4090 371 4144 δν
410 4090 562 4161 αύτῷ
588 4091 635 4167 ⁴τί]
687 4090 856 4146 κακία
895 4090 1188 4159 ὲξύφανεν,
1231 4096 1311 4157 είς
1341 4096 1617 4166 ἐπίσημον

84 4180 292 4251 ἐντάφιον
344 4181 665 4254 περίϐλημα
720 4184 1152 4257 προσεπιρῤίψει
1204 4188 1303 4240 καὶ
1341 4186 1503 4251 αὐτὸς
1551 4190 1616 4242 ὲκ

85 4273 282 4341 παρόδου
316 4272 565 4344 λιθάριον
592 4274 675 4336 τίς
704 4273 1012 4341 ἀφοσίωσιν
1049 4273 1261 4347 ἔθιμον.

138 4375 218 4431 ις’.
256 4367 571 4439 Θεωρητέον
605 4366 701 4421 οὖν
755 4369 848 4422 τὸν
882 4367 1207 4439 ὑποκριτὴν,
1263 4368 1448 4434 ὁποῖός
1498 4370 1616 4425 ἔστι

81 4459 153 4510 καὶ
175 4460 226 4513 ἓν
251 4464 312 4532 τῇ
344 4461 598 4532 πολιτικῇ
634 4460 913 4532 κοινωνίᾳ,
947 4462 1037 4514 ὅτε
1072 4461 1285 4527 τάξεώς
1322 4480 1425 4515 που
1456 4480 1616 4533 περι-

81 4552 247 4616 φανοῦς
273 4519 716 4619 ἱπιτεύξεταιῖΑ
730 4572 805 4622 μα
833 4519 973 4606 είδεν
1007 4519 1174 4607 αὐτὸν
1204 4555 1237 4624 ἡ
1265 4519 1454 4625 ⁷ἀγορὰ
1482 4519 1614 4626 {se
1648 4519 1693 4578 Β

83 4640 437 4718 βουλευτήριον,
470 4647 567 4701 καὶ
607 4647 770 4711 εὐθὺς
808 4646 1171 4719 περιθέμενος
1202 4647 1263 4701 τὸ
1293 4648 1395 4717 τῆς
1415 4648 1615 4721 εὐσχη-

84 4740 298 4811 μοσύνης,
325 4739 422 4796 εἶτ’
451 4740 546 4795 οὖν
576 4740 866 4805 εὐλαϐείας
897 4741 994 4794 καὶ
1021 4741 1301 4812 προσοχῆς
1331 4740 1425 4795 καὶ
1456 4741 1616 4813 ἀκρι-

84 4828 204 4891 Gaia;
249 4835 606 4902 προσωπεῖον,
673 4832 920 4903 βουλεύει
985 4831 1086 4899 μὲν
1122 4832 1322 4903 βουλὰς
1372 4833 1611 4903 ἀγαθὰς,

84 4921 294 4992 ἀγορεύει
321 4926 375 4979 δὲ
425 4925 496 4980 τὰ
538 4925 859 4980 συνοίσοντα
884 4941 898 4957 ⁶
932 4926 1030 4981 καὶ
1057 4925 1268 4997 ὁμιλῶν
1294 4926 1396 4997 μὲν
1432 4926 1615 4980 ἐπιλέ-

84 5027 208 5078 γεται
256 5016 390 5084 νοῦν,
419 5018 479 5082 ὃς
538 5018 951 5089 προφερόμενος
999 5016 1075 5081 ὡς
1105 5018 1185 5081 είς
1234 5016 1371 5072 Θεοῦ
1427 5018 1614 5089 φωνὴν

86 5105 366 5177 ὰηχεῖται·
434 5111 695 5182 πράττων
750 5110 807 5163 δὲ
866 5109 1114 5180 ἀφορίζει
1168 5109 1262 5163 τὸν
1313 5110 1505 5181 μῶμον
1554 5107 1614 5175 ἐξ

87 5194 266 5262 ἑαυτοῦ,
292 5200 359 5262 ὡς
390 5201 485 5254 καὶ
536 5199 853 5269 φθονεῖσθαι
892 5202 1007 5263 τοῖς
1061 5217 1125 5268 γε
1157 5199 1470 5269 βασκάνοις.
1502 5200 1613 5253 Καὶ

85 5285 263 5342 διαιτῶν
303 5295 396 5364 μὲν
424 5293 524 5347 οὐκ
550 5294 616 5347 ἂν
648 5295 703 5355 ὲς
728 5289 1029 5361 Δὶξρόσωπον
1068 5291 1375 5363 ἀποϐλέψῃ,
1407 5291 1517 5344 οὐδ’
1548 5291 1614 5345 ἂν

87 5387 531 5455 κατακαυχήσηται
558 5384 727 5439 αὑτοῦ
758 5383 931 5455 δῶρον
964 5402 979 5417 ο
1012 5384 1179 5455 μέσος
1211 5383 1267 5437 δὲ
1320 5384 1497 5447 ἄλλως
1528 5400 1616 5451 γι-

88 5471 269 5540 νόμενος
294 5479 604 5547 πράγμασι,
630 5478 730 5549 τὴν
756 5479 1018 5547 ἐνάρετον
1050 5479 1309 5548 συντηρεῐ
1339 5476 1615 5548 σύμϐασιν

85 5559 198 5632 λάἴῳ
220 5566 283 5635 τῷ
314 5569 433 5622 κατ’
474 5572 698 5642 ἀρετήν.
736 5572 955 5640 Κρίνων
985 5571 1041 5623 δὲ
1071 5569 1305 5640 ἀπορθοῖ
1328 5569 1426 5641 τὴν
1468 5569 1613 5638 γνὼ-

90 5664 175 5717 μην
202 5656 270 5718 εἰς
311 5658 579 5727 εὐθύτητα
604 5659 852 5728 θεοφιλῆ.
873 5658 1250 5723 Ἔπανασώζει
1283 5657 1430 5711 ἆπαν
1452 5658 1618 5728 ἀφαί-

90 5752 227 5808 ρεμα,
244 5749 599 5819 παρῤησιάζει
624 5751 681 5804 τὸ
703 5750 937 5813 δίκαιον,
964 5750 1297 5820 περιγράφει
1323 5749 1384 5802 τδ
1406 5750 1613 5817 ἄδικον,

91 5831 276 5899 κολάζει
306 5839 551 5912 δεόντως,
588 5844 959 5900 ἐπιεικεύεται
1008 5842 1356 5915 πρεπόντως,
1393 5842 1617 5914 καθείρ-

1649 1827 1696 1888 Β

1746 596 1846 635 nec
1881 584 2017 639 tueri
2049 585 2130 639 vel
2149 586 2353 641 servire
2378 586 2605 657 tingunt,
2631 599 2679 645 et
2712 591 2780 646 ab
2814 592 3132 649 honorando
3162 596 3329 652 bene-

1739 669 2078 741 dicendoque
2121 689 2184 727 ac
2225 675 2569 743 praedicando
2592 680 2806 734 beatum
2840 681 2981 737 hunc
3013 682 3323 740 hesternum

1740 764 2001 827 amicum,
2044 764 2343 821 abstinent.
2382 765 2614 822 Tantum
2647 781 2825 833 autem
2860 775 3014 827 abest
3052 784 3133 843 ut,
3168 780 3326 846 equi-

1739 868 1932 909 sonum
1965 856 2158 919 instar,
2204 858 2350 912 illum
2377 861 2427 913 in
2465 863 2715 917 manibus
2752 865 2967 933 tollant,
3011 877 3069 921 ut
3103 886 3230 925 cum
3267 871 3321 925 in

1735 961 1931 1002 caveas
1965 951 2301 1019 praecipitent
2355 962 2409 1007 ct
2449 953 2725 1022 obruant;
2776 968 2829 1012 et
2877 959 2922 1013 si
2969 961 3099 1029 quid
3147 963 3325 1018 amico

1736 1039 2153 1108 suppeditabant
2219 1046 2284 1097 ad
2347 1046 2599 1100 amicitia:
2635 1046 2871 1118 signum,
2918 1060 2975 1106 et
3007 1054 3055 1107 si
3101 1054 3323 1109 aliunde

1735 1132 1997 1199 mysteria
2035 1134 2196 1189 amici
2243 1137 2498 1205 quopiam
2530 1140 2799 1194 servanda
2834 1145 3198 1211 reponebam.
3239 1147 3318 1201 illi

1733 1222 1822 1291 qui
1857 1231 2015 1277 antea
2046 1225 2399 1296 divulgabant
2429 1230 2772 1299 mysteriosa,
2807 1244 2865 1289 ut
2897 1236 3138 1295 vicissim
3174 1239 3317 1294 obti-

1732 1324 2057 1376 nerent.non
2085 1316 2294 1373 facilius
2318 1318 2441 1375 fons
2462 1322 2772 1380 cbullientis
2792 1341 2942 1396 aqua:
2962 1344 3114 1384 suam
3138 1330 3320 1385 fonta-

1732 1407 1907 1463 nalem
1936 1425 2130 1480 aquam
2160 1413 2460 1479 emitteret,
2497 1432 2658 1485 quam
2692 1418 2779 1473 isti
2817 1422 3056 1489 reposita
3094 1435 3313 1479 secreta

1729 1510 2006 1555 eructant.
2036 1499 2161 1555 Ηιιιο
2193 1514 2374 1557 autem
2402 1507 2587 1561 omnia
2622 1526 2793 1579 quare
2816 1522 2868 1565 et
2889 1523 3111 1582 propter
3139 1516 3311 1585 quid?

1730 1591 1867 1659 Quia
1898 1608 1985 1647 res
2021 1594 2203 1663 aliqua
2245 1596 2507 1650 vilissima
2541 1603 2953 1669 superveniens,
3002 1622 3101 1661 nec
3158 1607 3305 1664 oboli

1726 1684 2069 1749 aestimanda,
2126 1688 2470 1742 contristavit
2512 1690 2908 1760 simulatorem,
2973 1698 3313 1767 despectum,

1726 1778 1868 1832 sicut
1898 1779 2011 1845 ipse
2041 1780 2268 1842 diceret,
2300 1782 2727 1839 dominationem
2764 1788 2815 1840 in
2850 1790 3099 1846 omnibus
3145 1808 3311 1861 super

1732 1869 2010 1925 adulatum
2046 1872 2246 1928 habere
2275 1874 2460 1930 volens
2488 1886 2541 1931 et
2569 1878 2637 1931 ab
2670 1878 2756 1934 illo
2798 1881 2931 1935 nihil
2966 1897 3152 1952 eorum
3193 1902 3312 1954 qua:

1732 1959 2029 2025 desiderat,
2058 1977 2165 2018 non
2201 1964 2452 2021 obtinere
2489 1984 2502 2021 :
2546 1971 2691 2036 quod
2740 1972 2792 2023 in
2830 1972 2943 2026 vita
2994 1989 3224 2043 prorsus
3272 1991 3301 2029 a

1730 2052 1947 2110 nemine
1977 2062 2154 2124 potest
2183 2056 2444 2120 obtineri,
2510 2060 2599 2114 ubi
2650 2063 2867 2130 quidem
2918 2066 3097 2121 omnis
3150 2067 3314 2124 homo

1730 2147 1966 2219 prOprize
2001 2149 2297 2203 voluntatis
2346 2166 2453 2204 non
2500 2164 2586 2208 est
2631 2155 2854 2211 omnino
2888 2157 3158 2223 dominus,
3192 2160 3311 2223 sed,

1732 2249 2023 2311 postquam
2059 2240 2264 2310 aliquid
2305 2242 2538 2297 ﬁrmiter
2566 2244 2786 2309 statuit,
2826 2245 3090 2301 hodierna
3130 2248 3215 2302 die
3256 2249 3309 2302 in

1727 2333 2028 2388 crastinam
2084 2343 2439 2401 commutata,
2479 2336 2757 2404 pr0prium
2802 2338 3141 2407 abjudieavit
3185 2356 3312 2411 pro.

1726 2428 1987 2499 positum.
2036 2427 2146 2483 Cur
2188 2438 2367 2482 autem
2421 2428 2544 2483 dico
2580 2429 2911 2500 crasdnam}?
2942 2431 3090 2486 dium
3142 2447 3311 2501 opor-

1731 2521 1876 2575 tebat
1928 2521 2115 2576 dicere
2168 2519 2347 2586 illico;
2392 2520 2644 2589 istudque
2672 2561 2687 2584 ,
2729 2521 2871 2576 inter
2911 2531 3135 2589 caetera,
3177 2526 3306 2595 quia

1727 2631 1835 2671 non
1866 2624 1949 2671 est
1975 2616 2198 2668 omnino
2246 2630 2278 2668 a
2325 2613 2556 2669 veritate
2608 2613 2867 2681 alienum,
2919 2616 3067 2687 quod
3108 2633 3307 2675 sensus

1722 2706 1880 2779 juxta
1915 2708 2193 2761 fortunam
2227 2706 2509 2761 habemus.

1800 2801 1886 2856 15.
1914 2800 1979 2855 Ει
2002 2802 2073 2855 ita
2100 2800 2315 2869 quidem
2344 2800 2549 2854 bonum
2572 2800 2829 2855 amicitiae
2852 2813 3193 2873 pervertunt,
3212 2819 3305 2873 qu.

1724 2895 2003 2967 pertinent
2035 2894 2102 2949 ad
2144 2904 2347 2949 sectam
2385 2894 2821 2964 hypocritarum,
2855 2910 2978 2952 cum
3041 2896 3119 2963 id,
3160 2896 3304 2968 quod

1725 2988 1895 3060 ipsius
1912 2998 2018 3055 est,
2040 2987 2426 3042 administrare
2454 2986 2783 3042 luculentius
2802 2989 3041 3059 aggressi
3065 3002 3213 3045 sunt.
3240 2990 3305 3046 Et

1729 3082 1946 3152 quidem
1983 3080 2057 3135 ibi
2098 3078 2399 3133 suiliciebat
2435 3081 2567 3134 istos
2599 3080 2663 3134 de
2710 3081 2986 3149 pravitate
3019 3084 3301 3139 convictos

1721 3173 1787 3228 de
1840 3173 2008 3241 gradu
2068 3171 2329 3239 dejicere.
2390 3170 2491 3237 Qui
2555 3173 2700 3226 enim
2765 3172 3030 3228 adversus
3082 3182 3294 3228 tantum

1722 3263 1926 3318 bonum
1958 3276 2214 3332 perverse
2251 3261 2383 3330 egit,
2431 3272 2620 3317 contra
2673 3264 2817 3332 quod
2854 3263 2998 3317 aliud
3031 3264 3306 3319 verebitur

1724 3357 2003 3411 audacter
2046 3352 2221 3407 ferri?
2257 3351 2647 3407 Examinemns
2702 3361 2907 3420 tamen,
2943 3364 2995 3408 et
3043 3354 3095 3409 in
3158 3356 3302 3419 aliis,

1723 3446 1965 3517 ipsorum
1993 3444 2347 3514 pravitatem,
2377 3443 2466 3496 ubi
2494 3458 2729 3498 censura
2757 3447 2973 3514 signata
3004 3454 3086 3500 est
3107 3461 3306 3502 oecur-

1723 3536 1998 3592 rentibus.
2054 3535 2224 3590 Nemo
2277 3535 2424 3591 enim
2475 3536 2636 3589 talem
2688 3536 2907 3606 ignorat
2950 3540 3300 3608 pravitatem,

1721 3630 1815 3685 ubi
1849 3642 2085 3683 censura
2118 3637 2302 3681 netata
2336 3634 2419 3682 est
2444 3643 2458 3691 ;
2487 3627 2583 3682 sed
2612 3641 2712 3683 nos
2736 3628 2903 3683 etiam
2936 3629 3147 3700 aliquid
3184 3632 3303 3687 col-

1720 3722 1955 3792 ligemus
2009 3722 2076 3776 ad
2118 3720 2660 3788 condemnationem,
2703 3730 2780 3787 et,
2828 3725 3072 3779 maximo
3109 3734 3299 3779 contra

1721 3816 1866 3871 illum
1890 3813 2172 3886 suifragio,
2211 3814 2524 3884 suffragium
2563 3830 2729 3869 unum
2755 3814 2977 3884 inquam
3002 3816 3194 3872 saltem
3215 3818 3303 3872 ni-

1718 3923 1899 3979 grum,
1943 3906 2084 3977 quod
2137 3915 2221 3961 est
2252 3907 2397 3962 illius
2447 3906 2856 3974 accusationis,
2902 3909 3301 3979 superadjicie-

1724 4014 1866 4064 tntis,
1891 3997 2343 4065 quemadmodum
2372 3998 2442 4063 si,
2476 3996 2702 4053 homine
2755 3998 2988 4054 scelesto
3036 3998 3301 4070 lapideam

1725 4087 1971 4143 tunicam
2006 4087 2218 4152 induto,
2261 4103 2426 4159 quam
2469 4087 2575 4158 ipsi
2617 4089 2832 4144 malitia
2886 4091 3079 4158 texuit,
3119 4094 3175 4147 iu
3228 4094 3305 4149 si-

1720 4189 1942 4251 gnatum
1982 4180 2291 4249 sepulcrum
2349 4187 2405 4234 et
2461 4179 2580 4251 ipse
2643 4182 2909 4237 transitor
2949 4198 3017 4237 ex
3067 4185 3149 4238 via
3189 4187 3303 4254 pai-

1722 4271 1856 4328 lium
1895 4271 2168 4341 lapideum
2216 4270 2283 4324 ad
2333 4270 2701 4341 expiationem
2732 4289 2797 4327 ex
2838 4288 2987 4328 more
3011 4275 3294 4341 conjiciat.

1793 4363 1880 4418 16.
1932 4362 2355 4418 Considercmus
2396 4361 2561 4432 igitur
2588 4363 2983 4431 simulatorem,
3020 4366 3197 4436 qualis
3229 4368 3303 4421 sit

1719 4455 1775 4512 in
1834 4454 1979 4511 civili
2040 4454 2477 4519 communitate,
2524 4456 2569 4508 si
2621 4455 2842 4524 quando
2903 4458 2969 4511 ad
3031 4458 3301 4528 insignem

1723 4548 2030 4619 pervenerit
2054 4547 2327 4602 ordinem.
2350 4545 2547 4601 Statim
2573 4556 2627 4600 ut
2661 4547 2945 4617 conspexit
2970 4562 3091 4603 eum
3125 4548 3301 4604 forum

1722 4640 1808 4694 vel
1870 4647 2113 4708 senatus,
2171 4638 2448 4708 extemplo
2501 4637 2849 4709 maiestatis,
2900 4639 3016 4696 sive
3066 4640 3305 4695 circnm-

1723 4732 2021 4804 spectiouis
2071 4741 2126 4788 et
2195 4730 2503 4802 prudentia:
2544 4745 2753 4786 necnon
2805 4731 3051 4802 obsequii
3116 4747 3306 4802 perso-

1727 4843 1849 4881 nam
1919 4828 2159 4892 indutus,
2214 4824 2536 4881 consiliatur
2595 4824 2822 4895 quidem
2858 4825 3088 4880 consilia
3138 4827 3306 4897 bena,

1721 4928 1775 4974 et
1830 4918 2069 4987 loquitur
2127 4916 2290 4971 verba
2348 4930 2558 4983 magna:
2635 4915 2855 4969 utilitati
2906 4915 3107 4972 iutura.
3154 4916 3303 4974 Con-

1723 5009 1993 5064 versando
2018 5008 2341 5063 sententiam
2369 5006 2587 5073 quidem
2617 5005 2920 5070 concludit,
2948 5022 3069 5076 quae
3093 5009 3303 5077 prolata

1726 5113 1982 5173 tanquam
2018 5102 2082 5156 ad
2131 5098 2222 5155 Dei
2271 5113 2455 5153 vocem
2484 5108 2679 5163 sonat;
2742 5102 3021 5167 operando
3059 5115 3189 5155 vero
3228 5102 3308 5157 sic

1723 5211 1752 5249 a
1802 5211 1861 5249 se
1920 5205 2169 5248 removet
2213 5190 2723 5259 reprehensionem,
2777 5201 2836 5244 ut
2869 5191 3068 5248 invidis
3114 5194 3303 5248 saltem

1725 5289 1817 5342 fiat
1852 5289 2123 5355 objectum
2161 5284 2404 5340 invidi-ae.
2440 5285 2659 5339 Arbiter
2702 5284 2904 5347 factus,
2949 5300 3054 5338 non
3093 5288 3158 5337 ad
3192 5286 3309 5339 vul—

1725 5392 1835 5435 tum
1911 5396 2147 5451 unquam
2223 5380 2511 5444 attendet,
2584 5392 2688 5433 nec
2758 5392 2817 5432 se
2873 5379 3075 5433 donum
3133 5376 3305 5430 invio

1724 5475 1899 5546 ip~nm
1949 5474 2168 5545 gloriari
2223 5474 2464 5528 audebit.
2507 5471 2701 5528 Mistus
2745 5472 2964 5527 aliunde
3044 5470 3299 5539 negotiis,

1725 5568 2052 5624 laniabilem
2101 5566 2542 5623 Conciliationem
2578 5604 2593 5630 ,
2683 5580 2939 5619 sermone
3002 5564 3303 5617 secundum

1725 5661 1989 5716 virtutem
2045 5657 2212 5725 facto,
2267 5666 2576 5713 conservat.
2627 5656 2908 5721 Judicans,
2979 5654 3304 5709 sententiam

1722 5754 1877 5825 juxta
1916 5752 2305 5806 rectitudinem
2376 5748 2486 5804 Deo
2548 5748 2828 5819 placitam,
2887 5747 3095 5815 dirigit.
3134 5746 3307 5801 Omne

1730 5853 2002 5902 restaurat
2035 5844 2350 5915 abreptum,
2381 5853 2571 5913 aperte
2600 5840 2808 5912 justum
2837 5839 3100 5909 declarat,
3128 5838 3306 5909 repri-
