3840 6572
525 373 624 462 331

1225 395 1642 464 EUSTATHII
1680 394 1779 455 ΤΗ
1791 388 2130 454 ESSALON
2142 387 2442 451 lCENClS
2472 383 3042 451 METROPOLITA!

3673 386 3763 452 388

527 511 628 568 mit
654 509 934 578 injustum,
953 508 1109 580 punit
1124 518 1452 580 opportune,
1473 507 1760 564 clementia
1779 505 2097 561 convenien-

2210 519 2371 574 γνυσι
2403 503 2698 575 κραταιῶς,
2731 502 2960 574 ἀφίησιν
2990 498 3274 564 ἐπιεικῶς.
3313 497 3506 562 Εἶποις
3532 497 3597 552 ἂν
3634 500 3758 553 ἐκεῖ.

529 609 613 654 ter
670 599 861 664 utitur,
922 599 1152 653 ﬁrmiter
1201 608 1452 662 coercet,
1509 597 1809 651 clementer
1854 595 2098 650 dimittit.

528 698 661 752 Eum
691 698 905 752 virtutis
937 696 1227 766 imaginem
1250 693 1474 750 dixeris.
1502 692 1704 748 Praeter
1726 692 1870 747 enim
1904 698 2100 746 cetera

530 800 720 844 noster
753 791 916 844 homo
953 790 1184 858 primum
1227 787 1381 858 lingit
1417 795 1471 842 et
1520 785 1888 841 humilitatem
1917 791 1970 838 et
2006 797 2101 837 ve-

529 885 746 939 ritatem
775 899 788 934 :
819 881 1283 949 humilitatem,eo
1304 881 1446 952 quod
1475 878 1716 934 onmium
1748 884 1831 934 est
1859 891 2052 932 servus
2080 890 2096 944 ;

529 976 847 1040 veritatem,
879 974 1004 1045 quia
1037 989 1143 1028 non
1191 973 1396 1029 diceret
1429 971 1633 1044 aliquid
1677 970 1902 1036 bonum,
1955 967 2098 1038 quod

531 1067 642 1122 tale
682 1082 790 1121 non
833 1075 1004 1122 esset.
1035 1063 1310 1136 Operatur
1352 1066 1592 1120 maxime
1627 1062 1913 1135 pulchram
1957 1063 2099 1117 hanc

532 1160 778 1229 dyadem;
809 1173 904 1212 eos
926 1157 1014 1226 qui
1039 1157 1236 1212 suntin
1263 1157 1499 1212 maximo
1526 1155 1694 1226 gradu
1714 1163 1930 1217 exutus,
1955 1162 2104 1222 post-

533 1263 692 1318 quam
735 1251 786 1303 in
820 1251 900 1305 eis
943 1249 1088 1304 illam
1119 1248 1510 1304 demonstravit
1545 1257 1598 1302 et
1632 1247 1860 1302 curavit.
1912 1244 2105 1300 Eleva-

531 1350 622 1393 tus
673 1340 829 1408 quasi
884 1341 1098 1395 duabus
1131 1340 1315 1396 aureis
1341 1339 1464 1405 alis,
1507 1339 1754 1394 veritatis
1794 1333 2005 1393 scilicet
2049 1347 2104 1392 et

531 1424 882 1498 humilitatis,
928 1446 958 1487 ο
1005 1441 1198 1487 senatu
1244 1431 1560 1504 populoque
1611 1441 1851 1487 amatur.
1895 1430 2104 1487 Exinde

533 1521 895 1590 quodcunque
933 1521 1094 1576 civile
1131 1522 1409 1593 negotium
1462 1523 1516 1575 in
1563 1537 1756 1576 manus
1781 1521 1898 1591 ejus
1936 1520 2101 1588 venit,

531 1614 622 1667 sed
649 1614 943 1682 praesertim
977 1614 1436 1685 negotiajprivata.
1466 1613 1615 1668 Solet
1671 1613 1961 1679 enim,etsi
1995 1626 2103 1668 non

532 1722 773 1776 semper,
827 1705 1141 1778 frequenter
1177 1709 1392 1773 saltem,
1429 1707 1505 1762 illi
1546 1707 1612 1760 de
1661 1722 1719 1762 re
1761 1707 1981 1776 publica
2018 1722 2108 1760 cu-

527 1798 669 1853 ranti
733 1797 1022 1869 superaddi
1085 1816 1267 1854 rerum
1308 1799 1640 1870 privatarum
1691 1813 1848 1854 cura.
1893 1799 2106 1853 Adeunt

529 1891 692 1959 igitur
765 1892 938 1957 illum,
972 1891 1308 1960 quibuslibet
1357 1892 1544 1957 horis,
1598 1889 1892 1955 innumeri,
1950 1891 2143 1944 com-7

528 1983 858 2038 uittuicatnri
907 1984 969 2038 de
1002 1985 1165 2038 rebus
1193 1983 1554 2048 omnimodis,
1589 1990 1717 2052 puta
1773 1983 1838 2037 de
1872 1980 2098 2052 nuptiis,

523 2076 596 2128 de
617 2076 1055 2143 merrationihus,
1079 2077 1313 2147 denique
1339 2077 1404 2132 de
1424 2077 1600 2131 omnis
1640 2076 1853 2148 generis
1871 2091 2104 2132 conven-

531 2167 783 2221 tionibus.
838 2167 901 2221 Et
943 2179 1022 2222 est
1060 2169 1190 2238 ipsis
1245 2168 1331 2223 ille
1375 2172 1547 2223 bonus
1567 2184 1760 2234 annus,
1805 2183 1966 2238 quem
1993 2183 2098 2222 non

523 2269 778 2328 eliquaret
825 2275 998 2314 attnus
1043 2261 1434 2330 superveniens
1485 2260 1873 2329 felicissimus;
1929 2259 2104 2316 facilis

528 2350 594 2402 ad
623 2364 818 2406 omnes
849 2359 904 2405 et
939 2351 1007 2406 de
1053 2353 1197 2405 nulla
1251 2353 1518 2421 pravitate
1563 2353 1863 2408 convictus.
1904 2351 2102 2424 Itaque

525 2441 729 2496 sensim
785 2441 1096 2513 sensimque
1163 2443 1412 2500 ascendit
1461 2443 1528 2499 ad
1581 2445 1849 2514 gloriam,
1900 2455 1952 2500 et
2003 2444 2104 2502 alis

523 2530 682 2588 fama:
715 2533 1057 2600 sublevatus,
1083 2549 1189 2591 non
1241 2551 1466 2606 operose
1506 2536 1733 2608 pedibus
1762 2552 1826 2593 ac
1851 2537 2103 2593 manibus

523 2638 748 2678 sursum
805 2627 1002 2691 tendit,
1051 2629 1144 2681 sed
1193 2629 1476 2682 c0mmode
1517 2644 1614 2698 per
1655 2643 1802 2693 aera,
1836 2640 2094 2699 tanquam

524 2715 728 2781 alatus,
764 2719 1032 2787 exsurgit.
1063 2717 1357 2789 Postquam
1391 2729 1570 2774 autem
1602 2734 1796 2774 omnes
1819 2722 2099 2790 perversis

521 2807 630 2864 viis
669 2809 733 2861 ad
765 2824 824 2864 se
900 2811 1162 2874 traxerit,
1209 2821 1263 2866 et
1307 2811 1383 2866 sic
1421 2812 1488 2866 ad
1531 2811 1704 2882 ipsum
1758 2813 2100 2881 devenerint,

525 2907 576 2952 et
610 2902 831 2954 verbum
876 2918 895 2953 ι
935 2899 1122 2956 Bonus
1184 2899 1294 2967 ille,
1327 2917 1346 2953 ›
1395 2902 1594 2972 passim
1649 2903 1738 2958 hic
1785 2903 1951 2959 fuerit
2007 2904 2090 2960 di-

521 2994 827 3063 vulgatum,
857 3002 989 3049 tune
1029 3003 1269 3049 veterem
1315 2994 1463 3048 illum
1499 2993 1714 3050 Deocen
1758 2996 1812 3050 in
1851 3006 2088 3051 mentem

523 3085 635 3140 cito
673 3084 1089 3151 rememorabit,
1135 3085 1225 3155 qui
1279 3100 1406 3140 suos
1446 3088 1701 3142 concives
1747 3087 1959 3158 justiti:
1998 3103 2088 3142 re-

524 3191 754 3246 rumque
803 3179 1176 3232 communium
1229 3193 1360 3234 cura
1407 3179 1758 3245 denutlserat,
1818 3191 1873 3234 et
1913 3179 1992 3234 sic
2041 3180 2096 3235 in
2127 3212 2174 3275 ε

525 3269 845 3324 urchoutem
880 3280 1214 3338 assumptus,
1255 3279 1443 3340 postea
1477 3270 1692 3326 fortiter
1720 3270 1826 3326 illis
1858 3270 2094 3336 inhaesit,

520 3377 643 3431 quas
669 3377 774 3415 non
815 3362 1225 3424 conveniebant,
1251 3361 1366 3432 ipse
1406 3377 1621 3433 quoque
1654 3365 1722 3417 ad
1745 3362 1940 3418 similia
1973 3377 2096 3417 mu-

524 3463 695 3510 tatur.
723 3452 788 3508 Et
821 3453 1055 3523 qualiter
1102 3462 1301 3510 tractet
1349 3455 1434 3510 vel
1490 3455 1636 3511 hanc
1680 3455 1898 3520 urbem,
1934 3469 2099 3525 quam

515 3544 769 3599 obtinere
797 3545 970 3615 potuit
993 3543 1231 3600 oﬂiciose
1245 3547 1564 3616 regendam,
1589 3544 1673 3600 vel
1700 3545 1842 3600 hunc
1865 3559 2086 3615 pagum,

520 3639 660 3709 apud
695 3652 854 3709 quem
908 3639 1140 3704 habitat,
1203 3639 1286 3695 vel
1339 3641 1444 3696 hoc
1497 3640 1834 3710 oppidulum,
1885 3640 1938 3694 in
1985 3655 2094 3710 quo

516 3732 785 3786 educatus
832 3739 940 3797 est,
978 3731 1353 3787 deducendum
1401 3730 1616 3800 quidem
1684 3740 1769 3785 est
1817 3745 1884 3785 ex
1921 3730 2096 3786 histo-

521 3823 622 3878 riis
652 3833 708 3876 et
741 3823 1132 3888 monumentis,
1183 3823 1545 3894 colligendum
1594 3833 1778 3877 autem
1821 3822 1987 3877 etiam
2027 3837 2096 3879 ex

515 3913 606 3971 his
633 3929 752 3983 qua:
773 3915 920 3969 velut
949 3914 1145 3984 ubique
1170 3914 1303 3968 liunt
1325 3931 1339 3980 ;
1363 3913 1511 3968 mille
1535 3926 1770 3982 namque
1800 3915 1927 3968 talia
1947 3914 2096 3985 prius

522 4017 835 4077 conspecta,
869 4009 1144 4078 hucusque
1170 4009 1335 4063 etiam
1383 4007 1656 4062 videntur.
1689 4006 1856 4063 Nobis
1910 4017 2090 4064 autem

522 4101 734 4158 dicere-
772 4100 1022 4164 sumciet,
1070 4092 1242 4156 oeulis
1293 4099 1468 4155 acutis
1507 4115 1645 4170 opus
1687 4113 1811 4156 esse
1854 4100 2092 4171 alioquin

521 4189 728 4244 homini
777 4189 856 4245 sic
905 4190 1142 4252 elevato,
1174 4197 1228 4242 ut
1275 4187 1327 4242 in
1373 4201 1431 4244 se
1481 4197 1602 4258 post
1657 4188 2091 4258 assumptiouem

515 4281 667 4336 dare
705 4282 1023 4351 perspiciat,
1059 4282 1396 4336 necessarias
1429 4288 1608 4335 autem
1640 4295 1762 4335 esse
1791 4295 2005 4350 preces,
2033 4291 2092 4337 ut

509 4375 716 4429 exinde
748 4373 925 4444 possit
956 4373 1213 4430 sublimis
1255 4372 1481 4428 humilia
1509 4381 1780 4443 spectare.

589 4509 677 4564 17.
706 4507 874 4563 Porro
901 4507 1290 4563 transeundum
1318 4516 1403 4562 est
1430 4521 1494 4562 ex
1537 4508 1638 4563 hoc
1665 4509 1928 4578 primario
1955 4524 2091 4567 con-
2119 4517 2168 4579 υ

507 4609 708 4671 spectu
748 4603 815 4655 ad
861 4616 924 4656 ea
954 4615 1073 4670 quae
1106 4599 1368 4654 inferiora
1404 4601 1810 4670 humilioraque
1838 4611 1988 4669 sunt,
2036 4603 2092 4658 in

513 4694 762 4762 gratiam
799 4700 1029 4748 texturae
1057 4692 1334 4748 sermonis
1371 4692 1677 4761 variegatae,
1726 4693 1920 4765 hisque
1958 4709 2094 4764 qua-

507 4789 872 4856 ‘libuscunque
915 4799 1009 4856 per
1057 4785 1220 4840 unius
1291 4784 1558 4840 collectivi
1620 4787 1838 4840 modum
1898 4787 2092 4844 immo-

509 4881 772 4944 randum,
807 4893 876 4932 ne
897 4876 1107 4946 longius
1137 4878 1190 4931 in
1238 4875 1532 4946 injucunda
1567 4877 1800 4932 materia
1839 4878 2094 4935 immore-

514 4986 662 5037 ntur,
693 4969 980 5035 siquidem,
1006 4968 1151 5022 velut
1179 4977 1455 5038 portenta,
1474 4970 1552 5023 sic
1572 4979 1626 5024 et
1649 4971 1714 5025 de
1737 4970 1858 5026 istis
1881 4985 2092 5026 sermo-

517 5078 618 5118 nes
650 5062 863 5118 onerosi
896 5069 1042 5118 sunt.
1067 5059 1420 5118 'Suntetiam
1456 5062 1508 5116 iu
1557 5062 1664 5118 illis
1710 5063 1912 5134 passim
1954 5062 2091 5120 locis

514 5157 661 5211 tales
711 5154 970 5210 artiﬁces.
1003 5153 1118 5208 Non
1165 5153 1310 5209 enim
1352 5153 1470 5208 vult
1510 5153 1709 5208 malum
1751 5169 1782 5208 a
1851 5153 2090 5210 minimis

461 5254 463 5257 ’
511 5249 805 5311 absistere,
837 5249 931 5302 sed
959 5263 1056 5317 per
1078 5247 1262 5302 omnia
1304 5247 1422 5302 sine
1476 5245 1765 5302 retinentia
1805 5249 2088 5317 progredi-

513 5350 626 5395 tur.
654 5340 934 5395 Simulatis
968 5339 1170 5409 quippe
1205 5338 1434 5393 malitia:
1463 5337 1738 5406 sophista,
1778 5338 1860 5394 vel
1909 5340 2086 5408 petius

513 5437 679 5487 verba
732 5433 825 5488 Dci
873 5447 1168 5504 usurpans,
1205 5447 1274 5486 ex
1321 5431 1508 5486 verbis
1563 5429 1707 5485 illius
1731 5430 1796 5486 ad
1851 5431 2084 5488 famulos

507 5526 873 5582 daamoniacos
923 5525 1055 5580 illud
1089 5525 1298 5595 profert
1339 5524 1702 5580 adulteratum
1750 5543 1765 5577 -.
1821 5543 1838 5577 ι
1873 5523 2080 5582 Videte.

506 5631 580 5671 ne
631 5618 996 5704 contemnatis
1053 5615 1135 5671 vel
1191 5631 1354 5670 unum
1428 5629 1494 5670 ex
1558 5614 1766 5687 pusillis
1834 5616 1951 5672 istis
1979 5618 2020 5681 ',
2061 5636 2079 5671 ι

575 5848 597 5870 ³
629 5838 813 5896 Matth.
851 5859 1005 5910 xvttt,
1039 5846 1124 5900 i0.

2202 616 2293 656 νον
2348 599 2553 669 ἀρετῆς
2621 596 2924 669 ἀφίδρυμα.
2977 595 3121 668 Πρὸς
3177 595 3287 667 γὰρ
3338 594 3405 650 αὖ
3461 599 3570 660 τοῖς
3601 597 3763 666 ἄλλοις

2203 694 2593 766 προσποιεῖται
2621 694 2648 746 ὁ
2675 692 2962 764 ἄνθρωπος
2995 690 3094 760 τὴν
3115 689 3294 759 ἀρχὴν
3322 690 3416 745 καὶ
3443 689 3503 744 τὸ
3525 694 3760 746 ταπεινὸν

2205 787 2296 840 καὶ
2344 784 2703 857 ἀληθευτικὸν
2726 799 2741 816 ⁶
2773 783 2834 836 es
2864 780 3145 845 ταπεινὸν,
3176 776 3256 845 οἷς
3308 782 3603 854 θεραπεύει
3647 787 3763 856 πρό-

2205 892 2433 943 παντας⁰
2455 877 2516 932 τὸ
2537 877 2914 946 ἀληθευτικδν.
2931 869 3014 935 οἷς
3029 879 3127 931 οὐκ
3147 876 3211 930 ἂν
3226 877 3361 946 φαίη
3383 893 3435 930 τι
3456 876 3675 944 ἀγαθὸν,
3696 882 3758 950 μὴ

2203 969 2374 1035 οὕτως
2394 969 2534 1041 έχον.
2556 971 2600 1024 Π
2611 968 3015 1042 ραγματεὺεται
3037 967 3093 1022 δὲ
3106 967 3439 1037 ὲπιμὰλιστα
3451 969 3554 1039 τὴν
3582 971 3758 1040 καινὴν

2202 1063 2404 1135 ταύτην
2438 1061 3004 1132 δυάδα,ιποδυόμενος
3052 1062 3177 1125 τοὺς
3209 1063 3269 1114 ὲν
3301 1063 3547 1132 μεγίστῳ
3567 1062 3759 1135 βαθμῷ,

2203 1157 2298 1210 καὶ
2331 1155 2740 1226 ἐπιδειξάμενος
2769 1153 2938 1224 αὐτὴν
2961 1155 3018 1208 ὲν
3045 1154 3297 1218 ἐκείνοις,
3323 1153 3419 1207 καὶ
3443 1155 3760 1226 τεθεραπευ-

2204 1248 2335 1310 κώς.
2369 1250 2478 1303 Καὶ
2507 1248 2816 1320 ἀνυψωθεὶς
2843 1248 3074 1318 χρυσαῖν
3103 1241 3192 1300 οἷα
3224 1249 3518 1317 πτερύγοιν
3547 1250 3616 1318 τῇ
3638 1250 3761 1301 κατᾶ

2203 1341 2301 1414 τὴν
2331 1340 2589 1413 ἀλήθειαν
2633 1341 2731 1395 καὶ
2781 1340 3134 1402 ταπείνωσιν,
3165 1338 3400 1408 φιλεῖται
3433 1340 3576 1409 πρός
3594 1355 3650 1392 τε
3674 1340 3760 1408 τῆς

2206 1435 2426 1506 βουλῆς,
2451 1433 2586 1507 πρός
2605 1450 2663 1486 τε
2683 1432 2776 1486 τοῦ
2807 1431 3005 1502 δήμου.
3040 1429 3354 1484 Κὰντεῦϐεν
3370 1429 3516 1485 ἅπαν
3547 1433 3759 1501 πρᾶγμα

2207 1524 2488 1580 πολιτικὸν
2517 1525 2644 1596 ἥκει
2677 1525 2758 1586 είς
2788 1525 2976 1594 χεῖρας
3019 1521 3187 1591 αὐτῷ,
3218 1521 3319 1592 οὐχ
3351 1523 3560 1592 ἥκιστα
3593 1523 3647 1576 δὲ
3678 1523 3761 1576 καὶ

2205 1617 2272 1670 τὰ
2303 1616 2570 1671 ίδιωτικά.
2605 1615 2757 1669 Φιλεῖ
2781 1615 2914 1685 γὰρ,
2941 1616 2990 1668 εί
3025 1615 3122 1668 καὶ⁸
3156 1613 3232 1684 μὴ
3257 1614 3430 1676 ἐσαεὶ,
3468 1615 3528 1678 ἐς
3559 1615 3682 1682 γοῦν
3710 1614 3762 1666 τδ

2208 1709 2365 1775 πολὺ,
2393 1708 2470 1780 τῷ
2500 1707 2882 1778 ἐπιμελομένῳ
2906 1706 3002 1760 τοῦ
3031 1706 3214 1760 κοινοῦ
3241 1705 3759 1777 προσεπιϐάλλεσθαι

2208 1804 2304 1857 καὶ
2336 1801 2368 1873 ή
2409 1802 2519 1856 τῶν
2556 1801 2663 1873 ίδίᾳ
2693 1803 2787 1854 καὶ
2818 1799 3136 1854 καθέκαστα
3188 1800 3514 1870 ἐπιστροφή.
3551 1800 3761 1853 Φοιτῶσι

2212 1896 2342 1966 γοῦν
2376 1893 2508 1966 παρ’
2539 1893 2702 1948 αὑτὸν
2736 1893 2922 1964 μυρίοι
2950 1893 3085 1958 ὅσοι,
3119 1892 3214 1945 καὶ
3243 1893 3367 1945 ὅσαι
3391 1885 3560 1961 ὧραι,
3588 1908 3762 1944 κοινω-

2209 1989 2431 2060 σόμενοι
2471 1987 2601 2059 περὶ
2629 1984 2977 2057 πραγμάτων
3020 1973 3316 2046 παντοίων,
3350 1983 3464 2036 τῶν
3509 1985 3654 2036 κατὰ
3680 1983 3762 2050 γάι

2209 2097 2365 2150 μους,
2401 2079 2513 2132 τῶν
2543 2077 2684 2132 κατὰ
2718 2077 3012 2148 ἐμπορίας.
3043 2076 3160 2129 τῶν
3180 2075 3324 2128 κατὰ
3350 2073 3760 2143 συναλλάγματα

2207 2169 2547 2223 παντοδαπά.
2599 2169 2710 2222 Καὶ
2755 2168 2904 2224 ἔστιν
2963 2167 3148 2230 αὐτοῖς
3183 2168 3211 2219 ὁ
3272 2167 3518 2230 ιπέτειος
3577 2166 3761 2232 ἀγαθὸς

2205 2253 2381 2326 οὗτος,
2412 2260 2472 2314 ὃν
2506 2260 2608 2314 οὒκ
2647 2260 2712 2314 ἂν
2747 2258 2814 2312 τὸ
2839 2256 2993 2312 ἐπιὸν
3021 2256 3322 2313 καταλάὸοι
3360 2257 3480 2320 ἔτος
3511 2256 3763 2324 ἀγαθυνό-

2209 2370 2370 2423 μενον
2391 2370 2406 2386 ο
2439 2351 2738 2424 εῦχρηστος
2769 2351 2855 2420 ἐφ’
2881 2351 3081 2414 ἅπασι,
3115 2349 3248 2419 μηδὲ
3279 2351 3412 2420 μιᾶς
3442 2349 3762 2419 φαυλότητος

2205 2444 2586 2514 ἁλισκόμενος.
2621 2444 2736 2498 Καὶ⁸
2763 2443 2948 2496 τοίνυν
2985 2441 3270 2496 ἀναϐαίνει
3301 2443 3358 2505 ἐς
3383 2443 3507 2495 ὅσον
3528 2441 3627 2495 καὶ
3651 2443 3760 2496 ὅσον

2205 2540 2273 2608 τῇ
2307 2535 2553 2606 εὐκλείᾳ,
2602 2537 2698 2589 καὶ
2739 2535 2940 2605 ’φήμης
2973 2535 3198 2605 πτεροῖς
3243 2533 3643 2604 κουφιζόμενος
3676 2535 3760 2586 οὐκ

2207 2628 2581 2698 ἀναρῥιχᾶται
2607 2628 2882 2696 πονήρως,
2916 2622 3033 2679 ἀλλ’
3061 2624 3324 2694 εὐμαρῶς
3355 2625 3601 2695 αίϐέριος
3629 2626 3758 2679 ἄνει-

2207 2734 2312 2780 σιν,
2343 2717 2418 2778 ὠς
2445 2710 2559 2769 οἷον
2597 2716 2914 2784 πετόμενος.
2962 2715 3132 2768 Ἐπάν
3177 2715 3236 2768 δὲ
3293 2715 3504 2779 πάντας
3544 2715 3759 2785 ἐφελκῦ-

2205 2822 2369 2878 σηται
2390 2806 2468 2878 τῷ
2485 2806 2626 2860 κατὰ
2653 2806 2925 2876 πονηρίαν
2950 2805 3315 2876 μεθοδεύματι
3343 2805 3439 2859 καὶ
3466 2809 3604 2876 πρὸς
3626 2807 3758 2878 αὐτῷ

2203 2902 2402 2956 ἐκεῖνοι
2455 2900 2742 2966 γένωνται,
2777 2899 2871 2952 καὶ
2893 2897 2956 2952 τὸ
2995 2898 3228 2964 ’Δγαθὸς
3257 2901 3284 2951 ὁ
3310 2898 3460 2952 δεῖνα
3494 2899 3755 2970 πανταχοῦ

2201 2991 2311 3046 τῶν
2339 2992 2521 3046 ἐκεῖσε
2549 2988 2948 3061 διαφημιισθείη
2969 3004 2986 3021 ο
3014 2989 3136 3043 τότε
3165 2990 3230 3059 δὴ
3262 2992 3357 3043 τδν
3389 2993 3628 3046 παλαιὸν
3645 2994 3758 3062 And-

2203 3101 2310 3157 κην
2377 3086 2584 3138 ἐκεῖνον
2641 3083 2997 3154 ἁναπολήσας
3045 3084 3188 3153 τάχα
3225 3084 3304 3146 εἰς
3352 3081 3503 3149 νοῦν,
3538 3085 3602 3147 ὃς
3645 3087 3754 3149 τοὺς

2204 3179 2480 3250 ιγχώρους
2498 3173 2694 3241 θέλξας
2714 3179 2782 3246 τῇ
2805 3175 3204 3248 δικαιοπραγίᾳ
3228 3176 3323 3230 καὶ
3345 3179 3412 3248 τῇ
3436 3179 3545 3230 τῶν
3569 3178 3754 3232 κοινῶν

2201 3271 2510 3341 ἐπιμελεὶᾳ,
2529 3269 2625 3323 καὶ
2651 3268 3038 3332 ἀποκαταστὰς
3063 3268 3238 3332 οὕτως
3257 3269 3338 3332 είς
3366 3268 3626 3340 ἄρχοντα,
3649 3267 3758 3325 εἶτα

2199 3365 2433 3421 ιπέδαλε
2466 3361 2773 3434 κρατερῶς,
2808 3355 2890 3425 οἷς
2916 3360 3019 3415 οὐκ
3045 3361 3178 3427 ἔδει,
3232 3362 3635 3430 μεταϐάλλεται
3672 3367 3758 3418 καὶ

2200 3457 2364 3520 αὐτὸς
2397 3450 2743 3527 ὲφίὸμοίοις.
2782 3455 2894 3509 Καὶ
2925 3447 3027 3508 oin.
3047 3453 3348 3508 διατίθεται
3377 3454 3411 3526 ἢ
3466 3458 3567 3527 τὴν
3587 3458 3754 3518 πόλιν.

2199 3551 2268 3622 ἢν
2296 3549 2362 3604 ἂν
2389 3547 2544 3619 λάχοι
2578 3547 2890 3620 περιέπειν,
2917 3547 2950 3617 ἢ
2991 3545 3091 3616 τὴν
3123 3544 3340 3616 κώμην,
3368 3547 3496 3602 καθ’
3523 3550 3592 3620 ἢν
3622 3549 3757 3605 αὖλί-

2201 3644 2380 3706 ζεται,
2413 3640 2446 3710 ἣ
2481 3639 2580 3710 τὴν
2627 3638 2964 3709 κωμόπολιν,
3016 3632 3085 3710 ἦς
3145 3637 3461 3710 ἁπότροφος
3518 3640 3756 3712 ηὔξηται,

2201 3729 2529 3785 ἀναλεκτέον
2561 3729 2661 3800 μεν
2720 3729 2784 3782 ὲκ
2815 3727 2922 3782 τῶν
2949 3728 3206 3799 ἱστοριῶν
3232 3733 3329 3784 καὶ
3367 3731 3481 3783 τῶν
3533 3749 3758 3802 συγγρα-

2201 3823 2341 3894 φῶν,
2373 3819 2832 3893 προσεπιλεκτέον
2862 3820 2918 3876 δὲ
2943 3821 3040 3875 καὶ
3069 3821 3176 3876 ἀπὸ
3201 3822 3311 3876 τῶν
3339 3822 3417 3887 ὡς
3460 3824 3749 3878 ἑκάστοτε*

2199 3915 2373 3987 μυρία
2397 3915 2508 3986 γὰρ
2537 3913 2633 3968 καὶ
2659 3912 2882 3966 τοιαῦτα
2911 3911 3434 3983 προτεθεωρημένα,
3467 3916 3563 3968 καὶ
3595 3915 3752 3970 εἰσέτι

2197 4007 2296 4061 νῦν
2327 4005 2609 4077 βλέπεται.
2657 4005 2824 4076 Ἧμῐν
2852 4004 2907 4058 δι
2933 4004 3110 4056 εἰπεῖν
3157 4004 3408 4075 ἀρκέσει,
3444 4003 3523 4068 ὡς
3570 4007 3753 4075 όψθαλρ

2197 4100 2321 4173 ’μῶν
2355 4099 2528 4164 ὀξέων
2576 4098 2756 4151 δέεται
2788 4095 2881 4150 τοῦ
2923 4096 3112 4149 λοιποῦ
3143 4097 3170 4149 ὁ
3213 4094 3390 4161 οὕτως
3425 4099 3752 4170 ἀνειλημμέο

2198 4208 2311 4257 νος,
2343 4188 2763 4245 ἀναδλεπόντων
2787 4189 2982 4258 τρανὲς
3022 4185 3110 4239 ἐπ’
3140 4186 3301 4240 αὐτὸν
3334 4188 3475 4257 pne
3501 4189 3599 4260 τὴν
3636 4191 3754 4245 ἀνά.

2199 4282 2383 4353 ληψιν,
2413 4281 2570 4353 χρεία
2599 4279 2654 4332 δὲ
2687 4279 2782 4332 καὶ
2805 4277 3006 4351 εὐχῶν,
3037 4276 3228 4342 εῐπως
3263 4277 3480 4333 ἐκεῖθεν
3517 4281 3754 4354 ἐφορεύει

2205 4373 2420 4446 βλέπων
2454 4375 2524 4425 τὰ
2546 4370 2807 4426 ταπεινά.

2267 4507 2354 4574 ιζ’.
2421 4506 2772 4562 Μετασατέον
2829 4504 2894 4576 δὴ
2954 4505 3018 4558 ὲκ
3059 4504 3160 4574 τῆς
3205 4505 3512 4576 κορυφαξας
3565 4507 3754 4576 nam;

2190 4601 2479 4672 περιωπῆς
2503 4599 2666 4655 πάλιν
2695 4599 2787 4651 ἐπὶ
2817 4598 2886 4652 τὰ
2913 4597 3214 4667 κατωτέρω
3247 4599 3340 4652 καὶ
3371 4601 3750 4667 ταπεινότερα,

2189 4693 2493 4764 διαπλοκῆς
2548 4693 2711 4764 χάριν
2769 4691 3117 4759 ποικιλτικῆς
3178 4691 3276 4760 τῆς
3340 4692 3399 4745 ὲν
3445 4693 3614 4762 λόγῳ,
3665 4691 3753 4746 καὶ

2189 4783 2595 4854 ἐνδιατριπτέον
2654 4781 2840 4845 αὐτοῖς
2872 4780 2960 4852 ἐφ’
2985 4782 3283 4835 ὁποσονοῦν
3331 4785 3387 4836 ὲν
3418 4782 3497 4854 τῷ
3533 4782 3750 4836 καθόλου

2193 4873 2598 4948 συλληπτικιῖκ,
2625 4875 2713 4929 ἵνα
2745 4875 2820 4944 μὴ
2865 4875 2922 4938 ἐς
2957 4874 3170 4944 μακρὸν
3203 4874 3468 4943 ἁγλευκεϊ
3497 4892 3750 4945 πραγμαο

2189 4969 2309 5040 τείᾳ
2361 4966 2809 5038 ἐνδιατρίϐωμεν,
2844 4968 3074 5037 ἐπείπερ
3129 4967 3223 5020 καὶ
3256 4969 3530 5038 φορτικοὶ,
3569 4967 3750 5035 ὥσπερ

2191 5059 2260 5114 τὰ
2295 5059 2521 5130 μισητὰ,
2554 5059 2696 5113 οὕτω
2721 5057 2815 5112 καὶ
2861 5057 2909 5111 oi
2943 5058 3072 5128 περὶ
3111 5057 3290 5112 αὐτῶν
3333 5059 3504 5128 λόγοι.
3533 5060 3685 5114 Εἰσὶν
3702 5061 3752 5112 ἐν

2189 5155 2301 5218 τοῖς
2324 5149 2631 5222 ἑκασταχοῦ
2656 5153 2838 5214 τόποις
2874 5151 2967 5206 καὶ
2995 5151 3334 5224 χειροτέχναι
3359 5151 3614 5206 τοιοῦτοι.
3641 5153 3746 5206 Οὐκ

2189 5244 2362 5299 ἐθέλει
2398 5244 2506 5313 γὰρ
2533 5243 2593 5296 τὸ
2625 5242 2795 5297 κακὸν
2826 5242 2950 5296 οὐδὲ
2996 5243 3104 5296 τῶν
3138 5243 3526 5314 σμικροτάτων
3557 5242 3751 5314 ἀπέχε-

2189 5337 2336 5403 σθαι,
2386 5335 2524 5390 ἀλλὰ
2549 5335 2637 5389 διὰ
2672 5336 2890 5389 πάντων
2928 5334 3310 5398 ἀνυποστόλως
3360 5337 3547 5407 χωρεῖ.
3592 5335 3747 5388 Ύπο-

2191 5428 2512 5499 κρινόμενος
2543 5428 2649 5499 γὰρ
2678 5429 2705 5481 ὁ
2731 5428 2994 5498 σοφιστὴς
3027 5427 3126 5496 τῆς
3157 5425 3375 5491 κακίας,
3420 5427 3624 5498 μᾶλλον
3655 5426 3746 5496 μὲν

2189 5518 2283 5576 οὖν
2317 5520 2602 5574 ὑποσυλῶν
2636 5521 2705 5575 τὰ
2735 5519 2829 5575 τοῦ
2880 5519 3020 5573 Θεοῦ
3051 5521 3298 5590 ῥήματα,
3334 5521 3631 5591 παραποιεῑ
3685 5520 3742 5570 ὲκ

2190 5616 2300 5668 τῶν
2332 5615 2540 5669 ἐκείνου
2572 5615 2684 5679 τοῖς
2715 5613 3200 5684 δαιμονοφορήτοις
3258 5610 3626 5685 Θεραπευταῐς
3655 5609 3740 5664 τό’
