3840 6562
148 350 248 413 389

1413 362 1517 423 DE
1550 363 2109 433 SIMULATIONE.

3290 367 3400 433 390

153 468 168 498 ί
210 463 439 559 Ὁρᾶτε,
474 461 559 559 μὴ
589 469 1048 541 καταφρονήσητε
1104 470 1240 542 μηδὲ
1268 471 1399 542 γοῦν
1445 474 1564 539 ἐνὸς
1608 476 1715 531 τῶν

1822 480 1936 536 sive
1960 480 2291 549 hominibus,
2319 482 2436 541 sive
2458 482 2783 543 artiﬁcialis.
2809 485 3018 544 idcirco
3042 486 3133 559 qui
3156 486 3394 545 subsunt

151 556 361 625 μικρῶν
392 557 622 621 τούτων,
658 576 679 609 ι
724 559 834 612 εἴτε
866 559 1197 632 ἀνθρώπων,
1223 563 1333 616 εἴτε
1380 568 1478 619 καὶ
1530 583 1722 637 τεχνυ-

150 650 333 720 δρίων.
365 652 459 703 Arb
491 653 588 705 καὶ
619 653 671 706 oi.
724 655 844 718 ταῖς
874 655 1096 726 τέχναις
1125 660 1562 729 παρυφεστῶτες
1594 662 1726 715 ὑπο-

152 742 359 813 κριταὶ,
390 742 823 817 ἁγαθοπραξιῶν
851 748 1242 820 κατάρχοντες,
1268 752 1371 806 ὅσα
1413 752 1510 807 καὶ
1543 752 1727 806 δελεα-

155 835 402 903 σμάτων,
434 836 529 889 καί
559 854 715 903 τινας
744 841 1040 913 ἀγαθοὺςῆ
1075 843 1170 899 καὶ
1193 843 1370 910 ἄλλως
1400 850 1725 918 περιφανεῖς

148 922 211 975 δι’
239 924 431 978 αὐτῶν
490 927 892 999 θηρασάμενοι,
951 933 1046 985 καὶ
1096 935 1383 1004 ἑπαγωγοὶ
1438 937 1721 1006 φανέντες,

150 1014 348 1072 αὐτίκα
380 1020 788 1089 συνεπάγονται
823 1021 1069 1086 καὶτοὺς
1098 1026 1395 1098 ὲτεροίους.
1440 1027 1724 1100 Είὼθαμεν

154 1110 252 1181 γὰρ
283 1112 336 1163 oi
367 1111 658 1182 ἂνθρωποι
690 1117 809 1178 ταῖς
836 1116 945 1171 τῶν
964 1120 1231 1189 χρηστῶν
1258 1121 1475 1193 ἀνδρῶν
1510 1122 1724 1194 χαίρειν

152 1203 441 1273 μιμήσεσι,
470 1205 660 1259 πολλοὶ
696 1206 753 1260 δὲ
785 1210 880 1262 καὶ
909 1213 1029 1274 ταῖς
1059 1211 1168 1266 τῶν
1210 1212 1398 1275 ἁπλῶς
1433 1212 1722 1285 μειζόνων.

161 1294 410 1373 Ἐπειδὰν
464 1297 523 1349 δὲ
583 1297 811 1364 πλείους
868 1299 1285 1372 ἐπαγάγωνται,
1325 1303 1423 1357 καὶ
1481 1304 1723 1376 οὐδαμοῦ

152 1385 328 1457 φαύλη
372 1386 505 1458 περὶ
535 1388 734 1453 αὐτοὺς
781 1389 1052 1461 ὑπόληψις
1103 1392 1498 1464 προφαίνηται,
1559 1410 1725 1464 μετα-

151 1477 438 1533 6ἀλλονται
469 1479 565 1532 καὶ
602 1478 780 1536 αὐτοί.
808 1481 919 1536 Καὶ
948 1483 995 1535 οἱ
1022 1483 1215 1554 πρῴην
1243 1483 1600 1554 ἁληθευτικοὶ
1628 1486 1725 1540 καὶ

152 1571 527 1641 ἀπράγμονες,
552 1572 650 1625 καὶ
679 1572 816 1637 ὅλως
852 1573 929 1645 μὴ
964 1572 1293 1648 βαρύνοντες
1323 1575 1385 1630 sb
1408 1575 1723 1646 φυλετικὸν,

150 1664 279 1733 μηδὲ
304 1665 434 1729 τοὺς
460 1665 690 1735 μισθοὺς
722 1666 1169 1737 παρατείνοντες,
1198 1668 1293 1722 καὶ
1316 1667 1385 1721 τὰ
1410 1667 1636 1739 τεχνικὰ
1665 1665 1726 1720 δὲ

149 1756 523 1825 ἀκριόοῦντες,
561 1756 656 1811 καὶ
699 1755 846 1811 οὕτω
875 1758 1111 1828 χρηστοὶ
1147 1758 1538 1822 πιστευθέντες
1559 1754 1723 1825 εἶναι,

1822 573 2030 628 artibus
2079 574 2427 632 simulatores
2450 616 2466 645 ,
2510 578 2685 634 bonos
2721 586 2875 635 actus
2920 578 3206 649 ﬁngentes,
3240 582 3393 650 quasi

1826 664 2208 734 illeetamenta,
2233 669 2606 739 quosdamque
2631 671 2802 727 bonos
2834 671 2920 725 vel
2950 670 3109 727 aliter
3154 671 3395 742 insignes

1825 759 1963 814 inter
2001 759 2152 830 ipsos
2190 761 2391 827 venali,
2427 761 2721 833 blandique
2757 763 2924 820 duces
2974 764 3099 829 visi,
3132 764 3394 820 continuo

1823 851 1927 907 sibi
1960 853 2168 909 sociant
2191 861 2248 909 et
2273 852 2436 910 alios.
2474 853 2725 911 Solemus
2754 855 2901 925 enim
2943 854 3192 911 homines
3224 855 3400 910 bono-

1826 958 1945 999 rum
1979 943 2282 1001 inuitatione
2310 945 2576 1011 virorum,
2606 946 2898 1018 pluresque
2927 946 3252 1017 simpliciter
3274 962 3394 1002 ma-

1818 1033 1998 1104 jorum
2035 1034 2338 1092 imitatione
2372 1036 2631 1109 gaudere.
2671 1038 2967 1107 Postquam
2993 1047 3177 1094 autem
3226 1037 3394 1109 pluri-

1826 1141 1947 1182 mos
1969 1127 2071 1183 sibi
2098 1127 2432 1197 junxerunt,
2464 1139 2521 1186 et
2559 1130 2786 1186 minime
2814 1147 2976 1201 prava
3014 1132 3229 1188 videtur
3251 1132 3395 1202 apud

1825 1217 1942 1273 illos
1961 1219 2327 1287 congregatio,
2355 1230 2629 1275 mutantur
2650 1230 2707 1276 et
2738 1220 2853 1277 isti.
2878 1221 2982 1288 Qui
3002 1223 3153 1292 prius
3171 1237 3393 1278 veraces

1831 1318 1888 1363 et
1916 1308 2139 1378 sinceri,
2175 1326 2281 1365 non
2312 1309 2537 1366 omnino
2564 1313 2906 1367 contribules
2931 1313 3254 1384 gravabant,
3298 1327 3396 1367 nec

1826 1394 2147 1450 detinebant
2183 1398 2489 1465 mercedes,
2530 1400 2622 1455 sed
2659 1412 2778 1456 arte
2828 1400 2970 1456 facta
3017 1402 3308 1467 curabant,
3341 1413 3395 1457 et

1826 1487 1906 1542 sic
1935 1488 2087 1558 probi
2140 1501 2263 1543 esse
2309 1488 2694 1557 credebantur,
2732 1493 2932 1546 bonum
2977 1492 3197 1556 quidem
3230 1506 3396 1561 super

1825 1578 2041 1635 divitias
2079 1579 2335 1634 habuisse
2380 1594 2573 1635 nomen
2659 1582 2883 1638 minime
2921 1592 3127 1651 amant,
3173 1583 3397 1639 cuilibet

1826 1678 2009 1724 autem
2062 1669 2395 1740 improbitati
2448 1680 2504 1727 et
2549 1671 2835 1727 inhonesto
2881 1673 3112 1742 quzestui
3164 1672 3394 1738 cedunt;

1826 1762 2259 1830 prtesertimque,
2292 1762 2337 1817 si
2375 1774 2523 1819 sorte
2558 1766 2828 1835 contingit
2857 1766 2989 1834 ipsis
3020 1773 3077 1819 ut
3109 1764 3395 1818 architecti

152 1847 367 1916 μισοῦσι
398 1848 500 1917 μὲν
531 1850 707 1919 ὄνομα
739 1849 1043 1920 κεκτῆσθαι
1083 1850 1250 1907 καλὸν
1303 1850 1444 1921 ὑπὲρ
1469 1849 1715 1915 πλοῦτον1

1829 1849 1938 1905 sint
1971 1859 2026 1905 et
2069 1850 2305 1919 publicis
2355 1853 2580 1921 praesint
2623 1856 2902 1922 cperillus,
2938 1855 3081 1909 inter
3129 1854 3232 1907 alia
3280 1868 3400 1921 quae

149 1938 389 2006 γίνονται
416 1940 476 1993 δὲ
517 1942 803 2013 βδελυρίας
848 1941 1071 2013 ἁπάσης
1103 1940 1200 1996 καὶ
1225 1941 1452 2013 κέρδους
1487 1941 1718 2013 αίσχροῦ

149 2033 367 2102 ἥττονες
389 2049 406 2064 ·
439 2035 535 2087 mi.
597 2034 820 2104 μᾶλλον,
853 2034 1012 2104 εῐπερ
1046 2035 1457 2105 ἀρχιτεκτονεῖν
1509 2034 1719 2101 λάχωσι

152 2125 235 2178 καὶ
262 2125 545 2196 δημοσίων
573 2126 962 2196 προΐστασθαι,
995 2125 1132 2181 ἄλλα
1161 2141 1225 2178 τε
1264 2124 1721 2197 πλημμελοῦντες

152 2216 354 2281 ἀνόσια,
382 2216 481 2271 καὶ
504 2218 630 2280 τοὺς
657 2217 965 2289 ὑπουργοὺς
986 2214 1361 2281 κολοϐοῦντες,
1389 2208 1467 2269 ὧν
1497 2214 1723 2286 μισθοῦ-

154 2326 263 2363 νται
286 2324 301 2338 °
355 2309 409 2363 οἳ
446 2310 676 2380 φέρουσι
731 2311 831 2381 μὲν
861 2310 1077 2382 βαρέως
1122 2308 1477 2380 κολουόμενοι
1504 2307 1602 2362 τοῦ
1631 2326 1721 2378 μι-

155 2403 292 2469 σθοῦ,
326 2403 665 2473 ὑπομένουσι
692 2404 748 2459 δὲ
776 2405 900 2468 τοὺς
924 2396 1204 2467 τοιούτους
1230 2401 1593 2475 ἐργολάϐους,
1632 2402 1719 2456 δε-

151 2497 313 2559 διότες
341 2493 435 2550 οἷα
461 2496 648 2567 βαρεῖς
708 2496 1102 2568 ἑργεπείκτας,
1151 2496 1202 2550 εί
1239 2498 1317 2567 μὴ
1363 2495 1459 2550 τοῦ
1490 2494 1719 2567 κέρδους

152 2592 488 2662 ὲκχωροῠσιν
522 2591 733 2653 αὐτοῖς.
764 2592 877 2644 Καὶ
907 2591 1020 2662 μὴν
1052 2590 1149 2644 καὶ
1183 2591 1232 2644 οἱ
1265 2591 1327 2643 ὲν
1374 2591 1488 2654 τοῖς
1537 2587 1716 2642 τοιού-

151 2700 253 2747 τοις
281 2686 462 2738 είσέτι
493 2683 655 2738 πλέον
703 2684 1192 2756 μικροῦποκριταὶ,
1241 2683 1291 2738 οἳ
1323 2683 1449 2747 τοὺς
1486 2682 1718 2754 χάλικας

150 2776 339 2847 δηλαδὴ
372 2775 848 2847 παραφοροῦντες,
877 2776 971 2829 καὶ
994 2776 1089 2831 τὸν
1114 2774 1289 2847 πηλὸν
1316 2774 1351 2847 ἢ
1382 2774 1481 2846 τὴν
1500 2773 1716 2828 τίτανον

152 2873 526 2943 όργαζόμενοι,
579 2872 677 2935 τὰς
704 2872 881 2943 ἀρχὰς
931 2873 1052 2943 μὲν,
1087 2873 1179 2927 ὅτε
1218 2870 1571 2944 γνωρισθῶσι
1595 2870 1709 2933 τοῖς
1750 2866 2154 2939 ὲργοδοτοῦσιν,
2190 2866 2409 2940 εὐήθεις

1825 1941 2171 1996 committunt
2232 1940 2505 2009 facinora,
2578 1944 2969 1999 submissornm
3028 1945 3397 2014 cperariorum

1825 2033 2107 2087 mercedes
2134 2032 2407 2088 mutilant.
2440 2033 2535 2089 Isti
2590 2036 2807 2105 quidem
2848 2050 2992 2105 aegre
3040 2035 3219 2088 ferunt
3258 2050 3400 2089 mer-

1826 2123 1958 2179 cede
1989 2122 2263 2190 frustrari,
2292 2126 2386 2180 sed
2425 2125 2735 2197 huiusmodi
2764 2127 3126 2181 ceriductorcs
3166 2142 3394 2194 operum

1826 2216 2115 2285 sustinent,
2151 2232 2343 2288 graves
2385 2232 2479 2273 eos
2538 2218 2786 2273 timentes
2831 2218 3079 2273 laborum
3113 2228 3399 2273 exactores

1829 2307 2066 2374 habere,
2104 2308 2207 2364 nisi
2248 2309 2394 2379 quod
2436 2308 2538 2364 sibi
2572 2309 2780 2364 lucrum
2833 2302 3225 2364 retineant.'Et
3268 2322 3399 2363 vero

1824 2409 1954 2456 sunt
2000 2399 2058 2455 in
2102 2401 2299 2457 talibus
2357 2416 2463 2456 non
2520 2400 2812 2455 admodum
2866 2401 3252 2466 simulatores;
3306 2400 3397 2469 qui

1831 2491 2050 2563 lapillos
2080 2491 2286 2548 scilicet
2315 2490 2567 2558 afferunt,
2615 2492 3045 2560 mortarinmque
3070 2492 3160 2546 ’ac
3191 2490 3395 2546 calcem

1824 2583 2097 2649 molliunt,
2124 2584 2281 2639 initio
2314 2584 2555 2653 quidem,
2601 2584 2965 2654 partientibus
2994 2598 3159 2651 opera
3200 2584 3394 2639 viden-

1825 2677 2403 2748 turprobisincerique
2439 2693 2549 2749 pra:
2569 2694 2628 2734 se
2645 2678 2832 2733 ferunt
2887 2678 3153 2748 Speciem,
3183 2675 3395 2732 brevis-

1821 2770 1958 2826 sime
1980 2784 2110 2827 vero
2132 2780 2318 2839 postea
2343 2772 2399 2828 in
2421 2772 2756 2829 contrarium
2781 2778 3212 2826 commutantur.

2490 2869 2587 2925 καὶ
2637 2866 2897 2923 ἀπλοῖκοὶ
2937 2864 3235 2921 τυποῦνται
3299 2861 3400 2935 τὴν

155 2969 289 3033 θέαν,
330 2969 537 3039 μικρὸν
581 2967 641 3023 δὲ
668 2968 793 3021 ὅσον
820 2967 1250 3034 ὲξαλλάσσουσιν
1279 2967 1508 3032 ἑαυτοὺς
1538 2967 1619 3031 εἰς
1654 2964 1726 3019 τὰ
1764 2964 2028 3036 ἔμπαλιν.

216 3069 300 3134 ιη’.
357 3063 521 3115 Οὕτω
572 3060 859 3118 κάνταῦθα
914 3061 1339 3135 σμικροπρεπὴς
1399 3063 1434 3133 ἡ
1487 3060 1718 3129 τοιαύτη

1898 3062 1987 3118 18.
2025 3062 2117 3120 Sic
2145 3073 2199 3119 et
2233 3063 2309 3120 ibi
2340 3077 2502 3135 parca
2532 3060 2802 3132 reperitur
2827 3056 3141 3130 huiusmodi
3166 3054 3396 3111 malitiae

155 3159 325 3221 κακία,
357 3156 471 3222 ἴνα,
503 3154 695 3226 ὥσπερ
730 3156 838 3212 ὑπὸ
867 3159 1033 3212 παντὶ
1052 3156 1191 3228 λίθῳ
1218 3155 1515 3227 σκορπίους
1550 3171 1715 3208 κατα-

1826 3161 1905 3218 ιιι,
1964 3156 2420 3225 quemadmodum
2474 3153 2576 3209 sub
2640 3151 2790 3208 omni
2844 3150 3022 3221 lapide
3084 3148 3401 3217 scorpiones

153 3252 429 3321 δαρθάνειν
451 3224 825 3321 φαμὶνίοῦτω
854 3253 950 3307 καὶ
974 3250 1080 3304 ὑπὸ
1109 3224 1274 3305 παντὶ
1305 3224 1490 3319 σχεδόν
1529 3266 1586 3302 τι
1616 3249 1713 3301 ἀνω

1823 3224 2118 3301 dormitare
2139 3246 2393 3308 dicimus.
2426 3246 2507 3301 sic
2536 3245 2700 3300 etiam
2728 3245 2828 3299 sub
2854 3243 3001 3299 omni
3027 3241 3144 3296 fere
3175 3240 3403 3296 homine

155 3343 344 3413 θρὼπῳ
409 3344 704 3414 ὑπόκρισιν
764 3342 1089 3412 ἑνδομυχεῖν
1121 3342 1374 3411 λέγωμεν
1400 3358 1415 3374 °
1459 3341 1525 3413 ην
1550 3340 1604 3393 εῐ
1630 3356 1715 3403 τις

154 3436 369 3504 ὶλλάτως
391 3435 699 3505 δυσφημεῖν
721 3434 1117 3505 προσθήσεται,
1148 3432 1294 3487 εἴποι
1318 3432 1408 3500 ἂν,
1436 3432 1511 3497 ὼς
1536 3432 1711 3503 ἀρετὴ

159 3528 391 3597 δαίμονός
418 3531 560 3596 ἐστι,
592 3528 794 3591 κακίας
837 3526 1032 3590 κάλλος
1062 3524 1317 3594 ὕπουλον,
1359 3524 1713 3596 πραγματεία

157 3620 558 3691 αἰσχροκερδὴς,
596 3620 711 3673 ἔσθ’
742 3620 884 3673 ὅπου
910 3617 968 3672 δὲ
999 3619 1094 3673 καὶ
1132 3617 1371 3690 ἀκερδὴς
1403 3616 1541 3672 Θεοῦ
1580 3634 1713 3689 προ-

159 3711 293 3783 νοίᾳο
317 3712 577 3784 βδελυρία
606 3711 1182 3783 παρακεκαλυμμένη,
1208 3713 1551 3782 σκιαγραφία
1578 3726 1714 3783 χρη-

161 3803 421 3874 στότητος,
449 3802 729 3873 ἀγαθότης
773 3802 1239 3873 ψευδεπίγραφος,
1271 3801 1549 3863 ἀπωλείας
1576 3802 1711 3855 λάκ-

163 3906 244 3954 κος
268 3892 614 3964 ὴνθισμένος,
646 3893 723 3955 ὡς
754 3892 852 3949 καὶ
877 3892 1166 3948 λανθάνειν
1189 3907 1203 3923 ⁸
1242 3890 1421 3961 γελῶν
1452 3891 1710 3959 θάνατος,

164 3984 346 4056 πικρία
389 3985 737 4055 μελιτόεσσα,
787 3986 980 4047 σκότος
1011 3983 1334 4057 ψηλαφητδν
1385 3984 1486 4055 μὲν
1533 3984 1711 4049 ἄλλως

162 4077 261 4139 τοῖς
307 4075 379 4147 μὴ
420 4077 705 4147 ἑχέφροσι,
742 4076 979 4146 φευκτὸν
1033 4076 1092 4130 δὲ
1136 4078 1251 4141 τοῖς
1284 4075 1706 4148 βαθυγνώμοσιο

162 4165 255 4237 imp
304 4167 631 4237 σαρκοὸόρος
699 4167 976 4239 προβάτου
1003 4207 1020 4233 ,
1080 4168 1521 4241 περιτεθειμένος
1591 4166 1712 4221 κὼ-

160 4258 287 4310 διον·
326 4260 507 4330 Δῖδης,
556 4252 619 4313 οὗ
651 4260 969 4331 προλάμπει
998 4260 1112 4332 ζωή
1139 4278 1153 4293 ο
1209 4261 1326 4332 φῶς
1371 4261 1708 4326 ἐπιπολάζον

164 4350 303 4420 βαθεῖ
323 4351 517 4422 σκότῳ,
545 4350 774 4421 ἀλώπηξ
793 4351 935 4421 λόγῳ
960 4352 1023 4406 τὸ
1040 4352 1266 4407 δύσνουν
1288 4352 1673 4422 ἐπικοσμοῦσα
1688 4367 1704 4383 ·

167 4439 235 4501 ib;
277 4440 552 4508 γλυκάζων
585 4442 685 4511 μὲν
736 4444 804 4513 τῇ
860 4444 1135 4515 προφορᾷ,
1199 4443 1490 4509 πικράζιον
1534 4443 1592 4497 δὲ
1638 4445 1707 4515 τῇ

164 4530 347 4603 φθορᾷ·
378 4534 612 4601 γλυκεῖα
638 4532 841 4605 σφαγὴ,
877 4534 1077 4600 ἄλυπος
1128 4534 1376 4606 ὄλεθρος,
1410 4534 1567 4603 λόγος
1612 4534 1708 4588 θα·-

165 4624 391 4693 νατηρδς,
421 4624 645 4689 ἄοπλος,
686 4626 782 4692 νὺξ
808 4627 911 4680 οὐκ
945 4626 1350 4697 ἀναπαύσιμος.
1377 4627 1507 4680 σκιά
1544 4624 1709 4681 θανάο

169 4729 326 4782 σιμος,
357 4716 539 4786 ἔχιδνα
586 4716 852 4788 ὑφειμένη
902 4719 1243 4789 αἱμοχαρήςο
1282 4718 1501 4790 δράκων
1538 4718 1708 4774 τᾶλλα

168 4803 255 4872 μὲν
286 4805 638 4877 βροτολοιγὸς,
672 4809 766 4862 καὶ
805 4807 948 4862 οὕτω
993 4809 1251 4881 σκληρὸς,
1307 4811 1584 4880 μαλθακὸς
1647 4809 1706 4865 δὲ

169 4891 226 4944 τὰ
251 4896 320 4956 εἰς
348 4896 545 4965 χρυσὸν
574 4897 716 4950 κατὰ
742 4897 833 4950 τὸν
859 4897 1257 4970 Θρυλλούμενον
1286 4900 1704 4970 χρυσοφύλακα.

168 4980 283 5050 Λίχα
304 4985 405 5055 γὰρ
433 4986 601 5055 ἄλλης
629 4985 967 5058 φαυλότητος
997 4990 1090 5042 καὶ
1111 4990 1458 5060 χρυσομανὲς
1490 4992 1551 5046 τδ
1576 4993 1708 5046 ὐπο-

166 5075 383 5141 κριτικδν
413 5076 601 5145 φῦλον,
631 5080 726 5132 καὶ
765 5078 883 5133 λίαν
935 5082 1076 5136 πάνυ
1114 5083 1406 5152 κερδαλέον
1427 5097 1440 5111 ·
1474 5088 1571 5139 καὶ
1601 5085 1703 5139 οὐκ

172 5163 231 5215 ἃν
252 5166 445 5233 οὐδενὸς
480 5170 671 5241 ἐτέρου
701 5172 919 5243 πρίαιτό
975 5191 1062 5237 τις
1107 5176 1209 5246 τὴν
1246 5176 1412 5231 αὑτοῦ
1462 5176 1701 5243 εὔνοιαν,

169 5254 243 5308 ὅτι
270 5259 337 5328 μὴ
360 5261 584 5331 χρυσοῦ,
624 5262 719 5317 καὶ
742 5266 909 5319 αὑτοῦ
945 5265 1188 5337 συνεχῶς
1221 5269 1661 5339 ἑπαντλουμένου
1687 5286 1702 5304 ’

168 5339 258 5407 ὧς.
285 5346 429 5421 εἴπερ
456 5350 632 5420 λείψοι
664 5354 817 5423 ποτὲ,
854 5358 1275 5413 συνεπιλέλοιπε
1308 5361 1403 5414 καὶ
1429 5363 1461 5431 ἡ
1487 5359 1701 5414 εὔνοιαν

171 5433 294 5522 καθὰ
330 5441 419 5493 καὶ
450 5444 517 5512 τῇ
557 5442 753 5518 λυχνία
785 5446 1178 5521 ἐπιλειπούσης
1226 5451 1327 5521 τῆς
1361 5450 1707 5522 ὲξαπτούσης

174 5521 305 5599 ὕλης.
334 5535 634 5609 σνναπῆλθε
662 5539 756 5593 καὶ
779 5539 838 5594 τὸ
867 5539 936 5598 δι’
965 5543 1182 5614 ἐκείνης
1209 5542 1485 5616 λαμπρόν.

1821 3338 2230 3395 simulationem
2317 3338 2531 3392 latitare
2604 3335 3045 3407 pronuntiemus.
3112 3331 3285 3399 Quam
3349 3331 3397 3388 si

1818 3431 1944 3502 quis
1989 3446 2054 3487 ex
2105 3430 2383 3500 proposito
2441 3428 2601 3483 vellet
2658 3426 2960 3491 dill'amare,
3010 3425 3216 3480 diceret
3253 3424 3402 3494 quod

1818 3531 1903 3578 est
1947 3521 2151 3577 diaboli
2199 3521 2395 3586 virtus,
2450 3518 2709 3577 simulata
2758 3518 2978 3573 malitiae
3028 3516 3395 3587 pulchritudo,

1821 3614 2070 3686 probrosi
2098 3615 2395 3685 negotiatio
2439 3615 2689 3681 lucrosa,
2725 3613 2820 3667 sed
2853 3620 3104 3681 respectu
3144 3608 3240 3663 Dei
3273 3608 3397 3664 sine

1819 3705 2010 3772 lucro;
2064 3705 2305 3776 nequitia
2358 3704 2553 3767 velata,
2606 3701 2929 3758 adumbrata
2987 3697 3242 3753 utilitatis
3300 3697 3396 3750 de-

1814 3797 2062 3869 scriptio,
2126 3796 2387 3854 bonitatis
2434 3794 2809 3857 simulaerum,
2864 3789 3185 3864 perditionis
3243 3789 3397 3842 lacus

1815 3888 2059 3956 ﬂoribus,
2091 3905 2157 3945 ne
2212 3897 2491 3955 cernatur,
2545 3900 2913 3957 conspersus,
2970 3898 3115 3937 mors
3176 3879 3398 3944 ridens,

1817 3980 2121 4054 amaritudo
2188 3979 2425 4043 mellita,
2501 3976 2732 4032 tenebrae
2796 3973 3093 4044 palpabiles
3157 3969 3239 4025 vel
3299 3969 3398 4023 ho-

1817 4074 2056 4129 minibus
2092 4087 2198 4128 non
2237 4071 2546 4140 sagacibus,
2572 4071 2669 4127 sed
2701 4068 2963 4138 fugiendae
2996 4054 3350 4134 prudentibus
3374 4077 3395 4120 .-

1818 4166 1931 4221 l‘era
1962 4164 2142 4218 carnis
2174 4164 2333 4219 ovilis
2363 4176 2553 4228 vorax,
2581 4160 2919 4217 circumdata
2968 4155 3192 4219 vellere,
3229 4153 3402 4208 infer~

1817 4274 1940 4325 nus,
1966 4268 2093 4313 ante
2126 4270 2286 4325 quem
2331 4253 2587 4325 praelucet
2627 4254 2782 4319 vita;
2829 4251 3015 4306 lumen
3058 4262 3222 4317 super
3266 4261 3391 4316 pro-

1812 4351 2012 4407 fundas
2051 4349 2304 4404 tenebras
2334 4345 2612 4412 volitans;
2664 4343 2854 4412 vulpes
2894 4352 3147 4396 sermone
3195 4336 3395 4391 malam.

1817 4441 2176 4501 intentionem
2225 4452 2541 4504 exornans;
2593 4435 2789 4506 sagitta
2839 4430 2978 4487 lenis
3014 4429 3229 4500 quidem
3270 4442 3395 4496 pro-

1817 4533 2178 4599 nuntiatione,
2228 4531 2320 4588 sed
2369 4542 2556 4584 amara
2609 4525 3003 4593 corruptione;
3057 4516 3229 4574 dulcis
3279 4525 3394 4569 truc

1816 4627 2040 4694 cidatio,
2079 4624 2251 4681 hilare
2298 4622 2526 4687 lethum,
2579 4618 2727 4674 acies
2777 4614 3027 4672 lethifera
3057 4611 3175 4666 sine
3201 4607 3391 4669 armis,

1814 4736 1921 4776 nox
1957 4734 2063 4774 non
2094 4717 2159 4771 ad
2189 4715 2606 4786 quiescendum,
2651 4709 2894 4766 mortalis
2954 4704 3171 4770 umbra,
3205 4703 3391 4772 vipera

1809 4812 2071 4882 sanguine
2126 4811 2383 4882 gaudens,
2413 4804 2714 4870 submissa;
2763 4804 2948 4865 draco,
2983 4797 3162 4868 quoad
3192 4803 3393 4849 caetera

1811 4902 2030 4976 quidem
2081 4901 2326 4955 mortifer
2383 4909 2545 4967 atque
2593 4895 2782 4960 durus,
2833 4892 2927 4949 sed
2963 4890 3116 4960 juxta
3152 4885 3396 4943 celebra-

1812 5005 1924 5052 tum
1979 4990 2467 5063 chrysophylacem
2542 4986 2720 5043 mollis
2778 4985 2848 5039 ad
2906 4996 3125 5037 aurum.
3181 4980 3390 5032 Praeter

1810 5089 1953 5144 enim
1986 5087 2148 5142 aliam
2179 5083 2524 5155 pravitatem,
2576 5078 2957 5135 simulatorum
2985 5087 3157 5144 genus
3184 5069 3389 5125 insanit

1808 5195 1942 5236 auro
1969 5179 2229 5248 valdeque
2261 5177 2531 5230 lucrosum
2573 5181 2654 5228 est
2686 5188 2701 5236 ;
2737 5177 2792 5226 et
2837 5183 2944 5223 non
2977 5166 3086 5221 alio
3138 5176 3386 5232 quocun-

1809 5288 1914 5343 que
1940 5268 2373 5326 benevolentiam
2416 5266 2534 5335 ejus
2577 5263 2776 5333 aliquis
2812 5263 3050 5328 iemeret,
3096 5256 3198 5312 nisi
3227 5269 3382 5319 auro,

1807 5377 1984 5432 eoque
2019 5361 2276 5417 continue
2314 5357 2579 5431 profuso;
2617 5355 2754 5410 adeo
2790 5360 2887 5418 ut,
2923 5351 2971 5407 si
3006 5346 3222 5419 quando
3248 5344 3391 5399 dell-

1811 5462 1983 5518 ceret,
2018 5452 2277 5508 deﬁceret
2303 5452 2467 5507 etiam
2498 5444 2902 5510 benevolentia,
2934 5436 3385 5513 quemadmodum

1812 5547 2068 5611 lucernae,
2099 5540 2386 5602 deﬁciente
2418 5558 2540 5618 quae
2573 5542 2754 5614 ignem
2785 5536 2873 5593 dat
2920 5534 3168 5592 materia.
3222 5527 3386 5584 simul

1813 5636 2058 5694 aufertur
2084 5637 2288 5694 lumen.
