3788 6556
413 361 518 430 391

494 485 580 540 19.
614 481 764 540 istud
821 479 1024 538 malum
1069 481 1236 538 etiam
1294 485 1605 552 nuptiarum
1654 480 1815 537 bonis
1874 477 2084 542 insi-A

422 580 603 634 diatur
648 595 663 632 :
713 575 908 631 mulier
951 575 1095 631 enim
1141 577 1376 644 coniugii
1411 575 1673 630 simulans
1721 571 2013 629 continen-

425 673 578 734 tiam,
611 671 677 727 ad
699 671 985 726 mmchiam
1017 669 1334 723 inardescit.

493 765 584 820 2t).
624 764 771 820 Istud
809 763 1142 833 proditiones
1202 761 1433 823 invenit.
1476 771 1526 816 et
1567 773 1687 815 cum
1720 759 1863 822 aliis.
1913 772 2009 826 pa-

422 855 648 908 triarum
684 853 1035 922 proditiones.
1070 851 1278 907 Etenim
1326 851 1542 906 sincere
1569 859 1838 912 amantes.
1873 847 2014 904 ami-

422 959 540 1011 cus,
598 946 814 1010 socius,
877 943 1091 1009 aiilnis,
1154 942 1331 1007 civis,
1384 941 1621 1008 amicos,
1681 949 2010 1008 consortes,

424 1037 798 1101 contribules,
848 1035 1102 1091 concives
1152 1041 1419 1102 tuentur;
1471 1033 1564 1104 qui
1628 1048 1758 1089 vero
1809 1048 2014 1104 caupo.

426 1140 618 1185 nantes
647 1131 971 1184 charitatem
1013 1129 1485 1193 adulteraverunt,
1521 1127 1843 1198 plerumque
1891 1128 2012 1198 qui-

426 1227 548 1280 dem
579 1225 645 1279 ad
683 1226 912 1291 lucrum,
955 1239 1082 1278 raro
1113 1239 1240 1278 vero
1287 1223 1470 1292 gloriae
1510 1237 1699 1288 causa,
1730 1223 2007 1290 amicitiae,

428 1319 705 1387 totiusque
757 1315 1183 1380 communitatis,
1243 1323 1298 1370 et
1351 1315 1592 1386 generis,
1652 1323 1707 1370 et
1764 1314 2008 1387 ejusdem

425 1410 666 1480 regionis
695 1409 892 1464 civium
923 1406 1222 1464 adversarii
1252 1406 1414 1466 ﬁunt.

495 1593 586 1648 2i.
646 1593 752 1648 Alii
820 1592 1188 1648 simulationis
1247 1591 1472 1648 eﬂ'ectus
1547 1600 1675 1646 sunt
1743 1589 2007 1647 absconsa

422 1687 731 1743 latrocinia.
785 1685 898 1741 Non
937 1687 1197 1741 audentes
1230 1686 1374 1741 enim
1431 1685 1720 1740 homicida:
1772 1699 2006 1756 pugnam

423 1779 488 1832 ad
522 1778 718 1832 faciem
780 1778 938 1842 inire,
975 1777 1132 1833 aliter
1181 1775 1555 1842 insidiantur;
1603 1786 1658 1831 et
1707 1775 2010 1830 insimula-

423 1872 571 1926 tione
599 1870 811 1925 consilii
841 1886 946 1925 non
980 1870 1129 1935 mali,
1182 1869 1361 1924 subito
1390 1868 1606 1938 quidem
1660 1869 2009 1939 hypocriscos

425 1976 714 2030 personam
743 1969 974 2026 exuunt,
1002 1974 1150 2014 arma
1191 1958 1366 2029 palam
1401 1959 1702 2028 stringunt,
1721 1964 1776 2012 ct
1805 1959 1878 2014 ita
1909 1957 2009 2014 sibi

421 2053 619 2124 placita
649 2053 947 2121 camplent.

492 2147 586 2202 22.
638 2145 998 2218 ilypocriseos
1064 2144 1259 2201 nebula
1309 2143 1718 2214 speculatorum
1784 2144 2011 2202 insidias

422 2239 773 2305 obumbrans,
809 2237 1033 2309 grandia
1070 2236 1209 2292 mala
1237 2244 1293 2292 et
1310 2237 1641 2293 exercitibus
1688 2245 1746 2293 et
1788 2236 2013 2292 urbibus

422 2332 607 2388 infert.

489 2426 583 2480 23.
619 2422 910 2480 Simulatio
959 2421 1213 2478 amicitiae
1272 2420 1541 2477 celebrem
1589 2428 1806 2491 qualine
1856 2421 2010 2477 exci-

423 2517 560 2570 tavit
587 2514 1003 2570 Semiramidem
1039 2513 1304 2567 adversus
1335 2512 1626 2568 Persarum
1669 2527 1873 2582 regem,
1901 2529 2008 2568 non

421 2608 596 2684 solum
665 2607 978 2668 innocmrm,
1024 2603 1118 2658 sed
1174 2614 1230 2658 et
1282 2605 1704 2658 amicissimum.
1776 2603 2008 2659 Perﬁdia

428 2695 649 2751 Sinonis
689 2708 940 2764 maguum
978 2691 1341 2762 Troianorum
1375 2693 1496 2746 urbi
1551 2691 1750 2745 malum
1804 2691 2007 2748 intulit.

423 2785 623 2840 Verum
650 2785 723 2839 ibi
745 2785 810 2838 de
834 2785 1014 2853 ligneo
1042 2797 1182 2853 equo
1209 2783 1406 2855 aliquis
1431 2781 1583 2852 iusto
1605 2785 1725 2854 plus
1743 2785 2010 2843 extollens

425 2877 718 2932 artiﬁcium
749 2915 765 2942 ,
818 2876 965 2930 dicat
1032 2891 1137 2930 non
1204 2876 1696 2932 dissimulationem
1746 2878 2007 2948 perﬁdam

424 2971 566 3024 istud
598 2983 735 3039 opus
772 2965 1099 3038 perfecisse,
1140 2965 1223 3020 vel
1254 2975 1313 3020 ut
1347 2966 1660 3022 distinctius
1688 2967 2006 3037 loquamur,

424 3081 531 3120 non
563 3065 908 3134 sapientiam,
948 3063 1302 3135 hypocriseos
1348 3062 1490 3128 loco,
1543 3061 1705 3134 hujus
1743 3063 2005 3121 facinoris

1145 361 1572 427 EIiSTATHII
1605 359 2005 426 THESSALO

2124 359 2371 425 ZENSIS
2405 361 2976 427 ΜΕΤΒΟΡΟΙᾸΤΕ.

3577 364 3685 428 392

2184 479 2271 536 tli'.
2305 480 2477 534 Τοῦτο
2501 482 2563 535 τὸ
2584 481 2757 536 κακδν
2782 479 3058 553 ινεδρεύει
3085 478 3182 536 καὶ
3219 480 3336 543 τοῖς
3377 476 3475 534 τοῦ
3509 478 3684 552 γάμου

2112 571 2324 636 κα)οἴς.
2365 571 2509 642 Γυνὴ
2561 573 2672 644 γάρ
2721 572 3134 642 ὑποκρινομένη
3161 571 3226 625 τὸ
3268 571 3373 640 τῆς
3431 571 3686 640 συζυγίας

2114 664 2482 736 εὐάρμοστον,
2517 665 2969 736 οίστρηλατεῐται
2997 666 3079 728 είς
3110 664 3379 735 μοιχικόν.

2184 765 2254 815 κ’.
2303 759 2477 814 Τοῦτο
2528 759 2628 820 τὰς
2670 758 2967 828 προδοσίας
2997 757 3208 829 ἐξεῦρε,
3243 759 3342 824 τάς
3387 775 3447 812 τε
3503 757 3681 826 ἄλλας,

2113 850 2211 904 καὶ
2236 850 2338 915 τὰς
2371 850 2480 904 τῶν
2518 851 2816 921 πατρίδων.
2849 851 3059 921 Ὀρθῶς
3081 850 3183 918 μὲν
3209 849 3321 922 γάρ
3341 851 3680 920 ἀγαπῶντες,

2111 943 2142 997 ό
2168 943 2344 1011 φίλος,
2372 943 2404 997 δ
2432 941 2716 1009 κοινωνὸς,
2743 944 2772 996 ό
2796 942 3092 1014 ὁμογενὴς,
3119 945 3148 998 δ
3176 943 3421 1014 πολίτης,
3457 941 3683 1008 σώζουσι

2110 1037 2240 1099 τοὺς
2277 1035 2488 1105 φίλους,
2539 1035 2672 1100 τοὺς
2731 1037 3134 1100 συναλλάκτας.
3189 1033 3326 1100 τοὺςΔ
3360 1036 3461 1092 τοῦ
3524 1037 3682 1090 αὑτοῦ

2109 1126 2325 1196 γένους,
2376 1128 2507 1192 τοὺς
2539 1128 2858 1197 πατριώτας
2881 1143 2899 1162 ο
2929 1126 3295 1192 νοθεύσαντες
3335 1127 3392 1182 δὲ
3425 1126 3534 1197 τὴν
3557 1127 3684 1194 a16-

2111 1235 2224 1287 πην
2248 1217 2596 1288 καπηλικῶς,
2622 1219 2689 1274 τά
2711 1219 2884 1274 πολλὰ
2916 1219 3019 1290 μὲν
3071 1220 3167 1273 ἐπὶ
3197 1219 3398 1288 κέρδει,
3442 1219 3590 1272 κατά
3635 1235 3684 1272 τι

2110 1309 2168 1364 δέ
2205 1327 2307 1364 που
2344 1311 2572 1366 σπάνιον
2600 1313 2694 1367 καὶ
2727 1311 2890 1381 δόξης
2929 1313 3112 1384 χάριν,
3151 1312 3548 1379 καταγίνονται
3592 1311 3682 1380 τῆς

2111 1401 2452 1470 φιλίαςςκαὶ
2479 1403 2768 1468 κοινωνίας
2801 1404 3041 1476 ἀπάσης,
3078 1407 3174 1458 καὶ
3201 1405 3417 1472 γένους,
3450 1400 3548 1456 καὶ
3581 1404 3681 1456 τῶν

2107 1496 2211 1566 τῆς
2241 1495 2413 1563 αὐτῆς
2439 1495 2567 1564 γῆς.

2182 1586 2289 1643 κα’.
2335 1585 2717 1661 ’Υποκρὶσεως
2762 1590 3118 1660 ἀποτέλεσμα
3177 1591 3275 1644 καὶ
3303 1590 3372 1644 τὰ
3423 1592 3677 1661 εγκρυφῆ

2108 1675 2461 1750 λῃστευτικά.
2496 1679 2581 1750 Μὴ
2607 1679 2944 1750 Θαρροῦντες
2975 1682 3086 1752 γὰρ
3119 1681 3166 1735 oi
3204 1681 3418 1750 φονικοὶ
3461 1680 3567 1746 τὴν
3598 1683 3681 1736 άν-

2107 1772 2423 1840 τιμέτωπον
2447 1773 2651 1844 μάχην,
2681 1773 3059 1844 ὑποκάθηνται
3079 1772 3255 1836 άλλως
3274 1788 3288 1804 ο
3313 1773 3405 1825 καὶ
3437 1772 3503 1825 ὲν
3530 1788 3684 1843 προο-

2115 1864 2331 1934 ποιήσει
2374 1865 2470 1919 τοῦ
2505 1867 2580 1936 μὴ
2625 1865 2829 1940 φαύλου
2865 1867 3068 1936 αίφνης
3114 1864 3419 1936 γυμνοῦσιν
3468 1865 3680 1928 ἑαυτοὺς

2117 1954 2218 2028 μὲν
2249 1955 2344 2010 τοῦ
2377 1956 2742 2028 ὑποκριτικοῦ
2782 1958 3160 2030 προσωπείου,
3197 1957 3267 2011 τά
3317 1956 3466 2012 ὅπλα
3501 1955 3560 2010 δι
3585 1956 3682 2010 τῶν

2111 2047 2322 2117 θηκῶν,
2351 2051 2445 2102 καὶ
2470 2049 2673 2120 δρῶσιν
2699 2048 2845 2105 οὑτω
2875 2053 2944 2105 τὰ
2975 2049 3130 2120 σφίσι
3157 2049 3380 2120 θελητά.

2182 2143 2286 2215 κβ’.
2327 2144 2705 2216 ’Υποκρίσεως
2730 2145 2894 2216 νέφος
2921 2146 3015 2199 καὶ
3043 2145 3171 2207 τοὺς
3203 2144 3536 2208 ἐπιϐούλους
3559 2161 3680 2198 πευ-

2111 2235 2281 2308 Θῆνας
2309 2239 2678 2310 ὲπηλυγάζον,
2714 2242 2859 2310 μέγα
2897 2239 3069 2294 κακὸν
3097 2240 3410 2311 ἐπιπέμπει
3452 2238 3552 2292 καὶ
3581 2239 3683 2303 τοῖς

2116 2330 2500 2402 στρατεύμασι
2531 2333 2629 2386 καὶ
2650 2334 2770 2398 ταῖς
2802 2333 3048 2388 πόλεσιν.

2183 2428 2293 2490 κγ’.
2338 2423 2666 2495 ’Υπόκρισις
2695 2423 2882 2494 φιλίας
2905 2423 3001 2477 καὶ
3030 2420 3130 2493 τὴν
3162 2421 3502 2492 περίκλυτον
3533 2420 3683 2492 Σεμίο

2113 2531 2282 2584 ραμιν
2340 2517 2624 2586 κατεπῇρε
2683 2514 2776 2569 τοῦ
2811 2515 2981 2586 μηδὲν
3025 2515 3353 2584 ἠδικηκότος
3401 2510 3680 2584 Περσικοῦ

2113 2605 2399 2678 βασιλέως,
2429 2607 2570 2662 ἀλλὰ
2616 2607 2712 2662 καὶ
2749 2607 3247 2679 ὑπερφιλήσαντος.
3288 2606 3620 2678 ’Υπόκρισις
3651 2608 3679 2678 ἠ

2109 2697 2204 2750 τοῦ
2228 2697 2464 2758 Σίνωνος
2483 2699 2544 2752 τὸ
2575 2699 2719 2771 μέγα
2747 2697 2890 2752 κατὰ
2920 2697 3030 2750 τῶν
3054 2696 3265 2769 Τρώων
3288 2695 3472 2750 κακδν
3498 2696 3681 2767 ἐκορύ-

2110 2806 2314 2860 φωσεν.
2364 2790 2526 2845 Ἀλλὰ
2572 2791 2647 2862 μή
2701 2808 2788 2854 τις
2823 2789 3062 2844 ἐνταῦθα
3116 2788 3401 2861 σεμνύνων
3446 2786 3522 2841 τὰ
3552 2787 3680 2842 κατὰ

2109 2881 2202 2935 τὸν
2233 2881 2480 2953 δούρειον
2518 2882 2712 2949 ίππον,
2745 2882 3013 2950 σόφισμα,
3047 2881 3275 2949 λεγέτω,
3314 2879 3377 2934 οὑ
3416 2879 3534 2950 μὴν
3557 2895 3679 2951 κρυο

2107 2974 2326 3046 ψίνοιαν
2359 2975 2728 3045 ὑποκριτικὴν
2766 2973 3023 3040 ἐξανύσαι
3061 2973 3123 3028 τδ
3154 2973 3318 3044 ἔργον
3349 2974 3570 3027 ἐκεῖνο·
3601 2973 3680 3026 εὑ-

2109 3069 2467 3140 κρινέστερον
2489 3067 2548 3121 δὶ
2581 3069 2781 3131 είπείν,
2815 3067 2890 3136 μὴ
2924 3065 3121 3134 σοφίαν
3152 3066 3426 3121 αἰτιάσθω
3473 3065 3674 3120 ἐκείνου

427 3161 668 3228 assignet
719 3172 962 3213 causam.
1011 3155 1154 3211 Bene
1195 3153 1300 3210 scit
1335 3154 1482 3209 enim
1514 3170 1640 3210 vere
1676 3155 1998 3227 interpella-

2124 3159 2206 3214 τοῦ
2233 3159 2662 3229 άριστεύματος,
2695 3160 2756 3214 οὑ
2802 3160 2912 3229 μὴν
2943 3159 3256 3230 ὑπόκρισιν.
3293 3158 3367 3213 Εὖ
3400 3159 3521 3230 γὰρ
3548 3156 3678 3214 οίδεν

425 3261 604 3317 turus,
651 3250 796 3322 quod
844 3250 1066 3306 cuilibet
1114 3248 1263 3318 operi
1312 3258 1433 3304 arte
1475 3246 1623 3303 facto
1659 3250 1774 3304 sive
1813 3263 2007 3306 secun-

427 3345 554 3401 dum
587 3344 943 3413 iniquitatem,
977 3342 1094 3397 sive
1134 3339 1432 3397 secundum
1463 3339 1834 3410 prudentiam,
1869 3354 2008 3410 quo-

425 3450 546 3490 rum
593 3445 764 3488 mater
827 3433 1096 3487 industria
1154 3441 1484 3501 praesumpta
1534 3437 1654 3497 est,
1705 3433 2002 3487 comitatur

428 3526 626 3596 aliquis
658 3525 836 3588 dolus,
866 3523 1185 3593 pariterque
1214 3521 1531 3578 artiﬁcium.
1556 3519 1801 3577 Artificio
1825 3532 2006 3578 autem

427 3616 661 3686 doloque
709 3630 866 3671 nemo
911 3613 1266 3670 aﬂirmaverit
1334 3629 1440 3670 non
1489 3613 1654 3669 etiam
1723 3613 2003 3682 perﬁdiam

429 3709 746 3780 plerumque
795 3709 986 3764 saltem
1062 3710 1308 3763 subesse.
1357 3705 1425 3760 Et
1473 3705 1520 3761 si
1566 3705 1784 3778 quidem
1833 3707 2007 3763 bonus

429 3811 515 3856 est
553 3801 728 3868 dolus,
763 3803 938 3856 honus
969 3801 1134 3858 etiam
1183 3809 1264 3854 est
1295 3799 1648 3870 hypocriseos
1680 3799 2007 3866 comitatus;

431 3895 572 3964 quod
592 3894 658 3948 de
697 3894 1032 3964 sophismate
1069 3906 1284 3962 quoque
1320 3891 1482 3948 valet.
1506 3891 1560 3946 Si
1575 3905 1709 3948 vero
1725 3890 1861 3945 mala
1880 3899 2007 3947 sunt

429 3985 595 4041 etiam
626 3985 806 4049 ambo,
823 3985 1353 4055 sicuti§argumentor
1373 3983 1437 4038 de
1457 3982 1600 4038 facto
1624 3983 1862 4049 Sinonis,
1884 3982 2008 4039 talis

429 4093 556 4135 esse
593 4080 750 4134 debet
777 4077 922 4134 illius
954 4076 1279 4148 hypocrisis,
1306 4091 1414 4130 non
1447 4075 1606 4130 aliter
1633 4090 1694 4130 ac
1723 4075 1999 4130 simulatio

433 4170 764 4241 percelebris
831 4168 884 4224 in
936 4166 1386 4237 magnanimitate
1436 4165 1733 4238 Megabyzi.
1781 4164 1838 4220 Si
1883 4166 2008 4236 quis

433 4276 616 4318 autem
667 4262 785 4316 haec
832 4260 1059 4316 honoris
1113 4259 1400 4329 cupiditati
1461 4260 1713 4328 virilique
1768 4260 2009 4314 audacia

433 4357 690 4420 ascribat,
728 4364 784 4409 ut
811 4343 972 4409 etiam
1019 4369 1202 4410 comes
1250 4352 1525 4408 simulatio
1572 4351 1863 4418 laudanda,
1888 4351 2009 4406 inli-

434 4452 536 4504 t?as
569 4463 671 4501 non
705 4446 877 4501 ierim.
915 4447 1026 4514 Ego
1056 4461 1188 4499 vero
1237 4459 1341 4498 non
1379 4447 1672 4500 secundum
1703 4444 1825 4498 illos
1861 4441 1992 4496 mihi

2107 3251 2136 3304 ό
2187 3252 2359 3316 ὄντως
2419 3252 2926 3322 ὑποκρουσόμενος,
2988 3252 3074 3305 δτι
3132 3252 3298 3307 παντὶ
3343 3251 3503 3324 ἔργῳ
3530 3250 3677 3322 δεινῷ
3785 3275 3788 3283 ·

2107 3345 2475 3414 ἐξανυομὲνῳ.
2516 3345 2616 3398 εἶτ’
2644 3343 2738 3398 οὖν
2765 3343 2908 3398 κατὰ
2941 3343 3230 3413 πονηρίαν,
3251 3345 3366 3398 είτε
3387 3345 3674 3415 φρόνησιν,

2106 3432 2183 3493 ὧν
2219 3439 2403 3509 μήτηρ
2457 3438 2491 3508 ἠ
2544 3436 2791 3508 δεινότης
2836 3436 3292 3506 πεφιλοσόφηται.
3356 3439 3664 3508 παρέπεται

2106 3531 2203 3583 καί
2240 3547 2324 3594 τις
2351 3529 2526 3595 δόλος,
2556 3529 2759 3600 ὁμοίως
2788 3529 2846 3582 δὲ
2903 3529 3000 3582 καὶ
3047 3527 3318 3600 σόφισμα.
3371 3530 3676 3600 Σοφίσματι

2105 3621 2165 3675 δὲ
2196 3623 2292 3675 καὶ
2317 3621 2459 3693 δόλῳ
2491 3623 2594 3676 οὐκ
2614 3623 2683 3678 ἄν
2714 3638 2799 3684 τις
2828 3621 3270 3691 ὰπισχυρίσηται
3305 3620 3384 3691 μὴ
3417 3621 3548 3694 οὑχὶ
3588 3624 3676 3676 καὶ

2107 3716 2405 3786 ὑπόκρισιν
2432 3715 2504 3769 τά
2548 3733 2612 3784 γε
2641 3713 2817 3769 πλείω
2848 3713 3310 3786 παρακολουθεῖν.
3347 3714 3467 3768 Καὶ
3501 3716 3551 3769 εί
3585 3714 3675 3784 μιν

2109 3807 2315 3876 ἀγαθὸς
2339 3809 2367 3860 ὁ
2394 3807 2571 3872 δόλος,
2605 3805 2814 3872 άγαθδν
2848 3806 2942 3860 καὶ
2982 3804 3046 3860 τδ
3081 3806 3205 3860 καθ’
3238 3806 3540 3878 ὑπόκρισιν
3582 3823 3677 3860 πα-

2112 3900 2538 3972 ροικολούθημα⁸
2592 3898 2736 3954 οὕτω
2789 3899 2844 3954 δὲ
2875 3901 2972 3954 καὶ
3003 3900 3098 3954 ἐπὶ
3140 3901 3508 3970 σοφίσματος.
3535 3898 3596 3953 El
3625 3900 3677 3953 δὲ

2109 3991 2294 4060 φαῦλα
2319 3992 2416 4045 καὶ
2442 3993 2632 4059 ἄμφω,
2677 3989 2823 4044 καθά
2852 4008 2958 4045 που
2996 3985 3156 4060 οἶμαι
3182 3992 3276 4045 καὶ
3313 3991 3378 4045 τὸ
3419 3993 3568 4047 κατὰ
3596 3993 3677 4045 Σί-

2107 4100 2275 4144 νωνα.
2303 4084 2391 4152 εἴη
2422 4083 2490 4138 ἂν
2521 4080 2748 4150 τοιαύτη
2787 4084 2884 4136 καὶ
2913 4085 2948 4155 ἡ
2999 4084 3122 4138 κατ’
3175 4085 3342 4138 αὑτὸν
3367 4085 3676 4157 ὑπόκρισις,

2109 4175 2252 4229 καθὰ
2309 4177 2404 4228 καὶ
2450 4177 2484 4247 ἡ
2525 4176 2668 4230 κατὰ
2700 4176 2794 4229 τὸν
2821 4176 3161 4246 περίπυστον
3213 4178 3274 4230 ὲν
3301 4179 3677 4249 μεγαλοψυχία

2107 4266 2456 4334 Μεγάϐυζον.
2489 4267 2552 4320 Et
2575 4267 2632 4321 δέ
2663 4285 2744 4330 τις
2780 4268 2922 4321 αὑτὰ
2951 4270 3034 4330 είς
3089 4269 3412 4338 φιλοτιμίαν
3465 4272 3563 4323 καὶ
3588 4273 3676 4324 άν-

2109 4359 2306 4430 δρικὴν
2360 4359 2566 4430 τόλμαν
2608 4358 2972 4430 ἐγγράφεται,
3015 4359 3106 4412 ἴνα
3159 4361 3253 4413 καὶ
3312 4363 3348 4431 ἡ
3386 4361 3679 4426 ἀκόλουθος

2113 4451 2412 4522 ὑπόκρισις
2442 4450 2702 4520 ἐνάρετος
2731 4451 2843 4522 εἴη,
2869 4450 3014 4503 ἔστω
3044 4450 3145 4520 μὲν
3180 4450 3314 4504 αὑτὸ
3338 4449 3517 4513 οὑτως
3545 4451 3676 4522 ἔχον.

433 4555 708 4604 ποίει-(ειη,
743 4539 898 4607 plane
920 4536 1262 4604 defatigatus,
1309 4544 1364 4590 et
1419 4549 1484 4589 ex
1532 4532 2005 4605 opportunissintis

2129 4543 2275 4613 Ἐγὼ
2306 4545 2362 4598 δὲ
2390 4547 2491 4600 οὑκ
2535 4547 2603 4601 ἂν
2638 4548 2762 4601 κατ’
2799 4545 3046 4608 ἐκείνους
3097 4545 3373 4616 ἐσινάμην
3429 4545 3678 4614 ἐμαυτὸν,

433 4633 685 4701 τολεοιυε,
715 4643 863 4681 vanae
893 4625 1078 4696 gloria:
1111 4637 1300 4680 causa.

499 4829 593 4884 25.
647 4827 753 4882 Sed
825 4822 952 4895 quid
1025 4821 1158 4877 mihi
1226 4826 1601 4893 exponendum
1656 4824 2010 4896 hypoertseos

433 4917 704 4988 exempla,
768 4931 888 4986 qua:
945 4915 1244 4986 frequentia
1300 4914 1569 4970 habentur
1637 4919 1692 4971 in
1771 4918 2008 4989 antiquis

430 5007 794 5081 scriptoribus
839 5008 929 5076 qui
986 5007 1264 5062 historiam
1321 5015 1554 5064 tractant
1583 5009 1606 5062 ί
1636 5007 1865 5064 Concise
1908 5023 2010 5065 nec

431 5100 616 5172 procul
659 5113 687 5151 a
725 5098 948 5151 veritate
1013 5096 1301 5150 dicendum
1369 5104 1450 5150 est
1480 5096 1735 5149 mundum
1772 5111 2008 5166 praesen-

433 5197 538 5240 tem
570 5200 690 5240 esse
719 5199 904 5238 crassa
932 5182 1278 5238 simulatione
1307 5183 1543 5254 plenum.
1573 5185 1672 5253 Qui
1704 5188 1787 5239 vel
1819 5186 1869 5241 iu
1905 5187 2008 5243 hoc

428 5277 570 5344 ipso,
625 5274 767 5342 quod
820 5293 838 5326 ι
873 5277 1106 5328 mundus
1137 5293 1154 5326 ι
1203 5282 1309 5338 est,
1362 5278 1504 5346 apud
1550 5292 1648 5330 nos
1695 5292 1790 5347 per
1837 5279 2010 5332 homi-

432 5382 530 5422 nes
582 5365 886 5432 hnjusmodi
949 5365 1200 5430 fallitur;
1263 5369 1336 5421 ita
1395 5378 1492 5434 ut,
1549 5369 2007 5436 quemadmodum

399 5457 614 5540 _magni
647 5459 737 5512 Dei
773 5474 968 5512 nomen
996 5475 1094 5530 per
1117 5475 1213 5514 eos
1239 5461 1329 5528 qui
1365 5459 1602 5513 divinam
1633 5476 1736 5514 non
1770 5475 2009 5531 sequun-

429 5559 520 5604 tur
574 5551 1012 5620 inspirationem,
1063 5552 1517 5621 bi:.sphematur,
1557 5551 1637 5606 sic
1683 5552 1844 5606 etiam
1893 5553 2008 5608 bla-

429 5643 750 5710 Sphematur
798 5644 990 5706 mundi
1023 5658 1216 5696 nomen
1266 5656 1362 5708 per
1408 5655 1502 5694 eos
1545 5641 1636 5710 qui
1691 5642 1875 5698 mundi
1903 5660 2006 5698 non

431 5745 601 5802 sunt,
634 5736 824 5806 quales
861 5745 1007 5795 sunt.
1040 5734 1130 5803 qui
1165 5741 1376 5803 gentem
1414 5733 1825 5802 hypocritarutu
1855 5750 2008 5790 eom-

436 5838 727 5896 ponentes,
762 5826 1182 5885 destructionem
1217 5839 1383 5898 super
1427 5837 1642 5880 omnem
1697 5823 1858 5880 aliam
1915 5829 2012 5883 tri-

2106 4637 2426 4707 κατακόψας
2473 4639 2671 4709 μικροῦ
2716 4638 2852 4700 δεῖν,
2893 4638 2994 4692 καὶ
3032 4637 3144 4690 τῶν
3176 4639 3571 4709 καιριωτάτων
3599 4639 3681 4691 ὲκ-

2105 4730 2424 4804 κρουσθεὶς,
2453 4731 2614 4801 δόξης
2644 4732 2808 4801 χάριν
2837 4733 3023 4798 κενῆς.

2180 4823 2281 4878 κδ’.
2327 4823 2488 4878 Ἀλλὰ
2516 4823 2569 4876 τί
2591 4840 2680 4892 μοι
2706 4823 2877 4878 πλείω
2905 4824 3238 4895 ἐπέρχεσθαι
3263 4823 3683 4893 παραδείγματα

2108 4917 2464 4988 ὑποκριτικὰ,
2489 4917 2814 4988 ἐπιρρέοντα
2851 4917 3024 4986 συχνά
3046 4919 3110 4970 ἐκ
3142 4916 3500 4971 παλαιτάτων
3524 4916 3683 4968 ἀκουε-

2111 5011 2335 5082 σμάτων
2367 5013 2479 5074 τοῖς
2521 5013 2758 5080 ἱστορεῖν
2799 5010 3295 5082 προτεθειμένοιςς
3334 5009 3472 5063 Δέον
3516 5009 3682 5063 εἰπεῖν

2111 5100 2579 5171 συνεπτυγμένως
2615 5101 2712 5155 καὶ
2743 5101 2864 5154 οὑδὲ
2900 5102 3123 5171 μακρὰν
3158 5100 3450 5171 ἀληθείας,
3505 5098 3682 5170 πλήρη

2109 5193 2207 5247 νῦν
2238 5193 2333 5244 τδν
2365 5192 2571 5262 κόσμον
2603 5187 2744 5245 εἶναι
2774 5191 3119 5259 ὑποκρίσεως
3139 5207 3154 5222 ⁸
3203 5191 3263 5255 ὃς
3293 5208 3357 5259 γε
3407 5191 3509 5244 καὶ
3562 5190 3684 5243 αὐτὸ

2112 5281 2277 5336 τοῦτο
2310 5281 2370 5335 τὸ
2411 5300 2429 5334 r
2470 5281 2676 5352 κόσμος
2722 5301 2741 5334 ι
2780 5278 2922 5334 εἶναι
2952 5282 3210 5352 ψεύδεται
3239 5281 3373 5353 παρ’
3406 5283 3548 5351 ἡμῖν
3602 5280 3685 5334 διὰ

2109 5375 2236 5437 τοὺς
2269 5373 2565 5437 τοιούτους,
2616 5373 2694 5438 ὡς
2741 5372 3211 5445 βλασφημεῖσοαι,
3273 5373 3418 5428 καθά
3478 5373 3544 5436 τὸ
3597 5371 3685 5424 τοῦ

2112 5466 2354 5535 μεγάλου
2376 5463 2513 5519 Θεοῦ
2547 5464 2718 5536 ὄνομα
2752 5465 2840 5518 διὰ
2869 5466 2997 5527 τοὺς
3035 5465 3111 5537 μὴ
3147 5466 3388 5528 ἐνθέους,
3419 5465 3568 5518 οὕτω
3597 5463 3686 5518 καὶ

2108 5558 2168 5610 τὸ
2189 5558 2282 5610 τοῦ
2307 5559 2517 5628 κόσμου
2531 5557 2620 5611 διὰ
2641 5559 2769 5622 τοὺς
2801 5559 3102 5628 ἀκόσμους·
3131 5560 3307 5611 ὁποῖοι
3335 5559 3433 5612 καὶ
3450 5560 3516 5611 τὸ
3538 5557 3686 5617 ἔθνος

2106 5651 2208 5718 τῆς
2244 5651 2609 5715 ὑποκρίσεως,
2639 5651 2690 5703 οἳ
2712 5649 2813 5720 τὴν
2838 5649 3116 5719 ἀκοσμίαν
3139 5649 3282 5719 ὑπὲρ
3307 5650 3416 5702 πᾶν
3439 5647 3575 5703 ἄλλο
3592 5644 3688 5716 φῦ-

2108 5739 2199 5792 λον
2243 5741 2510 5808 τεχνῶντε
2527 5759 2568 5807 ι,
2605 5739 3050 5811 παραποιοῦντες
3071 5740 3130 5794 τὸ
3164 5741 3267 5809 τῆς
3315 5738 3540 5809 φύσεως
3561 5739 3686 5791 λιόσ⁴

2113 5846 2254 5900 μιον.
2273 5830 2390 5884 Ἐπ’
2413 5830 2594 5896 ἄλλοις
2611 5833 2716 5905 γάρ
2735 5832 3110 5903 πεπλασμένοι
3135 5833 3398 5904 κοσμίως,
3421 5831 3499 5898 ὡς
3515 5832 3546 5886 ό
3567 5843 3686 5886 κω·
