3788 6544
177 440 269 506 397

1453 437 1552 501 DE
1590 436 2145 507 SlMULATlONE.

2264 382 2295 399 ς

3306 436 3412 500 398

179 560 262 615 ttat
301 554 493 626 ἀκαρεῖ
553 551 728 624 χρόνῳ
789 549 901 607 τῶν
954 550 1069 607 ἀνω
1118 552 1213 606 καὶ
1245 552 1397 607 κάτω
1423 553 1532 623 imi.
1564 554 1725 623 πέριξ

1867 568 1936 609 on
1989 550 2328 618 fallendum;
2386 549 2481 607 sed
2541 551 2608 606 ad
2661 548 2831 605 solam
2887 557 3084 604 terram
3139 564 3233 607 eos
3280 552 3415 621 deji-

176 645 472 719 δρὰττεσθαι
504 644 802 713 θειότερον,
832 643 928 696 καὶ⁸
958 642 1102 696 οὕτω
1127 642 1227 711 τὴν
1256 643 1386 698 θέαν
1417 644 1491 715 μὴ
1528 645 1723 714 ψεύδε-

1834 642 2066 707 cientes,
2097 643 2162 698 ad
2192 642 2359 699 invite
2390 639 2806 697 monstrandum
2843 639 3183 695 solummodo
3215 650 3413 694 terram

178 740 310 793 σθαι·
369 736 504 789 ἀλλὰ
549 735 689 787 κατά
717 734 821 802 γῆς
870 733 1039 803 μόνης
1093 734 1264 796 αὑτὰς
1318 734 1608 804 βάλλοντες
1642 737 1723 800 είς

1863 746 1951 788 sse
1996 747 2158 801 quam
2215 733 2304 787 illa
2364 733 2618 786 deorsum
2673 729 2894 799 respicit
2944 728 3104 785 tisio.
3162 728 3415 783 Attamen

176 828 375 894 ἔνδειξιν
409 827 678 879 ἀκουσίαν
702 825 794 878 τοῦ
831 826 1003 896 μόνην
1030 824 1137 895 γῆν
1181 819 1324 880 εἶναι
1354 828 1415 880 τὸ
1450 827 1595 881 οὕτω
1626 845 1726 881 κα-

1826 823 2127 879 cmlicolam
2173 838 2400 895 prorsus
2453 821 2796 893 perfectum,
2851 822 3137 892 oportebat
3201 820 3420 890 symbo-

177 922 242 975 τὼ
258 918 464 990 βλέπον.
491 919 603 972 Καὶ
626 918 731 988 μὴν
760 919 947 990 ἐχρῆν,
970 919 1388 990 οὐρανοὸἀμονα
1419 921 1728 990 ταξάμενον

1863 926 1931 966 tce
1964 926 2181 966 sursum
2228 911 2404 980 tueri,
2453 912 2642 981 sicque
2690 908 2869 968 levare
2911 911 3097 967 oculos
3158 910 3224 965 ad
3268 923 3419 963 mou-

177 1011 427 1073 εῐναιᾶνω
465 1011 693 1082 βλέπειν
761 1011 1135 1081 συμϐολικῶς.
1190 1010 1287 1065 καὶ
1325 1011 1497 1075 οὕτως
1547 1012 1726 1083 αἴρειν

176 1105 462 1175 ὀφθαλμοὺς
497 1104 579 1163 εἰς
614 1103 739 1175 ὅρη,
767 1104 895 1158 ὅθεν
938 1104 1367 1175 καταπέμπεται
1396 1108 1507 1168 τοῖς
1547 1103 1725 1175 ὀρθῶς

172 1194 550 1252 ἀναϐλέπουσιν
571 1195 605 1264 ή
650 1193 899 1264 βοήθεια.

230 1292 326 1356 κη’.
361 1284 471 1337 Οὐκ
497 1283 695 1355 ἀφίησι
719 1285 777 1340 δὲ
813 1289 841 1339 δ
868 1284 1108 1349 τοιοῦτος
1164 1286 1283 1341 οὐδὲ
1314 1284 1375 1340 τὸ
1437 1284 1611 1353 στόμα
1665 1281 1726 1339 εὖ

172 1380 296 1449 ίχειν
319 1377 406 1430 τοῦ
431 1380 570 1431 κατά
603 1375 764 1446 φύσιν
790 1376 1052 1446 ἐνεργεῖν,
1089 1376 1223 1431 ἀλλά
1246 1379 1549 1448 παραποιεῖ
1572 1376 1726 1437 αὐτὸ,

170 1473 231 1527 τὰ
254 1468 411 1522 πολλά
443 1468 544 1538 μὲν
594 1467 817 1522 σιωπῶν
847 1467 987 1521 κατά
1016 1468 1136 1539 τὴν,
1168 1467 1244 1531 ὡς
1277 1469 1343 1523 ἀν
1379 1486 1464 1531 τις
1488 1468 1729 1536 πυθαγοο

175 1564 320 1634 ρίζων
347 1562 511 1625 είποι,
572 1560 862 1630 ἐκσίγησιι
881 1577 895 1591 °
927 1561 1018 1613 ὅτε
1045 1561 1103 1613 δὲ
1142 1561 1239 1615 καὶ
1270 1560 1605 1629 φθέγξασθαι
1632 1561 1730 1615 αὑ-

173 1654 238 1726 up
271 1654 676 1725 εύαρεστηθείη,
712 1654 1045 1726 νυκτερίδων
1096 1655 1253 1729 δίκην
1303 1655 1629 1723 ὑποτρίζων,
1656 1656 1731 1719 ὡς

179 1748 239 1818 μὴ
298 1745 551 1817 αῐσθησιν
632 1750 885 1817 ἐμποιεῖν
951 1765 1060 1802 τινι
1123 1747 1219 1802 τοῦ
1292 1748 1472 1804 λαλεῖν
1508 1764 1524 1783 ο
1559 1749 1609 1802 εί
1674 1748 1731 1804 δὲ

1831 1011 1931 1071 tes,
1964 1003 2105 1061 unde
2133 1003 2282 1059 venit
2320 1002 2422 1061 rite
2449 1001 2875 1075 suspicientibus
2911 1001 3199 1058 auxilium.

1903 1274 1990 1335 28.
2034 1272 2180 1327 Talis
2206 1284 2386 1327 autem
2415 1287 2516 1329 nec
2544 1287 2605 1327 os
2633 1272 2764 1327 sinit
2786 1271 2940 1342 juxta
2976 1274 3278 1327 naturalem
3308 1273 3415 1328 vim

1832 1380 2015 1435 agere,
2045 1364 2137 1419 sed
2165 1364 2301 1418 illud
2330 1364 2623 1429 adulterat,
2651 1357 2973 1433 plerumque
3001 1364 3222 1434 quidem
3251 1365 3420 1420 silens

1831 1459 2127 1513 scentulum
2196 1458 2355 1521 hanc,
2406 1471 2566 1527 quam
2600 1456 2922 1529 pytlngorio
2980 1471 3130 1511 more
3182 1456 3418 1522 dixeris,

1834 1550 2304 1615 taciturnitatem;
2359 1548 2455 1604 sed
2502 1556 2557 1603 et
2602 1563 2722 1602 cttm
2764 1563 2957 1604 sonum
3008 1550 3171 1605 edere
3219 1548 3417 1604 bonum

1835 1637 1936 1706 ipsi
2006 1638 2178 1691 visuzn
2245 1647 2352 1703 est,
2416 1637 2860 1706 vesperlilionum
2924 1652 3077 1692 more
3133 1635 3420 1695 stridulam

1835 1744 2022 1784 vocem
2046 1728 2326 1791 emitteus,
2361 1728 2433 1781 ita
2463 1735 2520 1781 ut
2548 1740 2763 1782 sensum
2820 1726 3096 1781 sermonis
3124 1726 3283 1781 alicui
3314 1742 3420 1779 non

177 1843 252 1896 καὶ
302 1838 588 1910 διαρθροῦν
655 1839 764 1893 δέει
797 1841 861 1893 τὸ
913 1841 1346 1912 προφαινόμενον
1397 1842 1604 1913 ἡρέμα,
1633 1842 1732 1895 καὶ

1863 1820 2154 1889 mprimat;
2201 1818 2246 1874 si
2282 1834 2411 1873 vero
2454 1818 2723 1889 prolatum
2769 1818 3163 1888 aliquantulum
3214 1818 3421 1871 articu-

176 1933 274 1986 τότε
300 1904 616 2002 ὑπάμοφῶν,
634 1933 709 1995 ὡς
723 1934 770 1986 εί
794 1933 897 1988 καὶ
921 1904 1219 1999 εύλῖαϐεῖτο,
1248 1934 1322 2007 μὴ
1347 1904 1734 1989 συν-εκπνεύσοι

1863 1926 1949 1966 are
1982 1919 2173 1978 tental,
2203 1920 2334 1965 tunc
2369 1910 2535 1964 etiam
2593 1910 3023 1972 submurmurat,
3055 1908 3210 1978 quasi
3271 1910 3425 1962 linte-

177 2024 255 2079 καὶ
278 2024 367 2094 τὴν
392 2024 598 2093 ψυχήν.
630 2026 895 2091 Ἔνδειξις
938 2029 1110 2081 ταῦτα
1143 2026 1219 2097 τῷ
1247 2027 1472 2099 τοιούτῳ
1493 2027 1735 2098 ὲναρέτφ

176 2116 253 2168 τοῦ
287 2116 576 2187 πεπνίχθαι
598 2117 666 2170 τὰ
696 2117 845 2177 ἐντὸς
898 2116 1048 2186 αὐτῷ
1078 2119 1137 2169 ὲν
1190 2117 1375 2189 ἀσιτίᾳ
1424 2118 1521 2171 καὶ
1570 2117 1732 2189 λοιπῇ

175 2208 389 2281 καχεξίᾳ,
418 2210 496 2272 ὡς
528 2210 610 2282 μὴ
634 2210 790 2264 τόνον
814 2209 1062 2266 ἐντεῦθεν
1088 2210 1233 2280 ἔχειν
1265 2211 1415 2283 αὐτῷ
1448 2212 1585 2285 μηδὲ
1635 2213 1736 2282 τὴν

174 2299 396 2370 ἐκπνοήν.
424 2300 637 2365 Δαλιός
667 2301 724 2355 δὲ
748 2299 1006 2372 τοιαύτης
1038 2304 1218 2365 ὁποῖος
1255 2319 1340 2365 τις
1370 2304 1437 2356 ἂν
1465 2301 1554 2373 εἴη
1584 2300 1732 2367 νοῦς;

173 2390 355 2454 IIl/xvii;
376 2391 477 2460 μὲν
507 2391 623 2464 γάρ
647 2408 769 2456 πως
809 2392 877 2447 ἂν
909 2392 1135 2463 γένηται
1165 2392 1243 2465 τῷ
1300 2392 1447 2449 οὕτω
1487 2394 1736 2462 δυσλάλῳ

176 2483 251 2537 καὶ
267 2482 324 2537 δι’
346 2484 476 2538 αύτδ
521 2486 982 2557 στενολεσχοῦντι,
1012 2488 1221 2558 γλυκὺς
1275 2489 1332 2545 δὲ
1360 2490 1462 2542 οὐκ
1490 2489 1556 2542 ἂν
1584 2487 1736 2545 0656-

178 2575 265 2638 λως
285 2577 312 2629 ό
333 2577 422 2629 καὶ
456 2576 848 2647 δυσαίσθητος.
885 2578 1168 2647 Ὠφέλειαν
1189 2580 1245 2634 δὲ
1278 2581 1474 2652 ἡλίκην
1504 2582 1615 2653 ἔχοι
1645 2582 1733 2649 ἂν,

178 2669 354 2725 εἵσεται
375 2667 696 2733 δακούσας,
736 2669 793 2733 δς
822 2670 897 2740 μὴ
928 2670 1047 2739 είην
1091 2672 1226 2741 ἐγώ.
1278 2675 1733 2746 Πραγματεύεται

178 2761 226 2816 ἃ
250 2761 345 2831 ἄρα
368 2762 425 2819 ἰν
452 2761 674 2827 τούτοις
711 2765 739 2817 ό
760 2759 1185 2833 ψευδάνθρωπος
1209 2766 1307 2825 τὴν
1338 2768 1437 2837 τῆς
1469 2768 1735 2831 ἰδιωτείας

182 2851 462 2923 ιπίκρυψιν.
509 2853 793 2923 Ἀγροικοι
814 2855 924 2928 γὰρ
954 2856 1131 2927 πάντη
1150 2856 1371 2921 πάντως
1401 2859 1449 2912 οἱ
1481 2858 1731 2925 τοιοῦτοι,

182 2947 673 3015 πραγματευόμενοι
707 2945 767 2999 τὸ
788 2948 1011 3017 σιγηλὸν
1054 2948 1148 3002 καὶ
1176 2948 1235 3000 τὸ
1260 2948 1732 3020 όλιγορῥημονεῖν,
1756 2942 1759 2945 λ

180 3033 252 3089 διὰ
271 3036 325 3088 τὸ
343 3035 558 3091 ἐκεῖθεν
590 3034 997 3107 ἀνεξέλεγκτονο
1028 3038 1105 3104 ὡς
1134 3039 1187 3093 οῐ
1204 3056 1268 3108 γε
1294 3040 1448 3109 σοφοὶ
1480 3040 1730 3112 μοναχοὶ,

188 3125 263 3178 καὶ
286 3129 624 3197 γραμμάτιον
660 3129 964 3201 ἄνθρωποι,
1018 3132 1113 3185 καὶ
1137 3132 1339 3204 ἀρετῆς
1367 3131 1584 3204 ἀνδρες,
1638 3136 1734 3189 καὶ

189 3220 356 3289 μύσται
378 3219 631 3292 χρηστῆς
658 3222 1010 3291 παιδεύσεως,
1062 3226 1163 3296 τήν
1184 3242 1245 3279 τε
1275 3227 1459 3299 φωνὴν
1490 3227 1732 3301 τοροῦσι,

186 3311 478 3383 τρανότερον
516 3313 828 3381 λαλοῦντες,
857 3318 950 3370 καὶ
979 3316 1039 3372 τὸ
1072 3316 1297 3388 φθέγμα
1353 3318 1733 3387 καλλύνουσιν,

190 3402 363 3468 ἑννοίας
409 3405 726 3475 ὲμμούοους
781 3408 1042 3478 ποταμῶν
1092 3409 1249 3479 δίκην
1302 3409 1736 3481 ὲξερευγόμενοι,

186 3488 252 3546 ὧν
277 3495 338 3547 τὰ
358 3497 507 3566 ὁρμή
518 3513 665 3566 ματα
690 3498 1046 3567 εὐφραίνουσι
1081 3500 1265 3564 πόλεις
1312 3502 1448 3556 Θεοῦ
1468 3520 1481 3535 ο
1512 3505 1739 3563 καὶτοῖς

190 3584 446 3657 ὀφθαλμοῖς
509 3587 812 3659 λάμπουσι,
840 3590 931 3645 καὶ
959 3593 1072 3655 τοῖς
1116 3592 1429 3661 προσώποις
1461 3597 1542 3659 είς
1571 3595 1740 3665 ὡραῖ-

192 3679 299 3745 cuba
326 3680 463 3735 θεῖον
498 3681 818 3753 ἑρεύθονται
836 3698 851 3712 ·
889 3685 984 3739 καὶ
1014 3684 1093 3754 τῷ
1115 3685 1224 3756 ὅλῳ
1252 3686 1394 3739 κατά
1426 3684 1585 3755 φύσιν
1609 3687 1739 3740 ἀνα-

193 3772 393 3840 στήματι
417 3771 479 3827 τὸ
512 3774 657 3829 θεῖον
688 3773 915 3843 πλάσμα
960 3774 1448 3845 ἑπαληθιζόμενοι,
1489 3778 1584 3828 καὶ
1611 3778 1737 3839 ταῖς

190 3860 414 3930 πράξεσιν
439 3864 526 3926 είς
561 3863 701 3918 Θεοῦ
771 3866 1008 3935 μίμησιν
1052 3867 1431 3931 είκονίζονται.
1485 3868 1562 3921 Οὐ
1630 3868 1737 3937 μὴν

191 3955 308 4008 κατά
329 3957 449 4019 τοὺς
480 3956 615 4029 παρ’
638 3958 775 4027 ἡμῖν
834 3959 1207 4030 ὑποκριτικῶς
1238 3960 1558 4028 τνποῦνται,
1598 3962 1647 4014 οἳ
1678 3962 1737 4015 τὸ

192 4047 545 4118 ἀκατάληπτον
587 4047 969 4118 μεθοδεύοντες
1027 4054 1421 4122 κομμωτικῶς,
1495 4055 1737 4125 ὑπογρά-

193 4141 436 4212 φυσιτὴν
470 4140 797 4213 ἔμπρακτον
839 4142 1061 4213 ἀρετὴν,
1111 4146 1160 4197 εί
1186 4146 1281 4199 καὶ
1312 4146 1388 4218 μὴ
1415 4146 1597 4218 ἔχουσι
1653 4148 1735 4213 διο

191 4232 290 4286 όλον
318 4235 446 4291 αὐτὸ
476 4235 749 4303 ὲξανύειν,
777 4234 859 4289 ὅτι
892 4235 1031 4307 μηδι
1056 4236 1301 4292 δυνατόν.

248 4507 338 4563 xv.
364 4506 746 4571 Πλεονάζονσα
778 4507 876 4576 μὲν
917 4505 1028 4574 γὰρ
1067 4506 1099 4575 ἡ
1132 4505 1323 4578 ἀρετὴ,
1350 4507 1445 4561 καὶ
1478 4524 1738 4579 πραγμα-

1843 2011 1946 2070 rel,
1962 2017 2031 2057 ne
2049 2001 2209 2056 simul
2228 2002 2469 2074 exspiret
2483 2010 2742 2056 mentem.
2762 1999 2885 2054 ιιωυ
2899 1999 3084 2067 itaque
3108 1997 3423 2067 llujtﬂlttodi

1843 2095 2073 2166 βιαιόὶιο
2107 2096 2309 2148 virtute
2347 2094 2661 2151 testimonio
2699 2094 2845 2148 claro
2881 2104 3009 2148 sunt
3039 2094 3181 2163 quod
3211 2106 3273 2146 ea
3305 2106 3426 2159 quze

1841 2197 1977 2243 sunt
2018 2190 2165 2246 intus
2220 2187 2321 2258 ipsi
2367 2200 2635 2245 vexantur
2687 2189 2863 2242 inedia
2917 2188 3237 2257 reliquaque
3284 2185 3423 2238 mala

1843 2282 2089 2352 corporis
2124 2281 2454 2344 valetudine,
2509 2291 2768 2351 tanquam
2815 2279 3012 2333 exhinc
3060 2295 3165 2333 non
3202 2277 3424 2336 haberet

1844 2383 2031 2428 tonum
2076 2386 2174 2428 nec
2228 2372 2671 2441 respirationem,
2726 2371 2996 2426 sermonis
3048 2383 3227 2424 autem
3279 2370 3425 2438 ejus-

1844 2466 1985 2523 modi
2016 2463 2190 2534 quaiis
2218 2457 2372 2519 meus
2399 2477 2521 2519 esse
2560 2462 2785 2533 posset?
2815 2462 2987 2533 Larga
3027 2461 3243 2532 quidem
3291 2477 3425 2517 sane

1842 2572 1964 2614 esse
2009 2568 2185 2627 p0test
2218 2557 2345 2613 huic
2394 2556 2613 2611 dilﬁcile
2645 2556 2887 2626 loquenti
2922 2566 2976 2611 et
3026 2556 3149 2611 ideo
3195 2565 3427 2627 anguste

1840 2650 1999 2716 lauti,
2045 2649 2288 2721 jucunda
2346 2663 2476 2705 vero
2527 2663 2660 2704 sane
2713 2662 2819 2704 non
2870 2656 3054 2718 posset
3085 2646 3273 2705 haberi
3308 2663 3425 2716 qua:

1845 2753 1953 2798 tam
1986 2742 2203 2799 diﬂiciie
2232 2743 2555 2813 percipitur.
2588 2742 2857 2810 Quantam
2916 2750 3101 2796 autem
3133 2741 3423 2799 util.tatem

1842 2835 2116 2906 proferat,
2152 2834 2369 2889 auditor
2395 2834 2568 2901 sciet,
2614 2834 2704 2903 qui
2750 2848 2850 2905 ego
2894 2850 3000 2889 nou
3041 2848 3164 2889 esse
3206 2833 3420 2896 Vellem.

1843 2926 2042 2984 Tentat
2090 2937 2272 2981 autem
2338 2925 2392 2979 in
2445 2924 2565 2981 istis
2625 2926 2789 2980 homo
2841 2924 3010 2980 falsus
3056 2937 3170 2979 sua:
3203 2924 3425 2979 rtlsllt‘i-

1844 3020 1971 3073 tatis
2001 3017 2514 3075 dissimulationem.
2556 3014 2738 3072 Rudes
2774 3017 2918 3073 ettitn
2958 3019 3269 3075 omnimodo
3298 3029 3425 3078 sunt

1843 3110 2173 3182 huiusmodi,
2217 3109 2311 3181 qui
2350 3110 2625 3165 silentium
2665 3111 3068 3183 verborumque
3101 3113 3422 3181 parcitatem

1842 3206 2167 3270 observant,
2222 3204 2478 3273 quoniam
2556 3202 2751 3259 exinde
2800 3204 3067 3261 confutari
3124 3215 3421 3274 nequeunt.

1764 3269 1806 3329 ο
1840 3297 2001 3354 Certe
2040 3296 2187 3354 enim
2223 3297 2477 3353 monachi
2533 3298 2802 3367 sapientes
2832 3335 2847 3362 ,
2883 3298 3295 3367 litterarumque
3330 3313 3424 3367 pe.

1841 3394 1948 3459 riti,
1969 3405 2176 3447 necnon
2203 3388 2305 3443 viri
2341 3388 2633 3444 virtutibus
2659 3389 2801 3459 pleni
2834 3390 3097 3460 bomeque
3126 3391 3424 3463 disciplina:

1833 3486 2166 3552 initiatores,
2228 3494 2417 3538 vocem
2481 3482 2761 3549 expoliunt
2822 3481 2970 3536 clare
3028 3483 3311 3553 loquentes
3368 3492 3425 3536 et

1837 3592 2148 3636 sermonem
2184 3577 2456 3631 adornant
2479 3575 2838 3644 cogitationes
2860 3575 3210 3631 harmonicas
3245 3570 3424 3633 omni.

1840 3685 1965 3724 num
1994 3670 2169 3723 instar
2214 3666 2553 3732 emittentes,
2591 3680 2823 3737 quorum
2879 3666 3112 3737 impetus
3146 3666 3422 3740 lwtiﬂcaut

1837 3759 2085 3817 civitates
2132 3756 2273 3826 Dei;
2315 3755 2489 3819 oculis
2521 3756 2728 3823 lucent,
2762 3771 2826 3811 ac
2875 3756 2930 3810 in
2966 3758 3205 3813 divinum
3258 3760 3424 3814 decus

1836 3852 1987 3907 vultu
2019 3852 2339 3915 rubescunt,
2377 3856 2488 3906 tota
2520 3848 2756 3902 naturali
2798 3848 3125 3906 celsitudine
3153 3864 3290 3921 opus
3324 3851 3421 3905 Dei

1837 3944 2107 4002 veraciter
2136 3942 2487 4006 annuntiant.
2514 3949 2569 3995 et
2600 3938 2810 3999 actibus
2837 3942 2903 3997 ad
2933 3940 3025 3996 Dei
3061 3942 3420 4001 imitationem

1837 4038 2211 4108 cﬂinguntur.‘
2256 4037 2531 4090 Atlantem
2576 4049 2683 4090 non
2736 4035 3077 4092 simulatorie
3148 4038 3422 4107 ﬁnguntur

1837 4129 2136 4187 secundum
2190 4128 2311 4182 illos
2357 4128 2447 4196 qtti
2498 4137 2625 4181 sunt
2671 4129 2810 4195 apud
2865 4143 2983 4190 nos,
3036 4129 3240 4205 quique
3276 4130 3419 4200 quod

1836 4221 2387 4293 incomprehensibile
2438 4219 2628 4276 estde
2677 4220 2940 4276 industria
2988 4236 3419 4293 ptorequentes,

1836 4314 2108 4369 ellicacem
2160 4313 2482 4383 promittunt
2532 4311 2813 4379 virtutem,
2868 4313 2969 4369 etsi
3029 4331 3135 4369 non
3198 4319 3421 4371 Olllilillo

1835 4409 2047 4480 possint
2074 4407 2217 4461 istud
2252 4406 2532 4479 perﬁcere,
2564 4404 2707 4475 quod
2737 4405 2881 4461 haud
2919 4407 3176 4478 possibile
3203 4421 3305 4463 est.

1905 4501 1999 4559 29.
2041 4499 2229 4555 Virtus
2278 4500 2422 4554 enim
2456 4515 2575 4570 qth
2610 4509 2853 4568 praestat,
2903 4510 2952 4554 cl
2994 4516 3119 4555 vere
3167 4503 3418 4572 cperaria

194 4601 384 4672 τειώδης
411 4599 626 4671 ἀληθῶς
652 4593 823 4661 οὖσα,
852 4599 947 4665 καὶ
989 4598 1400 4668 σπουδαζομένη
1433 4599 1576 4654 κατά
1600 4601 1734 4665 πάν.

1863 4605 1943 4663 κει,
1988 4609 2051 4650 ac
2078 4593 2393 4649 omnimode
2444 4594 2711 4657 studiOsa,
2750 4592 2825 4646 ita
2864 4604 2918 4646 ιιι
2950 4609 3044 4663 per
3077 4594 3228 4649 illaut
3261 4599 3417 4666 quasi

194 4693 575 4764 εατρόπον,ὠς
637 4690 903 4761 ἄγχεσθαι
949 4690 1021 4744 δι’
1048 4690 1217 4761 αὐτῆς
1268 4691 1539 4761 ἀνδρικῶς
1579 4694 1737 4746 ὁποῖα

196 4786 269 4841 καὶ
286 4785 463 4841 λέοντα
510 4785 569 4836 ἐδ
594 4784 737 4851 κατά
792 4782 973 4853 ψυχὴν
1016 4781 1231 4850 ἄλογον,
1264 4782 1445 4849 πνίγοι
1467 4782 1535 4836 ἂν
1590 4784 1740 4847 ἐντὸς

200 4878 482 4949 μοχθηρίαν,
517 4878 595 4949 μὴ
617 4876 847 4953 ἔχουσαν
906 4874 1263 4943 ἔκφανθῆναι,
1320 4876 1373 4928 εί
1396 4875 1483 4938 τίς
1512 4893 1613 4930 που
1656 4878 1741 4930 εν-

196 4971 389 5042 δόμυχος
442 4971 771 5045 κρύπτοιτο·
822 4968 965 5029 καθὰ
1022 4970 1118 5021 καὶ
1168 4968 1311 5041 ὀδμὴ
1360 4969 1741 5042 δυσαπόιρορος

198 5062 469 5133 ἀρωμάτων
500 5060 1011 5131 παραόεσλημένων
1036 5061 1117 5124 εἰς
1147 5059 1351 5129 πλῆθος
1394 5061 1495 5115 οὐκ
1527 5062 1594 5115 ἂν
1624 5062 1740 5134 ἔχοι

198 5155 543 5222 φιλενδεικτεῖν
590 5153 688 5226 τὴν
730 5152 943 5224 φαύλην
1014 5151 1213 5221 ὕσφαν.
1246 5152 1375 5207 Ὅτε
1404 5154 1460 5207 δέ
1515 5170 1624 5208 τινι
1672 5158 1740 5209 τὰ

201 5246 281 5311 μὲν
327 5250 468 5311 ἐντὸς
508 5246 729 5315 ἀπάσης
766 5244 1107 5316 ἀκαθαρσίας
1161 5246 1322 5315 γέμει
1365 5246 1465 5316 τῆς
1509 5248 1597 5301 διὰ
1640 5266 1739 5302 κα-

197 5338 314 5401 κίαν,
337 5340 528 5404 ἔξωθεν
558 5340 615 5405 δὲ
649 5338 852 5411 ἀρετῆς
890 5339 1247 5411 προφαίνοιτο
1282 5338 1471 5410 χάσμα
1503 5339 1737 5393 ἐπίπλα-

200 5444 317 5499 στον,
343 5436 450 5498 πῶς
478 5433 548 5487 ἀν
582 5434 699 5485 ἐκεῖ
723 5433 897 5503 νικῴη
929 5432 990 5486 τὸ
1058 5416 1291 5501 ἀληθῶς⁴
1334 5434 1611 5505 ἐνάρετον,
1675 5428 1735 5487 οὗ

198 5523 404 5597 μηδόλως
428 5527 652 5597 μέτεστι
690 5523 768 5593 τῷ
806 5524 1001 5595 ἀνδρε;
1072 5523 1294 5593 Ἀμέλει
1350 5524 1525 5589 καλῶς
1556 5528 1582 5578 ὁ
1636 5526 1736 5597 τὴν

197 5613 406 5682 ἐνάρετον
437 5614 638 5686 πρᾶξιν
665 5614 1012 5683 ψευδόμενος,
1046 5613 1143 5667 καὶ⁵
1168 5613 1243 5677 ὡς
1276 5609 1387 5667 οἷον
1433 5615 1739 5686 ὲφιμυθιω·

199 5706 329 5781 μένος
353 5708 464 5763 κατ’
493 5708 685 5777 αὐτὴν,
712 5708 805 5761 καὶ
830 5706 1113 5773 προσθέτῳ
1162 5705 1471 5777 ερυθήματι
1533 5707 1736 5771 καλλύ-

197 5797 401 5867 νδμενος,
422 5802 481 5854 ού
507 5799 775 5873 κρύψεται
817 5800 918 5869 τὴν
951 5796 1208 5869 αίσχρίαν
1240 5798 1328 5851 διὰ
1377 5800 1601 5869 παντὸς,
1632 5801 1731 5854 ἀλ-

200 5885 253 5947 λὰ
275 5892 393 5958 ταχὺ
432 5890 796 5963 ἐπιγνωσθεὶς
824 5892 1167 5967 ὲκερανεῖται,
1196 5892 1290 5944 καὶ
1321 5891 1578 5960 διαδείξει
1606 5894 1731 5959 ἑαν-

1843 4688 1927 4745 leo
1949 4688 2321 4757 stranguletur
2374 4686 2522 4757 quod
2574 4702 2681 4742 non
2723 4694 2802 4741 est
2840 4686 2891 4742 in
2914 4688 3094 4746 anima
3130 4690 3419 4761 rationale,

1841 4782 1922 4838 sic
1959 4780 2229 4841 intentam
2264 4778 2521 4833 malitiam
2578 4777 2891 4845 suﬂ'oearet,
2931 4792 3008 4845 ut,
3053 4780 3098 4835 si
3133 4798 3250 4852 quae
3282 4784 3423 4840 forte

1844 4874 2035 4931 lateret
2067 4874 2317 4938 interior,
2349 4870 2687 4931 manifestari
2750 4873 3000 4942 nequiret
3027 4892 3040 4928 :
3065 4881 3422 4945 quemadmo-

1843 4968 1967 5021 dum
2022 4965 2415 5021 tenacissitnus
2445 4974 2749 5019 aromatum
2802 4966 3131 5025 inclusorum
3180 4970 3313 5025 odor
3354 4974 3423 5027 ad

1849 5056 2251 5113 multitudinem
2294 5070 2398 5110 non
2438 5056 2643 5110 valeret
2676 5070 2897 5125 pravam
2938 5060 3193 5119 olcutiam
3222 5080 3395 5131 expau

1844 5157 1993 5209 dere.
2039 5151 2179 5207 Cum
2227 5161 2407 5205 autem
2448 5148 2679 5218 alicujus
2731 5150 2991 5215 interiora
3031 5154 3270 5224 qualibet
3324 5160 3395 5211 itu

1844 5247 2080 5316 puritate
2126 5243 2345 5298 malitiae
2392 5243 2550 5313 plena
2604 5253 2771 5311 sunt,
2832 5254 2880 5303 et
2921 5252 3189 5310 exteriora
3235 5252 3419 5304 (ictum

1844 5339 2059 5393 virtutis
2092 5338 2300 5394 hiatum
2344 5340 2664 5404 ostendunt,
2720 5342 2993 5411 quomodo
3052 5345 3293 5397 vinceret
3338 5344 3412 5396 ibi

1843 5433 1989 5503 quod
2024 5446 2150 5487 vere
2182 5432 2435 5487 virtutem
2466 5432 2631 5509 sapit,
2678 5448 2801 5489 cum
2833 5433 2958 5489 huic
3003 5436 3163 5490 homo
3198 5436 3421 5492 minime

1843 5524 2169 5596 participat?
2195 5523 2447 5589 Profecto
2471 5526 2564 5603 qui
2608 5526 2899 5596 pulchram
2931 5528 3203 5583 actionem
3243 5530 3420 5599 lingit,

1842 5629 1895 5674 et
1940 5634 2035 5690 per
2078 5634 2196 5674 eam
2225 5618 2379 5689 quasi
2415 5630 2732 5676 ccrussatus
2762 5630 2869 5689 est,
2900 5619 3287 5691 adjectitioquc
3330 5640 3421 5676 cu-

1842 5712 1957 5769 lore
1987 5721 2333 5777 venustatur,
2368 5726 2475 5767 non
2500 5726 2721 5781 semper
2750 5710 3051 5767 lmditatem
3102 5713 3419 5779 abscondet,

1840 5808 1934 5860 sed
1961 5806 2111 5861 brevi
2133 5806 2399 5879 cognitus
2427 5803 2737 5875 apparebit,
2770 5814 2823 5858 et
2887 5804 3128 5874 scipsum
3165 5805 3420 5860 fallacem

1842 5898 2271 5971 mendacemque
2349 5897 2685 5969 signatorem
2759 5898 3030 5954 ostendet.
3105 5896 3199 5957 Vel
3274 5900 3421 5958 enim
