3788 6556
300 330 408 392 359

1000 327 1433 397 EUSTATHII
1467 333 1926 398 THESSALON
1940 336 2234 399 lCENSlS
2268 333 2831 402 METROPOLlT/E

3436 338 3543 405 4οθ

303 447 589 508 postquam
624 435 780 492 malis
811 435 1021 491 artibus
1040 436 1154 507 iam
1189 442 1534 498 mendacium
1566 434 1861 515 compleviﬁ

1980 448 2071 503 τόν
2093 449 2384 511 ἀπατεῶνα
2416 450 2509 503 καὶ
2565 449 3026 521 ψευδεπίγραφον.
3061 447 3214 520 Ἔχει
3241 448 3297 503 δὲ
3325 450 3551 519 διπλόην

306 530 638 599 invaluitqne
671 528 948 599 decipiens
980 541 1351 597 occurrentes,
1384 548 1448 589 ac
1476 536 1526 589 in
1561 538 1765 591 sanctis
1790 545 1875 592 est

304 630 603 692 repntatus,
635 620 852 675 tandem
884 620 1123 675 abluitur
1174 622 1470 693 hypocrisi,
1510 624 1699 694 sicque
1720 640 1874 693 pror-

303 729 395 771 sus
421 714 594 767 factus
625 711 951 767 daemonium
984 711 1038 766 in
1068 712 1328 784 selatens
1362 714 1616 779 ostendit,
1644 724 1719 778 et,
1744 730 1877 771 con-

304 803 462 859 victis
492 802 840 868 mirantibus,
867 803 997 873 quid
1029 804 1099 860 ab
1127 805 1247 876 ipso
1277 805 1501 861 scenico
1523 807 1871 861 sanctitatem

300 894 710 958 :estimaverint,
737 897 882 964 quod
916 907 1034 950 erat
1058 910 1237 964 pravas
1267 906 1474 952 naturae
1496 912 1874 968 perversaque

304 986 425 1037 vitae
494 984 893 1041 manifestatur.
970 985 1061 1039 Vel
1118 986 1229 1041 cito
1287 985 1410 1042 boni
1469 988 1869 1046 simulationem

300 1089 521 1129 omnem
553 1076 781 1141 veritus,
818 1077 892 1131 uti
917 1092 1139 1147 gravem
1188 1077 1482 1148 ipsumque
1531 1078 1869 1152 fatigantem,

300 1170 365 1218 ad
393 1167 802 1222 similitudinem
838 1168 955 1238 ejus
979 1168 1094 1239 qui,
1130 1168 1313 1224 debile
1342 1184 1539 1239 corpus
1567 1172 1776 1228 habens
1803 1172 1871 1228 ad

299 1273 518 1319 scenam
544 1260 782 1327 graviter
820 1267 1181 1327 armatorum,
1228 1261 1281 1315 in
1334 1260 1689 1320 loricatorum
1734 1264 1871 1319 mili-

299 1364 411 1406 tum
456 1352 625 1406 armis
673 1353 961 1421 impeditus
1009 1364 1234 1423 apparet
1283 1355 1416 1424 (non
1448 1357 1593 1410 enim
1648 1358 1871 1414 omnino

299 1454 474 1511 petest
527 1445 792 1499 concinne
840 1447 1067 1513 moveri,
1127 1447 1486 1516 plurimorum
1539 1448 1868 1503 talentorum

299 1544 593 1589 armatura:
617 1537 856 1604 pondere
872 1537 1286 1609 circumdatus),
1310 1541 1482 1609 ipsam
1515 1539 1734 1609 quidem
1760 1541 1871 1594 vir-

299 1629 430 1678 tutis
462 1627 831 1695 apparentiam
894 1630 1051 1698 quasi
1100 1646 1316 1699 gravem
1359 1641 1412 1685 et
1473 1630 1867 1686 intolerabilem

297 1717 507 1785 ahjicit,
556 1718 757 1774 exinde
802 1734 932 1776 vero
993 1720 1252 1790 fugitivus
1284 1722 1461 1777 factus
1514 1722 1567 1776 in
1597 1722 1869 1778 evidentia

294 1810 552 1879 peccandi
590 1813 739 1868 brevi
775 1814 1097 1869 restituitur.

1985 542 2012 594 ό
2032 543 2270 606 τοιοῦτος
2294 542 2628 613 ὲκφάνσεως.
2674 542 2742 595 Ἥ
2768 542 2874 610 γάρ
2903 540 3104 603 ἀνύσας
3155 541 3255 612 ἤδη
3288 542 3553 610 τεχνικῶς

1983 634 2082 706 τὴν
2107 635 2417 706 ὑπόκρισιν,
2452 637 2547 690 καὶ
2574 633 2799 704 ἰσχύσας
2851 634 3191 702 ἐξαπατῆσαι
3241 632 3367 695 τοὺς
3398 649 3554 684 τετυ-

1981 728 2239 797 χηκότας,
2274 728 2369 779 καὶ
2424 724 2695 794 λογισθεὶς
2744 728 2800 777 ὲν
2827 726 3024 793 ἁγίοις,
3073 723 3400 777 ἀπολούεται
3449 724 3554 786 τὴν

1983 819 2272 888 ὑπόκρισιν
2320 816 2414 870 τοῦ
2445 815 2654 870 λοιποῦ·
2690 817 2785 868 καὶ
2817 815 3051 885 καθαρδς
3084 814 3225 867 οὑτω
3254 816 3552 884 γενόμενος

1979 912 2223 979 ἐκφαίνει
2270 910 2329 962 τὸ
2356 911 2414 962 ἐν
2442 908 2590 979 αὑτῷ
2637 909 2933 978 δαιμόνιον,
2970 907 3065 960 καὶ
3110 907 3546 978 πληροφορήσας

1977 1002 2106 1065 τοὺς
2136 1000 2447 1066 θεαθέντας,
2479 1001 2562 1054 ὅτι
2592 1000 3002 1069 κατετάχθησαν
3032 999 3129 1051 ὑπ’
3158 997 3322 1050 αὑτοῦ
3355 1013 3555 1065 σκηνο-

1981 1092 2339 1163 ϐατήσαντος,
2400 1091 2500 1161 τὴν
2572 1091 2883 1159 ἁγιωσύνην
2951 1088 3336 1150 διαδείκνυται,
3411 1088 3551 1155 ὅπερ

1977 1174 2046 1251 ἧν
2080 1180 2359 1248 ἐκφύσεως
2423 1179 2515 1233 καὶ
2554 1180 2764 1248 φαύλης
2805 1179 3067 1248 βιώσεως.
3107 1178 3181 1229 Ἦ
3221 1176 3355 1229 ἀλλά
3394 1177 3585 1229 εὑλα-ι

1980 1272 2167 1342 ϐηθεὶς
2211 1272 2402 1341 τάχιον
2448 1273 2548 1341 τὴν
2594 1273 2729 1333 ὅλως
2774 1271 3067 1340 ὑπόκρισιν
3113 1269 3208 1322 τοῦ
3231 1267 3417 1331 καλοῦ,
3475 1268 3553 1327 ὡς

1978 1364 2076 1417 καὶ
2148 1362 2315 1434 αὐτὴν
2350 1362 2570 1433 βαρεῖαν
2601 1363 2694 1415 καὶ
2746 1360 3161 1415 καταπονοῦσαν
3196 1359 3359 1411 αὑτὸν
3413 1358 3554 1427 πρὸς

1976 1454 2268 1524 ὁμοιότητα
2311 1454 2403 1507 τοῦ
2438 1456 2498 1506 εν
2528 1454 2745 1522 ἀγεννεῖ
2772 1452 2850 1522 τῷ
2884 1452 3095 1523 σώματι
3147 1451 3282 1520 πρὸς
3345 1450 3555 1503 ὁπλιτι-

1979 1546 2082 1614 κὴν
2107 1546 2308 1617 σκηνὴν
2327 1544 2735 1614 ἐνδεικνυμένου
2752 1543 2820 1597 τὰ
2840 1544 2948 1597 τῶν
2965 1544 3366 1613 καταφράκτων
3386 1559 3559 1613 στρα-

1979 1637 2188 1690 τιωτῶν
2220 1636 2362 1707 (οὑδὲ
2389 1635 2499 1705 γὰρ
2527 1636 2647 1689 οὑδὲ
2673 1635 2879 1698 ἐκεῖνος
2909 1635 3198 1703 εὐρύθμως
3224 1634 3399 1687 διόλου
3432 1633 3548 1700 ἔχει

1979 1725 2273 1789 κινεῖσθαι,
2306 1725 2771 1798 περιϐεϐλημένος
2797 1724 2961 1796 βάρος
2993 1724 3255 1786 ὁπλίσεως
3308 1721 3553 1778 πολυτά-

1901 1812 1943 1865 Β
1973 1814 2205 1885 λαντον),
2234 1816 2560 1887 ἀπορρίπτει
2590 1818 2689 1886 μὲν
2732 1816 2828 1870 καὶ
2864 1815 2994 1870 αὑτὸ
3021 1815 3080 1868 τὸ
3110 1815 3406 1885 πρόσχημα
3452 1811 3555 1882 τῆς

293 1909 495 1978 ἀρετῆς
533 1910 610 1974 ὡς
637 1909 774 1981 βαρῦ
807 1914 903 1966 καὶ
953 1910 1315 1978 ἀϐάστακτον,
1353 1911 1864 1967 ἀποκαθίσταταιδδ
1899 1914 2271 1984 δραπετεύσας
2298 1913 2504 1967 ἐκεῖθεν
2557 1912 2728 1983 ταχὺς
2797 1914 2874 1977 είς
2923 1913 2983 1967 τὸ
3043 1912 3336 1982 προφανῶς
3416 1908 3555 1979 ἐφά·

298 2021 527 2074 μαρτον.

362 2099 453 2151 50.
500 2098 565 2152 Ει
592 2100 673 2155 sic
731 2109 958 2169 uterque
1017 2100 1354 2155 simulationi
1384 2104 1575 2168 servit;
1612 2104 1704 2174 qui
1740 2117 1864 2173 per-

293 2198 509 2243 severat
528 2200 583 2244 et
615 2191 703 2259 qui
730 2190 993 2259 fugitivus
1013 2202 1098 2247 est
1124 2207 1317 2262 puram
1345 2193 1589 2249 retinent
1608 2194 1867 2250 similitu-

292 2278 475 2333 dinem
496 2295 622 2333 cutn
655 2295 717 2335 eo
739 2282 834 2350 qui
863 2282 1133 2352 principio
1152 2285 1332 2352 paruit
1349 2285 1868 2354 liypocrita,scilieet

291 2371 755 2440 antiquiSsimum.
802 2372 901 2428 llic
954 2375 1097 2428 enim
1159 2375 1574 2447 qualiscunque,
1636 2378 1681 2432 si
1725 2376 1866 2433 forte

291 2463 614 2532 eontigiset
658 2473 716 2518 ut
753 2464 915 2521 homo
947 2479 1207 2533 personas
1241 2468 1490 2523 heroicas
1527 2468 1860 2536 imitaretur,

296 2555 493 2610 deinde
523 2565 644 2623 post
665 2569 884 2611 scenam
914 2556 967 2611 in
1002 2556 1259 2613 humilem
1310 2570 1368 2612 ut
1400 2559 1557 2629 prius
1586 2560 1864 2616 hominem

291 2646 498 2700 redibat
528 2662 545 2702 :
574 2647 861 2717 hypocrita
906 2661 1035 2702 vero
1066 2650 1388 2713 monachus,
1437 2659 1725 2720 postquam
1752 2651 1865 2705 vir-

291 2747 465 2793 tutem
505 2739 913 2808 quomodoiibet
960 2740 1151 2805 illusit,
1187 2742 1279 2796 ille
1332 2757 1522 2799 rursus
1559 2751 1741 2798 manet
1772 2742 1866 2812 qui

292 2841 418 2885 ante
452 2831 985 2900 repraesentationem
1015 2841 1132 2887 erat
1160 2844 1438 2902 peccator.
1499 2834 1863 2890 Ascribantur

289 2937 420 2990 ergo
455 2922 592 2977 tales
625 2924 872 2978 homines
901 2925 1114 2979 comico
1153 2925 1388 2993 theatro,
1436 2936 1490 2979 et
1530 2928 1862 2983 subordinati

290 3012 510 3081 quidem
569 3012 892 3067 ordinentur
925 3012 978 3066 in
1012 3012 1335 3082 simpliciter
1382 3013 1629 3069 scenicos
1656 3028 1864 3084 eosque

289 3119 396 3159 non
450 3104 785 3170 concinnus;
838 3103 1149 3172 superiores
1201 3112 1382 3159 autem
1435 3114 1754 3175 reputentur
1805 3103 1861 3158 in

292 3196 490 3250 theatri
547 3195 734 3258 duces,
803 3194 1003 3263 istique
1083 3195 1429 3265 imperfectas
1485 3193 1862 3250 simulationes

302 3287 544 3351 rideant,
572 3286 959 3356 cogitationem
1010 3286 1250 3355 expertis
1279 3291 1655 3357 suggerentes,
1678 3286 1864 3353 quales

300 3393 424 3433 cum
470 3386 696 3431 tonsura
748 3376 963 3445 quidem
1031 3377 1402 3447 apparuerint,
1451 3375 1644 3447 quales
1675 3386 1857 3433 autem

291 3478 415 3539 post
478 3469 641 3523 breve
697 3478 911 3537 tempus
963 3469 1294 3526 manifestati
1343 3469 1472 3525 sint.
1522 3469 1864 3528 Simularunt

290 3561 435 3616 enim
488 3568 660 3614 totum
715 3559 906 3630 fugere
965 3561 1221 3616 mundum
1269 3570 1325 3616 et
1375 3570 1770 3632 consequenter
1798 3576 1861 3617 ea

286 3666 410 3720 quae
469 3651 827 3718 comitantur,
866 3653 1008 3706 inter
1042 3667 1160 3722 quae
1199 3662 1326 3711 sunt
1369 3662 1622 3722 parentes
1662 3653 1866 3723 aliique

288 3742 610 3798 familiares.
660 3741 1073 3798 Constituerunt
1116 3755 1296 3799 autem
1328 3758 1547 3814 quoque
1608 3744 1712 3800 sibi
1746 3761 1865 3800 mo-

296 3833 529 3888 destiam
583 3842 637 3888 et
695 3848 1015 3889 successum
1064 3844 1119 3888 et
1184 3836 1408 3890 omnino
1463 3845 1858 3902 paupertatem,

289 3926 528 3994 ideoque
551 3924 926 3995 nihilprorsus
944 3925 1133 3992 partiri
1154 3935 1402 3995 possunt.
1427 3926 1697 3992 Quidnam
1717 3929 1860 3984 enim

289 4016 647 4082 partirentur,
697 4018 788 4085 qui
832 4016 968 4071 nihil
1008 4017 1211 4072 habere
1258 4017 1566 4085 tinxerunt;
1627 4033 1730 4073 nec
1783 4019 1866 4073 ul-

288 4105 400 4160 lum
449 4104 609 4159 alium
660 4106 931 4163 hominem
976 4117 1171 4177 praeter
1221 4107 1745 4176 semetipsosvidere
1772 4125 1864 4167 as-

268 4198 431 4252 sueti
475 4198 645 4253 sunt“?
706 4198 1010 4270 "Postquam
1056 4205 1234 4254 autem
1304 4199 1429 4255 huic
1484 4215 1661 4257 scena:
1742 4215 1863 4257 sese

272 4289 572 4358 paululum
620 4289 899 4347 dedissent
972 4292 1613 4362 repraesentavissentque
1674 4293 1864 4349 drama

292 4388 451 4457 quasi
496 4388 603 4459 ipsi
653 4388 874 4459 choragi
942 4387 1142 4454 forent,
1182 4386 1401 4442 sibimet
1456 4403 1520 4443 ac
1571 4388 1864 4446 levioribus

288 4479 568 4549 placentes
615 4474 1035 4547 spectatoribus,
1094 4464 1278 4532 unum.
1311 4471 1501 4533 solum'
1534 4495 1598 4536 ex
1648 4479 1862 4536 actione

288 4572 583 4627 dramatica
636 4571 883 4642 plerique
947 4583 1118 4640 usque
1169 4571 1236 4624 ad
1294 4572 1455 4626 linem
1494 4573 1857 4637 retinuerunt,

2041 2102 2106 2160 λ’.
2159 2105 2270 2158 Καὶ
2296 2101 2468 2165 οὑτως
2520 2102 2771 2171 ἑκάτεροι
2800 2099 2973 2155 δοῦλοι
3016 2100 3115 2169 τῆς
3176 2100 3549 2170 ὑποκρίσεως,

1967 2198 1997 2250 ὅ
2029 2214 2089 2251 τε
2126 2195 2444 2268 παράμονος
2472 2195 2564 2248 καὶ⁸
2594 2194 2622 2247 ό
2655 2193 2854 2263 φυγὰς,
2920 2191 3268 2257 ἀποσώζουσι
3298 2194 3554 2265 καθαρὰν

1968 2288 2218 2344 εἰκασίαν
2249 2287 2385 2358 πρὸς
2412 2284 2505 2340 τδν
2531 2285 2908 2357 πρωτοφανῶς
2935 2284 3257 2355 ὑποκριτὴν,
3316 2274 3552 2339 τδν’πα·

1967 2380 2217 2433 λαίτατον
2237 2376 2459 2448 δηλαδή.
2487 2375 2725 2439 Ἐκεῖνός
2755 2391 2815 2427 τε
2865 2372 2974 2443 γὰρ
3000 2376 3029 2427 ό
3071 2374 3273 2444 τυχὼν,
3340 2375 3396 2427 ef
3443 2390 3549 2427 που

1968 2472 2062 2525 καὶ
2092 2470 2248 2540 λάχοι
2282 2469 2566 2539 ἅνθρωπος
2603 2466 2679 2520 ὣν
2730 2466 2826 2519 καὶ
2890 2464 3270 2536 μιμησάμενος
3325 2463 3547 2533 ἠρωῖκά

1967 2562 2257 2636 πρόσωπα,
2293 2556 2410 2614 εἶτα
2438 2559 2577 2631 μετά
2608 2559 2706 2629 τὴν
2738 2564 2948 2628 σκηνὴν
2980 2556 3059 2618 είς
3080 2554 3173 2608 τὸν
3198 2553 3393 2625 πρῴην
3443 2570 3546 2607 τα-

1968 2655 2152 2708 πεινὸν
2174 2650 2461 2723 ἄνθρωπον
2505 2650 2821 2721 ἀνέκαμπτε
2846 2665 2862 2681 θ
2893 2648 2987 2703 καὶ
3013 2650 3041 2701 ό
3091 2645 3216 2701 καθ’
3247 2645 3544 2714 ὑπόκρισιν

1964 2748 2021 2802 δι
2080 2744 2313 2817 μοναχδς
2343 2743 2442 2816 τὴν
2469 2741 2672 2814 ἀρετὴν
2708 2740 2906 2807 παίξας
2942 2739 3027 2809 ἐφ’
3058 2735 3368 2801 ὁποσονοῦν,
3398 2738 3546 2790 έκεῖ-

1967 2853 2056 2899 νος
2108 2832 2267 2897 αὖθις
2324 2831 2475 2904 μένει
2527 2833 2556 2887 ό
2620 2831 2715 2887 καὶ
2768 2830 2874 2901 πρὸ
2923 2832 3026 2901 τῆς
3090 2828 3545 2900 σκηνοϐατήσεως

1971 2925 2323 2999 ἁμαρτωλός.
2373 2922 2932 2994 ’Δποκληροὺσθωσαν
2956 2921 3022 2992 δὴ
3048 2920 3147 2974 καὶ
3196 2921 3248 2973 oi
3308 2919 3545 2973 τοιοῦτοι

1970 3019 2249 3090 ἄνθρωποι
2294 3020 2360 3087 τῇ
2420 3016 2753 3086 παιγνήμονι
2794 3014 3025 3086 θυμέλῃ,
3062 3016 3154 3068 καὶ
3183 3011 3544 3065 ὑποτακτικοὶ

1973 3110 2073 3181 μὲν
2104 3108 2260 3172 ὄντες
2304 3107 2654 3179 τετάχθωσαν
2700 3106 2779 3167 είς
2825 3104 3014 3166 ἀπλῶς
3070 3101 3419 3174 θυμελικοὺς,
3444 3098 3545 3152 καὶ

1969 3201 2167 3265 αὑτοὺς
2195 3200 2296 3257 οὑκ
2322 3199 2580 3271 ἐμμελεῖς
2606 3213 2619 3228 ⁸
2645 3195 3090 3267 ὑπερκαθήμενοι
3122 3195 3177 3248 δὲ
3204 3191 3545 3258 λογιζέσθω-

1890 3312 1938 3376 c
1970 3310 2072 3349 σαν
2095 3293 2171 3358 ὡς
2205 3293 2286 3356 είς
2333 3291 2575 3363 θυμέλης
2602 3289 2996 3361 προάρχοντας,
3021 3287 3072 3341 οἶ
3120 3288 3215 3341 καὶ
3266 3284 3551 3355 γελάσθω-

1969 3401 2068 3438 σαν
2099 3382 2209 3436 τῶν
2233 3384 2294 3437 οὑ
2330 3381 2632 3441 σπουδαίων
2677 3381 3044 3451 ὑποκρίσεων,
3069 3379 3276 3433 εννοιαν
3303 3379 3417 3439 τοῖς
3444 3393 3543 3429 πε-

1964 3475 2319 3545 πειραμένοις
2348 3473 2757 3537 ὑποϐάλλοντες,
2807 3465 2913 3525 ὀἷοι
2973 3470 3074 3541 μὲν
3131 3471 3246 3540 ἀμα
3273 3472 3338 3540 τῇ
3366 3471 3545 3540 κουρᾷ

1966 3566 2325 3637 ἐξεφάνησαν,
2377 3562 2482 3620 οἷοι
2538 3565 2595 3619 δὲ
2626 3565 2762 3634 μετά
2790 3566 2982 3635 χρόνον
3011 3563 3071 3616 οὑ
3111 3562 3280 3616 πολὺν
3313 3563 3537 3616 ἀπεδει-

1965 3658 2196 3729 χθησαν.
2246 3656 2645 3726 ’Υπεκρίναντο
2681 3657 2781 3728 μὲν
2819 3656 2951 3725 γὰρ,
2978 3655 3072 3708 τὸν
3103 3654 3218 3725 βίον
3251 3655 3543 3726 πρόπαντα

1967 3750 2180 3818 φυγεῖν,
2212 3747 2519 3811 ἀκολούθως
2544 3747 2600 3804 δὴ
2633 3749 2725 3801 καὶ
2748 3747 2817 3801 τὰ
2844 3747 3225 3818 παρεπόμενα,
3254 3747 3316 3797 ὲν
3338 3741 3423 3810 οἷς
3446 3746 3543 3803 καὶ

1965 3843 2013 3895 oi
2048 3839 2186 3914 πρὸς
2225 3841 2415 3909 γένους
2439 3844 2535 3895 ttat
2586 3841 2636 3895 οῖ
2664 3839 2839 3904 άλλως
2886 3838 3141 3908 γνωστοί.
3169 3837 3465 3903 Ἐτάξαντο
3483 3840 3543 3893 δδ

1965 3931 2059 3984 καὶ
2091 3929 2318 4000 ἀτυφίαν
2348 3932 2443 3984 καὶ⁵
2472 3929 2802 3998 ὲκτοπισμὺν
2852 3928 2944 3984 καὶ
2974 3929 3036 3982 τὸ
3065 3929 3205 3997 ὅλως
3252 3928 3428 3992 ἀϐ;ον,
3459 3928 3542 3982 διδ

1965 4022 2067 4076 οὑκ
2087 4021 2152 4075 ἀν
2184 4021 2281 4075 καὶ
2332 4021 2662 4091 μετάδωσιν.
2692 4019 2848 4082 Τίνος
2903 4019 3013 4090 γάρ
3047 4018 3115 4074 ἀν
3168 4020 3451 4091 μεταδοῖεν
3486 4020 3538 4071 οῖ

1969 4113 2136 4184 μηδὲν
2192 4113 2339 4183 ἔχειν
2378 4113 2905 4186 προσποιησάμενοι,
2944 4112 3040 4166 καὶ
3062 4112 3198 4183 μηδὲ
3243 4111 3536 4179 ἄνθρωπον

1969 4206 2188 4277 βλέπειν
2213 4205 2372 4260 ἀλλον
2410 4203 2782 4274 κυρώσαντες,
2811 4204 2895 4257 ὃτι
2927 4204 3002 4275 μὴ
3035 4203 3229 4274 μόνους
3283 4203 3536 4267 ὲαυτούςς

1964 4299 2176 4369 Μικρὸν
2198 4299 2256 4352 δὲ
2288 4300 2356 4369 τῇ
2387 4298 2558 4368 σκηνῇ
2597 4296 2769 4368 ταύτῃ
2824 4296 3316 4367 ὲμμελετήσαντες,
3347 4299 3443 4350 καὶ
3477 4296 3538 4348 τὸ

1963 4390 2148 4460 δρᾶμα
2179 4388 2603 4459 ἐπιδειξάμενοι,
2630 4386 2705 4452 ὡς
2741 4388 2895 4440 αὑτοὶ
2928 4388 3296 4458 ἐχορήγησαν,
3320 4387 3536 4450 ἑαυτοῖς

1964 4483 2060 4538 καὶ
2118 4483 2230 4544 τοῖς
2304 4480 2690 4552 ἀϐαθεστέροις
2741 4479 2956 4542 θεαταῖς
3004 4478 3432 4549 εὑηρεστηκότες
3478 4476 3539 4530 ἓν

1969 4572 2130 4642 μόνον
2160 4572 2261 4641 τῆς
2290 4572 2735 4643 δραματουργίας
2788 4572 3206 4641 παρακατέσχον
3266 4572 3348 4634 είς
3382 4570 3537 4632 τέλος

287 4662 687 4733 ρνωῧευινοιαιη
722 4662 1123 4719 lamentabilem
1156 4662 1466 4731 nigritiam;
1510 4668 1727 4723 caeteris
1756 4681 1858 4723 att-

1979 4666 2016 4717 εί
2068 4664 2305 4730 πλείους,
2330 4642 2439 4737 τὴν
2463 4663 2906 4734 προφαινομένην
2959 4662 3223 4734 πένθιμον
3253 4663 3534 4732 μελανίανο

286 4766 392 4811 tem
424 4757 828 4821 abstinuerunt,
866 4770 974 4811 non
1004 4754 1152 4824 quod
1186 4754 1450 4812 ludebant
1487 4769 1854 4827 remanentes,

284 4862 387 4903 nec
453 4847 616 4903 etiam
665 4845 734 4901 ad
799 4846 981 4916 priora
1019 4857 1377 4914 revertentes,
1419 4849 1511 4903 sed
1540 4849 1594 4904 in
1642 4851 1858 4922 pejores

288 4937 693 5004 tranSfortttati,
723 4937 984 4993 mundum
1018 4937 1152 4993 adeo
1186 4939 1294 4994 sibi
1317 4941 1592 5010 proprium
1625 4943 1856 5013 operati,

285 5041 344 5083 ut
372 5030 519 5086 illius
559 5027 733 5099 magis
766 5042 926 5098 quam
960 5034 1132 5086 sancti
1182 5032 1498 5086 monasterii
1551 5047 1676 5088 esse
1712 5033 1857 5089 vide-

284 5134 494 5177 rentur.

356 5212 446 5265 51.
483 5210 658 5264 Antea
715 5208 930 5279 quidem
992 5212 1191 5266 etenim
1254 5214 1335 5268 vel
1387 5213 1634 5282 quaedam
1682 5214 1855 5268 victus

285 5299 538 5369 quazstio,
577 5299 663 5354 vel
696 5296 1035 5370 publicitatis
1061 5302 1236 5370 pudor
1266 5303 1412 5373 ipsos
1441 5304 1620 5358 arcuit
1645 5319 1675 5357 a
1712 5302 1850 5359 foro.

284 5389 663 5447 Fastidiebant
684 5390 827 5445 enim
861 5389 1001 5445 inter
1030 5390 1224 5448 multos
1264 5392 1458 5461 videri,
1491 5392 1705 5463 plurimi
1737 5394 1855 5463 qui-

287 5489 411 5539 dem
441 5482 565 5552 quia
602 5481 872 5538 mundana
909 5485 1324 5540 conversatione
1360 5500 1465 5537 non
1500 5496 1657 5539 erant
1704 5486 1853 5556 digiti

280 5576 372 5644 qui
406 5575 891 5645 cettSpicet‘entur;
929 5574 1109 5646 plures
1140 5584 1317 5628 autem
1346 5575 1508 5629 etiam
1536 5574 1605 5630 ob
1632 5575 1850 5646 aliquod

283 5670 498 5723 facinus
535 5666 878 5737 probrosum,
910 5680 940 5722 e
982 5667 1178 5737 quibus
1206 5666 1409 5734 aliquot
1451 5680 1639 5723 carcer
1662 5668 1855 5724 celavit

194 5802 207 5807 _
286 5757 715 5823 ntatei‘acientes,
764 5768 816 5813 et
870 5759 948 5814 sic
998 5758 1255 5815 abscondi
1287 5772 1391 5813 non
1429 5756 1660 5817 libenter
1716 5763 1853 5818 obti-

1967 4758 2078 4810 τῶν
2102 4755 2159 4813 δὲ
2187 4756 2390 4813 λοιπῶν
2427 4755 2746 4826 ἀπέσχοντο,
2777 4754 2872 4826 μὴ,
2930 4755 3068 4826 ὅπερ
3125 4754 3370 4821 ἔπαιζον,
3424 4753 3540 4824 μεί-

1968 4864 2178 4916 ναντες,
2208 4847 2301 4903 καὶ
2329 4847 2465 4917 μηδὲ
2492 4847 2571 4910 είς
2596 4845 2663 4900 τὰ
2709 4846 2947 4917 πρότερα
2968 4845 3097 4913 γοῦν
3118 4845 3539 4899 ἀποκαταστάν-

1967 4956 2081 5006 τες,
2107 4940 2243 4993 ἀλλά
2290 4938 2748 5009 μεταποιηθέντες
2772 4939 2851 5001 είς
2884 4936 3158 5009 χείρονας,
3187 4938 3282 4991 τὸν
3330 4936 3539 5005 κόσμον

1964 5034 2022 5095 ἐς
2050 5030 2305 5086 τοσοῦτον
2342 5031 2779 5101 οίκειωσάμενοι,
2803 5031 2878 5095 ὡς
2925 5032 3134 5085 εκείνου
3165 5030 3364 5100 μᾶλλον
3396 5025 3540 5084 εἶναι

1961 5123 2159 5190 δοκεῖν,
2189 5123 2224 5195 ἢ
2250 5121 2343 5175 τοῦ
2383 5123 2540 5192 ἁγίου
2594 5123 3032 5195 φροντιστηρίου.

2032 5214 2138 5267 λα.
2221 5215 2429 5282 Ἰόπρὶν
2471 5214 2570 5280 μὶν
2630 5214 2738 5283 γὰρ
2777 5214 2812 5285 ἡ
2849 5212 2966 5284 βίου
3032 5212 3263 5285 ζήτησις
3308 5211 3534 5283 ἡτισοῦν

1961 5305 2177 5375 ἀπῆγεν
2215 5305 2413 5367 αὑτοὺς
2436 5306 2535 5375 τῆς
2555 5305 2781 5375 ἀγορᾶς,
2813 5304 2846 5376 ἢ
2869 5303 3103 5375 ἐντροπὴ
3149 5303 3529 5374 προφάνσεως.

1966 5390 2196 5449 Ὠκνουν
2230 5395 2338 5467 γὰρ
2362 5394 2463 5466 τὴν
2486 5395 2544 5448 ὲν
2584 5397 2695 5459 τοῖς
2727 5394 2943 5471 πολλοῖς
3011 5393 3169 5453 θέαν·
3230 5394 3279 5447 ei
3316 5393 3531 5454 πλείους

1968 5487 2067 5556 μὲν
2104 5485 2192 5539 διὰ
2235 5484 2296 5536 τὸ
2326 5485 2424 5554 τῆς
2455 5484 2597 5538 κατὰ
2632 5484 2835 5555 κόσμον
2857 5482 3121 5553 ἀναϐολῆς
3154 5483 3256 5536 οὑκ
3283 5481 3532 5546 ἀξιοθέα-

1962 5594 2077 5644 τον,
2114 5575 2300 5643 πολλοὶ
2331 5576 2387 5629 δὲ
2420 5576 2516 5629 καὶ
2536 5576 2623 5630 διά
2654 5574 2992 5646 κακουργίαν
3043 5573 3432 5651 αἰσχύνουσαν,
3459 5564 3536 5628 ὧν

1961 5668 2025 5739 δή
2053 5685 2201 5731 τινας
2231 5668 2323 5721 καὶ
2354 5665 2632 5738 κάθειρξις
2689 5665 3005 5735 ἐπέκρυπτε
3064 5663 3531 5734 κακουργοῦντας,

1962 5762 2054 5818 καὶ
2085 5762 2226 5815 οὑτω
2258 5760 2626 5832 λαγχάνοντας
2656 5760 2716 5813 τὸ
2760 5758 2905 5815 οὑτω
2936 5758 3283 5839 κρύπτεσθαι
3303 5758 3363 5810 οὑ
3406 5753 3525 5809 καθ’
