3840 6554
192 413 283 475 409

1130 409 1431 469 CONTRA
1472 408 1650 470 INJU
1666 406 1970 466 RIARUM
2014 406 2459 468 MEMORIAM.

3286 411 3393 474 4l0

192 518 543 592 ίχουσαν.’Καὶ
592 516 747 570 τοῦτο
777 516 836 569 ού
868 519 1003 586 προς
1042 518 1331 585 φιλαυτίαν
1367 518 1441 585 (τί
1485 518 1592 587 γάρ
1626 534 1716 587 μοι

1837 530 1914 568 -us
1946 530 2088 569 sum.
2120 514 2183 569 Et
2217 516 2318 571 hoc
2376 531 2481 570 non
2517 532 2702 571 amore
2735 518 2837 572 mei
2888 518 3038 590 (quid
3070 521 3213 575 enim
3260 525 3393 578 mihi

196 614 334 683 μέλον
368 610 753 679 σκιαγραφίας,
784 610 830 661 εί
859 609 1110 677 ψεύδοιτο
1156 610 1254 679 μὲν
1291 612 1351 663 τὸ
1382 612 1722 691 στερέμνιον,

195 703 423 772 βλάπτειν
474 700 530 752 δὲ
581 701 729 767 λέγει
778 699 1013 770 ούὸἐνς)⁴
1049 700 1163 753 ἀλλ’
1198 701 1286 754 ῐνα
1346 700 1419 771 μὴ
1456 701 1726 770 παραϐλέ-

192 807 360 851 ποντες
388 790 433 841 οί
458 788 522 840 τὰ
548 791 798 859 ἡμέτερα
830 792 1268 861 ζωγραφοῦντες,
1296 794 1391 846 καὶ
1422 795 1500 857 εἰς
1531 794 1726 865 λοιπὴν

192 882 416 950 ἀτεχνίαν
463 882 823 933 ἑκπίπτοιενο
860 882 996 952 ὅπερ
1040 884 1367 949 είσμάλιστα
1399 886 1582 961 δάκνει
1633 904 1723 955 με,

191 974 235 1023 εἴ
266 986 359 1040 περ
386 970 558 1033 ἄλλως
591 973 1022 1042 πεπαιδευμένοι
1055 973 1122 1025 τά
1162 975 1241 1037 είς
1287 977 1387 1045 τὴν
1425 976 1722 1045 γραφικὴν,

194 1060 273 1113 καὶ
296 1062 481 1128 τρανὲς
517 1060 576 1113 δὲ
608 1062 681 1121 ὡς
721 1062 981 1114 ἑκάστοτε
1016 1062 1302 1131 βλέποντες
1343 1065 1403 1116 οὐ
1446 1064 1722 1133 βλέπουσι,

118 1148 121 1151 ’
190 1154 266 1204 καὶ
285 1148 498 1205 τοιαῦτα
532 1154 670 1223 πρὸς
704 1154 1018 1224 ἀκρίϐειαν,
1048 1157 1141 1210 καὶ
1172 1154 1418 1219 νοοῦντες
1445 1158 1721 1211 ἐκϐαίνου-

192 1260 260 1295 σιν
284 1246 358 1305 είς
392 1243 702 1301 ἀλλόκοτον.
780 1304 795 1315 _
1054 1317 1060 1322 ,

245 1339 303 1401 γ’.
352 1334 660 1406 Ἐξενίκησε
711 1338 768 1391 δέ
821 1355 910 1408 με,
944 1341 1040 1394 καὶ
1092 1342 1173 1404 είς
1225 1343 1343 1396 τάδε
1386 1344 1723 1413 ἀντιγραφῆς

188 1428 518 1495 παρήγαγεν,
575 1430 661 1481 ὅτι
722 1430 795 1500 μὴ
833 1432 992 1498 μόνον
1039 1435 1097 1485 ἐν
1147 1434 1274 1502 τῇδε
1322 1438 1385 1503 τῇ
1423 1436 1574 1489 πόλει
1626 1437 1724 1507 τὴν

188 1519 345 1570 εἰκόνα
378 1521 554 1589 ἡμῶν,
609 1522 671 1574 τὸ
717 1524 1004 1577 Δαυῖτικδν
1045 1526 1239 1591 εἰπεῖν,
1288 1516 1725 1592 ὲξουδένωσανοί

186 1607 275 1657 εἴτε
302 1610 617 1677 γράφοντες,
659 1612 769 1663 εἴτε
805 1612 1205 1681 διαγράφοντες
1244 1618 1413 1687 ἡμᾶς,
1461 1619 1597 1672 ἀλλά
1627 1618 1724 1689 τὴν

188 1698 604 1765 φαυλεπίφαυλον
644 1702 825 1754 αὐτῶν
866 1703 1075 1767 εἰκόνα,
1137 1709 1261 1759 καθ’
1310 1708 1377 1777 ἢν
1430 1710 1579 1779 ἡμᾶς
1624 1710 1725 1760 οὐκ

187 1790 557 1857 ἀνεστήλωσαν,
584 1792 749 1857 λέγω,
792 1791 906 1846 ἀλλ’
938 1794 1353 1863 ἐστηλίτευσαν,
1388 1798 1489 1860 ἕως
1522 1801 1611 1851 καὶ
1646 1802 1725 1863 εἰς

188 1880 267 1947 τὴν
292 1882 541 1951 μεγίστην
576 1882 689 1934 τῶν
725 1883 934 1935 πόλεων
981 1889 1344 1954 περιήγαγον.
1386 1888 1541 1942 Ἔστι
1581 1890 1637 1943 δὲ
1666 1893 1726 1944 τὸ
1760 1857 1799 1913 Β

186 1971 361 2022 τούτων
387 1972 675 2038 δείκηλον
729 1992 747 2024 ι
788 1976 1144 2043 Μνησίκακός
1187 1978 1343 2045 ἀνὴρ,
1385 1979 1729 2050 ὲπτιγεγριιμ⁹

191 2062 322 2128 μένος
351 2067 426 2125 εἰς
458 2066 723 2135 ἀρχιερέα
768 2067 1178 2138 Θεσσαλονίκης
1204 2068 1294 2121 τὸν
1343 2072 1487 2141 ἄρτι.
1530 2093 1547 2123 ο
1587 2071 1729 2142 Πρὸς

190 2154 211 2204 ὃ
237 2156 291 2222 δὴ
321 2154 509 2222 βρέτας
540 2158 831 2225 (παικτέον
863 2160 969 2229 γάρ
998 2177 1048 2211 τι
1078 2161 1216 2213 κατὰ
1242 2162 1339 2230 τῆς
1367 2162 1573 2231 φαύλης
1602 2164 1729 2232 τέχ-
1774 2225 1778 2229 ε

190 2244 285 2311 γης)
333 2246 395 2297 τὰ
426 2247 621 2316 πρῶτα
656 2247 757 2317 μὲν
789 2250 1112 2317 ἐντρανίσας
1144 2252 1414 2323 ὲγέλασατ
1454 2248 1573 2306 εἶτα
1606 2271 1729 2305 συν-

190 2334 381 2400 αγαγὼν
431 2337 670 2406 ἐμαυτὸν
705 2342 784 2401 είς
815 2336 1112 2405 νοῦν,’καὶ
1157 2341 1466 2410 ἐθαύμασα,
1505 2343 1651 2404 ὅπως
1701 2345 1729 2395 ὁ

191 2426 451 2489 παναίολος
478 2430 678 2496 χρόνος
723 2429 963 2498 παράγει
1006 2430 1107 2499 μὲν
1160 2433 1255 2483 καὶ
1289 2432 1357 2483 τὰ
1407 2433 1727 2501 καινοφανῆ,

190 2520 325 2586 γεννᾷ
348 2518 399 2570 δὲ
432 2520 584 2588 ὅμως
615 2521 715 2573 οὐκ
749 2522 904 2590 ὀλίγα
937 2522 1012 2585 ὠς
1041 2519 1152 2575 οἷον
1184 2524 1240 2574 ὲν
1284 2525 1600 2593 ἀνακάμψει
1633 2526 1729 2578 καὶ

190 2609 302 2676 πρὸς
333 2613 569 2676 παλαιὰς
606 2616 957 2684 ὁμοιότητας,
1002 2618 1096 2669 καὶ
1126 2616 1306 2669 αὐτῶν
1345 2618 1442 2680 τὰς
1480 2618 1579 2687 μὲν
1610 2618 1729 2681 οἵας

192 2701 519 2768 ἐπαινεῖσθαι,
556 2705 654 2767 τὰς
693 2705 750 2757 δὲ
780 2706 949 2775 λήθης
988 2709 1224 2778 ἐσχάτης
1255 2709 1428 2775 ἀξίας.
1461 2710 1569 2761 Καὶ
1610 2708 1728 2779 ἅμα

192 2787 536 2861 ὲνίνοησάμην
564 2794 662 2855 τὰς
694 2793 803 2845 τῶν
846 2794 1349 2849 ἀποκαταστάσεως)
1394 2796 1729 2867 θρυλλουμέ-

193 2894 271 2940 νας
309 2884 819 2947 πεντακοσιοστύας,
862 2880 936 2938 ὧν
962 2886 1124 2957 ἔργον
1166 2888 1358 2955 φασὶν,
1402 2888 1524 2939 ἐπεὶ
1554 2896 1732 2958 παρα-

194 2968 431 3037 δράμοιεν,
474 2977 871 3044 ἐπανατρέχειν
927 2980 1007 3039 εἰς
1063 2977 1131 3030 τὰ
1178 2977 1461 3044 φθάσαντα
1516 2977 1591 3037 ὡς
1640 2972 1731 3030 οἵα

195 3062 271 3113 καὶ
299 3064 743 3136 παραδείγματα,
784 3070 880 3120 καὶ
910 3071 1086 3120 ποιεῖν
1131 3064 1287 3129 αὖθις
1321 3069 1501 3135 ἀγαθά
1536 3085 1594 3120 τε
1636 3070 1730 3122 καὶ

194 3154 316 3205 κακὰ
357 3158 557 3221 ἐκεῖνα,
616 3158 762 3220 ὅσοις
808 3160 835 3210 ό
866 3157 1153 3229 προλαὸὼν
1195 3159 1303 3212 τῶν
1350 3161 1727 3215 πεντακοσίων

197 3243 307 3295 ἑτῶν
334 3247 600 3316 ἑλκυσμὸς
632 3249 955 3320 ὲνδιέτριῲε.
1020 3284 1025 3288 -

248 3506 300 3561 δ’.
339 3510 541 3579 Χρόνος
565 3507 659 3565 οὖν
690 3513 857 3567 πάλαι
891 3514 1020 3566 ποτὲ
1053 3514 1228 3586 διέϐη,
1257 3515 1385 3569 καθ’
1416 3514 1473 3567 ὃν
1504 3516 1639 3570 ἄλλα
1668 3531 1728 3569 τε

196 3606 291 3645 τινα
322 3597 536 3664 φαύλως
584 3599 993 3672 ὲθεωρήθησαν,
1040 3604 1132 3655 καὶ
1174 3605 1234 3656 τὸ
1289 3604 1511 3659 σύννουν
1545 3606 1601 3657 δὲ
1636 3606 1728 3658 καὶ

198 3684 494 3749 φυλακτικὸν
527 3691 751 3755 ἑαυτοῦ,
788 3693 883 3744 καὶ
910 3691 984 3763 μὴ
1015 3694 1215 3765 ῥᾳδίως
1242 3697 1354 3758 τοῖς
1387 3694 1727 3766 βλάπτεσθαι

196 3777 433 3835 ἐθέλουσιν
456 3782 774 3852 ἁναχρωννύ
784 3800 961 3852 μενον,
990 3786 1070 3848 είς
1093 3786 1193 3838 ούκ
1224 3786 1426 3853 ἀγαθὸν
1451 3788 1726 3857 ἐνεγράφη

198 3870 287 3931 rei;
317 3886 371 3937 γε
400 3874 845 3944 παραθεωροῦσι.
870 3876 981 3929 Καὶ
1005 3877 1068 3947 δὴ
1097 3877 1194 3930 καὶ
1230 3878 1322 3931 νῦν
1356 3878 1548 3948 χρόνος
1574 3874 1727 3945 οὗτος

201 3958 413 4033 ἐξεφάνη,
445 3968 675 4041 γράφων
714 3968 793 4029 είς
817 3969 1149 4037 χαρακτῆρα
1195 3968 1381 4038 ὅμοιον
1431 3970 1526 4021 καὶ
1559 3970 1725 4038 ἡμᾶς,

200 4049 261 4099 ὅτι
288 4056 613 4125 προσέχομεν
652 4059 784 4127 ἡμῖν
831 4061 1018 4122 αὐτοῖς
1068 4061 1163 4113 καὶ
1223 4061 1597 4131 σκεπτόμεθα,
1652 4064 1727 4134 μὴ

202 4140 505 4215 βαλλώμεθα,
546 4149 638 4201 καὶ
674 4150 1059 4220 φυλαττόμεθα
1096 4153 1169 4206 τὰ
1198 4152 1299 4224 τῆς,
1337 4154 1586 4225 διαδολῆς
1618 4156 1726 4224 ἀμ·

201 4231 488 4307 φίΰληστρα,
538 4242 636 4291 καί
690 4240 1182 4311 ἀνακαθαίρομεν,
1242 4244 1614 4309 εὐθετίζοντες
1658 4245 1730 4298 τὰ

202 4329 362 4393 πτερὰ,
391 4329 443 4380 εἴ
465 4349 603 4391 πως,
636 4325 709 4384 ὧν
742 4333 1151 4404 πεπειράμεθα,
1198 4335 1440 4403 παγίδων
1484 4337 1729 4407 ύπερπε-

202 4418 383 4486 τόμενοι
419 4424 754 4493 σωζοίμεθα.

260 4510 308 4563 ε’.
352 4514 480 4583 Φέρε
524 4514 614 4583 δὴ,
660 4515 933 4584 χρώματα
979 4515 1171 4586 τρίψας
1214 4516 1282 4570 δι’
1320 4511 1393 4570 ὧν
1431 4518 1612 4587 ἔχοιμι
1664 4519 1731 4573 ἂν
1763 4554 1804 4610 D

203 4599 400 4665 ἐμαυτὸν
433 4605 784 4674 μεταγράψαι
820 4609 901 4669 εἰς
935 4608 1071 4676 ὅπερ
1104 4609 1222 4677 εέμὶ
1266 4609 1349 4679 (ού
1397 4610 1504 4679 γὰρ
1535 4608 1730 4664 λανθάς

204 4703 336 4757 rapat
371 4696 659 4766 κατόπτρῳ
694 4696 1033 4766 κεχρημένος
1082 4698 1141 4751 ὲν
1186 4694 1229 4765 ᾧ
1276 4699 1564 4769 χαρακτὴρ
1600 4700 1731 4769 ἐμὸς

206 4782 510 4853 ιμ’ξαίνεται,
557 4788 614 4840 ὃν
661 4790 693 4857 ἠ
746 4789 893 4859 ψυχὴ
938 4789 1183 4842 ἑκάστων
1228 4790 1516 4857 γράφουσα
1559 4792 1615 4843 ἐν
1654 4791 1732 4860 τῷ

209 4874 397 4941 βάπτειν
442 4884 523 4944 είς
575 4882 882 4951 συνείδησιν
930 4884 1184 4953 προῖστᾷ,
1228 4881 1367 4934 ὥστε
1413 4884 1508 4934 καὶ
1552 4883 1731 4946 ἄλλοις

206 4967 480 5036 βλέπεσθαι,
513 4974 609 5025 καὶ
642 4972 1016 5043 διακρίνεσθαι
1048 4972 1118 5025 τὰ
1145 4972 1266 5025 κατ’
1288 4968 1442 5042 ἦθος,
1473 4974 1566 5025 καὶ
1588 4972 1732 5026 οὕτω

203 5064 565 5126 περιποιεῖσθαι
601 5065 700 5133 μὲν
742 5066 811 5116 τα
837 5063 1012 5133 ὀρθῶς
1049 5064 1267 5133 ἔχοντα,
1298 5062 1645 5133 διορθοῦσθαι
1673 5063 1731 5116 δὲ

203 5151 336 5213 τὶὼς
365 5155 558 5225 ἑτέρως
592 5156 976 5222 ἐκπίπτοντα),
1022 5154 1470 5224 διακριὸὡσομαι
1514 5155 1572 5207 τὸ
1601 5155 1732 5223 ἐμὸν

205 5247 328 5308 πιρά
356 5250 462 5306 τοῖς
514 5247 746 5300 ἐνταῦθα
796 5249 1109 5316 εἰκόνισμα,
1140 5249 1207 5301 τὰ
1250 5247 1349 5316 μὲν
1399 5246 1533 5301 ἄλλα
1588 5247 1731 5298 πάνυ

204 5329 627 5405 ἀπηκριϐωμένον
686 5339 830 5391 κατὰ
881 5339 1010 5400 τοὺς
1079 5338 1180 5407 ἐμὲ
1245 5337 1386 5407 πρὸς
1456 5337 1733 5406 ἁμαρτίαν

206 5424 476 5491 γράψοντας
506 5429 707 5499 (φαίνω
731 5430 839 5499 γὰρ
876 5430 986 5483 ἰδοὺ
1013 5430 1250 5498 ἐμαυτὸν
1286 5428 1462 5491 ἄλλως
1499 5428 1596 5496 μὲν
1625 5428 1733 5479 ότι-

207 5515 328 5577 μὰλα
351 5520 797 5592 διεστραμμένον,
840 5524 935 5576 καὶ
982 5522 1173 5592 ἀγαθῴ
1224 5522 1416 5590 μηδενὶ
1459 5518 1733 5588 ὲλλαμπό-

208 5622 342 5671 μενον
402 5618 478 5677 είς
546 5616 966 5685 εὐπρόσωπον)·
1030 5616 1090 5667 τὺ
1155 5616 1339 5685 μέντοι
1398 5613 1733 5683 μνησίκακον

206 5698 250 5755 ἐς
276 5710 325 5751 τὸ
349 5706 448 5758 πᾶν
475 5707 782 5776 διαγράφω,
822 5710 917 5760 καὶ
947 5708 1219 5776 ἐξαλείφω
1271 5710 1367 5777 τῆς
1400 5708 1633 5771 εἰκόνος.
1665 5705 1731 5775 ἢν

204 5788 471 5864 ἀνέστησάν
509 5818 598 5869 μοι
622 5800 689 5854 τα
727 5801 866 5854 καλὰ
894 5801 1055 5854 τέκνα
1104 5799 1259 5869 τῆσδε
1302 5801 1399 5869 τῆς
1432 5798 1657 5860 πόλεως.

1754 3207 1800 3267 C

1828 621 1972 660 cura:
2005 605 2143 661 foret
2179 609 2414 675 pictura,
2448 610 2490 663 si
2541 610 2862 664 mentiretur
2889 612 3103 679 quidem
3136 616 3392 682 solidum,

1828 697 1967 751 nihil
2022 707 2199 753 autem
2236 700 2407 753 nocivi
2461 701 2837 771 indicaret?),
2902 706 2994 757 sed
3058 720 3125 758 ne
3162 710 3252 773 qui
3298 724 3395 760 no-

1826 797 1940 842 stra
1976 790 2232 858 pingunt,
2267 806 2363 859 per
2390 791 2658 861 ignaviam
2696 793 2878 847 denuo
2914 795 2965 847 in
2999 794 3135 849 artis
3180 796 3397 867 imperi-

1828 880 1956 933 tiam
1976 881 2278 936 decidant:
2324 887 2464 952 quod
2502 885 2549 938 in
2588 885 2781 955 primis
2815 902 2901 940 me
2948 902 3139 955 vexat;
3183 890 3229 943 si
3277 894 3397 959 qui-

1829 972 1947 1024 dem
1983 986 2067 1026 res
2101 974 2388 1043 graphicus
2417 977 2551 1032 satis
2588 979 2727 1032 docti
2759 978 3009 1048 clareque
3038 979 3149 1036 fere
3179 997 3396 1049 semper

1830 1056 2107 1122 videntes,
2150 1076 2296 1115 nunc
2346 1063 2561 1131 quidem
2617 1069 2913 1123 cascutiunt
2963 1077 3017 1125 et
3060 1085 3171 1140 pra:
3226 1073 3389 1129 nimia

1827 1150 2039 1202 cautela
2066 1149 2405 1208 descendunt
2442 1155 2490 1209 in
2519 1157 2834 1214 absurdum.

1899 1326 1951 1380 5.
1976 1328 2179 1385 Devicit
2208 1341 2382 1386 autem
2416 1349 2500 1390 me
2525 1349 2750 1405 prorsus
2772 1348 2825 1394 et
2854 1340 2905 1395 in
2934 1342 3068 1396 hanc
3094 1348 3390 1402 accusatio~

1829 1433 1950 1472 nem
1989 1422 2221 1489 induxit,
2252 1426 2393 1494 quod
2425 1443 2526 1481 non
2565 1430 2735 1484 solum
2765 1432 2817 1485 in
2855 1433 2957 1489 hac
2994 1438 3123 1491 urbe
3147 1451 3391 1496 nostram

1829 1509 2140 1579 imaginem,
2169 1515 2323 1583 juxta
2354 1517 2663 1573 Davidicum
2701 1522 2927 1589 dictum,
2951 1525 3016 1578 ad
3046 1528 3271 1582 nihilum
3310 1546 3392 1584 re-

1829 1599 2088 1668 degerunt
2135 1604 2226 1671 qui
2282 1620 2378 1661 nos
2428 1608 2542 1661 sive
2592 1612 2836 1679 pingunt,
2876 1614 2989 1669 sive
3050 1618 3385 1683 describunt,

1843 1691 1938 1743 sed
1970 1693 2282 1747 vilissimatn
2320 1696 2561 1764 ipsorum
2609 1701 2915 1771 imaginem,
2963 1722 3056 1773 per
3085 1725 3245 1777 quam
3291 1725 3390 1766 nos

1828 1782 1969 1835 haud
1994 1785 2044 1836 in
2072 1785 2284 1854 cippum
2309 1789 2676 1855 elevavernnt,
2703 1794 2844 1859 dico,
2870 1798 2965 1850 sed
3000 1799 3049 1850 in
3073 1800 3229 1869 cippo
3254 1802 3392 1857 male

1831 1883 2179 1939 notaverunt,
2220 1888 2497 1946 postremo
2523 1882 2575 1933 in
2606 1884 2819 1936 urbium
2852 1888 3139 1941 maximam
3165 1892 3398 1945 circum-

1830 1964 2117 2021 duxerunt.
2157 1969 2252 2024 Est
2297 1984 2476 2027 autem
2526 1974 2739 2028 illorum
2771 1978 2986 2048 imago:
3027 2000 3045 2031 ι
3082 1981 3288 2038 Memor
3317 1986 3399 2039 in-

1830 2056 2103 2122 iuriarum
2132 2062 2233 2127 vir,
2280 2074 2569 2131 provectus
2614 2068 2668 2120 in
2745 2080 3063 2137 przrscnlem
3110 2074 3399 2129 Thessalo-

1834 2146 1967 2199 nica:
1995 2149 2483 2221 archiepisenpum.
2525 2172 2544 2205 ›
2578 2155 2655 2208 Ad
2689 2159 2829 2225 quod
2879 2159 3234 2216 simulacrum
3280 2166 3400 2233 (ali-

1833 2239 2071 2305 qualiter
2098 2242 2238 2295 enim
2271 2244 2560 2298 lUtll'lltllllll
2588 2256 2668 2299 cst
2688 2251 2942 2305 adtwrsus
2968 2253 3157 2306 malam
3182 2260 3400 2326 artem),

1832 2329 2006 2397 primo
2036 2332 2277 2399 quidem,
2323 2336 2491 2388 oculis
2533 2337 2584 2389 iu
2624 2338 2672 2389 id
2708 2341 2988 2408 conjectis,
3037 2344 3163 2409 risi;
3203 2346 3398 2401 deinde

1833 2422 2146 2491 recolligens
2172 2418 2435 2491 mentem,
2471 2427 2623 2482 valde
2647 2430 2806 2482 etiam
2847 2433 3069 2486 miratus
3105 2450 3220 2488 sum
3274 2448 3393 2506 iuo-

1835 2513 1995 2567 modo
2036 2524 2336 2580 temporum
2390 2522 2621 2574 varietas
2665 2537 2797 2591 nova
2827 2526 3073 2591 quantam
3120 2529 3185 2579 ad
3218 2527 3389 2582 lucem

1831 2603 2119 2669 producat,
2163 2620 2266 2659 nou
2299 2621 2466 2673 pauca
2505 2619 2680 2664 tamen
2720 2622 2961 2680 generet
3016 2625 3271 2683 tanquam
3338 2620 3389 2673 in

1836 2697 2193 2749 renovatione
2236 2700 2642 2769 secundumque
2714 2712 2924 2757 veteres
2989 2707 3395 2771 similitudines.

1831 2799 2059 2853 quarum
2092 2788 2209 2841 aliis
2244 2790 2459 2855 quidem
2497 2792 2655 2845 laude
2691 2794 2864 2861 dignae
2917 2808 3064 2863 sunt,
3104 2800 3223 2854 alia:
3269 2817 3397 2857 vero

1844 2878 2083 2930 omnium
2110 2879 2401 2933 oblivione.
2425 2881 2490 2935 Et
2515 2882 2674 2935 simul
2700 2884 2749 2937 in
2779 2894 3012 2941 mentem
3039 2891 3284 2943 revocavi
3312 2907 3399 2945 ce-

1844 2967 2162 3024 leberrimos
2203 2973 2609 3028 reSIitutionum
2660 2977 2983 3045 quingentos
3032 2996 3225 3047 annos,
3268 2998 3403 3051 (μιοδ

1837 3074 1950 3111 rum
1996 3060 2226 3141 elficium
2265 3073 2372 3129 est,
2413 3066 2582 3130 aiunt,
2632 3080 2756 3120 cum
2805 3070 3174 3137 transierunt,
3222 3076 3285 3128 ad
3334 3091 3397 3129 ea

1832 3163 1952 3217 quae
1997 3166 2394 3220 praecesserunt
2440 3170 2717 3211 recurrere
2758 3167 3008 3228 tanquam
3050 3164 3397 3231 exemplaria,

1832 3240 2119 3310 denuoque
2165 3247 2461 3312 producere
2514 3247 2655 3302 bona
2706 3249 2787 3303 vel
2850 3250 2984 3304 mala
3034 3252 3147 3316 illa,
3199 3257 3398 3324 quibus

1834 3335 2076 3403 elapsum
2127 3339 2542 3407 quingentorum
2594 3354 2860 3394 annorum
2916 3344 3148 3410 spatium
3205 3349 3398 3403 immu-

1836 3435 2012 3479 ratum
2066 3434 2169 3481 est.

1904 3519 1959 3571 4.
2004 3515 2239 3586 Tempus
2284 3519 2446 3588 igitur
2499 3520 2627 3574 olim
2673 3519 2963 3589 aliquando
2995 3526 3230 3592 transiit,
3267 3538 3397 3596 quo,

1836 3623 1958 3663 cum
1986 3608 2162 3678 aliqua
2194 3618 2386 3663 cetera
2420 3646 2437 3673 ,
2472 3620 2579 3664 tum
2636 3612 2922 3679 prudentia
2956 3613 3151 3681 suique
3182 3631 3402 3671 conser-

1838 3701 1981 3755 vatio
2010 3715 2173 3771 prave
2204 3701 2543 3755 considerata
2592 3714 2744 3766 sunt,
2794 3715 2848 3757 et
2882 3720 2987 3757 non
3030 3705 3205 3762 facilis
3239 3724 3268 3760 a
3301 3726 3399 3763 ntr-

1830 3804 1961 3845 ‘cere
2010 3790 2313 3845 volentibus
2362 3791 2780 3849 decolorationis
2822 3796 3047 3862 opilicio
3088 3797 3138 3850 in
3173 3813 3279 3852 non
3306 3801 3402 3855 bo-

1834 3897 1968 3939 num
1996 3881 2184 3939 Saltem
2214 3896 2245 3936 a
2273 3883 2413 3937 male
2438 3884 2813 3951 judicantibus
2843 3885 3167 3953 imputatum
3200 3900 3302 3943 est.
3339 3891 3401 3943 Et

1835 3973 2081 4044 profecto
2112 3988 2255 4027 nunc
2298 3974 2437 4027 istud
2475 3984 2685 4043 tempus
2718 3976 2937 4037 reluxit,
2989 3976 3154 4030 simili
3203 3982 3400 4034 chara-

1834 4076 1985 4119 Ctere
2032 4079 2131 4118 nos
2177 4061 2338 4116 etiam
2368 4064 2615 4131 pingens,
2652 4076 2717 4118 eo
2745 4068 2887 4133 quod
2925 4068 3272 4132 providemus
3307 4086 3402 4125 uo-

1838 4154 1920 4208 bis
1948 4165 2000 4208 et
2046 4169 2114 4208 ne
2150 4153 2464 4221 deﬁciamur
2508 4167 2788 4219 cavemus,
2839 4163 2894 4207 et
2944 4157 3227 4210 calumniae
3261 4171 3393 4215 netia

1837 4243 2112 4312 fugimus,
2167 4251 2223 4295 et
2280 4242 2396 4296 alas
2449 4251 2695 4311 aptantes
2733 4258 3103 4313 repurgamus,
3157 4246 3202 4300 si
3260 4249 3399 4303 forte

1838 4349 2006 4403 super
2068 4334 2235 4397 retia,
2262 4334 2458 4402 quibus
2506 4334 2695 4389 tentati
2726 4349 2940 4399 sumus,
2992 4336 3254 4403 volantes,
3288 4342 3398 4393 sal-

1844 4425 2002 4479 vandi
2035 4424 2226 4478 simus.

1906 4514 1959 4568 5.
2000 4515 2111 4583 Age
2134 4530 2293 4583 porro
2312 4555 2328 4581 ,
2360 4514 2509 4569 tritis
2530 4514 2821 4581 coloribus,
2852 4516 3049 4585 quibus
3079 4530 3162 4571 me
3191 4520 3395 4586 possim

1836 4607 1997 4660 talem
2066 4607 2243 4675 qualis
2298 4622 2418 4661 sum
2465 4607 2683 4675 pingere
2732 4607 2876 4677 (non
2915 4608 3060 4662 enim
3106 4610 3400 4664 obliviscor

1838 4700 1913 4751 uti
1943 4699 2181 4766 speculo,
2222 4703 2367 4753 unde
2400 4713 2513 4751 mea
2544 4698 2716 4752 forma
2760 4699 2981 4760 relucet,
3027 4702 3169 4768 quod
3217 4703 3396 4755 anima

1798 4790 2095 4858 .cujusque
2152 4789 2379 4858 pingens
2452 4790 2743 4843 colorando
2808 4792 3220 4857 conscientiam,
3271 4804 3398 4848 ante

1832 4898 1890 4937 se
1917 4882 2066 4951 ponit
2087 4890 2189 4933 uta
2214 4881 2722 4945 czeteriscernatur,
2749 4882 2910 4948 inque
2929 4882 3221 4935 moralibus
3247 4884 3386 4945 dqu-

1834 4975 2065 5040 dicetur,
2086 4984 2142 5026 et
2165 4975 2243 5027 sic
2270 4976 2600 5027 retineantur
2624 4987 2684 5026 ea
2707 4975 2920 5041 quidem
2946 4989 3061 5042 qua:
3082 4986 3222 5029 recta
3247 4984 3395 5039 sunt,

1833 5062 2176 5129 corrigantur
2223 5075 2439 5114 errores
2489 5061 2850 5129 commissi);
2904 5062 3178 5131 perﬁciam
3219 5079 3391 5116 meam

1832 5167 2014 5206 coram
2058 5152 2144 5205 hic
2193 5150 2548 5217 praesentibus
2584 5150 2908 5219 imaginem;
2942 5154 3006 5205 de
3044 5163 3237 5207 caetero
3268 5156 3391 5220 qui-

1833 5248 1954 5299 dem
1989 5260 2212 5313 prorsus
2243 5252 2549 5297 accuratam
2583 5243 2875 5295 sccundnm
2907 5259 3001 5298 eos
3031 5246 3122 5313 qui
3158 5260 3239 5296 me
3272 5260 3394 5313 pec-

1830 5336 2167 5390 caininosum
2210 5334 2445 5403 pingunt
2482 5336 2630 5403 (ecce
2658 5335 2803 5387 enim
2854 5335 3137 5402 metipsum
3180 5334 3393 5388 aliunde

1833 5427 2048 5495 quidem
2082 5427 2464 5488 deformatum,
2494 5437 2546 5478 et
2566 5426 2632 5477 ad
2661 5425 2941 5493 pulchram
2986 5425 3213 5477 formam
3245 5424 3393 5477 nullo

1834 5521 1977 5574 bono
2015 5517 2337 5571 relucentem
2361 5517 2636 5585 ostendo);
2666 5518 2802 5569 lianc
2825 5524 3002 5568 autem
3035 5514 3160 5567 mali
3190 5527 3397 5568 memo-

1832 5613 1967 5666 riam
1992 5610 2212 5665 omnino
2240 5609 2389 5664 deleo
2411 5619 2463 5662 et
2495 5607 2684 5661 aufero
2710 5608 2776 5660 ab
2805 5608 2907 5658 hac
2936 5606 3191 5673 imagine,
3221 5620 3384 5673 quam

1834 5702 1963 5758 mihi
1991 5702 2156 5773 hujus
2188 5700 2333 5755 urbis
2364 5699 2484 5755 boni
2512 5702 2658 5754 cives
2681 5706 2987 5750 erexerunt.
