3840 6554
387 364 489 434 dli

1098 363 1523 426 EUSTATIIII
1548 363 1838 426 TIIESSA
1852 365 2303 429 LONICENSIS
2346 363 2918 428 ΜΕΤΒΟΡἿῌΤΕ

3538 365 3642 428 612

466 485 518 534 6.
557 475 683 530 Mihi
724 482 912 530 autem
953 473 1032 529 sic
1088 475 1304 529 babenti
1350 489 1572 544 scopum
1619 475 1777 530 aliter
1827 477 1964 532 hanc

2144 487 2221 545 ς’.
2261 480 2419 534 υῦτω
2447 479 2511 550 δή
2562 496 2652 549 μοι
2679 477 3003 547 προθεμένῳ
3034 475 3257 540 σκοπδν,
3289 479 3641 547 μεταχρὼσαι

393 570 664 626 colorandi
703 575 910 638 partem
955 567 1138 632 calcis,
1164 583 1324 636 quam
1355 566 1501 622 docti
1553 569 1788 638 pictores
1847 584 1979 623 mea:

392 661 770 730 applicuerunt
803 658 1010 727 ﬁguras,
1051 657 1505 711 considerandum
1537 657 1644 710 erit
1683 667 1812 712 ante
1847 657 1976 722 alia,

393 753 592 822 quibus
618 748 747 803 illud
781 748 1032 816 imaginis
1057 747 1242 800 vitium
1265 748 1552 800 commode
1579 746 1821 816 pateileri
1851 761 1979 816 pos-

394 846 486 907 sit,
530 842 655 910 quia
707 855 810 892 non
851 838 1008 906 plane
1055 835 1421 891 necessarium
1466 838 1605 893 idem
1646 855 1788 904 esse,
1823 839 1978 910 juxta

394 934 802 1001 cogitationem,
843 933 1086 999 quaedam
1137 931 1355 983 nomina
1377 945 1472 998 per
1532 932 1977 1001 compositionem

395 1028 660 1099 proferre,
716 1038 1038 1092 rursumque
1083 1037 1182 1088 per
1235 1022 1630 1090 appositionem
1687 1037 1977 1092 exponere.

397 1123 546 1176 Sicut
602 1126 784 1171 autem
850 1132 954 1169 non
1005 1129 1219 1182 semper
1271 1115 1325 1167 in
1374 1116 1623 1168 eumdem
1657 1124 1978 1184 conccptmu

395 1214 619 1265 veniunt
647 1209 1023 1276 expressiones
1049 1205 1294 1275 privatim
1329 1205 1633 1267 abstractae,
1660 1222 1982 1276 rursumque

397 1304 554 1358 simul
595 1288 856 1370 appositae
888 1298 1018 1367 (non
1046 1297 1190 1349 enim
1222 1295 1420 1364 aliquis
1451 1297 1766 1366 singillatim
1798 1315 1980 1368 gram-

397 1397 627 1450 maticus
652 1397 850 1455 dictus,
887 1401 940 1446 et
975 1405 1160 1443 rursus
1190 1390 1442 1458 privatim
1480 1391 1641 1456 celer,
1673 1390 1783 1458 jam
1811 1392 1973 1445 etiam

396 1489 784 1555 grammaticus
805 1484 951 1537 celer
971 1483 1282 1536 necessario
1310 1483 1522 1544 evadet.
1553 1496 1650 1535 nec
1673 1497 1838 1551 eques
1857 1483 1988 1535 sim-

398 1579 628 1649 pliciter,
663 1588 716 1631 et
748 1575 1002 1645 privatim
1029 1575 1224 1638 bonus,
1263 1573 1372 1639 jam
1414 1572 1470 1624 in
1504 1568 1702 1625 bonum
1735 1573 1978 1641 equitem

399 1671 708 1727 necessario
751 1667 1141 1733 concurrunt);
1175 1664 1249 1718 ita
1290 1679 1389 1718 nee
1427 1664 1478 1716 in
1505 1663 1651 1718 idem
1677 1665 1852 1732 vergit
1895 1666 1979 1716 di-

396 1780 520 1820 cere
537 1761 943 1824 sciomachiam,
964 1757 1017 1811 in
1037 1772 1198 1809 unum
1219 1755 1449 1809 redactis
1471 1755 1708 1810 (umbra:
1728 1774 1745 1805 ι
1771 1772 1988 1824 pugna:-

2081 574 2240 628 τοῦτό
2273 589 2337 639 γε
2368 571 2428 624 τὸ
2456 573 2618 643 μέρος
2648 572 2745 639 τῆς
2775 569 2982 633 κονίας,
3009 570 3074 640 ἣν
3096 571 3142 621 οἱ
3175 570 3338 621 δεινοὶ
3367 568 3644 640 ζωγράφοι

2079 664 2158 735 τῷ
2188 664 2308 735 ἐμῷ
2342 665 2656 734 χαρακτῆρι
2702 662 3106 733 προσέπλασεν,
3141 662 3444 731 θεωρητέον
3471 663 3538 716 ἂν
3565 664 3646 734 ειη

2083 756 2190 826 πρὸ
2220 756 2326 808 τῶν
2354 755 2550 821 ἄλλων,
2583 753 2648 807 δι’
2674 747 2748 805 ὧν
2782 755 2958 806 ἐκεῖνο
2995 753 3056 804 τὸ
3085 752 3181 815 τῆς
3217 751 3428 813 εἰκόνος
3465 753 3648 820 ἀμαρ-

2079 847 2252 900 τωλὲν
2283 847 2568 916 ἐπιτυχίαν
2624 845 2871 915 εὑρήσει,
2905 845 2988 896 ὅτι
3037 843 3097 895 οὐ
3149 843 3390 906 πάντως,
3434 841 3561 894 οὐδὲ
3593 840 3652 906 ἐξ

2083 932 2330 1009 ἀνάγκης
2361 938 2578 1001 ταύτὸν,
2613 938 2749 1008 πρὸς
2772 937 2984 989 ἔννοιαν
3015 936 3283 998 συνθέτως
3302 951 3364 986 τι
3395 949 3655 1002 προενεγο

2083 1032 2201 1084 κεῖν
2250 1029 2489 1097 όνόματά
2540 1046 2683 1092 τινα,
2713 1030 2807 1082 καὶ
2852 1025 2920 1079 αὖ
2956 1027 3116 1080 πάλιν
3150 1025 3464 1094 ἐξαγγεῖλαι
3513 1026 3655 1078 κατὰ

2085 1119 2411 1191 παράθεσιν.
2464 1119 2604 1170 Ἀλλ’
2634 1117 2822 1187 ὥσπερ
2853 1118 2951 1170 οὐκ
2977 1118 3057 1178 εἰς
3089 1116 3284 1168 ταύτδν
3318 1115 3404 1169 ἀεὶ
3447 1115 3655 1184 νοὴμα⁴

2082 1230 2172 1275 τος
2227 1213 2481 1282 ἔρχονται
2531 1211 2705 1274 λέξεις
2745 1209 3131 1279 ἀφωρισμέναι
3201 1208 3305 1278 ἰδία
3358 1207 3455 1260 καὶ
3497 1205 3657 1268 αῦ¹ιις

2086 1303 2522 1374 παρατιθέμεναι
2550 1304 2633 1374 (οὐ
2678 1302 2784 1374 γὰρ
2832 1301 3099 1370 δήπουθεν
3132 1301 3445 1372 καταμόνας
3476 1316 3659 1367 γραμ-

2088 1396 2294 1467 ματεύς
2321 1413 2406 1458 τις
2435 1393 2751 1464 λεγόμενος,
2785 1394 2878 1446 xal
2911 1388 2990 1446 αὖ-
3012 1392 3177 1445 πάλιν
3210 1392 3314 1462 ίδίᾳ
3350 1390 3520 1460 ταχὺς
3554 1390 3653 1460 ήδη

2085 1487 2178 1537 καὶ
2205 1483 2566 1553 γραμματεὺς
2593 1483 2762 1552 ταχὺς
2796 1484 3117 1548 ἀναγκαίως
3138 1480 3383 1533 ἐκϐαίνει
3403 1494 3419 1508 ’
3449 1481 3561 1531 οὐδ’
3590 1479 3656 1531 ἂν

2084 1574 2112 1625 6
2148 1574 2242 1626 καὶ
2294 1573 2492 1636 ἱππεὺς
2540 1571 2748 1636 ἁπλῶς,
2787 1571 2882 1625 καὶ
2915 1570 3036 1624 κατ’
3075 1572 3214 1623 ίδίαν
3259 1570 3501 1639 ἀγαθὸς,
3555 1570 3654 1638 ἤδη

2085 1666 2179 1719 xxi
2211 1667 2288 1728 είς
2317 1665 2521 1732 ἀγαθὸν
2555 1665 2730 1717 ίππέα
2752 1663 2872 1716 κατ’
2896 1664 3144 1733 ἀνάγκην
3172 1661 3655 1731 συνδραμοῦνται),

2089 1755 2259 1819 οὓτως
2285 1756 2394 1808 οζδ⁹
2431 1758 2509 1818 είς
2527 1756 2722 1810 ταύτὸν
2756 1756 2947 1823 ἄγεται
2981 1771 3001 1805 ι
3045 1756 3371 1823 σκιαμαχεῖν
3400 1772 3419 1805 ν
3455 1753 3654 1814 εἰπεῖν,

356 1882 375 1900 ο
399 1871 504 1926 que
522 1854 848 1915 nominibus,
870 1859 925 1904 et
947 1862 1162 1902 rursum
1183 1865 1201 1898 ι
1229 1846 1329 1900 sub
1349 1846 1538 1900 umbra
1560 1860 1827 1915 pugnare:
1852 1851 1984 1900 thoe

2094 1845 2264 1916 ὑφ’ἒν
2294 1849 2571 1916 ἀγαγόντα
2621 1847 2776 1917 ῥῆμα
2830 1845 2890 1897 τὸ
2939 1848 3039 1914 τῆς
3082 1862 3100 1895 ι
3153 1847 3308 1904 σκιᾶς
3353 1862 3370 1892 ι
3427 1841 3657 1907 καὶτῆς

399 1947 618 2016 quidem
643 1954 902 2014 prospere
933 1940 989 1992 lit
1024 1949 1078 1990 et
1107 1937 1470 2000 desideratur,
1496 1936 1624 1989 dum
1651 1936 1979 1990 sciomacbia

401 2035 854 2106 vituperationem
888 2030 1051 2083 habet
1079 2039 1131 2082 et
1159 2027 1316 2095 juxta
1349 2028 1694 2096 proverbium
1723 2027 1790 2078 ad
1841 2027 1982 2080 idem

402 2129 622 2182 reditac
653 2124 796 2180 aeris
841 2119 1168 2178 vcrberatio.
1203 2117 1295 2172 Sic
1319 2119 1483 2173 etiam
1522 2135 1540 2168 ι
1571 2118 1934 2184 chirodieum,
1960 2136 1980 2170 ι

403 2234 596 2274 manus
631 2218 877 2286 iurisque
905 2211 1218 2281 conjttnctio
1249 2209 1680 2280 vituperabiltter
1705 2208 1982 2276 ostendit;

403 2315 551 2368 illum
581 2322 787 2381 autemr
819 2307 1018 2376 quijtts
1043 2306 1094 2357 itt
1119 2303 1368 2356 manibus
1388 2302 1566 2368 habet,
1603 2321 1622 2353 ι
1647 2303 1986 2356 laudabiliter

403 2403 664 2469 designat.
699 2399 908 2452 Pariter
945 2412 964 2446 ι
994 2392 1313 2462 sceptriferi
1353 2393 1567 2461 quidem
1594 2405 1674 2446 cSt
1700 2393 1984 2446 Verborum

404 2493 793 2563 compositione
817 2504 938 2552 rex;
973 2505 990 2538 ι
1020 2497 1285 2554 sceptrum
1317 2502 1336 2536 ι
1369 2491 1552 2537 autem
1585 2484 1848 2550 disjuncte
1883 2481 1989 2536 fert

405 2603 490 2640 cut
504 2601 602 2638 vus
621 2593 674 2638 et
694 2582 944 2636 sordidus
963 2579 1160 2632 ithaca:
1182 2576 1462 2630 mendicus
1479 2575 1715 2646 Ulysses.
1737 2594 1755 2626 ι
1774 2575 1987 2628 Andra-

400 2678 541 2748 poda
570 2696 589 2728 ι
622 2678 870 2730 novimus
894 2672 1111 2741 quidem
1149 2688 1167 2721 ι
1191 2670 1416 2724 serviles
1438 2684 1726 2737 personas;
1755 2685 1774 2718 ι
1797 2669 1840 2722 si
1867 2667 1992 2735 quis

405 2782 582 2825 autem
630 2769 980 2836 expressiOtte
1011 2765 1187 2818 soluta
1219 2761 1350 2814 dicit
1384 2778 1404 2811 ι
1443 2762 1718 2814 hominum
1751 2762 1932 2829 pedes,
1964 2777 1982 2811 ι

406 2862 625 2916 exindet
647 2862 892 2927 drapetas
913 2856 1150 2910 tinvenit
1171 2868 1408 2908 servosa
1431 2851 1736 2906 Bubulcitat
1759 2871 1778 2904 ι
1795 2852 1990 2922 aliquis

407 2953 548 3006 velut
572 2949 834 3020 agricola:
865 2966 883 2998 ι
916 2953 1079 3000 boves
1100 2954 1278 2999 autem
1303 2945 1480 3011 praedo
1503 2943 1771 2997 abducit.»
1807 2961 1826 2994 ι
1846 2940 1994 2995 Ami-

407 3059 502 3098 cus
527 3061 542 3092 I
571 3041 787 3110 quidem
811 3058 830 3090 ι
857 3043 1027 3092 bonus
1047 3053 1067 3086 ι
1096 3035 1352 3088 virtutem
1378 3033 1570 3087 habet:
1596 3049 1614 3083 ι
1647 3035 1943 3102 pltilocalus
1965 3051 1986 3084 ι

407 3145 587 3188 autem
614 3135 769 3186 aliter
801 3129 1135 3198 intelligitur,
1159 3137 1212 3180 et
1245 3126 1504 3179 malitiam
1530 3125 1750 3188 indicat,
1777 3127 1989 3194 qualem

405 3226 568 3280 uiam
592 3225 772 3278 dicere
793 3221 1065 3291 sapientes
1088 3217 1334 3272 lncsitant
1365 3233 1384 3267 ι
1409 3215 1538 3270 Boni
1566 3234 1584 3267 ι
1616 3220 1830 3286 quidem
1851 3235 1870 3268 ι
1901 3231 1994 3286 pe-

406 3321 502 3374 des
533 3337 552 3370 ι
574 3314 902 3371 conveniunt
923 3311 1087 3366 etiam
1113 3309 1267 3376 viris,
1303 3309 1520 3364 beroice
1539 3310 1844 3378 agentibus,
1866 3325 1991 3365 cum

408 3410 523 3464 inec
541 3409 700 3461 verba
717 3411 1054 3474 separantur:
1076 3399 1128 3453 in
1144 3415 1306 3452 unum
1325 3407 1504 3452 autem
1523 3400 1992 3468 conjuncta,calli-

409 3505 610 3571 spher
633 3497 897 3568 (pulchris
922 3492 1168 3563 pedtbus)
1195 3490 1476 3546 mulierem
1514 3500 1801 3545 exornant.
1837 3509 1856 3544 ι
1895 3491 1996 3546 Sa-

406 3609 503 3648 cro
527 3592 854 3645 ministerio»
883 3588 927 3641 si
949 3587 1070 3655 quis
1087 3595 1367 3647 oneratur,
1388 3583 1561 3636 sacris
1581 3584 1642 3637 lit
1665 3593 1819 3652 aptus
1842 3601 1856 3638 :
1878 3587 1995 3638 bte-
2029 3595 2032 3598 ’

405 3686 636 3740 rodulus
653 3691 830 3738 autem
854 3681 1050 3750 (quoad
1076 3673 1294 3744 nomen)
1310 3675 1526 3726 minime
1543 3676 1812 3730 convenit.
1837 3693 1854 3727 t
1868 3675 1997 3732 Flor-

412 3779 598 3830 vidum
631 3789 768 3843 opus
807 3791 826 3824 ι
871 3770 999 3825 iacit
1030 3782 1321 3837 arrogans:
1365 3786 1394 3818 at
1418 3767 1750 3837 Θερμουργεῖ
1777 3784 1795 3818 ι
1849 3767 1997 3837 (fer-

415 3870 535 3921 vide
552 3863 831 3935 Operatur)
854 3864 1014 3918 homo
1037 3862 1214 3928 tortis;
1241 3863 1452 3917 videtur
1474 3861 1613 3916 idem
1631 3857 1832 3928 aliquid
1850 3856 1997 3927 quod

410 3958 678 4015 habeatur
700 3969 876 4010 sermo
893 3968 987 4021 per
1017 3970 1036 4004 ι
1057 3955 1324 4019 artiepum
1351 3970 1370 4006 ι
1403 3950 1618 4025 (callide
1636 3950 1999 4020 dicentetn)et

418 4054 563 4106 artta
596 4049 712 4117 (seu
745 4047 1004 4115 petlecta)
1043 4045 1346 4114 loquentem
1368 4063 1381 4100 :
1407 4045 1501 4100 sed
1530 4043 1618 4113 qui
1643 4045 1994 4113 posteriorem

417 4139 599 4194 soluto
632 4137 792 4191 modo
818 4137 1020 4202 sumit,
1052 4143 1111 4188 ttt
1142 4132 1379 4202 perlecta
1419 4135 1724 4203 loquentem
1757 4133 2001 4189 laudabi-

414 4237 520 4289 lem
544 4226 714 4289 novit,
747 4225 1013 4295 artiepum
1043 4236 1220 4280 autem
1245 4235 1301 4278 ut
1326 4227 1674 4294 impostorem
1706 4227 1996 4294 vituperat.

415 4322 589 4392 Hujus
623 4331 802 4374 autent
828 4329 1079 4373 auctores
1107 4316 1370 4381 methodi,
1391 4317 1594 4386 quibus
1631 4317 1917 4371 diversitas
1943 4316 1999 4370 in

412 4415 686 4470 solutione
707 4411 1014 4476 verborum,
1031 4420 1085 4464 et
1102 4410 1295 4464 iterum
1319 4412 1370 4464 in
1390 4425 1570 4464 eorum
1589 4409 1998 4476 compositione,

2091 1957 2109 1990 ι
2155 1940 2332 2010 μάχης
2371 1957 2390 1990 ι
2427 1938 2620 2008 ὄνομα,
2673 1939 2767 1991 καὶ
2811 1936 2971 2000 αὖθις
3011 1938 3070 1989 τὸ
3108 1955 3127 1988 ι
3175 1935 3278 1988 ὑπὸ
3324 1935 3454 2002 σκιᾷ.
3487 1932 3658 2002 μαχε-

2087 2031 2246 2084 σοαιο
2286 2050 2306 2083 ι
2341 2029 2475 2082 ἀλλά
2519 2028 2678 2083 τοῦτο
2715 2028 2816 2099 μὲν
2865 2029 2960 2082 καὶ
3008 2028 3315 2097 εὐτυχεῖται
3348 2024 3447 2077 xal
3479 2022 3662 2074 ποθεῖ-

2085 2139 2198 2186 ται,
2225 2123 2254 2175 6
2287 2123 2344 2175 δὲ
2377 2140 2396 2173 ι
2436 2121 2759 2191 σκιαμαχῶν
2797 2139 2816 2172 ι
2855 2122 2936 2183 είς
2964 2119 3135 2188 ψόγον
3167 2117 3567 2174 ἀποτάσσεται,
3601 2114 3658 2166 ὃν

2087 2210 2227 2268 οἶδεν
2262 2214 2296 2284 ἡ
2329 2213 2599 2283 παροιμία
2625 2215 2703 2274 είς
2736 2211 2935 2265 ταύτὸν
2963 2211 3167 2281 ἥκοντα
3204 2210 3282 2280 τῷ
3319 2228 3337 2261 ι
3373 2208 3515 2276 ἀέρα
3547 2207 3660 2257 δαί·

2091 2322 2261 2376 ροντι.
2300 2322 2319 2356 ι
2355 2302 2514 2357 Οὕτω
2539 2303 2598 2356 δι
2636 2304 2730 2357 xal
2755 2303 2846 2356 τὸν
2883 2303 2982 2373 μὲν
3013 2321 3033 2353 ι
3067 2303 3374 2372 χειροδίκην
3411 2318 3430 2350 ι
3466 2301 3499 2368 ἡ
3538 2315 3663 2350 συν-

2089 2395 2278 2466 θετικὴ
2308 2394 2558 2465 κόλλησις
2586 2394 2685 2465 τῆς
2715 2411 2772 2447 τε
2800 2411 2820 2446 ι
2853 2393 3058 2476 χειρὸς,
3095 2411 3116 2445 ι
3151 2394 3248 2460 τῆς
3281 2409 3339 2445 τε
3377 2410 3394 2443 ι
3423 2391 3610 2460 δίκης,
3634 2407 3654 2441 ι

2087 2491 2362 2560 ψεκτικῶς
2395 2489 2918 2560 παραδειγματίζει’
2962 2489 3052 2543 τὴν
3083 2490 3138 2542 δὲ
3172 2507 3191 2539 ι
3230 2491 3286 2540 ἐν
3326 2489 3512 2558 χεροῖν
3557 2485 3659 2554 τὴν

2088 2582 2246 2650 δίκην
2312 2580 2502 2652 ἔχοντα
2568 2599 2586 2632 ι
2646 2581 2890 2644 ἐπαίνοις
2938 2580 3264 2648 ἀποκληροῖ.
3322 2580 3424 2630 Τὸν
3471 2579 3662 2646 ὅμοιον

2090 2675 2292 2744 τρόπον
2327 2691 2345 2725 ι
2377 2672 2718 2744 σκηπτοῦχος
2739 2691 2762 2726 ι
2799 2673 2898 2743 μὲν
2923 2674 3066 2726 κατὰ
3085 2673 3389 2742 συναίρεσιν
3411 2669 3618 2732 λέξεων
3637 2671 3663 2719 6

2092 2765 2381 2836 βασιλεύς·
2423 2785 2439 2816 ι
2474 2765 2751 2835 σκῆπτρον
2789 2783 2808 2816 ι
2844 2765 2942 2835 μέν
2990 2782 3071 2817 τοι
3100 2761 3504 2831 διαλελυμένως
3549 2761 3664 2829 ἔχει

2091 2858 2186 2911 καὶ
2215 2860 2242 2910 6
2280 2859 2338 2908 ὲν
2377 2856 2561 2928 Ἰθάκῃ
2594 2857 2777 2927 ῥικνὸς
2809 2858 2904 2909 xal
2925 2855 3191 2926 ῥυπαλέος
3213 2855 3445 2920 ἐπαίτης
3471 2849 3662 2903 Ὀδυσ-

2093 2947 2241 3010 σεύς.
2273 2947 2511 3016 Οἴδαμεν
2546 2965 2564 2998 ι
2611 2947 2920 3013 ἀνδράποδα
2955 2966 2975 2998 ι
3026 2947 3127 3015 μὲν
3149 2947 3267 2999 τά-‹
3298 2943 3461 2996 δοῦλα
3492 2943 3664 3011 πρὸσ-

2091 3055 2250 3092 ωπαο
2290 3059 2310 3090 ο
2354 3039 2612 3103 διαλύσας
2666 3043 2720 3093 δέ
2771 3058 2854 3102 τις
2907 3039 3009 3110 τὴν
3045 3038 3210 3105 λέξιν,
3245 3039 3338 3089 καὶ
3375 3055 3392 3085 ι
3448 3035 3662 3104 ἀνδρῶν

2093 3132 2262 3195 πόδας
2283 3150 2303 3184 ι
2334 3131 2524 3198 είπὼν,
2545 3151 2564 3184 ι
2599 3133 2872 3203 δραπέτας
2898 3152 2917 3184 ι
2948 3132 3199 3186 ἐντεῦθεν
3230 3123 3356 3200 εὗρε
3389 3130 3515 3190 τοὺς
3537 3129 3663 3179 δού-

2094 3223 2234 3285 λους.
2279 3223 2388 3276 Καὶ
2416 3223 2522 3293 μὴν
2557 3240 2575 3275 ι
2614 3223 2866 3294 βοηλατεῖ
2902 3243 2919 3274 ι
2957 3223 3058 3292 μέν
3087 3239 3169 3283 τις
3193 3216 3440 3290 γεωργοῦ
3463 3216 3662 3284 δίκην*

2099 3333 2119 3367 ι
2158 3314 2282 3384 βοῦς
2313 3315 2368 3367 δὲ
2405 3315 2623 3367 ἐλαύνει
2657 3333 2676 3366 ι
2711 3318 2737 3368 6
2769 3313 3110 3384 ληϊζόμενος.
3137 3312 3244 3364 Καὶ
3272 3329 3291 3360 ι
3323 3308 3473 3377 φίλος
3503 3325 3521 3356 ι
3567 3304 3666 3374 μὲν

2099 3424 2119 3458 ι
2160 3405 2324 3468 καλὸς
2356 3424 2376 3457 ι
2416 3406 2619 3476 ἀρετὴν
2653 3407 2804 3476 ἔχει·
2839 3407 2868 3457 6
2911 3423 2930 3456 ι
2969 3391 3254 3473 φιλόκαλος
3292 3421 3310 3453 ι
3347 3401 3404 3454 δὲ
3450 3397 3665 3456 ἀλλοῖός

2092 3497 2152 3550 τέ
2191 3500 2308 3550 ἐστι
2339 3498 2483 3550 κατά
2517 3499 2666 3564 νοῦν,
2711 3497 2806 3551 καί
2835 3511 2969 3550 ποτε
3012 3497 3110 3550 καὶ
3131 3495 3340 3548 κακίαν
3383 3491 3668 3562 παραφαί-

2095 3608 2196 3656 νει,
2219 3591 2412 3644 ὁποίαν
2447 3592 2542 3644 καὶ
2585 3590 2764 3658 λέγειν
2813 3587 3069 3642 ὀκνοῦσιν
3117 3589 3167 3641 oi
3221 3588 3518 3660 σώφρονες.
3559 3587 3667 3640 Καὶ

2101 3701 2121 3733 ι
2163 3682 2304 3735 καλά
2340 3700 2361 3735 ι
2405 3682 2504 3752 μὲν
2551 3699 2568 3732 ι
2608 3679 2791 3750 σφυρὰ
2829 3697 2848 3730 ι
2886 3679 3184 3749 ἐπιπρέπει
3236 3679 3332 3731 καὶ
3381 3677 3664 3747 ἀνδράσιν,

2097 3774 2350 3844 ήρωῖκῶς
2380 3772 2805 3845 ἀνδριζομένοις,
2837 3774 2926 3826 ὅτε
2958 3773 3258 3826 διίστανται
3277 3787 3292 3802 ο
3322 3772 3586 3842 ἡνωμένα
3613 3771 3666 3822 ει

2097 3866 2177 3927 είς
2209 3865 2269 3917 ἓν
2313 3869 2548 3933 γυναῖκα
2590 3865 2856 3934 κοτμοῦσι
2883 3865 2961 3934 τῷ
3012 3864 3386 3934 καλλισφύρῳ.
3431 3882 3449 3914 ι
3514 3865 3664 3933 Ἱερᾷ

2099 3955 2314 4027 δουλεία
2341 3975 2358 4007 ι
2383 3957 2676 4028 βαρύνεται
2707 3973 2810 4020 τις,
2845 3957 2940 4009 καὶ
2973 3958 3120 4009 ἐστιν
3148 3956 3482 4026 ἱεροπρεπής
3505 3970 3518 3983 ·
3552 3958 3586 4007 6
3612 3955 3666 4006 δὲ

2100 4047 2510 4116 συντεθειμένος
2541 4049 2622 4109 είς
2657 4064 2676 4098 ι
2716 4047 3016 4116 ίερέδουλσν
3053 4063 3072 4096 ι
3100 4046 3161 4099 οὐ
3198 4047 3338 4098 πάνυ
3366 4048 3664 4114 ἐκπρεπει.

2105 4158 2124 4192 ι
2161 4141 2376 4212 Θερμδν
2407 4140 2568 4210 ἔργον
2613 4159 2634 4193 ι
2676 4141 2778 4211 δρᾷ
2803 4141 2830 4193 6
2853 4139 3276 4208 αὑθαδιζόμενος
3297 4155 3312 4170 ο
3350 4157 3369 4190 ι
3397 4139 3666 4209 Θερμουρ-

2099 4234 2187 4300 γεῖ
2221 4250 2239 4282 ι
2279 4231 2336 4284 δὲ
2365 4234 2508 4284 κατά
2545 4231 2696 4284 θέσιν
2720 4233 2749 4283 6
2781 4231 3186 4302 ἀνδριζόμενος.
3211 4231 3372 4282 Δοκεῖ
3391 4232 3593 4282 ταύτόν
3616 4247 3666 4280 τι

2101 4321 2382 4376 λαλεῖσθαι
2417 4322 2508 4377 διὰ
2556 4321 2650 4376 τοῦ
2699 4340 2720 4375 ι
2757 4321 3051 4394 ἀρτιεποῦς
3087 4339 3106 4374 ι
3157 4323 3249 4376 καὶ
3287 4320 3386 4374 τοῦ
3435 4341 3455 4374 ι
3508 4325 3665 4393 ipsa.

2105 4411 2379 4480 βάζοντοςο
2407 4429 2425 4463 ι
2465 4411 2576 4463 ἀλλ’
2605 4413 2632 4464 6
2665 4414 3008 4482 χρησάμενος
3035 4411 3125 4464 τὸν
3151 4411 3248 4482 μὲν
3281 4411 3664 4480 διαλελυμένον

413 4507 666 4562 ordinata
684 4511 786 4568 est,
807 4517 907 4557 nec
929 4520 947 4553 ι
971 4503 1142 4572 patris
1167 4514 1542 4571 percussorem
1576 4517 1595 4550 ι
1623 4501 1825 4554 ducunt
1845 4513 1988 4553 eum-

2101 4503 2184 4565 είς
2209 4503 2272 4554 τὸ
2307 4520 2325 4554 ι
2359 4501 2546 4572 βάζειν
2572 4504 2734 4572 ἄρτια
2767 4521 2786 4554 ι
2819 4505 3102 4558 ἐπαινετὸν
3133 4500 3261 4566 οἵδε,
3295 4503 3454 4572 ψέγει
3481 4505 3537 4556 δὲ
3577 4504 3665 4553 τὸν

413 4601 542 4656 dem
565 4613 629 4651 ac
651 4612 775 4651 eum
803 4611 822 4646 ι
860 4593 950 4660 qui
976 4593 1208 4661 percutit
1231 4599 1460 4660 patrem,
1493 4609 1511 4643 ι
1535 4591 1802 4660 siquidem
1826 4593 1996 4660 patris

421 4702 709 4761 percussor
729 4686 783 4738 itt
807 4683 1125 4739 habitudine
1147 4684 1362 4736 malitia
1379 4694 1483 4746 est,
1503 4683 1643 4735 sicut
1658 4693 1736 4735 ett
1764 4683 1998 4736 verberi-

419 4789 609 4849 patcr;
643 4794 661 4826 ι
685 4777 809 4829 dum
828 4774 1024 4840 aliquis
1047 4785 1254 4842 patrem
1283 4773 1421 4824 forte
1442 4772 1706 4840 percussit
1726 4772 1996 4837 ignorans.

417 4871 531 4925 Nec
556 4887 575 4921 ι
600 4865 1005 4935 himatiopolam
1030 4881 1050 4915 ο
1071 4873 1126 4922 et
1145 4879 1264 4916 eum
1289 4864 1377 4932 qui
1399 4864 1774 4918 vestimentum
1793 4864 1994 4927 vendit,

416 4963 487 5016 ad
511 4972 698 5029 parem
727 4953 1047 5012 sententiam
1090 4951 1390 5019 adducunt,
1427 4963 1684 5023 tanquam
1728 4954 1793 5008 ad
1824 4966 1995 5009 artem

421 5055 743 5108 reducentes
773 5064 794 5098 ι
825 5046 1224 5115 himatiopolam
1251 5061 1391 5110 esse,
1423 5067 1443 5098 ι
1485 5047 1867 5100 vestimentum
1899 5061 1996 5098 au-

420 5157 531 5200 tem
561 5140 792 5196 vendere
813 5137 1120 5204 iudicantes
1140 5153 1259 5191 eum
1288 5139 1380 5206 qui
1416 5137 1521 5192 hoc
1549 5138 1632 5191 vel
1653 5140 1819 5192 semel
1845 5138 1994 5192 fecit.

2104 4612 2123 4646 ι
2153 4593 2392 4664 ἀρτιεπῆ
2430 4611 2449 4645 ι
2484 4593 2559 4656 ὡς
2583 4595 2896 4648 ἐπίκλοπον.
2947 4596 3010 4648 Οἱ
3047 4595 3104 4648 δὲ
3133 4597 3234 4665 τῆς
3276 4595 3537 4662 τοιαύτης
3574 4610 3667 4664 με·

2101 4687 2252 4740 θόδου
2285 4685 2544 4756 πατέρες,
2575 4683 2655 4749 οἷς
2685 4687 2995 4757 ἑτεροιότης
3026 4689 3084 4740 έν
3126 4687 3410 4740 διαλύσεσι
3442 4687 3664 4751 λέξεων,

2101 4778 2196 4830 καὶ
2227 4776 2296 4830 αὖ
2327 4776 2491 4830 πάλιν
2537 4779 2600 4830 ὲν
2649 4778 2933 4831 συνθέσεσι
2967 4779 3074 4830 τῶν
3106 4779 3284 4832 αὐτῶν
3330 4778 3666 4848 πεφυλοκρίο

2102 4884 2286 4938 νηται,
2315 4865 2438 4919 οὔτε
2475 4867 2568 4919 τδν
2602 4884 2621 4919 ι
2659 4869 3045 4940 πατροτύπτην
3078 4887 3095 4920 ι
3132 4870 3212 4932 είς
3238 4870 3436 4922 ταύτὸν
3473 4870 3666 4936 ἄγουσι

2102 4959 2180 5030 τῷ
2211 4978 2230 5011 ι
2266 4959 2522 5015 τύπτοντι
2549 4959 2784 5030 πατέρα,
2819 4978 2838 5012 ι
2869 4961 2985 5028 εῐγε
3023 4979 3040 5012 ι
3087 4960 3474 5030 πατροτύπτης
3510 4981 3530 5012 ο
3569 4961 3668 5029 μὲν

2104 5051 2162 5103 ὲν
2198 5050 2330 5103 εῖδει
2366 5052 2582 5117 κακίας,
2617 5053 2643 5104 6
2668 5054 2763 5105 καὶ
2790 5070 2810 5104 ι
2836 5052 3206 5123 πατραλοίας·
3246 5071 3264 5102 ι
3301 5056 3518 5120 πατέρα
3556 5071 3574 5102 ι
3611 5051 3669 5104 δέ

2102 5158 2187 5205 τις
2223 5161 2242 5194 ι
2273 5142 2435 5212 έττψέ
2467 5160 2567 5195 που
2599 5161 2617 5194 ι
2658 5143 2751 5196 καὶ
2776 5143 3008 5211 ἀγνοῶν.
3037 5142 3173 5195 Ούόὲ
3211 5144 3316 5212 μὴν
3357 5144 3450 5194 τὸν
3480 5159 3505 5196 ε
3546 5144 3671 5212 ίμα-

418 5233 695 5303 τιοπὼλην
733 5250 754 5285 ι
799 5231 1015 5285 καὶτὸν
1062 5249 1080 5282 ι
1115 5231 1401 5284 πωλοῦντα
1441 5249 1461 5283 ι
1497 5231 1555 5284 δὲ
1597 5249 1616 5282 ι
1660 5230 1879 5299 ίμάτιον
1919 5250 1938 5283 ι
1984 5232 2310 5303 ξυνάγουσιν
2354 5237 2438 5298 είς
2481 5235 2691 5289 ἐννοιαν
2743 5235 3082 5305 ίσοδύναμον,
3128 5230 3217 5289 οἷα
3257 5236 3314 5287 τὸ
3344 5237 3447 5303 μὲν
3490 5254 3509 5286 ι
3541 5238 3671 5304 ίμα-

416 5325 705 5383 τιοπωὶείν
745 5341 768 5400 ι
803 5323 882 5386 είς
909 5323 1108 5394 τέχνην
1145 5323 1524 5394 ἀφορίζοντες,
1574 5340 1593 5374 ι
1631 5322 1834 5378 πωλεῖν
1882 5343 1901 5377 ι
1935 5325 1991 5379 δὲ
2041 5343 2062 5378 ι
2111 5327 2324 5396 ίμάτιον
2363 5345 2384 5379 ι
2420 5327 2622 5391 εἰδότες
2653 5328 2747 5379 καὶ
2774 5327 2868 5383 τὸν
2895 5327 3129 5392 εἰσάπαξ
3164 5327 3227 5380 τὸ
3254 5327 3456 5380 τοιόνδε
3494 5345 3668 5397 χειριι

426 5424 678 5491 σάμενον.

498 5516 550 5570 7.
587 5514 713 5568 Dico
732 5526 861 5582 ergo
891 5510 970 5564 sic
998 5509 1343 5579 aliquoutodo
1365 5523 1484 5566 sese
1506 5512 1571 5565 ad
1621 5512 1852 5568 invicem
1893 5514 1992 5566 ha-

421 5609 551 5664 bere
574 5624 594 5658 ι
615 5604 739 5659 mali
769 5601 1082 5658 memoriam
1103 5619 1123 5653 ι
1147 5600 1201 5655 in
1257 5617 1361 5655 tma
1393 5617 1546 5666 voce,
1584 5614 1640 5658 et
1685 5605 1736 5658 in
1766 5605 1992 5660 locutio-

419 5697 502 5755 nis
525 5692 806 5758 divisione,
826 5692 1159 5747 «meminisse
1172 5692 1316 5746 mali.
1333 5710 1352 5744 ι
1370 5691 1576 5746 Etenim
1596 5694 1720 5750 mali
1737 5711 1929 5750 memet
1943 5695 1992 5749 ia

423 5785 664 5858 quidem,
687 5799 795 5841 non
817 5785 1063 5853 honeste,
1094 5783 1366 5841 diceretur
1394 5784 1592 5855 aliquis
1621 5784 1782 5854 allici,
1807 5802 1901 5845 uec
1927 5787 1996 5843 ab

2171 5508 2236 5573 ζ’.
2276 5508 2426 5578 Φημὶ
2450 5507 2507 5560 δὲ
2532 5502 2648 5572 οὖν,
2680 5507 2823 5560 οὕτω
2845 5524 2968 5572 Διιιως
2997 5507 3354 5578 διαφέρεσθαι
3390 5507 3529 5576 πρὸς
3567 5507 3665 5562 ἂλ-

2100 5601 2237 5673 ληλα
2260 5603 2360 5671 τήν
2387 5618 2448 5654 τε
2480 5600 2600 5654 καθ’
2629 5601 2688 5654 ἓν
2717 5601 2889 5672 ὄνομα
2921 5619 2939 5652 ι
2981 5603 3372 5671 μνησικακίαν,
3407 5620 3427 5654 ι
3471 5607 3569 5654 καὶ
3605 5602 3663 5653 τὸ

2106 5696 2163 5748 ἐν
2189 5694 2439 5765 διχασμῷ
2482 5693 2737 5763 φράσεως
2793 5713 2812 5746 ι
2859 5695 3167 5764 μεμνῆσθαι
3200 5693 3394 5748 κακοῦ.
3445 5695 3663 5762 Μνησι-

2110 5792 2302 5843 κακεῖν
2336 5808 2354 5840 ι
2390 5788 2488 5860 μὲν
2527 5789 2632 5858 γὰρ
2655 5791 2752 5843 οὐκ
2783 5788 2850 5843 ἀν
2876 5805 3003 5842 ποτε
3031 5789 3160 5860 λέξῃ
3192 5807 3275 5855 τις
3303 5788 3661 5862 χρηςτολογι·
