3840 6582
88 409 160 473 lli

997 406 1300 467 CONTRA
1343 406 1834 472 lNJURlARUM
1871 409 2305 474 MEMORIAM.

3163 413 3274 478 418'

90 519 330 592 βούλεσθαι,
375 517 466 570 καὶ
516 517 704 571 πέττει
751 517 843 571 τὸν
878 519 1055 591 χόλονο
1089 525 1184 574 καὶ
1228 522 1297 576 τὰ
1359 524 1583 594 κύματα

1702 525 1893 578 lerium
1942 526 1994 579 in
2025 516 2326 581 voluntate
2379 525 2590 594 reponit
2662 527 2931 596 bilemque
2980 529 3162 597 coquit
3213 539 3270 584 et

87 614 316 681 ίραῦουςα,
341 611 435 661 οὐκ
461 609 744 680 ἐξαφρίζει
780 613 856 675 είς
890 613 1060 682 θυμδν
1093 615 1329 683 ἀκρατῆ,
1356 616 1468 668 Καὶ
1493 615 1554 667 οὖ
1572 646 1586 656 -

87 727 159 768 τως
179 705 225 770 ἒξ
247 704 495 769 ἀναλόγου
517 705 852 774 δευτερεύει,
889 708 1141 778 καθάπερ
1171 710 1586 780 εὐεργετοῦντος

87 799 225 869 ἁνίρὸς
249 795 355 848 κατ’
393 795 680 866 ἐνέργειαν
711 801 738 851 ὁ
764 799 1056 868 ἱστάμενος
1089 803 1146 852 ἐν
1183 802 1330 871 μόνῳ
1358 803 1438 873 τῷ
1466 802 1587 854 ἐθέ-

85 897 163 943 )s.v
201 892 483 958 εὖεργετεῖν
527 889 669 942 οὕτω
717 892 811 944 καὶ
863 893 957 946 τοῦ
1019 894 1362 964 μνησικάκου
1432 896 1586 965 ἐνερ-

85 984 247 1050 γιῦντος
269 983 354 1051 τὴν
380 983 626 1036 κάκωσιν
649 987 676 1036 6
698 985 896 1038 ἐθέλων
923 985 1046 1054 μὲν,
1075 987 1286 1057 ἐπέχων
1313 988 1370 1040 δὲ
1392 987 1584 1042 εἰσέτι.

86 1075 228 1135 .lozzb;
249 1074 294 1125 δὲ
324 1075 416 1125 καὶ
449 1074 632 1144 τρίτος
659 1076 956 1142 κάνταῦθα,
984 1078 1172 1149 ῶσπερ
1208 1082 1265 1133 ἐν
1294 1081 1406 1144 τοῖς
1443 1081 1585 1134 κατὰ

88 1167 329 1235 εὖεργεσίαν
350 1167 380 1216 6
421 1167 718 1237 ἐπίρῤητος
744 1170 836 1223 καὶ
881 1171 1156 1240 ἐπάρατος
1185 1172 1234 1242 (6
1269 1173 1406 1242 μήτε
1435 1173 1588 1241 ἐνερο

87 1257 163 1321 γῶν
181 1257 233 1308 τὰ
266 1259 606 1328 εὐεργετικά,
643 1261 779 1330 μήτε
819 1262 924 1330 μὴν
952 1263 1300 1332 αἱρούμενος,
1333 1265 1472 1318 ἀλλά
1494 1270 1586 1319 καὶ

88 1350 558 1418 πριτεπιϐλάπτων),
601 1352 858 1409 οὕτωκαὶ
902 1357 958 1407 ἐν
990 1358 1102 1419 τοῖς
1143 1358 1222 1419 είς
1268 1357 1512 1410 κάκωσιν
1559 1359 1586 1410 6

87 1441 207 1500 ἆὶξως
238 1442 285 1505 ἐξ
319 1442 569 1494 ἐναντίου
611 1446 706 1496 καὶ
750 1445 986 1497 ἐπαίνων
1027 1447 1177 1510 ἄξιος
1210 1447 1304 1498 καὶ
1334 1447 1530 1517 εὐχῶν,
1557 1449 1586 1508 6

90 1533 181 1594 μετὰ
203 1532 431 1583 κάκωσιν
457 1532 659 1602 δηλαδὴ
685 1535 990 1600 ἐφθακυῖαν
1020 1541 1155 1607 μήτε
1192 1540 1498 1606 ἐνεργήσας
1520 1539 1587 1591 τὰ

85 1622 350 1688 ιξςᾶμυναν,
419 1628 558 1693 μήτε
609 1626 716 1696 μὴν
755 1628 975 1693 ἐθέλων,
1029 1631 1169 1700 ἀλλ’,
1222 1633 1275 1683 εί
1307 1649 1438 1685 ποτε
1490 1634 1587 1686 καὶ

86 1713 290 1780 μεμνῴτο,
342 1714 473 1783 χοῦν
522 1715 598 1785 τῷ
647 1719 804 1788 κακῷ
847 1721 1130 1791 ἐπιφορῶν
1174 1723 1270 1775 καὶ
1307 1725 1358 1777 εἴ
1389 1725 1441 1776 τί
1483 1741 1586 1778 που

82 1804 254 1867 ἑξαζίσει
301 1809 543 1872 κακίας.
593 1811 849 1878 χωννύων
907 1813 1040 1866 αὐτὸ
1091 1816 1172 1877 εἰς
1221 1817 1430 1886 λήθηνν
1491 1818 1587 1870 καὶ

85 1898 424 1968 μυσαττόμενος
457 1902 552 1952 καὶ
581 1904 679 1972 τὴν
714 1907 937 1976 μνήμην
965 1908 1153 1976 αὑτήν.

127 2074 184 2129 ιδ’.
204 2076 252 2128 Ei
273 2079 457 2134 τοίνυν
478 2081 634 2134 ταῦθ’
654 2081 826 2147 οὕτως
851 2085 965 2155 ἔχει
995 2086 1128 2157 (ἔχει
1159 2088 1215 2140 δὲ
1240 2090 1458 2155 πάντως
1484 2093 1588 2146 οὐκ

82 2167 236 2237 ἄλλως),
261 2170 522 2239 ἔσφαλται
548 2175 656 2246 ἄρα
677 2176 768 2230 τοῦ
799 2180 878 2243 είς
905 2179 1066 2249 ὀρθὸν
1089 2181 1298 2250 βαίνειν
1328 2184 1588 2251 ἀληθείας

82 2260 173 2350 δτδ
239 2265 546 2334 μεμνῆσθαι
604 2271 777 2321 κακοῦ
873 2273 954 2333 είς
1029 2274 1232 2327 ταύτὸν
1303 2277 1452 2342 ἄγων
1519 2281 1584 2350 τῇ

82 2346 284 2416 ἁμαρτάδι
315 2353 417 2421 τῆς
453 2356 895 2422 άντικακώσεως.
933 2360 1100 2428 Δῆλον
1136 2361 1264 2431 γὰρ,
1300 2365 1375 2428 ὡς
1407 2365 1528 2420 οὔτε

84 2441 243 2508 μνήμην
265 2445 350 2497 εὑε
360 2447 586 2515 ργεσίας
608 2448 888 2503 ἀναλαϐὼν
919 2452 1098 2524 πάντῃ
1131 2454 1346 2519 πάντως
1368 2458 1454 2510 εὐε
1467 2476 1591 2527 ργε-

83 2535 161 2593 tsi,
182 2536 280 2590 οὐδὲ
311 2540 420 2609 μὴν
449 2543 478 2594 6
512 2545 806 2606 κακώσεως
838 2545 1184 2614 μνησάμενος
1204 2588 1217 2610 ,
1253 2549 1353 2618 ἤδη
1379 2551 1472 2603 καὶ
1506 2553 1588 2614 είς

81 2621 220 2691 βὸθῳν
242 2629 328 2681 τοῦ
361 2632 743 2687 ἀντικακῶσαι
784 2635 1003 2696 ὤλισθε.

130 2723 189 2769 ιε’.
219 2720 709 2789 Κεφαλαιώσασθαι
737 2729 793 2781 δέ
819 2732 880 2784 τὸ
910 2732 1060 2802 χῦμα
1083 2734 1179 2788 τοῦ
1208 2735 1375 2788 τόπου
1399 2735 1550 2787 τοῦδε
1572 2751 1584 2765 ⁸

83 2811 330 2878 μεμνῆσθαι
383 2816 484 2884 μέν
538 2835 685 2883 τινος
739 2823 1105 2890 άγαθύνοντος
1160 2829 1254 2881 καὶ
1305 2827 1372 2881 αὖ
1427 2828 1589 2881 πάλιν

83 2904 440 2968 nummarium;
465 2907 860 2980 ἀντικειμένως
887 2915 1120 2986 ἔχουσιν,
1155 2917 1298 2971 οὕτω
1319 2919 1375 2971 δὲ
1411 2920 1504 2971 καὶ
1529 2919 1588 2972 τὸ

83 2991 328 3060 εὗεργετεῖν
350 3015 364 3029 ·
393 3000 420 3052 6
452 3001 517 3071 δή
557 3020 701 3068 τινες
733 3007 932 3062 οἴονται
968 3011 1189 3082 μνήμης
1212 3011 1421 3080 ἀγαθῆς
1455 3014 1590 3066 ἀπο·

84 3083 281 3154 τέλςσμα.
314 3092 406 3144 καὶ
439 3092 502 3145 τὸ
542 3101 860 3150 κακοποιεῖν
883 3100 960 3163 δὲ,
996 3102 1134 3172 ὅπερ
1163 3104 1213 3156 οί
1254 3105 1396 3156 νοεῖν
1423 3104 1590 3157 δεινοὶ

83 3173 196 3226 τόκον
217 3180 377 3236 οἴδασι
415 3183 512 3236 τοῦ
548 3187 769 3259 μνήμην
799 3191 1063 3247 ἀπόθετον
1094 3194 1236 3264 ἔχειν
1265 3197 1582 3262 κακώσεως,
1614 3223 1657 3283 c

85 3262 139 3283 -2.
169 3266 180 3283 ι
247 3269 285 3283 ολ
442 3274 454 3283 ι
519 3275 532 3283 .
593 3275 618 3283 Δ
805 3281 814 3283 _
946 3281 975 3283 __

83 3262 140 3352 είς
161 3266 401 3324 ἀντίθεσιν
430 3274 752 3343 ἀσύμϐατον
792 3262 1175 3350 ἀφορίζονται·
1205 3284 1340 3353 πρὸς
1379 3284 1434 3338 δέ
1461 3284 1588 3338 τού-

82 3371 163 3415 τοις
203 3361 283 3414 καὶ
336 3364 395 3417 τὸ
451 3367 662 3427 ἐθέλειν
722 3369 822 3440 μὲν
872 3372 1194 3444 εὐεργεσίαν
1254 3378 1462 3438 ποιεῖν,
1515 3377 1592 3446 μὴ

85 3446 298 3518 {iuxtim
332 3456 419 3521 δὲ,
446 3460 539 3512 καὶ
571 3460 734 3515 πάλιν
769 3463 1039 3536 ἑτέρωθεν
1073 3468 1133 3520 τὸ
1167 3466 1456 3537 βούλεσθαι
1495 3469 1596 3537 μὲν

83 3539 421 3614 ἀπικακῶσαι,
453 3553 528 3622 μὴ
564 3554 712 3623 ἔχειν
740 3555 818 3616 δὲ,
860 3558 956 3611 καὶ
993 3559 1130 3613 αὐτὰ
1157 3563 1237 3622 εἰς
1268 3562 1463 3630 μοῖραν
1499 3561 1598 3614 av-
1641 3572 1645 3576 ‘

87 3632 263 3690 τίπσλον
291 3641 566 3707 ξδιάζουσι.
602 3647 712 3700 Καὶ
744 3648 881 3702 εἰσὶν
909 3650 1123 3720 ἀγαθῆς
1155 3651 1256 3721 μὲν
1280 3651 1596 3722 συστοιχίας

87 3726 129 3777 τὸ
159 3735 436 3803 μεμνῆσθαι
463 3739 846 3807 ἀγαθοποιίας,
872 3745 965 3797 καὶ
989 3743 1049 3796 τὸ
1079 3743 1149 3797 δι’
1179 3745 1352 3815 αὐτὴν
1375 3745 1600 3816 εὐεργε·
1623 3773 1652 3790 -ν

89 3818 205 3906 τεὶνο
239 3825 317 3877 καὶ
351 3829 537 3897 τρίτον
571 3829 634 3882 τὸ
686 3832 914 3899 ἐθέλειν,
964 3834 1014 3886 εί
1058 3835 1148 3888 καὶ
1191 3835 1267 3904 μὴ
1319 3835 1375 3888 αἱ
1417 3838 1600 3906 χεῖρες

91 3903 290 3966 δύνανται
311 3919 874 3990 συνεπιλαμϐάνεσθαι
887 3965 900 3978 .
921 3925 1030 3994 Τῆς
1049 3925 1246 3994 ἐτέρας
1259 3903 1320 3979 δὲ
1343 3903 1600 3996 φατρίας,

92 3997 165 4067 ὅπη
187 4003 432 4071 λογίζεται
463 4012 544 4076 είς
576 4014 916 4078 ἐναντίωσιν,
949 4017 1008 4068 τὸ
1045 4016 1256 4086 βαρέως
1287 4017 1602 4086 μεμνῆσθαι

93 4093 328 4178 κακώσεως
348 4115 361 4130 ⁸
396 4105 493 4156 καὶ
518 4105 772 4177 δεύτερον
798 4108 980 4171 εὐθὺς,
1010 4108 1070 4161 τὸ
1097 4108 1164 4162 δι’
1200 4109 1371 4178 αὐτὴν
1402 4108 1602 4163 αὐτίκα

93 4177 201 4237 εἶναί
225 4194 330 4246 τινὰ
354 4198 664 4251 κακωτικόν
683 4217 697 4231 ο
727 4200 822 4251 καὶ.
846 4201 937 4253 ἐπὶ
959 4200 1077 4253 δυσὶ
1097 4199 1308 4263 τούτοις
1324 4177 1384 4254 τὸ
1406 4217 1604 4270 προαι-

98 4277 261 4339 Ρεῖσθαι
296 4285 422 4354 μὲν,
462 4291 684 4358 ἀτυχεῖν
729 4291 783 4344 δὲ
823 4291 1072 4345 ὁπωσοῦν
1118 4292 1216 4361 τὴν
1253 4293 1600 4364 προαίρεσιν.

96 4363 316 4428 Κάὶοῦτω
348 4380 443 4446 μὲν
473 4381 582 4433 τῶν
615 4382 959 4453 ἑκατέρωθεν
989 4382 1272 4452 βαθμίδων
1314 4387 1368 4439 αἱ
1402 4385 1606 4457 ὑψηλό-

93 4465 233 4523 τεραι,
253 4463 279 4528 ἡ
303 4465 394 4530 μὲν
414 4467 645 4522 εὐκταία
668 4473 788 4523 κατ’
805 4471 1013 4539 ἀρετὴν
1030 4474 1140 4534 τοῖς
1159 4474 1603 4543 προσϐαίνουσιν,

1689 611 1881 668 ﬂuctus
1912 617 2236 684 reprimens,
2262 632 2365 670 non
2396 616 2450 670 in
2494 617 2626 671 iram
2661 617 3010 686 impotentem
3043 618 3272 674 ell'ervee

1688 706 1810 760 scit.
1846 707 1912 760 Et
1955 707 2032 762 sic
2087 723 2154 762 ex
2202 708 2448 778 analogia
2503 710 2959 778 quemadmodum
3001 714 3272 768 secundus

1689 806 1772 850 est
1828 797 1896 851 ab
1971 798 2192 854 homine
2250 799 2342 868 qui
2405 803 2705 854 secundum
2765 801 3059 855 elﬁcaciam
3131 804 3271 858 bene

1692 886 1861 951 fecit,
1923 888 2014 942 ille
2071 889 2161 958 qui
2221 891 2370 944 sistit
2425 892 2478 944 in
2537 891 2814 946 voluntate
2861 893 3262 956 benefaciendi,

1691 975 1764 1030 ita
1814 993 2030 1046 quoque
2087 982 2358 1035 secundus
2393 990 2476 1037 est
2534 983 2603 1037 ab
2642 997 2706 1036 eo
2735 983 2827 1052 qui
2892 985 3017 1038 mali
3059 999 3268 1038 memo-

1691 1071 1822 1124 riam
1854 1071 1921 1128 ad
1950 1072 2198 1128 eﬂ'cctum
2235 1075 2404 1139 ducit,
2435 1076 2628 1148 illequi
2662 1094 2858 1133 nocere
2884 1082 3099 1149 quidem
3132 1081 3268 1144 vult,

1690 1164 1866 1218 adhuc
1907 1178 2087 1218 autem
2123 1168 2383 1222 abstinet.
2414 1169 2604 1223 Restat
2628 1181 2806 1224 autem
2839 1172 2927 1224 hic
2956 1173 3120 1227 etiam
3159 1182 3265 1225 ter-

1691 1255 1817 1319 tius,
1865 1255 2009 1310 sicut
2065 1259 2116 1310 in
2169 1259 2234 1310 iis
2268 1275 2388 1327 quae
2439 1270 2565 1314 sunt
2617 1262 3022 1328 beneﬁcentiae,
3059 1267 3270 1331 vitupe.

1696 1345 1924 1410 randus,
1951 1356 2005 1399 et
2053 1350 2407 1403 exsecrabilis
2464 1351 2550 1405 ille
2586 1353 2696 1421 (qui
2729 1368 2828 1408 nec
2866 1353 3122 1408 beneﬁcia
3181 1369 3268 1407 re.

1690 1436 1803 1505 ipsa
1831 1439 2042 1492 confert
2069 1455 2169 1492 nec
2198 1441 2422 1494 reddere
2453 1446 2665 1508 gaudet,
2685 1445 2778 1498 sed
2811 1446 2973 1498 etiam
3011 1446 3265 1516 iujuriam

1690 1527 1921 1598 adjicit),
1957 1529 2030 1582 ita
2075 1545 2293 1600 quoque
2331 1533 2383 1585 in
2415 1533 2498 1586 bis
2529 1549 2647 1600 qua:
2683 1536 2746 1588 ad
2779 1537 3116 1589 vexationem
3148 1551 3269 1604 spe-

1690 1627 1865 1683 ctant,
1900 1620 1988 1674 ille
2015 1623 2107 1689 qui
2145 1634 2401 1677 caeterum
2437 1639 2468 1678 e
2509 1627 2784 1680 contrario
2814 1628 3060 1681 laudibus
3093 1637 3146 1681 et
3177 1629 3268 1681 be-

1691 1708 2093 1765 nedictionibus
2123 1713 2322 1781 dignus
2351 1722 2456 1780 est,
2484 1717 2575 1783 qui
2606 1724 2727 1784 post
2760 1718 3099 1770 vexationem
3133 1732 3267 1770 sane

1692 1800 2051 1867 prmbabitarn
2087 1819 2261 1873 neque
2288 1821 2407 1874 qua:
2437 1808 2688 1862 vindictae
2733 1817 2857 1863 sunt
2885 1821 3142 1876 cperatur
3170 1825 3268 1862 ne-

1614 1889 1655 1944 B
1685 1909 1787 1960 que
1815 1898 2028 1964 quaerit,
2056 1898 2175 1961 sed,
2210 1901 2255 1953 si
2292 1900 2432 1956 forte
2466 1896 2730 1968 meminit,
2761 1917 3010 1974 aggerem
3044 1904 3268 1971 opponit

1690 1986 1857 2052 malo,
1891 1997 1945 2043 et
1981 1989 2025 2043 si
2061 1991 2188 2059 quid
2219 1993 2328 2048 olet
2358 1994 2656 2062 malitiam,
2694 1996 2823 2050 illud
2855 1997 2908 2050 in
2938 1996 3265 2050 oblivionem

1687 2089 1738 2132 et
1775 2082 2206 2138 recordationem
2237 2085 2409 2153 ipsam
2441 2103 2472 2142 e
2505 2098 2688 2143 mente
2723 2090 2916 2158 rejicit.

1763 2172 1848 2226 M.
1881 2172 2004 2230 llaec
2036 2175 2198 2246 igitur
2224 2178 2268 2234 si
2301 2180 2371 2234 ita
2398 2181 2503 2234 sint
2528 2182 2910 2252 (proculdubio
2938 2192 3115 2237 autem
3149 2197 3265 2235 om-

1691 2263 1822 2318 nino
1861 2266 2034 2336 sunt),
2072 2271 2420 2325 convincitur
2474 2274 2527 2326 in
2589 2284 2738 2328 recto
2769 2276 3016 2328 veritatis
3053 2275 3266 2328 tramite

1690 2371 1793 2410 non
1825 2359 2102 2416 ambulare
2145 2363 2236 2432 qui
2292 2365 2726 2420 recordationem
2777 2367 2902 2419 mali
2955 2367 3019 2420 ad
3060 2367 3260 2419 malum

1689 2446 1832 2500 malo
1876 2451 2289 2506 retribuendum
2322 2453 2557 2508 reducit.
2602 2452 2947 2508 Manifestum
2997 2463 3076 2508 est
3113 2454 3261 2506 enim

1689 2538 1832 2604 quod
1865 2555 2039 2609 neque
2084 2541 2333 2598 beneﬁcii
2372 2545 2691 2599 recordatus
2738 2545 2936 2612 ubique
2969 2542 3260 2608 benefacit,

1689 2645 1864 2700 neque
1897 2633 1987 2701 qui
2026 2635 2326 2689 vexationis
2385 2635 2550 2690 illatae
2584 2636 2846 2699 meminit,
2897 2637 3006 2704 jam
3044 2651 3110 2691 eo
3139 2636 3261 2706 ipso

1689 2720 1742 2774 in
1771 2725 2025 2792 abyssum
2082 2726 2233 2778 malae
2276 2724 2525 2780 vindicta:
2553 2724 2806 2792 delapsus
2837 2736 2941 2779 est.

1760 2813 1848 2867 15.
1883 2815 2014 2885 Age,
2047 2815 2160 2883 jam
2196 2830 2538 2872 resumamus
2573 2815 3077 2886 hujusargumenti
3112 2831 3262 2871 sum-

1691 2922 1835 2961 mam
1872 2925 1886 2961 :
1923 2909 2240 2962 meminisse
2279 2909 2495 2978 quidem
2529 2909 2757 2977 alicujus
2795 2909 2933 2963 bene
2985 2907 3258 2964 incientis.

1688 3005 1744 3051 et
1799 3012 2016 3052 rursum
2075 2998 2217 3052 male
2283 2999 2494 3068 agentis
2522 2997 2824 3063 recordari,
2862 2978 3262 3066 oppositionem

1691 3086 1929 3154 habent;
1966 3098 2022 3140 nt
2055 3097 2272 3141 econtra
2302 3089 2462 3142 etiam
2495 3087 2838 3148 benefacere,
2869 3088 3008 3157 quod
3036 3087 3255 3155 quidam

1691 3177 1846 3231 bona;
1867 3178 2136 3232 memoriae
2152 3177 2404 3232 ell‘ectum
2427 3191 2550 3233 esse
2567 3187 2779 3248 putant,
2812 3186 2867 3234 et
2896 3178 3035 3233 male
3055 3177 3263 3240 facere,

1693 3270 1836 3338 quod
1889 3267 2158 3339 sapientes
2210 3279 2547 3324 conservata;
2601 3271 2727 3324 mali
2788 3270 3061 3324 memoriae
3113 3268 3261 3322 fruc-

1692 3365 1806 3415 tum
1830 3369 2079 3426 censent,
2105 3360 2404 3416 insociabili
2428 3360 2714 3417 intervallo
2746 3370 3092 3431 separantur.
3114 3359 3269 3414 lusu-

1694 3467 1788 3522 per
1842 3461 2021 3508 autem
2057 3455 2195 3508 velle
2247 3454 2463 3522 quidem
2504 3468 2766 3509 exercere
2823 3453 3262 3513 beneﬁcentiam,

1697 3545 1792 3600 sed
1838 3561 1942 3600 non
2003 3560 2198 3616 posse;
2244 3548 2554 3614 iterumque
2599 3547 2738 3602 alias
2789 3561 2988 3614 cupere
3044 3546 3262 3614 quidem

1702 3637 1902 3690 malum
1939 3653 2037 3706 pro
2079 3639 2224 3692 malo
2268 3638 2530 3704 reddere,
2575 3653 2754 3708 neque
2795 3653 2924 3693 vero
2975 3653 3170 3707 posse,
3214 3637 3267 3690 in

1699 3739 1906 3798 partem
1968 3731 2297 3785 contrariam
2359 3731 2473 3800 ipsa
2537 3732 2964 3801 distinguuntur.
3021 3729 3116 3785 Est
3167 3730 3269 3784 bo-

1700 3823 1752 3876 ni
1779 3823 1995 3890 quidem
2023 3823 2232 3879 ordinis
2288 3823 2452 3879 simul
2501 3824 2876 3879 beneﬁcentia:
2920 3823 3268 3886 meminisse,

1701 3924 1754 3970 et
1784 3915 1854 3970 ob
1893 3915 2038 3970 illam
2067 3917 2420 3982 benefacere,
2455 3927 2511 3971 et
2539 3917 2756 3970 tertium
2789 3931 2942 3971 mens
2985 3917 3264 3981 benevola,

1700 4009 1804 4064 etsi
1847 4023 2038 4063 manus
2085 4011 2346 4077 perlicere
2389 4025 2491 4064 non
2523 4010 2757 4064 valeant.
2793 4009 3033 4064 Alterius
3080 4019 3263 4063 autem

1701 4099 1918 4162 classis,
1960 4115 2078 4168 qua:
2123 4109 2402 4170 reputatur
2441 4100 2495 4153 in
2541 4102 2955 4168 oppositionem,
2987 4109 3071 4155 est
3103 4114 3267 4154 vexa-

1705 4193 1866 4247 tionis
1897 4193 2143 4248 dolenter
2180 4192 2529 4258 meminisse;
2568 4194 2866 4248 secundum
2917 4195 3026 4246 cito
3054 4202 3270 4260 promer

1705 4285 1849 4339 illam
1881 4284 2242 4349 malel‘acere;
2279 4294 2331 4338 et
2364 4297 2529 4352 super
2556 4284 2640 4337 his
2665 4284 2892 4348 duobus,
2943 4282 3042 4337 sibi
3079 4296 3278 4351 propo-

1706 4392 1838 4432 nere
1867 4378 2108 4447 quidem,
2147 4377 2240 4430 sed
2268 4376 2602 4445 [impositum
2637 4389 2962 4443 quocunque
2984 4373 3143 4427 modo
3167 4387 3274 4426 non

1709 4469 1994 4540 attingere.
2025 4468 2090 4522 Et
2119 4470 2192 4523 ita
2231 4469 2448 4538 quidem
2470 4507 2482 4529 ,
2517 4482 2582 4521 ex
2626 4467 2871 4535 utrisque
2897 4465 3154 4536 gradibus
3184 4478 3277 4517 sn-

93 4546 228 4613 ἡδὶ,
256 4555 428 4610 ὁποίαν
469 4559 771 4630 ἀπεύχεται
807 4563 834 4614 6
875 4564 1122 4633 φρονῶν,
1168 4563 1398 4632 ἔσχατον
1442 4569 1600 4634 αὐτὸς

1709 4560 1953 4630 periores
2000 4569 2165 4623 sunt,
2227 4575 2367 4614 unus
2408 4558 2627 4629 quidem
2668 4557 2966 4612 secundum
3022 4557 3275 4608 virtutem

97 4636 265 4706 βαθμὸν
290 4647 635 4718 αἱρούμενος,
663 4652 810 4723 ἥπερ
849 4655 1188 4720 ἀναϐαίνειν,
1215 4657 1335 4710 ὅθεν
1363 4659 1478 4712 ἐστι
1505 4676 1605 4712 κα-

93 4739 508 4812 ταιρημνισθῆναι
533 4745 614 4804 είς
633 4743 852 4815 ὄλεθρον
866 4762 880 4776 ο
904 4747 955 4799 οἱ
980 4748 1164 4816 μέντοι
1181 4748 1382 4801 τούτων
1401 4749 1506 4802 πυθ
1515 4751 1610 4819 μέ-

97 4835 167 4911 rs;
194 4825 433 4886 ἀνάπαλιν
462 4832 668 4902 έχουσι.
707 4835 816 4889 Καὶ
850 4837 909 4889 τὸ
945 4838 1044 4906 μὲν
1083 4838 1190 4902 ἔξω
1224 4841 1445 4910 μνήμης
1477 4841 1609 4911 βάλ’

97 4910 189 4962 λειν
220 4918 268 4967 τὸ
291 4921 651 4994 εὐεργέτημα,
698 4927 794 4979 καλ⁵
835 4927 1135 4998 ἀχάριστον
1169 4925 1329 4990 εἶναι.
1364 4910 1608 4986 καίνπου

99 5006 176 5054 καὶ
205 5006 455 5083 δαινηρῶς
487 5016 801 5085 ἐμφύεσθαι
832 5019 910 5087 τῷ
944 5021 1370 5091 εὐεργετηκότι,
1403 5024 1476 5086 ὡς
1517 5027 1611 5078 καὶ

99 5091 385 5183 ξποτρώγειν
402 5104 612 5159 ἐθέλειν
629 5108 738 5160 τῶν
757 5108 923 5162 αὑτοῦ
943 5112 1182 5182 σαρκῶν,
1208 5113 1237 5165 6
1261 5113 1324 5183 δὴ
1347 5117 1439 5166 καλ.
1463 5116 1612 5170 κάτω

100 5180 286 5250 ἒτκατον
307 5192 654 5266 ὑποστάθμης
677 5197 819 5269 λόγῳ
844 5199 902 5252 ἐν
926 5202 992 5270 τῇ
1013 5180 1234 5254 ἐπαινου
1244 5180 1382 5274 μένῃ
1402 5219 1463 5255 συ
1474 5220 1585 5256 στοι
1599 5233 1616 5244 -

99 5275 176 5344 χὶᾳ
208 5278 373 5346 ἔκειτο,
404 5287 852 5357 φαυλιπίφαυλόν
882 5293 1030 5344 ἐστιν
1059 5292 1229 5355 δντως
1255 5298 1347 5346 καὶ
1383 5311 1616 5366 μεμιση-

103 5366 240 5431 μένον
259 5373 321 5442 τῷ
343 5378 433 5430 καὶ
466 5377 668 5450 πρώτῳ
693 5383 784 5433 καὶ
812 5382 1052 5452 μεγίστῳ
1079 5383 1409 5455 διδασκάλῳ,
1433 5381 1494 5438 οὒ
1518 5385 1618 5454 τῆς

105 5456 354 5529 μαθητείας
380 5469 406 5519 6
433 5471 740 5541 νενοσηκὼς
777 5473 908 5525 αὐτὸ
951 5472 1306 5542 Ἰσκαριώτης
1337 5475 1616 5539 ἐξέπεσεν.

109 5543 363 5619 Ἐτέρωθεν
403 5561 455 5613 δέ
494 5579 556 5630 γε
607 5564 669 5618 τδ
706 5565 927 5634 μνήμην
966 5567 1064 5634 μὲν
1119 5565 1394 5642 π[άσχε]ιν
1429 5567 1618 5620 κακώ-

108 5655 251 5730 ῗεωςι
279 5649 478 5719 ἀμελεῖν
511 5655 568 5708 δὲ
602 5657 1022 5720 άντικακώσεως
1042 5699 1053 5718 ,
1085 5659 1164 5719 εἰς
1197 5657 1224 5710 ὃ
1258 5658 1320 5727 δὴ
1353 5659 1616 5730 περιέστη

102 5747 187 5828 ’.ις’
211 5727 280 5785 οἷα
309 5743 393 5792 καὶ
430 5744 506 5807 εἰς
545 5746 775 5816 τρυγίαν
810 5749 934 5800 τινὰ
969 5749 1002 5817 ἡ
1037 5747 1271 5817 κακίστη
1311 5750 1621 5818 συστοιχεία

107 5835 188 5874 τις
219 5833 494 5902 μτμνῆσθαι
520 5840 857 5908 κακωθῆναι,
885 5841 972 5899 καὶ
1003 5843 1068 5911 τῇ
1101 5841 1293 5911 μνήμῃ
1326 5840 1501 5912 ταύτῃ
1528 5858 1626 5894 καη

1707 4652 2109 4708 ambulantibus
2157 4652 2556 4716 desiderabilis,
2612 4650 2752 4704 alius
2814 4657 2996 4702 autem
3049 4647 3173 4702 talis
3219 4655 3279 4700 ut

1705 4759 1829 4800 eum
1859 4746 2184 4813 deprecatur
2215 4745 2475 4812 prudens,
2508 4742 2758 4796 ultimum
2783 4740 2897 4810 ipse
2921 4739 3146 4808 gradum
3179 4752 3279 4807 po-

1716 4838 1819 4891 tius
1849 4837 2075 4904 eligens,
2110 4850 2270 4906 quam
2323 4836 2616 4890 ascendere
2662 4847 2900 4896 rursum,
2938 4831 3081 4885 unde
3133 4829 3280 4884 deci-

1711 4928 1840 4982 dere
1867 4926 2084 4982 debebit
2133 4927 2186 4981 in
2247 4927 2503 4980 ruinam:
2560 4924 2708 4979 fundi
2744 4931 2924 4977 tamen
2977 4919 3196 4975 illorum
3247 4931 3280 4974 ο

1717 5017 1994 5072 contrario
2046 5017 2294 5070 veniunt.
2351 5013 2420 5069 Et
2451 5015 2668 5085 quidem
2735 5022 2889 5070 extra
2959 5012 3278 5067 memoriam

1713 5107 1979 5178 projicere
2003 5106 2350 5170 beneﬁcium,
2387 5115 2442 5160 et
2487 5105 2759 5174 ingratum
2818 5117 2980 5167 esse,
3027 5102 3279 5172 forteque

1721 5201 1990 5274 mordicus
2025 5199 2104 5254 sic
2153 5199 2419 5252 inhaerere
2474 5198 2827 5257 benefactori.
2871 5205 2930 5248 ut
2969 5195 3148 5250 taliter
3205 5193 3286 5248 af-

1717 5289 1893 5345 fectus
1940 5290 2104 5346 etiam
2163 5289 2310 5344 illius
2343 5304 2540 5344 carnes
2603 5290 2886 5344 comedere
2939 5287 3100 5351 velit,
3141 5289 3289 5357 quod
3323 5287 3338 5306 ‘

1721 5382 1974 5437 deorsum
2017 5384 2070 5436 in
2123 5381 2314 5436 ordine
2347 5380 2632 5443 laudabili,
2691 5381 2838 5435 laecis
2889 5379 3011 5434 loco
3045 5379 3286 5448 iacebat,

1721 5473 1902 5544 reipsa
1933 5474 2318 5544 pravissimum
2352 5482 2435 5528 est
2473 5473 2832 5542 odiosumque
2861 5474 3036 5542 primo
3066 5485 3286 5538 magno-

1722 5577 1828 5633 que
1861 5561 2144 5630 Magistro,
2176 5577 2207 5616 e
2236 5562 2390 5630 cuius
2415 5561 2740 5631 discipulatu
2783 5563 2870 5631 qui
2911 5566 3155 5616 senserat
3183 5561 3284 5611 huc

1725 5654 1981 5710 lscariota
2051 5654 2275 5709 excidit.
2312 5653 2544 5709 Aliunde
2567 5669 2696 5708 vero
2719 5652 3036 5708 memoriam
3067 5651 3285 5719 quidem

1727 5741 2000 5799 Sustinere
2025 5746 2353 5808 vexationis,
2389 5745 2665 5800 abstinere
2717 5757 2848 5798 vero
2878 5757 2906 5795 a
2946 5741 3072 5796 mali
3133 5748 3290 5793 retri-

1727 5839 1974 5904 butione,
2013 5837 2078 5893 ad
2108 5838 2252 5907 quod
2283 5838 2475 5908 vergit,
2512 5846 2767 5906 tanquam
2821 5835 2888 5890 ad
2940 5834 3173 5904 aliquam
3203 5833 3295 5887 lac.
