3840 6550
382 373 494 440 423

1057 374 1478 437 EUSTATHiI
1519 371 2275 435 THESSALONICENSIS
2311 372 2887 437 METROPOLITJE

3537 369 3645 437 ιιι

453 489 544 545 εν.
584 488 852 546 Praeterea
886 489 988 556 vir,
1022 489 1078 545 in
1102 491 1397 563 legitimum
1428 491 1735 562 coniugium
1767 489 1948 545 sciens

2123 489 2229 560 κβ’.
2256 490 2378 544 Ἔτι
2409 489 2533 544 οὗτε
2561 490 2729 562 ἀνὴρ.
2760 490 2817 554 ἐς
2847 488 2947 562 τὴν
2971 486 3198 555 εννομον
3226 480 3496 551 συζυγῖαν
3526 481 3645 551 116'.-

386 596 506 635 csse
540 590 816 651 peccatum
847 624 862 649 ,
891 598 994 636 non
1042 582 1420 649 obliviscetur,
1482 590 1646 653 puto,
1708 582 1962 651 passione

385 670 649 726 furentem
690 673 916 739 sociam,
952 681 1003 726 et
1030 675 1243 728 modum
1282 688 1387 743 quo
1411 672 1875 741 ipsumtractavit,
1909 682 1964 725 et

396 764 517 819 ideo
541 764 781 827 cavebit,
806 781 904 835 per
939 773 1105 820 t0tam
1136 766 1298 821 vitam
1333 780 1562 830 memor,
1586 779 1651 819 ne
1686 774 1963 821 revertens

388 854 585 926 iniquit
620 857 954 914 ssalutarem
998 857 1295 927 disrumpat
1335 855 1812 921 discordiant.Nec
1850 874 1966 912 ma-

388 948 577 1015 gister,
610 964 710 1005 nee
741 947 1154 1018 paterfamilias,
1194 947 1362 1003 malos
1394 947 1654 1002 habentes
1706 962 1960 1018 comper-

390 1049 496 1107 tos,
541 1056 678 1094 unus
730 1041 946 1109 quidem
987 1038 1310 1109 discipulum
1338 1077 1354 1106 ,
1386 1036 1525 1093 alter
1572 1046 1752 1090 autem
1790 1037 1962 1091 alum-

388 1145 515 1183 num
552 1130 900 1202 peccantibus
916 1144 1011 1200 per
1043 1128 1366 1185 oblivionem
1394 1125 1608 1180 veniam
1646 1125 1874 1187 darent,
1911 1132 1964 1179 et

390 1228 535 1273 certe
561 1235 661 1274 nec
702 1220 802 1287 ipsi
838 1220 968 1274 trito
1002 1217 1280 1273 memorize
1315 1216 1521 1280 colore,
1551 1216 1651 1268 sul)
1686 1213 1813 1268 mali
1848 1228 1962 1267 tne-

390 1328 602 1366 morum
645 1313 971 1381 imaginibus
1010 1311 1395 1381 pingerentnr;
1424 1322 1612 1362 verum
1652 1322 1792 1361 unus
1837 1306 1961 1376 qui-

389 1404 512 1458 dem
547 1404 828 1460 vorabitur
857 1404 1095 1475 conjugii
1131 1402 1357 1467 zelator,
1398 1402 1535 1457 alius
1575 1407 1756 1455 autem
1787 1399 1966 1454 bonus

393 1495 671 1565 magister,
710 1507 765 1551 et
796 1495 930 1564 alter
962 1496 1200 1567 prudens
1246 1509 1460 1558 eorum,
1498 1506 1729 1563 quorum
1787 1489 1962 1546 admi-

391 1587 764 1645 nistrationem
817 1586 1004 1653 habet,
1052 1598 1385 1642 (economos.
1415 1582 1614 1638 Eadem
1641 1596 1772 1637 vero
1807 1583 1967 1651 plane

391 1677 602 1733 ratione
662 1679 839 1733 viator
869 1677 960 1748 qui
992 1692 1211 1748 pravum
1242 1675 1453 1731 itineris
1482 1675 1735 1730 comitem
1765 1673 1968 1729 invenit

2065 583 2271 653 κῆσθαι
2317 582 2496 648 εἰδὼς,
2542 582 2764 637 λάϐοιτο
2802 582 2871 635 ἂν
2916 581 3012 650 τῆς
3053 577 3454 648 οἰστροπλῆγος
3496 570 3646 643 οἶμαι

2064 677 2351 748 συννόμου,
2380 673 2467 730 οἷα
2490 678 2697 730 ἐκεῖνον
2714 675 2924 730 διέθετο
2948 690 2961 704 ·
2985 673 3073 742 ἐφ’
3103 665 3183 735 οἷς
3201 671 3297 725 καὶ
3321 667 3647 737 φυλάττοιτο

2062 766 2149 832 ἂν,
2186 765 2538 837 μεμνημένος
2567 765 2655 819 διὰ
2685 765 2803 835 βίου
2837 763 3062 830 παντὸς,
3105 762 3181 832 μὴ
3211 760 3304 812 καὶ
3336 755 3649 825 ἀνακυκλή-

2066 874 2209 911 σασα
2253 859 2285 927 ή
2334 857 2501 911 κακία
2544 855 2802 928 διαζεύξῃ
2842 854 2944 926 τὴν
2985 853 3157 923 καλὴν
3193 850 3485 923 ἁρμονίαν.
3521 845 3648 901 οὖτ’

2062 949 2131 1003 ἃν
2164 948 2507 1011 διδάσκαλος,
2539 948 2660 1001 οὐδὲ
2691 947 2800 1018 μὴν
2826 946 3235 1014 οἰκοδεσπότης,
3262 944 3469 1005 κακοὺς
3498 940 3646 1005 ἔξεο-ρ

2065 1042 2331 1114 ρηκότες,
2359 1041 2388 1097 6
2420 1041 2521 1111 μὲν
2551 1040 2644 1094 τὸν
2676 1039 3007 1110 μυούμενον,
3035 1039 3063 1091 6
3089 1036 3146 1089 δὲ
3167 1034 3259 1087 τὸν
3286 1034 3647 1105 τρεφόμενον,

2063 1133 2323 1204 ἀμελοῖεν
2360 1132 2427 1187 ἂν
2465 1131 2637 1202 λήθης
2671 1132 2820 1202 λόγῳ
2855 1130 2967 1184 τῶν
3003 1126 3478 1198 πλημμελούντων
3504 1140 3519 1155 ·
3554 1122 3650 1177 καὶ

2063 1226 2164 1281 οὐκ
2195 1226 2296 1297 ήδη
2327 1225 2436 1279 οὐδ’
2468 1224 2659 1290 αὐτοὶ,
2694 1221 3182 1294 παρατριϐομένων
3210 1218 3302 1273 τοῦ
3340 1216 3483 1270 κατὰ
3510 1217 3649 1284 μνή-

2068 1334 2177 1387 μην
2237 1316 2528 1388 χρώματος
2559 1356 2576 1382 ,
2643 1316 2944 1387 γράφοιντο
2999 1312 3066 1367 ἂν
3128 1312 3209 1376 εἰς
3286 1308 3650 1381 μνησικάκων

2066 1409 2303 1470 εἰκόνας.
2347 1406 2486 1461 Ἀλλ’
2515 1410 2542 1461 6
2575 1408 2672 1478 μὲν
2704 1407 2861 1460 ἔσται
2892 1403 3232 1475 καλούμενος
3261 1400 3679 1478 φιλοσύζυγοςη

2064 1498 2095 1552 6
2120 1498 2167 1551 δ’
2201 1497 2404 1567 ἀγαθὸς
2435 1498 2760 1563 διδάσκαλος
2779 1537 2796 1565 ,
2825 1499 2854 1552 6
2881 1496 2939 1551 δὲ
2968 1495 3191 1567 συνετὸς
3220 1493 3507 1562 οἰκονόμος
3526 1529 3546 1555 ,
3581 1484 3677 1544 ὧν⁴

2067 1592 2455 1652 οἱκοδισποτεϊ.
2480 1591 2585 1645 Τὸν
2606 1590 2663 1644 δὲ
2685 1590 2872 1661 ὅμοιον
2898 1587 3059 1662 λόγον
3089 1588 3186 1641 καὶ
3207 1584 3491 1655 ὁδοιπόρος
3514 1581 3655 1652 φαῦ-

2066 1685 2158 1738 λον
2183 1684 2304 1739 ὁδοῦ
2336 1684 2593 1740 κοινωνὸν
2634 1681 2875 1753 ἐξευρὼν
2895 1722 2909 1746 ,
2954 1682 3050 1734 καὶ
3093 1680 3264 1749 συχνὰ
3296 1676 3656 1748 ὑφορώμενος
3688 1706 3693 1711 ε

300 1828 305 1839 ,
390 1783 623 1841 eumque
650 1770 720 1824 ob
752 1769 882 1824 illud
911 1770 1239 1837 suspicatur,
1267 1768 1503 1836 prudens
1536 1766 1800 1822 dicendus
1840 1765 1964 1828 erit,

2083 1777 2160 1831 τὸν
2187 1776 2357 1846 ἄνδρα
2375 1776 2518 1829 κατὰ
2540 1777 2788 1847 μνήμην,
2815 1772 3065 1844 ἐχέφρων
3092 1772 3157 1825 ἂν
3186 1771 3425 1836 καλοῖτο,
3462 1769 3562 1823 καὶ
3594 1769 3651 1823 o6

396 1874 500 1912 non
552 1861 680 1915 mali
719 1877 951 1919 memor.
995 1862 1261 1916 Mercator
1290 1870 1471 1915 autem
1521 1861 1611 1929 qui
1660 1866 1967 1941 consortem

2083 1869 2462 1941 μνησικακῶν.
2516 1867 2799 1939 Ἐμπορος
2844 1865 2902 1919 δὲ
2952 1863 3357 1936 συλλαϐόμενος
3398 1861 3653 1933 μέτοχον,

396 1963 737 2020 assumptum
766 1956 1034 2024 comperit
1065 1955 1264 2009 bonum
1295 1970 1580 2010 commune
1609 1952 1795 2009 furtim
1820 1967 1975 2008 exsu-

397 2050 644 2108 geutem,
691 2044 871 2111 arguit
908 2058 973 2098 ac
1022 2046 1338 2113 exprobrat,
1371 2043 1585 2112 sibique
1628 2053 1824 2109 cavet;
1876 2042 1972 2101 sed

398 2145 505 2184 non
538 2133 601 2184 de
638 2132 845 2189 ultione
879 2138 1146 2191 notandus
1191 2145 1295 2192 est.
1329 2133 1594 2190 Novimus
1637 2134 1972 2189 tumulorum

401 2223 713 2293 violatores,
759 2237 815 2283 et
863 2244 1079 2299 semper
1125 2231 1361 2297 odimus,
1401 2241 1456 2284 et
1493 2240 1751 2299 tanquam
1801 2229 1973 2283 malos

397 2315 659 2383 vitamus,
702 2331 892 2375 etnon
930 2324 1237 2378 desinemus
1283 2338 1405 2379 esse
1461 2326 1617 2389 tales,
1669 2323 1844 2378 donec
1884 2322 1971 2377 isti

400 2405 538 2461 talt-s
572 2416 893 2467 Inanserint.
928 2412 984 2468 Si
1029 2414 1151 2485 quis
1188 2415 1352 2487 igitur
1397 2415 1523 2469 mali
1555 2429 1824 2470 memores
1874 2430 1973 2469 nos

399 2497 581 2553 dicere
624 2500 757 2568 vult,
787 2505 983 2559 audeat
1013 2515 1067 2560 et
1100 2506 1247 2560 dicat
1280 2513 1336 2561 et
1360 2505 1677 2561 irrideatur.
1711 2505 1841 2563 Hree
1879 2522 1974 2559 att-

402 2596 506 2641 tem
538 2603 619 2644 est
647 2592 806 2648 etiam
831 2596 1040 2652 caeteris
1066 2597 1443 2669 iniquitatibus
1472 2594 1781 2669 esplicatio.
1804 2598 1977 2654 Fura-

400 2687 490 2730 tur
522 2678 770 2737 vicinus:
809 2695 1099 2755 suspectus
1138 2695 1257 2754 est;
1296 2687 1423 2742 mali
1467 2703 1673 2743 memor
1709 2702 1839 2759 ergo
1882 2688 1974 2759 qui

399 2766 574 2824 furem
601 2773 915 2840 suspicatus
933 2786 1035 2833 est.
1057 2778 1211 2834 Alius
1234 2779 1610 2847 homicidium,
1628 2779 1972 2851 sacrilegium

401 2859 580 2929 alter,
636 2868 825 2923 tertius
873 2879 1054 2929 autem
1112 2871 1448 2941 impietatem
1502 2874 1881 2941 perpetravit:
1925 2873 1970 2939 si

402 2952 530 3009 inde
576 2957 798 3025 odium,
834 2961 960 3023 mali
1011 2965 1329 3022 memOriam
1377 2965 1759 3035 experiuntur.
1809 2964 1973 3022 Errat

402 3043 476 3097 ita
510 3049 750 3104 sentiens
788 3061 843 3106 et
867 3055 1218 3123 semetipsum
1245 3057 1467 3127 decipit.

2076 1962 2175 2017 xui.
2200 1961 2461 2038 φωράσας
2493 1959 2743 2027 ὑπούλως
2767 1957 2829 2017 τὸ
2848 1958 3029 2011 κοινὸν
3063 1946 3414 2028 ὲκμυζῶῦτα,
3441 1954 3656 2021 ἐλέγξει

2080 2055 2176 2127 μὲν
2223 2056 2318 2108 καὶ
2364 2053 2640 2126 μέμψεται
2685 2053 2781 2113 καὶ
2831 2051 3162 2120 φυλάξεται·
3212 2048 3316 2101 οὐκ
3362 2047 3428 2100 ἂν
3475 2045 3530 2100 δὲ
3582 2046 3657 2108 εἰς

2078 2147 2448 2220 μνησικακίαν
2512 2146 2800 2213 ἀπάγοιτο.
2891 2141 3133 2211 Οἴδαμεν
3216 2137 3653 2208 τυμϐωρύχονς.

2076 2242 2172 2296 καὶ
2215 2239 2484 2310 μισοῦμεν
2515 2236 2634 2304 ἀεὶ,
2676 2236 2769 2290 καὶ
2809 2234 3132 2299 ὲκκλίνομεν
3175 2233 3251 2296 ὠς
3280 2231 3525 2310 κακοὺς,
3563 2228 3657 2282 καὶ

2075 2333 2184 2387 οὐδ’
2217 2304 2294 2387 ’ἂν
2334 2304 2692 2401 παυσαίμεθα
2730 2329 2924 2384 τοιοίδε
2968 2328 3156 2391 ὄντες.
3194 2304 3330 2387 10);,
3350 2322 3417 2377 ἂν
3452 2322 3656 2374 ἐκεῖνοι

2076 2426 2307 2482 τοιοῦτοι
2356 2425 2587 2495 μένοιεν.
2632 2424 2695 2477 Εἰ
2747 2421 2880 2491 γοῦν
2920 2438 3003 2484 τις
3054 2417 3229 2471 ἐθέλει
3279 2414 3657 2488 μνησικάκους

2073 2518 2257 2587 λέγειν
2288 2517 2455 2588 ἡμᾶς,
2487 2515 2743 2587 τολμάτω
2770 2513 2863 2577 καὶ
2903 2511 3109 2580 λεγέτω
3139 2510 3231 2562 καὶ
3269 2507 3542 2576 γελάσθω.
3594 2505 3654 2557 Ἦ

2075 2610 2122 2663 6‘
2162 2609 2302 2680 αὑτὴ
2332 2609 2427 2667 καὶ
2450 2609 2543 2661 ἐπὶ
2574 2606 2686 2659 τῶν
2720 2604 2898 2659 ἄλλων
2927 2601 3139 2655 κακιῶν
3170 2600 3381 2669 ἔφοδος.
3410 2598 3653 2653 κλέπτει

2077 2702 2309 2772 γείτων
2397 2697 2790 2761 ὑποπτεύεται.
2880 2694 3235 2765 Μνησὶκακος
3308 2691 3421 2763 ἄρα
3478 2692 3509 2744 ὁ
3562 2690 3651 2743 τὸν

2076 2797 2383 2854 κλέπτοντα
2411 2793 2785 2864 ὑπειδόμενος.
2829 2790 3151 2859 Ἐφόνευσεν
3178 2787 3391 2856 ἕτερος,
3433 2781 3650 2855 ἱεροσύ-

2076 2891 2242 2962 λησεν
2269 2889 2449 2952 ἄλλος,
2476 2890 2503 2941 6
2534 2887 2591 2941 δέ
2613 2903 2697 2950 τις
2726 2883 3116 2953 ὲθεομάχησεν.
3141 2879 3206 2934 El
3235 2877 3301 2949 δή
3336 2874 3649 2947 μισοῦνται,

2079 2980 2566 3056 μνησικακοῦνται.
2626 2973 3065 3049 Παραλογὶζεται
3112 2974 3141 3028 6
3195 2969 3414 3042 φρονῶν
3472 2966 3648 3032 οὕτω,

2075 3074 2172 3133 καὶ
2201 3071 2363 3137 αὐτὸς
2388 3070 2582 3125 ἑαυτὸν
2611 3068 2821 3140 ἀπατᾷ.

468 3136 566 3240 .25.
597 3132 810 3209 Adhuc,
847 3146 889 3199 si
935 3147 1152 3216 quidem
1192 3150 1592 3204 contrariorum
1647 3152 1834 3205 eadem
1886 3160 1968 3206 est

2149 3163 2256 3235 κγ’.
2308 3132 2430 3219 ’ίζτι
2460 3163 2618 3232 εἴπερ
2647 3132 2786 3214 τῶν·
2808 3158 3070 3215 ἐναντίων
3104 3158 3137 3229 ή
3170 3154 3311 3227 αὐτὴ
3362 3153 3648 3224 ἐπιστήμη

402 3233 630 3326 scientia
684 3233 1025 3307 cognitioque
1065 3237 1173 3309 (est
1226 3250 1407 3295 autem
1470 3241 1736 3315 omnino),
1785 3242 1974 3297 eadem

2083 3258 2178 3312 καὶ
2200 3233 2421 3326 ⁷γνῶσις
2473 3256 2622 3308 ἐστὶν
2663 3253 2803 3322 (ἔστι
2830 3253 2888 3306 δὲ
2920 3251 3185 3320 πάντως),
3218 3248 3306 3320 εἴη
3333 3247 3401 3302 ἄν
3446 3248 3481 3314 ἡ
3512 3245 3648 3315 αὑτὴ

403 3320 511 3375 erit
578 3318 779 3396 accepti
846 3326 1091 3388 beneﬁcii
1160 3333 1395 3404 malique
1450 3335 1606 3393 illati.
1656 3335 1758 3403 Qui
1840 3352 1969 3406 ergo

399 3408 609 3495 iudicat
654 3416 723 3471 ab
759 3418 997 3479 humana
1058 3421 1241 3477 anima
1273 3412 1710 3480 recordationem
1750 3441 1978 3496 prorsus

403 3504 814 3573 eradicandam,
849 3525 972 3566 cum
1024 3512 1230 3585 aliquid
1284 3513 1411 3569 mali
1462 3530 1659 3585 passus
1689 3527 1794 3580 est,
1831 3518 1976 3588 opti-

406 3610 551 3661 mam
597 3612 814 3669 quoque
856 3601 1122 3673 plantam,
1176 3606 1572 3661 beneﬁciorum
1632 3607 1975 3681 memoriam,

407 3688 568 3745 simul
597 3693 943 3764 eXSIirpabit,
980 3707 1035 3751 et
1064 3699 1376 3767 paradisum
1403 3701 1498 3770 qui
1517 3701 1676 3758 nobis
1709 3700 1850 3755 inest
1881 3701 1978 3759 de-

375 3836 379 3845 ,
410 3782 694 3849 vastabit;
729 3793 785 3838 et
823 3785 936 3854 jam
986 3803 1092 3842 non
1125 3789 1322 3859 aliquis
1357 3790 1794 3857 animadvertere
1828 3802 1981 3861 pote-

408 3873 501 3936 rit,
532 3886 589 3930 ut
632 3878 699 3931 de
727 3876 867 3935 malo
914 3876 1164 3947 tolerato,
1215 3884 1296 3939 sic
1329 3884 1396 3938 de
1434 3885 1701 3949 beneﬁcio
1740 3897 1979 3957 recepto.

410 3966 610 4037 Eadem
641 3970 787 4025 enim
819 3972 1051 4028 scientia
1084 3974 1238 4031 novit
1267 3982 1564 4047 utrumque
1598 3992 1694 4048 per
1725 3980 1984 4034 recorda-

412 4062 635 4122 tionem.
667 4061 722 4117 Si
751 4064 874 4133 quis
906 4076 1087 4121 autem
1119 4067 1281 4124 unius
1324 4069 1642 4125 memoriam
1684 4085 1792 4134 non
1824 4069 2005 4131 habet,

411 4154 838 4247 suscipiendam,
873 4166 1024 4217 certe
1074 4174 1177 4217 nec
1224 4160 1476 4247 alterius.
1508 4161 1573 4219 Et
1615 4164 1696 4225 sic
1746 4164 1984 4227 humana

411 4245 679 4316 perfectio
714 4249 937 4313 defecit.

481 4338 573 4405 24.
613 4338 807 4407 Porro,
855 4344 1169 4403 meminisse
1204 4346 1334 4409 mali
1366 4346 1690 4418 simpliciter
1712 4348 1779 4401 ad
1819 4347 1984 4404 multa

411 4438 587 4495 potest
608 4432 796 4489 referri
826 4451 842 4489 :
870 4450 976 4489 non
1007 4437 1152 4491 enim
1178 4437 1466 4493 indivisum
1499 4448 1605 4492 est.
1635 4438 1843 4509 Aliquis
1870 4453 1988 4492 me-

2078 3353 2172 3405 καὶ
2195 3349 2290 3403 τοῦ
2313 3345 2726 3419 εὐεργετεῖσθαι
2755 3344 2853 3399 καὶ
2877 3342 2972 3398 τοῦ
3000 3339 3328 3404 κακοῦσθαι.
3372 3339 3434 3392 Ὀ
3466 3337 3650 3391 τοίνυν

2078 3441 2247 3508 ἀξιῶν
2285 3439 2644 3511 ὲκριζοῦσθαι
2678 3437 3032 3491 παντάπασιν
3074 3434 3175 3502 τῆς
3204 3433 3329 3488 κατ’
3364 3431 3650 3500 ἄνθρωπον

2078 3533 2258 3606 ψυχῆς
2288 3532 2349 3587 τὸ
2378 3531 2710 3603 μεμνῆσθαι,
2747 3529 2825 3592 ὡς
2873 3526 3062 3591 κακῶς
3090 3525 3256 3581 ποθεν
3298 3523 3496 3586 ἔπαθε,
3534 3538 3654 3573 συν⁴

2081 3622 2352 3678 εκσπάσοι
2373 3624 2441 3677 ἂν
2472 3622 2565 3675 καὶ
2594 3620 2654 3689 τὸ
2680 3619 2970 3674 κάλλιστον
3006 3616 3193 3685 φυτὸν,
3226 3616 3327 3688 τήν
3363 3613 3477 3668 τῶν
3501 3612 3653 3680 εὐερ-

2083 3713 2282 3784 γεσιῶν
2320 3714 2563 3787 μνήμην,
2615 3711 2711 3766 καὶ
2757 3713 2850 3767 τὸν
2902 3712 2961 3777 έν
2993 3708 3127 3780 ἡμῖν
3163 3707 3446 3779 ἐρημώσει
3476 3702 3651 3772 παρά·

2081 3807 2297 3860 δεισον’
2350 3804 2446 3858 καὶ
2516 3803 2701 3857 οὐκέτι
2757 3800 2824 3856 ἄν
2883 3817 2968 3865 τις
3027 3799 3194 3870 εἰδείη
3252 3797 3651 3869 αἰσθήσεσθαι,

2082 3896 2273 3967 ὥσπερ
2327 3892 2423 3949 τοῦ
2475 3892 2823 3960 κακωθῆναι,
2860 3891 3036 3954 οὕτως
3082 3888 3205 3944 οὐδὲ
3239 3887 3334 3942 τοῦ
3365 3888 3656 3957 εὐεργετηιτ

2085 3987 2264 4058 θῆναι.
2310 3984 2377 4042 Ἦ
2404 3983 2514 4053 γάρ
2557 3984 2699 4054 αὑτὴ
2750 3985 2917 4053 ἄμφω
2967 3976 3110 4036 οῑδεν
3155 3979 3217 4045 ἐξ
3265 3979 3650 4048 ἀναμνήσεως.

2084 4081 2147 4135 El
2177 4078 2233 4133 δέ
2265 4095 2349 4142 τις
2390 4078 2619 4147 θατέρου
2661 4075 2887 4146 μνήμην
2936 4073 3036 4127 οὐκ
3080 4070 3196 4142 ἔχει
3225 4069 3653 4141 ἀναλαμϐάνειν,

2085 4172 2186 4226 ούκ
2216 4172 2282 4227 ἂν
2318 4168 2440 4223 οὐδὲ
2487 4167 2582 4221 τοῦ
2616 4168 2831 4238 ἑτέρου.
2881 4165 2989 4220 Καὶ
3013 4164 3250 4243 οὖτωςή
3288 4162 3411 4229 κατ’
3451 4162 3657 4233 ἄνθρω-

2091 4281 2192 4318 πον
2243 4261 2518 4330 τελειότης
2559 4260 2893 4315 ἐκλέλοιπεν.
3188 4324 3195 4329 _

2159 4356 2259 4410 κδ’.
2288 4355 2412 4408 Ἔτι
2450 4353 2513 4408 τὸ
2570 4351 2881 4424 μεμνῆσθαι
2914 4350 3090 4405 κοικοῦ
3153 4350 3235 4412 εἰς
3287 4347 3463 4405 πολλὰ
3492 4347 3660 4402 ἐθέλει

2091 4444 2419 4501 ἀπλοῦσθαι·
2474 4444 2536 4497 06
2587 4445 2697 4514 γάρ
2750 4444 2899 4496 ἔστιν
2933 4441 3175 4512 άσχιδές.
3216 4439 3376 4510 Ἔχει
3405 4457 3489 4503 τις
3531 4440 3665 4509 μνή-

412 4527 587 4581 moria
650 4535 832 4596 tenet,
886 4529 1032 4599 quod
1091 4531 1439 4600 :egrotaverit
1505 4529 1590 4599 (si
1652 4545 1786 4586 sane
1851 4529 1977 4599 quid

2090 4555 2221 4609 μην,
2252 4538 2329 4599 ὡς
2356 4537 2574 4606 νοσήσοι
2619 4536 2753 4605 ποτε
2785 4535 2858 4602 (ει
2899 4534 2964 4604 δή
3003 4550 3059 4587 τι
3104 4530 3277 4589 κακὸν
3304 4533 3339 4601 ἡ
3388 4531 3565 4595 νόσος)
3592 4529 3662 4590 ὡς

416 4615 544 4670 mali
573 4619 645 4671 sit
668 4617 979 4688 aegritudo),
1007 4618 1153 4689 quod
1199 4620 1462 4677 ceciderit
1508 4619 1563 4674 in
1599 4633 1749 4674 mare
1796 4618 1977 4675 furens

2091 4623 2384 4694 περιπέσοι
2420 4625 2728 4705 μαινομένῃ
2770 4622 3023 4705 θαλάσσῃ
3066 4623 3163 4675 καὶ⁵
3201 4621 3521 4693 πειρωμένῃ
3572 4636 3666 4673 κα-

416 4714 472 4762 et
534 4711 601 4763 ad
647 4709 922 4774 infernum
968 4711 1247 4773 attrahere
1293 4717 1544 4777 tentans;
1596 4711 1741 4781 quod
1807 4710 1977 4779 gravis

2090 4716 2400 4779 τασπάσειν
2465 4699 2604 4787 πρὸς
2660 4716 2832 4794 ᾅδην·
2889 4699 3276 4785 ὠς”πληγειη
3340 4713 3487 4782 ξίφει
3536 4710 3663 4783 προς

415 4797 570 4869 plaga
618 4798 780 4865 fuerit
820 4800 1038 4857 incussa
1086 4814 1256 4869 ense,
1303 4816 1411 4858 non
1457 4802 1677 4868 alieno,
1724 4801 1818 4857 sed
1865 4816 1992 4870 pro-

414 4889 538 4959 prio
603 4905 699 4961 per
749 4892 986 4962 aliquem
1027 4893 1123 4950 l'ati
1176 4908 1405 4961 casum,
1460 4885 1602 4966 quod
1662 4895 1714 4949 in
1763 4893 1991 4965 profun-

418 4979 544 5044 dam
569 4979 779 5045 foveam
798 4997 865 5041 ex
887 4981 1218 5042 ollendiculo
1243 4985 1459 5057 lapsus,
1488 4986 1632 5056 quod
1660 4984 1762 5040 rivi
1790 4984 1993 5040 ﬂuento

418 5081 730 5141 pertractus
760 5072 948 5131 fuerit.
992 5076 1123 5135 Haec
1169 5078 1335 5149 igitur
1361 5080 1631 5151 perpessi,
1665 5078 1781 5134 sive
1829 5092 1994 5143 unus,

424 5164 541 5219 sive
566 5165 768 5234 plures,
830 5183 934 5224 non
994 5171 1240 5232 omnino.
1294 5186 1341 5228 st
1397 5172 1743 5236 meminerint
1799 5168 1998 5239 quibus

425 5259 769 5314 occurrerint
834 5262 1031 5329 malis,
1076 5264 1201 5319 mali
1264 5265 1543 5330 memoriae
1599 5261 1779 5318 reatui
1829 5259 1999 5330 subji-

427 5356 700 5424 cerentur,
757 5351 883 5418 nisi,
931 5355 1020 5424 qui
1088 5355 1227 5412 male
1268 5355 1582 5425 loquuntur.
1643 5353 1724 5408 εἷο
1795 5353 2000 5422 ίηιιπο·

432 5438 550 5507 prie
575 5438 758 5497 dicere
787 5442 981 5508 velint.
1012 5446 1202 5516 Itaque
1251 5461 1347 5517 per
1372 5446 1680 5517 analogiam
1711 5460 1779 5501 ex
1807 5445 1996 5499 eodem

430 5529 556 5588 loco
587 5547 688 5589 nec
718 5537 1010 5599 recordans
1047 5538 1251 5608 aliquid
1279 5555 1336 5596 se
1362 5539 1488 5594 mali
1520 5552 1745 5609 passum
1784 5552 1812 5589 ει
1862 5547 2001 5607 (ιιξο-

430 5623 553 5678 dam
586 5624 776 5695 {uisse,
802 5643 1058 5696 perverse
1080 5631 1342 5688 dicendus
1364 5643 1449 5690 est
1479 5632 1605 5687 mali
1640 5643 1869 5692 memor.
1904 5625 2000 5682 Sed

432 5711 631 5782 aliquis
673 5717 984 5787 recordans,
1015 5722 1176 5791 sicut,
1204 5740 1325 5796 qua:
1359 5741 1552 5796 passus
1574 5733 1679 5785 est,
1710 5719 1999 5783 malorum,

433 5803 519 5861 sic
550 5807 713 5863 etiam
761 5824 947 5871 eorum
996 5829 1113 5880 quae
1160 5827 1286 5879 sunt
1338 5833 1369 5875 e
1418 5815 1714 5877 contrario.
1754 5810 1809 5866 Si
1867 5826 1997 5866 vero

2096 4807 2322 4878 βαρεῖαν
2385 4806 2666 4869 κάκωσιν,
2714 4806 2818 4869 06x
2874 4803 3185 4878 ἀλλοτρίῳ,
3237 4803 3378 4856 ἀλλὰ
3436 4801 3515 4871 τῷ
3568 4799 3668 4855 άνέι

2093 4901 2283 4973 χεῖρας
2335 4900 2402 4953 ἐκ
2444 4900 2573 4954 ποθι
2606 4897 2777 4970 τύχης
2839 4897 3020 4961 τινός*
3064 4897 3141 4961 ὡς
3177 4897 3335 4969 βαθεῖ
3374 4898 3551 4969 βόθρῳ
3591 4898 3668 4967 pte

2096 4995 2218 5062 φεὶς
2264 4994 2327 5047 ἐκ
2376 4992 2832 5064 προσκόμματοςο
2874 4990 2952 5055 ὡς
3009 4989 3366 5060 παρασυρειη
3401 4989 3668 5057 ποταμοῖο

2100 5084 2356 5156 ῥεύματι.
2393 5084 2452 5138 ’0
2481 5084 2664 5159 τοίνυν
2690 5081 2918 5137 τοιαῦτα
2946 5082 3157 5144 παθὼν,
3190 5080 3301 5134 εἴτε
3329 5077 3410 5144 εἷς
3440 5083 3666 5157 ἐκεῖνος,

2099 5175 2213 5230 εἴτε
2254 5175 2460 5242 πολλοὶ,
2495 5175 2596 5229 οὐκ
2645 5175 2711 5229 ἂν
2746 5176 2995 5238 πάντως,
3031 5175 3082 5229 εἰ
3135 5173 3448 5244 μέμνηνται
3480 5173 3669 5235 κακοῖς

2101 5266 2494 5337 ἐγκύρσαντες,
2583 5268 2648 5334 τῇ
2739 5263 2836 5317 τοῦ
2928 5267 3297 5334 μνησικακεῖν
3366 5264 3670 5333 κακήγορῖα

2101 5357 2522 5426 ὑποπεσοῦνται,
2585 5357 2634 5409 si
2681 5356 2756 5425 μή
2810 5373 2863 5408 τι
2918 5355 3141 5426 ἀκύρως
3188 5352 3237 5408 οἱ
3295 5354 3484 5417 κακῶς
3536 5355 3669 5420 610—

2105 5448 2355 5519 ρεύοντες
2410 5448 2702 5518 ὀνομάζειν
2769 5445 3066 5515 βούλοιντο.
3125 5445 3339 5501 Οὐκοῦν
3393 5445 3670 5513 ἀναλόγως

2103 5541 2168 5592 ὲκ
2208 5537 2303 5592 τοῦ
2349 5539 2519 5609 αὐτοῦ
2559 5540 2728 5594 τόπου
2774 5538 2885 5592 οὐδ’
2914 5540 2943 5591 6
2976 5537 3361 5607 μνημονεύων,
3393 5536 3584 5590 παθεῖν
3618 5551 3670 5586 τι

2104 5627 2240 5700 πρός
2306 5647 2400 5683 του
2478 5632 2669 5695 κακὸν,
2760 5628 3099 5697 κακολογοῖτ⁹
3154 5628 3236 5681 ,ἂν
3319 5625 3669 5696 μνησίκαιιος,

2106 5719 2255 5774 ἀλλά
2288 5738 2372 5785 τις
2432 5720 2698 5793 μνήμων,
2765 5719 2981 5789 ὥσπερ.
3020 5711 3095 5773 ὧν
3152 5717 3433 5779 πεπόνθοι,
3464 5717 3669 5779 κακῶν,

2105 5810 2247 5866 οὓτω
2282 5811 2379 5865 καὶ
2418 5811 2525 5864 τῶν
2559 5810 2850 5865 ἀνάπαλιν.
2886 5812 2947 5864 Εἰ
2975 5810 3030 5864 δέ
3063 5827 3123 5880 γε
3157 5810 3254 5865 καὶ
3293 5809 3502 5882 ἄμυναν
3528 5807 3670 5865 ἑκεῖτ
