3840 6582
216 515 305 581 4Ξ5
1158 522 1458 582 CONTRA
1504 525 1994 590 lNJURIARUM
2028 528 2468 589 MEMORIAM.
3313 524 3421 591 426

215 646 290 691 νος
317 629 525 698 μελετᾷ,
556 629 652 682 καὶ
677 628 933 684 τίσασθαι
964 633 1207 703 τυρεύει,
1240 636 1336 689 καὶ
1371 639 1539 692 κακὸν
1579 641 1731 694 ἄντα-

1901 656 2059 712 roque
2106 643 2402 697 vindictam
2449 642 2539 697 illa
2594 643 2910 708 meditatur,
2963 641 3417 713 machinaturque

213 722 435 775 ποξοῦναι
492 720 682 788 κακοῦ,
739 724 915 777 ἐκεῖνό
966 726 1149 795 ἐστιν,
1201 723 1246 782 ὧ
1299 723 1486 797 οὗτοι,
1548 748 1729 804 μνησιι

1902 734 2063 788 udum
2096 734 2414 800 ulciscendi,
2466 750 2675 791 necnon
2716 736 2919 791 malum
2968 750 3066 805 pro
3115 733 3257 789 malo
3289 736 3413 790 red-

214 816 396 867 κακεῖν.
1845 824 2029 890 dendi,
2065 827 2165 880 hoc
2194 835 2276 881 est
2301 842 2428 881 vere
2463 827 2589 881 mali
2628 827 2964 882 meminisse.

271 910 357 957 κε’.
388 902 506 956 Ἔτι
545 905 1106 976 ἐντεθησαυρισμένου
1141 910 1217 979 τῷ
1256 910 1398 964 κατὰ
1431 912 1609 983 ψυχὴν
1646 930 1743 968 τα-

1913 914 2003 968 25.
2053 916 2209 979 Item,
2273 917 2640 971 thesaurizato
2693 918 2745 970 in
2794 917 2990 972 anima!
3037 918 3415 988 promptuario

215 994 348 1062 μιείῳ
372 995 550 1050 θεόθεν
581 998 675 1050 καὶ
706 998 803 1052 τοῦ
839 1001 937 1070 τῆς
969 1002 1193 1073 μνήμης
1230 1002 1398 1057 καλοῦ
1424 1006 1506 1067 είς
1538 1006 1731 1076 μυρίαι

1903 1001 2099 1061 vinittis
2150 1008 2426 1062 memorias
2469 1008 2610 1063 bono
2650 1010 2699 1062 in
2748 1008 2893 1063 mille
2946 1008 3248 1075 beneﬁcia,
3284 1025 3417 1079 quo-

212 1088 523 1158 εὐεργεσίαν,
548 1091 615 1161 ἣν
638 1093 894 1147 ἐκθέσθαι
930 1094 1134 1165 βισλιογ
1146 1097 1345 1166 ραφίας
1369 1096 1453 1167 εῐη
1484 1096 1555 1165 κᾶν
1577 1096 1728 1168 ἕργοη

1900 1114 1963 1153 tm
2038 1100 2306 1169 expositio
2362 1100 2579 1171 longum
2630 1115 2768 1169 opus
2825 1110 3004 1165 esset,
3058 1101 3181 1171 quis
3226 1116 3416 1155 manus

213 1182 420 1250 μακρᾶς,
448 1183 528 1244 τίς
556 1183 624 1237 ἂν
648 1183 792 1239 οὕτω
821 1191 1275 1259 κατεπιχειρήσοι
1303 1192 1572 1260 στεγανῆς
1600 1189 1729 1245 ταύ‹

1956 1191 2097 1246 hanc
2141 1192 2515 1247 absconditam
2551 1193 2917 1263 provisionem
2948 1193 3026 1247 sic
3057 1192 3325 1262 injiceret,
3360 1204 3417 1248 ιιι

209 1289 291 1341 της
335 1277 739 1345 ταμιειουχίας,
774 1278 850 1343 ὡς
880 1280 1097 1352 ὀργάνῳ
1151 1281 1326 1352 λήθης
1377 1282 1633 1351 ἐξορύξαι
1680 1283 1725 1337 τί

1901 1282 2135 1337 tlivionis
2182 1284 2546 1339 instrumento
2596 1283 2930 1338 reconditum
2978 1282 3240 1338 effoderet
3296 1283 3417 1337 the-

210 1359 459 1428 φύλαγμα,
491 1364 586 1416 καὶ
610 1364 941 1422 ἀπώσασθαι
975 1369 1075 1438 μὲν
1096 1369 1158 1423 τὸ
1188 1370 1355 1425 καλὸν
1384 1372 1487 1442 τῆς
1519 1375 1726 1444 μνήμης

1909 1389 2090 1439 urum,
2119 1384 2179 1428 ut
2229 1385 2441 1430 arceret
2483 1375 2699 1443 quidem
2730 1376 2929 1429 bonum
2963 1374 3244 1429 memoria:
3290 1388 3418 1428 sur-

211 1451 590 1526 πτερυξαμένης
649 1458 760 1511 ἄνω
817 1478 920 1513 που
962 1461 1097 1532 πρὸς
1144 1463 1467 1533 Ὄλυμπον,
1524 1466 1727 1519 ἀντεισ·

1896 1480 1962 1519 tm
2024 1466 2306 1523 volitantis
2362 1467 2429 1521 ad
2458 1465 2770 1536 Olympum,
2817 1465 3189 1521 introduceret
3233 1473 3412 1519 autem

210 1547 410 1612 αγαγεῖν
463 1546 521 1599 δὲ
578 1547 680 1618 τὴν
735 1550 990 1620 κίϐδηλον
1039 1553 1245 1624 λήθην,
1311 1555 1411 1625 τὴν
1467 1557 1527 1610 τὸ
1577 1556 1726 1610 καλὺι

1902 1571 1964 1613 us
2019 1556 2139 1612 loco
2184 1557 2422 1611 scoriam
2471 1557 2781 1621 oblivionis,
2820 1570 2941 1626 qua
2976 1555 3269 1628 pulchrum
3321 1554 3413 1611 Dei

212 1634 408 1703 πλάσμα
432 1636 525 1689 τοῦ
555 1636 692 1691 Θεοῦ
716 1639 1253 1709 ἀπανθρωπίζουσαν
1277 1661 1293 1710 ;

883 1641 1253 1709 lpwniCouaav
1277 1661 1293 1710 ;
1845 1645 2052 1715 plasma
2084 1644 2399 1701 deformat?

264 1734 364 1790 κς’.
402 1728 542 1797 Ἐγὼ
568 1724 665 1785 οὖν
698 1732 1015 1803 μεμνῄμην,
1047 1733 1150 1788 Θεὲ
1176 1735 1375 1806 σῶτερ,
1404 1736 1514 1790 ἀεί·
1540 1738 1742 1810 κεκλήο

1914 1735 2009 1793 26.
2041 1734 2152 1807 Ego
2175 1751 2325 1801 vero,
2356 1737 2495 1793 Deus
2529 1737 2788 1801 salvator,
2825 1738 3033 1793 utinam
3071 1735 3412 1793 meminerim

210 1834 299 1882 μην
339 1816 473 1870 οὕτω
507 1818 666 1883 εἰδὼς
706 1838 765 1873 τε
806 1822 902 1874 καὶ
934 1826 1281 1895 ἐπιστήμων,
1320 1828 1413 1880 καὶ
1441 1828 1726 1900 διακρίνειι

1901 1829 2096 1897 ειιιρθιιῑ
2136 1826 2308 1882 Vocer
2347 1828 2418 1882 ita
2449 1828 2624 1884 sciens
2651 1838 2706 1883 ct
2730 1844 2982 1894 noscens,
3018 1837 3073 1885 et
3100 1821 3417 1884 discernere

210 1907 390 1975 μαθὼν,
432 1911 528 1964 καὶ
580 1913 642 1965 τ’)
696 1912 817 1966 ὅλον
876 1916 1094 1978 εἰπεῖν,
1153 1915 1458 1988 ἄνθρωπος’
1509 1919 1605 1973 καὶ
1665 1921 1726 1990 μὶ

1904 1930 2056 1986 tctus,
2089 1930 2143 1975 et
2174 1935 2281 1975 uno
2318 1922 2507 1986 verbo,
2540 1922 2728 1976 homo!
2761 1919 2877 1975 Non
2914 1931 3202 1977 convertar
3250 1921 3303 1975 in
3339 1918 3420 1974 le-

202 1999 541 2068 ixarpacpsiqv
576 2003 657 2064 είς
689 2000 985 2074 λήθαργον.
1017 2006 1154 2075 μηδὲ
1189 2008 1629 2079 μεταπλασθείην
1663 2012 1712 2062 εί

1898 2012 2173 2080 largicum,
2215 2026 2315 2067 nec
2359 2018 2692 2068 trausmuter
2724 2012 2776 2067 itt
2810 2013 3058 2077 stultum,
3085 2022 3180 2068 aut
3208 2010 3414 2066 Meliti-

208 2092 595 2159 Μαμμάκουθόν
643 2111 807 2161 τινα,
857 2097 891 2166 ἢ
948 2098 1276 2169 Μελιτίδην,
1338 2101 1370 2171 ἢ
1418 2102 1510 2155 τὸν
1550 2102 1724 2173 ἕτεροι

1902 2121 1987 2171 tm,
2010 2114 2101 2159 aut
2125 2104 2352 2159 alterum
2397 2104 2709 2171 Cormbum,
2738 2116 2829 2160 aut
2856 2104 3180 2175 Polyorumi
3215 2119 3314 2160 nec
3344 2103 3418 2158 ita

208 2184 457 2253 Κόροιϐον,
488 2186 523 2256 ἢ
562 2186 643 2251 εις
678 2187 984 2259 Πολύωρονο
1018 2191 1156 2260 μηδὲ
1192 2193 1500 2265 κορυζῴην,
1526 2193 1603 2259 ὡς
1639 2212 1724 2266 μηι

1898 2198 2136 2254 ’σνοιιίηο
2164 2196 2427 2262 laborem,
2459 2208 2517 2251 ιιι
2552 2196 2687 2252 nihil
2714 2197 2964 2266 judicare
2999 2199 3196 2263 sciam,
3230 2196 3324 2251 sed
3359 2195 3414 2251 in

205 2273 276 2325 δὲν
302 2276 491 2330 εἰδέναι
552 2278 785 2347 κρίνειν,
840 2279 959 2333 ἀλλ’
1008 2282 1089 2345 είς
1124 2282 1466 2353 ἀνδρείκελον
1506 2301 1714 2355 μεταπε

1902 2289 2079 2345 tminis
2130 2288 2354 2359 ﬁguram
2412 2290 2789 2355 transformer,
2835 2298 2889 2344 et
2947 2289 3211 2345 rationem
3264 2303 3418 2343 mett-

210 2366 447 2433 πλὰσθαι,
484 2369 583 2423 καὶ
631 2370 722 2424 τὸν
757 2372 975 2440 λογικὸν
1009 2374 1324 2444 ψεύδεσθαι.
1357 2377 1517 2450 Δοίης
1549 2380 1606 2433 δέ
1654 2398 1722 2451 μο

1895 2383 1989 2436 ar!
2016 2381 2087 2436 Da
2122 2397 2252 2437 vero
2287 2381 2419 2436 mibi
2450 2397 2572 2435 cum
2612 2382 2873 2437 memoria
2903 2397 3084 2437 rerum
3113 2396 3178 2436 ex
3213 2390 3411 2435 natura

207 2461 318 2529 πρὸς
344 2464 406 2532 τῇ
443 2464 550 2533 μ.νή
562 2479 640 2535 μῃ
669 2465 777 2518 τῶν
810 2467 874 2518 ἐκ
896 2465 1114 2535 φύσεως
1156 2468 1251 2522 καὶ
1279 2469 1341 2521 τὸ
1373 2470 1448 2540 μὴ
1475 2473 1723 2543 κατεργάι

1903 2474 2152 2538 teutium,
2208 2489 2315 2529 non
2363 2473 2583 2538 conﬁci,
2615 2488 2715 2528 nec
2760 2476 2825 2526 ad
2876 2474 3163 2542 malignam
3210 2471 3417 2527 conteri

208 2552 387 2616 ζετθαι,
423 2556 561 2625 μηδὲ
605 2558 688 2619 είς
731 2558 1026 2613 κακοποιὸν
1072 2560 1285 2630 ἄμυναν
1315 2562 1622 2629 τρίϐεσθαι,
1648 2567 1724 2619 κα

1904 2566 2173 2629 ndictam,
2219 2573 2273 2618 et
2310 2564 2465 2634 quasi
2516 2562 2725 2618 leonem
2764 2562 2877 2617 ﬁeri
2914 2570 3098 2616 contra
3141 2560 3417 2626 inimicos,

208 2638 299 2695 οἷον
334 2646 793 2702 ἀπολεοντοῦσθαι
845 2650 985 2704 κατά
1023 2651 1131 2704 τῶν
1171 2652 1403 2722 ἐχθρῶν,
1432 2654 1724 2726 ὲρεθιζόμε

1905 2656 2182 2710 imulatum
2216 2654 2363 2710 velut
2394 2654 2708 2710 saevissimis
2734 2654 2925 2708 animae
2945 2652 3196 2718 matibus,
3226 2651 3421 2721 quibus

210 2756 283 2789 νον
307 2741 457 2794 ὁποῖα
492 2743 587 2794 καὶ
613 2741 814 2814 ἀλκαίᾳ
837 2748 946 2797 τινὶ
971 2746 1093 2809 ταῖς
1120 2745 1212 2799 τοῦ
1251 2748 1595 2818 θυμουμένου
1645 2749 1726 2820 τῆι

1905 2766 1926 2804 a
1966 2764 2230 2807 succensa
2267 2763 2515 2819 magnum
2546 2747 2600 2801 in
2625 2746 2822 2800 malum
2854 2743 3189 2810 accenditur,
3218 2740 3421 2806 ethoc,

208 2830 359 2901 ψυχῆς
403 2835 785 2904 ὑποκινὴσεσι,
817 2835 886 2888 δι’
923 2829 997 2890 ὧν
1050 2836 1220 2907 θυμὸς
1256 2839 1611 2911 ριπιζόμενος
1665 2843 1724 2895 εί.

1905 2843 1933 2897 :l
1981 2842 2306 2906 solitarium,
2340 2855 2436 2911 per
2466 2837 2682 2894 modum
2719 2836 2949 2904 alicujus
2972 2832 3421 2889 dissimulationis

214 2924 333 2991 μέγα
363 2926 533 2978 κακον
572 2927 898 2991 ἀνάπτεται,
940 2929 1035 2982 καὶ
1074 2929 1206 2983 αὐτὸ
1245 2930 1277 3001 ἢ
1331 2931 1567 3001 μονῆρες
1607 2936 1730 2986 κατέ

1909 2935 1932 2989 :l
1967 2935 2110 2990 inter
2137 2933 2271 2989 duos
2296 2932 2572 2995 libratum,
2606 2945 2704 3001 per
2722 2928 2972 2984 aemulum
2994 2924 3277 2983 resistendi
3303 2922 3425 2979 ani-

213 3033 253 3068 τι
287 3016 531 3095 ὕπουλον,
579 3017 612 3089 ἢ
648 3019 745 3072 καὶ
795 3020 1239 3092 ἐπαμφοτερίζον
1279 3022 1368 3075 διὰ
1405 3023 1467 3076 τὸ
1500 3024 1729 3094 ἀντερεί⁴

1909 3044 2018 3082 um.
2067 3025 2334 3081 Conserva
2386 3039 2472 3079 me
2527 3023 2580 3077 in
2638 3021 2917 3077 voluntate
2951 3010 3423 3074 nou'retribuendi

212 3108 303 3159 δειν
328 3108 755 3179 φιλονεικότερον
780 3125 794 3141 ⁸
843 3111 937 3164 καί
990 3128 1057 3181 με
1101 3112 1428 3184 συντηροίης
1474 3115 1532 3167 ὲν
1563 3116 1641 3184 τῷ
1676 3115 1728 3185 μὶ

1911 3119 2076 3181 alnm,
2107 3124 2160 3171 et
2196 3118 2327 3171 doce
2354 3130 2439 3169 me
2469 3128 2659 3170 cavere
2685 3112 3062 3180 dcclinarequc
3112 3126 3139 3163 a
3170 3109 3342 3171 malis,
3365 3118 3424 3161 ut

214 3200 393 3253 ἐθέλειν
424 3201 866 3265 ἀνταποδιδόναι,
914 3204 1010 3256 καὶ
1044 3203 1344 3266 συνετίζοις
1385 3204 1726 3271 φυλάττεσθα

1907 3210 2039 3265 l'acie
2061 3209 2270 3265 colubri
2295 3207 2552 3278 fugimus,
2577 3221 2643 3261 ne
2664 3204 2824 3260 sicuti
2851 3204 3051 3274 viperae
3081 3202 3423 3255 subsidentes

215 3295 318 3357 τοὺς
360 3296 564 3353 κακοὺς
629 3293 727 3349 καὶ⁸
774 3295 1084 3364 ἐκκλίνειν,
1134 3298 1209 3361 ὡς
1267 3296 1459 3366 φεύγει
1507 3315 1593 3361 τις
1645 3298 1731 3351 ἀπὲ

1684 3297 1754 3351 πδ
1779 3337 1824 3398 c
1858 3303 2095 3373 irrepant
2117 3308 2170 3357 et
2193 3301 2420 3356 latenter
2447 3314 2546 3355 nos
2564 3304 2827 3368 exsugam
2848 3303 2903 3352 et
2930 3294 3196 3349 occidant.

214 3384 381 3453 θφεως,
414 3389 491 3459 μὴ
517 3387 612 3442 καὶ
639 3386 714 3452 ὡς
745 3385 949 3456 ἔχιδναι
978 3389 1273 3459 ὑφειμέναι
1301 3390 1630 3462 παρέρπωσι
1658 3391 1755 3445 καὶ

215 3479 390 3549 λήθωσι
418 3481 671 3543 πίνοντές
709 3498 774 3549 με
808 3482 905 3534 καὶ
935 3481 1265 3544 κτείνοντες.

270 3570 362 3633 κζ’.
417 3573 537 3624 Ἔτι
594 3575 621 3624 ὁ
661 3572 828 3639 ἀξιῶν
866 3575 1087 3643 μηδαμῆ
1128 3574 1391 3645 μηδαμῶς
1422 3576 1754 3643 μεμνῆσθαι,

1924 3573 2016 3630 27.
2037 3572 2325 3642 Deinceps,
2345 3570 2436 3641 qui
2467 3569 2775 3624 nullatenus
2792 3580 2891 3622 nec
2910 3577 3145 3635 unquam
3175 3568 3429 3633 oportere

216 3663 259 3714 εἴ
288 3683 362 3727 τις
409 3666 541 3729 ὅλως
572 3665 737 3719 πάθοι
766 3666 956 3731 κακὸν,
984 3668 1211 3721 κάκεῖνα
1232 3667 1379 3720 δοκεῖ
1403 3667 1732 3737 προσαξιοῦν

1914 3668 2175 3722 etuinisse
2203 3664 2419 3728 statuit,
2451 3662 2496 3717 si
2547 3663 2670 3732 quis
2694 3659 2921 3715 omnino
2961 3669 3156 3728 passus
3203 3654 3275 3708 sit
3306 3667 3424 3708 ma—

225 3755 572 3825 Ἑπικράνθης
617 3757 1057 3828 ἀψινθιζόμενοςο
1094 3759 1290 3812 οὐκοῦν
1322 3758 1629 3830 περιτυχὼν
1661 3760 1741 3830 μέ-

1917 3775 1988 3822 tn,
2021 3758 2122 3812 ista
2171 3771 2387 3827 quoque
2423 3756 2656 3825 probare
2691 3753 2911 3807 videtur
2942 3769 2958 3806 :
2995 3748 3324 3804 amaricatus
3365 3759 3427 3800 es

215 3845 303 3901 λιτι
330 3850 578 3914 ὲκλαθοῦ,
612 3852 659 3903 εί
692 3848 889 3919 πικρὸν
927 3852 1020 3902 ἐπὶ
1052 3850 1137 3902 σοι
1177 3850 1235 3902 τὸ
1287 3849 1553 3919 ἁψίνθιον.
1590 3848 1726 3905 Νενό

1914 3851 2128 3908 isinthio
2169 3858 2389 3921 potatus
2415 3866 2430 3902 :
2455 3863 2584 3919 ergo
2626 3859 2918 3902 recurrens
2992 3843 3057 3897 ad
3094 3840 3198 3895 mel
3239 3839 3430 3896 oblivi-

216 3957 389 4008 σηκας,
416 3943 711 4013 ἀρρώστως
742 3942 932 3996 παθὼν
953 3943 1079 4014 περί
1120 3961 1173 3996 τι
1221 3942 1402 4013 μέλος,
1444 3943 1542 3997 καὶ
1584 3943 1723 4014 ἦλγη

1944 3957 2037 4008 :re,
2081 3942 2225 4012 quod
2266 3954 2510 3995 amarum
2545 3938 2644 3995 tibi
2688 3938 2759 3994 sit
2776 3935 3133 3992 absinthium.
3170 3931 3460 4000 Egrota-.

219 4050 316 4095 κας·
348 4034 462 4088 ἀλλ’
506 4036 587 4098 είς
642 4036 854 4101 ὑγίειαν
882 4035 1229 4106 ἐπαναχθεὶς,
1263 4036 1457 4106 μηκέτ’
1505 4037 1563 4088 ὲν
1595 4035 1735 4105 θυμίι

1915 4035 2008 4102 sti,
2035 4035 2215 4104 aliquo
2257 4034 2500 4089 membro
2542 4031 2782 4086 dolorem
2829 4045 3041 4099 passus,
3082 4039 3136 4083 et
3166 4025 3429 4083 doluisti:

216 4125 313 4194 ἔχε,
352 4130 403 4181 εί
451 4128 618 4181 κακὸν
663 4130 695 4196 ἡ
735 4128 910 4191 νόσος.
962 4128 1103 4195 Ἐγὼ
1147 4128 1204 4181 δὲ
1250 4129 1327 4198 τῷ
1377 4128 1605 4197 τοιούτῳ
1654 4128 1732 4197 με

1912 4128 1921 4181 |
1969 4128 2255 4181 sanitatem
2304 4138 2581 4187 reversus,
2628 4138 2731 4177 non
2761 4120 2873 4190 jam
2908 4122 3106 4175 habeas
3140 4118 3194 4173 in
3226 4115 3428 4179 animo,

214 4217 361 4288 λόγῳ,
402 4220 492 4273 καὶ
520 4220 636 4273 ὅσοι
688 4219 919 4273 τοιοῦτοι
956 4220 1163 4290 (πολλοὶ
1201 4220 1257 4273 δέ
1292 4220 1418 4289 εἰσι)
1460 4221 1730 4290 προσχοίη

1917 4222 1999 4276 tod
2060 4220 2260 4275 malum
2316 4220 2386 4273 sit
2448 4219 2691 4272 morbus.
2748 4216 2861 4284 Ego
2917 4228 3049 4267 vero
3115 4209 3433 4281 hujusmodi

217 4311 302 4364 ούκ
332 4312 419 4365 ἄν·
454 4313 790 4385 τεχνώσαιμι
833 4312 912 4377 δὲ,
943 4313 1035 4367 τὸν
1084 4312 1209 4366 νοῦν
1237 4313 1535 4383 ἀπερείσας
1571 4315 1650 4376 εἰς
1688 4313 1733 4365 τε

1924 4312 2051 4366 tioni
2107 4319 2161 4364 ct
2195 4324 2383 4365 omnes
2421 4310 2629 4364 similes
2663 4307 2845 4378 (multi
2894 4315 3072 4359 autem
3124 4302 3277 4372 sunt)
3324 4316 3433 4357 non

216 4402 296 4456 τοῦ
328 4404 537 4473 μέλιτος
560 4445 576 4470 ,
613 4405 709 4459 καὶ
739 4405 798 4457 τὸ
833 4406 975 4458 κατὰ
1032 4406 1254 4476 μνήμην
1291 4406 1489 4475 πικρὸν
1522 4404 1732 4475 ἑκχυμί

1914 4402 2218 4468 lhaererem;
2245 4412 2361 4457 arte
2395 4416 2522 4456 vero
2550 4414 2781 4456 conarer
2812 4408 3050 4455 mentem
3083 4396 3149 4450 ad
3181 4394 3430 4449 dulcedi-

218 4508 303 4556 σας
353 4495 610 4567 ἀντιθέτῳ
663 4495 1034 4565 γλυκάσματι.
1078 4495 1235 4549 Οὕτω
1266 4495 1447 4550 δὲκαὶ
1489 4498 1553 4566 τῇ
1613 4496 1734 4564 νόσιι

1920 4510 1985 4547 :tn
2023 4492 2199 4548 mellis
2226 4492 2525 4563 applicare,
2569 4506 2777 4548 necnon
2807 4488 3224 4544 amaritudinem
3262 4500 3292 4541 e
3321 4489 3436 4539 tite-

218 4585 594 4655 προσενεχθεὶς,
635 4584 759 4639 οὕτε
818 4586 940 4640 κατ’
975 4586 1144 4655 αὐτῆς
1202 4584 1453 4654 λυττήσω
1515 4599 1734 4653 σκιαμαη

1918 4583 2055 4648 oria,
2096 4584 2342 4653 opposita
2383 4582 2691 4649 dulcedine,
2734 4582 3057 4651 exprimere.
3104 4578 3195 4633 Sic
3254 4584 3434 4630 autem

218 4673 333 4741 χῶν,
356 4676 468 4729 ούτε
500 4678 558 4730 τὸ
586 4679 726 4731 κατὰ
760 4677 914 4730 νόσον
944 4675 1184 4746 ὴλγηκὸς
1229 4676 1418 4745 μέρος,
1465 4674 1523 4739 ἐξ
1564 4667 1625 4727 οὗ
1659 4691 1730 4726 κα

1943 4676 2191 4728 morbum
2229 4673 2433 4743 lapsus,
2475 4689 2577 4728 nec
2624 4675 2885 4728 adversus
2935 4671 3089 4726 illum
3140 4684 3262 4723 cum
3312 4680 3435 4720 um-

217 4764 314 4827 κῶς
340 4763 475 4837 εἶχεν
517 4769 549 4836 ἠ
588 4766 760 4837 ψυχὴ,
811 4766 1127 4838 ἐκτέμοιμι,
1158 4764 1475 4836 χορδεύσας,
1512 4765 1540 4818 ὅ
1571 4780 1733 4831 φασιν

1919 4780 1959 4819 ἐι
2000 4780 2243 4835 pugnans
2296 4764 2554 4831 furerem,
2614 4777 2714 4819 nec
2758 4762 3060 4817 membrum
3108 4757 3435 4821 morbidum,

218 4856 446 4923 ἐμαυτόν·
494 4858 806 4927 ἀνάμνησιν
843 4857 899 4910 δέ
941 4874 1069 4909 ποτε
1106 4858 1249 4926 σχὼν
1277 4857 1494 4912 ἐκείνου
1541 4855 1633 4907 τοῦ
1665 4853 1734 4906 ἄλη

1919 4872 1929 4910 ἱ
1960 4871 2067 4925 quo
2099 4857 2307 4925 patitur
2328 4858 2532 4921 anima,
2557 4864 2923 4924 amputarem,
2962 4852 3232 4917 minutal,
3260 4861 3317 4904 ttt
3349 4850 3435 4904 di-

216 4962 346 5012 γους,
372 4950 799 5020 ἁντιπαραθήσω
837 4949 898 5002 τὸ
946 4948 1039 5002 τοῦ
1090 4947 1357 5016 ὑγιαίνειν
1387 4947 1508 5016 ἡδὺ,
1547 4948 1636 4998 καὶ
1678 4947 1732 5013 τύ

1920 4960 2027 5014 tur,
2064 4965 2127 5003 ex
2171 4965 2256 5003 tne
2304 4948 2550 5004 faciens:
2590 4949 2686 5001 sed
2727 4948 3047 5001 memoriam
3097 4944 3258 5015 hujus
3280 4942 3436 4998 dolo;

222 5042 383 5112 χαρτῷ
411 5043 567 5097 πάθει
619 5043 881 5112 ἔξωθήσω
920 5042 980 5094 τὸ
1024 5040 1210 5110 ἀηδές.
1253 5039 1484 5107 Ὁμοίως
1526 5038 1583 5090 δὲ
1624 5039 1738 5090 πᾶν

1919 5054 1937 5093 s
1985 5037 2279 5106 aliquando
2314 5038 2579 5100 retinens,
2615 5038 2714 5106 ipsi
2748 5036 3000 5092 sanitatis
3036 5033 3435 5103 jucunditatem

218 5146 327 5197 τως,
368 5134 472 5191 τῶν
519 5134 961 5189 κακοποιούντων
999 5134 1052 5186 ετ
1078 5150 1182 5185 που
1222 5130 1471 5200 συμϐαίη
1519 5132 1734 5200 ὲπιμνη

1918 5143 2149 5198 iponam,
2169 5140 2222 5181 et
2252 5142 2464 5183 amoena
2493 5128 2807 5184 sensatione
2838 5127 3098 5197 repellam
3128 5124 3434 5182 molestam.

222 5221 387 5291 σθῆναί
430 5245 519 5296 με,
563 5227 659 5280 τοῦ
692 5228 992 5297 καρδιακοῦ
1026 5225 1307 5295 θησαυροῦ
1355 5223 1738 5292 ἀναλεξάμενω

1920 5236 2091 5277 ’01⁵5118
2121 5229 2300 5274 autem
2336 5221 2610 5284 similiter,
2641 5221 3054 5290 malignantium
3087 5219 3131 5273 si
3168 5217 3314 5272 forte
3350 5232 3436 5270 me

219 5312 281 5363 τὰ
318 5316 375 5370 ὲκ
422 5318 522 5387 τῆς
546 5321 707 5389 νίκης
753 5320 849 5371 καὶ
883 5318 978 5373 τοῦ
1018 5317 1402 5388 περιγενέσθαι
1457 5316 1615 5377 καλὰ,
1659 5315 1735 5384 τὴ

1920 5309 2177 5365 etuinisse
2205 5309 2492 5378 Contingit,
2536 5317 2590 5364 et
2616 5324 2645 5364 e
2667 5310 2854 5364 cordis
2917 5310 3180 5363 thesauro
3211 5320 3436 5361 sumens

226 5407 417 5477 μνήμην
475 5411 576 5481 μὲν
606 5412 833 5464 ἐκείνων
865 5411 1135 5481 ἀφορίσω,
1177 5410 1392 5480 φιλήσω
1417 5409 1472 5461 δὲ
1505 5410 1574 5460 τὰ
1602 5407 1742 5460 ὓστεε

1918 5418 2000 5457 ina
2036 5417 2155 5472 quas
2196 5402 2264 5458 de
2311 5402 2537 5458 victoria
2591 5402 2972 5472 triumphoque
3016 5406 3180 5461 sunt,
3232 5409 3434 5450 memo-

226 5511 303 5560 ρον
329 5502 517 5569 ἀγαθὼ
573 5497 651 5555 ὧν
708 5502 1147 5571 ἀντισηκούντων
1206 5502 1303 5555 καὶ
1358 5501 1530 5570 ῥοπὴν
1564 5499 1742 5553 καθελ-

1921 5508 1999 5547 am
2040 5492 2257 5562 quidem
2300 5491 2517 5547 illorum
2584 5491 2807 5556 arcebo,
2856 5490 3076 5559 diligam
3115 5495 3296 5540 autem
3341 5497 3437 5553 po-

223 5586 399 5647 πάντων
430 5593 680 5663 ἀγαθὴν,
734 5595 814 5656 εἰς
857 5594 1121 5663 ’Δρπυῖας
1162 5591 1509 5663 ἀνερείψεται
1546 5591 1606 5642 τὸ
1655 5591 1739 5643 οὐ)

1918 5584 2095 5638 eriora
2130 5585 2295 5647 bona,
2343 5585 2544 5653 quibus
2590 5582 3074 5650 compensantibus
3127 5585 3183 5631 et
3235 5580 3429 5631 bonam

220 5677 392 5745 ἀγαθὸν
418 5686 592 5739 ἐκεῖνο
634 5686 1006 5756 μνημόσυνον.
1042 5687 1183 5757 Πρὸς
1214 5685 1423 5749 τούτοις
1455 5684 1736 5754 ἐπανακρί·

1914 5678 2297 5733 tbducentibus
2325 5678 2556 5741 lancem,
2589 5678 2654 5731 ad
2680 5675 2945 5746 Harpyias
2972 5670 3289 5727 sustolletur
3314 5668 3430 5722 hate

223 5785 286 5820 νω
336 5776 450 5839 τοὺς
499 5778 623 5845 ἐμοὶ
679 5778 1137 5847 σοφιστικὼτερον
1190 5776 1572 5845 ἐπικειμένους
1603 5815 1618 5841 ,
1660 5776 1739 5827 κα¹

1918 5787 1968 5826 )ll
2002 5771 2140 5824 bona
2190 5771 2516 5826 recordatio.
2556 5769 2731 5838 Super
2782 5769 2866 5822 his
2904 5762 3253 5833 interrogabo
3303 5759 3434 5814 mihi

222 5857 391 5916 οὔκουν
474 5868 747 5937 ἀξιώματι
830 5872 961 5938 περὶ
1041 5873 1406 5941 μνησικακίας
1473 5885 1738 5938 προτεινο·

1920 5864 2158 5936 phistice
2192 5864 2476 5925 instantes,
2514 5871 2569 5916 et
2602 5876 2709 5916 non
2744 5859 2943 5930 placito
2971 5858 3037 5912 de
3069 5855 3193 5910 mali
3228 5867 3436 5907 memo—

228 5947 411 6019 μένους,
450 5958 585 6012 ἀλλὰ
634 5960 838 6027 τυφλὸν
876 5957 989 6013 οἷον
1045 5963 1250 6031 αἴτημα
1302 5958 1744 6032 τιτροῖσχομίνονς¹

1921 5975 1939 6012 .i
1979 5957 2411 6029 propositionem
2454 5965 2742 6026 ponentes,
2787 5952 2881 6007 sed
2922 5963 3125 6005 caecum
3177 5942 3437 6002 videlicet

475 6055 742 6120 PATROL.
795 6058 912 6121 Gn.
948 6059 1040 6118 CX
1054 6060 1289 6120 XXVI.
3044 6046 3120 6106 iis
