3788 6530
323 413 424 476 431

998 412 1422 476 EUS'I‘ATBII
1465 405 2225 472 THESSALONICENSIS
2265 402 2830 468 METROPOLITE

3475 409 3579 478 432

264 549 275 558 ·
329 544 546 585 rursum
585 529 652 586 ad
681 530 974 588 sanitatem
1012 541 1320 599 revocatus,
1357 531 1740 601 interrogaret,
1784 529 1909 594 quis

2036 525 2137 589 πίας
2168 524 2458 596 λαμπρᾶς.
2495 525 2638 596 Ἤδη
2667 525 2724 579 δὲ
2758 525 2854 580 καὶ
2885 523 3038 593 ξένια
3064 524 3133 580 τὰ
3163 526 3264 598 μὲν
3302 527 3492 594 δώσει,
3516 529 3583 581 τὰ

326 611 381 677 et
414 623 559 679 unde
593 625 740 678 venit
775 625 874 695 ipsi
910 625 1032 680 talis
1080 625 1299 694 hospes,
1341 639 1446 678 non
1495 623 1569 677 ita
1602 623 1759 678 dirus
1784 637 1910 676 eva-

327 711 485 768 deret
530 715 647 782 ipse
679 714 946 784 scphista,
989 713 1119 784 quin
1147 714 1291 769 illius
1338 712 1466 768 mali
1495 713 1810 768 memoriam
1839 711 1908 766 iis

327 821 451 874 quae
473 806 700 871 diceret,
742 805 1164 860 internrisceret.
1223 804 1443 859 Diceret
1489 812 1670 858 autem
1728 817 1903 858 sane:

336 914 355 946 ε
394 898 616 951 Alienus
659 896 876 966 quidem
910 896 1141 951 odiosus
1193 894 1326 950 mihi
1372 902 1490 950 erat
1545 895 1744 963 hospes
1778 891 1904 957 iste,

331 1005 454 1043 cum
483 989 792 1051 descendit,
835 998 890 1043 et
935 988 1136 1043 inferni
1186 988 1529 1058 portitorem,
1557 996 1616 1040 ut
1648 988 1903 1041 deorsum

333 1096 421 1136 me
480 1080 874 1144 trausduceret,
940 1079 1211 1133 invitavit.
1241 1077 1468 1148 Jamque
1502 1075 1698 1147 pedum
1733 1075 1905 1130 altero

336 1170 642 1240 procedens
684 1184 784 1239 ego
833 1168 1026 1222 morbo
1073 1167 1255 1236 gravis
1303 1166 1360 1220 in
1414 1163 1670 1233 scapham
1719 1175 1910 1216 ascen-

331 1265 541 1317 deram.
574 1258 776 1316 Ultimo
808 1271 988 1316 tamen
1023 1261 1176 1315 mitis
1212 1273 1339 1328 erga
1371 1273 1455 1313 me
1487 1257 1682 1321 factus,
1738 1267 1906 1308 onere

331 1354 641 1418 sublevato,
717 1353 1145 1422 portitoremque
1213 1353 1519 1406 Charonem
1581 1348 1921 1425 deprecatus.

337 1446 650 1517 patrocinio
682 1453 841 1500 terrm
873 1443 1132 1514 solisque,
1162 1445 1363 1515 quibus
1394 1451 1522 1497 ante
1563 1451 1776 1510 tempus
1819 1452 1906 1491 me

332 1541 639 1594 subducere
659 1537 908 1608 parabat,
966 1538 1021 1592 in
1083 1537 1136 1592 id
1180 1536 1324 1606 quod
1366 1549 1513 1589 nunc
1546 1548 1665 1588 sum
1701 1546 1788 1584 me
1820 1543 1906 1583 re-

333 1630 508 1696 duxit,
542 1639 593 1684 et
628 1628 747 1684 ideo
776 1629 978 1684 bonum
1032 1629 1179 1684 hunc
1209 1628 1482 1683 hominem
1519 1622 1776 1680 benevole
1805 1623 1904 1678 ha-

337 1725 457 1776 beo.
494 1741 514 1773 »
553 1722 829 1792 Numquid
878 1721 992 1776 haec
1021 1722 1210 1778 dicens
1243 1721 1442 1791 hospes
1474 1719 1567 1774 ille
1593 1719 1782 1786 sicque
1799 1716 1907 1772 dis-

335 1813 544 1879 positus
607 1811 951 1883 (supponitur
997 1823 1175 1867 autem
1219 1812 1290 1868 ita
1352 1816 1520 1880 esse),
1566 1808 1905 1865 simultatum

336 1919 546 1959 menter
578 1907 683 1960 erit
701 1905 724 1960 ?

2007 616 2055 670 δ’
2084 615 2468 687 ἀντιλήψεται.
2500 617 2563 670 Ei
2611 618 2672 671 δὲ
2705 618 2800 671 καί
2829 635 2915 682 τις
2945 618 3004 671 έν
3033 619 3249 682 τούτοις
3286 619 3380 674 τὸν
3428 622 3585 690 φιλό-

2008 725 2182 780 φρονα
2216 709 2542 774 ξεινοδόκον,
2574 710 2666 763 τὸν
2693 705 2762 780 ἦν
2782 710 2871 763 ὅτε
2894 711 3284 781 παραλυθέντα
3304 715 3401 766 καὶ
3427 713 3586 778 αὖθις

2006 801 2328 856 συνδεθέντα
2361 805 2442 866 είς
2492 804 2668 872 ὑγιὲς,
2719 803 2921 874 ἔροιτο,
2956 805 3042 868 τίς
3081 805 3234 875 αὐτῷ
3263 807 3360 860 καὶ
3417 807 3588 861 πόθεν

2001 893 2129 966 ἥκει
2177 895 2206 948 ὁ
2239 893 2480 958 τοιοῦτος
2515 898 2666 962 ξένος
2690 936 2706 963 ,
2765 895 2866 949 ούκ
2894 893 2962 949 ἃν
2996 895 3144 950 οὕτω
3191 898 3370 962 δεινδς
3419 900 3589 960 αὐτὸς

2007 986 2253 1058 ἁποϐαίη
2291 988 2583 1060 σοφιστὴς,
2619 989 2693 1052 ὡς
2728 987 2806 1060 μὴ
2839 989 3201 1060 παραπλῆξαι
3230 993 3326 1044 καὶ
3357 993 3588 1062 μνήμην

2009 1079 2224 1132 ἑκείνου
2257 1078 2352 1132 τοῦ
2385 1079 2584 1148 κακοῦ,
2617 1075 2699 1142 οἷς
2726 1081 2864 1152 ἐρεῖ.
2919 1081 3068 1151 Ἐρεῖ
3096 1083 3154 1136 δὲ
3202 1084 3448 1148 πάντως,
3505 1084 3590 1136 δτι

2013 1188 2032 1222 ι
2067 1171 2256 1236 Ἄλλος
2284 1170 2382 1240 μὲν
2401 1169 2646 1242 ἔχθιστος
2675 1172 2800 1242 ἐμοὶ
2820 1175 2846 1224 ὁ
2871 1173 3021 1240 ξένος
3047 1165 3202 1236 οὗτος
3221 1167 3288 1245 ἦν
3312 1173 3400 1226 ὅτε
3419 1173 3591 1240 ἀπεξ-

2014 1265 2137 1343 έξη,
2189 1265 2393 1319 καὶτὸν
2424 1266 2481 1318 έν
2502 1265 2633 1336 ᾅδου
2665 1265 2924 1337 πορθμέα
2952 1266 3320 1338 ναυστολῆσαί
3345 1285 3416 1339 με
3435 1268 3591 1322 κάτω

2010 1355 2468 1428 προύκαλέσατο·
2504 1359 2602 1412 καὶ
2635 1358 2740 1429 ἤδη
2799 1359 2896 1412 καὶ
2939 1357 3156 1430 θατέρῳ
3207 1363 3322 1413 τοῖν
3369 1360 3588 1414 σκελοῖν

2014 1447 2215 1504 inibit:
2242 1447 2355 1517 ἐγὼ
2386 1447 2561 1519 βαρὺς
2589 1448 2750 1520 νόσῳ,
2777 1449 2838 1503 τὸ
2865 1450 3168 1522 πορθμεῖον
3203 1451 3585 1520 έσκάμδευσα.

2013 1539 2285 1611 ’Υστερον
2328 1543 2428 1610 μέν
2453 1558 2535 1594 τοι
2565 1541 2912 1611 γαληνιάσας
2933 1543 3020 1596 lu‘
3049 1543 3196 1614 ἐμοὶ,
3230 1543 3446 1599 καὶτοῦ
3485 1542 3586 1614 βά-

2016 1644 2150 1700 ρους
2198 1631 2602 1702 ἀνακουφίσας,
2636 1632 2733 1686 καὶ
2767 1632 2859 1686 τὸν
2897 1633 3155 1704 πορθμέα
3213 1633 3452 1705 Χάρωνα
3486 1653 3590 1688 πα-

2018 1723 2427 1794 ραιτησάμενος
2485 1724 2632 1778 αἰδοῖ
2689 1724 2788 1796 τῆς
2815 1741 2878 1778 τε
2909 1725 3014 1796 γῆς
3051 1725 3148 1780 τοῦ
3195 1743 3257 1780 τε
3288 1725 3469 1797 ἡλίου,
3513 1718 3590 1782 ὧν

2018 1811 2246 1884 ἔμελλεν
2275 1815 2592 1885 ἀπαγαγεῖν
2625 1833 2695 1888 με
2746 1820 2856 1889 πρὸ
2885 1816 3058 1890 ὥρας,
3087 1819 3458 1890 περιήγαγεν,
3508 1821 3591 1883 είς

2017 1904 2156 1979 ὅπερ
2191 1907 2308 1978 εῑμὶ
2339 1901 2490 1978 ἄρτι,
2521 1907 2620 1962 καὶ
2647 1909 2802 1964 τοῦδε
2836 1912 3000 1982 χάριν
3029 1910 3466 1983 φιλοφρονοῦμαι
3498 1913 3590 1966 τὸν

335 1995 504 2050 καλὸν
537 1997 729 2050 τοῦτον
776 1988 1087 2069 ἄνθρωπον.
1135 1999 1304 2054 Ταῦτ’
1343 1999 1515 2054 εἰπὼν
1573 2001 1601 2052 ὁ
1669 1994 1970 2066 ξενοδόχος,
2011 1997 2105 2052 καὶ
2136 1997 2280 2054 οὕτω
2336 1999 2687 2071 διακείμενος
2719 2001 3033 2071 (ὑπόκειται
3091 2003 3147 2057 δὲ
3179 2005 3400 2076 ἀληθῶς
3429 2005 3577 2059 οὕτω

337 2088 756 2161 διατεθεῖσθαι),
806 2087 916 2162 ἆρα
969 2091 1344 2163 μνησικακοίη
1387 2093 1493 2160 rw;

406 2183 499 2237 '52.
527 2183 680 2240 'Ecce
710 2184 978 2240 luctamen
1028 2185 1081 2239 in
1114 2187 1460 2244 ratiociniis:
1493 2186 1584 2255 qui
1619 2183 1785 2248 volet,
1821 2182 1915 2237 ad-

2092 2179 2193 2252 λβ’.
2240 2179 2407 2248 Ἰδοὺ,
2432 2179 2578 2252 πάλη
2609 2183 2665 2236 ἐν
2699 2181 2879 2250 λόγοις
2906 2198 2919 2212 ·
2963 2183 3051 2237 καῖ
3082 2183 3111 2235 ὁ
3141 2181 3469 2254 βουλόμενος
3497 2184 3594 2240 άν-

337 2288 552 2328 versum
578 2287 665 2328 me
692 2274 967 2344 procedat.
997 2274 1224 2330 Habebit
1252 2288 1432 2332 autem
1457 2277 1703 2345 paimstra
1739 2279 1911 2333 lenem

341 2367 681 2420 substratum
711 2367 1016 2436 pulverem,
1050 2377 1128 2432 ut,
1164 2369 1208 2423 si
1236 2367 1377 2424 forte
1405 2367 1710 2438 dejiciatur,
1745 2370 1920 2426 resul-

341 2465 416 2510 tet
447 2471 636 2523 sanus,
666 2465 722 2511 et
749 2471 982 2527 surgens
1012 2459 1291 2528 abstergat
1320 2474 1466 2527 eum,
1515 2471 1563 2515 et
1621 2471 1750 2528 stet,
1805 2478 1910 2517 non

335 2563 465 2603 casu
516 2549 699 2604 laesus.
748 2551 880 2606 Dico
923 2551 1068 2606 enim
1117 2551 1262 2620 (quis
1311 2552 1745 2624 contradicet?),
1787 2570 1913 2623 cra-

339 2638 444 2692 tias
493 2636 706 2693 sincere
761 2648 1008 2712 agentem
1075 2640 1402 2714 injuriarum
1461 2658 1750 2698 memorem
1808 2645 1912 2701 dici

340 2743 447 2783 non
473 2743 651 2798 posse.
713 2729 830 2785 Non
883 2731 1047 2802 igitur
1098 2732 1224 2788 mali
1278 2735 1540 2790 memoria
1590 2737 1914 2807 simpliciter

339 2829 425 2874 est
459 2820 582 2875 mali
629 2822 955 2889 recordatio,
1011 2824 1106 2879 sed
1155 2827 1461 2882 recordatio
1513 2827 1762 2883 vindicta:
1790 2839 1913 2885 stu-

341 2909 530 2977 diosa,
577 2911 692 2967 sive
731 2913 1049 2981 praesentis,
1099 2914 1213 2969 sive
1259 2926 1550 2985 prompta,
1580 2932 1716 2986 quas
1749 2919 1912 2974 etiam

344 3002 532 3055 ambas
564 3018 594 3056 a
633 3005 786 3059 nobis
821 3002 960 3059 Deus
991 3011 1222 3071 avertat,
1255 3020 1361 3059 non
1392 3015 1569 3060 autem
1597 3007 1796 3074 solum,
1818 3010 1911 3063 sed

340 3100 396 3142 et
418 3089 484 3142 ab
501 3092 648 3144 omni
679 3092 820 3147 bono
847 3094 1194 3150 Christiano!
1231 3095 1287 3150 Si
1315 3096 1436 3165 quis
1471 3098 1910 3168 autemppponit,

341 3182 530 3251 quod:
587 3181 686 3239 Hic
741 3183 907 3240 etiam
961 3187 1054 3256 qui
1115 3188 1442 3243 videbantur
1481 3189 1697 3260 maligni
1745 3190 1914 3247 fuisse

342 3276 660 3343 praedones,
710 3275 849 3331 bona
897 3278 1123 3347 faciunt,
1177 3279 1273 3334 tibi
1318 3297 1464 3335 nunc
1503 3280 1683 3346 Salve,
1735 3283 1912 3352 rabbi,

345 3367 674 3432 clamantes,
727 3367 1019 3426 adorantes
1083 3371 1200 3438 vel,
1260 3372 1403 3426 sicut
1444 3371 1637 3442 aliquis
1687 3375 1912 3441 diceret,

341 3457 524 3512 cancri
557 3457 830 3512 humiliter
857 3461 1136 3528 prostrati,
1155 3470 1437 3532 poscentes
1461 3462 1913 3531 misericordiam,

343 3551 556 3604 veniam
615 3551 1025 3621 supplicantes;
1085 3552 1136 3606 in
1183 3553 1374 3620 primis
1420 3553 1638 3622 quidem
1681 3569 1708 3605 a
1755 3553 1914 3610 nobis

343 3641 550 3708 discat,
613 3647 757 3712 quod
821 3644 924 3700 hoc
967 3660 1111 3715 sape
1164 3660 1287 3700 cum
1335 3649 1642 3714 iuramento
1687 3645 1918 3716 profesd

345 3733 612 3803 ejusmodi
654 3736 962 3806 sapientes,
1015 3752 1116 3793 nos
1149 3738 1339 3794 faciles
1381 3749 1630 3807 repertos
1681 3747 1734 3794 et
1779 3739 1918 3796 ﬂexu

349 3826 582 3890 dociles,
620 3827 781 3897 paulo
823 3838 946 3898 post
981 3829 1261 3899 pejor-ibus
1302 3845 1402 3886 nos
1447 3832 1922 3888 circumvenerunt

347 3919 812 3997 sOphismatibus,
852 3930 906 3976 et
951 3921 1210 3977 dixerunt
1247 3923 1464 3994 quidem
1497 3941 1512 3978 :
1562 3924 1724 3992 Ecce,
1770 3937 1920 3997 post-

346 4027 511 4082 quam
545 4010 809 4080 laesimus,
842 4014 1158 4068 sanavinius
1185 4023 1240 4070 et
1270 4016 1438 4070 multa
1471 4026 1663 4074 contra
1710 4020 1921 4073 calum-

349 4105 612 4158 niatorem
665 4104 932 4172 diximus;
986 4120 1090 4159 non
1150 4106 1318 4162 multo
1371 4117 1492 4176 post
1522 4119 1701 4164 autem
1736 4109 1922 4165 incau-

353 4194 422 4248 tis
485 4195 753 4252 irruentes
806 4196 958 4270 plura
1032 4198 1388 4267 gravioraque
1456 4200 1749 4256 indixerunt
1804 4201 1919 4256 vul-

353 4301 520 4350 nera,
584 4301 683 4340 nec
741 4288 1037 4354 sanabilia;
1096 4289 1485 4360 depulsumque
1539 4290 1801 4346 latronem
1859 4308 1922 4348 ac

355 4379 707 4447 praedatorem
745 4379 1062 4435 maledicum
1095 4397 1190 4449 per
1221 4382 1484 4436 modicam
1510 4384 1725 4452 quidem
1761 4400 1922 4453 aper-

351 4483 530 4524 turam
580 4473 668 4526 vix
716 4465 867 4528 exire
913 4474 1314 4543 permiserunt,
1365 4475 1433 4528 ad
1489 4490 1686 4529 novum
1739 4489 1920 4533 autem

351 4564 584 4618 reditum
613 4581 712 4634 per
744 4580 992 4636 magnam
1031 4565 1251 4637 januam
1279 4575 1465 4638 aperte
1495 4580 1702 4622 rursum
1748 4568 1923 4625 intro-

351 4658 638 4712 duxerunt.

424 4751 513 4806 5'5.
539 4752 745 4806 Deinde
773 4762 952 4808 mente
981 4762 1229 4821 reputent
1258 4752 1350 4821 qui
1377 4760 1564 4806 contra
1587 4767 1685 4806 nos
1703 4754 1921 4823 quidem

351 4859 620 4899 memores
658 4854 782 4898 sunt
811 4844 1124 4907 mendaces,
1179 4859 1210 4896 a
1235 4843 1395 4898 nobis
1428 4852 1605 4897 autem
1647 4845 1923 4899 memoriae.

351 4937 575 5001 bonum,
606 4936 891 5005 pulchrum
928 4946 1138 4990 natura:
1177 4937 1399 4999 donum,
1426 4949 1736 5009 segregant,
1772 4937 1919 5008 quod

352 5042 453 5096 ego
493 5042 635 5097 saepe
699 5027 957 5081 adversus
1027 5028 1247 5082 callidas
1319 5029 1682 5096 adorationes,
1753 5032 1923 5086 veluti

357 5121 620 5190 quasdam
661 5130 1082 5190 cornupetarum
1134 5123 1534 5190 aggressiones,
1583 5125 1922 5178 incautorum

354 5221 572 5266 ventres
633 5211 1016 5281 ell‘ringentes,
1085 5228 1187 5266 non
1247 5212 1467 5267 omnino
1506 5215 1700 5269 stolide
1745 5217 1924 5270 decla-

351 5300 531 5366 mari,
584 5299 858 5370 falsasque
913 5299 1315 5370 geuuﬂexioues
1373 5301 1740 5358 demonstravi
1796 5312 1918 5356 tan-

352 5409 514 5463 quam
542 5393 870 5448 luctatorum
897 5391 1173 5446 hominum
1192 5402 1359 5461 artes,
1386 5394 1704 5449 conantium
1725 5393 1925 5449 utrius-

356 5504 462 5556 que
489 5488 664 5542 cruris
689 5490 936 5559 amplexu
974 5487 1260 5554 inhaerere,
1283 5500 1334 5544 et
1371 5489 1521 5544 illum
1550 5491 1633 5543 cui
1663 5498 1926 5557 parantur

355 5579 564 5633 insidiae
608 5588 974 5650 prosternere.
1005 5577 1118 5633 Illis
1145 5589 1324 5634 autem
1371 5582 1461 5650 qui
1494 5595 1707 5649 semper
1731 5579 1923 5650 hujus-

341 5661 500 5727 ’ωοαί
558 5681 718 5737 sunt,
774 5671 1006 5740 compati
1067 5681 1122 5726 et
1153 5671 1435 5743 ignoscere
1492 5672 1764 5752 suspicorx
1798 5672 1925 5743 quid

355 5768 496 5837 apud
516 5767 667 5836 ipsos
702 5765 1012 5835 signiﬁcare
1053 5767 1197 5820 velit.
1236 5767 1447 5821 Etenim
1479 5765 1714 5833 compati
1745 5773 1798 5819 et
1833 5780 1926 5820 ve-

357 5857 505 5912 niam
533 5857 661 5910 dare
683 5871 788 5912 non
818 5871 938 5912 esse
962 5867 1145 5927 posset
1173 5858 1238 5917 ad
1272 5859 1321 5913 id
1360 5857 1557 5926 aliquid
1588 5871 1708 5911 cum
1740 5857 1924 5926 aliquo

2015 2271 2284 2338 τεπεξίτω
2342 2289 2453 2338 μοι.
2496 2274 2654 2344 Ἕχοι
2684 2274 2739 2327 δὲ
2772 2275 2804 2342 ὴ
2841 2274 3152 2346 παλαίστρα
3196 2275 3344 2330 κόνιν
3371 2275 3594 2348 ἁπαλὴν

2015 2366 2466 2436 ύπεστρωμένην,
2496 2367 2547 2421 εἴ
2567 2385 2680 2432 πως
2711 2366 3041 2422 καταπεσὼν
3069 2370 3402 2440 ἀναπεδήσει
3427 2370 3592 2434 σῶος,

2013 2456 2109 2511 καὶ
2140 2456 2379 2518 ἀναστὰς
2407 2455 2578 2527 αὐτὴν
2605 2456 2978 2527 ἀποψήσεται,
3019 2456 3116 2510 καὶ
3162 2457 3480 2528 ἑστήξεται,
3516 2461 3593 2530 μὴ

2014 2547 2424 2618 καταθρυφθεῖς
2444 2547 2522 2618 τῷ
2551 2547 2832 2619 πτώματι.
2863 2550 3009 2620 Φημὶ
3038 2550 3150 2620 γάρ
3185 2548 3307 2619 (οὐκ
3343 2551 3411 2606 ιν
3439 2551 3594 2605 ἀντι-

2015 2637 2328 2708 λεγοίμην),
2369 2635 2446 2702 ώς
2487 2639 2514 2691 ὁ
2544 2638 2883 2709 εὐχαριστῶν
2911 2638 3048 2708 πρὸς
3074 2639 3339 2712 ἀλήθειαν
3391 2640 3497 2695 οὐκ
3525 2641 3592 2695 ἂν

2017 2729 2378 2800 μνησικακεῖν
2419 2727 2657 2798 λέγοιτο.
2702 2730 2778 2784 Ού
2814 2730 2998 2784 τοίνυν
3031 2731 3216 2795 ἁπλῶς
3249 2732 3594 2802 μνησικακία

2013 2819 2076 2872 ού
2128 2819 2300 2874 κακοῦ
2353 2837 2497 2886 τινος
2543 2823 2769 2893 μνήμη,
2821 2822 2958 2878 ἀλλὰ
3005 2823 3038 2894 ἡ
3089 2825 3222 2894 πρὸς
3275 2826 3591 2896 έντρέχειαν

2013 2911 2340 2984 άμυντικὴν,
2372 2913 2405 2985 ἢ
2439 2914 2538 2984 τὴν
2567 2913 2790 2981 αὐτίκα,
2842 2914 2876 2984 ἢ
2901 2903 3009 2987 ’τὴν
3043 2917 3348 2983 είσέπειτα,
3409 2918 3593 2987 ἇσπερ

2015 3008 2108 3058 καὶ
2137 3005 2304 3077 ἄμφω
2336 3005 2494 3076 ήμῶν
2524 3006 2804 3075 ἀπαγάγοι
2825 3006 2981 3072 Θεὸς,
3018 3009 3112 3062 καὶ
3133 3009 3194 3062 ού
3230 3008 3417 3078 μόνον,
3451 3009 3593 3062 ἀλλὰ

2017 3099 2112 3152 καὶ
2147 3099 2349 3162 παντὸς
2379 3098 2542 3168 ὀρθοῦ
2570 3098 2926 3171 Χριστιανοῦ.
2963 3099 3026 3154 El
3051 3101 3109 3154 δέ
3139 3119 3224 3165 τις
3278 3101 3590 3170 άντιθήσει,

2015 3188 2091 3253 ὡς
2147 3190 2278 3244 Ἰδοὺ
2334 3190 2611 3244 κάνταῦθα
2664 3193 2712 3244 οἱ
2769 3191 3051 3255 δοκοῦντες
3094 3191 3392 3268 λῃστεύσαι
3452 3192 3594 3264 πρὸς

2019 3279 2261 3334 κάκωσιν
2315 3279 2494 3349 ἀγαθά
2546 3279 2813 3348 ποιοῦσιν,
2867 3281 2960 3334 ἐπὶ
3008 3282 3092 3336 σοὶ
3145 3282 3270 3353 ἄρτι
3297 3283 3359 3337 τὸ
3393 3285 3591 3356 Χαῖρε,

2029 3371 2250 3440 Ῥα66ὶ,
2283 3372 2766 3445 προτφωνοῦντες,
2817 3373 3275 3445 ύποκυρτοῦντες.
3335 3377 3405 3448 ἠ,
3447 3379 3592 3434 καθά

2016 3481 2100 3526 τις
2147 3467 2276 3536 ἔφη,
2312 3463 2663 3534 καριδοῦντες
2697 3465 2927 3532 ἑαυτοὺς
2963 3469 3444 3539 προσκυνητικῶς,
3502 3472 3591 3524 αἱ·

2016 3557 2267 3628 τούμενοι
2304 3557 2364 3610 τὸ
2398 3557 2705 3629 συμπαθὲς,
2746 3559 3174 3632 προκαλούμενοι
3214 3561 3588 3634 συγχώρησιν

2019 3652 2076 3703 ὲν
2107 3649 2346 3720 πρώτοις
2382 3650 2481 3720 μὲν
2538 3651 2674 3704 ίστω
2720 3652 2910 3722 μαθών
2945 3653 3003 3720 ἐξ
3060 3655 3240 3724 ἡμῶν,
3299 3655 3376 3718 ὡς
3426 3653 3589 3708 τοῦτο

2018 3741 2280 3805 πολλάκις
2315 3742 2539 3812 ἔνορκοι
2583 3742 3012 3813 μεθοδεύσαντες
3038 3748 3084 3801 ei
3112 3749 3179 3800 τὰ
3234 3747 3464 3802 τοιαῦτα
3501 3765 3594 3801 σο⁴

2019 3833 2130 3902 φοὶ,
2157 3834 2254 3887 καὶ
2283 3833 2430 3905 ἡμᾶς
2460 3833 2717 3899 εὐκόλους
2737 3835 3094 3908 ἐξευρηκὸτες
3112 3839 3208 3892 καλ⁵
3225 3839 3594 3910 εύστρέπτους

2019 3931 2097 3993 είς
2129 3929 2361 4000 κάμψιν,
2395 3931 2520 4001 μετ’
2547 3930 2606 3983 οὐ
2642 3930 2779 3984 πολὺ
2809 3931 3134 4000 δεινοτέροις
3179 3931 3326 4000 ἡμᾶς
3363 3931 3596 4000 περιῆλ-

2019 4021 2112 4076 θον
2145 4022 2480 4092 σοφίσμασι·
2512 4023 2606 4076 καὶ
2640 4017 2798 4076 εἷπον
2828 4022 2950 4088 μὲν,
2982 4021 3059 4084 ώς
3106 4021 3214 4073 ίδοὺ
3248 4021 3296 4073 οί
3329 4023 3592 4091 τρώσανυ

2019 4130 2112 4178 τες
2143 4113 2438 4184 έξιώμεθα,
2485 4114 2582 4168 καὶ
2641 4113 2831 4184 μακρὰ
2878 4112 2972 4182 τοῦ
3005 4111 3257 4165 διαόόλου
3292 4111 3592 4179 καταλέγο-

2025 4220 2126 4274 μεν
2153 4219 2167 4234 ⁸
2203 4207 2320 4273 μετ’
2353 4203 2536 4273 ὀλίγον
2587 4204 2644 4257 δὲ
2675 4203 3011 4273 ἀφυλάκτοις
3051 4199 3202 4256 οὖσιν
3233 4204 3594 4255 ὲπεισπεσόνυ

2021 4311 2134 4364 τες,
2167 4295 2337 4350 πλείω
2397 4297 2492 4350 καὶ
2528 4295 2806 4366 βαρύτερα
2853 4295 3111 4364 ένέτηξαν
3139 4293 3453 4366 τραύματα,
3504 4296 3599 4349 καὶ

2022 4388 2144 4442 οὐδὲ
2173 4387 2554 4459 θεραπεύσιμα
2585 4404 2600 4421 ο
2656 4389 2756 4441 καὶ
2810 4386 2898 4441 τιν
2949 4386 3322 4456 ἐξωθούμενον
3351 4387 3597 4455 κλέπτην

2026 4481 2118 4532 καὶ
2147 4479 2350 4550 λῃστὴν
2379 4478 2625 4534 διάϐολον
2653 4479 2740 4532 διὰ
2775 4481 2976 4550 μικρᾶς
3003 4478 3102 4547 μέν
3124 4495 3266 4540 τινος
3294 4479 3436 4547 ὀπῆς
3459 4477 3602 4547 ἀφῆ·

2025 4588 2127 4625 καν
2156 4574 2314 4641 μόγις
2344 4572 2606 4639 ἐξελθεῖν,
2639 4575 2706 4642 τῇ
2766 4573 2819 4626 δὲ
2847 4573 3166 4641 ἀνακάμψει
3228 4573 3317 4627 διὰ
3349 4575 3598 4645 μεγάλης

2025 4663 2198 4734 θύρας
2232 4665 2723 4736 παρῤησιαστικῶς
2749 4665 3167 4736 ἁντεισήγαγον.

2096 4753 2200 4823 λγ⁸.
2236 4755 2470 4808 Ἔπειτα
2531 4753 2976 4826 ένθυμείσθωσαν
3020 4758 3068 4809 οί
3119 4757 3240 4809 καθ’
3274 4757 3433 4827 ἡμῶν
3501 4759 3598 4826 μὲν

1955 4888 2000 4943 D
2026 4845 2259 4916 ψεῦσται
2303 4845 2602 4916 μνήμονες,
2633 4846 2793 4916 ἡμῶν
2821 4845 2877 4899 δὲ
2909 4847 3262 4916 ἀφορίζοντες
3304 4848 3363 4900 τὸ
3397 4849 3600 4916 ἀγαθον

2032 4936 2387 5007 μνημονικὸν,
2419 4937 2479 4989 τὸ
2511 4936 2672 4990 καλὸν
2697 4937 2869 5008 δῶρον
2896 4938 2999 5007 τῆς
3029 4937 3265 5006 φύσεως,
3293 4940 3375 4992 ὃτι
3407 4938 3602 4992 πολλά-

2030 5045 2118 5091 κις
2146 5027 2258 5096 ἐγὼ
2279 5028 2759 5099 κατερῤητόρευσα
2789 5028 2849 5082 ού
2870 5028 3012 5084 πάνυ
3033 5045 3088 5082 τι
3110 5031 3295 5098 ἀφυῶς
3311 5029 3421 5082 τῶν
3447 5047 3606 5102 στρε-

2030 5115 2174 5170 ϐλῶν
2205 5118 2706 5187 προσκυνημάτων,
2744 5117 2820 5179 ὡς
2867 5113 2954 5173 οἷα
3001 5120 3278 5174 καίτινων
3325 5124 3605 5192 κυριγμάο

2029 5225 2138 5263 των
2170 5207 2630 5279 ἀναῤῥηγνύντων
2665 5208 2760 5271 τὰς
2791 5210 2899 5261 τῶν
2921 5209 3139 5278 ἀφελῶν
3174 5211 3472 5280 γαστέρας,
3511 5213 3604 5262 καὶ

2032 5299 2131 5361 τὰς
2166 5297 2379 5366 ψευδεῖς
2402 5299 2794 5366 γονυπετήσας
2825 5299 3107 5370 ἐθεώρησα
3125 5300 3259 5353 ώσεὶ
3289 5303 3386 5354 καὶ
3406 5304 3605 5372 τέχνας

2039 5389 2452 5460 παλαιστρικῶν
2486 5390 2716 5460 ἀνδρῶν,
2739 5392 3100 5462 τεχνωμένων
3133 5395 3232 5463 κνή
3245 5411 3375 5464 μαιν
3398 5394 3605 5464 ἀμφοῖν

2033 5483 2405 5552 περιπλέγδην
2430 5483 2765 5552 ἐμφύεσθαι,
2797 5485 2892 5538 καὶ
2921 5489 3318 5559 καταῤῥιπτεῖν
3353 5487 3443 5541 τδν
3479 5493 3606 5542 ἐπι-

2035 5577 2445 5647 ϐουλευόμενον.
2481 5577 2552 5628 Ta
2575 5577 2631 5629 δέ
2661 5593 2723 5645 γε
2759 5577 3070 5646 συμπαθεῖν
3090 5582 3200 5642 τοῖς
3226 5581 3404 5633 εἰσαεὶ
3431 5581 3610 5632 τοιού-

2033 5687 2145 5733 τοις
2166 5670 2259 5723 καὶ
2287 5671 2592 5738 συγχωρεῖν
2624 5669 2690 5721 δι’
2725 5670 2961 5739 ὑποψίας
2997 5671 3136 5739 ἄγω,
3167 5672 3220 5725 τί
3242 5672 3443 5744 δήποτε
3473 5672 3605 5741 παρ’

2034 5763 2218 5824 αὐτοῖς
2281 5766 2421 5815 νοεῖν
2481 5761 2750 5833 βούλεται.
2802 5760 3117 5830 Συμπαθείν
3173 5763 3272 5831 μὲν
3333 5764 3444 5834 γάρ
3515 5762 3607 5814 καὶ

2036 5857 2337 5926 συγχωρεῖν
2382 5856 2481 5908 οὐκ
2519 5856 2585 5909 ἂν
2617 5855 2677 5908 τὸ
2717 5853 2812 5909 σύν
2841 5872 2948 5908 τινι
2980 5855 3171 5909 παθεῖν
3206 5856 3300 5914 καὶ
3357 5856 3451 5908 σύν
3499 5869 3606 5910 τινι
