3840 6570
206 469 294 535 (33

1155 461 1460 528 CONTRA
1495 462 1990 527 INJURIARUM
2026 459 2477 524 MEMORIAM.

3328 460 3436 525 434

204 583 374 655 χωρεῖν
404 580 478 641 είς
531 576 646 632 τόδε
686 594 763 632 τι.
841 576 980 646 Ἐγὼ
1007 576 1065 631 δὲ
1095 578 1194 632 οὐκ
1224 579 1290 633 ἂν
1338 578 1484 633 οὕτω
1516 579 1733 642 παθεῖν,

1844 576 1952 646 pati
1998 584 2053 631 et
2095 576 2148 632 ei
2190 575 2243 629 in
2273 574 2460 645 aliquo
2491 571 2707 631 cedere.
2742 572 2855 646 Ego
2908 588 3041 630 vero
3065 589 3172 631 non
3217 575 3294 631 ita
3325 581 3435 649 pati

204 671 296 723 οὐδ’
325 669 387 721 ἂν
414 666 553 720 οὕτω
589 668 787 737 χωρεῖν
821 666 1084 738 ἐθέλοιμι,
1119 667 1202 721 ὅτι
1241 669 1368 740 μηδ’
1408 670 1570 732 ἄλλος
1629 668 1742 723 τῶν

204 758 514 831 φρονούντων
548 762 628 823 είς
652 759 881 829 ἀγαθόν.
920 761 1017 825 Τίς
1060 762 1169 834 γὰρ
1195 762 1263 816 ἂν
1287 763 1535 834 ὲχέρφων
1568 762 1745 816 ἕλοιτο

206 856 370 909 παθεῖν
392 853 487 906 σύν
513 871 617 906 τινι
648 854 708 907 τὸ
755 853 854 924 τῆς
894 852 1123 925 γνώμης
1162 855 1418 923 ἄστατον,
1449 858 1484 926 ἦ
1518 858 1740 926 χωρεῖν,

202 947 368 999 ταύτὸν
397 945 441 999 δ’
472 945 650 998 εἰπεῖν
683 946 862 1017 ὁρμᾷν
895 945 994 1000 σύν
1023 963 1153 1013 τινι,
1187 947 1326 1018 πρὸς
1354 947 1499 1018 ἅπερ
1531 950 1559 1002 ὁ
1590 965 1744 1001 συνε-

201 1041 275 1098 τὸς
303 1036 633 1107 ἀπεύχεταις
669 1037 827 1091 Οὕτω
857 1037 988 1106 γοῦν
1028 1038 1290 1101 ὑπόπτως
1322 1038 1461 1110 ἔχων
1491 1039 1626 1111 πρὸς
1680 1039 1743 1094 τὸ

200 1131 359 1193 ἁπλῶς
409 1129 501 1183 καὶ
538 1129 854 1199 συμπαθεῖν
883 1130 979 1183 καὶ
1009 1135 1339 1202 συγχωρεῖν,
1384 1133 1611 1202 διαιρῶν
1642 1131 1742 1201 τὴν

202 1224 303 1279 κιθ¹
328 1223 643 1294 ὁμωνυμίαν
692 1223 980 1293 σύγχυσιν,
1013 1224 1108 1278 καὶ
1132 1226 1456 1297 διευκρινῶν
1502 1230 1560 1279 έν
1589 1224 1743 1296 ὀρθό-

198 1333 318 1385 τητι,
355 1314 697 1384 γνωματεύω
720 1315 845 1369 κατ’
871 1318 1015 1387 ἐμὴν
1037 1318 1340 1388 ἐπίκρισιν,
1364 1317 1440 1380 ώς
1470 1316 1740 1388 θελήματι

201 1407 285 1476 μὲν
313 1405 492 1476 ἀγαθῷ
518 1410 849 1479 συγχωρεῖν,
874 1407 970 1461 καὶ
1001 1410 1144 1463 κατά
1171 1408 1344 1473 πάθος
1376 1408 1435 1462 εὖ
1452 1408 1575 1479 έχον
1603 1427 1739 1479 συμ-

202 1499 365 1551 παθεῖν
395 1500 485 1552 καὶ
520 1501 739 1572 στέργω
773 1500 871 1554 καὶ
914 1498 1179 1571 εὔχομαι·
1207 1502 1303 1554 καὶ
1353 1500 1738 1572 προκαλούμε-

196 1609 268 1654 νος
299 1590 535 1661 χωρῆσαι
567 1593 666 1645 καὶ
693 1592 887 1647 παθεῖν
913 1593 1153 1664 έποίμην
1190 1594 1282 1657 ἂν,
1315 1594 1413 1647 καὶ
1448 1594 1737 1665 πάσχοιμι,

196 1684 238 1744 ἐς
265 1683 373 1734 ὅσον
402 1681 643 1754 ἐξαρκῶ,
672 1684 768 1741 καὶ
794 1687 895 1739 οὐκ
918 1685 984 1739 ἂν
1007 1684 1347 1756 ὲλεγχθείην,
1371 1684 1448 1756 μὴ
1471 1684 1614 1738 οὕτω
1648 1683 1741 1738 καὶ

196 1774 461 1845 συγχωρῶν
487 1776 584 1827 καὶ
606 1774 932 1845 συμπαθῶν.
965 1775 1075 1830 Καί
1115 1793 1207 1845 μοι
1236 1776 1514 1847 μάρτυρες
1530 1774 1739 1829 τούτων

196 1867 237 1918 οἱ
264 1866 347 1935 τῆς
378 1860 589 1930 πόλεως
634 1868 845 1938 ταύτης
872 1868 1071 1936 ἀγαθοὶ
1102 1868 1317 1939 ἀνδρες,
1358 1864 1444 1930 οἷς
1478 1866 1738 1921 πλειστάο

1847 683 1950 723 nec
1993 669 2065 722 ita
2095 666 2293 722 cedere
2322 666 2539 732 vellem,
2572 665 2668 721 sed
2705 678 2805 721 nec
2833 665 2976 722 alius
3008 666 3149 722 bene
3176 669 3436 725 cordatus

1847 760 2270 831 qualiscunque.
2318 758 2454 824 Quis
2500 758 2647 814 enim
2699 759 2943 829 prudens
3008 759 3433 817 inconstantiam

1846 850 2130 907 sententiae
2158 865 2283 907 cum
2316 848 2499 919 aliquo
2536 849 2645 920 pati
2693 852 3059 918 consentiret,
3093 853 3177 907 vel
3218 854 3436 919 cedere,

1846 957 1940 999 seu
1971 943 2117 1013 quod
2150 942 2290 997 idem
2322 951 2432 1009 est,
2466 942 2596 997 ferri
2622 957 2748 998 cum
2781 942 2964 1015 aliquo
3000 944 3067 999 ad
3096 959 3159 1000 ea
3187 960 3309 1017 qua:
3338 961 3437 1000 ex-

1844 1047 1971 1104 pers
1987 1033 2322 1089 detestatur?
2346 1031 2438 1089 Sic
2455 1033 2621 1105 igitur
2636 1036 2893 1106 suspicax
2908 1038 2974 1092 ad
3019 1038 3162 1094 istud
3180 1039 3437 1108 simplici-

1847 1132 1931 1177 ter
1958 1124 2393 1193 compatiendum
2412 1126 2917 1195 etconcedendum,
2945 1142 3137 1183 vocum
3169 1129 3430 1185 similium

1849 1214 2170 1272 discernens
2207 1215 2580 1273 confusionem
2610 1228 2663 1272 et
2706 1228 2849 1277 recte
2874 1220 3217 1292 dijudicans,
3251 1232 3433 1279 statuo

1838 1304 1992 1374 juxta
2014 1320 2199 1363 meum
2223 1307 2493 1379 judicium
2518 1312 2662 1380 quod
2708 1311 2968 1369 voluntati
3015 1316 3233 1386 quidem
3276 1317 3433 1372 ιιοιιω

1845 1398 2164 1465 concedere,
2201 1401 2468 1472 juxtaque
2496 1403 2694 1457 bonam
2731 1408 3042 1474 passionem
3067 1409 3304 1478 compati
3339 1427 3431 1464 na-

1846 1489 2008 1542 turali
2041 1490 2408 1561 propensione
2441 1493 2772 1562 complector
2798 1502 2855 1550 et
2885 1496 3158 1563 desidero,
3177 1510 3431 1570 rogatus-

1850 1594 1957 1649 que
1982 1581 2178 1637 cedere
2201 1596 2265 1636 ac
2290 1583 2399 1652 pati
2424 1598 2687 1655 sequerer
2709 1594 2763 1642 et
2783 1599 3000 1659 paterer
3016 1602 3279 1660 quantum
3306 1608 3429 1662 pos-

1841 1686 1981 1740 sem,
2016 1687 2118 1729 nec
2145 1675 2574 1744 reprehenderer
2604 1678 2768 1733 veluti
2794 1681 2871 1735 sic
2896 1696 3004 1737 non
3046 1682 3351 1739 concedens
3376 1695 3429 1739 ct

1842 1765 2199 1834 compatiens.
2233 1765 2406 1838 ilujus
2439 1778 2621 1824 autem
2651 1771 2727 1826 rei
2762 1773 2892 1827 mihi
2918 1782 3082 1830 testes
3106 1783 3233 1832 sunt
3265 1776 3428 1846 hujus

1844 1858 1995 1912 urbis
2015 1857 2140 1913 boni
2175 1860 2303 1926 viri,
2331 1861 2531 1931 quibus
2553 1877 2695 1933 saepe
2752 1865 2818 1918 ad
2843 1865 3013 1922 bonas
3037 1868 3152 1923 vias
3175 1876 3228 1923 et
3259 1869 3428 1923 hone-

196 1975 265 2020 κις
288 1957 743 2029 προκαλουμένοις
768 1958 848 2022 είς
872 1960 1084 2028 ἀγαθὰς
1113 1959 1266 2023 ὁδοὺς
1286 1961 1383 2013 καὶ
1414 1959 1495 2022 εὶς
1523 1958 1737 2031 χρηστὰ

1844 1957 1957 2003 stas
2012 1951 2256 2005 actiones
2305 1952 2732 2010 exhortantihns
2780 1965 2837 2011 et
2888 1959 3133 2014 concessi
3179 1969 3234 2016 et
3278 1976 3427 2017 com-

193 2049 316 2116 πάθη
348 2048 436 2102 καὶ
469 2050 832 2121 συνεχώρησα
858 2050 956 2103 καὶ
992 2050 1298 2105 συνέπαθον
1326 2066 1341 2081 ·
1376 2052 1445 2105 τὰ
1478 2050 1649 2105 πολλά
1676 2050 1736 2105 δὲ

194 2146 268 2194 καὶ
294 2143 350 2194 ού
385 2142 519 2212 πρὸς
547 2141 808 2215 δύναμιν,
837 2143 976 2210 ἀλλ’,
1005 2143 1383 2210 ἁποστολικῶς
1420 2145 1622 2211 εἰπεῖν,
1655 2145 1739 2208 είς

195 2235 469 2307 ὑπερϐολήν
490 2274 507 2289 .
545 2238 659 2289 Καὶ
685 2236 829 2290 οὕτω
857 2238 961 2308 μὲν
992 2237 1266 2309 συγχωρῶ
1298 2237 1393 2292 καὶ
1429 2236 1735 2308 συμπαθῶ’

192 2328 479 2398 διαφωτῖσαι
503 2329 566 2382 δὲ
620 2334 720 2392 τὰς
766 2329 941 2395 λέξεις
988 2329 1197 2394 ταύτας
1258 2330 1339 2393 είς
1374 2329 1435 2383 τὸ
1495 2329 1735 2401 καίριον,

94 2480 101 2487 ,
195 2422 477 2493 συνεξορμῶ
503 2424 606 2479 καὶ
640 2424 951 2495 συμπάσχω
981 2426 1092 2487 τοῖς
1122 2423 1363 2495 χωροῦσι
1416 2423 1618 2495 δηλαδὴ
1647 2422 1742 2476 καὶ

192 2515 482 2584 πάσχουσιν,
522 2515 630 2569 ὅσα
667 2516 845 2586 χρεών
871 2533 887 2548 ο
931 2516 1135 2585 ἑτέρως
1187 2515 1245 2569 δὲ
1295 2516 1605 2587 συγχωρεῖν
1644 2517 1739 2568 καὶ

191 2606 486 2677 συμπαθεῖν,
518 2608 602 2671 είς
638 2608 780 2680 ἅπερ
811 2608 1093 2663 ἐθέλουσιν
1139 2609 1187 2663 οῖ
1246 2608 1455 2677 πολλοὶ,
1498 2607 1738 2679 ἀπεύχο-

192 2714 289 2767 μαι.
317 2698 404 2771 Μὴ
431 2700 550 2771 γάρ
583 2717 674 2773 μοι
706 2700 1146 2771 δυσπραγτβείη,
1176 2702 1373 2754 παθεῖν
1435 2701 1534 2754 σὺν
1591 2697 1739 2752 ὲκεί-

190 2808 277 2855 νοις
309 2794 393 2845 καὶ
420 2795 526 2848 σὺν
592 2792 827 2855 ἐκείνοις
875 2795 1097 2865 χωρεῖν,
1150 2795 1231 2858 είς
1259 2794 1361 2848 ὅσα
1395 2794 1473 2864 μὴ
1499 2792 1741 2862 πρέπού-

192 2898 288 2934 σιν
316 2884 444 2937 ἀλλά
475 2884 738 2939 τάναντία
764 2885 976 2953 γένοιτό
1007 2902 1121 2957 μοι,
1157 2887 1393 2957 πάσχειν
1442 2902 1501 2938 τε
1536 2884 1735 2953 καλῶς,

191 2979 263 3027 καὶ
300 2980 495 3048 χωρεῖν
524 2979 624 3047 τὴν
674 2979 818 3031 κατὰ
848 2977 982 3031 Θεὸν
1030 2978 1170 3045 ὁδὸν,
1212 2980 1309 3033 καὶ
1349 2982 1425 3050 μὴ
1459 2978 1736 3049 συμφέρε-

192 3068 293 3122 σθαι
315 3072 565 3139 φαύλοις,
597 3073 690 3125 καὶ
721 3072 1095 3143 συμπάσχειν,
1131 3072 1277 3144 ἅπερ
1321 3073 1512 3126 αὐτοί·
1551 3076 1609 3126 ἐν
1659 3068 1739 3135 οἷς

189 3164 265 3216 καὶ
290 3166 343 3217 τὸ
358 3163 622 3228 ἀναιτίως
676 3165 1009 3231 ἐπικεῖσθαι,
1041 3160 1150 3230 οἷος
1180 3166 1242 3219 ού
1297 3164 1479 3237 θέμις,
1510 3165 1604 3218 καὶ
1643 3181 1738 3235 με-

190 3251 321 3323 λετᾷν
337 3254 583 3326 δεσμεῖν,
606 3256 660 3309 εῖ
683 3257 765 3318 τίς
795 3272 899 3308 που
922 3256 1154 3320 δίκαιος,
1187 3255 1277 3309 διὰ
1309 3257 1368 3308 τὸ
1392 3255 1736 3325 δύσχρηστος

190 3340 303 3399 εἶναι
332 3350 440 3411 τοῖς
502 3349 580 3419 μὴ
614 3347 798 3411 καλῶς
823 3348 1320 3419 διαχειριζομένοις
1347 3349 1414 3402 τὰ
1454 3348 1733 3420 πρακτέα.

243 3436 324 3493 λδ’.
355 3440 494 3512 Φέρε
529 3439 724 3493 εἴπατε
756 3442 894 3512 πρὸς
931 3442 1096 3495 αὑτοῦ
1149 3444 1243 3496 τοῦ
1280 3440 1453 3506 Θεοῦ,
1488 3442 1537 3494 εί
1590 3441 1666 3511 μὴ
1709 3441 1736 3494 ὁ

187 3532 458 3603 φιλάγαθος
516 3534 546 3587 ὁ
574 3535 902 3605 αὐτόχρημα
933 3536 1087 3597 Θεῖος
1121 3536 1285 3605 νόμος
1311 3535 1340 3588 6
1367 3534 1734 3605 αιτοκράτωρ

188 3626 491 3699 ῖπειιάμφθη
524 3628 927 3697 φιλανθρώπως
959 3628 1113 3699 ἡμῖν,
1148 3629 1243 3680 καὶ
1273 3624 1449 3680 ταῦτα
1490 3626 1657 3696 μηδέν
1681 3641 1735 3677 τι

188 3719 697 3791 ἀπολογησαμένοις,
732 3720 807 3791 μὴ
834 3722 928 3772 καὶ
954 3723 1055 3790 τὴν
1088 3720 1273 3774 θεόθεν
1300 3718 1483 3784 ὀξεῖαν
1512 3720 1736 3771 ἐπικου·

191 3808 290 3875 ρίαν
338 3810 745 3881 ἀμϐλυνοῦμεν,
802 3804 882 3874 οἷς
938 3811 1080 3883 ὑπὲρ
1119 3812 1276 3881 ἡμῶν
1322 3810 1501 3864 αὐτῶν
1551 3809 1735 3863 λαλεῖν

187 3900 387 3971 ἔσχομεν
426 3903 725 3974 (γογγύσαι
749 3903 857 3974 γάρ
887 3920 939 3956 τι
971 3903 1104 3974 παρ’
1126 3902 1279 3974 αὐτῷ
1305 3903 1449 3957 κατὰ
1467 3903 1575 3958 τῶν
1602 3903 1735 3956 ὑπε-

188 3994 409 4060 ναντίων,
440 3997 537 4049 καί
570 3997 649 4059 είς
684 3996 927 4066 μιασμὸν
957 3997 1090 4066 ἡμῖν
1119 3995 1375 4067 ἐλογίσθη
1416 3996 1732 4066 στόματος),

189 4084 273 4137 ποῦ
301 4088 414 4140 ποτ’
448 4087 516 4141 ἂν
546 4084 693 4159 ἦμεν
739 4088 910 4157 ipsi;
948 4089 1045 4141 Ποῖ
1097 4088 1154 4141 δὲ
1201 4088 1371 4158 τύχης
1428 4088 1733 4160 ἑστηκότας

186 4178 313 4244 ἡμᾶς
335 4180 561 4233 ἔϐλεπον
585 4181 653 4234 ἂν
681 4183 731 4234 oi
783 4181 1103 4254 ἄνθρωποι;
1135 4181 1209 4236 Οὐ
1252 4182 1453 4247 τοίνυν,
1484 4178 1565 4245 οἷς
1596 4185 1624 4236 ὁ
1651 4183 1734 4237 ἐν·

186 4264 282 4331 θεος
307 4269 577 4339 βασιλεὺς,
604 4270 743 4323 Θεοῦ
765 4270 1123 4340 λαλήσαντος.
1159 4271 1239 4334 είς
1274 4271 1374 4340 τὴν
1401 4268 1567 4324 αὑτοῦ
1597 4288 1737 4341 καρ-

184 4359 283 4415 δίαν
314 4365 440 4435 ἡμῖν
491 4364 780 4430 ἐπένευσε,
838 4362 993 4418 ταῦθ’
1053 4364 1198 4434 ἡμᾶς
1230 4362 1522 4417 ἀθωοῦσιν.
1593 4363 1734 4416 Ἀλλ’

186 4454 364 4520 ἐκεῖνος
401 4457 500 4521 μὲν
559 4459 657 4510 καὶ
685 4456 753 4510 δι’
780 4458 929 4527 ἡμᾶς
984 4457 1247 4527 ὑμνητὸς,
1294 4457 1393 4510 καὶ
1436 4456 1733 4528 εὐλογητδν

186 4549 264 4598 καὶ
289 4546 399 4617 Θεῷ
426 4548 523 4601 καὶ
551 4546 867 4619 ἀνθρώποις
923 4548 985 4600 τὸ
1037 4546 1207 4601 αὐτοῦ
1239 4545 1432 4615 ὄνομα.
1506 4546 1649 4615 Ἐγὼ
1676 4545 1734 4600 δὲ

1843 2054 2037 2109 passus
2080 2057 2240 2108 sum,
2271 2059 2335 2099 ac
2376 2046 2703 2117 plerumque
2741 2062 2847 2103 non
2905 2052 3202 2107 secundum
3258 2054 3428 2110 facul-

1844 2144 2034 2203 tatem,
2068 2137 2358 2206 sed,juxta
2391 2141 2595 2196 dictum
2626 2142 3004 2212 apostolicum,
3034 2145 3085 2200 in
3119 2161 3422 2205 excessum.

1845 2226 1910 2281 Et
1940 2228 2012 2283 ita
2072 2229 2290 2301 quidem
2343 2235 2581 2290 concedo
2629 2238 3093 2309 compatiorque:
3154 2251 3211 2296 ut
3242 2254 3423 2300 autem

1847 2322 1946 2376 has
1980 2336 2141 2379 voces
2188 2327 2548 2395 opportunius
2601 2328 2918 2397 dilucidem,
2959 2347 3231 2390 concurro
3273 2353 3426 2392 com-

1843 2412 2128 2483 patiorque
2160 2417 2507 2473 currentibus
2558 2418 2759 2489 ubique
2800 2422 3242 2495 patientibusque
3285 2428 3428 2485 sicut

1862 2513 2108 2571 oportet;
2159 2505 2318 2562 aliter
2358 2522 2489 2565 vero
2528 2512 2830 2567 concedere
2858 2529 2922 2569 ac
2952 2518 3212 2586 compati,
3266 2521 3332 2573 ad
3361 2540 3424 2576 ea

1844 2611 1965 2666 quae
1998 2597 2245 2669 plerique
2280 2600 2488 2669 volunt,
2539 2603 2740 2659 abnuo.
2776 2604 2892 2661 Non
2929 2608 3074 2663 enim
3115 2610 3244 2665 mihi
3276 2614 3426 2668 acci-

1845 2690 1956 2753 dat,
1984 2703 2041 2745 ut
2069 2692 2251 2762 patiar
2288 2709 2409 2749 cum
2459 2695 2600 2762 istis,
2658 2707 2869 2754 etcum
2924 2700 3043 2758 istis
3089 2705 3299 2773 cedam,
3356 2710 3426 2763 ad

1851 2782 2021 2836 multa
2058 2800 2177 2854 quae
2207 2801 2313 2842 non
2349 2789 2716 2846 conveniunt!
2776 2790 2903 2847 Mihi
2952 2804 3132 2850 autem
3166 2813 3195 2852 e
3234 2808 3428 2857 contra

1842 2878 2061 2931 eveniat
2083 2889 2136 2933 et
2160 2880 2295 2934 bene
2331 2880 2464 2950 pati,
2491 2892 2545 2936 et
2578 2884 2771 2940 cedere
2809 2886 2966 2957 juxta
3013 2889 3109 2944 Dei
3163 2891 3328 2960 viam,
3369 2904 3426 2950 et

1845 2980 1950 3019 non
1973 2969 2281 3024 consentire
2311 2970 2491 3037 malis,
2556 2988 2656 3028 nec
2717 2980 2959 3047 compati
2995 2996 3117 3035 cum
3168 2982 3276 3037 illis
3320 2984 3426 3039 ini-

1844 3058 2000 3129 quis;
2029 3060 2170 3114 inter
2200 3077 2321 3132 qua:
2351 3075 2671 3120 numeratur
2696 3070 2902 3141 absque
2923 3086 3084 3127 causa
3110 3076 3427 3133 incumbere

1844 3155 2043 3224 quibus
2076 3170 2183 3219 non
2237 3158 2391 3223 licet,
2442 3159 2805 3233 meditarique
2844 3164 3070 3221 vinculis
3102 3180 3343 3237 nectere,
3379 3170 3425 3226 si

1844 3247 1968 3315 quis
2001 3246 2140 3303 forte
2173 3249 2244 3303 sit
2291 3249 2495 3318 justus,
2539 3253 2666 3324 quin
2700 3255 2840 3311 male
2862 3257 3232 3329 dirigentibus
3267 3272 3424 3321 actus

1842 3337 2190 3407 importunus
2223 3350 2328 3396 est.

1910 3436 2001 3492 34.
2042 3436 2239 3508 Agite,
2295 3426 2373 3495 in.
2406 3441 2579 3510 ipsius
2626 3443 2719 3499 Dei
2774 3445 2993 3502 nomine
3052 3448 3258 3517 dicite,
3319 3452 3423 3507 nisi

1847 3527 2065 3583 virtutis
2091 3544 2308 3597 amans,
2342 3530 2568 3601 ipsaque
2593 3532 2776 3589 divina
2835 3532 2943 3600 lex,
2972 3535 3315 3603 Dominator,
3355 3542 3424 3593 ad

1841 3634 1941 3675 nos
1966 3622 2277 3678 humaniter
2298 3623 2695 3692 descendisset,
2727 3636 2781 3681 et
2812 3627 2935 3695 hoc,
2970 3630 3099 3700 quin
3131 3631 3239 3686 ullo
3264 3636 3425 3688 modo

1840 3713 2135 3770 fuissemus
2161 3714 2470 3786 justilicati,
2518 3731 2587 3772 ne
2646 3727 2959 3790 promptum
2992 3736 3020 3773 a
3072 3719 3184 3775 Deo
3216 3722 3427 3781 minuee

1842 3821 2027 3864 remus
2060 3806 2352 3876 auxilium,
2412 3824 2509 3880 per
2537 3824 2604 3865 ea
2643 3825 2765 3881 quae
2798 3826 2895 3883 pro
2923 3813 3081 3868 nobis
3109 3814 3241 3884 ipsis
3276 3815 3423 3886 loqui

1839 3906 2155 3969 poteramus
2211 3902 2582 3969 (murmurare
2638 3919 2877 3973 namque
2919 3906 3217 3975 quidquam
3280 3910 3421 3978 apud

1840 3991 2017 4060 ipsum
2046 3993 2096 4047 in
2126 3996 2497 4060 adversarios,
2529 3996 2584 4051 in
2615 3998 2726 4051 oris
2754 3995 3224 4067 inquinamentum
3267 3995 3428 4057 nobis

1840 4096 2148 4156 reputatum
2183 4087 2313 4157 est),
2341 4088 2565 4142 ubinam
2591 4105 2840 4149 essemus
2868 4092 3068 4149 hodie?
3100 4094 3161 4149 in
3183 4109 3291 4164 quo
3308 4093 3423 4149 for-

1841 4188 1983 4234 tunae
2018 4190 2162 4234 statu
2196 4194 2337 4234 nunc
2379 4196 2477 4234 nos
2519 4180 2764 4235 viderent
2798 4183 3085 4240 homines?
3116 4183 3236 4241 Non
3274 4189 3421 4241 enim

1838 4273 1983 4342 quod
2016 4272 2239 4327 numine
2278 4270 2494 4328 afﬂatus
2537 4274 2857 4343 imperator,
2889 4275 3000 4331 Deo
3029 4278 3095 4332 ad
3127 4292 3224 4333 cor
3250 4279 3422 4350 ipsius

1838 4361 2020 4416 locuto
2075 4376 2174 4416 nos
2223 4362 2455 4433 benigne
2511 4365 2781 4433 respexit,
2839 4369 2943 4421 hoc
2992 4381 3093 4422 nos
3125 4366 3419 4435 justiﬁcat.

1837 4441 2090 4507 Attamen
2126 4453 2216 4509 ille
2255 4454 2474 4524 quidem
2510 4466 2731 4525 propter
2756 4471 2856 4512 nos
2885 4457 3205 4515 exaltandus
3234 4470 3339 4525 est,
3366 4474 3422 4517 et

1839 4543 2008 4613 ipsius
2033 4559 2227 4600 nomen
2252 4545 2361 4600 Deo
2380 4545 2800 4619 hominibusque
2830 4548 3284 4608 benedicendum.
3310 4553 3422 4626 Ego

188 4637 392 4704 ἀγαπῶν
416 4641 664 4710 ἀγάπην,
686 4639 784 4711 τὴν
805 4638 1134 4709 ἀναγκαίαν,
1156 4638 1255 4710 τὴν
1282 4639 1584 4710 πάνδημον,
1608 4638 1731 4693 οὔτε

1846 4652 1973 4692 vero
1999 4638 2230 4707 diligens
2251 4640 2597 4706 charitalem,
2623 4645 3016 4707 necessariam,
3044 4658 3421 4712 communem,

186 4735 307 4784 κατὰ
338 4734 530 4787 κακίαν
564 4735 696 4803 ὑμῖν
756 4734 894 4796 ὅλως
958 4732 1379 4803 προσενέξομαι,
1441 4733 1564 4792 οὐδὲ
1626 4735 1735 4803 μὴν

184 4822 371 4890 ἀφελῶς
400 4826 583 4897 πάντῃ
623 4824 766 4879 κατὰ
794 4827 978 4880 πίστιν
1008 4827 1346 4896 ἀφύλακτον,
1380 4825 1533 4879 οὐδέν
1570 4842 1623 4878 τι
1647 4824 1735 4879 λό-

184 4931 265 4983 χον
312 4917 690 4990 ὑφορωμένην,
730 4919 865 4973 ἀλλά
903 4920 1043 4990 μετὰ
1080 4921 1353 4983 συνέσεως
1382 4917 1737 4993 ἐμϐριθεστέ-

186 5023 270 5073 ρας
315 5010 380 5074 ὡς
401 5009 513 5066 οἷον
543 5029 627 5078 τε,
659 5012 753 5065 κοιλ⁵
782 5012 872 5065 οἷα
894 5015 1005 5077 τοῖς
1042 5012 1421 5067 πολυπαθέσιν
1453 5013 1585 5083 ἡμῖν
1618 5013 1737 5064 ἐπι-

184 5101 362 5169 πρέπει
391 5106 529 5176 πρὺς
554 5105 681 5169 τοὺς
708 5106 848 5173 ἄγαν
884 5106 1265 5177 ὲστυμμένους
1294 5106 1389 5163 καὶ
1423 5106 1736 5175 αὐστηροὺς

185 5192 266 5244 καὶ
297 5196 677 5267 έντρεπτικοὺς
726 5202 827 5269 τῆς
878 5198 1059 5272 ἡμῶν,
1116 5198 1206 5251 ὅτε
1243 5197 1464 5251 καλέσει
1520 5198 1732 5267 καιρὸς,

180 5283 406 5353 ἀφελείας
424 5308 482 5343 τε
500 5290 600 5344 καὶ
623 5290 1041 5364 ἀπλύτηντοςοιῆν
1071 5294 1185 5354 τοῖς
1206 5289 1430 5361 ἀληθέσι
1455 5290 1734 5361 φίλοιςίού

183 5376 277 5445 γὰρ
294 5379 448 5449 δήπου
466 5382 691 5443 καὶτοῖς
712 5382 985 5450 τυχοῦσιν)
1010 5380 1383 5451 ὲμφανίζομεν
1401 5381 1735 5451 προάγοντες

182 5468 531 5544 εὐηθέστερον,
564 5473 1078 5544 ἀνακεκαλυμμένῳ
1106 5472 1385 5547 προσώπῳ
1430 5473 1612 5536 αὐτοῖς
1634 5474 1735 5545 έμ-

184 5560 464 5632 6λέποντες,
483 5567 544 5620 οὑ
565 5566 917 5636 κθεφελοῦεντες
950 5566 1065 5635 φῶς
1088 5564 1286 5635 ὅψεως,
1314 5566 1375 5618 οὐ
1400 5564 1740 5631 τοξοποιοῦν-

182 5666 261 5716 τες
290 5657 464 5727 ὀφρῦς,
492 5659 554 5712 οὐ
578 5658 1195 5729 σεμνοπροσωποῦντες,
1226 5656 1262 5711 ἃ
1281 5658 1345 5728 δὴ
1369 5659 1477 5719 τοῖς
1511 5656 1736 5727 περιέρ-

179 5758 284 5809 γοις
300 5750 531 5816 πολίταις
562 5752 931 5822 φαντάζομεν.
956 5753 1017 5804 Εἰ
1043 5752 1098 5804 δὲ
1126 5754 1217 5805 καὶ
1240 5751 1351 5804 δέει
1371 5750 1547 5820 φίλοις
1571 5749 1739 5820 λαλῆ-

181 5851 290 5902 σαιι
335 5842 430 5896 οὐκ
491 5844 923 5915 ἀποτορεύοντες
970 5844 1169 5911 λέξεις,
1220 5843 1342 5897 οὐδὲ
1383 5840 1738 5912 σμιλεύοντες

184 5925 366 5998 ἑννοίας
404 5936 521 5990 οὐδὲ
583 5937 1071 6009 βυσσοδομεύοντες
1114 5939 1183 5992 τὰ
1228 5940 1307 6001 εἰς
1348 5936 1566 6009 φράσιν,
1615 5934 1733 5990 ἀλλ’

1842 4743 1944 4783 nec
1972 4745 2069 4798 per
2097 4730 2355 4785 malitiam
2390 4732 2549 4788 vobis
2576 4748 2802 4804 prorsus
2827 4736 3127 4803 iuhmrebo,
3160 4755 3263 4795 nec
3290 4740 3424 4796 sim,

1838 4822 2054 4894 pliciter
2084 4822 2281 4893 ubique
2306 4839 2405 4895 per
2435 4824 2594 4883 (idem
2626 4827 2903 4885 incautam
2929 4830 3219 4903 nullasque
3242 4838 3422 4906 suspi-

1839 4927 2053 4968 c;mtem
2110 4915 2360 4981 insidias,
2402 4918 2497 4971 sed
2553 4933 2677 4973 cum
2713 4921 2966 4987 graviore
3016 4928 3257 4994 quadam
3289 4944 3422 4997 pru-

1839 5007 2044 5069 dentia,
2079 5007 2258 5076 qualis
2290 5007 2456 5066 multa
2484 5024 2647 5079 passo
2682 5013 2813 5067 mihi
2864 5018 3125 5071 convenit
3152 5032 3281 5087 erga
3341 5022 3423 5075 ni~

1840 5098 1941 5151 mis
1969 5099 2196 5152 acerbos
2228 5108 2282 5153 et
2309 5108 2559 5156 austeros
2589 5113 3019 5177 avocatoresque
3051 5120 3262 5166 nostra:
3286 5111 3420 5167 sim-

1841 5188 2096 5257 plicitatis
2120 5190 2611 5261 ingenuitatisque,
2627 5196 2929 5252 secundum
2951 5204 3419 5270 opportunitatem

1842 5284 2040 5337 habita:
2083 5299 2246 5354 quam
2284 5299 2409 5343 cum
2446 5288 2589 5343 veris
2622 5291 2814 5346 amicis
2859 5292 2991 5363 (,uon
3024 5310 3147 5353 cum
3189 5298 3418 5365 quibus-

1841 5378 2080 5446 cunque)
2124 5375 2535 5437 nianit‘estamus
2576 5382 2897 5453 simpliciter
2919 5388 3299 5457 procedentes,
3322 5403 3418 5445 eos

1844 5470 2079 5523 revelata
2105 5469 2241 5525 facie
2263 5483 2605 5540 contuentes,
2634 5491 2741 5530 non
2768 5477 2946 5533 vultus
2977 5480 3158 5537 lumen
3184 5482 3419 5535 obnubi-

1843 5562 2044 5629 lantcs,
2069 5578 2175 5617 non
2211 5567 2564 5635 supercilium
2607 5581 2915 5635 arcttantes,
2946 5584 3006 5626 ut
3033 5573 3087 5626 in
3117 5572 3422 5640 negotiosis

1841 5656 2051 5710 civnbus
2103 5657 2368 5712 videmus.
2432 5658 2488 5713 Si
2540 5675 2666 5715 vero
2694 5678 2910 5733 quoque
2949 5680 3070 5719 cum
3125 5665 3318 5721 amicis
3348 5665 3425 5722 sit

1842 5748 2193 5818 loquendum,
2216 5767 2325 5806 non
2351 5753 2619 5820 polientes
2650 5754 3006 5820 locutionem,
3036 5774 3141 5814 non
3165 5760 3424 5817 calantes

1843 5844 2251 5914 cogitationem,
2275 5862 2381 5901 non
2414 5849 2654 5917 phrasim
2679 5851 3031 5917 exaltantcs,
3049 5854 3142 5907 sed
3168 5854 3425 5910 rusticius

1847 5949 2192 6009 apparentes,
2239 5949 2293 5994 et
2325 5942 2607 6012 scapham,
2666 5953 2725 5999 ut
2754 5944 2975 6015 dicitur,
3027 5946 3284 6016 scapham
3339 5947 3427 6003 ιιι-
