3788 6556
323 349 431 412 439

1032 352 1459 416 EUSTATﬂll
1501 355 2258 426 THESSALONICENSIS
2299 365 2862 427 METROPOLITlE
3476 370 3511 433 4
3528 370 3594 433 i0

321 465 434 522 lum
452 462 519 518 ad
541 463 678 519 nihil
715 463 862 520 utilis
889 481 1034 534 sum,
1066 467 1162 524 sed
1190 468 1355 524 etiam
1385 483 1448 524 cx
1473 470 1615 526 bono
1637 472 1884 540 colloqui:

2066 494 2097 534 lt
2126 477 2398 553 λεπταλέῃ.
2428 483 2603 552 φωνῇ,
2641 481 2677 540 ἀ
2712 480 2947 536 ποιοῦσι.
2983 480 3096 535 Καὶ
3145 481 3350 537 αὐτίκα
3382 486 3410 537 ὁ
3438 484 3595 538 διδά-

320 555 566 627 percipio
607 556 846 614 fructum
877 558 1021 628 quod
1067 559 1196 614 mali
1236 575 1448 618 memor
1478 577 1661 617 vocer.
1699 562 1899 632 Hujus-

321 648 471 704 modi
499 648 664 705 multa
694 666 835 707 nunc
857 666 958 723 ego
1009 651 1222 707 silentio
1247 655 1620 722 praetermitto,
1643 665 1895 726 tanquam

319 742 524 802 iterum
553 743 730 799 locum
759 746 826 798 ad
857 744 954 798 cha
967 745 1178 801 ritatem
1201 746 1616 802 convenientem
1645 765 1892 804 servans.

323 837 638 894 Amicitiam
675 838 817 892 enim
860 852 1044 891 veram
1079 837 1286 906 pigeret
1317 839 1554 908 aliquem
1587 840 1897 897 hominibus

325 928 708 1000 promittendi,
735 928 932 998 quibus
970 928 1140 984 semel
1179 930 1572 984 exsecrandum
1604 933 1776 986 amari
1816 932 1896 986 fa-

321 1036 468 1079 ctum
503 1032 628 1078 est:
661 1023 803 1089 quod
841 1025 883 1074 si
910 1022 1014 1076 hoc
1041 1036 1144 1076 non
1163 1032 1329 1089 esset,
1353 1024 1449 1078 scd
1491 1034 1897 1096 exspectaretur

325 1115 454 1170 illud
489 1115 662 1170 donec
683 1123 1078 1168 sacramentum
1127 1113 1258 1182 ipsis
1317 1125 1630 1182 evanescat,
1669 1133 1775 1172 non
1811 1133 1897 1174 ea-

323 1215 409 1261 set
444 1206 710 1262 limitatio
734 1205 963 1276 sapienti
994 1219 1118 1260 eam
1153 1205 1352 1263 talibus
1382 1223 1442 1264 se
1484 1210 1726 1280 praebere
1765 1226 1896 1267 con-

325 1297 672 1354 culcandam.

391 1477 484 1531 38.
509 1474 575 1533 Ut
607 1484 810 1542 autem,
846 1475 948 1530 hoc
976 1475 1201 1542 omisso,
1223 1477 1557 1547 stringamus
1587 1493 1892 1534 sermonem

322 1568 390 1623 ad
428 1568 478 1623 id
511 1567 653 1637 quod
672 1567 784 1638 jam
824 1569 1052 1624 honeste
1091 1568 1296 1623 dictum
1341 1580 1448 1635 est,
1477 1580 1530 1625 et
1559 1585 1587 1624 a
1620 1572 1894 1640 prioribus

321 1660 694 1726 ahsolvamur,
729 1660 983 1717 desidero
1021 1677 1050 1716 a
1077 1661 1380 1718 scientibus
1413 1663 1633 1718 edoceri
1655 1664 1896 1720 discere-

2003 587 2152 624 σκων
2181 571 2292 640 ἐγὼ
2323 573 2382 626 οὑ
2413 575 2578 643 μόνον
2605 575 2666 628 οὑ
2697 572 2967 628 λυσιτελῶ
3001 575 3080 637 είς
3106 574 3288 640 οὐδὲν,
3323 575 3468 630 ἀλλὰ
3493 579 3596 630 καὶ

1998 662 2378 734 ἀποκερδαίνω
2401 665 2500 733 τῆς
2527 665 2737 737 ἀγαθῆς
2763 666 2982 736 ὁμιλίας
3013 666 3074 720 τὸ
3107 668 3398 722 καλεῖσθαι
3461 685 3602 737 μνη-

2001 755 2243 820 σίκακος.
2291 757 2512 812 Τούτων
2577 759 2641 830 δὴ
2673 759 2783 812 τῶν
2812 758 3026 812 πολλῶν
3050 759 3272 830 σιγηλὸς
3298 761 3428 831 ἄρτι
3455 761 3596 828 ἐγὼ,

1997 842 2086 900 οἷα
2115 847 2210 901 καὶ
2255 848 2500 912 εἰσαῦθις
2534 850 2700 904 τόπον
2731 853 2812 914 είς
2863 852 3088 923 ἀγάπην
3142 854 3432 922 συντηρῶν
3492 854 3600 924 τὴν

1998 937 2365 1008 καθήκουσαν.
2398 941 2588 995 Φιλίαν
2639 942 2749 1012 γὰρ
2777 943 2882 1016 τὴν
2922 944 3097 1008 ὅντως
3135 944 3362 1016 ὀκνήσοι
3394 961 3489 1007 τις
3527 946 3598 998 ἂν

1999 1029 2331 1101 ὑποσχέσθαι
2362 1033 2691 1105 ἀνθρώποις,
2729 1029 2812 1100 οἷς
2854 1037 3150 1106 ἀπώμοτον
3195 1038 3460 1105 καθάπαξ
3498 1039 3601 1105 γέ-

1998 1139 2122 1190 γονε
2154 1125 2463 1194 φιλιοῦσθαι
2485 1144 2498 1158 ο
2521 1127 2618 1194 ὡς,
2655 1130 2707 1182 εί
2730 1146 2792 1197 γε
2824 1129 2901 1202 μὴ
2928 1130 3090 1183 τοῦτο
3119 1125 3211 1202 ἦν,
3232 1131 3350 1184 ἀλλ’
3380 1133 3602 1200 ἐκαρα-

1997 1217 2210 1270 δοκεῖτο
2239 1217 2521 1272 διαπεσεῖν
2547 1221 2643 1272 καὶ
2672 1221 2862 1275 τοῦτον
2911 1223 3100 1283 αὑτοῖς
3142 1223 3234 1276 τὸν
3267 1224 3460 1292 ὅρκον,
3489 1225 3600 1274 οὐκ

1997 1307 2063 1363 ἀν
2087 1309 2242 1374 ὄκνος
2273 1307 2342 1382 ἦν
2369 1312 2447 1382 τῷ
2473 1313 2760 1384 φρονοῦντι
2818 1315 3083 1387 παρέχειν
3134 1317 3339 1389 ἑαυτὴν
3392 1318 3600 1369 πατεῖν

1999 1401 2094 1455 καὶ
2123 1404 2237 1465 τοῖς
2261 1405 2551 1468 τοιούτοις.

2069 1493 2174 1564 λη’,
2205 1497 2318 1550 Ἵνα
2353 1496 2407 1550 δὲ
2442 1498 2634 1552 τούτου
2658 1500 2921 1570 ἀφέμενοι
2963 1498 3352 1569 ἀναθλίψωμεν
3382 1498 3483 1553 τὸν
3508 1497 3600 1550 λό-

1999 1605 2095 1656 γον
2125 1589 2204 1652 είς
2234 1589 2296 1642 τὸ
2339 1591 2552 1660 σεμνῶς
2597 1593 2694 1663 ἤδη
2753 1592 2965 1664 λεχθὲν,
2999 1592 3095 1646 καὶ
3149 1594 3257 1646 τῶν
3289 1591 3599 1663 προτέρων

1999 1681 2273 1748 ἑξώμεθα,
2301 1681 2473 1736 ὶθίλω
2513 1683 2839 1755 σοφισθῆναι
2898 1684 3038 1754 πρὸς
3070 1683 3181 1737 τῶν
3209 1686 3439 1738 εἰδότων
3493 1684 3597 1735 καὶ

320 1769 450 1822 que,
488 1754 781 1824 quomodo,
807 1753 1176 1810 miserationis
1221 1755 1384 1824 regite
1423 1759 1760 1822 recordatus,
1788 1773 1884 1812 non

320 1847 522 1872 ..Αρρξμ
559 1860 832 1872 ..ιιι-...ινιΑ-Α
876 1846 1033 1872 ..ξ-...Λ
1067 1849 1378 1872 m-_-_:-_.
1416 1863 1596 1872 ---μμ
1651 1865 1745 1872 --Α
1778 1851 1863 1872 ---ε

2066 1771 2220 1841 ιθεϊν,
2251 1775 2400 1838 ὅπως
2440 1775 2509 1829 ἂν
2555 1776 2657 1846 τῆς
2692 1753 2982 1846 βασιλικῆς
3028 1776 3412 1848 ὲλεημοσύνης
3449 1778 3598 1829 ἀνα-

317 1847 524 1914 possim
559 1860 834 1904 resumere
875 1846 1036 1902 simul
1067 1849 1378 1903 memoriam
1413 1863 1618 1911 eorum,
1651 1865 1750 1919 pro
1773 1851 1895 1920 qui-

323 1942 423 1992 bus
452 1953 518 1993 ex
554 1937 685 2004 Deo,
716 1948 772 1994 et
801 1953 865 1992 ex
891 1939 1072 1994 divino
1102 1954 1229 2008 rege
1259 1939 1648 1995 misericordia
1677 1943 1896 1998 ambro-

321 2030 403 2084 sia
432 2028 629 2098 pluerit
662 2044 826 2098 super
860 2043 964 2086 me.
991 2030 1272 2096 Quomodo
1295 2045 1422 2085 vero
1463 2047 1571 2086 non
1599 2035 1712 2088 haec
1740 2033 1899 2088 ambo

323 2120 659 2176 revolverem
711 2120 764 2176 in
801 2131 999 2185 mente,
1046 2121 1192 2191 quod
1242 2135 1385 2190 sa‘pe
1435 2121 1656 2192 quidem
1689 2123 1764 2178 illi
1806 2125 1895 2193 qui

322 2227 456 2268 sane
483 2226 694 2268 mecum
722 2222 871 2280 sunt,
899 2212 1182 2268 adversum
1217 2229 1315 2268 nos
1341 2214 1576 2269 inermes
1607 2215 1900 2285 saginare-

324 2312 471 2368 ruut,
508 2311 562 2358 et
605 2313 663 2357 ut
712 2301 853 2357 Deus
907 2316 1006 2358 nos
1036 2313 1326 2371 protegens
1355 2302 1553 2359 illaesos
1589 2306 1811 2374 eripuit,
1840 2313 1896 2360 et

319 2396 534 2466 linguas
584 2394 813 2464 iaculari
869 2394 1139 2459 laetantes,
1195 2404 1492 2451 retrorsum
1547 2408 1894 2465 cunvertens,

317 2485 572 2543 obtudit?
603 2486 714 2558 Ego
749 2499 880 2542 vero
939 2486 1083 2553 dico,
1116 2486 1229 2542 fieri
1280 2503 1383 2543 non
1425 2504 1584 2558 posse
1612 2499 1670 2545 ut
1708 2505 1898 2548 sensa-

320 2591 408 2635 tns
435 2591 489 2636 et
520 2594 730 2637 memor
793 2582 919 2637 boni
971 2581 1170 2653 regalis
1225 2581 1278 2636 in
1331 2596 1417 2635 me
1464 2582 1614 2652 facti,
1651 2599 1756 2640 non
1785 2601 1899 2640 me-

319 2671 573 2728 minerim
627 2672 788 2728 simul
835 2685 901 2727 ex
959 2672 1062 2727 alia
1116 2680 1270 2743 parte
1337 2674 1740 2743 nequitiarum,
1794 2690 1896 2747 pro

319 2762 517 2832 quibus
542 2761 825 2818 descendit
855 2779 1017 2834 super
1052 2778 1138 2820 me
1182 2765 1401 2820 bonum.
1460 2765 1516 2820 Si
1557 2767 1678 2837 quis
1711 2778 1892 2822 autem

319 2857 386 2909 ad
419 2853 522 2910 hoc
547 2869 849 2925 repugnare
880 2855 1012 2919 vult,
1049 2852 1239 2910 vellem
1283 2870 1403 2911 eum
1445 2857 1497 2912 in
1529 2854 1759 2913 Thracia
1804 2873 1892 2914 se-

318 2946 670 3016 ptentrionali
699 2945 974 3010 exsulare,
999 2949 1066 3000 ad
1115 2947 1436 3002 audiendam
1461 2950 1618 3016 echo,
1656 2965 1776 3019 quae
1813 2951 1896 3005 in-

318 3049 408 3093 ter
457 3037 594 3094 alias
637 3036 714 3094 ibi
747 3036 1026 3093 circuierit
1074 3036 1214 3104 loca,
1271 3039 1412 3108 quod
1468 3043 1752 3096 adversum
1796 3058 1895 3098 nos

2005 1863 2290 1933 μνησθεὶς,
2313 1865 2412 1919 οὐκ
2438 1865 2504 1918 ἂν
2529 1866 2708 1936 ἔχοιμι
2735 1868 3139 1936 ἀναλαμϐάνειν
3166 1868 3331 1932 εὐθὺς
3353 1869 3599 1938 μνήμην

2000 1954 2096 2007 καὶ
2127 1953 2237 2006 τῶν
2269 1956 2635 2026 πραγμάτων,
2669 1958 2757 2026 ἐφ’
2783 1952 2863 2022 οἷς
2889 1959 2954 2012 ἐκ
2981 1977 3042 2012 τε
3079 1959 3214 2013 Θεοῦ
3245 1959 3306 2013 ἐκ
3329 1977 3391 2012 τε
3422 1960 3601 2029 βασι-

1953 2089 1956 2094 .
1999 2043 2135 2108 λέως
2165 2046 2347 2100 ἰνθίου
2368 2048 2429 2101 τὸ
2461 2047 2560 2102 τοῦ
2587 2050 2770 2115 ίλέους
2799 2051 3101 2122 ἀμϐρόσιον
3123 2053 3436 2125 ὲπεϐρέχθη
3470 2069 3594 2123 μοι.

1999 2138 2127 2201 Πῶς
2157 2139 2213 2192 δὲ
2247 2139 2346 2192 οὑκ
2373 2140 2438 2194 ἀν
2463 2141 2632 2212 ἄμφω
2661 2143 2837 2198 ταῦτα
2863 2147 2982 2216 εῐην
3004 2145 3288 2199 ἀναπολῶν
3317 2147 3402 2209 είς
3427 2144 3598 2212 νοῦν,

1997 2229 2079 2282 ὅτι
2115 2248 2172 2283 τε
2236 2231 2409 2286 πολλὰ
2446 2233 2546 2296 μὶν
2577 2235 2627 2286 οί
2675 2235 2840 2305 δῆθεν
2862 2239 2985 2308 ιμοὶ
3037 2237 3214 2302 ὄντες,
3254 2238 3382 2292 καθ’
3413 2239 3601 2308 ἡμῶν

1997 2321 2214 2375 ἀόπλων
2242 2322 2412 2376 ὄντων
2440 2324 2785 2392 ἑτοξάσςιντο,
2841 2329 2936 2383 καὶ
2961 2329 3036 2392 ὡς
3061 2331 3091 2382 ὀ
3129 2328 3262 2392 Θεὸς
3293 2331 3604 2394 σκεπάσας

1997 2414 2148 2484 ἡμᾶς
2170 2413 2447 2481 ἀτρώτους
2476 2416 2818 2487 ὑπεξήγαγε,
2846 2421 2942 2474 καὶ
2963 2423 3060 2484 τὰς
3102 2422 3378 2492 ίοχεαίρας
3405 2421 3604 2491 γλώσ-

1999 2524 2096 2570 σας
2122 2507 2468 2579 ἀπήμϐλυνε,
2493 2510 2730 2580 στρέψας
2759 2512 3028 2582 ἔμπαλινς
3063 2514 3267 2582 Ἐγωγ’
3291 2511 3389 2568 οῦν
3410 2533 3601 2586 φημι,

1996 2601 2072 2665 ὡς
2097 2601 2197 2654 οὑκ
2227 2601 2668 2674 ἐστιφρονοῦντά
2715 2622 2783 2675 με
2818 2606 2916 2660 καὶ
2959 2608 3312 2677 μεμνημένον
3364 2608 3469 2661 τοῦ
3506 2607 3602 2661 ιη’

1997 2691 2122 2763 ἐμοὶ
2173 2691 2462 2762 βασιλικοῦ
2511 2695 2721 2762 ἀγαθοῦ
2757 2696 2834 2768 μὴ
2891 2699 3412 2770 συνεπιμεμνῆσθαι
3472 2701 3603 2772 ἅμα

1997 2784 2229 2838 καὶτῶν
2252 2786 2526 2856 ἑτέρωθεν
2557 2789 2788 2854 κακιῶν,
2832 2791 2921 2861 ἐφ’
2946 2787 3036 2854 αἷς
3078 2794 3430 2865 μετάδρομον
3464 2795 3604 2865 ἐμοὶ

1995 2874 2056 2927 τδ
2090 2874 2275 2930 καλόν.
2303 2877 2440 2931 Είδὲ
2470 2895 2555 2941 τις
2583 2879 2841 2951 καὶπρὸς
2871 2880 3031 2935 τοῦτο
3073 2882 3414 2954 ζυγομαχεῖν
3456 2883 3567 2954 βού
3586 2915 3604 2928 ο

1994 2966 2165 3034 λεται,
2199 2969 2390 3040 ἤθελον
2419 2970 2584 3023 αὑτὸν
2612 2971 2716 3042 τῆς
2764 2972 3116 3044 βορειοτέρας
3167 2975 3394 3048 Θρᾴκης
3424 2979 3602 3042 γενὸο

1999 3075 2178 3128 μενον,
2204 3060 2303 3131 τὴν
2335 3058 2454 3131 ὴχὼ
2483 3061 2698 3132 μαθεῖν,
2753 3064 2855 3134 ὅση
2885 3082 2972 3129 τις
3014 3067 3126 3120 τῶν
3161 3067 3281 3120 ἐκεῖ
3309 3069 3600 3138 περιῆλθε

323 3137 409 3186 est
431 3129 686 3194 reboans,
718 3143 785 3184 ex
815 3143 922 3198 qua
959 3128 1121 3184 veluti
1157 3130 1358 3186 tonitru
1386 3130 1588 3188 fuimus
1620 3135 1837 3189 attoniti
1871 3151 1884 3189 :

2066 3128 2276 3218 μϐοῦσα
2454 3128 2579 3205 καθ’
2608 3153 2789 3224 ἡμῶν,
2843 3128 2902 3220 έξ
2931 3149 3000 3226 ἦς
3047 3128 3598 3229 ἑμϐεϐροντήυμεθα·

317 3232 375 3276 et
427 3231 784 3290 cognosceret
820 3219 932 3288 ille,
973 3220 1212 3290 qualium
1271 3236 1370 3277 nos
1426 3223 1570 3279 nude
1600 3240 1891 3292 memores,

317 3312 478 3380 quale
531 3327 728 3367 nomen
787 3326 890 3365 non
950 3310 1089 3367 bene
1149 3313 1571 3368 obtinuerimus.
1629 3314 1894 3370 Memores

319 3401 466 3456 enim
529 3403 670 3472 quod
728 3401 908 3456 vexati
985 3415 1207 3467 sumus,
1269 3403 1371 3457 hoc
1437 3403 1556 3473 ipso
1624 3419 1894 3460 memores

319 3489 540 3560 injuriae
565 3489 818 3548 dicimur.
842 3490 957 3546 lmo
979 3492 1059 3547 sic
1091 3494 1306 3562 quidem
1327 3509 1428 3564 ego
1458 3496 1753 3554 discutiens
1775 3514 1894 3553 um-

314 3584 469 3647 bras,
502 3593 558 3638 et
602 3582 865 3639 falsorum
900 3585 1115 3639 virtutis
1145 3586 1484 3654 signatorum
1518 3589 1890 3656 phantasmata

316 3677 610 3747 dissipans,
641 3684 695 3732 et
724 3689 819 3732 eos
849 3677 940 3745 qui
973 3677 1201 3733 fratrum
1248 3689 1522 3734 amatores
1553 3681 1802 3736 videntur
1834 3693 1891 3736 ut

316 3767 576 3825 simulent
612 3769 836 3832 bonum,
886 3768 1242 3825 manifestans
1282 3779 1336 3826 et
1375 3772 1740 3828 exsecrandos
1777 3791 1894 3828 mu-

317 3861 396 3916 tui
439 3869 629 3932 partus
669 3859 738 3915 ad
778 3862 1028 3918 abortum
1078 3862 1349 3917 adducere
1397 3876 1624 3933 couans,
1666 3866 1887 3920 menda-

314 3953 574 4022 ciumque
627 3951 960 4006 daemonibus
1016 3963 1218 4008 sortem
1269 3952 1555 4024 relegans,
1630 3963 1885 4026 tauquam

315 4052 555 4099 mentem
591 4042 798 4100 habens
833 4045 896 4096 ad
932 4044 1100 4099 Deum
1128 4044 1397 4110 veritatis,
1428 4054 1483 4102 et
1515 4057 1712 4102 caetera
1731 4047 1885 4116 juxta

315 4132 550 4190 similem
571 4133 818 4190 ordinem
852 4133 1263 4203 administrans,
1289 4147 1347 4192 et
1381 4153 1657 4208 nunquam
1695 4139 1888 4195 oblivi-

315 4238 502 4291 scens,
527 4223 620 4280 sed
647 4223 941 4281 recordans
963 4225 1135 4281 malos
1162 4226 1419 4283 reddendi
1453 4228 1720 4296 meliores,
1745 4245 1886 4300 prae-

315 4314 551 4386 cipitor,
603 4328 711 4388 quo
764 4314 1133 4375 demittendus
1187 4326 1272 4376 est
1337 4320 1697 4379 exsecrabilis
1755 4325 1886 4384 mali

300 4422 547 4465 «memor.

386 4585 477 4642 '59.
521 4584 704 4642 Habeo
748 4597 925 4643 tamen
978 4605 1231 4662 magnum
1267 4591 1466 4656 Ellam.
1504 4594 1779 4651 caelestem
1831 4609 1890 4656 et

315 4678 474 4753 juxta
508 4677 734 4734 Paulum
779 4690 948 4736 totum
997 4683 1200 4754 ignem,
1232 4698 1298 4739 eo
1327 4687 1472 4755 quod
1501 4687 1890 4755 indignationis

315 4772 442 4840 igne
477 4769 772 4825 secundum
823 4771 1075 4840 spiritqu
1130 4775 1420 4843 mstuabat,
1481 4778 1772 4850 ignemque
1819 4784 1886 4840 de

313 4859 456 4917 cmlo
487 4861 756 4930 evocavit,
794 4871 958 4934 atque
995 4864 1186 4935 igneus
1210 4883 1424 4922 sursum
1459 4868 1753 4941 ferebatur,
1789 4891 1886 4946 pro

311 4968 400 5008 me
431 4953 764 5024 loquentem,
794 4964 848 5010 et
894 4955 1113 5011 aliunde
1139 4973 1258 5027 quae
1298 4974 1417 5015 mea
1471 4971 1596 5018 sunt
1627 4969 1880 5038 praeﬁgu-

312 5052 544 5108 rautem,
583 5043 635 5097 in
683 5059 750 5098 eo
778 5043 923 5115 quod
975 5044 1236 5099 malorum
1277 5062 1503 5117 operum
1537 5055 1874 5125 recordatus,

311 5148 420 5186 non
451 5132 622 5188 solum
653 5132 756 5190 hoc
783 5134 994 5191 consilii
1037 5150 1259 5206 prorsus
1291 5140 1457 5196 verbo
1513 5159 1577 5200 ac
1628 5145 1743 5217 lege
1783 5151 1878 5204 ad-

309 5239 527 5291 moneo,
562 5225 657 5282 sed
697 5235 753 5282 et
795 5237 977 5296 aperte.
1010 5231 1372 5299 reprehendo,
1421 5238 1722 5306 Suspiciens
1752 5242 1877 5311 qui-

309 5316 433 5372 dem
480 5333 565 5373 me
607 5319 734 5374 odio
781 5319 1110 5390 habendum,
1155 5323 1310 5394 juxta
1366 5329 1569 5384 dictum
1621 5335 1884 5403 sapientis

312 5410 672 5480 parmtniastae
697 5451 713 5478 ,
737 5413 860 5482 quia
893 5427 997 5468 non
1039 5417 1314 5487 sapientes
1351 5435 1542 5492 arguo,
1576 5440 1674 5480 nec
1707 5437 1884 5484 tamen

311 5501 393 5556 sic
468 5502 614 5573 loqui
711 5504 1151 5572 prmtermiltens.
1201 5509 1514 5570 Trucidavit
1581 5517 1724 5572 enim
1799 5520 1887 5575 ille

310 5595 620 5650 sacerdotes
654 5595 745 5664 qui
795 5610 852 5650 se
888 5609 1147 5654 voverant
1175 5604 1500 5674 opprobrio;
1557 5624 1655 5665 nec
1710 5621 1884 5669 tamen

381 5773 420 5808 "
466 5773 630 5831 Hebr.
662 5789 712 5838 κ,
746 5773 836 5834 25.

2001 3241 2095 3294 καὶ
2119 3242 2261 3308 ἔγνω
2291 3242 2358 3298 ἂν
2385 3245 2414 3297 ὀ
2459 3242 2725 3312 τοιοῦτος,
2758 3246 2889 3300 οἴων
2915 3250 3078 3317 ἡμεῖς
3109 3251 3463 3320 μεμνημένοι
3495 3253 3601 3322 ψι-

1994 3331 2125 3400 λῶς,
2152 3335 2336 3387 ὁποῖον
2361 3332 2713 3407 λαγχάνομεν
2746 3336 2922 3408 ὄνομα
2952 3341 3013 3392 οὑ
3039 3340 3241 3404 καλῶς.
3273 3343 3600 3416 Μεμνημέ-

1994 3441 2076 3478 νοι
2115 3424 2224 3495 γὰρ
2249 3425 2597 3497 κακωθῆναι,
2634 3433 3120 3502 παραγραφόμεθα
3143 3433 3231 3489 διὰ
3259 3436 3431 3506 μόνον
3453 3439 3601 3492 αὑτὸ

1993 3519 2073 3581 είς
2125 3517 2484 3587 μνησίκακον.
2530 3520 2670 3574 Ἀλλ’
2712 3522 2855 3579 οὑτω
2905 3525 3004 3596 μὶν
3062 3528 3174 3596 ἐγὼ
3230 3529 3598 3600 δισφωτίζων

1991 3623 2090 3672 τας
2129 3609 2308 3675 σκιάς,
2347 3613 2442 3664 καὶ
2471 3611 2573 3675 τὰς
2608 3617 2918 3682 φαντασίας
2971 3620 3080 3671 τῶν
3105 3618 3598 3691 ψευδεπιγράφων

1989 3699 2060 3753 τὰ
2093 3700 2174 3764 είς
2206 3701 2412 3772 ἀρετὴν
2442 3703 2790 3772 διευκρινῶν,
2820 3709 2914 3762 καὶ
2941 3709 3070 3773 τοὺς
3113 3709 3411 3775 δοκοῦντας
3458 3717 3597 3782 φιλ-

1991 3791 2258 3862 αδέλφους
2280 3794 2700 3863 ἀνακαλύπτων,
2745 3799 2822 3862 ὼς
2872 3800 3261 3870 ὑποκρίνονται
3293 3804 3356 3857 τδ
3383 3807 3593 3874 καλὸν,

1992 3882 2088 3934 καὶ
2114 3885 2241 3947 τοὺς
2265 3886 2578 3957 ἐπαράτους
2606 3889 2800 3953 τόκους
2830 3889 3217 3962 ὲξαμϐλίσκειν
3247 3895 3404 3965 ὲπιχε
3416 3899 3591 3968 ιρῶν,

1990 3973 2088 4026 καὶ
2114 3973 2216 4045 τὴν
2242 3975 2496 4047 διαϐολὴν
2524 3978 2906 4045 καταϐάλλων,
2937 3982 3032 4034 καὶ
3061 3981 3124 4034 τὸ
3157 3982 3355 4052 ψεῦδος
3378 3985 3595 4057 δαίμο-

1990 4083 2076 4121 σιν
2106 4065 2460 4137 ἀποκληροῦν,
2492 4063 2580 4122 οἷα
2606 4069 2696 4123 τὸν
2731 4070 2852 4124 νοῦν
2875 4071 3015 4142 ἔχων
3040 4075 3180 4144 πρὸς
3207 4076 3285 4145 τῷ
3311 4077 3415 4146 τῆς
3440 4079 3596 4148 ἁλη-

1991 4155 2146 4219 θείας
2177 4156 2318 4228 Θεῷ,
2365 4159 2462 4212 καὶ
2488 4157 2662 4214 τᾶλλα
2685 4160 2739 4212 δὲ
2791 4162 2933 4215 κατὰ
2967 4163 3285 4234 συστοιχίαν
3307 4166 3594 4237 τοιαύτην

1989 4247 2519 4320 διοικονομούμενος,
2548 4253 2642 4305 καὶ
2668 4252 2941 4323 μηδέποτε
2962 4252 3385 4326 λανθανόμενος,
3435 4258 3595 4314 ἀλλὰ

1994 4342 2351 4412 μεμνημένος
2395 4341 2488 4398 τοῦ
2523 4342 2774 4415 βελτιοῦν
2822 4345 2952 4411 τοὺς
3007 4345 3234 4412 κακοὺς,
3265 4350 3594 4420 κρημνιζο-

1997 4448 2117 4502 μαι,
2153 4433 2280 4490 ὅποι
2328 4435 2436 4506 χρὴ
2471 4435 2826 4507 βοθρεύεσθαι
2883 4436 2976 4493 τὶν
3023 4437 3298 4509 ἐπάρατον
3372 4443 3590 4513 μνησί-

1919 4505 1964 4568 D
1993 4543 2181 4583 κακον.

2063 4617 2162 4673 λθ⁹.
2196 4619 2344 4688 "Exte
2372 4621 2428 4674 δὲ
2461 4621 2612 4691 ὅμως
2650 4621 2741 4678 τὸν
2775 4623 2952 4692 μέγαν
2985 4623 3174 4678 Ἠλίαν
3206 4623 3296 4677 τδν
3333 4623 3587 4695 οὑρανου

1993 4707 2224 4779 εὰμονα,
2259 4712 2356 4763 καὶ
2377 4713 2512 4783 πρὸς
2547 4713 2762 4767 Παύλου
2789 4713 2881 4767 τδν
2910 4714 3029 4768 ὅλον
3060 4713 3193 4785 πῦρ,
3229 4711 3310 4776 οἷς
3342 4731 3405 4768 τε
3433 4719 3591 4788 πυρὶ

1993 4797 2167 4868 θυμοῦ
2195 4801 2336 4856 κατὰ
2360 4802 2578 4874 πνεῦμα
2600 4803 2744 4870 ἔζεε,
2785 4809 2881 4859 καὶ
2913 4803 3025 4877 πῦρ
3061 4805 3120 4860 δὲ
3147 4807 3389 4877 κατῆγεν
3432 4808 3592 4862 ἀνω-

1992 4888 2108 4956 θεν,
2133 4891 2226 4943 καὶ
2259 4892 2533 4964 ὲμπύριος
2581 4897 2900 4966 ἀνεφέρετο,
2939 4898 3079 4969 ὑπὲρ
3111 4897 3246 4969 ἐμοῦ
3275 4898 3587 4966 λαλοῦντα,

1995 4981 2090 5034 καὶ
2120 4981 2294 5047 ἄλλως
2318 4984 2386 5038 τὰ
2414 4985 2534 5038 κατ’
2569 4987 2669 5057 ἐμὲ
2691 4987 3076 5054 διατυποῦντα,
3115 4989 3197 5058 ἐφ’
3245 4985 3328 5054 οἷς
3355 5008 3590 5064 μεμνη-

1992 5072 2154 5142 μένος
2186 5074 2482 5142 πρακτέων
2508 5076 2750 5144 φαύλων,
2780 5078 2840 5132 οὑ
2871 5080 3033 5148 μόνον
3053 5079 3304 5148 παραινῶ
3328 5082 3589 5150 συμϐου-

1988 5163 2087 5233 λῆς
2117 5164 2277 5220 τοῦτό
2303 5183 2368 5235 γε
2399 5168 2617 5233 πάντως
2647 5169 2792 5240 λόγῳ
2837 5170 2934 5224 καὶ
2963 5171 3136 5242 νόμῳ,
3167 5171 3303 5225 ἀλλά
3331 5169 3440 5227 πού
3485 5178 3588 5230 καὶ

1987 5252 2284 5324 ἐξελέγχω,
2339 5255 2587 5311 ὑπονοῶν
2620 5258 2743 5328 μὲν,
2793 5258 2871 5324 ὡς
2899 5261 3281 5334 μισηθήσομαι
3306 5266 3462 5320 κατὰ
3487 5268 3586 5321 τὸν

1987 5344 2153 5412 σοφὸν
2182 5347 2360 5402 είπεῖν
2395 5350 2826 5421 παροιμιαστὴν,
2866 5353 2952 5421 ἐφ’
2998 5351 3078 5417 οἷς
3110 5357 3166 5408 ot’.
3221 5359 3420 5426 σοφοὺς
3457 5359 3589 5424 ἐξε-

1986 5433 2184 5501 λέγξω,
2216 5437 2316 5490 οὑκ
2344 5439 2515 5503 ἀνιεὶς
2549 5439 2606 5493 δὲ
2637 5441 2784 5512 ὅμως
2828 5441 2971 5496 οὑτω
3025 5448 3221 5500 ποιεῑν.
3285 5449 3584 5518 Ἔσφαττε

1987 5525 2088 5595 μὲν
2111 5521 2228 5596 γὰρ
2260 5529 2465 5592 ἐκεῖνος
2501 5532 2690 5604 ἱερεῖς,
2741 5533 2838 5598 οὓς
2873 5534 3173 5607 ἐκληροῦτο
3219 5539 3252 5609 η
3285 5540 3534 5612 αἰσχύνη
3562 5561 3580 5575 ο

1985 5615 2085 5670 οὐκ
2141 5618 2416 5692 ἐνεγράφη
2471 5620 2527 5674 δὲ
2593 5621 2762 5694 βίϐλῳ
2833 5628 3358 5697 μνησικακοῦντων,
3431 5632 3584 5690 ἀλλὰ
