3788 6554
397 379 510 449 443

1107 384 1531 446 ausuram
1568 358 2321 441 THESSALONICENSIS
2342 367 2902 443 marmoreum

3544 362 3643 423 iii

402 504 489 550 tus
510 507 976 563 surperracaneus
995 510 1061 550 οι
1080 496 1316 564 quodam
1342 492 1394 549 in
1430 509 1514 548 me
1543 493 1684 546 mala
1713 490 1965 544 molienti

2094 492 2159 544 tu
2194 487 2431 557 ἀφελῶς,
2491 484 2524 554 ἢ
2579 483 2802 554 βλέμμα
2844 476 3271 550 περιεργασθὲν,
3308 475 3446 546 πρός
3501 493 3641 539 τινος

398 586 617 655 n'egotia
669 586 804 641 tnihi
831 602 1046 643 rursum
1093 586 1352 642 facessat.
1397 588 1469 640 De
1517 586 1600 638 bis
1649 594 1969 637 autemnon

2069 584 2180 639 τῶν
2212 583 2297 637 ἐπ’
2322 580 2447 650 ipsi.
2473 575 2813 651 ῥᾳδιουργῶν
2854 571 3155 644 πράγματὰ
3176 586 3272 641 μοι
3295 569 3459 623 πάλιν
3497 584 3636 634 περ·

402 693 503 747 ego
529 693 648 733 sum
671 680 1031 745 accusandus,
1062 678 1153 732 sed
1183 693 1296 737 vos,
1325 693 1423 747 per
1446 692 1583 746 quos
1612 692 1711 745 ego
1743 690 1867 730 sunt
1897 676 1969 727 ita

2098 678 2200 743 ξει.
2229 675 2353 729 Ἐπὶ
2377 675 2433 728 δὲ
2448 673 2661 733 τούτοις
2678 671 2779 722 οὐκ
2801 668 2962 729 αὐτὸς
2989 665 3287 728 αίτιατέος,
3310 659 3427 715 ἀλλ’
3455 661 3637 727 ὑμεῖς,

397 773 848 837 circumspectus,
896 782 951 824 et
1005 771 1248 827 timidus.
1283 778 1331 824 et
1385 769 1661 837 suspicax,
1705 767 1788 821 vel
1844 768 1966 821 ntali

2098 772 2132 825 ι’
2161 768 2259 835 οὓς
2279 766 2390 836 ἐγὼ
2420 764 2654 835 εὐλαϐὴς
2680 762 2823 816 οὕτω
2846 760 2941 815 καὶ
2978 758 3156 821 δειλὸς
3186 756 3280 809 καὶ
3306 753 3578 814 ὖποπτος,
3609 749 3639 818 ἢ

400 863 767 932 suspiciosus,
801 872 1055 934 tanquam
1086 865 1154 917 ab
1199 862 1521 916 ardentibus
1548 862 1678 915 satis
1715 862 1975 930 irruptio-

402 957 561 1010 uibus
590 972 619 1008 ιι
649 958 940 1010 multorum
970 955 1275 1026 fulguribus
1299 953 1485 1007 oculos
1510 952 1821 1008 deﬂectens.

470 1048 562 1100 ιε.
641 1048 808 1102 Porro
855 1047 978 1101 dico
1017 1060 1136 1101 esse
1189 1045 1317 1099 ntali
1366 1047 1685 1098 memoriam
1724 1044 1973 1113 impassi-

402 1141 587 1205 bilem,
613 1140 885 1210 vel,quod
932 1140 1075 1192 idem
1108 1149 1189 1191 est
1226 1137 1537 1202 dicendum,
1580 1142 1834 1192 mmroris
1877 1151 1974 1192 ex-

401 1246 609 1304 pertem
641 1252 654 1289 :
691 1237 735 1288 si
771 1248 897 1287 vero
926 1232 1027 1286 hoc
1053 1242 1159 1296 est,
1195 1233 1283 1286 illa
1307 1247 1520 1302 quoque
1547 1232 1672 1285 mali
1700 1232 1972 1286 memoria:

405 1329 601 1382 rationi
634 1337 892 1380 extranea
920 1334 1026 1388 est,
1058 1325 1103 1378 si
1135 1324 1355 1394 quidem
1381 1324 1505 1381 mali
1527 1339 1735 1379 memor
1756 1340 1860 1378 non
1894 1333 1974 1380 est

402 1431 555 1474 extra
606 1419 835 1483 luctum,
864 1433 986 1473 cmn
1037 1418 1339 1487 iniquitatis
1373 1434 1435 1472 ex
1473 1418 1655 1488 aliquo
1705 1418 1973 1473 meminit.

402 1517 575 1567 Porro
626 1510 671 1565 si
706 1511 829 1580 quis
876 1508 1229 1578 impassibilis
1264 1511 1511 1565 meminit
1556 1509 1793 1578 injuriae,
1841 1523 1982 1580 quo-

402 1605 563 1657 modo
590 1602 714 1657 talis
740 1610 891 1656 esset
915 1601 1039 1654 mali
1065 1601 1311 1655 memor?
1344 1601 1536 1656 Multas
1567 1616 1664 1671 ego
1700 1603 1815 1656 scio
1851 1600 1977 1655 mali

404 1696 718 1759 memorias,
749 1710 888 1764 quas
937 1695 1101 1748 etiam
1155 1696 1444 1749 comitatur
1489 1694 1679 1749 risus:
1734 1705 1789 1748 et
1839 1695 1976 1749 tales

2068 860 2451 929 καχυπᾶπτης,
2478 855 2904 919 δυσωπούμενος
2935 849 3070 903 ὡσεὶ
3098 849 3194 900 καὶ
3215 844 3368 914 ἡλίου
3395 857 3633 908 καυστη.

2070 954 2171 1024 ρας
2203 950 2440 1020 ἐμϐολὰς
2462 950 2561 1011 τὰς
2599 948 2662 1001 ὲκ
2689 946 2798 998 τῶν
2825 941 3035 997 πολλῶν
3062 938 3377 1027 ἁατραπόις.

2143 1042 2250 1113 μβ¹.
2288 1041 2410 1094 Ἔτι
2462 1037 2629 1108 φημὶ,
2681 1036 2756 1100 ὡς
2790 1034 2909 1087 ἐστι
2938 1034 3131 1103 μνήμη
3186 1023 3363 1083 κακοῦ
3393 1023 3641 1094 ἀπαθὴς,

2069 1136 2268 1191 ταύτὺν
2296 1135 2340 1189 δ’
2368 1136 2562 1196 είπεῖν,
2597 1131 2831 1193 ἄλυπος
2866 1130 2915 1181 εἰ
2938 1129 2996 1182 δὲ
3027 1126 3208 1188 τοῦτο,
3247 1123 3342 1176 καὶ
3372 1120 3641 1179 ἀνοίκειος

2076 1230 2156 1300 τῷ
2213 1229 2314 1297 τῆς
2370 1222 2739 1297 μνησικακίας
2800 1221 2966 1289 λόγῳ.
3021 1219 3213 1285 εἰπερὸ
3289 1213 3646 1286 μνησικακῶν

2071 1325 2172 1377 οὐκ
2191 1324 2337 1376 ἐστιν
2363 1321 2467 1385 ἔξω
2492 1320 2691 1388 λύπης,
2724 1317 2813 1370 ὅτε
2835 1314 3037 1376 κακίας
3069 1329 3153 1376 τις
3177 1310 3240 1364 ἔκ
3261 1326 3405 1371 τινος
3431 1307 3645 1378 μέμνη-

2071 1432 2186 1469 ται.
2219 1413 2282 1467 Εί
2314 1413 2377 1483 δή
2406 1428 2490 1476 τις
2514 1411 2616 1464 ούκ
2650 1406 2915 1479 ἐμπαθῶς
2948 1402 3285 1476 μνημονεύει
3319 1400 3644 1463 κακώσεως,

2082 1508 2201 1572 πῶς
2221 1508 2289 1563 ἂν
2343 1506 2431 1577 εἴη
2476 1503 2765 1566 ότοιοῦτος
2816 1500 3189 1574 μνησίκακοςς
3220 1493 3405 1555 -Οἷδαι
3448 1493 3651 1559 πολλὰς

2075 1602 2188 1672 ἐγὼ
2210 1602 2435 1673 μνήμας
2459 1598 2651 1662 κακοῦ,
2670 1594 2760 1661 αἷς
2784 1598 2880 1652 καὶ
2904 1593 3078 1664 γέλως
3107 1594 3373 1661 ὲφέπεται
3393 1603 3408 1621 ⁸
3428 1588 3533 1644 καὶ
3550 1588 3649 1641 οὐκ

2079 1697 2147 1751 ἂν
2204 1697 2326 1750 οὐδὲ
2389 1697 2445 1749 oti
2501 1693 2749 1749 τοιαῦται
2800 1691 3085 1760 ἀνάγοιντο
3136 1689 3220 1751 είς
3290 1684 3651 1756 μνησίκακον,

403 1801 624 1857 quoque
658 1801 764 1841 nou
796 1794 1175 1855 reputareutur
1202 1787 1254 1839 in
1280 1785 1404 1840 mali
1437 1787 1777 1852 memoriam,
1809 1788 1976 1842 veluti

2094 1785 2167 1843 ιῖα
2190 1789 2282 1842 τὸν
2307 1788 2584 1858 πάσχοντα
2617 1786 2970 1857 ίλαρυνουσαι
3000 1786 3096 1836 καὶ
3142 1781 3487 1850 διαχέουσαι,
3518 1776 3649 1883 κάν-

404 1881 495 1946 qui
532 1892 722 1947 passus
762 1887 846 1931 est
887 1877 1111 1931 hilarent
1140 1876 1404 1932 facientes
1427 1886 1481 1932 et
1508 1877 1769 1944 alacrem,
1798 1878 1978 1949 ibique

2094 1880 2255 1936 ταύθα
2292 1880 2453 1952 μόνον
2483 1881 2792 1950 ὲστηκυῑαι,
2815 1879 2912 1932 καὶ
2957 1878 3061 1931 οὐκ
3097 1871 3545 1930 ἀποτελευτῶσαι
3574 1869 3651 1931 είς

408 1977 620 2022 tantum
656 1975 864 2022 stantes
886 1982 1083 2037 neque,
1116 1967 1170 2021 in
1196 1969 1452 2022 ultionem
1473 1968 1801 2025 desinentes.

479 2062 573 2115 45.
600 2061 854 2115 Adducor
885 2062 1051 2115 etiam
1080 2061 1134 2114 in
1164 2063 1465 2132 propositis
1495 2061 1674 2117 fabula
1714 2065 1810 2118 uti.
1841 2063 1980 2121 Can-

411 2169 507 2208 cer
533 2153 749 2221 oblique
781 2167 996 2223 semper
1029 2168 1242 2220 versus,
1271 2155 1430 2208 modo
1456 2154 1822 2220 dextrorsum,
1859 2173 1974 2212 mo-

414 2247 485 2298 do
519 2247 917 2315 sinistrorsum,
954 2246 1260 2315 progeniem
1299 2262 1364 2301 ex
1388 2260 1450 2300 se
1479 2254 1657 2301 natam
1687 2247 1877 2303 videns
1905 2250 1984 2303 sic

413 2338 689 2408 obliquam
714 2348 898 2393 tenere
919 2339 1078 2400 viam,
1105 2339 1422 2394 terribiliter
1449 2340 1640 2410 agebat
1668 2341 1955 2411 indignans

414 2429 638 2497 suisque
670 2429 817 2483 uatis
846 2429 1205 2498 exprobrans,
1244 2429 1388 2499 quod
1415 2431 1496 2485 sic
1526 2429 1748 2500 oblique
1781 2432 1963 2486 ferren

419 2531 507 2573 tur
546 2534 612 2575 ac
647 2534 919 2591 nunquam
950 2521 1148 2575 scirent
1171 2521 1390 2576 obvium
1427 2523 1549 2578 iter.
1592 2524 1725 2589 Quae
1764 2524 1983 2594 quidem

417 2609 599 2665 fabula
663 2612 828 2676 ridet,
885 2613 932 2666 si
971 2614 1092 2682 quis
1129 2613 1266 2668 alios
1293 2614 1540 2670 hortatur
1570 2618 1638 2670 ad
1668 2617 1989 2688 corrigenda

415 2718 504 2770 ea,
538 2705 592 2758 in
623 2705 825 2774 quibus
863 2704 976 2776 ipse
1013 2720 1230 2774 semper
1293 2717 1546 2775 peccator
1600 2717 1703 2765 est.
1757 2709 1824 2765 Et
1887 2711 1990 2765 iste

420 2795 564 2850 risus
592 2798 661 2849 ad
703 2804 886 2851 nostra
913 2798 1171 2867 pertinet.
1195 2797 1564 2866 Quarumdam
1593 2803 1738 2855 enim
1763 2802 1990 2873 injuria-

420 2902 544 2942 rum
595 2889 911 2943 memoriam
965 2900 1256 2945 causantes
1292 2892 1345 2945 hi
1397 2892 1488 2962 qui
1518 2906 1619 2947 nos
1654 2896 1986 2963 vituperant,

418 2990 474 3036 et
511 2982 613 3035 ltoc
660 2994 878 3050 semper
905 2981 1267 3046 disserentes,
1296 2994 1353 3038 et
1383 2985 1436 3038 in
1481 2986 1651 3053 ipsam
1701 2987 1825 3040 mali
1872 3002 1989 3042 me-

418 3072 652 3126 moriam
679 3071 971 3128 manifeste
1000 3076 1261 3145 prompsi,
1312 3089 1500 3146 postea
1538 3079 1694 3133 nobis
1736 3081 1839 3135 hoc
1887 3096 1985 3134 au-

419 3169 547 3222 dent
569 3170 827 3224 scribere.
859 3169 998 3235 Quid
1041 3172 1274 3228 blateras
1302 3214 1316 3238 ,
1347 3175 1506 3229 homo
1537 3176 1559 3229 ἲ
1615 3174 1902 3245 Vulneras,
1932 3193 1978 3233 et

2094 3198 2168 3233 νοι
2233 3182 2292 3243 ὲς
2357 3180 2488 3233 αὐτὸ
2534 3179 2594 3232 τὸ
2622 3180 2985 3249 εμνησίκακον
3047 3178 3381 3248 προφανῶς.

415 3275 579 3314 cruor
609 3276 640 3315 e
668 3262 889 3316 vulnere
934 3263 1173 3331 proﬂuit,
1204 3266 1571 3335 profundaque
1605 3269 1757 3339 plaga
1808 3272 1993 3331 subi-st

416 3353 726 3418 vulnerato;
762 3363 815 3406 et
860 3354 950 3408 ille
982 3358 1361 3411 tantummodo
1389 3359 1608 3425 clamat,
1645 3371 1699 3415 et
1732 3378 1837 3417 non
1889 3363 1991 3417 mi-

416 3446 554 3498 rnris
587 3444 734 3497 illum
776 3460 879 3513 qua
912 3457 1092 3513 posset
1142 3449 1206 3501 ad
1261 3449 1549 3506 vindictam
1603 3469 1707 3507 non
1784 3453 1996 3508 inﬂam-

416 3536 575 3599 mari;
605 3536 701 3591 sed
751 3540 1123 3606 eonquereris,
1160 3549 1212 3594 et
1262 3542 1388 3597 mali
1458 3558 1752 3598 memorem
1807 3560 1992 3611 vocas,

415 3630 567 3696 quasi
621 3628 751 3684 velis
801 3644 1033 3699 arguere
1088 3643 1356 3700 naturam,
1390 3634 1609 3704 sijuxta
1640 3651 1794 3689 suam
1822 3638 1993 3707 legem

423 3730 604 3774 movet
631 3720 903 3775 dolentem
937 3725 1001 3777 ad
1034 3724 1419 3793 plangendum;
1446 3727 1490 3780 si
1526 3741 1658 3781 vero
1686 3727 1810 3785 talis
1866 3731 1989 3784 vul-

415 3823 548 3864 nere
609 3825 900 3879 percussus
948 3814 1142 3869 exinde
1179 3824 1230 3869 te
1264 3814 1498 3871 declinet
1523 3832 1587 3871 ac
1638 3819 1827 3887 fugiat,
1867 3822 1996 3890 quid

418 3899 475 3952 iu
517 3901 618 3971 hoc
646 3902 1011 3958 novumin
1038 3906 1224 3961 asinus
1250 3906 1332 3961 bis
1375 3907 1426 3960 in
1482 3907 1622 3961 idem
1678 3908 1996 3969 offenderet.

414 3992 602 4048 Multis
646 4004 829 4048 autem
902 3996 1187 4049 brutornm
1252 3996 1375 4050 aliis
1434 3997 1576 4052 istud
1632 4002 1996 4069 ’proverbintn

416 4086 698 4155 corripetit,
725 4087 1154 4156 suspicantibus,
1180 4102 1241 4141 ac
1258 4088 1452 4144 deinde
1474 4090 1837 4148 devitantibus
1861 4109 1999 4162 prte-

418 4179 616 4231 cedeus
673 4179 897 4231 malum.
950 4178 1231 4243 Quomodo
1280 4179 1444 4246 igitur
1491 4180 1673 4245 homo,
1724 4184 1994 4238 rationem

421 4268 649 4334 habens,
674 4278 828 4323 extra
862 4269 991 4323 Illud
1015 4279 1343 4335 versaretur,
1363 4272 1705 4341 aliqnomodo
1742 4287 1994 4343 vexatus,

418 4368 472 4413 et
512 4372 618 4412 non
648 4359 838 4419 semel,
863 4364 959 4414 sed
995 4359 1295 4415 multoties.
1319 4360 1457 4416 Puto
1475 4379 1577 4433 ego
1604 4365 1747 4433 quod
1778 4382 1885 4420 non
1911 4383 1999 4422 re-

2080 1973 2310 2045 ἄμυναν,

2156 2074 2270 2138 μγ’.
2297 2070 2615 2139 Προάγομαι
2667 2075 2762 2120 και
2789 2062 2945 2135 μύθῳ
2966 2061 3111 2117 κατὰ
3135 2061 3243 2115 τῶν
3274 2055 3656 2129 προκειμένοιν

2081 2161 2417 2234 χρήσασθαι.
2456 2159 2730 2230 Καρκίνος
2760 2157 2999 2225 πλαγίαν
3027 2154 3119 2208 ἀεὶ
3146 2151 3509 2224 τρεπόμενος,
3552 2148 3651 2218 τήν

2082 2274 2143 2311 τε
2178 2257 2236 2318 ἐς
2260 2255 2408 2322 δεξιὰ
2434 2255 2528 2308 καὶ
2546 2254 2646 2324 τὴν
2674 2253 2755 2316 εις
2780 2253 2842 2305 τὸ
2865 2251 3131 2323 ἔμπαλιν,
3162 2250 3256 2303 καὶ
3284 2246 3382 2318 τὴν
3404 2246 3463 2310 ἑξ
3483 2242 3651 2297 αὐτοῦ

2086 2349 2250 2419 γονὴν
2279 2348 2424 2403 οὕτω
2448 2348 2821 2419 ῥαιόουμένην
2867 2345 3083 2415 βλέπων
3141 2342 3209 2397 τὰ
3257 2345 3341 2405 εις
3397 2339 3653 2410 πορείαν,

2085 2441 2238 2495 δεινὰ
2265 2441 2435 2494 ἐποίει
2464 2439 2817 2507 ἀγανακτῶν,
2842 2439 2938 2493 καὶ
2966 2438 3080 2500 τοῖς
3114 2435 3365 2504 ἐκγόνοις
3382 2432 3656 2504 ἔπι-τιμῶν

2088 2534 2350 2599 ἐνέκειτο,
2377 2535 2424 2587 εί
2450 2533 2594 2588 οὓτω
2627 2531 2842 2603 δόχμιοι
2870 2532 3152 2600 φέρονται,
3187 2528 3285 2583 καὶ
3314 2525 3378 2580 οὖ
3402 2526 3659 2594 ποτεντὴν

2089 2626 2170 2688 είς
2211 2625 2274 2679 τό
2324 2625 2562 2696 πρόσθεν
2602 2623 2780 2677 οἴδασι
2825 2606 3037 2694 τρίϐονί
3095 2622 3194 2684 ’ος
3227 2620 3292 2690 δὴ
3319 2610 3659 2689 μῦθοςοῦτος

2088 2721 2245 2791 γελᾷ,
2273 2721 2322 2773 εί
2354 2718 2614 2788 παραινεῖ
2636 2733 2721 2780 τις
2753 2716 2985 2786 ἑτέροις,
3016 2712 3320 2784 κατορθοῦν
3339 2713 3552 2771 ικιιῐνα,
3573 2709 3657 2777 ἐφ’

2090 2807 2171 2876 οἷς
2202 2811 2369 2873 αὐτὸς
2415 2811 2635 2881 ἀλιτρδς
2664 2808 2908 2863 ἐκϐαίνοι
2936 2808 3040 2862 ἀεί.
3096 2807 3211 2861 Καὶ
3234 2809 3265 2860 ό
3306 2805 3481 2873 γέλως
3508 2797 3660 2865 οὗτος

2091 2905 2359 2959 διαϐαίνει
2418 2904 2477 2966 ἐς
2531 2903 2600 2957 τὰ
2631 2901 2756 2955 καθ’
2801 2901 2969 2972 ἡμᾶς.
3011 2898 3330 2954 Κακώσεων
3359 2898 3471 2966 γάρ
3496 2910 3657 2951 τινων

2095 2996 2481 3067 προϊσχόμενοι
2532 2992 2756 3065 μνήμην
2795 2995 2846 3046 οι
2868 2995 2970 3064 τῆς
3003 2991 3122 3047 καθ’
3155 2990 3315 3062 ἡμῶν
3341 2989 3494 3051 ὄντες
3527 2989 3658 3058 μέμ.

2092 3087 2259 3154 ψεως,
2293 3088 2390 3140 καὶ
2428 3087 2515 3142 ἀεὶ
2545 3086 2703 3140 τοῦτο
2755 3086 3069 3152 λαλοῦντες,
3103 3087 3197 3140 καὶ
3230 3085 3658 3153 κατακεχωσμέο

3428 3172 3551 3230 εἶτα
3599 3176 3661 3245 δὴ

2092 3273 2368 3342 τολμῶσιν
2397 3271 2528 3326 αὐτὸ
2547 3272 2876 3342 ἐπιγράφειν
2904 3275 3059 3342 ἡμῖν.
3098 3275 3164 3327 Τί
3208 3275 3409 3340 λαλεῖς,
3457 3277 3660 3347 ἂνθρω-

2093 3380 2201 3425 πε;
2236 3364 2668 3435 Τραυματίζεις,
2718 3366 2813 3418 καὶ
2840 3366 3131 3437 καωρῤἑει
3178 3363 3317 3437 αἷμα
3349 3367 3445 3422 τοῦ
3497 3372 3656 3442 τραύ·

2099 3471 2286 3525 ματος,
2320 3455 2487 3526 καὶὴ
2541 3454 2726 3526 πληγὴ
2784 3454 2977 3525 βαθεῖα
3037 3457 3116 3527 τῷ
3171 3461 3467 3514 πεπονθότι
3495 3501 3511 3524 ,
3569 3465 3658 3516 καὶ

2096 3545 2337 3613 κέκραγε
2375 3544 2536 3615 μόνον
2565 3546 2799 3608 ἐκεῖνος,
2833 3547 2926 3600 καὶ
2948 3546 3011 3599 ού
3067 3545 3395 3618 θαυμάζεις,
3444 3550 3530 3604 ὅτι
3589 3552 3661 3621 μὴ

2097 3635 2502 3705 ἀντιπέπληξαι
2547 3636 2686 3705 πρὸς
2724 3635 2962 3705 ἄμυναν,
2993 3637 3143 3701 ὅπως
3201 3640 3268 3693 ἂν
3312 3640 3408 3695 καὶ
3451 3640 3663 3696 δύναιτο

2098 3729 2345 3790 ἐκεῖνος’
2400 3727 2540 3781 ἀλλὰ
2596 3728 2975 3801 καταμέμφει,
3023 3730 3121 3782 καὶ
3178 3731 3519 3802 μνησίκακον
3543 3736 3661 3787 ἑπι-

2098 3819 2302 3883 καλεῖς,
2329 3812 2416 3870 οία
2444 3816 2542 3886 τὴν
2608 3816 2774 3886 φύσιν
2817 3818 3065 3890 ἐλέγχειν
3128 3820 3351 3889 ἐθέλων,
3405 3825 3458 3876 ει
3522 3826 3660 3879 κατὰ

2096 3910 2187 3964 τὸν
2210 3909 2381 3980 αὐτῆς
2410 3909 2577 3979 νόμον
2602 3910 2854 3965 ὑποκινεῖ
2873 3911 2964 3965 τὸν
2987 3911 3260 3981 ἀλγοῦντα
3283 3915 3660 3973 παθαίνεσθαι.

2099 4004 2161 4056 Εἰ
2190 4003 2246 4056 δὲ
2270 4004 2362 4056 καὶ
2386 4001 2622 4073 πληγεὶς
2648 4004 2733 4067 είς
2762 4003 2989 4074 τραῦμα
3026 4005 3056 4058 ὁ
3088 4005 3335 4069 τοιοῦτος
3364 4007 3662 4063 timome-

2098 4095 2191 4148 ταί
2210 4111 2271 4147 σε
2301 4095 2382 4156 εἰς
2415 4094 2476 4146 τὸ
2505 4094 2728 4165 ἑφεξῆς,
2764 4095 2860 4148 καὶ
2889 4096 3236 4168 ἐκτρέπεται,
3278 4098 3332 4152 τί
3370 4099 3528 4153 τοῦτο
3553 4119 3666 4155 και-

2099 4187 2225 4250 νόνς
2285 4188 2400 4240 Οὐκ
2424 4186 2490 4241 ἂν
2511 4187 2631 4242 οὐδὲ
2657 4187 2779 4250 ὄνος
2802 4187 2885 4250 είς
2930 4187 2993 4241 τὺ
3045 4190 3183 4243 αὐτὸ
3233 4189 3319 4256 δὶς
3360 4195 3661 4266 προσκόψη.

2102 4277 2323 4342 Πολλοῖς
2343 4278 2399 4332 δὲ
2430 4280 2524 4333 καὶ
2550 4278 2763 4350 ἑτέροις
2784 4279 2897 4332 τῶν
2925 4279 3139 4349 ἀλόγων
3169 4282 3196 4352 1]
3227 4281 3453 4353 τοιαύτη
3480 4302 3670 4355 παροι-

2107 4368 2206 4437 μία
2241 4366 2630 4439 ὲπιμιρίζεται
2681 4369 3133 4441 φανταζομένοις,
3173 4374 3269 4427 καὶ
3295 4372 3440 4429 οὕτω
3467 4376 3667 4445 φυλατο

421 4460 524 4507 ctre
568 4452 796 4507 rationis
823 4461 988 4513 esset.
1015 4452 1295 4509 abundans
1330 4453 1383 4506 in
1409 4454 1599 4508 eadem
1625 4456 1895 4522 passione,
1923 4460 1974 4513 in

2110 4462 2356 4529 τομένοις
2389 4461 2449 4515 τὸ
2477 4463 2688 4530 φθάσαν
2719 4463 2909 4517 κακόν.
2941 4463 3068 4528 Πῶς
3097 4464 3164 4519 ἂν
3188 4464 3285 4519 οὖν
3312 4466 3619 4538 ἄνθρωπος.
3640 4472 3667 4521 ό

421 4542 747 4610 sensilisque
802 4542 867 4595 ad
898 4557 1059 4595 omne
1095 4557 1420 4610 permanens
1458 4560 1521 4600 ac
1560 4561 1777 4616 semper
1817 4548 1988 4605 oden—

421 4634 553 4688 dere
595 4642 839 4703 paratus.
898 4633 955 4688 Si
1014 4643 1193 4688 tamen
1250 4636 1377 4690 ntali
1445 4652 1608 4692 causa
1661 4638 1994 4706 odendiculi,

424 4735 621 4793 puteus
672 4734 764 4778 aut
795 4726 949 4793 lapis,
987 4725 1286 4790 recederet,
1335 4727 1423 4782 hic
1461 4730 1677 4798 quidem
1729 4732 1783 4785 in
1833 4734 1998 4788 semi-

2098 4554 2209 4608 ἔσω
2233 4554 2414 4621 λόγου.
2434 4553 2538 4618 ἔξω
2554 4554 2759 4627 ταύτης
2778 4558 3051 4623 πεσεῖται,
3081 4559 3478 4630 κακοποιηθεὶς
3497 4560 3671 4614 ὁπωσ-

2101 4643 2217 4707 οῦν,
2241 4646 2341 4698 καὶ
2378 4644 2500 4698 οὐδὲ
2531 4645 2792 4714 εἰσάπαξ,
2835 4647 2953 4702 ἀλλ’
2984 4649 3081 4703 ἐπὶ
3113 4649 3340 4715 πλεῖον;
3396 4646 3559 4721 οἶμαι
3583 4667 3668 4719 γε.

2100 4735 2174 4797 ὡς
2202 4735 2302 4788 οὐκ
2326 4734 2393 4789 ἂν
2421 4736 2628 4798 ἐκεῖνος
2658 4736 2824 4809 ὀρθοῦ
2856 4738 3038 4809 ἔχοιτο
3066 4740 3252 4808 λόγου,
3287 4740 3595 4807 πλεονάζων
3616 4746 3672 4797 ἐν

423 4827 491 4878 tm
515 4817 657 4869 latus
699 4826 1023 4885 segregatur-
1051 4825 1144 4872 aut
1236 4818 1369 4872 alias
1409 4821 1677 4886 sublatus,
1721 4823 1823 4878 iste
1870 4840 1978 4880 vert

2105 4827 2180 4895 τῷ
2207 4826 2406 4895 ὁμοίως
2433 4828 2690 4897 πάσχειν,
2713 4832 2808 4883 καί⁵
2837 4831 3017 4899 μένων
3048 4833 3106 4895 ἐς
3134 4832 3195 4884 τὺ
3216 4834 3329 4886 πᾶν
3350 4836 3669 4904 ἀνάλγητος,

425 4910 660 4977 repletus
722 4918 777 4963 et
821 4910 1127 4965 cumulatus
1171 4921 1226 4966 et
1275 4912 1348 4967 ita
1417 4916 1812 4984 complanatus,
1882 4928 1978 4971 tun

2105 4917 2202 4971 atati.
2233 4918 2599 4986 προσκόπτειν
2633 4920 2790 4972 ἐσαεὶ
2816 4921 3166 4990 ἀνεχόμενος.
3197 4923 3263 4978 Ei
3296 4925 3481 4993 μέντοι
3504 4925 3563 4977 τὸ
3582 4923 3670 4977 τοῦ

425 5013 558 5052 sane
588 5015 689 5053 nec
723 4998 836 5066 jam
871 5002 1053 5066 homo,
1085 5016 1183 5056 nec
1215 5003 1361 5057 aliud
1390 5004 1589 5059 animal
1626 5008 1978 5076 prolapsioni:

2105 5008 2279 5062 κακοῦ
2306 5010 2741 5082 προσκόμματος
2764 5013 2939 5066 αίτιον
2974 5015 3000 5066 ὀ
3027 5013 3217 5084 βόθρος
3238 5016 3406 5086 τυχὸν
3429 5017 3460 5085 ἢ
3483 5018 3508 5068 ό
3531 5015 3673 5075 λίθος

425 5089 605 5149 lucum
654 5092 1084 5158 pertimesceret,
1118 5094 1210 5149 sed
1244 5095 1423 5151 itineri
1462 5098 1704 5168 seipsum
1740 5113 1862 5155 cum
1893 5114 1978 5154 se-

2102 5098 2353 5164 όιπὲλθοι,
2382 5101 2409 5151 ὁ
2434 5100 2534 5170 μὲν
2564 5102 2645 5163 είς
2671 5100 2903 5168 πλάγιον
2932 5102 3034 5171 τῆς
3062 5103 3252 5173 τρίϐου
3280 5104 3669 5176 ἀφορισθεις,ῆ

425 5182 664 5235 cttritate
698 5184 1087 5240 cuntmiueret.

2102 5192 2196 5246 καὶ
2226 5193 2404 5256 ἄλλως
2456 5211 2561 5247 που
2609 5194 2818 5265 ἀρθεὶς,
2872 5197 2899 5248 ό
2926 5194 2968 5247 δ’
2997 5196 3283 5261 ἀνάπλεως
3314 5199 3551 5268 γεγονὼς
3582 5201 3673 5252 καὶ

428 5276 627 5344 μεστὸς
670 5278 765 5331 καὶ
820 5277 964 5333 οὕτω
1017 5282 1235 5345 ναστὸς,
1271 5284 1392 5338 τότε
1436 5284 1505 5355 δὴ
1537 5286 1638 5341 οὐκ
1690 5284 1757 5339 ἂν
1780 5288 1859 5342 ἔτι
1888 5287 1999 5342 οὒτ’
2038 5288 2347 5359 ἄνθρωπος,
2399 5289 2522 5343 οὔτε
2574 5291 2680 5361 μὴν
2707 5292 2847 5355 ζῶον
2882 5292 3094 5347 ἀλλοῖον
3159 5295 3522 5351 ύποκλέποιτο
3580 5297 3669 5351 τὸν

431 5371 519 5425 τοῦ
546 5375 974 5444 προσκόμματος
1000 5380 1185 5446 τόπον,
1221 5380 1338 5432 ἀλλ’
1364 5381 1571 5435 ὲκὸοἰεν
1598 5382 1666 5436 ἂν
1703 5385 1875 5437 ἑαυτὰ
1922 5388 1988 5456 τῇ
2029 5385 2136 5456 ὀδῷ
2160 5388 2241 5448 είς
2270 5386 2564 5458 διατριϐὴν
2600 5389 2663 5441 ού
2695 5390 3074 5460 καχύποπτον.

498 5469 592 5522 ιι.
632 5472 763 5525 Date
794 5472 927 5526 mihi
967 5489 1097 5544 ergo
1158 5485 1213 5529 et
1246 5490 1343 5530 vos
1378 5477 1591 5531 facilem
1626 5481 1691 5532 ad
1723 5481 1975 5536 ambulant

2094 5526 2105 5533 .
2187 5480 2288 5552 μδ’.
2315 5484 2443 5536 Δότε
2476 5484 2541 5555 δὴ
2570 5484 2664 5538 οὖν
2697 5503 2786 5555 μοι
2812 5488 2907 5540 καὶ
2939 5487 3102 5557 ὑμεῖς
3131 5489 3440 5558 περίπατον
3467 5491 3669 5550 εὔοδον.

429 5564 559 5616 dum
598 5563 811 5632 locum;
857 5578 1135 5621 removete
1180 5567 1426 5635 laqueos,
1489 5572 1727 5643 ex‘tollite
1788 5572 1978 5629 oliendi

2117 5573 2406 5638 ύπεξέλετε
2458 5576 2527 5629 τὰ
2571 5577 2960 5646 παγιδώματα,
3007 5579 3240 5651 σχάσατε
3276 5582 3346 5634 τὰ
3388 5582 3675 5647 σκάνδαλα,

431 5656 551 5711 cuia
576 5697 591 5722 ,
621 5655 809 5713 foveas
835 5660 1117 5727 explentes
1162 5661 1365 5714 reddite
1392 5661 1591 5715 solidas
1611 5679 1625 5728 ;
1647 5672 1701 5718 et
1723 5665 1803 5718 sic
1818 5680 1914 5719 vos
1943 5679 1973 5720 e

2122 5666 2461 5739 περεώσατε
2489 5668 2941 5738 ἀναπληροῦντες
2964 5672 3037 5724 τὰ
3066 5671 3376 5742 ύποϐοθρεύ
3387 5690 3527 5744 ματα
3550 5675 3676 5727 ’καὶ

427 5745 537 5800 Deo
568 5746 832 5817 judicium
870 5748 1105 5815 deseret,
1137 5759 1191 5803 et
1232 5765 1319 5806 me
1350 5753 1510 5805 timor
1572 5770 1637 5809 ac
1700 5767 1877 5811 metus
1941 5758 1978 5810 dt

2115 5756 2290 5823 οὕτως
2337 5761 2482 5831 ὑμᾶς
2507 5777 2567 5814 τε
2587 5760 2648 5814 τὸ
2682 5762 2745 5814 ἐκ
2775 5760 2912 5815 Θεοῦ
2940 5765 3115 5834 κρῖμα
3145 5765 3438 5836 ἐπιλείψει,
3472 5766 3558 5821 καὶ
3576 5767 3675 5833 ἐμὲ

427 5845 567 5897 stam
620 5840 848 5897 itineris.
887 5840 1046 5898 Novit
1102 5840 1263 5909 Deus,
1296 5843 1384 5913 qui
1432 5858 1626 5902 cuncta
1679 5849 1952 5917 peracscit

2112 5850 2169 5904 τὸ
2218 5850 2447 5903 δεδιέναι
2487 5851 2582 5905 καὶ
2647 5852 2951 5921 ὑφορᾶσθαι
3012 5857 3080 5908 τὰ
3122 5857 3223 5926 τῆς
3274 5856 3422 5912 ὁδοῦ.
3485 5853 3675 5913 Οἶδενό
