3788 6552
375 381 478 444 M7

1084 387 1507 453 EUSTATHII
1538 392 2301 458 THESSALONICENSIS
2342 399 2912 462 METROPOLITA!
2939 482 2949 492 '

3535 403 3636 468 “8

377 497 618 543 vestrum
653 490 834 546 metiri
859 493 1148 565 vultjuxta
1179 501 1388 570 pondus
1411 503 1688 572 quodipse
1721 502 1928 572 profert

2057 504 2116 558 ὃν
2152 506 2314 577 ὑμεῖς
2371 510 2712 580 προϐάλλετε
2751 490 3019 582 σταθμδν,
3079 516 3178 566 καὶ
3236 514 3633 584 λογοπραγεῖτε

377 590 430 630 et
471 594 594 648 qua
629 591 758 636 sunt
791 585 841 638 in
883 603 967 641 tne
991 589 1247 644 amicitiae
1273 593 1427 662 juga,
1455 593 1536 647 sic
1559 594 1798 647 erantini
1826 593 1956 649 sub-

375 670 570 735 jiritis‘i
609 671 714 740 Ipsi
750 679 968 744 quidem
1014 681 1208 736 librate
1260 699 1356 738 vos
1400 700 1619 738 sursum
1672 690 1952 752 deorsum,

377 769 436 812 ut
466 762 696 826 accidit;
731 779 816 818 tne
852 781 982 823 vero
1020 771 1240 824 statuite
1274 777 1704 842 comparandum
1737 776 1802 828 ad
1833 789 1954 828 mo-

381 853 546 906 menti
582 857 972 924 rettualitatent,
1007 863 1094 915 ubi
1130 880 1234 919 non
1267 875 1350 922 est
1376 867 1625 922 invenire
1655 867 1951 936 quidquam

374 947 520 1011 apud
559 962 656 1000 vos
688 950 922 1018 positum
959 952 1011 1006 in
1039 955 1371 1024 aequatione.
1415 957 1472 1012 Si
1501 959 1646 1013 enim
1707 960 1956 1027 aliquan-

382 1036 550 1090 tulum
587 1039 770 1096 lances
821 1043 980 1098 vobis
1035 1047 1349 1102 custodiunt
1410 1051 1796 1120 aequilibrium,
1847 1067 1952 1106 non

393 1128 576 1195 potius
612 1131 809 1199 aliquis
842 1135 962 1189 solo
1007 1136 1155 1192 visus
1217 1147 1470 1195 contactu
1511 1141 1612 1195 hoc
1643 1142 1805 1208 vidit,
1845 1152 1956 1198 sta-

373 1220 580 1288 timque
623 1225 951 1280 antitltetum
974 1229 1230 1283 amicitiae
1251 1241 1443 1286 vestrae
1475 1241 1720 1288 nostram
1755 1235 1809 1289 in
1840 1235 1954 1288 lan-

371 1328 489 1368 cem
545 1316 882 1385 dominatur,
943 1330 1000 1376 et
1059 1325 1313 1381 deorsum
1372 1339 1719 1399 aggravatam
1776 1331 1953 1386 reddit

371 1405 619 1462 inutilem
656 1425 718 1463 ac
747 1423 1109 1481 quaerentem,
1139 1418 1228 1472 ubi
1278 1423 1566 1476 coosislat.
1600 1421 1661 1474 Et
1697 1439 1952 1492 magnum

369 1499 589 1566 quidem
619 1503 772 1557 nobis
800 1505 1075 1574 impendet
1107 1515 1486 1582 crtmen,quod
1513 1531 1617 1567 non
1643 1525 1792 1570 recte
1823 1530 1956 1570 con-

369 1604 651 1648 versatnnr
681 1609 806 1649 cum
839 1597 1226 1656 illustrioribus
1259 1602 1420 1671 hujus
1443 1605 1676 1660 civitatis
1707 1617 1760 1662 et
1782 1623 1951 1675 egeno

370 1681 606 1739 tioribus
643 1727 660 1750 ,
697 1689 793 1742 sed
847 1691 1119 1747 confusim
1171 1703 1228 1748 et
1285 1695 1578 1752 indiscrete
1630 1702 1955 1754 commisrc-

2054 597 2125 651 τὰ
2163 601 2221 652 ὲν
2261 603 2385 670 ἐμοὶ
2419 603 2519 671 τῆς
2569 605 2754 673 φιλίας
2784 605 2964 673 ζυγά;
3029 606 3143 659 Καὶ
3172 605 3334 660 αὐτοὶ
3367 605 3467 674 μὲν
3523 607 3635 658 ἄνω

2056 690 2210 746 κάτω
2239 696 2656 763 τρυτανὶζεσθε,
2690 697 2798 766 ὅπη
2855 697 2997 771 τύχῃ
3025 712 3038 727 ’
3073 699 3176 767 ἐμὲ
3215 697 3273 750 δὲ
3329 694 3631 750 συναλλάσο

2058 800 2176 838 σειν
2205 787 2535 840 έπιτάσσετε
2571 791 2709 859 πρὸς
2745 791 2969 858 ἰσότητα
3002 789 3201 860 ῥοπῆς,
3236 789 3370 842 ἔνθα
3412 788 3492 857 μὴ
3546 787 3633 840 ἔσ-

2054 895 2140 932 τιν
2191 879 2395 951 εὑρεῖν,
2455 881 2510 935 τί
2537 883 2672 954 παρ’
2704 884 2837 954 ὑμῖν
2888 881 3169 945 καθεστὼς
3209 882 3268 935 ἐν
3310 882 3631 949 ταυτότητι.

2056 974 2119 1026 Ei
2159 975 2270 1044 γάρ
2303 992 2406 1028 που
2467 976 2561 1030 καὶ
2611 977 2749 1047 πρὸς
2805 976 2980 1048 βραχὺ
3039 977 3095 1030 αἱ
3128 975 3470 1044 πλάστιγγες
3505 975 3635 1042 ὑμῖν

2057 1065 2358 1134 φυλάξουσι
2412 1067 2474 1120 τὸ
2534 1067 2802 1138 ἀρρεπὲς,
2865 1067 3114 1124 ἀλλὀὐκ
3172 1067 3314 1136 ἔφθη
3376 1084 3463 1129 τις
3512 1067 3634 1118 οὐδὲ

2057 1162 2197 1216 κατὰ
2231 1165 2403 1234 μόνην
2435 1165 2654 1234 ἐπαφὴν
2683 1163 2862 1234 ὅψεως
2889 1164 3024 1218 αὐτὸ
3058 1164 3207 1224 ίδεῖν,
3244 1163 3336 1216 καὶ
3385 1162 3550 1224 εὐθὺς
3576 1160 3636 1213 τὸ

2054 1257 2340 1309 ἀντίθετον
2371 1259 2436 1326 τῇ
2465 1257 2586 1309 καθ’
2621 1258 2770 1328 ὑμᾶς
2802 1256 2958 1328 φιλίᾳ
2987 1257 3246 1326 τυραννεῖ
3293 1254 3393 1324 τὴν
3428 1252 3634 1323 ἡμετέο

2062 1365 2164 1419 ραν
2220 1349 2556 1416 πλάστιγγα,
2602 1353 2698 1403 καὶ
2744 1349 3130 1420 βαρυνομένην
3187 1349 3339 1400 κάτω
3394 1346 3633 1416 ἀχρειοί,

2055 1437 2351 1507 ζητοῦσαν,
2387 1439 2490 1492 ποῦ
2524 1454 2658 1493 ποτε
2714 1440 3139 1509 καθεστήξεται.
3179 1439 3288 1491 Καὶ
3323 1438 3474 1507 μέγα
3532 1435 3636 1503 μὲν

2053 1531 2188 1600 ἡμῖν
2222 1532 2519 1602 ἑπικλᾶται
2551 1535 2941 1604 κατηγόρημα,
2969 1534 3054 1586 ὅτι
3087 1532 3161 1602 μὴ
3191 1532 3328 1600 πρὸς
3359 1530 3636 1601 ὀρθότητα

2056 1623 2427 1694 ὲπιὸάλλομεν
2462 1627 2574 1687 τοῖς
2602 1643 2661 1677 τε
2689 1625 2995 1696 περιδόξοις
3021 1625 3124 1694 τῆς
3155 1625 3369 1688 πόλεως
3401 1623 3633 1692 ταύτης,

2055 1718 2170 1780 τοῖς
2209 1735 2268 1771 τε
2305 1717 2743 1787 ὑποδεεστέροις,
2777 1717 2914 1771 ἀλλὰ
2971 1717 3180 1790 φύρδην
3234 1719 3331 1771 καὶ
3387 1715 3635 1784 ἀκρίτως

370 1789 492 1829 tnur
528 1776 662 1832 illis.
710 1779 865 1834 Nihil
895 1791 1077 1839 autem
1134 1785 1224 1840 hic
1262 1787 1315 1841 in
1375 1798 1561 1844 nostra
1619 1793 1930 1846 discretiom

2056 1776 2243 1873 αὐτοῖς
2295 1776 2746 1882 προσφερόιλεθάῖ
2783 1776 3147 1882 Ἔχομείδὲ.
3191 1811 3356 1881 ἡμεῖς
3390 1809 3504 1862 οὐδ’
3550 1807 3638 1860 ὲν-

367 1868 748 1938 corrigendum
780 1873 1066 1931 habemus.
1115 1877 1276 1933 Ratio
1325 1891 1506 1935 autem
1555 1892 1640 1936 est
1718 1881 1951 1952 Euripus
1981 1854 2030 1914 Β

367 1960 460 2026 qui
486 1977 587 2018 nos
613 1965 918 2020 circumdat
971 1978 1026 2023 et
1060 1971 1300 2025 versoria
1331 1987 1544 2044 semper
1589 1991 1806 2046 gyrans.
1853 1975 1952 2031 Vix

368 2052 514 2106 enim
569 2054 767 2126 aliquis
828 2073 858 2112 e
895 2062 1100 2116 nostris
1161 2062 1374 2119 civibus
1423 2069 1712 2134 quemdam
1790 2068 1950 2124 hodie

367 2146 684 2211 praedicavit
710 2150 1103 2221 bonorabilcnt,
1122 2171 1244 2210 cum
1291 2156 1381 2210 ille
1411 2172 1532 2212 cras
1556 2160 1951 2228 ignominiosus

366 2238 624 2290 scribitur
655 2241 928 2311 simulque
953 2245 1237 2300 confestim
1287 2245 1578 2303 deseritur.
1623 2249 1781 2306 Dives
1807 2268 1951 2308 nunc

364 2331 596 2398 superbe
627 2331 871 2400 loquitur
894 2346 946 2389 et
981 2338 1140 2406 paulo
1171 2351 1289 2407 post
1318 2342 1702 2410 egentissimus
1746 2345 1811 2398 ad
1848 2350 1951 2399 mi-

363 2423 676 2479 sericordiae
703 2425 925 2492 januant
984 2430 1178 2498 pulsat.
1205 2431 1412 2488 Nobilis
1439 2435 1490 2486 itt
1525 2439 1775 2504 prmsenti
1813 2448 1952 2492 tctu-

362 2514 512 2581 poris
542 2528 746 2583 puncto
781 2530 894 2590 post
926 2522 1088 2576 breve
1119 2525 1462 2580 maledicitnr
1504 2529 1722 2600 ignobili
1749 2545 1948 2600 genere

362 2605 442 2661 sic
469 2617 646 2676 ortus,
682 2621 734 2666 ut
768 2618 1197 2670 contemnendus
1225 2618 1317 2681 sit,
1338 2627 1392 2672 et
1410 2635 1623 2686 servus,
1657 2624 1944 2692 ttldicitttr,

359 2711 462 2763 pro
483 2699 658 2756 libero
685 2717 1018 2772 compareat.
1057 2706 1352 2772 Quentdattt
1385 2711 1699 2781 aliquandiu
1749 2716 1946 2769 virtute

362 2792 645 2859 praeditum
675 2796 1040 2864 testabantur,
1069 2808 1124 2852 et
1157 2801 1305 2854 brevi
1358 2813 1602 2872 tempore
1624 2815 1810 2873 postea
1833 2820 1947 2860 sce-

370 2881 542 2940 lestus
575 2885 955 2951 denuntiatur.
984 2891 1132 2944 velut
1169 2893 1213 2944 si
1251 2895 1524 2946 somnium
1560 2898 1748 2950 tnnhra
1796 2906 1945 2968 tege-

361 2987 533 3031 retur.
556 2977 616 3032 ln
651 2995 788 3050 quas
817 2982 982 3052 igitur
1033 2984 1320 3054 Opiniones
1345 2987 1758 3058 voluntatesque
1793 3007 1942 3046 men-

367 3080 477 3124 tem
511 3083 806 3140 vertemus,
838 3091 960 3130 cum
1010 3077 1090 3131 sic
1141 3078 1197 3131 in
1233 3078 1509 3132 diversum
1565 3081 1888 3138 scinduntur
1915 3085 1941 3138 τ

2055 1901 2232 1956 ταῦθα
2267 1903 2611 1974 ὲπιδιορθοῦν
2638 1904 2698 1957 τδ
2724 1905 2782 1956 ιν
2805 1905 2940 1976 ἡμῖν
2970 1906 3241 1974 κριτικόν.
3273 1903 3346 1956 Th
3374 1901 3432 1954 δὲ
3461 1903 3637 1954 αῖτιον

2054 2000 2082 2052 ὁ
2111 2000 2420 2070 περιρρέων
2463 1999 2612 2067 ἡμᾶς
2647 1996 2884 2067 Εὔριπος
2933 1999 3027 2052 καὶ
3073 1997 3135 2050 τδ
3162 1997 3486 2066 ἀείστροφον
3509 1996 3638 2048 ἀνε-

2061 2087 2308 2158 μούριον.
2342 2086 2420 2143 Ού
2449 2088 2645 2158 φθάνει
2677 2089 2788 2158 γάρ
2813 2105 2898 2151 τις
2927 2087 3038 2141 τῶν
3069 2089 3362 2158 ἡμετέρων
3396 2085 3636 2139 πολιτῶν

2053 2183 2274 2252 ἔντιμον
2322 2181 2714 2254 ἀποφήνασθαι
2781 2198 2906 2234 τινα
2965 2181 3230 2252 σήμερον,
3287 2179 3383 2233 καὶ
3441 2178 3636 2248 αθριον

2054 2275 2262 2337 ἐκεῖνος
2296 2274 2492 2342 ἄτιμος
2524 2271 2641 2342 ἅμα
2663 2273 2919 2341 γραφεὶς,
2955 2271 3048 2324 καὶ
3095 2272 3341 2340 ἀχρόνως
3396 2268 3636 2321 ἀπαλει-

2053 2365 2198 2433 φείς.
2231 2363 2498 2426 Πλούσιος
2529 2364 2657 2431 ἄρτι
2717 2361 3136 2430 σεμνολογεῖται
3159 2377 3172 2390 ⁸
3211 2361 3307 2413 καὶ
3340 2359 3484 2431 μετά
3541 2375 3635 2428 μισ

2051 2456 2183 2526 κρὺν
2225 2456 2573 2518 πενέστατος,
2605 2455 2705 2526 τὴν
2733 2453 3122 2524 φιλανθρώπου
3151 2452 3324 2523 θύραν
3356 2450 3636 2517 κοπτόμε-

2050 2561 2159 2606 νος.
2191 2543 2436 2613 Εὐγενὴς
2462 2546 2520 2598 ὲν
2552 2545 2619 2615 τῇ
2651 2543 2978 2614 καθεστώσῃ
3007 2542 3104 2596 τοῦ
3137 2543 3332 2612 χρόνου
3376 2542 3588 2609 στιγμῇ
3616 2555 3630 2569 ⁶

2050 2636 2144 2688 καὶ
2203 2636 2344 2707 μετά
2399 2636 2597 2688 λεπτὸν
2650 2638 3054 2707 κακηγορεῖται
3116 2635 3311 2702 γένους
3360 2633 3630 2698 κατάγειν

2048 2729 2188 2793 οἵου,
2230 2730 2324 2780 καὶ
2359 2727 2894 2799 άποτροπιάζεσθαι,
2956 2729 3050 2781 καί
3098 2743 3229 2781 ποτε
3263 2726 3362 2779 καὶ
3413 2724 3628 2789 δοῦλος,

2046 2817 2076 2872 ὃ
2103 2818 2168 2888 δὴ
2197 2818 2442 2886 λέγεται,
2466 2818 2582 2873 ἀντ’
2609 2819 2899 2888 ἐλευθέρου
2924 2819 3136 2889 φανείς.
3180 2817 3518 2888 ’Δρεταίνειν
3542 2832 3630 2878 τις

2048 2909 2228 2983 καιρῷ
2269 2928 2402 2964 ποτε
2438 2913 2804 2981 μαρτυρεῖται
2830 2929 2845 2942 ·
2889 2911 3100 2982 βραχὺς
3144 2909 3210 2979 δὴ
3264 2909 3481 2980 χρόνος,
3531 2907 3630 2961 καὶ

2046 3000 2412 3069 καταλέγεται
2469 3003 2549 3064 είς
2584 3002 2892 3070 ἐξάγιστον,
2935 3001 3012 3064 ὡς
3047 3001 3207 3070 εἴπερ
3255 3001 3391 3069 ὖναρ
3434 2997 3626 3053 ὲσκιάο

2046 3091 2193 3156 ζετο.
2258 3093 2398 3162 Πρὸς
2454 3092 2631 3155 ποίοις
2663 3091 2795 3162 γοῦν
2823 3092 2917 3145 τὸν
2972 3091 3101 3145 νοῦν
3142 3093 3341 3162 ἕξομεν
3381 3092 3624 3162 δόγμασι

364 3159 496 3217 Volo
546 3165 774 3235 diligere
833 3167 1127 3224 laudatos:
1188 3171 1504 3240 priusquam
1537 3173 1591 3228 in
1641 3187 1822 3234 mente
1854 3194 1930 3235 re-

2051 3185 2143 3237 mi.
2199 3159 2525 3255 θελὴμασιν,
2583 3187 2634 3239 εί
2671 3159 2814 3238 οὕτω
2878 3184 3017 3255 πρὸς
3083 3159 3628 3252 ὲναντ-ιότηταῃσχί-

357 3269 647 3326 ponantur,
675 3263 1042 3334 expelluntur.

425 3525 517 3584 ιε.
561 3530 654 3587 Sic
700 3533 754 3588 in
794 3535 915 3592 aliis
946 3538 1142 3595 eii‘eeta
1185 3543 1486 3598 mutatione
1523 3561 1788 3619 gyroque,
1831 3551 1937 3606 hoc

354 3634 455 3686 ego
489 3624 724 3691 experiri
748 3642 969 3696 arguor,
996 3640 1050 3685 et
1074 3633 1141 3687 de
1168 3636 1309 3689 malo
1339 3648 1630 3706 gravatus,
1659 3640 1782 3695 mali
1802 3658 1938 3698 -tne-

358 3711 584 3769 ntinisse
625 3717 950 3785 tnaledicor;
991 3732 1046 3776 et
1083 3725 1266 3794 aliquo
1301 3733 1461 3784 modo
1479 3731 1640 3786 sicuti
1687 3732 1812 3786 luna
1849 3735 1935 3789 vi-

354 3805 522 3870 deor,
573 3823 760 3876 quam,
795 3825 858 3864 ex
910 3813 1114 3880 fabula,
1162 3826 1337 3873 mater
1391 3821 1726 3893 increpabat,
1768 3827 1931 3894 quod,

355 3897 552 3950 stolam
585 3899 865 3969 eleganter
897 3913 1098 3960 textam
1128 3925 1398 3978 quaerens,
1430 3915 1532 3967 sub
1581 3929 1682 3967 una
1725 3919 1934 3987 magni-

357 3987 550 4042 tudine
597 4005 702 4043 non
741 4005 982 4050 maneret
1017 3997 1083 4050 ad
1135 3998 1188 4054 id
1243 4005 1385 4070 quod
1425 4002 1640 4057 volebat
1676 4003 1930 4061 obtinen-

355 4082 506 4146 dum,
543 4085 637 4137 sed
661 4086 936 4156 paulisper
977 4089 1158 4159 plena,
1192 4093 1402 4165 reliquo
1427 4105 1670 4165 tempore
1707 4100 1760 4153 in
1789 4100 1935 4156 inde-

355 4174 564 4230 linitatn
637 4178 905 4238 claritatis
957 4184 1387 4256 magnitudinem
1475 4199 1928 4248 commntaretur.

355 4266 486 4322 Dico
525 4283 654 4325 vero
709 4271 894 4330 forsan
943 4292 1162 4347 quoque
1218 4279 1398 4334 meis:
1437 4279 1490 4334 in
1523 4297 1691 4337 unuut
1725 4284 1930 4356 aliquid

352 4363 633 4420 deﬁnitum
689 4371 1013 4439 consistite;
1068 4387 1162 4428 vos
1215 4375 1360 4443 ipsos
1393 4374 1446 4428 in
1489 4392 1656 4432 unum
1694 4379 1930 4436 indivise

353 4466 518 4525 atque
573 4459 994 4518 immutabiliter
1050 4464 1376 4530 terminate;
1429 4478 1482 4522 et
1530 4469 1610 4524 sic
1657 4471 1859 4539 aliquid
1894 4490 1922 4528 a

2041 3276 2272 3340 ζονταις
2343 3277 2543 3331 Ἐθέλω
2631 3279 2883 3346 στέργειν
2962 3278 3090 3339 τοὺς
3165 3274 3622 3344 ἐπαινουμένουςο

2043 3371 2140 3425 καὶ
2171 3368 2341 3441 πρινὴ
2382 3371 2670 3440 ῑγκαθίσαι
2707 3370 2909 3435 αὐτοὺς
2952 3372 3010 3434 ές
3041 3369 3242 3441 ψυχὴν,
3286 3368 3624 3424 ἀπανίσταν-

2040 3479 2154 3516 ται.

2118 3560 2229 3624 μη’.
2287 3555 2398 3608 Καὶ
2431 3555 2642 3627 τροπῆς
2665 3555 2810 3609 οὔτω
2847 3557 2944 3609 καὶ
2979 3556 3220 3626 στροφῆς
3257 3553 3621 3626 πλημμελού-

2043 3646 2212 3716 μένης
2270 3649 2326 3699 ὲν
2354 3646 2557 3712 ἄλλοις,
2590 3645 2702 3716 ἐγὼ
2757 3649 2919 3702 τοῦτο
2967 3650 3203 3720 πάσχειν
3233 3649 3619 3719 διαϐάλλομαι,

2039 3743 2131 3792 καὶ
2165 3739 2530 3810 βαρυνόμενος
2579 3740 2671 3792 ἐπὶ
2690 3740 2768 3810 τῷ
2799 3739 2975 3812 κακῷ,
3023 3742 3384 3811 μνησικακεῖν
3451 3757 3619 3793 κακο-

2038 3833 2328 3903 λογοῦμαι,
2367 3833 2462 3887 καί
2500 3852 2604 3889 που
2634 3834 2812 3889 καὶτὸ
2843 3836 2944 3905 τῆς
2980 3836 3214 3907 σελήνης
3249 3835 3618 3905 φαντάζομαι,

2036 3927 2105 3998 ἢν
2145 3928 2176 3992 ἡ
2213 3927 2419 3999 μυθικὴ
2455 3928 2641 4000 μήτηρ
2679 3928 2980 3998 μέμφεται,
3015 3929 3099 3982 ὅτι
3145 3928 3468 3998 εὐπάρυφον
3519 3930 3616 3997 CT,-

2036 4017 2204 4071 τοῦσα
2246 4019 2462 4086 στολὴν,
2498 4020 2598 4072 οὐκ
2655 4019 2768 4089 ἔχει
2822 4018 2908 4087 ἐφ’
2942 4019 3061 4083 ἑνὸς
3099 4019 3367 4090 μεγέθους
3409 4021 3613 4088 μένειν,

2039 4108 2124 4164 ἵνα
2157 4110 2252 4162 καὶ
2280 4108 2443 4183 τύχῃ,
2483 4103 2544 4162 οὗ
2575 4109 2742 4177 θέλει,
2783 4109 2920 4163 ἀλλά
2975 4109 3148 4180 βραχύ
3181 4127 3236 4163 τι
3305 4109 3610 4180 πλήθουσα,

2038 4201 2102 4254 τὺ
2135 4199 2326 4255 λοιπὸν
2355 4201 2449 4254 τοῦ
2483 4201 2604 4255 κατ’
2662 4200 2836 4269 αὐτὴν
2881 4201 3076 4271 χρόνον
3109 4199 3505 4265 ὲξαλλάσσεται
3535 4203 3614 4262 είς

2034 4293 2387 4366 ἀπερίληπτα
2425 4291 2632 4364 μεγέθη
2667 4292 2972 4362 φωτισμοῦ.
3029 4293 3139 4345 Καί
3196 4291 3302 4381 πού
3329 4309 3474 4363 φημι
3517 4293 3614 4345 καὶ

2033 4387 2199 4449 αὐτὸς
2233 4390 2346 4448 τοῖς
2379 4389 2556 4457 ἐμοῖς,
2589 4387 2665 4451 ὡς
2731 4386 3154 4456 άπιοκατάστητε
3193 4388 3274 4449 είς
3323 4387 3387 4439 ἓν
3426 4403 3480 4439 τι
3520 4389 3611 4440 τέο

2031 4476 2219 4530 λειον·
2269 4478 2493 4548 ὁρίσατε
2539 4477 2686 4546 ὑμᾶς
2737 4477 2938 4540 αὐτοὺς
2975 4477 3057 4539 εἰς
3113 4475 3172 4530 ἓν
3207 4477 3447 4546 άσχιδῶς
3512 4477 3608 4530 καὶ

354 4551 514 4606 nobis
553 4554 778 4620 qumrite
803 4555 1104 4612 definitum.
1137 4558 1317 4616 Donec
1349 4571 1530 4616 autem
1566 4577 1664 4617 vos
1694 4565 1925 4620 mutabi-

2051 4567 2452 4637 ἱμετακινὴτως
2471 4582 2486 4599 ο
2517 4567 2612 4619 καὶ
2643 4565 2786 4619 οὕτω
2814 4567 2911 4620 καὶ
2942 4568 3090 4637 ἡμᾶς
3122 4569 3407 4621 ἀπαιτεῖτε
3468 4569 3607 4638 πρός

326 4640 434 4723 ,Ιεε
465 4646 864 4713 contorquetis,
898 4657 952 4703 et
975 4649 1041 4702 ad
1065 4664 1280 4705 onmem
1317 4663 1536 4708 ventum
1577 4655 1850 4711 vertimini
1875 4666 1930 4711 et

352 4737 762 4806 convertimini,
793 4739 957 4796 sinite
987 4758 1087 4797 nos
1119 4744 1423 4812 quiescere,
1461 4751 1697 4816 gravari,
1733 4765 1930 4805 memo-

353 4825 606 4898 riamque
639 4830 764 4886 mali
818 4834 965 4901 quod
1003 4833 1273 4902 videmus,
1314 4836 1550 4902 habere,
1591 4840 1925 4908 contristari,

350 4915 692 4988 retinereque
757 4920 1132 4978 all'abilitatem
1165 4940 1179 4977 :
1211 4941 1336 4980 naut
1372 4927 1487 4996 ipsa
1516 4928 1731 4996 liducia,
1781 4935 1924 5002 quod

348 5022 615 5076 amemur,
649 5013 940 5080 quamdam
973 5014 1134 5069 habet
1164 5020 1608 5075 reservationetn.

421 5184 511 5239 49.
553 5185 853 5256 Conﬁteor,
939 5191 1138 5250 fratres
1196 5196 1276 5262 (et
1321 5199 1528 5253 utinam
1586 5203 1721 5268 veri,
1781 5209 1924 5271 quod

349 5277 567 5334 dillicile
597 5283 733 5350 est),
769 5283 837 5338 ad
869 5283 1170 5353 simplicem
1213 5303 1500 5344 occursum
1542 5295 1739 5349 tetrico
1771 5297 1920 5351 vultu

351 5384 439 5426 me
489 5371 751 5428 conﬁteor
792 5377 1010 5443 intueri,
1055 5394 1176 5432 cum
1225 5380 1365 5435 forte
1423 5384 1619 5438 hellnis
1667 5401 1920 5450 occurro,

345 5462 553 5518 veritus
581 5479 650 5519 ne
689 5482 777 5522 me
811 5468 1219 5536 aggrediantur.
1251 5472 1494 5528 Cunctor
1527 5479 1693 5532 etiam
1728 5479 1876 5550 loqui
1903 5521 1918 5546 ,

351 5566 419 5606 ne
453 5553 786 5612 dormientes
826 5558 1080 5616 inimicos
1122 5566 1588 5632 expergefaciam.
1632 5571 1701 5625 Ut
1745 5582 1917 5626 totum

347 5643 594 5712 cluantur,
637 5661 740 5700 non
790 5662 910 5701 sunt
959 5650 1098 5706 idem
1145 5669 1207 5709 ac
1258 5658 1371 5711 heri
1425 5662 1564 5713 mala
1609 5665 1924 5719 machinan-

349 5735 516 5802 tibus,
548 5739 664 5793 sive
693 5737 987 5810 loquimur,
1039 5748 1153 5802 sive
1201 5750 1450 5807 silemus.
1502 5753 1740 5811 Mutatus
1771 5773 1914 5826 smn,

348 5841 453 5880 non
516 5829 732 5899 quidem
797 5835 1073 5905 omnibus,
1130 5840 1454 5911 quibusdam
1522 5846 1737 5912 saltem,
1805 5849 1917 5904 sive

2030 4673 2083 4710 τι
2116 4656 2450 4728 ὡρισμένον.
2513 4658 2658 4720 Ἕως
2692 4657 2748 4711 δὲ
2807 4658 2968 4728 ὑμεῖς
3021 4659 3279 4729 εύρίπους
3339 4660 3603 4724 ἑλίσσετε,

2031 4750 2126 4804 καὶ
2176 4749 2312 4820 πρὸς
2349 4749 2583 4803 ἕκαστον
2615 4750 2820 4820 ἄνεμον
2851 4751 3147 4822 στρέφεσθε
3177 4756 3275 4807 καὶ
3324 4752 3608 4821 ἀντιστρέ-

2031 4838 2221 4908 φεσθε,
2252 4839 2442 4908 ἀφίετε
2477 4841 2770 4911 ἡσυχάζειν
2799 4841 2968 4911 ἡμᾶς,
2995 4844 3089 4895 καὶ
3121 4842 3479 4914 βαρύνεσθαι,
3511 4846 3608 4897 καὶ

2035 4933 2262 5004 μνήμην
2291 4932 2462 5005 ἔχειν,
2517 4933 2578 4987 οὒ
2616 4935 2889 5006 βλέπομεν
2941 4935 3137 5001 κακοῦ,
3165 4936 3258 4989 καὶ
3288 4936 3602 5000 λυπεῖσθαι,

2035 5027 2132 5079 καὶ
2162 5026 2380 5096 ἐπέχειν
2400 5028 2462 5079 τὸ
2497 5027 2912 5098 εὐπροσήγορον
2934 5043 2948 5058 ·
2985 5028 3108 5080 ἐπεὶ
3137 5028 3232 5081 καὶ
3259 5029 3316 5080 τὶ
3355 5027 3599 5099 θαρρεἶν,

2033 5117 2108 5181 ὡς
2150 5115 2518 5187 ἀγαπώμεθα,
2543 5118 2748 5187 ἐποχήν
2778 5135 2901 5170 τινα
2927 5117 3064 5187 ἔχει.

2103 5207 2212 5282 μθ’.
2252 5210 2788 5280 ⁸ομολογῶ,άδελφοὶ
2824 5211 2961 5279 (εἴθε
2989 5209 3046 5263 δὲ
3087 5211 3183 5263 καὶ
3211 5210 3450 5280 γνήσιοι,
3481 5210 3605 5262 δυσ-

2028 5303 2203 5366 κόλως
2229 5301 2390 5374 ἔχει),
2423 5303 2504 5366 εἰς
2535 5305 2786 5373 ἐντυχίαν
2825 5303 2928 5373 τὴν
2953 5303 3141 5365 ἁπλῶς
3167 5303 3602 5372 ἔξομολογοῦμαι

2031 5395 2333 5465 σκυθρωπὰ
2375 5394 2622 5464 βλέπειν,
2652 5398 2741 5448 ὅτε
2791 5413 2895 5448 που
2926 5395 3137 5463 θηρίοις
3166 5393 3394 5465 ἐντύχω,
3434 5395 3602 5449 δεδοι-

2030 5485 2162 5552 κὼς,
2219 5485 2294 5555 μή
2337 5501 2470 5538 ποτε
2526 5485 2650 5539 κατ’
2706 5487 2842 5556 ἐμοῦ
2885 5487 3226 5557 πηδὴσωσιν.
3279 5486 3452 5540 Ὀκνῶ
3511 5487 3603 5540 καὶ

2029 5578 2202 5648 αὐτὴν
2253 5578 2466 5643 λαλιὰν,
2522 5579 2596 5649 μὴ
2629 5580 2724 5632 καὶ
2757 5580 3045 5647 ἀφυπνίσω
3069 5579 3297 5650 ἐχθροὺς
3325 5579 3598 5643 εὕδοντας.

2032 5670 2208 5732 Ὄλως
2239 5670 2294 5722 δὲ
2325 5673 2521 5736 εἰπεῖν,
2549 5672 2650 5724 οὐκ
2677 5672 2793 5740 εἰμὶ
2819 5673 3025 5734 ἐκεῖνος
3052 5673 3081 5724 ὀ
3106 5672 3301 5742 πρώην
3318 5676 3435 5734 τοῖς
3459 5674 3601 5726 κακὰ

2031 5763 2474 5830 μηχανωμένοις,
2507 5762 2619 5815 εἴτε
2645 5762 2940 5833 λαλοῦμεν,
2975 5763 3085 5816 εἴτε
3116 5765 3382 5834 σιγῶμεν.
3417 5763 3600 5834 Ἐξηλ-

2023 5851 2256 5922 λαγμαι,
2299 5856 2430 5907 πᾶσι
2463 5854 2561 5925 μὲν
2607 5854 2826 5921 οὔκουν,
2857 5859 2968 5920 τοῖς
2997 5856 3054 5909 δέ
3087 5871 3172 5926 γε,
3205 5858 3311 5912 εἴτε
3341 5857 3596 5926 φίλοφρθ·
