3840 6572
444 456 550 524 455

1153 460 1578 524 EUSTATIIII
1620 456 2388 526 THESSALONICENSIS
2427 457 2995 522 METROPOLITE

3599 459 3695 524 456

447 599 562 635 rem
638 579 863 634 mordax
923 583 1172 636 emittere
1219 583 1462 638 verbum.
1498 582 1598 648 Qui
1635 581 1886 653 jucundze
1948 577 2023 632 iti-

2144 595 2162 629 ι
2202 578 2538 649 ἐξενίκησεν,
2568 577 2820 632 ἐκϐαλεῖν
2849 577 2980 640 ἔπος
3025 593 3080 630 τι
3129 575 3397 648 κέρτομον
3434 577 3573 632 κατά
3604 574 3697 632 τοῦ

447 672 650 728 laritati
681 687 925 728 amarunt
953 673 1189 743 jungens
1215 677 1480 738 animum,
1519 673 1718 728 elevari
1744 673 2021 742 paululum

453 770 504 821 in
537 767 682 822 ulnis
710 768 944 823 hominis
992 768 1149 822 fortis
1227 767 1642 838 grammaticum
1711 765 2019 833 excogitat,

449 869 503 913 et
533 862 718 916 statim
755 876 816 915 ac
844 875 970 915 cum
1010 871 1141 916 ntttu
1195 857 1445 915 sublimis
1477 859 1781 924 extollitur,
1837 859 1887 912 itt
1913 857 2026 911 clu-

451 969 548 1006 nes
576 954 694 1020 ejus
727 954 876 1022 virga
928 963 1011 1008 ter
1043 953 1376 1008 immittitur.
1408 953 1489 1007 Ad
1540 953 1592 1008 id
1624 961 1835 1005 tantum
1901 965 2024 1005 ma-

451 1062 590 1115 gnus
626 1047 714 1101 ille
753 1050 857 1103 dux
907 1049 1167 1102 ultionem
1211 1063 1432 1102 mensus
1487 1056 1590 1102 est.
1650 1043 1798 1102 Illius
1842 1055 2022 1100 autent

453 1139 656 1192 vultum
695 1139 1054 1194 circumdedit
1105 1141 1300 1208 pudor,
1334 1139 1566 1193 naturali
1621 1137 2021 1209 pulchritudini

450 1245 715 1298 roseoque
742 1231 908 1286 colori
951 1232 1201 1287 ruborem
1256 1229 1620 1286 substituens.
1669 1227 1803 1285 Cum
1869 1246 2022 1294 vero,

450 1330 734 1390 postquam
806 1323 1070 1378 urbanum
1128 1323 1498 1393 impudentem
1551 1323 1633 1376 sic
1663 1322 2022 1393 pudefet'erit,

453 1414 753 1468 surrexerit
787 1415 964 1470 bonus
990 1429 1180 1479 senex,
1211 1412 1598 1485 transieritque
1625 1415 2021 1480 lithostrotum,

451 1514 504 1558 et
535 1507 602 1559 ad
648 1507 824 1562 locum
878 1523 1036 1562 suum
1125 1509 1664 1580 appmpinquaverit,
1729 1510 2024 1563 comitante

452 1613 573 1651 tneo
609 1599 868 1669 magistro
928 1600 1357 1668 miserantesqne
1426 1600 1616 1655 oculos
1652 1600 1706 1656 in
1768 1601 2022 1670 juvenem

451 1692 802 1759 conjiciente,
859 1692 950 1748 ille
998 1693 1222 1747 minime
1290 1692 1432 1747 labia
1489 1691 1765 1761 aperiens,
1817 1686 2022 1747 homini

450 1784 646 1840 similis
725 1801 836 1841 nou
906 1784 1223 1855 intelligenti
1291 1785 1437 1856 quod
1523 1787 1726 1841 factum
1783 1793 1889 1852 cst,
1927 1799 2024 1840 oc-

2126 669 2473 742 γεραιτέροο.
2505 689 2522 722 ι
2555 670 2665 725 Καὶ
2686 668 2745 732 6;
2771 668 3052 740 ίλαρότητι
3078 668 3324 740 γλυκερᾷ
3357 667 3528 739 θυμὸν
3554 667 3698 740 ὀψιν-

2077 834 2079 836 η
2129 763 2271 834 θὼδη
2332 762 2844 834 συγκερασάμενος,
2891 760 3126 832 ἀρθῆναι
3184 760 3278 814 τὸν
3315 761 3695 832 γραμματικὸν

2127 859 2389 910 ἐννοεῖται
2445 856 2722 928 μετέωρον
2765 853 2949 926 ἠρέμα
3004 854 3096 907 ἐπὶ
3145 852 3404 921 ἀγκαλῶν
3457 853 3694 922 γενναίου

2126 948 2353 1020 ἀνδρόςο
2401 949 2496 1002 καλ⁴
2548 947 2748 1001 αύτὲκα
2786 946 2814 998 6
2854 943 2958 1012 μέν
3007 946 3125 1014 ἅμα
3175 943 3409 1013 νεύματι
3463 944 3693 1013 αἴρεται,

2126 1043 2221 1093 καὶ
2257 1040 2454 1112 ρἀδος
2487 1037 2597 1094 τῶν
2630 1034 2840 1094 ἐκείνου
2883 1037 3128 1106 γλουτῶν
3155 1035 3464 1108 κατηνέχθη
3496 1039 3691 1107 ἐστρίς.

2137 1129 2260 1187 Ἐπὶ
2293 1133 2547 1187 τοσοῦτον
2571 1132 2598 1186 6
2627 1134 2799 1204 μέγας
2847 1131 3034 1202 ἄρχων
3063 1129 3164 1201 τὴν
3197 1130 3547 1196 ἐπεξέλευσιν
3575 1131 3695 1200 ἐμε-

2125 1231 2338 1298 τρίασε.
2371 1227 2478 1280 Τοῦ
2513 1221 2570 1280 δέ
2600 1226 2750 1294 ὅμως
2789 1223 2953 1290 αίδὼς
2989 1224 3251 1296 περιῆλθε
3281 1223 3344 1278 τὸ
3388 1224 3692 1296 πρόσωπον,

2125 1315 2513 1391 ἀντιλάμψασα
2543 1317 2620 1389 τῷ
2685 1319 2749 1373 ἐκ
2775 1318 2992 1387 φύσεως
3023 1317 3214 1374 κάλλει
3246 1318 3325 1389 τῷ
3361 1317 3693 1388 ἐρυθροὸάνῳ

2123 1406 2220 1466 τοῦ
2249 1411 2618 1484 ἐρυθήματος.
2659 1411 2749 1476 Ὠς
2777 1411 2834 1464 δέ
2860 1411 2951 1465 τὸν
2975 1412 3192 1466 ἀστεῖον
3221 1410 3408 1482 ἀναιδῆ
3433 1412 3495 1472 ἐς
3523 1409 3694 1464 τοσοῦ-

2124 1523 2218 1560 τον
2255 1503 2519 1576 αἰσχύνας
2549 1503 2814 1572 ἐξανέστη
2847 1507 2876 1560 6
2908 1505 3071 1565 καλὸς
3105 1503 3306 1576 γέρων,
3330 1504 3423 1560 καὶ
3479 1503 3542 1558 τδ
3570 1503 3699 1558 λιθό-

2126 1613 2369 1669 στρωτον
2395 1595 2572 1670 διέϐη,
2593 1599 2690 1653 καὶ
2709 1599 2822 1664 τοῖς
2879 1598 3044 1654 αὐτοῦ
3069 1599 3287 1672 ἧγγιζε,
3303 1597 3694 1669 συνομαρτοῦνο

2125 1707 2215 1752 τος
2251 1689 2346 1744 καὶ
2385 1688 2591 1761 τούμοῦ
2617 1689 2971 1756 διδασκάλου,
2994 1690 3088 1745 καὶ
3118 1685 3498 1753 δυσωποῦντος
3517 1689 3604 1741 ἐπὶ
3625 1688 3694 1760 τῷ

2125 1783 2314 1854 νεανίᾳ
2347 1784 2429 1845 είς
2457 1783 2627 1849 ἔλεον,
2661 1784 2870 1847 ἐκεῖνος
2897 1784 2978 1845 εἰς
3005 1779 3159 1837 ούδέν
3187 1777 3312 1836 οῦδέ
3352 1781 3693 1854 παρανοίγων

451 1877 597 1946 cepit
676 1879 964 1933 stationem
1034 1878 1101 1934 ad
1152 1887 1363 1946 portam
1435 1878 1666 1950 ligneam
1731 1887 2020 1948 agrestem.

2129 1876 2196 1930 τά
2226 1875 2403 1947 χείλη.
2446 1875 2524 1939 ὡς
2582 1875 2683 1930 ούκ
2746 1875 2918 1930 ἀΐοντι
2969 1868 3183 1939 ἐοικὼς,
3233 1873 3263 1929 6
3290 1873 3356 1945 δὴ
3389 1872 3692 1945 πεποίηται,

451 1969 628 2032 qualis
677 1969 974 2036 sapientem
1019 1970 1324 2041 Odyssettm
1377 1971 1591 2039 excepit
1659 1971 1880 2025 domum
1942 1985 2027 2025 re-

452 2075 690 2114 versum.
723 2058 930 2114 Exinde
961 2076 1092 2128 puer
1157 2062 1395 2130 seipsum
1451 2061 1706 2128 ligatione
1767 2076 2025 2116 manuum

453 2159 579 2205 ante
609 2159 800 2220 pectus
827 2151 1020 2206 vincit.
1055 2152 1116 2206 Et
1145 2153 1322 2221 primo
1358 2153 1576 2223 quidem
1607 2152 1756 2207 vultu
1789 2150 2026 2209 demisso

456 2251 600 2296 astat
627 2241 788 2297 etiam
842 2242 1114 2310 lacrytnas
1167 2243 1394 2299 fundere
1440 2254 1658 2314 paratus
1687 2261 1702 2309 ;
1731 2254 2026 2315 posteaque

453 2343 617 2401 Caput
654 2332 770 2387 solo
807 2333 1126 2402 suppliciter
1155 2336 1580 2405 appropinquat,
1609 2353 1717 2392 non
1757 2347 1902 2391 metu
1959 2338 2024 2392 ad

453 2426 875 2480 commationem
945 2438 1219 2493 movente,
1287 2428 1378 2483 sed
1431 2429 1632 2485 mentis
1695 2429 2025 2484 urbanitate.

453 2516 721 2587 Loquitur
741 2519 903 2572 etiam
953 2521 1258 2576 miseranda
1349 2522 1494 2576 sicut
1546 2536 1662 2577 mos
1708 2533 1812 2587 est,
1888 2523 2026 2583 (haec

452 2619 610 2664 erant
655 2611 864 2677 seena),
908 2611 1180 2682 simulque
1208 2613 1448 2683 loquitur
1476 2624 1530 2669 et
1561 2631 1712 2671 meus
1741 2617 2024 2687 magister,

453 2701 548 2757 sed
589 2703 702 2768 ipse
738 2703 952 2758 sincero
987 2704 1182 2774 corde;
1217 2714 1273 2760 et
1301 2705 1564 2762 inducunt
1604 2707 1763 2764 ambo
1812 2708 2028 2778 sapien-

455 2803 563 2848 tem
597 2797 662 2848 ad
697 2795 833 2850 bona
857 2799 1217 2867 cogitantem,
1253 2815 1413 2855 sacer
1432 2801 1652 2871 quidem
1685 2803 1770 2856 vir
1812 2802 1865 2857 in
1895 2803 2028 2859 sim-

455 2885 729 2955 plicitate,
755 2887 972 2954 juvenis
1024 2901 1203 2944 autem
1235 2893 1289 2946 in
1319 2891 1662 2958 iucunditate
1690 2895 1838 2949 intus
1864 2895 2029 2950 dissi-

456 2977 680 3034 mulata.
721 2978 858 3034 Cum
896 2992 1073 3035 autem
1121 2985 1376 3052 utrinque
1439 2985 1678 3056 placatus
1725 3001 1872 3044 esset
1911 2990 2024 3057 ille,

459 3069 1000 3138 misericordiamque
1059 3074 1271 3139 annuit,
1323 3089 1384 3126 ac
1421 3075 1634 3145 signum
1687 3078 1832 3131 dedit
1866 3078 2028 3148 ntjn-

459 3160 607 3215 venis
639 3176 802 3231 super
833 3172 1030 3217 terram
1076 3163 1269 3232 jacens
1315 3175 1598 3236 exsurgat,
1630 3169 1688 3220 tit
1721 3168 1772 3222 in
1805 3170 2030 3224 urbani-

2131 1970 2415 2025 κατέκλινε
2463 1970 2560 2040 τὴν
2609 1968 2797 2023 στάσιν
2828 1967 2908 2034 είς
2957 1966 3110 2024 ούδὺν
3143 1967 3354 2034 ξύλινον
3386 1968 3690 2040 ἀγροτικδν,

2127 2065 2311 2126 όποῖος
2334 2061 2550 2117 καὶτὸν
2591 2056 2754 2131 σοφὸν
2794 2061 3059 2116 Ὀδυσσέα
3105 2059 3376 2126 ἐδεξιοῦτο
3403 2061 3548 2115 οἴκοι
3608 2061 3692 2113 ἐπ-

2129 2154 2526 2222 αναζεύξαντα.
2543 2150 2832 2208 Ἐντεῦθεν
2853 2155 2880 2207 6
2914 2154 3044 2215 παῖς
3067 2153 3262 2207 ἐαυτὸν
3289 2152 3485 2222 δεσμεῖ
3506 2148 3581 2224 τῷ
3601 2151 3692 2223 πρὸ

2127 2243 2224 2300 τοῦ
2256 2245 2486 2316 στήθους
2519 2245 2797 2314 πλέγματι
2831 2245 2944 2298 τῶν
2973 2244 3195 2316 χειρῶν.
3239 2245 3347 2298 Καὶ
3377 2243 3575 2318 πρῶτα
3607 2243 3693 2315 μὲν

2129 2339 2460 2411 παρίσταται
2488 2340 2763 2409 κατηφὴς,
2825 2338 3023 2393 ἐθέλων
3069 2337 3166 2392 καὶ
3224 2337 3493 2408 ἔνδακρυς
3525 2330 3690 2393 εἶναι·

2129 2427 2247 2486 εἶτα
2276 2432 2371 2486 καὶ
2402 2430 2481 2503 τῷ
2523 2431 2710 2500 ἐδάφει
2741 2430 2991 2484 πιστεύει
3037 2430 3137 2501 τὴν
3166 2428 3412 2500 κεφαλὴν
3441 2430 3674 2484 ἐκετευτι

2130 2529 2264 2593 κῶς,
2315 2525 2377 2581 ού
2437 2525 2604 2596 φόϐου
2661 2523 3050 2587 ὑποκινοῦντος
3082 2524 3162 2588 εἰς
3214 2523 3409 2586 πάθος,
3440 2517 3579 2576 ἀλλά
3608 2522 3692 2590 τῆς

2130 2620 2273 2675 κατά
2323 2619 2502 2689 ψυχὴν
2535 2616 2902 2686 ἀστειότητος.
2959 2615 3128 2670 Δαλεϊ
3173 2613 3236 2685 δὴ
3269 2614 3364 2668 καὶ
3409 2613 3603 2684 οίκτρᾶ
3628 2611 3692 2675 ὡς

2129 2711 2292 2784 ἐῴκει
2329 2711 2467 2782 (τάδ’
2489 2705 2633 2782 ἦσαν
2667 2707 2888 2781 σκηνὴ),
2921 2703 3246 2763 συνεκλαλεῖ
3275 2705 3333 2761 δέ
3386 2707 3483 2760 καὶ
3510 2709 3536 2759 ό
3577 2704 3689 2775 ἐμδ,

2127 2805 2469 2868 διδάσκαλος,
2491 2801 2606 2858 ἀλλ’
2634 2803 2799 2867 αὐτὸς
2824 2801 3244 2872 ἐνδιακειμένως
3269 2818 3284 2834 ·
3311 2801 3406 2857 καὶ
3429 2801 3688 2855 πείθουσιν

2127 2898 2295 2968 ἄμφω
2324 2897 2414 2951 τὸν
2440 2896 2602 2964 σοφὸν
2631 2897 2711 2960 είς
2738 2895 2920 2963 ἀγαθά
2947 2893 3194 2960 νοοῦντα,
3218 2895 3247 2948 6
3271 2895 3370 2966 μὲν
3400 2894 3546 2965 ἱερὸς
3569 2892 3688 2962 ἀνὴρ

2130 2990 2187 3042 ἐν
2215 2988 2498 3056 ἁπλότητι,
2531 2989 2558 3041 6
2587 2987 2643 3040 δέ
2675 2987 2797 3051 νέος
2831 2986 3114 3057 ἐνδομύχῳ
3171 2986 3456 3060 στυφούσῃ
3509 2984 3687 3054 γλυκύ-

2125 3078 2376 3146 τητι.Ὥς
2411 3079 2467 3132 δέ
2499 3078 2778 3150 ἐμαλάχθη
2812 3079 3155 3149 ἑκατέρωθεν
3181 3080 3414 3144 ἐκεῖνος,
3440 3079 3542 3133 καὶ
3565 3095 3686 3131 κατε

2131 3171 2348 3226 ένευσεν
2380 3171 2550 3235 ἔλεον,
2573 3172 2664 3224 καὶ
2713 3170 2778 3240 δὴ
2821 3173 2915 3228 καὶ
2941 3171 3219 3245 ἐξέγερσιν
3249 3171 3344 3225 τοῦ
3372 3173 3502 3227 νέου
3525 3172 3586 3225 ἐκ
3608 3169 3686 3223 τοῦ

459 3265 571 3310 tate
623 3270 756 3324 puer
777 3256 966 3311 activa:
1000 3257 1271 3313 solertiae:
1308 3270 1468 3329 caput
1517 3261 1569 3314 itt
1605 3271 1806 3316 terram
1856 3265 2021 3318 verti-

2129 3264 2272 3319 κατά
2295 3265 2394 3333 γῆς
2419 3265 2656 3331 κεῖσθαι,
2679 3265 2888 3334 γίνεται
2909 3266 3007 3334 τῆς
3035 3267 3290 3336 ἐνεργοῦς
3312 3265 3370 3319 ἐν
3396 3263 3686 3332 ἁστειότητι

455 3348 572 3401 cale
607 3347 851 3413 ﬁrmans,
886 3359 1210 3420 tergumque
1245 3353 1420 3420 magis
1453 3354 1765 3422 incurvans,
1796 3366 1852 3410 et
1880 3359 2022 3424 seipo

453 3453 572 3493 sum
595 3453 793 3508 gyrans
835 3451 889 3493 ut
924 3441 1205 3496 incurvum
1251 3459 1458 3510 arcum,
1513 3445 1711 3501 deinde
1767 3449 1932 3515 pedes
1973 3450 2026 3504 in

455 3529 684 3584 sublime
745 3529 934 3586 tollens
976 3533 1042 3586 ad
1105 3534 1276 3589 instar
1320 3535 1465 3591 illius
1534 3538 1624 3606 qui
1691 3541 1898 3596 relatus
1929 3551 2020 3596 est

454 3619 763 3690 gesticulari
797 3635 1050 3676 manuum
1111 3623 1232 3678 loco
1271 3626 1550 3692 cruribus,
1603 3637 1660 3683 et
1716 3630 1797 3685 sic
1849 3633 2028 3701 capite

456 3714 706 3768 deorsum
743 3715 922 3784 posito
990 3715 1056 3768 de
1078 3715 1278 3783 jacenti
1324 3732 1578 3789 surgens,
1627 3720 1764 3775 etin
1821 3733 2027 3777 rectum

455 3819 516 3859 se
554 3805 853 3874 sustinens,
910 3809 1212 3874 posteriora
1270 3811 1486 3881 projicit
1533 3812 1584 3866 in
1647 3812 2024 3869 mirabundum

455 3911 668 3960 senem.
709 3906 764 3952 et
811 3899 1075 3954 violenter
1136 3899 1398 3968 incidens,
1436 3903 1692 3973 illumque
1721 3905 2026 3976 proripiens

458 3987 508 4041 in
536 3999 802 4059 agrestem
833 3991 1234 4060 domunculam,
1278 3999 1577 4067 resupinat,
1649 4010 1700 4054 et
1729 4001 1781 4054 in
1843 4002 2023 4070 ipsum

454 4079 643 4132 eodem
677 4079 860 4134 habitu
921 4082 1086 4144 cadit,
1140 4083 1360 4154 suisque
1419 4087 1603 4155 pronis
1635 4087 1804 4158 ipsius
1835 4093 2024 4158 supina

455 4170 721 4236 percutit;
753 4183 915 4242 caput
945 4172 1158 4242 quidem
1191 4189 1256 4228 ex
1315 4176 1459 4233 illius
1492 4179 1717 4246 pedibus
1766 4181 2024 4246 educens,

455 4258 570 4328 ipse
621 4276 745 4314 vero
776 4274 938 4333 caput
964 4265 1078 4334 ejus
1118 4266 1340 4337 forcipis
1369 4270 1541 4325 instar
1574 4281 1786 4329 tenens.
1852 4271 2027 4328 luter-

453 4362 518 4403 ea
587 4350 804 4420 quidem
841 4355 982 4409 risus
1004 4357 1292 4428 utrobique
1349 4361 1526 4415 nttllus
1575 4371 1716 4425 erat,
1761 4363 1855 4417 sed
1910 4379 2027 4418 om-

455 4457 552 4497 nes
583 4447 744 4499 anxie
781 4446 1091 4516 stupebant,
1139 4452 1285 4520 quod
1317 4449 1397 4506 sic
1433 4467 1563 4518 puer
1591 4453 1692 4508 iste
1755 4455 1915 4510 talem
1957 4457 2025 4510 il-

454 4535 678 4590 lusisset
710 4535 908 4602 virum,
957 4539 1314 4612 altricemque
1376 4543 1670 4610 sperabant
1733 4549 2025 4604 correctio-

2134 3358 2384 3428 μηχανῆς
2415 3359 2444 3411 ό
2480 3359 2638 3421 παῖς·
2668 3361 2764 3412 καὶ
2796 3359 2897 3428 τὴν
2927 3359 3173 3431 κεφαλὴν
3201 3359 3283 3423 είς
3309 3359 3415 3428 γῆν
3445 3356 3513 3413 εῦ
3557 3355 3686 3428 μάλα

2132 3452 2438 3521 κορυφαίαν
2485 3449 2722 3522 ἐρείσας,
2759 3451 2853 3505 καὶ
2879 3452 2946 3505 τὰ
2977 3451 3106 3521 ἐξῆς
3149 3454 3380 3506 νωτιαῖα
3427 3453 3508 3516 είς
3541 3451 3685 3503 πλέον

2131 3543 2535 3613 ἐπικυρτὼσας,
2587 3544 2681 3618 καὶ
2719 3542 2973 3616 γυρὼσας
3010 3545 3202 3599 ἑαυτὸν
3247 3543 3383 3597 ὡσεὶ
3429 3560 3526 3598 και
3553 3545 3684 3608 τόξον

2131 3633 2339 3705 ραιϐὸν,
2375 3629 2493 3687 εἶτα
2545 3633 2622 3687 τὼ
2655 3634 2780 3688 πόδε
2833 3635 2914 3698 είς
2975 3635 3255 3705 μετέωρον
3295 3634 3514 3706 ἐπάρας
3564 3635 3684 3688 κατὰ

2128 3725 2220 3780 τὸν
2249 3725 2604 3796 ίστορηθέντα
2634 3727 2976 3798 χειρονομεῖν
3001 3725 3239 3792 σκέλεσι,
3266 3727 3361 3780 καὶ
3382 3724 3554 3790 οῦτως
3578 3726 3686 3778 ἀνα-

2131 3818 2260 3881 στὰς
2293 3818 2355 3870 ἐκ
2381 3817 2474 3870 τοῦ
2506 3817 2721 3872 κεῖσθαι
2755 3817 3063 3890 κύμϐαχος,
3112 3819 3207 3873 καὶ
3263 3821 3543 3882 συστῇσας
3575 3819 3683 3871 ἐαυ-

2129 3909 2222 3960 τὸν
2257 3909 2336 3971 είς
2360 3907 2566 3980 ὄρθιον,
2593 3909 2934 3978 καταράσσει
2965 3913 3034 3964 τὰ
3067 3911 3247 3964 ὀπίσω
3278 3911 3424 3964 κατά
3452 3910 3545 3964 τοῦ
3575 3910 3664 3962 θαυ

2133 4003 2482 4071 μασιωτάτου
2518 4001 2797 4070 γέροντος,
2825 4003 2916 4055 καὶ
2943 4001 3122 4072 βίαιος
3162 4001 3533 4066 ἐπεισπεσὼν,
3559 4001 3683 4052 ἐκεῖ·

2129 4092 2220 4145 νόν
2269 4108 2327 4144 τε
2382 4088 2734 4162 καταρῤίψας
2783 4090 2893 4144 ἔσω
2928 4091 3023 4144 τοῦ
3058 4087 3384 4161 ἀγροικικοῦ
3436 4088 3680 4149 οίκίσκου,

2130 4182 2403 4249 ύπτιάξει,
2441 4185 2535 4237 καὶ
2564 4182 2729 4237 αύτδν
2761 4183 3051 4237 ἐπιπίπτει
3095 4183 3240 4236 κατά
3274 4181 3466 4252 σχῆμα
3495 4183 3678 4249 ὅμοιον.

2129 4276 2224 4330 καλ⁵
2259 4276 2487 4347 πλήττει
2522 4279 2635 4336 τοῖς
2663 4274 2790 4330 καθ’
2817 4274 3012 4329 ἐαυτὸν
3044 4274 3283 4346 πρανέσι
3313 4275 3384 4328 τά
3412 4273 3532 4326 κατ’
3557 4271 3679 4324 ἐκεῖ·

2128 4387 2220 4422 νον
2259 4367 2447 4432 ῦπτια,
2472 4368 2716 4438 κεφαλὴν
2755 4369 2855 4438 μέν
2882 4370 2994 4433 τοῖς
3041 4368 3254 4422 ἐκείνου
3301 4368 3462 4420 ποσὶν
3516 4362 3678 4419 ἐκκλί-

2128 4478 2246 4525 νας,
2281 4461 2444 4524 αὐτὸς
2473 4462 2518 4514 δ’
2542 4459 2613 4515 αὖ
2650 4461 2752 4530 τῆς
2794 4461 3007 4514 ἐκείνου
3042 4461 3336 4530 πυράγρας
3379 4460 3575 4528 τρόπον
3601 4457 3679 4508 λαο

2129 4552 2380 4622 ϐόμενος.
2450 4550 2578 4608 Ἐπὶ
2618 4551 2832 4616 τούτοις
2886 4552 3065 4618 γέλως
3117 4552 3216 4622 μὲν
3251 4545 3320 4622 ἦν
3372 4547 3679 4619 οὐδαμόθεν,

455 4643 603 4684 nem.
631 4628 766 4683 Cum
795 4639 976 4682 autent
1008 4630 1164 4685 heros
1205 4631 1295 4686 ille
1325 4646 1493 4700 super
1517 4633 1814 4702 juvenileut
1850 4639 2022 4695 soler-

2128 4618 2266 4700 ἀλλά
2297 4643 2499 4708 πάντες
2529 4645 2920 4715 ἐτεθήπεισαν,
2949 4645 3000 4698 εί
3035 4618 3180 4698 οῦτω
3211 4618 3344 4706 παῖς
3373 4618 3575 4701 ἐκεῖνος
3597 4638 3677 4692 ἀν·

457 4718 584 4773 tiam
615 4718 808 4773 leniter
857 4718 1057 4774 eﬂusus
1086 4732 1191 4785 est,
1223 4732 1276 4778 et
1304 4723 1546 4780 nubilum
1575 4729 1740 4797 quod,
1776 4739 1832 4782 ut
1861 4743 2022 4785 natu-

455 4808 567 4863 rale
595 4819 701 4871 est,
745 4808 797 4864 in
858 4810 1062 4865 vultum
1129 4813 1246 4884 ejus
1307 4828 1689 4885 praecurrerat,
1752 4822 2023 4879 hilaritate

452 4900 859 4956 dulcifractum
914 4903 1154 4970 evanuit,
1228 4908 1561 4966 exsultantes
1638 4915 1703 4966 de
1789 4915 2024 4968 circum-

453 4993 618 5049 Slattti
660 4994 838 5060 turba,
871 4995 970 5065 ipsi
1009 4999 1172 5067 gavisi
1213 5012 1357 5071 sunt,
1387 5013 1439 5057 et
1485 5002 1736 5072 juvenem
1783 5008 2020 5062 solutum

454 5083 802 5139 dimiserunt.

524 5372 615 5427 53.
649 5373 782 5440 Quis
819 5389 952 5445 ergo
1000 5379 1288 5446 spondebit
1320 5396 1418 5437 nos
1467 5398 1683 5454 quoque
1735 5401 1844 5441 non
1892 5387 2021 5442 irri-

451 5462 566 5518 deri
613 5464 814 5519 talibus
849 5467 1293 5525 adorationibusi
1323 5471 1548 5542 Insuper
1579 5475 1622 5528 si
1683 5478 1806 5545 quis
1865 5479 2022 5533 dubi-

452 5564 551 5620 tat,
580 5555 708 5624 quid
759 5556 970 5611 tandem
1031 5559 1098 5612 de
1138 5571 1356 5624 cattero,
1418 5566 1460 5617 si
1497 5567 1651 5621 nobis
1684 5574 1866 5622 omnia
1895 5580 2022 5625 sunt

450 5651 718 5713 suspecta,
760 5643 1066 5700 faciendum
1132 5647 1224 5712 sit,
1282 5649 1392 5704 Ιιειιο
1435 5653 1698 5708 dubitatio
1731 5658 1810 5712 sic
1844 5659 2022 5712 solve-

452 5745 564 5800 tur,
602 5737 828 5794 fratres:
882 5741 1022 5808 quod
1084 5759 1184 5814 ego
1225 5745 1386 5810 facio,
1443 5745 1628 5813 facite,
1686 5765 1787 5803 nec
1850 5753 2020 5820 magis

451 5842 613 5895 qttam
642 5843 742 5898 ego
770 5833 947 5899 nobis,
980 5848 1076 5887 vos
1102 5836 1323 5891 ambite.
1377 5837 1511 5892 Cum
1554 5849 1733 5894 autem
1765 5840 1929 5896 Deum
1965 5851 2021 5897 et

454 5928 672 5973 sanctos
699 5916 817 5986 ejus
849 5919 1233 5992 deprecamini,
1264 5931 1391 5981 tunc
1425 5926 1580 5985 vobis
1609 5928 1755 5997 licet,
1795 5931 1839 5988 si
1894 5946 2013 6001 pos-

2126 4736 2228 4806 δρα
2259 4733 2500 4790 τοιοῦτον
2528 4735 2930 4804 κατεσοφίσατό
2954 4750 2969 4765 ·
2998 4735 3092 4788 καὶ
3113 4734 3343 4806 ἧλπιζον
3372 4728 3678 4796 κολαστικὴν

2127 4828 2430 4883 παίδευσιν.
2473 4829 2562 4891 ’ος
2611 4828 2667 4881 δέ
2716 4831 2743 4882 ό
2777 4829 2928 4899 ἥρως
2979 4828 3185 4889 ἐκεῖνος
3236 4825 3458 4896 διεχέθη
3505 4823 3592 4876 ἐπὶ
3620 4822 3674 4887 τῇ

2125 4922 2426 4990 νεωτερικῇ
2452 4919 2740 4991 δεξιότητι,
2760 4923 2855 4974 καὶ
2881 4919 2946 4972 τὸ
2967 4914 3056 4972 οἷα
3078 4918 3226 4982 είκδς
3256 4915 3569 4988 προδραμὺν
3594 4911 3676 4964 τοῦ

2126 5011 2272 5065 κατά
2326 4995 2623 5081 πρόσωπον
2661 5013 2871 5065 ἐκείνου
2919 5011 3082 5080 νέφος
3142 5009 3422 5080 ἱλαρότητι
3471 5003 3674 5075 γλυκείᾳ

2126 5101 2470 5173 περιῤῥαγέν
2507 5101 2773 5172 ἀπῆλθεν,
2805 5100 3211 5172 ὑπερησθέντες
3241 5100 3302 5152 τὺ
3335 5093 3672 5168 περιεστηκὸς

2127 5192 2317 5262 στίφος
2365 5192 2522 5246 αὐτοί
2559 5209 2615 5245 τε
2652 5194 2952 5264 ἐχάρησαν,
2993 5191 3088 5245 καὶ
3133 5190 3225 5244 τδν
3261 5190 3428 5245 παῖδα
3472 5186 3672 5243 συνέλυ·

2125 5300 2246 5338 σαν.

2195 5375 2290 5431 νδ’.
2335 5375 2434 5437 Τίς
2469 5375 2536 5444 δὴ
2566 5373 2660 5428 οῦν
2694 5375 3052 5446 ἐγγυήσεται.
3088 5375 3164 5444 μὴ
3212 5376 3310 5428 καὶ
3341 5374 3488 5444 ἡμᾶς
3519 5386 3670 5424 ιιειτα⁸

2122 5465 2486 5540 χλευάζεσθαι
2512 5464 2779 5528 τοιούτοις
2802 5465 3086 5536 προσκυνή
3096 5481 3261 5533 μασιν
3284 5481 3300 5529 ;
3342 5465 3462 5517 Ἐπὶ
3481 5462 3669 5522 τούτοις

2124 5563 2177 5614 εί
2199 5577 2282 5622 τις
2315 5561 2646 5630 ἐπαποροίη,
2676 5559 2704 5612 ὃ
2733 5559 2787 5611 τί
2817 5575 2949 5612 ποτε
2984 5558 3079 5611 τοῦ
3107 5557 3300 5612 λοιποῦ
3342 5558 3602 5629 ποιητέον,
3627 5555 3668 5606 εἰ

2124 5657 2302 5710 πάντα
2348 5658 2481 5725 ἡμῖν
2515 5652 2759 5717 ῦποπτα,
2816 5651 3099 5706 λελύσεται
3130 5654 3190 5704 τὸ
3234 5653 3443 5722 ἄπορον
3496 5652 3666 5710 οὕτως,

2124 5748 2342 5817 ἀδελφοὶ
2367 5763 2382 5780 ο
2405 5747 2434 5799 ὃ
2461 5745 2572 5815 ἐγὼ
2617 5731 2780 5817 ποιῶ,
2826 5749 3054 5810 ποιεῖτε,
3090 5747 3184 5800 καὶ
3220 5747 3295 5815 μὴ
3323 5743 3666 5814 φιλοτιμεῖσθε

2125 5840 2328 5904 πλεῖον,
2348 5833 2518 5909 οὗπερ
2547 5840 2683 5910 ἡμῖν,
2703 5835 2833 5905 ἐγώ.
2855 5837 2988 5893 Ὅτε
3017 5837 3074 5891 δέ
3100 5837 3221 5909 Θεῷ
3255 5839 3350 5891 καὶ
3377 5840 3486 5901 τοῖς
3509 5835 3662 5903 ἁγίοις

2123 5929 2292 5985 αὑτοῦ
2345 5921 2617 6001 εὔχοισθε,
2647 5929 2772 5984 τότε
2799 5927 2865 5999 δὴ
2889 5912 3020 5994 ἐξὸν
3067 5927 3219 6000 ὑμῖν,
3251 5928 3365 6000 είγε
3397 5928 3485 5984 καὶ
3524 5923 3664 5979 66v:-
