3840 6558
195 408 280 472 461
1164 400 1462 461 CONTRA
1508 398 2005 461 lNJURIARUM
2046 401 2490 477 MEMORIA“,
3324 411 3429 477 452

254 520 308 587 ξ’.
346 519 448 571 Καὶ
498 515 736 580 τοιοῦτος
796 513 895 585 μὲν
928 515 955 567 ὁ
997 515 1071 577 ὡς
1134 514 1333 585 ἐρῤἐθη
1372 490 1737 584 ⁸’μεμνημένος

1915 518 2001 571 60.
2041 516 2190 571 Talis
2256 516 2472 585 quidem
2509 527 2591 572 est
2631 518 2721 575 ille
2774 521 2886 589 qui,
2916 521 3056 576 sicut
3090 522 3291 579 dictum
3325 536 3431 581 est.

190 614 363 675 κακοῦ,
396 610 683 679 ἄνθρωπος
719 608 792 661 ὣν
812 609 1018 670 ἐκεῖνος
1049 607 1389 675 ὲμμέριμνο;
1419 608 1516 658 καὶ
1555 607 1702 673 ἀσφα

1916 609 2169 663 cordatur
2229 610 2375 673 mali,
2442 625 2565 665 cum
2615 614 2874 667 sithomo
2938 614 3157 671 sedulus
3196 626 3250 671 et
3284 628 3432 676 tutus

190 708 271 771 λῆς
295 706 383 755 καὶ
424 701 671 754 πλουτῶν
712 701 769 753 ἐν
802 700 1036 763 συνέσει,
1062 698 1153 752 καί
1181 715 1243 765 γε
1278 699 1373 751 καὶ
1420 698 1584 762 αὐτὸς
1632 698 1701 767 ἐμ

1936 701 2233 767 prudentiae
2272 702 2427 758 bonis
2455 704 2622 767 dives,
2663 714 2787 759 ante
2811 715 3064 774 retroque
3094 707 3297 773 videns,
3319 710 3434 775 sive

190 796 402 865 προσοεν
433 795 523 847 καὶ
560 792 788 846 ὄπισθεν
826 790 1059 861 βλέπων,
1096 791 1193 843 εἴτ’
1222 790 1316 843 οῦν
1349 793 1461 853 τοῖς
1494 790 1706 860 φθάσασ

1912 792 2135 847 aeteritis
2194 794 2376 848 futura
2432 796 2791 866 prtesagiens,
2822 798 2901 850 vel
2941 812 3035 867 per
3061 800 3425 868 suspicionem

188 890 244 940 τὰ
289 887 563 940 είσέπειτα
621 885 653 953 ἢ
704 883 1172 954 τεκμαιρόμενος,
1226 884 1257 952 ἢ
1305 881 1427 933 καθ’
1472 881 1696 935 ὑπόνοια

1912 881 2179 949 uaginztns;
2233 883 2323 939 illc
2357 900 2483 941 vero
2508 887 2594 955 qui
2680 900 2837 941 secus
2870 888 2993 940 mali
3064 889 3309 945 meminit
3364 891 3428 943 ad

189 981 631 1050 φαντασιοῦμενος
669 995 684 1009 ·
722 979 750 1030 ό
792 977 837 1030 δ’
887 976 1064 1039 ἄλλως
1147 975 1496 1045 μεμνημένος
1558 991 1698 1028 κακο

1913 972 2162 1035 udietam,
2212 977 2325 1031 sive
2378 991 2537 1030 unam
2595 978 2788 1042 solam,
2822 978 2935 1032 sive
2984 978 3429 1048 diversas,quod

188 1073 305 1143 πρὸς
344 1071 573 1139 ἄμυναν,
623 1070 731 1123 εἴτε
781 1069 910 1140 μίαν
950 1066 1095 1133 τινὰ,
1134 1066 1245 1119 εἴτε
1282 1067 1373 1118 καί
1419 1064 1704 1135 διαφόρους

1914 1071 1928 1115 ι
1959 1064 2282 1119 diabolicutu
2316 1107 2330 1130 ,
2360 1082 2493 1137 pure
2551 1068 2677 1121 mali
2710 1084 2914 1125 memor
2938 1077 3021 1123 est
3053 1076 3106 1122 ct
3136 1069 3289 1122 valde
3309 1071 3430 1131 dis-

187 1165 325 1218 τοῦτο
374 1163 436 1229 δὴ
489 1163 550 1215 τὸ
585 1162 965 1231 δαιμονιῶδες,
1032 1159 1420 1229 «μνησίκακος
1456 1177 1474 1210 ι
1538 1159 1703 1228 ἀκραι

1918 1167 2078 1222 epans
2145 1156 2331 1210 abillo
2386 1158 2476 1228 qui
2530 1161 2827 1213 secundum
2900 1159 3202 1214 naturalem
3240 1160 3434 1214 animae

187 1258 304 1326 φνής
333 1259 560 1319 ἐκεῖνος,
594 1255 689 1309 καὶ
735 1254 870 1308 πολὺ
909 1254 1169 1323 διάφορος
1209 1252 1287 1323 τῷ
1315 1251 1489 1315 ἄλλως
1528 1267 1703 1320 μεμνη

1915 1246 2223 1301 rlectionent
2251 1247 2409 1303 aliter
2454 1250 2579 1304 mali
2638 1252 2972 1305 recordatur.
3026 1250 3142 1306 Non
3169 1262 3259 1309 est
3301 1265 3431 1319 ergo

188 1350 313 1419 μέιιῳ
351 1346 523 1401 κακοῦ
578 1349 719 1405 κατὰ
758 1364 821 1416 γε
848 1344 909 1400 τὸ
964 1345 1126 1416 φύσει
1164 1345 1369 1398 τέλειον
1398 1346 1497 1411 τῆς
1530 1342 1704 1414 ψυχῆς

1917 1352 1974 1391 re
2044 1338 2171 1392 mali
2232 1354 2440 1395 memor
2480 1356 2508 1394 a
2535 1342 2678 1397 male
2707 1342 2962 1413 gaudenti
3015 1343 3284 1399 diversus.
3329 1342 3431 1397 Iste

186 1438 322 1489 Ἐστι
350 1438 404 1489 δὲ
427 1438 538 1505 ἆρα
567 1438 596 1491 ὁ
627 1435 843 1507 ἀληθῶς
910 1437 1251 1507 μνησίκακος
1308 1435 1408 1485 οὐκ
1473 1435 1701 1505 ἀπεσχοι

1911 1444 2084 1499 imque
2149 1431 2289 1486 male
2344 1432 2550 1490 faciens
2598 1436 2916 1500 delectatur,
2995 1437 3082 1492 ille
3110 1451 3240 1492 vero
3303 1437 3427 1489 mali

183 1530 411 1597 νισμένος
458 1530 583 1582 οὐδὲ
636 1528 734 1581 τοῦ
800 1530 1156 1598 χαιρεκάκου.
1222 1526 1459 1587 Ἐκεῖνός
1515 1544 1573 1580 τε
1625 1528 1694 1593 γὰ

1916 1534 2206 1581 amor‘essc
2232 1526 2499 1594 nequiret,
2538 1529 2665 1597 quin
2696 1530 2761 1583 de
2811 1528 2937 1582 mali
2993 1530 3250 1584 memoria
3284 1524 3432 1595 lapte-'-

182 1622 411 1691 ἡδύνεται
453 1620 796 1687 κακοποιῶν,
828 1620 924 1676 καὶ
978 1622 1007 1673 ὁ
1081 1619 1439 1690 μνησικακῶν
1515 1617 1574 1671 δὲ
1636 1618 1696 1670 οὗ

1912 1631 1955 1671 r.
1988 1616 2128 1684 Quid
2160 1634 2291 1689 ergo
2316 1621 2552 1684 tandem,
2577 1636 2610 1674 o
2632 1621 2931 1683 auditores,
2953 1622 2996 1677 si
3014 1622 3231 1693 quidam
3259 1622 3428 1677 ambi-

182 1716 240 1768 ἂν
297 1713 376 1784 είη
439 1713 515 1783 μὴ
570 1714 777 1785 χαίρων
854 1714 913 1767 ἐν
963 1712 1041 1782 τῷ
1105 1713 1490 1782 μνησικακεῖν.
1538 1709 1601 1762 Τί
1670 1709 1698 1762 δ

1909 1708 1939 1761 ιί
1999 1708 2202 1778 ponitis
2235 1710 2461 1766 insidias
2495 1712 2519 1765 2
2566 1712 2819 1782 Nunquid
2851 1714 2939 1768 isti
2975 1715 3064 1785 qui
3093 1717 3252 1786 primi
3286 1717 3425 1793 mala

184 1822 300 1859 ποτε
343 1801 455 1869 οὖν,
485 1800 531 1858 ὧ
567 1806 622 1860 εί
649 1805 792 1868 τινές
816 1821 920 1858 που
952 1805 1146 1875 λοχᾶτε
1181 1803 1468 1875 ἀμφίϐολοι
1493 1819 1508 1833 ο
1548 1798 1658 1872 ἆρα
1684 1818 1700 1854 t

1912 1802 2116 1857 ducunt
2144 1803 2197 1857 in
2241 1803 2516 1859 hominem
2551 1806 2867 1873 innocuum,
2894 1806 3067 1862 vitare
3090 1818 3310 1878 possent
3332 1823 3425 1865 vo-

186 1899 534 1967 κατάρχοντες
593 1898 783 1951 κακῶν
817 1898 911 1951 ἐπὶ
950 1893 1227 1967 ἀνθρώπῳ
1270 1896 1421 1949 οὐδὲν
1460 1894 1619 1965 αἰτίῳ
1640 1892 1701 1948 δύ

1907 1894 1947 1947 ri
1981 1895 2120 1948 male
2155 1898 2451 1964 gaudentes
2482 1897 2504 1949 ?
2532 1894 2649 1951 Non
2690 1912 2787 1966 ego
2817 1908 2966 1968 puto.
3002 1897 3057 1953 Si
3085 1913 3212 1954 vero
3241 1914 3326 1954 res
3351 1901 3423 1954 ita

186 1995 332 2045 νοιντ⁹
379 1990 446 2045 ἂν
532 1992 793 2060 ἐκφυγεῖν
873 1990 935 2043 τὸ
1012 1991 1298 2045 καλεῖσθαι
1366 1989 1688 2059 χαιρέκακοι

1905 1994 1974 2049 ,t,
2014 2000 2111 2041 nec
2165 2000 2194 2040 a
2262 1987 2387 2041 mali
2436 1990 2695 2044 memoria
2759 1989 2893 2044 tales
2940 1992 3131 2046 abesse
3157 1992 3421 2046 valerent.

186 2084 280 2136 οὐκ
330 2082 508 2151 ἔγωγε
555 2078 733 2151 οἶμαι.
786 2083 931 2137 Είδὲ
984 2080 1163 2149 τοῦτο,
1193 2084 1294 2136 οὐκ
1343 2082 1410 2135 ἂν
1457 2081 1578 2135 οὐδὲ
1636 2098 1695 2133 το

1909 2079 1978 2134 tid
2008 2078 2175 2149 igitur
2205 2080 2327 2135 aliis
2373 2095 2467 2137 sua
2530 2083 2747 2153 propria
2801 2084 3085 2138 tribuunt?
3128 2083 3232 2154 Ipsi
3286 2084 3425 2141 forte

187 2177 522 2245 μνησικακεῖν
560 2176 611 2229 οί
651 2175 883 2229 τοιοῦτοι
928 2173 1220 2243 ἀπέχοιντο
1264 2174 1354 2229 ἄν.
1411 2172 1479 2225 Τί
1535 2172 1602 2241 δὴ
1638 2169 1697 2224 οὖ

1900 2170 2171 2242 ιριιΙστίιει*
2228 2172 2379 2227 aiunt
2442 2181 2499 2227 ut
2533 2174 2621 2229 ille
2690 2176 2769 2231 sic
2819 2178 3178 2233 mentiendo:
3222 2177 3416 2237 Nostra

185 2268 368 2337 ἑτέροις
421 2269 493 2323 τὰ
557 2270 707 2338 σφῶν
754 2269 934 2324 αὐτῶν
968 2254 1277 2334 ἐπικλῶσις
1308 2267 1416 2321 Καί
1471 2283 1574 2320 που
1635 2278 1701 2320 κα

1471 2283 1574 2320 που
1635 2266 1729 2320 καὶ
1840 2273 1929 2317 tua
1957 2272 2084 2319 sunt
2113 2280 2128 2330 ;
2161 2271 2215 2319 et
2247 2278 2345 2321 nos
2370 2264 2610 2322 ridentes
2638 2268 2975 2325 mirabimur.

184 2363 315 2415 αὐτοὶ
358 2364 757 2435 δημοκοπικῶς
782 2383 915 2434 φασι
957 2365 1095 2437 πρὸς
1144 2366 1236 2418 τον
1273 2363 1417 2418 οὕτω
1460 2359 2009 2435 ψευδωνυμούμενον,
2037 2360 2114 2424 ὡς
2151 2360 2219 2414 τὰ
2295 2362 2540 2432 ἡμετέρα
2610 2364 2702 2428 σὰ,
2757 2364 2855 2419 καὶ
2925 2368 3088 2436 ήμεῖς
3155 2366 3422 2435 γελῶντες

184 2458 465 2531 ἐπεγχανού
477 2462 637 2531 μεθα.

243 2554 329 2619 ξακ
387 2556 612 2610 Ἔπεισί
644 2575 757 2628 μοι,
790 2552 834 2615 ὧ
867 2557 1019 2628 φίλον
1061 2559 1433 2631 ἀκροατήριον
1456 2598 1470 2624 ,
1494 2557 1589 2613 καὶ
1622 2557 1736 2609 είσ-

1906 2552 1994 2606 6|.
2063 2551 2323 2622 Superest
2379 2553 2555 2608 adhuc
2603 2552 2734 2608 mihi
2793 2550 3159 2613 dicendmn.o
3197 2556 3421 2617 charum

184 2643 252 2703 ἑτι
309 2643 541 2714 λαλῆσαι
592 2648 733 2717 πρὸς
782 2648 1150 2720 μνησικακίας
1216 2648 1568 2719 διάρθρωσιν.
1621 2648 1700 2702 Μέ

1903 2643 2165 2697 iditoriutn
2202 2685 2217 2707 ,
2248 2643 2315 2699 de
2346 2642 2467 2697 mali
2520 2697 2525 2701 ,
2561 2645 2835 2699 memoria:
2919 2660 3199 2715 compage.
3295 2646 3419 2704 Mali

190 2738 364 2813 μνηται
389 2757 508 2803 πως
540 2742 634 2793 καὶ
662 2740 862 2811 βρέφος
888 2740 1208 2809 κακώσεως,
1242 2742 1575 2813 τιθηνούσης
1603 2742 1704 2794 αὐτ

1905 2735 2233 2789 iodammodo
2271 2735 2514 2790 meminit
2546 2735 2749 2802 infans,
2784 2736 2899 2805 ipsa
2951 2738 3030 2793 sic
3068 2739 3293 2794 docente
3319 2756 3421 2809 na-

187 2830 263 2879 xal
288 2827 424 2882 οὕτω
450 2829 548 2899 τῆς
582 2829 819 2898 φύσεως,
866 2830 963 2885 καὶ
1006 2830 1214 2901 πληγὲν
1264 2830 1412 2896 ἅπαξ
1438 2832 1606 2901 χειρὶ,
1638 2848 1703 2884 κο

1902 2842 1982 2893 ra,
2043 2828 2317 2898 semelque
2374 2843 2534 2884 manu
2582 2832 2875 2901 percussus
2916 2870 2930 2893 ,
2968 2832 3013 2884 si
3061 2829 3238 2886 denuo
3265 2831 3413 2886 videt

188 2919 277 2972 ίδὸν
303 2918 471 2990 αὐτὴν
520 2920 765 2985 εἰσαῦθις
812 2921 1065 2977 ὁπωσοῦν
1091 2921 1450 2994 ἐπαρθεῖσαν,
1508 2922 1704 2975 συστέλ

1904 2937 1986 2975 am
2037 2923 2526 2992 quomodocunque
2585 2922 2881 2989 sublatam,
2910 2922 3190 2993 cujusdam
3221 2938 3420 2981 memo-

188 3009 315 3063 λεται
349 3011 494 3082 λόγῳ
529 3014 752 3085 μνήμης
789 3015 953 3080 τινὸς,
980 3014 1075 3068 καὶ⁵
1128 3016 1161 3084 ἡ
1204 3014 1479 3082 φαντασία
1508 3013 1704 3083 σφίγγε

1900 3027 1938 3066 2
1999 3014 2213 3070 ratione
2240 3013 2653 3084 constringitur,
2670 3023 2734 3069 et
2779 3014 3090 3085 imaginatio
3124 3016 3416 3071 tremulum

189 3104 301 3158 αὐτὸ
328 3104 751 3175 δειλαινόμενον.
775 3108 907 3173 Καὶ,
939 3104 1116 3177 οἶμαι,
1146 3107 1247 3161 οὐκ
1279 3107 1379 3178 ήδη
1425 3122 1699 3178 ιμνησικα

1906 3107 2242 3177 υωντειπίι.
2298 3107 2365 3162 Ει
2429 3115 2581 3177 puto,
2613 3106 2850 3176 nonjam
2878 3106 2964 3161 ille
3001 3107 3126 3161 mali
3156 3110 3418 3175 meminit,

190 3199 261 3250 κεῖ
312 3199 508 3265 ἐκεῖνο,
541 3201 702 3268 εἴπερ
754 3198 920 3269 ἠμὲν
980 3198 1318 3269 μνησικακία
1389 3197 1556 3252 κακία
1594 3196 1704 3251 πάν

1907 3205 2111 3275 ruidem
2171 3201 2299 3256 mali
2358 3202 2618 3256 memoria
2653 3214 2877 3269 prorsus
2896 3199 3099 3255 malitia
3132 3202 3423 3266 est,inl‘ans

188 3305 273 3353 τως
311 3291 506 3361 βρέφος
549 3292 606 3345 δὲ
666 3290 813 3345 ἅπαν
856 3292 1066 3359 ,κακίας
1111 3290 1485 3346 ἀνεπίδεκτον.
1520 3288 1701 3343 Οὖκου

1902 3310 2022 3354 Item
2082 3295 2306 3352 omnino
2356 3292 2578 3349 malitia:
2604 3302 2687 3346 est
2727 3293 2975 3359 incapax.
3010 3292 3127 3346 Non
3160 3293 3323 3363 igitur
3352 3309 3418 3348 ex

192 3385 525 3451 μνησικακεῖν
592 3383 653 3449 ἐξ
685 3366 933 3455 ἀνάγκης
981 3384 1099 3440 ἐστὶ
1147 3384 1208 3442 τὸ
1263 3382 1578 3455 μεμνῆσθαι
1631 3399 1708 3436 και

1905 3388 2167 3445 cessitate
2217 3385 2342 3441 mali
2402 3384 2714 3439 meminisse
2759 3390 2844 3438 est
2902 3384 3202 3439 vexationis
3236 3399 3421 3447 recor-

188 3474 403 3540 κὼσεως.
474 3478 715 3548 Μνήμην
769 3479 953 3551 έχουσι
1017 3478 1111 3532 τοῦ
1172 3476 1478 3533 κακοῦσθαι
1537 3477 1633 3531 καὶ
1677 3493 1704 3530 ο

1909 3484 1971 3536 ri.
2019 3478 2331 3535 Memoriam
2380 3478 2597 3543 habent]
2629 3475 2753 3529 mali
2784 3475 2925 3545 quod
2958 3475 3300 3545 pertulerunt
3325 3479 3414 3545 qui

189 3568 692 3641 παιδαγωγοόμενοι.
760 3572 849 3623 καὶ
885 3569 1218 3639 samum:
1247 3571 1313 3641 τῇ
1360 3569 1573 3640 μνήμῃ,
1603 3568 1696 3620 ὲνα

1901 3574 1933 3629 1)
1970 3573 2260 3642 paedagogo
2299 3579 2444 3633 sunt,
2482 3580 2535 3622 et
2564 3570 2663 3623 ista
2695 3567 2953 3623 memoria
2974 3566 3109 3621 ﬁunt
3144 3566 3414 3633 meliores,

189 3656 383 3728 γόμενοι
428 3664 493 3731 τῇ
526 3661 761 3728 εἰσάπαξ
814 3662 1057 3715 κακώσει
1094 3662 1230 3732 πρὸς
1260 3660 1321 3715 τὸ
1381 3662 1456 3732 μὴ
1488 3660 1584 3714 καὶ
1606 3661 1702 3728 ὲφε

1904 3666 2119 3720 satione
2161 3662 2328 3718 semei
2383 3672 2606 3730 accepta
2666 3660 2872 3716 inducti
2939 3660 3005 3714 ad
3054 3673 3159 3714 non
3189 3672 3416 3727 peccan-

193 3750 269 3835 ςῆς
292 3754 622 3826 ἑφάμαρτον.
658 3756 765 3810 Kal
797 3754 913 3808 ἔστι
955 3756 1049 3808 καὶ
1082 3758 1115 3825 ᾔ
1142 3754 1364 3825 τοιαύτη
1392 3753 1487 3808 τοῦ
1549 3771 1709 3808 κακω

1901 3774 1961 3812 im
2024 3758 2076 3812 in
2132 3766 2431 3827 posterum.
2502 3754 2569 3810 Et
2623 3751 2929 3824 huiusmodi
2991 3754 3248 3821 memoria
3294 3753 3417 3813 mali

192 3841 325 3911 θῆναι
370 3849 558 3917 μνήμη
613 3846 724 3900 οὐδ’
780 3848 918 3918 αὐτὴ
985 3847 1344 3918 μνησικακία,
1410 3848 1626 3916 φύσεως
1674 3847 1703 3901 δ

1903 3852 1978 3907 [od
2011 3850 2219 3905 illatum
2263 3856 2346 3905 est
2386 3888 2401 3910 .
2440 3862 2536 3901 nec
2561 3847 2673 3917 ipsa
2717 3855 2800 3906 est
2863 3845 2986 3899 mali
3022 3846 3419 3910 memoria,sed

192 3938 497 4007 συντήρησις
534 3938 615 4001 είς
668 3937 920 4001 παιδείας
968 3936 1292 4005 ἀσφάλειαν.
1361 3935 1572 3991 Οὐκοῦν
1634 3936 1708 3990 κα

1909 3954 2042 3997 turze
2102 3940 2348 3997 custodia
2424 3940 2490 3994 ad
2550 3938 2853 4007 disciplina?
2910 3946 3166 3991 tutamen.
3234 3938 3422 4004 itaque

192 4022 349 4093 ήλικία
390 4030 542 4081 πᾶσα
592 4028 625 4098 ή
681 4027 800 4081 κατ’
826 4027 1115 4096 ἄνθρωπον
1170 4028 1270 4096 τῆς
1296 4026 1469 4094 αὐτῆς
1500 4025 1697 4080 ἀκολου

1900 4035 2000 4089 iam
2060 4033 2238 4089 omnis
2271 4041 2406 4090 tetas
2470 4030 2705 4086 hominis
2739 4028 3045 4097 huiusmodi
3105 4027 3416 4099 comitatum

193 4114 295 4179 θίας
342 4119 543 4185 ἕξεται,
581 4120 675 4173 καὶ
730 4121 787 4173 ἐν
842 4120 1072 4191 οὐδεμιᾷ
1143 4118 1511 4190 μνησικακίας
1581 4118 1709 4172 ἔστα

1905 4126 2109 4192 tinebit,
2160 4132 2212 4179 et
2259 4125 2311 4177 in
2344 4121 2486 4176 nulla
2543 4121 2667 4175 mali
2725 4120 2997 4175 memoriae
3035 4120 3139 4173 erit
3191 4119 3421 4173 demon-

194 4207 435 4276 ἀπόδειξῖς
479 4214 514 4282 ἡ
541 4211 645 4281 τῆς
684 4211 984 4274 κακώσεως
1033 4210 1365 4281 ἀνάμνησις.
1408 4209 1621 4285 Ἐπαθέ
1650 4228 1710 4265 τις

1906 4216 2033 4271 ratio
2066 4257 2081 4283 ,
2116 4214 2231 4269 hzec
2293 4212 2605 4267 vexationis
2636 4210 2962 4266 recordatio.
2990 4209 3186 4269 Passus
3214 4217 3295 4265 est
3328 4208 3422 4263 ali-

196 4300 242 4367 ἒξ
266 4303 567 4373 ἀπροόπτου
627 4304 842 4374 πληγήν
876 4302 1167 4358 ὁποιανοῦν
1221 4301 1568 4373 παροδεύων.
1633 4303 1712 4355 κα¹

1903 4306 1965 4363 tis
1987 4306 2055 4361 ab
2112 4302 2371 4361 invisibili
2399 4302 2688 4374 quamdam
2731 4302 2966 4371 plagam,
2990 4301 3283 4369 statimque
3309 4316 3419 4354 me-

195 4394 535 4465 ἀναλαμϐάνει
592 4396 733 4466 τάχα
791 4395 1034 4467 μνήμην,
1083 4388 1145 4449 οὗ
1216 4395 1423 4449 πάθοιο
1480 4396 1577 4448 καὶ
1618 4393 1711 4448 οὐδ

1905 4398 2063 4454 )riam
2102 4395 2222 4468 ejus
2280 4394 2423 4466 quod
2474 4392 2693 4463 pertulit
2752 4392 2951 4457 habet;
2995 4399 3047 4444 et
3078 4391 3179 4446 iste
3208 4403 3421 4460 quoque

196 4484 333 4549 αὐτὸς
391 4487 741 4557 μνησικακεῖ.
774 4486 854 4539 ὃτι
914 4485 1046 4556 μηδὲ
1112 4484 1191 4548 είς
1246 4484 1599 4552 ἀνταπόδομα
1632 4500 1706 4539 κα

1902 4507 1943 4544 μη
1985 4489 2114 4545 mali
2168 4487 2440 4550 meminit,
2476 4500 2543 4541 eo
2575 4485 2721 4554 quod
2754 4483 2887 4538 nihil
2922 4484 2987 4538 ad
3010 4484 3418 4538 retributionem

197 4580 479 4650 τειστρὲφει,
510 4580 604 4631 καὶ
636 4578 761 4632 οὐδὲ
806 4578 1258 4648 πολυπραγμονεῖ
1283 4577 1374 4631 τὸν
1421 4575 1708 4647 πλήξαντα

1911 4596 2237 4653 rat,neque
2295 4580 2543 4635 vulneris
2599 4580 2843 4634 datorem
2902 4575 3150 4645 inquirit.
3201 4576 3260 4631 Si
3290 4589 3420 4629 vero

200 4664 250 4718 Εί
289 4668 337 4722 δὲ
386 4675 481 4725 καὶ
523 4671 858 4742 φυλάσσεται
917 4671 980 4724 τὸ
1018 4670 1123 4740 τῆς
1183 4670 1401 4743 πληγῆς
1442 4670 1710 4740 δίσσευμα

1930 4674 2165 4733 custodit
2214 4689 2243 4729 a
2300 4672 2542 4729 vulneris
2596 4671 2922 4737 iteratione,
2956 4682 3116 4739 nemo
3144 4670 3419 4739 vitupera-

196 4756 280 4810 οὐκ
304 4759 407 4831 ἔχει
438 4763 532 4815 τὸν
563 4765 918 4833 μεμφόμενον

569 4765 918 4833 μεμφόμενον
1835 4768 1915 4824 bit
1942 4783 2085 4822 eum.

257 4849 339 4921 59'.
373 4855 509 4925 Ἤδη
564 4873 665 4908 που
701 4858 794 4908 καὶ
829 4855 978 4925 φιλία
1017 4856 1050 4927 ή
1086 4855 1291 4927 ἀληθὴς
1313 4851 1423 4909 οἶδέ
1462 4870 1594 4907 ποτε
1619 4854 1736 4908 δαί-

1906 4858 1994 4913 62.
2050 4860 2168 4915 Jam
2219 4858 2382 4912 etiam
2441 4855 2676 4910 amicitia
2736 4868 2883 4917 vera,
2910 4852 3167 4908 damonis
3196 4851 3418 4920 invidia,

200 4956 332 5007 μονος
373 4945 552 5016 φθόνῳ
604 4946 698 5001 καὶ
725 4948 969 5003 κᾶκωσίν
1024 4963 1167 5013 τινα,
1226 4948 1322 5000 καὶ
1372 4948 1431 5001 τὸ
1483 4947 1716 5000 ὲντεῦθεπ

1906 4950 2086 5021 gnovit
2141 4947 2434 5018 aliquando
2499 4954 2705 5001 certam
2750 4944 3026 5013 iniuriam,
3053 4954 3107 4999 et
3137 4943 3261 4999 inde
3287 4958 3422 5000 con-

200 5030 477 5099 ἀκολοὺθως
517 5037 611 5090 καὶ
638 5039 859 5109 μνήμην
913 5040 1102 5108 αὐτῆς,
1142 5039 1236 5092 καὶ
1282 5040 1431 5107 ὅμως
1493 5039 1716 5109 οὐδαμοῖ

1907 5050 2130 5110 quenter
2166 5041 2283 5109 ejus
2356 5037 2677 5092 memoriam
2713 5076 2730 5101 ,
2764 5046 2817 5090 et
2864 5036 3087 5090 minime
3114 5046 3292 5090 tamen
3316 5036 3423 5088 huc

200 5128 521 5191 παρείσδυσιν
597 5130 717 5181 ἐκεῖ
772 5131 895 5200 ἔσχε
937 5132 1001 5183 ’τὸ
1061 5133 1399 5201 μνησίκακον
1431 5148 1444 5161 ·
1493 5133 1628 5186 ἄλλα
1674 5134 1716 5184 τε

1903 5132 2122 5186 troitum
2158 5130 2348 5183 habuit
2405 5128 2527 5180 mali
2586 5126 2843 5180 memoria
2874 5143 2890 5191 ;
2928 5127 3020 5181 sed
3071 5126 3287 5195 quidem
3320 5126 3419 5178 hu-

204 5213 284 5278 μὲν
311 5220 559 5273 πταιστὸν
609 5222 707 5288 τῆς
751 5224 810 5274 ὲν
871 5221 1144 5292 ἀνθρώπῳ
1197 5224 1413 5289 φύσεως
1445 5224 1720 5277 κατέσεισε

1905 5237 2012 5287 ius:
2070 5230 2278 5275 naturae
2339 5219 2605 5273 vacillatio
2637 5220 2913 5288 quassavit
2973 5218 3222 5271 amicitias
3290 5218 3421 5270 aedi-

199 5304 279 5373 τὴν
299 5308 508 5380 φιλικὴν
538 5310 835 5381 οἰκοδομὴν
870 5296 967 5365 καὶ
998 5314 1255 5380 ὲκάκυνε,
1284 5312 1473 5367 κανὼν
1492 5314 1548 5367 δὲ
1589 5316 1715 5382 φιλιη

1913 5317 2017 5367 ium
2051 5321 2104 5369 et
2133 5313 2294 5391 laesit,
2326 5308 2608 5365 eharitatis
2638 5318 2813 5363 autem
2842 5309 3023 5378 regula
3076 5308 3222 5377 quod
3256 5323 3422 5375 quas-

203 5394 275 5457 κδς
302 5403 355 5450 ἐδ
372 5404 731 5457 κατασεισθὲν
758 5405 1056 5477 ὑπήρεισεν
1082 5402 1261 5475 αὖθις,
1287 5407 1379 5460 καὶ
1410 5408 1487 5472 είς
1521 5409 1719 5477 ἑδραῖοι

1905 5413 2014 5456 tum
2086 5409 2205 5457 erat
2275 5404 2470 5454 iterum
2537 5396 2773 5454 suﬂ'ulsit
2803 5406 2856 5453 et
2910 5398 2963 5451 in
3021 5397 3235 5451 ﬁrmum
3284 5410 3420 5449 cou-

202 5484 527 5555 ἧτφιλῐσατο.
560 5497 716 5565 ’Δμα
756 5498 868 5568 γὰρ
900 5500 927 5551 ὁ
955 5499 1108 5568 φίλος
1143 5501 1474 5571 ὑπεμνήσθη
1513 5500 1653 5570 πρός
1679 5517 1707 5552 τ

1904 5495 2110 5550 lidavit.
2182 5492 2355 5549 Simul
2387 5490 2527 5545 enim
2572 5507 2635 5546 ac
2668 5492 2872 5545 amicus
2903 5489 3214 5543 recordatus
3242 5496 3320 5541 est
3340 5488 3418 5541 .ad

204 5580 345 5630 κικίιν
392 5584 684 5647 ἐξοκεῖλαι,
716 5588 805 5639 καὶ
840 5589 1001 5653 εὐθὺς
1031 5592 1348 5644 επανελθὼν
1384 5594 1465 5655 είς
1514 5592 1605 5645 τὸν
1636 5594 1720 5663 τῆς

1908 5589 2043 5659 iquid
2093 5586 2294 5642 malum
2358 5583 2667 5655 impegisse,
2734 5586 2913 5638 statim
2939 5582 3004 5633 ad
3032 5578 3264 5633 sodalitii
3299 5592 3424 5646 por-

206 5668 418 5739 ἑταιρίας
467 5674 661 5743 λιμένα
712 5678 936 5745 κατῆρε.
986 5684 1095 5735 Καὶ
1140 5684 1248 5736 ἰδοὺ
1305 5685 1492 5754 μνήμη
1557 5685 1722 5737 κακοῦ

1901 5697 1949 5734 m
1996 5681 2207 5735 rediens
2249 5678 2528 5748 applicuit.
2562 5674 2629 5731 Et
2663 5689 2791 5731 ecce
2821 5675 2935 5729 haec
2966 5672 3226 5727 memoria
3290 5670 3416 5733 mali

206 5757 318 5829 αῦτη
353 5764 698 5835 ἀναπέφηνεν
740 5768 1114 5838 ὲπανάκλησις
1152 5775 1381 5839 ἀγαθοῦ.

1018 5787 1114 5838 ﬁt;
1152 5775 1381 5839 ἀγαθοῦ.
1837 5775 2087 5847 apparuit
2118 5773 2239 5829 boni
2271 5772 2534 5827 reductio.

260 5852 346 5924 ξγ’.
404 5857 559 5912 Ἐστι
610 5859 705 5911 καὶ
768 5865 1145 5933 νεμεσητικῶς
1189 5869 1505 5939 μεμνῆσθαι
1555 5867 1730 5922 κακοῦ

1910 5869 1997 5923 63.
2031 5869 2171 5923 Fieri
2223 5881 2438 5937 quoque
2494 5871 2670 5937 potest
2733 5871 2791 5921 ut
2824 5860 3170 5931 indignanter
3226 5856 3424 5928 aliquis
