3840 6580
433 390 544 454 463

1147 392 1569 453 EUSTA-THII
1613 388 2386 451 TllESSALO-NICENSIS
2425 389 2984 452 M‘ETROPOLITt-E

3583 393 3676 459 464

441 504 758 560 recordetur
811 506 934 560 mali
963 509 1121 576 quod
1150 509 1200 560 iu
1228 510 1390 562 alium
1429 507 1509 570 lit,
1536 516 1590 560 et
1615 504 1860 576 pictique
1877 519 2000 572 pru-

2126 521 2232 557 τινα
2267 505 2360 557 τοῦ
2405 497 2468 571 γε
2515 505 2602 557 ἐπ’
2654 504 2819 574 ἄλλῳ,
2880 501 3144 572 μενοῦνγε
3183 503 3278 556 καὶ
3305 502 3537 568 πολλοὺς
3572 506 3674 561 τῶν

435 599 677 654 dentium
722 598 836 653 fere
894 615 1108 669 semper
1171 601 1242 653 ita
1270 600 1529 656 sentiunt;
1573 597 1699 662 Qui,
1731 598 1773 649 si
1809 597 2006 648 bunum

433 692 638 762 aliquid
699 692 866 760 iniqui
921 693 1136 748 discunt
1210 709 1332 749 esse
1379 701 1641 763 passum,
1677 693 1879 748 malum
1911 691 2016 745 hoc

434 784 790 848 detestantes,
820 786 1145 840 adversuset
1177 785 1420 855 iniquum
1481 799 1801 858 gravantur,
1842 800 2018 857 neque

435 892 558 929 cum
617 877 710 931 tali
741 876 945 932 faciunt
1004 877 1125 942 iter,
1155 879 1248 933 sed
1290 879 1332 932 si
1365 877 1734 936 forte'divisio
1765 882 1863 934 vite
1888 895 2018 934 cou-

434 967 585 1020 ducit
643 967 788 1036 ipsos
843 966 894 1021 in
924 981 1090 1020 unum
1123 1002 1146 1034 ,
1174 981 1461 1020 occursum
1505 968 1746 1021 devitant
1776 978 1824 1021 et
1848 979 2018 1034 usque

435 1061 574 1114 adeo
621 1059 819 1112 malum
850 1099 864 1123 ,
897 1058 1286 1128 indignationis
1333 1059 1566 1126 ratione,
1593 1061 1726 1113 nihil
1758 1070 2018 1113 norentes

435 1153 732 1206 vindicant.
786 1153 868 1205 An
921 1165 1082 1220 porro
1123 1151 1256 1204 tales
1282 1151 1390 1205 sint
1451 1152 1573 1205 mali
1609 1167 1898 1217 memores,
1929 1150 2020 1204 de-

434 1247 641 1300 clarent
665 1245 754 1314 qui
778 1253 904 1300 sunt
951 1247 1003 1298 in
1033 1244 1188 1300 nobis
1227 1244 1517 1314 sapientes,
1547 1245 1740 1313 quibus
1768 1244 1904 1297 idem
1937 1253 2022 1298 est

436 1338 562 1393 mali
602 1336 930 1398 recordatio,
964 1345 1020 1391 et
1069 1336 1195 1390 muli
1227 1336 1504 1391 memoria.
1539 1335 1783 1389 Meminit
1855 1336 2018 1388 etiam

436 1429 562 1482 ntali
593 1428 686 1497 qui
743 1427 969 1497 deponit
1035 1427 1486 1497 exomologesim.
1547 1426 1796 1480 Audeant
1850 1426 2018 1493 igitur

439 1519 586 1573 illum
622 1521 673 1572 in
725 1519 848 1572 mali
909 1517 1170 1572 memoria
1223 1519 1469 1572 ordinent
1517 1517 2018 1587 relegarezvitnpe-

439 1620 563 1665 rent
599 1619 775 1666 autem
809 1611 874 1664 de
892 1609 1060 1666 simili
1091 1609 1665 1676 malitia‘susceptores
1689 1608 2018 1672 animarum,

437 1705 491 1749 et
544 1697 620 1750 sic
668 1698 928 1752 adversus
981 1698 1150 1765 ipsam
1214 1697 1641 1766 exomologesim
1701 1712 1850 1751 arma
1904 1713 2021 1751 mo-

438 1795 618 1839 veant.
659 1782 760 1850 Qui
809 1795 956 1838 certe
982 1784 1208 1838 resarcit
1239 1783 1469 1847 animas,
1507 1783 1836 1838 malitiarum
1874 1797 2020 1838 vete-

439 1892 558 1930 rum
619 1875 959 1940 recordatus,
1008 1874 1267 1929 salutaria
1316 1887 1594 1943 aperatur,
1621 1891 1724 1930 non
1753 1875 1878 1929 mali
1909 1890 2017 1930 me-
2051 1861 2092 1917 Β

439 1982 577 2022 mor.
630 1965 880 2034 Nunquid
941 1966 1078 2021 alios
1122 1965 1315 2033 iuvans
1359 1966 1471 2035 ipse
1501 1967 1802 2031 laderetur,
1839 1968 2024 2038 acqui-

434 2068 688 2128 reretque
744 2058 1127 2128 perditionem.
1188 2060 1415 2114 salutem
1471 2060 1594 2115 aliis
1652 2060 1868 2129 quidem
1925 2061 2024 2115 im-

442 2151 726 2223 pertiendo
751 2193 766 2217 ,
792 2150 1007 2204 malitiae
1050 2166 1176 2205 vero
1211 2152 1556 2216 recordatus,
1589 2161 1648 2206 ut
1690 2151 2024 2221 pteuiteutia:

444 2244 682 2299 remedio
740 2252 1086 2312 peccatorum
1114 2258 1379 2299 venenum
1413 2243 1679 2297 evacuetl
1710 2243 1823 2298 Nec
1861 2244 2025 2311 igitur

447 2337 573 2392 talis
614 2345 696 2390 est
728 2335 852 2388 mali
915 2349 1121 2391 memor
1153 2372 1168 2400 ,
1200 2351 1232 2388 ο
1259 2350 1377 2402 vos,
1415 2336 1506 2405 qui
1533 2335 1583 2389 in
1614 2336 1864 2391 omnibus
1887 2338 2022 2392 estis

441 2427 570 2481 boni
607 2441 896 2481 memores.

511 2545 601 2600 66.
656 2543 905 2599 Invenire
970 2543 1137 2598 etiam
1193 2541 1320 2597 licet
1373 2540 1499 2596 mali
1563 2544 1878 2597 memoriam
1942 2541 2024 2596 hi—

439 2637 698 2692 storicam
731 2651 832 2701 ,ex
854 2648 961 2705 qua
1008 2632 1170 2689 veluti
1229 2641 1402 2709 matre
1456 2635 1758 2703 procedunt
1816 2633 2021 2688 notitiae

444 2727 688 2796 quaedam
743 2740 809 2780 ac
854 2725 1082 2794 scripta,
1143 2724 1460 2779 memoriam
1490 2723 1788 2780 excitantia
1851 2725 2024 2780 malo-

444 2835 565 2874 rum
593 2827 934 2889 peractorum
968 2817 1037 2872 ab
1091 2816 1177 2872 bis
1202 2816 1286 2872 vel
1316 2815 1558 2886 illiquui
1586 2815 1740 2872 libris
1769 2819 2020 2872 conscri-

437 2911 522 2981 .pti
551 2919 700 2966 sunt.
740 2909 799 2963 Si
827 2907 1092 2964 malorum
1130 2908 1294 2978 igitur
1323 2907 1908 2979 memineriutquidem
1939 2909 2023 2965 hi-

445 2996 630 3052 storici
660 3035 679 3061 ,
699 3012 805 3051 non
835 3007 1014 3053 autem
1061 2996 1446 3053 maledicautur
1473 3004 1530 3050 ut
1560 2997 1688 3052 mali
1720 3012 2014 3065 memores,

449 3103 552 3145 nec
577 3087 830 3160 scriptor,
887 3088 932 3143 si
963 3088 1096 3144 tales
1150 3088 1351 3144 excitet
1407 3090 1714 3155 memorias,
1772 3092 1838 3146 de
1890 3091 2020 3146 mali

439 3183 707 3237 memoria
724 3185 985 3252 probrose
1007 3191 1220 3237 notetur
1237 3220 1254 3246 ,
1284 3181 1415 3252 quid
1463 3182 1676 3239 tandem
1698 3194 1910 3254 oportet
1931 3200 2024 3244 eos
2051 3216 2094 3276 ο

433 3277 747 3346 jocari,qui
791 3276 1089 3346 simplicem
1121 3277 1248 3332 mali
1276 3277 1592 3333 memoriam
1644 3278 1702 3332 in
1748 3279 1875 3340 mali
1911 3295 2026 3336 me-

445 3369 672 3425 moriam
728 3357 1030 3424 inducunt?
1077 3368 1134 3423 Si
1213 3384 1300 3424 me
1349 3370 1617 3438 persecuti
1670 3379 1818 3438 sunt,
1847 3381 1902 3427 et
1932 3387 2030 3428 vos

447 3467 838 3527 persequentur
867 3459 934 3512 ".
969 3457 1026 3513 Si
1077 3472 1163 3513 me
1193 3459 1465 3529 persecuti
1514 3468 1660 3526 sunt,
1688 3458 1892 3530 inquis,
1927 3459 2032 3516 Do-

447 3551 592 3606 mine
628 3550 902 3606 Salvator:
951 3565 1081 3620 ergo
1109 3550 1236 3605 mali
1272 3551 1592 3617 meministi,
1619 3551 1885 3621 siquidem
1911 3568 2030 3608 om-

449 3642 534 3698 nis
592 3645 900 3712 persecutio
961 3653 1243 3714 reputatur
1297 3642 1350 3698 in
1375 3645 1743 3711 vexationem,
1769 3645 1859 3700 ille
1903 3662 2029 3704 vero

447 3734 537 3803 qui
590 3735 840 3791 meminit
871 3734 1178 3803 huiusmodi
1220 3734 1345 3790 mali
1375 3736 1523 3802 ,mali
1551 3752 1759 3794 memor
1790 3748 1893 3794 est.
1917 3737 2028 3795 Ve-

452 3844 572 3882 rum
602 3827 707 3883 hoc
734 3827 951 3898 quidem
981 3828 1118 3883 forte
1139 3843 1233 3897 per
1270 3830 1668 3900 oppositionem
1703 3829 1843 3885 Deus
1871 3831 2028 3888 intel-

445 3923 682 3992 l‘iglt,et
737 3920 994 3992 explicari
1048 3928 1255 3992 potest.
1308 3921 1365 3979 Si
1419 3937 1548 3977 vero
1575 3937 1795 3993 quoque
1823 3923 2018 3989 David,

449 4015 682 4084 psallens
748 4015 815 4070 de
866 4015 1188 4084 quibusdam
1223 4052 1239 4078 ,
1271 4014 1412 4085 quod
1467 4015 1846 4072 maledixcrint
1900 4018 2024 4088 ipsi,

431 4107 720 4176 velutique
773 4107 1116 4163 sermonibus
1159 4107 1266 4163 odii
1312 4107 1771 4165 circumreneriut
1823 4109 2024 4178 ipsum,

419 4209 500 4253 .et
541 4197 836 4268 gratisipsi
883 4198 1082 4254 bellum
1115 4198 1414 4262 intulerint,
1446 4199 1853 4269 vituperaretur
1884 4199 2026 4257 forte

447 4291 600 4360 quasi
664 4289 789 4344 mali
823 4303 1066 4356 memor,
1129 4289 1399 4360 siquidem
1435 4291 1626 4359 ,aquod
1654 4289 1819 4346 fuerit
1845 4290 2024 4357 llr-sus,

415 4419 424 4426 .
449 4381 728 4445 meminit;
761 4382 876 4451 ipse
891 4381 1052 4435 etiam
1081 4397 1204 4436 cum
1228 4381 1420 4451 spiritu
1441 4381 1830 4448 justillcabitur
1854 4393 1908 4438 et
1955 4383 2024 4439 ab

437 4475 554 4530 illis
601 4474 670 4530 de
714 4474 910 4543 quibus
950 4472 1396 4544 reprehenditur,
1457 4485 1516 4528 se
1542 4473 1814 4542 purgabit.

2121 596 2418 666 σωφρόνων
2450 595 2524 658 ὡς
2561 597 2822 648 ἑκάστοτε
2854 610 2868 623 ·
2902 596 2951 648 οἳ
2979 595 3184 662 ἀγαθόν
3205 613 3257 648 τι
3296 601 3676 666 παρηνομημέ-

2120 706 2210 740 νον
2244 687 2529 758 μαθόντες.
2575 686 2755 739 καὶτὸ
2786 686 2956 740 κακὸν
2997 686 3395 758 μυσαχθέντες,
3435 689 3676 758 βαρύνον-

2119 799 2214 834 ται
2248 782 2388 836 κατά
2423 782 2520 834 τοῦ
2557 782 2902 851 παρανόμου,
2941 783 3039 834 καὶ
3061 779 3189 833 οὔτε
3224 781 3572 834 συνοδεύουσι
3610 784 3674 851 τε)

2119 874 2372 944 τοιούτῳ,
2411 873 2548 928 ἀλλά
2601 875 2708 926 κᾶν
2735 873 2789 926 et
2840 889 2945 926 που
2994 875 3202 942 σχίσμα
3241 873 3364 925 ὁδοῦ
3406 873 3673 945 ξυναγάγῃ

2120 967 2320 1029 αὐτοὺς
2379 967 2465 1028 είς
2518 965 2602 1024 ἓν.
2662 965 3028 1036 ἐκτρέπονται
3075 965 3137 1016 τὸ
3199 968 3558 1034 συνάντημα,
3595 974 3675 1018 καὶ

2123 1060 2202 1121 εἰς
2251 1058 2507 1110 τοσοῦτον
2561 1057 2865 1125 ἀμύνονται
2909 1057 3187 1126 νεμέσεως
3230 1056 3374 1127 λόγῳ
3403 1059 3462 1110 τὸ
3506 1058 3676 1124 κακὸν,

2120 1149 2274 1203 οὐδέν
2333 1167 2387 1202 τι
2442 1150 3045 1220 προσεπιὸλάπτοντες.
3097 1151 3162 1206 Ei
3218 1150 3284 1221 δὴ
3357 1151 3673 1221 μνησίκακῖι

2121 1233 2292 1305 οὗτοι,
2337 1239 2821 1309 γνωματεύτωσαν
2855 1241 2905 1293 oi
2938 1243 2996 1292 ὲν
3051 1241 3184 1310 ἡμῖν
3219 1241 3400 1308 σοςοὶ,
3461 1238 3678 1310 παρ“οίς

2121 1333 2321 1387 ταύτδν
2383 1334 2557 1386 κακοῦ
2603 1335 2792 1404 μνήμη
2852 1335 2948 1388 καὶ
3005 1336 3431 1404 μνησικάκημα.
3472 1334 3678 1403 Μέμνηο

2121 1443 2213 1479 ται
2268 1425 2440 1479 κοικοῦ
2511 1426 2605 1478 δαὶ
2654 1429 2681 1479 ὁ
2743 1426 3032 1496 τιθέμενος
3102 1427 3517 1497 ἐξομολόγησιν.
3565 1428 3678 1479 Tol-

2126 1517 2391 1587 μάτωσαν
2442 1513 2542 1570 οὖν
2595 1517 2969 1588 ἀπορῤιπτεῖν
3020 1520 3114 1572 καὶ
3165 1517 3258 1572 τὸν
3315 1518 3557 1571 τοιοῦτον
3612 1521 3678 1582 εἰς

2127 1611 2500 1682 μνησίκακονο
2539 1611 2857 1680 ψεγέτωσαν
2907 1612 2962 1665 δὲ
3010 1614 3095 1680 ἐφ’
3147 1612 3312 1684 ὁμοία
3363 1613 3538 1682 κακίᾳ
3599 1612 3682 1666 καὶ

2122 1705 2250 1766 τοὺς
2317 1703 2425 1755 τῶν
2497 1703 2690 1773 ψυχῶν
2755 1703 3094 1774 ἀναδόχους,
3127 1705 3224 1759 καὶ
3295 1705 3683 1769 ὁπλιξέσθωσαν

2121 1797 2266 1850 οὕτω
2295 1796 2419 1848 κατ’
2450 1796 2619 1865 αύτῆς
2645 1795 3115 1867 ἐξομολογήσεως.
3165 1797 3224 1850 '0
3246 1796 3354 1867 γάρ
3386 1815 3472 1851 τοι
3505 1815 3682 1869 καταρ-

2125 1889 2290 1952 τίζων
2319 1887 2521 1957 ψυχὰς,
2551 1888 2765 1942 κακιῶν
2796 1889 3151 1959 μεμνημινος
3176 1889 3452 1954 παλαιῶν,
3493 1891 3682 1959 ἐνεργεῖ

2126 1981 2195 2034 τὰ
2229 1981 2496 2051 σωτήρια,
2565 1981 2628 2034 οὐ
2665 1980 3045 2052 μνησικακῶν.
3079 1983 3150 2035 Ἦ
3198 1981 3306 2052 γάρ
3365 1981 3431 2036 ἂν
3485 1983 3680 2052 ἐτέρους

2126 2073 2354 2145 ὠφελῶν
2407 2073 2571 2138 αὐτὸς
2645 2073 2986 2140 ἐῆλάπτετο,
3032 2075 3129 2128 καὶ
3183 2074 3464 2145 σωτηρίαν
3525 2074 3680 2137 ἀλλοις

2127 2167 2663 2237 πραγματευόμενος
2693 2164 2974 2220 ἀπώλειαν
2998 2166 3382 2236 ἀπεκέρδαινε,
3416 2167 3680 2236 μεμνημέ-

2125 2275 2215 2322 νος
2243 2259 2301 2313 δὲ
2336 2258 2558 2324 κακίας,
2616 2258 2702 2312 ἵνα
2761 2257 3043 2330 φαρμάκῳ
3088 2259 3380 2329 μετανοίας
3417 2260 3677 2329 ἐκκενώσῃ

2125 2351 2188 2405 τὸ
2213 2351 2277 2404 ἐκ
2311 2350 2522 2404 κακιῶν
2548 2350 2901 2424 δηλητήριον.
2957 2351 3171 2408 Οῦκουν
3200 2352 3311 2406 οὐδ’
3340 2352 3369 2405 6
3405 2370 3424 2404 ι
3461 2352 3679 2415 τοιοῦτος

2128 2442 2484 2513 μνησίκακος,
2509 2437 2556 2496 ὦ
2604 2442 2674 2496 τὰ
2701 2443 2881 2499 πάντα
2903 2443 3062 2515 ὑμεῖς
3100 2443 3450 2514 μνησίκαλοι.

2197 2532 2291 2598 ξδ’.
2335 2535 2525 2586 Ἔστιν
2559 2534 2742 2606 εὑρεῖν
2791 2535 2968 2589 κακοῦ
3005 2535 3231 2606 μνήμην
3261 2538 3360 2589 καὶ
3385 2535 3675 2606 ίστορικὴν,

2124 2624 2184 2692 ἐξ
2210 2620 2279 2698 ἧς
2301 2625 2402 2679 ὅσα
2430 2626 2523 2680 καὶ
2565 2627 2776 2698 μητρὸς
2817 2627 3105 2699 προίενται
3150 2625 3390 2696 γνώσεις
3421 2629 3570 2693 τινὲς
3597 2628 3679 2682 καὶ

2125 2719 2466 2789 συγγραφαὶ,
2512 2719 3070 2790 ἀπομνημονεύουσαι
3133 2722 3276 2776 κατά
3333 2722 3678 2794 πεπραγμένα

2122 2812 2266 2882 πρὸς
2306 2811 2514 2866 τούτων
2545 2811 2580 2882 ἢ
2625 2811 2874 2890 ἐκείνων,
2903 2812 2954 2866 οῖ
2998 2814 3116 2878 ταῖς
3152 2813 3359 2882 βίϐλοις
3417 2817 3678 2883 ἐμπεριειο

2124 2902 2386 2974 λήφαται.
2433 2904 2497 2957 El
2561 2903 2744 2958 τοίνυν
2783 2905 2972 2959 κακῶν
3020 2905 3328 2976 μέμνηνται
3380 2906 3485 2978 μὲν
3524 2908 3608 2961 καὶ
3635 2909 3677 2962 σί

2128 2997 2504 3070 ἱστοροῦντες,
2565 2999 2630 3051 οὺ
2687 2998 3136 3054 -καταλαλοῦνται
3206 3001 3262 3054 δέ
3327 3001 3676 3072 μνησίκακοι,

2126 3091 2220 3144 καὶ
2253 3091 2374 3145 οὐδὲ
2410 3091 2786 3162 συγγραφεὺς,
2817 3091 2870 3144 εῐ
2894 3109 2996 3145 που
3033 3092 3251 3162 μνήμας
3279 3094 3538 3157 τοιαύτας
3564 3094 3676 3147 ὕπο·

2129 3184 2302 3250 κινεῖ,
2334 3185 2752 3254 καταφάσκεται
2795 3186 2884 3248 είς
2935 3185 3296 3256 μνησίκακον,
3355 3186 3410 3238 τί
3454 3186 3518 3256 δη
3567 3184 3676 3236 παί-

2131 3275 2246 3341 ζειν
2269 3274 2519 3347 χρὴ,τὴν
2555 3277 2743 3341 ἁπλῶς
2772 3275 2865 3330 τοῦ
2915 3276 3088 3360 κακοῦ
3135 3278 3377 3349 ,μνήμην
3435 3280 3516 3341 είς
3566 3292 3678 3348 μνη-

2132 3369 2390 3423 σικακίαν
2431 3367 2788 3438 ’ἀνάγονταςς
2839 3369 2902 3422 El.
2958 3370 3058 3440 ἐμὲ
3094 3369 3342 3437 ἐδίωξαν,
3386 3371 3485 3424 καὶ
3553 3371 3674 3439 ὑμᾶς

2131 3461 2432 3528 διώξουσιν.
2490 3462 2554 3516 Εί
2618 3462 2720 3533 ἐμὲ
2793 3461 3055 3528 ἐδίωξαν,
3100 3462 3229 3533 φὴς,
3278 3457 3324 3517 ὧ
3372 3464 3554 3534 Σῶτερ
3601 3462 3678 3516 Δί-

2133 3571 2305 3608 σποτα
2329 3569 2344 3584 ο
2367 3553 2562 3608 οὐκοῦν
2601 3555 2984 3645 umquam”;
3009 3553 3124 3620 είγε
3149 3547 3399 3623 διωγμὸς
3428 3555 3527 3623 μὲν
3549 3551 3678 3612 ’ἅπας

2131 3647 2212 3709 είς
2262 3645 2511 3700 κάκωσιν
2571 3641 3016 3716 προσλογίςεται,
3045 3647 3073 3697 ὁ
3102 3645 3159 3698 δὲ
3217 3645 3483 3715 μνησθεὶς
3533 3641 3678 3698 κακοῦ

2133 3739 2378 3794 τοιούτου
2420 3740 2764 3810 μνησίκακός
2809 3741 2976 3796 ἐστιν.
3045 3739 3205 3793 Ἀλλά
3250 3739 3412 3794 τοῦτο
3446 3740 3542 3810 μέν
3569 3737 3679 3798 Θεός

2131 3833 2298 3887 ποθεν
2350 3835 2482 3897 ἴσως
2533 3834 2727 3888 ἀκούει
2778 3833 2916 3904 πρὸς
2967 3833 3278 3898 ἀντίθεσιν,
3341 3836 3437 3886 καὶ
3483 3834 3678 3887 δύναται

2131 3925 2263 3980 αὐτὸ
2291 3925 2679 3984 ἐπιλύσασθαι.
2730 3925 2792 3978 Εί
2821 3925 2879 3979 δὲ
2909 3925 3004 3979 καὶ
3041 3923 3070 3978 ὁ
3095 3924 3262 3978 Δαυῒδ
3295 3923 3516 3994 ψάλλων
3570 3921 3676 3992 περί

2127 4037 2315 4085 τινων,
2358 4020 2432 4084 ὡς
2469 4019 2619 4082 κακὰ
2651 4013 2809 4078 εἷπον
2836 4018 3009 4092 αὐτῷ,
3057 4019 3154 4072 καὶ
3181 4017 3257 4080 ὡς
3299 4017 3477 4084 λόγοις
3509 4015 3676 4086 μίσους

2129 4111 2454 4167 ἐκύκλωσαν
2493 4111 2678 4173 αὐτὸν,
2714 4113 2810 4165 καὶ
2849 4110 3204 4180 ἐπολέμησαν
3263 4109 3418 4178 αὐτῷ
3469 4107 3672 4178 δωρεὰν,
3706 4140 3718 4152 ο

2127 4204 2351 4276 ψεχθείη
2383 4203 2548 4258 ποθέν
2603 4198 2691 4257 οἵα
2727 4224 2744 4256 ι
2784 4204 3146 4273 μνησίκακος,
3178 4221 3198 4255 ι
3259 4201 3400 4271 αἵγε
3432 4202 3675 4274 μέμνηται

2131 4296 2402 4360 κακωθείς
2461 4311 2478 4329 ο
2539 4295 2950 4366 ἀπολογήσεται
3027 4296 3121 4350 καὶ
3192 4293 3360 4357 αὐτὸς
3416 4293 3549 4364 μετὰ
3597 4289 3673 4348 τοῦ

2129 4388 2460 4464 πνεύματος,
2510 4393 2611 4447 καὶ
2669 4389 2921 4444 ἁθωώσει
2973 4387 3196 4452 ἑαυτὸν,
3255 4385 3344 4456 ἐφ’
3378 4381 3461 4451 οἷς
3488 4382 3675 4450 ἐξελέγ-

2128 4496 2305 4550 χεται.

516 4566 607 4622 65.
671 4565 780 4620 Nos
841 4575 1023 4621 autem
1081 4565 1338 4627 dicimus,
1402 4564 1546 4631 quod
1609 4578 1783 4630 neque
1835 4571 2014 4634 pater,

2202 4571 2295 4636 Ee'.
2340 4571 2534 4641 Ἥμεϊς
2574 4570 2631 4628 δέ
2663 4587 2871 4641 φαμεν,
2922 4570 3017 4627 καὶ
3051 4568 3130 4632 ὥς
3159 4567 3287 4623 οὗτε
3331 4569 3534 4639 πατὴρ,
3565 4565 3671 4614 οὔτε

448 4671 620 4727 neque
652 4661 934 4726 magister,
961 4669 1137 4725 neque
1165 4664 1354 4725 pastor
1415 4653 1636 4720 valebit,
1671 4653 1760 4709 ille
1805 4655 2022 4725 quidem

447 4759 629 4812 natos,
671 4748 772 4803 ista
799 4747 1118 4818 discipulos,
1153 4747 1240 4802 hic
1297 4757 1480 4802 autem
1527 4749 1786 4816 pecudes,
1824 4765 2026 4805 secun-

443 4843 576 4898 dum
601 4841 801 4896 bonum
837 4838 1002 4894 linem
1027 4839 1321 4908 unicuique
1341 4847 1764 4908 competentem,
1798 4857 2025 4897 conver-

449 4947 564 4991 tere
591 4974 606 5000 ,
648 4935 778 4990 .nisi
807 4932 1124 4990 meminerit
1155 4933 1320 4988 etiam
1353 4931 1616 4989 malorum
1644 4947 1759 5003 quae
1790 4936 1906 4999 lilii,
1939 4935 2022 4992 vel

445 5026 701 5096 discipuli
732 5028 814 5082 vel
855 5040 988 5082 oves
1017 5025 1384 5090 committunt,
1410 5033 1466 5080 et
1494 5041 1616 5095 qua:
1640 5027 2018 5096 praesidentes,

437 5127 677 5189 patrem,
730 5118 1080 5188 magistrum,
1118 5126 1391 5187 pastorem
1451 5115 1818 5187 aﬂiguntrSi
1859 5119 2022 5188 igitur

441 5227 545 5281 ego
573 5211 694 5280 ipse
719 5218 916 5279 partim
947 5210 1166 5279 quidem
1207 5210 1502 5265 secundum
1546 5209 1795 5279 spiritum
1839 5219 2017 5279 pater,

433 5305 640 5373 partim
667 5316 844 5358 autem
866 5304 986 5360 sine
1017 5310 1175 5373 tropo
1208 5303 1487 5371 magister,
1507 5301 1621 5370 jam
1647 5316 1772 5356 vero
1801 5316 2020 5372 quoque

416 5407 650 5466 .pastor,
683 5395 874 5465 quales
926 5393 1077 5451 Deus
1099 5395 1213 5451 suis
1265 5394 1485 5449 mandat
1515 5393 1775 5463 prmsides
1807 5391 2019 5448 futuros

420 5491 694 5558 .gregibns
744 5489 942 5554 sacris,
975 5487 1106 5543 mihi
1147 5487 1411 5542 rationale
1451 5496 1534 5543 est
1577 5490 1650 5556 ρει
1699 5486 2016 5541 memoriam

425 5581 650 5634 ahabere
679 5582 1046 5648 quorumdam
1086 5580 1370 5646 malorum,
1410 5595 1531 5649 quae
1559 5578 1713 5648 juxta
1745 5577 2016 5632 verisimi-

439 5672 1077 5728 litudinem.adntittunt
1117 5675 1194 5728 illi
1229 5673 1320 5742 qui
1368 5673 1470 5727 sub
1495 5672 1734 5727 divinam
1777 5670 2018 5740 paterni-

448 5772 638 5826 tatem,
702 5762 793 5831 qui
849 5763 948 5817 sub
984 5762 1322 5818 Dontinicam
1368 5761 1728 5832 disciplinam,
1779 5760 1871 5830 qui
1913 5760 2015 5816 sub

499 5874 556 5908 -"
585 5872 745 5932 Joan.
780 5894 872 5944 xv,
897 5877 987 5932 20.

2127 4659 2474 4726 διδάσκαλος,
2523 4660 2653 4713 οὐδὲ
2683 4660 2793 4730 μὴν
2823 4658 3032 4728 ποιμήν
3062 4659 3387 4728 δυνήσεται,
3427 4660 3454 4708 6
3481 4657 3570 4724 μὲν
3593 4650 3672 4703 ἐκ·

2127 4769 2283 4820 γονα,
2313 4753 2342 4805 6
2376 4753 2435 4806 δέ
2492 4751 2782 4822 φοιτητὰς,
2814 4752 2843 4804 6
2885 4751 2946 4805 δὲ
2999 4751 3186 4819 τρίτος
3232 4749 3526 4817 θρέμματα
3569 4745 3674 4795 ἐπι·

2126 4845 2387 4918 στρέψαι,
2419 4844 2561 4916 πρὸς
2600 4845 2739 4914 ὅπερ
2783 4842 3038 4906 ἑκάστοις
3063 4840 3358 4913 πρόκειται
3382 4836 3579 4904 ῥγαθδν
3601 4833 3670 4886 τέ·

2125 4943 2240 5003 λος,
2285 4938 2336 4991 εί
2401 4937 2477 5006 μὴ
2531 4939 2812 5006 μέμνηται
2864 4935 2959 4988 καὶ
2984 4933 3205 4998 κακῶν,
3236 4931 3271 4986 ἃ
3322 4924 3671 4996 «cibatui-

2129 5045 2254 5084 σται
2281 5029 2314 5099 ἢ
2352 5027 2872 5100 ποίμνιακακοῦσι,
2913 5025 3168 5081 θλίϐοντα
3194 5024 3322 5088 τοὺς
3349 5017 3668 5077 ἐπιστατοῦν-

2124 5132 2248 5180 τας.
2281 5115 2374 5169 τὸν
2405 5115 2646 5185 πατέρα.
2671 5116 2764 5170 τὸν
2792 5114 3138 5178 διδάσκαλον,
3191 5112 3286 5174 τὸν
3317 5112 3666 5182 ποιμαίνοντα.

2125 5206 2188 5260 Et
2224 5206 2290 5277 δὴ
2351 5203 2444 5260 οὖν
2495 5205 2596 5259 καὶ
2637 5206 2817 5270 αὐτὸς
2867 5205 2979 5274 ἐγὼ
3018 5207 3098 5275 πῆ
3152 5205 3254 5275 μὲν
3307 5204 3491 5273 πατὴρ
3547 5195 3666 5264 κατά

2125 5295 2370 5365 πνεῦμα,
2403 5293 2482 5366 πῆ
2513 5295 2571 5349 δὲ
2616 5295 2712 5348 καὶ
2738 5297 2950 5366 τροπῆς
2980 5295 3088 5360 ἔξω
3122 5293 3466 5357 διδάσκαλος,
3508 5289 3595 5371 ήδη
3619 5284 3665 5338 δὲ

2124 5389 2221 5442 καὶ
2273 5389 2505 5460 ποιμὴν,
2555 5388 2778 5450 ὁποίους
2845 5391 2874 5442 ὁ
2922 5388 3054 5450 Θεὸς
3109 5387 3229 5451 ταῖς
3279 5383 3475 5439 ἑαυτοῦ
3511 5374 3659 5444 ,ίεραῖι

2126 5481 2393 5553 μάνδραις
2505 5481 2832 5536 ἀποστέλλει
2935 5481 3416 5552 ἐπιστατήσονταςξ
3451 5489 3464 5502 ·
3527 5468 3661 5523 εὔλο-

2123 5576 2217 5643 γόν
2255 5593 2372 5646 μοι,
2421 5577 2517 5637 καὶ
2577 5576 2802 5646 μνήμην
2866 5575 3013 5644 ἔχειν
3081 5570 3266 5627 κακῶν
3312 5583 3490 5630 τινων,
3540 5562 3659 5626 ειπερ

2120 5667 2198 5729 ὡς
2283 5667 2429 5729 εἰκὸς
2518 5664 3008 5736 ἐξαμαρτάνουσιν
3072 5659 3122 5711 οἱ
3195 5657 3302 5712 ὑπὸ
3375 5656 3659 5725 πατρὸτητα

2122 5759 2294 5826 θείαν,
2360 5760 2409 5812 οι
2460 5759 2566 5812 ὑπὸ
2619 5757 2903 5808 παίδευσιν
2954 5749 3269 5822 Κυριακὴν,
3322 5751 3372 5804 oi
3406 5751 3503 5804 ύπῖι
3553 5741 3658 5797 ποί-
