3788 6544
355 435 461 522 toi

1070 436 1483 515 EUs'rA'n-ut
1527 441 2271 523 TnEsSALONICENSIS
2315 447 2888 509 METROPOLlT/E

3496 446 3598 512 468

359 571 463 627 nou
495 572 752 629 mucostts
781 563 834 628 et
884 577 1041 626 muco
1086 571 1345 641 perfusus
1371 569 1442 623 ob
1497 575 1768 636 agrestem
1803 579 1931 633 pue-

2045 565 2242 634 νότητι,
2274 565 2368 618 καὶ
2391 565 2466 632 μὴ
2499 565 2772 634 κορυζῶν,
2808 563 2905 616 καὶ
2946 561 3089 634 μύξῃ
3142 562 3482 634 κατάρρυτος
3513 567 3598 617 διὰ

358 651 612 720 riiiiatetn
647 675 701 719 et
742 660 1163 733 simplicitatem.
1197 662 1298 717 Odi
1353 660 1602 713 Proteum
1649 658 1926 710 multifor-

359 762 524 811 m'em'.
549 757 685 810 Amo
708 756 1002 811 secundum
1031 745 1194 808 Deum
1217 747 1664 806 uniformitatem.
1693 755 1929 803 Aversor

359 849 499 913 quod
528 849 824 904 secundum
859 837 1143 915 EmpuSam
1169 843 1370 899 multas
1395 837 1575 897 induit.
1594 842 1925 913 pltantasias.

358 924 516 994 Zelor
560 940 615 994 in
653 939 872 994 homine
898 937 1304 1007 simplicitatem
1334 947 1385 990 et
1410 933 1925 989 imntutabilitatem.

364 1029 480 1083 Non
529 1031 688 1100 juxta
742 1044 945 1099 pronos
1004 1029 1214 1096 sphaera
1291 1035 1590 1095 reputarer,
1646 1024 1802 1094 cujus
1845 1034 1926 1078 cst

362 1138 576 1191 semper
598 1122 722 1178 esse
748 1122 969 1187 mobile,
1002 1121 1096 1176 sed
1127 1120 1322 1184 cubus,
1359 1114 1517 1189 cujus
1547 1127 1632 1172 est
1657 1114 1928 1172 stabilitas

357 1210 512 1269 extra
545 1215 1024 1284 reprehensionem
1055 1223 1422 1282 tetragonum.
1452 1209 1566 1264 Non
1591 1211 1744 1264 novit
1775 1217 1933 1262 natu-

363 1325 420 1362 ra
453 1309 982 1376 tricipitimmonStra
1011 1324 1025 1361 :
1055 1305 1323 1375 quomodo
1375 1304 1592 1366 noverit
1645 1301 1930 1370 centicipi-

361 1393 476 1456 tia?
512 1398 622 1453 Nec
647 1397 818 1454 Janus
841 1398 1050 1467 absque
1082 1396 1514 1467 reprehensione
1545 1393 1793 1449 biformis
1825 1399 1928 1446 est.

367 1491 514 1547 Unus
554 1490 686 1544 mihi
752 1503 978 1558 prorsus
1028 1497 1176 1543 esset
1207 1487 1408 1552 vultus,
1458 1486 1551 1554 qui
1597 1483 1809 1539 cunctis
1849 1493 1934 1537 est

363 1581 507 1644 aliis,
566 1579 736 1635 lleutn
801 1579 1162 1649 spirantibus.
1235 1576 1357 1632 Non
1415 1577 1700 1639 Saltarem,
1759 1589 1933 1642 neque

363 1672 659 1726 secundum
690 1669 1024 1741 pyrricham,
1069 1684 1246 1736 neque
1295 1668 1652 1737 Corybantum
1705 1679 1854 1720 more
1913 1679 1930 1716 :

362 1761 457 1814 sed
497 1759 794 1824 radicarer,
840 1760 1050 1814 stabilis
1110 1759 1458 1829 permanens,
1509 1758 1600 1812 ubi
1655 1758 1930 1818 convenit,

364 1853 548 1921 planta
579 1848 842 1912 caelestis.
879 1866 941 1904 ex
979 1850 1157 1919 aliqua
1187 1858 1338 1917 parte
1379 1849 1628 1904 maxime
1653 1847 1933 1917 sapientia:

363 1944 627 2015 paradisi.
663 1942 737 1998 lbi
786 1944 1050 2010 plantavit
1085 1958 1169 1996 me
1204 1943 1364 2003 Deus,
1395 1942 1511 1997 sive
1564 1939 1929 2004 fructifernm,

362 2037 476 2090 sive
527 2037 786 2090 nudatum
843 2035 1138 2094 alentibus.
1177 2034 1382 2088 lleSCiO.
1429 2032 1693 2086 Sisterem
1744 2030 1930 2100 igitur,

364 2127 504 2182 sicut
533 2126 819 2180 ordinatus
847 2141 989 2190 sum,
1024 2140 1090 2178 ne
1133 2138 1376 2192 quoque,
1412 2137 1630 2177 sursum
1677 2110 1932 2174 deorsum

362 2219 564 2284 factus,
617 2217 816 2287 quibus
855 2219 1052 2288 agitor,
1097 2215 1312 2270 inutilia
1362 2214 1582 2270 reddam
1629 2225 1754 2282 quas
1800 2213 1932 2268 mihi

363 2314 834 2367 communicantur
880 2310 932 2364 in
967 2309 1433 2365 assimilationem.
1496 2309 1657 2365 Aliud
1707 2310 1935 2379 populus

363 2404 643 2470 simplex,
683 2409 738 2456 et
787 2401 932 2456 aliud
1007 2401 1237 2472 populus
1305 2403 1480 2456 sacer.
1551 2399 1651 2455 llic
1717 2401 1932 2469 quidem

363 2510 596 2558 sursum,
630 2493 718 2548 ille
739 2506 865 2549 vero
889 2491 1140 2548 deorsum
1175 2492 1336 2548 fixus.

437 2627 526 2681 68.
563 2624 699 2693 Quid
731 2625 895 2696 igitur
925 2640 1010 2679 me
1063 2625 1361 2681 subducere
1421 2627 1607 2693 vultis,
1644 2627 1932 2684 indocilem

366 2715 602 2784 deﬂecti,
638 2730 745 2785 quo
779 2731 881 2770 non
921 2714 1051 2769 sinit
1091 2715 1296 2784 regula,
1333 2731 1451 2786 quae
1504 2733 1588 2771 me
1639 2717 1832 2786 scalpit
1877 2717 1934 2772 in

367 2809 614 2864 rectum?
641 2806 835 2863 lrrisus
858 2817 940 2862 est
966 2818 1021 2862 et
1054 2809 1320 2863 maximus
1351 2819 1537 2865 noster
1565 2810 1844 2877 Dominus,
1881 2819 1935 2866 et

368 2901 459 2969 qui
517 2900 763 2954 luserunt
815 2899 1184 2970 justillcantur
1235 2901 1412 2956 adhuc
1464 2903 1516 2957 in
1570 2904 1686 2959 suis
1739 2905 1932 2960 saltem

368 2990 716 3060 opinionibus
755 3007 768 3045 :
808 2991 898 3044 sed
931 2990 1063 3044 nihil
1114 2992 1419 3061 proficiunt,
1458 2993 1557 3048 sed
1589 3008 1709 3048 cum
1745 2995 1937 3052 electis

369 3083 716 3136 ordinantur.
745 3082 997 3136 Attamen
1033 3097 1154 3136 cum
1183 3085 1380 3154 aliquis
1409 3101 1473 3140 ex
1508 3087 1612 3142 illis
1641 3087 1776 3144 adeo
1807 3103 1937 3143 ma-

369 3175 538 3229 lellcis
571 3175 636 3228 ad
668 3188 789 3227 eum
841 3188 978 3242 pure
1027 3176 1174 3229 venit
1223 3184 1280 3230 et
1328 3176 1515 3232 abnuit
1565 3179 1770 3247 priora,
1807 3190 1937 3234 tunc

2029 658 2090 709 τὸ
2133 657 2252 710 κατ’
2303 656 2594 726 ἀγροικίαν
2633 655 2854 710 παιδνόν
2910 671 2969 707 τε
3018 657 3111 707 καὶ
3170 657 3390 723 ἀφελές.
3443 658 3598 710 liliath

2033 748 2261 820 Πρωτέα
2311 748 2403 802 τὸν
2433 750 2809 820 πολύμορφον.
2853 748 2997 802 Φιλῶ
3052 749 3114 801 τὸ
3160 749 3302 803 κατὰ
3335 750 3473 803 Θεὸν
3505 768 3597 820 μο-

2031 841 2314 912 νότροπον.
2353 841 2862 911 Ἀποτροπιάζομαι
2887 841 2948 894 τὸ
2975 841 3119 893 κατά
3147 839 3244 911 τὴν
3276 840 3600 909 Ἔμπουσαν

2033 919 2504 1002 πολυφάνταστον.
2543 931 2702 1002 Ζηλῶ
2755 932 2817 985 τὸ
2868 932 3006 985 κατ’·
3028 931 3319 1001 ἄνθρωπον
3395 933 3603 988 ἁπλοῦν

2034 1027 2129 1077 καὶ
2159 1025 2466 1079 ἀποίκιλον.
2508 1021 2603 1094 Μὴ
2635 1025 2840 1094 σφαῖρα
2875 1023 3200 1093 λογιζοίμην
3259 1023 3403 1076 κατᾶ
3461 1041 3605 1094 πραο

2037 1116 2184 1183 νοῦς,
2222 1114 2290 1190 ἦς
2317 1118 2406 1169 ἀεὶ
2439 1116 2500 1170 τὸ
2539 1116 2708 1178 οὕτως
2746 1114 3006 1179 ἄστατον,
3036 1115 3172 1168 ἀλλὰ
3202 1115 3387 1180 κύϐος,
3425 1109 3488 1168 οὗ
3544 1115 3602 1166 τδ

2035 1210 2305 1280 στάσιμον
2335 1210 2428 1261 καὶ
2457 1207 2561 1272 ἔξω
2615 1207 2788 1276 ψόγου
2820 1207 3187 1276 τετράγωνον.
3223 1207 3338 1259 οὐκ
3398 1202 3541 1259 οἶδεν
3571 1209 3603 1274 ὴ

2037 1302 2204 1372 φύσις
2237 1300 2547 1372 τρικέφαλοι
2580 1300 2802 1370 ’τέρατα⁸
2843 1300 2956 1361 πῶς
2999 1294 3093 1352 οὖν
3145 1299 3309 1369 εἰδείη
3360 1299 3427 1353 ἂν
3479 1301 3606 1352 ἑκα-

2031 1393 2351 1464 τογκέφαλα
2379 1411 2392 1459 ;
2432 1393 2572 1446 Οὐδὲ
2595 1392 2657 1446 τὸ
2680 1399 2773 1446 τοῦ
2815 1391 3022 1446 Ίάννου
3050 1391 3402 1456 διπρόσωπον
3431 1393 3607 1444 ἀκατ-

2031 1487 2184 1540 αιτία
2214 1502 2331 1539 τον.
2377 1483 2480 1538 Ἔν
2512 1501 2605 1553 μοι
2640 1485 2939 1553 πρόσωπον
2965 1484 3054 1552 εἴη
3089 1483 3176 1537 διὰ
3205 1484 3426 1546 παντὸς,
3458 1469 3487 1535 δ
3515 1484 3608 1535 καὶ

2039 1581 2152 1640 τοῖς
2183 1577 2367 1640 ἀλλοις
2407 1578 2637 1640 ἅπασιν,
2671 1577 2721 1630 οἳ
2755 1577 2890 1628 Θεὸν
2924 1576 3170 1628 πνέουσι.
3195 1576 3288 1645 Μὴ
3337 1575 3608 1645 δρχοίμην

2037 1674 2178 1742 μήτε
2202 1669 2339 1740 πρὸς
2363 1668 2664 1740 πυρρίχην,
2700 1667 2842 1738 μήτε
2896 1666 3272 1739 κορυϐαντιῶν
3293 1684 3309 1699 ·
3355 1667 3493 1718 ἀλλὰ
3522 1669 3607 1736 ῥι-

2037 1765 2252 1834 ζοίμην,
2291 1763 2520 1834 μόνιμος
2550 1760 2824 1830 βεϐηκὼς,
2853 1759 2938 1829 ἐφ’
2969 1752 3030 1813 οὖ
3089 1758 3290 1829 χρεὼν,
3321 1758 3489 1828 φυτδν
3515 1759 3609 1810 ούδ

2041 1857 2226 1928 ράνιον
2249 1855 2312 1908 ἐκ
2345 1855 2512 1908 ποθεν
2541 1854 2877 1925 παραδείσου
2912 1850 3006 1906 τοῦ
3043 1851 3186 1906 κατά
3213 1851 3313 1922 τὴν
3340 1852 3609 1921 μεγίστην

2040 1947 2256 2016 σοφίαν.
2309 1944 2616 2015 Ἐκήπευσι
2643 1961 2710 2016 με
2739 1947 2766 1997 6
2797 1944 2930 2008 Θεὸς
2961 1943 3217 2010 ἐνταῦθα,
3247 1944 3348 1997 οὐκ
3381 1939 3609 1998 οἷὸἐῐτε

2036 2042 2344 2111 ἔγκαρπον,
2388 2040 2498 2092 εἴτε
2527 2040 2627 2094 καὶ
2674 2037 2853 2101 ἄλλως
2915 2019 3251 2108 ἐψιλωμένον
3317 2039 3428 2091 τῶν
3477 2054 3605 2112 τρε-

2035 2131 2266 2200 φόντων.
2316 2130 2640 2202 Ἐστήκοιμι
2677 2127 2794 2194 οὖν,
2819 2130 2895 2192 ὡς
2941 2129 3206 2201 ἐτάχθην,
3240 2132 3334 2184 καὶ
3368 2131 3442 2202 μὴ
3495 2131 3612 2184 ἄνω

2037 2223 2191 2276 κάτω
2228 2221 2497 2291 γεγονὼς,
2553 2216 2638 2285 οἷς
2697 2220 3170 2290 ἀνασκαλεύομαι,
3217 2221 3610 2292 συναχρειώσω

2036 2313 2133 2363 καὶ
2166 2308 2236 2362 τὰ
2264 2309 2627 2364 κοινωνοῦντά
2661 2327 2752 2380 μοι
2789 2312 2847 2372 ις
2893 2309 3162 2380 ὁμοειδές.
3204 2309 3367 2362 Ἀλλο
3409 2310 3536 2373 λαὸς
3583 2312 3612 2364 6

2036 2399 2246 2466 ἁπλῶς,
2275 2400 2372 2454 καὶ
2401 2399 2531 2453 ἄλλο
2553 2394 2684 2460 λαὸς
2717 2401 2745 2452 6
2771 2399 2938 2470 ἱερός.
2971 2392 3140 2462 Οὗτος
3169 2398 3270 2469 μὲν
3303 2398 3435 2466 ἄνω,
3467 2401 3614 2454 ἐκεῖ·

2036 2498 2123 2553 νο;
2163 2490 2219 2543 δὲ
2243 2489 2378 2544 ἀλλὰ
2404 2489 2780 2561 ὕποῦεδηκώς.

2109 2609 2209 2698 ξη).
2245 2611 2311 2680 Τί
2345 2626 2410 2698 δὴ
2467 2624 2559 2681 οὖν
2615 2644 2680 2697 με
2724 2626 3011 2681 καθέλκειν
3061 2627 3340 2698 βούλεσθε,
3385 2629 3479 2683 τὸν
3533 2623 3612 2701 μῆ

2039 2719 2322 2788 πεφυκότα
2350 2719 2875 2790 κατακάμπτεσθαι,
2904 2723 2984 2784 είς
3006 2721 3034 2774 ὃ
3063 2722 3141 2792 μὴ
3185 2722 3400 2776 δίδωσιν
3437 2726 3464 2777 6
3512 2739 3613 2776 κα-

2039 2811 2169 2874 νὼν,
2203 2814 2230 2866 6
2261 2812 2340 2874 είς
2363 2812 2522 2882 ὀρθὸν
2567 2812 2816 2879 ἀποξέων
2857 2831 2965 2882 με;
3013 2815 3286 2887 Ἐπαίχθη
3322 2817 3417 2868 καὶ
3447 2817 3475 2863 6
3514 2818 3612 2886 μὲ-

2039 2919 2225 2972 γιστος
2252 2903 2532 2974 Δεσπότης
2559 2902 2739 2974 ἡμῶν,
2769 2905 2862 2956 καὶ
2889 2906 2938 2957 oi.
2967 2906 3378 2977 ὲμπεπαιχότες
3408 2908 3614 2961 δικαιο⁴

2038 2995 2331 3064 λογοῡνται
2363 2997 2456 3049 καὶ
2479 2995 2648 3048 εἰσέτι
2679 2997 2750 3050 τά
2782 3013 2844 3065 γε
2877 2997 3034 3068 σφίσι
3062 2999 3325 3052 δοκοῦντα
3351 3017 3368 3031 ⁸
3402 3001 3614 3054 ὀνίναν-

2039 3108 2126 3144 ται
2151 3091 2205 3144 δὲ
2236 3089 2412 3156 οὐδὲν,
2445 3089 2524 3152 ὡς
2583 3088 2678 3142 καὶ
2735 3091 3093 3160 συντετάχθαι
3144 3093 3256 3157 τοῖς
3311 3093 3607 3155 ἐκλεκτοῖς.

2051 3181 2193 3235 Ἀλλ’
2221 3183 2308 3234 ὅτε
2330 3181 2394 3252 δή
2435 3198 2517 3243 τις
2577 3182 2673 3234 καὶ
2721 3182 2829 3235 τῶν
2887 3182 3029 3236 οὕτω
3086 3187 3411 3256 κακοεργῶν
3473 3190 3611 3256 πρὸς

370 3264 678 3336 lmjusmodi
711 3265 905 3333 recipit
951 3268 1075 3332 iste,
1112 3265 1245 3320 nihil
1298 3268 1480 3337 priora
1534 3269 1823 3327 malefacta
1855 3273 1932 3328 fa-

2045 3268 2256 3322 ὲκείνου
2284 3269 2512 3338 γένηται
2539 3268 2820 3338 καθαρῶς,
2865 3274 2959 3324 καὶ
2987 3273 3232 3345 ἀποείπῃ
3286 3277 3352 3328 τὰ
3409 3279 3614 3347 πρότε-

368 3362 519 3413 ciens
566 3361 619 3411 in
678 3357 851 3420 illum,
900 3357 1006 3413 etsi
1060 3359 1259 3413 malum
1309 3359 1486 3428 ipsum
1532 3377 1654 3418 esse
1698 3365 1932 3419 noverit.

367 3449 595 3517 Quando
627 3448 769 3503 enim
809 3448 902 3520 qui
943 3447 1180 3504 vivificat
1210 3453 1278 3505 ab
1300 3464 1445 3518 ortu,
1480 3468 1600 3508 sero
1631 3456 1940 3512 infunderet

368 3543 532 3608 bona,
568 3557 672 3596 non
703 3541 881 3610 qualia
918 3541 1074 3596 dives
1102 3541 1193 3596 ille
1230 3545 1577 3614 evangelicus
1608 3557 1754 3600 amat
1783 3563 1936 3601 suam

367 3633 596 3703 implere
630 3633 891 3692 animam.
926 3632 1017 3686 sed
1055 3633 1222 3688 multo
1261 3635 1464 3705 majora
1497 3649 1613 3706 qua:
1643 3638 1757 3692 suis
1788 3654 1940 3708 aeque

370 3727 607 3796 partitur
643 3724 954 3796 discipulis?
984 3723 1077 3781 Sic
1111 3738 1288 3782 autem
1319 3727 1467 3781 illum
1498 3729 1590 3797 qui
1618 3744 1840 3799 prorsus
1871 3731 1938 3785 ab

368 3821 490 3890 ipso
530 3818 847 3884 deﬂexerat,
886 3819 1180 3875 dummodo
1228 3821 1280 3874 in
1336 3831 1446 3875 tota
1502 3823 1685 3876 redeat
1733 3825 1934 3892 anima,

370 3927 475 3967 non
509 3911 663 3982 quasi
689 3909 952 3964 malorum
977 3912 1241 3965 artificem
1267 3911 1532 3982 propellit,
1557 3915 1649 3968 sed
1681 3921 1933 3983 tanquam

371 4000 650 4068 proprium
682 3999 881 4053 bonum
913 3999 1136 4069 accipit.
1169 3997 1236 4053 Et
1271 4009 1448 4054 tamen
1477 4001 1784 4072 hujnsmodi
1821 4001 1940 4059 Sal-

366 4101 523 4145 vator
550 4090 656 4146 alio
687 4091 844 4148 modo
873 4093 1202 4149 exterminat
1239 4091 1306 4147 ab
1333 4093 1447 4164 ipso
1474 4097 1785 4169 quicunque
1828 4098 1939 4154 for-

365 4195 598 4240 nitatur.

436 4513 524 4570 69.
550 4513 764 4572 Talium
789 4517 1182 4589 exemplarium
1208 4523 1306 4592 ego
1343 4523 1619 4580 studiosus
1651 4541 1791 4595 sum,
1827 4531 1928 4584 etsi

2046 3375 2158 3431 ρον,
2197 3362 2317 3413 τότε
2339 3359 2402 3430 δὴ
2438 3363 2532 3414 καὶ
2580 3363 2869 3433 προσίεται
2928 3364 3021 3417 τὸν
3079 3367 3327 3420 τοιοῦτον
3379 3369 3611 3435 ἐκεῖνος,

2044 3451 2138 3506 καὶ
2174 3453 2310 3523 μηδὲ
2345 3451 2615 3526 πρότερον
2640 3455 2782 3507 κακά
2819 3456 2990 3509 ποιῶν
3051 3457 3138 3510 ἐπ’
3197 3458 3366 3526 αὐτῷ,
3419 3462 3470 3512 εί
3519 3465 3612 3514 καὶ

2041 3546 2214 3599 κακὸν
2250 3547 2416 3599 αὐτὸν
2441 3542 2580 3600 εἶναι
2607 3543 2740 3600 οἶδε.
2775 3548 2896 3612 Πῶς
2955 3552 3063 3616 γὰρ
3125 3551 3153 3602 6
3202 3551 3489 3622 ζωὸγονῶν
3549 3557 3612 3608 ὲκ

2041 3639 2288 3709 γενετῆς,
2345 3637 2578 3710 ὕστερον
2634 3641 2816 3709 ἀγαθά
2895 3643 3163 3714 ἐπιρρέει,
3221 3646 3319 3715 οὐχ
3360 3648 3523 3701 ὁποῖα.
3587 3649 3615 3700 6

2042 3731 2393 3799 εὐαγγελικδς
2426 3731 2571 3801 φιλεί
2615 3731 2868 3797 πλούσιος
2919 3735 3270 3807 ἀποπληροῦν
3323 3742 3389 3809 τῇ
3441 3739 3612 3811 ψυχῇ,

2041 3823 2176 3877 ἀλλὰ
2200 3824 2294 3877 καὶ
2315 3823 2382 3876 τὰ
2411 3824 2592 3895 πολλῴ
2623 3824 2794 3894 μείζω
2843 3827 2901 3880 ὲν
2957 3829 3226 3897 ἱσοκλήρῳ
3289 3833 3403 3893 τοῖς
3448 3833 3612 3885 αὐτοῦ

2043 3916 2356 3988 μαθηταῖςῖ
2389 3916 2547 3970 Οὕτω
2585 3917 2640 3969 δὲ
2665 3918 2756 3969 καὶ
2801 3917 2977 3971 πάντα
3038 3920 3128 3972 τὸν
3157 3921 3214 3986 ἐξ
3259 3922 3424 3975 αὑτοῦ
3483 3925 3616 3978 ἀπο-

2044 4009 2374 4081 σκιρτῶντα,
2411 4010 2567 4079 είπερ
2602 4009 2660 4062 ὲν
2703 4008 2800 4081 ὅλῃ
2846 4008 2994 4082 ψυχῇ
3058 4012 3347 4085 ἐπανέλθῃ,
3388 4016 3486 4085 οὐχ
3539 4016 3612 4081 ὡς

2039 4099 2352 4170 ἀρχέκακον
2420 4098 2713 4169 ἀμύνεται,
2765 4097 2882 4150 ἀλλ’
2945 4099 3020 4161 ὡς
3108 4102 3406 4173 ίδιόκτητον
3481 4109 3616 4174 ἀγα-

2040 4192 2132 4245 θὸν
2192 4189 2584 4262 παραδέχεται.
2631 4189 2741 4242 Καὶ
2783 4189 2880 4258 μὲν
2937 4191 2966 4243 6
3026 4190 3168 4246 οὕτω
3214 4186 3406 4266 Σωτὴρ
3458 4198 3615 4251 ἄλλον

2039 4283 2242 4353 τρόπον
2303 4279 2642 4352 ἐξολοθρεύει
2722 4281 2900 4336 πάντα
2959 4283 3051 4336 τὸν
3133 4287 3462 4357 πορνεύονῑα
3524 4293 3601 4344 ἀπ

2037 4376 2225 4432 αὑτοῦ.

2111 4517 2206 4584 ξν⁹.
2239 4519 2512 4574 Τοιούτων
2561 4517 2676 4589 ἐγὼ
2724 4520 3190 4592 παραδειγμάτων
3240 4519 3510 4592 ζηὶωτὴς,
3568 4521 3614 4572 εί

367 4605 544 4662 minus
597 4607 814 4676 sapiens
868 4609 1013 4664 dico.
1066 4611 1200 4666 Cum
1262 4615 1426 4670 rectis
1497 4619 1713 4685 quidem
1783 4623 1932 4692 erigo

2045 4613 2138 4674 καὶ
2171 4613 2454 4684 ἀφραίνων
2486 4612 2656 4683 urat:
2693 4615 2801 4668 Kal
2827 4618 2940 4677 τοῖς
2972 4615 3074 4684 μὲν
3103 4615 3284 4685 ὀρθοῖς
3315 4611 3618 4682 συνεξοροῶ

367 4694 667 4766 tueipsum;
721 4698 767 4750 si
819 4700 942 4768 quis
986 4711 1164 4756 autem
1224 4713 1399 4758 tortus
1459 4718 1562 4773 cst,
1621 4724 1727 4762 non
1778 4710 1938 4768 facile

367 4793 421 4840 et
467 4799 568 4859 ego
627 4788 708 4843 sic
766 4798 1072 4860 torqueor;
1135 4792 1231 4848 sed
1279 4809 1496 4864 precor;
1539 4813 1609 4854 ne
1688 4802 1939 4872 injuriam

367 4877 558 4934 reddat
586 4879 649 4934 “.
695 4898 713 4932 ι
752 4879 868 4937 Non
909 4893 1090 4939 autent
1127 4887 1291 4955 scire,
1329 4891 1475 4959 quod
1526 4891 1779 4960 iniuriam
1837 4898 1939 4953 sim

365 4982 581 5039 passus,
615 4972 726 5040 illa,
756 4989 875 5044 quae
903 4977 1072 5032 semel
1101 4980 1229 5033 talia
1271 4985 1620 5054 conscripsit,
1676 4992 1938 5044 memnria

366 5071 472 5112 non
501 5059 653 5113 sinit.
686 5060 924 5117 Marsum
970 5068 1221 5123 mordere
1243 5073 1595 5140 proverbium
1631 5080 1889 5134 concedit
1921 5095 1937 5133 :

367 5150 488 5219 pius
536 5162 718 5208 autem
759 5170 947 5211 sermo
1004 5173 1110 5214 non
1171 5162 1426 5232 absolvit,
1481 5169 1576 5222 sod
1638 5169 1943 5228 dissolvens

365 5243 799 5315 conjunctionem
890 5249 1032 5306 hanc
1104 5257 1356 5313 mordere
1433 5273 1676 5316 morsum
1741 5263 1943 5319 claudit

365 5349 428 5388 os
479 5351 698 5404 morso,
748 5355 817 5393 ne
871 5345 1086 5411 quando
1149 5350 1507 5417 rctnordeus,
1557 5347 1734 5407 denuo
1791 5355 1944 5409 dete-

363 5427 617 5482 standum
650 5445 890 5485 morsum
929 5435 1146 5491 inferat.
1181 5437 1238 5494 Si
1268 5456 1396 5496 vero
1429 5458 1609 5498 morsu
1657 5445 1815 5500 laesus
1845 5447 1944 5500 ali-

364 5517 494 5584 quid
548 5520 724 5575 rabidi
759 5527 997 5580 senserit
1043 5529 1364 5587 instillatutn
1397 5545 1454 5590 et
1482 5535 1686 5592 exinde
1726 5546 1944 5593 maneat

368 5609 682 5680 insignitus,
761 5615 864 5671 hoc
929 5634 1153 5678 manens
1235 5625 1448 5694 signum
1533 5645 1644 5684 non
1713 5640 1941 5699 generat

367 5698 585 5766 quidem
655 5707 972 5762 memoriam
1029 5712 1094 5766 ad
1151 5713 1290 5770 idem
1349 5698 1785 5788 retribtl'e—ndtlm,
1845 5723 1938 5779 sed

2042 4705 2315 4774 ἐμαυτόν·
2349 4709 2397 4760 εί
2423 4707 2481 4762 δέ
2503 4724 2587 4768 τις
2607 4706 2698 4778 είη
2733 4708 3012 4777 στρεὸλδς,
3045 4709 3106 4759 οὐ
3162 4707 3472 4775 διαστρέψω
3519 4704 3616 4773 μὲν

2042 4795 2282 4860 εὐκόλως
2319 4796 2490 4861 οὕτω,
2513 4815 2526 4828 ·
2557 4797 2790 4869 εὔχομαι
2829 4795 2913 4863 δὲ,
2951 4800 3024 4866 μὴ
3056 4795 3489 4862 ἀποτελευτῆσαι
3539 4795 3616 4854 είς

2041 4890 2245 4960 ὅμοιον.
2285 4885 2418 4943 Οἶδα
2446 4889 2728 4961 χρεώστης
2757 4883 2900 4942 εἶναι
2927 4889 3022 4941 τοῦ
3049 4903 3074 4940 ‘r
3127 4887 3482 4956 ἀδικούμενος
3545 4886 3616 4954 μὴ

2043 4983 2373 5038 ἁνταδικεῖν.
2419 5001 2436 5034 ι
2474 4985 2566 5054 Μὴ
2599 4986 2797 5039 εἰδέναι
2832 4985 2910 5050 δὲ,
2941 4983 3017 5045 ὡς
3043 4982 3334 5051 ἠδίκημαι,
3358 4981 3458 5034 οὐκ
3492 4978 3616 5046 aei-

2044 5089 2170 5146 ησιν
2217 5078 2252 5146 ἡ
2301 5076 2560 5141 καθάπαξ
2620 5077 3059 5149 ἀπογραφομὲνη
3114 5075 3214 5128 καὶ
3284 5074 3351 5126 τὰ
3401 5072 3617 5124 τοιαῦτα

2047 5169 2260 5240 μνήμη.
2301 5170 2643 5240 Δακνόμενον
2705 5169 2944 5233 δάκνειν,
2985 5170 3020 5238 ἡ
3062 5165 3332 5237 παροιμία
3383 5165 3612 5235 ἐφίησιν.

2061 5259 2118 5313 ⁸0
2140 5261 2196 5313 δὲ
2229 5261 2464 5329 εὐλαϐὴς
2496 5261 2652 5329 λόγος
2689 5261 2889 5315 οὔκουν
2919 5262 3117 5330 ἀφίησι
3141 5275 3156 5291 ο
3215 5257 3513 5327 παραλύων
3566 5254 3618 5306 δι

2049 5352 2150 5421 τὴν
2204 5355 2502 5422 συνάφειαν
2531 5353 2629 5424 τὴν
2691 5356 2908 5409 δάκνειν
2965 5354 3282 5418 δάκνεσθαι,
3332 5352 3503 5403 κλείει
3565 5346 3616 5396 τὸ

2047 5447 2222 5514 στόμα
2294 5446 2372 5515 τῷ
2436 5447 2772 5517 δακνομένῳ,
2833 5447 3041 5516 μήποτε
3091 5443 3397 5498 ἀντιδακὼν
3456 5438 3617 5508 βλέψῃ

2045 5538 2206 5590 ὀποῖά
2232 5551 2284 5590 τι
2322 5539 2485 5602 δάκος
2523 5539 2913 5609 ἀποτρόπαιον.
2945 5539 3004 5590 Et
3039 5538 3093 5590 δέ
3117 5524 3200 5605 ’γε
3228 5535 3257 5586 6
3287 5534 3365 5604 τῷ
3387 5532 3616 5602 δήγματι

2046 5629 2290 5692 πιεσθεὶς
2322 5630 2482 5685 πάθοι
2507 5629 2782 5692 ’λυσσῶδές
2837 5647 2889 5681 τι
2940 5628 3181 5691 ὲντακὲν,
3237 5625 3333 5678 καὶ
3378 5625 3618 5690 παραση-

2057 5737 2154 5790 μος
2185 5721 2392 5773 ἐκεῖθεν
2449 5723 2628 5790 μένει,
2685 5719 2845 5774 τοῦτο
2901 5720 2966 5791 δὴ
3018 5718 3078 5772 τὸ
3148 5718 3332 5787 μένειν
3399 5718 3618 5785 μνήμην
