3840 6550
922 290 948 303 1

183 393 267 457 473
1095 389 1398 448 CONTRA
1445 390 1720 451 INJURI.

1827 390 1934 450 UM
1964 391 2393 454 MEMORIAM.

3293 394 3398 459 474

185 503 496 574 τοκροτῆται
530 504 588 554 τὸ
637 501 768 570 ἐμὸν
800 500 960 554 τοῦτο
1014 504 1154 556 κατά
1193 504 1389 566 κακίας
1445 505 1617 574 ξίφος.
1661 505 1720 557 Ὀ

1829 520 2082 561 resonare
2116 523 2294 562 meum
2325 509 2465 564 lmnc
2504 520 2692 564 contra
2745 509 3002 567 malitiam
3034 521 3240 570 ensem.
3269 515 3398 572 Bilis

187 596 336 667 χόλος,
368 594 466 646 εἶτ’
496 591 588 647 οὖν
626 593 793 663 θυμὸς
828 595 899 665 (εἰ
928 595 985 647 δέ
1023 613 1106 658 τις
1136 598 1310 648 εἰπεῖν
1329 596 1593 666 βούλοιτο,
1627 597 1722 652 καὶ

181 685 450 759 όργὴ)οὖτε
475 689 532 739 ἐν
554 687 768 756 κινήσει
819 688 1105 755 τυγχάνων
1185 689 1264 742 ἔτι
1318 691 1411 742 καὶ
1471 689 1720 759 βρασμῷ,

184 784 250 844 εις
269 778 526 848 ἀκραιφνῆ
547 779 822 848 ἁμαρτίαν
841 781 1203 849 ἐγγράφεται.
1231 779 1354 832 οὔτε
1381 780 1486 852 μὴν
1508 781 1724 835 παυσάο

185 889 321 943 μενος
354 871 451 939 μὲν
490 871 784 940 κινήσεως,
826 871 899 938 μὴ
928 870 1161 941 ὲλλοχῶν
1187 871 1241 922 δὲ
1271 874 1364 924 καὶ
1421 871 1723 941 ὲνεδρευτι-

181 965 272 1026 κῶς
317 961 710 1032 ἐγκαθήμενος.
774 961 914 1014 Ἀλλ’
972 961 1062 1016 ὅτε
1106 963 1173 1016 ἂν
1212 963 1304 1016 καὶ
1358 965 1412 1026 ἐς
1469 963 1723 1016 τοσοῦτον

181 1052 468 1121 ἁλλοιωθεξη
493 1053 902 1126 καταπασθεὶς,
933 1054 1008 1116 ὠς
1046 1056 1124 1124 μὴ
1179 1054 1266 1123 ἔχε
1280 1073 1325 1106 ιν
1357 1053 1563 1108 θλίϐειν
1588 1054 1724 1117 ὅλως

181 1147 253 1198 τὸν
265 1144 356 1214 ἤδη
376 1145 702 1213 χολωθέντα.
727 1147 866 1215 μήτε
891 1145 996 1216 μὴν
1025 1147 1324 1216 ταράσσειν
1344 1149 1439 1201 καὶ
1463 1147 1722 1217 ἐνοχλεῖν,

177 1237 294 1288 ὥστε
315 1237 402 1288 καὶ
432 1236 612 1289 θέλειν
659 1237 1006 1307 ὲξεμεῖσθαιι·
1035 1241 1154 1292 τότε
1207 1240 1270 1309 δὴ
1307 1240 1414 1293 οὐδ’
1445 1239 1510 1293 ἂν
1570 1239 1726 1309 χόλος

177 1329 244 1380 ἔτι
271 1328 493 1396 λέγοιτο.
522 1329 601 1398 τῷ
629 1330 798 1382 παντὶ
829 1331 884 1384 δὲ
919 1332 1080 1384 πλέον
1102 1331 1222 1384 οὔτε
1269 1331 1488 1402 μήνιδος
1507 1331 1725 1402 κληρώι

176 1437 301 1472 σεται
335 1421 548 1486 κλῆσιν,
582 1420 698 1473 ἀλλ’
723 1423 783 1474 οὑ
836 1423 1018 1476 κότου.
1054 1423 1164 1476 Ποῦ
1213 1423 1323 1492 γὰρ
1376 1424 1556 1492 μῆνις,
1619 1421 1722 1475 ποῦ

175 1512 220 1562 δὲ
246 1511 638 1582 κότος,ὃμήττ
685 1514 1020 1584 παραμένει,
1077 1515 1216 1584 μήτε
1274 1515 1556 1580 ἕγκειται;
1617 1514 1726 1567 Καὶ

174 1602 320 1666 ἀ-λως
367 1604 422 1656 δὲ
467 1606 798 1676 γοργότερον
835 1606 895 1659 τὸ
938 1607 1070 1660 αὐτὸ
1095 1607 1541 1677 σιρυρηλοιτῆιῐαι⁸
1588 1625 1723 1677 μνη-

174 1699 392 1748 σικακεῖν
433 1697 636 1764 λέγοιτ’
674 1698 741 1752 ἂν
794 1699 854 1752 τὸ
893 1699 1211 1767 καταπέψαι
1252 1700 1351 1768 μὲν
1383 1701 1580 1755 αὐτίκα
1633 1700 1727 1754 τὸν

171 1788 318 1855 χόλον,
347 1791 644 1856 μετόπισθε
667 1790 724 1841 δὲ
745 1790 1152 1860 κατακρύπτειν
1177 1792 1338 1844 αὐτὸν
1361 1794 1522 1845 κότου
1543 1792 1720 1863 δίκην,

171 1881 255 1942 ἕως
279 1879 339 1934 ἂν
373 1881 640 1952 βρασθείη
707 1883 937 1949 ἑκζέσας
965 1887 1102 1954 πρὶς
1137 1884 1508 1954 ἀποτέλεσμα.

222 2013 315 2078 (ις’.
351 2016 462 2070 Καὶ
485 2017 628 2071 οὕτω
663 2020 763 2089 μὲν
812 2019 1203 2089 ὲφαντὲσαντο
1241 2023 1335 2076 καὶ
1369 2024 1415 2075 οι
1456 2023 1524 2074 τὰ
1550 2023 1607 2086 ἐς
1631 2021 1724 2074 πι-

171 2120 263 2158 στιν
286 2109 496 2176 τυφλοὶ,
531 2111 582 2173 ὃ,
616 2127 669 2163 τι
696 2111 896 2181 δήποτε
922 2114 955 2184 ή
981 2114 1078 2184 τῆς
1111 2133 1129 2166 ι
1157 2116 1553 2185 μνησικακίαςι
1589 2121 1724 2185 (pauo

176 2197 309 2266 λὸτης
342 2199 618 2267 βούλεται.
658 2203 720 2254 Ol
748 2203 804 2255 δὲ
857 2206 1223 2273 τρανέστερον
1267 2208 1345 2268 εις
1384 2207 1444 2259 τὸ
1466 2207 1564 2275 τῆς
1596 2208 1716 2276 ἀλη-

175 2287 298 2349 Beia;
324 2291 442 2358 φῶς
490 2289 920 2361 ἀναδλέψαντες,
994 2298 1089 2349 καὶ
1143 2299 1292 2365 ἡμᾶς
1348 2301 1522 2350 ποιεῖν
1581 2298 1723 2352 οὕτω

168 2379 472 2448 διδάξαντες,
500 2379 585 2446 οἷς
636 2385 886 2439 Einhart"
933 2387 994 2440 Εἰ
1035 2381 1386 2442 suariam:
1423 2394 1533 2442 toi"
1561 2394 1723 2443 αντα·

680 2441 689 2452 ο
1507 2429 1530 2453 9

170 2471 416 2525 ’τοδιδοῦσί
463 2494 554 2542 μοι
603 2475 766 2530 κακά·
811 2479 1082 2550 ὁρίζονται
1143 2483 1455 2550 προφανῶς,
1499 2485 1724 2553 ιμνησῖ-

173 2582 339 2618 κακονι
379 2565 544 2632 εἶναι,
580 2569 638 2631 ὃς
660 2569 723 2624 ἂν
746 2571 1074 2640 ἀνταποδοίη
1106 2574 1402 2637 κακώσεως
1450 2576 1719 2630 κάκωσιν.

175 2657 265 2710 Καὶ
292 2658 444 2710 τοῦτο
476 2660 580 2728 μὲν
611 2661 871 2717 τοιοῦτον.
921 2664 1084 2717 Ἀλλά
1142 2667 1579 2734 προσεπιδοτικοί
1632 2685 1721 2738 μοι

171 2749 246 2798 καὶ
277 2749 462 2816 ὑμεῖς,
487 2743 534 2802 ὢ
569 2757 960 2823 πατριάρχικοὶ
989 2756 1198 2818 παῖδες,
1249 2758 1296 2808 οἱ
1327 2756 1421 2810 τοῦ
1477 2757 1716 2827 μεγάλου

171 2841 344 2909 πατρὸς
384 2843 600 2906 Ἰσαὰκ,
634 2845 808 2896 εἰπεῖν
857 2863 910 2898 τι
942 2847 1036 2898 καὶ
1090 2847 1381 2917 ὑμέτερον,
1438 2850 1495 2914 ἐξ
1551 2845 1722 2921 οὗπερ

170 2927 442 2984 ἀνακόπτει
475 2933 767 3002 φιλόσοφος
817 2936 995 3004 λόγςο,
1031 2937 1229 3006 ὁρίζων
1284 2939 1344 2991 τὸ
1387 2942 1725 3012 μνησικάκη-

172 3036 249 3086 μα.
297 3022 434 3076 duri;
496 3025 606 3094 γὰρ
663 3025 824 3079 οὕτω·
880 3028 1106 3098 Μήποτε
1147 3034 1551 3102 μνησικακήσει
1592 3031 1723 3104 ἡμῖν

181 3112 379 3184 Ἰωσὴρ,
408 3120 502 3169 καὶ
531 3119 818 3188 ἀνταποδῷ
848 3121 977 3190 ἡμῖν
1007 3122 1360 3191 ἀνταπόδομα
1411 3125 1588 3178 min:
1653 3127 1720 3181 τά

171 3209 315 3268 κακὰ,
349 3207 384 3260 ἃ
412 3208 801 3279 ἐνεδειξάμεθα
822 3211 989 3282 αὐτῷ.
1029 3211 1218 3267 Ταῦτά
1251 3232 1306 3267 τε
1331 3213 1422 3268 οὖν
1449 3215 1720 3286 ἀριδήλως

172 3297 247 3347 xiv
270 3297 366 3364 τῆς
402 3301 773 3369 μνησικακίας
806 3303 932 3372 ὅρον
963 3303 1264 3373 διεκφαίνεί
1283 3305 1522 3358 τοιοῦτον
1556 3303 1719 3375 εἶναι,

173 3389 332 3441 ὁποῖον
361 3392 554 3462 μικρόν
609 3411 661 3445 τι
694 3393 890 3448 ἀνόπιν
921 3396 1361 3470 ὑπεκρουόμεθα.
1421 3402 1528 3454 Καὶ
1587 3401 1720 3454 αὐτὸ

175 3479 220 3564 δι
241 3481 292 3532 τὸ
329 3484 428 3551 «μὴ
470 3487 720 3556 μνησθῇς
746 3487 986 3554 ἀνομιῶν
1019 3490 1178 3560 ἡμῶν
1211 3493 1506 3564 ἀρχαίων,ι
1543 3495 1722 3550 τοιοῦ-

173 3563 250 3622 τόν
272 3587 323 3626 τι
356 3577 725 3645 παρεμφαίνει
783 3580 894 3640 τοῖς
949 3579 1318 3648 ὲμὸαθύνουσι
1368 3585 1512 3635 κατά
1572 3583 1718 3638 νοῦν.

177 3654 315 3716 Ἔστι
338 3668 441 3737 γὰρ
464 3669 674 3722 ἐκεῖθεν
700 3671 1088 3740 ὲρανισάμενον
1118 3673 1391 3741 (paventi);
1407 3673 1554 3738 ἄπας
1577 3677 1604 3726 ὁ
1626 3674 1723 3745 ζη-

177 3753 266 3806 τῶν
291 3757 362 3827 μὴ
394 3761 888 3832 μνησικακηθῆναι,
929 3761 1104 3826 οὕτως
1137 3764 1202 3817 ἀν
1238 3766 1590 3836 ποτνιάσηται
1627 3767 1718 3820 τὸν

178 3849 557 3919 συν-ἂνθρωποι·
598 3853 672 3922 μὴ
703 3853 969 3924 μνησθῇς,
1001 3847 1044 3908 ὦ
1066 3856 1268 3925 ἑταῖρε,
1297 3858 1715 3928 ἁμαρτημάτων

182 3940 500 4014 παλαιτέρων
553 3947 632 4007 εἰς
683 3946 1039 4000 ἀνταπόδοσιν
1067 3947 1288 4018 δηλαδὴ.
1323 3949 1394 4013 ὡς
1435 3945 1521 4003 οἷα
1580 3967 1719 4021 μνη·

177 4031 393 4096 σίκακος.
445 4039 550 4090 Καὶ
583 4038 667 4107 εἴη
721 4038 786 4090 ἂν
816 4039 908 4092 καὶ
955 4038 1099 4092 οὕτω
1150 4044 1484 4110 μνησικακία
1526 4045 1720 4114 μνήμη

185 4121 403 4178 παλαιῶν
437 4129 851 4199 ἁμαρτημάτων
880 4131 972 4183 ἐπὶ
1010 4132 1363 4186 ἀνταποδόσει
1395 4134 1576 4207 όμοῖᾳ.

236 4254 322 4319 οἵ.
365 4260 716 4315 ’Λναλεκτέον
748 4264 804 4317 δὲ
844 4265 1012 4317 εἰσέτι
1064 4267 1126 4319 ὲκ
1189 4252 1297 4319 τῶν
1349 4266 1452 4333 ἔξω
1502 4270 1594 4322 καὶ
1647 4271 1722 4342 μὴ

179 4345 442 4419 καθ’ήμᾶς
494 4353 748 4406 ἀκανθῶν
781 4356 860 4418 εἰς
893 4355 1166 4425 ροδόεντα,
1209 4357 1283 4419 ὡς
1326 4358 1391 4411 ἂν
1440 4359 1582 4412 εἴποι
1615 4378 1718 4426 τις,

177 4436 311 4504 λόγον
359 4445 450 4495 καὶ
495 4445 594 4495 τό⁶
635 4445 728 4515 Μὴ
779 4449 1217 4520 μνησικακήσῃς,
1272 4451 1319 4500 ει
1373 4449 1436 4502 σὺ
1473 4451 1719 4522 φυλακὴν

1826 596 1938 651 sive
1991 599 2202 654 animus
2234 601 2369 669 (aut.
2401 601 2443 654 si
2477 603 2598 671 quis
2639 602 2711 656 ita
2742 603 2924 658 dicere
2957 604 3106 669 velit,
3169 607 3271 675 ira)
3307 607 3398 675 qui

1826 704 1932 741 non
1975 691 2024 742 in
2059 701 2202 746 motu
2229 692 2477 746 consistit
2503 693 2676 747 adhuc
2699 703 2754 746 et
2785 694 2836 748 in
2883 696 3117 761 fervore,
3171 696 3254 751 vel
3301 697 3395 766 qui

1827 791 1972 833 motu
2019 796 2124 837 non
2174 785 2476 852 composito
2527 786 2766 855 quidem,
2814 804 2918 843 non
2965 797 3142 843 tamen
3177 791 3397 859 laqueos

1827 876 1978 939 ponit
2023 883 2076 928 et
2104 879 2169 930 ad
2225 876 2447 942 insidias
2502 879 2673 942 sedet,
2721 879 2772 932 iu
2829 894 3021 949 purum
3071 881 3397 937 inscribetur

1825 977 2129 1046 peccatum.
2183 967 2378 1024 Verum
2413 985 2535 1024 cmn
2569 978 2704 1024 adeo
2735 981 2974 1027 mutatus
3021 972 3182 1027 fuerit
3233 977 3396 1028 deco-

1824 1065 1964 1120 ctus,
1989 1066 2043 1110 ιιι
2072 1073 2410 1128 nequaquam
2436 1061 2601 1129 possit
2629 1078 2821 1116 vexare
2840 1079 2960 1118 eum
2991 1064 3204 1132 quijam
3231 1066 3399 1119 iratus

1825 1156 1928 1214 est,
1959 1163 2056 1202 nec
2085 1151 2290 1219 agitare
2319 1154 2648 1220 turbareque
2680 1155 2854 1218 illum,
2895 1157 2966 1209 ita
3001 1165 3057 1208 ut
3091 1157 3252 1209 etiam
3289 1155 3397 1210 vel-

1825 1238 1898 1292 let
1935 1239 2145 1300 eventi;
2180 1237 2305 1293 tunc
2339 1257 2514 1312 neque
2549 1243 2671 1298 bilis
2704 1247 2936 1312 amplius
2971 1247 3262 1308 diceretur,
3298 1261 3397 1300 uec

1827 1346 1854 1383 a
1890 1331 2099 1386 fortiori
2127 1347 2324 1388 nomen
2352 1336 2642 1390 iracundiae
2673 1338 2755 1390 vel
2787 1339 2986 1392 veteris
3047 1339 3137 1392 ira:
3175 1341 3400 1393 sortiri-

1829 1428 1932 1473 tur.
1967 1408 2066 1475 Ubi
2091 1422 2240 1474 enim
2272 1423 2573 1487 iracundia,
2617 1425 2704 1477 ulli
2740 1435 2890 1479 vetus
2926 1425 3025 1485 ira,
3062 1426 3398 1493 quodnetu

1829 1521 2033 1576 manet,
2073 1527 2246 1581 neque
2269 1512 2556 1581 subjacet?
2605 1515 2752 1569 Alias
2773 1527 2950 1570 autem
2986 1515 3158 1583 magis
3181 1525 3401 1584 stupen-

1827 1602 1952 1655 dum
1985 1603 2088 1658 hoc
2114 1603 2252 1658 idem
2287 1605 2596 1660 malleatum
2627 1623 2644 1661 :
2670 1585 2817 1660 ’mali
2846 1606 3158 1660 meminisse
3187 1607 3398 1660 dicere-

1829 1703 1916 1746 tur
1939 1701 2172 1764 coquere
2195 1694 2412 1762 quidem
2447 1697 2627 1751 subito
2657 1695 2842 1761 bilem,
2882 1708 3178 1752 retrorsum
3213 1706 3392 1751 autem

1829 1784 1975 1839 illam
2009 1785 2169 1840 veluti
2211 1796 2446 1842 veterem
2501 1787 2640 1842 iram
2688 1789 3040 1858 abscondere,
3073 1803 3242 1859 usque
3268 1789 3394 1843 dum

1829 1880 2092 1934 ebulliens
2120 1879 2173 1933 in
2203 1879 2450 1936 eﬂ‘ectum
2477 1889 2747 1952 erumpat.

1899 2014 1985 2070 76.
2033 2013 2100 2072 Et
2125 2015 2195 2070 ita
2220 2017 2438 2086 quidem
2467 2016 2902 2085 imaginaverunt
2925 2019 3016 2088 qui
3056 2019 3108 2072 in
3133 2017 3292 2073 rebus
3330 2017 3396 2071 ιι-

1825 2107 1908 2161 dei
1938 2108 2066 2162 ezeci
2097 2117 2256 2163 erant
2301 2108 2428 2178 quid
2458 2111 2674 2163 tandem
2702 2109 2829 2162 mali
2862 2109 3131 2164 memoria:
3159 2108 3399 2178 pravitas

1825 2202 1973 2255 velit.
2027 2201 2124 2267 Qui
2155 2215 2282 2256 vero
2328 2199 2667 2256 manifestius
2705 2203 2754 2256 in
2795 2202 2971 2255 lumen
3026 2202 3269 2256 veritatis
3313 2203 3396 2252 in-

1825 2304 2115 2362 Spexerunt
2143 2301 2195 2347 et
2226 2309 2325 2349 nos
2351 2293 2422 2348 ita
2445 2293 2626 2347 facere
2653 2294 2970 2359 docuerunt,
2997 2304 3053 2346 ut
3086 2295 3135 2347 in
3167 2293 3394 2361 psalmis

1827 2387 2062 2440 habetur
2112 2403 2126 2442 :
2182 2384 2242 2439 Si
2294 2385 2502 2441 reddidi
2559 2385 2986 2439 retribuentibus
3019 2385 3146 2438 mihi
3178 2385 3390 2450 mala";

1824 2478 2383 2532 evidenterdeflniuut
2405 2478 2529 2532 mali
2558 2490 2849 2538 memorem
2883 2492 3023 2542 esse,
3066 2477 3155 2546 qui
3191 2477 3390 2530 malum

1823 2585 1923 2641 pro
1975 2572 2116 2624 malo
2156 2571 2348 2625 reddit.
2404 2570 2472 2626 Et
2527 2578 2629 2625 hoc
2658 2572 2876 2639 quidem
2911 2581 2994 2625 est
3026 2571 3094 2625 ita
3119 2588 3133 2637 ;
3163 2563 3254 2625 sed
3295 2575 3392 2625 ad-

1826 2663 1988 2717 dititii
2023 2663 2154 2718 mihi
2183 2673 2236 2717 et
2265 2677 2380 2727 vos,
2429 2663 2776 2733 patriarcliiei
2810 2663 2984 2732 pueri,
3028 2663 3200 2731 magni
3227 2664 3395 2732 patris

1825 2753 1976 2809 Isaae
2003 2754 2118 2820 filii,
2169 2755 2352 2810 dicitis
2393 2756 2594 2825 aliquid
2627 2761 2680 2808 et
2711 2764 2974 2817 vestrum,
3005 2769 3068 2808 ex
3097 2770 3202 2823 quo
3223 2756 3398 2822 surgit

1825 2846 2228 2915 philosopliicus
2298 2861 2479 2901 sermo
2541 2846 2664 2899 mali
2728 2848 3042 2901 memoriam
3109 2849 3390 2902 definiens.

1826 2937 2016 2991 Dicitis
2061 2938 2204 2992 enim
2246 2938 2368 2993 sic:
2427 2956 2446 2990 r
2483 2937 2782 3007 Nequandn
2829 2939 2956 2992 tnall
3000 2939 3307 2994 meminerit
3339 2939 3393 2994 in
3481 2927 3486 2934 ’

1827 3045 1924 3085 nos
1958 3028 2180 3099 Ioseph,
2231 3043 2280 3084 et
2318 3031 2672 3085 retributione
2707 3031 2969 3085 retribuat
3016 3031 3173 3085 nobis
3210 3033 3392 3085 omnia

1827 3119 1993 3184 mala,
2042 3135 2162 3190 qua:
2218 3121 2447 3177 fecimus
2505 3123 2670 3176 illi".
2732 3122 2855 3176 llmc
2911 3121 3076 3192 igitur
3114 3124 3397 3178 tnanifeste

1824 3215 2199 3268 demanstraut
2233 3212 2360 3268 mali
2394 3215 2668 3268 memoria:
2697 3213 3066 3268 deﬁnitionem
3121 3229 3242 3268 esse
3265 3230 3396 3281 qua-

1824 3303 1928 3358 Iern
1951 3303 2108 3374 paulo
2139 3304 2387 3372 superius
2413 3303 2790 3356 indicavimus.
2826 3301 3000 3371 Ipsum
3030 3310 3206 3356 autem
3247 3302 3391 3356 hoc:

1823 3394 1906 3450 Ne
1964 3394 2278 3449 memineris
2351 3393 2693 3462 iniquitatum
2770 3403 3072 3447 nostrarum
3141 3393 3392 3463 antiqua-

1824 3484 2020 3548 rum“,
2074 3483 2274 3552 aliquid
2323 3483 2497 3538 simile
2531 3482 2776 3552 perhibet
2813 3482 2918 3536 illis
2976 3484 3066 3552 qui
3121 3483 3390 3553 profunda

1823 3585 1950 3632 sunt
1987 3585 2189 3630 mente.
2219 3573 2335 3628 Dici
2384 3587 2614 3642 namque
2647 3583 2824 3643 potest
2862 3574 3056 3628 eximie
3083 3573 3388 3640 collectum,

1823 3668 1966 3736 quod
2014 3666 2190 3722 omnis
2223 3666 2314 3736 qui
2366 3665 2489 3719 mali
2548 3664 2865 3718 memoriam
2916 3679 3020 3718 non
3059 3675 3258 3718 sentire
3295 3680 3390 3731 ρος

1825 3760 1952 3824 scit,
1988 3761 2068 3814 sic
2100 3759 2151 3812 in
2181 3756 2515 3812 humanitate
2555 3758 2760 3810 soclum
2789 3756 3105 3826 suppliciter
3135 3757 3390 3827 depreca-

1825 3862 1996 3908 retur.
2033 3849 2110 3906 Ne
2141 3849 2477 3914 memineris,
2519 3848 2702 3912 sodes,
2750 3859 2986 3902 veterum
3016 3861 3388 3918 peccatorum,

1825 3946 1890 3999 ad
1927 3942 2338 3998 retributionem
2384 3941 2614 4007 scilicet,
2657 3941 2809 4010 quasi
2860 3939 2983 3994 mali
3039 3955 3287 3995 metnor..
3328 3937 3394 3992 Et

1822 4047 1968 4092 esset
2020 4037 2183 4090 etiam
2214 4033 2304 4091 sic
2353 4032 2477 4087 mali
2521 4034 2803 4098 memoria,
2853 4043 3092 4088 veterum
3129 4031 3391 4087 memoria

1823 4141 2168 4199 peccatorum
2201 4126 2267 4180 ad
2289 4126 2522 4180 similem
2557 4125 2996 4181 retributionem.

1893 4263 1980 4318 77.
2010 4251 2386 4331 Colligendum
2421 4269 2600 4314 autem
2634 4271 2716 4314 est
2763 4261 2939 4314 adlmc
2985 4269 3049 4316 ex
3087 4264 3303 4318 caeteris
3333 4273 3390 4319 et

1824 4370 1928 4410 non
1960 4356 2110 4424 juxta
2142 4369 2242 4410 nos
2273 4352 2444 4414 spinis
2477 4352 2532 4404 in
2569 4364 2804 4414 roseum,
2845 4362 2902 4405 nt
2931 4352 3124 4420 aliquis
3159 4355 3380 4422 dixerit,

1823 4453 2153 4510 sermonem,
2189 4444 2349 4499 etiam
2385 4443 2487 4497 huc
2524 4460 2536 4496 :
2591 4428 2668 4496 Ne
2713 4443 2833 4494 mali
2870 4444 3204 4510 memineris,
3247 4446 3291 4498 si
3330 4455 3385 4500 tu

178 4529 467 4594 κατέλαϐες.
529 4532 696 4597 Ἀξιοῖ
750 4538 857 4604 γὰρ
889 4537 980 4588 καὶ
1016 4528 1171 4599 οὗτος
1193 4536 1367 4604 λόγος,
1400 4538 1489 4590 τὸν
1525 4543 1715 4604 κακοῖς

1827 4537 2128 4593 custodiam
2188 4533 2611 4605 apprehendisti.
2665 4531 2866 4587 Iudicat
2893 4533 3034 4587 enim
3070 4535 3172 4590 iste
3207 4549 3387 4592 sermo

179 4625 508 4695 περιτυχόντα
543 4626 618 4696 μὴ
660 4627 998 4697 μεμνῆσθαι,
1033 4627 1061 4680 ὃ
1093 4628 1280 4693 πάθοι,
1322 4629 1455 4698 πρὸς
1480 4630 1714 4691 ἄμυναν.

181 4711 270 4763 Καὶ
291 4715 422 4768 οὕτω
451 4719 549 4786 μὲν
582 4722 675 4770 καὶ
699 4718 876 4773 τοῦτο.
915 4719 1107 4782 Ἄλλος
1144 4707 1200 4771 δέ
1226 4735 1290 4788 γε
1319 4706 1538 4790 θυραῖος
1568 4721 1714 4788 νοῦς,

177 4801 234 4852 δι’
273 4800 326 4858 οὗ
377 4810 817 4880 παραγγέλλεταί
889 4828 1012 4878 τις,
1065 4810 1142 4882 μὴ
1209 4813 1567 4882 μνησικακεῖν
1619 4815 1718 4886 τὴν

178 4896 387 4963 ἡλικίαν,
419 4902 510 4970 ὑφ’
559 4899 627 4974 ἦς
657 4906 1124 4976 ἐνεοττοτροφήθη
1165 4907 1420 4976 ἐμφαίνει
1442 4909 1534 4960 καὶ
1557 4908 1720 4971 αὐτὸς

186 4995 585 5058 ιμνησικακίαςι
662 4994 1007 5067 ὑπογραφὴν.
1065 4998 1138 5049 Τὸ
1193 4997 1250 5052 δὲ
1311 4997 1561 5051 ἐντεῦθεν
1612 4998 1720 5069 ἐγὼ

180 5078 473 5158 θερμότερόν
506 5105 558 5142 τι
581 5089 778 5154 λαλῶν,
808 5089 974 5161 φαίην
1005 5090 1095 5158 ἂν,
1129 5091 1204 5155 ὡς
1225 5091 1346 5144 οὐδὲ
1375 5091 1437 5144 τὸ
1502 5093 1719 5163 μεμνῆ-

181 5175 280 5229 σθαί
312 5196 450 5243 τινος
474 5182 670 5245 κακοῦ,
703 5181 776 5253 μὴ
807 5183 1015 5249 ἁπλῶς,
1057 5183 1192 5238 ἀλλά
1225 5185 1319 5239 καὶ
1371 5184 1720 5255 πικρότερον,

181 5273 510 5341 προσκρούειν
535 5272 602 5326 ἂν
631 5271 684 5338 ἐξ
707 5275 954 5344 ἀνάγκης
1003 5273 1117 5344 ἔχοι
1147 5277 1212 5345 τῇ
1257 5274 1532 5344 ὀρθότητι·
1577 5274 1630 5327 ει
1653 5290 1718 5341 γε

181 5358 256 5407 καὶ
276 5361 430 5413 eam
455 5361 600 5415 οὕτω
615 5363 868 5434 μνησθεὶς
889 5364 1362 5436 πολυπραγμονεῖ,
1385 5363 1718 5432 λογιστεύων

181 5450 254 5498 τῖεν
290 5451 602 5531 Κύριονητι
664 5455 1082 5526 ἐπληθύνθησαν
1141 5458 1190 5509 οἱ
1225 5457 1386 5509 αὑτὸν
1420 5455 1718 5518 θλίὸοντεςο

182 5541 256 5591 nl
269 5542 472 5614 εὔχεται
506 5546 583 5609 δὲ,
607 5547 714 5599 τῶν
733 5549 989 5603 τοιούτων
1019 5549 1245 5618 ὲξάντης
1273 5549 1550 5616 γενέσθαιο
1593 5549 1719 5600 πο)-

178 5629 245 5684 λοὶ
268 5634 319 5687 δὲ
343 5638 432 5689 καὶ
470 5638 650 5709 ἕτεροι
680 5639 778 5693 σὺν
809 5641 978 5710 αὐτῷ,
1006 5640 1185 5712 ψυχὰς
1246 5638 1573 5708 αἰσθητικάς
1623 5639 1714 5690 εὑ-

233 5807 275 5844 "
311 5813 443 5873 Psal.
472 5833 568 5883 vtt,
595 5818 630 5872 5
771 5819 812 5851 "
847 5816 958 5873 Cen
1010 5831 1061 5871 r..
1099 5819 1182 5872 l5.

1822 4630 1980 4684 malis
2031 4631 2243 4685 obviam
2287 4627 2486 4690 factum
2520 4643 2626 4681 non
2680 4627 2878 4682 debere
2923 4631 3065 4696 quod
3091 4641 3285 4696 passus
3316 4629 3388 4681 sit

1823 4726 1890 4778 ad
1918 4724 2211 4778 vindictam
2234 4721 2570 4775 meminisse.
2629 4718 2696 4772 Ει
2719 4722 2788 4772 ita
2845 4719 3060 4787 quidem
3092 4729 3174 4772 est
3223 4721 3388 4773 istud.

1823 4817 1943 4872 Alia
1971 4830 2098 4870 vero
2126 4815 2194 4870 de
2256 4815 2422 4884 ianua
2457 4812 2754 4876 sententia,
2789 4827 2890 4881 qua
2951 4803 3267 4888 prohibetur
3322 4827 3389 4864 ne

1824 4909 1947 4978 quis
1974 4907 2028 4961 in
2066 4907 2205 4960 hanc
2239 4914 2474 4969 atatem,
2505 4918 2533 4957 a
2561 4919 2665 4972 qua
2711 4905 2970 4956 educatus
2989 4909 3089 4964 est,
3121 4902 3246 4954 mali
3279 4917 3389 4953 me-

1823 4997 2081 5060 miuerit,
2155 4993 2466 5050 manifestat
2518 5003 2572 5048 et
2620 4995 2733 5061 ipsa
2765 4991 2890 5045 mali
2934 4990 3205 5045 memoria:
3255 4991 3391 5044 deli-

1823 5085 2151 5140 neationem.
2200 5081 2314 5151 Ego
2348 5095 2476 5135 vero
2505 5081 2646 5150 quod
2686 5078 2882 5132 exinde
2909 5090 2993 5132 est
3036 5078 3266 5132 vividius
3297 5092 3392 5131 ex-

1822 5180 2086 5250 primens,
2119 5177 2381 5240 dicerem,
2411 5175 2556 5243 quod
2593 5187 2766 5242 neque
2791 5171 3071 5241 cujusdam
3107 5171 3254 5234 mali,
3283 5185 3386 5222 non

1822 5268 2164 5338 simpliciter,
2193 5266 2285 5320 sed
2314 5265 2481 5318 etiam
2515 5277 2698 5316 amare
2733 5261 3044 5315 meminisse
3082 5261 3389 5313 necessario

1824 5359 2201 5417 rectitudinem
2235 5356 2496 5426 offendit;
2541 5357 2584 5413 si
2639 5357 2858 5426 quidem
2914 5355 3028 5426 ipse
3094 5354 3257 5408 David
3312 5356 3388 5407 sic

1820 5453 2114 5507 recordans
2137 5450 2485 5515 sollicitatur,
2513 5466 2540 5502 a
2567 5447 2794 5502 Domino
2823 5445 3094 5499 “rationem
3127 5445 3386 5512 petens",

1819 5544 1948 5615 quid
1986 5541 2320 5610 multiplicati
2348 5543 2454 5595 sint
2483 5539 2573 5609 qui
2608 5530 2866 5593 tribulam
2900 5537 3108 5604 ipsum;
3164 5545 3220 5589 et
3265 5551 3391 5601 pre-

1821 5643 1978 5692 catur
2002 5643 2058 5686 ut
2079 5632 2146 5687 ab
2181 5623 2286 5685 illis
2321 5630 2574 5685 immunis
2606 5636 2660 5685 et
2689 5642 2855 5683 sanus
2879 5623 2978 5682 fiat
3030 5628 3193 5699 (sicut
3223 5636 3277 5682 et
3299 5627 3390 5681 ali".
3466 5695 3469 5699 ι

1264 5820 1306 5850 ¹⁸
1344 5815 1482 5872 l‘sal.
1518 5831 1744 5886 Lxxvttt,
1782 5817 1835 5872 8.
1912 5816 1954 5848 ¹⁹
1983 5813 2124 5870 Psal.
2157 5827 2238 5878 ιιι,
2267 5807 2319 5865 9...
