3840 6568
479 429 547 501 75
1147 431 1569 494 EUSTATHII
1613 422 2369 490 THESSAIUNICENSIS
2407 412 2975 479 biEl‘liOPOLl'l‘.-E
3567 405 3665 468 476

436 555 615 617 multi,
638 551 725 622 qui
744 548 1028 605 sensibiles
1049 545 1399 601 obtinuerunt
1427 543 1660 608 animas,
1685 559 1782 597 nec
1809 543 2013 598 ossium

2141 538 2437 608 τυχηκνέτες,
2470 533 2673 587 ὀστέων
2702 531 2890 598 σῆτας,
2953 527 3041 582 διὰ
3070 525 3128 579 τι
3180 523 3536 594 ἐμμέριμνονο
3589 525 3671 578 καὶ

439 646 636 705 tineas,
658 618 670 622 Ἴ
693 641 762 693 ob
797 636 1221 706 inquietudinem
1255 644 1306 687 et
1345 633 1723 687 difﬁcultatem
1784 633 2010 702 injurias

2141 631 2194 697 ἰὴ
2227 628 2424 699 ῥξδίως
2455 623 2814 678 ὲπιλικστικὸν
2839 619 2944 672 τῶν
2977 618 3296 673 κακώσεων.

439 728 816 793 oblivisci-udi,
854 729 1072 782 sentiat.

515 827 602 880 78.
637 825 693 878 Si
727 839 853 878 vero
879 822 1044 889 (quod
1074 819 1250 889 majus
1273 819 1374 890 εει)
1407 819 1559 873 nobis
1579 833 1902 873 concessum
1928 824 2014 871 est

439 917 719 989 deprecari
748 927 805 972 ut
842 912 1223 969 conculeemus
1249 911 1528 976 inimicos,
1569 927 1674 964 non
1707 911 1877 966 solum
1910 912 2020 977 spi-

2190 807 2292 875 οη’.
2335 808 2395 860 Et
2424 807 2478 860 δὲ
2503 805 2582 874 (τὸ
2600 805 2758 856 πλέον
2786 801 2979 870 εἰπεῖν)
3010 800 3105 852 καὶ
3137 795 3503 866 παραδέδοται
3550 795 3668 863 ἡμῖν

2119 899 2392 969 εῠχεσθαι,
2419 898 2756 950 καταπατεῖν
2797 893 3046 964 ἐχθροὺς,
3083 891 3142 942 οὺ
3179 889 3340 965 μόνον
3396 885 3672 954 ἀσάρκονς,

444 1010 648 1065 ritales.
705 1006 798 1060 sed
855 1003 1019 1057 etiam
1061 1001 1334 1066 carnales,
1385 1000 1468 1056 vel
1533 1013 1592 1054 ut
1658 1002 1798 1055 idem
1863 1000 2016 1054 diea-

443 1118 582 1166 mus,
617 1099 917 1155 invisibiles
953 1112 1016 1151 ac
1045 1096 1317 1162 visibiles;
1368 1111 1614 1166 quasnam
1639 1097 2021 1152 estindeliuita

442 1207 496 1248 et
542 1208 654 1245 non
708 1191 844 1244 bene
898 1188 1310 1256 circumscripta
1357 1187 1665 1256 prarceptio,
1727 1187 1869 1257 quod
1912 1189 2017 1241 non

2119 991 2255 1044 ἀλλὰ
2286 989 2351 1060 δὴ
2383 992 2475 1041 καὶ
2498 988 2818 1056 ὲνσάρκους,
2848 983 3045 1038 ταύτὸν
3078 980 3135 1034 δὲ
3180 979 3372 1048 φάναι,
3424 976 3675 1072 ἀοράτους
3755 1041 3760 1048 Ι

2122 1086 2213 1138 καὶ
2238 1081 2488 1154 ὁρατούςο
2520 1080 2603 1142 τίς
2637 1078 2671 1148 ἡ
2700 1077 3006 1145 ἁδιόριστος
3053 1074 3150 1127 καὶ
3172 1071 3272 1124 οὐκ
3299 1067 3676 1136 gestagesta—.0,-

2121 1174 2470 1247 παραγγελία
2497 1172 2590 1226 τοῦ
2625 1173 2700 1241 μὴ
2731 1170 2926 1240 χρῆναι
2979 1163 3292 1236 μεμνῆσθαί
3327 1178 3405 1231 πη
3433 1156 3599 1211 κακοῦ
3624 1158 3676 1218 τὸ

2123 1268 2348 1321 σύνολον
2375 1265 2526 1332 ;Οὑκ
2547 1264 2743 1335 ἄδηλον
2760 1262 2893 1333 γὰρ,
2915 1259 2991 1320 ὡς
3018 1263 3044 1313 ὁ
3080 1258 3446 1324 ποτνιώμενος
3467 1249 3679 1319 λυτροῦ-

2127 1359 2254 1412 σθαι
2294 1357 2510 1429 ὁρατῶν
2573 1355 2807 1424 ἐχθρῶν,
2870 1355 2927 1405 ὲν
2977 1345 3059 1412 οἷς
3125 1349 3216 1400 καὶ
3269 1347 3320 1398 οἱ
3349 1341 3679 1400 κακώσαντες

2124 1450 2533 1511 ἀκατάλλακτα,
2565 1448 2837 1518 μέμνηται
2867 1442 3088 1505 πάντως
3139 1437 3486 1496 κακοποιῗας.
3545 1433 3678 1500 ’Δμα

2132 1543 2244 1615 γὰρ
2267 1543 2436 1612 εὐχὴν
2461 1543 2492 1611 ἡ
2529 1539 2723 1610 καρδία
2747 1535 3079 1607 ὲξηρεύξατο
3100 1534 3424 1602 λυτρεέίσεως
3446 1526 3681 1580 τοιούτων

2132 1635 2364 1705 ἐχθρῶν,
2401 1635 2498 1687 καὶ
2527 1631 2726 1685 αὐτίκα
2758 1631 2838 1692 εἰς
2864 1629 2990 1682 νοῦν
3017 1627 3217 1680 ἐκεῖνοι
3253 1622 3554 1692 ἀνέδησαν.
3586 1619 3681 1671 Καὶ

442 1291 658 1353 Oportet
685 1267 905 1333 omnino
939 1276 1061 1330 mali
1095 1275 1414 1331 recordari?
1469 1277 1618 1332 Satis
1647 1277 1790 1332 enim
1843 1275 2017 1329 mani-

445 1373 641 1427 festum
673 1381 776 1431 est,
802 1370 945 1438 quod
981 1367 1070 1422 ille
1110 1371 1199 1438 qui
1259 1376 1516 1435 precatur
1549 1378 1610 1421 ut
1644 1383 1671 1420 a
1717 1365 2023 1421 visibilibus

444 1464 711 1519 liberetur
738 1461 994 1525 inimicis,
1046 1461 1098 1513 in
1133 1459 1329 1527 quibus
1366 1467 1489 1512 sunt
1516 1458 1609 1527 qui
1647 1457 2026 1512 irremcdiabi-

445 1555 516 1607 lia
549 1552 686 1606 mala
726 1551 988 1615 fecerunt,
1016 1564 1237 1618 prorsus
1264 1549 1512 1603 maleticii
1545 1547 1816 1602 meminit.
1847 1547 2026 1602 Simul

443 1647 588 1701 enim
624 1661 687 1699 ac
727 1659 941 1714 precem
968 1643 1244 1697 eructavit
1277 1657 1371 1696 cor
1399 1651 1453 1696 ut
1497 1657 1526 1695 a
1569 1642 1770 1697 talibus
1795 1642 2030 1697 inimicis

447 1740 696 1792 liberatio
719 1737 833 1796 liat,
860 1735 1042 1789 statim
1076 1734 1130 1788 in
1155 1743 1388 1788 mentem
1416 1735 1785 1789 ascenderunt
1813 1734 1926 1788 isti.
1964 1732 2029 1789 Et

2141 1726 2250 1780 ίδοὺ
2285 1725 2380 1780 καὶ
2408 1725 2570 1777 τοῦτο
2595 1725 2782 1793 μνήμη
2817 1736 2992 1775 κακου
3021 1716 3415 1784 ἀνεπιτίμητος
3438 1753 3452 1778 ,
3475 1712 3539 1764 οὐ
3567 1727 3680 1762 σιω-

446 1844 574 1883 ecce
597 1841 813 1898 quoque
842 1825 957 1879 haec
985 1834 1071 1880 est
1099 1825 1357 1878 memoria
1379 1823 1498 1877 mali
1521 1825 2029 1895 irrepreheusibilis,

2141 1820 2386 1888 πωμένη,
2405 1816 2516 1870 οὐδ’
2547 1817 2640 1870 ὑπ’
2657 1813 2847 1869 ὀδόντα
2873 1810 3216 1883 στρεφομένη
3245 1807 3387 1860 κατά
3434 1805 3560 1898 τοὺς
3584 1819 3683 1854 τον-

449 1937 556 1974 non
581 1922 764 1984 tacita,
793 1934 893 1973 nec
927 1918 1027 1973 sub
1057 1917 1334 1982 dentibus,
1363 1917 1430 1971 ad
1465 1892 1649 1972 instar—
1675 1934 2018 1975 murmuran-

2141 1907 2470 1979 ιορύζοντας,
2486 1904 2600 1959 ἀλλ’
2617 1904 2990 1975 ὲκλαλουμὲνη
3004 1899 3308 1972 τορώτερον
3318 1895 3401 1958 είς
3415 1892 3684 1963 ἀκρόασιν.

448 2015 606 2071 tium,
644 2019 880 2072 versata,
905 2009 1000 2063 sed
1032 2010 1097 2061 ad
1130 2008 1460 2063 auditionem
1494 2010 1702 2064 acutius
1733 1995 2012 2080 expressa.

527 2105 612 2158 Ἄ).
658 2104 810 2171 Quod
847 2111 1025 2155 autem
1082 2101 1200 2154 istis
1231 2101 1426 2155 fortius
1447 2112 1550 2166 est,
1587 2101 1698 2155 ﬁeri
1731 2111 1907 2172 potest
1960 2111 2018 2159 ut

447 2207 692 2253 servetur
727 2197 984 2248 memoria
1042 2191 1164 2246 mali
1196 2191 1475 2260 cujusdam
1508 2191 1574 2246 ad
1599 2193 1917 2260 vindictam,
1943 2207 2018 2260 et,

451 2306 508 2348 nt
537 2288 841 2346 evidentius
871 2287 1080 2351 loquar,
1117 2285 1181 2338 ad
1217 2283 1340 2339 mali
1376 2283 1731 2340 redditionem
1760 2303 1774 2350 ;
1808 2297 1861 2339 et
1883 2303 2015 2339 non-

451 2386 579 2439 dum
621 2380 723 2434 hoc
749 2379 971 2432 omnino
1005 2374 1133 2429 ntali
1161 2375 1436 2429 memoriae
1467 2375 1699 2430 termino
1721 2378 2020 2444 suhjaccat.

451 2475 614 2530 'l‘alos
655 2481 832 2525 autem
871 2469 1030 2537 plane
1083 2475 1212 2522 sunt
1242 2467 1333 2536 qui
1367 2465 1484 2536 lege
1517 2466 1666 2530 belli,
1711 2469 2024 2524 necessario

450 2586 515 2624 ac
552 2564 964 2629 iuevitabiliter,
1009 2563 1064 2616 in
1109 2545 1366 2623 invicem,
1428 2577 1492 2614 ex
1520 2561 1743 2618 urbibus
1771 2565 2027 2633 etgeuti-

453 2666 575 2725 bus,
629 2657 932 2729 provocati,
967 2663 1255 2725 postquam
1311 2653 1476 2722 aliqui
1517 2668 1620 2707 non
1658 2654 1806 2723 juste
1836 2658 2028 2712 turbas

452 2753 855 2818 seditionesque
875 2761 938 2800 ac
973 2745 1218 2800 laesiones
1245 2744 1451 2814 agitare
1479 2755 1782 2814 coeperunt,
1813 2744 2029 2802 fortiter

453 2843 815 2900 meminerunt
869 2839 1016 2904 mali,
1055 2851 1153 2891 nec
1194 2837 1343 2906 prius
1391 2836 1549 2890 talem
1597 2837 1912 2892 memoriam
1947 2838 2028 2893 di-

453 2937 696 2996 mittunt,
727 2945 890 3000 quam
920 2928 1181 2982 ultionem
1212 2925 1578 2980 exercuerim.
1601 2925 1787 2981 Ethoc
1815 2942 2027 2982 rursum

455 3040 522 3080 ac
574 3038 788 3078 rursum
844 3019 1158 3086 frequenter
1185 3016 1502 3078 excitatum,
1562 3014 1868 3069 incendium
1907 3016 2032 3070 belli

453 3115 759 3175 succendit,
818 3126 924 3165 non
958 3107 1435 3177 exstinguendum,
1479 3107 1778 3176 usquedum
1833 3108 2029 3162 beneﬁ-

2141 3111 2232 3166 καὶ
2263 3112 2423 3165 πάλιν
2450 3111 2618 3184 συχνά
2651 3111 3096 3184 ζωπυρούμενον,
3143 3109 3322 3178 πυρὰν
3358 3103 3531 3177 ἀνῆψε
3555 3101 3691 3156 πολέ-

440 3213 600 3265 ιιιιιιιι
633 3206 805 3277 pacis,
836 3219 997 3258 curas
1030 3200 1300 3255 oblivione
1333 3207 1540 3269 tegens,
1574 3199 1791 3255 coalitus
1822 3200 2029 3257 demis-

2141 3222 2266 3276 μου,
2306 3205 2404 3256 οὐκ
2430 3183 2937 3274 ἂνῗσὸεννυμένην,
2997 3203 3102 3268 ἓως
3132 3201 3197 3256 ἂν
3229 3202 3291 3256 τὸ
3346 3201 3444 3272 τῆς
3487 3198 3688 3268 εἰρήνης

453 3316 600 3362 sum,
635 3295 939 3365 huiusmodi
982 3301 1171 3348 cuncta
1201 3307 1396 3346 vorans
1424 3291 1732 3346 incendium
1761 3305 2029 3364 tempera.

2141 3296 2423 3366 λαθικηδὲς
2448 3295 2651 3350 ἀνωθεν
2676 3294 3027 3367 ὲπομὸρηθὲν
3057 3293 3276 3366 μαράνῃ
3303 3292 3406 3364 τὴν
3447 3288 3686 3359 τοιαύτην

2137 3388 2436 3458 παμφάγον
2467 3389 2766 3456 πυρκαϊάν.

2211 3479 2287 3534 π’.
2324 3478 2386 3532 Et
2419 3478 2482 3546 δὴ
2513 3478 2575 3532 τὸ
2608 3477 2852 3533 τοιοῦτον
2884 3477 3250 3550 μνημόνευμα
3282 3485 3376 3531 και
3408 3477 3440 3547 ὴ
3475 3474 3590 3528 κατ’
3613 3471 3692 3526 αὖ·

2136 3571 2197 3624 τὸ
2224 3573 2410 3640 ἄμυνα
2436 3571 2537 3624 οὐκ
2565 3568 2715 3624 ἐστιν
2775 3571 3192 3642 ἀναντιρῤήτως
3257 3566 3684 3640 ιμνησικακείν,ι

2137 3660 2253 3713 ἀλλ’
2281 3662 2464 3728 ὅμοιον
2491 3660 2766 3730 φαίνεται,
2785 3661 2859 3724 ὡς
2886 3661 2935 3714 εί
2961 3661 3056 3715 καὶ
3071 3661 3214 3732 θῆρα
3233 3660 3475 3731 συνεχῶς
3497 3659 3692 3731 ἀγριούο

2140 3768 2300 3822 μενον
2325 3752 2419 3805 καὶ
2455 3751 2788 3824 ἐμπηδῶντα
2814 3753 2894 3815 είς
2945 3751 3168 3822 ὄλεθρον
3199 3751 3552 3820 ἀπαμῦναιτὸ
3601 3767 3689 3811 τις,

2138 3845 2232 3897 καὶ
2262 3842 2820 3911 τοσαυτάκις,ὁσάκις
2849 3845 2876 3896 ὁ
2907 3841 3009 3913 θὴρ
3040 3843 3344 3914 ἀγριωθείη
3370 3843 3504 3914 πρὸς
3536 3844 3692 3898 κάκω-

2141 3953 2249 3989 σιν·
2275 3938 2327 3990 τί
2355 3938 2419 4008 δὴ
2449 3939 2539 3992 τὸν
2575 3937 2842 3991 πολύτλαν
2879 3935 3166 4005 ἄνθρωπον
3196 3940 3285 3991 καὶ
3311 3937 3519 4007 Θηρίοις
3549 3936 3692 3989 ὑπού-

2139 4027 2252 4091 λοις
2277 4028 2462 4101 κύκλῳ
2485 4029 2898 4099 στοιχιζόμενον
2933 4029 3194 4098 ὲθέλομεν
3229 4029 3585 4098 ὴλιθιοῦσθαι,
3613 4030 3692 4081 καί

2143 4135 2244 4190 που
2269 4121 2362 4173 καὶ
2392 4119 2786 4190 παραϐλέπειν,
2829 4119 2933 4182 ἓως
2959 4119 3026 4173 ἂν
3059 4118 3118 4172 τὸ
3161 4120 3479 4187 ἀφύλακτον
3533 4120 3690 4188 πλησῃ

2142 4209 2252 4266 τῶν
2281 4210 2471 4264 τούτου
2506 4212 2727 4280 σαρκῶν
2757 4213 2826 4265 τὰ
2855 4215 3100 4282 στόματα
3153 4212 3264 4264 τῶν
3296 4213 3584 4268 ἐθελόντων
3613 4212 3689 4262 λα-

2139 4303 2366 4373 φύσσειν
2386 4306 2479 4361 καὶ
2503 4304 3010 4375 κατεμπίπ).ασθαι,
3033 4303 3151 4357 δέον
3174 4303 3396 4371 ἀφιέναι
3424 4306 3515 4355 τὸν
3538 4301 3689 4362 οὕτως

2144 4395 2381 4450 ἐλεεινὸν
2410 4396 2837 4469 μιμνήσκεσθαι,
2863 4398 2958 4451 καὶ
2995 4395 3380 4466 φυλάττεσθαι,
3417 4399 3510 4451 καὶ
3532 4394 3691 4451 ἀνύειν

2137 4488 2271 4541 αὐτὸ
2294 4489 2357 4560 δὴ
2386 4489 2544 4542 τοῦτο
2576 4490 2671 4542 καὶ
2707 4490 2886 4560 μόνον,
2904 4489 2963 4542 τὸ
2983 4489 3384 4558 διαδιδράσκειν
3412 4489 3508 4549 τὰς
3549 4489 3690 4553 mri-

2135 4582 2257 4650 δας,
2286 4579 2376 4648 αἷς
2423 4585 2686 4654 μυριάκις
2721 4583 2998 4654 ἐνσχεθεὶς
3030 4583 3120 4637 ἀεὶ
3160 4587 3403 4636 nostra:
3437 4584 3689 4642 κάκωσιν;

2219 4684 2312 4730 ita!
2339 4715 2356 4732 .
2383 4678 2604 4731 Τοιοῦδε
2649 4679 2842 4731 τόπου·
2875 4676 3188 4748 ἐγχείρημα
3228 4674 3510 4728 κάνταῦθα
3549 4672 3689 4725 πάλιν

2144 4772 2484 4839 ἀναγκαίως,
2513 4773 2637 4843 δίχα
2659 4789 2722 4840 γε
2753 4771 2932 4826 ἄλλων
2967 4770 3253 4833 πλειόνων,
3315 4769 3519 4823 κείσθω
3562 4765 3641 4819 καὶ
3666 4765 3691 4816 ὁ

2143 4863 2200 4926 ἐς
2225 4864 2448 4932 ἔννομον
2495 4864 2739 4934 γαμικὴν
2794 4861 3114 4929 συνάλλαξιν
3149 4861 3286 4932 πρὸς
3310 4861 3511 4930 φαύλου
3531 4876 3692 4912 κοινω-

2138 4956 2230 5008 νοῦ
2256 4955 2712 5026 παροινούμενος.
2745 4957 2862 5010 Οὐκ
2884 4956 3001 5008 ἔστι
3029 4956 3138 5025 γὰρ
3168 4957 3256 5010 ὅτε
3281 4956 3338 5008 οὗ
3379 4955 3689 5024 μεμνήσεται

2140 5047 2236 5100 τοῦ
2263 5048 2684 5117 ἀντιζυγοῦντος
2717 5046 2892 5102 κακοῖι⁹
2932 5048 3026 5102 καὶ
3065 5048 3248 5113 αὐτὸς,
3286 5049 3386 5100 καὶ
3437 5045 3690 5116 μελετήσει

2148 5138 2244 5189 καὶ
2267 5137 2603 5208 ὲνεδρεύσει,
2641 5139 2750 5203 ἕως
2776 5138 2873 5192 τὸν
2908 5139 3076 5191 κακὸν
3098 5137 3131 5206 ἥ
3164 5136 3514 5207 συλλήψεται,
3540 5134 3568 5203 ἦ
3593 5129 3687 5188 καὶ,

2142 5227 2310 5300 πρινὴ
2338 5228 2622 5294 λαϐέσθαι,
2653 5231 2830 5294 ἄλλως
2851 5231 3115 5304 ἀπαγάγῃ
3145 5231 3235 5283 τοῦ
3271 5229 3393 5299 ζῇν.
3429 5227 3533 5282 Καὶ
3553 5222 3692 5289 0661',-

2144 5335 2246 5371 που
2268 5320 2686 5389 ἀναμφιλέκτως
2717 5323 2795 5386 εἰς
2819 5321 3159 5393 μνησίκακον
3192 5320 3302 5374 οὐδ’
3333 5320 3495 5382 αὐτὸς
3520 5318 3690 5384 ἐγγρα-

2140 5413 2399 5482 φήσεται,
2427 5413 2565 5484 (πῶς
2591 5416 2701 5484 γάρ
2720 5417 2758 5484 ;)
2787 5415 2842 5477 ὃς
2868 5415 2962 5469 καὶ
2981 5413 3306 5474 δικαιοῦται,
3325 5411 3526 5481 δράσας
3550 5407 3689 5461 οὓτω.

2215 5505 2322 5574 πβ’.
2352 5503 2568 5560 Οὐκοῦν
2599 5506 2946 5575 ἀναπέφηνεν
2999 5505 3063 5556 ἐκ
3091 5502 3302 5556 τούτων
3322 5500 3582 5570 ςανερῶς,
3603 5512 3688 5566 μη·

2141 5595 2197 5648 δὲ
2229 5599 2304 5658 είς
2338 5596 2554 5666 ἄμυναν
2585 5597 2772 5660 ἁπλῶς
2810 5597 2956 5650 οὕτω
2995 5595 3371 5666 ἀδιάρθρωτον
3419 5589 3683 5659 ἀνάγεσθαι

2140 5686 2204 5738 τὸ
2261 5689 2640 5757 μνησικακεῖν,
2677 5687 2792 5742 ἀλλ’
2831 5687 2912 5751 εἷς
2959 5705 3081 5741 τινα
3106 5686 3387 5759 θηριωδῶς
3443 5677 3686 5750 omne?”

2141 5778 2284 5847 πρὸς
2330 5780 2718 5849 ἀντισήκωσιν,
2760 5780 2821 5833 οὐ
2852 5782 2992 5834 πάνυ
3033 5779 3156 5834 οὔτε
3217 5779 3536 5848 ἀναγκαῖαι),
3581 5771 3684 5825 οὔτε

2135 5869 2349 5925 δικαίαν
2387 5873 2499 5934 τοῖὲ
2527 5888 2590 5940 γε
2625 5870 2790 5936 ζῶσιν
2823 5875 2881 5926 ὲν
2934 5872 3178 5941 Χριστῷ,
3199 5872 3315 5927 ἀλλ’
3348 5871 3414 5938 ἣν
3462 5863 3678 5928 ἐπαινοίη

2186 2104 2289 2159 οθν.
2313 2103 2389 2157 To
2417 2102 2474 2158 δὲ
2498 2101 2564 2173 δὴ
2599 2102 2693 2156 καί⁵
2731 2099 2843 2154 τῶν
2896 2097 3158 2155 τοιούτων
3189 2095 3542 2168 δριμύτερον⁸
3575 2093 3680 2146 ἐστι

2122 2194 2254 2247 ποτὲ
2287 2191 2602 2262 μεμνῆσθαι
2629 2189 2801 2245 κακοῦ
2833 2206 2977 2252 τινος
2998 2187 3137 2258 πρὸς
3161 2188 3400 2258 ἄμυναν,
3429 2185 3546 2247 καὶ,
3571 2185 3685 2238 ἀνα-

2123 2283 2560 2354 κεκαλυμμένως
2590 2283 2790 2346 εἰπεῖν,
2817 2281 2952 2353 πρὸς
2990 2279 3380 2334 ἀντικάκωσινο
3421 2276 3515 2331 καὶ
3548 2272 3683 2328 οὔπω

2122 2377 2240 2430 οὐδὲ
2267 2375 2424 2429 τοῦτο
2459 2375 2538 2437 είς
2567 2371 2630 2426 τὸ
2646 2372 2754 2427 πὰν
2773 2369 3204 2442 «μνησικακίας»
3241 2368 3354 2438 ὅρῳ
3402 2365 3680 2438 ὑπάγεται.

2125 2468 2372 2524 Τοιοῦτοι
2405 2467 2462 2519 δὲ
2521 2465 2741 2528 πάντως
2766 2465 2816 2518 οἱ
2877 2463 3121 2534 πολέμου
3170 2462 3320 2532 νόμῳ
3362 2458 3684 2526 ἀναγκαίως,

2125 2563 2224 2617 καὶ
2253 2560 2330 2622 ὼς
2359 2560 2459 2612 οὐκ
2496 2559 2562 2613 ἂν
2585 2558 2670 2629 εἴη
2695 2556 2894 2622 ἄλλως,
2928 2554 3282 2625 ὴρεθισμένοι
3315 2551 3402 2604 ἐπ’
3451 2548 3687 2618 ἀλλήλοις

2129 2653 2270 2707 κατά
2292 2668 2351 2704 τε
2391 2650 2598 2716 πόλεις,
2627 2649 2773 2703 κατά
2801 2665 2863 2702 τε
2896 2647 3050 2716 ἔθνη,
3076 2647 3212 2712 ὅσοι,
3234 2644 3686 2716 προϋπαρξάντων

2127 2745 2290 2799 τινῶν
2315 2745 2416 2798 οὐκ
2467 2743 2689 2805 ἐνδίκως
2714 2741 2808 2796 τοῦ
2872 2740 3193 2811 νεωτερίσαι
3246 2739 3344 2793 καὶ
3408 2737 3685 2791 στασιάσαι

2133 2837 2228 2890 καὶ
2266 2835 2492 2907 βλάψαι,
2538 2834 2847 2906 μέμνηνται
2888 2832 3126 2904 στερεῶς
3150 2831 3246 2886 τοῦ
3272 2830 3471 2894 κακοῦ,
3497 2830 3590 2883 καὶ
3635 2827 3686 2880 οὐ

2135 2930 2398 3000 πρότερον
2435 2929 2618 2982 ἀνιᾶσι
2649 2928 2747 2999 τῆς
2789 2927 3050 2999 τοιαύτης
3071 2928 3317 2999 μνήμης,
3381 2925 3551 2996 πρινὴ
3601 2933 3687 2992 με·

2135 3019 2357 3090 λετῆσαι
2386 3019 2455 3074 τὰ
2481 3019 2561 3083 είς
2595 3021 2829 3088 ἄμυναν.
2861 3018 2970 3070 Καὶ
3029 3017 3189 3070 τοῦτο
3242 3014 3388 3069 κατά
3426 3014 3488 3067 τὺ
3542 3010 3687 3065 πάλιν

457 3393 617 3446 verit.

532 3480 623 3536 80.
653 3478 822 3534 Porro
857 3477 902 3533 si
935 3475 1056 3532 talis
1081 3472 1340 3531 memoria
1370 3488 1817 3544 conscquensque
1841 3477 2030 3532 delen-

454 3577 542 3630 sio
607 3580 852 3635 nonest,
909 3570 1114 3638 absque
1165 3566 1616 3631 contradictione,
1662 3568 1787 3622 mali
1838 3571 2028 3626 memi-

455 3667 629 3727 nisse,
669 3662 762 3716 sed
792 3659 988 3715 similis
1030 3659 1244 3712 videtur
1273 3673 1336 3710 ac
1368 3657 1412 3712 si
1439 3654 1607 3710 feram
1651 3673 1794 3727 saepe
1839 3658 2028 3714 furen-

457 3764 569 3806 tem
605 3765 668 3804 ac
699 3750 753 3803 in
778 3748 1052 3802 interitum
1089 3754 1338 3800 ruentem
1369 3744 1564 3813 aliquis
1591 3747 1953 3815 propulsaret,
1977 3757 2032 3802 et

458 3847 567 3900 hoc
628 3843 792 3897 toties
843 3841 1058 3910 quoties
1094 3837 1210 3892 fera
1260 3835 1570 3907 perniciose
1615 3837 1854 3905 fureret;
1905 3841 2032 3908 quid

459 3936 720 3992 miserum
749 3933 1018 3987 hominem
1069 3928 1421 3984 dissimulatis
1458 3926 1588 3982 feris
1639 3931 1873 3998 undique
1930 3932 2038 3986 cir.

454 4027 798 4088 cumdatum,
831 4023 1084 4077 volumus
1113 4020 1358 4074 hebetem
1391 4033 1510 4074 sese
1542 4019 1833 4090 negligere,
1863 4021 2035 4078 donec

458 4118 828 4174 incustoditus
857 4115 972 4171 suis
1003 4116 1261 4171 carnibus
1293 4111 1514 4182 impleat
1545 4129 1639 4168 ora
1670 4129 1862 4170 vorare
1886 4127 2037 4169 satu-

458 4209 681 4276 rarique
715 4209 1029 4274 volentium,
1070 4223 1188 4259 cum
1220 4215 1467 4275 Oporteat
1496 4205 1634 4260 adeo
1667 4209 2032 4262 miserandum

457 4301 777 4373 permittere
822 4298 1099 4354 recordari
1143 4311 1308 4366 seque
1342 4296 1639 4362 custodire,
1685 4303 1739 4350 et
1775 4296 1827 4350 id
1856 4285 2030 4353 solum

455 4392 698 4462 operari,
729 4389 972 4443 devitarc
998 4386 1240 4454 laqueos,
1275 4385 1470 4451 quibus
1498 4384 1704 4439 centies
1745 4384 1992 4442 irretitus
2012 4428 2027 4456 ,

461 4498 677 4554 semper
702 4480 964 4536 malitiam
990 4478 1259 4533 horrescit
1283 4475 1305 4530 ?

531 4671 624 4726 Si.
679 4670 735 4724 In
770 4677 1146 4737 argumentum
1180 4664 1340 4732 hujus
1371 4663 1474 4718 loci
1503 4679 1716 4720 rursum
1741 4678 1796 4722 et
1831 4669 1919 4724 hic
1947 4687 2040 4726 ne~
2068 4677 2120 4737 Β

454 4765 720 4829 cessario,
765 4772 958 4831 prmter
985 4760 1122 4813 alios
1153 4759 1359 4825 plures,
1402 4767 1510 4812 stet
1548 4759 1639 4828 qui
1675 4760 1920 4830 legitimo
1981 4763 2036 4818 in

457 4854 773 4924 nuptiarum
827 4849 1030 4906 laedere
1062 4865 1089 4902 a
1127 4862 1294 4918 pravo
1345 4849 1495 4902 socio
1529 4849 1730 4917 patitur
1761 4851 2036 4920 injuriam.

462 4947 582 5000 Non
636 4954 717 4999 est
768 4943 914 4998 enim
969 4941 1115 5011 quod
1171 4956 1275 4994 non
1333 4941 1650 4994 recordetur
1680 4950 1733 4994 et
1766 4942 1880 5012 ipse
1913 4946 2037 4998 mali

461 5035 569 5089 sibi
601 5033 982 5100 adversantis;
1014 5033 1108 5088 sed
1163 5047 1350 5087 curam
1384 5031 1666 5087 adhibebit
1702 5034 2034 5105 insidiasque

462 5135 648 5196 ponet,
704 5126 1011 5196 usquedum
1058 5127 1205 5181 hunc
1245 5125 1445 5180 malum
1521 5127 1863 5196 corripuerit,
1927 5130 2031 5195 vel,

457 5227 752 5288 antequam
798 5220 1068 5288 capiatur,
1130 5217 1265 5273 alias
1298 5233 1328 5273 e
1382 5218 1490 5273 vita
1561 5219 1849 5274 sustulerit
1911 5239 1925 5275 :
1980 5232 2036 5277 et

455 5327 567 5366 non
598 5325 731 5366 sane
781 5312 1120 5380 reputabitur
1159 5311 1276 5380 ipse
1318 5311 1443 5365 mali
1477 5326 1683 5366 memor
1712 5313 2034 5382 ,(quomodo

455 5403 598 5459 enim
621 5403 666 5472 ?)
697 5404 812 5473 qui,
841 5404 920 5459 sic
949 5412 1228 5473 operatus,
1264 5413 1445 5458 tamen
1471 5402 1798 5458 absolvitur.

525 5496 617 5552 82.
659 5496 947 5552 Evidenter
981 5499 1144 5567 igitur
1173 5512 1239 5552 ex
1285 5497 1368 5551 his
1400 5503 1626 5564 apparet
1660 5512 1766 5550 non
1805 5497 1874 5552 ad
1900 5513 2031 5568 pro-

448 5590 812 5659 pulsationem
859 5590 1180 5660 simpliciter
1217 5604 1283 5642 ac
1335 5578 1612 5644 indeﬁnite
1659 5592 1845 5646 reduci
1901 5592 2030 5646 ntali

457 5682 801 5751 memoriam,
861 5682 958 5738 sed
1008 5683 1079 5738 ad
1109 5681 1406 5751 quamdam
1445 5679 1682 5736 ferocem
1715 5698 1778 5736 ac
1815 5685 2032 5739 morda-

449 5789 568 5835 cem
603 5775 654 5827 iu
682 5773 1067 5845 aquilibrium,
1101 5787 1224 5838 quae
1255 5769 1414 5841 plane
1447 5786 1554 5826 non
1590 5775 1901 5829 necessaria
1931 5790 2030 5832 nec

445 5864 593 5934 justa
643 5866 949 5926 viventibus
1001 5865 1056 5924 in
1110 5863 1328 5920 Christo
1359 5873 1466 5933 est,
1499 5864 1592 5920 sed
1624 5880 1746 5934 quae
1778 5864 2026 5922 laudatur
