3788 6548
459 390 566 453 ιτς)
1173 382 1597 450 EUSTATHII
1641 382 2406 464 TIIES,_SALON1CENSIS
2445 382 3017 448 METROPOLITA!
3585 399 3662 464 ιεο

464 506 673 558 haerere
705 512 959 574 tanquam
985 507 1256 562 veraciter
1301 507 1591 568 hilaribus,
1617 505 1934 566 timesecns,
1969 517 2035 555 ne

2155 501 2186 553 εί
2213 501 2270 554 δὲ
2302 505 2411 566 τοῖς
2443 504 2545 573 μέν
2573 502 2855 575 ἐμϐριθῶς
2902 501 3190 574 ὁμιλοῦσιν
3221 500 3565 576 ἐξομοιοῦμαῑι
3608 520 3662 587 μὴ

468 597 749 663 irrideant,
777 609 870 654 aut
896 601 1183 654 sardonico
1237 601 1344 652 risu
1394 598 1666 663 excipiant
1709 595 1906 664 (multa
1961 595 2036 647 si-

2155 591 2237 643 mi.
2259 594 2586 663 παιγνήμων
2645 594 2786 648 δοκῶ
2848 596 2960 656 τοῖς
2991 593 3163 654 οὕτως
3223 599 3662 672 σεμνοπροσιῖνποις,

467 688 686 758 quidem
739 707 834 761 per
866 692 996 747 tales
1027 707 1218 762 passus
1252 691 1392 759 sum)
1425 709 1440 757 ;
1487 695 1540 743 δι·
1569 690 1694 741 talia
1732 687 1820 740 vel
1874 700 2039 755 agens

2155 685 2264 744 τοῖς
2294 685 2339 736 δ’
2365 684 2436 738 αὖ
2476 685 2710 753 γελῶσιν
2759 687 2859 740 οὐκ
2890 686 2998 756 ἐχω
3029 685 3318 755 προσέχειν
3367 685 3437 747 ὡς
3457 691 3664 765 αὐτόχρη.

465 783 553 836 vel
579 784 789 853 patiens
813 785 1015 850 videor,
1036 792 1328 840 commutet
1354 783 1549 852 aliquis
1573 782 1624 833 in
1655 795 1738 834 me
1769 790 2044 842 naturam,

467 885 521 930 et
543 879 945 944 coxnmutabor;
975 879 1109 933 alias
1156 880 1298 932 enim
1345 877 1618 945 deponere
1675 888 1778 926 non
1835 885 2046 940 possem

2167 791 2241 842 μα
2280 775 2508 844 ἱλαροῖς,
2562 778 2772 842 δεδιὼς,
2835 780 2910 847 μὴ
2961 781 3057 831 καὶ
3125 774 3551 851 capitatam:th
3597 793 3665 843 ut,

2155 863 2437 931 Σαρδόνιον
2457 868 2830 940 ὑποσεσήρασι
2863 869 3057 937 (πολλὰ
3082 868 3189 938 γὰρ
3225 867 3336 934 ἐγὼ
3365 869 3452 921 καὶ
3474 871 3550 924 διὰ
3573 877 3666 941 τοὺς

2150 956 2426 1022 τοιούτους
2459 957 2681 1029 ἔπαθον)
2715 991 2784 1002 —
2807 963 2854 1013 εί
2879 961 2942 1030 δὴ
2962 956 3237 1028 τοιαῦταῆ
3267 959 3405 1028 δρῶν
3434 955 3464 1030 ἢ
3493 963 3666 1036 πάσχων

469 970 612 1036 quod
661 971 820 1024 estin
855 986 938 1025 me
960 972 1076 1026 sive
1105 971 1361 1041 rigidum,
1404 969 1519 1023 sive
1556 963 1900 1026 benevolum,
1935 962 2048 1015 sive

473 1061 738 1117 timidum.

543 1329 632 1386 85.
677 1331 732 1385 ln
793 1331 970 1385 medio
1023 1332 1319 1386 multorum
1347 1329 1663 1398 laqueorum
1695 1313 2043 1392 peratubuloo

471 1422 612 1488 Quid
654 1424 816 1492 igitur
847 1439 931 1477 me
967 1425 1264 1490 prohibetis
1295 1423 1427 1476 istos
1448 1418 1738 1488 suspicari,
1767 1429 1904 1484 quos
1942 1427 2044 1466 ste-

472 1514 595 1580 pius
629 1516 773 1568 circa
836 1514 1106 1570 maleficia
1167 1515 1317 1568 vidi?
1377 1511 1492 1567 Non
1543 1512 1666 1564 illos
1720 1503 2043 1566 contribulo,

469 1605 762 1660 recordans
811 1609 1088 1674 quomodo
1145 1621 1288 1675 Stepe
1322 1616 1602 1674 perperam
1639 1598 1850 1672 egerint
1911 1611 2042 1650 con-

2151 1045 2506 1116 ἐκφαίνομαι,
2527 1046 2812 1115 ἀλλαξάτω
2831 1061 2913 1112 τις
2932 1051 2989 1102 ἐν
3020 1047 3141 1114 ἐμοὶ
3163 1047 3230 1101 τὰ
3257 1048 3354 1118 τῆς
3381 1049 3667 1119 φύσεω;,καὶ

2152 1137 2614 1210 ἀλλοιωθήσομαι⁶
2637 1141 2810 1204 ἄλλως
2835 1143 2937 1212 γὰρ
2959 1143 3058 1194 οὐκ
3074 1137 3138 1194 ἄν
3163 1140 3344 1210 ἔχοιμι
3365 1141 3668 1199 ἀποθέσθαιώ

2152 1231 2274 1284 κατ’
2310 1233 2408 1298 ἐμὲ
2430 1236 2538 1288 εἴτε
2571 1236 2820 1304 ἀκριϐὲς.
2854 1235 2955 1288 εἴτ’
2977 1234 3070 1288 οὖν
3095 1233 3322 1295 εὐλαϐὲς
3344 1235 3430 1286 καὶ
3457 1235 3618 1290 δειλόν.

2223 1319 2328 1375 πε⁹.
2367 1325 2550 1377 Μέσον
2597 1325 2863 1378 διαϐαίνω
2894 1324 3141 1393 παγίδων
3181 1325 3411 1378 πολλῶν.
3431 1323 3490 1378 Τί
3518 1327 3594 1380 οὖν
3621 1347 3668 1398 με

2148 1413 2414 1478 κωλύετε,
2451 1417 2856 1470 ὑποϐλέπεσθαι
2886 1417 3115 1480 ταύτας,
3152 1410 3228 1471 ῶν
3276 1417 3354 1478 εἰς
3388 1417 3542 1469 κακὸν
3570 1421 3669 1472 πολ.

2147 1505 2304 1569 λάκις
2336 1508 2720 1578 πεπείραμαις
2757 1510 2833 1563 Οὐ
2885 1509 3160 1578 συντρίόω
3187 1507 3389 1569 ταύτας
3421 1511 3474 1560 ὲν
3500 1507 3566 1578 τῷ
3603 1529 3667 1579 με.

2152 1597 2416 1667 μνῆσθαι,
2442 1601 2592 1662 ὅπως
2623 1601 2812 1664 κακῶς
2833 1599 3077 1670 ἐσχασαν
3100 1600 3224 1653 κατ’
3243 1598 3398 1669 ἐμοῦ·
3423 1598 3524 1652 ἀλλ’
3545 1601 3666 1672 ὑπερ

471 1705 551 1749 tra
579 1711 690 1763 me;
738 1698 832 1753 sed
869 1697 1117 1754 transilio
1147 1699 1229 1754 vel
1279 1707 1661 1766 praetercurro,
1688 1701 1744 1745 ut
1781 1689 2042 1744 adversus

2155 1690 2324 1760 πηδῶ,
2377 1691 2410 1762 ἢ
2466 1693 2854 1762 παρεκτρέχω,
2893 1690 2979 1746 ἵνα
3026 1692 3150 1744 κατ’
3205 1690 3371 1745 ἄλλου
3424 1690 3513 1759 μέν
3560 1709 3669 1757 τινος

466 1786 633 1838 alium
667 1788 954 1855 quemdam
994 1788 1292 1844 efficaciter
1345 1789 1516 1847 hient,
1567 1783 1802 1839 inaniter
1858 1789 2039 1832 autem

466 1881 753 1930 adversum
775 1893 889 1944 me;
931 1888 1184 1947 tauquam
1211 1878 1254 1932 si
1281 1877 1461 1947 lupus,
1486 1875 1643 1944 juxta
1670 1863 2038 1941 proverbium,

465 1968 546 2021 sic
591 1968 642 2020 in
674 1984 872 2022 vanum
923 1984 986 2025 os
1031 1972 1261 2038 aperiat.
1314 1971 1576 2024 Olueruut
1631 1966 1760 2019 mihi
1817 1964 2040 2020 vibices,

468 2075 606 2128 quas
643 2077 705 2114 ex
737 2061 924 2116 multis
965 2063 1288 2116 vulneribus
1341 2059 1470 2125 fovi,
1509 2070 1804 2128 percussus
1835 2063 1889 2106 et
1923 2049 2044 2105 vul-

468 2164 691 2206 neratus
722 2153 1098 2208 instrumentis
1123 2153 1248 2207 belli
1285 2153 1490 2217 multis,
1547 2147 1670 2204 aliis
1695 2149 1914 2217 quidem
1948 2162 2043 2197 co-

471 2241 672 2304 minus,
727 2243 848 2295 aliis
889 2254 1068 2297 autem
1126 2242 1372 2312 plurimis
1434 2239 1647 2293 eminus
1701 2234 2037 2292 ferientibus.

467 2330 604 2395 Quid
633 2346 794 2399 porro
853 2331 1164 2399 repugnatis
1193 2343 1277 2384 me
1305 2329 1596 2384 circumire
1627 2325 1851 2388 vibices,
1887 2335 1943 2378 et
1976 2323 2039 2376 ad

469 2440 930 2494 unamquamque,
984 2425 1228 2478 dolorem
1286 2423 1532 2492 placaus,
1592 2434 1860 2489 apponere
1911 2417 2042 2472 leui-

469 2518 638 2570 men?
695 2516 750 2569 Si
820 2533 948 2571 vero
978 2533 1101 2570 cum
1136 2516 1510 2570 curationibus
1562 2522 1744 2566 astant
1791 2513 2045 2566 recorda-

470 2611 644 2666 tiones
691 2611 958 2680 (protinus
999 2611 1142 2664 euitn
1185 2603 1408 2662 omnino
1458 2620 1679 2662 necesse
1724 2614 1807 2659 est
1857 2603 2046 2657 memi-

470 2707 638 2770 nisse,
672 2705 757 2758 hic
781 2705 999 2774 quidem
1033 2717 1152 2758 esse
1175 2701 1412 2770 jaculum
1444 2716 1509 2757 ex
1546 2715 1712 2765 arcu;
1746 2713 1908 2768 quem
1943 2695 2044 2750 iste

467 2795 690 2864 quidam
725 2797 776 2849 in
804 2813 888 2850 me
927 2794 1197 2858 tetendit;
1233 2796 1336 2849 huc
1359 2803 1535 2846 autem
1561 2790 1907 2846 inclinavisse
1933 2789 2043 2841 lano

469 2902 660 2954 ceam,
718 2902 820 2956 qua
879 2886 1000 2940 talis
1045 2887 1343 2956 percussit;
1381 2887 1482 2938 ltuc
1524 2899 1650 2938 vero
1685 2883 1914 2951 lapidem
1947 2883 2046 2933 int-

2144 1785 2426 1854 χάσκωσιν
2462 1785 2792 1855 ἐμπραιιτατ.
2809 1783 2934 1838 κατ’
2969 1785 3105 1854 ἐμοῦ
3135 1783 3192 1837 δέ
3222 1787 3302 1846 εἰς
3336 1783 3504 1845 κενὸν,
3544 1785 3604 1848 ὡς
3638 1788 3669 1838 ει

2145 1879 2238 1929 καὶ
2286 1877 2471 1942 λύκος,
2510 1882 2653 1932 κατὰ
2705 1877 2802 1946 τὴν
2852 1879 3182 1946 παροιμίαν,
3239 1874 3385 1928 οὕτω
3431 1877 3587 1950 διιστᾷ
3622 1883 3666 1933 ri

2147 1969 2324 2039 στόμα
2357 1971 2437 2032 είς
2472 1971 2776 2040 ἄπρακτον.
2833 1969 3196 2037 Προσώζεσαν
3228 1971 3276 2020 oi
3308 1966 3556 2036 μώλωπές
3585 1989 3670 2038 μοι,

2144 2055 2238 2124 οὓς
2267 2064 2331 2114 ἐκ
2366 2062 2576 2114 πολλῶν
2605 2062 2939 2131 τραυμάτων
2963 2059 3353 2130 ἀνεμαξάμην,
3389 2060 3672 2130 βεϐλημένος

2143 2171 2206 2207 τε
2241 2155 2338 2208 καὶ
2367 2155 2714 2224 τετρωμένος
2765 2156 3022 2224 ὀργάνοις
3057 2153 3302 2222 πολέμου
3346 2153 3566 2217 πολλοῖς,
3590 2160 3673 2218 τοῖς

2150 2247 2254 2316 μὲν
2290 2249 2652 2316 ἀγχεμάχοις,
2699 2250 2811 2309 τοῖς
2851 2247 2908 2299 δέ
2945 2246 3156 2299 πλείοσι
3193 2245 3514 2314 τηλεϐόλοις.
3543 2247 3596 2298 Τί
3630 2248 3676 2316 δὴ

2145 2341 2378 2400 ὀκνεῖτε,
2433 2340 2706 2409 περιϊέναι
2747 2357 2812 2409 με
2849 2340 2976 2402 τοὺς
3017 2338 3316 2408 μώλωπας,
3368 2339 3458 2390 καὶ
3490 2338 3675 2391 καθέκσ-

2147 2451 2274 2487 στον
2298 2435 2602 2488 ἐπιτιθέναι
2633 2435 2981 2488 ἀκεσώδυνον
3014 2433 3372 2506 παραμύθιον
3399 2452 3413 2498 ;
3439 2434 3496 2486 Ei
3523 2434 3570 2485 δὲ
3588 2437 3678 2496 ταῖς

2147 2527 2474 2597 θεραπείαις
2499 2528 2928 2596 συνεκτρέχουσι
2967 2529 3181 2596 μνῆμαι
3213 2525 3438 2594 (αὐτίκα
3464 2527 3560 2593 γὰρ
3580 2527 3678 2579 πάν-

2145 2637 2255 2682 τως
2292 2621 2506 2688 ἀνάγκη
2548 2619 2888 2689 μεμνῆσθαι,
2938 2619 3015 2682 ῶς
3063 2617 3303 2671 ἐνταῦθα
3344 2617 3439 2686 μὲν
3485 2617 3597 2686 βολὴ
3636 2621 3680 2672 ἐκ

2145 2711 2326 2776 τόξου,
2359 2712 2496 2780 ὅπερ
2523 2712 2788 2764 ἐνέτεινεν
2828 2715 2854 2764 ὁ
2895 2711 2952 2764 δέ
2987 2728 3070 2771 τις
3096 2709 3181 2762 ἐπ’
3207 2708 3334 2778 ἐμοί
3357 2725 3368 2737 ·
3401 2708 3616 2761 ἐνταῦθα
3640 2710 3679 2760 δὲ

2146 2803 2276 2871 δόρυ
2311 2801 2618 2871 προῦκυψε,
2648 2801 2717 2854 δι’
2749 2791 2921 2870 οὗπερ
2951 2801 2979 2852 ὁ
3009 2799 3156 2852 δεῖνα
3188 2797 3520 2867 προῦτυψεν·
3544 2799 3681 2848 ἐκεῖσε

2147 2895 2203 2946 δὲ
2238 2893 2388 2945 λίθου
2419 2893 2728 2962 κακουργία
2760 2877 3138 2960 ἐνεωτέρισεν,
3188 2891 3247 2942 ὃν
3277 2888 3682 2955 ἐξεσφενδὸνησεν

470 2979 634 3047 probe
663 2989 902 3047 gyratatn
929 2979 1194 3046 attigisse,
1255 2993 1412 3046 quem
1467 2974 1602 3043 jecit
1648 2974 2044 3027 fundibalarius

2155 2983 2518 3051 ὀνομάκλυτος
2557 3001 2663 3044 τις,
2705 2981 2780 3043 ὡς
2823 2986 2917 3033 καὶ
2956 2979 3302 3046 συνθραῦσαί
3337 2994 3420 3046 με·
3455 2977 3616 3031 ἄλλοθι
3641 2978 3683 3031 δὲ

472 3079 651 3132 notus,
713 3070 779 3121 ad
835 3069 1222 3123 vulnerandum
1283 3083 1399 3132 me;
1477 3067 1610 3120 alias
1666 3077 1845 3119 autem
1899 3064 2046 3116 ensis

2155 3045 2439 3142 καταφορὰ
2475 3073 2686 3140 ξίφους,
2716 3071 3028 3136 πελεκίζειν
3057 3071 3268 3141 σάρκας
3299 3045 3682 3138 φιλονεικοῦσα),

472 3158 657 3224 ictmn,
679 3159 996 3212 abscindere
1031 3174 1224 3212 carnes
1255 3157 1564 3227 conatum):
1588 3163 1642 3209 et
1675 3157 1744 3208 ita
1780 3169 2044 3206 renovan-

2155 3167 2252 3218 καὶ
2285 3164 2458 3227 οὕτως
2504 3164 2918 3226 ἀνακαινίζεται
2980 3165 3168 3232 μνήμη
3217 3159 3542 3214 κακώσεων·
3571 3159 3684 3212 τίᾶν

474 3257 559 3302 tur
593 3249 872 3304 memoriae
903 3254 1287 3312 vexationum;
1345 3249 1475 3318 quid
1506 3248 1576 3302 ibi
1616 3245 1848 3301 iacerem
1889 3245 2046 3298 Immo

2155 3256 2388 3310 ἐνταῦθα
2449 3257 2688 3324 ποιήσω,
2739 3256 3026 3326 ἄνθρωπος
3069 3253 3145 3323 μὴ
3175 3251 3504 3322 ψευδόμενος
3533 3251 3588 3304 τὰ
3612 3252 3684 3318 τῆς

473 3339 565 3410 qui
599 3355 704 3395 non
756 3342 991 3396 mentior
1038 3341 1478 3412 plasmationem,
1530 3355 1637 3410 qua
1671 3339 1799 3392 mihi
1833 3347 2046 3406 quoque

2155 3348 2422 3409 πλάσεως,
2466 3347 2532 3398 δι’
2587 3339 2654 3420 ἧς
2690 3364 2780 3416 μοι
2817 3347 2910 3400 καὶ
2957 3345 3016 3397 τὸ
3049 3346 3145 3412 τῆς
3191 3344 3421 3414 μνήμης
3453 3343 3601 3396 καλὸν
3622 3342 3687 3394 εὖ»

474 3432 747 3485 memoria:
810 3433 1008 3486 bonum
1051 3433 1116 3486 ad
1164 3431 1610 3488 benefaciendum
1656 3431 1880 3486 inditum
1913 3428 2046 3482 est!

2155 3439 2342 3491 ποιοῦν
2379 3441 2746 3505 συμπέφυκεν
2773 3456 2788 3504 ;

543 3523 631 3578 86.
669 3525 905 3578 Strictus
939 3535 1021 3579 est
1062 3524 1218 3595 pugio
1248 3535 1438 3580 contra
1470 3537 1578 3589 me,
1638 3521 2046 3592 penetrat/itque

2226 3530 2346 3596 πς’.
2399 3527 2771 3601 Ἑθρασὺνατο
2803 3530 3126 3601 ἐγχειρίδιον
3161 3531 3289 3583 κατ’
3313 3528 3472 3598 ἐμοῦ,
3504 3530 3585 3580 καὶ
3606 3527 3688 3595 εἴρ-

475 3631 688 3680 carncs,
721 3627 774 3670 et
813 3618 891 3670 sic
919 3617 1268 3670 exacerbavit
1312 3636 1324 3671 ι
1381 3617 1514 3686 quid
1556 3615 1722 3684 igitur
1758 3615 2050 3682 reprelien-

478 3709 597 3775 dor,
646 3709 700 3762 in
766 3710 908 3764 hunc
959 3709 1250 3779 gladiolum
1306 3708 1604 3777 c'onjiciens
1639 3703 1866 3758 oculos?
1930 3701 2047 3755 Non

479 3798 669 3865 frango
686 3798 928 3868 quidem,
965 3814 1065 3852 nec
1100 3800 1256 3852 aliter
1289 3812 1613 3867 quocunque
1639 3796 1798 3850 modo
1827 3808 2046 3848 mamun

477 3889 531 3943 in
563 3890 712 3943 illum
752 3891 908 3944 tuitlo
937 3909 951 3946 :
990 3891 1248 3945 recordor
1281 3899 1460 3943 autem
1507 3890 1653 3942 illum
1697 3903 1818 3941 esse
1849 3887 2048 3940 malum

477 3995 572 4050 per
602 3999 762 4052 quem
802 3985 926 4038 mihi
959 3987 1166 4054 largum
1202 3985 1396 4038 vulnus
1427 3993 1675 4052 apertum
1706 3981 1872 4035 latam
1903 3981 2050 4035 cica-

477 4077 668 4130 tricem
702 4078 754 4131 in
785 4079 996 4147 signum
1030 4079 1328 4146 impressit.
1388 4077 1665 4130 Percussit
1699 4091 1784 4130 me
1813 4075 2002 4128 lancea
2035 4089 2050 4126 :

478 4170 594 4224 bmc
625 4170 842 4238 quidem
877 4171 944 4223 ab
978 4171 1197 4224 inimico
1226 4168 1362 4224 forte
1392 4167 1754 4229 benedicitur,
1789 4173 2048 4232 tauquam

474 4262 531 4316 in
584 4262 904 4332 profundam
961 4273 1252 4331 penetrans
1298 4262 1550 4332 plagam:
1612 4261 1707 4314 sed
1756 4271 2054 4326 percussus

2153 3640 2325 3675 πυσεν
2364 3625 2471 3675 ἔσω
2534 3624 2756 3692 σαρκὸς,
2800 3627 2892 3677 καὶ
2931 3622 3103 3684 οὕτως
3150 3622 3482 3690 ἡγριάνατο.
3531 3620 3588 3670 Τί
3619 3614 3688 3670 οὖν

2152 3717 2419 3786 ψέγομαι,
2453 3719 2530 3778 εἰς
2555 3717 2611 3768 τὸ
2637 3717 2927 3784 μαχαίριον
2952 3717 3126 3768 ἐκεῖ-ιο
3153 3716 3373 3782 βλέπων
3402 3731 3416 3779 ;
3451 3713 3519 3764 Ut)
3541 3709 3689 3779 θραύω

2157 3809 2275 3878 μὲν,
2312 3808 2419 3861 οὐδ’
2457 3807 2631 3870 ἄλλως
2670 3807 2916 3860 ὁπωσοῦν
2957 3806 3121 3858 αὑτοῦ
3182 3803 3586 3874 κατεπιχειρῶο
3621 3801 3690 3870 μὲ-

2157 3917 2371 3969 μνημαι
2403 3899 2482 3960 δὲ,
2515 3899 2644 3951 αὐτὸ
2677 3893 2816 3950 εἶναι
2863 3899 2923 3951 τὸ
2967 3899 3156 3963 κακὸν,
3191 3897 3262 3951 δι’
3296 3891 3358 3950 οὗ
3394 3915 3482 3968 μοι
3509 3897 3690 3967 τραῦμα

2154 3991 2289 4060 βαθὺ
2325 3989 2553 4041 ἐντακέν
2586 3989 2818 4057 ἐνέμαξε
2851 3989 3115 4040 πλατεῖαν
3159 3990 3330 4058 οὐλὴν
3375 3991 3455 4051 είς
3487 3990 3692 4056 παράση-

2155 4099 2276 4151 μον.
2309 4078 2551 4150 Ἔπληξέ
2577 4097 2642 4149 με
2664 4081 2811 4148 δόρυ·
2849 4083 2941 4134 καὶ
2963 4079 3098 4132 αὐτὸ
3123 4081 3256 4150 πρὸς
3293 4081 3392 4150 μὲν
3421 4079 3511 4131 τοῦ
3535 4075 3690 4148 ἐχθροῦ

2153 4173 2462 4240 εὐλογεῖται
2518 4172 2671 4234 ἴσως,
2706 4164 2793 4223 οἷα
2842 4170 3158 4238 ἐμϐαθύναν
3189 4174 3272 4234 είς
3306 4173 3538 4241 πληγήν.
3577 4170 3627 4220 Ὀ
3652 4169 3692 4219 δὲ

2155 4265 2548 4333 πεπληγμένος
2583 4280 2699 4324 πως
2721 4263 2789 4315 ἂν
2809 4262 2922 4332 ἔχοι
2957 4262 3243 4323 λαθέσθαι,
3279 4259 3397 4315 οἷον
3448 4265 3606 4314 ἐκεῖνο
3629 4259 3695 4324 γέ-

475 4355 750 4424 quotnodo
782 4367 967 4424 posset
998 4355 1269 4417 oblivisci,
1331 4353 1566 4424 qualiter
1625 4353 1726 4405 ista
1779 4349 1946 4403 fuerit
1993 4347 2046 4401 in

2156 4373 2302 4408 νοιτο
2339 4354 2463 4406 κατ’
2499 4354 2698 4417 αὐτοῦ;
2739 4354 2903 4417 Βέλος
2939 4352 3310 4406 ἐπιπετασθὲν
3346 4353 3577 4420 ἐνεπάγη
3608 4365 3692 4417 μοι·

475 4447 650 4513 ipsutn
672 4445 901 4498 ?Te|nm
928 4445 1155 4498 volitans
1173 4445 1386 4498 inhaesit
1409 4443 1538 4497 mihi
1556 4459 1572 4508 ;
1596 4445 1724 4512 quid
1743 4452 2046 4497 extractum

476 4548 530 4589 et
559 4553 666 4591 non
698 4540 1062 4603 confractum,
1117 4538 1417 4592 a-Stimaret
1450 4539 1573 4604 quis
1600 4553 1709 4590 nou
1745 4552 2046 4607 agnoscen-

478 4631 605 4684 dum
646 4632 775 4685 milii
815 4629 979 4684 telum
1011 4633 1185 4700 ipsum
1212 4646 1333 4686 esse
1365 4641 1474 4698 quo
1509 4643 1803 4698 percussus
1826 4629 2048 4688 fuerim,

479 4732 530 4775 et
563 4721 632 4775 ita
662 4734 878 4792 cogeret
912 4725 1107 4789 virum,
1137 4721 1296 4779 bona:
1326 4726 1603 4779 memoriae
1637 4737 1701 4777 ex
1733 4723 1916 4777 anima
1955 4723 2048 4777 de-

479 4813 591 4868 lere
625 4816 1012 4884 intelligentiam
1043 4816 1381 4885 potentiam?

549 4908 638 4961 87.
674 4907 788 4962 Non
821 4911 924 4972 vis.
959 4907 1119 4965 sodes
1141 4947 1158 4976 ,
1205 4911 1517 4966 meminiése
1574 4923 1657 4964 me
1691 4908 1856 4964 mali:
1913 4909 2052 4962 bene

477 4995 612 5057 scio,
639 4999 892 5065 quoniam
931 5016 1030 5054 net:
1061 5005 1257 5055 vivere.
1306 4999 1553 5056 Attamen
1586 5018 1685 5071 ego
1711 5001 1874 5054 vitam
1924 5014 2056 5055 con-

420 5119 423 5128 ι
480 5097 913 5158 sequentemth
966 5093 1284 5146 memoriam
1337 5108 1556 5147 servare
1592 5094 1774 5158 cupio.
1820 5090 1890 5143 Ut
1935 5091 2052 5144 evi-

479 5179 698 5234 dentius
751 5194 930 5237 autem
998 5185 1214 5254 loquar,
1288 5188 1412 5239 vitze
1463 5186 1681 5254 quidem
1739 5186 1919 5238 exitus
1970 5184 2053 5238 bis

479 5271 689 5328 duobus
740 5276 918 5330 miseri
947 5289 1095 5343 sunt,
1127 5278 1266 5346 quod
1307 5277 1508 5330 oblivio
1546 5277 1603 5330 fit
1631 5274 1804 5338 cltari,
1835 5291 1934 5330 nec
1969 5276 2054 5328 ille

480 5365 573 5432 qui
601 5367 816 5420 vexavit
843 5370 1106 5423 noscitur.
1159 5369 1372 5439 Aliquis
1412 5377 1594 5422 autem
1629 5368 1681 5421 in
1720 5370 1952 5421 sanitate
1977 5369 2056 5420 vi-

481 5470 637 5521 vens,
688 5472 938 5514 neutrum
983 5461 1259 5532 abjiceret.
1293 5455 1542 5516 Percussi
1574 5470 1646 5524 te,
1685 5461 1892 5529 inquit;
1948 5459 2052 5514 hoc

482 5549 778 5604 humanum
804 5560 926 5617 est;
966 5551 1046 5606 fer
1071 5553 1423 5621 generositer,
1447 5553 1492 5608 si
1531 5553 1734 5607 divinis
1789 5556 2054 5606 sermoni-

478 5641 579 5697 bus
653 5653 891 5700 mentetu
973 5644 1240 5712 applicas;
1304 5661 1371 5699 ne
1429 5659 1516 5699 me
1575 5643 1918 5707 reverberes,
1989 5656 2055 5698 ne

475 5749 694 5804 quoque
734 5735 860 5790 mali
916 5736 1248 5791 memineris.
1303 5736 1532 5792 Pulchra
1577 5736 1668 5790 tibi
1725 5743 1852 5789 sunt
1912 5737 2048 5798 hate,

476 5823 664 5896 frater,
694 5843 864 5898 usque
888 5829 1083 5898 modo;
1139 5828 1489 5902 loqueturque
1521 5838 1699 5886 tecutn
1732 5827 1845 5898 ipse
1884 5825 2048 5883 Deus.

2157 4449 2207 4500 τί
2245 4447 2308 4517 δὴ
2335 4443 2429 4500 οὖν
2462 4446 2804 4511 ἐξελκυσθὲν,
2837 4449 2932 4500 καὶ
2964 4446 3097 4514 μηδέ
3129 4445 3425 4514 θραυσθέν,
3459 4445 3588 4509 ἁξιοῖ
3615 4458 3693 4502 τις,

2157 4540 2295 4610 μηδέ
2328 4537 2694 4607 γινώσκεσθαί
2728 4557 2840 4608 μοι,
2872 4538 3021 4608 βέλος
3049 4538 3183 4589 αὑ;δ
3225 4531 3397 4596 εἶναι,
3444 4537 3507 4587 δι’
3541 4525 3594 4584 οὗ
3624 4532 3697 4582 πέο

2153 4635 2429 4700 πληγμαι,
2465 4635 2558 4686 καὶ
2584 4628 2727 4684 οὕτω
2765 4631 3015 4700 βιάζεται
3052 4630 3282 4698 μνήμης
3325 4625 3608 4694 ἐπαινετῆς
3630 4624 3699 4674 ἄν·

2152 4726 2258 4795 δρα.
2283 4727 2379 4794 τῆς
2412 4723 2637 4796 [ψυχῇις
2673 4723 2975 4777 ἀπαλεῖψαι
3003 4724 3196 4791 νοεράν
3219 4720 3461 4790 δύναμιν
3485 4737 3501 4783 ;

2226 4906 2335 4976 πζ.
2372 4906 2448 4960 Οὐ
2497 4907 2694 4970 Θέλεις,
2731 4894 2777 4960 ὦ
2821 4899 3000 4967 οὗτος,
3054 4901 3379 4974 μεμνῆσθαί
3437 4917 3501 4970 με
3537 4894 3696 4951 κακοῦ.

2155 5001 2287 5058 Οἶδα
2320 4999 2552 5074 κῐάγὼῙ,
2589 5001 2714 5055 ἐπεὶ
2760 4999 2896 5070 μηδέ
2931 4998 3050 5069 ζῇν.
3093 4996 3234 5051 Ἀλλ’
3275 4995 3394 5062 ἐγὼ
3441 4993 3532 5045 καὶ
3564 4987 3696 5058 ζῴην.

2155 5097 2250 5150 καὶ
2280 5095 2381 5164 τὴν
2415 5093 2812 5163 παρεπομένην
2851 5093 3078 5160 μνήμην
3103 5089 3362 5155 σώζοιμι.
3399 5085 3700 5152 Σαφὲστερον

2153 5191 2209 5243 δὲ
2239 5191 2436 5244 εἰπεῖν·
2497 5187 2616 5257 βίου
2673 5186 2774 5256 μὲν
2818 5184 2988 5250 ἔξοδοι
3043 5179 3410 5249 δυστυχοῦσιν
3455 5175 3701 5245 ἀμφότερα

2155 5282 2350 5343 ταῦτα,
2389 5279 2544 5348 φίλον
2599 5295 2658 5331 τε
2700 5277 3151 5336 ἐκλανθάνεσθαι,
3187 5275 3280 5327 καὶ
3331 5271 3469 5341 μηδὲ
3520 5270 3603 5320 τὴν
3630 5281 3704 5316 κα·

2158 5372 2412 5427 κώσαντα
2451 5371 2674 5424 εἰδέναι.
2719 5369 2835 5422 Ζῶν
2858 5368 2914 5420 δέ
2955 5386 3038 5422 τις
3067 5368 3123 5428 ἐς
3150 5365 3389 5431 ὑγίειαν,
3431 5363 3527 5414 οὐκ
3550 5358 3605 5411 ἂν
3631 5355 3701 5405 οὐ·

2155 5466 2370 5533 δέτερον
2405 5464 2754 5516 ἀποϐάλοιτο.
2776 5460 2988 5528 Ἐτυψὰ
3015 5475 3096 5521 σε,
3124 5455 3318 5525 φησίν.
3366 5451 3704 5521 ’Δνθρὼπινον

2155 5557 2314 5609 τοῦτο
2352 5558 2448 5611 καὶ
2479 5554 2611 5625 φέρε
2644 5551 2934 5622 γενναίως,
2965 5552 3012 5604 εί
3046 5550 3182 5619 πρὸς
3209 5550 3327 5609 τοῖς
3360 5546 3526 5605 θείοις
3559 5542 3703 5606 λόγοις

2158 5648 2302 5718 ἔχεις
2329 5649 2421 5700 τὸν
2451 5649 2597 5707 νοῦν,
2625 5647 2721 5699 καὶ
2750 5645 2823 5713 μή
2856 5660 2922 5712 με
2973 5639 3298 5710 ἀντιτύψῃς,
3335 5637 3413 5708 μὴ
3463 5637 3554 5688 καὶ
3595 5646 3706 5718 ιιντιο

2163 5716 2491 5810 σικακήσῃῖ.
2551 5736 2709 5789 Καλά
2743 5751 2864 5798 σοι,
2895 5727 2940 5786 ῶ
2985 5733 3204 5802 ἀδελφέ,
3233 5730 3417 5783 ταῦτα
3455 5727 3555 5788 ἕως
3585 5716 3669 5774 ὦδε
3691 5734 3705 5751 ⁹

2162 5835 2254 5889 καὶ
2281 5830 2612 5900 συλλαλὴσει
2645 5829 2738 5884 καὶ
2769 5828 2796 5882 ὀ
2831 5827 2987 5890 Θεὸς.
3026 5827 3218 5895 Λέγειν
3248 5823 3334 5892 δὲ,
3370 5820 3448 5886 ὡς
3484 5814 3610 5892 μηδέ
3635 5810 3707 5868 λά·
