3788 6566
320 346 438 409 ἳθὶ

1042 349 1467 415 EUSTATHII
1502 348 2275 418 THESSAIDNICENSIS
2318 352 2887 418 METROPOLITIE

3477 355 3577 419 492

326 456 691 529 antiphrasint
747 457 982 516 absurda
1031 460 1243 518 dicens.
1280 463 1393 520 Nisi
1431 479 1563 520 vero
1619 465 1760 520 forte
1812 464 1940 535 hic;

2052 471 2172 525 3105
2218 470 2727 543 καταπαιχθήσσται
2783 470 2881 522 τό·
2937 468 3001 522 Ἦ
3043 467 3257 537 γλῶττα
3312 463 3490 533 εἶπεν,
3547 473 3579 540 ἡ

334 550 547 605 ludatur
579 549 769 606 istud:
816 550 1020 623 Lingua
1063 553 1220 619 dixit,
1290 568 1446 611 mens
1481 570 1613 610 vero
1645 570 1751 612 non
1784 562 1907 610 erat

323 656 563 699 consors
595 657 699 699 nec
766 644 1085 704 concinens.
1147 644 1351 701 Forsan
1381 656 1560 701 autem
1589 647 1703 717 ipse
1728 656 1908 703 sumet

332 734 578 791 ordinem
633 749 756 791 cum
812 735 884 790 ita
920 734 1140 791 ludoute
1192 752 1208 791 :
1264 736 1399 803 Quis
1453 738 1558 794 scit
1614 753 1682 793 an
1726 738 1910 797 vivere

324 829 404 883 sit
430 827 572 882 idem
604 841 668 882 ac
707 827 884 882 mori?
929 834 987 882 et
1029 836 1257 883 caetera.
1314 827 1507 885 Nonne
1556 830 1711 893 enim.
1764 830 1906 886 idem

323 920 487 975 “lusus
521 927 604 973 est
650 919 834 975 dicere
862 936 877 973 :
905 917 1042 985 Quis
1090 920 1193 975 scit
1219 935 1288 976 an
1346 935 1651 993 conspuet:
1688 920 1762 978 sit
1790 936 1909 975 ant-

324 1010 524 1081 :plecti,
554 1011 822 1082 virgaque
871 1010 1036 1068 ferire
1069 1011 1243 1068 amice
1288 1013 1549 1080 salutare,
1579 1023 1635 1069 et
1670 1012 1905 1083 reliqua,

337 1105 538 1170 quibus
563 1117 621 1159 se
644 1101 875 1172 iactabit
907 1103 996 1157 ille
1029 1103 1123 1174 qui
1170 1102 1438 1161 maleﬁcia
1485 1107 1725 1177 reputari
1779 1119 1908 1163 vera

329 1195 598 1252 beneﬁcia
628 1195 834 1265 iudicat
857 1196 883 1249 ἲ

414 1286 539 1342 102.
567 1286 685 1343 Non
721 1286 888 1356 igitur
922 1300 1163 1355 possem,
1199 1289 1661 1357 quemadmodum
1688 1305 1785 1360 per
1816 1306 1914 1345 an-

340 1378 701 1434 tonomasiam
757 1392 976 1444 vocare,
1011 1379 1093 1434 sic
1152 1394 1257 1436 nec
1310 1380 1365 1436 in
1423 1382 1656 1453 idipsum
1711 1396 1913 1454 ponere

328 1468 660 1539 magistrum
693 1483 815 1525 eum
859 1469 955 1537 qui
984 1484 1069 1525 me
1116 1471 1254 1526 male
1284 1480 1505 1530 tractat.
1560 1471 1714 1527 Nulla
1768 1474 1912 1528 enim

338 1557 680 1625 magistralis
708 1558 932 1627 vexatio
962 1558 1172 1614 malitia
1216 1570 1535 1630 reputatur:
1566 1565 1708 1631 quod
1733 1571 1915 1617 autem

336 1663 439 1721 per
506 1649 831 1706 maleﬁcium
897 1651 976 1717 iit,
1034 1652 1253 1707 malitiae
1300 1655 1518 1709 nomine
1570 1663 1804 1720 taxatur,
1861 1663 1915 1710 et

334 1740 452 1799 Deo
496 1756 607 1797 non
655 1742 853 1811 placet.
917 1741 1065 1799 Bona
1116 1744 1332 1814 quidem
1381 1753 1513 1800 sunt
1538 1745 1721 1801 omnia
1753 1745 1915 1801 disci-

337 1832 612 1904 plinarum
660 1834 879 1901 acerba,
910 1833 1129 1904 injuria,
1173 1835 1475 1891 vexationis
1514 1835 1698 1903 minae,
1736 1835 1913 1891 mina-

346 1940 471 1981 rum
506 1926 560 1982 in
604 1941 741 1998 opus
777 1929 1081 1996 productio,
1128 1936 1405 1985 torvorum
1429 1929 1708 1987 oculorum
1735 1927 1921 2000 conje-

334 2025 488 2082 ctus,
521 2025 577 2074 et
602 2016 834 2088 reliqua.
866 2018 987 2075 Non
1018 2019 1165 2076 enim
1192 2023 1258 2075 ad
1289 2022 1576 2090 malitiam,
1600 2023 1697 2079 sed
1717 2024 1784 2079 ad
1810 2023 1922 2077 vir-

342 2106 479 2162 tutis
539 2106 978 2165 informationem
1034 2108 1329 2167 adinventa
1372 2120 1541 2168 sunt.
1602 2112 1723 2169 Ideo
1785 2127 1919 2169 con-

343 2198 625 2255 currimus
677 2200 743 2254 ad
796 2199 872 2256 ita
912 2200 1191 2268 docentes,
1219 2211 1274 2258 et
1311 2204 1564 2261 mercede
1610 2204 1921 2276 punitiones

351 2289 563 2345 illorum
601 2301 1023 2360 commutemus,
1045 2305 1101 2350 et
1128 2294 1359 2352 libenter
1385 2298 1702 2367 gravissima
1756 2298 1922 2354 susti-

352 2396 565 2438 nemus.
613 2383 680 2440 Et
735 2385 780 2440 si
830 2401 938 2441 non
997 2386 1071 2442 ita
1129 2388 1237 2458 pati
1287 2390 1537 2453 velimus.
1581 2392 1921 2447 excurrimus

344 2473 572 2543 quidem
604 2475 674 2531 ab
714 2476 799 2532 bis
839 2477 1137 2548 magistris,
1170 2480 1261 2550 qui
1302 2494 1436 2551 pure
1469 2481 1656 2537 dulces
1684 2490 1835 2550 sunt,
1866 2490 1921 2538 et

355 2572 599 2640 asperari
628 2574 922 2639 nesciunt;
975 2575 1138 2631 limus
1185 2586 1365 2632 autem
1395 2578 1494 2633 sub
1525 2580 1664 2643 aliis.
1698 2580 1790 2650 qui
1826 2579 1926 2634 mi-

352 2673 517 2721 scent
537 2679 661 2721 cum
690 2664 832 2722 dulci
856 2682 1129 2735 amarum,
1152 2678 1204 2724 et
1226 2671 1297 2723 ita
1328 2685 1615 2727 maerorem
1655 2670 1927 2728 seminam

359 2766 460 2823 tes,
492 2757 779 2828 pulchram
814 2758 868 2814 in
917 2770 1192 2830 posterum
1220 2763 1459 2817 educunt
1482 2775 1741 2817 messem.
1771 2762 1925 2817 Talia

367 2850 588 2920 quidem
625 2857 754 2906 sunt
784 2865 904 2921 quae
934 2852 1208 2921 pertinent
1237 2853 1303 2907 ad
1350 2867 1567 2908 amaros
1613 2854 1923 2923 magistros,

358 2954 595 3009 quorum
647 2941 770 2997 linis
815 2952 901 2998 est
954 2943 1207 3001 dulcedo.
1235 2942 1339 3010 Qui
1372 2958 1504 2999 vero
1548 2943 1923 3009 malefaciunt,

353 3042 622 3103 praestant
647 3034 865 3104 quidem
894 3036 1341 3102 amaritudinem,
1366 3048 1473 3090 non
1509 3044 1688 3093 tamen
1716 3044 1775 3091 ut
1806 3035 1927 3092 dul-

2008 569 2063 621 δὲ
2096 568 2239 640 φρὴν
2264 569 2561 632 άσύνθετος
2613 568 2706 623 καὶ
2756 567 3113 637 άσύντροχος.
3159 566 3335 637 τυχὸν
3380 567 3439 621 δὲ
3483 586 3577 623 τα-

2009 661 2270 732 χθήσεται
2315 661 2408 715 καὶ
2452 662 2613 725 αὐτὸς
2660 660 2800 731 μετὰ
2840 658 2937 713 τοῦ
2993 660 3289 725 παίξαντος
3327 661 3392 713 τό
3426 675 3442 690 ·
3487 661 3583 725 Τίς

2008 748 2172 815 οἶδεν,
2207 751 2255 803 εί
2279 750 2340 803 τὸ
2376 750 2477 821 ζῇν
2516 751 2615 820 μὲν
2644 750 2761 805 ἔστι
2789 749 3113 813 κατθανεῖν;
3158 750 3252 802 καὶ
3275 750 3342 803 τὰ
3366 748 3581 817 ἐφεξῆς.

2008 840 2087 897 Ἦ
2113 843 2222 915 γάρ
2246 843 2308 897 ού
2331 842 2573 896 τοιοῦτον
2596 843 2846 910 παίγνιον
2873 842 2967 897 καὶ
2991 842 3052 896 τὸ
3077 842 3267 911 φάναι·
3298 841 3397 903 Τίς
3420 837 3581 906 οἶδεν,

2010 935 2059 988 εί
2093 935 2154 988 τὸ
2185 933 2520 989 καταπτύειν
2553 933 2897 999 ἀσπάζεσθαί
2930 936 3047 986 ἐστι
3068 973 3082 994 ,
3116 932 3210 987 καὶ
3234 931 3296 984 τὸ
3331 930 3585 999 ῥαπίζειν

2010 1026 2281 1093 δεξίωσις,
2314 1027 2408 1080 καὶ
2444 1030 2590 1087 ὅσοις
2618 1024 2882 1088 τοιούτοις
2915 1022 3297 1091 ἒναγλαῖσεται
3328 1022 3359 1073 δ
3392 1021 3583 1090 ἀξιῶν,

2010 1120 2109 1182 τὰς
2150 1118 2474 1182 κακοποιῖας
2518 1118 2597 1181 είς
2641 1117 2969 1187 αὐτόχρημα
3010 1114 3335 1186 εὐεργεσίας
3370 1112 3586 1182 λογίζε-

2012 1211 2173 1276 σθαι;

2088 1301 2195 1374 ρβ’.
2242 1303 2355 1358 Οὐκ
2391 1302 2457 1358 ἂν
2487 1301 2582 1357 οῦν
2615 1300 2909 1370 δυναίμην,
2944 1299 3133 1370 ῶσπερ
3167 1297 3581 1367 άντονομάζειν,

2012 1395 2184 1458 οὕτως
2223 1395 2346 1448 οὐδὲ
2388 1394 2468 1457 είς
2509 1393 2642 1448 αὐτὸ
2682 1392 2841 1445 τοῦτο
2883 1388 3208 1444 διδάσκαλον
3247 1389 3455 1442 τιθέναι
3496 1388 3587 1441 τὸν

2014 1488 2139 1557 ἐμοὶ
2172 1487 2360 1550 κακῶς
2391 1482 2858 1557 προσφερόμενον.
2891 1479 3132 1550 Οὐδεμία
3164 1477 3274 1550 γάρ
3307 1478 3411 1533 τῶν
3440 1478 3588 1531 διδα-

2018 1577 2290 1631 σκαλικῶν
2329 1574 2628 1630 κακώσεων
2669 1574 2752 1637 είς
2796 1572 2997 1627 κακίαν
3042 1570 3417 1642 ἐγγράφεται·
3459 1567 3590 1622 αύτδ
3654 1638 3671 1652 κ

2014 1670 2071 1723 δὲ
2092 1668 2179 1723 διά
2199 1668 2263 1722 τὸ
2289 1668 2611 1723 κακοποιεῖν
2632 1663 2830 1727 κακίας
2854 1680 2914 1716 τε
2937 1663 3165 1731 ὀνόματι
3189 1662 3585 1733 ἐπιγράφεται,

2017 1759 2109 1813 καὶ
2138 1754 2260 1813 οὐδὲ
2293 1758 2411 1829 Θεῷ
2446 1758 2705 1828 φιλεῖται.
2738 1756 2850 1811 Καὶ
2880 1750 3063 1822 ἀγαθὰ
3100 1753 3197 1823 μὲν
3225 1754 3401 1807 πάντα
3430 1751 3499 1805 τὰ
3525 1753 3591 1804 ἐκ

2018 1849 2356 1905 διδασκάλων
2384 1850 2767 1920 δριμύττοντα,
2793 1847 2826 1918 ή
2862 1844 3185 1913 κακολογία,
3215 1846 3248 1915 ἠ
3276 1845 3376 1913 τῆς
3406 1841 3592 1896 κακώο

2022 1959 2157 2005 σεως
2183 1941 2404 2012 ἀπειλὴ.
2430 1941 2491 1995 τδ
2513 1940 2613 2011 τῆς
2636 1938 2867 2009 ἀπειλῆς
2894 1938 3274 2010 προαγόμενον
3297 1938 3375 1999 είς
3401 1935 3590 2005 ἔργον,

2019 2034 2070 2088 oi
2109 2033 2474 2104 παραδλῶπες
2510 2031 2929 2103 ὲντρανισμνοὶ,
2960 2029 3150 2086 τᾶλλα.
3185 2030 3261 2083 Οὐ
3298 2028 3407 2098 γάρ
3450 2026 3594 2080 κατά

2020 2122 2252 2184 κακίαν,
2293 2122 2411 2177 ἀλλ’
2443 2124 2646 2194 ἀρετῆς
2691 2121 2974 2176 παίδευσιν
3016 2119 3453 2188 ἐπιτετήδευται.
3501 2116 3595 2169 Διδ

2021 2217 2116 2271 καὶ
2146 2215 2559 2289 προστρέχομεν
2584 2216 2696 2278 τοῖς
2724 2213 2868 2268 οὕτω
2894 2213 3227 2277 διδάσκουσι,
3257 2211 3354 2262 καὶ
3390 2206 3588 2277 μισθοῦ

2022 2308 2120 2373 τὰς
2154 2309 2213 2373 ἑξ
2247 2307 2472 2361 ἐκείνων
2502 2305 2779 2369 κακώσεις
2812 2301 3210 2373 ἀλλαττόμεθα,
3244 2302 3338 2354 καὶ
3373 2299 3595 2361 ἑκόντες

2022 2400 2430 2473 ὶπαχθιζόμεθα
2468 2398 2539 2452 τὰ
2583 2397 2868 2469 βαρύτατα
2893 2410 2908 2427 ⁸
2950 2395 3054 2450 κᾶν
3092 2396 3140 2448 εί
3186 2393 3261 2463 μὴ
3303 2391 3449 2445 οὕτω
3492 2390 3600 2442 πά-

2024 2507 2278 2563 σχοιμεν,
2315 2489 2649 2563 ὲκτρέχομεν
2682 2488 2907 2543 ἐκείνων
2935 2487 3049 2541 ’τῶν
3081 2483 3456 2545 διδασκάλων,
3491 2478 3601 2532 τῶν

2022 2585 2277 2657 ἀκράτως
2311 2585 2409 2654 μὲν
2435 2583 2861 2653 γλυκαινόντων,
2892 2580 3202 2650 πικραίνειν
3234 2578 3293 2630 δὲ
3324 2577 3425 2630 οὐκ
3462 2574 3599 2628 είδό-

2022 2694 2132 2733 των
2154 2692 2171 2709 ·
2207 2676 2470 2746 γινόμεθα
2502 2675 2558 2728 δὲ
2592 2674 2699 2729 ὑπὸ
2732 2673 2946 2736 ἄλλοις,
2982 2672 3035 2726 οἳ
3069 2670 3148 2740 τῷ
3181 2670 3330 2740 ἠπίῳ
3365 2683 3601 2734 συγκιρ⁶

2024 2767 2158 2823 νῶσι
2186 2766 2250 2822 τὸ
2282 2766 2510 2830 δάκνον,
2546 2765 2642 2819 καὶ
2673 2762 2821 2818 οὕτω
2852 2761 3029 2834 λύπην
3058 2761 3442 2830 ὲνσπείροντες
3462 2797 3478 2821 ,
3512 2755 3601 2808 εύ-

2025 2860 2267 2931 καρπίαν
2300 2855 2703 2930 προκαλοῦνται
2739 2855 2839 2925 τὴν
2870 2854 3186 2923 ἐσύστερον.
3224 2850 3332 2905 Καὶ
3365 2846 3596 2903 τοιαῦτα

2030 2952 2128 3023 μὲν
2155 2951 2225 3005 τὰ
2254 2948 2362 3004 τῶν
2392 2948 2609 3019 πικρῶν
2638 2946 3000 3011 διδασκάλων,
3028 2938 3104 2998 ὧν
3132 2943 3286 3006 τέλος
3315 2944 3344 2995 ό
3376 2938 3603 2995 αὐτόθεν

2028 3041 2367 3112 γλυκασμός.
2403 3042 2468 3094 Oi
2509 3039 2569 3093 δέ
2608 3055 2672 3104 γε
2713 3036 3046 3099 κακύνοντες
3086 3034 3442 3104 πικραίνουσι
3483 3029 3603 3099 μὲν,

362 3137 485 3180 cem
544 3124 801 3183 inducant
858 3124 1216 3196 disciplinam,
1276 3127 1371 3181 sed
1441 3135 1503 3182 ut
1553 3126 1800 3197 perdant.
1870 3125 1926 3182 Si

2052 3133 2127 3205 »ὐχ
2150 3132 2291 3187 ὥστε
2320 3130 2426 3203 μὴν
2448 3126 2847 3190 διδασκαλικῶς
2872 3125 3168 3195 γλυκαναι,
3197 3122 3313 3177 ἀλλ’
3336 3121 3599 3188 ὶξολέσαι.

357 3217 488 3287 quis
535 3225 715 3273 autem
766 3218 935 3288 probe
985 3228 1043 3273 et
1099 3217 1304 3289 absque
1329 3217 1453 3273 mali
1485 3219 1741 3273 memoria
1780 3218 1934 3287 vivit,

366 3309 707 3366 dulcedinem
752 3312 1049 3367 secundum
1096 3311 1354 3368 virtutem
1387 3312 1576 3378 sentit,
1615 3319 1671 3366 at
1701 3312 1794 3367 hic
1819 3314 1939 3383 qui-

364 3399 493 3457 dem
515 3409 601 3457 est
645 3400 945 3456 secundum
978 3399 1148 3458 Deum
1170 3410 1227 3459 et
1259 3416 1357 3472 per
1390 3402 1581 3466 Deum,
1608 3409 1665 3455 et
1701 3415 1770 3456 cx
1806 3400 1939 3466 Deo,

366 3506 439 3548 ac
463 3492 703 3557 virtutis,
725 3508 847 3564 quae
876 3494 928 3547 in
949 3494 1212 3563 patientia
1244 3502 1348 3560 est,
1380 3493 1503 3549 linis
1528 3510 1545 3560 ;
1572 3493 1669 3549 sed
1696 3493 1788 3562 qui
1816 3506 1940 3561 pro-

374 3584 498 3640 tulit
525 3585 964 3652 amaritudinem,
994 3582 1102 3643 nOn
1127 3584 1386 3651 erudivit,
1418 3585 1549 3649 imo,
1574 3584 1718 3653 quod
1752 3584 1820 3638 ad
1863 3583 1943 3653 ip-

376 3692 500 3733 sum
525 3678 743 3743 attinet,
771 3676 1026 3746 perdidit.

451 3768 576 3825 105.
630 3769 750 3825 Non
800 3767 966 3839 igitur
992 3768 1045 3823 in
1094 3767 1415 3837 magistrum
1463 3766 1596 3821 mihi
1648 3766 1946 3835 sophistica

365 3860 497 3931 quis
530 3869 695 3930 ponat
732 3858 1128 3925 adversarium,
1152 3857 1311 3927 cujus
1338 3858 1590 3920 interest,
1644 3870 1753 3911 nou
1790 3857 1945 3927 juxta

376 3952 721 4021 disciplinam
755 3952 873 4007 sive
908 3951 1112 4014 verbis.
1140 3950 1258 4005 sive
1279 3948 1557 4018 operibus,
1586 3948 1653 4004 ad
1686 3947 1944 4005 virtutem

380 4052 725 4108 convertere,
756 4042 874 4107 sed,
900 4040 1070 4096 veluti
1102 4041 1147 4096 si
1201 4054 1325 4110 quae
1371 4039 1659 4097 carnivora
1718 4037 1831 4093 fera
1863 4039 1948 4095 vel

370 4135 583 4193 fulmen
612 4134 905 4204 quemdam
932 4141 1294 4197 consumeret,
1321 4145 1353 4189 ιι
1381 4132 1489 4188 vita
1528 4130 1947 4189 abducere.-ilis

377 4236 704 4297 opportune,
758 4236 911 4296 puto,
962 4223 1291 4294 superaddo,
1339 4222 1507 4294 quod,
1534 4224 1579 4278 si
1610 4224 1694 4278 vel
1724 4223 1793 4278 ab
1840 4223 1948 4277 iui-

380 4317 541 4372 nticis
571 4316 856 4373 utilitatem
899 4316 1177 4386 percipere
1218 4314 1590 4384 diligentiores
1616 4322 1765 4370 recte
1791 4313 1949 4382 agni-

374 4417 495 4463 tum
519 4415 575 4465 et
596 4408 822 4464 solerter
844 4407 1210 4476 excogitatum
1236 4414 1345 4473 est,
1373 4406 1427 4460 in
1449 4406 1777 4461 sententiam
1803 4405 1943 4459 dicta

2041 3226 2101 3278 El
2143 3223 2201 3278 δέ
2240 3238 2325 3285 τις
2365 3218 2631 3291 γενναίως
2676 3216 2858 3287 φέρων
2893 3215 2990 3270 καὶ
3032 3212 3428 3283 ἀμνησικάκως
3475 3209 3606 3277 γλυ-

2040 3312 2250 3382 κύτητα
2290 3311 2495 3383 πάσχει
2533 3309 2658 3364 κατ’
2681 3306 2903 3378 ἀρετὴν,
2947 3305 3084 3359 ἀλλὰ
3124 3302 3285 3357 τοῦτο
3327 3299 3426 3371 μὲν
3468 3298 3609 3352 κατὰ

2042 3405 2199 3471 Θεὸν,
2229 3406 2326 3459 καὶ
2351 3405 2442 3458 διὰ
2468 3404 2624 3467 Θεδν,
2653 3401 2747 3455 καὶ
2765 3398 2922 3464 Θεοῦ,
2953 3399 3047 3452 καὶ⁸
3071 3396 3224 3458 τέλος
3243 3393 3391 3446 ἐστὶν
3404 3388 3609 3460 ἀρετῆς

2041 3499 2140 3565 τῆς
2182 3498 2241 3550 ὲν
2283 3496 2529 3564 ὑπομονῇ
2554 3511 2567 3525 ·
2609 3494 2637 3545 ό
2675 3492 2731 3545 δι
2774 3490 3077 3559 πικραίνων
3116 3487 3217 3540 οὐκ
3258 3483 3607 3546 ἐπαίδευσεν,

2044 3586 2181 3640 ἀλλὰ
2208 3585 2271 3640 τό
2298 3602 2364 3653 γε
2394 3587 2472 3647 είς
2503 3583 2668 3637 αὑτὸν
2697 3575 2833 3653 ἧκον
2861 3579 3129 3633 ἀνάλωσε.

2121 3762 2222 3835 ργ’.
2262 3762 2354 3835 Μή
2394 3779 2485 3833 μοι
2517 3761 2648 3830 γοῦν
2682 3758 3014 3828 σοφιστικῶς
3047 3758 3130 3821 είς
3163 3753 3487 3810 διδάσκαλον
3518 3754 3608 3822 ἑγ-

2046 3856 2305 3925 γραφέτω
2335 3869 2421 3916 τις
2452 3853 2543 3906 τὸν
2577 3850 2953 3922 ἀντικείμενον
2973 3889 2990 3915 ,
3026 3849 3119 3903 καὶ
3159 3840 3333 3916 οὗπερ
3376 3846 3611 3907 σκοπὸς,

2047 3948 2147 4002 οὐκ
2174 3945 2503 4015 ὶπιστρὲψαι
2528 3941 2897 4006 παιδευτικῶς
2918 3941 2989 3995 τὰ
3017 3942 3115 4010 μὲν
3141 3939 3342 4007 λόγοις,
3370 3939 3438 3991 τὰ
3461 3939 3507 3990 δ’
3526 3939 3614 4008 ἕρ-

2048 4052 2165 4105 γοις
2199 4037 2277 4098 είς
2310 4033 2513 4106 ἀρετὴν
2534 4075 2549 4097 ,
2582 4033 2718 4088 ἀλλὰ
2749 4031 3119 4101 ὑπεξαγαγεῖν
3150 4030 3266 4100 βίου
3286 4068 3301 4090 ,
3331 4030 3405 4082 ὠ’
3440 4031 3491 4082 εί
3522 4028 3617 4080 καὶ

2050 4128 2155 4198 θὴρ
2180 4125 2445 4197 ὠμηστὴς
2470 4125 2502 4197 ἢ
2532 4126 2625 4179 καὶ
2651 4124 2893 4193 σκηπτὸς
2921 4122 3193 4177 ἀναλώσει
3220 4121 3362 4175 τινά.
3391 4120 3618 4181 Τούτοις

2052 4217 2387 4288 προσεπάγω
2411 4215 2668 4285 καιρίως,
2691 4208 2866 4283 οἶμαι,
2893 4212 2991 4277 ὡς,
3015 4213 3112 4264 ἐὰν
3135 4213 3229 4264 καὶ
3252 4212 3385 4280 παρ’
3407 4209 3617 4279 ἐχθρῶν

2050 4307 2382 4378 ὠφελεῖσθαι
2411 4305 2539 4366 τοὺς
2574 4301 3026 4370 σπουδαιοτέρους
3054 4298 3234 4367 ὀρθῶς
3268 4314 3328 4351 τε
3362 4296 3617 4365 ιγνωμά-

2051 4418 2275 4463 τευται,
2312 4399 2406 4451 καὶ
2438 4395 2628 4463 δεξιῶς
2666 4392 3070 4463 μεμελέτηται,
3101 4388 3440 4457 άναιροῦμεν
3473 4388 3524 4440 oi
3550 4384 3623 4438 τὰ

375 4499 692 4569 redigentes
722 4498 969 4553 eruimus
988 4472 1139 4552 "esse
1166 4472 1491 4565 quandoque
1520 4491 1605 4546 vel
1646 4490 1940 4545 inimicitiae

2052 4493 2317 4564 είρημένα
2345 4487 2827 4558 γνωματευόμενοι
2856 4485 2918 4537 τὸ
2946 4480 3087 4536 εἷναί
3120 4495 3254 4534 ποτε
3288 4483 3382 4535 καὶ
3408 4479 3508 4547 τῆς
3535 4476 3621 4547 ἐχ-

383 4605 636 4660 maguum
682 4588 885 4659 aliquid
914 4587 1280 4645 commodum.
1314 4583 1373 4640 Si
1402 4584 1545 4639 enim
1580 4581 1859 4637 inimicum
1890 4581 1945 4635 in

375 4680 684 4735 beneﬁcum
709 4678 1021 4734 ordinemus
1043 4687 1097 4732 et
1126 4675 1364 4747 magistri
1398 4674 1519 4730 loco
1563 4670 1951 4740 inscribamus,

387 4785 494 4825 non
545 4768 657 4839 jam
708 4768 1089 4824 declarandum
1140 4768 1246 4822 erit
1286 4766 1431 4835 quod
1480 4764 1734 4834 possibile
1768 4765 1843 4818 sit
1885 4779 1953 4820 ex

382 4861 624 4917 inimicis
666 4859 954 4915 utilitatem
995 4858 1296 4930 percipere,
1330 4855 1421 4911 sed
1461 4856 1639 4925 potius
1675 4854 1818 4925 quod
1854 4870 1954 4911 na-

384 4952 565 5009 turale
594 4952 670 5009 sit
710 4968 776 5008 ex
818 4951 1076 5007 beneﬁcis
1107 4959 1163 5005 et
1192 4948 1466 5018 magistris
1507 4948 1773 5018 quosdam
1804 4949 1955 5004 exci-

386 5059 515 5115 pere
552 5044 859 5099 commoda.
892 5042 960 5098 Et
987 5042 1068 5096 sic
1098 5041 1315 5109 quidem
1356 5054 1386 5094 e
1416 5038 1524 5093 vita
1567 5038 1786 5096 tolletur
1827 5039 1957 5108 qui-

2053 4585 2188 4655 θρας
2227 4583 2370 4652 μέγα
2400 4597 2457 4632 τι
2489 4575 2925 4648 προσωφέλημα.
2958 4573 3022 4627 El
3058 4575 3166 4643 γὰρ
3195 4572 3289 4625 τὸν
3316 4569 3512 4641 ἐχθρὸν
3544 4570 3622 4630 εἰς

2054 4672 2448 4746 εὐεργετοῦντα
2477 4669 2734 4736 τάξομεν,
2764 4666 2860 4720 καὶ
2889 4665 2969 4727 είς
2999 4663 3320 4717 διδάσκαλον
3353 4661 3625 4731 μεταγράο

2052 4766 2263 4836 ψομεν,
2295 4759 2483 4816 οὐκέτι
2518 4757 2860 4826 άποφαντέον
2881 4795 2898 4818 ,
2934 4755 3011 4818 ὡς
3044 4755 3160 4811 ἅστι
3194 4753 3290 4807 καὶ
3322 4752 3385 4818 ἐξ
3415 4750 3625 4821 ἐχθρῶν

2056 4856 2327 4925 ὠφέλειαν
2363 4852 2548 4921 σχεῖν,
2584 4848 2722 4901 ἀλλὰ
2758 4846 2961 4914 μᾶλλον
2982 4884 2998 4910 ,
3030 4844 3105 4907 ὡς
3141 4843 3250 4911 ἄρα
3284 4841 3500 4911 πέφυκε
3535 4840 3626 4893 καὶ

2059 4946 2117 5010 ἐξ
2143 4941 2575 5013 εὐεργετούντων
2597 4939 2693 4991 καὶ
2716 4937 3081 4990 διδασκόντων
3102 4931 3433 5002 ὠφελεῖσθαι
3453 4931 3623 4991 τινάς.

2061 5039 2171 5093 Καὶ
2210 5035 2383 5100 οὕτως
2419 5034 2484 5086 ὲκ
2516 5029 2611 5083 τοῦ
2646 5028 2764 5100 βίον
2798 5031 3080 5097 οἰχήσεται
3123 5026 3226 5095 μὲν
3258 5023 3627 5093 γνωμάτευμα

391 5112 515 5191 dem
544 5135 832 5192 utilissima
880 5131 1174 5196 sententia,
1201 5128 1557 5186 substituetur
1599 5140 1783 5189 autem
1810 5143 1940 5201 quoi

2061 5125 2512 5200 χρησιμώτατον,
2544 5120 3036 5191 άντεισαχθήσεται
3063 5117 3152 5183 δὲ,
3181 5116 3210 5169 ὃ
3243 5115 3319 5187 μὴ
3347 5115 3445 5169 καὶ
3472 5112 3627 5167 ἀκού.

391 5227 481 5281 vix
513 5226 754 5281 auditum
796 5223 996 5295 aliquis
1021 5202 1238 5279 ridebit.

466 5317 591 5373 104.
627 5315 754 5372 Scio
792 5314 1035 5393 quidem
1067 5314 1210 5383 quod
1245 5310 1443 5380 aliquis
1476 5311 1851 5383 respondebit,
1902 5317 1960 5365 et

394 5410 625 5479 insuper
655 5410 859 5480 gratias
890 5420 1012 5463 esse
1037 5404 1340 5461 reddendas
1370 5403 1637 5459 hostiliter
1659 5403 1964 5470 agentibus,

2064 5236 2163 5284 σας
2189 5236 2272 5280 τις
2300 5214 2695 5286 ὲκγελάσηται.

2137 5312 2233 5381 ρδ-
2268 5312 2381 5366 Kal
2398 5303 2521 5362 οἶδα
2548 5306 2669 5377 μὲν,
2693 5303 2768 5371 ὡς
2790 5298 3190 5371 ὑποκρούσεταί
3216 5314 3320 5363 τις,
3344 5298 3441 5352 καὶ
3465 5294 3626 5361 εἰσέτι

2065 5400 2349 5473 χαριστέον
2379 5392 2522 5451 εἶναι
2542 5398 2653 5459 τοῖς
2682 5392 3075 5464 ἐχθραίνουσιν,
3108 5388 3266 5458 είπερ
3291 5390 3430 5453 ὅλως
3460 5390 3631 5441 mw

397 5477 906 5571 siquidem—prorsus
927 5496 1219 5566 aliquando
1243 5504 1367 5551 sunt
1395 5495 1574 5551 utiles.
1601 5493 1752 5551 Talis
1783 5502 1940 5549 auten

2068 5493 2160 5549 οῦν
2182 5490 2506 5559 ὠφελοῦσιν.
2549 5485 2793 5539 Ἀκούσοι
2814 5484 2858 5536 δ’
2890 5482 2955 5535 ἂν
2983 5482 3011 5534 ό
3041 5481 3279 5540 τοιοῦτος
3308 5479 3370 5532 ἐκ
3399 5496 3461 5548 γε
3481 5477 3629 5548 ἐμοῦ,

400 5592 613 5649 audiret
649 5607 678 5647 a
713 5606 821 5655 me,
854 5589 1000 5659 quod
1033 5589 1079 5643 si
1110 5586 1314 5657 gratias
1344 5586 1465 5643 istis
1496 5586 1643 5650 uovi,
1684 5599 1808 5640 eum
1839 5596 1967 5654 pec-

2071 5580 2169 5644 ὡς,
2204 5582 2251 5633 εί
2282 5578 2375 5633 καὶ
2402 5576 2524 5631 οίδα
2552 5574 2759 5635 τούτοις
2794 5574 3043 5642 χάριτας,
3086 5572 3406 5641 ὲφάμαρτος
3446 5567 3518 5621 ῶν
3548 5568 3631 5621 καὶ

402 5694 558 5741 cator
585 5683 652 5735 ab
702 5681 804 5734 illis
835 5695 931 5750 per
966 5679 1379 5736 conversionem
1411 5678 1464 5732 in
1529 5676 1806 5732 meliorem
1848 5690 1940 5730 sun

2075 5665 2452 5742 βελτιούμενος
2483 5665 2573 5718 ὑπ’
2602 5659 2782 5714 αὐτῶν
2812 5660 2890 5722 εἰς
2924 5656 3279 5730 ἐπιστροφὴν,
3311 5653 3428 5708 ἀλλ’
3458 5654 3518 5707 οὐ
3542 5648 3631 5750 δη-

407 5784 668 5841 tntttattts,
704 5781 943 5827 attamen
980 5786 1089 5827 non
1122 5785 1253 5827 sane
1286 5770 1386 5826 hac
1418 5769 1524 5827 ista
1558 5768 1767 5824 ratione
1809 5767 1940 5822 simu

2076 5738 2181 5819 που
2206 5759 2284 5832 τῷ
2312 5758 2461 5831 λόγῳ
2486 5754 2658 5825 τούτῳ
2690 5749 2923 5818 σύνοιδα,
2958 5749 3051 5803 καὶ
3080 5747 3318 5818 ἀγαθοὺς
3351 5745 3542 5809 αὐτοὺς
3567 5738 3631 5796 εί-
