3840 6572
429 346 545 416 ³195

1142 351 1565 415 EUSTATHII
1597 351 2362 416 THESSALONICENSIS
2395 353 2962 415 METROPOLlT/E
3556 369 3639 432 496

436 473 524 516 tur
571 461 892 529 orationem,
953 470 1020 518 tte
1069 464 1199 532 quid
1233 465 1397 520 etiam
1455 467 1738 535 gravitatis
1787 467 1999 520 habeat.

2116 484 2210 521 σαι
2261 467 2372 537 γὰρ
2423 467 2655 521 ἐνταῦθα
2711 469 2859 524 δοκεῖ
2907 468 3161 538 λέγεσθαι
3225 471 3282 524 τὶ
3361 475 3638 544 σταθμώσα-

437 553 536 609 Hic
573 555 718 610 enim
781 556 1033 611 Statuere
1095 556 1312 611 videtur
1373 557 1598 629 intelligi
1633 575 1649 612 :
1683 560 2006 626 ponderant,

433 650 551 703 sive
580 647 800 710 librare,
860 646 962 712 vel,
995 647 1075 702 uti
1128 648 1199 702 ita
1231 648 1429 712 dicam,
1461 659 1659 704 statera
1702 650 1907 706 sistere.
1941 651 2010 706 Et

431 739 762 814 signiﬁcaret
805 758 819 794 :
871 738 1134 806 Domine,
1194 757 1260 794 ne
1305 743 1458 811 juxta
1506 743 1759 798 meritum
1801 753 2008 800 statera

434 839 734 911 penderes;
775 852 873 894 nec
924 839 1219 893 secundum
1273 840 1677 908 proportionem
1731 841 2008 897 examines

433 933 535 987 hoc
575 939 893 1000 peccatum;
918 939 973 982 at
1013 929 1057 985 si
1094 929 1311 998 reprimi
1342 929 1512 986 malos
1542 938 1814 999 oporteat,
1852 930 2007 986 crudi

430 1023 646 1090 quidem
683 1032 737 1077 et
784 1031 1062 1085 converte,
1115 1031 1368 1091 terneque
1413 1023 1557 1078 velut
1599 1024 1666 1078 ad
1708 1023 2007 1095 reprimen-

430 1111 582 1176 dum,
642 1120 806 1180 atque
862 1111 968 1165 illis
1031 1112 1257 1166 ostende
1315 1113 1609 1183 potentiam
1661 1121 1848 1181 tuam;
1901 1129 2006 1170 non

428 1213 608 1255 autem
639 1199 790 1269 juxta
819 1199 1209 1270 aequalitatem,
1237 1203 1343 1268 vel,
1370 1212 1428 1258 ut
1458 1205 1768 1262 clarissime
1791 1207 2002 1276 loquar,

429 1295 496 1349 ad
533 1295 954 1364 arquipoudium.

498 1383 622 1441 106.
654 1386 782 1450 Sed,
833 1397 892 1440 ut
950 1387 1216 1454 dicebam,
1261 1405 1363 1443 non
1394 1391 1593 1460 aliquis
1631 1390 1760 1445 velit
1813 1403 2004 1446 contra

428 1486 689 1533 statutam
743 1478 824 1534 ire
855 1481 1306 1536 consuetudinem
1338 1485 1390 1538 in
1437 1483 1603 1539 rebus
1645 1497 1741 1552 per
1771 1491 2003 1538 antono-

428 1571 656 1626 masiam
695 1570 978 1627 vocandis.
1013 1571 1228 1629 Etenim
1263 1574 1311 1630 si
1365 1574 1670 1630 maleﬁcum
1713 1575 1766 1629 iu
1796 1574 2003 1630 beneﬁ-

427 1667 572 1728 cum,
601 1677 667 1718 eo
691 1665 834 1733 quod
865 1681 961 1736 per
985 1666 1298 1738 patientiam
1332 1667 1620 1722 utilitatem
1645 1667 1997 1738 percipimus,

427 1755 815 1821 inscribamus,
863 1774 928 1814 ex
963 1761 1313 1828 consequenti
1366 1759 1625 1824 amicum,
1653 1759 1698 1815 si
1729 1759 2004 1817 consultus

2116 558 2262 618 σθαι.
2317 561 2413 612 εἰτ’
2465 554 2558 614 οὖν
2614 561 3106 626 ταλαντεύσασθαι,
3177 553 3289 627 καὶ,
3359 566 3430 629 ὡς
3473 569 3637 637 εἰπεῖν,

2115 653 2543 722 ζυγοστατῆσαι.
2618 654 2730 707 Καὶ⁵
2785 654 2935 724 λέγοι
2981 655 3088 708 ἀν’
3148 655 3356 725 Κύριε,
3408 660 3478 730 μὴ
3530 665 3640 731 πρὸς

2111 742 2268 806 ἀξίαν
2297 743 2618 816 σταθμὼσῃ,
2669 745 2792 814 μηδ’
2833 746 3100 814 ἀνάλογον
3129 748 3486 822 τρυτανεύσῃς
3515 758 3640 810 τουτὶ

2111 833 2172 888 τὸ
2211 835 2540 906 άμάρτημα’
2573 835 2688 890 ἀλλ’
2722 839 2769 890 εί
2803 839 2895 892 καὶ
2925 838 3110 908 δεήσει
3147 840 3499 910 ἀνασταλῆναι
3540 846 3639 908 τοὺς

2113 927 2424 996 φορτικοὺς.
2459 928 2750 982 παίδευσον
2783 929 2882 1000 μὲν
2915 930 3005 983 καὶ
3038 931 3364 1001 ἐπίστρεψον
3395 935 3482 986 καὶ
3508 935 3642 1002 Exed-

2113 1016 2282 1086 ϐησον
2310 1016 2386 1082 ὡς
2407 1017 2500 1070 ἐπὶ
2525 1017 2820 1089 άναστολῇ,
2847 1019 2943 1071 καὶ
2961 1017 3230 1089 γνώρισον
3258 1018 3436 1083 αὐτοῖς
3464 1019 3550 1090 τὴν
3569 1021 3642 1074 δύ-

2111 1107 2273 1176 ναμίν
2314 1123 2430 1172 σου,
2470 1107 2546 1179 μὴ
2574 1107 2710 1180 πρὸς
2735 1108 2986 1174 ἀντάξιον
3016 1109 3094 1175 δὲ,
3119 1109 3217 1164 καὶ
3245 1108 3538 1178 σαφέστατα
3575 1111 3641 1164 ει·

2111 1197 2257 1264 πεῖν,
2279 1197 2605 1254 ἰσοστάσιον.

2185 1380 2292 1450 με’.
2356 1380 2498 1434 Ἀλλ’
2541 1383 2675 1453 ὅπερ
2705 1382 2910 1451 ἔλεγον,
2962 1383 3036 1452 μή
3074 1399 3157 1444 τις
3184 1380 3410 1434 ἔθελέτω
3437 1399 3642 1450 παρανο-

2113 1473 2234 1542 μεῖν
2270 1473 2349 1535 είς
2389 1473 2450 1525 τὸ
2495 1474 2832 1544 καθεστηκὸς
2875 1473 3193 1527 κοινωνικὸν
3220 1471 3307 1526 διὰ
3336 1473 3425 1526 τοῦ
3457 1473 3642 1526 ἀντονοο

2113 1563 2306 1634 μάζειν
2350 1562 2419 1616 τὰ
2471 1564 2793 1634 πράγματα.
2848 1564 2910 1616 El
2954 1563 3062 1632 γάρ
3107 1562 3200 1616 τὸν
3249 1562 3536 1616 κακύνοντα
3577 1563 3642 1627 είς

2111 1658 2408 1729 εὐεργέτην
2429 1657 2829 1728 ἐπιγράψομεν,
2851 1649 2931 1719 οἷς
2964 1653 3411 1722 άνεξικακούντες
3438 1655 3642 1722 ὠφελού-

2115 1749 2274 1820 μεθα.
2306 1748 2366 1813 ἐξ
2397 1748 2692 1802 ἀκολούθου
2734 1749 2828 1802 καὶ
2855 1748 2947 1802 τὸν
2979 1748 3155 1816 φίλον,
3189 1748 3244 1801 ef
3273 1763 3400 1800 ποτε
3441 1747 3641 1817 συμϐου-

427 1863 536 1902 non
557 1849 622 1902 de
639 1851 842 1920 regulis
857 1851 1112 1906 amicitia:
1134 1853 1272 1907 bene
1290 1850 1570 1918 decernat,
1605 1851 1658 1907 in
1687 1852 1967 1908 inimicum
1987 1867 1999 1915 :

2110 1841 2443 1910 λευσάμενος
2472 1841 2573 1897 οὐκ
2603 1841 2921 1912 εὐστοχησει
2947 1841 3015 1893 τὰ
3043 1843 3101 1904 ἐς
3124 1838 3346 1909 φιλικὴν
3376 1838 3640 1907 ὑποθήκην,

424 1951 491 1993 eo
531 1940 674 2007 quod
729 1941 934 2011 aliquid
961 1942 1269 1997 detrimenti
1305 1941 1570 1998 fuerimus
1612 1943 1842 2011 experti,
1909 1957 1999 2014 per

2108 1933 2554 2004 μετονομάσομεν
2595 1934 2678 1996 εις
2723 1932 2940 2004 ἐχθρὸν,
2973 1931 3026 1984 εῖ
3052 1933 3104 1985 τί
3134 1947 3240 1985 που
3275 1928 3639 2001 βλαϐησόμεθα.

427 2032 816 2102 metonymiam
861 2032 1282 2088 transferemus.
1314 2033 1432 2089 Hoc
1471 2041 1653 2088 autem
1717 2034 1825 2090 dici
1893 2049 1999 2091 non

2106 2024 2278 2078 Τοῦτο
2304 2025 2360 2078 δὲ
2389 2024 2526 2096 μηδι
2555 2024 2788 2079 λαλοῐτο.
2816 2024 2892 2078 Οὐ
2925 2024 3033 2094 γάρ
3062 2025 3125 2076 ὲκ
3155 2022 3268 2076 τῶν
3313 2019 3643 2089 ἀποτελεσμά-

431 2123 658 2192 poterit.
691 2123 810 2179 Non
859 2126 1005 2180 enim
1057 2139 1125 2181 ex
1168 2123 1452 2180 eﬁ'eetibus
1495 2140 1659 2192 opera
1705 2125 1906 2192 solent,
1946 2135 1999 2181 ul

2106 2133 2213 2169 των
2255 2113 2368 2170 οἶδε
2398 2117 2468 2171 τά
2509 2117 2648 2189 ἔργα
2689 2116 3218 2188 χαρακτηρίζεσθαι,
3266 2115 3341 2180 ὼς
3380 2114 3640 2183 ἐμάθομεν.

426 2213 743 2282 didicimus,
781 2217 1129 2271 characteres
1163 2216 1428 2286 accipere.
1474 2215 1744 2272 Possibile
1772 2231 1999 2280 namque

2106 2207 2268 2268 Εἰκὸς
2302 2207 2410 2276 γὰρ
2469 2208 2564 2262 καὶ
2597 2207 2803 2276 άγαθοῦ
2831 2208 3019 2270 τέλους
3052 2205 3397 2277 φαυλοτάτην
3415 2199 3639 2274 εἶναιτὴν

423 2309 511 2356 est
562 2303 691 2358 boni
731 2305 854 2360 ﬁnis
900 2306 1280 2376 pravissimum
1328 2319 1448 2362 esse
1499 2307 1852 2377 principium,
1899 2307 1999 2362 etsi

2107 2298 2410 2369 καταρχὴν,
2435 2301 2484 2352 εί
2520 2299 2615 2353 καὶ
2647 2300 2778 2354 αὐτὸ
2809 2299 3050 2370 εὐτυχῶς
3073 2297 3403 2361 τετέλεσται,
3446 2296 3530 2350 καὶ
3558 2295 3636 2348 πί·

426 2393 551 2449 iinis
581 2393 671 2450 ille
718 2409 982 2466 prospere
1016 2396 1367 2464 terminetur,
1394 2397 1519 2452 ﬁnis
1549 2407 1731 2452 autem
1773 2397 1999 2454 actionis

2107 2406 2271 2461 ρατος
2299 2389 2356 2444 δὲ
2386 2391 2638 2462 πράξεως
2669 2391 2768 2444 οὐκ
2805 2391 3016 2462 ἀγαθῆς
3040 2392 3410 2461 χρηστότατον
3447 2383 3568 2441 εἶναι
3592 2387 3638 2438 τὺ

424 2499 530 2540 non
562 2486 718 2542 bonae
739 2487 1122 2557 probissimum
1149 2487 1364 2543 initium
1395 2503 1537 2554 esse,
1580 2490 1679 2543 etsi
1719 2488 1859 2544 male
1881 2504 2003 2544 suc-

423 2580 652 2633 cesserit
687 2589 969 2651 operatus.
1005 2581 1192 2650 Itaque
1225 2580 1586 2650 probissimus
1617 2581 1826 2637 amicus
1861 2595 2003 2637 sem-

423 2684 520 2739 per
549 2673 750 2738 probus
798 2681 902 2738 est,
938 2671 1040 2726 etsi
1075 2686 1172 2739 per
1201 2685 1324 2726 eum
1370 2673 1588 2742 aliquod
1643 2672 1840 2728 dilecto
1871 2674 2006 2728 sub-

423 2767 513 2812 eat
561 2761 1001 2826 detrimentum;
1060 2762 1336 2820 maleﬁens
1369 2775 1550 2819 autem
1604 2779 1821 2836 semper
1873 2781 1999 2835 pra-

419 2862 546 2904 vam
577 2852 808 2907 sortitur
837 2851 1278 2923 appellationem,
1314 2855 1489 2909 donec
1540 2855 1712 2912 malus
1747 2870 2001 2926 perseve.

424 2952 528 3007 rat,
587 2945 694 2997 etsi
735 2959 832 3014 per
877 2945 1132 3002 accidens
1163 2946 1220 3002 in
1277 2947 1599 3003 beneﬁcium
1633 2949 1748 3019 ejus
1797 2951 1999 3005 malitia

422 3033 770 3089 terminetur.
824 3033 923 3090 llic
949 3045 1130 3092 autem
1163 3038 1285 3093 dico
1317 3039 1680 3105 conﬁdentes,
1716 3041 1857 3111 quod
1890 3055 1998 3096 non

419 3125 550 3181 dicit
573 3127 820 3182 amicus:
846 3126 1037 3194 Nocui;
1058 3129 1378 3185 memoriam
1405 3146 1513 3187 non
1541 3132 1766 3188 habeas.
1793 3132 1997 3189 Verum

419 3213 564 3272 haud
611 3220 984 3288 ex-proposito
1035 3234 1232 3276 noxam
1263 3221 1428 3279 amici
1453 3226 1628 3290 novit,
1682 3225 1808 3282 licet
1835 3241 1998 3297 quam

417 3310 655 3365 maxima
715 3311 858 3365 mala
893 3323 960 3366 ex
1007 3311 1098 3368 illo
1147 3313 1406 3384 patiatur.
1455 3315 1745 3388 Nunquam
1788 3319 1998 3375 amicus

419 3399 698 3457 maledicit
751 3401 981 3458 similem
1011 3442 1026 3468 ,
1079 3417 1380 3474 numquam
1437 3405 1818 3478 blasphemat,
1887 3424 1995 3464 non

413 3491 556 3556 odit,
605 3505 712 3547 non
753 3493 990 3558 rixatur,
1047 3509 1153 3549 non
1205 3494 1403 3569 difﬁdit
1462 3499 1660 3564 amico,
1711 3515 1816 3553 non
1848 3500 2002 3571 ﬁngit

419 3583 752 3649 calumnias,
781 3599 888 3640 non
912 3600 1156 3642 accusat.
1185 3587 1377 3641 Anima
1408 3602 1536 3642 vero
1571 3604 1676 3645 non
1704 3591 1879 3645 amica
1903 3605 2002 3646 nec

420 3675 699 3730 solertiam
753 3676 985 3731 istorum
1021 3677 1204 3732 habet.
1242 3677 1301 3731 Si
1341 3691 1468 3733 vero
1497 3680 1824 3748 quandoque
1860 3682 2000 3737 male

423 3766 896 3823 ratiocinatavelit
929 3768 1111 3823 dicere
1169 3769 1420 3824 lacessito
1450 3787 1466 3824 :
1497 3768 1620 3824 Noli
1667 3773 1998 3841 meminisse,

421 3861 514 3914 sed
545 3871 763 3929 semper
794 3859 1002 3912 amicus
1027 3865 1182 3922 esto;
1210 3857 1428 3926 locatur
1472 3861 1526 3914 in
1567 3861 1650 3916 bis
1679 3877 1799 3929 quze
1851 3878 2003 3932 repo—

414 3950 544 4012 scit,
571 3948 816 4019 nihilque
844 3947 1315 4018 tutum-loquitur.
1354 3949 1554 4006 Audiet
1606 3951 1728 4007 talis
1754 3969 1783 4006 a
1820 3953 1949 4008 laeso
1983 3972 1998 4009 :

419 4040 573 4095 Licet
617 4050 780 4095 notus
808 4040 1046 4110 quidem
1090 4039 1169 4095 sis
1232 4051 1287 4095 et
1329 4039 1634 4106 familiaris,
1683 4056 1998 4102 nouantem

417 4135 650 4188 amicus.
701 4132 841 4186 Nam
892 4133 1074 4188 omnis
1123 4131 1332 4187 amicus
1373 4133 1427 4186 iu
1477 4133 1734 4190 dilectum
1790 4152 1822 4192 a
1853 4150 2002 4193 recto

410 4227 586 4281 verbo
631 4226 935 4294 regnisque
984 4239 1092 4278 non
1147 4222 1404 4280 deﬂectit.
1437 4224 1494 4281 Si
1555 4242 1686 4283 vero
1731 4227 1998 4295 offendat,

409 4318 622 4372 offensa
677 4334 780 4373 non
827 4317 1071 4372 inistqu
1133 4316 1275 4370 haud
1313 4317 1606 4372 excitatum
1650 4329 1790 4376 ruet.
1846 4320 2000 4376 lusu-

405 4425 514 4480 per
549 4409 889 4464 antem-tatis
930 4409 1131 4473 audiet,
1181 4410 1326 4478 quod
1346 4409 1505 4479 juxta
1553 4412 1893 4480 conscriptos
1942 4413 1994 4466 in

2104 2483 2404 2554 κατάρξαν,
2449 2489 2498 2536 εί
2547 2486 2643 2537 καὶ
2681 2485 2709 2537 6
2754 2483 2966 2553 πράξας
3000 2481 3418 2553 δεδυστύχηκεν.
3465 2479 3638 2532 Οὐκοῦν

2103 2573 2204 2627 καὶ
2235 2577 2262 2626 6
2307 2575 2680 2644 χρηστότατος
2729 2576 2882 2646 φίλος
2922 2575 3010 2629 ἀεὶ
3055 2574 3318 2646 χρηστὸς,
3349 2572 3446 2626 κᾶν
3485 2574 3528 2624 si
3563 2571 3638 2622 καὶ

2104 2666 2303 2737 συνέϐη
2330 2667 2408 2736 τῷ
2439 2667 2744 2738 φιλουμένῳ
2773 2668 2947 2738 βλάϐη
2974 2685 3058 2732 τις
3084 2666 3152 2721 δι’
3184 2667 3368 2721 αὐτόν⁹
3404 2666 3488 2719 καὶ
3511 2663 3535 2715 6
3557 2679 3636 2715 κα-

2103 2757 2282 2812 κύνων
2327 2757 2384 2810 δὲ
2431 2759 2763 2830 κληρονομεῖ
2804 2760 2980 2812 διόλου
3011 2759 3227 2830 φαύλης
3259 2758 3510 2828 κλήσεως,
3551 2755 3634 2815 ἕως

2102 2849 2170 2903 ἂν
2210 2849 2362 2920 μένοι
2397 2850 2585 2918 κακὸς,
2616 2853 2666 2904 εί
2705 2853 2799 2904 καὶ
2825 2853 2904 2915 εἰς
2936 2851 3262 2921 εὐεργεσίαν
3291 2848 3429 2903 οὕτω
3456 2846 3634 2915 συμϐὰν

2100 2939 2533 3011 ἀπετελεύτησεν
2555 2943 2588 3010 ή
2612 2941 2672 3007 ἐξ
2696 2941 2862 2996 αὐτοῦ
2896 2944 3162 3005 κάκωσις.
3189 2942 3345 3008 Λέγω
3374 2940 3415 2993 δ’
3440 2936 3633 2990 ἐνταῦθα

2103 3031 2469 3104 Θαρῤούντως,
2497 3035 2588 3088 καὶ
2617 3033 2692 3097 ὡς
2723 3035 2785 3090 οὐ
2826 3034 2974 3102 λέγει
3007 3034 3159 3102 φίλος
3183 3045 3201 3064 ⁸
3241 3033 3534 3094 Ἐκάκωσα,
3560 3027 3633 3079 καὶ

2104 3123 2182 3196 μὴ
2218 3124 2308 3195 ἔχε
2344 3126 2588 3197 μνήμην.
2631 3126 2792 3179 Ἀλλὰ
2836 3127 3083 3180 κάκωσιν
3117 3126 3219 3178 οὐκ
3249 3122 3355 3178 οῐδε
3386 3123 3526 3192 φίλου
3553 3119 3632 3186 τὴν

2026 3197 2072 3256 C
2103 3219 2170 3270 ὲκ
2197 3218 2529 3288 προθέσεως,
2561 3217 2666 3273 κᾶν
2688 3219 2770 3272 ὅτι
2802 3217 3036 3288 μάλιστα
3067 3217 3216 3270 δεινὰ
3245 3216 3304 3282 ἐξ
3337 3212 3526 3268 ἐκείνου
3547 3211 3630 3264 πά·

2104 3323 2231 3381 σχῃ.
2259 3309 2531 3362 Οὐδέποτε
2565 3309 2718 3378 φίλος
2743 3309 3034 3376 κακολογεῖ
3061 3309 3155 3361 τὸν
3181 3309 3386 3377 ὅμοιον,
3416 3303 3630 3357 οὐδέποτε

2102 3400 2434 3472 βλασφημεῖ,
2489 3402 2589 3456 οὐκ
2635 3401 2900 3472 ἐχθαίρει,
2952 3401 3054 3454 οὐκ
3105 3399 3304 3468 ἐρίζει.
3355 3399 3412 3451 οὐ
3459 3393 3629 3458 δοιάζει

2101 3493 2292 3548 ἑαυτὸν
2308 3494 2399 3549 τοῦ
2427 3495 2602 3564 φίλου,
2635 3496 2694 3549 οὐ
2730 3494 3064 3566 συμπλάττει
3093 3493 3372 3557 διαϐολὰς,
3405 3491 3462 3544 οὐ
3490 3503 3631 3554 κατη-

2101 3586 2272 3655 γορεῑ·
2305 3585 2452 3656 ψυχὴ
2473 3586 2530 3639 δὲ
2555 3586 2741 3655 ἄφιλος
2766 3588 2856 3640 καὶ
2882 3586 3002 3639 οὐδὲ
3027 3585 3334 3655 εὐμήχανος
3364 3583 3465 3636 τῶν
3491 3576 3633 3632 τοιού-

2103 3692 2209 3728 των
2234 3676 2464 3742 γίνεται.
2497 3678 2560 3731 El
2593 3677 2651 3732 δέ
2679 3695 2807 3732 ποτε
2840 3679 2931 3748 Μὴ
2967 3677 3354 3749 εὐστοχήσασα
3385 3671 3538 3725 ἐθέλει
3563 3667 3632 3720 λέο

2101 3785 2220 3837 γειν
2245 3771 2320 3840 τῷ
2345 3769 2728 3839 πολεμηθέντιο
2761 3773 2837 3842 μὴ
2867 3772 3138 3842 μέμνησο,
3165 3773 3304 3827 ἀλλὰ
3329 3771 3490 3826 διόλου
3511 3765 3632 3834 φίλος

2104 3861 2217 3914 ισοο
2255 3863 2459 3928 παίζει,
2508 3863 2593 3930 ἐφ’
2639 3859 2719 3924 οἷς
2747 3865 2908 3930 ἀξιοῖ,
2955 3865 3202 3932 ἀσφαλὲς
3232 3867 3288 3920 δὲ
3319 3865 3460 3930 λέγει
3488 3858 3629 3914 οὐδὲν.

2117 3952 2436 4006 Ἀκούσεται
2465 3960 2573 4023 γὶρ
2604 3956 2631 4007 ὁ
2667 3955 2902 4018 τοιοῦτος
2937 3957 3070 4024 πρός
3105 3974 3168 4025 γε
3196 3957 3289 4010 τοῦ
3326 3951 3628 4026 βλαφθέντος·

2114 4043 2204 4104 Ὧς
2231 4044 2506 4114 γνώριμος
2534 4046 2633 4112 μὲν
2655 4046 2751 4116 ἔσῃ
2782 4049 2876 4099 καὶ
2898 4047 3156 4118 συνήθης,
3193 4049 3346 4118 φίλος
3368 4047 3422 4100 δι
3448 4045 3536 4100 οὐκ
3562 4038 3629 4092 ἄν.

2101 4134 2258 4198 Φίλος
2293 4136 2400 4205 γὰρ
2428 4137 2570 4201 ἄπας
2601 4138 2982 4208 ἀναμάρτητος
3014 4140 3160 4209 ὀρθῷ
3192 4141 3335 4209 λόγῳ
3367 4140 3454 4192 καὶ
3479 4132 3629 4188 κανόνι

2104 4226 2239 4296 πρὸς
2269 4226 2360 4280 τὸν
2385 4227 2724 4297 φιλούμενον.
2763 4231 2820 4282 El
2848 4231 2904 4283 δέ
2934 4249 3035 4285 που
3059 4231 3152 4283 καὶ
3179 4230 3491 4302 προσκόψοι,
3519 4222 3629 4280 ά).λᾶ

2101 4318 2163 4368 τὸ
2206 4317 2432 4389 σφάλμα
2474 4319 2577 4373 οὐκ
2603 4323 2682 4382 είς
2731 4323 3021 4392 ἀνέγερτον
3055 4323 3264 4376 ἐκεῖνον
3293 4318 3628 4392 καταῤῥιπτεί.

2106 4408 2550 4478 Προσακούσεται
2576 4411 2632 4464 δὲ
2664 4413 2693 4464 6
2724 4411 2987 4478 τοιοῦτος,
3017 4415 3114 4468 καὶ
3142 4414 3226 4468 ὅτι
3252 4414 3391 4467 κατὰ
3419 4413 3528 4471 τοὺς
3555 4421 3632 4458 πο·

404 4504 568 4559 -cives
617 4512 674 4557 et
733 4502 848 4570 ipse
903 4502 1261 4584 reputabitur.
1311 4499 1388 4554 Et
1425 4503 1892 4570 quemadmodum
1941 4504 1994 4558 in

2106 4501 2603 4572 λιτογραφομένους
2635 4505 3017 4575 λογισθήσεται
3057 4506 3152 4559 καὶ
3191 4506 3373 4567 αὐτός’
3403 4503 3489 4556 καὶ
3518 4498 3631 4550 Itan

405 4598 692 4654 civitatem
729 4595 928 4663 aliquis
952 4593 1245 4647 ordinatus
1270 4591 1588 4662 aliquandiu
1633 4594 1853 4664 quidem
1885 4611 1993 4650 non

2106 4596 2296 4656 τακτός
2331 4613 2415 4658 τις
2443 4599 2497 4658 ἐς
2529 4596 2685 4650 πόλιν
2717 4597 2854 4659 ιιέως
2894 4600 2996 4667 μὲν
3026 4598 3129 4652 οὐκ
3171 4599 3486 4667 αὐτόχρημα
3513 4591 3632 4642 πολῐ-
3675 4681 3678 4683 Δ

404 4688 597 4757 -reipsa
621 4685 758 4742 civis
787 4695 891 4749 est,
921 4684 1016 4738 sed
1047 4685 1373 4746 extraneas;
1395 4682 1684 4750 inscriptus
1712 4694 1891 4738 autem
1939 4685 1993 4739 in

2106 4701 2193 4755 της
2219 4685 2388 4753 ἐστὶν,
2431 4687 2567 4742 ἀλλὰ
2598 4691 2772 4760 δήπου
2801 4690 2974 4754 ξένος·
3005 4691 3312 4760 ἐγγραφεὶς
3345 4687 3398 4740 δὲ
3425 4686 3497 4747 εις
3519 4683 3632 4750 φρίΓ

401 4783 761 4843 societatem,
780 4775 1119 4846 appositione
1137 4774 1280 4830 ﬁlius
1297 4773 1358 4829 ﬁt
1372 4775 1631 4842 civitatis,
1648 4785 1704 4830 et
1720 4778 1996 4832 secundus

401 4884 504 4930 est
527 4872 596 4927 ab
625 4869 893 4940 iudigenis
915 4876 1173 4938 tanquam
1195 4868 1393 4937 hospes
1410 4882 1515 4924 non
1546 4883 1706 4940 pares
1723 4883 1787 4923 ac
1803 4869 1992 4925 caateri

401 4963 752 5036 participans
778 4963 1033 5026 honores,
1057 4959 1159 5014 nisi
1185 4960 1459 5034 deveniat,
1491 4959 1716 5016 forsitan
1757 4961 1993 5016 illustra-

399 5066 528 5120 -tus,
556 5053 672 5109 sive
698 5065 792 5121 per
817 5051 1095 5121 dignitatis
1131 5060 1533 5117 ornamentum,
1585 5053 1702 5106 sive
1731 5065 1827 5119 per
1863 5068 1994 5121 ang-

396 5157 660 5200 -mentum
688 5161 703 5200 :
730 5143 808 5197 sic
832 5152 891 5198 et
918 5142 1015 5198 tibi
1039 5141 1352 5212 aliquandiu
1376 5141 1596 5212 quidem
1621 5145 1856 5198 amicum
1887 5147 1994 5198 erit

405 5236 830 5295 contubernium
862 5253 879 5291 :
915 5235 960 5290 si
992 5249 1124 5289 vero
1155 5235 1454 5290 favorabile
1501 5244 1718 5306 tempus
1742 5236 1809 5290 ad
1835 5251 1992 5302 regu-

417 5332 588 5388 larem
631 5328 926 5383 amicitiam
950 5327 1204 5392 illuxerit,
1237 5337 1365 5382 tunc
1405 5329 1456 5382 in
1504 5342 1688 5382 verum
1731 5328 1990 5394 amicum,

397 5425 508 5494 qui
533 5421 710 5490 diligit
739 5419 1179 5484 unanimitatem,
1207 5418 1570 5474 ordinaberis.
1621 5419 1772 5475 Alias
1808 5431 1991 5474 autem

420 5525 568 5568 recte
619 5522 901 5566 vereretur
946 5509 1075 5579 quis
1137 5509 1194 5564 in
1229 5518 1282 5563 te
1315 5512 1458 5578 quod
1508 5510 1856 5572 inexpertum
1885 5518 1992 5572 est,

395 5607 667 5675 interque
696 5615 922 5659 caeteras
963 5603 1204 5657 rationes
1253 5602 1441 5655 etiam
1467 5604 1600 5674 quid
1653 5601 1862 5668 forsan,
1907 5601 1994 5658 his

417 5699 666 5767 cognitis,
693 5701 978 5754 hesteruus
1007 5698 1206 5762 socius,
1226 5696 1504 5766 antiquus,
1526 5710 1739 5764 semper
1759 5695 1991 5758 amicus,

418 5795 688 5855 sincerus,
719 5795 1056 5856 commodus,
1088 5794 1156 5847 ab
1187 5795 1384 5859 amico,
1421 5793 1472 5846 in
1529 5805 1696 5845 unum
1728 5797 1783 5844 et
1812 5789 1987 5860 ipsum

2095 4791 2254 4846 τρην,
2294 4778 2441 4831 θέσει
2492 4779 2683 4833 τέκνον
2717 4781 2906 4850 γέγονε
2955 4782 3185 4847 πόλεως,
3219 4781 3314 4833 καὶ
3357 4773 3628 4846 δευτερεύει

2096 4867 2206 4920 τῶν
2238 4868 2524 4936 ίθαγενῶν,
2569 4871 2647 4934 ὡς
2688 4871 2913 4942 ἔπηλυς,
2969 4874 3031 4926 οὐ
3086 4871 3500 4942 μεταλαγχάνειν
3542 4863 3629 4917 τῶν

2099 4960 2234 5014 ἴσων
2261 4964 2373 5026 τοῖς
2407 4964 2588 5027 ἄλλοις
2631 4966 2956 5034 πρεσϐείων,
2994 4967 3042 5019 εί
3076 4966 3151 5036 μὴ
3188 4967 3297 5038 ἄρα
3338 4960 3626 5019 συντελέσει,

2097 5052 2430 5120 ἀριστεύσας
2459 5057 2640 5124 τυχὸν,
2673 5058 2704 5126 ἢ
2737 5058 3038 5127 πρεσϐείαν
3063 5059 3323 5129 τιμήσας,
3365 5057 3396 5126 ἢ
3425 5052 3626 5108 δπιδούς

2095 5141 2237 5196 οὕτω
2263 5147 2354 5197 καὶ
2379 5149 2461 5198 σοὶ
2491 5149 2624 5210 τέως
2653 5152 2752 5217 μὲν
2776 5153 3058 5218 ἀγαπητὸν
3080 5150 3230 5204 ἔσται
3251 5152 3312 5202 τὸ
3336 5145 3626 5218 ὁμωρόφιοι

2098 5234 2160 5286 Et
2181 5234 2236 5286 δὲ
2269 5240 2457 5305 χρόνος
2489 5238 2736 5308 εὐμαρὴς
2770 5242 2984 5311 ὲκφήνῃ
3011 5241 3080 5294 τὰ
3116 5243 3214 5310 τῆς
3247 5240 3428 5308 φιλίας
3453 5247 3630 5289 κανονι·

2097 5322 2234 5387 κῶς,
2263 5327 2384 5380 τότε
2427 5326 2491 5397 δὴ
2531 5328 2628 5381 καὶ
2656 5331 2738 5392 είς
2777 5331 3102 5400 αὐτόχρημα
3145 5331 3298 5398 φίλον
3340 5325 3541 5394 τετάξῃ,
3579 5318 3627 5376 ὃς

2095 5417 2406 5488 ὀμοψυχίαν
2439 5419 2604 5487 φιλεῖ·
2641 5420 2818 5485 άλλως
2849 5421 2904 5474 δὲ
2953 5423 3134 5481 καλῶς
3179 5422 3247 5475 ἂν
3276 5415 3538 5474 εύλαϐοῖτό
3561 5427 3628 5471 τις

2096 5509 2157 5562 τὸ
2189 5512 2248 5562 ἐν
2285 5512 2371 5563 σοὶ
2408 5511 2796 5579 ἀδοκίμαστον,
2838 5514 2909 5566 τά
2956 5531 3016 5566 τε
3046 5513 3203 5578 ἄλλα,
3239 5515 3330 5566 καὶ
3379 5513 3455 5564 ὅτι
3502 5502 3627 5558 ταῦτ’

2098 5602 2226 5663 ἴσως
2259 5602 2448 5672 μαθὼν
2477 5607 2507 5658 6
2540 5605 2731 5674 πρώην
2758 5607 2972 5675 ἑταῖρος
3001 5609 3029 5660 6
3058 5605 3288 5675 χρόνιος,
3317 5605 3345 5656 6
3371 5605 3454 5655 ἀεὶ
3480 5599 3622 5666 φίλος,

2095 5693 2123 5745 6
2148 5697 2406 5765 καθαρὸς.
2439 5699 2468 5749 6
2490 5697 2799 5768 ἐπωφελὴς,
2835 5698 3179 5768 άποπηδήσοι
3225 5700 3292 5750 ἂν
3338 5695 3482 5763 φίλου
3523 5688 3626 5740 sda-

2100 5800 2284 5848 συντος
2319 5788 2396 5849 εἰς
2423 5785 2482 5838 ἓν
2506 5789 2669 5841 αὑτόν
2699 5805 2755 5841 τε
2785 5789 2880 5841 καὶ
2911 5788 3002 5841 τὸν
3034 5787 3250 5857 νέηλυψ
3285 5785 3379 5839 καὶ
3413 5784 3489 5836 ὅτι
3524 5771 3624 5829 οὐδὲ
