3840 6548
215 457 300 518 ίθἸ
1159 446 1459 509 CONTRA
1506 447 2009 509 lNJUlilARUM
2053 448 2493 508 MEMORIAM.

3323 446 3432 507 498

214 541 371 611 maliv,
390 540 445 591 τδ
464 538 521 602 ἐξ
539 538 710 604 ἄκρας
735 535 931 607 ἔχθρας
956 534 1236 589 πιστεύειν
1259 538 1339 597 είς
1363 534 1547 601 φιλίαν
1576 536 1745 601 ἄκραν

1858 543 1915 586 rt
1953 536 2224 590 novellum
2257 536 2563 596 ordinante,
2599 533 2908 601 prosiliret;
2946 542 2999 587 et
3037 534 3180 600 quol
3216 551 3318 588 non
3348 543 3432 588 est

209 633 425 703 ἀχρόνως
462 628 930 682 ἀποκαθίστασθαί
984 644 1157 690 τινας.
1204 627 1606 697 ’Δποφαίνομαι
1639 627 1748 697 γὰρ

208 729 293 779 οὐκ
333 722 630 785 ἐνδοιάζων,
662 721 737 782 ὡς
786 720 964 774 οὐδενὶ
1005 721 1115 773 τῶν
1142 720 1245 785 τῆς
1292 719 1443 781 Θείας
1470 718 1750 789 τραπέζης

208 815 507 887 ἡδυσμάτων
543 812 841 883 ὲπιχαίνειν
867 812 897 864 ὀ
942 811 1122 881 λίχνος
1156 811 1367 880 δαίμων
1391 811 1559 880 φιλεῖ,
1607 810 1750 863 καθά

207 913 261 980 τῇ
283 908 458 978 ἀγάπῃ
482 906 658 975 καὶτῇ
688 903 957 975 συστοίχῳ
983 903 1186 973 ταύτης
1217 903 1393 973 φιλίᾳ·
1423 904 1517 955 καὶ
1537 902 1752 972 χασμᾶ-

205 1017 279 1055 ται
305 999 383 1053 ἀεὶ
417 998 556 1050 κατὰ
602 997 698 1051 τοῦ
742 996 989 1049 τοιούτου
1034 995 1225 1049 καλοῦ.
1267 997 1377 1049 Καὶ
1418 994 1545 1047 ἔνθα
1594 995 1695 1063 μὲν
1720 994 1751 1045 ὁ

204 1092 311 1149 Θεὸς
345 1090 638 1157 ιπικουρεί,
676 1087 1064 1155 ἀπωθούμενος
1098 1087 1170 1155 τὸ,
1191 1086 1402 1156 θηρίον,
1428 1087 1590 1149 λύκος
1621 1086 1752 1151 ἀπο-

204 1180 372 1243 ϐαίνει,
398 1179 571 1247 μάτην
618 1176 821 1247 χανών.
851 1177 1060 1239 Ἄλλως
1080 1177 1137 1229 δέ
1163 1194 1225 1244 γε
1252 1177 1423 1242 ἀνύει,
1444 1178 1511 1231 τά
1535 1176 1634 1247 μὲν
1652 1178 1751 1246 ὀψέ

202 1288 332 1334 ποτε,
364 1270 494 1321 ὅπου
525 1269 667 1321 καθά
695 1269 851 1332 πόλις
881 1268 1053 1338 ὀχυρά
1080 1270 1112 1337 ἡ
1145 1268 1298 1336 φιλία
1330 1268 1566 1335 πέπηγε·
1600 1266 1670 1320 τὰ
1691 1267 1748 1320 δὲ

203 1362 279 1414 καὶ
307 1362 516 1432 ῥαδίως,
563 1360 693 1413 ἔνθα
742 1362 881 1416 κατὰ
931 1361 1163 1430 ψάμμου
1209 1361 1277 1413 τά
1310 1360 1498 1430 φιλικά
1526 1362 1751 1428 τεθεμε-

199 1453 381 1503 λίωται.

258 1583 348 1656 ρξ’.
382 1587 500 1655 Χρὴ
540 1588 720 1640 τοίνυν
765 1587 1103 1656 δοκιμάζειν,
1134 1587 1340 1657 ,ὥσπερ
1384 1587 1552 1641 τᾶλλα
1589 1589 1749 1641 πνεύ-

201 1692 344 1742 ματα,
367 1675 503 1728 οὔτω
527 1676 625 1727 καὶ
656 1678 717 1728 τὸ
746 1680 839 1745 τῆς
866 1676 1069 1745 φιλίας,
1101 1675 1196 1728 καὶ
1223 1675 1297 1744 μὴ
1334 1676 1746 1746 προσφέρεσθαι

199 1766 262 1835 τῷ
285 1766 490 1834 τυχόντι
537 1766 737 1833 πείρας
769 1767 926 1836 άτερ,
960 1767 1073 1818 ἀλλ’
1106 1766 1402 1830 ἐξετάζειν,
1433 1770 1527 1820 καὶ
1579 1768 1747 1835 συχνὰ

1858 627 2078 696 sapiens
2107 643 2171 681 ex
2222 628 2523 682 inimicitia:
2555 629 2838 681 cacumine
2867 626 3140 683 condidere
3167 625 3427 693 quosdam

1852 720 1919 773 ad
1973 719 2227 774 amicitia:
2278 733 2538 774 cacumen
2597 719 2783 774 subito
2823 718 3134 773 transferri.
3198 717 3427 771 Declaro

1854 825 2095 874 namque
2125 826 2231 865 non
2265 811 2520 865 dubitans
2553 810 2696 880 quod
2738 810 2938 863 nullam
2973 808 3173 864 divina:
3224 823 3428 863 mensa:

1853 902 2219 957 suavitatibus
2283 902 2497 975 inhiare
2546 901 2681 955 sole:
2735 900 2950 954 invidus
2985 900 3222 963 daemon,
3288 899 3435 954 sicut

1852 992 2179 1048 cbaritatem
2244 1001 2299 1049 et
2370 992 2543 1063 ipsius
2580 1000 2891 1048 consortem
2953 991 3273 1046 amicitiam.
3331 989 3439 1046 Ubi

1853 1085 2072 1155 quidem
2114 1083 2300 1157 vigilat
2348 1084 2519 1150 Deus,
2554 1084 2725 1138 feram
2761 1098 2981 1148 arcens,
3018 1083 3173 1153 lupus
3202 1082 3435 1137 frustra-

1853 1186 1907 1232 to
1928 1178 2074 1231 hiatu
2116 1175 2339 1231 recedit.
2388 1176 2536 1231 Alias
2574 1185 2754 1231 autem
2812 1176 3108 1245 cogitatum
3181 1174 3432 1245 perficit,

1849 1270 2174 1339 quandoque
2207 1268 2425 1336 quidem
2477 1283 2623 1333 sero,
2671 1282 2793 1321 cum
2823 1268 2983 1321 veluti
3042 1267 3195 1321 firma
3225 1265 3430 1320 civitas

1850 1360 2090 1413 amicitia
2146 1367 2387 1423 constat;
2453 1360 2780 1427 quandoque
2829 1374 2958 1412 vero
3017 1358 3254 1419 far-ilius,
3305 1372 3428 1410 eum

1850 1469 2013 1520 super
2041 1468 2264 1505 arenam
2296 1451 2551 1505 amicitia:
2583 1452 2936 1506 fundamenta
2976 1452 3249 1505 nituntur.

1924 1585 2043 1637 107.
2079 1583 2304 1652 Oportet
2334 1583 2516 1651 igitur,
2552 1583 2692 1637 sicut
2725 1590 2951 1636 casteros
2980 1581 3230 1650 spiritus,
3276 1581 3356 1636 sic
3378 1592 3434 1639 et

1851 1674 2103 1728 amicitia:
2154 1673 2403 1741 spiritum
2456 1671 2713 1740 experiri,
2774 1685 2872 1725 nec
2926 1671 3233 1724 oceurrenti
3313 1672 3433 1725 sine

1852 1766 2165 1835 probatione
2196 1765 2481 1828 inhwrere,
2511 1763 2602 1817 sed
2633 1763 2969 1825 examinare,
2990 1762 3181 1816 crebro
3197 1761 3434 1816 circum-

200 1852 620 1920 περιϐλέπεσθαι,
657 1857 751 1907 καὶ
789 1856 967 1908 πάντα
1009 1857 1203 1917 ποιεῖν,
1233 1856 1299 1907 δι’
1328 1850 1401 1908 ὧν
1432 1855 1497 1909 ἂν
1526 1859 1553 1909 ὁ
1594 1857 1744 1924 φίλος

1854 1859 2060 1924 Spicere
2094 1866 2393 1926 cunctaque
2418 1856 2597 1911 facere
2624 1857 2822 1925 quibus
2850 1858 3059 1911 amicus
3082 1856 3431 1925 dijudieetur,

199 1943 608 2013 διακριθήσεται,
635 1948 684 1998 εἰ
720 1949 1058 2017 στερίμνιος,
1083 1948 1131 1999 εί
1166 1947 1390 2016 ἀληθὴς,
1416 1949 1465 1999 εί
1492 1948 1566 2017 μὴ
1593 1965 1745 2017 χορε-

200 2042 331 2093 6ατεί
353 2037 648 2108 σκηνικῷςσ
672 2040 717 2089 εἰ
750 2041 997 2104 στεγανοῖ
1017 2038 1082 2089 τὰ
1108 2039 1283 2108 χείλη,
1314 2038 1386 2100 ὡς
1416 2040 1550 2107 μήτε
1585 2056 1748 2091 κακο-

199 2130 355 2197 λογίας
372 2129 585 2181 ἐκεῖθεν
605 2129 951 2191 ὲκπὲτεσθαι,
976 2129 1112 2197 μήτε
1135 2124 1201 2181 αὖ
1231 2129 1514 2197 μυστήρια
1537 2145 1747 2199 προπη-

198 2224 295 2292 δᾷνο
337 2224 381 2274 εί
424 2222 651 2275 δύναται
690 2223 875 2291 φέρειν
905 2221 1151 2290 ἐλαφρῶς
1178 2222 1330 2289 φίλον
1378 2220 1747 2291 βαρυνόμενον

200 2316 298 2369 κατ’
319 2316 502 2367 αὐτοῦ’
535 2317 582 2367 εἱ
611 2313 684 2383 μὴ
716 2316 850 2384 πρὸς
875 2314 1060 2384 κέρδος
1089 2315 1256 2381 φιλεῖ,
1282 2313 1439 2365 τοῦτο
1461 2313 1523 2382 δὴ
1556 2315 1613 2364 τὸ
1636 2316 1745 2376 τοῖς

200 2407 409 2457 πλείοσιν
437 2404 795 2466 ἐπιπολάζονο
826 2408 872 2456 εί
903 2407 976 2474 μὴ
1004 2404 1225 2474 θερμὸς,
1251 2406 1331 2465 είς
1358 2404 1628 2474 ὲργωδίαν
1657 2406 1748 2456 ἑκ-

198 2497 399 2565 τρέχειν,
453 2496 536 2559 ὡς
589 2497 891 2564 πράγματα
955 2496 1216 2564 παρέχειν
1263 2494 1340 2565 τῷ
1383 2496 1539 2565 φίλῳ·
1572 2498 1618 2547 εί
1671 2496 1745 2566 μὴ

200 2588 385 2656 πρόεισι
414 2587 798 2657 καχύποπτος·
822 2588 870 2639 εί
900 2589 1032 2657 πρὸς
1053 2587 1243 2650 ἀλλους
1269 2588 1455 2655 φιλίαν
1486 2587 1747 2657 συνηλλα-

198 2677 305 2747 χὼς,
336 2680 519 2749 ἔμεινε
551 2681 645 2733 καὶ
678 2679 1059 2751 κατώρθωσεν·
1093 2681 1139 2732 εί
1170 2681 1262 2732 καὶ
1307 2678 1584 2742 κινδύνους
1618 2680 1748 2732 ὐπο-

200 2773 355 2837 μένειν
398 2774 735 2842 ἡτοίμασται
793 2775 841 2825 εί
890 2772 964 2840 τῷ
1001 2771 1140 2841 φίλῳ
1184 2772 1499 2841 ἐπαρκέσει,
1550 2770 1743 2840 καιροῦ

200 2862 473 2927 καλοῦντος,
513 2865 570 2915 ὲν
605 2859 682 2925 οἷς
713 2863 821 2933 ἄρα
844 2864 937 2915 καὶ
961 2864 1130 2915 δέοιτο
1162 2864 1209 2915 εί
1238 2864 1605 2933 τυρευομένην
1630 2867 1746 2917 ἑπι-

200 2955 368 3024 ὄουλὴν
398 2972 544 3007 κατα
554 2956 783 3024 μηνύσει
813 2955 1018 3023 μαθών
1054 2958 1103 3009 εί
1133 2958 1243 3018 τοῖς
1269 2954 1363 3008 τοῦ
1397 2956 1551 3024 φίλου
1580 2974 1746 3011 κατα-

201 3046 427 3099 πίπτουσι
456 3050 689 3117 παρέξει
711 3049 1015 3115 ἀντίληψιν·
1044 3049 1104 3101 τὸ
1130 3050 1237 3102 πᾶν
1264 3050 1461 3113 εἰπεῖν,
1496 3051 1544 3101 εί
1573 3047 1747 3102 10.05-

199 3155 272 3201 τος
308 3140 448 3192 ἔσται
485 3140 567 3210 τῷ
618 3140 773 3210 φίλῳ,
809 3138 918 3204 οἶος
949 3141 1013 3193 ἂν
1043 3140 1205 3204 αὐτὸς
1250 3140 1449 3211 ἑαυτῷ,
1490 3142 1655 3210 φάναι
1685 3141 1743 3194 δὲ

1853 1966 1920 2003 an
1951 1952 2160 2013 firmus,
2193 1965 2261 2003 an
2295 1962 2475 2014 verus,
2498 1963 2683 2003 annon
2723 1949 2942 2002 scenice
2971 1948 3177 2003 saltans
3205 1964 3220 2014 ;
3253 1963 3319 2001 an
3357 1948 3435 2000 Ia-

1855 2039 1940 2092 bia
1990 2037 2244 2107 stringat,
2284 2045 2344 2091 ut
2370 2036 2568 2091 exinde
2610 2036 3014 2091 maledictioues
3069 2051 3172 2089 non
3211 2047 3430 2101 exeant,

1855 2142 1951 2181 nec
1978 2136 2184 2181 secreta
2210 2126 2496 2195 prosiliant
2531 2143 2547 2193 ;
2582 2142 2650 2183 an
2685 2126 2872 2181 leviter
2908 2126 3051 2180 ferre
3085 2127 3260 2195 possit
3292 2127 3431 2181 ami-

1853 2234 1974 2274 cum
2004 2219 2057 2273 in
2103 2218 2276 2286 ipsum
2324 2228 2627 2287 gravatum,
2682 2232 2860 2272 annon
2902 2219 2970 2271 ob
3024 2219 3229 2272 lucrum
3267 2228 3434 2283 amet,

1853 2312 1993 2379 quod
2028 2308 2209 2363 multis
2237 2324 2398 2377 porro
2425 2309 2679 2376 frequens
2730 2320 2810 2363 est
2850 2326 2865 2375 ;
2897 2323 3073 2363 annon
3112 2308 3325 2365 feriens
3364 2315 3434 2367 ad

1854 2401 2254 2457 excurrendum
2290 2403 2349 2456 in
2409 2401 2778 2468 difﬁcultates,
2832 2412 2890 2456 nt
2940 2404 3154 2470 negotia
3204 2404 3433 2459 suscitet

1853 2495 2065 2561 amico;
2139 2509 2317 2549 annon
2378 2495 2448 2550 ab
2480 2495 2737 2549 anteriori
2781 2496 3156 2563 suspiciosus;
3211 2511 3278 2549 an
3309 2512 3430 2551 cum

1853 2586 1974 2641 aliis
2029 2586 2268 2642 amicitia
2337 2595 2614 2641 contracta
2653 2626 2669 2653 ,
2720 2587 3149 2656 perseveraverit
3197 2595 3253 2643 et
3298 2590 3434 2643 bene

1853 2677 2176 2748 processerit
2212 2695 2227 2745 ;
2262 2693 2329 2731 an
2365 2677 2528 2732 etiam
2563 2677 2802 2744 pericula
2855 2679 3126 2732 sustinere
3169 2689 3425 2748 paratus;

1854 2785 1921 2824 an
1945 2770 2121 2826 amico
2156 2769 2603 2839 suppeditaturus
2639 2769 2729 2830 sit,
2758 2778 3018 2838 poscente
3066 2771 3432 2825 eireumsun-

1856 2864 1950 2928 tia,
1984 2862 2073 2916 illa
2131 2864 2327 2932 quibus
2377 2870 2562 2932 egeret
2613 2878 2629 2928 ;
2702 2878 2769 2914 an
2831 2863 3047 2929 cognita
3111 2861 3429 2917 insidiarum

1853 2950 2256 3006 machinatione
2292 2952 2673 3016 revelaturus;
2725 2966 2792 3004 an
2829 2954 2990 3007 rebus
3040 2953 3197 3008 amici
3248 2957 3434 3007 conci-

1853 3041 2106 3096 dentihus
2132 3042 2388 3096 auxilium
2449 3052 2801 3112 prtestaturus
2852 3062 2873 3110 ;
2931 3059 3020 3109 an,
3079 3060 3190 3098 uno
3244 3045 3430 3110 verbo,

1858 3134 1982 3189 talis
2012 3134 2187 3189 amico
2216 3133 2430 3191 futurus
2463 3138 2532 3190 sit
2562 3137 2745 3207 qualis
2783 3138 2895 3205 ipse
2947 3137 3273 3208 sibimetipsi
3307 3138 3437 3209 jux-

201 3233 317 3284 κατά
341 3233 424 3284 τὸν
450 3233 681 3285 εἰπόντα
710 3235 891 3302 σοφὸν,
925 3252 943 3285 ι
972 3232 1128 3296 ἄλλος
1157 3234 1339 3299 αὐτός.
1372 3254 1390 3286 ι
1427 3235 1612 3297 υῢτως
1638 3234 1745 3303 ἐγὼ

1856 3235 2016 3295 taque
2038 3228 2297 3295 sapientis
2333 3228 2560 3292 dictum,
2595 3229 2732 3282 alius
2788 3231 2921 3297 ipse.
2953 3230 3042 3284 Sic
3071 3246 3171 3301 ego
3202 3233 3433 3300 probare

200 3320 489 3390 δοκιμάζειν
525 3325 788 3393 αἱροῦμαι
820 3331 941 3385 τοὺς
965 3321 1033 3395 ἦν
1059 3328 1147 3379 ὅτε
1185 3327 1512 3397 βλάψαντας,
1538 3324 1629 3380 καί
1664 3330 1747 3380 δο-

202 3416 431 3481 κιμάσας,
470 3416 716 3485 ἐξευρὼν
764 3419 843 3478 εἰς
876 3417 933 3469 ἓν
982 3420 1161 3479 αὐτοῖς
1217 3419 1356 3487 ἥκω,
1392 3420 1483 3469 καὶ
1521 3436 1749 3470 συνανα-

201 3509 435 3578 κῖρναμαι
457 3512 529 3562 τά
560 3512 789 3580 ψυχικά,
822 3514 912 3565 καί
942 3515 1057 3577 είμι
1092 3512 1201 3580 ἐγὼ
1249 3517 1307 3565 ὲν
1350 3514 1553 3577 αὐτοῖς,
1604 3512 1746 3565 καθὰ

202 3602 672 3669 παραγγέλλομαΐο
706 3601 815 3654 εἷεν
845 3604 898 3654 δὲ
928 3605 1022 3655 καὶ
1046 3605 1201 3655 αὐτοὶ
1251 3605 1308 3655 ἐν
1336 3605 1479 3673 ἐμοί.
1540 3602 1744 3664 Ἄλλως

200 3688 614 3764 δὲεύλαόοὖμαι,
648 3695 1070 3765 ύποστὲλλομαι,
1106 3696 1206 3765 ήδη
1252 3695 1305 3748 δέ
1350 3714 1448 3747 που
1480 3695 1570 3748 καὶ
1627 3696 1747 3748 δια-

202 3785 491 3855 στέλλομαι,
523 3788 619 3839 καὶ
652 3787 888 3855 ὲγγίζων
929 3785 1087 3848 αὖθις
1116 3789 1218 3839 ἀνά
1245 3786 1377 3839 πνέδα
1406 3791 1607 3857 χωρεῖν
1631 3788 1748 3840 tes-

199 3874 260 3927 λω
281 3892 295 3906 ·
314 3880 450 3932 καθά
479 3897 585 3932 που
606 3884 699 3931 καὶ
735 3880 1012 3948 στρουθίον
1036 3880 1236 3946 δειλὸν,
1261 3882 1349 3932 ὅτε
1381 3882 1582 3933 κόκκον
1599 3882 1745 3934 σίτου

201 3968 307 4037 ίδιιν,
350 3973 441 4025 καὶ
502 3974 591 4026 ἐπ’
636 3964 1072 4042 ἐκεῖνονδραμδν
1120 3972 1340 4043 μικρδν,
1386 3975 1481 4027 καὶ
1518 3973 1748 4029 κατόπιν

198 4065 356 4131 χωρεῖ,
390 4065 468 4135 μὴ
511 4066 608 4116 καὶ
639 4067 717 4127 εἰς
749 4065 956 4132 παγίδα
998 4050 1174 4119 πέσοι.

252 4196 349 4266 ρη’,
396 4197 643 4252 Ἔπαθον
702 4196 811 4265 ἐγὼ
855 4196 1026 4250 πολλά
1089 4198 1345 4252 τοιαῦτασ
1403 4198 1746 4270 ὲδελεάσθηνι

194 4286 492 4361 ἠπατήθη-ι,
528 4290 982 4361 παρεκρούσθην,
1018 4293 1439 4362 ἀπεπλανήθην,
1463 4293 1638 4362 δοκῶν
1660 4310 1750 4360 φι-

195 4376 297 4433 λίαν
316 4385 600 4453 κερδήσαι.
633 4385 701 4436 Οῖ
726 4400 816 4453 μοι
858 4384 957 4451 τῆς
996 4383 1220 4454 ἔχθρας,
1268 4386 1336 4455 ἢν
1377 4378 1555 4457 εὗρον.
1610 4385 1748 4440 Φαν-

194 4475 500 4542 τασάμενος,
528 4475 701 4543 ῥόδοις
738 4474 959 4545 ἀγάπης
1009 4479 1346 4547 περιτυχεῖν,
1384 4477 1486 4545 φεύ
1529 4466 1745 4541 ὁποίαις

1852 3317 2071 3371 intendo
2103 3317 2224 3373 illos
2257 3318 2346 3387 qui
2373 3320 2660 3387 aliquando
2692 3332 3015 3388 nocuerunt,
3040 3332 3093 3375 et
3116 3323 3432 3391 probatione

1853 3408 2014 3474 facta,
2044 3410 2089 3464 si
2122 3411 2257 3465 tales
2285 3411 2488 3467 inventi
2522 3412 2740 3475 fuerint,
2775 3414 2826 3467 in
2863 3430 3022 3469 unum
3066 3416 3200 3486 ipsis
3236 3432 3433 3473 conve-

1850 3501 1961 3565 nio,
1987 3501 2395 3573 spiritualiaque
2431 3506 2797 3574 communico,
2851 3518 2904 3562 et
2927 3522 3027 3579 ego
3052 3525 3167 3563 sum
3202 3510 3252 3563 in
3277 3509 3429 3581 ipsis.

1855 3596 1995 3649 sicut
2043 3596 2238 3664 jubeor
2270 3614 2286 3658 ;
2345 3597 2548 3650 utinam
2603 3611 2787 3653 au'em
2820 3610 2876 3654 et
2910 3600 3010 3671 ipsi
3041 3600 3214 3658 forent
3239 3603 3289 3655 in
3320 3618 3426 3658 me.

1848 3684 2021 3740 Aliter
2046 3698 2222 3741 autem
2267 3702 2481 3755 vereor,
2515 3692 2731 3753 recedo,
2757 3692 2867 3761 jam
2896 3709 3023 3747 vero
3075 3694 3214 3750 forte
3246 3695 3427 3764 sejun-

1850 3791 1966 3846 gor,
1991 3788 2042 3831 et
2061 3778 2235 3834 denuo
2261 3781 2632 3851 propinquans
2665 3784 2961 3839 retroferre
2990 3787 3154 3857 pedes
3190 3789 3331 3855 volo,
3354 3791 3433 3845 si-

1851 3878 1941 3922 cut
1982 3869 2201 3925 timidus
2228 3885 2436 3940 passer,
2485 3875 2575 3943 qui
2624 3891 2853 3946 granum
2910 3877 3163 3934 frumenti
3212 3884 3424 3943 videns.

1852 3960 2128 4027 paululum
2156 3966 2222 4016 ad
2264 3963 2396 4018 illud
2441 3967 2632 4034 currit,
2683 3981 2736 4024 et
2767 3984 3065 4027 retrorsum
3108 3973 3333 4039 secedit,
3364 3990 3430 4029 ne

1847 4053 1991 4111 forte
2018 4055 2070 4110 in
2098 4056 2350 4125 laqueum
2382 4057 2559 4113 cadat.

1927 4193 2045 4249 108.
2086 4194 2197 4264 Ego
2247 4196 2411 4250 multa
2459 4198 2653 4252 similia
2698 4214 2890 4268 passus
2937 4218 3057 4257 sum
3107 4220 3122 4260 :
3172 4205 3432 4264 seductus

1852 4296 1995 4349 sum,
2025 4281 2303 4352 deceptus,
2337 4286 2515 4349 lusus,
2549 4286 2602 4340 in
2628 4300 2869 4343 errorem
2902 4289 3204 4359 conjectus,
3239 4296 3432 4351 amici-

1855 4373 1982 4428 tiam
2028 4388 2112 4428 me
2142 4384 2335 4442 putans
2369 4374 2538 4432 fuisse
2595 4375 2883 4434 lucratum.
2930 4380 3120 4438 Eheu!
3171 4396 3427 4457 quantam

1852 4465 2197 4522 inimicitiam
2228 4467 2411 4523 inveni
2446 4469 2460 4523 ί
2493 4468 2838 4538 Imaginabar
2884 4473 2937 4527 in
2978 4476 3233 4533 amicitiae
3276 4496 3429 4537 rosas

194 4563 432 4629 ἀκάνθαις
464 4567 834 4638 περιεπάρην,
866 4568 925 4619 οὐ
952 4566 1247 4637 τρισόλοις,
1299 4569 1360 4621 οὐ
1407 4568 1741 4639 παλιούροις,

1853 4556 2145 4627 incidisse;
2166 4560 2439 4630 qualibus,
2461 4562 2599 4617 eheu
2622 4562 2635 4617 ί
2662 4562 2938 4632 perfossus
2967 4580 3085 4620 sum
3107 4569 3298 4637 spinis,
3321 4588 3425 4627 non

194 4656 248 4707 οὐ
277 4656 482 4725 βάτοις,
507 4659 647 4713 ὀλλά
687 4660 1061 4724 κυνοσϐάτοις,
1096 4660 1153 4713 αἶ
1194 4661 1439 4732 κέντροις
1468 4662 1749 4725 ὀξυτάτοις

193 4747 484 4814 φρίσσουσι.
518 4750 819 4812 Πλεονάκις
843 4750 1080 4816 ὕπουλος
1110 4752 1262 4821 φιλία
1288 4752 1746 4823 κατεκαυχήσατό

192 4854 301 4906 μου,
328 4845 419 4896 καὶ
441 4842 616 4905 οὕτως
639 4842 969 4912 ἐπαιδεύθην
990 4844 1050 4896 τὸ
1073 4844 1319 4914 ἀκριϐές.
1352 4843 1589 4897 Ἠλπισα
1644 4862 1746 4915 μυ-

191 4935 349 4997 ριάκις
376 4939 445 4989 τὰ
475 4938 555 4999 είς
593 4935 781 5004 φιλίαν
814 4949 830 4964 ⁸
862 4937 955 4989 καὶ
982 4938 1015 5008 ἡ
1042 4937 1222 5003 ἐλπὶς,
1246 4938 1354 5009 ὃδὴ
1384 4938 1479 4993 καὶ
1527 4938 1746 5010 λέγεται

189 5028 285 5087 τοῖς
317 5031 519 5097 σοφοῖς,
565 5028 793 5099 ἐλλιπὴς
826 5028 1004 5101 ἀπέὀη
1046 5046 1176 5100 μοι·
1244 5030 1538 5083 κάντεῦθεν
1579 5032 1748 5085 δέδοι-

187 5130 251 5167 κα
304 5122 357 5170 τι
391 5120 498 5172 τῶν
515 5120 750 5174 ἐλπίδων
792 5121 1246 5192 ἀτελεσφόρητον,
1290 5121 1365 5183 ὼς
1392 5124 1485 5175 ὲάν
1533 5124 1626 5175 καί
1661 5140 1745 5186 τις

188 5205 447 5264 εύλασοὴο
486 5212 670 5274 σκιάς.
702 5214 812 5266 Καὶ
848 5215 875 5265 ὀ
918 5213 1015 5283 μὲν
1063 5215 1161 5277 τὰς
1213 5214 1437 5276 ἐλπίδας
1484 5216 1722 5283 φάμενος

190 5298 556 5371 ἐγρηγορότων
602 5304 853 5364 ἐνύπνια.
898 5306 1000 5358 οὐκ
1044 5304 1155 5359 ἐσθ’
1207 5306 1356 5368 ὅπως
1395 5307 1621 5377 εὑρήσει
1652 5308 1742 5359 τὸν

189 5387 217 5455 ἢ
255 5393 611 5461 ἀντιλέξοντα,
655 5395 688 5465 ἢ
723 5395 945 5449 κάλλιον
995 5395 1294 5468 φράσοντα.
1340 5397 1483 5466 Ἐγὼ
1538 5399 1595 5453 δὲ
1626 5397 1740 5450 ἀλλ’

190 5482 383 5537 ἐκεῖθεν
436 5491 866 5559 ὲρανισάμενος,
933 5491 1029 5542 καὶ
1092 5490 1189 5542 τοῦ
1252 5492 1740 5561 γνωματεύσαντος

186 5572 531 5643 ἀπονάμενος,
568 5581 712 5647 λέγω
751 5582 845 5632 καὶ
889 5580 1075 5645 αὐτὸς,
1109 5580 1213 5641 ὅτι,
1260 5580 1406 5634 καθά
1450 5582 1739 5653 βλεφάρων

187 5661 236 5727 ἐξ
260 5663 422 5719 ὕπνου
460 5670 760 5735 ἀνάπτυξις
787 5670 1012 5741 ὀνείρων
1054 5671 1202 5722 ἐστὶν
1245 5672 1561 5740 ὲκπέτασις,
1597 5674 1738 5727 οὕτω

186 5752 346 5824 φυλῆς
367 5761 628 5831 ἀνάνηψις
648 5766 821 5815 κενῴν
855 5762 1082 5813 ἐλπίδων
1113 5762 1407 5827 ἀπέλευσις
1456 5768 1549 5818 καὶ
1591 5766 1737 5818 ἀπά-

187 5847 361 5917 i.:.-.",-.;.
398 5858 478 5908 Διὸ
540 5857 802 5921 πολλάκις
852 5856 950 5926 μὲν
1016 5856 1437 5927 ὀνειροπολήσας
1490 5859 1731 5931 ἀγάπην,

1853 4654 2087 4721 tribulis,
2148 4671 2253 4711 non
2310 4656 2558 4726 paliuris,
2613 4675 2719 4714 non
2777 4660 2935 4726 hstis,
2970 4664 3065 4718 sed
3122 4667 3428 4736 cynoblatis

1849 4746 1939 4814 qui
1972 4747 2199 4817 spiculis
2231 4750 2559 4809 acutissimis
2590 4752 2815 4809 horrent
2846 4756 2859 4810 l
2897 4755 3051 4827 Saepe
3079 4758 3424 4815 dissimulata

1850 4843 2087 4897 amicitia
2116 4844 2411 4901 insolenter
2444 4848 2496 4902 in
2525 4861 2613 4902 me
2658 4863 2717 4905 se
2767 4849 2912 4916 tulit,
2966 4863 3021 4906 et
3051 4852 3124 4905 ita
3151 4856 3427 4924 exquisite

1848 4938 2094 4994 eruditus
2121 4955 2265 4996 stun.
2290 4941 2507 4996 Centies
2534 4942 2789 4997 amicitia:
2814 4944 2953 4999 bona
2982 4945 3200 5015 speravi
3226 4957 3279 5001 et
3300 4964 3427 5018 spes

1850 5031 1992 5098 quod
2029 5032 2367 5099 sapientibus
2425 5034 2590 5088 etiam
2648 5036 2866 5103 dicitur,
2916 5038 3234 5107 imperfecta
3293 5043 3424 5097 tnihi

1848 5122 2019 5192 abiit;
2068 5140 2230 5195 quam
2291 5127 2361 5180 ob
2414 5142 2638 5182 causam
2673 5129 2833 5182 etiam
2867 5144 3094 5199 operum
3124 5131 3427 5189 immaturi—

1846 5221 2012 5269 tatem
2048 5217 2232 5271 timeo:
2254 5216 2419 5272 veluti
2453 5218 2497 5272 si
2527 5219 2650 5288 quis
2681 5220 2896 5275 timeret
2961 5224 3203 5277 umbras.
3239 5223 3305 5278 Et
3337 5227 3424 5281 ille

1846 5306 2064 5373 quidem
2111 5308 2202 5375 qui
2256 5306 2392 5361 dixit
2458 5324 2584 5377 spes
2638 5310 2974 5379 vigilantium
3026 5315 3259 5381 somnia,
3287 5332 3422 5373 sane

1846 5416 2131 5471 nunquam
2164 5402 2432 5458 inveniret
2459 5404 2543 5459 vel
2578 5408 3063 5477 contradicentem,
3098 5411 3182 5466 vel
3228 5414 3421 5472 melius

1847 5491 2177 5561 loquentem.
2215 5495 2325 5565 Ego
2360 5510 2489 5551 vero
2544 5498 2742 5553 exinde
2796 5508 2977 5555 tamen
3040 5514 3322 5559 mutuatus
3367 5514 3424 5563 et

1843 5585 2155 5639 sententiali
2202 5586 2422 5655 fruitus,
2469 5601 2523 5644 et
2550 5590 2665 5658 ipse
2692 5591 2836 5653 dico.
2867 5592 3031 5662 quod,
3060 5597 3422 5664 quemadmo-

1842 5676 1969 5731 dum
2005 5691 2036 5732 e
2061 5693 2253 5735 somno
2277 5681 2656 5752 palpebrarum
2684 5695 2941 5752 apertura
2972 5688 3311 5745 somniorum
3336 5700 3422 5749 est

1842 5768 2089 5826 evolandi
2144 5775 2308 5840 ratio,
2340 5777 2419 5831 sic
2469 5778 2748 5833 ebrietatis
2779 5779 2975 5836 animas
3022 5785 3279 5847 cessatio,
3322 5801 3419 5839 va-

1841 5877 2029 5917 narum
2060 5878 2278 5933 sperum
2332 5865 2608 5935 profectus
2639 5879 2719 5922 cst
2778 5880 2829 5924 et
2856 5872 3096 5928 abolitio.
3121 5872 3249 5930 ideo
3275 5888 3419 5938 same

2654 6123 2679 6148 ο
