  <div class='ocr_page' id='page_1' title='image "/cluster/home/n/w/nwhite01/storage/ocr_20150623/136/hvd.32044019208305/258.png"; bbox 0 0 3840 6564; ppageno 0'>
   <div class='ocr_carea' id='block_1_1' title="bbox 205 395 3445 509">
    <p class='ocr_par' dir='ltr' id='par_1_1' title="bbox 205 395 3445 509">
     <span class='ocr_line' id='line_1_1' title="bbox 205 395 3445 509; baseline -0.016 -1"><span class='ocrx_word' id='word_1_1' title='bbox 205 442 302 509; x_wconf 80' lang='grc'><strong>501</strong></span> <span class='ocrx_word' id='word_1_2' title='bbox 948 434 1027 492; x_wconf 74' lang='lat' dir='ltr'><strong>I.\’</strong></span> <span class='ocrx_word' id='word_1_3' title='bbox 1073 427 1409 492; x_wconf 80' lang='lat' dir='ltr'><strong>HYMNUM</strong></span> <span class='ocrx_word' id='word_1_4' title='bbox 1457 413 2106 483; x_wconf 71' lang='lat' dir='ltr'><strong>PEN&#39;I‘ECOSTABEM</strong></span> <span class='ocrx_word' id='word_1_5' title='bbox 2147 413 2353 471; x_wconf 58' lang='lat' dir='ltr'><strong>DAMA</strong></span> <span class='ocrx_word' id='word_1_6' title='bbox 2416 409 2616 464; x_wconf 60' lang='lat' dir='ltr'><strong>(fiiVl.</strong></span> <span class='ocrx_word' id='word_1_7' title='bbox 3335 395 3445 456; x_wconf 59' lang='grc' dir='ltr'><strong>ε’θέ</strong></span> 
     </span>
    </p>
   </div>
   <div class='ocr_carea' id='block_1_2' title="bbox 2693 546 3399 572">
    <p class='ocr_par' dir='ltr' id='par_1_2' title="bbox 2693 546 3399 572">
     <span class='ocr_line' id='line_1_2' title="bbox 2693 546 3399 572; baseline -0.011 4"><span class='ocrx_word' id='word_1_8' title='bbox 2693 554 3050 572; x_wconf 55' lang='grc' dir='ltr'><strong>ν-έ---ν’“”⁷</strong></span> <span class='ocrx_word' id='word_1_9' title='bbox 2913 554 2916 557; x_wconf 91' lang='grc'><em>’</em></span> <span class='ocrx_word' id='word_1_10' title='bbox 3013 553 3033 556; x_wconf 66' lang='grc'><strong>⁷’</strong></span> <span class='ocrx_word' id='word_1_11' title='bbox 3054 549 3314 572; x_wconf 39' lang='grc' dir='ltr'><strong>έν...ςὲ</strong></span> <span class='ocrx_word' id='word_1_12' title='bbox 3195 549 3248 554; x_wconf 67' lang='grc'><strong>“”“</strong></span> <span class='ocrx_word' id='word_1_13' title='bbox 3315 546 3399 569; x_wconf 44' lang='grc' dir='ltr'><strong><em>ὦ</em></strong></span> 
     </span>
    </p>
   </div>
   <div class='ocr_carea' id='block_1_3' title="bbox 2387 554 2684 566">
    <p class='ocr_par' dir='ltr' id='par_1_3' title="bbox 2387 554 2684 566">
     <span class='ocr_line' id='line_1_3' title="bbox 2387 554 2684 566; baseline -0.003 0"><span class='ocrx_word' id='word_1_14' title='bbox 2387 554 2684 566; x_wconf 74' lang='lat'><strong>_————————-</strong></span> 
     </span>
    </p>
   </div>
   <div class='ocr_carea' id='block_1_4' title="bbox 2297 557 2383 570">
    <p class='ocr_par' dir='ltr' id='par_1_4' title="bbox 2297 557 2383 570">
     <span class='ocr_line' id='line_1_4' title="bbox 2297 557 2383 570; baseline 0 0"><span class='ocrx_word' id='word_1_15' title='bbox 2297 557 2383 570; x_wconf 50' lang='grc' dir='ltr'><strong>ῌ</strong></span> 
     </span>
    </p>
   </div>
   <div class='ocr_carea' id='block_1_5' title="bbox 1084 749 2568 978">
    <p class='ocr_par' dir='ltr' id='par_1_5' title="bbox 1084 749 2568 978">
     <span class='ocr_line' id='line_1_5' title="bbox 1084 749 2568 978; baseline -0.016 -3"><span class='ocrx_word' id='word_1_16' title='bbox 1084 749 2568 978; x_wconf 83' lang='lat' dir='ltr'><strong>EUSTATHII</strong></span> 
     </span>
    </p>
   </div>
   <div class='ocr_carea' id='block_1_6' title="bbox 555 1045 3098 1242">
    <p class='ocr_par' dir='ltr' id='par_1_6' title="bbox 555 1045 3098 1242">
     <span class='ocr_line' id='line_1_6' title="bbox 555 1045 3098 1242; baseline -0.014 0"><span class='ocrx_word' id='word_1_17' title='bbox 555 1113 1950 1242; x_wconf 81' lang='lat' dir='ltr'><strong>THESSALONICENSIS</strong></span> <span class='ocrx_word' id='word_1_18' title='bbox 2032 1045 3098 1222; x_wconf 68' lang='lat' dir='ltr'><strong>METROPOLITHS</strong></span> 
     </span>
    </p>
   </div>
   <div class='ocr_carea' id='block_1_7' title="bbox 1522 1337 2142 1406">
    <p class='ocr_par' dir='ltr' id='par_1_7' title="bbox 1522 1337 2142 1406">
     <span class='ocr_line' id='line_1_7' title="bbox 1522 1337 2142 1406; baseline -0.013 0"><span class='ocrx_word' id='word_1_19' title='bbox 1522 1345 1704 1406; x_wconf 84' lang='lat' dir='ltr'><strong>INTE</strong></span> <span class='ocrx_word' id='word_1_20' title='bbox 1713 1337 2142 1405; x_wconf 81' lang='lat' dir='ltr'><strong>RPRETATIO</strong></span> 
     </span>
    </p>
   </div>
   <div class='ocr_carea' id='block_1_8' title="bbox 718 1504 2952 1615">
    <p class='ocr_par' dir='ltr' id='par_1_8' title="bbox 718 1504 2952 1615">
     <span class='ocr_line' id='line_1_8' title="bbox 718 1504 2952 1615; baseline -0.011 0"><span class='ocrx_word' id='word_1_21' title='bbox 718 1522 1116 1615; x_wconf 86' lang='lat' dir='ltr'><strong>HYMNI</strong></span> <span class='ocrx_word' id='word_1_22' title='bbox 1199 1512 2162 1609; x_wconf 83' lang='lat' dir='ltr'><strong>PENTECOSTALIS</strong></span> <span class='ocrx_word' id='word_1_23' title='bbox 2236 1504 2952 1598; x_wconf 83' lang='lat' dir='ltr'><strong>DAMASCENI.</strong></span> 
     </span>
    </p>
   </div>
   <div class='ocr_carea' id='block_1_9' title="bbox 1527 568 1801 582">
    <p class='ocr_par' dir='ltr' id='par_1_9' title="bbox 1527 568 1801 582">
     <span class='ocr_line' id='line_1_9' title="bbox 1527 568 1801 582; baseline -0.004 0"><span class='ocrx_word' id='word_1_24' title='bbox 1527 568 1801 582; x_wconf 72' lang='lat'><strong>_————-—&#39;</strong></span> 
     </span>
    </p>
   </div>
   <div class='ocr_carea' id='block_1_10' title="bbox 1609 1856 2076 1922">
    <p class='ocr_par' dir='ltr' id='par_1_10' title="bbox 1609 1856 2076 1922">
     <span class='ocr_line' id='line_1_10' title="bbox 1609 1856 2076 1922; baseline 0 0"><span class='ocrx_word' id='word_1_25' title='bbox 1609 1856 2076 1922; x_wconf 72' lang='lat' dir='ltr'><strong>MONITUM.</strong></span> 
     </span>
    </p>
   </div>
   <div class='ocr_carea' id='block_1_11' title="bbox 1239 2015 2461 2088">
    <p class='ocr_par' dir='ltr' id='par_1_11' title="bbox 1239 2015 2461 2088">
     <span class='ocr_line' id='line_1_11' title="bbox 1239 2015 2461 2088; baseline -0.014 -12"><span class='ocrx_word' id='word_1_26' title='bbox 1239 2026 1385 2088; x_wconf 75' lang='lat' dir='ltr'><strong>(Aug.</strong></span> <span class='ocrx_word' id='word_1_27' title='bbox 1410 2023 1523 2081; x_wconf 73' lang='lat' dir='ltr'><strong>Mai.</strong></span> <span class='ocrx_word' id='word_1_28' title='bbox 1544 2016 1780 2084; x_wconf 81' lang='lat' dir='ltr'><strong>Spicileg.</strong></span> <span class='ocrx_word' id='word_1_29' title='bbox 1810 2016 1969 2077; x_wconf 70' lang='lat' dir='ltr'><strong>Rom,</strong></span> <span class='ocrx_word' id='word_1_30' title='bbox 2001 2025 2116 2068; x_wconf 84' lang='lat' dir='ltr'><strong>tom.</strong></span> <span class='ocrx_word' id='word_1_31' title='bbox 2145 2015 2200 2074; x_wconf 83' lang='lat' dir='ltr'><strong>V,</strong></span> <span class='ocrx_word' id='word_1_32' title='bbox 2229 2029 2278 2078; x_wconf 90' lang='lat' dir='ltr'><strong>p.</strong></span> <span class='ocrx_word' id='word_1_33' title='bbox 2306 2015 2461 2074; x_wconf 77' lang='lat' dir='ltr'><strong>xxiv.)</strong></span> 
     </span>
    </p>
   </div>
   <div class='ocr_carea' id='block_1_12' title="bbox 299 2314 3467 2395">
    <p class='ocr_par' dir='ltr' id='par_1_12' title="bbox 299 2314 3467 2395">
     <span class='ocr_line' id='line_1_12' title="bbox 299 2314 3467 2395; baseline -0.007 -7"><span class='ocrx_word' id='word_1_34' title='bbox 299 2335 579 2388; x_wconf 77' lang='lat' dir='ltr'><strong>Hactenus</strong></span> <span class='ocrx_word' id='word_1_35' title='bbox 608 2326 879 2384; x_wconf 84' lang='lat' dir='ltr'><strong>Eustathii</strong></span> <span class='ocrx_word' id='word_1_36' title='bbox 928 2325 1324 2395; x_wconf 81' lang='lat' dir='ltr'><strong>archiepiscopi</strong></span> <span class='ocrx_word' id='word_1_37' title='bbox 1353 2319 1860 2378; x_wconf 82' lang='lat' dir='ltr'><strong>Thessalonicensis</strong></span> <span class='ocrx_word' id='word_1_38' title='bbox 1886 2334 2084 2373; x_wconf 87' lang='lat' dir='ltr'><strong>nomen</strong></span> <span class='ocrx_word' id='word_1_39' title='bbox 2118 2318 2392 2372; x_wconf 71' lang='lat' dir='ltr'><strong>claruerat</strong></span> <span class='ocrx_word' id='word_1_40' title='bbox 2417 2322 2641 2386; x_wconf 76' lang='lat' dir='ltr'><strong>propter</strong></span> <span class='ocrx_word' id='word_1_41' title='bbox 2666 2315 2898 2372; x_wconf 82' lang='lat' dir='ltr'><strong>eximios</strong></span> <span class='ocrx_word' id='word_1_42' title='bbox 2923 2317 2991 2371; x_wconf 90' lang='lat' dir='ltr'><strong>ad</strong></span> <span class='ocrx_word' id='word_1_43' title='bbox 3018 2324 3311 2385; x_wconf 84' lang='lat' dir='ltr'><strong>utrumque</strong></span> <span class='ocrx_word' id='word_1_44' title='bbox 3355 2314 3467 2368; x_wconf 75' lang='lat' dir='ltr'><strong>llo-</strong></span> 
     </span>
    </p>
   </div>
   <div class='ocr_carea' id='block_1_13' title="bbox 241 2403 3467 2488">
    <p class='ocr_par' dir='ltr' id='par_1_13' title="bbox 241 2403 3467 2488">
     <span class='ocr_line' id='line_1_13' title="bbox 241 2403 3467 2488; baseline -0.006 -14"><span class='ocrx_word' id='word_1_45' title='bbox 241 2420 362 2474; x_wconf 86' lang='lat' dir='ltr'><strong>meri</strong></span> <span class='ocrx_word' id='word_1_46' title='bbox 388 2431 587 2488; x_wconf 86' lang='lat' dir='ltr'><strong>poema</strong></span> <span class='ocrx_word' id='word_1_47' title='bbox 618 2414 1042 2469; x_wconf 87' lang='lat' dir='ltr'><strong>commentarios</strong></span> <span class='ocrx_word' id='word_1_48' title='bbox 1071 2428 1088 2480; x_wconf 90' lang='lat'><strong>;</strong></span> <span class='ocrx_word' id='word_1_49' title='bbox 1123 2426 1266 2465; x_wconf 90' lang='lat' dir='ltr'><strong>nunc</strong></span> <span class='ocrx_word' id='word_1_50' title='bbox 1287 2410 1508 2466; x_wconf 89' lang='lat' dir='ltr'><strong>demum</strong></span> <span class='ocrx_word' id='word_1_51' title='bbox 1534 2409 1675 2464; x_wconf 81' lang='lat' dir='ltr'><strong>sacri</strong></span> <span class='ocrx_word' id='word_1_52' title='bbox 1701 2422 1921 2478; x_wconf 89' lang='lat' dir='ltr'><strong>quoque</strong></span> <span class='ocrx_word' id='word_1_53' title='bbox 1950 2407 2217 2476; x_wconf 84' lang='lat' dir='ltr'><strong>poematis</strong></span> <span class='ocrx_word' id='word_1_54' title='bbox 2243 2407 2516 2474; x_wconf 76' lang='lat' dir='ltr'><strong>interpres</strong></span> <span class='ocrx_word' id='word_1_55' title='bbox 2560 2403 2826 2473; x_wconf 81' lang='lat' dir='ltr'><strong>procedit,</strong></span> <span class='ocrx_word' id='word_1_56' title='bbox 2858 2412 2913 2459; x_wconf 89' lang='lat' dir='ltr'><strong>et</strong></span> <span class='ocrx_word' id='word_1_57' title='bbox 2942 2403 3158 2473; x_wconf 90' lang='lat' dir='ltr'><strong>quidem</strong></span> <span class='ocrx_word' id='word_1_58' title='bbox 3225 2407 3278 2457; x_wconf 91' lang='lat' dir='ltr'><strong>in</strong></span> <span class='ocrx_word' id='word_1_59' title='bbox 3324 2404 3467 2457; x_wconf 84' lang='lat' dir='ltr'><strong>alma</strong></span> 
     </span>
    </p>
   </div>
   <div class='ocr_carea' id='block_1_14' title="bbox 246 2492 3472 2574">
    <p class='ocr_par' dir='ltr' id='par_1_14' title="bbox 246 2492 3472 2574">
     <span class='ocr_line' id='line_1_14' title="bbox 246 2492 3472 2574; baseline -0.006 -13"><span class='ocrx_word' id='word_1_60' title='bbox 246 2506 380 2561; x_wconf 87' lang='lat' dir='ltr'><strong>Urbe</strong></span> <span class='ocrx_word' id='word_1_61' title='bbox 411 2504 657 2574; x_wconf 90' lang='lat' dir='ltr'><strong>primum</strong></span> <span class='ocrx_word' id='word_1_62' title='bbox 694 2500 1013 2568; x_wconf 89' lang='lat' dir='ltr'><strong>impressus,</strong></span> <span class='ocrx_word' id='word_1_63' title='bbox 1045 2499 1132 2552; x_wconf 91' lang='lat' dir='ltr'><strong>ubi</strong></span> <span class='ocrx_word' id='word_1_64' title='bbox 1168 2496 1471 2552; x_wconf 65' lang='lat' dir='ltr'><strong>llomericm</strong></span> <span class='ocrx_word' id='word_1_65' title='bbox 1514 2512 1731 2568; x_wconf 90' lang='lat' dir='ltr'><strong>quoque</strong></span> <span class='ocrx_word' id='word_1_66' title='bbox 1782 2496 2025 2568; x_wconf 86' lang='lat' dir='ltr'><strong>ejusdem</strong></span> <span class='ocrx_word' id='word_1_67' title='bbox 2063 2495 2474 2550; x_wconf 89' lang='lat' dir='ltr'><strong>lucubrationes</strong></span> <span class='ocrx_word' id='word_1_68' title='bbox 2505 2493 2740 2549; x_wconf 86' lang='lat' dir='ltr'><strong>natalem</strong></span> <span class='ocrx_word' id='word_1_69' title='bbox 2769 2494 2942 2548; x_wconf 87' lang='lat' dir='ltr'><strong>lucem</strong></span> <span class='ocrx_word' id='word_1_70' title='bbox 2976 2507 3119 2546; x_wconf 91' lang='lat' dir='ltr'><strong>anno</strong></span> <span class='ocrx_word' id='word_1_71' title='bbox 3153 2493 3290 2548; x_wconf 72' lang='lat'><strong>1550</strong></span> <span class='ocrx_word' id='word_1_72' title='bbox 3336 2492 3472 2544; x_wconf 90' lang='lat' dir='ltr'><strong>hau-</strong></span> 
     </span>
    </p>
   </div>
   <div class='ocr_carea' id='block_1_15' title="bbox 244 2579 3473 2659">
    <p class='ocr_par' dir='ltr' id='par_1_15' title="bbox 244 2579 3473 2659">
     <span class='ocr_line' id='line_1_15' title="bbox 244 2579 3473 2659; baseline -0.005 -10"><span class='ocrx_word' id='word_1_73' title='bbox 244 2600 446 2649; x_wconf 83' lang='lat' dir='ltr'><strong>serunt.</strong></span> <span class='ocrx_word' id='word_1_74' title='bbox 489 2591 636 2645; x_wconf 90' lang='lat' dir='ltr'><strong>Inter</strong></span> <span class='ocrx_word' id='word_1_75' title='bbox 662 2589 890 2659; x_wconf 83' lang='lat' dir='ltr'><strong>hymnos</strong></span> <span class='ocrx_word' id='word_1_76' title='bbox 919 2588 1010 2656; x_wconf 86' lang='lat' dir='ltr'><strong>qui</strong></span> <span class='ocrx_word' id='word_1_77' title='bbox 1039 2586 1216 2642; x_wconf 84' lang='lat' dir='ltr'><strong>sancti</strong></span> <span class='ocrx_word' id='word_1_78' title='bbox 1247 2584 1474 2641; x_wconf 83' lang='lat' dir='ltr'><strong>Joannis</strong></span> <span class='ocrx_word' id='word_1_79' title='bbox 1499 2584 1816 2642; x_wconf 87' lang='lat' dir='ltr'><strong>Damasceni</strong></span> <span class='ocrx_word' id='word_1_80' title='bbox 1845 2599 2041 2640; x_wconf 89' lang='lat' dir='ltr'><strong>nomen</strong></span> <span class='ocrx_word' id='word_1_81' title='bbox 2079 2595 2277 2654; x_wconf 79' lang='lat' dir='ltr'><strong>gerunt</strong></span> <span class='ocrx_word' id='word_1_82' title='bbox 2305 2583 2502 2638; x_wconf 89' lang='lat' dir='ltr'><strong>nobilis</strong></span> <span class='ocrx_word' id='word_1_83' title='bbox 2530 2588 2615 2638; x_wconf 86' lang='lat' dir='ltr'><strong>est</strong></span> <span class='ocrx_word' id='word_1_84' title='bbox 2661 2589 2780 2635; x_wconf 88' lang='lat' dir='ltr'><strong>tum</strong></span> <span class='ocrx_word' id='word_1_85' title='bbox 2834 2580 2905 2635; x_wconf 88' lang='lat' dir='ltr'><strong>ob</strong></span> <span class='ocrx_word' id='word_1_86' title='bbox 2941 2579 3227 2645; x_wconf 69' lang='lat' dir='ltr'><strong>theolng</strong></span> <span class='ocrx_word' id='word_1_87' title='bbox 3282 2580 3473 2634; x_wconf 81' lang='lat' dir='ltr'><strong>altitu-</strong></span> 
     </span>
    </p>
   </div>
   <div class='ocr_carea' id='block_1_16' title="bbox 245 2667 3474 2745">
    <p class='ocr_par' dir='ltr' id='par_1_16' title="bbox 245 2667 3474 2745">
     <span class='ocr_line' id='line_1_16' title="bbox 245 2667 3474 2745; baseline -0.005 -11"><span class='ocrx_word' id='word_1_88' title='bbox 245 2682 438 2745; x_wconf 77' lang='lat' dir='ltr'><strong>dinem,</strong></span> <span class='ocrx_word' id='word_1_89' title='bbox 475 2687 590 2732; x_wconf 91' lang='lat' dir='ltr'><strong>tum</strong></span> <span class='ocrx_word' id='word_1_90' title='bbox 620 2676 692 2730; x_wconf 91' lang='lat' dir='ltr'><strong>ob</strong></span> <span class='ocrx_word' id='word_1_91' title='bbox 717 2675 871 2729; x_wconf 89' lang='lat' dir='ltr'><strong>metri</strong></span> <span class='ocrx_word' id='word_1_92' title='bbox 902 2673 1059 2728; x_wconf 86' lang='lat' dir='ltr'><strong>etiam</strong></span> <span class='ocrx_word' id='word_1_93' title='bbox 1092 2673 1439 2736; x_wconf 81' lang='lat' dir='ltr'><strong>suavitatem,</strong></span> <span class='ocrx_word' id='word_1_94' title='bbox 1475 2672 1522 2728; x_wconf 89' lang='lat' dir='ltr'><strong>is</strong></span> <span class='ocrx_word' id='word_1_95' title='bbox 1550 2674 1643 2744; x_wconf 87' lang='lat' dir='ltr'><strong>qui</strong></span> <span class='ocrx_word' id='word_1_96' title='bbox 1684 2673 1928 2726; x_wconf 80' lang='lat' dir='ltr'><strong>divinum</strong></span> <span class='ocrx_word' id='word_1_97' title='bbox 1971 2672 2233 2740; x_wconf 88' lang='lat' dir='ltr'><strong>Spiritum</strong></span> <span class='ocrx_word' id='word_1_98' title='bbox 2266 2671 2528 2736; x_wconf 77' lang='lat' dir='ltr'><strong>celebrat,</strong></span> <span class='ocrx_word' id='word_1_99' title='bbox 2554 2679 2607 2723; x_wconf 91' lang='lat' dir='ltr'><strong>et</strong></span> <span class='ocrx_word' id='word_1_100' title='bbox 2635 2683 2663 2722; x_wconf 90' lang='lat' dir='ltr'><strong>a</strong></span> <span class='ocrx_word' id='word_1_101' title='bbox 2729 2667 2930 2724; x_wconf 61' lang='lat' dir='ltr'><strong>Gracis</strong></span> <span class='ocrx_word' id='word_1_102' title='bbox 2957 2670 3308 2739; x_wconf 86' lang='lat' dir='ltr'><strong>pentecostali</strong></span> <span class='ocrx_word' id='word_1_103' title='bbox 3333 2679 3474 2722; x_wconf 83' lang='lat' dir='ltr'><strong>tem-</strong></span> 
     </span>
    </p>
   </div>
   <div class='ocr_carea' id='block_1_17' title="bbox 251 2754 3480 2837">
    <p class='ocr_par' dir='ltr' id='par_1_17' title="bbox 251 2754 3480 2837">
     <span class='ocr_line' id='line_1_17' title="bbox 251 2754 3480 2837; baseline -0.003 -18"><span class='ocrx_word' id='word_1_104' title='bbox 251 2783 367 2837; x_wconf 88' lang='lat' dir='ltr'><strong>pore</strong></span> <span class='ocrx_word' id='word_1_105' title='bbox 391 2767 642 2821; x_wconf 80' lang='lat' dir='ltr'><strong>canitur.</strong></span> <span class='ocrx_word' id='word_1_106' title='bbox 669 2763 819 2817; x_wconf 83' lang='lat' dir='ltr'><strong>Mitto</strong></span> <span class='ocrx_word' id='word_1_107' title='bbox 848 2777 994 2816; x_wconf 87' lang='lat' dir='ltr'><strong>nunc</strong></span> <span class='ocrx_word' id='word_1_108' title='bbox 1021 2761 1446 2815; x_wconf 82' lang='lat' dir='ltr'><strong>controversiam</strong></span> <span class='ocrx_word' id='word_1_109' title='bbox 1480 2771 1659 2814; x_wconf 90' lang='lat' dir='ltr'><strong>utrum</strong></span> <span class='ocrx_word' id='word_1_110' title='bbox 1693 2760 1782 2815; x_wconf 92' lang='lat' dir='ltr'><strong>hic</strong></span> <span class='ocrx_word' id='word_1_111' title='bbox 1807 2759 2039 2830; x_wconf 86' lang='lat' dir='ltr'><strong>hymnus</strong></span> <span class='ocrx_word' id='word_1_112' title='bbox 2072 2773 2261 2827; x_wconf 88' lang='lat' dir='ltr'><strong>reapse</strong></span> <span class='ocrx_word' id='word_1_113' title='bbox 2291 2768 2572 2827; x_wconf 90' lang='lat' dir='ltr'><strong>parentem</strong></span> <span class='ocrx_word' id='word_1_114' title='bbox 2597 2756 2794 2811; x_wconf 85' lang='lat' dir='ltr'><strong>habeat</strong></span> <span class='ocrx_word' id='word_1_115' title='bbox 2822 2756 2879 2811; x_wconf 90' lang='lat' dir='ltr'><strong>S.</strong></span> <span class='ocrx_word' id='word_1_116' title='bbox 2916 2754 3180 2811; x_wconf 77' lang='lat' dir='ltr'><strong>Joannem</strong></span> <span class='ocrx_word' id='word_1_117' title='bbox 3250 2757 3480 2810; x_wconf 88' lang='lat' dir='ltr'><strong>Damas-</strong></span> 
     </span>
    </p>
   </div>
   <div class='ocr_carea' id='block_1_18' title="bbox 251 2843 3480 2918">
    <p class='ocr_par' dir='ltr' id='par_1_18' title="bbox 251 2843 3480 2918">
     <span class='ocr_line' id='line_1_18' title="bbox 251 2843 3480 2918; baseline -0.003 -10"><span class='ocrx_word' id='word_1_118' title='bbox 251 2869 432 2908; x_wconf 85' lang='lat' dir='ltr'><strong>cenum</strong></span> <span class='ocrx_word' id='word_1_119' title='bbox 473 2852 568 2904; x_wconf 80' lang='grc' dir='ltr'><strong>τὸν</strong></span> <span class='ocrx_word' id='word_1_120' title='bbox 599 2852 760 2915; x_wconf 77' lang='grc' dir='ltr'>πάνυ,</span> <span class='ocrx_word' id='word_1_121' title='bbox 793 2865 860 2903; x_wconf 83' lang='lat' dir='ltr'><strong>an</strong></span> <span class='ocrx_word' id='word_1_122' title='bbox 888 2848 1271 2917; x_wconf 84' lang='lat' dir='ltr'><strong>homonymum</strong></span> <span class='ocrx_word' id='word_1_123' title='bbox 1303 2847 1494 2913; x_wconf 88' lang='lat' dir='ltr'><strong>alium,</strong></span> <span class='ocrx_word' id='word_1_124' title='bbox 1514 2863 1620 2918; x_wconf 92' lang='lat' dir='ltr'><strong>qua</strong></span> <span class='ocrx_word' id='word_1_125' title='bbox 1652 2862 1814 2918; x_wconf 92' lang='lat' dir='ltr'><strong>super</strong></span> <span class='ocrx_word' id='word_1_126' title='bbox 1842 2861 1900 2901; x_wconf 88' lang='lat' dir='ltr'><strong>re</strong></span> <span class='ocrx_word' id='word_1_127' title='bbox 1927 2845 2242 2901; x_wconf 84' lang='lat' dir='ltr'><strong>Eustathius</strong></span> <span class='ocrx_word' id='word_1_128' title='bbox 2273 2845 2387 2915; x_wconf 91' lang='lat' dir='ltr'><strong>ipse</strong></span> <span class='ocrx_word' id='word_1_129' title='bbox 2419 2844 2473 2899; x_wconf 92' lang='lat' dir='ltr'><strong>in</strong></span> <span class='ocrx_word' id='word_1_130' title='bbox 2501 2843 2776 2898; x_wconf 75' lang='lat' dir='ltr'><strong>Prommio</strong></span> <span class='ocrx_word' id='word_1_131' title='bbox 2803 2844 2965 2899; x_wconf 83' lang='lat' dir='ltr'><strong>verba</strong></span> <span class='ocrx_word' id='word_1_132' title='bbox 2993 2844 3141 2911; x_wconf 72' lang='lat' dir='ltr'><strong>facit,</strong></span> <span class='ocrx_word' id='word_1_133' title='bbox 3173 2853 3288 2898; x_wconf 84' lang='lat' dir='ltr'><strong>tum</strong></span> <span class='ocrx_word' id='word_1_134' title='bbox 3313 2845 3480 2898; x_wconf 86' lang='lat' dir='ltr'><strong>etiam</strong></span> 
     </span>
    </p>
   </div>
   <div class='ocr_carea' id='block_1_19' title="bbox 253 2930 3484 3010">
    <p class='ocr_par' dir='ltr' id='par_1_19' title="bbox 253 2930 3484 3010">
     <span class='ocr_line' id='line_1_19' title="bbox 253 2930 3484 3010; baseline -0.002 -16"><span class='ocrx_word' id='word_1_135' title='bbox 253 2941 302 2994; x_wconf 89' lang='lat' dir='ltr'><strong>in</strong></span> <span class='ocrx_word' id='word_1_136' title='bbox 329 2954 541 3010; x_wconf 84' lang='lat' dir='ltr'><strong>nupera</strong></span> <span class='ocrx_word' id='word_1_137' title='bbox 565 2937 960 2992; x_wconf 88' lang='lat' dir='ltr'><strong>Pentecostarii</strong></span> <span class='ocrx_word' id='word_1_138' title='bbox 995 2935 1168 2992; x_wconf 69' lang='lat' dir='ltr'><strong>Graeci</strong></span> <span class='ocrx_word' id='word_1_139' title='bbox 1198 2935 1436 2990; x_wconf 87' lang='lat' dir='ltr'><strong>editione</strong></span> <span class='ocrx_word' id='word_1_140' title='bbox 1468 2934 1665 2990; x_wconf 85' lang='lat' dir='ltr'><strong>Veneta</strong></span> <span class='ocrx_word' id='word_1_141' title='bbox 1693 2936 1820 2991; x_wconf 92' lang='lat' dir='ltr'><strong>anni</strong></span> <span class='ocrx_word' id='word_1_142' title='bbox 1861 2934 1994 3004; x_wconf 66' lang='lat'><strong>1857</strong></span> <span class='ocrx_word' id='word_1_143' title='bbox 2026 2936 2185 2990; x_wconf 84' lang='lat' dir='ltr'><strong>docte</strong></span> <span class='ocrx_word' id='word_1_144' title='bbox 2237 2935 2547 2991; x_wconf 89' lang='lat' dir='ltr'><strong>disseritur.</strong></span> <span class='ocrx_word' id='word_1_145' title='bbox 2605 2933 2793 3004; x_wconf 83' lang='lat' dir='ltr'><strong>Neque</strong></span> <span class='ocrx_word' id='word_1_146' title='bbox 2842 2936 2988 2991; x_wconf 88' lang='lat' dir='ltr'><strong>enim</strong></span> <span class='ocrx_word' id='word_1_147' title='bbox 3038 2951 3138 2991; x_wconf 90' lang='lat' dir='ltr'><strong>nos</strong></span> <span class='ocrx_word' id='word_1_148' title='bbox 3185 2937 3252 2991; x_wconf 88' lang='lat' dir='ltr'><strong>de</strong></span> <span class='ocrx_word' id='word_1_149' title='bbox 3301 2930 3484 3007; x_wconf 86' lang='lat' dir='ltr'><strong>hymni</strong></span> 
     </span>
    </p>
   </div>
   <div class='ocr_carea' id='block_1_20' title="bbox 259 3023 3487 3097">
    <p class='ocr_par' dir='ltr' id='par_1_20' title="bbox 259 3023 3487 3097">
     <span class='ocr_line' id='line_1_20' title="bbox 259 3023 3487 3097; baseline -0.001 -16"><span class='ocrx_word' id='word_1_150' title='bbox 259 3040 482 3084; x_wconf 88' lang='lat' dir='ltr'><strong>auctore</strong></span> <span class='ocrx_word' id='word_1_151' title='bbox 516 3042 661 3082; x_wconf 88' lang='lat' dir='ltr'><strong>nunc</strong></span> <span class='ocrx_word' id='word_1_152' title='bbox 690 3025 1008 3094; x_wconf 64' lang='lat' dir='ltr'><strong>quaerimus,</strong></span> <span class='ocrx_word' id='word_1_153' title='bbox 1035 3024 1130 3079; x_wconf 85' lang='lat' dir='ltr'><strong>sed</strong></span> <span class='ocrx_word' id='word_1_154' title='bbox 1148 3023 1266 3092; x_wconf 82' lang='lat' dir='ltr'><strong>ejus</strong></span> <span class='ocrx_word' id='word_1_155' title='bbox 1297 3024 1645 3093; x_wconf 88' lang='lat' dir='ltr'><strong>interpretem</strong></span> <span class='ocrx_word' id='word_1_156' title='bbox 1675 3025 2052 3078; x_wconf 80' lang='lat' dir='ltr'><strong>doctissimum</strong></span> <span class='ocrx_word' id='word_1_157' title='bbox 2074 3032 2128 3079; x_wconf 90' lang='lat' dir='ltr'><strong>et</strong></span> <span class='ocrx_word' id='word_1_158' title='bbox 2160 3025 2600 3094; x_wconf 88' lang='lat' dir='ltr'><strong>copiosissimum</strong></span> <span class='ocrx_word' id='word_1_159' title='bbox 2628 3025 2680 3080; x_wconf 92' lang='lat' dir='ltr'><strong>in</strong></span> <span class='ocrx_word' id='word_1_160' title='bbox 2712 3026 3015 3081; x_wconf 87' lang='lat' dir='ltr'><strong>litterarum</strong></span> <span class='ocrx_word' id='word_1_161' title='bbox 3050 3041 3162 3080; x_wconf 91' lang='lat' dir='ltr'><strong>rem</strong></span> <span class='ocrx_word' id='word_1_162' title='bbox 3212 3025 3487 3097; x_wconf 87' lang='lat' dir='ltr'><strong>publicam</strong></span> 
     </span>
    </p>
   </div>
   <div class='ocr_carea' id='block_1_21' title="bbox 261 3110 3488 3182">
    <p class='ocr_par' dir='ltr' id='par_1_21' title="bbox 261 3110 3488 3182">
     <span class='ocr_line' id='line_1_21' title="bbox 261 3110 3488 3182; baseline -0.002 -11"><span class='ocrx_word' id='word_1_163' title='bbox 261 3116 360 3172; x_wconf 78' lang='lat' dir='ltr'><strong>laeti</strong></span> <span class='ocrx_word' id='word_1_164' title='bbox 380 3116 732 3171; x_wconf 85' lang='lat' dir='ltr'><strong>deducimus.</strong></span> <span class='ocrx_word' id='word_1_165' title='bbox 758 3112 956 3182; x_wconf 81' lang='lat' dir='ltr'><strong>Scripti</strong></span> <span class='ocrx_word' id='word_1_166' title='bbox 983 3112 1145 3181; x_wconf 83' lang='lat' dir='ltr'><strong>hujus</strong></span> <span class='ocrx_word' id='word_1_167' title='bbox 1178 3112 1292 3167; x_wconf 94' lang='lat' dir='ltr'><strong>duo</strong></span> <span class='ocrx_word' id='word_1_168' title='bbox 1324 3113 1514 3168; x_wconf 85' lang='lat' dir='ltr'><strong>saltem</strong></span> <span class='ocrx_word' id='word_1_169' title='bbox 1552 3111 1881 3181; x_wconf 77' lang='lat' dir='ltr'><strong>exemplaria</strong></span> <span class='ocrx_word' id='word_1_170' title='bbox 1913 3113 2290 3178; x_wconf 72' lang='lat' dir='ltr'><strong>innatuerunt,</strong></span> <span class='ocrx_word' id='word_1_171' title='bbox 2317 3111 2548 3166; x_wconf 88' lang='lat' dir='ltr'><strong>alterum</strong></span> <span class='ocrx_word' id='word_1_172' title='bbox 2575 3110 3020 3176; x_wconf 84' lang='lat' dir='ltr'><strong>Vindobonense.</strong></span> <span class='ocrx_word' id='word_1_173' title='bbox 3075 3114 3222 3182; x_wconf 85' lang='lat' dir='ltr'><strong>quod</strong></span> <span class='ocrx_word' id='word_1_174' title='bbox 3239 3122 3488 3167; x_wconf 77' lang='lat' dir='ltr'><strong>accurate</strong></span> 
     </span>
    </p>
   </div>
   <div class='ocr_carea' id='block_1_22' title="bbox 262 3200 3490 3270">
    <p class='ocr_par' dir='ltr' id='par_1_22' title="bbox 262 3200 3490 3270">
     <span class='ocr_line' id='line_1_22' title="bbox 262 3200 3490 3270; baseline -0.001 -14"><span class='ocrx_word' id='word_1_175' title='bbox 262 3201 876 3258; x_wconf 85' lang='lat' dir='ltr'><strong>describitLambecius</strong></span> <span class='ocrx_word' id='word_1_176' title='bbox 900 3201 954 3254; x_wconf 92' lang='lat' dir='ltr'><strong>in</strong></span> <span class='ocrx_word' id='word_1_177' title='bbox 992 3200 1055 3256; x_wconf 88' lang='grc' dir='ltr'><strong>Β.</strong></span> <span class='ocrx_word' id='word_1_178' title='bbox 1090 3200 1322 3256; x_wconf 80' lang='lat' dir='ltr'><strong>Vindob.</strong></span> <span class='ocrx_word' id='word_1_179' title='bbox 1351 3201 1442 3255; x_wconf 84' lang='lat' dir='ltr'><strong>ed.</strong></span> <span class='ocrx_word' id='word_1_180' title='bbox 1487 3215 1614 3256; x_wconf 87' lang='lat' dir='ltr'><strong>nov.</strong></span> <span class='ocrx_word' id='word_1_181' title='bbox 1649 3209 1689 3255; x_wconf 94' lang='lat' dir='ltr'><strong>t.</strong></span> <span class='ocrx_word' id='word_1_182' title='bbox 1730 3201 1792 3255; x_wconf 75' lang='grc' dir='ltr'><strong>ν.</strong></span> <span class='ocrx_word' id='word_1_183' title='bbox 1827 3217 1885 3270; x_wconf 90' lang='lat' dir='ltr'><strong>p.</strong></span> <span class='ocrx_word' id='word_1_184' title='bbox 1921 3201 2046 3265; x_wconf 78' lang='lat'><strong>556,</strong></span> <span class='ocrx_word' id='word_1_185' title='bbox 2103 3215 2134 3254; x_wconf 84' lang='lat' dir='ltr'><strong>a</strong></span> <span class='ocrx_word' id='word_1_186' title='bbox 2193 3215 2304 3270; x_wconf 92' lang='lat' dir='ltr'><strong>quo</strong></span> <span class='ocrx_word' id='word_1_187' title='bbox 2367 3211 2550 3255; x_wconf 86' lang='lat' dir='ltr'><strong>tamen</strong></span> <span class='ocrx_word' id='word_1_188' title='bbox 2593 3201 2908 3256; x_wconf 90' lang='lat' dir='ltr'><strong>dilaudatus</strong></span> <span class='ocrx_word' id='word_1_189' title='bbox 2952 3201 3170 3270; x_wconf 87' lang='lat' dir='ltr'><strong>quidem</strong></span> <span class='ocrx_word' id='word_1_190' title='bbox 3229 3209 3334 3265; x_wconf 88' lang='lat' dir='ltr'><strong>est,</strong></span> <span class='ocrx_word' id='word_1_191' title='bbox 3387 3217 3490 3254; x_wconf 91' lang='lat' dir='ltr'><strong>non</strong></span> 
     </span>
    </p>
   </div>
   <div class='ocr_carea' id='block_1_23' title="bbox 266 3287 3483 3360">
    <p class='ocr_par' dir='ltr' id='par_1_23' title="bbox 266 3287 3483 3360">
     <span class='ocr_line' id='line_1_23' title="bbox 266 3287 3483 3360; baseline 0.001 -20"><span class='ocrx_word' id='word_1_192' title='bbox 266 3297 434 3342; x_wconf 75' lang='lat' dir='ltr'><strong>tamen</strong></span> <span class='ocrx_word' id='word_1_193' title='bbox 474 3287 619 3358; x_wconf 83' lang='lat' dir='ltr'><strong>typis</strong></span> <span class='ocrx_word' id='word_1_194' title='bbox 642 3287 1057 3344; x_wconf 84' lang='lat' dir='ltr'><strong>commendatus</strong></span> <span class='ocrx_word' id='word_1_195' title='bbox 1089 3288 1361 3355; x_wconf 70' lang='lat' dir='ltr'><strong>galterum</strong></span> <span class='ocrx_word' id='word_1_196' title='bbox 1390 3287 1714 3345; x_wconf 84' lang='lat' dir='ltr'><strong>Vaticanum</strong></span> <span class='ocrx_word' id='word_1_197' title='bbox 1766 3289 1927 3357; x_wconf 77' lang='grc'><strong>1409,</strong></span> <span class='ocrx_word' id='word_1_198' title='bbox 1957 3289 2365 3360; x_wconf 86' lang='lat' dir='ltr'><strong>hombycinum,</strong></span> <span class='ocrx_word' id='word_1_199' title='bbox 2395 3289 2595 3346; x_wconf 87' lang='lat' dir='ltr'><strong>litteris</strong></span> <span class='ocrx_word' id='word_1_200' title='bbox 2645 3289 3028 3345; x_wconf 82' lang='lat' dir='ltr'><strong>minutissimis</strong></span> <span class='ocrx_word' id='word_1_201' title='bbox 3085 3289 3483 3359; x_wconf 83' lang='lat' dir='ltr'><strong>innumerisqu&#39;</strong></span> 
     </span>
    </p>
   </div>
   <div class='ocr_carea' id='block_1_24' title="bbox 275 3375 3495 3446">
    <p class='ocr_par' dir='ltr' id='par_1_24' title="bbox 275 3375 3495 3446">
     <span class='ocr_line' id='line_1_24' title="bbox 275 3375 3495 3446; baseline 0.001 -18"><span class='ocrx_word' id='word_1_202' title='bbox 275 3376 418 3446; x_wconf 77' lang='lat' dir='ltr'><strong>siglis</strong></span> <span class='ocrx_word' id='word_1_203' title='bbox 445 3375 819 3444; x_wconf 87' lang='lat' dir='ltr'><strong>conscriptum</strong></span> <span class='ocrx_word' id='word_1_204' title='bbox 851 3391 868 3443; x_wconf 83' lang='grc'>;</span> <span class='ocrx_word' id='word_1_205' title='bbox 913 3376 1057 3444; x_wconf 86' lang='lat' dir='ltr'><strong>quod</strong></span> <span class='ocrx_word' id='word_1_206' title='bbox 1090 3390 1214 3430; x_wconf 90' lang='lat' dir='ltr'><strong>cum</strong></span> <span class='ocrx_word' id='word_1_207' title='bbox 1240 3375 1450 3445; x_wconf 80' lang='lat' dir='ltr'><strong>jamdiu</strong></span> <span class='ocrx_word' id='word_1_208' title='bbox 1481 3375 1982 3446; x_wconf 86' lang='lat' dir='ltr'><strong>deprehendissem,</strong></span> <span class='ocrx_word' id='word_1_209' title='bbox 2009 3387 2064 3433; x_wconf 89' lang='lat' dir='ltr'><strong>et</strong></span> <span class='ocrx_word' id='word_1_210' title='bbox 2089 3377 2344 3434; x_wconf 83' lang='lat' dir='ltr'><strong>claustris</strong></span> <span class='ocrx_word' id='word_1_211' title='bbox 2371 3376 2578 3432; x_wconf 91' lang='lat' dir='ltr'><strong>tamdiu</strong></span> <span class='ocrx_word' id='word_1_212' title='bbox 2607 3377 2919 3434; x_wconf 83' lang='lat' dir='ltr'><strong>obseratum</strong></span> <span class='ocrx_word' id='word_1_213' title='bbox 2943 3376 3208 3441; x_wconf 87' lang='lat' dir='ltr'><strong>dolerem,</strong></span> <span class='ocrx_word' id='word_1_214' title='bbox 3237 3379 3495 3432; x_wconf 77' lang='lat' dir='ltr'><strong>constitui</strong></span> 
     </span>
    </p>
   </div>
   <div class='ocr_carea' id='block_1_25' title="bbox 271 3462 3496 3535">
    <p class='ocr_par' dir='ltr' id='par_1_25' title="bbox 271 3462 3496 3535">
     <span class='ocr_line' id='line_1_25' title="bbox 271 3462 3496 3535; baseline 0.001 -19"><span class='ocrx_word' id='word_1_215' title='bbox 271 3464 502 3532; x_wconf 88' lang='lat' dir='ltr'><strong>denique</strong></span> <span class='ocrx_word' id='word_1_216' title='bbox 531 3464 583 3516; x_wconf 89' lang='lat' dir='ltr'><strong>in</strong></span> <span class='ocrx_word' id='word_1_217' title='bbox 613 3462 776 3530; x_wconf 88' lang='lat' dir='ltr'><strong>hujus</strong></span> <span class='ocrx_word' id='word_1_218' title='bbox 803 3462 1094 3517; x_wconf 80' lang='lat' dir='ltr'><strong>voluminis</strong></span> <span class='ocrx_word' id='word_1_219' title='bbox 1120 3473 1396 3532; x_wconf 87' lang='lat' dir='ltr'><strong>postrema</strong></span> <span class='ocrx_word' id='word_1_220' title='bbox 1424 3472 1579 3531; x_wconf 87' lang='lat' dir='ltr'><strong>parte</strong></span> <span class='ocrx_word' id='word_1_221' title='bbox 1605 3463 1894 3521; x_wconf 76' lang='lat' dir='ltr'><strong>collocare.</strong></span> <span class='ocrx_word' id='word_1_222' title='bbox 1933 3466 2006 3521; x_wconf 89' lang='lat' dir='ltr'><strong>De</strong></span> <span class='ocrx_word' id='word_1_223' title='bbox 2057 3480 2167 3535; x_wconf 87' lang='lat' dir='ltr'><strong>quo</strong></span> <span class='ocrx_word' id='word_1_224' title='bbox 2225 3481 2357 3521; x_wconf 88' lang='lat' dir='ltr'><strong>sane</strong></span> <span class='ocrx_word' id='word_1_225' title='bbox 2403 3465 2612 3533; x_wconf 90' lang='lat' dir='ltr'><strong>scripto</strong></span> <span class='ocrx_word' id='word_1_226' title='bbox 2659 3463 3029 3529; x_wconf 86' lang='lat' dir='ltr'><strong>Lambecium,</strong></span> <span class='ocrx_word' id='word_1_227' title='bbox 3085 3471 3140 3518; x_wconf 91' lang='lat' dir='ltr'><strong>ct</strong></span> <span class='ocrx_word' id='word_1_228' title='bbox 3196 3465 3496 3533; x_wconf 69' lang='lat' dir='ltr'><strong>prmsertim</strong></span> 
     </span>
    </p>
   </div>
   <div class='ocr_carea' id='block_1_26' title="bbox 268 3549 3497 3624">
    <p class='ocr_par' dir='ltr' id='par_1_26' title="bbox 268 3549 3497 3624">
     <span class='ocr_line' id='line_1_26' title="bbox 268 3549 3497 3624; baseline 0.002 -22"><span class='ocrx_word' id='word_1_229' title='bbox 268 3551 521 3604; x_wconf 77' lang='lat' dir='ltr'><strong>Allatium</strong></span> <span class='ocrx_word' id='word_1_230' title='bbox 546 3549 600 3603; x_wconf 90' lang='lat' dir='ltr'><strong>in</strong></span> <span class='ocrx_word' id='word_1_231' title='bbox 630 3549 1036 3619; x_wconf 80' lang='lat' dir='ltr'><strong>Prolcgomenis</strong></span> <span class='ocrx_word' id='word_1_232' title='bbox 1067 3551 1484 3618; x_wconf 88' lang='lat' dir='ltr'><strong>Damascenicis,</strong></span> <span class='ocrx_word' id='word_1_233' title='bbox 1515 3568 1637 3622; x_wconf 85' lang='lat' dir='ltr'><strong>cap.</strong></span> <span class='ocrx_word' id='word_1_234' title='bbox 1669 3553 1856 3618; x_wconf 52' lang='lat'><strong>68-70,</strong></span> <span class='ocrx_word' id='word_1_235' title='bbox 1881 3553 2022 3623; x_wconf 85' lang='lat' dir='ltr'><strong>apud</strong></span> <span class='ocrx_word' id='word_1_236' title='bbox 2055 3554 2400 3624; x_wconf 87' lang='lat' dir='ltr'><strong>Lequinium,</strong></span> <span class='ocrx_word' id='word_1_237' title='bbox 2427 3553 2649 3623; x_wconf 88' lang='lat' dir='ltr'><strong>copiose</strong></span> <span class='ocrx_word' id='word_1_238' title='bbox 2699 3552 2975 3624; x_wconf 79' lang='lat' dir='ltr'><strong>disputare</strong></span> <span class='ocrx_word' id='word_1_239' title='bbox 2994 3552 3197 3616; x_wconf 84' lang='lat' dir='ltr'><strong>decuit,</strong></span> <span class='ocrx_word' id='word_1_240' title='bbox 3229 3561 3284 3606; x_wconf 88' lang='lat' dir='ltr'><strong>ut</strong></span> <span class='ocrx_word' id='word_1_241' title='bbox 3337 3551 3497 3607; x_wconf 85' lang='lat' dir='ltr'><strong>inco-</strong></span> 
     </span>
    </p>
   </div>
   <div class='ocr_carea' id='block_1_27' title="bbox 271 3637 3499 3713">
    <p class='ocr_par' dir='ltr' id='par_1_27' title="bbox 271 3637 3499 3713">
     <span class='ocr_line' id='line_1_27' title="bbox 271 3637 3499 3713; baseline 0.002 -26"><span class='ocrx_word' id='word_1_242' title='bbox 271 3638 472 3704; x_wconf 77' lang='lat' dir='ltr'><strong>gnilum</strong></span> <span class='ocrx_word' id='word_1_243' title='bbox 503 3637 762 3706; x_wconf 78' lang='lat' dir='ltr'><strong>scriptum</strong></span> <span class='ocrx_word' id='word_1_244' title='bbox 783 3637 1076 3693; x_wconf 89' lang='lat' dir='ltr'><strong>lectoribus</strong></span> <span class='ocrx_word' id='word_1_245' title='bbox 1110 3638 1404 3694; x_wconf 81' lang='lat' dir='ltr'><strong>revelarenl</strong></span> <span class='ocrx_word' id='word_1_246' title='bbox 1437 3656 1453 3707; x_wconf 90' lang='lat'><strong>;</strong></span> <span class='ocrx_word' id='word_1_247' title='bbox 1483 3641 1615 3695; x_wconf 89' lang='lat' dir='ltr'><strong>mihi</strong></span> <span class='ocrx_word' id='word_1_248' title='bbox 1645 3656 1773 3697; x_wconf 86' lang='lat' dir='ltr'><strong>vero</strong></span> <span class='ocrx_word' id='word_1_249' title='bbox 1804 3642 1898 3711; x_wconf 90' lang='lat' dir='ltr'><strong>qui</strong></span> <span class='ocrx_word' id='word_1_250' title='bbox 1930 3651 2124 3708; x_wconf 86' lang='lat' dir='ltr'><strong>totum,</strong></span> <span class='ocrx_word' id='word_1_251' title='bbox 2165 3641 2344 3713; x_wconf 90' lang='lat' dir='ltr'><strong>qualis</strong></span> <span class='ocrx_word' id='word_1_252' title='bbox 2401 3650 2748 3713; x_wconf 86' lang='lat' dir='ltr'><strong>quantusque</strong></span> <span class='ocrx_word' id='word_1_253' title='bbox 2770 3653 2871 3707; x_wconf 84' lang='lat' dir='ltr'><strong>est,</strong></span> <span class='ocrx_word' id='word_1_254' title='bbox 2905 3641 3189 3710; x_wconf 79' lang='lat' dir='ltr'><strong>legendum</strong></span> <span class='ocrx_word' id='word_1_255' title='bbox 3220 3641 3340 3697; x_wconf 90' lang='lat' dir='ltr'><strong>orbi</strong></span> <span class='ocrx_word' id='word_1_256' title='bbox 3395 3649 3499 3695; x_wconf 85' lang='lat' dir='ltr'><strong>ter-</strong></span> 
     </span>
    </p>
   </div>
   <div class='ocr_carea' id='block_1_28' title="bbox 273 3724 3500 3800">
    <p class='ocr_par' dir='ltr' id='par_1_28' title="bbox 273 3724 3500 3800">
     <span class='ocr_line' id='line_1_28' title="bbox 273 3724 3500 3800; baseline 0.003 -25"><span class='ocrx_word' id='word_1_257' title='bbox 273 3740 447 3778; x_wconf 84' lang='lat' dir='ltr'><strong>rarum</strong></span> <span class='ocrx_word' id='word_1_258' title='bbox 481 3724 591 3790; x_wconf 87' lang='lat' dir='ltr'><strong>jam</strong></span> <span class='ocrx_word' id='word_1_259' title='bbox 623 3726 872 3792; x_wconf 81' lang='lat' dir='ltr'><strong>exhibeo,</strong></span> <span class='ocrx_word' id='word_1_260' title='bbox 913 3727 1004 3780; x_wconf 90' lang='lat' dir='ltr'><strong>diu</strong></span> <span class='ocrx_word' id='word_1_261' title='bbox 1039 3727 1186 3796; x_wconf 92' lang='lat' dir='ltr'><strong>loqui</strong></span> <span class='ocrx_word' id='word_1_262' title='bbox 1220 3744 1327 3782; x_wconf 90' lang='lat' dir='ltr'><strong>non</strong></span> <span class='ocrx_word' id='word_1_263' title='bbox 1350 3739 1434 3783; x_wconf 91' lang='lat' dir='ltr'><strong>est</strong></span> <span class='ocrx_word' id='word_1_264' title='bbox 1463 3745 1689 3787; x_wconf 87' lang='lat' dir='ltr'><strong>necesse</strong></span> <span class='ocrx_word' id='word_1_265' title='bbox 1720 3748 1734 3786; x_wconf 90' lang='lat'><strong>:</strong></span> <span class='ocrx_word' id='word_1_266' title='bbox 1770 3733 1856 3787; x_wconf 93' lang='lat' dir='ltr'><strong>sui</strong></span> <span class='ocrx_word' id='word_1_267' title='bbox 1883 3732 2028 3785; x_wconf 87' lang='lat' dir='ltr'><strong>enim</strong></span> <span class='ocrx_word' id='word_1_268' title='bbox 2062 3731 2262 3800; x_wconf 88' lang='lat' dir='ltr'><strong>cuique</strong></span> <span class='ocrx_word' id='word_1_269' title='bbox 2289 3730 2454 3798; x_wconf 87' lang='lat' dir='ltr'><strong>oculi,</strong></span> <span class='ocrx_word' id='word_1_270' title='bbox 2485 3729 2528 3785; x_wconf 90' lang='lat' dir='ltr'><strong>si</strong></span> <span class='ocrx_word' id='word_1_271' title='bbox 2561 3730 2723 3785; x_wconf 93' lang='lat' dir='ltr'><strong>modo</strong></span> <span class='ocrx_word' id='word_1_272' title='bbox 2760 3729 2969 3786; x_wconf 65' lang='lat' dir='ltr'><strong>Graecis</strong></span> <span class='ocrx_word' id='word_1_273' title='bbox 3019 3731 3216 3784; x_wconf 88' lang='lat' dir='ltr'><strong>litteris</strong></span> <span class='ocrx_word' id='word_1_274' title='bbox 3267 3730 3340 3784; x_wconf 90' lang='lat' dir='ltr'><strong>sit</strong></span> <span class='ocrx_word' id='word_1_275' title='bbox 3397 3729 3500 3784; x_wconf 82' lang='lat' dir='ltr'><strong>im-</strong></span> 
     </span>
    </p>
   </div>
   <div class='ocr_carea' id='block_1_29' title="bbox 280 3811 3503 3891">
    <p class='ocr_par' dir='ltr' id='par_1_29' title="bbox 280 3811 3503 3891">
     <span class='ocr_line' id='line_1_29' title="bbox 280 3811 3503 3891; baseline 0.005 -32"><span class='ocrx_word' id='word_1_276' title='bbox 280 3815 455 3876; x_wconf 89' lang='lat' dir='ltr'><strong>hutus,</strong></span> <span class='ocrx_word' id='word_1_277' title='bbox 498 3811 840 3866; x_wconf 85' lang='lat' dir='ltr'><strong>Eustathium</strong></span> <span class='ocrx_word' id='word_1_278' title='bbox 875 3812 1018 3867; x_wconf 88' lang='lat' dir='ltr'><strong>hunc</strong></span> <span class='ocrx_word' id='word_1_279' title='bbox 1067 3830 1164 3882; x_wconf 89' lang='lat' dir='ltr'><strong>pro</strong></span> <span class='ocrx_word' id='word_1_280' title='bbox 1197 3814 1459 3886; x_wconf 81' lang='lat' dir='ltr'><strong>dignitate</strong></span> <span class='ocrx_word' id='word_1_281' title='bbox 1488 3832 1552 3872; x_wconf 90' lang='lat' dir='ltr'><strong>ac</strong></span> <span class='ocrx_word' id='word_1_282' title='bbox 1584 3821 1776 3875; x_wconf 86' lang='lat' dir='ltr'><strong>merito</strong></span> <span class='ocrx_word' id='word_1_283' title='bbox 1807 3822 2286 3877; x_wconf 85' lang='lat' dir='ltr'><strong>commendabunt.</strong></span> <span class='ocrx_word' id='word_1_284' title='bbox 2321 3821 2511 3878; x_wconf 61' lang='lat' dir='ltr'><strong>Graeca</strong></span> <span class='ocrx_word' id='word_1_285' title='bbox 2539 3830 2689 3876; x_wconf 88' lang='lat' dir='ltr'><strong>certe</strong></span> <span class='ocrx_word' id='word_1_286' title='bbox 2735 3820 2975 3877; x_wconf 85' lang='lat' dir='ltr'><strong>Ecclesia</strong></span> <span class='ocrx_word' id='word_1_287' title='bbox 3008 3830 3129 3890; x_wconf 86' lang='lat' dir='ltr'><strong>post</strong></span> <span class='ocrx_word' id='word_1_288' title='bbox 3153 3821 3274 3876; x_wconf 89' lang='lat' dir='ltr'><strong>illos</strong></span> <span class='ocrx_word' id='word_1_289' title='bbox 3299 3821 3503 3891; x_wconf 58' lang='lat' dir='ltr'><strong>primo-</strong></span> 
     </span>
    </p>
   </div>
   <div class='ocr_carea' id='block_1_30' title="bbox 277 3898 3498 3980">
    <p class='ocr_par' dir='ltr' id='par_1_30' title="bbox 277 3898 3498 3980">
     <span class='ocr_line' id='line_1_30' title="bbox 277 3898 3498 3980; baseline 0.004 -31"><span class='ocrx_word' id='word_1_290' title='bbox 277 3913 389 3951; x_wconf 86' lang='lat' dir='ltr'><strong>rum</strong></span> <span class='ocrx_word' id='word_1_291' title='bbox 415 3900 740 3953; x_wconf 69' lang='lat' dir='ltr'><strong>saeculorum</strong></span> <span class='ocrx_word' id='word_1_292' title='bbox 765 3898 972 3967; x_wconf 87' lang='lat' dir='ltr'><strong>Patres,</strong></span> <span class='ocrx_word' id='word_1_293' title='bbox 994 3917 1174 3969; x_wconf 89' lang='lat' dir='ltr'><strong>parem</strong></span> <span class='ocrx_word' id='word_1_294' title='bbox 1206 3904 1502 3974; x_wconf 82' lang='lat' dir='ltr'><strong>Eustathio,</strong></span> <span class='ocrx_word' id='word_1_295' title='bbox 1534 3907 1880 3978; x_wconf 83' lang='lat' dir='ltr'><strong>interpretem</strong></span> <span class='ocrx_word' id='word_1_296' title='bbox 1908 3911 1996 3966; x_wconf 81' lang='lat' dir='ltr'><strong>vix</strong></span> <span class='ocrx_word' id='word_1_297' title='bbox 2021 3909 2189 3962; x_wconf 91' lang='lat' dir='ltr'><strong>ullum</strong></span> <span class='ocrx_word' id='word_1_298' title='bbox 2213 3909 2393 3976; x_wconf 87' lang='lat' dir='ltr'><strong>habet,</strong></span> <span class='ocrx_word' id='word_1_299' title='bbox 2423 3910 2515 3980; x_wconf 88' lang='lat' dir='ltr'><strong>qui</strong></span> <span class='ocrx_word' id='word_1_300' title='bbox 2541 3918 2748 3966; x_wconf 81' lang='lat' dir='ltr'><strong>tantam</strong></span> <span class='ocrx_word' id='word_1_301' title='bbox 2773 3908 3046 3967; x_wconf 86' lang='lat' dir='ltr'><strong>sermonis</strong></span> <span class='ocrx_word' id='word_1_302' title='bbox 3084 3909 3260 3966; x_wconf 74' lang='lat' dir='ltr'><strong>Graeci</strong></span> <span class='ocrx_word' id='word_1_303' title='bbox 3286 3911 3498 3979; x_wconf 81' lang='lat' dir='ltr'><strong>capiam</strong></span> 
     </span>
    </p>
   </div>
   <div class='ocr_carea' id='block_1_31' title="bbox 280 3985 2275 4067">
    <p class='ocr_par' dir='ltr' id='par_1_31' title="bbox 280 3985 2275 4067">
     <span class='ocr_line' id='line_1_31' title="bbox 280 3985 2275 4067; baseline 0.004 -28"><span class='ocrx_word' id='word_1_304' title='bbox 280 3993 330 4039; x_wconf 85' lang='lat' dir='ltr'><strong>ct</strong></span> <span class='ocrx_word' id='word_1_305' title='bbox 356 3985 673 4058; x_wconf 62' lang='lat' dir='ltr'><strong>theologica</strong></span> <span class='ocrx_word' id='word_1_306' title='bbox 710 3986 981 4044; x_wconf 87' lang='lat' dir='ltr'><strong>lacultatis</strong></span> <span class='ocrx_word' id='word_1_307' title='bbox 1012 4004 1305 4063; x_wconf 82' lang='lat' dir='ltr'><strong>rerumque</strong></span> <span class='ocrx_word' id='word_1_308' title='bbox 1329 3994 1601 4051; x_wconf 81' lang='lat' dir='ltr'><strong>variarum</strong></span> <span class='ocrx_word' id='word_1_309' title='bbox 1625 3997 1874 4067; x_wconf 86' lang='lat' dir='ltr'><strong>peritiam</strong></span> <span class='ocrx_word' id='word_1_310' title='bbox 1902 4015 2010 4053; x_wconf 69' lang='lat' dir='ltr'><strong>ora:</strong></span> <span class='ocrx_word' id='word_1_311' title='bbox 2035 4012 2095 4051; x_wconf 90' lang='lat' dir='ltr'><strong>se</strong></span> <span class='ocrx_word' id='word_1_312' title='bbox 2116 3996 2275 4050; x_wconf 82' lang='lat' dir='ltr'><strong>lerat.</strong></span> 
     </span>
    </p>
   </div>
  </div>
