3840 6544
184 407 277 465 ἱυῧ

963 398 1044 461 ΙΝ
1082 400 1417 462 ΠΥΜπυῖιί
1456 396 2098 457 i‘ENTECUSTALEM
2143 397 2599 459 DAMASCENI.

3288 406 3393 469 506

186 512 448 581 πράγματι
502 509 740 579 σήμερον
812 510 1224 582 τελεσφορήσας
1288 510 1420 580 πρὸς
1475 508 1708 562 ένστασιι

1828 522 1992 577 grave
2040 508 2192 568 mihi.
2255 508 2465 562 utinam
2518 525 2626 567 non
2680 526 2854 581 usque
2906 513 2960 566 in
3013 514 3194 578 liuent.
3247 532 3389 573 onus

185 609 269 673 τὴν
296 605 378 667 ἔφ’
396 602 525 672 ἡμῖν
552 601 799 666 ἀξίωσιν,
828 602 1027 673 φόρτον
1056 604 1190 673 ἡμῖν
1219 602 1441 668 ἐπέθου,
1488 601 1600 655 είθε
1649 600 1726 671 μὴ

189 700 236 759 ὲς
266 695 432 757 τέλος,
465 692 655 763 βαρύν.
698 693 838 762 Ἐγὼ
856 694 913 747 δὲ
960 695 1235 765 χρωσθείς
1290 695 1391 748 οὐκ
1438 689 1555 748 οἶδα
1614 695 1725 747 είτε

184 789 343 857 ὥχρῳ,
384 785 493 837 εἴτε
543 784 851 854 ἐρυθήματι
889 784 975 854 tcp‘
1016 778 1096 849 οἷς
1146 785 1421 855 ἠξίωμαιο
1470 785 1564 839 καὶ
1616 787 1726 854 γὰρ

184 883 283 950 ἅμα
316 878 475 940 αίδὼς
506 894 564 930 τε
590 878 683 930 καὶ
708 878 872 946 φόϐος
899 877 1103 947 ὑπῆλθέ
1135 893 1202 947 με
1227 894 1241 907 ⁸
1272 878 1305 948 ή
1332 876 1449 947 μὲν,
1486 877 1561 948 μὴ
1586 879 1727 932 ἁπαι-

187 970 478 1041 νηνάμενος,
526 968 925 1039 σκωφθήσομαι
958 966 1257 1031 πολυειδῶς
1278 982 1294 999 '
1342 968 1370 1021 ό
1401 967 1455 1019 δὲ
1493 966 1567 1038 μή
1596 983 1724 1021 ποτε

188 1062 495 1123 κατανεύσας
534 1062 615 1124 εἰς
644 1060 826 1131 ἔργον,
868 1061 1129 1114 καὶοῦτω
1158 1060 1251 1113 τοῦ
1304 1060 1519 1113 σταδίου
1574 1060 1727 1124 γενό-

189 1171 342 1223 μενος,
377 1152 892 1223 ἀποσυριχθήσομαι
924 1152 1266 1222 κλωξόμενος
1292 1153 1404 1216 τοῖς
1448 1152 1724 1206 καὶτοῦτο

183 1244 233 1297 τὸ
256 1242 408 1296 καλὸν
434 1244 491 1294 ἐν
524 1244 639 1305 τοῖς
670 1243 798 1311 άρτι
821 1241 1322 1310 φιλοτιμουμένοις,
1348 1243 1510 1311 εἴπερ
1548 1260 1598 1294 τι
1631 1242 1726 1294 ά).-

179 1336 228 1387 λο
259 1333 358 1386 τῶν
392 1332 481 1385 διὰ
508 1332 754 1400 σπουδῆς
779 1332 983 1402 πολλῆς
1006 1348 1020 1363 °
1083 1333 1232 1402 ὅμως
1286 1333 1525 1400 ἐμαυτὸν
1584 1350 1722 1402 συμ-

177 1428 367 1489 πείσας,
393 1425 479 1477 ἵνα
517 1425 593 1495 μὴ
622 1425 716 1477 ἐπὶ
747 1425 910 1477 πλέον
952 1425 1163 1491 είλῆται
1202 1426 1329 1493 περὶ
1360 1425 1416 1478 σὲ
1464 1424 1723 1494 λογισμὸς

177 1520 401 1587 ὀρέξεως,
428 1517 579 1579 θείας
607 1516 707 1586 μὲν
732 1515 809 1586 τῷ
837 1517 974 1581 ὄντι,
1003 1517 1239 1586 ὀχληρᾶς
1266 1517 1323 1568 δὲ
1356 1518 1404 1568 εί
1452 1518 1721 1586 μηδέποτε

179 1608 570 1676 ἀποτελεσθείη,
597 1609 826 1676 γίνομαι
863 1608 973 1662 ίδοὺ
998 1608 1092 1660 τοῦ
1118 1607 1213 1659 σοῦ
1241 1608 1545 1677 θελήματος
1580 1623 1593 1638 ·
1630 1607 1723 1660 καὶ

177 1703 337 1770 ἐπειδὴ
387 1702 558 1754 πάλαι
601 1702 761 1768 ἁγίαν
794 1700 1092 1769 ἐπιθυμίαν
1120 1701 1178 1753 ὲν
1202 1704 1347 1769 ψυχῇ
1387 1700 1721 1769 συλλαϐόμε-

178 1814 249 1858 νος
276 1796 362 1847 καὶ
389 1794 686 1864 ὼδιτήσας,
732 1793 983 1859 ὲξὲτεκες
1039 1792 1137 1859 τὴν
1168 1793 1431 1863 σήμερον,
1488 1792 1563 1852 ὡς
1607 1789 1720 1845 οἷον

1829 599 2131 669 imposuisti
2160 615 2175 664 ;
2200 615 2299 669 ego
2324 608 2502 654 autem
2531 603 2720 657 nescio
2736 619 2801 656 an
2831 604 3035 673 pallore
3065 624 3130 659 an
3168 608 3387 674 rubore,

1826 690 2159 759 conspicuus
2189 708 2309 745 sum
2358 694 2426 746 de
2457 692 2522 748 iis
2555 708 2678 762 qua:
2706 693 2885 748 facere
2926 695 3124 766 dignus
3158 700 3384 761 habeor,

1827 784 2023 854 (pudor
2060 784 2203 838 enim
2253 785 2416 840 simul
2451 796 2503 840 et
2536 786 2700 840 timor
2750 803 2834 842 tne
2868 791 3114 857 replent;
3150 790 3238 845 ille
3269 793 3378 863 qni-

1827 875 1972 941 dem,
2028 892 2096 932 ne
2151 893 2417 933 recusans
2494 878 2730 935 irridear
2780 881 3232 950 multiformiter;
3303 886 3390 941 hic

1825 976 2030 1027 autem,
2055 983 2141 1032 ne,
2168 984 2417 1025 annuens
2437 972 2613 1039 operi,
2639 979 2693 1025 ct
2715 974 2791 1027 sic
2820 974 3055 1028 stadium
3089 977 3391 1046 ingressus,

1826 1058 2085 1111 exsibiler
2129 1060 2197 1113 ab
2228 1060 2313 1113 his
2348 1062 2437 1126 qui
2469 1072 2522 1115 ct
2550 1063 2651 1117 hoc
2687 1065 2973 1132 pulchrum
3027 1065 3093 1119 de
3142 1069 3389 1134 praesenti

1826 1160 2132 1212 sectantur,
2167 1153 2211 1204 si
2244 1152 2464 1220 quidem
2517 1154 2663 1208 aliud
2719 1157 2898 1226 magni
2940 1159 3107 1211 studii
3163 1159 3389 1212 materia

1824 1242 1896 1297 sit
1933 1244 2033 1312 eis)
2065 1259 2078 1296 :
2116 1244 2246 1296 tnihi
2283 1244 2383 1314 ipsi
2436 1255 2615 1300 tamen
2648 1247 3008 1316 persuadens,
3040 1256 3095 1301 ut
3128 1264 3235 1303 non
3275 1266 3393 1304 ant-

1826 1333 1969 1404 plius
2019 1333 2464 1402 deprehendatur
2510 1336 2563 1389 iu
2596 1344 2651 1391 te
2708 1338 2847 1391 ratio
2898 1339 3178 1406 petitionis
3231 1339 3383 1393 inse

1826 1425 2041 1492 quidem
2078 1424 2301 1492 divinze.
2340 1426 2586 1484 molestae
2624 1436 2806 1482 tamen
2836 1429 3018 1484 sinon
3054 1432 3389 1500 perlieiatur,

1825 1530 1970 1571 tuam
1998 1530 2201 1586 sequor
2224 1517 2598 1583 voluntatem;
2627 1530 2683 1574 et
2704 1521 2963 1590 quoniam
2994 1538 3154 1591 quam
3176 1522 3388 1592 jamdiu

1822 1609 2127 1677 concepisti
2162 1610 2216 1662 in
2250 1619 2431 1664 mente
2461 1622 2708 1666 sanctam
2739 1614 3152 1682 cogitationem.
3183 1624 3236 1668 et
3268 1631 3391 1684 par-

1825 1702 2033 1764 turisti,
2062 1701 2225 1757 hodie
2252 1704 2535 1772 peperisti,
2562 1706 2720 1774 quasi
2744 1707 2997 1761 consulto
3021 1717 3248 1777 captans
3287 1724 3386 1778 op-

1826 1794 2239 1863 portunitatem,
2302 1794 2493 1849 ﬂetum
2559 1797 2718 1854 venio
2782 1799 3267 1863 obstetricaturus,
3334 1809 3389 1854 et

179 1860 635 1957 καιροφυλακήσας
662 1883 937 1952 ἐπίτηδες,
971 1860 1461 1952 μαιώσεσθαι-ἦκω
1482 1881 1544 1933 τὸ
1582 1883 1708 1934 ἀπο-

1824 1891 2087 1953 quantum
2124 1885 2177 1939 in
2214 1901 2299 1941 me
2323 1896 2409 1943 est
2434 1888 2805 1955 educaturus,
2831 1899 2887 1945 et
2932 1892 3252 1946 redditurus
3289 1893 3387 1947 tibi

177 1979 353 2047 τεχθὲν,
403 1977 503 2030 καὶ
557 1974 929 2044 ἐκθρέψασθαι
984 1975 1058 2035 ὡς
1119 1973 1364 2043 περίεστί
1413 1989 1501 2039 μοι
1561 1970 1721 2024 τοῦτο

179 2071 314 2136 ἔχειν.
347 2068 443 2120 καὶ
479 2066 773 2120 ἀποδοῦναί
801 2066 905 2126 σοι,
934 2065 1035 2117 εὐκ
1064 2058 1183 2117 οἶδα
1212 2062 1330 2133 μὲν,
1366 2062 1523 2130 εἴπερ
1546 2061 1718 2129 ήρωΐέ

176 2159 357 2213 δατινὰ
387 2159 609 2224 γένναν,
645 2155 909 2225 πιθηκίδα
941 2154 999 2207 δέ
1048 2170 1172 2207 τινα
1217 2152 1437 2215 πάντως
1482 2151 1548 2205 ἂν
1600 2151 1719 2204 οἵαν

177 2253 262 2313 τοῖς
293 2249 686 2315 ἁπλουστέροις
717 2250 811 2301 καὶ
841 2247 1013 2315 αὐτὴν
1046 2244 1480 2315 περιϐλέπεσθαι
1514 2259 1527 2274 ·
1559 2244 1717 2298 κατέ-

176 2358 362 2409 γνωμεν
398 2341 505 2411 γὰρ
533 2339 634 2409 τὴν
666 2337 1021 2410 ἀνθρωπίνην
1061 2336 1244 2405 φύσιν,
1298 2335 1454 2389 οὐδέν
1488 2353 1542 2389 τι
1604 2336 1715 2388 τῶν

175 2437 220 2484 ἐν
244 2432 312 2500 τῷ
343 2432 469 2486 καθ’
502 2433 651 2502 ἡμᾶς
711 2430 812 2501 βίῳ
875 2430 1213 2500 πονημάτων
1251 2427 1436 2495 πάντη
1495 2428 1716 2490 πάντως

174 2525 533 2591 ὲξουθενοῦσαν
565 2525 649 2591 ἐφ’
679 2524 905 2586 ἅπασιν,
937 2522 1059 2575 οὐδὲ
1094 2520 1156 2573 τδ
1194 2520 1553 2589 φαυλότατον,
1584 2519 1701 2581 καὶ,

170 2618 230 2681 ὡς
262 2620 453 2681 εἰπεῖν,
484 2616 847 2687 οὐδενόσωρον
866 2632 881 2647 ο
912 2615 1006 2667 καὶ
1035 2614 1153 2666 ἐστι
1181 2612 1241 2665 τὸ
1272 2614 1510 2682 πρᾶγμα
1526 2612 1712 2681 ὅμοιον

172 2710 231 2768 ὡς
258 2713 299 2760 εἰ
338 2710 433 2761 καὶ
482 2706 592 2760 τῶν
641 2708 706 2760 ὲκ
740 2707 844 2777 γῆς
883 2704 1286 2775 ἀναδιδομένων
1335 2704 1520 2767 ἄλλοις
1570 2703 1711 2758 ἄλλα

172 2804 284 2871 πρὸς
332 2803 631 2872 ἀρέσκειαν
682 2801 988 2872 εὐπρόσιτα
1051 2801 1350 2856 ἔκκεινται.
1410 2800 1710 2869 ’Δγαπήσω

170 2896 277 2963 γοῦν
308 2897 403 2948 καὶ
430 2896 614 2958 αὐτὸς,
643 2895 693 2947 εί
724 2894 820 2947 καί
865 2911 977 2948 τισι
1043 2894 1285 2964 μετρίοις
1340 2892 1708 2961 ἀξιωθήσεται

170 2992 232 3053 εἰς
257 2990 499 3058 ἐντυχίαν
530 2988 730 3051 ἐλθεῖν,
784 2988 924 3056 ὅπερ
976 2988 1101 3054 ἄρτι
1158 2985 1386 3052 ἀγαθὸν,
1450 2987 1568 3037 κατ’
1606 2984 1707 3055 ἐμὲ

171 3082 414 3148 κρίνοντα,
448 3080 755 3150 ἐργάσομαι
781 3093 796 3109 ⁸
825 3078 923 3132 καὶ
954 3079 1107 3130 ἔσται
1139 3078 1319 3145 λέγειν
1346 3080 1439 3129 καὶ
1469 3076 1594 3145 ἐμοὶ
1638 3075 1706 3128 δι’

1825 1976 2014 2029 nescio
2053 1989 2119 2027 an
2175 1976 2451 2032 heroicam
2481 1979 2711 2049 prolem,
2758 1996 2829 2035 an
2876 1981 3095 2036 simium
3147 1983 3383 2049 aliquem

1820 2066 1913 2135 qui
1955 2066 2269 2123 rudioribus
2324 2068 2678 2124 admirationi
2729 2070 2850 2127 sit:
2888 2072 3181 2126 humanam
3240 2073 3384 2127 enim

1820 2159 2075 2213 novimus
2110 2170 2381 2223 naturam,
2424 2175 2546 2231 quae
2605 2162 2813 2217 nullam
2855 2178 3223 2218 aerumnarum
3280 2175 3385 2220 ter—

1822 2250 2079 2304 restrimn
2109 2252 2477 2321 parvipendit.
2503 2261 2581 2319 et,
2615 2261 2674 2307 ut
2701 2253 2773 2307 ita
2803 2255 3004 2321 dicam,
3038 2255 3241 2310 nullius
3273 2272 3387 2311 mo-

1820 2342 1989 2396 menti
2031 2358 2045 2394 :
2102 2342 2284 2398 simile
2335 2344 2465 2413 quid
2497 2353 2583 2401 est
2612 2360 2676 2401 ac
2711 2346 2754 2400 si
2796 2347 2940 2400 inter
2971 2347 3186 2402 fructus
3224 2358 3382 2402 terrae

1816 2433 1904 2486 alii
1934 2433 2059 2487 aliis
2100 2434 2166 2488 ad
2191 2433 2614 2490 delectationem
2647 2451 2873 2493 accessu
2923 2438 3111 2492 faciles
3162 2448 3380 2507 prosta-

1816 2535 1957 2579 rcnt.
1988 2523 2217 2579 Gratum
2244 2525 2413 2595 igitur
2454 2527 2666 2584 habebo
2705 2537 2759 2583 et
2802 2528 2917 2597 ipse
2959 2530 3007 2584 si
3032 2530 3255 2600 dignum
3299 2530 3383 2584 in-

1815 2626 2033 2668 ventum
2065 2616 2137 2671 sit
2173 2615 2228 2670 in
2264 2616 2609 2686 popularium
2632 2632 2984 2687 congressum
3016 2618 3204 2673 venire
3233 2619 3382 2688 quod

1813 2708 1975 2762 modo
2003 2710 2230 2772 bonum,
2259 2723 2347 2762 me
2371 2708 2580 2778 judice,
2607 2724 2730 2765 sum
2762 2708 3050 2778 facturus;
3086 2710 3274 2765 licebit
3324 2719 3381 2765 ct

1812 2799 1945 2852 mihi
1979 2814 2249 2868 usurpare
2281 2798 2423 2854 inter
2445 2815 2595 2854 meos
2642 2801 2904 2870 aequales.
2934 2803 3171 2855 verbum
3195 2802 3382 2871 Glycis

1808 2890 2043 2945 dicentis
2097 2910 2110 2945 :
2159 2889 2227 2942 Et
2278 2906 2371 2961 ego
2422 2890 2615 2961 aliquis
2658 2892 2715 2944 in
2754 2901 2895 2945 terra
2952 2892 3128 2946 videor
3159 2908 3283 2947 esse.
3320 2894 3379 2948 Si

1809 2990 1993 3035 autem
2044 2979 2114 3034 ab
2155 2980 2260 3033 hoc
2310 2980 2516 3035 honore
2570 2980 2892 3048 exciderim,
2932 2990 3229 3036 contentus
3283 2998 3380 3036 ero

1808 3079 1902 3125 tua
1929 3072 2101 3127 solius
2136 3071 2556 3138 satisfactione;
2581 3082 2633 3127 et
2656 3072 2802 3142 vulgi
2828 3088 2932 3126 non
2969 3072 3181 3127 habens
3202 3072 3380 3127 admi-

170 3174 380 3234 ἐκείνους
411 3174 544 3244 πρὸς
575 3174 693 3241 ἐμοι
719 3172 901 3233 ὄντας,
926 3172 987 3221 τὸ
1015 3169 1110 3223 τοῦ
1148 3168 1401 3232 Γλυκέως
1453 3168 1704 3229 εἰπόντος

1815 3166 2102 3228 rationem,
2163 3163 2382 3232 diligam
2432 3164 2827 3231 solitudinem;
2875 3174 2932 3219 et
2981 3167 3142 3219 amici
3213 3176 3379 3237 atque

169 3262 229 3324 ὡς
282 3263 385 3330 ἄρα
424 3263 523 3317 καί
574 3260 690 3331 ἐγὼ
725 3263 795 3315 ἐν
832 3259 905 3328 τῇ
937 3258 1013 3328 τῇ
1075 3277 1167 3326 τις
1199 3260 1485 3328 φαίνομαι
1536 3252 1710 3315 εἶναι.

172 3353 219 3405 Εἰ
238 3356 324 3405 καὶ
350 3354 542 3406 τούτου
592 3350 994 3421 διεκπεσοῦμαι
1044 3349 1140 3404 τοῦ
1193 3348 1574 3421 οεμνώματος,
1611 3350 1709 3418 ἀρ-

172 3445 373 3512 κέσομαι
409 3445 473 3513 τῇ
509 3445 576 3513 σῆ
610 3442 703 3495 καὶ
732 3442 870 3514 μόνῃ
902 3441 1261 3512 εῦαρεστήσει
1291 3455 1305 3469 ⁸
1347 3438 1442 3492 καὶ
1475 3438 1535 3491 τὸ
1562 3438 1698 3491 λεω-

170 3538 469 3607 φόρούμενον
497 3538 684 3608 θαῦμα
715 3538 791 3605 μὴ
821 3537 982 3608 ἔχων,
1034 3538 1249 3610 φιλήσω
1306 3537 1368 3590 τὸ
1431 3538 1694 3608 μονῆρες,

171 3633 247 3680 καὶ
275 3630 343 3698 τῷ
379 3629 472 3681 τοῦ
508 3630 664 3698 φίλου
697 3632 792 3681 καὶ
832 3631 931 3699 τῆς
960 3629 1131 3691 ὅντως
1161 3628 1346 3698 φιλίας
1386 3628 1498 3698 ὅρῳ
1533 3644 1710 3697 παρα-

170 3722 320 3791 κήξας
348 3723 441 3793 τὴν
472 3723 683 3775 ἑνιαίαν
710 3721 916 3791 ταύτην
942 3722 1190 3791 ἀγάπην,
1218 3722 1307 3774 διὰ
1329 3723 1426 3789 τὴν
1455 3720 1706 3773 ἐντεῦθεν

173 3817 549 3885 πεπορισμένην
583 3831 675 3883 μοι
708 3813 895 3883 εὐχὴν.
928 3814 1029 3866 οὐκ
1078 3813 1308 3882 εὔξομαι
1368 3811 1675 3879 πλεονεκτῆ

171 3921 243 3957 σαι
261 3905 325 3968 ὡς
348 3907 601 3975 ἐθελῆσαι
632 3905 1009 3975 πληθυνθῆναι
1043 3923 1134 3976 μοι
1163 3906 1358 3974 λόγους
1386 3906 1698 3975 εὐφήμους’

169 3991 241 4050 οἷα
294 3999 541 4062 πολλάκις
590 3998 884 4053 ὑπολαλείν
921 4000 1043 4051 κατ’
1075 4000 1313 4067 ἐμαυτὸν
1356 3995 1589 4059 εἰωθὼς,
1624 3996 1699 4059 ὡς

169 4088 289 4142 καθά
316 4092 471 4159 σοφὸν
507 4090 785 4162 βούλευμα
816 4090 874 4143 ἓν
913 4093 1011 4153 τὰς
1039 4091 1240 4152 πολλάς
1289 4092 1483 4159 χεῖρας
1547 4088 1696 4158 νικᾷ,

167 4180 286 4234 οὕτω
312 4183 398 4234 καὶ
433 4183 530 4253 μία
562 4182 697 4251 εὐχὴ
720 4182 903 4251 ἀγαθὴ
936 4183 1028 4233 τὸν
1054 4182 1268 4251 μυρίων
1300 4180 1551 4234 ἔπαινον.
1606 4179 1699 4230 Γι-

167 4270 356 4340 νόμενος
378 4274 468 4326 οῦν
505 4271 601 4326 τοῦ
630 4270 821 4324 λοιποῦ
854 4272 953 4341 τῆς
982 4272 1081 4340 σῆς
1110 4272 1419 4341 ἁγγαρείας
1470 4273 1563 4324 ἐπὶ
1604 4288 1695 4340 μι-

1814 3257 2067 3313 amicitia:
2110 3257 2401 3327 proposito
2479 3258 2890 3311 conterminans
2959 3257 3175 3311 unicam
3238 3259 3379 3313 hanc

1812 3350 2191 3413 ambitionem,
2226 3356 2444 3416 propter
2470 3344 2781 3416 praestitum,
2806 3345 3066 3415 deinceps
3116 3345 3249 3399 mihi
3282 3359 3378 3401 vo-

1813 3451 1951 3502 tum,
1983 3454 2088 3493 non
2110 3438 2387 3508 gloriabor
2414 3437 2557 3506 quod
2587 3435 2962 3506 praavaluerim
2988 3435 3148 3507 quasi
3179 3435 3377 3489 volun-

1811 3542 1896 3586 tas
1942 3529 2175 3587 adfuerit
2226 3538 2285 3582 ιιι
2324 3527 2757 3597 multiplicemur
2807 3526 2936 3579 mihi
2976 3527 3135 3579 verba
3168 3526 3374 3589 laudis;

1811 3623 1955 3679 sicut
1986 3621 2182 3688 saapins
2207 3619 2394 3673 dicere
2435 3617 2586 3670 soleo
2611 3616 2758 3669 intra
2791 3631 2898 3681 me,
2925 3614 3071 3683 quod
3111 3614 3375 3685 quemad-

1811 3714 2031 3768 modum
2068 3712 2271 3763 multas
2335 3723 2529 3761 manus
2564 3707 2731 3761 vincit
2762 3721 2935 3781 unum
2978 3706 3196 3773 sapiens
3241 3720 3379 3758 con-

1809 3806 2016 3867 silium,
2049 3802 2130 3857 sic
2165 3813 2217 3853 et
2248 3816 2352 3853 una
2410 3800 2551 3853 bona
2607 3797 2783 3851 oratio
2823 3797 3118 3851 multorum
3164 3796 3373 3851 laudes.

1806 3894 2138 3964 Angariatus
2162 3892 2328 3961 igitur
2364 3905 2393 3943 a
2427 3899 2478 3944 te
2505 3897 2777 3959 quotquot
2835 3903 3095 3958 passuum
3128 3888 3376 3943 millibus

1808 3999 2133 4057 prosperum
2192 3985 2296 4037 iter
2334 3980 2599 4051 praebebit
2638 3978 2875 4048 Spiritus
2927 3988 3174 4042 sanctus,
3201 3978 3295 4045 qui
3343 3990 3375 4031 a

1807 4075 2147 4147 sapientibus
2187 4074 2453 4125 fratribus
2485 4070 2701 4125 laudem
2740 4069 2962 4138 accipit,
2989 4069 3191 4138 quibus
3214 4067 3371 4139 plena

1805 4180 1891 4225 est
1922 4165 2277 4223 sanctissima
2314 4162 2407 4217 Dei
2454 4162 2721 4225 Ecclesia,
2780 4161 2906 4215 inde
2942 4160 3197 4230 incipiam
3235 4158 3375 4213 unde

1803 4260 2042 4334 jnssisti.

166 4338 379 4432 λιασμοίς
408 4366 629 4425 ὁπόσοις
655 4338 917 4415 εὐοδώσει
951 4362 1011 4414 τὸ
1040 4338 1210 4430 ήᾶγιον
1247 4338 1472 4430 Πνεῦμα.
1506 4364 1571 4414 ὲκ
1597 4338 1706 4413 τῶν
1742 4353 1988 4421 ἀδελφῶν
2028 4347 2211 4420 σοφῶν
2253 4344 2591 4416 ἀφελόμενον
2627 4344 2811 4416 χάριν,
2871 4338 2954 4406 οἷς
3006 4344 3040 4415 ή
3088 4342 3372 4413 ἀγιωτάτη

167 4455 243 4507 τοῦ
292 4456 417 4509 Θεοῦ
459 4454 756 4524 Ἐκκλησία
816 4453 1116 4524 πέπληθεν,
1167 4454 1471 4527 ὲνάρξομαι
1521 4453 1695 4523 οὗπερ
1733 4451 2029 4520 ἐζήτησας.
2196 4524 2197 4527 η
2357 4524 2361 4528 Ι

227 4548 322 4603 Καὶ
348 4551 408 4621 δὴ
435 4554 492 4604 ὲν
518 4552 759 4623 πρώτοις
801 4554 1303 4624 παρασημαίνομαι
1334 4554 1437 4607 ιότι
1486 4551 1699 4605 πολλῶν

1878 4547 1942 4601 Ει
1978 4545 2164 4600 hocin
2198 4543 2389 4615 primis
2438 4547 2645 4597 annoto
2674 4536 2819 4609 quod
2861 4537 3018 4591 multi
3048 4541 3369 4606 praesentem

171 4639 454 4710 ὑπαγόντων
485 4646 547 4697 τὸ
609 4644 706 4697 τοῦ
747 4644 1111 4715 προκειμένου
1155 4645 1287 4713 ἡμῖν
1328 4643 1558 4713 σκέμμα
1600 4659 1700 4695 κα-

170 4734 290 4799 νόνος
316 4738 389 4799 εἰς
419 4738 510 4790 τὸν
529 4736 826 4806 ὲκθέμενον
853 4738 980 4798 τοὺς
1001 4737 1359 4800 δεσποτικοὺς
1386 4734 1694 4805 ἱαμδείους,

167 4824 241 4877 τὸν
267 4829 340 4889 είς
369 4828 464 4899 τὴν
485 4829 743 4896 γέννησιν
772 4827 867 4881 τοῦ
901 4828 1154 4898 Σωτῆρος
1181 4826 1449 4897 Χριστοῦ,
1474 4826 1570 4880 καὶ
1602 4830 1696 4879 τον

168 4916 230 4973 εὶς
243 4916 294 4967 τὸ
312 4916 615 4987 βάπτισμα,
642 4917 886 4979 ἐκείνους
911 4918 967 4969 δὲ
992 4914 1149 4979 αὖθις
1171 4919 1251 4981 είς
1279 4916 1370 4969 τὸν
1393 4917 1696 4987 πάμμεγαν

166 5003 386 5079 Ἰωάννην
422 5011 515 5061 τὸν
530 5010 919 5079 Δαμασκηνὸν,
945 5008 1055 5075 ἐγὼ
1107 5009 1207 5061 οὐκ
1254 5008 1397 5078 ἔχων
1439 5007 1696 5075 γενέσθαι

164 5098 333 5167 ῥᾳδίως
360 5101 579 5154 τοιᾶσδε
607 5099 859 5170 γνώμης,
893 5100 981 5154 διὰ
1008 5100 1070 5153 τὸ
1101 5099 1178 5171 μὴ
1211 5098 1695 5170 ὲξακριϐὡσασθαι

162 5188 318 5246 τοῦτόν
370 5210 429 5246 τε
484 5195 579 5246 τὸν
631 5194 854 5256 κανόνα,
905 5195 975 5263 τῇ
1027 5193 1228 5261 φράσει
1261 5190 1696 5262 τεκμαιρόμενος

161 5280 423 5337 άποδιῖστῶ
469 5286 697 5339 ἐκείνων
741 5285 850 5339 τῶν
887 5284 982 5337 δύο
1041 5283 1353 5354 ἰαμὸικῶν,
1388 5285 1484 5336 καὶ
1535 5282 1695 5337 ἄλλον

160 5377 383 5444 τεχνίτην
423 5378 659 5438 ἐκείνοις
694 5375 912 5439 ἱδιάζων
944 5375 1120 5446 ἑτέρῳ
1153 5378 1261 5429 τινὶ
1288 5374 1482 5428 τοῦτον
1514 5390 1697 5444 παρα·
1740 5422 1747 5433 μ

160 5469 379 5539 πήγνυμι
405 5471 465 5533 ὅς
492 5487 580 5533 τις
609 5470 677 5522 ἂν
708 5471 803 5524 καὶ
845 5468 930 5540 εἴη
966 5472 1197 5532 ἐκεῖνος.
1225 5470 1334 5521 Καὶ
1373 5467 1496 5522 οὐδὲ
1550 5467 1693 5520 ὲκεί-

157 5573 258 5621 im;
282 5562 354 5630 τῷ
384 5560 609 5631 μεγάλῳ
642 5560 991 5633 Δαμασκηνῷ
1043 5560 1151 5629 ἔχω
1178 5559 1528 5629 προσνέμειν,
1570 5556 1691 5610 κατ’

155 5653 311 5706 αἰτίαν
336 5655 545 5708 τοιάνδε
578 5670 596 5687 ⁸
650 5655 769 5725 φῶς
809 5657 887 5716 είς
922 5653 1018 5715 τὰς
1059 5652 1209 5715 θείας
1242 5652 1280 5703 Γ
1287 5652 1463 5722 ραφὰς
1516 5651 1691 5702 ἐλθεῖν

158 5744 209 5793 ὲκ
233 5746 355 5799 Θεοῦ
387 5750 480 5800 καὶ
503 5747 595 5800 τὸν
620 5748 873 5817 λαμπρὸν
903 5746 1091 5799 τοῦτον
1118 5743 1480 5814 Δαμασκηνὸν
1503 5741 1644 5810 λέγω
1674 5757 1688 5770 ·

160 5832 241 5901 τήν
264 5836 314 5887 δὲ
340 5839 638 5908 σαφήνειαν
679 5836 841 5893 αὑτοῦ
887 5836 968 5897 τίς
1009 5833 1311 5904 ὲκμάξεται
1363 5833 1689 5905 μιμησάμε-

1803 4640 2065 4708 hymnum
2107 4636 2347 4690 referant
2371 4634 2436 4687 ad
2470 4640 2749 4686 auctorem
2802 4628 3209 4683 Dominicorum
3247 4641 3369 4680 car-

1802 4731 2035 4792 minum,
2090 4728 2253 4782 unius
2305 4726 2523 4796 quidem
2590 4723 2660 4779 de
2717 4721 3000 4793 nativitate
3051 4717 3355 4774 Salvatoris

1799 4821 2027 4888 Christi,
2063 4818 2289 4874 alterius
2310 4817 2378 4872 de
2396 4814 2740 4885 baptismate.
2765 4813 2904 4867 alios
2932 4826 3151 4866 rursum
3174 4824 3373 4876 magno

1799 4911 1995 4967 Joanni
2027 4909 2364 4964 Dama5eeno
2392 4906 2697 4959 ascribunt.
2727 4903 2837 4973 Ego
2862 4910 3044 4955 autem
3074 4900 3214 4952 hanc.
3246 4916 3370 4953 scn-

1801 5003 2023 5059 tentiam
2059 5000 2201 5055 haud
2233 5012 2451 5070 possum
2482 4997 2658 5065 sequi,
2688 4995 2808 5050 ideo
2839 4993 2983 5064 quod
3013 5008 3119 5048 non
3143 4991 3374 5060 diligen-

1798 5104 1882 5163 ter
1910 5093 2194 5147 absolutus
2222 5099 2305 5144 est
2333 5089 2421 5142 hic
2447 5102 2659 5154 canon;
2687 5094 2742 5141 et
2767 5101 2832 5140 ex
2864 5085 3006 5153 stylo
3033 5084 3368 5151 conjectans,

1799 5198 2059 5241 semoveo
2091 5182 2201 5237 duo
2221 5180 2338 5235 haec
2386 5179 2653 5241 carmina,
2685 5187 2740 5231 et
2774 5177 2944 5231 alium
2989 5185 3270 5229 auctorem
3302 5173 3368 5226 iis

1800 5275 2072 5338 tribuens,
2098 5272 2381 5343 proprium
2415 5270 2582 5323 alium
2607 5265 2904 5338 quemdam
2960 5266 3089 5319 huic
3114 5265 3359 5333 assigno,

1797 5365 2052 5436 quisquis
2083 5365 2209 5429 ille;
2242 5378 2343 5418 nec
2371 5374 2567 5431 magno
2598 5360 2936 5414 Damasceno
2968 5357 3209 5411 tribuere
3236 5368 3363 5423 pos-

1801 5473 1945 5524 sum,
1975 5458 2047 5513 ob
2083 5470 2201 5510 eam
2225 5468 2450 5510 causam
2483 5452 2631 5522 quod
2662 5451 2756 5505 lux
2792 5451 2847 5504 in
2889 5448 3204 5518 Scripturas
3224 5444 3367 5500 divi-

1799 5564 1898 5603 nas
1928 5564 1958 5602 a
1994 5546 2106 5601 Deo
2137 5545 2310 5610 venit,
2344 5534 2398 5598 ei
2450 5543 2509 5598 in
2553 5541 2823 5596 illustrem
2879 5538 3028 5593 hunc
3078 5536 3366 5621 Damasce-

1798 5656 1966 5705 num;
2000 5647 2056 5695 et
2104 5637 2431 5707 elegantiam
2486 5634 2607 5704 ejus
2656 5632 2780 5701 quis
2833 5628 3099 5684 imitando
3147 5628 3363 5689 referet,

1798 5747 1963 5801 quam
1988 5730 2041 5785 in
2085 5728 2340 5783 omnibus
2381 5725 2602 5795 scriptis
2629 5724 2746 5779 suis
2792 5710 3035 5792 profert?
3063 5719 3107 5773 A
3144 5717 3238 5772 tali
3269 5730 3366 5770 au-

1803 5838 1907 5881 tem
1954 5822 2079 5879 idea
2119 5822 2279 5889 longe
2306 5820 2507 5875 absunt
2550 5815 2796 5886 praedicti
2849 5828 3110 5869 canones.
3163 5812 3213 5867 Si
3242 5809 3369 5869 ouis
