3788 6572
391 445 497 508 Et)?

1134 425 1562 496 EUSTATHII
1595 422 2350 490 THESSALONICENSIS
2399 413 2962 481 METROPOL.I£

3515 413 3612 476 5ηό

389 573 521 616 vero
551 554 747 610 dixerit
769 553 920 606 illum
958 550 1013 604 in
1050 548 1117 603 iis
1160 563 1302 617 quos
1338 545 1693 623 concinnavit
1744 544 1942 598 iambis
1973 580 1980 599 ι

2084 537 2286 619 οςλτὴν
2317 535 2379 588 ὲν
2419 533 2628 587 ἅπασιν
2681 522 2764 592 οἷς
2810 527 3016 598 γράφει
3047 541 3063 591 ;
3096 520 3357 594 τοιαύτης
3392 523 3447 576 δὲ
3475 524 3610 591 mia;

391 652 674 724 proprium
725 647 1050 700 immutasse
1093 641 1499 700 characterem,
1542 636 1728 691 audiet
1774 637 1951 706 primo

389 741 640 796 eumdem
698 739 751 792 in
787 735 1037 790 munibus
1074 731 1328 786 incedere
1375 730 1597 784 doctum
1641 729 1951 796 rhetorem,

390 843 444 888 et
469 831 651 885 forsan
683 828 938 889 invitum,
967 825 1278 880 dominante
1305 822 1358 877 in
1384 822 1478 876 illo
1505 821 1728 892 propria
1748 820 1801 875 in
1821 821 1956 877 scri-

393 923 571 978 bendo
603 931 794 974 natura
827 935 840 968 :
878 918 1140 986 illumque
1173 914 1410 968 maxime
1433 913 1487 968 in
1520 912 1772 968 versibus
1796 913 1956 967 talem

389 1015 653 1069 exsistere
694 1024 760 1063 eo
805 1009 950 1076 quod
1013 1007 1272 1075 majorem
1319 1003 1655 1073 voluptatetu
1724 1012 1958 1058 venatur

394 1105 601 1174 poesis,
649 1113 706 1157 et
751 1101 832 1155 sic
874 1099 1158 1152 illecebras
1210 1095 1447 1149 maxime
1498 1094 1961 1164 prtetendat;ju-

393 1195 634 1249 cundum
687 1191 828 1245 enim
878 1187 1023 1258 quod
1084 1187 1435 1256 perspicuum
1489 1192 1594 1248 est,
1634 1199 1741 1238 non
1774 1193 1958 1238 autem

394 1285 540 1354 quod
574 1288 888 1337 obscurum.
930 1279 1084 1333 Plato
1124 1278 1344 1347 quidem
1396 1292 1520 1330 cum
1576 1275 1788 1344 poetice
1822 1273 1961 1330 scri-

369 1379 496 1442 ‘hit,
525 1373 822 1428 dilucidiur
857 1382 943 1425 est
973 1379 1030 1424 ct
1063 1369 1308 1424 suavior.
1347 1366 1547 1421 Audiet
1589 1375 1778 1436 postea
1813 1365 1958 1434 quod

398 1464 834 1521 nianil'estavcrit
857 1476 1088 1531 magnus
1111 1459 1202 1513 ille
1221 1458 1306 1512 vir
1327 1457 1457 1528 quid
1483 1457 1536 1510 in
1552 1455 1700 1528 poesi
1721 1456 1954 1519 valeret;

397 1574 505 1612 non
544 1557 691 1612 enim
734 1567 939 1624 paucas
987 1559 1202 1605 tantum
1259 1564 1514 1603 versuum
1569 1548 1793 1617 paginas
1837 1544 1963 1599 reli-

397 1651 536 1718 quit,
571 1649 666 1703 sed
701 1655 756 1702 et
797 1662 940 1717 opus
988 1644 1354 1699 dramaticum
1406 1641 1652 1709 scripsit,
1714 1649 1775 1694 ut
1807 1640 1964 1692 nobis

398 1742 732 1810 experientia
785 1739 1036 1810 probavit
1099 1737 1193 1808 qui
1235 1735 1423 1789 drama
1466 1734 1694 1802 legimus
1739 1745 1962 1800 eumpo-

400 1837 566 1891 situm
596 1835 650 1888 in
681 1834 851 1888 beata:
870 1841 925 1886 et
961 1839 1124 1886 castae
1155 1832 1427 1882 Suzannaa
1461 1824 1777 1887 historiam,
1837 1836 1962 1891 per-

2055 631 2103 683 οί
2139 615 2420 700 είρημένοι
2455 625 2681 686 κανόνες
2712 621 2862 674 πάνυ
2895 619 3114 690 μακράν
3144 619 3306 669 εἰσιν.
3339 615 3404 670 El
3447 616 3612 680 δέ·τις
3686 649 3696 669 ι.

2055 723 2202 777 εῐποι
2259 723 2468 774 ἐκεῖνον
2524 715 2779 784 ἐπίτηδες
2805 711 3034 777 ἀλλάξαι
3083 708 3176 763 τὸν
3198 707 3400 762 οἰκεῖον
3447 725 3617 778 χαρα.

2037 805 2246 884 κτῆρα
2265 811 2324 864 ὲν
2349 805 2431 876 οἷς
2473 807 2717 878 ίαμὸισε,
2741 803 2936 874 πρῶτα
2967 802 3068 872 μὲν
3096 798 3390 854 ἀκούσεται
3413 799 3498 852 ὅτι
3527 815 3616 852 σα-

2058 904 2163 976 φὴς
2194 904 2379 975 ῥήτωρ
2433 897 2713 969 πανταχοῦ
2747 893 2993 958 τοιοῦτος
3033 892 3304 951 ἐκϐαίνει,
3351 889 3538 960 σχεδόν
3567 908 3618 944 τι

2059 996 2155 1051 καὶ
2208 995 2382 1058 ἄκων,
2417 988 2792 1062 τυραννούσης
2831 984 2997 1039 αὐτὸν
3021 983 3124 1053 τῆς
3169 984 3250 1044 εἰς
3285 981 3346 1034 τὸ
3399 979 3621 1049 γράφειν

2061 1089 2302 1160 φύσεως,
2329 1085 2426 1140 καὶ
2461 1083 2665 1154 μᾶλλον
2699 1083 2758 1134 ὲν
2806 1080 2924 1142 τοῖς
2979 1076 3139 1130 ἔπεσι
3193 1071 3440 1132 τοιοῦτός
3480 1072 3620 1124 ἔστιν

2061 1182 2289 1245 ἐκεῖνος,
2317 1177 2406 1230 διὰ
2433 1175 2492 1229 τὸ
2526 1172 2624 1244 τὴν
2649 1170 2948 1242 ποιητικὴν
2975 1167 3172 1240 ἡδονῆς
3225 1164 3394 1217 πλάον
3438 1165 3624 1233 στοχά-

2061 1271 2274 1336 ζεσθαι,
2300 1269 2396 1324 καὶ
2417 1267 2590 1330 οὕτως
2614 1264 2804 1334 αὐχεῖν
2833 1261 3074 1331 μάλιστα
3108 1258 3171 1311 τὸ
3189 1255 3423 1324 ἐφοκλόν
3452 1271 3471 1288 ο
3529 1255 3620 1323 ἡδὺ

2061 1365 2115 1417 (δ
2143 1363 2203 1418 τὸ
2242 1359 2434 1431 σαφὲς,
2470 1359 2532 1412 οὐ
2564 1355 2626 1410 τὸ
2662 1354 2740 1427 μὴ
2760 1353 2952 1423 σαφές.
2997 1349 3060 1404 '0
3087 1340 3221 1418 γοῦν
3251 1347 3485 1401 Πλάτων
3541 1346 3625 1424 ὅτε

2061 1455 2198 1527 πρὸς
2233 1454 2432 1526 μέτρον
2463 1466 2688 1522 γράφει,
2725 1443 3062 1516 σαφέστερός
3098 1443 3248 1496 ἔστιν
3287 1437 3487 1492 ἑαυτοῦ
3537 1437 3625 1491 καὶ

2062 1548 2399 1617 γλυκύτερος
2428 1561 2444 1577 ·
2495 1541 2614 1597 εἶτα
2651 1537 3192 1611 προσεπακούσεται,
3253 1535 3338 1588 δτι
3373 1532 3404 1584 ὁ
3460 1531 3622 1600 μέγας

2063 1641 2273 1702 ἐκεῖνος
2295 1639 2358 1692 ού
2387 1633 2618 1706 λέληθεν
2645 1632 2768 1687 οὐδὲ
2796 1631 2983 1694 ὁποῖος
3009 1623 3081 1700 ἦν
3125 1627 3228 1694 τὴν
3280 1623 3571 1677 ἐποποιίαν
3604 1635 3620 1652 ο

2063 1733 2124 1787 ού
2153 1733 2262 1802 γὰρ
2292 1728 2480 1791 ἁπλῶς
2504 1722 2786 1796 μετρητὰς
2819 1721 3001 1792 ἀφῆκε
3041 1717 3254 1781 σελίδας
3301 1715 3476 1777 ἐπῶν,
3503 1712 3627 1765 ἀλλὰ

2067 1824 2162 1876 καὶ
2196 1816 2720 1891 ὲδραματούργησεν
2748 1829 2764 1848 ο
2795 1813 2871 1878 ὡς
2903 1812 3000 1866 καὶ
3037 1811 3188 1880 ἡμᾶς
3236 1809 3271 1880 ἡ
3305 1809 3474 1875 πεῖρα
3530 1805 3630 1857 ἐδί-

400 1943 583 1998 peram
617 1927 932 1979 adnotatum
962 1930 1024 1979 ut
1062 1937 1253 1991 poema
1296 1918 1525 1974 Joannis
1558 1915 1820 1982 Mansur;
1846 1922 1964 1969 erat

2084 1913 2198 1978 Ξαξε
2225 1887 2732 1982 περιτετυχυκότας
2758 1906 3000 1977 δράματι
3029 1902 3268 1964 ἑκείνου,
3324 1895 3625 1998 autemid.

402 2033 584 2072 autem
617 2017 841 2072 Mansur
871 2030 1176 2082 cognomen
1221 2027 1331 2085 quo
1387 2009 1714 2067 maledictus
1753 2006 1966 2075 Conro-

402 2125 604 2180 nymus
652 2108 887 2177 maligne
946 2107 1272 2177 loquebatur
1328 2101 1566 2157 irridens
1623 2113 1747 2154 eum
1808 2093 1967 2166 quasi

403 2201 566 2272 Syrio
595 2209 772 2254 ortum
807 2213 1038 2268 genere;
1087 2203 1143 2250 et
1168 2192 1470 2250 adornabat
1513 2187 1967 2259 compositionem

406 2291 635 2359 hujusce
665 2288 930 2342 dramatis
981 2283 1151 2354 stylus
1201 2283 1362 2353 plane
1410 2277 1799 2349 Euripidicus;
1845 2289 1970 2343 pro-

405 2384 580 2450 prtam
605 2380 750 2432 enim
788 2376 1161 2446 genealogiam
1189 2373 1409 2427 texebat
1437 2367 1719 2430 Suzanna.
1751 2376 1807 2422 et
1831 2367 1972 2421 dole-

403 2471 496 2525 bat
540 2469 584 2523 si
623 2474 775 2521 tanto
823 2465 966 2519 malo
1016 2460 1406 2518 succumberet
1454 2459 1508 2512 in
1540 2459 1721 2522 horto,
1767 2467 1826 2512 et
1864 2457 1969 2510 vim

404 2568 710 2631 pateretur;
753 2567 883 2610 tunc
917 2553 1174 2624 paradiso
1217 2553 1399 2607 locum
1431 2550 1771 2612 assimilans,
1831 2548 1972 2603 refe-

405 2651 560 2705 rebat
618 2646 890 2717 quomodo
948 2643 1124 2700 malus
1174 2643 1390 2698 daemon
1448 2657 1666 2696 rursum
1723 2639 1974 2708 decipere

408 2752 644 2800 tentaret
690 2739 857 2794 Evam
895 2751 1012 2803 me;
1067 2737 1149 2790 sic
1205 2736 1388 2805 poesis
1446 2735 1652 2804 absque
1696 2731 1972 2802 grandilo-

407 2837 653 2906 quentia,
688 2841 744 2888 et
788 2833 907 2886 luce
949 2827 1355 2900 perspicuitatis
1408 2826 1640 2895 pollens,
1695 2839 1796 2879 nec
1849 2822 1972 2878 rudi

411 2928 598 3000 pbrasi
620 2927 851 2981 obscura
888 2924 941 2977 in
967 2923 1161 2976 illustri
1196 2919 1559 2973 Da'masceno.

2071 2019 2148 2070 νῳ
2185 2001 2285 2071 μὶν
2318 1999 2397 2063 είς
2425 2001 2492 2052 τὰ
2527 1995 2671 2051 κατὰ
2689 1995 2792 2066 τὴν
2827 1991 3108 2064 μακαρίαν
3142 1989 3400 2058 σώφρονα
3429 1983 3633 2040 Σωσάν-

2074 2111 2193 2160 ναν,
2219 2087 2810 2164 παρασεσημειωμινῳ
2842 2085 2902 2139 δὲ
2930 2085 2996 2138 ἐκ
3044 2081 3294 2150 πλαγίων
3322 2080 3538 2148 ποίημα
3561 2072 3633 2132 sl-

2075 2205 2166 2242 ναι
2200 2187 2451 2240 Ἰωάννου
2483 2181 2747 2253 Μανσούρ
2774 2180 2851 2252 (1)
2883 2194 2899 2211 ο
2925 2175 2996 2252 ἦν
3017 2177 3073 2232 δὲ
3099 2179 3128 2231 6
3152 2176 3414 2244 Μανσοὺρ
3438 2172 3633 2226 ἐπώνυ-

2080 2297 2204 2351 μον,
2265 2272 2309 2347 ᾧ
2343 2278 2410 2350 δὴ
2459 2279 2488 2331 6
2549 2277 2826 2346 ἐπάρατος
2888 2269 3273 2343 Κοπρώνυμος
3322 2266 3633 2333 ὶκακολόγιι

2074 2373 2342 2425 σκώπτων
2386 2371 2596 2423 ἐκεῖνον
2627 2362 2717 2423 οἷα
2744 2365 2934 2434 γένους
2965 2361 3307 2434 ὡρμημένον
3358 2354 3633 2427 συριακοῦ,

2072 2463 2169 2517 καὶ
2198 2461 2498 2534 ὲσκευώρει
2557 2459 2658 2531 τὴν
2719 2459 2964 2513 διάθεσιν
2999 2456 3207 2509 ἑκείνου
3241 2452 3335 2506 τοῦ
3374 2451 3635 2520 δράματος

2073 2554 2410 2625 εύριπίδειος
2431 2553 2759 2623 αὐτόχρημα
2793 2549 3014 2621 μέθοδος
3039 2562 3056 2580 θ
3083 2543 3426 2616 ἐγενεαλόγει
3460 2557 3520 2594 τε
3539 2541 3637 2610 γάρ

2071 2646 2278 2718 ἑαυτὴν
2310 2649 2344 2717 ἡ
2388 2646 2657 2700 Σωσάννα
2682 2644 2779 2698 καὶ
2798 2640 3128 2694 ἀπεκλαίετο
3155 2638 3206 2690 εἰ
3235 2634 3529 2707 περιπέσοι
3550 2649 3638 2686 κα-

2078 2738 2160 2807 κῷ
2177 2737 2484 2808 τηλικούτῳ
2515 2736 2667 2799 me;
2706 2736 2892 2805 κήπου
2929 2731 3027 2786 καὶ
3053 2728 3303 2802 βιασθείη
3339 2744 3356 2760 ο
3403 2725 3534 2778 ἔνθα
3557 2724 3640 2775 καὶ

2078 2830 2396 2902 παραδείσῳ
2433 2830 2525 2883 τὸν
2547 2829 2713 2882 τόπον
2746 2825 3042 2888 είκάσασα,
3087 2825 3147 2876 ὲν
3172 2815 3217 2889 ᾧ
3256 2821 3292 2891 ἡ
3340 2817 3636 2886 προμήτωρ

2077 2922 2182 2976 ὑπὸ
2202 2922 2296 2975 τοῦ
2319 2921 2575 2990 δαίμονος
2613 2917 2950 2988 άπατηθείη,
2981 2913 3181 2984 φράζει
3229 2910 3485 2979 γλυκέως
3524 2907 3592 2970 ὡς
3614 2904 3640 2957 6

409 3021 716 3093 άρχέκακος
739 3016 955 3087 δράκων
987 3013 1152 3068 πάλιν
1184 3012 1394 3082 πλανᾷν
1419 3011 1646 3064 ἔσπευῖε
1682 3009 1780 3079 τὴν
1813 3009 1955 3064 Εὕαν
1993 3011 2096 3082 ἐμὲ
2131 3029 2146 3046 ·
2173 3011 2348 3076 οὕτως
2367 3006 2754 3081 ἀστόμφαστος
2775 3009 2873 3063 καὶ
2895 3010 2930 3079 ἡ
2953 3006 3209 3060 ιποποιῒα
3249 3003 3345 3056 καὶ
3378 3003 3523 3074 φωτὶ
3557 3019 3639 3054 ua-

411 3118 638 3189 φηνείας
667 3114 947 3176 διάλευκος
989 3110 1084 3164 καὶ
1108 3108 1538 3176 ἀνεπισκότητος
1582 3106 1781 3175 φράσει
1813 3106 2028 3178 σκληρᾷ
2059 3106 2137 3177 τῷ
2169 3106 2410 3178 λαμπρῷ
2449 3103 2818 3177 Δαμασκηνῷ.

484 3210 656 3280 Hujus
701 3209 766 3262 ad
810 3206 1168 3261 imitationem
1213 3202 1266 3255 iu
1311 3215 1503 3270 magna
1557 3199 1970 3265 Thessalonice,

2155 3193 2231 3255 Οὗ
2275 3201 2417 3271 πρός
2441 3216 2567 3254 τινα
2602 3199 2902 3269 ὁμοιότητα
2930 3199 2988 3252 ὲν
3025 3198 3092 3267 τῇ
3141 3195 3353 3266 μεγάλῃ
3385 3197 3642 3248 0:60am-

414 3304 629 3359 iambos
652 3301 780 3355 olim
821 3304 1118 3351 texuerunt
1151 3292 1391 3356 diaconi,
1415 3306 1558 3344 unus
1582 3290 1804 3359 quidem
1840 3291 1982 3344 indi-

415 3410 576 3464 gena,
625 3389 844 3446 nomine
875 3387 1170 3447 Sumanes,
1219 3381 1547 3438 scrinlorum
1591 3379 1880 3449 praefectus
1919 3393 1985 3433 cx

341 3509 350 3512 ’
414 3485 784 3545 ecclesiastica
828 3480 1122 3550 dignitate;
1148 3476 1286 3530 alter
1306 3474 1528 3544 sapiens
1556 3471 1984 3543 Megalopolites,

417 3579 580 3634 levita
618 3587 900 3631 sacrarum
937 3571 1136 3624 artium
1172 3567 1452 3637 magister,
1484 3563 1712 3620 Michael
1771 3575 1986 3633 protec-

420 3672 592 3734 dicos,
627 3668 720 3736 qui
783 3664 999 3720 tandem
1033 3659 1322 3715 vexatione
1366 3656 1568 3712 diaboli
1602 3655 1904 3720 laboravit;
1934 3662 1991 3711 et

422 3763 586 3814 ambo
615 3745 834 3829 pr0pter
879 3757 1138 3822 hymnum
1173 3767 1270 3822 pro
1297 3747 1649 3804 sanctissimo
1678 3747 1828 3802 urbis
1858 3762 1992 3816 pra:-

423 3852 592 3916 l‘ecto,
645 3851 711 3903 de
780 3846 1121 3903 suaveolenti
1185 3856 1382 3912 inagno
1437 3849 1681 3911 martyre
1757 3838 1987 3910 gloriam

424 3942 601 4014 adepti
625 3951 775 4003 sunt,
811 3954 935 3994 cum
965 3952 1077 3992 non
1128 3936 1254 3990 vilia
1299 3934 1586 3998 dixissent,
1615 3940 1671 3986 et
1701 3931 1992 3986 luciditate

427 4037 717 4108 fulgerent.
753 4031 899 4086 Ante
933 4044 1026 4084 eos
1069 4036 1272 4091 autem,
1300 4026 1493 4081 eodem
1532 4033 1788 4092 suscepto
1826 4036 1993 4092 opere

426 4128 494 4180 de
532 4123 931 4196 augustissimo
981 4117 1296 4174 Nativitatis
1328 4116 1531 4172 Christi
1583 4114 1724 4171 festo
1751 4114 1993 4170 Joannes

427 4216 748 4272 Geometres
777 4211 1000 4284 gloriari
1051 4211 1230 4282 potuit
1269 4219 1323 4264 et
1348 4211 1465 4278 ipse
1484 4209 1632 4280 quod
1670 4208 1835 4264 simili
1872 4208 1996 4262 luce

429 4307 734 4380 gravitatis,
771 4312 826 4360 et
868 4303 1133 4358 claritatis
1177 4309 1232 4355 et
1286 4300 1574 4357 suavitatis
1623 4299 1994 4370 praalulgeret,

432 4399 506 4454 nil
531 4406 585 4452 et
621 4399 734 4467 ipse
763 4411 1014 4466 asperum
1050 4393 1281 4448 habens.
1313 4393 1368 4446 Si
1407 4392 1534 4464 quis
1558 4404 1740 4447 autem
1771 4399 1998 4447 conten-

432 4490 569 4543 dens
627 4487 809 4542 dicere
845 4485 999 4539 malit
1040 4485 1384 4554 spiritualem
1437 4483 1835 4538 modulatorern:
1888 4481 1996 4534 alta

2085 3293 2212 3363 νίκῃ
2241 3290 2546 3362 ιςθάσαντές
2584 3307 2715 3343 ποτε
2746 3289 3002 3360 ίιμδίσαι
3050 3287 3316 3350 διάκονοι,
3347 3286 3375 3339 6
3416 3287 3522 3356 μέν
3573 3303 3644 3348 τις

2085 3384 2378 3454 ἐγχώριος,
2412 3381 2653 3454 ἐπίκλην
2704 3381 3014 3452 Σουμάνης,
3055 3379 3408 3452 χαρτοφύλαξ
3459 3379 3522 3430 τὸ
3566 3380 3646 3430 ἐκ·

2086 3476 2482 3546 κλησιαστικδν
2508 3475 2748 3546 άξῖωμα,
2775 3475 2966 3545 ἔτερος
2995 3473 3052 3528 δὲ
3101 3473 3263 3541 σοφὸς
3305 3467 3647 3540 μεγαλοκολί-

2085 3583 2207 3638 της,
2259 3567 2478 3636 λευῖτης
2531 3567 2905 3636 ἁγιοσοφίτης,
2950 3565 3170 3637 Μιχαὴλ
3213 3561 3645 3635 πριυτέκδικος,ό

2087 3661 2147 3713 ἐν
2176 3661 2388 3730 ὑστέρῳ
2414 3658 2798 3730 δυσκληρήσας
2831 3657 3069 3728 έπηρείᾳ
3107 3657 3386 3725 δαίμονος,
3420 3654 3517 3706 καί
3554 3653 3644 3719 ἀμ·

2091 3753 2310 3822 φότεροι
2344 3751 2477 3819 πρὸς
2505 3749 2676 3820 ὕμνον
2711 3748 2806 3803 τοῦ
2833 3749 3149 3817 άγιωτάτου
3184 3746 3479 3815 πολιούχου
3521 3742 3646 3797 κατὰ

2089 3843 2178 3896 τὸν
2205 3841 2548 3913 μυροϐλύτην
2592 3840 3064 3912 μεγαλομάρτυρα
3097 3839 3484 3909 εὐδοκίμησαν,
3536 3835 3643 3889 οὗτε

2091 3932 2329 3988 ταπεινὰ
2379 3932 2690 4002 φράσαντες
2740 3931 2836 3985 καὶ
2881 3929 3153 4002 σαφηνείᾳ
3209 3927 3645 3998 ἑλλαμψάμενοι·

2092 4023 2203 4096 πρὸ
2228 4023 2285 4076 δὶ
2320 4023 2502 4076 αὐτῶν
2532 4023 2610 4084 είς
2643 4023 2828 4092 ὅμοιον
2873 4022 3034 4092 ἔργον
3067 4018 3450 4087 πονησάμενος
3494 4019 3523 4072 6
3571 4035 3648 4070 σο-

2092 4117 2342 4184 φώτατος
2369 4115 2628 4183 Ἰωάννης
2655 4115 2682 4166 6
2711 4113 3044 4184 Γεωμέτρης
3102 4111 3197 4163 ἐπὶ
3251 4113 3318 4182 τῇ
3375 4110 3651 4176 πανσέπτῳ

2092 4210 2192 4280 τῆς
2212 4207 2306 4261 τοῦ
2338 4205 2574 4278 Χριστοῦ
2601 4206 2910 4278 γεννήσεως
2969 4205 3158 4274 ἑορτῇ,
3202 4203 3368 4273 ἔσχεν
3426 4203 3650 4272 αὐχῆσαι

2095 4302 2189 4354 καὶ
2220 4299 2382 4362 αὐτὸς
2403 4299 2574 4370 ὁμοίῳ
2600 4298 2740 4368 φωτὶ
2771 4297 2865 4351 καὶ
2890 4296 3222 4366 σεμνότητος
3242 4296 3335 4349 καὶ
3370 4293 3652 4363 σαφηνείας

2099 4392 2193 4446 καὶ
2217 4387 2557 4458 γλυκύτητος
2587 4385 3042 4458 λαμπρύνασθαι,
3075 4385 3234 4438 οὐδέν
3265 4402 3322 4438 τι
3365 4382 3655 4452 σκληρυνάο

2104 4497 2267 4551 μενος
2308 4477 2421 4533 οὐδ’
2453 4477 2618 4541 αὑτός
2650 4493 2668 4512 ο
2705 4476 2754 4530 εί
2785 4475 2842 4528 δέ
2869 4493 2955 4538 τις
2982 4475 3181 4545 ὲρίζων
3221 4473 3442 4528 ἑλέσθαι
3502 4472 3656 4525 εἰπεῖν

433 4580 758 4650 sapientein,
791 4577 875 4631 vel
896 4577 1054 4630 aliter
1082 4575 1487 4647 dithyrambico
1522 4573 1647 4644 igne
1671 4586 1980 4628 succensun

2104 4575 2198 4629 τὸν
2225 4571 2602 4635 πνευματικὸν
2642 4570 2883 4642 μελῳδὸν
2904 4568 3260 4640 λυκοφρόνως
3294 4569 3327 4638 ἢ
3360 4567 3536 4628 ἄλλως
3593 4565 3659 4618 6i-

432 4671 749 4743 scripsisse,
773 4665 918 4739 quod
975 4669 1220 4722 urbanus
1250 4673 1305 4722 et
1336 4667 1532 4720 doctus
1577 4663 1906 4719 Theocritus
1944 4663 1998 4716 in

435 4761 755 4818 methodum
792 4753 1042 4828 redigere
1085 4756 1300 4820 statuit,
1338 4755 1423 4809 vel
1459 4765 1516 4808 ut
1551 4753 1766 4807 laudem
1814 4763 1998 4822 capta-

435 4861 540 4918 ret,
563 4851 648 4905 vel
682 4857 742 4904 ut
776 4854 1018 4918 aequaret
1038 4846 1174 4900 alios
1209 4844 1302 4898 tali
1332 4844 1481 4914 poesi
1516 4842 1857 4905 nobilitatos,
1895 4842 2000 4897 etsi

435 4941 683 5013 quaedam
719 4953 826 4994 non
868 4935 1096 5007 probata
1139 4933 1308 4999 dicat,
1343 4940 1397 4989 et
1459 4931 1759 5000 probabilia
1790 4939 2000 4986 tantum

435 5034 582 5088 edat.
615 5030 746 5085 Esto
773 5037 974 5092 tamen,
1003 5025 1288 5080 veritatem
1347 5023 1580 5088 dixerit;
1611 5029 1670 5076 ut
1717 5022 1864 5078 enim
1895 5036 2002 5077 non

437 5141 734 5197 arguantur
767 5124 910 5196 quod
942 5124 1016 5177 ita
1057 5119 1378 5176 aﬂirmative
1415 5118 1581 5174 locuti
1608 5117 1786 5174 simus
1815 5119 1882 5174 de
1923 5117 2007 5174 his

437 5235 565 5291 qua:
595 5233 699 5274 non
755 5215 1065 5287 Oportebat,
1098 5212 1290 5269 demus
1323 5217 1383 5265 ut
1419 5210 1710 5267 mutaverit
1758 5209 2006 5265 musicus

435 5318 664 5368 sanctus
718 5306 1093 5362 Damascenus
1139 5302 1416 5374 propriam
1481 5302 1777 5373 loquelam,
1847 5303 2004 5371 quasi

439 5402 590 5458 vocis
625 5399 1024 5462 dissimulator,
1059 5411 1152 5466 per
1183 5395 1546 5450 imitationem
1577 5411 1682 5450 non
1721 5409 1842 5464 qure
1875 5395 2009 5450 stur-

451 5493 667 5567 pliciter
719 5507 750 5547 a
783 5490 970 5546 multis
1018 5495 1305 5544 exercetur
1359 5487 1578 5557 quando
1621 5472 2030 5557 opportunitas

441 5586 696 5650 voluerit,
727 5597 834 5638 non
869 5595 978 5651 qua
1002 5579 1203 5649 insigni
1229 5579 1389 5634 modo
1408 5591 1666 5635 narratur
1692 5579 1760 5635 de
1789 5578 2008 5633 heroica

443 5672 678 5746 quadam
704 5685 956 5741 persona,
995 5667 1094 5727 sed
1125 5667 1430 5724 secundum
1471 5668 1830 5741 apostolicam
1857 5667 2005 5723 illam

2107 4660 2472 4731 Oupapﬁuubc
2497 4659 2741 4728 ποιῆσαι,
2773 4658 2804 4711 6
2833 4659 2929 4714 καὶ
2955 4660 2984 4712 6
3021 4659 3237 4721 ἀστεῖος
3280 4657 3400 4726 ἅμα
3434 4658 3526 4710 καὶ
3579 4672 3658 4708 σο-

2107 4753 2207 4824 φὸς
2269 4752 2562 4822 Θεόκριτος
2608 4752 2870 4823 ὲπέκρινέ
2924 4768 3028 4805 που
3093 4749 3424 4818 μεθοδεύσαι
3455 4747 3656 4819 χάρενῆ

2108 4843 2487 4914 φιλοτιμίαςῆ
2513 4842 2702 4906 ἁπλῶς
2754 4843 3066 4908 ἑξισώσεως
3117 4843 3217 4908 τῆς
3265 4843 3406 4911 πρὸς
3461 4843 3660 4909 ἐτέρους

2107 4935 2534 5003 άγλαϊζομένους
2579 4935 2839 5005 ὲποποιῖᾳ
2900 4934 3128 5004 τοιαύτη
3150 4971 3168 4997 ,
3233 4933 3524 5002 ἀμάρτυρα
3575 4931 3662 5000 μὲν

2108 5025 2262 5079 λαλεῖ
2295 5028 2414 5092 καὶ,
2465 5025 2547 5089 ὠς
2579 5026 2776 5091 είπεῖν,
2830 5023 3178 5092 είκοτολογετ.
3228 5025 3415 5077 Ἔστω
3446 5023 3502 5075 δὲ
3530 5023 3664 5089 ὅμως

2108 5117 2410 5190 ἀληθεύων.
2435 5118 2555 5171 Ἵνα
2580 5116 2692 5186 γάρ
2731 5116 2810 5187 μὴ
2835 5114 3141 5186 πεισμονὴν
3171 5115 3459 5183 περιέπει-ν
3482 5111 3662 5179 ἔγκληο

2109 5211 2300 5282 θῶμεν
2329 5210 2422 5280 ἐφ’
2455 5207 2543 5275 οἷς
2578 5210 2680 5264 οὐκ
2706 5211 2893 5281 ἐχρῆν,
2925 5209 3180 5279 διδόαμεν
3211 5207 3442 5275 ἀλλάξαι
3469 5205 3556 5258 καὶ
3586 5202 3665 5255 τὸν

2111 5305 2268 5372 ἆγιον
2297 5301 2664 5373 Δαμασκηνὸν
2729 5301 2997 5372 μελῳδὸν,
3045 5301 3142 5354 τὸν
3188 5300 3398 5353 οἰκεῖον
3451 5295 3665 5366 φθόγγον

2108 5391 2199 5450 οἷα
2228 5395 2325 5450 καί
2357 5411 2481 5448 τινα
2509 5393 2832 5465 φωνόμιμον
2862 5393 2998 5464 πρὸς
3019 5393 3254 5464 μίμησιν
3281 5392 3346 5446 ού
3373 5390 3472 5462 τὴν
3500 5386 3666 5449 άπλῶς

2114 5487 2268 5555 παρὰ
2306 5489 2421 5550 τοῖς
2447 5485 2668 5550 πολλοῖς
2701 5485 3113 5558 μελετωμένην,
3148 5486 3241 5537 ὅτε
3283 5485 3494 5555 καιρὸς,
3553 5476 3663 5532 οὐδὲ

2120 5577 2263 5630 κατὰ
2294 5577 2357 5630 τὸ
2389 5576 2685 5649 ἐξαιρέτως
2719 5577 3085 5649 ίστορημόνην
3114 5574 3247 5646 περί
3277 5591 3422 5636 τινος
3451 5564 3666 5644 ἡρωϊκοῦ

2118 5667 2438 5739 προσώπου,
2471 5669 2608 5724 ἀλλά
2641 5671 2786 5724 κατὰ
2813 5669 2912 5740 τὴν
2937 5669 3032 5723 ὑπ’
3057 5665 3227 5722 αὑτοῦ
3278 5662 3664 5738 μεμελισμένην

518 5843 595 5914 (ι)
625 5841 701 5898 De
719 5843 1004 5914 agnomine
1031 5841 1278 5908 Maurus.
1317 5843 1557 5913 itemque
1582 5839 1658 5900 de
1692 5843 1815 5918 alio
1865 5843 2009 5900 intra
2044 5844 2294 5914 legendo,
2325 5846 2515 5911 Arcto.
2543 5845 2778 5904 Allatitls
2813 5845 2935 5903 loco
2970 5829 3253 5908 praedicto.
