3840 6566
174 377 262 443 διε.
729 361 754 377 ‘
865 433 870 438 .
936 375 1020 437 IN
1056 377 1398 440 IIYMNUM
1456 380 2105 450 PENTECOSTALEM
2129 389 2591 456 DAMASCENI.
3270 397 3374 462 sit

239 497 296 549 '0
319 494 372 549 δὲ
428 495 700 566 μετρήσας
747 495 897 564 ἡμᾶς
949 497 1162 566 χρόνος.
1193 500 1362 571 ἔφηνε
1414 506 1508 559 καὶ
1538 505 1755 570 αὑτὺςέ

1879 504 1984 562 Sed
2008 507 2152 576 quod
2181 519 2465 565 mensurat
2515 527 2614 565 nos
2639 522 2874 580 tempus,
2901 511 3271 569 manifestavit
3329 527 3387 572 et

171 587 315 656 ἄνδρα
335 584 551 672 λευῖτην
602 585 772 650 δεξιὸν
807 586 1054 650 ἑξανύειν
1089 589 1311 658 λογικάς
1332 595 1687 668 ἐγχειρήσεις

1874 613 1990 653 sum
2037 599 2255 654 Ievitam
2287 600 2563 656 hominem
2593 602 2828 670 peritum
2881 604 3195 673 perficiendi
3232 615 3390 662 ratio-

173 673 248 742 αίς
268 677 328 732 ἀν
352 677 592 731 ἐπιϐάλοι
619 720 633 742 ,
682 677 1007 750 Ὀλυντηνδν
1031 685 1103 748 τις
1122 684 1352 756 ἐπίκλην
1379 700 1395 717 ⁸
1452 690 1548 740 καὶ⁵
1577 689 1686 742 εῐδο

1875 689 2192 759 lliaineepta
2220 692 2419 758 quibus
2472 693 2716 750 animum
2753 694 3087 760 intendebat,
3141 695 3391 764 Olyntte-

175 788 258 842 μεν
301 769 440 822 ίστδν
479 770 537 824 ὃν
561 771 766 837 ἐκεῖνος
824 773 1056 845 ὲξύφανε
1103 777 1400 847 μετρικῶς,
1430 779 1521 832 καὶ
1552 779 1683 833 ἐθαυ

1872 795 1942 832 tm
1972 779 2190 835 nomine
2224 796 2241 834 :
2279 792 2331 835 et
2362 781 2597 836 vidimus
2619 783 2781 851 telam
2839 799 3003 851 quam
3062 787 3288 839 metrice
3311 797 3388 840 te-

176 861 398 930 μάσαμεν
417 860 702 927 ἀκούοντες
727 865 827 934 μὲν
850 865 909 918 τὸ
939 867 1189 937 τέχνημα
1225 869 1322 922 καὶ
1359 870 1422 922 ἐκ
1452 869 1687 925 παλαιοῦ

1878 871 1952 936 ιίι,
1985 880 2039 925 et
2069 872 2250 928 mirati
2273 888 2464 930 sumus
2497 848 2787 930 audientes
2839 885 3010 930 artem
3069 875 3210 931 Itane
3252 877 3394 930 anti-

174 953 301 1007 οὔπω
337 952 390 1005 δὲ
444 957 934 1026 περιτετυχηκότες
993 961 1220 1031 τοιούτῳ
1282 961 1441 1031 μέχρι
1505 961 1600 1016 καὶ
1657 965 1690 1016 ὲ.

1882 979 1978 1016 ιιιηι
2010 979 2158 1030 esse,
2196 972 2253 1020 et
2277 966 2520 1020 nondum
2560 967 2843 1036 hucusque
2883 968 2991 1024 tale
3031 969 3157 1037 quid
3187 970 3398 1024 videra-

175 1041 310 1096 αὐτόν
333 1059 348 1076 ο
374 1040 438 1112 ἦν
476 1043 532 1096 δὲ
567 1045 627 1097 τὸ
665 1047 1012 1119 ίστούργημα
1049 1050 1224 1104 έκεῖνο
1272 1053 1516 1106 τοιοῦτον
1554 1067 1570 1084 ο
1601 1070 1691 1106 στι

1881 1071 1956 1108 us.
1995 1055 2122 1108 Erat
2145 1066 2326 1111 autem
2348 1065 2561 1112 textura
2589 1057 2711 1112 talis
2737 1072 2752 1108 :
2781 1058 2969 1113 Versui
2994 1059 3171 1128 primo
3205 1047 3397 1126 subia-

174 1138 304 1208 χιδίῳ
328 1137 521 1210 πρώτῳ
541 1140 798 1196 ὑπέκειτο
817 1143 1006 1214 ἕτερον
1029 1146 1235 1214 ὅμοιον,
1259 1147 1546 1217 στοιχείοις
1577 1165 1686 1218 γρα

1885 1148 1976 1202 bat
2005 1149 2144 1203 alter
2164 1149 2382 1216 similis,
2444 1150 2730 1205 elementis
2763 1151 3037 1220 graphicis
3062 1150 3180 1204 sine
3229 1151 3399 1205 inter-

174 1235 329 1300 φικοτς
353 1234 405 1292 ἐς
431 1235 843 1305 ἀπαράλειπτον
871 1239 991 1294 κατ’
1018 1243 1194 1294 ἐκεῖνο
1215 1242 1550 1311 ποσούμενον
1577 1257 1593 1274 ⁹
1620 1261 1690 1296 κα

1882 1241 2085 1295 issione
2125 1241 2424 1296 secundum
2451 1242 2605 1296 illum
2633 1242 3062 1298 conformatus:
3104 1253 3160 1298 et
3201 1258 3398 1298 secun-

173 1321 237 1391 τῷ
280 1323 507 1394 δευτέρῳ
557 1327 738 1394 τρίτον
770 1329 1086 1399 ὑπέστρωτο
1121 1333 1356 1400 ἐμφερὲς
1409 1336 1476 1386 τά
1525 1349 1591 1400 γε
1637 1336 1689 1386 εἰ.

1885 1355 1887 1374 ι
1922 1331 2118 1385 tertius
2149 1331 2467 1388 substratus
2501 1343 2619 1388 erat
2641 1335 2787 1402 quod
2832 1334 3138 1387 litterarum
3211 1348 3401 1385 nume-

174 1416 379 1485 ἀριθμὸν
441 1418 788 1487 γραμμάτων
815 1436 829 1450 ο
861 1421 953 1473 καὶ
985 1419 1063 1489 τῷ
1093 1424 1264 1491 τρίτῳ
1302 1423 1582 1493 τέταρτον,
1619 1441 1689 1476 κα

1889 1437 2186 1490 meompar
2235 1430 2290 1475 et
2351 1426 2510 1476 tertio
2568 1433 2818 1492 qttartus,
2889 1431 2943 1474 et
3007 1421 3086 1476 sic
3145 1421 3401 1487 deinceps

173 1505 306 1560 τοῦτο
334 1509 623 1578 ἐχομένως,
658 1509 763 1573 ἕως
803 1505 864 1563 οὗ
916 1513 1125 1576 ἐκεῖνος
1177 1516 1286 1568 εἴτε
1356 1515 1550 1585 ἤθελεν
1607 1518 1687 1570 εῖτ

1884 1514 2184 1582 toadusque
2223 1521 2410 1569 textus
2432 1515 2605 1569 voluit
2635 1524 2728 1569 aut
2756 1515 2932 1584 pOtuit
2961 1531 2976 1568 :
3006 1523 3059 1566 et
3085 1513 3277 1566 litterae
3308 1527 3400 1564 eno

173 1598 375 1668 ἠδύνατο
399 1616 414 1630 ⁸
449 1601 550 1654 καὶ
584 1601 652 1656 τά
677 1604 981 1674 γράμματα
1026 1607 1272 1676 κιονηδὺν
1299 1604 1412 1662 οἷον
1435 1609 1689 1676 διατεταγ

1889 1621 2019 1658 mna:
2084 1607 2254 1659 instar
2337 1605 2600 1660 ordinatae
2656 1607 2722 1660 ad
2811 1605 3152 1674 perspicuam
3208 1604 3405 1657 distin-

179 1691 294 1755 μένα
319 1691 435 1744 κατ’
461 1693 776 1765 εὐκρίνειαν
814 1698 872 1749 ὲν
894 1698 969 1763 τῷ
998 1697 1230 1751 ἕκαστον
1278 1698 1463 1769 στίχον
1503 1701 1695 1767 ἑκάστη

1884 1692 2082 1764 ionent,
2113 1691 2243 1746 dum
2275 1692 2504 1759 singulis
2531 1693 2772 1749 versibus
2816 1693 3015 1762 singuli
3049 1692 3400 1761 subjacentes

177 1783 455 1837 ἐπικεῖσθαι
477 1787 860 1855 ἀνακείμενον,
890 1787 964 1850 ὡς
988 1788 1036 1841 εί
1070 1790 1164 1842 καὶ
1187 1791 1433 1862 ἀλλήλων
1467 1795 1534 1845 τὰ
1577 1810 1692 1846 στοι

1886 1791 2196 1854 :rsareutur,
2234 1784 2304 1836 ita
2347 1794 2403 1837 ut
2438 1783 2668 1838 invicem
2696 1786 3040 1838 rolurrerent
3083 1784 3352 1836 elementa
3385 1797 3402 1848 ;

177 1875 275 1944 χεία
299 1874 596 1946 ἐξήρτηντο
619 1894 634 1932 '.
667 1878 967 1947 ὲφάνταξον
989 1879 1306 1944 στυλίσκους
1336 1882 1459 1947 τοὺς
1487 1882 1587 1952 μὲν
1618 1902 1686 1937 κα

1891 1871 2184 1929 tendebant
2214 1875 2504 1930 columnas
2531 1883 2585 1929 et
2611 1875 2663 1929 in
2689 1876 2980 1930 latitudine
3011 1884 3068 1930 et
3098 1877 3151 1928 in
3181 1875 3407 1944 profui»

179 1963 234 2016 τὰ
252 1963 460 2030 πλάτος,
491 1967 618 2030 τοὺς
645 1967 701 2020 δὲ
732 1974 874 2022 κατὰ
899 1967 1062 2040 βάθος
1087 1971 1281 2040 ὀρθοὺς
1305 1973 1574 2042 ἅπαντας,
1625 1994 1695 2031 κα

1889 1975 2006 2032 Late,
2037 1975 2214 2022 rectas
2257 1981 2470 2030 omnes,
2499 1984 2620 2022 cum
2657 1975 3166 2037 eoagmentarentur
3206 1967 3260 2019 in
3288 1965 3405 2020 sin-

181 2056 646 2128 σνμδιϐαζομένων
681 2060 790 2114 τῶν
817 2063 874 2114 ὲν
905 2063 1190 2134 ἑκατέροις
1228 2067 1452 2120 ὲννοιῶν
1476 2069 1697 2137 ἀναγνως

1891 2055 1958 2112 lis
1972 2059 2255 2114 sententiae
2287 2073 2530 2130 congrue
2551 2062 2615 2116 ad
2647 2059 2956 2131 legendum,
2979 2057 3403 2113 acrostichidnm

181 2152 350 2214 στικῶς
381 2152 779 2224 ἀκροστιχίδων
824 2155 980 2225 δίκην
1010 2175 1024 2190 ο
1081 2159 1411 2230 ἐκληροῦντο
1452 2162 1587 2224 ίδίας
1621 2163 1697 2232 μὲε

1887 2158 2027 2212 star;
2064 2149 2313 2218 proprias
2344 2151 2715 2206 sortiebantur
2757 2151 3059 2206 sententias
3108 2163 3302 2203 versus
3346 2149 3403 2202 in

181 2241 357 2305 ἐννοίας
387 2245 435 2296 οί
462 2245 606 2299 κατά
633 2246 834 2311 πλάτος
861 2247 1062 2318 ὅρδινοι
1094 2251 1140 2321 (l
1153 2270 1172 2319 )
1203 2252 1299 2304 ἀπ’
1347 2255 1522 2324 ἀρχῆς
1558 2255 1697 2323 μέχρ

1901 2240 2106 2296 itudine
2139 2241 2402 2306 ordinati,
2431 2242 2499 2296 ab
2535 2242 2695 2296 initio
2739 2243 3004 2312 usquead
3041 2243 3205 2295 finem
3235 2257 3248 2306 ;
3285 2253 3411 2307 prn-

181 2332 254 2386 τοῦ
283 2333 592 2389 τελευταίου
626 2353 641 2367 ·
671 2338 805 2402 ίδίας
843 2339 901 2394 δὲ
927 2341 1188 2408 ὡσαύτως
1223 2345 1274 2396 οί
1311 2323 1454 2398 κατά
1511 2346 1673 2417 βάθος

1892 2331 1970 2386 ias
1999 2332 2258 2387 similiter
2286 2334 2379 2403 qui
2412 2333 2463 2387 in
2496 2333 2787 2388 altitudine
2811 2341 2867 2388 et
2888 2345 3007 2388 erat
3076 2347 3184 2386 non
3231 2333 3408 2385 Pene-

182 2426 257 2478 καὶ
282 2423 340 2496 ἧν
361 2428 421 2480 ού
455 2430 776 2503 Πηνελόπης
807 2433 951 2487 ἱστὸς
975 2434 1184 2500 ἐκεῖνος
1241 2439 1333 2491 καὶ
1394 2441 1698 2509 ἱστορούμις⁴

1895 2422 1962 2477 )is
1992 2423 2096 2478 tela
2125 2423 2259 2488 haec,
2291 2424 2362 2477 ab
2386 2423 2634 2479 historiis
2659 2427 2876 2496 cognita
2897 2435 2950 2480 et
2970 2424 3242 2478 celebrata
3271 2439 3286 2484 ς
3311 2435 3411 2474 "ec

182 2536 253 2582 νος
277 2523 362 2574 καὶ
389 2523 755 2602 ἀναγόμενος,
790 2527 822 2597 ἢ
863 2527 1081 2595 Ἑλένης
1113 2531 1321 2594 πέπλος
1394 2532 1698 2602 Ἐλληνικοίη

1891 2516 2039 2569 deum
2077 2515 2251 2570 velum
2280 2517 2602 2586 Argivorum
2645 2533 2959 2587 camporum
2992 2512 3407 2578 certaminibus,

181 2609 482 2677 ἁεθλεύμασι
541 2617 928 2686 κατάπαστος,
992 2622 1128 2676 ἀλλά
1192 2624 1436 2693 ἐμπλοκὴ
1491 2627 1681 2694 σοφίας

1894 2607 1916 2660 [Ι
1941 2607 2222 2676 sapientiae
2249 2610 2588 2678 complexus,
2622 2608 2780 2677 cujus
2825 2607 3111 2676 pulchrum
3136 2620 3273 2676 opus
3295 2605 3410 2673 pri-

182 2697 237 2767 ἦς
268 2704 416 2775 δργον
473 2708 641 2762 καλὸν
691 2712 790 2765 καὶ
822 2712 882 2765 τὸ
935 2714 1213 2784 πάρεργον
1241 2732 1256 2749 ο
1299 2718 1446 2770 ίοτοῦ
1499 2719 1554 2771 δὲ
1598 2719 1698 2772 τούι

1895 2702 2060 2755 arium
2087 2711 2141 2756 et
2169 2701 2580 2762 secundarium,
2603 2702 2724 2755 tela:
2757 2711 2938 2754 autem
2963 2699 3122 2767 hujus
3175 2698 3411 2753 stamina

184 2815 258 2851 τον
301 2802 564 2870 στήμονες
604 2804 727 2872 μὲν,
757 2799 868 2859 οἷον
894 2807 961 2861 τὰ
993 2809 1134 2862 κατά
1169 2808 1341 2877 βάθος
1387 2812 1494 2880 ἔπη
1525 2827 1538 2842 ·
1591 2814 1692 2882 κρό

1893 2803 1964 2848 :ut
1992 2805 2044 2850 et
2083 2809 2293 2860 versus,
2345 2793 2398 2846 in
2467 2791 2738 2862 profundo
2759 2791 2932 2859 posita
2959 2807 2974 2857 ;
3001 2800 3172 2844 trama
3225 2797 3409 2842 autem

185 2907 240 2960 κη
281 2893 349 2956 δὲ,
376 2895 448 2948 τά
483 2896 579 2950 τοῦ
598 2897 832 2962 πλάτους
857 2915 872 2929 ’
922 2903 1016 2954 καὶ
1047 2901 1320 2970 λογίζεται
1352 2905 1385 2974 ἡ
1445 2879 1543 2974 μὲν
1600 2879 1692 2959 τού

1917 2885 2226 2948 latitudine,
2257 2893 2307 2938 et
2329 2886 2632 2938 aestimatur
2669 2893 2883 2937 textura
2916 2882 3098 2950 poesis
3143 2881 3252 2947 illa,
3290 2879 3411 2946 sed,

184 3001 259 3037 τοι)
284 2989 496 3058 ποίησις
531 2989 784 3059 ὕφανσις,
813 2992 888 3056 ῶς
912 2989 1022 3046 οἷον
1048 2996 1105 3048 δὲ
1145 2997 1422 3063 ἀνάλυσις,
1469 3002 1502 3068 ἡ
1558 3003 1696 3070 ἀνάγ

1908 2995 2122 3050 aequum
2165 2988 2267 3044 est,
2304 2977 2603 3048 explicatio
2633 2977 2713 3031 vel
2730 2977 3036 3045 expositio;
3071 2985 3123 3028 et
3151 2977 3241 3044 qni
3264 2989 3413 3026 eon-

185 3094 336 3146 νωσις,
393 3082 486 3136 καλΙ
534 3085 563 3138 δ
609 3085 814 3155 στήσας
865 3089 1073 3142 ἐκεῖνον
1106 3092 1402 3158 προσφυῶς
1435 3065 1502 3146 ἂν
1533 3065 1701 3162 ρηθείι

1890 3072 2005 3126 ituit
2037 3086 2182 3134 eam,
2215 3083 2581 3141 congruenter
2607 3068 2885 3122 diceretur
2918 3068 3081 3121 docta
3137 3065 3406 3120 textnisse

185 3170 313 3240 λόγον
335 3173 597 3244 ἰξυφάναι
629 3179 795 3246 σοφόν
827 3195 842 3210 ο
876 3179 952 3242 ὡς
979 3181 1039 3234 δὲ
1073 3157 1341 3250 δύσεργον
1374 3184 1436 3236 τὸ
1483 3157 1701 3237 τοιοῦτο

1893 3163 1997 3218 :rba
2030 3177 2190 3231 quam
2218 3161 2454 3215 diflicilis
2477 3161 2549 3213 sit
2629 3161 2756 3212 talis
2816 3167 3056 3220 textura,
3121 3157 3263 3210 sciet
3315 3157 3409 3224 qui

189 3265 472 3338 ἐξύφασμα,
503 3268 777 3336 γνώσεται
811 3273 839 3327 ὁ
867 3247 1265 3342 πειρασόμενος
1301 3275 1434 3328 αὐτὸ
1466 3275 1705 3345 διαχειρί.

1893 3253 1994 3307 lem
2031 3252 2314 3314 instituere
2370 3249 2626 3313 tentabit,
2683 3250 2861 3304 solers
2913 3248 3152 3302 futurum
3201 3247 3246 3301 si
3291 3262 3409 3300 eam

190 3357 352 3413 σεσθαι
385 3376 401 3391 ο
449 3361 614 3431 σοφὸς
647 3362 746 3431 μὲν
775 3339 1036 3432 ἐσόμενος
1066 3339 1227 3434 είπερ
1249 3366 1382 3418 αὐτὸ
1423 3339 1703 3434 ἀκριὲὼσε

1893 3353 1956 3400 »ιθ
2014 3344 2301 3415 perfecerit
2330 3360 2347 3410 ;
2389 3360 2495 3398 non
2529 3343 2728 3412 poterit
2758 3353 2938 3396 autem
2967 3355 3139 3410 usque
3163 3341 3217 3394 in
3248 3339 3409 3393 finem

189 3467 260 3503 ται
291 3467 305 3482 ο
357 3453 420 3507 ού
471 3454 834 3526 δυνησόμενος
895 3456 952 3508 δὲ
997 3456 1086 3510 διά
1129 3433 1315 3520 τέλους
1348 3433 1696 3521 ούδ“αύτὸςέ

1906 3439 2098 3509 ipsein
2129 3437 2316 3492 multis
2367 3451 2489 3491 esse
2539 3436 2686 3489 sicut
2731 3435 3026 3505 praedictus
3086 3433 3412 3502 ingeniosus

191 3544 376 3608 πολλοῖς
399 3543 538 3599 εἶναι
573 3525 718 3601 κατά
747 3547 839 3600 τὸν
875 3548 1050 3612 οὕτως
1079 3551 1303 3604 είπόντα
1357 3551 1541 3617 σοφόν.
1593 3554 1707 3605 Πτέι

1894 3548 1936 3586 r.
1964 3531 2093 3587 Alas
2123 3540 2326 3594 autem,
2351 3539 2406 3584 et
2433 3545 2654 3585 sveures
2681 3537 2734 3584 et
2771 3543 2895 3587 ova.
2921 3536 2974 3582 et
3007 3525 3223 3589 altaria,
3254 3525 3409 3594 signa

193 3658 338 3708 ρνγας
363 3643 416 3695 δέ
437 3659 498 3708 γε
532 3643 627 3694 καὶ
647 3643 836 3706 ἀξίνας
862 3643 960 3696 καὶ
980 3643 1066 3697 ῶά
1113 3645 1206 3699 καὶ
1270 3645 1511 3716 βωμοὺς,
1566 3647 1709 3714 ἀθύρ

1916 3639 2191 3684 musarum
2259 3631 2578 3676 ornamenta
2624 3634 2682 3676 ut
2722 3620 3019 3675 decentius
3080 3627 3405 3688 appareant,

196 3749 317 3798 ματα
341 3737 431 3788 καὶ
463 3733 603 3786 αύτά
635 3735 857 3804 μουσῶν
890 3737 1219 3806 σεμνότερον
1250 3709 1307 3790 δὲ
1345 3709 1506 3804 eam;
1563 3709 1712 3806 ἀγάλ

1885 3716 2168 3772 heoeritus
2197 3726 2374 3775 canat.
2396 3713 2479 3768 vel
2514 3714 2560 3769 si
2615 3714 2739 3783 quis
2792 3713 2936 3766 alius
2985 3711 3261 3778 reperitur
3309 3709 3395 3762 in-

198 3840 336 3890 ματα,
359 3799 650 3894 Θεόκριτος
677 3799 1092 3898 παραδεικνύτω
1111 3799 1204 3882 καὶ
1235 3830 1288 3882 ετ
1310 3799 1396 3892 τις
1434 3831 1593 3892 ἄλλος
1613 3799 1714 3882 ’τοιι

1889 3809 2069 3878 unptis
2088 3809 2230 3861 dans
2262 3806 2500 3876 seipsum
2534 3814 2723 3859 auctor
2762 3803 3069 3866 sententiis,
3100 3801 3252 3871 juxta
3315 3799 3405 3853 in-

197 3917 302 3970 οὖτο
323 3893 637 3986 ἐκφαίνεται
670 3935 686 3950 ο
717 3893 778 3973 ού
807 3921 1116 3980 σπουδαίοις
1147 3923 1352 3985 ἐκεῖνος
1391 3922 1595 3988 λογίοις
1641 3923 1705 3974 ὲκ

1896 3907 2028 3954 ιοιοε
2051 3899 2442 3970 inquisitores;
2464 3897 2558 3952 sed
2591 3897 2773 3967 potius
2799 3895 3160 3950 urbanitatem
3183 3893 3412 3962 diligen-

196 4005 343 4072 διδοὺς
401 4009 592 4081 ἑαυτὸν
644 4014 784 4064 κατά
826 4012 954 4074 τοὺς
1013 4011 1366 4081 ἀδιακρῖτους
1415 3985 1712 4078 ἐξεταστὰς

1885 3993 2049 4047 ssime
2079 4000 2342 4046 sectatur.
2378 3990 2450 4044 De
2513 3990 2714 4057 quibus
2731 3989 3023 4044 dicendum
3068 3994 3153 4041 est
3179 3985 3286 4039 tale
3312 4001 3401 4037 ar-

196 4099 310 4152 ἀλλά
356 4102 488 4169 πρὸς
544 4103 603 4154 οὐ
662 4101 873 4170 φαύλην
927 4104 1163 4172 σπουδὴν
1193 4105 1607 4172 ἀστεῖζόμενος.
1647 4106 1712 4158 Ἐ·

1893 4099 2005 4138 tum
2037 4083 2318 4153 opusipsis
2358 4081 2525 4138 fuisse
2550 4081 2788 4137 laborem
2817 4081 3028 4134 facilem
3052 4120 3066 4141 ,
3104 4078 3409 4133 molestiam

198 4185 264 4252 οἷς
287 4192 424 4244 ἐστιν
453 4195 632 4246 εἰπεῖν
662 4194 736 4256 ὡς
765 4187 832 4264 ἦν
863 4195 1044 4258 αὐτοῖς
1105 4197 1138 4264 ἡ
1187 4195 1413 4263 τοιαύτη
1472 4198 1714 4267 ὲργῳὸία

1897 4180 2074 4242 dcem,
2116 4178 2486 4247 fatigationem
2543 4175 2732 4230 dolore
2791 4186 3087 4239 carentem,
3147 4173 3413 4226 concinna

201 4282 341 4347 κόπος
367 4285 581 4348 ἀπονος.
620 4286 816 4354 μόχθος
839 4287 1066 4352 γλυκὺς,
1099 4287 1260 4350 πόνος
1288 4266 1610 4358 ἀνάλγητος,
1641 4288 1717 4356 ἔμε

1901 4290 1998 4340 Ira,
2041 4269 2420 4328 immaterialis
2448 4270 2722 4337 voluptas,
2779 4270 2952 4322 otium
3015 4267 3291 4335 sapienter
3337 4266 3417 4320 la-

205 4389 378 4441 μουσος
397 4376 644 4446 ἀσχολία,
675 4376 836 4439 ἀῦλος
862 4377 1048 4446 ἡδονὴ,
1097 4377 1266 4447 ἀργία
1298 4357 1537 4446 suam;
1569 4381 1721 4448 ἔργα·

1904 4363 2108 4427 »ποειὴὶ
2145 4361 2327 4433 ngenii
2384 4361 2652 4416 acuminis
2675 4361 2875 4424 cultus,
2946 4371 3208 4412 novarum
3269 4357 3420 4422 cogi-

203 4466 330 4533 τικὴ,
351 4465 502 4534 θῆξις
526 4467 708 4537 ψυχῆς
736 4469 814 4531 εἰς
837 4467 1093 4536 ὀξύτητα,
1123 4467 1348 4536 ἐθισμὸς
1407 4469 1719 4538 καινοτέρωπ

1904 4459 2111 4510 tionttm
2147 4453 2487 4511 consuetudo
2512 4491 2528 4516 ,
2557 4451 2848 4506 laudabilis
2905 4450 3054 4504 verbi
3110 4449 3417 4511 innovaliu,

215 4514 220 4515 ν
252 4514 330 4533 "1'
357 4514 499 4534 "I‘rv
535 4514 706 4537 ιν-ιι-ιν
738 4514 812 4531 *τι
842 4514 1093 4536 *τνν-ι-ψι
1123 4514 1345 4536 ""5'"!
1409 4514 1708 4538 """"'r"

205 4557 446 4623 ἐπινοιῶν,
479 4558 804 4628 καιντιτ-ιμία
830 4559 992 4626 λόγου
1025 4559 1316 4629 ἐπαινετὴ,
1357 4559 1581 4628 μέθοδος
1644 4559 1721 4612 τοί

1906 4549 2046 4604 odus
2072 4563 2180 4600 non
2216 4545 2478 4614 sequendi
2511 4543 2654 4598 viam
2686 4543 3014 4606 multorum;
3046 4538 3419 4596 Cailimacltus

209 4645 272 4716 μὴ
299 4648 490 4716 βαίνειν
523 4651 645 4703 κατ’
679 4651 802 4720 ἴχνη
847 4649 1078 4716 πολλῶν,
1135 4650 1163 4704 ὃ
1217 4651 1280 4719 δὴ
1338 4651 1725 4720 Καλλίμαχοςι

1907 4639 2210 4709 tilosopltus
2269 4636 2530 4701 instituit,
2585 4635 2672 4689 via
2733 4632 3006 4688 inventrix
3100 4630 3423 4686 recentioris

207 4741 344 4808 σοφδς
364 4741 744 4812 ἐπετήδευσεν,
780 4741 968 4810 ἔφοδος
1029 4741 1362 4812 ὲφευρετικὴ
1423 4743 1723 4812 καινοτέρας

1909 4743 2100 4794 )eseos,
2131 4725 2420 4780 laudabilis
2458 4724 2584 4794 fuga
2623 4721 3059 4794 tautograpltias,
3098 4720 3298 4792 ingenii
3335 4735 3425 4776 os-

209 4833 472 4903 ποιήσεως,
506 4834 714 4898 ἔνδοξος
746 4834 1004 4903 ἀποφυγὴ
1052 4833 1483 4904 ταυτογραφίας,
1518 4834 1725 4904 εὐφυΐας

1909 4819 2054 4884 nsio,
2093 4815 2460 4871 manifestatis
2498 4815 2683 4869 uberis
2711 4814 2903 4879 animi,
2937 4827 3074 4867 nova
3139 4819 3192 4867 et
3262 4825 3425 4880 gene-

210 4902 427 4990 ἔνδειξις,
449 4925 712 4992 ἐπίδειξις
739 4902 1000 4997 εὐπορίας
1023 4929 1238 4995 νοερᾶς,
1262 4902 1606 4992 -φιλόκαινος
1655 4944 1726 4981 κα

1913 4924 1980 4963 νεῖὶ
2019 4907 2168 4962 verbi
2199 4905 2472 4969 tractatio,
2537 4905 2852 4959 divitiarum
2921 4902 3282 4973 spiritualium
3341 4915 3429 4954 ac-

212 5014 460 5084 φιλότιμος
503 4994 893 5087 μεταχείρισις
929 4994 1126 5085 λόγου,
1156 5016 1532 5088 ἐξηλλαγμένη
1589 5015 1728 5070 στολὶ

1911 5000 2110 5063 ιὶεἱιίο,
2134 4999 2338 5070 vigoris
2370 4997 2574 5068 ingenii
2613 5005 3020 5068 argumentum,
3048 4998 3130 5050 vis
3157 4994 3427 5064 graplticat

214 5107 398 5174 σοφίας,
437 5109 642 5178 ἀγαθὸν
678 5109 990 5175 ἀλλόκοτον,
1027 5110 1260 5163 πλούτου
1287 5107 1477 5178 νοεροῦ
1532 5109 1752 5178 προχει-
1859 5092 2143 5150 exltibitio.

218 5214 356 5266 Ρισις,
394 5201 636 5272 ἔμφασις
658 5202 941 5273 δυνάμεως
965 5203 1226 5272 ψυχικῆς,
1255 5201 1520 5270 ἐκφανσις
1567 5199 1755 5270 ίσχύος

217 5293 486 5363 γραφικῆς.

281 5381 408 5437 Ἀλλ’
436 5386 573 5457 ὅπερ
611 5385 806 5443 ἀνόπιν
828 5386 988 5454 λόγου
1018 5383 1326 5454 φθάσαντες
1352 5383 1753 5453 ὲσκεπτόμεθα,

1939 5376 2044 5431 Sed
2077 5372 2220 5446 quod
2256 5378 2414 5426 antea
2447 5365 2938 5424 considerabamus
2960 5373 3140 5420 utrum
3176 5363 3334 5419 multi
3365 5379 3432 5417 ex

219 5471 351 5543 εἴπερ
379 5453 560 5540 πολλοί
581 5496 729 5542 τινες
757 5481 849 5532 καὶ
884 5453 994 5532 τῶν
1019 5453 1076 5532 εν
1106 5480 1237 5550 ἡμῖν
1285 5478 1632 5548 παλαιτέρων
1663 5493 1734 5529 κα

1916 5468 2268 5539 ttiqnioribus
2291 5473 2344 5519 et
2367 5479 2438 5517 ex
2465 5460 2774 5516 recentibus
2811 5459 2963 5529 poesi
2997 5470 3215 5525 operam
3251 5453 3432 5510 dedis-

221 5566 308 5618 τῶν
332 5571 651 5640 προσφάτων
683 5572 928 5641 καὶπερὶ
959 5547 1158 5642 μέτρα-
1179 5547 1532 5641 έπονήσαντο,
1583 5568 1614 5638 ἢ
1672 5567 1737 5621 διέ

1926 5571 2006 5624 nt,
2037 5559 2117 5612 Vel
2144 5564 2366 5626 prepter
2399 5553 2624 5608 inditam
2680 5549 3020 5612 facilitatem,
3077 5547 3157 5599 vel
3216 5557 3435 5613 propter

226 5635 772 5734 Nﬂdivnvvlpppova,
801 5664 837 5736 ἢ
859 5635 996 5734 πρός
1024 5635 1182 5736 χάριν
1209 5635 1524 5728 ὁποιανοῦν,
1552 5635 1646 5714 καὶ
1664 5659 1742 5728 γέ·

1919 5665 2085 5706 ιυεοιιι
2117 5647 2572 5718 qualemcunque,
2597 5639 2782 5696 ethoc
2830 5638 3033 5693 accidit
3082 5636 3284 5690 volenti
3335 5635 3435 5688 Da-

289 5842 357 5912 (l)
387 5844 460 5898 lta
486 5845 608 5901 cod.
