3840 6562
423 387 532 456 515

1172 393 1592 457 EUSTATHII
1629 393 2379 463 TBESSALONICENSIS
2413 403 2978 467 METROPOLITE

3073 337 3112 360 κ

3543 417 3628 484 516

423 513 700 564 ιηεεοειιο,
721 497 1072 557 ἱῐιιιηιίιιαωτὶ
1095 498 1355 560 Ecclesia:
1379 503 1607 574 Dei,'qui
1633 505 1823 562 doctos
1839 508 2007 577 carpit

2121 528 2268 578 rovsv
2301 501 2617 584 ἐθελήσαντι
2649 516 2744 569 καὶ
2776 516 2856 584 τῷ
2887 517 2951 569 ἑκ
2986 514 3275 584 Δαμασκοῦ
3302 520 3530 592 φωστῆρι
3550 527 3631 596 τῆς

420 592 630 647 iambos
655 593 1029 660 concinnare;
1067 603 1120 650 et
1149 596 1251 651 hoc
1276 611 1384 651 non
1404 598 1704 654 secundum
1724 602 2000 671 propriam

421 693 668 738 naturam
697 701 842 752 quas,
872 693 930 740 ut
960 687 1036 740 ita
1063 687 1265 754 dicam,
1317 689 1572 746 homines
1609 706 1707 761 per
1737 693 2001 762 Spiritum

421 785 671 829 sanctum
702 775 907 831 lumine
929 778 1124 847 replet,
1153 779 1252 834 sed
1287 780 1354 834 ad
1411 781 1768 839 imitationem
1802 787 1999 854 poetici

421 863 651 928 ingenii,
683 865 842 922 modo
867 867 1088 935 quidem
1155 868 1411 924 sublimis
1481 880 1536 928 et
1577 873 1776 942 dulcis,
1842 877 2002 929 tnodo

422 967 602 1008 autem
637 955 794 1023 rigidi
823 967 879 1012 et
905 957 1152 1014 infelicis
1181 958 1267 1016 his
1298 963 1500 1032 quibus
1525 964 1788 1034 loquitur,
1825 975 1885 1021 ut
1919 967 2002 1022 di-

425 1042 848 1113 xerit'quidam;
879 1050 1181 1104 secundum
1211 1067 1372 1121 quem
1398 1056 1774 1112 characterem
1805 1069 1856 1114 et
1889 1060 2003 1130 ipse

423 1135 564 1189 alius
593 1135 805 1190 videtur
836 1152 901 1192 ac
932 1150 1112 1208 antea,
1148 1143 1306 1210 quasi
1350 1160 1576 1203 accessu
1615 1148 1850 1206 difﬁcilis
1886 1169 1901 1206 :
1951 1164 2006 1210 et

427 1228 570 1279 unle
604 1227 705 1281 hoc
727 1231 960 1294 oriatur,
988 1232 1286 1289 allirmatur
1321 1238 1638 1294 certissimo
1661 1243 1841 1297 modo.
1873 1243 2006 1298 Pro-

429 1315 594 1371 l'unde
623 1319 786 1388 igitur
814 1321 1130 1390 inclinatus,
1164 1326 1399 1383 libenter
1429 1330 1642 1402 accipio
1667 1336 1810 1402 quod
1857 1337 2004 1390 aflir-

427 1418 627 1473 matur,
659 1414 1137 1481 reprehensionem
1165 1430 1518 1490 accepturus,
1542 1425 1588 1481 si
1614 1429 1801 1482 senior
1827 1428 2004 1487 factus

427 1502 670 1556 nendum
697 1506 940 1560 noverim
965 1523 1078 1564 rem
1135 1519 1244 1566 tam
1269 1515 1604 1584 pulchram;
1670 1519 1851 1575 ferens
1905 1539 2004 1578 au-

429 1600 558 1657 tem,
589 1609 656 1649 eo
684 1598 828 1666 quod
890 1615 998 1655 non
1055 1603 1301 1672 ignorem
1358 1624 1465 1664 non
1516 1611 1774 1668 omnibus
1821 1622 2004 1672 omnia

426 1682 558 1739 dare
592 1686 796 1754 Deum;
826 1697 881 1744 et
910 1691 1133 1762 longum
1171 1704 1389 1765 tempus
1427 1715 1523 1767 per
1557 1703 1701 1771 quod
1742 1709 2006 1762 statuitur

426 1776 785 1844 experientia,
815 1795 925 1836 non
954 1784 1201 1840 omnium
1274 1789 1522 1858 peritiam
1596 1797 1856 1852 omnibus
1903 1800 2003 1851 tri-

425 1865 613 1935 buere;
648 1870 694 1924 si
719 1879 899 1926 autem
929 1877 1020 1944 qui
1054 1877 1374 1934 amrmaturi
1445 1893 1574 1938 sunt
1599 1895 1652 1939 et
1714 1891 2002 1957 probaturi

429 1959 717 2025 quasllum
746 1977 853 2016 non
911 1964 1215 2034 inveniant,
1271 1971 1624 2029 nihilominus
1679 1993 1885 2046 annuo,
1952 1989 2009 2036 et

430 2047 724 2104 multorum
767 2067 970 2120 sequor
998 2055 1341 2124 opinionem,
1375 2070 1428 2116 et
1457 2062 1524 2115 de
1579 2075 1778 2122 caetero
1843 2072 2005 2127 amici

431 2137 675 2208 iniuncta
714 2146 886 2200 subeo
920 2163 937 2202 :
970 2148 1074 2204 hoc
1107 2152 1246 2206 bene
1281 2157 1645 2225 perpendens,
1676 2161 1809 2215 illud
1862 2165 2006 2234 quod

431 2229 484 2284 in
526 2232 768 2290 Ecclesia
795 2248 980 2294 sancta
1012 2242 1380 2300 introductum
1415 2247 1601 2312 fuerit,
1655 2253 1809 2321 quasi
1878 2229 2004 2311 inde

429 2321 540 2392 iam
567 2333 620 2379 et
653 2327 1056 2386 manifestatum
1089 2342 1143 2389 et
1169 2338 1456 2404 probatum
1516 2349 1566 2394 et
1597 2339 1926 2410 iudicatum,
1955 2356 2011 2403 et

433 2415 490 2471 in
549 2419 845 2482 psalmodia
913 2425 1288 2495 praedicatum,
1346 2441 1492 2487 certe
1548 2433 1601 2490 in
1637 2446 2007 2510 contemptum

436 2508 646 2575 venire,
676 2510 720 2564 si
743 2527 851 2566 non
908 2514 1229 2572 admittatur
1275 2527 1333 2574 ut
1389 2521 1531 2577 beati
1601 2525 1779 2583 Patris
1833 2508 2013 2588 mente

437 2609 618 2654 satum
642 2617 660 2667 ;
687 2610 744 2657 et
768 2613 1054 2673 propterea
1087 2622 1194 2664 non
1217 2609 1625 2680 despiciendum
1692 2621 1850 2689 quasi
1879 2636 2013 2690 spu-

435 2694 578 2746 rium
603 2701 658 2748 et
681 2694 1068 2764 interpolatum
1105 2711 1159 2755 et
1181 2700 1306 2757 ideo
1336 2704 1669 2774 rejectitinm
1741 2712 1823 2766 vel
1878 2713 2012 2786 abji-

437 2781 733 2850 ciendum;
761 2787 854 2840 sed
881 2789 1067 2855 potius
1093 2789 1490 2860 adoptandum,
1519 2806 1576 2852 et
1603 2798 1658 2854 in
1715 2803 1883 2858 multa
1913 2781 2013 2860 ha-

438 2874 672 2930 bendum
711 2881 1098 2939 a-stimatione.
1153 2885 1449 2950 Quomodo
1511 2891 1658 2946 enim
1721 2895 2014 2963 reprehen-

437 2968 593 3025 sione
615 2971 838 3042 dignum
858 2990 966 3030 non
985 2984 1154 3044 esset,
1181 2981 1533 3051 margaritam
1572 2983 1626 3039 in
1661 2984 2015 3044 fundamento

435 3063 836 3130 ecclesiastico.
862 3068 942 3122 vel
968 3068 1175 3138 lapillo,
1231 3073 1316 3127 vel
1377 3074 1570 3130 illitam
1634 3079 1841 3134 calcem
1903 3093 2012 3135 non

2103 602 2198 654 τοῦ
2225 602 2364 656 Θεοῦ
2405 603 2758 676 Ἐκκλησίας,
2805 606 3165 678 ἁλλαξαμένῳ
3227 607 3326 681 τήν
3386 612 3632 685 φιλόσοφον

2104 694 2348 749 διάθεσιν
2381 696 2638 766 ίαμϐίσαι
2669 716 2684 731 ο
2714 701 2810 754 καὶ
2832 699 2997 755 τοῦτο
3030 701 3092 755 οὑ
3124 701 3266 758 κατὰ
3320 704 3416 772 τὴν
3469 706 3632 764 ἑαυτοῦ

2103 786 2272 854 φύσιν
2298 787 2420 857 τὴν,
2464 789 2540 853 ὡς
2560 789 2734 854 οὕτως
2768 792 2964 855 εἰπεῖν,
2989 793 3046 846 ὲν
3067 793 3210 862 ἁγίῳ
3235 794 3498 866 Πνεὺματι
3524 817 3632 869 φαε.

2106 877 2424 948 σίμϐροτον,
2459 881 2597 936 ἀλλὰ
2620 882 2759 953 πρὶς
2811 883 3046 954 μίμησιν
3077 879 3420 956 χαρακτῆρος
3456 907 3634 958 ποιητι-

2105 969 2226 1032 κοῦ,
2255 969 2432 1036 ἄλλως
2458 973 2556 1042 μὲν
2583 973 2703 1027 κατ’
2733 975 2942 1030 ἔννοιαν
2977 978 3307 1047 σεμνοτάτου
3334 981 3424 1031 καὶ
3469 981 3635 1048 γλυκυ-

2105 1059 2295 1127 τάτου,
2333 1057 2416 1126 οἷς
2459 1060 2515 1116 δὲ
2566 1065 2765 1134 φράζει
2824 1066 3101 1138 αὐστηροῦ
3149 1070 3258 1122 είτε
3305 1072 3393 1123 καὶ
3443 1072 3634 1141 ἁτηροῦ,

2104 1150 2248 1204 κατά
2295 1151 2387 1204 τὸν
2411 1151 2584 1216 οὕτως
2618 1155 2850 1223 ἐροῦντα
2879 1173 2894 1188 ο
2957 1158 3085 1212 καθ’
3113 1158 3175 1212 δν
3217 1161 3522 1230 χαρακτῆρα
3563 1167 3637 1219 καὶ

2104 1242 2266 1306 αὐτὸς
2292 1244 2502 1308 ἀλῖοῖος
2533 1247 2781 1314 φαίνεται
2809 1248 2842 1319 ἢ
2892 1249 3153 1319 πάροιθεν
3182 1249 3256 1314 ὡς
3299 1249 3634 1322 δυσπρόσιτος,

2105 1336 2194 1388 καὶ
2231 1339 2589 1406 μαρτυρεῖται
2615 1339 2783 1394 ποθεν
2808 1340 2969 1395 τοῦτο
3001 1343 3081 1406 είς
3105 1345 3492 1415 ἁναμφήμοτον
3517 1364 3529 1378 ·
3573 1350 3637 1403 τί-

2106 1425 2241 1495 θημι
2273 1427 2504 1499 βαθεῖαν
2530 1432 2930 1503 προσκύνησιν,
2959 1436 3054 1488 καὶ
3095 1435 3323 1506 δέχομαι
3365 1439 3488 1505 πρὸς
3536 1442 3636 1508 ὀμο-

2104 1520 2295 1588 λογίαν
2357 1523 2418 1576 τὸ
2484 1525 2877 1595 μαρτυρηθέν·
2922 1529 3250 1595 πεισόμενος
3304 1527 3401 1596 μὲν
3450 1527 3503 1583 εὖ
3542 1525 3636 1584 οῖδα

2109 1611 2318 1682 μέμψιν
2347 1614 2594 1682 είγέρων
2620 1617 2911 1684 ἄνθρωπος
2944 1621 2997 1682 ἐς
3056 1618 3215 1688 βαθὺ,
3271 1619 3423 1674 οὔπω
3467 1621 3638 1690 ἔμαθον

2110 1703 2408 1775 ἱστορήσας
2429 1709 2663 1777 πρᾶγμα
2713 1708 2856 1762 οὕτω
2887 1710 3072 1764 καλόν.
3105 1711 3447 1781 Ἀνεξόμενος
3485 1713 3534 1764 δὲ
3569 1713 3640 1768 διὰ

2107 1795 2166 1844 τδ
2198 1794 2272 1864 μὴ
2333 1796 2662 1864 ἀμφιγνοεῖν
2708 1800 2782 1862 ὡς
2831 1797 2954 1852 οὔτε
3015 1802 3152 1853 πᾶσι
3207 1800 3382 1855 πάντα
3413 1802 3638 1855 δίδωσινό

2110 1884 2240 1948 Θεός
2269 1900 2286 1915 °
2321 1885 2441 1940 οὐδὲ
2470 1887 2578 1958 μὴν
2606 1891 2632 1942 ό
2659 1889 2870 1958 μακρὸς
2901 1891 3094 1959 χρόνος
3122 1891 3190 1944 δι’
3244 1891 3302 1944 οὗ
3369 1891 3638 1963 ἀθροέζεται

2111 1975 2462 2047 πολυπειρία,
2492 1979 2710 2032 πάντων
2747 1979 2922 2034 ἅπασι
2952 1983 3150 2052 πεῖραν
3203 1983 3490 2052 ἐντίθησιν.
3536 1983 3640 2037 Ἐὰν

2109 2066 2164 2120 δὲ
2189 2068 2240 2120 oi
2279 2069 2732 2139 μαρτυρήσοντες
2759 2072 2854 2125 καὶ
2884 2073 3296 2144 πιστωσόμενοι
3332 2073 3391 2126 τὸ
3416 2071 3640 2144 ζητούμε-

2113 2177 2204 2212 νον
2239 2161 2340 2229 οὑχ
2368 2161 2731 2230 εὑρίσκοιντο,
2772 2165 3068 2232 προσκυνῶ
3097 2165 3196 2220 καὶ
3223 2163 3413 2230 οὕτως,
3462 2167 3542 2219 καὶ
3579 2168 3642 2219 τί-

2063 2251 2276 2318 ,-θε;ναι
2307 2255 2373 2323 τῇ
2405 2255 2561 2323 φήμῃ
2592 2254 2702 2307 τῶν
2750 2255 2982 2323 πολλῶν,
3029 2256 3124 2310 καὶ
3171 2256 3269 2310 τοῦ
3304 2256 3487 2311 λοιποῦ
3525 2257 3643 2324 γίνοο

2113 2363 2212 2417 μαι
2245 2345 2340 2401 τοῦ
2383 2345 2598 2416 φιλικοῦ
2630 2349 3008 2420 ἐπιτάγματος
3044 2364 3060 2383 ⁶
3105 2351 3287 2406 ἐκεῖνο
3330 2349 3496 2414 καλῶς
3547 2352 3644 2403 ἔπι-

2111 2437 2494 2507 λογισάμενος,
2531 2438 2698 2493 ὅτιτὸ
2729 2439 3231 2510 ὲκκλησιαζόμενον
3258 2439 3433 2510 ίερῶς,
3476 2439 3540 2502 ὡς
3560 2439 3641 2510 ήδη

2113 2530 2206 2582 καὶ
2246 2529 2583 2599 ἐμφανισθὶν
2615 2531 2711 2584 καὶ
2773 2532 3105 2600 δοκιμασθὲν
3137 2535 3236 2586 καὶ
3288 2532 3530 2602 ὲγκριθὲν
3568 2530 3645 2584 καὶ

2112 2617 2193 2680 είς
2225 2617 2554 2689 ψαλμῳδίαν
2584 2621 3126 2691 παρρησιαζόμενον,
3155 2622 3259 2676 οὑκ
3291 2620 3434 2676 ἔστιν
3486 2621 3640 2690 ὥσπερ

2113 2707 2211 2759 οὐκ
2265 2708 2597 2780 ἐξαθερίσαι,
2651 2710 2833 2774 οὕτως
2879 2711 3002 2766 οὐδὲ
3061 2711 3396 2783 ἀμφιϐαλεῖν
3449 2711 3515 2782 μή
3539 2711 3639 2780 οὐχὶ

2115 2802 2328 2870 ἀγαθοῦ
2379 2805 2584 2875 πατρὸς
2605 2805 2724 2868 νοδς
2746 2805 2944 2874 δηλαδὴ
2977 2805 3206 2874 ἔκγονον
3234 2801 3370 2860 εἶναι
3399 2819 3413 2834 ·
3449 2805 3519 2857 διδ
3548 2803 3644 2857 οὐδὲ

2115 2893 2315 2962 χρῆναι
2355 2895 2810 2962 παριδλέπεσθαι
2847 2895 2922 2958 ὥς
2969 2896 3138 2949 νόθονί
3166 2898 3264 2950 καὶ
3307 2896 3646 2961 ὑποϐολιμαῖον

2118 2985 2208 3034 καὶ
2232 2981 2299 3036 δι’
2334 2985 2464 3036 αὐτὸ
2497 2985 2662 3054 ἔκϐλη
2677 3003 2760 3039 τον
2794 2987 2827 3057 ἢ
2863 2987 3176 3052 ἀπόϐλητον
3199 3030 3214 3054 ,
3249 2989 3380 3043 ἀλλὰ
3434 2985 3646 3040 εἰσποιεῖ-

2119 3073 2245 3126 σθαι
2274 3113 2289 3137 ,
2323 3075 2418 3128 καὶ
2446 3077 2504 3126 ἐν
2534 3073 2677 3145 λόγῳ
2720 3075 2968 3130 τίθεσθαι
3011 3077 3216 3146 πολλῷ.
3253 3080 3322 3131 Ἢ
3347 3078 3455 3139 πῶς
3476 3075 3561 3129 οὑκ
3594 3072 3646 3126 ἄν

443 3155 591 3220 ραι·νί
630 3153 830 3218 facere,
860 3157 954 3211 sed
988 3161 1226 3215 revereri
1260 3160 1351 3215 ubi
1398 3165 1706 3230 occurrerit
1739 3181 1754 3232 ;
1815 3177 1871 3221 et
1919 3166 2014 3222 do-

2123 3165 2206 3234 εῐη
2239 3168 2544 3234 μεμπτέον.
2585 3167 2873 3237 μάργαρον
2905 3169 3006 3238 μὲν
3034 3168 3184 3224 λίθον
3209 3169 3464 3242 κρηπῖδος
3486 3166 3646 3234 ἐκκλη-

440 3260 562 3316 ενηα
584 3247 651 3302 de
687 3247 954 3306 Trinitate
980 3257 1033 3306 et
1079 3265 1361 3308 sermones
1383 3254 1566 3330 divina
1589 3257 2026 3329 mysterialuter-

443 3349 738 3408 pretautes,
765 3342 968 3412 quibus
994 3343 1135 3399 beati
1163 3343 1329 3401 Deum
1375 3349 1521 3403 servi
1545 3349 1878 3418 collaudant,
1911 3365 2018 3407 non

437 3445 562 3485 cum
590 3435 947 3490 veneratione
984 3435 1166 3493 dicere
1194 3446 1249 3492 et
1277 3438 1578 3508 praecinere
1631 3451 1686 3495 et
1720 3441 1821 3498 rite
1867 3457 2022 3498 cum-

441 3539 672 3594 ponere,
706 3535 761 3581 et
795 3529 870 3583 nil
896 3531 1223 3587 remittendo
1253 3541 1460 3587 etcum
1497 3533 1778 3589 luciditate
1843 3549 2018 3604 expo-

444 3634 594 3688 nere,
627 3619 700 3675 ita
731 3631 791 3676 ut
819 3622 899 3676 sic
923 3624 1333 3679 sanctificentur
1359 3632 1413 3679 et
1433 3625 1577 3680 oculi
1609 3633 1664 3680 et
1695 3640 1784 3692 os,
1809 3633 1866 3680 et
1899 3640 2016 3682 ma-

444 3726 548 3766 nus
573 3720 623 3767 et
652 3714 873 3769 habitus
903 3717 1172 3784 corporis,
1197 3724 1251 3770 et
1283 3716 1464 3771 anima
1498 3717 1612 3787 ipsa
1632 3717 1658 3770 ἲ

2129 3260 2434 3327 σιαστικῆς,
2467 3260 2500 3329 ή
2538 3261 2768 3330 ψηφίδος
2803 3260 3160 3332 ἢέμπλασμα
3195 3265 3410 3318 τιτάνου
3463 3262 3528 3332 μὴ
3574 3275 3647 3313 πε·

2125 3350 2336 3420 ριορᾷν,
2358 3350 2434 3414 ὡς
2456 3355 2796 3418 παραπεσεῖν
2823 3353 2947 3406 ὅποι
2965 3353 3140 3424 τύχοι,
3170 3354 3444 3421 θεολογίας
3459 3354 3508 3406 δὲ
3529 3363 3650 3420 τρια-

2123 3439 2279 3505 δικὰς
2306 3441 2580 3507 τοιαύτας,
2599 3447 2695 3498 καὶ
2725 3444 2916 3513 λόγους
2946 3449 3267 3516 μυστηρίων
3299 3446 3564 3500 θειοτάτων
3578 3444 3650 3496 ἐκ.

2123 3535 2421 3605 φάντορας,
2451 3529 2533 3600 οἷς
2564 3537 2662 3590 καὶ
2692 3536 2839 3606 ἅγιοι
2862 3537 3000 3593 Θεοῦ
3041 3541 3375 3610 θεράποντες
3403 3539 3649 3608 ὑμνοῦνται

2121 3629 2604 3700 παραπλεκόμενοι
2636 3631 2712 3701 μή
2743 3632 3141 3704 προσκυνητῶς
3170 3635 3268 3688 καὶ
3297 3631 3552 3686 λαλεῖσθαι
3577 3625 3650 3680 καὶ

2115 3719 2447 3791 summa“,
2481 3724 2577 3776 καὶ
2600 3722 2913 3794 γράφεσθαι
2946 3726 3027 3788 εις
3051 3724 3241 3796 ὀρθὸν,
3281 3727 3374 3780 καὶ
3396 3719 3654 3778 ἀνυποστό-

443 3809 550 3873 λως
583 3810 674 3864 ἐπὶ
713 3811 978 3881 σαφηνείᾳ
1038 3810 1468 3882 ἑρμηνεύεσθαι,
1507 3813 1584 3876 ὡς
1632 3812 1805 3876 οὑτως
1871 3813 2200 3882 ἁγιάζεσθαι
2225 3818 2319 3872 καὶ
2381 3815 2702 3888 ὀφθαλμοὺς
2765 3820 2863 3874 καὶ
2938 3821 3139 3893 στόμα.
3197 3823 3294 3876 καὶ
3351 3823 3546 3893 χεῖρας.
3581 3815 3654 3869 καὶ

444 3911 706 3979 περιοχὴν
746 3907 876 3977 ὃλην
904 3906 998 3961 τοῦ
1023 3905 1275 3975 σώματος
1305 3908 1402 3962 καὶ
1426 3909 1610 3981 ψυχήν
1636 3910 1808 3981 αὑτήν
1838 3924 1856 3978 ;

517 4001 643 4056 lude
677 4013 806 4070 ergo
836 4000 1201 4070 incipiendum
1228 4000 1373 4057 unde
1405 4014 1894 4072 pronosueram,et
1930 4021 2024 4061 ex-

445 4093 758 4164 ponendum
807 4093 981 4162 primo
1038 4097 1312 4164 quomodo
1367 4096 1776 4152 commentandi
1840 4101 2024 4167 operis

448 4192 662 4251 auctor,
680 4186 852 4250 quoad
881 4185 1003 4254 styli
1035 4184 1449 4256 dispositionem
1469 4203 1528 4243 se
1562 4187 1757 4243 lnilneat
1784 4190 1898 4245 sive
1923 4205 2026 4244 na-

448 4285 568 4329 tura
587 4274 709 4330 talis
740 4275 934 4340 fuerit,
957 4276 1175 4346 qualem
1208 4293 1399 4348 reapse
1425 4279 1702 4347 cognitum
1739 4279 2023 4345 habemus,

449 4366 692 4435 sive-per
725 4367 1086 4420 imitationem
1118 4367 1338 4436 optimis
1355 4376 1410 4422 et
1447 4369 1614 4423 variis
1653 4369 1853 4440 linguis
1876 4369 2024 4438 loqui

447 4458 811 4514 centenderit.
849 4459 1112 4513 Puritatis
1158 4459 1325 4528 igitur
1366 4470 1448 4514 est
1493 4460 1716 4515 luminis
1759 4462 1903 4530 quod
1959 4459 2026 4516 ad

2207 4003 2467 4076 ’Δρκτὲον
2513 4005 2576 4076 δή
2607 4005 2669 4059 τὸ
2693 4004 2968 4072 ἐντεῦθεν,
2997 4004 3059 4059 οὖ
3093 4005 3434 4075 προεθέμην,
3463 4002 3546 4055 καὶ
3573 3998 3656 4066 τιρὺ

2123 4098 2234 4151 τῶν
2259 4097 2434 4152 ἄλλων
2477 4097 2732 4152 ἐκθετέον
2779 4092 2896 4152 οἷον
2948 4100 2978 4152 ό
3029 4099 3124 4176 τοῦ
3166 4093 3654 4168 ἕγχειρηθησομέννιυ

2124 4191 2287 4260 ἔργου
2325 4189 2555 4259 ποιητὴς
2586 4188 2654 4242 τὰ
2685 4191 2741 4249 ὲς
2766 4189 3012 4243 διάθεσιν
3034 4189 3338 4259 γραφικήν,
3369 4188 3473 4240 είτε
3524 4183 3655 4252 φύσει

2126 4283 2370 4346 τοιοῦτός
2433 4284 2581 4336 ἐστιν
2640 4277 2752 4346 οἷος
2807 4282 3211 4352 εὑρισκόμενος
3250 4277 3656 4348 ἀναγινώσκεται,

2128 4376 2238 4429 εἴτε
2281 4377 2377 4428 καλ⁵
2413 4375 2553 4428 κατὰ
2607 4374 2862 4444 μίμησιν,
2894 4374 2970 4436 ὡς
2994 4371 3060 4425 ἂν
3092 4373 3420 4442 τεχνήσαιτο
3456 4368 3541 4422 καὶ
3583 4364 3656 4415 αὐ·

2133 4468 2224 4530 τὸς
2265 4468 2531 4536 χρησταῖς
2561 4465 2843 4535 διαφόροις
2889 4463 3164 4531 γλώσσαις
3205 4465 3406 4517 λαλεῖν.
3452 4453 3661 4522 Καθσρό-

448 4550 891 4622 perspicuitatem
913 4552 1131 4613 attinet,
1154 4561 1366 4606 tantum
1385 4556 1674 4622 scriptura:
1691 4554 1856 4623 huius
1873 4571 2013 4612 cano

2140 4573 2300 4626 τητος
2357 4557 2457 4626 μὲν
2506 4551 2600 4608 οὖν
2641 4556 2736 4608 καὶ
2793 4554 2971 4618 φωτὸς
2999 4554 3092 4606 τοῦ
3149 4555 3293 4606 κατά
3325 4552 3594 4618 σαφήνειαν
3615 4545 3661 4604 ἐς

451 4643 719 4706 nisinest,
741 4655 1001 4711 quantum
1024 4644 1238 4698 hiemali
1261 4647 1402 4698 nocti
1440 4648 1667 4701 sidereae
1685 4646 1824 4703 lucis
1850 4658 2030 4712 ;tene—

451 4735 654 4789 brcscit
681 4737 828 4789 enim
862 4735 940 4788 sic
974 4737 1024 4789 in
1060 4735 1246 4790 mu'tis
1285 4737 1671 4806 philosonhus,
1697 4750 1809 4794 tum
1842 4741 1912 4797 ob
1939 4758 2033 4796 eo-

454 4825 774 4892 gitationum
809 4826 1234 4895 profunditatem
1258 4828 1521 4884 doctrinae
1545 4830 1885 4901 theologicae,
1905 4848 2029 4888 tum

453 4916 525 4971 ob
553 4917 741 4971 miram
785 4919 906 4989 styli
935 4920 1405 4988 concinnitateu‘i;
1461 4923 1792 4992 quandotlue
1849 4935 2028 4981 autem

456 5020 681 5078 propter
716 5011 880 5066 verba
907 5011 1048 5066 haud
1085 5014 1418 5077 communia,
1449 5017 1569 5081 sed,
1629 5017 1776 5072 sicut
1809 5018 1914 5088 ipsi
1941 5035 2034 5074 ar-

456 5101 617 5168 ridet,
644 5102 900 5160 inusitata
934 5120 1156 5176 prorsus
1181 5116 1274 5162 aut
1309 5108 1526 5164 difﬁcile
1567 5110 1856 5165 imitabilia
1888 5127 1904 5177 ;
1940 5127 2034 5166 va-

455 5198 568 5254 rios
591 5215 807 5268 quoque
834 5202 950 5270 ipse
1006 5203 1185 5258 verbis
1207 5220 1406 5262 sensus
1437 5207 1843 5273 accommodat,
1896 5223 2036 5273 quos

463 5292 686 5361 put-isne
714 5309 818 5348 non
853 5294 1107 5350 dubitant
1143 5300 1542 5368 reprehendere
1609 5302 1756 5355 velut
1787 5300 2036 5370 quaedam

404 5413 406 5415 ›
455 5381 727 5437 sermonis
750 5385 898 5444 vitia.
922 5389 1010 5456 qui
1037 5401 1142 5442 non
1167 5389 1542 5459 obtemperant
1564 5389 1774 5460 legibus
1804 5386 2041 5444 materias

459 5474 714 5531 sublimis
743 5493 806 5530 ac
841 5479 1075 5547 proinde
1108 5480 1373 5548 difﬁcilis,
1399 5497 1495 5550 per
1523 5498 1687 5552 quam
1730 5481 1869 5536 irriti
1904 5484 2041 5536 liunt

462 5569 739 5639 plerisque
767 5572 902 5626 artis
938 5572 1219 5629 rhetorica:
1273 5575 1522 5643 effectus,
1555 5590 1866 5644 quanquam
1932 5591 2038 5629 non

463 5659 780 5716 existiment
810 5663 908 5731 ipsi
941 5673 996 5717 ut
1025 5666 1395 5736 peregrinum,
1452 5668 1780 5722 inconsueta
1844 5665 2037 5735 agendi

469 5753 681 5807 ratione
709 5753 941 5808 sublime
977 5757 1149 5826 loqui,
1181 5759 1262 5814 vel
1284 5759 1549 5816 solemnia
1568 5758 1822 5814 dictitare
1847 5756 2042 5820 verba,

471 5843 556 5898 vel
588 5860 748 5902 voces
779 5846 968 5903 intlarc
995 5860 1047 5904 et
1075 5850 1248 5918 dicta,
1280 5861 1334 5908 et
1368 5849 1642 5906 natalitias
1671 5848 2041 5906 divinationes

2129 4646 2388 4700 τοσοῦτον
2416 4645 2636 4715 μέτεστι
2665 4647 2730 4716 τῇ
2761 4648 2946 4716 γραφῇ
2984 4644 3080 4698 τοῦ
3122 4645 3243 4698 κατ’
3276 4645 3432 4697 αὑτὸν
3459 4639 3659 4696 κανόνος.

2135 4739 2217 4801 είς
2247 4738 2370 4790 ὅσον
2411 4738 2506 4791 uel.
2534 4737 2692 4790 νυκτὶ
2747 4735 3012 4805 χειμερίῳ
3063 4736 3318 4806 ἀστρῴας
3366 4729 3660 4799 ιλλάμψεωςο

2145 4829 2547 4884 ’Δπεσκότωται
2565 4828 2672 4896 γὰρ
2694 4823 2805 4880 οἷον
2832 4827 2898 4881 τὰ
2909 4827 3082 4880 πολλὰ
3103 4828 3133 4880 ό
3164 4827 3328 4896 σοφός
3353 4839 3369 4855 ⁶
3414 4824 3476 4877 τὰ
3496 4822 3580 4890 μὲν
3597 4818 3663 4870 διὰ

2133 4924 2198 4976 τὸ
2227 4923 2332 4975 τῶν
2378 4920 2667 4990 νοημάτων
2713 4918 2873 4987 βάθος
2899 4959 2914 4983 ,
2961 4919 3290 4986 θεολογικῶν
3315 4917 3420 4970 τῶν
3446 4911 3664 4966 πλειόνων

2139 5013 2510 5084 ὑπαρχόντων
2545 5029 2559 5044 ο
2616 5013 2684 5066 τὰ
2703 5013 2760 5065 δὲ
2794 5008 2878 5076 οἷς
2905 5011 3234 5082 σχηματίζει
3265 5008 3474 5078 σεμνῶς
3507 5021 3522 5037 ·
3565 5003 3664 5054 ’ἔστι

2139 5107 2197 5161 δὲ
2228 5108 2363 5160 ὅπου
2399 5085 2493 5159 καὶ
2526 5107 2615 5160 διὰ
2640 5106 2700 5158 τὸ
2725 5105 2838 5158 τῶν
2864 5104 3064 5170 λέξεων
3089 5104 3150 5157 οὑ
3198 5095 3664 5170 κατημαξευμένων

2139 5197 2279 5252 ἀλλά
2312 5214 2416 5250 που
2450 5197 2596 5250 καθὰ
2633 5196 2781 5264 φιλεῖ
2820 5194 3120 5265 διατρίϐειν
3151 5192 3316 5253 αὐτὸς
3362 5189 3456 5242 καὶ
3507 5194 3668 5237 παντε-

2138 5291 2245 5355 λῶς
2286 5291 2570 5358 ἄτριπτον,
2597 5288 2628 5350 ἢ
2662 5286 2798 5356 γοῦν
2830 5287 2969 5341 ἀλλὰ
3009 5285 3330 5355 δυστίϐητον
3362 5301 3378 5316 ο
3416 5283 3520 5350 ἔχει
3544 5275 3592 5328 δέ
3608 5288 3666 5324 τι·

2144 5403 2238 5448 νας
2265 5385 2359 5436 καὶ
2389 5383 2632 5452 ἑτεροίας
2667 5381 3042 5453 ἐπιτηδεύσεις
3073 5382 3102 5434 ό
3130 5378 3288 5446 λόγος
3337 5373 3499 5443 αὐτῷ,
3530 5368 3585 5431 ἃς
3629 5363 3669 5417 σε

2141 5478 2425 5547 περίεργοι
2454 5474 2673 5528 ὀκνοῦσι
2707 5474 2782 5545 μὴ
2822 5473 3014 5542 ψέγειν
3061 5472 3161 5525 ὅσα
3205 5469 3301 5526 καί
3337 5483 3484 5527 τινας
3528 5462 3670 5526 κῆρις

2141 5571 2363 5642 γραφῆς
2395 5570 2490 5624 ὀὑ
2523 5568 2911 5637 περιπεσόντες
2948 5566 3103 5620 αὑτοὶ
3140 5567 3196 5627 ις
3227 5564 3470 5631 ἀνάγκην
3511 5549 3670 5609 ὑποθέ-

2147 5681 2282 5728 σεως
2312 5663 2524 5734 ὑψηλῆς
2553 5663 2647 5716 καὶ
2674 5659 2847 5724 οὕτως
2895 5660 3166 5731 ἐργώδους
3218 5657 3290 5711 δι’
3331 5648 3399 5727 ἦς
3463 5642 3670 5712 exivi}?!-

2147 5755 2303 5820 ζουσι
2321 5756 2390 5810 τὰ,
2419 5755 2556 5808 κατὰ
2594 5754 2882 5825 ῥητορείας
2919 5751 3270 5822 σκιρτήματα
3311 5749 3418 5810 τοῖς
3449 5737 3630 5796 πολλοῖς
3655 5745 3666 5759 ⁹

2148 5847 2268 5901 οὐδὲ
2303 5847 2691 5918 ὲνθυμούμενοι
2727 5845 2922 5897 ἐκεῖνοι
2951 5843 3026 5908 ὡς
3058 5843 3290 5914 ἑτεροῖον
3310 5837 3409 5910 μὲν
3444 5835 3496 5887 τὸ
3525 5835 3576 5883 ἐν
3595 5840 3670 5877 ποο
