  <div class='ocr_page' id='page_1' title='image "/cluster/home/n/w/nwhite01/storage/ocr_20150623/136/hvd.32044019208305/266.png"; bbox 0 0 3840 6568; ppageno 0'>
   <div class='ocr_carea' id='block_1_1' title="bbox 176 354 3377 455">
    <p class='ocr_par' dir='ltr' id='par_1_1' title="bbox 176 354 3377 455">
     <span class='ocr_line' id='line_1_1' title="bbox 176 354 3377 455; baseline 0.007 -27"><span class='ocrx_word' id='word_1_1' title='bbox 176 378 262 443; x_wconf 71' lang='lat' dir='ltr'><strong>m</strong></span> <span class='ocrx_word' id='word_1_2' title='bbox 948 374 1034 439; x_wconf 82' lang='lat' dir='ltr'><strong>IN</strong></span> <span class='ocrx_word' id='word_1_3' title='bbox 1072 376 1412 439; x_wconf 81' lang='lat' dir='ltr'><strong>IIYMNUM</strong></span> <span class='ocrx_word' id='word_1_4' title='bbox 1450 354 2094 442; x_wconf 74' lang='lat' dir='ltr'><strong>PENTECOSTALEM</strong></span> <span class='ocrx_word' id='word_1_5' title='bbox 2139 380 2593 446; x_wconf 75' lang='lat' dir='ltr'><strong>DAMASCENI.</strong></span> <span class='ocrx_word' id='word_1_6' title='bbox 3268 388 3377 455; x_wconf 74' lang='grc' dir='ltr'>διε</span> 
     </span>
    </p>
   </div>
   <div class='ocr_carea' id='block_1_2' title="bbox 170 490 1724 566">
    <p class='ocr_par' dir='ltr' id='par_1_2' title="bbox 170 490 1704 565">
     <span class='ocr_line' id='line_1_2' title="bbox 170 490 1704 565; baseline -0.003 -16"><span class='ocrx_word' id='word_1_7' title='bbox 170 494 319 565; x_wconf 55' lang='lat' dir='ltr'><strong>imi;</strong></span> <span class='ocrx_word' id='word_1_8' title='bbox 344 490 723 561; x_wconf 69' lang='grc' dir='ltr'>κομπάζειν,ἢ</span> <span class='ocrx_word' id='word_1_9' title='bbox 755 490 1173 561; x_wconf 75' lang='grc' dir='ltr'>στωμύλλεσθαι</span> <span class='ocrx_word' id='word_1_10' title='bbox 1226 493 1643 563; x_wconf 82' lang='grc' dir='ltr'>πανηγυρικῶς.</span> <span class='ocrx_word' id='word_1_11' title='bbox 1671 493 1704 564; x_wconf 87' lang='grc' dir='ltr'>ἢ</span> 
     </span>
    </p>
   </div>
   <div class='ocr_carea' id='block_1_3' title="bbox 1837 490 3382 566">
    <p class='ocr_par' dir='ltr' id='par_1_3' title="bbox 1837 495 3382 566">
     <span class='ocr_line' id='line_1_3' title="bbox 1837 495 3382 566; baseline 0.013 -21"><span class='ocrx_word' id='word_1_12' title='bbox 1837 495 2083 561; x_wconf 64' lang='lat' dir='ltr'><strong>proferre,</strong></span> <span class='ocrx_word' id='word_1_13' title='bbox 2119 504 2174 550; x_wconf 89' lang='lat' dir='ltr'><strong>et</strong></span> <span class='ocrx_word' id='word_1_14' title='bbox 2197 496 2305 557; x_wconf 86' lang='lat' dir='ltr'><strong>alia</strong></span> <span class='ocrx_word' id='word_1_15' title='bbox 2337 497 2539 552; x_wconf 85' lang='lat' dir='ltr'><strong>similia</strong></span> <span class='ocrx_word' id='word_1_16' title='bbox 2564 496 2824 566; x_wconf 85' lang='lat' dir='ltr'><strong>eﬂ‘utire;</strong></span> <span class='ocrx_word' id='word_1_17' title='bbox 2872 500 3021 557; x_wconf 86' lang='lat' dir='ltr'><strong>aliud</strong></span> <span class='ocrx_word' id='word_1_18' title='bbox 3072 512 3255 561; x_wconf 88' lang='lat' dir='ltr'><strong>autem</strong></span> <span class='ocrx_word' id='word_1_19' title='bbox 3316 522 3382 565; x_wconf 84' lang='lat' dir='ltr'><strong>re</strong></span> 
     </span>
    </p>
   </div>
   <div class='ocr_carea' id='block_1_4' title="bbox 172 582 1724 659">
    <p class='ocr_par' dir='ltr' id='par_1_4' title="bbox 172 582 1709 657">
     <span class='ocr_line' id='line_1_4' title="bbox 172 582 1709 657; baseline -0.001 -21"><span class='ocrx_word' id='word_1_20' title='bbox 172 582 521 657; x_wconf 69' lang='grc' dir='ltr'>στρογγύλλειν</span> <span class='ocrx_word' id='word_1_21' title='bbox 549 582 927 651; x_wconf 56' lang='grc' dir='ltr'>προσκυνήσεις</span> <span class='ocrx_word' id='word_1_22' title='bbox 969 583 1062 635; x_wconf 68' lang='grc' dir='ltr'>καὶ</span> <span class='ocrx_word' id='word_1_23' title='bbox 1107 582 1319 645; x_wconf 74' lang='grc' dir='ltr'>λαλιὰς,</span> <span class='ocrx_word' id='word_1_24' title='bbox 1368 583 1462 636; x_wconf 80' lang='grc' dir='ltr'>καὶ</span> <span class='ocrx_word' id='word_1_25' title='bbox 1518 582 1709 651; x_wconf 82' lang='grc' dir='ltr'>γενεθ-</span> 
     </span>
    </p>
   </div>
   <div class='ocr_carea' id='block_1_5' title="bbox 1837 582 3381 659">
    <p class='ocr_par' dir='ltr' id='par_1_5' title="bbox 1837 587 3381 659">
     <span class='ocr_line' id='line_1_5' title="bbox 1837 587 3381 659; baseline 0.007 -18"><span class='ocrx_word' id='word_1_26' title='bbox 1837 587 1995 643; x_wconf 89' lang='lat' dir='ltr'><strong>Iivina</strong></span> <span class='ocrx_word' id='word_1_27' title='bbox 2025 589 2177 659; x_wconf 81' lang='lat' dir='ltr'><strong>loqui</strong></span> <span class='ocrx_word' id='word_1_28' title='bbox 2211 588 2484 644; x_wconf 76' lang='lat' dir='ltr'><strong>duntaxat</strong></span> <span class='ocrx_word' id='word_1_29' title='bbox 2520 598 2805 657; x_wconf 84' lang='lat' dir='ltr'><strong>accurate,</strong></span> <span class='ocrx_word' id='word_1_30' title='bbox 2843 598 2900 646; x_wconf 86' lang='lat' dir='ltr'><strong>et</strong></span> <span class='ocrx_word' id='word_1_31' title='bbox 2932 607 3207 650; x_wconf 64' lang='lat' dir='ltr'><strong>mensurae</strong></span> <span class='ocrx_word' id='word_1_32' title='bbox 3244 598 3381 654; x_wconf 87' lang='lat' dir='ltr'><strong>sub-</strong></span> 
     </span>
    </p>
   </div>
   <div class='ocr_carea' id='block_1_6' title="bbox 172 670 1724 752">
    <p class='ocr_par' dir='ltr' id='par_1_6' title="bbox 172 670 1705 743">
     <span class='ocr_line' id='line_1_6' title="bbox 172 670 1705 743; baseline -0.002 -14"><span class='ocrx_word' id='word_1_33' title='bbox 172 676 427 741; x_wconf 70' lang='grc' dir='ltr'>λωλογεῖν,</span> <span class='ocrx_word' id='word_1_34' title='bbox 460 674 554 725; x_wconf 81' lang='grc' dir='ltr'>καὶ</span> <span class='ocrx_word' id='word_1_35' title='bbox 579 670 805 730; x_wconf 79' lang='grc' dir='ltr'>τοιαῦτά</span> <span class='ocrx_word' id='word_1_36' title='bbox 833 688 958 726; x_wconf 88' lang='grc' dir='ltr'>τινα</span> <span class='ocrx_word' id='word_1_37' title='bbox 1008 672 1397 743; x_wconf 84' lang='grc' dir='ltr'>μετέρχεσθαι.</span> <span class='ocrx_word' id='word_1_38' title='bbox 1454 674 1618 726; x_wconf 58' lang='lat' dir='ltr'><strong>&quot;Alio</strong></span> <span class='ocrx_word' id='word_1_39' title='bbox 1645 673 1705 726; x_wconf 79' lang='grc' dir='ltr'>δὲ</span> 
     </span>
    </p>
   </div>
   <div class='ocr_carea' id='block_1_7' title="bbox 1837 670 3384 752">
    <p class='ocr_par' dir='ltr' id='par_1_7' title="bbox 1837 680 3384 752">
     <span class='ocr_line' id='line_1_7' title="bbox 1837 680 3384 752; baseline 0.006 -18"><span class='ocrx_word' id='word_1_40' title='bbox 1837 694 1932 735; x_wconf 82' lang='lat' dir='ltr'><strong>sse</strong></span> <span class='ocrx_word' id='word_1_41' title='bbox 1950 689 2004 735; x_wconf 88' lang='lat' dir='ltr'><strong>et</strong></span> <span class='ocrx_word' id='word_1_42' title='bbox 2038 680 2195 735; x_wconf 92' lang='lat' dir='ltr'><strong>metri</strong></span> <span class='ocrx_word' id='word_1_43' title='bbox 2231 681 2436 751; x_wconf 89' lang='lat' dir='ltr'><strong>regulis</strong></span> <span class='ocrx_word' id='word_1_44' title='bbox 2464 681 2614 738; x_wconf 90' lang='lat' dir='ltr'><strong>velut</strong></span> <span class='ocrx_word' id='word_1_45' title='bbox 2658 681 2964 752; x_wconf 82' lang='lat' dir='ltr'><strong>magistro;</strong></span> <span class='ocrx_word' id='word_1_46' title='bbox 3010 684 3065 740; x_wconf 94' lang='lat' dir='ltr'><strong>in</strong></span> <span class='ocrx_word' id='word_1_47' title='bbox 3106 687 3199 740; x_wconf 89' lang='lat' dir='ltr'><strong>tali</strong></span> <span class='ocrx_word' id='word_1_48' title='bbox 3234 690 3384 744; x_wconf 88' lang='lat' dir='ltr'><strong>enim</strong></span> 
     </span>
    </p>
   </div>
   <div class='ocr_carea' id='block_1_8' title="bbox 172 763 1724 851">
    <p class='ocr_par' dir='ltr' id='par_1_8' title="bbox 172 763 1708 851">
     <span class='ocr_line' id='line_1_8' title="bbox 172 763 1708 851; baseline -0.004 -28"><span class='ocrx_word' id='word_1_49' title='bbox 172 768 223 823; x_wconf 80' lang='grc' dir='ltr'><strong>τδ</strong></span> <span class='ocrx_word' id='word_1_50' title='bbox 245 766 497 832; x_wconf 80' lang='grc' dir='ltr'>θεολογεῖν</span> <span class='ocrx_word' id='word_1_51' title='bbox 529 763 851 833; x_wconf 76' lang='grc' dir='ltr'>καταμόνας</span> <span class='ocrx_word' id='word_1_52' title='bbox 889 763 1144 834; x_wconf 85' lang='grc' dir='ltr'>ἐμμελῶς</span> <span class='ocrx_word' id='word_1_53' title='bbox 1194 765 1290 817; x_wconf 77' lang='grc' dir='ltr'>καὶ</span> <span class='ocrx_word' id='word_1_54' title='bbox 1312 848 1313 851; x_wconf 9' lang='grc' dir='ltr'><strong>η</strong></span> <span class='ocrx_word' id='word_1_55' title='bbox 1337 765 1521 835; x_wconf 83' lang='grc' dir='ltr'>μέτρῳ</span> <span class='ocrx_word' id='word_1_56' title='bbox 1579 763 1708 818; x_wconf 75' lang='grc' dir='ltr'>ἒπε-</span> 
     </span>
    </p>
   </div>
   <div class='ocr_carea' id='block_1_9' title="bbox 1837 763 3384 851">
    <p class='ocr_par' dir='ltr' id='par_1_9' title="bbox 1837 772 3384 849">
     <span class='ocr_line' id='line_1_9' title="bbox 1837 772 3384 849; baseline 0.006 -25"><span class='ocrx_word' id='word_1_57' title='bbox 1837 786 1942 827; x_wconf 84' lang='lat' dir='ltr'><strong>:asu</strong></span> <span class='ocrx_word' id='word_1_58' title='bbox 1990 772 2061 840; x_wconf 85' lang='lat' dir='ltr'><strong>si,</strong></span> <span class='ocrx_word' id='word_1_59' title='bbox 2122 774 2423 829; x_wconf 73' lang='lat' dir='ltr'><strong>sententias</strong></span> <span class='ocrx_word' id='word_1_60' title='bbox 2485 775 2909 845; x_wconf 84' lang='lat' dir='ltr'><strong>deposuissent,</strong></span> <span class='ocrx_word' id='word_1_61' title='bbox 2977 778 3230 835; x_wconf 85' lang='lat' dir='ltr'><strong>conversi</strong></span> <span class='ocrx_word' id='word_1_62' title='bbox 3279 779 3384 849; x_wconf 73' lang='lat' dir='ltr'><strong>ipsi</strong></span> 
     </span>
    </p>
   </div>
   <div class='ocr_carea' id='block_1_10' title="bbox 176 855 1724 939">
    <p class='ocr_par' dir='ltr' id='par_1_10' title="bbox 176 855 1698 928">
     <span class='ocr_line' id='line_1_10' title="bbox 176 855 1698 928; baseline -0.003 -14"><span class='ocrx_word' id='word_1_63' title='bbox 176 863 278 915; x_wconf 83' lang='grc' dir='ltr'>σθαι</span> <span class='ocrx_word' id='word_1_64' title='bbox 299 859 384 911; x_wconf 74' lang='grc' dir='ltr'>καὶ</span> <span class='ocrx_word' id='word_1_65' title='bbox 420 857 532 918; x_wconf 86' lang='grc' dir='ltr'>τοῖς</span> <span class='ocrx_word' id='word_1_66' title='bbox 554 855 648 909; x_wconf 80' lang='grc' dir='ltr'><strong>τοῦ</strong></span> <span class='ocrx_word' id='word_1_67' title='bbox 694 855 896 925; x_wconf 84' lang='grc' dir='ltr'><strong>μέτρου</strong></span> <span class='ocrx_word' id='word_1_68' title='bbox 951 856 1050 908; x_wconf 84' lang='grc' dir='ltr'>ὅσα</span> <span class='ocrx_word' id='word_1_69' title='bbox 1110 855 1205 909; x_wconf 83' lang='grc' dir='ltr'><strong>και</strong></span> <span class='ocrx_word' id='word_1_70' title='bbox 1268 872 1375 909; x_wconf 88' lang='grc' dir='ltr'>τινι</span> <span class='ocrx_word' id='word_1_71' title='bbox 1411 856 1698 928; x_wconf 75' lang='grc' dir='ltr'>νομοθέτῃ.</span> 
     </span>
    </p>
   </div>
   <div class='ocr_carea' id='block_1_11' title="bbox 1837 855 3383 939">
    <p class='ocr_par' dir='ltr' id='par_1_11' title="bbox 1837 864 3383 939">
     <span class='ocr_line' id='line_1_11' title="bbox 1837 864 3383 939; baseline 0.008 -27"><span class='ocrx_word' id='word_1_72' title='bbox 1837 878 1936 918; x_wconf 84' lang='lat' dir='ltr'><strong>:um</strong></span> <span class='ocrx_word' id='word_1_73' title='bbox 1991 864 2278 932; x_wconf 89' lang='lat' dir='ltr'><strong>diligerent</strong></span> <span class='ocrx_word' id='word_1_74' title='bbox 2341 866 2434 936; x_wconf 86' lang='lat' dir='ltr'><strong>qui</strong></span> <span class='ocrx_word' id='word_1_75' title='bbox 2491 873 2638 922; x_wconf 89' lang='lat' dir='ltr'><strong>recte</strong></span> <span class='ocrx_word' id='word_1_76' title='bbox 2692 867 3007 937; x_wconf 78' lang='lat' dir='ltr'><strong>scripsisset</strong></span> <span class='ocrx_word' id='word_1_77' title='bbox 3039 868 3193 935; x_wconf 78' lang='lat' dir='ltr'><strong>juxta</strong></span> <span class='ocrx_word' id='word_1_78' title='bbox 3253 886 3383 939; x_wconf 85' lang='lat' dir='ltr'><strong>pro-</strong></span> 
     </span>
    </p>
   </div>
   <div class='ocr_carea' id='block_1_12' title="bbox 175 944 1724 1031">
    <p class='ocr_par' dir='ltr' id='par_1_12' title="bbox 175 944 1710 1017">
     <span class='ocr_line' id='line_1_12' title="bbox 175 944 1710 1017; baseline -0.004 -14"><span class='ocrx_word' id='word_1_79' title='bbox 175 946 235 1003; x_wconf 82' lang='grc' dir='ltr'>Ἦ</span> <span class='ocrx_word' id='word_1_80' title='bbox 263 948 358 1017; x_wconf 75' lang='grc' dir='ltr'><strong>γὰρ</strong></span> <span class='ocrx_word' id='word_1_81' title='bbox 395 946 459 999; x_wconf 81' lang='grc' dir='ltr'>ἂν</span> <span class='ocrx_word' id='word_1_82' title='bbox 497 946 548 998; x_wconf 72' lang='grc' dir='ltr'>εἰ</span> <span class='ocrx_word' id='word_1_83' title='bbox 583 944 726 997; x_wconf 79' lang='grc' dir='ltr'>οὕτω</span> <span class='ocrx_word' id='word_1_84' title='bbox 751 955 1014 998; x_wconf 82' lang='grc' dir='ltr'>οιέκειντο</span> <span class='ocrx_word' id='word_1_85' title='bbox 1051 944 1411 1015; x_wconf 74' lang='grc' dir='ltr'><strong>καταθέμενοι</strong></span> <span class='ocrx_word' id='word_1_86' title='bbox 1460 947 1557 1008; x_wconf 82' lang='grc' dir='ltr'>τὰς</span> <span class='ocrx_word' id='word_1_87' title='bbox 1601 945 1710 1013; x_wconf 69' lang='grc' dir='ltr'><strong>ψή-</strong></span> 
     </span>
    </p>
   </div>
   <div class='ocr_carea' id='block_1_13' title="bbox 1837 944 3388 1031">
    <p class='ocr_par' dir='ltr' id='par_1_13' title="bbox 1837 957 3388 1031">
     <span class='ocr_line' id='line_1_13' title="bbox 1837 957 3388 1031; baseline 0.006 -25"><span class='ocrx_word' id='word_1_88' title='bbox 1837 957 2052 1010; x_wconf 76' lang='lat' dir='ltr'><strong>iositum</strong></span> <span class='ocrx_word' id='word_1_89' title='bbox 2109 966 2543 1027; x_wconf 75' lang='lat' dir='ltr'><strong>argumentum:</strong></span> <span class='ocrx_word' id='word_1_90' title='bbox 2610 958 2736 1013; x_wconf 90' lang='lat' dir='ltr'><strong>licet</strong></span> <span class='ocrx_word' id='word_1_91' title='bbox 2782 961 3115 1031; x_wconf 84' lang='lat' dir='ltr'><strong>quandoque</strong></span> <span class='ocrx_word' id='word_1_92' title='bbox 3176 961 3388 1030; x_wconf 85' lang='lat' dir='ltr'><strong>aliquid</strong></span> 
     </span>
    </p>
   </div>
   <div class='ocr_carea' id='block_1_14' title="bbox 187 1036 1724 1116">
    <p class='ocr_par' dir='ltr' id='par_1_14' title="bbox 187 1036 1710 1108">
     <span class='ocr_line' id='line_1_14' title="bbox 187 1036 1710 1108; baseline -0.003 -15"><span class='ocrx_word' id='word_1_93' title='bbox 187 1058 315 1108; x_wconf 71' lang='grc' dir='ltr'>ςους,</span> <span class='ocrx_word' id='word_1_94' title='bbox 350 1040 439 1092; x_wconf 68' lang='grc' dir='ltr'>καὶ</span> <span class='ocrx_word' id='word_1_95' title='bbox 468 1037 872 1106; x_wconf 73' lang='grc' dir='ltr'><strong>συναγαγόντες</strong></span> <span class='ocrx_word' id='word_1_96' title='bbox 909 1036 1063 1099; x_wconf 81' lang='grc' dir='ltr'><strong>ὅλους</strong></span> <span class='ocrx_word' id='word_1_97' title='bbox 1093 1037 1341 1101; x_wconf 76' lang='grc' dir='ltr'>ἑαυτοὺς,</span> <span class='ocrx_word' id='word_1_98' title='bbox 1368 1039 1583 1105; x_wconf 55' lang='grc' dir='ltr'>ἐφίλουν</span> <span class='ocrx_word' id='word_1_99' title='bbox 1618 1041 1710 1092; x_wconf 67' lang='grc' dir='ltr'><strong>τὸν</strong></span> 
     </span>
    </p>
   </div>
   <div class='ocr_carea' id='block_1_15' title="bbox 1837 1036 3387 1116">
    <p class='ocr_par' dir='ltr' id='par_1_15' title="bbox 1837 1045 3387 1116">
     <span class='ocr_line' id='line_1_15' title="bbox 1837 1045 3387 1116; baseline 0.006 -18"><span class='ocrx_word' id='word_1_100' title='bbox 1837 1045 2117 1114; x_wconf 69' lang='lat' dir='ltr'><strong>neglexerit</strong></span> <span class='ocrx_word' id='word_1_101' title='bbox 2145 1045 2379 1116; x_wconf 85' lang='lat' dir='ltr'><strong>scriptor</strong></span> <span class='ocrx_word' id='word_1_102' title='bbox 2412 1062 2479 1102; x_wconf 78' lang='lat' dir='ltr'><strong>ex</strong></span> <span class='ocrx_word' id='word_1_103' title='bbox 2517 1048 2875 1114; x_wconf 81' lang='lat' dir='ltr'><strong>necessitate;</strong></span> <span class='ocrx_word' id='word_1_104' title='bbox 2911 1050 2955 1105; x_wconf 89' lang='lat' dir='ltr'><strong>si</strong></span> <span class='ocrx_word' id='word_1_105' title='bbox 2986 1059 3171 1105; x_wconf 88' lang='lat' dir='ltr'><strong>autem</strong></span> <span class='ocrx_word' id='word_1_106' title='bbox 3210 1051 3387 1107; x_wconf 83' lang='lat' dir='ltr'><strong>rectis</strong></span> 
     </span>
    </p>
   </div>
   <div class='ocr_carea' id='block_1_16' title="bbox 180 1129 1724 1212">
    <p class='ocr_par' dir='ltr' id='par_1_16' title="bbox 180 1129 1705 1201">
     <span class='ocr_line' id='line_1_16' title="bbox 180 1129 1705 1201; baseline -0.001 -17"><span class='ocrx_word' id='word_1_107' title='bbox 180 1132 379 1193; x_wconf 69' lang='grc' dir='ltr'>εὐθέτως</span> <span class='ocrx_word' id='word_1_108' title='bbox 404 1131 690 1201; x_wconf 46' lang='grc' dir='ltr'>γράψαντα</span> <span class='ocrx_word' id='word_1_109' title='bbox 736 1131 880 1184; x_wconf 78' lang='grc' dir='ltr'>κατὰ</span> <span class='ocrx_word' id='word_1_110' title='bbox 935 1129 995 1182; x_wconf 81' lang='grc' dir='ltr'><strong>τὺ</strong></span> <span class='ocrx_word' id='word_1_111' title='bbox 1038 1129 1393 1199; x_wconf 78' lang='grc' dir='ltr'>ὑποκείμενον</span> <span class='ocrx_word' id='word_1_112' title='bbox 1437 1135 1661 1201; x_wconf 70' lang='grc' dir='ltr'>χορηγεῖ</span> <span class='ocrx_word' id='word_1_113' title='bbox 1692 1150 1705 1163; x_wconf 75' lang='grc'><em>’</em></span> 
     </span>
    </p>
   </div>
   <div class='ocr_carea' id='block_1_17' title="bbox 1837 1129 3391 1212">
    <p class='ocr_par' dir='ltr' id='par_1_17' title="bbox 1837 1136 3391 1212">
     <span class='ocr_line' id='line_1_17' title="bbox 1837 1136 3391 1212; baseline 0.005 -23"><span class='ocrx_word' id='word_1_114' title='bbox 1837 1136 2068 1192; x_wconf 71' lang='lat' dir='ltr'><strong>rideatur</strong></span> <span class='ocrx_word' id='word_1_115' title='bbox 2108 1139 2346 1207; x_wconf 87' lang='lat' dir='ltr'><strong>gaudere</strong></span> <span class='ocrx_word' id='word_1_116' title='bbox 2374 1139 2557 1196; x_wconf 85' lang='lat' dir='ltr'><strong>verbis</strong></span> <span class='ocrx_word' id='word_1_117' title='bbox 2590 1141 2685 1210; x_wconf 92' lang='lat' dir='ltr'><strong>qui</strong></span> <span class='ocrx_word' id='word_1_118' title='bbox 2729 1143 3063 1212; x_wconf 84' lang='lat' dir='ltr'><strong>propositam</strong></span> <span class='ocrx_word' id='word_1_119' title='bbox 3084 1144 3258 1207; x_wconf 64' lang='lat' dir='ltr'><strong>{canit</strong></span> <span class='ocrx_word' id='word_1_120' title='bbox 3296 1156 3391 1197; x_wconf 84' lang='lat' dir='ltr'><strong>so-</strong></span> 
     </span>
    </p>
   </div>
   <div class='ocr_carea' id='block_1_18' title="bbox 179 1224 1724 1304">
    <p class='ocr_par' dir='ltr' id='par_1_18' title="bbox 179 1224 1715 1293">
     <span class='ocr_line' id='line_1_18' title="bbox 179 1224 1715 1293; baseline 0 -17"><span class='ocrx_word' id='word_1_121' title='bbox 179 1230 252 1277; x_wconf 76' lang='grc' dir='ltr'>κιιὶ</span> <span class='ocrx_word' id='word_1_122' title='bbox 281 1225 492 1292; x_wconf 81' lang='grc' dir='ltr'>ὕστερον</span> <span class='ocrx_word' id='word_1_123' title='bbox 525 1224 680 1278; x_wconf 74' lang='grc' dir='ltr'>εἷπου</span> <span class='ocrx_word' id='word_1_124' title='bbox 707 1225 801 1279; x_wconf 72' lang='grc' dir='ltr'>καὶ</span> <span class='ocrx_word' id='word_1_125' title='bbox 824 1224 1267 1293; x_wconf 77' lang='grc' dir='ltr'>παραφθέγξεταί</span> <span class='ocrx_word' id='word_1_126' title='bbox 1290 1242 1338 1277; x_wconf 87' lang='grc' dir='ltr'><strong>τι</strong></span> <span class='ocrx_word' id='word_1_127' title='bbox 1369 1226 1511 1277; x_wconf 81' lang='grc' dir='ltr'><strong>κατά</strong></span> <span class='ocrx_word' id='word_1_128' title='bbox 1542 1225 1715 1292; x_wconf 88' lang='grc' dir='ltr'>ἀνάγ-</span> 
     </span>
    </p>
   </div>
   <div class='ocr_carea' id='block_1_19' title="bbox 1837 1224 3387 1304">
    <p class='ocr_par' dir='ltr' id='par_1_19' title="bbox 1837 1230 3387 1304">
     <span class='ocr_line' id='line_1_19' title="bbox 1837 1230 3387 1304; baseline 0.001 -19"><span class='ocrx_word' id='word_1_129' title='bbox 1837 1230 2177 1297; x_wconf 86' lang='lat' dir='ltr'><strong>emnitatem,</strong></span> <span class='ocrx_word' id='word_1_130' title='bbox 2238 1231 2402 1285; x_wconf 85' lang='lat' dir='ltr'><strong>liceat</strong></span> <span class='ocrx_word' id='word_1_131' title='bbox 2455 1232 2534 1286; x_wconf 88' lang='lat' dir='ltr'><strong>illi</strong></span> <span class='ocrx_word' id='word_1_132' title='bbox 2592 1232 2773 1288; x_wconf 76' lang='lat' dir='ltr'><strong>facere</strong></span> <span class='ocrx_word' id='word_1_133' title='bbox 2833 1235 3192 1304; x_wconf 87' lang='lat' dir='ltr'><strong>negligentius</strong></span> <span class='ocrx_word' id='word_1_134' title='bbox 3243 1233 3387 1303; x_wconf 87' lang='lat' dir='ltr'><strong>quod</strong></span> 
     </span>
    </p>
   </div>
   <div class='ocr_carea' id='block_1_20' title="bbox 178 1316 1724 1392">
    <p class='ocr_par' dir='ltr' id='par_1_20' title="bbox 178 1316 1709 1385">
     <span class='ocr_line' id='line_1_20' title="bbox 178 1316 1709 1385; baseline 0.001 -16"><span class='ocrx_word' id='word_1_135' title='bbox 178 1334 263 1385; x_wconf 79' lang='grc' dir='ltr'><strong>κην</strong></span> <span class='ocrx_word' id='word_1_136' title='bbox 288 1319 314 1369; x_wconf 86' lang='grc' dir='ltr'><strong>ό</strong></span> <span class='ocrx_word' id='word_1_137' title='bbox 340 1316 610 1383; x_wconf 75' lang='grc' dir='ltr'>ἀγωνιῶνῖ</span> <span class='ocrx_word' id='word_1_138' title='bbox 648 1318 710 1371; x_wconf 81' lang='lat' dir='ltr'><strong>Ei</strong></span> <span class='ocrx_word' id='word_1_139' title='bbox 748 1316 804 1370; x_wconf 74' lang='grc' dir='ltr'>δὲ</span> <span class='ocrx_word' id='word_1_140' title='bbox 834 1320 926 1370; x_wconf 74' lang='grc' dir='ltr'>καὶ</span> <span class='ocrx_word' id='word_1_141' title='bbox 956 1318 1231 1379; x_wconf 80' lang='grc' dir='ltr'><strong>συνθέτοις</strong></span> <span class='ocrx_word' id='word_1_142' title='bbox 1257 1320 1504 1385; x_wconf 81' lang='grc' dir='ltr'>φανεῖται</span> <span class='ocrx_word' id='word_1_143' title='bbox 1529 1317 1709 1382; x_wconf 78' lang='grc' dir='ltr'><strong>λέξεσι</strong></span> 
     </span>
    </p>
   </div>
   <div class='ocr_carea' id='block_1_21' title="bbox 1837 1316 3392 1392">
    <p class='ocr_par' dir='ltr' id='par_1_21' title="bbox 1843 1322 3392 1392">
     <span class='ocr_line' id='line_1_21' title="bbox 1843 1322 3392 1392; baseline 0.003 -17"><span class='ocrx_word' id='word_1_144' title='bbox 1843 1322 2108 1385; x_wconf 88' lang='lat' dir='ltr'><strong>ndicavit,</strong></span> <span class='ocrx_word' id='word_1_145' title='bbox 2139 1323 2296 1390; x_wconf 89' lang='lat' dir='ltr'><strong>quasi</strong></span> <span class='ocrx_word' id='word_1_146' title='bbox 2329 1323 2560 1392; x_wconf 81' lang='lat' dir='ltr'><strong>quodam</strong></span> <span class='ocrx_word' id='word_1_147' title='bbox 2597 1326 2759 1380; x_wconf 87' lang='lat' dir='ltr'><strong>modo</strong></span> <span class='ocrx_word' id='word_1_148' title='bbox 2812 1325 2868 1379; x_wconf 87' lang='lat' dir='ltr'><strong>in</strong></span> <span class='ocrx_word' id='word_1_149' title='bbox 2907 1327 3008 1381; x_wconf 88' lang='lat' dir='ltr'><strong>hoc</strong></span> <span class='ocrx_word' id='word_1_150' title='bbox 3080 1333 3231 1390; x_wconf 87' lang='lat' dir='ltr'><strong>nato,</strong></span> <span class='ocrx_word' id='word_1_151' title='bbox 3290 1339 3392 1379; x_wconf 85' lang='lat' dir='ltr'><strong>nec</strong></span> 
     </span>
    </p>
   </div>
   <div class='ocr_carea' id='block_1_22' title="bbox 178 1408 1724 1487">
    <p class='ocr_par' dir='ltr' id='par_1_22' title="bbox 178 1408 1712 1479">
     <span class='ocr_line' id='line_1_22' title="bbox 178 1408 1712 1479; baseline 0 -19"><span class='ocrx_word' id='word_1_152' title='bbox 178 1410 353 1477; x_wconf 71' lang='grc' dir='ltr'>χαίρων</span> <span class='ocrx_word' id='word_1_153' title='bbox 386 1408 532 1462; x_wconf 77' lang='grc' dir='ltr'>όνῦν</span> <span class='ocrx_word' id='word_1_154' title='bbox 581 1412 659 1473; x_wconf 69' lang='grc' dir='ltr'><strong>εἰς</strong></span> <span class='ocrx_word' id='word_1_155' title='bbox 707 1412 806 1477; x_wconf 69' lang='grc' dir='ltr'>τὴν</span> <span class='ocrx_word' id='word_1_156' title='bbox 863 1410 1238 1479; x_wconf 78' lang='grc' dir='ltr'><strong>προκειμένην</strong></span> <span class='ocrx_word' id='word_1_157' title='bbox 1293 1408 1495 1478; x_wconf 75' lang='grc' dir='ltr'>ἑορτὴν</span> <span class='ocrx_word' id='word_1_158' title='bbox 1555 1413 1712 1478; x_wconf 86' lang='grc' dir='ltr'>μελο-</span> 
     </span>
    </p>
   </div>
   <div class='ocr_carea' id='block_1_23' title="bbox 1837 1408 3394 1487">
    <p class='ocr_par' dir='ltr' id='par_1_23' title="bbox 1837 1417 3394 1487">
     <span class='ocr_line' id='line_1_23' title="bbox 1837 1417 3394 1487; baseline 0.003 -19"><span class='ocrx_word' id='word_1_159' title='bbox 1837 1430 1916 1468; x_wconf 76' lang='lat' dir='ltr'><strong>iel‘</strong></span> <span class='ocrx_word' id='word_1_160' title='bbox 1953 1422 2328 1484; x_wconf 87' lang='lat' dir='ltr'><strong>contemptum</strong></span> <span class='ocrx_word' id='word_1_161' title='bbox 2360 1417 2566 1484; x_wconf 88' lang='lat' dir='ltr'><strong>agenti,</strong></span> <span class='ocrx_word' id='word_1_162' title='bbox 2596 1418 2692 1476; x_wconf 83' lang='lat' dir='ltr'><strong>sed</strong></span> <span class='ocrx_word' id='word_1_163' title='bbox 2727 1419 2799 1473; x_wconf 94' lang='lat' dir='ltr'><strong>ob</strong></span> <span class='ocrx_word' id='word_1_164' title='bbox 2824 1418 3075 1487; x_wconf 81' lang='lat' dir='ltr'><strong>placitam</strong></span> <span class='ocrx_word' id='word_1_165' title='bbox 3133 1417 3183 1473; x_wconf 90' lang='lat' dir='ltr'><strong>ei</strong></span> <span class='ocrx_word' id='word_1_166' title='bbox 3239 1432 3394 1472; x_wconf 74' lang='lat' dir='ltr'><strong>reve~</strong></span> 
     </span>
    </p>
   </div>
   <div class='ocr_carea' id='block_1_24' title="bbox 182 1499 2074 1570">
    <p class='ocr_par' dir='ltr' id='par_1_24' title="bbox 182 1499 2074 1570">
     <span class='ocr_line' id='line_1_24' title="bbox 182 1499 2074 1570; baseline 0.005 -21"><span class='ocrx_word' id='word_1_167' title='bbox 182 1500 345 1566; x_wconf 76' lang='grc' dir='ltr'>ποιῶν,</span> <span class='ocrx_word' id='word_1_168' title='bbox 380 1502 770 1570; x_wconf 79' lang='grc' dir='ltr'>συγχωρεῖσθω</span> <span class='ocrx_word' id='word_1_169' title='bbox 806 1504 975 1554; x_wconf 76' lang='grc' dir='ltr'>ποιεῖν</span> <span class='ocrx_word' id='word_1_170' title='bbox 1001 1499 1376 1568; x_wconf 77' lang='grc' dir='ltr'><strong>ἀφειδέστερον</strong></span> <span class='ocrx_word' id='word_1_171' title='bbox 1419 1500 1557 1570; x_wconf 80' lang='grc' dir='ltr'>ὅπερ</span> <span class='ocrx_word' id='word_1_172' title='bbox 1609 1501 1709 1553; x_wconf 86' lang='grc' dir='ltr'>ἐπ·</span> <span class='ocrx_word' id='word_1_173' title='bbox 1822 1504 2074 1559; x_wconf 85' lang='lat' dir='ltr'><strong>rentiam.</strong></span> 
     </span>
    </p>
   </div>
   <div class='ocr_carea' id='block_1_25' title="bbox 180 1588 3394 1679">
    <p class='ocr_par' dir='ltr' id='par_1_25' title="bbox 180 1588 3394 1679">
     <span class='ocr_line' id='line_1_25' title="bbox 180 1588 3394 1679; baseline 0.003 -30"><span class='ocrx_word' id='word_1_174' title='bbox 180 1596 402 1664; x_wconf 76' lang='grc' dir='ltr'>έκρινεν·</span> <span class='ocrx_word' id='word_1_175' title='bbox 451 1595 527 1657; x_wconf 83' lang='grc' dir='ltr'><strong>ὡς</strong></span> <span class='ocrx_word' id='word_1_176' title='bbox 592 1588 682 1649; x_wconf 76' lang='grc' dir='ltr'><strong>οἷα</strong></span> <span class='ocrx_word' id='word_1_177' title='bbox 726 1594 927 1664; x_wconf 82' lang='grc' dir='ltr'>τρόπον</span> <span class='ocrx_word' id='word_1_178' title='bbox 976 1593 1098 1647; x_wconf 73' lang='grc' dir='ltr'>τινὰ</span> <span class='ocrx_word' id='word_1_179' title='bbox 1143 1594 1222 1656; x_wconf 81' lang='grc' dir='ltr'><strong>εις</strong></span> <span class='ocrx_word' id='word_1_180' title='bbox 1250 1592 1410 1646; x_wconf 80' lang='grc' dir='ltr'>τοῦτο</span> <span class='ocrx_word' id='word_1_181' title='bbox 1471 1593 1755 1663; x_wconf 77' lang='grc' dir='ltr'>πεφυκὼς,</span> <span class='ocrx_word' id='word_1_182' title='bbox 1800 1596 1923 1652; x_wconf 80' lang='grc' dir='ltr'>οὕτε</span> <span class='ocrx_word' id='word_1_183' title='bbox 1976 1600 2114 1668; x_wconf 81' lang='grc' dir='ltr'>πρὸς</span> <span class='ocrx_word' id='word_1_184' title='bbox 2141 1595 2328 1667; x_wconf 79' lang='grc' dir='ltr'>ψόγον,</span> <span class='ocrx_word' id='word_1_185' title='bbox 2392 1599 2489 1653; x_wconf 74' lang='grc' dir='ltr'>καὶ</span> <span class='ocrx_word' id='word_1_186' title='bbox 2529 1600 2669 1670; x_wconf 75' lang='grc' dir='ltr'>πρὸς</span> <span class='ocrx_word' id='word_1_187' title='bbox 2722 1603 3061 1674; x_wconf 80' lang='grc' dir='ltr'>ἀρέσκουσαν</span> <span class='ocrx_word' id='word_1_188' title='bbox 3131 1604 3188 1659; x_wconf 79' lang='grc' dir='ltr'>δὲ</span> <span class='ocrx_word' id='word_1_189' title='bbox 3241 1604 3394 1679; x_wconf 83' lang='grc' dir='ltr'>αὐτῷ</span> 
     </span>
    </p>
   </div>
   <div class='ocr_carea' id='block_1_26' title="bbox 180 1696 470 1762">
    <p class='ocr_par' dir='ltr' id='par_1_26' title="bbox 180 1696 470 1762">
     <span class='ocr_line' id='line_1_26' title="bbox 180 1696 470 1762; baseline -0.003 -16"><span class='ocrx_word' id='word_1_190' title='bbox 180 1696 470 1762; x_wconf 84' lang='grc' dir='ltr'>σεμνότητα.</span> 
     </span>
    </p>
   </div>
   <div class='ocr_carea' id='block_1_27' title="bbox 245 1782 1724 1863">
    <p class='ocr_par' dir='ltr' id='par_1_27' title="bbox 245 1790 1722 1863">
     <span class='ocr_line' id='line_1_27' title="bbox 245 1790 1722 1863; baseline -0.005 -15"><span class='ocrx_word' id='word_1_191' title='bbox 245 1793 563 1863; x_wconf 80' lang='grc' dir='ltr'>’Δρκούντων</span> <span class='ocrx_word' id='word_1_192' title='bbox 588 1792 653 1863; x_wconf 80' lang='grc' dir='ltr'>δὴ</span> <span class='ocrx_word' id='word_1_193' title='bbox 670 1790 764 1845; x_wconf 77' lang='grc' dir='ltr'>καὶ</span> <span class='ocrx_word' id='word_1_194' title='bbox 782 1790 989 1846; x_wconf 74' lang='grc' dir='ltr'>τούτων</span> <span class='ocrx_word' id='word_1_195' title='bbox 1004 1791 1085 1855; x_wconf 69' lang='grc' dir='ltr'>εἰς</span> <span class='ocrx_word' id='word_1_196' title='bbox 1110 1791 1509 1862; x_wconf 79' lang='grc' dir='ltr'>ἐνδεχομέμνην</span> <span class='ocrx_word' id='word_1_197' title='bbox 1529 1790 1722 1859; x_wconf 72' lang='grc' dir='ltr'>σκέψιν</span> 
     </span>
    </p>
   </div>
   <div class='ocr_carea' id='block_1_28' title="bbox 1837 1782 3387 1863">
    <p class='ocr_par' dir='ltr' id='par_1_28' title="bbox 1895 1782 3387 1862">
     <span class='ocr_line' id='line_1_28' title="bbox 1895 1782 3387 1862; baseline 0.006 -22"><span class='ocrx_word' id='word_1_198' title='bbox 1895 1782 1999 1840; x_wconf 87' lang='lat' dir='ltr'><strong>Sed</strong></span> <span class='ocrx_word' id='word_1_199' title='bbox 2030 1785 2145 1841; x_wconf 70' lang='lat' dir='ltr'><strong>haec</strong></span> <span class='ocrx_word' id='word_1_200' title='bbox 2180 1784 2450 1841; x_wconf 71' lang='lat' dir='ltr'><strong>sufﬁciant</strong></span> <span class='ocrx_word' id='word_1_201' title='bbox 2476 1787 2541 1841; x_wconf 84' lang='lat' dir='ltr'><strong>ad</strong></span> <span class='ocrx_word' id='word_1_202' title='bbox 2571 1799 2879 1859; x_wconf 85' lang='lat' dir='ltr'><strong>susceptam</strong></span> <span class='ocrx_word' id='word_1_203' title='bbox 2897 1790 3338 1849; x_wconf 85' lang='lat' dir='ltr'><strong>dissertationem</strong></span> <span class='ocrx_word' id='word_1_204' title='bbox 3370 1813 3387 1862; x_wconf 88' lang='lat'><strong>;</strong></span> 
     </span>
    </p>
   </div>
   <div class='ocr_carea' id='block_1_29' title="bbox 184 1877 1724 1956">
    <p class='ocr_par' dir='ltr' id='par_1_29' title="bbox 184 1883 1718 1956">
     <span class='ocr_line' id='line_1_29' title="bbox 184 1883 1718 1956; baseline -0.004 -17"><span class='ocrx_word' id='word_1_205' title='bbox 184 1887 399 1956; x_wconf 78' lang='grc' dir='ltr'>θεωρὶας.</span> <span class='ocrx_word' id='word_1_206' title='bbox 449 1885 810 1939; x_wconf 82' lang='grc' dir='ltr'>ἐπελευστέον</span> <span class='ocrx_word' id='word_1_207' title='bbox 853 1885 948 1938; x_wconf 79' lang='grc' dir='ltr'>καὶ</span> <span class='ocrx_word' id='word_1_208' title='bbox 967 1883 1065 1955; x_wconf 74' lang='grc' dir='ltr'>τὴν</span> <span class='ocrx_word' id='word_1_209' title='bbox 1088 1885 1238 1954; x_wconf 82' lang='grc' dir='ltr'>παρὰ</span> <span class='ocrx_word' id='word_1_210' title='bbox 1268 1886 1379 1946; x_wconf 76' lang='grc' dir='ltr'>τοῖς</span> <span class='ocrx_word' id='word_1_211' title='bbox 1428 1885 1718 1953; x_wconf 74' lang='grc' dir='ltr'>νεωτέροις</span> 
     </span>
    </p>
   </div>
   <div class='ocr_carea' id='block_1_30' title="bbox 1837 1877 3394 1956">
    <p class='ocr_par' dir='ltr' id='par_1_30' title="bbox 1837 1877 3394 1953">
     <span class='ocr_line' id='line_1_30' title="bbox 1837 1877 3394 1953; baseline 0.008 -24"><span class='ocrx_word' id='word_1_212' title='bbox 1837 1877 2146 1931; x_wconf 82' lang='lat' dir='ltr'><strong>veniendum</strong></span> <span class='ocrx_word' id='word_1_213' title='bbox 2178 1892 2326 1932; x_wconf 89' lang='lat' dir='ltr'><strong>nunc</strong></span> <span class='ocrx_word' id='word_1_214' title='bbox 2365 1878 2430 1932; x_wconf 88' lang='lat' dir='ltr'><strong>ad</strong></span> <span class='ocrx_word' id='word_1_215' title='bbox 2456 1878 2727 1933; x_wconf 85' lang='lat' dir='ltr'><strong>inventam</strong></span> <span class='ocrx_word' id='word_1_216' title='bbox 2750 1895 2778 1934; x_wconf 86' lang='lat' dir='ltr'><strong>a</strong></span> <span class='ocrx_word' id='word_1_217' title='bbox 2805 1884 3201 1939; x_wconf 81' lang='lat' dir='ltr'><strong>recentioribus</strong></span> <span class='ocrx_word' id='word_1_218' title='bbox 3222 1887 3394 1953; x_wconf 82' lang='lat' dir='ltr'><strong>poetis</strong></span> 
     </span>
    </p>
   </div>
   <div class='ocr_carea' id='block_1_31' title="bbox 187 1967 1724 2047">
    <p class='ocr_par' dir='ltr' id='par_1_31' title="bbox 187 1975 1716 2047">
     <span class='ocr_line' id='line_1_31' title="bbox 187 1975 1716 2047; baseline -0.003 -17"><span class='ocrx_word' id='word_1_219' title='bbox 187 1978 469 2047; x_wconf 77' lang='grc' dir='ltr'>μελῳδικοῖς</span> <span class='ocrx_word' id='word_1_220' title='bbox 502 1975 822 2047; x_wconf 78' lang='grc' dir='ltr'>εὑρημένην</span> <span class='ocrx_word' id='word_1_221' title='bbox 882 1977 1265 2046; x_wconf 79' lang='grc' dir='ltr'>ἡμισευμένην</span> <span class='ocrx_word' id='word_1_222' title='bbox 1319 1975 1669 2045; x_wconf 79' lang='grc' dir='ltr'>ἀκροστιχίδα</span> <span class='ocrx_word' id='word_1_223' title='bbox 1700 1990 1716 2006; x_wconf 78' lang='grc' dir='ltr'><strong>ο</strong></span> 
     </span>
    </p>
   </div>
   <div class='ocr_carea' id='block_1_32' title="bbox 1837 1967 3394 2047">
    <p class='ocr_par' dir='ltr' id='par_1_32' title="bbox 1837 1967 3394 2032">
     <span class='ocr_line' id='line_1_32' title="bbox 1837 1967 3394 2032; baseline 0.006 -10"><span class='ocrx_word' id='word_1_224' title='bbox 1837 1967 2161 2023; x_wconf 87' lang='lat' dir='ltr'><strong>limidiatam</strong></span> <span class='ocrx_word' id='word_1_225' title='bbox 2225 1970 2700 2025; x_wconf 81' lang='lat' dir='ltr'><strong>acrosticbidem:</strong></span> <span class='ocrx_word' id='word_1_226' title='bbox 2761 1972 3101 2030; x_wconf 79' lang='lat' dir='ltr'><strong>dimidiatam</strong></span> <span class='ocrx_word' id='word_1_227' title='bbox 3163 1976 3276 2031; x_wconf 79' lang='lat' dir='ltr'><strong>dixi</strong></span> <span class='ocrx_word' id='word_1_228' title='bbox 3327 1994 3394 2032; x_wconf 80' lang='lat' dir='ltr'><strong>eo</strong></span> 
     </span>
    </p>
   </div>
   <div class='ocr_carea' id='block_1_33' title="bbox 183 2061 1724 2140">
    <p class='ocr_par' dir='ltr' id='par_1_33' title="bbox 183 2061 1721 2140">
     <span class='ocr_line' id='line_1_33' title="bbox 183 2061 1721 2140; baseline -0.001 -20"><span class='ocrx_word' id='word_1_229' title='bbox 183 2070 519 2139; x_wconf 74' lang='grc' dir='ltr'>ἡμισευμένην</span> <span class='ocrx_word' id='word_1_230' title='bbox 546 2070 606 2123; x_wconf 79' lang='grc' dir='ltr'>δὲ</span> <span class='ocrx_word' id='word_1_231' title='bbox 632 2070 801 2140; x_wconf 77' lang='grc' dir='ltr'>αὐτὴν</span> <span class='ocrx_word' id='word_1_232' title='bbox 830 2061 1006 2133; x_wconf 83' lang='grc' dir='ltr'>εἷπον,</span> <span class='ocrx_word' id='word_1_233' title='bbox 1034 2068 1110 2131; x_wconf 82' lang='grc' dir='ltr'><strong>ὡς</strong></span> <span class='ocrx_word' id='word_1_234' title='bbox 1136 2070 1210 2138; x_wconf 83' lang='grc' dir='ltr'>μὴ</span> <span class='ocrx_word' id='word_1_235' title='bbox 1240 2067 1383 2121; x_wconf 78' lang='grc' dir='ltr'>κατὰ</span> <span class='ocrx_word' id='word_1_236' title='bbox 1428 2067 1554 2129; x_wconf 76' lang='grc' dir='ltr'>τοὺς</span> <span class='ocrx_word' id='word_1_237' title='bbox 1618 2067 1721 2135; x_wconf 84' lang='grc' dir='ltr'><strong>ἁρ-</strong></span> 
     </span>
    </p>
   </div>
   <div class='ocr_carea' id='block_1_34' title="bbox 1837 2061 3392 2140">
    <p class='ocr_par' dir='ltr' id='par_1_34' title="bbox 1837 2062 3392 2131">
     <span class='ocr_line' id='line_1_34' title="bbox 1837 2062 3392 2131; baseline 0.008 -18"><span class='ocrx_word' id='word_1_238' title='bbox 1837 2062 2002 2129; x_wconf 77' lang='grc' dir='ltr'>ιυοά,</span> <span class='ocrx_word' id='word_1_239' title='bbox 2068 2069 2261 2116; x_wconf 84' lang='lat' dir='ltr'><strong>contra</strong></span> <span class='ocrx_word' id='word_1_240' title='bbox 2318 2065 2625 2131; x_wconf 88' lang='lat' dir='ltr'><strong>priscorum</strong></span> <span class='ocrx_word' id='word_1_241' title='bbox 2682 2079 2863 2128; x_wconf 86' lang='lat' dir='ltr'><strong>usum.</strong></span> <span class='ocrx_word' id='word_1_242' title='bbox 2919 2082 3025 2121; x_wconf 89' lang='lat' dir='ltr'><strong>non</strong></span> <span class='ocrx_word' id='word_1_243' title='bbox 3078 2071 3305 2124; x_wconf 78' lang='lat' dir='ltr'><strong>scorsim</strong></span> <span class='ocrx_word' id='word_1_244' title='bbox 3360 2086 3392 2125; x_wconf 92' lang='lat' dir='ltr'><strong>a</strong></span> 
     </span>
    </p>
   </div>
   <div class='ocr_carea' id='block_1_35' title="bbox 190 2152 1724 2230">
    <p class='ocr_par' dir='ltr' id='par_1_35' title="bbox 190 2157 1720 2230">
     <span class='ocr_line' id='line_1_35' title="bbox 190 2157 1720 2230; baseline -0.003 -18"><span class='ocrx_word' id='word_1_245' title='bbox 190 2158 340 2228; x_wconf 72' lang='grc' dir='ltr'>κοίους</span> <span class='ocrx_word' id='word_1_246' title='bbox 366 2159 465 2230; x_wconf 68' lang='grc' dir='ltr'>ἰδίᾳ</span> <span class='ocrx_word' id='word_1_247' title='bbox 495 2162 557 2225; x_wconf 70' lang='grc' dir='ltr'>ἐξ</span> <span class='ocrx_word' id='word_1_248' title='bbox 590 2159 892 2230; x_wconf 79' lang='grc' dir='ltr'>ἀριστερῶν</span> <span class='ocrx_word' id='word_1_249' title='bbox 914 2159 1010 2212; x_wconf 75' lang='grc' dir='ltr'>καὶ</span> <span class='ocrx_word' id='word_1_250' title='bbox 1044 2159 1150 2229; x_wconf 77' lang='grc' dir='ltr'>ἰδίᾳ</span> <span class='ocrx_word' id='word_1_251' title='bbox 1181 2157 1413 2223; x_wconf 78' lang='grc' dir='ltr'>δεξιόθεν</span> <span class='ocrx_word' id='word_1_252' title='bbox 1441 2159 1720 2226; x_wconf 64' lang='grc' dir='ltr'>συνεῖρκυ-</span> 
     </span>
    </p>
   </div>
   <div class='ocr_carea' id='block_1_36' title="bbox 1837 2152 3391 2230">
    <p class='ocr_par' dir='ltr' id='par_1_36' title="bbox 1837 2152 3391 2227">
     <span class='ocr_line' id='line_1_36' title="bbox 1837 2152 3391 2227; baseline 0.006 -22"><span class='ocrx_word' id='word_1_253' title='bbox 1837 2152 2066 2207; x_wconf 70' lang='lat' dir='ltr'><strong>sinistris</strong></span> <span class='ocrx_word' id='word_1_254' title='bbox 2100 2163 2159 2208; x_wconf 87' lang='lat' dir='ltr'><strong>et</strong></span> <span class='ocrx_word' id='word_1_255' title='bbox 2191 2155 2422 2209; x_wconf 87' lang='lat' dir='ltr'><strong>seorsim</strong></span> <span class='ocrx_word' id='word_1_256' title='bbox 2455 2171 2484 2209; x_wconf 90' lang='lat' dir='ltr'><strong>a</strong></span> <span class='ocrx_word' id='word_1_257' title='bbox 2518 2154 2731 2211; x_wconf 79' lang='lat' dir='ltr'><strong>dextris</strong></span> <span class='ocrx_word' id='word_1_258' title='bbox 2771 2160 3121 2227; x_wconf 87' lang='lat' dir='ltr'><strong>compleatur</strong></span> <span class='ocrx_word' id='word_1_259' title='bbox 3158 2172 3391 2215; x_wconf 90' lang='lat' dir='ltr'><strong>metrum</strong></span> 
     </span>
    </p>
   </div>
   <div class='ocr_carea' id='block_1_37' title="bbox 1820 2243 3398 2315">
    <p class='ocr_par' dir='ltr' id='par_1_37' title="bbox 1820 2243 3398 2315">
     <span class='ocr_line' id='line_1_37' title="bbox 1820 2243 3398 2315; baseline 0.009 -19"><span class='ocrx_word' id='word_1_260' title='bbox 1820 2257 1887 2297; x_wconf 80' lang='lat' dir='ltr'><strong>ex</strong></span> <span class='ocrx_word' id='word_1_261' title='bbox 1918 2243 2089 2299; x_wconf 88' lang='lat' dir='ltr'><strong>initiis</strong></span> <span class='ocrx_word' id='word_1_262' title='bbox 2118 2260 2373 2301; x_wconf 85' lang='lat' dir='ltr'><strong>versuum</strong></span> <span class='ocrx_word' id='word_1_263' title='bbox 2404 2248 2675 2315; x_wconf 86' lang='lat' dir='ltr'><strong>omnium,</strong></span> <span class='ocrx_word' id='word_1_264' title='bbox 2721 2253 2952 2306; x_wconf 88' lang='lat' dir='ltr'><strong>summis</strong></span> <span class='ocrx_word' id='word_1_265' title='bbox 2999 2252 3283 2309; x_wconf 85' lang='lat' dir='ltr'><strong>elementis</strong></span> <span class='ocrx_word' id='word_1_266' title='bbox 3313 2255 3398 2309; x_wconf 84' lang='lat' dir='ltr'><strong>in-</strong></span> 
     </span>
    </p>
   </div>
   <div class='ocr_carea' id='block_1_38' title="bbox 1820 2335 3391 2412">
    <p class='ocr_par' dir='ltr' id='par_1_38' title="bbox 1820 2335 3391 2412">
     <span class='ocr_line' id='line_1_38' title="bbox 1820 2335 3391 2412; baseline 0.008 -25"><span class='ocrx_word' id='word_1_267' title='bbox 1820 2335 1993 2388; x_wconf 88' lang='lat' dir='ltr'><strong>vicem</strong></span> <span class='ocrx_word' id='word_1_268' title='bbox 2027 2335 2424 2392; x_wconf 68' lang='lat' dir='ltr'><strong>cohaarentibus</strong></span> <span class='ocrx_word' id='word_1_269' title='bbox 2454 2339 2523 2393; x_wconf 87' lang='lat' dir='ltr'><strong>ab</strong></span> <span class='ocrx_word' id='word_1_270' title='bbox 2556 2339 2711 2395; x_wconf 89' lang='lat' dir='ltr'><strong>initio</strong></span> <span class='ocrx_word' id='word_1_271' title='bbox 2739 2357 2912 2412; x_wconf 88' lang='lat' dir='ltr'><strong>usque</strong></span> <span class='ocrx_word' id='word_1_272' title='bbox 2955 2345 3021 2398; x_wconf 84' lang='lat' dir='ltr'><strong>ad</strong></span> <span class='ocrx_word' id='word_1_273' title='bbox 3056 2344 3214 2399; x_wconf 84' lang='lat' dir='ltr'><strong>linem</strong></span> <span class='ocrx_word' id='word_1_274' title='bbox 3241 2384 3259 2410; x_wconf 91' lang='grc'><strong>,</strong></span> <span class='ocrx_word' id='word_1_275' title='bbox 3298 2347 3391 2400; x_wconf 82' lang='lat' dir='ltr'><strong>sed</strong></span> 
     </span>
    </p>
   </div>
   <div class='ocr_carea' id='block_1_39' title="bbox 1824 2426 3397 2505">
    <p class='ocr_par' dir='ltr' id='par_1_39' title="bbox 1824 2426 3397 2505">
     <span class='ocr_line' id='line_1_39' title="bbox 1824 2426 3397 2505; baseline 0.01 -27"><span class='ocrx_word' id='word_1_276' title='bbox 1824 2426 2134 2493; x_wconf 80' lang='lat' dir='ltr'><strong>perﬁciatur</strong></span> <span class='ocrx_word' id='word_1_277' title='bbox 2168 2427 2462 2483; x_wconf 89' lang='lat' dir='ltr'><strong>dimidium</strong></span> <span class='ocrx_word' id='word_1_278' title='bbox 2495 2431 2689 2500; x_wconf 80' lang='lat' dir='ltr'><strong>operis</strong></span> <span class='ocrx_word' id='word_1_279' title='bbox 2722 2433 2905 2500; x_wconf 82' lang='lat' dir='ltr'><strong>hujus,</strong></span> <span class='ocrx_word' id='word_1_280' title='bbox 2960 2439 3199 2505; x_wconf 88' lang='lat' dir='ltr'><strong>sumptis</strong></span> <span class='ocrx_word' id='word_1_281' title='bbox 3250 2439 3397 2493; x_wconf 71' lang='lat' dir='ltr'><strong>scili-</strong></span> 
     </span>
    </p>
   </div>
   <div class='ocr_carea' id='block_1_40' title="bbox 1820 2517 3396 2593">
    <p class='ocr_par' dir='ltr' id='par_1_40' title="bbox 1820 2517 3396 2593">
     <span class='ocr_line' id='line_1_40' title="bbox 1820 2517 3396 2593; baseline 0.008 -21"><span class='ocrx_word' id='word_1_282' title='bbox 1820 2526 1906 2572; x_wconf 89' lang='lat' dir='ltr'><strong>cet</strong></span> <span class='ocrx_word' id='word_1_283' title='bbox 1955 2517 2124 2572; x_wconf 87' lang='lat' dir='ltr'><strong>initiis</strong></span> <span class='ocrx_word' id='word_1_284' title='bbox 2162 2519 2507 2576; x_wconf 86' lang='lat' dir='ltr'><strong>solummodo</strong></span> <span class='ocrx_word' id='word_1_285' title='bbox 2546 2522 2887 2593; x_wconf 85' lang='lat' dir='ltr'><strong>singulorum</strong></span> <span class='ocrx_word' id='word_1_286' title='bbox 2913 2541 3171 2580; x_wconf 81' lang='lat' dir='ltr'><strong>versuum</strong></span> <span class='ocrx_word' id='word_1_287' title='bbox 3207 2543 3236 2581; x_wconf 91' lang='lat' dir='ltr'><strong>a</strong></span> <span class='ocrx_word' id='word_1_288' title='bbox 3259 2529 3396 2584; x_wconf 90' lang='lat' dir='ltr'><strong>sini-</strong></span> 
     </span>
    </p>
   </div>
   <div class='ocr_carea' id='block_1_41' title="bbox 1821 2608 3396 2681">
    <p class='ocr_par' dir='ltr' id='par_1_41' title="bbox 1821 2608 3396 2681">
     <span class='ocr_line' id='line_1_41' title="bbox 1821 2608 3396 2681; baseline 0.006 -20"><span class='ocrx_word' id='word_1_289' title='bbox 1821 2608 1949 2662; x_wconf 88' lang='lat' dir='ltr'><strong>stris</strong></span> <span class='ocrx_word' id='word_1_290' title='bbox 1982 2608 2284 2676; x_wconf 87' lang='lat' dir='ltr'><strong>positorum</strong></span> <span class='ocrx_word' id='word_1_291' title='bbox 2320 2627 2335 2677; x_wconf 91' lang='lat'>;</span> <span class='ocrx_word' id='word_1_292' title='bbox 2370 2612 2515 2666; x_wconf 88' lang='lat' dir='ltr'><strong>unde</strong></span> <span class='ocrx_word' id='word_1_293' title='bbox 2544 2627 2640 2681; x_wconf 89' lang='lat' dir='ltr'><strong>per</strong></span> <span class='ocrx_word' id='word_1_294' title='bbox 2671 2614 3023 2669; x_wconf 84' lang='lat' dir='ltr'><strong>imitationem</strong></span> <span class='ocrx_word' id='word_1_295' title='bbox 3048 2626 3312 2671; x_wconf 84' lang='lat' dir='ltr'><strong>remotam</strong></span> <span class='ocrx_word' id='word_1_296' title='bbox 3339 2628 3396 2671; x_wconf 91' lang='lat' dir='ltr'><strong>et</strong></span> 
     </span>
    </p>
   </div>
   <div class='ocr_carea' id='block_1_42' title="bbox 190 2249 1721 2321">
    <p class='ocr_par' dir='ltr' id='par_1_42' title="bbox 190 2249 1721 2321">
     <span class='ocr_line' id='line_1_42' title="bbox 190 2249 1721 2321; baseline -0.001 -19"><span class='ocrx_word' id='word_1_297' title='bbox 190 2267 271 2303; x_wconf 82' lang='grc' dir='ltr'><strong>σαν</strong></span> <span class='ocrx_word' id='word_1_298' title='bbox 315 2252 505 2321; x_wconf 77' lang='grc' dir='ltr'>μέτρον</span> <span class='ocrx_word' id='word_1_299' title='bbox 568 2253 632 2305; x_wconf 86' lang='grc' dir='ltr'><strong>ἐκ</strong></span> <span class='ocrx_word' id='word_1_300' title='bbox 686 2251 787 2320; x_wconf 81' lang='grc' dir='ltr'>τῆς</span> <span class='ocrx_word' id='word_1_301' title='bbox 828 2249 938 2304; x_wconf 86' lang='grc' dir='ltr'><strong>τῶν</strong></span> <span class='ocrx_word' id='word_1_302' title='bbox 993 2251 1142 2302; x_wconf 85' lang='grc' dir='ltr'>ἐπῶν</span> <span class='ocrx_word' id='word_1_303' title='bbox 1199 2250 1340 2303; x_wconf 81' lang='grc' dir='ltr'>ὅλων</span> <span class='ocrx_word' id='word_1_304' title='bbox 1373 2249 1721 2317; x_wconf 77' lang='grc' dir='ltr'>ἑκατέρωθεν</span> 
     </span>
    </p>
   </div>
   <div class='ocr_carea' id='block_1_43' title="bbox 188 2342 1724 2413">
    <p class='ocr_par' dir='ltr' id='par_1_43' title="bbox 188 2342 1724 2413">
     <span class='ocr_line' id='line_1_43' title="bbox 188 2342 1724 2413; baseline -0.001 -18"><span class='ocrx_word' id='word_1_305' title='bbox 188 2342 473 2412; x_wconf 74' lang='grc' dir='ltr'>ἁκρότητος,</span> <span class='ocrx_word' id='word_1_306' title='bbox 519 2342 635 2395; x_wconf 86' lang='grc' dir='ltr'><strong>τῶν</strong></span> <span class='ocrx_word' id='word_1_307' title='bbox 691 2343 876 2411; x_wconf 79' lang='grc' dir='ltr'>ἄκρων</span> <span class='ocrx_word' id='word_1_308' title='bbox 927 2343 1209 2413; x_wconf 76' lang='grc' dir='ltr'>στοιχείων</span> <span class='ocrx_word' id='word_1_309' title='bbox 1272 2342 1724 2409; x_wconf 64' lang='grc' dir='ltr'>ἐπιστοιὼζομέ-</span> 
     </span>
    </p>
   </div>
   <div class='ocr_carea' id='block_1_44' title="bbox 190 2432 1722 2505">
    <p class='ocr_par' dir='ltr' id='par_1_44' title="bbox 190 2432 1722 2505">
     <span class='ocr_line' id='line_1_44' title="bbox 190 2432 1722 2505; baseline -0.001 -18"><span class='ocrx_word' id='word_1_310' title='bbox 190 2451 277 2487; x_wconf 84' lang='grc' dir='ltr'><strong>νων</strong></span> <span class='ocrx_word' id='word_1_311' title='bbox 302 2433 554 2505; x_wconf 82' lang='grc' dir='ltr'>ἀλλήλοις</span> <span class='ocrx_word' id='word_1_312' title='bbox 581 2434 819 2505; x_wconf 82' lang='grc' dir='ltr'>ἀρχῆθεν</span> <span class='ocrx_word' id='word_1_313' title='bbox 854 2436 1017 2505; x_wconf 86' lang='grc' dir='ltr'>μέχρι</span> <span class='ocrx_word' id='word_1_314' title='bbox 1052 2434 1238 2497; x_wconf 78' lang='grc' dir='ltr'>τέλους</span> <span class='ocrx_word' id='word_1_315' title='bbox 1269 2450 1284 2465; x_wconf 93' lang='grc'><strong>·</strong></span> <span class='ocrx_word' id='word_1_316' title='bbox 1306 2433 1442 2486; x_wconf 73' lang='grc' dir='ltr'><strong>ἀλλά</strong></span> <span class='ocrx_word' id='word_1_317' title='bbox 1470 2436 1530 2486; x_wconf 80' lang='grc' dir='ltr'>τὸ</span> <span class='ocrx_word' id='word_1_318' title='bbox 1548 2432 1722 2502; x_wconf 75' lang='grc' dir='ltr'>ἥμισυ</span> 
     </span>
    </p>
   </div>
   <div class='ocr_carea' id='block_1_45' title="bbox 190 2526 1723 2596">
    <p class='ocr_par' dir='ltr' id='par_1_45' title="bbox 190 2526 1723 2596">
     <span class='ocr_line' id='line_1_45' title="bbox 190 2526 1723 2596; baseline 0 -17"><span class='ocrx_word' id='word_1_319' title='bbox 190 2529 271 2595; x_wconf 73' lang='grc' dir='ltr'>τῆς</span> <span class='ocrx_word' id='word_1_320' title='bbox 293 2526 517 2596; x_wconf 79' lang='grc' dir='ltr'>σπουδῆς</span> <span class='ocrx_word' id='word_1_321' title='bbox 541 2528 762 2596; x_wconf 81' lang='grc' dir='ltr'>ἐκείνης</span> <span class='ocrx_word' id='word_1_322' title='bbox 817 2527 1109 2592; x_wconf 78' lang='grc' dir='ltr'>άνύουσαν,</span> <span class='ocrx_word' id='word_1_323' title='bbox 1171 2527 1307 2595; x_wconf 78' lang='grc' dir='ltr'>ὅπερ</span> <span class='ocrx_word' id='word_1_324' title='bbox 1357 2528 1473 2579; x_wconf 77' lang='grc' dir='ltr'>ἐστὶ</span> <span class='ocrx_word' id='word_1_325' title='bbox 1517 2526 1615 2592; x_wconf 70' lang='grc' dir='ltr'>τὴν</span> <span class='ocrx_word' id='word_1_326' title='bbox 1665 2528 1723 2579; x_wconf 86' lang='grc' dir='ltr'>ὲν</span> 
     </span>
    </p>
   </div>
   <div class='ocr_carea' id='block_1_46' title="bbox 189 2616 1720 2687">
    <p class='ocr_par' dir='ltr' id='par_1_46' title="bbox 189 2616 1720 2687">
     <span class='ocr_line' id='line_1_46' title="bbox 189 2616 1720 2687; baseline -0.002 -16"><span class='ocrx_word' id='word_1_327' title='bbox 189 2621 346 2685; x_wconf 75' lang='grc' dir='ltr'>μόναις</span> <span class='ocrx_word' id='word_1_328' title='bbox 365 2621 482 2681; x_wconf 86' lang='grc' dir='ltr'>ταῖ;</span> <span class='ocrx_word' id='word_1_329' title='bbox 505 2618 741 2671; x_wconf 75' lang='grc' dir='ltr'>ἑκάστου</span> <span class='ocrx_word' id='word_1_330' title='bbox 767 2618 875 2672; x_wconf 84' lang='grc' dir='ltr'><strong>τῶν</strong></span> <span class='ocrx_word' id='word_1_331' title='bbox 914 2618 1117 2687; x_wconf 81' lang='grc' dir='ltr'>στίχων</span> <span class='ocrx_word' id='word_1_332' title='bbox 1156 2616 1214 2684; x_wconf 79' lang='grc' dir='ltr'>ἐξ</span> <span class='ocrx_word' id='word_1_333' title='bbox 1259 2616 1570 2687; x_wconf 81' lang='grc' dir='ltr'>ἀριστερῶν</span> <span class='ocrx_word' id='word_1_334' title='bbox 1614 2633 1720 2668; x_wconf 75' lang='grc' dir='ltr'>κτι-</span> 
     </span>
    </p>
   </div>
   <div class='ocr_carea' id='block_1_47' title="bbox 187 2706 1724 2779">
    <p class='ocr_par' dir='ltr' id='par_1_47' title="bbox 187 2706 1724 2779">
     <span class='ocr_line' id='line_1_47' title="bbox 187 2706 1724 2779; baseline -0.001 -19"><span class='ocrx_word' id='word_1_335' title='bbox 187 2712 380 2779; x_wconf 77' lang='grc' dir='ltr'>ταρχαῖς</span> <span class='ocrx_word' id='word_1_336' title='bbox 406 2724 423 2741; x_wconf 78' lang='grc' dir='ltr'><strong><em>ο</em></strong></span> <span class='ocrx_word' id='word_1_337' title='bbox 500 2706 566 2763; x_wconf 83' lang='grc' dir='ltr'>οὗ</span> <span class='ocrx_word' id='word_1_338' title='bbox 620 2708 759 2778; x_wconf 82' lang='grc' dir='ltr'>πρὸς</span> <span class='ocrx_word' id='word_1_339' title='bbox 804 2707 1044 2776; x_wconf 75' lang='grc' dir='ltr'>ἔμφασιν</span> <span class='ocrx_word' id='word_1_340' title='bbox 1085 2708 1338 2779; x_wconf 83' lang='grc' dir='ltr'>ἀμυδρὰν</span> <span class='ocrx_word' id='word_1_341' title='bbox 1392 2707 1488 2761; x_wconf 75' lang='grc' dir='ltr'>καὶ</span> <span class='ocrx_word' id='word_1_342' title='bbox 1522 2707 1724 2777; x_wconf 76' lang='grc' dir='ltr'>ἥκιστα</span> 
     </span>
    </p>
   </div>
   <div class='ocr_carea' id='block_1_48' title="bbox 188 2797 1723 2870">
    <p class='ocr_par' dir='ltr' id='par_1_48' title="bbox 188 2797 1723 2870">
     <span class='ocr_line' id='line_1_48' title="bbox 188 2797 1723 2870; baseline -0.001 -19"><span class='ocrx_word' id='word_1_343' title='bbox 188 2800 390 2870; x_wconf 82' lang='grc' dir='ltr'>δυσχερῆ</span> <span class='ocrx_word' id='word_1_344' title='bbox 414 2800 771 2870; x_wconf 79' lang='grc' dir='ltr'>ἐπινενόηται</span> <span class='ocrx_word' id='word_1_345' title='bbox 800 2803 916 2863; x_wconf 87' lang='grc' dir='ltr'>τοῖς</span> <span class='ocrx_word' id='word_1_346' title='bbox 954 2799 1164 2853; x_wconf 77' lang='grc' dir='ltr'>πλείοσι</span> <span class='ocrx_word' id='word_1_347' title='bbox 1199 2798 1457 2869; x_wconf 79' lang='grc' dir='ltr'>μελῳδοῖς</span> <span class='ocrx_word' id='word_1_348' title='bbox 1490 2798 1523 2866; x_wconf 83' lang='grc' dir='ltr'>ή</span> <span class='ocrx_word' id='word_1_349' title='bbox 1559 2797 1723 2866; x_wconf 85' lang='grc' dir='ltr'>μέχρι</span> 
     </span>
    </p>
   </div>
   <div class='ocr_carea' id='block_1_49' title="bbox 190 2889 1721 2964">
    <p class='ocr_par' dir='ltr' id='par_1_49' title="bbox 190 2889 1721 2964">
     <span class='ocr_line' id='line_1_49' title="bbox 190 2889 1721 2964; baseline -0.003 -18"><span class='ocrx_word' id='word_1_350' title='bbox 190 2892 266 2946; x_wconf 78' lang='grc' dir='ltr'>καὶ</span> <span class='ocrx_word' id='word_1_351' title='bbox 293 2892 375 2946; x_wconf 79' lang='grc' dir='ltr'>νῦν</span> <span class='ocrx_word' id='word_1_352' title='bbox 397 2893 820 2964; x_wconf 78' lang='grc' dir='ltr'>συντηρουμένη</span> <span class='ocrx_word' id='word_1_353' title='bbox 846 2891 1009 2953; x_wconf 75' lang='grc' dir='ltr'>ἐνίοις</span> <span class='ocrx_word' id='word_1_354' title='bbox 1041 2890 1525 2961; x_wconf 81' lang='grc' dir='ltr'>παρασημείωσις,</span> <span class='ocrx_word' id='word_1_355' title='bbox 1556 2889 1721 2958; x_wconf 89' lang='grc' dir='ltr'>μόνης</span> 
     </span>
    </p>
   </div>
   <div class='ocr_carea' id='block_1_50' title="bbox 1824 2699 3395 2778">
    <p class='ocr_par' dir='ltr' id='par_1_50' title="bbox 1824 2699 3395 2778">
     <span class='ocr_line' id='line_1_50' title="bbox 1824 2699 3395 2778; baseline 0.008 -27"><span class='ocrx_word' id='word_1_356' title='bbox 1824 2699 2047 2753; x_wconf 90' lang='lat' dir='ltr'><strong>minime</strong></span> <span class='ocrx_word' id='word_1_357' title='bbox 2077 2700 2347 2755; x_wconf 77' lang='lat' dir='ltr'><strong>diﬂlcilem</strong></span> <span class='ocrx_word' id='word_1_358' title='bbox 2378 2706 2691 2772; x_wconf 77' lang='lat' dir='ltr'><strong>excogitata</strong></span> <span class='ocrx_word' id='word_1_359' title='bbox 2718 2716 2801 2760; x_wconf 91' lang='lat' dir='ltr'><strong>est</strong></span> <span class='ocrx_word' id='word_1_360' title='bbox 2837 2721 2867 2760; x_wconf 93' lang='lat' dir='ltr'><strong>a</strong></span> <span class='ocrx_word' id='word_1_361' title='bbox 2900 2708 3173 2776; x_wconf 88' lang='lat' dir='ltr'><strong>plerisque</strong></span> <span class='ocrx_word' id='word_1_362' title='bbox 3216 2710 3395 2778; x_wconf 85' lang='lat' dir='ltr'><strong>poetis</strong></span> 
     </span>
    </p>
   </div>
   <div class='ocr_carea' id='block_1_51' title="bbox 1823 2789 3396 2863">
    <p class='ocr_par' dir='ltr' id='par_1_51' title="bbox 1823 2789 3396 2863">
     <span class='ocr_line' id='line_1_51' title="bbox 1823 2789 3396 2863; baseline 0.01 -23"><span class='ocrx_word' id='word_1_363' title='bbox 1823 2803 1883 2841; x_wconf 91' lang='lat' dir='ltr'><strong>ea</strong></span> <span class='ocrx_word' id='word_1_364' title='bbox 1917 2804 2037 2856; x_wconf 66' lang='lat' dir='ltr'><strong>qum</strong></span> <span class='ocrx_word' id='word_1_365' title='bbox 2068 2789 2351 2862; x_wconf 81' lang='lat' dir='ltr'><strong>hucusque</strong></span> <span class='ocrx_word' id='word_1_366' title='bbox 2380 2809 2410 2846; x_wconf 90' lang='lat' dir='ltr'><strong>a</strong></span> <span class='ocrx_word' id='word_1_367' title='bbox 2441 2795 2687 2863; x_wconf 84' lang='lat' dir='ltr'><strong>pluribus</strong></span> <span class='ocrx_word' id='word_1_368' title='bbox 2725 2796 3053 2852; x_wconf 86' lang='lat' dir='ltr'><strong>observatur</strong></span> <span class='ocrx_word' id='word_1_369' title='bbox 3112 2801 3396 2855; x_wconf 85' lang='lat' dir='ltr'><strong>annotatio</strong></span> 
     </span>
    </p>
   </div>
   <div class='ocr_carea' id='block_1_52' title="bbox 1825 2877 3397 2961">
    <p class='ocr_par' dir='ltr' id='par_1_52' title="bbox 1825 2877 3397 2961">
     <span class='ocr_line' id='line_1_52' title="bbox 1825 2877 3397 2961; baseline 0.011 -32"><span class='ocrx_word' id='word_1_370' title='bbox 1825 2877 1964 2934; x_wconf 89' lang='lat' dir='ltr'><strong>initii</strong></span> <span class='ocrx_word' id='word_1_371' title='bbox 1996 2880 2173 2935; x_wconf 88' lang='lat' dir='ltr'><strong>solum</strong></span> <span class='ocrx_word' id='word_1_372' title='bbox 2205 2886 2579 2952; x_wconf 86' lang='lat' dir='ltr'><strong>stropharum,</strong></span> <span class='ocrx_word' id='word_1_373' title='bbox 2647 2903 2877 2957; x_wconf 79' lang='lat' dir='ltr'><strong>quarunt</strong></span> <span class='ocrx_word' id='word_1_374' title='bbox 2908 2890 3143 2959; x_wconf 75' lang='lat' dir='ltr'><strong>singulis</strong></span> <span class='ocrx_word' id='word_1_375' title='bbox 3196 2892 3397 2961; x_wconf 84' lang='lat' dir='ltr'><strong>adjun-</strong></span> 
     </span>
    </p>
   </div>
   <div class='ocr_carea' id='block_1_53' title="bbox 189 2974 1724 3059">
    <p class='ocr_par' dir='ltr' id='par_1_53' title="bbox 189 2983 1724 3059">
     <span class='ocr_line' id='line_1_53' title="bbox 189 2983 1724 3059; baseline -0.003 -19"><span class='ocrx_word' id='word_1_376' title='bbox 189 2985 268 3054; x_wconf 80' lang='grc' dir='ltr'>τῆς</span> <span class='ocrx_word' id='word_1_377' title='bbox 302 2986 400 3039; x_wconf 82' lang='grc' dir='ltr'><strong>τῶν</strong></span> <span class='ocrx_word' id='word_1_378' title='bbox 456 2987 780 3059; x_wconf 79' lang='grc' dir='ltr'>τροπαρίων</span> <span class='ocrx_word' id='word_1_379' title='bbox 820 2986 1090 3054; x_wconf 80' lang='grc' dir='ltr'>ἐνάρξεως</span> <span class='ocrx_word' id='word_1_380' title='bbox 1123 3001 1137 3015; x_wconf 84' lang='lat'><strong><em>°</em></strong></span> <span class='ocrx_word' id='word_1_381' title='bbox 1184 2983 1259 3041; x_wconf 79' lang='grc' dir='ltr'>ὧν</span> <span class='ocrx_word' id='word_1_382' title='bbox 1309 2984 1526 3052; x_wconf 73' lang='grc' dir='ltr'>ἑκάστῳ</span> <span class='ocrx_word' id='word_1_383' title='bbox 1558 3000 1724 3054; x_wconf 87' lang='grc' dir='ltr'>προσ-</span> 
     </span>
    </p>
   </div>
   <div class='ocr_carea' id='block_1_54' title="bbox 1837 2974 3403 3059">
    <p class='ocr_par' dir='ltr' id='par_1_54' title="bbox 1837 2974 3403 3050">
     <span class='ocr_line' id='line_1_54' title="bbox 1837 2974 3403 3050; baseline 0.007 -23"><span class='ocrx_word' id='word_1_384' title='bbox 1837 2982 1969 3027; x_wconf 85' lang='lat' dir='ltr'><strong>:tnm</strong></span> <span class='ocrx_word' id='word_1_385' title='bbox 2003 2974 2241 3045; x_wconf 79' lang='lat' dir='ltr'><strong>primum</strong></span> <span class='ocrx_word' id='word_1_386' title='bbox 2273 2978 2538 3039; x_wconf 78' lang='lat' dir='ltr'><strong>secundo,</strong></span> <span class='ocrx_word' id='word_1_387' title='bbox 2578 2986 2633 3033; x_wconf 89' lang='lat' dir='ltr'><strong>et</strong></span> <span class='ocrx_word' id='word_1_388' title='bbox 2684 2978 2817 3033; x_wconf 83' lang='lat' dir='ltr'><strong>illud</strong></span> <span class='ocrx_word' id='word_1_389' title='bbox 2879 2983 3152 3050; x_wconf 86' lang='lat' dir='ltr'><strong>sequenti,</strong></span> <span class='ocrx_word' id='word_1_390' title='bbox 3212 2990 3268 3038; x_wconf 86' lang='lat' dir='ltr'><strong>et</strong></span> <span class='ocrx_word' id='word_1_391' title='bbox 3314 2984 3403 3038; x_wconf 84' lang='lat' dir='ltr'><strong>sic</strong></span> 
     </span>
    </p>
   </div>
   <div class='ocr_carea' id='block_1_55' title="bbox 193 3065 1724 3152">
    <p class='ocr_par' dir='ltr' id='par_1_55' title="bbox 193 3077 1724 3152">
     <span class='ocr_line' id='line_1_55' title="bbox 193 3077 1724 3152; baseline -0.001 -21"><span class='ocrx_word' id='word_1_392' title='bbox 193 3079 319 3132; x_wconf 73' lang='grc' dir='ltr'>ιοῦεα</span> <span class='ocrx_word' id='word_1_393' title='bbox 357 3078 617 3152; x_wconf 78' lang='grc' dir='ltr'>ἡπρώτη</span> <span class='ocrx_word' id='word_1_394' title='bbox 651 3083 717 3151; x_wconf 79' lang='grc' dir='ltr'>τῇ</span> <span class='ocrx_word' id='word_1_395' title='bbox 743 3079 991 3151; x_wconf 77' lang='grc' dir='ltr'>δευτέρᾳ,</span> <span class='ocrx_word' id='word_1_396' title='bbox 1053 3081 1147 3133; x_wconf 81' lang='grc' dir='ltr'>καὶ</span> <span class='ocrx_word' id='word_1_397' title='bbox 1179 3079 1319 3149; x_wconf 74' lang='grc' dir='ltr'>αὕτη</span> <span class='ocrx_word' id='word_1_398' title='bbox 1353 3082 1419 3149; x_wconf 84' lang='grc' dir='ltr'>τῇ</span> <span class='ocrx_word' id='word_1_399' title='bbox 1470 3084 1600 3147; x_wconf 83' lang='grc' dir='ltr'>μετ’</span> <span class='ocrx_word' id='word_1_400' title='bbox 1626 3077 1724 3131; x_wconf 86' lang='grc' dir='ltr'><strong>αὐ-</strong></span> 
     </span>
    </p>
   </div>
   <div class='ocr_carea' id='block_1_56' title="bbox 1837 3065 3396 3152">
    <p class='ocr_par' dir='ltr' id='par_1_56' title="bbox 1837 3065 3396 3144">
     <span class='ocr_line' id='line_1_56' title="bbox 1837 3065 3396 3144; baseline 0.007 -26"><span class='ocrx_word' id='word_1_401' title='bbox 1837 3065 2033 3136; x_wconf 87' lang='lat' dir='ltr'><strong>reliqna</strong></span> <span class='ocrx_word' id='word_1_402' title='bbox 2066 3066 2346 3134; x_wconf 81' lang='lat' dir='ltr'><strong>deinceps,</strong></span> <span class='ocrx_word' id='word_1_403' title='bbox 2378 3084 2545 3123; x_wconf 90' lang='lat' dir='ltr'><strong>unum</strong></span> <span class='ocrx_word' id='word_1_404' title='bbox 2571 3068 2862 3127; x_wconf 80' lang='lat' dir='ltr'><strong>eﬂ&#39;ormant</strong></span> <span class='ocrx_word' id='word_1_405' title='bbox 2909 3074 3173 3135; x_wconf 83' lang='lat' dir='ltr'><strong>iambum.</strong></span> <span class='ocrx_word' id='word_1_406' title='bbox 3204 3088 3235 3128; x_wconf 87' lang='lat' dir='ltr'><strong>a</strong></span> <span class='ocrx_word' id='word_1_407' title='bbox 3279 3076 3396 3144; x_wconf 79' lang='lat' dir='ltr'><strong>pri-</strong></span> 
     </span>
    </p>
   </div>
   <div class='ocr_carea' id='block_1_57' title="bbox 192 3144 1724 3240">
    <p class='ocr_par' dir='ltr' id='par_1_57' title="bbox 192 3144 1724 3240">
     <span class='ocr_line' id='line_1_57' title="bbox 192 3144 1724 3240; baseline -0.003 -15"><span class='ocrx_word' id='word_1_408' title='bbox 192 3174 286 3240; x_wconf 73' lang='grc' dir='ltr'>τὴν,</span> <span class='ocrx_word' id='word_1_409' title='bbox 313 3144 395 3227; x_wconf 58' lang='grc' dir='ltr'><strong>καλ</strong></span> <span class='ocrx_word' id='word_1_410' title='bbox 448 3144 510 3226; x_wconf 62' lang='grc' dir='ltr'><strong>ἀι</strong></span> <span class='ocrx_word' id='word_1_411' title='bbox 542 3144 733 3226; x_wconf 30' lang='grc' dir='ltr'>λονιπαλ</span> <span class='ocrx_word' id='word_1_412' title='bbox 766 3144 914 3232; x_wconf 70' lang='grc' dir='ltr'><strong>ταῖς⁷</strong></span> <span class='ocrx_word' id='word_1_413' title='bbox 942 3144 1163 3239; x_wconf 72' lang='grc' dir='ltr'>ἐφεξῆς,</span> <span class='ocrx_word' id='word_1_414' title='bbox 1214 3144 1574 3223; x_wconf 60' lang='grc' dir='ltr'>ἀποτελουσιν</span> <span class='ocrx_word' id='word_1_415' title='bbox 1629 3170 1724 3222; x_wconf 75' lang='grc' dir='ltr'>ἕνα</span> 
     </span>
    </p>
   </div>
   <div class='ocr_carea' id='block_1_58' title="bbox 1837 3144 3401 3240">
    <p class='ocr_par' dir='ltr' id='par_1_58' title="bbox 1837 3157 3401 3232">
     <span class='ocr_line' id='line_1_58' title="bbox 1837 3157 3401 3232; baseline 0.006 -22"><span class='ocrx_word' id='word_1_416' title='bbox 1837 3172 1919 3211; x_wconf 89' lang='lat' dir='ltr'><strong>ma</strong></span> <span class='ocrx_word' id='word_1_417' title='bbox 1953 3157 2137 3214; x_wconf 81' lang='lat' dir='ltr'><strong>littera</strong></span> <span class='ocrx_word' id='word_1_418' title='bbox 2170 3158 2223 3213; x_wconf 82' lang='lat' dir='ltr'><strong>&#39;Lu</strong></span> <span class='ocrx_word' id='word_1_419' title='bbox 2258 3158 2431 3229; x_wconf 88' lang='lat' dir='ltr'><strong>prima</strong></span> <span class='ocrx_word' id='word_1_420' title='bbox 2467 3163 2693 3231; x_wconf 88' lang='lat' dir='ltr'><strong>stropbe</strong></span> <span class='ocrx_word' id='word_1_421' title='bbox 2726 3177 2898 3232; x_wconf 85' lang='lat' dir='ltr'><strong>usque</strong></span> <span class='ocrx_word' id='word_1_422' title='bbox 2926 3163 2992 3217; x_wconf 88' lang='lat' dir='ltr'><strong>ad</strong></span> <span class='ocrx_word' id='word_1_423' title='bbox 3028 3164 3271 3219; x_wconf 81' lang='lat' dir='ltr'><strong>ultimam</strong></span> <span class='ocrx_word' id='word_1_424' title='bbox 3304 3165 3401 3220; x_wconf 90' lang='lat' dir='ltr'><strong>ab-</strong></span> 
     </span>
    </p>
   </div>
   <div class='ocr_carea' id='block_1_59' title="bbox 196 3255 1724 3334">
    <p class='ocr_par' dir='ltr' id='par_1_59' title="bbox 196 3259 1724 3334">
     <span class='ocr_line' id='line_1_59' title="bbox 196 3259 1724 3334; baseline -0.001 -20"><span class='ocrx_word' id='word_1_425' title='bbox 196 3264 357 3333; x_wconf 79' lang='grc' dir='ltr'>ἰαμόον</span> <span class='ocrx_word' id='word_1_426' title='bbox 380 3266 476 3318; x_wconf 73' lang='grc' dir='ltr'><strong>τὸν</strong></span> <span class='ocrx_word' id='word_1_427' title='bbox 492 3268 556 3317; x_wconf 86' lang='grc' dir='ltr'><strong>ἐκ</strong></span> <span class='ocrx_word' id='word_1_428' title='bbox 587 3263 683 3317; x_wconf 80' lang='grc' dir='ltr'>τοῦ</span> <span class='ocrx_word' id='word_1_429' title='bbox 722 3264 1136 3334; x_wconf 76' lang='grc' dir='ltr'>προκαθημένου</span> <span class='ocrx_word' id='word_1_430' title='bbox 1175 3263 1504 3332; x_wconf 83' lang='grc' dir='ltr'>γράμματος</span> <span class='ocrx_word' id='word_1_431' title='bbox 1537 3262 1595 3313; x_wconf 83' lang='grc' dir='ltr'><strong>ἐν</strong></span> <span class='ocrx_word' id='word_1_432' title='bbox 1650 3259 1724 3331; x_wconf 81' lang='grc' dir='ltr'><strong>τῷ</strong></span> 
     </span>
    </p>
   </div>
   <div class='ocr_carea' id='block_1_60' title="bbox 1837 3255 3398 3334">
    <p class='ocr_par' dir='ltr' id='par_1_60' title="bbox 1837 3255 3398 3323">
     <span class='ocr_line' id='line_1_60' title="bbox 1837 3255 3398 3323; baseline 0.003 -14"><span class='ocrx_word' id='word_1_433' title='bbox 1837 3255 2072 3309; x_wconf 84' lang='lat' dir='ltr'><strong>solutum</strong></span> <span class='ocrx_word' id='word_1_434' title='bbox 2109 3272 2123 3306; x_wconf 89' lang='lat'><strong>:</strong></span> <span class='ocrx_word' id='word_1_435' title='bbox 2161 3255 2286 3307; x_wconf 87' lang='lat' dir='ltr'><strong>licet</strong></span> <span class='ocrx_word' id='word_1_436' title='bbox 2316 3269 2463 3307; x_wconf 90' lang='lat' dir='ltr'><strong>nunc</strong></span> <span class='ocrx_word' id='word_1_437' title='bbox 2485 3255 2788 3323; x_wconf 78' lang='lat' dir='ltr'><strong>negligatur</strong></span> <span class='ocrx_word' id='word_1_438' title='bbox 2820 3264 2874 3309; x_wconf 90' lang='lat' dir='ltr'><strong>et</strong></span> <span class='ocrx_word' id='word_1_439' title='bbox 2902 3255 3003 3309; x_wconf 85' lang='lat' dir='ltr'><strong>hoc</strong></span> <span class='ocrx_word' id='word_1_440' title='bbox 3054 3275 3081 3310; x_wconf 88' lang='lat' dir='ltr'><strong>a</strong></span> <span class='ocrx_word' id='word_1_441' title='bbox 3119 3258 3277 3312; x_wconf 92' lang='lat' dir='ltr'><strong>nobis</strong></span> <span class='ocrx_word' id='word_1_442' title='bbox 3303 3274 3398 3314; x_wconf 82' lang='lat' dir='ltr'><strong>ve-</strong></span> 
     </span>
    </p>
   </div>
   <div class='ocr_carea' id='block_1_61' title="bbox 196 3345 1724 3428">
    <p class='ocr_par' dir='ltr' id='par_1_61' title="bbox 196 3354 1724 3428">
     <span class='ocr_line' id='line_1_61' title="bbox 196 3354 1724 3428; baseline -0.001 -21"><span class='ocrx_word' id='word_1_443' title='bbox 196 3357 365 3428; x_wconf 78' lang='grc' dir='ltr'>πρὼτῳ</span> <span class='ocrx_word' id='word_1_444' title='bbox 390 3358 683 3428; x_wconf 76' lang='grc' dir='ltr'>τροπαρεῳ</span> <span class='ocrx_word' id='word_1_445' title='bbox 723 3357 885 3426; x_wconf 78' lang='grc' dir='ltr'>μέχρι</span> <span class='ocrx_word' id='word_1_446' title='bbox 915 3356 1010 3408; x_wconf 76' lang='grc' dir='ltr'>καὶ</span> <span class='ocrx_word' id='word_1_447' title='bbox 1038 3354 1133 3408; x_wconf 85' lang='grc' dir='ltr'>τοῦ</span> <span class='ocrx_word' id='word_1_448' title='bbox 1180 3356 1492 3408; x_wconf 81' lang='grc' dir='ltr'>τελευταίου</span> <span class='ocrx_word' id='word_1_449' title='bbox 1540 3356 1724 3422; x_wconf 81' lang='grc' dir='ltr'>ἀπαρ-</span> 
     </span>
    </p>
   </div>
   <div class='ocr_carea' id='block_1_62' title="bbox 1837 3345 3398 3428">
    <p class='ocr_par' dir='ltr' id='par_1_62' title="bbox 1837 3345 3398 3414">
     <span class='ocr_line' id='line_1_62' title="bbox 1837 3345 3398 3414; baseline 0.003 -15"><span class='ocrx_word' id='word_1_450' title='bbox 1837 3345 2092 3401; x_wconf 81' lang='lat' dir='ltr'><strong>eordibus</strong></span> <span class='ocrx_word' id='word_1_451' title='bbox 2122 3354 2178 3398; x_wconf 92' lang='lat' dir='ltr'><strong>et</strong></span> <span class='ocrx_word' id='word_1_452' title='bbox 2207 3346 2443 3413; x_wconf 87' lang='lat' dir='ltr'><strong>ignavis,</strong></span> <span class='ocrx_word' id='word_1_453' title='bbox 2465 3346 2558 3413; x_wconf 88' lang='lat' dir='ltr'><strong>qui</strong></span> <span class='ocrx_word' id='word_1_454' title='bbox 2593 3346 2952 3414; x_wconf 85' lang='lat' dir='ltr'><strong>psalmodiam</strong></span> <span class='ocrx_word' id='word_1_455' title='bbox 2990 3348 3214 3402; x_wconf 89' lang='lat' dir='ltr'><strong>secundi</strong></span> <span class='ocrx_word' id='word_1_456' title='bbox 3255 3349 3398 3404; x_wconf 86' lang='lat' dir='ltr'><strong>inter</strong></span> 
     </span>
    </p>
   </div>
   <div class='ocr_carea' id='block_1_63' title="bbox 193 3438 1724 3518">
    <p class='ocr_par' dir='ltr' id='par_1_63' title="bbox 193 3446 1724 3518">
     <span class='ocr_line' id='line_1_63' title="bbox 193 3446 1724 3518; baseline -0.002 -18"><span class='ocrx_word' id='word_1_457' title='bbox 193 3448 441 3518; x_wconf 79' lang='grc' dir='ltr'>τιζόμενον</span> <span class='ocrx_word' id='word_1_458' title='bbox 475 3465 493 3480; x_wconf 87' lang='grc'>·</span> <span class='ocrx_word' id='word_1_459' title='bbox 528 3450 577 3502; x_wconf 79' lang='lat' dir='ltr'><strong>ei</strong></span> <span class='ocrx_word' id='word_1_460' title='bbox 609 3453 705 3502; x_wconf 80' lang='grc' dir='ltr'>καὶ</span> <span class='ocrx_word' id='word_1_461' title='bbox 732 3447 827 3500; x_wconf 81' lang='grc' dir='ltr'><strong>νῦν</strong></span> <span class='ocrx_word' id='word_1_462' title='bbox 861 3447 1217 3517; x_wconf 83' lang='grc' dir='ltr'>παρεώραται</span> <span class='ocrx_word' id='word_1_463' title='bbox 1276 3446 1372 3498; x_wconf 71' lang='grc' dir='ltr'>καὶ</span> <span class='ocrx_word' id='word_1_464' title='bbox 1420 3447 1553 3499; x_wconf 72' lang='grc' dir='ltr'>αὐτὸ</span> <span class='ocrx_word' id='word_1_465' title='bbox 1611 3447 1724 3508; x_wconf 86' lang='grc' dir='ltr'>τοῖς</span> 
     </span>
    </p>
   </div>
   <div class='ocr_carea' id='block_1_64' title="bbox 1837 3438 3401 3518">
    <p class='ocr_par' dir='ltr' id='par_1_64' title="bbox 1837 3438 3401 3508">
     <span class='ocr_line' id='line_1_64' title="bbox 1837 3438 3401 3508; baseline 0.002 -13"><span class='ocrx_word' id='word_1_466' title='bbox 1837 3455 2016 3496; x_wconf 84' lang='lat' dir='ltr'><strong>sacros</strong></span> <span class='ocrx_word' id='word_1_467' title='bbox 2060 3454 2301 3495; x_wconf 87' lang='lat' dir='ltr'><strong>canones</strong></span> <span class='ocrx_word' id='word_1_468' title='bbox 2336 3438 2546 3508; x_wconf 82' lang='lat' dir='ltr'><strong>hymni,</strong></span> <span class='ocrx_word' id='word_1_469' title='bbox 2584 3453 2745 3507; x_wconf 87' lang='lat' dir='ltr'><strong>quem</strong></span> <span class='ocrx_word' id='word_1_470' title='bbox 2780 3454 2953 3507; x_wconf 85' lang='lat' dir='ltr'><strong>usque</strong></span> <span class='ocrx_word' id='word_1_471' title='bbox 2990 3440 3075 3494; x_wconf 83' lang='lat' dir='ltr'><strong>&#39;ad</strong></span> <span class='ocrx_word' id='word_1_472' title='bbox 3126 3456 3228 3497; x_wconf 90' lang='lat' dir='ltr'><strong>nos</strong></span> <span class='ocrx_word' id='word_1_473' title='bbox 3266 3449 3401 3498; x_wconf 73' lang='lat' dir='ltr'><strong>tetas</strong></span> 
     </span>
    </p>
   </div>
   <div class='ocr_carea' id='block_1_65' title="bbox 196 3532 1724 3611">
    <p class='ocr_par' dir='ltr' id='par_1_65' title="bbox 196 3537 1724 3611">
     <span class='ocr_line' id='line_1_65' title="bbox 196 3537 1724 3611; baseline -0.004 -16"><span class='ocrx_word' id='word_1_474' title='bbox 196 3541 459 3607; x_wconf 82' lang='grc' dir='ltr'>μαλθακοῖς</span> <span class='ocrx_word' id='word_1_475' title='bbox 490 3542 624 3611; x_wconf 79' lang='grc' dir='ltr'>ἡμῖν</span> <span class='ocrx_word' id='word_1_476' title='bbox 645 3540 739 3593; x_wconf 84' lang='grc' dir='ltr'>καὶ</span> <span class='ocrx_word' id='word_1_477' title='bbox 761 3538 981 3602; x_wconf 87' lang='grc' dir='ltr'>ἀπόνοις</span> <span class='ocrx_word' id='word_1_478' title='bbox 1007 3555 1019 3567; x_wconf 88' lang='grc'><strong>·</strong></span> <span class='ocrx_word' id='word_1_479' title='bbox 1048 3541 1097 3591; x_wconf 87' lang='lat' dir='ltr'><strong>ol</strong></span> <span class='ocrx_word' id='word_1_480' title='bbox 1135 3541 1227 3591; x_wconf 80' lang='grc' dir='ltr'>καὶ</span> <span class='ocrx_word' id='word_1_481' title='bbox 1253 3537 1352 3606; x_wconf 84' lang='grc' dir='ltr'>τὴν</span> <span class='ocrx_word' id='word_1_482' title='bbox 1403 3537 1724 3607; x_wconf 78' lang='grc' dir='ltr'>ψαλμῳδίαν</span> 
     </span>
    </p>
   </div>
   <div class='ocr_carea' id='block_1_66' title="bbox 1837 3532 3399 3611">
    <p class='ocr_par' dir='ltr' id='par_1_66' title="bbox 1837 3532 3399 3598">
     <span class='ocr_line' id='line_1_66' title="bbox 1837 3532 3399 3598; baseline 0.003 -12"><span class='ocrx_word' id='word_1_483' title='bbox 1837 3535 2110 3598; x_wconf 79' lang='lat' dir='ltr'><strong>integrum</strong></span> <span class='ocrx_word' id='word_1_484' title='bbox 2137 3532 2377 3587; x_wconf 86' lang='lat' dir='ltr'><strong>servavit</strong></span> <span class='ocrx_word' id='word_1_485' title='bbox 2426 3539 2482 3587; x_wconf 86' lang='lat' dir='ltr'><strong>et</strong></span> <span class='ocrx_word' id='word_1_486' title='bbox 2506 3532 2765 3587; x_wconf 82' lang='lat' dir='ltr'><strong>similiter</strong></span> <span class='ocrx_word' id='word_1_487' title='bbox 2792 3545 3031 3589; x_wconf 84' lang='lat' dir='ltr'><strong>canones</strong></span> <span class='ocrx_word' id='word_1_488' title='bbox 3080 3550 3148 3589; x_wconf 82' lang='lat' dir='ltr'><strong>ex</strong></span> <span class='ocrx_word' id='word_1_489' title='bbox 3203 3550 3399 3590; x_wconf 78' lang='lat' dir='ltr'><strong>novem</strong></span> 
     </span>
    </p>
   </div>
   <div class='ocr_carea' id='block_1_67' title="bbox 195 3627 1726 3702">
    <p class='ocr_par' dir='ltr' id='par_1_67' title="bbox 195 3627 1726 3702">
     <span class='ocr_line' id='line_1_67' title="bbox 195 3627 1726 3702; baseline -0.003 -19"><span class='ocrx_word' id='word_1_490' title='bbox 195 3635 275 3700; x_wconf 76' lang='grc' dir='ltr'>τῆς</span> <span class='ocrx_word' id='word_1_491' title='bbox 303 3635 354 3686; x_wconf 86' lang='grc' dir='ltr'><strong>ἐν</strong></span> <span class='ocrx_word' id='word_1_492' title='bbox 378 3636 496 3697; x_wconf 79' lang='grc' dir='ltr'>τοῖς</span> <span class='ocrx_word' id='word_1_493' title='bbox 527 3634 695 3702; x_wconf 73' lang='grc' dir='ltr'>ἱεροῖς</span> <span class='ocrx_word' id='word_1_494' title='bbox 720 3632 909 3683; x_wconf 85' lang='grc' dir='ltr'>κανόσι</span> <span class='ocrx_word' id='word_1_495' title='bbox 937 3630 1196 3699; x_wconf 76' lang='grc' dir='ltr'>δευτέρας</span> <span class='ocrx_word' id='word_1_496' title='bbox 1218 3629 1385 3698; x_wconf 81' lang='grc' dir='ltr'>ᾠδῆς,</span> <span class='ocrx_word' id='word_1_497' title='bbox 1433 3627 1497 3680; x_wconf 89' lang='grc' dir='ltr'><strong>τό</strong></span> <span class='ocrx_word' id='word_1_498' title='bbox 1544 3644 1607 3696; x_wconf 85' lang='grc' dir='ltr'>γε</span> <span class='ocrx_word' id='word_1_499' title='bbox 1643 3628 1726 3691; x_wconf 74' lang='grc' dir='ltr'>εἰς</span> 
     </span>
    </p>
   </div>
   <div class='ocr_carea' id='block_1_68' title="bbox 199 3717 1728 3799">
    <p class='ocr_par' dir='ltr' id='par_1_68' title="bbox 199 3717 1728 3799">
     <span class='ocr_line' id='line_1_68' title="bbox 199 3717 1728 3799; baseline -0.007 -20"><span class='ocrx_word' id='word_1_500' title='bbox 199 3729 317 3796; x_wconf 74' lang='grc' dir='ltr'>ἡμᾶς</span> <span class='ocrx_word' id='word_1_501' title='bbox 344 3723 480 3799; x_wconf 81' lang='grc' dir='ltr'>ἧκον</span> <span class='ocrx_word' id='word_1_502' title='bbox 507 3727 696 3778; x_wconf 81' lang='grc' dir='ltr'>τέλεον</span> <span class='ocrx_word' id='word_1_503' title='bbox 746 3721 1207 3793; x_wconf 82' lang='grc' dir='ltr'>παρεστείλαμεν,</span> <span class='ocrx_word' id='word_1_504' title='bbox 1252 3720 1350 3774; x_wconf 73' lang='grc' dir='ltr'>καὶ</span> <span class='ocrx_word' id='word_1_505' title='bbox 1408 3717 1553 3771; x_wconf 80' lang='grc' dir='ltr'>οὕτω</span> <span class='ocrx_word' id='word_1_506' title='bbox 1602 3717 1728 3780; x_wconf 78' lang='grc' dir='ltr'>τοὺς</span> 
     </span>
    </p>
   </div>
   <div class='ocr_carea' id='block_1_69' title="bbox 196 3808 1727 3888">
    <p class='ocr_par' dir='ltr' id='par_1_69' title="bbox 196 3808 1727 3888">
     <span class='ocr_line' id='line_1_69' title="bbox 196 3808 1727 3888; baseline -0.006 -18"><span class='ocrx_word' id='word_1_507' title='bbox 196 3820 396 3884; x_wconf 77' lang='grc' dir='ltr'>κανόνας</span> <span class='ocrx_word' id='word_1_508' title='bbox 439 3816 823 3888; x_wconf 77' lang='grc' dir='ltr'>ἐννεαείρμους</span> <span class='ocrx_word' id='word_1_509' title='bbox 872 3815 1054 3878; x_wconf 81' lang='grc' dir='ltr'>δντας,</span> <span class='ocrx_word' id='word_1_510' title='bbox 1104 3810 1499 3882; x_wconf 76' lang='grc' dir='ltr'>ἐξημιώσαμεν</span> <span class='ocrx_word' id='word_1_511' title='bbox 1547 3808 1727 3879; x_wconf 81' lang='grc' dir='ltr'>εἱρμῷ</span> 
     </span>
    </p>
   </div>
   <div class='ocr_carea' id='block_1_70' title="bbox 196 3900 1725 3975">
    <p class='ocr_par' dir='ltr' id='par_1_70' title="bbox 196 3900 1725 3975">
     <span class='ocr_line' id='line_1_70' title="bbox 196 3900 1725 3975; baseline -0.007 -16"><span class='ocrx_word' id='word_1_512' title='bbox 196 3909 259 3963; x_wconf 79' lang='grc' dir='ltr'>ἐνὶ</span> <span class='ocrx_word' id='word_1_513' title='bbox 275 3908 515 3975; x_wconf 66' lang='grc' dir='ltr'>ἕκαστον,</span> <span class='ocrx_word' id='word_1_514' title='bbox 548 3908 625 3971; x_wconf 81' lang='grc' dir='ltr'><strong>εἰς</strong></span> <span class='ocrx_word' id='word_1_515' title='bbox 658 3906 858 3959; x_wconf 77' lang='grc' dir='ltr'>όκτάδα</span> <span class='ocrx_word' id='word_1_516' title='bbox 884 3905 985 3974; x_wconf 77' lang='grc' dir='ltr'>τὴν</span> <span class='ocrx_word' id='word_1_517' title='bbox 1020 3902 1242 3957; x_wconf 83' lang='grc' dir='ltr'>ἐννεάδα</span> <span class='ocrx_word' id='word_1_518' title='bbox 1280 3900 1685 3961; x_wconf 81' lang='grc' dir='ltr'>κολοϐώσαντες</span> <span class='ocrx_word' id='word_1_519' title='bbox 1710 3913 1725 3929; x_wconf 90' lang='grc'><strong>·</strong></span> 
     </span>
    </p>
   </div>
   <div class='ocr_carea' id='block_1_71' title="bbox 194 3986 1727 4068">
    <p class='ocr_par' dir='ltr' id='par_1_71' title="bbox 194 3986 1727 4068">
     <span class='ocr_line' id='line_1_71' title="bbox 194 3986 1727 4068; baseline -0.006 -18"><span class='ocrx_word' id='word_1_520' title='bbox 194 3999 271 4051; x_wconf 79' lang='grc' dir='ltr'>καὶ</span> <span class='ocrx_word' id='word_1_521' title='bbox 296 4000 509 4068; x_wconf 81' lang='grc' dir='ltr'>κλέμμα</span> <span class='ocrx_word' id='word_1_522' title='bbox 532 3999 692 4051; x_wconf 79' lang='grc' dir='ltr'>τοῦτο</span> <span class='ocrx_word' id='word_1_523' title='bbox 724 3995 1083 4065; x_wconf 78' lang='grc' dir='ltr'>ὲξευρηκότες</span> <span class='ocrx_word' id='word_1_524' title='bbox 1113 3993 1213 4047; x_wconf 82' lang='grc' dir='ltr'>οὐκ</span> <span class='ocrx_word' id='word_1_525' title='bbox 1257 3992 1323 4046; x_wconf 80' lang='grc' dir='ltr'>ἂν</span> <span class='ocrx_word' id='word_1_526' title='bbox 1381 3986 1539 4060; x_wconf 77' lang='grc' dir='ltr'>οἶμαι</span> <span class='ocrx_word' id='word_1_527' title='bbox 1574 3989 1727 4055; x_wconf 87' lang='grc' dir='ltr'>λογι-</span> 
     </span>
    </p>
   </div>
   <div class='ocr_carea' id='block_1_72' title="bbox 196 4079 1729 4157">
    <p class='ocr_par' dir='ltr' id='par_1_72' title="bbox 196 4079 1729 4157">
     <span class='ocr_line' id='line_1_72' title="bbox 196 4079 1729 4157; baseline -0.005 -18"><span class='ocrx_word' id='word_1_528' title='bbox 196 4089 395 4157; x_wconf 84' lang='grc' dir='ltr'>σόμενον</span> <span class='ocrx_word' id='word_1_529' title='bbox 422 4090 499 4151; x_wconf 72' lang='grc' dir='ltr'>εἰς</span> <span class='ocrx_word' id='word_1_530' title='bbox 531 4086 832 4149; x_wconf 81' lang='grc' dir='ltr'>ἐπαινετῶς</span> <span class='ocrx_word' id='word_1_531' title='bbox 853 4086 1000 4153; x_wconf 70' lang='grc' dir='ltr'>ἱερόν</span> <span class='ocrx_word' id='word_1_532' title='bbox 1028 4098 1046 4115; x_wconf 87' lang='grc'>⁶</span> <span class='ocrx_word' id='word_1_533' title='bbox 1085 4086 1135 4137; x_wconf 78' lang='grc' dir='ltr'>ει</span> <span class='ocrx_word' id='word_1_534' title='bbox 1163 4083 1256 4137; x_wconf 79' lang='grc' dir='ltr'>καὶ</span> <span class='ocrx_word' id='word_1_535' title='bbox 1309 4084 1337 4134; x_wconf 87' lang='grc' dir='ltr'><strong>ό</strong></span> <span class='ocrx_word' id='word_1_536' title='bbox 1396 4081 1639 4147; x_wconf 80' lang='grc' dir='ltr'>ἀοίδιμος</span> <span class='ocrx_word' id='word_1_537' title='bbox 1671 4079 1729 4133; x_wconf 81' lang='grc' dir='ltr'><strong>ἐν</strong></span> 
     </span>
    </p>
   </div>
   <div class='ocr_carea' id='block_1_73' title="bbox 196 4172 1728 4249">
    <p class='ocr_par' dir='ltr' id='par_1_73' title="bbox 196 4172 1728 4249">
     <span class='ocr_line' id='line_1_73' title="bbox 196 4172 1728 4249; baseline -0.008 -14"><span class='ocrx_word' id='word_1_538' title='bbox 196 4183 351 4248; x_wconf 78' lang='grc' dir='ltr'>σοφοῖς</span> <span class='ocrx_word' id='word_1_539' title='bbox 386 4180 655 4249; x_wconf 83' lang='grc' dir='ltr'>Θεόδωρος</span> <span class='ocrx_word' id='word_1_540' title='bbox 685 4180 713 4231; x_wconf 86' lang='grc' dir='ltr'><strong>ό</strong></span> <span class='ocrx_word' id='word_1_541' title='bbox 743 4178 1055 4249; x_wconf 77' lang='grc' dir='ltr'>Πρόδρομος</span> <span class='ocrx_word' id='word_1_542' title='bbox 1078 4174 1367 4240; x_wconf 75' lang='grc' dir='ltr'>αἰτιολογεῖ</span> <span class='ocrx_word' id='word_1_543' title='bbox 1390 4172 1602 4241; x_wconf 87' lang='grc' dir='ltr'>σεμνῶς</span> <span class='ocrx_word' id='word_1_544' title='bbox 1628 4172 1728 4223; x_wconf 75' lang='grc' dir='ltr'><strong>αὺ-</strong></span> 
     </span>
    </p>
   </div>
   <div class='ocr_carea' id='block_1_74' title="bbox 194 4260 1730 4342">
    <p class='ocr_par' dir='ltr' id='par_1_74' title="bbox 194 4260 1730 4342">
     <span class='ocr_line' id='line_1_74' title="bbox 194 4260 1730 4342; baseline -0.006 -20"><span class='ocrx_word' id='word_1_545' title='bbox 194 4272 260 4334; x_wconf 85' lang='grc' dir='ltr'>τὸ,</span> <span class='ocrx_word' id='word_1_546' title='bbox 275 4271 496 4335; x_wconf 80' lang='grc' dir='ltr'>κανόνας</span> <span class='ocrx_word' id='word_1_547' title='bbox 534 4270 714 4342; x_wconf 73' lang='grc' dir='ltr'>ἱεροὺς</span> <span class='ocrx_word' id='word_1_548' title='bbox 760 4268 1195 4338; x_wconf 73' lang='grc' dir='ltr'>ἐξηγησάμενος.</span> <span class='ocrx_word' id='word_1_549' title='bbox 1240 4264 1509 4333; x_wconf 87' lang='grc' dir='ltr'>Ἐχόντων</span> <span class='ocrx_word' id='word_1_550' title='bbox 1545 4262 1611 4334; x_wconf 79' lang='grc' dir='ltr'>δὴ</span> <span class='ocrx_word' id='word_1_551' title='bbox 1634 4260 1730 4315; x_wconf 79' lang='grc' dir='ltr'><strong>καὶ</strong></span> 
     </span>
    </p>
   </div>
   <div class='ocr_carea' id='block_1_75' title="bbox 193 4352 1729 4428">
    <p class='ocr_par' dir='ltr' id='par_1_75' title="bbox 193 4352 1729 4428">
     <span class='ocr_line' id='line_1_75' title="bbox 193 4352 1729 4428; baseline -0.008 -14"><span class='ocrx_word' id='word_1_552' title='bbox 193 4364 370 4417; x_wconf 77' lang='grc' dir='ltr'>τούτων</span> <span class='ocrx_word' id='word_1_553' title='bbox 414 4364 606 4427; x_wconf 77' lang='grc' dir='ltr'>οὕτως,</span> <span class='ocrx_word' id='word_1_554' title='bbox 652 4362 777 4414; x_wconf 79' lang='grc' dir='ltr'>ἐπεὶ</span> <span class='ocrx_word' id='word_1_555' title='bbox 838 4363 866 4412; x_wconf 87' lang='grc' dir='ltr'><strong>ό</strong></span> <span class='ocrx_word' id='word_1_556' title='bbox 908 4356 1381 4428; x_wconf 79' lang='grc' dir='ltr'>ἐξηγηθησόμενος</span> <span class='ocrx_word' id='word_1_557' title='bbox 1429 4352 1729 4423; x_wconf 80' lang='grc' dir='ltr'>μελῳδικδς</span> 
     </span>
    </p>
   </div>
   <div class='ocr_carea' id='block_1_76' title="bbox 1828 3624 3400 3695">
    <p class='ocr_par' dir='ltr' id='par_1_76' title="bbox 1828 3624 3400 3695">
     <span class='ocr_line' id='line_1_76' title="bbox 1828 3624 3400 3695; baseline 0.004 -18"><span class='ocrx_word' id='word_1_558' title='bbox 1828 3624 2075 3678; x_wconf 88' lang='lat' dir='ltr'><strong>seriebus</strong></span> <span class='ocrx_word' id='word_1_559' title='bbox 2096 3632 2429 3686; x_wconf 85' lang='lat' dir='ltr'><strong>constantes,</strong></span> <span class='ocrx_word' id='word_1_560' title='bbox 2448 3624 2593 3679; x_wconf 81' lang='lat' dir='ltr'><strong>serie</strong></span> <span class='ocrx_word' id='word_1_561' title='bbox 2622 3639 2728 3677; x_wconf 89' lang='lat' dir='ltr'><strong>una</strong></span> <span class='ocrx_word' id='word_1_562' title='bbox 2756 3625 3001 3694; x_wconf 89' lang='lat' dir='ltr'><strong>singulos</strong></span> <span class='ocrx_word' id='word_1_563' title='bbox 3043 3626 3400 3695; x_wconf 84' lang='lat' dir='ltr'><strong>privavimus,</strong></span> 
     </span>
    </p>
   </div>
   <div class='ocr_carea' id='block_1_77' title="bbox 1828 3712 3399 3780">
    <p class='ocr_par' dir='ltr' id='par_1_77' title="bbox 1828 3712 3399 3780">
     <span class='ocr_line' id='line_1_77' title="bbox 1828 3712 3399 3780; baseline 0.003 -13"><span class='ocrx_word' id='word_1_564' title='bbox 1828 3713 1883 3767; x_wconf 91' lang='lat' dir='ltr'><strong>in</strong></span> <span class='ocrx_word' id='word_1_565' title='bbox 1910 3723 2159 3767; x_wconf 87' lang='lat' dir='ltr'><strong>octavum</strong></span> <span class='ocrx_word' id='word_1_566' title='bbox 2192 3713 2481 3767; x_wconf 89' lang='lat' dir='ltr'><strong>nonarium</strong></span> <span class='ocrx_word' id='word_1_567' title='bbox 2514 3712 2907 3780; x_wconf 85' lang='lat' dir='ltr'><strong>decurtautes;</strong></span> <span class='ocrx_word' id='word_1_568' title='bbox 2939 3722 2994 3769; x_wconf 90' lang='lat' dir='ltr'><strong>et</strong></span> <span class='ocrx_word' id='word_1_569' title='bbox 3022 3713 3224 3771; x_wconf 87' lang='lat' dir='ltr'><strong>l&#39;urtum</strong></span> <span class='ocrx_word' id='word_1_570' title='bbox 3260 3717 3399 3772; x_wconf 87' lang='lat' dir='ltr'><strong>illud</strong></span> 
     </span>
    </p>
   </div>
   <div class='ocr_carea' id='block_1_78' title="bbox 1827 3803 3398 3873">
    <p class='ocr_par' dir='ltr' id='par_1_78' title="bbox 1827 3803 3398 3873">
     <span class='ocr_line' id='line_1_78' title="bbox 1827 3803 3398 3873; baseline 0.004 -16"><span class='ocrx_word' id='word_1_571' title='bbox 1827 3803 1973 3873; x_wconf 88' lang='lat' dir='ltr'><strong>quod</strong></span> <span class='ocrx_word' id='word_1_572' title='bbox 2006 3805 2315 3858; x_wconf 87' lang='lat' dir='ltr'><strong>invenimus</strong></span> <span class='ocrx_word' id='word_1_573' title='bbox 2345 3819 2452 3857; x_wconf 92' lang='lat' dir='ltr'><strong>non</strong></span> <span class='ocrx_word' id='word_1_574' title='bbox 2487 3804 2724 3858; x_wconf 84' lang='lat' dir='ltr'><strong>arbitror</strong></span> <span class='ocrx_word' id='word_1_575' title='bbox 2747 3804 2890 3860; x_wconf 88' lang='lat' dir='ltr'><strong>inter</strong></span> <span class='ocrx_word' id='word_1_576' title='bbox 2921 3820 3009 3861; x_wconf 90' lang='lat' dir='ltr'><strong>res</strong></span> <span class='ocrx_word' id='word_1_577' title='bbox 3039 3821 3163 3861; x_wconf 89' lang='lat' dir='ltr'><strong>vere</strong></span> <span class='ocrx_word' id='word_1_578' title='bbox 3208 3822 3398 3863; x_wconf 80' lang='lat' dir='ltr'><strong>sacras</strong></span> 
     </span>
    </p>
   </div>
   <div class='ocr_carea' id='block_1_79' title="bbox 1828 3895 3402 3964">
    <p class='ocr_par' dir='ltr' id='par_1_79' title="bbox 1828 3895 3402 3964">
     <span class='ocr_line' id='line_1_79' title="bbox 1828 3895 3402 3964; baseline 0.004 -16"><span class='ocrx_word' id='word_1_579' title='bbox 1828 3895 2201 3964; x_wconf 86' lang='lat' dir='ltr'><strong>deputandum</strong></span> <span class='ocrx_word' id='word_1_580' title='bbox 2253 3909 2378 3951; x_wconf 87' lang='lat' dir='ltr'><strong>esse</strong></span> <span class='ocrx_word' id='word_1_581' title='bbox 2408 3912 2423 3951; x_wconf 89' lang='lat'><strong>:</strong></span> <span class='ocrx_word' id='word_1_582' title='bbox 2460 3895 2584 3950; x_wconf 89' lang='lat' dir='ltr'><strong>licet</strong></span> <span class='ocrx_word' id='word_1_583' title='bbox 2602 3896 2826 3953; x_wconf 88' lang='lat' dir='ltr'><strong>illustris</strong></span> <span class='ocrx_word' id='word_1_584' title='bbox 2854 3896 2996 3952; x_wconf 88' lang='lat' dir='ltr'><strong>inter</strong></span> <span class='ocrx_word' id='word_1_585' title='bbox 3016 3899 3204 3955; x_wconf 88' lang='lat' dir='ltr'><strong>doctos</strong></span> <span class='ocrx_word' id='word_1_586' title='bbox 3223 3899 3402 3954; x_wconf 78' lang='lat' dir='ltr'><strong>Theo-</strong></span> 
     </span>
    </p>
   </div>
   <div class='ocr_carea' id='block_1_80' title="bbox 1832 3983 3403 4058">
    <p class='ocr_par' dir='ltr' id='par_1_80' title="bbox 1832 3983 3403 4058">
     <span class='ocr_line' id='line_1_80' title="bbox 1832 3983 3403 4058; baseline 0.004 -20"><span class='ocrx_word' id='word_1_587' title='bbox 1832 3985 2003 4040; x_wconf 91' lang='lat' dir='ltr'><strong>dorus</strong></span> <span class='ocrx_word' id='word_1_588' title='bbox 2024 3983 2359 4040; x_wconf 85' lang='lat' dir='ltr'><strong>Prodromus</strong></span> <span class='ocrx_word' id='word_1_589' title='bbox 2390 3985 2554 4055; x_wconf 86' lang='lat' dir='ltr'><strong>hujus</strong></span> <span class='ocrx_word' id='word_1_590' title='bbox 2584 4000 2807 4040; x_wconf 88' lang='lat' dir='ltr'><strong>causam</strong></span> <span class='ocrx_word' id='word_1_591' title='bbox 2856 3987 3046 4042; x_wconf 88' lang='lat' dir='ltr'><strong>reddat</strong></span> <span class='ocrx_word' id='word_1_592' title='bbox 3089 3989 3181 4058; x_wconf 90' lang='lat' dir='ltr'><strong>qui</strong></span> <span class='ocrx_word' id='word_1_593' title='bbox 3235 4003 3403 4044; x_wconf 72' lang='lat' dir='ltr'><strong>cano-</strong></span> 
     </span>
    </p>
   </div>
   <div class='ocr_carea' id='block_1_81' title="bbox 1837 4075 3404 4148">
    <p class='ocr_par' dir='ltr' id='par_1_81' title="bbox 1837 4075 3404 4148">
     <span class='ocr_line' id='line_1_81' title="bbox 1837 4075 3404 4148; baseline 0.003 -17"><span class='ocrx_word' id='word_1_594' title='bbox 1837 4092 1935 4132; x_wconf 85' lang='lat' dir='ltr'><strong>nes</strong></span> <span class='ocrx_word' id='word_1_595' title='bbox 1966 4090 2154 4132; x_wconf 87' lang='lat' dir='ltr'><strong>sacros</strong></span> <span class='ocrx_word' id='word_1_596' title='bbox 2193 4076 2582 4145; x_wconf 86' lang='lat' dir='ltr'><strong>interpretatus</strong></span> <span class='ocrx_word' id='word_1_597' title='bbox 2638 4085 2746 4132; x_wconf 91' lang='lat' dir='ltr'><strong>est.</strong></span> <span class='ocrx_word' id='word_1_598' title='bbox 2778 4075 2962 4133; x_wconf 83' lang='lat' dir='ltr'><strong>Rebus</strong></span> <span class='ocrx_word' id='word_1_599' title='bbox 3006 4077 3173 4148; x_wconf 89' lang='lat' dir='ltr'><strong>igitur</strong></span> <span class='ocrx_word' id='word_1_600' title='bbox 3224 4079 3298 4134; x_wconf 89' lang='lat' dir='ltr'><strong>ita</strong></span> <span class='ocrx_word' id='word_1_601' title='bbox 3340 4095 3404 4135; x_wconf 75' lang='lat' dir='ltr'><strong>se</strong></span> 
     </span>
    </p>
   </div>
   <div class='ocr_carea' id='block_1_82' title="bbox 1836 4167 3397 4237">
    <p class='ocr_par' dir='ltr' id='par_1_82' title="bbox 1836 4167 3397 4237">
     <span class='ocr_line' id='line_1_82' title="bbox 1836 4167 3397 4237; baseline 0.001 -15"><span class='ocrx_word' id='word_1_602' title='bbox 1836 4167 2165 4222; x_wconf 80' lang='lat' dir='ltr'><strong>habentibus</strong></span> <span class='ocrx_word' id='word_1_603' title='bbox 2214 4167 2472 4235; x_wconf 81' lang='lat' dir='ltr'><strong>quoniam</strong></span> <span class='ocrx_word' id='word_1_604' title='bbox 2526 4167 2937 4237; x_wconf 88' lang='lat' dir='ltr'><strong>interpretando</strong></span> <span class='ocrx_word' id='word_1_605' title='bbox 2983 4170 3246 4225; x_wconf 89' lang='lat' dir='ltr'><strong>melodico</strong></span> <span class='ocrx_word' id='word_1_606' title='bbox 3305 4186 3397 4224; x_wconf 85' lang='lat' dir='ltr'><strong>ca-</strong></span> 
     </span>
    </p>
   </div>
   <div class='ocr_carea' id='block_1_83' title="bbox 1838 4256 3398 4326">
    <p class='ocr_par' dir='ltr' id='par_1_83' title="bbox 1838 4256 3398 4326">
     <span class='ocr_line' id='line_1_83' title="bbox 1838 4256 3398 4326; baseline 0.002 -13"><span class='ocrx_word' id='word_1_607' title='bbox 1838 4260 1964 4313; x_wconf 90' lang='lat' dir='ltr'><strong>noni</strong></span> <span class='ocrx_word' id='word_1_608' title='bbox 1999 4258 2150 4326; x_wconf 66' lang='lat' dir='ltr'><strong>praeit</strong></span> <span class='ocrx_word' id='word_1_609' title='bbox 2180 4256 2514 4325; x_wconf 87' lang='lat' dir='ltr'><strong>respondens</strong></span> <span class='ocrx_word' id='word_1_610' title='bbox 2537 4258 2891 4326; x_wconf 85' lang='lat' dir='ltr'><strong>sequentibus</strong></span> <span class='ocrx_word' id='word_1_611' title='bbox 2910 4259 3250 4323; x_wconf 87' lang='lat' dir='ltr'><strong>acrosticbis,</strong></span> <span class='ocrx_word' id='word_1_612' title='bbox 3272 4270 3398 4317; x_wconf 68' lang='lat' dir='ltr'><strong>ante</strong></span> 
     </span>
    </p>
   </div>
   <div class='ocr_carea' id='block_1_84' title="bbox 1834 4344 2916 4417">
    <p class='ocr_par' dir='ltr' id='par_1_84' title="bbox 1834 4344 2916 4417">
     <span class='ocr_line' id='line_1_84' title="bbox 1834 4344 2916 4417; baseline -0.003 -13"><span class='ocrx_word' id='word_1_613' title='bbox 1834 4363 2099 4404; x_wconf 79' lang='lat' dir='ltr'><strong>canonem</strong></span> <span class='ocrx_word' id='word_1_614' title='bbox 2133 4344 2568 4406; x_wconf 88' lang='lat' dir='ltr'><strong>considerandus</strong></span> <span class='ocrx_word' id='word_1_615' title='bbox 2602 4347 2715 4417; x_wconf 90' lang='lat' dir='ltr'><strong>ipse</strong></span> <span class='ocrx_word' id='word_1_616' title='bbox 2751 4348 2916 4401; x_wconf 88' lang='lat' dir='ltr'><strong>venit.</strong></span> 
     </span>
    </p>
   </div>
   <div class='ocr_carea' id='block_1_85' title="bbox 198 4438 3401 4527">
    <p class='ocr_par' dir='ltr' id='par_1_85' title="bbox 198 4438 3401 4527">
     <span class='ocr_line' id='line_1_85' title="bbox 198 4438 3401 4527; baseline -0.004 -20"><span class='ocrx_word' id='word_1_617' title='bbox 198 4457 353 4511; x_wconf 68' lang='grc' dir='ltr'>κανὼν</span> <span class='ocrx_word' id='word_1_618' title='bbox 390 4458 499 4527; x_wconf 81' lang='grc' dir='ltr'>ἔχει</span> <span class='ocrx_word' id='word_1_619' title='bbox 530 4454 739 4525; x_wconf 81' lang='grc' dir='ltr'>συνήθη</span> <span class='ocrx_word' id='word_1_620' title='bbox 776 4456 891 4516; x_wconf 88' lang='grc' dir='ltr'>τοῖς</span> <span class='ocrx_word' id='word_1_621' title='bbox 950 4450 1175 4521; x_wconf 78' lang='grc' dir='ltr'>ὕστερον</span> <span class='ocrx_word' id='word_1_622' title='bbox 1242 4445 1618 4519; x_wconf 84' lang='grc' dir='ltr'>ἀκροστιχῖδα,</span> <span class='ocrx_word' id='word_1_623' title='bbox 1675 4442 2039 4497; x_wconf 69' lang='grc' dir='ltr'>ἐπισκεπτέον</span> <span class='ocrx_word' id='word_1_624' title='bbox 2113 4439 2221 4510; x_wconf 86' lang='grc' dir='ltr'>πρὸ</span> <span class='ocrx_word' id='word_1_625' title='bbox 2291 4438 2387 4493; x_wconf 77' lang='grc' dir='ltr'><strong>τοῦ</strong></span> <span class='ocrx_word' id='word_1_626' title='bbox 2435 4439 2658 4501; x_wconf 83' lang='grc' dir='ltr'>κανόνος</span> <span class='ocrx_word' id='word_1_627' title='bbox 2708 4438 2875 4509; x_wconf 81' lang='grc' dir='ltr'>αὐτὴν</span> <span class='ocrx_word' id='word_1_628' title='bbox 2912 4439 3263 4512; x_wconf 80' lang='grc' dir='ltr'>διακειμένην</span> <span class='ocrx_word' id='word_1_629' title='bbox 3310 4442 3401 4495; x_wconf 81' lang='grc' dir='ltr'><strong>οὓ-</strong></span> 
     </span>
    </p>
   </div>
   <div class='ocr_carea' id='block_1_86' title="bbox 196 4566 305 4605">
    <p class='ocr_par' dir='ltr' id='par_1_86' title="bbox 196 4566 305 4605">
     <span class='ocr_line' id='line_1_86' title="bbox 196 4566 305 4605; baseline 0.037 -3"><span class='ocrx_word' id='word_1_630' title='bbox 196 4566 305 4605; x_wconf 75' lang='grc' dir='ltr'>τως.</span> 
     </span>
    </p>
   </div>
   <div class='ocr_carea' id='block_1_87' title="bbox 223 4567 1205 4706">
    <p class='ocr_par' dir='ltr' id='par_1_87' title="bbox 223 4567 1205 4706">
     <span class='ocr_line' id='line_1_87' title="bbox 223 4567 1205 4706; baseline -0.008 -10"><span class='ocrx_word' id='word_1_631' title='bbox 223 4567 305 4615; x_wconf 52' lang='grc' dir='ltr'><strong>ως.</strong></span> <span class='ocrx_word' id='word_1_632' title='bbox 730 4640 801 4695; x_wconf 85' lang='grc' dir='ltr'><strong>Ἦ</strong></span> <span class='ocrx_word' id='word_1_633' title='bbox 833 4636 1205 4706; x_wconf 80' lang='grc' dir='ltr'>ἀκροστιχίς.</span> 
     </span>
    </p>
   </div>
   <div class='ocr_carea' id='block_1_88' title="bbox 197 4726 1664 4809">
    <p class='ocr_par' dir='ltr' id='par_1_88' title="bbox 197 4726 1664 4809">
     <span class='ocr_line' id='line_1_88' title="bbox 197 4726 1664 4809; baseline -0.008 -18"><span class='ocrx_word' id='word_1_634' title='bbox 197 4738 446 4809; x_wconf 82' lang='grc' dir='ltr'>Θειογενὲς</span> <span class='ocrx_word' id='word_1_635' title='bbox 477 4739 644 4807; x_wconf 83' lang='grc' dir='ltr'>Λόγε,</span> <span class='ocrx_word' id='word_1_636' title='bbox 677 4735 902 4804; x_wconf 79' lang='grc' dir='ltr'>Πνεῦμα</span> <span class='ocrx_word' id='word_1_637' title='bbox 931 4731 1283 4801; x_wconf 84' lang='grc' dir='ltr'>παράκλητον</span> <span class='ocrx_word' id='word_1_638' title='bbox 1302 4726 1461 4781; x_wconf 81' lang='grc' dir='ltr'>πάλιν</span> <span class='ocrx_word' id='word_1_639' title='bbox 1501 4726 1664 4780; x_wconf 81' lang='grc' dir='ltr'>ἄλλον</span> 
     </span>
    </p>
   </div>
   <div class='ocr_carea' id='block_1_89' title="bbox 264 4908 1413 4990">
    <p class='ocr_par' dir='ltr' id='par_1_89' title="bbox 264 4908 1413 4990">
     <span class='ocr_line' id='line_1_89' title="bbox 264 4908 1413 4990; baseline -0.013 -16"><span class='ocrx_word' id='word_1_640' title='bbox 264 4920 351 4975; x_wconf 80' lang='grc' dir='ltr'>Ἐκ</span> <span class='ocrx_word' id='word_1_641' title='bbox 377 4920 594 4990; x_wconf 83' lang='grc' dir='ltr'>γενέτου</span> <span class='ocrx_word' id='word_1_642' title='bbox 626 4917 844 4970; x_wconf 85' lang='grc' dir='ltr'>κόλπων</span> <span class='ocrx_word' id='word_1_643' title='bbox 869 4908 1012 4984; x_wconf 84' lang='grc' dir='ltr'>ἦκας</span> <span class='ocrx_word' id='word_1_644' title='bbox 1062 4909 1413 4979; x_wconf 74' lang='grc' dir='ltr'>ἐπιχθονίοις,</span> 
     </span>
    </p>
   </div>
   <div class='ocr_carea' id='block_1_90' title="bbox 201 4999 1493 5083">
    <p class='ocr_par' dir='ltr' id='par_1_90' title="bbox 201 4999 1493 5083">
     <span class='ocr_line' id='line_1_90' title="bbox 201 4999 1493 5083; baseline -0.009 -21"><span class='ocrx_word' id='word_1_645' title='bbox 201 5005 287 5065; x_wconf 78' lang='grc' dir='ltr'><strong>οἷα</strong></span> <span class='ocrx_word' id='word_1_646' title='bbox 314 5014 473 5083; x_wconf 66' lang='grc' dir='ltr'>πυρὸς</span> <span class='ocrx_word' id='word_1_647' title='bbox 521 5010 819 5079; x_wconf 75' lang='grc' dir='ltr'>γλώσσῃσι,</span> <span class='ocrx_word' id='word_1_648' title='bbox 849 5007 1013 5076; x_wconf 79' lang='grc' dir='ltr'>φέρον</span> <span class='ocrx_word' id='word_1_649' title='bbox 1043 5003 1296 5072; x_wconf 80' lang='grc' dir='ltr'>θεότητος</span> <span class='ocrx_word' id='word_1_650' title='bbox 1330 4999 1493 5053; x_wconf 83' lang='grc' dir='ltr'>ἀΰ).ου</span> 
     </span>
    </p>
   </div>
   <div class='ocr_carea' id='block_1_91' title="bbox 258 5176 1487 5255">
    <p class='ocr_par' dir='ltr' id='par_1_91' title="bbox 258 5176 1487 5255">
     <span class='ocr_line' id='line_1_91' title="bbox 258 5176 1487 5255; baseline -0.004 -19"><span class='ocrx_word' id='word_1_651' title='bbox 258 5185 403 5255; x_wconf 77' lang='grc' dir='ltr'>Σῆμα</span> <span class='ocrx_word' id='word_1_652' title='bbox 426 5185 554 5253; x_wconf 81' lang='grc' dir='ltr'>τεῆς</span> <span class='ocrx_word' id='word_1_653' title='bbox 582 5183 788 5253; x_wconf 78' lang='grc' dir='ltr'>φύτλης</span> <span class='ocrx_word' id='word_1_654' title='bbox 818 5183 912 5237; x_wconf 78' lang='grc' dir='ltr'>καὶ</span> <span class='ocrx_word' id='word_1_655' title='bbox 950 5180 1109 5251; x_wconf 85' lang='grc' dir='ltr'>χάριν</span> <span class='ocrx_word' id='word_1_656' title='bbox 1138 5176 1487 5247; x_wconf 79' lang='grc' dir='ltr'>ὑμνοπόλοις.</span> 
     </span>
    </p>
   </div>
   <div class='ocr_carea' id='block_1_92' title="bbox 260 5266 1730 5341">
    <p class='ocr_par' dir='ltr' id='par_1_92' title="bbox 260 5266 1730 5341">
     <span class='ocr_line' id='line_1_92' title="bbox 260 5266 1730 5341; baseline -0.009 -10"><span class='ocrx_word' id='word_1_657' title='bbox 260 5275 459 5331; x_wconf 78' lang='grc' dir='ltr'>Τούτων</span> <span class='ocrx_word' id='word_1_658' title='bbox 494 5276 553 5329; x_wconf 76' lang='grc' dir='ltr'>δὲ</span> <span class='ocrx_word' id='word_1_659' title='bbox 604 5274 715 5328; x_wconf 81' lang='grc' dir='ltr'><strong>τῶν</strong></span> <span class='ocrx_word' id='word_1_660' title='bbox 757 5273 1040 5341; x_wconf 85' lang='grc' dir='ltr'>τεσσάρων</span> <span class='ocrx_word' id='word_1_661' title='bbox 1070 5270 1216 5323; x_wconf 82' lang='grc' dir='ltr'>ἐπῶν</span> <span class='ocrx_word' id='word_1_662' title='bbox 1252 5268 1313 5321; x_wconf 78' lang='grc' dir='ltr'>τὸ</span> <span class='ocrx_word' id='word_1_663' title='bbox 1363 5267 1461 5337; x_wconf 76' lang='grc' dir='ltr'>μὲν</span> <span class='ocrx_word' id='word_1_664' title='bbox 1515 5266 1730 5337; x_wconf 84' lang='grc' dir='ltr'>πρῶτον</span> 
     </span>
    </p>
   </div>
   <div class='ocr_carea' id='block_1_93' title="bbox 200 5358 1730 5441">
    <p class='ocr_par' dir='ltr' id='par_1_93' title="bbox 200 5358 1730 5441">
     <span class='ocr_line' id='line_1_93' title="bbox 200 5358 1730 5441; baseline -0.008 -20"><span class='ocrx_word' id='word_1_665' title='bbox 200 5370 279 5423; x_wconf 75' lang='grc' dir='ltr'>καὶ</span> <span class='ocrx_word' id='word_1_666' title='bbox 318 5372 498 5441; x_wconf 79' lang='grc' dir='ltr'>τρίτον</span> <span class='ocrx_word' id='word_1_667' title='bbox 529 5367 686 5440; x_wconf 77' lang='grc' dir='ltr'>ἡρῷά</span> <span class='ocrx_word' id='word_1_668' title='bbox 723 5369 867 5419; x_wconf 80' lang='grc' dir='ltr'>εῖσιν</span> <span class='ocrx_word' id='word_1_669' title='bbox 895 5379 909 5394; x_wconf 78' lang='grc'><strong><em>⁸</em></strong></span> <span class='ocrx_word' id='word_1_670' title='bbox 948 5364 1165 5431; x_wconf 85' lang='grc' dir='ltr'>ἐλεγεῖα</span> <span class='ocrx_word' id='word_1_671' title='bbox 1188 5360 1244 5414; x_wconf 72' lang='grc' dir='ltr'>δὲ</span> <span class='ocrx_word' id='word_1_672' title='bbox 1262 5360 1323 5415; x_wconf 84' lang='grc' dir='ltr'>τὸ</span> <span class='ocrx_word' id='word_1_673' title='bbox 1358 5358 1607 5428; x_wconf 85' lang='grc' dir='ltr'>δεύτερον</span> <span class='ocrx_word' id='word_1_674' title='bbox 1633 5359 1730 5410; x_wconf 65' lang='grc' dir='ltr'><strong>καὶ⁵</strong></span> 
     </span>
    </p>
   </div>
   <div class='ocr_carea' id='block_1_94' title="bbox 201 5444 1732 5530">
    <p class='ocr_par' dir='ltr' id='par_1_94' title="bbox 201 5444 1732 5530">
     <span class='ocr_line' id='line_1_94' title="bbox 201 5444 1732 5530; baseline -0.006 -22"><span class='ocrx_word' id='word_1_675' title='bbox 201 5459 255 5508; x_wconf 74' lang='grc' dir='ltr'>τὸ</span> <span class='ocrx_word' id='word_1_676' title='bbox 274 5460 523 5530; x_wconf 83' lang='grc' dir='ltr'>τέταρτον</span> <span class='ocrx_word' id='word_1_677' title='bbox 552 5473 567 5489; x_wconf 75' lang='grc' dir='ltr'><strong>ο</strong></span> <span class='ocrx_word' id='word_1_678' title='bbox 596 5456 836 5509; x_wconf 80' lang='grc' dir='ltr'>ποταπὸν</span> <span class='ocrx_word' id='word_1_679' title='bbox 866 5454 925 5507; x_wconf 79' lang='grc' dir='ltr'>δὲ</span> <span class='ocrx_word' id='word_1_680' title='bbox 954 5453 1014 5507; x_wconf 82' lang='grc' dir='ltr'>τὸ</span> <span class='ocrx_word' id='word_1_681' title='bbox 1049 5452 1247 5521; x_wconf 80' lang='grc' dir='ltr'>ἡρῷον,</span> <span class='ocrx_word' id='word_1_682' title='bbox 1277 5450 1370 5502; x_wconf 85' lang='grc' dir='ltr'>καὶ</span> <span class='ocrx_word' id='word_1_683' title='bbox 1395 5444 1505 5503; x_wconf 72' lang='grc' dir='ltr'>οἷον</span> <span class='ocrx_word' id='word_1_684' title='bbox 1533 5448 1592 5500; x_wconf 80' lang='grc' dir='ltr'>τὸ</span> <span class='ocrx_word' id='word_1_685' title='bbox 1618 5448 1732 5500; x_wconf 82' lang='grc' dir='ltr'>ἐλε-</span> 
     </span>
    </p>
   </div>
   <div class='ocr_carea' id='block_1_95' title="bbox 204 5540 1736 5617">
    <p class='ocr_par' dir='ltr' id='par_1_95' title="bbox 204 5540 1736 5617">
     <span class='ocr_line' id='line_1_95' title="bbox 204 5540 1736 5617; baseline -0.005 -17"><span class='ocrx_word' id='word_1_686' title='bbox 204 5550 687 5617; x_wconf 75' lang='grc' dir='ltr'>γεῖον,ἀναλεκτέον</span> <span class='ocrx_word' id='word_1_687' title='bbox 719 5550 784 5601; x_wconf 87' lang='grc' dir='ltr'><strong>ἐκ</strong></span> <span class='ocrx_word' id='word_1_688' title='bbox 812 5548 921 5600; x_wconf 87' lang='grc' dir='ltr'><strong>τῶν</strong></span> <span class='ocrx_word' id='word_1_689' title='bbox 951 5544 1253 5614; x_wconf 75' lang='grc' dir='ltr'>ἐξηγητῶν.</span> <span class='ocrx_word' id='word_1_690' title='bbox 1300 5540 1360 5597; x_wconf 83' lang='grc'><strong>’0</strong></span> <span class='ocrx_word' id='word_1_691' title='bbox 1385 5541 1441 5593; x_wconf 76' lang='grc' dir='ltr'>δὲ</span> <span class='ocrx_word' id='word_1_692' title='bbox 1484 5540 1607 5602; x_wconf 83' lang='grc' dir='ltr'>νοῦς</span> <span class='ocrx_word' id='word_1_693' title='bbox 1636 5541 1736 5594; x_wconf 80' lang='grc' dir='ltr'><strong>αὐ·-</strong></span> 
     </span>
    </p>
   </div>
   <div class='ocr_carea' id='block_1_96' title="bbox 201 5632 1735 5706">
    <p class='ocr_par' dir='ltr' id='par_1_96' title="bbox 201 5632 1735 5706">
     <span class='ocr_line' id='line_1_96' title="bbox 201 5632 1735 5706; baseline -0.004 -15"><span class='ocrx_word' id='word_1_694' title='bbox 201 5642 290 5693; x_wconf 78' lang='grc' dir='ltr'>τῶν</span> <span class='ocrx_word' id='word_1_695' title='bbox 315 5642 543 5706; x_wconf 75' lang='grc' dir='ltr'>τοιοῦτος</span> <span class='ocrx_word' id='word_1_696' title='bbox 565 5653 583 5673; x_wconf 86' lang='grc'>⁶</span> <span class='ocrx_word' id='word_1_697' title='bbox 621 5636 721 5693; x_wconf 76' lang='grc' dir='ltr'><strong>«Ὦ</strong></span> <span class='ocrx_word' id='word_1_698' title='bbox 753 5640 815 5692; x_wconf 84' lang='grc' dir='ltr'><strong>ἐκ</strong></span> <span class='ocrx_word' id='word_1_699' title='bbox 848 5636 984 5689; x_wconf 79' lang='grc' dir='ltr'>Θεοῦ</span> <span class='ocrx_word' id='word_1_700' title='bbox 1016 5636 1225 5704; x_wconf 69' lang='grc' dir='ltr'>Πατρδς</span> <span class='ocrx_word' id='word_1_701' title='bbox 1261 5633 1541 5702; x_wconf 78' lang='grc' dir='ltr'>γεννηθεὶς</span> <span class='ocrx_word' id='word_1_702' title='bbox 1569 5632 1735 5700; x_wconf 83' lang='grc' dir='ltr'>Λόγε,</span> 
     </span>
    </p>
   </div>
   <div class='ocr_carea' id='block_1_97' title="bbox 204 5723 1734 5804">
    <p class='ocr_par' dir='ltr' id='par_1_97' title="bbox 204 5723 1734 5804">
     <span class='ocr_line' id='line_1_97' title="bbox 204 5723 1734 5804; baseline -0.006 -22"><span class='ocrx_word' id='word_1_703' title='bbox 204 5729 425 5802; x_wconf 70' lang='grc' dir='ltr'>ἐπεμψας</span> <span class='ocrx_word' id='word_1_704' title='bbox 449 5734 580 5804; x_wconf 76' lang='grc' dir='ltr'>ἡμῖν</span> <span class='ocrx_word' id='word_1_705' title='bbox 612 5733 726 5794; x_wconf 86' lang='grc' dir='ltr'>τοῖς</span> <span class='ocrx_word' id='word_1_706' title='bbox 772 5726 1124 5800; x_wconf 73' lang='grc' dir='ltr'>ἐπιχθονίοις,</span> <span class='ocrx_word' id='word_1_707' title='bbox 1155 5725 1250 5780; x_wconf 77' lang='grc' dir='ltr'>καὶ</span> <span class='ocrx_word' id='word_1_708' title='bbox 1291 5723 1379 5777; x_wconf 79' lang='grc' dir='ltr'><strong>διὰ</strong></span> <span class='ocrx_word' id='word_1_709' title='bbox 1420 5723 1579 5775; x_wconf 81' lang='grc' dir='ltr'>τοῦτο</span> <span class='ocrx_word' id='word_1_710' title='bbox 1637 5738 1734 5775; x_wconf 84' lang='grc' dir='ltr'>τα-</span> 
     </span>
    </p>
   </div>
   <div class='ocr_carea' id='block_1_98' title="bbox 2459 4621 2800 4674">
    <p class='ocr_par' dir='ltr' id='par_1_98' title="bbox 2459 4621 2800 4674">
     <span class='ocr_line' id='line_1_98' title="bbox 2459 4621 2800 4674; baseline 0 0"><span class='ocrx_word' id='word_1_711' title='bbox 2459 4621 2800 4674; x_wconf 70' lang='grc' dir='ltr'>Αετοειὶοιοὶε.</span> 
     </span>
    </p>
   </div>
   <div class='ocr_carea' id='block_1_99' title="bbox 1836 4712 3404 4788">
    <p class='ocr_par' dir='ltr' id='par_1_99' title="bbox 1836 4712 3404 4788">
     <span class='ocr_line' id='line_1_99' title="bbox 1836 4712 3404 4788; baseline -0.001 -14"><span class='ocrx_word' id='word_1_712' title='bbox 1836 4719 1881 4775; x_wconf 90' lang='grc'>0</span> <span class='ocrx_word' id='word_1_713' title='bbox 1911 4717 2202 4788; x_wconf 87' lang='lat' dir='ltr'><strong>Deigenum</strong></span> <span class='ocrx_word' id='word_1_714' title='bbox 2231 4712 2493 4779; x_wconf 82' lang='lat' dir='ltr'><strong>Verbum,</strong></span> <span class='ocrx_word' id='word_1_715' title='bbox 2521 4713 2783 4784; x_wconf 80' lang='lat' dir='ltr'><strong>Spiritum</strong></span> <span class='ocrx_word' id='word_1_716' title='bbox 2818 4713 3152 4783; x_wconf 80' lang='lat' dir='ltr'><strong>advocatum</strong></span> <span class='ocrx_word' id='word_1_717' title='bbox 3214 4729 3404 4773; x_wconf 86' lang='lat' dir='ltr'><strong>rursus</strong></span> 
     </span>
    </p>
   </div>
   <div class='ocr_carea' id='block_1_100' title="bbox 2998 4805 3188 4879">
    <p class='ocr_par' dir='ltr' id='par_1_100' title="bbox 2998 4805 3188 4879">
     <span class='ocr_line' id='line_1_100' title="bbox 2998 4805 3188 4879; baseline 0.011 -20"><span class='ocrx_word' id='word_1_718' title='bbox 2998 4805 3188 4879; x_wconf 89' lang='lat' dir='ltr'><strong>[alium</strong></span> 
     </span>
    </p>
   </div>
   <div class='ocr_carea' id='block_1_101' title="bbox 1910 4900 3158 4974">
    <p class='ocr_par' dir='ltr' id='par_1_101' title="bbox 1910 4900 3158 4974">
     <span class='ocr_line' id='line_1_101' title="bbox 1910 4900 3158 4974; baseline -0.003 -15"><span class='ocrx_word' id='word_1_719' title='bbox 1910 4905 1988 4959; x_wconf 79' lang='lat' dir='ltr'><strong>Ex</strong></span> <span class='ocrx_word' id='word_1_720' title='bbox 2025 4902 2291 4974; x_wconf 87' lang='lat' dir='ltr'><strong>genitoris</strong></span> <span class='ocrx_word' id='word_1_721' title='bbox 2330 4900 2544 4955; x_wconf 87' lang='lat' dir='ltr'><strong>sinibus</strong></span> <span class='ocrx_word' id='word_1_722' title='bbox 2573 4900 2770 4954; x_wconf 86' lang='lat' dir='ltr'><strong>misisti</strong></span> <span class='ocrx_word' id='word_1_723' title='bbox 2806 4901 3158 4955; x_wconf 86' lang='lat' dir='ltr'><strong>terrestribus</strong></span> 
     </span>
    </p>
   </div>
   <div class='ocr_carea' id='block_1_102' title="bbox 1848 4990 3409 5068">
    <p class='ocr_par' dir='ltr' id='par_1_102' title="bbox 1848 4990 3409 5068">
     <span class='ocr_line' id='line_1_102' title="bbox 1848 4990 3409 5068; baseline -0.004 -15"><span class='ocrx_word' id='word_1_724' title='bbox 1848 5000 1903 5053; x_wconf 89' lang='lat' dir='ltr'><strong>in</strong></span> <span class='ocrx_word' id='word_1_725' title='bbox 1958 5000 2135 5068; x_wconf 68' lang='lat' dir='ltr'><strong>ignea:</strong></span> <span class='ocrx_word' id='word_1_726' title='bbox 2165 4996 2364 5064; x_wconf 75' lang='lat' dir='ltr'><strong>lingua:</strong></span> <span class='ocrx_word' id='word_1_727' title='bbox 2397 4992 2577 5064; x_wconf 82' lang='lat' dir='ltr'><strong>specie</strong></span> <span class='ocrx_word' id='word_1_728' title='bbox 2612 4990 2872 5046; x_wconf 77' lang='lat' dir='ltr'><strong>ferentem</strong></span> <span class='ocrx_word' id='word_1_729' title='bbox 2905 4990 3132 5046; x_wconf 88' lang='lat' dir='ltr'><strong>Deitatis</strong></span> <span class='ocrx_word' id='word_1_730' title='bbox 3166 4993 3409 5049; x_wconf 69' lang='lat' dir='ltr'><strong>materiae</strong></span> 
     </span>
    </p>
   </div>
   <div class='ocr_carea' id='block_1_103' title="bbox 2992 5080 3255 5153">
    <p class='ocr_par' dir='ltr' id='par_1_103' title="bbox 2992 5080 3255 5153">
     <span class='ocr_line' id='line_1_103' title="bbox 2992 5080 3255 5153; baseline 0.008 -19"><span class='ocrx_word' id='word_1_731' title='bbox 2992 5080 3255 5153; x_wconf 78' lang='lat' dir='ltr'><strong>[expertis</strong></span> 
     </span>
    </p>
   </div>
   <div class='ocr_carea' id='block_1_104' title="bbox 1915 5171 3406 5245">
    <p class='ocr_par' dir='ltr' id='par_1_104' title="bbox 1915 5171 3406 5245">
     <span class='ocr_line' id='line_1_104' title="bbox 1915 5171 3406 5245; baseline -0.005 -13"><span class='ocrx_word' id='word_1_732' title='bbox 1915 5177 2144 5245; x_wconf 79' lang='lat' dir='ltr'><strong>Signum</strong></span> <span class='ocrx_word' id='word_1_733' title='bbox 2180 5186 2287 5230; x_wconf 66' lang='lat' dir='ltr'><strong>tuas</strong></span> <span class='ocrx_word' id='word_1_734' title='bbox 2318 5172 2709 5245; x_wconf 88' lang='lat' dir='ltr'><strong>generationis,</strong></span> <span class='ocrx_word' id='word_1_735' title='bbox 2732 5181 2785 5227; x_wconf 90' lang='lat' dir='ltr'><strong>et</strong></span> <span class='ocrx_word' id='word_1_736' title='bbox 2814 5171 3044 5243; x_wconf 88' lang='lat' dir='ltr'><strong>gratiam</strong></span> <span class='ocrx_word' id='word_1_737' title='bbox 3071 5171 3406 5225; x_wconf 84' lang='lat' dir='ltr'><strong>cantoribus.</strong></span> 
     </span>
    </p>
   </div>
   <div class='ocr_carea' id='block_1_105' title="bbox 1910 5263 3405 5338">
    <p class='ocr_par' dir='ltr' id='par_1_105' title="bbox 1910 5263 3405 5338">
     <span class='ocr_line' id='line_1_105' title="bbox 1910 5263 3405 5338; baseline -0.008 -13"><span class='ocrx_word' id='word_1_738' title='bbox 1910 5270 2117 5325; x_wconf 84' lang='lat' dir='ltr'><strong>Horum</strong></span> <span class='ocrx_word' id='word_1_739' title='bbox 2142 5276 2380 5338; x_wconf 89' lang='lat' dir='ltr'><strong>quatuor</strong></span> <span class='ocrx_word' id='word_1_740' title='bbox 2408 5280 2664 5321; x_wconf 88' lang='lat' dir='ltr'><strong>versuum</strong></span> <span class='ocrx_word' id='word_1_741' title='bbox 2690 5266 2902 5335; x_wconf 88' lang='lat' dir='ltr'><strong>primus</strong></span> <span class='ocrx_word' id='word_1_742' title='bbox 2931 5272 2985 5318; x_wconf 91' lang='lat' dir='ltr'><strong>et</strong></span> <span class='ocrx_word' id='word_1_743' title='bbox 3042 5264 3236 5317; x_wconf 89' lang='lat' dir='ltr'><strong>tertius</strong></span> <span class='ocrx_word' id='word_1_744' title='bbox 3310 5263 3405 5314; x_wconf 82' lang='lat' dir='ltr'><strong>be-</strong></span> 
     </span>
    </p>
   </div>
   <div class='ocr_carea' id='block_1_106' title="bbox 1835 5349 3405 5426">
    <p class='ocr_par' dir='ltr' id='par_1_106' title="bbox 1835 5349 3405 5426">
     <span class='ocr_line' id='line_1_106' title="bbox 1835 5349 3405 5426; baseline -0.008 -11"><span class='ocrx_word' id='word_1_745' title='bbox 1835 5362 1969 5415; x_wconf 86' lang='lat' dir='ltr'><strong>roici</strong></span> <span class='ocrx_word' id='word_1_746' title='bbox 1993 5367 2141 5425; x_wconf 87' lang='lat' dir='ltr'><strong>sunt,</strong></span> <span class='ocrx_word' id='word_1_747' title='bbox 2171 5356 2393 5426; x_wconf 89' lang='lat' dir='ltr'><strong>elegiaci</strong></span> <span class='ocrx_word' id='word_1_748' title='bbox 2419 5370 2545 5410; x_wconf 89' lang='lat' dir='ltr'><strong>vero</strong></span> <span class='ocrx_word' id='word_1_749' title='bbox 2575 5352 2850 5409; x_wconf 88' lang='lat' dir='ltr'><strong>secundus</strong></span> <span class='ocrx_word' id='word_1_750' title='bbox 2868 5362 2920 5406; x_wconf 92' lang='lat' dir='ltr'><strong>et</strong></span> <span class='ocrx_word' id='word_1_751' title='bbox 2945 5361 3192 5422; x_wconf 84' lang='lat' dir='ltr'><strong>quartus.</strong></span> <span class='ocrx_word' id='word_1_752' title='bbox 3218 5349 3405 5417; x_wconf 83' lang='lat' dir='ltr'><strong>Qualis</strong></span> 
     </span>
    </p>
   </div>
   <div class='ocr_carea' id='block_1_107' title="bbox 1835 5441 3404 5517">
    <p class='ocr_par' dir='ltr' id='par_1_107' title="bbox 1835 5441 3404 5517">
     <span class='ocr_line' id='line_1_107' title="bbox 1835 5441 3404 5517; baseline -0.007 -10"><span class='ocrx_word' id='word_1_753' title='bbox 1835 5463 2018 5508; x_wconf 89' lang='lat' dir='ltr'><strong>autem</strong></span> <span class='ocrx_word' id='word_1_754' title='bbox 2056 5450 2327 5514; x_wconf 85' lang='lat' dir='ltr'><strong>heroicus,</strong></span> <span class='ocrx_word' id='word_1_755' title='bbox 2384 5455 2439 5502; x_wconf 91' lang='lat' dir='ltr'><strong>et</strong></span> <span class='ocrx_word' id='word_1_756' title='bbox 2492 5446 2666 5517; x_wconf 83' lang='lat' dir='ltr'><strong>qualis</strong></span> <span class='ocrx_word' id='word_1_757' title='bbox 2726 5446 3023 5516; x_wconf 88' lang='lat' dir='ltr'><strong>elegiacus,</strong></span> <span class='ocrx_word' id='word_1_758' title='bbox 3084 5441 3404 5499; x_wconf 84' lang='lat' dir='ltr'><strong>discendum</strong></span> 
     </span>
    </p>
   </div>
   <div class='ocr_carea' id='block_1_108' title="bbox 1837 5535 3404 5606">
    <p class='ocr_par' dir='ltr' id='par_1_108' title="bbox 1837 5535 3404 5606">
     <span class='ocr_line' id='line_1_108' title="bbox 1837 5535 3404 5606; baseline -0.01 -4"><span class='ocrx_word' id='word_1_759' title='bbox 1837 5562 1867 5601; x_wconf 89' lang='lat' dir='ltr'><strong>a</strong></span> <span class='ocrx_word' id='word_1_760' title='bbox 1900 5539 2462 5606; x_wconf 88' lang='lat' dir='ltr'><strong>commentatoribus;</strong></span> <span class='ocrx_word' id='word_1_761' title='bbox 2492 5552 2683 5595; x_wconf 89' lang='lat' dir='ltr'><strong>eorum</strong></span> <span class='ocrx_word' id='word_1_762' title='bbox 2710 5545 2893 5593; x_wconf 89' lang='lat' dir='ltr'><strong>autem</strong></span> <span class='ocrx_word' id='word_1_763' title='bbox 2932 5550 3128 5591; x_wconf 88' lang='lat' dir='ltr'><strong>sensus</strong></span> <span class='ocrx_word' id='word_1_764' title='bbox 3171 5535 3257 5588; x_wconf 92' lang='lat' dir='ltr'><strong>bic</strong></span> <span class='ocrx_word' id='word_1_765' title='bbox 3279 5543 3404 5589; x_wconf 88' lang='lat' dir='ltr'><strong>est:</strong></span> 
     </span>
    </p>
   </div>
   <div class='ocr_carea' id='block_1_109' title="bbox 1839 5622 3407 5697">
    <p class='ocr_par' dir='ltr' id='par_1_109' title="bbox 1839 5622 3407 5697">
     <span class='ocr_line' id='line_1_109' title="bbox 1839 5622 3407 5697; baseline -0.01 -3"><span class='ocrx_word' id='word_1_766' title='bbox 1839 5636 1883 5694; x_wconf 92' lang='grc' dir='ltr'><strong>Ο</strong></span> <span class='ocrx_word' id='word_1_767' title='bbox 1920 5636 2152 5691; x_wconf 84' lang='lat' dir='ltr'><strong>Verbum</strong></span> <span class='ocrx_word' id='word_1_768' title='bbox 2182 5648 2250 5690; x_wconf 85' lang='lat' dir='ltr'><strong>ex</strong></span> <span class='ocrx_word' id='word_1_769' title='bbox 2277 5634 2382 5686; x_wconf 86' lang='lat' dir='ltr'><strong>Deo</strong></span> <span class='ocrx_word' id='word_1_770' title='bbox 2410 5629 2570 5684; x_wconf 83' lang='lat' dir='ltr'><strong>Patre</strong></span> <span class='ocrx_word' id='word_1_771' title='bbox 2596 5629 2863 5697; x_wconf 86' lang='lat' dir='ltr'><strong>genitum,</strong></span> <span class='ocrx_word' id='word_1_772' title='bbox 2924 5624 3125 5681; x_wconf 87' lang='lat' dir='ltr'><strong>misisti</strong></span> <span class='ocrx_word' id='word_1_773' title='bbox 3159 5622 3317 5679; x_wconf 88' lang='lat' dir='ltr'><strong>nobis</strong></span> <span class='ocrx_word' id='word_1_774' title='bbox 3352 5623 3407 5678; x_wconf 89' lang='lat' dir='ltr'><strong>in</strong></span> 
     </span>
    </p>
   </div>
   <div class='ocr_carea' id='block_1_110' title="bbox 1841 5711 3407 5790">
    <p class='ocr_par' dir='ltr' id='par_1_110' title="bbox 1841 5711 3407 5790">
     <span class='ocr_line' id='line_1_110' title="bbox 1841 5711 3407 5790; baseline -0.006 -15"><span class='ocrx_word' id='word_1_775' title='bbox 1841 5733 1985 5775; x_wconf 89' lang='lat' dir='ltr'><strong>terra</strong></span> <span class='ocrx_word' id='word_1_776' title='bbox 2013 5719 2334 5789; x_wconf 83' lang='lat' dir='ltr'><strong>degentibus</strong></span> <span class='ocrx_word' id='word_1_777' title='bbox 2367 5729 2422 5773; x_wconf 91' lang='lat' dir='ltr'><strong>et</strong></span> <span class='ocrx_word' id='word_1_778' title='bbox 2456 5727 2677 5790; x_wconf 86' lang='lat' dir='ltr'><strong>propter</strong></span> <span class='ocrx_word' id='word_1_779' title='bbox 2719 5715 2820 5768; x_wconf 90' lang='lat' dir='ltr'><strong>boc</strong></span> <span class='ocrx_word' id='word_1_780' title='bbox 2843 5713 3084 5774; x_wconf 84' lang='lat' dir='ltr'><strong>miseris.</strong></span> <span class='ocrx_word' id='word_1_781' title='bbox 3144 5711 3302 5781; x_wconf 81' lang='lat' dir='ltr'><strong>quasi</strong></span> <span class='ocrx_word' id='word_1_782' title='bbox 3350 5712 3407 5766; x_wconf 90' lang='lat' dir='ltr'><strong>in</strong></span> 
     </span>
    </p>
   </div>
   <div class='ocr_carea' id='block_1_111' title="bbox 208 5804 1724 5895">
    <p class='ocr_par' dir='ltr' id='par_1_111' title="bbox 208 5813 1724 5895">
     <span class='ocr_line' id='line_1_111' title="bbox 208 5813 1724 5895; baseline -0.005 -19"><span class='ocrx_word' id='word_1_783' title='bbox 208 5829 402 5891; x_wconf 78' lang='grc' dir='ltr'>πεινοῖς,</span> <span class='ocrx_word' id='word_1_784' title='bbox 435 5828 509 5892; x_wconf 86' lang='grc' dir='ltr'>ὼς</span> <span class='ocrx_word' id='word_1_785' title='bbox 539 5828 597 5880; x_wconf 83' lang='grc' dir='ltr'><strong>ἐν</strong></span> <span class='ocrx_word' id='word_1_786' title='bbox 628 5823 903 5895; x_wconf 80' lang='grc' dir='ltr'>γλώσσαις</span> <span class='ocrx_word' id='word_1_787' title='bbox 934 5819 1126 5891; x_wconf 74' lang='grc' dir='ltr'>πυρὸς,</span> <span class='ocrx_word' id='word_1_788' title='bbox 1168 5816 1350 5881; x_wconf 83' lang='grc' dir='ltr'>καθὼς</span> <span class='ocrx_word' id='word_1_789' title='bbox 1381 5814 1476 5871; x_wconf 82' lang='grc' dir='ltr'>καὶ</span> <span class='ocrx_word' id='word_1_790' title='bbox 1499 5815 1529 5868; x_wconf 88' lang='grc' dir='ltr'><strong>ὁ</strong></span> <span class='ocrx_word' id='word_1_791' title='bbox 1562 5813 1724 5870; x_wconf 70' lang='grc' dir='ltr'>κανὼι</span> 
     </span>
    </p>
   </div>
   <div class='ocr_carea' id='block_1_112' title="bbox 1837 5804 3409 5895">
    <p class='ocr_par' dir='ltr' id='par_1_112' title="bbox 1839 5804 3409 5885">
     <span class='ocr_line' id='line_1_112' title="bbox 1839 5804 3409 5885; baseline -0.004 -17"><span class='ocrx_word' id='word_1_792' title='bbox 1839 5814 2013 5885; x_wconf 86' lang='lat' dir='ltr'><strong>igneis</strong></span> <span class='ocrx_word' id='word_1_793' title='bbox 2045 5813 2266 5884; x_wconf 85' lang='lat' dir='ltr'><strong>linguis,</strong></span> <span class='ocrx_word' id='word_1_794' title='bbox 2306 5812 2445 5869; x_wconf 75' lang='lat' dir='ltr'><strong>sicut</strong></span> <span class='ocrx_word' id='word_1_795' title='bbox 2505 5810 2721 5866; x_wconf 88' lang='lat' dir='ltr'><strong>docebit</strong></span> <span class='ocrx_word' id='word_1_796' title='bbox 2744 5822 2954 5871; x_wconf 89' lang='lat' dir='ltr'><strong>canon,</strong></span> <span class='ocrx_word' id='word_1_797' title='bbox 2980 5804 3242 5875; x_wconf 83' lang='lat' dir='ltr'><strong>Spiritum</strong></span> <span class='ocrx_word' id='word_1_798' title='bbox 3276 5817 3409 5862; x_wconf 81' lang='lat' dir='ltr'><strong>con-</strong></span> 
     </span>
    </p>
   </div>
  </div>
