3788 6582
357 351 362 356 ’
421 399 523 461 ειη

1121 394 1542 458 EUSTATHII
1577 395 1676 455 TI]
1687 389 2323 455 ESSALONICENSIS
2345 383 2899 457 METROPOLi'l-‘IE

3495 423 3572 487 590

405 512 596 566 solum
612 525 696 564 em
730 523 922 564 rursus
947 508 1202 575 alterum,
1223 508 1526 564 secundum
1547 504 1804 560 videlicet
1825 503 1967 558 illum

2079 503 2299 571 διδάξει,
2343 503 2566 572 Πνεῦμα
2629 505 2980 578 παράκλητον
3040 511 3196 564 πᾶλιν
3237 517 3400 587 ἄλλον,
3446 531 3575 598 ἤγουν

403 607 694 668 postquam
725 610 780 651 ιιι
811 597 867 651 in
907 595 1108 652 coelum
1181 595 1518 659 ascendisti;
1576 601 1636 646 ut
1681 598 1976 661 postquam

401 691 717 745 consolator
742 691 890 744 venit
926 703 1091 756 super
1135 702 1238 742 nos
1268 684 1444 739 Filius
1482 695 1630 747 tuus,
1670 681 1983 737 consolator

403 781 600 835 iterum
630 781 838 834 veniret
868 796 896 834 e
925 781 1048 834 sinu
1082 778 1286 838 Patris.
1312 778 1514 831 missus
1555 773 1798 843 Spiritus
1855 788 1982 827 san-

403 881 547 934 ctus,
579 870 812 926 aﬂ‘erens
834 869 1208 924 laudatoribus
1232 875 1434 922 sancta:
1460 865 1744 920 Trinitatis
1767 866 1980 933 signum

405 961 780 1016 immaterialis
799 971 901 1015 tute
919 960 1242 1022 divinitatis,
1261 959 1310 1012 id
1330 967 1412 1011 est
1430 965 1635 1010 natura:
1652 970 1718 1009 ac
1733 956 1982 1009 ntivita-

402 1056 474 1108 tis
507 1064 633 1116 tuae,
665 1065 717 1107 et
750 1052 1108 1124 psallentibtts
1137 1051 1364 1119 gratiam
1389 1065 1484 1115 pro
1507 1049 1739 1120 hymnis.
1761 1048 1980 1103 Interim

403 1147 624 1200 verbum
645 1147 925 1216 Defgenum
950 1143 1094 1212 quod
1115 1143 1183 1197 ab
1207 1143 1359 1196 initio
1380 1142 1600 1202 dicitur,
1621 1141 1853 1195 ostendit
1869 1142 1982 1193 vio-

399 1237 608 1291 lentum
632 1251 900 1290 mensurae
925 1236 976 1288 in
995 1231 1331 1287 carminibus
1355 1231 1820 1300 impedimentum;
1841 1231 1982 1282 unde

403 1326 650 1396 θειογενῆ
675 1327 804 1380 dicit
837 1322 1096 1386 Verbum,
1131 1338 1253 1374 cum
1293 1320 1624 1390 impossibile
1657 1322 1747 1380 sit,
1776 1329 1836 1374 ut
1871 1335 1978 1373 non

402 1417 714 1488 proferatur
736 1433 859 1469 cum
897 1414 1254 1483 diphthongo.
1298 1414 1390 1468 scd
1431 1429 1554 1467 cum
1574 1413 1686 1466 sola
1714 1412 1892 1466 littera
1930 1428 1978 1474 ε,

402 1511 649 1580 Θεογενῆ.
685 1507 1028 1562 Manifestum
1054 1507 1199 1562 enim
1221 1506 1365 1575 quod
1391 1505 1534 1560 aliud
1568 1516 1650 1559 est
1669 1505 1812 1568 θεός,
1833 1504 1979 1558 aliud

401 1604 546 1656 θεῖον
573 1618 587 1654 :
612 1600 791 1653 anima
825 1597 1029 1652 scilicet
1056 1611 1178 1666 quae
1224 1595 1362 1650 Deus
1391 1609 1496 1648 non
1523 1605 1628 1659 est,
1649 1594 1828 1648 divina
1864 1606 1942 1648 est
1961 1608 1979 1661 ;

400 1694 544 1748 unde
575 1700 629 1746 et
655 1691 802 1745 aliud
839 1693 910 1744 sit
941 1689 1198 1759 θεογενὴς
1231 1697 1286 1743 et
1315 1688 1460 1742 aliud
1494 1686 1814 1757 Θειογενήςι
1873 1687 1980 1741 for-

395 1801 494 1842 san
527 1793 729 1845 autem,
758 1799 866 1836 non
893 1797 989 1851 per
1021 1781 1436 1850 generationem
1476 1779 1618 1835 inter
1666 1778 1804 1833 duas
1863 1777 1966 1832 im-

397 1877 682 1932 mntabiles
717 1890 982 1945 personas
1005 1873 1248 1927 Verbum
1278 1873 1559 1927 inventum
1619 1880 1704 1926 est
1756 1871 1967 1939 θειογε.

395 1971 508 2035 νές,
553 1968 648 2024 sed
683 1967 815 2038 quia
846 1964 1219 2021 communiter
1261 1964 1464 2019 dicitur
1497 1965 1760 2035 genitum,
1825 1979 1968 2034 quo-

396 2062 540 2115 niam
570 2074 666 2129 per
695 2060 899 2128 ipsum,
929 2056 1140 2112 scilicet
1189 2055 1438 2111 divinum
1482 2055 1740 2120 Verbum,
1794 2055 1965 2109 divini

396 2165 450 2206 et
478 2167 579 2205 nos
609 2161 662 2204 et
698 2149 807 2203 Dco
837 2149 1044 2204 similes
1065 2147 1346 2202 eﬂlcimur.
1374 2147 1430 2202 Si
1457 2147 1581 2217 quis
1601 2156 1782 2202 autem
1822 2147 1968 2200 θεῖον

400 2238 822 2294 nonderivative
856 2248 1060 2292 natura:
1087 2236 1358 2305 particeps
1380 2234 1634 2304 accipiat,
1665 2235 1758 2290 sed
1793 2235 1960 2290 Deum

399 2331 577 2397 ipsum
601 2333 679 2385 sic
695 2331 962 2399 cogitans,
987 2327 1229 2381 divinum
1256 2328 1398 2381 dicat
1421 2324 1656 2380 Verbum
1675 2342 1740 2380 ex
1757 2326 1965 2391 divino,

397 2423 506 2476 Deo
528 2422 754 2484 scilicet,
780 2421 937 2477 Patre
960 2431 1163 2482 ortum,
1189 2421 1379 2475 nescio
1403 2435 1469 2474 an
1495 2419 1736 2475 inveniat
1763 2419 1852 2490 qui
1891 2419 1972 2472 fa-

395 2514 569 2569 ciliter
604 2515 706 2567 hoc
725 2512 974 2566 admittat
1007 2529 1020 2565 :
1053 2512 1182 2566 mihi
1211 2511 1433 2581 quidem
1486 2515 1559 2568 ita
1606 2514 1810 2569 sentire
1854 2529 1963 2568 non

396 2605 616 2672 placet;
649 2601 716 2657 de
755 2600 1038 2655 Paraclcto
1083 2611 1262 2655 autem
1315 2601 1543 2656 dicenda
1575 2601 1714 2656 infra
1769 2601 1960 2656 dicen-

399 2706 506 2750 Ull'.

473 2894 664 2948 Ἀλλον
708 2907 887 2950 autem
929 2897 1012 2952 vel
1040 2897 1362 2967 simpliciter
1399 2895 1598 2950 dicitur
1629 2911 1724 2966 pro
1756 2896 1966 2963 ἕτερον,

405 2987 487 3040 vel
523 2988 590 3042 ad
616 2989 974 3057 dogmatiram
1010 2989 1432 3044 exactitudinem
1483 3004 1644 3058 quam
1679 2989 1829 3043 novit
1870 2987 1970 3058 qui

2081 595 2338 666 δεύτερον
2369 595 2562 649 ⁴τοῦτον
2593 598 2689 648 νῦν
2725 598 2862 666 μετὰ
2898 599 2957 650 σὲ
3003 601 3362 673 ἀντληφθέντα
3409 595 3577 681 εῑξνοῦ.

2087 691 2250 758 ρινόν
2287 707 2300 720 '
2329 689 2416 743 ἵνα
2451 689 2807 760 Παρακλήτου
2874 691 2973 763 ἤδη
3021 695 3112 748 σοῦ
3143 700 3243 761 ζτοῦ
3301 704 3419 760 Υίοῦ
3444 729 3578 770 κατα.

2083 781 2278 844 δέντης
2318 782 2396 845 εις
2428 783 2599 853 ἡμᾶς,
2644 783 3000 850 παράκλητος
3031 787 3190 840 πάλιν
3217 791 3335 866 ἔλθῃ
3361 797 3578 866 δευτεοὼ.

2088 891 2254 942 ματος
2279 875 2438 945 Λόγῳ
2484 876 2548 928 ἐκ
2595 875 2704 931 τῶν
2754 875 2969 929 κόλπων
2998 877 3089 931 τοῦ
3133 861 3349 954 Πατρδξ.
3386 893 3439 942 τὸ
3479 861 3581 950 ἀπε.

2087 962 2214 1012 στα).
2224 963 2386 1030 μένον
2412 963 2567 1029 ἅγιον
2597 963 2822 1035 Πνεῦμα
2847 979 2862 992 ⁸
2887 965 3048 1034 φέρον
3088 970 3215 1022 αὖτδ
3247 977 3348 1038 τοῖς
3368 978 3581 1052 ὕμνηταῖς

2083 1056 2182 1123 τῆς
2211 1055 2371 1122 ἁγίας
2401 1057 2648 1126 Τριάδος,
2680 1060 2776 1112 καὶ
2800 1059 3028 1130 σημεῖον
3051 1059 3209 1114 dimov
3243 1063 3464 1138 θεότητςς
3485 1081 3582 1144 τεῆς

2086 1146 2314 1215 φὺτὶης,
2342 1149 2508 1217 ἤγουν
2541 1151 2642 1218 τῆς
2676 1150 2778 1219 σῆς
2803 1151 3024 1221 φύσεως
3083 1150 3116 1220 ἢ
3163 1159 3462 1225 γεννήσεως,
3512 1174 3582 1222 καὶ

2083 1239 2196 1298 τοῖς
2223 1237 2495 1306 ὑμνηταῖς
2515 1240 2678 1310 χάριν
2711 1241 2810 1311 τὴν
2847 1240 2940 1293 ὲπὶ
2964 1245 3069 1304 τοῖς
3099 1241 3283 1314 ὕμνοις
3310 1263 3321 1276 ·
3345 1251 3396 1300 ἐν
3416 1255 3582 1318 τούτοις

2081 1329 2135 1382 δὲ
2162 1329 2221 1380 τὸ
2253 1329 2350 1397 μὲν
2373 1331 2662 1398 Θειογενὲς,
2695 1334 2759 1385 ἐκ
2791 1333 3099 1404 προθύρων,
3134 1337 3161 1389 ὅ
3199 1353 3349 1407 φασι,
3378 1340 3582 1411 διεκοαί.

2082 1435 2160 1470 νει
2196 1418 2296 1488 τὴν
2330 1421 2597 1489 μετρικὴν
2629 1423 2685 1474 ὲν
2712 1419 3020 1486 ὲποποιῖαις
3045 1425 3222 1494 βιαίαν
3239 1431 3514 1501 περιολκὴν,
3533 1437 3583 1490 δι’

2080 1508 2148 1580 ἣν
2175 1509 2418 1580 θειογενῆ
2452 1510 2600 1578 λέγει
2634 1512 2725 1564 τὸν
2755 1515 2951 1582 Λόγον,
2980 1517 3101 1569 δέον
3144 1519 3404 1587 ἀδυνάτως
3445 1524 3587 1580 sitter

2083 1598 2158 1670 μὴ
2183 1601 2240 1652 ὲν
2268 1601 2568 1670 διφθόγγῳ,
2601 1603 2717 1656 ἀλλ’
2741 1604 2798 1656 ἐν
2829 1606 2978 1678 μόνῳ
2999 1606 3076 1678 τῷ
3105 1626 3130 1661 ε
3175 1616 3410 1686 στοιχείῳ
3437 1620 3584 1689 θεογει

2081 1689 2170 1755 νῆ,
2210 1693 2484 1762 Πρόδηλον
2525 1695 2630 1764 γὰρ
2648 1696 2720 1758 ὼς
2750 1696 2878 1750 ἄλλο
2910 1699 3010 1767 μὲν
3042 1699 3194 1766 Θεὸς,
3224 1705 3346 1759 ἄλλο
3379 1709 3434 1762 δὲ
3455 1713 3581 1770 θ;ῖον.

2093 1782 2157 1834 Ἢ
2186 1782 2318 1850 γοῦν
2347 1784 2493 1855 ψυχὴ
2517 1787 2649 1851 Θεὸς
2685 1788 2760 1860 μὴ
2788 1785 2944 1853 οὖσα,
2981 1791 3124 1845 θετόν
3145 1795 3288 1848 ἐστιν
3320 1813 3334 1828 ·
3367 1799 3488 1854 ὥστε
3513 1809 3583 1858 καὶ

2076 1873 2204 1928 ἄλλο
2241 1874 2339 1943 μὲν
2397 1879 2426 1929 ό
2471 1878 2726 1948 θεογενὴς
2765 1883 2959 1948 Λόγος,
2991 1883 3122 1936 ἄλλο
3149 1885 3204 1938 δὲ
3252 1890 3280 1941 ὁ
3315 1889 3580 1961 θειογενὴεο

2079 1963 2207 2024 ἴσως
2237 1964 2292 2014 δὲ
2324 1965 2385 2016 οὐ
2423 1967 2572 2034 παρὰ
2606 1969 2859 2039 γέννησιν
2889 1975 2988 2039 τὴν
3017 1974 3076 2024 ὲν
3123 1973 3317 2047 [δυ1σὶν
3363 1981 3583 2048 ἀμεταϐό-

2075 2052 2210 2116 λοις,
2272 2056 2446 2123 Λόγος
2497 2057 2592 2111 νῦν
2653 2061 2851 2132 εὒρέθη
2884 2063 3183 2135 θειογενὴς,
3232 2068 3359 2122 ἀλλὰ
3391 2075 3516 2142 παρᾶ
3537 2077 3582 2128 τὸ

2077 2149 2270 2214 κοινῶς
2296 2151 2582 2222 λεγόμενον
2613 2158 2888 2223 γενέσθαι,
2923 2161 3041 2211 ἐπεὶ
3074 2161 3314 2217 διἀὐτοῦ
3341 2167 3488 2235 ἤγουν
3509 2170 3581 2222 τοῦ

2077 2238 2221 2293 θείου
2257 2241 2432 2308 Λόγου
2457 2245 2612 2313 ἡμεῖς
2633 2246 2766 2300 θεῖοι
2797 2249 2892 2300 καὶ
2916 2249 3169 2315 Θεοειδεῖς
3191 2255 3451 2322 γινόμεθα.
3472 2259 3521 2310 Ei

2075 2347 2160 2394 τις
2179 2333 2238 2382 τὸ
2257 2333 2398 2387 θεῖον
2413 2337 2472 2386 οὐ
2495 2339 2835 2406 παραγώγως
2857 2346 3298 2410 μετουσιαστικδν
3317 2347 3580 2415 λαμϐάνων,

2076 2427 2210 2480 ἀλλὰ
2224 2427 2315 2480 τὸν
2335 2429 2466 2481 Θεὸν
2488 2430 2651 2483 αὑτὸν
2679 2430 2823 2484 οὕτω
2847 2433 3004 2498 νοῶν,
3031 2435 3276 2508 θειογενῆ
3292 2438 3428 2507 λέγει
3448 2443 3522 2494 τον
3537 2447 3585 2499 ἐκ

2078 2523 2224 2575 θείου
2279 2523 2444 2593 ἤγουν
2477 2525 2538 2577 ἐκ
2563 2525 2698 2577 Θεοῦ
2726 2527 2932 2598 Πατρὸς
2964 2529 3162 2597 Λόγον,
3193 2532 3289 2584 οὐκ
3317 2533 3420 2586 οὸα
3461 2537 3585 2603 εἴπερ

2082 2614 2304 2684 εὑρήσει
2333 2616 2424 2668 τὸν
2454 2617 2817 2686 ἀπραγμόνως
2848 2619 3242 2690 ἀποδεχόμενον
3290 2625 3452 2680 τοῦτο.
3484 2628 3586 2693 Ἐςὶ

2083 2708 2213 2773 γοῦν
2241 2705 2436 2760 οὔκουν
2473 2711 2695 2776 ἀρέσκει
2719 2709 2860 2763 οὕτω
2891 2712 3036 2764 νοεῖν
3067 2726 3083 2742 ³
3116 2714 3241 2784 περὶ
3264 2713 3316 2766 δὲ
3341 2715 3582 2784 Παρακλήι

2084 2815 2176 2853 τον
2225 2802 2504 2870 εἰρήσεται
2529 2801 2592 2853 τὸ
2611 2802 2729 2854 δέον
2751 2803 2809 2853 ὲν
2833 2804 2945 2865 τοῖς
2985 2804 3138 2875 ἑξῆς.

2152 2889 2225 2942 Τὸ
2250 2889 2306 2941 δὲ
2342 2889 2500 2943 ἄλλον
2535 2891 2568 2960 ἢ
2612 2891 2884 2954 ἁπλοϊκῶς
2945 2894 3076 2958 ίσως
3115 2897 3324 2966 εἴρηται
3369 2899 3476 2951 ἀντὶ
3515 2901 3587 2951 τοῦ

2081 2980 2347 3051 Rapum?)
2386 2982 2524 3052 πρὸς
2579 2985 2866 3053 ἀκρίϐειαν
2909 2985 3272 3056 δογματικὴν,
3324 2989 3387 3059 ἢν
3431 2984 3589 3042 οἶδενό

403 3079 686 3148 distinguit
735 3081 900 3142 ἄλλοις
957 3090 1012 3136 et
1064 3081 1322 3148 ἀλλοίας;
1373 3080 1464 3135 cui
1520 3081 1874 3150 obsequens,
1921 3091 1967 3136 et

2080 3073 2527 3142 ἀκριϐωσάμενος
2566 3075 2626 3127 τὸ
2646 3075 2832 3140 ἄλλας,
2864 3076 2980 3129 ἀλλ’
3013 3079 3116 3131 οὐκ
3151 3078 3356 3144 ἀλλοίας
3380 3097 3392 3110 ·
3417 3075 3589 3148 ᾧπερὸ

396 3171 550 3239 quasi
595 3171 645 3222 in
683 3173 803 3224 luce
825 3171 1253 3238 ambulans,non
1287 3171 1514 3225 dixisset
1539 3172 1813 3226 diversum
1842 3175 1967 3228 mis-

2079 3164 2385 3218 ἀκολουθῶν
2418 3167 2509 3218 καὶ
2541 3165 2614 3229 ὡς
2653 3169 2710 3219 ὲν
2754 3167 2894 3238 φωτὶ
2936 3167 3082 3223 οὕτω
3139 3173 3459 3239 περιπατῶν,
3513 3173 3590 3225 οὐκ

401 3275 521 3314 sum
560 3261 727 3316 fuisse
756 3263 1116 3327 Paracletum,
1141 3261 1239 3317 sed
1265 3261 1688 3330 alterum,jnxta
1725 3278 1962 3333 praesen-

2079 3254 2145 3308 ἂν
2169 3257 2313 3309 εῐποι
2353 3257 2668 3328 πεμφθῆναι
2701 3259 2911 3312 ἀλλοῖον
2950 3261 3324 3331 παράκλητον,
3375 3264 3492 3317 ἀλλᾶ
3521 3262 3591 3318 ἀλ-

395 3359 506 3408 tem
533 3354 864 3424 scripturam
889 3371 905 3420 ;
939 3355 1184 3424 genitum
1206 3364 1389 3409 autem
1425 3355 1491 3408 de
1523 3369 1632 3424 quo
1654 3354 1744 3408 hic
1771 3353 1967 3408 dicitur

2079 3348 2163 3399 λον
2217 3348 2360 3402 κατὰ
2393 3349 2488 3418 τὴν
2514 3351 2747 3404 ἐνταῦθα
2770 3353 2993 3422 γραφήν
3025 3369 3040 3384 ·
3091 3355 3314 3425 γενέτην
3346 3354 3398 3408 δὲ
3418 3355 3494 3407 τὸν
3530 3355 3592 3405 ιν-

394 3457 448 3502 et
485 3449 784 3517 genitorem
816 3459 870 3502 et
901 3458 1139 3502 saturem
1172 3457 1226 3502 et
1266 3446 1517 3512 Patrem,
1575 3445 1760 3501 divina
1806 3461 1967 3518 syno-

2079 3441 2244 3495 ταῦθα
2275 3443 2508 3513 ῥηθέντα
2542 3443 2634 3496 καὶ
2653 3447 2911 3512 γενέτορα
2947 3447 3046 3499 καὶ
3075 3447 3323 3516 φύσαντα
3374 3449 3461 3502 καὶ
3512 3463 3593 3500 πα-

398 3553 558 3606 nyma
585 3539 745 3593 simul
778 3538 1160 3592 venerabuuda
1185 3537 1394 3608 colligit
1417 3555 1430 3603 ;
1465 3537 1804 3609 φυτοσπόρος
1825 3538 1967 3590 enim

2079 3536 2204 3604 τέρα
2226 3536 2259 3606 ἡ
2283 3536 2401 3588 θεία
2434 3537 2749 3606 συνωνυμία
2776 3541 2852 3600 εἰς
2888 3539 2947 3590 ἓν
2975 3540 3104 3606 ἄγει
3138 3541 3364 3608 σεμνῶς,
3401 3539 3451 3591 ’0
3497 3540 3594 3606 μὲν-

398 3629 744 3682 communior
769 3637 852 3683 est
890 3647 903 3683 :
945 3629 1090 3698 quod
1144 3637 1325 3683 autem
1354 3645 1421 3684 ex
1451 3631 1572 3684 sinu
1619 3628 1798 3685 Patris
1839 3632 1972 3683 mis-

398 3735 495 3776 sus
543 3722 712 3776 fuerit
779 3721 1017 3790 Spiritus
1073 3731 1320 3788 sanctus,
1403 3721 1747 3776 manifestius
1815 3721 1975 3777 docet

399 3829 603 3878 canon,
631 3815 683 3867 iu
708 3829 817 3884 quo
841 3815 1142 3868 invenietur
1165 3829 1383 3869 rursmn
1411 3829 1509 3867 vox
1529 3815 1830 3884 γλώσσῃσι,
1855 3829 1975 3885 poe-

404 3906 509 3959 tica
540 3905 725 3959 lonmn
768 3905 1038 3972 dialecto;
1069 3915 1126 3958 ut
1163 3916 1317 3974 poeta
1352 3905 1516 3968 enim,
1547 3905 1849 3958 molestiam
1878 3920 1974 3974 pa-

404 4000 538 4052 titur
558 4013 622 4052 eo
648 3997 788 4064 quod
822 4005 1008 4050 utatur
1043 3996 1219 4050 verbis
1259 3996 1461 4065 quibus
1501 3996 1703 4065 gaudet
1755 3998 1969 4066 poesis;

403 4091 666 4144 indicium
701 4098 881 4142 autent
915 4094 1124 4141 natura:
1151 4084 1273 4138 Filii
1307 4086 1412 4140 fert
1443 4085 1687 4156 Spiritus
1743 4096 1973 4141 sanctus

406 4198 512 4236 non
555 4197 743 4246 unum,
767 4181 1066 4235 secundum
1097 4180 1310 4233 unicam
1343 4179 1736 4235 acrostichidis
1770 4180 1974 4234 dictio-

412 4291 558 4339 nem,
593 4274 687 4328 sed
721 4275 894 4339 varia,
951 4275 1096 4328 sicut
1139 4274 1420 4326 veritatem
1464 4272 1655 4336 decet;
1691 4271 1972 4325 veritatem

402 4366 546 4420 enim
576 4365 715 4418 dixit
745 4364 1001 4432 magister
1044 4363 1289 4418 veritatis
1328 4361 1589 4429 Verbum,
1641 4361 1971 4431 promittens

402 4473 463 4513 se
525 4460 824 4512 missurum
879 4456 1145 4524 Spiritum
1201 4463 1450 4510 sanctum
1508 4455 1776 4520 veritatis,
1829 4469 1969 4507 amo-

406 4567 516 4604 rem
552 4565 715 4619 quetu
745 4549 954 4617 primus
980 4547 1171 4600 habuit
1202 4547 1252 4599 in
1283 4546 1584 4614 discipulos
1637 4560 1794 4607 suos,
1831 4561 1968 4614 quos

403 4640 593 4696 dilexit
659 4649 713 4692 et
793 4637 1032 4705 Spiritus
1090 4644 1336 4697 sanctus,
1421 4635 1593 4703 quiet
1648 4633 1838 4688 docuit
1877 4651 1972 4690 eos

403 4743 464 4788 ut
488 4733 724 4802 Spiritus
781 4730 1087 4799 sapientia),
1123 4728 1284 4798 cujus
1340 4729 1504 4780 etiam
1559 4725 1818 4781 indicium
1871 4726 1972 4781 fuit

401 4823 935 4880 eousubstantiaiitas
958 4822 1134 4876 Patris
1155 4833 1208 4875 et
1231 4819 1488 4890 Spiritus,
1515 4828 1569 4873 et
1593 4819 1814 4875 luminis
1838 4835 1968 4891 par-

407 4915 646 4984 ticipatio
679 4925 730 4968 et
757 4914 1085 4977 sanctitatis,
1145 4919 1200 4966 ct
1267 4910 1570 4973 cltaritatis,
1608 4926 1770 4980 quam
1834 4913 1967 4968 inde

403 5010 626 5063 veniens
656 5007 834 5060 attulit
867 5004 1105 5074 Spiritus
1127 5011 1375 5067 sanctus,
1403 5003 1544 5056 sicut
1572 5009 1700 5055 tunc
1725 5011 1776 5056 ct
1797 5002 1969 5056 disci-

404 5101 565 5169 pulis,
587 5108 640 5152 et
670 5115 792 5151 mox
818 5097 1185 5152 initiatoribus
1223 5095 1567 5165 populorum,
1621 5093 1694 5147 ita
1719 5102 1774 5148 et
1821 5109 1969 5148 nunc

402 5192 560 5246 nobis
583 5191 960 5261 spiritualibus
993 5189 1384 5251 laudatoribus,
1424 5186 1474 5241 id
1501 5194 1582 5241 est
1635 5187 1781 5240 circa
1815 5187 1970 5256 bym-

402 5298 500 5338 nos
537 5285 858 5352 occupatis;
893 5281 1037 5351 quod
1057 5279 1264 5333 bonum
1294 5281 1427 5333 etin
1457 5294 1650 5332 omnes
1667 5277 1969 5333 effunditur

403 5374 497 5427 Dei
537 5373 873 5436 laudatores,
906 5371 1104 5440 quibus
1132 5380 1289 5440 poeta
1340 5371 1627 5424 commode
1657 5384 1716 5424 se
1757 5369 1964 5422 immis-

400 5466 514 5520 cuit
544 5481 641 5536 pro
669 5463 1079 5535 participatione
1111 5463 1415 5518 cbaritatis.
1455 5462 1749 5516 Videndum
1781 5469 1963 5514 autem

402 5564 583 5611 utrum
626 5558 725 5611 boc
754 5559 841 5626 qui
883 5556 980 5626 [ert
1019 5557 1247 5626 formam
1281 5556 1692 5626 incorruptibilis
1752 5555 1964 5608 deitatis

399 5649 573 5720 possit
607 5657 662 5701 et
717 5650 880 5702 verbo
932 5648 1339 5703 accommodari
1414 5663 1508 5716 per
1582 5647 1966 5700 rectitudiuem

397 5739 716 5794 masculina:
783 5739 1338 5802 communicatimris,
1393 5750 1453 5793 ut
1519 5739 1736 5792 dicatur
1795 5735 1967 5789 Filius

399 5833 528 5888 dare
561 5830 716 5885 nobis
748 5846 844 5902 per
871 5832 1134 5902 Spiritum
1168 5839 1419 5887 sanctum
1470 5828 1701 5885 fortnam
1757 5841 1964 5884 natura:

398 5937 530 5978 302.

2070 3643 2152 3678 τοι
2180 3627 2525 3696 φυτοσπόρος
2560 3629 2886 3698 κοινότερος,
2922 3628 2985 3682 τὸ
3034 3630 3094 3683 δὲ
3137 3633 3201 3683 ἐκ
3261 3632 3461 3684 κόλπων
3511 3631 3594 3680 [Ια-

2073 3719 2200 3788 τρὸς
2230 3719 2549 3790 πεμφθῆναι
2580 3719 2640 3772 τὺ
2670 3721 2823 3789 ἅγιον
2853 3719 3102 3791 Πνεῦμα,
3151 3724 3180 3776 ὁ
3217 3724 3389 3774 κανὼν
3430 3721 3593 3786 διδάξει

2073 3813 2497 3882 ἐμφανέστερον,
2523 3817 2577 3863 ὲν
2609 3807 2652 3880 ᾧ
2682 3814 3042 3882 εὑρεθήσεται
3079 3815 3245 3868 πάλιν
3271 3815 3498 3881 κείμενον
3523 3811 3594 3862 καὶ

2073 3903 2132 3954 τδ
2157 3902 2435 3972 γλώσσῃσι
2471 3904 2767 3974 ποιητικῶς
2797 3903 2994 3958 Ἰώνων
3039 3906 3329 3975 διαλέκτῳ.
3381 3899 3472 3955 Οἷα
3509 3904 3592 3967 γὰρ

2073 3994 2351 4058 ἐποποιὸς,
2383 3997 2624 4065 ὀχλεῐται
2654 3999 2751 4050 καὶ
2779 3997 2957 4062 λέξεσι
2997 3998 3239 4068 χρῆσθαι
3282 3996 3458 4055 ὁποίας
3508 3989 3593 4044 οἶδε

2075 4083 2303 4154 φιλεῖνὴ
2355 4087 2568 4154 ποίησις
2597 4101 2612 4116 ’
2647 4089 2870 4157 σημεῖον
2906 4088 2963 4140 δὲ
3019 4089 3181 4157 φέρει
3218 4087 3316 4157 τῆς
3366 4085 3452 4138 τοῦ
3495 4080 3595 4134 Υἱοῦ

2077 4175 2281 4243 φύτλης
2309 4175 2369 4226 τὸ
2401 4175 2556 4242 ἅγιον
2585 4177 2828 4244 Πνεῦμα,
2862 4178 2960 4245 οὐχ
2991 4178 3055 4229 ἓν
3095 4178 3240 4231 κατὰ
3305 4175 3397 4245 τὴν
3450 4172 3598 4236 ἑνικὴν

2077 4268 2364 4336 προφορὰν
2395 4267 2494 4335 τῆς
2523 4268 2920 4337 ἁκροστιχίδος,
2951 4269 3097 4321 ἀλλὰ
3131 4268 3384 4337 διάφορα,
3406 4262 3503 4318 οἷον
3526 4265 3598 4326 τὴν

2077 4357 2357 4424 estea».
2400 4357 2696 4428 Ἠλήθευσε
2735 4359 2842 4428 γὰρ
2871 4361 2898 4411 ό
2931 4359 3032 4430 τῆς
3099 4361 3360 4430 ἀληθείας
3406 4355 3598 4427 χορηγὸς

2079 4451 2252 4518 Λόγος
2287 4451 2655 4521 ὑποσχόμενος
2685 4453 2898 4522 πέμψαι
2954 4453 3016 4506 τὸ
3039 4455 3142 4523 τῆς
3175 4451 3426 4520 ἀληθείας
3479 4448 3601 4512 ἅγιον

2081 4545 2324 4613 Πνεῦμα,
2357 4544 2448 4614 τὴν
2479 4545 2663 4611 φιλίαν
2696 4548 2759 4614 ἣν
2791 4546 3000 4613 ἔφυασε
3045 4549 3197 4616 σχεῖν
3238 4545 3331 4597 ἐπὶ
3371 4545 3470 4603 τοῖς
3519 4557 3597 4613 pa-

2079 4639 2293 4707 θηταῖς.
2333 4636 2423 4700 οὓς
2455 4641 2546 4690 καὶ
2578 4638 2639 4690 τὸ
2676 4638 2829 4705 ἆγιον
2887 4639 3115 4708 Πνεῦμα
3179 4637 3507 4704 συνειρίὶησε,
3555 4630 3601 4681 τὸ

2077 4732 2171 4782 καὶ
2207 4731 2432 4798 σοφίσαν
2461 4729 2700 4792 ἐκείνους
2729 4730 2801 4792 ὡς
2841 4730 3066 4798 Πνεῦμα
3116 4729 3328 4797 σοφίας.
3373 4727 3482 4779 "Eu
3527 4739 3603 4787 σηο

2081 4822 2232 4889 μεῖον
2259 4814 2320 4872 οὗ
2354 4819 2551 4888 ἔφανεν
2587 4820 2762 4874 καὶτὸ
2791 4820 3038 4889 συμφυὲς
3102 4821 3284 4892 Πατρὶ
3331 4819 3421 4871 καὶ
3472 4811 3606 4867 Ilvati—

2079 4930 2232 4982 ματι,
2261 4913 2318 4965 τὸ
2355 4914 2815 4982 συμφωτιστικὸν,
2869 4915 2929 4966 τὸ
2953 4912 3403 4982 συναγιαστικδν,
3449 4907 3605 4973 τὸτῆς
3643 4889 3652 4900 ’

2076 5007 2295 5074 χάριτος
2333 5007 2825 5075 συμμεταδοτικὸν,
2855 5007 2924 5077 ἢν
2955 5007 3170 5060 ὲκείοεν
3208 5008 3332 5076 ἥκει
3390 5004 3533 5070 φέρον
3559 4999 3606 5046 τὸ

2077 5101 2232 5167 ἆγιον
2266 5098 2488 5168 Πνεῦμα
2516 5097 2705 5167 ὥσπερ
2726 5098 2845 5150 τότε
2877 5098 2988 5160 τοῖς
3012 5097 3111 5149 καὶ
3142 5097 3396 5165 μύσταις,
3430 5094 3512 5142 sui.
3532 5087 3608 5138 αὗ-

2070 5192 2198 5246 τίκα
2229 5192 2593 5261 μυστηπόλοις
2615 5191 2724 5243 τῶν
2746 5190 2936 5252 ἐθνῶν,
2959 5188 3105 5242 οὕτω
3135 5190 3231 5241 καί
3262 5187 3357 5240 νῦν
3377 5187 3495 5254 ἡμῖν
3520 5181 3608 5238 τοῖς

2069 5285 2456 5352 πνευματικοῖς
2485 5281 2829 5352 ὑμνοπόλοις,
2869 5283 2896 5334 ὅ
2946 5283 3095 5334 ἔστιν
3150 5273 3609 5348 ἀναστρεφομένοις

2067 5378 2195 5444 περὶ
2223 5373 2422 5442 ὕμνους
2451 5390 2465 5404 ο
2488 5375 2644 5426 τοῦτο
2665 5374 2721 5425 δὲ
2745 5373 2805 5425 τὸ
2827 5373 3028 5439 ἀγαθὸν
3055 5373 3155 5424 καὶ
3182 5373 3265 5434 είς
3299 5372 3494 5426 πάντας
3520 5363 3611 5414 62:1-

2071 5467 2242 5517 σαίνει
2267 5466 2391 5528 τοὺς
2423 5464 2517 5517 τοῦ
2541 5465 2672 5518 Θεοῦ
2702 5466 2947 5535 ὑμνητάς
2968 5479 2982 5494 ⁶
3017 5463 3103 5526 οἷς
3133 5465 3160 5515 ό
3190 5461 3428 5532 μελῳδῖις
3459 5451 3612 5518 δεξιὰ

2074 5555 2266 5608 ἑαυτὸν
2303 5554 2412 5606 ἰδοὺ
2444 5553 2865 5623 συμπαρὲμιξεν
2912 5555 3004 5605 ἐπὶ
3040 5549 3380 5621 συμμεθέξει
3420 5548 3504 5612 τῆς
3541 5542 3613 5608 χά·

2061 5659 2240 5714 ’ριτοςο
2261 5647 2559 5714 σκοπητὲον
2587 5645 2642 5697 δὲ
2686 5647 2843 5713 εἰπερ
2887 5643 2946 5696 τὸ
2973 5643 3140 5712 φέρον
3203 5641 3450 5708 θεότητος
3478 5631 3614 5686 ἀεὶ.ου

2074 5737 2246 5807 σῆμα,
2276 5738 2566 5806 δυνήσεται
2599 5736 2787 5805 καὶτῷ
2817 5737 2957 5806 λόγῳ
2980 5735 3372 5806 προσαρμόσαι
3403 5730 3527 5781 κατὰ
3547 5723 3616 5774 εὖ.

2069 5829 2219 5882 Θείαν
2233 5829 2456 5897 ἄρσενος
2486 5827 2740 5896 μετοχῆς,
2767 5828 2855 5880 ἶνα
2883 5827 3114 5896 λέγηται
3141 5830 3170 5877 ὁ
3202 5823 3330 5886 Υἱὸς
3375 5820 3516 5888 ἄγειν
3548 5811 3616 5862 tibi

2081 5922 2172 5974 τοῦ
2212 5922 2367 5990 ἁγίου
2393 5921 2707 5991 Πηύματος
2732 5922 2862 5990 ἡμῖν
2895 5921 3044 5989 σῆμα
3067 5919 3170 5988 τῆς
3199 5913 3392 5970 ἑαυτοῦ
3412 5910 3617 5980 etiach-
