3840 6544
156 419 235 480 521
939 420 1022 480 ΙΝ
1068 424 1410 487 IIYMNUM
1442 428 2103 499 PENTECOSTALEM
2140 439 2600 509 DAMASCENI.

3266 458 3371 519 5:32

208 535 318 587 Ὅτι
346 534 398 586 δὲ
431 533 600 606 φύτλη
624 534 684 586 οὗ
713 535 873 606 μόνον
906 540 937 609 ἠ
973 557 1153 608 φυσις,
1182 542 1258 606 ὡς
1298 544 1517 616 εἴρηται
1544 550 1668 603 κατέ

1860 551 2016 619 Quod
2043 564 2224 613 autem
2250 558 2425 631 φὺτλη
2445 576 2550 617 non
2586 562 2759 621 solum
2789 575 3009 645 natura,
3057 578 3116 625 ut
3160 573 3370 633 dictum

150 630 225 682 τὸν
273 627 563 697 ἐξηγητὴν.
595 628 732 682 ἀλλὰ
784 632 879 684 καὶ
916 633 950 703 ἡ
990 633 1265 704 γέννησις,
1304 640 1540 709 φανερόν
1575 643 1693 696 ἐστι

150 720 317 781 κοινῶς
341 735 352 746 ’
380 722 473 772 καὶ
504 721 619 773 ἐστι
652 722 936 796 προσφυὴς
982 727 1016 797 ἡ
1041 727 1267 800 τοιαύτη
1310 734 1561 801 σημασία
1598 735 1694 788 ἐπὶ

149 811 225 863 τοῦ
246 810 365 863 Υἱοῦ
396 810 472 872 ὡς
529 814 814 881 γεννητοῦ,
848 816 916 869 δι’
959 815 1022 872 οὒ
1057 819 1116 872 τὸ
1169 820 1395 891 Πνεῦμα
1424 823 1486 877 τὸ
1534 826 1693 894 ἅγιον

150 902 260 970 ἡμῖν
287 902 557 971 ἐπιφοιτᾷ.
588 904 759 973 Δῆλον
782 905 837 957 δὲ
862 904 939 969 ὡς
966 909 1031 960 ὲκ
1051 910 1151 977 τῆς
1179 910 1435 980 τοιαύτης
1460 913 1688 985 φύτλης,

149 992 273 1047 καὶό
302 992 384 1046 διὰ
412 993 507 1046 τοῦ
538 1012 566 1046 υ
598 993 847 1065 διχρόνου
882 1001 1298 1071 προφερόμενος
1346 1003 1692 1075 ὲξωτερικῶς

153 1084 392 1151 παρῆκται
423 1083 768 1154 φυτὰλιμοςο
815 1086 1102 1157 γινόμενος
1141 1090 1243 1159 μὲν
1288 1091 1382 1145 καὶ
1430 1095 1582 1164 παρὰ
1629 1096 1690 1149 τὸ

149 1173 260 1240 ,φυτὰ
282 1172 535 1227 τίλλεσθαι
566 1178 764 1241 ποιεῖν,
791 1179 1029 1247 μάλιστα
1061 1180 1120 1235 δὲ
1147 1182 1298 1252 παρὰ
1328 1183 1428 1255 τὴν
1457 1184 1686 1256 φύτλην,

148 1265 215 1317 ίνα
309 1262 366 1328 ἐξ
407 1266 582 1336 αὐτῆς
628 1270 953 1340 φυτλὰμιος,
990 1273 1083 1326 καὶ
1134 1274 1423 1342 μεταθέσει
1467 1279 1690 1345 φυταλι-

146 1369 257 1425 μος’
300 1355 371 1419 ὡς
417 1350 508 1411 οἷά
531 1377 617 1423 τις
671 1364 854 1435 πατὴρ
887 1366 979 1419 καὶ
1019 1365 1192 1431 οὕτως
1225 1367 1400 1432 αἴτιος
1425 1370 1519 1424 τοῦ
1555 1371 1683 1441 φύει

145 1446 432 1518 σθαι,ῆτις
471 1449 655 1507 ἔννοια
699 1456 793 1509 καὶ
839 1457 931 1511 τὸν
976 1459 1320 1529 φυτοσπόρον
1376 1461 1682 1533 ὠνόμασεν.

143 1538 297 1604 Οὕτως
355 1541 411 1595 δὲ
450 1546 549 1597 καὶ
597 1546 696 1617 τῆς
750 1549 1131 1621 ἁκροστιχίδος
1191 1553 1681 1627 διεσκευασμένης,

142 1633 235 1702 (Bp:
267 1633 453 1706 μέχρις
485 1631 589 1693 ὧδε
638 1641 979 1712 καταστῆναι
1032 1645 1099 1697 τὰ
1132 1646 1238 1714 πρὸ
1283 1647 1379 1701 τοῦ
1434 1648 1682 1717 κανόνος,

142 1724 209 1777 ἵνα
230 1727 468 1781 ἐντεῦθεν
505 1732 587 1792 είς
617 1732 823 1786 ἐκεῖνον
854 1735 1124 1807 μεταϐαίη
1168 1739 1197 1790 ὁ
1226 1738 1382 1806 λόγος
1412 1741 1542 1811 ἡμῖν
1578 1760 1684 1795 πα-

142 1818 593 1888 ρασημῃναμένοις
627 1822 703 1885 ὡς
736 1823 1075 1896 πλημμελῶς
1107 1829 1327 1898 ἐνιαχοῦ
1360 1829 1389 1880 ό
1442 1832 1679 1895 τοιοῦτος

140 1906 229 1975 ἔχει
260 1909 454 1977 κανὼν,
486 1912 575 1966 διὰ
594 1916 654 1967 τὸ
674 1914 779 1969 τῶν
809 1918 1162 1989 ἀντιγράφων
1189 1923 1249 1974 ὲκ
1292 1923 1509 1992 μακροῦ
1551 1926 1684 1994 ὲφά-
1717 1916 1756 1971 Β

145 2016 333 2068 μαρτον,
358 2002 433 2065 ὡς
469 2004 530 2055 ἐν
561 2007 674 2068 τοῖς
700 2006 830 2077 ἑξῆς
862 2012 1141 2078 φανεῖται.

470 2096 688 2165 Εἱρμὸς
718 2099 828 2167 τῆς
860 2100 1024 2169 ᾠδῆς
1052 2103 1311 2173 πρώτης.

206 2184 355 2255 Ἀρχὴ
407 2188 513 2257 τῆς
572 2188 667 2241 τοῦ
725 2191 1023 2262 εἰρημένου
1074 2196 1295 2258 κανόνος
1346 2198 1682 2270 ἐξηγήσεως,

142 2276 243 2342 ἦχον
271 2276 364 2345 μὲν
383 2276 544 2341 ὄντος
566 2280 827 2352 τετάρτου
852 2283 947 2337 τοῦ
974 2285 1116 2337 κατὰ
1138 2287 1263 2350 τοὺς
1293 2288 1526 2358 ᾠδικοὺς
1552 2307 1682 2360 μους

144 2368 403 2421 σικωτάτου
461 2371 563 2423 καὶ
611 2375 923 2443 χοροποιοῦ,
981 2372 1385 2450 μεμελισμένόυ
1438 2382 1494 2435 δὲ
1547 2382 1682 2451 πρὸς

141 2458 327 2527 είρμούς
375 2462 511 2524 τοὺς
547 2462 1058 2535 ὑποτεταγμένουςο
1092 2467 1171 2533 οἷς
1206 2472 1409 2545 δηλαδὴ
1456 2473 1682 2528 ἀκολοῦο

140 2548 220 2611 Θως
252 2553 339 2605 καὶ
369 2553 439 2606 τὰ
479 2552 573 2623 ὑφ’
611 2554 828 2627 ἑκάστῳ
863 2559 1208 2628 συνείρονται
1237 2564 1535 2634 τροπάρια.

220 2644 259 2698 Ι.
284 2644 417 2714 Θείῳ
448 2647 749 2716 καλυφοεὶς
776 2650 803 2702 ό
840 2648 1258 2720 βραδῦγ).ωσσος
1278 2656 1464 2726 γνόφῳ

290 2736 689 2807 Ἐῥρητόρευσε
711 2739 803 2792 τὸν
832 2740 1136 2814 θεόγραφον
1174 2746 1361 2815 νόμον.

295 2829 433 2885 Ἵλὺν
462 2833 574 2904 γὰρ
606 2834 1170 2907 ἃκτινάξας’ὅμματος
1198 2841 1343 2904 νόου,

294 2922 425 2997 ⁸0ρᾷ
446 2927 541 2979 τὸν
565 2927 721 2993 ὄντα,
750 2930 845 2984 καὶ
874 2933 1091 2999 μυεῖται
1126 2933 1265 2987 Πνεό
1275 2953 1441 3004 ματος

282 3013 492 3068 Γνῶσιν
521 3019 799 3090 γεραίρων
826 3019 1030 3086 ἐνθέοις
1052 3025 1163 3088 τοῖς
1203 3023 1464 3095 ᾅσμασιν.

721 3111 1062 3182 Ἔρμηνεία.

194 3207 251 3253 α’.
278 3202 621 3267 Κανονικὼς,
653 3202 726 3267 ὡς
750 3205 926 3258 εἰπεῖν
952 3206 1283 3275 μεθοδεύσας
1307 3209 1399 3262 τὸν
1432 3212 1676 3283 παρόντα

134 3292 286 3363 εἱρμὸν
314 3294 419 3364 τῆς
441 3295 665 3365 πρώτης
695 3293 837 3366 ᾠδῆς
865 3299 893 3349 ὁ
924 3297 1088 3367 σοφός
1118 3301 1352 3373 ποιητὴς
1399 3301 1672 3375 Ἰωάννης,
1701 3288 1746 3347 c

134 3384 268 3449 ὅςτις
296 3389 417 3441 ποτ’
450 3387 519 3440 ἂν
559 3388 652 3441 καὶ
695 3387 780 3458 εἴη
840 3383 1017 3454 οὗτος,
1052 3390 1110 3443 οὐ
1144 3393 1307 3461 μόνον
1351 3395 1416 3447 ἐκ
1450 3395 1549 3465 τῆς
1576 3397 1672 3449 τοῦ

135 3474 249 3544 ᾅδειν
271 3477 467 3545 λέξεως
494 3480 896 3551 χαρακτηρίζει
930 3483 1115 3550 αὑτὸν,
1152 3480 1221 3556 ἦς
1255 3485 1415 3556 χάριν
1463 3487 1671 3559 ᾠκειω-

136 3570 272 3641 μένης
298 3576 364 3643 τῇ
391 3574 585 3645 πρώτῃ
614 3574 751 3647 ᾠδῇ,
774 3577 1141 3647 παρεισῆκται
1157 3579 1217 3631 τὸ
1245 3574 1398 3650 ᾆσμα
1416 3580 1671 3650 κείμενον

134 3658 177 3709 ὲν
198 3661 280 3731 τῷ,
312 3665 624 3732 Γεραίρων
660 3666 895 3733 ἐνθέοις
928 3666 1055 3733 τοῖς
1091 3666 1386 3737 ᾅσμασιν,
1411 3672 1546 3725 ἀλλὰ
1576 3675 1670 3726 καὶ

133 3752 262 3805 αὐτὸν
291 3755 385 3807 τὸν
425 3757 725 3829 νομοθέτην
778 3759 963 3829 μόνον,
1007 3759 1140 3830 ῦλην
1170 3765 1405 3816 ποιεῖται
1435 3762 1529 3816 τοῦ
1557 3766 1671 3836 εἱρ-

136 3846 386 3915 μολογικοῦ
418 3851 639 3920 μέλους,
666 3851 841 3916 ἄλλως
872 3854 975 3924 μέν
1015 3870 1096 3907 τοι
1135 3857 1287 3926 παρὰ
1318 3855 1378 3909 τὸ
1412 3857 1663 3929 σύνηθες.

132 3938 188 3988 Οὐ
227 3941 322 4011 γάρ
368 3959 419 3995 τι
448 3942 739 4014 ὲρυθραῖον
779 3945 914 4009 ὅλως
944 3946 1178 4001 ἐνταῦθα
1215 3948 1247 4019 ἢ
1281 3948 1658 4017 Αἰγυπτιακόν

131 4032 434 4095 ταραπλέκει
460 4033 681 4103 θαῦμα·
717 4035 788 4088 τὰ
819 4036 917 4103 τῆς
951 4036 1147 4107 ἑορτῆς
1190 4038 1247 4091 δὲ
1284 4039 1662 4110 παρεμϐαλὼν

129 4117 198 4170 τοῦ
216 4121 358 4189 ἁγίου
389 4124 706 4195 Πνεῦματος
733 4128 1092 4197 ἀσυμφανῶς,
1116 4130 1285 4199 ῆγουν
1318 4133 1409 4185 τὸν
1438 4134 1664 4205 θεόγρα-

129 4225 203 4275 φον
245 4215 422 4284 νόμον,
456 4210 500 4285 ᾧ
535 4217 826 4289 σύστοιχος
887 4221 981 4273 καὶ
1034 4222 1326 4291 σύμφωνος
1367 4226 1394 4277 ό
1433 4226 1497 4278 ὲκ
1524 4226 1663 4280 Σιὼν

150 4298 503 4376 ξελευσόμενος
542 4308 726 4380 νόμος,
773 4310 849 4373 ὡς
895 4312 954 4364 ὲν
999 4315 1114 4377 τοῖς
1161 4314 1285 4385 ἑξῆς
1338 4317 1658 4387 εἰρήσεται·

127 4394 197 4445 καὶ
223 4397 307 4469 την
339 4400 431 4455 τοῦ
459 4401 630 4467 ὅντως
654 4404 846 4473 ὅρασιν
876 4406 966 4460 διὰ
1021 4409 1405 4479 πνευματικῆς
1444 4409 1660 4466 ἀποκα-

124 4482 299 4555 λύψεως
334 4495 493 4546 ὁποία
527 4496 626 4548 καὶ
681 4497 796 4559 τοῖς
824 4496 1004 4564 ἁγίοις
1051 4498 1378 4560 ἀποστόλοις
1411 4501 1657 4571 σήμερον

123 4575 390 4650 ἐπεγένετο,
442 4586 538 4638 καὶ
568 4586 665 4657 τὴν
692 4585 786 4639 τοῦ
823 4588 1139 4659 Πνεῦματος
1172 4590 1381 4658 γνῶσιν
1403 4594 1654 4664 προθεω-

125 4670 340 4737 ρηθείσαν
374 4677 582 4740 ἔκτοτε,
612 4677 687 4741 ὡς
738 4677 858 4749 μετ’
889 4677 1044 4749 ὀλίγα
1102 4681 1339 4750 λέξεται,
1371 4684 1653 4755 φιλοσοφεί

123 4760 193 4811 ἐπὶ
220 4765 283 4832 τῷ
312 4769 569 4843 προφήτῃ
592 4767 686 4823 οἷα
718 4774 1164 4846 πνευμαφορήτῳ
1198 4775 1267 4829 τὰ
1293 4776 1610 4848 καθήκοντα
1634 4796 1648 4811 ο

122 4846 213 4901 ἐστι
232 4852 278 4906 δὲ
306 4856 333 4909 ὅ
363 4857 563 4926 μέλπει
593 4859 864 4913 τοιοῦτοψ
896 4862 1159 4935 Μωῦσῆς,
1185 4864 1212 4917 ὃ
1248 4846 1447 4936 μικροῦ
1469 4867 1652 4936 λέγειν

120 4940 218 5006 δέω,
246 4949 355 5013 νοῦς
386 4953 531 5013 Gaio;
563 4954 655 5005 καὶ
688 4952 786 5025 τὴν
814 4956 1003 5024 σοφίαν
1044 4959 1318 5025 περιττὸς,
1348 4959 1523 5026 ἄλλως
1554 4960 1653 5031 μέν

120 5044 183 5080 τοι
227 5033 650 5108 βραδὺγλωσσος,
675 5045 736 5097 οὐ
772 5046 965 5116 νεφέλη
1012 5052 1287 5119 σιναῖτικῇ
1318 5049 1653 5115 σκεπασθεὶς

121 5122 286 5194 ἁπλῶς,
327 5134 461 5185 ἀλλὰ
505 5136 691 5206 γνόφῳ
727 5138 1025 5205 πυκάζοντι
1078 5141 1231 5212 θείῳ,
1285 5144 1653 5215 ἐρῤητόρευσε

121 5212 249 5281 νόμον
286 5225 488 5276 ἐκεῖνον
545 5226 639 5278 τὸν
680 5229 1004 5299 περίκλυτον
1062 5232 1153 5286 διὰ
1213 5233 1275 5285 τὸ
1323 5212 1650 5305 θεόνγραφον,

117 5303 568 5387 ἀστραπηεολήσας
625 5316 736 5373 οἷον
786 5324 995 5377 ἐκεῖθεν
1032 5326 1121 5379 τὸν
1170 5327 1333 5398 μέχρι
1386 5303 1482 5382 καλ.
1522 5303 1644 5381 τότε

118 5407 449 5475 κρυπτόμενον
476 5426 490 5439 ·
523 5411 557 5483 ἢ
611 5414 707 5465 καὶ
753 5412 948 5482 ἄλλως,
979 5419 1224 5487 ἐκφήνας
1253 5420 1327 5482 ὠς
1357 5422 1407 5473 εί
1453 5422 1547 5475 καὶ
1586 5423 1651 5475 ἐκ

114 5486 235 5546 λίθου
282 5502 557 5571 πυρίτιδος
622 5506 741 5574 φῶς
796 5507 958 5571 αὐτὸς
1009 5486 1227 5580 πρῶτος
1274 5511 1492 5582 ἔφηνεν»
1527 5511 1556 5563 δ
1587 5512 1651 5584 δὴ

114 5579 311 5658 λέγεται,
357 5595 596 5664 ἄφαντον
628 5599 737 5662 τοῖς
793 5599 934 5675 μήτε
991 5602 1187 5667 ἰδοῦσι,
1256 5606 1394 5675 μήτε
1448 5605 1650 5658 εἰδόσιν

118 5675 239 5734 αὐτό.

174 5769 227 5838 β’·
246 5777 299 5831 Εἰ
318 5779 369 5835 δὲ
388 5782 599 5851 ξενίζον
615 5785 762 5840 δοκεῖ
779 5788 1066 5858 ἄνθρωπον
1086 5789 1645 5862 ὑπογραμματεῦσαι,

116 5857 265 5931 iiii»;
279 5872 527 5946 ὁμιλῆσαι
550 5879 625 5948 τῷ
639 5881 877 5951 ἀοράτῳ,
891 5857 994 5936 καὶ⁸
1005 5857 1244 5955 ἀναιδὲίμ
1256 5857 1648 5958 καὶ-ἀπροσίτιρ

390 5980 661 6043 Panos.
707 5984 823 6047 Gn.
873 5984 1195 6049 CXXXVI.

1795 649 1878 697 est
1906 646 2208 702 secundum
2232 648 2606 722 interpretem,
2632 657 2729 710 sed
2758 666 2812 713 et
2835 659 2989 730 origo
3012 662 3104 727 sit,
3138 666 3372 724 evidens
3468 684 3480 712 η

1795 743 1914 802 est;
1942 745 1999 792 et
2032 741 2299 798 naturalis
2328 754 2413 799 est
2446 745 2561 802 haec
2593 748 2919 819 significatio
2946 754 3012 808 de
3044 753 3181 811 Filio
3209 760 3371 829 quasi

1795 828 2019 895 genito,
2067 845 2164 900 per
2212 848 2375 905 quem
2428 838 2588 896 nobis
2628 840 2868 911 Spiritus
2925 860 3151 905 sanctus
3199 828 3369 909 venit.

1796 917 2030 977 Evidens
2053 931 2137 977 est
2170 935 2353 982 autem
2383 927 2546 999 {quod
2597 947 2663 987 ex
2716 934 2822 990 ista
2876 952 3008 994 voce
3067 940 3241 1013 φύτλη
3271 944 3372 999 de-

1793 1010 2017 1067 ductum
2067 1023 2151 1071 est
2197 1019 2421 1075 verbum
2474 1025 2778 1096 φυτάλιμος
2836 1030 3105 1099 prolatum
3160 1010 3369 1106 vulgari

1793 1103 1955 1161 modo
1986 1122 2080 1177 per
2110 1124 2336 1182 anceps;
2379 1115 2678 1173 derivatum
2712 1135 2777 1176 ex
2819 1126 3001 1182 radice
3033 1143 3155 1199 quae
3196 1131 3370 1201 signi-

1795 1195 1938 1261 licat,
1959 1198 2139 1257 facere
2169 1213 2228 1257 ut
2261 1218 2514 1263 crescant
2541 1210 2761 1279 plantae,
2796 1217 3031 1274 maxime
3077 1236 3107 1274 a
3167 1224 3364 1294 φύτλη,

1791 1287 1865 1342 ita
1905 1298 1965 1344 ut
2012 1291 2138 1348 inde
2182 1294 2269 1349 fiat
2307 1299 2613 1370 φυτλάμιος
2672 1315 2726 1361 et
2765 1322 2890 1363 cum
2940 1287 3368 1382 transposition'e

1792 1380 2094 1452 φυτάλμιος
2118 1402 2132 1449 ;
2175 1391 2333 1457 quasi
2360 1395 2509 1462 .quis
2540 1406 2694 1466 pater
2722 1401 2814 1466 sit,
2839 1413 2891 1457 et
2917 1404 2997 1460 sic
3024 1380 3193 1462 causa
3245 1424 3364 1465 cre-

1789 1475 1998 1540 scendi,
2038 1478 2180 1533 unde
2212 1483 2362 1537 venit
2390 1500 2588 1542 nomen
2640 1495 3001 1565 φυτοσπόρος.
3043 1498 3243 1554 Verum
3283 1503 3366 1556 sic

1788 1565 2054 1624 adornata
2098 1574 2486 1645 acrostichide,
2538 1590 2751 1652 tempus
2795 1597 2874 1643 est
2928 1597 2986 1642 ut
3032 1590 3120 1646 hic
3162 1592 3367 1650 sistant

1787 1674 1909 1729 quae
1940 1674 2181 1732 praeeunt
2212 1667 2433 1738 hymno,
2480 1683 2539 1728 ut
2578 1676 2776 1732 exinde
2822 1680 2876 1735 in
2907 1695 3027 1735 eum
3058 1684 3241 1742 veniat
3262 1703 3363 1743 no-

1787 1749 1873 1805 bis
1896 1766 2098 1821 sermo,
2116 1758 2209 1825 qui
2231 1762 2542 1820 notavimus
2567 1769 3222 1846 mendosumquandoque
3240 1793 3363 1834 esse

1787 1842 2049 1915 hymnum
2092 1852 2257 1919 hunc,
2290 1870 2357 1910 ex
2396 1858 2741 1929 antiquorum
2776 1842 2934 1935 culpa
2983 1842 3359 1938 librariorum,

1788 1944 1845 1990 ut
1878 1953 1941 1992 ex
1973 1946 2327 2011 sequentibus
2354 1952 2583 2017 patebit.

2281 2118 2500 2177 Hirmus
2523 2126 2710 2191 prima
2735 2128 2873 2183 adre.

1857 2201 2081 2260 Initium
2147 2206 2620 2280 interpretationis
2713 2221 2956 2289 praedicti
3043 2224 3251 2295 hymni,
3327 2242 3361 2283 ε

1787 2303 1980 2363 quarto
2010 2305 2162 2365 tono,
2194 2303 2441 2358 omnium
2468 2296 2880 2378 elegantissimo
2916 2322 2969 2369 et
3009 2316 3195 2373 choris
3223 2332 3357 2374 con-

1786 2398 2035 2457 gruente,
2080 2392 2359 2450 modulato
2390 2414 2491 2468 pro
2527 2401 2900 2461 subordinatis
2936 2407 3167 2476 hirmis,
3213 2426 3359 2482 quos

1786 2478 1980 2536 deinde
2009 2495 2311 2554 sequuntur
2337 2490 2597 2548 subnexa
2626 2494 2857 2563 singulis
2888 2500 3151 2569 strophzc.

2036 2661 2227 2719 Divina
2262 2672 2440 2725 tectus
2472 2672 2814 2745 tardiliuguis
2838 2678 3059 2743 nebula,

1962 2750 2225 2811 Elocutus
2255 2768 2342 2814 est
2375 2775 2405 2815 a
2436 2761 2547 2817 Deo
2572 2766 2832 2835 scriptam
2870 2770 3041 2841 legem
3066 2790 3083 2827 :

1962 2841 2189 2902 Materia
2217 2850 2362 2905 enim
2393 2853 2632 2924 abjecta,
2667 2860 2844 2917 oculis
2876 2864 3077 2921 mentis

1967 2932 2161 2992 Videre
2185 2953 2309 2994 eum
2341 2942 2436 3011 qui
2463 2955 2543 2999 est
2576 2947 2764 3014 discit,
2800 2950 3041 3021 Spiritus

1958 3024 2336 3097 Cognitionem
2378 3035 2610 3093 laudans
2639 3040 2840 3098 divinis
2869 3048 3145 3105 cautibus.

2375 3149 2771 3223 Interpretatio.

1853 3233 1905 3288 l.
1948 3234 2312 3307 Regulariter,
2345 3252 2401 3296 ut
2434 3244 2511 3299 ita
2559 3248 2757 3315 dicam,
2795 3261 3076 3311 tractatam
3115 3275 3355 3328 praesen-

1784 3334 1888 3379 tem
1926 3328 2091 3396 primi
2125 3330 2311 3402 hymni
2358 3337 2617 3407 strophen
2649 3340 2846 3397 doctus
2895 3355 3053 3414 poeta
3086 3349 3352 3424 Joannes,

1775 3418 2028 3488 quisquis
2073 3422 2295 3488 sit,uon
2346 3428 2522 3484 solum
2568 3446 2636 3486 ex
2695 3434 2865 3490 verbo
2914 3437 3062 3509 ᾄδειν
3102 3442 3351 3514 insignit,

1774 3508 1928 3577 cujus
1956 3514 2129 3583 gratia
2160 3517 2391 3585 primam
2439 3523 2699 3592 strophen
2749 3508 3034 3597 formavit,
3071 3533 3355 3593 introduc-

1775 3607 1862 3652 tus
1887 3610 1972 3655 est
1995 3612 2190 3659 cantus
2218 3606 2304 3662 his
2331 3609 2514 3666 verbis
2543 3633 2555 3666 :
2590 3611 2821 3670 laudans
2856 3620 3052 3676 divinis
3079 3626 3349 3692 cantibus;

1770 3691 1865 3746 sed
1904 3704 1957 3748 et
2004 3696 2182 3764 ipsum
2233 3700 2604 3769 lcgislatorem
2649 3710 2827 3764 solum
2882 3715 3164 3770 materiam
3218 3718 3353 3776 facit

1771 3784 1966 3852 poetici
1989 3788 2196 3857 operis,
2233 3791 2392 3850 aliter
2424 3805 2607 3852 autem
2638 3814 2804 3870 quam
2838 3802 2945 3858 fert
2976 3814 3345 3870 consuetudo.

1768 3872 1886 3931 Non
1927 3878 2072 3933 enim
2110 3883 2339 3940 omnino
2371 3887 2540 3945 maris
2575 3890 2748 3947 Rubri
2789 3895 2872 3950 vel
2905 3895 3126 3969 Ᾱῑεγριί
3174 3902 3345 3957 mira-

1767 3970 1890 4024 cula
1931 3970 2017 4026 hic
2065 3972 2325 4043 intexuit,
2392 3979 2490 4035 sed
2548 3980 2735 4038 furtim
2783 3985 3143 4048 iutroduccns
3218 4010 3344 4065 quae

1767 4058 1909 4117 festo
1958 4062 2199 4134 Spiritus
2244 4071 2421 4127 sancti
2468 4087 2799 4146 congruunt,
2850 4080 3097 4138 divinam
3144 4058 3343 4158 nempe

1765 4151 1961 4222 legem,
1991 4157 2079 4211 cui
2127 4173 2356 4231 compar
2395 4173 2450 4219 et
2480 4179 2723 4222 consona
2752 4180 2839 4225 est
2866 4170 2953 4228 lex
2985 4189 3049 4229 ex
3078 4175 3210 4233 Sion
3234 4184 3348 4235 ori-

1766 4250 1910 4311 tura,
1942 4248 2088 4304 sicut
2128 4261 2313 4321 postea
2367 4254 2606 4323 dicetur,
2639 4260 2807 4319 simul
2840 4273 2893 4320 et
2943 4264 3039 4323 Dei
3072 4270 3345 4328 visionem

1762 4353 1860 4410 per
1910 4342 2300 4401 revelationem
2333 4347 2599 4418 Spiritus,
2635 4353 2816 4422 qualis
2856 4364 2912 4411 et
2956 4361 3167 4418 sanctis
3197 4376 3337 4434 apo-

1761 4433 1921 4490 stolis
1952 4432 2117 4492 hodie
2144 4435 2292 4493 facta
2322 4447 2438 4507 est,
2469 4450 2527 4496 et
2574 4441 2815 4513 Spiritus
2856 4432 3247 4520 cognitionem
3269 4470 3339 4513 ex

1763 4532 1891 4580 tunc
1923 4525 2223 4596 praebitam,
2276 4540 2334 4585 ut
2383 4546 2510 4588 mox
2561 4534 2812 4604 dicetur,
2846 4539 3072 4597 disserit
3097 4543 3168 4600 de
3215 4563 3341 4617 pro—

1688 4633 1733 4690 ι)
1759 4616 1926 4686 pheta
1953 4620 2111 4689 quasi
2148 4635 2176 4674 a
2222 4620 2431 4693 Spiritu
2473 4626 2670 4684 edocto
2700 4645 2821 4701 qua:
2854 4631 3075 4691 decent.
3110 4616 3225 4694 Hoc
3256 4651 3344 4696 est

1755 4712 1939 4761 autem
1982 4710 2126 4779 quod
2165 4713 2411 4782 praecinit
2464 4733 2479 4769 :
2544 4717 2756 4791 Moyses
2798 4721 2970 4792 (quod
3015 4726 3102 4781 vix
3155 4729 3342 4787 dicere

1754 4813 1982 4857 necesse
2033 4805 2165 4873 est),
2209 4820 2364 4862 mens
2419 4809 2621 4875 divina,
2652 4822 2709 4867 et
2757 4814 2809 4868 in
2852 4819 3121 4887 sapientia
3152 4825 3340 4878 excel-

1754 4889 1893 4956 lens,
1930 4903 2188 4950 caeterum
2231 4897 2416 4969 lingua
2456 4902 2665 4968 tardus,
2697 4920 2807 4960 non
2842 4910 3038 4965 nebula
3075 4912 3341 4972 Sinaitica

1754 4993 2051 5053 coopertus
2108 4987 2451 5058 simpliciter,
2514 4996 2607 5049 sed
2665 4998 3003 5057 circumfusa
3056 5008 3200 5063 nube
3252 5010 3335 5064 tli-

1755 5074 1903 5142 vina,
1948 5076 2093 5131 illam
2144 5082 2506 5153 promulgavit
2572 5085 2742 5157 legem
2797 5093 3040 5150 omnium
3101 5101 3334 5167 pracla-

1760 5162 2061 5231 rissimani,
2111 5182 2232 5235 qua-
2259 5185 2289 5222 a
2326 5169 2435 5226 Deo
2460 5175 2663 5244 scripta
2701 5188 2805 5246 est,
2835 5162 3140 5252 fulguribus
3176 5188 3336 5246 incu-

1753 5257 1895 5313 tiens
1946 5274 2066 5315 eam
2113 5275 2286 5333 usque
2322 5267 2389 5320 ad
2443 5268 2495 5322 id
2533 5272 2797 5341 temporis
2844 5276 3212 5349 incognitam;
3247 5284 3329 5340 vel

1754 5349 1935 5416 aliter,
1979 5354 2341 5414 manifestans
2386 5362 2544 5431 quasi
2600 5379 2668 5419 ex
2718 5366 2877 5435 igneo
2914 5369 3115 5441 lapide,
3153 5374 3327 5430 lucem

1751 5455 1915 5511 quam
1969 5446 2087 5516 ipse
2135 5450 2345 5518 primus
2382 5455 2645 5522 ostendit,
2687 5475 2812 5529 qua:
2859 5461 3084 5528 dicitur,
3116 5467 3200 5524 his
3232 5469 3325 5539 qui

1752 5547 1853 5589 nec
1882 5534 2140 5591 viderunt
2176 5555 2277 5595 nec
2308 5554 2578 5601 noverunt
2600 5561 2744 5615 eam,
2778 5551 3092 5609 invisibilis.

1820 5801 1876 5857 2.
1911 5801 1968 5858 Si
1997 5813 2176 5860 autem
2233 5806 2538 5866 inauditum
2587 5812 2833 5869 videatur
2886 5815 3168 5879 hominem
3223 5818 3326 5880 Dei

1750 5893 1986 5951 scribam
2006 5896 2279 5956 exstitisse
2301 5900 2386 5958 vel
2402 5904 2626 5959 omnino
2644 5919 3028 5964 conversatum
3058 5927 3178 5970 esse
3197 5928 3323 5971 cum

2903 6006 2975 6070 l7
