3840 6562
229 398 325 460 525

1008 394 1089 453 ΙΝ
1128 394 1474 455 HYMNUM-
1505 391 2161 455 PENTECUSTALEM
2196 389 2647 452 DAMASCENI.

3329 378 3437 442 5:16

224 510 356 564 δοκεῖ
394 504 675 576 ὡρμῆσθαι
701 504 737 575 ἡ
772 503 916 569 λέξις
964 505 1026 557 ἐκ
1057 506 1164 559 τῶν
1196 508 1506 578 Θυρατικῶν
1554 509 1763 576 καλυμ-

1902 507 2109 561 maxime
2162 522 2284 577 qtue
2335 504 2537 561 similia
2581 504 2661 559 sic
2715 500 2920 558 vocatis
2970 499 3205 565 nebulis,
3242 499 3446 555 retium
3548 562 3551 563 ν

227 602 416 673 μάτων,
447 600 541 652 καὶ
574 598 771 668 μᾶλλον
812 597 921 652 τῶν
951 598 1090 653 κατὰ
1119 600 1217 664 τὰς
1248 602 1390 654 οὕτω
1425 601 1769 671 καλουμένοις

222 688 428 756 νεφέλας
457 727 474 752 ,
521 686 715 739 ὁπόσαι
778 687 1113 756 πλεκόμενοι
1170 690 1477 756 δικτυωδῶς
1527 709 1772 745 καταπε-

224 783 490 837 τάννυνται
515 780 800 844 πετεινῶν,
831 783 925 835 καὶ
972 783 1383 855 περιειληφυϊαι
1416 785 1605 856 κύκλῳ
1629 787 1770 839 αὐτὰ

225 872 527 940 κατέχουσιν
559 872 685 936 ἔσω,
717 872 811 926 καὶ
834 870 933 924 οὐκ
979 873 1206 940 ἀφιᾶσιν
1246 873 1672 927 ὲκδιδύσκεσοαι
1710 875 1773 928 τὸ

227 961 632 1034 ἀμφίϐληστρον.
683 962 842 1015 Οὕτω
897 963 1004 1032 γάρ
1038 982 1175 1029 πως,
1220 965 1649 1036 κυριολεκτικῶς
1700 968 1777 1018 εἱ-

226 1056 352 1118 πείν,
386 1054 611 1122 κάτοχος
647 1053 724 1124 τῷ
756 1052 876 1122 Θεῷ
901 1055 1195 1131 γενόμενος
1224 1057 1250 1105 6
1278 1054 1579 1125 καλυφθεὶς
1610 1056 1777 1110 Mani-

227 1146 333 1216 σῆς,
359 1147 473 1208 ὅλος
516 1142 584 1215 ἦν
621 1145 859 1211 ἐκείνου,
892 1147 987 1199 καὶ
1020 1147 1155 1217 πρὸς
1191 1148 1390 1217 ἐκείνῳ
1424 1150 1520 1200 καὶ
1548 1146 1615 1200 δι’
1638 1148 1780 1200 ὲκεί-

224 1256 304 1291 νου
344 1241 557 1309 ἐνήργει
591 1240 656 1291 τὰ
705 1239 1077 1309 κελευόμενον
1112 1240 1366 1295 τοιούτου
1415 1241 1473 1295 δὲ
1504 1241 1777 1311 νοήματος

225 1332 438 1403 ἤρτηται
464 1332 560 1384 καὶ
590 1331 648 1384 τὸ
678 1330 1017 1400 κεκαλύφθαι
1049 1333 1147 1402 μὲν
1171 1332 1271 1402 τὴν
1304 1332 1575 1402 Ἐρυθρὰν
1600 1332 1778 1400 ὕδατι,

227 1420 652 1490 ἀνακαλυφθῆναι
697 1422 753 1474 δὲ
781 1422 849 1474 τά
878 1423 1094 1492 ἐκείνης
1129 1421 1358 1493 θεμέλια
1394 1423 1453 1474 ὲν
1490 1424 1556 1493 τῇ
1589 1421 1780 1475 διαϐά-

228 1530 300 1566 σει
339 1513 426 1565 τοῦ
466 1513 705 1584 Ἰσραήλ.
751 1514 909 1567 Οὕτω
940 1515 1034 1568 καὶ
1070 1514 1261 1578 πόντος
1305 1516 1513 1579 ἐκεῖνος
1543 1514 1636 1566 τὸν
1663 1515 1773 1566 Φα-

1876 601 2050 654 iustar
2077 599 2372 670 implicata,
2406 598 2602 651 avibus
2633 594 3045 665 expantluntur,
3075 603 3131 647 et
3163 593 3215 645 in
3250 607 3446 662 gyrum

1878 688 2213 745 circumacta
2287 706 2380 744 eus
2428 688 2579 743 intus
2602 688 2868 753 detinent,
2898 701 2998 740 nec
3024 685 3166 738 elabi
3201 685 3388 738 sinunt
3419 697 3452 736 ο

1879 780 2129 836 reticulo.
2162 780 2253 835 Sic
2284 796 2435 851 ergo,
2480 791 2540 833 ut
2575 778 2793 848 proprie
2827 777 3028 839 dicam,
3078 790 3106 827 ιι
3141 774 3248 829 Deo
3282 788 3453 829 occu-

1880 884 2041 945 patus
2074 882 2250 930 tectus
2281 873 2513 945 Moyses,
2541 881 2690 927 totus
2725 883 2842 925 erat
2870 871 3012 939 ejus,
3057 879 3109 923 et
3151 883 3251 938 pro
3298 881 3364 922 eo
3399 875 3457 921 et

1882 976 1979 1034 per
2001 980 2127 1018 cum
2149 965 2302 1036 jussa
2335 964 2653 1035 perﬁciebat
2678 963 2794 1034 (tali
2814 963 2982 1017 menti
3011 960 3167 1014 aliine
3198 970 3275 1015 est
3309 961 3456 1029 quod

1883 1070 2035 1110 mare
2083 1054 2333 1111 Rubrum
2369 1058 2516 1110 unda
2565 1063 3038 1125 coopertumest,
3078 1062 3131 1107 et
3186 1051 3456 1122 profunda

1882 1146 2003 1216 ejus
2029 1145 2244 1201 detecta
2278 1157 2405 1200 sunt
2442 1147 2497 1200 in
2544 1147 2782 1202 transitu
2832 1145 3072 1199 ﬁliorum
3130 1143 3334 1205 Israel;
3378 1143 3462 1197 sic

1883 1246 1937 1294 et
1969 1255 2120 1295 mare
2142 1238 2277 1294 illud
2306 1238 2650 1294 Pharaonem
2682 1254 2807 1295 cum
2845 1236 3142 1294 comitibus
3177 1238 3296 1292 suis
3320 1250 3459 1290 eoo-

1889 1330 2130 1400 peruit),
2169 1340 2225 1386 et
2253 1332 2486 1387 revelata
2543 1332 2683 1388 facie
2723 1334 2816 1387 tali
2844 1331 3299 1401 contemplatione
3330 1342 3462 1399 pro-

1886 1421 2088 1490 spicit;
2116 1429 2168 1475 et
2194 1420 2397 1476 detecti
2449 1424 2608 1493 plane
2646 1424 2816 1491 oculi,
2859 1424 2954 1479 tali
2984 1423 3253 1477 velamine
3283 1422 3459 1487 exuti,

1886 1515 2057 1583 aperti
2089 1523 2215 1569 sunt
2247 1524 2304 1569 ut
2335 1516 2442 1572 late
2482 1518 2751 1573 viderent.

231 1609 331 1678 ραὼ
357 1608 451 1661 σὺν
476 1610 592 1669 τοῖς
614 1608 754 1677 ἀμφ’
781 1607 943 1661 αὐτὸν
975 1607 1211 1678 ἐκάλυψε
1232 1624 1243 1638 ·
1282 1609 1375 1662 καὶ
1399 1608 1460 1660 τὸ
1511 1606 2036 1676 άνοικεκαλυμμένον
2064 1607 2119 1661 δὲ
2182 1610 2500 1679 πρόσωπον,
2559 1612 2814 1683 τοιαύτης
2882 1611 3116 1681 θεωρίας
3176 1611 3465 1664 ἐκκύπτείο

231 1700 313 1754 καὶ
354 1700 401 1751 οἱ
463 1696 992 1769 ἁποκεκαλυμμένοι
1054 1698 1349 1762 δαυιτικῶς
1420 1697 1716 1769 ὀφθαλμοὶ,
1791 1697 2049 1770 τοιαύτην
2099 1700 2477 1771 κατακάλυψιν
2531 1703 2806 1768 ἐκδύντες,
2853 1704 3161 1776 ἅνεῴγασιν
3247 1703 3468 1775 βλέπειν

230 1790 408 1846 πλατύ.

290 1884 346 1940 ε’.
377 1886 520 1955 Ὀρα
552 1884 609 1939 δὲ
643 1883 719 1947 ὡς
750 1884 937 1955 γνόφῳ
963 1882 1264 1953 καλυφθεὶς
1296 1885 1324 1937 ό
1352 1884 1616 1955 Μωῦσης,
1644 1885 1794 1955 ὅμως

1973 1882 2026 1937 5.
2063 1881 2195 1938 Vide
2228 1899 2393 1953 porro
2426 1886 2702 1953 quomodo
2734 1887 2877 1941 nuhe
2906 1895 3085 1943 teetus
3119 1889 3331 1961 Moyses
3359 1907 3465 1946 non

231 1982 317 2035 οὐκ
342 1981 641 2036 ἐσκότωται
691 1979 965 2047 ζοφωυεῖς
1011 1979 1218 2047 ὁμοίως
1268 1978 1348 2050 τῷ
1392 1980 1790 2035 καταπεπλασ·

232 2074 361 2144 μένῳ
390 2072 494 2127 ιλύῑ
520 2072 586 2125 τὸ
619 2071 849 2125 όπτικὸν
870 2073 968 2139 τῆς
1008 2070 1213 2143 ψυχῆς.
1239 2072 1315 2135 ὡς
1357 2073 1385 2124 6
1418 2072 1657 2143 μελῳδός
1685 2091 1790 2143 φη-

232 2183 323 2232 σιν,
348 2165 457 2218 ἀλλ’
486 2165 576 2229 εἰς
622 2163 781 2217 τοῦτο
830 2165 923 2216 καὶ
962 2164 1125 2233 μόνον
1165 2163 1464 2234 περιεχύθη
1511 2164 1682 2229 ἔνδον,
1716 2165 1792 2230 ὡς

231 2256 479 2329 κρυϐῆναι
527 2258 623 2311 τὸν
655 2258 862 2327 κόσμον
895 2256 992 2310 καὶ
1039 2255 1318 2327 θεωρῆσαι
1374 2256 1497 2309 καθ’
1551 2258 1788 2327 ἡσυχίαν

233 2352 311 2404 τόν
336 2350 487 2418 Θεὸν,
511 2351 614 2403 καὶ
643 2348 982 2418 ἐξαστράψαι
1011 2347 1153 2417 λόγῳ
1174 2364 1233 2399 τε
1265 2349 1360 2400 καὶ
1390 2347 1610 2418 πράξει,
1635 2348 1793 2412 ἐκδὺς

234 2447 312 2498 τόν
338 2444 537 2513 γνόφον
578 2441 1000 2513 άστραπηὸόλος
1036 2441 1130 2494 καὶ¹
1158 2438 1580 2510 ἀπηλλαγμένος
1601 2438 1791 2504 αὐτοῦ,

235 2535 359 2590 καθά
403 2538 496 2589 καὶ
530 2534 763 2603 οὐρανὸς
793 2526 1081 2604 καλύψεως
1128 2532 1227 2599 τῆς
1264 2533 1328 2584 ὲκ
1385 2531 1582 2600 νεφῶν.
1616 2531 1801 2597 ’Ὀλως

234 2629 326 2699 γὰρ
356 2627 594 2699 αἴνιγμα
619 2624 686 2701 ἧν
715 2630 742 2681 6
770 2629 965 2697 γνόφος
997 2625 1090 2680 τοῦ
1121 2628 1213 2679 καὶ
1239 2625 1434 2695 σχολῆς
1461 2623 1672 2678 δεῖσθαι
1703 2625 1793 2678 τὸν

236 2723 522 2793 προφήτην,
555 2721 647 2775 ἴνα
681 2720 823 2774 οὕτω
845 2720 959 2791 γνῷ
984 2717 1303 2783 δαυιτικῶς,
1341 2718 1436 2771 καὶ
1470 2715 1566 2771 τοῦ
1590 2717 1797 2787 ἀστράο

236 2814 343 2883 ψειν
372 2814 589 2869 ἐκεῖθεν
641 2812 1032 2883 πνευματικῶς
1055 2829 1066 2843 ·
1096 2811 1132 2866 ἂ
1170 2811 1233 2878 δὴ
1290 2810 1551 2880 σύστοιχα
1584 2812 1650 2881 τῇ
1702 2810 1795 2865 νῦν

234 2906 454 2979 ἀγομένη
510 2908 699 2977 ἑορτῇ,
740 2908 798 2958 ὲν
933 2906 1192 2974 φώτισμα
1237 2902 1395 2972 ἀγίου
1452 2901 1794 2973 Πνεύματος,

233 3002 312 3051 καὶ
341 2998 690 3069 φωτοχυσίας
733 2996 868 3067 φλὶξ
892 2997 985 3049 καὶ¹
1012 2996 1311 3066 ὑγρότητος
1343 2994 1669 3065 άγιαστικῆς
1696 2995 1795 3063 τῆς

232 3091 355 3143 κατὰ
383 3089 474 3143 τὸν
514 3091 669 3159 ’ἅγιον
696 3087 852 3160 Ίωὴλ
876 3088 1196 3159 χορηγείτοιι
1219 3102 1236 3118 ο
1269 3087 1336 3157 ῆν
1364 3086 1639 3158 ὑγρότητα
1673 3104 1801 3140 σκο-

234 3182 385 3235 τεινδν
432 3181 545 3253 μὲν
599 3180 746 3251 ὕδωρ
792 3179 967 3242 ἄλλως
1021 3180 1078 3231 ὲν
1117 3175 1369 3246 νεφέλαις
1399 3181 1797 3247 πνευματικαῖς

235 3233 728 3347 κατενόησεδιάτδ
764 3271 929 3343 βάθος
948 3233 1046 3325 τοῦ
1079 3233 1382 3340 μυστηρίου
1468 3233 1632 3324 Δαϐίδ
1656 3288 1670 3301 ο
1700 3233 1799 3325 of»;
1824 3233 1869 3294 ρ

233 3366 289 3419 ἂν
320 3367 374 3420 δὶ
410 3342 499 3439 μὴ
533 3342 863 3420 κατελάϐετο
906 3364 1000 3419 καὶ
1031 3363 1338 3433 πάμφωτον
1367 3342 1510 3414 εἶναι
1554 3361 1613 3415 τὸ
1646 3361 1797 3428 αὐτὸ,

237 3457 312 3510 διὰ
336 3458 396 3510 τὺ
428 3459 597 3525 ἅγιον
646 3455 931 3527 βάπτισμα
961 3454 1055 3509 καὶ
1086 3452 1182 3524 τὴν
1233 3450 1408 3514 οὕτως
1459 3450 1669 3505 ἔνδυσιν
1706 3451 1800 3504 τοῦ

235 3548 468 3617 ἀληθιιοῦ
500 3548 677 3617 φωτὸς
706 3547 883 3617 Ἰησοῦ
919 3546 1184 3615 Χριστοῦ.

298 3640 365 3705 ς’.
403 3642 463 3695 '0
510 3640 567 3693 δὲ
600 3638 1020 3709 βραδύγλωσσος
1050 3637 1365 3692 ἀντίκειται
1393 3637 1491 3707 μὲν
1532 3635 1611 3706 τῷ
1640 3652 1803 3705 ταχυ-

238 3729 470 3802 γλώσσῳ,
506 3730 569 3784 οὐ
592 3732 732 3785 πάνυ
756 3729 812 3782 δὲ
834 3728 1006 3783 πλείω
1028 3727 1198 3798 ψόγον
1227 3726 1383 3790 οὗτος
1424 3726 1635 3782 ἐκείνου
1663 3727 1800 3795 ἔχει.

247 3822 296 3878 ὐ
314 3825 403 3895 μὲν
432 3825 551 3896 γὰρ
575 3822 984 3893 βραδύγλωσσος
1008 3820 1122 3892 ἔχοι
1143 3819 1210 3876 ἂν
1235 3820 1435 3889 ἀγαθόν
1461 3838 1515 3872 τι
1547 3819 1699 3885 ποτὲ,
1722 3814 1801 3880 οἷς

239 3916 521 3989 διατρίϐων
570 3916 670 3987 τὴν
715 3916 915 3987 φράσιν
957 3914 1050 3968 καὶ
1092 3912 1267 3977 οὕτως
1300 3912 1450 3966 ἐστιν
1481 3912 1507 3965 ὃ
1533 3929 1593 3966 τε
1626 3911 1805 3966 ἀναδι-

240 4012 375 4065 πλῶν
403 4010 584 4081 αὐτὴν
634 4010 731 4063 καὶ
772 4003 885 4062 οἷον
936 4008 1322 4077 ἐπαναφέρων,
1359 4003 1640 4073 ἐγκαθίζει
1683 4006 1804 4067 ταῖς

239 4103 333 4156 τῶν
364 4101 651 4173 ἀκροατῶν
681 4101 878 4172 ψυχαῖς
906 4102 985 4162 εἰς
1019 4097 1427 4169 ἀκριὸεστέραν
1460 4100 1684 4166 μνήμην
1710 4095 1806 4148 καὶ

240 4196 424 4260 γνῶσιν
471 4195 539 4248 τὸ
588 4195 902 4264 λεγόμενον,
946 4191 1114 4263 βάδην
1157 4189 1407 4258 τῷλόγῳ
1456 4186 1664 4260 προῖὼν
1710 4186 1806 4239 καὶ

242 4285 833 4358 παρακολοοθούμενος.
886 4281 949 4336 '0
987 4282 1045 4335 δὲ
1101 4278 1405 4350 ταχυλάλος
1464 4278 1560 4331 καὶ
1616 4276 1807 4346 φύρων

241 4379 371 4435 οὕτω
416 4381 552 4443 τοὺς
584 4378 774 4448 λόγους
809 4377 901 4438 εἰς
937 4373 1333 4443 ἀδιάρθρωτον,
1385 4363 1472 4421 οἷοι
1517 4367 1805 4437 ἐπίτροχον

242 4471 481 4536 γλῶσσαν
516 4473 627 4532 τοῖς
661 4469 842 4537 λόγοις
890 4465 1091 4537 ἐφιεὶς,
1148 4464 1246 4519 καὶ
1285 4459 1807 4531 δυσπαρακολούθη-

1895 1984 2074 2030 tamen
2108 1976 2464 2045 tenebrescit,
2500 1978 2738 2049 caligine
2761 1979 3133 2038 circumfusus
3168 1986 3330 2054 quasi
3358 1984 3468 2038 illi-

1895 2068 1963 2124 tis
1995 2068 2125 2124 limo
2150 2071 2328 2126 oculis
2369 2072 2585 2139 mentis,
2624 2080 2681 2127 ut
2711 2075 2785 2127 ait
2815 2086 2971 2144 poeta
2997 2096 3010 2142 ;
3039 2078 3133 2131 sed
3168 2079 3221 2133 in
3252 2090 3465 2134 tantum

1893 2166 1946 2215 et
1969 2158 2320 2215 solummodo
2353 2162 2406 2215 in
2460 2161 2710 2217 interiori
2752 2163 2960 2220 ell‘usus
3000 2175 3106 2233 est,
3151 2180 3208 2221 ut
3238 2174 3473 2223 abscon-

1893 2250 2118 2305 deretur
2143 2252 2403 2319 mundus,
2435 2252 2561 2308 etin
2598 2267 2731 2324 pace
2760 2256 2963 2312 videret
2996 2257 3189 2325 Deum,
3218 2269 3274 2315 et
3307 2261 3473 2315 verbo

1894 2339 2128 2412 fulgeret
2178 2352 2228 2398 ct
2280 2353 2427 2410 actu,
2464 2345 2612 2400 nube
2647 2356 2850 2404 exutus
2883 2347 3097 2420 fulgura
3139 2367 3467 2417 coruscans,

1895 2442 1949 2488 et
1982 2433 2291 2502 expeditus,
2322 2434 2466 2491 sicut
2500 2436 2701 2492 coelum
2739 2439 2946 2509 absque
2984 2443 3257 2497 velamine
3290 2445 3471 2499 nebu-

1893 2524 2100 2591 larum;
2131 2528 2356 2584 omuino
2387 2530 2532 2585 enim
2571 2533 2894 2600 mysterium
2924 2542 3043 2589 erat
3071 2534 3271 2591 ne‘bnla
3302 2546 3356 2591 et
3398 2538 3474 2593 si-

1896 2618 2188 2688 gniﬁcabat
2247 2620 2360 2676 otio
2420 2622 2664 2692 indigere
2694 2624 3033 2695 prapbctam,
3086 2636 3142 2681 ut
3177 2628 3255 2683 sic
3284 2640 3474 2699 aperte

1895 2721 2267 2781 cognosceret,
2327 2721 2384 2768 et
2449 2712 2576 2769 inde
2621 2715 2980 2785 spintualiter
3031 2718 3471 2777 illttminuturum

1897 2817 2049 2871 esse;
2098 2819 2217 2874 quae
2270 2808 2522 2875 praesenti
2584 2818 2894 2877 congruunt
2961 2811 3097 2868 festo
3148 2816 3203 2869 in
3243 2828 3353 2885 quo
3404 2817 3477 2871 il-

1897 2895 2185 2955 luminatio
2237 2897 2474 2969 Spiritus
2518 2904 2694 2958 sancti
2746 2914 2801 2959 et
2845 2905 3063 2961 ﬂamma
3118 2923 3240 2963 cum
3278 2910 3478 2967 tlili‘uso

1898 2987 2103 3045 lumine
2160 3002 2212 3046 et
2288 2994 2471 3062 pluvia
2533 2996 2912 3054 sanctificante
2968 3000 3421 3058 subministratur
3455 3048 3471 3071 ,

1892 3081 2048 3151 juxta
2092 3092 2339 3138 sanctum
2377 3084 2535 3155 Joel;
2570 3102 2730 3158 quam
2791 3090 3029 3160 pluviam
3069 3093 3227 3149 aliter
3278 3095 3346 3149 ad
3375 3113 3477 3151 un-

1902 3174 2024 3229 dam
2056 3179 2396 3232 tenebrosam
2421 3179 2472 3232 in
2508 3181 2751 3238 nubibus
2773 3183 3153 3252 Spiritualibus
3206 3188 3479 3246 intellexit

1905 3263 2106 3330 David;
2135 3279 2243 3319 non
2278 3274 2460 3322 autem
2504 3268 2860 3327 intellexisset
2894 3272 3295 3331 lucitlissimnm
3353 3295 3477 3335 esse

1907 3354 2009 3409 hoc
2065 3370 2161 3424 per
2201 3365 2453 3413 sanctum
2490 3360 2782 3431 baptisma,
2810 3364 2862 3417 in
2911 3379 3018 3435 quo
3071 3368 3150 3422 sic
3180 3384 3362 3425 veram
3391 3372 3481 3426 in-

1904 3444 2120 3503 duimus
2151 3446 2351 3515 lucem,
2377 3446 2563 3505 Jesum
2605 3451 2905 3510 Christum.

1975 3631 2030 3686 6.
2067 3629 2433 3705 Tardilinguis
2483 3632 2780 3707 opponitur
2805 3640 3061 3698 celeriter
3082 3643 3347 3716 loquenti,
3378 3664 3481 3707 nec

1904 3723 2028 3794 plus
2055 3741 2218 3796 quam
2244 3725 2348 3782 iste
2372 3728 2776 3799 vituperandus
2798 3743 2904 3788 est.
2926 3733 3295 3806 Tardiloquus
3329 3742 3479 3796 enim

1906 3816 2008 3872 hoc
2055 3818 2185 3873 boni
2234 3820 2399 3875 habet
2437 3822 2583 3890 quod
2637 3824 2877 3891 phrasim
2919 3829 3246 3897 protrahens
3295 3841 3350 3887 et
3396 3834 3480 3889 sic

1907 3910 2264 3980 locupletatis,
2293 3925 2345 3968 et
2370 3916 2527 3983 quasi
2560 3925 2835 3986 repetens,
2888 3921 3229 3977 audientium
3283 3927 3481 3983 animis

1908 4003 1963 4056 in
2021 4004 2443 4075 diligentissima
2480 4010 2746 4064 memoria
2802 4020 2860 4066 et
2924 4016 3242 4083 cOgnitione
3288 4019 3482 4075 inserit

1907 4097 2074 4164 dicta,
2112 4098 2241 4153 dum
2300 4114 2554 4156 sermone
2616 4104 2700 4157 vir
2738 4105 3074 4172 pedetentim
3134 4109 3382 4179 graditur
3427 4126 3482 4167 et

1906 4188 2238 4255 comitatur;
2285 4190 2380 4259 qui
2417 4200 2599 4247 autem
2664 4193 2921 4248 celeriter
2961 4196 3205 4266 laquitur
3246 4208 3299 4255 et
3335 4201 3482 4259 dicta

1906 4278 1989 4332 sic
2035 4279 2423 4335 inarticnlatim
2465 4282 2681 4350 miscet,
2741 4285 2967 4340 citatam
3009 4286 3250 4357 linguam
3301 4292 3481 4348 verbis

1909 4370 2216 4440 impellens,
2242 4382 2401 4445 captu
2443 4373 2678 4429 didicilis
2701 4385 2807 4440 est,
2849 4384 2904 4431 et
2936 4379 3123 4433 acrius
3155 4382 3209 4435 in
3248 4381 3483 4439 dicendo

1909 4478 2138 4521 currens
2190 4474 2252 4525 ut
2308 4476 2528 4523 torrens
2577 4469 2631 4522 in
2692 4484 2937 4542 praeceps
2982 4482 3195 4543 raptus,
3228 4476 3337 4532 cito
3377 4494 3481 4533 auo

240 4581 318 4626 τος
340 4564 611 4635 ἑντρέχων
638 4556 719 4624 οἷς
740 4561 889 4628 λέγει
916 4556 1246 4630 γοργότερον
1271 4555 1346 4617 ὡς
1376 4554 1425 4606 εἰ
1448 4552 1541 4606 καὶ
1567 4551 1794 4623 ῥεύματι

1911 4556 2123 4613 dientes
2154 4559 2471 4628 praeveniet,
2504 4559 2684 4614 inutili
2714 4560 2858 4617 facto
2881 4565 3134 4633 strepitu,
3162 4574 3217 4622 et
3238 4580 3480 4637 pectore,

241 4655 370 4707 κατὰ
420 4653 666 4726 πρανοῦς
719 4653 923 4725 ὲχέετο,
976 4650 1123 4721 τάχα
1169 4648 1237 4703 ἂν
1273 4645 1629 4719 παραδράμοι
1673 4644 1802 4707 τοὺς

242 4746 643 4815 ἀκροωμένους,
680 4747 810 4797 κενὰ
853 4743 1128 4814 ψοφήσας,
1167 4738 1265 4793 καὶ
1301 4737 1646 4807 πνευμόνων,
1678 4734 1707 4788 ὃ
1739 4734 1804 4805 δὴ

242 4838 451 4907 λέγεται
483 4839 649 4889 πόνον
682 4833 869 4889 παῢών
894 4840 907 4853 ⁹
935 4833 1156 4895 ὁποίους
1189 4829 1420 4894 πολλοὺς
1450 4829 1675 4898 οἴδαμεν
1710 4842 1809 4878 πε-

244 4930 557 5001 πειραμένοι
597 4925 1018 4994 ὠκυγλώσσους,
1049 4924 1215 4994 χύδην
1239 4925 1368 4986 τοὺς
1408 4922 1598 4990 λόγους
1647 4918 1808 4989 ἐκφέ-

246 5038 429 5089 ροντας
460 5035 475 5051 ·
528 5018 632 5091 ἐμὲ
685 5017 815 5088 γοῦν
862 5016 1182 5080 διδάσκαλος
1235 5016 1390 5086 λάχοι
1438 5013 1658 5083 πλήρης
1703 5012 1805 5082 την

244 5109 490 5178 γλῶσσαν
511 5111 652 5166 κατὰ
684 5114 771 5164 τὸν
799 5111 933 5164 Μωῦ
943 5109 1061 5180 σῆν,
1085 5108 1180 5163 καὶ
1215 5106 1292 5178 μὴ
1316 5107 1647 5175 πτερόεντος
1670 5119 1808 5174 προ-

248 5204 422 5274 φέρων
467 5205 684 5271 λόγους,
712 5202 807 5255 καὶ
851 5200 996 5255 οὕτω
1051 5200 1464 5268 κενόγλωσσος·
1497 5196 1549 5248 sl.
1599 5194 1699 5264 μέν
1725 5212 1808 5248 τοι

1912 4656 1972 4703 ιιι
2000 4648 2176 4716 aiunt,
2201 4647 2431 4715 dolens;
2469 4662 2528 4706 ut
2552 4652 2738 4722 plures
2762 4654 3017 4711 novimus
3040 4655 3482 4729 brevil0quentes

1910 4740 2005 4810 qui
2033 4741 2263 4797 confuse
2286 4743 2447 4799 verba
2476 4743 2799 4813 proferunt;
2835 4745 2969 4800 mihi
2998 4757 3182 4803 autem
3224 4753 3485 4823 magister

1912 4833 2165 4889 obveniat
2210 4834 2394 4906 lingua
2430 4836 2714 4905 perfectus
2763 4840 2910 4893 sicut
2941 4838 3176 4910 Moyses,
3231 4858 3341 4899 non
3389 4848 3483 4916 qui

1913 4926 2087 4980 alatas
2135 4923 2380 4995 proferat
2446 4941 2634 4993 voces,
2689 4938 2744 4984 et
2773 4930 2854 4985 sic
2885 4931 3071 4987 inania
3105 4934 3394 5005 loquatur;
3437 4940 3485 4993 si

1913 5025 2093 5073 autem
2132 5018 2409 5087 pernicem
2436 5019 2563 5074 talis
2586 5019 3227 5094 locupleteturlinguam,
3264 5030 3483 5087 beatum
3526 5056 3541 5070 ι

1916 5107 2067 5165 illum
2094 5109 2238 5174 dico,
2287 5111 2434 5164 sicut
2463 5119 2518 5164 et
2559 5112 2829 5166 calamum
2885 5116 3080 5171 scribae
3121 5119 3303 5174 divina
3340 5123 3486 5177 velo-

1917 5198 2052 5253 citer
2086 5198 2403 5255 scribentis.

245 5294 488 5364 γλῶσσαν
516 5298 544 5349 6
566 5293 804 5357 τοιοῦτος
834 5293 1055 5349 πλουτιιί
1080 5292 1468 5362 ιντρέχουσαν,
1498 5285 1573 5349 ὡς
1600 5279 1807 5349 οἷοιζκαι
1844 5289 2092 5358 κάλαμον
2120 5291 2500 5363 γραμματέως
2531 5291 2843 5363 ὀξυγράφου
2906 5295 2978 5349 τὰ
3007 5297 3124 5351 Οεῖα
3190 5302 3482 5376 μακαρίζω

244 5390 419 5446 αὐτόν.

310 5487 378 5552 ζ’.
417 5484 681 5541 Ἐνταῦθα
737 5483 795 5537 δὲ
857 5481 1212 5553 σημειωτέον,
1268 5482 1343 5546 ὡς
1391 5482 1442 5534 εἰ
1492 5481 1606 5546 καὶ,
1658 5477 1804 5534 καθὰ

246 5579 517 5651 ιστορήθη,
540 5576 601 5643 ἐξ
618 5574 962 5637 ὲπικαύσεως
995 5573 1198 5644 ἐπῆλθε
1227 5572 1305 5643 τῷ
1339 5572 1560 5643 μεγάλῳ
1591 5572 1800 5643 Μωῦσῇ

244 5672 304 5724 τὶ
330 5672 767 5744 βραδύγλωσσον,
812 5666 927 5722 ἀλλ’
966 5668 1066 5739 οὐχ
1112 5666 1256 5741 οὕτω
1304 5667 1401 5720 καὶ
1446 5665 1509 5718 τὸ
1544 5663 1801 5735 δύσηχον,

246 5762 379 5832 ὅπερ
409 5765 435 5814 ὁ
464 5761 765 5830 ἁγιώτατος
814 5759 1044 5831 ποιητὴς
1098 5758 1323 5827 Κοσμᾶς
1380 5756 1623 5824 ἐπιλέγει
1653 5754 1801 5825 αύτῷ

248 5854 298 5905 ὲν
328 5853 422 5924 τῷ,
453 5854 527 5920 τῷ
554 5852 1014 5922 ,ϐραδυγ-λώσσῳ
1046 5850 1146 5905 καὶ
1178 5848 1429 5919 δυσήχῳ
1459 5845 1682 5904 Μωσεῖ.
1711 5847 1800 5918 Τῷ

1985 5479 2035 5533 7.
2079 5476 2388 5533 Notandum
2417 5474 2505 5538 hic
2534 5476 2680 5546 quod
2717 5476 2786 5540 si,
2834 5488 2894 5531 ut
2943 5488 3225 5533 narratum
3274 5489 3377 5550 est,
3410 5498 3482 5539 ex

1910 5568 2197 5626 adustionc
2225 5567 2488 5624 acciderit
2515 5566 2686 5638 Moysi
2710 5568 3161 5638 tardiloqucntia,
3178 5585 3294 5626 non
3318 5588 3480 5643 aeque

1908 5663 2158 5731 ingratus
2192 5662 2344 5717 vocis
2378 5675 2548 5715 sonus
2586 5674 2752 5730 quem
2809 5660 2913 5729 ipsi
2950 5662 3204 5717 attribuit
3232 5668 3475 5730 sanctis-

1908 5753 2083 5809 simus
2107 5753 2332 5810 Cosmas
2358 5762 2514 5825 poeta
2545 5753 2733 5808 dicens
2773 5767 2789 5812 ;
2829 5750 3152 5824 Τανάιιοιιιιο
3189 5766 3238 5809 et
3262 5757 3482 5816 dissono

1908 5844 2110 5914 Moysi;
2154 5845 2208 5902 in
2264 5860 2357 5902 ore
2392 5846 2545 5903 enim
2587 5845 2832 5900 restricta
2870 5845 3073 5914 lingua,
3110 5863 3302 5906 eorum
3360 5860 3478 5907 tan‘
