3840 6548
272 426 381 490 529

1103 424 1189 484 IN
1224 424 1564 488 HYMNUM
1606 427 2268 494 PENTECOSTALEM‘
2295 429 2447 492 ΒΑΜ
2460 431 2762 495 ΑΒΕΕΝῘ.

3407 441 3514 504 530

273 541 368 594 καὶ
410 535 581 600 οὕτως
615 536 856 607 ἄναρχον
880 551 894 566 ·
930 532 1004 598 ὡς
1059 537 1228 606 μηδὲν
1268 537 1328 592 ὃν
1373 539 1630 613 διάφορον
1662 542 1830 607 αὐτοῖς

1949 542 2106 598 aliter
2136 543 2383 614 quidem,
2413 545 2616 615 quietis
2655 549 3049 622 philosophiern
3087 563 3138 607 et
3168 558 3507 628 securitatis,

270 633 366 685 atat
390 628 466 700 τῷ
485 629 710 698 ἄρχοντι
735 646 750 661 ο
791 629 889 681 καὶ
922 629 1030 699 μὴν
1061 631 1156 682 καὶ
1205 631 1402 695 ἄλλως,
1429 634 1665 703 ἡσυχίας
1691 635 1839 704 φιλο-

273 725 440 792 σόφου
479 723 578 778 καὶ
609 723 910 794 ἀτρεμείας
955 722 1048 776 καὶ
1077 725 1336 792 ἠρεμίας,
1366 726 1458 779 καὶ
1492 727 1838 796 ἐπικρύψεως

268 816 528 885 ἐναρέτου
584 814 855 885 σύμϐολον
889 813 983 866 καὶ
1024 815 1052 866 6
1082 815 1271 886 ῥηθεὶς
1304 818 1579 886 μωσαῖκδς
1603 821 1835 888 γνόφοςο

265 909 341 970 ὡς
387 907 509 960 δέον
538 907 666 971 τοὺς
701 904 971 976 ὁμιλητὰς
1020 905 1116 959 τοῦ
1163 905 1301 960 Θεοῦ
1340 909 1415 979 μὴ
1463 909 1608 962 κατὰ
1648 911 1839 965 σκότον

270 1001 368 1070 μέν
416 999 754 1069 ἡλάσιιεσθαι
795 999 902 1068 (μὴ
943 998 1158 1068 γένοιτο
1178 1000 1218 1072 l)
1251 1000 1393 1071 πλὴν
1439 1003 1571 1074 μηδὲ
1620 1005 1839 1073 ἐν’φωτλ⁸

266 1089 515 1158 ἀγοραίῳ
549 1087 643 1142 καὶ
691 1089 1071 1160 τυρὸαστικῷ,
1139 1091 1470 1163 σεμνότερον
1519 1092 1578 1147 δὲ
1639 1093 1844 1161 εἰπεῖν,

267 1180 658 1252 πανηγυρικῷ,
691 1182 933 1250 μετιέναι
964 1183 1030 1236 τὰ
1055 1181 1198 1248 θεῖα,
1225 1182 1282 1236 ἐν
1302 1183 1534 1254 ἀςανεία
1567 1184 1624 1238 δέ
1652 1187 1839 1256 σχολα-

264 1277 450 1344 στικῇ,
484 1273 608 1326 καθ’
641 1275 707 1344 ῆν
735 1274 784 1326 οἱ
815 1273 1166 1343 σχολάζοντες
1191 1274 1520 1344 γινώσκουσι
1544 1275 1839 1343 δαυιτικῶς

259 1365 354 1417 τὸν
379 1364 535 1418 Θεόν.
565 1365 676 1419 Καὶ
700 1363 874 1418 ταῦτα
894 1366 995 1432 μὲν
1021 1365 1269 1425 τοιαῦτα.
1747 1434 1754 1440 θ

329 1453 400 1511 θ’.
431 1455 506 1509 Τδ
527 1455 611 1523 δέ,
649 1458 682 1510 ὁ
699 1455 1188 1527 ,βροδύτλωσσος
1209 1458 1664 1529 ἐῤῥητόρευσεν,
1696 1461 1840 1514 ἀντι-ι

257 1548 405 1621 uti,»
422 1550 566 1605 ἔοικε
583 1550 860 1622 ῥητορικῷ
875 1566 889 1581 ο
910 1551 1242 1607 ἃντίκειντιιι
1257 1553 1367 1624 γάρ
1393 1570 1508 1617 πως
1525 1555 1560 1626 ἡ
1581 1555 1840 1626 ῥητορεία

261 1642 364 1696 καὶ
391 1643 420 1695 6
447 1629 894 1713 βραδύγλωσσός.
913 1645 976 1700 Εί
1003 1643 1114 1717 γάρ
1133 1661 1220 1708 τις
1253 1643 1691 1716 βραδύγλωσσος,
1721 1646 1840 1710 πῶς

257 1732 326 1786 ἂν
356 1732 675 1804 ῥητοριύοις
707 1734 802 1789 καὶ
832 1730 901 1791 αὖ
937 1735 1101 1791 πάλιν
1127 1737 1178 1790 εί
1212 1736 1526 1807 ῥητορεύει,
1554 1739 1838 1794 καὶταῦτα

259 1825 434 1893 νᾶμον
469 1823 794 1895 θιὸγραςρον,
837 1825 956 1890 πῶς
987 1825 1054 1879 ἂν
1083 1827 1170 1894 εἴη
1197 1825 1398 1897 βραδὺς
1423 1828 1522 1897 τὴν
1555 1827 1836 1896 γλῶσσαν;

1942 646 1996 690 et
2033 639 2462 707 tranquillitatis,
2501 651 2554 696 et
2595 642 2978 699 occultationis
3031 647 3232 702 virtute
3274 651 3512 718 prreilitze

1941 729 2250 800 symbolum
2275 741 2357 787 est
2383 731 2530 787 dicta
2563 733 2802 792 Mosaica
2847 737 3054 802 nubes;
3099 755 3266 810 quare
3293 751 3508 809 oportet

1941 820 2036 875 Dei
2070 822 2436 879 collocutores
2464 841 2570 880 non
2602 825 2656 880 in
2699 828 2941 883 tenebris
2971 831 3182 900 vagari,
3229 848 3295 885 ne
3328 833 3419 888 liat
3451 843 3509 887 ut

1941 911 2101 966 aliter
2144 914 2210 968 ad
2240 913 2424 970 divina
2474 918 2803 976 accedamus
2828 936 2991 989 quam
3029 922 3082 976 in
3133 923 3255 978 luce
3286 941 3392 980 non
3429 924 3512 980 ευ-

1942 1007 2089 1061 rensi
2120 1016 2176 1061 et
2204 1009 2580 1074 tumultuaria.
2605 1020 2659 1066 et
2688 1012 2886 1068 melius
2925 1012 3105 1068 dicam
3144 1016 3376 1086 vulgari.
3413 1021 3506 1073 sed

1943 1098 1998 1152 in
2025 1101 2363 1156 obscuri-tate
2393 1103 2577 1172 quiete
2613 1105 2796 1180 plena,
2818 1105 2870 1160 in
2893 1109 3112 1177 quaqni
3149 1108 3510 1176 otio-vacant,

1942 1191 2111 1246 Deum
2142 1192 2331 1246 intime
2371 1203 2596 1251 norunt.
2637 1195 2702 1250 Et
2739 1197 2852 1252 hare
2877 1197 3010 1254 talia
3035 1207 3189 1257 sunt.

2011 1457 2067 1514 9.
2107 1457 2265 1524 Quod
2297 1467 2478 1514 autem
2505 1461 2846 1532 tardiloquus
2874 1464 3090 1522 locutus
3120 1467 3214 1533 sit,
3241 1468 3500 1525 antithcsi

1941 1548 2281 1606 simillimum
2305 1564 2383 1608 est
2405 1554 2700 1623 oratoriae;
2726 1567 3076 1628 opponuntur
3100 1560 3244 1615 enim
3270 1563 3506 1632 quodam

1941 1641 2108 1698 modo
2150 1641 2462 1712 eloquentia
2492 1654 2548 1702 et
2597 1647 3046 1720 tardiloquentia.
3101 1653 3158 1707 Si
3192 1655 3342 1709 enim
3381 1657 3517 1726 quis

1942 1735 2015 1790 sit
2043 1735 2232 1805 lingua
2251 1738 2462 1804 tardus,
2495 1743 2772 1811 quomodo
2802 1745 3136 1817 eloquatur?
3159 1749 3222 1804 Et
3257 1766 3503 1819 rursum,

1942 1822 1988 1878 si
2045 1822 2324 1894 loquatur,
2369 1835 2424 1881 et
2468 1825 2640 1897 legem
2679 1829 2924 1902 proferat
2972 1848 3001 1888 a
3063 1833 3172 1890 Deo
3219 1839 3526 1908 scriptam,

259 1916 372 1968 Καὶ
391 1917 540 1986 ὅμως
559 1917 674 1988 ἔχει
697 1919 759 1970 τὸ
781 1915 1024 1986 ἀσφαλές
1051 1919 1082 1986 η
1109 1916 1286 1971 ἔννοια
1313 1919 1453 1972 κατὰ
1479 1919 1624 1974 ίδέαν
1645 1917 1830 1990 ὕψους,

1940 1916 2218 1985 quomodo
2249 1916 2436 1987 lingua
2470 1921 2663 1977 tardus
2697 1923 2808 1978 sit?
2838 1923 2902 1980 Et
2929 1934 3110 1982 tamen
3139 1938 3287 1985 certa
3321 1941 3524 1989 manet

257 2009 402 2078 ὅπερ
437 2009 554 2062 ἐστὶ
583 2009 932 2079 σεμνότητος.
959 2008 1174 2080 Τρόπον
1217 2009 1324 2079 γάρ
1361 2027 1484 2064 τινα
1517 2009 1713 2082 φράξει
1747 2009 1840 2064 οῦο

259 2117 375 2162 τως
398 2116 414 2132 ο
455 2097 517 2153 ὐ
551 2099 648 2171 τὴν
677 2099 930 2169 γλῶσσαν
957 2100 1280 2170 παράκοπος
1328 2102 1386 2155 οὗ
1439 2102 1532 2155 διὰ
1581 2103 1836 2172 μογγίαν,

255 2192 380 2246 ἀλλ’
407 2191 484 2256 ώς
503 2186 616 2246 οἷον
645 2192 988 2263 βούγλωσσος
1016 2195 1112 2248 καὶ
1143 2193 1490 2263 βατταρίζειν
1515 2195 1837 2266 σκωπτόμε-

256 2302 349 2347 νος
401 2284 831 2356 ἐρῤητόρευσεν,
881 2285 979 2356 οὑχ
1035 2285 1327 2356 ὑπουργῶν
1377 2289 1444 2358 τῇ
1502 2287 1836 2360 ἐπιτυχούσῃ

258 2376 486 2443 φράσει,
530 2375 668 2430 ἀλλὰ
703 2378 931 2449 φθόγγῳ
962 2376 1121 2432 Θεοῦ.
1156 2378 1218 2433 El
1263 2377 1319 2433 δὲ
1370 2379 1720 2450 σκηνοϐατῶν
1751 2397 1835 2443 τις

256 2472 317 2522 ἐν
345 2469 562 2540 θεάτρῳ
590 2470 772 2535 καλῶς
803 2471 909 2525 ὑπὸ
941 2471 1162 2543 χορηγῷ
1190 2471 1453 2543 λαμπρῷ.
1486 2472 1708 2528 ἔπαινον
1735 2491 1836 2526 πο-

255 2565 358 2618 λὺν
392 2565 736 2636 ἐπισύρεται,
764 2545 998 2636 πηλίκος
1032 2568 1098 2620 ἂν
1138 2569 1222 2637 εἴη
1271 2570 1326 2631 ἐς
1359 2567 1545 2638 Θαῦμα
1582 2571 1610 2622 6
1639 2568 1716 2638 τῷ
1744 2586 1837 2639 χο-

260 2657 422 2727 σηγῷ
440 2658 538 2726 τῆς
573 2657 762 2728 σοφίας
788 2657 909 2729 Θεῷ
939 2659 1302 2730 ὕποφητεύων
1331 2660 1403 2713 τὰ
1431 2660 1641 2715 ἐκείνου
1675 2661 1836 2731 ῥητο-

254 2748 432 2816 ρικῶς
477 2748 804 2821 καῖτορῶςς
838 2751 930 2804 Διὸ
958 2752 1036 2820 τῷ
1070 2750 1296 2818 τοιούτῳ
1335 2750 1662 2822 ἀντιθετικῷ
1701 2753 1834 2822 σχή-

259 2859 398 2909 ματι
413 2841 505 2894 καὶ
521 2843 756 2912 νοήματι
776 2859 900 2897 συνε
910 2841 1229 2912 ξαιρόμενος
1254 2845 1281 2897 6
1305 2843 1542 2916 μελῳδὸς
1573 2844 1670 2898 καὶ
1691 2843 1758 2898 τὰ
1779 2845 1834 2906 ἐς

258 2936 488 3003 φράσιν.
516 2935 615 2988 οὐκ
633 2928 786 2988 εἶπεν
813 2935 888 2998 ὡς
914 2935 942 2988 6
971 2935 1386 3006 βραδύγλωσσος
1412 2937 1830 3010 ἐξηκρίϐωσενῆ

257 3027 596 3098 ἐξετράνωσε
636 3029 726 3082 τὸν
756 3029 1068 3100 Θεόγραφον
1096 3031 1284 3100 νόμον,
1328 3031 1466 3084 ἀλλὰ
1511 3031 1601 3084 τοῦ
1630 3048 1835 3102 τροπα-

259 3119 458 3190 ριακοῦ
510 3123 713 3191 γνόφου
761 3124 863 3177 ὅσα
913 3125 1006 3177 καὶ
1044 3122 1274 3194 βροντὴν
1311 3122 1572 3196 ἐξέρρηξε
1615 3123 1707 3176 τὸν
1736 3121 1831 3176 τοῦ

261 3213 605 3284 ἀμεταϐόλου
640 3215 832 3284 συχνὸν
864 3215 1064 3286 ῥοῖζον,
1107 3216 1422 3285 τριπλώσας
1452 3217 1612 3270 αὑτὸν
1644 3219 1701 3268 ἐν
1731 3218 1831 3286 μιᾷ

262 3306 408 3372 λέξει
436 3307 575 3379 πρὸς
613 3307 866 3377 εὐλογίαν
903 3308 1213 3380 τριαδικὴν,
1245 3310 1341 3363 καὶ⁵
1372 3309 1432 3362 τὸ
1472 3309 1669 3374 σεμνὸν
1699 3326 1828 3380 σεμ-

257 3399 363 3462 νῶς
393 3399 608 3468 φράσας
633 3399 708 3464 ὡς
737 3399 946 3471 ἔπρεπε
971 3415 987 3432 ο
1014 3400 1066 3454 τί
1092 3400 1138 3454 δ’
1167 3399 1305 3454 ἀλλὰ
1332 3401 1429 3456 καὶ
1463 3400 1737 3473 χρῄζομεν
1772 3403 1829 3455 ἐν

258 3492 522 3556 τοιούτοις
551 3491 831 3557 Μωῦσέως
877 3494 1071 3546 τούτου
1111 3492 1550 3563 στεντοροφώνου
1577 3496 1824 3563 ῥήτορος,

260 3574 322 3636 οῦ
365 3585 462 3637 καὶ
499 3585 561 3635 τὸ
607 3583 887 3653 ίσχναλέον
912 3583 1012 3652 τῆς
1053 3581 1244 3647 λαλιᾶς
1286 3585 1366 3647 είς
1405 3584 1634 3654 οὐρανὸν
1666 3586 1828 3638 αὐτὴν

258 3674 541 3727 ἀναϐαίνει
562 3674 898 3743 ἁκουομὶνου
927 3674 1030 3728 ὑπὸ
1052 3674 1220 3742 Θεοῦ;
1251 3676 1344 3729 καὶ⁵
1369 3676 1656 3746 στοιχείοις
1688 3677 1828 3730 ὑπα-

261 3765 393 3836 κοὴν
443 3767 666 3835 ἐμποιεῖ
727 3766 822 3820 ἐπὶ
876 3765 1158 3820 ἀλλοιώσει
1199 3765 1348 3838 ξένῃ,
1402 3767 1498 3820 καὶ
1553 3766 1827 3821 θάλασσαν

267 3855 436 3925 σχίζει
469 3857 564 3910 καὶ
593 3855 964 3928 ἀποκαθιστᾷ,
996 3855 1092 3910 καὶ
1131 3857 1236 3926 γῆν
1267 3856 1326 3911 δὲ
1356 3857 1528 3928 αὐτὴν
1564 3858 1827 3929 ῥήγνυσιν

264 3949 337 4013 ὡς
379 3949 588 4020 χαίνειν
620 3946 763 4002 κατὰ
803 3948 1127 4016 κακότητος,
1187 3948 1243 4000 εί
1269 3965 1357 4011 τις
1405 3948 1720 4020 ἐννοήσεται
1761 3951 1830 4003 τὰ

266 4041 400 4095 κατὰ
423 4039 517 4093 τὸν
545 4039 725 4094 Δαθὰν
757 4039 852 4094 καὶ
877 4040 969 4094 τὸν
994 4038 1280 4108 Ἀϐειρών.

334 4137 385 4186 ι’.
417 4133 483 4186 Et
516 4132 572 4186 δέ
599 4132 694 4186 καὶ
727 4132 802 4203 μὴ
829 4131 1146 4202 δυσπραγία
1175 4130 1414 4201 φύσεως,
1448 4131 1584 4186 ἀλλὰ
1617 4132 1675 4198 ἐξ
1707 4133 1828 4187 ἐπι-

265 4223 539 4292 καύματος
565 4221 856 4292 ἄνθρακος,
899 4222 960 4276 ὃν
999 4221 1296 4293 μετέλαϐεν
1327 4221 1491 4284 αὐτὸς
1531 4223 1655 4278 ἀντὶ
1703 4241 1831 4276 στα-

263 4313 423 4384 τῆρος
445 4314 541 4369 καὶ
570 4312 734 4367 αὐτοῦ
756 4313 1012 4383 χρυσέου,
1042 4312 1101 4366 τὸ
1124 4312 1542 4384 βραδύγλωσσον
1569 4315 1598 4368 6
1619 4313 1827 4383 γλυκὺς

265 4404 500 4474 Μωῦσῆς
530 4403 902 4475 ἐκληρώσατο,
941 4403 1208 4474 σεμνότης
1240 4405 1337 4460 καὶ
1373 4403 1513 4476 αῦτη
1547 4405 1624 4476 τῷ
1667 4405 1830 4476 Οεράο

267 4498 415 4550 itth
467 4495 564 4548 τοῦ
617 4493 753 4548 Θεοῦ
814 4494 1072 4564 μεγίστη,
1119 4494 1210 4564 ἐφ’
1254 4488 1299 4564 ᾧ
1351 4497 1443 4550 καὶ
1473 4497 1697 4567 χρυσέω
1728 4495 1827 4568 τὴν

268 4586 511 4652 γλῶσσαν
531 4585 808 4653 λέγεσθαι,
845 4585 944 4638 καὶ
971 4583 1208 4656 πυρίνην
1244 4583 1500 4653 γλῶσσαν
1529 4584 1626 4642 καὶ
1661 4585 1825 4639 αὑτὸν
1857 4614 1902 4670 D

265 4675 445 4746 λαχεῖν
484 4673 880 4741 ἀποστολικῶς,
917 4677 1012 4728 καὶ
1064 4676 1204 4730 κατὰ
1238 4675 1329 4730 τὸν
1383 4677 1558 4747 μέγαν
1591 4676 1829 4732 Ἡσαΐαν

264 4768 505 4840 ἄνθρακα
531 4767 886 4839 ψωμισθῆναι
915 4769 1292 4839 προφητικῶς.
1323 4768 1386 4823 El
1425 4769 1482 4821 δὲ
1516 4768 1611 4823 καὶ
1654 4769 1832 4840 κωφοὶ

267 4862 327 4915 ἐκ
352 4861 580 4932 γενετῆς
609 4860 930 4931 τρανοῦνται
957 4861 1208 4931 γλώσσας
1247 4859 1352 4914 ὑπὸ
1385 4859 1529 4914 Θεοῦ
1555 4860 1648 4915 καὶ
1697 4861 1829 4915 θαυ-

269 4953 549 5024 μάζονται,
593 4952 689 5004 καὶ
743 4951 1025 5022 μογιλάλοι
1083 4950 1434 5020 διατρανοῦσι
1488 4951 1550 5005 τὸ
1610 4951 1830 5023 λάλημα

269 5046 360 5099 καὶ
393 5046 711 5100 ὕποκινοῦσι
759 5046 853 5098 καὶ
897 5043 1053 5097 αὐτοὶ
1091 5043 1298 5114 Θαῦμα,
1354 5042 1588 5112 πηλίκος
1639 5042 1705 5096 ἂν
1739 5043 1827 5114 εἴη

270 5139 683 5211 βραδύγλωσσος
711 5133 866 5204 οὗτος
899 5141 1106 5210 ῥήτωρ,
1139 5138 1197 5202 ὃς
1226 5137 1362 5191 Θεοῦ
1387 5138 1571 5210 φωνὴν
1599 5138 1827 5210 ὐποκρι-

264 5232 514 5301 νάμινος,
544 5231 716 5296 οὕτως
747 5231 1010 5301 ὑπερλίαν
1041 5230 1354 5299 εὐδοκιμεῖν
1381 5229 1579 5302 ἐλαχε;
1613 5230 1824 5301 Φράσαι

263 5321 316 5375 δέ
355 5323 450 5376 καλ⁸
483 5322 658 5386 ἄλλως
701 5321 764 5374 τὺ
798 5321 950 5375 αὑτό·
979 5319 1109 5375 Ἐὰν
1139 5317 1456 5390 ἀνθρωπίνη
1497 5319 1826 5392 συνάσκησις

265 5414 524 5484 ἐπιμελὴς
554 5411 887 5482 Θιραπσύσοι
920 5411 1175 5480 γλῶσσαν
1206 5411 1630 5482 δυσπραγοῦσαν
1660 5413 1738 5475 είς
1762 5413 1824 5465 τὸ

265 5507 458 5573 λαλεῖν,
490 5508 519 5561 6
567 5508 631 5580 δὴ
678 5509 709 5562 6
753 5508 1045 5572 Παιανιεὺς
1095 5507 1280 5578 ῥήτωρ
1331 5507 1406 5569 ὡς
1451 5506 1824 5576 καλλίστευμα

263 5599 676 5672 δυσπραγούσης
707 5600 923 5670 φύσεως
958 5599 1307 5671 ἐτεχνήσατο,
1350 5597 1469 5662 πῶς
1507 5598 1609 5652 οὐκ
1644 5600 1707 5652 ἂν
1734 5598 1822 5651 δυ-

265 5689 475 5756 νήσεται
523 5691 560 5742 6‘
583 5688 990 5758 παντοδύναμος
1027 5687 1254 5755 Κύριος,
1297 5688 1324 5739 6
1351 5691 1447 5758 τῆς
1486 5687 1701 5756 φύσεως
1730 5688 1821 5759 δη-

265 5781 516 5850 μιουργὸς
575 5782 667 5834 τὸν
717 5779 882 5835 αὑτοῦ
931 5781 1139 5852 ῥήτορα
1193 5778 1550 5849 Θεραπεῦσαι,
1615 5781 1664 5833 εί
1723 5783 1820 5850 τὴν

264 5867 508 5932 γλῶσσαν
544 5873 833 5942 καχεκτεῖ;
867 5870 1182 5942 Σημείωσαι
1212 5869 1266 5923 δὲ
1313 5870 1394 5924 ὅτι
1420 5869 1595 5936 ἄλλως
1625 5872 1683 5926 τ’)
1716 5872 1815 5942 6(3-

1941 2022 2123 2069 mens,
2163 2011 2460 2066 secundum
2504 2011 2682 2068 ideam
2734 2014 3064 2083 altitudinis,
3124 2019 3176 2074 id
3225 2028 3308 2076 est
3341 2023 3509 2094 maje-

1940 2097 2133 2163 statis;
2161 2099 2396 2168 quodam
2418 2103 2562 2158 enim
2589 2104 2752 2160 modo
2771 2105 2849 2161 sic
2877 2106 3158 2177 loquitur:
3189 2109 3290 2177 Qui
3321 2112 3504 2184 lingua

1937 2189 2232 2260 impeditus
2276 2203 2395 2250 erat
2439 2210 2547 2250 non
2591 2196 2719 2267 quia
2742 2198 2892 2254 clara
2942 2199 3167 2258 orbatus
3199 2219 3354 2270 voce,
3411 2206 3504 2261 sed

1938 2285 2098 2353 quasi
2137 2283 2401 2341 bubulam
2465 2287 2710 2358 linguam
2768 2305 2992 2361 gerens,
3027 2302 3082 2346 et
3139 2293 3367 2350 balbuttit
3400 2313 3534 2354 nou-

1937 2376 2166 2431 cuilibet
2197 2378 2384 2447 phrasi
2425 2380 2753 2451 obsequens,
2784 2381 2879 2438 sed
2935 2387 3052 2438 voci
3081 2383 3199 2439 Dei.
3235 2386 3290 2440 Si
3324 2397 3500 2444 autem

1938 2480 2157 2522 scenam
2193 2468 2388 2524 adiens
2418 2469 2544 2540 quis
2599 2470 2654 2524 in
2707 2471 2919 2526 theatro
2953 2488 2983 2526 a
3038 2474 3203 2546 nobili
3243 2479 3505 2546 magistro

1937 2557 2187 2625 edoctus,
2229 2559 2459 2630 gloriam
2491 2562 2720 2618 multam
2761 2563 3004 2619 lucretur
3034 2582 3050 2620 :
3077 2542 3183 2636 qua
3235 2567 3287 2621 in
3327 2542 3504 2622 admi-

1937 2647 2148 2704 ratione
2177 2649 2317 2706 foret
2349 2651 2442 2721 qui
2500 2653 2602 2708 sub
2640 2652 2911 2722 magistro
2945 2655 3230 2724 sapientia:
3287 2657 3396 2712 Deo
3424 2660 3502 2713 in-

1939 2749 2334 2810 terpretaretur
2383 2745 2549 2800 verba
2580 2745 2699 2816 ejus
2729 2747 2876 2802 clare
2909 2756 2963 2802 et
2997 2747 3316 2818 eleganter?
3352 2750 3505 2810 Unde

1938 2833 2035 2888 tali
2090 2833 2417 2890 antithetica
2494 2836 2667 2906 ﬁgura
2729 2848 2784 2894 et
2846 2841 3180 2912 cogitatione
3256 2844 3504 2900 sublatus

1935 2933 2094 2995 poeta
2119 2927 2284 2982 etiam
2315 2927 2494 2998 quoad
2519 2929 2784 2998 pbrasim,
2813 2946 2920 2986 non
2953 2932 3086 2988 dixit
3135 2935 3506 3004 tardiIOquum

1934 3017 2096 3088 plane
2134 3019 2394 3076 calluisse
2425 3023 2508 3076 vel
2534 3024 2841 3092 explicasse
2887 3024 3136 3080 divinam
3169 3027 3366 3096 legem,
3404 3031 3496 3084 sed

1933 3111 2074 3166 sicut
2124 3111 2424 3182 ﬁgurativze
2475 3113 2636 3169 nubis
2692 3115 2951 3182 tonitrua,
3007 3117 3260 3173 crebrum
3319 3121 3496 3176 emisit

1935 3203 2292 3260 immutabilis
2329 3205 2420 3260 Dei
2467 3206 2714 3272 sibilum,
2761 3208 3049 3278 triplicans
3105 3225 3228 3266 eum
3283 3211 3336 3267 in
3392 3229 3500 3266 nun

1933 3298 2100 3352 verl'o
2147 3297 2215 3352 ad
2247 3297 2534 3354 Trinitatis
2586 3300 2842 3370 gloriam,
2895 3311 2950 3357 et
2984 3303 3210 3373 grandia
3265 3306 3502 3370 graviter

1932 3389 2209 3456 elocutus,
2236 3398 2294 3444 ut
2322 3391 2582 3457 decebat;
2608 3391 2737 3462 quid
2763 3403 2942 3448 autem
2970 3394 3128 3450 nobis
3157 3410 3297 3464 opus
3331 3407 3416 3452 est
3447 3399 3499 3452 in

1932 3481 2019 3536 bis
2052 3482 2236 3555 Moyse
2271 3483 2366 3538 illo
2399 3493 2694 3541 stentorea:
2725 3487 2878 3542 vocis
2915 3488 3157 3552 rhetore,
3187 3489 3343 3559 cujus
3376 3506 3500 3560 gra-

1929 3574 2106 3629 cilitas
2137 3577 2288 3631 vocis
2327 3577 2382 3631 in
2408 3577 2602 3633 rmlum
2637 3579 2814 3648 ipsum
2838 3582 3085 3636 ascendit
3109 3582 3212 3636 sub
3239 3581 3497 3637 audiente

1931 3666 2078 3722 Deo?
2109 3668 2176 3722 Et
2219 3669 2506 3725 elementis
2538 3669 2785 3725 auditum
2825 3674 2953 3728 fecit
2987 3689 3085 3743 pro
3111 3675 3288 3729 aliena
3321 3683 3497 3729 trans-

1936 3758 2265 3825 mutatione,
2299 3769 2356 3814 et
2389 3776 2542 3818 mare
2579 3761 2760 3818 divisit
2812 3773 2869 3820 et
2902 3765 3156 3829 dimovit,
3189 3775 3244 3818 et
3295 3773 3497 3820 terram

1933 3848 2112 3917 rupit,
2181 3849 2253 3902 ita
2315 3859 2376 3904 ut
2433 3851 2702 3908 adversus
2771 3855 3092 3921 pravitatem
3145 3864 3496 3926 patesceret.

1930 3937 1976 3995 si
2018 3939 2413 4010 recogitaveris
2443 3957 2564 4014 quze
2589 3945 2740 3999 circa
2776 3944 2990 4001 Datlian
3021 3956 3076 4002 et
3116 3947 3324 4003 Abiron
3359 3946 3497 4003 facta

1930 4039 2079 4088 Sunt.

2004 4121 2092 4178 10.
2131 4123 2187 4178 Si
2225 4137 2404 4179 autem
2457 4142 2563 4182 non
2597 4142 2661 4184 ex
2714 4129 2848 4184 vitio
2882 4138 3110 4193 natura}.
3148 4131 3242 4186 sed
3277 4147 3340 4188 ex
3376 4148 3493 4189 car-

1932 4217 2094 4273 bonis
2117 4218 2434 4283 adustione,
2480 4235 2641 4290 quem
2692 4222 2932 4292 sumpsit
2973 4223 3090 4292 ipse
3137 4239 3239 4293 pro
3292 4234 3495 4280 statere

1930 4310 2074 4379 auri,
2103 4311 2501 4382 tardiloquium
2536 4312 2658 4368 miti
2690 4313 2894 4370 accidit
2925 4313 3118 4386 Moysi,
3154 4317 3389 4370 maxima
3412 4327 3508 4373 est-

1931 4417 2061 4460 vero
2081 4401 2174 4459 Dei
2205 4401 2462 4474 dignitas,
2502 4413 2626 4475 post
2655 4404 2836 4475 ipsum
2881 4420 3108 4461 aureum
3161 4422 3222 4461 os
3275 4407 3408 4473 dici,
3441 4419 3502 4464 et.

1930 4495 2146 4567 igneam
2204 4495 2444 4567 linguam
2491 4497 2634 4552 sicut
2680 4497 2920 4567 apostoli
2965 4499 3222 4554 sortitum
3255 4513 3401 4562 esse,
3442 4512 3491 4554 et

1932 4586 2120 4658 magni
2176 4587 2357 4642 instar
2387 4585 2562 4654 Isaiae,
2595 4587 2834 4645 carbone
2869 4589 3185 4660 prophetiae
3219 4589 3388 4646 fuisse
3419 4601 3481 4644 ta-

1934 4688 2104 4734 ctum.
2136 4680 2193 4734 Si
2229 4689 2410 4736 autem
2456 4679 2728 4751 loquelam
2758 4688 2812 4738 et
2855 4682 2991 4739 muti
3023 4697 3052 4738 a
3077 4683 3357 4738 nativitate
3390 4683 3492 4737 cla.

1932 4785 2050 4825 ram
2087 4785 2117 4826 a
2147 4771 2258 4828 Deo
2289 4771 2541 4828 obtinent
2574 4780 2629 4828 et
2673 4773 3028 4830 admirationi
3061 4783 3210 4840 sunt,
3251 4787 3304 4831 et
3353 4776 3494 4830 balbi

1930 4865 2278 4936 perspicuam
2307 4865 2544 4922 reddunt
2575 4881 2758 4922 vocem
2816 4875 2871 4924 et
2897 4867 2998 4938 ipsi
3031 4868 3340 4941 prodigium
3377 4885 3492 4924 εστι-

1933 4956 2098 5023 tiunt,
2129 4956 2312 5026 qualis
2359 4955 2462 5012 fuit
2492 4957 2836 5028 tardiloquns
2877 4957 2970 5014 ille
3020 4970 3208 5015 arator
3256 4960 3348 5030 qui
3405 4959 3494 5012 Dei

1931 5061 2122 5102 vocem
2165 5047 2577 5117 interpretatus,
2620 5047 2702 5104 sic
2749 5048 3121 5106 abundantius
3172 5051 3365 5104 meruit
3399 5049 3494 5104 ho-

1929 5137 2159 5192 norari?
2182 5139 2276 5194 sed
2311 5139 2454 5193 idem
2488 5137 2646 5194 aliter
2674 5138 2971 5196 dicendum
2999 5158 3013 5196 :
3049 5141 3105 5196 Si
3137 5142 3368 5213 diligens
3396 5142 3493 5196 ho-

1931 5229 2136 5283 minum
2189 5229 2431 5284 studium
2468 5229 2709 5298 linguam
2763 5240 2920 5287 curet
2972 5233 3024 5286 in
3067 5233 3337 5303 loquendo
3368 5235 3493 5287 mali

1927 5321 2284 5391 prohibitam,
2321 5323 2466 5391 quod
2487 5330 2542 5378 et
2575 5323 2704 5378 fecit
2734 5340 2800 5379 ex
2832 5325 3028 5380 Paeana
3057 5326 3201 5378 trihu
3229 5324 3494 5380 oriundus

1927 5425 2116 5468 orator
2165 5415 2231 5468 ad
2290 5415 2500 5470 vitiosa:
2552 5416 2995 5472 emendationem
3050 5426 3302 5484 naturte,
3361 5432 3479 5487 quo-

1928 5505 2091 5558 modo
2144 5521 2250 5559 non
2317 5506 2492 5575 possit
2553 5507 2903 5576 omnipotens
2953 5506 3242 5573 Dominus,
3290 5516 3494 5561 natura:

1925 5606 2166 5661 creator,
2217 5597 2502 5666 proprium
2559 5597 2908 5667 interpretem
2949 5611 3164 5663 curare,
3201 5597 3247 5651 si
3310 5596 3492 5665 lingua

1924 5687 2180 5742 laboret?
2202 5688 2511 5744 Notandum
2548 5703 2729 5744 autem
2763 5689 2908 5759 quod
2950 5688 3083 5741 illud
3125 5687 3490 5757 pronuntiauit

1923 5797 2030 5834 non
2068 5781 2378 5836 necessario
2411 5793 2662 5837 sumatur
2700 5797 2797 5850 pro
2845 5783 3074 5850 perfecte
3129 5792 3177 5834 ct
3219 5781 3490 5850 eleganter

1922 5874 2162 5943 protulit,
2201 5873 2296 5931 sed
2333 5875 2642 5945 significare
2667 5886 2854 5930 auctor
2877 5875 3038 5929 voluit
3067 5876 3267 5928 sincera
3299 5885 3343 5928 ct
3375 5892 3490 5926 mu-
