3788 6544
368 429 465 493 δίι
1078 424 1498 492 EUSTATIIII
1540 428 1964 493 THESSALOT

2072 431 2305 491 ENSIS
2346 428 2914 492 METROPOLIT/E
3488 441 3574 504 53a

365 547 563 617 uirum
595 544 801 600 locutus
835 553 928 610 est,
963 555 1127 617 prout
1155 539 1366 603 faciunt
1389 548 1678 619 diligenter
1705 557 1760 602 et
1781 560 1937 618 gene-

2072 548 2424 616 5ητόρευσεν
2447 548 2546 602 οὐκ
2579 548 2638 613 ἐξ
2687 550 2935 621 ἀνάγκης
2956 548 3295 618 λαμϐάνεται
3330 550 3438 605 ἀντὶ
3479 558 3572 626 τοῦ,

370 641 483 694 rosi
535 648 807 707 oratores,
854 640 1036 710 qualis
1064 641 1276 696 exstitit
1311 638 1525 712 Moyses
1560 656 1669 695 non
1702 656 1731 695 a
1765 640 1951 711 seipso

2072 641 2303 710 Ξιὰτορον
2343 639 2792 712 ἐκαλλιρῤημόνη
2804 659 2913 706 σεν,
2949 639 3086 694 ἀλλὰ
3109 640 3294 710 δηλοῦν
3319 641 3475 697 ἐθέλει
3501 650 3576 703 καὶ

369 734 623 802 loquens,
660 748 763 789 nec
795 733 1019 803 propria
1059 733 1361 801 proferens,
1396 733 1489 788 sed
1525 733 1795 788 divinitus
1827 747 1951 802 quae

2072 733 2137 798 τὸ,
2185 731 2447 785 σπουδαῖοι
2479 734 2576 785 καὶ
2611 732 2995 804 ἁναντίῤῥητα
3031 731 3255 802 ἐλάλησε
3304 735 3450 801 κατὰ,
3478 740 3579 802 τοὺς

369 826 460 879 Dei
494 835 692 891 erant;
722 827 869 882 unde
902 826 1249 881 invincibites
1274 835 1400 880 sunt
1447 835 1494 879 cl
1536 826 1638 896 ipsi
1682 842 1709 879 a
1745 824 1951 895 Spiritu

2072 828 2153 879 ιαὶ
2186 826 2522 893 ἐναγωνίους
2552 829 2649 881 καὶ
2688 825 2974 895 γενναίους
3027 824 3276 893 ῥήτορας,
3319 826 3482 888 ὁποῖος
3506 832 3581 881 πέο

364 929 563 973 sancto
593 918 758 974 amati
791 929 1041 975 oratores
1077 920 1192 990 qui,
1233 928 1292 973 ut
1320 927 1511 990 postea
1549 928 1709 974 canet
1761 929 1946 988 poeta,

365 1010 633 1066 illitterati
685 1026 807 1067 cum
865 1021 1074 1073 essent,
1128 1011 1445 1066 Graecorum
1492 1011 1949 1080 philosophorum

366 1120 465 1160 ora
508 1105 847 1170 clauserunt,
889 1119 995 1157 non
1034 1103 1194 1157 aliter
1241 1118 1406 1173 quam
1454 1104 1661 1168 verbo;
1718 1110 1772 1156 ct
1807 1100 1947 1155 tales

364 1209 489 1248 esse
516 1194 609 1248 Dei
644 1195 1033 1264 praedicatores
1056 1194 1282 1247 omnino
1312 1193 1628 1262 oportebat.

2060 935 2195 988 φηνε
2231 920 2323 972 καὶ
2352 921 2379 971 δ
2414 920 2680 989 Μωῦοῆς,
2714 918 2813 971 οὐκ
2851 915 2947 985 ἀφ’
2972 915 3167 969 ἑαυτοῦ
3193 916 3380 983 λαλῶν,
3407 918 3510 973 οὐδὲ
3528 923 3581 976 τὰ

2059 1012 2277 1078 ἑαυτοῦ,
2311 1011 2496 1065 θεόθεν
2528 1012 2584 1065 δὲ
2634 1010 2705 1064 τὰ
2731 1011 2825 1064 τοῦ
2858 1009 2997 1063 Θεοῦ
3024 1025 3038 1039 ⁸
3073 1009 3140 1063 δι’
3180 1001 3240 1062 οῦ
3272 1010 3583 1083 ἀκαταμάχη-

2055 1119 2139 1157 τοι
2172 1105 2265 1157 καὶ
2297 1105 2346 1158 oi
2375 1105 2519 1158 κατὰ
2564 1104 2627 1158 τὸ
2658 1102 2819 1172 ἅγιον
2847 1102 3072 1171 Πνεῦμα
3104 1102 3343 1174 ῥήτορες,
3386 1103 3430 1156 οἳ
3452 1103 3514 1166 ὡς
3538 1105 3583 1159 ὲν

2054 1195 2170 1257 τοῖς
2223 1195 2350 1265 ἑξῆς
2384 1195 2577 1265 μέλψει
2626 1194 2655 1246 ὁ
2714 1194 2972 1265 uatem.
3030 1194 3402 1263 ἀγράμματοιῖ
3436 1192 3581 1265 ὅντες.

365 1286 495 1348 τοὺς
523 1286 915 1353 τῶνἙλλήνων
944 1287 1209 1353 σοφιστὰς
1229 1284 1611 1356 ἐπεστόμιζον,
1640 1284 1738 1338 οὐκ
1766 1284 1941 1349 ἄλλως
1980 1284 2118 1339 ἀλλὰ
2148 1286 2292 1358 λόγῳ
2313 1304 2327 1319 '
2360 1289 2454 1342 καὶ
2502 1288 2671 1360 ἐχρῆν
2707 1288 2928 1350 πάντως
2963 1285 3236 1348 τοιούτους
3298 1280 3429 1338 εἶναι
3483 1286 3585 1351 τοὺς

366 1379 759 1450 θεορρήτορας.

438 1471 527 1525 ll.
569 1472 760 1526 Divina
802 1481 983 1526 autem
1035 1472 1122 1525 lea:
1177 1487 1342 1543 quam
1398 1472 1544 1529 Deus
1603 1474 1722 1543 ipse
1770 1473 1944 1542 digito

366 1560 610 1629 scripsit,
643 1576 741 1629 per
774 1576 937 1630 quam
970 1561 1251 1617 daemones
1287 1563 1462 1633 pellit,
1495 1572 1550 1619 et
1576 1578 1746 1618 onera
1776 1563 1945 1616 volvit

366 1667 490 1723 qua
516 1668 676 1709 nemo
707 1653 844 1709 feret
897 1668 1165 1721 unquam,
1189 1663 1244 1711 ct
1275 1655 1569 1712 innumera
1602 1656 1707 1710 alia
1733 1656 1951 1728 peragit

366 1748 674 1815 miracula;
706 1748 1072 1818 fexcogitaret
1120 1760 1301 1804 autem
1348 1748 1439 1805 hic
1494 1749 1681 1806 forsan
1743 1751 1947 1820 aliquis

367 1840 539 1908 quod,
575 1840 724 1896 inter
752 1851 971 1909 czetera,
1010 1841 1152 1897 alius
1178 1841 1251 1896 sit
1301 1843 1440 1912 legis
1494 1842 1676 1910 dator,
1724 1852 1778 1898 et
1809 1843 1950 1898 alius

369 1932 695 2002 legislator;
724 1932 820 1988 sed
851 1934 1013 1987 ambo
1044 1933 1100 1987 in
1132 1934 1301 1988 Deum
1335 1932 1590 1989 recidunt
1617 1951 1630 2000 ;
1660 1935 1777 2005 ipse
1800 1935 1947 1989 enim

370 2025 548 2095 legem
587 2026 680 2079 dat
708 2026 1096 2098 praecipiendo,
1141 2034 1194 2081 et
1226 2026 1334 2083 fert
1366 2027 1616 2084 scribens
1653 2029 1705 2082 in
1754 2043 1951 2096 corpo-

2131 1477 2220 1525 ια’.
2255 1470 2591 1539 Θεόγραέοος
2618 1468 2674 1521 δὲ
2700 1468 2906 1539 νόμος,
2958 1466 3019 1521 δν
3059 1465 3193 1529 Θεὸς
3237 1465 3388 1529 esse;
3414 1466 3584 1537 ἔγραψε

2057 1566 2330 1636 δακτύλῳ,
2365 1564 2435 1618 δι’
2464 1558 2526 1615 οὗ
2559 1565 2654 1617 καὶ
2696 1563 2949 1633 δαιμόνια
2991 1559 3241 1629 ἐκϐάλλει
3290 1561 3376 1613 καὶ
3421 1561 3583 1629 φορτία

2064 1663 2360 1734 μετακινεῖ,
2402 1660 2548 1727 ἆπερ
2576 1659 2677 1711 οὐκ
2720 1656 2786 1710 ἂν
2844 1656 3003 1727 φέροι
3050 1671 3157 1716 τις,
3215 1653 3304 1706 καὶ
3346 1652 3491 1708 λοιπᾶ
3537 1653 3584 1709 δὲ

2065 1748 2237 1818 μυρῐα
2264 1746 2476 1801 ὲκτελεῖ
2502 1745 2786 1814 τεράστια.
2818 1744 3124 1813 ῐῙορίσηται
3155 1742 3202 1794 δ’
3228 1740 3293 1795 ἄν
3312 1758 3392 1804 τις
3434 1742 3585 1796 ἐντεῦ-

2059 1841 2170 1903 θεν,
2203 1841 2250 1893 εἰ
2280 1839 2375 1893 καὶ
2410 1838 2496 1892 ἐπ’
2524 1839 2700 1894 ἄλλων
2729 1838 3025 1907 διαφόρους
3055 1836 3197 1889 εἶναι
3228 1836 3370 1889 δοκεῖ
3394 1836 3517 1890 κατά
3542 1853 3585 1889 τι

2058 1934 2150 1988 τόν
2181 1951 2239 1988 τε
2285 1931 2583 2001 νομοδότην
2618 1931 2712 1985 τόν
2743 1947 2801 1983 τε
2852 1928 3181 1999 νομοθέτην,
3213 1928 3324 1982 ἀλλ’
3353 1929 3438 1981 ἐπὶ
3476 1926 3585 1981 Θεοῦ

2058 2026 2382 2097 συμϐαίνειν
2413 2025 2723 2095 ἀμφότερα.
2764 2022 2823 2077 '0
2850 2023 2959 2093 γὰρ
2982 2021 3145 2085 αὐτὸς
3175 2021 3267 2073 καὶ
3296 2018 3589 2089 νόμονῖδὶδω-

370 2118 556 2184 ribus;
592 2117 732 2171 idem
759 2118 931 2187 legem
960 2128 1013 2173 ct
1040 2118 1211 2187 dedit,
1241 2128 1293 2174 et
1319 2120 1477 2186 tulit;
1514 2118 1801 2175 manifeste
1854 2135 1952 2173 au-

2072 2136 2146 2172 rw
2179 2119 2622 2188 ἐπιτελλόμενος,
2659 2117 2755 2171 καὶ
2788 2116 2968 2186 τίθησι
3002 2114 3235 2183 γράφων
3261 2113 3316 2165 ἐν
3343 2112 3586 2182 σώμασιν

374 2217 482 2263 tem
513 2224 540 2262 a
571 2207 682 2262 Deo
712 2209 919 2278 scripta
957 2209 1181 2263 inventa
1212 2218 1296 2264 est
1328 2209 1412 2264 lex
1443 2224 1538 2280 per
1568 2209 1788 2280 Moysen
1815 2208 1955 2264 divi-

376 2299 530 2354 nitus
567 2297 826 2353 lsraelitis
880 2299 1067 2365 missa,
1114 2300 1180 2353 ad
1215 2301 1715 2369 supereminentem
1766 2299 1960 2354 distin—

382 2392 621 2447 ctionem
655 2402 976 2446 caeterarum
1008 2392 1190 2463 legum
1221 2393 1485 2462 physica},
1526 2393 1798 2463 gentium,
1830 2392 1954 2448 etsi

382 2499 506 2554 qua
545 2483 648 2539 alia
686 2484 836 2554 justa
869 2482 1230 2555 distinguitur
1259 2486 1485 2538 omnino
1536 2486 1606 2540 ab
1655 2485 1744 2540 illa
1793 2485 1954 2554 lege;

378 2578 761 2649 incomposita:
800 2576 947 2632 enim
976 2586 1029 2633 et
1052 2578 1368 2647 incongrua
1400 2579 1566 2646 leges,
1594 2590 1647 2633 et
1683 2578 1957 2643 crudeles,

379 2670 571 2740 quales
596 2679 756 2724 erant
778 2669 1071 2742 Cyclopum
1106 2678 1160 2724 et
1193 2656 1599 2741 Lms'trygonum
1652 2670 1818 2739 leges,
1852 2685 1958 2723 non

382 2768 514 2816 sunt
545 2761 635 2816 hic
681 2762 907 2816 omnino
957 2765 1473 2830 commemorandse,
1512 2762 1734 2833 quando
1779 2776 1962 2817 sermo

381 2861 467 2909 est
524 2854 592 2909 de
638 2855 754 2924 lege
815 2869 844 2908 a
888 2854 997 2909 Deo
1041 2854 1144 2909 rite
1177 2855 1416 2924 scripta;
1471 2855 1613 2911 sicut
1661 2870 1763 2910 nec
1817 2855 1962 2924 leges

385 2958 580 2998 eorum
613 2943 703 3014 qui
733 2946 958 2999 statutis
1003 2952 1281 3015 reguntur
1316 2946 1575 3016 propriis,
1627 2946 1710 3000 vel
1763 2946 1960 3001 mulie-

383 3048 534 3101 rum,
587 3033 671 3089 vel
707 3034 1039 3101 tabularum,
1082 3036 1164 3089 vel
1194 3050 1510 3106 puerorum,
1544 3044 1599 3089 et
1646 3036 1692 3090 si
1742 3038 1835 3107 qui
1866 3035 1960 3091 alii

386 3126 526 3182 tales
562 3135 726 3193 sunt;
781 3142 880 3182 nec
915 3127 1017 3197 ipsi
1064 3127 1211 3181 enim
1262 3128 1332 3183 ob
1386 3127 1651 3183 vilitatem
1692 3127 1960 3183 memoria

387 3219 537 3289 digni
571 3228 719 3275 sunt.
749 3218 804 3273 Si
832 3228 1011 3274 autem
1036 3221 1219 3276 omnis
1248 3221 1329 3274 lex
1360 3221 1580 3287 politica
1608 3220 1703 3275 Dei
1732 3221 1963 3285 donum,

388 3320 445 3367 et
483 3312 814 3383 sapientium
840 3312 1127 3369 hominum
1158 3315 1403 3370 inventio
1434 3330 1557 3370 esse
1595 3315 1961 3386 dignoscitur,

2058 2212 2085 2263 ὁ
2123 2208 2285 2272 αὒτξις
2316 2209 2425 2278 ἄρα
2463 2208 2555 2261 καὶ
2584 2208 2884 2277 νομοδοτεῖ.
2921 2204 3096 2274 Δῆλον
3128 2203 3185 2256 δὲ
3215 2203 3296 2256 ὅτι
3329 2202 3586 2272 θεόγραφος

2058 2303 2253 2376 εὑρέθη
2279 2304 2444 2372 νόμος
2490 2303 2516 2355 ὁ
2546 2302 2633 2355 διὰ
2662 2300 2946 2363 Μωῦσέως
2989 2295 3179 2351 θεόθεν
3217 2298 3327 2358 τοῖς
3363 2294 3586 2363 Ἰσραηλί-

2059 2415 2179 2459 ταις
2209 2396 2482 2467 πεμφθεὶς
2526 2396 2663 2466 πρδς
2710 2395 3058 2466 ὖπέρσεμνον
3107 2389 3385 2461 διαστολὴν
3425 2389 3587 2459 ἐτέρων

2060 2495 2261 2563 νόμων,
2290 2491 2384 2544 τοῦ
2427 2490 2682 2558 φυσικοῦ,
2721 2488 2815 2541 τοῦ
2869 2484 3111 2546 ὲθνικοῦ,
3147 2484 3241 2536 καὶ
3276 2482 3326 2534 εῐ
3350 2499 3428 2545 τις
3467 2481 3589 2547 ἄξιος

2061 2582 2556 2642 ἀντιδιαστέλλεται
2604 2583 2741 2644 ὅλως
2784 2581 2933 2649 νόμῳ
2979 2576 3233 2647 τοιούτῳ.
3267 2575 3327 2627 Ui
3372 2574 3469 2644 γὰρ
3494 2573 3589 2626 ἀλό-

2060 2699 2236 2751 γιστοι
2264 2678 2359 2733 καὶ
2390 2678 2661 2745 ἀπρεπεῖς
2689 2674 2865 2741 νόμοι,
2892 2671 2973 2724 ἔτι
3006 2669 3064 2723 δὲ
3113 2670 3211 2720 καὶ
3241 2667 3288 2720 οἱ
3324 2664 3588 2736 θηριώδεις,

2063 2774 2238 2826 ὁποῖοι
2268 2770 2363 2823 καὶ
2390 2768 2440 2821 οἱ
2475 2765 2827 2827 κυκλώπειρι,
2859 2763 2947 2814 καῖ
2976 2761 3023 2813 οἱ
3044 2758 3187 2812 κατᾶ
3213 2758 3589 2824 Λαιστρυγόνας,

2066 2863 2187 2917 οὐδὲ
2228 2858 2624 2933 μνημονευτέοι
2646 2859 2783 2919 ὅλως
2815 2854 3074 2918 ἐνταῦθα,
3112 2850 3244 2904 ἔνθα
3272 2852 3298 2902 ὁ
3326 2849 3468 2915 λόγος
3488 2849 3590 2918 περὶ

2067 2957 2235 3024 νόμου
2270 2952 2505 3014 εὐθέτως
2530 2948 2779 3021 γραπτοῦ
2806 2946 2882 3014 τῷ
2922 2945 3039 3014 Θεῷ
3066 2961 3082 2975 ο
3122 2943 3264 2998 καθὰ
3298 2941 3411 2995 οὐδὲ
3436 2942 3480 2994 oi
3507 2939 3592 2992 τῶν

2065 3048 2407 3117 αὐτονόμων,
2445 3042 2620 3105 ἄλλως
2674 3042 2730 3095 δὲ
2779 3040 2900 3094 οῦδὲ
2944 3039 2993 3091 οἱ
3044 3037 3157 3090 τῶν
3203 3033 3589 3102 γυναικονόμων,

2066 3142 2160 3197 καὶ
2203 3139 2313 3194 τῶν
2339 3136 2803 3209 -τραπεζονόμων,
2856 3133 2950 3187 καὶ
2984 3132 3098 3184 τῶν
3146 3129 3484 3197 παιδονόμων,
3517 3125 3593 3180 καὶ

2065 3234 2121 3288 οἴ
2147 3251 2293 3297 τινες
2320 3231 2470 3286 ἄλλοι
2495 3227 2752 3283 τοιοῦτοι.
2804 3225 2928 3280 Οὐδ’
2961 3224 3118 3278 αὐτοὶ
3155 3222 3264 3292 γὰρ
3294 3222 3346 3273 ὲν
3368 3221 3468 3281 τοῖς
3493 3219 3592 3288 ἄρτι

2071 3328 2294 3398 μνήμης
2338 3323 2575 3389 ἐπάξιοι,
2609 3320 2701 3375 διὰ
2727 3317 2788 3373 τδ
2838 3316 3078 3379 εὐτελές.
3107 3316 3171 3369 Ei
3196 3315 3251 3368 δὲ
3287 3316 3376 3369 καὶ
3412 3310 3592 3374 adgrd-

387 3404 521 3461 talis
571 3413 718 3460 certe
758 3404 899 3461 bona
927 3413 1030 3473 est,
1068 3414 1122 3463 et
1166 3422 1297 3462 vere
1346 3406 1618 3461 accioitur
1658 3416 1716 3461 ut
1772 3423 1801 3461 a
1852 3407 1964 3463 Deo

2073 3437 2173 3489 μος
2208 3416 2487 3478 πολιτικὸς
2517 3414 2748 3484 δώρημα
2797 3409 2896 3481 μὲν
2928 3406 3091 3472 Θεοῦ,
3128 3406 3343 3476 εὕρημα
3368 3405 3420 3514 δὲ
3445 3402 3593 3514 σοιριῦν

390 3495 518 3551 data
559 3508 613 3552 et
652 3497 778 3553 lata.

468 3768 558 3823 12.
589 3767 781 3823 Limus
811 3776 991 3822 autem
1028 3768 1174 3839 quod
1214 3769 1286 3824 sit
1314 3783 1536 3824 caenosa
1586 3769 1887 3825 humiditas
1915 3780 1967 3826 et

390 3877 491 3933 per
520 3863 626 3917 hoc
653 3861 718 3916 ad
744 3860 1064 3917 illinendum
1090 3870 1244 3932 apta,
1272 3870 1327 3917 et
1355 3863 1504 3917 aliud
1536 3878 1701 3933 quam
1738 3864 1970 3918 materia

394 3954 752 4026 simpliciter,
806 3956 917 4025 jam
973 3955 1310 4011 declaratum
1361 3965 1443 4012 est
1493 3956 1719 4027 pulchre
1771 3972 1969 4027 reprae-

394 4053 623 4103 sentans
645 4061 709 4102 ex
742 4047 1064 4116 conjectura
1095 4048 1361 4103 naturalis
1403 4048 1549 4103 inter
1581 4049 1751 4118 legem
1800 4048 1971 4105 colla-

391 4138 564 4194 tionis
594 4147 648 4193 et
673 4153 897 4195 carnem
933 4139 985 4193 in
1014 4140 1172 4195 nobis
1205 4154 1269 4194 ex
1317 4140 1446 4195 limo
1481 4140 1744 4205 conditis,
1791 4139 1970 4196 ideam

393 4240 451 4287 et
501 4232 811 4297 notionem;
862 4230 1008 4286 unde
1073 4230 1432 4287 obtenebrata
1510 4242 1700 4289 nostra
1747 4233 1971 4288 mentali

391 4323 622 4380 lucerna
679 4325 838 4395 quasi
900 4326 969 4379 ab
1022 4340 1088 4380 eo
1141 4325 1397 4380 liniretur
1456 4326 1602 4381 velut
1654 4339 1717 4380 ex
1760 4324 1974 4382 limosis

392 4419 611 4474 tabellis
631 4461 646 4484 ,
673 4427 736 4473 ut
772 4429 961 4486 aperte
989 4418 1194 4484 dicam,
1219 4419 1499 4488 susceptio
1528 4419 1737 4473 deletur
1780 4426 1834 4473 et
1856 4433 1974 4473 ma-

393 4511 682 4568 nifestatio
713 4511 943 4567 luminis
979 4511 1035 4565 in
1065 4511 1341 4567 mentibus
1394 4510 1638 4577 nostris;
1672 4525 1772 4565 nec
1817 4510 1973 4580 prius

396 4606 737 4677 permittitur
772 4605 1094 4660 illuminans
1123 4619 1245 4660 esse
1273 4614 1328 4658 et
1356 4603 1589 4658 lucifera
1612 4603 1838 4658 lucerna
1858 4604 1976 4658 haec

393 4716 425 4754 a
458 4700 619 4755 Patre
645 4699 917 4754 luminum
962 4712 1216 4763 accensa,
1254 4696 1417 4765 quam
1470 4688 1642 4763 priino
1695 4709 1972 4751 caenosam

2022 3492 2037 3511 ”
2068 3509 2278 3581 ἀνδρῶν
2307 3507 2739 3578 ἑγνωμάτευται,
2770 3501 2907 3557 ἀλλὰ
2943 3498 3191 3553 τοιοῦτον
3240 3495 3432 3565 ἀγαθὸν
3463 3494 3593 3563 μάλι-

2071 3620 2172 3657 στα
2200 3604 2295 3656 καὶ
2316 3601 2521 3672 κυρίως
2540 3601 2573 3669 ἡ
2593 3594 2956 3665 διειλημμένη
2983 3593 3046 3645 ἐκ
3074 3588 3212 3645 Θεοῦ
3238 3588 3501 3658 νομοδοσξα
3520 3586 3594 3638 καὶ

2068 3695 2377 3761 νομοθεσία.

2143 3791 2231 3861 ιβ’.
2277 3790 2345 3843 Ἦ
2367 3788 2425 3841 δὲ
2461 3787 2573 3851 ἰλὺς
2600 3787 2681 3841 ὅτι
2713 3781 2964 3850 πηλώδης
2993 3777 3231 3849 ὑγρότης
3265 3773 3394 3830 ἐστὶ,
3424 3769 3506 3824 καὶ
3543 3764 3594 3820 δι’

2070 3885 2202 3940 αὐτὸ
2229 3879 2604 3950 ὲμπλαστικὴ,
2636 3876 2731 3930 καὶ
2749 3873 2878 3929 ἄλλο
2900 3888 2952 3925 τι
2986 3871 3139 3940 παρὰ
3168 3864 3457 3939 τὴνάπλῶς
3472 3862 3593 3931 ῦλην,

2069 3974 2371 4046 δεδήλωται
2420 3972 2555 4043 ἧδηο
2611 3967 2801 4037 σαφῶς
2846 3963 3232 4034 ἑρμηνεύουσα
3282 3960 3338 4026 ἐξ
3390 3955 3598 4016 εἰκασίας

2070 4066 2387 4138 προσφυοῦς
2434 4059 2757 4132 παραϐολῆς
2782 4059 2932 4128 νόμῳ
2959 4058 3020 4110 τδ
3051 4058 3110 4110 ὲν
3138 4057 3271 4127 ἡμῖν
3300 4056 3403 4114 τοῖς
3434 4052 3489 4104 ἐκ
3516 4065 3599 4117 πη-

2069 4164 2164 4220 λοῦ
2198 4163 2459 4235 σαρκικδν
2502 4159 2761 4231 φρόνημα
2807 4158 2903 4210 καὶ
2957 4156 3140 4225 νόημα
3163 4172 3177 4187 ο
3215 4154 3281 4208 δι’
3311 4153 3366 4208 οῦ
3407 4153 3600 4216 ἐπιπρο-

2073 4258 2373 4329 σθούμενον
2404 4254 2465 4309 τὸ
2486 4253 2670 4324 νοερὸν
2698 4253 2830 4324 ἡμῖν
2857 4250 3046 4321 φανῖον
3082 4249 3158 4312 ὡς
3192 4247 3240 4300 εἰ
3267 4248 3354 4301 καὶ
3385 4240 3602 4298 ὲνεπλάτ·

2070 4365 2193 4401 τετο
2218 4347 2310 4399 ὑπ’
2348 4342 2514 4399 αὐτοῦ
2555 4338 2645 4395 οἷα
2680 4343 2771 4395 καὶ
2819 4338 2996 4407 πηλοῦ
3033 4338 3309 4393 πλατειῶν
3353 4329 3601 4390 δαυιτικῶς

2074 4442 2271 4503 εἰπεῖν,
2316 4438 2547 4507 ἀφαντοῖ
2578 4436 2678 4507 τὴν
2730 4434 2824 4487 τοῦ
2877 4435 3019 4489 κατὰ
3049 4432 3282 4502 Πνεῦμα
3342 4426 3503 4496 φωτὸς
3528 4422 3602 4473 καὶ

2076 4529 2322 4602 εἰσδοχὴν
2369 4529 2461 4583 καὶ
2500 4529 2807 4598 ἔκφανσινο
2859 4526 2954 4580 καὶ
2998 4524 3059 4580 οῦ
3112 4524 3374 4596 πρότερον
3422 4517 3606 4584 ἀφίεται

2078 4621 2354 4693 φεραυγὲς
2410 4617 2551 4673 εἶναι
2605 4618 2700 4673 καὶ
2758 4617 3048 4688 φωσφόρον
3081 4603 3603 4693 ἐμπυρευόμενονλὲκ

2079 4691 2173 4768 τοῦ
2200 4712 2308 4766 τῶν
2343 4711 2536 4781 φώτων
2570 4709 2805 4781 Πατρδς,
2838 4707 2998 4779 εῑᾙὴ
3027 4706 3295 4775 πρότερον
3324 4700 3416 4771 τὴν
3444 4691 3607 4758 ἰλυώδη

396 4791 820 4847 absterserimus
860 4788 1181 4844 interiorem
1237 4785 1711 4851 mansitmculam;
1748 4786 1964 4855 quando

2079 4802 2455 4873 ἀπαλείψομεν
2487 4800 2854 4870 μεσολάῢησιν
2878 4814 2893 4829 ⁶
2921 4798 3010 4852 ὅτε
3042 4800 3137 4851 καὶ
3164 4797 3295 4866 ὁρᾷν
3323 4794 3476 4864 ἤγουν
3494 4782 3607 4839 νοεῖν

394 4893 451 4939 et
507 4883 696 4939 videre
739 4882 828 4937 vel
891 4881 1134 4950 cogitare
1183 4879 1490 4949 poterimus
1548 4878 1972 4935 illuminatorem

393 4975 586 5042 Deum,
620 4975 854 5030 cadente
908 4973 1127 5027 madido
1176 4986 1358 5038 coeno,
1402 4981 1455 5026 et
1514 4974 1726 5025 munita
1781 4979 1973 5027 contra

395 5069 788 5139 impedimenta
816 5065 1061 5120 immissa
1088 5064 1241 5132 luce;
1269 5074 1327 5119 ut
1360 5064 1558 5121 exinde
1582 5066 1736 5121 locus
1768 5065 1860 5132 qui
1891 5074 1975 5119 est

396 5163 455 5218 in
491 5162 673 5217 anima
731 5168 917 5215 nostra
972 5158 1311 5225 illuminans,
1353 5166 1407 5213 ct
1459 5159 1698 5229 excipiat
1743 5159 1973 5213 hilarem

396 5256 579 5310 lucem
606 5268 637 5307 a
671 5252 802 5319 Deo,
833 5259 887 5307 et
935 5252 1171 5319 emittat,
1202 5250 1336 5307 adeo
1358 5262 1413 5307 ut
1442 5252 1722 5322 quomodo
1748 5251 1972 5323 quidam

397 5347 494 5415 ait,
534 5361 659 5402 eum
700 5345 1016 5400 certissime
1067 5355 1255 5401 cernat
1301 5346 1394 5415 qui
1451 5354 1535 5401 est
1573 5344 1714 5400 ultra
1754 5359 1973 5401 omnem

400 5439 690 5495 visionem.

468 5533 557 5589 15.
597 5531 838 5587 Verbum
871 5534 1137 5586 excutiens
1167 5529 1548 5586 fortitudinem
1603 5530 1971 5597 demonstrat,

401 5636 450 5682 et
492 5625 733 5681 nobilem
769 5625 1085 5679 facilitatem
1118 5624 1186 5680 ob
1214 5626 1593 5681 liberationem
1627 5638 1655 5677 a
1686 5624 1867 5688 male;
1896 5622 1977 5678 sic

402 5719 533 5776 salvi
564 5719 820 5776 Israelita:
863 5719 989 5773 facti
1024 5726 1153 5772 sunt
1184 5718 1441 5789 projectis
1468 5716 1740 5788 [Egyptiis
1775 5716 1828 5769 in
1862 5731 1976 5771 ma-

402 5828 489 5881 re;
546 5813 627 5868 sic
690 5811 890 5867 Paulus
955 5800 1298 5866 mordentem
1350 5810 1593 5879 viperam
1654 5807 1894 5863 excussit
1944 5822 1974 5862 a

404 5922 584 5964 manu.
624 5904 897 5965 Usitatum
932 5916 1113 5963 autem
1146 5905 1252 5962 boc
1280 5906 1531 5975 verbum,
1570 5913 1621 5960 et
1661 5903 1714 5959 in
1748 5902 1974 5975 psalmis

2080 4894 2423 4967 δυνησόμεθα
2479 4893 2571 4947 τὸν
2637 4892 2949 4963 φωτοδὸτην
3001 4890 3159 4951 Θεὸν.
3211 4889 3307 4958 τῆς
3360 4879 3608 4946 «rasam;

2083 4990 2226 5054 ἰλύος
2256 4989 2355 5044 καὶ
2382 4987 2787 5056 ἐπιπιπτούσης
2808 4985 2903 5039 καὶ
2924 4982 3289 5052 στεγανοῦσης
3322 4977 3449 5048 πρὸς
3468 4968 3610 5025 κωλύο

2084 5099 2192 5152 μην
2224 5080 2404 5151 φωτὸς
2436 5080 2883 5149 ἁπενηνεγμένης
2905 5094 2919 5107 ·
2954 5079 3029 5139 ὡς
3060 5073 3317 5130 ἐντεῦθεν
3345 5069 3403 5123 τὸ
3430 5068 3481 5121 ἐν
3503 5061 3609 5134 ἡμῖν

2082 5158 2418 5241 φωταγωγὲξ
2449 5168 2651 5240 χωρίον
2686 5170 2746 5221 τὸ
2778 5169 2921 5222 κατὰ
2947 5166 3150 5237 ψυχὴν,
3184 5165 3279 5218 καὶ
3313 5153 3609 5227 εἰσδέχεσθαι

2081 5265 2199 5335 φῶς
2236 5263 2420 5335 ἱλαρὸν
2470 5260 2677 5325 θεόθεν,
2714 5259 2810 5314 καὶ
2860 5258 3243 5331 προπέμπειν,
3294 5253 3367 5319 ὡς
3391 5250 3610 5316 ὀξύταται

2079 5356 2223 5411 κατὰ
2254 5356 2344 5409 τὸν
2389 5353 2534 5408 οὕτω
2581 5354 2848 5423 φάμενον,
2893 5350 3254 5423 ἔκδέρκεσθαι
3306 5346 3394 5400 τὸν
3429 5338 3612 5406 ἀπάσης

2081 5450 2208 5514 θέας
2238 5448 2524 5502 ἐπέκεινα.

2161 5548 2251 5611 ιγ’.
2284 5541 2358 5594 Τὸ
2403 5541 2460 5594 δὲ
2492 5538 2813 5606 ἑκτινάξας
2843 5540 3198 5608 γενναιότητα
3245 5532 3490 5605 ἐμφαίνει
3533 5522 3610 5578 καὶ

2085 5630 2283 5701 εὐγενῆ
2312 5628 2595 5702 ῥᾳστώνην
2624 5630 2680 5696 ἐξ
2710 5629 3032 5698 ἀπαλλαγῆς
3060 5626 3236 5683 κακοῦ
3258 5641 3273 5656 °
3306 5624 3469 5684 οὕτως
3491 5616 3613 5682 ἐξάν-

2083 5738 2197 5784 τεις
2231 5719 2562 5791 Ἰσραηλῖται
2607 5718 2718 5771 τῶν
2768 5716 3084 5786 Ᾱξγυπτεων
3135 5716 3381 5785 ἐγένοντο
3434 5712 3612 5762 ἐκτινα-

2087 5812 2326 5884 χθέντων
2356 5812 2437 5874 εἰς
2491 5808 2764 5864 θάλασσαν
2783 5826 2798 5842 ο
2831 5807 2975 5865 οὕτω
3005 5807 3217 5872 Παῦλος
3246 5807 3345 5877 τὴν
3386 5793 3609 5857 ὲνδακοῦ·

2086 5921 2185 5960 σαν
2212 5902 2428 5975 ἔχιδναν
2460 5902 2746 5968 ἐκτινάξας
2780 5884 2978 5972 ἀπάγει
3006 5900 3104 5972 τῆς
3128 5900 3309 5973 χειρός
3331 5915 3345 5931 ο
3378 5895 3611 5968 χρήσιμον
