3840 6562
215 342 313 407 διο

1033 343 1116 405 IN
1165 344 1506 408 HYMNUM
1544 344 2199 411 PENTECOSTALEM
2241 346 2699 410 DAMASCENI.

3344 340 3469 410 53¢“

208 465 259 517 δέ
284 479 338 517 τι
387 458 614 516 ἐνταῦθα
647 461 744 516 καὶ
768 460 1047 533 ψαλμικδν
1073 463 1134 518 τδ
1167 482 1187 516 ι
1226 464 1611 540 Ἑξετινάχθην
1633 469 1767 524 ὡσεὶ
1793 502 1810 545 λ

1923 475 2095 524 itum:
2127 467 2439 523 «Excussus
2451 464 2571 522 sum
2586 467 2727 523 sicut
2747 458 3021 523 locustae.»
3045 466 3276 524 Ocnlum
3299 446 3453 522 men-

211 554 422 625 ἀκρίδες
442 571 487 606 ο»
513 553 670 624 δμμα
702 556 760 611 δὲ
781 555 926 623 νόου,
957 556 1033 620 ὡς
1062 556 1128 611 ἐκ
1160 560 1359 630 μέρους
1374 558 1570 616 τούτου
1586 560 1679 616 τὸν
1707 561 1768 615 τὸ

1923 585 1944 624 5
1975 583 2041 622 ex
2074 567 2173 622 bac
2207 576 2361 637 parte
2397 564 2670 634 duplicem
2702 571 2874 619 totum
2907 548 3181 621 hominem
3237 552 3450 632 innuit,

211 648 379 701 πάντα
423 646 640 701 διπλοῦν
682 647 983 705 αἰνίττεται
1028 648 1340 720 ἄνθρωπον.
1391 652 1479 717 Ὠς
1520 650 1632 725 γὰρ
1669 655 1773 726 μιᾷ

1923 668 1936 714 t
1969 659 2113 716 enim
2145 659 2239 718 uni
2262 669 2431 730 portae
2456 658 2652 714 domus
2681 657 2914 728 alicujus
2936 658 3113 728 quoad
3140 658 3453 727 intelligen-

212 740 379 811 θυρίδι
407 739 499 792 τοῦ
527 739 652 794 κατ’
680 740 973 812 ἄνθρωπον
1016 743 1189 811 οἴκου,
1235 745 1301 815 τῇ
1337 745 1456 798 κατ’
1491 745 1660 817 ἀκοήν
1687 747 1774 800 αε-

212 830 465 902 σθητικὴν
505 833 915 905 ἀπανέῳγενή
951 836 1094 891 κατὰ
1132 834 1283 901 νοῦν,
1318 836 1495 902 οὓτως
1526 840 1625 893 καὶ
1652 840 1774 904 ταῖς

210 926 417 988 λοιπαῖς
441 925 698 994 τέτρασιν
737 929 799 981 αἱ
827 927 1104 998 ἀνάλογοι.
1134 930 1195 982 Εἰ
1228 928 1287 984 δὲ
1323 932 1419 985 καὶ
1445 931 1606 1004 χερσὶ
1646 935 1763 1004 χεῖ-

213 1035 317 1088 ρες,
338 1019 437 1072 καὶ
463 1019 624 1084 πόδες
650 1022 803 1087 ποσὶ,
830 1022 926 1076 καὶ
973 1025 1115 1094 μέσα
1154 1025 1344 1095 μέσοις
1383 1028 1773 1099 παράκεινται,

213 1109 542 1178 σινδυασμοῦ
568 1111 734 1182 λόγῳ,
785 1113 879 1167 τοῦ
915 1114 1040 1169 κατ’
1081 1116 1335 1187 αἴσθησιν
1366 1119 1461 1173 καὶ
1507 1119 1607 1174 τοῦ
1636 1123 1778 1176 κατὰ

212 1200 347 1269 νοῦν,
388 1201 486 1255 οὐκ
516 1202 583 1258 ἂν
619 1205 706 1275 εἴη
752 1206 1053 1273 ἀναγκαῖον
1095 1210 1175 1272 εις
1221 1209 1384 1266 πλέον
1416 1212 1781 1283 ἐπισημαίνε-

214 1293 327 1346 σθαι
370 1295 527 1364 παρὰ
565 1313 631 1365 γε
670 1297 982 1368 ἀνθρώποις
1026 1300 1088 1354 ού
1129 1301 1597 1370 παραδλέπουσιν,
1646 1305 1783 1361 ἀλλὰ

212 1383 376 1449 ὀρθῶς
397 1387 751 1459 μεμαθηκόσι
795 1389 1027 1460 θεωρεῖν
1057 1391 1285 1462 διπλόην
1329 1394 1538 1466 ταύτην
1564 1399 1785 1451 ἐπαινε-

213 1475 304 1543 τὴν
329 1475 433 1546 τὴν
464 1480 606 1533 κατὰ
636 1479 953 1550 ἄνθρωπον.

280 1564 357 1623 ιδ’.
389 1569 464 1622 Τὸ
492 1574 624 1643 γὰρ,
659 1571 772 1641 ὁρᾷ
813 1575 918 1630 τὸν
943 1575 1112 1641 ὄντα,
1141 1577 1361 1633 δίδωσιν
1387 1580 1521 1651 ήμῖν
1569 1580 1786 1652 θαυμά-

216 1660 343 1723 ζειν,
369 1661 456 1715 ὅτι
479 1662 538 1714 ἐν
567 1665 757 1736 γνόφῳ
785 1666 997 1740 καθορᾷ
1019 1669 1046 1721 ὁ
1077 1669 1517 1736 θεοπτικὼτατος
1543 1673 1788 1744 Μωῦσῆς

217 1753 428 1809 κάλλιον
457 1756 604 1828 ήπερ
630 1761 680 1812 οε
729 1760 1011 1834 ἄνθρωποι
1048 1765 1118 1820 τὰ
1150 1764 1385 1832 αἰσθητὰ
1427 1767 1486 1820 ἐν
1518 1769 1660 1835 φωτὶ
1688 1786 1787 1823 κα-

1879 751 2010 807 tiam
2038 766 2321 817 sensuum,
2348 750 2600 821 Opposita
2631 758 2783 819 patet
2823 750 2927 804 alia
2959 751 3012 803 in
3052 758 3255 812 mente,
3288 750 3367 805 sic
3398 750 3451 802 in

1879 842 2003 896 aliis
2035 848 2272 911 quatuor
2302 843 2576 898 sensibus.
2623 840 2682 896 Si
2719 851 2904 896 autem
2943 839 3202 895 manibus
3234 856 3456 906 manus,

1881 945 1936 990 et
1979 932 2146 1005 pedes
2198 934 2451 1003 pedibus,
2515 950 2583 990 ex
2616 933 2793 989 media
2851 933 3044 989 mediis
3095 934 3368 1005 adjacent,
3404 938 3458 992 in

1882 1026 2107 1082 modum
2134 1027 2411 1082 ‘dualismi
2457 1027 2604 1083 inter
2652 1041 2848 1083 sensus
2879 1034 2933 1082 et
2962 1039 3222 1095 mentem,
3264 1030 3337 1083 nil
3373 1045 3463 1084 neu
3558 1040 3565 1045 ‘

1882 1138 2038 1178 cesse
2066 1124 2203 1179 foret
2236 1122 2367 1178 illud
2395 1123 2774 1180 demonstrare
2806 1123 3120 1180 hominibus
3151 1141 3254 1180 non
3284 1116 3461 1195 negli-

1882 1214 2177 1282 gentibus.
2224 1215 2396 1285 probe
2450 1225 2633 1270 autem
2698 1216 3002 1271 scientibus
3046 1216 3231 1271 videre
3283 1215 3463 1287 dupli-

1886 1319 2003 1361 cem
2036 1306 2264 1378 gloriam
2301 1307 2444 1362 hanc
2474 1308 2531 1363 in
2556 1308 2801 1364 homine.

1967 1558 2052 1613 Η.
2086 1556 2289 1623 Verba,
2324 1561 2464 1615 videt
2505 1578 2624 1616 eum
2652 1565 2745 1633 qui
2772 1573 2869 1629 est,
2927 1565 3239 1621 admirandi
3286 1567 3467 1621 locum

1889 1650 2135 1719 praebent
2183 1651 2330 1721 quod
2388 1652 2603 1724 Moyses
2662 1655 2747 1708 vir
2808 1657 3048 1711 maxime
3114 1660 3463 1726 perspicuus,

1894 1743 2092 1798 melius
2124 1741 2293 1798 Deum
2339 1743 2537 1799 viderit
2582 1746 2636 1800 in
2684 1746 2852 1813 nube,
2909 1760 3075 1816 quam
3121 1747 3368 1802 homines
3411 1748 3467 1801 in

221 1846 381 1918 θαρῷ.
431 1852 601 1907 Αὐτοὶ
632 1854 741 1926 γὰρ
782 1857 1258 1926 παραδλέποντες,
1288 1859 1385 1913 καὶ
1428 1863 1498 1915 τὰ
1534 1861 1611 1933 μὴ
1660 1861 1791 1915 ὄντα

1923 1850 2028 1889 atra
2055 1835 2180 1891 luce
2213 1837 2517 1893 sensibilia.
2568 1837 2674 1907 Ipsi
2719 1838 2867 1894 enim
2904 1849 3059 1895 torva
3088 1847 3323 1903 tuentes,
3351 1854 3474 1909 quas

221 1942 353 1996 ἐστιν
377 1942 445 1997 οὗ
485 1947 561 2011 ὡς
589 1946 720 2001 ὄντα
754 1951 1121 2019 φαντάζονται
1140 1971 1154 1985 ο
1191 1953 1521 2027 θεορρήμων
1549 1958 1655 2026 ἄρα
1691 1975 1790 2011 κυ-

222 2034 341 2105 ρίως
366 2039 396 2091 δ
422 2039 669 2112 Μωῦσῆς
719 2043 796 2104 ὡς
825 2043 959 2099 Θεὸν
989 2045 1081 2098 τὸν
1119 2046 1291 2110 ὅντως
1328 2048 1461 2102 ὄντα
1502 2050 1648 2120 ὀρῶν
1696 2052 1794 2104 καὶ

220 2128 424 2201 ἀληθῶς
473 2133 910 2204 θεωρικώτατος.
944 2140 1145 2194 ’ἰστέον
1195 2143 1252 2195 δὲ
1305 2145 1386 2197 ὅτι
1428 2145 1510 2209 τὸ,
1543 2144 1654 2213 ὁρᾷ
1684 2145 1793 2199 τὸν

222 2220 376 2286 ὄντα,
399 2223 561 2294 δηλοῖ
591 2227 669 2297 μή
695 2228 1008 2299 ἱνδαλθῆναι
1037 2233 1069 2303 ἦ
1093 2233 1270 2297 ἄλλως
1294 2235 1482 2298 ἁπλῶς
1499 2235 1641 2290 οὕτω
1660 2253 1794 2306 φαν-

220 2320 549 2391 τασιωθῆναι
579 2323 675 2377 τὸν
707 2325 951 2396 Μωῦπῆν
981 2328 1291 2397 τηνικαῦτα
1322 2347 1336 2362 ·
1372 2330 1537 2383 αὐτὴν
1563 2331 1619 2384 δὲ
1654 2331 1797 2384 πάν-

222 2429 318 2475 τως
356 2410 468 2467 τις
506 2416 643 2468 Θεὸν
693 2417 823 2471 ἰδεῖν
872 2418 949 2482 ὡς
992 2419 1271 2490 ἀνθρώπῳ
1326 2422 1586 2491 ἐφικτόν·
1642 2425 1798 2476 ποῖον

223 2503 372 2572 Θεόνς
406 2504 474 2559 οῦ
506 2506 699 2576 κύριον
720 2507 910 2580 ὥσπερ
942 2511 1116 2578 δνομα
1144 2511 1200 2565 Ὀ
1223 2511 1343 2566 ὢν·
1380 2513 1523 2568 κατὰ
1560 2513 1622 2569 te
1659 2513 1800 2584 Ἐγώ

223 2596 328 2663 ειμι
357 2599 393 2650 ὁ
428 2595 548 2649 ὤν’
572 2599 600 2651 ό
631 2601 755 2653 κατ’
793 2600 987 2672 ἐξοχὴν
1003 2602 1233 2674 δηλαδή.
1270 2603 1333 2656 El
1354 2603 1412 2658 δὲ
1440 2604 1538 2657 καὶ
1576 2606 1645 2658 τὰ
1667 2604 1799 2658 ὄντα

225 2685 353 2742 εἶδαν
386 2689 586 2745 ἄλλοτε
617 2692 707 2746 διὰ
733 2694 829 2747 τοῦ
858 2695 1017 2763 Θεοῦ,
1053 2697 1147 2750 καὶ
1187 2695 1360 2759 οὕτως
1390 2690 1533 2749 εἶδεν
1557 2695 1625 2750 τὰ
1657 2698 1801 2752 κατὰ

225 2782 313 2852 τήν
338 2786 742 2855 κοσμογένειαν
774 2791 802 2843 ό
852 2791 1115 2857 Μωῦσῆς,
1168 2791 1265 2860 οὐχ
1318 2791 1527 2860 ἅπλῶς,
1568 2791 1712 2861 λόγῳ
1743 2791 1801 2844 δὲ

230 2879 546 2947 φιλοσοφίας
577 2880 716 2935 καθὸ
744 2880 949 2953 δηλαδὴ
992 2883 1125 2936 ὄντα
1146 2900 1160 2915 ⁸
1199 2884 1336 2937 ἀλλὰ
1381 2883 1478 2937 νῦν
1510 2883 1677 2938 αὐτὸν
1705 2882 1800 2939 τὸν

231 2970 344 3026 θντα
372 2972 593 3043 βλέπει,
638 2974 731 3029 τὸν
765 2975 833 3029 δι’
880 2976 940 3030 οῦ
969 2976 1039 3031 τὰ
1066 2976 1197 3031 θντα
1232 2977 1432 3041 πάντα,
1482 2978 1577 3031 καὶ
1622 2977 1683 3032 οῦ
1732 2979 1801 3049 τῇ

232 3067 518 3140 δεσποτεία
546 3069 616 3123 τὰ
639 3068 769 3124 ὄντα
791 3071 968 3127 πάντα
999 3072 1311 3127 ὑπόκειται.
1340 3072 1430 3125 Ἐν
1453 3072 1512 3126 δὲ
1536 3071 1615 3143 τῷ
1635 3068 1805 3141 μυεῖ-

234 3175 319 3214 ται
348 3162 665 3232 σημείωσαι
693 3165 776 3218 ὅτι
819 3163 936 3233 ἅμα
970 3159 1078 3218 εἶδε
1123 3165 1363 3234 Μωῦσῆς
1406 3165 1499 3219 τὸν
1528 3164 1679 3228 ὄντα,

238 3256 433 3311 αὐτίκα.
471 3260 693 3327 μυεῖται
724 3259 791 3310 τὰ
826 3257 924 3312 τοῦ
956 3258 1299 3328 Πνεύματος,
1331 3259 1389 3312 ὲν
1411 3253 1493 3321 οἷς
1522 3259 1551 3312 δ
1583 3257 1810 3328 θεόγρα-

241 3366 328 3418 90;
350 3350 548 3420 νόμος,
581 3350 670 3404 ἵνα
702 3350 777 3415 ὡς
808 3353 836 3404 ό
880 3349 1143 3421 ἑωρακὼς
1177 3350 1271 3404 τὸν
1300 3349 1432 3404 Υιδν
1460 3349 1676 3421 ἑώρακε
1716 3354 1811 3403 καὶ

240 3442 322 3495 τὸν
366 3442 623 3513 Πατέρα,
650 3440 826 3506 οὕτως
855 3443 884 3495 ὁ
906 3440 1201 3512 ’ἲωρακὼς
1231 3441 1260 3496 δ
1293 3441 1413 3494 ἐστὶ
1463 3440 1685 3512 νοήσας,
1718 3439 1816 3493 καὶ

242 3535 373 3591 οὕτω
404 3537 575 3606 γνοὺς
606 3536 698 3591 τὸν
745 3537 898 3603 ὄντα,
947 3536 1061 3605 ἔχοι
1107 3535 1310 3605 γνῶσιν
1348 3534 1548 3589 αὐτίκα
1592 3533 1689 3589 καὶ
1721 3531 1815 3586 τοῦ

244 3628 578 3697 Πνεύματος.
624 3627 858 3697 ’Δγαθδν
884 3627 1044 3681 τοῦτο
1090 3627 1255 3703 μέγα,
1288 3626 1347 3679 τὸ
1393 3625 1489 3680 καλ¹
1525 3625 1641 3690 τοῖς
1684 3625 1819 3679 ἀπο-

249 3722 449 3787 στόλοις
474 3721 885 3793 κεχαρισμένον
906 3719 1014 3775 ἀπὸ
1042 3719 1140 3788 τῆς
1172 3719 1420 3789 σήμερον
1451 3717 1675 3788 ἑορτῆς.

309 3914 392 3964 ιε’.
429 3904 539 3960 Τοῦ
563 3905 621 3959 δὲ
639 3901 878 3974 μυεῖται
902 3900 1050 3968 λέξιν
1077 3899 1441 3973 καιριωτέραν
1469 3900 1583 3961 τοῖς
1613 3898 1684 3951 τὰ
1705 3896 1826 3950 θεῖα

249 3999 596 4070 τελουμένοις
647 3998 749 4050 οὐκ
799 3994 950 4048 ἔστιν
994 3992 1273 4062 εύρέσθαι.
1319 3991 1409 4057 Ἐξ
1468 3991 1643 4059 αὐτῆς
1695 3987 1826 4057 γοῦν

254 4094 372 4165 παρ’
402 4092 641 4164 Ἕλλησι
679 4088 881 4161 μύσται
911 4087 974 4141 τδ
1002 4086 1225 4158 πρῶτον
1255 4085 1306 4139 oi
1332 4086 1401 4139 τὰ
1425 4085 1580 4154 σφίσι
1609 4079 1828 4135 δοκοῦν-

253 4206 315 4243 τα
341 4188 600 4244 θειότατα
626 4180 1111 4256 κρυφιομυστικῶς
1138 4177 1665 4248 παραλαμϐάνοντες
1695 4171 1832 4244 πρδς

256 4283 356 4336 τῶν
406 4280 663 4352 ἱερᾶσθαι
714 4277 1010 4347 λαχόντων,
1043 4272 1139 4327 καὶ
1175 4270 1320 4326 οὕτω
1354 4268 1701 4338 τελούμενοι,
1739 4266 1834 4319 καὶ

258 4369 655 4441 τελεταρχικῶς
708 4366 1126 4432 παιδευόμενον
1161 4362 1321 4415 ὁποῖα
1362 4360 1458 4414 καὶ
1490 4358 1562 4412 τὰ
1596 4356 1835 4411 ’Δττικᾶ

264 4465 469 4536 μεγάλα
508 4464 604 4517 καὶ
634 4459 811 4530 μικρὰ
854 4456 1130 4527 μυστήρια
1173 4453 1271 4507 καὶ
1308 4453 1378 4506 τὰ
1421 4453 1482 4504 ὲν
1511 4448 1834 4519 Τροφωνίου

262 4560 348 4614 καὶ
369 4560 671 4629 Ἄμμωνος
697 4552 796 4607 καὶ
817 4551 1004 4605 λοιπά.
1038 4549 1324 4619 Παρῆκται
1342 4547 1400 4602 δὲ
1426 4547 1459 4615 ή
1492 4545 1641 4610 λέξις
1663 4544 1695 4614 ἦ
1725 4544 1834 4597 ἀπὸ
1865 4563 1910 4619 υ

264 4654 351 4707 τοῦ
378 4652 561 4725 μύειν,
594 4650 624 4703 ὅ
652 4650 770 4701 ἐστι
806 4644 1103 4714 συγκλύειν
1149 4644 1219 4696 τὰ
1255 4642 1409 4713 χείλη
1431 4656 1447 4671 ·
1481 4641 1694 4708 ἀνάγκη
1729 4639 1835 4708 γὰρ

265 4740 329 4817 ἦν
352 4746 514 4816 σιγᾷν
541 4742 721 4809 πάντη
750 4738 848 4791 καὶ
895 4735 1119 4799 πάντως
1148 4734 1276 4796 τοὺς
1320 4732 1666 4803 μυουμένους
1693 4729 1838 4800 ἅπερ

268 4824 645 4908 ὲτελέσθησαν,
687 4836 764 4898 ὡς
805 4832 903 4886 καὶ
952 4831 1005 4884 οἱ
1045 4827 1414 4896 Πυθαγορικοὶ
1464 4825 1703 4895 μάλιστα
1747 4825 1840 4891 δη-

268 4931 435 5000 λοῦσι,
476 4928 578 4984 κοιλ⁹
609 4926 826 4993 θανάτῳ
847 4922 1120 4992 ἐτιμῶντο
1153 4919 1204 4972 οἱ
1234 4919 1305 4970 τὰ
1341 4917 1621 4986 μυστήρια
1654 4914 1840 4967 ποιού-

275 4998 428 5096 μενοι
445 5024 699 5092 ἐκφοραο
732 5016 766 5089 ἢ
799 5016 909 5070 ἀπὸ
933 5013 1030 5067 τοῦ
1061 5009 1241 5084 μύειν,
1271 5007 1301 5061 ὃ
1324 5007 1389 5077 δὴ
1438 5007 1534 5060 καὶ
1563 4998 1841 5075 κοῖμμύειν

274 5118 470 5189 φαμὲν,
503 5117 593 5171 διὰ
617 5114 677 5168 τδ
709 5112 821 5166 δεῖν
846 5106 988 5164 εἷναι
1008 5107 1102 5160 τὸν
1126 5102 1272 5159 οὕτω
1306 5100 1841 5171 μυστηριαζόμενον,

277 5214 351 5276 εἰς
379 5211 577 5267 ἑαυτὸν
625 5204 889 5275 συνῆχθαι
919 5201 1017 5256 καὶ
1071 5198 1257 5271 μόνον,
1291 5192 1433 5250 κατά
1471 5192 1565 5246 τὸν
1598 5192 1720 5244 ὅλον
1752 5191 1847 5245 ἄν·

279 5304 513 5374 θρωπον,
563 5299 660 5355 καὶ
710 5296 877 5369 μηδέν
919 5312 975 5348 τι
1024 5293 1136 5347 τῶν
1181 5285 1381 5343 ἑαυτοῦ
1429 5284 1689 5340 ἀπολύειν
1743 5282 1848 5348 ἔξω

283 5394 599 5465 ῥέμϐεσθαι,
655 5389 780 5462 μηδ’
832 5386 965 5442 αὐτὸ
1004 5385 1067 5440 τὸ
1108 5383 1209 5454 τῆς
1257 5381 1432 5450 ὂψεως
1484 5377 1839 5447 ἐξαλλόμενον

282 5487 522 5549 ὀπτικὸν,
555 5482 771 5555 μήποτὲ
795 5498 849 5534 τι
871 5478 980 5532 τῶν
1014 5473 1357 5546 ἐξωτερικῶν
1389 5470 1647 5534 εἰδώλων,
1680 5471 1707 5521 ὀ
1746 5467 1850 5539 μύ-

288 5594 408 5648 στης
438 5574 1002 5643 ὲπεισσπασὰμενοις,
1036 5563 1473 5635 ἀποκαταστήσῃ
1517 5563 1616 5631 τὴν
1650 5559 1854 5629 μύησιν

286 5668 358 5730 ὡς
376 5672 453 5732 εἰς
474 5665 906 5734 ὀνειροπόλησιν⁸
925 5661 986 5716 ού
1007 5659 1115 5730 μὴν
1144 5656 1263 5710 οὐδὲ
1277 5653 1418 5709 οὕτω
1441 5650 1719 5722 καμμύειν
1744 5650 1856 5713 τοῖς

292 5759 582 5828 ὀφθαλμοῖς
632 5758 722 5812 τδν
778 5756 1084 5827 μυούμενον
1116 5749 1192 5812 ὡς
1235 5742 1517 5815 ἀφυπνοῦν
1570 5741 1665 5796 καὶ
1715 5738 1858 5794 οὔτω

297 5851 559 5924 νεκριζειν
577 5867 592 5882 ·
617 5850 730 5905 ἀλλ’
747 5853 822 5913 ὠς
843 5849 939 5912 τὰς
968 5846 1143 5908 πύλας
1170 5840 1237 5896 τὰ
1272 5838 1519 5908 βλέφαρα
1553 5832 1858 5902 συγκλείειν

1895 1942 2002 1982 non
2038 1936 2167 1983 sunt
2217 1928 2321 1985 sibi
2361 1928 2828 1999 ell’ormantquasi
2863 1932 3012 1996 sint;
3043 1931 3256 2001 Moyses
3283 1940 3469 1987 autem

1897 2033 1927 2073 a
1978 2017 2091 2074 Deo
2140 2018 2381 2088 amatus,
2427 2022 2587 2091 quasi
2638 2023 2831 2090 Deum,
2883 2038 3007 2079 eum
3057 2024 3152 2094 qui
3208 2039 3339 2078 vere
3386 2032 3473 2078 est

1896 2117 2054 2183 vidit,
2081 2132 2214 2171 vero
2244 2116 2427 2172 oculo.
2460 2116 2758 2172 Sciendum
2792 2128 2974 2172 autem
3002 2117 3146 2187 quod
3178 2117 3310 2170 vidit
3356 2131 3476 2171 eum

1896 2211 2116 2278 quiest,
2155 2211 2410 2266 ostendat
2459 2225 2566 2264 non
2625 2211 2801 2264 visum
2836 2224 2982 2273 esse,
3029 2211 3117 2264 vel
3149 2210 3330 2276 aliter,
3366 2222 3478 2262 non

1898 2302 2224 2372 simpliciter
2251 2301 2483 2369 eﬂigiem
2533 2303 2839 2370 respexisse
2860 2300 3117 2368 Moysen;
3151 2302 3328 2371 ipsum
3383 2315 3480 2353 ουκ-

1900 2403 2005 2450 tein
2045 2395 2275 2449 omnino
2333 2393 2503 2449 Deum
2549 2394 2757 2449 vidisse
2817 2394 2961 2448 sicut
2996 2393 3202 2447 homini
3239 2392 3320 2447 fas
3356 2401 3478 2459 est;

1902 2487 2123 2555 qualem
2162 2487 2377 2541 Deum?
2429 2485 2603 2541 Suum
2668 2485 2982 2549 Dominum,
3038 2484 3200 2553 cujus
3234 2499 3476 2538 nomen:

1905 2582 2011 2646 Qui
2044 2587 2167 2645 est;
2205 2579 2362 2646 juxta
2396 2578 2512 2632 haec
2544 2596 2557 2633 :
2609 2577 2722 2645 Ego
2756 2592 2877 2632 sum
2926 2578 3018 2646 qui
3061 2590 3205 2638 sum,
3228 2574 3278 2628 vi
3304 2574 3483 2629 lelieet

1902 2671 2188 2728 excellenti
2220 2670 2402 2725 modo.
2439 2668 2498 2725 Si
2524 2676 2704 2724 antem
2737 2684 2801 2724 ea
2828 2683 2951 2737 qua:
2983 2673 3111 2722 sunt
3139 2666 3375 2721 intuitus
3404 2672 3489 2719 est

1902 2764 2032 2821 olim
2067 2779 2164 2834 per
2195 2762 2389 2826 Deum,
2423 2771 2475 2817 et
2507 2761 2590 2817 sic
2637 2758 2773 2815 vidit
2823 2774 2888 2815 ea
2942 2774 3082 2828 quze.
3104 2759 3169 2812 ad
3200 2770 3489 2825 cosmogo—

1904 2859 2052 2915 niam
2094 2866 2346 2928 spectant
2405 2856 2637 2926 Moyses,
2675 2868 2784 2908 non
2824 2852 3169 2924 simpliciter,
3234 2849 3329 2927 seel
3393 2862 3489 2918 per

1903 2951 2125 3008 modum
2150 2950 2588 3021 philosophicum
2619 2948 2829 3001 ratione
2849 2958 3049 3013 nempe
3077 2957 3266 2999 eorum
3308 2941 3492 2997 exsis~

1908 3046 2129 3100 lentiae:
2192 3057 2339 3098 nunc
2398 3051 2580 3097 autem
2647 3050 2703 3095 et
2754 3040 2935 3108 ipsum
2991 3046 3170 3091 entem
3198 3036 3366 3099 videt,
3394 3048 3492 3103 per

1711 3164 1808 3219 καὶ
1845 3210 1880 3219 _
1907 3152 2068 3208 quem
2100 3144 2227 3190 sunt
2252 3135 2459 3201 omnia,
2486 3134 2644 3203 cuius
2677 3131 2929 3199 potestati
2987 3129 3168 3183 omnia
3228 3127 3490 3183 subsunt.

1836 3210 1881 3270 (ἶ
1916 3229 1970 3284 In
2018 3229 2185 3284 verbo
2225 3235 2405 3283 autem
2445 3226 2711 3288 initiatur,
2764 3222 3061 3278 notandum
3120 3220 3267 3289 quod
3330 3219 3492 3273 simul

1914 3328 2094 3379 entem
2127 3319 2263 3376 vidit
2283 3318 2518 3390 Moyses.
2564 3327 2617 3372 et
2647 3314 2829 3371 statim
2863 3315 3150 3383 novitque:
3196 3310 3264 3366 de
3290 3310 3498 3382 Spiritu

1917 3419 2067 3475 sunt,
2118 3412 2170 3467 in
2202 3410 2405 3480 quibus
2438 3408 2622 3463 divina
2670 3406 2789 3473 lex;
2820 3406 2985 3467 unde,
3022 3405 3167 3457 sicut
3214 3402 3309 3472 qui
3361 3400 3499 3454 vidit

1917 3499 2139 3565 Filium,
2168 3500 2298 3554 vidit
2344 3508 2395 3553 et
2422 3496 2637 3552 Patrem
2672 3513 2688 3552 :
2718 3496 2793 3550 ita
2833 3495 2925 3565 qui
2971 3494 3124 3560 vidit,
3153 3493 3206 3548 id
3251 3499 3356 3559 est,
3403 3492 3500 3561 qui

1919 3593 2184 3665 cogitavit
2225 3602 2279 3647 et
2325 3593 2408 3648 sic
2449 3590 2599 3646 novit
2642 3599 2849 3656 entem,
2885 3586 3126 3659 Spiritus
3181 3585 3366 3641 statim
3392 3600 3502 3638 'co-

1924 3687 2220 3756 gnitionem
2275 3686 2468 3751 habet;
2516 3692 2573 3739 et
2612 3696 2870 3753 magnum
2901 3679 3037 3735 illud
3099 3678 3302 3734 bonum
3355 3676 3502 3748 quod

1925 3788 1979 3835 et
2020 3780 2289 3849 apostolis
2309 3793 2638 3834 concessum
2691 3785 2774 3831 est
2803 3775 2860 3828 in
2893 3773 3165 3829 hodierno
3194 3771 3359 3828 festo.

2003 3873 2091 3929 15.
2126 3871 2502 3950 Opportunius
2529 3879 2710 3925 autem
2738 3883 2900 3939 quam
2937 3869 3160 3937 μυεῖται
3188 3866 3416 3920 verbum
3436 3864 3506 3919 iis

1930 3968 2024 4038 qui
2051 3967 2235 4048 divina
2269 3974 2538 4036 peragunt
2568 3964 2817 4020 invenire
2863 3959 3221 4032 impossibile
3250 3967 3337 4014 est
3375 3975 3391 4013 :
3438 3972 3508 4014 ex

1932 4062 2039 4117 hoc
2073 4061 2220 4114 enim
2260 4059 2404 4128 apud
2445 4056 2670 4113 Graecos
2691 4064 2899 4126 mystze-
2933 4055 3130 4123 primo.
3158 4050 3254 4120 qui
3285 4064 3347 4107 ea
3386 4063 3511 4120 quae

1938 4153 2046 4209 sibi
2079 4151 2423 4213 divinissitna
2454 4148 2798 4213 videbantur,
2829 4145 3177 4214 accipiebant
3205 4142 3275 4197 ab
3310 4142 3397 4199 his
3415 4142 3511 4210 qui
3561 4174 3573 4184 ι

1938 4244 2317 4301 sacerdotium
2389 4241 2570 4299 sortiti
2616 4248 2795 4305 erant,
2856 4238 2939 4294 sic
2998 4236 3197 4293 initiati
3239 4243 3295 4290 et
3353 4247 3511 4290 sacra

1928 4336 2158 4401 ,edocti;
2214 4332 2398 4404 qualia
2434 4333 2580 4387 inter
2606 4331 2825 4385 Atticos
2861 4343 3033 4398 parva
3059 4335 3114 4383 et
3140 4326 3513 4396 magna-[my-

1939 4430 2138 4497 steria,
2185 4436 2239 4483 et
2283 4424 2679 4495 Trophonii,et
2711 4419 3022 4485 Ammonis,
3069 4429 3126 4474 et
3160 4418 3314 4485 alia;
3343 4417 3517 4471 dedu-

1942 4526 2087 4579 citur
2121 4517 2552 4575 autem-verbum
2579 4531 2609 4568 a
2639 4512 2816 4585 μύειν,
2845 4513 2898 4567 id
2927 4520 3016 4567 est
3046 4509 3189 4566 labia
3226 4507 3515 4564 claudere:

1941 4629 2169 4671 necesse
2206 4612 2353 4668 enim
2387 4616 2503 4665 erat
2537 4615 2599 4663 ut
2623 4607 2806 4663 omnia
2852 4603 3079 4660 omnino
3103 4618 3226 4673 quae
3266 4600 3514 4673 perfecta

1943 4715 2107 4763 erant
2159 4704 2390 4761 silerent
2440 4699 2665 4767 initiati,
2708 4698 2852 4754 sicut
2909 4696 3151 4750 maxime
3214 4692 3518 4748 ostendunt

1948 4796 2340 4869 Pythagorici;
2368 4804 2424 4849 et
2452 4802 2645 4848 morte
2672 4788 3082 4846 mulctabantur
3129 4785 3222 4856 qui
3256 4782 3524 4855 mysteria

1946 4892 2311 4962 evulgabant;
2358 4886 2511 4941 vela
2564 4886 2731 4942 verbo
2792 4882 2953 4953 μύειν
2998 4880 3146 4952 quod
3205 4875 3520 4947 καμμύεινς

1948 4985 2076 5055 quia
2120 4983 2421 5046 initiatum,
2461 4979 2516 5034 in
2556 4977 2738 5048 seipse
2769 4974 3120 5033 recollectam
3149 4985 3277 5027 esse
3316 4980 3524 5025 secum

1947 5079 2077 5135 dum
2124 5086 2297 5134 totum
2332 5073 2655 5136 hominem,
2684 5083 2790 5124 nec
2836 5067 3023 5124 sinere
3085 5061 3297 5133 aliquid
3356 5060 3415 5115 in
3466 5073 3527 5113 se

1950 5170 2190 5228 exterius
2210 5165 2452 5236 evulgari
2473 5163 2658 5229 debet,
2691 5176 2761 5217 ne
2782 5160 2960 5231 ipsum
2994 5157 3218 5228 quidem
3249 5152 3395 5208 oculi
3444 5151 3526 5205 io-

1955 5274 2090 5330 tum,
2117 5279 2186 5318 ne
2213 5259 2396 5326 aliqua
2414 5253 2674 5312 exteriori
2705 5250 2945 5320 imagine
2972 5247 3281 5303 abstractus
3308 5241 3402 5313 qui
3423 5240 3528 5295 ini-

1955 5360 2145 5425 tiatur,
2172 5352 2537 5409 initiationem
2572 5346 2741 5402 faciat
2760 5342 2920 5415 quasi
2965 5337 3278 5401 somnium;
3321 5330 3529 5425 nec‘sic

1956 5423 2152 5507 oculos
2180 5444 2438 5502 claudere
2470 5440 2631 5497 debet
2659 5438 2791 5494 dum
2823 5435 3077 5490 initiatur
3121 5429 3196 5485 ita
3242 5434 3302 5482 ut
3329 5423 3532 5481 obdor-

1956 5542 2111 5607 miat,
2147 5549 2202 5596 et
2231 5538 2313 5594 sic
2350 5534 2658 5598 moriatur;
2696 5530 2793 5586 sed
2825 5526 2982 5599 quasi
3022 5532 3210 5595 portas
3237 5518 3532 5590 palpebras

1960 5634 2220 5692 claudere
2242 5630 2287 5687 si
2319 5625 2646 5699 oportuerit,
2680 5630 2735 5678 et
2762 5622 2938 5677 lucem
2972 5628 3195 5671 omnem
3229 5612 3287 5666 in
3328 5616 3538 5681 mysteo

1962 5731 2106 5786 rium
2128 5737 2446 5787 reservare;
2484 5719 2649 5790 hujus
2675 5710 3005 5788 symbolum,
3029 5701 3356 5763 initiationis
3394 5710 3537 5756 tem-

1964 5838 2066 5895 pus
2103 5816 2245 5892 apud
2261 5813 2496 5882 Atticos,
2525 5816 2581 5881 et
2606 5807 2727 5879 eius
2753 5801 3063 5866 ordinatio;
3091 5794 3400 5864 nox‘cnim,
3419 5800 3542 5849 erat
