3788 6600
314 351 422 412 535

1061 354 1410 419 EUSTATH
1425 358 1482 418 ll
1540 358 1644 418 ΤΗ
1655 358 1889 420 ESSAL

2010 359 2300 422 lCENSlS
2339 361 2895 424 ΜΕΤΒΟΡΟιιΤίΕ

3465 365 3564 427 536

313 475 523 533 tempus
555 459 720 527 illud;
752 470 1008 517 caeterum
1035 462 1304 519 illustrata
1339 481 1559 537 quoque
1585 478 1705 523 erat
1732 467 1889 522 lumi-

2010 471 2115 539 εἴγε
2141 471 2347 543 δεήσει,
2386 473 2484 526 καὶ
2519 473 2581 526 τδ
2611 473 2726 544 φῶς
2756 469 2903 529 ἅπαν
2928 473 3104 538 οὕτως
3131 475 3462 545 ἀπασχολεϊν
3490 478 3566 534 είς

314 571 443 611 num
467 554 676 625 fulgore
691 569 758 610 ex
783 555 1026 627 mysticis
1048 556 1392 628 lampadibus
1409 559 1624 624 dili'uso,
1651 575 1884 630 quarum

314 664 446 704 usus
475 657 784 703 nocturnus
825 648 1024 705 oculos
1081 649 1270 706 claudi
1306 651 1546 716 volebat;
1573 651 1886 724 lampadum

311 750 496 796 antem
540 743 796 799 accensio
818 740 1160 814 vigilantiam
1185 751 1242 799 et
1264 744 1570 800 doctrinam
1599 744 1887 800 mvsticam

315 833 544 890 initiatis
575 836 1017 892 commendabat.

1993 563 2057 617 τὸ
2083 568 2404 635 μυστήριον.
2433 565 2636 620 Τούτου
2667 566 2724 620 δὲ
2758 565 3026 636 σύμδολον
3057 568 3152 621 καὶ
3179 569 3210 621 6
3247 567 3343 621 τοῦ
3370 585 3570 638 μυστη-

1998 655 2242 725 ριασμοῦ
2271 657 2464 727 καιρὸς
2503 658 2657 728 παρά
2700 659 2991 725 Ἀττικοῖς,
3025 660 3120 714 καὶ
3170 663 3205 730 ή
3245 659 3370 713 κατ’
3409 660 3569 714 αὐτὸν

1998 748 2243 814 διάθεσις
2263 765 2276 780 ·
2307 751 2403 819 νὺξ
2439 752 2535 823 μὲν
2569 755 2678 826 γὰρ
2705 754 2733 808 ό
2760 753 2954 824 χρόνος
2985 755 3216 818 ἐκεῖνος.
3246 755 3488 807 Διέκειτο
3515 755 3569 809 tt

1994 841 2167 906 ἄλλως
2201 845 2530 914 ήμεροφαῶς
2559 850 2625 917 τῇ
2671 847 2780 902 τῶν
2810 841 3006 915 φώτων
3038 845 3352 915 ἀναλάμψει
3386 847 3452 915 τῇ
3509 847 3570 898 ὲκ

314 931 426 984 τῶν
460 931 739 1002 μυστικῶν
764 924 1086 995 δαϊδων,ὧν
1114 931 1175 985 τὸ
1246 932 1345 1002 μὲν
1405 933 1669 1004 νύκτερον
1720 932 1815 986 τοῦ
1891 934 2090 1006 χρῆναι
2137 937 2448 1008 καμμύειν,
2502 939 2579 1004 ὡς
2630 942 2880 1012 εἴρηται,
2933 935 3168 1011 αἴνιγμα
3219 936 3322 1013 ἦν·
3389 942 3454 993 τὸ
3513 942 3570 996 δὲ

316 1026 610 1097 φωσφόρον
635 1026 1080 1098 λαμπαδούχημα
1105 1027 1198 1082 τοῦ
1221 1028 1614 1094 ἀνυστάζοντος
1639 1030 1696 1082 ἐν
1719 1030 2048 1104 ὲγρηγόρσει
2114 1033 2410 1104 έμόλέπειν
2460 1037 2553 1088 καὶ
2623 1033 2954 1106 ἀναθεωρεῖν
3021 1036 3092 1092 τά
3139 1039 3237 1104 τῆς
3306 1036 3575 1106 μυστικῆς

315 1122 557 1191 τελετῆς.

389 1215 480 1272 16.
534 1216 666 1273 Mihi
731 1219 946 1288 quidem
1024 1217 1240 1272 videtur
1301 1219 1668 1290 metaphorica
1743 1219 1888 1275 docti

316 1307 546 1365 Joannis
599 1309 832 1365 dulcedo
880 1324 989 1364 non
1042 1309 1350 1366 inconsulto
1402 1310 1489 1365 hic
1532 1309 1890 1382 subjunsisse

316 1397 563 1452 divinam
599 1399 799 1454 nubem
824 1398 1131 1468 spiritualis
1159 1399 1506 1465 initiationis,
1548 1400 1644 1456 sed
1676 1400 1742 1455 ad
1793 1415 1888 1471 ge-

319 1489 548 1544 nuinam
585 1491 963 1559 nietaphoram
999 1505 1097 1546 seu
1148 1490 1586 1558 translationem,
1621 1499 1682 1546 nt
1706 1491 1889 1547 divina

317 1581 495 1638 nubes
521 1581 613 1638 illa
649 1584 720 1638 sit
757 1597 997 1652 congrua
1047 1583 1404 1654 applicationi
1442 1585 1637 1639 animae
1665 1599 1774 1640 non
1832 1584 1885 1638 in

319 1674 478 1730 vanis
515 1685 797 1744 occupatae
821 1674 996 1746 caligo
1029 1674 1251 1739 divina;
1275 1675 1512 1731 initiatio
1536 1686 1716 1730 autem
1749 1691 1887 1733 con-

317 1773 600 1830 sentanea,
631 1779 692 1818 ea
720 1780 846 1834 quae
891 1765 947 1819 in
982 1765 1102 1833 ipso
1126 1765 1184 1819 lit
1214 1765 1534 1820 illuminans
1563 1776 1616 1822 et
1645 1767 1749 1821 sub
1773 1767 1890 1822 sole

317 1855 563 1928 Spiritus
591 1858 767 1912 sancti
820 1858 1078 1925 initiatio,
1136 1868 1191 1914 et
1232 1874 1359 1914 vere
1393 1859 1555 1914 docta
1609 1860 1886 1929 cognitio;

2071 1220 2170 1287 ις’.
2199 1222 2420 1293 Ἐμοιγ’
2449 1221 2544 1277 οῦν
2568 1224 2602 1293 ἠ
2641 1223 2987 1294 μεταφορικὴ
3007 1222 3104 1276 τοῦ
3137 1219 3304 1290 σοφοῦ
3321 1219 3572 1272 Ἰωάννου

1994 1315 2290 1387 γλυκύτης,
2328 1315 2390 1369 οὒ
2425 1316 2723 1388 παρέργως
2772 1315 3010 1370 ἐνταῦθα
3040 1315 3188 1368 δοκεῖ
3245 1311 3565 1384 προσθεῖναι

1991 1407 2086 1461 τὸν
2115 1406 2261 1461 θεῖον
2289 1407 2510 1478 γνόφον,
2553 1409 2653 1478 τῆς
2683 1407 3069 1477 πνευματικῆς
3124 1407 3404 1476 μυήσεως,
3434 1403 3575 1458 ἀλλά

1994 1500 2134 1569 πρὸς
2167 1501 2344 1572 εὐφυῆ
2372 1501 2691 1572 μεταφορὰν
2719 1502 2839 1573 ήτοι
2878 1502 3108 1572 τροπὴν,
3135 1501 3223 1554 ἴνα
3249 1497 3444 1561 σκότος
3470 1498 3573 1567 μὲν

1993 1589 2078 1660 εἴη
2102 1589 2249 1645 θετον
2276 1591 2490 1660 πρέπον
2512 1592 2740 1663 συστολῇ
2767 1591 2949 1662 ψυχῆς
2972 1590 3360 1663 όρρεμσάστου
3382 1592 3411 1643 6
3430 1589 3576 1652 θεῖος

1994 1683 2202 1745 ἐκεῖνος
2238 1681 2440 1752 γνόφος
2463 1699 2480 1716 ·
2516 1684 2720 1754 μύησις
2751 1683 2808 1736 δὲ
2837 1684 3097 1752 ἀνάλογος
3127 1686 3159 1754 ή
3189 1684 3246 1737 ἑν
3267 1681 3419 1751 αὐτῷ
3458 1701 3574 1752 φω-

1993 1772 2202 1844 ταυγὴς
2244 1774 2339 1828 καὶ
2377 1773 2481 1828 ὑπὸ
2531 1775 2684 1846 ήλιον
2742 1775 2834 1830 τοῦ
2885 1775 3198 1844 ἀγιωτάτου
3249 1773 3579 1842 Πνεύματος

2000 1865 2198 1936 μύησις
2220 1882 2237 1898 ο
2271 1867 2365 1921 καὶ
2387 1866 2605 1936 ἀληθῶς
2629 1867 2833 1935 γνῶσις
2863 1867 3265 1938 ἐπιστημονική
3289 1883 3303 1898 ο
3332 1867 3398 1936 ἢν
3431 1864 3576 1932 γνῶ-

315 1922 481 2019 quam
520 1949 885 2019 cognitionem
920 1922 1160 2015 Spiritus
1184 1949 1317 2004 dicit
1349 1966 1442 2021 per
1481 1922 1887 2022 oppositionein

2010 1922 2429 2029 τιν’ῐῐνεύματος
2459 1922 2606 2028 λέγει
2639 1922 2830 2029 ,πρδς-
2850 1922 3142 2029 διαστολήν
3173 1922 3377 2028 ἐτέρων

319 2047 652 2094 caeterarum
681 2040 994 2103 notionum,
1030 2039 1172 2096 sicut
1219 2040 1377 2096 tertia
1411 2041 1638 2112 str0phe
1672 2040 1891 2096 docebit

316 2129 499 2185 varias
525 2143 671 2193 esse,
704 2130 988 2195 moralem,
1029 2139 1084 2186 et
1128 2132 1435 2202 physicam,
1470 2142 1525 2188 et
1583 2133 1891 2188 mathema-

319 2220 506 2288 ticam,
573 2230 627 2277 et
688 2222 1126 2278 excellentiorem
1176 2223 1537 2294 theologicam
1591 2223 1771 2279 Patris
1827 2234 1880 2280 et

320 2307 444 2364 Filii
471 2318 527 2366 et
560 2309 798 2381 Spiritus
857 2311 1033 2368 sancti
1086 2327 1100 2364 :
1155 2312 1314 2383 hujus
1373 2313 1622 2368 meminit
1669 2314 1889 2371 divinus

317 2411 498 2471 poeta,
525 2413 579 2458 et
618 2404 758 2459 duas
785 2403 908 2459 illas
939 2403 1306 2475 signiﬁcavit;
1353 2406 1445 2460 Dei
1475 2407 1618 2462 enim
1657 2407 1742 2462 lex
1795 2409 1893 2462 tri.

315 2495 440 2566 plex
468 2503 554 2550 est
584 2511 600 2561 ;
633 2495 886 2559 similiter
917 2503 971 2550 et
1000 2495 1237 2551 initiatio
1287 2498 1620 2566 c0gnitionis
1653 2499 1889 2569 Spiritus

315 2591 401 2642 vel
460 2586 582 2642 Filii
635 2588 720 2644 vel
753 2586 951 2656 Patris,
993 2590 1304 2645 communis
1359 2598 1444 2645 est
1474 2601 1676 2646 sanctae
1702 2589 1888 2647 Trini-

315 2675 452 2743 tati;
483 2675 630 2747 quod
670 2676 798 2732 item
827 2693 890 2733 ex
937 2678 1124 2749 phrasi
1174 2687 1347 2749 poeta:
1405 2681 1634 2751 intelligi
1687 2691 1884 2753 potest.

316 2768 564 2824 Dicenda
589 2768 734 2836 enim
771 2786 786 2824 :
815 2771 953 2825 videt
1003 2787 1122 2826 eum
1182 2773 1273 2841 qui
1303 2780 1399 2840 est,
1427 2784 1672 2828 sanetam
1708 2775 1890 2830 Trini-

318 2867 484 2916 tatem
510 2860 832 2933 indigitavit,
857 2870 910 2916 et
937 2861 1303 2918 initiationem
1331 2865 1610 2933 appellans
1630 2865 1889 2934 Spiritus,

317 2953 468 3010 illam
511 2953 673 3009 nobis
737 2955 1152 3024 supponendam
1212 2954 1457 3026 reliquit,
1513 2956 1656 3012 sicut
1705 2956 1891 3028 colligi

319 3054 501 3116 potest
532 3061 597 3102 cx
639 3046 750 3101 alio
785 3055 945 3116 poeta
975 3046 1071 3116 qui
1128 3046 1182 3100 in
1222 3061 1364 3101 nona
1401 3049 1625 3118 strophe
1651 3049 1888 3118 prosaici

320 3137 509 3209 hymni
551 3137 738 3194 dicens
779 3137 1060 3207 apostolos
1097 3152 1339 3208 superno
1371 3137 1556 3192 alliatu
1606 3139 1889 3196 illumina-

317 3239 430 3299 tos,
465 3227 788 3285 Trinitatem
837 3244 1053 3284 omnem
1081 3233 1424 3300 cognovisse,
1453 3231 1664 3288 inducit
1693 3233 1748 3288 in
1796 3247 1888 3288 se-

1994 2065 2154 2116 σεων,
2195 2050 2392 2105 ὁποίαν
2442 2051 2537 2105 καὶ
2581 2052 2803 2124 ήτρίτη
2835 2051 3064 2121 λαλήσει
3115 2050 3226 2121 ᾠδή
3275 2049 3573 2120 διαφόρους

1991 2139 2180 2206 οὔσας.
2217 2137 2292 2197 ὧν
2339 2142 2436 2196 καὶ
2482 2144 2515 2212 ή
2554 2143 2675 2197 κατ’
2709 2139 2864 2214 ἦθος,
2899 2143 2995 2196 καὶ
3034 2145 3067 2212 ἡ
3123 2141 3350 2213 φυσικὴ,
3388 2141 3486 2196 καὶ
3537 2142 3572 2211 ἡ

1992 2234 2128 2304 πρὸς
2159 2235 2418 2306 μάθησιν,
2452 2237 2546 2289 καὶ
2576 2236 2639 2289 τὸ
2664 2236 2964 2304 κορυφαῖον
2993 2237 3026 2306 ἡ
3054 2235 3370 2304 θεολογική,
3403 2236 3436 2300 ή
3473 2233 3570 2286 τοῦ

1993 2329 2228 2401 Πατρδς,
2259 2331 2293 2400 ἡ
2341 2329 2438 2383 τοῦ
2488 2328 2644 2392 Υἱοῦ,
2679 2331 2713 2400 ή
2768 2329 2865 2383 τοῦ
2922 2330 3080 2397 ἁγίου
3117 2326 3474 2398 Πνεῦματος⁶
3505 2321 3573 2396 ἧς

1993 2420 2230 2474 ἐνταῦθα
2265 2420 2528 2490 μνησθεὶς
2555 2421 2584 2474 6
2615 2419 2765 2492 θεϊρς
2795 2421 3024 2489 ποιητὴς
3053 2420 3149 2472 καὶ
3171 2419 3272 2482 τὰς
3294 2417 3388 2471 δύο
3415 2433 3576 2470 συνεο

1991 2511 2224 2581 δήλωσε.
2260 2510 2396 2565 Θεοῦ
2419 2511 2526 2582 γὰρ
2551 2511 2715 2580 νόμος
2740 2511 3022 2582 τριαδικός
3057 2511 3207 2562 ἔστιν
3229 2526 3242 2539 ο
3278 2509 3484 2579 ὁμοίως
3515 2505 3574 2559 δὲ

1993 2601 2090 2656 καὶ
2125 2601 2328 2673 μύησις
2380 2603 2636 2670 γνώσεως
2668 2601 2984 2672 Πνεύματος
3015 2601 3047 2670 ἥ
3082 2601 3234 2663 Υίοῦ,
3267 2601 3300 2670 ἢ
3357 2597 3577 2666 Πατρὶς

1992 2693 2148 2762 κοινὴ
2175 2693 2275 2760 τῆς
2327 2692 2490 2761 ἀγίας
2537 2690 2810 2762 Τριάδοςο
2843 2690 2960 2744 ἔστι
3007 2689 3065 2744 δὲ
3123 2688 3573 2758 κατανοήσασθαι

1993 2783 2126 2837 αὐτὸ
2154 2785 2246 2836 καὶ
2275 2784 2383 2837 ἀπὸ
2414 2785 2512 2853 τῆς
2551 2783 2806 2853 φράσεως
2847 2783 2942 2837 τοῦ
2977 2782 3240 2853 μελῳδοῦ.
3300 2779 3486 2835 Εἰπὼν
3513 2797 3573 2833 τε

1991 2876 2100 2945 γὰρ
2130 2874 2239 2944 ὁρᾷ
2259 2875 2366 2932 τὸν
2394 2877 2564 2942 ὄντα,
2589 2879 2689 2948 τὴν
2721 2875 2882 2944 ἁγίαν
2912 2877 3123 2947 Τριάδκ
3147 2875 3532 2945 παρεστήσατο
3553 2889 3573 2906 ⁸

1994 2969 2086 3021 καὶ
2116 2969 2319 3038 μύησιν
2337 2967 2392 3021 δὲ
2422 2969 2658 3038 φάμενος
2684 2969 3024 3038 Πνεύματος,
3051 2967 3149 3029 τὴν
3168 2967 3338 3037 αὐτὴν
3359 2966 3575 3034 ἀφῆκεν

1992 3061 2126 3130 ἡμῖν
2158 3063 2481 3124 συνεννοεῖν,
2510 3060 2586 3124 ὡς
2611 3061 2728 3115 ἐστι
2755 3059 3168 3115 καταλαϐέσθαι
3189 3058 3287 3114 καὶ
3317 3059 3429 3112 ἀπὸ
3454 3058 3573 3109 ἑτέ-

1996 3170 2092 3226 ρου
2131 3152 2399 3222 μελῳδοῦ,
2431 3154 2490 3218 ὃς
2518 3156 2576 3206 έν
2605 3156 2671 3225 τῇ
2717 3153 2911 3225 ὲννάτῃ
2939 3151 3053 3224 ᾤδῇ
3092 3150 3186 3205 τοῦ
3213 3149 3574 3216 πεζολογικοῦ

1995 3245 2220 3308 κανόνος
2247 3244 2441 3311 εἰπὼν,
2470 3245 2545 3310 ὡς
2575 3247 2625 3300 ot
2651 3246 2940 3300 ἀπόστολοι
2977 3243 3236 3315 ἐπιπνοίᾳ⁸
3263 3245 3330 3312 τῇ
3357 3242 3570 3298 ἀνωθεν

321 3319 512 3392 quenti
573 3323 802 3392 strophe
838 3321 986 3377 illius
1030 3322 1130 3378 aevi
1183 3321 1416 3394 popualus
1465 3323 1556 3394 qui
1591 3323 1889 3395 cognitioni

2010 3336 2527 3407 ιαταλαμφθέντες,
2585 3338 2688 3407 τήν
2733 3337 2942 3407 Τριὰδα
3001 3336 3180 3390 πᾶσαν
3237 3333 3568 3402 ἐγνώρισαν,

321 3413 607 3471 Trinitatis
634 3413 885 3470 initiandi
912 3422 1090 3471 erant.

395 3618 486 3674 i7.
528 3618 781 3676 Forsitan
837 3619 964 3692 quis
1030 3621 1174 3675 dicat
1216 3619 1435 3694 Moysen
1471 3621 1747 3689 primum,
1782 3638 1890 3677 non

323 3710 500 3767 solum
529 3711 862 3782 prophetici,
896 3714 990 3767 sed
1025 3710 1117 3768 Dei
1151 3714 1324 3783 gratia
1366 3722 1421 3768 et
1449 3713 1747 3783 apostolice
1789 3715 1892 3768 ini-

323 3806 517 3860 tiatum
548 3803 722 3860 fuisse
768 3805 1070 3874 cognitioni
1105 3803 1366 3859 celebrati
1409 3803 1663 3873 Spiritus,
1700 3813 1754 3858 et
1792 3807 1892 3861 hoc

323 3911 390 3951 ex
422 3897 678 3967 strOphes
721 3899 903 3954 verbis
938 3897 1079 3954 erui.
1119 3895 1210 3951 Sic
1251 3897 1395 3952 enim
1445 3911 1541 3966 per
1586 3896 1785 3962 nubem
1817 3898 1894 3952 si-

322 3988 612 4058 gniﬁcatur
629 3989 824 4047 domus
849 3991 904 4046 in
930 4005 1037 4060 qua
1057 3989 1267 4044 inventi
1300 3998 1427 4046 sunt
1453 3989 1708 4060 discipuli
1734 3990 1894 4046 hodie

325 4081 618 4149 sedentes;
663 4082 842 4137 divina
910 4081 1053 4135 enim
1104 4080 1282 4137 nubes
1322 4080 1417 4136 illa
1479 4082 1893 4152 nuncupabatur

243 4211 250 4218 -
332 4174 632 4243 prophetae,
687 4183 742 4229 et
785 4176 982 4229 domus
1019 4173 1209 4227 nebula
1252 4172 1656 4242 quodammodo
1699 4174 1894 4228 adum-

328 4262 496 4324 braos
529 4263 790 4319 interiora
841 4263 962 4332 ejus
983 4305 997 4329 ,
1030 4277 1130 4318 nec
1154 4263 1340 4319 sinens
1371 4264 1523 4319 illum
1558 4264 1725 4319 radiis
1752 4264 1896 4320 sola-

334 4357 487 4414 ribus
522 4356 740 4427 attingi.
775 4357 881 4412 Per
915 4355 1284 4425 eloquentiam
1317 4365 1501 4412 autem
1533 4357 1611 4411 illi
1642 4357 1890 4424 inditam,

327 4458 553 4505 notatur
581 4449 849 4518 sapientia
880 4448 1254 4519 apostolorum
1285 4457 1449 4505 antea
1488 4449 1744 4517 rudium;
1775 4450 1894 4518 ejus

323 4553 502 4599 autem
540 4541 932 4611 tardiloquium
981 4543 1127 4613 quod
1171 4542 1354 4613 ignitae
1408 4543 1527 4614 ejus
1571 4544 1895 4614 eloquentiae

1995 3428 2193 3497 ἐπάγει
2246 3431 2304 3482 ἐν
2335 3430 2414 3498 τῷ
2463 3427 2595 3499 ἑξῆς
2648 3429 2936 3500 τροπαρίῳ
2965 3428 3092 3491 τοῦς
3122 3427 3237 3481 ἐκεῖ
3262 3425 3382 3480 τότε
3405 3425 3570 3487 λαοὺς

1993 3521 2094 3592 τὴν
2125 3524 2222 3594 τῆς
2252 3522 2480 3594 Τριάδος
2515 3524 2790 3595 μυηθῆναι
2819 3523 3041 3593 γνῶσιν.

2067 3618 2154 3682 ιζ’.
2191 3618 2347 3688 Ἕχοι
2373 3617 2416 3670 δ’
2447 3617 2511 3670 ἀν
2543 3635 2628 3680 τις
2662 3619 2840 3672 εἰπεῖν
2864 3618 2939 3682 ὡς
2970 3619 3112 3689 ἔφθη
3136 3618 3197 3672 ού
3231 3617 3393 3688 μόνον
3427 3632 3567 3684 προ·

1996 3709 2266 3779 φητικῶς,
2295 3710 2430 3762 ἀλλὰ
2459 3710 2595 3763 Θεοῦ
2648 3712 2834 3780 χάριτι
2885 3713 2981 3766 καὶ
3009 3710 3390 3774 ἀποστολικῶς
3425 3725 3572 3776 pur,-

1995 3803 2156 3870 θῆναι
2208 3801 2306 3873 τὴν
2343 3803 2436 3854 τοῦ
2490 3801 2890 3872 ἐορταζομένου
2925 3804 3241 3874 Πνεύματος
3296 3803 3502 3871 γνῶσιν
3540 3803 3567 3852 6

1993 3895 2257 3960 Μωῦσῆς,
2289 3896 2386 3948 καὶ
2411 3895 2499 3949 διὰ
2553 3894 2664 3948 τῶν
2696 3896 2968 3966 κειμένων
2995 3897 3052 3949 ἐν
3096 3896 3176 3967 τῷ
3205 3895 3383 3966 εἱρμῷ
3406 3911 3421 3925 ·
3455 3889 3569 3946 οἷον

1993 3985 2084 4038 διὰ
2112 3985 2208 4039 τοῦ
2240 3985 2440 4054 γνόφου
2463 3985 2556 4040 τὸν
2589 3982 2739 4040 οἷκον
2763 3988 2820 4040 ἐν
2846 3981 2890 4055 ᾧ
2919 3986 3223 4056 εὑρέθησαν
3245 3989 3292 4040 oi
3323 3984 3573 4056 μαθηταὶ

1995 4079 2299 4150 καθήμενοι
2339 4079 2581 4149 σήμερον
2608 4094 2620 4108 ⁸
2651 4078 2680 4131 6
2715 4077 2858 4141 θεῖός
2895 4095 2954 4131 τε
2987 4079 3093 4149 γὰρ
3120 4079 3329 4141 ἐκεῖνος
3367 4076 3570 4146 γνόφος

1995 4168 2142 4233 οἶκος
2174 4164 2285 4224 οἷον
2338 4167 2676 4240 ἐχρημάτιζε
2729 4169 2810 4240 τῷ
2838 4170 3129 4240 προφήτῃ·
3179 4169 3274 4222 καὶ
3317 4165 3467 4228 οἶκος
3510 4167 3571 4220 δὲ

1996 4265 2189 4330 γνοφοί
2218 4261 2420 4331 τρόπον
2467 4261 2588 4315 τινὰ
2635 4260 2877 4324 σκιάζων
2906 4261 3032 4322 τοὺς
3076 4260 3225 4322 ὲντδς
3269 4259 3439 4312 αὐτοῦ
3476 4260 3572 4312 καὶ

1999 4355 2075 4426 μὴ
2105 4355 2289 4423 ἀφιεὶς
2321 4354 2536 4406 ἀκτῖσιν
2563 4353 2715 4423 ήλίου
2751 4351 3021 4423 ψαύεσθαι
3046 4367 3061 4384 ο
3093 4353 3186 4406 διὰ
3217 4353 3274 4405 δὲ
3312 4352 3415 4420 τῆς
3447 4349 3569 4405 κατ’

1997 4446 2162 4499 αὑτὸν
2191 4445 2486 4516 ῥητορείας
2516 4445 2614 4517 τήν
2643 4445 2750 4497 τῶν
2779 4445 3094 4499 ἀποστόλων
3123 4443 3182 4509 ἐξ
3223 4444 3454 4499 ίδιωτῶν
3484 4462 3571 4496 σο-

1997 4540 2163 4611 φίανο
2197 4540 2258 4594 τὸ
2292 4539 2349 4594 δὲ
2380 4542 2500 4593 κατ’
2556 4542 2766 4593 ἐκεῖνον
2813 4537 3264 4609 βραδύγλωσσον,
3310 4535 3340 4590 ὃ
3375 4537 3477 4607 τὴν
3512 4538 3568 4589 ὲν

321 4647 434 4690 non
457 4634 670 4699 nocuit,
696 4633 913 4702 linguas
933 4631 1264 4702 signiﬁcavit
1281 4630 1675 4703 discipulorum
1699 4635 1888 4704 igneas

2010 4631 2148 4702 λύτῷ
2183 4632 2488 4702 πυρίπνουν
2521 4629 2817 4701 ῥητορικὴν
2850 4628 3004 4682 οὐδὲν
3039 4627 3294 4698 ἔϐλαψεν,
3325 4627 3428 4689 τὰς
3460 4625 3564 4679 τῶι

320 4742 390 4782 ει
417 4725 656 4782 indoctis
685 4739 715 4779 a
749 4723 860 4781 Deo
893 4725 1154 4794 magistro
1181 4725 1392 4793 factas;
1427 4726 1750 4782 divisionem
1799 4741 1897 4783 au-

324 4826 440 4874 tem
467 4816 782 4887 linguarum
811 4822 868 4872 et
896 4830 993 4870 eos
1025 4815 1118 4885 qui
1173 4825 1304 4871 tunc
1340 4816 1634 4874 adfuerunt
1664 4819 1892 4890 populos

315 4910 406 4965 lex
463 4908 652 4964 divina
705 4906 1110 4974 manifestam;
1164 4907 1278 4977 ipsa
1327 4909 1474 4964 enim
1519 4910 1657 4964 duro
1693 4910 1894 4980 populo

320 5001 624 5060 Israelitico
658 5000 859 5071 partita
891 5010 975 5054 est
1014 4999 1081 5054 ad
1117 4998 1497 5068 directionem,
1545 5010 1600 5056 et
1641 5001 1892 5058 Christus

321 5094 592 5164 Spiritum
637 5094 849 5159 divisit,
899 5094 1040 5148 sicut
1070 5091 1213 5148 infra
1243 5101 1491 5161 canetur,
1520 5095 1722 5164 populo
1760 5107 1894 5163 gen-

326 5186 411 5244 tili
447 5187 540 5258 qui
569 5195 690 5243 erat
719 5187 839 5258 ipse
863 5185 1000 5241 dura
1029 5187 1263 5251 cervice,
1293 5187 1437 5242 sicut
1462 5185 1758 5241 ostendunt
1799 5185 1893 5256 qui

319 5295 389 5338 ex
426 5278 562 5350 ipsis
583 5281 816 5335 aderant
866 5277 1028 5344 festo,
1066 5287 1120 5334 et
1157 5278 1475 5334 ebrietatem
1527 5278 1734 5333 sanctis
1757 5292 1893 5347 apo-

321 5372 485 5430 stolis
522 5371 990 5442 exprobraverunt
1017 5381 1032 5440 ;
1065 5386 1192 5426 mox
1225 5370 1520 5426 dicendum
1545 5377 1722 5424 autem
1749 5373 1894 5440 quod

320 5464 576 5536 spiritum
607 5466 985 5522 vehementem
1023 5475 1077 5521 et
1109 5465 1163 5520 in
1200 5465 1322 5534 ipso
1349 5464 1528 5534 ignem
1553 5502 1567 5528 ,
1600 5463 1773 5518 nubes
1802 5464 1892 5518 illa

318 5557 630 5627 signiﬁcat;
680 5559 908 5614 nebulas
958 5559 1103 5614 enim
1171 5558 1478 5627 pervadunt
1534 5555 1670 5610 tales
1730 5557 1892 5612 aeria:

317 5653 605 5722 passiones
640 5653 802 5710 modo
848 5669 914 5709 ex
951 5667 1105 5716 casu,
1153 5652 1316 5704 modo
1359 5667 1425 5707 ex
1466 5652 1560 5708 Dei
1603 5652 1792 5723 jussu;
1833 5660 1888 5706 et

323 5746 431 5800 tale
474 5745 609 5817 quid
656 5745 758 5803 fuit
809 5748 958 5801 circa
1007 5743 1373 5814 cognitionem
1413 5743 1649 5815 Spiritus
1689 5745 1886 5800 sancti.

318 5834 506 5893 Posset
535 5847 712 5896 autem
735 5837 894 5893 aliter
914 5850 1009 5906 per
1038 5835 1581 5892 circumlocutionem
1603 5835 1743 5892 idem
1763 5836 1888 5909 Spi-

2005 4725 2266 4795 μαθητῶν
2317 4724 2560 4793 ἐμύησεν
2610 4723 2775 4778 αὐτὸν
2827 4720 3082 4790 γλώσσας
3141 4721 3461 4787 πυρπνόους
3513 4718 3570 4784 ἐι

1998 4816 2383 4887 ἀγραμμάτων
2412 4815 2813 4878 διδασκαλικῶς
2840 4815 3136 4884 γενομένας
3154 4831 3166 4844 ·
3195 4813 3292 4884 τὴν
3315 4813 3373 4866 δὲ
3394 4813 3544 4866 διανέ

2002 4925 2169 4980 μησιν
2213 4908 2321 4961 τῶν
2351 4907 2611 4976 γλωσσῶν
2659 4907 2755 4961 καὶ
2799 4907 2926 4971 τοὺς
2969 4904 3273 4975 τηνικαῦτα
3326 4922 3545 4974 παρατυ

1997 5002 2191 5071 χόντας
2217 4999 2380 5063 λαοὺς
2422 4999 2452 5051 6
2483 4998 2788 5068 θεόγραφος
2816 4999 2978 5069 νόμος
3013 4995 3428 5068 παρεδήλωσεν·
3471 4996 3571 5050 αύ-

1998 5093 2086 5156 τός
2115 5110 2173 5147 τε
2212 5093 2322 5162 γάρ
2349 5091 2572 5163 σκληρῷ
2595 5091 2709 5160 λαῷ
2743 5091 2821 5159 τῷ
2853 5089 3234 5160 Ἰσραηλιτικῷ
3273 5088 3570 5160 διενεμήθη

1997 5187 2133 5258 πρὸς
2175 5186 2464 5256 διόρθωσιν
2482 5203 2498 5218 ·
2525 5186 2618 5240 καὶ
2659 5188 2686 5240 ὀ
2713 5185 2948 5255 Χριστὸς
2978 5185 3195 5255 ἔνειμεν
3225 5186 3285 5239 τὸ
3313 5185 3562 5255 Πνεῦμα,

1998 5281 2075 5344 ὡς
2105 5283 2163 5334 ἐν
2192 5282 2305 5343 τοῖς
2351 5278 2481 5350 ἑξῆς
2519 5279 2986 5349 μελῳδηθήσεται,
3018 5278 3162 5349 ὑπὲρ
3203 5278 3298 5332 τοῦ
3353 5275 3570 5330 έθνικοῦ

1997 5371 2129 5426 λαοῦ
2159 5370 2258 5426 τοῦ
2305 5372 2403 5424 καὶ
2432 5369 2597 5425 αὐτοῦ
2630 5369 3134 5440 σκληροτραχήλου,
3167 5369 3240 5432 ὡς
3273 5369 3570 5439 ἐμφαίνου-

2000 5479 2088 5515 σεν
2125 5463 2174 5516 oi
2204 5461 2264 5527 ἐξ
2293 5461 2474 5530 αῦτῶν
2509 5461 2774 5530 παρόντες
2813 5463 2878 5532 τῇ
2912 5462 3094 5531 ἑορτῇ,
3129 5460 3225 5514 καὶ
3266 5459 3443 5530 μέθην
3467 5459 3571 5511 τῶν

1997 5560 2172 5628 ἁγίων
2201 5557 2523 5612 ἀποστόλων
2561 5559 2956 5626 καταλέγοντες
2977 5573 2989 5587 ·
3021 5557 3121 5626 τήν
3148 5557 3203 5609 δέ
3236 5574 3299 5624 γε
3328 5557 3570 5628 ῥηθησο-

2005 5652 2175 5722 μένην
2210 5651 2393 5719 βιαίαν
2432 5651 2602 5723 πνοὴν
2658 5653 2751 5705 καὶ
2803 5651 2864 5704 τὸ
2892 5649 3010 5703 κατ’
3042 5649 3213 5718 αὐτὴν
3245 5649 3516 5720 πυρῶδες,
3547 5649 3572 5700 ο

1997 5745 2194 5815 γνόφος
2240 5747 2447 5808 ἐκεῖνος
2494 5745 2803 5815 συνεδήλου.
2848 5743 3071 5812 Γνόφων
3105 5743 3213 5812 γὰρ
3248 5742 3316 5796 τὰ
3345 5740 3571 5794 τοιαῦτα

1996 5842 2354 5909 ἐκτρέχουσιν
2402 5840 2561 5908 ἀέρια
2593 5838 2722 5895 ὄντα
2780 5837 3115 5908 παθήματαο
3164 5836 3296 5890 ποτε
3360 5834 3458 5903 μὲν
3506 5835 3570 5886 ἐκ
