3824 6552
49 416 83 471 Γ
126 404 169 463 ιι
842 410 925 471 IN
964 413 1304 475 HYllNUM
1347 419 2002 485 PENTECOS’I‘ALEM
2048 426 2506 491 DAMASCENI.

55 524 240 599 ζξσίὶαί
269 542 324 575 τε
350 527 485 591 φασὶ
516 526 576 579 τ),
607 531 1032 599 σφετερίζεσθαι
1096 537 1188 588 καὶ
1252 537 1627 595 ἰδιοποιεῖσθαι

1752 545 1897 600 ,alem
1941 547 2105 601 alicui
2154 549 2571 616 usurpationem
2624 546 2807 614 boni;

60 618 423 686 τὰὰλλὸτριω
456 622 551 673 καὶ
599 624 895 690 νοσφισμὸν
946 625 1044 695 τὴν
1071 628 1328 700 τοιαύτην
1362 632 1630 702 ίδιοποίη-

68 711 326 770 σινιοῦτω
370 711 481 783 γὰρ
507 714 606 768 καὶ
664 716 1013 783 νοσφίζεσθαι
1047 736 1132 782 τις
1183 718 1253 774 τὰ
1302 722 1412 774 τῶν
1464 723 1633 786 πέλας

69 804 297 868 λέγεται,
324 806 420 858 καὶ
454 808 760 874 νοσφισμὸν
784 811 1060 864 ποιεῖσθαι
1103 812 1212 865 τῶν
1243 815 1374 885 παρ’
1427 816 1632 887 ἑτέροις

73 902 251 954 ειντων·
282 898 370 949 καὶ
406 896 525 951 ἔστι
551 900 797 956 τοιοῦτον
831 904 1210 971 νοσφίζεσθαι,
1252 908 1311 960 τδ
1355 909 1513 978 νόσφι
1539 911 1647 964 καὶΔ

78 986 232 1060 χωρὶς
258 985 346 1039 τοῦ
373 987 592 1057 ἔχοντος
620 991 859 1062 πρᾶγμά
891 1011 943 1047 τι
978 998 1156 1052 ποιεῖν
1188 997 1274 1052 διὰ
1292 1000 1634 1069 ὲπικτὴσεως

83 1078 180 1129 οὒκ
227 1075 534 1149 ἐπαινετῆς.
616 1082 773 1136 Ἀλλὰ
830 1084 990 1139 τοῦτο
1052 1090 1151 1158 μὲν
1201 1091 1261 1144 έν
1312 1094 1423 1155 τοῖς
1476 1091 1608 1148 ὕστε

91 1184 188 1237 ριν.

152 1258 246 1324 κγ’.
285 1261 341 1314 Ὀ
361 1261 419 1315 δὲ
447 1263 556 1315 τῶν
590 1266 722 1335 παρ’
751 1268 981 1338 Ἕλλησι
1033 1275 1273 1343 ποιητῶν
1300 1274 1629 1345 πρώτιστος,

86 1352 143 1403 τὸ
161 1352 499 1419 νοσφίζεσθαι
523 1357 741 1428 τίθησιν
772 1363 865 1417 ἐπὶ
894 1364 1100 1420 ἔννοιαν
1130 1368 1362 1425 ὁποίαν·
1396 1365 1517 1423 οἶδε-
1539 1371 1633 1424 καὶ

93 1441 271 1511 alapa;
323 1436 477 1509 οὗτος
532 1448 791 1520 μελῳδός.
842 1454 1216 1524 Νοσφίζεσθαι
1271 1459 1406 1530 γὰρ,
1465 1463 1634 1531 φησὶν

98 1536 297 1597 ἐκεῖνος.
324 1538 517 1610 ἀνδρὸς
549 1545 783 1608 γυναῖκα
826 1547 922 1599 καὶ
955 1545 1252 1620 θυγατέρα,
1289 1553 1319 1607 ὃ
1352 1553 1502 1608 ἐστιν
1529 1554 1635 1627 ἰδίᾳ

100 1629 436 1701 καθεσθῆναιο
473 1636 570 1688 καὶ
638 1640 874 1703 γυναῖκα
937 1644 1280 1709 φονεύσασαν
1337 1645 1510 1716 ἄνδρα
1541 1649 1634 1702 τὸν

100 1722 271 1789 ἑαυτῆς
297 1725 651 1792 νοσφίσασθαι
682 1730 893 1784 ἐκείνου
923 1733 1175 1803 κειμένου
1203 1735 1299 1789 καὶ
1325 1737 1405 1790 έτι
1431 1737 1634 1791 ἀσπαί-

98 1828 279 1882 ροντος·
301 1817 532 1880 ἐκείναις
556 1819 610 1871 δὲ
648 1823 769 1885 ταῖς
795 1825 1058 1893 χρήσεσιν
1083 1826 1453 1899 ἀκολουθήσας
1475 1831 1634 1900 ἀκρι-

98 1904 190 1966 εῶς
216 1905 243 1956 6
279 1906 496 1976 ίερῳδὸς
523 1904 701 1976 οὗτος,
740 1888 1041 1983 νοσφισμὸν
1077 1916 1180 1986 ἔφη
1221 1888 1636 1991 τῆν’ἁναχώρη-
1669 1888 1710 1942 Β

100 2014 187 2064 σιν,
216 1998 244 2052 6
270 2001 383 2053 ἐστι
408 2002 502 2055 τὸν
540 2007 841 2076 χωρισμὸν,
873 2010 934 2062 τὸ
961 2010 1120 2080 νόσφι
1149 2012 1350 2084 δηλαδὴ
1381 2015 1638 2084 γενέσθαι

99 2092 186 2142 τῶν
211 2092 495 2164 ὁμιλητῶν·
528 2098 586 2150 τὸ
615 2099 669 2152 δὲ
700 2101 843 2169 ὑμῖν
892 2104 1147 2172 ἀσφαλῶς
1172 2106 1285 2177 ἔχοι
1338 2109 1405 2162 ἂν
1432 2110 1521 2163 καὶ
1552 2111 1639 2164 διὰ

101 2184 224 2254 τοῦη
274 2190 639 2259 γραφόμενον,
696 2193 785 2247 ἵνα
850 2198 1190 2265 συνεισάγων
1247 2201 1342 2253 καὶ
1394 2201 1640 2256 ὲαυτδνό

102 2278 282 2348 Σωτὴρ,
308 2280 443 2353 λέγῃ
471 2283 548 2345 ὡς
594 2283 733 2338 Οὔτε
768 2286 877 2353 ἐγὼ
927 2288 1082 2357 ὑμῶν
1109 2290 1349 2359 ἐμαυτὸν
1397 2292 1638 2362 χωρίσω,

101 2367 200 2420 ιῧτε
231 2370 382 2438 ὑμεῖς
417 2374 554 2441 ἐμοῦ
615 2377 945 2445 χωρίσεσθε.
1005 2379 1068 2432 El
1115 2378 1223 2451 γὰρ
1256 2381 1399 2436 κατὰ
1449 2382 1540 2434 τὸν
1564 2383 1641 2434 εί-

104 2461 249 2514 πὸντα
276 2463 332 2515 τὸ
363 2463 688 2535 διαζευγνὺν
728 2468 821 2522 τοῦ
877 2471 1266 2541 διεζευγμένου
1311 2473 1639 2540 διέζευκται,

102 2552 183 2605 οὐκ
212 2553 273 2607 ἂν
298 2557 444 2619 είκὸς
473 2560 560 2627 εἴη
592 2560 713 2613 οὐδὲ
745 2561 995 2627 δυνατὸν,
1034 2563 1167 2633 ἐμοῦ
1218 2564 1335 2635 μεθ’
1372 2565 1526 2636 ὑμῶν
1550 2566 1643 2618 ὅνδ-

105 2662 199 2709 ex,
230 2648 299 2717 μὴ
333 2651 427 2703 καὶ
459 2651 606 2719 ὑμᾶς
652 2655 770 2722 μετ’
814 2656 947 2726 ἐμοῦ
997 2653 1162 2721 εἶναι,
1196 2659 1288 2711 καὶ
1338 2659 1398 2711 τὺ
1430 2660 1641 2713 ἀνάπα-

3206 427 3312 490 5ἱῖ

2861 546 2940 600 sic
2987 546 3132 601 enim
3185 548 3310 617 quis

1737 642 1940 695 dicitur
1975 642 2328 711 νοσφίζεσθαι
2369 642 2698 698 subtrahere
2728 641 3032 695 vicinorum
3067 643 3226 700 bona.
3261 651 3313 694 et

1740 730 1942 786 furtum
2002 732 2183 787 facere
2215 748 2406 787 eorum
2437 749 2557 802 quae
2590 742 2912 787 caeterorum
2955 740 3118 796 sunt;
3159 740 3207 785 et
3238 732 3315 785 sic

1741 822 2090 894 νοσφίζεσθαι
2114 825 2385 895 signiﬁcat
2418 825 2622 895 aliquid
2666 838 2947 893 separare,
2981 832 3035 875 et
3064 823 3253 893 procul
3283 837 3311 875 a

1740 935 2057 987 possessore
2093 935 2373 973 removere
2408 935 2505 989 per
2536 918 2958 986 arquisitionem
2994 933 3098 971 non
3137 916 3315 969 lauda-

1736 1015 1921 1069 bilem.
1956 1013 2058 1067 Sed
2094 1014 2196 1067 hoc
2248 1014 2299 1067 in
2332 1014 2712 1084 sequentibus.

1808 1283 1898 1336 25.
1940 1280 2200 1348 Princeps
2233 1281 2546 1335 Graecorum
2593 1290 2872 1349 poetarum
2908 1277 3050 1333 idem
3088 1276 3314 1331 verbum

1739 1375 1843 1428 hac
1900 1383 2081 1427 mente
2130 1373 2355 1442 accipit,
2416 1375 2559 1425 sicut
2628 1373 2779 1426 novit
2842 1377 3069 1424 sanctus
3127 1374 3317 1422 noster

1738 1472 1970 1531 auctor;
2029 1450 2409 1531 νοσφίζεσθαι,
2451 1464 2528 1518 ait
2563 1464 2677 1531 ille,
2742 1479 2769 1517 a
2823 1464 2940 1516 viro
2986 1476 3216 1515 uxorem
3264 1468 3316 1516 et

1737 1557 1927 1617 filiam,
1987 1557 2038 1610 id
2091 1563 2175 1610 est
2231 1570 2478 1610 seorsum
2524 1570 2728 1625 ponere
2762 1573 2776 1610 :
2811 1564 2864 1609 et
2890 1553 3171 1608 mulierem
3202 1566 3319 1621 qua!

1735 1646 1912 1702 virum
1967 1665 2125 1704 suum
2174 1648 2523 1703 interfecerat
2563 1646 2928 1715 loscpiCsaeat,
2975 1642 3168 1715 procul
3228 1658 3318 1697 re-

1736 1756 1955 1796 movere
1980 1743 2049 1795 ab
2109 1741 2202 1793 illo
2233 1741 2450 1809 jacente
2505 1748 2558 1794 et
2614 1739 2792 1793 adhuc
2828 1739 3094 1807 spirante.
3140 1735 3319 1802 Quem

1740 1848 1959 1887 sensum
2001 1842 2128 1900 apte
2160 1847 2395 1900 sequens
2429 1839 2623 1884 auctor
2650 1840 2861 1891 noster,
2905 1829 3205 1897 νοσφισμὸν
3247 1819 3319 1879 ai'

1747 1938 2043 1986 secessum,
2090 1922 2142 1976 id
2174 1920 2703 1990 estseparationem,
2733 1920 2923 1986 procul
2958 1934 2987 1972 a
3022 1917 3318 1972 contuber-

1746 2015 1963 2069 nalibus
1988 2015 2202 2068 abesse.
2236 2013 2474 2068 Verbum
2499 2021 2677 2068 autem
2706 2011 2838 2080 ὑμῖν
2870 2019 3021 2064 recte
3051 2009 3326 2063 diceretur

1749 2123 1844 2178 per
1871 2106 2107 2161 litteram
2148 2104 2350 2175 (ἡμῖν),
2378 2114 2435 2159 ιιι
2476 2105 2753 2159 inducens
2803 2104 3042 2170 seipsum
3074 2101 3327 2157 Salvator

1749 2200 1937 2255 dicat:
1973 2197 2090 2252 Non
2150 2196 2420 2263 meipsum
2451 2212 2480 2250 a
2529 2196 2685 2251 vobis
2740 2209 2993 2258 secerno,
3031 2210 3129 2249 nec
3171 2209 3266 2246 vos
3294 2207 3325 2246 a

1745 2308 1831 2348 me
1858 2290 2272 2362 separabimini.
2303 2288 2359 2343 Si
2397 2289 2563 2354 enim,
2595 2296 2655 2343 ut
2688 2288 2907 2357 quidam
2956 2286 3054 2350 ait,
3078 2285 3327 2340 dividens

1746 2400 1776 2439 a
1811 2384 1984 2438 diviso
2046 2382 2326 2448 dividitur,
2368 2396 2478 2436 non
2515 2380 2814 2435 verisimile
2866 2386 3014 2434 esset
3054 2392 3157 2432 nec
3199 2391 3325 2442 pos-

1746 2474 1923 2538 sibile.
1958 2488 2044 2529 me
2072 2480 2328 2527 manente
2358 2472 2665 2538 vobiscum,
2698 2487 2796 2527 vos
2825 2484 3038 2524 mecum
3063 2483 3173 2523 non
3205 2481 3327 2521 esse

1752 2577 1805 2622 et
1836 2568 1955 2622 vice
1983 2581 2164 2623 versa.
2202 2566 2380 2621 Causa
2404 2574 2585 2620 autem
2622 2563 2789 2633 hujus
2817 2562 3160 2618 indivisionis
3189 2561 3325 2613 ami-

1726 2660 1908 2727 ‘citia;
1949 2660 2206 2729 quoniam
2257 2659 2401 2712 enim
2452 2672 2559 2727 per
2603 2671 2723 2712 eam
2777 2654 3157 2724 unusquisque
3200 2666 3326 2706 ves-

104 2738 184 2794 λιν.
234 2742 407 2797 Αἴτιον
429 2745 485 2797 δὲ
516 2746 608 2799 τοῦ
641 2747 887 2802 τοιούτου
923 2749 997 2819 μὴ
1026 2749 1337 2820 νοσφισμοῦ
1373 2752 1408 2822 ἡ
1439 2750 1594 2819 φιλία
1621 2768 1637 2783 ⁶

1755 2761 1921 2815 trum,
1978 2759 2031 2806 et
2085 2764 2243 2805 nemo
2302 2764 2330 2803 a
2394 2749 2576 2819 seipse
2630 2746 2895 2802 dividitur
2934 2747 3148 2809 vivens,
3214 2757 3323 2798 non

103 2832 203 2885 ἐπεὶ
254 2836 357 2905 γὰρ
404 2837 474 2891 δι’
497 2839 667 2910 αὐτὴν
701 2841 854 2912 ὑμῶν
883 2858 945 2894 τε
995 2842 1229 2906 ἕκαστος
1286 2842 1445 2906 ἄλλος
1500 2844 1642 2897 ἐστιν

1754 2841 1986 2911 proinde
2030 2841 2302 2910 separatio
2336 2839 2491 2895 vobis
2526 2841 2632 2895 erit
2665 2840 2717 2893 in
2750 2847 3040 2893 aeternum.

103 2923 212 2991 έϊὼ,
241 2930 327 2982 καὶ
355 2930 466 2998 ἐγὼ
506 2931 563 2985 δὲ
616 2932 754 3006 ὅπερ
787 2934 946 3003 ἄλλος
996 2936 1024 2987 6
1054 2935 1176 2989 καθ’
1215 2935 1309 2989 ἕνα
1343 2935 1519 3007 ὑμῶν·
1548 2935 1724 2989 οὐδεὶς
1758 2934 1811 2987 δὲ
1845 2933 2041 2991 ἑαυτοῦ
2081 2932 2395 3002 νοσφίζεται
2430 2931 2561 2996 ζῶνο
2629 2932 2741 2985 οὐδ’
2802 2932 2910 3000 ἄρα
2977 2929 3104 2998 ὑμῖν
3175 2927 3327 2982 ἔσται

104 3024 366 3091 νοσφισμδς
403 3024 472 3077 δι’
503 3028 720 3089 αἰῶνος.

158 3114 248 3168 κδ’.
289 3114 347 3168 '0
373 3116 431 3168 δὲ
481 3117 705 3187 ὕψιστος
764 3119 954 3190 θρόνος
987 3121 1190 3193 πολλὴν
1215 3122 1314 3193 μὲν
1346 3123 1460 3192 ἔχει
1508 3139 1642 3193 γρα-

1831 3121 1922 3176 24.
1966 3119 2227 3175 Εαεείδιιδ
2257 3132 2384 3172 vero
2416 3115 2637 3171 thronus
2678 3131 2934 3187 magnum
2969 3115 3130 3168 habet
3162 3128 3329 3181 appa—

105 3208 248 3273 φικῆν
281 3211 663 3283 συγκρότησιν,
696 3215 770 3277 ὡς
806 3211 897 3269 οἷα
929 3215 1025 3270 καί
1046 3233 1171 3270 τινα
1198 3216 1463 3288 λαμπρὰν
1491 3217 1642 3289 ἀρχι-

1752 3220 1926 3267 ratum
1983 3210 2411 3280 descriptionis,
2469 3210 2625 3278 quasi
2669 3210 2741 3262 sit
2780 3208 3023 3263 formosa
3079 3205 3327 3276 quaedam

106 3304 391 3373 τεκτόνησιν
412 3320 427 3335 ο
468 3306 695 3377 ἀρκέσει
725 3307 781 3362 δὲ
826 3311 990 3379 μόνον
1017 3309 1347 3379 παραδεῖξαι
1374 3310 1437 3364 τὸ
1479 3310 1642 3365 αὐτοῦ

1752 3303 2037 3361 aediﬁcatio
2066 3319 2081 3370 ;
2115 3302 2349 3358 sumciet
2374 3309 2560 3356 autem
2595 3300 2714 3370 ejus
2754 3297 3096 3353 altitudinem
3147 3306 3331 3352 osten-

108 3392 219 3462 ίιψος
244 3396 303 3449 ἐκ
325 3396 441 3461 τοῦ,
476 3398 507 3451 6
536 3402 595 3453 ὲν
629 3400 860 3471 ὑψηλοῖς
900 3401 1171 3458 κατοικῶν
1200 3405 1293 3456 καὶ
1316 3403 1385 3456 τὰ
1409 3403 1642 3457 ταπεινὰ

1752 3396 1877 3450 dere
1910 3410 1976 3448 ex
2011 3394 2112 3450 hoc
2139 3401 2331 3449 textu:
2368 3391 2471 3458 Qui
2504 3393 2559 3445 in
2591 3391 2717 3445 altis
2752 3390 2983 3453 habitat,
3033 3399 3082 3443 et
3107 3388 3330 3441 humilia

1749 3487 1986 3557 respicit.
2021 3485 2154 3556 Ejus
2178 3485 2272 3554 qui
2302 3486 2381 3538 sic
2413 3484 2597 3538 omnia
2630 3483 2801 3546 videt,
2828 3481 3077 3536 excelsus
3106 3479 3331 3534 omnino

1749 3577 1984 3634 visibilis
2013 3577 2267 3632 thronus.
2310 3572 2367 3630 Si
2415 3582 2597 3629 autem
2640 3591 2762 3644 quae
2807 3574 2896 3628 hic
2935 3579 3066 3629 sunt
3110 3571 3327 3627 excelsa

1751 3671 2018 3725 montium
2067 3676 2359 3739 augustum
2399 3668 2530 3736 quid
2593 3676 2742 3730 sunt,
2804 3666 2975 3719 multo
3014 3662 3330 3733 augustiora

1750 3778 1869 3832 qua?
1898 3771 2028 3819 sunt
2059 3762 2114 3815 in
2159 3762 2325 3828 caelo,
2360 3761 2517 3829 cujus
2561 3770 2752 3828 portae,
2778 3757 2930 3826 juxta
2960 3757 3330 3819 Psalmistam,

1751 3856 2036 3909 elevantur
2060 3856 2392 3909 ascendente
2419 3853 2703 3909 Salvatore
2727 3851 2973 3906 Christo.
3016 3849 3152 3903 Vide
3179 3862 3330 3902 nunc

1750 3955 2031 4017 paternum
2065 3948 2347 4012 thronum;
2389 3960 2497 4000 non
2530 3946 2676 4000 enim
2724 3944 2861 3998 dixit
2896 3959 2909 3996 :
2948 3941 3001 3994 in
3050 3939 3326 4010 proprium

1753 4036 2029 4091 excelsum
2072 4037 2354 4097 thronum,
2388 4034 2439 4088 id
2465 4043 2551 4088 est
2582 4049 2790 4097 meum,
2822 4048 2892 4085 ne
2923 4031 3105 4100 aliqua
3133 4028 3332 4082 divisio

1753 4138 2041 4200 appareret
2095 4128 2241 4182 inter
2283 4126 2437 4180 illum
2478 4137 2536 4180 et
2593 4124 2833 4190 Patrem,
2887 4121 3090 4191 duplici
3141 4122 3334 4173 adum-

1752 4221 1911 4274 brata
1966 4220 2188 4273 throno.
2252 4215 2442 4270 Maluit
2516 4218 2658 4270 enim
2728 4221 3015 4283 paternum
3072 4215 3330 4264 thronum

122 4307 379 4382 Ἐπέκρινι
410 4312 468 4366 δὲ
492 4313 747 4383 πατρῷον
771 4314 962 4381 θρόνον
988 4315 1188 4379 εἰπεῖν,
1217 4315 1303 4368 ἵνα
1331 4314 1520 4385 ὥσπερ
1553 4315 1642 4385 μία

1755 4308 1958 4371 dicere,
1983 4319 2043 4363 ut
2077 4309 2220 4363 sicut
2250 4323 2356 4361 una
2381 4316 2468 4362 est
2494 4305 2744 4360 adoratio
2792 4311 2994 4360 sanctae
3043 4300 3333 4355 Trinitatis

115 4403 452 4473 προσκύνησις
480 4402 581 4473 τῆς
609 4404 771 4473 ἁγίας
796 4406 1025 4474 Τριάδος
1055 4407 1642 4478 συμπροσκυνουμένηέ

1755 4412 2028 4456 venerata:
2061 4399 2225 4455 simul
2276 4400 2328 4451 in
2380 4413 2489 4452 una
2524 4397 2864 4458 adoratione,
2896 4395 2977 4459 sic
3004 4401 3058 4448 et
3091 4409 3233 4445 unus
3260 4393 3334 4445 sit

116 4491 161 4543 ἐν
184 4496 273 4565 μιᾷ
295 4497 687 4566 προσκυνήσει,
731 4496 877 4550 οὓτω
925 4499 1022 4551 καὶ
1049 4497 1222 4561 θῶκος
1243 4494 1324 4562 εἷς
1354 4498 1449 4552 καὶ
1501 4514 1642 4552 συνε-

1757 4494 2011 4558 thronus,
2040 4507 2144 4545 una
2191 4491 2393 4553 sedes;
2427 4490 2712 4544 manifeste
2755 4495 2936 4540 autem
2970 4486 3204 4539 thronus
3250 4492 3335 4539 est

110 3484 312 3556 ὲὶπδριῖιν.
360 3489 451 3560 Τῷ
507 3490 615 3562 γὰρ
663 3490 807 3547 οὕτω
858 3493 1239 3565 παντεπόπτῃ,
1291 3493 1389 3548 καὶ
1423 3493 1646 3563 ὕψιστος

109 3578 295 3642 πάντως
320 3581 349 3633 6
377 3582 678 3643 ἐποπτικὺς
714 3584 907 3653 θρόνος
951 3584 1162 3659 θρόνοςο
1187 3585 1308 3639 εἰδὲ
1334 3585 1429 3638 καὶ
1459 3585 1521 3638 τὸ
1549 3585 1648 3638 αὐ-

110 3670 185 3721 τοῦ
203 3665 332 3725 εἶναι
365 3674 432 3726 τὰ
481 3672 665 3742 ὑψηλὰ
720 3675 831 3729 τῶν
882 3673 1056 3745 ὀρέων
1091 3674 1294 3745 σεμνόν
1318 3677 1480 3742 ζιστι,
1528 3676 1646 3730 ἀλλ’

113 3760 392 3831 ὁπέρσεμνα
425 3765 494 3818 τὰ
517 3767 662 3822 κατὰ
707 3767 798 3822 τὸν
832 3766 1085 3838 οὐρανὸν,
1123 3763 1186 3824 οὗ
1223 3769 1279 3823 αί
1307 3767 1474 3822 πύλαι
1504 3770 1649 3822 κατὰ

113 3854 185 3905 τὶν
211 3855 470 3923 ψάλλοντα
490 3857 742 3926 αἴρονται
771 3859 1297 3931 ἀναλαμϐανομένου
1337 3860 1433 3912 τοῦ
1464 3861 1652 3929 Σωτῆ-

114 3958 187 4011 ρος
212 3945 459 4013 Χριστοῦ.
476 3948 619 4019 Ὅρα
641 3948 700 4002 δὲ
723 3949 1056 4013 ὲνταῦθατδ,
1076 3951 1324 4021 πατρῷον
1355 3950 1564 4021 θρόνον⁸
1584 3951 1646 4004 οὐ

114 4034 205 4103 γὰρ
234 4032 378 4090 εἶπεν
413 4038 495 4101 είς
527 4039 726 4093 οἰκεῖον
754 4039 981 4110 ὕψιστον
1022 4039 1234 4110 θρόνον,
1267 4041 1516 4094 τούτέστι
1557 4041 1650 4095 τὸν

115 4126 241 4194 ἐμὶν,
270 4130 351 4183 ἵνα
381 4131 457 4199 μή
489 4148 574 4195 τις
598 4132 864 4203 διαίρεσις
896 4134 1170 4203 έμφανείη
1200 4133 1366 4187 αὐτοῦ
1392 4134 1531 4203 πρὸς
1558 4133 1650 4186 τὸν

117 4214 298 4289 Πατέρα
351 4221 785 4275 ὐποσκιασθεῖσα
844 4221 923 4291 τῷ
982 4222 1077 4276 τοῦ
1149 4223 1341 4294 θρόνου
1402 4221 1650 4291 δυασμῷ.

115 4584 371 4658 δριασμός·
400 4584 477 4644 ὧν
507 4592 537 4645 6
563 4589 664 4661 μὲν
698 4588 886 4660 θρόνος
924 4589 986 4643 τὸ
1015 4592 1074 4643 έν
1113 4591 1410 4661 ἀγαθότητι
1441 4591 1653 4660 βασιλι-

1758 4584 1914 4639 sedes
1954 4593 2155 4639 sancite
2191 4581 2483 4636 Trinitatis
2512 4580 2567 4635 in
2600 4579 2889 4635 bonitate:
2927 4576 3212 4631 consessio
3239 4590 3336 4630 au-

116 4680 207 4744 κῶς
226 4683 435 4755 ἑδραῖον
464 4683 565 4755 τῆς
620 4683 786 4752 ἁγίας
836 4684 1069 4753 Τριάδος
1122 4684 1308 4755 δηλοῖ·
1341 4687 1368 4738 ὁ
1415 4684 1471 4739 δὲ
1501 4701 1642 4738 συνε-

1759 4685 1863 4731 tem
1894 4675 2195 4746 symbolum
2217 4684 2303 4729 est
2334 4673 2681 4728 indivisionis
2709 4672 2852 4740 ejus.
2887 4668 3125 4726 Verbum
3150 4678 3332 4723 autem

110 4767 338 4844 δριασμδς
367 4772 462 4828 τοῦ
485 4772 608 4828 κατ’
636 4774 806 4843 αὐτὴν
840 4773 1146 4844 ἀχωρίστον
1197 4774 1468 4844 σύμϐολόν
1509 4777 1647 4828 ἐστι·

110 4863 159 4913 si
202 4863 254 4915 δὲ
305 4863 670 4933 συνεδριὰζων
721 4868 784 4918 ὲκ
831 4864 927 4917 τοῦ
984 4863 1308 4931 κοινώτερον
1354 4865 1650 4935 λεγομένου

113 4956 360 5023 συνεδρίου
398 4955 823 5025 παρείλκυσται.
883 4953 949 5007 Ἦ
1008 4956 1117 5024 γὰρ
1174 4955 1308 5024 ἕδρα
1342 4956 1478 5025 ὅπερ
1536 4956 1653 5009 ἐστὶ

113 5046 324 5117 καθέδρα
351 5046 714 5117 τρισύλλαϐον
745 5047 899 5117 ῥῆμα
924 5046 1163 5116 παράγει
1200 5046 1262 5099 τὸ
1292 5047 1557 5117 έδράζειν,
1589 5047 1650 5100 οὐ

115 5139 203 5204 μὴν
233 5141 526 5212 ἐδριάζειψ
575 5140 867 5210 δικαστικὴ
900 5139 957 5193 δὲ
991 5139 1141 5204 λέξις
1167 5140 1228 5192 τὸ
1277 5139 1653 5211 συνεδριᾶζειν

113 5232 369 5297 πρέπουσα
392 5232 512 5303 Υίῷ
541 5232 621 5301 τῷ
651 5232 747 5286 καὶ
777 5232 1022 5303 κρίνοντι
1043 5233 1137 5287 καὶ
1176 5231 1521 5301 συγκρίνοντι
1542 5234 1655 5296 τοῖς

114 5319 230 5385 ἴσοις
252 5325 327 5393 τῷ
360 5326 539 5395 Πατρὶ
571 5326 664 5378 καὶ
705 5323 784 5395 τῷ
830 5322 1135 5395 Πνεύματι,
1169 5322 1264 5378 καὶ
1311 5323 1655 5393 ἐλευσομένῳ

114 5416 270 5483 κρῖναι
300 5415 512 5480 ζῶντας
540 5417 637 5470 καὶ
671 5414 922 5486 νεκρούς.

168 5502 253 5561 κε’.
283 5509 354 5561 Τὸ
378 5509 432 5561 δὲ
461 5507 673 5577 ἐκχεῶ,
698 5506 1012 5578 προφητικὴ
1032 5506 1175 5575 λέξις
1204 5507 1341 5571 ἐστὶ,
1373 5506 1465 5559 τοῦ
1502 5504 1657 5576 Ἰωὴλ

1763 4765 2126 4837 σννεδριὰζων
2148 4782 2212 4822 ex
2242 4783 2374 4821 voce
2397 4765 2762 4822 communiter
2786 4764 3060 4837 συνέδριον
3081 4761 3334 4828 trahitur;

1761 4863 1891 4935 ἕδρα
1945 4859 2111 4924 enim,
2152 4859 2203 4913 id
2263 4868 2346 4915 est
2401 4858 2680 4927 cathedra,
2720 4856 2944 4912 verbum
2993 4855 3334 4926 trisyllabum

1762 4954 2014 5023 producit
2045 4949 2294 5021 ὲδράζειν
2335 4957 2390 5003 ut
2423 4957 2475 5003 et
2510 4948 2784 5017 έδριάζειν
2812 4963 2827 5011 ;
2858 4945 3119 5016 judiciale
3150 4954 3335 4999 autem

1762 5048 1994 5100 verbum
2024 5040 2398 5110 συνεδριάζειν
2435 5038 2693 5093 convenit
2731 5036 2870 5092 Filio
2904 5036 2997 5107 qui
3030 5044 3083 5089 et
3105 5034 3335 5103 iudicat,

1762 5146 1819 5192 et
1856 5133 2169 5205 conjudicat
2227 5147 2354 5186 curn
2405 5131 2708 5201 aequalibus
2762 5130 3009 5199 personis
3057 5130 3221 5181 Patre
3282 5135 3340 5180 et

1763 5227 1971 5297 Spiritu
2004 5231 2220 5293 sancto,
2247 5223 2343 5294 qui
2371 5229 2639 5278 venturus
2677 5229 2761 5277 est
2792 5219 3044 5291 judicare
3084 5218 3238 5273 vivos
3281 5224 3339 5272 et

1766 5328 2036 5378 mortuos.

1832 5506 1923 5560 25.
1957 5503 2189 5560 Verbum
2218 5499 2415 5557 deinde
2431 5502 2697 5570 emtudam
2726 5496 3102 5571 propheticum
3133 5502 3236 5558 est,
3268 5504 3340 5546 ex

1759 5596 1875 5651 Joel
1900 5594 2154 5649 videlicet
2209 5603 2508 5662 sumptum,
2567 5600 2621 5647 et
2677 5592 2917 5646 abundat
2974 5585 3342 5644 sanctissimis

114 5688 141 5754 ἡ
168 5693 297 5745 κατὰ
334 5693 395 5745 τὸ
422 5692 581 5759 ἅγιον
615 5691 918 5762 βάπτισμα,
960 5692 1040 5753 εἰς
1083 5690 1112 5743 ὃ
1141 5689 1489 5754 καταδύντες,
1516 5689 1642 5744 οὖτα

1759 5685 2179 5754 cogitationibus
2212 5701 2229 5752 ;
2258 5698 2484 5753 quarum
2522 5698 2626 5736 una
2667 5682 2732 5735 ad
2763 5688 3010 5734 sanctum
3064 5678 3338 5730 lavacrum

118 5779 191 5830 καὶ
204 5782 631 5845 συναναστάντες
656 5781 928 5851 σωτηρίου
948 5781 1164 5850 ἱμάτιον
1184 5780 1557 5850 ὴμφιέσμεθα.
1579 5797 1642 5849 χι-

1763 5777 2019 5841 refertur,
2055 5777 2110 5831 in
2143 5776 2287 5845 quod
2308 5774 2708 5829 descendentes
2737 5778 2790 5826 et
2817 5785 2941 5824 mox
2964 5777 3336 5835 assurgentes,

117 5869 235 5928 τῶνα
263 5873 450 5930 τοῦτον
485 5874 747 5945 φωτεινὸν
770 5872 1194 5946 περικέχυμενον
1214 5872 1379 5946 ἡμᾶς,
1402 5874 1494 5928 καὶ
1513 5872 1589 5928 διε
1598 5890 1642 5941 με

1765 5869 1957 5927 salutis
1985 5878 2187 5928 vestem
2211 5866 2385 5925 induti
2404 5882 2617 5933 sumus,
2645 5864 2981 5931 splendidam
3012 5862 3149 5917 hanc
3198 5861 3339 5911 tuni-

113 5592 346 5664 δηλονότι,
371 5602 466 5652 καὶ
494 5600 684 5669 ἔχεται
719 5598 1030 5669 ίερωτάτων
1052 5598 1295 5659 ἐννοιῶν,
1327 5590 1402 5651 ὧν
1436 5598 1533 5667 μία
1564 5598 1659 5651 καὶ
