3824 6560
145 434 229 495 59
530 435 540 444 ’
881 430 960 491 1N
1012 431 1352 492 llYnlNUM
1392 427 2048 490 PENTECJSTALEM
2090 424 2561 487 DAMASCENI.
3252 415 3362 481 550

145 550 204 610 ὡς
225 543 278 609 ἐξ
300 538 515 595 ἐκείνων
544 543 633 594 καὶ
663 540 768 594 τῶν
808 541 928 595 κατ’
959 543 1157 604 αὐτοὺς
1181 542 1274 595 δύο
1308 541 1364 594 τὸ
1394 539 1677 608 ἐλάχιστον

1804 548 1855 592 ta
1889 549 1946 593 ut
1972 554 2037 593 ev
2067 539 2149 593 his
2179 536 2651 607 propositionibus
2677 549 2797 604 quae
2824 533 2964 590 inter
2994 520 3149 588 sead
3178 520 3364 590 minus

146 636 447 707 προτάσεων,
506 632 571 696 ἃς
630 633 659 685 ὁ
714 632 881 699 μέσος
937 632 1230 700 ἀπαρτίζει
1290 630 1674 699 διπλούμενος,

1804 631 1894 685 luo
1927 641 2074 698 sunt,
2105 647 2245 700 quas
2301 630 2513 684 medius
2564 629 2851 698 duplicatis
2906 627 3148 697 adaptat,
3205 628 3366 697 perli-

144 727 482 784 ἀποτελεῖσθαι
507 725 883 795 συμπέρασμα
908 723 1139 797 βεϐηκὸς
1162 718 1272 777 οἷον
1297 723 1390 775 καὶ
1416 721 1684 789 στάσιμον

1804 723 1963 777 :iatur
1992 725 2273 778 conclusio
2306 723 2461 778 ﬁrma
2486 732 2540 777 et
2595 721 2808 777 stabilis
2840 722 2968 789 quia
2997 734 3123 773 vera
3154 730 3258 785 est,
3309 729 3366 774 et

143 822 214 874 διὰ
248 819 302 871 τδ
351 816 653 888 ἀληθεύειν,
688 818 779 871 καὶ
814 814 988 877 οὕτως
1018 816 1079 868 οῦ
1122 814 1230 884 μὴν
1280 813 1454 876 ἄλλως
1488 812 1684 882 περαί-

1804 817 1868 873 tie
1903 818 2064 873 linem
2100 820 2334 889 accipiat
2355 819 2641 889 diligentia
2675 819 2913 873 terrentis
2946 817 3363 888 syllogismum;

144 910 303 963 νεσθαι
322 909 379 961 τὸ
406 908 493 960 διὰ
521 906 756 977 σπουδῆς
779 906 860 977 τῷ
889 906 1147 959 tum
1171 906 1267 956 τὸν
1285 901 1651 970 συλλογισμόν
1669 915 1685 932 ·

1804 922 1845 967 ιι
1874 922 1959 968 est
1984 914 2109 969 talis
2145 915 2413 969 terminus
2435 914 2677 967 maxime
2700 928 3003 982 congruas,
3051 920 3110 965 ut
3157 909 3370 964 videtur

142 1007 217 1054 καὶ
242 1001 375 1053 ἔστιν
399 1003 427 1052 ὁ
454 999 700 1062 τοιοῦτος
725 999 859 1070 ὅρος
875 998 1329 1070 προσφιλέστατος
1347 997 1417 1049 τά
1444 1011 1511 1062 τε
1544 993 1687 1047 κατά

1804 1005 2006 1074 {uideni
2055 1004 2104 1059 ei
2127 1007 2216 1075 qui
2243 1008 2461 1060 canitur
2489 1006 2575 1061 hic
2603 1005 2843 1059 termino
2867 1003 3130 1073 perfecto,
3159 1001 3373 1056 Messian

142 1097 190 1146 τδ
215 1092 369 1155 είκδς,
415 1090 497 1161 τῷ
546 1091 939 1162 μεὶῳὸουμένῳ
984 1089 1217 1144 ἐνταῦθα
1271 1088 1527 1161 βεϐηκότι
1554 1089 1685 1158 ὅρῳ,

1804 1096 1922 1152 Iesu
1949 1096 2191 1164 Christo,
2240 1098 2490 1169 migulari
2512 1097 2824 1151 venerando
2856 1096 3020 1166 lapidi
3057 1094 3152 1165 qui
3182 1093 3373 1146 concio

142 1187 205 1254 τῷ
220 1184 417 1256 Iacuit;
433 1183 613 1253 Ἰησοῦ
640 1183 883 1255 Χριστῷ,
911 1184 990 1254 τῷ
1018 1182 1403 1253 ἀκρογωνιαίῳ
1431 1180 1688 1251 παντίμῳ

1804 1189 1941 1240 liavit
1970 1187 2322 1242 rationabiles
2353 1188 2611 1242 homines
2656 1201 2687 1239 α
2752 1184 2863 1240 Deo
2919 1185 3056 1239 male
3108 1184 3365 1247 divisos;

140 1278 266 1347 λίθῳ,
299 1279 372 1343 τῷ
398 1277 508 1329 τῶν
531 1274 835 1329 διεστώτων
863 1274 965 1327 οὐκ
1001 1274 1329 1343 εὐλογίστως
1361 1271 1598 1341 λογικῶν
1624 1273 1687 1323 ὲκ

1804 1279 1994 1334 cadens
2022 1279 2171 1332 enim
2209 1277 2419 1333 medius
2448 1278 2593 1333 inter
2615 1294 2715 1334 nos
2769 1287 3082 1348 peccatores
3137 1284 3192 1330 et
3234 1291 3368 1331 san-

140 1366 215 1422 τοῦ
241 1367 363 1420 θεοῦ
393 1366 719 1438 συνδετικῷ.
756 1367 980 1420 Πίπτων
1005 1369 1114 1437 γὰρ
1140 1364 1303 1428 αὐτὸς
1337 1367 1503 1434 μέσος
1526 1364 1686 1434 ἡμῶν

1804 1372 2097 1428 :tissimum
2155 1367 2373 1425 Patrem
2421 1386 2602 1434 suum,
2642 1369 2854 1439 perlicit
2883 1369 3026 1438 quod
3087 1369 3211 1441 ipsi.
3253 1383 3370 1420 ma-

141 1478 185 1513 τε
212 1461 307 1513 τῶν
326 1461 661 1531 ἐφαμάρτων
689 1460 785 1513 καὶ¹
804 1458 899 1513 τοῦ
927 1458 1231 1529 ὑπεραγίου
1263 1457 1473 1527 Πατρός
1498 1452 1687 1522 αὑτοῦ,

1804 1462 1954 1518 limae
1981 1474 2126 1515 cura
2154 1468 2258 1524 est,
2289 1461 2539 1527 redigens
2572 1477 2672 1516 nos
2697 1460 2752 1513 in
2772 1475 2961 1524 unum,
2996 1469 3049 1513 et
3078 1458 3370 1526 adjuncms

144 1553 462 1608 συναποτελεί
506 1554 645 1623 ὅπερ
697 1555 850 1607 ἐστὶν
902 1552 1051 1622 αὐτῷ
1081 1550 1169 1605 διὰ
1225 1549 1423 1603 πολλοῦ
1460 1547 1695 1602 σπουδά-

144 1663 337 1717 σματος,
383 1646 444 1698 τὸ
492 1647 763 1699 ἑνοποιεῖν
813 1645 986 1715 ἡμᾶς,
1040 1643 1134 1698 καὶ
1186 1641 1460 1711 κολλήσας
1512 1640 1695 1709 όπίσῳ

143 1734 315 1789 ἐκείνου
346 1736 485 1789 κατὰ
534 1737 626 1788 τὸν
680 1734 836 1804 ἆγιον
864 1734 1031 1788 Δαϐὶδ
1087 1731 1559 1803 ἀκολουθητικῶς,
1596 1730 1693 1784 καὶ

143 1827 464 1898 παριστάνειν
499 1827 580 1887 είς
631 1828 924 1896 πρόσωπον
968 1825 1135 1882 αὐτοῦ
1187 1825 1262 1889 ὡς
1313 1824 1643 1879 όπτάνεσθαι
1674 1840 1689 1856 ν

1794 1561 1918 1623 post
1946 1568 2025 1618 se,
2054 1551 2209 1619 juxta
2232 1558 2480 1605 sanctum
2520 1551 2710 1613 David,
2737 1550 3082 1603 constituens
3115 1548 3168 1600 in
3231 1560 3369 1598 con-

1795 1656 1983 1713 Spectu
2043 1643 2161 1713 ejus
2192 1652 2249 1696 ut
2275 1642 2598 1705 videamur;
2634 1652 2689 1695 et
2733 1643 2813 1696 sic
2883 1641 3237 1696 salvationem
3273 1653 3370 1690 no-

1797 1743 1967 1789 stratn
2009 1750 2119 1788 non
2152 1734 2477 1803 simpliciter
2510 1734 2794 1803 perliciens
2821 1748 2941 1786 cum
2971 1732 3133 1786 l’atre
3163 1740 3216 1784 et
3246 1727 3371 1800 Spi—

1797 1828 1929 1893 ritu,
1957 1830 2067 1883 imo
2096 1830 2409 1883 necessario
2441 1829 2725 1883 nobiscum
2792 1828 3097 1897 procedens
3125 1842 3139 1892 ;
3177 1825 3364 1878 volen-

144 1922 216 1973 καὶ
239 1917 367 1972 οὕτω
390 1919 496 1990 τὴν
534 1920 812 1990 σωτηρίαν
841 1919 1001 1990 ἡμῶν
1032 1919 1153 1988 οὐχὶ
1184 1917 1371 1982 ἁπλῶς
1410 1918 1689 1987 περαίνειν

1804 1921 1947 1975 tibus
2007 1921 2151 1987 enim
2209 1919 2369 1975 nobis
2426 1926 2649 1988 Optatus
2712 1919 2799 1972 hic
2846 1918 3077 1970 habetur
3136 1916 3369 1978 exitus;

144 2013 235 2081 ἅμα
258 2011 328 2082 τῷ
378 2012 560 2083 Πατρὶ
604 2014 701 2068 καὶ
747 2013 825 2084 τῷ
859 2012 1160 2082 ιΙνεύματι,
1218 2010 1334 2065 ἀλλ’
1367 2010 1684 2080 ἀναγκαίως

148 2105 504 2173 συμπεραίνειν
532 2119 548 2134 ο
577 2103 945 2157 συνθελόντων
967 2104 1078 2173 γὰρ
1108 2100 1203 2155 καὶ
1236 2101 1417 2173 ἡμῶν,
1459 2100 1687 2171 περατοὶ

150 2195 357 2262 συνάγων
402 2194 650 2247 τοιοῦτον
697 2196 885 2258 τέλος’
938 2193 1131 2257 ἄλλους
1175 2192 1232 2246 δὲ
1285 2193 1456 2258 όκνεί,
1509 2192 1584 2255 ὡς
1619 2190 1690 2244 τά

149 2285 285 2338 nam
317 2286 512 2350 σώζειν
547 2285 805 2349 ἄκοντας,
837 2287 932 2339 καὶ
961 2286 1018 2337 ἐν
1044 2283 1208 2355 κημῴ
1239 2287 1332 2338 καὶ
1356 2285 1558 2354 χαλινῷ
1590 2284 1688 2348 τὰς

150 2378 365 2445 σιαγόνας
396 2379 591 2446 ἄγχειν
623 2376 732 2430 τῶν
773 2378 850 2447 μὴ
885 2374 1175 2429 ἐθελόντων
1230 2377 1472 2443 ἐγγίζειν
1511 2375 1679 2443 αὐτῷ.

149 2469 207 2521 υῦ
228 2470 324 2539 γὰρ
351 2468 499 2522 οὓτω
530 2469 724 2539 βιαστή
750 2474 896 2522 ἐστιν
928 2470 961 2537 ἡ
996 2467 1245 2539 βασιλεία
1274 2469 1382 2519 τῶν
1417 2468 1682 2538 οὐρανῶν,

147 2560 203 2622 tit;
243 2560 561 2630 ἑλκομένους
605 2560 700 2613 καὶ
732 2560 1201 2629 τυραννουμένους
1246 2558 1381 2627 πρὸς
1434 2559 1556 2627 βίαν
1588 2562 1685 2626 τὴν

150 2651 335 2705 ἄλλοθεν
355 2652 627 2716 σώζεσθαι
655 2651 802 2722 ἡμᾶς
828 2669 844 2687 ν
877 2646 913 2718 ἦ
944 2655 1053 2721 γάρ
1083 2651 1148 2704 ἂν
1181 2651 1287 2721 πρὸ
1309 2638 1469 2720 ήμῗῦν
1492 2652 1541 2703 οἱ
1574 2649 1685 2702 δαί-

149 2760 280 2812 μονες
302 2745 463 2797 τοῦτο
498 2743 701 2798 ἔπαθον
730 2744 794 2797 ἀν
819 2757 836 2775 ⁸
871 2745 1065 2796 οὐκοῦν
1094 2743 1321 2805 δικαίως
1351 2743 1411 2806 ἐξ
1441 2743 1683 2812 ἀνάγκης

152 2835 271 2899 τοὺς,
298 2836 365 2899 ὡς
405 2836 577 2901 οὕτως
613 2838 811 2902 είπεῖν,
841 2836 1249 2907 ὲτερογνάθους,
1283 2841 1374 2889 καὶ
1412 2838 1687 2906 ἀστόμους

1791 2010 1929 2065 alios
1968 2020 2152 2065 autem
2187 2011 2509 2080 plerumque
2538 2009 2715 2064 tardat
2760 2010 2972 2063 salvarc
3043 2006 3265 2068 invitos,
3318 2019 3375 2063 et

1800 2117 1983 2158 canto
2026 2111 2080 2157 et
2170 2102 2326 2158 lreno
2394 2118 2584 2156 eorum
2655 2100 2908 2155 maxillas
2968 2101 3370 2169 constringere,

1793 2196 2093 2251 nolentium
2128 2196 2390 2250 accedere
2412 2195 2480 2247 ad
2514 2208 2664 2248 eum.
2694 2191 2814 2247 Non
2861 2193 3007 2248 enim
3035 2194 3109 2246 ita
3154 2192 3365 2246 violen-

1793 2298 1903 2342 tum
1934 2299 2018 2343 est
2048 2302 2277 2357 regnum
2323 2288 2612 2353 caalorum,
2649 2295 2707 2341 ut
2744 2295 2949 2343 tractos
3009 2297 3062 2341 et
3108 2304 3205 2357 per
3257 2288 3364 2340 vim

1793 2382 2014 2438 aliunde
2052 2390 2272 2437 coactos
2300 2382 2473 2437 salvet
2502 2397 2639 2448 nos;
2675 2399 2774 2436 nec
2818 2381 2964 2437 enim
3000 2384 3097 2451 pro
3124 2383 3284 2435 nobis
3318 2382 3371 2437 id

1796 2478 2068 2531 daemones
2097 2482 2410 2546 paterentur
2446 2491 2460 2540 ;
2490 2475 2637 2544 juste
2690 2476 2854 2544 igitur
2919 2490 2985 2530 ex
3036 2477 3370 2533 necessitate

1792 2584 1886 2623 eos
1920 2569 2034 2638 qui,
2068 2579 2125 2623 ut
2154 2568 2228 2622 ita
2269 2568 2470 2633 dicam,
2500 2568 2767 2624 indociles
2820 2578 2949 2622 sunt
2974 2578 3026 2621 et
3058 2567 3197 2621 dura
3249 2583 3371 2623 cer-

1795 2661 1931 2724 vice,
1990 2669 2045 2713 et
2076 2657 2214 2713 freni
2241 2660 2586 2728 impatientes
2615 2666 2712 2724 ita,
2752 2669 2811 2712 ut
2841 2658 3064 2713 omnino
3132 2658 3374 2728 dirigens

1792 2766 1887 2807 eos
1910 2752 2120 2830 frenum
2155 2754 2373 2822 penitus
2393 2754 2676 2821 abjiciant,
2703 2752 2756 2806 in
2778 2752 3033 2821 abyssum
3062 2751 3375 2820 ριίιιιεψιιοε

1795 2845 1912 2899 dari
1935 2847 2090 2899 sinit.

154 2930 227 2979 ut
256 2930 532 2999 δυσηνίους
567 2933 625 2983 ἐν
648 2929 725 2999 τῷ
757 2931 936 3000 πάντη
984 2929 1200 2993 πάντως
1246 2929 1547 2988 ἀποπτύειν
1597 2933 1689 2988 τὸν
1727 2935 2104 2992 ἀπευθύνοντα
2134 2938 2374 3009 χαλινόν,
2422 2936 2618 3008 ἀφίησι
2683 2937 2827 2991 κατά
2889 2936 3136 3007 κρημνοῦ
3204 2938 3371 3009 φέρε·-

144 3026 266 3078 ﬂat.

203 3120 285 3174 λό’.
315 3121 435 3173 Ἔτι
479 3121 606 3191 ὅρος
639 3120 858 3188 λέγεται
891 3118 1022 3190 θείῳ
1064 3121 1251 3192 τρόπῳ
1288 3121 1383 3173 καὶ
1417 3121 1560 3191 λόγῳ
1596 3123 1691 3178 καὶ

151 3212 225 3266 ἐπὶ
268 3215 423 3284 ιερῶν
487 3214 871 3282 ἁποφάνσεων,
920 3216 1010 3266 καὶ
1059 3213 1218 3266 θείων
1276 3214 1684 3285 κελευσμάτων.

1797 3223 1866 3276 de
1914 3221 2086 3275 sacris
2139 3218 2317 3274 ellatis
2349 3229 2404 3272 et
2449 3217 2654 3271 divinis
2737 3217 3058 3269 nnionibus.

1868 3128 1957 3183 '54.
1991 3127 2202 3183 Dicitur
2233 3140 2450 3197 quoque
2481 3125 2604 3196 ὄρος
2645 3124 2807 3177 modo
2845 3122 3033 3177 divino
3086 3130 3142 3176 et
3177 3121 3370 3177 verbm

3125 3216 3370 3271 Dicimus

153 3304 292 3376 Ὅρον
318 3307 446 3376 γοῦν
467 3308 563 3377 τῆς
601 3305 762 3374 ἁγίας
797 3307 1015 3358 συνόδου
1039 3307 1219 3375 φαμέν
1248 3323 1391 3372 τινα,
1427 3311 1517 3360 καὶ
1536 3308 1691 3378 βασι-

1804 3315 1927 3371 item
1965 3314 2089 3382 ὅρον
2122 3326 2295 3365 sacra:
2361 3311 2578 3379 synodi,
2627 3319 2679 3363 et
2735 3308 3049 3377 βασιλικοὺς
3107 3309 3372 3378 ὁρισμοὺς

153 3394 308 3461 λικοὺς
335 3397 592 3467 ὁρισμούς
611 3412 623 3425 ·
653 3396 681 3448 ὃ
711 3395 803 3449 καὶ
834 3397 986 3461 αὐτὸ,
1010 3398 1246 3466 ἄγχιστα
1272 3399 1451 3450 κεῖται
1474 3399 1566 3450 τοῦ
1596 3402 1691 3455 καὶ

153 3486 278 3556 ὅρους
309 3491 511 3542 εἰπεῖν’
546 3488 839 3542 κάντεῦθεν
861 3486 1050 3559 ὥρισε,
1088 3494 1291 3559 φαμὲν,
1327 3492 1361 3560 ἡ
1393 3491 1525 3558 ἁγία
1561 3492 1690 3544 σύν-

154 3582 263 3646 οεκ,
315 3582 403 3633 καὶ
466 3581 668 3651 ὥρισεν
712 3584 741 3635 ὁ
804 3582 1181 3651 αὐτοκράτωρ.
1232 3582 1587 3651 Λαμϐάνουσι
1636 3584 1693 3636 δὲ

157 3671 376 3744 ἀφορμὴν
408 3676 547 3727 αὐτὰ
582 3674 661 3737 είς
697 3674 762 3725 τὸ
808 3671 980 3735 οὕτως
1029 3671 1348 3741 ὠνομάσθαι
1382 3672 1415 3741 ἢ
1447 3674 1555 3726 ἀπὸ
1600 3672 1692 3726 τοῦ

156 3769 270 3818 κατά
295 3769 388 3830 τάς
437 3768 597 3833 γαίας
653 3766 946 3834 εἰρημένου
981 3766 1131 3834 ὅρου.
1192 3763 1276 3827 Ὠς
1332 3768 1443 3835 γάρ
1490 3768 1695 3829 ἐκεῖνος

157 3862 453 3928 περιγράφει
480 3860 540 3911 τὸ
577 3857 687 3910 ἔσω
713 3856 881 3910 αὐτοῦ
912 3859 991 3919 είς
1027 3856 1395 3925 ἀμετάϐατον,
1422 3855 1565 3909 οὕτω
1598 3857 1694 3909 καὶ

157 3951 195 4000 οἱ
215 3953 455 4021 ῥηθέντες
485 3951 774 4019 σεϐάσμιοι
800 3950 918 4019 ὅροι
940 3949 999 4000 τὸ
1033 3948 1123 3999 ὑπ’
1155 3948 1338 4000 αὐτῶν
1375 3948 1690 4014 κελευσθὲν,

157 4043 233 4095 καὶ
263 4041 496 4094 ποιοῦσιν
551 4043 725 4092 ἐκεῖνο
761 4039 994 4109 βεϐηκὸς
1044 4038 1136 4093 καὶ
1185 4040 1559 4107 ἀπαράϐατον,
1602 4042 1713 4092 καὶ·

158 4128 535 4201 ἀναντίρρητον,
561 4134 654 4182 καὶ
676 4130 887 4197 ἀμαχον
904 4131 997 4181 τοῦ
1021 4128 1234 4192 λοιποῦ,
1261 4133 1374 4192 καὶ,
1397 4130 1469 4190 ὡς
1498 4134 1693 4195 εἰπεῖν,

156 4218 377 4290 ἀδήριτον
401 4236 413 4251 ·
448 4221 477 4274 ὃ
508 4220 574 4292 δὴ
623 4224 719 4274 καὶ
751 4221 844 4273 τοῦ
885 4226 1027 4274 κατά
1071 4225 1171 4293 τὴν
1201 4226 1307 4290 γῆν
1353 4225 1480 4290 ὅρου
1523 4227 1696 4297 ἁρετὴ

162 4313 380 4379 φαίνεται
406 4309 569 4370 εἶναι.
613 4313 674 4366 Ὀ
699 4316 806 4384 γάρ
831 4313 1075 4381 ἀκριϐῶς
1107 4317 1541 4383 περιωρισμὲνος
1572 4316 1694 4367 καθ’

160 4406 418 4475 ὁμολογίαν
473 4408 638 4470 τόπος
719 4407 900 4458 οὐκέτ’
954 4406 1356 4475 ἀμφιϐάλλεται
1412 4403 1505 4475 ὑφ’
1569 4408 1694 4459 ὅτου

158 4495 445 4561 δεσπόζεται
469 4515 484 4529 ·
522 4499 602 4550 διὸ
632 4498 754 4550 οὐδὲ
788 4497 1119 4566 φιλονεικίαν
1151 4498 1399 4549 ὑποκινεῖ
1428 4498 1693 4567 μάχιμον,

156 4588 323 4642 ὁποίαν
347 4591 644 4661 πάσχουσιν
675 4593 745 4658 οί,
782 4598 922 4645 κατα
953 4596 1056 4662 τὴν
1077 4595 1315 4662 ποίησιν,
1344 4592 1482 4663 ἀμφ’
1510 4594 1694 4665 οὔρεσι

1801 3405 1945 3459 istud
1973 3404 2116 3458 enim
2150 3404 2290 3458 idetn
2318 3417 2487 3471 prope
2534 3411 2619 3456 est
2671 3415 2736 3454 ac
2788 3401 2972 3454 dicere
3007 3402 3206 3469 ὅρους;
3251 3403 3374 3453 inde

1800 3495 2111 3550 deﬁnivisse
2136 3496 2372 3549 dicimus
2410 3508 2623 3549 sacram
2655 3494 2946 3563 synodum,
2982 3504 3037 3546 et
3066 3493 3374 3547 decrevisse

1801 3588 2190 3657 imperatorem
2241 3602 2256 3639 :
2310 3596 2490 3640 ortum
2529 3594 2710 3639 autem
2770 3585 2980 3638 ducunt
3022 3585 3157 3647 haec,
3216 3592 3299 3637 Vel
3342 3599 3373 3637 α

1804 3664 2039 3734 termino
2090 3681 2318 3734 interra
2349 3686 2676 3749 praenotata.
2710 3676 2863 3731 Sicut
2915 3678 3060 3731 enim
3125 3678 3214 3731 hic
3265 3680 3376 3731 cir-

1802 3772 2126 3825 cumscribit
2162 3787 2283 3838 qua:
2316 3771 2458 3822 intra
2484 3786 2543 3823 se
2568 3779 2699 3822 sunt
2733 3769 2806 3821 ita
2829 3778 2888 3821 ut
2923 3768 3228 3837 transgredi
3262 3784 3371 3822 non

1801 3864 2038 3931 possint,
2087 3864 2166 3916 sic
2199 3872 2251 3915 et
2280 3862 2541 3931 pitedicta
2577 3861 2886 3915 veneranda
2946 3864 3163 3914 decreta
3225 3861 3373 3929 quod

1803 3958 1871 4010 ab
1904 3959 2035 4024 ipsis
2073 3957 2398 4024 imperatur,
2425 3963 2480 4007 et
2504 3953 2717 4006 iaciunt
2758 3961 2819 4006 ut
2862 3953 2992 4006 illud
3033 3954 3251 4006 llrututn
3279 3954 3374 4013 sit,

1802 4063 1903 4104 nec
1931 4056 2107 4117 possrt
2141 4048 2331 4100 violari
2384 4057 2480 4100 aut
2525 4046 2833 4100 contradici
2886 4055 2981 4099 aut
3034 4047 3371 4116 impugnari,

1806 4153 1901 4198 aut
1952 4143 2089 4197 citra
2145 4144 2571 4197 controversiam
2619 4142 2745 4206 ﬁat;
2781 4142 2928 4210 quod
2986 4142 3204 4196 videtur
3253 4157 3377 4197 esse

1807 4238 1981 4291 virtus
2016 4236 2219 4290 decreti
2263 4238 2317 4289 in
2341 4244 2510 4291 terra.
2535 4233 2637 4300 Qui
2674 4235 2819 4288 enim
2865 4234 3110 4303 perfecte
3159 4234 3376 4288 delitui-

1807 4337 1952 4381 tatur
1981 4343 2077 4396 per
2129 4328 2551 4400 conventionem
2602 4329 2777 4391 locus,
2832 4327 2991 4396 cujus
3039 4327 3244 4381 domini
3298 4328 3377 4383 sit

1804 4437 1915 4476 non
1950 4421 2287 4488 ambigitur:
2321 4421 2464 4475 unde
2491 4421 2695 4475 nullam
2747 4423 3157 4477 contentionem
3195 4425 3375 4477 susci-

1805 4523 1882 4567 tat
1913 4513 2225 4580 adversam,
2251 4515 2783 4584 qualem-patiuntur
2806 4513 2921 4580 qui,
2943 4514 3100 4583 juxta
3120 4524 3369 4583 poetam,

1804 4604 1947 4660 circa
1986 4606 2187 4661 limites
2221 4613 2566 4667 concertant,
2599 4602 2654 4658 id
2684 4614 2769 4659 est
2833 4607 2900 4660 de
2959 4615 3118 4657 terrae
3176 4604 3371 4659 limiti-

155 4680 467 4749 δηριόωντες,
519 4686 690 4755 ἡγουν
749 4686 1048 4755 μαχόμενοι
1104 4690 1231 4755 περὶ
1279 4685 1378 4755 γῆς
1430 4689 1573 4755 ὅρων
1597 4686 1692 4758 ’,ἢ

1804 4699 1907 4753 bus
1939 4707 2206 4769 pugnant,
2238 4699 2324 4752 vel
2358 4698 2593 4753 limitem
2630 4698 2832 4766 praedia
2862 4697 3193 4753 dividentem
3215 4698 3372 4752 inva-

158 4778 312 4826 τοίνυν
332 4781 391 4830 ὲκ
416 4778 507 4830 τοῦ
532 4780 599 4830 τά
620 4778 781 4847 γήδια
809 4781 1240 4848 περιγράφοντος
1262 4780 1390 4848 ὅρου
1418 4779 1695 4843 λαϐόντες·

158 4864 295 4935 ὅρους
318 4869 545 4939 λέγομεν
574 4875 724 4936 τοῦς,
768 4872 843 4932 ὼς
874 4872 1101 4940 ὲρῤεθη,
1144 4870 1332 4936 ἁγίους
1374 4874 1467 4925 καὶ
1497 4871 1695 4940 θείους,

162 4959 312 5027 uno
340 4963 429 5016 τοῦ
483 4964 791 5032 φιλοσόφως
817 4963 1211 5031 διασαφοῦντος
1244 4962 1342 5032 τὴν
1376 4961 1564 5016 οὐσίαν
1601 4963 1697 5015 τοῦ

164 5052 515 5126 ὑποκειμένου,
564 5058 660 5109 καὶ
701 5055 1048 5118 διδάσκοντος
1094 5056 1267 5125 αὐτὴν
1298 5055 1697 5126 ἐναργέστατα.

171 5143 243 5209 Ὠς
266 5150 364 5219 γὰρ
391 5154 418 5202 ό
451 5151 580 5220 ὅρος
609 5151 816 5210 ἐκεῖνος
847 5149 1081 5220 καθιστᾷ.
1115 5149 1205 5201 τὸν
1232 5148 1354 5201 νοῦν
1392 5149 1703 5218 βεϐηκότως

159 5239 300 5308 ἦγουν
331 5244 567 5312 βεϐαίως
594 5245 675 5307 είς
707 5242 767 5295 τὸ
801 5243 1206 5295 καταλαϐέσθαι
1242 5242 1270 5294 ὅ
1303 5244 1353 5294 τί
1380 5243 1510 5293 ποτέ
1552 5245 1704 5294 ἐστιν

162 5334 327 5404 ἐκεῖνο,
358 5331 419 5390 οῦ
460 5341 560 5408 τὴν
601 5338 791 5389 οὐσίαν
822 5337 1116 5407 ζητοῦμεν,
1155 5334 1297 5389 οὕτω
1326 5338 1421 5388 καὶ
1453 5337 1503 5387 ot
1537 5336 1704 5389 σεϐά-

162 5440 285 5494 σμιοι
312 5432 421 5499 ὅροι
450 5429 715 5481 τυποῦσιν
744 5429 1134 5497 ἁποφαντικῶς
1162 5433 1239 5491 εἰς
1269 5427 1578 5497 εὔγνωστον
1606 5431 1703 5481 καὶ

160 5524 274 5586 πρὸς
330 5524 617 5592 βεϐαίωσιν
686 5523 1003 5593 ἔμπρακτον
1072 5523 1497 5591 ἀναμφίλεκτον,
1559 5525 1696 5593 ὅπερ

158 5612 390 5678 θρέςουσι.

214 5706 297 5762 λε’.
328 5711 618 5783 Τετραχῶς
650 5708 742 5766 οῦν
770 5713 902 5782 ἡμῖν
945 5711 1199 5777 ἐνταῦθα,
1226 5709 1369 5764 κατά
1411 5709 1471 5762 τὸ
1503 5711 1560 5762 ὲν
1587 5708 1699 5770 τοῖς

160 5800 362 5867 παροῦσι
419 5807 711 5876 χρήσιμον,
759 5804 1197 5876 τεθεωρουμένου
1252 5804 1348 5855 τοῦ
1403 5806 1529 5872 ὅρου
1574 5798 1697 5852 κατ’

150 5889 450 5967 ἐπιδρομήν·
480 5900 538 5952 τὸ
593 5899 715 5970 ὅρος
768 5908 875 5972 γάρ
930 5900 1195 5972 οὐδετέρῳ
1245 5897 1391 5967 γένει
1421 5895 1683 5953 ’ἐνταῦθα

1804 4790 1957 4841 dunt.
1999 4788 2357 4844 Deﬁnitioues
2392 4804 2678 4853 vocamus,
2741 4798 2799 4842 ut
2836 4786 3048 4842 dictum
3109 4796 3218 4853 est,
3244 4804 3377 4844 san-

1805 4892 1922 4934 etas
1950 4889 2004 4933 et
2051 4880 2288 4943 divinas,
2338 4887 2423 4935 vet
2461 4881 2529 4934 ab
2576 4895 2642 4934 eo
2679 4880 2772 4950 qui
2808 4880 3190 4949 philosophica
3236 4887 3373 4935 con-

1801 4983 2109 5028 structione
2142 4982 2326 5027 notam
2389 4972 2518 5033 fecit
2577 4973 2903 5028 substantiae
2949 4975 3271 5037 essentiam,
3318 4979 3376 5027 et

1804 5069 1952 5123 illam
1982 5066 2188 5137 optime
2216 5066 2426 5120 didicit.
2449 5065 2604 5119 Sicut
2632 5066 2777 5120 enim
2802 5067 3048 5121 delinitio
3068 5067 3187 5121 haec
3214 5081 3378 5121 men-

1806 5169 1912 5215 tem
1962 5162 2191 5214 lirtniter
2232 5157 2473 5212 instituit
2505 5159 2559 5212 in
2598 5158 2956 5228 intelligendo
2993 5159 3125 5228 quid
3151 5160 3226 5215 sit
3269 5159 3374 5213 hoc

1803 5249 1960 5315 enjus
1991 5250 2290 5304 essentiam
2324 5250 2659 5316 quaerimus;
2692 5251 2773 5304 sic
2804 5250 3115 5307 veneranda
3146 5251 3373 5305 decreta

1804 5353 1992 5410 aperte
2027 5342 2385 5395 nianil’estant
2445 5341 2591 5411 quod
2628 5343 3016 5407 interminant,
3076 5342 3151 5397 ita
3188 5349 3248 5395 ut
3276 5344 3374 5398 be-

1805 5449 1872 5487 ne
1901 5436 2179 5505 c0gnitum
2216 5436 2308 5497 sit,
2338 5442 2392 5488 et
2421 5448 2545 5489 cum
2572 5434 2859 5503 explorata
2880 5435 2986 5489 lide
3014 5434 3240 5488 minime
3270 5439 3377 5489 dn-

1805 5525 1974 5577 biutn.
2645 5520 2651 5525 ’

1877 5702 1969 5758 55.
1998 5702 2442 5773 Quadrupliciter
2463 5707 2630 5778 igitur
2668 5708 2826 5762 nobis
2874 5708 3178 5763 secundum
3228 5724 3374 5778 prte-

1806 5806 2014 5852 sentem
2037 5813 2193 5852 usum
2231 5800 2583 5857 considerato
2614 5803 2873 5866 termino,
2894 5803 3018 5871 ὅρος
3075 5802 3219 5857 enim
3242 5817 3381 5855 ncu-

1808 5898 1891 5945 tro
1920 5905 2116 5961 genere
2154 5892 2241 5947 hic
2274 5892 2547 5948 intrusum
2593 5892 2766 5952 fuisse
2801 5910 2961 5952 nemo
2995 5897 3278 5969 cogitabit,
3316 5903 3376 5951 ut
