3824 6568
192 437 280 500 553
925 423 1004 482 1N
1043 419 1386 482 HYMNUM
1420 417 2073 481 PENTECOSTALEM
2116 418 2575 481 DAMASCENI.
3193 394 3221 430 ’κ
3297 426 3404 492 εει

192 554 331 622 μᾶσαι
351 542 480 613 Υἱῷ,
511 539 572 593 ού
605 536 820 612 μακρὰν
840 534 1136 607 πονήσεταί
1165 551 1274 597 τις.
1317 534 1409 586 τὸν
1436 533 1535 587 καὶ
1567 532 1702 602 ιερώ

1891 546 1942 585 m
1973 531 2262 587 terminum
2300 532 2448 604 regio
2508 533 2728 603 adoptet
2767 533 2905 590 Filio
2961 533 3401 590 sacratissimum

188 658 326 696 τατον
353 637 443 691 καὶ
471 633 748 687 θειότατον
771 628 867 684 καὶ¹
889 627 1148 699 βασιλείῳ
1174 625 1552 694 ἐπιπρέποντα
1583 625 1698 694 ἱερα

1939 624 2342 692 livinissimum,
2371 635 2426 681 et
2457 626 2604 696 regio
2634 635 3024 699 congruentem
3067 629 3402 684 sacerdotio.
3433 624 3449 656 ’

187 733 411 801 τεύματιδ
433 727 558 797 ὅρος
583 723 689 793 γάρ
709 717 936 774 ἐστιτοῦ
969 718 1183 788 [ἰατρὸς
1209 719 1236 769 6
1261 715 1410 779 Υἱὸς,
1441 711 1537 765 καὶ
1562 711 1640 775 ὡς
1668 728 1696 763 τ

1897 723 2124 773 :rminus
2160 728 2242 773 est
2273 721 2416 773 enim
2450 718 2629 775 Patris
2658 719 2851 782 Filius,
2883 728 2937 775 et
2986 735 3258 793 quatenus
3281 732 3407 777 ante

191 825 279 895 πρὸ
320 818 522 874 αἰώνων
572 814 1004 887 βεϐουλευμένον
1054 811 1151 864 καὶ
1203 809 1587 877 τετυπωμένον
1638 824 1701 859 κα

1896 809 2026 864 ecula
2051 812 2276 865 volitam
2301 820 2347 865 et
2383 826 2697 880 expressam
2732 819 2788 866 et
2810 812 3254 879 determinatam,
3285 828 3406 868 om-

188 912 482 986 ὡρισμένον,
518 903 1131 978 αύτοκρατορικὼτατον
1163 901 1256 956 καὶ
1287 896 1594 969 ἁγιώτατον
1637 897 1697 952 θέ

1897 910 2166 970 potentem
2203 911 2258 956 ct
2289 904 2700 958 sanctissimam
2733 903 2967 975 perfecit
2995 904 3115 974 ejus
3144 905 3407 960 volunta-

189 1010 314 1076 λημα
333 1001 485 1064 αὐτὸς
510 999 616 1070 πλη
625 1001 828 1070 ρῶσας·
852 997 950 1050 καὶ
967 993 1424 1066 πρωταπόστολος
1451 993 1546 1062 τῆς
1568 991 1698 1063 ήμῶ

1900 1010 1978 1058 Ill;
2011 1006 2059 1047 et
2097 996 2305 1064 primus
2367 1010 2545 1066 prch
2584 1006 2783 1051 nostra:
2846 997 3041 1052 salutis
3104 997 3301 1064 lactus,
3354 1004 3410 1054 et

190 1096 428 1166 σωτηρίας
478 1093 788 1162 γινόμενος,
847 1093 943 1144 καὶ
991 1088 1247 1160 δακτύλῳ
1299 1089 1547 1159 Πατρός,
1602 1087 1695 1156 ὃρο

1899 1085 2004 1156 gito
2035 1084 2238 1150 Patris,
2298 1089 2526 1142 termini
2557 1089 2735 1144 instar
2799 1097 2854 1145 et
2905 1088 3083 1153 verbi,
3147 1091 3409 1145 volumini

188 1192 317 1260 δίκην
339 1190 428 1241 καὶ
460 1186 650 1253 λόγου,
705 1186 858 1256 τόμῳ
914 1182 1216 1253 ἐγγραφεὶς
1256 1181 1428 1250 ἁγίως
1477 1179 1698 1250 καθαρω

1898 1181 2138 1251 scriptus
2164 1184 2462 1251 purissimo
2493 1181 2756 1256 Virginis,
2799 1193 2854 1241 et
2879 1185 2964 1240 sic
3012 1185 3064 1239 in
3115 1185 3408 1240 terminum

188 1284 310 1351 τάτῳ
332 1277 664 1349 παρθενικῷ,
696 1277 794 1332 καὶ
817 1276 992 1340 οὕτως
1029 1277 1110 1338 εἰς
1131 1274 1256 1344 ὅρον
1291 1272 1436 1326 θετον
1469 1273 1698 1326 ἁποτελε

1901 1273 2080 1328 vinum
2115 1283 2556 1339 consummatus.
2591 1283 2646 1331 et
2707 1277 3028 1334 hominibus
3089 1277 3253 1333 datus
3310 1292 3411 1348 pro

171 1371 327 1471 ἰαθεὶς,
378 1371 470 1423 καὶ
513 1371 630 1430 τοῖς
675 1367 994 1438 ἀνθρώποις
1023 1363 1332 1428 ἀποδοθεὶς,
1386 1364 1480 1416 ἐπὶ
1541 1361 1681 1430 ἁγαθ

1902 1379 1980 1419 tuo
2033 1366 2274 1420 maxime
2337 1375 2391 1421 et
2450 1367 2692 1438 perfecto
2729 1377 2784 1425 et
2834 1370 3159 1438 verissimo;
3216 1379 3271 1426 et
3331 1371 3412 1428 sic

191 1465 400 1534 μεγίστῳ
425 1462 518 1515 καὶ
552 1460 835 1532 βεϐηκότι,
869 1460 966 1514 καὶ
987 1457 1375 1530 ἀτρεκεστάτῳ
1402 1457 1539 1526 πρὸς
1564 1453 1700 1525 αὐτὴ

1906 1457 2113 1514 rfectus
2142 1459 2406 1514 terminus
2449 1462 2803 1526 transeundo,
2861 1471 2917 1516 nt
2968 1463 3216 1530 decebat,
3259 1464 3412 1520 visus

188 1556 460 1626 ἀκρίσειαν·
492 1557 588 1606 καὶ
614 1551 760 1606 οὓτω
798 1551 898 1623 μὲν
935 1550 1069 1621 ἡμῖν
1119 1551 1148 1603 6
1179 1545 1432 1620 βεϐηκὼς
1475 1549 1620 1617 ὄρος,
1655 1545 1698 1599 ὡ

1906 1551 2102 1608 tnobis
2127 1552 2221 1622 qui
2257 1553 2420 1609 simul
2459 1557 2771 1610 conversati
2828 1570 3028 1611 stnnus
3059 1571 3183 1610 cum
3231 1571 3416 1611 sacra-

189 1650 314 1718 ἐξῆν,
353 1647 758 1709 ἐπελευστικῶς
803 1645 1176 1714 τεθεώρηται⁹
1236 1641 1699 1711 συνεπιδραμοῦσι

1900 1646 2054 1701 ιεὶιιιο
2079 1645 2369 1702 verissimo
2399 1644 2616 1715 Verbo;
2647 1648 2713 1702 de
2753 1664 2862 1718 quo
2911 1650 3155 1718 apertius
3219 1649 3410 1703 dicen-

191 1742 284 1811 ἅμα
316 1738 403 1792 καὶ
451 1739 545 1792 τὸν
587 1737 892 1809 μελῳδικδν
934 1735 1336 1807 ἀτρεκέστατον
1365 1733 1523 1801 λόγον
1551 1748 1565 1762 ο
1603 1749 1701 1802 περ

1903 1752 1966 1790 im
1991 1739 2244 1806 estquod
2267 1737 2666 1808 signiﬁcatione
2695 1739 2791 1792 τοῦ
2815 1740 2967 1796 verbo
3002 1758 3112 1796 non
3175 1741 3413 1812 simplici

191 1827 238 1885 aii
266 1832 588 1902 σαφέστερον
621 1830 766 1884 ἐστιν
795 1831 990 1893 εἰπεῖν,
1023 1829 1120 1881 καὶ
1151 1828 1235 1881 ὅτι
1263 1825 1542 1898 σημασίας
1567 1823 1700 1896 οῦση

1907 1829 2152 1894 sistente,
2209 1829 2302 1886 sed
2361 1829 2657 1901 decuplici,
2713 1835 2857 1887 sicut
2921 1833 3116 1890 docent
3176 1835 3412 1904 antiqui,

191 1926 356 1998 καὶτῷ
401 1926 550 1996 λόγῳ
579 1926 679 1996 οὐχ
728 1925 930 1996 ἁπλῆς,
963 1923 1101 1978 ἀλλὰ
1164 1924 1267 1977 ὑπὸ
1327 1923 1547 1986 δεκάδα,
1586 1921 1701 1975 καθ‹

1903 1922 2107 1978 Lissima
2141 1923 2304 1994 hujus
2329 1921 2657 1996 signiﬁcatio
2671 1935 2758 1981 est
2785 1927 2877 1982 Dei
2901 1923 3133 1982 Verbum
3159 1927 3413 1986 santano

191 2020 452 2074 ἐκτίθενται
508 2022 558 2072 οἱ
607 2017 848 2084 παλαιοὶ,
899 2017 959 2071 τδ
1012 2016 1237 2088 ὕψιστον
1276 2017 1335 2069 ἐν
1377 2017 1444 2086 τῇ
1513 2013 1697 2068 τοιαύτ

1909 2013 1991 2078 ile,
2057 2021 2186 2071 ante
2234 2031 2452 2071 omnem
2509 2017 2878 2073 substantiam
2926 2027 3162 2079 creator.
3223 2027 3419 2074 auctor

191 2110 304 2177 λέξει
348 2113 749 2182 σημαινόμενον
777 2113 805 2164 6
840 2111 932 2165 τοῦ
965 2107 1100 2164 Θεοῦ
1135 2109 1307 2177 Λόγος
1353 2107 1497 2162 ἐστὶν
1524 2109 1552 2161 6
1596 2107 1701 2160 tvo:

1909 2107 2008 2178 ljllS
2038 2108 2131 2177 qui
2165 2109 2217 2163 in
2257 2108 2478 2164 homine
2526 2118 2612 2165 est
2642 2110 2790 2165 verbi
2824 2110 3123 2165 secundum
3181 2111 3330 2182 quod
3363 2119 3419 2166 et

192 2221 297 2270 σιος,
338 2205 364 2257 6
411 2205 526 2276 πρὸ
572 2206 756 2274 πάσης
797 2203 997 2267 οὐσίας.
1031 2204 1280 2273 κτίστης,
1347 2204 1376 2256 6
1426 2203 1595 2265 αῐτιος
1646 2218 1702 2255 κο

1911 2198 2188 2256 tionabilis
2216 2211 2488 2266 vocatur;
2529 2217 2634 2256 non
2673 2201 2854 2257 solum
2917 2203 3245 2274 prolatiOnis
3295 2219 3421 2274 pro-

192 2294 326 2350 αύτοῦ
360 2296 450 2350 τοῦ
495 2296 643 2350 κατὰ
693 2295 986 2367 ἄνθρωπον
1036 2293 1203 2364 λόγου
1252 2293 1374 2348 καθ’
1432 2295 1492 2348 ὃν
1539 2295 1702 2348 ἐκεῖνο

1911 2294 1975 2349 ia:
2008 2292 2215 2348 homini
2245 2295 2418 2362 vocis,
2447 2295 2542 2350 sed
2601 2295 2780 2350 intimi
2819 2309 3042 2361 sensus,
3075 2297 3218 2354 unde
3273 2298 3329 2352 in
3359 2312 3421 2354 se

191 2389 370 2456 λογικὸς
393 2388 766 2460 ὀνομάζεταιο
845 2389 906 2441 οὐ
972 2387 1134 2457 μόνον
1192 2385 1396 2458 δηλαδὴ
1445 2385 1541 2439 τοῦ
1605 2402 1701 2456 πρε

1913 2385 2198 2441 nStituitur
2230 2385 2425 2452 homo;
2477 2401 2588 2441 non
2620 2386 2771 2441 verbi
2811 2386 2957 2456 quod
3000 2403 3242 2444 errorem
3289 2404 3419 2460 pro-

194 2481 386 2550 φορικοῦ
410 2483 516 2552 τῆς
544 2481 844 2552 ἰδιαιτάτης
890 2478 988 2534 τοῦ
1029 2479 1320 2550 ἀνθρώπου
1358 2479 1565 2550 φωνῆς,
1609 2478 1704 2534 ἀλλ

1910 2484 1946 2530 rt
1983 2475 2065 2532 vel
2098 2474 2467 2546 culpabiliter,
2499 2477 2582 2531 vel
2630 2477 2701 2534 ob
2759 2478 2998 2549 aliquam
3050 2480 3420 2538 circumstan-

192 2576 266 2627 καὶ
298 2574 383 2628 τοῦ
409 2575 746 2642 ἐνδιαθέτου,
794 2575 890 2628 τοῦ
940 2571 1335 2637 εἰδοποιοῦντος
1383 2574 1476 2626 τὸν
1527 2573 1586 2625 ἐν
1629 2571 1702 2624 τοῑ

1911 2585 1998 2636 im,
2035 2567 2332 2639 aliquando
2358 2579 2539 2626 autem
2578 2579 2774 2642 praeter
2800 2572 3086 2628 veritatem
3130 2584 3254 2642 est;
3310 2590 3421 2630 non

190 2665 445 2736 καθ’ἠμᾶς
496 2665 788 2737 ἄνθρωπον
818 2682 833 2696 ο
865 2659 927 2720 οῦ
964 2663 1029 2736 δὴ
1075 2663 1235 2734 λόγου
1292 2664 1423 2717 ποτέ
1482 2666 1581 2736 μὲν
1611 2661 1700 2733 ψεῖ

1939 2661 2044 2718 hoc
2074 2661 2412 2732 assignatum
2467 2663 2632 2718 estin
2694 2663 2967 2734 principio
3030 2664 3295 2732 Verbum,
3355 2683 3421 2722 eo

190 2760 260 2822 6ος
283 2759 709 2829 ὑπαγορεύοντος
742 2759 775 2829 ἢ
826 2759 1170 2830 ’ἐφαμάρτως
1201 2757 1236 2828 ἢ
1266 2759 1406 2812 κατὰ
1445 2775 1496 2810 τι
1555 2757 1699 2810 ἄλλω

1910 2751 1989 2805 1οά
2020 2749 2091 2806 sit
2118 2766 2225 2805 non
2260 2751 2583 2822 simpliciter
2615 2765 2829 2818 verum,
2860 2754 2955 2810 sed
2997 2754 3420 2823 ἀτρέκεστατον,

192 2845 499 2921 παρατυχδν,
538 2852 670 2904 ποτέ
717 2851 775 2904 δὲ
821 2851 958 2920 πρὸς
1008 2851 1074 2920 τῇ
1119 2849 1353 2920 ἀληθείᾳ
1413 2846 1588 2912 ὄντος,
1640 2848 1702 2901 διε

1911 2841 1990 2894 md
2032 2841 2124 2895 alii
2153 2842 2222 2896 ab
2241 2861 2274 2895 α
2303 2843 2593 2912 privativa,
2619 2851 2673 2897 et
2694 2843 2873 2914 τορὸν,
2904 2853 2959 2899 et
2984 2844 3116 2908 ἑκὰς
3148 2846 3421 2906 derivant.

192 2942 378 2998 σταλται
440 2945 468 2997 6
497 2947 554 2997 ἐν
611 2944 752 3015 ἀρχῇ
807 2942 981 3012 Λόγος
1011 2941 1100 2996 διὰ
1130 2940 1222 2994 τοῦ
1259 2941 1335 3012 μὴ
1365 2940 1550 3004 ἁπλῶς
1586 2942 1747 3012 6:92—
1849 2933 1921 2989 ila
1954 2943 2011 2989 ut
2058 2937 2127 2989 sit
2156 2935 2385 3002 ἀτρεκὲς
2417 2935 2480 2988 τὸ
2517 2935 2593 3006 μὴ
2633 2934 2729 2989 τοῦ
2784 2935 2948 3008 τοροῦ
3015 2936 3172 3004 ἑκὰς,
3220 2939 3275 2994 id
3314 2949 3424 3002 est.

191 3036 269 3104 κης
294 3031 457 3100 εῖναι,
484 3035 622 3090 ἀλλὰ
657 3037 856 3106 ἀτρεκέ
869 3051 1085 3100 στατος,
1114 3034 1142 3089 ὃ
1175 3035 1325 3088 ἐστιν
1355 3033 1701 3102 ἀληθέστατο.

1914 3043 1954 3079 ιιι
1991 3025 2179 3097 procul
2214 3041 2244 3079 a
2276 3038 2430 3081 recto
2464 3036 2518 3080 et
2543 3041 2741 3082 securo
2767 3042 2866 3099 per
2883 3025 3198 3097 veritatem;
3234 3031 3325 3086 alii
3355 3033 3424 3088 ab

190 3123 302 3194 ὅπερ
323 3128 368 3177 οἱ
411 3125 510 3195 μὲν
542 3125 695 3195 παρὰ
719 3123 781 3179 τὸ
804 3125 1130 3198 στερητικὸν
1153 3141 1188 3178 α
1210 3126 1307 3178 καὶ
1337 3122 1399 3175 τὸ
1426 3121 1624 3190 τορὸν,
1652 3139 1700 3174 xc

1915 3114 2172 3182 privativa
2228 3116 2519 3186 particula,
2571 3127 2626 3172 et
2649 3117 2830 3189 τρέω;
2863 3119 2956 3190 qui
3002 3121 3147 3176 enim
3198 3123 3425 3178 veritate

190 3217 235 3268 τὺ
261 3217 390 3284 ἑκὰς
417 3212 569 3271 εἷπον
593 3213 754 3271 εἶναι·
782 3216 867 3270 ἵνα
893 3216 980 3287 εἴη
1009 3215 1236 3286 ἀτρεκὲς
1263 3214 1326 3267 τὸ
1358 3214 1435 3285 μὴ
1463 3211 1556 3266 τοῦ
1584 3227 1700 3283 τορι

1909 3205 2067 3272 iudet,
2105 3221 2212 3261 non
2239 3207 2416 3263 solum
2451 3223 2556 3262 non
2597 3210 2875 3265 erubescit
2911 3212 3184 3282 loquendo
3234 3229 3419 3270 coram

191 3307 315 3374 ἐκᾰς,
341 3311 514 3380 mw
547 3310 610 3364 τδ
667 3310 743 3381 μὴ
789 3309 980 3381 πόρῤω
1023 3307 1119 3362 τοῦ
1180 3305 1387 3376 σαφοῦς
1418 3304 1515 3359 καὶ
1548 3303 1701 3375 τεθαέ

1203 3305 1387 3376 ῖαφοῦς
1418 3304 1515 3359 καὶ
1548 3303 1746 3375 rebap-
1773 3287 1818 3350 C
1848 3297 2208 3367 quibuslibet,
2233 3297 2326 3355 sed
2366 3313 2465 3355 nec
2498 3301 2713 3356 metuit.

194 3401 402 3468 ρημένου
433 3401 520 3456 διὰ
545 3401 645 3473 τὴν
673 3401 952 3472 ἀλήθειαν
978 3400 1028 3454 οἱ
1059 3401 1116 3452 δὲ
1142 3399 1294 3470 παρὰ
1323 3398 1384 3452 τὸ
1411 3413 1446 3452 α
1473 3393 1798 3467 στερητικὸν
1825 3392 2014 3462 μόριον
2048 3390 2140 3445 καὶ
2197 3391 2258 3443 τὸ
2311 3390 2457 3462 τρέω
2517 3391 2579 3446 τὸ
2640 3391 2936 3463 φοϐοῦμαι.
2974 3394 3034 3448 '0
3055 3395 3163 3466 γὰρ
3192 3399 3260 3468 τῇ
3296 3396 3426 3469 ἀλη-

194 3493 289 3566 θείς.
311 3497 517 3566 χαὲρων
579 3496 642 3547 ού
683 3495 842 3564 μόνον
886 3493 986 3548 οὐκ
1018 3492 1341 3563 αἰσχύνεται
1390 3490 1568 3545 λαλῶν
1596 3487 1844 3544 ἐναντίον
1865 3479 1940 3543 ὧν
1971 3485 2037 3541 ἂν
2075 3486 2246 3553 λέγοι,
2278 3486 2397 3541 ἀλλ’
2425 3487 2547 3542 οὐδὲ
2583 3489 2856 3559 φοϐεῖται.

249 3585 334 3658 λη’.
383 3589 754 3659 Ἑνθυμητεον
785 3586 831 3639 δ’
859 3585 1098 3640 ἐνταῦθα
1127 3587 1210 3638 ὅτι
1239 3586 1384 3639 καθὰ
1426 3583 1567 3653 ὑπὲρ
1601 3584 1744 3639 ᾶπα-

1919 3579 2010 3636 ‘58.
2042 3579 2096 3634 ln
2152 3590 2335 3636 mente
2369 3596 2538 3652 porro
2607 3585 3020 3644 recondendum
3088 3590 3235 3660 quod
3279 3591 3426 3650 sicut

195 3694 274 3732 σαν
297 3679 484 3734 οὐσίαν
507 3681 542 3751 ἡ
576 3679 734 3733 οὐσία
764 3679 882 3732 ἐστὶ
928 3677 1021 3732 τοῦ
1056 3677 1217 3743 Θεοῦ,
1250 3677 1347 3733 καὶ
1385 3678 1564 3733 πάντα
1588 3675 1645 3730 δὲ
1674 3693 1704 3730 τ

1919 3687 2015 3743 per
2036 3687 2252 3729 omnem
2275 3676 2572 3731 essentiam
2601 3684 2686 3733 est
2710 3679 2953 3736 essentia
2999 3680 3119 3744 Dei.
3145 3691 3201 3739 et
3223 3695 3422 3742 cuncta

193 3773 292 3825 κατ’
319 3773 478 3826 αὑτὸν
523 3772 663 3844 ὑπὲρ
697 3771 916 3826 ἅπαντα
954 3771 1024 3824 τὰ
1064 3769 1362 3842 ἐγκόσμια,
1393 3768 1538 3824 οὕτω
1584 3770 1679 3824 καὶ

1917 3779 1969 3819 a2
2000 3764 2068 3819 ad
2100 3780 2225 3822 eum
2250 3767 2528 3836 pertinent
2558 3783 2725 3840 super
2753 3774 2945 3826 omnia
2975 3776 3286 3840 mundana.
3343 3779 3427 3834 sic

193 3863 328 3917 αὑτοῦ
358 3863 591 3935 ἀλήθεια
619 3863 760 3932 ὑπὲρ
790 3861 1012 3915 ἅπασαν
1047 3861 1334 3934 ἀλήθειαν.
1390 3861 1450 3916 '0
1500 3864 1600 3934 μὲν
1639 3864 1703 3933 γὰ

1933 3857 2134 3914 veritas
2161 3858 2282 3929 ejus
2316 3873 2482 3930 super
2503 3875 2722 3918 omnem
2759 3866 3071 3922 veritatem.
3096 3865 3252 3934 Quod
3279 3871 3423 3925 enim

194 3957 237 4009 ἐν
262 3959 380 4027 ἡμῖν
410 3958 567 4026 λόγος
596 3957 858 4026 ἑκάτερος
892 3957 982 4011 ὅτε
1018 3955 1116 4009 καὶ
1166 3955 1482 4026 ἀληθεύσει,
1513 3959 1614 4012 ούκ
1648 3956 1704 4010 αἰ

1914 3956 1935 4002 ι
1967 3949 2022 4004 in
2047 3951 2206 4007 nobis
2239 3953 2490 4021 verbum,
2528 3957 2750 4026 quando
2775 3973 2939 4013 verax
2971 3971 3074 4026 est,
3107 3976 3216 4016 non
3248 3962 3423 4033 ipsum

193 4049 265 4113 τὺς
283 4051 534 4120 ἐποίησεν
565 4050 599 4122 ἢ
626 4053 772 4103 ποιεῖ
798 4051 859 4104 τὸ
886 4052 1125 4122 πρᾶγμα
1153 4051 1334 4104 ἐκεῖνο
1363 4067 1431 4103 πε
1443 4051 1496 4122 ρὶ
1524 4049 1583 4103 οῦ
1611 4050 1703 4122 ἀλη

1915 4041 1982 4096 cit
2030 4039 2116 4096 vel
2165 4041 2296 4098 iacit
2339 4060 2453 4099 rem
2490 4045 2636 4100 illam
2663 4047 2847 4120 deqna
2868 4065 2993 4106 vera
3014 4051 3168 4117 dicit,
3197 4053 3292 4108 sed
3337 4069 3425 4110 ac-

195 4140 338 4206 θεύει,
366 4143 502 4197 ἀλλὰ
530 4142 976 4211 καταλαὸόμενος
1012 4143 1264 4212 ἐκφαίνει
1294 4142 1393 4212 τὴν
1421 4142 1508 4194 ἐπ’
1551 4141 1705 4194 ἐκεῖνα

1917 4143 2064 4205 ptam
2096 4136 2408 4191 manifestat
2441 4137 2508 4194 de
2554 4155 2617 4194 ea
2657 4155 2715 4196 re
2775 4142 3058 4198 veritatem
3089 4161 3105 4199 :
3135 4149 3427 4204 sanctissi-

193 4231 441 4304 ἀλήθειανο
467 4239 496 4291 6
527 4237 586 4290 δὲ
616 4236 880 4305 πανάγιος
907 4237 1080 4307 Λόγος
1111 4235 1347 4307 καὶόρος
1377 4234 1471 4288 τοῦ
1502 4234 1703 4306 Πατρός

1914 4242 2001 4280 um
2030 4234 2211 4281 autem
2249 4225 2487 4281 Verbum
2511 4237 2567 4285 et
2600 4232 2866 4288 terminus
2895 4233 3098 4302 Patris,
3127 4236 3243 4304 ipsa
3283 4237 3424 4292 veri-

190 4324 219 4394 ή
243 4327 610 4396 αύτοαλήθεια,
642 4329 736 4381 καὶ
773 4329 883 4391 τοῖς
911 4329 1094 4398 ἔργοις
1123 4326 1478 4398 ἐπαληθεύει,
1513 4345 1591 4382 ων
1619 4328 1700 4380 ἐστ

1910 4335 1950 4386 3,
1983 4319 2145 4374 etiam
2183 4319 2238 4373 in
2273 4319 2528 4390 operibus
2558 4337 2720 4378 verax
2749 4334 3084 4396 estquorum
3113 4336 3198 4383 est
3224 4339 3420 4384 auctor

193 4417 394 4490 ποιητὴς
429 4423 525 4475 καὶ
574 4417 896 4490 προὸολεύς·
927 4419 988 4472 ού
1038 4418 1387 4492 ψευσάμενος
1419 4419 1518 4489 τὴν
1562 4419 1703 4472 αὐτῶ

1931 4413 2276 4484 productor;
2336 4429 2446 4470 non
2502 4418 2766 4472 mentitur
2817 4435 3005 4474 eorum
3061 4426 3419 4478 creationem.

194 4511 503 4580 παραγωγὴν
535 4509 612 4571 ὡς
641 4503 729 4562 οἷα
758 4508 1087 4579 παραποιῶν
1116 4509 1384 4579 ἀτέχνως,
1420 4507 1535 4562 ἀλλ’
1569 4509 1628 4562 ἐν
1658 4525 1704 4560 σι

1924 4506 2002 4562 asi
2032 4509 2284 4578 imperite
2312 4509 2681 4578 assimulans,
2708 4514 2802 4567 sed
2833 4513 2887 4568 in
2921 4515 3190 4585 sapientia
3239 4517 3426 4586 dispo-

195 4599 276 4670 φίᾳ
304 4601 716 4663 κατασκευάσας
741 4601 989 4672 ἀρῤήτῳ.
1019 4601 1109 4654 Διὸ
1134 4603 1226 4654 καὶ
1261 4600 1442 4663 καλῶς
1468 4600 1705 4670 ψάλλομε

1924 4615 1986 4654 ns
2048 4599 2348 4669 inell‘abili;
2397 4601 2540 4658 unde
2598 4615 2746 4658 recte
2813 4603 3096 4676 psallimus
3153 4622 3282 4662 vcra
3303 4622 3427 4665 esse

195 4690 398 4760 ἀληθινὰ
430 4689 574 4746 εἶναι
608 4693 786 4746 πάντα
812 4694 878 4744 τὰ
923 4693 1061 4762 ἔργα
1117 4691 1308 4757 αὑτοῦ,
1342 4693 1437 4748 καὶ
1471 4694 1650 4745 πάντα
1685 4693 1705 4744 ἐ

1916 4687 2032 4744 nnia
2057 4704 2221 4760 opera
2253 4692 2395 4762 ejus,
2422 4701 2476 4750 et
2503 4710 2630 4750 eum
2665 4707 2864 4751 cuncta
2901 4696 2956 4752 in
2992 4697 3221 4754 veritate
3261 4697 3426 4754 fecis-

195 4782 397 4856 ἁληθεία
437 4787 663 4855 ποιῆσαι
695 4785 888 4839 αὐτόν·
931 4779 993 4839 οὗ
1030 4785 1150 4837 κατ’
1178 4784 1346 4856 ἄλλην
1386 4784 1570 4853 ἔφοδον
1602 4784 1695 4838 καὶ

1919 4796 1944 4834 e
1967 4797 1985 4849 ς
2012 4782 2158 4838 unde
2188 4792 2241 4838 et
2268 4799 2364 4853 per
2402 4784 2566 4840 aliam
2595 4787 3013 4858 expositionem,
3057 4788 3292 4844 Verbum
3344 4800 3429 4844 est

195 4873 340 4940 Λόγος
386 4877 614 4949 ἀλήθειά
639 4880 790 4930 ἐστιν
812 4919 825 4932 .
870 4877 1284 4946 ’Λσφαλέστατα
1310 4874 1440 4946 γοῦν
1467 4877 1560 4929 καὶ
1605 4874 1705 4945 ὕψη

1917 4875 2434 4933 :ritas:certissime
2465 4877 2697 4946 proinde
2755 4889 2810 4936 et
2863 4878 3133 4937 altissime
3191 4880 3427 4937 Verbum

194 4967 371 5023 λότατα
401 4972 492 5024 τὸν
520 4969 616 5023 τοῦ
654 4971 866 5041 Πατρδς
898 4970 1072 5039 Λόγον
1101 4966 1501 5038 ἀτρεκέστατον
1529 4967 1557 5020 ό
1586 4965 1704 5036 σοφὲ

1444 4985 1501 5021 ον
1529 4967 1557 5020 6
1586 4965 1749 5036 σοφὸς
1855 4963 2034 5022 Patris
2058 4967 2405 5024 verissimum
2435 4969 2641 5025 cecinit
2683 4969 2948 5027 Joannes.

204 5059 432 5134 Ἰωάννης
468 5061 833 5134 ἐμελῴδησεν.

258 5153 344 5206 λθ⁹.
390 5155 658 5208 Ἐνταῦθα
688 5155 744 5208 δὲ
765 5154 926 5225 λόγου
953 5151 1128 5207 ἐλθὼν
1153 5156 1247 5208 καὶ
1275 5154 1528 5223 διαγνοὺς
1548 5155 1608 5208 ού
1638 5169 1760 5211 κατ’

1927 5141 2017 5201 '59.
2031 5142 2209 5214 Atque
2234 5143 2288 5200 in
2326 5144 2430 5202 hoc
2464 5145 2586 5203 loco
2605 5148 2976 5206 confitendum
3004 5153 3162 5208 nobis
3192 5163 3277 5208 est
3322 5172 3431 5210 non

197 5239 418 5314 ἔνθυμον,
437 5246 557 5298 ἀλλ’
591 5245 652 5310 ἐξ
675 5245 841 5300 αὐτοῦ
875 5245 1063 5317 ἔργου,
1082 5246 1164 5300 ὅτι
1193 5244 1302 5298 τῶν
1319 5263 1463 5308 τινες
1492 5245 1526 5318 ἢ
1560 5246 1707 5300 ἁπλοι

1920 5252 1954 5290 ει·
1982 5247 2301 5308 cogitatum,
2325 5239 2420 5296 sed
2455 5257 2520 5296 ex
2546 5242 2678 5311 ipsis
2704 5247 2983 5314 operibus,
3031 5249 3300 5318 quosdam
3347 5249 3430 5300 vel

201 5333 380 5402 στέρων
415 5335 513 5388 καὶ
537 5333 714 5398 οὕτως
748 5334 1136 5406 ἀϐαθεστέρων
1162 5335 1196 5407 ἢ
1223 5336 1318 5389 καὶ
1352 5335 1530 5398 ἄλλως
1561 5355 1711 5410 πειρε

1921 5331 2216 5400 npliciorcs
2231 5333 2382 5388 etsic
2407 5334 2680 5396 rudiores.
2728 5352 2792 5391 ac
2806 5339 3160 5408 praedatorios
3185 5339 3431 5392 homines

201 5424 342 5478 τικῶν
362 5427 572 5498 ἀνδρῶν
598 5426 922 5496 ἐπιφύονται
956 5427 1035 5499 τῷ
1070 5429 1199 5498 περὶ
1232 5429 1336 5498 γῆν
1386 5427 1519 5501 ὅρῳ,
1552 5430 1647 5483 καὶ
1677 5430 1711 5483 ὡ

1923 5423 2120 5479 sistere
2148 5425 2199 5478 in
2223 5425 2423 5480 ﬁnibus
2460 5435 2637 5494 terrm,
2652 5436 2706 5483 et
2729 5429 2874 5484 velut
2899 5431 3242 5499 partitiOnem
3277 5442 3432 5486 terra:

198 5509 268 5566 οἷα
296 5519 392 5588 γῆς
423 5521 744 5590 ἀναδασμὸν
792 5520 1206 5592 ἁκριϐούμενοι,
1231 5522 1504 5590 ἀπάγουσι
1535 5523 1595 5574 τὸ
1629 5539 1708 5576 κα¹

1927 5517 2031 5571 obe
2065 5518 2338 5588 cognitam
2405 5519 2690 5586 habentes,
2715 5521 2808 5591 qui
2849 5522 3137 5576 terminum
3159 5521 3278 5589 ejus
3308 5537 3432 5591 pro-

199 5609 343 5681 αὐτὴν
368 5613 536 5682 ὅριον,
559 5614 650 5668 τοῦ
678 5614 972 5685 βεϐηκότος
994 5615 1146 5685 ὅρου,
1167 5614 1263 5669 καὶ
1283 5614 1442 5684 λόγου
1467 5614 1558 5668 τοῦ
1584 5616 1709 5690 ὑπερ

1923 5611 1948 5664 ιι
1973 5620 2140 5682 agunt
2161 5629 2190 5667 a
2216 5611 2458 5682 perfecto
2479 5613 2713 5668 termino
2733 5624 2788 5668 et
2808 5611 2986 5668 Verbo
3010 5616 3433 5683 Sllpet‘StllISlall-

198 5703 353 5756 αδσίου
387 5705 542 5771 Θεοῦ,
574 5706 650 5769 ὡς
683 5705 758 5776 μὴ
777 5705 999 5770 ἐπάξιον
1020 5705 1080 5761 ὃν
1115 5705 1193 5778 τῷ
1223 5707 1532 5780 ύπερουσέῳ
1560 5710 1708 5777 γήῖνό

1923 5705 2012 5759 llis
2067 5706 2184 5771 Dei,
2221 5707 2378 5776 quasi
2443 5707 2727 5780 indignum
2797 5707 2870 5763 sit
2921 5706 3433 5776 supersubstantiali

198 5798 391 5865 τιπαχὺ
427 5799 864 5868 προσαρμόττειν
891 5798 1086 5868 δνομαο
1125 5797 1387 5866 σφαδάζω
1413 5801 1512 5870 μὲν
1555 5801 1708 5853 ἐνθου

1920 5806 2120 5855 rrestre
2152 5799 2427 5870 quodda’m
2487 5807 2542 5854 et
2603 5813 2850 5854 crassum
2876 5799 3173 5869 adjungere
3211 5814 3430 5854 nmneu.

201 5887 308 5940 σιῶν
327 5890 490 5950 mm
517 5890 748 5958 ),α)ἦσαι
772 5891 974 5955 αὐτοῖς,
1000 5889 1292 5959 γινώσκων
1325 5891 1380 5944 δὲ
1413 5893 1475 5946 τὸ
1509 5879 1711 5964 πρᾶγμ.

1923 5891 2121 5962 'ipudio
2157 5891 2382 5963 quidem
2408 5891 2608 5943 ardore
2641 5890 2876 5959 ﬂagrans
2903 5891 3074 5944 multa
3097 5895 3176 5944 eis
3211 5891 3433 5958 loquen—

487 5988 757 6047 PATBOL.
808 5986 926 6046 Gtt.
980 5987 1324 6049 CXXXVI.
3005 5985 3074 6047 18
