3788 6542
403 351 510 414 555

1121 355 1544 418 EUSTATIIII
1586 355 1876 416 THESSA
1889 356 2352 418 LONIPENSIS
2376 357 2941 419 METROPOLITAE
3551 359 3634 420 Ξ)ρῠ

400 465 494 529 di;
531 463 710 521 sciens
741 476 922 523 autem
957 480 1063 523 non
1113 476 1474 538 opportunam
1535 483 1646 521 rem
1684 482 1827 531 esse,
1861 482 1982 523 ver-

2093 469 2184 522 οὐκ
2213 467 2494 539 εὐκαιρον,
2527 471 2784 541 μετρήσω
2801 473 2898 540 τὴν
2929 470 3120 525 λαλιὰν
3149 471 3230 533 είς
3265 471 3390 524 ὅσον
3412 472 3484 540 μὴ
3527 472 3639 526 πάνυ

402 556 470 612 ba
501 558 574 611 ita
609 559 923 627 ponderabo
961 565 1022 613 ut
1083 575 1262 630 neque
1315 562 1400 615 his
1465 559 1973 628 reprehendendum

405 665 492 703 me
523 651 818 719 praebeam,
852 668 1029 724 neque
1053 653 1175 707 aliis
1205 667 1373 722 penes
1404 668 1541 719 quos
1567 662 1650 706 est
1684 652 1974 722 judicium.

405 742 472 798 Et
503 754 629 798 ante
657 745 864 810 omnia,
892 744 958 798 ad
997 746 1091 800 irae
1145 754 1347 801 nostra:
1409 747 1677 807 levamen,
1733 759 1976 802 mensam

404 835 543 904 ipsis
566 835 918 901 instructam,
943 836 1157 908 qualem
1189 837 1500 904 hospitibus
1559 837 1823 906 przebenl,
1853 853 1978 907 pru-

407 942 755 999 ponam,per
805 943 968 999 quam
1029 928 1315 992 Oblectati,
1377 938 1434 982 ιιι
1501 930 1760 994 arbitror,
1821 930 1980 984 mites

403 1020 1068 1094 ellicientur;apponetur
1105 1032 1288 1078 autem
1310 1021 1401 1076 his
1449 1020 1668 1094 quidem
1723 1022 1862 1089 ovis,
1895 1023 1980 1078 his

406 1118 612 1178 autem,
657 1113 941 1183 probabile
970 1114 1114 1169 enim
1150 1121 1235 1168 est
1271 1115 1536 1183 quosdam
1570 1111 1680 1165 Deo
1733 1121 1979 1170 sacratos

406 1209 608 1272 praesto
625 1202 1050 1273 l‘ntnros,piscis
1067 1202 1296 1274 λάϐραξ;
1332 1213 1387 1259 et
1417 1204 1462 1258 si
1498 1213 1718 1274 quidem
1739 1202 1791 1256 in
1829 1219 1978 1260 men-

410 1312 528 1351 sam
579 1297 693 1350 haec
722 1297 899 1352 afferri
945 1298 1175 1364 eligant,
1208 1297 1279 1352 ita
1302 1305 1366 1352 ut
1393 1313 1546 1353 ovem
1587 1299 1716 1353 dum
1775 1298 1984 1352 viveret

411 1387 673 1444 devorent
695 1403 817 1440 cum
841 1387 1064 1453 vellere,
1085 1404 1210 1444 cum
1234 1389 1390 1458 pelle,
1416 1389 1676 1444 carnibus
1690 1398 1741 1444 et
1765 1390 1980 1460 ungulis

405 1487 458 1532 et
495 1479 820 1544 visceribus,
857 1489 911 1534 et
965 1480 1169 1551 piscem
1223 1496 1345 1536 cum
1408 1481 1655 1552 squamis
1683 1489 1736 1536 et
1771 1483 1981 1550 reliquo

406 1572 656 1641 corporis
690 1570 876 1626 habitu
933 1588 948 1626 :
1004 1573 1211 1628 cavebo
1245 1573 1430 1628 statim
1485 1589 1554 1629 ne
1623 1573 1979 1646 respondeam

403 1665 504 1727 eis,
540 1680 646 1720 non
671 1674 856 1720 mente
888 1664 1203 1732 considens,
1248 1665 1347 1723 sed
1412 1666 1744 1735 admiratus,
1780 1685 1867 1724 me
1902 1667 1982 1722 vi-

2083 561 2238 631 ψόγῳ
2257 562 2497 631 ἐμαυτὸν
2523 565 2782 633 ὑποσχεῖν
2811 564 2950 634 μήτε
2974 564 3108 634 παρ’
3125 565 3362 627 ἐκείνοις
3381 565 3515 634 μήτε
3535 565 3641 635 παρ’

2084 645 2286 713 ἄλλοις,
2303 641 2384 712 οἷς
2408 648 2526 702 ἐστι
2551 649 2844 720 διάκρισιςο
2877 651 2972 705 καὶ⁵
3000 653 3106 721 πρό
3125 669 3187 721 γε
3215 653 3329 705 τῶν
3361 653 3529 706 ἄλλων
3551 659 3641 722 μεί-

2082 739 2257 810 λιγμα
2289 740 2446 810 χόλου
2477 741 2569 794 τοῦ
2601 743 2720 796 καθ’
2751 742 2910 813 ἡμῶν
2938 745 3217 817 τράπεζαν
3238 746 3429 808 αὐτοῖς
3452 747 3546 800 ὅσα
3571 752 3643 805 καὶ

2083 830 2466 902 παραϐαλοῦσι
2503 832 2674 898 ξένοις
2715 835 3034 905 ἐξαρτίσας,
3073 837 3445 907 ὑποθήσομαι,
3471 837 3536 891 δι’
3574 834 3643 911 ἦς,

2082 916 2260 994 οῐμαι,
2295 925 2620 996 θελξάμενοι
2651 929 3100 999 πραύνθήσονται
3127 947 3142 963 ·
3165 931 3319 984 ἔσται
3350 932 3408 984 δὲ
3449 933 3508 985 τὸ
3536 935 3644 1003 apd-

2083 1013 2246 1084 θεμα,
2279 1019 2394 1081 τοῖς
2426 1017 2527 1088 μὲν
2562 1020 2859 1090 πρόϐατον,
2907 1023 3118 1092 ἑτέροις
3145 1025 3225 1090 δὲ,
3253 1024 3402 1088 εἰκὸς
3436 1024 3545 1094 γάρ
3570 1036 3644 1086 καὶ

2082 1106 2460 1178 Ναζιραῖκούς
2481 1128 2638 1175 τινας
2669 1117 3032 1184 παρατυχεῖν,
3068 1115 3222 1182 ίχθύς
3245 1114 3458 1185 λάϐραξ
3486 1115 3669 1184 ἁδρᾶς,

2082 1198 2178 1252 καὶ
2208 1201 2256 1252 εί
2289 1202 2391 1271 μὲν
2414 1201 2614 1256 ἐκεῖνοι
2640 1203 2872 1257 ἕλωνται
2906 1205 3384 1276 προσενέγκασθαι
3417 1208 3496 1271 εἰς
3534 1225 3642 1277 τρὶ·

2082 1291 2319 1360 πέζωμα
2351 1292 2420 1347 τά
2471 1293 2722 1361 τοιαῦτα,
2761 1296 2838 1358 ὼς
2869 1295 2931 1349 τὸ
2977 1296 3078 1366 μὲν
3129 1297 3386 1368 βόσκημα
3414 1299 3621 1352 καταθοι
3664 1283 3689 1344 Il

2083 1383 2351 1454 νήσασθαι
2385 1384 2562 1451 οὕτως
2593 1387 2669 1451 ὡς
2714 1389 2827 1459 ἔχει
2863 1389 3031 1458 ζωῆς,
3064 1390 3215 1461 αὐτῷ
3269 1391 3484 1460 μαλλῷ,
3518 1393 3643 1462 αὐτῴ

2083 1474 2341 1547 δέρματι,
2372 1479 2604 1550 κέρασιν
2626 1481 2812 1546 αὐτοῖς
2841 1483 2935 1536 καὶ
2955 1482 3128 1549 δνυξι,
3151 1487 3244 1537 καὶ
3265 1486 3333 1554 τῇ
3362 1483 3472 1537 τῶν
3499 1487 3642 1554 ἐγκά-

2082 1584 2192 1621 των
2225 1567 2488 1640 διαθέσει,
2515 1571 2576 1627 τὸ
2601 1572 2656 1626 δὲ
2689 1573 2918 1646 ἁψάριον
2977 1575 3170 1639 αὐταῖς
3215 1575 3399 1630 λεπίσι
3457 1578 3558 1632 καὶ»
3587 1582 3640 1651 τῇ

2083 1657 2244 1732 λοιπῇ
2281 1663 2422 1716 κατὰ
2459 1663 2619 1734 σῶμα
2647 1664 2884 1738 διαρτίᾳ,
2931 1667 3206 1738 στήσομαι
3231 1668 3376 1739 τάχα
3409 1669 3501 1722 τοῦ
3536 1671 3640 1723 ἀντ-

403 1755 556 1810 disse
630 1756 881 1810 homines
937 1771 1202 1813 voraces.
1263 1757 1358 1829 Si.
1393 1769 1574 1813 autem
1636 1759 1983 1814 confecerint

2093 1755 2261 1816 ειπεῖν
2309 1755 2513 1823 αὐτοῖς,
2555 1757 2657 1813 οὐκ
2695 1758 3063 1832 ἐξαπορηθεὶς
3113 1761 3359 1825 πάντως,
3407 1761 3538 1819 ἀλλὰ
3564 1783 3638 1818 τε-

406 1847 509 1902 rite
532 1854 719 1902 etnon
754 1845 996 1904 ferarum
1036 1862 1210 1913 more,
1258 1858 1314 1904 et
1371 1848 1636 1920 eligentes
1697 1850 1977 1920 exquisita

2093 1842 2438 1915 θαμϐημένος
2474 1818 2565 1914 τοῖς
2628 1818 2952 1922 ἀνθρώπους
2975 1818 3116 1906 εἶδον
3162 1818 3453 1924 ώμηστάς.
3505 1856 3560 1908 Εἰ
3593 1857 3638 1910 δὲ

403 1949 456 1991 et
481 1938 800 1992 communia
865 1937 1228 2004 comederint,
1275 1940 1426 1993 sicut
1469 1949 1709 2008 Oportet,
1768 1939 1976 2010 reliqua

405 2038 588 2084 autem
616 2029 757 2084 sicut
781 2036 834 2084 et
884 2035 1080 2084 caetera
1129 2030 1366 2096 inutilia,
1414 2039 1466 2086 et
1490 2032 1644 2100 quasi
1701 2030 1979 2103 superflua

406 2122 732 2191 ahjeccrint,
763 2129 894 2177 tunc
920 2119 1228 2188 conlidens,
1264 2122 1637 2178 conversabor
1692 2137 1818 2179 cum
1874 2124 1978 2191 eis,

405 2223 460 2268 et
492 2221 780 2283 postquam
827 2213 977 2282 ipsos
1037 2213 1432 2282 superaverint,
1488 2214 1761 2284 gloriabor
1790 2216 1981 2274 dicens

410 2321 494 2362 me
520 2307 803 2363 victoriam
836 2306 1114 2363 retulisse.

473 2488 563 2543 40.
604 2485 672 2541 Et
696 2483 1032 2554 exprdbrans
1058 2484 1230 2554 primo
1264 2483 1681 2544 defraudatores
1711 2503 1834 2546 esse
1883 2504 1982 2546 su-

410 2597 508 2655 pra
538 2597 702 2654 quam
739 2587 954 2648 oportet
981 2594 1110 2651 erga
1152 2579 1351 2648 Deum,
1383 2583 1637 2639 homines
1679 2583 1747 2639 de
1784 2584 1981 2656 quibus

409 2687 649 2746 praesens
667 2671 801 2726 mihi
817 2685 1020 2736 sermo,
1045 2671 1365 2742 suppliciter
1386 2670 1692 2744 elliagitabo
1707 2682 1766 2730 ut
1785 2676 1984 2732 dentur

409 2767 540 2820 mihi
577 2765 672 2835 qui
728 2764 990 2834 colligant
1047 2765 1270 2820 nomina
1333 2781 1430 2836 per
1487 2782 1608 2838 quae
1667 2767 1984 2838 designatur

408 2860 571 2925 Deus,
595 2860 664 2914 ob
683 2859 920 2928 aliquam
942 2857 1060 2928 ejus
1078 2857 1372 2924 actionem,
1399 2858 1468 2914 ad
1486 2860 1736 2915 mmulam
1754 2862 1986 2933 diligen-

407 2954 558 3018 tiam,
592 2961 647 3009 et
673 2954 946 3025 propriam
969 2953 1072 3023 ipsi
1102 2953 1428 3024 veritatemﬁ;
1455 2957 1567 3009 etsi
1597 2954 1734 3010 bene
1756 2955 1983 3010 cesserit

406 3043 583 3098 oratio
616 3058 759 3111 mea,
821 3042 1026 3114 gratias
1073 3058 1227 3114 agam
1263 3042 1342 3098 eis
1379 3043 1603 3111 multas,
1634 3059 1733 3100 nec
1758 3059 1858 3115 ego
1893 3060 1985 3101 so-

2082 1939 2521 2009 κατεργάσονται
2563 1945 2869 2015 φρονίμως,
2900 1947 2962 2001 οὐ
2995 1948 3104 2018 μὴν
3161 1948 3448 2020 θηριωδῶς
3496 1949 3632 2003 αὐτά·

2083 2032 2177 2086 καὶ
2208 2034 2605 2107 άπολεξάμενοι
2634 2039 2703 2093 τὰ
2745 2039 2845 2110 μὲν
2879 2037 3136 2094 πολιτικὰ
3165 2041 3260 2094 καὶ
3298 2038 3456 2094 κοινὰ
3480 2055 3624 2110 προσι

2082 2123 2340 2190 οίσονται,
2393 2128 2536 2183 καθά
2571 2129 2698 2202 χρὴ,
2749 2131 2818 2186 τὰ
2839 2131 2898 2185 δέ
2928 2131 3094 2186 λοιπὰ
3121 2131 3197 2195 ὡς
3222 2132 3318 2187 καὶ
3362 2131 3531 2196 ἄλλως
3551 2149 3632 2185 πε-

2087 2217 2240 2285 ριττά
2270 2218 2364 2273 καὶ
2389 2219 2464 2283 ὡς
2491 2221 2887 2293 περιττώματα
2931 2224 2988 2278 δὲ
3041 2225 3629 2296 ἀποπροσποιήσονται·

2083 2307 2204 2360 τότε
2236 2308 2304 2362 ἂν
2329 2311 2684 2386 τεθαρρηκὼς
2727 2316 3068 2388 ἐμπλέξομαι
3106 2317 3312 2386 αὐτοῖς,
3357 2318 3448 2372 καὶ
3494 2335 3632 2372 κατε-

2083 2402 2295 2470 νεγκὼν
2326 2407 2550 2478 αὐχήσω
2574 2409 2751 2464 εἰπεῖν
2769 2411 2844 2474 ώς
2867 2411 3149 2482 νενίκηκα.

2157 2507 2233 2570 μ’.
2259 2501 2368 2555 Καὶ
2396 2501 2589 2571 πρῶτα
2636 2502 2774 2564 τέως
2813 2504 3292 2574 άποστερητικοὺς
3330 2505 3629 2572 ἐξονειδίσας

2085 2585 2223 2646 εἶναι
2258 2593 2410 2663 παρὰ
2451 2593 2511 2645 τὸ
2537 2593 2656 2648 δέον
2706 2595 2800 2648 ἐπὶ
2851 2595 2928 2666 τῷ
2975 2594 3097 2667 Θεῷ
3155 2596 3284 2660 τοὺς
3314 2595 3630 2669 ἀνθρώπους,

2085 2684 2215 2753 περὶ
2239 2676 2314 2736 ὢν
2338 2685 2365 2736 6
2398 2683 2589 2755 παρὼν
2619 2685 2742 2754 ἐμοὶ
2771 2684 2956 2753 λόγος,
3004 2685 3312 2756 ποτνιῶμαι
3351 2704 3630 2759 προσκυνη-

2084 2776 2254 2839 τικῶς
2276 2776 2618 2846 παραδοῦναί
2646 2795 2734 2849 μοι
2763 2779 3167 2844 άπανθίσοντας
3206 2779 3448 2851 ὀνόματα
3477 2780 3540 2835 δι’
3569 2777 3629 2836 ὧν

2085 2870 2553 2940 χαρακτηρίζεται
2590 2873 2618 2925 6
2641 2871 2773 2935 Θεὸς
2797 2871 2882 2941 ἐφ’
2927 2873 3221 2930 ὁποιανοῦν
3251 2873 3528 2945 ἐνέργειαν
3552 2875 3628 2928 αὐ-

2086 2958 2180 3013 τοῦ
2211 2959 2349 3030 πρὸς
2377 2961 2594 3033 ἐμφερῆ
2631 2963 2944 3034 ἀκρίϐειαν,
2998 2966 3092 3021 καὶ
3132 2965 3470 3036 οἰκειοτάτην
3506 2967 3631 3037 αὐτῷ

2089 3049 2374 3121 ἀλήθειαν,
2404 3053 2503 3106 καὶ
2533 3052 2752 3118 πάντως
2806 3056 2966 3126 εῐπερ
3017 3057 3335 3130 εὐστοχήσω
3373 3059 3471 3130 τῆς
3503 3061 3631 3128 αἰτή-

407 3137 514 3204 lus,
557 3135 651 3192 sed
682 3145 735 3190 et
761 3151 954 3191 omnes
987 3135 1306 3206 quicunque
1328 3138 1585 3192 tractatui
1616 3136 1691 3192 illi
1719 3137 1982 3193 interfue-

2093 3159 2253 3205 σεως,
2289 3143 2518 3214 ὀφλήσω
2563 3145 2728 3215 χάριν
2783 3147 2967 3209 αὐτοῖς
2999 3148 3222 3219 πολλὴν,
3261 3150 3358 3204 καὶ
3391 3150 3487 3204 οὐκ
3541 3147 3631 3217 ἐγὼ

407 3227 537 3284 rint.
562 3225 692 3293 Sed,
726 3236 1015 3298 antequam
1045 3227 1324 3282 omiserim
1351 3241 1447 3283 eos
1479 3236 1539 3284 ut
1570 3227 1831 3300 colligant
1871 3245 1993 3300 qua:

402 3335 508 3391 ego
537 3320 751 3376 discere
779 3321 980 3390 cupio,
1014 3320 1102 3375 aio
1151 3319 1259 3375 dici
1318 3319 1516 3375 Filium
1554 3320 1647 3376 Dei
1697 3321 1990 3376 terminum

409 3413 730 3481 perrectum,
775 3425 842 3466 ex
875 3410 1124 3466 terreatri
1177 3409 1372 3474 limite,
1445 3425 1550 3466 non
1612 3410 1760 3479 quod
1795 3413 1997 3468 circui-

409 3514 522 3558 tum
577 3501 834 3571 patiatur,
878 3508 932 3557 et
959 3501 1367 3572 circumagatur
1406 3502 1500 3572 qui
1538 3502 1770 3558 includit
1799 3519 1991 3573 gyrum

409 3606 584 3659 terrae,
611 3594 704 3663 qui
755 3594 1102 3663 omnipotens
1146 3602 1248 3661 est,
1291 3604 1346 3650 et
1398 3595 1990 3666 incomprehensibilis,

410 3696 464 3742 et
497 3687 774 3752 inﬁnitus;
819 3701 919 3740 nec
950 3685 1095 3756 quod
1128 3685 1386 3742 manibus
1415 3695 1670 3758 tangatur
1699 3689 1792 3760 qui
1829 3690 1994 3745 intra-

410 3785 595 3833 ctatns
626 3783 742 3841 est;
770 3791 868 3831 nec
895 3776 1039 3846 quod
1070 3775 1284 3832 Patrem
1315 3777 1734 3836 circumscribat
1765 3790 1818 3835 et
1841 3796 1995 3836 coar-

410 3878 520 3925 t-tet
558 3872 714 3940 quasi
767 3872 818 3926 in
849 3869 1104 3936 circuitu,
1147 3885 1249 3926 nec
1288 3871 1434 3926 aliud
1466 3872 1593 3940 quid
1634 3870 1799 3928 faciat
1837 3875 1994 3944 quasi

410 3964 465 4017 in
491 3964 785 4033 patientem
820 3962 1078 4031 Patrem;
1106 3967 1199 4019 sed
1235 3965 1376 4019 inter
1404 3965 1542 4019 tales
1567 3979 1759 4024 omnes
1816 3970 1994 4026 actio-

412 4069 510 4110 nes
542 4065 595 4109 et
628 4069 786 4110 voces
838 4055 1013 4109 electo
1075 4055 1323 4110 terrestri
1385 4055 1668 4121 termino,
1722 4059 1994 4116 terminus

412 4148 687 4220 perlectus
716 4149 957 4202 omnium
997 4145 1172 4204 Patris
1206 4145 1442 4202 Verbum
1475 4148 1596 4216 ejus
1633 4155 1740 4217 est,
1788 4165 1991 4207 secun-

413 4242 542 4296 dum
593 4241 905 4312 praedictam
952 4254 1248 4309 congruam
1287 4239 1598 4311 rationem;
1649 4249 1704 4298 et
1757 4243 1862 4300 hoc
1890 4259 1991 4315 pro

416 4332 572 4389 nobis
605 4342 659 4388 et
689 4347 786 4402 per
823 4347 922 4388 nos
955 4331 1047 4400 qui
1080 4332 1288 4387 discere
1332 4345 1474 4401 Opus
1536 4336 1826 4397 habemus,
1888 4350 1991 4392 nec

413 4424 572 4479 aliter
606 4422 817 4478 discere
864 4435 1180 4490 possumus,
1213 4435 1376 4491 quam
1413 4437 1508 4491 per
1543 4422 1695 4478 solas
1725 4424 1869 4480 vires
1899 4423 1985 4479 in-

2101 3237 2287 3305 μόνος,
2319 3236 2456 3290 ἀλλὰ
2478 3240 2572 3293 καὶ⁵
2596 3239 2798 3300 πάντες
2824 3241 3013 3294 ὁπόσοι
3059 3244 3124 3312 τῇ
3156 3242 3381 3314 τοιαύτῃ
3423 3243 3631 3311 παραδό-

2099 3342 2180 3379 σει
2208 3327 2327 3396 μεθ’
2357 3330 2504 3397 ἡμᾶς
2557 3330 2874 3402 ἐπιτύχωςι.
2933 3333 3043 3388 Καὶ
3085 3332 3264 3388 τοίνυν
3310 3335 3440 3402 πρὶν
3477 3333 3507 3404 ἦ
3538 3336 3633 3386 tm-

2099 3415 2283 3469 ϐαλεῖν
2316 3417 2513 3481 αὐτοὺς
2550 3419 2954 3484 ἀπανθίζεσθαι
2993 3421 3136 3494 άπερ
3165 3421 3276 3491 ἐγὼ
3319 3423 3505 3494 μαθεῖν
3535 3425 3633 3476 ἐπι-

2097 3509 2268 3573 ποθῶ,
2314 3510 2458 3578 λέγω
2520 3513 2751 3582 ῥηθῆναι
2783 3513 2878 3567 τὸν
2926 3513 3055 3567 Υίὸν
3087 3513 3180 3568 τοῦ
3212 3515 3351 3570 Θεοῦ
3394 3515 3632 3586 βεϐηκότα

2097 3601 2222 3670 ὅρον
2243 3599 2318 3664 ὠς
2351 3603 2414 3655 ἐκ
2446 3601 2540 3655 τοῦ
2573 3604 2714 3657 κατὰ
2749 3603 2854 3674 γῆν
2887 3606 3036 3676 ὅρου,
3069 3607 3167 3677 οὐχ
3197 3607 3282 3660 ὅτι
3321 3607 3632 3678 περιέλευσεν

2097 3695 2292 3764 πάσχει
2319 3694 2416 3746 καὶ
2449 3695 2914 3766 περιλαμϐάνεται
2942 3699 2970 3750 6
2993 3697 3238 3767 κατέχων
3267 3698 3361 3752 τὸν
3385 3698 3539 3769 γύρον
3555 3698 3633 3765 τῆς

2097 3787 2199 3856 γῆς
2246 3785 2342 3838 καὶ
2383 3786 2820 3858 ἀπειροδύναμος
2855 3790 2950 3844 καὶ
2967 3790 3336 3860 ἀπερίληπτος
3359 3791 3453 3842 καὶ
3470 3789 3633 3858 ἀπερί-

2095 3893 2359 3948 γραπτος·
2376 3878 2483 3932 οὐδ’
2495 3879 2576 3933 ὅτι
2591 3880 2754 3950 χερσὶ
2771 3878 3002 3950 ψαύεται
3032 3883 3059 3936 6
3082 3882 3316 3953 ἀναφὴς,
3338 3882 3444 3935 οὐδ’
3465 3883 3534 3934 ὅτι
3558 3897 3634 3932 πε·

2097 3969 2321 4039 ριορίζει
2342 3969 2433 4023 τὸν
2454 3971 2670 4040 Πατέρα
2688 3971 2782 4025 καὶ⁹
2809 3974 3134 4043 στενοχωρεῖ
3146 3973 3221 4036 ὡς
3247 3976 3306 4027 ἐν
3327 3971 3643 4044 περιγραφῇῖ

2094 4060 2203 4114 οὐδ’
2231 4061 2359 4115 ἄλλο
2389 4079 2442 4116 τι
2483 4065 2628 4116 ποιεῖ
2649 4064 2723 4127 ὡς
2774 4064 2866 4116 ἐπὶ
2897 4065 3157 4134 πάσχοντι
3185 4066 3265 4136 τῷ
3316 4066 3503 4132 “arpi,
3524 4063 3632 4117 am

2093 4149 2200 4204 τῶν
2231 4150 2489 4204 τοιούτων
2535 4152 2754 4206 πάντων
2785 4153 3174 4222 ἐνεργημάτων
3217 4155 3313 4208 καὶ
3360 4153 3631 4222 ἰδιωμάτων

2091 4241 2186 4295 τοῦ
2219 4243 2405 4311 γηῖνου
2453 4244 2580 4312 ὅρου
2621 4241 3108 4315 ὑπεξαιρουμένου,
3135 4245 3260 4316 ὅρος
3285 4243 3525 4316 βεϐηκὼς
3558 4243 3630 4294 τοῦ

2091 4333 2308 4388 πάντων
2329 4333 2539 4404 Πατρὸς
2560 4335 2588 4387 6
2617 4335 2750 4405 πρὸς
2769 4335 2972 4388 ἐκεῖνον
2997 4337 3154 4404 λόγος
3185 4335 3327 4400 ἐστὶ,
3351 4337 3488 4389 κατὰ
3505 4336 3634 4405 μόνον

2089 4425 2150 4478 τδ
2181 4424 2254 4488 ώς
2283 4425 2483 4498 ἐρρέθη
2504 4428 2713 4498 πρέπον
2735 4428 3044 4498 γνώρισμα*
3065 4430 3155 4482 καὶ
3171 4428 3309 4484 αὐτὸ
3335 4429 3468 4498 πρὸς
3497 4428 3633 4496 ἡμᾶς,

414 4516 554 4570 ditas
588 4514 768 4577 nobis,
810 4513 865 4567 in
897 4512 1099 4583 quibus
1133 4509 1278 4567 Deus
1329 4511 1637 4569 inhabitare
1685 4513 1983 4584 diceretur,

2093 4518 2187 4570 καὶ
2203 4517 2273 4570 δι’
2305 4518 2457 4587 ἡμᾶς
2489 4519 2616 4580 τούς
2646 4517 2936 4588 δεομένους
2967 4517 3284 4588 μανθάνειν,
3313 4519 3414 4571 οὐκ
3445 4518 3633 4586 ἔχοντας

416 4622 518 4664 nec
537 4623 642 4678 per
676 4607 778 4661 hoc
843 4606 1023 4662 solum
1073 4603 1221 4674 quod
1274 4604 1368 4658 Dei
1421 4605 1710 4674 qualitates
1736 4605 1790 4662 in
1833 4607 1991 4664 nobis

413 4712 466 4755 et
499 4701 552 4754 in
583 4697 1077 4754 circumstantibus
1108 4696 1274 4751 rebus
1309 4698 1427 4752 sitae
1476 4707 1602 4750 sunt
1637 4705 1692 4751 et
1751 4713 1849 4768 per
1877 4715 1992 4755 me-

416 4793 564 4846 dium
613 4807 800 4847 carum
863 4789 936 4844 sit
979 4788 1033 4843 in
1087 4789 1247 4845 nobis
1292 4788 1452 4846 Deus.
1514 4787 1570 4843 Si
1618 4798 1802 4846 autem
1841 4802 1990 4849 recte

418 4889 718 4956 sapiamns,
753 4898 848 4954 per
877 4885 992 4936 [nec
1029 4897 1221 4938 smnus
1272 4893 1325 4936 et
1353 4897 1452 4937 nos
1482 4882 1535 4936 in
1566 4897 1652 4947 eo,
1696 4884 1797 4954 ipsi
1827 4886 1992 4940 attri-

419 4979 561 5044 huti;
593 4987 645 5031 et
698 4975 846 5030 velut
875 4975 1079 5030 sinceri
1140 4975 1515 5043 unguentarii,
1568 4974 1842 5031 odoril‘era
1879 4978 1992 5031 haec

420 5079 661 5123 aromata
717 5076 1018 5137 praeparata
1048 5067 1198 5120 velut
1228 5080 1293 5120 ex
1324 5065 1592 5122 odorante
1623 5069 1851 5123 materia
1902 5084 1996 5126 ve-

422 5158 787 5212 nerandornnt
837 5173 867 5212 a
906 5157 1063 5211 nobis
1096 5157 1378 5210 nominum
1441 5157 1725 5215 offerimus
1751 5199 1766 5227 ,
1803 5159 1875 5213 ita
1931 5170 1991 5216 ut

421 5254 678 5306 odoretur
727 5249 990 5305 Dominus
1050 5249 1274 5304 odorem
1323 5250 1646 5318 suavitatis,
1704 5263 1757 5306 et
1808 5255 1990 5323 ipsum

421 5341 806 5411 acceptabilem
829 5381 846 5408 ,
882 5341 998 5396 sive
1031 5355 1062 5394 e
1107 5347 1252 5394 terra
1289 5345 1570 5410 ascendat,
1616 5344 1729 5399 sive
1767 5345 1990 5402 aliunele

420 5448 649 5490 Ol‘l'dllll‘.

491 5703 585 5757 Η.
607 5700 663 5757 Si
684 5709 862 5755 autem
881 5710 1301 5756 commentatam
1317 5704 1636 5774 terminum,
1659 5719 1690 5757 ο
1709 5705 1991 5774 negotiose

423 5803 476 5849 ct
501 5794 780 5852 industria:
805 5792 1178 5862 tenacissime,
1199 5794 1428 5868 abjicias
1456 5771 1526 5854 eo
1557 5799 1700 5868 quod
1761 5771 1987 5857 verbum

2092 4607 2151 4660 δὲ
2179 4605 2352 4671 ἄλλως
2382 4607 2573 4675 μαθεῖν
2600 4609 2680 4661 ὅτι
2707 4609 2783 4679 μὴ
2814 4609 2903 4663 διὰ
2935 4611 3114 4678 μόνων
3138 4609 3249 4663 τῶν
3275 4609 3396 4663 καθ’
3429 4603 3634 4678 agant;

2093 4701 2325 4753 ἐνοικεῖν
2355 4701 2383 4752 6
2411 4699 2546 4762 Θεὸς
2572 4700 2785 4769 λέγοιτο
2811 4701 2878 4754 ἂν
2921 4702 3014 4753 καὶ
3047 4699 3166 4754 κατ’
3197 4700 3332 4754 αὐτὸ
3381 4699 3553 4764 τοῦτο,
3573 4699 3638 4750 ὅτι

2093 4790 2299 4864 δηλαδὴ
2327 4792 2395 4846 τὰ
2417 4793 2512 4846 τοῦ
2551 4792 2687 4846 Θεοῦ
2740 4793 3220 4864 χαρακτηριστικὰ
3263 4795 3398 4864 ἡμῖν
3427 4794 3514 4846 καὶ
3549 4793 3640 4847 τοῖς

2095 4884 2226 4954 περὶ
2251 4885 2397 4954 ἡμᾶς
2441 4883 2712 4952 ἔγκειται,
2760 4885 2854 4938 καὶ
2888 4886 2975 4939 διὰ
3009 4885 3192 4955 μέσων
3231 4884 3411 4940 αὐτῶν
3439 4885 3570 4936 ἐστιν
3595 4885 3640 4932 ἐν

2096 4974 2235 5044 ἡμῖν
2259 4975 2288 5027 6
2311 4973 2468 5038 Θεός.
2507 4975 2569 5028 Εἰ
2597 4975 2654 5028 δὲ
2691 4978 3000 5046 φρονοῦμεν
3031 4975 3188 5044 ὀρθὰ,
3224 4977 3396 5046 ἐσμὲν
3432 4974 3513 5027 διὰ
3552 4971 3638 5022 τῶν

2098 5066 2358 5121 τοιούτων
2393 5069 2487 5120 καὶ
2533 5069 2698 5138 ἡμεῖς
2747 5069 2806 5120 ἐν
2834 5067 3002 5137 αὐτῷ,
3067 5067 3408 5138 λογιζόμενοι
3457 5063 3635 5132 ἐκείνῳ,

2100 5158 2198 5213 καὶ
2222 5158 2298 5221 ὡς
2322 5158 2402 5222 είς
2431 5157 2762 5228 καθαρείους
2797 5160 3074 5230 μυρεψοὺς
3123 5158 3299 5229 εὐώδη
3351 5158 3642 5228 θυμιάματα

2098 5249 2274 5303 ταῦτα
2304 5249 2579 5302 σκευαστὰ
2602 5249 2675 5312 ὡς
2707 5249 2768 5315 ἐξ
2807 5251 3038 5319 εὐόδμου
3080 5249 3215 5320 ὐλης
3268 5249 3376 5304 τῶν
3423 5251 3479 5302 ἐν
3532 5248 3642 5315 ἡμῖν

2098 5341 2298 5413 τιμίων
2347 5341 2628 5411 ὀνομάτων
2673 5343 3136 5414 ἀναπέμποντας·
3172 5343 3247 5408 ὡς
3283 5340 3642 5414 ὀσφραίνεσθαι

2100 5435 2193 5487 τὸν
2209 5433 2412 5502 Κύριον
2435 5433 2609 5505 ὀσμὴν
2630 5435 2880 5498 εὐωδίας,
2911 5434 3004 5487 καὶ
3019 5433 3223 5505 ταύτην
3251 5434 3640 5506 εὐπρόσδεκτον,

2101 5529 2210 5580 εἴτε
2245 5527 2415 5597 γῆθεν
2477 5528 2871 5599 ἀναδιδομένην
2929 5529 3241 5599 εὐκόσμως,
3295 5530 3403 5582 εῐτε
3448 5524 3643 5581 ἄλλοθεν

2101 5618 2340 5673 ὁθενοῦν.

2164 5710 2277 5783 μα’.
2305 5713 2367 5766 El
2393 5714 2450 5767 δὲ
2485 5715 2576 5766 τὸν
2612 5714 2998 5785 διειλημμένον
3038 5716 3185 5786 ὅρον,
3263 5710 3308 5771 ὦ
3351 5711 3645 5783 πολυπρᾶγο

2103 5820 2202 5873 μον
2249 5807 2341 5857 καὶ
2391 5806 2750 5875 γλισχρότατε
2805 5808 2904 5877 τὴν
2957 5808 3272 5880 ἀκρίϐειαν,
3327 5805 3639 5879 ἀποστρέφῃ,
