3824 6546
170 434 261 494 557
932 428 1014 489 ΙΝ
1043 427 1381 494 ῙΙΥΜΝΗΜ
1431 425 2083 489 PENTECOSTALEM
2130 425 2589 488 DAMASCENI.

3303 421 3403 488 δῖε

166 549 239 602 διὰ
266 548 323 600 τὸ
365 547 460 616 τῆς
501 545 694 612 λέξεως
748 545 1028 615 χθαμαλὸν
1072 546 1166 598 καὶ
1221 545 1370 614 παχὺ
1420 543 1512 597 καὶ
1546 544 1704 612 βοιρὺ1

1822 559 1892 612 sit
1922 558 2044 621 vile.
2076 573 2347 623 crassum,
2371 557 2592 628 pingue,
2616 565 2668 610 et
2697 569 2922 610 sensum
2955 553 3075 623 ejus
3104 558 3404 611 contendas
3433 615 3461 639 ν

162 639 322 692 καὶτὸ
352 637 471 690 κατ’
501 636 669 706 αὐτὴν
702 638 882 707 νόημα
913 636 1270 704 δογματίζεις
1307 637 1384 706 μὴ
1432 634 1500 689 ἂν
1548 635 1709 688 δύναο

164 733 271 786 σθαι
299 731 429 800 ὑψοῦ
467 731 859 802 ἑλαφρισθῆναι
909 731 983 794 ὡς
1034 731 1333 800 ἁρμόττειν
1379 729 1458 799 τῷ
1505 729 1714 797 ἀπαχεί

162 826 245 878 καὶ
272 822 470 892 ἀϐαρεῖ
513 824 607 878 καὶ
662 825 1047 895 ύπερουρανίῳ
1098 823 1218 892 Θεῷ
1242 862 1258 888 ,
1290 819 1469 888 ἔξεστί
1506 835 1588 872 σοι
1617 817 1711 871 τοῦ

164 915 328 968 λοιποῦ
359 917 688 986 ἀποστερεῖν
717 917 790 986 μὴ
823 916 985 987 μόνον
1015 917 1105 969 τὸν
1134 917 1168 968 ἶ
1187 915 1263 968 ἱὸν
1292 915 1386 968 καὶ
1417 913 1596 982 Λόγον
1617 911 1713 965 τοῦ

162 1008 280 1062 Θεοῦ
303 1009 502 1074 λέξεως
543 1009 762 1079 ἁπάσης
803 1010 1120 1078 ἐγκοσμίου,
1165 1007 1304 1063 ἀλλὰ
1332 1009 1426 1061 καὶ
1459 1007 1550 1061 τὸν
1580 1025 1713 1076 προ-

161 1101 359 1155 αιὼνιον
397 1103 635 1173 Πατέρα,
681 1103 774 1158 καὶ
807 1101 868 1156 τὸ
926 1105 1263 1173 συνάναρχον
1290 1102 1516 1173 Πνεῦμα
1536 1117 1551 1133 ⁸
1583 1103 1712 1156 οὑκ-

159 1194 236 1246 οὖν
262 1193 608 1264 ἀποῤῥάπιζε
646 1195 717 1246 τὰ
769 1197 825 1247 ὲν
873 1197 984 1260 τοῖς
1033 1194 1158 1250 καθ’
1196 1195 1340 1264 ἡμᾶς
1372 1194 1551 1248 πάντα
1590 1195 1709 1246 ὀνό-

161 1301 304 1353 ματα,
333 1285 408 1348 ὡς
457 1287 598 1356 μηδὲ
645 1286 704 1338 ἓν
754 1286 934 1341 αὐτῶν
965 1286 1206 1342 οἰκειοῦν
1239 1285 1315 1357 τῷ
1360 1287 1709 1356 ἀκατονομάο

160 1396 250 1449 mp
291 1377 406 1448 Θεῷ
433 1420 450 1445 ,
501 1380 597 1432 καὶ
635 1380 839 1449 μᾶλλον
893 1380 962 1434 τὰ
1022 1383 1082 1434 ὲν
1125 1382 1259 1450 ἡμῖν
1311 1383 1709 1447 ταπεινότατα,

155 1465 248 1525 οἷον
275 1473 361 1525 τὸν
391 1472 733 1543 δημιουργὸν
772 1472 834 1527 ὃν
883 1475 1242 1546 χειροτέχνην
1280 1475 1505 1545 οἷδαμεν
1536 1475 1710 1545 ἑρμη-

155 1566 402 1628 νεύεσθαι,
438 1567 571 1637 περὶ
604 1561 666 1621 οὗ
697 1568 792 1620 καὶ
840 1567 898 1619 ὲν
947 1569 1063 1630 τοῖς
1097 1569 1240 1636 μετά
1268 1567 1443 1622 ταῦτα
1477 1569 1711 1639 ⁴εἰρήσε-

154 1674 244 1709 ταιο
271 1657 356 1708 τὸν
388 1657 646 1728 τεχνίτην
673 1657 732 1721 ὃς
766 1658 879 1712 οὐδ’
910 1660 1076 1723 αὐτὸς
1109 1658 1388 1730 ὑπεροχὴν
1423 1660 1538 1728 ἔχει
1578 1659 1710 1712 πολ-

154 1753 252 1822 λήνο
280 1752 368 1805 τὸν
418 1753 795 1826 παντουργὸν,
835 1753 895 1806 ὃν
924 1755 1050 1808 οὐδὲ
1097 1758 1154 1808 ὲν
1189 1753 1426 1827 εὖφήμῲ
1457 1757 1710 1827 σημασιᾳ

152 1847 412 1899 τάττουσιν
445 1845 504 1898 οῖ
534 1846 636 1916 τὴν
669 1845 846 1916 ἀρχὴν
881 1846 1047 1900 αὑτὸν
1091 1846 1467 1917 ὀνομάσαντες
1491 1865 1507 1882 ’
1542 1847 1624 1901 ἔτι
1651 1848 1708 1902 δὲ

153 1939 227 1990 καὶ
252 1936 334 1992 τὸν
355 1937 596 2006 ποιητὴν
622 1938 714 1992 τὸν
746 1939 826 2002 εἰς
856 1941 1052 1993 ταυτὸν
1083 1939 1291 2010 ἦκοντα
1323 1940 1404 2009 τῷ
1443 1940 1708 2012 δημιουρ-

152 2030 236 2100 τῷ,
270 2030 486 2084 καὶτὸν
525 2031 893 2104 κυϐερνήτην,
920 2032 1223 2103 ἑμπορικόν
1258 2050 1322 2101 γε
1361 2031 1531 2086 αὐτὸν
1573 2033 1703 2088 ὅντα

151 2121 225 2174 καὶ
263 2121 401 2175 οὕτω
456 2121 762 2190 κερδαλέον
786 2163 802 2188 ,
834 2123 912 2186 ὡς
944 2123 1014 2178 τά
1052 2123 1228 2178 πολλά
1281 2127 1375 2178 καὶ
1411 2127 1499 2197 ἐφ’
1531 2119 1615 2190 οἷς
1640 2126 1703 2179 ού

152 2214 251 2281 χρή·
273 2212 360 2266 τὸν
389 2213 797 2283 άκρογωνιαῖον
831 2215 979 2270 λίθον
1004 2216 1098 2268 τὸν
1132 2216 1272 2286 τάχα
1299 2216 1419 2270 οὐδὲ
1451 2218 1706 2288 μναῖαῖον

150 2305 196 2357 τὸ
217 2305 443 2376 τίμημα.
480 2307 549 2358 τι
578 2304 637 2360 δέ
678 2325 770 2374 μοι
793 2305 905 2360 τῶν
928 2307 1190 2361 τοιούτων
1214 2307 1412 2374 λέξεων
1448 2310 1545 2363 καὶ
1577 2309 1704 2363 ὅσαι

148 2395 192 2447 δὲ
234 2395 382 2450 ἄλλαι
421 2397 556 2451 κατ’
585 2398 758 2464 αὑτὰς
800 2385 1208 2470 ἀπαξιούμεναι
1253 2401 1599 2456 οἰκειοῦσθαι
1625 2401 1706 2471 τῷ

148 2485 814 2562 Θεῷ,κατεπιχειροῦνται
873 2490 977 2546 ὑπὸ
1032 2493 1135 2563 τῆς
1193 2494 1252 2546 ὲν
1308 2495 1392 2546 σοὶ
1437 2493 1702 2564 λεκτικῆς

148 2579 438 2647 δυνάμεως;
488 2584 722 2638 Δέδοικα
753 2586 829 2656 μὴ
859 2585 965 2657 ὁδῷ
988 2586 1197 2658 προῖὼν
1230 2587 1331 2640 οὐκ
1373 2587 1563 2658 εὐόδῳ,
1605 2604 1702 2658 με·-

149 2671 350 2745 λετήσῃς
379 2675 686 2745 ἀφελέσθαι
719 2677 821 2749 τῆς
849 2677 1011 2747 ἁγίας
1041 2679 1295 2749 Τριάδος,
1323 2680 1418 2736 καὶ
1443 2681 1583 2734 αὐτὰ
1632 2683 1702 2736 τά

153 2762 386 2820 ἰδιαίτατα
433 2771 945 2839 χαρακτηριστικὰ.
996 2770 1136 2826 Οὗτε
1170 2771 1280 2842 γὰρ
1334 2774 1530 2844 Πατὴρ
1567 2774 1701 2845 κλη-

151 2854 345 2923 θήσεται
378 2860 530 2913 κατά
559 2876 623 2927 γε
673 2861 864 2932 κριτὴν
906 2863 998 2917 τὸν
1053 2863 1195 2918 κοιτά
1247 2864 1332 2918 σέ.
1365 2865 1557 2937 [ἰατὴρ
1599 2868 1701 2937 μὲν

99 3008 105 3021 ⁸
149 2949 236 3018 γὰρ
279 2950 414 3016 ἄπας
455 2956 522 3005 ἐν
568 2956 681 3018 τοῖς
720 2953 845 3009 καθ’
878 2955 1031 3026 ἡμᾶς
1077 2956 1364 3029 ἐμπαθὴς,
1398 2959 1511 3012 εἴτε
1544 2961 1700 3032 παρά

1819 665 1924 705 non
1955 664 2116 719 posse
2140 649 2193 704 in
2222 647 2603 716 altumlevari;
2632 647 2704 702 ita
2729 656 2786 701 ut
2804 645 2914 700 Deo
2940 660 3048 700 non
3067 659 3278 708 crasso.
3305 659 3404 700 nec

1817 743 1965 810 gravi
1990 755 2045 796 et
2095 741 2476 812 supercmlesti
2529 749 2764 807 aptetur,
2793 739 2919 794 licet
2946 737 3044 793 tibi
3069 740 3403 808 czeteroquin

1821 855 1927 894 non
1955 841 2131 897 solum
2157 840 2353 896 Filium
2381 849 2435 894 et
2470 838 2702 894 Verbum
2733 837 2823 892 Dei
2874 836 3043 891 verbo
3071 834 3216 889 omni
3243 849 3406 889 muti-

1817 936 1958 989 dano
2013 933 2291 997 dirimere,
2320 929 2416 987 sed
2465 939 2520 984 et
2567 937 2832 984 aeternum
2867 925 3086 981 Patrem
3135 933 3188 979 et
3215 939 3403 979 corre-

1815 1035 2071 1096 gnantem
2121 1023 2407 1092 Spiritum.
2466 1019 2622 1076 Tolle
2685 1017 2852 1090 igitur
2909 1016 3091 1072 omnia
3123 1015 3266 1070 inter
3301 1028 3402 1069 nos

1817 1119 2020 1173 usitata
2064 1114 2310 1179 nomina,
2335 1113 2494 1184 quasi
2532 1125 2708 1181 neque
2737 1124 2907 1165 unum
2960 1123 3025 1164 ex
3091 1107 3214 1162 istis
3272 1119 3402 1176 pro-

1815 1208 1995 1274 prium
2026 1205 2098 1262 sit
2135 1202 2430 1260 ineﬂ'abilis
2476 1201 2593 1267 Dei,
2633 1200 2728 1256 sed
2772 1199 2955 1269 petius
2990 1196 3176 1252 omnia
3206 1203 3394 1250 nostra

1815 1297 2063 1361 humilia,
2097 1295 2243 1351 sicut
2264 1301 2319 1353 et
2346 1291 2534 1348 mundi
2559 1298 2865 1346 creatorem
2905 1303 3068 1358 quem
3102 1285 3401 1343 fabricato-

1813 1405 1926 1445 rem
1962 1388 2216 1444 novimus
2249 1385 2468 1456 exponi,
2491 1383 2557 1438 de
2588 1398 2699 1454 quo
2740 1382 2796 1437 in
2828 1379 3192 1451 sequentibus
3217 1392 3400 1434 sermo
3465 1445 3472 1448 _

1811 1483 1944 1548 erit;
1973 1480 2377 1546 fabricatorem,
2411 1477 2558 1548 quod
2583 1491 2760 1548 neque
2792 1475 2911 1546 ipse
2943 1487 3196 1544 magnam
3217 1472 3402 1528 excel-

1812 1573 2044 1630 lentiam
2089 1571 2324 1637 habeat;
2382 1570 2630 1627 omnium
2659 1569 2950 1634 factorem,
3003 1581 3165 1638 quem
3219 1580 3397 1635 neque

1812 1681 2056 1737 congrua
2105 1665 2506 1736 significatione
2557 1662 2854 1733 designant
2903 1660 2998 1733 qui
3061 1658 3395 1730 principium

1811 1758 1992 1830 ipsum
2022 1765 2264 1823 vocant;
2295 1756 2476 1811 adhuc
2497 1765 2551 1811 et
2580 1764 2886 1824 creatorem
2912 1751 3058 1824 quod
3088 1759 3175 1808 est
3203 1747 3394 1806 mundi

1811 1861 2026 1906 creator
2051 1866 2068 1919 ;
2091 1860 2146 1907 et
2175 1843 2624 1922 gubernatorem,
2653 1848 3042 1903 mercatorium
3065 1861 3128 1900 ac
3163 1842 3396 1915 proinde

1812 1953 2304 2014 quastuosummt
2349 1944 2673 2014 plerumque
2720 1942 2866 1997 circa
2921 1954 3010 1995 res
3063 1939 3397 2009 incongruus

1811 2046 2085 2104 versetur;
2126 2034 2367 2105 lapidem
2420 2035 2761 2106 angularem,
2811 2045 2936 2102 qua:
2962 2029 3254 2087 mstimatio
3285 2043 3396 2083 non

1808 2129 2268 2199 satiszponderosa
2294 2139 2375 2184 est
2400 2146 2415 2195 ;
2441 2125 2639 2197 etquid
2660 2125 2788 2180 talia
2819 2138 3245 2180 commemorem
3274 2137 3400 2194 quae

1807 2223 1990 2278 omnia
2029 2236 2137 2277 non
2155 2221 2474 2292 judicantur
2506 2217 2616 2274 Deo
2647 2232 2967 2287 congruere,
2992 2225 3046 2271 et
3070 2225 3159 2271 tua
3180 2215 3400 2270 convel-

1812 2313 2000 2368 luntur
2026 2313 2306 2382 eloquenti
2353 2309 2633 2381 potentia?
2661 2307 2892 2373 Vereor,
2917 2321 2985 2362 ne
3014 2307 3100 2362 via
3137 2305 3399 2363 incedens

1811 2407 1979 2476 invia,
2012 2408 2136 2463 illas
2171 2422 2201 2463 a
2227 2414 2418 2462 sancta
2444 2404 2719 2461 Trinitate
2761 2403 2986 2460 auferre
3024 2402 3234 2474 cogites
3276 2417 3401 2472 quae

1806 2502 1911 2572 ipsi
1935 2501 2171 2572 propriae
2195 2509 2324 2557 sunt
2350 2506 2538 2565 notas;
2564 2513 2669 2554 non
2700 2497 2846 2553 enim
2891 2496 3053 2552 Pater
3089 2496 3399 2558 vocabitur.

1799 2592 2211 2664 juxtajudicem
2252 2593 2330 2646 tui
2363 2591 2628 2655 similem;
2665 2587 2827 2645 Pater
2869 2604 3012 2644 en-m
3039 2590 3222 2644 omnis
3246 2603 3398 2644 com-

1805 2686 2052 2741 munium
2083 2684 2373 2740 alfectuum
2413 2681 2707 2759 particeps,
2730 2681 2887 2735 sivea
2908 2679 3174 2751 pariendo
3195 2695 3399 2735 secun-

1805 2779 1936 2834 dum
1983 2792 2208 2834 carnem
2237 2776 2316 2832 sic
2363 2784 2618 2838 vocatur,
2641 2759 2761 2828 sive
2778 2773 3034 2840 aliunde;
3059 2772 3170 2836 υἱὸς
3195 2779 3400 2835 autem,

1803 2885 1872 2927 ex
1902 2869 2066 2926 verbo
2098 2869 2151 2924 in
2184 2884 2244 2923 se
2267 2883 2377 2922 non
2404 2866 2812 2937 super-naturali
2836 2864 3129 2922 deducitur
3167 2862 3402 2935 φύεσθαι

1806 2960 2018 3035 (gigni),
2051 2962 2178 3016 vela
2193 2958 2359 3015 verbo
2376 2955 2732 3027 ῦεσθαιίιιιια
2750 2956 2962 3024 doctos;
2979 2953 3194 3026 πνεῦμα
3215 2961 3402 3010 autem

148 3039 195 3092 τὸ
223 3043 458 3113 σπείρειν
512 3047 649 3099 κατά
683 3046 865 3118 σάρκα
912 3045 1056 3101 οὕτω
1091 3046 1363 3113 καλεῖται,
1394 3049 1505 3103 εἴτε
1536 3050 1698 3104 ἄλλο·

1818 3070 1873 3110 :x
1901 3052 2072 3110 verbo
2109 3051 2392 3106 ὲπιπνέειν
2429 3047 2786 3120 (exsumare).
2823 3058 2878 3104 et
2919 3048 3219 3120 ὲμπνέειν;
3267 3047 3403 3104 ﬂare

149 3135 222 3187 θεν
246 3137 461 3191 ὁθενοῦν
493 3156 509 3170 ·
553 3139 649 3192 καὶ
679 3140 793 3202 υἱὸς
826 3139 886 3193 δὲ
942 3141 1009 3194 ὲκ
1056 3141 1330 3212 τοῦκατὰ
1356 3143 1600 3214 φυσικὴν
1631 3145 1696 3199 οὐ

1818 3153 1983 3200 tutem
2009 3143 2304 3214 quamdam
2358 3140 2517 3196 habet
2553 3139 2998 3197 inconstantiam.
3045 3138 3138 3195 Sic
3167 3152 3219 3194 et
3239 3153 3404 3194 omne

151 3225 238 3297 μὴν
287 3228 554 3301 ὑπερφυῆ
617 3231 889 3287 ἀκόλουθα
941 3230 1196 3304 φύεσθαι,
1265 3234 1442 3288 εῖτουν
1479 3234 1698 3304 ὕεσθαι,

1818 3238 2036 3294 verbum
2064 3233 2476 3290 tnultiformiter
2511 3247 2614 3288 nec
2638 3231 2741 3288 sub
2776 3247 2882 3286 uno
2912 3238 3122 3286 tantum
3146 3237 3399 3301 respectu

147 3323 267 3401 κατά
289 3324 411 3388 τοὺς
449 3324 679 3392 σοφούςο
717 3328 811 3379 καὶ
846 3323 1071 3395 πνεῦμα
1099 3326 1157 3380 δὲ
1187 3327 1252 3380 ὲκ
1277 3325 1375 3380 τοῦ
1411 3328 1693 3384 επιπνέειν

1817 3338 2090 3391 movetur,
2105 3327 2191 3380 vel
2225 3341 2292 3380 ex
2323 3323 2554 3379 adversa
2579 3333 2733 3394 parte
2763 3332 3092 3378 removetur.

157 3419 233 3469 καὶ
272 3418 538 3486 ὲμπνέειν
588 3419 755 3488 ἡμῖν·
811 3419 874 3473 τὸ
926 3417 985 3471 δὲ
1045 3419 1253 3485 πνέειν,
1283 3420 1548 3474 ἀστασεαν
1570 3423 1694 3478 τινὰ
1729 3421 1865 3493 ἔχει.
1903 3419 2088 3482 Οὕτως
2139 3417 2198 3472 δὲ
2234 3417 2327 3470 καὶ
2371 3416 2572 3483 ἄλλως,
2634 3415 2828 3473 καὶτὸ
2865 3416 2973 3471 πᾶν
3031 3419 3243 3484 εἰπεῖν,
3302 3436 3400 3474 πο-

148 3512 339 3577 λυειδῶς
367 3516 469 3568 καὶ
500 3513 562 3566 οὑ
596 3514 739 3568 κατά
771 3530 896 3568 τινα
927 3514 1309 3584 μονομέρειαν,
1347 3515 1666 3586 κινούμενον
1703 3517 1737 3590 ἢ
1772 3519 1868 3574 καὶ
1912 3513 2382 3585 ἀντικινούμενον.

205 3605 299 3675 μβι.
330 3605 392 3658 Et
415 3606 477 3660 δὲ
505 3605 651 3660 οὕτω
686 3608 1069 3678 ἐπιχειρήσεις
1098 3609 1238 3679 πρὸς
1270 3608 1514 3672 διάλεξιν
1542 3627 1698 3680 σοφι-

149 3697 326 3768 στικὴν,
360 3697 640 3762 ὲψῐλωσας
679 3697 770 3751 τὸν
811 3697 947 3755 Θεὸν
981 3699 1222 3764 ἅπαντος
1253 3701 1349 3756 τοῦ
1397 3702 1458 3768 ἐξ
1485 3703 1700 3776 ἀνθρώ-

144 3804 238 3842 mw
269 3789 634 3859 σεμνώματος
658 3827 676 3854 ,
730 3789 827 3844 καὶ
861 3789 1081 3860 ἀφῆκας
1112 3790 1214 3861 μὲν
1245 3791 1455 3846 ἐκεῖνον
1490 3792 1700 3848 ἀνώνυ-

146 3897 244 3948 μον,
266 3881 384 3935 ἐστέ
405 3898 579 3952 ρησας
606 3879 664 3934 δὲ
695 3882 794 3935 καὶ
834 3881 987 3951 ἡμᾶς
1019 3881 1119 3952 τῆς
1151 3883 1288 3952 πρὸς
1319 3883 1532 3939 ἐκεῖνον
1580 3900 1699 3938 κοι-

141 3973 308 4037 νωνίας
337 3973 443 4028 καὶ
471 3973 798 4042 ὲγγύτητος,
823 3973 917 4026 καὶ
946 3971 1066 4025 οὐδὲ
1091 3973 1172 4040 τὸ,
1205 3975 1404 4043 Κύριε,
1439 3975 1693 4047 ἐλέησον,

141 4066 526 4130 καταλελοιπὼς
560 4067 691 4134 ἡμῖν
721 4067 800 4128 εἰς
841 4066 1287 4136 ἀνεπιχείρητον,
1321 4065 1414 4120 διά
1460 4066 1522 4119 τὸ
1553 4067 1700 4122 κατά

141 4157 210 4210 τὸν
228 4159 367 4214 ἔλεον
399 4157 724 4230 περιπαθὲς,
745 4158 839 4212 καὶ
861 4155 1036 4222 οὕτως
1059 4157 1330 4229 ἐμπαθὲς,
1365 4159 1535 4230 μόνην
1569 4159 1702 4230 ἡμῖν

141 4249 329 4320 ἀφῆκας
358 4252 466 4322 τὴν
506 4253 584 4314 εἰς
618 4251 884 4323 οὐρανοὺς
909 4251 1175 4306 ἀνάτασιν
1220 4250 1331 4304 τῶν
1357 4251 1583 4322 χειρῶν,
1607 4254 1703 4310 καὶ

1879 3607 1966 3664 42.
2027 3606 2086 3663 Si
2127 3618 2310 3662 autem
2341 3605 2686 3662 dialecticam
2723 3601 3095 3674 sophistarum
3146 3604 3202 3658 in
3245 3605 3397 3660 auxi-

1809 3702 1941 3758 lium
1970 3716 2155 3770 vocas,
2184 3701 2354 3758 Deum
2406 3701 2555 3757 omni
2589 3716 2696 3772 qua
2732 3702 2876 3773 apud
2908 3703 3163 3762 homines
3185 3704 3394 3761 fruitur

1808 3797 2137 3851 auctoritate
2178 3795 2400 3866 privas;
2431 3809 2592 3866 quem
2628 3795 2718 3850 ubi
2757 3796 2980 3854 nomine
3009 3798 3396 3870 spoliasti,nos

1807 3890 1959 3960 ipsos
1989 3903 2018 3942 a
2078 3887 2482 3944 communitate
2533 3903 2598 3944 ac
2669 3887 3069 3960 familiaritate,
3123 3907 3244 3963 qua:
3295 3908 3398 3951 nos

1804 3979 1949 4037 inter
1983 3990 2038 4037 et
2065 3981 2235 4036 Deum
2267 3980 2576 4049 intercedit,
2603 3979 2780 4048 ejicis.
2809 3981 2951 4050 Quia
2984 3985 3130 4039 enim
3159 4002 3232 4042 ne
3259 3986 3396 4045 illud

1803 4073 2045 4144 quidem,
2079 4071 2357 4140 Miserere,
2397 4072 2561 4142 Deus,
2598 4075 2756 4132 nobis
2779 4077 3072 4148 reliquisti,
3108 4095 3216 4136 non
3288 4082 3395 4137 nisi

1807 4180 2070 4222 manuum
2134 4173 2190 4221 et
2248 4166 2535 4222 oculorum
2603 4169 2672 4223 ad
2743 4179 2960 4228 montes
3033 4175 3394 4232 elevationem

1807 4258 2111 4330 permittis,
2144 4257 2292 4314 unde
2315 4259 2477 4315 nobis
2523 4260 2792 4316 auxilium
2835 4263 3060 4329 veniet;
3101 4265 3216 4334 jam
3266 4282 3396 4323 vero

139 4345 218 4410 τὴν
243 4347 343 4398 τῶν
365 4344 671 4416 ὀφθαλμῶν
702 4345 862 4416 ἄρσιν
887 4346 968 4406 εις
994 4345 1061 4400 τὰ
1085 4345 1212 4416 ὅρη,
1241 4343 1364 4400 ὃθεν
1402 4347 1535 4418 ἡμῖν
1581 4346 1704 4416 ἡξει

1818 4351 1975 4408 etiam
2053 4349 2275 4405 leonum
2326 4365 2501 4419 more,
2559 4352 2660 4422 qui
2717 4352 3126 4411 circumeuntes
3169 4358 3396 4428 rugiunt

141 4434 166 4503 ἡ
192 4434 404 4506 βοήθεια
422 4452 436 4466 ·
466 4438 568 4508 ἤδη
598 4435 655 4489 δέ
677 4453 781 4490 που
807 4438 901 4490 καὶ
935 4437 1061 4501 τοὺς
1090 4439 1432 4509 στεναγμοὺς
1463 4439 1560 4494 καὶ
1586 4435 1700 4494 οἷον

1818 4451 1864 4502 et
1891 4444 2148 4501 alimenta
2171 4460 2202 4500 a
2230 4443 2342 4502 Deo
2371 4443 2688 4522 efﬂagitant,
2708 4460 2926 4518 gemere
2955 4446 3115 4504 nobis
3152 4463 3218 4505 ac
3242 4451 3391 4521 rugi-

130 4525 405 4595 .ὠρυθμοὺς
431 4529 568 4598 πρὸς
611 4529 872 4598 ὁμοίωσιν
924 4531 1184 4598 σκύμνων
1223 4531 1332 4584 τῶν
1361 4530 1700 4603 ὠρυομένων

1818 4551 1868 4591 re
1908 4536 2117 4593 licebit.
2176 4537 2334 4596 Sicut
2388 4551 2570 4598 autem
2599 4550 2679 4611 tu,
2719 4541 2903 4610 homo,
2938 4543 3147 4599 nullum
3186 4546 3394 4600 animal

142 4620 214 4669 καί
260 4618 569 4687 ζητούντων
634 4619 788 4689 παρά
818 4619 898 4689 τῷ
929 4619 1048 4690 Θεῷ
1079 4619 1285 4691 βρῶσιν
1322 4623 1539 4686 ἑαυτοῖς
1559 4640 1574 4655 ο
1604 4624 1701 4678 καὶ

1818 4638 2093 4697 terrestre,
2119 4641 2215 4686 aut
2242 4633 2474 4701 aerium,
2519 4642 2616 4689 aut
2664 4635 2960 4703 marinum,
2993 4636 3113 4692 ovis
3144 4643 3241 4690 aut
3270 4636 3388 4707 lupi

141 4713 542 4783 μὴν,άνθρωπε,
577 4713 720 4768 καθὰ
750 4715 816 4767 σὺ
848 4714 1008 4780 αὐτος
1035 4715 1187 4768 οὐδὲν
1232 4715 1384 4784 βοτὸν
1421 4720 1694 4788 χερσαῖον,

1818 4721 2008 4777 marini
2071 4724 2282 4792 instar,
2319 4726 2507 4795 oii‘ers,
2553 4729 2698 4784 inter
2754 4729 2808 4785 id
2875 4727 3022 4800 quod
3049 4729 3392 4785 offerendum

137 4806 240 4858 θ’ὺξὲ
296 4808 484 4877 ἀέριον
525 4806 667 4871 ζῶον
700 4848 716 4874 ,
757 4806 881 4860 οὐδὲ
943 4806 1236 4862 θαλάττιον
1282 4809 1472 4892 ἁπλῶς
1547 4809 1694 4864 ούτω

1818 4823 1904 4878 :st,
1930 4827 1986 4870 et
2021 4815 2076 4871 id
2110 4818 2255 4886 quod
2289 4834 2396 4873 non
2429 4819 2946 4891 est,distinguendo
2965 4831 3022 4877 et
3052 4821 3389 4894 rejiciendo;

139 4901 404 4972 προσφέρῃ
427 4902 484 4964 ἐς
514 4899 788 4971 ἀποδοχὴν
813 4901 959 4955 καθά
990 4899 1082 4956 διά
1114 4901 1211 4955 τοῦ
1255 4901 1556 4973 προϐάτου,
1596 4906 1694 4957 καὶ

1818 4905 1884 4960 sic
1907 4913 1964 4960 et
1982 4922 2102 4976 nos,
2130 4909 2435 4992 secundum
2459 4910 2684 4968 Patrum
2709 4921 3026 4969 sanctorum
3049 4915 3384 4986 exemplum,

137 4989 215 5041 τοῦ
256 4991 526 5061 λάϐρακος
578 4990 1092 5062 προῦπῃνιξάμεθα,
1132 4996 1207 5063 μὴ
1248 4991 1528 5062 ἀφορίζων
1564 4992 1690 5066 μὲν,

1818 4999 2229 5069 unumquodque
2275 4989 2583 5071 nominum,
2617 5020 2741 5075 qua:
2777 5021 2877 5076 pro
2907 5007 3224 5064 humilitate
3291 5024 3391 5064 no-

138 5082 242 5134 ὖσον
277 5084 440 5137 αὐτοῦ
497 5083 662 5136 καλὸν
713 5083 796 5146 εἰς
853 5082 1199 5154 προσφορὰν,
1247 5082 1693 5154 ἀπεκλεγόμενος

1818 5098 1918 5144 ttra
1953 5089 2064 5146 Deo
2121 5092 2416 5150 oﬂ'erimus
2465 5105 2569 5151 aut
2627 5099 2811 5168 potius
2846 5100 3276 5169 sanctiﬁcamus,
3331 5112 3390 5156 et

138 5173 185 5222 δὲ
230 5176 286 5227 τὸ
328 5177 400 5247 μὴ
450 5175 763 5246 πρόσφορον
788 5193 803 5206 ο
855 5175 1000 5229 οὕτω
1030 5177 1192 5230 -κατά
1241 5174 1341 5246 τὴν
1377 5175 1486 5228 τῶν
1517 5175 1692 5245 ἁγίων

1818 5182 2021 5253 ejectis
2071 5183 2141 5240 iis
2179 5199 2302 5255 quas
2326 5188 2434 5242 Deo
2457 5187 2680 5259 indigna
2725 5199 2874 5257 sunt,
2899 5192 2950 5246 ei
2983 5193 3384 5248 sacrificaturus.

138 5268 376 5339 Ματέρων
407 5272 659 5324 τύπωσιν
708 5271 803 5324 καὶ
833 5271 994 5342 ἡμεῖς
1033 5271 1118 5339 ἐφ’
1153 5270 1393 5324 ἑκάστου
1427 5269 1538 5323 τῶν
1572 5271 1878 5343 ὀνομάτων,
1913 5275 2060 5348 άπερ
2125 5279 2186 5346 ἐξ
2257 5280 2421 5350 ὴμῶν
2471 5279 2731 5346 λαϐόντες
2795 5283 2906 5338 τῶν
2974 5286 3383 5340 ταπεινοτάτων

137 5363 476 5436 ἁνατιθέαμεν
501 5366 581 5435 τῷ
609 5365 753 5436 Θεῷ,
805 5365 1012 5436 μᾶλλον
1056 5365 1113 5418 δὲ
1143 5365 1403 5434 ὁσιοῦμεν
1429 5363 1579 5436 αύτῷ
1610 5367 1684 5420 τὰ
1721 5369 1956 5435 ἐκείνου,
1996 5371 2459 5446 ἐξαφαιρούμενοι
2493 5377 2592 5430 καὶ
2657 5377 2797 5448 μηδὲ
2845 5379 2928 5442 εἰς
2975 5378 3102 5432 νοῦν
3169 5379 3384 5448 λαμϐά-

136 5474 300 5522 νοντες
335 5463 392 5514 τὸ
427 5463 700 5515 ἀνοίκειον
735 5460 814 5532 τῷ
853 5460 994 5530 Θεῷ,
1041 5458 1219 5528 ὀρθῶς
1259 5459 1412 5530 αὐτῷ
1481 5461 1890 5534 προσφέρομενο
1942 5465 2133 5536 ὅμοιον
2200 5467 2278 5534 ὡς
2327 5471 2378 5524 ει
2429 5470 2526 5526 καὶ
2592 5473 2794 5542 ἱερεῖον
2855 5473 3240 5544 ἀποδείραντες
3287 5475 3385 5525 καὶ

136 5561 204 5621 εἰς
227 5561 512 5632 καθάρειον
541 5559 976 5624 ἀποπλύναντες,
1007 5557 1211 5626 θύομεν
1249 5559 1392 5612 κατὰ
1423 5558 1485 5612 τὸ
1515 5561 1687 5618 ὅσιον.

202 5653 309 5722 μγῖ
341 5657 684 5728 Δημιουργὺν
722 5655 858 5725 γοῦν
887 5657 1096 5708 ἐκεῖνον
1131 5655 1408 5725 καλοῦμεν
1438 5657 1536 5710 καὶ
1564 5673 1689 5728 τεχ-

1865 5656 1956 5712 45.
1997 5655 2260 5728 Opiﬁcem
2295 5658 2463 5732 igitur
2503 5675 2628 5718 eum
2661 5670 2716 5716 et
2748 5658 3012 5718 artiﬁcem
3069 5668 3123 5711 et
3165 5655 3379 5712 fabrum

134 5742 271 5813 νίῖην
320 5750 408 5800 καὶ
445 5749 790 5819 παντουργδν
825 5747 922 5800 κα)⁵
956 5747 1191 5817 ποιητὴν
1221 5746 1346 5800 κατ’
1374 5747 1526 5800 οὐδὲν
1557 5747 1687 5801 ἄλλο

1818 5759 1851 5804 ιι
1881 5751 2230 5807 conditorem
2264 5755 2610 5825 appellamus
2633 5755 2704 5807 ob
2732 5753 2782 5807 id
2813 5761 3022 5807 tantum
3059 5750 3382 5821 quod,sicut

135 5835 163 5900 ἧ
213 5838 359 5902 μόνον
403 5842 486 5893 ὃτι
535 5839 776 5910 παράγει
821 5839 1014 5910 ὥσπερ
1048 5841 1248 5892 ἐκεῖνοι
1299 5840 1578 5909 ἐπιμελῶς
1619 5841 1696 5906 τά,

1818 5844 1898 5908 lli,
1941 5859 2108 5914 opera
2145 5860 2242 5900 sua
2278 5847 2384 5900 rite
2412 5844 2749 5915 exsequitur.
2805 5843 2881 5898 Re
2927 5859 3051 5899 vera
3084 5843 3228 5899 enim
3267 5858 3377 5896 non

150 5930 278 5981 κατὰ
328 5935 457 6002 σφᾶς
498 5936 694 5997 αὐτοὺς
746 5934 904 6004 ἔργα,
941 5932 1084 5986 οῦτω
1130 5934 1224 5987 καὶ
1276 5933 1458 6002 αὐτὸς,
1507 5934 1567 5986 οὑ
1597 5934 1689 6003 δη-

1818 5938 1979 5994 ;olum
2009 5947 2158 5998 creat
2193 5946 2246 5998 et
2281 5953 2496 5996 summa
2546 5948 2664 6000 arte
2702 5939 2886 5994 omnia
2927 5935 3076 6009 facit,
3126 5936 3224 5997 sed
3255 5953 3378 6009 quae

807 6219 838 6226 ἢ
