  <div class='ocr_page' id='page_1' title='image "/cluster/home/n/w/nwhite01/storage/ocr_20150623/136/hvd.32044019208305/287.png"; bbox 0 0 3824 6546; ppageno 0'>
   <div class='ocr_carea' id='block_1_1' title="bbox 353 379 571 452">
    <p class='ocr_par' dir='ltr' id='par_1_1' title="bbox 353 379 571 452">
     <span class='ocr_line' id='line_1_1' title="bbox 353 379 571 452; baseline -0.005 -12"><span class='ocrx_word' id='word_1_1' title='bbox 353 447 359 452; x_wconf 64' lang='grc'><strong>,</strong></span> <span class='ocrx_word' id='word_1_2' title='bbox 467 379 571 442; x_wconf 60' lang='grc' dir='ltr'><strong>εις)</strong></span> 
     </span>
    </p>
   </div>
   <div class='ocr_carea' id='block_1_2' title="bbox 1141 377 3646 456">
    <p class='ocr_par' dir='ltr' id='par_1_2' title="bbox 1141 377 3646 456">
     <span class='ocr_line' id='line_1_2' title="bbox 1141 377 3646 456; baseline -0 -16"><span class='ocrx_word' id='word_1_3' title='bbox 1141 380 1564 442; x_wconf 75' lang='lat' dir='ltr'><strong>EUS’I‘ATHH</strong></span> <span class='ocrx_word' id='word_1_4' title='bbox 1605 377 2370 440; x_wconf 74' lang='lat' dir='ltr'><strong>THESSALONICENSIS</strong></span> <span class='ocrx_word' id='word_1_5' title='bbox 2409 379 2970 442; x_wconf 69' lang='lat' dir='ltr'><strong>METROPOLIT£</strong></span> <span class='ocrx_word' id='word_1_6' title='bbox 3565 390 3646 456; x_wconf 72' lang='lat'><strong>550</strong></span> 
     </span>
    </p>
   </div>
   <div class='ocr_carea' id='block_1_3' title="bbox 457 493 2037 576">
    <p class='ocr_par' dir='ltr' id='par_1_3' title="bbox 457 493 2036 566">
     <span class='ocr_line' id='line_1_3' title="bbox 457 493 2036 566; baseline -0.001 -16"><span class='ocrx_word' id='word_1_7' title='bbox 457 496 588 551; x_wconf 82' lang='lat' dir='ltr'><strong>iacit</strong></span> <span class='ocrx_word' id='word_1_8' title='bbox 617 495 872 566; x_wconf 79' lang='lat' dir='ltr'><strong>cognovit</strong></span> <span class='ocrx_word' id='word_1_9' title='bbox 889 503 942 549; x_wconf 92' lang='lat' dir='ltr'><strong>et</strong></span> <span class='ocrx_word' id='word_1_10' title='bbox 971 494 1024 548; x_wconf 91' lang='lat' dir='ltr'><strong>iu</strong></span> <span class='ocrx_word' id='word_1_11' title='bbox 1046 494 1254 549; x_wconf 87' lang='lat' dir='ltr'><strong>honore</strong></span> <span class='ocrx_word' id='word_1_12' title='bbox 1281 494 1464 561; x_wconf 81' lang='lat' dir='ltr'><strong>habet,</strong></span> <span class='ocrx_word' id='word_1_13' title='bbox 1486 493 1596 548; x_wconf 88' lang='lat' dir='ltr'><strong>imo</strong></span> <span class='ocrx_word' id='word_1_14' title='bbox 1617 493 1816 564; x_wconf 72' lang='lat' dir='ltr'><strong>diligit,</strong></span> <span class='ocrx_word' id='word_1_15' title='bbox 1848 507 2036 548; x_wconf 86' lang='lat' dir='ltr'><strong>amore</strong></span> 
     </span>
    </p>
   </div>
   <div class='ocr_carea' id='block_1_4' title="bbox 2145 493 3652 576">
    <p class='ocr_par' dir='ltr' id='par_1_4' title="bbox 2145 493 3652 576">
     <span class='ocr_line' id='line_1_4' title="bbox 2145 493 3652 576; baseline 0.003 -29"><span class='ocrx_word' id='word_1_16' title='bbox 2145 495 2417 566; x_wconf 86' lang='grc' dir='ltr'>μιουργῶν</span> <span class='ocrx_word' id='word_1_17' title='bbox 2461 496 2622 563; x_wconf 71' lang='grc' dir='ltr'>μνενον</span> <span class='ocrx_word' id='word_1_18' title='bbox 2673 497 2766 548; x_wconf 77' lang='grc' dir='ltr'>καὶ</span> <span class='ocrx_word' id='word_1_19' title='bbox 2803 493 3092 568; x_wconf 74' lang='grc' dir='ltr'><strong>σοφωτάτῃ</strong></span> <span class='ocrx_word' id='word_1_20' title='bbox 3137 497 3298 569; x_wconf 72' lang='grc' dir='ltr'>τέχνῃ</span> <span class='ocrx_word' id='word_1_21' title='bbox 3337 501 3497 556; x_wconf 82' lang='grc' dir='ltr'>πάντα</span> <span class='ocrx_word' id='word_1_22' title='bbox 3520 505 3652 576; x_wconf 66' lang='grc' dir='ltr'>ἔργα.</span> 
     </span>
    </p>
   </div>
   <div class='ocr_carea' id='block_1_5' title="bbox 451 585 2029 663">
    <p class='ocr_par' dir='ltr' id='par_1_5' title="bbox 451 585 2029 663">
     <span class='ocr_line' id='line_1_5' title="bbox 451 585 2029 663; baseline -0.004 -20"><span class='ocrx_word' id='word_1_23' title='bbox 451 587 837 657; x_wconf 90' lang='lat' dir='ltr'><strong>complectitur</strong></span> <span class='ocrx_word' id='word_1_24' title='bbox 859 594 913 641; x_wconf 77' lang='lat' dir='ltr'><strong>et</strong></span> <span class='ocrx_word' id='word_1_25' title='bbox 947 586 1017 642; x_wconf 88' lang='lat' dir='ltr'><strong>iis</strong></span> <span class='ocrx_word' id='word_1_26' title='bbox 1045 585 1313 663; x_wconf 78' lang='lat' dir='ltr'><strong>providet.</strong></span> <span class='ocrx_word' id='word_1_27' title='bbox 1374 585 1813 641; x_wconf 79' lang='lat' dir='ltr'><strong>Gubernatorem</strong></span> <span class='ocrx_word' id='word_1_28' title='bbox 1845 592 2029 640; x_wconf 81' lang='lat' dir='ltr'><strong>autem</strong></span> 
     </span>
    </p>
   </div>
   <div class='ocr_carea' id='block_1_6' title="bbox 454 676 2026 748">
    <p class='ocr_par' dir='ltr' id='par_1_6' title="bbox 454 676 2026 748">
     <span class='ocr_line' id='line_1_6' title="bbox 454 676 2026 748; baseline -0.004 -12"><span class='ocrx_word' id='word_1_29' title='bbox 454 681 623 736; x_wconf 86' lang='lat' dir='ltr'><strong>Deum</strong></span> <span class='ocrx_word' id='word_1_30' title='bbox 653 679 1025 745; x_wconf 88' lang='lat' dir='ltr'><strong>nominamus,</strong></span> <span class='ocrx_word' id='word_1_31' title='bbox 1043 677 1240 748; x_wconf 74' lang='lat' dir='ltr'><strong>navigii</strong></span> <span class='ocrx_word' id='word_1_32' title='bbox 1269 691 1462 748; x_wconf 86' lang='lat' dir='ltr'><strong>nempe</strong></span> <span class='ocrx_word' id='word_1_33' title='bbox 1495 676 1783 742; x_wconf 85' lang='lat' dir='ltr'><strong>mundani,</strong></span> <span class='ocrx_word' id='word_1_34' title='bbox 1812 677 1905 732; x_wconf 90' lang='lat' dir='ltr'><strong>sed</strong></span> <span class='ocrx_word' id='word_1_35' title='bbox 1933 676 2026 746; x_wconf 82' lang='lat' dir='ltr'><strong>qui</strong></span> 
     </span>
    </p>
   </div>
   <div class='ocr_carea' id='block_1_7' title="bbox 456 767 2024 842">
    <p class='ocr_par' dir='ltr' id='par_1_7' title="bbox 456 767 2024 842">
     <span class='ocr_line' id='line_1_7' title="bbox 456 767 2024 842; baseline -0.003 -15"><span class='ocrx_word' id='word_1_36' title='bbox 456 783 699 828; x_wconf 85' lang='lat' dir='ltr'><strong>nostram</strong></span> <span class='ocrx_word' id='word_1_37' title='bbox 738 786 959 842; x_wconf 90' lang='lat' dir='ltr'><strong>quoque</strong></span> <span class='ocrx_word' id='word_1_38' title='bbox 989 770 1290 825; x_wconf 81' lang='lat' dir='ltr'><strong>naviculam</strong></span> <span class='ocrx_word' id='word_1_39' title='bbox 1324 784 1422 840; x_wconf 93' lang='lat' dir='ltr'><strong>pro</strong></span> <span class='ocrx_word' id='word_1_40' title='bbox 1453 768 1686 824; x_wconf 86' lang='lat' dir='ltr'><strong>scientia</strong></span> <span class='ocrx_word' id='word_1_41' title='bbox 1727 783 1790 823; x_wconf 85' lang='lat' dir='ltr'><strong>ac</strong></span> <span class='ocrx_word' id='word_1_42' title='bbox 1828 767 2024 823; x_wconf 87' lang='lat' dir='ltr'><strong>volnu—</strong></span> 
     </span>
    </p>
   </div>
   <div class='ocr_carea' id='block_1_8' title="bbox 456 857 2036 932">
    <p class='ocr_par' dir='ltr' id='par_1_8' title="bbox 456 857 2036 932">
     <span class='ocr_line' id='line_1_8' title="bbox 456 857 2036 932; baseline -0.003 -16"><span class='ocrx_word' id='word_1_43' title='bbox 456 871 568 918; x_wconf 88' lang='lat' dir='ltr'><strong>tate</strong></span> <span class='ocrx_word' id='word_1_44' title='bbox 607 877 704 918; x_wconf 93' lang='lat' dir='ltr'><strong>sua</strong></span> <span class='ocrx_word' id='word_1_45' title='bbox 741 877 839 932; x_wconf 89' lang='lat' dir='ltr'><strong>per</strong></span> <span class='ocrx_word' id='word_1_46' title='bbox 879 860 1051 915; x_wconf 88' lang='lat' dir='ltr'><strong>undas</strong></span> <span class='ocrx_word' id='word_1_47' title='bbox 1091 859 1302 930; x_wconf 76' lang='lat' dir='ltr'><strong>dirigit,</strong></span> <span class='ocrx_word' id='word_1_48' title='bbox 1355 871 1670 930; x_wconf 82' lang='lat' dir='ltr'><strong>quanquam</strong></span> <span class='ocrx_word' id='word_1_49' title='bbox 1719 857 1884 929; x_wconf 90' lang='lat' dir='ltr'><strong>aliqui</strong></span> <span class='ocrx_word' id='word_1_50' title='bbox 1937 872 2036 912; x_wconf 88' lang='lat' dir='ltr'><strong>no—</strong></span> 
     </span>
    </p>
   </div>
   <div class='ocr_carea' id='block_1_9' title="bbox 461 949 2040 1024">
    <p class='ocr_par' dir='ltr' id='par_1_9' title="bbox 461 949 2040 1024">
     <span class='ocr_line' id='line_1_9' title="bbox 461 949 2040 1024; baseline -0.003 -13"><span class='ocrx_word' id='word_1_51' title='bbox 461 966 661 1022; x_wconf 87' lang='lat' dir='ltr'><strong>strum,</strong></span> <span class='ocrx_word' id='word_1_52' title='bbox 691 961 874 1024; x_wconf 90' lang='lat' dir='ltr'><strong>spreta</strong></span> <span class='ocrx_word' id='word_1_53' title='bbox 909 952 1056 1008; x_wconf 88' lang='lat' dir='ltr'><strong>illius</strong></span> <span class='ocrx_word' id='word_1_54' title='bbox 1077 960 1197 1007; x_wconf 89' lang='lat' dir='ltr'><strong>arte</strong></span> <span class='ocrx_word' id='word_1_55' title='bbox 1235 951 1640 1023; x_wconf 69' lang='lat' dir='ltr'><strong>gnbernatoria,</strong></span> <span class='ocrx_word' id='word_1_56' title='bbox 1694 949 1820 1005; x_wconf 72' lang='lat' dir='ltr'><strong>vita:</strong></span> <span class='ocrx_word' id='word_1_57' title='bbox 1874 949 2040 1006; x_wconf 84' lang='lat' dir='ltr'><strong>nudis</strong></span> 
     </span>
    </p>
   </div>
   <div class='ocr_carea' id='block_1_10' title="bbox 455 1038 2038 1114">
    <p class='ocr_par' dir='ltr' id='par_1_10' title="bbox 455 1038 2038 1114">
     <span class='ocr_line' id='line_1_10' title="bbox 455 1038 2038 1114; baseline -0.006 -14"><span class='ocrx_word' id='word_1_58' title='bbox 455 1045 774 1102; x_wconf 88' lang='lat' dir='ltr'><strong>decumanis</strong></span> <span class='ocrx_word' id='word_1_59' title='bbox 810 1042 1005 1114; x_wconf 76' lang='lat' dir='ltr'><strong>agitari</strong></span> <span class='ocrx_word' id='word_1_60' title='bbox 1042 1042 1270 1108; x_wconf 87' lang='lat' dir='ltr'><strong>malunt,</strong></span> <span class='ocrx_word' id='word_1_61' title='bbox 1296 1048 1350 1096; x_wconf 83' lang='lat' dir='ltr'><strong>et</strong></span> <span class='ocrx_word' id='word_1_62' title='bbox 1375 1054 1501 1096; x_wconf 91' lang='lat' dir='ltr'><strong>cum</strong></span> <span class='ocrx_word' id='word_1_63' title='bbox 1531 1039 1770 1110; x_wconf 88' lang='lat' dir='ltr'><strong>scopulis</strong></span> <span class='ocrx_word' id='word_1_64' title='bbox 1799 1053 1861 1094; x_wconf 85' lang='lat' dir='ltr'><strong>ac</strong></span> <span class='ocrx_word' id='word_1_65' title='bbox 1885 1038 2038 1094; x_wconf 75' lang='lat' dir='ltr'><strong>saxis</strong></span> 
     </span>
    </p>
   </div>
   <div class='ocr_carea' id='block_1_11' title="bbox 457 1130 2039 1205">
    <p class='ocr_par' dir='ltr' id='par_1_11' title="bbox 457 1130 2039 1205">
     <span class='ocr_line' id='line_1_11' title="bbox 457 1130 2039 1205; baseline -0.004 -14"><span class='ocrx_word' id='word_1_66' title='bbox 457 1139 726 1192; x_wconf 87' lang='lat' dir='ltr'><strong>luctantes</strong></span> <span class='ocrx_word' id='word_1_67' title='bbox 771 1135 929 1205; x_wconf 87' lang='lat' dir='ltr'><strong>aquis</strong></span> <span class='ocrx_word' id='word_1_68' title='bbox 995 1133 1325 1188; x_wconf 84' lang='lat' dir='ltr'><strong>obruuntur.</strong></span> <span class='ocrx_word' id='word_1_69' title='bbox 1371 1131 1511 1186; x_wconf 87' lang='lat' dir='ltr'><strong>Dum</strong></span> <span class='ocrx_word' id='word_1_70' title='bbox 1568 1132 1711 1186; x_wconf 87' lang='lat' dir='ltr'><strong>enim</strong></span> <span class='ocrx_word' id='word_1_71' title='bbox 1773 1145 1802 1184; x_wconf 87' lang='lat' dir='ltr'><strong>a</strong></span> <span class='ocrx_word' id='word_1_72' title='bbox 1862 1130 2039 1199; x_wconf 88' lang='lat' dir='ltr'><strong>lapide</strong></span> 
     </span>
    </p>
   </div>
   <div class='ocr_carea' id='block_1_12' title="bbox 459 1223 2040 1299">
    <p class='ocr_par' dir='ltr' id='par_1_12' title="bbox 459 1223 2040 1299">
     <span class='ocr_line' id='line_1_12' title="bbox 459 1223 2040 1299; baseline -0.004 -17"><span class='ocrx_word' id='word_1_73' title='bbox 459 1226 708 1299; x_wconf 74' lang='lat' dir='ltr'><strong>angulari</strong></span> <span class='ocrx_word' id='word_1_74' title='bbox 735 1224 998 1297; x_wconf 84' lang='lat' dir='ltr'><strong>quidquid</strong></span> <span class='ocrx_word' id='word_1_75' title='bbox 1045 1223 1384 1296; x_wconf 85' lang='lat' dir='ltr'><strong>superﬂuum</strong></span> <span class='ocrx_word' id='word_1_76' title='bbox 1419 1232 1526 1289; x_wconf 88' lang='lat' dir='ltr'><strong>est,</strong></span> <span class='ocrx_word' id='word_1_77' title='bbox 1570 1223 1957 1286; x_wconf 86' lang='lat' dir='ltr'><strong>rescindimus,</strong></span> <span class='ocrx_word' id='word_1_78' title='bbox 1987 1223 2040 1276; x_wconf 87' lang='lat' dir='ltr'><strong>id</strong></span> 
     </span>
    </p>
   </div>
   <div class='ocr_carea' id='block_1_13' title="bbox 461 1317 2036 1387">
    <p class='ocr_par' dir='ltr' id='par_1_13' title="bbox 461 1317 2036 1387">
     <span class='ocr_line' id='line_1_13' title="bbox 461 1317 2036 1387; baseline -0.003 -13"><span class='ocrx_word' id='word_1_79' title='bbox 461 1329 669 1376; x_wconf 81' lang='lat' dir='ltr'><strong>taiitnm</strong></span> <span class='ocrx_word' id='word_1_80' title='bbox 702 1334 1098 1376; x_wconf 85' lang='lat' dir='ltr'><strong>conservamus</strong></span> <span class='ocrx_word' id='word_1_81' title='bbox 1129 1317 1274 1387; x_wconf 79' lang='lat' dir='ltr'><strong>quod</strong></span> <span class='ocrx_word' id='word_1_82' title='bbox 1308 1319 1547 1371; x_wconf 87' lang='lat' dir='ltr'><strong>animum</strong></span> <span class='ocrx_word' id='word_1_83' title='bbox 1579 1331 1770 1372; x_wconf 76' lang='lat' dir='ltr'><strong>versus</strong></span> <span class='ocrx_word' id='word_1_84' title='bbox 1795 1317 2036 1371; x_wconf 69' lang='lat' dir='ltr'><strong>coelestia</strong></span> 
     </span>
    </p>
   </div>
   <div class='ocr_carea' id='block_1_14' title="bbox 458 1410 2036 1475">
    <p class='ocr_par' dir='ltr' id='par_1_14' title="bbox 458 1410 2036 1475">
     <span class='ocr_line' id='line_1_14' title="bbox 458 1410 2036 1475; baseline -0.005 -7"><span class='ocrx_word' id='word_1_85' title='bbox 458 1431 522 1471; x_wconf 85' lang='lat' dir='ltr'><strong>ac</strong></span> <span class='ocrx_word' id='word_1_86' title='bbox 557 1414 739 1469; x_wconf 85' lang='lat' dir='ltr'><strong>divina</strong></span> <span class='ocrx_word' id='word_1_87' title='bbox 772 1413 930 1469; x_wconf 92' lang='lat' dir='ltr'><strong>tollit.</strong></span> <span class='ocrx_word' id='word_1_88' title='bbox 964 1411 1219 1468; x_wconf 82' lang='lat' dir='ltr'><strong>Christus</strong></span> <span class='ocrx_word' id='word_1_89' title='bbox 1247 1412 1389 1465; x_wconf 86' lang='lat' dir='ltr'><strong>enim</strong></span> <span class='ocrx_word' id='word_1_90' title='bbox 1416 1410 1686 1475; x_wconf 77' lang='lat' dir='ltr'><strong>Salvator,</strong></span> <span class='ocrx_word' id='word_1_91' title='bbox 1717 1420 2036 1464; x_wconf 84' lang='lat' dir='ltr'><strong>naturarum</strong></span> 
     </span>
    </p>
   </div>
   <div class='ocr_carea' id='block_1_15' title="bbox 451 1501 2038 1573">
    <p class='ocr_par' dir='ltr' id='par_1_15' title="bbox 451 1501 2038 1573">
     <span class='ocr_line' id='line_1_15' title="bbox 451 1501 2038 1573; baseline -0.004 -13"><span class='ocrx_word' id='word_1_92' title='bbox 451 1506 781 1560; x_wconf 82' lang='lat' dir='ltr'><strong>distantium</strong></span> <span class='ocrx_word' id='word_1_93' title='bbox 822 1503 978 1573; x_wconf 87' lang='lat' dir='ltr'><strong>quasi</strong></span> <span class='ocrx_word' id='word_1_94' title='bbox 1017 1502 1280 1558; x_wconf 73' lang='lat' dir='ltr'><strong>nitentium</strong></span> <span class='ocrx_word' id='word_1_95' title='bbox 1301 1502 1568 1556; x_wconf 88' lang='lat' dir='ltr'><strong>mediator</strong></span> <span class='ocrx_word' id='word_1_96' title='bbox 1602 1502 1799 1564; x_wconf 82' lang='lat' dir='ltr'><strong>factus,</strong></span> <span class='ocrx_word' id='word_1_97' title='bbox 1825 1501 1946 1554; x_wconf 89' lang='lat' dir='ltr'><strong>illas</strong></span> <span class='ocrx_word' id='word_1_98' title='bbox 1982 1501 2038 1554; x_wconf 90' lang='lat' dir='ltr'><strong>in</strong></span> 
     </span>
    </p>
   </div>
   <div class='ocr_carea' id='block_1_16' title="bbox 465 1594 2037 1667">
    <p class='ocr_par' dir='ltr' id='par_1_16' title="bbox 465 1594 2037 1667">
     <span class='ocr_line' id='line_1_16' title="bbox 465 1594 2037 1667; baseline -0.004 -15"><span class='ocrx_word' id='word_1_99' title='bbox 465 1614 633 1655; x_wconf 91' lang='lat' dir='ltr'><strong>unum</strong></span> <span class='ocrx_word' id='word_1_100' title='bbox 677 1597 835 1667; x_wconf 89' lang='lat' dir='ltr'><strong>quasi</strong></span> <span class='ocrx_word' id='word_1_101' title='bbox 889 1609 1090 1665; x_wconf 86' lang='lat' dir='ltr'><strong>corpus</strong></span> <span class='ocrx_word' id='word_1_102' title='bbox 1117 1595 1358 1661; x_wconf 80' lang='lat' dir='ltr'><strong>adnuat;</strong></span> <span class='ocrx_word' id='word_1_103' title='bbox 1391 1609 1514 1664; x_wconf 65' lang='lat' dir='ltr'><strong>quae</strong></span> <span class='ocrx_word' id='word_1_104' title='bbox 1562 1609 1685 1648; x_wconf 81' lang='lat' dir='ltr'><strong>cum</strong></span> <span class='ocrx_word' id='word_1_105' title='bbox 1737 1594 2037 1648; x_wconf 87' lang='lat' dir='ltr'><strong>secundum</strong></span> 
     </span>
    </p>
   </div>
   <div class='ocr_carea' id='block_1_17' title="bbox 458 1685 2034 1760">
    <p class='ocr_par' dir='ltr' id='par_1_17' title="bbox 458 1685 2034 1760">
     <span class='ocr_line' id='line_1_17' title="bbox 458 1685 2034 1760; baseline -0.004 -16"><span class='ocrx_word' id='word_1_106' title='bbox 458 1689 699 1760; x_wconf 75' lang='lat' dir='ltr'><strong>gentium</strong></span> <span class='ocrx_word' id='word_1_107' title='bbox 733 1703 797 1743; x_wconf 90' lang='lat' dir='ltr'><strong>ac</strong></span> <span class='ocrx_word' id='word_1_108' title='bbox 831 1687 1161 1758; x_wconf 87' lang='lat' dir='ltr'><strong>populorum</strong></span> <span class='ocrx_word' id='word_1_109' title='bbox 1201 1685 1420 1756; x_wconf 82' lang='lat' dir='ltr'><strong>ingenia</strong></span> <span class='ocrx_word' id='word_1_110' title='bbox 1472 1685 1705 1740; x_wconf 67' lang='lat' dir='ltr'><strong>diversae</strong></span> <span class='ocrx_word' id='word_1_111' title='bbox 1739 1690 2034 1754; x_wconf 79' lang='lat' dir='ltr'><strong>apparent,</strong></span> 
     </span>
    </p>
   </div>
   <div class='ocr_carea' id='block_1_18' title="bbox 458 1777 2036 1850">
    <p class='ocr_par' dir='ltr' id='par_1_18' title="bbox 458 1777 2036 1850">
     <span class='ocr_line' id='line_1_18' title="bbox 458 1777 2036 1850; baseline -0.003 -15"><span class='ocrx_word' id='word_1_112' title='bbox 458 1798 564 1836; x_wconf 88' lang='lat' dir='ltr'><strong>non</strong></span> <span class='ocrx_word' id='word_1_113' title='bbox 626 1781 820 1837; x_wconf 90' lang='lat' dir='ltr'><strong>eodem</strong></span> <span class='ocrx_word' id='word_1_114' title='bbox 890 1779 1263 1850; x_wconf 79' lang='lat' dir='ltr'><strong>diriguntur;</strong></span> <span class='ocrx_word' id='word_1_115' title='bbox 1330 1794 1426 1850; x_wconf 90' lang='lat' dir='ltr'><strong>per</strong></span> <span class='ocrx_word' id='word_1_116' title='bbox 1492 1777 1792 1834; x_wconf 84' lang='lat' dir='ltr'><strong>Salvatoris</strong></span> <span class='ocrx_word' id='word_1_117' title='bbox 1854 1787 2036 1832; x_wconf 85' lang='lat' dir='ltr'><strong>autem</strong></span> 
     </span>
    </p>
   </div>
   <div class='ocr_carea' id='block_1_19' title="bbox 2141 584 3650 658">
    <p class='ocr_par' dir='ltr' id='par_1_19' title="bbox 2141 584 3650 658">
     <span class='ocr_line' id='line_1_19' title="bbox 2141 584 3650 658; baseline 0.006 -19"><span class='ocrx_word' id='word_1_118' title='bbox 2141 586 2366 656; x_wconf 76' lang='grc' dir='ltr'>ζόμενος</span> <span class='ocrx_word' id='word_1_119' title='bbox 2399 587 2493 640; x_wconf 72' lang='grc' dir='ltr'>καὶ</span> <span class='ocrx_word' id='word_1_120' title='bbox 2533 587 2724 650; x_wconf 85' lang='grc' dir='ltr'>ποιῶν,</span> <span class='ocrx_word' id='word_1_121' title='bbox 2753 584 2890 639; x_wconf 82' lang='grc' dir='ltr'><strong>ἀλλά</strong></span> <span class='ocrx_word' id='word_1_122' title='bbox 2941 585 3038 640; x_wconf 74' lang='grc' dir='ltr'>καὶ</span> <span class='ocrx_word' id='word_1_123' title='bbox 3086 584 3176 639; x_wconf 85' lang='grc' dir='ltr'><strong>διὰ</strong></span> <span class='ocrx_word' id='word_1_124' title='bbox 3207 587 3368 658; x_wconf 81' lang='grc' dir='ltr'>τιμῆς</span> <span class='ocrx_word' id='word_1_125' title='bbox 3412 591 3542 657; x_wconf 74' lang='grc' dir='ltr'>ἄγων</span> <span class='ocrx_word' id='word_1_126' title='bbox 3579 600 3650 648; x_wconf 85' lang='grc' dir='ltr'>καὶ</span> 
     </span>
    </p>
   </div>
   <div class='ocr_carea' id='block_1_20' title="bbox 2141 677 3651 750">
    <p class='ocr_par' dir='ltr' id='par_1_20' title="bbox 2141 677 3651 750">
     <span class='ocr_line' id='line_1_20' title="bbox 2141 677 3651 750; baseline 0.005 -18"><span class='ocrx_word' id='word_1_127' title='bbox 2141 678 2410 732; x_wconf 88' lang='grc' dir='ltr'>συνιστῶν</span> <span class='ocrx_word' id='word_1_128' title='bbox 2430 677 2500 732; x_wconf 81' lang='grc' dir='ltr'><strong>τά</strong></span> <span class='ocrx_word' id='word_1_129' title='bbox 2529 678 2893 749; x_wconf 72' lang='grc' dir='ltr'>εἰργασμένα,</span> <span class='ocrx_word' id='word_1_130' title='bbox 2920 679 3018 732; x_wconf 75' lang='grc' dir='ltr'>καὶ</span> <span class='ocrx_word' id='word_1_131' title='bbox 3053 677 3242 749; x_wconf 79' lang='grc' dir='ltr'>φιλῶν,</span> <span class='ocrx_word' id='word_1_132' title='bbox 3268 679 3362 732; x_wconf 67' lang='grc' dir='ltr'><strong>καὶ</strong></span> <span class='ocrx_word' id='word_1_133' title='bbox 3383 687 3651 750; x_wconf 65' lang='grc' dir='ltr'>περιπυιού-</span> 
     </span>
    </p>
   </div>
   <div class='ocr_carea' id='block_1_21' title="bbox 2143 767 3652 847">
    <p class='ocr_par' dir='ltr' id='par_1_21' title="bbox 2143 767 3652 847">
     <span class='ocr_line' id='line_1_21' title="bbox 2143 767 3652 847; baseline 0.007 -26"><span class='ocrx_word' id='word_1_134' title='bbox 2143 785 2327 839; x_wconf 85' lang='grc' dir='ltr'>μενος,</span> <span class='ocrx_word' id='word_1_135' title='bbox 2375 770 2470 823; x_wconf 70' lang='grc' dir='ltr'>καὶ</span> <span class='ocrx_word' id='word_1_136' title='bbox 2519 769 2782 842; x_wconf 80' lang='grc' dir='ltr'><strong>προνοίας</strong></span> <span class='ocrx_word' id='word_1_137' title='bbox 2829 770 3088 834; x_wconf 74' lang='grc' dir='ltr'>παντοίας</span> <span class='ocrx_word' id='word_1_138' title='bbox 3130 767 3308 837; x_wconf 79' lang='grc' dir='ltr'>ἀξιῶν.</span> <span class='ocrx_word' id='word_1_139' title='bbox 3346 772 3652 847; x_wconf 64' lang='grc' dir='ltr'>κυϐερνήτην</span> 
     </span>
    </p>
   </div>
   <div class='ocr_carea' id='block_1_22' title="bbox 2138 857 3650 938">
    <p class='ocr_par' dir='ltr' id='par_1_22' title="bbox 2138 857 3650 938">
     <span class='ocr_line' id='line_1_22' title="bbox 2138 857 3650 938; baseline 0.006 -26"><span class='ocrx_word' id='word_1_140' title='bbox 2138 859 2196 912; x_wconf 75' lang='grc' dir='ltr'><strong>δέ</strong></span> <span class='ocrx_word' id='word_1_141' title='bbox 2247 877 2430 930; x_wconf 84' lang='grc' dir='ltr'>φαμεν</span> <span class='ocrx_word' id='word_1_142' title='bbox 2467 857 2560 914; x_wconf 76' lang='grc' dir='ltr'><strong>τδν</strong></span> <span class='ocrx_word' id='word_1_143' title='bbox 2609 860 2775 914; x_wconf 73' lang='grc' dir='ltr'>αὐτὸν</span> <span class='ocrx_word' id='word_1_144' title='bbox 2808 860 2981 927; x_wconf 77' lang='grc' dir='ltr'>Θεὸν,</span> <span class='ocrx_word' id='word_1_145' title='bbox 3036 863 3110 926; x_wconf 82' lang='grc' dir='ltr'>ὡς</span> <span class='ocrx_word' id='word_1_146' title='bbox 3163 861 3258 916; x_wconf 81' lang='grc' dir='ltr'><strong>τοῦ</strong></span> <span class='ocrx_word' id='word_1_147' title='bbox 3296 863 3433 918; x_wconf 81' lang='grc' dir='ltr'>κατὰ</span> <span class='ocrx_word' id='word_1_148' title='bbox 3482 867 3650 938; x_wconf 83' lang='grc' dir='ltr'>κόσμον</span> 
     </span>
    </p>
   </div>
   <div class='ocr_carea' id='block_1_23' title="bbox 2143 951 3654 1024">
    <p class='ocr_par' dir='ltr' id='par_1_23' title="bbox 2143 951 3654 1024">
     <span class='ocr_line' id='line_1_23' title="bbox 2143 951 3654 1024; baseline 0.005 -19"><span class='ocrx_word' id='word_1_149' title='bbox 2143 951 2388 1021; x_wconf 82' lang='grc' dir='ltr'>σκάφους</span> <span class='ocrx_word' id='word_1_150' title='bbox 2421 969 2509 1020; x_wconf 86' lang='grc' dir='ltr'><strong>γε,</strong></span> <span class='ocrx_word' id='word_1_151' title='bbox 2555 953 2652 1008; x_wconf 74' lang='grc' dir='ltr'>καὶ</span> <span class='ocrx_word' id='word_1_152' title='bbox 2687 953 2797 1007; x_wconf 86' lang='grc' dir='ltr'><strong>τῶν</strong></span> <span class='ocrx_word' id='word_1_153' title='bbox 2829 951 2956 1008; x_wconf 82' lang='grc' dir='ltr'>καθ’</span> <span class='ocrx_word' id='word_1_154' title='bbox 2996 953 3144 1024; x_wconf 76' lang='grc' dir='ltr'>ἡμᾶς</span> <span class='ocrx_word' id='word_1_155' title='bbox 3179 953 3245 1008; x_wconf 74' lang='grc' dir='ltr'>δι’</span> <span class='ocrx_word' id='word_1_156' title='bbox 3269 954 3489 1009; x_wconf 80' lang='grc' dir='ltr'><strong>ἁλιάδων</strong></span> <span class='ocrx_word' id='word_1_157' title='bbox 3537 957 3654 1012; x_wconf 76' lang='grc' dir='ltr'>ἰθυν-</span> 
     </span>
    </p>
   </div>
   <div class='ocr_carea' id='block_1_24' title="bbox 2138 1042 3652 1115">
    <p class='ocr_par' dir='ltr' id='par_1_24' title="bbox 2138 1042 3652 1115">
     <span class='ocr_line' id='line_1_24' title="bbox 2138 1042 3652 1115; baseline 0.001 -19"><span class='ocrx_word' id='word_1_158' title='bbox 2138 1045 2282 1114; x_wconf 78' lang='grc' dir='ltr'>τῆρα</span> <span class='ocrx_word' id='word_1_159' title='bbox 2327 1043 2470 1097; x_wconf 77' lang='grc' dir='ltr'>κατὰ</span> <span class='ocrx_word' id='word_1_160' title='bbox 2510 1042 2612 1114; x_wconf 79' lang='grc' dir='ltr'>τὴν</span> <span class='ocrx_word' id='word_1_161' title='bbox 2651 1042 2818 1098; x_wconf 80' lang='grc' dir='ltr'>αὐτοῦ</span> <span class='ocrx_word' id='word_1_162' title='bbox 2848 1045 2946 1098; x_wconf 74' lang='grc' dir='ltr'>καὶ</span> <span class='ocrx_word' id='word_1_163' title='bbox 2989 1045 3300 1115; x_wconf 71' lang='grc' dir='ltr'><strong>ἐπιστήμην</strong></span> <span class='ocrx_word' id='word_1_164' title='bbox 3328 1045 3420 1097; x_wconf 64' lang='grc' dir='ltr'><strong>καὶ⁵</strong></span> <span class='ocrx_word' id='word_1_165' title='bbox 3443 1044 3652 1115; x_wconf 76' lang='grc' dir='ltr'><strong>θέλησιν·</strong></span> 
     </span>
    </p>
   </div>
   <div class='ocr_carea' id='block_1_25' title="bbox 2142 1133 3651 1206">
    <p class='ocr_par' dir='ltr' id='par_1_25' title="bbox 2142 1133 3651 1206">
     <span class='ocr_line' id='line_1_25' title="bbox 2142 1133 3651 1206; baseline 0.004 -21"><span class='ocrx_word' id='word_1_166' title='bbox 2142 1134 2191 1186; x_wconf 80' lang='grc' dir='ltr'><strong>εί</strong></span> <span class='ocrx_word' id='word_1_167' title='bbox 2221 1133 2316 1187; x_wconf 90' lang='grc' dir='ltr'><strong>καί</strong></span> <span class='ocrx_word' id='word_1_168' title='bbox 2352 1151 2499 1198; x_wconf 78' lang='grc' dir='ltr'>τινες</span> <span class='ocrx_word' id='word_1_169' title='bbox 2534 1134 2690 1204; x_wconf 77' lang='grc' dir='ltr'>ἡμῶν</span> <span class='ocrx_word' id='word_1_170' title='bbox 2738 1133 3184 1205; x_wconf 78' lang='grc' dir='ltr'>παρανομοῦντες</span> <span class='ocrx_word' id='word_1_171' title='bbox 3211 1133 3309 1206; x_wconf 76' lang='grc' dir='ltr'>τὴν</span> <span class='ocrx_word' id='word_1_172' title='bbox 3341 1135 3530 1189; x_wconf 75' lang='grc' dir='ltr'>ἐκεῖθεν</span> <span class='ocrx_word' id='word_1_173' title='bbox 3562 1139 3651 1190; x_wconf 83' lang='grc' dir='ltr'>οἱα-</span> 
     </span>
    </p>
   </div>
   <div class='ocr_carea' id='block_1_26' title="bbox 2140 1225 3654 1300">
    <p class='ocr_par' dir='ltr' id='par_1_26' title="bbox 2140 1225 3654 1300">
     <span class='ocr_line' id='line_1_26' title="bbox 2140 1225 3654 1300; baseline 0.002 -21"><span class='ocrx_word' id='word_1_174' title='bbox 2140 1225 2421 1297; x_wconf 82' lang='grc' dir='ltr'>κιστικὴν,</span> <span class='ocrx_word' id='word_1_175' title='bbox 2441 1228 2537 1282; x_wconf 78' lang='grc' dir='ltr'>καὶ</span> <span class='ocrx_word' id='word_1_176' title='bbox 2557 1227 2674 1295; x_wconf 84' lang='grc' dir='ltr'>βίου</span> <span class='ocrx_word' id='word_1_177' title='bbox 2693 1228 2759 1280; x_wconf 93' lang='grc' dir='ltr'><strong>κύ</strong></span> <span class='ocrx_word' id='word_1_178' title='bbox 2769 1244 2902 1298; x_wconf 79' lang='grc' dir='ltr'>μασι</span> <span class='ocrx_word' id='word_1_179' title='bbox 2940 1226 3360 1300; x_wconf 80' lang='grc' dir='ltr'>προαιρούμενοι</span> <span class='ocrx_word' id='word_1_180' title='bbox 3386 1227 3654 1293; x_wconf 77' lang='grc' dir='ltr'>πλάζεσθαι,</span> 
     </span>
    </p>
   </div>
   <div class='ocr_carea' id='block_1_27' title="bbox 2141 1319 3658 1393">
    <p class='ocr_par' dir='ltr' id='par_1_27' title="bbox 2141 1319 3658 1393">
     <span class='ocr_line' id='line_1_27' title="bbox 2141 1319 3658 1393; baseline 0.005 -23"><span class='ocrx_word' id='word_1_181' title='bbox 2141 1320 2360 1390; x_wconf 87' lang='grc' dir='ltr'>χοιράσι</span> <span class='ocrx_word' id='word_1_182' title='bbox 2411 1319 2507 1373; x_wconf 77' lang='grc' dir='ltr'>καὶ</span> <span class='ocrx_word' id='word_1_183' title='bbox 2563 1320 2781 1390; x_wconf 79' lang='grc' dir='ltr'>ῥαχίαις</span> <span class='ocrx_word' id='word_1_184' title='bbox 2839 1321 2989 1390; x_wconf 77' lang='grc' dir='ltr'>ἡμᾶς</span> <span class='ocrx_word' id='word_1_185' title='bbox 3034 1319 3236 1384; x_wconf 74' lang='grc' dir='ltr'>αὐτοὺς</span> <span class='ocrx_word' id='word_1_186' title='bbox 3260 1322 3658 1393; x_wconf 72' lang='grc' dir='ltr'>προσαράσσομεν</span> 
     </span>
    </p>
   </div>
   <div class='ocr_carea' id='block_1_28' title="bbox 2142 1397 3658 1484">
    <p class='ocr_par' dir='ltr' id='par_1_28' title="bbox 2142 1397 3658 1484">
     <span class='ocr_line' id='line_1_28' title="bbox 2142 1397 3658 1484; baseline 0.003 -21"><span class='ocrx_word' id='word_1_187' title='bbox 2142 1412 2226 1474; x_wconf 85' lang='grc' dir='ltr'><strong>είς</strong></span> <span class='ocrx_word' id='word_1_188' title='bbox 2258 1411 2550 1464; x_wconf 81' lang='grc' dir='ltr'>ἀπώλειαν</span> <span class='ocrx_word' id='word_1_189' title='bbox 2572 1427 2587 1442; x_wconf 78' lang='grc' dir='ltr'><strong>ο</strong></span> <span class='ocrx_word' id='word_1_190' title='bbox 2619 1413 2716 1465; x_wconf 73' lang='grc' dir='ltr'>καὶ</span> <span class='ocrx_word' id='word_1_191' title='bbox 2745 1411 2898 1464; x_wconf 88' lang='grc' dir='ltr'>λίθου</span> <span class='ocrx_word' id='word_1_192' title='bbox 2943 1411 3001 1464; x_wconf 69' lang='grc' dir='ltr'>δὲ</span> <span class='ocrx_word' id='word_1_193' title='bbox 3026 1411 3230 1482; x_wconf 78' lang='grc' dir='ltr'>ὁμοίως</span> <span class='ocrx_word' id='word_1_194' title='bbox 3272 1397 3560 1482; x_wconf 84' lang='grc' dir='ltr'>άκρογὼνου</span> <span class='ocrx_word' id='word_1_195' title='bbox 3586 1415 3658 1484; x_wconf 79' lang='grc' dir='ltr'>τὴν</span> 
     </span>
    </p>
   </div>
   <div class='ocr_carea' id='block_1_29' title="bbox 2139 1503 3660 1575">
    <p class='ocr_par' dir='ltr' id='par_1_29' title="bbox 2139 1503 3660 1575">
     <span class='ocr_line' id='line_1_29' title="bbox 2139 1503 3660 1575; baseline 0.001 -18"><span class='ocrx_word' id='word_1_196' title='bbox 2139 1505 2243 1557; x_wconf 87' lang='grc' dir='ltr'><strong>ούκ</strong></span> <span class='ocrx_word' id='word_1_197' title='bbox 2295 1503 2597 1575; x_wconf 74' lang='grc' dir='ltr'>εὔχρηστον</span> <span class='ocrx_word' id='word_1_198' title='bbox 2635 1505 2837 1575; x_wconf 81' lang='grc' dir='ltr'>σκῢρον</span> <span class='ocrx_word' id='word_1_199' title='bbox 2885 1505 3065 1558; x_wconf 83' lang='grc' dir='ltr'>είτουν</span> <span class='ocrx_word' id='word_1_200' title='bbox 3098 1504 3346 1574; x_wconf 80' lang='grc' dir='ltr'><strong>λατύπην</strong></span> <span class='ocrx_word' id='word_1_201' title='bbox 3395 1505 3660 1569; x_wconf 80' lang='grc' dir='ltr'>ἀποξέοντες</span> 
     </span>
    </p>
   </div>
   <div class='ocr_carea' id='block_1_30' title="bbox 2141 1595 3659 1666">
    <p class='ocr_par' dir='ltr' id='par_1_30' title="bbox 2141 1595 3659 1666">
     <span class='ocr_line' id='line_1_30' title="bbox 2141 1595 3659 1666; baseline 0 -16"><span class='ocrx_word' id='word_1_202' title='bbox 2141 1595 2360 1650; x_wconf 71' lang='grc' dir='ltr'>ἃπασαν</span> <span class='ocrx_word' id='word_1_203' title='bbox 2408 1595 2745 1663; x_wconf 78' lang='grc' dir='ltr'>λιθοξοῖκῶς,</span> <span class='ocrx_word' id='word_1_204' title='bbox 2800 1597 2980 1650; x_wconf 83' lang='grc' dir='ltr'>έκεῖνο</span> <span class='ocrx_word' id='word_1_205' title='bbox 3034 1597 3130 1650; x_wconf 73' lang='grc' dir='ltr'>καὶ</span> <span class='ocrx_word' id='word_1_206' title='bbox 3179 1596 3338 1666; x_wconf 85' lang='grc' dir='ltr'>μόνον</span> <span class='ocrx_word' id='word_1_207' title='bbox 3369 1596 3518 1650; x_wconf 84' lang='grc' dir='ltr'>αύτοῦ</span> <span class='ocrx_word' id='word_1_208' title='bbox 3553 1599 3659 1651; x_wconf 73' lang='lat' dir='ltr'><strong>diro-</strong></span> 
     </span>
    </p>
   </div>
   <div class='ocr_carea' id='block_1_31' title="bbox 2140 1682 3659 1756">
    <p class='ocr_par' dir='ltr' id='par_1_31' title="bbox 2140 1682 3659 1756">
     <span class='ocr_line' id='line_1_31' title="bbox 2140 1682 3659 1756; baseline -0.003 -18"><span class='ocrx_word' id='word_1_209' title='bbox 2140 1685 2498 1756; x_wconf 74' lang='grc' dir='ltr'>λαμϐάνομεν</span> <span class='ocrx_word' id='word_1_210' title='bbox 2550 1685 2633 1748; x_wconf 83' lang='grc' dir='ltr'><strong>είς</strong></span> <span class='ocrx_word' id='word_1_211' title='bbox 2691 1683 2876 1738; x_wconf 70' lang='grc' dir='ltr'>ἔνθεον</span> <span class='ocrx_word' id='word_1_212' title='bbox 2937 1683 3267 1754; x_wconf 63' lang='grc' dir='ltr'><strong>ἀναφοράν⁸</strong></span> <span class='ocrx_word' id='word_1_213' title='bbox 3313 1683 3391 1735; x_wconf 81' lang='grc' dir='ltr'>ὅτι</span> <span class='ocrx_word' id='word_1_214' title='bbox 3427 1682 3659 1751; x_wconf 81' lang='grc' dir='ltr'>μεσίτηςὸ</span> 
     </span>
    </p>
   </div>
   <div class='ocr_carea' id='block_1_32' title="bbox 2141 1773 3657 1849">
    <p class='ocr_par' dir='ltr' id='par_1_32' title="bbox 2141 1773 3657 1849">
     <span class='ocr_line' id='line_1_32' title="bbox 2141 1773 3657 1849; baseline -0.005 -18"><span class='ocrx_word' id='word_1_215' title='bbox 2141 1777 2335 1848; x_wconf 74' lang='grc' dir='ltr'>Σωτὴρ</span> <span class='ocrx_word' id='word_1_216' title='bbox 2368 1775 2606 1849; x_wconf 74' lang='grc' dir='ltr'>Χριστὸς</span> <span class='ocrx_word' id='word_1_217' title='bbox 2632 1777 2740 1830; x_wconf 85' lang='grc' dir='ltr'><strong>τῶν</strong></span> <span class='ocrx_word' id='word_1_218' title='bbox 2771 1774 3077 1828; x_wconf 83' lang='grc' dir='ltr'>διεστώτων</span> <span class='ocrx_word' id='word_1_219' title='bbox 3118 1773 3334 1843; x_wconf 78' lang='grc' dir='ltr'>φύσεων</span> <span class='ocrx_word' id='word_1_220' title='bbox 3360 1775 3454 1827; x_wconf 73' lang='grc' dir='ltr'>ὅσα</span> <span class='ocrx_word' id='word_1_221' title='bbox 3493 1773 3572 1825; x_wconf 86' lang='grc' dir='ltr'><strong>καί</strong></span> <span class='ocrx_word' id='word_1_222' title='bbox 3592 1788 3657 1824; x_wconf 71' lang='grc' dir='ltr'>τι·</span> 
     </span>
    </p>
   </div>
   <div class='ocr_carea' id='block_1_33' title="bbox 460 1861 2037 1942">
    <p class='ocr_par' dir='ltr' id='par_1_33' title="bbox 460 1871 2031 1937">
     <span class='ocr_line' id='line_1_33' title="bbox 460 1871 2031 1937; baseline -0.003 -11"><span class='ocrx_word' id='word_1_223' title='bbox 460 1874 876 1937; x_wconf 80' lang='lat' dir='ltr'><strong>mediationeui,</strong></span> <span class='ocrx_word' id='word_1_224' title='bbox 914 1881 1230 1928; x_wconf 86' lang='lat' dir='ltr'><strong>contactum</strong></span> <span class='ocrx_word' id='word_1_225' title='bbox 1292 1886 1359 1928; x_wconf 85' lang='lat' dir='ltr'><strong>ac</strong></span> <span class='ocrx_word' id='word_1_226' title='bbox 1405 1871 1797 1926; x_wconf 83' lang='lat' dir='ltr'><strong>adunatiouem</strong></span> <span class='ocrx_word' id='word_1_227' title='bbox 1865 1883 2031 1924; x_wconf 91' lang='lat' dir='ltr'><strong>unum</strong></span> 
     </span>
    </p>
   </div>
   <div class='ocr_carea' id='block_1_34' title="bbox 2145 1861 3656 1942">
    <p class='ocr_par' dir='ltr' id='par_1_34' title="bbox 2145 1861 3656 1940">
     <span class='ocr_line' id='line_1_34' title="bbox 2145 1861 3656 1940; baseline -0.005 -16"><span class='ocrx_word' id='word_1_228' title='bbox 2145 1887 2250 1924; x_wconf 90' lang='grc' dir='ltr'><strong>νων</strong></span> <span class='ocrx_word' id='word_1_229' title='bbox 2277 1870 2476 1940; x_wconf 78' lang='grc' dir='ltr'>τοίχων</span> <span class='ocrx_word' id='word_1_230' title='bbox 2511 1868 2829 1938; x_wconf 78' lang='grc' dir='ltr'>γενόμενος,</span> <span class='ocrx_word' id='word_1_231' title='bbox 2869 1865 3079 1921; x_wconf 82' lang='grc' dir='ltr'>συνδὲει</span> <span class='ocrx_word' id='word_1_232' title='bbox 3117 1866 3309 1929; x_wconf 78' lang='grc' dir='ltr'>αὐτὰς,</span> <span class='ocrx_word' id='word_1_233' title='bbox 3338 1865 3430 1918; x_wconf 76' lang='grc' dir='ltr'>καὶ</span> <span class='ocrx_word' id='word_1_234' title='bbox 3457 1865 3528 1928; x_wconf 84' lang='grc' dir='ltr'><strong>είς</strong></span> <span class='ocrx_word' id='word_1_235' title='bbox 3559 1861 3656 1931; x_wconf 82' lang='grc' dir='ltr'>μίαν</span> 
     </span>
    </p>
   </div>
   <div class='ocr_carea' id='block_1_35' title="bbox 458 1963 2042 2035">
    <p class='ocr_par' dir='ltr' id='par_1_35' title="bbox 458 1963 2042 2035">
     <span class='ocr_line' id='line_1_35' title="bbox 458 1963 2042 2035; baseline -0.003 -14"><span class='ocrx_word' id='word_1_236' title='bbox 458 1965 593 2034; x_wconf 86' lang='lat' dir='ltr'><strong>quid</strong></span> <span class='ocrx_word' id='word_1_237' title='bbox 655 1965 836 2028; x_wconf 74' lang='lat' dir='ltr'><strong>factae,</strong></span> <span class='ocrx_word' id='word_1_238' title='bbox 911 1965 1319 2021; x_wconf 87' lang='lat' dir='ltr'><strong>communionis</strong></span> <span class='ocrx_word' id='word_1_239' title='bbox 1380 1963 1684 2035; x_wconf 84' lang='lat' dir='ltr'><strong>spiritualis</strong></span> <span class='ocrx_word' id='word_1_240' title='bbox 1757 1969 2042 2032; x_wconf 87' lang='lat' dir='ltr'><strong>compotes</strong></span> 
     </span>
    </p>
   </div>
   <div class='ocr_carea' id='block_1_36' title="bbox 464 2055 2040 2128">
    <p class='ocr_par' dir='ltr' id='par_1_36' title="bbox 464 2055 2040 2128">
     <span class='ocr_line' id='line_1_36' title="bbox 464 2055 2040 2128; baseline -0.001 -16"><span class='ocrx_word' id='word_1_241' title='bbox 464 2058 621 2123; x_wconf 86' lang='lat' dir='ltr'><strong>iinnt,</strong></span> <span class='ocrx_word' id='word_1_242' title='bbox 660 2058 734 2112; x_wconf 93' lang='lat' dir='ltr'><strong>ita</strong></span> <span class='ocrx_word' id='word_1_243' title='bbox 787 2065 846 2112; x_wconf 93' lang='lat' dir='ltr'><strong>ut</strong></span> <span class='ocrx_word' id='word_1_244' title='bbox 876 2073 997 2128; x_wconf 77' lang='lat' dir='ltr'><strong>qua:</strong></span> <span class='ocrx_word' id='word_1_245' title='bbox 1023 2059 1188 2113; x_wconf 86' lang='lat' dir='ltr'><strong>modo</strong></span> <span class='ocrx_word' id='word_1_246' title='bbox 1233 2056 1489 2114; x_wconf 85' lang='lat' dir='ltr'><strong>errabant</strong></span> <span class='ocrx_word' id='word_1_247' title='bbox 1528 2066 1582 2114; x_wconf 90' lang='lat' dir='ltr'><strong>et</strong></span> <span class='ocrx_word' id='word_1_248' title='bbox 1631 2055 2040 2119; x_wconf 85' lang='lat' dir='ltr'><strong>discordabant,</strong></span> 
     </span>
    </p>
   </div>
   <div class='ocr_carea' id='block_1_37' title="bbox 463 2149 826 2207">
    <p class='ocr_par' dir='ltr' id='par_1_37' title="bbox 463 2149 826 2207">
     <span class='ocr_line' id='line_1_37' title="bbox 463 2149 826 2207; baseline 0.003 -1"><span class='ocrx_word' id='word_1_249' title='bbox 463 2165 631 2206; x_wconf 90' lang='lat' dir='ltr'><strong>unum</strong></span> <span class='ocrx_word' id='word_1_250' title='bbox 675 2149 826 2207; x_wconf 85' lang='lat' dir='ltr'><strong>iiant.</strong></span> 
     </span>
    </p>
   </div>
   <div class='ocr_carea' id='block_1_38' title="bbox 2149 1955 3658 2032">
    <p class='ocr_par' dir='ltr' id='par_1_38' title="bbox 2149 1955 3658 2032">
     <span class='ocr_line' id='line_1_38' title="bbox 2149 1955 3658 2032; baseline -0.007 -16"><span class='ocrx_word' id='word_1_251' title='bbox 2149 1963 2374 2031; x_wconf 84' lang='grc' dir='ltr'>συνάγει</span> <span class='ocrx_word' id='word_1_252' title='bbox 2412 1962 2699 2032; x_wconf 78' lang='grc' dir='ltr'>συνέχειαν</span> <span class='ocrx_word' id='word_1_253' title='bbox 2723 1976 2738 1992; x_wconf 84' lang='lat'><strong><em>°</em></strong></span> <span class='ocrx_word' id='word_1_254' title='bbox 2789 1959 3217 2030; x_wconf 78' lang='grc' dir='ltr'>γεγωνιωμένας</span> <span class='ocrx_word' id='word_1_255' title='bbox 3251 1959 3348 2028; x_wconf 70' lang='grc' dir='ltr'>μὲν</span> <span class='ocrx_word' id='word_1_256' title='bbox 3379 1955 3534 2019; x_wconf 75' lang='grc' dir='ltr'>ἄλλως</span> <span class='ocrx_word' id='word_1_257' title='bbox 3563 1956 3658 2008; x_wconf 76' lang='grc' dir='ltr'>ἰδιο-</span> 
     </span>
    </p>
   </div>
   <div class='ocr_carea' id='block_1_39' title="bbox 2149 2047 3656 2126">
    <p class='ocr_par' dir='ltr' id='par_1_39' title="bbox 2149 2047 3656 2126">
     <span class='ocr_line' id='line_1_39' title="bbox 2149 2047 3656 2126; baseline -0.007 -19"><span class='ocrx_word' id='word_1_258' title='bbox 2149 2056 2350 2126; x_wconf 78' lang='grc' dir='ltr'>τροπίᾳ</span> <span class='ocrx_word' id='word_1_259' title='bbox 2404 2052 2698 2124; x_wconf 73' lang='grc' dir='ltr'>οἰκοδομῆς</span> <span class='ocrx_word' id='word_1_260' title='bbox 2751 2053 2852 2123; x_wconf 81' lang='grc' dir='ltr'>τῆς</span> <span class='ocrx_word' id='word_1_261' title='bbox 2899 2053 3044 2107; x_wconf 85' lang='grc' dir='ltr'>κατὰ</span> <span class='ocrx_word' id='word_1_262' title='bbox 3099 2051 3229 2122; x_wconf 78' lang='grc' dir='ltr'>ἔθνη</span> <span class='ocrx_word' id='word_1_263' title='bbox 3260 2050 3347 2104; x_wconf 59' lang='grc' dir='ltr'>καὶ</span> <span class='ocrx_word' id='word_1_264' title='bbox 3400 2049 3542 2110; x_wconf 77' lang='grc' dir='ltr'>λαοὺς</span> <span class='ocrx_word' id='word_1_265' title='bbox 3587 2047 3656 2098; x_wconf 76' lang='grc' dir='ltr'>καὶ</span> 
     </span>
    </p>
   </div>
   <div class='ocr_carea' id='block_1_40' title="bbox 2145 2135 3658 2217">
    <p class='ocr_par' dir='ltr' id='par_1_40' title="bbox 2145 2135 3658 2217">
     <span class='ocr_line' id='line_1_40' title="bbox 2145 2135 3658 2217; baseline -0.006 -18"><span class='ocrx_word' id='word_1_266' title='bbox 2145 2147 2289 2200; x_wconf 79' lang='grc' dir='ltr'>οὕτω</span> <span class='ocrx_word' id='word_1_267' title='bbox 2341 2146 2416 2217; x_wconf 73' lang='grc' dir='ltr'><strong>μὴ</strong></span> <span class='ocrx_word' id='word_1_268' title='bbox 2476 2146 2711 2217; x_wconf 70' lang='grc' dir='ltr'>ἐχούσας</span> <span class='ocrx_word' id='word_1_269' title='bbox 2768 2147 2830 2200; x_wconf 75' lang='grc' dir='ltr'>τὸ</span> <span class='ocrx_word' id='word_1_270' title='bbox 2884 2143 3171 2208; x_wconf 82' lang='grc' dir='ltr'>ίθυτενές⁶</span> <span class='ocrx_word' id='word_1_271' title='bbox 3209 2143 3296 2196; x_wconf 81' lang='grc' dir='ltr'><strong>διὰ</strong></span> <span class='ocrx_word' id='word_1_272' title='bbox 3342 2142 3395 2195; x_wconf 77' lang='grc' dir='ltr'>δὲ</span> <span class='ocrx_word' id='word_1_273' title='bbox 3423 2141 3507 2211; x_wconf 83' lang='grc' dir='ltr'>τῆς</span> <span class='ocrx_word' id='word_1_274' title='bbox 3531 2135 3658 2192; x_wconf 78' lang='grc' dir='ltr'>αὐτοῦ</span> 
     </span>
    </p>
   </div>
   <div class='ocr_carea' id='block_1_41' title="bbox 463 2231 3658 2312">
    <p class='ocr_par' dir='ltr' id='par_1_41' title="bbox 463 2231 3658 2312">
     <span class='ocr_line' id='line_1_41' title="bbox 463 2231 3658 2312; baseline -0.003 -21"><span class='ocrx_word' id='word_1_275' title='bbox 463 2239 892 2310; x_wconf 76' lang='grc' dir='ltr'>μεσολασὴσεως</span> <span class='ocrx_word' id='word_1_276' title='bbox 919 2242 1138 2312; x_wconf 75' lang='grc' dir='ltr'>καὶτῆς</span> <span class='ocrx_word' id='word_1_277' title='bbox 1164 2242 1443 2312; x_wconf 71' lang='grc' dir='ltr'>ἑκατέρων</span> <span class='ocrx_word' id='word_1_278' title='bbox 1472 2239 1658 2310; x_wconf 74' lang='grc' dir='ltr'>ἃψεως</span> <span class='ocrx_word' id='word_1_279' title='bbox 1722 2239 1819 2295; x_wconf 73' lang='grc' dir='ltr'>καὶ</span> <span class='ocrx_word' id='word_1_280' title='bbox 1875 2237 2199 2308; x_wconf 81' lang='grc' dir='ltr'>συναγωγῆς</span> <span class='ocrx_word' id='word_1_281' title='bbox 2247 2239 2695 2310; x_wconf 81' lang='grc' dir='ltr'>ἐνοποιουμένας,</span> <span class='ocrx_word' id='word_1_282' title='bbox 2751 2238 2828 2302; x_wconf 84' lang='grc' dir='ltr'><strong>ὡς</strong></span> <span class='ocrx_word' id='word_1_283' title='bbox 2881 2236 3195 2298; x_wconf 79' lang='grc' dir='ltr'>εὐθυσόλως</span> <span class='ocrx_word' id='word_1_284' title='bbox 3258 2235 3390 2304; x_wconf 75' lang='grc' dir='ltr'>πρὸς</span> <span class='ocrx_word' id='word_1_285' title='bbox 3445 2231 3658 2302; x_wconf 69' lang='grc' dir='ltr'>ὀρθότητα</span> 
     </span>
    </p>
   </div>
   <div class='ocr_carea' id='block_1_42' title="bbox 459 2327 3658 2405">
    <p class='ocr_par' dir='ltr' id='par_1_42' title="bbox 459 2327 3658 2405">
     <span class='ocr_line' id='line_1_42' title="bbox 459 2327 3658 2405; baseline -0.003 -21"><span class='ocrx_word' id='word_1_286' title='bbox 459 2333 814 2388; x_wconf 77' lang='grc' dir='ltr'>συνίστασθαι</span> <span class='ocrx_word' id='word_1_287' title='bbox 855 2334 1132 2400; x_wconf 79' lang='grc' dir='ltr'>ξυνοικίας</span> <span class='ocrx_word' id='word_1_288' title='bbox 1175 2336 1559 2405; x_wconf 75' lang='grc' dir='ltr'>πνευματικῆς</span> <span class='ocrx_word' id='word_1_289' title='bbox 1586 2373 1604 2400; x_wconf 85' lang='grc'><strong>,</strong></span> <span class='ocrx_word' id='word_1_290' title='bbox 1658 2334 1725 2387; x_wconf 86' lang='grc' dir='ltr'>τὰ</span> <span class='ocrx_word' id='word_1_291' title='bbox 1763 2334 1903 2396; x_wconf 81' lang='grc' dir='ltr'>τέως</span> <span class='ocrx_word' id='word_1_292' title='bbox 1945 2333 2044 2404; x_wconf 79' lang='grc' dir='ltr'>μὲν</span> <span class='ocrx_word' id='word_1_293' title='bbox 2082 2333 2482 2403; x_wconf 79' lang='grc' dir='ltr'>πλαγιάζοντα,</span> <span class='ocrx_word' id='word_1_294' title='bbox 2523 2333 2719 2405; x_wconf 82' lang='grc' dir='ltr'>μικρὸν</span> <span class='ocrx_word' id='word_1_295' title='bbox 2749 2331 2805 2388; x_wconf 82' lang='grc' dir='ltr'>δὲ</span> <span class='ocrx_word' id='word_1_296' title='bbox 2838 2331 2963 2387; x_wconf 79' lang='grc' dir='ltr'>ὅσον</span> <span class='ocrx_word' id='word_1_297' title='bbox 2995 2332 3092 2384; x_wconf 75' lang='grc' dir='ltr'>καὶ</span> <span class='ocrx_word' id='word_1_298' title='bbox 3161 2327 3538 2400; x_wconf 75' lang='grc' dir='ltr'>διαστησάμενα</span> <span class='ocrx_word' id='word_1_299' title='bbox 3601 2327 3658 2387; x_wconf 77' lang='grc' dir='ltr'><strong>εἰς</strong></span> 
     </span>
    </p>
   </div>
   <div class='ocr_carea' id='block_1_43' title="bbox 455 2429 802 2500">
    <p class='ocr_par' dir='ltr' id='par_1_43' title="bbox 455 2429 802 2500">
     <span class='ocr_line' id='line_1_43' title="bbox 455 2429 802 2500; baseline -0.003 -15"><span class='ocrx_word' id='word_1_300' title='bbox 455 2429 802 2500; x_wconf 68' lang='grc' dir='ltr'>ἀπύμὸατον.</span> 
     </span>
    </p>
   </div>
   <div class='ocr_carea' id='block_1_44' title="bbox 527 2523 2041 2596">
    <p class='ocr_par' dir='ltr' id='par_1_44' title="bbox 527 2523 2041 2596">
     <span class='ocr_line' id='line_1_44' title="bbox 527 2523 2041 2596; baseline -0.001 -12"><span class='ocrx_word' id='word_1_301' title='bbox 527 2529 617 2584; x_wconf 69' lang='grc'><strong>44.</strong></span> <span class='ocrx_word' id='word_1_302' title='bbox 678 2528 880 2583; x_wconf 86' lang='lat' dir='ltr'><strong>Eadem</strong></span> <span class='ocrx_word' id='word_1_303' title='bbox 918 2527 1130 2582; x_wconf 84' lang='lat' dir='ltr'><strong>ratione</strong></span> <span class='ocrx_word' id='word_1_304' title='bbox 1170 2529 1337 2582; x_wconf 91' lang='lat' dir='ltr'><strong>etiam</strong></span> <span class='ocrx_word' id='word_1_305' title='bbox 1367 2523 1531 2582; x_wconf 83' lang='lat' dir='ltr'><strong>Pater</strong></span> <span class='ocrx_word' id='word_1_306' title='bbox 1585 2525 1682 2596; x_wconf 91' lang='lat' dir='ltr'><strong>qni</strong></span> <span class='ocrx_word' id='word_1_307' title='bbox 1735 2526 2041 2582; x_wconf 80' lang='lat' dir='ltr'><strong>communis</strong></span> 
     </span>
    </p>
   </div>
   <div class='ocr_carea' id='block_1_45' title="bbox 453 2618 2041 2689">
    <p class='ocr_par' dir='ltr' id='par_1_45' title="bbox 453 2618 2041 2689">
     <span class='ocr_line' id='line_1_45' title="bbox 453 2618 2041 2689; baseline -0.003 -12"><span class='ocrx_word' id='word_1_308' title='bbox 453 2625 698 2677; x_wconf 91' lang='lat' dir='ltr'><strong>omnium</strong></span> <span class='ocrx_word' id='word_1_309' title='bbox 745 2619 931 2687; x_wconf 86' lang='lat' dir='ltr'><strong>Pater,</strong></span> <span class='ocrx_word' id='word_1_310' title='bbox 971 2635 1076 2674; x_wconf 85' lang='lat' dir='ltr'><strong>non</strong></span> <span class='ocrx_word' id='word_1_311' title='bbox 1107 2634 1203 2689; x_wconf 89' lang='lat' dir='ltr'><strong>per</strong></span> <span class='ocrx_word' id='word_1_312' title='bbox 1249 2619 1576 2674; x_wconf 84' lang='lat' dir='ltr'><strong>instinctum</strong></span> <span class='ocrx_word' id='word_1_313' title='bbox 1638 2619 1769 2688; x_wconf 77' lang='lat' dir='ltr'><strong>agit,</strong></span> <span class='ocrx_word' id='word_1_314' title='bbox 1798 2618 1892 2673; x_wconf 90' lang='lat' dir='ltr'><strong>sed</strong></span> <span class='ocrx_word' id='word_1_315' title='bbox 1948 2619 2041 2686; x_wconf 89' lang='lat' dir='ltr'><strong>qui</strong></span> 
     </span>
    </p>
   </div>
   <div class='ocr_carea' id='block_1_46' title="bbox 454 2713 2039 2786">
    <p class='ocr_par' dir='ltr' id='par_1_46' title="bbox 454 2713 2039 2786">
     <span class='ocr_line' id='line_1_46' title="bbox 454 2713 2039 2786; baseline -0.003 -15"><span class='ocrx_word' id='word_1_316' title='bbox 454 2726 578 2786; x_wconf 92' lang='lat' dir='ltr'><strong>post</strong></span> <span class='ocrx_word' id='word_1_317' title='bbox 605 2715 869 2770; x_wconf 88' lang='lat' dir='ltr'><strong>mundum</strong></span> <span class='ocrx_word' id='word_1_318' title='bbox 907 2725 1156 2770; x_wconf 89' lang='lat' dir='ltr'><strong>creatum</strong></span> <span class='ocrx_word' id='word_1_319' title='bbox 1217 2723 1466 2768; x_wconf 86' lang='lat' dir='ltr'><strong>nostrqu</strong></span> <span class='ocrx_word' id='word_1_320' title='bbox 1533 2713 1780 2768; x_wconf 91' lang='lat' dir='ltr'><strong>omnium</strong></span> <span class='ocrx_word' id='word_1_321' title='bbox 1850 2727 2039 2767; x_wconf 88' lang='lat' dir='ltr'><strong>curam</strong></span> 
     </span>
    </p>
   </div>
   <div class='ocr_carea' id='block_1_47' title="bbox 455 2805 2038 2878">
    <p class='ocr_par' dir='ltr' id='par_1_47' title="bbox 455 2805 2038 2878">
     <span class='ocr_line' id='line_1_47' title="bbox 455 2805 2038 2878; baseline -0.003 -15"><span class='ocrx_word' id='word_1_322' title='bbox 455 2810 567 2877; x_wconf 72' lang='lat' dir='ltr'><strong>agit</strong></span> <span class='ocrx_word' id='word_1_323' title='bbox 633 2817 689 2863; x_wconf 90' lang='lat' dir='ltr'><strong>et</strong></span> <span class='ocrx_word' id='word_1_324' title='bbox 717 2807 922 2878; x_wconf 79' lang='lat' dir='ltr'><strong>gaudet</strong></span> <span class='ocrx_word' id='word_1_325' title='bbox 977 2808 1022 2862; x_wconf 91' lang='lat' dir='ltr'><strong>si</strong></span> <span class='ocrx_word' id='word_1_326' title='bbox 1104 2805 1534 2878; x_wconf 86' lang='lat' dir='ltr'><strong>multiplicamnr</strong></span> <span class='ocrx_word' id='word_1_327' title='bbox 1601 2815 1654 2861; x_wconf 90' lang='lat' dir='ltr'><strong>et</strong></span> <span class='ocrx_word' id='word_1_328' title='bbox 1715 2805 2038 2868; x_wconf 80' lang='lat' dir='ltr'><strong>crescimus,</strong></span> 
     </span>
    </p>
   </div>
   <div class='ocr_carea' id='block_1_48' title="bbox 455 2898 2038 2971">
    <p class='ocr_par' dir='ltr' id='par_1_48' title="bbox 455 2898 2038 2971">
     <span class='ocr_line' id='line_1_48' title="bbox 455 2898 2038 2971; baseline -0.003 -15"><span class='ocrx_word' id='word_1_329' title='bbox 455 2901 595 2956; x_wconf 89' lang='lat' dir='ltr'><strong>sicut</strong></span> <span class='ocrx_word' id='word_1_330' title='bbox 626 2901 743 2970; x_wconf 90' lang='lat' dir='ltr'><strong>ipse</strong></span> <span class='ocrx_word' id='word_1_331' title='bbox 777 2902 915 2956; x_wconf 90' lang='lat' dir='ltr'><strong>vult.</strong></span> <span class='ocrx_word' id='word_1_332' title='bbox 951 2899 1056 2956; x_wconf 87' lang='lat' dir='ltr'><strong>Eos</strong></span> <span class='ocrx_word' id='word_1_333' title='bbox 1090 2900 1235 2955; x_wconf 89' lang='lat' dir='ltr'><strong>enim</strong></span> <span class='ocrx_word' id='word_1_334' title='bbox 1313 2900 1406 2971; x_wconf 90' lang='lat' dir='ltr'><strong>qui</strong></span> <span class='ocrx_word' id='word_1_335' title='bbox 1455 2899 1631 2970; x_wconf 86' lang='lat' dir='ltr'><strong>ipsius</strong></span> <span class='ocrx_word' id='word_1_336' title='bbox 1687 2913 1837 2953; x_wconf 90' lang='lat' dir='ltr'><strong>more</strong></span> <span class='ocrx_word' id='word_1_337' title='bbox 1888 2898 2038 2966; x_wconf 84' lang='lat' dir='ltr'><strong>digni</strong></span> 
     </span>
    </p>
   </div>
   <div class='ocr_carea' id='block_1_49' title="bbox 454 2990 2038 3064">
    <p class='ocr_par' dir='ltr' id='par_1_49' title="bbox 454 2990 2038 3064">
     <span class='ocr_line' id='line_1_49' title="bbox 454 2990 2038 3064; baseline -0.004 -16"><span class='ocrx_word' id='word_1_338' title='bbox 454 3003 609 3060; x_wconf 84' lang='lat' dir='ltr'><strong>sunt,</strong></span> <span class='ocrx_word' id='word_1_339' title='bbox 649 2995 748 3048; x_wconf 90' lang='lat' dir='ltr'><strong>alit</strong></span> <span class='ocrx_word' id='word_1_340' title='bbox 789 3001 847 3048; x_wconf 89' lang='lat' dir='ltr'><strong>et</strong></span> <span class='ocrx_word' id='word_1_341' title='bbox 874 2993 1037 3059; x_wconf 89' lang='lat' dir='ltr'><strong>ditat,</strong></span> <span class='ocrx_word' id='word_1_342' title='bbox 1063 3002 1117 3048; x_wconf 84' lang='lat' dir='ltr'><strong>et</strong></span> <span class='ocrx_word' id='word_1_343' title='bbox 1169 2993 1305 3048; x_wconf 90' lang='lat' dir='ltr'><strong>alios</strong></span> <span class='ocrx_word' id='word_1_344' title='bbox 1346 3000 1532 3064; x_wconf 89' lang='lat' dir='ltr'><strong>patres</strong></span> <span class='ocrx_word' id='word_1_345' title='bbox 1585 2991 1712 3046; x_wconf 81' lang='lat' dir='ltr'><strong>facit</strong></span> <span class='ocrx_word' id='word_1_346' title='bbox 1738 2990 2038 3046; x_wconf 85' lang='lat' dir='ltr'><strong>secundum</strong></span> 
     </span>
    </p>
   </div>
   <div class='ocr_carea' id='block_1_50' title="bbox 453 3081 2036 3155">
    <p class='ocr_par' dir='ltr' id='par_1_50' title="bbox 453 3081 2036 3155">
     <span class='ocr_line' id='line_1_50' title="bbox 453 3081 2036 3155; baseline -0.004 -14"><span class='ocrx_word' id='word_1_347' title='bbox 453 3101 698 3149; x_wconf 90' lang='lat' dir='ltr'><strong>carnem,</strong></span> <span class='ocrx_word' id='word_1_348' title='bbox 731 3085 868 3140; x_wconf 88' lang='lat' dir='ltr'><strong>alios</strong></span> <span class='ocrx_word' id='word_1_349' title='bbox 895 3087 1196 3140; x_wconf 88' lang='lat' dir='ltr'><strong>secundum</strong></span> <span class='ocrx_word' id='word_1_350' title='bbox 1232 3082 1511 3155; x_wconf 87' lang='lat' dir='ltr'><strong>spiritum,</strong></span> <span class='ocrx_word' id='word_1_351' title='bbox 1537 3091 1593 3138; x_wconf 90' lang='lat' dir='ltr'><strong>et</strong></span> <span class='ocrx_word' id='word_1_352' title='bbox 1639 3081 2036 3149; x_wconf 70' lang='lat' dir='ltr'><strong>liuere-ditatem,</strong></span> 
     </span>
    </p>
   </div>
   <div class='ocr_carea' id='block_1_51' title="bbox 454 3165 2039 3249">
    <p class='ocr_par' dir='ltr' id='par_1_51' title="bbox 454 3165 2039 3249">
     <span class='ocr_line' id='line_1_51' title="bbox 454 3165 2039 3249; baseline -0.001 -17"><span class='ocrx_word' id='word_1_353' title='bbox 454 3180 566 3233; x_wconf 87' lang='lat' dir='ltr'><strong>imo</strong></span> <span class='ocrx_word' id='word_1_354' title='bbox 594 3193 821 3249; x_wconf 78' lang='lat' dir='ltr'><strong>regnum</strong></span> <span class='ocrx_word' id='word_1_355' title='bbox 865 3177 1155 3244; x_wconf 71' lang='lat' dir='ltr'><strong>cmlorum,</strong></span> <span class='ocrx_word' id='word_1_356' title='bbox 1187 3185 1244 3230; x_wconf 93' lang='lat' dir='ltr'><strong>ut</strong></span> <span class='ocrx_word' id='word_1_357' title='bbox 1270 3184 1424 3247; x_wconf 88' lang='lat' dir='ltr'><strong>pater</strong></span> <span class='ocrx_word' id='word_1_358' title='bbox 1472 3165 1790 3244; x_wconf 80' lang='lat' dir='ltr'><strong>benevolus,</strong></span> <span class='ocrx_word' id='word_1_359' title='bbox 1823 3175 2039 3239; x_wconf 84' lang='lat' dir='ltr'><strong>tribuit,</strong></span> 
     </span>
    </p>
   </div>
   <div class='ocr_carea' id='block_1_52' title="bbox 455 3266 2032 3340">
    <p class='ocr_par' dir='ltr' id='par_1_52' title="bbox 455 3266 2032 3340">
     <span class='ocr_line' id='line_1_52' title="bbox 455 3266 2032 3340; baseline -0.001 -16"><span class='ocrx_word' id='word_1_360' title='bbox 455 3279 619 3340; x_wconf 85' lang='lat' dir='ltr'><strong>atque</strong></span> <span class='ocrx_word' id='word_1_361' title='bbox 651 3271 723 3323; x_wconf 88' lang='lat' dir='ltr'><strong>ita</strong></span> <span class='ocrx_word' id='word_1_362' title='bbox 765 3269 981 3340; x_wconf 85' lang='lat' dir='ltr'><strong>quidem</strong></span> <span class='ocrx_word' id='word_1_363' title='bbox 1014 3269 1157 3324; x_wconf 89' lang='lat' dir='ltr'><strong>Deus</strong></span> <span class='ocrx_word' id='word_1_364' title='bbox 1184 3284 1344 3324; x_wconf 88' lang='lat' dir='ltr'><strong>verus</strong></span> <span class='ocrx_word' id='word_1_365' title='bbox 1373 3266 1542 3326; x_wconf 86' lang='lat' dir='ltr'><strong>Pater</strong></span> <span class='ocrx_word' id='word_1_366' title='bbox 1574 3275 1657 3324; x_wconf 92' lang='lat' dir='ltr'><strong>est</strong></span> <span class='ocrx_word' id='word_1_367' title='bbox 1687 3284 1704 3337; x_wconf 84' lang='lat'><strong>;</strong></span> <span class='ocrx_word' id='word_1_368' title='bbox 1743 3267 1856 3323; x_wconf 88' lang='lat' dir='ltr'><strong>vult</strong></span> <span class='ocrx_word' id='word_1_369' title='bbox 1884 3268 2032 3324; x_wconf 89' lang='lat' dir='ltr'><strong>enim</strong></span> 
     </span>
    </p>
   </div>
   <div class='ocr_carea' id='block_1_53' title="bbox 2229 2515 3658 2594">
    <p class='ocr_par' dir='ltr' id='par_1_53' title="bbox 2229 2515 3658 2594">
     <span class='ocr_line' id='line_1_53' title="bbox 2229 2515 3658 2594; baseline -0.006 -16"><span class='ocrx_word' id='word_1_370' title='bbox 2229 2524 2335 2594; x_wconf 86' lang='grc' dir='ltr'>μδ⁹.</span> <span class='ocrx_word' id='word_1_371' title='bbox 2385 2523 2490 2578; x_wconf 82' lang='grc' dir='ltr'>Τὸν</span> <span class='ocrx_word' id='word_1_372' title='bbox 2524 2523 2686 2578; x_wconf 80' lang='grc' dir='ltr'>αὐτὸν</span> <span class='ocrx_word' id='word_1_373' title='bbox 2744 2522 2801 2577; x_wconf 72' lang='grc' dir='ltr'>δὲ</span> <span class='ocrx_word' id='word_1_374' title='bbox 2856 2522 3013 2588; x_wconf 78' lang='grc' dir='ltr'>λόγον</span> <span class='ocrx_word' id='word_1_375' title='bbox 3061 2520 3165 2575; x_wconf 75' lang='grc' dir='ltr'><strong>καὶ</strong></span> <span class='ocrx_word' id='word_1_376' title='bbox 3219 2518 3403 2590; x_wconf 76' lang='grc' dir='ltr'>Πατὴρ</span> <span class='ocrx_word' id='word_1_377' title='bbox 3443 2519 3468 2570; x_wconf 83' lang='grc' dir='ltr'>ὁ</span> <span class='ocrx_word' id='word_1_378' title='bbox 3508 2515 3658 2578; x_wconf 79' lang='grc' dir='ltr'>κοινῶς</span> 
     </span>
    </p>
   </div>
   <div class='ocr_carea' id='block_1_54' title="bbox 2149 2612 3657 2688">
    <p class='ocr_par' dir='ltr' id='par_1_54' title="bbox 2149 2612 3657 2688">
     <span class='ocr_line' id='line_1_54' title="bbox 2149 2612 3657 2688; baseline -0.006 -18"><span class='ocrx_word' id='word_1_379' title='bbox 2149 2619 2371 2672; x_wconf 87' lang='grc' dir='ltr'>πάντων</span> <span class='ocrx_word' id='word_1_380' title='bbox 2419 2616 2652 2688; x_wconf 79' lang='grc' dir='ltr'>Πατὴρ,</span> <span class='ocrx_word' id='word_1_381' title='bbox 2705 2617 2805 2670; x_wconf 79' lang='grc' dir='ltr'>οὐκ</span> <span class='ocrx_word' id='word_1_382' title='bbox 2860 2613 3156 2685; x_wconf 75' lang='grc' dir='ltr'>ἐμπαθῶς,</span> <span class='ocrx_word' id='word_1_383' title='bbox 3195 2613 3309 2668; x_wconf 80' lang='grc' dir='ltr'>ἀλλ’</span> <span class='ocrx_word' id='word_1_384' title='bbox 3359 2614 3434 2666; x_wconf 86' lang='grc' dir='ltr'><strong>δτι</strong></span> <span class='ocrx_word' id='word_1_385' title='bbox 3487 2612 3657 2681; x_wconf 75' lang='grc' dir='ltr'>κήδεται</span> 
     </span>
    </p>
   </div>
   <div class='ocr_carea' id='block_1_55' title="bbox 2150 2701 3658 2780">
    <p class='ocr_par' dir='ltr' id='par_1_55' title="bbox 2150 2701 3658 2780">
     <span class='ocr_line' id='line_1_55' title="bbox 2150 2701 3658 2780; baseline -0.005 -18"><span class='ocrx_word' id='word_1_386' title='bbox 2150 2710 2372 2764; x_wconf 87' lang='grc' dir='ltr'>πάντων</span> <span class='ocrx_word' id='word_1_387' title='bbox 2408 2707 2572 2780; x_wconf 79' lang='grc' dir='ltr'>ἡμῶν</span> <span class='ocrx_word' id='word_1_388' title='bbox 2606 2707 2744 2778; x_wconf 85' lang='grc' dir='ltr'>μετὰ</span> <span class='ocrx_word' id='word_1_389' title='bbox 2783 2708 2883 2778; x_wconf 78' lang='grc' dir='ltr'>τὴν</span> <span class='ocrx_word' id='word_1_390' title='bbox 2915 2709 2974 2760; x_wconf 79' lang='grc' dir='ltr'>ἐν</span> <span class='ocrx_word' id='word_1_391' title='bbox 3003 2706 3206 2777; x_wconf 81' lang='grc' dir='ltr'>κόσμῳ</span> <span class='ocrx_word' id='word_1_392' title='bbox 3237 2705 3436 2775; x_wconf 83' lang='grc' dir='ltr'>γένεσιν</span> <span class='ocrx_word' id='word_1_393' title='bbox 3465 2705 3546 2758; x_wconf 70' lang='grc' dir='ltr'>καὶ</span> <span class='ocrx_word' id='word_1_394' title='bbox 3568 2701 3658 2770; x_wconf 81' lang='grc' dir='ltr'>γίν-</span> 
     </span>
    </p>
   </div>
   <div class='ocr_carea' id='block_1_56' title="bbox 2150 2793 3654 2872">
    <p class='ocr_par' dir='ltr' id='par_1_56' title="bbox 2150 2793 3654 2872">
     <span class='ocr_line' id='line_1_56' title="bbox 2150 2793 3654 2872; baseline -0.008 -18"><span class='ocrx_word' id='word_1_395' title='bbox 2150 2819 2328 2872; x_wconf 87' lang='grc' dir='ltr'>νησιν,</span> <span class='ocrx_word' id='word_1_396' title='bbox 2362 2803 2459 2852; x_wconf 73' lang='grc' dir='ltr'>καὶ</span> <span class='ocrx_word' id='word_1_397' title='bbox 2494 2799 2848 2870; x_wconf 78' lang='grc' dir='ltr'>εὐφραίνεται</span> <span class='ocrx_word' id='word_1_398' title='bbox 2883 2798 3049 2868; x_wconf 72' lang='grc' dir='ltr'>εἰπερ</span> <span class='ocrx_word' id='word_1_399' title='bbox 3075 2797 3418 2868; x_wconf 79' lang='grc' dir='ltr'>αύξανόμεθα</span> <span class='ocrx_word' id='word_1_400' title='bbox 3445 2795 3528 2848; x_wconf 85' lang='grc' dir='ltr'>καὶ</span> <span class='ocrx_word' id='word_1_401' title='bbox 3550 2793 3654 2861; x_wconf 81' lang='grc' dir='ltr'>πλη-</span> 
     </span>
    </p>
   </div>
   <div class='ocr_carea' id='block_1_57' title="bbox 2150 2881 3654 2962">
    <p class='ocr_par' dir='ltr' id='par_1_57' title="bbox 2150 2881 3654 2962">
     <span class='ocr_line' id='line_1_57' title="bbox 2150 2881 3654 2962; baseline -0.007 -17"><span class='ocrx_word' id='word_1_402' title='bbox 2150 2891 2427 2961; x_wconf 81' lang='grc' dir='ltr'>θυνόμεθα</span> <span class='ocrx_word' id='word_1_403' title='bbox 2466 2890 2543 2954; x_wconf 82' lang='grc' dir='ltr'><strong>ὡς</strong></span> <span class='ocrx_word' id='word_1_404' title='bbox 2575 2889 2738 2952; x_wconf 74' lang='grc' dir='ltr'>αὐτὸς</span> <span class='ocrx_word' id='word_1_405' title='bbox 2773 2887 2968 2955; x_wconf 76' lang='grc' dir='ltr'>ἐθέλει,</span> <span class='ocrx_word' id='word_1_406' title='bbox 3019 2890 3120 2942; x_wconf 72' lang='grc' dir='ltr'>καὶ</span> <span class='ocrx_word' id='word_1_407' title='bbox 3149 2890 3335 2962; x_wconf 78' lang='grc' dir='ltr'>τρέφει</span> <span class='ocrx_word' id='word_1_408' title='bbox 3359 2888 3446 2941; x_wconf 80' lang='grc' dir='ltr'>καὶ</span> <span class='ocrx_word' id='word_1_409' title='bbox 3486 2881 3654 2938; x_wconf 72' lang='grc' dir='ltr'>πλουτίο</span> 
     </span>
    </p>
   </div>
   <div class='ocr_carea' id='block_1_58' title="bbox 2146 2977 3656 3055">
    <p class='ocr_par' dir='ltr' id='par_1_58' title="bbox 2146 2977 3656 3055">
     <span class='ocr_line' id='line_1_58' title="bbox 2146 2977 3656 3055; baseline -0.006 -17"><span class='ocrx_word' id='word_1_410' title='bbox 2146 2983 2228 3050; x_wconf 81' lang='grc' dir='ltr'>ζει</span> <span class='ocrx_word' id='word_1_411' title='bbox 2256 2987 2384 3049; x_wconf 80' lang='grc' dir='ltr'>τοὺς</span> <span class='ocrx_word' id='word_1_412' title='bbox 2417 2985 2621 3050; x_wconf 77' lang='grc' dir='ltr'>ἀξίους,</span> <span class='ocrx_word' id='word_1_413' title='bbox 2653 2984 2750 3037; x_wconf 74' lang='grc' dir='ltr'>καὶ</span> <span class='ocrx_word' id='word_1_414' title='bbox 2783 2982 3027 3055; x_wconf 67' lang='grc' dir='ltr'>πατέρας</span> <span class='ocrx_word' id='word_1_415' title='bbox 3077 2986 3229 3037; x_wconf 80' lang='grc' dir='ltr'>ποιεῖ</span> <span class='ocrx_word' id='word_1_416' title='bbox 3269 2983 3390 3046; x_wconf 79' lang='grc' dir='ltr'>τοὺς</span> <span class='ocrx_word' id='word_1_417' title='bbox 3441 2981 3527 3052; x_wconf 84' lang='grc' dir='ltr'>μὲν</span> <span class='ocrx_word' id='word_1_418' title='bbox 3550 2977 3656 3031; x_wconf 73' lang='grc' dir='ltr'>κατὰ</span> 
     </span>
    </p>
   </div>
   <div class='ocr_carea' id='block_1_59' title="bbox 2146 3071 3652 3148">
    <p class='ocr_par' dir='ltr' id='par_1_59' title="bbox 2146 3071 3652 3148">
     <span class='ocr_line' id='line_1_59' title="bbox 2146 3071 3652 3148; baseline -0.006 -16"><span class='ocrx_word' id='word_1_419' title='bbox 2146 3076 2346 3146; x_wconf 82' lang='grc' dir='ltr'>σάρκα,</span> <span class='ocrx_word' id='word_1_420' title='bbox 2393 3080 2520 3141; x_wconf 77' lang='grc' dir='ltr'>τοὺς</span> <span class='ocrx_word' id='word_1_421' title='bbox 2581 3077 2638 3130; x_wconf 79' lang='grc' dir='ltr'>δὲ</span> <span class='ocrx_word' id='word_1_422' title='bbox 2695 3078 3144 3148; x_wconf 75' lang='grc' dir='ltr'>πνευματικούςο</span> <span class='ocrx_word' id='word_1_423' title='bbox 3205 3078 3296 3131; x_wconf 75' lang='grc' dir='ltr'>καὶ</span> <span class='ocrx_word' id='word_1_424' title='bbox 3349 3071 3652 3146; x_wconf 77' lang='grc' dir='ltr'>κληρονομίαν</span> 
     </span>
    </p>
   </div>
   <div class='ocr_carea' id='block_1_60' title="bbox 2144 3164 3654 3240">
    <p class='ocr_par' dir='ltr' id='par_1_60' title="bbox 2144 3164 3654 3240">
     <span class='ocr_line' id='line_1_60' title="bbox 2144 3164 3654 3240; baseline 0.001 -20"><span class='ocrx_word' id='word_1_425' title='bbox 2144 3168 2435 3239; x_wconf 81' lang='grc' dir='ltr'>πατρικῶς</span> <span class='ocrx_word' id='word_1_426' title='bbox 2463 3211 2480 3236; x_wconf 89' lang='grc'><strong>,</strong></span> <span class='ocrx_word' id='word_1_427' title='bbox 2517 3170 2606 3224; x_wconf 74' lang='grc' dir='ltr'>ναὶ</span> <span class='ocrx_word' id='word_1_428' title='bbox 2654 3169 2719 3240; x_wconf 80' lang='grc' dir='ltr'>δὴ</span> <span class='ocrx_word' id='word_1_429' title='bbox 2772 3169 2868 3223; x_wconf 75' lang='grc' dir='ltr'>καὶ</span> <span class='ocrx_word' id='word_1_430' title='bbox 2926 3169 3209 3240; x_wconf 79' lang='grc' dir='ltr'>βασιλείαν</span> <span class='ocrx_word' id='word_1_431' title='bbox 3240 3171 3334 3240; x_wconf 85' lang='grc' dir='ltr'>τὴν</span> <span class='ocrx_word' id='word_1_432' title='bbox 3379 3171 3432 3221; x_wconf 80' lang='grc' dir='ltr'><strong>έν</strong></span> <span class='ocrx_word' id='word_1_433' title='bbox 3460 3164 3654 3235; x_wconf 75' lang='grc' dir='ltr'>οὐρανοῖς</span> 
     </span>
    </p>
   </div>
   <div class='ocr_carea' id='block_1_61' title="bbox 2143 3256 3654 3335">
    <p class='ocr_par' dir='ltr' id='par_1_61' title="bbox 2143 3256 3654 3335">
     <span class='ocr_line' id='line_1_61' title="bbox 2143 3256 3654 3335; baseline -0.005 -21"><span class='ocrx_word' id='word_1_434' title='bbox 2143 3259 2494 3314; x_wconf 78' lang='grc' dir='ltr'>ἀποτίθεταιο</span> <span class='ocrx_word' id='word_1_435' title='bbox 2527 3261 2623 3314; x_wconf 77' lang='grc' dir='ltr'>καὶ</span> <span class='ocrx_word' id='word_1_436' title='bbox 2676 3260 2820 3316; x_wconf 77' lang='grc' dir='ltr'>οὕτω</span> <span class='ocrx_word' id='word_1_437' title='bbox 2859 3261 2960 3332; x_wconf 83' lang='grc' dir='ltr'>μὲν</span> <span class='ocrx_word' id='word_1_438' title='bbox 2991 3261 3187 3335; x_wconf 75' lang='grc' dir='ltr'>Πατὴρ</span> <span class='ocrx_word' id='word_1_439' title='bbox 3238 3265 3265 3316; x_wconf 80' lang='grc' dir='ltr'><strong>ὁ</strong></span> <span class='ocrx_word' id='word_1_440' title='bbox 3299 3261 3459 3324; x_wconf 84' lang='grc' dir='ltr'>Θεός’</span> <span class='ocrx_word' id='word_1_441' title='bbox 3499 3256 3654 3312; x_wconf 78' lang='grc' dir='ltr'>έθίλων</span> 
     </span>
    </p>
   </div>
   <div class='ocr_carea' id='block_1_62' title="bbox 455 3347 2037 3436">
    <p class='ocr_par' dir='ltr' id='par_1_62' title="bbox 455 3361 2034 3436">
     <span class='ocr_line' id='line_1_62' title="bbox 455 3361 2034 3436; baseline 0 -19"><span class='ocrx_word' id='word_1_442' title='bbox 455 3373 665 3436; x_wconf 84' lang='lat' dir='ltr'><strong>patrem</strong></span> <span class='ocrx_word' id='word_1_443' title='bbox 701 3379 919 3434; x_wconf 88' lang='lat' dir='ltr'><strong>quoque</strong></span> <span class='ocrx_word' id='word_1_444' title='bbox 974 3366 1248 3418; x_wconf 85' lang='lat' dir='ltr'><strong>carnalem</strong></span> <span class='ocrx_word' id='word_1_445' title='bbox 1297 3361 1556 3417; x_wconf 83' lang='lat' dir='ltr'><strong>honorari</strong></span> <span class='ocrx_word' id='word_1_446' title='bbox 1608 3361 2034 3432; x_wconf 77' lang='lat' dir='ltr'><strong>qui,secundum</strong></span> 
     </span>
    </p>
   </div>
   <div class='ocr_carea' id='block_1_63' title="bbox 2145 3347 3653 3436">
    <p class='ocr_par' dir='ltr' id='par_1_63' title="bbox 2145 3347 3653 3434">
     <span class='ocr_line' id='line_1_63' title="bbox 2145 3347 3653 3434; baseline -0.001 -30"><span class='ocrx_word' id='word_1_447' title='bbox 2145 3351 2244 3423; x_wconf 80' lang='grc' dir='ltr'>μὲν</span> <span class='ocrx_word' id='word_1_448' title='bbox 2273 3353 2538 3423; x_wconf 79' lang='grc' dir='ltr'>τιμᾶσθαι</span> <span class='ocrx_word' id='word_1_449' title='bbox 2569 3355 2666 3406; x_wconf 75' lang='grc' dir='ltr'>καὶ</span> <span class='ocrx_word' id='word_1_450' title='bbox 2702 3355 2796 3407; x_wconf 87' lang='grc' dir='ltr'><strong>τδν</strong></span> <span class='ocrx_word' id='word_1_451' title='bbox 2827 3355 3093 3426; x_wconf 81' lang='grc' dir='ltr'>σαρκικὸν</span> <span class='ocrx_word' id='word_1_452' title='bbox 3126 3355 3336 3424; x_wconf 80' lang='grc' dir='ltr'>πατέρα</span> <span class='ocrx_word' id='word_1_453' title='bbox 3367 3354 3450 3406; x_wconf 75' lang='grc' dir='ltr'><strong>τὸν</strong></span> <span class='ocrx_word' id='word_1_454' title='bbox 3474 3353 3522 3403; x_wconf 74' lang='grc' dir='ltr'>ἐν</span> <span class='ocrx_word' id='word_1_455' title='bbox 3546 3347 3653 3434; x_wconf 77' lang='grc' dir='ltr'>άλλῳ</span> 
     </span>
    </p>
   </div>
   <div class='ocr_carea' id='block_1_64' title="bbox 452 3453 2038 3527">
    <p class='ocr_par' dir='ltr' id='par_1_64' title="bbox 452 3453 2038 3527">
     <span class='ocr_line' id='line_1_64' title="bbox 452 3453 2038 3527; baseline -0.001 -15"><span class='ocrx_word' id='word_1_456' title='bbox 452 3459 709 3526; x_wconf 79' lang='lat' dir='ltr'><strong>antiquos</strong></span> <span class='ocrx_word' id='word_1_457' title='bbox 738 3471 834 3527; x_wconf 90' lang='lat' dir='ltr'><strong>per</strong></span> <span class='ocrx_word' id='word_1_458' title='bbox 863 3455 1028 3509; x_wconf 87' lang='lat' dir='ltr'><strong>alium</strong></span> <span class='ocrx_word' id='word_1_459' title='bbox 1059 3462 1306 3526; x_wconf 80' lang='lat' dir='ltr'><strong>generat,</strong></span> <span class='ocrx_word' id='word_1_460' title='bbox 1335 3453 1598 3525; x_wconf 86' lang='lat' dir='ltr'><strong>illumque</strong></span> <span class='ocrx_word' id='word_1_461' title='bbox 1650 3455 1825 3511; x_wconf 90' lang='lat' dir='ltr'><strong>nostri</strong></span> <span class='ocrx_word' id='word_1_462' title='bbox 1883 3454 2038 3510; x_wconf 88' lang='lat' dir='ltr'><strong>simi-</strong></span> 
     </span>
    </p>
   </div>
   <div class='ocr_carea' id='block_1_65' title="bbox 448 3543 1568 3618">
    <p class='ocr_par' dir='ltr' id='par_1_65' title="bbox 448 3543 1568 3618">
     <span class='ocr_line' id='line_1_65' title="bbox 448 3543 1568 3618; baseline -0.004 -16"><span class='ocrx_word' id='word_1_463' title='bbox 448 3547 562 3602; x_wconf 79' lang='lat' dir='ltr'><strong>lem</strong></span> <span class='ocrx_word' id='word_1_464' title='bbox 601 3561 776 3618; x_wconf 86' lang='lat' dir='ltr'><strong>neque</strong></span> <span class='ocrx_word' id='word_1_465' title='bbox 804 3545 1120 3601; x_wconf 80' lang='lat' dir='ltr'><strong>inferiorem</strong></span> <span class='ocrx_word' id='word_1_466' title='bbox 1157 3543 1270 3599; x_wconf 79' lang='lat' dir='ltr'><strong>ﬁeri</strong></span> <span class='ocrx_word' id='word_1_467' title='bbox 1309 3544 1568 3601; x_wconf 90' lang='lat' dir='ltr'><strong>sustinet.</strong></span> 
     </span>
    </p>
   </div>
   <div class='ocr_carea' id='block_1_66' title="bbox 524 3720 2042 3779">
    <p class='ocr_par' dir='ltr' id='par_1_66' title="bbox 524 3720 2042 3779">
     <span class='ocr_line' id='line_1_66' title="bbox 524 3720 2042 3779; baseline -0.001 -1"><span class='ocrx_word' id='word_1_468' title='bbox 524 3724 613 3779; x_wconf 72' lang='grc'><strong>45.</strong></span> <span class='ocrx_word' id='word_1_469' title='bbox 649 3723 800 3778; x_wconf 81' lang='lat' dir='ltr'><strong>Talis</strong></span> <span class='ocrx_word' id='word_1_470' title='bbox 838 3732 1017 3778; x_wconf 88' lang='lat' dir='ltr'><strong>autem</strong></span> <span class='ocrx_word' id='word_1_471' title='bbox 1045 3722 1223 3777; x_wconf 83' lang='lat' dir='ltr'><strong>Patris</strong></span> <span class='ocrx_word' id='word_1_472' title='bbox 1265 3730 1582 3776; x_wconf 58' lang='lat' dir='ltr'><strong>coaeternus</strong></span> <span class='ocrx_word' id='word_1_473' title='bbox 1665 3720 1845 3777; x_wconf 87' lang='lat' dir='ltr'><strong>Filius</strong></span> <span class='ocrx_word' id='word_1_474' title='bbox 1883 3738 1947 3776; x_wconf 79' lang='lat' dir='ltr'><strong>ex</strong></span> <span class='ocrx_word' id='word_1_475' title='bbox 1975 3735 2042 3779; x_wconf 92' lang='lat' dir='ltr'><strong>eo</strong></span> 
     </span>
    </p>
   </div>
   <div class='ocr_carea' id='block_1_67' title="bbox 458 3812 2042 3887">
    <p class='ocr_par' dir='ltr' id='par_1_67' title="bbox 458 3812 2042 3887">
     <span class='ocr_line' id='line_1_67' title="bbox 458 3812 2042 3887; baseline -0.001 -18"><span class='ocrx_word' id='word_1_476' title='bbox 458 3818 694 3887; x_wconf 72' lang='lat' dir='ltr'><strong>genitus,</strong></span> <span class='ocrx_word' id='word_1_477' title='bbox 753 3830 817 3868; x_wconf 74' lang='lat' dir='ltr'><strong>ex</strong></span> <span class='ocrx_word' id='word_1_478' title='bbox 855 3815 973 3884; x_wconf 89' lang='lat' dir='ltr'><strong>ipso</strong></span> <span class='ocrx_word' id='word_1_479' title='bbox 1027 3829 1137 3867; x_wconf 90' lang='lat' dir='ltr'><strong>non</strong></span> <span class='ocrx_word' id='word_1_480' title='bbox 1185 3813 1428 3867; x_wconf 89' lang='lat' dir='ltr'><strong>humano</strong></span> <span class='ocrx_word' id='word_1_481' title='bbox 1480 3828 1649 3878; x_wconf 88' lang='lat' dir='ltr'><strong>more,</strong></span> <span class='ocrx_word' id='word_1_482' title='bbox 1715 3813 1806 3868; x_wconf 89' lang='lat' dir='ltr'><strong>sed</strong></span> <span class='ocrx_word' id='word_1_483' title='bbox 1854 3812 2042 3868; x_wconf 87' lang='lat' dir='ltr'><strong>divino</strong></span> 
     </span>
    </p>
   </div>
   <div class='ocr_carea' id='block_1_68' title="bbox 461 3904 2044 3980">
    <p class='ocr_par' dir='ltr' id='par_1_68' title="bbox 461 3904 2044 3980">
     <span class='ocr_line' id='line_1_68' title="bbox 461 3904 2044 3980; baseline -0.001 -19"><span class='ocrx_word' id='word_1_484' title='bbox 461 3907 745 3980; x_wconf 84' lang='lat' dir='ltr'><strong>processit.</strong></span> <span class='ocrx_word' id='word_1_485' title='bbox 783 3906 942 3961; x_wconf 77' lang='lat' dir='ltr'><strong>Pater</strong></span> <span class='ocrx_word' id='word_1_486' title='bbox 989 3914 1168 3960; x_wconf 87' lang='lat' dir='ltr'><strong>autem</strong></span> <span class='ocrx_word' id='word_1_487' title='bbox 1219 3907 1362 3958; x_wconf 86' lang='lat' dir='ltr'><strong>hunc</strong></span> <span class='ocrx_word' id='word_1_488' title='bbox 1405 3911 1465 3958; x_wconf 91' lang='lat' dir='ltr'><strong>ut</strong></span> <span class='ocrx_word' id='word_1_489' title='bbox 1523 3904 1626 3959; x_wconf 85' lang='lat' dir='ltr'><strong>sibi</strong></span> <span class='ocrx_word' id='word_1_490' title='bbox 1676 3904 2044 3961; x_wconf 85' lang='lat' dir='ltr'><strong>consubstan-</strong></span> 
     </span>
    </p>
   </div>
   <div class='ocr_carea' id='block_1_69' title="bbox 457 3995 2042 4066">
    <p class='ocr_par' dir='ltr' id='par_1_69' title="bbox 457 3995 2042 4066">
     <span class='ocr_line' id='line_1_69' title="bbox 457 3995 2042 4066; baseline -0.001 -13"><span class='ocrx_word' id='word_1_491' title='bbox 457 3999 644 4054; x_wconf 85' lang='lat' dir='ltr'><strong>tialem</strong></span> <span class='ocrx_word' id='word_1_492' title='bbox 703 4007 850 4051; x_wconf 87' lang='lat' dir='ltr'><strong>amat</strong></span> <span class='ocrx_word' id='word_1_493' title='bbox 905 4008 957 4051; x_wconf 86' lang='lat' dir='ltr'><strong>et</strong></span> <span class='ocrx_word' id='word_1_494' title='bbox 993 3995 1196 4066; x_wconf 83' lang='lat' dir='ltr'><strong>duplici</strong></span> <span class='ocrx_word' id='word_1_495' title='bbox 1243 3995 1638 4066; x_wconf 79' lang='lat' dir='ltr'><strong>gloriticatione</strong></span> <span class='ocrx_word' id='word_1_496' title='bbox 1668 3996 2042 4064; x_wconf 86' lang='lat' dir='ltr'><strong>honorat,una</strong></span> 
     </span>
    </p>
   </div>
   <div class='ocr_carea' id='block_1_70' title="bbox 459 4088 2041 4162">
    <p class='ocr_par' dir='ltr' id='par_1_70' title="bbox 459 4088 2041 4162">
     <span class='ocr_line' id='line_1_70' title="bbox 459 4088 2041 4162; baseline -0.002 -16"><span class='ocrx_word' id='word_1_497' title='bbox 459 4093 677 4162; x_wconf 84' lang='lat' dir='ltr'><strong>quidem</strong></span> <span class='ocrx_word' id='word_1_498' title='bbox 711 4101 838 4147; x_wconf 88' lang='lat' dir='ltr'><strong>ante</strong></span> <span class='ocrx_word' id='word_1_499' title='bbox 863 4089 1051 4144; x_wconf 90' lang='lat' dir='ltr'><strong>mnudi</strong></span> <span class='ocrx_word' id='word_1_500' title='bbox 1087 4088 1458 4155; x_wconf 88' lang='lat' dir='ltr'><strong>creationem,</strong></span> <span class='ocrx_word' id='word_1_501' title='bbox 1493 4089 1666 4143; x_wconf 83' lang='lat' dir='ltr'><strong>altera</strong></span> <span class='ocrx_word' id='word_1_502' title='bbox 1699 4097 1821 4160; x_wconf 89' lang='lat' dir='ltr'><strong>post</strong></span> <span class='ocrx_word' id='word_1_503' title='bbox 1853 4088 2041 4143; x_wconf 83' lang='lat' dir='ltr'><strong>incar-</strong></span> 
     </span>
    </p>
   </div>
   <div class='ocr_carea' id='block_1_71' title="bbox 460 4179 2036 4252">
    <p class='ocr_par' dir='ltr' id='par_1_71' title="bbox 460 4179 2036 4252">
     <span class='ocr_line' id='line_1_71' title="bbox 460 4179 2036 4252; baseline -0.003 -15"><span class='ocrx_word' id='word_1_504' title='bbox 460 4183 737 4237; x_wconf 85' lang='lat' dir='ltr'><strong>nationem</strong></span> <span class='ocrx_word' id='word_1_505' title='bbox 787 4195 910 4252; x_wconf 64' lang='lat' dir='ltr'><strong>qua!</strong></span> <span class='ocrx_word' id='word_1_506' title='bbox 970 4181 1178 4235; x_wconf 88' lang='lat' dir='ltr'><strong>mundo</strong></span> <span class='ocrx_word' id='word_1_507' title='bbox 1239 4181 1405 4236; x_wconf 89' lang='lat' dir='ltr'><strong>saluti</strong></span> <span class='ocrx_word' id='word_1_508' title='bbox 1454 4180 1556 4234; x_wconf 78' lang='lat' dir='ltr'><strong>fuit</strong></span> <span class='ocrx_word' id='word_1_509' title='bbox 1595 4188 1650 4236; x_wconf 92' lang='lat' dir='ltr'><strong>et</strong></span> <span class='ocrx_word' id='word_1_510' title='bbox 1702 4179 2036 4247; x_wconf 83' lang='lat' dir='ltr'><strong>adventum;</strong></span> 
     </span>
    </p>
   </div>
   <div class='ocr_carea' id='block_1_72' title="bbox 455 4275 2040 4346">
    <p class='ocr_par' dir='ltr' id='par_1_72' title="bbox 455 4275 2040 4346">
     <span class='ocr_line' id='line_1_72' title="bbox 455 4275 2040 4346; baseline -0.003 -13"><span class='ocrx_word' id='word_1_511' title='bbox 455 4288 508 4333; x_wconf 91' lang='lat' dir='ltr'><strong>et</strong></span> <span class='ocrx_word' id='word_1_512' title='bbox 535 4277 872 4333; x_wconf 74' lang='lat' dir='ltr'><strong>colueredem</strong></span> <span class='ocrx_word' id='word_1_513' title='bbox 909 4275 1069 4332; x_wconf 84' lang='lat' dir='ltr'><strong>habet</strong></span> <span class='ocrx_word' id='word_1_514' title='bbox 1098 4276 1342 4331; x_wconf 83' lang='lat' dir='ltr'><strong>omnium</strong></span> <span class='ocrx_word' id='word_1_515' title='bbox 1413 4291 1534 4346; x_wconf 81' lang='lat' dir='ltr'><strong>quae</strong></span> <span class='ocrx_word' id='word_1_516' title='bbox 1587 4275 1753 4329; x_wconf 81' lang='lat' dir='ltr'><strong>vitam</strong></span> <span class='ocrx_word' id='word_1_517' title='bbox 1780 4285 2040 4330; x_wconf 72' lang='lat' dir='ltr'><strong>aeternam</strong></span> 
     </span>
    </p>
   </div>
   <div class='ocr_carea' id='block_1_73' title="bbox 455 4363 2041 4440">
    <p class='ocr_par' dir='ltr' id='par_1_73' title="bbox 455 4363 2041 4440">
     <span class='ocr_line' id='line_1_73' title="bbox 455 4363 2041 4440; baseline -0.003 -15"><span class='ocrx_word' id='word_1_518' title='bbox 455 4380 508 4425; x_wconf 87' lang='lat' dir='ltr'><strong>et</strong></span> <span class='ocrx_word' id='word_1_519' title='bbox 532 4375 760 4440; x_wconf 76' lang='lat' dir='ltr'><strong>regnum</strong></span> <span class='ocrx_word' id='word_1_520' title='bbox 792 4369 1019 4425; x_wconf 71' lang='lat' dir='ltr'><strong>cmleste</strong></span> <span class='ocrx_word' id='word_1_521' title='bbox 1071 4368 1421 4438; x_wconf 86' lang='lat' dir='ltr'><strong>participant,</strong></span> <span class='ocrx_word' id='word_1_522' title='bbox 1451 4367 1642 4422; x_wconf 88' lang='lat' dir='ltr'><strong>addita</strong></span> <span class='ocrx_word' id='word_1_523' title='bbox 1695 4363 1821 4422; x_wconf 80' lang='lat' dir='ltr'><strong>Filii</strong></span> <span class='ocrx_word' id='word_1_524' title='bbox 1870 4367 2041 4421; x_wconf 68' lang='lat' dir='ltr'><strong>haere-</strong></span> 
     </span>
    </p>
   </div>
   <div class='ocr_carea' id='block_1_74' title="bbox 455 4459 2042 4533">
    <p class='ocr_par' dir='ltr' id='par_1_74' title="bbox 455 4459 2042 4533">
     <span class='ocr_line' id='line_1_74' title="bbox 455 4459 2042 4533; baseline -0.004 -15"><span class='ocrx_word' id='word_1_525' title='bbox 455 4464 646 4528; x_wconf 84' lang='lat' dir='ltr'><strong>ditate,</strong></span> <span class='ocrx_word' id='word_1_526' title='bbox 684 4476 806 4533; x_wconf 66' lang='lat' dir='ltr'><strong>quae</strong></span> <span class='ocrx_word' id='word_1_527' title='bbox 862 4476 970 4516; x_wconf 89' lang='lat' dir='ltr'><strong>non</strong></span> <span class='ocrx_word' id='word_1_528' title='bbox 1009 4476 1134 4515; x_wconf 89' lang='lat' dir='ltr'><strong>cum</strong></span> <span class='ocrx_word' id='word_1_529' title='bbox 1187 4468 1364 4514; x_wconf 86' lang='lat' dir='ltr'><strong>morte</strong></span> <span class='ocrx_word' id='word_1_530' title='bbox 1402 4459 1707 4524; x_wconf 80' lang='lat' dir='ltr'><strong>exstincta,</strong></span> <span class='ocrx_word' id='word_1_531' title='bbox 1741 4459 1833 4514; x_wconf 87' lang='lat' dir='ltr'><strong>sed</strong></span> <span class='ocrx_word' id='word_1_532' title='bbox 1893 4473 2042 4513; x_wconf 84' lang='lat' dir='ltr'><strong>cont-</strong></span> 
     </span>
    </p>
   </div>
   <div class='ocr_carea' id='block_1_75' title="bbox 2143 3429 3652 3516">
    <p class='ocr_par' dir='ltr' id='par_1_75' title="bbox 2143 3429 3652 3516">
     <span class='ocr_line' id='line_1_75' title="bbox 2143 3429 3652 3516; baseline -0.006 -17"><span class='ocrx_word' id='word_1_533' title='bbox 2143 3447 2418 3516; x_wconf 82' lang='grc' dir='ltr'>γεννῶντα</span> <span class='ocrx_word' id='word_1_534' title='bbox 2447 3447 2592 3499; x_wconf 78' lang='grc' dir='ltr'>κατὰ</span> <span class='ocrx_word' id='word_1_535' title='bbox 2621 3449 2747 3510; x_wconf 69' lang='grc' dir='ltr'>τοὺς</span> <span class='ocrx_word' id='word_1_536' title='bbox 2775 3445 3043 3509; x_wconf 81' lang='grc' dir='ltr'>παλαιοὺς</span> <span class='ocrx_word' id='word_1_537' title='bbox 3070 3488 3086 3512; x_wconf 93' lang='grc'><strong>,</strong></span> <span class='ocrx_word' id='word_1_538' title='bbox 3117 3447 3211 3500; x_wconf 80' lang='grc' dir='ltr'>καὶ</span> <span class='ocrx_word' id='word_1_539' title='bbox 3242 3443 3520 3499; x_wconf 86' lang='grc' dir='ltr'>θεοείκελον</span> <span class='ocrx_word' id='word_1_540' title='bbox 3545 3429 3652 3492; x_wconf 68' lang='grc' dir='ltr'>ἐκεῖ·</span> 
     </span>
    </p>
   </div>
   <div class='ocr_carea' id='block_1_76' title="bbox 2141 3533 3652 3611">
    <p class='ocr_par' dir='ltr' id='par_1_76' title="bbox 2141 3533 3652 3611">
     <span class='ocr_line' id='line_1_76' title="bbox 2141 3533 3652 3611; baseline -0.005 -19"><span class='ocrx_word' id='word_1_541' title='bbox 2141 3556 2232 3592; x_wconf 88' lang='grc' dir='ltr'><strong>νον</strong></span> <span class='ocrx_word' id='word_1_542' title='bbox 2268 3540 2402 3610; x_wconf 76' lang='grc' dir='ltr'>ἡμῖν</span> <span class='ocrx_word' id='word_1_543' title='bbox 2441 3539 2784 3610; x_wconf 80' lang='grc' dir='ltr'>λογίζεσθαι,</span> <span class='ocrx_word' id='word_1_544' title='bbox 2806 3543 2906 3595; x_wconf 69' lang='grc' dir='ltr'>οῦκ</span> <span class='ocrx_word' id='word_1_545' title='bbox 2931 3541 3261 3611; x_wconf 81' lang='grc' dir='ltr'>ἀνεχόμενος</span> <span class='ocrx_word' id='word_1_546' title='bbox 3302 3539 3356 3592; x_wconf 76' lang='grc' dir='ltr'>δὲ</span> <span class='ocrx_word' id='word_1_547' title='bbox 3385 3539 3430 3591; x_wconf 81' lang='grc' dir='ltr'><strong>εί</strong></span> <span class='ocrx_word' id='word_1_548' title='bbox 3465 3533 3652 3588; x_wconf 63' lang='lat' dir='ltr'><strong>1631a:-</strong></span> 
     </span>
    </p>
   </div>
   <div class='ocr_carea' id='block_1_77' title="bbox 2139 3631 3124 3705">
    <p class='ocr_par' dir='ltr' id='par_1_77' title="bbox 2139 3631 3124 3705">
     <span class='ocr_line' id='line_1_77' title="bbox 2139 3631 3124 3705; baseline 0.006 -21"><span class='ocrx_word' id='word_1_549' title='bbox 2139 3635 2235 3686; x_wconf 85' lang='grc' dir='ltr'><strong>τον</strong></span> <span class='ocrx_word' id='word_1_550' title='bbox 2265 3631 2477 3686; x_wconf 66' lang='grc' dir='ltr'>ἐκείνου</span> <span class='ocrx_word' id='word_1_551' title='bbox 2530 3635 2664 3703; x_wconf 86' lang='grc' dir='ltr'>παρ’</span> <span class='ocrx_word' id='word_1_552' title='bbox 2699 3634 2833 3705; x_wconf 69' lang='grc' dir='ltr'>ἡμῖν</span> <span class='ocrx_word' id='word_1_553' title='bbox 2869 3634 3124 3705; x_wconf 78' lang='grc' dir='ltr'>φέρεται.</span> 
     </span>
    </p>
   </div>
   <div class='ocr_carea' id='block_1_78' title="bbox 2216 3717 3652 3797">
    <p class='ocr_par' dir='ltr' id='par_1_78' title="bbox 2216 3717 3652 3797">
     <span class='ocr_line' id='line_1_78' title="bbox 2216 3717 3652 3797; baseline -0.006 -19"><span class='ocrx_word' id='word_1_554' title='bbox 2216 3730 2321 3796; x_wconf 90' lang='grc' dir='ltr'>με’.</span> <span class='ocrx_word' id='word_1_555' title='bbox 2354 3725 2482 3790; x_wconf 74' lang='grc' dir='ltr'>Υἱὸς</span> <span class='ocrx_word' id='word_1_556' title='bbox 2536 3723 2595 3778; x_wconf 68' lang='grc' dir='ltr'>δὲ</span> <span class='ocrx_word' id='word_1_557' title='bbox 2645 3726 2857 3797; x_wconf 84' lang='grc' dir='ltr'>Πατρὸς</span> <span class='ocrx_word' id='word_1_558' title='bbox 2901 3725 3156 3780; x_wconf 87' lang='grc' dir='ltr'>τοιούτου</span> <span class='ocrx_word' id='word_1_559' title='bbox 3207 3717 3652 3796; x_wconf 71' lang='grc' dir='ltr'>συμπροαιιὶινιοςὸ</span> 
     </span>
    </p>
   </div>
   <div class='ocr_carea' id='block_1_79' title="bbox 2142 3816 3654 3890">
    <p class='ocr_par' dir='ltr' id='par_1_79' title="bbox 2142 3816 3654 3890">
     <span class='ocr_line' id='line_1_79' title="bbox 2142 3816 3654 3890; baseline -0.003 -18"><span class='ocrx_word' id='word_1_560' title='bbox 2142 3817 2355 3874; x_wconf 73' lang='grc' dir='ltr'>ἐκείνου</span> <span class='ocrx_word' id='word_1_561' title='bbox 2401 3819 2598 3887; x_wconf 78' lang='grc' dir='ltr'>ὲκφὺς,</span> <span class='ocrx_word' id='word_1_562' title='bbox 2634 3819 2826 3874; x_wconf 82' lang='grc' dir='ltr'>καθότι</span> <span class='ocrx_word' id='word_1_563' title='bbox 2873 3819 2933 3886; x_wconf 74' lang='grc' dir='ltr'><strong>ἐξ</strong></span> <span class='ocrx_word' id='word_1_564' title='bbox 2975 3820 3190 3874; x_wconf 71' lang='grc' dir='ltr'>ἐκείνου</span> <span class='ocrx_word' id='word_1_565' title='bbox 3230 3817 3526 3890; x_wconf 74' lang='grc' dir='ltr'>ἐξελήλυθεν</span> <span class='ocrx_word' id='word_1_566' title='bbox 3549 3816 3654 3868; x_wconf 71' lang='grc' dir='ltr'>άπα-</span> 
     </span>
    </p>
   </div>
   <div class='ocr_carea' id='block_1_80' title="bbox 2143 3908 3654 3981">
    <p class='ocr_par' dir='ltr' id='par_1_80' title="bbox 2143 3908 3654 3981">
     <span class='ocr_line' id='line_1_80' title="bbox 2143 3908 3654 3981; baseline -0.005 -17"><span class='ocrx_word' id='word_1_567' title='bbox 2143 3908 2250 3974; x_wconf 86' lang='grc' dir='ltr'>θῶς</span> <span class='ocrx_word' id='word_1_568' title='bbox 2277 3911 2361 3965; x_wconf 83' lang='grc' dir='ltr'><strong>δτι</strong></span> <span class='ocrx_word' id='word_1_569' title='bbox 2393 3911 2486 3964; x_wconf 69' lang='grc' dir='ltr'>καὶ</span> <span class='ocrx_word' id='word_1_570' title='bbox 2522 3910 2744 3976; x_wconf 86' lang='grc' dir='ltr'>θεῖκῶς·</span> <span class='ocrx_word' id='word_1_571' title='bbox 2780 3913 2875 3966; x_wconf 76' lang='grc' dir='ltr'>καὶ</span> <span class='ocrx_word' id='word_1_572' title='bbox 2900 3912 3047 3981; x_wconf 80' lang='grc' dir='ltr'>φιλεῖ</span> <span class='ocrx_word' id='word_1_573' title='bbox 3074 3916 3284 3977; x_wconf 76' lang='grc' dir='ltr'>ἐκεῖνος</span> <span class='ocrx_word' id='word_1_574' title='bbox 3313 3911 3485 3965; x_wconf 79' lang='grc' dir='ltr'>τοῦτον</span> <span class='ocrx_word' id='word_1_575' title='bbox 3513 3921 3654 3960; x_wconf 81' lang='grc' dir='ltr'>συνου-</span> 
     </span>
    </p>
   </div>
   <div class='ocr_carea' id='block_1_81' title="bbox 2145 3992 3652 4076">
    <p class='ocr_par' dir='ltr' id='par_1_81' title="bbox 2145 3992 3652 4076">
     <span class='ocr_line' id='line_1_81' title="bbox 2145 3992 3652 4076; baseline 0.004 -22"><span class='ocrx_word' id='word_1_576' title='bbox 2145 4000 2416 4071; x_wconf 82' lang='grc' dir='ltr'>σιωμένον</span> <span class='ocrx_word' id='word_1_577' title='bbox 2449 4001 2620 4072; x_wconf 79' lang='grc' dir='ltr'>αύτῷ,</span> <span class='ocrx_word' id='word_1_578' title='bbox 2648 4003 2748 4056; x_wconf 73' lang='grc' dir='ltr'>καὶ</span> <span class='ocrx_word' id='word_1_579' title='bbox 2772 4002 2988 4069; x_wconf 76' lang='grc' dir='ltr'>δοξάζει</span> <span class='ocrx_word' id='word_1_580' title='bbox 3008 4001 3141 4076; x_wconf 79' lang='grc' dir='ltr'><strong>δόξῃ</strong></span> <span class='ocrx_word' id='word_1_581' title='bbox 3166 4003 3349 4074; x_wconf 79' lang='grc' dir='ltr'>διπλῇ·</span> <span class='ocrx_word' id='word_1_582' title='bbox 3381 4000 3471 4071; x_wconf 76' lang='grc' dir='ltr'><strong>μιᾷ</strong></span> <span class='ocrx_word' id='word_1_583' title='bbox 3499 3996 3580 4068; x_wconf 72' lang='grc' dir='ltr'>μὲν</span> <span class='ocrx_word' id='word_1_584' title='bbox 3605 3992 3652 4060; x_wconf 61' lang='grc' dir='ltr'>ἢ</span> 
     </span>
    </p>
   </div>
   <div class='ocr_carea' id='block_1_82' title="bbox 2143 4085 3653 4168">
    <p class='ocr_par' dir='ltr' id='par_1_82' title="bbox 2143 4085 3653 4168">
     <span class='ocr_line' id='line_1_82' title="bbox 2143 4085 3653 4168; baseline -0.004 -24"><span class='ocrx_word' id='word_1_585' title='bbox 2143 4091 2250 4162; x_wconf 82' lang='grc' dir='ltr'>πρὸ</span> <span class='ocrx_word' id='word_1_586' title='bbox 2297 4091 2392 4145; x_wconf 81' lang='grc' dir='ltr'><strong>τοῦ</strong></span> <span class='ocrx_word' id='word_1_587' title='bbox 2433 4087 2575 4146; x_wconf 75' lang='grc' dir='ltr'>εἶναι</span> <span class='ocrx_word' id='word_1_588' title='bbox 2625 4093 2717 4148; x_wconf 79' lang='grc' dir='ltr'>τὸν</span> <span class='ocrx_word' id='word_1_589' title='bbox 2763 4093 2993 4163; x_wconf 72' lang='grc' dir='ltr'>κόσμον,</span> <span class='ocrx_word' id='word_1_590' title='bbox 3029 4095 3198 4168; x_wconf 78' lang='grc' dir='ltr'>ἑτέρᾳ</span> <span class='ocrx_word' id='word_1_591' title='bbox 3244 4094 3299 4147; x_wconf 76' lang='grc' dir='ltr'>δὲ</span> <span class='ocrx_word' id='word_1_592' title='bbox 3344 4095 3408 4163; x_wconf 78' lang='grc' dir='ltr'><strong>τῇ</strong></span> <span class='ocrx_word' id='word_1_593' title='bbox 3447 4087 3562 4161; x_wconf 81' lang='grc' dir='ltr'>μετὰ</span> <span class='ocrx_word' id='word_1_594' title='bbox 3583 4085 3653 4154; x_wconf 70' lang='grc' dir='ltr'><strong>τὴν</strong></span> 
     </span>
    </p>
   </div>
   <div class='ocr_carea' id='block_1_83' title="bbox 2141 4181 3653 4263">
    <p class='ocr_par' dir='ltr' id='par_1_83' title="bbox 2141 4181 3653 4263">
     <span class='ocr_line' id='line_1_83' title="bbox 2141 4181 3653 4263; baseline -0.001 -24"><span class='ocrx_word' id='word_1_595' title='bbox 2141 4188 2590 4258; x_wconf 77' lang='grc' dir='ltr'>κοσμοσωτήριον</span> <span class='ocrx_word' id='word_1_596' title='bbox 2635 4189 2920 4260; x_wconf 87' lang='grc' dir='ltr'>σάρκωσιν</span> <span class='ocrx_word' id='word_1_597' title='bbox 2972 4190 3068 4244; x_wconf 71' lang='grc' dir='ltr'>καὶ</span> <span class='ocrx_word' id='word_1_598' title='bbox 3116 4192 3429 4263; x_wconf 78' lang='grc' dir='ltr'>ἐμφάνειαν·</span> <span class='ocrx_word' id='word_1_599' title='bbox 3459 4181 3653 4249; x_wconf 75' lang='grc' dir='ltr'>καὶκληο</span> 
     </span>
    </p>
   </div>
   <div class='ocr_carea' id='block_1_84' title="bbox 2145 4272 3653 4352">
    <p class='ocr_par' dir='ltr' id='par_1_84' title="bbox 2145 4272 3653 4352">
     <span class='ocr_line' id='line_1_84' title="bbox 2145 4272 3653 4352; baseline -0.018 -1"><span class='ocrx_word' id='word_1_600' title='bbox 2145 4279 2374 4348; x_wconf 70' lang='grc' dir='ltr'><strong>ρονόμον</strong></span> <span class='ocrx_word' id='word_1_601' title='bbox 2413 4279 2471 4333; x_wconf 79' lang='grc' dir='ltr'>δὲ</span> <span class='ocrx_word' id='word_1_602' title='bbox 2503 4279 2728 4334; x_wconf 86' lang='grc' dir='ltr'>πάντων</span> <span class='ocrx_word' id='word_1_603' title='bbox 2769 4277 2882 4350; x_wconf 79' lang='grc' dir='ltr'>ἔχει</span> <span class='ocrx_word' id='word_1_604' title='bbox 2917 4281 3028 4334; x_wconf 86' lang='grc' dir='ltr'><strong>τῶν</strong></span> <span class='ocrx_word' id='word_1_605' title='bbox 3058 4281 3227 4335; x_wconf 82' lang='grc' dir='ltr'>αὐτοῦ</span> <span class='ocrx_word' id='word_1_606' title='bbox 3275 4284 3341 4352; x_wconf 76' lang='grc' dir='ltr'><strong>τῇ</strong></span> <span class='ocrx_word' id='word_1_607' title='bbox 3377 4277 3554 4346; x_wconf 75' lang='grc' dir='ltr'>αἰωνίῳ</span> <span class='ocrx_word' id='word_1_608' title='bbox 3579 4272 3653 4328; x_wconf 67' lang='grc' dir='ltr'><strong>αὖα</strong></span> 
     </span>
    </p>
   </div>
   <div class='ocr_carea' id='block_1_85' title="bbox 2140 4369 3654 4446">
    <p class='ocr_par' dir='ltr' id='par_1_85' title="bbox 2140 4369 3654 4446">
     <span class='ocr_line' id='line_1_85' title="bbox 2140 4369 3654 4446; baseline -0.003 -23"><span class='ocrx_word' id='word_1_609' title='bbox 2140 4369 2234 4423; x_wconf 80' lang='grc' dir='ltr'><strong>τοῦ</strong></span> <span class='ocrx_word' id='word_1_610' title='bbox 2267 4369 2381 4443; x_wconf 78' lang='grc' dir='ltr'>ζωῇ</span> <span class='ocrx_word' id='word_1_611' title='bbox 2415 4371 2514 4426; x_wconf 73' lang='grc' dir='ltr'>καὶ</span> <span class='ocrx_word' id='word_1_612' title='bbox 2559 4371 2831 4445; x_wconf 76' lang='grc' dir='ltr'>βασιλείᾳ,</span> <span class='ocrx_word' id='word_1_613' title='bbox 2885 4375 2978 4427; x_wconf 74' lang='grc' dir='ltr'>καὶ</span> <span class='ocrx_word' id='word_1_614' title='bbox 3026 4375 3127 4446; x_wconf 80' lang='grc' dir='ltr'>τὴν</span> <span class='ocrx_word' id='word_1_615' title='bbox 3171 4375 3265 4430; x_wconf 81' lang='grc' dir='ltr'>τοῦ</span> <span class='ocrx_word' id='word_1_616' title='bbox 3303 4373 3424 4428; x_wconf 80' lang='grc' dir='ltr'><strong>Υἱοῦ</strong></span> <span class='ocrx_word' id='word_1_617' title='bbox 3453 4371 3654 4440; x_wconf 84' lang='grc' dir='ltr'>κληρονο-</span> 
     </span>
    </p>
   </div>
   <div class='ocr_carea' id='block_1_86' title="bbox 2145 4463 3649 4539">
    <p class='ocr_par' dir='ltr' id='par_1_86' title="bbox 2145 4463 3649 4539">
     <span class='ocr_line' id='line_1_86' title="bbox 2145 4463 3649 4539; baseline 0.002 -23"><span class='ocrx_word' id='word_1_618' title='bbox 2145 4463 2275 4533; x_wconf 88' lang='grc' dir='ltr'>μίαν</span> <span class='ocrx_word' id='word_1_619' title='bbox 2315 4466 2842 4536; x_wconf 72' lang='grc' dir='ltr'>συμπαραμετρῶνο</span> <span class='ocrx_word' id='word_1_620' title='bbox 2887 4468 2948 4519; x_wconf 83' lang='grc' dir='ltr'><strong>ού</strong></span> <span class='ocrx_word' id='word_1_621' title='bbox 2985 4468 3206 4539; x_wconf 83' lang='grc' dir='ltr'>θανάτῳ</span> <span class='ocrx_word' id='word_1_622' title='bbox 3247 4465 3649 4532; x_wconf 77' lang='grc' dir='ltr'>ἁπελευσομένην,</span> 
     </span>
    </p>
   </div>
   <div class='ocr_carea' id='block_1_87' title="bbox 456 4549 2037 4631">
    <p class='ocr_par' dir='ltr' id='par_1_87' title="bbox 456 4549 2037 4621">
     <span class='ocr_line' id='line_1_87' title="bbox 456 4549 2037 4621; baseline -0.002 -13"><span class='ocrx_word' id='word_1_623' title='bbox 456 4554 734 4610; x_wconf 86' lang='lat' dir='ltr'><strong>munionis</strong></span> <span class='ocrx_word' id='word_1_624' title='bbox 781 4553 1054 4608; x_wconf 77' lang='lat' dir='ltr'><strong>beneﬁcio</strong></span> <span class='ocrx_word' id='word_1_625' title='bbox 1107 4550 1438 4605; x_wconf 89' lang='lat' dir='ltr'><strong>immortalis</strong></span> <span class='ocrx_word' id='word_1_626' title='bbox 1502 4549 1625 4616; x_wconf 91' lang='lat' dir='ltr'><strong>erit,</strong></span> <span class='ocrx_word' id='word_1_627' title='bbox 1669 4550 1742 4604; x_wconf 89' lang='lat' dir='ltr'><strong>ita</strong></span> <span class='ocrx_word' id='word_1_628' title='bbox 1799 4559 1860 4604; x_wconf 90' lang='lat' dir='ltr'><strong>ut</strong></span> <span class='ocrx_word' id='word_1_629' title='bbox 1913 4565 2037 4621; x_wconf 64' lang='lat' dir='ltr'><strong>quae</strong></span> 
     </span>
    </p>
   </div>
   <div class='ocr_carea' id='block_1_88' title="bbox 2145 4549 3652 4631">
    <p class='ocr_par' dir='ltr' id='par_1_88' title="bbox 2145 4553 3652 4631">
     <span class='ocr_line' id='line_1_88' title="bbox 2145 4553 3652 4631; baseline -0.004 -23"><span class='ocrx_word' id='word_1_630' title='bbox 2145 4555 2279 4608; x_wconf 78' lang='grc' dir='ltr'>ἀλλὰ</span> <span class='ocrx_word' id='word_1_631' title='bbox 2315 4556 2570 4625; x_wconf 69' lang='grc' dir='ltr'>κοινωνίᾳ</span> <span class='ocrx_word' id='word_1_632' title='bbox 2618 4574 2680 4611; x_wconf 91' lang='grc' dir='ltr'><strong>συ</strong></span> <span class='ocrx_word' id='word_1_633' title='bbox 2692 4558 3304 4631; x_wconf 84' lang='grc' dir='ltr'>μπαρεκταθησομένην</span> <span class='ocrx_word' id='word_1_634' title='bbox 3334 4561 3396 4628; x_wconf 80' lang='grc' dir='ltr'>τῇ</span> <span class='ocrx_word' id='word_1_635' title='bbox 3425 4559 3474 4621; x_wconf 75' lang='grc' dir='ltr'>ἐς</span> <span class='ocrx_word' id='word_1_636' title='bbox 3499 4553 3652 4608; x_wconf 80' lang='grc' dir='ltr'>ἀθάνα-</span> 
     </span>
    </p>
   </div>
   <div class='ocr_carea' id='block_1_89' title="bbox 455 4641 2037 4724">
    <p class='ocr_par' dir='ltr' id='par_1_89' title="bbox 455 4641 2037 4716">
     <span class='ocr_line' id='line_1_89' title="bbox 455 4641 2037 4716; baseline -0.003 -13"><span class='ocrx_word' id='word_1_637' title='bbox 455 4647 619 4703; x_wconf 84' lang='lat' dir='ltr'><strong>Pater</strong></span> <span class='ocrx_word' id='word_1_638' title='bbox 673 4660 840 4716; x_wconf 89' lang='lat' dir='ltr'><strong>penes</strong></span> <span class='ocrx_word' id='word_1_639' title='bbox 889 4659 989 4698; x_wconf 90' lang='lat' dir='ltr'><strong>nos</strong></span> <span class='ocrx_word' id='word_1_640' title='bbox 1058 4643 1240 4705; x_wconf 81' lang='lat' dir='ltr'><strong>habet,</strong></span> <span class='ocrx_word' id='word_1_641' title='bbox 1285 4641 1351 4696; x_wconf 86' lang='lat' dir='ltr'><strong>ad</strong></span> <span class='ocrx_word' id='word_1_642' title='bbox 1406 4641 1605 4695; x_wconf 83' lang='lat' dir='ltr'><strong>Filium</strong></span> <span class='ocrx_word' id='word_1_643' title='bbox 1657 4655 1874 4712; x_wconf 91' lang='lat' dir='ltr'><strong>quoque</strong></span> <span class='ocrx_word' id='word_1_644' title='bbox 1919 4659 2037 4713; x_wconf 80' lang='lat' dir='ltr'><strong>spe-</strong></span> 
     </span>
    </p>
   </div>
   <div class='ocr_carea' id='block_1_90' title="bbox 2145 4641 3652 4724">
    <p class='ocr_par' dir='ltr' id='par_1_90' title="bbox 2145 4642 3652 4724">
     <span class='ocr_line' id='line_1_90' title="bbox 2145 4642 3652 4724; baseline -0.007 -22"><span class='ocrx_word' id='word_1_645' title='bbox 2145 4665 2256 4703; x_wconf 83' lang='grc' dir='ltr'>τον’</span> <span class='ocrx_word' id='word_1_646' title='bbox 2295 4649 2383 4702; x_wconf 82' lang='grc' dir='ltr'><strong>ἴνα</strong></span> <span class='ocrx_word' id='word_1_647' title='bbox 2420 4649 2582 4702; x_wconf 80' lang='grc' dir='ltr'>τοῦτο</span> <span class='ocrx_word' id='word_1_648' title='bbox 2606 4648 2670 4718; x_wconf 84' lang='grc' dir='ltr'>δὴ</span> <span class='ocrx_word' id='word_1_649' title='bbox 2701 4650 2761 4702; x_wconf 71' lang='grc' dir='ltr'>τὸ</span> <span class='ocrx_word' id='word_1_650' title='bbox 2790 4651 2846 4704; x_wconf 81' lang='grc' dir='ltr'>ἐν</span> <span class='ocrx_word' id='word_1_651' title='bbox 2877 4651 3010 4722; x_wconf 76' lang='grc' dir='ltr'>ἡμῖν</span> <span class='ocrx_word' id='word_1_652' title='bbox 3048 4653 3123 4723; x_wconf 85' lang='grc' dir='ltr'>μὴ</span> <span class='ocrx_word' id='word_1_653' title='bbox 3154 4651 3386 4724; x_wconf 79' lang='grc' dir='ltr'>κρατοῦν</span> <span class='ocrx_word' id='word_1_654' title='bbox 3408 4649 3562 4702; x_wconf 78' lang='grc' dir='ltr'>πάντα</span> <span class='ocrx_word' id='word_1_655' title='bbox 3584 4642 3652 4695; x_wconf 74' lang='grc' dir='ltr'>καὶ</span> 
     </span>
    </p>
   </div>
   <div class='ocr_carea' id='block_1_91' title="bbox 451 4731 2037 4816">
    <p class='ocr_par' dir='ltr' id='par_1_91' title="bbox 451 4731 2037 4806">
     <span class='ocr_line' id='line_1_91' title="bbox 451 4731 2037 4806; baseline -0.002 -12"><span class='ocrx_word' id='word_1_656' title='bbox 451 4745 626 4802; x_wconf 84' lang='lat' dir='ltr'><strong>ctent,</strong></span> <span class='ocrx_word' id='word_1_657' title='bbox 646 4745 698 4790; x_wconf 93' lang='lat' dir='ltr'><strong>et</strong></span> <span class='ocrx_word' id='word_1_658' title='bbox 719 4744 777 4790; x_wconf 94' lang='lat' dir='ltr'><strong>nt</strong></span> <span class='ocrx_word' id='word_1_659' title='bbox 801 4750 923 4806; x_wconf 72' lang='lat' dir='ltr'><strong>qua:</strong></span> <span class='ocrx_word' id='word_1_660' title='bbox 951 4732 1074 4788; x_wconf 82' lang='lat' dir='ltr'><strong>Filii</strong></span> <span class='ocrx_word' id='word_1_661' title='bbox 1109 4742 1259 4796; x_wconf 89' lang='lat' dir='ltr'><strong>sunt,</strong></span> <span class='ocrx_word' id='word_1_662' title='bbox 1291 4731 1473 4786; x_wconf 85' lang='lat' dir='ltr'><strong>Patris</strong></span> <span class='ocrx_word' id='word_1_663' title='bbox 1500 4747 1716 4802; x_wconf 87' lang='lat' dir='ltr'><strong>quoque</strong></span> <span class='ocrx_word' id='word_1_664' title='bbox 1748 4733 1952 4798; x_wconf 85' lang='lat' dir='ltr'><strong>sint,et</strong></span> <span class='ocrx_word' id='word_1_665' title='bbox 1983 4744 2037 4791; x_wconf 92' lang='lat' dir='ltr'><strong>ut</strong></span> 
     </span>
    </p>
   </div>
   <div class='ocr_carea' id='block_1_92' title="bbox 2145 4731 3652 4816">
    <p class='ocr_par' dir='ltr' id='par_1_92' title="bbox 2145 4734 3652 4816">
     <span class='ocr_line' id='line_1_92' title="bbox 2145 4734 3652 4816; baseline -0.001 -24"><span class='ocrx_word' id='word_1_666' title='bbox 2145 4741 2374 4795; x_wconf 85' lang='grc' dir='ltr'>πάντοτε</span> <span class='ocrx_word' id='word_1_667' title='bbox 2404 4742 2507 4795; x_wconf 75' lang='grc' dir='ltr'>ὅσα</span> <span class='ocrx_word' id='word_1_668' title='bbox 2531 4740 2644 4811; x_wconf 74' lang='grc' dir='ltr'>ἔχει</span> <span class='ocrx_word' id='word_1_669' title='bbox 2676 4743 2703 4795; x_wconf 84' lang='grc' dir='ltr'>ὁ</span> <span class='ocrx_word' id='word_1_670' title='bbox 2737 4741 2947 4814; x_wconf 77' lang='grc' dir='ltr'>Πατὴρ,</span> <span class='ocrx_word' id='word_1_671' title='bbox 2967 4743 3069 4816; x_wconf 75' lang='grc' dir='ltr'><strong>ἔχῃ</strong></span> <span class='ocrx_word' id='word_1_672' title='bbox 3091 4742 3350 4813; x_wconf 76' lang='grc' dir='ltr'>διηνεκῶς</span> <span class='ocrx_word' id='word_1_673' title='bbox 3377 4744 3404 4796; x_wconf 85' lang='grc' dir='ltr'><strong>ὁ</strong></span> <span class='ocrx_word' id='word_1_674' title='bbox 3433 4740 3561 4806; x_wconf 73' lang='grc' dir='ltr'>Υίὺς,</span> <span class='ocrx_word' id='word_1_675' title='bbox 3584 4734 3652 4787; x_wconf 73' lang='grc' dir='ltr'>καὶ</span> 
     </span>
    </p>
   </div>
   <div class='ocr_carea' id='block_1_93' title="bbox 456 4825 2037 4907">
    <p class='ocr_par' dir='ltr' id='par_1_93' title="bbox 456 4825 2037 4886">
     <span class='ocr_line' id='line_1_93' title="bbox 456 4825 2037 4886; baseline 0.001 -5"><span class='ocrx_word' id='word_1_676' title='bbox 456 4834 617 4884; x_wconf 73' lang='lat' dir='ltr'><strong>ambo</strong></span> <span class='ocrx_word' id='word_1_677' title='bbox 653 4828 991 4886; x_wconf 84' lang='lat' dir='ltr'><strong>immortales</strong></span> <span class='ocrx_word' id='word_1_678' title='bbox 1023 4841 1088 4881; x_wconf 86' lang='lat' dir='ltr'><strong>ac</strong></span> <span class='ocrx_word' id='word_1_679' title='bbox 1123 4827 1391 4881; x_wconf 66' lang='lat' dir='ltr'><strong>coaetanei</strong></span> <span class='ocrx_word' id='word_1_680' title='bbox 1453 4825 1741 4880; x_wconf 73' lang='lat' dir='ltr'><strong>exsistant.</strong></span> <span class='ocrx_word' id='word_1_681' title='bbox 1763 4825 1860 4881; x_wconf 85' lang='lat' dir='ltr'><strong>Hic</strong></span> <span class='ocrx_word' id='word_1_682' title='bbox 1892 4829 2037 4882; x_wconf 89' lang='lat' dir='ltr'><strong>enim</strong></span> 
     </span>
    </p>
   </div>
   <div class='ocr_carea' id='block_1_94' title="bbox 2145 4825 3653 4907">
    <p class='ocr_par' dir='ltr' id='par_1_94' title="bbox 2145 4825 3653 4907">
     <span class='ocr_line' id='line_1_94' title="bbox 2145 4825 3653 4907; baseline -0.003 -20"><span class='ocrx_word' id='word_1_683' title='bbox 2145 4834 2315 4888; x_wconf 82' lang='grc' dir='ltr'>πάντα</span> <span class='ocrx_word' id='word_1_684' title='bbox 2345 4833 2414 4887; x_wconf 74' lang='grc' dir='ltr'><strong>τά</strong></span> <span class='ocrx_word' id='word_1_685' title='bbox 2452 4833 2561 4888; x_wconf 70' lang='grc' dir='ltr'>ιτοῢ</span> <span class='ocrx_word' id='word_1_686' title='bbox 2617 4836 2753 4890; x_wconf 74' lang='grc' dir='ltr'><strong>1⁸ίοῦ</strong></span> <span class='ocrx_word' id='word_1_687' title='bbox 2807 4833 2906 4907; x_wconf 76' lang='grc' dir='ltr'><strong>ἔχῃ</strong></span> <span class='ocrx_word' id='word_1_688' title='bbox 2967 4838 3062 4890; x_wconf 77' lang='grc' dir='ltr'>καὶ</span> <span class='ocrx_word' id='word_1_689' title='bbox 3116 4839 3145 4890; x_wconf 84' lang='grc' dir='ltr'><strong>δ</strong></span> <span class='ocrx_word' id='word_1_690' title='bbox 3205 4837 3409 4906; x_wconf 80' lang='grc' dir='ltr'>Πατὴρ,</span> <span class='ocrx_word' id='word_1_691' title='bbox 3455 4825 3653 4886; x_wconf 65' lang='grc' dir='ltr'>κοινωνει</span> 
     </span>
    </p>
   </div>
   <div class='ocr_carea' id='block_1_95' title="bbox 451 4918 2037 4998">
    <p class='ocr_par' dir='ltr' id='par_1_95' title="bbox 451 4919 2037 4990">
     <span class='ocr_line' id='line_1_95' title="bbox 451 4919 2037 4990; baseline -0.003 -13"><span class='ocrx_word' id='word_1_692' title='bbox 451 4922 623 4977; x_wconf 81' lang='lat' dir='ltr'><strong>Filius</strong></span> <span class='ocrx_word' id='word_1_693' title='bbox 656 4922 803 4976; x_wconf 90' lang='lat' dir='ltr'><strong>illius</strong></span> <span class='ocrx_word' id='word_1_694' title='bbox 838 4919 1057 4985; x_wconf 82' lang='lat' dir='ltr'><strong>Patris;</strong></span> <span class='ocrx_word' id='word_1_695' title='bbox 1095 4920 1241 4974; x_wconf 88' lang='lat' dir='ltr'><strong>sicut</strong></span> <span class='ocrx_word' id='word_1_696' title='bbox 1271 4919 1433 4975; x_wconf 85' lang='lat' dir='ltr'><strong>Pater</strong></span> <span class='ocrx_word' id='word_1_697' title='bbox 1480 4934 1578 4974; x_wconf 83' lang='lat' dir='ltr'><strong>nos</strong></span> <span class='ocrx_word' id='word_1_698' title='bbox 1639 4919 1786 4974; x_wconf 79' lang='lat' dir='ltr'><strong>ﬁlios</strong></span> <span class='ocrx_word' id='word_1_699' title='bbox 1846 4920 2037 4990; x_wconf 76' lang='lat' dir='ltr'><strong>genui-</strong></span> 
     </span>
    </p>
   </div>
   <div class='ocr_carea' id='block_1_96' title="bbox 2145 4918 3653 4998">
    <p class='ocr_par' dir='ltr' id='par_1_96' title="bbox 2145 4918 3653 4998">
     <span class='ocr_line' id='line_1_96' title="bbox 2145 4918 3653 4998; baseline 0 -20"><span class='ocrx_word' id='word_1_700' title='bbox 2145 4923 2286 4979; x_wconf 82' lang='grc' dir='ltr'>οὗτοι</span> <span class='ocrx_word' id='word_1_701' title='bbox 2318 4925 2578 4980; x_wconf 81' lang='grc' dir='ltr'>ἀθάνατοι</span> <span class='ocrx_word' id='word_1_702' title='bbox 2603 4927 2698 4981; x_wconf 79' lang='grc' dir='ltr'>καὶ</span> <span class='ocrx_word' id='word_1_703' title='bbox 2731 4927 3028 4998; x_wconf 73' lang='grc' dir='ltr'>ὰδιάδοχοισ</span> <span class='ocrx_word' id='word_1_704' title='bbox 3065 4929 3146 4982; x_wconf 77' lang='grc' dir='ltr'>ἔτι</span> <span class='ocrx_word' id='word_1_705' title='bbox 3175 4929 3301 4992; x_wconf 62' lang='lat' dir='ltr'><strong>mg</strong></span> <span class='ocrx_word' id='word_1_706' title='bbox 3329 4921 3470 4990; x_wconf 73' lang='grc' dir='ltr'>οὗτος</span> <span class='ocrx_word' id='word_1_707' title='bbox 3489 4918 3653 4990; x_wconf 65' lang='grc' dir='ltr'>Πατρδς</span> 
     </span>
    </p>
   </div>
   <div class='ocr_carea' id='block_1_97' title="bbox 456 5007 2037 5092">
    <p class='ocr_par' dir='ltr' id='par_1_97' title="bbox 456 5010 2037 5082">
     <span class='ocr_line' id='line_1_97' title="bbox 456 5010 2037 5082; baseline -0.001 -16"><span class='ocrx_word' id='word_1_708' title='bbox 456 5027 552 5067; x_wconf 75' lang='lat' dir='ltr'><strong>nos</strong></span> <span class='ocrx_word' id='word_1_709' title='bbox 589 5012 892 5082; x_wconf 88' lang='lat' dir='ltr'><strong>adoptavit,</strong></span> <span class='ocrx_word' id='word_1_710' title='bbox 920 5011 1002 5066; x_wconf 83' lang='lat' dir='ltr'><strong>sic</strong></span> <span class='ocrx_word' id='word_1_711' title='bbox 1057 5011 1168 5078; x_wconf 88' lang='lat' dir='ltr'><strong>ille,</strong></span> <span class='ocrx_word' id='word_1_712' title='bbox 1200 5025 1466 5068; x_wconf 84' lang='lat' dir='ltr'><strong>concesso</strong></span> <span class='ocrx_word' id='word_1_713' title='bbox 1515 5011 1674 5068; x_wconf 86' lang='lat' dir='ltr'><strong>nobis</strong></span> <span class='ocrx_word' id='word_1_714' title='bbox 1723 5010 1828 5066; x_wconf 84' lang='lat' dir='ltr'><strong>hoc</strong></span> <span class='ocrx_word' id='word_1_715' title='bbox 1867 5011 2037 5082; x_wconf 86' lang='lat' dir='ltr'><strong>privi-</strong></span> 
     </span>
    </p>
   </div>
   <div class='ocr_carea' id='block_1_98' title="bbox 2145 5007 3651 5092">
    <p class='ocr_par' dir='ltr' id='par_1_98' title="bbox 2145 5007 3651 5092">
     <span class='ocr_line' id='line_1_98' title="bbox 2145 5007 3651 5092; baseline -0.007 -23"><span class='ocrx_word' id='word_1_716' title='bbox 2145 5015 2353 5070; x_wconf 72' lang='grc' dir='ltr'>ἐκείνου</span> <span class='ocrx_word' id='word_1_717' title='bbox 2403 5019 2484 5071; x_wconf 79' lang='grc' dir='ltr'>ὅτι</span> <span class='ocrx_word' id='word_1_718' title='bbox 2531 5019 2678 5072; x_wconf 81' lang='grc' dir='ltr'>καθά</span> <span class='ocrx_word' id='word_1_719' title='bbox 2723 5021 2751 5073; x_wconf 81' lang='grc' dir='ltr'><strong>ὁ</strong></span> <span class='ocrx_word' id='word_1_720' title='bbox 2787 5020 2976 5091; x_wconf 80' lang='grc' dir='ltr'>Πατὴρ</span> <span class='ocrx_word' id='word_1_721' title='bbox 3004 5021 3085 5084; x_wconf 86' lang='grc' dir='ltr'><strong>είς</strong></span> <span class='ocrx_word' id='word_1_722' title='bbox 3115 5021 3267 5085; x_wconf 82' lang='grc' dir='ltr'>υἱοὺς</span> <span class='ocrx_word' id='word_1_723' title='bbox 3302 5021 3438 5092; x_wconf 70' lang='grc' dir='ltr'>ἡμᾶς</span> <span class='ocrx_word' id='word_1_724' title='bbox 3485 5007 3651 5078; x_wconf 70' lang='grc' dir='ltr'><strong>ἐξιδιὼ-</strong></span> 
     </span>
    </p>
   </div>
   <div class='ocr_carea' id='block_1_99' title="bbox 456 5101 2037 5184">
    <p class='ocr_par' dir='ltr' id='par_1_99' title="bbox 456 5105 2033 5177">
     <span class='ocr_line' id='line_1_99' title="bbox 456 5105 2033 5177; baseline -0.004 -15"><span class='ocrx_word' id='word_1_725' title='bbox 456 5109 621 5177; x_wconf 77' lang='lat' dir='ltr'><strong>legio,</strong></span> <span class='ocrx_word' id='word_1_726' title='bbox 667 5106 862 5161; x_wconf 81' lang='lat' dir='ltr'><strong>fratres</strong></span> <span class='ocrx_word' id='word_1_727' title='bbox 892 5121 1024 5160; x_wconf 87' lang='lat' dir='ltr'><strong>suos</strong></span> <span class='ocrx_word' id='word_1_728' title='bbox 1050 5105 1199 5160; x_wconf 79' lang='lat' dir='ltr'><strong>fecit.</strong></span> <span class='ocrx_word' id='word_1_729' title='bbox 1234 5105 1372 5171; x_wconf 82' lang='lat' dir='ltr'><strong>Quia</strong></span> <span class='ocrx_word' id='word_1_730' title='bbox 1397 5105 1542 5160; x_wconf 89' lang='lat' dir='ltr'><strong>enim</strong></span> <span class='ocrx_word' id='word_1_731' title='bbox 1579 5119 1819 5159; x_wconf 87' lang='lat' dir='ltr'><strong>amorem</strong></span> <span class='ocrx_word' id='word_1_732' title='bbox 1845 5112 2033 5174; x_wconf 82' lang='lat' dir='ltr'><strong>pater-</strong></span> 
     </span>
    </p>
   </div>
   <div class='ocr_carea' id='block_1_100' title="bbox 2145 5101 3652 5184">
    <p class='ocr_par' dir='ltr' id='par_1_100' title="bbox 2145 5101 3652 5184">
     <span class='ocr_line' id='line_1_100' title="bbox 2145 5101 3652 5184; baseline -0.017 -1"><span class='ocrx_word' id='word_1_733' title='bbox 2145 5125 2273 5163; x_wconf 69' lang='grc' dir='ltr'><strong>σατο</strong></span> <span class='ocrx_word' id='word_1_734' title='bbox 2309 5112 2663 5182; x_wconf 79' lang='grc' dir='ltr'>γνησιότητος</span> <span class='ocrx_word' id='word_1_735' title='bbox 2697 5111 2843 5182; x_wconf 84' lang='grc' dir='ltr'>λόγῳ</span> <span class='ocrx_word' id='word_1_736' title='bbox 2897 5113 3275 5184; x_wconf 82' lang='grc' dir='ltr'>θεοπρεποῦς,</span> <span class='ocrx_word' id='word_1_737' title='bbox 3327 5111 3485 5171; x_wconf 75' lang='grc' dir='ltr'>οὕτως</span> <span class='ocrx_word' id='word_1_738' title='bbox 3527 5101 3652 5159; x_wconf 71' lang='grc' dir='ltr'>αὐτὸς</span> 
     </span>
    </p>
   </div>
   <div class='ocr_carea' id='block_1_101' title="bbox 459 5196 2037 5278">
    <p class='ocr_par' dir='ltr' id='par_1_101' title="bbox 459 5196 2026 5263">
     <span class='ocr_line' id='line_1_101' title="bbox 459 5196 2026 5263; baseline -0.002 -10"><span class='ocrx_word' id='word_1_739' title='bbox 459 5215 585 5253; x_wconf 90' lang='lat' dir='ltr'><strong>unm</strong></span> <span class='ocrx_word' id='word_1_740' title='bbox 621 5201 674 5254; x_wconf 92' lang='lat' dir='ltr'><strong>iu</strong></span> <span class='ocrx_word' id='word_1_741' title='bbox 727 5199 868 5254; x_wconf 80' lang='lat' dir='ltr'><strong>ﬁlios</strong></span> <span class='ocrx_word' id='word_1_742' title='bbox 907 5205 962 5253; x_wconf 92' lang='lat' dir='ltr'><strong>et</strong></span> <span class='ocrx_word' id='word_1_743' title='bbox 1022 5197 1325 5253; x_wconf 78' lang='lat' dir='ltr'><strong>fraternum</strong></span> <span class='ocrx_word' id='word_1_744' title='bbox 1389 5199 1443 5251; x_wconf 93' lang='lat' dir='ltr'><strong>in</strong></span> <span class='ocrx_word' id='word_1_745' title='bbox 1512 5197 1712 5252; x_wconf 81' lang='lat' dir='ltr'><strong>fratres</strong></span> <span class='ocrx_word' id='word_1_746' title='bbox 1773 5196 2026 5263; x_wconf 85' lang='lat' dir='ltr'><strong>contulit,</strong></span> 
     </span>
    </p>
   </div>
   <div class='ocr_carea' id='block_1_102' title="bbox 2145 5196 3653 5278">
    <p class='ocr_par' dir='ltr' id='par_1_102' title="bbox 2145 5201 3653 5278">
     <span class='ocr_line' id='line_1_102' title="bbox 2145 5201 3653 5278; baseline 0.005 -24"><span class='ocrx_word' id='word_1_747' title='bbox 2145 5204 2464 5274; x_wconf 74' lang='grc' dir='ltr'>ἐκχωρήσας</span> <span class='ocrx_word' id='word_1_748' title='bbox 2513 5204 2708 5274; x_wconf 79' lang='grc' dir='ltr'>ἐκείνῳ</span> <span class='ocrx_word' id='word_1_749' title='bbox 2748 5205 2848 5276; x_wconf 77' lang='grc' dir='ltr'>τῆς</span> <span class='ocrx_word' id='word_1_750' title='bbox 2885 5205 3272 5278; x_wconf 85' lang='grc' dir='ltr'>προληπτικῆς</span> <span class='ocrx_word' id='word_1_751' title='bbox 3319 5201 3552 5263; x_wconf 82' lang='grc' dir='ltr'>τοιαύτης</span> <span class='ocrx_word' id='word_1_752' title='bbox 3581 5207 3653 5261; x_wconf 68' lang='grc' dir='ltr'><strong>με·</strong></span> 
     </span>
    </p>
   </div>
   <div class='ocr_carea' id='block_1_103' title="bbox 459 5281 2037 5369">
    <p class='ocr_par' dir='ltr' id='par_1_103' title="bbox 459 5287 2036 5361">
     <span class='ocr_line' id='line_1_103' title="bbox 459 5287 2036 5361; baseline -0.001 -16"><span class='ocrx_word' id='word_1_753' title='bbox 459 5293 652 5346; x_wconf 79' lang='lat' dir='ltr'><strong>Filium</strong></span> <span class='ocrx_word' id='word_1_754' title='bbox 683 5291 836 5344; x_wconf 87' lang='lat' dir='ltr'><strong>illum</strong></span> <span class='ocrx_word' id='word_1_755' title='bbox 865 5291 1138 5361; x_wconf 87' lang='lat' dir='ltr'><strong>principio</strong></span> <span class='ocrx_word' id='word_1_756' title='bbox 1174 5300 1458 5344; x_wconf 84' lang='lat' dir='ltr'><strong>carentem</strong></span> <span class='ocrx_word' id='word_1_757' title='bbox 1499 5287 1697 5355; x_wconf 70' lang='lat' dir='ltr'><strong>Patris,</strong></span> <span class='ocrx_word' id='word_1_758' title='bbox 1760 5287 1854 5359; x_wconf 78' lang='lat' dir='ltr'><strong>qui</strong></span> <span class='ocrx_word' id='word_1_759' title='bbox 1913 5287 2036 5344; x_wconf 84' lang='lat' dir='ltr'><strong>sine</strong></span> 
     </span>
    </p>
   </div>
   <div class='ocr_carea' id='block_1_104' title="bbox 2145 5281 3652 5369">
    <p class='ocr_par' dir='ltr' id='par_1_104' title="bbox 2145 5281 3652 5369">
     <span class='ocr_line' id='line_1_104' title="bbox 2145 5281 3652 5369; baseline -0.021 -6"><span class='ocrx_word' id='word_1_760' title='bbox 2145 5293 2308 5363; x_wconf 73' lang='grc' dir='ltr'><strong>ρίδοςο</strong></span> <span class='ocrx_word' id='word_1_761' title='bbox 2352 5296 2434 5359; x_wconf 74' lang='grc' dir='ltr'>εἰς</span> <span class='ocrx_word' id='word_1_762' title='bbox 2481 5295 2746 5366; x_wconf 73' lang='grc' dir='ltr'>ἀδελφοὺς</span> <span class='ocrx_word' id='word_1_763' title='bbox 2787 5297 2940 5367; x_wconf 76' lang='grc' dir='ltr'>ἡμᾶς</span> <span class='ocrx_word' id='word_1_764' title='bbox 2996 5298 3349 5369; x_wconf 78' lang='grc' dir='ltr'>ᾠκειώσατοο</span> <span class='ocrx_word' id='word_1_765' title='bbox 3392 5294 3467 5356; x_wconf 86' lang='grc' dir='ltr'><strong>είς</strong></span> <span class='ocrx_word' id='word_1_766' title='bbox 3500 5281 3652 5340; x_wconf 73' lang='grc' dir='ltr'>ταύτὸν</span> 
     </span>
    </p>
   </div>
   <div class='ocr_carea' id='block_1_105' title="bbox 457 5375 2037 5463">
    <p class='ocr_par' dir='ltr' id='par_1_105' title="bbox 457 5381 1648 5455">
     <span class='ocr_line' id='line_1_105' title="bbox 457 5381 1648 5455; baseline -0.003 -17"><span class='ocrx_word' id='word_1_767' title='bbox 457 5385 722 5455; x_wconf 79' lang='lat' dir='ltr'><strong>principio</strong></span> <span class='ocrx_word' id='word_1_768' title='bbox 758 5394 860 5446; x_wconf 84' lang='lat' dir='ltr'><strong>est,</strong></span> <span class='ocrx_word' id='word_1_769' title='bbox 896 5382 1153 5453; x_wconf 78' lang='lat' dir='ltr'><strong>appellati</strong></span> <span class='ocrx_word' id='word_1_770' title='bbox 1219 5389 1444 5452; x_wconf 82' lang='lat' dir='ltr'><strong>prorsus</strong></span> <span class='ocrx_word' id='word_1_771' title='bbox 1471 5381 1648 5438; x_wconf 90' lang='lat' dir='ltr'><strong>decet.</strong></span> 
     </span>
    </p>
   </div>
   <div class='ocr_carea' id='block_1_106' title="bbox 2145 5375 3651 5463">
    <p class='ocr_par' dir='ltr' id='par_1_106' title="bbox 2145 5375 3651 5461">
     <span class='ocr_line' id='line_1_106' title="bbox 2145 5375 3651 5461; baseline 0.005 -24"><span class='ocrx_word' id='word_1_772' title='bbox 2145 5387 2470 5454; x_wconf 81' lang='grc' dir='ltr'>συναγαγὼν</span> <span class='ocrx_word' id='word_1_773' title='bbox 2501 5388 2722 5460; x_wconf 76' lang='grc' dir='ltr'>ἀγάπης</span> <span class='ocrx_word' id='word_1_774' title='bbox 2775 5389 3056 5461; x_wconf 70' lang='grc' dir='ltr'>πατρικὴν</span> <span class='ocrx_word' id='word_1_775' title='bbox 3089 5391 3304 5458; x_wconf 80' lang='grc' dir='ltr'>ἐκείνην</span> <span class='ocrx_word' id='word_1_776' title='bbox 3341 5386 3513 5456; x_wconf 85' lang='grc' dir='ltr'>σχέσιν</span> <span class='ocrx_word' id='word_1_777' title='bbox 3547 5375 3651 5444; x_wconf 62' lang='grc' dir='ltr'><strong>πρδῖ</strong></span> 
     </span>
    </p>
   </div>
   <div class='ocr_carea' id='block_1_107' title="bbox 455 5478 3652 5555">
    <p class='ocr_par' dir='ltr' id='par_1_107' title="bbox 455 5478 3652 5555">
     <span class='ocr_line' id='line_1_107' title="bbox 455 5478 3652 5555; baseline 0.003 -20"><span class='ocrx_word' id='word_1_778' title='bbox 455 5484 624 5546; x_wconf 68' lang='grc' dir='ltr'>υἱοὺς,</span> <span class='ocrx_word' id='word_1_779' title='bbox 654 5481 752 5535; x_wconf 64' lang='grc' dir='ltr'><strong>καὶ</strong></span> <span class='ocrx_word' id='word_1_780' title='bbox 785 5480 1078 5550; x_wconf 78' lang='grc' dir='ltr'>ἀδελφικὴν</span> <span class='ocrx_word' id='word_1_781' title='bbox 1123 5481 1328 5551; x_wconf 75' lang='grc' dir='ltr'>ταύτην</span> <span class='ocrx_word' id='word_1_782' title='bbox 1387 5479 1525 5550; x_wconf 81' lang='grc' dir='ltr'>πρὸς</span> <span class='ocrx_word' id='word_1_783' title='bbox 1585 5478 1872 5549; x_wconf 70' lang='grc' dir='ltr'>ἀδελφοὺς,</span> <span class='ocrx_word' id='word_1_784' title='bbox 1926 5481 2022 5532; x_wconf 74' lang='grc' dir='ltr'>καὶ</span> <span class='ocrx_word' id='word_1_785' title='bbox 2062 5479 2206 5536; x_wconf 72' lang='grc' dir='ltr'>οὕτω</span> <span class='ocrx_word' id='word_1_786' title='bbox 2264 5485 2366 5555; x_wconf 79' lang='grc' dir='ltr'>μὲν</span> <span class='ocrx_word' id='word_1_787' title='bbox 2399 5485 2675 5554; x_wconf 78' lang='grc' dir='ltr'>έπιτόμως</span> <span class='ocrx_word' id='word_1_788' title='bbox 2709 5487 2886 5539; x_wconf 73' lang='grc' dir='ltr'>εἰπεῖν</span> <span class='ocrx_word' id='word_1_789' title='bbox 2918 5490 3015 5540; x_wconf 74' lang='grc' dir='ltr'>καὶ</span> <span class='ocrx_word' id='word_1_790' title='bbox 3084 5487 3213 5551; x_wconf 65' lang='grc' dir='ltr'>Υἱδς</span> <span class='ocrx_word' id='word_1_791' title='bbox 3257 5485 3457 5555; x_wconf 73' lang='grc' dir='ltr'>Πατρδς</span> <span class='ocrx_word' id='word_1_792' title='bbox 3495 5489 3652 5547; x_wconf 72' lang='grc' dir='ltr'><strong>πρ⁰³ν’</strong></span> 
     </span>
    </p>
   </div>
   <div class='ocr_carea' id='block_1_108' title="bbox 453 5581 1012 5651">
    <p class='ocr_par' dir='ltr' id='par_1_108' title="bbox 453 5581 1012 5651">
     <span class='ocr_line' id='line_1_108' title="bbox 453 5581 1012 5651; baseline -0.005 -16"><span class='ocrx_word' id='word_1_793' title='bbox 453 5583 622 5651; x_wconf 82' lang='grc' dir='ltr'>ἁρχου</span> <span class='ocrx_word' id='word_1_794' title='bbox 660 5581 1012 5651; x_wconf 70' lang='grc' dir='ltr'>συνάναρχος.</span> 
     </span>
    </p>
   </div>
   <div class='ocr_carea' id='block_1_109' title="bbox 521 5655 2037 5748">
    <p class='ocr_par' dir='ltr' id='par_1_109' title="bbox 521 5673 2025 5748">
     <span class='ocr_line' id='line_1_109' title="bbox 521 5673 2025 5748; baseline -0.006 -13"><span class='ocrx_word' id='word_1_795' title='bbox 521 5678 608 5735; x_wconf 69' lang='grc'><strong>46.</strong></span> <span class='ocrx_word' id='word_1_796' title='bbox 643 5675 881 5748; x_wconf 90' lang='lat' dir='ltr'><strong>Spiritus</strong></span> <span class='ocrx_word' id='word_1_797' title='bbox 913 5691 1072 5744; x_wconf 87' lang='lat' dir='ltr'><strong>porro</strong></span> <span class='ocrx_word' id='word_1_798' title='bbox 1099 5684 1322 5732; x_wconf 88' lang='lat' dir='ltr'><strong>sanctus</strong></span> <span class='ocrx_word' id='word_1_799' title='bbox 1355 5676 1426 5731; x_wconf 91' lang='lat' dir='ltr'><strong>ob</strong></span> <span class='ocrx_word' id='word_1_800' title='bbox 1452 5673 1652 5731; x_wconf 88' lang='lat' dir='ltr'><strong>nullam</strong></span> <span class='ocrx_word' id='word_1_801' title='bbox 1690 5673 2025 5727; x_wconf 84' lang='lat' dir='ltr'><strong>matcrialcm</strong></span> 
     </span>
    </p>
   </div>
   <div class='ocr_carea' id='block_1_110' title="bbox 2145 5655 3650 5748">
    <p class='ocr_par' dir='ltr' id='par_1_110' title="bbox 2211 5655 3650 5740">
     <span class='ocr_line' id='line_1_110' title="bbox 2211 5655 3650 5740; baseline -0.003 -19"><span class='ocrx_word' id='word_1_802' title='bbox 2211 5667 2327 5740; x_wconf 80' lang='grc' dir='ltr'>μς·’.</span> <span class='ocrx_word' id='word_1_803' title='bbox 2360 5669 2432 5721; x_wconf 81' lang='grc' dir='ltr'>Τὸ</span> <span class='ocrx_word' id='word_1_804' title='bbox 2471 5667 2524 5722; x_wconf 81' lang='grc' dir='ltr'>δὲ</span> <span class='ocrx_word' id='word_1_805' title='bbox 2561 5667 2716 5737; x_wconf 77' lang='grc' dir='ltr'>ἅγιον</span> <span class='ocrx_word' id='word_1_806' title='bbox 2760 5669 3003 5740; x_wconf 81' lang='grc' dir='ltr'>Πνεῦμα,</span> <span class='ocrx_word' id='word_1_807' title='bbox 3046 5668 3189 5723; x_wconf 73' lang='grc' dir='ltr'>κατὰ</span> <span class='ocrx_word' id='word_1_808' title='bbox 3231 5666 3472 5736; x_wconf 69' lang='grc' dir='ltr'>οὐδεμίαν</span> <span class='ocrx_word' id='word_1_809' title='bbox 3501 5655 3650 5712; x_wconf 72' lang='grc' dir='ltr'><strong>ὑλαῖαν</strong></span> 
     </span>
    </p>
   </div>
   <div class='ocr_carea' id='block_1_111' title="bbox 450 5759 2037 5838">
    <p class='ocr_par' dir='ltr' id='par_1_111' title="bbox 450 5764 2026 5838">
     <span class='ocr_line' id='line_1_111' title="bbox 450 5764 2026 5838; baseline -0.006 -10"><span class='ocrx_word' id='word_1_810' title='bbox 450 5782 671 5828; x_wconf 83' lang='lat' dir='ltr'><strong>causam</strong></span> <span class='ocrx_word' id='word_1_811' title='bbox 731 5771 804 5824; x_wconf 87' lang='lat' dir='ltr'><strong>ita</strong></span> <span class='ocrx_word' id='word_1_812' title='bbox 864 5770 1164 5838; x_wconf 76' lang='lat' dir='ltr'><strong>appellatus</strong></span> <span class='ocrx_word' id='word_1_813' title='bbox 1209 5769 1350 5838; x_wconf 88' lang='lat' dir='ltr'><strong>apud</strong></span> <span class='ocrx_word' id='word_1_814' title='bbox 1409 5778 1632 5824; x_wconf 86' lang='lat' dir='ltr'><strong>sanctos</strong></span> <span class='ocrx_word' id='word_1_815' title='bbox 1683 5764 2026 5821; x_wconf 86' lang='lat' dir='ltr'><strong>Christianos</strong></span> 
     </span>
    </p>
   </div>
   <div class='ocr_carea' id='block_1_112' title="bbox 2145 5759 3648 5838">
    <p class='ocr_par' dir='ltr' id='par_1_112' title="bbox 2145 5759 3648 5836">
     <span class='ocr_line' id='line_1_112' title="bbox 2145 5759 3648 5836; baseline -0.013 -16"><span class='ocrx_word' id='word_1_816' title='bbox 2145 5765 2315 5820; x_wconf 66' lang='grc' dir='ltr'>αἰτίαν</span> <span class='ocrx_word' id='word_1_817' title='bbox 2339 5764 2510 5827; x_wconf 65' lang='grc' dir='ltr'>οὕτως</span> <span class='ocrx_word' id='word_1_818' title='bbox 2547 5763 2844 5834; x_wconf 70' lang='grc' dir='ltr'>ἐπικληθὲν</span> <span class='ocrx_word' id='word_1_819' title='bbox 2895 5768 3050 5836; x_wconf 72' lang='grc' dir='ltr'>παρὰ</span> <span class='ocrx_word' id='word_1_820' title='bbox 3082 5769 3192 5829; x_wconf 81' lang='grc' dir='ltr'>τοῖς</span> <span class='ocrx_word' id='word_1_821' title='bbox 3225 5765 3395 5833; x_wconf 83' lang='grc' dir='ltr'>ἁγίοις</span> <span class='ocrx_word' id='word_1_822' title='bbox 3438 5759 3648 5826; x_wconf 70' lang='grc' dir='ltr'>Χριστια-</span> 
     </span>
    </p>
   </div>
   <div class='ocr_carea' id='block_1_113' title="bbox 453 5853 2037 5933">
    <p class='ocr_par' dir='ltr' id='par_1_113' title="bbox 453 5853 2020 5933">
     <span class='ocr_line' id='line_1_113' title="bbox 453 5853 2020 5933; baseline -0.008 -15"><span class='ocrx_word' id='word_1_823' title='bbox 453 5865 557 5918; x_wconf 81' lang='lat' dir='ltr'><strong>hoc</strong></span> <span class='ocrx_word' id='word_1_824' title='bbox 589 5861 809 5917; x_wconf 83' lang='lat' dir='ltr'><strong>nomine</strong></span> <span class='ocrx_word' id='word_1_825' title='bbox 846 5861 1044 5933; x_wconf 82' lang='lat' dir='ltr'><strong>dignus</strong></span> <span class='ocrx_word' id='word_1_826' title='bbox 1085 5869 1170 5917; x_wconf 87' lang='lat' dir='ltr'><strong>est</strong></span> <span class='ocrx_word' id='word_1_827' title='bbox 1208 5858 1448 5926; x_wconf 84' lang='lat' dir='ltr'><strong>habitus,</strong></span> <span class='ocrx_word' id='word_1_828' title='bbox 1491 5855 1621 5927; x_wconf 78' lang='lat' dir='ltr'><strong>quia</strong></span> <span class='ocrx_word' id='word_1_829' title='bbox 1665 5854 1848 5910; x_wconf 87' lang='lat' dir='ltr'><strong>omnis</strong></span> <span class='ocrx_word' id='word_1_830' title='bbox 1899 5853 2020 5908; x_wconf 79' lang='lat' dir='ltr'><strong>vitae</strong></span> 
     </span>
    </p>
   </div>
   <div class='ocr_carea' id='block_1_114' title="bbox 2145 5853 3642 5933">
    <p class='ocr_par' dir='ltr' id='par_1_114' title="bbox 2145 5855 3642 5924">
     <span class='ocr_line' id='line_1_114' title="bbox 2145 5855 3642 5924; baseline -0.006 -14"><span class='ocrx_word' id='word_1_831' title='bbox 2145 5861 2262 5923; x_wconf 71' lang='grc' dir='ltr'><strong>νυίς,</strong></span> <span class='ocrx_word' id='word_1_832' title='bbox 2290 5857 2600 5924; x_wconf 76' lang='grc' dir='ltr'>δεδόξασται</span> <span class='ocrx_word' id='word_1_833' title='bbox 2637 5856 3004 5924; x_wconf 71' lang='grc' dir='ltr'>ὀνομάζεσθαι</span> <span class='ocrx_word' id='word_1_834' title='bbox 3035 5859 3205 5918; x_wconf 77' lang='grc' dir='ltr'>οὕτως</span> <span class='ocrx_word' id='word_1_835' title='bbox 3231 5855 3316 5912; x_wconf 78' lang='grc' dir='ltr'><strong>διὰ</strong></span> <span class='ocrx_word' id='word_1_836' title='bbox 3346 5856 3400 5908; x_wconf 68' lang='grc' dir='ltr'>τὸ</span> <span class='ocrx_word' id='word_1_837' title='bbox 3431 5857 3642 5905; x_wconf 74' lang='grc' dir='ltr'>συστατι-</span> 
     </span>
    </p>
   </div>
  </div>
