3824 6548
163 430 246 494 561
909 431 994 491 ΙΝ
1038 430 1381 498 HYMNUM
1420 439 2067 509 PENTECOSTALEM
2110 451 2573 515 DAMASCENI.

3278 464 3387 529 562

160 546 237 598 κὸν
261 540 352 609 τῆς
381 539 501 594 καθ’
528 540 673 610 ἡμᾶς
722 538 873 599 εἶναι.
910 546 1080 619 ζωῆς,
1134 551 1229 605 καὶ
1270 555 1438 625 πνοῆς
1480 554 1701 627 ἀπάσης

1840 571 1859 616 ι
1909 564 2231 634 spirationis
2283 569 2587 625 secundum
2625 570 2846 629 modum
2900 575 3202 633 humanum
3233 582 3390 651 origo

157 638 320 695 αἴτιον,
367 634 457 687 καὶ
509 634 641 687 Θεὸν
674 635 784 690 τῶν
816 640 1150 710 πνευμάτων
1188 644 1539 717 ἀναψύχοντα
1567 648 1696 712 τοὺς

158 727 348 795 ὲνσήμῖν
376 725 723 794 ἐκλείποντας
756 728 861 785 ὐπὸ
887 733 1213 807 κακότητος,
1257 739 1610 809 ἐπανάγοντα
1638 740 1696 805 ἐξ

156 816 497 887 ὀλιγοψυχίας,
528 821 621 874 xci.
650 822 709 876 τὸ
745 825 853 878 πᾶν
887 826 1089 891 εἰπεῖν,
1125 828 1394 899 ζωογόνον
1431 834 1527 887 καὶ
1559 837 1695 901 ζωο-

158 912 291 1002 πσιὸν
340 908 433 963 καὶ
486 911 752 985 ζωοδότην
799 915 1207 988 ἀληθέστατον*
1270 923 1332 977 οὐ
1372 926 1536 995 μόνον
1586 932 1697 1002 γάρ

158 1000 277 1070 φυτά
319 1005 549 1088 παντοία.
590 1006 838 1076 προάγον
885 1013 1148 1080 συντηρεῖ
1176 1012 1250 1076 ὡς
1287 1013 1367 1085 τῷ
1400 1017 1572 1088 Πατρὶ
1604 1000 1698 1079 καὶ

158 1093 219 1165 τῷ
244 1094 346 1163 Υἰῷ
399 1086 836 1167 συνδημιουργὸν
888 1103 979 1154 καὶ
1044 1086 1564 1178 συμπρονοούμενον
1602 1112 1698 1166 καὶ

161 1189 499 1256 ωμπεριέπον
521 1190 617 1243 κάὶ
652 1191 949 1259 συνιστῶν,
983 1194 1121 1250 ἀλλὰ
1142 1199 1239 1251 καί
1266 1197 1405 1264 ζῶον
1438 1201 1585 1257 ἅπαν
1619 1203 1699 1275 τῷ

160 1277 310 1332 θεόθεν
342 1281 757 1336 συνουσιωθέντι
792 1285 935 1341 κατὰ
970 1285 1133 1353 φύσιν
1175 1293 1450 1362 πνεύματι
1478 1293 1696 1363 θάλπει,

1799 662 1905 719 est.
1951 662 2006 711 et
2026 657 2174 726 quod
2200 656 2341 712 Deus
2368 668 2456 715 est
2480 659 2797 730 spirituum,
2832 664 2929 734 qni
2960 681 3058 722 eos
3089 668 3181 738 qui
3213 672 3384 727 animi

1800 748 2163 818 perversitate
2219 750 2275 806 in
2323 761 2546 822 peccata
2600 753 2739 823 lapsi
2781 759 3273 829 suntrediutegrat
3339 776 3396 818 et

1805 838 1899 909 qui
1931 840 2318 910 pusillanimes
2357 846 2714 916 consolatur;
2743 857 2803 903 ut
2841 864 2952 905 uno
2992 851 3158 906 verbo
3192 853 3392 918 dicam,

1801 932 1894 1002 qui
1941 934 2127 1003 reipsa
2152 935 2275 992 vita:
2302 938 2541 1009 genitor,
2571 941 2824 997 conditor
2853 943 3121 1013 datorque
3144 946 3389 1000 exsistit.

1804 1025 1925 1082 Non
1957 1026 2132 1082 solum
2158 1030 2303 1085 enim
2327 1031 2541 1101 plantas
2564 1035 2748 1091 varias
2778 1035 3091 1106 producens
3133 1052 3259 1092 cum
3289 1039 3399 1092 Pa-

1802 1126 1888 1174 tre
1926 1132 1991 1174 ac
2022 1119 2162 1175 Filio
2181 1127 2876 1197 conservat,amplectitur,
2897 1138 3055 1182 curat
3078 1146 3093 1192 ς
3121 1128 3215 1185 scd
3240 1145 3403 1183 omne

1802 1210 2063 1267 animans
2111 1212 2280 1267 halitu
2333 1215 2429 1284 qui
2484 1214 2753 1273 divinitus
2793 1218 2979 1283 datur,
3013 1217 3180 1286 fovet,
3211 1227 3397 1291 auget,

1804 1302 2048 1359 viviﬁeat
2072 1320 2090 1371 ;
2123 1304 2270 1361 unde
2326 1309 2492 1363 etiam
2536 1317 2738 1366 natura
2787 1314 2933 1382 apud
2963 1313 3248 1383 antiquum
3295 1313 3399 1368 ali-

157 1370 231 1422 καὶ
257 1370 326 1433 είς
363 1370 537 1444 αὔξην
568 1374 825 1445 προάγει,
870 1379 965 1433 καὶ
1014 1381 1095 1443 είς
1128 1380 1188 1435 τὸ
1217 1380 1317 1453 ζῇν
1350 1391 1653 1459 συγκρατεῖ
1680 1407 1695 1422 ο

158 1461 256 1514 ὅθεν
294 1463 381 1514 καὶ
411 1464 442 1532 ἠ
476 1464 643 1534 φύσις
678 1483 756 1522 πα
771 1470 1149 1540 ρωνόμασται,
1186 1474 1328 1529 κατά
1357 1494 1479 1530 τινα
1526 1480 1694 1549 σοφὸν

114 1592 115 1595 η
157 1554 371 1621 παλαιὸν,
399 1555 477 1619 ὠς
526 1552 641 1610 οἷον
691 1559 928 1631 φύσησις
983 1564 1127 1619 κατά
1177 1566 1237 1649 τὸ
1271 1569 1567 1640 ἀρχέγονον
1599 1572 1702 1641 τῆς

1805 1407 1969 1462 quem
2021 1394 2411 1466 philosophum
2442 1397 2682 1456 suﬂlatio
2712 1403 2868 1457 audit
2897 1406 3198 1459 secundum
3232 1405 3399 1477 origi-

1805 1499 1929 1541 nem
1984 1486 2384 1555 productionis.
2421 1489 2613 1547 Suﬂlat
2646 1494 2790 1549 enim
2822 1510 2887 1551 ac
2923 1506 3142 1566 separat
3196 1506 3253 1553 et
3286 1496 3402 1553 suf-

1806 1577 1989 1635 ﬂando
2043 1578 2309 1636 distendit
2351 1589 2407 1637 et
2439 1598 2641 1655 corpus
2666 1585 2909 1646 vividum
2931 1587 3075 1643 sicut
3105 1597 3281 1646 utrem
3319 1590 3405 1645 in-

160 1649 469 1718 παραγωγῆς
499 1664 514 1679 ·
570 1653 721 1723 φυσᾷ
774 1653 883 1723 γάρ
921 1652 1111 1727 ὥσπερ
1143 1658 1285 1731 αὐτὴ
1318 1661 1413 1715 καὶ
1448 1662 1592 1717 οὕτω
1626 1665 1706 1719 δι-

1841 1667 2086 1725 υίΠοιιιηι
2129 1672 2450 1742 amplificat,
2502 1649 2559 1729 et
2606 1674 2754 1744 inde,
2786 1692 2911 1748 quae
2969 1694 2999 1733 a
3046 1688 3189 1734 terra
3221 1681 3400 1751 genita

160 1740 275 1809 ιστᾷ,
318 1746 408 1794 καί
449 1741 675 1812 ἐξογκεῖ
722 1746 911 1817 τρόπῳ
960 1749 1225 1820 οίδήσεως
1251 1790 1270 1818 ,
1322 1753 1417 1806 καὶ
1460 1751 1616 1820 αῦξει
1644 1756 1705 1810 τὸ

1835 1762 2035 1823 duntur
2067 1773 2125 1819 et
2173 1773 2467 1834 augentur,
2504 1768 2875 1825 cohaesionum
2903 1784 2967 1827 ac
2992 1771 3399 1827 connexionum

158 1830 322 1894 ζωῖκὸν
351 1832 535 1903 σῶμα,
574 1835 712 1890 ὡσεὶ
745 1838 913 1895 ἀσκόν
945 1858 1065 1895 τινα
1094 1841 1497 1913 ἐμφυσὼμενον
1525 1863 1539 1879 ο
1572 1848 1704 1902 κάν-

1835 1867 1936 1909 oco
1968 1854 2152 1921 habet,
2183 1830 2389 1928 ea'lege
2421 1830 2481 1912 ut
2517 1857 2756 1928 Spiritus
2781 1870 3003 1916 sanctus
3036 1862 3201 1917 rebus
3231 1876 3398 1916 mun-

158 1923 314 2020 τεῦθεν
359 1927 458 1990 τάς
516 1931 862 2001 προσφύσεις
914 1908 1234 2002 διαστάσεις
1272 1908 1387 2012 ἔχει
1414 1941 1483 1994 τὰ
1515 1942 1579 1996 ἐκ
1607 1944 1710 2013 γῆς

1884 1908 1915 1909 κν
2190 1908 2248 1911 η
2275 1908 2386 1928 πυ-
2428 1908 2479 1912 _-
2530 1908 2753 1928 τη---
2781 1908 3001 1916 __------
3037 1908 3200 1917 ην--

1835 1945 1980 2003 lanis
2002 1947 2296 2017 adjiciatur
2352 1965 2463 2005 non
2512 1956 2725 2006 tantum
2779 1954 3084 2009 secundum
3123 1963 3399 2020 naturam,

157 2018 435 2089 γεννώμενα
488 2022 585 2078 καὶ
620 2024 962 2095 τρεφόμενα,
994 2028 1090 2085 καὶ
1118 2029 1397 2099 αὐξόμενα
1420 2049 1434 2063 ⁸
1484 2050 1707 2089 συνεπι-

1835 2039 1913 2096 ιεᾶ
1961 2041 2479 2110 supranaturaliter,
2516 2052 2571 2098 et
2612 2042 2853 2114 Spiritus
2884 2044 3104 2115 quidem
3155 2018 3413 2102 sanctus.

161 2113 549 2184 λαμϐανομένου
580 2117 695 2181 τοῖς
732 2118 791 2171 ὲν
831 2121 1024 2190 κόσμῳ
1057 2122 1149 2175 τοῦ
1190 2123 1349 2192 ἁγίου
1383 2126 1706 2195 Πνεύματος

1835 2132 2050 2188 ιηίιηοω
2079 2133 2368 2191 abeuntem
2394 2134 2666 2205 captivam
2701 2135 2835 2191 facit
2867 2113 3403 2208 suprarationaliter,

162 2205 327 2269 παντὸς
353 2208 593 2278 ἀγαθοῦ,
632 2212 727 2266 καὶ
752 2212 811 2267 οὐ
858 2212 1021 2282 μόνον
1052 2215 1146 2270 τοῦ
1173 2218 1316 2273 κατά
1346 2218 1531 2289 φύσιν,
1565 2220 1703 2276 ἀλλά

1835 2233 1866 2281 ιι
1904 2225 1985 2280 sic
2011 2224 2161 2279 illam
2191 2225 2258 2280 ad
2308 2224 2542 2285 salutem
2596 2227 2825 2291 animat,
2881 2205 2953 2282 et-
2988 2228 3095 2298 igni
3131 2228 3407 2298 spirituali

160 2299 335 2354 καὶτοῦ
366 2302 674 2375 ὑπερφυῶς
697 2322 714 2335 ⁸
748 2308 843 2360 καὶ
876 2307 1084 2379 ζωγρεῖ
1107 2309 1164 2365 δὲ
1202 2311 1383 2382 ψυχὴν
1426 2314 1700 2372 ἀπιοῦσαν

1835 2317 1858 2373 ςί
1888 2317 1983 2389 qui
2008 2316 2191 2374 debita
2225 2326 2451 2387 praestat
2477 2317 2673 2384 cilicia,
2706 2320 2954 2390 angelico
2977 2335 3129 2376 more
3168 2321 3423 2379 incendit

160 2392 205 2444 τὸ
229 2392 368 2461 ἀγιον
424 2395 679 2465 Πνεῦμα,
734 2402 795 2452 οὐ
840 2402 982 2455 κατά
1012 2402 1071 2456 τὸ
1120 2402 1350 2475 ἀέριον,
1395 2405 1512 2459 ἀλλ’
1560 2405 1703 2481 ὑπὲρ

1835 2414 1868 2463 ιι
1925 2406 1994 2465 iis
2047 2407 2140 2478 qui
2187 2422 2311 2465 cum
2352 2406 2563 2478 Spiritu
2623 2408 2908 2481 navigant,
2999 2410 3407 2482 navigationem

161 2488 291 2556 λόγον
310 2508 323 2523 ο
352 2494 451 2547 καὶ
500 2491 677 2559 οὕτως
706 2494 978 2567 ἀναψύχει
1009 2498 1232 2569 εκείνην
1262 2500 1345 2564 είς
1380 2501 1698 2572 σωτηρίανῖ.

1835 2498 2111 2556 ecundam
2154 2499 2408 2571 largitur.

161 2580 237 2633 καί
262 2583 383 2653 πυρὶ
418 2583 481 2637 δὲ
516 2584 736 2659 ψυχικῷ
786 2588 1032 2645 συντελεῖ
1064 2590 1385 2661 ὲνεργοῦντι
1418 2593 1487 2647 τὰ
1513 2592 1833 2665 καθήκοντα
1879 2589 2189 2659 ὲξανάπτον
2221 2593 2356 2649 αὐτὸ
2419 2595 2501 2658 είς
2569 2592 2852 2666 φλόγωσιν
2906 2594 3208 2667 ἀγγελικὴν
3231 2635 3247 2664 ,
3314 2600 3411 2654 καὶ

164 2682 253 2743 τοῖς
282 2685 672 2754 πνευματικῶς
703 2687 932 2743 πλέουσι
976 2689 1067 2744 τὸν
1115 2690 1335 2762 πρῶτον
1366 2692 1712 2763 πλησιστίοις
1749 2691 2041 2766 χαρίζεται
2069 2690 2263 2748 πλοῦν.

220 2772 315 2843 με.
349 2775 568 2833 Οὐκοῦν
617 2778 843 2850 οὐδεμία
892 2780 1001 2835 τῶν
1045 2782 1198 2839 κάτω
1250 2784 1346 2839 καὶ
1388 2786 1518 2856 περὶ
1568 2787 1717 2857 ἡμᾶς

1902 2781 1998 2841 47.
2037 2784 2207 2857 lgitur
2237 2784 2385 2841 nulla
2414 2799 2609 2843 vocum
2634 2786 2969 2856 pedestrium
3029 2799 3193 2861 atque
3219 2792 3413 2845 huma-

161 2866 326 2931 λέξεων
360 2869 506 2945 ὑψοῦ
536 2871 674 2941 πρὸς
709 2872 844 2927 Θεὸν
879 2874 997 2944 ἔχει
1028 2875 1306 2946 αἴρεσθαι,
1351 2878 1426 2948 μὴ
1455 2880 1718 2942 ἐπιεικῶς

1835 2891 2022 2934 narum
2074 2878 2144 2934 ad
2167 2876 2338 2933 Deum
2399 2876 2515 2935 tolli
2538 2880 2762 2950 poterit,
2794 2882 2923 2949 nisi,
2971 2894 3236 2952 quantum
3290 2882 3410 2938 ﬁeri

162 2961 284 3032 αὐτῷ
328 2964 781 3037 προσδεχθείσα,
834 2968 895 3022 ὲν
949 2972 1029 3039 τῷ
1083 2972 1581 3039 συγκαταδατικῶς
1619 2975 1714 3030 καὶ

164 3057 457 3123 ἀναγκαίως
485 3060 564 3123 εις
592 3060 720 3114 ὅσον
746 3060 867 3126 ἰξὸν
905 3065 1144 3135 προσιτὴ
1176 3065 1537 3137 διακριτικῶς
1566 3067 1714 3121 ὲκεί-

166 3167 225 3219 νῳ
248 3152 501 3219 γενέσθαι
528 3154 628 3209 καὶ
663 3158 1132 3228 συγγνωμονικῶς
1184 3160 1340 3231 παρὰ
1371 3161 1432 3213 τὸ
1468 3160 1543 3231 μὴ
1570 3161 1717 3233 ἔχειν

166 3243 311 3308 ἄλλως
340 3246 477 3300 αὐτὸ
516 3247 796 3315 γενέσθαι·
831 3252 925 3303 καὶ
957 3250 1241 3318 ὁμοιοῦται
1280 3251 1399 3305 τόδε
1430 3252 1493 3306 τὸ
1531 3256 1715 3320 πρᾶγ-

170 3354 231 3404 μα
253 3337 320 3401 ὡς
346 3340 403 3393 εί
450 3341 549 3395 καὶ
599 3342 857 3411 βασιλεὺς
893 3343 1186 3414 ὐπερτίμῳ
1220 3343 1439 3415 πλούτῳ
1471 3344 1715 3413 πλήθων,

169 3430 661 3506 καὶ·πολυταλάντῳ
702 3435 1088 3506 καλλωπισμῶ
1117 3437 1558 3509 ἐλλαμπόμενος,
1592 3440 1720 3492 ἀνέο

169 3527 296 3594 χεταί
340 3545 480 3583 ποτε
532 3528 742 3599 ἄμφιον
796 3531 1146 3600 περικεῖσθαι
1174 3532 1285 3585 τῶν
1316 3531 1723 3603 εὐτελεστέρων

168 3621 288 3673 κατά
330 3639 462 3676 τινα
500 3622 702 3693 χρείαν
728 3665 744 3687 ,
798 3622 924 3678 οὐτε
981 3625 1591 3695 ἀποπροσπυιούμενος,
1627 3626 1725 3681 καὶ

170 3708 458 3782 ίπικοσμῶν
487 3714 547 3767 δὲ
574 3714 638 3768 τὸ
664 3714 727 3767 οὐ
748 3715 1048 3777 πολυτελὲς
1075 3716 1419 3788 περίῦλημα,
1439 3713 1524 3781 οἷς
1552 3719 1731 3770 {metu

170 3805 481 3876 κευσάμενος
515 3806 648 3859 αὐτὸ
690 3807 1001 3877 περιέθετο.
1032 3809 1099 3860 Τί
1132 3808 1188 3862 δὲ
1215 3809 1275 3861 οὐ
1306 3811 1524 3881 ταχύνω
1546 3810 1725 3879 λέγειν

172 3895 233 3959 ὡς
262 3901 439 3968 χαίρει
467 3903 564 3953 καὶ
596 3899 808 3972 ποιμὴν
842 3901 1140 3972 λεγόμενος
1176 3901 1204 3955 6
1229 3901 1363 3967 Θεός
1394 3920 1410 3971 ;
1441 3905 1535 3959 καὶ
1562 3905 1727 3967 αὐτὸς

174 3991 274 4061 οὐχὶ
299 3992 474 4045 ὀκνῶν
511 3991 659 4047 πάνυ
715 3992 1085 4064 σμικρολόγος
1120 3987 1283 4061 εἶναι,
1310 3994 1495 4058 ὁποῖος
1525 3998 1552 4049 ὁ
1580 3997 1727 4052 κατὰ

172 4083 219 4135 τὸ
264 4086 416 4154 ἅγιον
472 4087 813 4156 Εὐαγγέλιον
849 4087 919 4139 τά
964 4088 1324 4158 ἐννενήκοντα
1376 4089 1532 4143 ἐννέα
1585 4090 1728 4159 πρό-

174 4178 291 4234 ϐατα
338 4180 633 4250 βόσκεσθαι
685 4181 846 4249 ἀφεὶς
901 4180 979 4242 ὡς
1031 4180 1080 4233 εί
1134 4180 1230 4234 καί
1287 4198 1373 4243 τις
1407 4180 1554 4252 ψυχῇ
1589 4182 1731 4237 αὐτά

171 4270 392 4339 ἐνέμετο,
419 4272 515 4324 καὶ
546 4270 802 4339 πονηθεὶς
834 4270 967 4340 περὶ
995 4270 1094 4340 τὴν
1123 4270 1222 4325 τοῦ
1250 4271 1371 4335 ἑνὸς
1397 4272 1507 4326 τῶν
1532 4272 1731 4326 ἑκατὸν

171 4361 629 4434 ἀποπλανηθέντος
680 4363 1106 4435 ἁναψηλάφησιν
1128 4380 1143 4396 ·
1172 4363 1257 4417 ἔτι
1295 4363 1351 4417 δὲ
1385 4364 1482 4417 καὶ
1527 4365 1735 4419 οἰκοδό-

174 4472 276 4521 μος,
301 4458 440 4511 κατά
471 4457 533 4511 τὸ
555 4498 571 4523 ,
614 4457 743 4510 Ἐἀν
785 4457 860 4529 μὴ
888 4457 1095 4527 Κύριος
1115 4458 1448 4533 οίκοδομήσῃ
1486 4455 1635 4512 οίκον
1660 4476 1675 4492 ο
1705 4460 1733 4513 6

170 4551 250 4600 καὶ
299 4550 592 4613 παιδεύσας
645 4549 741 4602 ἐπὶ
795 4547 1076 4618 ἀσφαλοῦς
1119 4550 1217 4603 καὶ
1254 4549 1329 4621 μὴ
1377 4552 1473 4605 ἐπὶ
1500 4552 1733 4622 ψάμμου

1824 2976 2023 3039 potest,
2075 2970 2222 3026 inter
2269 2985 2398 3026 eum
2456 2980 2512 3028 et
2555 2986 2655 3029 nos
2686 2982 3061 3045 congruenter
3089 2982 3407 3030 astruatur.

1824 3060 1951 3116 Haec
1996 3076 2127 3117 vero
2174 3077 2262 3120 res
2291 3073 2645 3133 comparatur
2670 3066 2782 3137 regi
2825 3066 2945 3136 qui,
2990 3066 3199 3122 divitiis
3235 3067 3414 3122 abun-

1824 3153 1961 3210 dans
1997 3164 2052 3208 et
2079 3154 2208 3209 luxu
2256 3156 2643 3226 resplendens,
2686 3166 2894 3213 vestem
2922 3157 3101 3214 induit
3147 3159 3405 3229 exiguam

1823 3245 1889 3300 ad
1924 3240 2136 3301 certum
2167 3246 2351 3302 tinem.
2386 3246 2495 3302 Sed
2527 3262 2628 3303 cur
2682 3263 2793 3304 non
2815 3249 2995 3305 dicam
3029 3249 3197 3306 Deum
3245 3251 3411 3305 etiam

1825 3347 2097 3408 pastorem
2155 3338 2304 3394 dici?
2369 3348 2426 3396 et
2491 3341 2636 3411 quod
2687 3341 2870 3410 parvis
2933 3342 3099 3398 rebus
3168 3343 3417 3397 animum
3458 3358 3487 3371 κ

1825 3429 2178 3499 applicuerit,
2228 3432 2372 3487 sicut
2418 3432 2465 3488 is
2500 3434 2595 3503 qui
2653 3433 2706 3488 in
2755 3432 3078 3505 Evangelio,
3117 3437 3415 3505 nonaginta

1825 3536 2020 3578 novem
2090 3523 2288 3581 ovibus
2356 3524 2562 3582 relictis
2600 3564 2615 3590 ,
2671 3526 2830 3596 quasi
2900 3526 3261 3597 spiritualiter
3321 3541 3421 3581 eas

1826 3622 2098 3686 pasceret,
2158 3617 2226 3671 ad
2282 3631 2403 3672 eam
2455 3619 2829 3687 reperiendam
2859 3632 2982 3690 quae
3025 3618 3227 3674 amissa
3273 3626 3414 3684 erat,

1826 3721 1887 3762 se
1914 3708 2298 3778 accinxit;aut
2335 3710 2480 3767 sicut
2510 3712 2873 3780 architectus,
2900 3711 3204 3769 secundum
3249 3710 3414 3767 illud:

1831 3798 1947 3855 Nisi
2013 3801 2276 3859 Dominus
2327 3803 2681 3859 aedificaverit
2743 3805 3011 3872 domum;
3067 3814 3127 3859 ut
3197 3803 3421 3860 doceret

1830 3892 1887 3946 in
1939 3894 2057 3948 solo
2096 3893 2275 3961 ﬁrmo,
2316 3911 2495 3967 neque
2516 3912 2648 3953 vero
2688 3898 2747 3955 in
2804 3914 2998 3967 arena,
3033 3900 3418 3957 adiﬁcandum

1828 4002 1981 4055 esse;
2009 3996 2104 4042 aut
2142 3996 2331 4046 custos
2380 3990 2533 4046 urbis
2573 4007 2696 4061 quae
2748 3993 2870 4049 sine
2914 3994 3035 4063 ipso
3058 3995 3200 4049 male
3232 4002 3423 4049 custo-

1830 4078 2065 4147 diretur;
2110 4089 2206 4135 aut
2250 4080 2457 4137 vinitor
2499 4090 2558 4136 ut
2599 4083 2655 4138 in
2688 4081 2967 4155 Scriptura
2990 4099 3147 4140 saera
3166 4083 3421 4155 legimus;

1832 4180 1928 4227 aut
1994 4172 2138 4228 sicut
2200 4173 2633 4243 paterfamilias,
2707 4186 2765 4231 ut
2835 4175 3061 4232 ibidem.
3120 4175 3179 4232 Si
3235 4187 3420 4233 autem

1839 4280 1948 4321 non
1982 4278 2178 4335 reapse
2223 4266 2486 4335 piscator,
2534 4266 2632 4322 sed
2675 4267 2771 4338 qui
2801 4268 2983 4338 pisces
3031 4270 3300 4339 capiendo
3328 4268 3423 4324 de-

1834 4358 2069 4416 lectatur
2093 4367 2318 4428 propter
2343 4359 2639 4429 discipulos
2680 4360 2775 4429 qui
2804 4360 2966 4415 istam
2994 4370 3164 4416 artem
3200 4370 3425 4416 strenue

1835 4458 2250 4518 exercuerunt;
2280 4464 2381 4506 nec
2413 4449 2610 4507 mirum
2648 4450 2692 4507 si
2717 4451 2857 4507 alios
2882 4468 3080 4508 munus
3102 4453 3219 4521 ejus
3249 4453 3425 4508 hono-

1837 4558 1963 4599 rare
1995 4543 2208 4609 docuit,
2245 4545 2363 4601 sive
2397 4544 2505 4610 leo,
2532 4545 2650 4601 sive
2675 4546 2859 4616 aquila
2893 4547 3217 4617 appelletur,
3243 4562 3273 4601 e
3303 4548 3437 4618 qni-~

171 4637 452 4707 οἰκοδομεῖν
478 4656 493 4671 ·
532 4640 628 4693 καὶ
656 4639 832 4710 φύλαξ
866 4639 923 4695 δὲ
955 4640 1187 4708 πόλεως,
1219 4640 1287 4712 ἢν
1317 4641 1482 4695 αὐτοῦ
1521 4645 1598 4711 μὴ
1629 4660 1721 4711 φυ·

1840 4636 1943 4691 bus
1977 4636 2070 4691 ille
2109 4636 2329 4706 quidem
2378 4636 2585 4691 animal
2633 4646 2894 4693 terrestre
2924 4638 3153 4694 rationis
3203 4654 3422 4707 expers,

172 4727 441 4795 λάσσοντος
464 4773 480 4798 ,
514 4733 595 4794 είς
628 4732 808 4804 μάτην
840 4732 1219 4802 ἀγρυπνοῦσιν
1271 4736 1322 4788 oi
1356 4734 1531 4805 αὐτῆς
1559 4734 1734 4804 φύλα-

174 4839 277 4886 κες
309 4826 401 4878 καὶ
429 4826 816 4897 ἀμπελουργὸς
853 4826 933 4891 δὲ,
966 4827 1110 4880 κατά
1145 4827 1245 4897 τὴν
1278 4826 1365 4882 ἐπ’
1391 4827 1543 4898 αὐτῷ
1572 4828 1736 4896 ἀγίαν

178 4914 408 4985 θεωρίαν
440 4917 815 4986 εὐαγγελικῶς
840 4918 895 4970 δὲ
924 4919 1020 4972 καὶ
1043 4920 1451 4991 οίκοδεσπότης.
1480 4925 1542 4977 Ei
1567 4924 1623 4976 δὲ
1658 4924 1735 4995 μὴ

174 5008 258 5061 καὶ
291 5009 467 5075 ἀλιεύς
501 5012 853 5081 αὐτόχρημα,
881 5010 1000 5065 ἀλλ’
1021 5006 1117 5065 οὖν
1149 5011 1465 5080 φιλοαλιεὺς
1492 5014 1582 5067 διὰ
1606 5015 1735 5077 τοὺς

179 5101 405 5173 μαθητὰς
428 5105 480 5158 οἳ
509 5105 607 5175 τὴν
635 5105 895 5173 τοιαύτην
914 5105 1111 5174 τέχνην
1141 5101 1205 5158 εὖ
1229 5105 1375 5175 μάλα
1395 5106 1734 5176 ἠσκήσαντο·

183 5195 352 5249 καινὸν
374 5196 429 5250 δὲ
464 5198 620 5251 οὐδὲν
646 5196 1012 5266 φιλιώσαοθαι
1034 5197 1197 5251 αὐτὸν
1228 5198 1341 5260 τοῖς
1368 5198 1492 5251 κατ’
1525 5197 1737 5267 ἀνθρω-

177 5298 269 5335 πον
297 5286 365 5339 τὸ
385 5286 732 5357 φιλοτίμημα
780 5286 889 5339 τῶν
924 5287 1091 5340 αὐτοῦ
1119 5286 1344 5358 χειρῶν,
1388 5289 1436 5340 εί
1469 5289 1563 5341 καὶ
1597 5288 1737 5341 λέων

180 5376 265 5427 καὶ
299 5377 447 5440 ἀετὸς
474 5378 708 5446 ἐκλήθη.
740 5377 804 5433 τὸ
838 5376 939 5446 μὲν
972 5380 1037 5431 ὲκ
1092 5376 1204 5430 τῶν
1231 5379 1375 5432 κατὰ
1408 5378 1514 5449 γῆν
1545 5379 1607 5433 οὐ
1645 5380 1737 5434 λο-

180 5469 354 5532 γικῶν,
386 5470 448 5522 τὸ
494 5470 552 5522 δὲ
610 5472 676 5522 ἐκ
710 5469 821 5522 τῶν
875 5469 1077 5539 ἀερίων
1107 5470 1534 5540 δεξιωσάμενος.
1581 5472 1735 5526 Τίδέ

184 5562 377 5623 μοικαὶ
403 5561 598 5629 ταῦτα,
633 5562 684 5613 εί
715 5564 812 5614 καὶ
852 5561 1070 5628 σκώληξ
1101 5563 1250 5632 αὐτῷ
1290 5564 1377 5626 είς
1411 5563 1606 5634 κλῆσιν
1637 5564 1738 5616 οὐκ

182 5648 464 5719 ἀπηξίωται
491 5670 507 5720 ;
541 5652 804 5721 γινώσκει
845 5653 901 5706 δὲ
933 5654 962 5706 6
992 5654 1178 5720 αὐτὸς,
1213 5656 1310 5709 καὶ
1337 5654 1498 5726 νηδὺν
1533 5655 1740 5726 Παρθε-

182 5755 261 5792 νον
288 5745 501 5816 Μητρὸς
550 5745 782 5811 ὑποδὺς,
830 5747 926 5798 καὶ
960 5746 1159 5817 βρέφος
1189 5746 1398 5800 ἐκεῖθεν
1428 5748 1614 5813 ἐκδὺς,
1645 5750 1743 5801 καὶ

1848 4733 1963 4785 iure
2016 4729 2387 4785 evolatilibus
2446 4742 2673 4800 sumpta
2707 4740 2847 4786 erat.
2895 4730 3035 4797 Quid
3094 4742 3302 4798 autem,
3378 4732 3426 4788 si

1839 4834 2079 4873 vermetn
2117 4818 2426 4887 elegisset?
2452 4818 2568 4874 Hoc
2597 4831 2779 4877 autem
2836 4822 2955 4890 ipse
3032 4820 3229 4888 novit;
3299 4836 3423 4875 cunt

1844 4913 1995 4966 enim
2035 4912 2089 4965 in
2157 4910 2352 4968 Matris
2402 4911 2642 4984 Virginis
2702 4922 2917 4967 uterum
2986 4914 3259 4981 intraret,
3300 4928 3427 4967 cum

1840 5013 1995 5072 partu
2024 5002 2149 5057 inde
2167 5004 2419 5059 ederetur
2442 5012 2497 5059 et
2526 5004 2582 5058 in
2616 5004 2845 5074 praesepi
2878 5014 3263 5075 reponeretur,
3310 5005 3428 5061 huc

1839 5097 2023 5151 omnia
2046 5097 2345 5152 secundum
2370 5111 2588 5151 carnem
2634 5084 2880 5166 quidem,
2906 5098 3003 5154 sed
3037 5114 3194 5155 more
3239 5098 3427 5153 divino

1838 5197 1893 5243 et
1935 5189 2065 5243 fecit
2094 5196 2148 5243 et
2175 5188 2322 5242 tulit.
2360 5188 2428 5242 Et
2480 5186 2625 5243 sicut
2670 5199 2926 5243 naturam
2981 5188 3278 5245 humanam
3330 5206 3427 5259 pro

1840 5285 2051 5339 viribus
2077 5297 2142 5336 ac
2169 5281 2436 5353 dignitate
2469 5283 2704 5346 ornavit,
2760 5298 2827 5339 eo
2918 5299 3118 5353 nempe
3163 5286 3429 5353 temporis

1840 5383 2118 5430 momento
2173 5390 2282 5444 quo
2337 5372 2661 5428 incarnatus
2707 5383 2813 5439 est,
2865 5374 2948 5431 sic
2978 5374 3237 5429 humanis
3293 5390 3431 5442 quo-

1840 5484 1947 5538 que
1981 5466 2301 5522 nominibus
2338 5479 2401 5519 ac
2454 5465 2682 5522 vocibus
2717 5467 3021 5537 appellatus
3107 5473 3213 5519 est.
3278 5466 3433 5517 Adeo

1848 5562 1998 5614 enim
2053 5574 2152 5629 pro
2203 5558 2361 5614 nobis
2421 5557 2743 5616 humiliatus
2786 5569 2868 5615 est
2925 5559 2992 5614 ad
3048 5558 3279 5613 salutem
3328 5572 3427 5609 no-

1854 5668 2053 5723 stram,
2084 5666 2146 5711 ut
2178 5664 2303 5725 post
2349 5656 2782 5711 incarnationem
2846 5660 3128 5720 peccatum
3161 5660 3214 5705 ct
3264 5652 3431 5705 male-

1855 5748 2025 5804 dictio
2056 5745 2292 5801 audiret.

182 5832 234 5884 ὲν
272 5839 439 5910 φάτνῃ
470 5840 795 5907 ἀνατεθεὶς,
827 5840 921 5894 καὶ
967 5841 1237 5895 ἀκόλουθα
1286 5845 1349 5912 τῇ
1381 5842 1525 5896 κατά
1560 5843 1740 5913 σάρκα
1780 5841 1963 5911 φύσει,
2012 5842 2082 5895 τὰ
2136 5841 2237 5912 μὲν
2269 5841 2500 5913 ποιήσας
2532 5838 2875 5911 θεοπρεπῶς,
2951 5839 3021 5894 τά
3063 5838 3118 5892 δὲ
3169 5840 3263 5893 καὶ
3326 5855 3433 5889 πα-

184 5923 296 5999 θὼν,
324 5938 415 5988 καὶ
444 5934 533 5988 διὰ
565 5935 786 5992 πάντων
814 5934 913 6006 τὴν
942 5935 1291 6007 ἀνθρωπείαν
1332 5936 1498 6005 φύσιν
1530 5939 1816 6010 κοσμήσας
1846 5976 1861 6003 ,
1895 5936 2085 6006 ὥσπερ
2134 5935 2194 5987 ἐν
2246 5934 2322 6005 τῷ
2395 5932 2720 6006 προσλαόείν
2787 5932 2951 5990 αὐτὸν
3013 5932 3107 5987 τὸν
3177 5933 3432 6026 ἀναμάρ-
