3788 6550
457 423 567 487 563
1115 433 1548 497 EUSTATHII
1587 436 2361 503 THESSALONICENSIS
2401 443 2967 507 METROPOLlT/E
3591 455 3671 515 56$

466 553 629 609 τητον
685 538 974 610 ἄνθρωπον
1000 581 1016 607 ,
1053 541 1200 598 οὕτω
1232 545 1328 599 καὶ
1389 548 1448 600 ἐν
1504 546 1583 617 τῷ
1636 549 2036 616 καταδέξασθαι
2074 551 2250 619 λέξεις
2285 555 2482 610 ὁπόσαι
2515 557 2636 610 κατ’
2680 557 3005 630 ἄνθρωπον
3041 559 3137 612 καὶ
3170 559 3228 623 ἐς
3299 560 3542 617 τοσοῦτον
3601 568 3671 621 ἐπὶ

452 637 700 706 σωτηρίᾳ
725 636 884 705 ἡμῶν
906 641 1400 710 τεταπεινωμένος,
1421 641 1491 696 δι’
1522 644 1588 714 ῆν
1619 647 1718 699 καὶ
1742 646 2058 718 ἐσαρκώθη,
2091 648 2167 711 ὡς
2202 652 2297 703 καὶ
2324 651 2600 721 ἁμαρτίαν
2638 653 2731 706 καὶ
2763 653 3011 724 κατάραν
3050 654 3414 725 ἐπικληθῆναι
3446 656 3618 727 ὄνομα.

521 729 612 782 48.
643 728 746 795 Qui
779 744 942 799 porro
972 748 1039 789 ex
1070 733 1192 791 istis
1219 737 1386 791 rebus
1427 750 1646 792 nomina
1675 739 1903 809 adeptus
1924 748 2017 809 est1

2207 741 2321 813 μη’.
2361 745 2437 797 ού
2466 745 2651 799 τοίνυν
2681 747 2710 799 ὁ
2739 747 3004 808 τοιούτοις
3036 747 3314 816 ἐπικύψας
3345 749 3425 811 είς
3453 749 3669 824 ἁναδοχῇν

450 830 507 876 et
535 820 628 890 qui
665 829 942 888 postremo
975 825 1270 881 humanam
1311 836 1566 884 naturam
1623 835 1887 900 suscepit,
1921 839 1946 884 ιι

2175 835 2366 904 νόμασι
2415 837 2513 890 καὶ
2559 837 2997 908 καταδεξάμενος
3036 839 3097 906 ἐξ
3131 840 3363 893 ἐκείνων
3403 820 3671 906 καλεῖσθαι,

451 911 660 968 minum
704 922 1019 973 terrestrem
1045 933 1326 988 nunquam
1388 921 1652 987 abolebit,
1705 932 1766 978 ut
1794 937 1894 979 nec
1937 941 1947 976 ι

2175 925 2294 991 ἐλος
2347 927 2407 982 δὲ
2444 931 2540 983 καὶ
2575 930 2737 983 αὐτὸν
2792 931 3203 1001 άναλαὸόμενος
3255 933 3347 986 τὸν
3404 931 3671 1002 ἄνθρωπον,

449 1002 654 1072 gitaudi
684 1005 1018 1072 facultatem,
1049 1019 1144 1064 aut
1195 1011 1528 1067 nativitatem
1581 1029 1703 1084 quae
1726 1013 1872 1070 felici
1927 1029 1945 1068 ε

2176 1019 2484 1086 Ξουθενὼσει
2529 1022 2620 1075 τὸν
2654 1023 2842 1093 γήϊνον
2901 1025 3026 1094 ὅρον
3053 1041 3066 1056 ο
3101 1024 3300 1077 ταυτὸν
3331 1023 3377 1077 δ’
3413 1025 3577 1078 εἰπεῖν
3601 1029 3672 1098 τὴν

448 1112 554 1164 qua
608 1100 918 1157 inventione
968 1101 1091 1157 vita:
1149 1104 1344 1158 tradita
1373 1114 1490 1172 est;
1530 1121 1651 1176 quae
1703 1106 1944 1177 equalita

2176 1112 2260 1166 ατ’
2293 1113 2458 1168 αὐτὸν
2501 1113 2712 1169 ἔννοιαν
2742 1116 2844 1187 ήδη
2879 1116 2936 1170 δέ
2977 1135 3094 1180 πως
3125 1117 3220 1170 καὶ
3273 1117 3570 1188 ἐνέργειαν,
3598 1120 3672 1188 τὴν

451 1190 817 1247 ιιίειιίὺυιὶνιε
857 1192 905 1246 νί
941 1194 1516 1263 mortalesjustiﬁcat,
1565 1206 1619 1254 et
1678 1214 1799 1266 quae
1855 1197 1942 1254 cui

2176 1204 2232 1256 αἱ
2261 1203 2330 1258 δι’
2363 1206 2635 1276 εὑρέσεως
2669 1208 2886 1278 ἀγαθῆς
2925 1207 3330 1280 παραδοθεῖσαν
3357 1207 3432 1279 τῷ
3459 1209 3570 1278 βίῳ,
3600 1214 3669 1262 καὶ

453 1279 660 1334 homini
718 1280 956 1352 benigno
1027 1282 1367 1356 paciﬁcoque
1418 1295 1666 1342 amanter
1713 1287 1949 1358 opitulati

2175 1299 2535 1370 ιανεμητικὴν
2573 1301 2842 1371 ἰσότητος,
2873 1303 2968 1356 καὶ
3002 1301 3322 1354 δικαιοῦσαν
3373 1300 3497 1364 τοῦς
3527 1302 3671 1372 βιωτι-

458 1370 642 1426 Valeat
676 1380 856 1428 autem
889 1373 992 1430 iste
1022 1376 1312 1461 terminus,
1361 1393 1474 1442 quo
1527 1377 1765 1450 Spiritus
1811 1391 1954 1437 sane:

2175 1389 2288 1452 οῦς,
2318 1389 2414 1443 καὶ
2468 1389 2544 1458 τῷ
2587 1370 2870 1462 δημοτικῷ
2902 1392 3273 1463 φιλανθρώπῳ
3307 1392 3404 1446 καὶ
3429 1370 3671 1463 εἰρηναίῳ,

455 1477 562 1514 ιιοη
591 1477 688 1532 per
709 1464 1136 1523 ostentationem
1187 1483 1387 1525 nomen
1420 1486 1582 1526 suum
1626 1474 1786 1542 gerit,
1818 1473 1915 1530 sed
1942 1489 1951 1514 π

2177 1480 2231 1532 αὶ
2264 1481 2618 1552 ἀστασιάστῳ
2656 1485 3144 1553 συμπράττουσαν.
3181 1485 3379 1554 Χαίροι
3412 1485 3466 1538 δέ
3494 1487 3552 1538 ἂν
3578 1487 3673 1555 ὅρος

455 1554 604 1646 poris
638 1567 690 1610 et
716 1555 850 1612 fumi
883 1560 1129 1632 symbolo
1180 1563 1501 1633 pr0phetico
1555 1575 1938 1636 nuncupatur;

2178 1570 2377 1635 οιοῦτος
2411 1573 2893 1643 ἐπονομαζόμενος
2939 1575 3000 1627 οὐ
3033 1575 3171 1646 πρὸς
3212 1554 3674 1646 μεγαλοπρέπειαν,

458 1645 606 1701 brevi
637 1647 839 1718 dicam,
865 1649 941 1705 mi
971 1649 1163 1717 frater,
1213 1653 1574 1723 cogitationes
1620 1665 1836 1712 nostras
1895 1657 1954 1712 iri

2179 1665 2282 1718 αθὰ
2318 1667 2418 1720 καὶ
2464 1666 2526 1720 τὺ
2560 1668 2784 1738 Πνεῦμα
2825 1667 2886 1720 τό
2924 1645 3117 1735 ἅγιον,
3150 1645 3675 1739 συμϐολογραφούμε-

452 1740 849 1808 prehensibiles
899 1743 990 1815 pio
1038 1743 1225 1800 animo
1263 1746 1331 1800 ad
1369 1747 1536 1803 Deum
1576 1749 1898 1816 referamus,
1934 1765 1948 1805 ι

2179 1773 2222 1820 ις
2269 1758 2330 1810 οὐ
2374 1757 2515 1811 πάνυ
2553 1759 2860 1828 μεγαλείως
2911 1760 3098 1829 ἁτμίδι
3144 1761 3242 1814 καὶ
3281 1762 3472 1831 καπνῷ
3499 1778 3675 1833 προφη-

449 1833 565 1889 haec
615 1836 801 1890 omnia
851 1837 1011 1893 nobis
1037 1838 1298 1908 donavit,
1329 1849 1385 1896 et
1432 1842 1520 1897 cui
1559 1843 1662 1899 hoc
1710 1845 1871 1900 modo
1904 1859 1945 1899 m

2179 1848 2335 1915 ικῶς,
2374 1851 2862 1919 κεφαλαιώσασθαι
2891 1851 2947 1905 δέ
2981 1870 3072 1922 μοι
3101 1855 3192 1907 τὸν
3225 1853 3388 1923 λόγον
3417 1856 3507 1908 καὶ
3532 1857 3675 1927 ἀπαρ-

450 1939 552 1980 uus
575 1924 761 1982 datum
812 1926 1119 1986 reddimus.

2177 1939 2282 1994 ἶσαι
2325 1943 2466 2013 ταχὺ
2493 1981 2507 2005 ,
2546 1943 2596 1995 εί
2645 1943 2721 2013 μὴ
2765 1944 2903 2012 πᾶν,
2935 1939 2980 1999 ὦ
3026 1944 3225 2015 ἁδελφέ
3251 1986 3266 2011 ,
3297 1949 3477 2018 νόημα
3512 1949 3605 2002 τῶν
3632 1924 3673 2003 ἐν

446 2027 584 2095 ἡμῖν
619 2025 720 2078 οὐκ
768 2025 836 2080 ἄν
861 2026 1032 2082 ποθεν
1076 2029 1311 2099 ἐχόντων
1343 2030 2095 2105 μέμψιν,-αιχμαλωτίζομεν
2128 2036 2376 2102 εὐσεϐῶς
2431 2040 2514 2103 είς
2564 2039 2655 2095 τδν
2697 2040 2850 2106 Θεὸν,
2904 2035 2966 2096 οῦ
3071 2041 3241 2114 δῶρον
3307 2046 3367 2097 ἐν
3427 2047 3552 2116 ήμῖν
3605 2047 3675 2100 καὶ

452 2123 606 2188 αὐτὸ,
635 2125 734 2176 καὶ
785 2126 961 2192 οὕτως
1009 2127 1160 2193 ἄξιον
1199 2129 1350 2200 αὐτῷ
1382 2129 1772 2185 ἀντιδίδοσθαι.

517 2212 610 2270 49.
649 2216 769 2282 Quo
797 2217 907 2273 alio
953 2219 1120 2290 igitur
1183 2221 1334 2276 illum
1399 2223 1620 2278 nomine
1673 2223 2008 2294 appellemus

2209 2221 2318 2293 μθ’.
2354 2223 2477 2285 Πῶς
2499 2220 2566 2276 ἂν
2587 2222 2795 2276 ἐκεῖνον
2820 2223 2920 2277 καὶ
2943 2221 3110 2276 πόθεν
3135 2222 3358 2278 ἄλλοθεν
3393 2221 3675 2292 ἢόνομὰσω-

449 2317 546 2361 aut
575 2309 915 2378 excipiamus
965 2327 1454 2382 cOgiioscamusve,
1516 2323 1610 2370 aut
1643 2330 1751 2386 qua
1811 2305 1945 2373 ratio

2181 2315 2305 2382 εν,ή
2329 2313 2731 2385 δεξιωσὼμεθα,
2763 2315 2795 2385 ή
2841 2315 3186 2385 γνωσόμεθα,
3218 2316 3251 2388 ἢ
3288 2315 3468 2380 ἄλλοις
3495 2319 3547 2378 ἐς
3566 2317 3677 2370 διδα-

446 2398 568 2453 aliis
618 2398 868 2457 docendo
899 2402 1176 2458 tradamus
1206 2403 1230 2456 ?
1259 2403 1399 2458 Num
1465 2393 1764 2460 secundum
1794 2421 1859 2461 ea
1907 2421 1939 2476 q

2180 2404 2360 2459 ιαλίαν
2421 2406 2901 2476 παραδωσόμεθας
2957 2403 3066 2478 ἆρά
3124 2425 3186 2477 γε
3240 2402 3474 2477 ἀφ’ὦνὸ
3507 2407 3676 2470 Παῦλος

453 2496 649 2553 Paulus
707 2498 759 2552 in
806 2498 1006 2555 coelum
1040 2498 1290 2554 sublatus
1319 2501 1581 2570 mysteria
1619 2499 1864 2555 didicit?
1915 2499 1949 2554 Ε

2180 2499 2316 2570 ρθεὶς
2340 2499 2452 2553 ἄνω
2479 2499 2574 2552 καὶ
2593 2499 2820 2569 μυηθεὶς
2847 2499 3016 2568 ἔμαθε
3044 2516 3058 2566 ;
3091 2501 3182 2554 καὶ
3203 2501 3310 2572 μὴν
3330 2503 3500 2554 έκεῖνο
3528 2500 3676 2568 μαθὼν

450 2604 614 2644 mano
664 2592 854 2661 utique
908 2604 1060 2646 more
1107 2607 1230 2662 quae
1288 2592 1504 2648 discere
1562 2591 1764 2646 licebat
1817 2591 1946 2647 didii

2183 2609 2210 2654 ς
2243 2590 2363 2656 ἐξὸν
2395 2586 2464 2661 ἦν
2511 2590 2783 2662 ἀνθρώπῳ
2849 2591 3042 2660 μαθεῖν
3090 2592 3474 2664 ἐμεμαθήκει;
3505 2593 3612 2662 ἐξῆν
3635 2593 3676 2646 δὲ

450 2682 624 2738 llomo
655 2695 834 2740 autem
868 2684 1166 2738 humanum
1202 2694 1414 2740 tantum
1463 2698 1776 2739 sermonem
1811 2683 1946 2752 capit

2181 2683 2352 2747 άντως
2403 2682 2524 2738 κατ’
2572 2682 2861 2753 ἄνθρωπον
2882 2701 2895 2715 ·
2935 2683 3220 2754 ἄνθρωπος
3245 2686 3302 2738 δὲ
3331 2686 3430 2740 οὐκ
3463 2686 3524 2738 ἂν
3551 2687 3675 2755 μάθοι

449 2776 615 2845 ἱδὶιοτ
645 2791 734 2832 res
781 2783 1068 2832 terrestres
1087 2775 1410 2831 cmlestibus
1443 2775 1589 2830 haud
1623 2775 1854 2845 indigna
1883 2775 1945 2829 vii

2183 2778 2216 2850 ἡ
2271 2779 2393 2849 οὐχὶ
2440 2779 2564 2831 κατ’
2585 2779 2936 2850 ἀνθρωπίνην
2965 2779 3260 2832 διάλεκτονο
3288 2778 3397 2849 ἄρα
3416 2779 3580 2832 τοίνυν
3601 2781 3677 2832 οὐκ

449 2869 675 2922 buntur.
711 2868 940 2938 Insuper
984 2867 1288 2923 secundum
1342 2883 1408 2922 ea
1439 2881 1562 2937 qua:
1618 2866 1787 2921 Paulo
1817 2866 1940 2922 cceli

2181 2872 2449 2938 πηξίωται
2504 2872 2628 2924 οὐδέ
2683 2874 2797 2936 τοῖς
2857 2872 3132 2942 οὐρανίοις
3164 2873 3236 2924 τὰ
3269 2872 3436 2941 γήϊνα
3465 2872 3554 2925 καὶ
3581 2871 3677 2924 καθ’

451 2953 687 3008 revelata
742 2962 891 3018 sunt,
921 2949 1188 3006 Joannem
1217 2950 1431 3020 psalten
1473 2949 1801 3020 inspiratum
1835 2948 1947 3004 Filii

2182 2966 2287 3031 μᾶς
2333 2967 2572 3035 ῥήματαο
2621 2967 2759 3035 πρὸς
2791 2965 3004 3029 τούτοις
3049 2964 3126 3032 δὲ,
3163 2967 3212 3018 εί
3246 2966 3353 3020 καὶ.
3381 2966 3446 3018 ἐκ
3467 2966 3564 3018 τῶν
3586 2966 3672 3016 ἄνω

451 3043 574 3110 Dei,
606 3059 713 3098 non
739 3043 1033 3100 terminum
1068 3053 1162 3098 aut
1191 3041 1430 3098 Verbum
1474 3044 1746 3113 appellare
1771 3051 1947 3114 oporti

2182 3055 2751 3124 ,εμυσταγωγημένων
2784 3055 2861 3124 τῷ
2890 3055 3112 3125 Παύλῳ,
3151 3056 3322 3126 ἐχρῆν
3349 3055 3678 3125 ἐμπνευσθῂ-

448 3135 546 3192 sed
615 3138 812 3190 melius
851 3135 1095 3207 aliquid;
1137 3135 1278 3191 forte
1316 3136 1461 3191 enim
1496 3136 1723 3192 verbum
1753 3150 1862 3191 non
1899 3151 1944 3190 Cl

2181 3163 2213 3198 α
2251 3144 2343 3199 τὸν
2397 3146 2626 3218 ιερῳδὸν
2685 3145 2940 3215 Ἰωάννην
2993 3147 3262 3217 ὀνομάσαι
3320 3147 3413 3200 τδν
3461 3146 3578 3199 Υίδν
3605 3145 3677 3197 τοῦ

447 3223 660 3284 feretur
697 3227 916 3284 Christo
956 3227 1474 3298 supersubstantiali
1500 3228 1569 3283 ab
1615 3228 1681 3284 iis
1730 3227 1824 3297 qui
1854 3242 1943 3283 om

2182 3237 2280 3292 ἐοὗ
2323 3242 2399 3309 μὴ
2433 3241 2562 3309 ὅρον
2591 3240 2622 3310 ἢ
2655 3241 2834 3308 λόγον,
2869 3241 3008 3296 ἀλλά
3040 3257 3094 3295 τι
3121 3242 3370 3308 κρεῖττον
3395 3239 3538 3294 ἄλλο·
3567 3238 3678 3305 τάχα

459 3323 577 3376 ausi
618 3329 785 3390 sunt;
830 3337 934 3378 vox
977 3321 1124 3377 enim
1169 3319 1352 3376 subito
1399 3321 1452 3374 in
1489 3319 1724 3374 nihilum
1753 3319 1904 3387 atit;
1945 3335 1955 3375 ι

2185 3329 2256 3400 ὰρ
2286 3329 2382 3384 καὶ
2429 3332 2458 3383 ό
2487 3329 2648 3398 λόγος
2697 3329 2756 3382 ού
2789 3327 3270 3400 παραδεχθήσεται
3302 3324 3595 3397 ᾠκειῶσθαι
3620 3323 3677 3390 τῷ

446 3429 548 3469 nec
572 3414 706 3482 ipse,
733 3429 832 3469 nec
862 3429 963 3470 nos
990 3413 1059 3469 de
1089 3412 1438 3470 sermonibus
1488 3411 1812 3470 caelestibus
1834 3413 1942 3480 aliq

2184 3421 2457 3493 περουσίῳ
2489 3421 2712 3493 Χριστῷ
2738 3426 2887 3493 παρὰ
2916 3423 3027 3476 τῶν
3063 3423 3134 3476 τὰ
3166 3421 3349 3475 πάντα
3375 3415 3675 3487 τολμώντων.

447 3507 770 3564 didicimus.
793 3505 912 3562 Non
938 3507 1084 3561 enim
1130 3506 1306 3560 Paulo
1333 3505 1688 3562 sanctissimo
1731 3504 1833 3560 ista
1863 3506 1943 3560 dic

2181 3514 2236 3566 ιὰ
2260 3512 2325 3565 τὸ
2347 3512 2441 3566 τοῦ
2480 3512 2817 3583 προφορικοῦ
2851 3512 3078 3584 ρευστὸν
3106 3513 3204 3566 καὶ⁵
3229 3509 3403 3574 οὕτως
3430 3506 3674 3564 ἀνούσιον·

453 3599 612 3654 licuit
636 3616 653 3666 ;
684 3613 855 3670 quare
882 3615 991 3654 non
1029 3598 1346 3668 prolocutus
1371 3608 1474 3653 cst.

2179 3604 2268 3656 ex
2299 3606 2423 3658 οὔτε
2468 3606 2626 3669 αὐτὸς
2657 3605 2772 3659 οὗθ’
2803 3607 2965 3675 ἡμεῖς
2991 3605 3144 3660 οὐδὲν
3173 3603 3401 3659 ἐκείνων
3435 3600 3537 3655 τῶν
3565 3601 3675 3653 ἀνω·

447 3697 594 3751 τάτω
625 3694 886 3766 ῥημάτων
912 3694 1189 3764 ἐμάθομεν
1215 3709 1230 3724 ·
1259 3692 1385 3747 οὔτε
1428 3693 1538 3763 γὰρ
1569 3689 1639 3766 ἦν
1687 3693 1845 3766 θέμις
1895 3695 1974 3763 τῷ
2018 3697 2307 3771 ἁγιωτάτῳ
2358 3701 2555 3771 Παύλῳ
2597 3704 2772 3756 εἰπεῖν
2815 3704 3018 3764 ἐκεῖνα,
3072 3701 3168 3753 καὶ
3229 3697 3534 3760 ὀκολούθως
3584 3696 3677 3752 οὐδέ

448 3787 622 3844 εἶπεν.
3583 3840 3588 3844 .

521 3885 617 3939 50.
639 3883 774 3953 Age,
799 3883 986 3946 sodes,
1009 3893 1066 3937 et
1093 3899 1196 3940 nos
1217 3897 1436 3954 quoque
1455 3883 1598 3940 sicut
1619 3897 1811 3939 omnes
1834 3895 2017 3941 caetera

2219 3893 2282 3938 ν’.
2326 3887 2497 3954 Ἀφες
2537 3885 2652 3946 οῦν,
2690 3882 2734 3939 ὦ
2762 3878 2940 3949 οὗτος,
2989 3886 3088 3940 καὶ
3117 3887 3266 3956 ἡμᾶς
3299 3885 3446 3939 καθά
3477 3889 3565 3941 καὶ
3591 3887 3675 3940 πᾶν

451 3985 644 4047 gentes
692 3975 875 4047 lingua
911 3979 1147 4031 humana
1199 3977 1512 4046 loquamur,
1551 3983 1738 4046 postea
1764 3974 1947 4044 spiritu

2177 3978 2273 4031 no
2297 3977 2452 4040 εθνος
2477 3978 2658 4030 λαλεῖν
2681 3978 2741 4029 ἐκ
2775 3976 2886 4030 τῶν
2919 3976 3051 4047 παρ’
3079 3978 3214 4046 ἡμῖν
3242 3976 3552 4048 ἀνθρωπίνῃ
3571 3975 3673 4044 ὀρθῇ

452 4075 712 4128 idiomate
743 4086 832 4128 res
861 4071 1075 4130 divinas
1103 4072 1307 4127 dicturi
1336 4089 1350 4138 ;
1383 4073 1635 4128 virtutem
1658 4071 1804 4126 enim
1856 4079 1910 4125 et
1939 4074 1948 4122 l

2179 4069 2380 4142 λὼττῃ,
2412 4069 2621 4124 αὐτίκα
2653 4069 2710 4124 δὲ
2739 4071 2834 4123 καὶ
2867 4075 3215 4142 πνευματικῇ
3249 4073 3319 4125 τὰ
3345 4071 3442 4125 τοῦ
3475 4071 3597 4124 θεοῦ
3621 4071 3675 4130 ὡς

457 4180 588 4220 Itum
651 4164 936 4237 spirituale
991 4181 1144 4221 more
1198 4165 1387 4220 divino
1457 4165 1838 4220 enuntiamus.
1902 4166 1953 4228 Δ]

2178 4161 2474 4232 Ξισχύομεν
2505 4176 2521 4192 ·
2555 4160 2980 4230 ἐπιλεγομένους
3017 4163 3114 4232 τὴν
3163 4165 3222 4214 ἐν
3260 4163 3476 4228 λέξεσιν
3513 4161 3674 4230 ἀρετὴν

459 4256 647 4324 Deum,
674 4267 734 4312 ut
749 4258 852 4327 ipsi
871 4257 1408 4327 comprehendimus,
1429 4254 1864 4321 manifestemus,
1887 4269 1952 4310 ue

2180 4255 2240 4308 αὶ
2266 4253 2328 4307 τὸ
2367 4253 2490 4307 κατ’
2520 4253 2693 4316 αὐτὰς
2727 4253 2932 4322 ἀγαθὸν
2966 4254 3232 4324 ψυχικὸν,
3279 4255 3373 4306 καὶ
3421 4269 3676 4321 πνεύματι·

457 4365 526 4420 pe
560 4365 627 4406 ex
647 4349 808 4405 nobis
840 4349 1200 4419 superiorem,
1235 4365 1301 4404 ex
1335 4348 1920 4420 comprehensibilibus
1951 4352 1953 4378 ³

2180 4347 2258 4410 ὸν,
2291 4346 2386 4399 καὶ
2417 4344 2562 4399 οὕτω
2621 4343 2924 4415 θεοπρεπὲς
2953 4362 2968 4379 ⁸
3017 4347 3151 4415 ἄφες
3201 4346 3573 4413 διασαφεῖσθαι
3608 4345 3676 4395 τὸν

458 4442 940 4513 comprehensum,
975 4457 1005 4496 e
1038 4443 1402 4497 terrestribus
1431 4441 1746 4507 cmlestem;
1777 4442 1870 4512 qui
1897 4441 1950 4496 in

2179 4440 2278 4494 ιεδν
2310 4439 2402 4508 ὐφ’
2436 4438 2596 4510 ήμῶν
2630 4437 2705 4502 ὡς
2741 4438 3151 4508 παρελάϐομεν,
3183 4439 3274 4492 τὸν
3303 4439 3448 4507 ὑπὲρ
3482 4440 3608 4506 ἡμᾶς
3631 4438 3675 4488 ἐκ

460 4551 548 4589 res
581 4534 875 4591 sensibiles
924 4534 1305 4604 immaterialis
1333 4547 1401 4588 ac
1462 4533 1956 4602 iucomprehensibi

2182 4533 2254 4584 ῶν
2290 4532 2349 4585 ἐν
2380 4533 2516 4602 ἡμῖν
2551 4530 2677 4584 καθ’
2701 4531 2879 4600 ἡμᾶς,
2905 4531 2970 4584 ἐκ
3001 4530 3108 4584 τῶν
3138 4531 3430 4601 εὐλήπτων
3458 4532 3542 4584 τὸν
3576 4531 3678 4582 m-

389 4611 404 4616 “
461 4637 586 4691 est;
623 4628 716 4697 qui
775 4627 830 4681 in
883 4642 1063 4681 rerum
1154 4624 1704 4690 circnmscriptarum
1813 4641 1880 4678 nu

2181 4625 2445 4692 άληπτον,
2485 4626 2546 4676 ἐκ
2574 4624 2682 4678 τῶν
2711 4625 2840 4694 περὶ
2879 4623 2985 4691 γῆν
3011 4623 3104 4676 τὸν
3129 4624 3477 4694 ἐπουράνιον,
3508 4625 3566 4676 ἐκ
3597 4620 3677 4672 τῶν

465 4718 667 4785 ubique
724 4714 904 4781 adest,
935 4716 1120 4769 omnia
1157 4713 1327 4784 replet
1356 4729 1372 4779 ;
1411 4711 1504 4781 qui
1548 4713 1688 4767 inter
1722 4728 1812 4770 res
1856 4718 1961 4769 visi,

2187 4717 2424 4787 ἱσθητῶν
2470 4717 2567 4770 καὶ
2619 4717 2844 4786 παχέων
2900 4717 2993 4769 τὸν
3032 4716 3175 4786 ὑπὲρ
3230 4718 3414 4770 πᾶσαν
3467 4717 3678 4784 αἴσθησιν

463 4810 542 4865 les
590 4817 644 4864 et
676 4807 936 4864 Iimitatas
987 4805 1279 4860 invisibilis
1331 4812 1384 4858 ct
1425 4802 1739 4860 indeﬁnilus
1757 4813 1862 4860 cst.
1887 4806 1959 4874 Qu

2187 4809 2244 4860 αὶ
2273 4808 2459 4876 ἄῦλον,
2496 4809 2557 4860 ἐκ
2611 4806 2721 4860 τῶν
2758 4806 3153 4876 περιγραπτῶν
3181 4807 3336 4877 τόπῳ
3383 4808 3476 4860 τὸν
3517 4822 3679 4858 παντο·

463 4902 509 4953 si
565 4899 724 4954 nobis
762 4900 878 4953 haec
931 4897 1148 4961 tribuis,
1186 4897 1334 4950 illico
1377 4907 1534 4951 terrae
1606 4898 1874 4953 terminus
1928 4899 1959 4968 il

2186 4899 2245 4950 οῦ
2283 4898 2530 4966 παρόντα
2571 4897 2668 4951 καὶ
2717 4898 2783 4950 τὰ
2832 4899 3012 4952 πάντα
3064 4898 3380 4968 πληροῦντα
3409 4900 3503 4951 καὶ
3529 4897 3681 4966 ἀπερί-

465 4993 532 5045 nd
571 5002 891 5062 praesentem
938 4993 1246 5046 doctrinam
1284 5008 1389 5045 non
1441 4992 1651 5048 inutilis
1695 4995 1818 5060 erit,
1877 5009 1961 5049 ser

2191 5007 2433 5060 ραπτον,
2467 4992 2563 5044 καὶ
2615 4992 2680 5044 ἐκ
2735 4990 2845 5043 τῶν
2900 4991 3116 5059 ὁρατῶν
3152 4993 3243 5043 καὶ
3279 4991 3593 5061 ὡρισμένων
3614 4988 3680 5039 τὸν

467 5087 714 5156 ριοιιιῖο,
767 5095 826 5140 ut
855 5085 1115 5149 diximus,
1167 5085 1464 5140 adhibitus.
1493 5087 1549 5140 Si
1609 5097 1792 5144 autem
1848 5102 1963 5142 sect

2182 5081 2380 5149 όρατον
2416 5082 2514 5136 καὶ
2564 5081 2956 5150 ἁπεριόριστον
2978 5097 2992 5112 ·
3029 5081 3126 5134 καὶ
3160 5082 3321 5149 εἰπερ
3352 5080 3492 5134 οὕτω
3525 5077 3678 5134 δώσεις

467 5184 594 5231 dum
624 5175 1028 5248 homouyiuiam
1058 5174 1232 5230 tribus
1255 5173 1376 5232 aliis
1405 5178 1656 5232 terminis
1691 5178 1885 5248 logicis
1935 5192 1963 5233 c

2181 5173 2246 5226 :al
2273 5174 2508 5244 ἀφήσεις
2540 5176 2670 5242 ἡμῖν
2695 5215 2709 5237 ,
2745 5176 2942 5228 αὐτίκα
2990 5176 3086 5228 καὶ
3130 5175 3160 5228 ό
3199 5174 3302 5242 τῆς
3335 5174 3438 5244 γῆς
3468 5175 3580 5242 ὅρος
3603 5171 3677 5222 οὐχ

467 5267 818 5333 (-uiuscrihis,
841 5269 971 5324 hinc
996 5267 1084 5324 ﬁet
1111 5275 1170 5323 ut
1193 5266 1325 5338 ipsis
1343 5282 1557 5338 quoque
1578 5277 1749 5324 tutum
1771 5269 1963 5339 aliquid

2185 5283 2304 5318 σται
2333 5268 2467 5336 ἡμῖν
2505 5267 2616 5320 οὐδ’
2650 5267 2814 5328 αὺτῆς
2865 5269 2920 5331 ἐς
2961 5269 3062 5337 τὴν
3094 5267 3463 5338 προκειμένην
3492 5265 3681 5333 θεωρῶν

471 5360 642 5414 ﬁxum
684 5361 839 5424 inist,
870 5376 977 5415 non
1019 5361 1322 5417 secundum
1351 5375 1592 5417 crassam
1627 5371 1682 5417 et
1707 5362 1967 5416 material:

2183 5358 2475 5426 συντελὴς,
2501 5358 2856 5428 κυριολεκτού
2867 5376 3026 5428 μενος
3061 5361 3158 5426 μὲν
3203 5359 3368 5422 αὐτὸς
3399 5358 3679 5424 κοινότερον,

471 5460 748 5505 naturam.
809 5450 1099 5506 Terminus
1125 5453 1268 5506 enim
1311 5467 1478 5522 super
1523 5463 1666 5507 terra
1713 5451 1853 5508 ﬁxus
1882 5452 1967 5505 alii

2186 5464 2226 5509 ις
2253 5447 2598 5518 προερρέθη,
2629 5448 3090 5518 ἐπιμεριζόμενος
3123 5447 3179 5500 δὲ
3225 5446 3590 5514 λογικωτέρως
3609 5439 3682 5499 καὶ

465 5543 571 5596 snh
593 5552 739 5599 terra
770 5551 998 5613 apparet
1046 5553 1102 5598 et
1123 5542 1375 5606 collibus,
1412 5543 1723 5608 arboribus,
1751 5542 1961 5598 fruticel

2239 5557 2263 5602 ς
2299 5539 2424 5593 καθ’
2467 5543 2792 5610 ὁμωνυμίαν
2822 5542 3004 5612 τρισὶν
3038 5541 3220 5604 ἄλλοις
3265 5541 3416 5609 ὅροις
3446 5539 3517 5599 ῶς
3545 5538 3681 5602 ἑγχω·
3731 5541 3735 5548 ·

473 5635 670 5703 spinis,
710 5643 767 5692 et
807 5635 1084 5690 interdum
1119 5634 1479 5690 multiformis
1545 5634 1720 5704 surgit
1754 5643 1969 5705 et'oppi

2186 5634 2237 5684 εῖ
2286 5631 2374 5686 διὰ
2417 5633 2478 5686 τὸ
2510 5635 2606 5687 καὶ
2643 5636 2702 5688 ἐν
2741 5635 2926 5698 αὐτοῖς
2951 5633 3193 5702 ἀσφαλὲς
3225 5632 3322 5687 καὶ
3377 5629 3580 5700 στερεὸν
3608 5622 3682 5677 καὶ

467 5738 601 5781 Iuno
625 5727 747 5782 loco
768 5728 1123 5782 constitutus.
1143 5725 1297 5781 Multi
1325 5728 1468 5780 enim
1501 5725 1717 5782 termini
1749 5735 1806 5778 ut
1837 5726 1963 5794 lapii

2190 5727 2440 5795 taOepdv'
2473 5725 2534 5779 οὐ
2567 5724 2675 5796 μὴν
2707 5727 2848 5780 κατὰ
2875 5729 2936 5778 τὸ
2962 5725 3222 5796 παχυλῶς
3247 5725 3345 5778 καὶ
3380 5716 3681 5793 σωματωδῶς

469 5819 736 5874 uiilliares
790 5819 1063 5875 columnis
1115 5819 1298 5891 politis
1327 5830 1382 5873 et
1425 5819 1609 5873 abacis
1631 5818 1958 5874 marmoreis

2187 5819 2385 5889 στηκὸς
2423 5819 2519 5871 καὶ
2571 5817 2713 5870 οὕτω
2765 5817 3036 5887 βεϐηκός·
3094 5822 3123 5874 ὁ
3179 5818 3292 5888 γάρ
3344 5835 3426 5871 τοι
3463 5813 3578 5884 περὶ
3602 5809 3681 5878 γῆν

472 5909 840 5969 diversimode
882 5913 1161 5984 inscriptis
1210 5913 1516 5970 insistunt.
1569 5907 1673 5967 Sed
1701 5951 1716 5976 ,
1758 5912 1835 5966 mi
1878 5912 1960 5967 [ra

2182 5911 2404 5983 ιεϐηκὼς
2453 5911 2579 5986 ὅρος
2637 5910 2812 5975 ἄλλως
2849 5912 2907 5967 ἐν
2943 5911 3219 5983 ὀρύγματι
3263 5911 3580 5980 θεωρεῖται,
3604 5900 3678 5956 καὶ
