3788 6550
481 424 582 490 567

1192 430 1614 493 EUSTATHII
1648 431 2405 492 TﬂESSAIDNiCENSlS
2444 429 3002 492 METROPOLITM
3587 447 3659 510 διδ

483 545 786 601 secundum
821 544 1016 612 Deum,
1052 557 1240 616 postea
1270 547 1573 605 secundum
1606 547 1912 609 hominem.
1943 548 2058 602 lieri

2175 547 2233 600 δι’
2278 543 2346 619 ἧς
2385 546 2670 614 ἄνθρωποι
2717 542 3121 612 τελειούμεθαο
3176 543 3279 600 ποῦ
3329 547 3429 620 γὰρ
3473 552 3528 606 ἃν
3559 559 3661 613 εἴποι

481 639 650 702 dicet,
680 647 738 690 ut
772 636 903 693 hinc.
940 637 1240 709 perfectura
1270 640 1406 696 dicit
1446 656 1574 696 eum
1603 642 1696 709 qui
1730 651 1921 697 sancte
1975 642 2067 694 lm-

484 730 692 785 tatur?
741 729 796 785 Si
849 740 1033 788 autem
1083 746 1181 786 cor
1232 747 1342 786 non
1409 731 1694 788 indeﬁnite
1757 733 1911 798 dicit,
1969 733 2063 788 sed

484 837 610 878 cum
665 822 902 880 articulo
960 831 1016 880 et
1071 824 1388 881 deﬁnitione
1425 826 1695 893 generali,
1750 825 1901 881 brevi
1970 841 2067 880 cor

485 913 580 968 Del
633 927 826 972 amans
883 916 1237 974 revelabitur.
1275 917 1500 974 Talibus
1549 919 1697 974 enim
1754 919 2067 974 lmminibus

485 1004 678 1060 cordis
712 1009 1068 1066 serenitatem
1108 1012 1444 1079 impertitur,
1486 1011 1725 1068 eliiciens
1769 1027 1892 1071 aure
1942 1025 2067 1079 pro-

491 1097 664 1154 misit.
716 1099 822 1154 Sed
858 1118 963 1159 non
1005 1119 1104 1170 pro
1152 1105 1316 1159 corde
1358 1104 1476 1172 ipso
1529 1103 1906 1160 misericordia
1965 1105 2067 1160 hoc

488 1191 706 1257 quidem
775 1193 895 1249 loco
964 1196 1279 1266 accipienda
1338 1208 1456 1258 est.
1530 1198 1624 1254 sed
1699 1199 1768 1252 ad
1827 1198 2064 1252 animam

489 1282 660 1349 ipsam
700 1288 1094 1344 recurrentium
1139 1297 1246 1354 est,
1301 1293 1448 1359 quod
1521 1290 1690 1346 etiam
1727 1289 1907 1346 facere
1949 1289 2067 1344 vult

486 1375 532 1427 is
563 1375 655 1442 qui
693 1377 823 1432 dicit
864 1379 1006 1448 quod
1041 1394 1140 1436 cor
1192 1392 1247 1436 et
1281 1396 1412 1436 caro
1473 1382 1646 1451 ipsius
1703 1384 1758 1437 in
1810 1382 1922 1437 Deo
1976 1397 2068 1438 ex-

484 1465 719 1534 sultant;
779 1485 887 1526 non
913 1472 1059 1528 enim
1090 1488 1186 1528 cor
1219 1473 1286 1529 ad
1323 1473 1530 1543 aliquid
1558 1475 1704 1545 quod
1727 1474 1912 1530 carnis
1944 1488 2070 1542 par-

486 1557 659 1631 ticeps
732 1577 839 1618 non
884 1573 970 1620 est
1026 1565 1255 1637 relegat.
1305 1564 1462 1622 Patet
1509 1575 1690 1622 autem
1755 1567 1900 1638 quod
1969 1581 2066 1636 per

487 1665 584 1705 cor
609 1645 934 1711 variationis
978 1671 1110 1726 ergo
1141 1657 1371 1726 spiritus
1405 1657 1635 1727 intelligi
1665 1657 1850 1714 debet.
1881 1657 2066 1724 Quare

487 1743 652 1797 etiam
716 1746 885 1801 David
919 1759 1212 1819 postquam
1245 1751 1382 1807 dixit
1429 1751 1686 1820 spiritum
1741 1750 2061 1818 contritum,

488 1847 585 1887 cor
611 1836 912 1890 contritum
959 1837 1134 1894 addit.
1189 1840 1294 1894 Per
1343 1841 1482 1894 banc
1547 1841 1691 1895 enim
1735 1840 2062 1911 prmcipuam

2167 656 2253 700 τις
2286 640 2386 710 τὴν
2414 639 2558 692 κατὰ
2603 639 2739 692 Θεὸν
2772 638 3110 707 εὐφρόσυνον
3159 638 3394 709 γαλήνην
3438 646 3555 698 κατὰ
3593 651 3663 721 τὴν

2168 730 2522 801 ἀνθρωπίνην
2553 730 2856 792 ποιεῖσθαι,
2891 728 2968 793 ὥς
3002 730 3252 784 ἐντεῦθεν
3294 733 3384 787 καὶ
3411 738 3664 803 τετελεσμέ-

2167 841 2258 879 νον
2284 824 2456 891 ἁγίως
2481 823 2736 890 λέγεσθαι
2777 823 2870 876 τὸν
2923 821 3046 876 κατ’
3077 823 3248 890 αὐτὴν
3281 824 3662 904 εὐφραινόμενοι);

2171 914 2286 985 Τὴν
2337 915 2568 986 καρδίαν
2613 913 2672 967 δὲ
2729 913 2904 968 εἰπὼν
2954 914 3076 984 οὐχὶ
3131 913 3415 982 ἀορίστως,
3452 919 3548 972 ἀλλ’
3586 922 3664 979 οἷον

2172 1004 2314 1076 μετά
2341 1004 2786 1077 προσδιορισμοιῖ
2820 1005 3122 1059 καθολικοῦ
3151 1005 3239 1060 διὰ
3261 1007 3322 1061 τὸ
3347 1007 3544 1081 ἄρθρον,
3563 1017 3662 1085 τάχα

2168 1097 2235 1154 ἂν
2272 1099 2441 1152 πᾶσιν
2477 1099 2706 1168 καρδίαν
2737 1097 2926 1168 δηλοῐο
2977 1099 3206 1168 θεοφιλῆ
3237 1099 3295 1153 δὲ
3328 1102 3526 1166 πάντως
3562 1108 3664 1161 tut.

2168 1205 2309 1262 νην*
2336 1191 2433 1254 τὰς
2479 1191 2740 1253 τοιαύτας
2787 1191 2897 1262 γὰρ
2941 1195 2968 1246 ὁ
3027 1193 3262 1263 Χριστὸς
3289 1193 3662 1268 γαληνομάρᾨους

2169 1285 2352 1348 ποιεί,
2394 1283 2763 1354 ἔργαζόμενος
2800 1285 2943 1353 ἅπερ
2975 1285 3268 1353 ὑπέσχετο.
3320 1286 3389 1338 Οὐ
3428 1286 3480 1340 τδ
3509 1291 3664 1358 σπλάγ-

2170 1394 2296 1446 χνον
2332 1375 2390 1430 δὶ
2431 1377 2566 1430 αὐτὸ
2611 1373 2845 1448 καρδίαν
2881 1376 3110 1448 νοητέον
3155 1375 3384 1430 ἐνταῦθα
3405 1419 3420 1442 ,
3449 1380 3549 1431 ἀλλ’
3576 1384 3664 1435 ἀνα-

2169 1467 2365 1522 σατέον
2405 1469 2463 1535 εξ
2495 1468 2666 1538 αὐτῆς
2703 1468 2955 1539 συνήθως
2987 1469 3069 1532 είς
3094 1469 3194 1540 τὴν
3221 1467 3397 1540 ψυχήν
3419 1483 3434 1500 ·
3464 1471 3558 1542 ὃδὴ
3583 1475 3664 1543 poi.

2169 1561 2323 1616 λεται
2352 1565 2528 1618 ποιεῖν
2562 1568 2658 1617 καὶ
2685 1564 2714 1616 δ
2740 1562 2838 1633 τὴν
2861 1561 3094 1634 καρδίαν
3117 1561 3282 1616 αὐτοῦ
3312 1561 3404 1616 καὶ
3427 1562 3514 1624 τὴν
3535 1566 3663 1634 σάρκα

2168 1653 2372 1719 δνθέως
2425 1655 2789 1721 ἀγαλλιᾶσθαι
2845 1656 3128 1724 φάμενος’
3166 1655 3229 1709 οὐ
3281 1655 3445 1724 δήπου
3493 1657 3580 1725 γὰρ
3597 1659 3664 1727 τήν

2169 1745 2403 1817 καρδίαν
2444 1746 2524 1812 είς
2576 1765 2628 1801 τι
2679 1747 2926 1817 ἄσαρκον
2961 1747 3147 1799 ἐκεῖνο
3202 1744 3463 1810 ἀπέταξε·
3491 1746 3614 1816 δῆλον
3633 1750 3664 1802 δ’

2170 1839 2251 1892 ὅτι
2276 1839 2372 1892 καὶ
2410 1838 2612 1894 ταυτόν
2642 1839 2758 1893 ἔστι
2807 1838 3042 1908 καρδίαν
3080 1837 3302 1908 πνεῦμα
3328 1838 3487 1892 εἰπεῖν
3510 1840 3660 1895 πολυω-

490 1933 724 1991 partem,
752 1942 874 1995 qua:
898 1927 1149 1999 principii
1187 1927 1309 1984 loco
1340 1930 1394 1984 in
1421 1931 1579 1986 nobis
1601 1940 1705 1994 est,
1729 1930 1838 1985 vita
1875 1930 2067 1984 Imma-

2175 1927 2375 1999 νυμίας
2400 1929 2568 2001 λόγῳ·
2602 1930 2685 1984 διδ
2710 1930 2807 1985 καὶ
2835 1930 2864 1982 δ
2885 1895 3061 1982 ⁸Δαόὶδ
3093 1895 3268 1982 statim:
3297 1927 3500 1996 πνεῦμα
3533 1945 3662 1982 σνντε-

491 2033 557 2070 na
598 2025 653 2071 et
692 2019 873 2073 omnis
908 2019 1082 2074 virtus
1129 2020 1398 2089 spiritalis
1459 2031 1514 2076 et
1547 2022 1905 2092 cogitationes
1956 2021 2066 2090 spi-

487 2109 672 2164 ritales
705 2111 1076 2181 indigitantur.

2172 2021 2502 2091 τριμμένον,
2555 2021 2920 2075 ἔπισυνάπτει
2967 2019 3203 2088 καρδίαν
3245 2019 3660 2089 συντετριμμίνςν·

2176 2113 2259 2166 δι’
2282 2108 2352 2186 ἧς
2409 2115 2781 2184 καιριωτάτου
2819 2113 3010 2186 μορίου
3060 2113 3121 2167 ἔν
3156 2113 3289 2184 ἡμῖν
3320 2111 3472 2181 οῦσης
3501 2113 3661 2180 καὶάρ-

489 2202 667 2272 χικοῦ,
705 2205 802 2259 καὶ
855 2207 887 2276 ἡ
943 2207 1260 2280 ἀνθρωπίνη
1316 2209 1570 2280 δηλοῦται
1621 2205 1735 2277 (te!)
1783 2222 1932 2270 ποτε,
1970 2204 2067 2258 καὶ
2140 2209 2295 2261 πᾶσα
2360 2208 2592 2280 δύναμις
2644 2207 2880 2280 ψυχικὴ,
2933 2207 3032 2262 καὶ
3075 2208 3147 2262 τὰ
3191 2205 3391 2277 ψυχικὰ
3435 2205 3485 2258 δὲ
3525 2206 3662 2274 φρονήο

495 2312 660 2364 ματα.

565 2391 658 2446 55.
699 2389 847 2461 Opus
877 2390 1003 2448 dein
1032 2393 1376 2464 perfecturus
1408 2403 1465 2452 et
1500 2411 1599 2450 nos
1642 2395 1943 2452 exhortans
1994 2408 2070 2449 ne

2241 2389 2344 2462 v7'.
2384 2391 2460 2446 Τδ
2492 2391 2550 2446 δὲ
2581 2390 2746 2462 ἔργον
2799 2393 2914 2464 γὰρ
2941 2391 3278 2464 ὲκπεράνας,
3325 2389 3413 2446 καὶ
3455 2391 3558 2461 ἑξῆς
3581 2409 3663 2446 παι.

493 2499 810 2540 sermonum
842 2496 1143 2544 sectatores
1173 2489 1349 2545 simus
1373 2531 1388 2556 ,
1423 2491 1569 2559 quod
1602 2490 1825 2559 quidem
1857 2486 2067 2542 homini

2175 2485 2346 2541 δεύειν
2384 2484 2656 2556 ἁρεδήλως
2705 2486 2853 2557 ἡμᾶς
2909 2484 3172 2556 βούλεται
3217 2485 3291 2556 μὴ
3329 2485 3499 2553 λόγους
3523 2485 3662 2552 φιλεῖν,

497 2575 754 2647 prudenti
800 2579 987 2634 minus
1031 2580 1286 2650 expedit,
1328 2589 1389 2638 ut
1419 2581 1533 2654 jam
1570 2589 1816 2636 veterum
1867 2577 2067 2649 aliquis

2175 2580 2309 2650 ’ὑπερ
2333 2578 2394 2632 οὐ
2432 2579 2656 2650 στέργει
2707 2578 2999 2650 ἄνθρωπος
3041 2575 3281 2646 φρονῶν,
3314 2575 3444 2628 καθά
3482 2592 3549 2637 τις
3572 2576 3663 2643 φθά-

498 2669 707 2735 docuit,
742 2670 793 2727 id
825 2673 1069 2744 praecipit
1099 2682 1158 2728 ut
1199 2672 1456 2743 perfecta:
1493 2673 1753 2730 amicitiae
1791 2671 2067 2726 adbaarea-

2175 2685 2274 2730 σας
2302 2669 2748 2739 ἐγνωμάτενσεν,
2806 2669 2943 2724 ἀλλὰ
3000 2668 3259 2723 σπεύδειν
3294 2668 3580 2738 ἐργάζεσθαι
3614 2672 3658 2722 τὰ

495 2778 653 2828 mus;
707 2779 776 2820 ne
827 2767 1174 2822 sermonibus
1232 2776 1288 2822 et
1337 2783 1493 2822 vanis
1547 2766 1749 2836 spebus
1791 2763 1957 2819 illecti
2013 2771 2067 2817 nt

2176 2761 2316 2833 πρὸς
2368 2763 2556 2834 ἐντελῆ
2614 2763 2800 2834 φιλίαν
2826 2779 2840 2794 ο
2902 2763 2989 2816 ἴνα
3043 2763 3122 2832 μὴ
3179 2762 3350 2830 λόγων
3417 2763 3561 2830 μόνων
3599 2763 3660 2815 καὶ

493 2856 860 2913 somniatorcs
887 2866 940 2912 et
975 2861 1266 2914 mendaces
1299 2859 1572 2914 vivamus.
1605 2856 1685 2911 Tu
1733 2857 1901 2928 igitur
1927 2854 2067 2925 quod

2175 2854 2285 2910 τῶν
2336 2853 2589 2910 ἐντεῦθεν
2637 2855 2874 2910 ἐλπίδων
2927 2853 3483 2925 ἀπαιωρούμενοι,ὡς
3506 2853 3662 2906 ivisti-

497 2947 763 3018 scriptum
799 2957 982 3004 exstat
1045 2959 1196 3016 nota,
1245 2951 1472 3022 etquod
1527 2951 1593 3006 ad
1639 2949 2067 3020 omnipotentem

2181 2963 2294 3018 ροις
2321 2946 2528 3016 ζῶμεν,
2547 2947 2794 3011 γλυκιως
2823 2945 3342 3016 ὲ).πιδοκοπούμενοι
3361 2946 3446 2998 καὶ
3466 2944 3517 2997 τὸ
3532 2943 3660 3012 δαιμο-

499 3037 664 3091 l)eum
721 3049 930 3109 spectat
979 3041 1051 3097 ob
1104 3043 1293 3098 oculos
1340 3058 1500 3113 pone.
1553 3041 1842 3112 Εὐφρανεν
1884 3050 2067 3097 autem

2177 3038 2329 3092 νικδν
2359 3038 2562 3108 ψεῦδος
2607 3037 2751 3093 οὕτω
2803 3038 3322 3111 παῤῥησιάζοντες·
3355 3036 3604 3106 σημείωσει
3624 3035 3659 3086 δὲ

495 3132 660 3184 Αιιίει
691 3131 902 3198 dicunt,
934 3145 1288 3204 augmentum
1321 3137 1572 3190 naturale
1607 3135 1871 3190 adhibere
1918 3141 2067 3189 sata-

2177 3131 2240 3184 τὸ
2281 3132 2519 3187 ἐνταῦθα
2552 3132 2767 3202 γραφὲν
2820 3131 3007 3203 ἔργον,
3044 3130 3147 3184 καὶ
3191 3130 3263 3183 τὰ
3305 3129 3419 3184 κατ’
3459 3126 3565 3182 αὐτδ
3584 3127 3660 3180 θεῖε

492 3231 706 3291 gentes,
742 3223 889 3280 sicut
915 3226 968 3278 in
1013 3225 1302 3298 εὐλόγησε,
1338 3226 1694 3300 εὐδοκίμησε,
1737 3227 2067 3302 εὐμοίρησε,

2177 3218 2252 3278 ὧν
2297 3223 2485 3278 ἕνεκεν
2529 3225 2870 3294 παντουργὸς
2891 3225 2920 3278 ὁ
2952 3224 3089 3286 Θεὸς
3115 3260 3134 3285 ,
3162 3223 3237 3286 ὡς
3265 3224 3323 3275 ἔν
3351 3223 3451 3284 τοῖς
3477 3219 3572 3287 ἑξῆς
3594 3235 3660 3286 φ’

493 3312 782 3384 εὐμάρισε,
813 3310 960 3386 εὗρε,
983 3317 1275 3387 εὐτύχησε,
1305 3298 1624 3390 εὐκρίνησε,
1660 3328 1716 3375 et
1747 3298 1977 3373 iu'aliis.
2011 3315 2070 3373 Si
2097 3298 2141 3356 θ
2184 3317 2380 3371 νεῖται.
2411 3316 2484 3369 Τδ
2513 3317 2570 3371 δὲ
2602 3316 2875 3387 εὔφρανεν
2911 3316 3154 3370 Ἀττικοὶ
3177 3315 3436 3380 λέγουσιν,
3459 3309 3657 3379 ἀρκούμε-

493 3404 617 3476 quis
650 3416 830 3463 autem
871 3427 906 3480 η
936 3407 1021 3465 his
1041 3412 1267 3466 vocibus
1288 3411 1617 3482 prmsiguare
1643 3412 1899 3477 voluerit,
1927 3426 2078 3466 com-

495 3498 644 3552 muni
693 3501 926 3555 dialecto
978 3517 1037 3556 se
1085 3501 1438 3558 conformans
1490 3502 1674 3557 iaciat.
1709 3499 1848 3556 Nota
1891 3511 2074 3556 autem

491 3592 639 3657 quod
676 3592 846 3648 dictio
877 3595 1133 3664 superius
1168 3594 1378 3665 prolata
1402 3634 1418 3661 ,
1473 3594 1637 3664 ἔργον
1676 3595 1787 3665 γὰρ
1831 3593 2076 3665 περάνας

493 3681 728 3754 εὔφρανε
781 3685 993 3752 φίλους,
1053 3686 1268 3742 duobus
1311 3686 1364 3742 in
1401 3687 1539 3742 locis
1586 3686 1725 3742 falsa
1755 3695 1871 3751 est;
1905 3687 2077 3756 parti-

494 3774 694 3842 cipium
720 3774 865 3830 enim
895 3791 1053 3846 aeque
1083 3791 1147 3833 ac
1172 3777 1399 3832 verbum
1427 3776 1604 3846 ipsum
1628 3778 1769 3834 male
1786 3791 1856 3834 se
1886 3777 2070 3832 habet.

499 3861 729 3928 Quando
755 3864 902 3918 enim
934 3875 1165 3934 quartus
1197 3882 1292 3936 pes
1316 3867 1596 3937 spondeus
1629 3875 1713 3922 est
1741 3883 1865 3922 cum
1901 3865 2071 3931 nnali,

493 3966 546 4008 ct
592 3955 908 4025 ἐκπεράνας
949 3966 1008 4012 ut
1046 3956 1225 4028 τύψας
1264 3967 1360 4012 aut
1390 3959 1577 4026 λέξας,
1617 3969 1749 4026 etc.,
1775 3959 2071 4029 profertur,

495 4045 748 4115 quintum
789 4061 1010 4119 quoque
1064 4050 1254 4119 pedem
1315 4049 1844 4124 bracbycatalectum
1912 4049 2074 4106 habet

495 4147 690 4194 contra
717 4155 991 4206 normam,
1024 4142 1181 4212 quasi
1246 4143 1462 4200 iambus
1482 4155 1576 4200 aut
1609 4144 1884 4199 trochaeus
1905 4150 2069 4200 esset.

494 4230 681 4303 Itaque
705 4249 816 4289 non
849 4232 1009 4291 iacile
1033 4245 1118 4290 est
1142 4251 1360 4291 versum
1389 4236 1692 4293 secundum
1721 4248 2070 4292 communem

496 4333 744 4379 nostrum
764 4324 1058 4381 iambcium
1077 4327 1340 4381 scandere
1361 4341 1426 4382 ac
1450 4325 1648 4384 metiri.
1677 4327 1733 4383 Si
1751 4327 1876 4399 quis
1892 4337 2071 4385 autem

495 4424 610 4470 ιιιιε
637 4414 824 4472 critica
851 4432 984 4472 usus
1007 4427 1061 4471 et
1085 4434 1236 4474 more
1267 4419 1445 4473 ionico
1469 4419 1758 4488 scripserit
1784 4420 1947 4489 ἔργον
1963 4422 2071 4492 γὰρ

495 4508 825 4580 ἐκπέρανεν,
845 4520 938 4564 aut
971 4513 1050 4573 εἰς
1082 4511 1254 4582 πέρας
1275 4511 1483 4582 ἢγαγεν
1510 4512 1838 4584 εὐφραίνων,
1867 4523 1962 4568 aut
1984 4515 2071 4568 εύο

498 4597 709 4666 φράνας
731 4599 943 4668 φίλους,
963 4593 1315 4671 ροςήιιαι-ιυε
1347 4617 1522 4672 neque
1552 4603 1717 4657 nimis
1745 4603 1957 4675 longus,
1977 4622 2070 4660 ne-
2106 4641 2149 4696 ο

495 4707 603 4757 que
629 4691 854 4760 quintus
884 4692 1052 4748 nimis
1084 4692 1262 4747 brevis
1281 4693 1407 4760 erit,
1428 4705 1484 4749 et
1505 4694 1586 4750 sic
1611 4702 1727 4753 voci
1745 4697 1878 4767 jUsli
1905 4699 2068 4752 iambi

496 4780 731 4832 iormam
760 4779 934 4835 dabit.
964 4779 1022 4834 Si
1050 4789 1232 4836 autem
1254 4779 1333 4837 sic
1362 4781 1710 4838 scribendum
1736 4801 1858 4842 esse
1907 4787 2071 4842 alicui

497 4870 877 4940 probabimus,
933 4870 1047 4941 jam
1109 4885 1219 4926 non
1269 4873 1601 4931 errabimus.
1671 4875 1825 4942 Quod
1883 4887 2068 4934 autem

495 4962 778 5035 περαίνειν
804 4979 949 5036 saepe
979 4977 1106 5020 cum
1136 4964 1414 5036 περατοῦν
1445 4966 1715 5037 congruit,
1739 4970 1800 5023 τὸ
1831 4971 2072 5024 τελειοῦν

495 5069 715 5126 quoque
741 5055 971 5111 indicat.
1013 5056 1170 5124 Quod
1209 5066 1394 5114 autem
1427 5058 1736 5131 πειραίνειν
1759 5060 1908 5116 aliud
1939 5063 2069 5133 quid

496 5145 663 5209 valet,
702 5145 754 5200 id
801 5145 1022 5202 aliunde
1049 5149 1308 5217 cognosci
1339 5159 1538 5219 potest.

2175 3409 2261 3462 ’νοι
2289 3409 2358 3477 τῇ
2388 3408 2533 3462 κατὰ
2577 3407 2743 3477 φύσιν
2773 3406 3002 3476 αὐξήσει
3027 3409 3098 3476 τῇ
3133 3404 3230 3458 τοῦ
3261 3402 3538 3466 ἐνεστῶτος,
3565 3400 3659 3452 καθὰ

2177 3499 2275 3553 καὶ
2324 3500 2387 3553 τδ
2438 3500 2726 3572 εὐλόγησε,
2774 3501 2871 3553 καὶ
2921 3499 3288 3567 εὐδοκίμησε,
3317 3495 3404 3549 καὶ
3424 3492 3656 3562 εὐμοίρησι,

2175 3591 2270 3645 καὶ
2297 3590 2587 3661 εὐμάρισε,
2618 3592 2715 3644 καὶ
2745 3584 2898 3660 εὗρε,
2928 3591 3042 3654 [καὶ
3077 3588 3361 3658 εὐτύχησε,
3403 3586 3487 3639 καὶ
3525 3582 3655 3652 εὐτρί-

2177 3701 2330 3752 νησε,
2372 3685 2468 3738 καὶ
2495 3685 2595 3738 ὅσα
2627 3682 2874 3738 τοιαῦτα.
2905 3683 2968 3756 Ei
3015 3681 3072 3735 δέ
3125 3699 3213 3744 τις
3247 3679 3304 3732 τὸ
3350 3697 3380 3748 η
3421 3673 3657 3746 προκαθίξει

2175 3775 2287 3828 τῶν
2314 3775 2577 3829 τοιούτων
2626 3773 2852 3840 λέξεων,
2888 3771 3270 3846 χειροτονείτω
3298 3771 3459 3823 ἔκείνο
3501 3767 3556 3827 ὡς
3579 3762 3656 3832 βού-

2175 3867 2336 3922 λεται
2364 3867 2729 3939 χαριζόμενος
2781 3867 2851 3938 τῇ
2903 3865 3222 3933 κοινότητιο
3254 3855 3656 3932 σημείωσαιδδὸτι

2175 3960 2236 4013 τὸ
2272 3960 2555 4031 προσεχῶς
2581 3958 2922 4028 ὲξηγημένον
2949 3957 3107 4022 ἔπος,
3141 3956 3224 4022 τὸ,
3256 3954 3406 4024 ἔργον
3435 3949 3524 4022 γὰρ
3547 3951 3656 4000 ἔκτι-

2179 4053 2348 4123 ράνας
2396 4052 2638 4124 εὐφρανε
2685 4053 2903 4119 φίλους,
2934 4050 2994 4103 ἔν
3041 4049 3169 4103 δυσὶ
3226 4049 3402 4109 τόποις
3450 4041 3653 4108 ἔσφαλται.

2174 4142 2486 4198 δυσπαθοῦν
2523 4143 2664 4197 κατὰ
2708 4144 2809 4214 τὴν
2855 4140 3091 4212 μετοχὴν
3133 4140 3230 4194 καὶ
3274 4138 3333 4192 τὸ
3366 4136 3516 4207 ῥῆμα.
3543 4130 3654 4183 Ὀταν

2174 4236 2283 4308 γὰρ
2317 4238 2344 4290 δ
2377 4235 2635 4307 τέταρτος
2683 4234 2826 4298 ποὺς
2857 4235 3139 4296 σπονδεῖός
3178 4234 3324 4287 ἔστιν
3355 4227 3566 4283 ἐκτείνων
3591 4222 3654 4286 τὴν

2173 4327 2450 4399 λήγουσαν
2483 4326 2580 4380 τοῦ
2614 4326 2928 4396 ἔκπεράνας
2955 4326 3099 4380 κατὰ
3131 4324 3194 4378 τὸ
3220 4322 3407 4390 τύψας,
3439 4313 3653 4376 καὶλέξιέν

2175 4425 2269 4476 καὶ
2307 4421 2377 4474 τὰ
2405 4421 2589 4488 ὅμοια,
2615 4419 2709 4499 καὶ
2733 4420 2827 4471 τὶν
2862 4420 3117 4486 πέμπτον
3152 4417 3206 4470 δὲ
3241 4416 3371 4468 πόδα
3397 4403 3653 4481 βραχνκατά·

2174 4516 2374 4583 ληκτον
2413 4497 2699 4581 ἀσυνήίὲως
2751 4511 2865 4580 ἔχει
2906 4511 2982 4572 ὡς
3031 4511 3191 4576 είπερ
3223 4502 3290 4577 ἦν
3319 4501 3488 4594 ίαμδος
3527 4497 3653 4594 ἤτρου

2175 4605 2350 4675 χαίος,
2372 4603 2471 4656 καὶ
2499 4601 2614 4654 ἔστι
2637 4601 2728 4654 διὰ
2755 4599 2918 4652 τοῦτο
2943 4595 3310 4652 ῦποδύσκολον
3340 4593 3653 4660 ἑκθεραπεῠσιι

2177 4697 2268 4748 τὸν
2301 4696 2485 4765 στίχον
2517 4693 2592 4757 ῶς
2633 4690 2979 4764 μετρηθῆναι
3027 4689 3173 4742 κατὰ
3203 4687 3262 4740 τὸ
3295 4681 3416 4752 παρ’
3448 4679 3552 4749 ἡμῖν
3573 4675 3654 4741 ἄρτι

2177 4789 2356 4841 κοινὶν
2416 4786 2680 4856 ίαμδείον.
2730 4784 2794 4837 Ei
2850 4781 2907 4834 δέ
2959 4796 3045 4842 τις
3092 4775 3323 4849 κριτικῷ
3371 4773 3496 4839 λόγῳ
3545 4778 3655 4862 μετι-

2177 4881 2382 4951 γράψει
2431 4879 2564 4932 αὐτό
2591 4878 2786 4939 οὕτως,
2819 4875 2982 4946 ἔργον
3008 4875 3118 4941 γὰρ
3146 4869 3452 4938 ἔκπέρανεν,
3477 4862 3655 4951 ίωνιιξωςν

2177 4949 2343 5046 madv
2399 4974 2478 5034 είς
2511 4972 2685 5040 πέρας
2732 4969 2940 5040 ἢγαγεν
2961 5008 2976 5032 ,
3031 4965 3371 5036 εὐφραίνων,
3402 4956 3431 5025 ἢ
3458 4949 3655 5046 εὐφράνας

2179 5039 2392 5136 φίλους,
2429 5061 2490 5117 τό
2513 5039 2940 5133 ’τεῖιτιερωιοίλιον⁵
2974 5057 3071 5112 τοῦ
3102 5055 3362 5124 τετάρτου
3391 5045 3524 5136 ποδρς
3548 5039 3656 5136 θερξ·

2181 5135 2399 5217 πεύσει,
2429 5153 2525 5206 καὶ
2553 5151 2616 5204 τδ
2644 5150 2739 5204 τοῦ
2771 5151 3024 5220 πέμπτου
3051 5145 3306 5218 λαγαρόν·
3344 5142 3426 5195 καὶ
3449 5135 3583 5193 οὕτως
3605 5139 3654 5184 εις

497 5241 648 5309 ὐγιές
681 5243 929 5312 ίαμὸείον
961 5241 1090 5306 ἔπος
1116 5243 1250 5296 αὐτὸ
1285 5245 1595 5315 μεταγάγῃ.
1631 5245 1692 5298 Et
1716 5244 1771 5298 δέ
1797 5263 1902 5300 τινι
1937 5247 2218 5322 ἀπᾴδομεν
2255 5249 2402 5304 οὕτω
2435 5249 2635 5322 χρῆναι
2700 5246 2937 5318 γράφειν
3003 5243 3268 5312 λέγοντες,
3307 5238 3412 5292 ἀλλ’
3453 5234 3518 5333 ὅτι
3562 5239 3656 5333 περ·

494 5339 958 5411 εσημειωσάμεθα
1003 5339 1066 5393 τδ
1113 5341 1173 5392 οὐ
1209 5341 1392 5412 πάντη
1428 5341 1684 5413 σύνηθες,
1718 5343 2075 5417 ἀρμοσόμεθα
2114 5350 2198 5412 εις
2226 5348 2542 5420 ἄμεμπτον.
2576 5347 2659 5398 δτι
2689 5343 2746 5398 δὲ
2767 5343 2830 5397 τε,
2861 5343 3142 5413 περαίνειν
3179 5338 3295 5410 μὲν,
3323 5336 3391 5398 ὡς
3443 5329 3520 5383 ἐπὶ
3564 5329 3652 5375 πολὺ

493 5436 555 5492 τὸ
595 5437 872 5507 περατοῦν
923 5435 1076 5506 δηλοί
1122 5438 1219 5490 καὶ
1253 5438 1530 5491 τελειοῦνο
1579 5438 1640 5492 τδ
1674 5439 1731 5493 δὲ
1765 5441 2071 5514 πειραίνειν
2107 5444 2323 5499 ἀλλοῖόν
2354 5461 2407 5496 τι
2439 5442 2721 5514 σημαίνει,
2757 5437 3025 5512 ἑτέρωθεν
3055 5437 3173 5490 ἔστι
3216 5431 3426 5502 γνῶναι.

566 5532 658 5588 54.
697 5532 922 5588 Amicos
953 5532 1158 5588 Christi
1191 5544 1416 5589 sanctos
1449 5534 1730 5604 apostolos
1766 5537 2070 5592 secundum

497 5636 749 5682 sanctum
795 5623 1152 5696 Evangelium
1196 5626 1434 5695 appellat
1494 5639 1674 5696 poeta.
1711 5628 1865 5694 Quod
1907 5645 2072 5699 porro

499 5718 590 5774 Del
641 5720 948 5790 praesentia:
996 5729 1049 5774 et
1107 5718 1485 5789 operationum
1541 5719 1698 5789 signa
1758 5730 1813 5775 et
1868 5721 2070 5777 iudicia

495 5820 627 5867 sunt
660 5820 1011 5882 tempestates
1039 5821 1094 5868 et
1125 5821 1412 5867 ventorum
1463 5812 1720 5884 impetus,
1749 5813 1920 5868 maris
1954 5824 2069 5870 tur-

499 5901 656 5964 bibes
684 5915 738 5963 et
759 5903 966 5976 fervor,
991 5921 1084 5963 aer
1106 5908 1397 5976 obscurus,
1422 5908 1592 5964 aether
1619 5907 1907 5976 violentus,
1932 5909 2058 5965 cceli

2250 5539 2343 5592 νῦν.
2377 5508 2569 5599 Φίλδύς
2612 5534 2669 5588 δὲ
2713 5532 2790 5605 τῷ
2837 5508 3059 5604 Χριστῷ
3104 5529 3232 5589 τοὺς
3272 5524 3445 5592 ἁγίους
3484 5508 3653 5605 ἀποστό-

2177 5631 2300 5694 λους
2354 5628 2665 5690 ἀκολούθως
2715 5601 2793 5699 τῶ
2825 5601 2966 5695 ἁγίῳ
2997 5618 3309 5690 Εὐαγγελίῳ
3329 5612 3464 5668 εἶπεν
3487 5610 3511 5706 δ

2175 5723 2262 5786 δός
2290 5739 2303 5753 ·
2342 5719 2417 5784 ὡς
2466 5721 2523 5775 δὲ
2569 5719 2732 5776 θείων
2767 5697 3098 5791 ἠπαρουσιῶν
3154 5712 3249 5767 καὶ
3293 5699 3544 5791 ἐνεργειῶν
3562 5697 3652 5748 ἄλλα

2176 5816 2311 5884 δῆτα
2335 5813 2401 5868 τὰ
2425 5813 2518 5867 καὶ
2543 5811 2842 5881 ἐνεργειῶν
2871 5790 3124 5880 ἐπίσημά
3150 5806 3257 5857 είσι
3291 5799 3376 5854 καὶ
3401 5790 3649 5884 παράσημῆ

2177 5867 2396 5974 αίγίδεςν
2421 5903 2518 5958 καὶ
2550 5867 2862 5974 καέάφοραὶ
2889 5867 3128 5970 ἀνέμων,
3171 5889 3244 5949 ὧν
3271 5885 3564 5949 ἀποτέλεσμα
3586 5867 3650 5925 καὶ
