3824 6552
140 410 235 477 5C9

910 410 991 471 IN
1038 411 1383 473 HYMNUM
1421 412 2078 478 PENTECOSTALEM
2117 400 2596 483 DAMASCENI.

3289 417 3396 482 5ῗο

141 527 388 600 ἁγριάτης
418 524 720 596 θαλάσσης,
752 525 853 580 καὶ
882 524 992 595 ἀὴρ
1026 525 1297 593 σκοτόεις,
1320 526 1417 580 καὶ
1454 527 1702 599 σκυθρω-

1837 547 1939 596 ra,
2005 542 2165 590 terra:
2236 543 2459 599 motus,
2496 548 2660 590 nemo
2702 533 2938 606 ignorat.
3009 533 3204 589 Notum
3268 549 3397 588 vero

144 620 300 689 πότης
341 614 592 684 αίθέρος,
633 615 727 669 καὶ
777 613 909 686 ἄχος
954 613 1228 685 οὐρανοῦ,
1273 617 1372 672 καὶ
1424 618 1533 672 τῶν
1577 618 1705 689 περὶ

1811 633 1899 681 est
1936 627 2078 695 quod
2146 628 2262 697 ipsa
2302 628 2509 685 creatio
2573 627 2876 683 secundum
2924 642 3024 683 nos
3066 627 3176 683 Deo
3201 626 3398 680 adver—

144 712 239 781 γῆν
260 708 612 778 ἀνακίνησις,
641 707 817 772 οὐδεὶς
848 710 1052 775 ἀγνοεῖ.
1090 709 1399 777 Ἐγνωσται
1426 709 1482 763 δὲ
1503 711 1705 781 ὁμοίως

1831 722 1993 779 satur,
2053 719 2271 787 quando
2316 719 2495 789 ipsum
2572 719 2638 773 ad
2675 719 2813 772 iram
2862 718 3212 772 lacessimus.
3275 717 3393 770 Hoc

141 808 224 860 καὶ
253 802 422 873 αὐτὴν
454 801 560 873 τὴν
605 800 788 854 κτίσιν
837 803 1275 873 συνεκπολεμεῖν
1318 803 1396 874 τῷ
1435 803 1555 873 Θεῷ
1583 802 1706 857 καθ’

140 899 294 967 ἡμᾶς,
338 896 445 949 ὅτε-
493 896 664 948 αὺτδν
706 896 789 956 είς
830 895 1210 965 ἀγανάκτησιν
1244 897 1591 969 ἐρεθίσομεν·
1625 898 1709 951 ἐν·-

139 989 295 1045 ταῦθα
348 988 542 1059 μέντοι
593 991 673 1051 είς
720 988 969 1043 τοιοῦτον
1013 989 1167 1044 οὐδὲν
1229 989 1569 1061 ὑπουργοῦσι
1630 989 1709 1060 τῷ

140 1081 337 1150 Σωτῆρι
368 1081 595 1152 Χριστῷ
646 1084 680 1153 ἡ
733 1082 1090 1155 μελῳδημένη
1129 1082 1280 1152 βιαία
1338 1084 1477 1153 πνοὴ
1520 1084 1615 1137 καὶ
1639 1083 1709 1138 τὰ

140 1172 247 1227 κατ’
296 1173 498 1242 αὐτήν*
556 1174 697 1229 ἀλλὰ
759 1175 1306 1246 συμπαρομαρτοῦσι
1361 1179 1426 1248 τῇ
1480 1177 1710 1249 διανομῇ

140 1264 223 1318 τοῦ
242 1265 402 1331 ἁγίου
428 1266 756 1335 Πνεῦματος
788 1269 892 1321 ὅσα
919 1269 1017 1324 καὶ
1041 1268 1254 1338 βασιλεῖ
1284 1270 1530 1340 μεγίστῳ
1549 1271 1715 1324 δοῦλα

142 1358 375 1426 σώματα.
406 1358 532 1429 ἢτοι
567 1358 927 1428 κελευόμενα,
967 1360 1043 1420 ὡς
1071 1360 1174 1413 οὐκ
1228 1361 1492 1430 ἐξέφηνεν
1529 1364 1715 1433 ἐμφα-

142 1449 232 1511 νῶς
254 1445 355 1503 ὦδε
386 1451 420 1520 ἡ
448 1451 587 1519 ἁγία
624 1454 838 1523 Γραφὴ·
882 1454 915 1524 ἢ
963 1456 1056 1507 και
1090 1454 1267 1517 ἄλλως
1299 1455 1606 1510 ἁκὲλευστα
1633 1457 1713 1519 ὡς

142 1540 283 1595 δοῦλα
316 1542 737 1616 ὑποκινοῦμενα
768 1546 1129 1615 ὀφειλετικῶς
1163 1548 1386 1619 εὐδοκία
1419 1548 1579 1612 θεοῦ,
1614 1549 1712 1604 καὶ

145 1634 261 1685 αὐτὸ
288 1636 380 1686 ἐπὶ
419 1637 663 1709 αἰσχύνῃ
692 1639 805 1695 τῶν
850 1640 1090 1707 λογικῶν
1133 1641 1294 1711 ἡμῶν
1343 1641 1714 1712 ἀχρηστοδού-

143 1724 326 1786 humo!
370 1728 453 1798 τῷ
503 1730 676 1800 κοινῷ
732 1732 979 1803 Δεσπότῃ
1013 1733 1149 1802 πρὸς
1194 1734 1350 1786 οὐδὲν
1378 1732 1713 1805 εὐχρηστού-

147 1816 288 1886 pter
318 1823 415 1874 καὶ
447 1820 573 1876 ἐστι
600 1823 771 1893 μυρία
789 1825 890 1877 ὅσα
924 1825 1162 1879 ἐνταῦθα
1195 1826 1449 1896 Γραφικὰ
1479 1842 1714 1893 συναγα-

1814 816 1997 862 autem
2026 808 2148 863 loco
2184 810 2404 866 Christo
2441 810 2709 865 Salvatori
2740 809 2967 880 spiritus
2990 808 3281 873 violentus,
3328 806 3402 875 de

1814 917 1926 971 quo
1952 911 2106 971 poeta
2126 902 2388 973 loquitur,
2413 903 2726 958 nullatenus
2752 901 2999 963 inservit,
3047 900 3140 955 sed
3173 898 3397 968 Spiritui

1817 1001 2028 1058 sancto,
2060 1000 2123 1048 ut
2154 994 2263 1066 regi
2300 994 2541 1050 maximo
2577 1009 2809 1064 corpora
2852 994 3070 1049 servilia
3105 991 3398 1061 imperanti

1821 1088 2235 1157 obtemperant,
2273 1097 2333 1141 ut
2366 1086 2645 1158 Scriptura
2690 1104 2845 1143 sacra
2878 1091 2980 1142 hoc
3012 1084 3231 1156 quidem
3280 1085 3401 1140 loco

1819 1179 2004 1233 minus
2032 1178 2177 1234 clare
2206 1178 2433 1243 iudicat,
2487 1190 2581 1235 aut
2631 1180 2737 1232 alio
2770 1177 2955 1242 modo,
2998 1178 3140 1232 sicut
3168 1189 3400 1243 corpora

1822 1285 1979 1327 serva
2018 1270 2109 1325 Dei
2160 1270 2349 1341 gloriae
2409 1285 2562 1326 more
2615 1270 2799 1326 debito
2838 1270 3166 1332 inserviunt,
3238 1269 3403 1335 idque

1820 1364 1890 1419 ad
1920 1363 2335 1419 confundendos
2366 1380 2466 1419 nos
2495 1380 2684 1420 servos
2714 1363 2959 1427 inutiles,
2990 1364 3081 1430 qui
3120 1359 3401 1416 communi

1822 1454 2056 1513 Domino
2085 1456 2233 1511 nulla
2271 1456 2325 1509 in
2379 1472 2439 1511 re
2470 1470 2800 1526 prosumus;
2851 1455 2916 1509 ad
2965 1454 3106 1523 quod
3160 1450 3401 1521 probau-

1821 1552 1948 1603 dum
2001 1556 2290 1603 sexcentos
2337 1547 2633 1617 Scriptura:
2677 1563 2845 1603 sacra:
2894 1548 3045 1601 iocos
3103 1557 3401 1612 congerere

1822 1641 2012 1696 liceret
2060 1641 2261 1711 quibus
2296 1641 2638 1710 probaretur,
2680 1649 2815 1694 nutu
2868 1639 3054 1693 divino
3107 1636 3404 1697 visionibus

1824 1734 2078 1789 terrilicis
2112 1733 2268 1790 nobis
2316 1734 2688 1801 interminari,
2719 1740 2779 1787 ut
2817 1750 2910 1787 eas
2946 1746 3070 1785 vere
3101 1744 3131 1783 a
3165 1727 3402 1783 Numine

1822 1825 1944 1895 ipso
1974 1827 2042 1881 ad
2068 1842 2173 1882 nos
2204 1827 2551 1897 castigandus
2586 1831 2781 1883 missas
2816 1824 3131 1880 credamus.

146 1914 315 1983 γίσθαι
345 1916 572 1985 χρηστὰ
597 1916 735 1987 πρὸς
762 1917 924 1986 λόγου
952 1918 1241 1986 πίστωσιν,
1273 1920 1373 1973 καὶ
1406 1919 1546 1988 πρὸς
1580 1918 1860 1985 ἀπόδειξιν
1894 1919 1987 1973 τοῦ
2029 1920 2103 1990 μὴ
2140 1920 2206 1973 ἂν
2255 1921 2344 1973 ἀεὶ
2375 1919 2678 1989 ἐκφωνεῖσθ
2692 1938 2768 1985 αι,
2805 1920 2881 1984 ὡς
2906 1923 2987 1974 ὅτι
3016 1921 3258 1973 κελεύσει
3283 1919 3406 1989 θείᾳ.

146 2010 203 2062 τὰ
243 2010 383 2064 κατὰ
458 2014 677 2084 κόσμον
730 2013 941 2082 φοϐερὰ
1007 2014 1142 2083 ἡμῖν
1212 2014 1624 2085 ἐμϐριμῶνται,
1670 2014 1703 2084 ἢ
1757 2016 2119 2081 ἐπιτίθενται,
2155 2015 2230 2079 ὡς
2288 2014 2467 2069 δοκεῖν
2518 2017 2615 2070 καὶ
2654 2015 2797 2070 αὐτὰ
2827 2017 2953 2069 καθ’
2989 2015 3132 2069 αὐτὰ
3176 2010 3288 2068 οἷον
3324 2014 3404 2066 οἷ-

148 2106 285 2159 κοθεν
308 2102 586 2173 ζηλοῦντα
619 2105 901 2174 βλάπτειν,
934 2104 1119 2160 θεόθεν
1155 2106 1657 2177 παραχωρούμενα.

204 2216 255 2251 νε
275 2238 288 2251 .
328 2200 572 2270 Ἐϐρεξε
617 2202 718 2270 μὲν
748 2198 842 2253 οῦν
880 2198 995 2268 πῦρ
1030 2201 1058 2252 ὁ
1082 2197 1310 2271 Κύριος,
1341 2201 1435 2254 καὶ
1461 2200 1716 2253 ἀπέστει-

1892 2199 1987 2254 55.
2032 2197 2205 2269 igitur
2256 2198 2522 2255 Dominus
2581 2200 2759 2270 ignem
2817 2199 3035 2255 coalitus
3080 2200 3300 2255 demisit
3352 2208 3407 2254 rt

148 2290 195 2343 λε
225 2293 520 2361 καταιγίδα
548 2309 562 2325 ο
616 2292 866 2358 ἐγένοντο
916 2292 975 2345 δὲ
1034 2291 1211 2345 ταῦτα
1267 2292 1362 2346 καὶ
1406 2293 1586 2354 ἄλλως
1635 2292 1715 2353 είς

150 2382 372 2434 κάκωσιν
420 2382 557 2451 δίχα
613 2381 901 2451 ἱστορικῆς
950 2382 1381 2451 δπισημάνσεως
1410 2420 1427 2444 ,
1469 2379 1720 2433 εὐδοκοῦ-

154 2490 272 2541 μενα
310 2471 639 2543 «immitia:
669 2472 815 2528 οὕτω
867 2471 963 2529 καὶ
1011 2474 1328 2527 ἐπιϐλέπων
1359 2474 1453 2525 ἐπὶ
1482 2471 1579 2541 τὴν
1616 2472 1721 2538 γῆν

153 2567 274 2617 ποιεί
314 2565 556 2636 τρέμειν
587 2564 796 2636 αὐτὴν,
852 2565 930 2629 ὼς
983 2566 1194 2628 ἐκεῖνος
1245 2559 1355 2618 οἵδε
1419 2565 1514 2619 καὶ
1565 2563 1723 2618 τοῦτο

154 2658 324 2709 ποιεῖν.
362 2654 588 2710 Οὐκοῦν
632 2657 733 2710 καὶ
764 2654 1012 2710 ἐνταῦθα
1041 2659 1109 2727 τῇ
1140 2655 1238 2708 τοῦ
1271 2654 1418 2708 θείου
1453 2652 1721 2725 Πνεῦμα-

154 2766 231 2812 τος
272 2748 367 2803 τοῦ
397 2750 623 2805 ἄνωθεν
652 2750 1020 2820 παρακλήτου
1051 2748 1329 2819 ἀποστολῇ
1366 2747 1464 2802 καὶ
1503 2748 1727 2817 ἐναργεί

156 2844 478 2915 ἐπιφοιτήσει
520 2843 620 2897 καὶ
678 2841 958 2913 ἐνεργείᾳ,
990 2838 1504 2911 παρακολουθοῦσιν
1559 2838 1728 2905 ἀναγ-

157 2936 305 2999 καίως
343 2937 439 2991 καὶ
462 2934 683 3006 φρικτά
708 2950 831 2989 τινα
859 2931 979 3002 Θεῷ
1013 2932 1371 3002 ἐπιτρέποντι
1391 2946 1405 2961 ·
1441 2928 1584 2999 πνοή
1639 2945 1724 2993 τε,

159 3030 295 3098 φησὶ,
324 3029 480 3099 βιαία
534 3028 631 3081 καὶ.
681 3027 852 3098 πυρὸς
885 3025 1259 3096 γλωττήματα
1310 3028 1407 3077 και
1455 3020 1727 3090 πνεύματι

160 3119 329 3189 ἁγαθῷ
354 3122 448 3174 καὶ
479 3119 787 3189 «pavitare»
800 3116 982 3189 ψυχὰς
1010 3113 1388 3185 ἀνακτωμένη)
1417 3112 1518 3168 καὶ
1544 3110 1723 3175 οὕτως

162 3214 402 3284 εὖκταίῳ,
444 3214 813 3285 παρομαρτεῖ
856 3209 1082 3279 πνεῦμα
1119 3208 1321 3279 βίαιον,
1348 3206 1424 3270 ὡς
1459 3198 1548 3260 οἷα
1584 3204 1730 3274 φιλο·

161 3308 473 3379 τιμούμενον
515 3304 854 3361 καταπνὲειν
884 3304 980 3358 καὶ
1004 3300 1290 3374 ὴχητικῶς
1333 3297 1730 3361 ὑποσαλπίζειν

1825 2301 2216 2361 tempestates;
2267 2307 2389 2361 quae
2431 2292 2609 2346 omnia
2660 2294 2822 2348 tacite
2882 2303 2936 2347 et
2987 2294 3119 2363 quin
3176 2294 3403 2349 historia

1822 2391 2060 2442 enarret,
2090 2382 2144 2435 in
2183 2381 2483 2449 perniciem
2532 2381 2886 2436 induxerunt.
2920 2383 2977 2436 ln
3020 2391 3226 2437 terram
3258 2388 3404 2439 enim

1824 2473 2145 2543 respiciens.
2180 2490 2300 2528 eam
2338 2473 2665 2527 tremefacit.
2701 2473 2873 2542 Igitur
2903 2474 2990 2529 hic
3020 2490 3239 2544 quoque
3268 2475 3398 2545 Spi-

1826 2563 1961 2618 ritus
2000 2564 2169 2619 divini
2207 2565 2465 2619 missione
2505 2579 2568 2618 ac
2597 2562 2923 2618 visitatione
2969 2580 3195 2620 necesse
3229 2574 3315 2620 est
3345 2574 3406 2620 ut

1825 2655 2309 2718 terriculamenta,
2372 2655 2480 2709 Deo
2525 2656 2896 2724 permittente,
2965 2657 3406 2723 subsequantur.

1832 2747 2036 2804 Ventus
2064 2748 2210 2804 enim
2242 2749 2515 2803 violentus
2564 2763 2628 2804 ac
2667 2749 2866 2819 linguze
2907 2749 3091 2819 ignitae
3144 2748 3403 2818 Spiritum

1825 2841 2095 2911 optimum
2126 2849 2182 2895 et
2214 2839 2595 2896 dulcissimum
2627 2840 2721 2910 qui
2760 2841 2976 2896 animas
3006 2841 3247 2911 captivat
3284 2849 3408 2909 post

1826 2933 2047 2989 ﬂamina
2078 2932 2316 2988 violenta
2347 2932 2588 2996 adducit,
2616 2932 2711 3001 qui
2755 2931 2922 3002 Regis
2948 2932 3240 2987 adventum
3281 2932 3407 2987 tuba

1828 3024 2032 3080 indicat
2062 3034 2115 3079 et
2151 3023 2275 3093 igne
2302 3023 2486 3077 divino
2522 3023 2795 3079 illuminat
2822 3033 2876 3079 et
2919 3023 3158 3079 viviﬁcat
3189 3032 3243 3078 ct
3282 3039 3405 3093 quae

1833 3118 2145 3173 necessaria
2196 3126 2327 3173 sunt
2377 3118 2619 3171 illustrat
2660 3126 2714 3172 et
2754 3117 2947 3187 spiritu
3003 3117 3296 3174 calefactus
3340 3118 3408 3171 ad

1829 3210 1936 3265 cibi
1980 3210 2147 3265 divini
2195 3208 2667 3278 participationem
2705 3219 2761 3263 et
2796 3208 2908 3264 Deo
2944 3218 3158 3280 gratam
3190 3222 3408 3263 cautam

1832 3300 2059 3366 invitat;
2106 3300 2200 3368 qui
2243 3301 2461 3369 quidem
2510 3299 2746 3367 spiritus
2794 3307 2991 3355 caetera
3042 3299 3319 3355 consumit
3354 3308 3412 3354 et

165 3403 246 3455 xui
271 3398 732 3472 παρασημαίνειν
758 3395 1024 3466 ἐνδημίαν
1049 3391 1261 3462 ταύτην
1294 3387 1609 3461 βασιλικὴν,
1635 3388 1718 3442 καί

1831 3390 2079 3447 dissolvit
2103 3398 2161 3447 et
2188 3390 2244 3445 in
2268 3390 2403 3444 nihil
2437 3390 2652 3445 reducit
2679 3404 3020 3460 quaecunque
3051 3391 3145 3445 illo
3172 3392 3407 3445 adventu

166 3494 281 3563 πυρὶ
332 3492 612 3562 θειοτάτῳ
662 3490 920 3545 θάλποντι
975 3488 1074 3558 μὲν
1135 3485 1232 3543 καὶ
1289 3483 1580 3553 φωτίζοντι
1635 3480 1718 3534 κα]

1833 3482 2055 3552 indigna
2095 3490 2249 3538 sunt.
2289 3479 2392 3536 Sed
2426 3480 2567 3550 ignis
2596 3496 2818 3550 quoque
2846 3496 3042 3537 aereus
3075 3493 3135 3537 et
3160 3481 3409 3536 ﬂammas

165 3584 503 3652 ζωογονοῦντι
524 3623 541 3647 ,
592 3582 732 3637 ἀλλὰ
781 3581 845 3650 δὴ
891 3580 987 3633 καὶ⁸
1038 3578 1114 3641 ὼς
1163 3572 1276 3632 οἷον
1322 3571 1631 3643 ἐργατικῶς
1664 3572 1718 3625 τό

1833 3575 1987 3631 ciens
2029 3573 2195 3629 simul
2221 3572 2525 3628 'descendit
2578 3581 2640 3628 ut
2687 3588 2812 3629 cum
2852 3580 3062 3629 terrore
3107 3572 3412 3627 consolatio

163 3674 328 3729 δέοντα
347 3672 740 3744 ἐκφλογοῦντι,
782 3670 877 3724 καὶ
905 3667 1233 3738 παράγοντι,
1260 3664 1348 3720 ναὶ
1374 3664 1441 3734 δὴ
1467 3662 1563 3715 καὶ
1597 3661 1718 3729 ὀφέ·

1834 3680 2057 3738 quoque
2084 3673 2371 3736 appareat,
2397 3673 2452 3720 et
2484 3667 2609 3735 igne
2654 3665 2917 3721 invisibili
2958 3664 3133 3720 sancti
3175 3664 3413 3734 Spiritus

164 3766 453 3835 ψοντιτοὺς
500 3764 586 3834 τῷ
640 3762 916 3832 πνεύματι
972 3761 1195 3826 ζέοντας
1246 3758 1343 3812 καὶ
1390 3758 1459 3826 τῇ
1512 3753 1718 3807 ἐκείνου

1837 3767 2174 3827 spectatores
2225 3774 2289 3813 ex
2342 3757 2543 3813 visibili
2598 3757 2804 3827 aliquid
2848 3766 3137 3813 assumant
3191 3765 3248 3813 et
3292 3756 3416 3811 loco

162 3861 388 3935 τραπέζῃ
429 3859 824 3929 προσήκοντας
878 3856 980 3909 ὃσα
1045 3853 1139 3908 καὶ⁵
1202 3851 1401 3921 βρῶμα
1446 3847 1591 3902 θεῖον
1638 3848 1718 3899 κατ

1839 3847 2105 3917 simplicis
2135 3847 2263 3903 boni
2296 3847 2495 3918 duplex
2527 3848 2729 3904 bonum
2756 3848 3047 3917 recipiant.

163 3959 333 4013 θυσίαν
357 3958 531 4029 φίλην
572 3955 650 4025 τῷ
682 3953 823 4023 Θεῷ·
848 3952 1024 4014 ἄλλως
1048 3950 1107 4005 δὲ
1138 3950 1235 4031 καὶ
1268 3945 1733 4002 καταναλίσκοντι
1771 3944 1867 3998 καὶ
1896 3943 2235 4014 ἀφανίζοντι,
2270 3943 2367 3997 καὶ
2413 3943 2702 3997 ἀναλύοντι
2743 3944 2801 4007 ἐς
2860 3944 2922 3997 τὺ
2953 3942 3119 4013 μηδὲν
3159 3943 3230 3997 τὰ
3300 3958 3416 3997 τοι-

163 4054 313 4122 αύτης
340 4048 757 4115 ἐπεξελεύσεως
792 4043 939 4110 ἄξια’
973 4043 1259 4113 συντρέχει
1283 4041 1381 4095 καὶ
1408 4039 1520 4109 πῦρ
1539 4038 1727 4108 ἀέριον
1807 4036 2234 4105 φλογεροπνόον,
2280 4035 2367 4087 ἵνα
2437 4033 2574 4103 πρὸς
2608 4036 2687 4106 τῷ
2727 4034 2983 4104 ἐκφοϐεῖν
3012 4036 3106 4087 καὶ
3140 4034 3417 4105 σεμνύνοι-

164 4165 214 4200 το
237 4147 380 4216 ἀΰλῳ
418 4144 568 4214 πυρὶ
600 4142 792 4211 ἐκείνῳ
823 4141 920 4193 καὶ
945 4137 1217 4208 ζωηφόρῳ
1244 4133 1725 4202 συνεξαστράπτον
1764 4130 1900 4184 αὐτὸ
1930 4129 2214 4192 δουλικῶςο
2259 4129 2352 4183 καὶ
2406 4129 2550 4197 φωτὶ
2593 4130 2812 4199 ἁόρατῳ
2842 4127 2920 4198 τῷ
2985 4129 3049 4181 ἐκ
3088 4127 3181 4181 τοῦ
3247 4128 3418 4197 ἁγιω’

163 4240 305 4290 τάτου
335 4238 688 4305 Πνεύματος,
723 4232 841 4303 φῶς
872 4249 926 4284 τι
977 4230 1077 4284 καὶ
1119 4231 1186 4282 ἐκ
1240 4227 1336 4282 τοῦ
1385 4224 1650 4295 αἰσθητοῦ
1714 4222 1764 4276 οἱ
1841 4221 2111 4292 θεώμενοι
2168 4221 2705 4293 προσλαμϐάνοιντο,
2762 4221 2857 4273 καί
2910 4237 3028 4283 πως
3072 4220 3194 4274 ἀντὶ
3239 4217 3416 4274 ἁπλοῦ

163 4330 363 4385 διπλοῦν
396 4328 715 4398 πορίζοιντο
743 4324 971 4394 ἀγαθόν.

223 4428 325 4487 νς⁹.
364 4423 434 4473 Εἰ
486 4420 546 4471 δὲ
604 4419 703 4469 καὶ
751 4416 833 4479 είς
879 4414 1131 4483 γλώσσας
1172 4410 1406 4481 πυρίνας
1455 4410 1517 4463 τὸ
1549 4409 1734 4477 ἀέριον

168 4519 320 4568 ἐκεῖνο
345 4514 466 4579 πῦρ
499 4512 893 4582 ἐσχημάτιστο,
921 4507 1122 4576 ἀναμὶξ
1152 4509 1216 4575 τῇ
1253 4504 1402 4575 βιαίᾳ
1423 4506 1559 4573 πνοῇ
1593 4520 1736 4570 συμ-

137 4611 460 4686 .φερόμενον
483 4645 499 4671 ,
533 4605 663 4657 ἄλλο
698 4603 795 4655 καὶ
842 4599 1003 4655 τοῦτο
1061 4597 1271 4667 θάμϐος
1314 4598 1428 4658 τοῖς
1479 4596 1698 4657 θεαταῖς
1721 4610 1736 4626 ο

141 4693 218 4753 ’τὸ
250 4700 347 4767 μὲν
394 4696 485 4761 οἷς
533 4695 835 4763 ἐξέπληττε
863 4689 1418 4760 γλωσσοποιούμενον
1450 4687 1509 4739 τὸ
1539 4688 1613 4755 μὴ
1643 4704 1738 4738 πε-

170 4795 325 4858 φυκὸς
358 4790 512 4844 οὕτω
548 4784 1049 4856 μεταπλὰττεσθαιο
1078 4781 1140 4835 τὸ
1163 4782 1211 4838 δ’
1246 4782 1332 4833 ὅτι
1370 4777 1735 4849 ἐπληροιρόρει

167 4885 255 4935 οὐκ
286 4883 367 4937 ἐτι
398 4883 528 4942 τοὺς
548 4876 687 4930 Θεοῦ
714 4876 902 4943 φίλους
934 4873 1267 4934 ἀποστόλους
1294 4870 1571 4938 γλώσσαις
1600 4870 1737 4947 χρή-

171 4976 344 5028 σεσθαι
388 4976 509 5035 ταῖς
558 4971 691 5039 περὶ
722 4968 844 5037 γῆν.
878 4966 944 5028 ἃς
1002 4966 1098 5018 κα)⁸
1130 4962 1480 5032 γλωττοπὲδη
1530 4963 1736 5029 φυσικὴ

172 5070 453 5138 καταργεῖ,
490 5066 587 5119 καὶ
620 5064 841 5134 σίδηρος
890 5059 1120 5127 ἀπάγει,
1150 5055 1248 5108 καὶ
1278 5054 1443 5123 φόϐος
1475 5053 1737 5121 ἐγκλείει,

1910 4401 1998 4457 56.
2028 4400 2083 4454 Si
2114 4407 2292 4454 autem
2324 4397 2465 4467 ignis
2495 4397 2584 4450 ille
2613 4397 2885 4451 aethereus
2906 4393 2958 4448 in
2986 4393 3197 4462 linguas
3223 4392 3415 4459 igneas

1840 4494 2058 4547 ﬂumine
2088 4492 2326 4546 violento
2346 4491 2554 4544 divisus
2589 4501 2692 4553 est,
2724 4502 2924 4542 novum
2964 4485 3019 4540 id
3045 4485 3419 4554 spectantibus

1841 4583 2349 4639 terriculamentum
2390 4582 2619 4637 exstitit.
2671 4578 3006 4648 Linguarum
3060 4577 3204 4637 enim
3235 4576 3420 4646 ignea-

1843 4691 1964 4729 rum
2001 4674 2214 4744 species
2248 4684 2435 4729 contra
2488 4681 2739 4728 naturam
2793 4670 3209 4728 translormavit
3237 4678 3292 4724 et
3324 4669 3419 4723 Dei

1842 4766 2038 4822 amicis
2104 4767 2368 4836 apostolis
2433 4765 2745 4821 facultatem
2806 4763 3109 4835 impertivit
3163 4763 3421 4818 omnibus

1842 4874 1938 4928 per
1979 4858 2165 4911 orbem
2207 4857 2408 4927 linguis
2465 4857 2745 4927 loquendi,
2770 4873 2909 4927 quas
2970 4857 3108 4912 ordo
3157 4856 3423 4911 naturalis

1844 4950 2176 5021 constringit
2201 4960 2257 5005 et
2288 4950 2494 5005 ferrum
2528 4950 2718 5020 abigit,
2737 4958 2791 5003 et
2826 4960 3004 5006 metus
3039 4950 3338 5015 concludit,
3369 4957 3423 5003 et

1844 5044 2068 5100 dubium
2095 5044 2259 5099 silere
2298 5043 2446 5100 facit.
2481 5042 2603 5099 ista:
2634 5043 2780 5099 enim
2808 5044 3005 5113 linguae
3034 5059 3112 5099 eae
3144 5053 3272 5098 sunt
3302 5058 3423 5113 qua:

172 5161 258 5212 mi.
282 5135 493 5227 ἀπορία
532 5153 928 5222 κατασιγάζει,
959 5150 1101 5205 ἀλλὰ
1129 5148 1413 5218 οὐρανίαις
1444 5146 1539 5198 καὶ
1564 5144 1718 5198 οὕτως

1844 5151 2060 5191 omnem
2093 5136 2429 5206 impietatem
2469 5136 2616 5190 sicut
2658 5135 2867 5205 paleam
2902 5136 3259 5199 comburunt,
3290 5143 3345 5188 et
3373 5136 3422 5187 vi

174 5250 364 5314 ἐνθέοις
392 5250 486 5303 καί
529 5264 591 5317 γε
639 5246 928 5300 ἁπαθέσιν·
964 5242 1102 5295 ἀλλὰ
1142 5240 1238 5293 καὶ
1265 5240 1419 5301 οἶαις
1450 5235 1718 5306 ἐμπιπρᾷη

1845 5230 2154 5300 theologica
2181 5229 2362 5285 lucem
2396 5238 2451 5284 et
2500 5228 2813 5284 claritatem
2863 5227 3191 5289 extendunt,
3227 5227 3339 5281 imo
3370 5235 3427 5280 et

175 5344 348 5396 πᾶσαν
403 5342 538 5411 ὓλην
570 5338 766 5400 ἀθεῖας
796 5336 898 5390 ὅσα
929 5337 1025 5387 καὶ
1064 5331 1366 5395 εὐέξαπτον
1397 5328 1601 5397 ἄχυρον
1634 5327 1718 5379 sic

1846 5322 2243 5377 omuiscientia:
2278 5322 2457 5391 ignem
2509 5319 2694 5375 emant
2742 5330 2795 5375 et
2825 5319 3092 5374 doctrina:
3127 5318 3306 5371 fontes
3337 5332 3426 5371 re-

179 5431 465 5500 φρύγανον,
493 5407 593 5485 καὶ
618 5427 911 5498 φωειναίς
949 5423 1009 5476 δέ
1052 5425 1150 5475 καὶ
1187 5421 1471 5491 λαμπραῖς
1502 5417 1594 5471 διὰ
1645 5415 1718 5478 τὴ·

1845 5414 2094 5477 cludunt,
2128 5414 2415 5482 ipsumque
2445 5412 2736 5467 Dominum
2773 5414 3013 5466 maxime
3053 5407 3424 5464 venerandum

182 5522 485 5593 θεολογικὴν
512 5522 801 5591 ἐκφανσιν·
833 5517 969 5571 ἀλλὰ
995 5515 1092 5567 καὶ
1119 5514 1419 5580 πανσόφοις
1447 5512 1519 5572 di;
1568 5526 1641 5561 πυ
1652 5509 1711 5577 ρὸ

1848 5508 1943 5577 qui
1970 5507 2120 5560 venit
2147 5506 2305 5560 talem
2337 5506 2517 5575 ignem
2548 5520 2711 5573 super
2738 5503 3004 5559 mundum
3052 5500 3424 5569 proiecturus.

186 5616 335 5681 μένος
380 5592 588 5679 πνέειν,
622 5611 823 5665 οῦκουν
868 5606 965 5663 τοῦ
1000 5605 1140 5659 κατὰ
1172 5604 1460 5676 ῥητορείαν
1485 5603 1519 5672 ἦ
1552 5600 1718 5671 λοιπὴ

1854 5598 1974 5670 ipse
2008 5603 2100 5655 lux
2142 5599 2398 5669 apparuit
2425 5608 2481 5654 et
2530 5596 2884 5668 philosophos
2922 5592 3251 5664 mundanus,
3284 5604 3421 5659 quo-

186 5680 528 5774 σοφιστείαν,
572 5705 669 5760 τοῦ
723 5702 782 5756 δὲ
830 5700 978 5753 κατὰ
1008 5700 1102 5751 τὸν
1137 5697 1483 5767 ὐπέρσεμνον
1516 5692 1718 5763 Κύριον

1854 5710 1975 5749 rum
2008 5694 2191 5764 lingua
2218 5690 2486 5755 resonuit,
2524 5692 2580 5743 in
2610 5699 2810 5744 terram
2846 5684 3079 5749 vocavit;
3115 5680 3427 5738 iuitiatores

187 5772 362 5864 ὒςκαὶ
386 5803 625 5857 τοιοῦτον
677 5800 792 5869 πῦρ
835 5794 967 5871 ἦλθε
1016 5795 1196 5867 βαλεῖν
1245 5795 1327 5858 είς
1379 5794 1470 5846 τὸν
1513 5792 1718 5859 κόσμον

1855 5795 2038 5840 autem
2069 5785 2322 5840 caelestes
2366 5794 2420 5838 et
2446 5781 2666 5837 divinos
2713 5780 2910 5833 ibidem
2961 5772 3287 5843 recondidit,
3318 5790 3424 5829 nu-

190 5893 297 5961 φῶς
346 5898 504 5960 αὐτὸς
556 5897 636 5959 είς
686 5866 895 5947 ἐκεῖνον
954 5889 1127 5952 ἄλλως
1160 5885 1455 5955 ἐληλυθὼς,
1492 5882 1715 5939 καὶτοῦ

1856 5879 1976 5935 beui
2006 5877 2293 5948 igniferam
2326 5874 2702 5940 monstrando,
2756 5882 2809 5927 et
2862 5870 3073 5942 linguas
3107 5866 3423 5939 spiritualcs
