3824 6588
465 423 565 487 επι
997 468 1006 476 .
1170 423 1599 486 EUSTATIIII
1641 421 2398 486 THESSALONICENSIS
2440 422 3003 484 METROPOLlT/E
3573 427 3651 496 ιιι

459 535 658 603 ignitas
708 533 762 589 in
793 534 1072 606 angelicas
1128 538 1575 595 transformando
1625 555 1748 608 qua
1780 541 1969 595 humal

2142 543 2244 609 μὶν
2290 540 2554 610 σοφιστὰς
2586 541 2697 595 τῶν
2727 542 2932 610 γηΐνων
2961 581 2975 605 ,
3023 537 3102 595 ὦν
3148 541 3182 612 ή
3246 541 3454 610 γλῶσσα
3491 546 3650 617 διῆλθε,

457 626 663 695 linguis
711 627 1023 695 superiores
1079 638 1307 694 essent,
1371 630 1571 700 quippe
1619 646 1740 700 quae
1801 630 1967 700 Spirit

2145 633 2443 702 προσφυῶς
2489 635 2686 697 εἰπεῖν,
2723 634 2814 686 ἐπὶ
2860 633 2966 702 τῆς
3017 633 3122 703 γῆς
3173 634 3439 703 ἀπήγαγεν
3466 639 3570 702 τοὺς
3587 644 3652 694 οὗ.

459 719 671 789 dactylo
691 726 847 773 tacta:
865 729 1076 786 essent,
1101 731 1156 774 et
1180 737 1300 791 qua:
1325 724 1531 776 mundo
1560 723 1825 778 salutaria
1852 739 1969 779 esse

2144 725 2492 795 ρανομύστας
2521 725 2580 780 δὲ
2606 725 2700 779 καὶ
2724 725 3092 796 θεοῤῥήτορας
3120 726 3508 796 ἀντεισαγαγὼν
3525 733 3651 804 ἔτιαρ-

461 810 744 877 psallendo
801 822 1144 871 resouarent.
1205 823 1264 866 ut
1311 813 1474 866 etiam
1518 814 1553 866 ii
1615 815 1773 883 quia
1830 828 1962 867 sane

2145 817 2382 886 ρησίασε
2417 817 2804 886 γλωσσόκομον
2838 856 2853 878 ,
2910 810 3024 871 οἷον
3073 817 3259 880 αὐτοῖς
3301 822 3586 889 παραφήνας
3610 827 3652 876 τὸ

459 901 746 972 discipulis
777 904 973 958 initiati
1005 915 1192 981 essent
1221 904 1377 958 novis
1431 905 1636 975 linguis
1687 908 1969 976 loquereut

2142 907 2488 976 πυρίμορφον
2547 907 2754 960 ἐκεῖνον
2828 906 2989 976 νέφος
3017 945 3032 971 ,
3094 909 3192 959 καὶ
3247 911 3651 979 manuum-sopor;

460 995 662 1048 mirum
703 996 759 1050 in
807 995 1032 1049 modum
1083 996 1386 1051 secundum
1441 997 1631 1062 David,
1681 999 1881 1069 linguis
1914 1001 1967 1054 di

2141 998 2417 1067 γλώσσαις
2468 1001 2544 1064 ὡς
2587 995 2699 1054 οἷον
2746 998 2807 1054 ὲν
2856 999 2991 1071 πυρὶ
3029 1001 3128 1062 τὰς
3159 1000 3381 1053 ἐκείνων
3423 1005 3650 1070 στομώσας

457 1100 594 1154 quas
646 1100 926 1154 nunquam
982 1086 1313 1141 didicerunt.
1367 1085 1461 1142 llis
1486 1088 1630 1143 enim
1668 1089 1871 1157 linguis
1899 1106 1967 1160 op

2144 1091 2240 1145 καὶ
2298 1092 2656 1162 ὲμπυρεύσας
2695 1091 2879 1160 ἁγνῶς
2935 1093 3018 1157 εἰς
3066 1091 3382 1159 ἅγγελικὰς,
3419 1092 3486 1155 ὼς
3525 1095 3651 1159 ὑπερ-

457 1186 576 1232 erat
638 1176 785 1248 loqui
831 1189 1018 1232 contra
1089 1193 1257 1234 vauos
1290 1219 1306 1244 ,
1365 1189 1418 1234 et
1481 1181 1562 1235 sic
1616 1179 1713 1236 Dei
1764 1180 1967 1250 Spiritu

2147 1182 2352 1246 ϐάντας
2383 1183 2634 1252 γλῶσσαν
2667 1185 2889 1238 ἅπασαν
2922 1184 3023 1254 τὴν
3055 1184 3179 1238 κατ’
3215 1183 3500 1254 ἄνθρωπον,
3525 1187 3651 1252 ὰγγέφ

457 1271 642 1324 testari
687 1281 742 1324 et
788 1271 1030 1325 omlestia
1077 1273 1437 1326 annnutiare.
1487 1272 1544 1326 Si
1594 1276 1742 1328 enim
1791 1275 1967 1330 atheis

2144 1275 2251 1328 λων
2282 1273 2556 1342 γλώσσαις
2583 1276 2788 1340 λαλεῖν,
2817 1274 3254 1346 ψηλαφωμέναις
3279 1275 3504 1344 δακτύλῳ
3525 1277 3653 1328 [1-ιεύ-

455 1361 655 1432 linguis
695 1363 848 1417 labor
890 1371 944 1417 et
966 1363 1254 1418 dillicultas
1314 1366 1588 1432 nascitur,
1649 1367 1751 1434 piis
1789 1375 1965 1423 econt

2147 1386 2339 1440 ματος,
2359 1369 2453 1422 καὶ
2485 1367 2820 1437 ψαλλούσαις
2849 1369 2942 1422 καὶ
2957 1368 3174 1439 ἁπηχού
3185 1385 3304 1432 σαις
3328 1369 3393 1422 τὰ
3420 1370 3488 1439 τῷ
3509 1371 3649 1440 κόσμῳ

455 1453 689 1508 dulcedo
721 1462 777 1508 ιιι
805 1453 908 1506 mel
938 1454 1169 1519 accedit,
1203 1463 1262 1508 ut
1306 1453 1504 1524 lingua:
1552 1455 1904 1524 antiquorum
1941 1471 1965 1524 ρ

2143 1461 2414 1532 σωτήρια·
2448 1458 2537 1514 ῐνα
2558 1460 2653 1514 καὶ
2685 1461 2733 1513 οξ
2761 1459 2850 1514 διὰ
2879 1459 2987 1513 τῶν
3016 1457 3190 1527 ἁγίων
3223 1458 3464 1528 μαθητῶν
3494 1477 3650 1526 μυστα-

452 1545 730 1612 pulorum,
771 1543 969 1615 quibus
1007 1544 1096 1598 lux
1132 1546 1398 1600 immensa
1443 1560 1673 1602 accensa
1707 1557 1791 1602 est
1817 1556 1872 1602 et
1915 1561 1962 1616 qi

2141 1551 2485 1622 γωγούμενοι
2535 1552 2841 1606 λαλούντων
2907 1551 3187 1621 γλώσσαις
3225 1553 3449 1615 καιναῖς,
3489 1552 3649 1618 λέγοιεν

454 1636 508 1688 in
536 1649 719 1690 aerem
755 1636 1026 1700 ascendit,
1057 1635 1280 1706 pessimi
1321 1637 1465 1707 regis
1497 1637 1549 1692 in
1582 1638 1870 1702 auxilium,
1904 1655 1964 1694 su

2145 1645 2283 1715 μετὰ
2313 1643 2594 1714 θαύματος
2627 1645 2693 1697 ὲκ
2722 1644 2832 1698 τῶν
2861 1643 2958 1698 τοῦ
3000 1643 3167 1697 Δαϐὶδ
3202 1643 3438 1710 γλώσσας
3475 1644 3649 1700 ἀκοῦσαι

455 1728 758 1784 Ιιυηιίιίοιιπε
811 1729 865 1783 in
916 1729 1169 1785 miserias
1228 1729 1354 1786 vita:
1404 1730 1680 1787 humanae.
1745 1729 1956 1788 Praesen

2139 1735 2208 1800 ἃς
2239 1735 2412 1803 ἔγνων
2437 1735 2694 1788 οὐδέποτε
2719 1752 2732 1766 ο
2763 1736 2858 1789 καὶ
2896 1735 2975 1798 ώς
3004 1735 3177 1805 ἐχρῆν
3224 1734 3360 1788 κατὰ
3391 1733 3488 1787 τῶν
3512 1735 3647 1803 λήρων

452 1832 634 1875 autem
671 1821 793 1878 festi
832 1823 1027 1893 lingua:
1069 1832 1123 1878 et
1169 1824 1260 1894 qui
1312 1824 1382 1878 iis
1428 1824 1715 1880 illuminati
1750 1836 1880 1881 sunt
1922 1826 1962 1879 ι)

2140 1826 2533 1895 γλωσσαλγιῶν
2583 1824 2838 1896 γλώσσας
2880 1826 3086 1886 ταύτας
3133 1824 3345 1887 ἐνθέους
3395 1824 3650 1894 πεμφθῆναι

452 1929 642 1982 regum
675 1909 808 1984 Regi
841 1879 1281 1969 seyaddixertmt.
1331 1913 1618 1970 Trinitatis
1652 1917 1796 1972 enim
1851 1919 1962 1990 igne

2140 1879 2242 1974 ούη
2268 1879 2694 1986 δυσπιραγούσας
2750 1879 2960 1984 ἀλγεῖν,
3021 1879 3163 1971 ἀλλά
3232 1879 3650 1984 τεθεραπέυιμένως

453 2006 758 2071 continent.
820 2007 912 2073 qui
983 2022 1069 2062 res
1128 2017 1346 2062 exteras
1401 2022 1508 2062 non
1561 2008 1854 2065 comburit.
1892 2009 1963 2075 Qu

2139 2013 2415 2081 λαχούσας
2469 2009 2651 2064 λαλεῖν
2677 2026 2690 2040 ο
2737 2009 2833 2062 καὶ
2876 2008 2951 2071 ὡς
2991 2011 3106 2072 τοῖς
3147 2007 3247 2077 μὲν
3308 2006 3475 2067 ἀθέοις
3516 2006 3640 2067 κόπος

454 2099 600 2151 enim
629 2112 752 2152 cum
785 2107 945 2154 vento
996 2099 1232 2154 violento
1259 2100 1494 2170 desuper
1538 2101 1706 2167 venit,
1751 2117 1860 2157 non
1897 2103 1964 2159 sit

2139 2107 2240 2159 καὶ
2273 2105 2436 2164 πόνος
2467 2101 2572 2155 ὑπὸ
2597 2103 2716 2164 ταῖς
2741 2099 3040 2168 γλώσσαις,
3067 2101 3182 2161 τοῖς
3207 2099 3262 2151 δὲ
3283 2096 3469 2159 ἐνθέοις
3485 2095 3649 2165 ἥδυσμα

454 2190 661 2250 tonitru
693 2201 751 2246 et
781 2201 974 2246 contra
1005 2192 1176 2262 legem
1204 2193 1507 2248 naturalem
1545 2193 1598 2247 in
1634 2194 1849 2265 linguas
1875 2193 1963 2248 lla:

2142 2197 2282 2265 ὑπὲρ
2318 2195 2483 2264 μέλι,
2543 2195 2636 2246 καὶ
2687 2192 2763 2256 ὡς
2817 2193 2874 2245 ai
2919 2193 3020 2261 μὲν
3085 2189 3356 2258 σύμφυλοι
3407 2190 3504 2250 τοῖς
3527 2187 3649 2239 πάλαι

454 2299 608 2340 meas
646 2284 874 2352 incidit;
909 2285 1002 2340 sed
1053 2285 1328 2339 illuminat
1371 2295 1424 2341 et
1472 2286 1687 2356 perlicit
1737 2287 1935 2341 mirum

2141 2289 2315 2351 λαοῖς,
2373 2288 2468 2342 καὶ
2507 2287 2629 2348 ταῖς
2667 2284 2788 2338 τότε
2842 2283 3040 2352 φυλαῖς
3097 2280 3378 2350 γλῶσσαι,
3415 2280 3492 2330 ὅτε
3535 2278 3649 2347 καὶὴ

452 2377 680 2431 modum
725 2392 823 2433 eos
873 2376 966 2446 qui
1005 2377 1085 2432 sic
1134 2377 1226 2431 illa
1278 2378 1401 2433 luce
1442 2379 1654 2449 praediti
1701 2379 1946 2447 fuerunt,

2140 2380 2342 2451 μικροῦ
2392 2379 2590 2432 δέουσα
2646 2376 3179 2446 πεντηκοντάπηχυς
3225 2373 3480 2440 ἔξανῆπτο
3525 2372 3649 2438 φλὸξ,

456 2479 717 2540 tanquam
750 2478 916 2528 vento
939 2470 1180 2524 violento
1215 2471 1308 2539 qui
1348 2468 1590 2539 Spiritus
1625 2472 1800 2527 sancti
1843 2471 1966 2526 virtu

2138 2475 2234 2544 καὶ
2272 2474 2354 2536 είς
2417 2471 2614 2542 αἰθέρα
2666 2469 2996 2540 ἐφιλονείκει
3053 2468 3340 2536 ἀναὸἧναι,
3370 2465 3589 2534 βασιλέως
3610 2481 3648 2515 τε

452 2560 617 2625 inest,
655 2563 721 2617 ad
749 2563 966 2618 Patrem
1003 2562 1270 2617 luminum
1306 2564 1578 2632 perducit.

2137 2562 2278 2636 ἦσαν
2307 2562 2598 2630 κακίστου,
2635 2563 2733 2616 καὶ
2778 2562 2934 2616 κάτω
2981 2561 3284 2631 συρόμεναι
3316 2559 3402 2611 καὶ
3429 2557 3647 2635 ταπειναὶ.

455 2657 552 2712 καὶ
585 2657 716 2729 χοῦν
741 2655 1012 2725 συρφετοῦ
1047 2654 1302 2724 βιωτικοῦ
1346 2655 1697 2726 κατέχουσαν
1732 2657 1830 2727 τῆς
1853 2657 1911 2712 δὲ
1938 2656 2034 2711 νῦν
2067 2658 2261 2728 ἑορτῆς
2293 2657 2348 2709 αἱ
2376 2656 2622 2724 γλῶσσαι
2653 2656 2746 2708 καὶ
2777 2654 2891 2708 ὅσοι
2920 2653 2979 2706 δὲ
3055 2642 3362 2722 σοφίζονται
3401 2650 3461 2705 δι’
3517 2649 3648 2703 αὐτῶν

456 2748 552 2802 τοῦ
603 2750 748 2806 πάνυ
800 2754 1006 2822 ἀγαθοῦ
1058 2757 1457 2826 παμϐασιλέως
1490 2755 1628 2810 Θεοῦ
1663 2758 1972 2825 πεφύκασιν
2001 2771 2017 2787 ⁸
2057 2756 2107 2809 οἳ
2182 2757 2276 2810 καὶ
2325 2754 2455 2825 περὶ
2501 2753 2612 2824 πῦρ
2679 2751 2862 2823 ἔχουσι
2890 2749 3056 2804 τοῦτο
3101 2749 3448 2820 στρεφόμενοι
3477 2747 3646 2817 Τριαὸι-

456 2843 575 2908 κον,
611 2844 734 2899 οὔτε
765 2849 893 2912 τοὺς
928 2850 1078 2913 ὲντὸς
1116 2853 1286 2905 αὐτοῦ
1334 2852 1534 2920 φλέγον
1562 2851 1690 2906 οὔτε
1729 2852 2030 2919 πλαγιάζον
2069 2854 2165 2906 καὶ
2215 2853 2475 2923 ἐκτρέχον
2507 2853 2587 2914 είς
2617 2849 2951 2920 ἐμπρησμὸν
2977 2846 3092 2901 τῶν
3122 2845 3301 2912 πέριξ,
3341 2838 3398 2897 οὗ
3451 2843 3504 2895 τὺ
3557 2859 3645 2894 και.

459 2939 684 2992 νότατον
738 2941 831 2993 καὶ
879 2941 962 2995 ὃτι
1013 2942 1220 2997 ἄνωθεν
1260 2942 1651 3015 κατασκῆπτόν
1684 2945 1824 3013 μετὰ
1859 2943 2039 3014 βιαίας
2080 2945 2274 3013 πνοῆς,
2314 2945 2377 2996 οὐ
2429 2944 2720 3012 κεραύνιον
2751 2940 3013 3009 ἐμπίπτει
3090 2938 3395 2994 ἀπο-πάλλον
3453 2932 3646 3007 μερισμῷ

465 3032 757 3102 παραδόξῳ
789 3031 1042 3102 γλώσσας
1071 3035 1331 3105 φλογέας,
1359 3034 1496 3088 ἀλλὰ
1522 3034 1751 3104 φωτίζει
1780 3036 1876 3089 καὶ
1904 3035 2159 3089 ἀποτελεῖ
2199 3035 2511 3102 θαυμάσιον
2557 3035 2617 3086 τὺ
2667 3034 2794 3095 τοὺς
2864 3029 3009 3084 οὕτω
3077 3030 3434 3101 φωτισθέντας
3489 3028 3546 3080 δι’
3577 3025 3642 3078 αὺ-

457 3124 552 3177 τοῦ
603 3125 1044 3196 ἁναρπάζεσθαι,
1079 3126 1154 3190 ὡς
1207 3125 1296 3181 διὰ
1345 3127 1660 3198 πνεύματος
1711 3125 1889 3197 βιαίου
1943 3127 2042 3198 τῆς
2080 3128 2222 3182 κατὰ
2252 3128 2314 3181 τὸ
2349 3126 2507 3196 ἅγιον
2562 3123 2790 3195 Πνεῦμα
2817 3123 3130 3193 δυνάμεως.
3164 3123 3244 3186 εἰς
3271 3121 3428 3177 αὐτὸν
3485 3120 3537 3190 δὴ
3580 3118 3647 3170 τὸν

462 3220 686 3294 Πατέρα
723 3221 836 3276 τῶν
861 3225 1082 3292 φώτων.

537 3311 620 3369 57.
661 3312 853 3370 Restat
887 3314 994 3370 illis
1030 3315 1301 3385 nobisque
1330 3315 1513 3372 dicere
1551 3317 1828 3387 quomodo
1867 3315 2034 3370 dictio

2207 3311 2306 3380 νζ,
2342 3313 2498 3366 Ἐστι
2545 3310 2602 3365 δὲ
2653 3311 2752 3365 καὶ
2800 3309 3032 3373 ἐκείνοις
3089 3309 3184 3364 καὶ
3221 3309 3348 3380 ἡμῖν
3380 3307 3550 3376 λέγειν,
3574 3304 3641 3356 καὶ

457 3403 782 3474 symbolica,
817 3403 984 3458 Deum
1017 3418 1140 3460 esse
1176 3407 1354 3474 ignem
1379 3445 1393 3470 ,
1423 3422 1529 3459 nun
1567 3421 1595 3459 a
1621 3407 1761 3460 mala
1792 3406 1967 3475 pliceui

2145 3405 2222 3469 ῶς
2257 3405 2322 3458 το
2355 3402 2704 3474 συμϐολικῶς
2738 3401 2839 3470 μὲν
2885 3401 3274 3472 γεγραμμένον
3320 3398 3422 3469 πῦρ
3447 3392 3644 3450 εἶναιτὺν

457 3495 834 3564 desumptum,
871 3510 978 3551 non
1004 3511 1070 3551 eo
1111 3511 1285 3566 usque
1351 3495 1643 3552 Dominum
1709 3497 1967 3551 muniscii

2144 3497 2298 3560 Θεὸν,
2327 3495 2390 3549 οὐ
2422 3495 2607 3558 καλῶς
2635 3495 2693 3549 δὲ
2723 3492 2997 3564 ὲκληφθὲν
3045 3493 3124 3563 τῷ
3164 3491 3439 3559 κακοσόφῳ
3474 3487 3641 3557 φοίνικι,

458 3589 806 3659 perduxisse,
861 3598 922 3644 ut
957 3589 1148 3644 missis
1182 3589 1387 3658 linguis
1439 3591 1616 3659 igneis
1670 3605 1833 3660 super
1881 3591 1968 3642 disi

2144 3591 2207 3655 ἐς
2226 3588 2487 3643 τοσοῦτον
2509 3589 2609 3642 οὐκ
2637 3587 2896 3658 ἐνέτρεψε
2940 3588 3035 3640 τὶν
3081 3586 3356 3653 πάνσοφον
3388 3581 3571 3650 Κύριον,
3591 3577 3642 3637 ὡς

463 3680 625 3749 pulos
649 3695 781 3734 suos
813 3679 1087 3734 vi'viﬁcam
1117 3675 1355 3747 Spiritus
1386 3681 1558 3734 sancti
1589 3679 1847 3734 virtutem
1881 3694 1973 3748 ope

2147 3684 2257 3737 ἰδοὺ
2305 3683 2397 3735 καὶ
2431 3681 2703 3749 γλώσσαις
2756 3681 3014 3750 πυρίναις
3059 3680 3288 3741 ταύταις
3335 3670 3643 3741 δπιπεμςιομέ-

459 3771 669 3826 visibili
707 3779 760 3825 et
803 3770 948 3839 quod
994 3779 1232 3824 mentem
1286 3771 1763 3840 supernaturalem
1796 3771 1969 3826 denott

2144 3792 2268 3837 ναις
2301 3777 2412 3835 τοῖς
2447 3772 2614 3826 αὐτοῦ
2654 3773 2945 3842 μαθηταῖς,
2977 3769 3364 3840 τὴνζωοποιδν
3408 3765 3489 3820 τοῦ
3529 3761 3641 3827 ἁγίου

461 3863 748 3918 indicaret.
798 3859 955 3918 Unde
1020 3861 1410 3932 cognoscimus
1461 3876 1773 3917 sermonem
1826 3878 1969 3932 quoq

2150 3867 2466 3936 Πνεῦματος
2510 3862 2858 3935 παραδηλοῦν
2904 3861 3142 3932 δύναμιν
3193 3861 3284 3916 καὶ
3317 3859 3563 3930 ἐνέργειαν
3585 3853 3643 3903 ai-

462 3955 820 4023 apostolicum
858 3954 1076 4022 igneum
1117 3953 1381 4016 evasisse,
1417 3961 1472 4006 et
1519 3953 1666 4021 quod
1707 3953 1922 4024 fulgura
1960 3972 1972 4007 ι

2147 3957 2333 4027 σθητῷ
2367 3957 2553 4027 σεμνῷ
2583 3957 2873 4030 πράγματι
2904 3953 3310 4026 παραδηλοῦντι
3338 3952 3496 4018 νόημα
3521 3945 3642 4005 ὑπείδ-

463 4047 617 4101 tione
664 4045 936 4116 spirituali
997 4045 1264 4112 apostolis
1314 4045 1532 4100 caelitus
1583 4045 1830 4102 immissa
1895 4063 1973 4102 Slll

2148 4048 2282 4117 φυές
2303 4063 2315 4078 ·
2352 4048 2420 4102 δι’
2455 4042 2518 4103 οὗ
2556 4045 3084 4116 καταλαμϐάνομεν,
3116 4049 3212 4101 καὶ
3237 4046 3313 4110 ὡς
3341 4039 3426 4097 οἷα
3468 4035 3644 4107 πυρίνην

463 4153 588 4208 quze
638 4138 803 4206 impie
853 4135 1140 4191 audientes
1185 4150 1293 4190 non
1330 4137 1398 4191 ad
1432 4145 1652 4192 cantum
1697 4139 1973 4193 excitarunt

2146 4141 2339 4194 λαλιὰν
2369 4141 2708 4209 γενήσεσθαι
2727 4139 2828 4208 τὴν
2858 4139 3252 4208 ἀποστολικήν·
3285 4135 3374 4190 καὶ
3404 4135 3470 4195 ὣς
3491 4131 3643 4196 ἀστΡ²⁴

464 4226 570 4282 Per
600 4225 819 4297 fulgura
863 4233 1046 4280 autem
1094 4240 1204 4280 non
1258 4225 1586 4295 simpliciter
1622 4227 1829 4280 tonitru
1883 4242 1974 4281 voc

2150 4234 2249 4286 παὶ
2279 4231 2486 4302 νοητῶς
2532 4229 3008 4302 πληθυνθήσονται
3040 4229 3226 4285 θεόθεν
3245 4230 3356 4292 τοῖς
3387 4223 3527 4295 ἱεροῖς
3550 4220 3643 4272 ἁπο-

465 4321 858 4377 ευὺοιιάἱθηόαε
895 4329 1096 4385 erunt,
1141 4318 1332 4388 quales
1373 4317 1601 4373 aliunde
1641 4317 1966 4388 cognovimu

2149 4323 2396 4389 στόλοις,
2434 4323 2813 4393 ταράσσουσαι
2863 4319 3162 4389 ψαλμικῶς
3213 4319 3336 4381 τοὺς
3394 4314 3461 4385 μὴ
3497 4306 3644 4363 ἐνθέως

465 4412 558 4468 sed
616 4411 820 4467 tonitru
878 4412 994 4466 lilii.
1034 4411 1268 4465 Tonitru
1307 4410 1452 4464 enim
1498 4410 1811 4478 impellente
1854 4421 1908 4464 et
1941 4412 1975 4479 i]

2147 4413 2536 4483 ἀκρωομένους
2559 4429 2572 4443 ⁸
2603 4413 2662 4467 αἱ
2690 4412 2756 4477 δὴ
2785 4412 3074 4482 ἀστραπαὶ
3091 4411 3330 4479 λέγοιντο
3357 4406 3416 4460 ἂν
3441 4402 3494 4456 οὐ
3518 4395 3646 4468 φωναὶ

462 4513 520 4560 et
562 4515 686 4576 post
730 4507 880 4575 ipsos
931 4503 1179 4573 magistri
1220 4503 1391 4556 locuti
1440 4512 1610 4568 sunt;
1663 4518 1773 4573 quo
1823 4504 1972 4572 quidt

2148 4505 2337 4566 ἁπλῶς
2369 4503 2623 4573 βροντῆς,
2655 4503 2853 4557 ὁποίαν
2887 4503 3072 4557 ἄλλοθι
3113 4503 3371 4570 ἔγνωμεν,
3397 4492 3514 4549 ἀλλὰ
3532 4489 3649 4576 βρονς

461 4571 626 4655 sensu
651 4606 706 4654 et
735 4571 976 4652 Joannes
1008 4571 1214 4649 tonitru
1252 4594 1421 4657 illius,
1469 4595 1615 4648 sicut
1642 4571 1697 4647 et
1745 4571 1928 4664 fulgur
1963 4615 1971 4647 ι

2149 4595 2248 4662 τῆς
2286 4571 2531 4662 ἔκγονοι·
2568 4593 2918 4663 βροντολάλοι
2943 4595 3052 4664 γὰρ
3087 4595 3184 4647 καὶ
3197 4592 3365 4647 -.αὐτοὶ
3389 4585 3474 4639 καὶ
3497 4583 3536 4633 oi
3561 4571 3645 4648 μετ’

459 4691 650 4745 vinum
692 4690 858 4743 istius
900 4689 1104 4742 tonitru
1159 4687 1385 4742 eﬂectus
1432 4695 1538 4752 est,
1579 4688 1704 4756 quia
1737 4703 1845 4741 non
1881 4704 1969 4742 mo

2148 4686 2353 4749 αὐτοὺς
2385 4685 2734 4740 διδάσκαλον
2772 4689 2944 4756 ὁποίῳ
2999 4663 3144 4756 λόγῳ
3189 4688 3280 4738 καὶ
3323 4683 3349 4734 ό
3395 4668 3649 4739 θεολογικόν

464 4783 573 4834 vita
603 4780 711 4836 Deo
742 4780 904 4850 digna
936 4795 1034 4848 per
1066 4777 1438 4845 virginitatem
1475 4776 1700 4845 ell'ulsit,
1750 4777 1845 4832 sed
1873 4779 1974 4833 etia

2151 4794 2316 4842 τατος
2363 4776 2616 4846 Ἰωάννης
2667 4776 2896 4847 βροντῆς
2949 4779 3097 4842 υίὸς,
3154 4776 3340 4830 καθότι
3389 4770 3472 4824 καὶ
3517 4761 3649 4818 ἔνθεος

464 4872 773 4941 theologica
835 4885 1027 4925 sensu.
1096 4868 1152 4924 Si
1230 4877 1412 4924 autem
1473 4868 1675 4938 lingua:
1734 4869 1974 4924 secundu

2156 4871 2414 4938 ἀστραπὴ
2443 4868 2700 4936 τοιαύτης
2735 4867 2964 4938 βροντῆς
2991 4868 3236 4938 ἔκγονος,
3265 4865 3347 4918 διὰ
3368 4864 3424 4916 τὸ
3445 4850 3649 4923 tea“in

465 4973 655 5036 gentcs
717 4964 917 5034 linguis
967 4971 1371 5034 opponuntur,
1433 4962 1753 5032 apostolica;
1823 4977 1968 5032 quoq

2148 4961 2250 5030 ψαι
2285 4961 2345 5014 οὐ
2397 4962 2557 5031 μόνον
2609 4962 2904 5030 θεοπρεπεῖ
2952 4962 3216 5031 φανότητι
3252 4957 3361 5027 βίου
3399 4953 3473 5006 διὰ
3503 4943 3653 5015 παρθε¹

465 5073 597 5123 non,
647 5056 792 5111 sicut
832 5056 1038 5110 dictum
1087 5065 1196 5120 est,
1253 5053 1532 5110 ebrietatis
1582 5037 1813 5108 enectus
1867 5054 1975 5107 fuel

2154 5055 2295 5120 νίας,
2347 5055 2484 5108 ἀλλὰ
2543 5055 2639 5109 καὶ
2694 5054 3017 5121 θεολογικῶς
3045 5070 3059 5084 ο
3095 5055 3142 5106 εἰ
3188 5053 3242 5104 δὲ
3276 5047 3495 5119 γλῶσσαι
3521 5036 3653 5106 γλώσ·

463 5149 666 5218 quippe
690 5163 802 5216 quo
830 5147 1187 5216 spiritualiter
1215 5155 1269 5202 et
1298 5145 1621 5201 harmoutce
1655 5147 1802 5201 inter
1827 5161 1887 5201 se
1915 5160 1973 5200 cc

2154 5163 2278 5209 σαις
2309 5147 2362 5199 αἱ
2398 5145 2541 5199 κατὰ
2561 5146 2690 5215 ἔθνη
2719 5147 3075 5208 ἀντίκεινται,
3106 5145 3238 5197 ἀλλὰ
3263 5142 3317 5194 αἱ
3347 5124 3649 5223 ἁποστολικαὶ,

463 5242 697 5310 Spirant.
747 5239 928 5305 Quare
970 5254 1092 5308 quite
1131 5237 1370 5306 desuper
1421 5249 1553 5293 sunt
1609 5239 1828 5309 linguai,
1881 5241 1968 5308 ign

2155 5240 2206 5292 εί
2253 5238 2351 5291 καὶ
2384 5238 2528 5291 κατὰ
2561 5239 2654 5291 τὸν
2684 5237 2863 5304 οὕτως
2903 5239 3128 5292 εἰπόντα
3163 5237 3286 5305 δίχα
3331 5225 3578 5300 φρονέουσι
3598 5233 3651 5315 fit)

465 5331 731 5386 habendae
753 5341 908 5386 sunt.

2156 5329 2302 5384 κατὰ
2353 5329 2577 5400 δόκησιν
2633 5330 2806 5400 μέθης
2864 5330 3308 5401 παρακούσματι,
3358 5321 3651 5412 ἄλλοιςῇγουξ

468 5424 864 5494 συμφωνοῦσιν
908 5427 1112 5479 ἐκεῖναι
1163 5427 1575 5497 πνευματικῶς,
1611 5427 1707 5480 καὶ
1739 5427 1818 5488 είς
1861 5425 1918 5478 ἓν
1985 5426 2257 5496 ἁρμονίας
2311 5425 2606 5497 ἔρχονται’
2657 5427 2748 5479 ὅτε
2795 5427 2893 5480 καὶ
2937 5423 3007 5496 ἦν
3053 5441 3203 5486 τινας
3269 5420 3457 5488 λέγειν,
3512 5408 3573 5469 ὡς
3613 5408 3651 5455 αἱ

472 5519 574 5590 μὲν
606 5518 818 5571 ἄνωθεν
861 5517 1127 5584 γλῶσσαι,
1156 5517 1401 5585 γλῶσσαι
1432 5519 1625 5588 πυρός.

540 5607 632 5662 58.
674 5607 832 5674 Quod
879 5621 1010 5660 vero
1062 5606 1193 5674 ipsae
1221 5619 1543 5674 operantur,
1597 5622 1705 5661 non
1739 5605 1904 5675 ignis,
1939 5619 2049 5660 non

2231 5610 2334 5672 V'q'.
2373 5607 2438 5658 Ὂ
2472 5603 2528 5656 δὲ
2573 5604 2736 5658 αὑταὶ
2773 5605 3137 5668 ποιοῦσιν,οὐ
3182 5600 3347 5670 πυρὸς
3386 5596 3542 5663 ἔργον,
3565 5577 3651 5680 οὐδὲξ

472 5699 710 5770 fulgoris
743 5706 839 5753 aut
869 5713 1055 5753 rerum
1084 5699 1137 5752 in
1169 5699 1377 5754 mundo
1409 5700 1692 5770 igncarum
1727 5713 1864 5767 Opus
1896 5713 1982 5752 sui

2165 5698 2479 5766 ἀστραπῆς,
2513 5698 2625 5751 οὐδ’
2662 5698 2839 5752 ἄλλων
2908 5699 3082 5752 ὁπόσα
3148 5693 3295 5764 πυρά
3341 5691 3464 5743 είσιν
3506 5683 3571 5770 ἐν-
3596 5687 3650 5737 τῳ

475 5793 572 5849 sed
609 5793 748 5847 lucis
782 5792 1047 5861 spiritalis
1097 5807 1248 5847 more
1284 5795 1511 5863 angelos
1537 5792 1840 5861 symbolice
1873 5801 1985 5844 tran

2164 5765 2380 5855 κόσμῳ,
2416 5765 2613 5854 φλογὸς
2645 5788 2700 5840 δὲ
2731 5790 2946 5858 νοερᾶς,
2993 5787 3150 5842 ὁποία
3178 5784 3268 5838 καὶ
3297 5781 3414 5840 τοὺς
3447 5765 3651 5863 ἀγγέλους

478 5884 680 5951 ﬁgurat
708 5901 722 5950 ;
751 5856 916 5950 quam
939 5882 1032 5952 qui
1061 5882 1246 5951 habet,
1273 5856 1387 5941 non
1424 5856 1607 5940 lumen
1639 5891 1725 5939 est
1755 5881 1988 5950 singular

2161 5878 2358 5932 οὔκουν
2413 5879 2687 5945 εἰδοποιεῖ,
2727 5856 2860 5936 ἀλλᾶ
2905 5866 3454 5948 συμὸολογραφεί.,ῆν
3501 5856 3649 5916 όὲγων
