3788 6586
197 449 266 511 5-73
934 453 1019 513 IN
1050 454 1401 515 lIYMNUM
1445 456 2098 520 PENTECOSTALEM
2145 461 2603 522 DAMASCENI.

3291 464 3399 533 574-

185 562 272 617 οὖτε
309 561 417 630 ei);
442 565 560 618 ἐστι
595 567 936 637 καταμόνας,
965 570 1091 626 οὔτε
1123 572 1247 637 νοῦς
1274 575 1304 628 ὁ
1344 575 1547 646 τυχὼν,
1580 575 1716 630 ἀλλὰ

1834 584 1929 646 ter,
1971 595 2148 651 neque
2197 582 2531 647 intellectus,
2579 579 2673 636 sed
2715 594 2871 636 mens
2909 580 3131 636 lucifera
3168 596 3198 636 e
3235 583 3394 638 Patre

184 655 428 726 φωσφόρος
457 657 584 721 νοῦς
627 659 723 714 τοῦ
761 662 872 714 τῶν
921 662 1118 732 φώτων
1159 667 1374 735 Πατρὸς
1405 669 1717 722 ἀποπαλλό-

183 765 326 819 μενος,
353 749 447 803 καὶ
503 753 570 822 τῇ
612 751 736 807 κατ’
773 753 1065 826 ἄνθρωπον
1108 761 1457 832 φωτοφανείᾳ
1490 761 1716 832 ἑνούμε-

177 860 259 902 νος,
286 843 375 895 καὶ
401 845 804 913 προσεπαύξων
830 847 932 918 τὴν
957 849 1079 903 κατ’
1107 852 1269 906 αὑτὸν
1292 854 1593 924 ἐνέργειαν,
1623 857 1719 909 καὶ

172 934 222 998 ἐξ
244 933 584 1008 ἀνθρωπίνης
619 941 936 1008 μεταποιῶν
990 945 1071 1007 είς
1117 944 1272 998 θείαν
1302 946 1396 1000 καὶ
1429 948 1716 1002 ἀποστολι-

172 1026 271 1095 κήν,
310 1025 402 1079 καὶ
449 1027 573 1082 οταν
620 1030 694 1100 μὴ
752 1031 1072 1102 φαντάζειν,
1105 1036 1139 1106 ἢ
1182 1039 1310 1101 τοὺς
1349 1038 1537 1106 ἁγίους
1587 1041 1720 1095 ἀπο-

173 1117 383 1181 στόλους,
418 1119 452 1180 ἢ
481 1120 612 1184 τοὺς
647 1123 1048 1189 ἀποστολικοὺς
1076 1127 1156 1191 είς
1203 1127 1402 1199 ὲρμᾶς,
1450 1130 1584 1186 ἀλλὰ
1624 1133 1720 1185 καὶ

167 1212 233 1271 είς
256 1210 408 1279 φύσιν
434 1213 574 1267 Θεοῦ
603 1215 958 1290 θερμότερον,
993 1221 1084 1275 ἴνα
1113 1221 1247 1286 Θεὸς
1273 1223 1410 1276 θεῶν
1435 1223 1578 1279 οὕτω
1609 1225 1717 1279 τῶν

169 1302 458 1356 ἀποστόλων
507 1306 536 1357 ὁ
563 1307 769 1377 Κύριος
818 1311 1054 1380 λέγοιτο,
1091 1301 1126 1367 ό
1167 1314 1266 1368 σὺν
1311 1315 1392 1384 τῷ
1425 1316 1718 1385 πληθύνειν

165 1394 359 1462 ὁράσεις
412 1397 541 1451 ποτὲ
605 1401 817 1468 σεμνῶς
868 1406 1218 1472 πυροέσσας,
1270 1408 1578 1477 ἐμφανίσας
1621 1409 1717 1466 νῦν

168 1487 244 1537 καὶ
295 1486 547 1553 γλώσσας
579 1494 812 1560 πυρίνας
867 1497 948 1556 είς
1009 1499 1314 1568 μυστήριον
1341 1540 1356 1566 ,
1388 1499 1717 1571 ἐκπλήττειν

167 1579 268 1647 ἅμα
297 1579 386 1632 καὶ
439 1582 685 1650 σοφίζειν
735 1588 864 1650 τοὺς
899 1587 1230 1658 ζητητικόὺς
1282 1591 1578 1658 δυνάμενος
1604 1611 1618 1625 ·
1655 1588 1717 1649 οὗ

167 1673 216 1723 τὸ
258 1671 585 1739 ἀξιάγαστον
620 1676 870 1732 ἑπελθεῐν
923 1681 1361 1752 βραχυλογικῶς,
1407 1683 1550 1739 οὕτω
1581 1704 1718 1756 συμ-

165 1764 597 1834 ϐολογραφεῖται,
629 1769 772 1823 καθὰ
811 1769 1003 1839 ψάλλει
1045 1775 1072 1826 ό
1099 1774 1357 1844 μελῳδόςο
1395 1777 1716 1848 Πνεύματος

1827 672 2098 728 luminum
2151 675 2509 745 progrediens
2552 681 2608 729 et
2662 673 3049 729 illuminatiOni
3091 675 3390 730 secundum

1832 764 2114 819 hominem
2171 765 2352 821 addita
2399 777 2452 821 ct
2500 766 2786 821 facultates
2836 767 3131 836 adaugens,
3169 781 3304 834 quas
3326 781 3389 819 ex

1829 857 2083 912 humanis
2116 857 2168 912 in
2206 859 2420 912 divinas
2455 868 2510 912 ct
2537 858 2889 927 apostolicas,
2914 858 3023 911 imo
3053 859 3106 911 in
3139 867 3386 911 naturam

1836 948 1930 1003 Dei
1963 950 2286 1005 calldiorem
2329 951 2710 1015 transformat,
2760 959 2820 1004 ιιι
2863 950 3004 1005 Deus
3050 949 3278 1005 deorum
3310 949 3391 1004 sic

1822 1041 2198 1112 apostolorum
2259 1042 2522 1098 Dominus
2586 1050 2906 1108 vocaretur,
2986 1042 3076 1112 qui
3153 1041 3390 1096 visiones

1821 1134 2006 1204 igneas
2046 1134 2430 1204 multiplicare,
2457 1143 2513 1190 et
2543 1150 2686 1190 nunc
2711 1135 2924 1203 linguas
2962 1135 3159 1204 ignitas
3185 1133 3240 1186 in
3272 1147 3390 1201 my-

1819 1225 2004 1280 steriis
2039 1225 2416 1291 manifestare,
2435 1241 2530 1282 eos
2554 1237 2733 1282 autem
2759 1227 2854 1297 qui
2887 1228 3032 1281 circa
3061 1224 3392 1295 quaestiones

1820 1325 2111 1372 versantur
2141 1331 2458 1385 permovere
2489 1326 2544 1373 et
2566 1318 2632 1372 ad
2673 1326 2912 1372 mentem
2938 1317 3196 1370 reducere
3222 1316 3390 1376 valet;

1820 1407 1979 1479 cujus
2031 1407 2320 1473 miracula,
2354 1417 2414 1462 ut
2446 1408 2682 1463 breviter
2715 1409 2918 1472 dicam,
2967 1407 3265 1479 symbolice
3282 1421 3394 1460 tre-

1820 1507 2243 1570 praasentantur,
2279 1509 2338 1554 ut
2367 1508 2522 1568 poeta
2540 1509 2755 1555 cantat:
2781 1497 3017 1568 Spiritus
3049 1498 3221 1552 sancti
3249 1509 3396 1564 sym-

1821 1594 2004 1648 bolum
2033 1601 2259 1658 ventus;
2289 1591 2448 1659 cujus
2486 1605 2650 1660 porro
2684 1590 2795 1645 vim
2831 1590 2974 1646 sicut
2997 1589 3091 1644 Dei
3121 1590 3384 1643 virtutum

1817 1683 2095 1753 exprimit,
2118 1685 2295 1752 ignem
2318 1693 2501 1737 autem
2530 1681 2908 1736 fulminantem
2942 1691 2996 1734 et
3025 1680 3388 1734 illustrantem

1819 1775 2123 1832 divinitatis
2161 1790 2301 1845 opus
2345 1774 2587 1840 exhibet,
2635 1773 2795 1844 cujus
2844 1777 3130 1842 praesentia
3199 1772 3265 1825 ad
3304 1785 3393 1826 res

167 1855 256 1924 μὲν
283 1854 370 1908 τοῦ
419 1858 728 1924 ἁγιωτάτου
769 1860 1041 1930 σύμϐολον
1089 1867 1122 1936 ἡ
1172 1868 1310 1938 πνοή
1341 1883 1356 1899 ο
1387 1868 1446 1920 τὸ
1482 1869 1540 1922 δὲ
1593 1871 1716 1924 κατ’

1834 1877 2120 1938 praesentes
2148 1877 2389 1937 spectat,
2419 1874 2471 1920 et
2493 1881 2600 1937 qua
2637 1866 2691 1918 in
2744 1879 2803 1918 re
2832 1864 3032 1933 lingua:
3061 1862 3387 1932 sapientiam

165 1948 314 2017 αὐτὴν
355 1948 554 2019 βίαιον,
591 1953 691 2023 τὴν
745 1955 955 2010 ἐκείνου
1003 1957 1229 2028 δύναμιν
1283 1960 1590 2030 ὑπογράφει
1638 1963 1712 2026 ὡς

1834 1962 2108 2025 indicant;
2165 1959 2324 2028 cuius
2351 1959 2514 2012 etiam
2568 1957 2750 2027 abyssi
2793 1955 2935 2023 apud
2971 1955 3136 2010 Deum
3167 1953 3390 2006 flumina

161 2039 283 2093 Θεοῦ
325 2043 433 2094 τῶν
489 2042 812 2114 δυνάμεωνο
847 2047 907 2098 τὸ
957 2048 1014 2102 δὲ
1049 2047 1166 2119 πῦρ
1211 2049 1270 2102 τὸ
1319 2050 1412 2103 καὶ
1451 2051 1714 2122 φλογερὸν

1834 2054 1892 2108 is
1941 2050 2112 2105 ﬂuunt
2174 2051 2267 2121 qui
2293 2049 2418 2104 inde
2469 2049 2654 2102 bibere
2695 2056 2748 2100 et
2810 2049 2914 2101 ista
2946 2047 3010 2098 ad
3042 2057 3386 2100 communem

165 2133 266 2201 ipa.
302 2132 392 2185 καὶ
421 2135 751 2203 φωτιστικὸν
781 2137 878 2206 τῆς
914 2138 1167 2208 θεότητος
1191 2155 1208 2170 ο
1251 2133 1327 2195 ὧν
1354 2142 1388 2212 ἠ
1434 2144 1710 2214 προχείρι-

1834 2142 2110 2197 utilitatem
2160 2139 2445 2197 exantlare
2503 2139 2652 2210 digni
2711 2146 2861 2194 sunt.
2917 2135 3026 2192 Sed
3089 2135 3204 2190 haec
3263 2135 3395 2212 hacg

166 2239 238 2284 σις
280 2223 409 2293 πρὸς
461 2224 534 2280 τὰ
586 2226 968 2296 ὑποκείμενα,
1009 2231 1064 2282 αἱ
1115 2229 1170 2282 δὲ
1220 2231 1464 2298 γλῶσσαι
1520 2233 1712 2300 σοφίας
1822 2243 2002 2288 tenus.

163 2316 382 2379 ἔνδειξις·
416 2311 484 2386 ἧς
521 2318 764 2373 ἀϐύσσου
799 2323 951 2390 παρά
977 2322 1055 2391 τῷ
1084 2323 1204 2394 Θεῷ
1237 2324 1694 2395 ύπερκεχυμένης
1737 2329 1974 2397 ποταμοὶ
2028 2324 2407 2393 ἐξερεύγονται
2461 2326 2575 2387 τοῖς
2623 2325 2720 2380 καὶ
2788 2323 2965 2378 πίνειν
3026 2321 3232 2389 ἀξίοις,
3294 2327 3391 2381 καὶ

161 2408 316 2471 ἄλλως
349 2409 404 2460 δὲ
430 2406 706 2473 ἐξαντλεῖν
737 2413 816 2472 εἰς
850 2414 1032 2480 κοινὴν
1069 2412 1362 2483 ὠφέλειαν.
1401 2417 1564 2470 Ἀλλὰ
1593 2417 1766 2472 ταῦτα
1799 2419 1895 2489 μὲν
1925 2418 2005 2481 εἰς
2044 2417 2296 2470 τοσοῦτον
2353 2417 2446 2470 καὶ
2490 2419 2583 2486 ὑφ’
2607 2416 2767 2486 ἡμῶν
2819 2414 3245 2486 περιειργάσθω.

223 2506 316 2561 νϐ’.
351 2508 412 2559 Ἡ
448 2506 507 2559 δὲ
544 2507 693 2575 βιαία
723 2508 862 2577 πνοὴ
899 2508 1037 2577 πρὸς
1093 2507 1384 2577 διαστολὴν
1421 2509 1523 2578 μὲν
1561 2509 1714 2579 εἴρηο

163 2617 246 2652 ται
279 2599 345 2668 μὴ
371 2599 630 2669 τοιαύτης
664 2599 855 2668 πνοῆς,
883 2599 1047 2652 ὁποία
1077 2616 1162 2662 τις
1195 2599 1292 2652 καὶ
1323 2601 1356 2669 ἡ
1390 2600 1712 2671 καθωμιλη-

167 2693 290 2758 μένη
317 2687 452 2760 αὖρα
481 2693 710 2761 πραεῖα,
761 2693 857 2744 καὶ
908 2692 969 2745 τὸ
999 2691 1314 2762 διασυρίζον
1357 2693 1580 2762 πνεῦμα
1614 2695 1711 2759 τῆς

164 2785 357 2852 δρόσου.
380 2783 534 2835 Ἐστι
568 2784 625 2836 δὲ
652 2783 748 2853 οὐχ
775 2783 920 2836 οὕτω
959 2783 1132 2854 βιαία,
1167 2784 1243 2847 ὡς
1272 2785 1307 2850 ὴ
1364 2785 1460 2838 τοῦ
1488 2785 1644 2839 νότου
1675 2787 1709 2857 ἡ

163 2877 252 2947 τὴν
285 2875 544 2946 Ἐρυθρὰν
573 2876 849 2931 θάλασσαν
878 2878 1266 2948 κατατεμοῦσα
1285 2879 1366 2943 είς
1389 2880 1729 2951 διαιρέσεις,⁴

164 2969 305 3036 καὶὴ
354 2968 462 3029 τοῖς
489 2967 703 3032 τέκνοις
747 2967 844 3021 τοῦ
902 2971 1344 3038 μακαριωτάτου
1405 2971 1530 3025 Ἰὼϐ
1562 2969 1715 3025 οἷκον

165 3060 608 3114 ὲπικατασείσασα
642 3061 724 3123 είς
774 3059 1078 3115 ἀπώλειαν.
1125 3062 1218 3115 Διὸ
1253 3063 1375 3116 οὐδὲ
1410 3080 1719 3134 καταφορι-

165 3151 265 3214 κῶς
283 3150 370 3204 νῦν
395 3150 455 3204 τὸ
478 3151 618 3223 πνοὴ
648 3151 798 3221 βιαία
841 3153 1082 3223 εἴρηται,
1120 3154 1236 3206 ἀλλ’
1293 3155 1387 3208 ἐπὶ
1421 3155 1715 3226 σεμνότητι

167 3244 376 3310 μᾶλλον·
408 3243 558 3313 βιαία
585 3245 692 3316 γᾴρ
719 3245 754 3314 ὴ
790 3246 992 3316 ἰσχυρὰ
1020 3246 1116 3301 καὶ
1139 3247 1464 3318 ὲνδύναμος,
1500 3249 1597 3302 καὶ
1623 3249 1714 3303 λέ-

163 3353 304 3406 γεται
324 3336 460 3390 οὕτω
489 3339 643 3406 παρὰ
670 3336 770 3408 τὴν
794 3336 937 3406 βίαν,
969 3339 1090 3408 ἥτις
1125 3334 1194 3410 ἦν
1225 3339 1456 3410 δύναμις
1504 3341 1564 3395 ἑν
1603 3344 1714 3404 τοῖς

1889 2511 1978 2564 59.
2020 2509 2302 2566 Violentus
2381 2525 2542 2578 porro
2579 2516 2772 2564 ventus
2816 2508 2886 2561 ab
2926 2522 2994 2563 eo
3037 2507 3393 2576 distinguitur

1816 2605 1908 2674 qui
1941 2601 2087 2658 dulei
2120 2617 2249 2658 aura
2285 2603 2437 2657 adest
2485 2611 2539 2658 et
2585 2601 2677 2670 qui
2714 2615 2903 2656 vocem
2946 2600 3131 2670 agitat.
3163 2599 3278 2653 Non
3305 2607 3392 2653 est

1818 2710 1999 2755 tamen
2030 2698 2290 2754 violentia
2320 2695 2468 2750 venti
2513 2695 2607 2765 qui
2647 2709 2800 2748 mare
2845 2691 3089 2747 Rubrum
3123 2692 3175 2745 in
3209 2699 3394 2760 partes

1817 2791 2020 2853 divisit,
2084 2799 2139 2846 et
2201 2791 2295 2859 qui
2364 2787 2664 2842 beatissimi
2717 2785 2818 2841 Job
2857 2786 2996 2841 filios
3027 2785 3243 2840 aedilicii
3286 2785 3391 2840 sub

1817 2882 1976 2936 ruina
1999 2879 2388 2948 ,consepelivit.
2427 2878 2610 2944 Quare
2637 2877 2802 2930 etiam
2838 2892 2983 2929 nunc
3029 2877 3244 2942 quidem
3283 2890 3391 2928 non

1817 2975 1888 3028 ob
1947 2971 2286 3035 violentiam,
2341 2969 2436 3024 sed
2473 2977 2695 3037 propter
2739 2968 3138 3023 solemnitatem
3198 2976 3394 3021 ventus

1821 3065 2178 3134 praedicatur.
2217 3061 2489 3116 Violentia
2518 3058 2682 3115 enim
2707 3058 2864 3114 fortis
2894 3069 2977 3114 est
3000 3069 3056 3113 et
3102 3073 3131 3111 a
3164 3059 3214 3112 vi
3253 3058 3379 3113 deri-

1821 3166 2007 3222 vatur,
2056 3170 2180 3226 qnte
2231 3154 2374 3224 apud
2417 3152 2676 3222 antiquos
2706 3151 2888 3205 virtus
2925 3157 3085 3204 sonat
3113 3150 3259 3204 etde
3285 3165 3397 3220 quo

1822 3249 2023 3303 multus
2045 3261 2228 3302 sermo
2259 3255 2362 3302 est.
2385 3243 2528 3299 Hinc
2565 3244 2712 3300 enim
2739 3243 2848 3298 vita
2880 3258 3097 3314 quoque
3127 3242 3395 3312 originem

1823 3339 1994 3394 ducit.
2034 3338 2136 3406 Qui
2183 3338 2326 3393 enim
2368 3338 2600 3392 multum
2646 3335 2770 3390 vita!
2829 3335 3081 3390 humanm
3133 3335 3313 3398 habet,
3352 3335 3399 3388 is

167 3429 336 3494 πάλαι,
360 3430 449 3483 καὶ
474 3428 693 3482 ἔπαινον
722 3424 834 3500 εἶχε
856 3428 1026 3483 πολύν
1050 3445 1065 3459 ⁸
1094 3429 1175 3484 διὸ
1201 3432 1294 3484 καὶ
1317 3432 1406 3486 τὸν
1429 3431 1545 3502 βίον
1573 3433 1712 3504 αύτὴ

1834 3448 2033 3505 tuoque
2085 3431 2287 3487 virtute
2345 3444 2542 3500 magna
2579 3430 2768 3500 pollet.
2827 3428 2960 3495 Qua:
3036 3437 3218 3482 autem
3255 3427 3398 3495 apud

167 3520 402 3591 παράγει.
434 3519 496 3573 ’0
527 3519 639 3588 γὰρ
675 3519 799 3583 ἅλις
832 3519 974 3591 ἔχων
1019 3521 1112 3576 τοῦ
1147 3523 1293 3577 κατὰ
1324 3524 1533 3595 κόσμον
1565 3524 1706 3594 βίου,

168 3611 350 3672 ἐκεῖνος
378 3610 468 3663 καὶ
492 3609 726 3680 δύναμιν
770 3611 994 3665 πλουτεῖ
1029 3611 1282 3680 πολυειδῆ
1310 3628 1323 3644 ⁸
1362 3612 1460 3682 τὴν
1517 3613 1717 3680 μέντοι

173 3701 306 3771 τιρά
336 3704 441 3764 τοῖς
499 3701 624 3772 ἄρτι
663 3702 968 3773 λεγομένην
1025 3702 1149 3773 βίαν
1187 3701 1288 3773 τὴν
1336 3703 1713 3776 ἀπάνθρωπον

173 3794 255 3846 καὶ
275 3793 617 3865 τυραννικὴν,
647 3793 746 3848 καὶ
777 3795 845 3849 δι’
877 3795 1047 3865 αὐτὴν
1077 3793 1453 3866 κολαζομένην
1480 3799 1606 3850 κατ’
1631 3797 1722 3851 ἐκ-

1821 3529 2092 3579 nostrates
2120 3523 2200 3577 vis
2227 3521 2509 3593 tyrannica
2544 3531 2595 3575 et
2637 3521 2936 3574 inhumana
2964 3519 3137 3581 audit,
3167 3532 3397 3586 quiteque

1821 3628 1852 3668 a
1907 3612 2312 3685 legislaloribus
2367 3626 2588 3681 poenam
2640 3611 2755 3676 dat,
2797 3625 2916 3664 eam
2954 3609 3265 3679 philosophi
3314 3607 3400 3660 ni-

1822 3705 1986 3760 miam
2020 3705 2368 3761 insolentiam
2428 3704 2761 3759 vocitarunt.
2815 3702 2920 3757 Sed
2959 3701 3240 3772 pedestres
3268 3715 3402 3770 quo-

1822 3812 1930 3866 que
1984 3800 2278 3866 scriptores
2315 3812 2440 3851 cum
2504 3810 2636 3850 voce
2697 3794 2872 3864 βίαιον
2928 3793 3220 3847 antithesin
3271 3805 3404 3846 con-

171 3887 379 3953 δίκησιν,
407 3885 672 3956 ὑπέρϐιον
701 3884 863 3956 ῦϐριν
893 3886 945 3939 οι
991 3887 1146 3956 σοφοὶ
1173 3887 1363 3956 ἔλεγον
1390 3902 1406 3917 ·
1443 3888 1618 3942 οἴδασι
1659 3888 1718 3941 δὲ

1834 3889 2057 3957 iungunt
2127 3899 2182 3943 et
2254 3889 2357 3943 hoc
2420 3903 2588 3942 sensu
2665 3885 2968 3940 adhibent,
3037 3883 3192 3938 Unde
3269 3899 3400 3938 vero

173 3976 257 4028 καὶ
275 3977 318 4029 oi
339 3977 620 4044 πεζολόγοι
647 3977 878 4048 ῥήτορες
914 3979 1009 4031 ἐπὶ
1057 3977 1319 4050 ἐναριτου
1352 3980 1636 4049 σημασίας
1661 3979 1724 4034 τὸ

173 4065 327 4135 βίαιον
350 4068 692 4139 ἑπιχείρησίν
713 4085 838 4122 τινα
863 4069 1118 4138 γενναίαν
1137 4069 1367 4140 λυτικὴν
1391 4070 1722 4136 ἀντιθέσεως

171 4158 240 4229 τῷ
266 4160 353 4213 τοῦ
384 4161 561 4230 βιαίου
594 4160 890 4221 καλοῦντες
920 4162 1182 4231 ὀνόματι·
1225 4160 1324 4232 τὴν
1362 4162 1421 4216 δὲ
1452 4162 1597 4228 λέξιν
1627 4161 1722 4218 τοῦ

172 4251 540 4324 γλωττήματος
569 4255 696 4308 ὃθεν
729 4255 955 4322 εἴληφεν
1005 4255 1033 4306 ό
1072 4254 1310 4324 μελῳδὸς
1339 4255 1442 4308 ούκ
1465 4249 1604 4308 οἶδα.
1634 4255 1724 4308 El-

174 4343 321 4406 κὸςδὲ
362 4347 419 4398 ὲν
446 4345 526 4417 τῷ
557 4350 738 4419 μυρίῳ
787 4349 883 4402 καὶ
909 4347 1318 4417 ἀπεριελεύστῳ
1350 4347 1590 4418 λεκτικῷ
1625 4348 1721 4418 χύ-

175 4453 307 4504 ματι,
335 4439 495 4524 tit/doc.
535 4440 987 4510 παρεγκεχύσθαι
1022 4455 1128 4494 που
1156 4443 1286 4510 ἡμῖν
1319 4440 1636 4511 ἀθεώρητον
1664 4441 1726 4496 τὸ

173 4529 372 4596 γλωττῶ
390 4533 726 4603 γλωττήσω·
767 4533 827 4598 ἐξ
858 4526 920 4587 οὗ
967 4533 1064 4586 καὶ
1110 4534 1146 4604 ἡ
1175 4534 1546 4604 γραμματικὴ
1580 4534 1724 4600 λέξις

171 4621 706 4695 τὸγλωσσηματικόν.
749 4625 1232 4693 Καταγλὼττισμα
1276 4625 1464 4694 μέντοι
1495 4626 1723 4696 οἴδαμεν

174 4716 228 4768 ἐκ
247 4717 335 4771 τοῦ
359 4716 782 4788 καταγλωττίζω
819 4718 1085 4786 ῥήματος,
1110 4715 1208 4768 καὶ
1236 4715 1370 4769 ἄλλα
1404 4715 1462 4769 δὲ
1495 4716 1726 4770 τοιαῦτά

1827 3979 2227 4051 γλωττήματος
2247 3994 2435 4035 vocem
2477 3990 2633 4048 poeta
2667 3979 2965 4048 sumpserit
2993 3978 3203 4047 ignoro.
3238 3973 3400 4029 Forte

1824 4081 2008 4128 autem
2043 4073 2097 4127 in
2129 4071 2523 4126 vocabulorum
2577 4071 2732 4126 turba
2777 4071 2986 4140 guttula
3039 4085 3138 4138 per
3176 4067 3400 4137 γλωττῶ

1824 4167 2119 4241 γλωττήσω
2157 4167 2463 4231 distillavit,
2519 4167 2666 4222 unde
2713 4168 2879 4221 etiam
2931 4165 3072 4235 apud
3124 4178 3408 4234 gramma-

1828 4261 1965 4315 ticos
2026 4257 2510 4329 γλωσσηματικόν.
2575 4257 3053 4326 Καταγλώττισμα
3092 4256 3309 4326 quidem
3374 4269 3404 4308 a

1827 4353 1992 4408 verbo
2028 4350 2455 4419 καταγλωττίζω
2477 4348 2784 4404 derivatum
2813 4346 3094 4411 novimus,
3133 4355 3192 4399 ut
3223 4345 3403 4399 etalia

1828 4444 2071 4510 similia,
2131 4451 2193 4498 ut.
2258 4439 2828 4510 κατεγλωττισμένος.
2892 4439 3049 4505 Quod
3109 4438 3154 4492 si
3203 4437 3402 4491 alicubi

1829 4551 1971 4602 aqua
1999 4536 2226 4604 loquens
2261 4534 2481 4603 legitur,
2531 4539 2752 4586 ventum
2801 4543 3024 4600 quoque
3095 4529 3403 4596 loquentem

1830 4627 2095 4683 divinitus
2127 4635 2184 4682 et
2230 4626 2468 4680 mediate
2517 4621 2737 4685 dixerit,
2759 4622 2859 4677 σοι)
2892 4619 3407 4691 καταγλωττήματα

1835 4731 2018 4771 vocem
2049 4731 2172 4769 cum
2202 4726 2365 4770 vento
2393 4713 2587 4768 diviso.

174 4823 293 4877 τινα,
323 4811 378 4864 ὲν
405 4805 488 4873 οἷς
525 4810 622 4863 καὶ
670 4810 700 4862 ό
740 4807 1300 4876 κατεγλωττισμένος.
1354 4807 1418 4860 Εἰ
1451 4808 1508 4862 δὲ
1534 4807 1695 4860 λάλον
1741 4808 1889 4878 ὕδωρ
1913 4808 2116 4878 ὲρῤέθη
2161 4825 2262 4860 που
2293 4807 2502 4872 δεξιῶς,
2539 4804 2772 4860 εῐποιᾶν
2795 4820 2879 4868 τις
2907 4804 3004 4858 καὶ
3058 4804 3220 4856 λάλον
3279 4803 3412 4868 ταύ,

177 4903 368 4974 τηντὴν
397 4902 565 4974 πνοὴν
595 4901 802 4965 ὲνθὲως
841 4919 901 4955 τε
931 4903 1026 4954 καὶ
1063 4899 1185 4954 οὐδὲ
1235 4900 1592 4970 ἀπροσφυῶς,
1630 4901 1720 4954 διὰ
1761 4901 1829 4953 τὰ
1856 4901 2128 4971 εἰρημένα
2159 4901 2672 4969 καταγλωττήματα
2746 4901 2884 4968 μετὰ
2924 4899 3021 4966 τὴς
3085 4895 3410 4965 διειλημμέ-

175 5010 258 5063 νης
283 4995 466 5063 πνοῆς.

234 5086 290 5154 ξ’.
317 5089 386 5143 Τὸ
411 5090 492 5154 δὲ,
527 5089 726 5158 νείμας
753 5087 818 5140 τὸ
852 5087 1104 5158 Πνεῦμα,
1126 5089 1323 5141 ταύτόν
1345 5090 1463 5142 ὲστι
1490 5087 1568 5158 τῷ
1600 5087 1716 5140 δια·

1901 5080 1991 5138 60.
2014 5078 2169 5146 Quod
2198 5075 2883 5146 deindevsfpag°Spiritum
2905 5075 3124 5140 dicitur,
3158 5076 3298 5130 idetu
3327 5087 3412 5130 est

179 5181 378 5249 μερίσας
400 5197 414 5212 ο
449 5183 735 5252 μερίζεται
760 5181 817 5234 δὲ
849 5181 981 5234 αὐτὸ
1012 5181 1116 5234 οὐκ
1163 5180 1343 5244 ἄλλως
1366 5179 1484 5234 ἀλλ’
1523 5181 1555 5249 ἦ
1585 5183 1728 5234 κατὰ

177 5273 256 5343 τὴν
283 5275 492 5345 ἑκάστῳ
526 5274 622 5328 καὶ
667 5275 793 5327 τότε
831 5272 1126 5342 δεδομένην
1179 5273 1276 5326 καὶ
1329 5274 1491 5342 μέχρι
1515 5273 1612 5326 νῦν
1645 5273 1724 5326 δι-

176 5363 378 5435 δομένην
421 5367 583 5437 χάριν
628 5367 694 5418 ὲκ
717 5363 812 5416 τοῦ
841 5363 1002 5428 Θεοῦ,
1040 5363 1098 5426 ὃς
1124 5363 1307 5425 ἄλλοις
1341 5363 1478 5417 ἄλλα
1510 5362 1730 5416 δίδωσιν

178 5458 240 5520 ὡς
275 5461 471 5522 ἐκεῖνος
502 5458 799 5527 ὲπικρίνει,
841 5457 932 5510 καὶ
974 5456 1087 5509 οὐδ’
1117 5455 1184 5508 ἂν
1217 5454 1496 5525 παύσηται
1557 5455 1732 5508 ποιιῖιν

178 5542 310 5604 τοῦτο
343 5551 661 5616 διαπαντός.
690 5551 751 5604 Εἰ
791 5551 850 5605 δέ
897 5567 983 5615 τις
1017 5550 1174 5602 ἄλλον
1205 5551 1325 5603 τινὰ
1357 5549 1570 5618 βλέπων
1602 5549 1733 5602 πλε-

180 5643 477 5697 ονεκτοῦντα
506 5643 816 5714 χαρίσμασι
849 5640 1099 5712 βιάζεται
1139 5641 1199 5694 τὸ
1229 5644 1292 5693 ἐκ
1317 5642 1603 5712 περισσοῦ,
1635 5643 1736 5696 οὐκ

180 5728 233 5782 ﬁt
255 5730 451 5803 όκνήσῃ
477 5733 506 5785 ὁ
557 5730 912 5802 χαριτοδότης
939 5729 1072 5792 Θεὸς
1101 5729 1278 5781 εἰπεῖν
1300 5730 1392 5781 καὶ
1428 5729 1564 5795 πρὸς
1586 5731 1728 5782 ἐκεῖ·

182 5837 270 5888 νον,
289 5823 358 5887 ὡς
384 5824 576 5894 ’Δρκεί
593 5839 680 5877 σοι
707 5825 742 5893 ὴ
766 5822 927 5893 χάρις
955 5837 1054 5890 μου
1075 5835 1088 5849 ο
1115 5819 1450 5889 προθέμενος
1481 5819 1610 5882 ἴσως
1635 5821 1732 5874 καὶ

185 5913 253 5977 τὸ,
289 5917 347 5970 Ἦ
375 5916 610 5982 δύναμίς
651 5932 756 5980 μου
789 5915 849 5970 ὲν
882 5911 1139 5979 ἀσθενείᾳ
1171 5910 1495 5968 τελειοῦται.
1524 5913 1586 5966 Εἰ
1627 5912 1734 5977 γὰρ

1834 5190 1900 5230 ac
1957 5171 2304 5242 διαμερίσας.
2351 5168 2706 5224 Distribuitur
2761 5176 2943 5223 autem
3002 5182 3112 5222 non
3163 5167 3318 5220 aliter
3348 5182 3411 5220 ac

1836 5266 2132 5322 secundum
2151 5261 2380 5333 gratiam
2423 5277 2542 5330 qua:
2573 5261 2770 5331 cuique
2803 5262 2925 5314 data
2961 5269 3048 5315 est
3077 5276 3108 5312 a
3142 5260 3271 5322 Deo,
3315 5256 3410 5325 qui

1838 5359 1966 5414 aliis
2015 5359 2117 5410 alia
2148 5353 2449 5420 distribuit,
2506 5353 2647 5408 sicut
2709 5352 2796 5406 ille
2831 5351 3300 5422 quidemjudieat,
3357 5357 3412 5401 et

1839 5450 1980 5520 quod
2011 5448 2188 5502 facere
2214 5460 2494 5515 nunquam
2510 5445 2768 5501 cessabit.
2806 5443 2861 5497 Si
2890 5444 3014 5513 quis
3038 5452 3217 5495 autem
3242 5440 3407 5493 alium

1841 5540 2015 5610 gratia
2073 5535 2607 5604 superabundantem
2641 5533 2834 5588 videns
2871 5535 2977 5587 vim
3027 5532 3151 5586 inde
3188 5528 3410 5600 patitur,

1845 5635 1986 5688 Deus
2032 5631 2428 5685 charismatum
2470 5629 2638 5683 dator
2682 5628 2869 5682 dicere
2925 5624 3124 5691 poterit
3152 5623 3217 5677 ad
3250 5637 3408 5677 eum:

1842 5742 1862 5774 ι
1905 5721 2229 5776 Suliicittibi
2248 5721 2420 5791 gratia
2481 5735 2635 5785 mea;
2665 5738 2683 5771 ι
2725 5718 2931 5771 addens
2959 5715 3089 5770 illud
3154 5728 3405 5786 quoque:

1845 5837 1864 5868 ι
1898 5814 2079 5869 Virtus
2103 5829 2219 5869 mea
2245 5815 2298 5869 in
2317 5815 2590 5870 debilitate
2633 5812 3062 5882 perlicitumat
3099 5807 3156 5862 Si
3180 5817 3234 5860 tu
3264 5806 3408 5860 enim

1845 5909 2038 5966 debilis
2068 5925 2151 5976 es,
2187 5909 2332 5964 nulla
2359 5924 2426 5964 ex
2456 5922 2542 5963 me
2573 5913 2791 5971 sumpta
2817 5903 3012 5970 gratia,
3042 5917 3163 5966 ego,
3208 5900 3402 5962 inquit,
