3824 6552
459 404 565 468 575
1199 407 1623 469 EUSTATIIll
1665 407 2426 472 TIIESSALONICENSIS
2463 409 3030 472 METROPOIJT/E
3567 419 3646 482 .576

459 522 515 575 in
562 524 765 579 virtute
817 539 938 580 nica
1003 526 1343 582 debilitatem
1410 527 1664 595 implebo.
1699 544 1720 580 ι
1752 525 1969 584 Sciendt

2149 527 2245 580 καὶ
2277 527 2342 580 σὺ
2374 525 2629 580 ἀσθενεῖν
2658 525 2788 594 φὴς,
2841 524 2918 595 μὴ
2951 523 3133 578 λαϐὼν
3192 524 3250 590 ιε
3302 523 3432 593 εμοῦ
3477 527 3647 596 χάριτος

461 625 641 669 autem
697 617 844 684 quod
887 618 1018 672 illud
1059 619 1276 688 νείμας,
1327 620 1472 690 quod
1511 619 1788 674 derivatur
1819 620 1971 686 σνέμ

2149 619 2432 690 επιϐολὴν,
2468 618 2584 672 ἀλλ’
2608 618 2740 686 εγὼ,
2771 619 2926 688 φησὶ,
2958 619 3024 688 τῇ
3056 618 3114 670 ὲν
3143 615 3262 686 ipsi
3309 617 3516 685 δυνάμει
3549 621 3645 674 ἀνα-

461 706 605 761 unde
622 718 676 762 et
693 709 882 778 νόμος,
904 709 1128 778 indicat,
1149 712 1293 779 quod
1318 711 1573 766 hodierna
1596 711 1834 780 Spiritus
1857 711 1964 767 dist

2154 711 2427 784 πληρὼσω
2459 712 2560 783 τὴν
2585 712 2730 766 κατὰ
2754 711 3062 766 ἀσθένειαν.
3101 711 3299 764 Ἱστέον
3325 709 3377 763 δὲ
3404 713 3492 764 καὶ
3526 713 3647 766 δτιτδ

463 798 617 854 butio
640 803 902 870 apostolis
917 813 972 857 et
991 803 1270 872 discipulis
1284 804 1487 860 Christi
1516 805 1567 859 in
1602 805 1772 872 legem
1815 804 1968 858 abier

2149 805 2370 872 νείμας,
2421 796 2484 856 οὑ
2514 803 2890 874 προκατάρχει
2936 802 2999 856 τὸ
3047 803 3216 872 νέμω,
3265 802 3326 867 ἐξ
3370 796 3427 856 οὑ
3454 807 3477 858 ό
3508 806 3646 874 νόμος,

462 898 542 951 nt,
603 893 984 950 distributione
1036 898 1142 952 rite
1213 896 1392 962 facta,
1464 898 1766 953 secundum
1833 912 1972 967 praec

2147 896 2414 965 ἐμφαίνει
2445 897 2546 950 καὶ-
2583 899 2664 959 είς
2700 897 2866 964 νόμον
2918 896 3174 965 γενέσθαι
3207 898 3316 960 τοῖς
3368 896 3524 964 ἁγίοις
3552 901 3650 949 ἁπο-

458 994 611 1053 ptum
647 997 916 1056 nostrum,
979 991 1136 1046 nobis
1192 983 1470 1047 lsraelitis‘
1518 991 1856 1060 legislatoros
1916 990 1966 1045 ta

2153 989 2360 1050 στόλοις
2394 989 2487 1042 καὶ
2516 989 2797 1060 μαθηταῖς
2819 989 2914 1043 τοῦ
2944 989 3184 1056 Χριστοῦ
3208 989 3308 1058 τὴν
3329 989 3544 1056 σήμερον
3568 989 3653 1042 δια-

461 1086 616 1141 sunt,
672 1079 766 1148 qui
824 1094 920 1150 per
952 1080 1098 1152 ipsos
1155 1091 1367 1138 mentes
1401 1081 1571 1138 Deum
1634 1081 1878 1139 videntes
1911 1081 1971 1142 fat

2151 1081 2328 1150 νομὴν
2375 1080 2515 1150 πρὸς
2546 1079 2745 1144 αὑτοὺς
2776 1079 2872 1135 τοὺ
2905 1079 3212 1149 ἁγιωτάτου
3262 1078 3564 1150 Πνεύματος,
3599 1080 3653 1142 ὡς

463 1181 677 1224 sumus.
2152 1172 2248 1226 καὶ
2273 1173 2332 1224 ὲν
2355 1173 2467 1233 τοῖς
2509 1170 2637 1240 ἑξῆς
2675 1173 2980 1241 φανήσεται
3003 1187 3018 1201 ⁸
3050 1171 3193 1225 ὥστε
3221 1170 3416 1237 ταύτην
3439 1166 3491 1224 εὗ
3516 1171 3654 1224 διαθέ-

463 1278 619 1329 μενοι
651 1264 794 1320 καθὰ
824 1265 965 1335 ὑπὲρ
987 1265 1144 1336 ἡμῶν
1179 1267 1570 1338 ὲνετάλθησαν,
1605 1267 1703 1322 καὶ
1732 1266 2025 1336 νομοθέται
2063 1266 2357 1334 γεγόνασιν
2397 1265 2532 1333 ἡμῖν
2577 1266 2686 1326 τοῖς
2729 1264 2939 1334 κυρίως
2976 1263 3360 1336 Ἰσραηλίταις,
3414 1261 3460 1314 οἶ
3513 1261 3650 1334 δηλον.

459 1360 544 1414 ότι
584 1361 672 1416 διὰ
723 1364 906 1432 μέσων
951 1365 1133 1419 αὑτῶν
1164 1368 1257 1420 καὶ
1291 1367 1360 1419 δι’
1391 1365 1592 1428 αὑτοὺς
1622 1364 1742 1428 νόες
1767 1365 1860 1418 τδν
1900 1363 2035 1417 Θεὸν
2071 1361 2310 1432 ὁρῶντες
2341 1363 2671 1429 γεγόναμεν.

535 1451 626 1505 6|.
675 1452 976 1523 ’Υπέσχετο
1004 1453 1221 1519 deinde,
1243 1456 1382 1524 quod
1417 1456 1568 1519 dicit,
1596 1467 1889 1526 syntaxeos
1917 1468 2044 1509 nor-

2225 1455 2328 1519 ξω.
2356 1455 2430 1508 Τὸ
2454 1455 2512 1508 δὲ
2547 1455 2819 1525 ὑπέσχετο
2837 1452 3075 1524 ἀναχθὲν
3099 1451 3242 1506 κατά
3261 1450 3537 1522 ὑπέρϐασιν
3564 1469 3652 1505 συν-

464 1556 606 1596 mam
623 1547 1042 1613 transgreditur.
1060 1546 1191 1600 Illud
1204 1548 1594 1617 quoqueépyov
1607 1549 1716 1616 γὰρ
1733 1547 1974 1616 ἐκπερᾶν

2150 1545 2377 1610 τάξεως-⁸
2398 1548 2477 1609 είς
2506 1545 2568 1600 τὸ
2594 1547 2756 1616 ἔργον
2788 1545 2899 1616 γὰρ
2929 1545 3265 1615 ικπεράνας,
3292 1543 3534 1597 διαϐαίνει
3557 1545 3651 1596 ἐκεί-

463 1647 656 1689 omnes
679 1635 860 1704 operis
885 1636 1052 1690 ditini
1086 1648 1268 1704 partes
1322 1646 1563 1708 superat.
1593 1637 1884 1693 Salutanda
1917 1652 1973 1690 ve

2153 1638 2246 1692 θεν
2274 1639 2369 1692 καὶ
2395 1642 2476 1701 είς
2502 1640 2598 1693 ὅλα
2629 1639 2771 1692 κατὰ
2805 1637 2990 1692 κοινοῦ
3027 1637 3100 1691 τὰ
3131 1635 3224 1690 τοῦ
3260 1636 3398 1689 θείου
3425 1635 3563 1704 ἔργου
3588 1651 3658 1703 μι-

464 1738 569 1779 vox
601 1725 873 1796 ὑπέσχετο
903 1727 970 1781 ab
989 1727 1230 1796 ὑπέσχεν
1259 1728 1523 1793 derivata,
1550 1743 1657 1798 qua
1687 1726 1913 1787 utimur.
1943 1725 1974 1778 h

2159 1730 2305 1800 ρικά.
2338 1729 2642 1800 Δεξιωτικὴ
2669 1731 2725 1783 δὲ
2757 1729 2905 1796 λέξις
2934 1730 2993 1782 τὸ
3037 1729 3324 1798 ὑπέσχετο,
3355 1727 3656 1797 ἐξωρμημένη

465 1817 716 1872 militatis
760 1821 864 1872 sub
895 1819 1098 1889 specie,
1139 1821 1191 1874 in
1225 1819 1462 1889 ὑπέσχεν
1491 1819 1833 1889 αὑχενα,τὴν
1861 1820 1975 1888 χεῖρ

2151 1822 2248 1875 τοῦ
2281 1823 2539 1890 ὑπέσχεν.
2569 1821 2628 1876 οὗ
2657 1823 2856 1892 χρῆσις
2893 1824 2952 1874 ὲν
2980 1819 3060 1890 τῷ
3102 1821 3338 1889 ὑπέσχεν
3379 1819 3558 1887 αὐχένα
3592 1835 3659 1869 τα-

470 1908 520 1962 id
552 1919 656 1970 est.
687 1911 956 1966 salutandi
991 1911 1224 1967 formula
1257 1913 1492 1982 subjecit
1543 1927 1604 1969 se
1637 1913 1822 1967 manui
1859 1912 1980 1966 dist!

2157 1915 2471 1977 πεινώσεως
2527 1914 2708 1983 λόγῳ·
2759 1914 2852 1967 καὶ
2904 1915 2966 1967 ὲν
3021 1912 3100 1984 τῷ
3150 1911 3347 1980 ὑπέσχε
3396 1911 3485 1982 τὴν
3522 1913 3654 1979 χεῖρα,

467 2000 681 2056 buienti.
712 2002 805 2058 Sic
825 2005 966 2058 enim
988 2005 1390 2074 quodammodo
1406 2005 1570 2060 etiam
1594 2003 1844 2059 Christus
1869 2000 1977 2056 Sali

2157 2007 2330 2078 ἤγουν
2374 2005 2610 2059 ὑπέθετο
2659 2008 2752 2060 καὶ
2781 2007 3042 2060 ὑποκάτω
3069 2005 3195 2075 ἔσχε
3253 2005 3347 2073 τῆς
3379 2003 3657 2073 δωρουμένης

469 2102 556 2145 tor
616 2095 899 2164 discipulis
929 2098 1044 2152 suis
1070 2097 1346 2168 promisit,
1377 2112 1472 2165 per
1493 2093 1979 2152 condescendentia

2158 2098 2342 2168 χειρὸς
2377 2098 2523 2168 λόγῳ
2561 2097 2888 2164 δεξιώσεως.
2924 2097 3083 2153 Οὖτω
3107 2098 3216 2167 γὰρ
3257 2097 3448 2166 τρόπον
3471 2096 3657 2148 τινὰκαὶ

469 2197 592 2266 sese
625 2186 1109 2255 communicando,
1140 2197 1193 2243 et
1218 2188 1540 2243 beneﬁcium
1582 2186 1888 2257 pollicendo
1917 2200 1979 2238 an

2151 2189 2182 2242 ό
2240 2187 2434 2259 Σωτὴρ
2495 2189 2736 2259 Χριστὸς
2794 2190 3067 2260 ὑπέσχετο
3123 2191 3236 2250 τοῖς
3290 2187 3548 2258 μαθηταῖς,
3595 2181 3656 2237 oh

469 2272 574 2338 cis,
635 2272 728 2340 qui
759 2274 860 2344 ipsi
893 2277 959 2332 ad
999 2280 1199 2335 bonum
1255 2278 1493 2333 oblatum
1533 2293 1594 2332 se
1641 2277 1979 2332 accommoda

2157 2282 2628 2348 συγκαταϐάσεως
2679 2283 3071 2337 ταπεινοποιοῦ
3133 2283 3295 2353 χάριν
3356 2281 3524 2334 ἑαυτὸν
3567 2279 3659 2332 ὑπο-

473 2373 529 2419 et
573 2367 784 2435 gratias
819 2367 1023 2424 referre
1060 2369 1353 2425 debebant.
1399 2369 1554 2436 Quod
1613 2368 1662 2424 si
1727 2368 1888 2422 aliter
1950 2367 1983 2422 is

2160 2372 2306 2443 σχὼν
2326 2389 2342 2406 ⁶
2379 2376 2473 2427 καὶ
2515 2375 2993 2445 ἐπαγγειλάμενος
3023 2374 3344 2446 εὐεργεσίαν
3373 2373 3526 2441 φίλοις
3547 2369 3658 2437 όφεί·

468 2457 629 2510 verba
657 2457 1054 2529 interpreteris,
1082 2460 1488 2531 conjunctivum
1519 2460 1787 2530 ὑπέσχετο
1828 2473 1978 2514 sensi

2156 2465 2345 2520 λουσιν
2378 2467 2608 2531 ἑαυτοὺς
2659 2466 3027 2538 ἁνθυποσχεῖν
3093 2471 3176 2531 είς
3221 2484 3280 2520 τε
3326 2463 3558 2531 ὑποδοχὴν
3592 2458 3658 2512 τοῦ

469 2545 655 2604 habet.
695 2551 849 2607 Patet
895 2554 1040 2608 enim
1102 2555 1249 2624 quod
1306 2555 1351 2610 is
1373 2555 1466 2625 qui
1491 2552 1698 2622 aliquid
1755 2551 1979 2621 promitt

2152 2557 2438 2627 διδομένου
2473 2560 2718 2626 ἀγαθοῦ,
2755 2563 2850 2614 καὶ
2899 2563 2980 2625 είς
3030 2561 3288 2614 ἀπόδοσιν
3345 2555 3657 2626 ἁντιχάριτος·

469 2638 745 2708 ντεεὶριιο
813 2654 994 2699 autem
1047 2647 1192 2702 veris
1236 2646 1448 2711 amicis,
1505 2645 1574 2698 ab
1610 2644 1697 2698 bis
1750 2651 1965 2698 tenetur

2156 2653 2250 2702 καὶ
2277 2651 2452 2713 ἄλλως
2481 2651 2539 2704 δὲ
2561 2655 2627 2722 τῇ
2651 2652 2794 2716 λέξει
2827 2652 3136 2717 ἐπιϐαλεῖν,
3176 2650 3472 2717 συνδετικὴν
3501 2647 3657 2698 ἔννοιαν

468 2727 631 2796 quasi
691 2732 874 2789 debito
907 2736 1199 2806 obligatur.
1249 2737 1385 2792 Cum
1442 2737 1528 2791 bis
1570 2722 1753 2792 autem
1817 2733 1972 2790 vocib

2156 2742 2270 2812 ἔχει
2305 2745 2366 2796 τὸ
2398 2745 2690 2814 ὑπέσχετο.
2747 2746 2918 2815 Δῆλον
2959 2747 3069 2815 γὰρ
3098 2745 3173 2808 ὡς
3203 2747 3229 2796 ό
3263 2739 3588 2809 ὑποσχόμενός
3608 2753 3657 2798 τιν

477 2819 868 2891 ὑπισχνεῐσθαι
915 2843 1134 2899 quoque
1169 2830 1416 2899 ejusdem
1447 2842 1657 2885 natura
1691 2836 1796 2886 est.
1828 2828 1975 2882 sicut

2158 2837 2250 2888 καὶ
2281 2835 2519 2904 μάλιστα
2551 2838 2732 2904 φίλοις
2764 2838 3034 2909 γνησίοις,
3076 2840 3287 2908 ἴσχεται
3323 2835 3407 2887 ὑπ’
3433 2829 3656 2897 ἐκείνωνῆ

472 2911 768 2985 ὕπὲσχετο.
808 2928 861 2975 θῑ
890 2920 995 2974 alia
1019 2921 1242 2977 Similia.
2154 2925 2344 2996 ἔχεται
2387 2929 2639 2993 ἐκείνων,
2665 2930 2699 2994 ἧ
2744 2929 2993 2998 ἐνέχεται
3026 2929 3222 2996 ὥσπερ
3248 2928 3414 2997 χρέει.
3444 2922 3660 2989 Συστοιχιί

470 3009 530 3062 δὲ
552 3013 668 3076 τοῖς
695 3012 962 3078 τοιούτοις
989 3015 1201 3085 ῥήμασι
1250 3014 1432 3070 καὶτὸ
1459 3015 1887 3088 ὑπισχνεῖσθαι·
1957 3015 2273 3083 ἀκολούθως
2339 3019 2399 3072 δὲ
2456 3020 2550 3075 καὶ
2601 3021 2663 3074 τὸ
2721 3021 3012 3090 ὑπέσχετο,
3107 3023 3205 3074 καὶ
3267 3019 3431 3073 ὁπόσα
3471 3015 3521 3070 δὲ
3565 3013 3662 3068 ma

468 3119 723 3160 τοιαυτα.

977 3228 1196 3286 ﬂirmus
1228 3233 1396 3287 tertia:
1415 3230 1550 3286 θείω.
2077 3211 2124 3270 C

2077 3211 2124 3270 ο
2620 3227 2795 3301 ᾮδῆς
2823 3230 3028 3298 τρίτης
3070 3230 3291 3300 είρμός-

767 3341 991 3414 Eﬂregit
1018 3345 1226 3401 ventris
1261 3345 1464 3403 sterilis
1494 3347 1735 3412 vincula,
2231 3345 2277 3400 li

2231 3345 2319 3400 IV.
2370 3345 2610 3416 Ἐρῤηξε
2635 3344 2874 3414 γαστρὸς
2898 3343 3287 3414 ὴτεκνωμένης
3319 3340 3484 3404 πέδας,

693 3431 1064 3505 lnjuriamque
1094 3434 1498 3490 intolerabilem
1528 3436 1777 3490 fecundae

2373 3442 2575 3512 ’Υϐριν
2595 3457 2657 3494 τε
2685 3439 3056 3494 δυσκάθεκτον
3089 3435 3501 3506 εὑτεκνουμένης

591 3601 600 3610 ι
696 3525 824 3581 Sola
859 3530 1036 3583 oratio
1063 3528 1419 3600 prophetissae
1447 3529 1576 3583 olim
2073 3591 2078 3594 _

2073 3591 2078 3594 .
2369 3533 2524 3601 Μόνη
2555 3532 2832 3604 προσευχὴ
2859 3532 2960 3602 τῆς
2986 3531 3322 3602 προφήτιδος
3353 3528 3503 3581 πάλαι

695 3623 889 3687 Annae,
922 3621 1151 3680 ferentis
1190 3622 1442 3692 spiritum
1475 3620 1773 3676 contritum

2377 3627 2600 3696 ’Δννης,
2629 3626 2905 3697 φερούσης
2939 3625 3165 3697 πνεῦμα
3199 3617 3610 3692 συντετριμμένον

689 3715 771 3768 Ad
813 3722 1091 3784 potentem
1124 3722 1178 3768 et
1210 3713 1378 3767 Deum
1417 3713 1793 3768 scientiarum.

2375 3721 2520 3790 Πρὸς
2540 3721 2631 3772 τὸν
2666 3719 2936 3788 δυνάστην
2966 3721 3060 3773 irai.
3091 3719 3225 3773 Θεὸν
3247 3716 3350 3769 τῶν
3383 3712 3609 3783 γνώσεων.

548 3851 640 3910 62.
677 3849 852 3919 ilujus
881 3849 1025 3904 tertii
1060 3846 1322 3904 carminis
1373 3861 1547 3901 nexus
1573 3845 1729 3913 juxta
1765 3848 2055 3916 quamdam

2161 3835 2168 3842 ‘
2235 3853 2336 3919 ξδ’.
2373 3855 2431 3909 ’0
2492 3853 2685 3924 εἱρμὺς
2740 3853 2840 3923 τῆς
2899 3852 3141 3908 ἐνταῦθα
3194 3852 3380 3924 τρίτης
3409 3850 3533 3921 ᾠδῆς
3562 3843 3661 3898 κατὰ

482 3943 866 4003 tenuissimam
902 3948 1145 3996 mentem
1170 3955 1200 3994 a
1227 3939 1421 3993 festivo
1445 3939 1695 4007 subjecto
1718 3937 1992 4014 dependen

2161 3949 2305 4000 πάνυ
2342 3945 2552 4016 βραχύν
2587 3963 2712 4000 τινα
2758 3945 2885 3998 νοῦν
2937 3945 3364 4016 παραπτόμενος
3408 3943 3495 4010 τῆς
3519 3940 3661 4007 {opta-

483 4042 540 4094 in
569 4047 764 4094 caetera
792 4036 968 4106 ipsius
1008 4041 1227 4089 textura
1259 4034 1421 4088 rebus
1454 4044 1658 4092 sanctae
1702 4037 1873 4092 Anna:
1922 4055 1993 4109 ρο

2163 4039 2358 4108 στικῆς
2385 4039 2697 4100 ὑποθέσεως
2733 4037 2812 4107 τῷ
2851 4038 3027 4108 λοιπῷ
3065 4037 3238 4092 αὑτοῦ
3290 4037 3412 4106 ὕφει
3444 4034 3540 4089 τῶν
3559 4029 3659 4084 κατὰ

484 4129 736 4200 ρίιειίεεαι
799 4129 1184 4199 componitur:
1241 4127 1342 4183 hoc
1389 4128 1450 4182 tit
1497 4143 1563 4184 ex
1614 4129 1732 4201 lege
1793 4131 1994 4201 psallen

2160 4131 2261 4201 τὴν
2289 4129 2563 4199 προφῆτιν
2600 4129 2767 4198 ἁγίαν
2794 4131 2998 4200 ’Δννην
3041 4130 3251 4202 ἔχεται,
3300 4130 3440 4200 νόμῳ
3466 4121 3662 4196 είρμολο·

484 4239 583 4294 per
635 4237 834 4277 nexum
859 4235 1022 4292 quem
1061 4219 1209 4276 illius
1237 4221 1413 4276 oratio
1446 4229 1602 4290 parat
1623 4223 1784 4278 tertia
1811 4224 1994 4278 carmil

2163 4224 2287 4292 γίας
2323 4222 2704 4294 ψαλμῳδικῆς,
2759 4225 2828 4294 ἢν
2860 4225 2954 4278 καὶ
2985 4225 3019 4294 ή
3071 4222 3351 4295 προσευχὴ
3393 4220 3576 4288 ἐκείνης
3596 4216 3663 4282 ἁρ-

483 4315 862 4389 dirigcntibus.
944 4313 1083 4370 Dicit
1129 4328 1262 4384 ergo
1310 4328 1472 4370 sacer
1523 4315 1613 4371 ille
1651 4325 1848 4386 poeta,
1892 4315 1992 4372 sim

2163 4317 2283 4371 τύει
2309 4319 2426 4380 τοῖς
2453 4317 2992 4388 μεταχειριζομένοις
3021 4316 3124 4381 τὰς
3155 4318 3340 4385 τρίτας
3364 4315 3512 4384 ᾠδάς.
3545 4307 3665 4374 Αιγει

484 4409 770 4480 pulchrum
804 4406 1121 4463 christiana:
1149 4406 1558 4476 consequentia:
1590 4421 1924 4478 precumque
1971 4422 1994 4463 s

2162 4405 2259 4462 οὖν
2293 4412 2321 4462 ό
2357 4409 2504 4477 ίερδς
2525 4401 2684 4472 οὗτος
2711 4408 2967 4480 ποιητὴς,
2991 4409 3384 4478 ἀποσεμνύνων
3404 4403 3505 4475 ἅμα
3533 4399 3607 4454 καὶ
3623 4395 3665 4448 τὸ

485 4512 682 4564 stema,
708 4515 920 4555 necnon
948 4509 1192 4554 sanctam
1218 4501 1432 4551 Annam
1454 4512 1754 4564 exornans,
1780 4513 1892 4553 rem
1922 4499 1988 4554 ad

2166 4499 2329 4553 καλὸν
2361 4501 2554 4570 χρῆμα
2585 4499 2685 4567 τῆς
2729 4499 3126 4570 Χριστιανικῆς
3153 4497 3457 4554 ἀκολουθίας
3483 4490 3564 4545 καὶ
3601 4486 3664 4539 εὖ·

485 4609 611 4650 esse
663 4595 946 4664 pulchram
1013 4605 1196 4656 orare,
1217 4600 1272 4646 et
1293 4605 1322 4643 a
1358 4591 1469 4645 Deo
1498 4591 1723 4646 meliora
1747 4592 1983 4660 precari,

2168 4593 2290 4662 κῆςν
2321 4566 2413 4645 κώ
2457 4566 2561 4660 ἢν
2618 4566 2793 4658 ἁγίαν*
2834 4590 2893 4644 δὲ
2933 4566 3156 4654 Ἄνναν,
3216 4593 3300 4644 δτι
3342 4584 3567 4641 τοσοῦτον
3599 4577 3665 4630 καὶ

485 4686 811 4742 insolubiles
853 4689 1142 4754 compedes
1187 4693 1244 4737 et
1286 4681 1505 4736 vincula
1541 4697 1647 4736 non
1687 4682 1949 4751 parientis
1985 4700 1995 4734 ι

2160 4681 2405 4734 τοιοῦτόν
2423 4682 2541 4735 εστι
2572 4682 2746 4736 καλὸν
2772 4683 2832 4735 τδ
2860 4683 3270 4754 προσεύχεσθαι
3298 4721 3313 4744 ,
3337 4681 3427 4735 καὶ
3453 4669 3665 4730 αίτεῖσθαι

488 4777 830 4834 sterilitatem
864 4775 1076 4832 ventris
1115 4775 1288 4830 Anna:
1311 4813 1327 4839 ,
1364 4790 1530 4844 quam
1568 4774 1851 4844 Scriptura
1885 4773 1998 4830 decl

2163 4775 2318 4844 παρὰ
2344 4772 2481 4826 Θεοῦ
2522 4775 2590 4828 τὰ
2643 4776 2954 4847 κρείττονα,
2987 4775 3128 4828 ὥστε
3162 4777 3262 4838 τὰς
3312 4771 3519 4831 ἀλύτους
3543 4763 3667 4820 πέδας

484 4877 570 4924 rat
620 4867 1028 4940 prophetissam
1090 4879 1200 4921 non
1257 4864 1534 4936 quoddam
1587 4865 1816 4930 donum,
1879 4881 1988 4936 qua

2161 4865 2258 4918 καὶ
2278 4865 2346 4918 τὰ
2375 4865 2554 4934 δεσμὰ
2579 4868 2676 4934 τῆς
2701 4866 2792 4919 διὰ
2818 4867 3108 4936 στείρωσιν
3138 4865 3462 4932 ἀτεκνούσης
3489 4852 3669 4926 γαστρὸς

486 4977 681 5031 magna
730 4961 867 5016 tiunt
907 4959 1048 5029 apud
1095 4957 1374 5024 homines,
1423 4956 1518 5012 sed
1551 4955 1666 5010 solo
1721 4956 1831 5011 Deo
1872 4958 1996 5011 char

2159 4955 2260 5024 τῆς
2284 4956 2424 5008 κατὰ
2452 4957 2552 5024 τὴν
2581 4958 2779 5010 ’Ἅνναν
2812 4959 2936 5026 τὴν,
2969 4957 3046 5019 ὡς
3081 4959 3114 5026 ἡ
3138 4955 3329 5028 Γραφὴ
3361 4949 3668 5008 ἀποδείκνυσιν

485 5051 734 5122 precatio
778 5049 1021 5105 mulieris
1071 5048 1438 5104 calamitatem
1487 5044 1766 5115 patientis,
1805 5044 1995 5112 disrup

2164 5045 2462 5115 προφῆτιν,
2491 5045 2555 5098 οὑ
2583 5047 2761 5116 δωρεά
2784 5063 2891 5113 τις,
2917 5048 3116 5100 όπόσαι
3142 5045 3276 5117 παρ’
3301 5041 3578 5113 ἀνθρώποις
3597 5045 3669 5122 με·

486 5119 577 5211 rit,
613 5143 876 5214 illamque
935 5141 1152 5198 tandem
1199 5141 1425 5196 liberam
1459 5137 1513 5193 in
1569 5151 1705 5208 pace
1740 5152 1836 5207 per
1892 5137 1996 5189 vita

2164 5138 2352 5204 γαλαι,
2380 5138 2519 5192 ἀλλὰ
2553 5137 2694 5209 μόνη
2727 5138 2857 5209 φίλη
2890 5138 3013 5211 Θεῷ
3043 5136 3321 5210 προσευχὴ
3356 5134 3450 5205 τῆς

481 5240 552 5293 ob
590 5211 983 5291 fecunditatem
1016 5233 1299 5290 ambulare
1336 5231 1671 5301 permiserit.
1704 5231 1902 5284 Statim
1953 5241 1991 5280 ετ

2167 5246 2268 5298 ⁵ης
2295 5227 2356 5282 τὸ
2384 5230 2554 5284 “xi”
2573 5229 2835 5299 γυναικὸς
2863 5229 3136 5302 διέρρηξε,
3164 5229 3257 5284 καὶ
3284 5225 3506 5281 ἀπέλυσε
3525 5211 3667 5269 λοιπὸν

485 5339 593 5383 tem
639 5327 830 5383 eadem
873 5326 1049 5382 oratio
1081 5324 1248 5381 simul
1302 5325 1523 5380 sustulit
1577 5333 1633 5377 et
1665 5321 1905 5391 injurias
1963 5337 1993 5374 a

2163 5318 2382 5388 εκείνην
2419 5319 2716 5390 ἐλευθέραν
2747 5319 2806 5373 ὲν
2847 5318 3041 5394 εἰρήνῃ
3071 5319 3215 5373 κατὰ
3247 5317 3358 5388 βίον
3401 5302 3669 5382 πορεύεσθαι

485 5419 940 5492 esprobrationes
990 5435 1127 5490 quas
1183 5433 1248 5474 ex
1297 5417 1503 5474 invidis
1539 5417 1852 5488 patiebatur
1873 5415 1994 5472 Ann

2161 5412 2251 5466 διὰ
2277 5412 2370 5466 τοῦ
2390 5411 2908 5482 τεκνοποιήσασθαι.
2941 5413 3155 5467 Δὺτίκα
3176 5412 3234 5466 δὲ
3258 5405 3669 5492 συναπεφόρτισεν

485 5491 891 5583 εοίρτπεοτιὶιη
921 5528 987 5568 ex
1021 5511 1248 5567 fecunda
1281 5512 1553 5582 beataque
1577 5509 1650 5564 ob
1681 5507 1888 5578 prolem
1917 5506 1995 5561 Pb

2164 5507 2198 5576 ἡ
2231 5505 2368 5575 αὐτὴ
2398 5506 2675 5577 προσευχὴ
2711 5507 2804 5560 καὶ
2831 5504 2930 5569 τὰς
2949 5505 3141 5577 ὕϐρεις
3166 5507 3342 5560 είτουν
3367 5491 3667 5563 ὁνειδισμυῦςι

487 5620 689 5661 nenna.
749 5603 854 5672 Qui
884 5603 1019 5659 nihil
1047 5603 1190 5660 aliud
1220 5603 1460 5658 valentes
1504 5600 1834 5656 maledicere
1865 5607 1993 5652 cont

2161 5601 2312 5674 οἳ)ςὴ
2343 5594 2511 5657 Ἅννα
2541 5603 2605 5656 ὲκ
2630 5603 2740 5656 τῶν
2762 5601 3122 5670 έριθευόντων
3153 5596 3457 5668 κακοζήλως
3488 5592 3669 5652 ἔπασχεν

485 5705 694 5754 castam
732 5703 788 5752 et
842 5697 1009 5753 Deum
1063 5698 1342 5752 timentem
1382 5693 1781 5766 prophetissam
1815 5693 1995 5745 Annal

2163 5695 2260 5750 καὶ
2293 5694 2530 5766 μάλιστα
2563 5697 2627 5748 ἐκ
2653 5694 2753 5764 τῆς
2785 5694 3043 5748 εὐτέκνου
3072 5692 3360 5762 Φενάννης,
3378 5687 3464 5755 τῆς
3493 5680 3574 5735 καὶ
3598 5689 3669 5726 τωο

485 5807 551 5846 ex
590 5790 770 5859 inepta
830 5791 1131 5846 sterilitatis
1184 5790 1415 5854 ratione,
1469 5786 1628 5856 quasi
1678 5786 1819 5839 ratio
1872 5784 1995 5838 crim

2162 5789 2460 5843 λυτέκνουο
2507 5789 2559 5843 οἳ
2616 5789 2746 5844 ἄλλο
2810 5792 3096 5842 κατειπεῖν
3143 5786 3311 5856 μηδὲν
3365 5782 3551 5850 ἔχοντες

489 5882 653 5940 nandi
684 5883 811 5942 inde
850 5885 1129 5955 penderet,
1161 5882 1640 5940 calumniabantur
1689 5893 1810 5935 eam
1841 5887 1899 5935 ut
1931 5893 1999 5934 ut:

2162 5880 2411 5952 καθαρᾶς
2463 5881 2556 5935 καὶ
2604 5879 2740 5935 Θεὸν
2783 5881 3178 5950 διοπτευούσης
3224 5879 3432 5946 Ἅιδης,
3489 5865 3564 5920 καὶ
3605 5859 3668 5913 διὰ
