3824 6564
1719 203 1754 224 Ι

431 405 539 470 579
1143 409 1566 471 EUS’l‘ATIIIl
1609 405 2372 470 THESSALONICENSIS
2413 395 2977 466 METROPOLITAZ
3571 409 3665 470 580

427 519 568 574 valet
589 521 654 575 ad
687 535 874 576 eorum
901 535 1022 592 qua:
1052 521 1157 576 sibi
1200 523 1417 592 propria
1439 531 1567 578 sunt
1598 522 1916 579 efﬁcaciam.
1955 522 2001 576 Si

2118 521 2373 576 ἁτεκνοῦν
2403 523 2502 590 τὴν
2551 522 2823 592 προφῆτιν
2847 539 2861 553 ·
2894 521 3112 586 πάντως
3141 522 3252 591 γὰρ
3277 522 3420 578 καθά
3449 525 3508 577 τὸ
3553 527 3663 578 ἀτε-

427 613 551 682 quis
584 621 765 668 autem
793 629 1036 683 quaerere
1062 615 1174 668 vult
1203 616 1332 684 quid
1359 616 1755 685 prophetissam
1779 615 2001 670 orbarct

2113 613 2266 667 κνοῦν
2303 616 2525 668 ἀτεκνοτ
2567 631 2690 668 τινα
2717 653 2731 673 ,
2763 616 2839 678 ὡς
2873 613 3119 685 οἴδαμεν,
3155 615 3218 670 ὲκ
3247 615 3355 669 τῶν
3384 617 3663 670 ἀτεκνούν-

428 705 618 775 prole;
660 705 805 760 sicut
825 709 971 761 enim
1006 711 1232 762 omnino
1262 707 1527 762 sterilitas
1549 706 1808 760 feminam
1835 707 1997 761 steri-

2113 725 2213 761 των
2245 707 2479 771 ὑδάτων,
2513 706 2656 760 οὑτω
2693 708 2790 761 καὶ
2841 708 2904 759 τὸ
2936 707 3336 777 ἀτεκνούμενον
3366 709 3475 764 ὑπὸ
3529 727 3663 775 τινος

428 797 531 851 lem
566 797 759 863 reddit,
798 807 856 853 ut
891 799 1115 863 scimus,
1150 814 1218 854 ex
1280 798 1600 854 humoribus
1658 799 2001 854 sterilitatem

2113 798 2458 863 Ξτεκνοῦντος
2508 795 2835 854 ἀτεκνοῦται
2864 817 2878 832 ·
2943 799 3254 872 μαθήσεται
3311 801 3388 866 ὡς
3422 803 3664 873 πήρωσις

427 890 841 958 generantibus,
877 891 959 944 sic
996 891 1159 945 etiam
1195 891 1338 960 quod
1374 899 1456 945 est
1485 890 1672 946 sterile
1705 905 1733 944 a
1762 891 2000 960 quodam

2113 893 2207 962 μὲν
2239 892 2452 961 φύσεως
2489 892 2801 962 ὴτέκνωσεν
2859 893 3097 963 ἐκείνην,
3123 893 3338 957 ’ὁποίας
3378 895 3584 959 πολλὰς
3612 898 3661 950 al

426 981 734 1036 sterilitatis
755 989 978 1036 auctore
995 984 1178 1037 sterile
1204 982 1408 1036 factum
1433 990 1556 1048 est;
1585 981 1764 1038 discet
1791 993 2001 1036 natura:

2113 985 2311 1055 μῆτραι
2339 985 2640 1055 πάσχουσιν
2660 999 2674 1016 ο
2705 987 2734 1039 6
2759 983 2816 1038 δὲ
2851 985 2984 1051 Θεὸς
3011 987 3250 1056 ὑγιῶσας
3279 987 3360 1052 είς
3386 987 3659 1042 εὐτεκνίαν

427 1070 644 1138 quidem
687 1073 948 1142 paralysi,
1003 1087 1109 1142 qua
1157 1073 1340 1131 multae
1369 1074 1690 1128 afﬁciuntur
1724 1074 2000 1134 matrices,
2105 1076 2443 1148 ἐπέρρωσεν.

427 1172 546 1212 eam
578 1159 748 1216 fuisse
780 1163 1019 1216 sterilem
1065 1162 1286 1228 factam,
1321 1162 1413 1218 sed
1445 1179 1473 1216 a
1510 1164 1618 1218 Deo
1669 1172 1861 1217 sanata
1909 1176 2006 1232 per

426 1251 670 1305 sobolem
706 1253 1001 1308 convaluit.

495 1345 584 1398 65.
619 1345 1012 1400 lntolerandam
1047 1353 1230 1400 autem
1259 1346 1538 1416 injuriam,
1583 1345 1877 1410 violentas,
1944 1353 2006 1398 ut

425 1438 626 1491 dictum
651 1446 773 1508 est,
799 1439 867 1491 de
889 1439 1133 1492 carentia
1160 1438 1332 1508 prolis
1385 1438 1863 1508 exprobrationes,
1925 1437 2008 1491 in-

425 1529 772 1597 telligendum
795 1538 878 1585 est
901 1549 914 1584 :
934 1531 1148 1599 injurize
1179 1530 1446 1600 siquidem
1475 1531 1577 1585 illa:
1606 1540 1736 1585 sunt
1764 1529 2001 1599 species,

426 1623 658 1675 maxime
687 1635 812 1675 cum
849 1623 900 1674 in
928 1630 1051 1676 cule
1073 1623 1321 1677 mordent
1359 1623 1669 1689 audientes,
1694 1622 1747 1676 in
1779 1621 2006 1692 profuno

424 1711 552 1765 dum
587 1711 783 1765 anima:
810 1723 1131 1781 penetrant;
1161 1723 1213 1769 et
1238 1723 1368 1770 tunc
1420 1715 1799 1771 intolerabiles
1834 1723 2001 1780 sunt;

2113 1733 2263 1788 μενοι
2305 1716 2519 1786 ψυχῆς·
2556 1716 2649 1769 ὅτε
2700 1715 2796 1769 καὶ
2826 1715 3120 1769 ἀκάθεκτοί
3156 1718 3331 1770 είσινο
3367 1719 3448 1781 ὡς
3490 1719 3669 1788 δυσχεο

427 1817 551 1856 nam
584 1803 800 1858 dillicile
823 1813 906 1858 est
940 1814 997 1859 et
1025 1806 1508 1876 exprobrationem
1537 1822 1726 1878 passo,
1755 1807 2000 1862 dolorem

2113 1809 2202 1878 ρὲς
2226 1808 2288 1861 δν
2317 1807 2395 1878 τῷ
2436 1807 2816 1877 ὀνειδιζομένῳ
2853 1807 3182 1877 κατασχόντι
3220 1806 3320 1877 τὴν
3345 1808 3551 1876 λύπην,
3587 1810 3670 1862 καὶ

426 1894 728 1948 continenli
753 1896 1023 1965 quasique
1053 1897 1376 1966 decoquenti
1431 1912 1541 1954 non
1596 1899 1776 1970 aliquo
1839 1899 2001 1955 modo

2113 1902 2181 1962 ὡς
2227 1895 2338 1952 οἷον
2393 1897 2794 1967 καταπέψαντι,
2851 1897 2926 1968 μὴ
2969 1898 3343 1968 ἀντιλυπῆσαι
3399 1899 3661 1956 ὁπωσοῦν.

426 1989 669 2044 vicissim
693 1992 1033 2046 contristari.
1086 1993 1236 2047 Alias
1255 2002 1434 2048 autem
1473 1993 1598 2049 talis
1645 1993 1842 2063 injuria
1889 1993 2000 2048 dici

2113 1992 2266 2046 Ἐστι
2284 1993 2340 2046 δὲ
2365 1991 2460 2046 καὶ⁸
2478 1991 2655 2054 ἄλλως
2691 1990 3064 2045 δυσκάθεκτον
3104 1989 3266 2062 ὕϐριν
3294 1991 3392 2062 τὴν
3424 1993 3667 2063 τοιαύτην

424 2089 606 2149 potest
646 2082 937 2146 infrenata,
975 2099 1080 2138 non
1130 2085 1393 2151 audienti,
1427 2086 1518 2140 sed
1553 2086 1835 2155 loquenti:
1869 2087 1997 2156 quia

2113 2085 2300 2150 εἰπεῖν,
2333 2083 2393 2136 οὑ
2439 2082 2519 2152 τῷ
2565 2083 2845 2146 ἀκούοντι,
2873 2081 3012 2137 ἀλλά
3037 2081 3114 2152 τῷ
3145 2083 3395 2138 λαλοῦντι
3419 2099 3437 2114 ο
3482 2084 3560 2138 διδ
3586 2083 3668 2137 καὶ

423 2172 608 2227 cuncti
629 2174 845 2243 quidem
874 2190 1154 2230 sermones
1176 2175 1306 2229 alati
1337 2186 1490 2241 sunt,
1536 2186 1591 2231 et
1619 2177 1709 2231 citi
1756 2177 2001 2234 veloces-

2113 2177 2315 2241 πάντας
2365 2176 2464 2245 μὲν
2495 2175 2687 2242 λόγους
2721 2174 3051 2245 πτερόεντας
3078 2169 3242 2238 εἶναι,
3279 2174 3375 2229 καὶ
3407 2174 3552 2240 ὀξεῖς
3585 2177 3667 2228 καὶ

423 2281 533 2335 que
594 2279 660 2319 ex
691 2265 974 2320 hominum
1005 2281 1100 2320 ore
1126 2266 1346 2335 volant,
1367 2277 1421 2322 et
1451 2268 1540 2323 hic
1559 2267 1722 2322 etiam
1777 2282 2000 2322 manum

2113 2268 2286 2337 ταχεῖς
2309 2265 2636 2320 ὲκπὲτεσθαι
2672 2265 2767 2319 τοῦ
2815 2267 2938 2318 κατ’
2965 2266 3258 2336 ἄνθρωπον
3284 2266 3398 2320 τῶν
3447 2267 3666 2322 ὀδόντων

2179 1349 2272 1414 ξε’.
2295 1351 2492 1420 ’Ύϐριν
2539 1351 2594 1404 δὲ
2624 1351 2994 1405 δυσκάθεκτον
3039 1354 3166 1415 τοὺς
3197 1355 3292 1406 ἐπὶ
3322 1357 3387 1425 τῇ
3423 1355 3664 1422 ἀτεκνίᾳ,

2105 1443 2182 1505 ὡς
2239 1443 2465 1514 ἐρρέθη,
2528 1443 2940 1512 καταφορικοὺς
3006 1444 3352 1514 ὀνειδισμοὺς
3419 1447 3666 1515 ωητὲονο

2107 1531 2320 1603 ὕϐρεως
2343 1533 2453 1602 γάρ
2476 1549 2530 1586 τι
2561 1533 2658 1586 καὶ
2707 1534 2864 1586 αὑτοὶ
2910 1529 3071 1598 εἶδος,
3098 1536 3195 1588 καὶ
3229 1535 3447 1604 μάλισθ’
3471 1538 3599 1590 ὅταν
3618 1538 3666 1590 ἓν

2106 1625 2222 1695 χρῷ
2247 1625 2503 1679 δάκνουσι
2537 1625 2665 1686 τοὺς
2718 1624 3044 1689 ἀκούοντας,
3072 1626 3130 1687 ἐς
3161 1625 3362 1695 βάθους
3393 1627 3663 1697 παραδυό-

423 2358 675 2412 admovet
702 2365 757 2412 et
781 2358 1038 2412 convolat
1067 2359 1338 2424 diabolus,
1364 2361 1622 2430 gaudenti
1641 2362 1998 2430 congaudens

422 2450 839 2507 contumelioso.
873 2449 1026 2505 Sicut
1051 2453 1194 2504 enim
1246 2452 1294 2504 ei
1335 2466 1425 2520 qui
1463 2451 1720 2507 irascitur
1770 2461 1825 2508 et
1884 2469 2004 2508 ver-

423 2541 552 2595 bera
582 2541 855 2611 impingit,
884 2544 965 2596 ira
990 2542 1149 2596 melle
1178 2543 1388 2597 dulcior
1411 2544 1636 2599 distillat
1665 2545 1718 2599 in
1757 2556 1998 2615 pectore,

423 2634 496 2686 ita
525 2634 688 2688 etiam
730 2634 780 2688 ei
809 2636 900 2704 qui
933 2649 1055 2688 cum
1088 2635 1166 2688 ira
1199 2635 1462 2701 insultat;
1487 2637 1559 2692 ita
1590 2646 1647 2692 ut
1669 2653 1789 2692 cum
1826 2638 1996 2693 Hero-

419 2732 550 2785 doto
575 2729 756 2783 dicere
783 2729 1056 2797 possimus
1081 2729 1248 2797 quod,
1275 2728 1422 2784 sicut
1452 2729 1542 2785 ubi
1585 2731 1772 2784 vinum
1799 2732 2004 2787 bibitur

423 2825 585 2880 verba
611 2823 983 2892 proferuntur,
1012 2822 1110 2884 ita,
1135 2822 1358 2892 quando
1389 2821 1467 2876 ira
1500 2823 1660 2878 melle
1689 2823 1904 2879 dulcior
1935 2826 1991 2879 in

423 2916 546 2984 ejus
573 2915 738 2968 corde
785 2914 1014 2983 liquelit,
1044 2913 1427 2969 insultationes
1457 2927 1836 2985 prorumpunt.
1868 2916 2004 2973 Vota

421 3013 605 3060 autem
628 3003 774 3073 quod
807 3011 964 3072 poeta
991 3002 1322 3057 calumniam
1355 3002 1683 3058 infrenatam
1743 3005 2000 3075 rhythmo

421 3093 664 3166 subiicit,
698 3094 844 3163 quod
865 3092 1088 3164 quidem
1119 3107 1151 3148 e
1180 3094 1424 3148 secundo
1459 3109 1620 3150 versu
1656 3104 1829 3164 patet,
1852 3095 2004 3152 i’ost—

422 3202 583 3256 quam
608 3187 754 3241 euim
780 3186 834 3240 in
863 3185 1040 3256 primo
1065 3186 1318 3252 dixisset,
1350 3187 1554 3242 ventris
1577 3187 1855 3244 vinculum
1896 3205 1995 3244 ru-

2104 2359 2337 2432 ἒρκους·
2374 2357 2900 2430 ἐπιλαμϐανομένου
2937 2375 3002 2412 ’τι
3033 2358 3317 2422 κάνταῦθα
3343 2361 3438 2414 καὶ
3464 2377 3663 2429 συμπε-

2103 2453 2333 2521 τομὲνου
2385 2452 2481 2506 τοῦ
2534 2452 2817 2523 δαίμονος,
2873 2453 2967 2506 καὶ
3009 2453 3262 2524 χαίροντι
3308 2452 3388 2523 τῷ
3447 2454 3662 2525 ὑϐριστῇ

2105 2541 2497 2612 συγχαίροντος
2519 2558 2534 2574 ο
2568 2542 2678 2608 ἵνα,
2696 2542 2886 2613 ῶσπερ
2912 2543 2992 2613 τῷ
3018 2543 3359 2615 ὀργιζομένῳ
3385 2543 3484 2599 καὶ
3516 2544 3665 2613 πλήτο

2102 2649 2247 2686 τοντι
2267 2633 2508 2701 γλυκίων
2545 2633 2761 2703 μέλιτος
2787 2635 2817 2688 ὁ
2847 2635 3016 2705 θυμὸς
3065 2637 3125 2688 ἐν
3162 2635 3386 2706 στήθεσι
3420 2637 3664 2690 καταλείο

2105 2727 2280 2792 ϐεται,
2309 2727 2452 2782 οὕτω
2483 2729 2578 2782 καὶ
2626 2727 2706 2796 τῷ
2743 2729 2882 2798 μετά
2911 2727 3084 2798 θυμοῦ
3117 2727 3434 2800 ὑϐρίζοντι⁶
3467 2730 3565 2784 καὶ
3585 2731 3663 2798 γέο

2103 2835 2260 2886 νηται
2289 2817 2496 2886 λέγειν,
2521 2817 2713 2884 ῶσπερ
2747 2818 2873 2872 καθ’
2918 2818 3227 2888 Ἡρόδοτον,
3274 2817 3422 2874 οἴνου
3465 2821 3662 2874 κατιόν-

2102 2927 2197 2972 τος
2225 2910 2538 2965 ἀναπλώειν
2567 2911 2727 2974 ἔπεα,
2757 2911 2898 2965 οὕτω
2950 2911 3047 2965 καὶ
3100 2910 3196 2966 ἐπὶ
3232 2911 3327 2965 τοῦ
3361 2913 3660 2976 mtuam;

2103 3002 2440 3072 ὑϐρίζοντος,
2473 3005 2558 3058 δτι
2600 3002 2826 3072 γλύκιον
2855 3005 3001 3076 ἢπερ
3050 3005 3176 3073 μέλι
3201 3004 3654 3075 καταλειϐομένον

2103 3095 2254 3164 αὑτῷ
2284 3094 2461 3165 θυμοῦ
2491 3097 2549 3150 ὲν
2576 3095 2794 3168 καρδίᾳ,
2824 3095 3016 3167 ῦϐρεις
3045 3097 3399 3153 ἀναπλέουσι.
3430 3099 3656 3170 Σημείω⁴

2107 3201 2200 3239 σαι
2239 3184 2297 3238 δὲ
2332 3187 2414 3240 ὅτι
2461 3185 2652 3258 δεσμῷ
2703 3205 2810 3240 τινι
2851 3191 2880 3242 6
2936 3187 3175 3259 μελῳδὸς
3209 3188 3412 3258 ὑπάγει
3458 3191 3552 3243 καὶ
3576 3190 3658 3260 τὴν

420 3280 520 3349 pit,
558 3288 668 3334 tum
703 3279 1054 3348 opprobrium
1092 3280 1435 3336 intolerabile
1454 3281 1702 3352 subjicit.
1742 3293 1798 3337 et
1823 3282 1999 3338 insul-

2113 3277 2406 3332 hxdeextov
2433 3277 2592 3349 ὓϐριν
2617 3295 2632 3310 ο
2667 3280 2762 3334 καὶ
2788 3279 2952 3348 δῆλον
2982 3279 3116 3335 αὑτὸ
3149 3280 3215 3335 ὲκ
3243 3281 3346 3351 τῆς
3374 3281 3660 3346 συντάξεως

422 3371 614 3424 tationi
676 3384 868 3426 vocem
922 3372 1062 3442 rupit
1096 3372 1266 3440 addit,
1301 3381 1356 3428 et
1387 3388 1484 3428 nos
1540 3373 1837 3430 subaudire
1887 3375 2001 3432 vnit

2113 3369 2202 3424 τοῦ
2231 3369 2484 3440 δευτέρου
2517 3371 2723 3442 στίχου.
2752 3371 2936 3427 Είττὼν
2959 3373 3066 3444 γὰρ
3092 3373 3150 3426 ὲν
3185 3372 3264 3443 τῷ
3293 3373 3519 3444 πρώτῳ,
3547 3373 3657 3444 Ἐῤ-

421 3462 564 3532 quod
594 3462 736 3517 sicut
763 3464 908 3534 quod
944 3464 1098 3534 prius
1118 3474 1342 3534 ruptum
1369 3478 1472 3526 est,
1497 3475 1684 3521 catena
1750 3466 1873 3530 fuit,
1920 3468 1994 3522 ita

2113 3461 2241 3532 ρηξε
2269 3463 2508 3533 γαστρὸς
2528 3462 2718 3527 πέδας,
2747 3457 2868 3516 εἶτα
2891 3463 3193 3533 ἐπαγαγὼν
3224 3463 3384 3536 ὕϐριν
3404 3482 3461 3518 τε
3482 3464 3658 3517 δυσκά-

421 3554 751 3622 etiamquod
785 3564 970 3622 postea
1013 3567 1233 3624 ruptum
1298 3556 1420 3618 fuit,
1475 3557 1724 3613 eumdem
1777 3573 2000 3615 sensum

2113 3553 2322 3621 θεκτον,
2364 3555 2460 3608 καὶ
2496 3555 2894 3627 προσαρμόσας
2944 3555 3129 3609 κοινοῦ
3167 3559 3265 3610 καὶ
3327 3559 3395 3626 τῇ
3445 3554 3656 3626 τοιαύτῃ

425 3647 606 3707 habet,
629 3654 684 3698 et
719 3645 862 3714 quod
893 3645 1012 3702 sine
1044 3647 1210 3702 dubio
1261 3663 1467 3703 maeror
1527 3663 1670 3718 sirpe
1717 3648 1998 3705 hominem

2113 3646 2270 3718 ὕϐρει
2297 3648 2360 3700 τὸ
2391 3645 2644 3718 ἔρρηξεν,
2675 3647 2890 3716 ἀφῆκεν
2934 3649 3086 3720 ἡμᾶς
3120 3651 3260 3702 νοεῖν
3282 3650 3367 3702 ὅτι
3408 3648 3591 3718 ὥσπερ
3611 3648 3659 3698 τὸ

425 3737 634 3808 pungit,
667 3735 828 3808 idque
855 3752 997 3808 saepe
1019 3740 1191 3810 magis
1217 3754 1380 3808 quam
1415 3738 1643 3794 ferrum.
1739 3801 1743 3806 ,

2110 3741 2276 3811 ραγὶν
2324 3739 2585 3811 ἀνωτέρω
2614 3739 2811 3809 δεσμὸς
2851 3737 2920 3812 ἦν
2941 3780 2957 3804 ,
2989 3738 3131 3793 οὕτω
3159 3740 3254 3793 καὶ
3297 3741 3358 3794 τδ
3388 3739 3660 3807 κατωτέρω

426 3831 771 3902 ὲρῤηγμένον
799 3831 986 3900 ὅμοιον
1029 3830 1144 3901 ἔχει
1183 3832 1341 3898 λόγον
1366 3848 1380 3863 ο
1421 3832 1515 3886 καὶ
1551 3834 1650 3888 οὐκ
1684 3835 1834 3890 ἔστιν
1859 3836 2150 3891 ἀντειπεῖν
2178 3833 2254 3898 ὡς
2278 3833 2339 3888 οὑ
2371 3833 2542 3888 θλίϐει
2573 3833 2834 3897 πολλάκις
2896 3834 2966 3888 τὰ
3028 3832 3252 3906 λυπηρά
3315 3833 3408 3887 τὸν
3470 3833 3660 3902 direptu-

427 3937 548 3982 πον,
577 3922 672 3974 καὶ
698 3921 881 3991 χεῖρον
909 3919 1134 3989 δεσμοῦ.

496 4014 585 4070 66.
612 4012 728 4068 Vox
752 4022 931 4067 autem
962 4013 1107 4082 prole
1145 4015 1313 4085 felicis
1375 4017 1768 4074 convenienter
1815 4019 1998 4090 specie

427 4107 710 4177 distinguit
742 4105 1016 4174 injuriam,
1051 4116 1110 4160 ut
1133 4122 1237 4163 non
1303 4119 1560 4180 putemus
1619 4113 1834 4167 Annam
1866 4113 1997 4167 sim-

431 4198 649 4266 pliciter
678 4198 928 4254 alicunde
957 4199 1343 4257 contumeliam
1400 4205 1533 4273 pati,
1572 4206 1666 4260 sed
1693 4205 1998 4276 prescrtim

2178 4017 2286 4083 Eg".
2313 4016 2388 4070 Τὸ
2409 4016 2466 4070 δὲ
2491 4014 2968 4084 εὐτεκνουμένης
3001 4012 3224 4068 ίδικεῦει
3247 4013 3348 4084 τὴν
3377 4012 3532 4084 ὓϐριν
3558 4012 3660 4066 ἐπί-

2105 4109 2304 4178 τηδες.
2346 4107 2435 4162 ἵνα
2470 4107 2545 4176 μὴ
2579 4106 2769 4168 ἁπλῶς
2810 4105 3134 4176 ὑϐρίζεσθαι
3168 4106 3384 4176 νοῶμεν
3413 4106 3511 4175 τὴν
3549 4107 3659 4158 Ἀν-

2109 4219 2207 4256 ναν
2246 4200 2354 4255 ἀπὸ
2383 4199 2492 4252 τῶν
2517 4198 2810 4276 τυχόντων,
2835 4199 2974 4251 ἀλλὰ
3017 4199 3110 4252 καὶ
3131 4197 3388 4268 ,μάλιστα
3435 4196 3539 4250 ὑπὸ
3563 4194 3656 4248 τῶν

2110 4291 2552 4358 εὐτεκνουμένων
2609 4288 2890 4358 γυναικῶν
2913 4307 2928 4324 ο
2981 4292 3076 4344 καὶ
3109 4291 3220 4362 μὴν
3262 4291 3431 4362 ἐχρῆν
3464 4290 3659 4351 ἐκείνας

2111 4384 2460 4455 ἐνθυμεῖσθαι
2506 4383 2582 4448 ὡς
2611 4383 2710 4436 οὐκ
2764 4381 2825 4447 ἐξ
2867 4383 3115 4453 ἀνάγκης
3158 4384 3214 4436 ai
3247 4381 3539 4451 εὐπραγίαι
3566 4379 3659 4432 τῶν

2113 4476 2382 4546 ὲναρέτων
2407 4473 2569 4544 μόνον
2601 4473 2912 4546 προσώπων
2939 4474 3099 4538 είσὶν,
3124 4473 3263 4528 ἀλλά
3289 4491 3420 4527 ποτε
3451 4475 3542 4526 καὶ
3569 4471 3659 4523 τῶν

2117 4568 2191 4638 μὴ
2207 4567 2486 4634 τοιούτων,
2509 4565 2583 4629 ὡς
2601 4566 2750 4636 δηλοῖ
2768 4566 2862 4621 καὶ
2885 4565 2966 4632 τὸ,
2992 4564 3344 4629 (Ἀπέλαϐες,
3379 4559 3422 4618 ὦ
3439 4563 3658 4624 πλούσιε,

429 4307 460 4346 a
492 4290 812 4346 mulieribus
845 4291 994 4362 prole
1031 4291 1304 4351 felicibus.
1334 4296 1590 4352 Attamen
1619 4296 1754 4368 ipsis
1823 4297 2005 4353 fuerat

429 4383 780 4454 cogitandum
805 4385 1102 4440 secundam
1133 4384 1414 4444 fortunam
1454 4403 1562 4442 non
1595 4403 1717 4444 esse
1748 4403 2002 4446 necessa-

430 4473 512 4528 rio
543 4475 805 4529 bonorum
834 4483 1046 4529 tantum
1085 4476 1392 4543 hominum,
1449 4476 1544 4532 sed
1600 4477 1901 4546 aliquando
1951 4486 2008 4533 et

430 4560 828 4632 improborum,
861 4573 921 4618 ut
949 4564 1187 4620 ostendit
1211 4565 1342 4620 illud
1373 4583 1388 4619 :
1422 4583 1440 4617 ι
1469 4565 1764 4636 Accepisti,
1823 4568 2002 4634 dives,

432 4657 570 4711 bona
607 4665 700 4710 tua
731 4655 862 4710 dum
895 4655 1133 4718 viveres,
1162 4665 1217 4710 et
1241 4657 1478 4714 Lazarus
1500 4657 1755 4715 similiter
1789 4659 1948 4715 mala.
1978 4678 1997 4712 ι

2113 4657 2179 4710 τὰ
2205 4655 2386 4723 ἀγαθά
2411 4671 2504 4708 σου
2537 4657 2596 4710 ὲν
2646 4656 2712 4726 τῇ
2742 4657 2855 4726 ζωῇ
2889 4671 3006 4724 σου,
3063 4657 3156 4708 καὶ
3205 4655 3455 4726 Λάζαρος
3484 4655 3658 4721 ὁμοίως

432 4744 541 4801 Vos
573 4747 758 4816 igitur,
791 4747 1019 4802 muliere
1046 4757 1202 4817 partu
1233 4745 1441 4814 felices,
1505 4763 1714 4819 vosque
1738 4789 1753 4814 ,
1819 4760 2001 4819 patres

2114 4744 2280 4801 κακά.
2311 4763 2330 4797 ι
2368 4739 2443 4796 Ὦ
2475 4743 2607 4812 γοῦν
2638 4746 2896 4812 γυναῖκες
2918 4743 3364 4814 εὐτεκνοὺμεναι,
3388 4744 3479 4798 καὶ
3504 4737 3546 4796 ὦ
3576 4759 3661 4793 πει-

432 4835 583 4905 prole
619 4835 939 4904 gaudentes,
966 4851 1034 4890 ne
1057 4835 1137 4890 sic
1163 4836 1380 4893 incaute
1428 4838 1760 4892 invehamini
1814 4849 2001 4894 contra

2113 4837 2265 4907 τέρες
2293 4809 2562 4900 εὔτεκνοι,
2593 4809 2669 4906 psi)
2701 4835 3104 4907 κατεπαίρεσθε
3134 4809 3504 4907 ἀπραγμόνως
3533 4833 3659 4886 οῦτω

431 4941 526 4981 eos
549 4927 639 4995 qui
673 4926 892 4994 quidem
920 4927 1046 4982 boni
1087 4936 1239 4992 sunt,
1276 4928 1374 4985 sed
1396 4930 1634 4986 orbitate
1661 4930 2001 5001 afﬂiguntur,

2113 4928 2215 4982 τῶν
2267 4929 2521 4999 φανερῶς
2569 4931 2668 4998 μὲν
2718 4928 2959 4998 ἀγαθῶν,
2993 4929 3455 4999 δυσπραγούντων
3480 4926 3530 4981 δὲ
3555 4927 3662 4978 ἀτε-

431 5033 522 5080 ne,
559 5027 848 5086 postquam
891 5017 1154 5087 Spiritum
1221 5006 1471 5076 sanctum
1526 5021 2001 5087 contristaveritis,

2113 5019 2285 5085 κνίαν,
2305 5021 2391 5074 ἵνα
2410 5020 2505 5091 μὴ,
2526 5021 2588 5074 τὸ
2618 5021 2840 5091 Πνεῦμα
2868 5021 2929 5075 τὺ
2955 5021 3109 5090 ἅγιον
3137 5021 3284 5093 λυπή
3296 5039 3499 5084 σαντες,
3516 5033 3662 5088 μετα·

432 5109 785 5162 mutationem
816 5107 871 5160 in
908 5109 993 5163 his
1020 5123 1140 5178 quae
1171 5119 1300 5165 sunt
1327 5113 1394 5165 ad
1423 5125 1520 5169 vos
1537 5112 1816 5176 sentiatis,
1846 5123 2001 5180 proul

2113 5110 2378 5182 στρέψητε
2408 5112 2475 5165 τὰ
2519 5111 2640 5164 καθ’
2675 5111 2840 5180 ὑμᾶς,
2876 5111 2953 5176 ὡς
2986 5115 3014 5165 6
3035 5111 3166 5174 Θεὸς
3213 5112 3500 5181 διακρινεῖ,
3527 5109 3554 5159 6
3576 5105 3658 5158 καὶ

428 5197 695 5265 judicabit
727 5197 895 5261 Deus,
940 5201 1033 5268 qui
1069 5201 1272 5269 prolem
1298 5201 1390 5256 dat
1419 5211 1474 5256 et
1504 5203 1702 5257 aufert.
1741 5201 2001 5258 Memento

2113 5201 2288 5266 διδοὺς
2329 5204 2528 5267 παῖδας
2558 5203 2653 5258 καὶ
2685 5204 3110 5275 ἀφαιρούμενος.
3174 5204 3373 5257 ’ἰστέον
3400 5203 3455 5256 δὲ
3482 5200 3566 5255 καὶ
3593 5197 3656 5257 ὠς

431 5299 610 5343 autem
669 5289 814 5358 quod
870 5304 976 5344 non
1040 5291 1263 5346 omnino
1325 5294 1488 5348 unius
1546 5293 1704 5348 bona:
1765 5293 2001 5350 mulieris

2113 5294 2214 5346 οὑκ
2255 5292 2552 5359 ὲξάπαντος
2583 5297 2716 5366 μιᾶς
2758 5296 2971 5366 ἀγαθῆς
3015 5295 3276 5364 γυναικὸς
3311 5295 3466 5364 ὕϐρις
3491 5289 3658 5345 ἐλύπει

431 5381 630 5448 injuria
663 5381 1024 5436 contristabat
1048 5383 1260 5437 Annam
1295 5401 1310 5442 :
1342 5385 1543 5440 etenim
1587 5384 1738 5439 illinc
1788 5385 2001 5440 demon-

2113 5386 2210 5456 τὴν
2243 5387 2464 5453 Ἀνναν,
2491 5387 2625 5440 ἀλλά
2652 5387 2684 5460 ἢ
2721 5389 2783 5440 ὲκ
2810 5389 3012 5458 μέρους
3037 5388 3253 5460 ἐκείνης
3298 5390 3396 5443 καὶ
3425 5387 3550 5444 ἄλλα
3578 5384 3660 5450 δη-

429 5482 670 5526 stranlur
697 5473 838 5538 alia,
872 5487 971 5528 nec
997 5489 1092 5542 per
1113 5474 1272 5529 istam
1295 5477 1469 5530 solum
1496 5476 1779 5533 molestari
1807 5477 2001 5531 dicitur

2113 5475 2330 5530 λοῦνται
2359 5479 2647 5548 πρόσωπα,
2686 5479 2718 5548 ἢ
2745 5480 2815 5533 δι’
2859 5480 3073 5549 ἐκείνην
3099 5481 3198 5552 τὴν
3233 5480 3366 5551 μίαν
3397 5479 3600 5548 λέγεται
3627 5474 3655 5540 ὴ

431 5565 812 5634 prophetissa,
872 5564 1140 5635 siquidem
1191 5567 1374 5623 multa:
1444 5569 1495 5623 ei
1555 5569 2001 5638 exprobrabant,

2113 5569 2382 5638 προφῆτις
2413 5570 2780 5642 βαρύνεσθαι,
2804 5571 2880 5634 ὼς
2913 5572 3126 5627 πολλῶν
3158 5575 3538 5645 προφερόντων
3586 5565 3656 5624 είς

433 5650 738 5708 Phenenna:
776 5653 1184 5724 fecunditatem,
1212 5656 1458 5714 dicentes
1489 5666 1722 5714 matrem
1750 5667 1804 5714 et
1830 5660 2001 5732 ipsam

2113 5659 2412 5730 ὀνειδισμὸν
2443 5663 2580 5732 αὐτῇ
2629 5663 2690 5717 τὸ
2727 5667 2826 5736 τῆς
2853 5665 3124 5736 Φενάννης
3170 5665 3447 5731 εὖτεκνον,
3476 5661 3561 5716 καὶ
3582 5658 3656 5710 λε-

433 5742 670 5802 futuram
693 5744 884 5815 fuisse,
914 5747 961 5804 si
983 5746 1077 5806 Dei
1107 5764 1284 5816 serva,
1302 5759 1360 5806 ut
1388 5749 1513 5817 ista,
1543 5750 1754 5810 fuisset.

2113 5751 2320 5819 γόντων
2355 5753 2569 5824 μητέρα
2601 5757 2700 5808 καὶ
2751 5757 2921 5826 αὐτὴν
2966 5757 3227 5827 γενέσθαι
3288 5758 3354 5814 ἂν
3378 5798 3392 5826 ,
3425 5756 3571 5822 εἴπερ
3595 5743 3656 5821 ἦν

2114 5843 2422 5914 θεράπαινα
2445 5844 2578 5900 Θεοῦ
2612 5848 2732 5900 κατ’
2757 5847 2988 5919 ἐκείνην.
