  <div class='ocr_page' id='page_1' title='image "/cluster/home/n/w/nwhite01/storage/ocr_20150623/136/hvd.32044019208305/298.png"; bbox 0 0 3824 6564; ppageno 0'>
   <div class='ocr_carea' id='block_1_1' title="bbox 166 395 2576 463">
    <p class='ocr_par' dir='ltr' id='par_1_1' title="bbox 166 395 2576 463">
     <span class='ocr_line' id='line_1_1' title="bbox 166 395 2576 463; baseline 0.001 -3"><span class='ocrx_word' id='word_1_1' title='bbox 166 401 249 460; x_wconf 74' lang='grc' dir='ltr'><strong>5δῖ</strong></span> <span class='ocrx_word' id='word_1_2' title='bbox 925 400 1003 460; x_wconf 85' lang='lat' dir='ltr'><strong>lN</strong></span> <span class='ocrx_word' id='word_1_3' title='bbox 1041 399 1380 461; x_wconf 76' lang='lat' dir='ltr'><strong>llYMNUM</strong></span> <span class='ocrx_word' id='word_1_4' title='bbox 1425 395 2078 459; x_wconf 72' lang='lat' dir='ltr'><strong>PENTECOSTALEM</strong></span> <span class='ocrx_word' id='word_1_5' title='bbox 2111 398 2576 463; x_wconf 82' lang='lat' dir='ltr'><strong>DAMASCENI.</strong></span> 
     </span>
    </p>
   </div>
   <div class='ocr_carea' id='block_1_2' title="bbox 3293 393 3402 460">
    <p class='ocr_par' dir='ltr' id='par_1_2' title="bbox 3293 393 3402 460">
     <span class='ocr_line' id='line_1_2' title="bbox 3293 393 3402 460; baseline -0.055 0"><span class='ocrx_word' id='word_1_6' title='bbox 3293 393 3402 460; x_wconf 72' lang='grc'><strong>582</strong></span> 
     </span>
    </p>
   </div>
   <div class='ocr_carea' id='block_1_3' title="bbox 214 512 1707 586">
    <p class='ocr_par' dir='ltr' id='par_1_3' title="bbox 214 513 1701 586">
     <span class='ocr_line' id='line_1_3' title="bbox 214 513 1701 586; baseline -0.008 -8"><span class='ocrx_word' id='word_1_7' title='bbox 214 516 296 578; x_wconf 63' lang='grc' dir='ltr'>ις’.</span> <span class='ocrx_word' id='word_1_8' title='bbox 324 513 391 566; x_wconf 71' lang='grc' dir='ltr'>τὸ</span> <span class='ocrx_word' id='word_1_9' title='bbox 409 513 463 567; x_wconf 73' lang='grc' dir='ltr'>δὲ</span> <span class='ocrx_word' id='word_1_10' title='bbox 494 518 628 585; x_wconf 72' lang='grc' dir='ltr'>μόνη</span> <span class='ocrx_word' id='word_1_11' title='bbox 654 515 944 586; x_wconf 78' lang='grc' dir='ltr'><strong>προσευχὴ</strong></span> <span class='ocrx_word' id='word_1_12' title='bbox 967 515 1069 583; x_wconf 84' lang='grc' dir='ltr'>τῆς</span> <span class='ocrx_word' id='word_1_13' title='bbox 1109 516 1441 586; x_wconf 80' lang='grc' dir='ltr'>προφήτιδος</span> <span class='ocrx_word' id='word_1_14' title='bbox 1479 513 1701 580; x_wconf 76' lang='grc' dir='ltr'>ὑπεξαι-</span> 
     </span>
    </p>
   </div>
   <div class='ocr_carea' id='block_1_4' title="bbox 1826 512 3405 586">
    <p class='ocr_par' dir='ltr' id='par_1_4' title="bbox 1883 512 3405 585">
     <span class='ocr_line' id='line_1_4' title="bbox 1883 512 3405 585; baseline -0.001 -15"><span class='ocrx_word' id='word_1_15' title='bbox 1883 513 1976 570; x_wconf 83' lang='lat'><strong>67.</strong></span> <span class='ocrx_word' id='word_1_16' title='bbox 2009 513 2122 570; x_wconf 79' lang='lat' dir='ltr'><strong>Hoc</strong></span> <span class='ocrx_word' id='word_1_17' title='bbox 2151 524 2334 570; x_wconf 85' lang='lat' dir='ltr'><strong>autem</strong></span> <span class='ocrx_word' id='word_1_18' title='bbox 2369 514 2486 571; x_wconf 90' lang='lat' dir='ltr'><strong>sola</strong></span> <span class='ocrx_word' id='word_1_19' title='bbox 2554 512 2916 585; x_wconf 65' lang='lat' dir='ltr'><strong>prophetissae</strong></span> <span class='ocrx_word' id='word_1_20' title='bbox 2979 512 3245 585; x_wconf 77' lang='lat' dir='ltr'><strong>precatio,</strong></span> <span class='ocrx_word' id='word_1_21' title='bbox 3315 530 3405 569; x_wconf 82' lang='lat' dir='ltr'><strong>se—</strong></span> 
     </span>
    </p>
   </div>
   <div class='ocr_carea' id='block_1_5' title="bbox 153 606 1705 680">
    <p class='ocr_par' dir='ltr' id='par_1_5' title="bbox 153 606 1705 680">
     <span class='ocr_line' id='line_1_5' title="bbox 153 606 1705 680; baseline 0.003 -22"><span class='ocrx_word' id='word_1_22' title='bbox 153 627 222 678; x_wconf 72' lang='grc' dir='ltr'>ρςι</span> <span class='ocrx_word' id='word_1_23' title='bbox 242 606 339 660; x_wconf 82' lang='grc' dir='ltr'><strong>τῶν</strong></span> <span class='ocrx_word' id='word_1_24' title='bbox 378 607 551 661; x_wconf 77' lang='grc' dir='ltr'>ἄλλων</span> <span class='ocrx_word' id='word_1_25' title='bbox 581 607 742 662; x_wconf 85' lang='grc' dir='ltr'>θείων</span> <span class='ocrx_word' id='word_1_26' title='bbox 767 609 1099 679; x_wconf 88' lang='grc' dir='ltr'>προσφορῶν</span> <span class='ocrx_word' id='word_1_27' title='bbox 1123 608 1223 680; x_wconf 76' lang='grc' dir='ltr'>τὴν</span> <span class='ocrx_word' id='word_1_28' title='bbox 1252 609 1499 679; x_wconf 83' lang='grc' dir='ltr'>καθαρὰν</span> <span class='ocrx_word' id='word_1_29' title='bbox 1531 626 1705 679; x_wconf 85' lang='grc' dir='ltr'>προσ-</span> 
     </span>
    </p>
   </div>
   <div class='ocr_carea' id='block_1_6' title="bbox 151 696 1702 769">
    <p class='ocr_par' dir='ltr' id='par_1_6' title="bbox 151 696 1702 769">
     <span class='ocr_line' id='line_1_6' title="bbox 151 696 1702 769; baseline 0.002 -20"><span class='ocrx_word' id='word_1_30' title='bbox 151 698 306 766; x_wconf 72' lang='grc' dir='ltr'>ευχὴν,</span> <span class='ocrx_word' id='word_1_31' title='bbox 332 698 396 767; x_wconf 79' lang='grc' dir='ltr'>ἢν</span> <span class='ocrx_word' id='word_1_32' title='bbox 431 699 523 751; x_wconf 68' lang='grc' dir='ltr'><strong>καὶ</strong></span> <span class='ocrx_word' id='word_1_33' title='bbox 555 696 686 750; x_wconf 70' lang='grc' dir='ltr'>αὐτὸ</span> <span class='ocrx_word' id='word_1_34' title='bbox 717 706 972 768; x_wconf 81' lang='grc' dir='ltr'><strong>σεμνύνει</strong></span> <span class='ocrx_word' id='word_1_35' title='bbox 1023 699 1086 752; x_wconf 74' lang='grc' dir='ltr'>τὸ</span> <span class='ocrx_word' id='word_1_36' title='bbox 1126 699 1246 752; x_wconf 77' lang='grc' dir='ltr'>κατ’</span> <span class='ocrx_word' id='word_1_37' title='bbox 1274 698 1446 769; x_wconf 78' lang='grc' dir='ltr'>αὐτὴν</span> <span class='ocrx_word' id='word_1_38' title='bbox 1491 699 1664 768; x_wconf 74' lang='grc' dir='ltr'>ὄνομα</span> <span class='ocrx_word' id='word_1_39' title='bbox 1686 712 1702 730; x_wconf 75' lang='grc'><strong><em>⁸</em></strong></span> 
     </span>
    </p>
   </div>
   <div class='ocr_carea' id='block_1_7' title="bbox 149 787 1703 864">
    <p class='ocr_par' dir='ltr' id='par_1_7' title="bbox 149 787 1703 864">
     <span class='ocr_line' id='line_1_7' title="bbox 149 787 1703 864; baseline 0.001 -20"><span class='ocrx_word' id='word_1_40' title='bbox 149 790 261 860; x_wconf 80' lang='grc' dir='ltr'>εὐχὴ</span> <span class='ocrx_word' id='word_1_41' title='bbox 289 789 391 860; x_wconf 70' lang='grc' dir='ltr'><strong>γὰρ</strong></span> <span class='ocrx_word' id='word_1_42' title='bbox 412 789 726 861; x_wconf 83' lang='grc' dir='ltr'>ὠνόμασται</span> <span class='ocrx_word' id='word_1_43' title='bbox 758 792 911 862; x_wconf 81' lang='grc' dir='ltr'>παρὰ</span> <span class='ocrx_word' id='word_1_44' title='bbox 943 794 1003 845; x_wconf 77' lang='grc' dir='ltr'><strong>τὸ</strong></span> <span class='ocrx_word' id='word_1_45' title='bbox 1033 792 1125 846; x_wconf 86' lang='grc' dir='ltr'><strong>τοῦ</strong></span> <span class='ocrx_word' id='word_1_46' title='bbox 1151 787 1244 856; x_wconf 77' lang='grc' dir='ltr'>εὖ,</span> <span class='ocrx_word' id='word_1_47' title='bbox 1265 793 1435 864; x_wconf 70' lang='grc' dir='ltr'>ἤγουν</span> <span class='ocrx_word' id='word_1_48' title='bbox 1461 792 1561 845; x_wconf 83' lang='grc' dir='ltr'><strong>τοῦ</strong></span> <span class='ocrx_word' id='word_1_49' title='bbox 1583 792 1703 862; x_wconf 82' lang='grc' dir='ltr'>ἀρί-</span> 
     </span>
    </p>
   </div>
   <div class='ocr_carea' id='block_1_8' title="bbox 152 878 1702 954">
    <p class='ocr_par' dir='ltr' id='par_1_8' title="bbox 152 878 1702 954">
     <span class='ocr_line' id='line_1_8' title="bbox 152 878 1702 954; baseline -0.001 -19"><span class='ocrx_word' id='word_1_50' title='bbox 152 900 273 948; x_wconf 87' lang='grc' dir='ltr'>στου,</span> <span class='ocrx_word' id='word_1_51' title='bbox 296 882 556 949; x_wconf 72' lang='grc' dir='ltr'>ἔχεσθαι.</span> <span class='ocrx_word' id='word_1_52' title='bbox 612 878 684 937; x_wconf 84' lang='grc' dir='ltr'><strong>Εὖ</strong></span> <span class='ocrx_word' id='word_1_53' title='bbox 721 883 779 936; x_wconf 83' lang='grc' dir='ltr'>δὲ</span> <span class='ocrx_word' id='word_1_54' title='bbox 807 883 902 937; x_wconf 75' lang='grc' dir='ltr'><strong>καὶ</strong></span> <span class='ocrx_word' id='word_1_55' title='bbox 935 881 1158 954; x_wconf 79' lang='grc' dir='ltr'>ἄριστον</span> <span class='ocrx_word' id='word_1_56' title='bbox 1189 885 1287 936; x_wconf 74' lang='grc' dir='ltr'><strong>καὶ</strong></span> <span class='ocrx_word' id='word_1_57' title='bbox 1316 883 1378 936; x_wconf 77' lang='grc' dir='ltr'>τὸ</span> <span class='ocrx_word' id='word_1_58' title='bbox 1401 881 1702 938; x_wconf 82' lang='grc' dir='ltr'>τελικώτα-</span> 
     </span>
    </p>
   </div>
   <div class='ocr_carea' id='block_1_9' title="bbox 149 969 1698 1048">
    <p class='ocr_par' dir='ltr' id='par_1_9' title="bbox 149 969 1698 1048">
     <span class='ocr_line' id='line_1_9' title="bbox 149 969 1698 1048; baseline 0 -19"><span class='ocrx_word' id='word_1_59' title='bbox 149 993 224 1030; x_wconf 85' lang='grc' dir='ltr'><strong>τον</strong></span> <span class='ocrx_word' id='word_1_60' title='bbox 242 976 295 1028; x_wconf 83' lang='grc' dir='ltr'><strong>ἐν</strong></span> <span class='ocrx_word' id='word_1_61' title='bbox 318 977 430 1038; x_wconf 87' lang='grc' dir='ltr'>ταῖς</span> <span class='ocrx_word' id='word_1_62' title='bbox 458 976 702 1045; x_wconf 80' lang='grc' dir='ltr'><strong>ἀρεταῖς,</strong></span> <span class='ocrx_word' id='word_1_63' title='bbox 730 975 966 1048; x_wconf 81' lang='grc' dir='ltr'>μάλιστα</span> <span class='ocrx_word' id='word_1_64' title='bbox 987 977 1040 1031; x_wconf 78' lang='grc' dir='ltr'>δὲ</span> <span class='ocrx_word' id='word_1_65' title='bbox 1063 978 1091 1030; x_wconf 98' lang='lat'><strong>6</strong></span> <span class='ocrx_word' id='word_1_66' title='bbox 1119 976 1246 1039; x_wconf 83' lang='grc' dir='ltr'>Θεὸς</span> <span class='ocrx_word' id='word_1_67' title='bbox 1269 991 1285 1007; x_wconf 78' lang='grc'><strong><em>⁸</em></strong></span> <span class='ocrx_word' id='word_1_68' title='bbox 1305 976 1440 1048; x_wconf 78' lang='grc' dir='ltr'>πρὸς</span> <span class='ocrx_word' id='word_1_69' title='bbox 1471 969 1514 1044; x_wconf 82' lang='grc' dir='ltr'>ᾧ</span> <span class='ocrx_word' id='word_1_70' title='bbox 1541 976 1698 1045; x_wconf 81' lang='grc' dir='ltr'>γενό-</span> 
     </span>
    </p>
   </div>
   <div class='ocr_carea' id='block_1_10' title="bbox 152 1067 1705 1142">
    <p class='ocr_par' dir='ltr' id='par_1_10' title="bbox 152 1067 1705 1142">
     <span class='ocr_line' id='line_1_10' title="bbox 152 1067 1705 1142; baseline 0.002 -22"><span class='ocrx_word' id='word_1_71' title='bbox 152 1085 284 1138; x_wconf 86' lang='grc' dir='ltr'>μενος</span> <span class='ocrx_word' id='word_1_72' title='bbox 311 1071 337 1121; x_wconf 93' lang='lat'><strong>6</strong></span> <span class='ocrx_word' id='word_1_73' title='bbox 363 1067 615 1140; x_wconf 72' lang='grc' dir='ltr'>θεοφιλὴς</span> <span class='ocrx_word' id='word_1_74' title='bbox 645 1069 936 1139; x_wconf 78' lang='grc' dir='ltr'>ἄνθρωπος</span> <span class='ocrx_word' id='word_1_75' title='bbox 981 1069 1078 1124; x_wconf 86' lang='grc' dir='ltr'><strong>τοῦ</strong></span> <span class='ocrx_word' id='word_1_76' title='bbox 1111 1072 1456 1142; x_wconf 79' lang='grc' dir='ltr'><strong>κυριωτάτου</strong></span> <span class='ocrx_word' id='word_1_77' title='bbox 1488 1067 1548 1124; x_wconf 83' lang='grc' dir='ltr'>εὖ</span> <span class='ocrx_word' id='word_1_78' title='bbox 1584 1069 1705 1140; x_wconf 81' lang='grc' dir='ltr'>ἕχε-</span> 
     </span>
    </p>
   </div>
   <div class='ocr_carea' id='block_1_11' title="bbox 147 1159 1700 1234">
    <p class='ocr_par' dir='ltr' id='par_1_11' title="bbox 147 1159 1700 1234">
     <span class='ocr_line' id='line_1_11' title="bbox 147 1159 1700 1234; baseline 0.002 -23"><span class='ocrx_word' id='word_1_79' title='bbox 147 1178 237 1224; x_wconf 79' lang='grc' dir='ltr'>ται,</span> <span class='ocrx_word' id='word_1_80' title='bbox 295 1159 409 1230; x_wconf 67' lang='grc' dir='ltr'>ἦτοι</span> <span class='ocrx_word' id='word_1_81' title='bbox 482 1160 579 1214; x_wconf 79' lang='grc' dir='ltr'><strong>τοῦ</strong></span> <span class='ocrx_word' id='word_1_82' title='bbox 631 1161 768 1217; x_wconf 93' lang='grc' dir='ltr'>Θεοῦ</span> <span class='ocrx_word' id='word_1_83' title='bbox 821 1164 1192 1234; x_wconf 75' lang='grc' dir='ltr'><strong>προσιεμένου</strong></span> <span class='ocrx_word' id='word_1_84' title='bbox 1267 1162 1368 1234; x_wconf 79' lang='grc' dir='ltr'><strong>τὴν</strong></span> <span class='ocrx_word' id='word_1_85' title='bbox 1435 1162 1700 1232; x_wconf 81' lang='grc' dir='ltr'><strong>τοιαύτην</strong></span> 
     </span>
    </p>
   </div>
   <div class='ocr_carea' id='block_1_12' title="bbox 146 1253 1698 1323">
    <p class='ocr_par' dir='ltr' id='par_1_12' title="bbox 146 1253 1698 1323">
     <span class='ocr_line' id='line_1_12' title="bbox 146 1253 1698 1323; baseline 0.003 -20"><span class='ocrx_word' id='word_1_86' title='bbox 146 1253 446 1323; x_wconf 79' lang='grc' dir='ltr'>προσευχήν.</span> <span class='ocrx_word' id='word_1_87' title='bbox 494 1254 698 1310; x_wconf 77' lang='grc' dir='ltr'>’ἰστέον</span> <span class='ocrx_word' id='word_1_88' title='bbox 755 1255 814 1310; x_wconf 78' lang='grc' dir='ltr'>δὲ</span> <span class='ocrx_word' id='word_1_89' title='bbox 867 1257 953 1310; x_wconf 83' lang='grc' dir='ltr'>ὅτι</span> <span class='ocrx_word' id='word_1_90' title='bbox 985 1257 1046 1310; x_wconf 80' lang='grc' dir='ltr'><strong>οὐ</strong></span> <span class='ocrx_word' id='word_1_91' title='bbox 1101 1258 1336 1311; x_wconf 83' lang='grc' dir='ltr'>πάντοτε</span> <span class='ocrx_word' id='word_1_92' title='bbox 1377 1258 1458 1320; x_wconf 76' lang='grc' dir='ltr'>εἰς</span> <span class='ocrx_word' id='word_1_93' title='bbox 1500 1255 1698 1309; x_wconf 81' lang='grc' dir='ltr'>ταυτὸν</span> 
     </span>
    </p>
   </div>
   <div class='ocr_carea' id='block_1_13' title="bbox 146 1344 1704 1420">
    <p class='ocr_par' dir='ltr' id='par_1_13' title="bbox 146 1344 1704 1420">
     <span class='ocr_line' id='line_1_13' title="bbox 146 1344 1704 1420; baseline 0.004 -25"><span class='ocrx_word' id='word_1_94' title='bbox 146 1344 390 1414; x_wconf 75' lang='grc' dir='ltr'><strong>σημασίας</strong></span> <span class='ocrx_word' id='word_1_95' title='bbox 420 1344 654 1416; x_wconf 76' lang='grc' dir='ltr'>ἥκουσιν</span> <span class='ocrx_word' id='word_1_96' title='bbox 682 1348 816 1420; x_wconf 78' lang='grc' dir='ltr'>εὐχὴ</span> <span class='ocrx_word' id='word_1_97' title='bbox 846 1350 935 1402; x_wconf 70' lang='grc' dir='ltr'>καὶ</span> <span class='ocrx_word' id='word_1_98' title='bbox 971 1350 1281 1419; x_wconf 76' lang='grc' dir='ltr'>προσευχήο</span> <span class='ocrx_word' id='word_1_99' title='bbox 1316 1347 1452 1402; x_wconf 76' lang='grc' dir='ltr'>ἀλλὰ</span> <span class='ocrx_word' id='word_1_100' title='bbox 1475 1348 1565 1402; x_wconf 86' lang='grc' dir='ltr'>ὅτε</span> <span class='ocrx_word' id='word_1_101' title='bbox 1602 1348 1704 1418; x_wconf 81' lang='grc' dir='ltr'>μὲν</span> 
     </span>
    </p>
   </div>
   <div class='ocr_carea' id='block_1_14' title="bbox 142 1436 1702 1513">
    <p class='ocr_par' dir='ltr' id='par_1_14' title="bbox 142 1436 1702 1513">
     <span class='ocr_line' id='line_1_14' title="bbox 142 1436 1702 1513; baseline 0.005 -26"><span class='ocrx_word' id='word_1_102' title='bbox 142 1436 291 1489; x_wconf 82' lang='grc' dir='ltr'>δέεταί</span> <span class='ocrx_word' id='word_1_103' title='bbox 316 1455 396 1500; x_wconf 77' lang='grc' dir='ltr'><strong>τις</strong></span> <span class='ocrx_word' id='word_1_104' title='bbox 425 1438 523 1492; x_wconf 89' lang='grc' dir='ltr'><strong>τοῦ</strong></span> <span class='ocrx_word' id='word_1_105' title='bbox 555 1439 720 1505; x_wconf 91' lang='grc' dir='ltr'>Θεοῦ,</span> <span class='ocrx_word' id='word_1_106' title='bbox 754 1441 1056 1496; x_wconf 82' lang='grc' dir='ltr'>ἀνατείνων</span> <span class='ocrx_word' id='word_1_107' title='bbox 1088 1443 1188 1512; x_wconf 85' lang='grc' dir='ltr'>τὴν</span> <span class='ocrx_word' id='word_1_108' title='bbox 1235 1440 1414 1513; x_wconf 75' lang='grc' dir='ltr'>ψυχὴν</span> <span class='ocrx_word' id='word_1_109' title='bbox 1442 1444 1524 1504; x_wconf 76' lang='grc' dir='ltr'>εἰς</span> <span class='ocrx_word' id='word_1_110' title='bbox 1553 1442 1702 1495; x_wconf 77' lang='grc' dir='ltr'>ἐκεῖ-</span> 
     </span>
    </p>
   </div>
   <div class='ocr_carea' id='block_1_15' title="bbox 144 1531 1704 1608">
    <p class='ocr_par' dir='ltr' id='par_1_15' title="bbox 144 1531 1704 1608">
     <span class='ocr_line' id='line_1_15' title="bbox 144 1531 1704 1608; baseline 0.012 -27"><span class='ocrx_word' id='word_1_111' title='bbox 144 1531 325 1583; x_wconf 74' lang='grc' dir='ltr'>νονκαὶ</span> <span class='ocrx_word' id='word_1_112' title='bbox 353 1531 558 1603; x_wconf 73' lang='grc' dir='ltr'>τρόπον</span> <span class='ocrx_word' id='word_1_113' title='bbox 615 1535 746 1589; x_wconf 73' lang='grc' dir='ltr'>τινὰ</span> <span class='ocrx_word' id='word_1_114' title='bbox 793 1537 1207 1607; x_wconf 76' lang='grc' dir='ltr'><strong>παριστάμενος</strong></span> <span class='ocrx_word' id='word_1_115' title='bbox 1234 1577 1250 1601; x_wconf 95' lang='grc'><strong>,</strong></span> <span class='ocrx_word' id='word_1_116' title='bbox 1300 1536 1472 1608; x_wconf 72' lang='grc' dir='ltr'>ἤγουν</span> <span class='ocrx_word' id='word_1_117' title='bbox 1533 1537 1704 1605; x_wconf 76' lang='grc' dir='ltr'>ἐγγὺς</span> 
     </span>
    </p>
   </div>
   <div class='ocr_carea' id='block_1_16' title="bbox 145 1623 1704 1698">
    <p class='ocr_par' dir='ltr' id='par_1_16' title="bbox 145 1623 1704 1698">
     <span class='ocr_line' id='line_1_16' title="bbox 145 1623 1704 1698; baseline 0.005 -24"><span class='ocrx_word' id='word_1_118' title='bbox 145 1623 424 1693; x_wconf 71' lang='grc' dir='ltr'>ἱστάμενος,</span> <span class='ocrx_word' id='word_1_119' title='bbox 479 1629 766 1698; x_wconf 70' lang='grc' dir='ltr'>προσευχὴ</span> <span class='ocrx_word' id='word_1_120' title='bbox 805 1629 922 1682; x_wconf 83' lang='grc' dir='ltr'>ἐστι</span> <span class='ocrx_word' id='word_1_121' title='bbox 969 1627 1034 1682; x_wconf 74' lang='grc' dir='ltr'>τὸ</span> <span class='ocrx_word' id='word_1_122' title='bbox 1057 1628 1330 1696; x_wconf 86' lang='grc' dir='ltr'>τοιοῦτον,</span> <span class='ocrx_word' id='word_1_123' title='bbox 1390 1630 1594 1684; x_wconf 83' lang='grc' dir='ltr'>αὐτίκα</span> <span class='ocrx_word' id='word_1_124' title='bbox 1646 1629 1704 1682; x_wconf 76' lang='grc' dir='ltr'>δὲ</span> 
     </span>
    </p>
   </div>
   <div class='ocr_carea' id='block_1_17' title="bbox 143 1717 1700 1792">
    <p class='ocr_par' dir='ltr' id='par_1_17' title="bbox 143 1717 1700 1792">
     <span class='ocr_line' id='line_1_17' title="bbox 143 1717 1700 1792; baseline 0.005 -23"><span class='ocrx_word' id='word_1_125' title='bbox 143 1718 219 1770; x_wconf 69' lang='grc' dir='ltr'><strong>καὶ</strong></span> <span class='ocrx_word' id='word_1_126' title='bbox 255 1717 381 1789; x_wconf 74' lang='grc' dir='ltr'>εὐχή</span> <span class='ocrx_word' id='word_1_127' title='bbox 407 1735 424 1752; x_wconf 77' lang='grc' dir='ltr'><strong><em>ο</em></strong></span> <span class='ocrx_word' id='word_1_128' title='bbox 482 1719 576 1773; x_wconf 84' lang='grc' dir='ltr'>ὅτε</span> <span class='ocrx_word' id='word_1_129' title='bbox 620 1720 676 1775; x_wconf 82' lang='grc' dir='ltr'>δὲ</span> <span class='ocrx_word' id='word_1_130' title='bbox 709 1721 1068 1792; x_wconf 82' lang='grc' dir='ltr'>άναπολήσας</span> <span class='ocrx_word' id='word_1_131' title='bbox 1112 1722 1296 1792; x_wconf 81' lang='grc' dir='ltr'>ἀγαθὰ</span> <span class='ocrx_word' id='word_1_132' title='bbox 1334 1723 1404 1778; x_wconf 83' lang='grc' dir='ltr'>τὰ</span> <span class='ocrx_word' id='word_1_133' title='bbox 1456 1725 1522 1777; x_wconf 86' lang='grc' dir='ltr'><strong>ἐκ</strong></span> <span class='ocrx_word' id='word_1_134' title='bbox 1565 1721 1700 1777; x_wconf 87' lang='grc' dir='ltr'><strong>Θεοῦ</strong></span> 
     </span>
    </p>
   </div>
   <div class='ocr_carea' id='block_1_18' title="bbox 144 1811 1698 1887">
    <p class='ocr_par' dir='ltr' id='par_1_18' title="bbox 144 1811 1698 1887">
     <span class='ocr_line' id='line_1_18' title="bbox 144 1811 1698 1887; baseline 0.005 -25"><span class='ocrx_word' id='word_1_135' title='bbox 144 1811 451 1880; x_wconf 78' lang='grc' dir='ltr'>ὑπισχνεῖται</span> <span class='ocrx_word' id='word_1_136' title='bbox 479 1812 630 1886; x_wconf 79' lang='grc' dir='ltr'>ἅπερ</span> <span class='ocrx_word' id='word_1_137' title='bbox 659 1814 938 1887; x_wconf 80' lang='grc' dir='ltr'>ἐναρέτως</span> <span class='ocrx_word' id='word_1_138' title='bbox 969 1816 1144 1871; x_wconf 77' lang='grc' dir='ltr'><strong>ἐθέλει</strong></span> <span class='ocrx_word' id='word_1_139' title='bbox 1177 1815 1263 1880; x_wconf 83' lang='grc' dir='ltr'>ὡς</span> <span class='ocrx_word' id='word_1_140' title='bbox 1292 1819 1373 1880; x_wconf 72' lang='grc' dir='ltr'><strong>εἰς</strong></span> <span class='ocrx_word' id='word_1_141' title='bbox 1402 1817 1698 1885; x_wconf 81' lang='grc' dir='ltr'>ἀντίδοσιν,</span> 
     </span>
    </p>
   </div>
   <div class='ocr_carea' id='block_1_19' title="bbox 1811 603 3401 676">
    <p class='ocr_par' dir='ltr' id='par_1_19' title="bbox 1811 603 3401 676">
     <span class='ocr_line' id='line_1_19' title="bbox 1811 603 3401 676; baseline 0 -18"><span class='ocrx_word' id='word_1_142' title='bbox 1811 612 2000 676; x_wconf 75' lang='lat' dir='ltr'><strong>gregat</strong></span> <span class='ocrx_word' id='word_1_143' title='bbox 2041 606 2109 659; x_wconf 88' lang='lat' dir='ltr'><strong>ab</strong></span> <span class='ocrx_word' id='word_1_144' title='bbox 2139 605 2264 661; x_wconf 84' lang='lat' dir='ltr'><strong>aliis</strong></span> <span class='ocrx_word' id='word_1_145' title='bbox 2285 604 2495 664; x_wconf 84' lang='lat' dir='ltr'><strong>divinis</strong></span> <span class='ocrx_word' id='word_1_146' title='bbox 2525 603 2902 660; x_wconf 72' lang='lat' dir='ltr'><strong>oblationibus</strong></span> <span class='ocrx_word' id='word_1_147' title='bbox 2960 619 3154 671; x_wconf 85' lang='lat' dir='ltr'><strong>puram</strong></span> <span class='ocrx_word' id='word_1_148' title='bbox 3212 619 3401 673; x_wconf 83' lang='lat' dir='ltr'><strong>prcca-</strong></span> 
     </span>
    </p>
   </div>
   <div class='ocr_carea' id='block_1_20' title="bbox 1812 693 3405 766">
    <p class='ocr_par' dir='ltr' id='par_1_20' title="bbox 1812 693 3405 766">
     <span class='ocr_line' id='line_1_20' title="bbox 1812 693 3405 766; baseline 0 -18"><span class='ocrx_word' id='word_1_149' title='bbox 1812 693 2042 758; x_wconf 89' lang='lat' dir='ltr'><strong>tionem,</strong></span> <span class='ocrx_word' id='word_1_150' title='bbox 2074 709 2238 764; x_wconf 89' lang='lat' dir='ltr'><strong>quam</strong></span> <span class='ocrx_word' id='word_1_151' title='bbox 2292 695 2470 765; x_wconf 88' lang='lat' dir='ltr'><strong>ipsum</strong></span> <span class='ocrx_word' id='word_1_152' title='bbox 2523 695 2644 766; x_wconf 82' lang='lat' dir='ltr'><strong>ejus</strong></span> <span class='ocrx_word' id='word_1_153' title='bbox 2700 710 2914 764; x_wconf 25' lang='lat' dir='ltr'><strong>nomen.</strong></span> <span class='ocrx_word' id='word_1_154' title='bbox 2955 704 3204 750; x_wconf 86' lang='lat' dir='ltr'><strong>exornat.</strong></span> <span class='ocrx_word' id='word_1_155' title='bbox 3255 694 3405 764; x_wconf 84' lang='grc' dir='ltr'>Εύχὴ</span> 
     </span>
    </p>
   </div>
   <div class='ocr_carea' id='block_1_21' title="bbox 1811 781 3402 854">
    <p class='ocr_par' dir='ltr' id='par_1_21' title="bbox 1811 781 3402 854">
     <span class='ocr_line' id='line_1_21' title="bbox 1811 781 3402 854; baseline -0.002 -15"><span class='ocrx_word' id='word_1_156' title='bbox 1811 797 2051 854; x_wconf 83' lang='lat' dir='ltr'><strong>namque</strong></span> <span class='ocrx_word' id='word_1_157' title='bbox 2119 792 2203 840; x_wconf 89' lang='lat' dir='ltr'><strong>est</strong></span> <span class='ocrx_word' id='word_1_158' title='bbox 2256 792 2449 840; x_wconf 84' lang='lat' dir='ltr'><strong>vocata</strong></span> <span class='ocrx_word' id='word_1_159' title='bbox 2511 784 2579 839; x_wconf 92' lang='lat' dir='ltr'><strong>ab</strong></span> <span class='ocrx_word' id='word_1_160' title='bbox 2634 782 2694 836; x_wconf 80' lang='grc' dir='ltr'><strong>εὖ</strong></span> <span class='ocrx_word' id='word_1_161' title='bbox 2746 782 2990 853; x_wconf 79' lang='grc' dir='ltr'>ἔχεσθαι.</span> <span class='ocrx_word' id='word_1_162' title='bbox 3036 781 3148 836; x_wconf 87' lang='lat' dir='ltr'><strong>lloc</strong></span> <span class='ocrx_word' id='word_1_163' title='bbox 3217 791 3402 836; x_wconf 83' lang='lat' dir='ltr'><strong>autem</strong></span> 
     </span>
    </p>
   </div>
   <div class='ocr_carea' id='block_1_22' title="bbox 1808 876 3403 948">
    <p class='ocr_par' dir='ltr' id='par_1_22' title="bbox 1808 876 3403 948">
     <span class='ocr_line' id='line_1_22' title="bbox 1808 876 3403 948; baseline 0 -18"><span class='ocrx_word' id='word_1_164' title='bbox 1808 885 1895 932; x_wconf 90' lang='lat' dir='ltr'><strong>est</strong></span> <span class='ocrx_word' id='word_1_165' title='bbox 1957 878 2095 932; x_wconf 91' lang='lat' dir='ltr'><strong>bene</strong></span> <span class='ocrx_word' id='word_1_166' title='bbox 2157 886 2210 932; x_wconf 90' lang='lat' dir='ltr'><strong>et</strong></span> <span class='ocrx_word' id='word_1_167' title='bbox 2265 878 2532 948; x_wconf 89' lang='lat' dir='ltr'><strong>optimum</strong></span> <span class='ocrx_word' id='word_1_168' title='bbox 2591 876 2647 933; x_wconf 90' lang='lat' dir='ltr'><strong>in</strong></span> <span class='ocrx_word' id='word_1_169' title='bbox 2704 877 3024 940; x_wconf 85' lang='lat' dir='ltr'><strong>virtutibus,</strong></span> <span class='ocrx_word' id='word_1_170' title='bbox 3060 883 3116 931; x_wconf 87' lang='lat' dir='ltr'><strong>et</strong></span> <span class='ocrx_word' id='word_1_171' title='bbox 3163 877 3403 930; x_wconf 80' lang='lat' dir='ltr'><strong>maxime</strong></span> 
     </span>
    </p>
   </div>
   <div class='ocr_carea' id='block_1_23' title="bbox 1808 968 3407 1041">
    <p class='ocr_par' dir='ltr' id='par_1_23' title="bbox 1808 968 3407 1041">
     <span class='ocr_line' id='line_1_23' title="bbox 1808 968 3407 1041; baseline -0.001 -17"><span class='ocrx_word' id='word_1_172' title='bbox 1808 968 1955 1025; x_wconf 86' lang='lat' dir='ltr'><strong>Deus</strong></span> <span class='ocrx_word' id='word_1_173' title='bbox 1995 987 2009 1024; x_wconf 91' lang='lat'><strong>:</strong></span> <span class='ocrx_word' id='word_1_174' title='bbox 2040 969 2185 1040; x_wconf 88' lang='lat' dir='ltr'><strong>apud</strong></span> <span class='ocrx_word' id='word_1_175' title='bbox 2213 986 2374 1041; x_wconf 86' lang='lat' dir='ltr'><strong>quem</strong></span> <span class='ocrx_word' id='word_1_176' title='bbox 2392 970 2574 1027; x_wconf 82' lang='lat' dir='ltr'><strong>factus</strong></span> <span class='ocrx_word' id='word_1_177' title='bbox 2607 969 2774 1025; x_wconf 91' lang='lat' dir='ltr'><strong>homo</strong></span> <span class='ocrx_word' id='word_1_178' title='bbox 2805 969 2952 1040; x_wconf 82' lang='lat' dir='ltr'><strong>pius,</strong></span> <span class='ocrx_word' id='word_1_179' title='bbox 2989 969 3128 1023; x_wconf 84' lang='lat' dir='ltr'><strong>bene</strong></span> <span class='ocrx_word' id='word_1_180' title='bbox 3165 968 3407 1023; x_wconf 72' lang='lat' dir='ltr'><strong>adhzeret</strong></span> 
     </span>
    </p>
   </div>
   <div class='ocr_carea' id='block_1_24' title="bbox 1807 1062 3405 1133">
    <p class='ocr_par' dir='ltr' id='par_1_24' title="bbox 1807 1062 3405 1133">
     <span class='ocr_line' id='line_1_24' title="bbox 1807 1062 3405 1133; baseline 0 -19"><span class='ocrx_word' id='word_1_181' title='bbox 1807 1063 2290 1131; x_wconf 66' lang='lat' dir='ltr'><strong>prmstantissimo,</strong></span> <span class='ocrx_word' id='word_1_182' title='bbox 2319 1065 2435 1120; x_wconf 84' lang='lat' dir='ltr'><strong>sive</strong></span> <span class='ocrx_word' id='word_1_183' title='bbox 2460 1062 2595 1130; x_wconf 90' lang='lat' dir='ltr'><strong>Deo,</strong></span> <span class='ocrx_word' id='word_1_184' title='bbox 2628 1064 2719 1133; x_wconf 91' lang='lat' dir='ltr'><strong>qui</strong></span> <span class='ocrx_word' id='word_1_185' title='bbox 2787 1063 2949 1118; x_wconf 90' lang='lat' dir='ltr'><strong>talem</strong></span> <span class='ocrx_word' id='word_1_186' title='bbox 3007 1063 3248 1118; x_wconf 88' lang='lat' dir='ltr'><strong>admittit</strong></span> <span class='ocrx_word' id='word_1_187' title='bbox 3283 1076 3405 1132; x_wconf 90' lang='lat' dir='ltr'><strong>pre-</strong></span> 
     </span>
    </p>
   </div>
   <div class='ocr_carea' id='block_1_25' title="bbox 1808 1152 3403 1222">
    <p class='ocr_par' dir='ltr' id='par_1_25' title="bbox 1808 1152 3403 1222">
     <span class='ocr_line' id='line_1_25' title="bbox 1808 1152 3403 1222; baseline -0.001 -16"><span class='ocrx_word' id='word_1_188' title='bbox 1808 1152 2104 1208; x_wconf 87' lang='lat' dir='ltr'><strong>cationem.</strong></span> <span class='ocrx_word' id='word_1_189' title='bbox 2137 1152 2434 1209; x_wconf 89' lang='lat' dir='ltr'><strong>Sciendum</strong></span> <span class='ocrx_word' id='word_1_190' title='bbox 2472 1165 2558 1210; x_wconf 89' lang='lat' dir='ltr'><strong>est</strong></span> <span class='ocrx_word' id='word_1_191' title='bbox 2585 1163 2770 1210; x_wconf 85' lang='lat' dir='ltr'><strong>autem</strong></span> <span class='ocrx_word' id='word_1_192' title='bbox 2816 1169 2928 1209; x_wconf 92' lang='lat' dir='ltr'><strong>non</strong></span> <span class='ocrx_word' id='word_1_193' title='bbox 2994 1169 3221 1222; x_wconf 82' lang='lat' dir='ltr'><strong>prorsus</strong></span> <span class='ocrx_word' id='word_1_194' title='bbox 3258 1153 3403 1208; x_wconf 90' lang='lat' dir='ltr'><strong>idem</strong></span> 
     </span>
    </p>
   </div>
   <div class='ocr_carea' id='block_1_26' title="bbox 1807 1244 3408 1320">
    <p class='ocr_par' dir='ltr' id='par_1_26' title="bbox 1807 1244 3408 1320">
     <span class='ocr_line' id='line_1_26' title="bbox 1807 1244 3408 1320; baseline -0.002 -19"><span class='ocrx_word' id='word_1_195' title='bbox 1807 1244 2117 1315; x_wconf 76' lang='lat' dir='ltr'><strong>significare</strong></span> <span class='ocrx_word' id='word_1_196' title='bbox 2171 1246 2308 1317; x_wconf 81' lang='grc' dir='ltr'>εὐχὴ</span> <span class='ocrx_word' id='word_1_197' title='bbox 2350 1257 2403 1302; x_wconf 86' lang='lat' dir='ltr'><strong>et</strong></span> <span class='ocrx_word' id='word_1_198' title='bbox 2461 1247 2932 1320; x_wconf 74' lang='grc' dir='ltr'>προσευχή.(]υηι</span> <span class='ocrx_word' id='word_1_199' title='bbox 2985 1247 3186 1316; x_wconf 86' lang='lat' dir='ltr'><strong>aliquis</strong></span> <span class='ocrx_word' id='word_1_200' title='bbox 3238 1245 3408 1300; x_wconf 85' lang='lat' dir='ltr'><strong>Deum</strong></span> 
     </span>
    </p>
   </div>
   <div class='ocr_carea' id='block_1_27' title="bbox 1807 1337 3408 1409">
    <p class='ocr_par' dir='ltr' id='par_1_27' title="bbox 1807 1337 3408 1409">
     <span class='ocr_line' id='line_1_27' title="bbox 1807 1337 3408 1409; baseline -0.002 -16"><span class='ocrx_word' id='word_1_201' title='bbox 1807 1338 2126 1407; x_wconf 72' lang='lat' dir='ltr'><strong>suppliciter</strong></span> <span class='ocrx_word' id='word_1_202' title='bbox 2153 1338 2594 1409; x_wconf 81' lang='lat' dir='ltr'><strong>rogat,~animam</strong></span> <span class='ocrx_word' id='word_1_203' title='bbox 2627 1343 2694 1395; x_wconf 90' lang='lat' dir='ltr'><strong>ad</strong></span> <span class='ocrx_word' id='word_1_204' title='bbox 2717 1340 2874 1394; x_wconf 86' lang='lat' dir='ltr'><strong>illum</strong></span> <span class='ocrx_word' id='word_1_205' title='bbox 2913 1339 3109 1394; x_wconf 87' lang='lat' dir='ltr'><strong>tollens</strong></span> <span class='ocrx_word' id='word_1_206' title='bbox 3135 1347 3190 1392; x_wconf 90' lang='lat' dir='ltr'><strong>et</strong></span> <span class='ocrx_word' id='word_1_207' title='bbox 3221 1337 3408 1407; x_wconf 89' lang='lat' dir='ltr'><strong>aliquo</strong></span> 
     </span>
    </p>
   </div>
   <div class='ocr_carea' id='block_1_28' title="bbox 1807 1430 3409 1503">
    <p class='ocr_par' dir='ltr' id='par_1_28' title="bbox 1807 1430 3409 1503">
     <span class='ocr_line' id='line_1_28' title="bbox 1807 1430 3409 1503; baseline -0.002 -18"><span class='ocrx_word' id='word_1_208' title='bbox 1807 1432 1970 1486; x_wconf 84' lang='lat' dir='ltr'><strong>modo</strong></span> <span class='ocrx_word' id='word_1_209' title='bbox 1999 1439 2124 1486; x_wconf 86' lang='lat' dir='ltr'><strong>ante</strong></span> <span class='ocrx_word' id='word_1_210' title='bbox 2159 1430 2356 1488; x_wconf 85' lang='lat' dir='ltr'><strong>faciem</strong></span> <span class='ocrx_word' id='word_1_211' title='bbox 2401 1433 2576 1503; x_wconf 89' lang='lat' dir='ltr'><strong>ipsius</strong></span> <span class='ocrx_word' id='word_1_212' title='bbox 2613 1441 2790 1501; x_wconf 88' lang='lat' dir='ltr'><strong>stans,</strong></span> <span class='ocrx_word' id='word_1_213' title='bbox 2823 1435 2928 1488; x_wconf 90' lang='lat' dir='ltr'><strong>hoc</strong></span> <span class='ocrx_word' id='word_1_214' title='bbox 2975 1443 3059 1488; x_wconf 90' lang='lat' dir='ltr'><strong>est</strong></span> <span class='ocrx_word' id='word_1_215' title='bbox 3102 1431 3409 1501; x_wconf 62' lang='grc' dir='ltr'>προσευχὴ,</span> 
     </span>
    </p>
   </div>
   <div class='ocr_carea' id='block_1_29' title="bbox 1807 1519 3402 1595">
    <p class='ocr_par' dir='ltr' id='par_1_29' title="bbox 1807 1519 3402 1595">
     <span class='ocr_line' id='line_1_29' title="bbox 1807 1519 3402 1595; baseline 0.001 -21"><span class='ocrx_word' id='word_1_216' title='bbox 1807 1519 1902 1574; x_wconf 89' lang='lat' dir='ltr'><strong>sed</strong></span> <span class='ocrx_word' id='word_1_217' title='bbox 1937 1519 2101 1574; x_wconf 83' lang='lat' dir='ltr'><strong>simul</strong></span> <span class='ocrx_word' id='word_1_218' title='bbox 2131 1521 2300 1578; x_wconf 90' lang='lat' dir='ltr'><strong>etiam</strong></span> <span class='ocrx_word' id='word_1_219' title='bbox 2329 1523 2492 1595; x_wconf 80' lang='grc' dir='ltr'>εὐχή.</span> <span class='ocrx_word' id='word_1_220' title='bbox 2522 1523 2661 1580; x_wconf 86' lang='lat' dir='ltr'><strong>Cum</strong></span> <span class='ocrx_word' id='word_1_221' title='bbox 2697 1532 2881 1579; x_wconf 90' lang='lat' dir='ltr'><strong>autem</strong></span> <span class='ocrx_word' id='word_1_222' title='bbox 2933 1523 3119 1578; x_wconf 90' lang='lat' dir='ltr'><strong>divina</strong></span> <span class='ocrx_word' id='word_1_223' title='bbox 3185 1523 3402 1592; x_wconf 78' lang='lat' dir='ltr'><strong>recogi-</strong></span> 
     </span>
    </p>
   </div>
   <div class='ocr_carea' id='block_1_30' title="bbox 1807 1615 3405 1687">
    <p class='ocr_par' dir='ltr' id='par_1_30' title="bbox 1807 1615 3405 1687">
     <span class='ocr_line' id='line_1_30' title="bbox 1807 1615 3405 1687; baseline -0.001 -19"><span class='ocrx_word' id='word_1_224' title='bbox 1807 1622 1932 1670; x_wconf 86' lang='lat' dir='ltr'><strong>tans</strong></span> <span class='ocrx_word' id='word_1_225' title='bbox 1965 1615 2108 1670; x_wconf 89' lang='lat' dir='ltr'><strong>bona</strong></span> <span class='ocrx_word' id='word_1_226' title='bbox 2144 1616 2436 1685; x_wconf 77' lang='lat' dir='ltr'><strong>pollicetur</strong></span> <span class='ocrx_word' id='word_1_227' title='bbox 2467 1631 2528 1672; x_wconf 89' lang='lat' dir='ltr'><strong>ea</strong></span> <span class='ocrx_word' id='word_1_228' title='bbox 2557 1632 2682 1686; x_wconf 79' lang='lat' dir='ltr'><strong>quae</strong></span> <span class='ocrx_word' id='word_1_229' title='bbox 2727 1617 2835 1673; x_wconf 84' lang='lat' dir='ltr'><strong>sibi</strong></span> <span class='ocrx_word' id='word_1_230' title='bbox 2868 1616 3122 1687; x_wconf 73' lang='lat' dir='ltr'><strong>proponit</strong></span> <span class='ocrx_word' id='word_1_231' title='bbox 3152 1616 3205 1670; x_wconf 90' lang='lat' dir='ltr'><strong>in</strong></span> <span class='ocrx_word' id='word_1_232' title='bbox 3237 1616 3405 1669; x_wconf 84' lang='lat' dir='ltr'><strong>retri-</strong></span> 
     </span>
    </p>
   </div>
   <div class='ocr_carea' id='block_1_31' title="bbox 1807 1704 3408 1781">
    <p class='ocr_par' dir='ltr' id='par_1_31' title="bbox 1807 1704 3408 1781">
     <span class='ocr_line' id='line_1_31' title="bbox 1807 1704 3408 1781; baseline 0.001 -21"><span class='ocrx_word' id='word_1_233' title='bbox 1807 1704 2110 1774; x_wconf 88' lang='lat' dir='ltr'><strong>butionem,</strong></span> <span class='ocrx_word' id='word_1_234' title='bbox 2144 1716 2274 1763; x_wconf 92' lang='lat' dir='ltr'><strong>tunc</strong></span> <span class='ocrx_word' id='word_1_235' title='bbox 2301 1717 2486 1763; x_wconf 87' lang='lat' dir='ltr'><strong>votum</strong></span> <span class='ocrx_word' id='word_1_236' title='bbox 2514 1707 2724 1781; x_wconf 77' lang='grc' dir='ltr'>(εὐχὴν)</span> <span class='ocrx_word' id='word_1_237' title='bbox 2756 1707 2924 1777; x_wconf 84' lang='lat' dir='ltr'><strong>facit;</strong></span> <span class='ocrx_word' id='word_1_238' title='bbox 2949 1710 3302 1780; x_wconf 88' lang='lat' dir='ltr'><strong>jamquenon</strong></span> <span class='ocrx_word' id='word_1_239' title='bbox 3321 1715 3408 1762; x_wconf 80' lang='lat' dir='ltr'><strong>est</strong></span> 
     </span>
    </p>
   </div>
   <div class='ocr_carea' id='block_1_32' title="bbox 1807 1797 3407 1872">
    <p class='ocr_par' dir='ltr' id='par_1_32' title="bbox 1807 1797 3407 1872">
     <span class='ocr_line' id='line_1_32' title="bbox 1807 1797 3407 1872; baseline 0.002 -20"><span class='ocrx_word' id='word_1_240' title='bbox 1807 1797 2040 1868; x_wconf 78' lang='lat' dir='ltr'><strong>simplex</strong></span> <span class='ocrx_word' id='word_1_241' title='bbox 2071 1799 2380 1871; x_wconf 80' lang='grc' dir='ltr'>προσευχὴ,</span> <span class='ocrx_word' id='word_1_242' title='bbox 2411 1801 2507 1856; x_wconf 89' lang='lat' dir='ltr'><strong>sed</strong></span> <span class='ocrx_word' id='word_1_243' title='bbox 2542 1801 2633 1856; x_wconf 86' lang='lat' dir='ltr'><strong>illa</strong></span> <span class='ocrx_word' id='word_1_244' title='bbox 2666 1817 2788 1872; x_wconf 72' lang='lat' dir='ltr'><strong>quae</strong></span> <span class='ocrx_word' id='word_1_245' title='bbox 2840 1804 3208 1857; x_wconf 85' lang='lat' dir='ltr'><strong>communiter</strong></span> <span class='ocrx_word' id='word_1_246' title='bbox 3268 1801 3407 1856; x_wconf 83' lang='lat' dir='ltr'><strong>dici-</strong></span> 
     </span>
    </p>
   </div>
   <div class='ocr_carea' id='block_1_33' title="bbox 143 1889 3405 1980">
    <p class='ocr_par' dir='ltr' id='par_1_33' title="bbox 143 1889 3405 1980">
     <span class='ocr_line' id='line_1_33' title="bbox 143 1889 3405 1980; baseline 0.004 -25"><span class='ocrx_word' id='word_1_247' title='bbox 143 1902 240 1955; x_wconf 76' lang='grc' dir='ltr'>τότε</span> <span class='ocrx_word' id='word_1_248' title='bbox 268 1902 483 1973; x_wconf 78' lang='grc' dir='ltr'>εὓχεται</span> <span class='ocrx_word' id='word_1_249' title='bbox 521 1905 626 1974; x_wconf 82' lang='grc' dir='ltr'>μὲν</span> <span class='ocrx_word' id='word_1_250' title='bbox 656 1907 752 1960; x_wconf 79' lang='grc' dir='ltr'><strong>καὶ</strong></span> <span class='ocrx_word' id='word_1_251' title='bbox 785 1905 954 1980; x_wconf 82' lang='grc' dir='ltr'>εὐχὴν</span> <span class='ocrx_word' id='word_1_252' title='bbox 989 1911 1248 1974; x_wconf 82' lang='grc' dir='ltr'>ποιεῖται,</span> <span class='ocrx_word' id='word_1_253' title='bbox 1280 1909 1342 1961; x_wconf 68' lang='grc' dir='ltr'>οὔ</span> <span class='ocrx_word' id='word_1_254' title='bbox 1372 1908 1480 1980; x_wconf 80' lang='grc' dir='ltr'>μὴν</span> <span class='ocrx_word' id='word_1_255' title='bbox 1512 1908 1698 1974; x_wconf 81' lang='grc' dir='ltr'>ἁπλῶς</span> <span class='ocrx_word' id='word_1_256' title='bbox 1737 1889 1778 1944; x_wconf 79' lang='grc' dir='ltr'><strong>Β</strong></span> <span class='ocrx_word' id='word_1_257' title='bbox 1808 1899 1896 1946; x_wconf 69' lang='grc' dir='ltr'><strong>ίυτ</strong></span> <span class='ocrx_word' id='word_1_258' title='bbox 1922 1894 2243 1963; x_wconf 70' lang='grc' dir='ltr'><strong>Ρτοῐηίεδίοο</strong></span> <span class='ocrx_word' id='word_1_259' title='bbox 2288 1909 2413 1951; x_wconf 56' lang='lat' dir='ltr'><strong>sese</strong></span> <span class='ocrx_word' id='word_1_260' title='bbox 2450 1895 2856 1964; x_wconf 71' lang='grc' dir='ltr'>αυοάειιηιιιοάο</span> <span class='ocrx_word' id='word_1_261' title='bbox 2916 1896 3160 1966; x_wconf 70' lang='grc' dir='ltr'><strong>Ῑυιιίξθηε</strong></span> <span class='ocrx_word' id='word_1_262' title='bbox 3211 1910 3405 1965; x_wconf 63' lang='grc' dir='ltr'><strong>Ρΐθθη·</strong></span> 
     </span>
    </p>
   </div>
   <div class='ocr_carea' id='block_1_34' title="bbox 147 1994 1702 2072">
    <p class='ocr_par' dir='ltr' id='par_1_34' title="bbox 147 1994 1702 2072">
     <span class='ocr_line' id='line_1_34' title="bbox 147 1994 1702 2072; baseline 0.006 -27"><span class='ocrx_word' id='word_1_263' title='bbox 147 1994 443 2064; x_wconf 77' lang='grc' dir='ltr'>προσευχὴν,</span> <span class='ocrx_word' id='word_1_264' title='bbox 495 1995 639 2050; x_wconf 74' lang='grc' dir='ltr'><strong>ἀλλά</strong></span> <span class='ocrx_word' id='word_1_265' title='bbox 667 1999 768 2072; x_wconf 83' lang='grc' dir='ltr'><strong>τὴν</strong></span> <span class='ocrx_word' id='word_1_266' title='bbox 801 1997 944 2052; x_wconf 84' lang='grc' dir='ltr'>οὓτω</span> <span class='ocrx_word' id='word_1_267' title='bbox 976 1999 1176 2062; x_wconf 83' lang='grc' dir='ltr'>κοινῶς</span> <span class='ocrx_word' id='word_1_268' title='bbox 1226 1999 1540 2072; x_wconf 80' lang='grc' dir='ltr'>λεγομένην</span> <span class='ocrx_word' id='word_1_269' title='bbox 1569 2001 1702 2055; x_wconf 80' lang='grc' dir='ltr'>ὑπό-</span> 
     </span>
    </p>
   </div>
   <div class='ocr_carea' id='block_1_35' title="bbox 147 2088 1694 2165">
    <p class='ocr_par' dir='ltr' id='par_1_35' title="bbox 147 2088 1694 2165">
     <span class='ocr_line' id='line_1_35' title="bbox 147 2088 1694 2165; baseline 0.014 -29"><span class='ocrx_word' id='word_1_270' title='bbox 147 2100 315 2155; x_wconf 87' lang='grc' dir='ltr'>σχεσιν,</span> <span class='ocrx_word' id='word_1_271' title='bbox 348 2088 683 2158; x_wconf 77' lang='grc' dir='ltr'>ἐγγίζουσάν</span> <span class='ocrx_word' id='word_1_272' title='bbox 722 2109 840 2156; x_wconf 84' lang='grc' dir='ltr'><strong>πως</strong></span> <span class='ocrx_word' id='word_1_273' title='bbox 903 2093 998 2146; x_wconf 76' lang='grc' dir='ltr'>καὶ</span> <span class='ocrx_word' id='word_1_274' title='bbox 1048 2092 1224 2164; x_wconf 78' lang='grc' dir='ltr'>αὐτὴν</span> <span class='ocrx_word' id='word_1_275' title='bbox 1275 2095 1344 2164; x_wconf 84' lang='grc' dir='ltr'>τῇ</span> <span class='ocrx_word' id='word_1_276' title='bbox 1384 2096 1694 2165; x_wconf 68' lang='grc' dir='ltr'>προσευχῇ,</span> 
     </span>
    </p>
   </div>
   <div class='ocr_carea' id='block_1_36' title="bbox 146 2179 1701 2258">
    <p class='ocr_par' dir='ltr' id='par_1_36' title="bbox 146 2179 1701 2258">
     <span class='ocr_line' id='line_1_36' title="bbox 146 2179 1701 2258; baseline 0.007 -27"><span class='ocrx_word' id='word_1_277' title='bbox 146 2180 215 2232; x_wconf 77' lang='grc' dir='ltr'><strong>καὶ</strong></span> <span class='ocrx_word' id='word_1_278' title='bbox 247 2179 328 2234; x_wconf 79' lang='grc' dir='ltr'><strong>διά</strong></span> <span class='ocrx_word' id='word_1_279' title='bbox 353 2181 517 2237; x_wconf 87' lang='grc' dir='ltr'>τοῦτο</span> <span class='ocrx_word' id='word_1_280' title='bbox 568 2185 875 2257; x_wconf 79' lang='grc' dir='ltr'>λεγομένην</span> <span class='ocrx_word' id='word_1_281' title='bbox 927 2186 1112 2258; x_wconf 83' lang='grc' dir='ltr'>εὐχήν.</span> <span class='ocrx_word' id='word_1_282' title='bbox 1155 2187 1264 2240; x_wconf 78' lang='grc' dir='ltr'>Καὶ</span> <span class='ocrx_word' id='word_1_283' title='bbox 1299 2188 1479 2250; x_wconf 78' lang='grc' dir='ltr'>ἄλλως</span> <span class='ocrx_word' id='word_1_284' title='bbox 1513 2189 1571 2242; x_wconf 85' lang='grc' dir='ltr'>δὲ</span> <span class='ocrx_word' id='word_1_285' title='bbox 1624 2189 1701 2242; x_wconf 82' lang='grc' dir='ltr'>εί-</span> 
     </span>
    </p>
   </div>
   <div class='ocr_carea' id='block_1_37' title="bbox 145 2274 1701 2351">
    <p class='ocr_par' dir='ltr' id='par_1_37' title="bbox 145 2274 1701 2351">
     <span class='ocr_line' id='line_1_37' title="bbox 145 2274 1701 2351; baseline 0.008 -29"><span class='ocrx_word' id='word_1_286' title='bbox 145 2274 273 2334; x_wconf 72' lang='grc' dir='ltr'>πεῖν,</span> <span class='ocrx_word' id='word_1_287' title='bbox 325 2275 357 2344; x_wconf 83' lang='grc' dir='ltr'>ή</span> <span class='ocrx_word' id='word_1_288' title='bbox 409 2277 703 2348; x_wconf 81' lang='grc' dir='ltr'>προσευχὴ</span> <span class='ocrx_word' id='word_1_289' title='bbox 757 2278 1108 2332; x_wconf 80' lang='grc' dir='ltr'>πλεονεκτεῖν</span> <span class='ocrx_word' id='word_1_290' title='bbox 1157 2281 1310 2334; x_wconf 84' lang='grc' dir='ltr'>δοκεῖ</span> <span class='ocrx_word' id='word_1_291' title='bbox 1357 2280 1457 2351; x_wconf 85' lang='grc' dir='ltr'>τὴν</span> <span class='ocrx_word' id='word_1_292' title='bbox 1509 2281 1701 2351; x_wconf 79' lang='grc' dir='ltr'>εὐχήν.</span> 
     </span>
    </p>
   </div>
   <div class='ocr_carea' id='block_1_38' title="bbox 145 2362 1704 2438">
    <p class='ocr_par' dir='ltr' id='par_1_38' title="bbox 145 2362 1704 2438">
     <span class='ocr_line' id='line_1_38' title="bbox 145 2362 1704 2438; baseline 0.006 -24"><span class='ocrx_word' id='word_1_293' title='bbox 145 2362 268 2432; x_wconf 83' lang='grc' dir='ltr'>Ἔχει</span> <span class='ocrx_word' id='word_1_294' title='bbox 301 2363 397 2434; x_wconf 79' lang='grc' dir='ltr'>μὲν</span> <span class='ocrx_word' id='word_1_295' title='bbox 427 2365 548 2437; x_wconf 70' lang='grc' dir='ltr'>γὰρ</span> <span class='ocrx_word' id='word_1_296' title='bbox 587 2367 678 2422; x_wconf 81' lang='grc' dir='ltr'>καὶ</span> <span class='ocrx_word' id='word_1_297' title='bbox 711 2367 772 2421; x_wconf 79' lang='grc' dir='ltr'>τὸ</span> <span class='ocrx_word' id='word_1_298' title='bbox 826 2368 1042 2438; x_wconf 86' lang='grc' dir='ltr'>ἐκείνης</span> <span class='ocrx_word' id='word_1_299' title='bbox 1091 2368 1152 2422; x_wconf 84' lang='grc' dir='ltr'><strong>τὸ</strong></span> <span class='ocrx_word' id='word_1_300' title='bbox 1215 2372 1394 2424; x_wconf 66' lang='grc' dir='ltr'>ἅπαν·</span> <span class='ocrx_word' id='word_1_301' title='bbox 1439 2370 1704 2424; x_wconf 77' lang='grc' dir='ltr'>ἐπέκεινα</span> 
     </span>
    </p>
   </div>
   <div class='ocr_carea' id='block_1_39' title="bbox 142 2453 1702 2531">
    <p class='ocr_par' dir='ltr' id='par_1_39' title="bbox 142 2453 1702 2531">
     <span class='ocr_line' id='line_1_39' title="bbox 142 2453 1702 2531; baseline 0.008 -27"><span class='ocrx_word' id='word_1_302' title='bbox 142 2453 184 2505; x_wconf 75' lang='grc' dir='ltr'><strong>δέ</strong></span> <span class='ocrx_word' id='word_1_303' title='bbox 202 2455 441 2527; x_wconf 74' lang='grc' dir='ltr'>εὐκληρεῖ</span> <span class='ocrx_word' id='word_1_304' title='bbox 471 2459 580 2511; x_wconf 75' lang='grc' dir='ltr'><strong>καὶ</strong></span> <span class='ocrx_word' id='word_1_305' title='bbox 606 2457 662 2511; x_wconf 83' lang='grc' dir='ltr'>τὸ</span> <span class='ocrx_word' id='word_1_306' title='bbox 696 2458 895 2530; x_wconf 87' lang='grc' dir='ltr'>δηλοῦν</span> <span class='ocrx_word' id='word_1_307' title='bbox 922 2460 1206 2530; x_wconf 72' lang='grc' dir='ltr'><strong>ἐγγύτητα</strong></span> <span class='ocrx_word' id='word_1_308' title='bbox 1234 2459 1322 2515; x_wconf 84' lang='grc' dir='ltr'>διὰ</span> <span class='ocrx_word' id='word_1_309' title='bbox 1360 2460 1702 2531; x_wconf 82' lang='grc' dir='ltr'>προθέσεως,</span> 
     </span>
    </p>
   </div>
   <div class='ocr_carea' id='block_1_40' title="bbox 143 2543 1701 2624">
    <p class='ocr_par' dir='ltr' id='par_1_40' title="bbox 143 2543 1701 2624">
     <span class='ocr_line' id='line_1_40' title="bbox 143 2543 1701 2624; baseline 0.007 -26"><span class='ocrx_word' id='word_1_310' title='bbox 143 2543 273 2619; x_wconf 80' lang='grc' dir='ltr'>δι’ἦς</span> <span class='ocrx_word' id='word_1_311' title='bbox 300 2548 566 2619; x_wconf 74' lang='grc' dir='ltr'>ἐμφαίνει</span> <span class='ocrx_word' id='word_1_312' title='bbox 596 2549 672 2614; x_wconf 84' lang='grc' dir='ltr'>ὼς</span> <span class='ocrx_word' id='word_1_313' title='bbox 715 2549 854 2620; x_wconf 80' lang='grc' dir='ltr'>πρὸς</span> <span class='ocrx_word' id='word_1_314' title='bbox 881 2549 960 2622; x_wconf 81' lang='grc' dir='ltr'>τῷ</span> <span class='ocrx_word' id='word_1_315' title='bbox 999 2551 1120 2622; x_wconf 86' lang='grc' dir='ltr'><strong>Θεῷ</strong></span> <span class='ocrx_word' id='word_1_316' title='bbox 1156 2552 1452 2622; x_wconf 72' lang='grc' dir='ltr'>ἱστάμενος</span> <span class='ocrx_word' id='word_1_317' title='bbox 1487 2555 1516 2606; x_wconf 87' lang='lat'><strong>6</strong></span> <span class='ocrx_word' id='word_1_318' title='bbox 1545 2554 1701 2624; x_wconf 85' lang='grc' dir='ltr'>εὐχό-</span> 
     </span>
    </p>
   </div>
   <div class='ocr_carea' id='block_1_41' title="bbox 145 2633 1704 2714">
    <p class='ocr_par' dir='ltr' id='par_1_41' title="bbox 145 2633 1704 2714">
     <span class='ocr_line' id='line_1_41' title="bbox 145 2633 1704 2714; baseline 0.006 -27"><span class='ocrx_word' id='word_1_319' title='bbox 145 2651 280 2704; x_wconf 85' lang='grc' dir='ltr'>μενος</span> <span class='ocrx_word' id='word_1_320' title='bbox 319 2640 410 2690; x_wconf 72' lang='grc' dir='ltr'><strong>καὶ</strong></span> <span class='ocrx_word' id='word_1_321' title='bbox 443 2637 696 2709; x_wconf 76' lang='grc' dir='ltr'>θαρρῶν,</span> <span class='ocrx_word' id='word_1_322' title='bbox 729 2639 805 2704; x_wconf 87' lang='grc' dir='ltr'>ὡς</span> <span class='ocrx_word' id='word_1_323' title='bbox 831 2633 920 2694; x_wconf 83' lang='grc' dir='ltr'>οἷα</span> <span class='ocrx_word' id='word_1_324' title='bbox 951 2640 1048 2695; x_wconf 80' lang='grc' dir='ltr'>καὶ</span> <span class='ocrx_word' id='word_1_325' title='bbox 1107 2642 1202 2696; x_wconf 75' lang='grc' dir='ltr'>ἐπὶ</span> <span class='ocrx_word' id='word_1_326' title='bbox 1245 2642 1407 2713; x_wconf 83' lang='grc' dir='ltr'>φίλῳ,</span> <span class='ocrx_word' id='word_1_327' title='bbox 1438 2644 1704 2714; x_wconf 78' lang='grc' dir='ltr'><strong>ἀναφέρει</strong></span> 
     </span>
    </p>
   </div>
   <div class='ocr_carea' id='block_1_42' title="bbox 146 2725 1703 2805">
    <p class='ocr_par' dir='ltr' id='par_1_42' title="bbox 146 2725 1703 2805">
     <span class='ocr_line' id='line_1_42' title="bbox 146 2725 1703 2805; baseline 0.006 -26"><span class='ocrx_word' id='word_1_328' title='bbox 146 2727 308 2800; x_wconf 78' lang='grc' dir='ltr'>ἐκείνῳ</span> <span class='ocrx_word' id='word_1_329' title='bbox 334 2729 400 2783; x_wconf 81' lang='grc' dir='ltr'><strong>τά</strong></span> <span class='ocrx_word' id='word_1_330' title='bbox 430 2729 680 2802; x_wconf 81' lang='grc' dir='ltr'>βουλητά</span> <span class='ocrx_word' id='word_1_331' title='bbox 704 2748 719 2764; x_wconf 78' lang='grc' dir='ltr'><strong>ο</strong></span> <span class='ocrx_word' id='word_1_332' title='bbox 759 2733 818 2784; x_wconf 81' lang='grc' dir='ltr'><strong>ἐν</strong></span> <span class='ocrx_word' id='word_1_333' title='bbox 847 2725 929 2795; x_wconf 74' lang='grc' dir='ltr'>οἷς</span> <span class='ocrx_word' id='word_1_334' title='bbox 960 2733 1222 2798; x_wconf 84' lang='grc' dir='ltr'>πολλάκις</span> <span class='ocrx_word' id='word_1_335' title='bbox 1261 2735 1354 2788; x_wconf 77' lang='grc' dir='ltr'>καὶ</span> <span class='ocrx_word' id='word_1_336' title='bbox 1393 2734 1703 2805; x_wconf 83' lang='grc' dir='ltr'>δωρεατική</span> 
     </span>
    </p>
   </div>
   <div class='ocr_carea' id='block_1_43' title="bbox 145 2821 1706 2895">
    <p class='ocr_par' dir='ltr' id='par_1_43' title="bbox 145 2821 1706 2895">
     <span class='ocr_line' id='line_1_43' title="bbox 145 2821 1706 2895; baseline 0.008 -25"><span class='ocrx_word' id='word_1_337' title='bbox 145 2837 211 2884; x_wconf 81' lang='grc' dir='ltr'><strong>τις</strong></span> <span class='ocrx_word' id='word_1_338' title='bbox 249 2821 540 2894; x_wconf 74' lang='grc' dir='ltr'>βούλησιςο</span> <span class='ocrx_word' id='word_1_339' title='bbox 573 2825 665 2876; x_wconf 74' lang='grc' dir='ltr'><strong>Διὸ</strong></span> <span class='ocrx_word' id='word_1_340' title='bbox 708 2824 940 2895; x_wconf 83' lang='grc' dir='ltr'>αὑχήσοι</span> <span class='ocrx_word' id='word_1_341' title='bbox 993 2825 1060 2880; x_wconf 85' lang='grc' dir='ltr'>ἂν</span> <span class='ocrx_word' id='word_1_342' title='bbox 1111 2827 1138 2878; x_wconf 90' lang='lat'><strong>6</strong></span> <span class='ocrx_word' id='word_1_343' title='bbox 1161 2826 1402 2891; x_wconf 87' lang='grc' dir='ltr'>τοιοῦτος</span> <span class='ocrx_word' id='word_1_344' title='bbox 1437 2827 1706 2882; x_wconf 71' lang='grc' dir='ltr'>εἰσελθεῖν</span> 
     </span>
    </p>
   </div>
   <div class='ocr_carea' id='block_1_44' title="bbox 147 2911 1706 2988">
    <p class='ocr_par' dir='ltr' id='par_1_44' title="bbox 147 2911 1706 2988">
     <span class='ocr_line' id='line_1_44' title="bbox 147 2911 1706 2988; baseline 0.006 -24"><span class='ocrx_word' id='word_1_345' title='bbox 147 2911 192 2965; x_wconf 77' lang='grc' dir='ltr'>τὸ</span> <span class='ocrx_word' id='word_1_346' title='bbox 228 2913 429 2984; x_wconf 81' lang='grc' dir='ltr'>ἀξίωμα</span> <span class='ocrx_word' id='word_1_347' title='bbox 488 2914 658 2969; x_wconf 79' lang='grc' dir='ltr'>αὑτοῦ</span> <span class='ocrx_word' id='word_1_348' title='bbox 695 2915 931 2971; x_wconf 81' lang='grc' dir='ltr'>ἐνώπιον</span> <span class='ocrx_word' id='word_1_349' title='bbox 977 2917 1074 2971; x_wconf 90' lang='grc' dir='ltr'><strong>τοῦ</strong></span> <span class='ocrx_word' id='word_1_350' title='bbox 1129 2916 1288 2983; x_wconf 87' lang='grc' dir='ltr'>Θεοῦ,</span> <span class='ocrx_word' id='word_1_351' title='bbox 1353 2919 1448 2972; x_wconf 61' lang='grc' dir='ltr'><strong>καὶ⁵</strong></span> <span class='ocrx_word' id='word_1_352' title='bbox 1489 2918 1706 2988; x_wconf 78' lang='grc' dir='ltr'>ἐγγίσαι</span> 
     </span>
    </p>
   </div>
   <div class='ocr_carea' id='block_1_45' title="bbox 150 3005 1707 3083">
    <p class='ocr_par' dir='ltr' id='par_1_45' title="bbox 150 3005 1707 3083">
     <span class='ocr_line' id='line_1_45' title="bbox 150 3005 1707 3083; baseline 0.006 -27"><span class='ocrx_word' id='word_1_353' title='bbox 150 3005 227 3072; x_wconf 74' lang='grc' dir='ltr'>τὴν</span> <span class='ocrx_word' id='word_1_354' title='bbox 253 3006 407 3059; x_wconf 72' lang='grc' dir='ltr'>αὑτοῦ</span> <span class='ocrx_word' id='word_1_355' title='bbox 442 3008 640 3072; x_wconf 81' lang='grc' dir='ltr'>δέησιν</span> <span class='ocrx_word' id='word_1_356' title='bbox 691 3008 926 3063; x_wconf 85' lang='grc' dir='ltr'>ἐνώπιον</span> <span class='ocrx_word' id='word_1_357' title='bbox 959 3010 1198 3064; x_wconf 85' lang='grc' dir='ltr'>ἐκείνου.</span> <span class='ocrx_word' id='word_1_358' title='bbox 1227 3010 1301 3063; x_wconf 82' lang='lat' dir='ltr'><em>T6</em></span> <span class='ocrx_word' id='word_1_359' title='bbox 1330 3010 1388 3064; x_wconf 83' lang='grc' dir='ltr'>δὲ</span> <span class='ocrx_word' id='word_1_360' title='bbox 1429 3010 1566 3083; x_wconf 81' lang='grc' dir='ltr'>μόνη</span> <span class='ocrx_word' id='word_1_361' title='bbox 1607 3012 1707 3082; x_wconf 82' lang='grc' dir='ltr'><strong>οὐχ</strong></span> 
     </span>
    </p>
   </div>
   <div class='ocr_carea' id='block_1_46' title="bbox 150 3099 1709 3178">
    <p class='ocr_par' dir='ltr' id='par_1_46' title="bbox 150 3099 1709 3178">
     <span class='ocr_line' id='line_1_46' title="bbox 150 3099 1709 3178; baseline 0.006 -27"><span class='ocrx_word' id='word_1_362' title='bbox 150 3099 302 3165; x_wconf 78' lang='grc' dir='ltr'>ἁπλῶς</span> <span class='ocrx_word' id='word_1_363' title='bbox 325 3099 569 3157; x_wconf 82' lang='grc' dir='ltr'>ἐνταῦθα</span> <span class='ocrx_word' id='word_1_364' title='bbox 598 3103 846 3158; x_wconf 84' lang='grc' dir='ltr'>τέθεικεν</span> <span class='ocrx_word' id='word_1_365' title='bbox 875 3107 902 3158; x_wconf 91' lang='lat'><strong>6</strong></span> <span class='ocrx_word' id='word_1_366' title='bbox 940 3105 1178 3177; x_wconf 77' lang='grc' dir='ltr'>μελῳδὸς</span> <span class='ocrx_word' id='word_1_367' title='bbox 1223 3104 1369 3177; x_wconf 85' lang='grc' dir='ltr'>λόγῳ</span> <span class='ocrx_word' id='word_1_368' title='bbox 1410 3107 1578 3178; x_wconf 84' lang='grc' dir='ltr'>κοινῷ</span> <span class='ocrx_word' id='word_1_369' title='bbox 1613 3109 1709 3162; x_wconf 77' lang='grc' dir='ltr'><strong>καὶ</strong></span> 
     </span>
    </p>
   </div>
   <div class='ocr_carea' id='block_1_47' title="bbox 148 3193 1709 3271">
    <p class='ocr_par' dir='ltr' id='par_1_47' title="bbox 148 3193 1709 3271">
     <span class='ocr_line' id='line_1_47' title="bbox 148 3193 1709 3271; baseline 0.005 -27"><span class='ocrx_word' id='word_1_370' title='bbox 148 3193 324 3260; x_wconf 80' lang='grc' dir='ltr'>ἀφελεῖ,</span> <span class='ocrx_word' id='word_1_371' title='bbox 352 3195 495 3249; x_wconf 80' lang='grc' dir='ltr'>ἀλλὰ</span> <span class='ocrx_word' id='word_1_372' title='bbox 546 3196 993 3269; x_wconf 81' lang='grc' dir='ltr'>φιλοσοφωτάτῳ.</span> <span class='ocrx_word' id='word_1_373' title='bbox 1037 3198 1181 3267; x_wconf 73' lang='grc' dir='ltr'>Πρὸς</span> <span class='ocrx_word' id='word_1_374' title='bbox 1220 3198 1404 3268; x_wconf 83' lang='grc' dir='ltr'>νόησιν</span> <span class='ocrx_word' id='word_1_375' title='bbox 1439 3198 1547 3271; x_wconf 80' lang='grc' dir='ltr'><strong>γάρ</strong></span> <span class='ocrx_word' id='word_1_376' title='bbox 1576 3200 1709 3252; x_wconf 78' lang='grc' dir='ltr'>αὐτὸ</span> 
     </span>
    </p>
   </div>
   <div class='ocr_carea' id='block_1_48' title="bbox 150 3281 1710 3359">
    <p class='ocr_par' dir='ltr' id='par_1_48' title="bbox 150 3281 1710 3359">
     <span class='ocr_line' id='line_1_48' title="bbox 150 3281 1710 3359; baseline 0.003 -23"><span class='ocrx_word' id='word_1_377' title='bbox 150 3281 233 3351; x_wconf 65' lang='grc' dir='ltr'>ἔφη</span> <span class='ocrx_word' id='word_1_378' title='bbox 256 3283 374 3351; x_wconf 87' lang='grc' dir='ltr'>τῶν,</span> <span class='ocrx_word' id='word_1_379' title='bbox 414 3286 500 3348; x_wconf 85' lang='grc' dir='ltr'>ὡς</span> <span class='ocrx_word' id='word_1_380' title='bbox 531 3287 696 3355; x_wconf 62' lang='grc' dir='ltr'>φασὶν</span> <span class='ocrx_word' id='word_1_381' title='bbox 729 3287 778 3341; x_wconf 77' lang='grc' dir='ltr'>οἱ</span> <span class='ocrx_word' id='word_1_382' title='bbox 813 3291 989 3356; x_wconf 76' lang='grc' dir='ltr'>σοφοὶ,</span> <span class='ocrx_word' id='word_1_383' title='bbox 1023 3287 1403 3357; x_wconf 77' lang='grc' dir='ltr'>συζυγούντων</span> <span class='ocrx_word' id='word_1_384' title='bbox 1434 3292 1502 3359; x_wconf 83' lang='grc' dir='ltr'>τῇ</span> <span class='ocrx_word' id='word_1_385' title='bbox 1539 3305 1710 3358; x_wconf 85' lang='grc' dir='ltr'>προσ-</span> 
     </span>
    </p>
   </div>
   <div class='ocr_carea' id='block_1_49' title="bbox 151 3376 1716 3451">
    <p class='ocr_par' dir='ltr' id='par_1_49' title="bbox 151 3376 1716 3451">
     <span class='ocr_line' id='line_1_49' title="bbox 151 3376 1716 3451; baseline 0.008 -27"><span class='ocrx_word' id='word_1_386' title='bbox 151 3376 292 3445; x_wconf 75' lang='grc' dir='ltr'>ευχῇ·</span> <span class='ocrx_word' id='word_1_387' title='bbox 329 3376 632 3447; x_wconf 83' lang='grc' dir='ltr'>συζυγοῦσι</span> <span class='ocrx_word' id='word_1_388' title='bbox 674 3378 730 3432; x_wconf 87' lang='grc' dir='ltr'><strong>δέ</strong></span> <span class='ocrx_word' id='word_1_389' title='bbox 764 3379 900 3451; x_wconf 79' lang='grc' dir='ltr'>αὐτῇ</span> <span class='ocrx_word' id='word_1_390' title='bbox 968 3381 1316 3451; x_wconf 81' lang='grc' dir='ltr'>θυμιάματα,</span> <span class='ocrx_word' id='word_1_391' title='bbox 1343 3381 1591 3446; x_wconf 71' lang='grc' dir='ltr'>σπονδαὶ,</span> <span class='ocrx_word' id='word_1_392' title='bbox 1621 3381 1716 3436; x_wconf 83' lang='lat' dir='ltr'><strong>Ou-</strong></span> 
     </span>
    </p>
   </div>
   <div class='ocr_carea' id='block_1_50' title="bbox 153 3464 1710 3546">
    <p class='ocr_par' dir='ltr' id='par_1_50' title="bbox 153 3464 1710 3546">
     <span class='ocr_line' id='line_1_50' title="bbox 153 3464 1710 3546; baseline 0.007 -29"><span class='ocrx_word' id='word_1_393' title='bbox 153 3464 261 3530; x_wconf 85' lang='grc' dir='ltr'>σίαι,</span> <span class='ocrx_word' id='word_1_394' title='bbox 289 3470 618 3539; x_wconf 81' lang='grc' dir='ltr'>ἀναθήματα</span> <span class='ocrx_word' id='word_1_395' title='bbox 645 3471 926 3543; x_wconf 80' lang='grc' dir='ltr'>πολυειδῆ.</span> <span class='ocrx_word' id='word_1_396' title='bbox 955 3473 1120 3544; x_wconf 83' lang='grc' dir='ltr'>Λέγει</span> <span class='ocrx_word' id='word_1_397' title='bbox 1141 3470 1235 3527; x_wconf 69' lang='grc' dir='ltr'><strong>οὖν</strong></span> <span class='ocrx_word' id='word_1_398' title='bbox 1263 3474 1346 3528; x_wconf 84' lang='grc' dir='ltr'>ὅτι</span> <span class='ocrx_word' id='word_1_399' title='bbox 1376 3473 1710 3546; x_wconf 74' lang='grc' dir='ltr'>ἐτερατοὺρο</span> 
     </span>
    </p>
   </div>
   <div class='ocr_carea' id='block_1_51' title="bbox 151 3560 1706 3636">
    <p class='ocr_par' dir='ltr' id='par_1_51' title="bbox 151 3560 1706 3636">
     <span class='ocr_line' id='line_1_51' title="bbox 151 3560 1706 3636; baseline 0.005 -26"><span class='ocrx_word' id='word_1_400' title='bbox 151 3575 261 3628; x_wconf 80' lang='grc' dir='ltr'>γησε</span> <span class='ocrx_word' id='word_1_401' title='bbox 299 3560 384 3615; x_wconf 74' lang='grc' dir='ltr'><strong>διὰ</strong></span> <span class='ocrx_word' id='word_1_402' title='bbox 409 3561 514 3614; x_wconf 91' lang='grc' dir='ltr'><strong>τοῦ</strong></span> <span class='ocrx_word' id='word_1_403' title='bbox 544 3562 682 3616; x_wconf 88' lang='grc' dir='ltr'>Θεοῦ</span> <span class='ocrx_word' id='word_1_404' title='bbox 721 3563 756 3634; x_wconf 76' lang='grc' dir='ltr'>ὴ</span> <span class='ocrx_word' id='word_1_405' title='bbox 787 3564 886 3634; x_wconf 81' lang='grc' dir='ltr'>τῆς</span> <span class='ocrx_word' id='word_1_406' title='bbox 933 3565 1266 3636; x_wconf 78' lang='grc' dir='ltr'>προφήτιδος</span> <span class='ocrx_word' id='word_1_407' title='bbox 1300 3565 1605 3636; x_wconf 81' lang='grc' dir='ltr'>προσευχὴ,</span> <span class='ocrx_word' id='word_1_408' title='bbox 1644 3565 1706 3618; x_wconf 85' lang='grc' dir='ltr'><strong>ού</strong></span> 
     </span>
    </p>
   </div>
   <div class='ocr_carea' id='block_1_52' title="bbox 155 3650 1700 3726">
    <p class='ocr_par' dir='ltr' id='par_1_52' title="bbox 155 3650 1700 3726">
     <span class='ocr_line' id='line_1_52' title="bbox 155 3650 1700 3726; baseline 0.004 -25"><span class='ocrx_word' id='word_1_409' title='bbox 155 3651 271 3718; x_wconf 76' lang='grc' dir='ltr'>μετά</span> <span class='ocrx_word' id='word_1_410' title='bbox 295 3668 436 3716; x_wconf 84' lang='grc' dir='ltr'>τινος</span> <span class='ocrx_word' id='word_1_411' title='bbox 479 3650 720 3720; x_wconf 76' lang='grc' dir='ltr'>συζύγου</span> <span class='ocrx_word' id='word_1_412' title='bbox 751 3654 846 3708; x_wconf 71' lang='grc' dir='ltr'><strong>καὶ</strong></span> <span class='ocrx_word' id='word_1_413' title='bbox 883 3653 1168 3724; x_wconf 84' lang='grc' dir='ltr'>συστοίχου</span> <span class='ocrx_word' id='word_1_414' title='bbox 1201 3655 1362 3726; x_wconf 79' lang='grc' dir='ltr'>αὐτῇ,</span> <span class='ocrx_word' id='word_1_415' title='bbox 1398 3652 1533 3708; x_wconf 70' lang='grc' dir='ltr'>ἀλλὰ</span> <span class='ocrx_word' id='word_1_416' title='bbox 1565 3654 1700 3725; x_wconf 86' lang='grc' dir='ltr'>μόνη</span> 
     </span>
    </p>
   </div>
   <div class='ocr_carea' id='block_1_53' title="bbox 1809 1983 3406 2060">
    <p class='ocr_par' dir='ltr' id='par_1_53' title="bbox 1809 1983 3406 2060">
     <span class='ocr_line' id='line_1_53' title="bbox 1809 1983 3406 2060; baseline 0.004 -22"><span class='ocrx_word' id='word_1_417' title='bbox 1809 1984 1968 2050; x_wconf 83' lang='grc' dir='ltr'><strong>ιίοηὶ,</strong></span> <span class='ocrx_word' id='word_1_418' title='bbox 1992 1995 2044 2040; x_wconf 90' lang='lat' dir='ltr'><strong>et</strong></span> <span class='ocrx_word' id='word_1_419' title='bbox 2075 1983 2195 2042; x_wconf 91' lang='lat' dir='ltr'><strong>ideo</strong></span> <span class='ocrx_word' id='word_1_420' title='bbox 2221 1986 2364 2042; x_wconf 89' lang='lat' dir='ltr'><strong>dicta</strong></span> <span class='ocrx_word' id='word_1_421' title='bbox 2396 1989 2556 2060; x_wconf 82' lang='grc' dir='ltr'>εὐχή.</span> <span class='ocrx_word' id='word_1_422' title='bbox 2581 1989 2720 2046; x_wconf 83' lang='lat' dir='ltr'><strong>Aliis</strong></span> <span class='ocrx_word' id='word_1_423' title='bbox 2749 1998 2934 2045; x_wconf 87' lang='lat' dir='ltr'><strong>autem</strong></span> <span class='ocrx_word' id='word_1_424' title='bbox 2977 1989 3182 2056; x_wconf 87' lang='lat' dir='ltr'><strong>verbis,</strong></span> <span class='ocrx_word' id='word_1_425' title='bbox 3220 2005 3406 2060; x_wconf 87' lang='lat' dir='ltr'><strong>prcca-</strong></span> 
     </span>
    </p>
   </div>
   <div class='ocr_carea' id='block_1_54' title="bbox 1807 2077 3401 2152">
    <p class='ocr_par' dir='ltr' id='par_1_54' title="bbox 1807 2077 3401 2152">
     <span class='ocr_line' id='line_1_54' title="bbox 1807 2077 3401 2152; baseline 0.004 -21"><span class='ocrx_word' id='word_1_426' title='bbox 1807 2077 1884 2132; x_wconf 90' lang='lat' dir='ltr'><strong>tio</strong></span> <span class='ocrx_word' id='word_1_427' title='bbox 1919 2078 2133 2134; x_wconf 89' lang='lat' dir='ltr'><strong>videtur</strong></span> <span class='ocrx_word' id='word_1_428' title='bbox 2165 2089 2427 2150; x_wconf 62' lang='lat' dir='ltr'><strong>praestare</strong></span> <span class='ocrx_word' id='word_1_429' title='bbox 2481 2093 2652 2138; x_wconf 89' lang='lat' dir='ltr'><strong>voto:</strong></span> <span class='ocrx_word' id='word_1_430' title='bbox 2717 2083 2881 2138; x_wconf 84' lang='lat' dir='ltr'><strong>habet</strong></span> <span class='ocrx_word' id='word_1_431' title='bbox 2932 2081 3077 2136; x_wconf 90' lang='lat' dir='ltr'><strong>enim</strong></span> <span class='ocrx_word' id='word_1_432' title='bbox 3130 2083 3401 2152; x_wconf 88' lang='lat' dir='ltr'><strong>quidquid</strong></span> 
     </span>
    </p>
   </div>
   <div class='ocr_carea' id='block_1_55' title="bbox 1807 2167 3402 2242">
    <p class='ocr_par' dir='ltr' id='par_1_55' title="bbox 1807 2167 3402 2242">
     <span class='ocr_line' id='line_1_55' title="bbox 1807 2167 3402 2242; baseline 0.003 -21"><span class='ocrx_word' id='word_1_433' title='bbox 1807 2167 1875 2222; x_wconf 89' lang='lat' dir='ltr'><strong>ad</strong></span> <span class='ocrx_word' id='word_1_434' title='bbox 1918 2167 2023 2223; x_wconf 89' lang='lat' dir='ltr'><strong>hoc</strong></span> <span class='ocrx_word' id='word_1_435' title='bbox 2057 2171 2334 2239; x_wconf 85' lang='lat' dir='ltr'><strong>pertinet;</strong></span> <span class='ocrx_word' id='word_1_436' title='bbox 2397 2171 2498 2227; x_wconf 89' lang='lat' dir='ltr'><strong>sed</strong></span> <span class='ocrx_word' id='word_1_437' title='bbox 2550 2173 2775 2242; x_wconf 88' lang='lat' dir='ltr'><strong>insuper</strong></span> <span class='ocrx_word' id='word_1_438' title='bbox 2820 2173 3050 2242; x_wconf 74' lang='lat' dir='ltr'><strong>gloriam</strong></span> <span class='ocrx_word' id='word_1_439' title='bbox 3118 2172 3402 2227; x_wconf 80' lang='lat' dir='ltr'><strong>indicandi</strong></span> 
     </span>
    </p>
   </div>
   <div class='ocr_carea' id='block_1_56' title="bbox 1808 2260 3404 2333">
    <p class='ocr_par' dir='ltr' id='par_1_56' title="bbox 1808 2260 3404 2333">
     <span class='ocr_line' id='line_1_56' title="bbox 1808 2260 3404 2333; baseline 0.003 -20"><span class='ocrx_word' id='word_1_440' title='bbox 1808 2260 2277 2330; x_wconf 82' lang='lat' dir='ltr'><strong>propinquitatem</strong></span> <span class='ocrx_word' id='word_1_441' title='bbox 2319 2278 2417 2332; x_wconf 89' lang='lat' dir='ltr'><strong>per</strong></span> <span class='ocrx_word' id='word_1_442' title='bbox 2477 2264 2929 2333; x_wconf 64' lang='lat' dir='ltr'><strong>praepositionem</strong></span> <span class='ocrx_word' id='word_1_443' title='bbox 2984 2279 3092 2333; x_wconf 86' lang='lat' dir='ltr'><strong>qua</strong></span> <span class='ocrx_word' id='word_1_444' title='bbox 3156 2264 3404 2319; x_wconf 82' lang='lat' dir='ltr'><strong>declarat</strong></span> 
     </span>
    </p>
   </div>
   <div class='ocr_carea' id='block_1_57' title="bbox 1807 2351 3401 2426">
    <p class='ocr_par' dir='ltr' id='par_1_57' title="bbox 1807 2351 3401 2426">
     <span class='ocr_line' id='line_1_57' title="bbox 1807 2351 3401 2426; baseline 0.003 -22"><span class='ocrx_word' id='word_1_445' title='bbox 1807 2354 1948 2420; x_wconf 88' lang='lat' dir='ltr'><strong>apud</strong></span> <span class='ocrx_word' id='word_1_446' title='bbox 1983 2351 2154 2408; x_wconf 89' lang='lat' dir='ltr'><strong>Deum</strong></span> <span class='ocrx_word' id='word_1_447' title='bbox 2179 2354 2400 2410; x_wconf 79' lang='lat' dir='ltr'><strong>adstare</strong></span> <span class='ocrx_word' id='word_1_448' title='bbox 2456 2354 2611 2409; x_wconf 86' lang='lat' dir='ltr'><strong>iilum</strong></span> <span class='ocrx_word' id='word_1_449' title='bbox 2645 2355 2739 2426; x_wconf 90' lang='lat' dir='ltr'><strong>qui</strong></span> <span class='ocrx_word' id='word_1_450' title='bbox 2789 2365 3071 2425; x_wconf 87' lang='lat' dir='ltr'><strong>precatur,</strong></span> <span class='ocrx_word' id='word_1_451' title='bbox 3102 2364 3158 2410; x_wconf 87' lang='lat' dir='ltr'><strong>et</strong></span> <span class='ocrx_word' id='word_1_452' title='bbox 3223 2358 3401 2412; x_wconf 83' lang='lat' dir='ltr'><strong>conii-</strong></span> 
     </span>
    </p>
   </div>
   <div class='ocr_carea' id='block_1_58' title="bbox 1807 2446 3401 2518">
    <p class='ocr_par' dir='ltr' id='par_1_58' title="bbox 1807 2446 3401 2518">
     <span class='ocr_line' id='line_1_58' title="bbox 1807 2446 3401 2518; baseline 0.001 -17"><span class='ocrx_word' id='word_1_453' title='bbox 1807 2446 2026 2502; x_wconf 85' lang='lat' dir='ltr'><strong>denlem</strong></span> <span class='ocrx_word' id='word_1_454' title='bbox 2061 2456 2321 2518; x_wconf 89' lang='lat' dir='ltr'><strong>tanquam</strong></span> <span class='ocrx_word' id='word_1_455' title='bbox 2346 2448 2552 2513; x_wconf 89' lang='lat' dir='ltr'><strong>amico,</strong></span> <span class='ocrx_word' id='word_1_456' title='bbox 2603 2449 2706 2518; x_wconf 91' lang='lat' dir='ltr'><strong>ipsi</strong></span> <span class='ocrx_word' id='word_1_457' title='bbox 2741 2446 3023 2504; x_wconf 85' lang='lat' dir='ltr'><strong>desideria</strong></span> <span class='ocrx_word' id='word_1_458' title='bbox 3091 2448 3401 2504; x_wconf 89' lang='lat' dir='ltr'><strong>communi-</strong></span> 
     </span>
    </p>
   </div>
   <div class='ocr_carea' id='block_1_59' title="bbox 1806 2541 3394 2612">
    <p class='ocr_par' dir='ltr' id='par_1_59' title="bbox 1806 2541 3394 2612">
     <span class='ocr_line' id='line_1_59' title="bbox 1806 2541 3394 2612; baseline 0.001 -17"><span class='ocrx_word' id='word_1_459' title='bbox 1806 2554 1953 2595; x_wconf 84' lang='lat' dir='ltr'><strong>care.</strong></span> <span class='ocrx_word' id='word_1_460' title='bbox 1979 2543 2038 2597; x_wconf 90' lang='lat' dir='ltr'><strong>ln</strong></span> <span class='ocrx_word' id='word_1_461' title='bbox 2077 2541 2162 2596; x_wconf 89' lang='lat' dir='ltr'><strong>his</strong></span> <span class='ocrx_word' id='word_1_462' title='bbox 2191 2541 2357 2596; x_wconf 90' lang='lat' dir='ltr'><strong>etiam</strong></span> <span class='ocrx_word' id='word_1_463' title='bbox 2395 2557 2544 2612; x_wconf 69' lang='lat' dir='ltr'><strong>saepe</strong></span> <span class='ocrx_word' id='word_1_464' title='bbox 2579 2541 2830 2612; x_wconf 60' lang='lat' dir='ltr'><strong>quaedam</strong></span> <span class='ocrx_word' id='word_1_465' title='bbox 2857 2550 2940 2596; x_wconf 91' lang='lat' dir='ltr'><strong>est</strong></span> <span class='ocrx_word' id='word_1_466' title='bbox 2976 2541 3394 2598; x_wconf 78' lang='lat' dir='ltr'><strong>munerabunda</strong></span> 
     </span>
    </p>
   </div>
   <div class='ocr_carea' id='block_1_60' title="bbox 1807 2633 3402 2707">
    <p class='ocr_par' dir='ltr' id='par_1_60' title="bbox 1807 2633 3402 2707">
     <span class='ocr_line' id='line_1_60' title="bbox 1807 2633 3402 2707; baseline 0.002 -20"><span class='ocrx_word' id='word_1_467' title='bbox 1807 2633 2099 2702; x_wconf 87' lang='lat' dir='ltr'><strong>voluntas;</strong></span> <span class='ocrx_word' id='word_1_468' title='bbox 2137 2635 2370 2706; x_wconf 90' lang='lat' dir='ltr'><strong>ideoque</strong></span> <span class='ocrx_word' id='word_1_469' title='bbox 2394 2636 2516 2691; x_wconf 86' lang='lat' dir='ltr'><strong>talis</strong></span> <span class='ocrx_word' id='word_1_470' title='bbox 2549 2635 2767 2706; x_wconf 81' lang='lat' dir='ltr'><strong>gloriari</strong></span> <span class='ocrx_word' id='word_1_471' title='bbox 2799 2646 2983 2705; x_wconf 86' lang='lat' dir='ltr'><strong>posset</strong></span> <span class='ocrx_word' id='word_1_472' title='bbox 3040 2637 3188 2707; x_wconf 86' lang='lat' dir='ltr'><strong>quod</strong></span> <span class='ocrx_word' id='word_1_473' title='bbox 3238 2650 3402 2691; x_wconf 83' lang='lat' dir='ltr'><strong>suum</strong></span> 
     </span>
    </p>
   </div>
   <div class='ocr_carea' id='block_1_61' title="bbox 1808 2723 3407 2798">
    <p class='ocr_par' dir='ltr' id='par_1_61' title="bbox 1808 2723 3407 2798">
     <span class='ocr_line' id='line_1_61' title="bbox 1808 2723 3407 2798; baseline 0.004 -21"><span class='ocrx_word' id='word_1_474' title='bbox 1808 2732 1995 2780; x_wconf 85' lang='lat' dir='ltr'><strong>votum</strong></span> <span class='ocrx_word' id='word_1_475' title='bbox 2028 2740 2213 2782; x_wconf 91' lang='lat' dir='ltr'><strong>coram</strong></span> <span class='ocrx_word' id='word_1_476' title='bbox 2240 2723 2352 2782; x_wconf 85' lang='lat' dir='ltr'><strong>Deo</strong></span> <span class='ocrx_word' id='word_1_477' title='bbox 2379 2727 2550 2794; x_wconf 88' lang='lat' dir='ltr'><strong>venit,</strong></span> <span class='ocrx_word' id='word_1_478' title='bbox 2587 2742 2688 2782; x_wconf 91' lang='lat' dir='ltr'><strong>sua</strong></span> <span class='ocrx_word' id='word_1_479' title='bbox 2723 2726 3037 2798; x_wconf 87' lang='lat' dir='ltr'><strong>deprecatio</strong></span> <span class='ocrx_word' id='word_1_480' title='bbox 3060 2729 3115 2782; x_wconf 90' lang='lat' dir='ltr'><strong>in</strong></span> <span class='ocrx_word' id='word_1_481' title='bbox 3169 2743 3407 2797; x_wconf 89' lang='lat' dir='ltr'><strong>conspe-</strong></span> 
     </span>
    </p>
   </div>
   <div class='ocr_carea' id='block_1_62' title="bbox 1809 2818 3408 2892">
    <p class='ocr_par' dir='ltr' id='par_1_62' title="bbox 1809 2818 3408 2892">
     <span class='ocr_line' id='line_1_62' title="bbox 1809 2818 3408 2892; baseline 0.002 -19"><span class='ocrx_word' id='word_1_482' title='bbox 1809 2829 1955 2873; x_wconf 87' lang='lat' dir='ltr'><strong>ctum</strong></span> <span class='ocrx_word' id='word_1_483' title='bbox 1989 2818 2111 2888; x_wconf 84' lang='lat' dir='ltr'><strong>ejus</strong></span> <span class='ocrx_word' id='word_1_484' title='bbox 2141 2820 2491 2892; x_wconf 88' lang='lat' dir='ltr'><strong>pr0pinquat.</strong></span> <span class='ocrx_word' id='word_1_485' title='bbox 2527 2819 2730 2874; x_wconf 88' lang='lat' dir='ltr'><strong>Vocem</strong></span> <span class='ocrx_word' id='word_1_486' title='bbox 2768 2830 2950 2875; x_wconf 89' lang='lat' dir='ltr'><strong>autem</strong></span> <span class='ocrx_word' id='word_1_487' title='bbox 3001 2820 3119 2876; x_wconf 75' lang='lat' dir='ltr'><strong>sola</strong></span> <span class='ocrx_word' id='word_1_488' title='bbox 3165 2836 3275 2876; x_wconf 89' lang='lat' dir='ltr'><strong>non</strong></span> <span class='ocrx_word' id='word_1_489' title='bbox 3319 2821 3408 2876; x_wconf 86' lang='lat' dir='ltr'><strong>hic</strong></span> 
     </span>
    </p>
   </div>
   <div class='ocr_carea' id='block_1_63' title="bbox 1809 2912 3402 2984">
    <p class='ocr_par' dir='ltr' id='par_1_63' title="bbox 1809 2912 3402 2984">
     <span class='ocr_line' id='line_1_63' title="bbox 1809 2912 3402 2984; baseline 0.001 -17"><span class='ocrx_word' id='word_1_490' title='bbox 1809 2912 2134 2981; x_wconf 87' lang='lat' dir='ltr'><strong>simpliciter</strong></span> <span class='ocrx_word' id='word_1_491' title='bbox 2160 2913 2444 2967; x_wconf 88' lang='lat' dir='ltr'><strong>communi</strong></span> <span class='ocrx_word' id='word_1_492' title='bbox 2484 2914 2770 2984; x_wconf 88' lang='lat' dir='ltr'><strong>tenuique,</strong></span> <span class='ocrx_word' id='word_1_493' title='bbox 2827 2913 2927 2968; x_wconf 85' lang='lat' dir='ltr'><strong>sed</strong></span> <span class='ocrx_word' id='word_1_494' title='bbox 2987 2913 3402 2984; x_wconf 85' lang='lat' dir='ltr'><strong>sapientissima</strong></span> 
     </span>
    </p>
   </div>
   <div class='ocr_carea' id='block_1_64' title="bbox 1808 3005 3408 3076">
    <p class='ocr_par' dir='ltr' id='par_1_64' title="bbox 1808 3005 3408 3076">
     <span class='ocr_line' id='line_1_64' title="bbox 1808 3005 3408 3076; baseline 0.003 -18"><span class='ocrx_word' id='word_1_495' title='bbox 1808 3005 2024 3060; x_wconf 89' lang='lat' dir='ltr'><strong>ratione</strong></span> <span class='ocrx_word' id='word_1_496' title='bbox 2058 3006 2258 3060; x_wconf 78' lang='lat' dir='ltr'><strong>artifex</strong></span> <span class='ocrx_word' id='word_1_497' title='bbox 2298 3006 2484 3076; x_wconf 89' lang='lat' dir='ltr'><strong>posuit</strong></span> <span class='ocrx_word' id='word_1_498' title='bbox 2519 3024 2533 3061; x_wconf 91' lang='lat'><strong>:</strong></span> <span class='ocrx_word' id='word_1_499' title='bbox 2577 3007 2650 3061; x_wconf 91' lang='lat' dir='ltr'><strong>ob</strong></span> <span class='ocrx_word' id='word_1_500' title='bbox 2678 3007 3018 3064; x_wconf 89' lang='lat' dir='ltr'><strong>intellectum</strong></span> <span class='ocrx_word' id='word_1_501' title='bbox 3086 3007 3234 3063; x_wconf 91' lang='lat' dir='ltr'><strong>enim</strong></span> <span class='ocrx_word' id='word_1_502' title='bbox 3303 3009 3408 3063; x_wconf 91' lang='lat' dir='ltr'><strong>hoc</strong></span> 
     </span>
    </p>
   </div>
   <div class='ocr_carea' id='block_1_65' title="bbox 1810 3097 3409 3171">
    <p class='ocr_par' dir='ltr' id='par_1_65' title="bbox 1810 3097 3409 3171">
     <span class='ocr_line' id='line_1_65' title="bbox 1810 3097 3409 3171; baseline 0.003 -20"><span class='ocrx_word' id='word_1_503' title='bbox 1810 3097 1948 3153; x_wconf 84' lang='lat' dir='ltr'><strong>dixit</strong></span> <span class='ocrx_word' id='word_1_504' title='bbox 1976 3115 2166 3154; x_wconf 89' lang='lat' dir='ltr'><strong>eorum</strong></span> <span class='ocrx_word' id='word_1_505' title='bbox 2191 3115 2332 3169; x_wconf 67' lang='lat' dir='ltr'><strong>qum,</strong></span> <span class='ocrx_word' id='word_1_506' title='bbox 2355 3101 2499 3155; x_wconf 84' lang='lat' dir='ltr'><strong>sicut</strong></span> <span class='ocrx_word' id='word_1_507' title='bbox 2521 3101 2677 3156; x_wconf 87' lang='lat' dir='ltr'><strong>aiunt</strong></span> <span class='ocrx_word' id='word_1_508' title='bbox 2710 3099 3041 3171; x_wconf 84' lang='lat' dir='ltr'><strong>philosophi,</strong></span> <span class='ocrx_word' id='word_1_509' title='bbox 3063 3098 3409 3170; x_wconf 72' lang='lat' dir='ltr'><strong>subiungun-</strong></span> 
     </span>
    </p>
   </div>
   <div class='ocr_carea' id='block_1_66' title="bbox 1819 3191 3412 3266">
    <p class='ocr_par' dir='ltr' id='par_1_66' title="bbox 1819 3191 3412 3266">
     <span class='ocr_line' id='line_1_66' title="bbox 1819 3191 3412 3266; baseline 0.004 -23"><span class='ocrx_word' id='word_1_510' title='bbox 1819 3200 1904 3246; x_wconf 91' lang='lat' dir='ltr'><strong>tur</strong></span> <span class='ocrx_word' id='word_1_511' title='bbox 1922 3191 2246 3260; x_wconf 83' lang='lat' dir='ltr'><strong>precationi.</strong></span> <span class='ocrx_word' id='word_1_512' title='bbox 2277 3191 2702 3264; x_wconf 75' lang='lat' dir='ltr'><strong>Spbjunguntur</strong></span> <span class='ocrx_word' id='word_1_513' title='bbox 2726 3203 2910 3249; x_wconf 89' lang='lat' dir='ltr'><strong>autem</strong></span> <span class='ocrx_word' id='word_1_514' title='bbox 2948 3195 3051 3266; x_wconf 92' lang='lat' dir='ltr'><strong>ipsi</strong></span> <span class='ocrx_word' id='word_1_515' title='bbox 3077 3195 3312 3261; x_wconf 80' lang='lat' dir='ltr'><strong>suﬂitus,</strong></span> <span class='ocrx_word' id='word_1_516' title='bbox 3346 3197 3412 3250; x_wconf 90' lang='lat' dir='ltr'><strong>li-</strong></span> 
     </span>
    </p>
   </div>
   <div class='ocr_carea' id='block_1_67' title="bbox 1824 3268 3408 3359">
    <p class='ocr_par' dir='ltr' id='par_1_67' title="bbox 1824 3268 3408 3359">
     <span class='ocr_line' id='line_1_67' title="bbox 1824 3268 3408 3359; baseline 0.003 -20"><span class='ocrx_word' id='word_1_517' title='bbox 1824 3268 2068 3347; x_wconf 70' lang='lat' dir='ltr'><strong>bamina,</strong></span> <span class='ocrx_word' id='word_1_518' title='bbox 2089 3284 2346 3348; x_wconf 57' lang='lat' dir='ltr'><strong>victima,</strong></span> <span class='ocrx_word' id='word_1_519' title='bbox 2371 3285 2598 3340; x_wconf 84' lang='lat' dir='ltr'><strong>donaria</strong></span> <span class='ocrx_word' id='word_1_520' title='bbox 2629 3287 2862 3343; x_wconf 87' lang='lat' dir='ltr'><strong>diversa.</strong></span> <span class='ocrx_word' id='word_1_521' title='bbox 2891 3287 3028 3342; x_wconf 89' lang='lat' dir='ltr'><strong>Dicit</strong></span> <span class='ocrx_word' id='word_1_522' title='bbox 3062 3287 3226 3358; x_wconf 80' lang='lat' dir='ltr'><strong>igitur</strong></span> <span class='ocrx_word' id='word_1_523' title='bbox 3258 3287 3408 3359; x_wconf 91' lang='lat' dir='ltr'><strong>quod</strong></span> 
     </span>
    </p>
   </div>
   <div class='ocr_carea' id='block_1_68' title="bbox 1823 3376 3405 3447">
    <p class='ocr_par' dir='ltr' id='par_1_68' title="bbox 1823 3376 3405 3447">
     <span class='ocr_line' id='line_1_68' title="bbox 1823 3376 3405 3447; baseline 0.002 -16"><span class='ocrx_word' id='word_1_524' title='bbox 1823 3392 1919 3447; x_wconf 91' lang='lat' dir='ltr'><strong>per</strong></span> <span class='ocrx_word' id='word_1_525' title='bbox 1943 3376 2114 3431; x_wconf 90' lang='lat' dir='ltr'><strong>Deum</strong></span> <span class='ocrx_word' id='word_1_526' title='bbox 2141 3377 2385 3446; x_wconf 77' lang='lat' dir='ltr'><strong>prodigia</strong></span> <span class='ocrx_word' id='word_1_527' title='bbox 2423 3377 2552 3433; x_wconf 89' lang='lat' dir='ltr'><strong>fecit</strong></span> <span class='ocrx_word' id='word_1_528' title='bbox 2584 3379 2946 3447; x_wconf 67' lang='lat' dir='ltr'><strong>prophetissae</strong></span> <span class='ocrx_word' id='word_1_529' title='bbox 2983 3380 3250 3447; x_wconf 82' lang='lat' dir='ltr'><strong>precatio,</strong></span> <span class='ocrx_word' id='word_1_530' title='bbox 3297 3395 3405 3434; x_wconf 88' lang='lat' dir='ltr'><strong>non</strong></span> 
     </span>
    </p>
   </div>
   <div class='ocr_carea' id='block_1_69' title="bbox 1817 3469 3412 3544">
    <p class='ocr_par' dir='ltr' id='par_1_69' title="bbox 1817 3469 3412 3544">
     <span class='ocr_line' id='line_1_69' title="bbox 1817 3469 3412 3544; baseline 0.003 -19"><span class='ocrx_word' id='word_1_531' title='bbox 1817 3485 1942 3525; x_wconf 86' lang='lat' dir='ltr'><strong>cum</strong></span> <span class='ocrx_word' id='word_1_532' title='bbox 1977 3469 2161 3540; x_wconf 88' lang='lat' dir='ltr'><strong>aliquo</strong></span> <span class='ocrx_word' id='word_1_533' title='bbox 2183 3472 2479 3541; x_wconf 86' lang='lat' dir='ltr'><strong>subjuncto</strong></span> <span class='ocrx_word' id='word_1_534' title='bbox 2505 3472 2590 3527; x_wconf 87' lang='lat' dir='ltr'><strong>vel</strong></span> <span class='ocrx_word' id='word_1_535' title='bbox 2630 3472 2798 3539; x_wconf 78' lang='lat' dir='ltr'><strong>amni,</strong></span> <span class='ocrx_word' id='word_1_536' title='bbox 2851 3475 2945 3530; x_wconf 88' lang='lat' dir='ltr'><strong>sed</strong></span> <span class='ocrx_word' id='word_1_537' title='bbox 2978 3473 3095 3544; x_wconf 90' lang='lat' dir='ltr'><strong>ipsa</strong></span> <span class='ocrx_word' id='word_1_538' title='bbox 3144 3474 3264 3529; x_wconf 89' lang='lat' dir='ltr'><strong>sola</strong></span> <span class='ocrx_word' id='word_1_539' title='bbox 3314 3488 3412 3543; x_wconf 86' lang='lat' dir='ltr'><strong>per</strong></span> 
     </span>
    </p>
   </div>
   <div class='ocr_carea' id='block_1_70' title="bbox 1813 3564 3414 3636">
    <p class='ocr_par' dir='ltr' id='par_1_70' title="bbox 1813 3564 3414 3636">
     <span class='ocr_line' id='line_1_70' title="bbox 1813 3564 3414 3636; baseline 0 -15"><span class='ocrx_word' id='word_1_540' title='bbox 1813 3566 1987 3632; x_wconf 81' lang='lat' dir='ltr'><strong>ipsam</strong></span> <span class='ocrx_word' id='word_1_541' title='bbox 2010 3578 2150 3632; x_wconf 85' lang='lat' dir='ltr'><strong>;qua</strong></span> <span class='ocrx_word' id='word_1_542' title='bbox 2166 3564 2327 3634; x_wconf 77' lang='lat' dir='ltr'><strong>digne</strong></span> <span class='ocrx_word' id='word_1_543' title='bbox 2344 3579 2568 3636; x_wconf 87' lang='lat' dir='ltr'><strong>prorsus</strong></span> <span class='ocrx_word' id='word_1_544' title='bbox 2599 3565 2802 3630; x_wconf 88' lang='lat' dir='ltr'><strong>oblata,</strong></span> <span class='ocrx_word' id='word_1_545' title='bbox 2825 3567 3066 3621; x_wconf 80' lang='lat' dir='ltr'><strong>salvatur</strong></span> <span class='ocrx_word' id='word_1_546' title='bbox 3086 3567 3271 3632; x_wconf 87' lang='lat' dir='ltr'><strong>homo,</strong></span> <span class='ocrx_word' id='word_1_547' title='bbox 3290 3567 3386 3623; x_wconf 91' lang='lat' dir='ltr'><strong>nul</strong></span> <span class='ocrx_word' id='word_1_548' title='bbox 3406 3595 3414 3602; x_wconf 86' lang='lat'><strong>-</strong></span> 
     </span>
    </p>
   </div>
   <div class='ocr_carea' id='block_1_71' title="bbox 1815 3641 3407 3727">
    <p class='ocr_par' dir='ltr' id='par_1_71' title="bbox 1815 3641 3407 3727">
     <span class='ocr_line' id='line_1_71' title="bbox 1815 3641 3407 3727; baseline 0.003 -17"><span class='ocrx_word' id='word_1_549' title='bbox 1815 3641 1926 3711; x_wconf 83' lang='lat' dir='ltr'><strong>lam</strong></span> <span class='ocrx_word' id='word_1_550' title='bbox 1960 3655 2167 3709; x_wconf 85' lang='lat' dir='ltr'><strong>habens</strong></span> <span class='ocrx_word' id='word_1_551' title='bbox 2199 3654 2481 3711; x_wconf 89' lang='lat' dir='ltr'><strong>inmundo</strong></span> <span class='ocrx_word' id='word_1_552' title='bbox 2523 3657 2877 3712; x_wconf 82' lang='lat' dir='ltr'><strong>eminentiam</strong></span> <span class='ocrx_word' id='word_1_553' title='bbox 2901 3666 2996 3713; x_wconf 88' lang='lat' dir='ltr'><strong>aut</strong></span> <span class='ocrx_word' id='word_1_554' title='bbox 3016 3659 3407 3727; x_wconf 65' lang='lat' dir='ltr'><strong>praestantiam.</strong></span> 
     </span>
    </p>
   </div>
   <div class='ocr_carea' id='block_1_72' title="bbox 152 3745 3408 3828">
    <p class='ocr_par' dir='ltr' id='par_1_72' title="bbox 152 3745 3408 3828">
     <span class='ocr_line' id='line_1_72' title="bbox 152 3745 3408 3828; baseline 0.003 -28"><span class='ocrx_word' id='word_1_555' title='bbox 152 3747 264 3817; x_wconf 80' lang='grc' dir='ltr'>αὑτὴ</span> <span class='ocrx_word' id='word_1_556' title='bbox 287 3748 404 3803; x_wconf 83' lang='grc' dir='ltr'>κατ’</span> <span class='ocrx_word' id='word_1_557' title='bbox 427 3749 626 3821; x_wconf 75' lang='grc' dir='ltr'>αὐτὴν,</span> <span class='ocrx_word' id='word_1_558' title='bbox 661 3749 730 3805; x_wconf 88' lang='grc' dir='ltr'>δι’</span> <span class='ocrx_word' id='word_1_559' title='bbox 756 3745 823 3823; x_wconf 83' lang='grc' dir='ltr'>ἦς</span> <span class='ocrx_word' id='word_1_560' title='bbox 856 3749 1080 3814; x_wconf 81' lang='grc' dir='ltr'>δικαίως</span> <span class='ocrx_word' id='word_1_561' title='bbox 1115 3752 1332 3815; x_wconf 88' lang='grc' dir='ltr'>πάντως</span> <span class='ocrx_word' id='word_1_562' title='bbox 1395 3753 1833 3825; x_wconf 80' lang='grc' dir='ltr'>ἀναφερομένης,</span> <span class='ocrx_word' id='word_1_563' title='bbox 1911 3753 2146 3817; x_wconf 75' lang='grc' dir='ltr'>σώζεται</span> <span class='ocrx_word' id='word_1_564' title='bbox 2196 3755 2506 3824; x_wconf 76' lang='grc' dir='ltr'>ἄνθρωπος,</span> <span class='ocrx_word' id='word_1_565' title='bbox 2556 3755 2830 3828; x_wconf 87' lang='grc' dir='ltr'>μηδεμίαν</span> <span class='ocrx_word' id='word_1_566' title='bbox 2883 3755 3024 3826; x_wconf 74' lang='grc' dir='ltr'>ἔχων</span> <span class='ocrx_word' id='word_1_567' title='bbox 3089 3757 3149 3810; x_wconf 84' lang='grc' dir='ltr'><strong>ἐν</strong></span> <span class='ocrx_word' id='word_1_568' title='bbox 3216 3756 3408 3827; x_wconf 85' lang='grc' dir='ltr'>κόσμῳ</span> 
     </span>
    </p>
   </div>
   <div class='ocr_carea' id='block_1_73' title="bbox 153 3845 1366 3921">
    <p class='ocr_par' dir='ltr' id='par_1_73' title="bbox 153 3845 1366 3921">
     <span class='ocr_line' id='line_1_73' title="bbox 153 3845 1366 3921; baseline 0.006 -25"><span class='ocrx_word' id='word_1_569' title='bbox 153 3845 430 3918; x_wconf 74' lang='grc' dir='ltr'>περιϐολὴν,</span> <span class='ocrx_word' id='word_1_570' title='bbox 466 3845 646 3900; x_wconf 73' lang='grc' dir='ltr'>εἷτουν</span> <span class='ocrx_word' id='word_1_571' title='bbox 679 3847 1044 3921; x_wconf 84' lang='grc' dir='ltr'>περιττότητα</span> <span class='ocrx_word' id='word_1_572' title='bbox 1075 3848 1366 3920; x_wconf 83' lang='grc' dir='ltr'>βιωτικήν.</span> 
     </span>
    </p>
   </div>
   <div class='ocr_carea' id='block_1_74' title="bbox 207 3940 1711 4016">
    <p class='ocr_par' dir='ltr' id='par_1_74' title="bbox 207 3940 1711 4016">
     <span class='ocr_line' id='line_1_74' title="bbox 207 3940 1711 4016; baseline 0.001 -22"><span class='ocrx_word' id='word_1_573' title='bbox 207 3940 292 4012; x_wconf 81' lang='grc' dir='ltr'>ξη’.</span> <span class='ocrx_word' id='word_1_574' title='bbox 308 3943 378 3994; x_wconf 85' lang='grc' dir='ltr'>Τὸ</span> <span class='ocrx_word' id='word_1_575' title='bbox 404 3943 467 3998; x_wconf 85' lang='grc' dir='ltr'>δὲ</span> <span class='ocrx_word' id='word_1_576' title='bbox 519 3941 631 4012; x_wconf 81' lang='grc' dir='ltr'>τῆς</span> <span class='ocrx_word' id='word_1_577' title='bbox 693 3944 1064 4014; x_wconf 69' lang='grc' dir='ltr'>προφήτιδος</span> <span class='ocrx_word' id='word_1_578' title='bbox 1095 3943 1324 4013; x_wconf 66' lang='lat' dir='ltr'><strong>&quot;Av-rm;</strong></span> <span class='ocrx_word' id='word_1_579' title='bbox 1367 3947 1467 4016; x_wconf 72' lang='grc' dir='ltr'>τὴν</span> <span class='ocrx_word' id='word_1_580' title='bbox 1524 3948 1590 3998; x_wconf 81' lang='grc' dir='ltr'><strong>ἐκ</strong></span> <span class='ocrx_word' id='word_1_581' title='bbox 1617 3946 1711 3999; x_wconf 82' lang='grc' dir='ltr'><strong>τοῦ</strong></span> 
     </span>
    </p>
   </div>
   <div class='ocr_carea' id='block_1_75' title="bbox 153 4030 1712 4108">
    <p class='ocr_par' dir='ltr' id='par_1_75' title="bbox 153 4030 1712 4108">
     <span class='ocr_line' id='line_1_75' title="bbox 153 4030 1712 4108; baseline 0.003 -24"><span class='ocrx_word' id='word_1_582' title='bbox 153 4030 263 4086; x_wconf 84' lang='grc' dir='ltr'>Θεοῦ</span> <span class='ocrx_word' id='word_1_583' title='bbox 291 4034 395 4088; x_wconf 89' lang='grc' dir='ltr'><strong>τῶν</strong></span> <span class='ocrx_word' id='word_1_584' title='bbox 451 4033 730 4103; x_wconf 85' lang='grc' dir='ltr'>γνώσεων,</span> <span class='ocrx_word' id='word_1_585' title='bbox 769 4037 827 4089; x_wconf 84' lang='grc' dir='ltr'><strong>ἐν</strong></span> <span class='ocrx_word' id='word_1_586' title='bbox 865 4038 930 4108; x_wconf 84' lang='grc' dir='ltr'>τῇ</span> <span class='ocrx_word' id='word_1_587' title='bbox 983 4036 1129 4107; x_wconf 79' lang='grc' dir='ltr'>ψυχῇ</span> <span class='ocrx_word' id='word_1_588' title='bbox 1161 4039 1258 4107; x_wconf 85' lang='grc' dir='ltr'>τῆς</span> <span class='ocrx_word' id='word_1_589' title='bbox 1313 4037 1473 4106; x_wconf 86' lang='grc' dir='ltr'>ἁγίας</span> <span class='ocrx_word' id='word_1_590' title='bbox 1508 4039 1712 4106; x_wconf 76' lang='grc' dir='ltr'>γνῶσιν</span> 
     </span>
    </p>
   </div>
   <div class='ocr_carea' id='block_1_76' title="bbox 152 4127 1711 4200">
    <p class='ocr_par' dir='ltr' id='par_1_76' title="bbox 152 4127 1711 4200">
     <span class='ocr_line' id='line_1_76' title="bbox 152 4127 1711 4200; baseline 0.003 -20"><span class='ocrx_word' id='word_1_591' title='bbox 152 4127 250 4193; x_wconf 64' lang='grc' dir='ltr'>ἦτοι</span> <span class='ocrx_word' id='word_1_592' title='bbox 274 4129 584 4200; x_wconf 73' lang='grc' dir='ltr'>πρόγνωσιν</span> <span class='ocrx_word' id='word_1_593' title='bbox 625 4129 794 4198; x_wconf 80' lang='grc' dir='ltr'>δηλοῖ,</span> <span class='ocrx_word' id='word_1_594' title='bbox 823 4131 919 4184; x_wconf 77' lang='grc' dir='ltr'>καὶ</span> <span class='ocrx_word' id='word_1_595' title='bbox 943 4130 1005 4184; x_wconf 79' lang='grc' dir='ltr'>τὺ</span> <span class='ocrx_word' id='word_1_596' title='bbox 1025 4129 1232 4184; x_wconf 82' lang='grc' dir='ltr'>ἐκεῖθεν</span> <span class='ocrx_word' id='word_1_597' title='bbox 1267 4129 1479 4185; x_wconf 72' lang='grc' dir='ltr'>εὔελπι.</span> <span class='ocrx_word' id='word_1_598' title='bbox 1509 4131 1580 4184; x_wconf 77' lang='grc' dir='ltr'><strong>Εὖ</strong></span> <span class='ocrx_word' id='word_1_599' title='bbox 1602 4133 1711 4200; x_wconf 86' lang='grc' dir='ltr'><strong>γὰρ</strong></span> 
     </span>
    </p>
   </div>
   <div class='ocr_carea' id='block_1_77' title="bbox 157 4215 1708 4294">
    <p class='ocr_par' dir='ltr' id='par_1_77' title="bbox 157 4215 1708 4294">
     <span class='ocr_line' id='line_1_77' title="bbox 157 4215 1708 4294; baseline 0.006 -27"><span class='ocrx_word' id='word_1_600' title='bbox 157 4217 299 4273; x_wconf 74' lang='grc' dir='ltr'>εἰδυῖα</span> <span class='ocrx_word' id='word_1_601' title='bbox 321 4222 403 4276; x_wconf 84' lang='grc' dir='ltr'><strong>ὅτι</strong></span> <span class='ocrx_word' id='word_1_602' title='bbox 434 4221 542 4276; x_wconf 73' lang='grc' dir='ltr'><strong>κᾶν</strong></span> <span class='ocrx_word' id='word_1_603' title='bbox 569 4221 753 4275; x_wconf 81' lang='grc' dir='ltr'>ἄλυτοι</span> <span class='ocrx_word' id='word_1_604' title='bbox 769 4215 904 4277; x_wconf 79' lang='grc' dir='ltr'>ὦσιν</span> <span class='ocrx_word' id='word_1_605' title='bbox 935 4223 1111 4288; x_wconf 76' lang='grc' dir='ltr'>ἄλλως</span> <span class='ocrx_word' id='word_1_606' title='bbox 1138 4225 1188 4277; x_wconf 74' lang='grc' dir='ltr'><strong>οἱ</strong></span> <span class='ocrx_word' id='word_1_607' title='bbox 1212 4223 1404 4294; x_wconf 81' lang='grc' dir='ltr'>δεσμοὶ</span> <span class='ocrx_word' id='word_1_608' title='bbox 1434 4224 1532 4293; x_wconf 84' lang='grc' dir='ltr'>τῆς</span> <span class='ocrx_word' id='word_1_609' title='bbox 1563 4241 1708 4276; x_wconf 84' lang='grc' dir='ltr'>στει-</span> 
     </span>
    </p>
   </div>
   <div class='ocr_carea' id='block_1_78' title="bbox 159 4311 1707 4386">
    <p class='ocr_par' dir='ltr' id='par_1_78' title="bbox 159 4311 1707 4386">
     <span class='ocr_line' id='line_1_78' title="bbox 159 4311 1707 4386; baseline 0.001 -19"><span class='ocrx_word' id='word_1_610' title='bbox 159 4314 371 4377; x_wconf 68' lang='grc' dir='ltr'>εκῦσεως,</span> <span class='ocrx_word' id='word_1_611' title='bbox 419 4313 577 4382; x_wconf 83' lang='grc' dir='ltr'>ὅμως</span> <span class='ocrx_word' id='word_1_612' title='bbox 609 4312 928 4369; x_wconf 87' lang='grc' dir='ltr'>λελύσονται</span> <span class='ocrx_word' id='word_1_613' title='bbox 968 4315 1134 4386; x_wconf 82' lang='grc' dir='ltr'>αὐτῇ,</span> <span class='ocrx_word' id='word_1_614' title='bbox 1178 4315 1332 4370; x_wconf 82' lang='grc' dir='ltr'>οὐδὲν</span> <span class='ocrx_word' id='word_1_615' title='bbox 1367 4311 1531 4386; x_wconf 84' lang='grc' dir='ltr'>ἦττον</span> <span class='ocrx_word' id='word_1_616' title='bbox 1559 4316 1707 4386; x_wconf 77' lang='grc' dir='ltr'>ἥπερ</span> 
     </span>
    </p>
   </div>
   <div class='ocr_carea' id='block_1_79' title="bbox 153 4405 1707 4477">
    <p class='ocr_par' dir='ltr' id='par_1_79' title="bbox 153 4405 1707 4477">
     <span class='ocr_line' id='line_1_79' title="bbox 153 4405 1707 4477; baseline 0.006 -26"><span class='ocrx_word' id='word_1_617' title='bbox 153 4405 206 4470; x_wconf 73' lang='grc' dir='ltr'>τῇ</span> <span class='ocrx_word' id='word_1_618' title='bbox 233 4405 470 4476; x_wconf 70' lang='grc' dir='ltr'>μικαρίᾳ</span> <span class='ocrx_word' id='word_1_619' title='bbox 504 4406 717 4475; x_wconf 73' lang='grc' dir='ltr'>Σάρρα,</span> <span class='ocrx_word' id='word_1_620' title='bbox 751 4405 801 4459; x_wconf 76' lang='grc' dir='ltr'><strong>εί</strong></span> <span class='ocrx_word' id='word_1_621' title='bbox 836 4406 975 4477; x_wconf 77' lang='grc' dir='ltr'>μετὰ</span> <span class='ocrx_word' id='word_1_622' title='bbox 1024 4407 1497 4477; x_wconf 82' lang='grc' dir='ltr'>συντετριμμένου</span> <span class='ocrx_word' id='word_1_623' title='bbox 1541 4407 1707 4460; x_wconf 79' lang='grc' dir='ltr'>πνεύ-</span> 
     </span>
    </p>
   </div>
   <div class='ocr_carea' id='block_1_80' title="bbox 154 4495 1711 4570">
    <p class='ocr_par' dir='ltr' id='par_1_80' title="bbox 154 4495 1711 4570">
     <span class='ocr_line' id='line_1_80' title="bbox 154 4495 1711 4570; baseline 0.006 -25"><span class='ocrx_word' id='word_1_624' title='bbox 154 4510 296 4559; x_wconf 74' lang='grc' dir='ltr'>ματος</span> <span class='ocrx_word' id='word_1_625' title='bbox 323 4496 541 4563; x_wconf 73' lang='grc' dir='ltr'>εὔξεται</span> <span class='ocrx_word' id='word_1_626' title='bbox 571 4497 650 4567; x_wconf 83' lang='grc' dir='ltr'>τῷ</span> <span class='ocrx_word' id='word_1_627' title='bbox 671 4497 811 4565; x_wconf 79' lang='grc' dir='ltr'>Θεῷ,</span> <span class='ocrx_word' id='word_1_628' title='bbox 838 4499 1136 4570; x_wconf 83' lang='grc' dir='ltr'>πεποίηκεν</span> <span class='ocrx_word' id='word_1_629' title='bbox 1163 4499 1310 4554; x_wconf 78' lang='grc' dir='ltr'>οὕτω</span> <span class='ocrx_word' id='word_1_630' title='bbox 1329 4515 1344 4531; x_wconf 83' lang='grc'>⁶</span> <span class='ocrx_word' id='word_1_631' title='bbox 1378 4503 1473 4556; x_wconf 81' lang='grc' dir='ltr'>καὶ</span> <span class='ocrx_word' id='word_1_632' title='bbox 1496 4495 1622 4570; x_wconf 75' lang='grc' dir='ltr'>εὗρε</span> <span class='ocrx_word' id='word_1_633' title='bbox 1649 4503 1711 4554; x_wconf 73' lang='grc' dir='ltr'>τὸ</span> 
     </span>
    </p>
   </div>
   <div class='ocr_carea' id='block_1_81' title="bbox 1894 3944 3406 4015">
    <p class='ocr_par' dir='ltr' id='par_1_81' title="bbox 1894 3944 3406 4015">
     <span class='ocr_line' id='line_1_81' title="bbox 1894 3944 3406 4015; baseline 0.001 -15"><span class='ocrx_word' id='word_1_634' title='bbox 1894 3945 1982 4001; x_wconf 85' lang='grc'><strong>68.</strong></span> <span class='ocrx_word' id='word_1_635' title='bbox 2005 3946 2118 4001; x_wconf 72' lang='lat' dir='ltr'><strong>Vox</strong></span> <span class='ocrx_word' id='word_1_636' title='bbox 2173 3946 2508 4015; x_wconf 75' lang='lat' dir='ltr'><strong>prophetissa:</strong></span> <span class='ocrx_word' id='word_1_637' title='bbox 2535 3946 2720 4010; x_wconf 68' lang='lat' dir='ltr'><strong>Annae,</strong></span> <span class='ocrx_word' id='word_1_638' title='bbox 2754 3944 2898 3999; x_wconf 87' lang='lat' dir='ltr'><strong>illam</strong></span> <span class='ocrx_word' id='word_1_639' title='bbox 2927 3944 3281 4000; x_wconf 86' lang='lat' dir='ltr'><strong>scientiarum</strong></span> <span class='ocrx_word' id='word_1_640' title='bbox 3312 3946 3406 4002; x_wconf 87' lang='lat' dir='ltr'><strong>Dei</strong></span> 
     </span>
    </p>
   </div>
   <div class='ocr_carea' id='block_1_82' title="bbox 1820 4038 3403 4108">
    <p class='ocr_par' dir='ltr' id='par_1_82' title="bbox 1820 4038 3403 4108">
     <span class='ocr_line' id='line_1_82' title="bbox 1820 4038 3403 4108; baseline -0.001 -15"><span class='ocrx_word' id='word_1_641' title='bbox 1820 4040 2110 4094; x_wconf 83' lang='lat' dir='ltr'><strong>scientiam</strong></span> <span class='ocrx_word' id='word_1_642' title='bbox 2133 4041 2249 4092; x_wconf 84' lang='lat' dir='ltr'><strong>sive</strong></span> <span class='ocrx_word' id='word_1_643' title='bbox 2275 4038 2678 4106; x_wconf 79' lang='lat' dir='ltr'><strong>praescientiam</strong></span> <span class='ocrx_word' id='word_1_644' title='bbox 2705 4047 2760 4092; x_wconf 91' lang='lat' dir='ltr'><strong>et</strong></span> <span class='ocrx_word' id='word_1_645' title='bbox 2782 4039 2987 4093; x_wconf 85' lang='lat' dir='ltr'><strong>exinde</strong></span> <span class='ocrx_word' id='word_1_646' title='bbox 3024 4039 3220 4094; x_wconf 89' lang='lat' dir='ltr'><strong>bonam</strong></span> <span class='ocrx_word' id='word_1_647' title='bbox 3250 4055 3403 4108; x_wconf 90' lang='lat' dir='ltr'><strong>spem</strong></span> 
     </span>
    </p>
   </div>
   <div class='ocr_carea' id='block_1_83' title="bbox 1822 4129 3404 4199">
    <p class='ocr_par' dir='ltr' id='par_1_83' title="bbox 1822 4129 3404 4199">
     <span class='ocr_line' id='line_1_83' title="bbox 1822 4129 3404 4199; baseline 0.002 -16"><span class='ocrx_word' id='word_1_648' title='bbox 1822 4130 2096 4184; x_wconf 85' lang='lat' dir='ltr'><strong>inanima</strong></span> <span class='ocrx_word' id='word_1_649' title='bbox 2134 4138 2336 4183; x_wconf 71' lang='lat' dir='ltr'><strong>sancta!</strong></span> <span class='ocrx_word' id='word_1_650' title='bbox 2395 4129 2676 4182; x_wconf 87' lang='lat' dir='ltr'><strong>ostendit:</strong></span> <span class='ocrx_word' id='word_1_651' title='bbox 2737 4129 2875 4184; x_wconf 87' lang='lat' dir='ltr'><strong>bene</strong></span> <span class='ocrx_word' id='word_1_652' title='bbox 2930 4145 3168 4199; x_wconf 89' lang='lat' dir='ltr'><strong>namque</strong></span> <span class='ocrx_word' id='word_1_653' title='bbox 3222 4131 3404 4186; x_wconf 87' lang='lat' dir='ltr'><strong>sciens</strong></span> 
     </span>
    </p>
   </div>
   <div class='ocr_carea' id='block_1_84' title="bbox 1815 4217 3405 4285">
    <p class='ocr_par' dir='ltr' id='par_1_84' title="bbox 1815 4217 3405 4285">
     <span class='ocr_line' id='line_1_84' title="bbox 1815 4217 3405 4285; baseline 0 -11"><span class='ocrx_word' id='word_1_654' title='bbox 1815 4219 2122 4274; x_wconf 84' lang='lat' dir='ltr'><strong>sterilitatis</strong></span> <span class='ocrx_word' id='word_1_655' title='bbox 2146 4219 2384 4285; x_wconf 88' lang='lat' dir='ltr'><strong>vincula,</strong></span> <span class='ocrx_word' id='word_1_656' title='bbox 2411 4217 2891 4284; x_wconf 87' lang='lat' dir='ltr'><strong>licetinsolubilia,</strong></span> <span class='ocrx_word' id='word_1_657' title='bbox 2925 4228 3108 4274; x_wconf 85' lang='lat' dir='ltr'><strong>tamen</strong></span> <span class='ocrx_word' id='word_1_658' title='bbox 3147 4219 3264 4275; x_wconf 89' lang='lat' dir='ltr'><strong>fore</strong></span> <span class='ocrx_word' id='word_1_659' title='bbox 3294 4220 3405 4276; x_wconf 56' lang='lat' dir='ltr'><strong>sol.-</strong></span> 
     </span>
    </p>
   </div>
   <div class='ocr_carea' id='block_1_85' title="bbox 1817 4309 3395 4378">
    <p class='ocr_par' dir='ltr' id='par_1_85' title="bbox 1817 4309 3395 4378">
     <span class='ocr_line' id='line_1_85' title="bbox 1817 4309 3395 4378; baseline 0.003 -17"><span class='ocrx_word' id='word_1_660' title='bbox 1817 4313 1989 4366; x_wconf 80' lang='lat' dir='ltr'><strong>venda</strong></span> <span class='ocrx_word' id='word_1_661' title='bbox 2018 4311 2146 4374; x_wconf 87' lang='lat' dir='ltr'><strong>sibi,</strong></span> <span class='ocrx_word' id='word_1_662' title='bbox 2181 4325 2287 4362; x_wconf 89' lang='lat' dir='ltr'><strong>non</strong></span> <span class='ocrx_word' id='word_1_663' title='bbox 2317 4310 2502 4363; x_wconf 89' lang='lat' dir='ltr'><strong>minus</strong></span> <span class='ocrx_word' id='word_1_664' title='bbox 2528 4323 2694 4378; x_wconf 84' lang='lat' dir='ltr'><strong>quam</strong></span> <span class='ocrx_word' id='word_1_665' title='bbox 2728 4309 2900 4365; x_wconf 63' lang='lat' dir='ltr'><strong>beatae</strong></span> <span class='ocrx_word' id='word_1_666' title='bbox 2931 4309 3101 4374; x_wconf 71' lang='lat' dir='ltr'><strong>Sane,</strong></span> <span class='ocrx_word' id='word_1_667' title='bbox 3166 4313 3210 4366; x_wconf 92' lang='lat' dir='ltr'><strong>si</strong></span> <span class='ocrx_word' id='word_1_668' title='bbox 3270 4327 3395 4366; x_wconf 85' lang='lat' dir='ltr'><strong>cum</strong></span> 
     </span>
    </p>
   </div>
   <div class='ocr_carea' id='block_1_86' title="bbox 1819 4400 3405 4475">
    <p class='ocr_par' dir='ltr' id='par_1_86' title="bbox 1819 4400 3405 4475">
     <span class='ocr_line' id='line_1_86' title="bbox 1819 4400 3405 4475; baseline -0.001 -15"><span class='ocrx_word' id='word_1_669' title='bbox 1819 4405 2016 4475; x_wconf 90' lang='lat' dir='ltr'><strong>spiritu</strong></span> <span class='ocrx_word' id='word_1_670' title='bbox 2045 4402 2282 4457; x_wconf 88' lang='lat' dir='ltr'><strong>contrito</strong></span> <span class='ocrx_word' id='word_1_671' title='bbox 2336 4410 2652 4470; x_wconf 87' lang='lat' dir='ltr'><strong>precaretur</strong></span> <span class='ocrx_word' id='word_1_672' title='bbox 2711 4400 2883 4456; x_wconf 91' lang='lat' dir='ltr'><strong>Deum</strong></span> <span class='ocrx_word' id='word_1_673' title='bbox 2917 4439 2932 4464; x_wconf 93' lang='lat'><strong>,</strong></span> <span class='ocrx_word' id='word_1_674' title='bbox 2998 4403 3071 4456; x_wconf 84' lang='lat' dir='ltr'><strong>ita</strong></span> <span class='ocrx_word' id='word_1_675' title='bbox 3152 4403 3302 4468; x_wconf 89' lang='lat' dir='ltr'><strong>fecit,</strong></span> <span class='ocrx_word' id='word_1_676' title='bbox 3347 4414 3405 4460; x_wconf 91' lang='lat' dir='ltr'><strong>et</strong></span> 
     </span>
    </p>
   </div>
   <div class='ocr_carea' id='block_1_87' title="bbox 1821 4497 3396 4570">
    <p class='ocr_par' dir='ltr' id='par_1_87' title="bbox 1821 4497 3396 4570">
     <span class='ocr_line' id='line_1_87' title="bbox 1821 4497 3396 4570; baseline -0.001 -16"><span class='ocrx_word' id='word_1_677' title='bbox 1821 4501 1965 4570; x_wconf 89' lang='lat' dir='ltr'><strong>quod</strong></span> <span class='ocrx_word' id='word_1_678' title='bbox 2001 4498 2348 4553; x_wconf 86' lang='lat' dir='ltr'><strong>desiderabat</strong></span> <span class='ocrx_word' id='word_1_679' title='bbox 2367 4499 2502 4552; x_wconf 87' lang='lat' dir='ltr'><strong>citra</strong></span> <span class='ocrx_word' id='word_1_680' title='bbox 2555 4511 2704 4566; x_wconf 86' lang='lat' dir='ltr'><strong>spem</strong></span> <span class='ocrx_word' id='word_1_681' title='bbox 2748 4506 2970 4566; x_wconf 81' lang='lat' dir='ltr'><strong>experta</strong></span> <span class='ocrx_word' id='word_1_682' title='bbox 3026 4506 3130 4554; x_wconf 87' lang='lat' dir='ltr'><strong>est.</strong></span> <span class='ocrx_word' id='word_1_683' title='bbox 3204 4497 3336 4552; x_wconf 89' lang='lat' dir='ltr'><strong>Illud</strong></span> <span class='ocrx_word' id='word_1_684' title='bbox 3383 4516 3396 4552; x_wconf 92' lang='lat'><strong>:</strong></span> 
     </span>
    </p>
   </div>
   <div class='ocr_carea' id='block_1_88' title="bbox 156 4585 1707 4662">
    <p class='ocr_par' dir='ltr' id='par_1_88' title="bbox 156 4585 1707 4662">
     <span class='ocr_line' id='line_1_88' title="bbox 156 4585 1707 4662; baseline 0.007 -28"><span class='ocrx_word' id='word_1_685' title='bbox 156 4585 317 4652; x_wconf 62' lang='grc' dir='ltr'>ἐφετὸν</span> <span class='ocrx_word' id='word_1_686' title='bbox 341 4588 644 4660; x_wconf 72' lang='grc' dir='ltr'>ἐκϐεϐηκὸς</span> <span class='ocrx_word' id='word_1_687' title='bbox 680 4590 819 4661; x_wconf 78' lang='grc' dir='ltr'>αὐτῇ</span> <span class='ocrx_word' id='word_1_688' title='bbox 845 4591 968 4644; x_wconf 86' lang='grc' dir='ltr'>κατ’</span> <span class='ocrx_word' id='word_1_689' title='bbox 1000 4591 1213 4646; x_wconf 85' lang='grc' dir='ltr'>ἐλπίδα.</span> <span class='ocrx_word' id='word_1_690' title='bbox 1241 4592 1314 4645; x_wconf 83' lang='grc' dir='ltr'>Τὸ</span> <span class='ocrx_word' id='word_1_691' title='bbox 1348 4592 1402 4644; x_wconf 79' lang='grc' dir='ltr'>δὲ</span> <span class='ocrx_word' id='word_1_692' title='bbox 1432 4593 1707 4662; x_wconf 77' lang='grc' dir='ltr'>φερούσης</span> 
     </span>
    </p>
   </div>
   <div class='ocr_carea' id='block_1_89' title="bbox 1826 4585 3396 4662">
    <p class='ocr_par' dir='ltr' id='par_1_89' title="bbox 1826 4589 3396 4658">
     <span class='ocr_line' id='line_1_89' title="bbox 1826 4589 3396 4658; baseline 0.001 -12"><span class='ocrx_word' id='word_1_693' title='bbox 1826 4591 2042 4649; x_wconf 75' lang='lat' dir='ltr'><strong>ferentis</strong></span> <span class='ocrx_word' id='word_1_694' title='bbox 2066 4591 2134 4645; x_wconf 88' lang='lat' dir='ltr'><strong>ad</strong></span> <span class='ocrx_word' id='word_1_695' title='bbox 2173 4589 2339 4645; x_wconf 87' lang='lat' dir='ltr'><strong>Deum</strong></span> <span class='ocrx_word' id='word_1_696' title='bbox 2373 4589 2636 4658; x_wconf 87' lang='lat' dir='ltr'><strong>spiritum</strong></span> <span class='ocrx_word' id='word_1_697' title='bbox 2668 4591 2992 4655; x_wconf 87' lang='lat' dir='ltr'><strong>contritum,</strong></span> <span class='ocrx_word' id='word_1_698' title='bbox 3033 4591 3214 4645; x_wconf 86' lang='lat' dir='ltr'><strong>ionico</strong></span> <span class='ocrx_word' id='word_1_699' title='bbox 3245 4606 3396 4648; x_wconf 82' lang='lat' dir='ltr'><strong>more</strong></span> 
     </span>
    </p>
   </div>
   <div class='ocr_carea' id='block_1_90' title="bbox 157 4678 1711 4752">
    <p class='ocr_par' dir='ltr' id='par_1_90' title="bbox 157 4678 1711 4752">
     <span class='ocr_line' id='line_1_90' title="bbox 157 4678 1711 4752; baseline 0.007 -24"><span class='ocrx_word' id='word_1_700' title='bbox 157 4678 348 4746; x_wconf 80' lang='grc' dir='ltr'>πνεῦμα</span> <span class='ocrx_word' id='word_1_701' title='bbox 385 4682 851 4752; x_wconf 80' lang='grc' dir='ltr'>συντετριμμένον</span> <span class='ocrx_word' id='word_1_702' title='bbox 881 4683 1020 4752; x_wconf 77' lang='grc' dir='ltr'>πρὸς</span> <span class='ocrx_word' id='word_1_703' title='bbox 1047 4683 1139 4736; x_wconf 83' lang='grc' dir='ltr'><strong>τὸν</strong></span> <span class='ocrx_word' id='word_1_704' title='bbox 1161 4683 1316 4750; x_wconf 79' lang='grc' dir='ltr'>Θεὸν,</span> <span class='ocrx_word' id='word_1_705' title='bbox 1341 4684 1587 4738; x_wconf 84' lang='grc' dir='ltr'>διάλυσιν</span> <span class='ocrx_word' id='word_1_706' title='bbox 1612 4687 1711 4739; x_wconf 72' lang='grc' dir='ltr'><strong>πέυ</strong></span> 
     </span>
    </p>
   </div>
   <div class='ocr_carea' id='block_1_91' title="bbox 157 4772 1714 4847">
    <p class='ocr_par' dir='ltr' id='par_1_91' title="bbox 157 4772 1714 4847">
     <span class='ocr_line' id='line_1_91' title="bbox 157 4772 1714 4847; baseline 0.006 -25"><span class='ocrx_word' id='word_1_707' title='bbox 157 4772 329 4827; x_wconf 81' lang='grc' dir='ltr'>πονθεν</span> <span class='ocrx_word' id='word_1_708' title='bbox 364 4775 464 4844; x_wconf 83' lang='grc' dir='ltr'>τῆς</span> <span class='ocrx_word' id='word_1_709' title='bbox 518 4776 841 4845; x_wconf 80' lang='grc' dir='ltr'>προσφορᾶς</span> <span class='ocrx_word' id='word_1_710' title='bbox 895 4775 1296 4847; x_wconf 79' lang='grc' dir='ltr'>ίωνικωτέρως.</span> <span class='ocrx_word' id='word_1_711' title='bbox 1367 4776 1456 4840; x_wconf 81' lang='grc' dir='ltr'>Ὠς</span> <span class='ocrx_word' id='word_1_712' title='bbox 1493 4777 1602 4847; x_wconf 87' lang='grc' dir='ltr'>γὰρ</span> <span class='ocrx_word' id='word_1_713' title='bbox 1651 4777 1714 4830; x_wconf 81' lang='grc' dir='ltr'>τὸ</span> 
     </span>
    </p>
   </div>
   <div class='ocr_carea' id='block_1_92' title="bbox 153 4858 1716 4938">
    <p class='ocr_par' dir='ltr' id='par_1_92' title="bbox 153 4858 1716 4938">
     <span class='ocr_line' id='line_1_92' title="bbox 153 4858 1716 4938; baseline -0.001 -18"><span class='ocrx_word' id='word_1_714' title='bbox 153 4858 245 4920; x_wconf 77' lang='grc' dir='ltr'>ζῶα</span> <span class='ocrx_word' id='word_1_715' title='bbox 281 4865 530 4934; x_wconf 61' lang='grc' dir='ltr'>γράφειν</span> <span class='ocrx_word' id='word_1_716' title='bbox 557 4866 952 4937; x_wconf 76' lang='grc' dir='ltr'>διαλελυμένως</span> <span class='ocrx_word' id='word_1_717' title='bbox 979 4866 1166 4938; x_wconf 80' lang='grc' dir='ltr'>ῥηθὲν,</span> <span class='ocrx_word' id='word_1_718' title='bbox 1211 4867 1402 4921; x_wconf 71' lang='grc' dir='ltr'>ταυτὸν</span> <span class='ocrx_word' id='word_1_719' title='bbox 1435 4870 1552 4921; x_wconf 85' lang='grc' dir='ltr'>ἐστι</span> <span class='ocrx_word' id='word_1_720' title='bbox 1586 4885 1716 4921; x_wconf 78' lang='grc' dir='ltr'>συν-</span> 
     </span>
    </p>
   </div>
   <div class='ocr_carea' id='block_1_93' title="bbox 155 4954 1716 5031">
    <p class='ocr_par' dir='ltr' id='par_1_93' title="bbox 155 4954 1716 5031">
     <span class='ocr_line' id='line_1_93' title="bbox 155 4954 1716 5031; baseline 0.004 -24"><span class='ocrx_word' id='word_1_721' title='bbox 155 4954 273 5024; x_wconf 75' lang='grc' dir='ltr'>ϐἐτῳ</span> <span class='ocrx_word' id='word_1_722' title='bbox 294 4957 370 5029; x_wconf 84' lang='grc' dir='ltr'>τῷ</span> <span class='ocrx_word' id='word_1_723' title='bbox 403 4957 729 5028; x_wconf 71' lang='grc' dir='ltr'>ζωγραφεῖν</span> <span class='ocrx_word' id='word_1_724' title='bbox 749 4997 766 5025; x_wconf 94' lang='grc'><strong>,</strong></span> <span class='ocrx_word' id='word_1_725' title='bbox 795 4960 940 5013; x_wconf 73' lang='grc' dir='ltr'>οὕτω</span> <span class='ocrx_word' id='word_1_726' title='bbox 982 4962 1078 5014; x_wconf 73' lang='grc' dir='ltr'><strong>καὶ</strong></span> <span class='ocrx_word' id='word_1_727' title='bbox 1116 4960 1177 5013; x_wconf 80' lang='grc' dir='ltr'><strong>τὸ</strong></span> <span class='ocrx_word' id='word_1_728' title='bbox 1211 4961 1402 5030; x_wconf 77' lang='grc' dir='ltr'>φέρειν</span> <span class='ocrx_word' id='word_1_729' title='bbox 1452 4960 1591 5031; x_wconf 84' lang='grc' dir='ltr'>πρὸς</span> <span class='ocrx_word' id='word_1_730' title='bbox 1623 4960 1716 5014; x_wconf 83' lang='grc' dir='ltr'><strong>τὸν</strong></span> 
     </span>
    </p>
   </div>
   <div class='ocr_carea' id='block_1_94' title="bbox 153 5046 1711 5125">
    <p class='ocr_par' dir='ltr' id='par_1_94' title="bbox 153 5046 1711 5125">
     <span class='ocr_line' id='line_1_94' title="bbox 153 5046 1711 5125; baseline 0.007 -27"><span class='ocrx_word' id='word_1_731' title='bbox 153 5046 299 5113; x_wconf 82' lang='grc' dir='ltr'>δεῖνα,</span> <span class='ocrx_word' id='word_1_732' title='bbox 357 5055 436 5116; x_wconf 78' lang='grc' dir='ltr'><strong>εἰς</strong></span> <span class='ocrx_word' id='word_1_733' title='bbox 491 5054 606 5106; x_wconf 81' lang='grc' dir='ltr'>ίσον</span> <span class='ocrx_word' id='word_1_734' title='bbox 654 5052 872 5122; x_wconf 73' lang='grc' dir='ltr'>ἔρχεται</span> <span class='ocrx_word' id='word_1_735' title='bbox 917 5052 994 5122; x_wconf 82' lang='grc' dir='ltr'>τῷ</span> <span class='ocrx_word' id='word_1_736' title='bbox 1052 5052 1390 5125; x_wconf 80' lang='grc' dir='ltr'>προσφέρειν</span> <span class='ocrx_word' id='word_1_737' title='bbox 1423 5051 1503 5120; x_wconf 86' lang='grc' dir='ltr'>τῷ</span> <span class='ocrx_word' id='word_1_738' title='bbox 1554 5054 1711 5109; x_wconf 83' lang='grc' dir='ltr'>δεῖνι.</span> 
     </span>
    </p>
   </div>
   <div class='ocr_carea' id='block_1_95' title="bbox 156 5139 1713 5215">
    <p class='ocr_par' dir='ltr' id='par_1_95' title="bbox 156 5139 1713 5215">
     <span class='ocr_line' id='line_1_95' title="bbox 156 5139 1713 5215; baseline 0.006 -26"><span class='ocrx_word' id='word_1_739' title='bbox 156 5139 360 5211; x_wconf 80' lang='grc' dir='ltr'>Πνεῦμα</span> <span class='ocrx_word' id='word_1_740' title='bbox 384 5145 439 5198; x_wconf 83' lang='grc' dir='ltr'>δὲ</span> <span class='ocrx_word' id='word_1_741' title='bbox 466 5146 939 5215; x_wconf 82' lang='grc' dir='ltr'>συντετριμμένον</span> <span class='ocrx_word' id='word_1_742' title='bbox 963 5139 1119 5198; x_wconf 74' lang='grc' dir='ltr'>εἶπεν</span> <span class='ocrx_word' id='word_1_743' title='bbox 1142 5145 1201 5197; x_wconf 84' lang='grc' dir='ltr'><strong>ού</strong></span> <span class='ocrx_word' id='word_1_744' title='bbox 1235 5147 1378 5197; x_wconf 84' lang='grc' dir='ltr'>κατά</span> <span class='ocrx_word' id='word_1_745' title='bbox 1412 5145 1472 5198; x_wconf 85' lang='grc' dir='ltr'><strong>τὸ</strong></span> <span class='ocrx_word' id='word_1_746' title='bbox 1508 5161 1713 5214; x_wconf 72' lang='grc' dir='ltr'>σημαι-</span> 
     </span>
    </p>
   </div>
   <div class='ocr_carea' id='block_1_96' title="bbox 155 5230 1715 5307">
    <p class='ocr_par' dir='ltr' id='par_1_96' title="bbox 155 5230 1715 5307">
     <span class='ocr_line' id='line_1_96' title="bbox 155 5230 1715 5307; baseline 0.005 -27"><span class='ocrx_word' id='word_1_747' title='bbox 155 5230 366 5298; x_wconf 80' lang='grc' dir='ltr'>νόμενον</span> <span class='ocrx_word' id='word_1_748' title='bbox 397 5234 493 5286; x_wconf 83' lang='grc' dir='ltr'><strong>τοῦ</strong></span> <span class='ocrx_word' id='word_1_749' title='bbox 525 5238 995 5306; x_wconf 83' lang='grc' dir='ltr'>συντετριμμένου</span> <span class='ocrx_word' id='word_1_750' title='bbox 1053 5234 1345 5305; x_wconf 81' lang='grc' dir='ltr'>γραφικῶς</span> <span class='ocrx_word' id='word_1_751' title='bbox 1379 5235 1653 5304; x_wconf 83' lang='grc' dir='ltr'>καλάμου,</span> <span class='ocrx_word' id='word_1_752' title='bbox 1682 5235 1715 5307; x_wconf 82' lang='grc' dir='ltr'>ἢ</span> 
     </span>
    </p>
   </div>
   <div class='ocr_carea' id='block_1_97' title="bbox 153 5323 1717 5398">
    <p class='ocr_par' dir='ltr' id='par_1_97' title="bbox 153 5323 1717 5398">
     <span class='ocr_line' id='line_1_97' title="bbox 153 5323 1717 5398; baseline 0.005 -23"><span class='ocrx_word' id='word_1_753' title='bbox 153 5323 248 5377; x_wconf 84' lang='grc' dir='ltr'><strong>τῶν</strong></span> <span class='ocrx_word' id='word_1_754' title='bbox 270 5325 518 5395; x_wconf 79' lang='grc' dir='ltr'>ψυχικῶν</span> <span class='ocrx_word' id='word_1_755' title='bbox 543 5328 742 5392; x_wconf 81' lang='grc' dir='ltr'>ὀστῶν,</span> <span class='ocrx_word' id='word_1_756' title='bbox 782 5326 818 5381; x_wconf 69' lang='grc' dir='ltr'><strong>ἃ.</strong></span> <span class='ocrx_word' id='word_1_757' title='bbox 871 5328 1227 5398; x_wconf 76' lang='grc' dir='ltr'>συντριϐῆναι</span> <span class='ocrx_word' id='word_1_758' title='bbox 1259 5327 1554 5397; x_wconf 74' lang='grc' dir='ltr'>ψάλλονται</span> <span class='ocrx_word' id='word_1_759' title='bbox 1610 5329 1717 5383; x_wconf 80' lang='grc' dir='ltr'>ὑπὸ</span> 
     </span>
    </p>
   </div>
   <div class='ocr_carea' id='block_1_98' title="bbox 159 5412 1719 5494">
    <p class='ocr_par' dir='ltr' id='par_1_98' title="bbox 159 5412 1719 5494">
     <span class='ocr_line' id='line_1_98' title="bbox 159 5412 1719 5494; baseline 0.004 -27"><span class='ocrx_word' id='word_1_760' title='bbox 159 5412 341 5486; x_wconf 76' lang='grc' dir='ltr'>βάρους</span> <span class='ocrx_word' id='word_1_761' title='bbox 382 5419 619 5492; x_wconf 70' lang='grc' dir='ltr'>ἡδονῶν,</span> <span class='ocrx_word' id='word_1_762' title='bbox 675 5419 810 5474; x_wconf 80' lang='grc' dir='ltr'>άλλᾶ</span> <span class='ocrx_word' id='word_1_763' title='bbox 868 5418 966 5490; x_wconf 83' lang='grc' dir='ltr'>τὴν</span> <span class='ocrx_word' id='word_1_764' title='bbox 996 5421 1480 5491; x_wconf 82' lang='grc' dir='ltr'>τεταπεινωμένην</span> <span class='ocrx_word' id='word_1_765' title='bbox 1541 5421 1719 5494; x_wconf 70' lang='grc' dir='ltr'>ψυχὴν</span> 
     </span>
    </p>
   </div>
   <div class='ocr_carea' id='block_1_99' title="bbox 158 5505 1715 5584">
    <p class='ocr_par' dir='ltr' id='par_1_99' title="bbox 158 5505 1715 5584">
     <span class='ocr_line' id='line_1_99' title="bbox 158 5505 1715 5584; baseline 0.004 -25"><span class='ocrx_word' id='word_1_766' title='bbox 158 5511 287 5562; x_wconf 75' lang='grc' dir='ltr'>κατὰ</span> <span class='ocrx_word' id='word_1_767' title='bbox 309 5513 506 5582; x_wconf 82' lang='grc' dir='ltr'>ἀρετάς</span> <span class='ocrx_word' id='word_1_768' title='bbox 526 5529 542 5544; x_wconf 76' lang='grc' dir='ltr'><strong><em>ο</em></strong></span> <span class='ocrx_word' id='word_1_769' title='bbox 570 5514 660 5568; x_wconf 83' lang='grc' dir='ltr'>ὅτε</span> <span class='ocrx_word' id='word_1_770' title='bbox 682 5512 883 5584; x_wconf 81' lang='grc' dir='ltr'>δηλαδὴ</span> <span class='ocrx_word' id='word_1_771' title='bbox 915 5505 1097 5580; x_wconf 74' lang='grc' dir='ltr'>ἀγαθὰ</span> <span class='ocrx_word' id='word_1_772' title='bbox 1121 5513 1380 5584; x_wconf 75' lang='grc' dir='ltr'>πράττων</span> <span class='ocrx_word' id='word_1_773' title='bbox 1405 5513 1715 5583; x_wconf 77' lang='grc' dir='ltr'>ἄνθρωπος,</span> 
     </span>
    </p>
   </div>
   <div class='ocr_carea' id='block_1_100' title="bbox 157 5600 1720 5672">
    <p class='ocr_par' dir='ltr' id='par_1_100' title="bbox 157 5600 1720 5672">
     <span class='ocr_line' id='line_1_100' title="bbox 157 5600 1720 5672; baseline 0.004 -20"><span class='ocrx_word' id='word_1_774' title='bbox 157 5600 210 5648; x_wconf 68' lang='grc' dir='ltr'>τὸ</span> <span class='ocrx_word' id='word_1_775' title='bbox 237 5602 394 5672; x_wconf 84' lang='grc' dir='ltr'>μηδὲν</span> <span class='ocrx_word' id='word_1_776' title='bbox 414 5602 611 5657; x_wconf 85' lang='grc' dir='ltr'>ἐαυτὸν</span> <span class='ocrx_word' id='word_1_777' title='bbox 640 5600 782 5657; x_wconf 82' lang='grc' dir='ltr'>εἶναι</span> <span class='ocrx_word' id='word_1_778' title='bbox 810 5603 1087 5672; x_wconf 79' lang='grc' dir='ltr'>λογίζεται</span> <span class='ocrx_word' id='word_1_779' title='bbox 1110 5620 1124 5635; x_wconf 75' lang='grc'><em>’</em></span> <span class='ocrx_word' id='word_1_780' title='bbox 1155 5603 1391 5672; x_wconf 81' lang='grc' dir='ltr'>ὁπηνίκα</span> <span class='ocrx_word' id='word_1_781' title='bbox 1426 5602 1521 5658; x_wconf 80' lang='grc' dir='ltr'><strong>καὶ</strong></span> <span class='ocrx_word' id='word_1_782' title='bbox 1569 5605 1720 5658; x_wconf 80' lang='grc' dir='ltr'>κάτω</span> 
     </span>
    </p>
   </div>
   <div class='ocr_carea' id='block_1_101' title="bbox 157 5690 1716 5769">
    <p class='ocr_par' dir='ltr' id='par_1_101' title="bbox 157 5690 1716 5769">
     <span class='ocr_line' id='line_1_101' title="bbox 157 5690 1716 5769; baseline 0.006 -28"><span class='ocrx_word' id='word_1_783' title='bbox 157 5690 321 5745; x_wconf 81' lang='grc' dir='ltr'>νεύειν</span> <span class='ocrx_word' id='word_1_784' title='bbox 356 5697 444 5750; x_wconf 78' lang='grc' dir='ltr'><strong>καὶ</strong></span> <span class='ocrx_word' id='word_1_785' title='bbox 471 5695 971 5766; x_wconf 83' lang='grc' dir='ltr'>κατακάμπτεσοαι</span> <span class='ocrx_word' id='word_1_786' title='bbox 1029 5696 1213 5750; x_wconf 85' lang='grc' dir='ltr'>κλοιοῦ</span> <span class='ocrx_word' id='word_1_787' title='bbox 1245 5696 1404 5769; x_wconf 87' lang='grc' dir='ltr'>δίκην</span> <span class='ocrx_word' id='word_1_788' title='bbox 1439 5697 1657 5766; x_wconf 83' lang='grc' dir='ltr'>λέγεται</span> <span class='ocrx_word' id='word_1_789' title='bbox 1683 5700 1716 5766; x_wconf 81' lang='grc' dir='ltr'><strong>ἡ</strong></span> 
     </span>
    </p>
   </div>
   <div class='ocr_carea' id='block_1_102' title="bbox 158 5784 1721 5864">
    <p class='ocr_par' dir='ltr' id='par_1_102' title="bbox 158 5784 1721 5864">
     <span class='ocr_line' id='line_1_102' title="bbox 158 5784 1721 5864; baseline 0.001 -20"><span class='ocrx_word' id='word_1_790' title='bbox 158 5784 315 5858; x_wconf 66' lang='grc' dir='ltr'>ψυχὴ.</span> <span class='ocrx_word' id='word_1_791' title='bbox 339 5793 423 5845; x_wconf 74' lang='grc' dir='ltr'>καὶ</span> <span class='ocrx_word' id='word_1_792' title='bbox 453 5793 880 5864; x_wconf 82' lang='grc' dir='ltr'>συγκεκυφέναι,</span> <span class='ocrx_word' id='word_1_793' title='bbox 915 5792 991 5856; x_wconf 83' lang='grc' dir='ltr'>ὡς</span> <span class='ocrx_word' id='word_1_794' title='bbox 1025 5795 1121 5846; x_wconf 76' lang='grc' dir='ltr'><strong>καὶ</strong></span> <span class='ocrx_word' id='word_1_795' title='bbox 1151 5794 1345 5856; x_wconf 78' lang='grc' dir='ltr'>ἄλλους</span> <span class='ocrx_word' id='word_1_796' title='bbox 1393 5792 1721 5864; x_wconf 83' lang='grc' dir='ltr'>ἐξανορθοῦν</span> 
     </span>
    </p>
   </div>
   <div class='ocr_carea' id='block_1_103' title="bbox 161 5885 1718 5961">
    <p class='ocr_par' dir='ltr' id='par_1_103' title="bbox 161 5885 1718 5961">
     <span class='ocr_line' id='line_1_103' title="bbox 161 5885 1718 5961; baseline -0.008 -9"><span class='ocrx_word' id='word_1_797' title='bbox 161 5885 526 5955; x_wconf 70' lang='grc' dir='ltr'>σωτηριωδῶς,</span> <span class='ocrx_word' id='word_1_798' title='bbox 589 5886 650 5940; x_wconf 79' lang='grc' dir='ltr'><strong>ού</strong></span> <span class='ocrx_word' id='word_1_799' title='bbox 720 5886 828 5957; x_wconf 76' lang='grc' dir='ltr'><strong>μὴν</strong></span> <span class='ocrx_word' id='word_1_800' title='bbox 889 5885 1116 5961; x_wconf 79' lang='grc' dir='ltr'>πάσχειν</span> <span class='ocrx_word' id='word_1_801' title='bbox 1173 5887 1293 5941; x_wconf 75' lang='grc' dir='ltr'>κατ’</span> <span class='ocrx_word' id='word_1_802' title='bbox 1359 5888 1573 5958; x_wconf 75' lang='grc' dir='ltr'>ἐκείνην</span> <span class='ocrx_word' id='word_1_803' title='bbox 1619 5887 1718 5958; x_wconf 75' lang='grc' dir='ltr'>τὴν</span> 
     </span>
    </p>
   </div>
   <div class='ocr_carea' id='block_1_104' title="bbox 1817 4681 3404 4752">
    <p class='ocr_par' dir='ltr' id='par_1_104' title="bbox 1817 4681 3404 4752">
     <span class='ocr_line' id='line_1_104' title="bbox 1817 4681 3404 4752; baseline 0 -12"><span class='ocrx_word' id='word_1_804' title='bbox 1817 4684 2217 4752; x_wconf 82' lang='lat' dir='ltr'><strong>seiunctiOnem</strong></span> <span class='ocrx_word' id='word_1_805' title='bbox 2240 4683 2540 4738; x_wconf 88' lang='lat' dir='ltr'><strong>oblationis</strong></span> <span class='ocrx_word' id='word_1_806' title='bbox 2576 4681 2768 4737; x_wconf 73' lang='lat' dir='ltr'><strong>subiit.</strong></span> <span class='ocrx_word' id='word_1_807' title='bbox 2803 4682 2957 4738; x_wconf 90' lang='lat' dir='ltr'><strong>Sicut</strong></span> <span class='ocrx_word' id='word_1_808' title='bbox 2993 4686 3160 4748; x_wconf 84' lang='lat' dir='ltr'><strong>enim.</strong></span> <span class='ocrx_word' id='word_1_809' title='bbox 3195 4685 3404 4741; x_wconf 91' lang='lat' dir='ltr'><strong>dictum</strong></span> 
     </span>
    </p>
   </div>
   <div class='ocr_carea' id='block_1_105' title="bbox 1818 4773 3401 4847">
    <p class='ocr_par' dir='ltr' id='par_1_105' title="bbox 1818 4773 3401 4847">
     <span class='ocr_line' id='line_1_105' title="bbox 1818 4773 3401 4847; baseline 0.001 -15"><span class='ocrx_word' id='word_1_810' title='bbox 1818 4775 2137 4846; x_wconf 88' lang='lat' dir='ltr'><strong>sejunctim,</strong></span> <span class='ocrx_word' id='word_1_811' title='bbox 2200 4774 2316 4838; x_wconf 81' lang='grc' dir='ltr'>ζῶα</span> <span class='ocrx_word' id='word_1_812' title='bbox 2344 4774 2581 4845; x_wconf 80' lang='grc' dir='ltr'>γράφειν</span> <span class='ocrx_word' id='word_1_813' title='bbox 2641 4773 2784 4830; x_wconf 91' lang='lat' dir='ltr'><strong>idem</strong></span> <span class='ocrx_word' id='word_1_814' title='bbox 2827 4785 2912 4830; x_wconf 90' lang='lat' dir='ltr'><strong>est</strong></span> <span class='ocrx_word' id='word_1_815' title='bbox 2944 4791 3008 4832; x_wconf 91' lang='lat' dir='ltr'><strong>ac</strong></span> <span class='ocrx_word' id='word_1_816' title='bbox 3035 4778 3401 4847; x_wconf 86' lang='lat' dir='ltr'><strong>compositum</strong></span> 
     </span>
    </p>
   </div>
   <div class='ocr_carea' id='block_1_106' title="bbox 1817 4866 3409 4938">
    <p class='ocr_par' dir='ltr' id='par_1_106' title="bbox 1817 4866 3409 4938">
     <span class='ocr_line' id='line_1_106' title="bbox 1817 4866 3409 4938; baseline 0.003 -17"><span class='ocrx_word' id='word_1_817' title='bbox 1817 4867 2150 4938; x_wconf 74' lang='grc' dir='ltr'>ζωγραφεῖν,</span> <span class='ocrx_word' id='word_1_818' title='bbox 2173 4866 2252 4920; x_wconf 86' lang='lat' dir='ltr'><strong>sic</strong></span> <span class='ocrx_word' id='word_1_819' title='bbox 2267 4867 2433 4922; x_wconf 87' lang='lat' dir='ltr'><strong>etiam</strong></span> <span class='ocrx_word' id='word_1_820' title='bbox 2453 4866 2597 4923; x_wconf 85' lang='lat' dir='ltr'><strong>ferre</strong></span> <span class='ocrx_word' id='word_1_821' title='bbox 2644 4868 2708 4922; x_wconf 91' lang='lat' dir='ltr'><strong>ad</strong></span> <span class='ocrx_word' id='word_1_822' title='bbox 2723 4867 2960 4937; x_wconf 86' lang='lat' dir='ltr'><strong>aliquem</strong></span> <span class='ocrx_word' id='word_1_823' title='bbox 2993 4869 3137 4924; x_wconf 87' lang='lat' dir='ltr'><strong>idem</strong></span> <span class='ocrx_word' id='word_1_824' title='bbox 3177 4880 3342 4926; x_wconf 87' lang='lat' dir='ltr'><strong>estac</strong></span> <span class='ocrx_word' id='word_1_825' title='bbox 3359 4871 3409 4926; x_wconf 87' lang='lat' dir='ltr'><strong>ei</strong></span> 
     </span>
    </p>
   </div>
   <div class='ocr_carea' id='block_1_107' title="bbox 1821 4958 3408 5033">
    <p class='ocr_par' dir='ltr' id='par_1_107' title="bbox 1821 4958 3408 5033">
     <span class='ocr_line' id='line_1_107' title="bbox 1821 4958 3408 5033; baseline 0.001 -16"><span class='ocrx_word' id='word_1_826' title='bbox 1821 4961 2041 5018; x_wconf 66' lang='lat' dir='ltr'><strong>offerre.</strong></span> <span class='ocrx_word' id='word_1_827' title='bbox 2080 4958 2353 5030; x_wconf 88' lang='lat' dir='ltr'><strong>Spiritum</strong></span> <span class='ocrx_word' id='word_1_828' title='bbox 2381 4967 2565 5014; x_wconf 87' lang='lat' dir='ltr'><strong>autem</strong></span> <span class='ocrx_word' id='word_1_829' title='bbox 2601 4960 2906 5014; x_wconf 86' lang='lat' dir='ltr'><strong>contritum</strong></span> <span class='ocrx_word' id='word_1_830' title='bbox 2939 4963 3077 5016; x_wconf 75' lang='lat' dir='ltr'><strong>dixit</strong></span> <span class='ocrx_word' id='word_1_831' title='bbox 3111 4978 3218 5017; x_wconf 90' lang='lat' dir='ltr'><strong>non</strong></span> <span class='ocrx_word' id='word_1_832' title='bbox 3253 4962 3408 5033; x_wconf 78' lang='lat' dir='ltr'><strong>juxta</strong></span> 
     </span>
    </p>
   </div>
   <div class='ocr_carea' id='block_1_108' title="bbox 1817 5051 3410 5125">
    <p class='ocr_par' dir='ltr' id='par_1_108' title="bbox 1817 5051 3410 5125">
     <span class='ocr_line' id='line_1_108' title="bbox 1817 5051 3410 5125; baseline 0.001 -16"><span class='ocrx_word' id='word_1_833' title='bbox 1817 5067 2038 5109; x_wconf 86' lang='lat' dir='ltr'><strong>sensum</strong></span> <span class='ocrx_word' id='word_1_834' title='bbox 2069 5052 2264 5108; x_wconf 88' lang='lat' dir='ltr'><strong>calami</strong></span> <span class='ocrx_word' id='word_1_835' title='bbox 2301 5051 2600 5121; x_wconf 73' lang='lat' dir='ltr'><strong>Scriptum</strong></span> <span class='ocrx_word' id='word_1_836' title='bbox 2629 5051 2913 5119; x_wconf 85' lang='lat' dir='ltr'><strong>confracti,</strong></span> <span class='ocrx_word' id='word_1_837' title='bbox 2947 5056 3410 5125; x_wconf 86' lang='lat' dir='ltr'><strong>velspiritualium</strong></span> 
     </span>
    </p>
   </div>
   <div class='ocr_carea' id='block_1_109' title="bbox 1818 5144 3405 5219">
    <p class='ocr_par' dir='ltr' id='par_1_109' title="bbox 1818 5144 3405 5219">
     <span class='ocr_line' id='line_1_109' title="bbox 1818 5144 3405 5219; baseline 0.002 -17"><span class='ocrx_word' id='word_1_838' title='bbox 1818 5149 2048 5211; x_wconf 90' lang='lat' dir='ltr'><strong>ossium,</strong></span> <span class='ocrx_word' id='word_1_839' title='bbox 2078 5161 2200 5216; x_wconf 69' lang='lat' dir='ltr'><strong>quae</strong></span> <span class='ocrx_word' id='word_1_840' title='bbox 2230 5146 2444 5199; x_wconf 88' lang='lat' dir='ltr'><strong>conteri</strong></span> <span class='ocrx_word' id='word_1_841' title='bbox 2475 5144 2819 5214; x_wconf 86' lang='lat' dir='ltr'><strong>voluptatum</strong></span> <span class='ocrx_word' id='word_1_842' title='bbox 2855 5149 3098 5217; x_wconf 88' lang='lat' dir='ltr'><strong>pondere</strong></span> <span class='ocrx_word' id='word_1_843' title='bbox 3151 5150 3405 5219; x_wconf 81' lang='lat' dir='ltr'><strong>psallun-</strong></span> 
     </span>
    </p>
   </div>
   <div class='ocr_carea' id='block_1_110' title="bbox 1819 5233 3404 5301">
    <p class='ocr_par' dir='ltr' id='par_1_110' title="bbox 1819 5233 3404 5301">
     <span class='ocr_line' id='line_1_110' title="bbox 1819 5233 3404 5301; baseline 0.001 -10"><span class='ocrx_word' id='word_1_844' title='bbox 1819 5246 1932 5301; x_wconf 90' lang='lat' dir='ltr'><strong>tur,</strong></span> <span class='ocrx_word' id='word_1_845' title='bbox 1959 5235 2055 5291; x_wconf 86' lang='lat' dir='ltr'><strong>sed</strong></span> <span class='ocrx_word' id='word_1_846' title='bbox 2086 5233 2438 5290; x_wconf 89' lang='lat' dir='ltr'><strong>humiliatam</strong></span> <span class='ocrx_word' id='word_1_847' title='bbox 2465 5238 2770 5292; x_wconf 86' lang='lat' dir='ltr'><strong>secundum</strong></span> <span class='ocrx_word' id='word_1_848' title='bbox 2834 5240 3092 5294; x_wconf 86' lang='lat' dir='ltr'><strong>virtutem</strong></span> <span class='ocrx_word' id='word_1_849' title='bbox 3162 5242 3404 5295; x_wconf 90' lang='lat' dir='ltr'><strong>animam</strong></span> 
     </span>
    </p>
   </div>
   <div class='ocr_carea' id='block_1_111' title="bbox 1820 5325 3410 5402">
    <p class='ocr_par' dir='ltr' id='par_1_111' title="bbox 1820 5325 3410 5402">
     <span class='ocr_line' id='line_1_111' title="bbox 1820 5325 3410 5402; baseline 0.002 -19"><span class='ocrx_word' id='word_1_850' title='bbox 1820 5325 2188 5398; x_wconf 75' lang='lat' dir='ltr'><strong>significavit;</strong></span> <span class='ocrx_word' id='word_1_851' title='bbox 2225 5331 2371 5396; x_wconf 87' lang='lat' dir='ltr'><strong>quod</strong></span> <span class='ocrx_word' id='word_1_852' title='bbox 2397 5328 2478 5395; x_wconf 87' lang='lat' dir='ltr'><strong>fit,</strong></span> <span class='ocrx_word' id='word_1_853' title='bbox 2509 5344 2634 5384; x_wconf 91' lang='lat' dir='ltr'><strong>cum</strong></span> <span class='ocrx_word' id='word_1_854' title='bbox 2672 5333 2809 5387; x_wconf 83' lang='lat' dir='ltr'><strong>bene</strong></span> <span class='ocrx_word' id='word_1_855' title='bbox 2840 5347 3010 5402; x_wconf 76' lang='lat' dir='ltr'><strong>agens</strong></span> <span class='ocrx_word' id='word_1_856' title='bbox 3049 5331 3239 5397; x_wconf 91' lang='lat' dir='ltr'><strong>homo,</strong></span> <span class='ocrx_word' id='word_1_857' title='bbox 3271 5332 3410 5386; x_wconf 89' lang='lat' dir='ltr'><strong>nihil</strong></span> 
     </span>
    </p>
   </div>
   <div class='ocr_carea' id='block_1_112' title="bbox 1820 5422 3412 5495">
    <p class='ocr_par' dir='ltr' id='par_1_112' title="bbox 1820 5422 3412 5495">
     <span class='ocr_line' id='line_1_112' title="bbox 1820 5422 3412 5495; baseline 0.001 -18"><span class='ocrx_word' id='word_1_858' title='bbox 1820 5422 2171 5492; x_wconf 84' lang='lat' dir='ltr'><strong>semetipsum</strong></span> <span class='ocrx_word' id='word_1_859' title='bbox 2194 5435 2320 5478; x_wconf 86' lang='lat' dir='ltr'><strong>esse</strong></span> <span class='ocrx_word' id='word_1_860' title='bbox 2338 5431 2515 5493; x_wconf 90' lang='lat' dir='ltr'><strong>putat,</strong></span> <span class='ocrx_word' id='word_1_861' title='bbox 2557 5439 2767 5480; x_wconf 91' lang='lat' dir='ltr'><strong>necnon</strong></span> <span class='ocrx_word' id='word_1_862' title='bbox 2795 5426 3236 5495; x_wconf 83' lang='lat' dir='ltr'><strong>quotiescunque</strong></span> <span class='ocrx_word' id='word_1_863' title='bbox 3255 5425 3412 5479; x_wconf 87' lang='lat' dir='ltr'><strong>deor-</strong></span> 
     </span>
    </p>
   </div>
   <div class='ocr_carea' id='block_1_113' title="bbox 1819 5515 3404 5586">
    <p class='ocr_par' dir='ltr' id='par_1_113' title="bbox 1819 5515 3404 5586">
     <span class='ocr_line' id='line_1_113' title="bbox 1819 5515 3404 5586; baseline 0 -14"><span class='ocrx_word' id='word_1_864' title='bbox 1819 5530 1942 5572; x_wconf 89' lang='lat' dir='ltr'><strong>sum</strong></span> <span class='ocrx_word' id='word_1_865' title='bbox 1977 5515 2247 5570; x_wconf 87' lang='lat' dir='ltr'><strong>incurvari</strong></span> <span class='ocrx_word' id='word_1_866' title='bbox 2283 5523 2545 5586; x_wconf 89' lang='lat' dir='ltr'><strong>tanquam</strong></span> <span class='ocrx_word' id='word_1_867' title='bbox 2578 5517 2780 5573; x_wconf 89' lang='lat' dir='ltr'><strong>collare</strong></span> <span class='ocrx_word' id='word_1_868' title='bbox 2847 5527 2904 5572; x_wconf 87' lang='lat' dir='ltr'><strong>et</strong></span> <span class='ocrx_word' id='word_1_869' title='bbox 2936 5517 3188 5572; x_wconf 90' lang='lat' dir='ltr'><strong>inclinari</strong></span> <span class='ocrx_word' id='word_1_870' title='bbox 3221 5519 3404 5572; x_wconf 88' lang='lat' dir='ltr'><strong>anima</strong></span> 
     </span>
    </p>
   </div>
   <div class='ocr_carea' id='block_1_114' title="bbox 1820 5606 3411 5680">
    <p class='ocr_par' dir='ltr' id='par_1_114' title="bbox 1820 5606 3411 5680">
     <span class='ocr_line' id='line_1_114' title="bbox 1820 5606 3411 5680; baseline 0.003 -18"><span class='ocrx_word' id='word_1_871' title='bbox 1820 5606 2038 5670; x_wconf 88' lang='lat' dir='ltr'><strong>dicitur,</strong></span> <span class='ocrx_word' id='word_1_872' title='bbox 2065 5615 2126 5661; x_wconf 91' lang='lat' dir='ltr'><strong>ut</strong></span> <span class='ocrx_word' id='word_1_873' title='bbox 2158 5607 2294 5663; x_wconf 88' lang='lat' dir='ltr'><strong>alios</strong></span> <span class='ocrx_word' id='word_1_874' title='bbox 2325 5608 2645 5665; x_wconf 88' lang='lat' dir='ltr'><strong>salutariter</strong></span> <span class='ocrx_word' id='word_1_875' title='bbox 2695 5611 2887 5680; x_wconf 74' lang='lat' dir='ltr'><strong>erigat,</strong></span> <span class='ocrx_word' id='word_1_876' title='bbox 2942 5623 3052 5663; x_wconf 89' lang='lat' dir='ltr'><strong>non</strong></span> <span class='ocrx_word' id='word_1_877' title='bbox 3115 5618 3298 5664; x_wconf 87' lang='lat' dir='ltr'><strong>tamen</strong></span> <span class='ocrx_word' id='word_1_878' title='bbox 3347 5620 3411 5666; x_wconf 90' lang='lat' dir='ltr'><strong>ut</strong></span> 
     </span>
    </p>
   </div>
   <div class='ocr_carea' id='block_1_115' title="bbox 1822 5699 3410 5773">
    <p class='ocr_par' dir='ltr' id='par_1_115' title="bbox 1822 5699 3410 5773">
     <span class='ocr_line' id='line_1_115' title="bbox 1822 5699 3410 5773; baseline 0.003 -17"><span class='ocrx_word' id='word_1_879' title='bbox 1822 5699 2084 5756; x_wconf 73' lang='lat' dir='ltr'><strong>afﬁciatur</strong></span> <span class='ocrx_word' id='word_1_880' title='bbox 2119 5701 2260 5756; x_wconf 89' lang='lat' dir='ltr'><strong>sicut</strong></span> <span class='ocrx_word' id='word_1_881' title='bbox 2294 5701 2386 5757; x_wconf 92' lang='lat' dir='ltr'><strong>illa</strong></span> <span class='ocrx_word' id='word_1_882' title='bbox 2409 5703 2758 5772; x_wconf 69' lang='lat' dir='ltr'><strong>quaemisere</strong></span> <span class='ocrx_word' id='word_1_883' title='bbox 2789 5703 3028 5768; x_wconf 68' lang='lat' dir='ltr'><strong>corruit};</strong></span> <span class='ocrx_word' id='word_1_884' title='bbox 3089 5711 3255 5773; x_wconf 84' lang='lat' dir='ltr'><strong>atque</strong></span> <span class='ocrx_word' id='word_1_885' title='bbox 3307 5703 3410 5759; x_wconf 83' lang='lat' dir='ltr'><strong>hu-</strong></span> 
     </span>
    </p>
   </div>
   <div class='ocr_carea' id='block_1_116' title="bbox 1816 5793 3404 5872">
    <p class='ocr_par' dir='ltr' id='par_1_116' title="bbox 1816 5793 3404 5872">
     <span class='ocr_line' id='line_1_116' title="bbox 1816 5793 3404 5872; baseline 0.004 -26"><span class='ocrx_word' id='word_1_886' title='bbox 1816 5793 1908 5872; x_wconf 73' lang='lat' dir='ltr'><strong>jus</strong></span> <span class='ocrx_word' id='word_1_887' title='bbox 1959 5796 2030 5848; x_wconf 85' lang='lat' dir='ltr'><strong>rei</strong></span> <span class='ocrx_word' id='word_1_888' title='bbox 2061 5794 2433 5852; x_wconf 85' lang='lat' dir='ltr'><strong>manifestatio</strong></span> <span class='ocrx_word' id='word_1_889' title='bbox 2477 5806 2608 5852; x_wconf 87' lang='lat' dir='ltr'><strong>sunt</strong></span> <span class='ocrx_word' id='word_1_890' title='bbox 2658 5795 3051 5867; x_wconf 86' lang='lat' dir='ltr'><strong>prostrationes</strong></span> <span class='ocrx_word' id='word_1_891' title='bbox 3076 5804 3132 5850; x_wconf 85' lang='lat' dir='ltr'><strong>et</strong></span> <span class='ocrx_word' id='word_1_892' title='bbox 3161 5796 3404 5864; x_wconf 76' lang='lat' dir='ltr'><strong>genufle-</strong></span> 
     </span>
    </p>
   </div>
   <div class='ocr_carea' id='block_1_117' title="bbox 1824 5887 3414 5956">
    <p class='ocr_par' dir='ltr' id='par_1_117' title="bbox 1824 5887 3414 5956">
     <span class='ocr_line' id='line_1_117' title="bbox 1824 5887 3414 5956; baseline 0.005 -15"><span class='ocrx_word' id='word_1_893' title='bbox 1824 5887 2034 5955; x_wconf 81' lang='lat' dir='ltr'><strong>xiones,</strong></span> <span class='ocrx_word' id='word_1_894' title='bbox 2071 5888 2398 5948; x_wconf 82' lang='lat' dir='ltr'><strong>humiliante</strong></span> <span class='ocrx_word' id='word_1_895' title='bbox 2429 5903 2489 5946; x_wconf 88' lang='lat' dir='ltr'><strong>se</strong></span> <span class='ocrx_word' id='word_1_896' title='bbox 2519 5903 2646 5948; x_wconf 88' lang='lat' dir='ltr'><strong>cum</strong></span> <span class='ocrx_word' id='word_1_897' title='bbox 2675 5887 2858 5946; x_wconf 83' lang='lat' dir='ltr'><strong>anima</strong></span> <span class='ocrx_word' id='word_1_898' title='bbox 2892 5902 3145 5956; x_wconf 88' lang='lat' dir='ltr'><strong>corpore.</strong></span> <span class='ocrx_word' id='word_1_899' title='bbox 3207 5887 3414 5949; x_wconf 87' lang='lat' dir='ltr'><strong>Trans-</strong></span> 
     </span>
    </p>
   </div>
  </div>
