3824 6554
477 410 585 472 εδει
1153 396 1573 462 EUSTATHII
1613 393 2369 457 THRSSALONICENSIS
2414 397 2983 458 ιιετιιονυιιτπ
3588 412 3667 476 53,

479 525 598 579 latae
631 530 758 575 sunt
791 526 970 574 autem
1022 517 1138 587 ipsa
1191 513 1452 570 contritio
1499 524 1566 566 ac
1620 507 1930 564 humiliatio
1991 507 2057 562 ab

2185 509 2357 579 νίκτρέι
2391 510 2811 578 συγκύπτουσαν
2830 528 2845 542 ·
2873 512 2970 563 sui
2998 511 3190 565 τούτου
3222 515 3511 585 παράδειξις
3529 526 3604 575 aut.
3625 529 3665 579 αι

479 614 768 672 arhuribus
801 651 816 676 ,
842 624 1076 681 quarum
1105 607 1292 663 multae
1321 603 1541 676 quidem
1597 601 1912 660 ﬂectuntur.
1947 615 2056 654 non

2185 603 2564 673 προσκυνήσεις
2592 603 2686 656 καὶ
2714 604 2770 657 αἱ
2795 603 3192 674 γονυπετήσεις
3230 619 3666 682 συνταπεινωμὲνω

479 721 664 777 pauca!
689 717 820 759 vero
847 699 1201 757 cremationls
1230 711 1396 752 causa
1427 695 1903 757 comminuuntur,
1957 707 2055 747 seu

2185 697 2226 766 ςῇ
2255 693 2404 766 ψυχῇ
2435 699 2531 749 καὶ
2557 695 2651 749 τοῦ
2691 696 2949 765 σώματος
2973 711 2990 730 ο
3026 697 3122 750 καὶ
3158 700 3413 769 μετῆκται
3439 703 3468 772 ἡ
3503 724 3669 779 συντρι.

483 809 736 854 teruntur
753 796 994 862 siccata;
1026 791 1172 864 quod
1207 791 1370 845 etiam
1401 787 1684 858 patiuntur
1707 800 1898 841 eorum
1929 799 2055 840 ossa

2185 787 2235 858 ἰὴ
2263 788 2404 856 αῦτη
2437 789 2534 842 καὶ
2586 791 2620 855 ή
2675 787 3054 860 κατάκαμψις,
3092 793 3200 844 ἀπὸ
3246 795 3420 860 φυτῶν
3450 789 3514 851 ὧν
3540 804 3669 860 πολλά

483 893 574 960 qui
610 888 864 944 Davidico
897 899 1046 940 more
1068 897 1167 955 per
1203 879 1384 936 Deum
1414 877 1687 933 humiliati
1720 876 2057 946 sunt;quasi

2185 880 2265 932 ιὶν
2294 879 2656 949 κάμπτονται,
2683 879 2781 933 οὐκ
2798 879 2953 948 ὀλίγα
2983 880 3040 934 δὲ
3068 883 3162 934 καὶ
3189 882 3548 956 ἀποφρυγῆναι
3567 897 3671 962 sapa.

480 992 728 1052 oporteat
761 981 815 1034 in
854 979 937 1033 his
954 993 1074 1047 quae
1101 976 1252 1045 juxta
1289 973 1396 1027 vim
1429 971 1674 1026 errantia
1711 980 1864 1034 sunt,
1897 967 2057 1023 fortia

2185 988 2334 1026 ταντα
2361 970 2763 1041 συντρίϐονται,
2801 972 2971 1044 ἤγουν
2998 972 3138 1044 ὁμοῦ
3170 973 3438 1044 τρίσονται
3468 984 3669 1052 trag/Sps.

479 1089 602 1130 esse
651 1069 1002 1132 conterenda,
1058 1063 1320 1136 quoniam
1371 1060 1531 1117 facile
1588 1061 1950 1114 humiliantur
2003 1063 2057 1115 et

2185 1082 2252 1128 ια,
2282 1065 2310 1118 ὃ
2341 1065 2610 1134 πάσχουσι
2631 1067 2727 1121 καὶ
2752 1067 2821 1120 τά
2846 1067 2982 1122 ὀστᾶ
3012 1067 3120 1122 τῶν
3158 1071 3444 1137 Δαυῑτικῶς
3471 1091 3672 1133 τεταπει·

482 1163 682 1220 mollia.
714 1160 950 1217 Rursum
1009 1159 1170 1228 igitur
1225 1153 1562 1226 spiritualem
1617 1154 1904 1206 sanitatem
1977 1148 2057 1206 af-

2185 1159 2420 1227 ιωμένων
2449 1159 2537 1214 διὰ
2579 1161 2672 1215 τὸν
2714 1161 2883 1216 Θεόν·
2925 1162 3002 1227 ὡς
3053 1163 3173 1218 δέον
3225 1165 3286 1220 ὃν
3339 1170 3405 1224 τὰ
3437 1175 3558 1225 κατὰ
3583 1174 3673 1242 βίαν

485 1253 810 1309 fectantibus
842 1250 1101 1305 interiora
1135 1261 1357 1304 necesse
1411 1255 1495 1301 est
1543 1245 1750 1300 conteri
1809 1259 1905 1313 per
1961 1243 2057 1296 hu-

2185 1248 2520 1319 ὶμαρτητικά
2550 1253 2850 1322 στερέμνια
2881 1252 3224 1322 θρύπτεσθαι
3249 1270 3263 1286 ⁶
3297 1255 3374 1321 οἷς
3398 1261 3512 1329 ῥᾷον
3534 1278 3675 1317 συντα-

485 1346 840 1401 miliationem
869 1351 922 1398 et
947 1342 1016 1397 ab
1066 1341 1278 1396 iutensa
1327 1339 1590 1409 labiliqne
1638 1336 1926 1392 altitudine
1966 1339 2057 1392 de-

2185 1341 2482 1396 τεινοῦνται
2515 1343 2607 1396 καὶ
2645 1343 2712 1396 τὰ
2745 1343 3024 1415 μαλθακά.
3062 1346 3272 1401 Οὐκοῦν
3309 1349 3555 1406 ἀνάπαλιν
3593 1360 3673 1420 τοῖς

488 1439 647 1500 mitti,
679 1446 758 1499 ut,
787 1434 1141 1488 interioribus
1193 1432 1425 1494 sanatis,
1457 1446 1523 1487 ac
1582 1431 1851 1485 restitutis
1877 1429 1930 1482 in
1966 1443 2056 1484 re-

2185 1433 2631 1504 ικθεραπεύουσιν
2682 1437 2914 1501 ἑαυτοὺς
2944 1439 3025 1501 είς
3077 1440 3289 1508 ὑγιείαν
3343 1449 3670 1516 πνευματικὴν,

483 1539 630 1586 etum
662 1529 934 1582 hominem
971 1527 1309 1592 interiorem,
1377 1523 1570 1579 ﬁrmus
1624 1522 1789 1578 etiam
1850 1528 2057 1576 constet

2185 1525 2236 1578 τὰ
2264 1525 2413 1588 ὲντδς
2444 1526 2549 1597 χρὴ
2587 1529 2893 1595 συντρίϐειν
2917 1528 3006 1581 διὰ
3038 1528 3439 1595 ταπεινώσεως,
3471 1535 3550 1586 καὶ
3573 1537 3672 1589 ὐπο-

484 1623 743 1681 exterior,
767 1620 1006 1676 carnalis
1030 1629 1083 1671 et
1113 1616 1438 1672 materialis.
1465 1616 1558 1670 Sic
1581 1615 1726 1670 enim
1748 1629 1872 1669 cum
1891 1615 2057 1669 arbor

2185 1616 2560 1682 ιαταεισάζειν
2616 1618 2712 1673 τοῦ
2752 1621 2981 1685 ἀτενοῦς
3029 1621 3127 1676 καὶ
3177 1623 3494 1695 έφαμὰρτως
3518 1626 3671 1695 ὀρθίου,

485 1729 650 1769 curva
687 1715 911 1766 dextere
936 1710 1186 1779 erigitur,
1221 1709 1339 1778 ipse
1366 1718 1552 1762 cortex
1583 1706 1636 1760 in
1699 1705 1934 1760 simulem
1961 1705 2057 1758 ha-

2185 1705 2256 1760 ἵνα
2287 1709 2398 1762 τῶν
2425 1709 2580 1773 ὲντδς
2609 1710 2983 1779 ὕγιασθέντων
3014 1713 3112 1765 καὶ
3143 1711 3600 1768 ἀποκαταστάντων
3618 1717 3673 1778 είς

486 1805 630 1858 bitus
656 1801 1035 1858 rectitudinem
1059 1799 1392 1854 extenditur.
1419 1799 1526 1853 Cor
1552 1797 1719 1868 igitur
1744 1797 2057 1860 contritum,

2185 1799 2262 1852 ιδν
2283 1800 2460 1871 ὀρθῶς
2486 1801 2778 1872 ἄνθρωπον
2801 1803 2895 1856 τὸν
2918 1803 3094 1869 έντδς,
3125 1805 3321 1875 ἀτενὴς
3342 1805 3588 1876 ἑστήξεται
3608 1808 3674 1860 καὶ

487 1895 541 1949 id
568 1904 674 1960 est,
711 1903 770 1948 ut
802 1893 1195 1962 interpretatur
1224 1891 1416 1955 David,
1454 1889 1708 1960 spiritum
1759 1889 2057 1943 contritum

2185 1895 2197 1947 5
2229 1870 2409 1959 ἐκτὸς,
2439 1894 2469 1946 ὁ
2497 1870 2763 1964 σαρκικδς
2807 1895 2903 1948 καὶ
2934 1870 3289 1967 δερμάτινος.
3312 1870 3460 1950 Οὕτω
3488 1895 3578 1966 γὰρ
3611 1897 3674 1950 καὶ

487 2003 550 2042 ac
573 1987 916 2042 humiliatmn
961 1986 1053 2058 qui
1085 1986 1244 2056 gerit,
1274 1984 1358 2038 his
1381 1998 1501 2053 quae
1524 1990 1654 2037 sunt
1690 1997 1720 2037 a
1777 1980 1906 2049 Deo,
1952 1997 2057 2038 non

2185 1984 2424 2056 στρεϐλῷ
2452 1985 2608 2056 φυτῷ
2635 1986 2998 2057 έξορθωθέντι
3053 1987 3268 2055 δεξιῶς,
3301 1991 3392 2042 καὶ
3417 1990 3445 2042 ὁ
3463 1988 3676 2057 φλοιδςιίς

436 2154 439 2156 _
489 2076 863 2134 frustrabitur.

2185 2078 2361 2146 ὅμοιον
2388 2078 2620 2148 εὐφυΐαν
2663 2078 3152 2151 παρεκταθήσεται
3181 2096 3196 2113 ο
3229 2079 3448 2150 καρδίαν
3483 2075 3562 2134 οὖν
3587 2096 3676 2132 σιινο

487 2175 878 2245 τετριμμένην,
910 2174 1108 2226 ταυτὸν
1137 2171 1181 2226 δ’
1213 2173 1409 2238 είπεῖν,
1437 2171 1512 2235 ὡς
1541 2172 1836 2242 έρμηνεύει
1865 2245 1878 2262 Χ
1900 2171 2090 2238 Δαόὶδ,
2168 2175 2394 2247 πνεῦμα
2449 2178 2918 2248 συντετριμμένον
2970 2181 3071 2232 καὶ
3113 2178 3552 2247 τεταπεινωμένον
3585 2196 3676 2247 κτηο

489 2263 720 2334 σάμενός
748 2280 832 2325 τις
857 2263 958 2317 οὐκ
980 2261 1470 2333 ἑξουδενωθησεται
1493 2263 1561 2317 τά
1593 2264 1746 2335 παρὰ
1772 2263 1867 2318 τοῦ
1897 2263 2057 2318 Θεοῦ.

559 2365 648 2422 69.
692 2364 791 2419 Hic
826 2373 1005 2418 autem
1041 2365 1204 2418 etiam
1233 2363 1337 2417 alia
1400 2362 1750 2433 recogitanda
1777 2373 1905 2419 sunt
1936 2377 2057 2418 ossa

2248 2364 2346 2432 ξθ’.
2389 2365 2757 2438 Ἐνθυμητέον
2781 2366 2829 2422 δ’
2851 2365 3090 2422 ἐνταῦθα
3113 2369 3207 2422 καὶ
3230 2369 3386 2438 ἕτερα
3403 2369 3544 2424 ὀστέα
3561 2373 3678 2426 Δαυῖρ

491 2456 768 2522 Davidica,
797 2472 1028 2529 quorum
1083 2471 1183 2511 nec
1217 2469 1385 2510 unum
1434 2465 1767 2512 conteretur.
1800 2455 2057 2521 Quaenam

2185 2455 2327 2521 τικά,
2357 2453 2432 2510 ὧν
2457 2455 2580 2511 οὐδὲ
2615 2456 2675 2510 ἓν
2733 2457 3186 2529 συντριϐήσεται.
3247 2459 3373 2512 Ποῖα
3426 2461 3475 2514 δὲ
3508 2463 3673 2527 ὲκείνα;

487 2567 620 2607 vero
645 2551 818 2606 sunt?
857 2553 930 2605 Ea
967 2550 1170 2620 quibus
1188 2565 1355 2622 prOpe
1383 2560 1469 2606 est
1490 2549 1657 2614 Deus,
1686 2565 1752 2605 eo
1791 2551 1934 2620 quoii
1966 2549 2057 2604 hu-

2185 2544 2270 2612 Οἷς
2292 2549 2462 2618 ἐγγύς
2493 2552 2641 2604 ἔστιν
2662 2551 2690 2603 ὀ
2718 2549 2847 2614 Θεὸς
2875 2554 3152 2615 ταπεινοῖς
3185 2547 3301 2606 οὖσι
3337 2553 3408 2623 τῷ
3436 2554 3674 2622 πνεύματι,

489 2643 639 2699 milia
659 2656 785 2698 sunt
809 2644 1024 2713 spiritu,
1057 2645 1248 2713 sicque
1288 2643 1449 2713 digna
1482 2643 1678 2698 salute.
1703 2641 1807 2708 Qui
1830 2656 2057 2713 namque

2185 2643 2270 2696 καὶ
2297 2639 2442 2695 οὕτω
2469 2644 2744 2712 σωτηρίας
2789 2644 2986 2710 ἀξίοις.
3040 2647 3107 2700 Oi
3138 2647 3245 2716 γὰρ
3276 2647 3494 2706 τοιοῦτοι
3522 2647 3674 2711 λέοντες

489 2738 642 2806 quasi
690 2738 880 2792 leones
916 2747 1065 2802 sunt,
1118 2745 1173 2790 et
1223 2735 1362 2790 adeo
1413 2735 1792 2806 spiritualibus
1837 2735 2057 2790 ossibus

2185 2731 2292 2788 οἷον
2324 2733 2499 2798 ὄντες,
2531 2733 2627 2787 καὶ
2655 2735 2733 2798 εἰς
2763 2735 3020 2790 τοσοῦτον
3044 2738 3469 2807 ἑστεγανωμένοι
3493 2741 3674 2812 στερῥῶς

491 2828 702 2883 fortiter
755 2827 1142 2897 compaginati,
1179 2835 1237 2880 ut
1291 2834 1548 2892 tanquam
1589 2825 1932 2894 ignivomum
1979 2825 2057 2880 in-

2185 2828 2247 2880 τά
2276 2827 2421 2882 κατὰ
2469 2825 2651 2898 ψυχὴν
2679 2827 2836 2893 ὀστᾶ,
2885 2829 2962 2892 ὼς
3016 2831 3115 2884 καὶ
3147 2831 3476 2903 πυρεκσολην
3516 2833 3569 2902 τῇ
3593 2831 3674 2883 κατ’

501 2930 868 2976 strumentum
891 2919 1002 2974 sint
1034 2918 1262 2972 istorum
1291 2916 1618 2972 contritione
1661 2927 1852 2972 contra
1886 2931 2057 2986 perset

2185 2919 2324 2974 αὐτὰ
2362 2921 2644 2990 συντρίψει
2707 2927 2847 2977 κατά
2875 2924 2986 2976 τῶν
3030 2923 3217 2986 αὐτοῖς
3247 2926 3569 2996 ἐγκειμένων,
3604 2924 3673 2978 οὐκ

492 3022 723 3083 quentes
757 3011 924 3081 ipsos,
959 3023 1068 3064 non
1101 3015 1298 3079 egeant
1323 3007 1655 3063 contritione
1687 3007 1894 3063 ossium
1914 3008 2057 3078 juxta

2185 3011 2248 3063 ἂν
2275 3010 2479 3065 δέοιντο
2505 3011 2801 3085 συντρισῆς
2825 3014 3028 3068 ὀστέων
3055 3017 3202 3071 κατά
3217 3018 3340 3081 τοὺς
3361 3015 3489 3070 οὕτω
3506 3015 3675 3084 πάσχειν

493 3120 590 3161 eos
619 3105 712 3174 qui
744 3103 823 3160 sic
851 3103 962 3175 pati
994 3112 1122 3158 sunt
1151 3102 1326 3172 digni.
1351 3101 1408 3156 Si
1433 3101 1556 3171 quis
1592 3109 1774 3156 autem
1810 3109 2057 3171 reputant

2185 3099 2388 3164 ἀξίους.
2415 3101 2478 3153 Ei
2505 3101 2563 3154 δέ
2583 3119 2666 3166 τις
2697 3102 3143 3173 έντεθυμημὲνος
3169 3105 3490 3160 ἀντικεῖσθαι
3509 3105 3571 3176 τῷ
3590 3123 3677 3159 συνο

495 3197 678 3252 animo
731 3195 968 3251 contrito
999 3203 1053 3250 et
1097 3194 1390 3248 humiliato
1440 3193 1642 3263 opponi
1675 3191 1818 3262 quod
1859 3203 2057 3248 rectum

2185 3192 2532 3263 τετριμμένῳ
2562 3195 2654 3248 καὶ
2677 3197 3168 3268 κατακεκαμμένῳ
3187 3197 3284 3268 τὴν
3306 3198 3471 3271 ψυχὴν
3491 3197 3541 3252 τὺ
3564 3198 3672 3256 εὐθτδ,

493 3300 600 3354 est,
634 3290 766 3346 etin
791 3297 1026 3344 mentem
1064 3302 1327 3343 revocans
1379 3287 1630 3358 spiritum
1664 3297 1892 3352 rectum,
1930 3300 2057 3355 pra:-

2185 3283 2276 3338 καὶ
2307 3285 2695 3356 προσειληφὼς
2723 3289 2802 3350 είς
2849 3288 2974 3342 νοῦν
3002 3288 3065 3342 τὸ
3124 3291 3282 3355 eaet;
3309 3291 3521 3364 πνεῦμα,
3553 3291 3676 3361 etpri-

496 3383 636 3440 ferre
665 3399 723 3438 se
750 3383 931 3453 potius
985 3380 1135 3437 dicat
1153 3381 1355 3436 habere
1382 3390 1592 3435 rectum
1629 3379 1880 3450 spiritum
1903 3392 2057 3448 quam

2185 3375 2303 3431 σθαι
2332 3377 2538 3446 μᾶλλον
2568 3378 2713 3432 εἴποι
2749 3381 2970 3452 πνεῦμα
3004 3381 3168 3447 eset;
3217 3383 3358 3454 ἔχειν
3388 3385 3515 3455 ἥπερ
3537 3399 3673 3436 συντε-

494 3475 744 3545 spiritum
763 3472 1057 3528 contritum
1097 3481 1152 3526 et
1200 3471 1576 3538 humiliatum,
1615 3470 1800 3526 audiet
1823 3470 1925 3541 ipsi
1987 3469 2057 3524 di-

2185 3469 2482 3540 τριμμένον
2513 3473 2607 3525 καὶ
2661 3475 3188 3544 κατακεκαμμένον,
3239 3476 3450 3530 ἀκούσοι
3489 3476 3545 3529 ἂν
3584 3476 3678 3543 ἡμι-

497 3566 781 3619 mldiatum
811 3577 933 3618 esse
987 3561 1095 3617 tale
1139 3560 1342 3614 bonum
1383 3559 1752 3616 desiderium:
1820 3564 2057 3626 oportert

2185 3561 2436 3615 σεύεσθαι
2508 3561 2658 3632 αὐτῷ
2711 3565 2812 3632 τὴν
2873 3566 3140 3638 τοιαύτην
3206 3567 3409 3634 ἀγαθὴν
3446 3565 3674 3633 ἐπιθυμίαν

495 3657 641 3710 enim
665 3659 843 3725 ipsum
863 3652 1045 3708 dicere
1065 3667 1124 3705 se
1139 3666 1245 3705 non
1267 3651 1441 3718 magis
1463 3665 1626 3720 quam
1642 3648 1895 3718 spiritum
1938 3661 2057 3702 con-

2185 3652 2448 3708 ἐνταῦθα’
2485 3654 2684 3724 χρῆναι
2713 3658 2821 3725 γὰρ
2871 3657 3036 3711 αύτδν
3095 3660 3275 3712 εἰπεῖν
3313 3661 3384 3730 μὴ
3417 3659 3586 3727 μᾶλλον
3609 3653 3673 3706 τοῦ

497 3747 684 3800 tritum
727 3758 911 3798 amare
928 3751 1158 3808 rectum,
1179 3743 1272 3798 sed
1291 3742 1572 3810 aequaliter
1595 3748 1912 3810 utrumque.
1960 3737 2057 3792 Ma-

2185 3747 2646 3815 συντετριμμένον
2703 3746 3012 3816 πνεύματος
3063 3749 3288 3820 ἀγαπᾷν
3340 3749 3396 3800 τὸ
3437 3747 3563 3810 εὐθὺ,
3597 3741 3675 3798 ἀλλ’

497 3837 643 3893 xime
679 3837 844 3907 igitur
870 3835 1292 3906 prestatipsum
1347 3834 1490 3890 scire
1521 3833 1663 3903 quod
1724 3832 1900 3903 primo
1943 3846 2057 3887 con-

2185 3835 2374 3906 ἐπίσης
2412 3835 2508 3889 καὶ
2561 3835 2870 3907 ἀμφότερα,
2926 3837 3118 3908 ἐπειδὴ
3158 3840 3252 3892 καὶ
3299 3840 3373 3902 είς
3403 3839 3504 3892 ἴσον
3540 3833 3674 3890 τέλους

497 3929 783 3986 tereudmn
839 3938 925 3985 est
956 3942 1053 3982 cor
1077 3927 1222 3982 sicut
1249 3935 1457 3996 petram
1485 3920 1786 3981 montosam
1827 3933 1882 3979 et
1915 3939 2057 3994 aspe-

2185 3925 2388 3996 ἀγαθοῦ
2428 3927 2869 3982 ἀποτελευτῶσιν
2923 3929 3187 4000 ἑκάτερα.
3246 3929 3484 3985 Μάλιστα
3511 3926 3591 3995 μέν
3613 3916 3676 3974 οὖν

498 4039 636 4088 ram,
670 4024 722 4077 in
753 4021 1015 4092 praecipiti
1041 4021 1358 4085 minantem,
1415 4027 1869 4088 respuentemque
1923 4017 2057 4087 quod

2185 4020 2400 4074 κάλλιόν
2428 4020 2577 4074 ἐστιν
2609 4021 2809 4075 ειδέναι
2832 4021 2996 4076 αὑτὸν
3029 4022 3114 4074 ὅτι
3148 4022 3366 4090 πρῶτον
3393 4016 3674 4086 συντριπτίον
3753 4067 3756 4072 .

495 4123 581 4169 est
605 4122 908 4184 campestre
933 4113 1270 4182 proindeque
1327 4110 1532 4165 humile
1572 4123 1638 4165 ac
1694 4109 1916 4179 planum
1988 4123 2052 4163 ve

2185 4111 2278 4182 τὴν
2333 4111 2586 4182 καρδίαν,
2618 4111 2752 4164 ὡσεὶ
2789 4113 2884 4165 καὶ
2920 4113 3128 4183 πέτραν
3183 4112 3395 4183 ὀρεινὴν
3435 4107 3673 4172 ἀπόκροτον

495 4221 747 4278 αδηυιιιιις
783 4205 974 4261 deinde
1031 4205 1272 4260 studium
1329 4204 1397 4259 de
1463 4212 1614 4258 recto
1681 4202 2057 4258 instruendum

2185 4203 2358 4274 ὄχθοις
2391 4203 2866 4274 ὲκτραχυνομένην
2891 4204 2986 4257 καὶ
3009 4205 3426 4273 ἀπαρνουμένην
3445 4199 3498 4253 τδ
3521 4190 3676 4250 πεδινὸν

495 4299 1184 4370 procedendumquejuxta
1211 4298 1354 4352 viam
1395 4297 1503 4352 illis
1555 4297 1781 4351 charam
1829 4296 1924 4366 qui
1983 4310 2057 4352 se-

2185 4295 2277 4348 καὶ
2309 4293 2453 4347 οὕτω
2479 4293 2735 4346 ταπεινὸν
2769 4295 2864 4347 καὶ
2901 4293 3109 4364 ὁμαλὸν
3143 4292 3175 4362 ἢ
3231 4289 3552 4362 ἀγχώμαλον.
3586 4282 3676 4336 Εἶτα

495 4391 734 4448 cundum
775 4391 941 4446 Deum
971 4391 1256 4446 ambulant
1290 4390 1346 4444 in
1377 4387 1510 4443 vita.
1532 4389 1683 4444 Alias
1707 4388 1856 4449 enim
1886 4387 2057 4442 animt

2185 4382 2636 4454 πραγματευτέον
2669 4382 2731 4435 τὸ
2776 4383 2907 4436 εὐθὺ
2941 4383 3036 4436 καὶ
3064 4380 3490 4451 ἀνεπιπρόθητον
3515 4375 3578 4436 εις
3597 4371 3676 4423 biit

500 4500 606 4538 non
637 4483 869 4538 contrita
906 4496 1013 4536 non
1064 4489 1208 4535 recte
1262 4479 1522 4548 dirigetur
1577 4477 1646 4532 ad
1679 4478 1903 4543 bonum,
1929 4477 2057 4532 sicut

2185 4475 2342 4547 φίλην
2397 4477 2512 4539 τοῖς
2543 4475 2812 4544 θεοφιλῶς
2853 4475 3234 4546 ὁδοιποροῦσιν
3289 4477 3347 4528 ὲν
3377 4472 3486 4544 βίῳ.
3521 4465 3675 4521 ’Δλλως

504 4590 602 4631 uec
630 4589 760 4629 saxa
787 4572 1054 4638 scandali,
1085 4586 1208 4641 qua:
1235 4585 1343 4625 non
1370 4577 1579 4624 remota
1610 4568 1678 4624 ad
1713 4568 1819 4624 iter
1851 4583 2057 4638 aequau-

2185 4566 2290 4638 γάρ
2319 4567 2690 4639 ἀσύντριπτος
2717 4567 2864 4639 ψυχὴ
2894 4569 2956 4622 οὑ
2988 4566 3474 4638 κατευθυνθήσεται
3499 4563 3564 4622 εις
3582 4559 3678 4622 ἀγα·

497 4665 652 4730 dum,
685 4666 830 4719 viam
877 4660 1034 4733 sequi
1094 4668 1296 4715 rectam
1342 4659 1543 4715 sinent.

2185 4659 2407 4731 θότητα,
2437 4659 2514 4723 ὡς
2538 4659 2660 4713 οὐδὲ
2689 4662 2888 4730 πέτραι
2916 4660 3334 4714 σκανδαλοποιοὶ
3359 4657 3430 4728 μὴ
3449 4645 3677 4733 ἐξαιρεθεῖ·

2185 4765 2276 4804 σαι
2316 4749 2455 4820 πρὸς
2479 4749 2759 4820 λεωφόρον
2789 4748 3217 4806 κατευθύνεσθαι
3239 4749 3336 4819 την
3362 4742 3557 4817 πορείαν
3575 4731 3678 4803 diti

2183 4858 2394 4897 σουσιν.

567 4934 659 4991 70.
697 4933 769 4990 Ut
803 4944 982 4989 autem
1007 4941 1064 4990 et
1093 4933 1251 4989 aliter
1266 4946 1416 4988 nunc
1433 4944 1747 4988 sermonem
1771 4945 2057 4999 resumam,

2255 4943 2320 4991 o'.
2356 4935 2474 4990 Ἵνα
2497 4936 2555 4990 δὶ
2578 4936 2675 4990 καὶ
2706 4935 2884 5000 ἄλλως
2913 4937 3218 5006 κορυφὼσω
3246 4937 3334 4989 τὸν
3364 4934 3504 5002 λόγον
3521 4924 3676 4983 τοῦτον.

497 5038 738 5092 contere,
767 5027 989 5092 dilecte,
1021 5026 1223 5081 dictam
1257 5028 1397 5081 hanc
1422 5024 1670 5092 arduam,
1699 5023 1856 5080 collis
1873 5024 2057 5080 instar,

2185 5025 2504 5099 σύντριψον,
2534 5021 2581 5082 ὦ
2632 5028 2879 5099 φιλότης,
2928 5029 3032 5100 τὴν
3053 5031 3350 5099 εἰρημένην
3395 5023 3574 5096 ὀχθώδη
3594 5009 3678 5069 κατ’

496 5130 700 5188 petram
729 5128 784 5173 et
815 5119 867 5172 iu
898 5119 1106 5173 minuta
1129 5117 1456 5175 dissecatam
1496 5125 1723 5186 exporta
1757 5115 2057 5188 diligenter,

2185 5122 2419 5192 ιπαρσιν
2451 5124 2680 5190 πέτραν,
2733 5121 2831 5176 καὶ
2859 5119 3165 5191 διατμήξας
3199 5121 3279 5181 είς
3313 5115 3474 5169 λεπτὰ
3497 5102 3680 5178 παρακά-

495 5226 548 5268 et
564 5215 851 5268 observata
880 5215 1198 5284 operatione
1221 5225 1552 5284 opportuna,
1575 5212 1981 5284 recogitataque
2016 5212 2057 5268 ir

2188 5232 2348 5287 μισον
2377 5213 2680 5284 ἐπιμελῶς,
2705 5215 2800 5267 καὶ
2830 5213 3210 5283 φυλαξάμενος
3239 5207 3510 5281 ἑργατείαν
3545 5200 3680 5254 sit!”

501 5305 785 5374 temetipso
845 5305 1209 5360 aediﬁcatione
1263 5313 1477 5369 sancta,
1545 5303 1688 5359 sicut
1731 5303 2057 5359 dis'inissimt

2188 5322 2303 5376 ρον,
2337 5304 2432 5359 καὶ
2456 5305 2822 5374 λογισάμενος
2855 5304 2980 5357 καθ’
3008 5303 3200 5358 ἑαυτὸν
3231 5299 3502 5369 οἰκοδομὴν
3545 5291 3679 5358 ἁγίαν.

505 5396 790 5467 Scriptura
843 5397 1109 5466 praecipit,
1139 5405 1194 5452 et
1236 5397 1462 5450 materia
1523 5395 1868 5451 eonvenienti
1909 5411 2057 5467 agge-

2189 5397 2266 5460 ὡς
2306 5398 2338 5466 ἡ
2375 5396 2626 5466 θειοτάτη
2650 5396 2844 5466 Γραφὴ
2869 5396 3244 5464 ἐγκελεύεται,
3275 5394 3366 5447 καὶ
3392 5391 3510 5457 ὓλην
3531 5389 3683 5439 ἐπισω-

501 5500 641 5550 rata,
685 5500 1015 5543 structuram
1071 5488 1298 5542 Domino
1340 5486 1564 5557 auspice
1621 5487 1853 5558 incipias
1881 5488 1936 5542 in
1977 5504 2057 5544 nu-

2191 5488 2390 5559 ρεύσας
2458 5486 2670 5559 ἱκανὴν,
2735 5480 2910 5557 ἄρξαι’
2957 5487 3325 5555 θεοφυλάκτου
3368 5476 3616 5546 οἰκοδομῆς
3642 5471 3681 5520 ιν

505 5583 653 5636 mine
688 5580 806 5642 Dei,
835 5581 1093 5650 illamque
1117 5580 1170 5633 in
1202 5581 1582 5637 rectitudinem
1611 5583 1808 5651 partim
1850 5597 2057 5651 perpen‘

2187 5577 2413 5645 ὀνόματι
2463 5576 2624 5640 Θεοῦ,
2682 5579 2778 5630 καὶ
2809 5579 3131 5631 ἀπευθύνων
3175 5577 3344 5645 αὐτὴν
3371 5575 3445 5636 είς
3471 5569 3681 5640 ὀρθότητα

499 5674 714 5738 diculo,
767 5674 966 5743 partim
1021 5676 1230 5729 amussi
1294 5674 1596 5746 spiritualis
1655 5675 2056 5745 artisdirigens

2189 5671 2266 5742 πῆ
2291 5671 2394 5741 μὲν
2426 5671 2642 5738 καθέτῳ
2668 5671 2866 5742 τέχνης
2900 5673 3295 5742 πνευματικῆς,
3330 5669 3401 5738 πῆ
3441 5665 3492 5718 δὲ
3518 5657 3679 5723 πάομιι

509 5765 859 5819 accommoda
886 5763 1107 5818 domum
1139 5764 1194 5818 in
1220 5765 1476 5835 templum
1496 5763 1606 5820 Deo
1635 5765 1890 5834 dignum,
1916 5778 1973 5820 ut
2001 5767 2055 5848 in

2189 5764 2492 5833 ἀπάρτισον
2537 5763 2630 5818 τὸν
2687 5760 2836 5818 οἷκον
2871 5766 2947 5828 είς
2978 5766 3112 5819 Θεοῦ
3154 5765 3281 5818 ναὸν
3329 5747 3682 5848 ἐπιτήδειον.

487 5855 720 5939 habitet
746 5855 824 5914 ibi
842 5855 1071 5928 spiritus
1105 5865 1291 5916 rectus
1323 5877 1336 5917 :
1370 5859 1450 5916 sic
1477 5859 1622 5916 enim
1679 5868 1734 5916 et
1777 5873 1886 5915 non
1927 5843 2056 5915 alite

2187 5857 2465 5930 ἐνοικῆσαι
2495 5858 2646 5930 αύτῷ
2702 5858 2924 5931 πνεῦμα
2959 5859 3111 5926 εύθές
3133 5874 3149 5890 ’
3204 5856 3342 5912 οὕτω
3369 5855 3468 5926 γὰρ
3497 5850 3576 5905 καὶ
3608 5843 3679 5898 οὐκ
