3824 6570
125 421 213 487 585

864 423 942 486 ιη
984 419 1319 490 llYMNU-M
1365 419 2021 497 PENTECOSTALEM
2065 429 2523 501 DAMASC’ENI.

3209 435 3313 501 586

123 540 265 601 dum;
295 539 350 591 τδ
398 535 652 607 πανάγιον
703 539 927 612 Πνεῦμα
961 545 1040 610 είς
1093 545 1184 598 τὸν
1227 545 1318 599 σδν
1349 539 1498 600 οἷκον
1528 548 1626 616 τὴν

1762 553 2108 609 anctlssimus
2143 554 2381 625 Spiritus
2443 555 2498 608 in
2531 554 2755 610 domum
2793 563 2964 622 tuam,
3005 553 3057 610 id
3081 564 3166 610 est
3195 571 3312 620 eor,

124 630 310 700 καρδξαν
335 629 703 688 εἰσελεύσεται.
721 625 890 687 Τοῦτὸ
921 651 1003 687 σοι
1028 637 1396 706 κερδήσαντες
1423 635 1480 703 ἐξ
1514 641 1634 689 ἐπι·

123 722 448 792 ωμονὰρχου
476 721 566 774 τοῦ
601 725 840 792 μεγάλου
869 726 1033 778 Δαυτδ
1084 725 1193 778 ίδοὺ
1247 727 1634 797 παραδεδώκα-

124 830 203 882 μεν
226 813 294 874 είς
321 811 600 879 ὠφέλειαν.
628 813 688 877 ὃς
711 816 900 881 εἰπὼν,
933 817 1198 884 Καρδίαν
1217 819 1484 885 καθαρὰν
1508 819 1632 886 κτίο

121 917 212 956 σον
229 905 290 954 ἐν
314 903 458 970 ἐμοὶ,
492 906 525 958 ό
563 907 727 973 Θεὸς,
771 906 846 969 ὡς
893 909 949 972 ἐξ
981 909 1232 978 ὑπαρχῆς
1293 910 1406 978 βίου
1437 910 1636 981 δηλαδὴ

120 996 295 1062 ἐπάγει,
346 997 454 1060 καὶ,
506 998 744 1069 Πνεῦμα
771 1002 946 1067 εὐθὲς
1008 1002 1358 1070 ἐγκαινισον
1390 1006 1459 1057 ἐν
1514 1005 1639 1068 τοῖς

119 1085 344 1154 ἐγκὰτοις
370 1105 506 1157 μου.
537 1090 652 1145 Ὶνα
678 1093 730 1144 τί
765 1092 932 1157 ποιῶ;
962 1093 1081 1146 Ἵνα
1112 1094 1284 1155 οὕτως
1309 1096 1639 1164 ἐστηριγμέ-

121 1193 190 1226 vos
217 1192 293 1244 μοι
317 1179 402 1230 τοῦ
433 1179 578 1249 ίεροῦ
607 1181 756 1233 οτκου
788 1183 882 1234 καὶ
927 1183 1195 1246 ἀϐλαϐοῦς
1231 1184 1480 1254 μένοντος
1507 1185 1636 1237 ἀνέ-

125 1285 214 1336 μων
239 1285 290 1322 τε
319 1274 646 1334 καταπνοαῐς
682 1273 779 1326 καὶ
809 1276 1070 1342 ποταμῶν
1094 1277 1376 1346 ὲπιρῤοαῖς
1403 1278 1498 1328 καὶ
1530 1294 1638 1328 σει-

123 1359 242 1426 σμῶν
267 1363 556 1430 τιναγμοῖς,
590 1364 908 1433 ὴγεμονεύω
957 1368 1096 1420 κατὰ
1146 1367 1355 1430 παθῶν,
1406 1368 1499 1422 καὶ
1564 1370 1638 1438 μὴ

120 1449 331 1514 δουλικῶς
371 1451 461 1505 ὑπ’
489 1455 670 1518 αὐτοῖς
699 1457 959 1526 γίνωμαι,
1016 1459 1330 1528 ἡγεμονικῷ
1364 1461 1640 1526 πνεύματι

123 1541 458 1610 στηριζόμενος
489 1545 575 1599 διὰ
609 1545 727 1601 σοῦ.
764 1549 1268 1627 Κεφαλαιὼσασθαι
1293 1548 1388 1605 οῦν
1421 1551 1482 1605 τὸ
1536 1554 1642 1606 πᾶν

123 1636 164 1683 ιν
186 1632 370 1703 βραχεῖ,
393 1636 689 1708 συντριϐἧς
711 1639 819 1710 πρὸ
850 1640 1067 1694 πάντων
1093 1643 1272 1712 χρεία,
1294 1643 1366 1707 ὡς
1393 1644 1608 1714 εἴρηται
1627 1659 1641 1676 ο

123 1717 212 1778 εἶτα
255 1727 545 1799 οἰκοδομῆς,
607 1731 727 1800 μεθ’
767 1733 834 1802 ἣν
895 1732 1112 1802 πνεῦμα
1155 1734 1314 1798 eses;
1348 1737 1458 1797 τοῖς
1489 1733 1645 1803 ἡμῶν

1740 643 1989 700 intrabit.
2039 643 2150 700 lloc
2185 645 2281 700 tibi
2319 646 2513 700 lucrati
2542 661 2604 701 ex
2657 645 2922 713 magistro
2959 645 3314 700 scientiarum

1739 749 1938 803 magno
1958 734 2147 798 David,
2168 733 2490 793 tradidimus
2515 737 2579 790 ad
2610 736 2894 790 utilitatem
2919 753 2935 802 ;
2965 733 3055 806 qui
3086 734 3311 789 dicens:
3409 762 3412 764 η

1737 823 1844 878 Cor
1876 827 2124 878 mundum
2159 842 2279 881 crea
2308 827 2362 880 in
2390 844 2493 894 me,
2526 826 2685 892 Deus,
2710 833 2967 894 tanquam
2985 839 3051 880 ex
3072 821 3319 878 vimini-

1741 911 1816 966 tio
1846 915 2073 983 repetit;
2105 925 2178 981 et,
2206 914 2464 981 Spiritum
2497 925 2694 972 rectum
2741 917 2933 970 innova
2955 916 3008 968 in
3035 913 3316 968 uisceribus

1741 1001 1908 1054 meis:
1945 1013 2002 1056 ut
2063 1005 2191 1072 quid
2253 1005 2482 1058 facium?
2508 1004 2574 1058 Ut
2599 1005 2678 1058 sic
2713 1003 2847 1057 mihi
2885 1002 3122 1057 stabilita
3155 1013 3312 1055 sacra

1742 1091 1921 1157 domo,
1943 1093 2282 1163 immunique
2305 1107 2557 1150 manente
2589 1113 2618 1150 a
2653 1107 2937 1150 ventorum
2958 1095 3178 1148 ﬂatibus
3205 1103 3260 1146 et
3287 1108 3315 1144 ιι

1743 1183 2027 1237 fluminum
2047 1186 2283 1250 fluentis,
2324 1198 2376 1241 et
2405 1203 2434 1241 a
2473 1199 2631 1241 terra:
2663 1197 2905 1240 motuum
2932 1182 3320 1255 procellis,ego

1742 1276 1850 1330 dux
1868 1278 1970 1330 sim
1988 1277 2246 1333 adversus
2267 1279 2570 1346 passiones.
2589 1289 2641 1334 et
2659 1293 2763 1331 non
2783 1277 2890 1332 illis
2906 1275 3174 1331 serviliter
3193 1275 3324 1328 sub-

1741 1366 1922 1436 jiciar,
1957 1368 2148 1438 spiritu
2183 1370 2463 1438 principali
2509 1385 2601 1438 per
2627 1378 2679 1424 te
2709 1370 3018 1423 roboratus.
3055 1365 3125 1422 Ut
3156 1365 3321 1435 igitur

1745 1459 1981 1514 breviter
2009 1467 2180 1514 totum
2212 1462 2525 1514 summatim
2558 1469 2818 1531 repetam,
2846 1458 3176 1514 contritione
3197 1465 3322 1510 ante

1748 1554 1933 1608 omnia
1983 1566 2120 1625 opus
2156 1562 2261 1619 est,
2304 1561 2362 1607 ut
2414 1553 2692 1619 diximus;
2758 1552 2952 1607 deinde
3002 1559 3127 1621 apta
3193 1564 3324 1605 con-

1749 1647 2072 1711 structione,
2107 1653 2414 1714 postquam
2472 1643 2698 1714 spiritus
2768 1653 2954 1697 rectus
2991 1641 3045 1696 in
3095 1639 3323 1696 visceri-

1751 1736 1855 1790 bus
1908 1737 2110 1791 nostris
2168 1735 2510 1792 inliabilabit.
2562 1733 2660 1788 Est
2708 1734 2872 1803 igitur
2933 1729 3318 1790 desiderabilis

125 1819 326 1884 ίγκᾶτοις
352 1821 850 1894 ὲγκαινισθήσεται.
871 1827 1093 1895 Δίρετὸν
1114 1826 1206 1880 οὖν
1237 1828 1433 1896 ἐπίσης
1457 1829 1646 1899 ῶσπερ

1762 1827 1896 1882 sicut
1924 1827 2147 1898 spiritus
2171 1827 2460 1893 contritus,
2493 1825 2574 1882 sic
2599 1835 2654 1881 et
2694 1833 2898 1881 rectus.

127 1911 171 1962 τὸ
195 1915 622 1982 συντετριμμένον
660 1915 902 1984 πνεῦμα,
947 1917 1090 1971 οὕτω
1122 1919 1218 1972 καὶ
1247 1919 1308 1973 τὸ
1339 1919 1514 1984 εὐθές.

178 2011 256 2057 αι’.
294 2005 593 2077 Συντριϐὴν
642 2007 699 2061 δὲ
753 2009 848 2062 καὶ
873 2009 1037 2062 πάλιν
1083 2012 1226 2081 φημὶ
1259 2011 1360 2084 τὴν
1393 2013 1645 2082 ἐνάρετον

128 2095 219 2147 καθ’
240 2097 494 2162 ἑκούσιον,
553 2100 748 2153 ὁποίαν
807 2101 1094 2171 μακαρίως
1149 2101 1424 2174 πάσχουσι
1461 2104 1556 2158 καὶ
1592 2106 1642 2158 οἱ

128 2181 328 2252 λέγοντες
377 2187 587 2256 πρῶτοι
650 2188 750 2252 τὰς
803 2192 1079 2260 ἁμαρτίας
1132 2191 1313 2246 αὐτῶν
1370 2193 1464 2248 καὶ
1503 2195 1645 2262 σφᾶς

130 2275 278 2338 αὐτοὺς
307 2281 741 2349 κατακρίνοντες.
782 2281 849 2337 Οἱ
883 2285 991 2353 γὰρ
1016 2283 1190 2347 ἄλλως
1209 2284 1478 2353 ἑτέρωθεν
1508 2302 1635 2338 συν-

130 2366 382 2438 τριϐόμενοι
435 2373 530 2426 καὶ
597 2375 1142 2445 κατακαμπτὸμενοι,
1217 2376 1280 2429 ού
1353 2379 1642 2448 μακαρίως

129 2459 286 2527 ἔχουσι.
311 2461 372 2515 τί
396 2463 504 2532 γὰρ
533 2464 705 2520 καλὸν
750 2466 906 2520 ἔσται
951 2467 1176 2539 πονηρῷ
1227 2467 1500 2540 ἀνθρώπῳ
1551 2470 1647 2524 καὶ

130 2549 384 2623 ἁμαρτωλῷ
427 2557 772 2623 συντριϐέντι
828 2558 920 2613 τὸν
970 2558 1231 2631 βριχέονα
1268 2560 1580 2632 ψαλμικῶςν
1611 2563 1645 2633 ἢ

131 2638 186 2708 τῷ
203 2642 448 2710 mlum
487 2647 549 2708 ἐς
579 2647 801 2716 παγίδα,
825 2653 922 2704 καὶ
947 2653 1400 2724 κατακαμιρθέντι
1421 2654 1519 2726 τὴν
1543 2654 1648 2725 ψυ-

132 2733 232 2801 χήνς
265 2734 580 2808 ἐπιστῆσαι
612 2740 672 2794 δὲ
717 2742 822 2813 χρὴ
863 2743 941 2808 ὡς
999 2745 1093 2798 καὶ
1127 2747 1160 2817 ἠ
1189 2747 1410 2818 τοιαύτη
1449 2749 1648 2816 εὐαγε-

134 2828 259 2897 nam
293 2829 541 2902 συντριϐῇ
572 2830 662 2886 διὰ
700 2835 794 2888 τοῦ
828 2834 964 2889 Θεοῦ
993 2838 1206 2906 γίνεται
1239 2838 1330 2892 τοῦ
1355 2840 1651 2910 προσιεμέ-

133 2934 216 2983 iw,
235 2921 316 2974 καὶ
344 2921 414 2993 μὴ
444 2924 858 2990 ἑξουδενοῦντος
905 2928 966 2981 τὸ
993 2931 1458 3001 συντετριμμένον
1488 2933 1642 2986 πνεῦ-

136 3027 209 3077 μα.
230 3014 293 3079 ὡς
316 3015 454 3081 ἄξιον
481 3019 827 3074 οίκειοῦσθαι
859 3022 1027 3093 αύτῷ.
1059 3023 1168 3078 Καὶ
1186 3023 1268 3094 εἴη
1292 3025 1358 3077 ἂν
1389 3026 1652 3096 συντριϐῇ

134 3101 238 3172 αὕτη
265 3105 510 3180 λεγομένη
548 3107 645 3162 διὰ
690 3110 754 3163 ἐδ
803 3113 901 3166 σὺν
933 3111 1105 3182 ἑτέρῳ
1133 3113 1232 3185 τὴν
1273 3113 1452 3186 ψυχὴν
1481 3133 1654 3170 κατα-

1823 2001 1912 2056 71.
1943 2001 2340 2058 Contritionem
2376 2019 2596 2059 rursum
2629 2003 2753 2058 dico
2785 2001 3111 2058 laudabilem
3136 2016 3202 2056 ac
3230 2016 3328 2056 vo-

1750 2093 2069 2158 luntariam,
2105 2110 2268 2164 quam
2346 2093 2577 2152 feliciter
2613 2095 2967 2164 experiuntur
3015 2093 3107 2164 qui
3164 2091 3326 2164 primi

1749 2201 1879 2244 suas
1911 2187 2100 2257 culpas
2137 2186 2396 2244 dicuntet
2429 2185 3325 2257 semetipsosjudicant.Quienim

1750 2282 1886 2338 alias
1933 2291 1986 2338 et
2039 2281 2260 2338 aliunde
2303 2291 2662 2339 conteruntur
2705 2290 2760 2336 et
2808 2281 3190 2344 humiliantur,
3217 2295 3327 2334 non

1751 2368 1980 2429 feliciter
2033 2371 2356 2429 adiciuntur.
2421 2373 2560 2439 Quid
2603 2375 2746 2428 enim
2772 2373 2876 2428 erit
2942 2372 3068 2426 boni
3115 2369 3325 2425 homini

1750 2479 1984 2536 nequam
2014 2473 2070 2520 et
2128 2465 2397 2535 peccatori
2423 2466 2578 2534 juxta
2611 2465 2850 2535 psalmos
2916 2463 3140 2517 brachio
3191 2475 3328 2516 cou-

1751 2557 1876 2623 teri,
1897 2558 1982 2613 vel
2013 2556 2088 2612 illi
2117 2557 2208 2627 qui
2262 2556 2512 2612 inductus
2543 2567 2628 2612 est
2653 2557 2706 2610 in
2757 2555 3037 2625 laqueum.
3062 2562 3116 2608 ιιι
3145 2552 3326 2606 anima

1751 2649 2070 2705 humiliatus
2088 2660 2173 2711 est
2195 2647 2218 2701 ?
2243 2646 2552 2703 Meminisse
2587 2661 2717 2701 vero
2767 2653 2980 2716 oportet
3015 2644 3160 2698 illam
3199 2658 3326 2698 san-

1752 2741 2054 2798 ctissimam
2085 2738 2466 2794 contritionem
2497 2752 2595 2808 per
2624 2735 2794 2790 Deum
2847 2733 2962 2790 ﬁeri
2994 2733 3087 2804 qui
3135 2732 3329 2802 probat

1753 2845 1930 2901 neque
1980 2829 2157 2902 rejicit
2209 2828 2460 2898 spiritum
2497 2827 2815 2892 contritum,
2864 2831 2924 2880 ut
2952 2823 3173 2892 dignum
3233 2822 3328 2892 qui

1755 2921 1858 2977 sibi
1905 2922 2306 2993 coniungatur;
2336 2927 2390 2975 et
2420 2920 2523 2976 ista
2555 2919 2811 2975 contritio
2865 2919 2948 2974 sic
2971 2917 3170 2973 dicitur
3203 2916 3331 2986 quia

1755 3027 1881 3067 cum
1909 3010 2083 3067 altero
2137 3013 2319 3066 anima
2368 3011 2718 3080 semetipsam
2769 3009 2951 3065 atterit
3015 3017 3072 3064 et
3106 3007 3326 3078 frangit,

1757 3111 1813 3156 et
1850 3101 1996 3172 quod
2049 3101 2102 3154 in
2154 3116 2214 3156 se
2251 3104 2448 3156 durum
2487 3111 2592 3166 est,
2644 3108 2914 3164 attenuat,
2953 3111 3008 3154 et
3057 3098 3253 3153 minuit
3276 3099 3330 3152 in

134 3192 292 3260 τρίϐειν
324 3196 515 3269 ἑαυτὴν
547 3200 650 3252 καὶ
681 3199 935 3271 συνθλᾷν,
969 3200 1066 3254 καὶ
1099 3203 1392 3273 ἐπισχνοῦν
1439 3205 1498 3257 τὸ
1533 3205 1653 3258 κατ’

1762 3193 2010 3264 spiritum
2067 3192 2284 3258 corpori
2342 3192 2719 3249 dissociatum.
2749 3191 2984 3258 Quinam
3012 3201 3190 3246 autem
3246 3202 3334 3246 est

135 3283 264 3354 abripi
295 3287 515 3359 σκληρὸν
536 3292 644 3345 καὶ
661 3291 1059 3347 ἀπολεπτύνειν
1081 3294 1164 3358 είς
1192 3294 1414 3365 πνεῦμα
1441 3295 1656 3364 σώματι

137 3375 458 3435 ἁσυνᾱῑαστον.
499 3381 669 3446 ﬂcio;
702 3381 762 3435 δι
793 3384 1002 3447 ἐκεῖνος
1050 3384 1278 3456 ἓτερος;
1326 3385 1385 3440 '0
1416 3387 1570 3453 Θεὸς,
1595 3384 1655 3439 οῦ

141 3467 692 3544 συνεπιλαμϐανομένου
741 3474 821 3545 τῷ
869 3475 986 3546 ἰδίῳ
1037 3476 1343 3547 πλάσματι,
1377 3477 1451 3538 ti);
1479 3477 1658 3550 ψυχὴν

144 3560 270 3625 μόνην
289 3560 347 3614 δι’
370 3563 530 3618 αὐτοῦ
568 3565 952 3620 ἀποτελεῖσθαι
975 3569 1066 3623 τὸν
1091 3568 1344 3625 σύνθετον
1365 3571 1658 3641 ἄνθρωπον

141 3645 183 3707 ὃς
201 3649 341 3705 tuis:
368 3653 758 3727 συντρίϐεσθαι
799 3659 880 3721 είς
901 3658 1082 3729 εύαφῆ
1118 3659 1448 3714 ταπείνωσιν
1473 3662 1573 3732 τὴν
1599 3663 1658 3714 έν

142 3737 244 3806 Θεῷ,
259 3744 516 3808 ὲξανύεται
538 3743 677 3818 ρᾄν
698 3747 758 3801 τὸ
782 3747 882 3816 τῆς
914 3749 1206 3818 συντριϐἧς
1229 3748 1455 3816 ἀγαθόν.
1497 3749 1660 3802 Ἀλλὰ

142 3825 268 3882 ταῦτα
306 3832 394 3900 μὲν
433 3837 768 3905 πεπόρισται
801 3837 1183 3907 μεταφορικῶς
1214 3839 1322 3891 ἀπὸ
1366 3837 1660 3909 συντριϐἧς

142 3915 226 3987 ἅμα
269 3926 348 3978 καὶ
392 3927 809 3998 κατακάμψεως
846 3929 1078 3999 φυτικῆς
1105 3945 1118 3960 ·
1178 3929 1352 3992 ἄλλως
1399 3931 1458 3984 δὲ
1503 3926 1659 4002 καὶή

145 4010 396 4078 καταμόνας
418 4014 662 4086 τροπικὴ
705 4017 987 4088 συντριϐὴ,
1036 4018 1176 4082 ὅπερ
1203 4021 1322 4072 ἐστὶ
1354 4018 1657 4092 σύντριψις,

146 4102 335 4172 χρησίμη
374 4107 629 4173 φαίνεται
670 4103 812 4161 εἶναι
860 4111 940 4172 είς
970 4109 1032 4162 τὸ
1065 4109 1165 4182 τὴν
1190 4114 1662 4186 συντετριμμένην

145 4190 246 4244 κατὰ
268 4191 388 4248 Θεὸν
413 4197 623 4268 ψυχὴν,
651 4199 744 4252 καὶ
768 4196 942 4262 οὕτως
965 4201 1304 4272 ἁτράχυντον
1329 4205 1423 4257 καὶ
1454 4202 1665 4272 ἁσκλή·

148 4289 452 4380 βένθη-καὶ
497 4288 627 4342 οὐδὲ
687 4290 1026 4362 ἐπηρμένην,
1086 4292 1470 4347 κατανοεῖσθαι
1503 4295 1663 4364 φίλην

147 4373 247 4422 εἰναι
290 4373 361 4442 τῷ
405 4376 546 4449 Θεῷ.
584 4378 921 4434 summa:
946 4383 1038 4436 και
1081 4383 1254 4446 ἄλλως
1295 4386 1329 4454 ὴ
1375 4386 1517 4438 κατὰ
1563 4386 1664 4454 τὴν

148 4463 384 4535 συντριϐην
403 4467 608 4539 τροπὴ,
646 4469 676 4521 δ
699 4469 818 4522 ἐστι
849 4471 1156 4544 μεταφορὰ,
1201 4472 1400 4544 δηλοῦν
1427 4475 1662 4528 ἐνταῦθα

1760 3284 1849 3340 ille
1887 3285 2064 3340 alter?
2106 3285 2272 3348 Deus.
2323 3301 2432 3355 quo
2469 3284 2744 3356 propriam
2815 3293 3126 3341 creaturam
3176 3284 3306 3351 adju

1759 3385 1938 3443 vante,
1960 3376 2033 3432 ita
2063 3385 2124 3431 ut
2153 3377 2332 3431 anima
2363 3377 2480 3431 sola
2511 3392 2604 3446 per
2634 3375 2811 3445 ipsum
2836 3375 3152 3446 perficiatur
3177 3388 3332 3428 com-

1761 3469 1974 3539 positus
2008 3469 2172 3522 homo
2194 3469 2286 3539 qui
2320 3467 2432 3523 vult
2482 3467 2536 3521 in
2591 3468 2823 3523 docilem
2870 3465 3329 3530 bumiliatiouem,

1759 3559 1909 3616 illam
1941 3561 2130 3631 quani"
2161 3560 2269 3614 Deo
2308 3571 2413 3623 est,
2433 3559 2987 3628 conteri,completur
3007 3557 3164 3612 facile
3198 3572 3335 3612 con-

1762 3653 2001 3708 tritionis
2055 3653 2277 3707 bonum.
2321 3651 2444 3706 llaec
2467 3660 2650 3706 autem
2702 3649 3073 3721 metapliorice
3111 3648 3333 3719 quidem

1762 3742 1993 3800 deducta
2026 3753 2151 3799 sunt
2185 3761 2214 3797 a
2247 3743 2576 3799 contritione
2595 3751 2648 3798 et
2695 3741 3072 3797 incurvatione
3121 3740 3339 3810 planta-

1765 3849 1931 3889 rum:
1971 3833 2064 3888 sed
2109 3833 2267 3887 aliter
2322 3834 2549 3888 seorsim
2585 3832 2790 3902 tropica
2845 3829 3134 3902 συντριϐή,
3190 3830 3337 3901 quod

1765 3931 1848 3980 est
1872 3923 2152 3994 σύντριψις
2174 3924 2520 3979 contribuere
2551 3923 2784 3991 videtur,
2821 3934 2880 3978 ut
2924 3923 3106 3978 anima
3135 3937 3337 3978 secun-

1766 4013 1894 4067 dum
1938 4011 2104 4066 Deum
2137 4015 2470 4074 contrita,et
2531 4011 2602 4065 ita
2658 4026 2756 4066 nec
2788 4025 2981 4080 aspera
3027 4025 3127 4064 nec
3172 4009 3336 4076 dura,

1765 4120 1866 4159 nec
1891 4106 2140 4172 superba,
2174 4113 2461 4159 censeatur
2487 4119 2609 4160 esse
2629 4102 2736 4158 Deo
2753 4104 2938 4158 chara.
2969 4103 3141 4157 Aliter
3156 4111 3336 4157 autem

1767 4196 2356 4265 contritionisltropus,
2390 4194 2440 4248 id
2464 4204 2547 4249 est
2575 4195 2915 4262 metaphora,
2945 4194 3032 4246 hic
3052 4191 3340 4246 ostendere

1765 4286 2043 4358 vultquod
2085 4287 2140 4341 in
2175 4293 2344 4340 totum
2371 4294 2454 4341 est
2480 4287 2706 4352 tritum;
2753 4286 2823 4339 ita
2855 4294 2912 4338 ut
2949 4283 3175 4352 spiritus
3203 4297 3335 4336 con-
3365 4267 3371 4273 ’

1767 4379 2057 4436 tribulutus
2084 4379 2247 4434 etiam
2312 4385 2644 4442 conteratur,
2675 4376 2831 4448 quasi
2872 4393 2964 4446 per
3003 4374 3336 4429 humiliatio-

1767 4489 1891 4529 nem
1931 4473 2090 4544 plane
2112 4471 2354 4538 fractus;
2403 4469 2530 4528 aliis
2575 4482 2756 4525 autem
2785 4469 2985 4534 verbis,
3034 4467 3338 4522 conteritur

146 4549 190 4600 τὸ
205 4554 301 4608 καθ’
325 4559 546 4632 ὀλότητα
581 4562 989 4632 συλληπτικῶς,
1017 4565 1091 4628 ὼς
1117 4569 1320 4633 εἰπεῖν,
1347 4567 1554 4638 τριϐέν·
1577 4568 1653 4622 ἵνα

1775 4565 1917 4636 quod
1943 4564 2127 4622 multis
2167 4563 2370 4630 modis,
2400 4562 2488 4619 vel
2523 4577 2632 4618 uno
2660 4561 2843 4632 aliquo
2869 4559 3060 4631 majori
3091 4559 3161 4614 ab
3189 4559 3336 4612 omni

147 4640 190 4689 *εδ
213 4645 458 4706 συνθλιϐὲν
477 4652 703 4724 πνεῦμα
723 4657 898 4709 ἐκεῖνο
927 4656 1021 4710 καὶ
1043 4659 1418 4728 συντρίϐηται,
1447 4660 1523 4722 ὡς
1547 4653 1661 4712 οἷον

1766 4667 1922 4730 parte
1980 4659 2193 4714 teritur.

149 4730 363 4798 θριυσθὲν
389 4743 479 4798 διὰ
513 4745 905 4812 ταπεινώσεως
933 4749 1013 4808 είς
1041 4750 1302 4813 παντελές
1328 4767 1344 4783 ο
1374 4749 1469 4804 καὶ
1490 4750 1665 4817 ἄλλως
1701 4751 1757 4805 δὲ
1793 4750 2026 4822 φράσαι,
2069 4748 2418 4821 συντρίϐεται
2483 4747 2544 4801 τὸ
2579 4745 2818 4812 συνόλως
2879 4745 3068 4818 τριϐὲν
3115 4747 3341 4816 τρόποις

149 4829 366 4910 πλλοῖςῆ
397 4841 488 4895 καί
517 4855 629 4897 τινι
658 4829 926 4917 ἀξιολόγῳ
955 4845 1056 4901 ἑνί.

196 4933 274 4999 οβ’.
300 4936 574 5008 Δυνάστην
613 4936 671 4990 δὲ
713 4937 1003 5008 γραφικῶς
1032 4939 1179 5008 λέγει
1213 4940 1303 4995 τὸν
1333 4943 1668 4997 παντοδύνα-

152 5034 225 5084 μον
241 5020 356 5077 Θεὸν
374 5026 403 5078 δ
429 5026 690 5097 μελῳδὸς,
712 5025 746 5095 ἢ
773 5026 846 5090 ὡς
866 5025 1051 5090 ἁπλῶς
1077 5028 1335 5098 ἄρχοντα,
1369 5025 1401 5098 ἢ
1429 5029 1551 5082 ἀντὶ
1572 5029 1668 5081 τοῦ

151 5107 393 5185 ὲνδύναμεν
429 5118 526 5173 καὶ
557 5119 797 5188 ἰσχυρὸν,
834 5111 924 5170 οἷα
950 5119 1050 5188 τῆς
1079 5117 1278 5183 λέξεως
1312 5116 1408 5171 τοῦ
1436 5117 1669 5172 δυνατοῦ

153 5196 256 5266 μήτε
297 5205 426 5258 κατὰ
481 5205 703 5276 μέτρον,
757 5209 896 5277 μήτε
953 5210 1094 5260 κατὰ
1139 5205 1320 5278 μέλος,
1368 5207 1670 5278 εὐχρήστου

149 5285 334 5347 inuida
357 5295 432 5365 τῷ
462 5300 663 5369 ποιητῇ
686 5299 858 5361 ὄντος.
879 5298 995 5371 Οὐκ
1017 5299 1104 5353 ἀεὶ
1125 5299 1183 5351 δὲ
1214 5299 1247 5369 ἡ
1273 5298 1496 5369 τοιαύτη
1529 5297 1671 5365 λέξις

151 5373 326 5436 επαινον
359 5385 471 5457 ἔχει
496 5391 652 5459 παρὰ
686 5389 800 5451 τοῖς
833 5388 1234 5460 παλαιοτέροις,
1259 5391 1372 5444 ἀλλ’
1397 5390 1503 5444 είσί
1529 5406 1674 5453 τινες

151 5466 188 5520 οι
213 5469 361 5538 βίαιόν
387 5494 507 5533 τινα
534 5480 627 5533 τὸν
655 5480 928 5550 δυνάστην
959 5482 1145 5550 φασὶν,
1178 5481 1238 5535 ού
1260 5481 1675 5553 κυριολεκτοῦν-

151 5574 220 5622 τις
245 5566 402 5634 αὐτοὶ,
457 5571 597 5625 ἀλλὰ
649 5572 824 5642 μέσην
874 5571 1042 5642 λέξιν,
1099 5576 1192 5627 καὶ
1233 5574 1326 5628 τὸν
1379 5575 1672 5645 δυνάστην,

152 5652 265 5708 καθὰ
296 5659 383 5712 καὶ
414 5661 507 5714 τὸν
535 5661 782 5730 δυνατὸν,
813 5665 1113 5736 τιθέμενοι.
1153 5667 1398 5738 Εὕρηται
1425 5668 1532 5738 γὰρ
1581 5666 1676 5721 καὶ

149 5739 380 5814 όδυνατδς
407 5755 466 5806 ἐν
497 5755 566 5826 τῇ
603 5757 858 5831 θειοτάτῃ
885 5757 1077 5830 Γραφῇ
1118 5759 1177 5812 οὐ
1203 5760 1364 5831 μόνον
1422 5759 1677 5814 ἐπαινούσ

1847 4938 1935 4994 72.
1968 4937 2264 5007 Dynastam
2286 4944 2466 4991 autem
2498 4933 2752 5006 graphice
2804 4932 2974 4991 Deum
3003 4934 3348 5007 omnipoten-

1778 5045 1887 5089 tem
1915 5027 2313 5098 dicitscriptor,
2342 5026 2495 5082 velut
2525 5027 3248 5097 simpliciterdominantem,
3266 5029 3350 5086 vel

1779 5131 2056 5194 potentem
2085 5133 2149 5174 ac
2191 5117 2413 5183 fortem,
2439 5126 2708 5188 quatenus
2720 5132 2821 5173 vox
2845 5126 3050 5188 potem,
3077 5136 3176 5176 nec
3195 5121 3353 5192 juxta

1780 5226 2039 5280 metrum,
2061 5226 2160 5268 nec
2183 5207 2484 5267 secundum
2498 5207 2790 5265 melodiam
2818 5210 2904 5266 hic
2925 5213 3140 5280 expedit
3158 5224 3350 5284 poetas.

1782 5300 1897 5360 Non
1930 5314 2112 5360 autem
2137 5315 2351 5372 semper
2369 5299 2880 5372 hujusmodiﬂictio
2906 5301 3118 5357 laudem
3147 5304 3355 5356 invenit

1783 5397 1924 5468 apud
1942 5396 2223 5466 antiquos,
2239 5391 2336 5450 sed
2356 5391 2522 5461 aliqui
2564 5401 2692 5448 sunt
2715 5393 2808 5463 qui
2852 5394 3027 5447 virum
3057 5391 3353 5448 violentum

1785 5489 2069 5560 dynastam
2111 5495 2329 5551 vocant,
2371 5499 2476 5540 non
2501 5500 2664 5540 sensu
2688 5486 2908 5558 proprio
2934 5485 3241 5555 loquentes,
3259 5486 3354 5539 sed

1785 5579 2018 5635 mediam
2057 5577 2350 5633 dictionem
2389 5585 2444 5633 et
2473 5573 2752 5647 dynastam
2805 5585 3080 5648 potentem
3137 5591 3357 5645 ponen—

1785 5675 1886 5723 tes.
1910 5666 2184 5721 Invenitur
2203 5665 2347 5720 enim
2369 5675 2424 5721 et
2439 5675 2631 5737 potens
2652 5666 2706 5722 in
2732 5667 2910 5722 divina
2937 5666 3216 5735 Scriptura
3246 5679 3356 5720 non

1785 5767 1993 5814 tantum
2022 5773 2143 5813 cum
2165 5756 2325 5813 lande
2345 5756 2542 5826 dictus,
2559 5767 2648 5813 ut:
2671 5757 2926 5812 Dominus
2945 5756 3104 5826 fortis
3118 5766 3166 5814 et
3180 5767 3361 5827 potens

157 5849 280 5903 μενος
311 5845 446 5900 κατὰ
480 5847 566 5913 τὸ,
601 5851 811 5920 Κύριος
855 5853 1136 5920 κραταιὸς
1171 5852 1269 5909 καί
1324 5851 1582 5919 δυνατὸς
1611 5852 1653 5906 ἐι

1789 5851 1843 5905 in
1865 5848 2092 5920 prwlio;
2125 5857 2199 5918 et,
2232 5849 2514 5920 Accingere
2549 5847 2784 5920 gladium
2819 5857 2967 5906 tuum
3003 5866 3160 5921 super
3190 5852 3364 5923 femur

392 5943 660 6008 Ρλτιιοι..
710 5948 828 6010 Gtt.
871 5942 1088 6010 CXXX
1105 5947 1202 6014 Vl.

2959 5945 3032 6004 l9
