3824 6544
137 426 223 491 ίθί
924 421 1008 484 IN
1051 421 1399 485 HYMNUM
1430 420 2083 484 PENTECOSTALEM
2123 418 2588 482 DAMASCENI.
3257 414 3365 480 602

137 535 377 611 ρούμεθα.
405 532 482 588 οὐ
518 532 684 604 μόνον
710 533 823 605 γὰρ
850 532 951 601 τῆς
984 533 1129 591 κατὰ
1182 532 1387 604 ψυχὴν,
1419 533 1557 587 ἀλλὰ
1589 529 1685 586 καὶ

1815 531 1930 587 itus
1958 529 2331 599 fulguralioni,
2355 543 2459 599 per
2480 542 2644 597 quam
2675 540 2705 581 e
2728 534 2890 583 nocte
2920 524 3211 581 multifaria
3235 543 3359 597 pro.

136 631 219 698 τῆς
245 627 369 698 περὶ
426 625 565 696 βίον,
618 624 681 684 ὃς
735 624 937 697 μικροῦ
971 627 1067 682 καὶ
1117 624 1504 694 ἀκατάληκτός
1535 625 1687 678 ἐστιν

1815 623 1952 678 unda
1983 622 2354 675 extrahimur:
2388 635 2494 679 non
2524 620 2702 677 solum
2727 633 2794 673 ex
2819 616 3019 677 animm
3053 626 3235 685 nocte,
3266 620 3359 697 sed

139 722 226 775 ὅσα
249 718 340 773 καὶ
360 717 564 781 ὁποίοις
591 718 875 789 νυκτέροις
909 718 1135 784 πλάνοις
1165 722 1474 790 μετρεῖται.

1815 713 1947 775 tiam
1980 728 2047 767 ex
2080 722 2236 767 nocte
2263 711 2459 775 victus,
2496 708 2589 779 qui
2616 709 2726 764 fere
2780 724 3004 778 quoque
3052 708 3364 777 incompre-

1789 803 2075 859 hensibilis
2101 818 2205 866 est,
2247 811 2378 872 quot
2405 813 2459 859 et
2480 802 2734 871 qualibus
2765 800 3051 857 nocturnis
3079 801 3364 858 erroribus

1786 908 2103 957 mensuram
2142 893 2339 951 habeat
2373 894 2653 955 refertam.

293 982 619 1052 Τροιάριον
641 984 926 1054 δεύτερον
953 986 1064 1055 τῆς
1092 987 1295 1054 τρίτης
1319 986 1499 1057 ᾠδῆς.

2073 986 2391 1054 Troparium
2415 985 2700 1045 secundum
2725 985 2891 1041 tertia
2907 985 3044 1040 ode.

198 1070 396 1132 VL'Hv
433 1078 769 1146 ὲκπορευτὸν
798 1078 855 1145 ἐξ
893 1079 1193 1147 ἀγεννήτου
1231 1080 1405 1148 φάους

290 1170 361 1222 Τὸ
399 1170 994 1239 πανσθενουργόφωτον
1022 1173 1247 1241 ἄφθιτον
1287 1174 1468 1239 σύλας,

288 1261 358 1316 Οὔ
383 1261 507 1333 τὴν,
538 1262 606 1316 δι’
642 1262 774 1317 Υίοῦ
808 1265 1083 1333 πατρικῆς
1112 1265 1382 1333 ἐξουσίας,

289 1354 402 1409 Νῦν
429 1356 724 1425 ἐμφανίζει
758 1357 982 1425 συμφυῆ
1018 1360 1371 1429 φρυκτωρίαν

1852 1170 1857 1175 ἢ
1931 1098 2059 1153 Erat
2088 1099 2379 1170 procedens
2410 1113 2474 1154 ex
2515 1098 2751 1169 ingenita
2786 1098 2905 1154 luce

1864 1190 2283 1262 Omnipmenter
2313 1190 2561 1246 luciﬁcus
2594 1190 3052 1260 incorruptusque
3078 1187 3355 1259 splendor,

1858 1286 2027 1355 Cujus
2059 1299 2153 1354 per
2182 1283 2304 1338 Filii
2340 1290 2620 1352 paternam
2656 1283 3019 1338 substantiam

1855 1375 2011 1430 Nunc
2039 1373 2352 1428 manifestat
2386 1383 2668 1443 cognatam
2711 1374 2883 1430 facem

1857 1466 2023 1535 lgnita
2052 1480 2153 1518 vox
2190 1465 2244 1517 in
2278 1463 2405 1517 Sion
2433 1465 2710 1534 gentibus.

1853 1559 1941 1613 87.
1976 1557 2266 1627 Theologia
2308 1565 2481 1611 totum
2511 1566 2595 1612 est
2631 1572 2869 1625 prasens
2892 1560 3219 1625 troparium,
3251 1571 3359 1611 non

136 1635 251 1696 ὅλως
273 1634 484 1688 ἔννοιαν
506 1636 607 1686 οὐκ
634 1636 1030 1705 ὲπισυρόμενον
1050 1653 1064 1668 ο
1096 1638 1461 1707 ἐορταστικῶς
1494 1638 1549 1693 δὲ
1581 1639 1684 1707 ἆρ-

1815 1650 2008 1703 mnino
2061 1648 2334 1718 vulgarem
2372 1648 2609 1717 aliquam
2646 1657 2763 1715 post
2792 1662 2850 1702 se
2888 1649 3112 1703 trahens
3144 1657 3365 1703 senten-

137 1743 270 1795 χιται
311 1728 339 1779 6
388 1726 624 1795 μελῳδὸς
656 1727 763 1779 ἀπὸ
790 1729 1011 1797 τῆςτοῦ
1043 1729 1197 1796 ἁγίου
1235 1731 1551 1799 Πνεὺματος
1591 1732 1680 1783 ἐκ·

1815 1742 1934 1795 iam.
1958 1739 2149 1810 Incipit
2175 1754 2305 1794 vero
2328 1739 2645 1794 festivaliter
2667 1748 2824 1809 poeta
2859 1755 2887 1793 a
2916 1740 3091 1793 sancti
3126 1738 3361 1809 Spiritus

140 1817 429 1885 πυρώσεως
487 1820 551 1871 ἐκ
584 1818 678 1872 τοῦ
720 1820 966 1888 Πατρός·
1019 1823 1235 1892 γοργῶς
1278 1823 1418 1893 ᾄδων
1458 1825 1551 1876 καὶ
1594 1842 1682 1876 σε·

1821 1848 1850 1884 x
1883 1830 2042 1884 Patre
2065 1831 2434 1900 processione,
2456 1830 2636 1884 vivide
2666 1830 3059 1899 magnificeque
3080 1844 3282 1884 canens
3306 1843 3365 1886 ut

141 1884 269 1975 μνῶς
297 1909 366 1970 ὼς
400 1909 650 1978 προσῆκε
680 1910 758 1977 τῷ
792 1884 976 1982 μέτρῳ
995 1928 1009 1942 ⁶
1032 1884 1163 1983 -ἠυδε
1190 1884 1333 1984 ἀργὴ
1366 1914 1514 1981 αὐτῷ
1544 1915 1684 1968 κατὰ

1815 1931 1966 1977 uetro
1997 1884 2270 1978 convenit.
2299 1921 2517 1975 initium
2544 1930 2721 1976 autem
2750 1922 2892 1990 apud
2919 1921 3096 1991 ipsum
3122 1923 3368 1989 contign-

137 2001 220 2069 τὴν
249 2000 339 2054 τοῦ
377 2000 600 2070 πρώτου
646 2002 915 2070 Θεολόγου
965 2004 1353 2072 εὐαγγελιστοῦ
1386 2008 1686 2077 ἐσχημάτι-

1815 2014 2056 2068 ationem
2074 2013 2236 2067 habet
2253 2028 2373 2068 cum
2390 2013 2547 2067 initio
2565 2012 2723 2081 primi
2744 2012 3004 2083 Tbeologi
3022 2012 3367 2083 evangelista:

142 2109 246 2145 σται
278 2093 549 2159 εἰπόντος,
593 2096 681 2147 Ἐν
712 2097 857 2165 ἀρχῇ
887 2090 956 2166 ἦν
993 2099 1020 2150 6
1047 2098 1221 2165 Λόγος
1241 2113 1255 2128 ο
1292 2099 1427 2166 φησὶ
1456 2100 1587 2168 γὰρ,
1618 2094 1687 2171 ἧν

1815 2107 2017 2161 lieentis
2049 2122 2063 2158 :
2097 2105 2157 2159 ln
2198 2105 2467 2175 principio
2510 2113 2631 2159 erat
2683 2103 2940 2163 Verbum.
2988 2105 3128 2160 Dicit
3170 2107 3315 2160 enim
3349 2124 3364 2160 :

139 2186 471 2255 ἔκπορευτδν,
522 2189 617 2242 καὶ
668 2190 838 2258 ἐξῆςο
894 2192 1129 2246 ἐνταῦθα
1177 2192 1234 2247 δὲ
1282 2194 1690 2263 ἔπισημαντέον

1815 2200 1919 2253 Erat
1959 2199 2281 2268 procedens,
2312 2206 2367 2252 et
2395 2198 2699 2267 sequentia.
2738 2198 2836 2253 Hic
2861 2208 3041 2252 autem
3098 2210 3224 2254 ante
3286 2199 3368 2251 in-

140 2278 430 2343 ἁναγκαίως
461 2278 567 2347 πρὸ
594 2280 695 2349 τῆς
718 2281 1040 2352 ἑρμηνείας,
1071 2284 1152 2337 ὅτι
1187 2284 1327 2353 μετὰ
1350 2285 1477 2348 τοὺς
1506 2287 1564 2338 ὲν
1585 2285 1686 2355 ἀρ-

1815 2292 2236 2359 erpretationem
2290 2290 2602 2344 necessario
2678 2292 2979 2344 notandum
3062 2300 3143 2344 est
3199 2293 3366 2359 quod,

139 2371 195 2437 γῇ
239 2369 332 2422 δύο
379 2370 679 2441 διστίχους,
733 2375 782 2427 oi
818 2374 1210 2447 ἐπιφερόμενοι
1243 2376 1546 2447 γράφονται
1593 2378 1689 2430 καὶ

1815 2391 1912 2437 tOsl
1940 2384 2048 2438 duo
2080 2383 2251 2452 prima
2299 2382 2553 2449 disticha,
2612 2383 2999 2451 subsequentia
3064 2383 3144 2438 sic
3201 2384 3366 2438 etiam

141 2462 331 2526 οὕτως’
368 2494 440 2506 -
477 2464 540 2519 οὗ
570 2466 671 2535 τὴν
705 2467 774 2520 δι’
817 2467 947 2523 Υίοῦ
1000 2470 1279 2539 πατρικὴν
1328 2469 1576 2536 ἐξουσίαν
1620 2500 1690 2512 -
1790 2472 2110 2528 scribuntur
2146 2489 2161 2525 :
2222 2464 2283 2523 οὗ
2326 2470 2424 2540 τὴν
2474 2470 2542 2524 δι’
2585 2471 2716 2525 Υἱοῦ
2758 2472 3042 2542 Πατρικὴν
3092 2471 3366 2536 ἐξουσίαν,

140 2555 220 2608 νῦν
252 2557 540 2625 ἐμφανίζει
572 2561 815 2629 συμφυεῖ
840 2562 1165 2633 φρυκτωρία
1188 2593 1256 2606 -
1287 2564 1536 2634 πυρῶδες
1556 2560 1690 2638 ἦχος
1797 2566 1891 2619 νῦν
1925 2564 2214 2635 ἐμφανίζει
2276 2566 2523 2635 συμφυεῖ
2572 2566 2897 2637 φρυκτωρία
2952 2565 3201 2635 πυρῶδες
3236 2560 3370 2634 ἦχος

141 2650 187 2700 iv
214 2649 379 2701 Σιών·
414 2680 486 2690 -
520 2653 629 2706 Καὶ
676 2652 806 2723 περὶ
838 2653 936 2722 μὲν
978 2653 1082 2724 τῆς
1114 2656 1332 2727 γραφῆς
1380 2656 1586 2726 ταύτης
1615 2657 1690 2719 ὡς

1815 2680 1854 2715 ιν
1879 2659 2037 2715 Σιών.
2075 2661 2147 2715 De
2195 2660 2473 2728 Scriptura
2504 2660 2723 2729 quidem
2774 2661 2848 2713 ita
2879 2660 3024 2714 sicut
3057 2659 3123 2714 de
3156 2674 3215 2713 ea
3248 2675 3371 2728 quae

143 2743 222 2794 καὶ
258 2743 385 2811 περὶ
416 2746 523 2812 ’.τρὸ
554 2745 748 2813 αὐτῆς,
781 2746 1064 2815 είρήσεται
1090 2747 1151 2800 τὸ
1177 2748 1294 2802 δέον
1318 2765 1333 2781 ο
1363 2750 1441 2818 τῷ
1470 2751 1604 2812 τέως
1635 2749 1692 2802 δὲ

290 1448 555 1517 Πυρώδης
586 1444 719 1518 ἦχος
748 1452 806 1501 ὲν
838 1449 976 1502 Σιὼν
1002 1454 1113 1513 τοῖς
1143 1451 1378 1505 ἔθνεσιν.

196 1540 295 1604 κζ’.
324 1534 586 1608 Θεολογία
638 1542 759 1596 ὅλον
804 1542 866 1597 τδ
915 1544 1091 1613 παρὸν
1140 1544 1447 1613 τροπάριον
1496 1546 1681 1613 κοινὴν

1800 2754 2077 2825 praecedit,
2130 2753 2341 2807 dicetur
2418 2754 2563 2821 quod
2636 2754 3005 2807 necessarium
3057 2759 3161 2808 est.
3215 2751 3373 2809 Nnnc

144 2834 444 2904 ἐπιϐλητέον
476 2837 543 2904 τῇ
578 2837 758 2907 ἐννοίᾳ
803 2837 897 2891 τοῦ
950 2840 1248 2910 τροπαρίου
1293 2840 1478 2913 τοιᾷδε
1514 2842 1649 2913 οῦσῃ
1673 2857 1690 2874 ⁶

1815 2855 1976 2902 intem
2016 2844 2387 2899 inhzerendu'm
2422 2852 2506 2898 est
2554 2844 2775 2910 troparii
2808 2845 3112 2905 sententia.
3147 2859 3267 2913 qua:
3292 2845 3373 2900 sic

143 2918 255 2988 Ἦν,
298 2926 373 2987 ὡς
427 2926 649 2997 ἐρρέθη,
685 2928 1016 2999 ὲκπορευτδν
1040 2930 1106 2983 ὲκ
1136 2931 1312 2999 φωτὸς
1371 2933 1693 3003 άγεννήτου,

1815 2952 1855 2992 ιε
1885 2938 2045 2991 habet
2085 2954 2098 2991 :
2162 2935 2307 2999 Erat,
2346 2946 2404 2990 ut
2443 2936 2649 2988 dictum
2698 2947 2803 2999 est,
2835 2938 3138 3003 procedens
3185 2952 3251 2991 ex
3286 2937 3367 2992 in-

145 3019 295 3088 {mw
320 3021 386 3072 ἐκ
422 3019 517 3073 τοῦ
555 3020 665 3072 τῶν
695 3020 889 3089 φώτων
928 3022 1159 3093 [ἰατρὸς.
1194 3024 1255 3077 τὸ
1286 3024 1380 3077 καὶ.
1410 3024 1691 3097 ἄφθαρτον

1815 3026 1983 3083 :enito
2014 3025 2241 3088 lumine,
2281 3025 2396 3080 sive
2429 3040 2492 3080 ex
2527 3024 2683 3079 Patre
2724 3025 3017 3092 luminum,
3079 3025 3368 3093 incorrup-

149 3111 309 3179 σέλας,
333 3113 503 3183 ἤγουν
534 3112 694 3179 ἅγιον
728 3112 975 3178 Πνεῦμα,
1025 3113 1145 3181 φῶς
1179 3117 1241 3168 ὲκ
1273 3118 1453 3185 φωτὸς
1488 3118 1696 3189 προελ-

1823 3117 1948 3170 ibile
1985 3117 2190 3184 lumen,
2218 3118 2333 3172 sive
2379 3125 2607 3172 sanctus
2637 3115 2897 3187 Spiritus,
2932 3119 3113 3173 lumen
3143 3134 3173 3173 e
3201 3118 3367 3173 lumi-

150 3202 224 3255 θδν
256 3204 348 3256 καὶ
401 3203 815 3274 παντοδύναμον
852 3207 1027 3270 ἄλλως
1074 3225 1133 3261 τε
1185 3209 1563 3278 πολυτρόπως,
1600 3211 1695 3264 καὶ

1817 3226 1867 3263 ιο
1897 3210 2245 3279 proveniens,
2278 3210 2458 3262 omnia
2487 3208 2779 3263 muitifarie
2812 3209 2992 3264 facere
3027 3212 3238 3276 valens,
3276 3212 3371 3266 sed

148 3296 195 3347 iv
218 3294 296 3364 τῷ
324 3295 502 3364 φωτὸς
537 3292 676 3349 εἶναι
707 3300 1045 3368 παρεκτικδν
1094 3303 1190 3354 καὶ
1234 3300 1367 3355 αὐτό
1388 3316 1404 3333 ⁶
1439 3295 1501 3356 οὗ
1529 3304 1697 3371 ἤγουν

1815 3302 2100 3355 )rzrsertim
2139 3301 2193 3355 in
2232 3317 2296 3356 eo
2328 3300 2473 3370 quod
2515 3300 2691 3369 ipsum
2752 3299 2974 3353 luminis
3019 3304 3369 3356 emissionem

148 3386 225 3437 τοῦ
272 3388 561 3457 εἰρημένου
615 3388 771 3455 ἁγίου
830 3389 1147 3459 Πνεύματος
1194 3391 1294 3459 τὴν
1343 3394 1699 3463 φρυκτωρίαν

1815 3393 1967 3447 habet
2010 3393 2307 3462 propriam.
2344 3392 2512 3460 (iuius
2555 3407 2686 3461 ergo
2719 3390 2847 3447 dicti
2905 3391 3142 3461 Spiritus
3197 3394 3371 3449 sancti

150 3478 311 3530 εἴτουν
357 3479 654 3549 φανότητα,
702 3481 803 3550 τὴν
861 3481 1012 3551 αὐτῷ
1062 3483 1287 3552 συμφυῆ
1342 3484 1420 3547 ὼς
1477 3488 1700 3556 μεγάλῳ

151 3570 422 3643 φωτὶ,τὴν
468 3574 773 3644 γενομένην
822 3572 910 3626 διὰ
959 3575 1057 3644 τῆς
1106 3576 1383 3647 πατρόθεν
1427 3577 1522 3632 τοῦ
1572 3579 1700 3632 Υἱοῦ

152 3664 379 3729 ἐξουσίας
424 3667 524 3734 τῆς
556 3668 744 3733 κοινῆς
784 3670 850 3736 τῇ
884 3668 1017 3740 ἁγίᾳ
1046 3668 1262 3739 Τριάδι,
1304 3675 1416 3734 τοῖς
1460 3690 1705 3743 παρατυ-

154 3753 323 3819 χοῦσιν
347 3754 560 3808 ἔθνεσιν
591 3756 881 3824 ἐμφανίζει
910 3757 1006 3811 νῦν
1040 3760 1282 3830 σήμερον
1310 3761 1584 3831 αἰσθητῶς
1612 3765 1704 3817 καὶ

156 3845 309 3907 οὕτως
339 3848 597 3915 ἐμφανῶς
629 3850 769 3902 κατὰ
794 3850 894 3918 τὴν
940 3850 1080 3903 Σιὼν
1106 3853 1165 3904 ὲν
1194 3855 1258 3922 τῇ
1296 3853 1397 3922 τῆς
1431 3855 1706 3924 Πεντηκο⁹

159 3938 275 4008 στῆς
307 3941 464 4009 ἑορτῇ
494 3940 557 3993 τδ
588 3942 833 4011 πυρῶδες
864 3941 1166 4012 ἀπήχημασ
1199 3945 1369 4014 ήγουν
1396 3946 1429 4017 ἠ
1456 3947 1515 4000 ὲν
1545 3948 1706 4018 πυρί-

155 4048 276 4095 ναις,
309 4031 379 4095 ὡς
412 4032 722 4103 προερῤἐθη
749 4032 1048 4100 γλώσσαις,
1079 4035 1230 4105 βιαία
1256 4036 1394 4106 πνοὴ
1428 4040 1702 4109 φερομένη

154 4123 341 4176 ἄνωθεν
383 4125 665 4193 ἠχητικῶς
703 4128 798 4178 καὶ
847 4125 1062 4189 ζωοῦσα
1097 4128 1225 4190 τοὺς
1269 4129 1391 4181 τότε
1441 4131 1701 4191 πιστούς·

158 4216 213 4266 δι’
241 4218 415 4271 αὐτῶν
468 4219 523 4272 δὲ
575 4218 668 4270 καὶ
718 4220 843 4280 τοὺς
875 4220 1279 4287 ἀκουσομένους
1324 4220 1383 4285 ὲξ
1413 4222 1593 4274 αὐτῶν
1644 4223 1706 4276 τὸ

161 4312 400 4381 κύρυγμα
430 4312 522 4365 καὶ
548 4313 648 4377 τὴν
684 4309 1063 4381 ἀληθεστάτην
1097 4312 1335 4382 ἱστορίαν
1363 4310 1455 4365 τοῦ
1495 4312 1706 4384 θαύμα-

158 4419 255 4466 τος.

218 4500 322 4564 πη’.
356 4494 667 4563 Σημείωσαι
702 4493 759 4546 δὲ
790 4494 864 4555 ὡς
916 4493 975 4544 ὲν
1014 4492 1092 4560 τῷ
1126 4491 1328 4563 πρώτῳ
1362 4492 1481 4546 ἔπει
1517 4510 1707 4563 μυστι-

1802 3485 2030 3551 pharnm
2060 3500 2153 3538 seu
2209 3483 2497 3554 fulgorem,
2531 3484 2630 3553 ipsi
2670 3493 2929 3552 tanquam
2967 3500 3165 3554 magno
3213 3485 3374 3539 lumi-

1803 3578 1853 3629 ni
1890 3578 2187 3644 proprium,
2228 3584 2447 3629 enatum
2500 3591 2600 3646 per
2644 3576 2763 3630 Filii
2792 3592 2821 3633 a
2861 3575 3017 3631 Patre
3048 3586 3371 3647 potestatem

1803 3683 1920 3735 qua:
1952 3676 2155 3720 sanctae
2190 3664 2445 3720 Trinitati
2471 3669 2778 3721 communis
2810 3675 2915 3733 est,
2949 3668 3375 3723 occurrentibus

1804 3759 2056 3826 gentibus
2078 3758 2389 3813 manifestat
2413 3759 2570 3814 hodie
2592 3761 2923 3815 sensibiliter
2948 3771 3001 3814 et
3023 3762 3094 3814 ita
3123 3768 3374 3829 patenter

1808 3852 1859 3904 in
1910 3850 2040 3907 Sion
2098 3852 2151 3906 in
2211 3853 2349 3908 festo
2417 3853 2766 3908 Pentecostes
2820 3855 2986 3923 ignita
3037 3853 3371 3917 resonantia,

1807 3945 1920 3998 sive
1968 3944 2058 3999 ille
2092 3945 2142 3998 in
2168 3945 2363 4014 igneis,
2396 3954 2454 3999 ut
2477 3945 2682 4000 dictum
2736 3957 2839 4010 est,
2893 3946 3090 4015 linguis
3143 3944 3375 4013 spiritus

1806 4036 2099 4087 vehemens
2155 4034 2389 4103 desuper
2415 4049 2539 4087 cum
2608 4036 2792 4089 sonitu
2860 4036 3108 4100 veniens,
3138 4043 3192 4089 et
3248 4044 3377 4087 tunc

1811 4126 2071 4195 temporis
2104 4126 2288 4181 fideles
2322 4126 2641 4193 viviﬁcans;
2685 4128 2943 4196 peripsns
2969 4138 3147 4181 autem
3198 4126 3375 4181 vivifi-

1809 4235 1942 4274 cans
1992 4227 2043 4272 et
2075 4218 2196 4272 illos
2218 4218 2327 4288 'qui
2357 4234 2423 4273 ex
2449 4218 2581 4287 ipsis
2616 4220 2946 4288 praeconium
2979 4220 3374 4291 historiamque

1810 4310 2043 4381 prodigii
2082 4308 2427 4364 verissimam
2462 4309 2705 4363 audituri
2736 4319 2885 4364 sunt.

1885 4489 1974 4544 88.
2018 4487 2323 4543 Notandum
2354 4497 2435 4544 est
2491 4487 2670 4543 autem
2721 4487 2887 4558 quod.
2926 4501 3050 4541 cum
3098 4486 3153 4540 in
3199 4484 3378 4556 primo

160 4586 275 4651 κῶς,
310 4590 400 4640 καὶ
433 4587 503 4641 δι’
536 4585 669 4638 αὐτὸ
697 4586 760 4639 οὐ
791 4585 934 4639 πάνυ
980 4585 1186 4654 σαφῶς,
1212 4586 1507 4654 ἀγέννητον
1535 4586 1651 4653 φῶς
1675 4586 1703 4637 6

1815 4599 1965 4638 versu
2000 4584 2223 4654 mystice
2253 4584 2586 4652 pruinieque
2613 4598 2716 4635 non
2748 4582 2968 4633 omnino
2985 4581 3133 4633 clare
3167 4580 3378 4647 ingeni-

159 4680 357 4744 υῷίνους
396 4679 632 4748 μελῳδὸς
658 4677 749 4730 τὸν
787 4678 1008 4746 Πατέρα
1041 4680 1212 4729 εἰπὼν
1254 4679 1390 4747 πρὸς
1419 4677 1707 4747 διαστολὴν

161 4771 238 4822 τοῦ
289 4772 541 4839 γεννητοῦ
595 4770 771 4838 φωτὸς
824 4768 916 4822 τοῦ
974 4769 1147 4823 Υἰοῦ·
1204 4772 1264 4822 ὲν
1313 4772 1369 4823 δὲ
1422 4771 1501 4839 τῷ
1536 4773 1707 4841 τρίτῳ

162 4864 309 4933 στίχῳ
356 4865 454 4933 τὴν
508 4865 673 4930 ἁγίαν
720 4862 928 4928 Τριάδα
967 4862 1101 4923 θεὶς,
1156 4861 1216 4913 τὸ
1274 4862 1372 4930 μὲν
1417 4862 1514 4914 τοῦ
1549 4863 1706 4928 ἁγίου

162 4955 451 5023 Πνεῦματος
510 4956 707 5022 ὄνομα,
764 4953 829 5005 δι’
888 4954 1242 5022 ἁντωνυμίαν
1310 4954 1706 5020 μονοσυλλάοου

160 5048 435 5115 ἐδήλωσεν·
485 5051 577 5101 τὸν
607 5048 665 5100 δὲ
721 5047 940 5116 Πατέρα
986 5046 1081 5098 καὶ
1126 5047 1215 5097 τὸν
1260 5045 1388 5096 Υίὸν
1436 5045 1707 5114 ἀριδήλως

160 5140 476 5207 ἑξωνόμασεν
499 5158 509 5168 ·
550 5136 630 5200 οἷς
665 5140 864 5191 αὐτίκα
898 5141 1264 5190 συνεννοεῐται
1296 5136 1389 5195 καὶ
1422 5137 1483 5187 τὸ
1517 5153 1709 5203 μυστι-

160 5228 243 5281 κὸν
275 5230 446 5291 σέλας,
482 5232 542 5280 τὸ
571 5230 665 5280 καὶ
694 5229 762 5280 δι’
794 5228 1139 5293 ἀντωνυμίαν
1158 5226 1528 5295 δεδηλωμένον
1551 5225 1708 5293 ἆγιον

164 5318 384 5387 Πνεῦμα.
414 5320 773 5387 θαυμαστέον
796 5318 852 5369 δὲ
881 5318 976 5370 τοῦ
1007 5319 1383 5388 θεωρουμένου
1408 5317 1706 5386 τροπαρίου

162 5410 243 5459 καὶ
296 5412 368 5461 ὃτι
414 5411 689 5478 ὀλόφωτον
737 5409 868 5461 αὐτὸ
910 5410 1170 5477 ἐξέφανεν
1222 5412 1249 5463 6
1299 5409 1574 5479 μελῳὸόςο
1614 5408 1708 5460 καὶ

162 5500 319 5562 οὕτως
353 5505 543 5565 εἰπεῖν,
584 5502 807 5568 λυχνίαν
846 5502 980 5554 αὐτὸ
1011 5503 1183 5570 ἀνῆψε
1237 5503 1507 5570 μυστικὴν
1541 5502 1708 5554 ἑπτὰ·

164 5610 355 5656 φωτον·
385 5595 443 5646 τὸ
484 5597 585 5662 μὲν
614 5595 910 5661 ἀγέννητον
958 5596 1093 5661 φάος
1141 5596 1231 5646 τὸν
1268 5594 1489 5661 Πατέρα
1532 5596 1709 5660 ἐκφω-

166 5686 339 5749 νήσις,
394 5686 452 5737 τὸ
509 5686 565 5739 δὲ
630 5686 892 5753 γεννητὸν
951 5688 1043 5739 τὸν
1094 5688 1220 5739 rem
1275 5686 1710 5740 συνεπινοεῖσθαι

168 5774 308 5839 ἀφείς
331 5792 343 5805 ·
374 5770 432 5829 οὗ
478 5778 803 5833 διαστέλλων
837 5780 1053 5840 πάντως
1087 5780 1380 5848 ἀγέννητον
1430 5779 1547 5848 φῶς
1587 5775 1707 5831 εἶπε

166 5869 245 5919 τὸν
277 5868 518 5939 Πατὲρα’
559 5869 634 5940 τῷ
666 5870 904 5943 δευτέρῳ
934 5872 1101 5944 στίχῳ
1131 5873 1245 5940 φῶς
1286 5873 1461 5934 ἐνθεὶς
1497 5872 1588 5925 καὶ
1621 5873 1709 5925 σέ-

1810 4686 1920 4728 tum
1968 4675 2148 4729 lumen
2199 4675 2409 4729 excelsa
2446 4674 2702 4744 pra-ditus
2738 4681 2916 4726 mente
2952 4682 3103 4739 poeta
3123 4671 3257 4725 dixit
3280 4670 3379 4724 Pa-

1812 4779 1967 4829 trem,
1996 4766 2059 4819 ad
2085 4765 2524 4836 distinguendum
2550 4781 2675 4819 eum
2703 4763 2905 4827 aFilio,
2934 4766 3122 4833 genito
3145 4764 3378 4829 lumine,

1812 4857 1862 4909 iu
1933 4858 2093 4910 tertio
2145 4867 2327 4909 autem
2404 4871 2561 4909 versu
2613 4855 3014 4909 sanctissimam
3064 4853 3378 4908 Trinitatem

1818 4949 2036 5017 posuit;
2073 4949 2246 5003 sancti
2280 4948 2499 5017 quidem
2556 4947 2791 5016 Spiritus
2823 4963 3020 5001 nomen
3049 4963 3144 5017 per
3182 4963 3383 5016 prono-

1820 5059 1939 5096 nem
1990 5040 2415 5111 monosyllabum
2448 5040 2684 5093 ostendit
2708 5055 2723 5105 ;
2750 5040 2959 5093 Patrem
2997 5056 3124 5092 vero
3151 5039 3349 5093 Filium
3362 5067 3382 5081 ν-

1810 5151 1915 5201 que
1947 5131 2231 5186 manifeste
2264 5131 2598 5196 nominavit;
2629 5132 2955 5198 quibuscum
3011 5131 3265 5199 protinus
3324 5138 3381 5183 et

1814 5228 2131 5296 mtelligitur
2160 5225 2423 5295 mysticus
2446 5223 2650 5292 fulgor;
2681 5225 2771 5293 qui
2805 5239 3025 5293 quoque
3054 5238 3150 5292 per
3180 5236 3382 5290 prono-

1810 5335 1933 5373 uem
1994 5318 2301 5371 declaratur
2356 5313 2593 5383 Spiritus
2637 5327 2880 5371 sanctus.
2952 5314 3251 5367 Mirandum
3282 5327 3381 5364 au-

1815 5421 1918 5462 tem
1972 5418 2055 5461 est
2091 5409 2220 5461 illud
2260 5410 2485 5477 spectati
2546 5407 2786 5476 troparii,
2828 5407 2970 5474 quod
3009 5403 3135 5455 illud
3198 5400 3380 5451 omni-

1815 5501 2024 5564 fulgens
2089 5501 2341 5565 exposuit
2393 5511 2586 5568 poeta,
2641 5506 2696 5553 et
2758 5506 2816 5551 ut
2868 5498 2936 5549 ita
2988 5494 3189 5555 dicam,
3253 5489 3377 5542 illud

1815 5594 2097 5660 ιιιδειίςζιιιι
2141 5603 2344 5659 septem
2397 5592 2689 5644 luminibus
2743 5590 3018 5641 lucernam
3075 5580 3371 5635 ῑιοευιυίίιε

1811 5686 2249 5753 quandoquidem
2283 5685 2578 5754 iugenitmu
2644 5683 2824 5734 lumen
2884 5672 3251 5746 pronuntiavit
3279 5669 3378 5722 Ρα-

1815 5788 1948 5829 lrem
1982 5793 1993 5839 ;
2030 5777 2270 5843 genitum
2310 5791 2434 5829 vero
2458 5775 2606 5826 dedit
2638 5772 2798 5825 simul
2835 5764 3059 5833 intelligi
3093 5761 3311 5817 Filium.
3347 5776 3374 5812 a

1813 5884 1919 5940 quo
1953 5883 2176 5938 prorsus
2217 5881 2529 5931 secernens,
2569 5861 2868 5933 ingenitum
2901 5858 3083 5912 lumen
3112 5851 3247 5908 dixit
3274 5846 3380 5903 l’a-
