3824 6562
467 424 579 491 603

1148 419 1573 484 EUSTATHII
1618 419 2383 485 THESSALONICRNSIS
2418 418 2983 484 METROPOLI'I‘A!
3574 432 3657 495 504

466 557 601 602 trem
627 557 645 612 ;
668 544 726 600 in
757 541 1002 601 secundo
1024 548 1204 598 autem
1233 555 1417 604 versu,
1450 541 1631 595 lumen
1669 556 1732 597 ac
1780 541 2040 612 fulgorem

2151 539 2249 605 λας
2269 557 2284 573 ⁸
2310 541 2387 610 τῷ
2409 542 2466 594 δὲ
2494 541 2662 611 τρίτῳ
2686 543 2782 596 mi.
2808 538 2984 610 φανόν
3008 555 3127 593 τινα
3164 539 3508 611 παραυγωας
3528 564 3658 602 me-

461 635 683 706 posuit;
719 634 774 691 in
808 635 970 690 tertio
998 647 1130 689 vero
1153 632 1447 703 quamdam
1500 633 1754 701 exposuit
1783 630 1958 687 facem
1984 638 2042 686 et

461 727 705 797 ejusdem
733 725 944 781 ordinis
978 728 1209 795 pbarum
1240 724 1486 781 accendit
1519 740 1534 790 ;
1579 724 1633 779 in
1682 724 1879 795 quinto
1908 737 2040 780 vero

465 828 519 874 et
557 818 754 873 ultimo
820 817 1046 889 ignitam
1080 816 1452 871 resonantiam
1487 814 1717 870 stridere
1747 814 1895 870 fecit.

536 910 626 965 89.
666 910 740 964 De
766 909 1117 980 processione
1144 923 1294 973 vero,
1322 908 1467 978 quod
1502 906 1609 978 ipsi
1636 915 1689 962 et
1716 907 1818 962 soli
1846 907 2045 964 decer-

464 1009 628 1058 natur
656 1001 883 1072 Spiritui
909 1008 1101 1058 sancto
1127 1011 1271 1057 sicut
1312 999 1454 1054 Filio
1487 999 1767 1070 generatio
1803 1001 2041 1069 passiva,

463 1094 746 1163 activaque
773 1092 919 1149 Patri
946 1093 1214 1164 (generat
1274 1107 1471 1162 nempe
1500 1091 1680 1154 Pater.
1740 1092 1914 1148 Filius
1948 1109 2045 1148 au-

463 1195 571 1241 tem
604 1184 731 1240 inde
762 1184 1162 1255 generationem
1188 1183 1372 1250 habet,
1399 1192 1455 1238 et
1478 1181 1722 1253 procedit
1750 1197 1818 1236 ex
1848 1168 2041 1237 eodem

465 1274 627 1330 Patre
677 1274 913 1345 Spiritus
952 1284 1171 1331 sanctus
1191 1272 1234 1343 ).
1267 1274 1371 1329 hoc
1422 1274 1641 1345 quidem
1700 1282 1786 1330 est
1840 1273 2043 1331 divinis

463 1368 764 1439 Scripturis
796 1376 1109 1424 constanter
1139 1369 1422 1434 usitatum,
1469 1368 1762 1438 probatum
1827 1380 1882 1424 et
1913 1383 2047 1437 pro-

466 1458 671 1515 fessum
699 1477 713 1526 ;
740 1469 795 1515 et
811 1459 947 1515 sicut
975 1459 1066 1516 ille
1095 1461 1185 1529 qui
1230 1459 1284 1515 in
1314 1460 1476 1516 Creta
1512 1459 1795 1515 de'anima:
1823 1459 2047 1515 immor-

469 1549 685 1605 talitate
738 1550 1191 1619 celloquebatur,
1246 1566 1479 1620 magnus
1552 1551 1771 1622 sapiens
1829 1552 2045 1622 egregie

462 1639 600 1696 dixit
662 1640 808 1710 quod
890 1641 1211 1697 immortalis
1295 1649 1380 1697 est
1469 1642 1674 1707 anima,
1750 1642 1831 1697 sic
1878 1643 2043 1697 etiam

460 1745 611 1787 nunc
637 1732 818 1787 dicere
858 1747 1152 1803 possumus
1177 1733 1321 1802 quod
1353 1734 1741 1804 dogmatizare,
1776 1735 1906 1805 quia
1931 1735 2045 1789 sola

461 1822 565 1877 tria
616 1822 730 1880 Iure
761 1831 818 1879 et
868 1822 1079 1879 Patrem
1149 1839 1413 1894 generare
1468 1834 1523 1880 et
1602 1824 1861 1880 Filiuma
1890 1826 2047 1881 Patre

2147 633 2379 704 ματικδν
2411 633 2499 686 διὰ
2545 630 2641 685 τοῦ
2679 628 2996 701 ἐμφανίζει
3039 632 3303 700 ῥήματος.
3334 632 3423 685 καὶ
3452 650 3656 703 φρυκτω-

2147 726 2269 800 ρίαν
2303 725 2588 793 σύστοιχον
2641 723 2948 793 ιξανάψαςσ
3004 724 3061 777 ὲν
3103 723 3161 776 δὲ
3208 723 3284 794 τῷ
3325 724 3542 799 πέμπτῳ
3582 732 3654 785 καὶ

2145 817 2443 883 τελευταίῳ
2478 815 2736 886 ροιζήσας
2764 810 2898 885 ἦχον
2934 816 3227 884 πυρόεντα.

2217 910 2329 966 πθ⁹.
2367 909 2501 979 Περὶ
2524 909 2579 962 δὲ
2605 907 2704 962 τοῦ
2734 906 3131 985 ἐκπορεύεσθαι
3160 907 3243 961 ὅτι
3272 907 3513 977 αὐτῷκαὶ
3541 912 3656 985 μόνῳ

2149 1001 2296 1065 ἰδίως
2331 1000 2644 1079 ἀφώρισται
2688 998 2766 1068 τῷ
2793 983 2942 1068 ’ἁγίῳ
2982 998 3284 1068 Πνεὺματι,
3328 999 3462 1054 καθὰ
3487 1005 3569 1057 καὶ
3597 983 3657 1072 τῷ

2145 1091 2262 1162 Υίῷ
2291 1092 2352 1145 τὸ
2391 1091 2710 1159 γεννᾶσθαι,
2750 1093 2846 1145 καὶ¹
2873 1091 2951 1161 τῷ
2982 1092 3160 1160 Πατρὶ
3187 1090 3250 1144 τὸ
3274 1095 3500 1163 εγεννᾷν·
3528 1100 3658 1170 γεννᾷ

2150 1182 2249 1252 μὲν
2281 1182 2393 1250 γὰρ
2416 1184 2446 1236 ό
2478 1182 2692 1251 Πατὴρ,
2727 1183 2989 1249 γεννᾶται
3020 1181 3078 1234 δὲ
3111 1181 3322 1235 ικεῖθεν
3367 1183 3394 1236 ό
3438 1183 3567 1246 Υἱὸς.
3591 1188 3660 1240 ὲκ-

2148 1275 2446 1345 πορεύεται
2474 1273 2532 1327 δὲ
2568 1273 2668 1326 τοῦ
2699 1273 2867 1327 αὐτοῦ
2901 1272 3117 1343 Harpe;
3163 1274 3225 1326 τὸ
3271 1273 3417 1339 ἅγιον
3457 1275 3656 1344 Πνεῦμα,

2144 1364 2436 1435 τέτριπται
2466 1366 2544 1427 είς
2577 1363 2953 1428 ἀπλαγίαστον
2981 1365 3103 1427 ταῖς
3128 1362 3302 1427 θείαις
3329 1364 3569 1433 Γραφαίς,
3590 1370 3660 1420 καὶ

2146 1456 2545 1517 ἀποδέδεικται,
2580 1456 2673 1509 καὶ
2706 1456 2883 1517 οὕτως
2927 1455 3305 1523 ὡμολόγηται,
3331 1456 3423 1508 καὶ
3454 1456 3658 1527 ὥσπερό

2148 1549 2207 1601 ὲν
2233 1549 2423 1617 Κρήτῃ
2454 1547 2838 1615 διαλεγόμενος
2866 1548 3044 1616 μέγας
3076 1545 3242 1614 σοφὸς
3266 1547 3391 1614 περὶ
3417 1547 3661 1613 ἀθανασίας

2147 1637 2348 1708 ψυχῆς,
2387 1638 2492 1706 ἔφη
2522 1638 2771 1706 γλυκέως
2806 1636 2884 1700 ὡς
2910 1637 2972 1690 τὸ
2999 1636 3104 1707 τὴν
3143 1636 3323 1707 ψυχὴν
3350 1637 3586 1692 ἀθάνατον
3606 1636 3664 1692 εί-

2149 1747 2260 1795 ναι,
2292 1728 2464 1792 οὕτως
2487 1729 2606 1783 ἐστι
2641 1730 2807 1799 φάναι
2856 1730 2955 1783 καὶ
2996 1729 3093 1783 νῦν
3123 1730 3272 1799 ἡμᾶς
3301 1730 3382 1783 ὅτι
3421 1729 3478 1783 τδ
3504 1731 3663 1801 δογμαο

2151 1816 2322 1884 τίζειν
2346 1817 2421 1880 ὡς
2459 1818 2598 1888 μόνα
2632 1817 2698 1889 δὴ
2728 1815 2898 1872 ταῦτα
2936 1818 3069 1887 τρία
3110 1816 3205 1871 καὶ
3234 1817 3325 1869 τὸν
3360 1815 3556 1885 Πατέρα
3570 1832 3661 1882 τινι

460 1913 732 1983 generari,
761 1922 816 1969 et
843 1929 872 1970 a
903 1912 1062 1969 Patre
1109 1883 1406 1985 procedere
1432 1914 1713 1984 Spiritum,
1763 1915 2040 1972 Cllal‘aClP.

2148 1911 2266 1982 νᾷν,
2299 1911 2360 1962 τδ
2385 1883 2477 1963 τδι
2507 1910 2638 1962 Υἱὺν
2676 1883 2986 1978 γεννᾶσθαι-
3022 1910 3087 1962 ιχ
3134 1907 3229 1961 τοῦ
3271 1883 3662 1977 πατρδς,⁷καιτδ

460 2017 550 2058 res
582 2012 713 2059 sunt
742 2003 853 2060 illis
885 2005 1173 2073 speciales,
1217 2016 1416 2063 caetera
1456 2023 1586 2065 vero
1617 2016 1819 2065 cuncta
1847 2007 2047 2063 divini-

460 2095 589 2151 tatis
632 2098 835 2165 pariter
891 2097 1241 2170 applicantur
1298 2100 1473 2158 tribus
1511 2101 1630 2157 sive
1688 2103 2049 2159 sanctissimae

461 2186 740 2255 Trinitati,
800 2191 986 2246 verius
1036 2200 1123 2247 est
1178 2205 1343 2261 quam
1393 2191 1538 2261 quod
1569 2192 1703 2247 hora
1743 2208 1908 2262 quum
1943 2194 2046 2249 ista

462 2291 596 2332 sane
624 2276 952 2348 proferimus
1003 2278 1058 2335 in
1100 2278 1462 2349 Seripturam,
1528 2281 1713 2336 aestiva
1746 2296 2049 2353 serenaque

460 2381 647 2429 nostra
672 2380 775 2428 est.
813 2370 907 2426 Est
936 2373 1100 2444 igitur
1129 2373 1263 2430 mihi
1302 2374 1632 2431 desiderium
1665 2375 1737 2431 ab
1794 2375 1895 2432 hac
1927 2376 2044 2433 dic-

463 2463 616 2517 tione
644 2462 870 2518 minime
907 2464 1196 2529 desistere,
1239 2465 1332 2522 sed
1367 2465 1539 2522 solam
1585 2466 1726 2523 hanc
1776 2467 2045 2522 sinceram

465 2565 680 2622 semper
719 2550 919 2608 habere
948 2567 1112 2622 super
1142 2554 1406 2625 linguam.
1463 2552 1581 2610 Non
1628 2556 1772 2625 quod
1838 2555 2045 2611 bonum

463 2657 572 2698 non
616 2650 699 2699 est
726 2644 889 2701 etiam
921 2647 1226 2715 productio,
1251 2648 1408 2719 juxta
1442 2663 1606 2718 quam
1662 2647 1872 2704 ratione
1908 2647 2048 2702 divi-

465 2746 549 2787 na!
572 2732 958 2809 polypuymia,
990 2737 1321 2793 sanctissimi
1362 2736 1552 2793 Patres
1581 2736 1842 2806 Spiritum
1883 2751 2047 2793 sanc-

470 2834 586 2879 tum
617 2839 738 2880 esse
762 2824 1088 2895 productqu
1117 2826 1308 2882 dicunt
1343 2842 1442 2882 nec
1474 2841 1580 2881 non
1608 2827 1698 2882 alii
1733 2842 1872 2898 quos
1899 2826 2044 2882 indi-

465 2924 595 2971 cant
621 2916 993 2981 characteres,
1045 2917 1139 2972 sed
1171 2918 1321 2987 quod
1350 2933 1416 2974 ex
1470 2917 1767 2990 Evangelio
1806 2927 2042 2991 prototy—

469 3023 596 3077 pum
633 3017 717 3063 est
765 3008 929 3077 hujus
973 3009 1333 3079 specialitatis
1400 3011 1505 3066 hoc
1560 3025 1758 3066 nomen
1794 3021 1852 3067 et
1886 3013 2041 3083 quasi

467 3098 707 3155 radicem
732 3101 914 3171 gerit;
953 3108 1009 3156 et
1035 3116 1099 3155 ex
1157 3101 1299 3171 ipso,
1354 3113 1612 3173 tanquam
1646 3118 1713 3158 ex
1768 3103 2043 3173 principio

464 3193 699 3262 quodam
733 3193 1037 3263 theologice
1099 3195 1432 3264 prmetituto,
1480 3197 1663 3252 omnis
1712 3197 1878 3250 dictio
1915 3212 2038 3267 pro-

469 3284 716 3353 cedendi,
750 3284 906 3355 juxta
938 3300 1161 3340 sensum
1216 3286 1897 3358 evangelicum,erumpit.

535 3464 624 3523 90.
650 3466 886 3523 Coactus
919 3466 1081 3538 igitur
1113 3466 1350 3537 Spiritus
1394 3469 1570 3524 sancti
1632 3467 2039 3537 processinnctn

464 3559 520 3615 in
548 3560 752 3615 exitum
788 3559 1058 3628 accipere,
1088 3559 1214 3614 licet
1243 3560 1359 3613 haec
1406 3560 1570 3615 ambo
1609 3560 1674 3613 ad
1730 3576 1899 3615 unum
1960 3576 2043 3614 re-

469 3652 739 3705 ducantur
768 3663 989 3704 sensum
1043 3657 1261 3719 propter
1294 3648 1494 3703 Filium
1528 3650 1795 3703 dicentem
1832 3668 1848 3705 :
1888 3648 2040 3703 Exivi

465 3757 497 3797 a
538 3742 740 3809 Patre;
774 3741 889 3797 scin
910 3740 1126 3810 quidem
1166 3757 1196 3794 a
1229 3740 1338 3794 Deo
1372 3741 1635 3809 prolatam
1670 3742 1807 3795 banc
1831 3756 2042 3803 vocem,

465 3843 521 3888 et
550 3834 617 3890 ad
651 3834 1014 3889 rectissimam
1074 3832 1403 3887 sententiam
1433 3832 1697 3901 adaptatis
1750 3848 1873 3886 amo
1898 3849 1915 3899 ;
1945 3834 2040 3888 sed

468 3940 646 3983 tamen
711 3928 779 3982 ab
843 3927 958 3998 ipsa
1017 3927 1363 3995 processione
1418 3941 1522 3980 non
1583 3927 1813 3983 desisto.
1872 3927 1939 3981 Et
1970 3928 2043 3983 ita

465 4017 930 4089 quidemaPatre
980 4016 1275 4088 procedens
1338 4030 1422 4073 est
1482 4018 1719 4088 Spiritus
1797 4027 2040 4076 sanctus.

468 4112 670 4168 Lumen
726 4120 907 4167 autem
967 4112 1033 4166 ad
1065 4111 1194 4179 quid
1241 4113 1449 4167 Patrem
1508 4111 1677 4166 dicit?
1705 4110 1873 4166 Nemo
1934 4122 2042 4167 tam

473 4206 667 4260 tuentis
699 4205 908 4260 visione
953 4204 1187 4260 obtusus
1217 4213 1319 4268 est,
1349 4215 1409 4258 ut
1456 4205 1671 4276 ignoret
1724 4219 1783 4260 se
1818 4221 1923 4260 non
1956 4207 2045 4261 in-

465 4298 603 4352 tueri
637 4297 815 4352 lumen
848 4297 994 4353 illius
1036 4308 1295 4367 tanquam
1338 4297 1540 4368 aliquid
1595 4299 2044 4371 quod-attingere

466 4402 777 4458 possumus,
829 4403 927 4443 nec
958 4388 1105 4444 illius
1134 4389 1436 4443 claritatem
1506 4390 1824 4459 intelligere.
1890 4392 2046 4461 lnge-

468 4482 640 4537 uitum
675 4490 854 4537 autem
888 4481 992 4537 hoc
1057 4482 1238 4536 lumen
1284 4481 1360 4534 ait
1401 4488 1623 4550 propter
1675 4482 1895 4549 Filium,
1951 4485 2041 4550 qui

2149 2002 2421 2071 πατρόθεν
2449 2000 2850 2071 ἐκπορεύεσθαι
2876 2005 2944 2054 τὸ
2974 1999 3225 2069 Πνεῦμα,
3250 1999 3527 2063 tamtam»
3548 1999 3662 2050 ἱκιί.

2144 2113 2258 2158 νοις
2289 2095 2808 2167 χαρακτηριστικῶς
2828 2113 2841 2127 ⁸
2872 2097 2941 2153 τὰ
2992 2095 3041 2150 δ’
3081 2095 3222 2150 ἄλλα
3268 2096 3438 2149 πάντα
3467 2095 3551 2165 τῆς
3572 2095 3661 2148 θεό-

2143 2205 2309 2260 τητος
2365 2188 2568 2259 ἐπίσης
2622 2188 3002 2258 προσαρμόζει
3035 2190 3146 2252 τοῖς
3180 2187 3380 2255 τρισὶν,
3432 2188 3577 2256 ἧγουν
3609 2186 3662 2255 τῇ

2146 2279 2429 2351 ἁγιωτάτῃ
2468 2278 2688 2349 Τριάδι,
2715 2278 3080 2350 ἀληθέστερόν
3111 2279 3230 2331 ἔστι
3263 2276 3356 2332 τοῦ
3383 2280 3470 2331 νῦν
3493 2277 3569 2331 ὅτε
3592 2276 3664 2344 δη·

2144 2368 2280 2440 λαδὴ
2312 2370 2486 2424 ταῦτα
2514 2371 2865 2440 προφέρομεν
2888 2372 2976 2433 si;
3007 2371 3239 2440 Γραφὴν
3261 2370 3469 2441 θερινὴν
3492 2366 3661 2439 αίθριιί-

2147 2460 2350 2524 ζουσαν
2377 2462 2658 2533 ἡμετέραν
2692 2458 2833 2516 εἶναι
2852 2480 2867 2495 ⁸
2903 2464 2999 2517 καὶ
3025 2463 3210 2516 τοίνυν
3234 2462 3355 2532 ἐμοὶ
3384 2461 3542 2531 ὄρεξις
3569 2458 3662 2529 μηδ’

2144 2554 2285 2619 ὅλως
2334 2555 2670 2622 ἀφίστασθαι
2722 2556 2946 2621 λέξεως.
2984 2555 3124 2610 ἀλλὰ
3169 2558 3339 2626 μόνην
3368 2554 3659 2625 ἀπαραποίη-

2143 2665 2249 2715 τον
2268 2648 2440 2719 αὐτὴν
2472 2650 2559 2702 ἀεὶ
2587 2649 2732 2719 ὀχεῖν
2771 2649 2864 2703 ἐπὶ
2893 2649 3146 2721 γλώττης
3168 2666 3185 2681 ⁸
3209 2650 3308 2720 οὐχ
3334 2649 3413 2704 ὅτι
3449 2647 3514 2719 μὴ
3534 2645 3659 2701 καλὸν

2147 2740 2245 2793 καὶ
2292 2742 2326 2812 ἡ
2382 2741 2622 2812 προϐολὴ
2677 2739 2802 2795 καθ’
2855 2740 2927 2812 ἣν
2970 2741 3070 2796 καὶ
3121 2740 3420 2812 προϐλητδν
3459 2741 3510 2795 τὸ
3540 2740 3659 2807 ἅγιον

2146 2831 2401 2902 Πνεῦμα,
2438 2835 2535 2887 καὶ
2565 2834 2667 2887 ὅσα
2697 2832 2755 2889 δὲ
2803 2832 2940 2886 ἄλλα
2989 2832 3459 2904 χαρακτηριστικὰ
3498 2832 3659 2885 πολυω-

2144 2922 2349 2991 νυμίας
2375 2920 2526 2985 θείας
2555 2921 2719 2993 λόγῳ,
2749 2923 2800 2975 0i
2840 2922 3143 2991 ἁγιώτατοι
3168 2925 3408 2994 Πατέρες
3432 2923 3544 2977 αὐτὸ
3567 2923 3656 2973 ἑπι-

2144 3011 2422 3080 λέγουσιν,
2459 3012 2580 3067 ἀλλ’
2605 3014 2689 3067 ὅτι
2736 3014 3111 3083 εὐαγγελικῶς
3142 3015 3475 3086 πρωτόθετον
3506 3013 3656 3079 ἰδιότης

2142 3121 2233 3167 τος
2264 3104 2469 3174 ταύτης
2494 3105 2665 3176 όνομα
2690 3105 2871 3175 τοῦτο,
2907 3109 3005 3162 καὶ
3029 3106 3109 3170 ὡς
3151 3109 3328 3161 εἰπεῖν
3354 3106 3564 3175 ριζικόν⁸
3586 3103 3655 3155 καὶ

2144 3195 2203 3260 ἐξ
2231 3193 2397 3247 αὐτοῦ
2430 3196 2530 3247 ὅσα
2564 3195 2659 3248 καὶ
2700 3194 2761 3259 ἑξ
2793 3197 2966 3266 ἀρχῆς
3002 3213 3154 3260 τινος
3193 3192 3655 3267 προκατασεσλημε.

2146 3306 2242 3350 νας
2274 3287 2626 3356 θεολογικῶς,
2663 3293 2904 3361 ὁρμᾶται
2935 3289 3080 3357 λέξις
3124 3291 3313 3347 ἅπασα
3345 3285 3652 3360 ὲκπορεντικὴ

2144 3382 2285 3434 κατὰ
2317 3380 2677 3451 εὐαγγελικὴν
2711 3381 2941 3438 ἔννοιαν.

2217 3469 2287 3539 ιβ.
2324 3473 2395 3524 Συ
2408 3472 2758 3541 στελλόμενος
2787 3474 2920 3542 γοῦν
2950 3474 3286 3530 ἐκλαϐἐσοαι
3313 3476 3405 3546 τὴν
3442 3491 3655 3543 ,κπορεν-

2148 3581 2234 3617 σιν
2281 3565 2373 3615 ἐπὶ
2400 3563 2499 3618 τοῦ
2533 3564 2693 3630 ἁγίου
2730 3565 3049 3632 Πνεῦματος
3097 3570 3181 3631 είς
3214 3569 3486 3633 ἐξέλευσιν,
3519 3570 3559 3620 εί
3583 3568 3652 3618 καὶ

2150 3656 2317 3725 ἄμφω
2363 3657 2535 3710 ταῦτα
2593 3659 2674 3720 είς
2711 3656 2835 3712 νοῦν
2883 3659 2980 3713 ἕνα
3010 3659 3367 3732 συνέρχονται
3406 3662 3483 3715 διὰ
3504 3661 3579 3712 τὸν
3598 3660 3654 3711 εί-

2146 3750 2318 3802 πόντα
2360 3749 2508 3817 Υιδν,
2536 3750 2792 3819 Ἐξῆλθον
2827 3754 2890 3804 ὲκ
2918 3752 3014 3806 τοῦ
3055 3753 3304 3825 Πατρός⁸
3334 3756 3421 3809 καὶ
3447 3750 3544 3807 οἶδα
3583 3751 3653 3820 μὲν

2146 3840 2477 3908 θεᾶφθογγον
2513 3844 2690 3895 ἐκεῖνο
2737 3843 2797 3895 τὸ
2828 3845 3002 3914 ῥῆμα,
3057 3847 3158 3899 καὶ
3188 3846 3327 3916 φιλῶ
3355 3847 3477 3901 αὐτὸ
3500 3844 3654 3913 ἁρμότ-

2145 3949 2255 3985 των
2286 3934 2367 3995 είς
2400 3933 2704 4004 ὀρθοτάτην
2729 3934 2941 3990 ἔννοιαν
2967 3953 2981 3969 ⁸
3015 3940 3117 3992 οὐκ
3150 3939 3446 4008 ἀφίσταμαι
3470 3938 3518 3990 δὲ
3541 3936 3653 4005 ὅμως

2145 4026 2319 4091 αὐτῆς
2349 4026 2413 4097 δὴ
2449 4027 2546 4095 τῆς
2575 4028 2991 4098 ὲκπορεύσεως·
3027 4031 3125 4083 καὶ
3158 4031 3297 4085 οὕτω
3325 4032 3419 4101 μὲν
3449 4032 3654 4092 ἐκπορευ-

2090 4154 2102 4169 ι
2145 4117 2238 4170 τὶν
2278 4119 2493 4187 Πατρὸς
2530 4119 2590 4171 τὸ
2628 4120 2784 4185 ἅγιον
2818 4121 3041 4189 Πνεῦμα
3064 4138 3078 4154 ⁸
3137 4124 3275 4191 φάος
3316 4123 3371 4175 δὲ
3398 4122 3475 4175 διὰ
3511 4119 3553 4171 τί
3589 4117 3653 4168 τὸν

2147 4211 2366 4278 Πατέρα
2400 4211 2550 4276 λέγει
2579 4229 2593 4277 ;
2621 4214 2807 4276 Οὐδεὶς
2853 4214 2994 4266 οὕτω
3025 4215 3407 4284 εὐδυσώπητος
3440 4211 3525 4282 τὴν
3551 4207 3653 4262 κατά

2146 4299 2272 4354 νοῦν
2303 4300 2449 4370 ὄψιν,
2480 4302 2554 4366 ὡς
2586 4306 2802 4373 ἀγνοεῖν
2839 4305 2916 4375 μὴ
2944 4306 3234 4376 ἐμϐλέπων
3261 4307 3336 4370 τῷ
3363 4304 3475 4358 κατ’
3496 4303 3654 4357 ἐκεῖνόν

2146 4394 2288 4461 φωτὶ
2319 4396 2461 4447 καθὰ
2489 4397 2729 4463 ἐφικτὸν,
2766 4398 2860 4449 καὶ
2909 4417 3008 4452 κατ
3022 4401 3342 4470 ινοούμενος
3369 4397 3459 4465 τὴν
3487 4407 3656 4462 etot:th-

2150 4487 2271 4554 ρίαν
2304 4487 2469 4541 αὐτοῦ
2496 4503 2509 4517 ⁸
2540 4488 2837 4559 ἀγέννητον
2867 4491 2923 4543 δὲ
2954 4491 3067 4558 φῶς
3100 4492 3309 4545 ἐκεῖνόν
3338 4505 3464 4560 φησι
3492 4486 3565 4541 διὰ
3586 4482 3654 4535 τὸν

463 4574 638 4629 lumen
671 4574 787 4642 ipse
815 4574 1035 4644 quidem
1066 4583 1169 4639 est,
1195 4573 1287 4627 sed
1311 4574 1578 4641 genitum,
1612 4582 1670 4628 ut
1700 4575 1903 4630 dictum
1927 4591 2008 4634 est
2026 4595 2040 4646 ;

2152 4578 2279 4631 Υίόν
2300 4594 2315 4610 ⁸
2349 4579 2464 4646 φῶς
2496 4580 2595 4647 μὲν
2637 4583 2731 4635 καὶ
2781 4584 2987 4636 ἐκεῖνον
3031 4584 3182 4648 ὄντα,
3227 4585 3473 4655 γεννητὸν
3496 4581 3563 4641 δὲ.
3598 4576 3654 4636 ὡς

461 4674 517 4717 at
545 4662 778 4731 quadam
826 4662 892 4715 ad
932 4663 1071 4716 idem
1102 4662 1189 4715 hic
1226 4660 1578 4731 polyonymite
1612 4664 1820 4719 ratione
1888 4667 2034 4723 Patri

466 4754 647 4807 lumen
674 4761 759 4806 est
782 4755 1106 4807 attributum
1132 4770 1146 4807 :
1171 4753 1328 4807 aliter
1352 4755 1496 4807 enim
1519 4769 1627 4809 non
1655 4765 1778 4825 apte
1802 4758 1861 4809 τὸ
1882 4760 2040 4824 ἀγέν-

463 4861 626 4913 νητον
650 4844 866 4910 lumini,
904 4844 1008 4898 nisi
1045 4852 1305 4913 tanquam
1344 4842 1451 4900 Deo
1477 4845 1645 4911 Patri,
1680 4849 2032 4906 tribueretur.

470 4934 644 4989 Dictio
701 4950 831 4990 vero
883 4934 1469 5006 πανσθενουργόφωτον
1524 4952 1554 4992 a
1605 4937 1813 4994 dicendi
1872 4941 2039 4995 tardi-

467 5032 578 5078 tate
645 5039 738 5094 per
804 5023 1135 5080 celeritatem
1196 5026 1476 5097 synthesis
1526 5036 1745 5098 poetam
1798 5029 2031 5083 liberat:

461 5125 697 5185 quatuor
733 5118 876 5173 enim
924 5133 1083 5174 voces
1114 5119 1266 5182 trav!
1279 5118 1490 5184 σθένος,
1518 5120 1706 5191 ἔργον,
1741 5122 1877 5188 φῶς,
1913 5129 2033 5175 tau-

462 5225 625 5279 quam
659 5210 983 5280 glotneratas
1023 5211 1073 5265 in
1125 5211 1365 5281 plurium
1416 5228 1523 5268 una
1579 5224 2032 5281 cougregatorum

463 5301 705 5369 globum,
736 5300 995 5356 velociter
1023 5300 1178 5369 dixit,
1214 5301 1344 5358 huic
1381 5304 1690 5358 necessario
1707 5303 2033 5372 applicatus,

464 5405 641 5447 metro
672 5401 915 5462 cogente.
941 5392 998 5446 Si
1029 5408 1158 5449 vero
1191 5394 1416 5451 comicis
1456 5397 1635 5466 poetis
1668 5396 1784 5451 lucc
1831 5410 2033 5450 conve-

464 5482 582 5536 nire
614 5491 823 5537 veteres
852 5490 1115 5551 statuunt,
1172 5484 1511 5541 rarissimam
1560 5486 1705 5555 apud
1773 5486 2033 5553 antiquos

462 5587 586 5626 οπερ
614 5571 775 5626 talem
820 5573 1114 5642 synthesim
1168 5574 1515 5642 adnotantes,
1580 5576 1752 5644 legem
1814 5574 2033 5627 sibimet

462 5662 599 5731 ipsis
627 5669 890 5724 statuant,
934 5662 1176 5721 sinentes
1228 5667 1447 5721 divinos
1519 5667 1671 5721 viros
1727 5665 2031 5735 spiritualia

464 5752 820 5823 spiritualiter
883 5754 1053 5826 loqui,
1103 5758 1557 5828 qualitercunque
1605 5764 1891 5812 excedant.
1948 5755 2036 5812 Si-

464 5841 682 5913 gniﬁcat
707 5853 884 5898 autem
919 5860 1020 5900 vox
1051 5848 1305 5916 praedicta
1341 5850 1487 5919 quod
1512 5846 1839 5919 πανσθενὴς,
1869 5846 1921 5903 id
1953 5855 2036 5903 est

2143 4670 2381 4739 εἴρηται,
2417 4670 2562 4740 λόγῳ
2595 4673 2651 4724 δέ
2704 4690 2808 4725 τινι
2842 4676 3236 4746 πολυωνυμίας
3275 4681 3356 4739 εἰς
3385 4673 3554 4728 ταυτὸν
3591 4669 3655 4720 ἐν·

2144 4760 2320 4814 ταῦθα.
2352 4757 2521 4831 ἦκται
2549 4762 2624 4832 τῷ
2658 4765 2831 4831 Πατρὶ
2872 4766 2934 4817 τὸ
2961 4768 3118 4836 φάος.
3155 4768 3359 4832 Ἄλλως
3382 4767 3481 4835 γὰρ
3505 4758 3654 4815 οὑκιᾶν

2143 4850 2387 4921 εὑζήλως
2414 4854 2476 4906 τὺ
2519 4854 2817 4924 ἀγέννητον
2853 4859 2995 4924 φωτὶ
3032 4861 3505 4929 προσαρμόττοιτο,
3534 4856 3572 4905 εἰ
3595 4852 3652 4919 μὴ

2143 4939 2217 5002 ὡ;
2252 4940 2370 5010 Θεῷ
2423 4942 2631 5011 Πατρί⁸
2683 4946 2745 4995 τὸ
2795 4944 2853 4997 δὲ
2903 4947 3472 5015 πανσθενουργόιρωτον
3502 4938 3655 5012 βραδυ·

2142 5031 2420 5098 γλωσσίας
2471 5034 2809 5088 ἀπαλλάττει
2838 5035 2931 5089 τὸν
2968 5037 3277 5108 μελουργὸν
3322 5041 3385 5106 τῇ
3419 5035 3538 5088 κατὰ
3565 5027 3655 5082 σύν·

2146 5120 2296 5177 θεσιν
2327 5125 2644 5197 γοργότητι.
2693 5124 2881 5191 Λέξεις
2925 5130 3034 5198 γὰρ
3061 5130 3352 5198 τέσσαρας,
3383 5126 3440 5180 τὸ
3480 5123 3587 5185 πᾶν,
3607 5115 3653 5169 τδ

2147 5216 2354 5283 σθένος,
2391 5218 2452 5271 τὸ
2485 5220 2668 5290 ἔργον,
2724 5221 2817 5273 καὶ
2867 5220 2929 5273 τὺ
2979 5221 3118 5290 φῶς,
3164 5219 3446 5290 γογγυλίας
3474 5212 3567 5270 οἷον
3590 5210 3650 5269 εἰς

2148 5308 2279 5379 μίαν
2311 5312 2675 5382 συνημμένων
2722 5314 2877 5385 ὑφὲν,
2908 5317 3122 5386 γοργῶς
3145 5317 3399 5387 ἔφρασεν,
3424 5308 3653 5379 ἐπιτηδευ-

2145 5402 2381 5469 σάμενος
2433 5404 2567 5456 αἰτὸ
2620 5405 2972 5473 ἀναγκαίως,
3018 5404 3649 5477 μέτρουικατεπείγοντοςο

2144 5488 2207 5543 Εί
2259 5492 2318 5545 δὲ
2365 5494 2415 5545 oi
2472 5496 2695 5549 παλαιοὶ
2726 5501 2995 5566 κωμικοῖς
3026 5502 3277 5568 ποιηταῖς
3322 5496 3579 5569 ἁρμόττειν
3599 5487 3651 5538 τὰ

2140 5583 2367 5638 τοιαῦτα
2395 5587 2701 5655 νομίζουσι,
2734 5592 3282 5660 παρασημειούμενοι
3314 5586 3563 5651 σπανίζειν
3588 5580 3651 5633 δτ⁶

2150 5676 2296 5745 μάλα
2321 5680 2473 5747 παρὰ
2501 5682 2611 5742 τοῖς
2643 5680 2813 5733 πάλαι
2842 5681 2939 5753 τὴν
2969 5685 3229 5749 τοιαύτην
3254 5681 3503 5741 σύνθεσιν,
3530 5686 3652 5740 νομ⁰⁶

2141 5765 2471 5823 θετείτωσαν
2519 5773 2770 5836 ἑαυτοῖς,
2833 5774 3085 5842 ἀφιέντες
3128 5775 3252 5839 τοὺς
3303 5774 3465 5833 θείους
3491 5764 3648 5832 ἄνδρας

2143 5855 2375 5926 φράζειν
2409 5860 2795 5930 πνευματικῶς
2840 5862 2909 5916 τὰ
2940 5862 3303 5935 πνευματικὰ,
3335 5864 3467 5923 ὅπως
3490 5855 3545 5910 ἂν
3575 5848 3646 5904 καὶ
