3760 6558
487 283 589 348 611

1194 291 1615 355 EUSTATHH
1657 295 2404 360 THESSALONICENSIS
2439 298 3006 363 METROPOLlT/E

3567 319 3643 386 619.

490 397 722 469 haheat;
763 403 1062 471 procedens
1109 415 1292 460 autem
1337 409 1690 468 exindcsolus
1707 418 1819 468 sive
1871 418 2024 484 unigt

2159 408 2270 474 οἷος
2321 415 2441 484 ἦτοι
2475 419 2772 488 μονογενὴς
2816 421 2908 474 καὶ
2934 415 3018 485 εἷς
3064 422 3125 489 ἐξ
3148 427 3258 479 οἴου
3310 431 3456 496 μόνον
3487 436 3645 510 ﬂaret;

487 493 656 553 nitus,
684 503 737 544 et
759 507 900 546 unus
953 509 1019 548 ex
1038 511 1145 549 uno
1169 498 1284 551 solo
1331 497 1482 553 Patre
1509 501 1628 556 sine
1653 514 1857 569 matre;
1896 521 1930 558 ο
1963 521 2050 560 rex

487 585 856 651 omnipotens,
891 594 945 639 tu
979 588 1151 652 solus,
1187 599 1259 651 et,
1297 601 1356 644 ut
1400 598 1471 645 tta
1502 592 1703 655 dicam,
1750 597 2056 652 solissimus

491 674 798 740 procedens
832 693 974 732 unus
1037 694 1102 733 ex
1155 697 1282 745 uno,
1341 683 1482 738 sicut
1542 684 1804 752 diximus,
1855 687 2053 756 Patre;

492 767 710 832 misisti,
785 772 998 826 mentiri
1063 773 1320 839 nescius,
1388 779 1461 830 uti
1529 781 1879 849 promiseras,
1947 787 2056 844 tuis

489 859 775 924 apostolis,
823 864 1146 933 :rquiparem
1219 868 1312 920 tibi
1349 879 1402 922 et
1469 887 1715 928 veracem
1749 875 2053 945 Spiritum:

490 962 588 1014 per
627 951 799 1018 ipsum
837 955 979 1008 enim
1034 959 1176 1010 sicut
1203 974 1298 1026 per
1333 972 1382 1012 te
1423 978 1487 1018 ac
1525 963 1736 1020 Patrem
1775 971 2054 1036 spiramus

490 1049 718 1111 utraque
747 1045 848 1098 vita
879 1049 1114 1103 viventes
1145 1067 1159 1114 ;
1201 1063 1468 1118 quatenus
1495 1057 1655 1111 etiam
1692 1064 2057 1118 communiter

490 1129 780 1188 benefacit.
830 1134 1039 1200 Quibus
1071 1142 1289 1194 autem?
1319 1142 1449 1198 Tuis
1473 1147 1755 1212 apostolis,
1785 1149 1925 1203 istud
1965 1166 2057 1204 ca-

489 1223 744 1278 nentibus
774 1228 1182 1294 propheticum:
1221 1231 1404 1285 Gloria
1457 1239 1705 1301 potestati
1766 1250 1893 1303 tuae,
1956 1241 2056 1294 Do-

489 1313 635 1366 mine
661 1331 674 1379 ;
716 1317 794 1369 sic
824 1318 966 1370 enim
995 1330 1212 1392 pr_a:stat
1243 1325 1504 1387 scribe-re,
1526 1327 1682 1392 δόξαν
1717 1346 1841 1384 cum
1879 1333 2056 1387 littera

487 1419 536 1457 ν.
571 1403 682 1478 Rex
722 1422 906 1476 regum
955 1390 1082 1462 vero
1127 1410 1377 1467 Salvator
1429 1426 1531 1478 est,
1592 1436 1718 1488 qua,
1765 1424 1916 1492 juxta
1969 1441 2058 1480 sa-

488 1496 726 1562 pientrm
777 1501 1204 1568 partemiastam,
1267 1523 1285 1554 ι
1329 1523 1423 1574 per
1449 1509 1622 1576 ipsum
1676 1515 1858 1568 cuncti
1903 1530 2057 1586 reges

491 1599 738 1658 regnant,
784 1610 803 1644 ι
847 1605 1128 1661 pascentes
1159 1611 1254 1652 eos
1291 1600 1382 1666 qui
1417 1601 1562 1656 circa
1600 1605 1744 1672 ipsos
1773 1618 1903 1662 sunt
1934 1625 2055 1666 cum

487 1681 758 1748 adjutorio
793 1683 964 1739 baculi
995 1697 1049 1742 et
1076 1689 1276 1759 virgae;
1315 1707 1507 1759 «quam
1538 1695 1688 1749 dabit
1721 1699 1826 1756 illis
1855 1700 2049 1756 Deus.»

484 1771 603 1826 Non
645 1789 774 1829 vero
807 1777 1106 1832 secundum
1155 1793 1464 1838 accuratam
1494 1786 1821 1844 locutionem
1856 1795 2056 1860 [it-redi-

485 1873 644 1917 catur
725 1878 816 1920 rex
875 1883 1086 1936 regum,
1171 1881 1427 1942 tanquam
1491 1877 1793 1934 obsistente
1845 1893 2052 1939 metro:

487 1969 600 2010 non
675 1956 821 2010 enim
900 1960 1220 2029 simpliciter
1304 1981 1396 2019 rex
1482 1983 1714 2036 regum,
1780 1972 1868 2026 ille
1936 1973 2054 2028 Rex

484 2054 570 2098 est
622 2059 893 2100 summus.
951 2047 1092 2104 Mille
1146 2069 1379 2120 namque
1419 2071 1572 2126 reges
1625 2060 1678 2114 in
1739 2063 1940 2117 mundo
1967 2068 2057 2121 fu-

484 2143 645 2189 erunt
702 2145 754 2190 et
811 2149 975 2202 sunt,
1038 2143 1128 2209 qui
1179 2151 1360 2199 tamen
1437 2163 1545 2202 non
1581 2149 1840 2207 dicuntur
1908 2171 2058 2210 sum—

486 2224 560 2276 mi
591 2241 743 2295 rcges
792 2237 884 2282 aut
937 2234 1135 2284 summi
1160 2234 1344 2290 duces.
1398 2236 1592 2294 Tutius
1621 2257 1750 2312 ergo
1783 2245 2052 2315 pedestris

483 2325 640 2367 sacer
694 2313 981 2372 Psalmista
1025 2321 1089 2375 de
1117 2321 1226 2376 Deo
1257 2325 1435 2382 dixit:
1471 2348 1489 2380 ι
1522 2328 1626 2396 Qui
1691 2313 1808 2390 Res
1863 2353 2053 2406 regum

482 2412 569 2459 est
610 2419 675 2458 ac
723 2407 884 2463 Deus.
920 2427 938 2460 ι

554 2493 642 2550 97.
675 2497 734 2551 In
763 2497 862 2553 hoc
882 2511 1059 2556 autem
1109 2502 1221 2569 οἷος
1253 2517 1305 2560 et
1335 2509 1387 2563 in
1417 2513 1520 2567 hoc
1563 2517 1744 2584 μόνος,
1795 2519 2055 2578 tliﬂ'eren-

482 2583 614 2638 tiam
673 2589 1025 2646 exsistentem
1077 2600 1451 2658 examincmus
1503 2583 1647 2674 quod
1697 2610 1889 2678 μόνος
1937 2616 2056 2682 qui-

482 2676 626 2742 dem,
648 2694 794 2747 cum,
818 2692 874 2735 ut
891 2684 1044 2739 aiunt
1067 2689 1360 2755 sapientes.
1391 2698 1457 2748 ad
1479 2698 1680 2769 aliquid
1700 2676 2050 2770 coniunctum

481 2769 703 2833 dicitur,
735 2773 816 2826 sic
847 2774 912 2828 ad
943 2775 1045 2830 sibi
1095 2780 1418 2848 conjunctos
1477 2803 1665 2846 omnes
1723 2795 1862 2851 alios
1913 2799 2052 2854 lilios

482 2863 889 2929 pronuntiatur.
925 2864 1051 2930 Οἴος
1101 2880 1279 2926 autem
1336 2877 1403 2930 ad
1444 2878 1644 2949 aliquid
1703 2901 1869 2942 unum
1904 2890 1956 2944 in
1992 2907 2052 2947 se

481 2950 703 3014 dicitur,
736 2954 884 3022 quod
916 2971 1021 3008 non
1061 2958 1223 3015 habet
1249 2961 1470 3021 fratrem
1520 2968 1673 3035 iuxta
1731 2975 2049 3036 similitudio

482 3055 608 3096 nem
664 3043 1008 3113 adjunctum.
1043 3050 1101 3104 Si
1137 3065 1268 3121 ergo
1307 3061 1642 3129 synonymis:
1697 3081 1862 3123 causa
1904 3070 2043 3126 idem

479 3140 565 3187 est
592 3131 820 3200 dicere,
859 3133 970 3202 oio;
999 3149 1056 3194 et
1092 3142 1274 3209 μόνος,
1311 3147 1456 3203 clara
1492 3159 1669 3208 tamen
1721 3156 2049 3231 interpreta-

481 3224 558 3280 tio
583 3227 964 3285 conlusionem
1024 3232 1150 3289 inde
1212 3249 1428 3296 amovet
1464 3259 1477 3295 :
1515 3244 1650 3300 dicit
1699 3224 2052 3313 enim-sacer

478 3327 636 3386 poeta
664 3319 755 3374 Dei
799 3321 1035 3378 Verbum
1070 3326 1245 3383 solum
1282 3329 1456 3398 ipsum
1500 3349 1566 3389 ex
1613 3341 1872 3400 omnibus
1926 3347 2050 3406 ﬁliis

475 3411 725 3478 generari
758 3407 892 3475 οἷον,
922 3414 1038 3470 sive
1070 3431 1260 3482 unum,
1311 3436 1378 3476 ex
1405 3424 1502 3495 οῐῳ
1550 3425 1733 3496 Patre,
1771 3434 1887 3490 sive
1940 3455 2047 3494 non

479 3500 796 3571 coniuncto,
829 3503 1062 3576 ideoque
1092 3511 1230 3566 solo.
1255 3512 1458 3570 Similis
1487 3528 1571 3573 est
1615 3520 1870 3584 loquendi
1932 3545 2049 3583 mo-

478 3593 582 3652 dus
601 3611 666 3650 ac
693 3596 739 3652 si
769 3598 893 3666 quis
917 3602 1198 3668 speciatim
1231 3609 1520 3674 quemdam
1563 3613 1617 3667 in
1647 3614 1809 3671 laude
1865 3633 2048 3690 segre-

476 3701 638 3758 gans,
673 3702 737 3744 ac
765 3690 958 3747 nolens
987 3693 1152 3750 alium
1176 3710 1371 3767 praeter
1397 3704 1572 3772 ipsum
1609 3713 1868 3777 reputari,
1899 3713 2051 3768 dice-

479 3789 562 3834 ret
590 3781 735 3850 quod
759 3777 871 3846 οῐος
927 3783 1044 3841 sive
1082 3803 1224 3846 unus
1254 3792 1344 3847 ille
1376 3795 1617 3863 possidet
1668 3799 1815 3858 istud
1870 3803 2048 3863 laudis

476 3885 668 3938 genus,
695 3873 844 3930 solus
875 3886 930 3930 et
959 3893 1063 3934 non
1120 3897 1244 3938 cum
1283 3887 1392 3941 alio
1445 3904 1796 3963 quocunque.
1868 3896 2045 3955 Simili

477 3960 643 4017 modo
692 3965 940 4022 melodus
996 3985 1158 4026 voces
1221 3969 1337 4038 οἷος
1382 3987 1438 4030 et
1488 3980 1647 4047 μόνος
1687 3960 1776 4039 ad
1844 3985 2045 4045 Filium

475 4051 573 4108 Dei
600 4057 968 4125 consociavit;
1031 4055 1146 4114 οἷον
1186 4064 1395 4134 dicens,
1443 4073 1568 4140 quia
1611 4074 1762 4132 solus
1818 4077 1920 4134 iste
1952 4079 2047 4134 Fi-

475 4141 603 4210 lius,
631 4160 730 4200 nec
761 4148 922 4215 alius,
955 4166 1094 4207 unus
1133 4151 1306 4211 Filius
1329 4172 1624 4226 generatus
1667 4176 1751 4221 est
1788 4169 1940 4223 Solus
1964 4170 2046 4223 in-

473 4236 654 4303 genito
677 4248 890 4306 patrum
922 4240 1105 4308 Patri;
1137 4245 1453 4315 signiﬁcans
1520 4253 1604 4310 his
1651 4273 1769 4324 qua:
1790 4253 2046 4328 prter-lare

471 4327 622 4392 dicit,
645 4333 789 4398 quod
818 4333 966 4390 mille
994 4335 1214 4404 quidem
1244 4350 1373 4394 sunt
1415 4344 1561 4399 mille
1584 4327 1826 4411 patribus
1859 4352 2045 4421 unige-

472 4418 569 4473 niti
596 4415 744 4486 ;οῐος
793 4433 974 4478 autem
1003 4427 1084 4482 vel
1129 4444 1272 4486 unus
1321 4432 1670 4500 Filius,quod
1728 4449 1812 4494 est
1859 4443 2032 4510 solus,
2071 4426 2128 4490 Ῑ)

471 4521 589 4575 seu,
611 4511 754 4579 quod
782 4511 925 4567 idem
953 4525 1036 4571 est
1065 4517 1274 4586 dicere,
1313 4525 1651 4593 unigenitus,
1683 4544 1749 4582 cx
1790 4531 1886 4601 οῐῳ
1917 4535 2032 4592 sive

455 4612 584 4652 .uuo
644 4600 762 4655 solo
821 4603 998 4672 Patre,
1027 4609 1207 4668 nullus
1255 4606 1337 4668 est
1388 4614 1550 4678 alius.
1574 4617 1678 4670 nisi
1715 4628 1769 4674 tu
1810 4600 2034 4683 omnino

468 4689 638 4744 solus.

538 4802 626 4858 98.
666 4803 930 4860 Memento
959 4822 1120 4876 porro
1152 4809 1293 4878 quod
1325 4811 1368 4864 si
1392 4820 1470 4864 ter
1495 4827 1594 4866 vox
1616 4810 1724 4880 οῐος
1753 4819 1838 4874 vel
1870 4824 2030 4892 μόνος

461 4891 521 4948 in
556 4909 694 4948 nexu
730 4906 893 4960 esset,
929 4887 1118 4952 eadem
1151 4900 1417 4954 sententia
1440 4905 1525 4972 pie
1557 4913 1864 4967 conservari
1899 4931 2030 4983 pos-

465 4993 569 5040 set.
602 4984 764 5042 Solus
797 4989 941 5041 enim
993 4988 1246 5044 Salvator
1300 4992 1399 5047 soli
1459 4993 1603 5051 Patri
1649 5002 1800 5058 solus
1855 5005 2026 5066 Filius

464 5088 755 5146 generatus
788 5089 891 5133 est.
927 5079 1017 5135 Sic
1047 5091 1226 5136 autem
1257 5085 1419 5138 etiam
1471 5083 1584 5152 οἷος
1622 5091 1716 5146 ille
1742 5108 1811 5149 ex
1862 5095 2022 5155 Patre

463 5171 558 5241 οῐῳ
613 5167 722 5235 οἷος
755 5173 941 5226 exivit.
972 5173 1224 5230 Melodus
1271 5192 1397 5234 vero
1459 5182 1784 5242 lacutionem
1839 5191 2023 5262 diSpo-

461 5263 591 5326 suit,
623 5264 922 5325 alternans,
955 5276 1013 5318 ut
1043 5278 1277 5322 metrum
1316 5271 1499 5328 dabat.
1533 5276 1824 5334 Sciendum
1854 5294 2018 5341 etlam

460 5349 606 5417 quod
646 5350 832 5404 istud:
869 5367 1036 5406 unutn
1099 5369 1164 5408 ex
1201 5372 1311 5411 uno
1360 5357 1520 5415 Patre
1552 5365 1730 5420 solum
1785 5370 2017 5429 Verbum

457 5442 667 5508 exiens,
737 5458 844 5496 non
901 5447 1136 5502 absurde
1187 5451 1309 5519 quis
1363 5453 1564 5510 diceret
1617 5462 2016 5534 antistrophum

458 5543 554 5585 seu
587 5535 942 5603 requipollens
977 5539 1152 5596 huic:
1195 5543 1353 5600 Solus
1395 5546 1703 5617 unigenitor
1754 5557 2017 5627 unigeniti

457 5619 556 5678 ﬁlii
585 5621 766 5680 Pater.
796 5627 957 5694 μίτρα
1001 5633 1186 5687 eadem
1223 5635 1365 5690 enim
1389 5652 1455 5692 ex
1484 5653 1640 5710 mque
1692 5619 2022 5706 convertun-

2156 504 2280 573 δίχα
2317 509 2548 576 μητρός.
2585 505 2656 561 Ὦ
2684 509 2814 575 γοῦν
2841 511 3053 566 τοιοῦτο
3105 515 3459 582 Παμὸασιλεῦ,
3482 527 3506 578 ό
3529 504 3644 597 μόνος

2157 599 2274 660 καὶ,
2307 598 2384 660 ὡς
2413 600 2584 665 οὓτως
2632 605 2828 667 εἰπεῖν,
2867 605 3176 670 μονώτατος
3221 613 3475 679 προελθὼν
3495 615 3578 683 oio;
3606 626 3646 688 ig

2155 688 2291 757 οἴου,
2331 691 2407 755 ὡς
2457 693 2688 762 ἔφαμεν,
2737 697 2947 766 Πατρός
2974 712 2987 725 ⁹
3015 697 3320 767 ἐξέπεμψας
3358 702 3425 765 ὡς
3453 707 3646 781 ἀψευδὴς»

2155 783 2300 835 καθὰ
2329 783 2567 855 ὑπέσχου
2608 791 2722 850 τοῖς
2757 794 2872 853 σοῖς
2919 790 3258 857 ἀποστόλοις,
3305 793 3539 860 ἰσοσθενές
3580 821 3646 857 σω

2157 874 2382 945 Πνεῦμα
2423 879 2518 931 καὶ
2548 878 2744 951 ἀληθές
2765 894 2780 910 ·
2822 882 2892 937 δι’
2931 883 3096 938 αὐτοῦ
3133 886 3239 953 γὰρ
3278 886 3348 948 ὡς
3379 888 3463 942 καὶ
3484 891 3553 945 διὰ
3581 896 3648 950 σοῦ

2157 970 2250 1021 καὶ
2286 969 2498 1040 [ἰατρὸς
2536 973 2771 1043 πνέομεν
2801 974 3002 1038 ζῶντες
3029 978 3293 1048 ἑκατέραν
3315 982 3446 1051 ζωήν
3466 998 3478 1011 '
3507 987 3648 1043 καθότι

2157 1061 2253 1114 καὶ
2290 1066 2442 1133 κοινῇ
2475 1065 2816 1135 εὐεργετεῖτε
2837 1085 2850 1098 ·
2885 1067 3062 1132 ποίοις
3097 1070 3157 1123 δέ
3185 1087 3200 1135 ;
3228 1071 3540 1140 Ἀποστόλοις
3562 1097 3645 1146 σου,

2158 1157 2269 1217 τοῖς
2305 1156 2522 1226 ᾄδουσιν
2550 1161 2726 1213 ἐκεῖνο
2762 1162 3104 1230 προφητικὸν
3146 1162 3226 1223 τὺ,
3258 1166 3383 1230 Δόξα
3412 1170 3478 1236 τῷ
3504 1174 3647 1238 κράτει

2160 1263 2278 1309 σου,
2313 1248 2484 1319 Κύριε
2509 1265 2523 1280 ο
2565 1251 2707 1304 οὓτω
2735 1254 2843 1323 γὰρ
2879 1255 3104 1320 ἄμεινον
3133 1256 3359 1324 γράφειν
3389 1259 3512 1330 ἥπερ
3536 1263 3648 1327 δόξαν

2163 1341 2301 1408 μετὰ
2330 1341 2424 1394 τοῦ
2454 1361 2502 1397 ν.
2534 1344 2704 1408 ’Λναξ
2737 1345 2794 1398 δὲ
2839 1347 3089 1400 ἀνάκτων
3115 1348 3144 1399 δ
3178 1347 3380 1418 Σωτὴρ,
3407 1351 3523 1404 διότι
3545 1357 3646 1408 κατὰ

2159 1431 2252 1483 τὸν
2286 1433 2450 1500 σοφὸν
2477 1439 2888 1507 παροιμιαστὴν
2919 1439 2987 1491 δι’
3019 1439 3188 1491 αὑτοῦ
3223 1439 3444 1508 βασιλεῖς
3475 1444 3648 1511 ἅπαντες

2163 1521 2532 1590 βασιλεύουσι,
2587 1528 2962 1596 ποιμαίνοντες
3001 1533 3129 1591 τοὺς
3158 1533 3281 1598 περὶ
3313 1531 3487 1593 αὐτοὺς
3514 1551 3646 1604 παρι-

2161 1617 2354 1684 κλήσει
2389 1619 2590 1688 ῥάϐδου
2628 1624 2719 1675 καὶ
2747 1622 3052 1692 βακτηρίας
3091 1625 3282 1677 ὁποίαν
3307 1625 3452 1680 δώσει
3475 1630 3645 1697 ἐκείνοις

2161 1711 2188 1762 ὁ
2231 1711 2384 1770 Θεός.
2421 1711 2498 1764 Οὐ
2553 1714 2688 1781 πρὸς
2729 1715 3018 1784 ἀκρίϐειαν
3050 1715 3107 1768 δὲ
3161 1717 3457 1786 πέφρασται
3481 1722 3531 1774 τὸ
3553 1723 3646 1789 ἄναξ

2161 1803 2429 1866 ἀνάκτων,
2473 1798 2560 1855 οἶα
2596 1809 3031 1875 προσισταμένου
3073 1808 3168 1860 τοῦ
3207 1810 3395 1878 μέτρου
3417 1825 3430 1840 ο
3455 1812 3507 1864 οῦ
3533 1815 3646 1884 γάρὸ

2159 1893 2346 1956 ἁπλῶς
2375 1895 2623 1948 ἀνάκτων
2648 1897 2801 1962 ἄναξ,
2823 1899 3026 1962 ἐκεῖνος
3046 1903 3144 1952 καὶ
3169 1901 3515 1968 παμϐασιλεύς
3536 1907 3642 1958 ἐστι’

2162 1987 2345 2053 μυρέοι
2380 1984 2514 2052 γοῦν
2543 1988 2600 2039 ὲν
2627 1987 2703 2056 τῷ
2735 1989 2924 2058 κόσμῳ
2949 1989 3200 2042 ἀνάκτων
3227 1992 3316 2044 καὶ
3344 1992 3562 2060 γεγόνασι
3581 1999 3644 2051 καὶ

2160 2078 2296 2131 εἰσὶν
2329 2080 2581 2142 ἄνακτες,
2610 2082 2704 2133 καὶ
2730 2083 2880 2151 ὅμως
2918 2083 2979 2135 οὐ
3008 2082 3258 2151 λέγονται
3294 2088 3642 2162 παμϐασιλείςῆ

2161 2171 2555 2233 παντάνακτες.
2597 2171 2656 2226 Ὀ
2675 2173 2806 2240 γοῦν
2829 2175 3181 2244 πεζολογικὺς
3209 2179 3248 2229 ιε
3259 2178 3502 2250 ροψάλτης
3521 2184 3646 2250 ἀσφα-

2158 2258 2410 2331 λέστερον
2441 2260 2594 2318 εἶπεν
2625 2266 2719 2318 ἐπὶ
2769 2266 2904 2322 Θεοῦ
2941 2267 3026 2334 τὸ,
3075 2268 3137 2320 '0
3172 2270 3276 2324 τῶν
3304 2272 3524 2327 ἀνάκτων
3549 2273 3644 2339 ἅναξ

2161 2359 2252 2411 καὶ
2285 2357 2438 2422 Θεός.

2229 2539 2334 2608 L3”.
2377 2541 2464 2594 ’Ev
2486 2540 2544 2596 δὲ
2568 2541 2648 2612 τῷ
2678 2537 2789 2607 οῐος
2834 2545 2928 2599 καὶ
2956 2545 3014 2599 ὲν
3043 2545 3126 2616 τῷ
3159 2547 3314 2615 μόνος
3345 2547 3439 2619 χρὴ
3471 2550 3638 2622 tutari;-

2158 2653 2249 2687 σαι
2278 2637 2344 2706 τῇ
2377 2637 2502 2689 κατ’
2526 2637 2666 2692 αὐτὰ
2715 2637 2970 2710 διαφορᾷ,
3018 2645 3117 2695 καὶ
3166 2642 3352 2712 νοῆσαι
3381 2644 3453 2698 ὅτι
3493 2647 3540 2698 τὸ
3573 2651 3638 2716 μὲν

2159 2727 2319 2795 μόνος
2353 2729 2485 2796 πρός
2504 2745 2558 2781 τι
2583 2730 2873 2799 συζυγοῦν,
2903 2733 2979 2796 ὥς
3006 2749 3178 2801 φασιν
3205 2735 3254 2787 οι
3285 2739 3445 2804 σοφοὶ,
3466 2737 3638 2807 λεγόμε-

2154 2835 2264 2882 νον,
2293 2819 2367 2881 ὡς
2397 2821 2534 2890 πρὸς
2575 2821 2943 2890 συζυγοῦντας
2978 2827 3130 2898 αὐτῷ
3162 2828 3414 2899 φράζεται
3457 2835 3556 2896 τοὺς
3576 2835 3639 2886 ἀλ-

2155 2911 2281 2975 λους
2314 2910 2558 2976 ἅπαντας
2590 2915 2739 2978 υἱούς
2768 2930 2785 2947 ο
2817 2917 2879 2970 τὸ
2905 2919 2962 2972 δὲ
2986 2915 3102 2984 οἷος
3125 2921 3260 2992 πρός
3279 2939 3329 2976 τι
3355 2923 3410 2976 δν
3433 2926 3512 2979 καὶ
3531 2928 3635 2990 αὐτὸ,

2152 3006 2252 3059 οὐκ
2287 3006 2400 3077 ἔχει
2434 3007 2668 3077 σύζυγον
2712 3008 2944 3079 ἀδελφὺν
2976 3015 3122 3066 κατὰ
3164 3015 3224 3069 τὸ
3273 3016 3410 3081 οἰκός
3431 3031 3446 3048 ·
3483 3019 3638 3073 ὠστιεῖ

2075 3097 2122 3162 C
2153 3100 2247 3152 καὶ
2279 3100 2477 3152 ταυτόν
2515 3104 2633 3154 ἐστι
2685 3104 3031 3174 συνωνυμίαις
3059 3105 3208 3177 λόγῳ
3253 3103 3359 3173 οἷος
3403 3111 3545 3164 εἰπεῖν
3571 3112 3636 3166 καὶ

2157 3191 2339 3259 μόνος,
2375 3189 2509 3244 ἀλλὰ
2535 3193 2569 3260 ἠ
2605 3193 2781 3263 σαφὴς
2808 3195 3074 3264 ἑρμηνεία
3124 3197 3471 3270 διευκρινήσει
3495 3202 3572 3272 τὴν
3595 3206 3634 3256 tv

2153 3281 2338 3343 αὐτοῖς
2373 3284 2633 3352 σύγχυσιν
2658 3301 2673 3316 ο
2715 3287 2863 3353 λέγει
2907 3288 3016 3358 γὰρ
3043 3291 3072 3343 ό
3107 3291 3250 3361 ἱερὸς
3281 3285 3424 3357 οὗτος
3465 3295 3636 3365 ποιητὴς

2149 3373 2244 3425 τὸν
2271 3372 2366 3426 τοῦ
2396 3374 2530 3427 Θεοῦ
2557 3375 2729 3444 Λόγον
2770 3378 2932 3446 μόνον
2962 3380 3133 3436 αὑτὸν
3170 3385 3235 3438 ὲκ
3263 3385 3460 3440 πάντων
3494 3403 3634 3456 7cm;-

2123 3462 2313 3530 ,θῆναι
2360 3464 2494 3517 υἱῶν
2530 3461 2665 3532 οἷον,
2717 3469 2887 3538 ἡγουν
2932 3469 3030 3525 ἕνα
3079 3472 3146 3538 ἐξ
3204 3475 3312 3528 οῐου
3344 3477 3516 3546 πατρὸς
3551 3480 3636 3548 ἢτοι

2151 3555 2518 3608 ἀσυνδυάστου
2551 3559 2645 3610 καὶ
2673 3557 2742 3610 δι’
2787 3560 2920 3614 αὐτὸ
2950 3563 3118 3632 μόνου
3146 3582 3160 3598 ο
3187 3567 3279 3620 καὶ
3308 3567 3442 3622 ἔστιν
3464 3569 3636 3638 ὁμοιοςὸ

2148 3645 2329 3714 λόγος,
2355 3647 2431 3710 ὡς
2457 3649 2506 3702 ει
2528 3655 2622 3703 και
2653 3666 2736 3713 τις
2777 3651 2886 3724 ὶδιᾳ
2918 3653 3178 3723 μονάζων
3211 3660 3333 3714 τινὰ
3357 3661 3637 3730 κατ’ὲξαίρε-

2149 3752 2242 3789 τον
2267 3739 2364 3790 καὶ
2395 3737 2568 3793 ὀκνῶν
2597 3745 3052 3815 συνεπινοηθῆναι
3097 3749 3248 3822 αὐτῷ
3277 3755 3363 3806 καὶ
3389 3752 3558 3826 ἕτερον,
3581 3756 3635 3808 tl-

2149 3843 2240 3880 ποι
2271 3827 2354 3880 ὅτι
2405 3824 2515 3892 οἷος
2566 3830 2734 3900 ἦγουν
2763 3831 2845 3898 εἷς
2889 3832 3044 3900 οὗτος
3089 3841 3212 3894 τάδε
3259 3859 3310 3896 τι
3358 3824 3480 3916 ἔσχε.
3495 3847 3635 3914 σεμνὸν

2151 3918 2313 3986 μόνος
2343 3921 2438 3971 καὶ
2466 3921 2526 3973 οὐ
2578 3921 2676 3974 σύν
2707 3942 2817 3979 τινι
2849 3928 3024 4000 ἑτέρῳ
3055 3945 3070 3963 ο
3102 3932 3245 3988 ὥστε
3293 3939 3428 3991 καὶὸ
3458 3937 3636 4008 μελῳδὸς

2147 4010 2375 4080 τοιούτῳ
2403 4010 2546 4082 λόγῳ
2593 4017 2889 4072 συνεδῦασε
2919 4022 2981 4075 τὸ
3033 4020 3148 4089 οἷος
3181 4027 3276 4081 καὶ
3319 4027 3378 4082 τὸ
3418 4029 3550 4099 μόνος
3571 4029 3635 4082 ἐπὶ

2145 4099 2241 4153 τοῦ
2273 4101 2403 4154 Υιοῦ
2437 4103 2530 4156 τοῦ
2587 4104 2726 4159 Θεοῦ
2752 4124 2767 4139 ο
2803 4110 2879 4172 ὡς
2908 4107 3020 4166 οἷον
3046 4115 3219 4170 εἰπὼν
3246 4117 3326 4173 ὅτι
3369 4119 3508 4189 μόνος
3526 4112 3635 4181 οὗτος

2147 4192 2274 4256 Υἱὸς
2309 4195 2402 4246 καὶ
2447 4195 2621 4260 οὐδείς
2651 4215 2782 4252 ποτε
2835 4201 3074 4274 οὐδαμοῦ
3117 4207 3296 4276 ἄλλος,
3330 4205 3405 4274 εἷς
3451 4210 3553 4272 Υἱὸς
3573 4211 3637 4276 γέν

2145 4299 2268 4349 γονε
2315 4285 2474 4354 μόνο,
2518 4289 2801 4362 ἀνεννήτῳ
2840 4298 3092 4366 πατέρων
3132 4300 3305 4371 Πατρι
3327 4319 3342 4337 ο
3367 4302 3486 4355 νοῶν
3519 4305 3564 4354 tv
3581 4295 3636 4361 οἷς

2150 4377 2366 4446 γοργῶς
2409 4379 2626 4446 φράζει,
2661 4384 2749 4437 ὅτι
2775 4391 3084 4456 μονογενετς
3125 4391 3226 4460 μὲν
3265 4393 3438 4462 μυρίοι
3464 4393 3554 4454 τοῖς
3569 4393 3638 4445 ati-

2150 4466 2262 4520 τῶν
2289 4469 2542 4524 τοκεῦσιν
2565 4486 2581 4504 ο
2611 4469 2724 4539 οἷος
2770 4476 2826 4529 δὲ
2855 4477 2974 4548 ἢτοι
3022 4475 3103 4544 εἷς
3134 4483 3266 4550 υἱὸς,
3295 4485 3324 4538 ὃ
3357 4485 3463 4538 tim
3505 4483 3638 4555 μόνος,

2150 4559 2348 4611 ταυτὸν
2374 4561 2421 4614 δ’
2445 4563 2620 4618 ειπτῐν
2659 4570 2980 4641 μονογενὴς,
3009 4572 3068 4640 ἐξ
3107 4576 3222 4630 οῐου
3249 4576 3364 4648 ἦτοι
3394 4577 3495 4638 ἑνὸς
3520 4576 3636 4647 μόνον

2146 4649 2237 4702 τοῦ
2257 4653 2490 4724 Πατρὸς,
2523 4656 2699 4722 οὐδεὶς
2728 4659 2888 4727 ἄλλος
2915 4665 2996 4718 δτι
3022 4666 3100 4740 μὴ
3131 4669 3199 4723 σὺ
3233 4670 3532 4742 μονώτατος.

2215 4833 2326 4898 tur.
2365 4832 2560 4890 ’ἰστέον
2586 4835 2644 4891 δὲ
2680 4840 2758 4904 ὡς
2795 4842 2845 4894 ει
2875 4845 2970 4897 καὶ
2996 4847 3118 4915 τρὶς
3151 4848 3212 4903 τὸ
3249 4846 3372 4916 οἷος,
3398 4852 3496 4923 ἣτὸ
3521 4852 3636 4921 μόννς

2141 4922 2202 4974 ὲν
2247 4921 2328 4993 τῷ
2373 4925 2550 4998 εἱρμῷ
2580 4929 2778 4996 ἔκειτο,
2828 4935 2861 5004 ἠ
2911 4937 3051 5010 αὐτὴ
3099 4938 3278 4996 ἔννοια
3314 4921 3526 5009 εὐσεϐῶς
3553 4939 3634 5010 εῐχε

2145 5013 2452 5079 σώζεσθαι·
2486 5021 2647 5090 μόνος
2669 5023 2778 5098 γὰρ
2817 5029 2846 5080 ὁ
2879 5028 3073 5102 Σωτὴρ
3107 5033 3187 5104 τῷ
3215 5037 3382 5110 [Ia-:9},
3423 5040 3546 5107 μόνῳ
3569 5040 3635 5106 μὸ-

2140 5122 2231 5169 νος
2264 5109 2391 5174 Υἱὸς
2432 5115 2692 5181 γέγονεν’
2727 5119 2871 5175 οὕτω
2906 5121 2964 5178 δὲ
3007 5127 3101 5180 καὶ
3137 5125 3252 5194 οἶος
3299 5109 3447 5196 αὐτὸς
3482 5132 3534 5185 ἐκ
3558 5131 3636 5184 ih-

2143 5198 2272 5266 τρὸς
2299 5201 2554 5296 οτουνοῑος
2585 5211 2878 5282 προῆλθεν.
2921 5214 2980 5270 'O
3010 5218 3065 5274 δὲ
3092 5222 3325 5294 μελῳδὸς
3348 5225 3549 5296 διῴκησε
3565 5226 3636 5292 τὴν

2139 5292 2364 5359 φράσιν,
2414 5295 2653 5363 ἀλλάξας
2679 5301 2755 5365 ὠς
2793 5306 2854 5358 τὸ
2885 5309 3086 5380 μέτρον
3123 5292 3316 5371 ἐδίδου.
3353 5292 3462 5369 Ἔτι
3488 5292 3635 5368 ⁷ἰστέον

2139 5382 2234 5434 καὶ
2245 5383 2334 5480 δτι
2353 5387 2414 5438 τὸ
2437 5383 2550 5452 οἷος
2573 5392 2632 5460 ἐξ
2657 5394 2770 5450 οἵου
2795 5401 2954 5468 μόνος
2973 5406 3144 5476 Λόγος
3171 5409 3436 5480 προελθὼν
3457 5411 3634 5478 Harp“.

2135 5474 2494 5547 ἀντίστροφον
2523 5482 2667 5538 εἴποι
2687 5504 2773 5552 τις
2793 5492 2860 5545 ἂν
2878 5495 2978 5549 οὐκ
3003 5474 3359 5570 ἀτιροσςρυῶς,
3383 5503 3535 5554 show
3553 5474 3634 5553 i06-

2139 5581 2372 5636 στροφον
2398 5572 2499 5643 τῷ,
2524 5577 2666 5631 Μόνε
2689 5591 3084 5661 μονογεννῆτορ
3107 5595 3414 5662 μονογενοῦς
3431 5591 3537 5646 Ποῦ
3557 5591 3631 5644 Πα-

2127 5661 2260 5727 τήρ.
2294 5661 2429 5733 Περὶ
2481 5667 2548 5720 τὰ
2575 5672 2714 5726 αὐτὰ
2752 5679 2860 5748 γὰρ
2901 5679 2960 5746 ἐξ
3015 5683 3130 5739 ἴσου
3174 5688 3474 5757 οτρέφονται
3503 5683 3628 5753 ἄμφω
