3760 6602
142 363 224 430 613
901 347 987 410 IN
1024 347 1371 410 HYMNUM
1414 348 2072 410 PENTECOSTALEM
2097 348 2567 410 DAMASCENI.
2649 368 2651 370 ‘

3244 345 3358 415 6M

137 483 339 550 νοήματα
364 488 380 506 ·
401 473 447 525 εί
480 469 572 524 καὶ
602 470 776 523 lascivo
805 465 905 536 μὲν
941 466 1006 519 ὲκ
1035 466 1129 519 τοῦ
1179 467 1392 538 Πατρὸς
1427 467 1641 538 ἀρξάμε

1824 483 1860 520 ;ι·
1921 467 2096 521 ambae
2148 468 2451 528 sententim.
2485 467 2610 520 licet
2673 465 2786 520 hicc
2826 480 2856 520 a
2897 463 3057 520 Patre
3085 464 3356 537 incipiens

135 588 204 625 νον
221 569 285 628 ὥς
322 565 474 634 μόνου
502 559 961 630 μονογεννήτορος
993 558 1073 619 εἰς
1101 555 1196 610 τὸν
1244 556 1512 626 μονογενῆ
1559 572 1652 608 κα-

135 660 311 731 τέληξεν
360 654 500 708 Υίόν.
560 651 732 704 Τοῦτο
789 652 846 706 δὲ
903 649 1176 705 ἀνάπαλιν
1199 665 1215 682 ο
1277 646 1537 718 διάφορον
1595 647 1652 700 δὲ

135 753 314 826 ἀμφοῖν,
340 748 416 801 ὅτι
440 747 557 798 ἐκεῖ
588 745 692 814 μὲν
721 745 1018 814 ἐξήρκεσεν
1047 743 1306 812 ἀσφαλῶς
1345 739 1654 812 τριπλωθὲν

133 852 178 902 τὸ
215 844 389 915 μόνος,
443 836 681 889 ἐνταῦθα
713 835 770 888 δὲ
825 834 975 899 ἅπαξ
1015 835 1147 887 αὐτὸ
1200 834 1402 905 ἐρρέθη
1454 833 1526 896 ὼς
1559 830 1653 884 τοῦ

133 933 217 998 οἶος
239 935 296 1000 τῇ
329 924 581 981 διπλὼσει
617 926 708 978 τὸν
749 924 960 978 ἐκείνου
1013 925 1179 976 τόπον
1221 923 1654 995 ἀναπληρώσαν·

132 1040 230 1089 τος*
253 1024 324 1075 ὃτι
353 1019 406 1072 δὲ
439 1016 694 1086 ψιλοῦται
727 1016 908 1078 καλῶς
954 1016 1016 1069 τὸ
1044 1012 1152 1080 οἷος
1187 1019 1217 1070 ὁ
1256 1019 1434 1085 μόνος,
1470 1033 1654 1085 παρα-

131 1119 318 1175 διδόλσιν
351 1113 397 1166 οί
428 1111 656 1164 παλαιοὶ
700 1110 949 1176 λέγοντες
978 1109 1055 1172 ὡς
1083 1111 1149 1162 ὲκ
1194 1109 1290 1162 τοῦ
1321 1110 1398 1173 ίος
1429 1110 1649 1179 ἀρσενισ

131 1217 202 1267 xiv
222 1210 308 1279 μὲν
327 1210 480 1274 γένος
513 1207 578 1258 οὐ
609 1204 993 1275 παρελάϐομεν
1019 1220 1032 1236 ·
1060 1203 1294 1274 θηλυκὸν
1321 1205 1380 1257 δὲ
1415 1203 1648 1274 εὓρηται

130 1308 169 1360 [α
199 1306 226 1373 ἠ
253 1305 337 1371 μία
365 1315 380 1332 ⁸
419 1296 674 1367 φαίνεται
725 1297 782 1350 δὲ
813 1297 907 1350 καὶ
955 1297 1242 1366 οὐδέτερον
1299 1296 1466 1351 αὑτοῦ
1506 1295 1650 1351 εἶναι

127 1400 187 1450 [ον
211 1396 261 1447 τὸ
293 1394 364 1454 ἓν,
392 1393 535 1444 κατά
563 1391 657 1443 τὸν
707 1391 932 1442 εἰπόντα
968 1393 1150 1442 θανεῖν
1181 1406 1333 1452 τινας
1376 1389 1441 1458 ἰῷ
1475 1390 1650 1460 ἤματι

127 1491 233 1562 ἢὼς
261 1484 365 1540 ἑνί·
409 1483 436 1536 ὃ
485 1481 909 1553 περισπώμενον
959 1482 1382 1550 καταφευξεῖται
1427 1484 1506 1545 εἰς
1547 1484 1648 1551 τὴν

126 1580 369 1647 ἀναλογίαν
398 1578 491 1630 τοῦ
537 1575 804 1645 θηλυκοῦ.
839 1575 1048 1645 Ὥσπερ
1080 1577 1190 1646 γὰρ
1237 1575 1292 1627 ῑα
1348 1575 1449 1643 μὲν
1485 1574 1653 1644 βαρυ-

124 1679 272 1737 τςνως,
301 1673 331 1742 ἡ
360 1670 416 1724 δὲ
437 1670 636 1738 γενικὴ
672 1671 758 1732 ta;
790 1670 1230 1740 περισπωμένως
1261 1669 1337 1732 ὡς
1370 1669 1468 1738 μία
1497 1669 1648 1739 μιᾶς,

123 1769 232 1822 οὕτω
275 1764 361 1818 καὶ
399 1764 480 1816 τον
515 1763 620 1830 μὲν
655 1763 717 1816 τὸ
765 1762 827 1816 ἓν
876 1761 1022 1816 κατὰ
1052 1761 1438 1834 βαρυτόνησιν,
1485 1762 1566 1817 ίοῦ
1594 1763 1650 1817 δὲ

126 1863 193 1916 nl
217 1858 273 1929 ίῷ
303 1855 435 1928 μετά
461 1856 926 1926 περισπωμένης,
960 1856 1019 1908 al
1059 1854 1302 1924 πλάγιοι.

175 2035 258 2104 ψ’.
299 2033 561 2089 Ἀναίτιον
583 2032 648 2086 δὲ
676 2032 896 2103 Πατέρα
919 2030 1012 2086 τὸν
1043 2033 1345 2104 ἀγέννητον
1379 2033 1547 2104 λέγει,
1575 2037 1653 2100 ὡς

127 2132 180 2202 μὴ
207 2127 470 2196 γενόμενον
517 2127 623 2178 καὶ
652 2125 816 2178 αὑτὸν
865 2125 1110 2180 αίτιατδν
1161 2127 1218 2178 ὲν
1250 2126 1328 2196 τῷ
1364 2130 1515 2197 σχεῖν
1546 2147 1654 2182 πα-

125 2223 222 2292 τέρα
244 2219 403 2274 αἱτιον
453 2218 556 2286 τῆς
597 2215 768 2269 αὐτοῦ
804 2215 1072 2284 γενέσεως
1120 2215 1263 2270 κατά
1304 2217 1429 2282 τοὺς
1468 2221 1526 2272 ὲν
1574 2219 1654 2287 τῷ

125 2316 291 2380 κόσμῳ.
321 2312 408 2364 Διὸ
447 2309 619 2373 αὐτὸς
652 2308 751 2378 μὲν
779 2309 952 2372 αῐτιός
995 2310 1148 2363 ἐστιν
1181 2310 1257 2372 ὡς
1294 2310 1486 2381 Πατὴρ
1520 2311 1651 2365 Υίοῦ

125 2402 315 2460 αἰτιατοῦ
357 2406 494 2457 κατά
545 2405 714 2472 μόνον
747 2403 808 2457 τὸ
843 2403 1200 2474 γεννηθῆναι.
1232 2403 1426 2466 ’Δλλος
1473 2403 1531 2456 δέ
1565 2421 1654 2467 τις

124 2499 196 2548 οὐκ
215 2495 342 2548 ἔστιν
367 2493 528 2548 αὐτοῦ
569 2495 640 2566 δὴ
663 2493 756 2548 τοῦ
787 2494 1002 2566 [ἰατρὸς
1026 2494 1232 2558 αἴτιος·
1265 2494 1464 2548 οὐκοῦν
1493 2494 1649 2549 ἀναί-

124 2604 208 2651 τιος
235 2591 259 2640 ὁ
307 2586 489 2656 Πατὴρ
522 2587 752 2655 λέγεται
807 2589 961 2657 παρᾲ
1009 2587 1070 2640 τὸ
1113 2587 1190 2657 μὴ
1229 2585 1379 2658 ἔχειν
1427 2587 1651 2658 Πατέρα

126 2680 258 2732 αίτιον
298 2677 386 2730 τοῦ
424 2673 571 2731 εἶναι
610 2676 822 2732 τοῦτον.
853 2677 976 2732 Ὅτι
1014 2675 1072 2730 δὲ
1122 2679 1186 2730 τὸ
1220 2677 1320 2747 μὲν
1369 2677 1546 2731 αἴτιον
1573 2677 1652 2748 τῷ

127 2772 259 2842 Πατρὶ
304 2771 736 2841 προσαρμόττει,
775 2773 838 2825 τὸ
877 2771 935 2824 δὲ
975 2769 1221 2826 αίτιατὸν
1259 2769 1338 2840 τῷ
1381 2769 1520 2840 Υίῷ,
1553 2787 1654 2823 πα-

129 2868 358 2937 ραδέδοται
388 2866 481 2919 καὶ
527 2863 863 2933 θεολογικῶς
888 2880 902 2895 ο
935 2864 1244 2933 σημείωσαι
1277 2862 1334 2916 δι
1383 2861 1466 2917 ὅτι
1499 2860 1651 2932 ὀμώ-

125 2975 254 3026 voco;
294 2957 430 3024 λέξις
460 2959 490 3010 ὁ
520 2957 795 3022 ἀναίτιος,
823 2958 852 3008 ό
881 2957 955 3025 μὴ
985 2954 1127 3024 ἔχων
1169 2953 1373 3020 αἰτίαν,
1401 2952 1433 3023 ἢ
1464 2952 1542 3016 ὡς
1569 2952 1647 3024 μὴ

126 3050 423 3118 ὑποκείμενος
458 3047 781 3116 αἰτιάματι,
819 3048 850 3102 ὅ
897 3049 1013 3100 ἐστι
1046 3047 1236 3118 μομφῇ
1275 3063 1406 3111 τινι,
1441 3045 1503 3110 ὃς
1553 3046 1650 3100 καὶ

124 3141 198 3193 οὐκ
233 3141 385 3204 αίτιος
425 3139 675 3207 λέγεται,
708 3140 787 3202 ὡς
810 3138 893 3203 τὸ,
929 3137 1069 3192 Οῦτι
1095 3155 1199 3206 μοι
1247 3137 1406 3205 αίτίη
1457 3136 1604 3191 ἐσσί
1631 3151 1648 3167 ο

125 3231 228 3301 ῆὼς
249 3232 335 3301 οὐχ
377 3230 652 3302 ὑπάρχεις
689 3246 780 3300 μοι
833 3228 1113 3299 μεμπτὲα,
1161 3227 1284 3281 οὐδὲ
1323 3229 1432 3299 ἔχω
1464 3228 1647 3283 αἰτιά-

126 3323 278 3376 σασθαί
321 3338 376 3374 σε
403 3338 416 3353 ⁸
473 3322 582 3376 καὶ
633 3320 792 3374 τοῦτο
849 3318 948 3390 μὲν
996 3319 1056 3373 ἓν
1092 3318 1498 3391 σημαινόμενον
1551 3318 1648 3374 τοῦ

128 3417 350 3478 ἀναίτιος·
410 3414 596 3477 ἄλλως
643 3413 699 3467 δὲ
749 3411 1058 3482 φιλοσόφως
1114 3411 1362 3473 ἀναίτιος
1411 3411 1648 3466 ινταῧθα

129 3505 290 3576 Πατὴρ,
329 3509 356 3561 ό
387 3508 462 3579 μὴ
516 3507 667 3577 ἔχων
717 3505 891 3559 αἴτιον
923 3505 1232 3576 γεννήσεως
1280 3506 1380 3572 τῆς
1426 3503 1645 3568 ἑαυτοῦ,

129 3596 213 3649 ἀλλ’
235 3597 377 3661 αὐτὸς
397 3598 607 3668 δηλαδὴ
632 3597 806 3660 αἴτιος
826 3597 1134 3667 γεννήσεως
1159 3594 1254 3649 τοῦ
1284 3593 1435 3662 Υἱοῦ,
1469 3597 1649 3650 αίτια-

127 3686 197 3740 τοῦ
217 3689 393 3761 δηλαδὴ
445 3689 622 3744 αὐτοῦ
677 3689 862 3752 ὖντοςο
905 3689 967 3742 τὸ
1021 3689 1130 3762 γὰρ
1177 3689 1352 3743 αἴτιον
1383 3689 1471 3742 ἀεὶ
1509 3689 1648 3759 πρὸς

131 3780 320 3834 αίτιατδν
344 3781 587 3850 λέγεται,
625 3781 700 3846 ὡς
727 3783 824 3836 καὶ
851 3780 1097 3835 αἰτιατὸν
1145 3781 1280 3851 πρὸς
1307 3779 1480 3835 αίτιον
1509 3797 1524 3812 ο
1553 3782 1646 3834 καὶ

127 3873 357 3939 ἀιίαίτιος
393 3874 490 3944 μὶν
522 3875 558 3926 ὁ
586 3874 776 3946 Πατὴρ
803 3875 940 3946 πρὸς
987 3874 1142 3940 Υίδν,
1173 3873 1415 3937 αίτιατὸς
1460 3875 1517 3928 δὲ
1549 3875 1646 3928 αὐ-

127 3964 192 4030 τὸς
214 3967 329 4035 πρὸς
366 3969 589 4038 Πατέρα
614 3983 629 3999 ο
663 3970 759 4023 καὶ
807 3967 951 4022 οὕτω
999 3969 1101 4038 μὲν
1137 3969 1446 4039 σεμνότατα
1473 3970 1502 4023 ό
1537 3970 1646 4022 [ια-

126 4056 202 4126 τὴρ
224 4058 335 4122 Θεὸς
357 4060 601 4124 ἀναίτιος
625 4058 844 4129 λέγεται
869 4077 883 4091 ·
912 4061 1093 4124 ἄλλως
1124 4061 1182 4113 δὲ
1215 4061 1356 4115 κατὰ
1383 4061 1484 4132 τὴν
1524 4079 1646 4116 κοι-

130 4144 201 4215 νὴν
245 4151 503 4219 σημασίαν
560 4151 734 4204 εἰπεῖν
799 4150 963 4204 αὐτὸν
1027 4151 1270 4206 ἀναίτιον
1333 4151 1642 4216 ίδιωτικῶς,

127 4237 279 4309 ἀληθὲς
302 4241 395 4309 μέν
425 4243 602 4308 ἐστιν,
641 4243 703 4296 οὐ
736 4243 876 4297 πάνυ
918 4244 976 4296 δὲ
1011 4243 1231 4313 σεμνόν.
1264 4245 1330 4297 Τί
1368 4245 1477 4314 γὰρ
1511 4243 1647 4315 ὑψη-

127 4330 194 4382 λὸν
215 4333 430 4388 ἀναίτιον
466 4335 641 4407 ἠγουν
669 4336 874 4406 ἀψογον
898 4337 994 4390 καὶ
1017 4337 1314 4404 ἄμεμπτον
1348 4336 1527 4389 είπεϊν
1553 4338 1645 4391 τὸν

129 4421 245 4489 θιὸν,
270 4427 355 4480 καὶ
371 4428 464 4482 ἐπὶ
488 4427 620 4498 ποίᾳ
661 4429 933 4495 alcidem;
970 4428 1110 4498 ὅπερ
1138 4427 1263 4482 οὐδὲ
1305 4427 1516 4493 ἔνδοξος
1550 4428 1646 4483 ἄν·

1767 568 2054 629 ιειιιιιιιαηι
2089 560 2206 614 solo
2249 559 2593 625 unigenitore
2638 560 2702 612 ait
2755 557 2949 612 Filium
3011 559 3349 626 unigenitum

1765 651 2000 714 desinat,
2026 651 2115 705 illa
2150 667 2274 706 vero
2298 668 2326 703 ε’
2359 652 2657 706 ccutrnrio.
2684 651 2966 703 Ambobus
3011 659 3193 703 autem
3232 649 3351 704 dis-

1768 745 2067 812 crepantia,
2116 745 2260 809 quod
2314 744 2400 798 hic
2435 743 2653 798 suffecit
2702 741 2966 810 lripliCnIn
2995 754 3128 796 vox‘
3155 746 3352 810 μόνος,

1770 835 1884 890 illic
1945 851 2074 890 vero
2129 837 2296 890 semel
2360 836 2505 889 dicta
2547 834 2670 896 fuit,
2737 845 2996 902 tanquam
3053 851 3182 893 voce
3237 829 3350 896 elo;

1770 927 2046 998 duplicata
2077 929 2254 982 locum
2286 929 2446 995 hujus
2491 929 2768 996 implente.
2797 927 2950 993 Quod
3012 936 3193 980 autem
3258 942 3343 980 rc-

1766 1029 1852 1075 cte
1884 1021 2076 1089 spiritu
2109 1022 2252 1073 tenui
2291 1031 2512 1074 notetur
2533 1017 2642 1080 oio;
2673 1018 2868 1088 (solus)
2929 1019 3156 1072 tradunt
3213 1018 3353 1072 anti-

1770 1112 1887 1182 qui,
1915 1113 2156 1167 dicentes
2192 1128 2289 1166 nos
2322 1128 2384 1166 ex
2423 1113 2515 1176 τος
2570 1127 2744 1182 genus
2801 1111 3024 1178 quidem
3091 1111 3352 1165 masculi-

1767 1220 1899 1258 num
1951 1219 2058 1256 non
2109 1205 2405 1274 accepisse,
2455 1204 2546 1258 sed
2603 1203 2926 1257 femininum
2987 1202 3220 1257 inveniri
3284 1201 3350 1257 Ia

1767 1295 1951 1365 (sola).
1991 1294 2215 1350 Videtur
2265 1308 2441 1352 autem
2483 1298 2645 1350 etiam
2710 1296 2886 1365 ipsius
2921 1304 3171 1350 neutrum
3229 1310 3351 1350 esse

1769 1386 1866 1441 τον
1899 1388 2136 1458 (unum),
2208 1391 2506 1444 secundum
2573 1393 2843 1444 dicentem
2904 1388 3172 1460 quosdam
3225 1401 3348 1443 esse

1769 1489 2014 1535 mortuos
2066 1481 2127 1549 ἰῷ
2158 1481 2264 1535 telo
2310 1496 2403 1535 seu
2442 1493 2699 1550 tanquam
2734 1496 2876 1544 uno;
2905 1480 3048 1548 quod
3104 1478 3345 1533 circum—

1763 1569 1963 1625 ﬂexum
2027 1571 2273 1640 aufugiat
2331 1573 2397 1626 ad
2464 1574 2768 1644 analogiam
2823 1572 3070 1626 feminini
3127 1589 3142 1626 :
3203 1572 3345 1626 sicut

1766 1665 1913 1719 enim
1966 1667 2021 1718 τα
2053 1664 2272 1735 quidem
2331 1666 2480 1735 gravi
2533 1677 2664 1720 tono
2697 1676 2800 1730 est,
2837 1667 3112 1736 genitivus
3160 1675 3341 1719 autem

1764 1755 2142 1819 circumflexo,
2181 1768 2437 1827 tanquam
2482 1759 2580 1828 μία
2605 1759 2733 1826 μιᾶς
2760 1774 2775 1825 ;
2813 1761 2889 1813 sic
2913 1758 3076 1813 etiam
3109 1757 3190 1810 ίόν
3221 1757 3345 1826 qui-

1759 1847 1882 1902 dem
1940 1848 2208 1918 (unum).'
2236 1851 2341 1903 erit
2379 1865 2503 1905 cum
2537 1852 2686 1919 gravi
2749 1861 2899 1913 tono,
2937 1864 3102 1906 casus
3159 1857 3340 1904 autem

1759 1941 1966 2010 obliqui
1998 1941 2076 1994 ἰοῦ
2113 1952 2170 1997 et
2205 1941 2269 2012 ίῷ
2295 1957 2420 1997 cum
2451 1942 2822 1997 circumﬂexo.

1827 2033 1916 2087 99.
1949 2033 2216 2087 Ἀναίτιον
2263 2048 2389 2086 vero
2446 2033 2658 2087 Patrem
2711 2033 3014 2102 ingenitum
3048 2034 3200 2096 dicit.
3231 2050 3339 2088 non

1756 2138 1978 2178 causam
2011 2124 2188 2194 ipsum
2219 2134 2603 2195 agnoscentem
2642 2124 2695 2178 in
2735 2124 2984 2179 habendo
3043 2134 3196 2194 patre
3227 2140 3342 2181 sum

1758 2216 2129 2286 generationis
2156 2230 2346 2282 causa,
2381 2217 2682 2271 secundum
2712 2229 2810 2270 eos
2837 2217 2929 2285 qui
2963 2227 3088 2270 sunt
3112 2216 3165 2269 in
3186 2231 3343 2269 mun-

1757 2307 1846 2360 do.
1886 2305 2014 2362 Ideo
2040 2307 2155 2376 ipse
2186 2307 2404 2376 quidem
2445 2305 2713 2364 estcausa
2757 2307 2997 2362 utPater
3028 2306 3152 2362 Filii
3207 2323 3342 2362 cau-

1757 2413 1873 2454 sam
1904 2398 2154 2454 habentis
2189 2399 2242 2453 in
2287 2399 2406 2454 solo
2460 2397 2830 2468 generationis
2886 2408 3133 2468 puncto;
3198 2399 3342 2452 alius

1757 2501 1938 2545 autem
1974 2491 2096 2558 quis
2138 2507 2245 2546 non
2304 2501 2390 2546 est
2417 2490 2599 2546 Patris
2628 2491 2978 2560 principium.
3021 2491 3203 2561 Itaque
3232 2490 3338 2546 Pa~

1755 2593 1838 2640 ter
1875 2584 2000 2639 ideo
2030 2585 2231 2639 dicitur
2251 2585 2514 2649 ἀναίτιος,
2549 2595 2820 2655 quatenus
2873 2585 2990 2654 ipse
3017 2599 3122 2640 non
3175 2585 3339 2640 habet

1753 2685 1963 2746 patrem
1989 2689 2101 2730 sua:
2127 2675 2428 2731 existentiae
2457 2689 2702 2731 causam.
2727 2673 2885 2742 Quod
2947 2685 3124 2729 autem
3155 2690 3321 2730 causa

1757 2762 1901 2821 Patri
1926 2764 2237 2827 conveniat,
2295 2773 2583 2818 causatum
2641 2779 2768 2819 vero
2820 2762 2980 2826 Filio,
3033 2763 3335 2834 theologica

1755 2855 2011 2909 traditum
2034 2865 2141 2910 est.
2171 2853 2479 2910 Notandum
2511 2865 2595 2911 est
2625 2865 2807 2910 autem
2833 2854 3131 2910 dictionem
3163 2855 3339 2910 dral-

1755 2961 1881 3010 ttoc
1909 2945 2024 3015 (qui
2083 2962 2192 3000 non
2228 2945 2390 2999 habet
2439 2944 2709 3014 causam),
2743 2959 2866 3000 esse
2926 2943 3335 3014 homonymam,

1755 3035 1872 3088 sive
1897 3037 2039 3104 quod
2075 3036 2178 3092 iste
2218 3051 2323 3090 non
2353 3034 2640 3103 subiaceat
2662 3051 2865 3101 causae,
2896 3035 2950 3090 id
2975 3045 3079 3103 est,
3109 3036 3329 3091 cuidam

1755 3127 2148 3194 criminationi,
2177 3136 2231 3181 ct
2253 3128 2454 3183 dicitur
2480 3129 2581 3182 οὐκ
2630 3127 2823 3191 αἴτιος,
2878 3139 2937 3183 ιιι
2971 3129 3114 3184 istud
3151 3144 3166 3182 :
3201 3129 3336 3183 nihil

1754 3219 1882 3272 mihi
1912 3235 2074 3272 causa
2097 3228 2173 3273 est
2194 3260 2209 3284 ,
2269 3220 2386 3275 sive
2413 3219 2559 3288 quod
2586 3219 2835 3275 dicatur:
2867 3219 2948 3274 Tu
2975 3220 3106 3274 mihi
3138 3221 3330 3276 crimi-

1751 3313 1930 3364 nanda
1952 3326 2059 3364 non
2115 3325 2199 3374 es,
2257 3325 2357 3365 nec
2405 3324 2505 3379 ego
2573 3318 2624 3364 te
2684 3323 2944 3365 accusare
2991 3310 3224 3365 habeo:
3279 3321 3334 3366 et

1754 3402 1858 3456 hoc
1904 3403 2124 3472 quidem
2158 3410 2242 3457 est
2275 3417 2449 3457 unum
2481 3402 2632 3458 vocis
2661 3403 2901 3465 ἀναίτιος
2937 3402 3328 3471 signiﬁcatum;

1750 3495 1908 3551 aliter
1935 3505 2114 3550 autem
2139 3495 2226 3550 hic
2249 3495 2624 3565 philosophice
2649 3495 2854 3551 dicitur
2873 3495 3120 3557 ἀναίτιος
3146 3495 3331 3564 Pater,

1751 3587 1843 3656 qui
1869 3599 1974 3640 non
2009 3586 2170 3640 habet
2198 3599 2310 3641 suae
2360 3585 2732 3655 generationis
2781 3600 3029 3651 causam,
3061 3585 3155 3642 sed
3211 3587 3330 3656 ipse

1755 3693 1889 3734 sane
1921 3692 2085 3734 causa
2145 3687 2228 3733 est
2284 3678 2654 3747 generationis
2695 3676 3090 3737 Filii.causam
3146 3678 3326 3747 rcipsa

1749 3763 2040 3823 habentis.’
2070 3768 2272 3822 Αῑτιον
2307 3773 2454 3823 enim
2483 3782 2699 3838 semper
2735 3768 2802 3824 ad
2843 3769 3112 3825 αίτιατὸν
3141 3770 3321 3826 refer-

1751 3866 1862 3926 tur,
1896 3859 2041 3914 velut
2079 3858 2312 3914 allectus
2367 3859 2433 3913 ad
2479 3873 2701 3914 causam
2727 3874 2745 3926 ;
2803 3869 2856 3914 et
2911 3875 3126 3930 semper
3157 3875 3326 3918 causa

1747 3949 1911 4007 Pater
1935 3962 2020 4007 est
2047 3952 2228 4020 quoad
2262 3950 2480 4018 Filium,
2513 3958 2773 4006 causatus
2796 3959 2977 4006 autem
3007 3952 3095 4010 hic
3123 3957 3318 4022 quoad

1748 4044 1990 4102 Patrem.
2020 4043 2087 4100 Et
2123 4047 2196 4099 ita
2227 4043 2448 4113 quidem
2478 4043 2777 4100 honorifice
2811 4043 2954 4102 Deus
2987 4043 3144 4102 Pater
3168 4048 3326 4102 ἀναί-

1746 4156 1860 4201 τιος
1890 4138 2112 4192 ilicitur.
2141 4136 2295 4192 Alias
2328 4146 2533 4202 autem,
2559 4137 2716 4206 juxta
2745 4151 3094 4194 communem
3153 4139 3325 4210 signi-

1748 4229 2079 4292 ficationem,
2109 4229 2287 4299 ipsum
2319 4229 2570 4300 privatim
2599 4230 2874 4285 ἀναίτιον
2893 4231 3096 4298 dicere,
3127 4248 3318 4290 verum

1747 4315 1972 4391 quidem
2000 4331 2103 4386 est,
2145 4337 2252 4376 non
2273 4332 2455 4376 autem
2489 4323 2718 4378 multum
2777 4323 3122 4381 honorabile.
3176 4326 3318 4394 Quid

1746 4412 1891 4469 enim
1923 4412 2153 4468 sublime
2179 4414 2444 4478 ἀναίτιον,
2474 4415 2588 4470 sive
2611 4415 2906 4480 insontem,
2937 4417 3052 4472 sive
3086 4418 3316 4488 irrepre-

129 4511 300 4583 θρωτως
317 4519 554 4584 ἀκούσας
576 4520 718 4591 ὑπὲρ
740 4519 961 4588 ἑαυτοῦ,
988 4519 1314 4585 ἀποδέξαιτο
1331 4521 1400 4575 ἂν
1417 4524 1476 4586 ὲς
1500 4521 1641 4575 λίαν.

1824 4521 2002 4570 nsum,
2036 4508 2217 4561 dicere
2255 4505 2447 4574 Deum,
2480 4515 2534 4562 et
2557 4521 2728 4577 super
2760 4522 2926 4578 quam
2974 4509 3321 4565 criminatio-

179 4781 234 4853 ρ’.
269 4785 453 4842 Ἰστέον
481 4787 542 4842 δὲ
575 4787 658 4842 ὅτι
703 4803 764 4841 τε
792 4787 852 4841 οὺ
894 4787 1092 4842 ταυτὸν
1143 4788 1387 4854 αίτιατὸς
1424 4790 1518 4842 καὶ
1563 4791 1649 4846 αί-

127 4875 314 4941 τιατέος,
343 4877 475 4932 ἀλλά
505 4880 536 4932 ὁ
568 4878 668 4948 μὲν
716 4878 960 4943 αίτιατὸς
987 4878 1171 4950 ἀγαθὴ
1219 4878 1387 4946 λέξις,
1413 4879 1441 4932 ό
1464 4879 1521 4934 δὲ
1556 4881 1646 4934 alo

127 4970 295 5033 τιατέος
354 4972 616 5041 ἐπίψογος
645 4987 660 5004 ο
701 4973 796 5026 καὶ
847 4972 932 5026 ὅτι
968 4973 1018 5025 εί
1055 4973 1303 5035 ἀναίτιος
1350 4973 1587 5027 ἐνταῦθα
1615 4974 1644 5026 ό

129 5059 292 5131 Πατὴρ,
320 5066 456 5120 καθά
478 5066 717 5135 εἴρηται,
751 5064 888 5118 ἀλλά
913 5065 1112 5136 τρόπον
1145 5063 1305 5119 ἀλλον
1327 5065 1500 5129 αἴτιός
1529 5067 1645 5119 ἐστι

129 5152 302 5208 πάντων
349 5157 455 5210 τῶν
485 5158 682 5223 ὅντων,
721 5157 818 5211 καὶ
866 5157 1029 5210 αὑτὸν
1083 5155 1388 5226 αίτιώμεθα
1441 5160 1645 5222 παντὸς

128 5245 278 5310 καλοῦ,
307 5249 420 5317 ἦτοι
460 5251 635 5305 αῐτιον
669 5251 930 5321 κρίνομεν
979 5250 1201 5304 πάντων
1239 5249 1347 5302 τῶν
1392 5249 1639 5318 ἀγαθῶν.

127 5335 288 5406 Militi;
317 5341 370 5396 δὲ
405 5343 618 5407 παίζων
641 5343 853 5412 λεγέτω
881 5343 978 5396 καὶ
1013 5344 1072 5394 τὸ
1114 5341 1190 5412 μὴ
1221 5341 1284 5394 ὃν
1309 5343 1406 5396 καὶ
1443 5343 1504 5395 τὸ
1545 5360 1644 5413 μη-

126 5425 190 5479 δὲν
210 5430 404 5489 ἀναίτια
455 5431 618 5500 εἶναι,
645 5434 717 5497 ὡς
753 5435 830 5506 μὴ
877 5434 1028 5499 ὄντος
1061 5434 1204 5497 τινὸς
1233 5435 1408 5488 αἰτίου
1435 5435 1639 5492 αὐτῶν.

128 5516 182 5570 Τὸ
219 5523 426 5597 μὲνγὰρ
478 5527 652 5582 αττιον
700 5527 852 5590 ὄντος
899 5528 1043 5592 τινὸς
1090 5528 1286 5593 αίτιον,
1337 5529 1449 5581 sits
1483 5527 1641 5580 οὐσία

127 5607 264 5664 ἐκεῖνο
296 5616 349 5667 τὸ
375 5616 434 5670 ὃν
469 5618 579 5672 εἶτα
611 5617 960 5688 συμσεὸηκός
986 5633 1000 5649 ο
1031 5616 1095 5671 τὸ
1133 5617 1191 5671 δὲ
1231 5619 1308 5687 μὴ
1344 5616 1426 5681 ὃν,
1461 5617 1641 5672 καὶτὸ

130 5700 277 5769 μηδὲν,
305 5708 454 5780 οὐσίᾳ
483 5710 560 5781 μὴ
608 5710 760 5774 ὄντα,
791 5709 980 5780 ὥσπερ
1029 5709 1091 5762 οὐ
1130 5710 1192 5762 τὸ
1219 5708 1418 5776 αἴτιον,
1467 5708 1639 5772 οὕτως

129 5791 220 5845 οὐδὲ
241 5797 292 5849 τὸ
325 5799 550 5857 ἀναίτιον
581 5801 764 5871 εξουσι
799 5801 1277 5873 κατηγορούμενον
1308 5800 1518 5856 ἑαυτῶν
1538 5817 1553 5834 ο
1588 5802 1636 5855 εἰ

1752 4614 1875 4654 nem
1900 4599 1924 4654 τ
1945 4597 2101 4666 Quod
2132 4613 2235 4655 nec
2263 4599 2492 4655 illustris
2516 4586 2680 4656 homo
2707 4601 2774 4656 de
2795 4615 2854 4656 se
2880 4600 3061 4656 taliter
3089 4602 3319 4659 audiens

1752 4693 1808 4745 in
1841 4706 2094 4762 magnum
2125 4701 2418 4763 acciperet.

1821 4782 1944 4838 100.
1975 4783 2114 4838 Nota
2145 4793 2324 4839 autem
2359 4785 2501 4839 idem
2554 4799 2662 4840 non
2716 4800 2840 4841 esse
2871 4786 3118 4853 αίτιατδς
3143 4797 3201 4844 et
3231 4791 3318 4843 al-

1748 4875 1986 4940 τιατέος,
2027 4875 2127 4931 sed
2165 4876 2436 4943 αἱτιατὸς
2466 4889 2661 4932 nonam
2693 4893 2818 4950 esse
2849 4879 3202 4950 locutionem,
3229 4883 3322 4936 al-

1747 4969 1982 5034 τιατέος
2031 4971 2465 5038 vituperabilem.
2500 4947 2751 5042 Insuper.
2787 4974 2833 5027 si
2889 4973 3054 5029 Pater
3102 4947 3194 5032 hic
3233 4987 3316 5032 est

1747 5059 2076 5127 ἀναίτιος,υι
2110 5061 2211 5114 fuit
2243 5062 2470 5128 dictum,
2500 5073 2556 5117 at
2589 5063 2698 5118 alio
2722 5066 2880 5119 modo
2910 5065 3177 5121 honorum
3201 5085 3318 5120 um-

1748 5153 1900 5208 nium
1936 5159 2020 5208 est
2073 5153 2247 5216 αῐτιος
2279 5167 2379 5207 seu
2413 5168 2603 5220 causa,
2669 5155 2958 5226 ipsumque
3028 5158 3317 5228 cujuslibet

1750 5245 1878 5300 boni
1914 5242 2152 5302 facimus
2186 5253 2494 5311 auctorem,
2529 5247 2644 5302 sive
2689 5261 2914 5302 causam
2947 5251 3192 5304 omnium
3217 5252 3314 5305 bo-

1745 5352 1941 5392 norum
1970 5335 2302 5407 judicamus.
2337 5334 2508 5392 Nemo
2531 5353 2659 5394 vero
2687 5338 2880 5395 ludens
2910 5339 3058 5396 dicat
3090 5343 3142 5397 id
3173 5348 3314 5411 quod

1746 5446 1854 5488 non
1892 5439 1975 5486 est
2007 5441 2062 5486 et
2097 5430 2152 5486 id
2181 5432 2329 5503 quod
2389 5442 2475 5487 est
2537 5432 2696 5498 nihil,
2743 5434 2961 5488 ἀναίτια
3003 5450 3143 5497 esse,
3178 5452 3316 5503 qua-

1747 5532 1901 5578 tenus
1926 5523 2172 5594 ipsornm
2197 5539 2302 5580 non
2327 5533 2410 5580 est
2426 5525 2627 5595 aliquis
2647 5535 2870 5590 auctor;
2897 5525 3045 5594 quod
3069 5527 3214 5580 enim
3232 5537 3318 5582 est

1743 5617 1942 5680 αῐτιον,
1983 5631 2110 5673 cum
2139 5617 2212 5674 sit
2249 5617 2488 5688 alicujus
2519 5619 2665 5673 entis
2721 5632 2911 5684 causa,
2937 5617 2993 5672 id
3043 5617 3160 5672 sive
3187 5621 3317 5674 sub-

1743 5706 1944 5762 stantia
1969 5710 2086 5764 sive
2113 5709 2368 5766 accidens
2393 5722 2511 5778 est;
2545 5710 2691 5779 quod
2747 5717 2926 5763 autem
2963 5723 3071 5762 non
3127 5718 3210 5764 est
3262 5722 3318 5766 et

1742 5800 1886 5873 quod
1908 5808 1992 5856 est
2021 5800 2178 5857 nihil.
2211 5815 2336 5857 cum
2363 5801 2684 5860 substantia:
2719 5816 2829 5856 non
2867 5799 3006 5868 sint,
3032 5801 3176 5856 sicut
3205 5818 3313 5859 non
