3760 6606
393 311 508 380 615

1116 314 1546 378 EUSTATHII
1579 305 2341 379 THESSALONICENSIS
2390 315 2956 380 METROPULITIE

3553 324 3643 390 ιιι

393 428 573 482 αἴτιον
626 427 710 482 sic
743 439 920 496 neque
975 427 1222 482 ἀναίτιον
1251 428 1318 483 de
1350 428 1660 499 semetipsis
1711 427 1988 483 habebunt

2103 430 2144 482 ἰὲ
2174 430 2337 499 τυχὸν
2365 431 2556 484 οὐσίαν
2586 429 2682 484 τοῦ
2710 429 2866 493 ὄντος
2912 432 3010 486 καὶ.
3038 429 3136 484 τοῦ
3177 429 3408 502 μηδενὸς
3439 434 3548 502 ἐρεῖ
3572 439 3647 486 της

397 520 840 592 pronuntiatum.
873 519 930 574 Si
963 535 1095 575 vero
1123 522 1259 574 forte
1288 524 1412 591 quis
1441 522 1586 577 dicat
1613 520 1976 577 substantiam

401 617 554 671 illius
587 614 734 684 quod
759 630 870 668 non
907 623 990 668 est
1032 614 1116 666 vel
1146 622 1228 667 est
1253 615 1410 679 nihil,
1439 614 1617 683 ipsum
1644 614 1778 667 nihil
1823 628 1970 677 esse,

395 709 540 764 ludit
571 707 660 760 ille
689 706 1054 761 substantiam
1091 715 1144 758 rt
1189 718 1288 760 ens
1350 706 1651 770 allirmans,
1714 707 1766 759 id
1831 705 1977 775 quod

401 800 580 869 reipsa
613 814 718 851 non
753 808 839 851 est
861 807 913 850 ct
941 807 1024 850 est
1060 797 1189 850 nihil
1217 814 1234 864 ;
1272 807 1324 850 et
1349 797 1510 851 verba
1549 812 1642 864 per
1675 813 1799 867 quae
1850 804 1982 851 ceno

405 890 623 945 tradicit
674 889 728 943 in
781 890 1080 944 absurdum
1126 889 1408 942 abducens
1460 902 1792 942 sermonem.
1829 886 1985 939 Adde

407 980 558 1035 illum
592 979 757 1033 etiam
787 993 904 1032 esse
933 978 1104 1031 αἴτιον
1125 993 1216 1031 seu
1259 975 1609 1045 principium,
1646 990 1770 1029 cum
1809 975 1989 1030 medio

407 1070 632 1134 dicitur,
661 1075 750 1137 qui
774 1067 866 1120 dat
889 1068 1183 1136 impulsum
1208 1065 1438 1120 actionis
1464 1065 1542 1119 vel
1563 1065 1852 1134 passionis,
1874 1063 1990 1118 sive

407 1160 804 1230 irreprehensa:
835 1158 948 1212 sive
969 1158 1334 1227 reprehensas.
1382 1153 1664 1210 Invenitur
1700 1164 1877 1209 antem
1910 1153 1990 1208 lo-

405 1253 558 1307 cutio
616 1250 868 1320 privatim
908 1257 1134 1318 accepta
1208 1250 1271 1303 ad
1334 1248 1538 1317 aliquid
1595 1246 1899 1303 solitarium
1935 1255 1990 1302 et

409 1345 464 1398 in
527 1343 1030 1412 vituperationem;
1087 1340 1320 1410 qualiter
1366 1341 1538 1403 αῐτιος
1596 1341 1688 1408 qui
1744 1339 1992 1409 scripstit

407 1435 727 1491 Callimachi
776 1449 974 1490 causas
1028 1433 1145 1489 sive
1189 1433 1496 1502 culpandus
1558 1433 1640 1487 vel
1697 1433 1992 1502 reprehen-

407 1531 618 1584 dendus
668 1536 751 1584 est
801 1528 895 1598 qui
933 1529 1061 1583 talia
1122 1527 1385 1599 scripstil.
1441 1527 1645 1583 Nomen
1704 1525 1985 1598 proprium

410 1623 702 1684 Παναίτιος
729 1662 745 1687 ,
783 1622 1149 1677 venerabilem
1199 1621 1414 1676 videtur
1439 1630 1619 1674 tamen
1653 1620 1851 1674 habere
1875 1620 1992 1672 lau-

409 1718 556 1783 dem,
589 1714 918 1785 philosopho
965 1721 1380 1784 congruentem,
1407 1726 1631 1767 causam
1696 1711 1994 1780 cujuslibet

2090 516 2234 572 εἶναι
2269 519 2403 574 αὐτὸ
2429 521 2489 573 τὸ
2522 520 2712 590 μηδὲν,
2739 519 2930 583 παίζει
2952 521 3048 574 καὶ
3071 517 3252 583 οὗτος,
3281 520 3468 574 οὐσίαν
3491 522 3644 589 λέγων

2091 611 2188 663 καὶ
2209 609 2290 674 ὂν,
2331 609 2392 662 τὸ
2425 610 2751 680 αὐτόχρημα
2783 608 2859 681 μὴ
2887 609 2947 664 ὃν
2983 611 3082 664 καὶ
3132 611 3340 682 μηδέν’
3369 613 3464 664 καὶ
3498 612 3649 678 οὕτως

2090 703 2170 764 εἰς
2201 701 2401 754 ἄτοπον
2463 702 2697 768 ἀπάγων
2731 700 2822 754 τὸν
2866 701 3026 770 λόγον
3057 695 3138 764 οἷς
3197 702 3519 770 ἀντιφὰσκει
3539 720 3552 734 ο
3579 706 3646 760 ἔτι

2095 793 2271 845 ἰστέον
2301 795 2395 846 καὶ
2428 792 2510 845 ὄτι
2547 793 2716 855 αἴτιός
2749 793 2871 847 ἔστι
2895 794 3016 862 μὲν,
3043 793 3131 847 ὅτε
3159 793 3376 862 λέγεται
3400 796 3593 864 μέσως,
3625 803 3648 852 ὁ

2093 884 2351 954 ἀφορμὴν
2381 881 2504 946 δοὺς
2533 881 2790 952 πράξεως
2825 883 2858 953 ἢ
2892 883 3095 947 πάθους
3130 884 3280 945 τινὸς
3310 882 3344 952 ἢ
3396 884 3590 952 ἁψόγου
3618 889 3643 956 ἦ

2095 973 2364 1044 ἐπιψόγου
2390 990 2403 1004 ·
2444 971 2677 1044 εὕρηται
2704 973 2761 1026 δὲ
2794 973 2826 1044 ἡ
2866 972 3008 1037 λέξις
3050 973 3195 1035 ἰδίως
3228 968 3497 1041 ληφθεῖσα
3527 980 3645 1030 κατὰ

2095 1084 2148 1119 τι
2184 1068 2418 1137 μονῆρες
2443 1068 2537 1121 καὶ
2571 1067 2664 1122 ἐπὶ
2687 1067 2860 1136 ψόγου
2884 1083 2898 1098 ο
2947 1063 3060 1139 οἷον
3088 1066 3260 1130 αἴτιος
3288 1069 3318 1121 ὀ
3342 1067 3551 1137 γράψας
3575 1071 3644 1121 αξ-

2095 1176 2187 1213 τια
2231 1160 2608 1228 Καλλιμάχου,
2667 1158 2790 1228 ἦτοι
2841 1158 3115 1220 αἱτιατέος
3161 1157 3260 1211 καὶ
3311 1157 3647 1222 κολαστέοςὸ

2094 1251 2312 1322 γράψας
2339 1252 2543 1308 ἐκεῖνα.
2588 1251 2647 1304 '0
2681 1251 2864 1320 μέντοι
2906 1249 3198 1313 Παναίτιος
3243 1248 3307 1302 τὸ
3341 1247 3552 1319 κύριον,
3577 1253 3648 1304 t5-

2099 1343 2315 1412 φημίαν
2374 1343 2520 1413 ἔχειν
2551 1343 2698 1396 δοκεῖ
2738 1343 2966 1413 σεμνὴν,
3004 1341 3283 1412 φιλοσόφῳ
3336 1343 3644 1411 πρέπουσαν,

2099 1431 2301 1492 παντὸς
2333 1432 2663 1500 πράγματος
2693 1431 2876 1484 αἰτίαν
2899 1431 3205 1484 ἀποδιδόντι
3231 1432 3457 1484 δέουσαν
3483 1447 3494 1460 ·
3527 1432 3552 1484 ὃ
3573 1433 3647 1501 τῆς

2095 1521 2434 1576 ,ἀνυποθέτου
2469 1521 2790 1591 φιλοσοφίας
2836 1523 2970 1576 ῐδιόν
3017 1523 3158 1586 ἐστι,
3196 1523 3294 1575 καὶ
3338 1523 3483 1575 θεῖον
3518 1525 3646 1576 αὐτὸ·

2099 1629 2312 1683 χρημα,
2353 1617 2446 1665 καὶ
2481 1613 2600 1683 Θεῷ
2642 1612 2874 1682 πρέπον,
2908 1612 3040 1684 παρ’
3079 1605 3124 1680 ᾧ
3156 1612 3380 1667 πάντων
3423 1612 3479 1664 αἱ
3505 1613 3647 1668 sitiat

2103 1704 2214 1758 τῶν
2265 1705 2488 1772 ἀγαθῶν
2537 1704 2614 1766 ὡς
2669 1704 2999 1776 πανταιτίῳ,
3049 1703 3144 1757 καὶ
3198 1703 3258 1768 ὃς
3309 1701 3489 1757 πάντα
3522 1703 3649 1767 εἰδὼς

413 1809 490 1864 rei
525 1807 762 1862 tradenti
802 1808 1065 1862 debitam:
1125 1804 1271 1874 quod
1336 1803 1584 1873 positiva:
1640 1800 1999 1872 philosophiae

2103 1797 2402 1867 διαπέμπει
2440 1796 2643 1864 γνῶσιν
2688 1798 2782 1850 καὶ
2812 1798 2926 1860 τοῖς
2958 1795 3082 1850 κατ’
3110 1795 3406 1868 ἄνθρωπον
3462 1796 3650 1864 φιλοσο-

411 1902 688 1970 proprinm
723 1909 830 1963 est,
861 1913 1092 1968 vereque
1122 1897 1370 1952 divinum
1396 1905 1449 1950 et
1478 1895 1590 1951 Deo
1622 1895 1985 1959 conveniens,

412 1995 552 2064 apud
579 2000 846 2063 quem,ut
885 1993 1129 2048 omnium
1177 2007 1419 2055 causam,
1463 1997 1793 2044 cunctorum
1861 1995 1993 2044 sunt

2096 1888 2280 1960 φοῦσι,
2310 1891 2426 1952 τοῖς
2473 1889 2573 1960 μὲν
2615 1889 2674 1954 ἐξ
2728 1889 3050 1962 ὲπιμέτρου,
3104 1891 3218 1954 τοῖς
3264 1887 3308 1943 δ’
3372 1889 3648 1955 ἄλλως,ὡς

2103 1983 2376 2055 βούλεται.

413 2088 683 2158 principia
711 2087 1001 2151 bonorum,
1036 2085 1240 2156 quique
1268 2091 1460 2140 cuncta
1487 2082 1690 2146 sciens,
1719 2079 1965 2135 immittit
1987 2077 2273 2135 scientiam
2302 2076 2411 2132 illis
2439 2076 2854 2147 quiescundum
2883 2075 3155 2132 hominem
3187 2073 3541 2147 philosophia
3560 2080 3650 2126 sur

415 2178 564 2245 dent,
618 2180 742 2236 aliis
786 2179 1003 2249 quidem
1059 2193 1183 2234 cum
1215 2176 1570 2243 abundantia,
1625 2175 1750 2232 aliis
1781 2183 1964 2230 autem
2002 2173 2182 2242 aliter,
2207 2180 2373 2244 prout
2413 2171 2547 2227 vult.

490 2364 614 2420 101.
668 2364 1129 2438 ιλΕιιιιΙροιιεηιειη
1162 2369 1247 2422 vel
1271 2367 1516 2438 ejusdem
1574 2369 1830 2440 potentiae
1855 2367 2000 2424 dice-

417 2474 478 2512 re
543 2457 833 2527 Spiritum,
916 2457 1164 2514 eamdem
1229 2461 1348 2514 vim
1436 2460 1618 2517 habet.
1690 2460 1838 2516 Idem
1917 2468 2002 2516 est

415 2551 598 2605 dicere
629 2551 698 2606 de
745 2551 1061 2620 ὁμοσθινὲς,
1115 2567 1223 2607 non
1271 2561 1452 2608 autem
1502 2552 1571 2610 de
1600 2552 1998 2626 ὀμοιοσθενέςι

417 2642 562 2696 sicut
578 2641 720 2695 enim
740 2643 1048 2713 dOgmaiire
1067 2643 1422 2713 prohibemur
1439 2645 1619 2700 dicere
1640 2643 2003 2715 ὁμοιοοὺσιον,

419 2734 501 2787 sic
555 2733 721 2788 etiam
789 2734 1146 2804 ὸμοιοσθενὲς
1210 2751 1424 2791 necnon
1480 2735 1896 2807 ὁμοιοδύναμον,
1948 2737 2004 2791 in

423 2825 508 2881 his
533 2839 654 2894 qua:
683 2835 934 2896 spectant
970 2827 1036 2881 ad
1065 2837 1308 2883 sanctam
1339 2825 1688 2885 Trinitatem.
1709 2826 2002 2886 Sciendum

421 2927 604 2972 autem
634 2919 799 2973 etiam
831 2919 975 2987 quod
1007 2920 1050 2974 si
1078 2920 1301 2989 quidem
1337 2921 1668 2977 scriberetur
1707 2937 1724 2976 :
1763 2918 1870 2976 Par
1906 2919 2002 2976 tibi

423 3009 690 3078 potentia,
738 3011 962 3064 verbum
998 3012 1246 3068 eamdem
1286 3014 1394 3068 vim
1429 3013 1657 3068 haberet
1692 3027 1794 3068 nec
1819 3013 2002 3086 aliqua

419 3102 804 3171 explanatione
835 3111 1036 3172 egeret.
1063 3102 1119 3158 Si
1145 3117 1275 3159 vero
1304 3105 1440 3160 alias
1461 3105 1742 3161 scribitur:
1770 3107 2000 3178 Πνεῦμα

423 3211 519 3247 σου
564 3209 666 3264 par
707 3197 972 3264 potentia,
1027 3207 1085 3252 ut
1134 3196 1324 3266 legas:
1362 3198 1590 3268 spiritus
1618 3207 1742 3255 tuus
1770 3214 1868 3271 par
1900 3200 1998 3256 tibi

421 3283 689 3352 potentia,
727 3287 997 3339 sententia
1028 3287 1353 3342 remittenda
1384 3297 1467 3344 est
1507 3289 1576 3343 ad
1634 3289 1952 3358 psallentem
1979 3305 1995 3344 :
2023 3313 2069 3373 ο

422 3373 681 3444 Spiritum
718 3374 811 3444 qui
844 3389 997 3430 meus
1025 3384 1111 3430 est
1138 3384 1194 3430 et
1222 3374 1422 3445 Patris,
1449 3377 1686 3444 mittam,
1710 3377 1824 3449 jam
1861 3378 2000 3435 alias

422 3464 752 3522 suﬁcienter
772 3467 1126 3537 explicatum.
1158 3467 1453 3540 Νημερτδς
1491 3480 1671 3526 autem
1708 3471 1858 3526 venit
1881 3487 1914 3528 a
1938 3483 2004 3544 νη

355 3552 357 3554 ’
423 3558 692 3628 privativo
713 3568 770 3612 et
797 3573 827 3612 ιι
855 3559 1020 3613 verbo
1053 3559 1413 3631 ἁμαρτάνειν,
1441 3570 1495 3616 et
1529 3561 1806 3634 signiﬁcat
1835 3577 2003 3619 verax

421 3661 476 3706 et
504 3649 818 3717 inlailibile,
879 3654 1377 3720 quomodocunque
1418 3655 1684 3710 veracitas
1733 3655 1876 3710 inter
1906 3657 2004 3711 ho-

427 3745 604 3799 mines
657 3743 912 3798 exerceri
966 3745 1141 3814 possit
1192 3753 1248 3800 et
1273 3745 1580 3800 secundum
1614 3746 1669 3800 id
1713 3747 1860 3817 quod
1893 3759 2002 3803 non

425 3837 703 3891 diceretur
733 3835 897 3890 homo
927 3838 1184 3892 mendax.
1212 3835 1331 3891 Non
1365 3845 1545 3892 autem
1573 3851 1604 3891 a
1633 3848 1790 3893 recto
1820 3839 2005 3894 devia-

427 3934 532 3992 ret,
567 3927 665 3996 qui
711 3933 971 3996 tanquam
1027 3927 1346 3983 adverbium
1400 3929 1541 3983 hanc
1592 3931 2000 3998 expressionem

427 4016 717 4086 acciperet,
751 4019 828 4071 uti
863 4017 1014 4086 prius
1045 4019 1148 4072 hoc
1198 4025 1568 4072 monstratum
1632 4025 1739 4082 est,
1804 4018 1883 4074 ita
1941 4027 2000 4074 ut

411 4119 588 4176 poeta
627 4108 804 4164 dicat:
852 4109 986 4164 Vere
1010 4109 1231 4164 misisti.
1262 4107 1382 4164 Non
1411 4110 1560 4165 enim
1594 4121 1713 4166 erat
1743 4110 2004 4181 possibile

429 4211 483 4256 te
506 4203 791 4256 mentitum
812 4200 980 4256 fuisse
1003 4202 1304 4258 discentem
1332 4219 1346 4256 :
1387 4202 1804 4271 promissionem
1825 4201 2003 4260 Patris

429 4299 482 4346 te
511 4290 796 4362 discipulis
881 4290 1000 4347 fore
1032 4293 1357 4346 missurum.
1416 4290 1570 4348 Tuus
1627 4295 1776 4349 enim
1823 4306 2004 4348 sermo

430 4384 631 4439 veritas
660 4392 765 4451 est,
799 4395 856 4438 et
877 4393 929 4438 te
963 4383 1168 4438 scimus
1189 4398 1318 4440 esse
1342 4384 1629 4439 veritatem
1660 4386 1858 4454 ipsam,
1893 4400 2001 4441 non

430 4477 611 4528 minus
645 4487 712 4527 ac
745 4481 866 4528 tuos
925 4473 980 4528 iu
1007 4475 1302 4529 sanctitate
1332 4483 1620 4543 compa-res
1678 4474 1894 4531 Patrem
1949 4483 2006 4531 et

429 4567 720 4636 Spiritum.
739 4563 1009 4620 Locutio:
1038 4565 1232 4622 Misisti
1255 4566 1544 4637 apostolis,
1571 4569 1774 4640 aliquid
1802 4569 2005 4626 habere

2181 2371 2284 2437 ρα’.
2330 2363 2624 2428 ’ἰσοσθενὲς
2671 2364 2728 2418 δὲ
2755 2365 2980 2430 Πνιυμα
3029 2366 3210 2418 εἰπεῖν
3243 2365 3340 2419 καὶ
3387 2364 3648 2418 ταντοσθε-

2103 2459 2218 2524 νὲς,
2254 2459 2353 2527 τὴν
2382 2456 2554 2527 αὐτὴν
2594 2454 2708 2525 ἔχει
2738 2455 2974 2526 δύναμιν
2996 2465 3014 2487 ⁵
3041 2453 3143 2526 ἤδη
3169 2453 3227 2508 δδ
3251 2454 3348 2508 καὶ
3370 2453 3646 2524 ὀμοσθενὲς,

2101 2549 2163 2601 οὐ
2203 2546 2313 2618 μὴν
2343 2547 2439 2600 καὶ
2468 2546 2846 2617 ὁμοιοσθινίς.
2891 2545 2980 2609 Ὦς
3009 2545 3118 2614 γὰρ
3149 2543 3461 2600 κεκώλυται
3486 2545 3650 2614 δογμα-

2104 2638 2272 2700 τικῶς
2307 2640 2367 2692 ss
2393 2637 2754 2708 ὁμοιοούσιον,
2792 2636 2938 2691 οὕτω
2982 2637 3166 2692 καὶτὸ
3210 2636 3551 2707 ὀμοιοσθενὲς
3576 2636 3648 2689 ἐπὶ

2109 2731 2212 2802 τῆς
2243 2715 2407 2801 ἁγίας
2429 2730 2681 2800 Τριάδος,
2703 2729 2922 2786 καθὰτε
2946 2730 3009 2783 τὸ
3034 2729 3450 2801 ὀμοιοδὺναμον.
3486 2727 3647 2783 Ίστέον

2106 2823 2167 2878 δὲ
2197 2826 2295 2879 καὶ
2321 2823 2399 2888 ὡς
2427 2823 2477 2878 ιι
2513 2823 2614 2894 μιν
2643 2824 2920 2896 γράφεται
2949 2822 3223 2886 ἰσοσθενές
3248 2838 3358 2891 σοι,
3385 2822 3486 2894 τὴν
3510 2822 3646 2891 αὐτὴν

2104 2915 2223 2988 ἔχει
2253 2915 2521 2986 δύναμιν,
2542 2915 2605 2970 οὐ
2643 2915 2827 2970 διτταί
2858 2931 3005 2980 τινος
3031 2914 3358 2980 ιπιστασίας
3384 2913 3448 2969 τδ
3482 2915 3642 2985 pnsu-

2103 3009 2154 3064 ιιί
2187 3007 2233 3062 δ’
2287 3007 2465 3070 ἄλλως
2510 3008 2782 3080 γράφεται
2835 3005 3107 3071 ἰσοσθενές
3156 3022 3257 3062 σου
3291 3004 3536 3076 Πνεῦμα,
3579 3005 3645 3062 ira

2103 3101 2237 3174 λέγῃ
2268 3101 2330 3156 τδ
2372 3100 2602 3172 Πνεῦμὰ
2627 3118 2722 3155 σον
2752 3100 2814 3155 τδ
2848 3101 3121 3166 ἰσοσθενές
3154 3117 3261 3168 σοι,
3292 3098 3643 3168 ἀναπιμπτέον

2102 3194 2204 3266 τὴν
2229 3193 2444 3249 ἔννοιαν
2471 3196 2554 3256 εἰς
2577 3194 2670 3248 τὸν
2701 3192 3001 3264 ψάλλοντα,
3026 3192 3087 3249 τὺ
3122 3189 3353 3259 Πνεῦμα
3375 3191 3438 3246 τὸ
3461 3191 3576 3262 ἐμόν
3596 3207 3642 3244 τι

2103 3287 2198 3340 καὶ
2236 3285 2450 3358 Harpe;
2479 3285 2789 3352 ἀποστελῶ,
2821 3285 3168 3357 ἐξηγημινον
3217 3285 3427 3357 ἑτέροις
3456 3283 3642 3347 ἱκανῶς.

2102 3377 2176 3432 Τὸ
2210 3377 2268 3432 δὲ
2296 3377 2574 3448 νημερτὲς
2601 3375 2811 3447 γίνεται
2857 3377 2957 3447 μὲν
2994 3379 3060 3431 ἐκ
3086 3376 3184 3431 τοῦ
3230 3392 3313 3447 νη
3358 3374 3641 3448 στιρητιιωῦ

2104 3471 2201 3524 καὶ
2233 3470 2330 3523 τοῦ
2369 3469 2730 3539 ἁμαρτάνειν,
2779 3471 2878 3523 καὶ
2907 3469 3058 3541 δηλοῖ
3103 3467 3309 3539 ἀληθὲς
3339 3469 3435 3524 καὶ
3481 3470 3644 3524 ἀπται-

2103 3578 2231 3615 στον
2256 3561 2316 3616 ἐν
2347 3559 2428 3632 τῷ
2455 3560 2706 3614 ὁπωσοῦν
2746 3559 3104 3634 ἀνθρωπίνως
3138 3561 3430 3632 ἀληθεύειν
3449 3575 3466 3592 ·
3491 3558 3641 3616 Διιαθ⁸ὃ

2101 3654 2202 3707 παλ⁸
2225 3651 2514 3723 ἄνθρωπος
2539 3653 2642 3707 οὐκ
2665 3653 3108 3726 ἀφαμαρτοεπὴς
3135 3654 3342 3726 ῥηθείη.
3358 3654 3446 3710 ἄν.
3471 3653 3572 3708 οὐκ
3591 3653 3642 3708 ἂν

2099 3745 2158 3799 δὲ
2192 3745 2424 3817 σφαλείη
2455 3744 2547 3799 τοῦ
2577 3746 2811 3814 δέοντος,
2845 3747 2900 3800 εί
2927 3764 3013 3812 τις
3043 3748 3136 3802 καὶ
3157 3747 3235 3812 ὡς
3269 3748 3547 3819 ἐπίρρημα
3568 3748 3636 3800 ὲν-

2101 3839 2278 3894 ταῦθα
2309 3839 2452 3912 λάϐῃ
2479 3841 2580 3910 τὴν
2625 3837 2770 3903 λέξιν
2813 3839 3043 3909 ταύτην,
3083 3839 3230 3895 καθά
3258 3841 3356 3893 καὶ
3388 3838 3515 3894 αὐτὸ
3537 3855 3641 3910 προ·

2099 3933 2419 4007 δεδήλωται,
2443 3932 2532 3988 ἵνα
2560 3931 2694 4005 λέγῃ
2719 3935 2748 3988 ὁ
2767 3932 3000 4004 Ποιητὴς
3022 3933 3128 4000 ὅτι,
3155 3930 3430 4003 ’Δψευδῶς
3450 3932 3641 4002 ἐξέτεμ-

2099 4028 2232 4100 ψας.
2288 4029 2364 4083 Οὐ
2421 4027 2531 4100 γάρ
2588 4023 2659 4098 ἦν
2702 4026 3011 4098 ψεύσασθαί
3069 4044 3128 4081 σε
3167 4028 3396 4083 εἰπόντα
3449 4028 3520 4090 ὡς
3561 4026 3638 4095 τὴν

2103 4120 2435 4190 ἐπαγγελίαν
2459 4120 2557 4176 τοῦ
2584 4118 2796 4193 Πατρδς
2823 4121 3210 4188 ὲξαποστιλεῖς
3229 4123 3349 4186 τοῖς
3380 4121 3636 4192 prima.

2117 4212 2178 4268 '0
2213 4214 2324 4284 γὰρ
2351 4213 2512 4283 λόγος
2539 4214 2569 4268 ὁ
2593 4213 2686 4278 ab;
2711 4212 2946 4285 ἀλήθειά
2967 4215 3108 4280 ἔστι,
3129 4213 3324 4268 καθότι
3354 4215 3449 4269 καὶ
3476 4215 3636 4268 αὐτοσί-

2103 4303 2327 4376 λήθειάν
2359 4322 2418 4358 σε
2443 4296 2669 4376 οἴδαμεν
2695 4307 2816 4359 κατ’
2844 4306 2956 4360 ῐσον
2994 4310 3111 4373 τοῖς
3149 4309 3562 4376 συναγιωτάτοις
3579 4305 3636 4376 τῷ

2107 4396 2281 4468 Ila.th
2310 4399 2406 4451 καὶ
2432 4397 2510 4468 τῷ
2534 4397 2813 4468 Πνεύματι
2831 4414 2846 4429 ⁸
2879 4399 2942 4453 τδ
2965 4401 3048 4464 δὲ,
3073 4397 3428 4470 Ἐξέπεμψας
3447 4399 3640 4454 ἀποστό-

2105 4488 2240 4554 λοις,
2275 4489 2422 4560 ἔχειν
2452 4506 2506 4545 τι
2529 4491 2658 4562 ἄρτι
2697 4492 2794 4545 καὶ
2819 4494 2882 4546 τὸ
2924 4492 3080 4562 ἀγιον
3107 4490 3335 4563 Πνεῦμα
3358 4494 3506 4564 δηλοῖ
3525 4508 3540 4526 ·
3567 4493 3640 4544 καὶ

2105 4582 2292 4638 καινὸν
2321 4583 2474 4638 οὐδέν
2517 4584 2669 4638 ἐστιν
2715 4583 2860 4640 οὕτω
2891 4586 3120 4655 νοῆσαι⁹
3158 4586 3514 4656 Παράκλητον
3557 4585 3640 4654 γὰρ

429 4671 574 4711 nunc
596 4657 758 4711 etiam
782 4666 1032 4711 sanctum
1067 4655 1329 4726 Spiritum
1360 4656 1742 4728 demonstrat;
1767 4673 1869 4715 uec
1900 4662 2000 4714 mi-

2109 4675 2170 4726 τὸ
2203 4672 2361 4743 ἆγὶον
2403 4674 2630 4746 Πνεῦμα
2675 4678 2791 4739 τοῖς
2819 4675 3095 4748 μαθηταῖς
3132 4655 3485 4744 ἀπέσταλται,
3523 4679 3599 4730 καὶ
3620 4678 3653 4732 ὁ.

426 4764 546 4803 rum
579 4757 665 4803 est
695 4749 767 4802 ita
803 4749 1043 4803 sentire:
1079 4745 1400 4803 Paracletus
1423 4749 1571 4802 enim
1606 4759 1828 4805 sanctus
1875 4750 2001 4821 Spi-

426 4842 564 4896 ritus
595 4841 856 4911 apostolis
887 4839 1092 4895 missus
1118 4849 1239 4907 est;
1268 4838 1518 4896 Salvator
1539 4851 1720 4897 autem
1751 4841 2002 4900 Christus

425 4931 653 4987 nuntius
687 4931 848 5004 nobis
878 4946 910 4985 a
943 4911 1104 4986 Patre
1139 4931 1400 4987 salutaris
1461 4934 1628 5002 venit;
1660 4935 1806 4992 sicut
1831 4951 1998 5007 ange-

425 5020 642 5089 lus,qni
665 5033 833 5090 super
853 5036 1044 5077 omnes
1090 5023 1315 5094 angelos
1350 5033 1455 5092 est,
1479 5035 1667 5097 utpote
1702 5030 2002 5098 supersub-

427 5112 724 5188 stanti-alis.
753 5113 864 5168 Vox
888 5125 1070 5169 autem
1097 5115 1358 5185 beneﬁcus
1395 5121 1633 5175 ostendit
1667 5121 2001 5177 manifestis-

429 5207 568 5262 sime
587 5205 998 5261 beneliceutiam
1011 5223 1270 5278 essequa:
1286 5224 1316 5263 a
1334 5209 1444 5265 Deo
1463 5210 1688 5266 veniunt
1703 5213 2006 5269 charisma-

428 5306 508 5363 ta,
529 5297 866 5353 necomuino
887 5306 1098 5354 tantum
1121 5301 1173 5354 in
1192 5302 1529 5372 particulari,
1551 5305 1647 5360 sed
1687 5305 1998 5360 communi-

430 5399 544 5444 ter:
566 5390 766 5449 bonum
781 5390 948 5461 igitur
966 5400 1095 5448 tunc
1110 5393 1372 5464 apostolis
1391 5395 1640 5462 missum,
1661 5396 1727 5451 ad
1752 5409 1850 5453 nos
1868 5397 2008 5454 huc-

429 5497 604 5553 usque
621 5485 868 5552 pervenit
887 5494 940 5540 et
962 5485 1018 5539 in
1035 5495 1296 5542 aeternum
1330 5489 1630 5558 perveniet.
1657 5489 1774 5546 Hoc
1797 5500 2003 5561 autem,

431 5572 618 5629 Gloria
639 5579 888 5643 potestati
905 5589 1031 5645 tum,
1051 5578 1348 5636 insinuatio
1377 5592 1462 5636 est
1483 5583 1632 5652 quod
1644 5594 1895 5654 potentes
1937 5587 2007 5644 ad

428 5669 785 5729 imitationem
821 5671 912 5728 Dei
943 5674 1216 5732 beneﬁcos
1267 5689 1389 5730 esse
1413 5685 1650 5746 oportet.

2108 4760 2300 4836 Σωτὴρ
2338 4766 2396 4820 δὲ
2423 4767 2660 4838 Χριστὸς
2689 4768 2991 4832 ἀπόστολος
3016 4771 3164 4840 ἡμῖν
3191 4769 3466 4841 πατρόθεν
3505 4769 3642 4838 σωτή-

2111 4869 2225 4930 ριος
2256 4854 2421 4930 ἦλθεν
2441 4875 2456 4890 ·
2509 4859 2657 4914 καθά
2689 4859 2786 4914 καὶ
2834 4861 3066 4930 ἄγγελος
3095 4853 3126 4916 ὃ
3171 4861 3316 4934 ὑπὲρ
3345 4865 3544 4925 πάντας
3563 4862 3637 4928 ἀγ·

2107 4950 2324 5018 γέλους,
2351 4951 2435 5004 ὅτι
2488 4955 2584 5005 καὶ
2639 4953 2996 5024 ιῖοπεροιῖιιςιος⁸
3042 4954 3106 5010 τὸ
3148 4953 3206 5008 ιι
3233 4955 3317 5021 ὡς
3343 4954 3640 5026 εὐεργέτης.

2106 5042 2259 5113 δηλοῖ
2301 5045 2621 5115 σαφέστατα
2666 5048 2993 5117 εὐεργεσίαν
3021 5045 3164 5104 εῖναι
3194 5050 3264 5104 τά
3295 5051 3480 5105 θεόθεν
3519 5050 3640 5121 χαρίο

2109 5153 2315 5207 σματα,
2355 5139 2454 5192 καὶ
2483 5139 2706 5203 πάντως
2735 5141 2835 5210 οὐχ
2865 5141 3056 5206 ἁπλῶς·
3083 5143 3144 5196 ὲν
3173 5143 3352 5214 μέρει,
3391 5143 3522 5198 ἀλλὰ
3551 5158 3638 5195 κοι-

2108 5229 2228 5293 νάς.
2267 5230 2310 5282 Τ
2313 5230 2340 5282 ὸ
2374 5230 2506 5299 γοῦν
2533 5233 2647 5294 τοῖς
2672 5234 2993 5299 ἀποστόλοις
3018 5237 3269 5306 πεμφθέν
3294 5253 3427 5292 ποτε
3449 5233 3638 5307 ἀγαθὸν.

2109 5323 2204 5375 καὶ
2233 5322 2312 5386 είς
2330 5323 2479 5392 ἡμᾶς
2506 5321 2775 5379 διαϐαίνει
2799 5325 2964 5396 μέχρι
2985 5331 3082 5382 καὶ
3105 5327 3223 5397 νῦν,
3251 5331 3344 5384 καὶ
3375 5332 3454 5396 εἴς
3477 5330 3642 5390 αἰῶνος

2109 5411 2460 5485 διαδήσεταισ
2491 5417 2555 5471 τὸ
2586 5417 2666 5485 δὲ,
2698 5420 2856 5486 Δόξα
2905 5421 2988 5487 τῷ
3032 5421 3236 5492 κράτει
3274 5440 3417 5492 σου,
3453 5421 3640 5493 αἰνιτμά

2112 5503 2229 5556 ἐστι
2262 5505 2358 5559 τοῦ
2391 5508 2591 5579 χρῆναι
2622 5511 2751 5576 τοὺς
2779 5505 3077 5583 ιὶραταιοὺς
3117 5513 3501 5586 εὐεργετικοὺς
3535 5510 3640 5570 εἶναι

2113 5598 2250 5667 προς
2281 5599 2416 5652 Θεοῦ
2450 5601 2703 5674 μίμησιν.
