3760 6556
190 358 280 422 617
940 359 1024 421 IN
1054 361 1392 424 HYMNUM
1429 359 2086 425 PENTECOSTALEM
2128 361 2594 427 DAMASCENI.

318 464 631 533 Τροπάριον
660 464 898 533 πρῶτον
924 468 1035 537 τῆς
1057 473 1346 539 τετάρτης
1368 462 1549 539 ᾠδῆς.

234 555 357 613 VIII.
389 557 623 627 Δουτρὸν
660 558 720 612 τὸ
747 558 890 613 θετον
916 561 1017 631 τῆς
1044 563 1466 631 παλιγγενεσίας

384 650 546 716 Λογῳ
576 650 843 718 κεραννῦς
880 653 1271 726 συντεθειμένῃ
1320 654 1501 723 φύσει.

397 740 825 812 Ὅμδροσλυτετς
860 760 955 813 μοι
990 746 1205 817 ῥεῖθρον
1240 750 1301 814 ἐξ
1328 750 1610 821 ἀκηράτου

383 834 747 906 Νενυγμένης
779 854 876 890 σου
901 841 1168 910 πλευρᾶς,
1199 833 1244 896 ὦ
1275 842 1412 896 Θεοῦ
1446 843 1611 913 Λόγε,

394 926 843 997 Ἐπισφραγίζων
869 932 936 1000 τῇ
975 929 1125 995 ζέσει
1172 932 1268 986 τοῦ
1303 933 1642 1006 Πνεύματος.

220 1018 313 1090 ρβ¹.
346 1019 602 1089 Χορεύων
632 1021 1109 1093 ὲκκλησιαστικῶς
1141 1025 1169 1078 6
1199 1025 1345 1095 ἱερὸς
1372 1021 1528 1091 οὗτος
1559 1046 1719 1081 πνευ-

162 1112 399 1182 ματῳδὸς,
437 1114 531 1165 καὶ
559 1112 896 1169 δαιταλεύων
942 1116 1233 1188 φιλοτήσια
1277 1120 1373 1173 καὶ
1415 1138 1716 1192 πνευματι-

159 1204 250 1266 κῶς
290 1205 551 1275 τρυφερά,
607 1206 703 1259 καὶ
759 1207 1035 1276 ἀγλαῖζων
1084 1208 1183 1280 τὴν
1241 1209 1439 1284 ἑορτὴν
1495 1214 1716 1271 ἐννοιῶν

158 1296 443 1361 ποικιλίαις,
472 1297 551 1362 ὡς
597 1298 830 1367 ἔξεστιν,
860 1300 1104 1373 ὀχετεύει
1150 1306 1207 1367 ὲς
1241 1304 1341 1375 τὴν
1370 1305 1499 1377 ἄρτι
1544 1325 1710 1361 πνευ-

157 1388 363 1457 ματικὴν
388 1391 727 1461 πανήγυριν,
748 1396 841 1446 καὶ
868 1393 1147 1449 θειοτάτου
1178 1395 1405 1466 λουτροῦ
1435 1398 1708 1471 κέρασμα,

152 1480 202 1534 οὗ
236 1480 306 1549 τῷ
340 1482 477 1551 ἁγίῳ
521 1484 806 1557 Πνεύματι
843 1488 1093 1557 μέτεστι,
1128 1490 1190 1543 τὸ
1226 1491 1285 1543 δέ
1310 1492 1432 1545 lett
1477 1498 1541 1547 τὸ
1572 1496 1714 1549 κατὰ

150 1571 198 1625 τὸ
223 1572 368 1640 ἆγιον
400 1574 712 1645 βάπτισμα,
756 1578 848 1632 καὶ
887 1580 1192 1635 διατίθεται
1222 1584 1322 1654 τὴν
1368 1584 1582 1642 ἔννοιαν
1611 1588 1704 1642 τοῦ

148 1666 414 1734 τροπαρὼυ
443 1668 698 1735 γλυκέως
741 1670 816 1733 ὡς
850 1672 987 1743 πρὸς
1040 1674 1367 1730 ἀκολουθίαν
1406 1676 1711 1751 λουτρῶνος

146 1758 336 1820 ὁποίους
366 1759 418 1813 οἱ
468 1760 891 1833 καθαρειότεροι
945 1765 1318 1831 σκευάζουσιο
1376 1772 1710 1841 κεράννυται

154 1852 232 1921 γὰρ
273 1851 394 1922 παρ’
446 1854 685 1917 ἐκείνοις
721 1856 781 1909 τὸ
837 1857 1032 1929 λοῦμα,
1088 1858 1337 1933 θυμῆρες
1387 1836 1521 1917 αῦτδ
1561 1868 1701 1921 κατά
1747 1836 1784 1886 Β

144 1943 313 2011 κράτος
363 1960 420 1995 τε
476 1944 571 1998 καὶ
621 1944 787 2015 ῶμων
839 1952 1269 2020 κερασσιμένοις,
1323 1954 1417 2006 καὶ
1473 1956 1687 2027 ῥεῖθρον

145 2039 295 2093 ἐκεῖσε
322 2044 644 2110 χορηγεττσιι
677 2042 859 2113 ἱλαρὸν
886 2047 1073 2100 ὁποῖόν
1101 2064 1155 2100 τι
1190 2050 1280 2102 καὶ
1308 2050 1372 2104 τὸ
1420 2051 1650 2123 θμὸριον
1678 2073 1691 2085 ’

142 2130 528 2200 φιλοτιμοῦνται
572 2134 635 2187 δὲ
660 2133 811 2199 ζέσιν
864 2137 1063 2191 ἐκεῖνοι
1112 2139 1513 2208 ἀγαθύνουσαν.
1552 2146 1696 2217 Πρὸς

142 2224 248 2291 γοῦν
293 2225 559 2295 τοιαύτην
596 2226 742 2281 ἰδέαν
792 2228 969 2283 ἕλκων
992 2233 1021 2285 6
1050 2231 1291 2304 μελῳδὸς
1333 2234 1431 2307 τὴν
1455 2237 1694 2291 διάθεσιν

139 2316 215 2369 τοῦ
262 2317 617 2385 ὲορταστικοῦ
653 2318 807 2373 τοῦδε
847 2324 1172 2394 τροπαρίου,
1225 2326 1437 2381 ἔννοιαν
1488 2331 1690 2400 γράφει

137 2409 313 2463 τοιάνδε
334 2426 347 2439 ·
372 2407 451 2462 Ὦ
505 2410 643 2465 Θεοῦ
677 2414 840 2480 Λόγε,
874 2415 933 2469 τὸ
967 2414 1111 2470 θεῖον
1152 2418 1375 2491 λουτρὸν
1421 2422 1519 2492 τῆς
1555 2424 1688 2494 Χρι-

139 2500 386 2570 στιανικῆς
411 2502 844 2571 παλιγγενεσίας
893 2509 1166 2579 κεραννῦς
1202 2515 1270 2582 τῇ
1304 2516 1428 2567 κατ’
1474 2516 1688 2589 ἄνθρω-

136 2608 217 2643 πον
230 2591 317 2663 οὐχ
338 2593 515 2666 ἁπλῇ,
540 2596 679 2649 ἀλλά
700 2600 1102 2674 συντεθειι.ι.ένίιΔ
1118 2605 1299 2674 φύσει,
1326 2610 1391 2679 τῇ
1418 2610 1487 2663 ὲκ
1509 2610 1687 2682 ψυχῆς

135 2684 303 2756 δηλαδὴ
350 2688 632 2742 ἀθανάτου
688 2691 782 2744 καὶ
834 2693 1079 2766 φθαρτοῦ
1136 2697 1425 2768 σώματος·
1480 2702 1598 2765 πῶς
1631 2703 1686 2755 δὲ

135 2777 242 2829 αὐτὸ
288 2782 711 2850 συγκεραννύςς
772 2782 914 2855 λόγῳ
972 2786 1177 2859 δηλαδὴ
1240 2790 1353 2859 σῷ,
1407 2794 1686 2847 τουτέστιν

135 2869 303 2939 ἐλλόγῳ
331 2873 588 2927 κελεύσει
643 2876 738 2929 καὶ
783 2876 1051 2951 ἀναλογίᾳ
1107 2884 1395 2955 πρεπούσῃ
1448 2887 1515 2955 τῇ
1564 2885 1686 2940 κατ’

136 2961 387 3030 ἄνθρωπον
438 2964 769 3041 θεοπλαστία
795 2986 808 2999 ·
839 2969 872 3039 ἢ
908 2972 1003 3023 καὶ
1043 2971 1241 3038 ἄλλως,
1272 2975 1432 3047 Λόγῳ
1462 2977 1539 3049 τῷ
1583 2977 1674 3032 διὸ.

132 3052 219 3104 τῶν
252 3054 573 3122 ἁγιωτάτων
608 3059 1084 3131 ὲκκλησιαστικῶν
1130 3064 1331 3137 εὐχῶν,
1372 3067 1681 3140 ὀμϐροόλυ-

132 3143 222 3204 τεῖς
256 3159 341 3210 μοι
376 3145 640 3201 ἐπέκεινα
678 3149 778 3219 τῆς
805 3150 998 3221 λοιπῆς
1028 3153 1428 3225 ίεροτελεστίας
1465 3161 1563 3229 τῆς
1593 3163 1687 3215 καὶ
1714 3190 1756 3249 c

134 3237 429 3307 σωματικῆς
459 3241 820 3311 φαινομένης,
849 3245 946 3297 καὶ
980 3246 1155 3311 ἄλλως
1186 3248 1243 3301 δὲ
1278 3248 1685 3321 θεωρητικώτεο

134 3343 207 3395 ρον
230 3332 551 3403 νοουμένης,
588 3336 686 3389 καὶ
729 3335 791 3389 τὸ
821 3337 886 3391 ὲκ
938 3337 1037 3409 τῆς
1066 3340 1356 3411 ἀκηράτου
1386 3360 1481 3397 σου
1516 3345 1682 3398 πλευο

133 3421 213 3487 ρᾶς
255 3423 472 3493 ῥεῖθρον
525 3426 665 3507 τῆς,
713 3430 1005 3499 γραφικῶς
1064 3433 1285 3500 εἰπεῖν,
1343 3437 1681 3507 νσνυγμένης

130 3510 271 3585 λόγχῃ
309 3506 709 3590 στρατιῶτικῇ,
761 3523 855 3575 καὶ
892 3521 972 3592 τῷ
1022 3524 1251 3597 τοιούτῳ
1287 3527 1419 3599 θείῳ
1471 3529 1683 3603 λουτρῷ

132 3606 565 3673 προσεπιϐάλλεις
596 3611 1012 3684 φιλοτιμότερον
1049 3614 1151 3687 τὴν
1183 3615 1369 3672 ἔνθεον
1407 3619 1557 3683 ζέσιν
1585 3623 1681 3676 τοῦ

132 3697 445 3767 Πνεὺματος,
484 3701 583 3771 τὴν
620 3702 1119 3775 διαθερμαίνουσαν
1144 3707 1270 3773 τοὺς
1296 3711 1373 3780 τῷ
1398 3712 1680 3782 Πνεύματι

128 3787 341 3856 ζέοντας,
394 3787 465 3865 ἦς
516 3797 768 3866 προφανῆ
797 3795 1044 3866 σύμϐολα
1091 3802 1185 3853 καὶ
1228 3805 1297 3854 τὰ
1326 3804 1389 3855 ὲκ
1424 3805 1679 3877 Πατὲρων

127 3881 269 3949 ἁγίων
318 3885 496 3939 τύπου
552 3887 729 3960 θερμὰ
778 3891 947 3946 ὕδατα
974 3906 990 3922 ⁸
1028 3895 1112 3947 ὅτι
1153 3894 1211 3949 δὲ
1244 3896 1276 3967 ἡ
1323 3896 1545 3969 τοιαύτη
1586 3900 1680 3954 τοῦ

126 3973 257 4042 ἁγίου
301 3977 621 4050 Πνεύματος
656 3981 826 4052 ζέσις,
861 3985 895 4056 ἠ
949 3984 1175 4058 ζωτικὴ,
1235 3989 1269 4059 ἠ
1313 3987 1606 4058 ζωογόνος,

126 4065 243 4119 θεῖον
289 4068 450 4139 ζῆλον
498 4072 803 4143 ἐντήκουσα
847 4078 916 4147 τῇ
970 4076 1140 4149 ψυχῇ,
1193 4079 1253 4131 τὸ
1288 4080 1678 4155 τελικώτατόν

123 4156 248 4210 ἐστιν
289 4160 461 4215 αὲτιον
508 4164 605 4215 καὶ
655 4164 1079 4235 σκοπιμώτατον
1127 4165 1224 4221 τοῦ
1273 4168 1436 4238 ἁγίου
1483 4170 1678 4241 βαπτίο

124 4263 317 4315 σματος,
346 4252 503 4322 δηλοῖ
547 4256 575 4307 6
621 4254 908 4324 μελοποιὸς
958 4256 1131 4312 εἰπὼν
1180 4260 1677 4331 ἔπισφραγίζεσθαι

122 4338 201 4409 τὴν
226 4343 477 4415 τοιαύτην
520 4346 652 4417 ὅλην
683 4347 1082 4417 ίεροτελεστίαν
1104 4354 1171 4423 τῇ
1202 4350 1352 4417 (idat
1376 4353 1471 4408 τοῦ
1504 4355 1671 4410 Πνεύ-

124 4447 283 4498 ματος.
325 4436 413 4499 Ὠς
444 4439 557 4508 γὰρ
604 4438 985 4504 ὲπιόουλευτὸς
1018 4441 1294 4515 θησαυρὸς
1323 4446 1351 4499 6
1396 4446 1677 4516 ἀσφράγι-

124 4534 243 4587 στος,
271 4523 443 4588 οὕτως
488 4527 803 4601 ἀκάθαρτον
830 4530 1139 4604 βάπτισμα,
1189 4536 1283 4591 καὶ
1311 4540 1422 4601 τοῖς
1454 4540 1673 4593 ἑπιδού-
1705 4548 1751 4605 ι)

120 4608 211 4675 λοις
252 4615 497 4687 δαίμοσιν
545 4620 1018 4694 εὑπεριφρόνητον
1064 4626 1125 4679 τὸ
1157 4626 1234 4698 μὴ
1265 4627 1333 4681 δι’
1374 4630 1539 4684 αὑτοῦ
1572 4632 1666 4685 τοῦ

118 4703 249 4769 ἁγίου
280 4710 596 4780 Πνεύματος
621 4729 635 4746 ο
667 4716 829 4768 ὁποῖα
857 4718 928 4771 τά
971 4734 1031 4771 τε
1076 4718 1254 4774 ἄλλων
1282 4722 1667 4792 αίρετιζόντων

118 4798 277 4850 καὶτὰ
316 4803 425 4854 τῶν
466 4804 967 4870 ⁴ἀνοιΰαπτιζόντων
1017 4811 1538 4883 ἡμεροσαπτιστῶν,
1591 4811 1667 4873 ὧν

116 4885 282 4941 ἄπεστι
330 4892 389 4944 τὸ
434 4892 596 4961 ἅγιον
642 4895 893 4966 Πνεῦμα,
924 4898 999 4961 ὡς
1052 4900 1128 4970 μὴ
1156 4901 1297 4965 είδὸς
1341 4906 1581 4971 ἐκείνους
1615 4909 1675 4979 εί-

118 4982 195 5031 καὶ
244 4982 641 5048 ἐπικαλοῦντας
689 4988 844 5041 αὑτό.
900 4989 1269 5060 Ἐνθυμητέον
1328 4994 1375 5047 δ’
1431 4999 1666 5053 ἐνταῦθα

118 5069 312 5143 λουτρὸν
342 5075 486 5129 εἶναι
518 5077 662 5132 θεῖον
710 5081 808 5132 καὶ
838 5080 897 5134 τὸ
923 5082 1011 5135 διὰ
1042 5087 1155 5136 τῶν
1197 5084 1450 5155 δακρύων
1481 5091 1574 5142 καὶ
1605 5093 1665 5144 τὸ

120 5169 378 5235 μοναχικόν
402 5184 415 5199 ·
450 5164 533 5232 οἷς
562 5172 658 5223 καὶ
704 5172 886 5235 αὐτοῖς
919 5174 1236 5245 Πνεύματος
1265 5177 1661 5248 ἀνθρακεύεται

118 5256 518 5330 καὶάναλάμπει
572 5263 722 5328 ζέσις
750 5266 903 5335 παρὰ
952 5270 1063 5332 τοῖς
1096 5268 1316 5341 θερμῶς
1368 5279 1663 5345 προσιεμέο

115 5362 204 5411 νοις
248 5354 400 5405 αὑτά.
458 5356 943 5429 ΙΙροσενθυμητὲον
982 5359 1039 5412 δὲ
1085 5363 1181 5416 καὶ
1229 5363 1311 5416 ὅτι
1366 5366 1510 5420 καθά
1561 5370 1659 5439 τὴν

114 5441 375 5515 εἰρημένην
421 5448 579 5510 ζέσιν
624 5450 920 5519 ἐπικοσμεῖ
947 5451 1005 5502 τὸ
1056 5452 1280 5524 Πνεῦμα
1314 5473 1659 5530 συνεκφωνη-

112 5527 201 5595 θὲν,
243 5534 380 5587 οὕτω
429 5539 522 5589 καὶ
572 5539 632 5591 τὸ
686 5542 830 5594 θεῖον
879 5543 1355 5615 προστεθειμένον,
1393 5527 1659 5619 σὲμνωμνά

110 5618 202 5671 ἐστι
250 5625 338 5677 τοῦ
370 5627 599 5700 λουτροῦ
625 5647 638 5661 ·
673 5634 769 5683 καὶ
822 5636 848 5686 6
879 5633 1035 5702 λόγος
1087 5637 1141 5687 δὲ
1173 5640 1201 5690 6
1257 5641 1350 5692 τοῦ
1401 5642 1656 5713 δευτέρου

118 5714 264 5784 πίχιιυ
310 5723 668 5790 προκείμενος
716 5725 979 5797 κόσμημά
1027 5731 1140 5783 ἐστι
1199 5732 1295 5802 τῆς
1324 5737 1554 5804 ἑννοίας,
1585 5739 1660 5802 ὡς

120 5808 184 5856 καὶ
206 5808 408 5881 εἰρηται
436 5818 531 5866 καὶ
560 5812 708 5878 αὖθι,
739 5820 1041 5887 εἰρήσεται.

395 5911 510 5965 l’n
530 5927 668 5968 ιιυι..
718 5915 832 5971 (in.
883 5912 1219 5975 CXXXVI.

3303 374 3410 441 618

2218 465 2534 540 Troparittm
2570 473 2588 525 l
2630 482 2835 543 quam:
2867 475 3005 533 odar.

2039 584 2301 642 Balneum
2338 587 2581 644 divinum
2618 593 3049 660 regenerationis
3152 648 3156 663 ,

2037 678 2217 737 Verbo
2250 681 2492 739 miscens
2529 684 2848 755 composita:
2873 696 3104 756 naturai,

2034 772 2365 846 Suppeditas
2400 774 2533 831 mibi
2572 791 2767 847 aquam
2802 794 2871 834 ex
2900 780 3216 853 incorrupto

2037 867 2334 923 Vulnerato
2356 876 2453 924 tuo
2478 868 2670 934 latere,
2699 884 2734 924 0
2769 869 2867 933 Dei
2901 870 3165 941 Verbum,
3232 916 3233 919 η

2036 957 2296 1027 Sigillaria
2324 958 2537 1017 fervore
2564 959 2825 1031 Spiritus.

1894 1049 2012 1104 102.
2046 1050 2261 1107 Cltoros
2286 1052 2492 1107 ducens
2520 1054 2929 1116 ceclesiasticos
2954 1074 3113 1118 sacer
3143 1062 3234 1119 ille
3280 1063 3408 1137 Spi-

1836 1141 1941 1195 ritu
1969 1141 2184 1210 plenus,
2216 1151 2270 1196 et
2304 1142 2547 1200 invitans
2574 1147 2642 1201 ad
2674 1148 2990 1217 spirituales
3022 1156 3404 1229 amabilesque

1818 1231 2067 1299 delicias,
2095 1244 2257 1305 atque
2319 1241 2718 1297 sententiarum
2773 1244 3155 1317 varietatibus,
3215 1260 3277 1309 ut
3316 1252 3401 1321 lit,

1818 1320 2173 1380 festivitatem
2222 1341 2520 1397 exornans,
2551 1330 2761 1391 diducit
2790 1336 2847 1392 in
2896 1349 3225 1408 praesentem
3292 1320 3405 1413 api?-

1818 1414 2071 1473 ritualem
2102 1427 2307 1486 emtum
2368 1424 2531 1480 etiam
2587 1426 2916 1487 divinissimi
2981 1432 3159 1492 balnei
3187 1436 3402 1494 mistio-

1818 1524 1965 1572 netu,
1998 1513 2145 1578 quod
2171 1528 2296 1569 cum
2341 1529 2535 1574 sancto
2567 1518 2775 1591 Spiritu
2800 1534 3010 1594 partem
3047 1527 3210 1586 habet
3266 1530 3400 1603 (hoc

1814 1616 1919 1666 est,
1956 1608 2133 1661 sancti
2183 1608 2526 1678 baptismatis
2565 1616 2867 1688 lavacrum)
2911 1657 2928 1685 ,
2954 1628 3015 1677 et
3042 1621 3244 1679 eximie
3273 1637 3401 1679 aen-

1818 1696 2043 1750 tentiam
2075 1700 2313 1769 stropha:
2344 1701 2607 1773 disponit,
2643 1716 2902 1779 tanquam
2930 1712 3001 1767 ad
3033 1713 3213 1771 balnei
3263 1729 3398 1772 con—

1816 1790 2069 1849 sectaria.
2098 1792 2279 1860 qualia
2314 1795 2657 1855 balneatores
2700 1814 2918 1870 parant.
2946 1804 3203 1864 Miscetur
3247 1812 3397 1868 enim

1814 1878 1884 1932 ab
1913 1881 2033 1936 istis
2073 1884 2371 1952 lavacrum,
2399 1889 2456 1944 in
2490 1906 2654 1962 caput
2686 1904 2740 1951 et
2763 1896 3024 1955 humeros
3079 1900 3212 1957 illud
3264 1918 3395 1973 gra-

1810 1979 1925 2025 tum
1951 1973 2380 2046 infundentibus,
2407 1981 2646 2053 huicque
2680 1986 2827 2043 velut
2849 1988 3026 2047 imber
3052 1992 3211 2048 dulce
3234 1994 3395 2050 didu-

1805 2063 1950 2118 citur
1979 2065 2264 2124 iluentum.
2296 2070 2509 2129 Curant
2537 2087 2721 2134 autem
2752 2079 2839 2135 isti
2869 2079 3139 2139 fervorem
3165 2085 3392 2141 bonum.

1806 2152 1969 2210 Juxta
1994 2159 2154 2213 talem
2209 2161 2373 2232 igitur
2405 2165 2569 2237 hujus
2615 2172 2853 2241 stropha:
2887 2173 3191 2244 disponens
3245 2178 3394 2233 ordi-

1805 2261 1929 2301 nem
1966 2250 2237 2317 melodus,
2266 2254 2476 2313 hancce
2519 2262 2715 2317 scribit
2774 2267 3100 2321 sententiam
3133 2283 3149 2321 :
3181 2265 3229 2325 0
3254 2269 3395 2327 Deus

1811 2336 2043 2393 Verbum
2068 2342 2162 2412 qui
2178 2344 2504 2406 Christiana:
2521 2356 2953 2422 regenerationis
2969 2358 3214 2415 divinum
3238 2361 3390 2416 lava.

1801 2443 1956 2485 crum
1990 2431 2254 2491 miscuisti
2289 2446 2501 2497 naturae
2531 2442 2808 2513 humana,
2842 2463 2953 2504 non
2986 2450 3243 2518 simplici,
3293 2451 3393 2508 sed

1800 2524 2138 2593 compositae,
2156 2542 2223 2585 ex
2236 2528 2417 2587 anima
2430 2534 2637 2592 scilicet
2656 2537 2955 2596 immortali
2971 2552 3025 2596 et
3039 2545 3385 2614 corruptibili

1797 2628 2045 2686 corpore.
2069 2618 2354 2686 Quomodo
2368 2634 2550 2681 autem
2579 2628 2710 2685 illud
2738 2634 3175 2691 eommlscuisti?
3204 2635 3384 2696 Verbo

1799 2713 1916 2769 tuo,
1942 2707 1995 2762 id
2012 2717 2121 2776 est,
2137 2712 2391 2769 rationali
2419 2717 2771 2777 ordinatione
2790 2730 2844 2778 et
2866 2725 3118 2795 analogia
3138 2727 3209 2781 ad
3245 2727 3388 2783 divi-

1796 2813 1923 2853 nam
1962 2798 2202 2857 hominis
2263 2805 2757 2867 conformationem
2826 2813 3194 2877 convenienti.
3248 2818 3387 2874 Aliis

1796 2893 2000 2960 verbis,
2032 2896 2199 2953 verbo
2223 2908 2314 2955 tuo
2335 2916 2435 2972 per
2472 2905 2850 2964 sanctissimas
2887 2906 3144 2967 Ecclesia
3169 2924 3383 2980 preces,

1798 2984 1957 3052 mihi,
2014 2988 2157 3045 ultra
2194 3002 2446 3050 ceteram
2476 2996 2838 3056 imitationem
2863 3016 2985 3073 qua:
3024 3004 3383 3076 corporaliter

1794 3087 2037 3146 apparet,
2087 3091 2143 3135 et
2193 3083 2414 3141 aliunde
2441 3086 2745 3146 theoretice
2780 3101 3083 3162 reputatur,
3120 3103 3382 3167 tanquam

1791 3167 2018 3226 imbrem
2062 3172 2308 3232 infundis
2338 3176 2601 3235 fluentum
2627 3198 2691 3237 ex
2718 3184 3014 3253 purissimo
3038 3197 3134 3243 tuo
3187 3188 3378 3253 latere.

1789 3261 1957 3330 quod,
1996 3274 2053 3318 ut
2100 3280 2357 3336 expresse
2395 3270 2611 3342 loquar,
2649 3275 2837 3332 lancea
2900 3279 3090 3336 militis
3120 3289 3204 3337 est
3250 3296 3379 3351 per-

1789 3370 2011 3410 cussum
2056 3373 2075 3425 ;
2107 3358 2311 3430 talique
2338 3361 2526 3419 divino
2557 3364 2776 3424 lavacro
2802 3370 3102 3439 pretiosum
3137 3372 3378 3443 Spiritus

1789 3450 2056 3507 fervorem
2097 3453 2363 3511 divinitus
2416 3460 2759 3528 superaddis,
2790 3463 2883 3531 qui
2909 3465 3106 3535 spiritu
3133 3468 3377 3525 viventes

1788 3544 2057 3612 calefacit,
2144 3550 2417 3621 cujusque
2470 3552 2760 3612 manifesta
2814 3569 2947 3615 sunt
3000 3564 3249 3634 symbola
3303 3581 3371 3622 ex

1785 3648 2097 3695 sanctorum
2141 3643 2364 3699 Patrum
2423 3654 2572 3718 typo,
2622 3647 2843 3708 fervida:
2864 3668 3041 3725 aqum.
3078 3655 3232 3723 Quod
3275 3674 3375 3716 au-

1788 3742 1892 3786 tem
1922 3734 2043 3790 talis
2083 3734 2322 3806 Spiritus
2345 3741 2520 3795 sancti
2560 3738 2763 3808 fervor,
2799 3745 2996 3813 vitalis,
3064 3750 3368 3820 vivificaris,

1784 3824 2027 3879 divinum
2082 3827 2256 3882 zelum
2301 3832 2499 3887 animai
2548 3836 2983 3905 communicatis,
3054 3841 3242 3897 ultima
3298 3846 3373 3901 sit

1784 3919 1924 3971 ratio
1970 3932 2278 3992 scopusque
2336 3932 2643 3995 praecipuus
2708 3933 2848 3987 sacri
2877 3932 3243 4003 baptismatis,
3273 3951 3369 3994 os-

1785 4008 1956 4063 tendit
1994 4023 2149 4080 poeta
2181 4014 2372 4072 dicens
2399 4028 2563 4073 totam
2594 4018 2737 4076 hanc
2763 4038 2976 4080 sacram
3002 4026 3365 4085 initiationem

1784 4100 2023 4169 Spiritus
2078 4103 2295 4162 fervore
2345 4110 2643 4181 obsignari.
2677 4114 2830 4170 Sicut
2851 4116 2999 4175 enim
3046 4136 3151 4177 non
3179 4123 3368 4196 signa-

1783 4203 1869 4250 tus
1902 4197 2193 4255 thesaurus
2224 4200 2436 4259 insidiis
2463 4204 2743 4276 objicitur,
2769 4210 2848 4266 sic
2870 4213 3145 4283 impurum
3188 4220 3365 4291 bapti-

1780 4302 1920 4357 sma,
1980 4291 2126 4359 quod
2173 4306 2279 4347 non
2302 4303 2387 4349 est
2427 4310 2522 4364 per
2573 4299 2754 4368 ipsum
2789 4300 3055 4371 Spiritum
3086 4319 3361 4375 sanetum,

1780 4379 2118 4438 dtenionibus
2172 4384 2557 4444 insidiantibus
2603 4390 2764 4449 facile
2803 4395 3092 4454 lacessitur
3133 4405 3361 4471 :qualia

1780 4482 1906 4526 sunt
1967 4484 2289 4531 calet-orum
2353 4478 2732 4540 haereticorum
2770 4488 3092 4557 baptismate
3145 4509 3361 4551 necnon

1779 4564 2248 4635 anabaptistarum
2308 4572 2555 4639 quotidie
2600 4575 3018 4649 baptizantiutn,
3074 4599 3106 4641 a
3157 4589 3361 4659 quibus

1777 4655 1931 4710 abest
2000 4657 2238 4726 Spiritus
2266 4672 2509 4729 sanctus,
2550 4675 2608 4723 ut
2662 4672 2914 4726 nesciens
2946 4673 3089 4739 illos,
3142 4655 3359 4736 tametsi

1779 4750 1953 4816 ipsum
1998 4748 2274 4808 invocent.
2349 4754 2451 4810 Hic
2479 4766 2662 4813 autem
2696 4765 3103 4833 recogitandum
3152 4782 3239 4827 est
3274 4776 3357 4829 la-

1776 4851 1995 4891 vacrum
2085 4855 2206 4897 esse
2259 4858 2478 4915 quoque
2528 4848 2797 4919 divinum,
2834 4853 2971 4910 illud
3000 4860 3143 4927 quod
3177 4861 3236 4917 fit
3263 4879 3361 4934 per

1774 4928 2062 4999 lacrymas,
2134 4942 2190 4987 et
2242 4934 2376 4990 illud
2434 4941 2579 5009 quod
2625 4945 3001 5002 monachicum
3044 4960 3161 5006 est:
3194 4928 3280 5009 bis
3306 4965 3361 5011 et

1775 5017 1911 5087 ipsis
1947 5017 2184 5087 Spiritus
2219 5023 2399 5079 fervor
2444 5032 2759 5089 accenditur
2812 5047 2867 5092 et
2934 5040 3089 5097 ardet
3145 5044 3198 5098 in
3254 5047 3361 5101 illis

1771 5112 1864 5179 qui
1917 5113 2119 5168 fervide
2153 5119 2459 5188 suScipiunt
2533 5139 2617 5178 ea.
2673 5127 2729 5182 In
2759 5143 2940 5189 mente
3003 5149 3133 5191 vero
3194 5140 3359 5194 simul

1773 5203 2082 5259 habendum
2143 5220 2248 5274 est,
2300 5214 2447 5282 quod
2511 5220 2656 5273 sicut
2703 5222 2907 5279 dictum
2958 5222 3224 5285 fervorem
3265 5246 3360 5287 ea-

1768 5306 1932 5351 ornat
1996 5296 2237 5369 Spiritus
2266 5305 2431 5360 simul
2491 5314 2833 5380 enuntiatus,
2890 5320 2972 5374 sic
3002 5322 3166 5375 etiam
3208 5322 3353 5378 divi-

1774 5404 1903 5443 num
1927 5394 2337 5460 superadditum
2374 5408 2459 5455 est
2491 5402 2690 5461 lavacri
2717 5406 3186 5470 decoramentum.
3217 5414 3352 5470 Ver-

1771 5484 1897 5538 bum
1922 5496 2102 5541 autem
2130 5487 2309 5573 λόγος,
2343 5496 2435 5564 qtti
2468 5500 2769 5556 secundum
2795 5519 3011 5559 versum
3040 5513 3349 5580 antegredi-

1773 5586 1880 5640 tnr,
1931 5594 2315 5639 ornamentum
2340 5599 2424 5642 est
2452 5595 2755 5659 sententia},
2781 5595 2923 5651 sicut
2947 5598 3155 5656 dictum
3179 5613 3263 5659 est
3290 5618 3347 5661 et

1773 5672 1964 5725 iterum
2016 5672 2249 5731 dicetur.

2852 5938 2929 5999 20
