3760 6558
228 384 313 453 σει
962 378 1047 440 ΙΝ
1089 376 1430 441 IIYMNUM
1477 376 2135 443 PENTECOSTALEM
2178 379 2661 444 DAMASCENI.

3349 383 3461 453 622‘

224 510 315 580 γὰρ
345 503 470 559 Θεοῦ
518 502 855 556 συντέθειται
886 502 913 553 ὁ
964 500 1254 570 ἄνθρωπος
1304 502 1755 573 διεξοδικωτέρῳ,

1939 517 2100 572 mque
2132 499 2226 556 Dei
2257 499 2593 569 composit-ts
2634 510 2716 554 est
2761 501 2923 554 Immo
2964 502 3224 574 largiore,
3256 507 3450 576 sicque

223 602 304 653 καὶ
330 596 461 650 οὕτω
510 593 717 646 πλείονι
766 596 860 645 καὶ
895 591 1222 661 ὲνδοξοτὲριρ
1277 594 1387 647 τῶν
1437 597 1543 665 πρὸ
1588 594 1758 649 αὐτοῦ

225 685 595 757 παραχθέντων,
630 683 706 745 ὡς
734 681 885 735 ἐστιν
939 683 1004 734 ἐκ
1051 683 1153 752 τῆς
1201 683 1485 754 θειοτάτης
1538 683 1765 754 Γραφῆς

219 776 565 840 ἀναλέξασθαι.
603 775 711 829 Καὶ
732 777 915 827 τοίνυν
946 777 1087 829 κατὰ
1108 775 1368 847 τοιαύτην
1392 777 1524 840 ἴσως
1549 776 1765 831 ιννοιαν

220 866 572 935 συντεθεεμένη
622 865 786 936 φύσις
817 865 1025 937 ἠθικῶς
1049 868 1079 920 ό
1110 867 1402 939 ἄνθρωπος
1430 868 1629 937 λέγοιτ’
1655 869 1722 923 ἁν
1744 883 1759 898 ο

217 958 367 1020 ἄλλως
390 958 495 1025 γὰρ
523 960 618 1011 καὶ
647 958 714 1011 τὰ
759 956 899 1011 ἄλλα
922 956 1154 1028 σώματα
1202 956 1455 1014 κελεύσει
1497 958 1594 1013 τοῦ
1621 958 1760 1013 Θεοῦ

215 1049 447 1116 γεγονόῦα
482 1047 714 1102 σύνθετὰ
746 1050 907 1111 είσιν.
940 1049 1004 1102 οὐ
1033 1048 1208 1120 δήπου
1252 1051 1362 1121 γὰρ
1397 1048 1568 1105 ἁπλᾶ.
1600 1051 1675 1104 Τὸ
1704 1050 1762 1104 δὲ

216 1138 470 1208 κεραυνὸς,
498 1135 665 1191 καλὸν
690 1135 751 1191 ὃν
783 1139 864 1201 εἰς
899 1137 999 1208 τήν
1021 1140 1165 1194 κατὰ
1191 1138 1255 1195 τὸ
1278 1139 1502 1213 λουτρὸν
1527 1139 1761 1211 τροπὴν,

213 1231 315 1285 οὐδὲ
338 1232 418 1293 είς
442 1229 541 1299 τήν
559 1229 658 1284 τοῦ
683 1229 845 1297 ἁγίου
876 1229 1258 1303 βαπτίσματος
1288 1231 1500 1287 ἔννοιαν
1524 1231 1762 1296 ἀκαλλὲς

213 1322 312 1375 ἐστι
334 1335 347 1350 ’
375 1320 465 1373 καὶ
496 1319 604 1390 γὰρ
641 1321 739 1375 καὶ
765 1322 954 1376 ικείνα
982 1322 1381 1393 μυστηριωδῶς
1407 1322 1757 1391 κεράννυται,

142 1470 147 1475 ,
211 1414 273 1475 ὡς
300 1412 492 1466 οἴδασιν
516 1412 565 1464 οἱ
594 1417 948 1483 μεμυημένοι
974 1413 1110 1485 παρ’
1136 1408 1220 1478 οἷς
1245 1415 1340 1468 καὶ⁵
1371 1414 1431 1468 τὸ
1457 1414 1761 1484 ἁγιώτατον

213 1501 363 1573 μύρον
390 1487 488 1557 και
522 1502 584 1554 τὸ
627 1502 810 1573 τίμιον
842 1502 1025 1560 ἔλαιον
1069 1503 1324 1559 θειότατα
1378 1504 1758 1575 μεμυστηρία-

212 1612 316 1650 erat
338 1610 352 1624 ·
388 1593 697 1667 συμποτικὴ
742 1594 801 1648 δὲ
827 1595 974 1662 λέξις
1012 1594 1149 1651 οὖσα
1175 1596 1238 1650 τὸ
1281 1591 1636 1668 κεραννύναί.
1666 1597 1760 1650 καὶ

211 1686 342 1757 παρὰ
370 1685 425 1739 τὸ
456 1686 624 1757 κέρας
681 1688 975 1758 γενομένη,
1008 1687 1079 1741 δι’
1114 1684 1175 1742 οῦ
1224 1688 1327 1759 τὴν
1368 1688 1530 1742 πόσιν
1556 1690 1606 1742 ei
1653 1707 1758 1743 πα-

210 1779 326 1831 λαιοὶ
357 1780 780 1850 προσεφέροντο,
801 1779 1192 1851 μετενήνεκται
1226 1781 1352 1850 ἁρτι
1374 1779 1586 1835 ἐκεῖθεν
1620 1781 1761 1834 θειό-

1868 591 2077 663 majore
2109 601 2164 647 et
2197 591 2494 648 illustriore
2521 601 2685 662 quam
2717 607 2783 647 ea
2809 606 2932 663 qua:
2952 603 3079 651 ante
3106 595 3288 667 ipsum
3315 613 3451 668 pro-

1866 682 2031 739 ducta
2083 691 2234 748 sunt,
2278 692 2337 737 ut
2390 698 2457 737 ex
2516 682 2860 740 divinissima
2930 682 3217 757 Scriptura
3273 701 3453 761 potest

1868 773 2123 845 intelligi.
2157 773 2344 845 itaque
2370 773 2526 844 juxta
2580 775 2744 831 talem
2782 777 3113 835 sententiam
3147 785 3450 853 composita

1867 874 2064 922 natura
2128 867 2413 922 moraliter
2474 868 2641 923 homo
2703 867 3035 925 diceretur:
3085 871 3245 928 aliter
3303 876 3449 931 enim

1865 968 2064 1016 cetera
2129 974 2349 1030 quoque
2397 974 2628 1031 corpora
2686 959 2781 1016 Dei
2834 961 3086 1031 jnssione
3152 966 3445 1035 producta,

1866 1049 2170 1118 composita
2207 1059 2360 1118 sunt,
2407 1066 2513 1108 non
2560 1060 2696 1107 sane
2740 1052 3037 1122 simpliciai
3073 1054 3189 1111 Vox
3255 1064 3441 1114 autem

1865 1142 2135 1211 κεραννὺς
2169 1141 2236 1197 ad
2273 1151 2492 1213 trepum
2518 1143 2584 1200 de
2609 1144 2809 1201 balneo
2839 1144 3007 1212 bona,
3040 1160 3142 1203 nec
3167 1148 3235 1202 ad
3264 1151 3447 1205 sancti

1868 1233 2209 1302 baptismatis
2263 1235 2591 1291 sententiam
2644 1245 2729 1292 est
2772 1237 3087 1295 invenusta.
3142 1239 3243 1298 llic
3295 1243 3442 1299 eillin

1865 1326 2029 1379 etiam
2065 1326 2293 1396 mystica
2349 1328 2407 1381 lit
2460 1327 2667 1395 mistio,
2707 1330 2852 1385 sicut
2895 1343 3169 1388 noverunt
3222 1334 3447 1403 initiati,

1862 1430 1965 1486 pro
1981 1416 2185 1485 quibus
2215 1417 2628 1474 sanctissimum
2680 1432 3019 1493 unguentum
3051 1432 3108 1480 et
3147 1426 3446 1494 pretiosum

1864 1511 2047 1564 oleum
2078 1509 2421 1567 divinissime
2450 1520 2771 1569 consecrata
2807 1524 2958 1570 sunt.
2986 1515 3303 1574 Convivalis
3339 1534 3449 1574 αυ-

1865 1612 1973 1657 tem
1997 1617 2121 1656 cum
2156 1606 2226 1656 sit
2254 1602 2422 1659 dictio
2444 1604 2505 1657 τὸ
2536 1606 2890 1677 κεραννύναι,
2922 1616 2975 1662 et
3001 1606 3160 1678 juxta
3190 1608 3249 1663 τὸ
3277 1612 3447 1683 κέρας

1866 1686 2035 1753 facta,
2074 1705 2184 1759 quo
2213 1699 2400 1761 potqu
2429 1702 2642 1749 veteres
2665 1695 3040 1765 proferebant,
3072 1713 3219 1755 nunc
3245 1701 3445 1755 exinde

1865 1780 2109 1838 derivata
2138 1792 2225 1839 est
2259 1783 2497 1840 divinior
2532 1795 2665 1842 sane
2699 1787 2927 1845 mistura
2948 1830 2966 1857 ,
2995 1806 3116 1862 qua:
3144 1808 3305 1848 sacro
3328 1791 3443 1849 fur-

208 1887 341 1941 τερον
373 1869 562 1940 δηλοῦν
598 1872 787 1942 μίγμα.
815 1871 879 1925 τὸ
913 1871 1056 1925 κατὰ
1093 1869 1155 1926 τδ
1185 1870 1342 1939 ἅγιον
1377 1870 1582 1944 θερμὸν
1616 1865 1757 1941 αἷμα

1934 1873 2123 1943 utique
2157 1875 2424 1946 sanguine
2448 1890 2659 1932 necnon
2686 1890 2829 1947 aqua
2857 1893 3143 1945 constans.
3175 1897 3240 1940 ex
3272 1883 3442 1940 latere

207 1962 285 2016 καὶ
311 1960 446 2033 ὕδωρ
467 1963 528 2015 τὸ
560 1965 626 2017 ὲκ
652 1963 755 2035 τῆς
784 1964 1026 2036 πλευρᾶς
1064 1962 1157 2018 τοῦ
1206 1964 1462 2036 Σωτῆρος
1494 1964 1755 2036 Χριστοῦ.

210 2056 345 2109 Ἐστι
390 2055 446 2108 δὲ
475 2055 805 2125 λογίσασθαι
840 2058 922 2110 ὅτι
973 2057 1113 2128 πρὸς
1145 2056 1209 2111 τὸ
1261 2057 1589 2128 κεραννύναι
1624 2058 1757 2122 ira);

205 2151 415 2220 ἐπῆκται
445 2151 537 2203 καὶ
564 2151 598 2221 ή
631 2148 1022 2221 συντεθειμίνη
1050 2135 1213 2222 φῦσις
1234 2152 1269 2221 ή
1296 2150 1420 2206 κατ’
1444 2150 1758 2223 ἄνθρωπον,

206 2240 352 2317 ἶναῇ
408 2242 685 2313 ἁρμόττον
730 2244 794 2295 τὸ
847 2243 1223 2313 πνευματικὸν
1278 2243 1442 2298 τοῦτο
1500 2245 1758 2315 κέρασμα

204 2336 347 2405 ῆγουν
401 2336 589 2405 κρᾶμα
646 2334 784 2406 πρὸς
834 2332 897 2388 τὸ
955 2333 1290 2390 θεόπλαστον
1346 2335 1613 2405 σύνθεμα,
1663 2335 1759 2390 καὶ

205 2429 450 2500 ἀναμιχθῇ
509 2429 756 2499 συ.θέτῳ
808 2427 987 2499 τούτῳ
1023 2428 1282 2483 σύνθετον
1327 2427 1606 2483 θειότατον
1661 2426 1759 2482 καὶ

205 2523 355 2574 ίκεῐνο
374 2523 430 2575 τὸ
455 2524 518 2575 ἐκ
565 2521 729 2576 Θεοῦ.
760 2521 1015 2577 Μάλιστα
1042 2522 1100 2575 δὲ
1130 2521 1409 2591 λογιστέον
1435 2522 1518 2577 ὅτι
1548 2522 1645 2575 καί⁸
1670 2522 1756 2576 αἷ-

205 2630 351 2683 νιγμα
375 2613 475 2684 τῆς
511 2617 755 2685 φρικτῆς
786 2615 897 2668 τῶν
946 2614 1277 2683 ἁγιωτάτων
1310 2615 1631 2686 μυστηρίων
1658 2612 1753 2667 τοῦ

204 2706 318 2759 Θεοῦ
361 2706 741 2777 μεταλήψεως,
773 2708 807 2778 ή
850 2706 1103 2777 παροῦσα
1134 2706 1338 2778 φράσις
1365 2706 1482 2760 ἐστί
1506 2719 1521 2737 ⁸
1565 2705 1757 2777 κρᾶμα

204 2797 295 2867 γὰρ
315 2798 629 2866 ἁγιαστικδν
656 2799 773 2853 ἐκεῖ
798 2798 1032 2868 αἵματος
1065 2797 1333 2869 κυριακοῦ
1383 2797 1757 2868 μυστηριὰζε-

203 2906 279 2942 ται
320 2890 409 2943 καὶ
452 2889 649 2954 ὓδατος
700 2891 796 2944 καὶ
841 2890 1047 2956 ζέσεως
1089 2890 1474 2962 πνευματικῆς
1522 2890 1635 2945 τῶν
1692 2892 1757 2943 ὲκ

206 2981 418 3053 πλευρᾶς
445 2983 733 3054 ἀκηράτου
760 2982 829 3037 δι’
855 2978 923 3056 ἧς
953 2982 1399 3053 ἁνεπλὰσθημεν.
1427 2983 1492 3036 Εί
1524 2980 1585 3036 δὲ
1611 2980 1674 3036 τὸ
1700 2981 1757 3047 ἐξ

202 3075 451 3147 ἀκηράτου
479 3078 621 3147 πρὸς
674 3078 736 3131 τὸ
767 3076 1031 3149 κεραννὺς
1059 3076 1276 3147 ἀπήχθη
1303 3075 1445 3133 κατὰ
1483 3091 1630 3141 τινα,
1667 3092 1759 3129 τυ-

201 3168 334 3239 χαίαν
368 3167 484 3240 μὲν,
544 3170 816 3237 γλυκεῖαν
846 3168 904 3223 δὲ
938 3168 1191 3223 είκασίαν
1224 3168 1526 3239 ῥητορικῆς
1572 3183 1754 3237 mpn-

201 3263 386 3329 χήσεως
445 3263 614 3315 ὁποία
671 3260 766 3314 καὶ
807 3259 1036 3314 τοιαῦτα
1089 3260 1261 3315 πολλὰ
1306 3262 1420 3323 τοῖς
1481 3260 1756 3331 γράφουσι

203 3352 667 3424 παραπίπτουσιν,
722 3354 823 3408 οὐκ
875 3354 1179 3417 ἀναγκαῖον
1234 3350 1753 3423 δξακριὸὡσασθπμ

204 3450 340 3516 μόνον
392 3447 445 3502 δὲ
482 3448 954 3520 παρασημαντέον
982 3447 1057 3505 ὡς
1116 3445 1363 3501 τοιοῦτον
1410 3446 1505 3500 καὶ
1555 3446 1611 3498 ὲν
1642 3448 1755 3508 τοῖς

199 3538 304 3610 ἑξῆς
329 3542 404 3605 τὸ.
445 3540 708 3608 κάμπτει
735 3544 880 3612 γόνυ
912 3543 1072 3611 γόνῳ
1096 3542 1327 3610 Πατρός
1350 3556 1363 3572 ⁶
1401 3543 1498 3595 καὶ
1519 3539 1756 3610 ἀλλαχοῦ

199 3635 266 3697 τὸ,
298 3634 361 3697 ἐξ
407 3633 758 3703 ἁλοχεύτου
812 3634 1150 3704 προελθὼν,
1208 3634 1306 3687 καὶ
1357 3633 1608 3704 λογχθεὶς
1658 3634 1757 3699 τὴν

199 3724 432 3797 πλευράν.

257 3818 356 3887 ρς’.
385 3820 458 3873 Τὸ
475 3818 533 3873 δὲ
559 3819 984 3890 ὀμϐροόλυτείς,
1014 3818 1338 3889 θαυμασίως
1359 3820 1474 3891 ἔχει
1502 3821 1638 3892 πρὸς
1664 3822 1759 3893 δή·

200 3909 347 3963 λωσιν
377 3911 468 3964 τοῦ
524 3911 676 3965 κατὰ
716 3912 780 3964 τὺ
812 3911 970 3979 ἅγιον
1005 3908 1146 3982 αἷμα
1173 3912 1270 3965 καὶ
1319 3910 1487 3983 ὕδωρ,
1539 3914 1629 3967 ὅτε
1664 3916 1758 3966 Δε-

198 4004 436 4073 σποτικῆς
491 4003 759 4072 νυγείσης
811 4003 1054 4074 πλευρᾶς
1103 4002 1347 4074 ἐξῆλθεν.
1406 4004 1619 4069 ’Ἄλλως
1654 4006 1754 4076 μὲν

196 4093 290 4162 γὰρ
335 4093 629 4163 ἁσύμὸατα
659 4094 739 4156 είς
766 4092 850 4158 ἓν,
898 4095 932 4164 ή
978 4096 1193 4157 πάντως
1225 4094 1438 4149 ἄνωθεν
1484 4095 1757 4166 όμΰρησις

198 4186 280 4237 καὶ
307 4187 338 4255 ή
370 4184 625 4239 κάτωθεν
675 4183 863 4254 βλύσις
889 4200 906 4217 ο
938 4186 1029 4237 ἐπὶ
1056 4184 1114 4239 δὲ
1159 4184 1257 4239 τοῦ
1304 4187 1362 4237 ἑν
1385 4183 1463 4255 τῷ
1499 4188 1757 4255 παντίμῳ

199 4277 388 4347 σταυρῷ
431 4278 791 4348 θεανθρὼπου
823 4277 1001 4345 Λόγου
1030 4274 1460 4346 ἀξιολογώτατον
1487 4277 1548 4330 τὸ
1583 4277 1754 4349 ῥῆμα.

206 4370 258 4425 '0
284 4374 374 4441 μὲν
423 4378 533 4446 γὰρ
588 4374 818 4446 ὄμϐρος,
844 4373 907 4426 τὸ
954 4373 1049 4427 καὶ
1091 4373 1290 4443 ὑψόθεν
1338 4375 1437 4429 καί⁸
1485 4376 1550 4427 εκ
1607 4373 1757 4436 θείας

198 4466 413 4538 πλευρᾶς
441 4470 503 4522 τὸ
532 4468 859 4537 ἁγιαστικὺν
878 4464 1020 4539 αἷμα
1053 4470 1146 4522 καὶ
1175 4468 1320 4541 ὕδωρ
1346 4468 1628 4523 κατελθεῖν
1659 4487 1757 4540 ση-

1862 1958 2164 2020 Salvatoris
2226 1961 2430 2021 Christi
2494 1965 2774 2037 proﬂuxit.
2834 1970 3021 2028 Potest
3077 1988 3206 2030 vero
3263 1977 3441 2046 putari

1859 2057 2005 2127 quod
2050 2057 2117 2112 ad
2166 2057 2228 2112 τὸ
2281 2060 2611 2130 κεραννύναι
2650 2070 2732 2117 est
2782 2063 2951 2117 relata
2989 2065 3155 2120 etiam
3208 2068 3444 2123 hominis

1860 2155 2055 2202 natura
2087 2149 2415 2218 composita,
2464 2158 2525 2205 ut
2574 2151 2667 2207 illa
2714 2152 2978 2223 spiritalis
3042 2157 3270 2211 mistura
3327 2166 3445 2213 δινυ

1859 2238 2173 2296 commistio
2195 2255 2321 2295 cum
2344 2242 2527 2298 divina
2561 2245 2958 2315 compositione
2978 2249 3047 2302 sit
3072 2250 3323 2319 adoptata
3353 2262 3447 2315 ,οι

1860 2331 1987 2387 huic
2047 2334 2354 2403 composito
2396 2335 2802 2393 divinissitnum
2850 2339 2996 2396 istud
3046 2343 3440 2414 compositum,

1858 2422 2006 2491 quod
2025 2438 2090 2479 ex
2118 2424 2228 2481 Deo
2243 2428 2715 2493 est,comniistum
2742 2432 2835 2487 sit.
2866 2431 3102 2487 Maxime
3138 2449 3265 2491 vero
3294 2436 3445 2506 engi-

1860 2511 2083 2568 tandum
2131 2522 2217 2570 est
2264 2525 2589 2585 praesentem
2642 2519 2939 2577 dictionem
2979 2538 3104 2579 esse
3141 2528 3444 2580 tremendae

1859 2604 2336 2662 sanctissimorum
2402 2606 2497 2663 Dci
2558 2611 2947 2683 mysteriorum
3006 2613 3441 2686 participatidnis

1856 2694 2091 2767 mnigma
2123 2714 2139 2752 :
2175 2706 2262 2755 est
2304 2701 2450 2755 enim
2498 2702 2573 2757 ibi
2615 2706 2845 2775 mystice
2897 2707 3246 2764 sanctissima
3295 2725 3445 2765 cum-

1858 2784 2046 2841 mistio
2069 2785 2337 2843 Dominici
2366 2791 2651 2861 sanguinis
2688 2800 2738 2847 et
2769 2806 2949 2864 aqua},
2976 2810 3184 2851 net-non
3212 2797 3447 2854 fervoris

1859 2878 2186 2947 spiritualis,
2211 2895 2242 2935 e
2262 2881 2558 2950 purissimo
2580 2882 2774 2950 latere,
2808 2900 2917 2956 quo
2953 2886 3203 2955 plasmati
3231 2904 3441 2960 sumus,

1859 2972 2270 3043 proﬂuentium.
2309 2973 2391 3029 An
2434 2985 2618 3031 autem
2655 2977 2778 3044 hoc,
2844 2979 2905 3044 ἐξ
2941 2982 3249 3051 ἀκηράτου,
3284 2981 3444 3050 juxta

1859 3066 2181 3135 quamdam,
2224 3066 2507 3123 fortuitam
2562 3070 2822 3140 quidem,
2858 3073 2953 3130 sed
2982 3075 3283 3144 jucundam
3321 3058 3446 3133 rbe-

1865 3159 2052 3213 toricne
2084 3158 2269 3230 ﬁgurae
2299 3161 2366 3217 de
2412 3176 2550 3216 sono
2602 3160 2911 3220 imitatione
2961 3167 3227 3236 speciem,
3258 3169 3441 3240 qualia

1863 3260 1993 3306 sunt
2032 3250 2399 3309 scribentibus
2449 3255 2634 3324 elapsa
2692 3257 2880 3323 multa,
2939 3260 3005 3313 ad
3054 3259 3113 3313 τὸ
3175 3263 3444 3330 κεραννύς

1861 3344 2095 3397 relatum
2136 3345 2226 3407 sit,
2258 3359 2364 3401 non
2400 3360 2624 3402 necesse
2650 3356 2738 3402 est
2766 3358 3022 3405 accurate
3051 3350 3267 3405 deliniri
3300 3370 3314 3407 :
3351 3367 3443 3407 so-

1860 3435 1969 3490 lum
1990 3450 2117 3491 vero
2139 3438 2434 3493 notandum
2459 3437 2561 3493 tale
2587 3453 2803 3511 quoque
2827 3456 2950 3497 esse
2982 3442 3035 3496 in
3064 3444 3444 3513 sequentibus,

1858 3521 2025 3595 ﬂectit
2063 3528 2193 3597 γόνυ
2243 3530 2385 3601 γόνῳ
2440 3528 2655 3598 Patris;
2704 3541 2759 3586 et
2801 3532 2932 3588 alibi
2972 3550 2987 3588 :
3029 3533 3090 3599 ἐξ
3140 3535 3441 3607 ἁλοχεύτου

1861 3620 2186 3691 procedens,
2230 3631 2286 3677 et
2321 3624 2491 3679 latere
2530 3622 2804 3696 λογχθείς.

1936 3800 2058 3854 ltili.
2106 3800 2217 3853 Vox
2258 3800 2685 3871 ὀμϐροσλυτεῐς,
2727 3802 2998 3857 mirabilis
3043 3812 3128 3858 est
3172 3804 3239 3858 ad
3271 3803 3445 3877 signi-

1862 3893 2137 3947 licandum
2170 3896 2315 3947 sacri
2357 3894 2643 3964 sanguinis
2686 3904 2741 3950 et
2791 3910 2946 3964 aquae
2982 3893 3271 3961 ﬂuentum,
3316 3912 3443 3954 cum

1858 3998 2183 4054 epercusso
2229 3984 2443 4039 Domini
2502 3987 2672 4041 latere
2691 3986 2884 4041 exivit.
2935 3985 3050 4041 Non
3106 3989 3251 4041 enim
3305 3988 3445 4043 alias

1863 4092 1968 4130 una
2035 4085 2341 4147 congruunt
2396 4077 2624 4148 pluvia,
2686 4093 2810 4148 quae
2867 4079 3157 4135 desursum
3219 4081 3446 4137 omnino

1861 4167 2032 4232 venit,
2088 4177 2144 4223 et
2191 4167 2389 4223 eli'usio
2415 4206 2430 4231 ,
2467 4183 2590 4237 qu.e
2643 4169 2713 4225 ab
2748 4169 2859 4224 imo
2896 4179 2981 4225 est
3034 4170 3351 4243 (ὖμσρησις
3388 4180 3446 4226 et

1861 4258 2075 4329 βλύσις)
2096 4274 2113 4328 ;
2158 4259 2254 4315 sed
2287 4258 2355 4313 de
2394 4256 2576 4314 Verbo
2615 4257 3029 4331 Tlteanthropo,
3082 4262 3445 4317 venerandis-

1858 4353 2014 4408 simae
2052 4352 2203 4408 cruci
2236 4352 2418 4419 aﬂixo,
2451 4352 3042 4410 convenientissimum
3068 4365 3152 4410 est
3180 4354 3387 4410 dictum
3426 4373 3441 4409 :

1860 4443 2046 4512 pluvia
2115 4459 2353 4515 namque
2413 4443 2671 4516 (ὄμϐρος)
2734 4448 2970 4516 desuper
3021 4455 3078 4501 et
3133 4460 3199 4502 ex
3259 4448 3447 4503 divino

200 4536 358 4630 μαίνει
380 4577 394 4591 ·
424 4562 486 4614 τὸ
518 4536 812 4631 δὲίβλυειν,
841 4560 903 4614 τὸ
925 4536 1036 4615 απὸ
1060 4562 1158 4631 τῆς
1198 4536 1364 4630 γῆθεν
1395 4536 1757 4632 προσλήψεως

1934 4550 2038 4593 ;cre
2057 4536 2496 4593 sacratissimum
2534 4538 2859 4609 sanguinem
2905 4549 2960 4595 et
2987 4555 3184 4609 aquam
3209 4540 3447 4598 exivisso

198 4653 362 4707 ἐκεῖνα
416 4655 767 4726 προρῤεῦσαι
815 4654 986 4724 δηλοῖ.
1036 4655 1333 4725 Ἀκήρατος
1382 4654 1439 4708 δὲ
1484 4654 1756 4724 πλευρἁὴ

197 4745 279 4800 τοῦ
304 4747 575 4801 Δεσπότου
601 4746 760 4812 θεοῦ,
787 4747 877 4798 διὰ
902 4747 963 4797 τὸ
987 4744 1062 4816 μὴ
1093 4746 1290 4798 παθεῖν
1313 4747 1461 4815 κῆρα
1491 4746 1589 4817 τὴν
1616 4748 1758 4811 κατὰ

195 4836 363 4903 ἁπλῶς
407 4840 721 4911 ἄνθρωπον.
760 4840 821 4894 Ei
861 4841 972 4909 γὰρ
1021 4840 1115 4892 καὶ
1164 4838 1239 4907 μὴ
1288 4839 1565 4909 ἁφθίρτος
1620 4839 1758 4894 οῦσα

194 4932 289 5002 πρὸ
314 4932 545 4987 θανάτου
585 4935 621 4999 ἡ
667 4931 973 5001 Δεσποτικὴ
1007 4930 1143 5001 σὰρξ
1175 4930 1475 5000 ἑνεκρώοη,
1506 4928 1572 5003 ἦς
1600 4936 1695 4984 καὶ
1721 4933 1754 5001 ή

195 5022 386 5094 πλευρὰ
418 5024 606 5095 μέρος,
630 5023 746 5076 ἀλλ’
776 5023 879 5077 οὐκ
904 5018 1011 5076 εἶδε
1045 5022 1366 5092 διαφθορὰν,
1400 5025 1461 5075 οὐ
1496 5026 1605 5094 μὴν
1632 5024 1757 5076 οὐδὲ

193 5115 381 5187 φθορὰν
410 5116 555 5188 μετὰ
580 5118 642 5171 τὸ
680 5118 854 5181 πάθος
897 5117 991 5170 καὶ
1033 5119 1130 5187 τὴν
1186 5117 1424 5185 ἔγερσιν,
1452 5116 1527 5180 ὡς
1553 5118 1755 5185 διαιρωο

192 5207 315 5272 sitiat
352 5210 446 5265 καὶ
497 5212 526 5263 ὁ
583 5211 647 5262 ὲκ
683 5208 977 5280 Δαμασκοῦ
1033 5209 1286 5279 λαμπρὸς
1337 5209 1592 5280 δᾳδοῦχος
1644 5212 1754 5264 τῶν

193 5299 345 5369 ἁγίων
388 5303 645 5374 Γραφῶν.
680 5302 755 5356 Τὸ
795 5302 854 5357 δι
881 5304 1221 5373 νενυγμένης
1276 5303 1521 5372 πλευρᾶς
1570 5321 1757 5374 κυριοο

192 5392 467 5463 λεκτεῖται,
496 5397 572 5460 ὡς
602 5397 834 5451 παλαιαὶ
864 5396 1085 5467 δηλοῦσι
1115 5396 1366 5467 χρήσεις,
1412 5399 1470 5449 ἐν
1510 5391 1598 5461 αἷς
1627 5399 1757 5450 νύσ-

195 5502 293 5543 ortv
319 5488 535 5559 λέγεται
564 5491 625 5545 τὸ
652 5492 863 5545 κεντεῖν
892 5506 907 5521 ·
939 5489 1116 5552 ἄλλως
1145 5489 1201 5543 δὲ
1226 5490 1505 5563 τροπικῶς
1538 5490 1755 5544 νύσσειν

193 5577 389 5649 λέγεται
421 5583 514 5636 καὶ
556 5584 616 5635 τὸ
643 5583 827 5652 λόγοις
876 5581 911 5653 ῆ
964 5582 1151 5653 ἔργοις
1184 5582 1452 5654 ἐρεθίζειν
1504 5584 1623 5636 τινα
1673 5584 1752 5647 εἰς

195 5673 374 5743 πρᾶξιν
404 5677 641 5731 οίανοῦν.

257 5854 353 5925 ρξ’.
395 5853 457 5910 'ii
489 5855 546 5910 δὲ
595 5857 743 5921 ζὲσις
772 5854 868 5909 τοῦ
914 5852 1232 5926 Πνεύματος
1282 5853 1613 5924 πεπόρισται
1650 5851 1751 5923 μὲν

1862 4630 2170 4701 significat;
2203 4645 2493 4701 erumpere
2529 4630 2759 4704 (βλύειν)
2800 4646 2931 4687 vero
2962 4648 3029 4687 ex
3068 4632 3448 4704 assumptione

1865 4735 2080 4780 terrena
2115 4724 2220 4779 ista
2256 4723 2582 4794 proﬂuxisse
2631 4723 2897 4781 ostendit.
2947 4723 3330 4798 lncorrnptum
3362 4734 3447 4782 est

1865 4816 2081 4872 Domini
2118 4814 2209 4871 Dei
2240 4816 2404 4882 latus,
2436 4831 2502 4872 eo
2552 4816 2702 4887 quod
2753 4818 2888 4873 meri
2938 4818 3181 4875 hominis
3206 4834 3314 4874 non
3355 4835 3445 4874 su-

1864 4911 2025 4965 bierit
2057 4908 2250 4966 latum.
2307 4908 2420 4965 Etsi
2449 4911 2621 4975 enim,
2664 4925 2772 4965 non
2803 4910 3117 4981 incorrupta
3143 4924 3270 4966 ante
3301 4927 3446 4965 mur-

1864 5011 1995 5064 tcm,
2025 5015 2156 5055 caro
2188 4999 2400 5055 Domini
2456 5010 2673 5055 mortua
2719 5009 2827 5060 est,
2862 5001 3023 5070 cujus
3052 5014 3270 5071 quoque
3302 5000 3445 5055 latus

1862 5108 1988 5163 pars
2039 5103 2181 5157 erat,
2237 5108 2345 5148 non
2409 5099 2588 5147 tamen
2656 5092 2792 5147 vidit
2844 5093 3283 5162 corruptionem,
3344 5106 3442 5145 nec

1864 5188 2029 5241 ullam
2067 5187 2447 5245 alterationeni
2482 5195 2604 5255 post
2633 5186 2944 5255 passionem
2978 5202 3045 5241 ac
3080 5185 3443 5241 resurrectio-

1860 5295 2011 5348 nem,
2046 5288 2105 5334 ut
2159 5280 2393 5345 explicat
2448 5279 2681 5335 illustris
2738 5295 2802 5333 cx
2864 5278 3131 5335 Damasco
3159 5293 3439 5332 sacrarum

1858 5377 2264 5444 Scripturarum
2305 5374 2679 5431 'lucernarius.
2723 5373 2900 5429 Dictio
2942 5388 3072 5429 vero
3106 5369 3442 5441 νενυγμένης

1860 5470 2130 5541 πλευρᾶς,
2188 5468 2407 5539 proprie
2456 5465 2714 5531 sumitur,
2772 5475 2832 5519 ut
2885 5462 3097 5530 antiqui
3145 5462 3445 5517 ostendunt

1860 5554 2017 5630 usus,
2041 5562 2243 5633 quibus
2278 5560 2498 5615 νύσσειν
2530 5558 2735 5614 dicitur
2772 5556 2834 5609 τὸ
2866 5556 3119 5609 κεντεῑνι
3162 5554 3299 5609 alias
3343 5569 3441 5607 au-

1860 5670 1967 5715 tem
2000 5657 2244 5723 νύσσειν,
2286 5654 2469 5711 verbis
2500 5662 2556 5709 et
2584 5651 2849 5724 operibus
2884 5650 3124 5720 aliquem
3158 5647 3228 5703 ad
3254 5662 3442 5718 quemh

1856 5767 2074 5824 cunque
2127 5761 2309 5807 actum
2335 5749 2594 5811 excitare,
2632 5745 2841 5814 tropice
2864 5743 3085 5798 dicitur.

1932 5848 2050 5902 107.
2096 5846 2301 5903 Fet-sor
2330 5853 2510 5900 autem
2545 5840 2779 5911 Spiritus
2809 5846 2984 5910 poene
3031 5836 3250 5908 quidem
3303 5846 3443 5906 pra-
