3760 6572
301 354 428 417 τεο

1024 350 1449 412 ΕΠΞΤᾹΤΠΠ
1489 348 1902 412 ΤΗΕεεΑιο]

2021 348 2260 409 :ENSIS
2316 344 2877 408 METROPOLITIE
3439 356 3525 422 ωε

329 487 500 533 statur
523 491 589 532 ex
619 491 681 532 ea
713 476 780 531 de
808 475 1010 546 linguis
1040 475 1236 546 igneis,
1287 473 1721 530 inﬂammatione
1753 471 1900 527 cele-

2021 470 2084 542 τῷ
2105 471 2346 543 ,μελῳδῷ
2372 471 2437 524 ἐκ
2465 468 2562 524 τοῦ
2592 465 2992 540 ὲορταζομένου
3045 464 3186 522 κατὰ
3217 467 3314 532 τὰς
3339 471 3532 543 nuptm

329 573 525 639 brata;
561 569 936 640 spiritualibus
967 577 1151 624 autem
1188 567 1548 624 bellatoribus
1577 564 1900 635 huiusmodi

329 664 496 718 dictio
525 672 788 733 tanquam
832 676 986 717 arma
1016 659 1318 731 conspicua
1352 659 1501 713 utilis
1524 667 1609 712 est
1637 656 1904 712 adversus

331 755 581 810 literesim
615 752 1224 825 Hydroparastatarum,
1266 765 1427 820 quam
1459 749 1602 804 alius
1630 748 1738 804 erit
1768 756 1905 804 tem-

330 845 480 915 poris
530 843 859 911 circumire,
916 831 986 899 δί’
1014 841 1267 914 quaedam
1317 840 1623 896 occurrerit
1675 840 1904 895 utilitas.

332 937 429 993 Est
475 949 657 993 autem
707 937 814 994 iste
861 936 1043 992 fervor
1078 936 1358 991 viviﬁcans
1404 934 1630 1004 quidem
1690 947 1784 989 eos
1813 934 1907 1002 qui

241 1021 255 1046 ’“
333 1029 543 1086 fervide
574 1029 738 1086 lavati
772 1037 904 1085 sunt
935 1028 991 1082 in
1019 1026 1224 1098 Spiritu
1256 1035 1449 1082 sancto
1489 1024 1905 1091 comniisccnte,

333 1120 666 1178 comburens
712 1134 843 1178 vero
896 1119 1041 1176 sicut
1087 1118 1229 1189 ignis
1269 1118 1560 1188 praedictos
1617 1116 1908 1173 haereticos

334 1213 585 1283 aliosque
615 1213 932 1284 quicunque
978 1211 1188 1269 similes
1214 1220 1366 1277 sunt,
1393 1226 1488 1280 per
1512 1212 1751 1266 calorem
1782 1226 1912 1266 san-

335 1302 518 1373 guinis
550 1314 603 1361 et
636 1320 811 1374 aquae,
846 1319 968 1372 quas
1010 1304 1076 1359 de
1125 1303 1502 1359 sacratissimo
1529 1303 1697 1360 latere
1738 1300 1912 1358 ﬂuxe-

333 1406 498 1465 runt;
532 1412 768 1467 quoreiu
821 1397 1143 1454 meminisse
1190 1396 1606 1453 sacratissimus
1639 1397 1911 1465 interpres

325 1490 392 1545 in
423 1505 524 1546 sua
573 1490 924 1546 enarratione
973 1489 1206 1546 tonitrui
1248 1486 1446 1544 Filium
1479 1504 1545 1544 ac
1570 1486 1910 1560 Theologum

335 1581 592 1648 ostendit,
621 1581 712 1636 ubi
738 1581 988 1638 scribens
1016 1580 1071 1637 in
1099 1581 1330 1651 epistola
1357 1579 1434 1635 ait
1455 1597 1470 1637 :
1494 1580 1632 1636 Tres
1665 1576 1912 1648 suntqui

2013 563 2271 634 γλώσσας
2319 562 2632 632 φλογώδους
2660 578 2673 591 ·
2711 556 3043 630 χρησιμεύει
3084 557 3142 612 δὲ
3188 570 3534 632 πνευματικοῖς

2013 657 2372 728 πολεμιστατς
2421 650 2512 710 οἷα
2543 654 2642 710 καὶ
2666 654 2831 708 ὅπλον
2877 648 3156 720 ἀξιόλογον
3181 651 3214 722 ὴ
3247 652 3448 726 τοιαύτη
3469 656 3536 710 λέ.

2015 748 2119 814 εις,
2167 749 2310 802 κατὰ
2359 750 2458 817 τῆς
2489 747 2758 816 αἱρέσεως
2809 744 2918 798 τῶν
2975 742 3459 814 ὐδροπαραστατῶν,
3485 751 3536 818 ῆν

2015 837 2179 892 ἄλλου
2241 835 2438 908 καιροῦ
2495 834 2804 907 περιελθεῖν
2832 833 2886 887 ετ
2912 849 2998 896 τις
3021 832 3354 904 παρεμπέσοι
3391 837 3536 905 χριίι.

2019 928 2177 982 Ἔστι
2204 927 2260 982 δὲ
2287 926 2437 992 ζέσις
2475 926 2620 998 αῦτη
2651 924 2997 991 ζωοποιοῦσα
3033 926 3132 994 μὲν
3159 924 3538 998 τοῦςνὲνθέρμως

1979 1016 1983 1020 ’
2016 1020 2076 1073 ιν
2103 1019 2247 1089 ἁγιῳ
2277 1020 2564 1090 Πνεύματι
2590 1019 2913 1089 κεραννύντι
2955 1017 3323 1086 λελουμένους,
3351 1020 3543 1076 καίουσα

2015 1113 2074 1168 δὲ
2103 1114 2177 1178 ώς
2204 1109 2295 1168 οἶα
2325 1115 2422 1169 καὶ
2455 1112 2568 1184 πῦρ
2612 1113 2744 1176 τοὺς
2779 1110 3109 1184 εἰρημένους
3155 1111 3445 1182 αἱρετικοὺς
3469 1119 3544 1170 καὶ

2016 1209 2133 1262 ὅσοι
2183 1207 2240 1262 δὲ
2276 1207 2428 1262 ἄλλοι
2478 1206 2603 1261 κατ’
2656 1206 2856 1268 αὐτοὺς
2898 1205 2933 1276 ἠ
2965 1201 3227 1274 νοουμένη
3265 1204 3319 1256 ἑν
3355 1203 3425 1274 τῷ
3449 1209 3544 1278 ῥεύ-

2019 1315 2174 1354 σαντι
2202 1302 2267 1353 ἐκ
2295 1303 2394 1369 τῆς
2421 1299 2735 1368 ἁγιωτάτης
2777 1297 3022 1369 πλευρᾶς
3055 1295 3248 1365 αἰματι
3277 1297 3363 1349 καὶ
3388 1295 3543 1352 ὕδατι·

2019 1386 2096 1448 ὧν
2123 1391 2437 1464 μεμνῆσθαι
2469 1391 2906 1461 παραπήγνυσιν
2930 1392 2959 1443 ό
3003 1387 3292 1458 ἱερώτατος
3317 1388 3545 1460 ἐξηγητὴς
3591 1440 3596 1448 ,

2019 1488 2085 1556 τῇ
2119 1485 2242 1540 κατ’
2289 1484 2456 1538 αὑτὸν
2511 1482 2793 1552 ἐξηγήσει,
2824 1482 2921 1535 καὶ
2969 1480 3064 1532 τόν
3095 1495 3157 1532 τε
3206 1478 3416 1548 βροντῆς
3459 1482 3546 1534 υἱὸν

2020 1560 2269 1645 θεολόγον
2287 1576 2417 1630 ἔνθα
2433 1574 2746 1636 ἐπιστείλας
2767 1573 2938 1640 λέγει,
2960 1572 3043 1625 ὅτι
3058 1569 3103 1624 Τ
3108 1572 3220 1640 ρεῐς
3235 1571 3363 1623 εἰσιν
3378 1569 3423 1622 οι
3441 1589 3544 1640 μαρ-

337 1668 707 1724 testimonium
757 1669 908 1735 dant,
961 1667 1192 1739 spiritus
1232 1677 1288 1724 et
1307 1681 1453 1739 aqua
1493 1675 1548 1722 et
1584 1668 1831 1737 sanguis,
1858 1673 1902 1720 el

2021 1668 2333 1740 τυροῦντες,
2361 1666 2423 1720 τὸ
2452 1667 2675 1736 πνεῦμα
2705 1666 2802 1719 καὶ
2828 1665 2890 1718 τὸ
2917 1663 3064 1732 ὕδωρ
3095 1662 3190 1716 καὶ
3219 1663 3279 1713 τι
3307 1655 3452 1730 αἷμα,
3471 1667 3546 1716 καὶ

337 1761 393 1816 hi
423 1769 535 1817 tres
561 1761 619 1815 in
648 1777 816 1816 unum
847 1771 997 1817 sunt.
1029 1760 1200 1827 Quale
1230 1761 1335 1816 hoc
1371 1775 1540 1814 nnutn
1562 1758 1586 1813 ἲ
1610 1757 1902 1815 secundum

2024 1763 2074 1815 οἱ
2103 1763 2249 1832 τρεῖς
2282 1761 2364 1823 εἰς
2390 1760 2448 1812 τὸ
2479 1759 2561 1813 ἓν.
2600 1759 2760 1813 Ποῖον
2784 1757 2965 1809 ἐκεῖνο
2997 1754 3057 1808 τὸ
3084 1754 3144 1807 ἓν
3171 1770 3187 1819 ;
3231 1754 3290 1806 τὸ
3319 1754 3444 1808 κατὰ
3472 1755 3548 1824 τὴν

335 1867 502 1908 unam
526 1849 806 1918 deitatem,
837 1854 904 1907 ad
934 1865 1104 1923 quam
1151 1862 1238 1908 est
1287 1852 1648 1922 satagendum
1706 1845 1920 1906 restitui

339 1962 438 2002 nos
473 1961 570 2017 per
600 1946 775 2002 sancti
814 1943 1053 2014 Spiritus
1081 1942 1352 1999 fervorem
1407 1957 1472 1998 ac
1500 1941 1918 2012 perfectionem.

729 2123 1049 2196 Troparium
1077 2125 1112 2178 2
1143 2133 1346 2196 quarta:
1377 2125 1515 2178 adre.

411 2219 663 2275 Flectunt
689 2220 870 2279 omnia
905 2217 1248 2275 Consolatori
1275 2232 1434 2287 genu,

407 2311 655 2382 Filioque
683 2311 879 2377 Patris,
911 2310 1054 2365 l’atri
1082 2309 1492 2380 cognatissimo.

412 2399 469 2455 ιιι
501 2399 747 2470 personis
776 2401 921 2454 enim
948 2399 1098 2454 novit
1125 2399 1300 2475 tribus
1330 2397 1697 2454 substantiam

414 2491 553 2550 Vere
586 2492 1040 2559 inaccessibilem,
1070 2491 1332 2563 temporis
1360 2501 1656 2559 exsortem,
1693 2506 1879 2547 unam.

408 2586 591 2643 illuxit
617 2587 766 2642 enim
791 2587 978 2644 lumen
1010 2588 1186 2659 gratia
1219 2587 1482 2658 Spiritus.

415 2679 541 2736 {08.
580 2679 719 2736 Cum
748 2679 948 2736 dixerit
976 2681 1356 2736 sanctissimus
1393 2681 1693 2751 Apostolus
1724 2680 1781 2736 in
1813 2695 1912 2736 no-

341 2777 490 2832 mine
527 2772 657 2829 Jesu
695 2773 918 2839 Christi,
967 2773 1270 2829 Salvatoris
1322 2773 1516 2841 nostri,
1564 2789 1726 2830 omne
1775 2789 1919 2846 genu

341 2865 684 2931 flectendum,
723 2864 1052 2931 caelestium,
1081 2866 1426 2921 terrestrium
1470 2875 1526 2921 et
1555 2865 1917 2932 infernarum,

340 2961 416 3015 ibi
445 2959 593 3014 canit
627 2966 783 3029 poeta
814 2960 914 3013 hoc
954 2957 1066 3029 jam
1121 2959 1429 3025 advenisse,
1480 2960 1608 3015 licet
1657 2959 1748 3015 alii
1797 2959 1918 3030 qui-

2026 1854 2158 1923 μίαν
2189 1851 2440 1920 Θεότητα,
2476 1851 2556 1913 εἰς
2603 1851 2672 1919 ἢν
2702 1845 3163 1917 πραγματευτέον
3216 1845 3548 1914 ἀποκαταστῆ-

2025 1960 2112 1995 ναι
2147 1944 2294 2012 ἡμᾶς
2329 1941 2419 1994 διὰ
2450 1941 2549 2012 τῆς
2576 1939 2717 1993 κατὰ
2744 1938 2804 1990 τὸ
2831 1938 2987 2006 ἅγιον
3029 1935 3252 2006 Πνεῦμα
3275 1935 3453 1998 ζέσεως
3479 1939 3548 1990 καὶ

2022 2033 2169 2088 οὕτω
2196 2033 2548 2095 τελειώσεως.

2271 2123 2602 2193 Τρυπάριον
2631 2124 2917 2193 δεύτερον
2955 2121 3067 2192 τῆς
3091 2121 3142 2176 δ’
3169 2121 3344 2191 ᾠδῆς.

2095 2214 2188 2271 IX.
2236 2218 2494 2286 Κάμπτει
2521 2218 2590 2272 τὰ
2615 2219 2798 2271 Πάντα
2827 2216 2904 2288 τῷ
2934 2215 3278 2288 Παρακλήτῳ
3300 2216 3434 2285 γόνυ,

2235 2310 2383 2381 Γόνῳ
2411 2329 2471 2364 τε
2503 2310 2718 2382 Πατρὸς
2765 2310 2943 2382 Πατρὶ
2974 2309 3390 2381 συμφυεστάτῳ.

2253 2405 2342 2457 Ἐν
2367 2403 2476 2474 γὰρ
2505 2401 2822 2473 προσώποις
2856 2396 2966 2456 οῐδε
3000 2404 3238 2474 τριττοῖς
3270 2403 3442 2456 οὐσίαν

2232 2495 2526 2566 Νημερτδς
2553 2495 2872 2565 ἀπρόσιτον,
2903 2495 3151 2570 ἄχρονον,
3187 2497 3344 2565 μίαν·

2231 2586 2486 2658 Ἐλαμψε
2515 2585 2632 2656 φῶς
2665 2586 2775 2654 γὰρ
2802 2587 2836 2655 ἡ
2865 2587 3027 2658 χάρις
3060 2587 3156 2640 τοῦ
3193 2589 3491 2658 Πνεῦματος.

2097 2689 2201 2756 ρη’.
2234 2681 2496 2746 Εἰπόντος
2518 2683 2613 2735 τοῦ
2631 2681 2941 2751 ἁγιωτάτου
2961 2681 3296 2736 Ἀποστόλου
3321 2683 3387 2746 ὡς
3411 2685 3460 2735 ἐν
3489 2684 3550 2752 τῷ

2020 2777 2246 2846 ὀνόματι
2295 2774 2388 2828 τοῦ
2447 2775 2700 2845 Σωτῆρος
2745 2774 2902 2846 ἡμῶν
2947 2773 3133 2845 Ἰησοῦ
3191 2774 3414 2844 Χριστοῦ
3460 2779 3548 2830 πᾶν

2020 2870 2148 2938 γόνυ
2177 2867 2386 2938 κάμψει
2417 2867 2760 2940 ἐπουρανίων
2791 2869 2889 2922 καὶ
2916 2867 3181 2936 ἐπιγείων
3207 2871 3297 2922 καὶ
3326 2870 3548 2937 καταχθοο

2019 2961 2172 3027 νὶων,
2230 2960 2428 3031 ψάλλει
2479 2960 2720 3016 ἐνταῦθα
2747 2962 2777 3014 ό
2831 2959 3068 3031 μελῳδὸς
3113 2960 3198 3015 ὅτι
3243 2961 3360 3031 ἄρτι
3405 2961 3548 3030 ἀπέϐη

332 3051 467 3107 dam
496 3050 644 3106 aliud
694 3049 860 3120 hujus
907 3049 1158 3104 miraculi
1205 3057 1421 3118 tempus
1464 3048 1902 3120 interpretentur.

2021 3050 2198 3116 τοῦτο,
2232 3054 2282 3105 εἰ
2333 3051 2430 3108 καί
2469 3067 2612 3106 τισιν
2661 3051 2852 3122 ἔτερος
2884 3051 3083 3122 καιρὸς
3124 3051 3442 3122 ἡρμήνευται
3476 3050 3548 3102 τοῦ

327 3143 534 3198 Omnia
580 3156 718 3212 genu
770 3139 994 3196 flectunt
1051 3138 1354 3205 Paracleto,
1401 3139 1538 3208 sive,
1585 3145 1684 3207 ait,
1737 3139 1916 3196 Patris

328 3243 469 3289 nato
501 3233 757 3303 Patrique
803 3231 1315 3288 consubstantiale:
1357 3232 1470 3288 haec
1517 3242 1704 3290 autem
1753 3237 1919 3288 mira-

325 3325 464 3379 bilis
504 3333 560 3379 et
604 3323 948 3379 divinissima
987 3311 1298 3394 genuﬂcxio
1344 3322 1492 3380 facta
1534 3337 1620 3382 est
1669 3341 1736 3382 eo
1768 3325 1916 3396 quod

327 3429 450 3470 non
479 3413 822 3484 simpliciter,
845 3413 940 3468 sed
971 3411 1226 3466 omnibus
1250 3411 1432 3468 illuxit
1453 3416 1625 3486 gratia
1654 3414 1913 3485 Spiritus,

329 3520 433 3570 per
463 3519 628 3575 quam
663 3503 840 3558 lucem
873 3502 1058 3557 omnia
1106 3501 1415 3559 illuminata
1470 3504 1716 3576 subjecta
1765 3514 1914 3571 sunt,

342 3607 598 3666 tanquam
619 3595 865 3666 protinus
887 3592 1128 3665 perfecta
1147 3594 1378 3650 scientia
1401 3611 1430 3650 a
1456 3594 1567 3650 Deo
1597 3605 1653 3650 et
1686 3596 1916 3651 Domino

341 3683 693 3739 scientiarum
741 3682 1064 3749 clarificata,
1096 3683 1592 3752 cognoscentiaque
1619 3683 1916 3738 Dominum

323 3775 793 3844 omnipotentem,
839 3781 893 3828 et
943 3773 1050 3844 ipsi
1085 3782 1337 3844 prompte
1387 3772 1690 3829 submissa.
1725 3773 1916 3840 Qualis

329 3873 523 3920 autem
572 3874 655 3920 est
704 3864 1016 3933 hujusmodi
1067 3865 1371 3935 spiritualis
1419 3866 1640 3936 gratia?
1701 3865 1918 3923 Sancta:

325 3957 628 4012 Trinitatis
659 3959 887 4027 agnitio.
913 3957 971 4012 lu
1002 3957 1179 4013 tribus
1218 3959 1366 4013 enim
1405 3961 1681 4029 personis,
1713 3961 1915 4028 inquit,

327 4052 577 4105 scienter
607 4060 882 4105 noverunt
926 4050 1134 4115 omnia,
1179 4064 1275 4105 seu
1325 4053 1582 4114 mundus,
1624 4053 1915 4122 νημερτὲς,

342 4142 394 4195 id
427 4150 511 4196 est
549 4155 698 4206 vere,
735 4153 794 4197 ut
825 4142 988 4211 paulo
1019 4151 1147 4197 ante
1197 4143 1400 4198 dictum
1439 4152 1552 4206 est,
1587 4158 1749 4197 uuam
1787 4148 1918 4199 sub-

341 4236 595 4291 stantiam
624 4236 766 4292 sicut
791 4245 846 4291 et
871 4245 1144 4301 naturain,
1171 4251 1295 4305 qua:
1321 4239 1684 4292 sanctissima:
1733 4235 1918 4292 Trini-

342 4329 468 4382 tatis
497 4337 599 4393 est,
634 4326 814 4384 Patris
836 4327 1088 4398 iugcniti,
1120 4326 1289 4398 geniti
1315 4326 1459 4394 Filii,
1489 4338 1544 4383 et
1570 4328 1918 4397 procedentis

2018 3147 2265 3199 τοιούτου
2296 3143 2574 3214 Θαύματος
2598 3159 2613 3176 ⁶
2645 3147 2741 3198 καὶ
2768 3145 2836 3199 τὰ
2866 3145 3047 3201 πάντα
3077 3146 3320 3214 κάμπτει
3353 3146 3463 3212 γόνυ
3488 3144 3547 3214 τῷ

2021 3239 2388 3309 Παρακλήτῳ,
2425 3238 2595 3309 ἤγουν
2627 3239 2703 3307 τῷ
2735 3241 2833 3291 καὶ
2884 3238 3051 3305 Γόνῳ,
3079 3239 3237 3310 φησὶ,
3261 3238 3348 3292 τοῦ
3376 3240 3547 3308 Πατρός

2018 3348 2112 3385 και
2155 3333 2562 3402 συμφυεστάτῳ
2609 3331 2687 3402 τῷ
2721 3332 2915 3403 Πατρί.
2971 3331 3173 3401 Γέγονε
3222 3332 3334 3404 δὶή
3368 3332 3545 3404 τοιαύτη

2017 3421 2249 3475 εὐκταία
2279 3422 2373 3475 καὶ
2401 3422 2655 3493 θειοτάτη
2686 3423 3060 3493 κατάκαμψις,
3085 3424 3222 3478 διότι
3251 3427 3341 3495 οὐχ
3374 3425 3542 3486 ἁπλῶς,

2016 3514 2156 3569 ἀλλα
2185 3517 2350 3569 πᾶσιν
2383 3514 2599 3586 ἔλαμψε
2631 3517 2743 3584 φῶς
2772 3517 2806 3586 ἡ
2846 3517 3005 3588 χάρις
3025 3519 3125 3571 τοῦ
3158 3518 3470 3586 Πνεύματος,
3495 3514 3546 3569 δι’

2016 3605 2077 3660 οῦ
2107 3607 2178 3660 τὰ
2228 3607 2408 3661 πάντα
2436 3607 2780 3674 φωτισθέντα
2833 3610 3228 3673 ὑποτέτακται,
3273 3609 3344 3672 ώς
3387 3610 3546 3662 αὐτίκα

2018 3699 2113 3753 καὶ
2149 3699 2529 3770 ὲλλαμφθέντα
2573 3698 2758 3771 τελείᾳ
2803 3699 3002 3767 γνώσει
3027 3701 3142 3755 ἀπὸ
3184 3699 3277 3754 τοῦ
3309 3699 3431 3752 Θεοῦ
3473 3699 3547 3750 καὶ

2019 3789 2227 3860 Κυρῦου
2268 3789 2375 3842 τῶν
2414 3786 2693 3868 γνώσεων,
2740 3790 2837 3842 καὶ
2871 3791 3168 3857 ἐπιγνόντα
3214 3789 3300 3843 τὸν
3331 3787 3547 3840 παντοδύ-

2019 3898 2190 3950 ναμον
2217 3881 2515 3951 Δεσπότην,
2546 3881 2644 3934 καὶ
2669 3881 3010 3950 ὐποταγὲντα
3038 3882 3270 3952 ἑτοίμως
3295 3879 3430 3950 αὐτῷ
3450 3896 3462 3909 ·
3484 3881 3547 3941 τις

2017 3972 2075 4025 δὲ
2108 3973 2140 4043 ή
2177 3973 2402 4041 τοιαύτη
2437 3971 2784 4042 πνευματικὴ
2817 3973 2976 4042 χάρις
3005 3991 3020 4038 ;
3067 3971 3134 4025 Ἦ
3173 3974 3270 4040 τῆς
3306 3973 3448 4040 ἁγίας
3473 3971 3547 4036 δη-

2017 4065 2148 4135 λαδὴ
2179 4064 2406 4135 Τριάδος
2425 4065 2748 4134 ἐπίγνωσις.
2797 4065 2887 4119 Ἐν
2909 4066 3014 4135 γὰρ
3049 4065 3381 4134 προσώποις,
3421 4062 3545 4132 φησι,

2017 4160 2198 4230 τρισὶν
2247 4156 2357 4214 οῐδε
2391 4158 2713 4227 γνωστικῶς
2744 4158 2815 4211 τὰ
2861 4161 3060 4221 πάντα,
3113 4158 3280 4228 ἠγουν
3307 4160 3332 4208 ὁ
3358 4158 3544 4224 κόσμος,

2018 4251 2284 4321 νημερτὲς
2317 4252 2434 4320 ἢτοι
2486 4251 2727 4321 ἀληθῶς,
2755 4251 2831 4313 ώς
2859 4255 2954 4304 καὶ
2985 4252 3092 4320 πρὸ
3140 4251 3336 4319 ὀλίγων
3364 4250 3545 4322 ἐρρέθη,

2018 4342 2208 4394 οὐσίαν
2241 4342 2370 4410 μίαν
2416 4339 2605 4410 ὥσπερ
2639 4344 2732 4394 καὶ
2779 4343 2943 4408 φύσιν
2971 4342 3071 4410 τὴν
3109 4343 3166 4394 ἐν
3213 4345 3275 4410 τῇ
3307 4340 3547 4410 ἁγιωτάτῃ

340 4417 620 4488 Spiritus;
675 4433 813 4488 quas
882 4433 994 4473 non
1059 4419 1212 4488 prius
1272 4419 1471 4489 aliquis
1526 4423 1699 4474 trinas
1757 4419 1902 4485 dixit,

2024 4398 2254 4504 Τριάδι,’
2286 4436 2352 4504 τῇ
2401 4435 2544 4487 κατὰ
2573 4398 2682 4487 ’τὸν
2731 4398 3038 4502 ἀγέννητοᾶ
3086 4398 3319 4504 uarii.
3351 4398 3449 4486 ’χαι
3477 4398 3547 4481 τε,ζὶ

338 4527 500 4582 quam
537 4514 592 4568 in
629 4529 798 4568 unum
833 4513 1230 4584 conglutinavit
1279 4523 1334 4568 et
1372 4513 1651 4576 adoravit;
1679 4517 1919 4568 nondum

322 4615 542 4671 autem,
586 4618 643 4661 ut
694 4608 768 4661 ita
818 4608 1021 4673 dicam,
1075 4608 1140 4660 ad
1188 4610 1455 4660 unitatem
1511 4607 1618 4660 illis
1659 4605 1920 4671 reductis,

341 4697 589 4754 melodus
635 4698 832 4754 iterum
906 4698 1270 4754 sanctissimis
1337 4698 1446 4754 illis
1501 4699 1679 4754 tribus
1739 4714 1923 4768 perso-

341 4803 460 4855 nis,
513 4789 720 4854 omnia,
791 4798 1062 4860 quotquot
1136 4789 1301 4844 habet
1377 4791 1626 4860 proferre
1690 4798 1921 4861 angusta

338 4881 599 4950 epitheta,
642 4881 910 4950 siquidem
962 4881 1117 4936 dives
1169 4889 1290 4955 erat
1343 4883 1662 4954 graphicum
1714 4886 1916 4951 solum,

341 4974 627 5044 tripliciter
681 4974 1006 5043 prostravit;
1069 4973 1140 5030 ob
1188 4975 1292 5031 loci
1351 4986 1529 5033 tamen
1596 4982 1918 5047 angustias,

340 5073 499 5120 istam
545 5064 761 5120 unicam
805 5067 1168 5122 substantiam
1206 5068 1540 5124 inaccessam
1569 5083 1626 5125 et
1655 5082 1916 5125 aeternam

338 5159 519 5213 dicere
549 5158 684 5214 satis
715 5158 899 5214 habet.

409 5340 529 5396 109.
572 5339 689 5398 Hoc
734 5344 995 5414 quidem,
1038 5344 1186 5415 quod
1238 5346 1382 5403 Deus
1429 5349 1727 5406 invisibilis
1783 5361 1915 5407 est:

337 5431 509 5488 Deum
561 5436 705 5490 enim
753 5450 912 5490 nemo
974 5438 1108 5492 vidit
1161 5453 1442 5508 unquam;
1494 5441 1589 5494 sed
1619 5444 1780 5496 etiam
1813 5453 1919 5498 tre-

335 5529 596 5604 tuendus,~
638 5544 746 5585 non
795 5541 1059 5600 quantum
1116 5533 1256 5603 ignis
1307 5549 1680 5603 consumens,
1740 5538 1914 5593 multo

335 5637 467 5677 vero
497 5625 690 5694 magis,
723 5633 777 5679 et
827 5625 948 5681 ideo
994 5627 1295 5682 inadibilis.
1345 5627 1444 5682 Cui
1497 5629 1643 5683 enim
1675 5637 1913 5688 accessi-

332 5715 458 5772 bilis
489 5727 653 5786 esset,
685 5719 789 5776 nisi
822 5735 944 5774 cum
980 5720 1283 5774 reverentia
1316 5723 1782 5793 appropinquanti
1838 5727 1905 5780 ad

333 5811 508 5879 ipsam
541 5813 1042 5869 illuminationeni?
1090 5814 1344 5870 Accedite
1391 5818 1560 5882 enim,
1612 5819 1810 5888 inquit,
1848 5832 1900 5876 et

2021 4526 2282 4592 γεννητὸν
2338 4525 2484 4586 Υῑὸν,
2521 4528 2616 4578 κ]ιί
2668 4526 2730 4577 τὸ
2766 4525 3105 4593 ἑκπορευτον
3144 4524 3392 4595 Πνεῦμα·
3433 4524 3547 4590 ἅπερ

2022 4619 2122 4670 οὐκ
2148 4617 2286 4686 ἔφθη
2317 4634 2397 4680 τις
2429 4617 2724 4688 τριαδικῶς
2761 4620 2956 4680 εἰπεῖν,
2987 4618 3085 4672 καὶ
3113 4619 3229 4688 ἅμα
3261 4624 3336 4680 εἰς
3367 4617 3420 4669 ἓν
3445 4633 3546 4669 συν·

2023 4710 2129 4778 ἧψε
2173 4711 2268 4762 καὶ
2303 4710 2824 4780 συμπροσεκύνησεν
2851 4729 2864 4743 ο
2898 4711 3053 4764 οῦπω
3097 4713 3153 4765 δὲ
3193 4715 3329 4764 αὑτὰ
3380 4711 3546 4771 ἑνίσας,

2021 4804 2098 4866 ώς
2128 4801 2303 4865 οὕτως
2350 4805 2551 4866 εἰπεῖν,
2594 4797 2749 4865 αὖθις
2778 4805 2996 4874 ἑτρίαξε
3038 4806 3250 4868 τούτοις
3299 4809 3402 4868 τοῖς
3428 4803 3547 4875 τρισὶ

2021 4893 2337 4965 προσώποις
2371 4898 2482 4958 τοῖς
2537 4895 3011 4966 ὑπεραγιωτάτοις
3049 4899 3220 4970 μυρία
3263 4899 3357 4952 ὅσα
3386 4911 3548 4967 προοι-

2021 4989 2234 5055 νεγκείν
2259 4989 2430 5057 σεμνὰ
2456 4986 2596 5056 ἔχων
2625 4988 2854 5042 ἐπίθετα
2880 4991 2908 5042 ὁ
2933 4991 3192 5061 μελῳδὸς,
3217 4992 3368 5061 εἰπερ
3391 4989 3546 5043 ὲπλού·

2019 5098 2101 5133 τει
2132 5081 2404 5149 γραφικόν
2434 5081 2610 5134 πλατὺ
2632 5081 2852 5151 ἔδαφος,
2885 5086 3033 5153 ὅμως
3061 5086 3149 5138 διὰ
3171 5086 3230 5138 τὸ
3259 5084 3545 5152 στενόλωρον

2017 5172 2271 5238 ἀρκείται
2321 5174 2420 5242 τὴν
2469 5174 2765 5243 μοναδικὴν
2813 5179 3019 5245 ταύτην
3063 5177 3251 5230 οὐσίαν
3293 5173 3544 5245 ἀπρόσιτον

2018 5258 2186 5312 εἰπὼν
2218 5264 2309 5312 καὶ
2337 5263 2586 5331 ἄχρονον.

2091 5355 2191 5424 ρΘ’.
2226 5357 2298 5410 Τὸ
2344 5359 2466 5427 μὲν,
2501 5359 2584 5412 ὅτι
2615 5361 2708 5414 καὶ
2758 5362 2991 5432 ἀόρατος
3037 5365 3066 5418 ὁ
3097 5361 3264 5427 Θεόςο
3296 5361 3418 5415 Θεὸν
3457 5358 3542 5426 γὰρ

2015 5450 2189 5513 οὐδεὶς
2219 5451 2434 5521 ἑώρακε
2480 5451 2702 5507 πώποτε
2728 5469 2743 5484 ·
2784 5456 2922 5509 ἀλλὰ
2974 5461 3069 5510 καὶ
3108 5457 3329 5528 φρικτὸς
3357 5454 3440 5523 οὐχ
3465 5454 3542 5504 ὅσα

2015 5542 2252 5615 καὶπῦρ
2280 5549 2694 5615 καταναλίσκον,
2743 5549 2858 5603 ἀλλ’
2903 5554 2982 5612 εἰς
3030 5554 3353 5626 ὑπέρπλεον,
3385 5541 3541 5604 καὶδι’

2014 5635 2148 5688 αὐτὸ
2179 5638 2656 5708 ἁκατατὸλμητος.
2695 5641 2812 5693 Τίνι
2850 5643 2956 5712 γὰρ
2991 5645 3200 5713 γένοιτο
3221 5641 3471 5715 προσιτός,
3499 5637 3539 5692 ει

2017 5731 2093 5800 μὴ
2123 5731 2232 5802 ἄρα
2281 5732 2360 5802 τῷ
2393 5732 2510 5802 μετ’
2542 5735 2831 5799 εὐλαϐείας
2881 5741 3156 5806 προσιόντι
3198 5739 3339 5808 αὐτῴ
3369 5738 3539 5802 ἐπιφω-

2013 5824 2232 5894 τισμῴς
2269 5824 2600 5895 Προσέλθετε
2630 5826 2760 5898 γὰρ,
2799 5831 2952 5899 φησὶ,
2990 5837 3117 5902 πρὶς
3148 5832 3422 5896 αὐτὸν,καὶ
3447 5843 3539 5894 φω-
