3824 6560
316 454 419 518 631

988 458 1407 522 EUSTATHII
1451 462 2210 524 THESSALONICENSIS
2254 463 2814 553 ME'I‘IiOPOLlT/E

3467 457 3571 522 632

312 563 716 625 processionem
750 579 776 614 a
818 564 973 619 Patre
1030 568 1343 635 distinctus,
1397 569 1705 624 concedunt
1756 570 1883 630 alia,

2022 574 2055 626 ὰ
2089 574 2225 628 ἄλλοι
2256 575 2433 627 πάντα
2484 570 2641 625 κοινᾶ
2690 568 2832 625 εἶναι
2864 568 3023 625 ὁποῖα
3054 570 3201 625 εἴποι
3236 585 3320 633 τις
3349 567 3418 622 ἄν
3444 586 3456 598 ο
3495 571 3573 635 ὡς

312 668 653 725 quacunque
683 654 866 712 dicere
890 658 1014 727 quis
1072 670 1279 728 posset,
1338 675 1462 715 esse
1532 662 1888 727 communia;

314 747 389 801 ita
413 756 472 800 nt
511 746 760 816 proinde,
793 748 1047 805 salutaris
1104 752 1264 806 nobis
1313 754 1590 822 omnibus,
1649 754 1892 812 Trinitas

314 840 443 906 ista,
482 840 721 910 propriis
782 841 1001 911 quidem
1055 842 1469 900 cltaracterihus
1531 848 1889 902 circumscri-

314 941 435 999 pta.
463 933 556 987 sed
591 932 644 986 in
675 932 1005 989 immensum
1038 934 1230 990 dili‘usa
1256 937 1769 1005 supersubstantiali
1792 954 1891 995 na-

316 1032 439 1077 tura
468 1025 831 1093 potentiarum
866 1040 1090 1079 sttarum
1126 1027 1178 1081 itt
1206 1028 1484 1095 operando
1512 1038 1675 1098 atque
1709 1031 1891 1100 provi-

312 1115 513 1180 dendo,
544 1131 644 1171 nos
668 1132 884 1187 quoque
932 1116 1121 1172 doceat
1171 1119 1419 1173 homines
1467 1123 1520 1174 in
1592 1123 1886 1191 quamdam

314 1206 732 1277 multipartitam
800 1210 1151 1281 divinamque
1223 1216 1665 1269 communionem
1716 1215 1889 1271 infor-

316 1301 480 1357 mari.

384 1392 506 1451 116.
549 1393 614 1447 Et
646 1395 726 1449 sic
758 1396 993 1467 illiquod
1034 1415 1201 1453 unum
1263 1412 1345 1455 est
1396 1403 1496 1456 tria
1559 1405 1885 1471 cogitantes,

319 1499 424 1538 non
459 1488 719 1541 omittunt
768 1490 900 1557 quin
939 1492 1121 1543 statim
1168 1494 1539 1561 continuoque
1586 1511 1649 1549 ac
1707 1496 1890 1551 subito

315 1596 378 1634 ea
410 1595 551 1649 quas,
580 1583 720 1635 sicut
749 1583 957 1639 dictum
990 1594 1094 1647 est.
1124 1599 1249 1641 sunt
1271 1588 1467 1651 divisa,
1508 1588 1571 1641 ad
1614 1606 1778 1644 unum
1809 1606 1890 1643 re-

314 1669 555 1737 ducant;
587 1682 641 1728 et
669 1674 773 1730 hoc
801 1676 962 1733 citius
991 1692 1155 1747 quam
1184 1680 1387 1735 diceret
1419 1680 1617 1750 aliquis
1642 1683 1691 1735 id
1721 1698 1888 1739 unum

316 1763 636 1820 Trinitatem
667 1766 751 1822 vel
815 1768 955 1824 hanc
1015 1766 1340 1825 Trinitatem
1401 1786 1524 1827 esse
1574 1773 1886 1829 monadem.

1995 670 2137 723 οὕτω
2167 672 2268 739 τὴν
2300 670 2519 724 πάντων
2550 669 2710 740 ἡμῶν
2737 665 3014 738 σωστικὴν
3040 665 3251 737 Τριάδα
3291 680 3577 736 μεμετρην

1997 768 2166 837 μένην
2220 765 2321 835 μὲν
2368 767 2483 828 τοῖς
2532 763 3059 834 χαρακτηριστικοῖς
3098 760 3379 829 ίδιὼμασι,
3411 772 3575 826 κεχυο

1997 857 2165 925 μένην
2219 855 2275 910 δὲ
2312 857 2391 918 είς
2444 855 2676 924 ἄπειρον
2702 852 2780 923 τῷ
2832 849 3266 923 ύπερουσιασμῷ
3301 849 3412 902 τῶν
3454 845 3581 901 κατ’

1995 950 2167 1017 αὐτὴν
2200 946 2517 1015 ἐνεργειῶν,
2551 946 2663 1001 τῶν
2711 964 2773 999 τε
2829 940 3265 1015 δημιουργικῶν,
3297 942 3392 994 καὶ
3442 956 3580 1007 προ-

1993 1043 2282 1112 νοητικῶν,
2314 1043 2410 1097 καὶ
2432 1041 2540 1094 τῶν
2569 1040 2778 1095 λοιπῶν
2807 1036 3089 1093 παιδεύειν
3122 1036 3217 1089 καὶ
3260 1036 3413 1103 ἡμᾶς
3452 1032 3585 1092 τοὺς

1993 1134 2317 1206 ἀνθρώπους
2360 1134 2441 1196 είς
2474 1149 2602 1185 τινα
2647 1130 2907 1199 τοιαύτην
2955 1124 3244 1197 πολυμερῆ
3282 1123 3583 1177 κοινωνίαν

1992 1229 2189 1287 ἔνθεον.

2065 1404 2203 1475 ρις’.
2236 1406 2346 1460 Καὶ
2380 1406 2553 1469 οὕτως
2584 1407 2782 1459 ἐκεῖνοι
2831 1405 2960 1475 τρία
2992 1404 3241 1467 νοοῦντες
3273 1403 3334 1455 τὸ
3368 1402 3451 1463 ἒν,
3480 1400 3591 1453 οῦκ

1992 1501 2187 1567 ἀφιᾶσι
2233 1500 2308 1571 μὴ
2367 1500 2489 1570 οὐχὶ
2526 1502 2809 1572 συντόμως
2844 1504 2939 1555 καὶ
2970 1500 3213 1571 ἀχρόνως
3255 1498 3350 1551 καὶ
3382 1496 3593 1561 ἀκαρεὶ

1990 1591 2080 1650 τὰ.
2127 1592 2203 1651 ὡς
2251 1592 2492 1663 εἴρηται.
2540 1592 2848 1664 διῃρημένα
2899 1594 3219 1660 συναιρεῖν*
3252 1590 3350 1643 καὶ
3412 1588 3583 1640 τοῦτο

1994 1685 2188 1740 θᾶττον
2218 1685 2365 1757 ἤπερ
2399 1684 2598 1755 φράσοι
2642 1703 2726 1749 τις
2758 1685 2846 1751 ἂν,
2885 1684 3120 1739 ἐνταῦθα
3161 1684 3222 1737 τδ
3255 1684 3313 1737 ἒν
3346 1682 3589 1750 Τριάδα,

1994 1778 2027 1846 ἢ
2062 1777 2163 1842 τὴν
2199 1777 2409 1847 Τριάδα
2456 1778 2665 1846 μονὶδα
2713 1774 2878 1832 εῖναι.
2914 1779 3024 1831 Καὶ
3079 1777 3263 1831 τοίνυν
3309 1775 3595 1836 διελόντες

315 1857 549 1927 Ideoque
571 1859 979 1918 distinctionem
1011 1862 1294 1929 facientes,
1328 1865 1473 1919 sicut
1527 1876 1724 1920 mutuo
1750 1867 1887 1919 rami

2016 1871 2068 1935 ὓς
2104 1871 2152 1923 εί
2192 1872 2288 1926 καὶ
2330 1874 2607 1940 συμφυεῖς
2646 1870 2835 1925 κλάδοι
2883 1870 3129 1939 ἀλλήλων
3179 1869 3434 1938 ἑχόμενοι
3486 1866 3594 1919 καὶ

317 1952 821 2010 eonsubstantiales
847 1963 902 2010 et
928 1955 1095 2011 veluti
1137 1972 1496 2027 congeneres,
1528 1958 1693 2014 simul
1732 1975 1891 2031 sepa-

306 2049 512 2097 rentur
544 2054 808 2114 quantum
834 2047 968 2102 satis
1004 2057 1170 2103 estut
1225 2048 1535 2113 vidcantur,
1588 2059 1649 2106 et
1704 2052 1890 2105 statim

322 2135 387 2187 ad
416 2135 646 2205 primam
677 2138 1037 2195 cubzeslonem
1067 2152 1377 2201 recurrant.
1434 2141 1594 2197 iidem
1621 2142 1688 2197 ad
1742 2158 1894 2199 men-

323 2235 430 2280 tem
455 2227 748 2285 humamm
776 2248 839 2287 ac
872 2234 1135 2289 rationem
1176 2246 1229 2287 et
1280 2236 1533 2304 spiritum
1584 2235 1638 2288 in
1697 2236 1891 2290 eodem

323 2318 514 2376 ordine
537 2322 861 2378 conﬂantem
884 2334 936 2379 et
960 2338 1399 2392 concurrentem,
1459 2334 1666 2383 sanctae
1705 2326 1893 2381 Trini-

324 2410 456 2466 tatis
486 2423 810 2483 conceptum
847 2416 1186 2483 producunt;
1216 2425 1291 2483 et,
1321 2418 1639 2473 adumbrata
1667 2433 1763 2488 per
1798 2418 1870 2472 hu

316 2502 555 2571 jnsntodi
586 2504 866 2573 pulchram
900 2506 953 2561 in
982 2508 1139 2564 nobis
1205 2508 1531 2565 Trinitatem
1590 2510 1681 2565 illa
1737 2525 1894 2564 vene-

320 2591 489 2646 randa
516 2602 681 2664 atque
710 2595 1115 2662 colendissima,
1137 2614 1238 2655 nos
1298 2600 1565 2657 inducunt
1620 2604 1685 2656 ad
1749 2602 1896 2671 cogi-

322 2684 573 2749 tandum,
604 2694 664 2741 ut
698 2687 981 2758 possibile,
1011 2704 1107 2759 per
1136 2691 1322 2756 istam,
1360 2694 1639 2762 quomodo
1676 2695 1746 2750 sit
1778 2695 1893 2749 haec

322 2779 425 2832 tria
448 2779 613 2835 simul
641 2789 697 2834 et
727 2796 921 2835 unum.
958 2781 1095 2836 Cum
1120 2787 1267 2838 enim
1290 2786 1343 2838 in
1386 2786 1545 2841 nobis
1587 2794 1742 2856 pater
1768 2787 1891 2841 ani-

323 2884 471 2936 mus,
493 2880 547 2926 et
568 2872 621 2926 in
655 2873 775 2942 ipso
799 2874 959 2940 ratio,
1000 2885 1053 2931 et
1084 2893 1152 2932 ex
1185 2879 1306 2948 ipso
1328 2887 1383 2933 et
1413 2891 1512 2948 per
1537 2878 1717 2948 ipsum
1779 2878 1894 2949 spi-

320 2963 483 3028 ritus,
506 2980 627 3033 quae
670 2967 774 3021 tria
800 2977 929 3024 sunt
948 2978 1001 3023 et
1036 2979 1377 3032 mensurata.
1404 2970 1459 3025 in
1484 2970 1689 3041 aliquid
1722 2986 1893 3026 unum

325 3058 764 3128 inseparabiliter
797 3060 1145 3132 conspirant,
1172 3063 1446 3120 maximus
1496 3065 1660 3119 etiam
1729 3064 1891 3119 Pater

322 3161 375 3206 et
427 3152 833 3209 sanctissimum
893 3154 1011 3224 ejus
1066 3152 1319 3221 Verbum,
1379 3164 1435 3211 et
1490 3157 1896 3214 sacratissitnus

1996 1956 2108 2017 οἷον
2136 1964 2575 2031 συμπεφυκότες,
2604 1962 2722 2029 ἅμα
2752 1962 3048 2017 διαστῶσιν
3080 1963 3162 2026 είς
3189 1962 3315 2015 ὅσον
3351 1959 3594 2025 ἰδέσθαι,

1996 2058 2093 2109 καὶ
2121 2054 2319 2108 αὐτίκα
2346 2056 2427 2118 είς
2464 2058 2745 2124 συμφυίαν
2788 2053 3125 2125 δραμοῦνται
3159 2056 3257 2121 τὴν
3290 2054 3592 2122 πρότερον,

1996 2149 2043 2200 oi
2087 2145 2245 2200 αὐτοὶ
2297 2145 2394 2198 καὶ
2429 2146 2509 2209 είς
2540 2146 2667 2200 νοῦν
2703 2145 2795 2199 τον
2828 2146 2950 2200 κατ’
3004 2145 3291 2214 ἄνθρωπον
3348 2144 3446 2197 καὶ
3501 2144 3595 2204 είς

1996 2238 2154 2305 λόγον
2200 2238 2483 2301 τοιοῦτον,
2544 2241 2637 2290 καὶ
2683 2237 2762 2299 είς
2819 2236 3041 2305 πνεῦμα
3100 2238 3299 2306 στοίχῳ
3348 2234 3595 2305 τοιούτῳ

1999 2332 2283 2399 σύμπνουν
2331 2332 2425 2385 καὶ
2482 2330 2810 2400 σύνδρομον,
2859 2328 3258 2397 προϐιϐἀζουσι
3321 2327 3424 2394 τὴν
3479 2326 3593 2393 τῆς

1998 2424 2159 2491 ἁγίας
2210 2423 2446 2493 ’τριάδος
2507 2422 2730 2492 νόησιν·
2763 2422 2859 2475 καὶ
2914 2420 3295 2487 ὲξεικὰσαντες
3336 2422 3403 2491 τῇ
3456 2418 3591 2474 καθ’

1999 2518 2146 2589 ἡμᾶς
2175 2515 2314 2586 καλῇ
2344 2515 2538 2584 Τριάδι
2565 2515 2738 2585 ταύτῃ
2768 2516 2869 2585 τὴν
2914 2514 3185 2582 πάντιμον
3233 2511 3455 2579 ἐκείνην
3486 2511 3594 2565 καὶ

2000 2610 2324 2679 ύπέρτιμον,
2356 2608 2609 2676 ὲνάγουσι
2638 2609 2927 2661 κατανοεῖν
2961 2606 3109 2673 ἡμᾶς
3140 2604 3215 2667 ὡς
3247 2603 3485 2657 δυνατὸν
3522 2603 3591 2655 ὲκ

1997 2704 2224 2772 ταύτης,
2253 2702 2371 2761 πῶς
2400 2701 2495 2755 καὶ
2542 2702 2726 2770 ἐκείνη
2761 2703 2858 2754 καὶ
2891 2700 3016 2769 τρία
3049 2700 3163 2752 ἐστὶ
3195 2697 3292 2750 καὶ
3327 2696 3409 2750 ἓν.
3450 2697 3589 2750 Ὅτε

1999 2800 2109 2869 γὰρ
2138 2797 2196 2851 ὲν
2226 2798 2359 2865 ἡμῖν
2393 2796 2578 2866 πατὴρ
2611 2794 2757 2859 νοῦς,
2820 2796 2917 2848 καὶ
2950 2795 2978 2847 ὁ
3002 2794 3059 2845 ὲν
3095 2790 3243 2858 αύτῷ
3277 2790 3465 2860 λόγος,
3492 2789 3591 2843 καὶ

1997 2890 2059 2945 τὸ
2109 2889 2168 2956 ἐξ
2208 2888 2373 2942 αὑτοῦ
2420 2888 2513 2942 καὶ
2546 2888 2617 2940 δι’
2665 2885 2831 2939 αὐτοῦ
2881 2884 3123 2953 πνεῦμα.
3160 2885 3285 2948 τρία
3315 2884 3416 2937 καὶ
3459 2882 3595 2936 ὄντα

1997 2982 2093 3036 καὶ
2143 2979 2491 3050 μετρούμενα
2524 2979 2601 3040 είς
2648 2978 2708 3031 ἓν
2742 2995 2795 3030 τι
2849 2974 3203 3028 συννεύουσιν
3233 2973 3591 3042 ἀχωρίστους,

1998 3072 2092 3126 καὶ
2140 3072 2170 3125 ὁ
2232 3070 2487 3141 μέγιστος
2541 3068 2756 3139 Πατὴρ,
2810 3068 2905 3121 καὶ
2958 3068 2987 3119 ὁ
3042 3064 3349 3135 ἁγιὼτατος
3411 3063 3594 3117 αὑτοῦ

1999 3163 2192 3229 Λόγος,
2238 3162 2333 3214 καὶ
2380 3160 2441 3213 τὸ
2496 3160 2767 3227 πανάγιον
2818 3155 3070 3225 Πνεῦμα,
3124 3154 3296 3225 ὁμοίῳ
3362 3154 3425 3219 δή
3483 3172 3595 3207 τινι

320 3242 585 3315 Spiritus,
646 3246 832 3315 aliquo
880 3246 1045 3302 simili
1098 3246 1259 3302 modo
1308 3263 1439 3304 sane
1490 3250 1893 3321 concipiuntur.

2016 3252 2189 3323 τρόπῳ
2240 3250 2785 3318 καταλαμϐάνονται’
2834 3249 2894 3302 ἓν
2944 3248 3002 3302 δὲ
3052 3248 3277 3310 πάντως
3331 3247 3366 3315 ἠ
3413 3246 3595 3312 Τριὰς

326 3334 509 3393 Unum
536 3345 715 3392 autem
752 3352 977 3407 prorsus
1010 3346 1094 3394 est
1128 3340 1228 3396 ista
1258 3337 1523 3403 Trinitas,
1566 3350 1622 3397 et
1647 3341 1751 3396 tria
1786 3344 1899 3399 haec

325 3442 543 3495 monas,
577 3444 688 3485 non
712 3428 867 3500 juxta
903 3446 1025 3500 quat
1055 3442 1186 3487 sunt
1214 3431 1270 3487 in
1300 3432 1459 3488 nobis
1488 3433 1742 3489 habentia
1767 3449 1897 3489 cau-

325 3535 444 3577 sam
468 3520 756 3592 producta,
791 3521 970 3590 facta;
1011 3523 1257 3579 omnium
1318 3539 1451 3580 vero
1524 3534 1774 3581 nostrum
1845 3536 1900 3581 et

323 3629 508 3671 rerum
542 3630 665 3686 quae
703 3621 835 3670 sunt
859 3628 1078 3671 sursum
1112 3624 1166 3670 et
1187 3614 1353 3680 infra,
1376 3616 1493 3686 ipsa
1523 3625 1671 3672 certe
1694 3627 1751 3673 et
1781 3618 1897 3673 suta

322 3707 543 3781 proprie
575 3720 761 3764 causa.

396 3799 522 3855 H7.
561 3798 630 3855 Et
668 3809 955 3872 postquam
994 3799 1065 3854 ita
1102 3801 1520 3870 propemodum,
1557 3815 1666 3856 non
1703 3815 1900 3858 secun-

326 3894 453 3950 dum
484 3892 757 3957 homines,
798 3892 891 3947 sed
922 3891 1238 3962 angelorum
1274 3891 1497 3959 linguis,
1531 3892 1698 3948 locuti
1741 3903 1901 3948 erant

325 3986 527 4052 sancti,
556 3985 640 4041 vel
665 3983 867 4054 potius,
895 3993 1121 4039 auctore
1143 3982 1271 4048 Deo,
1301 3984 1429 4038 talia
1458 3984 1894 4047 constituerant,

326 4081 474 4138 sicut
508 4078 668 4134 nobis
722 4093 786 4134 ex
844 4077 1043 4133 divinis
1073 4078 1352 4147 sacrisque
1382 4076 1688 4147 Scripturls
1750 4078 1905 4133 colli-

328 4184 456 4242 gere
482 4170 663 4233 datur,
691 4167 850 4225 aliter
870 4169 1036 4225 etiam
1059 4168 1217 4222 nobis
1239 4167 1296 4221 in
1356 4179 1595 4222 mentem
1654 4168 1900 4223 eamdem

325 4261 730 4334 philosophiam
790 4269 940 4316 recte
995 4259 1244 4314 simulac
1310 4260 1589 4329 sapienter
1645 4260 1905 4315 inducere

328 4354 638 4413 studebant.
666 4351 949 4408 Poneltaut
990 4350 1234 4421 quidem,
1268 4361 1326 4404 ut
1356 4350 1595 4420 aliquam
1652 4349 1902 4416 domum,

328 4448 625 4502 tttaxitnum
662 4444 947 4508 mundum,
990 4452 1044 4498 et
1072 4450 1182 4497 tres
1216 4441 1289 4495 ibi
1342 4439 1751 4510 suspendebant
1809 4440 1907 4511 hy-

328 4536 870 4609 pothesilampades.
907 4544 1155 4591 sanctam
1224 4533 1605 4603 trifulgentem
1660 4533 1903 4587 Trinita-

2002 3344 2165 3417 αῦτη,
2192 3346 2289 3399 καὶ
2322 3344 2449 3416 τρία
2479 3346 2511 3414 ἠ
2546 3344 2735 3414 μονὰς,
2768 3342 2829 3396 ού
2866 3342 3011 3396 κατὰ
3034 3342 3105 3395 τὰ
3135 3342 3195 3394 ὲν
3228 3341 3361 3410 ἡμῖν
3402 3340 3476 3393 τὰ
3511 3340 3599 3393 αί-

1999 3438 2183 3506 τιατὰ,
2225 3438 2295 3492 τὰ
2345 3437 2695 3510 παρηγμένα,
2723 3437 2793 3490 τὰ
2840 3435 3079 3506 ποιητά·
3114 3435 3338 3489 πάντων
3382 3434 3439 3487 δὲ
3500 3433 3597 3485 καὶ

2001 3530 2159 3601 ἡμῶν
2189 3532 2283 3584 καὶ
2313 3529 2420 3585 τῶν
2451 3546 2513 3583 τε
2563 3529 2675 3585 ἄνω
2719 3527 2814 3582 καὶ
2858 3526 2970 3581 τῶν
3014 3527 3191 3591 κάτω,
3230 3525 3374 3579 αὐτὰ
3395 3523 3463 3596 δὴ
3499 3522 3597 3576 καὶ

2004 3623 2141 3691 μόνα
2176 3623 2383 3691 κυρίως
2414 3620 2582 3675 αῖτια.

2078 3803 2200 3874 ρις’.
2234 3802 2344 3855 Καὶ
2376 3800 2518 3855 οὕτω
2554 3817 2671 3865 πως
2702 3801 2752 3854 οί
2805 3800 2951 3870 ἅγιοι
2992 3800 3055 3854 ού
3085 3798 3211 3855 κατ’
3254 3797 3597 3869 ἀνθρώπους

2002 3894 2358 3965 λαλήσαντες,
2409 3893 2545 3947 ἀλλὰ
2602 3892 2881 3962 γλώσσαις
2930 3893 3201 3963 ἀγγέλων,
3256 3893 3467 3963 μᾶλλον
3536 3893 3594 3946 δὲ

2005 3986 2420 4058 θεοπαραδότως
2445 3986 2513 4040 τὰ
2539 3986 2768 4040 τοιαῦτα
2815 3986 3281 4057 καταστήσαντες,
3313 3984 3392 4048 ὡς
3435 3985 3595 4038 ἔστιν

2005 4083 2139 4149 ἡμῖν
2172 4077 2534 4147 ἀναλέγεσθαι
2574 4076 2638 4130 ὲκ
2666 4076 2775 4131 τῶν
2816 4076 2977 4129 θείων
2999 4076 3095 4130 καὶ
3128 4075 3294 4147 ἱερῶν
3322 4076 3593 4145 Γραφῶν,

2005 4171 2462 4241 ἐφιλοτιμήσαντο
2507 4168 2813 4238 ἐμϐιϐάσαι
2840 4170 2976 4239 ἡμῖν
3008 4169 3086 4229 είς
3121 4167 3246 4222 νοῦν
3278 4168 3374 4220 καὶ
3413 4167 3598 4230 ἄλλως

2005 4259 2103 4330 τὴν
2129 4258 2387 4330 τοιαύτην
2416 4259 2738 4327 φιλοσοφίαν
2766 4256 3076 4321 εύθυϐόλως
3104 4256 3221 4326 ἅμα
3248 4257 3343 4310 καί⁸
3372 4256 3560 4324 σοφῶς
3577 4271 3597 4290 ·

2006 4350 2082 4413 ὡς
2103 4345 2250 4403 οἷκον
2276 4350 2375 4419 μέν
2399 4367 2521 4403 τινα
2545 4349 2913 4420 ὑπερθέμενοι
2936 4349 3029 4401 τὸν
3055 4348 3318 4418 μέγιστον
3350 4348 3593 4417 κόσμον,

2006 4442 2175 4511 λύχνα
2212 4441 2269 4496 δὲ
2307 4435 2420 4495 οἷον
2464 4438 2851 4508 ὐπανάψαντες
2907 4438 3248 4502 ὑποθετικῶς
3301 4438 3449 4509 τρία,
3494 4440 3600 4507 τὴν

2007 4531 2286 4602 τρίφωτον
2316 4532 2481 4601 ἁγίαν
2524 4532 2731 4602 Τριάδα
2756 4546 2769 4560 ·
2804 4531 2901 4584 καὶ
2930 4530 3060 4594 τοὺς
3095 4530 3194 4600 μὲν
3222 4530 3451 4601 λύχνους
3484 4530 3599 4601 ἰδία

334 4602 465 4684 tem.
504 4627 613 4695 [las
644 4602 824 4685 autem
862 4626 1143 4697 lampades
1190 4602 1599 4682 contuebantur
1652 4626 1897 4695 privatim

2016 4621 2341 4693 θεωροῦντες
2366 4621 2750 4692 ὲκλάμποντας
2783 4621 2878 4676 καὶ
2904 4621 2995 4675 τὸν
3030 4618 3180 4676 οἷκον
3209 4620 3556 4690 φωτίζοντας
3578 4637 3595 4653 ·

329 4719 569 4773 nitentes
597 4728 648 4772 et
682 4718 906 4771 domum
938 4716 1316 4771 illuminantes
1346 4716 1573 4777 ;exinde
1623 4730 1755 4770 vero
1795 4716 1907 4770 cla-

330 4811 521 4864 ritates
553 4818 608 4863 et
638 4808 973 4865 radiationes
1006 4809 1394 4879 excogitabant
1423 4819 1637 4873 mutuo,
1696 4824 1795 4878 per
1849 4823 1907 4863 se

316 4901 619 4957 venientes
636 4911 690 4956 et
719 4911 1100 4970 cooperantes,
1134 4917 1302 4956 unum
1337 4900 1550 4957 elIlcere
1582 4901 1785 4955 bonum
1813 4916 1907 4956 su-

333 5004 581 5062 premum
614 4982 673 5045 et
718 4989 896 5059 ﬁnale,
962 4990 1183 5061 haspitii
1234 4989 1769 5047 administrationem
1813 5006 1908 5060 per

331 5084 790 5140 illuutinatiouem
849 5094 903 5139 et
945 5086 1335 5154 pragmaticam
1383 5085 1789 5145 ostensiouem,
1851 5086 1905 5136 itt

310 5177 491 5245 ‘cujus
522 5178 753 5246 gratiam
788 5175 921 5230 tales
949 5190 1193 5230 accensa:
1224 5176 1444 5231 fuerant
1491 5175 1809 5243 lampades;
1854 5183 1910 5229 et

330 5266 649 5336 bujusmodi
670 5265 920 5335 exemplo
943 5266 1231 5331 docebant,
1252 5281 1414 5319 unam
1434 5280 1555 5319 com
1566 5264 1909 5333 positamque

331 5367 538 5414 sanctae
567 5357 857 5413 Trinitatis
901 5359 1300 5426 operationem,
1357 5367 1415 5411 ut
1462 5373 1643 5425 neque
1701 5359 1907 5413 trinum

336 5466 433 5521 per
460 5451 841 5507 confusionem
874 5450 928 5505 in
964 5464 1025 5504 ea
1056 5450 1346 5515 velaretur,
1376 5452 1470 5505 sed
1498 5450 1787 5505 manifeste
1816 5467 1912 5520 pa-

336 5552 585 5608 teret;et
610 5545 873 5614 operatio,
901 5542 1033 5613 quin
1074 5553 1216 5596 esset
1251 5544 1560 5599 communis
1611 5554 1665 5598 et
1720 5544 1912 5598 ittcntt-

332 5632 475 5695 fusa,
499 5647 606 5687 non
636 5631 1012 5702 impediretur.
1051 5629 1189 5685 Sunt
1234 5632 1453 5699 quidem
1506 5634 1907 5703 sapientissitna

333 5724 935 5794 sublimiaque,praeter
966 5724 1073 5779 alia
1138 5724 1327 5788 multa,
1372 5725 1502 5780 talia
1554 5726 1910 5793 documenta,

335 5830 548 5871 necnon
585 5824 858 5871 rectarum
914 5815 1307 5887 coxitationum
1344 5816 1584 5883 inventa,
1631 5819 1726 5874 sed
1793 5820 1912 5887 ipsa

336 5919 519 5967 tamen
544 5909 796 5968 breviora
825 5918 958 5969 sunt
1003 5926 1066 5966 ac
1120 5910 1430 5983 corporalia
1495 5913 1732 5982 taliaque
1786 5927 1908 5982 qua:

2012 4713 2108 4776 τὰς
2159 4712 2217 4767 δὲ
2263 4713 2474 4767 ἐκεῖθεν
2531 4711 2771 4784 λάμψεις
2816 4712 2910 4767 καὶ
2949 4712 3330 4776 ἀκτινοϐολίας
3374 4712 3600 4782 φιλοσο-

2010 4806 2239 4876 φοῦντες
2284 4805 2354 4860 δι’
2388 4805 2636 4877 ἀλλήλων
2683 4804 2925 4877 ἡκούσας
2976 4805 3071 4859 καὶ⁸
3108 4805 3504 4874 συνεργούσας,
3539 4805 3600 4858 ἓν

2010 4902 2187 4953 ποιεῖν
2210 4899 2414 4968 ἀγαθὸν
2449 4898 2838 4970 καιριώτατον,
2872 4898 2968 4951 καὶ⁵
2998 4897 3424 4968 σκοπιμὼτατον
3452 4898 3602 4951 τελι-

2012 4992 2145 5060 κῶς,
2175 4993 2277 5063 τὴν
2318 4992 2413 5045 τοῦ
2447 4992 2710 5061 ὁσπητίου
2757 4991 3027 5058 διοίκησιν
3063 4988 3151 5043 διὰ
3186 4988 3471 5059 φωτισμοῦ
3502 4990 3600 5043 καὶ

2013 5084 2449 5149 καθυποδείξεως
2476 5083 2894 5154 πραγματικῆς,
2931 5079 2999 5155 ἧς
3045 5083 3205 5154 χάριν
3251 5083 3320 5135 τὰ
3364 5081 3599 5135 τοιαῦτα

2011 5178 2185 5251 λύχνα
2241 5177 2648 5248 ὲξανήφθησαν,
2700 5178 2795 5231 καὶ
2840 5176 3154 5231 διδάσκουσι
3205 5175 3300 5228 καὶ
3368 5174 3435 5228 ὲκ
3493 5175 3598 5242 τῆς

2014 5274 2273 5342 τοιαύτης
2312 5270 2704 5341 παραδείξεως,
2744 5270 2805 5322 τὸ
2836 5269 2938 5337 τῆς
2970 5268 3135 5337 ἁγίας
3160 5268 3394 5336 Τριάδος
3430 5283 3599 5337 μονεο

2012 5364 2277 5435 νὲργητον
2313 5362 2695 5434 συνέργὰσμα,
2727 5362 2803 5425 ὡς
2840 5363 2978 5432 μήτε
3014 5361 3075 5415 τὸ
3108 5342 3392 5432 τριαδιρκδν
3424 5360 3598 5428 αὐτῆς

2014 5456 2301 5510 ἔσκιάσθαι
2341 5454 2428 5509 διὰ
2476 5454 2811 5526 συγχύσεως,
2849 5453 2989 5507 ἀλλὰ
3039 5452 3294 5523 φανερῶς
3341 5451 3598 5520 ἐκφαίνε-

2015 5547 2137 5600 σθαι
2160 5562 2173 5577 ⁸
2202 5548 2295 5599 καὶ
2335 5546 2396 5597 τὸ
2444 5548 2729 5615 ἐνέργημα
2762 5545 2820 5598 δὲ
2870 5545 3207 5606 κοινωνικῶς
3236 5543 3334 5598 καὶ
3362 5541 3600 5613 ἀσυγχύ-

2011 5657 2119 5703 τως
2163 5636 2573 5691 ἀνεπικώλυτον
2624 5632 2766 5693 εἷναι
2813 5639 2952 5710 αύτῇ
2983 5654 2996 5668 ·
3033 5638 3126 5692 καὶ
3160 5639 3270 5691 εἰσὶ
3319 5638 3423 5704 μὲν
3467 5637 3599 5688 πάν-

2014 5746 2153 5797 σιιφα
2184 5731 2278 5783 καὶ
2310 5730 2376 5783 τὰ
2403 5731 2631 5783 τοιαῦτα
2652 5730 2788 5801 πρὸς
2819 5731 3039 5802 μυρίοις
3068 5728 3252 5793 ἄλλοις
3272 5727 3596 5782 διδασκάλια

2015 5819 2106 5873 καὶ
2139 5817 2343 5888 ὑψηλὰ,
2384 5819 2477 5871 καὶ
2526 5819 2783 5873 διανοιῶν
2828 5818 3034 5873 εύθέων
3084 5818 3401 5887 εὑρήματα,
3426 5812 3594 5884 ταχύ-

2013 5930 2147 5981 τερα
2181 5911 2240 5965 δὲ
2282 5910 2379 5964 καὶ
2420 5911 2559 5965 αὐτὰ
2597 5911 2771 5982 ὅμως,
2810 5914 2903 5968 καὶ
2935 5910 3221 5981 σωματικὰ
3268 5909 3364 5963 καὶ
3393 5901 3482 5963 οἶα
3516 5904 3594 5975 μὴ
