3824 6544
149 420 238 481 m
910 418 994 477 IN
1034 417 1374 484 mnuum
1410 418 2075 483 PENTECOSTALEM
2114 394 2577 483 DAMASCENI.

3284 416 3389 480 6'”

149 530 273 596 ἔχειν
315 526 685 597 πληροφορεῐν
734 527 1029 599 ἄνθρωπον
1080 532 1524 601 πολυπράγμονα
1559 532 1696 601 πρὸς

1820 534 2134 590 :onvincere
2166 543 2445 604 nequeant
2472 532 2752 588 hominem
2780 534 2845 588 dc
2863 532 3207 588 inscrutabili
3238 549 3391 591 eom-

149 618 461 689 ὰσυζήτητον
494 618 834 691 κατάληψιν,
864 624 914 675 εί
952 622 1027 690 μὴ
1062 623 1227 686 αὐτὸς
1264 626 1293 678 6
1318 625 1453 686 Θεὸς
1485 626 1673 677 άποκα

148 712 295 779 λύψας
344 712 469 776 τοὺς
534 712 853 783 ὀφθαλμοὺς
906 714 1018 769 τῶν
1068 714 1103 787 ἢ
1150 716 1699 788 άμὸλυωπούντωνῆ

149 806 297 865 ἄλλως
346 804 789 873 δυσωπουμένων
818 805 916 875 τὴν
966 807 1104 878 πρὸς
1137 806 1231 861 τὸν
1256 808 1411 877 ἦλιον
1437 807 1539 873 τῆς
1567 807 1702 874 ἀλη-

150 897 277 959 θείας
319 897 640 964 ἀνάϐλεψιν,
685 899 880 954 ἑαυτὸν
913 900 1208 971 ὲμφανίσει
1240 901 1339 953 καὶ
1388 900 1589 965 διδάξει
1635 900 1704 954 τά

150 990 267 1058 ὓπερ
292 988 649 1061 ἀνθρωπικὴν
674 992 1029 1063 κατανόησιν.
1064 992 1276 1048 Οὐκοῦν
1308 993 1394 1047 ἵνα
1425 993 1500 1065 μὴ
1531 995 1702 1062 ἀναγ-

150 1082 417 1152 κασθῶμεν
442 1084 768 1155 αὐτόχρημα
804 1085 1253 1155 μεταλαμϐάνειν
1288 1086 1357 1141 τά
1386 1086 1497 1140 τῶν
1530 1086 1705 1155 ἁγίων

152 1173 388 1243 Πατέρων
420 1174 482 1240 ἐξ
514 1174 874 1246 ἀντιγράφων
915 1178 1294 1249 έρανιζόμενοι
1326 1182 1397 1231 τὰ
1426 1178 1522 1232 καὶ
1547 1178 1708 1247 ἡμῶν

150 1268 249 1335 δίχα
285 1268 483 1339 ἔκδηλα
509 1270 591 1334 είς
636 1268 865 1334 ἔνδειξιν
895 1271 1145 1339 φανερὰν
1174 1270 1270 1325 τοῦ
1310 1270 1443 1341 μίαν
1473 1274 1531 1324 ἒν
1558 1273 1707 1341 τρισὶ

149 1360 441 1430 προσώποις
482 1358 623 1415 εἶναι
671 1363 773 1432 τὴν
822 1365 1137 1435 ἀγιωτάτην
1164 1365 1422 1436 θεότητα,
1455 1366 1555 1419 καὶ
1582 1365 1707 1434 είκῆ

149 1453 410 1521 φανεῖσθαι
460 1455 591 1525 περὶ
640 1456 710 1509 τά
754 1458 925 1511 πᾶσιν
974 1458 1301 1528 εὐπόριστα,
1353 1456 1710 1527 περιωρίσθω

149 1544 263 1608 iiva
287 1543 390 1606 ἕως
414 1538 521 1597 ὦδε
550 1544 644 1597 καὶ
664 1546 692 1599 6
713 1546 957 1607 τοιοῦτος
982 1547 1136 1610 νοῦς·
1160 1546 1223 1602 τὸ
1241 1546 1321 1610 δὲ,
1354 1546 1567 1617 ἔλαμψε
1594 1547 1710 1615 φῶς

149 1634 352 1704 ἡχάρις
405 1634 500 1688 τοῦ
529 1635 871 1706 Πνεύματος,
900 1638 1067 1708 διχῶς
1110 1638 1361 1710 νοητέον⁶
1393 1639 1427 1712 ἢ
1474 1639 1583 1711 γὰρ
1629 1641 1709 1693 ὅτι

150 1724 428 1777 ἀπετέλεσε
476 1725 684 1795 λάμψιν
732 1727 1080 1797 φωτίζουσαν
1124 1728 1303 1799 ψυχὰς
1350 1730 1383 1800 η
1424 1730 1586 1800 χάρις
1614 1730 1709 1783 τοῦ

1806 628 2175 698 prehensione
2203 627 2511 690 curiosum,
2549 625 2656 680 nisl
2677 624 2819 681 Deus
2843 625 2956 694 ipse
2984 626 3233 681 revelans
3254 642 3389 681 ocu-

1806 719 1888 774 los
1921 720 2179 776 debilium
2209 728 2262 773 et
2297 734 2486 773 eorum
2526 717 2620 788 qui
2652 717 2790 773 alias
2847 716 3068 772 dillicile
3118 718 3390 773 sustinent

1806 814 1941 870 solis
1971 814 2219 869 veritatis
2252 813 2623 877 intuitionem,
2652 810 3011 879 semetipsum
3081 810 3391 865 manifestet

1806 923 1857 962 et
1882 922 1944 961 ea
1970 922 2090 976 qua:
2115 907 2410 960 humanam
2438 916 2702 974 superant
2721 903 3140 974 intelligentiam
3171 904 3385 959 doceat.

1811 1000 2003 1069 Itaque
2031 1014 2099 1054 ne
2133 998 2312 1069 reipsa
2341 1013 2603 1067 cogamur
2665 1013 2729 1052 ex
2794 996 3077 1065 rescriptis
3134 1005 3393 1053 eruentes

1808 1095 2082 1165 explicare
2102 1093 2244 1148 dicta
2279 1102 2592 1147 sanctorum
2620 1090 2869 1153 Patrum,
2905 1106 3029 1161 quae
3052 1090 3172 1145 sine
3235 1089 3392 1143 nobis

1808 1188 1873 1242 ad
1906 1184 2552 1240 claredemonstrandnm
2587 1183 2641 1237 in
2697 1182 2871 1237 tribus
2919 1182 3174 1252 personis
3225 1196 3391 1235 unam

1809 1293 1932 1333 esse
1954 1274 2357 1331 sanctissimam
2398 1274 2663 1329 Deitatent
2689 1270 2985 1327 manifesta
3024 1280 3175 1335 sunt,
3228 1271 3389 1325 vani.

1811 1387 1919 1439 que
1953 1368 2238 1423 videamur
2272 1366 2417 1422 circa
2443 1383 2534 1421 res
2568 1366 2828 1421 omnibus
2860 1366 3070 1428 obvias,
3106 1365 3394 1433 hucusque

1811 1462 2299 1520 circumscribatur
2338 1461 2497 1516 nobis
2562 1460 2677 1514 haec
2730 1460 2858 1513 talis
2928 1458 3223 1512 sententia.
3282 1456 3394 1509 Hoc

1811 1565 1990 1612 autem
2021 1573 2036 1609 :
2070 1553 2281 1623 ἔλαμψε
2304 1553 2421 1622 φῶς
2458 1554 2493 1624 ἡ
2524 1552 2683 1622 χάρις
2702 1551 2797 1604 τοῦ
2833 1550 3178 1620 Πνεύματος,
3207 1548 3391 1615 dupli-

1813 1648 2447 1717 citerintelligendnm:
2510 1654 2604 1700 aut
2648 1647 2818 1709 enim,
2878 1644 3022 1713 quod
3082 1643 3390 1696 claritatem

1814 1745 2027 1800 animas
2049 1742 2442 1798 illuminantem
2462 1740 2690 1810 perfecit
2716 1740 2971 1793 celebrati
3006 1736 3245 1807 Spiritus
3272 1749 3395 1806 gra-

152 1816 527 1922 έορταξομένου
556 1819 897 1889 Πνεύματος,
930 1821 964 1892 ἢ
995 1822 1079 1875 ὅτι
1117 1823 1359 1891 σήμερον
1404 1821 1712 1892 ἐξέλαμψεν

1820 1837 1912 1900 tia,
1939 1836 2021 1889 vel
2056 1834 2201 1904 quod
2237 1832 2402 1887 hodie
2428 1832 2567 1886 luxit
2596 1831 2854 1886 exoriens
2879 1830 3065 1883 lumen
3131 1841 3237 1880 non
3303 1840 3392 1877 as-

152 1907 413 1963 ἀνατεῖλαν
456 1910 572 1978 φῶς
620 1912 683 1966 οὐ
717 1912 778 1966 τὸ
815 1914 1069 1984 σύνηθες,
1100 1914 1196 1967 καὶ
1233 1913 1374 1984 πρὸς
1411 1912 1707 1985 αἴσθησιν,

153 2000 271 2054 ἀλλὰ
304 2003 333 2071 ἡ
365 2001 529 2072 χάρις
550 2004 645 2057 τοῦ
688 2005 848 2073 ἁγίου
892 2006 1234 2076 Πνεύματος,
1264 2008 1353 2062 ῐνα
1387 2006 1586 2062 ταυτὸν
1622 2008 1710 2078 εἴη

156 2093 254 2161 φῶς
292 2093 522 2149 ἐνταῦθα
570 2096 771 2163 εἰπεῖν,
823 2099 921 2153 καὶ
962 2101 1124 2172 χάριν
1174 2099 1270 2155 τοῦ
1331 2099 1490 2169 ἁγίου
1539 2101 1714 2156 Πνεύ-

158 2202 331 2255 ματος.

429 2281 758 2352 Τροπὰριον
779 2284 989 2355 τριτον
1013 2284 1126 2355 τῆς
1148 2286 1199 2341 6"
1227 2284 1411 2356 ᾠδῆς.

214 2368 277 2427 Χ.
306 2372 562 2428 Τελείσθε
596 2376 799 2442 πάντες
829 2381 897 2449 τῇ
928 2379 1356 2455 θεαρχικωτάτῃ

313 2467 471 2520 Ὅσοι
494 2467 792 2539 λατρευταὶ
820 2472 921 2538 τῆς
944 2472 1284 2543 τριφεγγοῦς
1306 2473 1499 2538 οὐσίας
1520 2490 1534 2507 ·
1612 2506 1620 2515 -

321 2558 652 2629 ’Υπερφυῶς
679 2560 829 2616 τελεῖ
860 2564 969 2633 γὰρ
1007 2563 1086 2627 ὡς
1110 2565 1433 2636 εὐεργέτης.

308 2651 421 2704 Καὶ
452 2657 839 2724 πυρσομοριροῖ
858 2655 1091 2726 Χριστὸς
1113 2660 1193 2720 είς
1228 2658 1505 2729 σωτηρίαν

312 2742 485 2813 Ὅλην
504 2743 743 2811 πορίζων
764 2744 863 2814 τὴν
882 2745 1044 2817 χάριν
1070 2746 1163 2802 τοῦ
1192 2748 1534 2818 Πνεύματος.

219 2834 336 2904 ριη’.
374 2835 724 2891 Ἦθικεύεται
756 2840 785 2891 6
838 2839 1083 2910 μελῳδὸς
1141 2841 1261 2909 ἃμα
1305 2840 1538 2911 παρόντι
1587 2857 1720 2912 τρο-

159 2927 342 2997 παρίῳ,
372 2930 468 2983 καὶ
521 2931 594 2985 τά
641 2931 741 3002 τῆς
792 2933 989 3003 ἑορτῆς
1037 2932 1341 3001 φιλοσοφεῖ.
1392 2934 1501 2988 Καὶ
1542 2935 1574 3004 ἡ
1618 2933 1719 3005 μὲν

160 3022 278 3092 πρὸς
318 3017 450 3093 ἦθος
511 3024 795 3090 παίδευσις
841 3025 1016 3095 λέγει,
1047 3026 1130 3081 ὅτι
1164 3026 1376 3089 Πάντες
1421 3028 1537 3081 ὅσοι
1590 3027 1718 3081 ἐστὶ

161 3112 431 3185 λατρευταὶ
455 3116 558 3187 τῆς
585 3116 917 3187 τριφεγγοῦς
944 3118 1135 3181 οὐσίας
1169 3117 1436 3185 τελεῖσθε,
1469 3118 1717 3172 τουτέστι

166 3207 345 3273 μύσται
399 3209 642 3277 γίνεσθε,
672 3209 895 3283 τελετὴν
964 3211 1346 3283 ἑορτάζοντες,
1414 3213 1508 3266 καὶ
1572 3210 1718 3265 οὕτω

164 3301 442 3355 τελειοῦσθε
487 3305 553 3373 τῇ
602 3303 835 3377 τοιαύτῃ
884 3304 1303 3377 Θεαρχικωτάτῃ
1352 3303 1550 3375 οὐσία·
1581 3305 1616 3374 ἡ
1658 3302 1716 3356 δὲ

166 3396 428 3463 φιλόσοφος
474 3395 679 3466 Θεωρία
732 3395 1075 3469 πληροφορεῐ
1114 3396 1200 3450 ὅτι
1236 3397 1271 3467 ἠ
1300 3396 1528 3465 τοιαύτη
1556 3395 1717 3449 οὐσία

166 3487 239 3540 διὰ
265 3484 353 3540 τοῦ
385 3486 646 3555 Χριστοῦ,
675 3485 735 3551 ὸς
780 3487 1079 3559 εὐεργέτης
1120 3489 1293 3553 δντως
1330 3489 1503 3551 ἔστιν,
1548 3487 1719 3557 ὑπερο

168 3580 297 3647 φυῶς
319 3596 376 3632 τε
404 3577 548 3633 τελεῖ
575 3570 745 3650 ἧγὸυν
787 3582 938 3650 μυεῖ,
979 3582 1229 3635 τουτέστι
1257 3583 1609 3652 μυσταγωγεῖ
1635 3579 1716 3633 δι-

167 3670 377 3738 δάσκων,
412 3672 509 3726 καὶ
564 3671 840 3727 παιδεύων
892 3673 988 3725 καὶ
1029 3677 1420 3745 πυρσομορφοῖ
1464 3673 1527 3726 οὐ
1578 3671 1716 3744 πρὸς

168 3763 395 3833 ἐρύθημα
425 3762 609 3828 αἰδοῦς
646 3764 759 3818 εἴτε
809 3764 1062 3831 κάλλους,
1094 3765 1234 3820 ἀλλὰ
1286 3768 1367 3830 είς
1410 3766 1715 3838 σωτηρίαν,

169 3854 384 3922 πορίζων
436 3856 553 3916 τοῖς
586 3854 822 3923 μύσταις
881 3855 1052 3911 αὐτοῦ
1093 3855 1225 3928 ὃλην
1261 3855 1362 3927 τὴν
1410 3857 1574 3926 χάριν
1620 3856 1716 3909 τοῦ

171 3946 483 4016 Ηνεύματος.
514 3948 591 4003 Οὐ
632 3948 742 4019 γὰρ
782 3946 981 4011 ἀτελὴς
1020 3949 1049 4002 6
1097 3947 1251 4013 Θεὸς,
1280 3946 1472 4019 ὥσπερ
1504 3946 1567 4001 οὐ
1615 3946 1718 4020 τὴν

169 4036 529 4109 πληρεστάτην
585 4038 748 4107 φύσιν
782 4037 950 4092 αὐτοῦ
989 4039 1023 4109 ἢ
1069 4038 1199 4092 ἄλλο
1234 4056 1287 4092 τι
1319 4039 1429 4094 τῶν
1460 4039 1585 4093 κατ’
1613 4040 1717 4096 αὐ-

171 4126 267 4192 τὸν,
294 4132 381 4182 καὶ
407 4129 536 4200 περὶ
560 4128 748 4197 αὐτὸν,
779 4128 955 4193 οὕτως
980 4127 1105 4182 οὐδὲ
1126 4127 1227 4200 τὴν
1258 4128 1583 4199 εὐεργεσίαν
1620 4130 1718 4186 καὶ

171 4219 258 4291 τὴν
286 4222 440 4291 χάριν
494 4220 594 4292 τὴν
638 4219 698 4287 ἐξ
729 4220 895 4277 αὐτοῦ
945 4222 1087 4293 πρὸς
1138 4221 1235 4276 τοῦ
1285 4222 1477 4278 αὐτοῦ.
1511 4223 1575 4276 Ei
1608 4222 1716 4295 γάρ

177 4310 256 4361 aut
297 4311 433 4365 πάνυ
487 4312 659 4383 μικρὰ
715 4310 1012 4379 λαμϐάνων
1063 4311 1352 4383 προσίεται
1398 4310 1458 4375 ὃς
1506 4327 1571 4381 γε
1622 4315 1718 4367 καὶ

175 4403 510 4472 προσκυνήσει
553 4402 737 4473 χαίρει
779 4404 848 4473 τῇ
896 4401 1020 4456 κατ’
1061 4402 1336 4474 ὀρθότητα
1363 4399 1461 4456 καὶ
1494 4402 1720 4476 εὐλογίᾳ

176 4494 448 4565 εὺγνὼμονι
500 4495 577 4558 ὡς
626 4495 724 4549 καὶ
791 4495 964 4558 ὄντως
1012 4495 1329 4565 εὐλογητὸς..
1387 4493 1503 4549 ἀλλ’
1553 4494 1718 4559 αὐτὸς

177 4588 527 4658 μεγαλόδωρός
560 4589 733 4654 έστιν,
760 4589 844 4643 ὅτι
870 4588 967 4643 καὶ
1002 4588 1447 4661 ιλευθεριότητος
1472 4589 1717 4660 ἁπάσης,

176 4680 252 4731 καὶ
284 4680 752 4750 μεγαλοπρεπείας
778 4680 1050 4751 δεσπότης
1088 4679 1206 4752 ἅμα
1238 4682 1334 4736 καὶ
1363 4679 1717 4750 παραδότης·

175 4770 252 4823 καὶ
269 4772 296 4824 ό
320 4772 406 4826 τὸν
430 4772 817 4843 ἀναμάρτητον
841 4772 1128 4843 ἄνθρωπον
1154 4774 1274 4828 ὅλον
1299 4774 1493 4828 ἑαυτὸν
1522 4774 1722 4844 ἐκείνῳ

173 4862 480 4920 άντιδίδωσιν
515 4867 676 4937 εἰπερ
708 4865 856 4931 άξιος
890 4866 1084 4919 τούτου
1117 4866 1367 4936 γένηται.

234 4956 341 5022 ριθ’.
387 4956 585 5011 Ἰστέον
616 4957 676 5011 δι
715 4959 798 5012 ὅτι
851 4959 1263 5027 προστακτικῆς
1297 4973 1359 5010 τε
1415 4957 1723 5027 ἐγκλίσεως

174 5043 223 5096 τὸ
244 5047 494 5113 τελεῖσθε,
522 5049 620 5103 καὶ
646 5049 733 5102 ὅτι
769 5048 1051 5118 μυστικῶς
1091 5047 1223 5117 ἁγία
1249 5049 1282 5119 ἡ
1309 5049 1535 5120 τοιαύτη
1572 5050 1719 5115 λέξις

174 5135 425 5209 σύστοιχος
460 5141 529 5210 τῇ
577 5141 789 5210 τελετῇ,
833 5140 929 5193 καὶ
973 5143 1039 5212 τῇ
1084 5139 1431 5211 τελεταρχίᾳ,
1466 5141 1561 5195 καὶ
1602 5144 1719 5206 τοῖς

171 5225 420 5294 τελεσταῐς
458 5230 572 5283 τῶν
606 5230 927 5301 μυστηρίων
970 5230 1305 5303 έκφάντορσι
1334 5246 1347 5261 ·
1385 5230 1629 5285 τοιοῦτον
1662 5232 1717 5286 δὲ

171 5322 251 5375 καὶ
274 5323 330 5375 τὸ
353 5322 516 5388 τελεῖ,
548 5323 690 5394 ὅπερ
710 5323 969 5393 ἀνωτέρω
999 5325 1203 5379 κεῖται.
1243 5322 1723 5396 Ἀποκαρανοῦται

168 5411 237 5477 δέ,
264 5415 291 5467 6
318 5415 379 5487 δή
426 5433 511 5479 τις
562 5414 690 5487 έφη,
724 5416 901 5471 ταῦτα
947 5418 1042 5471 καὶ
1090 5417 1193 5471 δσα
1241 5414 1492 5481 τοιαῦτα,
1517 5409 1594 5472 ὧν
1630 5417 1725 5472 καὶ

173 5509 651 5579 προεμνήσθημεν·
708 5508 895 5578 σαφῶς
961 5508 1017 5563 δὲ
1078 5511 1255 5562 είπεῖν
1323 5508 1724 5578 κεφαλαιοῦται

174 5599 258 5651 καὶ
305 5601 483 5674 ἀφορᾷ
532 5602 615 5666 είς
659 5601 762 5671 τὴν
812 5602 936 5656 κατ’
974 5601 1266 5672 ἄνθρωπον
1315 5603 1623 5670 τελείωσιν,
1654 5605 1723 5674 ἥν

173 5689 520 5761 εὐπραγοῦσιν
563 5694 614 5748 οί
638 5692 775 5760 πρὸς
792 5693 963 5765 ὀρθὴν
999 5693 1263 5764 ἀλήθειαν
1294 5695 1388 5749 καὶ
1420 5696 1721 5768 ὀρθότητα,

176 5780 229 5833 οὐ
256 5782 355 5852 μὴν
392 5786 470 5848 είς
514 5786 688 5857 κρῖμα
717 5785 750 5856 ἢ
786 5785 865 5848 είς
887 5786 1225 5854 κατάκριμα,
1264 5786 1332 5840 τὰ
1367 5787 1487 5840 θεῖα
1518 5788 1720 5857 μιμού-

181 5883 346 5937 μενοι·
379 5878 515 5945 τάχα
575 5875 633 5930 δέ
688 5874 913 5949 τοιαύτη
964 5892 1044 5940 τις
1100 5874 1277 5931 ἔννοια
1329 5878 1424 5932 καὶ
1473 5878 1600 5941 τοὺς
1654 5879 1712 5932 ἐν

1813 1938 2053 1990 suetum,
2081 1935 2135 1981 et
2162 1925 2442 1986 sensibile,
2465 1922 2609 1993 quod
2633 1932 2812 1978 tamen
2850 1929 2933 1976 est
2988 1920 3162 1990 gratia
3221 1918 3392 1971 sancti

1815 2019 2076 2089 Spiritus,
2112 2028 2172 2074 ut
2225 2018 2371 2074 idem
2404 2018 2476 2073 sit
2507 2014 2691 2070 lumen
2718 2014 3016 2086 hicjdicere
3048 2011 3396 2081 Spiritusqne

1812 2114 1989 2169 sancti
2015 2112 2273 2184 gratiam.

2184 2288 2499 2356 Tropart'um
2527 2287 2563 2340 5
2604 2286 2721 2339 edat
2758 2294 2989 2351 quartw.

1961 2383 2191 2441 Servitis
2217 2395 2410 2437 omnes
2447 2378 2791 2433 divinissimo
2819 2372 3172 2443 principatui,

1886 2479 2032 2547 Quot
2063 2476 2206 2534 servi
2240 2475 2372 2530 estis
2405 2470 2701 2526 triluminis
2731 2465 3066 2522 substantiae.

1890 2568 2390 2642 Snpernaturaliter
2415 2565 2557 2619 enim
2598 2561 2808 2632 perﬁcit
2839 2571 2897 2616 ut
2921 2558 3254 2635 benefactor,

1889 2663 1956 2720 Et
1993 2663 2207 2735 igneam
2238 2657 2464 2712 fortnam
2495 2654 2747 2710 Christus
2770 2653 2863 2707 dat
2897 2653 2950 2706 in
2980 2651 3232 2716 salutem,

1887 2755 2076 2810 Totam
2109 2751 2392 2821 porrigens
2419 2747 2648 2817 gratiam
2676 2743 2934 2813 Spiritus.

1890 2845 2016 2901 “8.
2049 2843 2103 2898 ln
2131 2837 2385 2913 praesenti
2427 2837 2646 2906 quidem
2681 2835 2905 2903 strepha
2937 2843 3091 2903 poeta
3119 2832 3400 2887 moraliter

1818 2955 1883 2995 ac
1905 2935 2283 3009 philosophice
2302 2928 2423 3003 qua?
2454 2941 2577 2985 sunt
2609 2927 2924 2985 festivitatis
2944 2933 3164 2981 tractat.
3189 2923 3255 2979 Et
3279 2924 3402 2993 qni-

1818 3034 1939 3087 dem
1970 3028 2192 3085 moralis
2222 3026 2511 3082 iustrnctio
2555 3022 2688 3078 dicit
2726 3020 3093 3088 :Quieunque
3135 3018 3398 3073 substan-

1820 3126 1908 3181 tia:
1938 3134 2018 3179 ter
2048 3121 2277 3178 lucentis
2312 3118 2444 3174 estis
2475 3116 2809 3172 adoratores.
2846 3112 3160 3177 initiamini,
3192 3112 3245 3163 id
3292 3116 3398 3175 est,

1746 3198 1790 3260 ο
1821 3225 2010 3288 mysta:
2053 3214 2178 3271 sitis
2215 3211 2475 3282 mysteria
2507 3208 2872 3269 celebrantes,
2908 3216 2962 3259 et
2990 3204 3064 3258 ita
3103 3202 3194 3256 tali
3224 3202 3401 3254 enmi-

1819 3306 2024 3378 potenti
2046 3304 2361 3360 substantite
2385 3298 2815 3358 consecramiui.
2845 3295 3234 3364 Philosophica
3269 3308 3399 3347 vero

1817 3400 2027 3456 theoria
2060 3398 2280 3469 plenam
2322 3395 2452 3450 facit
2494 3394 2655 3448 (idem
2690 3391 2838 3462 quod
2914 3390 3039 3444 talis
3087 3385 3396 3441 substantia

1819 3508 1917 3563 per
1943 3490 2246 3556 Christum,
2296 3488 2386 3555 qui
2450 3500 2580 3541 vere
2632 3484 2914 3539 beneﬁcus
2972 3488 3077 3545 est,
3143 3478 3401 3548 superius

1817 3584 2051 3657 perlicit,
2076 3581 2128 3637 id
2156 3589 2260 3645 est,
2290 3579 2473 3634 initiat
2511 3586 2568 3633 et
2615 3575 2791 3633 sacris
2841 3580 3149 3639 consecrat,
3198 3570 3402 3624 docens

1816 3686 1871 3734 et
1894 3675 2175 3741 erudiens,
2204 3684 2257 3729 et
2279 3670 2424 3743 ignis
2477 3669 2715 3725 formam
2788 3664 3018 3736 ingerit,
3081 3678 3194 3718 non
3240 3660 3399 3731 juxta

1818 3770 2077 3827 ruborem
2109 3766 2336 3839 pudoris
2374 3763 2459 3818 vel
2491 3758 2941 3833 pulchritudinis,
2974 3756 3069 3811 sed
3134 3755 3203 3809 ad
3254 3752 3400 3809 salu-

1819 3871 1950 3928 tem,
1983 3860 2100 3917 suis
2128 3857 2324 3930 mystis
2349 3869 2567 3912 omnem
2595 3852 2833 3922 Spiritus
2857 3849 3087 3922 gratiam
3119 3846 3396 3918 praebens.

1817 3953 1937 4010 Non
1961 3963 2045 4008 est
2074 3952 2220 4007 enim
2252 3947 2609 4019 imperfectus
2658 3944 2828 4008 Deus,
2895 3943 3042 3998 sicut
3096 3956 3197 3996 nec
3248 3939 3395 3993 circa

1818 4042 2276 4115 perfectissimam
2308 4039 2431 4110 ejus
2463 4046 2739 4102 naturam,
2768 4033 2851 4088 vel
2872 4032 3019 4087 aliud
3041 4029 3173 4103 quid
3207 4044 3397 4087 eorum

1818 4137 1886 4193 ad
1910 4137 2089 4204 ipsum
2121 4130 2565 4203 respicientium,
2603 4127 2684 4182 sic
2707 4140 2885 4197 neque
2918 4124 3064 4181 circa
3093 4121 3399 4178 beneﬁcen-

1816 4229 1953 4284 tiam
1989 4234 2044 4281 et
2078 4224 2314 4296 gratiam
2362 4235 2484 4292 quae
2516 4234 2583 4274 ex
2644 4218 2767 4287 ipso
2806 4223 2880 4271 οι·
2910 4230 3009 4286 per
3061 4213 3239 4283 ipsum
3292 4218 3398 4265 est.

1820 4319 1935 4376 Etsi
1958 4316 2102 4374 enim
2129 4315 2289 4371 valde
2324 4328 2489 4383 parva
2518 4308 2826 4375 suscipiens
2883 4306 3250 4375 concipiatur,
3305 4303 3398 4372 qui

1820 4411 1961 4468 laeta
2030 4407 2333 4466 secundum
2394 4402 2775 4460 rectitudinem
2838 4399 3153 4455 adoratione
3201 4397 3401 4468 gaudet

1749 4536 1795 4593 Ι)
1822 4518 2036 4560 necnon
2076 4499 2339 4557 benevola
2372 4497 2553 4560 laude,
2573 4496 2731 4567 quasi
2761 4508 2947 4550 revera
2970 4493 3249 4551 laudatus.
3284 4490 3401 4559 ipse

1823 4604 2005 4652 tamen
2041 4595 2096 4651 in
2127 4592 2286 4649 donis
2322 4590 2645 4662 magniﬁcus
2693 4597 2803 4653 est,
2837 4594 3026 4657 utpote
3059 4585 3152 4655 qui
3188 4596 3401 4639 cuncta:

1821 4685 2166 4743 liberalitatis
2198 4692 2254 4739 et
2283 4680 2673 4751 magnitudinis
2698 4686 2785 4735 est
2825 4678 3082 4735 dominus
3111 4686 3165 4732 et
3211 4676 3401 4738 dator,

1822 4779 2028 4851 quique
2060 4778 2402 4833 innocentem
2468 4773 2746 4830 hominem
2797 4782 2969 4829 totum
3035 4772 3276 4842 scipsum
3325 4770 3403 4825 illi

1820 4869 1940 4925 vice
1960 4884 2056 4925 sua
2091 4868 2255 4922 tradit
2286 4866 2415 4922 dum
2445 4866 2532 4921 ille
2566 4865 2762 4927 dignus
2799 4864 2901 4920 hoc
2936 4863 3047 4920 ﬁat.

1898 4961 2024 5016 119.
2054 4958 2347 5015 Sciendum
2380 4966 2465 5013 est
2493 4967 2682 5013 autem
2742 4955 3046 5024 imperativi
3079 4953 3225 5009 modi
3280 4968 3405 5009 esse

1822 5066 2014 5107 vocem
2052 5049 2338 5115 τελεῖσθε;
2400 5048 2740 5119 mysticeque
2794 5057 3042 5102 sanctam
3086 5061 3208 5102 esse
3266 5047 3407 5099 hanc

1824 5141 2158 5198 locutionem
2191 5155 2314 5212 quae
2342 5140 2585 5210 ejusdem
2620 5148 2705 5194 est
2731 5140 2950 5209 generis
2997 5154 3061 5194 ac
3089 5140 3123 5210 η
3145 5135 3333 5206 τελετή
3353 5143 3408 5190 et

1823 5232 2228 5306 ήτελεταρχία,
2254 5241 2310 5288 et
2347 5232 2397 5285 οί
2429 5230 2670 5295 τελεταί,
2707 5231 2799 5301 qui
2835 5241 2964 5286 sunt
3016 5228 3404 5302 mysteriorum

1824 5326 2174 5397 interpretes.
2207 5324 2338 5380 Tale
2368 5333 2452 5379 est
2479 5339 2696 5394 queque
2760 5326 2988 5379 verbum
3035 5324 3204 5388 τελεῖ,
3255 5322 3400 5392 quod

1832 5416 2091 5487 superius
2124 5415 2392 5472 habemus
2409 5414 2885 5486 Ἀποκαρανοῦται
2913 5427 3117 5477 autem,
3135 5423 3192 5468 ut
3208 5412 3412 5483 aliquis

1826 5508 1985 5573 dixit,
2024 5509 2141 5564 hac
2171 5508 2384 5577 aliaque
2412 5508 2637 5571 similia,
2667 5524 2899 5578 quorum
2961 5507 3279 5560 memoriam
3327 5505 3403 5562 fe-

1824 5601 2039 5656 cimus:
2078 5600 2182 5665 vel,
2214 5608 2274 5654 nt
2310 5598 2513 5654 clarius
2544 5606 2759 5667 loquar,
2791 5598 3103 5652 summatim
3150 5598 3412 5655 dicuntur

1825 5704 1879 5750 et
1907 5700 2155 5763 spectant
2177 5691 2243 5745 ad
2271 5691 2509 5746 hominis
2535 5690 2816 5744 τελείωσιν
2845 5703 3007 5758 quam
3030 5699 3173 5745 recte
3204 5691 3413 5747 faciunt

1826 5784 2098 5854 quijuxta
2146 5792 2350 5838 rectam
2390 5784 2670 5836 veritatem
2709 5789 2763 5835 et
2809 5781 3171 5838 orthodoxam
3225 5783 3417 5850 ﬁdem,

1824 5889 1930 5930 non
1964 5873 2017 5927 in
2040 5871 2302 5942 judicium
2331 5880 2385 5926 et
2411 5868 2947 5937 condemnationem,
2978 5869 3161 5927 divina
3184 5870 3405 5925 imitan-
