3824 6542
110 358 187 418 641
863 355 941 413 ΙΝ
981 355 1320 417 HYMNUM
1368 355 2031 421 PENTECOSTALEM
2066 360 2532 424 DAMASCENI.

3247 363 3352 427 6ίὲ

110 465 313 528 δικαίου,
342 464 416 529 ὡς
457 460 564 519 οἷον
592 466 854 538 στέρησιν
886 454 1155 541 δηλούσης
1202 471 1303 543 τῆς
1347 473 1413 528 ὲκ
1466 475 1661 546 προοέ-

1766 478 1912 549 quod
1973 490 2126 533 extra
2189 480 2520 535 conveniens
2583 493 2646 532 ac
2703 477 2970 549 justitiam
3017 487 3126 545 est,
3180 479 3353 546 signi-

112 576 226 620 σεως
246 573 261 588 ·
297 560 448 628 παρὰ
478 558 532 611 δὲ
562 561 673 621 τοῖς
720 559 950 631 ὕστερον
978 562 1214 627 ἐξαίσιον
1244 562 1369 617 κατ’
1397 565 1654 636 ἐπίτασιν

109 652 186 705 καὶ
204 649 406 702 ἔκδικον
435 650 499 702 τὸ
530 651 670 719 λίαν,
720 653 863 707 πάνυ
893 655 1067 708 αἴσιον
1096 657 1189 709 καὶ
1219 655 1425 710 δίκαιον
1452 673 1468 690 ο
1513 657 1656 711 οὕτω

111 744 187 794 καὶ
222 740 526 810 ἐκπορίζειν
554 739 621 812 ἦν
679 746 779 814 μὲν
832 748 920 801 ὅτε
976 748 1038 801 τὸ
1082 748 1159 820 μὴ
1204 749 1481 820 πορίζειν,
1517 750 1657 803 άλλᾶ

109 834 347 900 ἀπάγειν·
385 834 435 886 oi
476 834 531 887 δὲ
574 836 951 908 ὑστερογενεῖς
992 842 1224 913 ῥήτορες
1254 844 1336 906 είς
1366 841 1564 917 ταυτὸν
1596 844 1656 896 τὸ

110 920 326 992 πορίζειν
354 920 553 987 ἄγουσι
578 925 752 979 καὶτὸ
781 928 1118 998 ἐκπορίζειν,
1159 932 1235 995 ὡς
1263 931 1418 1004 δηλοῖ
1445 932 1540 987 καὶ⁸
1568 932 1653 1000 τὸ,

109 1010 432 1083 παρασκευὴν
476 1017 685 1086 τροφῆς
736 1019 1041 1092 ὲκπορίζει,
1073 1023 1101 1075 ὃ
1131 1023 1248 1076 ἔστι
1293 1024 1530 1095 δαψιλῶς
1559 1043 1654 1096 χο-

108 1121 257 1176 mau-

619 1292 799 1362 ᾨδῆς
828 1290 871 1345 ε’
903 1296 1127 1362 εἱρμός.

108 1380 180 1435 XI.
218 1383 518 1453 Λουτήριον
548 1384 820 1456 κάθαρσιν
854 1387 1321 1457 ἀμπλακημάτων

220 1475 527 1545 Πυρίπνοον
554 1477 780 1542 δέξασθε
816 1477 1143 1548 Πνεύματος
1176 1479 1389 1545 δρόσον,

219 1563 286 1621 Ὦ
310 1568 480 1622 τέκνα
510 1571 849 1642 φωτόμορφα
878 1570 977 1639 τῆς
1001 1570 1333 1643 Ἑκκλησίας
1358 1589 1372 1602 ’

218 1660 326 1713 Νῦν
350 1663 416 1714 ὲκ
446 1661 588 1715 Σιὼν
610 1662 719 1733 γὰρ
748 1662 1036 1733 ἐξελήλυθε
1068 1664 1252 1733 νόμος,

228 1753 286 1804 Ἥ
330 1753 946 1824 γλωσσοπυρσόμορφος
993 1755 1310 1826 Πνεύματος
1336 1757 1515 1827 χάρις.

1764 571 1907 639 licat,
1938 572 2296 641 privationem
2332 571 2655 627 ostendente
2679 571 3050 642 propositione
3079 588 3144 625 ea:
3165 588 3185 637 ;
3207 573 3350 640 apud

1760 663 2098 719 recentiores
2127 675 2306 718 autem
2337 663 2577 729 ἐξαίσιον
2601 671 2686 719 est
2736 676 2859 717 cum
2927 661 3238 716 intensione
3296 672 3353 717 et

1759 750 1973 804 ἔκδικον
2004 766 2125 805 cum
2152 752 2533 821 amplitudine,
2570 750 2715 821 quod
2750 751 2980 806 omnino
3003 752 3345 806 conveniens

1759 850 1814 896 et
1841 842 2053 913 justum
2073 852 2156 898 est
2187 860 2200 897 :
2231 845 2303 898 ita
2323 843 2489 899 etiam
2519 843 2835 914 ἐκπορίζειν
2873 850 2992 897 erat
3027 842 3158 897 olim
3226 858 3337 895 non

1763 948 2044 1008 praestare,
2073 938 2165 991 sed
2206 937 2520 1001 abducere;
2564 935 2657 991 sed
2698 935 3033 1004 posteriores
3098 934 3347 989 rhetores

1762 1025 1816 1080 in
1844 1044 2012 1081 unum
2087 1029 2344 1096 redigunt
2375 1026 2621 1098 πορίζειν
2656 1040 2709 1081 et
2762 1025 3096 1093 ἐκπορίζειν,
3127 1034 3186 1079 ιιι
3216 1024 3347 1079 illud

1761 1118 2046 1173 ostendit:
2085 1121 2532 1189 praeparationem
2560 1121 2665 1176 cibi
2690 1119 2999 1191 ἑκπορίζει,
3052 1118 3197 1190 quod
3257 1126 3341 1179 est

1763 1209 1909 1269 laute
1935 1211 2216 1280 proponit.

1800 1306 1805 1309 ⁷
2332 1301 2553 1356 (firmus
2579 1303 2691 1357 eda:
2718 1302 2772 1357 5.

1943 1394 2241 1449 Solnbilem
2272 1397 2645 1465 purgationem
2675 1394 2991 1458 criminum,

1942 1484 2177 1555 Ignium
2211 1486 2439 1555 accipite
2467 1486 2702 1555 Spiritus
2732 1502 2935 1553 rorem,

1938 1575 1982 1630 Ο
2020 1576 2113 1629 lilii
2149 1576 2464 1630 lucil'ormcs
2497 1577 2749 1633 Ecclesia:
2779 1595 2793 1631 :

1931 1666 2087 1723 Nunc
2111 1668 2256 1722 enim
2289 1683 2357 1723 ex
2391 1667 2523 1724 Sion
2543 1669 2721 1724 exivit
2749 1669 2857 1736 lex,

1934 1759 2107 1831 igneae
2133 1760 2332 1831 lingua:
2362 1758 2558 1825 forma,
2588 1759 2826 1831 Spiritus
2846 1762 3042 1833 gratia.

160 1846 281 1914 ρκζῖ
324 1845 443 1915 Πρὸ
507 1846 758 1917 βραχέων
807 1846 1041 1917 λουτροῦ
1097 1848 1246 1902 θείου
1306 1850 1570 1920 μνησθεὶς
1628 1850 1655 1903 ὁ

1832 1846 1957 1902 ιεγ.
1993 1847 2164 1903 Paulo
2209 1860 2334 1903 ante
2367 1848 2538 1903 divini
2602 1849 2802 1904 lavacri
2858 1853 3134 1909 mentione
3199 1852 3342 1910 facta

107 1938 239 1999 ιιιιλὺς
280 1936 436 2000 οὗτος
475 1939 733 2011 μελῳδὸς,
768 1941 864 1992 καὶ
907 1940 1088 2007 ὀλίγον
1133 1943 1377 2005 ἀποστὰς
1416 1945 1654 2006 ἐκείνου,

106 2031 465 2101 ἑπινὲκαμψεν
518 2031 593 2095 ὡς
649 2028 742 2085 οἷά
794 2049 877 2096 τις
939 2031 1291 2104 φιλόλουτρος
1343 2034 1508 2089 πάλιν
1569 2034 1659 2087 ἐπ’

107 2121 237 2174 αὑτό·
273 2126 364 2176 καὶ
399 2123 468 2176 οὗ
515 2122 898 2179 διαπετάννυσι
937 2124 1039 2195 μὲν
1087 2126 1216 2196 ὃλην
1245 2128 1523 2197 τροπικῶς
1556 2130 1656 2200 τὴν

108 2213 298 2279 εἴσοδον,
316 2214 391 2277 ὡς
413 2216 538 2268 ἐκεῖ
561 2215 902 2283 ἐνεσάθυνεν,
922 2216 1093 2270 είπὼν
1116 2219 1201 2284 τὸ,
1230 2216 1659 2288 Ὀμὸροδλυτεῖς

109 2322 179 2373 μοι
205 2306 437 2375 ῥεῖθρον,
472 2309 565 2359 καὶ
592 2306 744 2378 ἑξῆς.
788 2309 1077 2379 ιιροκύψας
1106 2310 1163 2363 δὲ
1207 2311 1383 2373 ἄλλως
1415 2313 1497 2375 είς
1535 2313 1659 2366 ὅσον

109 2397 258 2467 ἡρέμα
285 2398 570 2453 κάνταῦθα
597 2400 989 2471 προσάψασθαι
1017 2401 1112 2456 τοῦ
1147 2402 1377 2472 ἀγαθοῦ,
1403 2405 1659 2472 ἐπιστρέ-

107 2506 238 2558 ςρεται
262 2494 338 2554 εἰς
367 2492 443 2544 τὰ
476 2491 910 2564 ἑκκλησιαστικὰ
935 2494 1125 2562 τέκνα,
1166 2497 1261 2549 καὶ
1291 2496 1655 2566 προκαλεῖται

108 2583 219 2635 αὐτὰ
241 2583 612 2656 καθήρασθαι,
648 2585 951 2657 λελουμένα
981 2588 1083 2659 μὲν
1107 2588 1208 2661 ἤδη
1236 2588 1365 2644 ὄντα
1390 2591 1486 2644 καὶ
1512 2589 1658 2644 οὕτω

108 2675 435 2747 φωτόμορφα,
475 2676 707 2746 δεόμενα
745 2678 804 2731 δὲ
839 2679 990 2749 ὅμως
1020 2679 1117 2734 καὶ
1148 2681 1322 2735 εἰσαεὶ
1350 2682 1451 2751 τῆς
1481 2683 1656 2749 αὐτῆς

110 2770 317 2839 χάριτος,
345 2772 415 2844 ἢν
448 2773 709 2827 οὐδέποτε
745 2774 976 2847 ὀκνήσει
1005 2777 1034 2829 ὁ
1079 2777 1369 2848 φιλότιμος
1400 2778 1659 2847 Χριστια-

111 2864 181 2926 νὸς
210 2866 575 2920 ἐπιτείνεσθαι
604 2867 790 2938 ζητεῖν
818 2870 881 2922 ὲκ
911 2871 1067 2924 Θεοῦ.
1128 2873 1301 2941 Φησὶν
1346 2868 1439 2925 οὖν
1468 2874 1658 2926 τοιαῦ-

112 2972 189 3007 τα·
216 2954 277 3008 Ἦ
318 2960 490 3012 τέκνα
548 2961 884 3030 φωτόμορφα
931 2962 1383 3033 ὲκκλησιαστικά,
1434 2962 1659 3031 δέξασθε

114 3048 342 3117 κάθαρσιν
386 3050 856 3122 ἀμπλακημάτων
910 3052 1231 3123 λουτήριον,
1288 3055 1458 3125 ἧγουν
1522 3056 1659 3107 ἀπο-

113 3139 336 3194 λούουσαν
368 3142 448 3204 ὡς
490 3138 604 3196 οἷον
638 3143 808 3213 ῥύπον
854 3143 1025 3197 πολὺν
1072 3145 1170 3198 καὶ
1193 3146 1335 3199 οὓτω
1368 3147 1560 3215 βαρὺν,
1592 3147 1659 3200 τά

112 3232 158 3283 ὲν
179 3235 293 3301 ἡμῖν
340 3235 730 3305 ἁμαρτήματα
753 3252 768 3266 '
902 3239 967 3308 δὴ
1000 3239 1269 3309 καθάρσει
1302 3240 1657 3312 πλυνάμενοι,

114 3326 184 3375 καὶ
210 3325 331 3378 ὡσεὶ
381 3322 529 3397 ἔριον
558 3326 1017 3399 λευκανθήσεσθε,
1063 3333 1130 3402 τῇ
1165 3331 1259 3384 τοῦ
1309 3331 1446 3386 Θεοῦ
1485 3336 1659 3404 σκηνῇ

115 3420 532 3489 χρησιμεύοντες,
569 3421 663 3473 καὶ
708 3420 850 3492 ὑπὲρ
902 3422 1057 3493 χιόνα
1108 3420 1175 3495 ἦς
1232 3423 1368 3477 πολύ
1409 3442 1461 3477 τι
1497 3426 1662 3479 καλὸν

116 3511 203 3571 τοῖς
244 3514 330 3565 ἐπὶ
382 3515 485 3581 γῆς
544 3512 606 3565 τὸ
664 3514 1014 3584 ἀποτέλεσμα
1063 3517 1121 3569 ὲν
1172 3515 1375 3587 καιρῷ.
1409 3518 1574 3570 Ποίαν
1603 3517 1661 3571 δὲ

116 3599 231 3669 λέγω
256 3605 529 3674 κάθαρσιν
550 3622 565 3673 ;
591 3606 701 3673 Τὴν
718 3606 810 3659 τοῦ
841 3607 999 3676 ἁγίου
1026 3609 1343 3676 Πνεύματος
1366 3609 1662 3679 πυρίπνοον

117 3694 311 3762 δρόσονο
336 3699 409 3769 ἣν
443 3698 644 3752 αὐτίκα
680 3699 942 3769 Σιωνίτην
983 3698 1147 3768 νόμον
1197 3699 1547 3771 ἑρμηνεύσει,
1588 3701 1664 3753 εί-

118 3786 243 3838 πὼν*
279 3789 396 3841 Νῦν
448 3789 559 3859 γὰρ
587 3791 652 3842 ἑκ
698 3790 797 3860 τῆς
854 3792 1184 3860 περικλύτου
1220 3790 1382 3858 Σιὼν,
1415 3784 1482 3863 ἧς
1516 3792 1664 3842 πλεῖο

118 3894 217 3941 στος
238 3880 395 3950 λόγος
417 3885 694 3953 πανταχοῦ
717 3885 816 3954 τῆς
841 3883 968 3954 γῆς,
986 3884 1271 3955 ἰξελήλυθε
1300 3885 1485 3953 νόμος.
1506 3884 1664 3946 Ποῖοῖ

118 3968 289 4035 ἐκεῖνος
318 3975 484 4041 νόμος
506 3990 524 4040 ;
561 3974 625 4027 Ἦ
643 3977 802 4047 χάρις
831 3974 924 4029 τοῦ
952 3976 1109 4044 ἁγίου
1145 3972 1483 4043 Πνεύματος,
1507 3975 1565 4044 ἡ,
1589 3973 1663 4037 ὠς

118 4076 322 4131 ειρηται,
345 4066 983 4138 γλωσσοπυρσόμορφος.

178 4156 303 4227 ρκτί.
344 4159 545 4212 Ίστέον
578 4160 635 4213 δὲ.
684 4163 779 4212 καὶ
831 4161 917 4214 ὄτι
955 4159 1050 4214 τοῦ
1100 4161 1335 4216 ἐνταῦθα
1371 4158 1661 4230 λουτηρίου

121 4252 446 4323 παράφρασις
500 4247 642 4304 εἶναι
699 4251 845 4305 δοκεί
899 4251 994 4306 τοῦ
1040 4255 1100 4307 ὲν
1147 4256 1212 4325 τῇ
1269 4254 1501 4324 τετάρτῃ
1550 4250 1661 4321 ᾠδῇ

122 4344 241 4399 θείου
292 4345 544 4416 λουτροῦ.
601 4347 709 4399 Καὶ
759 4345 942 4398 τοίνυν
998 4343 1060 4398 τὸ
1115 4346 1215 4416 μὲν
1275 4345 1416 4398 θεῖον
1476 4347 1509 4413 ή
1557 4345 1666 4396 τῶν

122 4436 550 4506 ἀμπλακημάτων
617 4434 887 4504 κάθαρσις
962 4432 1415 4504 περιφραστικῶς
1491 4432 1669 4501 ἑρμη-

1765 1941 2157 2011 paulnlumque
2184 1944 2452 2010 praeterita
2482 1943 2661 1997 bonus
2686 1953 2838 2012 poeta
2878 1953 3065 1998 noster
3095 1954 3154 2000 ut
3178 1947 3344 2000 homo

1763 2032 1943 2087 balnei
1986 2032 2233 2103 cupidus,
2272 2032 2339 2087 ad
2373 2032 2502 2087 illud
2530 2033 2728 2089 iterum
2761 2035 2919 2093 redit.
2950 2032 3067 2089 Non
3111 2037 3348 2105 explicat

1760 2124 1978 2191 quidem
2003 2125 2334 2196 tropOIOgice
2362 2134 2537 2181 totum
2566 2127 2798 2192 aditum,
2858 2127 3001 2184 sicut
3061 2127 3172 2183 illic
3220 2144 3357 2198 prO-‘

1762 2213 1927 2267 funde
1964 2220 2264 2284 penetravit
2289 2217 2477 2271 dicens
2520 2232 2534 2270 :
2574 2215 2860 2287 Tanquam
2909 2218 3137 2273 imbrem
3210 2219 3343 2272 mihi

1760 2307 2014 2362 ﬂuentem
2043 2307 2311 2373 immittis,
2339 2316 2391 2362 et
2415 2309 2655 2379 reliqua;
2698 2311 2792 2365 sed
2817 2310 2955 2366 alias
2986 2312 3341 2367 inclinatione

1762 2400 1904 2454 facta
1947 2411 2203 2468 tanquam
2243 2400 2309 2454 ad
2341 2400 2616 2471 paululum
2654 2401 2816 2472 hujus
2857 2403 2983 2457 boni
3054 2403 3139 2458 hic
3174 2405 3339 2457 etiam

1760 2493 2111 2548 delibandum
2149 2497 2441 2548 revertitur
2487 2496 2553 2549 ad
2592 2494 2848 2549 Ecclesiae
2890 2496 3050 2560 lilios,
3098 2505 3152 2550 et
3220 2495 3344 2549 illos

1762 2584 2012 2639 hortatur
2038 2595 2096 2640 ut
2127 2602 2187 2641 se
2214 2586 2523 2654 purilicent,
2554 2586 2666 2658 jam
2700 2587 2861 2641 lavati
2909 2598 2963 2642 et
3017 2586 3335 2654 illuininati,

1760 2675 1856 2730 sed
1880 2686 2060 2730 tamen
2091 2677 2270 2731 adhuc
2300 2677 2353 2730 in
2391 2687 2711 2747 perpetuum
2741 2679 2928 2733 eadem
2964 2688 3187 2749 egentes
3215 2696 3341 2747 gra-

1762 2765 1854 2831 tia,
1887 2783 2049 2837 quam
2083 2768 2299 2824 fervens
2323 2769 2669 2830 Christianus
2700 2787 2729 2824 a
2763 2776 2868 2826 Deo
2899 2773 3175 2842 postulare
3202 2789 3342 2826 nun-

1758 2870 1922 2922 quam
1943 2857 2095 2924 pigre
2118 2858 2351 2911 curabit.
2404 2857 2529 2914 Haec
2558 2859 2870 2929 igiturdicit
2898 2877 2912 2914 :
2948 2866 2989 2912 υ
3052 2862 3343 2918 ἰΙιιιιιιὶιιιιιὶ

1760 2943 2017 3000 Ecclesiae
2052 2946 2168 3013 lilii,
2208 2950 2642 3017 purificationem
2676 2960 3025 3021 peccatorum
3079 2954 3333 3023 accipite,

1761 3038 2069 3094 abluentem
2124 3039 2288 3094 veluti
2346 3041 2560 3096 sordem
2603 3042 2829 3096 multam
2884 3052 2939 3098 et
2988 3044 3341 3114 profundam,

1765 3145 1884 3199 quae
1942 3141 2070 3185 stant
2136 3131 2188 3186 in
2254 3134 2413 3188 nobis
2481 3145 2751 3204 peccata:
2789 3135 2891 3191 hac
2956 3137 3344 3206 puriﬁcatione

1766 3222 1947 3283 lavati,
1976 3223 2116 3275 sicut
2149 3222 2272 3277 lana
2308 3222 2658 3288 dealbamini,
2689 3226 2778 3279 Dei
2810 3228 3160 3282 tabernaculo
3224 3244 3343 3283 scr-

1766 3317 1990 3378 vientes,
2016 3324 2070 3367 et
2103 3329 2269 3382 super
2299 3315 2498 3380 nivem,
2529 3316 2686 3386 enjus
2742 3320 2797 3372 in
2850 3329 3094 3388 tempore
3143 3336 3342 3390 oppor-

1766 3414 1894 3458 lunn
1922 3405 2173 3461 cliectum
2199 3417 2283 3463 est
2312 3408 2515 3478 aliquid
2542 3410 2695 3465 valde
2726 3410 2926 3466 bonum
2949 3412 3031 3465 his
3059 3427 3180 3483 quac
3214 3420 3343 3465 sunt

1763 3513 1930 3568 super
1961 3511 2184 3555 terram.
2227 3499 2451 3567 Qualem
2483 3510 2663 3557 autem
2686 3503 2809 3558 dico
2859 3504 3293 3575 puriﬁcationem
3323 3508 3349 3559 ἲ

1764 3590 2060 3658 lgnil‘erum
2125 3596 2301 3649 sancti
2337 3594 2572 3665 Spiritus
2631 3610 2810 3651 rorem
2840 3613 2856 3664 ;
2884 3613 3044 3667 quem
3076 3600 3343 3653 continuo

1766 3683 2087 3741 Sioniticam
2158 3685 2333 3757 legem
2401 3690 2871 3757 interpretabitnr,
2907 3678 3334 3746 dicensa'Nunc

1762 3782 1998 3833 eniniex
2030 3778 2228 3850 inclyta
2263 3778 2420 3847 Sion,
2474 3780 2630 3851 cujus
2684 3781 2951 3851 plurimus
3008 3790 3090 3836 est
3141 3783 3343 3854 ubique

1766 3883 2036 3928 terrarum
2072 3887 2277 3940 sermo,
2304 3875 2450 3930 venit
2475 3875 2584 3930 lex.
2617 3874 2876 3942 Quaenam
2911 3878 3013 3932 ista
3042 3876 3167 3931 lex?
3204 3878 3344 3932 Gra-

1766 3964 1837 4019 tia
1866 3964 2041 4019 sancti
2076 3964 2336 4034 Spiritus,
2376 3980 2519 4035 quae,
2557 3968 2701 4021 sicut
2735 3966 2937 4021 dictum
2967 3977 3073 4033 est,
3110 3968 3250 4038 ignis
3286 3975 3343 4022 et

1768 4056 1967 4126 linguae
2000 4056 2227 4126 ﬁguram
2263 4057 2422 4126 gerit.

1782 4124 1799 4142 ”
1839 4124 1961 4203 £28.
2005 4124 2297 4203 Sciendum
2331 4158 2513 4204 autem
2549 4149 2711 4204 ctiam
2745 4160 2829 4206 est
2859 4150 3002 4220 quod
3036 4149 3107 4205 ibi
3150 4150 3346 4220 λουτη-

1768 4240 1885 4313 ρίου
1935 4240 2285 4310 paraphrasis
2321 4254 2441 4294 esse
2517 4240 2731 4295 videtur
2795 4242 2967 4296 divini
3036 4243 3235 4296 lavacri
3286 4243 3342 4298 in

1766 4343 1965 4402 quarto
1997 4332 2240 4386 carmine
2277 4335 2714 4388 commemorati.
2748 4336 2940 4404 Itaque
2996 4335 3219 4390 verbum
3259 4335 3346 4389 di-

1769 4425 1948 4478 vinum
1976 4435 2327 4494 peccatorum
2370 4426 2675 4495 purificatio
2724 4426 3212 4481 circumlocutione
3258 4429 3345 4505 iq-

122 4530 241 4581 νεύει
263 4546 275 4559 ο
306 4531 450 4583 θεῖον
494 4528 551 4581 δὲ
580 4528 720 4597 αὑτὴ
750 4528 969 4588 πάντως
1010 4522 1144 4578 οὖσα
1178 4525 1403 4592 λουτρόν
1424 4539 1436 4553 ·
1474 4525 1575 4593 τὴν
1605 4524 1659 4574 δὲ

1769 4527 2113 4586 tcrpretatur,
2151 4530 2279 4569 cum
2329 4515 2448 4584 ipsa
2508 4515 2578 4571 sit
2640 4517 2867 4570 omnino
2900 4516 3140 4571 divinum
3195 4517 3346 4573 lava-

122 4620 215 4673 ἐκεῖ
252 4621 396 4686 ζέσιν
452 4621 548 4674 τοῦ
604 4619 1008 4689 ῐινεύματος,ἡ
1061 4618 1119 4672 ὲν
1166 4616 1244 4686 τῷ
1276 4616 1451 4686 είρμῷ
1491 4615 1665 4683 τούτῳ

122 4710 239 4775 λέξις
262 4716 512 4783 ἐμφαίνει
541 4711 636 4763 τοῦ
666 4710 966 4779 πυρίπνοον
990 4724 1006 4740 ο
1041 4710 1073 4777 ἠ
1105 4707 1161 4759 δὲ
1191 4706 1384 4776 δρόσος
1426 4706 1520 4758 τὸν
1549 4704 1668 4756 ἐκεῖ

122 4803 294 4875 ὖμὸρον
324 4806 417 4859 καὶ
438 4804 502 4857 τδ
544 4804 760 4875 ῥεῖθρον
786 4818 800 4834 ο
828 4802 888 4854 ού
928 4799 1039 4872 γὰρ
1074 4799 1366 4870 ἑτερογενῆ
1396 4798 1425 4849 ὁ
1454 4795 1665 4866 ὄμϐρος

124 4898 197 4946 καὶ
222 4898 253 4968 ἠ
281 4897 490 4967 δρόσος,
522 4895 666 4949 καθα
718 4893 839 4947 οὐδὲ
881 4892 943 4946 τὸ
988 4894 1226 4963 ῥεῖθρον.
1259 4891 1333 4943 Τὸ
1363 4890 1421 4942 δὲ
1465 4888 1665 4957 ἐφεξῆς

123 4988 215 5053 φὼς
250 4992 337 5042 καὶ
385 4991 415 5041 ὁ
468 4991 680 5058 πυρσὸς
725 4987 796 5040 τά
844 4988 903 5040 ὲν
954 4984 1035 5054 τῷ
1085 4984 1256 5055 τρίτῳ
1294 4982 1388 5034 καὶ
1430 4983 1665 5051 πέμπτῳ

124 5081 263 5151 στίχῳ
292 5083 598 5153 λάμποντα,
645 5078 1010 5150 σεμνύνουσιν
1044 5077 1188 5146 ὑπὲρ
1219 5073 1321 5144 τὴν
1352 5071 1497 5143 ᾠδὴν
1522 5071 1664 5123 ἑκεί-

124 5188 219 5241 νην,
250 5176 340 5247 τὴν
383 5174 657 5246 φωτεινὴν
717 5174 859 5226 κατὰ
905 5170 1128 5240 Πνεῦμα
1170 5166 1461 5237 κάθαρσιν,
1490 5164 1665 5216 είτουν

125 5266 381 5321 ἁπόλουσιν
408 5268 516 5321 τῶν
547 5261 1021 5335 ὲκκλησιαστικῶν
1048 5262 1256 5315 τέκνων
1275 5274 1289 5290 ⁸
1324 5260 1441 5327 ἅμα
1481 5256 1540 5310 δὲ
1566 5258 1666 5328 τὴν

126 5358 384 5432 εἰρημένην
421 5360 616 5431 δρόσον
663 5357 759 5410 τοῦ
812 5354 1128 5425 Πνεύματος
1166 5351 1307 5421 ῐαμα
1352 5343 1522 5403 οὖσαν
1552 5350 1666 5411 τοῖς

126 5451 303 5517 τέκνοις
330 5456 425 5525 τῆς
458 5450 811 5523 Ἐκκλησίας,
843 5448 938 5502 τοῦ
974 5447 1324 5517 χαρακτῆρος
1374 5446 1474 5513 τῆς
1526 5444 1666 5512 πέμ·

130 5560 244 5614 πτης
282 5552 416 5601 κατὰ
470 5547 561 5601 τὸν
622 5543 850 5598 Ἡσαῖαν
910 5541 1051 5613 ᾠδῆς
1106 5539 1437 5609 ἐνθυμητέον
1482 5530 1662 5588 εἶναι’

129 5641 249 5689 καθα
291 5656 377 5692 και
406 5641 467 5692 τὸ
523 5641 637 5709 φῶς
685 5638 715 5688 ὃ
771 5638 1085 5706 προλάμπει
1133 5632 1241 5684 τῶν
1300 5629 1519 5683 είόότων
1565 5630 1667 5680 ὅσα

132 5734 425 5797 πγρνστάσσει
474 5734 503 5784 ὁ
537 5730 697 5793 Θεός·
756 5728 815 5782 οῦ
868 5728 982 5796 φῶς
1018 5728 1087 5778 τά
1134 5723 1539 5794 προστάγματα
1575 5721 1667 5771 ἐπὶ

134 5819 211 5887 τῆς
236 5823 343 5893 γῆς.
384 5827 441 5877 ’0
469 5824 524 5877 δὲ
574 5821 781 5893 πυρσὸς
816 5823 844 5874 ὁ
880 5818 1168 5890 εἰρημένος
1226 5817 1284 5869 ἐν
1331 5816 1411 5883 τῷ
1456 5811 1664 5882 πυρσό-

1766 4621 1939 4662 crum.
1977 4604 2262 4661 Fcrvorcni
2322 4622 2502 4661 autem
2540 4607 2649 4661 illic
2683 4608 2945 4677 Spiritus,
2986 4609 3152 4664 dictio
3184 4610 3344 4681 πυρί-

1767 4715 1932 4752 πνουν
1966 4699 2017 4752 in
2044 4700 2149 4752 hoc
2179 4713 2317 4753 nexu
2344 4700 2701 4754 demonstrat.
2731 4699 2828 4754 Hic
2857 4715 2947 4755 ros
2974 4702 3202 4756 imbrem
3231 4702 3347 4758 illic

1765 4804 1818 4847 et
1850 4792 2109 4847 ﬂuentum
2158 4792 2383 4848 denotat
2410 4809 2424 4846 ε
2457 4808 2567 4847 non
2598 4792 2745 4847 enim
2772 4791 2932 4849 alieni
2959 4794 3176 4865 generis
3218 4804 3347 4849 sunt

1767 4888 1939 4941 imber
1966 4896 2020 4940 et
2053 4900 2161 4952 ros,
2196 4886 2411 4940 sicutet
2443 4883 2729 4939 ﬂuentum.
2764 4883 2970 4939 Lumen
2996 4893 3050 4939 et
3081 4883 3170 4938 l‘ax
3226 4900 3351 4955 qua:

1769 4989 1957 5049 postea
1994 4978 2156 5033 tertio
2184 4978 2491 5048 quintoque
2523 4992 2685 5032 versu
2723 4976 2927 5045 lucent,
2962 4977 3017 5032 in
3074 4977 3171 5033 illo
3221 4993 3347 5032 car-

1768 5072 1912 5127 mine
1939 5069 2377 5141 purilicationem
2401 5068 2702 5124 secundum
2746 5068 3011 5139 Spiritum
3080 5069 3343 5135 lucidam,

1770 5167 1885 5220 sive
1932 5164 2171 5217 hliorum
2202 5162 2703 5217 ecclesiasticorum
2758 5162 3137 5231 purgationem
3184 5175 3347 5215 exor-

1767 5267 1883 5313 nat.
1914 5256 2087 5311 Simul
2122 5265 2301 5310 autem
2337 5265 2549 5324 oportet
2580 5263 2642 5310 ut
2674 5255 3003 5310 meditemur
3032 5253 3348 5323 praedictum

1768 5351 2007 5422 Spiritus
2032 5362 2232 5413 rorem,
2262 5348 2358 5418 qui
2400 5348 2526 5404 llliis
2580 5346 2836 5403 Ecclesia:
2882 5346 3181 5401 remedium
3242 5353 3348 5406 est.

1767 5453 2087 5499 cnaractere
2117 5440 2289 5510 quinti
2325 5442 2625 5495 secundum
2660 5440 2853 5496 Isaiam
2881 5437 3136 5493 carminis
3193 5449 3351 5502 esse;

1769 5540 1909 5591 sicut
1947 5543 2001 5589 et
2035 5534 2240 5597 lumen,
2276 5533 2421 5602 quod
2446 5532 2707 5601 praelucet
2741 5527 3052 5583 videntibus
3080 5532 3350 5593 quantum

1769 5628 2010 5700 praecipit
2044 5629 2206 5690 Deus,
2238 5627 2393 5695 cujus
2423 5626 2605 5679 lumen
2673 5631 2801 5677 sunt
2860 5626 3125 5686 praecepta
3188 5627 3354 5680 super

1770 5731 1994 5777 terram.
2036 5718 2184 5773 Dicta
2227 5734 2354 5771 Vero
2385 5716 2475 5770 fax
2512 5715 2742 5786 πυρσὸς,
2782 5711 2834 5762 in
2874 5722 3001 5759 voce
3030 5706 3349 5775 πυρσόμορο

1773 5831 1870 5884 φος
1937 5819 2213 5880 contenta,
2280 5825 2387 5866 non
2440 5812 2647 5877 absque
2704 5797 3179 5858 verisimilitudine
3243 5794 3352 5851 dici
