3824 6552
439 413 547 477 643

1152 407 1510 470 EUSTATH
1523 406 1579 466 ll
1621 397 2032 466 TllESSALO}

2138 401 2387 464 IENSIS
2430 401 3002 466 METROPOLlT/E

3599 408 3695 472 614

443 533 620 598 potest
644 533 698 578 et
723 524 840 593 ipsa
871 539 935 578 es
973 521 1164 578 eodem
1221 521 1468 577 carmine
1505 519 1767 584 eluxisse,
1802 515 2032 572 faciente

2144 535 2352 590 μορφος
2398 518 2501 570 οὐκ
2541 517 2850 580 ἀπεικότως
2898 518 2993 571 καὶ
3045 518 3212 582 αὐτὸς
3263 519 3461 591 ῥηθείη
3503 519 3566 572 ἂν
3607 524 3694 592 τῆς

442 619 760 674 memoriam
779 614 941 686 ignis,
968 614 1060 684 qui
1085 612 1728 670 consumitadversantes
1751 606 1930 666 nobis.
1955 607 2023 664 Et

441 706 663 782 quidem
686 709 794 764 tale
826 715 910 763 est
948 705 1114 762 istud.

516 849 641 937 1.29.
671 880 822 936 Dicta
856 894 984 936 vero
1019 874 1293 935 balnearia
1315 875 1626 950 purificatio
1689 875 1894 933 dicitur
1953 869 2051 930 ad

441 973 849 1030 distinctionem
916 972 986 1028 ab
1041 971 1166 1026 aliis
1256 970 1462 1026 sanctis
1524 967 2021 1041 purificationibus,

441 1069 632 1140 quales
686 1077 818 1124 sunt
875 1066 991 1122 haec
1016 1079 1137 1136 quae
1199 1063 1259 1119 ﬁt
1290 1079 1386 1133 per
1411 1061 1860 1131 exomologesim,
1909 1061 2025 1118 haec

444 1178 540 1232 per
577 1159 954 1233 paenitentiam
988 1159 1056 1214 de
1097 1155 1422 1217 malefactis,
1456 1155 1571 1209 haec
1627 1167 1723 1224 per
1777 1152 2017 1209 morales

443 1257 693 1310 virtutes.
726 1249 998 1307 Novimus
1028 1258 1208 1303 autem
1229 1255 1284 1302 et
1317 1247 1470 1302 illum
1495 1245 1587 1314 qui
1614 1245 1854 1301 carbone
1876 1243 2024 1300 circa

442 1347 584 1402 labia
652 1343 1016 1417 spiritualiter
1073 1339 1404 1411 purificatus
1463 1346 1570 1393 est.
1620 1336 2023 1392 Purillcabatur

440 1441 606 1496 etiam
638 1436 838 1508 aliquis
870 1434 964 1506 qtti
998 1433 1173 1488 zelum
1201 1432 1470 1486 habuerat
1525 1444 1654 1501 erga
1709 1429 1908 1496 Deum,
1969 1439 2025 1486 et

441 1531 531 1600 qui
573 1530 641 1586 de
673 1529 765 1584 illo
801 1526 1174 1582 testimonium
1202 1524 1534 1589 reddiderat,
1571 1522 1658 1578 vel
1711 1522 1858 1577 aliud
1892 1522 2023 1593 quid

411 1611 620 1678 'simile
687 1621 892 1675 bonum
958 1617 1186 1674 fecerat.
1257 1615 1465 1680 llorum
1525 1625 1709 1668 autem
1774 1614 2020 1669 omnium

442 1711 770 1783 principium
804 1718 889 1766 est
922 1710 1233 1766 balnearius
1273 1718 1328 1763 et
1377 1707 1500 1777 igne
1536 1706 1752 1762 amatus
1788 1707 2024 1762 traditus

443 1821 536 1861 ros
585 1804 828 1876 Spiritus
899 1798 1259 1858 sanun-Bos
1316 1801 1533 1870 quidem
1582 1801 2018 1870 cognominatus,

439 1911 496 1956 et
531 1900 672 1970 quod
728 1899 1018 1953 desursum
1072 1908 1329 1966 tanquam
1364 1893 1555 1964 irrigat
1579 1909 1644 1948 ac
1703 1892 2033 1964 pinguefacit
2065 1895 2103 1950 Β

441 1993 698 2066 pulchras
728 1990 966 2063 paradisi
989 1991 1204 2062 plantas
1243 1989 1440 2059 (bonos
1474 1985 1768 2057 homines),
1825 2001 2027 2056 easque

443 2093 601 2140 vocat
622 2083 690 2138 ad
733 2083 1004 2136 fructuum
1043 2077 1433 2134 abundantiam
1471 2075 1802 2147 ;ignellatus
1845 2087 2027 2131 autem

443 2175 645 2239 dictus,
669 2173 740 2227 ob
796 2169 1207 2226 renovationem
1266 2167 1570 2238 spiritualis
1624 2169 1880 2237 potentia:
1933 2183 2030 2238 per

445 2265 598 2320 illum
624 2277 680 2321 et
729 2263 1034 2319 secundum
1097 2261 1252 2315 illum
1313 2259 1865 2330 factam;quatenus
1927 2260 2031 2314 hac

444 2357 688 2429 potentia
719 2371 858 2426 aqua
885 2356 1238 2410 oonsutnitea
1254 2365 1376 2422 quae
1392 2365 1422 2404 ο
1443 2350 1554 2405 Deo
1575 2351 2030 2420 praescribuntur,

444 2459 500 2506 et
537 2447 756 2503 ﬂamma
789 2444 977 2515 irrigat
1002 2457 1123 2512 quae
1153 2441 1331 2497 salute
1369 2439 1532 2511 digna
1559 2449 1725 2508 sunt;
1753 2443 1822 2494 ita
1863 2449 1923 2494 ut
1959 2443 2032 2495 sit

446 2541 595 2609 ideo,
619 2541 774 2612 juxta
833 2544 1074 2609 poetam,
1099 2549 1192 2591 ros
1219 2532 1510 2604 ignellatus
1531 2535 1705 2588 sancti
1734 2547 1825 2586 ros
1852 2530 2032 2602 Spiri-

446 2643 559 2696 tus,
589 2633 844 2702 idemque
872 2629 945 2685 sit
968 2625 1178 2699 roriger
1205 2625 1350 2698 ignis
1381 2641 1508 2681 cum
1539 2623 1773 2695 spiritali
1796 2625 2028 2688 fervore,

446 2722 960 2796 sicquebalnearius
1006 2720 1076 2775 ad
1137 2718 1394 2774 decoram
1449 2717 1649 2774 anima:
1687 2716 2029 2788 puriﬁcatio-

455 2835 580 2874 116111
590 2855 606 2872 ο

519 2911 645 2967 150.
675 2910 790 2966 Vox
823 2906 1178 2979 ἀμπλάκημα
1208 2906 1374 2962 etiam
1427 2903 1689 2960 feminine
1717 2899 2030 2972 ἁμπλακία,

449 3005 598 3058 venit
625 3019 655 3059 a
690 3003 969 3057 locutione
992 2999 1262 3054 ἀνάπαλιν
1289 2997 1466 3068 ἥκειν,
1501 3011 1567 3051 eo
1612 2994 1756 3066 quod
1795 3009 1903 3048 non
1945 3007 2034 3048 re-

450 3106 592 3150 ctam
629 3093 847 3151 vivendi
878 3091 1282 3163 sequiturviam
1297 3097 1576 3160 peccator,
1627 3088 1722 3144 sed
1773 3097 2033 3156 tanquam

455 3200 755 3246 retrorsum
781 3203 812 3242 a
833 3185 1163 3242 rectitudine
1204 3199 1438 3256 peccans
1472 3181 1702 3237 recedit.
1726 3179 2032 3250 Πυρίπνοον

451 3283 725 3356 synthesis
748 3292 830 3337 est
849 3278 1142 3335 locutionis
1175 3276 1288 3348 πῦρ
1315 3278 1526 3340 πνέειν,
1557 3289 1666 3329 non
1692 3273 2028 3339 flammeum,

450 3375 596 3446 quod
634 3390 704 3430 ex
742 3389 869 3428 aere
900 3369 1239 3426 inﬂammato
1263 3377 1366 3433 est,
1396 3369 1469 3422 ita
1501 3373 1560 3420 ut
1589 3358 1789 3435 aliquis
1815 3378 1882 3418 eo
1915 3364 2032 3434 ple-

455 3486 579 3536 nus,
611 3470 788 3541 ignem
832 3466 982 3522 sicut
1034 3462 1294 3518 chimaera
1359 3458 1444 3515 vel
1494 3458 1809 3526 catoblepas
1841 3455 2032 3525 spiret,

454 3565 549 3621 sed
589 3562 753 3634 quale
779 3561 931 3616 viros
988 3556 1321 3629 apostolicos
1375 3550 1618 3622 angelice
1677 3549 2036 3605 inﬂammavit

449 3657 520 3709 ad
548 3655 730 3709 divina
758 3649 1016 3723 mysteria
1043 3665 1060 3716 ;
1083 3647 1350 3718 cujusque
1381 3645 1580 3713 lingua
1607 3641 1790 3714 ignita:
1835 3643 2035 3713 (γλωσ-

454 3745 927 3816 σοπυρεόμορφοι)
978 3752 1134 3797 erant
1191 3737 1529 3810 symbolum.
1582 3733 1720 3792 Nota
1770 3735 2035 3806 deinceps

453 3841 600 3909 quod
639 3837 700 3889 τὸ
737 3836 1033 3906 περὶπνοον
1061 3841 1115 3888 et
1135 3830 1254 3902 ejus
1299 3828 1664 3884 masculinum
1711 3841 1885 3898 genus
1945 3841 2036 3880 ac-

454 3942 618 3986 centu
655 3937 914 3983 notentur
965 3927 1019 3979 in
1054 3923 1481 3994 antepenultima
1513 3938 1532 3990 ;
1559 3935 1663 3976 vox
1699 3931 1880 3975 autem
1939 3934 2037 3989 per

455 4035 732 4093 syncopen
763 4017 1042 4090 trisyllaba
1070 4015 1347 4086 πυρπνόος
1402 4009 1458 4069 in
1520 4011 1819 4086 penultima
1872 4011 2039 4064 liabet

455 4123 739 4170 accentum
766 4128 783 4180 ;
817 4116 960 4168 sicut
983 4119 1039 4166 et
1066 4124 1135 4166 ex
1171 4109 1278 4164 illis
1306 4109 1469 4179 paulo
1527 4117 1651 4178 post
1677 4108 1706 4160 ὁ
1731 4103 2036 4175 πυρὶπνους

452 4216 513 4262 et
533 4206 853 4261 adverbium
885 4203 1202 4274 πυρπνὸως.
1236 4200 1337 4256 Hie
1367 4211 1549 4256 autem
1577 4199 2034 4254 etiamexoticuut

456 4301 576 4357 vide
597 4298 892 4371 cogitatum
955 4310 1117 4351 sacro
1177 4291 1592 4365 hymnographo
1644 4291 1904 4346 traditum
1964 4288 2036 4344 ad

455 4396 717 4470 hymnum
781 4390 1174 4462 spiritualem:
1213 4389 1418 4442 dictum
1477 4386 1623 4440 enim
1679 4385 1791 4455 πῦρ
1854 4385 2038 4440 πνέειν

456 4475 658 4555 (igttent
685 4485 916 4552 spirare)
986 4480 1134 4550 quod
1181 4477 1338 4532 initio
1387 4476 1492 4529 fuit
1560 4475 1917 4528 adinventum
1970 4474 2038 4528 de

2131 615 2302 686 αὐτῆς
2337 613 2485 685 ᾠδῆς
2534 611 2840 682 ἐκλάμψαι,
2874 613 3050 684 πυρὸς
3095 616 3454 687 μεμνημένης
3487 613 3516 666 δ
3546 632 3692 668 κατε-

2133 705 2274 760 σθίει
2318 706 2445 771 τοὺς
2491 703 2848 770 ὑπεναντίους
2888 705 3046 778 ⁴ἡμῖν.
3080 703 3188 760 Καὶ
3231 704 3439 759 τοιόνδε
3494 706 3590 775 μὲν
3613 708 3694 761 καὶ

2130 801 2271 857 τόδε.

2203 893 2347 965 ρκθ⁹.
2390 895 2454 950 Ἦ
2499 895 2558 952 δι
2602 896 2875 969 εἰρημένη
2919 894 3208 967 λουτήριος
3253 877 3524 964 κάθαρσις
3575 894 3694 964 πρὸς

2128 987 2418 1060 διαστολὴν
2445 990 2622 1046 ἀλλων
2671 991 2892 1063 εἴρηται
2932 990 3106 1058 ἀγίων
3144 989 3477 1062 καθάρσεων
3498 1005 3515 1020 ·
3552 990 3694 1043 ὁποία

2131 1079 2228 1133 καὶ
2262 1080 2298 1149 ἡ
2336 1077 2406 1133 δι’
2435 1080 2900 1150 ἔξομολογήσεως,
2931 1080 3028 1134 καὶ
3065 1080 3100 1148 ἡ
3131 1077 3226 1132 διὰ
3269 1077 3567 1148 μετανοίας
3604 1077 3691 1147 τῆς

2133 1172 2226 1227 ἐπὶ
2279 1175 2488 1238 κακοῖς,
2520 1174 2614 1227 καὶ
2660 1175 2694 1244 ἡ
2735 1172 2808 1227 δι’
2857 1171 3072 1243 ἀρετῶν
3105 1171 3339 1242 ἠθικῶν.
3386 1169 3619 1241 Οἴδαμεν
3644 1172 3692 1225 δὲ

2131 1268 2227 1321 καὶ
2277 1266 2371 1322 τὸν
2405 1269 2792 1339 καθηράμενον
2838 1269 3076 1338 ἄνθρακι
3130 1265 3339 1338 νοητῶς
3393 1265 3468 1319 τά
3515 1265 3689 1336 χείλη·

2131 1359 2446 1432 δκαθήρατο
2497 1361 2554 1415 δέ
2587 1379 2672 1426 τις
2719 1363 2815 1416 καὶ
2860 1360 3111 1432 ζηλώσας
3153 1361 3248 1414 ἐπὶ
3270 1360 3353 1430 τῷ
3393 1358 3534 1429 Θεῷ,
3564 1358 3694 1413 καὶὸ

2134 1457 2494 1526 μαρτυρήσας
2523 1455 2666 1523 ὑπὲρ
2697 1457 2936 1516 ἐκείνου.
2967 1455 3004 1527 ἢ
3047 1453 3180 1510 ἄλλο
3212 1470 3266 1506 τι
3298 1455 3537 1521 ποιήσας
3577 1454 3694 1515 ἀγα·

2132 1545 2223 1599 θδν
2252 1549 2457 1618 ὅμοιον.
2493 1547 2714 1601 Τούτων
2741 1548 2797 1603 δὶ
2834 1548 3055 1602 πάντων
3094 1546 3246 1602 αίτία
3273 1546 3308 1614 ἡ
3342 1544 3445 1598 νῦν
3483 1542 3694 1613 παραδε-

2130 1640 2329 1707 δομένη
2357 1641 2639 1710 λουτήριος
2666 1641 2968 1709 πυρίπνοος
3002 1641 3197 1710 δρόσος
3228 1639 3326 1692 τοῦ
3359 1637 3684 1707 Πνεύματος⁰

2129 1731 2324 1801 δρόσος
2359 1731 2462 1800 μὲν
2500 1732 2868 1802 ὀνομασθεῖσα
2897 1732 2985 1787 διὰ
3011 1733 3072 1786 τὸ
3121 1733 3328 1790 ἀνωθεν
3365 1726 3484 1784 οἷον
3538 1730 3692 1798 επομο

2133 1823 2381 1894 ὄρείσθαι
2404 1823 2498 1876 καὶ
2524 1823 2760 1877 πιαίνειν
2787 1825 2856 1878 τὰ
2885 1824 3027 1880 καλά
3058 1823 3153 1878 τοῦ
3185 1823 3519 1893 παραδείσου
3543 1821 3687 1890 φυτὰ,

2131 1916 2259 1979 τοὺς
2290 1916 2528 1984 ἀγαθοὺς
2557 1916 2903 1986 ἀνθρώπους,
2939 1918 3034 1971 καὶ
3068 1915 3430 1971 ἐκκαλεῖσθαι
3456 1915 3591 1970 αὐτὰ
3622 1915 3688 1977 εἰς

2131 2010 2542 2079 πολυκαρπίαν·
2577 2017 2880 2076 πυρίπνοος
2919 2011 2975 2065 δὲ
3015 2010 3107 2064 διὰ
3157 2010 3220 2063 τὸ
3253 2013 3376 2064 κατ’
3410 2011 3584 2080 αὐτὴν
3612 2009 3691 2061 καὶ

2129 2102 2197 2156 δι’
2226 2103 2397 2170 αὐτῆς
2442 2103 2798 2172 καινότροπον
2827 2105 2927 2172 τῆς
2965 2103 3356 2175 πνευματικῆς
3381 2103 3654 2173 δυνάμεως
3673 2117 3685 2131 ο

2131 2194 2253 2248 καθ’
2282 2198 2347 2265 ἢν
2385 2193 2533 2266 ὕδωρ
2578 2210 2638 2249 τε
2676 2196 2868 2264 φλέγει
2907 2195 3056 2266 άπερ
3106 2199 3473 2250 ὲπιτάσσεται
3508 2195 3688 2258 θεόθεν,

2131 2289 2226 2340 καὶ
2257 2287 2391 2358 φλὸξ
2437 2289 2680 2356 δροσίςει
2727 2289 2798 2345 τά
2827 2289 3104 2356 σώζεσθαι
3135 2290 3294 2355 ἀξια·
3335 2288 3413 2350 ὡς
3457 2284 3589 2341 εἶναι
3616 2289 3688 2339 διε

2131 2379 2288 2434 τοῦτο
2314 2383 2410 2437 καὶ
2429 2379 2621 2450 δρόσον
2643 2382 2939 2453 πυρίπνοον
2962 2383 3060 2452 τὴν
3076 2383 3170 2436 τοῦ
3193 2381 3353 2450 ἁγίου
3377 2381 3692 2452 Πνεύμαςοε,

2132 2473 2275 2527 κατὰ
2295 2475 2386 2528 τὸν
2420 2475 2682 2546 μελῳδὸν,
2717 2474 2814 2529 καὶ
2839 2473 2953 2545 πῦρ
2982 2476 3079 2545 τὴν
3101 2474 3276 2544 αὐτὴν
3303 2474 3564 2543 δροσερὸν
3593 2472 3692 2542 ἃμα

2133 2566 2280 2631 ζέσει
2325 2568 2698 2635 πνευματικῇ,
2731 2565 2829 2620 καὶ
2870 2560 3016 2619 οὕτω
3047 2564 3337 2636 λουτήριον
3381 2566 3476 2617 ἐπὶ
3514 2564 3692 2620 καλλοο

2135 2656 2277 2727 ποιῷ
2318 2657 2583 2728 καθάρσει
2608 2657 2810 2728 ψυχῆς.

2209 2928 2308 2997 ρλ⁹.
2361 2928 2437 2982 To
2494 2927 2553 2988 δὲ
2601 2928 2955 3000 ἀμπλάκημα
3005 2929 3099 2983 καὶ
3149 2929 3444 2998 ἅμπλακία
3501 2930 3691 2997 λέγεται

2136 3020 2386 3092 θηλυκῶς
2407 3037 2421 3051 ·
2449 3021 2663 3089 γίνεται
2692 3021 2750 3074 δὲ
2784 3023 2936 3092 παρὰ
2973 3021 3034 3074 τὸ
3070 3020 3344 3075 ἀνάπαλιν
3383 3023 3561 3092 ήκειν,
3587 3019 3691 3072 ἐπεὶ

2139 3112 2214 3182 μὴ
2264 3112 2560 3180 εὐθυπορεί
2602 3112 2744 3165 κατά
2787 3112 2903 3182 βίον
2958 3113 2986 3165 ό
3033 3111 3382 3182 ἁμαρτωλὸς,
3430 3113 3562 3167 άλλά
3607 3113 3690 3179 τῆς

2056 3245 2102 3308 C
2136 3205 2304 3275 ὀρθῆς
2332 3205 2668 3275 ἁμαρτάνων
2695 3205 3077 3308 ἁναχωρεῖὀὼς
3108 3201 3221 3259 οἷον
3263 3205 3524 3275 ἔμπαλιν.
3552 3205 3616 3257 Τὸ
3639 3204 3687 3256 δὲ

2135 3297 2436 3365 πυρίπνοον
2464 3295 2712 3360 σύνθεσίς
2751 3300 2869 3348 ἐστι
2904 3290 2998 3350 τοῦ
3047 3297 3368 3366 πυρπνέειν,
3396 3298 3458 3350 οὐ
3493 3297 3690 3365 φλόγεον

2133 3383 2192 3440 τὸ
2226 3387 2288 3452 ἐξ
2311 3389 2474 3459 ἀέρος
2499 3388 2748 3458 ἐμπύρου
2782 3389 2868 3442 ἵνα
2895 3407 2979 3453 τις
3011 3390 3351 3460 ἐμφορηθεὶς
3381 3390 3566 3451 αὑτοῦ,
3593 3387 3688 3457 πῦρ

2134 3482 2270 3552 πνέῃ
2324 3481 2481 3552 δίκην
2540 3483 2805 3554 χιμαίρας
2855 3482 2888 3553 ἢ
2945 3482 3322 3548 κατώὸλεπος,
3351 3485 3489 3537 ἀλλὰ
3532 3485 3689 3536 ὁποῖον

2132 3576 2256 3638 τοὺς
2303 3574 2636 3637 ἀποστόλους
2684 3574 2993 3646 ἁγγελικῶς
3050 3575 3429 3644 ἐξεφλόγωσεν
3477 3576 3556 3636 εἰς
3599 3573 3690 3624 λει-

2132 3665 2388 3736 τουργίας
2422 3667 2595 3735 θείας,
2627 3659 2801 3736 οὗπερ
2826 3667 2884 3722 αί
2915 3667 3514 3738 γλωσσοπυρσόμορςροι
3541 3666 3691 3734 γλῶσ-

2136 3773 2229 3811 σαι
2261 3757 2552 3828 σύμϐολον.
2589 3758 2790 3813 Ἰστέον
2821 3757 2878 3812 δὲ
2912 3758 2996 3812 ὃτι
3037 3758 3100 3812 τὺ
3137 3757 3238 3830 μὲν
3284 3759 3581 3830 πυρίπνοσν
3613 3756 3690 3808 nl

2133 3851 2196 3903 τὸ
2247 3852 2538 3921 ἀρσενικὸν
2587 3851 2758 3905 αὐτοῦ
2794 3851 3307 3923 προπαροξύνεταιο
3351 3852 3410 3906 τὸ
3458 3851 3513 3905 δὲ
3565 3849 3685 3903 κατὰ

2137 3946 2417 4014 συγκοπὴν
2442 3943 2806 4017 τρισύλλαϐον
2837 3946 2866 3998 ό
2901 3945 3182 4016 πυρπνόος
3216 3943 3597 4016 παροξύνεται.
3632 3944 3685 3995 ὲκ

2132 4039 2339 4092 τούτων
2383 4037 2442 4092 δὲ
2490 4039 2609 4108 μετ’
2638 4037 2799 4107 ὀλίγα
2837 4039 2875 4104 ⁴ό
2928 4040 3260 4110 πυρίπνους,
3299 4043 3397 4097 καὶ
3431 4041 3686 4111 ἐπίρρημα

2133 4130 2195 4182 τὸ
2227 4129 2545 4200 πυρπνόως.
2577 4130 2722 4200 Ὅρα
2760 4129 2819 4185 δὲ
2849 4127 3133 4185 κάνταῦθα
3171 4132 3350 4203 νόημα
3380 4129 3682 4200 ἕξιυτερικδν

2137 4221 2477 4293 παραδεχθὲν
2499 4221 2575 4292 τῷ
2600 4222 2740 4292 ἁγίῳ
2767 4222 2993 4293 μελῳδῷ
3017 4223 3098 4286 είς
3123 4221 3294 4293 ὕμνον
3316 4221 3684 4293 πνευματικόν.

2135 4314 2209 4369 Τὸ
2239 4316 2348 4384 γάρ
2393 4314 2505 4384 πῦρ
2537 4316 2720 4367 πνέειν
2767 4314 2864 4386 τὴν
2911 4315 3089 4386 ἀρχὴν
3137 4317 3232 4368 ἐπὶ
3269 4315 3489 4385 ταύρων
3520 4315 3689 4382 Κολχι-

2136 4405 2271 4468 κῶν,
2299 4405 2392 4458 καὶ
2443 4405 2532 4457 ὲπ;
2583 4405 2850 4474 χιμαίρας
2884 4407 2982 4474 τῆς
3017 4406 3307 4476 Λυκιακῆς
3344 4405 3684 4476 λογνιποιηθὲν,

2135 4495 2170 4549 ἃ
2212 4495 2276 4566 δὴ
2323 4496 2438 4560 ζῶα
2497 4498 2749 4564 πυρπνόα
2799 4497 3219 4569 παραδέδονται,
3259 4499 3569 4570 ᾠκειώσατο
3607 4495 3686 4548 νῦν

455 4577 627 4632 tauris
651 4575 926 4630 Colchicis
952 4582 1007 4626 et
1035 4576 1102 4625 de
1145 4572 1406 4624 chimaera
1464 4565 1715 4635 Lyciaea,
1751 4577 1808 4620 ut
1853 4569 2032 4635 ignem

2139 4588 2328 4652 δεξιῶς
2360 4591 2554 4658 πυρὸς,
2605 4590 2680 4653 ὡς
2740 4590 2914 4655 οὕτως
2968 4593 3168 4658 εἰπεῖν,
3213 4594 3426 4648 ἐκείνου
3477 4590 3686 4647 πλαστοῦ

455 4667 796 4739 spirantibus
827 4663 1063 4726 traditis,
1093 4660 1198 4714 sibi
1255 4672 1402 4712 nunc
1465 4660 1698 4711 solerter
1746 4657 2029 4726 praprium

455 4761 605 4824 fecit,
632 4761 773 4830 ignis
801 4758 972 4821 illius,
998 4766 1051 4809 ut
1078 4755 1155 4808 ita
1178 4752 1380 4814 dicam,
1411 4750 1521 4804 lieti
1546 4758 1602 4804 et
1623 4751 1871 4804 extranei
1892 4750 2032 4803 lam-

454 4855 592 4924 pade
622 4851 847 4921 mystice
873 4859 1107 4901 accensa
1128 4844 1418 4914 dicataque
1439 4850 1633 4897 sancto
1661 4841 1918 4912 Spiritui;
1937 4858 2035 4912 per

455 4962 616 5017 quem
686 4940 1021 5006 balneariam
1053 4939 1488 5007 puriﬁcationem
1528 4938 1773 4990 fidelibus
1788 4939 2033 5006 perfecit.

453 5039 609 5107 Quod
626 5039 673 5092 si
695 5050 821 5092 vero
852 5035 1120 5105 posterius
1151 5031 1350 5102 aliquis
1378 5027 1557 5086 dictus
1583 5043 1666 5085 est
1688 5034 1759 5085 ob
1781 5035 2038 5099 eloquen-

457 5135 588 5186 tiam
622 5134 730 5186 vim
760 5131 898 5201 ignis
926 5131 1189 5200 spirasse,
1221 5129 1307 5183 vel
1335 5128 1520 5198 aliquo
1561 5133 1726 5181 modo
1749 5127 1930 5180 simile
1955 5135 2040 5180 est

456 5226 599 5282 febri
635 5226 871 5291 fervens,
899 5237 998 5294 pro
1031 5239 1046 5277 :
1084 5226 1359 5290 patuetice
1419 5224 1636 5276 locutus
1689 5228 1793 5283 est,
1827 5221 1967 5289 tropi
2006 5235 2037 5274 a

457 5325 588 5371 sunt
650 5317 775 5386 ista,
832 5317 981 5385 quod
1034 5329 1135 5369 nec
1186 5316 1485 5385 anagogice
1549 5329 1810 5384 expressa
1841 5323 1896 5368 et
1944 5330 2041 5368 ex-

457 5409 623 5463 celsa.
662 5403 758 5459 llic
782 5420 1005 5474 quoque
1057 5405 1360 5460 notandum
1417 5415 1504 5460 est
1565 5405 1714 5475 quod
1761 5403 2038 5476 πυρπνόος

459 5509 648 5556 taurus
683 5509 736 5552 et
767 5497 1047 5569 πυρπνόος
1096 5497 1354 5552 chimaera
1381 5509 1526 5552 recte
1577 5509 1739 5551 acuto
1781 5507 1912 5550 tono
1957 5496 2040 5550 si-

457 5603 694 5661 gnantur
721 5593 790 5644 ob
817 5596 1084 5646 actionem
1119 5605 1282 5659 quam
1323 5593 1640 5656 ostendunt,
1667 5591 2039 5662 quemadmo-

458 5689 588 5738 dqu
648 5687 700 5738 in
762 5690 862 5738 hac
922 5683 1205 5756 dictione:
1245 5687 1440 5739 mulier
1505 5686 1892 5755 πρωτοτόκος;
1927 5686 2042 5740 haec

458 5782 604 5832 enim
639 5784 874 5849 primum
911 5781 1076 5850 parit,
1101 5781 1277 5836 etilli
1331 5783 1545 5851 spirant
1595 5782 1812 5858 ignem.
1870 5782 2040 5836 l'orro

458 5871 757 5938 πυρίπνοος
789 5887 881 5930 ros
937 5879 1003 5930 ad
1044 5878 1358 5946 passionem
1413 5878 1729 5942 resolvitur,
1795 5878 1940 5934 sicut
1987 5883 2042 5933 et

2138 4681 2442 4750 ἀλλοφύλου
2479 4682 2712 4746 ὲναύσας
2743 4685 3027 4752 μυστικῶς
3066 4687 3338 4756 λαμπάδα
3367 4691 3461 4741 καὶ
3497 4686 3687 4747 ἀναθεὶς

2137 4774 2217 4844 τῷ
2247 4773 2390 4843 ἁγίῳ
2422 4775 2722 4844 Πνεύματι,
2755 4775 2822 4829 δι’
2849 4775 2910 4828 οῦ
2939 4777 3224 4849 λουτήριον
3251 4780 3519 4850 κάθαρσιν
3555 4779 3687 4847 ἑξήρ-

2139 4882 2258 4919 τισε
2286 4867 2400 4928 τοῖς
2431 4869 2666 4930 πιστοῖς.
2695 4869 2762 4921 Εἰ
2790 4868 2849 4922 δὲ
2875 4871 2933 4921 ἐν
2961 4872 3074 4932 τοῖς
3101 4869 3332 4942 ὕστερον
3367 4873 3526 4942 μενος
3548 4870 3687 4940 πυρὸς

2143 4960 2328 5014 πνέειν
2373 4959 2467 5012 τοῦ
2512 4963 2655 5013 κατὰ
2694 4963 2989 5031 ῥητορείαν
3029 4963 3232 5035 ὲρρἐη
3289 4967 3464 5037 τις,ἢ
3506 4963 3689 5031 πυρετῷ

2143 5049 2281 5115 ζέων
2306 5051 2494 5122 ὅμοιόν
2525 5069 2577 5106 τι
2606 5052 2701 5105 ἐπὶ
2723 5052 2803 5122 τῷ
2823 5053 2983 5108 πάθει
3005 5055 3169 5125 ὲλάλη
3184 5073 3236 5108 τε
3268 5059 3506 5126 τροπικὰ
3528 5054 3689 5113 ταῦτα.

2141 5145 2203 5197 οὐ
2233 5145 2340 5215 μὴν
2393 5146 2759 5214 ἀναγωγικῶς
2805 5151 3055 5217 γραφικὰ
3103 5153 3193 5202 καὶ
3238 5150 3436 5221 ὒψηλά.
3497 5152 3690 5211 Ἐπισηο

2147 5239 2379 5304 μαντέον
2428 5238 2486 5291 δὲ
2539 5239 2857 5306 ἀναγκαίως
2907 5240 3143 5294 ἐνταῦθα
3197 5241 3281 5294 ὃτι
3315 5245 3581 5313 πυρπνόος
3604 5237 3688 5305 μὲν

2143 5328 2370 5400 ταῦρος,
2413 5333 2508 5382 καὶ
2547 5331 2829 5399 πυρπνόος
2857 5331 3115 5402 χίμαιρα,
3147 5333 3322 5402 ὀρθῶς
3349 5331 3689 5400 ὀξυτονοῦνται

2145 5422 2214 5476 δι’
2241 5424 2304 5494 ἦν
2340 5421 2596 5493 δηλοῦσιν
2644 5425 2954 5495 ἐνέργειαν,
2984 5424 3263 5494 ἀναλόγως
3293 5428 3388 5495 τῷ,
3418 5427 3546 5496 γυνῂ
3570 5438 3690 5491 πρωι

2146 5512 2397 5574 τοτόκος·
2449 5513 2636 5582 ἐκείνη
2680 5529 2739 5565 τε
2779 5513 2890 5584 γάρ
2923 5513 3155 5584 πρώτως
3194 5517 3398 5581 τίκτυι,
3447 5518 3535 5568 καὶ
3575 5508 3689 5565 αὐτὰ

2148 5605 2542 5674 πυρπνέουσιν.
2607 5606 2672 5658 Ἡ
2754 5607 2942 5676 μέντοι
3025 5609 3328 5679 πυρίπνοος
3401 5611 3571 5680 δρόσος
3623 5601 3689 5661 είς

2149 5695 2323 5759 πάθος
2373 5698 2688 5764 ἀναλύεται,
2743 5698 2820 5760 ὼς
2887 5701 2982 5752 καὶ
3043 5702 3071 5753 ὁ
3127 5703 3236 5772 πρὸ
3287 5702 3384 5754 δύο
3443 5692 3688 5753 συλλεόῶν

2146 5787 2475 5858 ὁξυνόμενος
2511 5792 2679 5853 παῖς⁰
2714 5794 2779 5844 ὲκ
2826 5793 3000 5862 πυρὸς
3050 5793 3159 5864 γὰρ
3213 5793 3353 5864 αὐτὴ
3400 5790 3687 5846 ἀναπνὲεται

2149 5878 2545 5966 ἁτμιδουμινη,
2576 5882 2672 5934 καὶ
2727 5882 2914 5950 σχεδόν
2972 5899 3027 5936 τι
3062 5877 3254 5951 δρόσος
3302 5884 3472 5953 οὖσα⁶
3509 5875 3563 5934 οὗ
3602 5873 3690 5944 γὰρ
