3824 6542
139 381 230 447 615

886 373 968 436 IN
1017 373 1361 438 nmmum
1403 373 2058 440 PENTECOSTALEM
2102 358 2579 437 DAMASCENI.

3273 364 3379 428 HG

138 494 441 567 παρενοχλεί
488 491 562 557 ὡς
612 490 944 563 αὐτόχρημα
1008 491 1143 564 πῦρ,
1195 491 1336 547 ἀλλὰ
1395 490 1682 562 θερμαίνει

1820 492 1919 553 ταῖς
1945 495 2108 545 acuto
2149 494 2372 542 notatur
2396 490 2626 540 accentu
2656 495 2757 553 pro
2780 478 2997 535 duabus
3023 476 3247 550 syllabis
3280 491 3380 535 εει

136 590 403 663 παρήγορα
436 588 514 653 ὡς
546 582 640 642 οἷα
669 585 980 657 λουτήριος.

193 854 320 928 ρλα’.
352 855 695 927 Φωτόμορφα
745 853 805 909 δὲ
844 854 1033 919 τέκνα,
1064 853 1099 924 ἢ
1135 853 1204 906 τὰ
1254 855 1460 923 μορφῇ,
1490 852 1521 905 ὃ
1569 852 1691 905 ἐστι

134 950 293 1020 φύσει,
342 948 421 1011 ὡς
464 945 803 1020 προεῤῥέθη,
831 947 928 1000 καὶ
979 945 1195 1012 ἀληθῶς
1229 946 1489 1016 φωτεινὰ,
1533 944 1567 1015 ἦ
1620 944 1693 998 τὰ

134 1041 373 1111 φωτοειδῆ
398 1056 412 1070 ·
441 1040 503 1094 τὸ
533 1038 591 1093 δέ
622 1038 720 1110 τῆς
753 1037 1084 1109 Ἐκκλησίας
1142 1037 1387 1106 γλυκέως
1409 1038 1589 1090 κεῖται
1615 1036 1691 1099 ὡς

135 1132 316 1204 μητρὸς
357 1132 469 1183 τῶν
520 1130 827 1201 εἰρημένων
880 1129 1111 1193 τέκνων,
1149 1128 1237 1183 ἴνα
1295 1127 1428 1199 λέγῃ
1479 1127 1619 1181 αὐτὰ
1663 1129 1692 1182 ὁ

136 1224 349 1296 μελῳδὸς
395 1223 595 1285 παῖδας
641 1221 1163 1291 ἐκκλησιαστικοὺς,
1190 1220 1549 1290 λελουμένους
1596 1218 1692 1272 ὑπ’

134 1316 281 1383 αὐτῆς
325 1316 420 1370 ἐπὶ
457 1312 733 1384 καθάρσει
754 1315 1016 1384 φωτεινῇ,
1068 1311 1384 1384 ἀρεσκούσῃ
1418 1312 1497 1381 τῷ
1546 1310 1684 1379 Θεῷ.

141 1409 194 1462 '0
227 1408 278 1459 δέ
334 1405 431 1460 νῦν
480 1405 823 1476 ἐξεληλυθὼς
873 1406 1036 1477 νόμος
1076 1406 1177 1459 οὐκ
1228 1405 1454 1457 ἄλλοθέν
1499 1404 1688 1469 ποθεν,

132 1498 250 1554 ἀλλὰ
275 1501 337 1551 ἐκ
364 1499 468 1568 τῆς
513 1497 655 1551 Σιὼν
684 1500 717 1568 ή
746 1496 842 1551 τοῦ
897 1497 1211 1568 Πνεύματός
1265 1500 1382 1550 ἐστι
1418 1494 1561 1549 κατὰ
1597 1495 1691 1547 τὸν

135 1588 350 1660 μελῳδὸν
385 1590 570 1660 χάρις.
612 1590 718 1642 Καὶ
748 1587 1082 1657 ἐνθυμητέον
1126 1585 1363 1640 ἐνταῦθα
1391 1587 1475 1641 ὅτι
1506 1584 1690 1649 καλῶς

133 1683 215 1735 καὶ
241 1682 342 1749 πρὸ
372 1680 573 1748 ὀλίγων
617 1680 678 1733 τὸ
710 1680 900 1748 νείμας
924 1681 1004 1743 τὸ,
1046 1678 1269 1747 Πνεῦμα
1292 1678 1366 1739 ὼς
1396 1679 1688 1746 ὑπέσχετο,

132 1773 364 1840 τοιαύτης
412 1772 624 1835 ἐννοίας
668 1772 878 1840 ἔφαμεν
913 1765 1059 1823 εῖναι
1088 1769 1444 1840 ἐμφαντικόν.
1484 1769 1548 1821 El
1580 1770 1689 1838 γὰρ

1805 581 1931 650 igne
1958 579 2172 635 scilicet
2199 579 2303 633 iste
2333 576 2578 646 spiratur
2648 582 2965 642 vaporatus,
3020 584 3145 625 cum
3207 567 3381 623 adhuc

1791 670 1906 726 fere
1927 671 1999 725 sit
2026 684 2117 724 ros
2147 687 2163 723 :
2195 682 2304 722 non
2342 668 2490 723 enim
2518 664 2778 721 obturbat
2831 672 2890 718 ut
2936 662 3168 732 ipsemet
3220 660 3381 731 ignis,

1811 764 1913 818 sed
1940 760 2194 817 calefacit
2218 760 2377 831 quasi
2407 758 2704 815 balnearis.

1868 855 1998 910 151.
2021 856 2364 925 Φωτόμορφα
2388 852 2515 907 dein
2550 852 2717 905 τέκνα
2749 857 2879 906 sunt
2928 847 3016 904 vel
3069 848 3271 912 forma,
3330 845 3382 901 id

1792 957 1893 1015 est,
1928 955 2142 1011 natura,
2165 947 2310 1002 sicut
2339 954 2464 999 ante
2505 943 2713 998 dictum
2765 952 2870 1007 est,
2912 950 2968 997 et
3028 956 3158 996 vere
3214 937 3381 994 lucidi
3430 986 3435 991 .

1793 1042 1914 1107 lilii,
1936 1040 2022 1096 vel
2044 1040 2235 1094 lumini
2263 1037 2490 1093 similes.
2533 1035 2647 1091 Vox
2682 1044 2865 1091 autem
2892 1033 2995 1104 τῆς
3029 1032 3383 1103 Ἐκκλησίας,

1794 1131 2085 1187 commode
2122 1129 2345 1200 ponitur
2367 1127 2526 1199 quasi
2554 1130 2622 1180 tle
2680 1132 2856 1178 matre
2914 1123 3189 1177 dictorum
3249 1120 3383 1174 ﬁlio«

1794 1236 1940 1290 rum,
1972 1228 2031 1275 ut
2065 1220 2189 1279 illos
2217 1218 2365 1272 dicat
2393 1228 2552 1288 poeta
2591 1214 2733 1269 ﬁlios
2759 1214 3164 1268 ecclesiasticos
3195 1211 3263 1266 ab
3290 1211 3384 1265 illa

1792 1313 2001 1368 lavatos
2035 1309 2102 1365 ad
2137 1309 2572 1380 purilicationem
2612 1305 2848 1361 lucidam
2891 1314 2944 1360 et
2984 1305 3092 1357 Deo
3149 1313 3382 1371 gratam.

1793 1404 1900 1459 Lex
1935 1412 2115 1459 autem
2148 1417 2270 1471 qua:
2307 1416 2414 1454 nun
2476 1400 2696 1454 aliunde
2748 1398 2893 1452 venit
2959 1397 3061 1451 nisi
3116 1396 3182 1450 de
3226 1395 3384 1456 Sion,

1794 1495 2029 1567 Spiritus
2053 1502 2136 1549 est
2166 1492 2471 1548 secundum
2524 1490 2993 1560 bymnograpbum
3056 1490 3228 1556 gratia
3265 1503 3280 1552 ;
3327 1495 3383 1540 et

1795 1591 1869 1646 ibi
1902 1588 2310 1659 recogitandnm
2345 1584 2490 1653 quod
2520 1584 2765 1652 pulchre,
2800 1583 2960 1653 paulo
2988 1590 3148 1634 antea
3181 1579 3380 1635 dictio-

1794 1698 1918 1739 nem
1948 1720 1966 1749 ,
2000 1697 2020 1734 t
2049 1679 2386 1735 distribuens
2418 1677 2682 1744 Spiritum
2736 1683 2795 1728 ut
2838 1678 3160 1744 promiserat
3197 1690 3215 1722 ι
3259 1710 3275 1736 ,
3305 1682 3385 1723 ta-

1796 1777 1861 1832 lis
1917 1774 2135 1844 cogitati
2197 1772 2438 1827 diximus
2513 1784 2633 1824 esse
2692 1767 3177 1841 demonstrativam
3216 1781 3231 1818 :
3264 1767 3371 1818 nisi

136 1867 198 1938 μή
224 1866 285 1919 τὰ
316 1865 408 1918 τοῦ
470 1866 627 1933 ἁγίου
678 1865 1000 1935 Πνεύματος
1059 1867 1140 1928 εἰς
1192 1866 1392 1934 νόμους
1448 1864 1688 1934 θήσομεν

1820 1868 1935 1919 nim
1971 1879 2093 1933 quae
2116 1871 2243 1916 sunt
2275 1860 2513 1929 Spiritus
2570 1858 2745 1913 sancti
2797 1870 3068 1927 ponamus
3134 1855 3189 1909 in
3241 1855 3385 1924 leges

134 1958 492 2029 πνρσεύοντας
563 1958 842 2026 γλώσσαις
923 1958 1223 2027 γραφικαϊς
1288 1959 1359 2009 τὰ
1423 1958 1693 2027 σωτήρια,

138 2052 279 2122 σχολῇ
348 2052 401 2120 γ’
469 2052 538 2105 ἂν
590 2049 890 2119 νομοθέτας
958 2049 1326 2120 ἐξωτερικοὺς
1384 2048 1695 2118 ἀξιώσομεν

139 2145 301 2213 λόγου.
330 2144 405 2197 Τὸ
435 2144 515 2210 δὲ,
541 2143 824 2213 ἐξελήλυθε
850 2144 1034 2213 νόμος,
1058 2142 1233 2203 ἄλλως
1268 2142 1368 2212 μὲν
1390 2141 1490 2195 οὑκ
1519 2141 1696 2212 ὀρθῶς

138 2237 415 2302 ποδὶζεται,
448 2236 536 2290 διὰ
562 2237 623 2288 τὺ
655 2235 1182 2306 βραχυκατάληκτον
1227 2233 1322 2288 τοῦ
1368 2233 1657 2303 ἐξελήλυθε
1677 2245 1692 2262 ο

139 2332 408 2403 πυρρίχιος
458 2330 570 2402 γὰρ
634 2329 813 2400 βαίνει
865 2331 893 2381 ὁ
923 2328 1174 2398 πέμπτος
1231 2329 1388 2391 πούς.
1425 2328 1580 2399 Ἔχει
1637 2328 1696 2382 δὲ

137 2424 414 2492 θεραπείαν
448 2422 592 2492 λόγῳ
620 2422 807 2488 κοινῆς
856 2421 1152 2490 συλλαϐῆς,
1178 2420 1372 2474 ὁποίαν
1403 2422 1497 2473 καὶ
1538 2420 1695 2489 ἀορί-

142 2532 250 2568 στου
275 2515 523 2585 λήγουσα
547 2514 712 2584 ὁμοία
751 2516 810 2567 ἐν
832 2515 912 2582 τλῖι
940 2540 965 2553 ο
998 2512 1249 2583 Νέστορα
1290 2511 1334 2565 δ’
1361 2512 1461 2564 οὐκ
1502 2510 1696 2564 ἔλαθεν

140 2609 247 2678 ίαχή
266 2608 466 2671 ο-τινὲς
490 2608 548 2661 δέ
570 2607 841 2677 ἔγραψαν,
877 2605 1212 2677 ἐξεληλύθει,
1242 2609 1386 2658 κατὰ
1418 2607 1693 2676 ὑπερσυν-

138 2699 327 2753 τελικὸν
354 2699 749 2771 χρόνον.”Εστι
774 2699 833 2753 δὲ
865 2698 995 2760 ίσως
1024 2699 1124 2752 οὐκ
1146 2696 1380 2769 ἀκριϐὴς
1412 2698 1444 2767 ἡ
1468 2695 1696 2766 τοιαύτη

140 2795 321 2863 γραφὴ.
354 2794 449 2848 διὰ
477 2793 538 2846 τὸ
565 2793 662 2848 νῦν
707 2794 995 2865 ἐπίρρημα
1030 2793 1091 2846 τὸ
1124 2793 1400 2861 κατάρχον
1441 2790 1537 2843 τοῦ
1587 2791 1699 2844 στί·

139 2903 218 2955 χου
262 2890 351 2941 ἐπὶ
398 2886 629 2952 ἐνδείξει
681 2885 890 2954 Καινῆς
934 2884 1235 2955 Διαθήκης.
1269 2884 1411 2937 Αὐτὸ
1460 2883 1560 2953 μὲν
1588 2884 1697 2954 γὰρ

139 2978 566 3048 ὁμολογουμένως
616 2977 893 3031 ἐνεστῶτα
921 2977 1094 3046 δηλοῖ,
1127 2977 1225 3029 καὶ
1268 2974 1547 3046 ᾠκείωται
1586 2991 1694 3028 πα-

1797 1958 1972 2029 igneis
1998 1955 2198 2025 linguis
2228 1953 2489 2009 s-lutaria
2524 1952 2986 2012 demonstrantes,
3033 1949 3121 2000 vix
3174 1946 3387 2014 legisla-

1804 2057 1951 2103 tores
1990 2056 2280 2102 extraneos
2312 2044 2506 2114 dignos
2531 2044 2697 2097 verbo
2725 2039 3116 2111 judicabitnus.
3155 2036 3265 2091 lloc
3295 2051 3388 2090 ve-

1796 2156 1893 2196 ro:
1914 2137 2205 2209 ἐξελήλυθε
2229 2137 2413 2206 νόμος,
2456 2150 2565 2189 non
2615 2142 2763 2187 recto
2784 2131 3029 2203 graditur
3066 2139 3239 2184 metro
3262 2144 3389 2199 pro-

1795 2243 1918 2303 pter
1954 2230 2220 2301 syllabam
2254 2228 2474 2282 brevem
2514 2226 2661 2279 vocis
2682 2222 2973 2293 ἐξελήλυθε
3000 2239 3015 2276 :
3038 2220 3387 2293 pyrrhichius

1796 2319 1940 2372 cnim
1964 2316 2212 2389 graditur
2244 2330 2338 2385 pes
2360 2314 2587 2383 quintus
2615 2332 2627 2367 :
2663 2313 2825 2367 habet
2852 2321 3036 2367 autem
3063 2312 3384 2377 remedium,

1797 2409 2017 2479 syllaba:
2049 2407 2362 2462 communis
2396 2407 2629 2469 ratione,
2661 2407 2825 2473 quale
2865 2404 3065 2457 similis
3114 2403 3381 2456 aoristmn

1797 2500 2101 2557 terminans
2132 2500 2188 2555 in
2224 2500 2325 2554 hoc
2356 2516 2369 2554 :
2399 2499 2649 2568 Νέστορα
2676 2496 2721 2548 δ’
2747 2497 2849 2550 οὐκ
2865 2496 3057 2550 ἔλαθεν
3080 2497 3227 2564 ἰαχή.
3257 2495 3384 2562 Qui-

1797 2594 1922 2650 dam
1974 2596 2319 2664 scripserunt
2399 2590 2715 2660 ἐξεληλύθει
2796 2589 3383 2658 plttSquamperfecto:

1796 2702 1917 2759 quae
1944 2687 2212 2756 scriptura
2246 2700 2351 2738 non
2383 2684 2598 2737 videtur
2627 2691 2882 2737 accurata
2930 2690 3146 2750 propter
3200 2679 3391 2735 adver-

1798 2779 1947 2832 bium
1980 2778 2075 2831 νῦν
2108 2776 2374 2843 incipiens
2402 2789 2622 2829 versum
2652 2773 2720 2828 de
2752 2773 3193 2827 mnnil‘estatione
3245 2770 3388 2827 Novi

1799 2867 2156 2923 Testamenti.
2217 2863 2400 2935 Ipsum
2433 2866 2576 2920 enim
2605 2882 2668 2920 ex
2697 2864 2954 2920 confesso
2985 2880 3223 2933 praesens
3248 2863 3389 2918 indi-
3422 2898 3429 2905 ο

1799 2958 2349 3027 catetappropriatur
2373 2958 2646 3037 praeterito
2667 2966 2721 3010 et
2745 2956 2993 3025 praesenti
3022 2976 3035 3010 ;
3072 2956 3392 3025 plusquam-

146 3072 435 3142 ρακειμένῳ
468 3070 563 3125 καὶ
592 3069 872 3124 ἐνεστῶτι.
910 3070 970 3123 Ὀ
1003 3068 1062 3123 δὲ
1096 3068 1559 3138 ὑπερσυντελικὸς
1591 3067 1694 3138 ήδη

1820 3052 2107 3126 perfectum
2140 3062 2346 3116 autem,
2404 3049 2553 3119 quod
2612 3050 2726 3118 jam
2779 3056 3025 3118 tempore
3089 3048 3387 3117 praecessit,

146 3163 328 3232 φθάσας
377 3161 650 3233 χρονικῶς
710 3160 1283 3232 ὑπερσυντετέλεστο·
1340 3161 1424 3213 ὅτι
1484 3158 1543 3211 δέ
1602 3157 1699 3211 καὶ

1820 3160 1929 3205 inte
1946 3149 2123 3205 fuerat
2149 3150 2416 3217 elapsum.
2446 3145 2717 3212 Quoniam
2752 3153 2932 3199 autem
2965 3143 3053 3196 ille
3082 3143 3175 3213 qui
3206 3144 3388 3196 taliter

142 3256 315 3310 ὀοῦτω
343 3257 564 3327 γράψας
606 3255 828 3309 δύναται
881 3256 1058 3308 εἰπεῖν
1098 3254 1294 3324 χρόνον
1341 3253 1467 3305 ἀντὶ
1500 3252 1698 3322 χρόνον

146 3348 365 3417 συνήθως
396 3345 765 3416 ληφθῆναιοή
800 3345 877 3408 ὡς
921 3344 1386 3415 ὑπερσυντελικδν
1420 3344 1546 3398 ἀντὶ
1587 3359 1701 3396 πα-

148 3442 478 3507 ρακειμένου,
508 3440 605 3493 καὶ
654 3439 738 3493 ὃτι
787 3439 817 3490 ὁ
860 3437 1022 3501 αὐτὸς
1065 3437 1157 3490 τὸν
1188 3437 1283 3489 νῦν
1334 3433 1697 3504 ἐξεληλυθότα

147 3533 285 3601 νόμον
311 3531 390 3594 ὡς
420 3530 663 3599 ἀρχῆθεν
700 3530 1126 3601 βεϐουλευμένον
1151 3528 1232 3600 τῷ
1258 3527 1380 3599 Θεῷ
1424 3529 1695 3599 ὑπερσυν-

157 3624 367 3688 ⁴ιελιιιῶς
426 3625 666 3692 ἐξελθεῖν
723 3626 929 3696 φράσαι
982 3622 1271 3695 ἠθέλησεν,
1327 3625 1384 3686 ἐς
1447 3622 1704 3675 τοσοῦτον

149 3716 468 3788 διαληπτέον.

210 3809 342 3881 ρλβ’.
374 3809 446 3862 Τὸ
475 3809 534 3862 δέ
560 3809 627 3861 ἐκ
656 3807 796 3863 Σιὼν
842 3807 1226 3879 ἐξεληλυθέναι
1269 3808 1361 3861 τὸν
1414 3807 1706 3878 εἰρημένον

151 3900 215 3969 τῷ
246 3903 467 3971 μελῳδῷ
495 3903 687 3966 νόμον,
714 3900 1000 3970 συμφωνεῖ
1028 3900 1108 3970 τῷ
1136 3900 1429 3969 ἁγιωτάτῳ
1460 3901 1706 3966 Εὐαγγε-

151 3991 232 4062 λίφ
260 4010 274 4025 ο
312 3995 482 4064 ἐχρῆν
505 3995 616 4064 γὰρ
653 3995 748 4047 καὶ
780 3993 945 4048 αὑτὸν
972 3994 1037 4045 ἐκ
1065 3991 1163 4061 τῆς
1210 3990 1569 4062 Ἰερουσαλὴμ
1606 3992 1705 4060 ἆρ-

153 4084 351 4150 ξασθαι,
400 4087 690 4156 μετανοίας
744 4085 922 4140 αῐτιον
952 4086 1085 4154 ἡμῖν
1130 4085 1265 4137 ὄντα
1322 4086 1415 4138 καὶ
1460 4084 1707 4152 ἀφέσεως

156 4177 439 4246 ἁμαρτιῶν.
471 4178 617 4249 Ὅρα
646 4178 705 4231 δέ
739 4178 803 4231 τὸ
854 4177 1487 4247 γλωσσοπυρσὸμορφος,
1520 4174 1710 4241 ἐξαθε-

157 4268 415 4337 ριζόμενον
446 4268 548 4338 μὲν
580 4268 675 4321 καὶ
710 4267 847 4321 αὐτὸ
879 4270 992 4331 τοῖς
1026 4269 1105 4330 είς
1135 4268 1288 4321 οὐδὲν
1316 4267 1439 4319 δέον
1489 4266 1709 4335 περιέρο

156 4374 255 4425 γοις
277 4359 343 4411 τὰ
372 4359 767 4428 γραμματικὰ,
802 4356 1129 4427 φιλούμενον
1178 4356 1236 4410 δὲ
1277 4355 1355 4425 τῷ
1382 4355 1514 4425 ίερῷ
1546 4371 1702 4418 ποιη-

158 4453 341 4520 τῇ.καὶ
387 4452 456 4504 δι’
506 4454 715 4505 ἐκεῖνον
775 4451 890 4513 τοῖς
951 4449 1263 4518 φιλοκάλοις
1323 4448 1707 4519 στεργόμενον.

160 4538 358 4603 Ἔξεστι
385 4542 494 4611 γὰρ
522 4543 682 4594 παντὶ
742 4541 955 4611 ῥήτορι,
986 4538 1130 4592 καθὰ
1174 4540 1270 4590 καὶ
1296 4538 1373 4608 τῷ
1404 4537 1714 4609 ἐξωτερικῷ

159 4631 290 4700 καλῴ
325 4632 653 4700 Ξ-νοφῶντι,
720 4634 861 4684 κατὰ
910 4631 1055 4684 ποσὰ
1090 4631 1438 4701 διαστήματα
1487 4632 1717 4701 γράφειν

162 4725 474 4792 ποράνημὸν
513 4739 567 4773 τι
595 4722 749 4790 φίλον
798 4719 947 4790 αύτῷ
977 4722 1118 4773 κατὰ
1170 4721 1495 4791 χαρακτῆρα
1558 4720 1713 4775 ἴδιον.

164 4812 243 4883 Μή
299 4814 428 4882 γοῦν
505 4813 948 4881 κατακλὼζωμεν
1010 4813 1260 4882 ἀφρόνως
1288 4852 1303 4878 ,
1347 4812 1541 4883 ἀνδρὸς
1618 4813 1719 4866 οὐκ

164 4906 532 4976 ἁγνοήσαντος,
580 4904 693 4958 ἀλλ’
717 4906 791 4964 ὡς
823 4904 974 4975 αύτῷ
1005 4905 1200 4970 ἐδόκει,
1230 4892 1612 4973 ἐπικρίναντος
1656 4906 1720 4958 τὸ

167 4997 278 5068 παρ’
308 5000 489 5062 ἄλλοις
520 5000 619 5067 οὐχ
650 4998 771 5068 ήδὺ.
806 4998 1167 5071 Θαρῤούντως
1215 4995 1329 5063 οὖν,
1389 4996 1432 5053 ὦ
1488 5001 1717 5068 μελῳδὶ,

167 5088 498 5160 ἁναφώνησον
530 5093 625 5143 καὶ
658 5094 715 5144 ἐν
746 5092 859 5152 τοῖς
901 5090 1051 5159 ἑξῆς,
1082 5088 1228 5143 καθά
1279 5092 1344 5144 σὺ
1399 5092 1595 5159 φιλεῖς,
1660 5091 1722 5144 τδ

168 5180 1164 5253 ἁκτιστοσυμπλαστουργοσύνθρονον,
1228 5182 1368 5253 ὅπερ
1417 5185 1578 5252 ἡμεῖς
1620 5184 1721 5252 μὲν

168 5272 315 5339 ἡδέως
340 5274 689 5345 ἀκουσόμεθα
722 5274 1090 5339 ἐπικλείοντες
1140 5274 1259 5343 ὅλα,
1290 5276 1599 5341 κλεῖζοντες
1645 5277 1720 5340 ὡς

167 5361 240 5419 οἷα
262 5369 351 5421 καὶ
377 5368 657 5439 νεωτάτην
702 5369 909 5439 ἀοιδὴν,
934 5369 964 5422 ὃ
993 5369 1058 5440 δὴ
1109 5368 1353 5436 λέγεται.
1404 5370 1471 5422 Οί
1528 5369 1585 5423 δὲ
1646 5370 1722 5441 μὴ

169 5462 503 5533 ἀρεσκόμενοι
544 5462 823 5531 βυέτωσαν
877 5462 978 5524 τὰς
1023 5462 1214 5525 ἀκοὰς,
1240 5461 1597 5532 ἀλειψάμενοι
1625 5478 1725 5533 κη-

176 5551 239 5621 ρῷ
256 5554 439 5619 αὐτας,
475 5556 585 5607 εἴτε
614 5552 793 5623 πηλῷ,
823 5551 885 5607 οὗ
919 5554 1014 5606 καί
1039 5554 1149 5605 είσι
1180 5553 1449 5621 κατάξιοι.

231 5643 359 5713 ρλγ’.
400 5646 599 5698 Ἰστέον
633 5645 689 5701 δὲ
725 5646 801 5707 ὡς
825 5644 975 5697 δοκεῖ
1000 5645 1215 5713 χαίρειν
1248 5646 1276 5697 ὁ
1328 5643 1585 5707 ἐποποιὸς
1632 5640 1723 5695 οὗ·

174 5751 247 5799 τος
270 5740 362 5791 καὶ
392 5740 462 5809 τῇ
487 5738 632 5801 λέξει
666 5737 765 5805 τῆς
801 5737 1044 5806 μορφῆς,
1080 5735 1182 5804 τῆς
1214 5737 1575 5807 προσωπικῆς
1625 5737 1721 5805 δη-

173 5828 307 5903 λαδή,
338 5834 411 5897 ὡς
442 5827 533 5887 οἷα
564 5830 861 5900 πρόσωπον
905 5829 1035 5881 αὐτὸ
1065 5827 1223 5880 τοῦτο
1273 5829 1567 5898 λαμόάνων
1625 5830 1722 5881 ἐκ·

1807 3244 2030 3314 scripsit
2059 3243 2239 3297 dicere
2273 3248 2453 3309 potest
2484 3249 2697 3308 tempus
2725 3251 2823 3306 pro
2857 3246 3102 3306 tempore
3135 3237 3199 3290 de
3232 3251 3384 3290 more

1807 3334 1974 3389 fuisse
2004 3343 2302 3402 sumptum,
2335 3331 2479 3386 velut
2500 3331 3099 3403 plusquamperfectum
3134 3344 3232 3394 pro
3253 3344 3389 3397 pra:-

1807 3428 1987 3491 terito,
2024 3427 2276 3495 idemque
2303 3428 2495 3495 legem,
2524 3436 2644 3493 qttae
2676 3440 2823 3480 nunc
2857 3423 3100 3488 advenit,
3122 3405 3401 3492 tanquam.

1808 3519 1878 3574 ab
1911 3518 2070 3572 initio
2103 3517 2213 3572 Deo
2243 3516 2656 3587 beneplacitam,
2691 3517 2747 3571 in
2771 3527 3018 3587 tempore
3068 3519 3389 3586 plusquam-

1807 3611 2049 3683 perfecto
2067 3612 2281 3667 venisse
2295 3610 2462 3666 voluit
2483 3610 2747 3676 indicare,
2773 3610 2861 3666 hic
2879 3611 3179 3666 disserendi
3202 3660 3215 3671 ,
3228 3611 3390 3666 ﬁnem

1808 3708 2069 3762 facimus.

1880 3798 2006 3852 132.
2033 3797 2108 3851 Ex
2132 3796 2262 3851 Sion
2293 3798 2515 3853 venisse
2548 3795 2717 3868 legem
2773 3811 2804 3850 a
2856 3806 3013 3865 poeta
3080 3796 3390 3865 praedictam

1810 3878 2165 3945 sanctissimo
2220 3896 2490 3945 consonat
2545 3887 2873 3953 Evangelia:
2906 3890 3193 3959 oportebat
3245 3888 3421 3942 enim‘

1809 3981 1972 4035 etiam
2009 3980 2153 4033 illaut
2183 3994 2212 4032 a
2256 3978 2561 4033 Jerusalem
2600 3980 2861 4049 incipere,
2919 3991 3175 4045 tanquam
3215 3978 3393 4047 panni-

1811 4072 1992 4125 tentiae
2028 4079 2485 4138 peccatorumque
2530 4071 2876 4125 remissionis
2936 4071 3094 4124 nobis
3143 4084 3387 4125 causam.

1813 4161 1944 4215 Vide
1977 4174 2102 4214 vero
2155 4175 2343 4215 vocem
2395 4160 3022 4231 γλωσσοπυρσὸμορφος,
3081 4161 3390 4231 despectant

1810 4252 1919 4307 illis
1943 4252 2035 4322 qui
2063 4254 2130 4304 de
2156 4250 2529 4319 grammaticis
2560 4250 2723 4305 nimis
2756 4263 2804 4305 et
2862 4252 3134 4305 inutiliter
3185 4253 3390 4307 delica-

1814 4348 1982 4401 tiores
2012 4355 2160 4410 sunt,
2182 4360 2337 4398 sacro
2360 4358 2538 4398 autem
2572 4354 2743 4411 poet?
2766 4345 3009 4413 charam,
3039 4353 3092 4399 et
3126 4361 3218 4415 per
3241 4347 3392 4401 illum

1815 4438 2025 4508 pulchri
2048 4436 2357 4490 amantibus
2380 4435 2656 4492 dilectam.
2695 4437 2928 4491 Cuilibet
2954 4438 3101 4491 enim
3163 4439 3391 4503 rhetori,

1818 4532 1963 4586 sicut
1993 4531 2223 4586 honesto
2255 4530 2470 4584 exotico
2502 4528 2871 4600 Xenophonti,
2920 4531 3044 4585 licet
3104 4532 3395 4599 aliquoties

1819 4622 2024 4692 aliquid
2056 4637 2162 4677 non
2195 4623 2479 4691 probatum
2511 4624 2752 4677 seribere
2796 4622 2901 4676 sibi
2966 4625 3185 4692 placens
3236 4624 3396 4693 juxta

1820 4713 2108 4786 specialem
2146 4714 2541 4768 characterem.
2572 4711 2688 4766 Non
2726 4714 2891 4783 igitur
2943 4716 3152 4770 insulse
3208 4716 3398 4769 clami-

1821 4819 1998 4862 temus
2025 4807 2287 4861 adversus
2319 4805 2593 4859 hominem
2624 4821 2733 4860 non
2764 4808 3135 4877 ignorantem,
3168 4808 3288 4872 sed,
3340 4818 3405 4863 ut

1824 4903 1923 4972 ipsi
1956 4903 2191 4961 videtur,
2230 4900 2370 4967 quod
2403 4902 2544 4970 apud
2574 4904 2711 4955 alios
2776 4917 2879 4956 non
2939 4912 3023 4955 est
3093 4914 3399 4972 acceptum.

1822 4997 2126 5066 ebgentem.
2144 4986 2488 5048 Co‘nlidenter
2507 4994 2689 5065 igitur,
2708 5012 2743 5047 ο
2760 5009 2939 5064 poeta,
2962 5012 3221 5064 persones
3238 4998 3405 5052 etiam

1823 5086 1877 5141 in
1916 5090 2291 5156 sequentibus,
2323 5098 2379 5140 ut
2412 5087 2505 5141 tibi
2530 5087 2724 5156 placet,
2783 5088 2987 5141 dictum
3034 5091 3403 5157 ἁκτιστοσυμ-
3490 5124 3495 5127 ς

1828 5179 2483 5250 πλαστουργοσύνθρονον,
2534 5179 2677 5247 quod
2734 5194 2832 5231 nos
2892 5179 3115 5247 quidem
3172 5178 3401 5233 libenter

1825 5273 2130 5337 audiemus,
2161 5273 2384 5325 omnino
2448 5272 2762 5342 probantes,
2814 5272 3256 5343 celebrantesque
3318 5288 3404 5329 res

1826 5367 2202 5422 centissitnum
2234 5383 2475 5422 carmen.
2504 5368 2606 5434 Qui
2636 5384 2760 5422 vero
2815 5369 3055 5424 contenti
3102 5382 3209 5421 non
3253 5379 3402 5435 sunt,

1827 5463 2082 5515 obturent
2108 5474 2291 5525 aures,
2332 5470 2635 5529 nungentes
2683 5476 2775 5517 eas
2805 5476 2950 5529 cera,
2990 5461 3077 5517 vel
3121 5462 3256 5529 luto,
3295 5479 3407 5533 quo

1826 5555 1992 5609 etiam
2013 5553 2150 5607 bene
2170 5552 2482 5620 suntdigni.

1900 5644 2022 5699 153.
2054 5643 2359 5698 Notandum
2386 5653 2565 5698 autem
2596 5644 2737 5712 quod
2783 5644 2944 5699 etiam
2976 5645 3215 5715 gaudere
3246 5646 3398 5702 vide-

1832 5747 1919 5789 tnr
1948 5745 2104 5804 poeta
2158 5746 2345 5789 noster
2383 5735 2621 5789 dictione
2672 5735 2772 5804 τῆς
2831 5739 3068 5807 μορφῆς,
3109 5739 3415 5807 personalis

1828 5844 1987 5898 sane,
2019 5837 2278 5896 tanquam
2312 5840 2602 5895 personam
2654 5830 2793 5885 hanc
2818 5829 2922 5885 sibi
2978 5831 3286 5894 praelectam
3322 5849 3414 5890 su-
