3824 6540
330 371 431 432 lilii

1024 351 1450 432 EUSTATHII
1496 360 1940 429 Tnssssioa

2058 359 2274 422 ENSJS
2309 350 2875 420 METROPOLITB

3513 345 3615 410 1348

335 502 513 540 mens.
545 485 673 540 Ideo
702 501 852 556 smpe
889 487 1131 557 linguam
1166 487 1439 541 admovet.
1466 482 1546 539 Ad
1584 482 1755 547 illam,
1784 479 1925 534 indi-

2063 476 2224 530 εκτδν
2276 472 2429 546 αὐτῷ
2454 488 2470 507 ⁸
2506 470 2589 527 διδ
2617 471 2714 527 καὶ
2740 470 2915 543 συχνὰ
2949 467 3087 542 πρὸς
3144 466 3286 537 αὐτῇ
3350 465 3470 534 ἔχει
3520 466 3617 535 τὴν

335 577 659 630 canteinliie
692 578 855 629 etiam
886 576 939 629 in
991 576 1097 629 line
1146 591 1333 640 nexus,
1394 575 1476 627 vel
1528 573 1671 643 quod
1724 581 1915 623 natura

338 684 525 722 verum
557 677 660 730 est,
695 668 778 722 vel
814 668 960 739 quod
988 676 1072 723 est
1099 668 1251 739 juxta
1274 666 1534 737 spei-inm,
1569 674 1627 718 iit
1650 662 1919 730 εἱιγὶωσ-

341 761 797 833 συπυρσόμορφος
834 762 1028 830 gratia,
1066 776 1187 830 quae
1215 773 1311 829 per
1340 758 1535 813 rubras
1555 757 1768 825 linguas
1785 769 1923 809 con-

346 856 575 925 ligurata
597 865 682 909 est
704 855 1003 910 secundum
1034 854 1335 923 exemplar,
1369 860 1423 905 et
1448 852 1521 905 ita
1552 850 1740 903 lumini
1772 849 1921 919 facta

341 949 559 1012 similis,
623 948 689 1001 ad
759 946 928 1002 divini
990 946 1214 1001 luminis
1264 943 1659 1007 ostensionem,
1718 941 1919 1011 πυρσῷ

343 1041 664 1108 simpliciter
692 1048 915 1109 accepto
947 1053 1044 1108 pro
1077 1038 1320 1105 lumine;
1346 1036 1468 1091 aliis
1507 1049 1687 1090 autem
1718 1036 1918 1099 verbis,

346 1134 736 1200 π’)ρσόμορφος
763 1139 848 1184 est
875 1132 973 1184 ista
1005 1132 1206 1199 gratia,
1242 1144 1363 1198 qua:
1404 1127 1669 1198 πυρωπός
1734 1128 1923 1197 sicque

346 1223 516 1274 facem
550 1230 663 1275 tnui
700 1222 933 1286 imitata,
992 1221 1203 1290 linguas
1244 1220 1443 1291 ignitas
1493 1219 1871 1286 eoniigurabat
1903 1234 1918 1283 ;

348 1314 549 1382 quibus
580 1314 804 1384 linguis,
835 1313 1009 1383 ignari
1037 1313 1257 1381 quidem
1313 1311 1444 1366 lacti
1476 1312 1774 1381 sapientes,
1808 1324 1923 1366 ser-

346 1419 537 1485 iaoues
599 1406 770 1459 honos
824 1416 878 1459 et
942 1420 1067 1459 vere
1121 1404 1398 1474 sapientes
1445 1413 1501 1457 et
1550 1403 1924 1457 divinissimos

350 1498 785 1562 adinvcneruiit;
827 1496 1132 1565 philosophi
1170 1511 1319 1560 vero,
1354 1494 1661 1550 adhaerente
1717 1498 1924 1565 gutturi

350 1594 613 1660 cujusque
644 1590 848 1659 lingua,
877 1590 1059 1644 inania
1104 1590 1536 1643 balbutivi-ruut.

716 1681 1055 1749 .Troparium
1093 1683 1113 1734 l
1149 1681 1264 1735 adre
1315 1680 1534 1749 quinta'.

490 1777 641 1831 Sicut
673 1776 895 1845 dignum
931 1775 1100 1828 voluit
1121 1783 1313 1843 sponte
1341 1788 1440 1827 sua
1474 1771 1787 1836 liberaliter,

421 1869 652 1921 Domino
688 1882 881 1921 carens
912 1866 1194 1921 descendit
1220 1864 1456 1935 Spiritus
1490 1880 1521 1920 a
1548 1866 1707 1920 Patre
1728 1904 1746 1931 ,

302 1972 313 1991 α
423 1958 709 2028 Sapientes
749 1958 954 2012 faciens
988 1958 1039 2010 in
1076 1956 1277 2025 linguis
1312 1957 1613 2027 apostolos,

424 2053 681 2119 Sigillans
710 2052 764 2104 iu
794 2050 898 2103 illis
932 2048 1231 2103 vitaelerum
1264 2049 1511 2110 verbum,

423 2144 465 2197 A
501 2143 661 2197 Patre
693 2140 996 2211 pariiormi,
1037 2140 1182 2210 quod
1217 2141 1468 2194 Salvator
1495 2138 1653 2194 dixit.

428 2236 549 2288 154.
579 2236 632 2287 lii
671 2237 771 2287 hac
818 2236 1042 2302 stropha
1100 2233 1273 2287 sancti
1313 2232 1547 2302 Spiritus
1599 2233 1922 2288 descensum

357 2325 731 2393 philosophice
758 2332 955 2376 tractat
977 2332 1159 2392 poeta,
1182 2324 1384 2376 docens
1417 2322 1564 2392 quod
1593 2337 1701 2377 non
1758 2323 1930 2377 servi-

357 2416 476 2466 liter
503 2414 737 2481 desupcr
761 2413 966 2466 missus
1001 2420 1084 2466 est
1108 2410 1174 2465 ad
1202 2412 1479 2481 apostolos
1508 2411 1562 2466 in
1581 2412 1924 2467 ethnicorum

354 2514 808 2575 coiigregatorum
840 2503 1148 2564 utilitatem,
1204 2502 1321 2569 sed,
1379 2503 1577 2573 inquit,
1612 2504 1754 2558 sicut
1793 2506 1930 2559 bene

356 2597 578 2666 placuit,
614 2596 837 2667 proprio
859 2612 991 2651 sane
1055 2596 1256 2665 placito
1308 2596 1694 2666 communique
1725 2608 1930 2651 sancta:

356 2689 633 2751 Triiiitati,
662 2704 850 2743 verum
876 2688 1039 2742 etiam
1068 2698 1260 2756 sponte
1299 2702 1399 2741 sua
1435 2690 1706 2759 plenaque
1739 2691 1929 2744 volun-

360 2791 467 2835 tate
501 2796 531 2834 a
566 2780 726 2835 Patre
751 2779 1055 2843 descendit,
1079 2779 1369 2847 siquidem,
1400 2788 1457 2832 ut
1479 2781 1619 2834 idem
1647 2780 1927 2850 placitum,

358 2872 440 2928 sic
468 2885 688 2941 quoque
719 2880 957 2939 potestas
980 2869 1169 2923 eadem
1193 2884 1257 2923 ac
1296 2869 1449 2924 idem’
1472 2870 1785 2925 dominatus
1848 2879 1933 2927 est

358 2975 414 3019 et
439 2964 586 3018 Patri
612 2966 773 3017 talem
825 2963 1147 3016 descensum
1206 2962 1607 3031 comprobanti,
1662 2961 1930 3033 Filioque,

363 3070 429 3110 ac
453 3054 655 3125 pariter
676 3062 867 3108 sancto
891 3052 1145 3124 Spiritui.
1179 3051 1466 3108 Descendit
1494 3064 1699 3121 autem,
1736 3055 1936 3124 inquit,
1967 3093 2011 3150 ο

364 3148 624 3203 erudiens
652 3148 705 3199 in
737 3146 957 3214 linguis,
992 3145 1107 3200 sive
1126 3160 1223 3215 per
1252 3144 1464 3212 linguas
1486 3146 1704 3215 igiiitas,
1741 3148 1941 3216 quibus

365 3236 777 3307 signiﬁcabatur
822 3235 1059 3304 Spiritus
1116 3242 1377 3300 sanctus,
1424 3235 1720 3305 apostolos,
1778 3245 1942 3306 atque

364 3335 590 3396 docens,
650 3343 747 3383 seu
802 3326 1139 3382 conﬁrmans
1204 3326 1549 3381 saltitilerum
1606 3342 1940 3393 sermonem,

363 3439 525 3494 quem
595 3420 845 3475 Salvator
906 3420 1063 3486 dixit,
1119 3418 1233 3474 sive
1285 3433 1591 3474 sermonem
1650 3418 1944 3474 Salvatoris

363 3513 594 3577 Christi,
622 3513 890 3568 veraciter
921 3511 1280 3565 allirmautem
1313 3522 1603 3565 venturum
1630 3526 1751 3566 esse
1778 3510 1946 3565 Para-

365 3606 595 3673 cletum,
632 3604 896 3673 Spiritum
930 3602 1197 3666 veritatis,
1239 3602 1294 3655 in
1340 3603 1641 3671 apostolos,
1673 3610 1728 3657 et
1783 3601 1946 3655 indu-

369 3704 583 3747 i-turum
647 3708 745 3748 eos
791 3692 845 3746 iii
898 3707 1117 3747 omnem
1174 3695 1483 3747 veritatem.
1529 3692 1713 3746 Talem
1765 3703 1944 3747 autem

373 3787 496 3840 Filii
530 3799 837 3840 sermonem
866 3786 1031 3838 etiam
1082 3783 1428 3855 πατροσθενῆ
1458 3794 1633 3848 vocat,
1688 3795 1945 3853 tanquam

370 3879 567 3931 exinde
602 3877 705 3930 vim
733 3877 985 3930 ellicaciae
1010 3886 1324 3942 tenentem;
1355 3886 1409 3930 et
1436 3874 1759 3946 ξύμμορφον
1801 3875 1946 3931 νει-ί⁸

374 3982 505 4034 tate,
547 3973 663 4026 sive
689 3970 780 4023 isti
812 3968 989 4023 Verbo
1010 3978 1064 4023 et
1096 3967 1257 4033 Filio,
1311 3968 1405 4038 qui
1433 3977 1522 4024 est
1560 3970 1675 4037 ipsa
1728 3970 1947 4033 veritas,

374 4066 490 4119 sive
565 4062 764 4132 aequali
817 4062 983 4128 Patri,
1017 4062 1139 4118 loco
1193 4061 1451 4115 dictionis
1502 4063 1748 4132 συμφυῆ,
1797 4064 1951 4131 juxta

380 4156 745 4224 signiﬁcatum
831 4152 1069 4222 μορφῆς,
1147 4154 1290 4221 quod
1376 4165 1625 4208 naturain
1708 4156 1948 4221 indicat;

379 4264 503 4301 nam
580 4245 763 4301 omnia
837 4260 1179 4315 quaecunque
1250 4254 1427 4314 potest
1502 4248 1644 4301 Deus
1690 4256 1745 4299 et
1805 4262 1952 4315 quie-

378 4355 596 4409 cuiique
628 4338 895 4392 naturalia
933 4348 1063 4392 sunt
1111 4338 1188 4402 ei,
1218 4336 1343 4391 Filii
1369 4352 1585 4407 quoque
1610 4346 1760 4391 sunt.
1797 4335 1955 4390 Vide-

2024 567 2303 636 γλῶσσαν,
2333 565 2571 638 δηλούσῃ
2604 564 2700 618 καὶ
2725 562 2962 618 ενταῦθα
2994 562 3053 615 ἐν
3081 557 3161 630 τῷ
3185 558 3332 613 τέλει
3367 557 3468 612 τοῦ
3503 557 3619 626 alp-

1976 702 1979 703 ν
2032 657 2157 729 μοῦ,
2198 657 2317 728 ῆτὸ
2353 656 2515 727 φύσει
2553 654 2836 726 ἀληθὲς,ῆ
2865 652 2926 706 τὸ
2983 650 3127 707 κατὰ
3178 648 3338 713 εἶδος,
3378 648 3474 703 ινα
3532 646 3616 719 εἴη

2022 750 2659 821 γλωσσοπυρσόμορφος,
2684 750 2718 820 ἡ
2770 747 2859 801 διὰ
2886 745 3113 816 πυρσῶν
3149 741 3416 813 γλωσσῶν
3475 757 3613 811 μορ-

2026 843 2297 912 φασθείσα
2329 842 2466 913 πρὸς
2503 840 2754 910 ῐνδαλμα,
2785 838 2864 901 ὡς
2891 838 3042 907 ἐξῆν,
3079 834 3173 889 καὶ
3208 833 3354 887 οὕτω
3386 848 3620 901 φωτοειο

2023 933 2119 1002 δὴς
2148 934 2287 1005 πρὸς
2316 930 2547 997 ἔνδειξιν
2588 932 2866 986 θειοτάτου
2927 926 3129 996 φωτὸς,
3194 924 3619 995 λαμϐανομένου

2024 1024 2120 1078 τοῦ
2161 1024 2373 1095 πυρσοῦ
2400 1022 2587 1086 ἁπλῶς
2620 1024 2743 1076 ἀντὶ
2780 1020 2960 1090 φωτός
2985 1036 3002 1053 ·
3037 1018 3133 1072 καὶ
3158 1017 3335 1079 ἄλλως
3358 1014 3417 1067 δὲ
3475 1013 3621 1083 φρα-

2028 1135 2116 1170 σαι
2150 1118 2543 1187 πυρσόμορφος
2572 1115 2890 1185 Πνεύματος
2921 1113 3099 1183 χάρις.
3135 1112 3169 1181 ἡ
3228 1108 3500 1179 πυρωπδς
3532 1106 3623 1159 καὶ

2025 1209 2170 1264 οὕτω
2201 1211 2408 1281 πυρσὸν
2448 1211 2570 1264 τότε
2602 1207 3083 1278 ίνδάλλουσα,ῆτις
3115 1206 3209 1259 καὶ
3231 1204 3492 1273 γλώσσας
3528 1216 3625 1253 πυ-

2028 1301 2182 1373 ρίνας
2212 1302 2517 1372 ὲμόρφαζεο
2536 1302 2604 1355 δι’
2621 1294 2697 1354 ὧν
2721 1300 2982 1370 γλωσσῶν
3004 1299 3359 1368 ἀγράμματοι
3388 1293 3496 1365 μὲν
3542 1308 3626 1345 σο-

2028 1395 2336 1463 φισθέντες,
2378 1396 2576 1465 λόγους
2623 1394 2862 1463 ἀγαθοὺς
2895 1391 2991 1447 καὶ
3034 1390 3114 1461 τῷ
3152 1390 3266 1442 δντι
3298 1386 3504 1455 σοφοὺς
3531 1383 3625 1437 καὶ

2026 1482 2336 1547 θειοτάτους
2360 1484 2726 1555 ὲξηρεύξαντο
2747 1499 2762 1514 ο
2784 1482 3063 1551 φιλόσοφοι
3083 1478 3140 1531 δὲ
3159 1475 3529 1547 κολληθεξσῆς
3549 1471 3625 1541 τῷ

2026 1574 2262 1645 λάρυγγι
2316 1576 2417 1643 τῆς
2465 1576 2717 1645 γλώσσης
2769 1576 3009 1644 ἑκάστῳ,
3068 1571 3201 1625 κενᾶ
3228 1568 3623 1635 ὲϐαττάρισαν.

2216 1667 2544 1735 Τροπάριον
2562 1666 2800 1734 πρῶτον
2820 1666 2931 1733 τῆς
2954 1664 3234 1733 πέμπτης
3254 1658 3438 1729 ᾠδῆς.

1963 1736 2002 1791 Β
2038 1754 2152 1811 ΧΠ.
2210 1756 2407 1819 Καθώς
2439 1774 2545 1827 περ
2573 1759 2867 1825 εὐδόκησεν
2896 1755 3258 1818 αὐτεξουσίως

2228 1850 2555 1903 Ἀδέσποτον
2589 1851 2803 1904 κάτεισι
2840 1846 3066 1917 Πνεῦμα
3107 1844 3402 1915 πατρόθεν,

2216 1942 2450 2011 Σοφίζον
2482 1942 2541 1997 ἑν
2571 1941 2851 2013 γλώσσῃσι
2880 1942 3010 2003 τούς
3038 1938 3393 2000 ἀποστόλους,

2231 2033 2663 2103 Ἐπισφραγίζον
2692 2034 2782 2087 τὸν
2816 2034 3108 2106 φερέσϐιον
3142 2031 3302 2100 λόγον

2222 2127 2569 2196 Πατροσθενῆ
2601 2128 2923 2197 ξύμμορφον
2954 2128 3010 2180 ὃν
3037 2124 3227 2195 Σωτὴρ
3248 2124 3376 2193 ἔφη.

2117 2220 2246 2289 ρλδ¹.
2276 2222 2386 2291 Ὶὴν
2415 2220 2510 2273 τοῦ
2533 2222 2692 2284 ἁγίου
2720 2223 3035 2288 ΙΙνεύματος
3064 2221 3091 2272 ὀ
3122 2216 3358 2287 μελῳδὸς
3398 2212 3625 2283 φιλοσο-

2045 2316 2135 2380 φεῖ
2150 2312 2372 2367 κάθοδον
2390 2316 2447 2367 ὲν
2466 2313 2543 2383 τῷ
2569 2314 2908 2384 ἀνακειμένῳ
2927 2313 3229 2381 τροπαρὲῳ,
3249 2308 3524 2361 διδάσκων
3545 2306 3628 2359 ὅτι

2045 2405 2106 2456 οὐ
2134 2404 2393 2467 δουλικῶς
2416 2405 2675 2474 ἐπέμφθη
2701 2403 2915 2459 ἄνωθεν
2955 2405 3034 2467 εἰς
3063 2405 3190 2465 τούς
3226 2400 3477 2471 μαθητὰς
3536 2399 3624 2451 ἐπ’

2045 2498 2318 2566 ὠφέλειαν
2337 2498 2445 2551 τῶν
2470 2496 2900 2567 συνειλεγμένων
2922 2495 3173 2558 ἐθνικῶν,
3193 2494 3329 2548 ἀλλὰ
3345 2492 3626 2561 καθάπερ,

2050 2592 2239 2660 φησιν,
2265 2590 2581 2659 εὐδόκησεν,
2610 2590 2718 2663 ίδίᾳ
2741 2608 2801 2645 τε
2851 2588 3054 2661 δηλαδὴ
3081 2588 3301 2660 εὐδοκία
3332 2588 3427 2641 καὶ
3468 2588 3626 2656 κοινῇ

2045 2683 2100 2735 δὲ
2130 2684 2270 2738 κατὰ
2293 2683 2389 2748 τὴν
2423 2683 2584 2751 ἁγίαν
2632 2684 2860 2753 Τριάδα,
2912 2682 3049 2736 ἀλλὰ
3112 2683 3211 2735 καὶ
3258 2676 3629 2744 αὐτεξουσίως

2052 2776 2146 2828 καὶ
2173 2775 2471 2830 ἀδέσποτον
2502 2774 2829 2846 κατέρχεται
2862 2772 3135 2844 πατρόθεν
3157 2786 3173 2803 ⁸
3204 2772 3282 2835 ῶς
3306 2772 3407 2839 τῆς
3455 2767 3629 2835 αὐτῆς

2047 2867 2191 2921 καθὰ
2224 2866 2475 2929 εὐδοκίας
2522 2866 2667 2921 οῦτω
2722 2866 2816 2920 καὶ
2868 2864 3115 2930 ἐξουσίας
3164 2862 3260 2917 καὶ
3309 2858 3630 2921 δεσπιτείας

2047 2958 2235 3029 οὔσης,
2270 2960 2362 3012 καὶ
2379 2959 2459 3030 τῷ
2482 2959 2582 3028 τὴν
2613 2958 2875 3029 τοιαύτην
2909 2955 3137 3013 κάθοδον
3188 2952 3630 3021 συναποδεχομέ·

2046 3071 2122 3123 νῳ
2160 3052 2356 3124 Πατρὶ,
2388 3052 2480 3105 καὶ
2511 3049 2588 3123 τῷ
2616 3050 2730 3122 Υίῷ
2761 3049 2819 3103 δὲ
2839 3049 3030 3121 ῶσπερ
3057 3049 3152 3103 καὶ
3184 3046 3264 3119 τῷ
3289 3048 3432 3117 ἁγίῳ
3455 3044 3627 3099 Πνεύ·

2047 3162 2179 3215 ματι
2208 3161 2222 3175 ·
2258 3144 2588 3215 κατέρχεται
2638 3143 2719 3211 δὲ,
2776 3144 2935 3213 φησὶ,
2984 3139 3207 3210 σοφίςον
3237 3141 3294 3192 ὲν
3325 3137 3623 3207 γλώσσαις,

2044 3237 2214 3304 ῆγουν
2250 3233 2340 3288 διὰ
2371 3233 2636 3302 γλωσσῶν
2668 3234 2932 3304 πυρίνων,
2962 3228 3051 3297 αἷς
3078 3232 3142 3286 τὸ
3187 3232 3348 3301 ἇγιον
3393 3230 3624 3300 ἐσημαί-

2046 3343 2170 3380 νετο
2198 3326 2446 3398 Πνεῦμα,
2500 3327 2632 3390 τούς
2685 3326 3025 3389 ἀποστόλους
3086 3326 3183 3380 καὶ
3226 3322 3626 3395 ὲπισφραγίζον

2044 3420 2165 3491 ῆτοι
2194 3418 2445 3490 βεϐαιοῦν
2470 3418 2561 3472 τὸν
2601 3418 2893 3490 φερέσϐιον
2921 3419 3105 3487 λόγον,
3130 3417 3192 3472 δν
3219 3420 3248 3472 ό
3281 3417 3475 3488 Σωτὴρ
3496 3416 3621 3485 ἐφη,

2045 3512 2214 3582 ῆγουν
2242 3512 2336 3566 τὸν
2363 3510 2460 3565 τοῦ
2484 3510 2736 3582 Σωτῆρος
2767 3509 3029 3579 Χριστοῦ,
3062 3510 3155 3563 τὸν
3184 3508 3403 3581 ἀληθῶς
3442 3509 3623 3561 εἰπόν-

2046 3623 2115 3658 τα
2143 3604 2461 3659 ἐλεύσεσθαι
2496 3604 2588 3658 τὸν
2613 3603 2994 3675 Παρακλητον,
3023 3602 3084 3656 τὸ
3120 3600 3351 3673 Πνεῦμα
3378 3604 3476 3671 τῆς
3497 3601 3625 3671 ain.

2049 3697 2200 3761 θείας
2230 3698 2323 3751 ἰπὶ
2350 3699 2481 3761 τούς
2511 3696 2782 3770 μαθητὰς,
2820 3698 2915 3751 καὶ
2966 3695 3259 3768 ὀδηγήσειν
3304 3696 3501 3758 αὐτοὺς
3546 3696 3622 3757 είς

2052 3790 2231 3843 πᾶσαν
2252 3789 2535 3861 ἀλήθειαν.
2562 3789 2669 3843 Τὸν
2730 3789 2789 3843 δι
2840 3787 3083 3843 τοιοῦτον
3129 3788 3226 3843 τοῦ
3279 3787 3411 3842 Υίοῦ
3471 3788 3622 3856 λόγον

2052 3879 2147 3932 καὶ
2197 3878 2546 3951 πατροσθενῆ
2604 3877 2887 3950 ὀνομάζει,
2941 3878 3020 3942 ὡς
3066 3878 3284 3934 ἐκεῖθεν
3331 3878 3522 3950 έχοντα
3566 3878 3619 3931 τὸ

2052 3974 2175 4026 κατ’
2208 3973 2495 4043 ἐνέργειαν
2522 3971 2727 4038 σθένος,
2753 3972 2848 4025 καὶ
2871 3970 3197 4043 ξύμμορφον
3220 3972 3309 4025 διὰ
3348 3972 3448 4041 τὴν
3496 3969 3615 4038 ἁλή-

2054 4065 2227 4130 θειαν,
2262 4064 2293 4131 ῆ
2325 4066 2519 4135 ἐκείνῳ
2556 4063 2634 4133 τῷ
2657 4066 2819 4135 Λόγῳ
2846 4066 2941 4117 καὶ
2976 4063 3088 4134 Υίῷ
3118 4066 3185 4132 τῇ
3243 4062 3608 4132 αὐτοαληθεέᾳ,

2053 4157 2086 4227 ῆ
2115 4156 2195 4227 τῷ
2234 4157 2335 4226 ῐσῳ
2358 4156 2534 4227 Πατρί
2562 4172 2577 4187 ·
2603 4158 2726 4210 ἀντὶ
2764 4156 2859 4210 τοῦ
2892 4157 3139 4227 συμφυῆ,
3164 4155 3308 4211 κατὰ
3335 4156 3399 4210 τδ
3429 4172 3611 4225 σημαι-

2055 4249 2282 4319 νόμενον
2312 4250 2412 4318 τῆς
2444 4247 2682 4318 μορφῆς,
2717 4246 2746 4300 δ
2777 4247 3059 4317 τὴνφύσιν
3081 4246 3238 4319 δῆλοί
3262 4262 3277 4278 ’
3312 4246 3492 4301 πάντα
3516 4246 3611 4314 γὰρ

2055 4340 2155 4393 ὃσα
2185 4357 2241 4393 τε
2274 4341 2450 4393 σθένει
2479 4342 2508 4392 ό
2544 4339 2731 4410 Πατὴρ
2766 4340 2860 4393 καὶ
2905 4340 3007 4392 ὅσα
3060 4342 3427 4409 συμπέφυκεν
3481 4336 3615 4406 αὐτῴ

381 4441 471 4486 tur
494 4448 639 4485 enim
674 4432 893 4500 sapiens
925 4440 1078 4500 poeta
1143 4439 1330 4484 noster
1377 4433 1429 4482 vi
1463 4445 1656 4498 cogere
1715 4432 1940 4484 voluisse

2058 4436 2130 4496 ὡς
2156 4432 2447 4487 πανσθενεί
2466 4432 2608 4501 Θεῷ,
2657 4429 2883 4485 καὶτοῦ
2939 4430 3072 4484 Υίοῦ
3125 4434 3271 4485 εἰσι·
3327 4430 3475 4485 δοκεῖ
3520 4429 3619 4499 γὰρ

379 4540 503 4595 qua:
529 4535 655 4581 sunt
690 4522 834 4587 Filii,
862 4523 975 4576 sive
1006 4524 1267 4575 virtutem
1293 4538 1321 4574 a
1353 4523 1530 4584 Patre,
1565 4522 1615 4573 id
1639 4534 1740 4584 est,
1804 4533 1952 4591 pote-

382 4628 579 4671 statein
642 4615 784 4667 l’atri
843 4613 1195 4679 concordem,
1257 4604 1489 4682 etquod
1523 4623 1605 4666 est
1661 4628 1786 4666 cum
1840 4621 1955 4683 ipso

384 4709 762 4771 coniiaturalc,
813 4705 1223 4773 ierventiusque
1280 4706 1518 4757 sermoni
1570 4706 1638 4757 ab
1692 4706 1797 4758 isto
1840 4722 1957 4760 sive

386 4800 523 4856 Filio
556 4798 781 4850 tlrmiter
840 4795 1118 4864 promisso
1178 4810 1243 4848 ac
1279 4793 1564 4849 verissimo
1622 4796 1953 4849 coadunare.

389 4892 536 4945 Talis
560 4900 664 4954 est,
690 4896 956 4956 quantum
996 4886 1150 4941 nobis
1172 4886 1475 4957 intelligere
1498 4885 1681 4956 datur,
1722 4891 1959 4957 stropha:

390 4998 609 5045 sensus,
660 4982 814 5051 juxta
858 4977 1118 5034 traditum
1178 4977 1349 5047 ipsius
1408 4986 1636 5032 textum.

466 5164 592 5219 155.
621 5163 677 5216 Si
710 5162 832 5231 quis
860 5169 1040 5215 autem
1067 5159 1341 5215 viviﬂcum
1402 5174 1710 5215 sermonem
1782 5160 1960 5231 ipsum

402 5256 496 5310 Dei
520 5255 698 5308 Patris
736 5252 933 5307 Filium
964 5267 1084 5307 esse
1114 5265 1312 5322 putans
1335 5253 1399 5305 ad
1430 5252 1580 5307 illum
1613 5253 1817 5307 referre
1837 5256 1965 5307 velit

393 5351 708 5405 dictiones:
741 5344 1087 5414 πατροσθενῆ
1120 5353 1175 5397 et
1242 5344 1588 5415 ξύμμορφον,
1639 5359 1748 5400 non
1806 5346 1964 5401 facile

394 5443 616 5512 poterit,
647 5448 799 5508 puto,
824 5443 977 5504 juxta
1010 5440 1167 5490 talem
1204 5453 1426 5490 sensum
1466 5439 1572 5491 illis
1625 5440 1963 5507 conjungere

392 5535 726 5588 dictionem:
760 5532 819 5583 ὃν
850 5531 1039 5600 Σωτὴρ
1083 5530 1209 5599 ἔφη.
1262 5532 1453 5584 Melius
1486 5540 1632 5586 esset
1664 5532 1731 5585 ad
1790 5534 1965 5586 facilis

396 5628 679 5678 sententiae
712 5625 1125 5693 dispositionem
1156 5624 1202 5675 si
1230 5628 1354 5690 quis
1382 5625 1643 5677 scriberet
1672 5634 1818 5678 recto
1843 5641 1965 5695 ⁵,ηο-

401 5720 768 5784 iiiiiiativoque
824 5732 1010 5770 casu:
1078 5715 1449 5786 πατροσθενῆς
1504 5715 1843 5787 ξύμμορφος,
1905 5732 1963 5773 ut

395 5813 927 5863 coutiruieisaiictus
956 5806 1191 5876 Spiritus
1250 5809 1521 5864 i'ii'illcuui
1581 5811 1957 5866 verissimum-

2056 4524 2310 4594 ἐθελῆσαι
2339 4523 2631 4594 βιάσασθαι
2662 4524 2875 4594 ὁσοφδς
2935 4522 3155 4593 μελικὸς
3206 4516 3363 4585 οὗτος
3416 4524 3482 4576 τὰ
3533 4522 3616 4574 τοῦ

2057 4618 2208 4684 Υίοῦ,
2234 4619 2402 4689 ῆγουν
2430 4618 2490 4671 τὸ
2524 4618 2911 4686 πατροσθενὲς,
2944 4618 3224 4671 τουτέστιν
3255 4616 3526 4678 ίσοσθενὲς
3550 4614 3617 4682 τῷ

2061 4712 2256 4782 Πατρὶ,
2287 4713 2378 4762 καὶ
2416 4712 2476 4762 τὸ
2501 4713 2636 4780 πρὸς
2685 4712 2895 4762 ἐκεῖνον
2942 4709 3209 4779 συμφυὲς,
3274 4711 3372 4762 καὶ
3413 4708 3489 4777 τῷ
3535 4704 3619 4760 ὐπ’

2061 4801 2271 4854 ἐκείνου
2341 4800 2515 4869 ἧγουν
2569 4798 2661 4851 τοῦ
2724 4797 2855 4850 Υίοῦ
2914 4798 3227 4867 βεϐηκότως
3273 4798 3619 4867 ὐπεσχημένῳ

2061 4896 2156 4947 καὶ
2202 4882 2555 4963 ἀληθεστάτῳ
2602 4892 2749 4961 λόγῳ
2804 4892 3137 4962 θερμότερον
3190 4894 3616 4961 πρασαρμόσαι·

2062 4988 2155 5040 καὶ
2182 4986 2427 5055 τοιαύτη,
2456 4987 2554 5039 ὅσα
2580 5002 2644 5053 γε
2697 4986 2845 5054 ἡμᾶς
2908 4984 3210 5051 ἐπιϐαλεῖν,
3259 4986 3293 5055 ἡ
3334 4986 3507 5038 ἔννοια
3551 4980 3619 5050 τῷ

2062 5079 2364 5149 τροπαρίῳ,
2396 5081 2535 5132 κατά
2565 5078 2664 5148 τῆν
2691 5079 3170 5147 προενηνεγμένην
3200 5079 3420 5148 γραφὴν
3448 5076 3618 5130 αὐτοῦ.

2139 5174 2265 5243 ρλε⁹.
2299 5173 2356 5223 Ei
2386 5171 2442 5223 δέ
2464 5188 2548 5234 τις
2574 5170 2865 5239 φερέσϐιον
2887 5170 3045 5238 λόγον
3078 5170 3241 5222 αὐτὸν
3264 5172 3359 5222 τὸν
3386 5168 3478 5222 τοῦ
3499 5165 3621 5221 Θεοῦ

2065 5266 2281 5331 Πατρδς
2320 5266 2519 5333 νοήσας
2538 5261 2687 5327 Υίὸν,
2714 5262 2963 5331 ἐθελήσει
3027 5262 3164 5332 πρὸς
3218 5262 3387 5315 αὐτὸν
3434 5263 3621 5314 ἐκεῖνον

2067 5357 2401 5426 συμϐιϐάσαι
2432 5356 2490 5407 τὸ
2518 5355 2864 5424 πατροσθενῆ
2893 5354 2986 5407 καὶ
3021 5353 3370 5424 ξύμμορφον,
3403 5356 3499 5407 οὐκ
3540 5353 3617 5415 ἂν,

2066 5443 2243 5516 οἶμαι,
2276 5446 2565 5516 δυνήσεται
2599 5446 2733 5516 ῥᾷον
2782 5444 3049 5515 κολλῆσαι
3080 5444 3265 5507 αὐτοῖς
3322 5449 3458 5514 πρὸς
3510 5442 3620 5495 νοῦν

2067 5539 2310 5590 τοιοῦτον
2336 5542 2429 5590 καὶ
2457 5540 2537 5604 τὸ,
2568 5537 2627 5590 δν
2651 5538 2841 5611 Σωτὴρ
2872 5536 2999 5607 ἔφη.
3021 5536 3120 5608 Ετη
3142 5537 3201 5590 δὲ
3224 5538 3293 5591 ἂν
3318 5538 3525 5591 κάλλιον
3552 5536 3621 5595 είς

2068 5635 2413 5704 ἀπαρτισμὸν
2472 5632 2835 5701 εὶοδουμένης
2904 5633 3134 5695 ἑννοίας,
3190 5633 3246 5685 ετ
3308 5648 3393 5695 τις
3440 5628 3619 5699 γράψει

2070 5728 2207 5778 κατὰ
2233 5725 2397 5794 ὀρθὴν
2434 5724 2526 5777 καὶ
2556 5724 2769 5776 εὐτιεῖαν
2814 5724 3045 5789 πτῶσιν,
3080 5722 3456 5793 πατροσθενὴς
3502 5722 3620 5789 ξύμ-

2072 5835 2296 5886 μορφος,
2322 5819 2405 5869 ἵνα
2434 5815 2811 5889 ἑπισφραγίζῃ
2844 5817 2903 5869 τὸ
2924 5814 3079 5885 ἅγιον
3105 5813 3355 5886 Πνεῦμα,
3383 5815 3468 5869 τὸν
3499 5812 3619 5880 ζωῆ-
