3824 6598
200 485 287 547 M9

969 471 1053 535 ῐΝ
1095 463 1428 535 ΗΥΜΝΠΜ
1468 471 2108 534 PENTECOSTALEM
2157 471 2608 533 DAMASCENI.

3285 471 3393 537 650

199 595 336 662 φέρον
361 591 444 641 καὶ
465 584 829 655 ἀλὴθέστατον
864 585 1194 654 προφορικδν
1226 584 1403 651 λόγον,
1435 585 1494 638 ὃν
1523 587 1550 637 6
1602 584 1717 638 Σω-

1849 595 1930 647 |ue
1982 581 2252 635 verbalem
2328 597 2660 652 sermonem,
2732 597 2892 652 quem
2951 583 3088 639 dixit
3141 584 3396 641 Salvator

197 684 280 750 κὴρ
309 677 524 748 Χριστδς
554 676 682 744 ἔφη,
707 677 735 728 6
759 675 854 727 καὶ
881 675 1254 745 πατροσθενὴς
1293 675 1619 748 ξύμμορφος
1649 675 1724 746 τῷ

198 772 342 840 Πατρὶ
363 769 574 837 δηλαδή.
617 767 832 844 Τούτων
863 769 920 821 δὲ
947 767 1090 844 οὕτω
1115 768 1513 838 προσεπιϐεὸλη
1526 769 1722 838 μένων,

200 864 290 915 tesi
317 861 465 913 καλόν
487 862 603 912 ἐστι
625 860 719 913 καὶ
753 860 821 912 τὰ
840 859 980 914 κατὰ
1011 859 1178 929 μέρος
1206 861 1600 929 ἐπισκέψασθαι
1630 862 1724 913 τοῦ

195 954 454 1024 τροπιρίου
489 952 758 1023 σηνήθως,
793 954 967 1006 ἰστέον
1003 955 1085 1008 ὃτι
1139 953 1200 1006 τὸ
1263 953 1447 1016 καθώς
1503 971 1630 1023 περ,
1676 955 1724 1006 εἰ

195 1049 271 1100 καὶ
297 1047 361 1115 μὴ
395 1045 536 1097 πάνυ
567 1048 853 1113 τέτριπται
883 1048 994 1110 τοῖς
1049 1046 1216 1100 πάλαι
1261 1047 1538 1116 ῥήτορσιν,
1591 1047 1728 1100 ἀλλὰ

194 1139 490 1208 προτιμᾶται
513 1124 674 1191 αὑτοῦ
703 1139 766 1190 τὸ
789 1138 1061 1208 καθάπερ,
1091 1137 1279 1206 ὥσπερ
1311 1140 1403 1190 καὶ
1428 1136 1522 1190 τοῦ
1547 1137 1727 1200 καθὼς

191 1231 238 1282 τὶ
261 1229 403 1292 καῡὰ,
443 1229 594 1294 ὅμως
624 1231 652 1282 6
692 1229 930 1300 μελῳδὸς
993 1230 1082 1282 διὰ
1123 1230 1181 1282 τὸ
1237 1230 1432 1301 μέτρον
1479 1230 1573 1282 καὶ
1630 1231 1728 1298 τήν

195 1323 458 1388 πάγκοινον
486 1319 687 1389 χρῆσιν
718 1321 812 1372 καὶ
834 1314 1099 1391 ἀγίαν,ἧς
1120 1319 1180 1372 τὸ
1208 1319 1387 1382 καθὼς
1417 1320 1727 1374 ἀπέσταλκέ

191 1428 246 1478 με
299 1411 326 1462 6
356 1410 566 1480 Πατὴρ,
615 1414 904 1480 προέκρινε
957 1411 1018 1464 τὸ
1066 1411 1248 1473 καθώς
1283 1428 1410 1480 περ.

245 1499 367 1570 ρλς’.
397 1502 474 1554 Τδ
501 1503 558 1554 δὲ
599 1502 890 1572 εὐδόκησεν
919 1502 1039 1557 λίαν
1073 1503 1288 1572 σεμνῶς
1308 1499 1462 1556 εἶπεν
1499 1519 1512 1533 ⁸
1551 1502 1729 1573 ὑψηλὴ

187 1591 276 1660 γὰρ
290 1593 426 1656 λέξις
451 1594 512 1646 τὸ
541 1594 800 1655 εύδοκεῖν,
831 1595 924 1647 καὶ
959 1594 1078 1665 Θεῷ
1135 1600 1227 1649 καὶ
1274 1593 1434 1659 Gelon;
1477 1596 1732 1661 ἀνδράσιν

185 1683 691 1755 ἁποκεκληρωμένη,
723 1687 897 1739 ὁποῖοι
930 1686 1160 1756 μάλιστα
1191 1687 1238 1739 οε
1271 1685 1534 1756 βασιλεῖς.
1577 1687 1731 1758 Ἔχει

183 1775 230 1826 δὲ
257 1775 310 1828 τὸ
354 1776 553 1844 σεμνὸν
587 1777 678 1829 διὰ
726 1775 791 1830 τὸ
836 1779 960 1831 κατ’
993 1778 1267 1847 ἐπίκρισιν
1298 1777 1681 1847 ἀποφαντικῶς
1714 1795 1728 1810 ο

183 1867 232 1918 ού
253 1867 353 1936 γὰρ
378 1867 639 1938 ἐδόκησεν
665 1867 870 1938 φαμὲν,
900 1868 1023 1922 οὐδὲ
1080 1869 1228 1923 δοκεῖ
1267 1869 1358 1922 ἐπὶ
1406 1870 1514 1923 τῶν
1556 1870 1731 1923 τοιού-

184 1974 292 2024 των,
316 1959 452 2013 ἀλλὰ
473 1959 754 2030 ἐὐδόκησε
784 1961 880 2014 καὶ
899 1961 1112 2015 εὐδοκεῖ
1136 1977 1149 1992 ·
1183 1961 1530 2027 αὐτεξούσιος
1552 1962 1610 2015 δὲ
1632 1979 1731 2014 κυε-

185 2050 294 2118 ρίως
322 2044 477 2119 ᾧτινι
528 2051 681 2123 αύτῷ
708 2053 998 2123 κρατοῦντι
1050 2053 1268 2117 ἑαυτοῦ,
1324 2052 1446 2122 δίχα
1503 2053 1731 2121 ἐπιτάγ-

187 2159 331 2209 ματος
358 2145 538 2208 ἔξεστι
590 2147 769 2199 ποιεῖν
819 2145 956 2215 ὅπερ
1014 2146 1232 2198 ὲθέλειο
1297 2146 1390 2198 καὶ
1437 2147 1652 2214 λέγεται
1704 2151 1732 2201 6

182 2236 397 2298 τοιοῦτος
421 2237 791 2302 αὐτεξουσίως
819 2241 995 2289 ποιεῖν
1013 2235 1152 2307 ὅπερ
1199 2239 1264 2290 ἂν
1295 2240 1442 2308 ποιῇ,
1486 2237 1560 2302 ώς
1615 2238 1733 2303 ἐξὸν

183 2324 234 2376 ὃν
257 2326 419 2396 αὐτῷ.
469 2327 794 2380 ’Δδέσποτον
820 2327 876 2379 δὲ
901 2326 1000 2379 νῦν
1031 2328 1130 2395 μὲν
1177 2320 1238 2379 τὸ
1279 2327 1352 2396 μὴ
1405 2329 1735 2395 τεταγμένον

182 2417 270 2470 ὑπό
296 2435 400 2472 τινι
428 2417 686 2491 δεσπότῃ.
719 2421 782 2472 Ol
813 2419 870 2472 δὲ
900 2419 1119 2472 παλαιοὶ
1149 2423 1378 2491 ῥήτορες
1408 2421 1501 2473 καὶ
1534 2420 1736 2490 βιὸλίον

181 2509 458 2563 ἀδέσποτον
481 2515 616 2578 φασι
638 2513 698 2563 τὸ
723 2512 1027 2581 ἀνώνυμον,
1060 2507 1120 2565 οὗ
1155 2511 1228 2582 μὴ
1260 2513 1490 2583 φανερὲς
1523 2515 1550 2566 6
1583 2531 1737 2583 ποιη-

180 2603 264 2666 τής
287 2601 318 2670 ἦ
346 2603 661 2672 ὁδεσπότης
702 2617 720 2632 ’
761 2601 904 2657 οὕτω
932 2604 987 2656 δὲ
1015 2604 1109 2656 καὶ
1137 2599 1367 2674 ζήτησιν
1418 2605 1733 2671 ἀδέσποτον,

182 2691 266 2758 τὴν
292 2693 704 2763 ἀνεπίγραπτον
733 2695 831 2748 καὶ
879 2694 1052 2756 οὕτως
1076 2693 1272 2764 ἄδηλον
1303 2709 1316 2722 ·
1355 2695 1449 2746 καὶ
1475 2695 1662 2764 φήμην
1682 2694 1736 2746 δὲ

181 2781 458 2836 ἀδέσποτον
478 2786 577 2854 τὴν
598 2785 939 2854 ἀμάρτυρον,
970 2780 1038 2855 ἧς
1059 2787 1157 2837 οὐκ
1178 2785 1400 2855 οἴδαμεν
1424 2787 1510 2838 τὸν
1539 2787 1738 2854 κατάρ-

183 2871 351 2937 ξαντα.
385 2875 446 2928 Ει
475 2876 532 2928 δὲ
568 2876 839 2946 πατρόθεν
897 2876 957 2928 τὸ
1014 2875 1237 2946 Πνεῦμα
1291 2877 1555 2937 κάτεισιν,
1603 2878 1740 2929 ἀλλὰ

183 2969 266 3018 καὶ
295 2968 320 3017 6
351 2967 480 3029 Υἱὸς
511 2967 606 3020 ἕπε
619 2971 760 3038 μψεν
789 2969 922 3020 αὑτό
953 2984 968 3000 ·
1003 2970 1098 3023 καὶ
1131 2967 1261 3020 αὐτὸ
1289 2968 1347 3020 δὲ
1380 2967 1742 3032 αὐτεξουσίως

183 3055 440 3124 κατῆλθεν
468 3057 786 3111 ἀδέσποτον.
831 3059 1053 3120 Πάντως
1095 3058 1151 3110 δὲ
1186 3058 1249 3111 ού
1298 3059 1740 3129 περιγέγραπται

184 3148 320 3216 τόπῳ
350 3149 764 3218 καταφοιτῆσαν
793 3149 855 3201 τὸ
884 3147 1040 3216 ἅγιον
1076 3149 1323 3217 Πνεῦμα,
1366 3151 1508 3204 καθὰ
1554 3151 1672 3202 οὐδὲ
1715 3154 1742 3202 ὁ

1828 669 2103 737 Christus,
2139 672 2231 737 qui
2290 687 2422 727 sane
2464 689 2585 726 cum
2648 672 2805 728 Patre
2858 674 3056 728 virtute
3115 675 3397 748 formaque

1829 753 2130 815 conSiznilis
2159 770 2259 815 est.
2294 758 2590 831 Hisitaque
2622 762 2701 816 sic
2723 761 2968 831 adjectis,
2999 765 3255 833 quoniam
3303 767 3398 819 bo-

1833 867 1960 905 num
1987 863 2066 906 est
2095 868 2190 922 per
2241 861 2443 922 partes,
2473 869 2539 908 ex
2585 869 2760 918 more,
2792 855 3030 924 strophae
3080 856 3400 927 perspicere

1833 945 2095 1009 membra,
2119 945 2396 998 sciendum
2429 953 2512 999 est
2542 946 2685 1015 quod
2755 960 2858 999 vox
2889 943 3071 1007 καθώς
3103 962 3235 1016 περ,
3297 947 3400 1000 etsi

1833 1052 1935 1089 non
1963 1035 2190 1090 multum
2216 1034 2381 1090 fuerit
2411 1037 2554 1105 apud
2609 1037 2870 1106 antiquos
2904 1035 3152 1092 rhetores
3178 1036 3398 1103 usitata,

1832 1123 2044 1194 ipsique
2073 1117 2354 1193 praefertur
2386 1126 2445 1178 τὸ
2473 1126 2748 1198 καθάπερ,
2786 1139 2844 1181 ut
2867 1126 3033 1182 verbo
3065 1127 3246 1192 καθὼς
3281 1143 3403 1182 vcr-

1832 1217 1960 1270 bum
2007 1217 2170 1281 καθὰ,
2210 1226 2364 1286 poeta
2423 1224 2602 1270 tamen
2649 1217 2717 1271 ob
2774 1226 3010 1271 metrum
3061 1226 3115 1272 et
3159 1217 3398 1274 similem

1830 1319 2189 1377 sanctumque
2215 1325 2392 1375 usum,
2428 1311 2517 1379 qui
2549 1311 2749 1365 dicitur
2781 1327 2795 1364 :
2856 1310 3037 1375 καθὼς
3092 1312 3402 1366 ἀπέσταλκε

1836 1416 1903 1469 με
1924 1403 1952 1452 6
1979 1399 2183 1470 Πατὴρ,
2215 1402 2449 1470 praetulit
2478 1402 2786 1474 καθώςπερ.

1908 1491 2031 1546 156.
2064 1492 2299 1547 Verbum
2326 1494 2825 1565 θυιειη-εὐδόκησεν
2876 1496 3029 1550 valde
3071 1498 3406 1552 convenien¢

1834 1593 1914 1636 ter
1944 1583 2208 1638 adhibuit.
2245 1585 2474 1639 Excelsa
2508 1601 2742 1655 namque
2779 1595 2864 1641 est
2915 1586 3079 1642 dictio
3128 1585 3406 1652 εὐδοκεῖν,

1833 1684 1887 1727 et
1917 1674 2024 1729 Deo
2052 1676 2358 1746 divinisque
2385 1677 2515 1732 viris
2550 1691 2696 1733 sorte
2755 1680 2982 1745 tributa,
3035 1681 3225 1751 quales
3278 1693 3407 1737 sunt

1837 1767 2133 1835 przesertim
2172 1783 2346 1836 reges.
2394 1767 2764 1825 llabetautem
2794 1773 3134 1843 majestatem
3193 1775 3265 1830 ob
3295 1776 3408 1829 ele-

1837 1857 2034 1911 ctionis
2078 1857 2303 1913 liberam
2363 1860 2856 1918 nianifcstationem
2887 1880 2903 1917 :
2935 1880 3045 1919 non
3074 1864 3218 1920 enim
3271 1865 3408 1920 dici-

1837 1960 1957 2000 mus
2014 1946 2300 2016 ὲδόκησεν,
2333 1964 2432 2004 nec
2449 1949 2616 2016 δοκεῖ,
2668 1965 2794 2021 erga
2820 1959 2914 2008 eos
2941 1954 3094 2020 tales,
3126 1954 3223 2010 sed
3254 1955 3409 2009 εὑδό-

1835 2055 2003 2109 κησεν
2032 2050 2088 2094 et
2111 2041 2342 2107 εὐδοκεῖ,
2409 2043 2762 2109 αὐτεξούσιος
2821 2055 3002 2102 autem
3065 2049 3285 2118 proprie
3332 2061 3410 2105 est

1837 2131 1983 2186 illius
2009 2133 2118 2197 eui,
2152 2134 2237 2188 sui
2264 2134 2514 2202 domino,
2548 2137 2758 2206 absque
2783 2138 3031 2208 jussione
3062 2141 3186 2197 licet
3231 2141 3413 2198 facere

1836 2225 1979 2293 quod
2011 2226 2144 2280 vult.
2177 2227 2239 2280 Et
2264 2227 2465 2282 dicitur
2498 2229 2622 2284 talis
2651 2231 3014 2297 αὐτεξουσίως
3046 2234 3226 2292 facere
3255 2240 3402 2306 quod

1839 2314 1970 2370 facit
2003 2326 2257 2387 tanquam
2289 2319 2388 2388 ipsi
2417 2320 2970 2378 ιὶοῑιιιιη.Ἀδέσποτον
2999 2341 3130 2381 vero
3162 2331 3410 2398 estquod

1839 2409 1940 2462 sub
1973 2409 2158 2479 aliquo
2210 2410 2451 2466 dominO'
2488 2427 2595 2480 non
2645 2423 2726 2468 est
2779 2416 3158 2472 constitutum.
3187 2417 3412 2476 Veteres

1840 2509 2020 2555 autem
2068 2502 2312 2557 rhetores
2363 2503 2659 2558 ἀδέσποτον
2717 2521 2938 2576 quoque
2983 2520 3179 2566 vocant
3215 2511 3415 2568 librqu

1842 2608 2193 2664 anonymum,
2226 2595 2386 2665 cujus
2416 2606 2609 2651 auctor
2635 2609 2730 2652 aut
2754 2599 3012 2656 dominus
3034 2616 3140 2656 non
3167 2616 3390 2674 apparot

1841 2687 1921 2740 sic
1964 2688 2136 2740 ‘etiam
2192 2686 2634 2758 disquisitionem
2695 2692 3038 2760 ἀδέσποτον,
3091 2694 3238 2752 illam
3292 2713 3416 2768 qua:

1840 2778 1999 2833 titulo
2039 2786 2185 2832 caret
2219 2789 2402 2835 etnon
2443 2790 2528 2836 est
2579 2782 2900 2851 manifesta;
2932 2785 3234 2842 ἀδέσποτον
3283 2803 3416 2860 quo-

1843 2884 1944 2936 que
1967 2868 2200 2926 dicimus
2224 2871 2363 2926 hanc
2395 2888 2516 2942 quae
2545 2888 2650 2928 non
2684 2874 2845 2930 habet
2883 2885 3077 2933 testem
3145 2880 3417 2950 cujusque

1842 2959 2118 3014 nescimus
2139 2970 2438 3016 auctorem.
2469 2962 2528 3016 Si
2551 2979 2678 3019 vero
2706 2963 2944 3036 Spiritus
2964 2983 2992 3022 a
3016 2968 3174 3024 Patre
3197 2971 3418 3028 descen-

1845 3051 1944 3114 dit,
1973 3059 2028 3105 at
2050 3049 2218 3106 Filius
2247 3053 2400 3107 illum
2461 3055 2625 3109 etiam
2661 3057 2830 3113 misit.
2876 3058 2996 3126 lpse
3033 3075 3163 3116 vero
3203 3077 3420 3134 quoque

1847 3150 2040 3206 sponte
2073 3155 2171 3195 sua
2196 3140 2477 3213 libereque
2503 3144 2808 3200 descendit.
2842 3145 2960 3202 Non
2993 3159 3174 3206 autem
3201 3155 3420 3209 omnino

187 3236 299 3299 Υἱὸς
314 3237 441 3291 οὔτε
461 3237 978 3308 ωγκαταὸεϐηκὼς,
995 3238 1118 3291 οὔτε
1135 3240 1478 3310 ἀνεληλυθώς
1497 3256 1511 3270 ο
1539 3259 1672 3293 παντ
1684 3257 1740 3293 διο

1849 3231 2312 3297 circumscribitur
2340 3234 2460 3290 loco
2505 3236 2840 3292 descendens
2889 3238 3127 3310 Spiritus
3176 3257 3420 3311 sanctus,

186 3329 270 3398 χοῦ
294 3332 402 3403 γὰρ
440 3331 528 3384 ἀεὶ
555 3332 818 3400 πάρεστιν
845 3333 879 3400 ἡ
900 3331 1032 3399 ἁγία
1062 3327 1254 3399 τριάς.

251 3603 381 3672 ρλξ.
413 3603 742 3672 Σοφίζεινδὲ
767 3604 862 3656 καὶ
886 3603 1120 3656 ἐνταῦθα
1168 3604 1230 3655 τὸ
1295 3605 1492 3672 σοφοὺς
1555 3606 1746 3664 ποιεῖν,

186 3697 240 3749 οὗ
267 3696 434 3767 δήπου
482 3697 594 3766 γὰρ
649 3695 712 3748 τὸ
767 3694 1084 3765 ὲξαπατᾷνο
1139 3694 1199 3748 τὸ
1231 3695 1291 3749 δὲ
1353 3697 1410 3749 έν
1455 3695 1746 3762 γλώσσαις,

185 3790 484 3861 γλώσσῃσιν
511 3785 668 3842 εἶπεν
696 3787 1011 3856 ἀναγκαίως
1067 3790 1550 3860 ποιητικευόμενος
1577 3803 1593 3822 ⁸
1656 3791 1750 3842 καὶ

187 3881 324 3935 ἐστιν
352 3885 385 3952 ὴ
404 3882 548 3954 λέξις
582 3880 797 3944 Ἰώνων,
819 3879 870 3934 οἳ
895 3883 990 3934 καὶ
1013 3881 1076 3935 τὸ
1099 3881 1326 3948 μούσαις
1350 3885 1444 3936 καὶ
1467 3884 1748 3953 σφαίραις,

189 3973 411 4046 μούσῃσι
447 3975 584 4042 φασὶ
631 3974 728 4028 καὶ
759 3973 1054 4042 σφαίρῃσιν
1090 3991 1106 4004 ο
1136 3975 1236 4028 οὐκ
1282 3973 1351 4027 ἂν
1399 3975 1456 4027 δὲ
1499 3973 1751 4042 γλώσσας

187 4067 408 4120 ἐνταῦθα
441 4069 610 4138 μόνας
653 4070 869 4137 νοοῖμεν
898 4067 966 4120 ἂν
1002 4068 1099 4129 τὰς
1150 4069 1207 4121 ἑν
1241 4069 1370 4122 εῖδει
1415 4069 1589 4139 πυρὸς
1649 4072 1748 4139 Ep-

187 4159 528 4224 φανισθεισας
561 4157 718 4220 ποτὲ,
746 4156 884 4209 ἀλλά
915 4160 1010 4210 καὶ
1042 4158 1242 4226 μᾶλλον
1270 4160 1368 4221 τὰς
1394 4158 1503 4212 τῶν
1531 4159 1750 4227 ἀλλογεο

188 4248 310 4314 νῶν,
341 4245 427 4312 αἶς
457 4250 532 4311 ὼς
565 4248 884 4319 μελῳδεῖται
914 4249 1402 4318 καινουργηοέντες
1457 4252 1750 4320 ἑσοφὶσθης

188 4355 284 4392 σαν
304 4343 350 4394 οἱ
408 4342 670 4411 μαθηται.
723 4341 785 4394 El
829 4341 886 4395 δὲ
943 4343 972 4394 6
1028 4342 1153 4405 Υἱὸς
1210 4342 1446 4413 σφραγὶς
1501 4343 1750 4406 lavitum;

186 4433 392 4499 λέγεται
433 4434 529 4488 τοῦ
561 4434 800 4504 Πατρὸς,
838 4435 900 4487 οὐ
939 4438 1214 4504 μεμπτέον
1247 4437 1338 4488 τὸν
1388 4435 1624 4504 μελῳδὸν
1674 4438 1750 4488 εἰ-

187 4526 348 4580 πόντα
379 4527 472 4580 καὶ
501 4529 586 4581 ὅτι
617 4527 911 4596 σφραγίζει
939 4529 998 4579 τὸ
1029 4528 1184 4594 ἅγιον
1228 4527 1473 4597 Πνεῦμα,
1514 4529 1604 4580 τὸν
1654 4529 1746 4580 τοῦ

1853 3323 2191 3393 sicutneque
2223 3323 2413 3390 Filius,
2450 3342 2572 3380 cum
2626 3327 2740 3397 ipse
2769 3328 3049 3385 descendit
3093 3342 3186 3388 aut
3232 3351 3420 3393 ascen-

1854 3416 1929 3468 dit
1967 3434 1980 3468 :
2017 3415 2216 3486 ubique
2241 3418 2385 3472 enim
2436 3435 2653 3489 semper
2677 3422 2829 3476 adest
2867 3426 3214 3482 sanctissima
3246 3425 3418 3484 Trini»

1855 3516 1959 3562 tas.
2235 3515 2240 3519 ’

1926 3600 2323 3669 maneam
2372 3603 2459 3658 hic
2503 3605 2664 3657 etiam
2722 3608 2997 3676 sapientes
3056 3613 3254 3684 facere,
3312 3615 3421 3669 non

1854 3705 1985 3745 sane
2020 3691 2273 3762 decipere
2309 3694 2605 3764 signiﬁcat.
2639 3695 2752 3752 lloc
2801 3715 2927 3754 vero
2951 3719 2966 3761 ε,
3012 3703 3070 3754 ὲν
3129 3706 3425 3770 γλώσσαις.

1855 3783 2028 3853 magis
2053 3786 2264 3854 poetice
2316 3789 2628 3844 necessario
2667 3791 2806 3846 dixit
2856 3793 3185 3866 γλώσσῃσιν.
3253 3797 3426 3853 Dictiu

1854 3885 1939 3931 est
1970 3876 2148 3934 lonica
2206 3895 2313 3949 qua
2359 3894 2458 3950 pro
2513 3881 2740 3952 μούσαις
2783 3894 2836 3938 et
2900 3887 3182 3957 σφαίραις,
3233 3889 3425 3946 dicunt

1859 3969 2090 4039 μούσῃσι
2123 3980 2176 4024 et
2201 3971 2515 4043 σφαίρῃσιν.
2543 3974 2644 4028 llic
2669 3986 2852 4030 autem
2881 3975 2948 4032 de
2973 3979 3171 4049 linguis
3219 3985 3429 4052 cogita-

1859 4073 1912 4112 re
1934 4059 2220 4123 debemus,
2274 4075 2386 4116 non
2412 4063 2534 4117 istis
2567 4064 2718 4131 solis,
2769 4081 2891 4136 qua:
2919 4070 3019 4122 sub
3053 4070 3194 4140 ignis
3243 4077 3430 4142 specie

1857 4163 2244 4223 apparuerunt,
2305 4154 2399 4209 sed
2472 4159 2773 4224 praesertim
2848 4157 2915 4214 de
2997 4163 3429 4234 alienigenarum

1857 4247 2078 4314 linguis,
2143 4246 2362 4316 quibus,
2425 4255 2485 4300 ut
2550 4255 2724 4316 poetae
2778 4253 3016 4310 carmine
3098 4255 3426 4321 celebratur,

1857 4338 2102 4392 renovati
2131 4338 2410 4408 sapientes
2438 4340 2571 4397 facti
2605 4351 2734 4398 sunt
2759 4343 3034 4412 discipuli.
3065 4344 3122 4400 Si
3155 4362 3285 4401 vero
3339 4347 3430 4401 Fi~

1855 4433 1959 4486 lius
1979 4448 2191 4502 mquum
2226 4430 2402 4488 Patris
2425 4433 2624 4492 dicitur
2659 4435 2921 4504 sigillum,
2980 4453 3084 4492 non
3113 4441 3426 4509 arguendos

1854 4536 1937 4580 est
1972 4536 2128 4596 poeta
2156 4527 2345 4583 dicens
2393 4529 2656 4600 Spiritum
2715 4540 2960 4585 sanctum
3013 4531 3234 4602 signare
3303 4533 3426 4589 Filii

189 4616 310 4669 Υἱοῡ
328 4619 479 4687 λόγον
513 4636 528 4649 ⁸
562 4619 718 4672 οῦδὲν
741 4621 848 4688 γάρ
873 4637 928 4672 τι
965 4619 1162 4672 κωλύει
1217 4620 1623 4690 προσαρμόζειν
1678 4624 1740 4691 τῇ

1857 4620 2098 4675 verbum.
2140 4621 2285 4674 Nihil
2316 4622 2460 4676 enim
2498 4622 2726 4691 impedit
2753 4623 2882 4692 quin
2922 4624 3197 4681 tribuatur
3217 4636 3422 4684 sancta:

188 4707 313 4780 ἁγίᾳ
338 4711 526 4780 Τριάδι
553 4710 723 4763 καὶτὸ
757 4711 900 4762 κατὰ
941 4709 1040 4781 τὴν
1073 4711 1345 4782 σφραγῖδα
1402 4713 1619 4781 σεμνόν.
1655 4713 1754 4764 Φε-

188 4799 388 4864 ρέσϐιος
411 4802 470 4854 δὲ
495 4803 652 4872 λόγος
680 4803 886 4872 κυρίως
932 4804 1028 4856 καὶ
1056 4803 1308 4872 πρώτως,
1342 4805 1370 4856 6
1407 4805 1482 4873 μὴ
1517 4806 1636 4858 κατ’
1662 4806 1752 4859 ἄν-

189 4889 390 4958 θρωπον
413 4893 506 4946 τὸν
527 4893 739 4957 ἁπλῶς,
774 4893 909 4947 ἀλλὰ
941 4895 970 4948 6
997 4893 1091 4948 τοῦ
1127 4894 1257 4947 Υἱοῦ
1312 4896 1406 4947 τοῦ
1447 4895 1606 4962 Θεοῦ,
1659 4899 1750 4950 τοῦ

188 4983 280 5034 καὶ
295 4984 460 5049 ἄλλως
496 4985 600 5056 μὲν
624 4986 1026 5055 σεμνυνομένου
1055 4989 1121 5058 τῇ
1147 4987 1371 5060 τοιαύτῃ
1423 4987 1567 5054 λέξει
1623 4991 1750 5043 πολ-

190 5071 375 5142 λαχῶς,
401 5076 638 5144 μάλιστα
657 5077 714 5130 δὲ
737 5076 820 5128 ὅτι
845 5075 1011 5138 αὐτὸς
1068 5076 1224 5141 λόγος
1279 5077 1397 5146 ἦτοι
1441 5077 1587 5130 αἰτία
1635 5079 1753 5129 ἐστὶ

189 5165 390 5220 πάντων
406 5169 518 5222 τῶν
543 5169 740 5233 ὄντων,
768 5170 862 5220 καὶ
888 5168 977 5221 διὰ
1025 5169 1183 5222 τοῦτο
1210 5169 1303 5221 καὶ
1335 5169 1602 5236 ζωογόνος
1658 5169 1752 5221 καὶ

194 5260 485 5324 φερέσϐιος,
519 5260 640 5330 ἦτοι
681 5261 863 5328 φέρων
891 5261 1020 5327 ἡμῖν
1083 5259 1216 5328 βίον,
1265 5259 1402 5327 ὅπερ
1459 5261 1574 5313 ἐστι
1609 5259 1752 5330 ζωὴν

192 5345 391 5421 διπλῆν,
427 5352 528 5422 τὴν
558 5352 699 5405 κατὰ
729 5350 909 5420 ψυχὴν
941 5350 1076 5420 ὁμοῦ
1104 5353 1200 5404 καὶ
1257 5353 1456 5421 σάρκα,
1511 5352 1607 5405 καὶ
1650 5352 1751 5420 τὴν

194 5444 322 5496 κατὰ
348 5441 482 5512 βίον.
504 5445 566 5498 ὃν
595 5445 693 5497 καὶ
715 5443 879 5494 αὑτὸν
911 5442 1056 5513 ζωὴν
1091 5442 1243 5496 καλεῖ
1271 5447 1296 5496 6
1328 5444 1608 5513 σεμνύνων
1661 5446 1752 5496 τὸν

206 5527 488 5602 Ἰθακήσιον
507 5535 664 5604 ἥρωα
712 5535 796 5587 ὅτι
838 5534 952 5598 ζωὴ
1009 5535 1159 5604 αὐτῷ
1214 5532 1284 5606 ἦν
1329 5536 1498 5604 πολλή
1528 5554 1542 5569 ο
1609 5537 1750 5606 ζωὴν

196 5621 381 5689 ικείνος
403 5627 574 5696 λέγων
597 5628 700 5696 τήν
719 5642 776 5678 τε
807 5626 979 5695 ἄλλην
1038 5628 1098 5678 έν
1127 5627 1226 5696 βίῳ
1267 5627 1462 5696 κτῆσιν
1502 5629 1597 5680 καὶ
1653 5630 1752 5699 τὴν

197 5713 340 5779 ζώοις
371 5720 754 5781 παντοδαποῖς.
790 5717 888 5771 Ἐκ
914 5717 1008 5771 τοῦ
1052 5719 1204 5788 φέρω
1247 5719 1302 5772 δὲ
1356 5722 1628 5790 φερέϐιυς,
1678 5722 1754 5783 ὡς

201 5807 333 5877 ipim
351 5813 744 5882 ἀρχέπλουτος,
784 5814 880 5864 καὶ
919 5813 995 5875 ώς
1041 5813 1192 5881 φέρω
1221 5815 1523 5884 φερέοικος.
1568 5817 1665 5869 Διὰ
1694 5815 1751 5867 δὲ

205 5899 262 5952 τὰ
287 5909 446 5975 συχνὰ
477 5905 687 5978 βραχέα
715 5907 1006 5975 φωνήεντα
1037 5907 1131 5962 καὶ
1153 5907 1253 5976 τὴν
1294 5908 1528 5963 ἐνταῦθα
1584 5925 1750 5961 κακο-

546 6002 827 6064 PATROL.
870 6005 986 6066 Gn.
1037 6001 1358 6065 CXXXVI.

1857 4710 2108 4766 Trinitati
2145 4715 2288 4782 quod
2319 4714 2370 4766 in
2392 4713 2570 4784 sigillo
2593 4717 2959 4769 venerandum
2992 4727 3097 4771 est.
3139 4716 3426 4774 Vivilicum

1858 4815 2036 4859 autem
2059 4807 2284 4859 verbum
2317 4805 2541 4876 pr0prie
2571 4807 2919 4877 primumque
2969 4823 3075 4862 non
3135 4819 3219 4866 est
3253 4812 3429 4866 homi-

1859 4894 1943 4948 nis
1965 4894 2204 4963 vulgaris
2231 4899 2480 4962 verbum,
2539 4897 2633 4950 sed
2688 4895 2926 4952 Verbum
2994 4898 3119 4956 Filii
3166 4903 3427 4973 Dci,‘qui

1859 5001 1996 5056 saepe
2015 4988 2106 5042 tali
2130 4989 2369 5042 dictibne
2401 4988 2732 5054 celebratur,
2807 4991 2902 5045 sed
2965 4993 3086 5047 ideo
3120 5007 3425 5064 praesertim

1862 5077 2006 5146 quod
2037 5078 2153 5147 ipse
2181 5079 2324 5133 ratio
2371 5080 2441 5134 sit
2479 5078 2681 5150 (λόγος)
2737 5080 2851 5134 sive
2900 5095 3064 5138 causa
3105 5098 3429 5142 cunctorum

1864 5171 2070 5223 entimn
2102 5185 2119 5236 ;
2151 5179 2204 5223 et
2233 5167 2437 5222 idcirco
2467 5169 2666 5224 dicitur
2717 5172 2963 5226 vivilicus
2988 5182 3042 5227 et
3073 5175 3275 5241 vitalis,
3332 5193 3427 5230 seu

1859 5261 2022 5315 nobis
2053 5261 2237 5315 ferens
2265 5259 2448 5327 vitam,
2501 5260 2554 5314 id
2590 5271 2694 5328 est,
2747 5263 3017 5333 duplicem
3070 5265 3261 5332 vitam,
3306 5282 3424 5323 eam

1862 5366 1982 5417 qua:
2005 5351 2166 5404 simul
2202 5350 2266 5403 ad
2289 5352 2532 5404 animum
2558 5361 2611 5405 et
2639 5366 2856 5409 carnem
2893 5356 3136 5424 respicit,
3195 5367 3251 5412 et
3279 5357 3426 5410 illam

1859 5459 1979 5512 qua:
2011 5444 2162 5512 juxta
2193 5440 2391 5496 victum
2422 5445 2827 5512 consideratur,
2867 5462 3028 5516 quem
3058 5448 3220 5502 etiam
3266 5449 3429 5504 vitam

1861 5536 2096 5603 appellat
2131 5534 2235 5588 iste
2276 5535 2556 5590 celebrans
2588 5535 2930 5593 lthacensem
2997 5531 3240 5607 herOem,
3286 5547 3432 5610 quod

1858 5625 1960 5694 ipsi
2002 5628 2174 5680 multa
2210 5627 2317 5680 vita
2336 5625 2492 5698 (ζωὴ)
2515 5637 2656 5693 erat,
2685 5629 2852 5682 vitam
2910 5643 3110 5686 vocans
3157 5633 3428 5704 reliquam

1859 5717 2036 5770 victus
2059 5717 2461 5786 possessionem
2512 5725 2566 5772 et
2619 5719 2920 5789 praesertim
2972 5735 3091 5775 eam
3154 5724 3208 5777 in
3267 5727 3432 5779 variis

1856 5811 2184 5864 animalibus
2212 5820 2469 5866 stantem.
2492 5809 2534 5863 E
2549 5815 2712 5865 verbo
2727 5821 2908 5866 autem
2935 5817 3086 5884 φέρω
3102 5817 3244 5870 venit
3271 5821 3436 5888 φερέ-

1856 5906 1995 5972 6ιος,
2056 5905 2200 5960 sicut
2225 5902 2378 5974 ἄρχω
2403 5902 2774 5972 ἀρχέπλουτος
2833 5915 2889 5959 et
2937 5909 3088 5975 φέρω
3123 5911 3428 5980 φερέκικος.

2854 5999 3030 6060 -2t
