3824 6564
426 420 525 483 551

426 628 494 681 de
517 635 852 685 mensuram,
886 617 1161 673 additione
1185 615 1382 668 littera:
1430 629 1462 664 σ
1516 610 1720 666 factum
1761 615 1847 662 est
1876 621 1998 662 ver-

431 718 561 770 bum
623 711 928 783 φερέσϐιος.
970 707 1063 763 Sic
1123 718 1342 774 quoque
1397 700 1643 762 Θεόδοτος
1699 698 1755 753 in
1819 707 1999 753 metro

434 805 711 864 θεόιδοτος
745 801 1041 856 diceretur.
1099 793 1308 849 Similis
1367 805 1498 846 vero
1558 788 1697 842 ratio
1750 786 1934 842 littera
1969 801 2001 837 σ

428 896 656 954 donavit
686 893 847 949 etiam
882 887 1191 952 θεσπέσιον,
1225 893 1278 939 et
1311 898 1377 938 ex
1441 879 1732 950 θεοεικέλῳ
1755 877 1998 944 θέκελον,

427 1003 615 1064 pOSIea
646 984 922 1040 θέσκελον.

704 1074 1021 1146 Troparium
1047 1071 1330 1127 secundum
1354 1070 1470 1124 ode
1490 1067 1715 1139 quinta.

502 1173 740 1233 Curabat
773 1175 984 1224 mentes
1010 1166 1224 1236 quidem
1261 1177 1289 1216 a
1321 1171 1542 1232 peccato

430 1268 495 1322 Et
528 1266 629 1322 sibi
659 1261 958 1334 apparabat
984 1255 1382 1328 apostolorum,

429 1361 572 1414 Deus
598 1353 859 1418 Verbum,
885 1349 1129 1407 omnium
1152 1346 1429 1417 princeps,
1454 1343 1802 1399 immaculata
1817 1341 2002 1409 domo;

431 1447 732 1520 [Equabilis
759 1444 974 1501 roboris
1011 1455 1192 1497 autem
1219 1449 1273 1496 et
1304 1436 1819 1502 consubstantialis,

431 1541 582 1598 Nune
609 1539 936 1595 informatur
966 1532 1208 1605 Spiritus
1228 1531 1436 1586 lumen.

501 1631 623 1688 138.
659 1630 874 1686 Gratias
903 1627 1103 1683 debere
1130 1637 1329 1696 magno
1355 1620 1567 1677 doctori
1617 1619 1839 1676 Christo
1872 1631 2000 1675 san-

434 1733 556 1779 ctos
588 1723 863 1794 apostolos
891 1717 1446 1790 philosophice'docet
1477 1724 1659 1784 poeta,
1687 1727 1793 1768 non
1831 1712 2006 1766 mino-

433 1832 516 1872 res
567 1815 762 1871 deinde
813 1811 1042 1884 Spiritui
1099 1817 1290 1865 sancto
1331 1825 1348 1876 ;
1407 1821 1620 1868 necnon
1671 1804 1776 1875 ipsi
1830 1803 2002 1857 Patri.

1105 404 1531 470 EUSTATHII
1577 402 1680 463 ΤΗ
1690 399 2019 462 ESSALUN

2127 396 2329 459 Ε’Νὸἰὸ
2364 396 2924 459 ΜΕΤΙὶΟΡΟιΙΤίΕ

425 536 652 604 Propter
677 530 876 586 multas
903 541 1030 582 vero
1051 527 1244 581 breves
1274 521 1492 578 vocales
1528 529 1582 574 et
1622 517 1820 573 falsam
1844 515 1998 571 exin-

2127 517 2355 585 ιετρίαν,
2396 515 2678 570 ἐπενθέσει
2705 516 2800 569 τοῦ
2832 533 2863 567 σ
2915 515 3108 583 γέγονε
3155 512 3440 583 φερέσϐιος

3549 397 3654 459 ὅ·ὖῖ

3483 528 3496 542 ³
3533 513 3655 565 οὔτε·

2107 610 2201 665 καὶ
2225 614 2252 664 ό
2274 611 2510 674 θεόδοτος
2542 610 2819 671 θεόσδοτος
2849 609 2907 661 ὲν
2937 608 3122 678 μέτρῳ
3148 606 3367 676 λεχθείη
3393 606 3457 658 ἀν
3479 620 3497 634 ο
3524 607 3658 670 ὃμοι-

2105 721 2160 767 ος
2189 702 2250 755 δὲ
2281 701 2438 771 λόγος
2467 703 2791 773 ἑσιγμάτισε
2837 702 2934 754 καὶ
2955 700 3014 754 τδ
3055 698 3368 764 θεσπέσιον,
3395 698 3491 752 καὶ
3526 699 3584 752 τὸ
3607 701 3658 751 ὲκ

2107 794 2411 850 θεοεικέλου
2443 793 2682 861 θέκελον,
2710 781 2828 848 εἶτα
2861 793 3142 859 θέσκελον,

2255 1058 2584 1127 Τροπάριον
2612 1057 2895 1128 δεύτερον
2927 1056 3039 1125 τῆς
3065 1057 3347 1126 πέμπτης
3377 1055 3556 1123 ᾠδῆς.

2109 1149 2250 1207 XIII.
2297 1151 2436 1220 Ίῆτο
2467 1151 2570 1213 τὰς
2604 1151 2807 1220 φρένας
2841 1151 2943 1218 μὲν
2977 1147 3038 1213 ἐξ
3064 1149 3364 1218 ἁμαρτίας,

2286 1243 2352 1297 Χ*
2381 1242 2532 1311 αὑτῷ
2568 1243 2939 1306 κατεσκεύαζε
2971 1242 3082 1295 τῶν
3131 1240 3474 1301 ἀποστόλων,

2283 1334 2418 1398 Θεὸς
2445 1334 2619 1402 Λόγος
2640 1334 2953 1404 πάνταρχος
2981 1335 3250 1404 ἄχραντον
3271 1333 3433 1402 δόμον
3460 1346 3478 1362 ο

2296 1425 2661 1495 Ὀμοσθενοῦς
2688 1425 2765 1491 δὲ,
2806 1427 2902 1478 καὶ
2965 1424 3404 1494 συνουσιωμένου

2286 1517 2402 1571 Νῦν
2425 1517 2856 1585 ὲγκατοικίζοιτο
2900 1517 3216 1586 Πνεύματος
3246 1520 3404 1586 φάος.

2184 1609 2326 1681 ρλη’.
2363 1609 2610 1679 Χάριτας
2640 1608 2951 1678 ἑποφείλειν
2980 1609 3060 1680 τῷ
3101 1610 3326 1679 μεγάλῳ
3386 1609 3672 1679 διδασκάλῳ

2112 1700 2333 1772 Χριστῷ
2359 1703 2486 1764 τοὺς
2522 1701 2712 1770 ἁγίους
2743 1700 3080 1764 ἀποστόλους
3119 1701 3404 1770 φιλοσοφεῖ
3430 1703 3460 1753 ό
3512 1700 3674 1770 μελῳ-

2111 1792 2203 1857 δός
2236 1809 2250 1824 ⁸
2282 1793 2370 1847 ναὶ
2391 1792 2456 1864 δὴ
2478 1792 2670 1863 καὶτῷ
2721 1792 2862 1861 ἁγίῳ
2903 1793 3182 1862 Πνεύματι
3226 1793 3529 1858 ἑξάπαντος
3550 1807 3564 1820 ’
3593 1792 3674 1862 δῆ-

430 1907 733 1976 Supremus
753 1882 897 1959 enim
957 1902 1276 1956 Dominator
1327 1897 1519 1961 Filius,
1544 1904 1818 1967 quatenus
1865 1893 2007 1948 ratio

2127 1889 2201 1938 ιον
2230 1883 2287 1937 δὲ
2308 1886 2526 1948 πάντως
2556 1884 2632 1947 ὼς
2663 1883 2862 1936 αὐτίκα
2891 1885 2989 1937 καὶ
3012 1883 3091 1952 τῷ
3121 1883 3301 1952 Πατρί
3320 1900 3335 1914 ·
3374 1885 3403 1934 ὁ
3424 1886 3534 1953 γὰρ
3557 1883 3673 1937 πάν-

435 2008 751 2066 eunctzeque
783 2003 1106 2066 persecutor
1131 1992 1402 2057 amentiae,
1435 1989 1553 2060 ἰῆτο
1575 1988 1658 2045 vel
1675 1989 1790 2042 ἰᾶτο
1811 2001 2007 2057 pecca-

434 2098 488 2141 to
522 2095 648 2140 ante
676 2082 1079 2146 ascensionem,
1111 2090 1166 2136 et
1191 2079 1421 2134 curabat
1492 2079 1705 2132 animos
1735 2075 2010 2146 apostolo-

436 2193 590 2243 rum;
621 2183 767 2232 recte
798 2189 928 2230 vero
975 2175 1080 2229 sub
1115 2173 1416 2243 imperfecti
1467 2170 1642 2226 forma
1687 2170 1837 2225 verbi
1869 2169 2008 2232 ἰᾶτο,

434 2265 866 2337 subintelligeres
893 2282 906 2330 ;
944 2265 1133 2334 ἰήσατο
1155 2262 1324 2325 αὑτὰς
1351 2262 1463 2318 sive
1475 2262 1589 2332 jam
1624 2271 1757 2316 tunc
1775 2259 2007 2316 curavit.

436 2357 617 2412 Ethoc
633 2371 799 2427 agens
833 2365 884 2411 et
903 2355 1188 2424 perficiens
1212 2354 1570 2424 parabatsive
1611 2350 2008 2423 paravitaticqi,

436 2451 549 2506 sive
574 2447 774 2521 ἐαυτῷ,
800 2463 924 2504 cum
956 2461 1148 2517 aspero
1179 2447 1393 2515 spiritu,
1425 2459 1615 2515 puram
1649 2445 2009 2511 domum,seu

436 2553 678 2597 sanctam
710 2541 1126 2606 habitationem,
1187 2551 1626 2608 unumquemque
1677 2534 2008 2606 apostolum.

438 2632 498 2688 Et
531 2632 638 2688 hoc
689 2633 908 2703 quidem
967 2629 1409 2702 sapientissimus
1460 2639 1784 2682 meonomus
1840 2623 2012 2679 Filius

439 2724 534 2780 Dei
565 2724 678 2794 jam
706 2730 830 2777 ante
859 2723 1003 2778 diem
1045 2721 1368 2777 hodiernam
1405 2720 1459 2773 in
1524 2727 1748 2775 sanctos
1797 2723 2016 2786 aposto-

440 2815 522 2889 los
547 2813 870 2885 perfecerat,
905 2827 999 2870 eos
1027 2811 1132 2868 sibi
1166 2813 1361 2868 domos
1393 2809 1598 2864 afl‘abre
1653 2809 1838 2864 divina
1878 2821 2013 2865 cura

440 2916 768 2962 construens
813 2922 829 2960 :
870 2903 1133 2976 quaedam
1177 2903 1323 2958 enim
1377 2901 1674 2956 artificiosa
1714 2899 1878 2955 dictio
1931 2907 2018 2956 est

442 2997 912 3064 κατασκευάζειν.;
954 3003 1070 3060 aut,
1097 3005 1156 3050 ut
1177 2995 1320 3050 idem
1339 2993 1538 3060 dicam,
1566 2994 2015 3050 architectonica:

444 3090 589 3146 unde
612 3090 925 3144 nominatur
966 3087 1109 3156 apud
1133 3087 1407 3156 sapientes
1441 3085 1720 3155 ἀνασκευὴ
1753 3093 1809 3141 et
1845 3101 2014 3138 κατα-

446 3178 825 3250 σκευὴ.Νιιηο
871 3189 1049 3234 autem
1101 3177 1641 3247 Spiritus-sanctus,
1694 3186 1754 3231 ut
1803 3189 2018 3246 semper

2109 1992 2311 2047 ταρχος
2341 1976 2469 2040 Υἰδς
2508 1975 2645 2028 καθὸ
2671 1976 2844 2044 Λόγος
2868 1976 2961 2030 καί
2983 1976 3162 2046 πάσης
3189 1975 3417 2043 ἀλογίας
3434 1975 3671 2043 διώκτης,

2114 2065 2253 2136 ίῆτο,
2277 2067 2447 2136 ήγουν
2475 2066 2592 2120 ἰᾶτο
2620 2065 2678 2131 ἐξ
2707 2065 2977 2136 ἁμαρτίας
3008 2066 3102 2118 καὶ
3133 2065 3439 2135 ἐθεράπευε
3464 2066 3567 2134 πρὸ
3587 2065 3673 2132 τῆς

2111 2159 2434 2228 ἀναλήψεως
2462 2159 2565 2223 τὰς
2591 2159 2800 2228 φρένας
2829 2157 2938 2212 τῶν
2999 2158 3319 2212 ἀποστόλων
3346 2174 3362 2189 ο
3414 2157 3589 2228 ὀρθῶς
3622 2157 3673 2208 δὲ

2111 2248 2178 2303 ἂν
2206 2249 2286 2319 τῷ
2341 2249 2490 2303 κατά
2549 2251 2927 2319 παρατατικὸν
2985 2248 3355 2320 σχηματισμῷ
3403 2249 3498 2301 τοῦ
3553 2249 3671 2312 ἰᾶτο,

2113 2342 2563 2412 συνεπινοήσοιτό
2587 2359 2671 2406 τις
2704 2342 2799 2395 καὶ
2826 2343 2887 2395 τὸ
2923 2342 3111 2412 ἰήσατο
3141 2342 3334 2405 αύτάς,
3365 2341 3541 2411 ἤγουν
3567 2340 3670 2392 ἰθε-

2117 2434 2394 2506 ράπευσεν
2419 2434 2630 2488 ἔκτοτε.
2661 2433 2772 2486 Καὶ
2794 2432 2952 2486 τοῦτο
2977 2431 3223 2499 ἐξανύων
3259 2433 3356 2485 καὶ¹
3407 2431 3671 2496 ἐξανύσας,

2113 2524 2521 2588 κατεσκεύαζεν
2556 2525 2677 2596 ητοι
2726 2523 3135 2577 κατεσκεύασεν
3161 2522 3334 2590 αὐτῷ,
3369 2523 3540 2590 ἦγουν
3564 2521 3674 2574 δαυ-

2114 2621 2214 2692 τῷ,
2270 2619 2414 2674 κατὰ
2477 2617 2696 2685 πνεῦμα
2742 2616 2902 2684 δασὺ,
2963 2615 3127 2686 δόμον
3177 2615 3467 2685 ἄχραντον,
3525 2615 3673 2684 ἤγουν

2116 2713 2271 2782 ἅγιον
2299 2706 2448 2766 οἷκον
2473 2709 2704 2764 ἕκαστον
2737 2708 3035 2763 ἀπόστολον
3068 2723 3084 2740 ο
3141 2709 3237 2762 καὶ
3289 2705 3454 2760 τοῦτο
3505 2707 3597 2776 μὲν
3647 2707 3673 2758 ό

2119 2804 2429 2875 σοφώτατος
2450 2801 2737 2872 οἰκοδόμος
2768 2803 2796 2854 ὁ
2846 2801 2976 2864 me
3019 2799 3116 2854 τοῦ
3163 2799 3298 2852 Θεοῦ
3354 2799 3552 2870 ἧνυσεν
3585 2798 3674 2869 ήδη

2117 2899 2334 2969 φθάσας
2365 2896 2472 2968 πρὸ
2499 2896 2598 2966 τῆς
2629 2896 2871 2966 σήμερον
2903 2894 2995 2946 ἐπὶ
3020 2895 3135 2957 τοῖς
3188 2893 3368 2962 ἁγίοις
3399 2892 3672 2962 μαθηταῖς,

2117 2991 2298 3052 οῐκους
2329 2988 2574 3050 ἐκείνους
2603 2987 2787 3056 ἑαυτῷ
2817 2986 3232 3056 συστησάμενος
3289 2986 3672 3054 ἑπιστημοναρ-

2117 3081 2288 3152 χικῶς
2318 3080 2487 3151 even,»
2511 3079 2790 3150 σκευωρία
2812 3093 2827 3109 ο
2859 3077 3150 3147 τεκτονικὴ
3177 3079 3289 3148 γάρ
3325 3094 3411 3141 τις
3439 3077 3580 3144 λέξις
3623 3077 3672 3128 τὸ

2120 3174 2556 3236 κατασκευάζειν
2591 3189 2604 3203 ·
2644 3171 2841 3228 ταυτὸν
2863 3171 2910 3225 δ’
2941 3171 3115 3224 εἰπεῖν
3175 3173 3274 3225 καὶ
3327 3169 3632 3239 οἰκοδομική
3660 3186 3670 3197 ·

446 3277 664 3349 dignam
705 3288 957 3346 quaerens
998 3271 1452 3327 inltabitationcm
1484 3285 1548 3325 ac
1579 3269 2017 3341 permansionem

2127 3267 2243 3323 ὅθεν
2283 3268 2596 3337 ὠνόμασται
2624 3267 2720 3320 καὶ
2743 3268 2777 3337 ή
2827 3266 2980 3336 παρὰ
3032 3267 3145 3328 τοῖς
3193 3267 3382 3335 σοφοῖς
3421 3264 3673 3332 ἀνασκευή

442 3367 575 3434 sibi,
625 3365 862 3422 inventis
903 3372 1218 3420 sanctorum
1279 3362 1651 3433 apostolorum
1711 3361 1933 3428 animis,
1966 3358 2022 3414 id

446 3470 550 3528 est,
582 3457 1036 3516 intellectualibus
1083 3455 1360 3522 domibus,
1424 3455 1606 3524 scopis
1655 3453 1931 3508 mundatis
1968 3460 2024 3508 et

445 3552 854 3626 pulchritudine
896 3549 1329 3620 splendentibus,
1389 3555 1695 3602 aromatum
1737 3545 1939 3616 plenis,
1968 3553 2023 3599 et

446 3646 516 3702 ad
552 3643 722 3700 illum
781 3640 1134 3696 alliciendum
1192 3638 1348 3691 valde
1411 3635 1642 3698 idoneis,
1696 3633 2021 3690 inhabitavit

450 3732 766 3806 huiusmodi
793 3729 1067 3797 domibus,
1105 3734 1294 3796 utpote
1343 3724 1435 3794 qui
1473 3738 1597 3779 cum
1637 3724 1729 3779 illo
1780 3723 2024 3792 ejusdem

449 3835 536 3883 est
591 3823 811 3880 virtutis
861 3830 915 3877 et
972 3815 1481 3876 consubstantialis.
1541 3813 1639 3870 Hic
1695 3816 1860 3870 etiam
1917 3815 2023 3885 ipsi

449 3918 674 3978 libertas
693 3916 852 3987 plena
891 3927 992 3968 nec
1031 3911 1140 3966 ulla
1205 3906 1671 3966 senatusconsulti
1702 3907 2024 3974 necessitas,

453 4008 544 4064 ubi
573 4021 671 4066 nec
700 4003 906 4060 invidia
941 4016 1040 4058 nec
1066 3997 1346 4056 contentio
1389 3995 1686 4066 reperitur.
1743 3992 1897 4049 lianc
1927 3994 2028 4065 igi-

453 4111 544 4157 tur
565 4099 726 4157 Verbi
746 4098 991 4162 domum,
1017 4109 1136 4166 quae
1158 4091 1322 4148 simul
1349 4098 1433 4145 est
1453 4085 1655 4154 Patris,
1678 4087 1836 4143 hodie
1861 4086 2036 4157 Spiri-

457 4203 543 4248 tus
594 4200 818 4247 sanctus
843 4187 1197 4262 ingredietur,
1222 4181 1327 4249 vel,
1363 4191 1420 4238 ut
1472 4179 1774 4251 simplicius
1827 4178 2028 4244 dicam,

457 4285 685 4343 habitat.

534 4586 658 4642 159.
690 4584 928 4641 Verbum
988 4580 1105 4650 ἰῆτο
1159 4581 1379 4648 poterat
1426 4572 1590 4629 etiam
1654 4569 1837 4625 dicere
1895 4567 2032 4631 ἰᾶτο,

459 4676 808 4738 communius
837 4685 933 4742 per
956 4668 1193 4724 litteram
1213 4682 1270 4720 α.
1291 4666 1539 4734 Sequens
1555 4670 1757 4726 autem,
1779 4667 2034 4728 tanquam

458 4782 777 4833 extraneas,
801 4765 970 4827 istud,
1008 4760 1192 4831 ἰητρὸς
1215 4766 1273 4813 et
1299 4757 1558 4835 ἰητρεῖον,
1590 4751 1767 4809 ionice
1787 4752 1990 4806 dictum
2016 4766 2032 4816 ;

461 4876 517 4923 et
553 4865 656 4918 hoc
689 4879 705 4916 :
733 4873 841 4914 non
863 4856 1095 4910 oculum
1127 4851 1357 4920 ἰήσεται,
1390 4845 1680 4918 nequidcm
1711 4845 2032 4914 Neptunus;

461 4955 654 5012 scribit
682 4961 738 5007 et
764 4951 879 5021 ipse
910 4947 1031 5017 ἰῆτο
1079 4957 1181 5015 pro
1211 4941 1449 5014 ἰάτρευε.
1482 4939 1710 4994 Pectora
1735 4950 1861 4991 vero
1881 4932 2035 4990 Chri-

463 5059 607 5106 stum
665 5057 862 5101 sanare
920 5039 1072 5102 dicit,
1125 5050 1233 5091 non
1295 5033 1528 5095 viscera,
1590 5030 1677 5085 vel
1732 5024 2035 5096 corporalia

465 5149 710 5211 pectora,
743 5147 976 5204 quorum
1004 5127 1276 5186 derivatio
1308 5137 1392 5181 est
1431 5123 1695 5194 φρενῖτις,
1747 5120 1842 5176 sed
1870 5117 2036 5189 spiri-

464 5210 654 5296 tualia,
679 5224 982 5286 secundum
1013 5235 1135 5290 qua:
1167 5216 1371 5273 sensati
1396 5210 1736 5284 (φρενήρεις)
1780 5219 2038 5280 parentes

449 5339 609 5388 esse,
639 5330 693 5377 et
720 5333 828 5374 non
857 5313 1230 5370 seductionem
1263 5321 1438 5378 neque
1477 5304 1807 5360 dementiam
1830 5299 2036 5362 subire,

463 5426 722 5487 putamus
787 5408 879 5462 illa
936 5405 1234 5476 quidquam
1292 5399 1457 5454 etiam
1497 5396 1667 5451 fuisse
1722 5399 2036 5461 cooperata.

467 5485 616 5563 lstud
643 5503 790 5558 enim
836 5495 1134 5568 aliquando
1185 5491 1348 5546 faciet
1414 5488 1681 5552 medicus,
1732 5485 1932 5539 timens
1974 5497 2038 5536 ne

475 5592 886 5667 hypochondria
912 5595 1137 5644 curatus
1159 5582 1338 5639 morbi
1361 5581 1720 5653 perversitate
1781 5576 2035 5648 patiatur.

468 5685 708 5742 Medicus
738 5692 920 5738 autem
955 5679 1284 5740 animarum,
1327 5672 1424 5729 Dei
1453 5671 1648 5736 Filius,
1696 5671 1752 5725 in
1815 5677 2038 5739 aposto-

468 5782 534 5835 lis
589 5774 958 5833 habitaculum
995 5769 1122 5836 sibi,
1151 5776 1384 5823 mentem
1409 5773 1584 5831 curat,
1609 5778 1730 5834 quze
1759 5777 1948 5831 sapere
1980 5762 2037 5818 in

465 5871 781 5927 hominibus
811 5875 912 5933 est.
966 5879 1062 5923 seu
1119 5860 1373 5935 φρονοῦν,
1438 5857 1584 5930 quod
1634 5857 1838 5928 φρένας
1901 5855 2038 5910 dixit

2121 3363 2218 3415 καὶ
2247 3361 2587 3430 κατασκευή.
2621 3357 2736 3413 Νῦν
2761 3359 2818 3412 δὲ
2846 3357 2907 3412 τὸ
2951 3357 3179 3427 Πνεῦμα
3199 3359 3259 3411 τὸ
3290 3356 3449 3426 ἀγιον
3491 3357 3566 3418 ὡς
3599 3357 3672 3408 ἀεὶ

2123 3454 2321 3526 ζητοῦν
2348 3453 2502 3518 ἀξίαν
2525 3453 2798 3523 ἐνοίκησιν
2841 3449 2938 3505 καὶ
2963 3450 3289 3521 παραμονὴν
3336 3449 3549 3515 ἑαυτοῦ,
3595 3449 3674 3502 εύ-

2128 3551 2220 3622 ρδν
2245 3550 2345 3610 τὰς
2369 3547 2479 3600 τῶν
2516 3545 2688 3614 ἁγίων
2718 3542 3036 3598 ἀποστόλων
3062 3540 3267 3612 ψυχὰς,
3322 3543 3351 3595 ὅ
3404 3543 3518 3594 ἐστι
3566 3542 3673 3601 τοὺς

2124 3641 2400 3702 τοιούτους
2429 3638 2652 3709 νοητοὺς
2678 3636 2862 3700 οἴκους
2913 3635 3116 3702 αὐτῶν,
3164 3636 3547 3704 σεσαρωμένας
3597 3632 3673 3686 καὶ

2127 3740 2205 3799 εἰς
2239 3735 2434 3797 κάλλος
2467 3731 2848 3802 λαμπομένας,
2877 3731 2974 3784 καὶ
3005 3729 3297 3798 ἀποφορᾶς
3336 3728 3565 3791 εὐώδους
3592 3744 3674 3779 πε-

2129 3829 2472 3902 πλησμένας,
2499 3828 2594 3880 καί
2620 3825 2758 3879 πολὺ
2788 3825 2853 3877 τὸ
2904 3822 3135 3893 ὲφολκὺν
3176 3821 3344 3876 αὐτοῦ
3399 3821 3677 3888 εὐπραγού-

2131 3939 2246 3988 σας,
2267 3918 2512 3990 ὲνῴκησε
2535 3920 2648 3980 τοῖς
2689 3915 2954 3977 τοιούτοις
3001 3914 3174 3977 οἴκοις
3227 3914 3322 3968 τοῦ
3376 3912 3677 3984 ὀμοσθενοῦς

2132 4010 2281 4081 αὐτῷ
2310 4009 2405 4064 καὶ
2435 4007 2870 4077 συνουσιωμένου
2895 4005 3062 4074 ἁγίου
3117 4003 3439 4074 Πνεύματος
3474 4021 3488 4036 ο
3514 3999 3679 4061 absci-

2131 4101 2317 4157 ούσιον
2364 4099 2644 4155 κάνταῦθα
2699 4099 2798 4152 καὶ
2848 4096 3326 4166 προϐουλεύματος
3375 4095 3438 4147 οὐ
3513 4093 3677 4159 δεόμε-

2133 4212 2246 4261 νον,
2274 4192 2402 4248 ἔνθα
2427 4191 2550 4245 οὔτε
2576 4189 2792 4260 φθόνος,
2828 4187 2954 4241 οὔτε
2979 4186 3171 4250 στάσις
3219 4184 3446 4256 ἡτισοῦν
3473 4196 3677 4252 παρεισ-

2135 4288 2402 4359 κρίνεται.
2441 4284 2533 4355 Τῷ
2557 4283 2688 4353 γοῦν
2722 4281 2857 4352 οῐκῳ
2888 4281 2983 4334 τοῦ
3011 4279 3212 4348 Λόγου,
3241 4278 3445 4332 αὐτίκα
3500 4274 3554 4327 δὲ
3600 4275 3676 4325 καὶ

2134 4380 2226 4436 τοῦ
2257 4380 2489 4450 Πατρὸς,
2525 4379 2619 4432 καὶ
2653 4377 2712 4430 τὸ
2746 4375 2905 4442 ἀγιον
2937 4373 3160 4443 Πνεῦμα
3191 4373 3433 4442 σήμερον
3459 4371 3680 4436 ἐγκατοι-

2137 4473 2362 4539 κίζοιτο,
2399 4472 2566 4541 ήγουν
2593 4467 2866 4528 ἁπλοϊκῶς
2895 4468 3088 4532 εἰπεῖν,
3123 4466 3346 4519 ἐνοικεῖ.

2064 4592 2113 4652 ο
2212 4567 2344 4639 ρλθ’.
2375 4565 2448 4620 Τὸ
2512 4564 2570 4618 δὲ
2630 4563 2748 4633 ἰῆτο
2783 4557 2896 4632 εἶχε
2944 4561 3042 4631 μὲν
3099 4559 3193 4613 καὶ
3221 4559 3339 4652 ἰᾶτο
3382 4558 3550 4611 εἰπεῖν
3587 4571 3678 4607 κοι-
3709 4541 3728 4586 ι’

2139 4659 2355 4730 νότερον
2377 4656 2465 4712 διά
2499 4654 2596 4709 τοῦ
2625 4672 2660 4708 α
2692 4670 2706 4684 ’
2741 4650 3055 4708 ἀκολουθῶν
3083 4649 3140 4702 δὲ
3170 4648 3246 4712 ὡς
3271 4642 3360 4701 οἷα
3388 4644 3678 4714 ἐξωτερικδς

2136 4750 2212 4822 τῷ
2236 4749 2419 4822 ίητρδς
2439 4749 2534 4802 καὶ
2566 4748 2802 4818 ίητρεῖον
2837 4743 3090 4808 ίωνικῶς,
3115 4741 3208 4794 καὶ
3231 4741 3310 4810 τῷ
3327 4769 3354 4782 -
3377 4740 3480 4793 ούκ
3509 4736 3680 4807 ὀφθαλ-

2140 4845 2238 4914 μὸν
2293 4842 2529 4911 ἰήσεται,
2589 4836 2700 4891 οὐδ’
2745 4835 3072 4903 Ἐνοσίχθων
3099 4861 3124 4873 -
3154 4831 3355 4900 γράφει
3400 4832 3493 4883 καὶ
3545 4824 3678 4885 αὐτὸς

2135 4932 2371 4990 ἐνταῦθα
2406 4933 2526 5001 ίῆτο
2582 4929 2706 4983 ἀντὶ
2771 4925 2868 4980 τοῦ
2939 4925 3153 4995 ἰάτρευε
3189 4937 3203 4950 ·
3265 4923 3473 4992 φρένας
3521 4920 3570 4972 δὲ
3604 4918 3679 4968 τὸν

2136 5022 2370 5094 Χριστὸν
2393 5022 2573 5077 ἰᾶσθαι
2603 5019 2792 5090 φησὶν,
2815 5019 2878 5070 οὐ
2915 5016 2976 5070 τὸ
3006 5014 3339 5083 σπλάγχνον,
3395 5013 3494 5075 τάς
3523 5023 3679 5078 σωμα-

2136 5115 2294 5176 τικάς
2333 5111 2557 5183 δηλαδὴ.
2586 5105 2662 5165 ὧν
2693 5109 3025 5177 παρώνυμος
3057 5110 3089 5176 ὴ
3127 5107 3397 5175 φρενῖτις,
3427 5104 3558 5158 ἀλλά
3597 5099 3678 5159 τὰς

2137 5206 2401 5279 ψυχικὰς,
2431 5203 2555 5257 καθ’
2592 5201 2660 5265 ἃς
2687 5202 2982 5272 φρενήρεις
3043 5199 3362 5268 φαινόμενοι
3419 5195 3568 5261 εἶναι,
3605 5193 3681 5246 καῖ

2141 5297 2267 5352 οὔτε
2327 5294 2684 5368 φρεναπάτην
2754 5291 3012 5362 πάσχειν,
3081 5288 3205 5342 οὔτε
3270 5289 3678 5360 φρενοσλάὸειαν,

2141 5389 2447 5461 φρονοῦμεν
2483 5383 2841 5445 συντελούσας
2869 5400 2924 5436 τι
2956 5382 3050 5435 καὶ⁵
3102 5381 3298 5444 αὑτάς.
3369 5382 3564 5434 Ἐκεῖνο
3601 5375 3679 5446 μὲν

2141 5485 2249 5554 γὰρ
2282 5483 2462 5550 ἰατρός
2504 5494 2627 5532 ποτε
2655 5477 2894 5546 ποιήσει,
2923 5473 3114 5537 δεδιὼς
3143 5473 3218 5543 μὴ
3248 5477 3341 5526 καί
3393 5476 3454 5527 τὸ
3491 5469 3680 5540 ὑποχόν-

2141 5577 2287 5648 δριον
2305 5575 2335 5628 ὁ
2370 5572 2750 5642 ίατρευόμενος
2783 5567 3111 5639 δυσπαθήσῃ
3141 5565 3485 5636 κακοτροπίᾳ
3509 5563 3644 5618 νόσου
3663 5571 3678 5588 ⁰

2141 5669 2170 5721 ό
2193 5668 2250 5720 δὲ
2279 5665 2388 5718 τῶν
2419 5663 2609 5734 ψυχῶν
2644 5659 2850 5730 ἰατρὸς,
2885 5659 2914 5712 ὁ
2945 5656 3042 5710 τοῦ
3099 5657 3237 5711 Θεοῦ
3305 5657 3452 5716 Υἱὸς.
3503 5658 3554 5708 ἑν
3592 5650 3681 5707 τοῖς

2143 5757 2464 5821 ἀποστόλοις
2485 5755 2545 5808 τὸ
2576 5751 2724 5822 αὐτῷ
2751 5752 2942 5817 οίκεῖν,
2977 5748 3069 5803 τὸν
3115 5749 3240 5802 νοῦν
3287 5747 3584 5818 θεραπεύει,
3635 5743 3677 5796 ὃς

2143 5858 2258 5910 ἐστι
2289 5851 2349 5904 τὸ
2381 5851 2439 5904 ὲν
2464 5844 2770 5917 ἀνθρώποις
2802 5841 3060 5914 φρονοῦν,
3089 5841 3119 5895 ὃ
3151 5843 3356 5912 φρένας
3377 5837 3524 5894 εἶπεν
3545 5838 3570 5889 ὁ
3595 5848 3676 5903 μευ
