3824 6584
183 455 270 516 653

950 447 1032 507 IN
1072 447 1410 506 ΗΥΜΝΗΜ
1453 443 2107 506 PENTECOSTALEM
2145 443 2599 506 DAMASCENI.

3264 443 3370 512 654

382 563 434 614 τὸ
457 561 512 613 δὲ
533 560 594 624 ἐξ
621 563 895 631 ἁμαρτίας
957 565 1093 632 πρὸς
1148 565 1436 634 ἀκρίϐειαν
1491 563 1701 624 ἑννοίας

1814 569 1986 629 poeta.
2023 555 2135 613 lloc
2169 568 2346 612 autem
2382 578 2394 612 :
2428 558 2485 624 ἐξ
2517 561 2814 630 ἁμαρτίας.
2845 563 2913 617 ad
2964 564 3246 621 sententia:
3279 579 3370 617 ac-

182 657 327 712 κείται
353 667 366 682 ο
397 651 600 718 φρενῶν
629 651 738 721 γὰρ
763 652 1012 722 ψυχικῶν
1047 655 1256 722 ἰατρεία
1283 654 1358 716 ὡς
1409 655 1504 707 καὶ
1561 670 1695 724 καρ-

179 746 340 813 ὁίεις,ή
364 745 451 812 τῆς
473 744 744 814 ἁμαρτίας
770 746 1060 817 ἐξαίρεσις.

236 841 330 903 pp}.
358 834 458 886 Καὶ
489 835 796 903 σημείωσαι
826 837 884 890 τὸ
917 837 1056 904 ίῆτο,
1090 839 1259 910 ἤγουν
1301 839 1520 909 ίάτρευε
1568 841 1699 909 φρέ-

178 944 253 987 νας
278 926 328 991 ἐξ
357 925 618 994 ἁμαρτίας
651 943 667 958 ο
699 926 770 981 δι’
799 929 858 980 οὗ
917 929 1171 1000 δηλοῦται
1211 932 1293 985 ὃτι
1355 931 1499 985 καθά
1551 933 1697 987 νόσοι

177 1017 406 1085 σωμάτων
433 1018 487 1070 αί
514 1018 634 1072 κατ’
683 1021 861 1074 ἐκεῖνο
909 1021 1176 1092 καχεξίαι,
1233 1023 1379 1079 οὕτω
1424 1025 1522 1079 καὶ
1567 1043 1696 1097 φρε-

174 1108 259 1159 νῶν
280 1108 330 1160 αί
356 1108 616 1178 ἁμαρτίαι
645 1125 658 1140 ο
693 1111 785 1162 καὶ
810 1111 891 1164 ὃτι
919 1110 1037 1180 ἅμα
1063 1114 1293 1166 ἐκείνων
1321 1116 1464 1178 ἴασις
1497 1118 1696 1170 ἀποτε-

173 1200 335 1258 λεῖται,
358 1200 446 1252 καὶ
465 1200 664 1256 αὐτίκα
686 1200 851 1270 δόμος
880 1202 1016 1255 Θεοῦ
1065 1205 1274 1272 γίνεται
1305 1208 1333 1259 6
1373 1207 1697 1277 τεθεραπευ-

175 1289 307 1358 μένος
342 1305 354 1318 ⁶
381 1288 457 1352 ὡς
481 1289 538 1344 δὲ
564 1290 816 1357 σώματος
850 1292 1261 1355 καθικνοῦνται,
1291 1297 1436 1350 νόσοι
1488 1300 1582 1352 καὶ
1628 1299 1696 1353 δι’

169 1383 425 1453 ἁμαρτίας,
454 1383 625 1451 ἔμαθε
664 1385 760 1443 καὶ
781 1386 808 1437 6
833 1385 1072 1450 ἀκούσας
1095 1387 1179 1449 τὸ.
1211 1389 1318 1443 ’Ίδε
1342 1389 1499 1461 ὑγιὴς
1545 1390 1699 1460 γέγοο

168 1490 280 1538 νας’
307 1477 500 1544 μηκέτι
530 1477 816 1546 ἁμάρτανε
845 1495 860 1510 ·
893 1480 989 1534 καὶ
1013 1481 1125 1549 ἔχει
1153 1481 1391 1550 εὐλόγως
1424 1482 1518 1536 καὶ
1547 1488 1697 1536 τουτὶ

167 1569 214 1620 τὸ
242 1570 473 1639 πρᾶγμα.
510 1570 570 1622 Εἰ
601 1570 707 1641 γὰρ
729 1570 792 1625 τὸ
812 1572 933 1626 κατ’
960 1573 1249 1643 ἄνθρωπον
1275 1576 1566 1646 ὀργανικὸν
1593 1577 1696 1630 σῶ-

168 1678 229 1727 μα
273 1660 492 1728 βλάπτει
542 1661 724 1732 ψυχὴν
778 1663 924 1716 καθά
971 1666 1068 1718 καὶ
1113 1667 1364 1737 τεχνίτην
1410 1667 1697 1738 ἄνθρωπον

166 1753 241 1805 καὶ
263 1753 584 1822 ἐπιστήμονα
637 1755 898 1818 πολλάκις
944 1758 1310 1828 τραυματίζει
1367 1760 1463 1812 καὶ
1522 1759 1697 1824 ἄλλως

165 1841 210 1896 δὲ
227 1841 371 1895 λυπεῖ
392 1844 450 1897 τὸ
486 1844 613 1899 κατ’
641 1846 807 1900 αὐτὸν
833 1846 1088 1918 ὄργανον,
1124 1850 1234 1902 οὐδ’
1261 1854 1440 1905 ἐκεῖνο
1487 1852 1696 1917 ἀπαθὲς

1804 649 2142 701 curationem
2185 648 2450 718 ponitur:
2492 659 2772 718 pectorum
2828 653 2974 707 enim
3008 654 3370 724 spiritualium

1805 742 1946 795 sicut
1965 751 2013 795 et
2037 741 2220 796 cordis
2245 744 2480 802 curatio.
2512 750 2601 798 est
2623 743 2795 813 culpa:
2824 744 3056 800 avulsio.

1875 833 1998 887 μθ.
2023 832 2329 888 Notandum
2355 843 2440 889 est
2473 835 2574 890 hoc
2597 834 2720 890 loco
2753 853 2766 889 :
2804 836 2943 906 ἰῆτο,
3009 835 3125 891 sive
3180 837 3374 900 libera-

1807 924 1896 978 bat
1937 924 2172 994 peccatis
2197 937 2414 995 pectora
2441 943 2453 980 :
2480 926 2607 981 hinc
2625 926 3029 982 demonstratur
3057 929 3203 998 quod
3228 929 3376 990 sicut

1806 1018 1985 1072 morbi
2015 1018 2330 1088 corporales
2363 1028 2491 1080 sunt
2522 1019 2675 1074 malae
2708 1020 2958 1090 corporis
2995 1019 3368 1088 habitudines,

1805 1112 2278 1178 sicetpectorum"
2313 1112 2528 1180 culpas;
2589 1112 2864 1188 quodque,
2914 1113 3097 1168 statim
3141 1122 3200 1168 ut
3257 1113 3378 1170 illo-

1805 1218 1925 1257 rum
1968 1203 2181 1258 sanatio
2244 1203 2568 1274 completur,
2611 1205 2874 1260 continuo
2920 1204 3118 1260 domus
3171 1204 3263 1259 Dei
3317 1204 3378 1263 Ill:

1804 1304 2018 1351 sanata.
2046 1294 2203 1362 Quod
2235 1304 2414 1351 autem
2443 1297 2510 1353 ad
2541 1311 2739 1367 corpus
2768 1297 3040 1368 attingant
3089 1297 3265 1356 morbi
3291 1299 3375 1359 vel

1802 1403 1900 1457 per
1914 1389 2122 1458 culpas,
2153 1387 2244 1442 ille
2259 1387 2449 1442 didicit
2479 1389 2568 1454 qui
2605 1388 2686 1444 sic
2716 1389 2923 1444 audivit
2958 1409 2973 1446 :
3003 1387 3162 1457 Vide,
3199 1405 3370 1448 sanus

1805 1477 1984 1533 factus
2007 1492 2065 1532 es
2091 1494 2106 1544 ;
2134 1476 2244 1546 iam
2271 1477 2379 1532 noli
2411 1493 2656 1548 peccare.
2682 1477 2748 1532 Et
2777 1480 2879 1535 hoc
2938 1496 3157 1552 quoque
3201 1481 3375 1537 ratio-

1806 1571 1985 1626 nabile
2007 1580 2112 1625 est.
2135 1570 2194 1626 Si
2221 1572 2366 1626 enim
2391 1573 2706 1642 organieum
2741 1573 2978 1628 hominis
3018 1587 3218 1644 corpus
3250 1573 3371 1628 anl-

1805 1678 1950 1717 mam
1978 1663 2121 1717 laedit
2154 1662 2618 1732 quemadmodum
2651 1665 3010 1721 artitlciosum
3043 1673 3097 1720 et
3130 1667 3369 1736 peritum

1805 1752 2079 1807 hominem
2113 1766 2258 1822 saepe
2311 1753 2525 1808 sauciat
2579 1755 2819 1825 aliasque
2881 1756 3240 1818 contristatur
3291 1757 3374 1826 ip-

1804 1843 1920 1898 sius
1951 1842 2394 1906 instrumentum,
2419 1843 2566 1912 quod
2600 1858 2705 1898 non
2745 1855 2832 1899 est
2875 1860 3089 1924 semper
3120 1845 3373 1916 impassi-

163 1934 314 1999 ἁεὶὸν,
333 1935 510 1997 καλῶς
532 1955 661 1992 ποτε
695 1940 792 1993 καὶ
821 1941 954 1994 αὐτὸ
980 1941 1182 2010 πάσχει
1237 1945 1295 1995 ὲν
1334 1945 1513 2016 καιρῷ
1559 1945 1700 2000 κατά

1814 1935 1929 2000 bile,
1958 1935 2096 1990 bene
2123 1934 2416 2006 aliquando
2445 1935 2606 1990 etiam
2669 1936 2847 2011 ipsum
2891 1951 3016 1991 cum
3046 1937 3368 2007 opportuni-

164 2043 204 2082 τι
226 2026 586 2082 ἀντιπάθειαν.
623 2031 820 2091 ἰστέον
843 2030 904 2085 δὲ
933 2033 1013 2086 ὅτι
1068 2049 1129 2086 τε
1164 2035 1193 2086 6
1259 2035 1357 2104 μὲν
1402 2036 1698 2106 σύνδεσμος

166 2115 368 2171 ἐνταῦθα
393 2120 497 2180 οὐκ
524 2120 848 2178 ἀποδέδοται
879 2125 1150 2194 συνήθως,
1183 2125 1322 2179 ἀλλά
1376 2127 1527 2181 δοκεῖ
1569 2129 1698 2182 ἀνα-

165 2212 352 2274 πόδοτος
379 2207 524 2267 εἶναι
546 2215 817 2286 μερισμὸς
855 2218 1038 2280 ὁποῖος
1063 2218 1157 2272 καὶ
1205 2220 1262 2272 ἐν
1325 2222 1391 2290 τῇ
1449 2223 1699 2292 καταρχῇ

167 2305 312 2357 κεῖται
364 2305 458 2358 τοῦ
520 2305 823 2376 σεϐασμίου
864 2306 1070 2377 βιϐλίου
1122 2309 1233 2362 τῶν
1273 2308 1533 2381 Πράξεων
1595 2310 1702 2364 τῶν

163 2397 466 2452 ἀποστόλων.
517 2399 581 2452 Εί
615 2403 688 2471 μή
722 2418 806 2463 τις
835 2404 945 2471 ἄρα
985 2403 1175 2468 δεξιῶς
1227 2404 1392 2457 αὐτὸν
1451 2406 1702 2476 συνθήσει

163 2491 208 2540 ἐν
233 2489 304 2560 τῷ
325 2491 654 2560 ὁμοσθενοῦς
685 2494 744 2547 δὲ
788 2496 882 2549 καὶ
913 2497 1349 2566 συνουσιωμένου
1385 2516 1398 2528 ·
1429 2497 1517 2550 ἴνα
1571 2500 1705 2573 λέγῃ

156 2578 220 2639 ὡς
244 2583 304 2633 τὰ
332 2580 428 2650 μὲν
457 2582 566 2652 πρὸ
587 2583 779 2637 τούτου
811 2584 973 2655 δόμον
1014 2585 1285 2656 ἄχραντον
1307 2591 1336 2644 6
1373 2588 1504 2653 Θεὸς
1534 2592 1706 2656 Λόγος

161 2669 504 2735 κατεσκεύαζε
533 2687 552 2704 ⁸
593 2673 689 2728 νῦν
709 2674 766 2730 δὲ
792 2674 870 2746 τῷ
910 2677 1138 2749 τοιούτῳ
1159 2677 1300 2749 οἴκῳ
1325 2677 1479 2747 ἆγιον
1539 2681 1706 2734 Πνεῦ-

165 2763 700 2831 μαὲγκατοικίζεται.
734 2767 950 2837 Μέτρου
969 2769 1030 2822 δὲ
1063 2771 1285 2842 πιεσμῷ
1339 2773 1706 2843 σφιγγόμενος

158 2854 416 2925 ὁμελῳδὸς
450 2857 510 2912 τὸ
543 2860 639 2910 καὶ
671 2859 846 2930 ἑαυτῷ
871 2861 1242 2927 κατεσκεύαζε
1293 2864 1480 2936 δόμον,
1507 2868 1559 2935 χ’
1617 2867 1706 2920 a6-

161 2946 224 3016 τῷ
247 2948 402 3015 λέγει,
437 2951 771 3021 ἀφελόμενος
800 2955 901 3024 μὲν
926 2958 987 3010 τὸ
1017 2957 1137 3011 κατ’
1166 2957 1342 3029 ἀρχὴν
1366 2975 1391 3010 ε
1408 2961 1504 3028 τῆς
1531 2962 1708 3015 ἀντω-

163 3039 330 3107 ννμίας
367 3041 472 3111 τῆς
509 3044 600 3099 καὶ
622 3042 794 3108 οὕτως
827 3045 988 3100 πάλιν
1013 3048 1399 3122 δασυνομένηςο
1428 3053 1632 3124 τρέψας
1651 3043 1708 3109 δέ

163 3132 211 3185 τὸ
232 3147 260 3184 κ
287 3134 373 3186 τοῦ
426 3135 528 3190 καὶ
559 3139 858 3209 συνδέσμου
890 3143 969 3204 εἰς
989 3142 1327 3216 ἀντίστοιχον
1377 3145 1514 3200 δασὺ
1543 3148 1603 3202 τὸ
1646 3168 1702 3220 χ,

1803 2034 1914 2081 tate
1942 2027 2341 2099 quodammodo
2369 2027 2571 2096 patitur
2603 2026 2983 2098 antipatliiam.
3009 2027 3162 2084 Scito
3192 2037 3371 2083 autem

1804 2118 1949 2188 quod
1982 2116 2300 2184 conjunctio
2333 2118 2432 2186 μὲν
2463 2118 2553 2174 hic
2578 2133 2684 2173 non
2716 2133 2783 2173 ex
2843 2134 2993 2175 more
3026 2120 3371 2190 producitur,

1805 2211 1897 2266 sed
1930 2210 2145 2264 videtur
2174 2224 2294 2266 esse
2319 2212 2438 2265 sine
2467 2212 2828 2281 respondente
2863 2211 3149 2283 particula,
3183 2210 3365 2282 qualis

1806 2303 1858 2356 in
1885 2302 2043 2357 initio
2072 2302 2361 2358 venerandi
2396 2304 2624 2359 Aetuum
2653 2304 3024 2374 apostolorum
3088 2303 3211 2358 libri
3245 2303 3378 2373 legi,

1804 2406 1933 2463 tnr;
1964 2397 2068 2451 nisi
2089 2391 2214 2464 quis
2235 2410 2354 2451 eam
2388 2396 2684 2468 conjungat
2708 2411 2829 2452 cum
2862 2395 3008 2452 isto:
3043 2395 3374 2466 ὀμοσθενοῢς

1805 2487 1861 2542 δὲ
1895 2488 1990 2542 καὶ
2011 2489 2445 2558 συνουσιωμένου
2470 2505 2485 2552 ;
2518 2489 2737 2544 utdicat
2769 2489 2950 2560 :quod
2981 2497 3140 2543 antea
3161 2487 3374 2558 quidem

1809 2596 2000 2651 puram
2025 2579 2249 2642 domum
2284 2580 2423 2635 Deus
2447 2578 2685 2636 ‘Verbum
2713 2581 2975 2651 parabat;
3011 2595 3156 2635 nunc
3184 2590 3366 2646 autem

1809 2674 1863 2728 in
1919 2672 2025 2729 ista
2070 2673 2234 2727 domo
2295 2671 2529 2743 Spiritus
2593 2681 2820 2728 sanctus
2885 2671 3178 2728 inhabitat.
3220 2671 3378 2737 Metri

1807 2778 1941 2819 vero
1971 2763 2359 2819 constrictlone
2386 2778 2608 2834 pressus
2632 2773 2812 2833 poeta,
2843 2763 2947 2822 hoc
2979 2763 3160 2834 ἑαυτῷ
3210 2780 3385 2834 κατε-ι,

1811 2852 2048 2918 σκεύαζε
2103 2853 2415 2925 δόμον,-χ’
2450 2853 2599 2924 αύτῷ
2665 2853 2822 2921 dicit,
2879 2841 3380 2926 dimissaquidem

1813 2946 2007 3001 initiati
2049 2945 2227 3000 littera
2250 2961 2276 2998 ε
2314 2943 2681 3014 pronominis,
2720 2943 2866 3012 quod
2905 2943 2988 3008 sic
3014 2942 3183 2999 etiam
3222 2957 3383 3012 aspce

1813 3053 1876 3094 ro
1918 3037 2111 3108 spiritu
2139 3046 2390 3104 notatur;
2425 3051 2690 3092 conversa
2744 3044 2924 3092 autem
2975 3035 3381 3107 coniunctionis

1810 3131 1992 3186 littera
2023 3146 2058 3182 κ
2085 3128 2137 3182 in
2166 3141 2413 3198 asperam
2437 3127 2681 3197 ejusdem
2714 3126 2922 3182 ordinis
2948 3143 3001 3197 χ,
3025 3136 3152 3197 post
3196 3127 3383 3188 elisio,

167 3223 280 3286 μετά
305 3225 399 3292 τὴν
426 3227 574 3295 λόγῳ
604 3229 928 3300 συναλοιφῆς
963 3231 1212 3303 ἔκθλιψιν
1247 3235 1348 3307 τῆς
1405 3253 1462 3290 αι
1489 3218 1706 3306 διφθόγ-

1815 3234 2062 3291 nem,per
2085 3219 2478 3289 synalaspbam,
2502 3218 2822 3288 diphthongi
2841 3236 2893 3272 an
2915 3234 2932 3286 ;
2951 3233 3072 3288 quae
3090 3219 3382 3290 diphthoue

1817 3327 1913 3333 μ--
1969 3311 2046 3333 -2-
2081 3310 2392 3333 :_--=-..-..._
2423 3307 2550 3333 an-“
2598 3309 2650 3333 ε,
2680 3309 2824 3333 ιη-.
2877 3309 3070 3333 .__--.-.
3291 3313 3375 3333 ι-.

161 3331 276 3383 γουο
336 3319 462 3388 ἥτις
507 3319 796 3390 δίφθογγος
855 3322 1026 3390 οὕτως
1084 3326 1296 3396 ὑπῆλθε
1349 3329 1707 3399 κουφισθεῖσα

1814 3327 1915 3383 gus
1966 3311 2048 3365 sic
2081 3310 2392 3365 insinuatur
2420 3307 2553 3363 elisa
2579 3309 2653 3388 ’in
2680 3309 2824 3365 hoc:
2875 3309 3070 3384 ἔρχομ’
3107 3310 3246 3382 ἔχων
3288 3313 3381 3376 ἐπὶ

165 3408 241 3460 καὶ
271 3410 324 3463 ὲν
344 3413 423 3479 τῷ
455 3438 485 3454 -
518 3410 754 3483 Ἐρχομ“
801 3414 938 3486 ἔχων
963 3417 1055 3470 ἐπὶ
1087 3417 1218 3488 νῆας
1248 3437 1264 3450 ·
1293 3450 1315 3462 ο
1343 3420 1456 3492 ἔχει
1507 3421 1565 3476 δὲ
1615 3426 1712 3478 καὶ

162 3501 478 3571 ἁρχετυπίαν
518 3507 767 3578 χρήσεως
797 3510 1134 3583 παλαιτάτης
1158 3513 1187 3564 6
1216 3513 1456 3582 μελῳδὸς
1495 3516 1558 3568 ἐκ
1615 3517 1712 3571 τοῦ

163 3595 400 3662 τυράννου
437 3598 716 3662 Οἰδίποδος
737 3600 797 3654 τὸ
815 3630 844 3643 -
873 3601 923 3672 χ’
951 3604 1114 3657 αὐτοῦ
1149 3632 1175 3646 ο
1200 3604 1324 3675 ἦτοι
1364 3608 1459 3661 καὶ
1493 3609 1708 3662 ἑαυτοῦ.

223 3683 358 3754 ρμα’.
381 3688 463 3740 Τὸ
494 3688 554 3741 δὲ
575 3690 884 3762 πάνταρχος
915 3693 1028 3746 ἴσον
1057 3694 1174 3748 ἐστὶ
1197 3695 1277 3766 τῷ
1308 3696 1709 3766 παμϐασιλεὺς,

165 3778 243 3828 καὶ
301 3779 604 3848 παντάναξ,
668 3784 762 3836 καὶ
801 3785 938 3850 ἄναξ
990 3787 1260 3855 ἀνάκτων,
1316 3788 1410 3842 καὶ
1459 3789 1710 3859 βασιλεὺς

167 3867 427 3940 βασιλέων,
465 3874 559 3928 καὶ
616 3875 804 3946 κύριος
869 3879 1250 3948 κυριευόντων,
1311 3881 1374 3935 τὸ
1416 3883 1473 3936 δὲ
1529 3884 1714 3953 μεῖζον

165 3963 244 4014 καὶ
268 3963 396 4026 Θεὸς
425 3965 590 4022 θεῶν.
614 3967 946 4039 Σεμνότερον
975 3971 1031 4024 δὲ
1064 3972 1375 4049 πάνταρχος
1406 3977 1588 4045 λέγειν
1624 3980 1714 4034 διὰ

165 4051 244 4105 τοῦ
270 4072 317 4121 τ,
349 4056 542 4127 ὥσπερ
567 4060 661 4113 καὶ
690 4060 988 4126 παντάναξ,
1052 4063 1198 4134 ἥπερ
1225 4065 1313 4118 δια
1342 4068 1503 4136 μόνου
1531 4069 1624 4122 τοῦ
1659 4089 1708 4138 ν,

167 4145 246 4199 καὶ
267 4149 470 4223 ηαίτία
492 4151 628 4223 δήλη
663 4167 679 4185 ·
714 4151 794 4206 διὸ
821 4153 917 4208 καὶ
939 4156 967 4208 6
1012 4158 1354 4228 παντουργὸς
1413 4163 1712 4233 προεκρίθη

167 4240 490 4309 ἐπιλέγεσθαι
519 4242 598 4314 τῷ
627 4243 770 4314 Θεῷ,
809 4245 902 4298 τοῦ
966 4248 1278 4322 πανούργου
1325 4253 1714 4324 ἀφορισθέντος

163 4330 546 4405 ὡςὲπιρῤήτου
587 4335 659 4388 τὰ
713 4337 923 4390 πλείω’
974 4343 1024 4392 εἰ
1082 4343 1178 4395 καὶ
1220 4344 1249 4396 6
1307 4347 1712 4419 παροιμιαστὴς

166 4423 354 4495 ἀγαθὴν
378 4425 590 4482 ἔννοιαν
629 4432 1007 4498 παρεισκρίνει
1058 4433 1230 4510 αὐτῷ,
1259 4424 1266 4434 ’
1294 4436 1422 4491 ἔνθα
1476 4439 1712 4491 ἐπαινῶν

159 4516 459 4585 ἑκφαίνετσιι
483 4520 576 4572 τὸν
603 4521 932 4592 πινοῡργον.
955 4524 1113 4594 Λόγῳ
1144 4525 1204 4577 δὲ
1228 4527 1400 4598 ὁμοίῳ
1427 4529 1522 4581 καὶ
1543 4545 1711 4582 παντ-

1811 3404 1967 3474 νῆας.
2012 3400 2185 3456 Habet
2205 3409 2384 3463 autem
2411 3401 2718 3470 exemplum
2743 3400 3184 3471 antiquissimum
3219 3415 3381 3473 poeta

1813 3510 1880 3548 ex
1914 3493 2124 3563 (Εύὶρο
2154 3508 2276 3562 rege
2319 3492 2652 3549 locutionem
2686 3493 2736 3565 χ’
2759 3494 2944 3560 αὑτοῦ,
2974 3494 3090 3549 sive
3133 3497 3224 3548 καὶ
3257 3497 3384 3551 tau,

1810 3586 1928 3644 τοῦ.

1886 3679 2011 3734 Mi.
2043 3678 2157 3735 Vox
2184 3679 2492 3750 πάνταρχος
2516 3679 2804 3750 aequivalet
2837 3683 2954 3737 voci
2982 3683 3385 3754 παμϐασιλεὺς,

1813 3788 2027 3828 necnon
2057 3773 2282 3828 vocibus
2314 3773 2620 3839 παντάναξ,
2660 3773 2800 3840 ἄναξ
2837 3775 3110 3852 ἀνάκτων,
3133 3776 3387 3848 βασιλεὺς

1816 3863 2101 3935 βασιλέων,
2140 3863 2329 3937 κύριος
2352 3867 2748 3948 κυριευόντωνς
2786 3879 2862 3936 ει,
2923 3870 3066 3939 quod
3120 3873 3244 3942 pius
3275 3883 3382 3949 est,

1813 3957 1943 4022 Θεὸς
1977 3957 2138 4015 θεῶν.
2168 3958 2357 4015 Salius
2392 3969 2575 4018 autem
2610 3961 2794 4023 dicere
2845 3965 3158 4038 πάνταρχος
3212 3981 3310 4037 per
3355 3985 3387 4019 τ

1815 4052 1960 4106 sicut
1982 4052 2282 4122 παντάναξ,
2312 4068 2474 4124 quam
2507 4068 2605 4130 per
2635 4054 2812 4110 solum
2833 4073 2882 4110 ν.
2904 4053 3061 4113 Ratio
3097 4057 3387 4113 manifesta

1813 4156 1913 4221 est,
1945 4147 2174 4216 ideoque
2193 4147 2222 4198 6
2248 4145 2592 4216 παντουργὸς
2620 4146 2802 4203 dicere
2847 4146 2915 4203 de
2973 4148 3084 4204 Deo
3143 4160 3386 4222 prestat,

1813 4254 1978 4311 quam
2031 4241 2059 4292 6
2085 4235 2432 4306 πανοῦργος,
2466 4237 2560 4306 qui
2589 4239 2911 4308 plerumque
2962 4239 3108 4295 malo
3153 4243 3388 4299 sumitur

1817 4347 2008 4390 sensu.
2064 4329 2122 4385 Si
2171 4327 2590 4388 Proverbiorum
2641 4340 2831 4394 auctor
2892 4332 3092 4388 bonam
3119 4335 3169 4390 ei
3199 4337 3391 4394 tribuit

1815 4424 2290 4496 signiﬁcationem,
2322 4422 2412 4478 hic
2447 4423 2736 4491 manifeste
2760 4425 2971 4485 videtur
3031 4425 3254 4482 laudare
3290 4430 3389 4489 τὸν

1816 4516 2149 4588 πανοῦργον.
2187 4516 2363 4572 Simili
2388 4517 2603 4576 ratione
2635 4521 2927 4582 πανταιτία
2949 4518 3151 4576 dicitur
3171 4524 3390 4593 sapien-

163 4609 296 4663 σιτία
330 4611 490 4680 σοφία
518 4611 734 4679 λέγεται
767 4615 800 4684 ἡ
860 4613 952 4666 τοῦ
989 4613 1124 4666 Θεοῦ
1158 4616 1308 4686 παρὰ
1336 4617 1538 4688 ἑταίρῳ
1567 4619 1707 4689 ᾴγίῳ

1814 4611 1885 4666 tia
1908 4609 2003 4665 Dei
2025 4611 2165 4678 apud
2197 4611 2407 4666 socium
2463 4620 2713 4668 sanctum
2745 4611 3040 4680 melodum,
3088 4630 3198 4671 non
3255 4631 3392 4673 cou-

164 4701 387 4773 μελῳδῷ,
410 4704 472 4757 ού
506 4703 643 4775 πρὸς
667 4704 986 4759 ἀκολουθίαν
1034 4707 1126 4760 τού
1179 4709 1468 4774 Παναίτιος
1524 4710 1712 4780 κυρίου

161 4791 408 4861 ὀνόματος
431 4811 446 4825 °
480 4795 564 4849 ὃτι
602 4795 661 4849 δὲ
685 4797 781 4849 καὶ
807 4797 932 4869 δίχα
963 4799 1055 4852 τοῦ
1087 4817 1118 4853 τ
1149 4801 1208 4853 ἐν
1251 4804 1364 4864 τοῖς
1391 4802 1650 4867 τοιούτοις
1679 4805 1713 4874 ἡ

159 4884 291 4956 αὐτὴ
309 4887 486 4942 ἔννοια
520 4886 751 4952 σώζεται
779 4890 939 4942 ὁποία
964 4887 1032 4961 ἦν
1062 4890 1130 4945 ἂν
1168 4893 1261 4946 καὶ
1318 4895 1456 4964 μετὰ
1522 4895 1618 4948 τοῦ
1661 4913 1711 4966 τ,

163 4974 307 5045 δῆλον
333 4979 452 5050 δίχα
480 4980 694 5033 πολλῶν
732 4979 908 5035 ἄλλων
937 4984 1032 5036 καὶ
1081 4987 1144 5036 ὲκ
1200 4985 1296 5038 τοῦ
1347 4987 1711 5063 πανωλεθρίᾳ,

165 5069 252 5122 καὶ
273 5071 364 5124 τοῦ
391 5071 674 5141 πανόπτην
707 5069 907 5124 κύκλον
969 5072 1121 5145 ἡλίου
1177 5074 1328 5127 καλῶ
1357 5092 1373 5108 ·
1420 5078 1616 5131 ταυτὸν
1670 5077 1716 5129 δ’

167 5159 331 5213 είπεῐν
355 5162 442 5216 τὸν
471 5163 628 5216 πάντ’
655 5162 962 5234 ἐφορῶντα,
995 5165 1087 5218 καὶ
1115 5163 1190 5226 ὡς
1216 5165 1283 5218 ἀν
1307 5167 1437 5237 φαίη
1469 5185 1554 5231 τις
1588 5186 1718 5222 παν-

166 5253 427 5324 τεπόπτην
454 5272 468 5286 ι
497 5256 766 5324 ἄχραντος
795 5253 852 5307 δὲ
880 5255 1043 5323 δόμος
1071 5257 1099 5308 6
1125 5255 1266 5328 ὑπὲρ
1331 5259 1440 5311 πᾶν
1493 5260 1720 5329 ἀρχικὸν

171 5343 423 5414 ὑπερῷον,
463 5348 491 5399 6
531 5346 762 5416 πρέπων
817 5344 1031 5407 πάντως
1078 5344 1222 5414 Θεῷ.
1283 5346 1534 5412 Τοιοῦτος
1578 5347 1633 5402 δὲ
1692 5351 1721 5401 6

167 5435 286 5496 ναὸς
309 5437 434 5491 Θεοῦ
459 5437 560 5504 ῶν,
585 5441 792 5499 ἐκεῖνος
820 5433 968 5500 οἶκος
996 5451 1012 5467 ⁸
1041 5435 1180 5491 ὥστε
1203 5441 1344 5492 κατά
1383 5439 1480 5508 τὴν
1512 5440 1719 5494 δαυιτι-

163 5528 262 5594 κήν
295 5528 542 5593 ἱκετείαν,
574 5525 642 5602 ἧς
674 5531 1151 5600 προεμνήσθημεν,
1178 5529 1246 5584 τὰ
1301 5531 1533 5585 ἐνταῦθα
1576 5532 1724 5600 γίνε-

169 5634 253 5668 ται
282 5634 297 5650 ο
328 5621 722 5686 κατασκευάζει
763 5622 862 5691 μὲν
897 5622 1004 5692 γὰρ
1035 5624 1063 5674 6
1094 5622 1222 5685 Υίὸς
1251 5625 1346 5676 καὶ
1375 5623 1505 5687 Θεὸς
1557 5624 1722 5694 δόμου

168 5710 424 5778 ὰχράντου
443 5715 570 5775 τοὺς
597 5714 951 5778 ἀποστόλους,
983 5713 1210 5782 καρδίαν
1239 5714 1483 5784 καθαρὰν
1527 5717 1725 5782 κτίζων

171 5801 224 5851 ἐν
253 5801 425 5868 αὐτοῖς
453 5821 468 5835 ·
501 5806 937 5874 ὲγκατοικίζεται
957 5803 1013 5857 at
1054 5805 1195 5858 κατά
1229 5806 1322 5857 τὸν
1352 5804 1584 5874 μελῳδὸν
1631 5806 1726 5858 αύ-

169 5890 284 5949 πΰθπι
314 5897 519 5972 πνεῦμα
550 5899 727 5968 εὐθὲς,
750 5895 1108 5968 ὲγκαινισμοῦ
1138 5895 1303 5968 λόγῳ»

1816 4710 2072 4773 gruentcr
2093 4703 2156 4757 ad
2172 4717 2368 4763 nomen
2391 4703 2668 4774 proprium
2691 4705 3002 4772 Παναίτιος.
3031 4707 3187 4775 Quod
3204 4721 3388 4767 autem

1818 4793 1982 4848 etiam
2013 4793 2069 4854 in
2099 4795 2368 4858 similibus
2392 4797 2596 4872 absque
2619 4815 2650 4858 τ
2681 4813 2929 4858 seryctur
2961 4801 3151 4856 eadem
3173 4813 3392 4864 senten-

1817 4886 1892 4939 tia
1916 4886 2094 4955 qualis
2117 4896 2263 4942 esset
2288 4903 2413 4943 cum
2438 4888 2541 4944 hac
2566 4889 2766 4956 littera,
2798 4891 2966 4961 patet,
3003 4903 3202 4964 praater
3232 4905 3394 4952 caete-

1820 4993 1905 5046 ra,
1937 4993 2001 5032 ex
2035 4977 2413 5048 πανωλεθρίας
2449 4988 2504 5035 et
2531 4981 2817 5055 πανόπτην
2843 4986 3029 5040 orbem
3051 4987 3183 5043 solis
3219 5002 3389 5058 voco;

1820 5066 1872 5120 id
1907 5077 2225 5134 est,cuncta
2255 5071 2628 5140 speculantem
2658 5089 2676 5142 ς
2708 5081 2786 5140 ει,
2813 5079 2969 5145 quasi
2990 5078 3160 5143 dicas,
3192 5097 3395 5134 παντε-

1822 5157 2042 5227 πόπτην
2098 5159 2404 5232 Ἀχραντος
2429 5162 2626 5219 deinde
2655 5175 2740 5220 est
2768 5165 2933 5236 δόμος
2967 5183 3198 5240 surgens
3227 5187 3395 5241 super

1820 5263 2041 5304 omnem
2070 5252 2386 5320 primarium
2413 5255 2692 5325 ordinem,
2719 5267 2772 5313 et
2797 5259 2906 5314 Deo
2927 5276 3154 5331 prorsus
3176 5277 3395 5333 compa-.-

1822 5350 1967 5397 tens.
1997 5343 2144 5398 Talis
2173 5359 2327 5410 vero,
2355 5363 2478 5414 quae
2505 5349 2766 5419 templum
2791 5349 2884 5405 Dei
2912 5361 3016 5418 est,
3042 5353 3133 5408 illa
3158 5353 3391 5424 domus;

1825 5434 2056 5503 utjnxta
2087 5434 2397 5492 Davidicam
2451 5441 2928 5510 supplicationem,
2987 5443 3054 5498 de
3082 5459 3189 5514 qua
3242 5459 3395 5499 men-

1825 5529 2026 5582 tionem
2062 5529 2314 5600 fecimus,
2338 5549 2425 5588 res
2485 5534 2560 5588 ibi
2609 5536 2760 5595 sint:
2810 5545 2964 5607 parat
2994 5538 3137 5597 enim
3170 5538 3394 5606 quidem
3495 5537 3516 5562 θ

1825 5615 1998 5672 Filius
2023 5635 2086 5673 ac
2121 5621 2283 5688 Deus,
2311 5625 2363 5678 in
2388 5625 2610 5689 domum
2643 5627 3072 5693 immaculatam,
3097 5630 3391 5704 apostolos,

1825 5726 1923 5766 cor
1951 5713 2214 5769 mundum
2245 5732 2436 5774 creans
2468 5719 2522 5772 in
2577 5719 2686 5786 eis;
2724 5720 2989 5776 inhabitat
3014 5732 3196 5777 autem
3239 5721 3394 5794 juxta

1826 5813 2040 5875 poetam
2066 5806 2265 5862 ibidem
2300 5809 2524 5878 spiritus
2549 5821 2749 5877 rectus,
2799 5811 3183 5883 dedicationis,
