3824 6594
126 459 229 550 ιη’

914 492 1007 551 ΙΝ
1052 486 1399 555 HYMNUM
1445 494 2081 559 PFNTECOSTALEM
2125 499 2584 563 DAMASCENL

3158 578 3165 581 _
3228 496 3331 566 cas

115 602 365 667 ἐτοιοῦτος
395 603 557 675 δόμος
586 606 921 678 πέπλησται,
978 607 1039 662 οὗ
1073 609 1169 674 νὺξ
1204 608 1302 663 οὐκ
1332 606 1440 664 οἵδε
1488 625 1655 664 καταη

1787 615 1984 669 uminis
2014 614 2410 682 acceptionem,
2433 615 2577 684 quod
2606 614 2695 671 ille
2726 615 2955 671 irradiat
2978 626 3067 685 ;et
3097 616 3327 687 spiritali

113 697 399 767 καυχᾶσθαι.

169 880 289 949 ρμδ’.
316 879 533 934 Τούτων
561 881 734 945 οὕτως
784 882 1039 951 ἐχόντων,
1071 882 1282 935 ἔπεισιν
1344 880 1497 952 ἡμῖν¹
1526 883 1661 935 ἀνα-

112 972 383 1041 δρομοῦσιν,
404 973 484 1029 εἱς
513 973 615 1042 τὴν
643 974 817 1045 ἀργὴν
853 973 950 1027 τοῦ
988 974 1329 1043 ὲξηγημένου
1355 971 1655 1041 τροπαρὶου

113 1063 351 1131 θεωρῆσαι
382 1063 592 1132 μήποτε
623 1065 723 1116 οὐκ
758 1065 835 1129 ἐξ
867 1065 1117 1135 ἀνάγκης
1142 1062 1171 1117 ό
1196 1063 1330 1127 Θεὸς
1368 1065 1487 1119 ἰᾶτο
1515 1064 1656 1136 κατὰ

109 1154 187 1204 τὴν
211 1151 438 1221 μελῳδὸν
484 1154 692 1223 φρένας
722 1156 818 1217 τὰς
848 1156 958 1208 τῶν
1015 1155 1328 1209 ἀποστόλων
1349 1173 1362 1187 ·
1391 1156 1441 1209 οἳ
1488 1155 1659 1209 καθά-

114 1243 203 1309 παξ
222 1244 497 1315 όλοψύχως
522 1247 671 1316 αὑτῷ
706 1247 999 1309 ἑνωθέντες
1028 1247 1261 1317 καθαροὶ
1289 1248 1491 1312 πάντες
1515 1243 1657 1318 ἦσαν

110 1338 229 1391 κατᾶ
275 1339 363 1391 τὶν
415 1340 628 1393 ὲκεὶνου
671 1340 851 1407 λόγον,
893 1340 1017 1410 δίχα
1065 1341 1185 1405 ἑνὸς
1228 1341 1323 1393 τοῦ
1380 1342 1657 1408 ἐπαράτου

118 1430 261 1484 Ἰούδα
283 1447 299 1461 ’
330 1432 465 1485 ἀλλὰ
484 1434 687 1501 φρένας
719 1433 913 1503 ἑτέρας
942 1433 1233 1494 δυσιάτους
1276 1436 1335 1487 ἐν
1364 1434 1442 1501 τῷ
1478 1433 1658 1504 ἁμαρ·

108 1525 279 1586 τάνειν,
306 1525 402 1576 καὶ
430 1523 607 1589 οὕτως
627 1526 842 1588 ὲκείνας
867 1524 1093 1594 ἱώμενος
1122 1526 1301 1595 ἑαυτῷ
1324 1529 1662 1583 κατεσκεύα-

110 1620 156 1682 ζε
182 1618 332 1689 δόμον
356 1621 694 1683 ἀποστόλων,
728 1624 902 1695 ἧγουν
946 1623 1320 1682 ἀποστολικὺν.
1348 1623 1406 1677 οὗ
1453 1625 1659 1679 οἱκονό‹

113 1725 184 1778 μοι
209 1709 402 1780 δηλαδὴ
435 1715 782 1784 κατέστησαν
809 1714 859 1767 οἱ
890 1714 1200 1780 ἀπόστολοι,
1229 1715 1405 1777 ὠςκαῖ
1429 1718 1660 1785 ἐργάται

107 1804 259 1857 δοῦλοι
293 1806 477 1858 πιστοὶ
509 1805 605 1859 καὶ
661 1806 820 1873 φίλοι,
856 1809 1110 1885 κοινωνοὶ.
1153 1806 1258 1861 ὑπὸ
1306 1808 1659 1880 οἱκοδεσπότῃ

1768 707 1975 760 lumine
2002 706 2126 763 talis
2154 707 2353 777 repleta
2389 718 2475 764 est
2516 711 2734 776 domus,
2760 716 2955 766 "contra
3016 727 3181 781 quam
3224 727 3327 765 nox

1767 795 1991 869 gloriari
2026 802 2217 857 nescit.

1834 890 1955 944 1H.
1998 889 2092 947 His
2127 891 2290 964 igitur
2345 894 2416 949 ita
2472 910 2592 949 sese
2624 894 2969 958 habentibus,
3024 894 3183 950 nobis
3236 908 3330 946 oc-

1765 983 1940 1039 currit
1991 987 2345 1043 redeuntibus
2378 987 2446 1042 ad
2508 988 2720 1042 initium
2768 998 3037 1043 enarrata:
3091 990 3331 1059 stiophm

1764 1077 2033 1145 speculari
2060 1094 2128 1132 ne
2152 1076 2292 1134 forte
2316 1093 2422 1133 non
2452 1078 2765 1134 necessario
2806 1077 2972 1140 Deus,
3011 1077 3166 1149 juxta
3203 1096 3328 1147 pae-

1761 1176 1895 1233 tam,
1937 1168 2314 1239 apostolorum
2352 1179 2571 1240 pectora
2608 1164 2857 1237 sanaret;
2900 1170 2992 1241 qui
3020 1169 3183 1223 semel
3215 1186 3334 1221 mn-

1760 1262 1890 1317 uino
1943 1263 2045 1332 ipsi
2105 1263 2266 1331 uniti,
2311 1263 2429 1333 puri
2495 1280 2686 1320 omnes
2742 1272 2900 1318 erant
2949 1264 3104 1333 juxta
3159 1262 3333 1341 ipsius

1763 1354 2017 1421 verbum,
2046 1364 2278 1426 excepto
2303 1371 2414 1412 uno
2449 1357 2709 1412 traditore
2739 1355 2898 1420 Juda,
2931 1355 3030 1411 sed
3071 1355 3175 1409 alia
3212 1371 3333 1424 per-

1761 1452 1949 1508 lora,a
1976 1455 2200 1513 peccato
2223 1456 2416 1500 curatu
2447 1445 2723 1510 difﬁcilia,
2752 1446 2974 1517 hmcque
3009 1446 3087 1501 sic
3134 1461 3337 1499 sanans

1765 1535 1868 1589 sibi
1900 1545 2242 1606 prtepararet
2273 1536 2494 1591 domum
2548 1536 2917 1607 apostolorum
2953 1536 3069 1592 sive
3115 1546 3333 1606 aposto-

1760 1625 1943 1692 licam,
1973 1626 2132 1696 cnjns
2167 1626 2440 1683 mconomi
2492 1642 2624 1683 sane
2686 1625 2977 1685 constituti
3024 1635 3151 1681 sunt
3202 1641 3336 1694 apo-

1761 1713 1912 1777 stoli,
1958 1725 2221 1786 tanquam
2255 1716 2514 1784 operarii,
2550 1716 2692 1772 servi
2741 1716 2925 1772 ﬁdeles
2948 1727 3001 1771 et
3050 1714 3208 1770 amici
3246 1731 3337 1770 so-

1761 1803 1911 1871 ciati,
1947 1807 2051 1860 sub
2118 1807 2348 1863 Domino
2404 1808 2606 1864 domus
2657 1808 2891 1864 ordinati
2941 1807 3073 1864 Deo.
3119 1807 3174 1861 Si
3209 1822 3338 1862 vero

109 1895 405 1966 τεταγμένοι
426 1897 504 1966 τῷ
527 1897 678 1967 Θεῷ.
708 1898 771 1951 El
806 1899 863 1959 δὲ
898 1899 1064 1968 δόμον
1105 1896 1257 1953 εἶπεν
1310 1900 1508 1964 ἑνικῶς
1564 1900 1660 1953 καὶ

1787 1900 1988 1956 Iomum
2024 1900 2379 1971 singulariter
2426 1902 2563 1956 dixit
2597 1909 2651 1956 et
2684 1917 2791 1956 non
2820 1899 3013 1955 domos
3052 1898 3104 1953 in
3137 1898 3337 1971 plurali

109 1988 159 2040 οὐ
179 1965 362 2057 δόμους
391 1965 798 2058 πληθυντικῶς,
831 1990 892 2044 οὐ
923 1965 1268 2060 θαυμαστέον
1298 1990 1449 2061 ἡμᾶς
1502 1990 1663 2043 ὲνθυ-
1694 1965 1736 2019 Β

113 2081 386 2151 μνωμένους
409 2081 511 2151 τὴν
545 2082 673 2152 μίαν
700 2082 865 2150 ἁγίαν
889 2082 1185 2150 καθολικὴν
1235 2082 1331 2137 καὶ
1375 2082 1662 2136 ἀποστολι-

111 2173 196 2241 κὴν
234 2172 585 2243 Ἐκκλησίαν,
612 2177 703 2229 τὸν
730 2175 826 2228 τοῦ
861 2175 999 2229 Θεοῦ
1029 2176 1218 2245 δόμον,
1248 2176 1340 2229 τὸν
1372 2176 1459 2230 διὰ
1491 2177 1664 2248 μέσης

113 2265 197 2331 τῆς
259 2266 721 2337 ἑκκλησιαστικῆς
789 2269 988 2335 λέξεως
1067 2269 1527 2341 ἐμπεριεχόμενον
1587 2270 1665 2339 τῷ

111 2357 372 2428 ἁγιωτάτῳ
402 2357 659 2429 συμϐόλῳ
682 2359 780 2428 τῆς
807 2362 1258 2433 κυσμοσωτηρὶου
1282 2360 1667 2432 χριστιανικῆς

110 2454 345 2516 πῖστεως.

564 2546 734 2621 ᾮδῆς
772 2548 953 2616 ἕκτης
981 2550 1197 2617 εἱρμόςο

112 2634 231 2693 XIV.
260 2638 518 2706 Ἰλασμδς
553 2641 706 2709 ἡμῖν,
754 2638 979 2710 Χριστὲ,
1010 2640 1106 2693 καὶ
1144 2639 1384 2711 σωτηρὶα

270 2728 329 2783 ’0
357 2731 637 2802 Δεσπότης
659 2731 907 2804 ἔλαμψας
930 2732 994 2786 ἐκ
1025 2733 1123 2802 τῆς
1150 2731 1450 2804 Παρθένου,

265 2823 381 2879 Ἵνα
408 2824 487 2889 ὡς
519 2826 810 2896 προφήτην
846 2825 1012 2897 θηρὸς
1043 2825 1107 2880 ὲκ
1165 2827 1455 2880 θαλαττίου

266 2918 511 2998 Στέρνων
552 2920 741 2975 Ἰωνᾶν
763 2920 859 2988 τῆς
891 2920 1101 2991 φθορᾶς
1143 2920 1455 2992 διαρπάσῃς

269 3010 430 3065 ὀλον
454 3011 548 3063 τὸν
585 3011 756 3076 Ἀδὰμ.
787 3013 1036 3085 παγγενῆ
1069 3016 1420 3070 πεπτωκότα.

178 3108 756 3179 ppz'..‘A0uvdp1n1og
812 3111 847 3179 ἡ
890 3107 1071 3164 ἔννοια
1130 3110 1287 3165 τοῦδε
1334 3111 1427 3165 τοῦ
1477 3111 1683 3183 εἱρμυῦ

115 3201 234 3271 πρὸς
258 3203 326 3254 τι
341 3200 440 3272 τῆς
464 3203 774 3271 παμφὼτου
805 3203 1022 3274 ἑορτῆς,
1056 3202 1230 3276 βραχῦ
1282 3221 1337 3257 τι
1391 3205 1673 3270 παντελῶς

1768 2005 2019 2054 numero,
2061 1992 2222 2047 nobis
2258 2006 2363 2054 non
2396 2003 2478 2047 est
2536 1991 2866 2056 mirandum,
2906 1988 3334 2061 recogitantibus

1767 2097 1930 2137 unam
1987 2096 2109 2136 esse
2170 2078 2421 2138 sanctam
2478 2083 2812 2138 catholicam
2875 2090 2931 2139 et
2983 2079 3361 2151 apostolicam-

1766 2171 2094 2242 Eeclesiam,
2130 2175 2219 2232 Dei
2251 2177 2513 2242 domum,
2553 2193 2676 2248 quae
2707 2176 2883 2232 media
2919 2174 3178 2231 Ecclesiae
3221 2172 3340 2227 dic-

1772 2269 1946 2335 tione,
1982 2268 2336 2324 sanctissimo
2357 2270 2607 2341 symbolo
2637 2270 2759 2325 lidei
2780 2268 3110 2334 Christianae,
3149 2266 3342 2322 mundi

1769 2353 2110 2422 servatricis,
2145 2357 2649 2425 comprehenditur.

2274 2531 2492 2588 Ilirmus
2516 2536 2630 2590 odor
2660 2545 2843 2590 castra.

1940 2621 2258 2692 Propitiatio
2289 2627 2466 2685 nobis.
2498 2627 2738 2691 Christe,
2767 2635 2822 2682 et
2845 2627 2994 2682 salus

1883 2714 2128 2770 Praesens
2159 2712 2385 2772 illuxisti
2412 2732 2476 2771 ex
2519 2714 2766 2788 Virgine,

1880 2808 1973 2876 Ut,
2005 2819 2266 2879 tanquam
2297 2812 2613 2881 prophetam
2646 2827 2711 2868 ex
2746 2812 2874 2867 ferte
2903 2812 3129 2866 marium

1884 2903 2210 2965 Pectoribus
2250 2906 2468 2975 Ionam,
2494 2925 2522 2964 a
2560 2910 2910 2980 corruptione
2937 2909 3179 2980 eriperes

1881 2997 2080 3055 Totum
2115 3001 2288 3056 Adam
2324 3018 2446 3057 eum
2473 3002 2619 3061 omni
2653 3018 2848 3073 genere
2875 3002 3184 3057 cadentem.

1848 3091 1978 3147 145.
2010 3090 2126 3147 Νοη
2157 3094 2442 3149 cohaerens
2491 3093 2653 3164 hujus
2694 3108 2868 3148 nexus
2899 3094 3168 3148 sententia
3221 3105 3371 3146 cum‘

1774 3183 2010 3256 reliquis
2055 3184 2401 3239 lucidissima:
2433 3184 2767 3251 festivitatis,
2796 3200 2919 3242 cum
2958 3189 3025 3241 ad
3059 3186 3198 3241 hanc
3230 3200 3347 3239 0m-

115 3264 307 3363 ἐκείνης
335 3264 672 3362 θιγγάνουσα
695 3293 836 3347 κατὰ
865 3264 1269 3366 τὸίἜλαμῷας
1302 3297 1365 3349 ὲκ
1381 3297 1479 3362 τῆς
1530 3264 1675 3370 "ap;

1787 3279 1913 3334 nino
1942 3278 2222 3349 paululum
2271 3277 2449 3349 attigit
2494 3277 2791 3334 secundum
2827 3278 3010 3333 istud:
3037 3264 3248 3333 Lusisti
3277 3280 3341 3332 de

115 3385 274 3450 θένου,
297 3386 495 3458 δηλαδὴ
529 3382 597 3459 ἧς
618 3388 951 3459 προλογὶσας
978 3387 1071 3442 τὸν
1118 3390 1377 3462 ὑπερφυῆ
1429 3392 1673 3459 τοκετὸν,

117 3479 541 3552 εὖθὺςὼςὲχρῆν
572 3482 882 3554 ἀσχολεῖται
909 3484 984 3547 εἱς
1033 3483 1092 3537 τὸ
1142 3485 1284 3538 κατὰ
1342 3486 1435 3539 τὸν
1482 3485 1683 3541 ἰωνᾶν

117 3572 262 3643 τέρας
289 3574 375 3627 τὸν
393 3576 669 3646 συστάτην
691 3576 791 3646 τῆς
811 3577 977 3649 ἕκτης
1005 3577 1167 3649 ᾠδῆς,
1205 3578 1341 3647 πρὸς
1369 3579 1399 3632 ὃ
1429 3580 1675 3650 παραϐο-

1776 3367 2025 3437 virgine;
2055 3366 2123 3421 de
2159 3367 2314 3437 cujus
2361 3381 2493 3421 sane
2524 3367 2782 3437 praeclara
2831 3368 3343 3439 supernaturalique

1781 3462 2042 3530 progenie
2068 3462 2390 3531 prolocutus
2419 3466 2524 3528 est,
2555 3461 2763 3526 statim,
2797 3472 2855 3517 ut
2897 3463 3203 3533 oportebat,
3251 3477 3347 3534 ap-

1778 3553 1945 3625 plicat
1970 3566 2251 3610 auctorem
2285 3554 2423 3613 sexti
2456 3555 2716 3611 carminis
2741 3554 2805 3610 ad
2835 3572 2987 3612 zona:
3011 3555 3311 3626 prodigium
3335 3572 3352 3624 ;

117 3659 272 3724 ὶικῶς
298 3663 502 3728 εἰκάζει
532 3663 602 3717 τὰ
635 3665 731 3718 τοῦ
779 3648 971 3734 Ἀδὰμ,
1016 3648 1192 3736 λέγων
1216 3666 1363 3721 οὕτω
1398 3688 1411 3701 ·
1474 3648 1676 3741 Χριστὲ

1787 3650 1934 3721 juxta
1962 3651 2107 3721 quod
2159 3650 2476 3722 parabolice
2509 3648 2757 3721 depingit
2791 3666 2880 3706 res
2913 3651 3129 3717 Adami,
3166 3650 3247 3705 sic
3275 3650 3365 3719 di-ﬁ

118 3752 146 3805 ό
187 3756 471 3825 Δεσπότης,
527 3757 755 3828 ἱλασμὸς
810 3758 943 3828 ἡμῖν
985 3758 1078 3811 καὶ
1134 3760 1380 3830 σωτηρία
1431 3758 1676 3832 ἔλαμψας

1787 3760 1950 3800 cens:
1981 3745 2195 3801 Christe
2218 3746 2551 3811 dominator,
2576 3745 2886 3815 propitiatio
2910 3744 3169 3816 salusque
3201 3744 3357 3799 nobis

118 3844 180 3896 ἐκ
204 3844 297 3911 τῆς
325 3846 687 3915 ἀειπαρθένου
720 3848 998 3904 θεοτόκου.
1033 3849 1134 3904 Διὰ
1173 3849 1227 3904 τί
1257 3868 1272 3916 ;
1319 3851 1676 3922 Συγκαταὸὰς

1787 3851 1813 3890 e
1852 3835 2077 3907 Deipara
2124 3853 2335 3907 semper
2372 3837 2594 3907 Virgine
2635 3837 2848 3892 lnxisti.
2884 3835 3198 3904 Quomodo?
3230 3835 3361 3890 Des-

120 3935 210 3988 καὶ
226 3939 578 4004 ταπεινωθεὶς
601 3940 658 3999 ἐς
686 3938 961 4009 τοσοῦτον,
1011 3943 1086 4007 ὡς
1116 3944 1184 3997 δι’
1232 3944 1383 4015 ἡμᾶς
1428 3944 1676 4015 γενέσθαι

1787 3931 2014 3988 cendisti
2046 3931 2331 3987 nobiscum
2358 3940 2412 3987 et
2443 3929 2767 3985 humiliatus
2807 3945 2890 3994 es,
2924 3940 2985 3983 ut
3012 3936 3236 3998 propter
3260 3943 3363 3981 nos

119 4029 213 4079 καὶ
251 4029 529 4102 ἄνθρωπος
549 4034 579 4085 ὁ
612 4031 772 4105 ἡμῶν
803 4033 1070 4104 πλάστης,
1124 4034 1213 4090 ἴνα
1247 4036 1489 4107 δηλονότι
1540 4038 1676 4092 καθὰ

1787 4034 1839 4080 et
1866 4026 2027 4079 homo
2052 4024 2231 4090 lieres,
2254 4025 2344 4094 qui
2399 4032 2582 4079 noster
2604 4039 2663 4079 es
2711 4031 2953 4089 creator;
2986 4033 3042 4077 ut
3067 4038 3196 4078 sane
3219 4022 3360 4077 sicut

120 4122 210 4175 τδν
234 4127 514 4197 προφήτην
561 4127 768 4193 Ἰωνᾶν,
798 4126 858 4191 ὃς
894 4128 1252 4198 προετύπωσε
1283 4129 1382 4201 τὴν
1411 4131 1476 4185 ἐκ
1501 4133 1676 4202 ταφῆς

1787 4119 2105 4189 prophetam
2137 4115 2355 4183 Jonam,
2395 4117 2489 4186 qui
2529 4116 2895 4186 praeﬁguravit
2921 4125 3066 4170 tuam
3097 4131 3126 4170 e
3154 4116 3361 4171 tumulo

120 4220 409 4288 τριημὲρου
440 4219 738 4275 ἀνάστασιν
779 4237 895 4286 σου,
931 4222 1232 4292 τεραστὶως
1262 4223 1586 4292 περιεσώσω
1620 4226 1676 4278 ἐκ

1791 4220 1915 4281 post
1987 4218 2094 4263 tres
2158 4208 2275 4263 dies
2329 4208 2823 4272 resurrectionem,
2868 4206 3193 4261 miraenlose
3258 4207 3367 4259 eri-

123 4307 228 4359 τῶν
253 4310 480 4378 στέρνων
498 4312 594 4364 τοῦ
619 4311 906 4365 θαλαττίου
930 4312 1096 4385 θηρός
1123 4328 1138 4343 ⁸
1169 4313 1338 4386 θῆρες
1361 4315 1469 4385 γὰρ
1490 4316 1584 4369 καὶ
1616 4317 1676 4371 τὰ

1789 4300 1955 4372 puisti
1983 4301 2050 4355 de
2065 4308 2260 4354 ventre
2314 4299 2597 4353 maritimae
2620 4298 2777 4364 ferae;
2811 4296 2939 4351 term
2974 4312 3207 4366 namque
3238 4307 3364 4351 sunt

123 4401 260 4470 κήτη
292 4417 307 4432 ·
342 4401 484 4457 οὕτω
504 4405 600 4457 καὶ
630 4404 721 4460 τὸν
758 4406 931 4475 Ἀδὰμ
982 4408 1104 4461 ὅλον
1148 4407 1455 4483 διαρπάσῃς
1491 4412 1555 4463 ὲκ
1588 4410 1676 4480 τῆς

1789 4402 1905 4465 cete
1936 4406 1952 4458 ;
1983 4391 2063 4444 sic
2093 4391 2256 4444 etiam
2299 4398 2471 4443 totum
2514 4388 2711 4453 Adam,
2750 4388 3004 4444 universe
3060 4389 3297 4458 lapsum,
3334 4408 3364 4439 υ

123 4491 341 4562 φθορᾶς,
373 4494 652 4567 παγγεννῆ
686 4496 1034 4551 πεπτωκότα.
1063 4497 1210 4569 Ὅλῳ
1245 4480 1450 4570 γὰρ
1493 4500 1676 4572 Ἀδὰμ,

1793 4484 2109 4557 perditione
2187 4483 2546 4539 subduceres.
2601 4480 2723 4536 Τοιί
2782 4483 2925 4536 enim
2982 4482 3178 4548 Adam,
3249 4482 3364 4536 sive

122 4584 288 4653 ηγουν
325 4586 476 4659 πάσῃ
530 4590 597 4658 τῇ
660 4587 720 4653 ἐξ
761 4587 931 4658 Ἀδὰμ
987 4587 1301 4662 ἀνθρωπίνῃ
1352 4591 1534 4660 φύσει,
1597 4593 1676 4646 κα¹

1797 4588 2006 4634 cuncta:
2038 4592 2160 4647 quae
2207 4576 2355 4632 venit
2388 4591 2452 4630 ex
2493 4574 2666 4628 Adam
2726 4574 2975 4629 humana:
3003 4583 3232 4635 natur-.10,
3263 4574 3361 4625 toti

122 4677 226 4749 ὅλῃ
248 4679 297 4732 δὲ
321 4682 461 4734 κατὰ
487 4678 688 4752 ψυχὴν,
710 4680 913 4752 δηλαδὴ
954 4681 1130 4745 ἄλλως
1154 4684 1249 4736 καὶ
1293 4684 1471 4755 σῶμα,
1533 4684 1676 4755 ἐδόθη

1799 4685 1930 4727 vero
1961 4670 2260 4725 secundum
2294 4672 2532 4724 animam
2568 4680 2623 4731 et
2648 4669 2755 4725 alio
2790 4683 2924 4722 sane
2962 4666 3123 4720 modo
3170 4682 3367 4720 secun-

120 4771 184 4824 τδ
211 4772 291 4825 διὰ
313 4775 409 4837 τὴν
432 4773 730 4845 ἁδαμιαὶαν
756 4774 1040 4853 ἁμαρτίαν
1073 4777 1369 4847 ἐπιτίμιον,
1405 4782 1502 4832 καὶ
1558 4781 1691 4833 πάν-

121 4878 215 4927 τες
240 4866 437 4920 ἐκεῖθεν
465 4865 644 4939 φθορᾷ
671 4867 866 4921 ὐποκεὶ
873 4884 1026 4938 μενοι
1061 4859 1488 4943 ὲπανεσώθημεν
1529 4871 1609 4934 εἱς
1634 4870 1694 4924 τὸ

125 4954 348 5025 ἀρχαῖον
380 4959 470 5012 διὰ
500 4960 602 5028 τῆς
631 4961 940 5032 γεννήσεως
965 4958 1059 5013 τοῦ
1081 4960 1342 5029 Χριστοῦ.

196 5054 343 5114 ρμςν.
372 5050 480 5103 Καὶ
509 5049 732 5122 τοιαύτη
765 5051 864 5121 μὲν
892 5053 925 5123 η
962 5052 1057 5106 τοῦ
1092 5052 1290 5123 εἱρμοῦ
1319 5053 1501 5109 ἔννοια
1528 5072 1542 5087 ·
1573 5054 1699 5109 τινὰ

123 5132 519 5212 δὲ’ἀντὶγραφα
540 5142 663 5196 ἀντὶ
706 5143 802 5197 τοῦ
872 5142 1097 5215 ἱλασμὸς
1131 5146 1229 5199 καὶ
1268 5147 1534 5217 σωτηρία,
1585 5147 1697 5201 ἱλα-

126 5230 270 5297 σμὸν
291 5234 378 5286 καὶ
409 5234 686 5306 σωτηρίαν
709 5233 893 5305 ἔχουσι
921 5240 1060 5291 κατὰ
1111 5238 1319 5293 πτῶσιν
1361 5240 1694 5311 αἰτιατικὴν,

125 5319 225 5375 ἴνα
261 5322 379 5398 λέγη
405 5328 436 5380 ό
471 5326 711 5399 μελῳδὸς
742 5329 824 5383 ὅτι
859 5329 1090 5401 ἱλασμὸν
1119 5335 1215 5386 καὶ
1266 5332 1540 5403 σωτηρίαν
1569 5334 1700 5403 ἡμῖν

124 5410 337 5482 λάμψαι
371 5417 701 5484 πεποίηκας.
720 5418 1034 5489 Σεμνοτὲρα
1056 5418 1112 5473 δὲ
1151 5421 1178 5490 ἢ
1235 5420 1428 5491 πρώτη
1474 5422 1659 5493 γραφὴ
1684 5435 1699 5451 ’

125 5500 444 5574 αὐτόχρημα
466 5506 580 5575 γὰρ
631 5506 864 5574 ἱλασμὸς
894 5508 989 5561 καὶ
1016 5508 1260 5578 σωτηρὶα
1284 5508 1431 5562 ἐστὶν
1479 5508 1507 5560 ὁ
1569 5507 1702 5578 Χρι-

129 5591 281 5651 στός.
327 5594 479 5650 Ίλάω
507 5597 565 5649 δέ
594 5598 713 5649 ἐστι
740 5596 802 5649 τὸ
823 5596 967 5665 θέμα
994 5595 1091 5649 τοῦ
1151 5596 1405 5668 ἱλασμοῦ,
1455 5597 1578 5651 ὅθεν
1610 5597 1704 5652 καὶ

1798 4761 1925 4816 dum
1949 4776 2173 4831 corpus,
2206 4760 2342 4815 ultio
2383 4761 2507 4814 data
2538 4772 2654 4828 est;
2689 4768 2743 4814 et
2775 4772 2964 4812 omnes
2997 4756 3194 4812 exinde
3221 4772 3317 4811 cor
3347 4787 3369 4797 -

1797 4851 2049 4923 ruptioni
2081 4852 2313 4922 subjecti
2362 4852 2415 4905 in
2451 4851 2741 4921 pristinum
2780 4858 2980 4905 statum
3021 4865 3115 4919 per
3169 4847 3372 4904 Christi

1800 4944 2142 4998 nativitatem
2183 4941 2535 5012 redintegrati
2571 4957 2785 4997 sumus.

1884 5036 2007 5092 HG.
2040 5036 2190 5091 Talis
2221 5044 2308 5091 est
2338 5050 2514 5089 nexus
2547 5032 2817 5089 sententia
2849 5050 2868 5102 ;
2909 5034 3155 5104 quaedam
3193 5043 3375 5090 autem

1802 5129 2156 5199 exemplaria
2210 5144 2308 5199 pro
2388 5124 2615 5195 ἱλασμός
2651 5135 2707 5181 et
2742 5125 3007 5199 σωτηρία,
3043 5126 3274 5195 ἱλασμόν
3323 5133 3378 5180 et

1805 5222 2079 5293 σωτηρίαν
2113 5236 2211 5291 per
2238 5234 2428 5275 casum
2467 5219 2840 5283 accusativum
2876 5219 3107 5285 habent;
3142 5226 3201 5274 ut
3231 5217 3377 5271 dicat

1805 5322 1966 5383 poeta
2000 5331 2011 5364 :
2045 5311 2486 5382 propitiationem
2518 5322 2572 5366 et
2627 5313 2858 5367 salutem
2892 5311 3055 5366 nobis
3086 5311 3266 5365 lucere
3306 5309 3379 5365 fe-

1806 5407 1952 5461 cisti.
1993 5405 2292 5477 Augustior
2318 5414 2497 5460 autem
2534 5405 2707 5475 prima
2735 5403 2999 5459 sententia
3032 5413 3116 5458 est
3148 5420 3161 5457 :
3189 5400 3375 5470 propi-

1809 5497 1961 5553 tiatio
1993 5512 2230 5567 namque
2267 5498 2447 5567 reipsa
2475 5512 2539 5551 ac
2592 5498 2741 5551 salus
2781 5507 2863 5551 est
2898 5496 3172 5550 Christus.
3217 5492 3381 5548 Ἰλάω

1805 5606 1959 5659 vero,
1995 5591 2138 5645 unde
2164 5606 2384 5661 quoque
2415 5591 2563 5645 venit
2620 5590 2933 5660 ἱλάσασθαι,
2968 5588 3121 5643 radix
3153 5598 3236 5642 est
3285 5587 3381 5639 τοῦ

126 5683 195 5735 τὸ
227 5683 503 5742 ἱλάσασθαι
536 5704 552 5720 ·
591 5690 744 5760 ῥῆμα
763 5689 821 5744 δὲ
851 5691 953 5744 οὐκ
984 5689 1283 5763 εὔχρηστον
1340 5690 1586 5760 πραχθὲν
1646 5692 1670 5744 ὲ

1812 5682 2065 5752 ἱλασμοῦ.
2101 5679 2338 5737 Verbum
2372 5691 2554 5737 autem
2601 5698 2707 5737 non
2740 5681 3027 5737 commode
3078 5680 3279 5733 laetum
3317 5696 3379 5731 ex

130 5776 303 5830 αὖτοῦ
318 5780 375 5832 τὸ
393 5782 635 5853 Πημιὼς
661 5783 871 5854 ἴστημι,
895 5785 1134 5854 παράγει
1178 5784 1239 5835 τὸ
1270 5784 1441 5852 ἵληθι,
1468 5786 1561 5837 καὶ
1590 5784 1704 5836 ἴλα-

130 5868 213 5929 θι.
251 5871 336 5923 καὶ
359 5873 417 5925 τδ
452 5876 680 5944 ἱλήκοις,
706 5878 825 5931 ἀντὶ
850 5875 942 5930 τοῦ
973 5876 1131 5937 ἵλεως
1168 5875 1306 5945 εἴης.
1339 5877 1407 5928 Ἣ
1439 5876 1494 5929 δὲ
1522 5892 1704 5948 παρσ-

1809 5774 1924 5845 ipsa
1967 5773 2121 5843 ἴλημι
2151 5783 2409 5845 tauquam
2446 5775 2662 5843 ἵστημι,
2701 5774 3042 5827 derivatione
3087 5772 3177 5825 dat
3210 5770 3380 5843 ἵληῦι,

1808 5880 1857 5921 et
1886 5866 2053 5931 ἵλαθι,
2073 5879 2123 5921 ct
2147 5867 2377 5938 ἱλήκοις,
2410 5882 2509 5934 pro
2530 5906 2543 5931 ,
2574 5866 2732 5929 ἵλεως
2767 5867 2905 5936 εἴης,
2952 5867 3220 5935 propitius
3239 5877 3378 5921 esto.

136 5961 303 6029 τωγὴ
329 5965 417 6018 τοῦ
445 5967 579 6022 ἱλάω
607 5969 702 6022 καὶ
762 5969 871 6022 τῶν
927 5968 1223 6036 συστοὶχων
1275 5966 1424 6035 αὐτῷ
1479 5985 1676 6035 περιττλ

1813 5957 2086 6013 Derivalin
2125 5967 2304 6012 autem
2341 5956 2435 6011 τοῦ
2463 5957 2597 6010 ἱλάω
2621 5956 2898 6027 ipsiusque
2923 5960 3259 6014 consortium
3298 5956 3384 6012 hic
