3760 6552
111 432 186 500 661
875 438 962 500 IN
989 439 1323 504 HYMNUM
1369 440 1849 505 PENTECOSTA
1862 445 2019 506 LEM
2068 446 2159 506 DA
2171 445 2528 508 MASCENI-
3207 451 3314 510 662

110 572 179 607 ναι
204 543 340 603 εἶπεν
363 545 699 611 ἀναστάντος
740 547 855 615 τοῦ,
878 549 954 613 ὡς
979 552 1007 602 ὁ
1054 551 1243 615 Ἰωνᾶς
1269 553 1643 624 προδιετῦπωα

1797 553 1918 606 ιίεςο
1963 552 2122 618 dixit,
2182 564 2521 624 resurgente,
2561 553 2679 624 qui,
2738 553 2883 610 sicut
2931 553 3102 610 Jonas
3139 552 3314 623 prmfi'

111 664 173 710 σε,
199 641 441 702 παθόντος
466 641 563 693 καὶ
595 644 740 711 ταφῇ
767 642 1014 707 δοθέντος
1044 647 1142 699 καὶ
1163 649 1221 699 ὲν
1247 651 1313 717 τῇ
1342 647 1521 716 κοιλίᾳ
1545 647 1640 715 τῆς

1801 646 1982 710 travit,
2022 661 2220 716 passus
2257 657 2339 703 est
2370 658 2423 702 et
2454 648 2660 705 tumqu
2693 649 2934 704 creditus
2962 657 3016 704 et
3043 648 3096 704 in
3123 655 3312 703 ventre

107 741 188 809 τῆς
211 733 486 804 γενομένου
514 735 752 802 Χριστοῦ
785 752 800 767 ο
829 739 860 808 ἡ
898 737 955 791 δὲ
989 738 1239 809 παροῦσα
1266 739 1376 811 ᾠδὴ
1403 739 1642 808 σωθῆναί

1801 753 1908 792 me
1963 741 2194 808 positus,
2235 739 2498 795 Christo:
2554 756 2792 810 praesens
2842 753 3024 796 autem
3086 754 3306 795 carmen

107 849 241 902 φησιν
264 828 658 897 ἀφαρπαγέντα
707 829 912 899 φθορᾶς
939 831 1032 883 τὸν
1071 833 1243 901 Ἀδὰμ
1291 834 1638 899 πεπτωκότα,

1800 843 1956 896 psum
2009 829 2204 894 Adam,
2253 845 2284 884 e
2322 832 2672 901 corruptione
2731 841 2972 900 raptum,
3021 831 3097 884 ait
3143 830 3312 886 fuisse

108 920 305 994 Χριστοῦ
334 921 652 992 λάμψαντος
695 923 759 976 ὲκ
787 923 889 994 τῆς
924 924 1309 994 Ἀειπαρθὲνου
1337 942 1350 955 ·
1391 923 1643 990 δεξιώτα-

1797 921 2040 986 ιῐνιιιιιιιι,
2087 937 2210 978 cum
2263 922 2516 981 Christus
2547 940 2577 981 e
2625 939 2838 993 semper
2871 922 3096 993 Virgine
3148 923 3309 987 luxit,

106 1035 160 1070 τα
175 1016 257 1082 τῆς
286 1013 551 1084 μελῳδίας
577 1015 924 1084 ἀνατιθείσης
954 1016 1015 1068 τὸ
1041 1015 1174 1069 αὐτὸ
1203 1015 1369 1070 καλὸν
1401 1016 1516 1068 ἐκεῖ
1543 1015 1644 1085 μὲν

1801 1014 1975 1070 el'odia
2011 1015 2148 1072 idem
2185 1015 2386 1073 bonum
2416 1018 2698 1074 commode
2739 1017 3013 1073 tribuente
3051 1016 3161 1070 illic
3190 1017 3314 1085 qui-

105 1112 155 1179 τῇ
174 1108 417 1178 θεοσὼμῳ
445 1111 590 1176 ταφῇ
636 1109 732 1162 τοῦ
763 1109 1000 1178 Χριστοῦ
1053 1111 1120 1180 τῇ
1177 1111 1640 1180 ὲπισφραγιστικῇ

106 1201 183 1268 τῆς
207 1199 355 1267 ἡμῶν
402 1201 678 1268 σωτηρίας
709 1211 726 1228 ⁸
777 1200 1014 1254 ἐνταῦθα
1079 1201 1136 1254 δὲ
1185 1203 1252 1272 τῇ
1300 1204 1641 1272 καταρκτικῇ

107 1291 179 1346 τοῦ
200 1291 432 1360 σωθῆναι
457 1291 518 1343 τὸ
540 1292 830 1358 ἀδαμιαίον
864 1292 1098 1363 φύραμα
1129 1296 1381 1364 γεννήσει
1408 1295 1640 1346 ἐκείνουο

105 1386 150 1436 ἐν
166 1379 233 1446 οἷς
256 1385 454 1435 ταυτόν
482 1384 629 1436 ἐστιν
656 1384 720 1436 ὲκ
750 1384 875 1453 χοὸς
921 1386 1099 1438 εἰπεῖν
1142 1383 1643 1454 ἀνοικοδομηοῆναι

104 1477 182 1545 τὴν
207 1475 319 1526 κατ’
345 1473 633 1545 ἄνθρωπον
660 1475 868 1538 οὐσίαν,
896 1476 922 1528 ὃ
977 1479 1098 1530 ἐστι
1147 1475 1310 1544 φύσιν
1361 1475 1502 1529 κατὰ
1555 1474 1644 1528 τὸν

106 1564 454 1634 Δαμασκηνδν.
479 1567 576 1619 καὶ
607 1567 672 1620 ἐκ
731 1565 939 1636 φθορᾶς
992 1567 1308 1638 ἁρπαγῆναι
1367 1566 1458 1619 τὸν
1524 1567 1646 1621 ὅλον

114 1655 286 1723 Ἀδὰμο
327 1655 751 1726 ωμὸιόἀζοντος
777 1656 870 1711 τοῦ
905 1658 1096 1729 εἱρμοῦ
1130 1660 1224 1712 καὶ
1271 1657 1332 1712 τὸ
1362 1659 1504 1714 κατὰ
1555 1657 1646 1712 τὸν

116 1747 290 1810 Ίωνᾶν,
314 1746 394 1806 εῑς
431 1766 555 1801 τινα
588 1749 782 1818 ὁμοίαν
818 1751 1014 1822 ἐκείνῳ
1041 1751 1276 1815 ἔννοιαν,
1317 1749 1392 1814 ὡς
1424 1750 1646 1806 δύναται

1745 1106 1866 1162 dem
1902 1108 2213 1164 venerando
2263 1110 2467 1166 Christi
2558 1109 2811 1180 sepulcro
2864 1107 3062 1165 salutis
3116 1118 3320 1163 nostra:

1744 1199 1956 1270 sigillo;
1984 1200 2072 1256 hic
2120 1211 2298 1256 autem
2333 1201 2612 1272 incipienti
2655 1216 2889 1256 massam
2943 1201 3303 1256 Adamiticam

1745 1293 1974 1357 salvare,
2027 1292 2295 1348 nativitati
2345 1292 2479 1364 ejus
2513 1310 2527 1345 :
2565 1292 2618 1346 in
2670 1292 2870 1362 quibus
2906 1292 3048 1348 idem
3101 1301 3184 1348 est
3242 1307 3306 1345 ex

1747 1385 1914 1440 humo
1944 1393 2304 1440 restauratam
2331 1385 2498 1440 fuisse
2525 1386 2886 1442 substantiam
2922 1386 3183 1449 hominis,
3211 1387 3315 1440 hoc

1745 1487 1850 1540 est,
1908 1485 2183 1541 naturam,
2225 1477 2385 1546 juxta
2423 1479 2844 1540 Damascenum,
2897 1486 2956 1532 et
3003 1493 3068 1532 ex
3125 1493 3319 1534 corru—

1747 1571 1929 1639 ptione
1982 1569 2152 1623 fuisse
2194 1579 2408 1638 raptum
2457 1578 2632 1623 totum
2665 1571 2832 1624 Adam
2878 1569 3033 1638 juxta
3094 1585 3318 1632 nexum,

1745 1660 1838 1729 qui
1873 1659 2018 1728 quod
2064 1656 2347 1714 adJonam
2405 1659 2637 1723 attinet,
2695 1661 2940 1716 concinit
2989 1661 3203 1715 cuidam
3242 1661 3318 1714 illi

1747 1751 1916 1808 simili
1963 1751 2268 1816 sententias,
2327 1759 2386 1806 ut
2438 1754 2728 1821 concipere
2768 1762 2949 1822 potest
3005 1753 3059 1807 in
3117 1753 3323 1807 divinis

105 1843 428 1898 διασκευάσαι
463 1847 491 1898 ὁ
523 1844 591 1898 τὰ
619 1844 738 1899 θεῖα
767 1847 954 1911 σοφός.
985 1847 1146 1898 Δοκεῖ
1182 1845 1238 1898 δὲ
1281 1848 1314 1917 ἡ
1374 1844 1476 1916 μὲν
1530 1841 1650 1898 ἐκεῖ

110 1935 219 2003 μετά
252 1936 462 1989 πτῶσιν
487 1939 974 2008 ἀπικοδομηθεῖσα
1042 1940 1162 1993 θεία
1218 1940 1398 2005 οὐσία,
1449 1939 1650 2008 πτῶμα

107 2029 256 2098 Zoibe
283 2029 483 2099 δηλοῦν
511 2031 573 2082 τὸ
600 2031 677 2094 εἰς
713 2032 876 2086 αὐτδν
910 2035 1002 2086 τὸν
1031 2033 1164 2104 ᾂδην
1191 2047 1203 2063 ⁸
1236 2033 1265 2087 δ
1310 2032 1366 2084 δὲ
1395 2033 1471 2095 ὡς
1499 2030 1653 2101 ιῐρη·

107 2136 173 2172 ται
200 2119 502 2182 πεπτωκὼς
544 2121 740 2191 Ἀδὰμ,
774 2122 1056 2191 ἔμπτωσιν
1109 2123 1186 2186 ὡς
1255 2121 1337 2186 είς
1376 2121 1510 2193 ᾅδην
1557 2120 1655 2184 τὴν

108 2210 284 2264 κοιλίαν
301 2209 395 2264 τοῦ
427 2213 632 2283 κήτους
666 2229 681 2244 ο
718 2215 799 2270 εἰς
837 2214 892 2267 δὲ
923 2215 984 2266 sb
1019 2215 1275 2285 παγγενῆ
1329 2211 1655 2286 χρησιμεύει

107 2302 218 2356 κατά
241 2319 297 2356 τε
324 2305 548 2377 γραφὴν
583 2307 674 2359 καὶ
703 2307 824 2359 κατ’
856 2307 1064 2361 ἔννοιαν
1089 2310 1122 2380 ἡ
1153 2307 1470 2380 ψαλλομένη
1511 2323 1653 2375 παγ-

107 2397 239 2466 γενὴς
275 2399 488 2469 κατάρα
513 2401 611 2470 τῆς
641 2401 1012 2473 προμήτορος.

289 2491 620 2561 Τροπάριον
645 2491 879 2563 πρῶτον
907 2491 1014 2563 τῆς
1048 2493 1227 2561 ἕκτης
1254 2493 1440 2563 ᾠδῆς.

108 2581 200 2638 XV.
233 2583 476 2655 Ἰμερτδν
505 2587 639 2654 ἡμῖν
665 2587 821 2650 εὺθὲς
854 2588 912 2640 ὲν
945 2590 1057 2650 τοῖς
1085 2587 1342 2657 ὲγκᾶτοις

219 2675 457 2738 Αἰωνίως
486 2675 668 2743 ἕξουσι
699 2677 918 2748 πνεῦμα
943 2681 1227 2747 καινίσοις,

225 2768 732 2841 Πατροπροΰλήτως
781 2770 1014 2824 πάντοτε
1076 2771 1442 2842 ξυνημμένον,

223 2863 393 2933 Ὕλης
423 2863 697 2932 ἀπεχθοῦς
723 2864 1021 2926 καυστικὸς
1061 2863 1444 2934 μολυσμάτων,

236 2958 434 3012 Ῥύπου
465 2976 526 3012 τε
564 2959 762 3021 παντὸς
789 2959 1048 3029 ῥυπτικὸν
1078 2959 1479 3028 παντοκράτορ.

167 3049 296 3119 ρμθ’.
333 3049 613 3120 Καθαρῶς
639 3049 698 3102 τὸ
734 3050 908 3119 natva
941 3051 1239 3122 τροπάριον
1266 3053 1366 3122 τὴν
1416 3053 1515 3122 τῆς
1568 3053 1657 3105 ὲν-

113 3144 232 3208 νοίας
253 3143 504 3213 ἀφορμὴν
527 3143 594 3195 ἐκ
622 3141 715 3195 τοῦ
741 3143 1019 3213 πανσόφου
1047 3143 1160 3213 ἔχει
1181 3142 1370 3208 Δαϐὶδ,
1421 3143 1482 3197 οῦ
1538 3143 1654 3197 θεο-

1753 1847 1995 1917 sapiens.
2031 1845 2260 1904 Videtur
2310 1858 2493 1901 autem
2553 1847 2666 1902 illic
2707 1857 2834 1918 post
2875 1862 3060 1902 casum
3111 1853 3323 1902 restau-

1759 1949 1876 1996 rata
1904 1929 2086 1996 divina
2117 1939 2452 2008 substantia,
2490 1949 2808 1996 terrestrem
2840 1954 3032 1995 casum
3065 1941 3119 1994 in
3146 1939 3325 2010 ipsum

1756 2031 2030 2087 infernum
2061 2031 2304 2087 indicare
2329 2031 2539 2102 lapsum
2567 2049 2580 2085 :
2612 2031 2797 2100 lapsus
2814 2038 3019 2096 autem,
3045 2031 3327 2086 utdictum

1758 2133 1865 2189 est,
1895 2124 2094 2187 Adam,
2129 2125 2368 2193 lapsum,
2398 2136 2657 2195 tanquam
2683 2123 2736 2178 in
2783 2122 3082 2184 infernum,
3131 2123 3184 2175 in
3225 2122 3326 2176 ceti

1757 2229 2030 2274 ventrem.
2086 2215 2224 2273 Huic
2274 2226 2457 2273 autem
2504 2235 2518 2272 :
2568 2217 2844 2285 παγγενῆ,
2889 2215 3096 2271 servire
3152 2224 3324 2285 potest

1757 2312 1935 2382 quoad
1964 2309 2228 2381 scriptum
2249 2309 2498 2378 etquoad
2523 2323 2772 2372 sensum,
2801 2295 3029 2378 psalmis
3059 2307 3326 2361 celebrata

1762 2403 2046 2474 παγγενὴς
2081 2403 2217 2457 aviae
2249 2401 2584 2458 maledictio.

2083 2497 2396 2564 Traparium
2425 2499 2654 2566 primum
2683 2496 2797 2550 add:
2825 2503 3006 2550 sextis.

1938 2591 2306 2646 Desideratum
2339 2589 2495 2646 nobis
2519 2601 2722 2646 rectum
2756 2589 2812 2643 in
2844 2585 3202 2643 interioribus

1865 2684 2088 2740 Eterue
2108 2683 2378 2740 habituris
2413 2683 2672 2747 Spiritum
2703 2683 2948 2743 innoves.

1867 2777 1906 2830 Α
1940 2775 2097 2830 Patre
2126 2775 2508 2846 procedentem
2543 2774 2784 2844 undique
2813 2773 3152 2842 copulatum,

1867 2866 2100 2922 Materia
2135 2865 2372 2922 inimicae
2393 2865 2772 2921 comhnstilem
2808 2863 3260 2933 inquinatlonem,

1869 2957 2169 3029 Sardisque
2190 2959 2370 3014 omnis
2399 2958 2764 3030 purgativum,
2795 2971 2829 3010 ο
2859 2956 3226 3023 omnipotens.

1833 3052 1956 3108 M9.
1978 3052 2178 3107 Puram
2221 3052 2385 3122 hujus
2437 3051 2728 3108 sententia:
2763 3049 3034 3120 originem
3088 3061 3330 3118 praesens

1761 3144 1983 3213 strophe
2035 3153 2244 3198 tenete
2277 3143 2688 3214 sapientissimo
2724 3141 2912 3208 David,
2967 3155 3153 3210 quem,
3200 3152 3324 3193 cum

113 3233 454 3302 κλντήσαντος
485 3233 716 3303 καρδίαν
748 3233 895 3301 αὑτῷ
927 3232 1175 3304 καθαρὰν
1215 3235 1526 3305 κτισθῆναι,
1559 3237 1654 3291 καὶ

1797 3235 2047 3288 etirisset
2121 3248 2151 3288 a
2193 3235 2300 3288 Deo
2349 3234 2455 3290 sibi
2507 3249 2602 3288 cor
2630 3235 2890 3288 mundum
2933 3231 3130 3298 creari,
3163 3231 3328 3300 spiri—

114 3322 303 3394 πνεῦμα
334 3323 493 3388 εὒθὶς
525 3325 937 3397 ὲγκαινισθῆναι
974 3325 1088 3389 τοῖς
1149 3327 1404 3393 ὲγκὰτοις
1465 3325 1670 3388 αὐτοῦς

115 3416 232 3470 καθὰ
278 3416 369 3471 καὶ
431 3417 892 3487 προεγρὰψαμεν,
952 3417 1322 3490 παραφράσας
1361 3421 1388 3472 ὁ
1419 3418 1657 3488 μελῳδὸς

117 3503 445 3574 ὑπερεῦχεται
474 3507 556 3566 είς
585 3504 786 3570 κοινὸν,
816 3504 961 3558 οὕτω
988 3507 1126 3578 πρὸς
1162 3507 1488 3560 ἀκολουθίαν
1539 3509 1657 3578 ἑορ-

115 3597 346 3668 ταστικὴν
382 3597 742 3668 παραμιγνὺς
776 3598 872 3652 καὶ
902 3597 1187 3665 θεολογίαν
1211 3614 1227 3629 ο
1257 3593 1328 3651 Ὦ
1351 3594 1661 3671 παντοκρά-

116 3703 195 3755 τορ
220 3687 374 3755 Λόγε,
398 3687 670 3749 καινίσοις
699 3687 813 3740 εἴθε
853 3689 966 3751 τοῖς
1024 3687 1281 3756 ὲγκὰτοις
1331 3688 1486 3758 ἡμῶν
1551 3687 1660 3741 τῶν

118 3779 407 3846 χριστιανῶν
436 3777 656 3849 πνεῦμα
684 3779 905 3850 ίμερτδν
953 3780 1048 3831 καὶ
1076 3778 1255 3846 εὑθὲς,
1308 3780 1336 3834 δ
1391 3779 1485 3836 καὶ
1525 3782 1659 3836 αἰω-

118 3871 222 3935 νίως
244 3873 452 3942 ἓξοιμεν
480 3890 493 3903 ·
531 3872 619 3925 ἵνα
646 3873 720 3935 ὡς
749 3874 810 3926 τὸ
847 3873 1004 3940 ἅγιον
1034 3872 1258 3944 Πνεῦμα
1287 3873 1556 3943 συνῆπταί
1577 3891 1660 3928 σοι

118 3967 208 4030 ἀεὶ,
240 3965 403 4028 οὕτως
438 3968 471 4037 ἡ
506 3967 668 4038 χάρις
699 3984 792 4021 σου
823 3969 958 4039 μένῃ
986 3968 1277 4032 διαπαντδς
1337 3967 1456 4038 μεθ’
1505 3964 1661 4038 ἡμῶν

120 4051 206 4114 ἕως
231 4054 532 4116 συντελείας
569 4055 788 4119 αἰῶνος,
849 4055 912 4108 οὐ
981 4058 1434 4126 μεταμελομένου
1489 4059 1539 4110 εί
1586 4057 1660 4129 μὴ

125 4142 398 4210 φθάσαντες
431 4148 596 4216 ἡμεῖς
628 4148 958 4218 πταίσομεν,
999 4150 1124 4203 οὐδὶ
1152 4150 1384 4214 διδόντος
1415 4167 1658 4220 πνευμα-

120 4237 258 4302 τικῶς
287 4241 618 4310 πρὸσκαιρα.
653 4236 786 4294 Εἶτα
837 4243 1150 4311 φιλοσοφῶν
1193 4241 1542 4311 θεολογικῶς,
1576 4243 1663 4297 λέ·-

122 4343 190 4394 γει
216 4329 435 4383 πάντοτε
474 4330 536 4384 τὸ
587 4332 746 4398 ἅγιον
808 4331 1033 4400 Πνεῦμα
1086 4332 1353 4402 ξυνῆφθαι
1401 4333 1481 4403 τῷ
1551 4335 1663 4404 Υίῷ

123 4421 200 4472 καὶ
215 4419 362 4492 Λόγῳ
403 4419 498 4476 τοῦ
543 4422 680 4475 Θεοῦ
721 4423 1253 4494 πατροπροδλὴτως,
1283 4426 1340 4477 ἐν
1374 4425 1451 4489 τῷ
1475 4427 1538 4479 ὲκ
1566 4425 1660 4480 τοῦ

130 4511 304 4584 Harpe;
326 4515 530 4587 δηλαδὴ
587 4516 999 4587 προϐεϐλῆσθαι
1067 4517 1162 4571 καὶ
1221 4516 1659 4590 ἐκπορεύεσθαιο

125 4601 182 4664 ὡς
201 4603 328 4675 λόγῳ
351 4607 708 4675 συνωνυμίας
747 4608 1019 4678 μυστικῆς
1073 4609 1401 4680 ἀμφοτέρων
1452 4610 1661 4663 τούτων

126 4698 488 4769 ταυτιζομένων
527 4699 636 4753 τῶν
664 4701 881 4768 λέξεων.

180 4795 259 4855 pii.
290 4792 562 4861 Πρόδηλον
611 4793 666 4846 δὲ
718 4795 800 4848 ὅτι
867 4796 1144 4865 συνῆπται
1185 4798 1273 4852 ἀεὶ
1312 4799 1374 4852 τὸ
1438 4798 1664 4870 Πνεῦμα

128 4878 198 4930 καὶ
212 4881 281 4951 τῷ
307 4882 444 4954 Υίῷ,
505 4885 601 4938 καὶ
627 4885 701 4950 ὡς
731 4887 965 4940 πάντοτε
985 4888 1013 4940 ὀ
1051 4889 1240 4958 Πατὴρ
1280 4890 1338 4943 ὲν
1371 4889 1543 4960 αὐτῷ,
1574 4890 1666 4944 οῦ-

126 4985 186 5022 τω
211 4977 297 5028 καὶ
328 4978 386 5028 τὸ
414 4977 573 5044 ἅγιον
606 4977 837 5048 Πνεῦμα
862 4995 876 5009 °
912 4977 1029 5034 εἶτα
1061 4981 1156 5035 καὶ
1184 4981 1283 5052 τὴν
1343 4982 1475 5052 ἡμῖν
1515 4983 1667 5054 ἐνέρ-

127 5079 249 5130 γειαν
282 5070 374 5121 τοῦ
411 5069 575 5137 ἁγίου
610 5071 924 5140 Πνεῦματος
958 5073 1018 5126 ὲν
1076 5072 1334 5144 ὀλιγίστῳ
1387 5075 1666 5144 διασαφῶν

125 5154 411 5225 ὀμελῳδὸς,
449 5160 545 5214 καὶ
569 5161 941 5233 παραδεικνὺς
987 5161 1098 5233 πῦρ
1133 5162 1536 5217 καταναλίσκον
1590 5160 1668 5218 εἶ-

126 5262 196 5299 ναι
221 5249 361 5316 αὐτὸ,
393 5253 694 5306 καυστικὸν
737 5249 879 5307 εἷναί
930 5273 1063 5326 φησι
1110 5255 1476 5326 μολυσμάτων
1534 5256 1668 5325 ὕλης

129 5338 386 5412 ἀπεχθοῦς,
420 5345 516 5398 καὶ
557 5345 823 5416 ῥυπτικὸν
873 5348 901 5399 ὅ
934 5348 1052 5400 ἐστι
1101 5347 1434 5418 καθαρτικὸν
1493 5347 1665 5419 ῥύπου

131 5435 315 5503 παντὸς,
350 5437 442 5492 τοῦ
475 5439 619 5493 κατὰ
649 5437 773 5492 νοῦν
797 5439 1023 5510 δηλαδὴ,
1083 5440 1112 5493 ὃ
1155 5440 1412 5514 δηλοῦται
1457 5443 1516 5498 ἒν
1564 5443 1666 5513 τῷο

131 5523 410 5597 Καθάρισον
463 5531 614 5600 ἡμᾶς
673 5529 781 5583 ἀπὸ
835 5531 1017 5602 πάσης
1064 5533 1317 5601 κηλῖδοςο
1355 5535 1422 5605 ἢν
1475 5534 1668 5605 κηλῖδα

133 5615 205 5665 καὶ
229 5617 280 5668 ὃν
318 5619 482 5689 ῥύπον
506 5623 553 5674 οξ
586 5621 1020 5691 ἁπλουσάμενοι,
1083 5626 1316 5695 καθαροὶ
1343 5629 1410 5698 τῇ
1467 5627 1668 5698 καρδίᾳ

132 5706 204 5757 καὶ
225 5706 353 5763 οὕτω
385 5712 608 5766 θεόπται
632 5715 894 5781 γίνονται,
926 5716 1020 5768 καὶ
1051 5716 1168 5785 φῶς
1205 5717 1324 5787 Θεῷ
1382 5719 1536 5786 φίλον
1593 5719 1670 5782 ὡς

134 5794 316 5862 ἱμάτιον
339 5803 752 5860 ἀναϐάλλονται.
793 5807 992 5866 Ἰστέον
1026 5808 1084 5862 δὲ
1122 5809 1205 5863 ὅτι
1245 5827 1303 5862 τε
1339 5812 1397 5865 ἐν
1421 5811 1665 5875 παλαιοῖς

135 5888 448 5964 ἀντιγράφοις
507 5895 740 5968 εὓρηται
808 5897 982 5967 ῥύπου
1043 5901 1257 5967 φρενῶν
1291 5919 1349 5956 τε
1402 5901 1667 5967 ῥυπτικὸν

1764 3335 1987 3390 tumque
2031 3335 2238 3379 rectum
2269 3324 2324 3378 in
2350 3325 2653 3380 visceribus
2682 3325 2799 3380 suis
2838 3323 3111 3388 innovari,
3135 3337 3328 3392 quem-

1760 3414 2050 3468 admodum
2100 3424 2256 3468 antea
2302 3413 2649 3484 scripsimus,
2704 3421 3104 3468 commentatus
3155 3421 3331 3481 poeta,

1760 3506 1826 3560 ad
1861 3506 2162 3562 l‘estivalem
2213 3505 2684 3563 continuationem
2736 3507 3050 3562 admiscens
3108 3518 3330 3573 quoque

1765 3597 2114 3668 theologiam.
2147 3599 2228 3653 sic
2251 3599 2615 3654 communiter
2652 3599 3020 3668 deprecatur:
3062 3595 3106 3650 Ο
3157 3596 3332 3649 omni-

1762 3700 1955 3758 potens
1990 3688 2252 3756 Verbum,
2286 3691 2492 3744 utinam
2523 3691 2750 3746 innoves
2781 3688 2835 3744 in
2868 3687 3174 3742 visceribus
3207 3699 3333 3738 nos-

1764 3794 1904 3838 trum
1971 3782 2416 3842 Christianorum
2467 3783 2718 3854 spiritum
2775 3779 3196 3837 desiderabilem
3258 3792 3320 3831 ac
3374 3807 3386 3816 -

1761 3887 1990 3945 rectum,
2025 3893 2186 3948 quem
2215 3877 2269 3932 in
2302 3878 2692 3947 sempiternum
2727 3873 3059 3929 habeamus!
3085 3883 3163 3938 ut,
3185 3869 3328 3924 sicut

1766 3969 2007 4040 Spiritus
2031 3979 2252 4025 sanctus
2281 3983 2460 4024 tecum
2513 3979 2595 4024 est
2634 3983 2849 4038 semper
2884 3966 3094 4029 unitus,
3127 3966 3208 4018 sic
3242 3973 3334 4017 tua

1764 4062 1935 4132 gratia
1973 4076 2191 4132 semper
2237 4061 2525 4118 nobiscum
2577 4070 2795 4117 maneat
2851 4059 2918 4113 ad
2967 4057 3150 4113 surculi
3204 4071 3337 4111 con-

1765 4155 2212 4220 summationem,
2246 4163 2299 4208 te
2329 4169 2438 4208 non
2471 4153 2718 4208 variante
2745 4151 2847 4205 nisi
2884 4151 3036 4220 prius
3075 4163 3176 4203 nos
3207 4163 3334 4218 pce-

1765 4262 1977 4311 cemus,
2007 4261 2105 4301 nec
2127 4246 2449 4314 spiritaliter
2496 4251 2878 4299 momentanea
2919 4242 3099 4294 dante.
3134 4238 3337 4292 Deinde

1767 4341 2067 4414 theologice
2098 4339 2513 4410 phil050phans,
2534 4336 2610 4391 ait
2634 4335 2898 4407 Spiritum
2922 4343 3170 4389 sanctum
3198 4347 3336 4385 sem-

1767 4450 1862 4504 per
1891 4433 2148 4504 conjungi
2191 4447 2312 4486 cum
2367 4430 2504 4486 Filio
2539 4429 2826 4498 Verbaque
2877 4427 2967 4482 Dei
3018 4441 3330 4494 πατροπρο-

1769 4527 2002 4588 6λήτως,
2026 4525 2077 4579 in
2109 4523 2342 4592 eoquod
2375 4537 2506 4577 sane
2532 4537 2595 4575 ex
2625 4519 2782 4575 Patre
2820 4517 3137 4590 producitur
3172 4516 3336 4586 (upo-

1726 4587 2118 4684 ’6ε6λῆσθαι),
2161 4587 2512 4684 ctproeedit,
2565 4587 2846 4680 tanquam,
2896 4608 3122 4679 mystica
3180 4621 3340 4678 syno-

1767 4709 1974 4783 nymia,
2005 4701 2254 4777 utraque
2287 4707 2528 4762 dictione
2561 4704 2701 4759 idem
2743 4700 3101 4772 signiﬁcante.

1843 4803 1969 4860 150.
2013 4801 2362 4857 ManiieSt-Jm
2416 4807 2499 4852 est
2558 4806 2737 4852 autem
2803 4794 2946 4864 quod
2991 4793 3154 4848 etiam
3217 4805 3339 4846 cum

1769 4895 1905 4952 Filio
1933 4909 2150 4963 semper
2178 4891 2534 4962 coniungitur
2577 4887 2855 4958 Spiritus;
2893 4898 2948 4941 et
2985 4884 3340 4956 quemadmo-

1767 4989 1894 5043 dum
1925 4987 2086 5043 Pater
2110 4999 2324 5052 semper
2353 4991 2437 5038 est
2471 4983 2524 5036 in
2558 4982 2697 5048 ipso,
2730 4978 2813 5034 sic
2872 4978 3034 5033 etiam
3091 4974 3330 5046 Spiritus

1768 5087 2013 5135 sanctus.
2050 5076 2254 5130 Deinde
2290 5073 2447 5128 nobis
2479 5072 2640 5126 etiam
2679 5069 2850 5126 sancti
2886 5067 3126 5138 Spiritus
3160 5066 3342 5120 emea-

1768 5174 1906 5228 ciam
1927 5168 2249 5225 brevissime
2267 5164 2626 5222 manifestans
2649 5161 3115 5234 hymnographus,
3133 5159 3338 5226 ipsum-

1768 5281 1871 5333 quc
1889 5269 2303 5318 consumentem
2329 5261 2506 5330 ignem
2529 5272 2652 5313 esse
2668 5255 3077 5318 demonstrans,
3096 5259 3342 5307 urentem

1769 5370 1892 5411 esse
1937 5355 2072 5409 dicit
2119 5352 2459 5407 macularum
2506 5349 2752 5406 odiosam
2802 5347 3115 5407 tnateriam,
3151 5344 3309 5396 eluen

1773 5454 1992 5514 temque
2030 5457 2123 5497 seu
2151 5448 2477 5511 purgantem
2512 5453 2704 5493 omnes
2735 5436 2951 5499 sordes,
2986 5435 3108 5487 illas
3134 5430 3342 5484 scilicet

1769 5552 1891 5604 qua:
1923 5544 2171 5605 spectant
2198 5533 2263 5588 ad
2297 5538 2558 5596 mentem,
2590 5528 2734 5602 quod
2764 5531 2820 5582 in
2848 5529 2951 5582 hoc
2983 5528 3334 5579 demonstra-

1772 5635 1859 5679 tur
1903 5643 1916 5680 :
1961 5625 2158 5680 Munda
2215 5641 2312 5682 nos
2357 5625 2426 5681 ab
2472 5623 2618 5678 omni
2674 5622 2884 5676 macula
2919 5634 3078 5683 :.qua
3129 5617 3336 5669 macula

1771 5731 1988 5787 quaque
2013 5718 2176 5773 sorde
2205 5716 2370 5770 lavati
2411 5715 2530 5786 puri
2566 5723 2694 5768 sunt
2727 5712 2890 5764 rorde
2938 5709 3128 5776 sicque
3174 5705 3341 5759 Deum

1770 5808 2018 5864 videntes
2051 5806 2517 5874 ﬁunt,lumenque
2537 5805 2644 5858 Deo
2700 5801 2926 5855 charum
2963 5807 3220 5866 tanquam
3255 5813 3343 5850 ve-

1775 5905 2098 5961 stimentum
2153 5902 2405 5960 induunt.
2433 5897 2723 5956 Sciendum
2768 5902 2852 5953 est
2880 5901 3058 5952 autem
3107 5894 3250 5957 quod
3286 5891 3337 5942 in
