3824 6572
164 378 253 443 665

938 354 1041 436 ω’
1068 375 1407 440 HYMNUM
1447 377 2101 445 perrecosmtsn
2143 381 2607 445 DAMASCENI.

3278 377 3383 441 665
3428 428 3443 441 κ

158 489 240 555 τῆς
283 484 515 556 εύκταίῳ
546 485 828 554 Πνεύματι
865 486 939 556 τῷ
973 486 1278 557 εὐθυτάτῳ,
1322 486 1591 539 ἀντιθετεῖ
1643 486 1702 539 τό

1814 495 2019 561 ειιῑτὶιιιί
2065 495 2412 558 rectissimo,
2482 493 2776 564 opponitur
2824 492 3190 557 daemonium;
3230 476 3379 563 illm"

161 579 403 648 δαιμόνιον
423 596 436 608 ο
469 577 497 630 δ
519 578 614 631 καὶ
652 578 780 641 τοὺς
809 577 1017 649 κύκλῳ,
1047 577 1337 647 ψαλμικῶς
1373 579 1567 643 εἰπεῖν,
1600 595 1665 630 πε
1684 607 1699 617 -

164 667 494 738 ρτπατοῦντας
533 669 812 739 περιάγει,
851 668 944 719 καὶ
974 666 1130 720 οὐδὲν
1160 667 1364 734 ἀγαθὸν
1396 667 1534 735 πρὸς
1568 668 1700 735 ἁλή-

160 763 288 814 θειαν
321 759 591 829 εὐθύτητα
642 763 805 826 ποιεί,
851 759 987 815 ἀλλὰ
1021 745 1276 830 στρεόλοῖ
1306 759 1374 812 τὲ
1409 760 1586 812 πάντα
1622 761 1701 823 εἰς

157 855 211 907 τδ
250 853 373 921 ἡμῖν
420 853 764 923 ἀσύμφορον,
813 855 860 905 εί
898 851 973 922 μὴ
1027 842 1085 903 τὸ
1138 849 1294 912 εύθὲς
1342 851 1700 918 ἀντιπράττει

160 944 361 1013 Πνεῦμα
399 944 632 1014 βοηθοῦν
661 945 791 1014 ἡμῖν
811 960 826 975 ·
855 943 946 998 διὰ
976 943 1085 996 τῶν
1108 942 1359 1011 ὲγκάτων
1387 942 1443 995 δὲ
1474 943 1574 1010 τῆς
1598 941 1701 1011 ψυ-

158 1041 241 1110 χῆς
270 1039 498 1094 καὶτῶν
548 1039 672 1092 κατ’
715 1040 886 1107 αὐτὴν
935 1040 1199 1093 ποικίλων
1245 1039 1435 1094 θεόθεν
1480 1040 1701 1093 ἐννοιῶν

155 1130 423 1185 αἰνίττεται
461 1131 657 1200 βάθος,
678 1133 800 1187 καθ’
828 1132 856 1186 ὀ
897 1134 1300 1204 σημαινόμενον
1337 1135 1429 1187 καὶ
1465 1135 1493 1187 6
1537 1132 1703 1186 Δεισὶδ

155 1222 249 1282 τοῖς
276 1221 438 1275 αὑτοῦ
470 1222 621 1284 ἐντὸς
656 1225 899 1290 εὐλογεῖν
934 1225 994 1279 τό
1037 1224 1208 1295 ὄνομα
1250 1224 1459 1295 Κυρίου
1487 1218 1727 1278 ὲπιτέλ-’

156 1312 318 1365 ὶεται·
344 1312 403 1376 ὃς
428 1315 525 1369 καὶ
548 1318 612 1368 ἐκ
642 1316 900 1369 τοιούτων
931 1314 1142 1388 βαθέων
1171 1315 1464 1387 κεκραγὼς
1489 1316 1566 1385 τῷ
1596 1317 1703 1368 Κυ-

161 1405 244 1475 ρίῳ
268 1404 634 1477 εἰσακούεται.
675 1407 796 1479 Χρὴ
826 1410 934 1478 γὰρ
964 1410 1071 1462 πᾶν
1103 1409 1307 1476 ἀγαθὸν
1339 1406 1581 1478 ψυχικὸν.
1627 1407 1701 1477 μὴ

156 1495 453 1550 ἐπιπόλαιον
498 1497 891 1568 προφέρεσθαι,
948 1496 1066 1551 ἀλλ’
1114 1501 1384 1568 οἰκουρεῖν
1434 1497 1491 1550 έν
1549 1497 1700 1568 βάθει

154 1589 522 1657 τιμιευτικῶς,
553 1588 832 1662 θησαυροῦ
878 1589 1054 1661 δίκην,
1080 1586 1124 1659 ᾧ
1154 1592 1250 1645 καὶ⁹
1276 1592 1313 1661 ὴ
1342 1590 1436 1647 τοῦ
1468 1584 1707 1651 καθεκκί

157 1696 268 1732 στον
294 1679 490 1749 καρδία
523 1682 743 1735 σύνεστι
793 1680 935 1735 κατά
966 1680 1065 1752 τὴν
1103 1680 1264 1748 ἁγίαν
1295 1680 1543 1751 Γραφήν.
1573 1677 1701 1733 Ὀτι

153 1772 203 1825 δὲ
244 1772 301 1825 τὸ
344 1773 622 1840 ἑγκάτοις,
651 1774 880 1841 ἐγκασιν
921 1772 1024 1842 ἔφη
1065 1774 1094 1826 6
1127 1775 1185 1826 ὲν
1216 1775 1326 1837 τοῖς
1380 1770 1487 1836 ἔξω
1540 1770 1702 1839 σοφὸς

157 1863 385 1933 ποιητὴς,
415 1864 581 1932 δῆλον
630 1867 742 1928 τοῖς
773 1866 972 1919 εἰδόσιν
992 1881 1004 1895 ·
1039 1865 1097 1928 ὃς
1131 1866 1227 1920 καὶ
1272 1864 1333 1919 τὸ
1390 1862 1705 1936 προσώποις

156 1956 492 2027 προσώπασιν
514 1957 774 2030 ἔγραψεν⁹
793 1958 997 2028 ὁμοίως
1018 1960 1077 2012 τὸ
1092 1959 1311 2031 ἄστροις
1328 1959 1583 2030 ἄστρασι,
1612 1959 1705 2012 καὶ

156 2050 364 2121 ὀνείροις
381 2052 650 2121 ὀνείρασι.
670 2051 744 2104 Τὸ
762 2051 817 2104 δὲ
834 2050 1086 2122 μόλυσμα
1104 2053 1167 2105 ὲκ
1183 2052 1275 2105 τοῦ
1295 2052 1510 2122 μολύνω
1525 2070 1599 2104 πα
1610 2070 1708 2122 ρη-

156 2142 338 2211 γμένον
367 2144 627 2212 ἀναλογεῖ
654 2144 790 2217 πρὸς
815 2145 875 2199 τὸ
907 2146 1109 2215 μιαίνω
1137 2145 1375 2215 μίασμα,
1407 2145 1499 2199 καὶ
1527 2146 1706 2213 ἠδύνω

155 2234 355 2304 ἥδυσμα
378 2252 393 2267 ο
424 2236 485 2289 τὸ
513 2234 571 2288 δὲ
595 2236 828 2298 αίωνίως
851 2236 988 2306 πρὸς
1020 2235 1079 2288 τὸ
1109 2236 1340 2290 πάντοτε
1378 2234 1705 2307 ἀρμοστέον,

156 2327 229 2380 ira
259 2326 325 2381 δι’
348 2327 512 2398 εὐχῆς
563 2329 700 2399 ἡμῖν
747 2326 862 2397 εἴη,
909 2327 1145 2390 αἰωνίως
1187 2327 1245 2380 ὲν
1289 2328 1423 2398 ἡμῖν
1454 2327 1515 2381 τὸ
1550 2327 1705 2396 ἅγιον

154 2419 362 2489 Πνεῦμα
406 2416 549 2473 εἶναι
601 2421 663 2474 τὸ
717 2420 950 2475 πάντοτε
1006 2419 1355 2492 συνημμένον
1383 2419 1463 2488 τῷ
1498 2420 1706 2473 Παντο-

154 2510 385 2581 κράτορι.
420 2510 493 2563 Τὸ
522 2509 579 2564 δὲ
614 2509 789 2581 ῥύπου
847 2511 1135 2583 ῥυπτικὸν,
1163 2510 1280 2562 ἔστι
1314 2509 1413 2579 μὲν
1448 2508 1708 2579 ἐτυμολο-

155 2602 302 2669 γικοῦ
327 2602 549 2673 τρόπου,
586 2603 843 2673 Ἀττικῆς
891 2603 950 2657 δὲ
1000 2603 1188 2672 κοινῆς
1239 2602 1487 2674 γλώττης
1516 2603 1706 2674 ὥρμη-

156 2712 241 2749 ται
257 2711 270 2726 ο
289 2697 526 2751 τοιοῦτον
552 2697 610 2751 δὲ
633 2698 727 2752 καὶ
754 2698 816 2751 τὸ
843 2697 990 2766 λέγω
1018 2697 1196 2766 λόγον,
1216 2696 1310 2751 καὶ
1336 2695 1488 2751 ὑπνῶ
1513 2693 1704 2761 ὕπνον,

158 2789 246 2848 καὶ
273 2793 331 2844 τὰ
360 2791 540 2861 ὅμοια.

310 2993 639 3064 Τροπὰριον
663 2993 949 3064 δεύτερον
991 2992 1102 3064 τῆς
1128 2993 1310 3063 ἕκτης
1331 2993 1514 3062 ᾠδῆς.

224 3149 353 3207 XVl.
393 3150 649 3222 Ὀρεκτδν
680 3149 898 3221 ἀξίωμα
932 3152 1045 3214 τοῖς
1074 3149 1414 3215 ἀποστόλοις·

383 3245 666 3307 Σιωνίταις
701 3244 965 3313 μίμνουσι
993 3244 1092 3314 σὴν
1122 3244 1448 3313 παρουσίαν,
1520 3248 1529 3255 '

375 3334 676 3406 Γνώρισμα
708 3334 932 3405 Πνεῦμα
962 3334 1401 3405 πατρογεννήτου
1421 3334 1594 3401 Λόγου

380 3425 597 3498 Λέσχην
625 3425 807 3495 ἀπηνῆ
838 3425 945 3478 τῶν
978 3425 1148 3481 ὲθνῶν
1177 3425 1598 3495 ποππυσμάτων

385 3519 619 3572 Ὠκιστα
647 3519 857 3583 δεικνὺς
892 3518 1186 3588 πυρπνόως
1208 3515 1542 3587 καθιδρύεις.

229 3616 348 3679 ρνγι,
380 3607 687 3680 Εὐξώμεθα
735 3610 792 3663 ὲν
833 3608 912 3679 τῷ
954 3610 1183 3680 παρόντι
1216 3610 1497 3680 τροπαρίῳ
1545 3626 1727 3678 περι--

166 3703 327 3770 τυχεῖν
358 3703 683 3772 ἀντιγράφω
716 3701 999 3771 ἀσφάλτῳ.
1034 3695 1132 3765 Οἷς
1163 3700 1271 3771 γὰρ
1326 3700 1707 3772 ὲνεκύρσαμεν

166 3794 252 3847 οὐκ
278 3794 381 3847 ἔστι
418 3794 628 3865 μέμψιν
656 3795 813 3859 ἀξίαν
843 3797 1158 3862 ἐπενεγκεῖν
1181 3811 1195 3826 ·
1220 3793 1300 3862 τῷ
1324 3794 1462 3855 τέως
1482 3794 1539 3847 δὲ
1564 3794 1707 3865 γράη

166 3886 339 3955 ψαντες
368 3886 503 3958 πρὸς
534 3890 604 3942 τὰ
632 3888 1032 3959 παρευρημένα
1079 3888 1230 3952 ὅπως
1280 3890 1592 3960 ίσχύσομεν,
1616 3889 1708 3943 ὕσ-

166 3995 305 4049 τερον
333 3981 418 4035 ὅτε
468 3980 602 4051 ὀρθῇ
656 3980 868 4033 ἐκδόσει
921 3979 1375 4052 περιτευξόμεθα,
1403 3982 1525 4033 τότε
1569 3983 1709 4034 ἀνα-

170 4071 436 4142 κάμψομεν
460 4072 523 4126 τὸ
551 4073 652 4126 ούκ
676 4069 829 4125 εὐθύ.
860 4071 1110 4141 Λέγομεν
1141 4069 1237 4125 οῦν
1270 4074 1527 4143 ἀφορμὰς
1563 4072 1712 4144 εἱλη-

171 4166 310 4232 φότες
330 4167 391 4220 ἕκ
414 4182 559 4227 τινος
586 4165 1005 4235 προῦπάρξεως,
1032 4165 1115 4219 δτι
1144 4165 1292 4221 δοκεῖ
1313 4166 1447 4237 πρὸς
1468 4166 1528 4218 τὸ
1556 4166 1710 4234 ἅγιον

173 4257 561 4328 ἀποτεινόμενος
589 4255 817 4326 Πνεῦμα
840 4258 867 4309 ὀ
890 4256 1152 4326 μελῳδὸς,
1171 4255 1354 4324 λέγειν
1380 4254 1527 4309 οὕτω
1551 4271 1670 4318 πως
1692 4270 1707 4287 ·

169 4344 228 4404 Ὠ
274 4351 492 4422 Πνεῦμα
540 4350 721 4419 ἅγιον,
761 4348 1048 4419 γνώρισμα
1083 4349 1179 4403 τοῦ
1214 4348 1271 4414 ἐξ
1310 4349 1548 4420 ἀνάρχου
1603 4350 1714 4402 Πα-

167 4444 273 4514 τρδς
322 4445 673 4517 γεννηθέντος
722 4443 855 4497 Υίου
906 4444 999 4496 τοῦ
1046 4440 1204 4499 Θεοῦ.
1247 4442 1336 4504 Ὠς
1383 4441 1492 4512 γὰρ
1526 4443 1553 4495 6
1583 4441 1710 4505 Υἱὸς

1806 583 1903 637 hac
1939 596 1992 639 ct
2022 586 2145 641 illac
2195 585 2562 648 ambulantes,
2607 594 2666 639 ut
2717 600 2839 639 cum
2891 583 3140 639 Psalmis-
3165 582 3380 651 loquar,

1804 678 2186 743 circumducit,
2239 694 2341 733 nec
2397 678 2564 733 ullum
2622 676 2825 732 bonum
2873 676 3028 745 juxta
3093 675 3372 729 veritatem
3434 658 3439 667 ’

1805 769 2132 824 rectitudine
2165 770 2311 832 facit.
2353 771 2445 827 sed
2481 770 2666 824 omnia
2698 769 2989 838 detorquet
3027 765 3093 822 ad
3125 775 3371 821 nostrum
3444 818 3447 821 .

1805 859 2236 927 incommodum,
2267 861 2372 916 nisi
2406 862 2630 933 spiritus
2666 864 2872 926 rectus,
2918 857 3073 913 nobis
3106 856 3369 912 auxilium

1804 965 2105 1021 prmstans,
2152 955 2404 1010 obsistat.
2454 954 2555 1011 Per
2602 953 2798 1007 anima:
2845 952 3054 1008 viscera
3101 949 3372 1009 variarum
3426 1014 3435 1027 ν

1806 1047 1979 1114 ipsius
2014 1061 2043 1099 a
2077 1045 2185 1101 Deo
2216 1049 2607 1116 cogitationum
2644 1047 2987 1119 profunditas
3034 1043 3371 1106 insinuatur,

1802 1135 1958 1205 juxta
1986 1137 2130 1211 quod
2159 1137 2523 1213 significatum
2558 1139 2724 1195 David
2760 1133 2844 1210 his
2870 1154 2993 1209 quae
3015 1138 3156 1191 intra
3191 1134 3369 1203 ipsum

1806 1237 1958 1299 sunt,
1987 1239 2047 1284 ut
2076 1246 2275 1287 nomen
2321 1232 2537 1289 Domini
2581 1232 2931 1295 benedicant,
2977 1218 3244 1301 praecipit.
3308 1225 3379 1280 Et

1806 1321 1991 1389 etiam,
2032 1324 2179 1377 enim
2209 1338 2271 1377 ex
2302 1323 2504 1378 talibus
2530 1323 2811 1393 profundis
2859 1321 3117 1381 clamavit
3161 1320 3227 1372 ad
3275 1319 3377 1374 Do-

1806 1414 2053 1481 minum,
2104 1414 2415 1471 exauditur.
2465 1415 2691 1486 Oportet
2754 1416 2897 1470 enim
2967 1429 3130 1469 omne
3173 1404 3374 1467 bunum

1805 1505 2000 1561 animae
2044 1520 2151 1559 non
2184 1505 2250 1560 ad
2296 1507 2644 1576 superficiem
2698 1506 2951 1579 proferri,
2993 1506 3089 1560 sed
3140 1504 3379 1574 pretiose

1806 1593 2001 1650 dmuus
2049 1595 2103 1650 in
2150 1595 2425 1665 profundo
2470 1597 2791 1664 custodiri,
2821 1597 2964 1652 sicut
3027 1595 3373 1656 thesaurum,

1807 1685 1892 1738 cui
1938 1683 2093 1754 juxta
2128 1700 2343 1741 sacram
2389 1685 2758 1756 Scripturam,
2802 1685 3243 1755 uniuscujusque
3282 1698 3381 1737 cor

1809 1775 2127 1844 apponitur.
2185 1774 2339 1844 Quod
2389 1787 2569 1831 autem
2592 1792 2785 1832 vocem
2826 1777 3107 1846 ἐγκάτοις,
3150 1775 3378 1844 ἐγκασιν

1807 1868 1941 1922 dixit
1973 1867 2190 1938 sapiens
2215 1869 2355 1939 apud
2382 1879 2598 1925 exteros
2623 1880 2799 1938 poeta,
2826 1868 2959 1923 viris
2981 1867 3160 1922 doctis
3187 1876 3379 1921 notum

1806 1968 1892 2015 est
1923 1976 1939 2013 :
1971 1960 2228 2016 similiter
2255 1963 2477 2033 scripsit
2537 1961 2899 2033 προσώπασιν
2931 1977 3027 2032 pro
3058 1956 3378 2030 προσώποις

1805 2052 2040 2124 ἀστρασι
2068 2069 2166 2125 pro
2205 2053 2451 2125 ἄστροις,
2491 2065 2545 2111 ει
2572 2054 2820 2124 ὀνείρασι
2850 2068 2950 2123 pro
2979 2051 3231 2121 ὀνείροις.
3262 2048 3378 2106 Vox

1806 2151 1989 2197 autem
2020 2144 2278 2214 μόλυσμα
2302 2161 2331 2199 ε
2352 2146 2519 2200 verbo
2552 2145 2767 2215 μολύνω
2798 2144 3076 2201 derivatur
3099 2139 3380 2215 analogiae
3416 2198 3425 2207 _

1807 2249 1929 2289 eum
1966 2236 2209 2306 ςμιαίνω
2256 2237 2498 2309 μίασμα,
2550 2246 2605 2291 et
2651 2236 2831 2306 ἠδύνω
2887 2236 3130 2307 ἥδυσμα.
3168 2232 3381 2288 Adver-

1807 2328 1954 2381 bium
1990 2329 2226 2393 αίωνίως
2250 2329 2404 2400 juxta
2446 2329 2681 2383 πάντοτε
2714 2324 3246 2384 accommodandum
3272 2330 3376 2390 est,

1806 2428 1865 2473 ut
1904 2417 2062 2475 nobis
2098 2418 2170 2474 sit
2196 2418 2255 2474 in
2281 2429 2408 2474 voto
2445 2435 2659 2490 semper
2685 2417 2964 2491 (αἰωνίως)
2991 2417 3044 2472 ὶη
3072 2414 3228 2471 nobis
3255 2427 3377 2469 esse

1761 2510 1765 2514 ’
1809 2509 2083 2579 Spiritum
2128 2522 2402 2580 sanctum,
2439 2511 2532 2582 qui
2557 2514 2774 2567 summo
2805 2510 3129 2564 dominatori
3152 2519 3380 2576 semper

1810 2601 2090 2673 (πάντοτε)
2127 2604 2498 2675 coniungitur.
2536 2603 2648 2659 lloc
2670 2612 2850 2658 autem
2881 2603 3057 2673 ῥύπου
3092 2597 3378 2672 ῥυπτικόν,

1806 2699 1896 2746 est
1925 2692 2145 2761 quidem
2170 2693 2585 2773 Oetymol0gicus
2629 2702 2842 2762 tropus.
2875 2691 3052 2747 Attica
3073 2705 3201 2744 vero
3232 2703 3381 2761 com-

1808 2783 1959 2838 mimi
1998 2785 2185 2861 lingua
2233 2785 2524 2841 formatur.
2571 2784 2725 2840 Talia
2769 2795 2897 2841 sunt
2928 2802 2947 2851 ι,
2979 2782 3124 2853 λέγω
3175 2781 3378 2852 λόγον,

1806 2874 1962 2930 ὑπνῶ
1998 2876 2189 2945 ὕπνον,
2219 2889 2272 2934 ct
2303 2878 2531 2935 similia.

2086 2991 2407 3061 Troparium
2445 2994 2732 3048 secundum
2761 2993 2878 3049 eda:
2905 3003 3089 3057 sexta.

1983 3150 2306 3225 Appetibilis
2332 3154 2574 3225 dignitas
2607 3156 2876 3223 apostolis
2905 3176 2920 3211 :
3284 3204 3289 3209 .

1919 3242 2293 3309 Sioncnsihus,
2321 3250 2765 3316 exspectantibus
2803 3261 2949 3303 tuam
2979 3247 3346 3318 praesentiam,

1911 3333 2066 3401 Nota,
2111 3332 2345 3404 Spiritus
2366 3337 2535 3407 geniti
2565 3353 2594 3391 a
2625 3336 2785 3393 Patre
2818 3337 3000 3405 Verbi,

1910 3423 2092 3493 Nugas
2123 3425 2367 3481 inflectas
2394 3426 2781 3482 blanditiarum
2813 3430 3054 3501 gentium

1910 3514 2173 3572 Celeriter
2202 3528 2537 3583 monstrans,
2559 3519 2613 3574 in
2638 3520 2742 3576 illis
2774 3521 2945 3578 instar
2968 3521 3111 3592 ignis
3135 3523 3361 3580 insides.
3399 3554 3401 3557 τ

1876 3607 2275 3666 l53.'Gloriari
2336 3626 2635 3681 possumus
2691 3613 2746 3669 in
2812 3614 2913 3670 hac
2984 3617 3207 3686 strophe
3273 3631 3375 3673 nos

1806 3704 2116 3759 occurrisse
2162 3712 2279 3760 tuto
2321 3706 2619 3776 exemplari
2660 3725 2675 3762 :
2706 3707 2792 3763 his
2820 3708 2966 3763 enim
2988 3709 3189 3778 quibus
3224 3709 3401 3767 obvii,

1804 3795 2011 3852 fuimus
2054 3796 2192 3852 nihil
2237 3798 2628 3868 exprobatione
2674 3799 2898 3871 dignum
2947 3803 3137 3861 inferri
3176 3814 3376 3875 potest.

1808 3889 2104 3960 Ilueusque
2127 3904 2258 3945 vero
2283 3905 2408 3946 cum
2462 3895 2759 3948 secundum
2808 3894 3053 3962 inventa,
3102 3895 3380 3966 quomodo

1807 3982 2133 4065 valeremus.
2167 3984 2514 4055 scripsimus,
2570 3998 2757 4057 postea
2787 4003 2912 4044 eum
2948 3988 3173 4046 editioni
3217 3999 3383 4047 rectae

1810 4091 2185 4143 occurremus,
2214 4085 2344 4132 tunc
2363 4079 2508 4148 quod
2536 4094 2641 4134 non
2671 4087 2755 4134 est
2783 4090 2995 4142 rectum
3016 4082 3380 4152 corrigemus.
3406 4154 3411 4159 Δ
3516 4117 3528 4129 -

1812 4166 2054 4222 Dicimus
2081 4182 2231 4236 ergo,
2250 4168 2531 4224 exordium
2563 4184 2629 4224 ex
2645 4171 2973 4240 quihusdam
3009 4175 3382 4242 praeeuntibus

1810 4259 2068 4324 mutuati,
2099 4259 2244 4329 quod
2278 4258 2496 4314 videtur
2542 4262 2608 4318 ad
2641 4273 2895 4318 sanetqu
2938 4267 3182 4321 intentus
3212 4265 3386 4335 Spiri-

1813 4356 1927 4402 tum
1959 4359 2123 4421 poeta
2149 4350 2223 4404 ita
2252 4350 2660 4420 quodammodo
2690 4354 2925 4411 dicere:
2961 4353 3005 4409 Ο
3043 4365 3232 4412 sancte
3260 4356 3382 4427 Spi-

1815 4436 1975 4501 ritus,
2022 4435 2153 4491 Filii
2210 4435 2338 4504 Dei,
2391 4454 2460 4493 ex
2513 4436 2670 4495 Patre
2710 4441 3043 4512 principium
3103 4447 3383 4501 nesciente

169 4539 281 4606 ἡμῖν
323 4538 411 4591 τὸν
449 4540 670 4600 Πατέρα
719 4534 1002 4605 γνωρίζει,
1053 4533 1195 4587 οὕτω
1228 4533 1290 4587 σὺ
1332 4535 1422 4588 τόν
1454 4533 1605 4595 Υἱόν·
1635 4529 1707 4585 Ὦ

1814 4528 2006 4596 geniti,
2055 4529 2338 4593 revelatio,
2393 4529 2535 4584 sicut
2578 4528 2723 4585 enim
2776 4529 2947 4588 Filius
2993 4534 3152 4590 nobis
3186 4537 3386 4593 revelat

174 4633 294 4685 πάνυ
322 4632 545 4704 ὀρεκτδν
570 4630 791 4700 ἀξίωμα
820 4632 936 4693 τοῖς
967 4627 1287 4688 ἀποστόλοις
1322 4630 1431 4689 τοῖς
1467 4627 1524 4683 ὲν
1571 4626 1709 4681 Σιὼν

174 4721 472 4795 καθημένοις
493 4724 588 4778 καὶ
619 4723 950 4793 ἀναμένουσι
982 4718 1081 4791 τὴν
1108 4719 1414 4790 παρουσίαν
1444 4736 1540 4772 σου
1568 4718 1731 4797 καθὰ-

175 4818 636 4888 παρηγγέλθησαν.
661 4816 725 4871 σὺ
759 4815 835 4878 ὡς
869 4815 1002 4878 Θεὸς
1037 4812 1332 4885 πυρπνόος,
1362 4814 1455 4867 καὶ
1491 4811 1559 4864 δι’
1581 4812 1713 4866 αὐτὸ

173 4910 395 4982 φοϐερὸς,
420 4908 641 4972 δεικνὺς
670 4907 770 4979 τὴν
806 4907 1009 4977 λέσχην
1045 4907 1140 4957 καὶ
1188 4903 1287 4974 τὴν
1341 4904 1559 4973 ὁμιλίαν
1604 4903 1713 4956 τῶν

173 5003 291 5056 κατά
319 5004 387 5058 τὰ
413 5003 545 5072 ἔθνη
578 5002 647 5054 τά
678 5000 753 5071 μὴ
793 4998 964 5052 πιστὰ
1004 4995 1426 5066 ποππυσμὸνεων
1450 5011 1462 5024 ⁸
1490 4995 1573 5049 ὅτι
1612 4996 1712 5049 οὐκ

173 5093 295 5150 εστιν
326 5096 505 5165 ἐκείνη
540 5089 910 5161 πνευματικὴ,
940 5086 1077 5143 ἀλλὰ
1119 5087 1335 5157 ἀπηνὴς
1366 5084 1591 5147 ὥκισται
1620 5088 1715 5140 καὶ

175 5188 253 5241 σὺν
290 5188 462 5242 οὐδενὶ
512 5185 663 5256 πόνῳ
712 5180 1029 5252 καθιδρύεις
1059 5180 1188 5243 τοὺς
1237 5177 1484 5239 ὲθνικούς
1506 5195 1518 5209 ·
1548 5178 1715 5247 ἤγουν

174 5281 335 5347 ἁπλῶς
364 5281 610 5346 καθίζεις
643 5278 737 5332 καὶ
787 5274 932 5329 οὕτω
979 5272 1369 5340 κατασιγάζεις
1398 5271 1491 5325 καὶ
1527 5275 1717 5342 ἀκινη-

176 5372 321 5439 τίζειν
350 5376 542 5439 ποιεῖς,
580 5372 656 5434 ὡς
684 5370 884 5439 μηκέτι
939 5368 1113 5437 μέθην
1144 5362 1283 5420 εἶναι
1328 5364 1574 5435 νομίζειν
1617 5364 1731 5436 τὴν

177 5461 511 5533 ἀποστολικὴν
546 5461 838 5534 ῥητορείαν
860 5462 990 5514 ’καὶ
1012 5459 1256 5513 τοιοῦτον
1288 5458 1388 5529 μὲν
1414 5457 1489 5522 ὡς
1517 5458 1580 5511 ἐκ
1606 5459 1715 5511 τῶν

181 5560 585 5621 παραπεσόντων
636 5556 986 5624 ἀντιγράφων
1021 5556 1404 5625 ἠρανισάμεθα
1453 5552 1579 5606 νοῦν
1616 5554 1715 5624 δη-

179 5634 369 5709 λοῦντα,
399 5642 474 5706 ὡς
522 5647 582 5696 ὲν
631 5643 800 5712 ὀλίγῳ
837 5643 1069 5711 φράσαι,
1100 5645 1181 5701 ὅτι
1211 5641 1283 5699 Ὦ
1310 5645 1462 5711 ἅγιον
1493 5643 1714 5712 Πνεῦμα

164 5729 263 5796 -τὴν
284 5733 495 5803 ὲθνικὴν
525 5733 795 5804 φλυαρίαν
825 5735 964 5803 ταχὺ
1004 5735 1079 5799 ὡς
1118 5736 1251 5798 Θεὸς
1282 5735 1717 5805 παραδειγματί-

186 5833 286 5886 σις,
330 5824 697 5888 κατέπαυσας.
748 5826 811 5879 Et
862 5825 918 5879 δὲ
972 5826 1032 5879 τὸ
1082 5824 1375 5893 πυρπνόως
1427 5825 1715 5897 ἑπίῤῥημά

1815 4616 2055 4683 Patrem,
2085 4617 2164 4672 sic
2195 4625 2249 4673 et
2281 4629 2335 4672 tu
2366 4616 2605 4685 Filium;
2643 4647 2713 4663 --
2743 4619 2787 4674 0
2822 4621 3067 4690 dignatio
3092 4622 3248 4679 valde
3285 4622 3384 4678 de-

1814 4708 2054 4765 sirabilis
2081 4710 2344 4779 apostolis
2395 4709 2451 4767 in
2504 4710 2636 4768 Sion
2665 4711 2981 4769 sedentibus
3020 4716 3382 4785 exspectanti-

1815 4802 2029 4872 busque
2064 4810 2238 4871 tuam,
2272 4812 2332 4859 ut
2365 4804 2502 4873 ipsis
2530 4815 2615 4861 est
2657 4806 2951 4875 promissa,
2999 4807 3383 4877 praesentiam;

1817 4902 1874 4950 tu
1913 4904 2175 4966 tanquam
2209 4892 2353 4952 Deus
2383 4896 2636 4968 igniﬂans
2663 4897 2987 4971 (πυρπνόος)
3023 4907 3079 4955 ει
3121 4899 3244 4955 ideo
3280 4908 3388 4954 tre-

1814 4988 2066 5054 mendus,
2098 4990 2392 5044 ostendens
2420 4989 2589 5046 relate
2621 4990 2692 5045 ad
2727 4990 2981 5047 ethnicos
3029 5006 3138 5046 non
3199 4990 3385 5047 ﬁdeles

1816 5080 2217 5149 seductionem,
2258 5082 2772 5138 sermocinationem
2811 5099 2874 5138 ac
2891 5084 3384 5146 conversationem,

1814 5173 1960 5242 quod
1991 5189 2099 5231 non
2126 5184 2207 5230 est
2244 5174 2574 5244 spiritualis,
2623 5177 2723 5231 sed
2758 5176 3014 5239 crudelis.
3050 5179 3299 5246 protinus
3333 5183 3388 5229 et

1815 5266 2020 5334 absque
2048 5266 2158 5322 ullo
2205 5266 2391 5321 labore
2424 5266 2545 5321 illos
2589 5267 2655 5321 ad
2684 5275 2886 5322 terram
2913 5267 3245 5337 prosternis,
3273 5266 3388 5320 sive

1816 5357 2138 5427 simpliciter
2173 5359 2385 5426 sedi-re,
2419 5360 2609 5430 sicque
2643 5360 2806 5416 silere
2834 5376 2899 5415 ac
2926 5361 3046 5417 sine
3087 5370 3236 5413 motu
3266 5373 3387 5412 esse

1816 5453 1987 5522 cogis,
2012 5453 2203 5523 utjam
2248 5470 2354 5508 non
2390 5462 2578 5523 putent
2611 5453 2928 5510 ebrietatem
2957 5456 3076 5510 esse
3111 5451 3388 5522 apostolo-

1818 5561 1937 5599 rum
1978 5545 2369 5616 eloquentiam.
2424 5545 2613 5602 Talcm
2665 5547 2917 5617 equidem
2956 5552 3015 5599 ut
3046 5560 3112 5599 ex
3162 5552 3387 5614 praster-

1819 5639 1989 5709 lapsis
2019 5638 2423 5706 exemplaribus
2445 5640 2692 5694 eruimus
2718 5653 2945 5694 sensum.
2968 5635 3387 5705 significantem,

1818 5741 1878 5787 ut
1915 5732 2149 5786 breviter
2178 5731 2393 5801 loquar,
2414 5731 2558 5787 istud
2584 5750 2596 5784 :
2630 5730 2674 5786 Ο
2704 5737 2890 5785 sancte
2919 5727 3178 5794 Spiritus,
3209 5726 3389 5783 cthni~

1828 5838 1946 5878 eam
1981 5823 2352 5893 garrulitatem
2386 5824 2498 5879 cito
2535 5832 2793 5891 tanquam
2826 5820 2970 5876 Deus
3001 5819 3253 5893 stigmate
3283 5835 3387 5877 no-
