3760 6568
379 377 485 444 667

1101 391 1481 458 EUSTATHI
1491 398 1519 458 Ι
1540 397 2286 466 TIIESSALONICENSIS
2326 403 2894 470 METROPOLITAZ

3495 414 3586 480 668

379 500 514 564 tant,
557 500 895 558 coutinuisti.
962 503 1019 560 Si
1089 523 1217 562 vero
1279 511 1576 582 πυρπνόως
1631 513 1944 568 adverbium

2053 517 2222 580 ἐστιν,
2246 520 2278 589 ἦ
2313 520 2372 574 τὸ
2402 521 2618 586 δεικνὺς
2650 522 2822 584 ἄλλως
2849 521 3146 591 γράφεται,
3170 521 3204 594 ἢ
3227 519 3290 574 τδ
3312 521 3580 593 καθιόρῦεις

378 597 480 652 εει.
519 590 598 644 vel
627 592 842 659 δςικνὺς
883 595 1041 653 aliter
1073 601 1352 668 scribitur,
1394 603 1478 658 vel
1506 603 1821 677 καθιδρύεις
1858 621 1948 660 se-

379 681 556 734 cunda
587 698 821 751 persona
857 704 964 744 non
995 701 1101 758 est,
1135 708 1236 747 nec
1269 693 1594 763 simpliciter
1641 695 1944 752 sessionem

390 785 456 823 ac
483 774 722 842 quietem
745 778 1034 848 significat,
1053 785 1168 851 sed,
1194 795 1248 838 ut
1273 786 1435 855 paulo
1455 797 1582 842 ante
1606 788 1950 844 demonstra-

381 870 494 916 tum
545 877 648 928 est,
697 883 848 924 sacra
908 881 990 927 est
1049 873 1237 939 dictio,
1305 885 1363 932 ut
1431 879 1486 932 in
1548 879 1947 936 dedicationem

379 953 463 1008 vel
495 958 546 1009 in
582 958 704 1012 solii
741 960 1211 1034 inaugurationem
1259 965 1470 1025 dederit
1517 965 1659 1026 Deus
1690 985 1792 1028 nos
1828 973 1950 1028 illu-

379 1059 596 1104 minari.

453 1137 576 1195 154.
623 1141 826 1200 Bonum
853 1159 1035 1204 autem
1083 1151 1256 1208 videri
1293 1165 1479 1219 posset
1523 1154 1602 1212 sic
1640 1160 1804 1212 etiam
1853 1174 1952 1214 no-

379 1226 491 1280 tavi
541 1240 858 1298 praesentem
891 1233 1165 1308 'strophen
1199 1260 1213 1297 :
1263 1241 1308 1298 0
1364 1255 1553 1300 sancte
1589 1246 1852 1317 Spiritus.
1889 1257 1952 1304 ut

380 1318 586 1375 dictum
617 1333 700 1379 est
730 1327 782 1380 in
819 1329 993 1387 tribus
1035 1347 1101 1387 ex
1152 1335 1345 1392 ordine
1386 1339 1634 1395 versibus
1677 1341 1952 1409 signiﬁca-

381 1415 515 1472 tum,
568 1418 624 1465 tu
661 1413 1043 1474 demonstrans
1087 1433 1146 1477 ut
1199 1425 1341 1481 Deus
1403 1431 1609 1483 sanctis
1662 1433 1947 1500 apostolis,

379 1498 493 1552 sive
545 1511 802 1573 tanquam
858 1512 1050 1567 doctor
1083 1517 1440 1573 manifestans
1503 1498 1951 1589 qualia—sibilent

377 1591 604 1660 ethnici,
649 1598 830 1666 qualia
885 1617 1014 1657 vero
1066 1608 1366 1676 theologica
1418 1612 1650 1666 doceant
1697 1612 1948 1684 discipuli

379 1683 494 1748 Dei,
527 1685 631 1741 hoc
658 1700 836 1746 autem
869 1700 1163 1753 ostendens
1193 1715 1288 1767 per
1313 1701 1530 1771 linguas
1560 1703 1747 1773 igneas
1775 1715 1831 1760 et
1857 1722 1951 1774 per

376 1774 754 1836 vehementem
798 1781 1006 1852 ﬂatum,
1039 1801 1259 1844 sanctos
1295 1793 1576 1862 apostolos
1630 1795 1945 1865 constituis,

375 1862 491 1923 sive
520 1885 836 1943 consecras,
882 1888 938 1932 et
990 1881 1062 1934 ita
1117 1883 1455 1939 venerandos
1510 1886 1780 1952 instituis,
1832 1901 1948 1944 tau-
1981 1855 2022 1910 Β

374 1974 536 2026 quam
581 1963 794 2020 divinas
843 1974 1081 2031 statuas,
1124 1987 1246 2041 qua'.
1278 1973 1369 2028 llei
1401 1976 1620 2045 templis
1667 1976 1949 2046 illuceant,

375 2059 432 2102 et
466 2050 539 2104 ita
571 2065 927 2121 venerantur,
960 2060 1196 2127 dignas:
1227 2073 1287 2117 ut
1319 2066 1616 2119 secundum
1649 2069 1792 2123 hanc
1818 2085 1950 2124 seu-

377 2142 628 2208 tentiam,
662 2158 816 2201 sacra
855 2147 1023 2204 dictio
1049 2153 1122 2205 sit
1151 2153 1376 2207 verbum
1421 2156 1709 2227 ἐνιδρύειν,
1759 2172 1948 2228 quate-

377 2247 482 2288 nus
513 2245 640 2291 ante
677 2242 942 2310 scrip'um
976 2253 1058 2298 est
1091 2261 1104 2299 :
1140 2244 1203 2299 Et
1247 2247 1351 2300 tale
1385 2249 1606 2317 quidem
1659 2261 1743 2307 est
1780 2253 1947 2308 istud.

375 2323 612 2382 Verbum
649 2341 827 2386 autem
862 2334 1081 2404 ἀξίωμα
1105 2337 1172 2392 de
1205 2339 1566 2397 advocatione
1606 2345 1827 2412 quidem
1867 2347 1950 2400 in-

376 2417 619 2488 telligere
644 2425 924 2492 preprium
961 2438 1044 2483 est
1071 2447 1084 2492 ;
1139 2431 1232 2484 sed
1265 2433 1448 2500 potius
1478 2433 1698 2504 ἀξίωμα
1725 2437 1946 2505 dicitur,

371 2511 456 2564 vel
487 2515 613 2582 quia
645 2519 902 2584 apostoli,
935 2524 1099 2575 corde
1131 2523 1336 2578 mundo
1367 2526 1419 2579 in
1457 2527 1537 2580 cls
1560 2538 1766 2595 creato,
1797 2529 1946 2600 digni

371 2613 530 2658 erant
558 2608 650 2676 qui
684 2607 949 2679 Spiritum
983 2623 1232 2670 sanctum
1257 2620 1586 2686 reciperent,
1621 2623 1702 2674 vel
1733 2636 1950 2692 propter

372 2692 525 2748 hoc:
563 2699 627 2751 ἐκ
658 2696 852 2772 πρώην
891 2701 1128 2772 ἀναξίως
1173 2702 1316 2774 ἄξιοι
1370 2707 1650 2779 γεγόνασι,
1688 2716 1775 2780 (ex
1821 2714 1948 2768 hes-

371 2791 526 2840 terna
575 2789 900 2861 indignitate
953 2797 1102 2867 digni
1149 2810 1276 2854 sunt
1312 2797 1460 2865 l‘aeti)
1499 2810 1554 2857 et
1591 2819 1782 2860 revera
1817 2822 1945 2861 con-

371 2873 549 2941 δρίουὶ
599 2873 987 2953 magniﬁcique
1020 2898 1242 2957 propter
1264 2891 1437 2946 sancti
1491 2889 1728 2962 Spiritus
1765 2896 1818 2950 in
1854 2913 1948 2953 cos

371 2963 814 3034 inSpirationem.
847 2973 1077 3046 Insuper
1103 2989 1280 3034 autem
1315 2982 1368 3036 ln
1400 2997 1658 3040 sermone
1707 2989 1946 3057 philoso-

370 3057 534 3128 phico
574 3077 697 3116 cum
745 3069 1066 3128 auctoritate
1099 3070 1532 3147 (ἀξιωματικῶς)
1581 3079 1948 3144 loquebantur

371 3149 522 3205 vvlut
547 3153 744 3210 exinde
781 3159 966 3228 repleti
1000 3164 1285 3231 sapientia.
1339 3165 1396 3220 Si
1446 3171 1589 3222 enim
1641 3169 1944 3244 Pythagora

371 3240 632 3310 loquente
665 3263 826 3329 vana,
860 3251 950 3307 ille
997 3251 1092 3323 qui
1139 3254 1445 3323 dubitabat,
1489 3273 1614 3315 cum
1647 3240 1940 3330 atquodam

368 3350 436 3388 cx
467 3335 751 3408 discipulis
781 3343 900 3410 ejus
931 3346 1178 3401 audierat
1205 3367 1217 3402 :
1254 3345 1373 3418 Ipse
1402 3345 1561 3418 dixit,
1593 3365 1624 3408 a
1652 3359 1944 3424 quaerendo

369 3429 660 3496 cessabat,
724 3435 998 3501 quomodo
1066 3437 1155 3494 ille
1212 3441 1303 3511 qui
1378 3443 1676 3515 discipulos
1747 3449 1940 3518 spiritu

370 3520 563 3590 plenos
626 3524 886 3581 audiebat
953 3529 1214 3587 docentes
1297 3543 1407 3588 tam
1494 3547 1765 3606 augusta,
1833 3549 1940 3594 tam

369 3612 606 3679 excelsa,
643 3627 749 3672 tam
784 3622 1112 3678 auctoritate
1140 3624 1321 3694 plena,
1358 3635 1466 3681 tam
1494 3627 1699 3698 Spiritu
1745 3645 1936 3688 sancto

369 3711 572 3777 digna,
634 3709 993 3771 rebellatione
1046 3731 1111 3772 ac
1172 3720 1606 3778 contradictione
1676 3721 1943 3782 doctrina:

367 3798 712 3859 obstitisset?

441 3890 568 3952 155.
610 3893 869 3966 Ὀρεκτὺν
926 3911 1103 3958 autem
1148 3901 1408 3972 apostolis
1452 3914 1570 3961 erat
1624 3905 1938 3978 huiusmodi

367 3987 766 4057 dignatio,sive
791 3992 944 4047 valde
977 3993 1310 4058 desiderata,
1343 4004 1419 4064 et,
1451 3999 1596 4054 sicut
1620 4001 1938 4066 prmdictnm

368 4087 485 4142 est,
542 4079 801 4151 ἱμερτόν;
842 4081 1086 4151 ἱμείρειν
1155 4083 1300 4137 enim
1364 4094 1420 4140 et
1495 4088 1803 4157 ίμείρεσθαι
1853 4101 1936 4147 est

367 4169 677 4240 ἐπιθυμεῖν,
703 4179 756 4225 et
794 4171 1155 4244 (ὀρέγεσθαι),
1189 4173 1346 4240 cujus
1374 4185 1456 4232 est
1486 4177 1751 4236 derivatio
1776 4197 1938 4252 appe-

366 4259 501 4313 titus
541 4270 594 4313 et
621 4262 930 4330 appetentis
970 4262 1221 4332 (ὀρεκτὸν
1253 4274 1306 4320 et
1351 4266 1589 4338 ὀρεξις);
1639 4269 1754 4326 sive
1802 4288 1938 4342 pra:-

366 4350 626 4406 celleuter
647 4367 676 4404 a
717 4351 827 4407 Deo
855 4352 976 4406 data
1008 4371 1023 4408 :
1061 4354 1288 4410 verbum
1324 4358 1471 4412 enim
1505 4359 1724 4429 ὀρέγειν
1752 4362 1939 4430 hujus-

364 4440 509 4496 modi
543 4455 762 4512 quoque
785 4442 1174 4513 signiﬁcationi
1212 4447 1487 4517 subiacet,
1517 4460 1577 4504 ut
1607 4452 1720 4506 sic:
1747 4453 1936 4526 δρεξόν

2051 608 2175 678 οὐχὶ
2205 609 2458 681 δευτέρου
2497 611 2610 665 ἔστι
2644 611 2962 682 προσώπου,
2988 612 3110 664 οὐδὲ
3163 609 3346 673 ἁπλῶς
3373 611 3579 682 κάθισμα

2051 706 2145 758 καὶ
2178 707 2376 775 ἀργίαν
2409 709 2578 779 δηλοῖ,
2605 708 2738 761 ἀλλὰ
2773 711 2848 772 ὡς
2883 708 2979 761 καὶ
3016 706 3121 777 πρὸ
3164 706 3360 776 ὀλίγων
3390 706 3582 777 δεδήλωο

2049 809 2159 856 ται,
2197 797 2316 866 ἱερὰ
2352 785 2497 862 λέξις
2547 799 2716 858 ἐστὶν,
2747 799 2821 860 ώς
2852 799 2945 851 ἐπὶ
2976 797 3253 864 ἐγκαινίου
3303 795 3336 863 ἦ
3376 795 3584 864 ἔνθρονιο

2053 885 2190 954 σμοῦ
2219 886 2335 957 δοίη
2371 889 2399 940 ὀ
2428 887 2560 951 Θεὸς
2586 885 3014 958 διαφωτισῦἦναί
3044 884 3211 938 ποθεν
3240 884 3410 954 ἡμᾶς.

2127 1151 2257 1227 ρνδ’.
2283 1155 2437 1220 Δόξοι
2487 1153 2544 1209 δὲ
2588 1154 2656 1209 ἂν
2701 1149 2864 1208 καλὸν
2895 1149 3034 1208 εἶναι
3074 1151 3330 1222 νοηθῆναι
3362 1150 3447 1206 καὶ
3473 1150 3589 1206 οὕτω

2049 1250 2112 1302 τὸ
2147 1247 2322 1320 παρδν
2354 1248 2655 1317 τροπάριον
2675 1265 2690 1280 ⁸
2714 1243 2787 1300 Ὦ
2817 1247 2972 1315 ἅγιον
3029 1244 3273 1315 Πνεῦμα,
3303 1245 3380 1307 ὠς
3422 1245 3585 1315 ὲρῤἔῡη

2052 1342 2110 1395 ὲν
2157 1343 2274 1405 τοῖς
2325 1343 2476 1410 τρισὶ
2524 1339 2759 1408 καθεξῆς
2807 1339 3139 1411 δηλούμενον
3169 1339 3396 1405 στίχοις,
3423 1337 3480 1389 σὺ
3504 1338 3587 1390 δει-

2051 1436 2182 1499 κνὺς
2214 1435 2291 1498 ὡς
2319 1433 2454 1496 Θεὸς
2513 1434 2625 1496 τοῖς
2675 1433 2854 1499 ἁγίοις
2908 1431 3252 1492 ἀποστόλοις,
3282 1431 3448 1498 ⁴ἤγουν
3476 1430 3591 1482 διέα-

2058 1527 2336 1591 σκαλικῶς
2421 1525 2752 1596 παραδηλῶν
2828 1524 2986 1578 ὀποῖα
3080 1525 3178 1592 μὲν
3252 1523 3592 1586 ποππύζουσιν

2052 1620 2098 1672 oi
2128 1619 2350 1683 ἐθνικοὶ,
2383 1622 2541 1674 ὀποῖα
2570 1619 2626 1672 δὲ
2663 1616 3008 1687 Θεολογοῦσιν
3045 1617 3093 1669 oi
3153 1612 3244 1668 τοῦ
3311 1615 3443 1666 Θεοῦ
3503 1635 3590 1684 μα-

2053 1711 2235 1780 Θηταὶ,
2297 1710 2513 1772 δεικνὺς
2575 1709 2632 1763 δὲ
2687 1709 2821 1762 αὐτὸ
2873 1708 2960 1760 διὰ
3018 1707 3124 1759 τῶν
3177 1706 3417 1776 πυρίνων
3446 1707 3592 1770 γλωσ·

2056 1801 2164 1856 σῶν
2190 1802 2283 1854 καὶ
2314 1801 2417 1870 τῆς
2453 1801 2632 1870 βιαίας
2669 1801 2838 1870 πνοῆς
2893 1799 3206 1868 καθιδρύεις
3254 1800 3384 1860 τοὺς
3437 1799 3593 1866 ἁγίους

2051 1891 2404 1961 ἀποστόλους,
2454 1894 2623 1963 ἤγουν
2687 1893 2954 1960 ἀγιάζεις,
3009 1892 3103 1944 καὶ
3159 1891 3302 1943 οὕτω
3366 1892 3593 1961 καθιστᾷς

2050 1984 2323 2052 ἐντίμους,
2357 1983 2488 2039 ὡσεὶ
2523 1986 2616 2038 καὶ
2651 1984 2946 2052 ἀγάλματα
2983 1983 3101 2036 (lsi:
3151 1987 3297 2046 ναοῖς
3346 1982 3474 2035 Θεοῦ
3517 1986 3595 2052 ἑμ-

2051 2078 2282 2147 πρέπειν
2310 2075 2458 2142 ἀξια,
2513 2076 2604 2130 καὶ
2640 2073 2784 2130 οὕτω
2819 2077 3178 2139 σεὸἀζεσθαι·
3221 2078 3311 2130 ἵνα
3352 2076 3484 2129 κατά
3514 2077 3596 2145 τὴν

2050 2169 2256 2222 ἔννοιαν
2290 2168 2517 2240 ταύτην,
2569 2168 2692 2239 ἱερά
2743 2167 2890 2233 λέξις
2939 2169 3023 2237 εἴη
3060 2169 3121 2221 τὸ
3157 2168 3444 2238 ὲνιδρῦειν,
3477 2169 3593 2222 καθὰ

2050 2265 2144 2317 καὶ
2204 2263 2310 2334 πρὸ
2367 2263 2573 2316 τούτων
2614 2263 2752 2332 γέγρ
2793 2281 2924 2316 πται
2948 2280 2962 2293 ⁸
3003 2264 3116 2316 Καὶ
3165 2261 3372 2315 τοιόνδε
3406 2261 3495 2330 μὲν
3519 2262 3594 2312 καὶ

2047 2357 2227 2412 τοῦτο.
2263 2351 2336 2410 Τὸ
2365 2356 2420 2410 δὲ
2457 2352 2609 2425 ῥῆμα
2661 2356 2878 2426 ἀξῖωμα
2937 2355 3030 2409 ἐπὶ
3086 2355 3485 2425 παρακλήσεως
3514 2355 3596 2420 μὲν

2049 2447 2242 2518 νοῆσαι
2299 2448 2567 2502 ίδιωτικόν
2617 2449 2733 2500 ἐστι
2755 2463 2771 2476 ⁸
2809 2446 3008 2515 μᾶλλον
3039 2447 3097 2500 δὲ
3127 2446 3351 2512 ἀξίωμα
3381 2445 3594 2514 λέγεται,

2048 2543 2081 2610 ἢ
2112 2541 2249 2594 διότι
2284 2539 2425 2606 ἄξιοι
2459 2541 2559 2608 τῆς
2591 2539 2684 2593 τοῦ
2718 2540 2878 2608 ἁγίου
2914 2539 3239 2608 Πνεῦματος
3275 2537 3533 2607 ὑποδοχῆς
3552 2539 3593 2589 ol

2048 2633 2339 2688 ἀπόστολοι
2367 2629 2508 2703 ἦσαν
2533 2634 2622 2686 διὰ
2652 2632 2711 2686 τδ
2745 2632 2971 2704 καρδίαν
2999 2631 3183 2694 αὐτοῖς
3221 2629 3467 2701 καθαρὰν
3497 2646 3594 2682 κτι-

2049 2722 2326 2797 σθῆναι,ἢ
2360 2725 2447 2780 διὰ
2480 2727 2541 2778 τὸ
2573 2728 2638 2780 ὲκ
2666 2724 2857 2796 πρώην
2890 2723 3123 2789 ἀναξίως
3158 2721 3302 2788 ἄξιοι
3335 2723 3590 2790 γεγόνασι,

2047 2820 2145 2874 καὶ
2178 2818 2348 2882 ὀντως
2383 2819 2749 2888 ἀξιωματικοί,
2796 2821 2891 2873 καὶ
2929 2817 3208 2886 μεγαλεῖοι
3241 2816 3331 2869 διὰ
3372 2815 3468 2885 τὴν
3515 2814 3596 2867 τοῦ

2048 2911 2208 2978 ἁγίου
2256 2911 2575 2981 Πνεῦματος
2605 2913 2684 2974 είς
2716 2910 2914 2972 αὐτοὺς
2966 2908 3258 2962 ἐπίπνοιαν
3283 2923 3298 2939 ⁸
3333 2907 3429 2960 καὶ
3458 2908 3599 2973 ἀξιω-

2050 3001 2300 3070 ματικῶς
2332 2999 2389 3054 δὲ
2423 3000 2704 3070 φιλοσόφῳ
2732 2999 2876 3068 λόγῳ
2928 2999 3153 3052 ἐλάλουν
3177 2998 3254 3061 ὡς
3288 2998 3492 3051 ἐκεῖθεν
3523 3014 3594 3048 σε-

2050 3088 2370 3158 σοφισμένοι
2401 3090 2776 3160 πληρέστατα.
2813 3091 2873 3142 El
2902 3088 3011 3158 γὰρ
3055 3089 3377 3158 Πυθαγόρου
3411 3089 3594 3140 κενολο-

1971 3213 2016 3272 c
2049 3181 2294 3248 γοῦντος,
2325 3185 2353 3237 ό
2406 3183 2625 3253 ἀπορῶν
2681 3184 2776 3237 καὶ
2824 3182 3062 3246 ἀκούσας
3116 3183 3253 3251 πρός
3303 3200 3451 3244 τινος
3504 3180 3594 3233 τῶν

2048 3275 2243 3346 ἐκείνῳ
2284 3275 2599 3344 φοιτώντων
2649 3276 2729 3330 δτι
2792 3275 2954 3338 αὐτὸς
3009 3275 3199 3344 ἔφατο,
3235 3274 3470 3328 ἐπαύετο
3517 3274 3594 3327 τοῦ

2046 3367 2251 3436 ζητεῖν,
2306 3369 2423 3431 πῶς
2467 3367 2535 3422 ἂν
2579 3370 2608 3420 ό
2662 3368 2788 3431 τοὺς
2848 3368 3338 3438 πνευματοφόρους
3377 3365 3596 3437 μαθητὰς

2045 3463 2264 3514 ἀκούων
2312 3461 2668 3524 διδάσκοντας
2701 3461 2844 3514 οὕτω
2881 3463 3076 3532 σεμνὰ,
3133 3461 3231 3516 καὶ
3269 3460 3471 3532 ὑψηλὰ,
3519 3460 3598 3512 καὶ

2045 3553 2416 3624 ἀξιωματικὰ,
2448 3554 2541 3606 καὶ
2573 3550 2671 3606 τοῦ
2703 3553 2860 3622 ἁγίου
2907 3552 3226 3624 Πνεῦματος
3258 3554 3407 3620 ἀξια,
3437 3551 3594 3606 ὲνέκοο

2043 3645 2146 3714 es»;
2193 3647 2262 3701 ἂν
2297 3645 2395 3718 τὴν
2434 3644 2788 3700 διδασκαλίαν
2835 3647 3171 3711 ἐνστατικῶς
3222 3649 3318 3701 καὶ
3353 3647 3597 3712 ἀντιλογι-

2043 3755 2198 3802 κωςῖ
2303 3796 2306 3799 .

2117 3917 2244 3992 ρνε’.
2294 3916 2552 3990 Ὀρέκτόν
2575 3918 2630 3974 δι
2662 3919 2987 3983 ἀποστόλοις
3017 3920 3078 3974 τὸ
3102 3919 3343 3974 τοιοῦτον
3375 3919 3590 3986 ἀξίωμα,

2040 4011 2074 4082 ἢ
2100 4010 2176 4075 ὡς
2204 4010 2413 4078 ἔφετῶς
2435 4010 2795 4082 ἐπιθυμητὸν,
2825 4012 2919 4065 καὶ
2943 4011 2971 4066 δ
2992 4011 3056 4081 δὴ
3080 4013 3427 4081 προείρηται,
3460 4011 3596 4076 ίμερ.

2040 4102 2153 4156 τόν.
2199 4101 2455 4173 Ἱμείρειν
2486 4101 2596 4172 γὰρ
2625 4102 2718 4156 καὶ
2748 4101 3062 4171 ίμείρεσθαι
3093 4100 3154 4154 τὸ
3179 4100 3489 4167 ἐπιθυμεῖν,
3514 4099 3594 4148 καὶ

2039 4197 2358 4269 ὀρέγεσθαι,
2386 4196 2446 4250 οὗ
2480 4197 2796 4266 ἐκφοίτησις
2831 4195 2892 4248 τδ
2943 4194 3173 4264 ὀρεκτὸν
3199 4195 3293 4245 καὶ
3318 4195 3349 4263 ἡ
3383 4192 3554 4262 ὀρεξις
3580 4205 3592 4219 ·

2040 4289 2075 4360 ἢ
2113 4289 2174 4343 τὸ
2206 4288 2504 4359 ἐξαιρέτως
2530 4287 2714 4342 θεόθεν
2744 4287 2898 4340 δοτόν
2917 4301 2931 4318 ⁸
2967 4289 3145 4338 κεῖται
3168 4285 3279 4355 γὰρ
3308 4285 3367 4336 τὸ
3395 4285 3592 4353 ὀρέγειν

2040 4381 2137 4435 καὶ
2165 4379 2261 4433 ἐπὶ
2291 4379 2539 4434 τοιούτου
2577 4378 3009 4449 σημαινομένου,
3038 4378 3114 4442 ὡς
3143 4377 3226 4441 τὸ,
3263 4375 3488 4449 Ὀρεξόν
3515 4391 3594 4444 μοι

2039 4475 2196 4544 χεῖρα
2251 4471 2526 4541 βοηθείας,
2573 4472 2746 4542 ἤγουν
2783 4470 3046 4533 ἔκτεινον,
3091 4469 3179 4533 δός
3204 4484 3219 4500 ⁸
3245 4469 3303 4535 ἐξ
3351 4461 3419 4541 οὗ.
3446 4469 3591 4537 καὶὴ

365 4547 457 4603 μοι
495 4543 550 4589 et
583 4551 799 4589 manum
833 4535 1255 4601 auxiliatricem,
1294 4537 1411 4596 sive
1454 4545 1691 4612 porrige,
1726 4544 1829 4612 da;
1866 4562 1930 4601 ex

2049 4535 2424 4634 παροξυτόνως
2471 4535 2688 4634 ὀργυία,
2726 4563 2758 4632 ἢ
2793 4561 2934 4615 κατά
2984 4560 3111 4624 τοὺς
3165 4535 3424 4625 παλαιοὺς
3475 4535 3598 4629 προέ

361 4642 470 4695 quo
516 4627 663 4681 venit
708 4641 833 4682 cum
883 4637 1111 4684 accentu
1173 4631 1476 4699 penultimo
1538 4631 1773 4702 ὀργυια,
1839 4652 1932 4691 seu

356 4717 513 4785 juxta
543 4727 776 4784 veteres,
822 4733 946 4773 cum
985 4729 1215 4774 accentu
1251 4723 1707 4792 antepenultimo,
1739 4723 1937 4796 ὀργυια

361 4811 532 4881 (ulna)
566 4829 579 4866 :
619 4812 802 4867 unde:
837 4810 1172 4881 ὀργυιᾶσθαι
1201 4815 1494 4870 extendere
1525 4816 1742 4874 nautica
1793 4821 1932 4876 vela.

357 4900 438 4959 Ex
478 4903 582 4958 hoc
609 4915 814 4969 autem,
848 4914 908 4960 ut
932 4905 1137 4962 dictum
1171 4914 1277 4972 est,
1318 4908 1486 4963 verbo
1517 4907 1754 4980 ὀρέγειν,
1787 4912 1935 4966 deri-

359 5005 517 5048 vatur
560 4996 724 5049 etiam
759 4995 942 5072 Eua;
973 4997 1208 5068 (lancea)
1248 5013 1358 5052 non
1411 5005 1663 5057 cominus
1711 5003 1933 5068 feriens,

359 5086 453 5140 sed
500 5085 736 5155 proiecta
787 5102 887 5156 per
941 5104 1137 5144 manus
1195 5089 1524 5146 tensionem.
1582 5094 1698 5148 Hoc
1749 5102 1932 5148 autem

358 5179 645 5243 Σιωνίταις
677 5189 760 5236 est
787 5194 885 5250 pro
923 5180 1408 5254 Ἱεροσολυμίταις,
1445 5202 1540 5242 seu
1584 5187 1739 5259 juxta
1775 5188 1929 5246 Sion.

358 5267 475 5323 Vox
510 5285 640 5324 vero
677 5272 978 5341 μίμνουσιν
1025 5282 1139 5329 ιυιο
1189 5275 1293 5330 dici
1331 5278 1600 5346 potuisset
1649 5281 1930 5349 μένουσιν,

358 5360 506 5416 illius
534 5361 698 5416 loco:
737 5364 796 5416 lu
845 5364 980 5419 Sion
1031 5366 1396 5437 ἀναμένουσιν
1433 5371 1928 5441 (exspectantibus)

356 5462 505 5507 tuam
571 5453 687 5509 sive
730 5456 810 5510 tui
859 5460 1197 5525 praesentiam
1243 5478 1258 5516 :
1311 5463 1473 5532 elegit
1523 5472 1704 5518 autem
1769 5472 1928 5532 poeta

354 5543 500 5613 quod
524 5548 700 5617 magis
721 5549 990 5617 poeticum
1011 5562 1166 5616 erat;
1203 5555 1569 5609 communiter
1605 5555 1747 5608 enim
1785 5557 1930 5618 μένω

355 5637 584 5710 dicimus
629 5657 644 5693 :
689 5642 900 5710 poetice
963 5659 1094 5699 vero
1155 5645 1451 5700 derivatum
1510 5648 1717 5716 μίμνω.
1778 5644 1927 5701 Talia

355 5735 486 5782 sunt
509 5729 656 5785 τέκω
689 5732 878 5800 τίκτω,
921 5736 1030 5807 ἔχω
1057 5737 1217 5805 ίσχω,
1251 5745 1304 5789 et
1345 5739 1564 5793 similia.
1601 5737 1712 5793 Vox
1745 5752 1925 5794 autem

355 5825 789 5897 πατρογεννητου
816 5827 1141 5899 compositio
1175 5839 1258 5884 cst
1292 5831 1497 5884 auctori
1536 5845 1694 5886 sacro
1736 5831 1920 5887 chara.

2037 4655 2421 4728 παροξυτόνως
2455 4657 2655 4730 ὀργυια
2679 4672 2695 4689 ⁸
2733 4655 2862 4710 ὅθεν
2887 4655 2948 4708 τδ
2977 4653 3303 4722 ὀργυιᾶσοαι
3327 4655 3451 4717 τοὺς
3480 4671 3595 4705 ναυ-

2035 4750 2222 4812 τικοῦς
2256 4748 2521 4818 φώσωνας
2543 4762 2558 4778 ⁸
2595 4748 2689 4801 τοῦ
2719 4745 2798 4810 δὲ,
2834 4745 2911 4810 ώς
2944 4743 3168 4817 ἐρρέθη,
3194 4745 3407 4816 ὀρέγειν
3433 4744 3598 4813 παρῆ-

2038 4858 2164 4896 κται
2199 4840 2294 4893 καὶ⁸
2345 4840 2506 4911 ἔγχος
2537 4837 2786 4910 ὀρεκτὸν,
2813 4837 2874 4891 οὗ
2923 4835 2984 4890 τδ
3015 4837 3355 4908 ἀγχέμαχον,
3387 4835 3517 4889 ἀλλά
3543 4835 3596 4885 τὸ

2037 4933 2407 5002 ὲπαφιέμενον
2434 4930 2523 4992 διά
2573 4930 2850 4991 ἐκτάσεως
2891 4928 3095 4998 χειρός.
3122 4927 3288 4988 Τὸδὲ
3325 4924 3594 4985 Σιωνίταις

2034 5025 2157 5078 ἀντὶ
2181 5023 2274 5077 τοῦ
2314 5022 2776 5094 Ἱεροσολυμίταις
2829 5021 3002 5092 ἧγουν
3043 5018 3184 5072 κατά
3211 5017 3314 5090 τὴν
3344 5017 3510 5071 Σιών·
3540 5016 3596 5066 τὸ

2034 5115 2091 5170 δὲ
2130 5115 2428 5187 μίμνουσιν
2456 5109 2604 5186 εἶχεν
2645 5115 2820 5167 εἰπεῖν
2856 5112 3148 5183 ἀσφάλτως
3180 5112 3455 5181 μένουσιν,
3484 5106 3596 5162 ἀντὶ

2035 5204 2129 5262 τοῦ
2161 5209 2220 5261 ὲν
2277 5210 2343 5280 τῇ
2380 5207 2523 5262 Σιὼν
2575 5207 2909 5277 ἀναμένουσι
2941 5204 3041 5276 σὴν
3077 5205 3396 5276 παρουσίαν,
3429 5202 3463 5270 ἦ
3506 5198 3594 5252 σοῦ

2035 5301 2340 5372 παρουσίαν
2365 5316 2380 5331 ⁸
2427 5298 2601 5354 είλετο
2623 5299 2679 5352 δὲ
2706 5300 2732 5352 ὀ
2759 5295 2998 5367 μελῳδὸς
3047 5296 3108 5348 τὸ
3157 5293 3591 5364 ποιητικώτερον,

2033 5392 2249 5456 Κοινῶς
2282 5391 2381 5464 μὲν
2407 5392 2517 5462 γὰρ
2549 5392 2696 5460 μένω
2751 5390 2932 5460 φαμέν
2953 5404 2968 5418 ⁸
3001 5382 3306 5458 ποιητικῶς
3335 5387 3384 5440 δὲ
3416 5385 3594 5453 μίμνω

2033 5484 2177 5537 κατά
2196 5483 2534 5552 παραγωγήν
2557 5498 2570 5513 ⁸
2595 5481 2799 5548 ὁμοίως
2820 5481 2898 5550 τῷ
2921 5480 3065 5532 τέκω
3092 5479 3282 5543 τίκτω,
3310 5479 3410 5549 ἔχω
3439 5477 3588 5546 ἴσχω,

2032 5574 2128 5625 καὶ
2158 5573 2257 5625 ὅσα
2283 5569 2531 5626 τοιαῦτα.
2574 5571 2642 5623 Ἦ
2677 5571 2732 5622 δὲ
2763 5570 2857 5622 τοῦ
2892 5570 3325 5641 πατρογεννήτου
3351 5565 3593 5624 σύνθεσις

2031 5661 2161 5733 φίλη
2191 5662 2284 5716 καὶ
2309 5662 2445 5732 αὐτὴ
2475 5659 2552 5732 τῷ
2589 5658 2814 5732 ίερῳδῷ.
