3824 6564
200 414 293 481 660
500 438 511 469 1

1002 408 1075 474 IN
1121 410 1465 475 nmqu
1514 409 2169 479 PEN‘I‘ECOSTUEM
2220 406 2697 484 DAMASCENI.

3316 414 3425 479 670

260 541 391 606 pvg’.
417 534 591 603 Λέσχη
622 532 677 586 δὲ
713 532 807 585 νῦν
846 532 944 602 μὲν
976 533 1340 602 κοινότερονή
1370 535 1444 603 μὴ
1472 535 1742 600 ἀναγκαία

1924 537 2045 590 156.
2082 538 2259 609 Λέσχη
2307 555 2449 594 nunc
2505 540 2724 607 quidem
2765 540 3125 593 communiter
3177 548 3261 592 est
3311 554 3418 591 non

195 630 505 697 πὰνυ,τάχα
558 627 615 680 δὲ
652 628 747 681 καὶ
796 628 1027 693 ἄκαιρος
1086 626 1382 693 πολυλογία
1418 626 1746 695 καθημένων

194 724 339 779 τινῶν
369 722 551 795 ἀργῶν
606 720 858 773 ἐθνικῶν.
898 710 1074 773 Πάλαι
1124 716 1181 772 δέ
1227 737 1356 772 ποτε
1384 720 1434 772 oi
1468 720 1627 786 ἀργοὶ
1660 709 1748 773 διὰ

194 818 385 877 πενίας,
417 814 511 867 καὶ
549 816 626 884 μὴ
671 812 889 883 ἔχοντες
944 812 1105 881 ἔργου
1157 803 1450 865 σπουδαίου
1499 811 1744 881 ἔχεσθαι,

192 909 556 979 ἀθροιζόμενοι
604 912 735 976 περὶ
784 906 1051 975 καμίνους
1083 905 1449 976 βαλανειακάς
1475 905 1747 975 χειμῶνος

192 1001 273 1055 καὶ
326 998 448 1067 περὶ
497 996 813 1067 χαλκεῶνας
847 996 1011 1065 χάριν
1044 994 1210 1057 ἀλέας
1245 996 1274 1049 ὃ
1302 996 1447 1047 ἐστιν
1498 994 1746 1064 ἀλεωρῆς

191 1094 273 1146 καὶ
303 1092 655 1163 θερμότητος,
705 1088 802 1141 καὶ
852 1087 1207 1156 ἀνακείμενοι
1241 1088 1331 1141 καὶ
1364 1085 1654 1150 λαλοῦντες
1678 1088 1747 1141 τὰ

190 1186 397 1248 ἐκείνοις
424 1184 577 1252 φίλα,
616 1183 713 1235 καὶ
741 1180 922 1249 μάτην
951 1178 1094 1233 οῦτω
1124 1179 1226 1247 τὴν
1256 1180 1512 1247 γλῶσσαν
1545 1178 1746 1232 πονού-

192 1293 350 1345 μενοι.
379 1277 474 1328 καὶ
511 1270 939 1341 κατατρίϐοντες
990 1270 1067 1331 ὼς
1112 1254 1200 1321 οἷα
1234 1270 1328 1320 καὶ
1373 1265 1743 1334 γλώσσαλγοι,

188 1371 275 1441 τὴν
315 1367 413 1436 τῆς
455 1365 657 1435 λέσχης
707 1362 1010 1433 ὀνομασίαν
1054 1363 1350 1430 ἐξέφηναν.
1394 1362 1601 1432 Λέσχαι
1636 1360 1744 1429 γὰρ

187 1461 459 1517 ἐκαλοῦντο
525 1462 574 1513 οἱ
626 1457 861 1512 τοιοῦτοι
911 1457 1091 1519 τόποι,
1152 1456 1291 1525 τάχα
1346 1456 1443 1525 μὶν
1487 1454 1597 1508 ἀπὸ
1649 1452 1743 1506 τοῦ

186 1554 348 1622 λέγειν
375 1554 495 1623 ἦτοι
531 1552 733 1613 λαλεῖν,
761 1551 997 1621 μάλιστα
1027 1548 1085 1603 δὲ
1122 1549 1198 1612 ὡς
1228 1546 1340 1602 ἀπὸ
1382 1547 1479 1601 τοῦ
1511 1548 1661 1612 λέγω
1682 1546 1744 1600 τὸ

186 1650 432 1719 κάθημαι,
459 1646 1026 1712 καῖἀνάκειμαινκαὶ
1048 1641 1373 1710 κοιτὰζομαι
1389 1655 1404 1670 ’
1429 1637 1555 1691 ὅθεν
1580 1637 1740 1700 λέξω,

185 1743 407 1811 λέξομαι.
432 1741 499 1793 τὸ
547 1739 889 1808 κοιμήσομαι
968 1734 1378 1803 παρακείμενος
1408 1726 1466 1784 δὲ
1494 1728 1588 1783 τοῦ
1628 1746 1742 1782 τοι-

185 1836 326 1889 οὗτου
383 1833 627 1901 θέματος
653 1823 871 1899 λέλεχα,
896 1827 1021 1881 ὅθεν
1050 1827 1112 1879 οὐ
1147 1826 1309 1894 μόνον
1355 1823 1511 1891 λέχος
1538 1820 1632 1873 καὶ
1658 1819 1744 1871 λέ-

184 1940 330 1994 κτρον
353 1924 387 1993 ἡ
420 1922 606 1991 κοίτη,
642 1921 736 1973 καὶ
766 1919 907 1987 γυνὴ
936 1917 1103 1987 λεχὼ,
1138 1910 1273 1970 ἀλλὰ
1304 1914 1397 1967 καὶ
1444 1916 1477 1983 ἠ
1512 1912 1743 1983 ρηθεῖσα.

185 2010 439 2086 λέχη,κα⁴1
494 2011 827 2081 πλεονασμῷ
889 2002 983 2064 τοῦ
1036 2028 1068 2062 σ
1120 2009 1329 2079 λέσχη*
1363 2008 1486 2062 ὅθεν
1538 2006 1635 2059 καὶ
1681 2005 1743 2059 τὸ

186 2108 496 2178 ἀδολεσχεῖν,
527 2108 695 2177 ἧγουν
719 2096 959 2171 δαψιλῶς
990 2101 1193 2156 λαλεῖν.

247 2286 372 2359 ρνζν.
410 2282 481 2342 ’11
514 2287 730 2355 ἀπηνὴς
756 2285 836 2350 δέ,
862 2284 957 2339 καὶ
979 2284 1007 2336 ὁ
1036 2282 1276 2352 ἀπηνὴς,
1304 2281 1400 2334 καὶ
1428 2278 1489 2334 τὸ
1511 2280 1741 2351 ἀπηνές,

184 2384 237 2436 οὐ
282 2383 435 2451 μόνον
468 2379 535 2433 τδ
568 2378 951 2446 ἀντικείμενον
986 2377 1050 2446 τῇ
1092 2375 1360 2444 πρᾳότητι
1411 2374 1583 2438 δηλοῖ,
1618 2370 1745 2427 καθ’

183 2475 207 2528 δ
234 2473 628 2543 σημαινόμενον
658 2468 789 2531 τοὺς
834 2468 1195 2539 τυραννικοὺς
1226 2467 1456 2535 ἀπηνεῖς
1485 2466 1741 2533 λέγομεν,

185 2567 303 2619 ἀλλὰ
332 2565 427 2619 καὶ
457 2564 523 2617 τὸ
554 2564 794 2631 ἄσεμνον
841 2559 974 2630 παρ’
1014 2560 1307 2622 Ἀττικοῖς,
1336 2559 1413 2622 ὡς
1446 2560 1554 2613 ἀπο
1588 2558 1742 2611 αίνου

184 2662 332 2729 ἦτ’)υν
365 2657 586 2727 μακρὰν
616 2657 839 2709 ἐπαίνου
860 2667 875 2682 ⁸
908 2653 969 2706 τὸ
1003 2654 1111 2720 γὰρ
1152 2654 1225 2720 μὴ
1262 2662 1462 2720 σεμνὸν
1492 2650 1591 2704 οὐκ
1622 2650 1744 2719 Exo-

188 2768 275 2822 μεν
319 2751 600 2804 ἐπαινεῖνο
624 2746 840 2816 ἀπηνὴς
872 2739 967 2798 οῦν
1000 2744 1168 2816 λέσχη
1219 2744 1391 2798 ἐθνῶν
1425 2743 1545 2796 κατ’
1573 2743 1743 2811 ἄμφω

185 2844 338 2897 ταῦτα
386 2841 792 2912 σημαινόμενα.
846 2836 921 2894 Th
954 2840 1012 2893 δὲ
1062 2840 1375 2907 πόππυσμα
1423 2838 1554 2890 ποία
1595 2836 1743 2902 λέξις

187 2937 315 2990 ιστίν
337 2953 353 3005 ;
380 2934 966 3003 όνοματοπεποιημᾶνη
991 2930 1214 3002 δηλαδήο
1249 2924 1612 2999 ἐτυμολογίαν
1643 2930 1740 2998 μέν

186 3030 271 3082 οὐκ
293 3028 515 3097 ἔχουσα,
538 3024 943 3095 πραγματικῶς
960 3025 1019 3077 δὲ
1043 3023 1418 3093 γνωριζομὲνη
1442 3024 1553 3084 τοῖς
1576 3020 1743 3074 ἀκού⁴

187 3140 317 3175 ουσιν
362 3122 446 3175 ὅτι
497 3122 567 3175 τὰ
614 3119 768 3189 χείλη
818 3116 1044 3187 σφιγμῷ
1089 3116 1500 3186 συνάγοντες,ἥ
1563 3114 1737 3184 βρέφη

1848 630 2077 683 multum
2107 631 2275 690 milis.
2312 631 2405 685 sed
2436 632 2598 686 etiam
2641 631 2778 685 forte
2810 646 2914 684 non
2948 639 3256 700 Opportuna
3288 647 3419 686 con-

1849 717 2110 776 1.11›111α11‹1
2161 724 2441 777 hominum
2501 725 2797 779 otiosorum
2859 717 3226 777 ethnicorum.
3279 721 3419 777 Olim

1849 825 2028 868 autem
2065 817 2113 868 υί
2157 817 2320 884 ἀργοί
2364 827 2586 887 propter
2629 823 3026 885 paupertatem.
3080 826 3134 870 et
3179 816 3270 884 qui
3313 830 3420 866 non

1847 915 2098 974 poterant
2154 907 2300 973 operi
2344 915 2571 961 strenuo
2620 921 2815 961 vacare
2841 947 2856 966 .
2904 905 3249 973 congregati,
3275 904 3420 959 circa

1848 991 2154 1049 balnearios
2194 995 2392 1051 hiemis
2416 997 2664 1052 caminos
2705 1006 2759 1052 et
2807 998 2949 1052 circa
2996 994 3248 1050 fornaces
3279 1010 3421 1050 aera-

1848 1087 2051 1139 riorum
2092 1088 2160 1141 ob
2207 1088 2447 1144 calorem
2501 1091 2747 1159 (ἀλέαν),
2796 1090 2846 1143 id
2901 1098 2985 1144 est
3034 1089 3316 1143 tutelarem
3367 1095 3421 1141 et

1850 1179 2040 1246 fotum,
2086 1180 2327 1247 jacentes
2375 1191 2428 1237 et
2484 1182 2918 1246 confabulantes,
2977 1183 3165 1249 sicque
3215 1182 3429 1239 frustra

1848 1274 2086 1343 linguam
2113 1284 2429 1330 exercentes
2458 1286 2512 1330 et
2547 1288 2932 1332 consumentes
2957 1276 3119 1329 veluti
3156 1274 3418 1342 loquaces

1845 1364 2047 1432 λέσχης
2078 1379 2274 1419 nomen
2311 1365 2732 1435 propalavernnt
2764 1384 2777 1421 :
2808 1367 2994 1436 λέσχαι
3027 1367 3171 1421 enim
3220 1381 3420 1419 vocan-

1846 1464 1937 1510 1111·
1967 1456 2280 1525 ltnjnsmodi
2313 1456 2451 1523 loca,
2486 1457 2623 1515 forte
2643 1475 2673 1513 a
2699 1460 2865 1514 verbo
2891 1458 3071 1524 λέγειν
3120 1474 3215 1512 seu
3250 1456 3418 1526 loqui,

1846 1550 1962 1605 sive
2009 1544 2191 1617 potius
2232 1564 2261 1603 a
2306 1545 2449 1617 λέγω
2493 1552 2714 1614 recnbo.
2748 1553 2925 1620 jaceo,
2979 1551 3223 1617 dormio;
3274 1550 3419 1604 unde

1844 1641 2005 1707 λέξω,
2040 1641 2290 1709 λέξομαι,
2321 1645 2685 1713 requiescam.
2707 1642 3030 1699 Afﬁnitatem
3057 1653 3235 1698 autem
3258 1644 3418 1709 habet

1844 1749 1969 1789 cum
2018 1734 2332 1803 itnjnsntodi
2375 1735 2559 1789 radice
2602 1736 2841 1806 λέλεχα,
2888 1736 3032 1791 unde
3082 1748 3191 1790 11011
3241 1730 3415 1788 solum

1844 1826 1992 1880 venit
2014 1825 2170 1894 λέχος
2192 1835 2245 1880 et
2274 1824 2502 1894 λέκτρον
2526 1826 2724 1890 cubile,
2757 1838 2811 1881 et
2838 1825 3029 1882 mulier
3053 1820 3199 1897 λεχὼ
3233 1828 3419 1895 (puer-

1846 1922 2021 1991 pera),
2044 1920 2137 1975 sed
2165 1930 2220 1975 et
2246 1922 2387 1975 dicta
2420 1937 2519 1974 vox
2553 1922 2709 1989 λέχη,
2729 1936 2847 1991 qua!
2873 1935 2995 1976 cttm
3029 1923 3343 1989 expletivoc
3362 1922 3422 1974 tit

1847 2012 2038 2082 λέσχη.
2080 2012 2219 2068 llin:
2269 2014 2431 2069 etiam
2472 2013 2622 2069 venit
2665 2008 2991 2084 ἀδολεσχεῖν,
3042 2014 3158 2069 sive
3202 2015 3421 2079 coniose

1847 2105 2017 2175 loqui.

1919 2282 2047 2341 157.
2088 2286 2263 2342 Voces
2294 2296 2472 2342 autem
2517 2288 2549 2357 ἡ
2583 2288 2821 2357 ἀπηνὴς,
2859 2294 2915 2343 et
2953 2289 2981 2340 ὁ
3025 2286 3263 2357 ἀπηνὴς,
3282 2294 3336 2339 et
3361 2282 3422 2337 rh

1844 2379 2074 2449 ἀπηνές,
2115 2392 2223 2434 11011
2260 2379 2435 2434 solum
2481 2379 2627 2449 quod
2664 2379 2962 2448 opponitur
3009 2370 3418 2431 mansuetudini

1847 2471 2194 2540 significant,
2247 2480 2518 2539 quatenus
2565 2469 2670 2523 hac
2715 2466 3109 2537 significatione
3161 2475 3420 2536 tyrannos

1843 2562 2079 2618 dicimus
2113 2562 2366 2631 ἀπηνεῖς,
2404 2560 2499 2615 sed
2539 2561 2702 2614 etiam
2756 2559 2897 2627 apud
2937 2558 3190 2627 antiquos
3231 2556 3417 2625 expri-

1845 2668 2001 2710 munt
2040 2654 2186 2724 quod
2236 2654 2519 2724 indignum
2568 2661 2650 2707 est
2683 2662 2940 2722 tanquam
2989 2666 3019 2705 a
3079 2651 3240 2706 laude
3300 2652 3417 2706 sive

1843 2748 2013 2817 gloria
2047 2747 2222 2818 (αἴνου
2259 2755 2314 2801 et
2344 2745 2596 2813 ἐπαίνου)
2635 2743 3016 2814 longinquum.
3060 2743 3213 2808 Quod
3271 2743 3415 2797 enim

1844 2841 2164 2896 bonorabile
2193 2855 2300 2896 non
2328 2849 2432 2905 est,
2460 2834 2688 2894 laudare
2712 2854 2820 2894 non
2849 2853 3178 2908 possumus:
3206 2834 3419 2905 ἀπηνὴς

1845 2936 2015 3005 igitur
2050 2942 2169 2989 erat
2218 2932 2562 2988 ethnicorum
2617 2931 2785 3002 λέσχη
2841 2931 2957 2986 sive
3014 2928 3418 2994 confabulatio,

1846 3027 2141 3084 secundum
2168 3035 2454 3095 utramque
2475 3022 2951 3097 significationem.
2969 3021 3087 3077 Jam
3112 3023 3417 3090 πόππυσμα

1845 3116 2025 3188 qualis
2068 3128 2151 3174 est
2183 3119 2336 3173 vox?
2380 3118 2795 3186 Onomatopmia
2827 3128 2981 3170 sane.
3024 3112 3415 3184 Etymologiam

188 3212 595 3283 προσφωνοῦμεν
616 3211 804 3277 φιλίως
822 3208 1259 3280 κολακικώτερον
1283 3211 1432 3277 φωνῇ
1460 3206 1629 3275 ἀνάρο
1639 3222 1738 3277 ρῳ,

1851 3212 1990 3266 enim
2033 3221 2141 3264 11011
2191 3210 2374 3275 habet,
2412 3209 2506 3264 sed
2557 3209 2749 3262 effectu
2783 3207 3030 3261 noscitur
3069 3198 3433 3259 audientibus

188 3307 216 3373 η
248 3304 514 3374 πωλάρια.
540 3302 574 3371 ἦ
609 3302 738 3356 ἄλλο
764 3317 817 3352 τι
847 3300 922 3369 μὴ
952 3299 1075 3369 ἕχον
1107 3299 1323 3351 ἐπαΐειν
1349 3295 1614 3366 ἐνάρθρου
1644 3296 1741 3348 λα-

188 3401 321 3460 λιᾶς·
346 3397 439 3449 καὶ
474 3395 593 3447 ἔστι
632 3393 779 3445 τοῦθ’
827 3395 1015 3455 ὅμοιον
1064 3391 1141 3453 ὼς
1175 3391 1221 3443 εί
1270 3391 1365 3442 xui.
1400 3390 1540 3443 καθὰ
1568 3390 1742 3441 κόκκυ

189 3489 439 3555 κοκκὺζω,
472 3489 646 3550 οὕτως
676 3482 746 3556 ἦν
791 3485 887 3539 καὶ
918 3484 1128 3543 πόππυ,
1154 3483 1214 3548 ἐξ
1258 3482 1319 3534 οῦ
1353 3482 1413 3535 τὸ
1446 3481 1740 3545 ποππύξω,

189 3584 337 3653 ῆγρῦ
365 3577 574 3651 γρύζω,
614 3581 707 3632 καὶ
740 3578 813 3649 μῦ
848 3577 1033 3646 μῦςω-
1080 3576 1450 3644 ποππύσμασι
1481 3570 1538 3627 δὲ
1589 3574 1741 3626 είκά-

191 3677 261 3738 ζει
285 3675 473 3742 δεξιῶς
503 3674 620 3743 ἅμα
652 3673 745 3726 καὶ
787 3671 1021 3733 ἀστείως
1053 3671 1152 3732 τὰς
1184 3668 1295 3720 τῶν
1325 3666 1497 3721 ἐθνῶν
1526 3668 1743 3736 λέσχας,

189 3769 263 3822 δά
290 3770 348 3821 τὸ
374 3772 432 3822 ἐν
459 3768 639 3835 λόγοις
678 3764 859 3832 μόνοις
888 3765 988 3833 ἡδὺ
1046 3763 1141 3816 καὶ
1190 3758 1305 3815 οἷον
1358 3760 1743 3831 φιληματικῶς

190 3861 466 3931 ἐπαγωγὴν
512 3860 623 3911 τῶν
674 3856 1015 3926 ἐξωτερικῶν
1059 3855 1338 3923 φράσεων.
1374 3853 1604 3922 Καρπὺν
1634 3853 1742 3923 γὰρ

192 3954 374 4004 ἐκεῖναι
407 3951 756 4021 ψυχοτρόφον
789 3950 863 4018 μὴ
900 3947 1181 4014 φέρουσαι,
1228 3945 1290 3997 τὸ
1337 3944 1564 4013 ἐφολκδν
1595 3940 1744 4014 εἶχον

190 4044 344 4104 ἄλλως
379 4045 630 4115 μυθικοῖς
650 4042 938 4110 πλάσμασι
970 4037 1064 4092 καί
1097 4054 1209 4091 τισι
1236 4036 1502 4100 τοιούτοις
1531 4036 1739 4105 λήροις,

190 4134 260 4195 οἷς
306 4137 352 4191 oi
384 4136 596 4207 χυδαῖοι
628 4133 917 4205 χαίρουσιν
966 4130 1100 4184 ὡσεὶ
1145 4130 1241 4183 καὶ
1289 4129 1406 4191 ζῶα
1455 4127 1741 4193 ποππυζόι-

193 4244 333 4296 μενα.

1842 3316 1964 3355 enm
2011 3301 2153 3353 labia
2217 3300 2577 3370 stringentes,
2627 3299 2802 3353 amice
2863 3295 3227 3363 blandulcque
3275 3293 3419 3347 inar-

1845 3393 2065 3447 ticnlata
2120 3408 2254 3447 voce
2314 3390 2712 3460 compellamus
2770 3390 3007 3443 infantes
3080 3397 3175 3441 aut
3214 3386 3415 3457 pullos,

1845 3495 1936 3539 aut
1995 3485 2140 3538 aliud
2199 3484 2330 3553 quid
2401 3483 2731 3537 locutionem
2832 3480 3178 3535 atticulatam
3245 3487 3417 3531 attcn-

1844 3578 1972 3630 dere
2023 3591 2129 3630 non
2188 3575 2398 3630 Valens.
2462 3574 2577 3629 11οο
2632 3588 2765 3628 vero
2830 3588 2938 3627 non
2994 3586 3152 3627 secus
3209 3578 3293 3623 est
3356 3584 3421 3622 ac

1845 3667 1891 3722 si
1927 3667 2080 3735 juxta
2138 3666 2313 3722 κόκκυ
2381 3665 2659 3732 κοκκῦζω,
2717 3666 2798 3722 sic
2856 3665 3148 3720 haberetur
3202 3663 3417 3724 πόππυ,

1854 3765 2002 3814 unde
2032 3760 2331 3825 ποππύζω,
2354 3760 2437 3815 vel
2460 3759 2567 3830 γρῦ
2627 3758 2819 3829 γρὺζω
2846 3768 2900 3812 et
2926 3756 2998 3826 μῦ
3064 3753 3240 3825 μύζω.
3281 3753 3422 3808 Sibi-

1853 3851 2147 3906 lationibus
2209 3861 2391 3905 autem
2462 3851 2737 3906 blandulis
2762 3863 2910 3915 vere,
2962 3858 3015 3904 et
3045 3849 3252 3902 urbane
3291 3858 3421 3897 con-

1852 3936 2219 4001 fabulationes
2243 3944 2586 4000 ethnicorum
2620 3943 2909 4007 assimilat,
2933 3959 2998 3997 eo
3019 3940 3161 4009 quod
3198 3940 3250 3993 in
3290 3938 3421 3993 solis

1850 4037 2030 4092 verbis
2065 4046 2279 4092 constat
2327 4036 2472 4107 quod
2512 4046 2818 4092 etterarnm
2871 4035 3206 4107 locutionum
3230 4030 3422 4084 .dulce

1851 4127 2202 4198 quodamque
2245 4104 2408 4181 modo
2461 4138 2710 4181 amanter
2747 4104 3117 4182 attractivuni
3156 4134 3258 4179 est.
3285 4123 3421 4177 Fru-

1850 4230 1998 4274 ctum
2043 4219 2187 4274 enim
2241 4219 2438 4274 anima:
2486 4221 2767 4275 nutritium
2814 4219 2932 4274 ista:
2984 4233 3088 4271 non
3145 4218 3418 4275 ferentes.

192 4322 454 4377 illecebras
538 4321 695 4376 aliter
751 4318 1023 4373 habebant
1108 4332 1174 4371 ex
1267 4314 1532 4372 fabulosis
1619 4312 2103 4369 adinventiouibus
2166 4311 2606 4384 quibusdamque
2675 4309 2875 4369 talibns
2951 4312 3156 4381 nugis,
3218 4310 3419 4379 quibus

193 4412 386 4481 Vulgus,
410 4422 675 4487 tanquam
702 4409 956 4463 animalia
998 4407 1173 4463 sibilis
1200 4404 1401 4472 illecta,
1433 4406 1649 4475 gaudet.

254 4500 383 4573 ρνη⁹.
412 4502 485 4555 Τὸ
510 4501 567 4553 δὲ
589 4498 819 4561 ὤκιστα,
850 4499 1185 4551 οἰκειότατον
1213 4496 1467 4567 ἐνεργείᾳ
1493 4492 1748 4560 Πνεύμα-

1926 4492 2051 4548 158.
2097 4492 2212 4548 lloc
2264 4499 2444 4547 autem
2481 4510 2495 4546 :
2537 4492 2786 4557 ὤκιστα,
2849 4492 3082 4546 maxime
3138 4491 3418 4562 proprium

192 4609 291 4659 τος,
342 4596 583 4665 ἀχρόνως
615 4594 685 4645 τὰ
732 4594 909 4644 οἰκεῖα
958 4589 1333 4661 ἐνεργοῦντος,
1388 4588 1639 4649 ιπίτασις
1689 4585 1742 4638 ὂν

1854 4586 2108 4641 efficacia:
2141 4584 2400 4654 Spiritus,
2438 4585 2531 4653 qui
2566 4600 2663 4640 sua
2693 4585 2813 4639 sine
2860 4592 3104 4653 tempore
3135 4593 3414 4652 operatur,

193 4688 395 4757 τάχους,
448 4688 640 4755 ῶσπερ
670 4686 786 4740 ὠκὺ
831 4684 1061 4738 ὤκιστα.
1091 4684 1166 4737 Τὸ
1194 4684 1251 4736 δὲ
1281 4682 1496 4741 δεικνὺς
1528 4679 1605 4742 ὡς
1646 4678 1747 4746 μὲν

194 4782 314 4850 πρὸς
345 4782 438 4852 τὴν
495 4780 668 4850 φορὰν
723 4776 818 4832 τοῦ
870 4776 1211 4847 Πνεύμιτος,
1268 4775 1485 4827 δεικνῦν
1539 4772 1747 4839 ὤφελεν

195 4870 319 4927 εἶναι
346 4892 358 4904 ·
392 4872 725 4950 πρρενεχθὲν
758 4872 815 4925 δὲ
846 4873 948 4924 σὺν
994 4869 1071 4940 τῷ
1116 4868 1405 4937 πυρπνόως
1442 4864 1747 4936 ἀρσενικῶς

197 4970 509 5035 ἀττικίζεται
541 4970 678 5039 πρὸς
706 4968 919 5035 ὑγίειαν
953 4965 1162 5027 ἐννοίας
1191 4980 1206 4995 ⁸
1232 4964 1363 5024 θεὸς
1398 4963 1504 5030 γὰρ
1533 4960 1748 5030 ἀληθῶς

200 5065 283 5115 καὶ
308 5063 365 5116 τὸ
390 5064 546 5129 ἅγιον
593 5059 817 5129 Πνεῦμα
849 5076 865 5092 ’
897 5059 982 5113 διὸ
1015 5058 1112 5111 καὶ
1149 5058 1211 5109 τδ
1245 5055 1457 5117 δεικνὺς
1486 5052 1749 5122 ἁρμόττει

196 5154 329 5226 αὑτῷ
350 5168 367 5188 ⁸
394 5154 454 5208 τὸ
491 5154 551 5206 δὲ
581 5152 874 5222 πυρπνόως
902 5150 1261 5219 παράφρασις
1292 5144 1601 5215 γοργοτάτη
1630 5142 1750 5195 icti.

197 5246 279 5299 τοῦ
312 5248 438 5301 πνοῦ
473 5247 625 5318 βιαίᾳ
673 5244 767 5298 καὶ
810 5243 983 5313 πυρδς
1026 5241 1416 5311 γλωττημασιν
1440 5252 1454 5267 ·
1482 5237 1665 5290 ὁποῖόν
1694 5252 1748 5287 τι

199 5340 279 5390 καὶ
304 5341 337 5408 ἡ
377 5340 675 5410 πυρίπνοος
731 5334 1081 5404 πνευματικὴ
1115 5334 1333 5404 δρὸσος,
1366 5331 1461 5383 καὶ
1502 5330 1605 5383 ὅσα
1643 5344 1749 5380 τοι-

203 5430 345 5484 αῦτα.
381 5430 578 5485 Ἰστέον
611 5430 668 5483 δὲ
694 5430 777 5482 ὅτι
805 5427 864 5479 τὸ
913 5426 1208 5494 πυρπνόως
1240 5427 1289 5477 εί
1330 5422 1617 5492 μεγεθύνει
1652 5422 1751 5491 τὴν

202 5524 451 5589 λήγουσαν
484 5519 965 5595 ἐπιῤῥηματεκῶς,
1009 5518 1338 5570 συντακτέον
1368 5516 1520 5569 ἔσται
1547 5515 1622 5583 τῷ
1644 5514 1750 5566 δει-

204 5615 355 5673 κνύςε
400 5616 539 5669 οὕτω
596 5614 705 5683 γὰρ
752 5613 924 5681 ἠγουν
975 5609 1290 5677 πυρπνόως,
1337 5608 1477 5660 καθά
1529 5606 1749 5677 ἐρρέθη,

204 5706 451 5763 δέδεικται
477 5709 544 5762 τὰ
571 5706 667 5761 τοῦ
701 5704 859 5772 ἁγίου
914 5701 1237 5773 Πνεύματος
1266 5701 1326 5753 ἐν
1353 5702 1418 5769 τῇ
1466 5697 1561 5752 νῦν
1590 5701 1750 5769 ἑορτῇ

207 5796 377 5854 αὐτοῦ.

1850 4675 2240 4745 superlativum
2267 4683 2351 4730 est
2381 4675 2476 4728 τοῦ
2510 4675 2728 4745 τάχους,
2770 4674 3231 4744 quemadmodum
3273 4672 3418 4735 ὠκὺ,

1849 4769 2076 4822 ὤκιστα.
2101 4770 2325 4830 Δεικνὺς
2364 4784 2516 4830 vero.
2552 4778 2810 4837 tanquam
2844 4767 2909 4820 ad
2943 4759 3171 4837 Πνεῦμα
3205 4766 3420 4829 relatio,

1848 4862 2080 4916 debebat
2128 4876 2250 4915 esse
2287 4861 2548 4919 δεικνύνξ
2592 4859 2686 4915 sed
2736 4859 2963 4914 verbum
3000 4858 3103 4913 hoc
3150 4858 3420 4924 prolatum

1850 4968 1977 5008 cum
2044 4952 2361 5022 πυρπνόως,
2403 4966 2576 5021 genus
2638 4950 3000 5005 masculinum
3054 4948 3219 5004 attice
3266 4948 3421 5017 juxta

1854 5045 2203 5116 c0gitationis
2238 5043 2603 5098 valetudinem
2631 5044 2903 5111 sequitur.
2941 5042 3083 5097 Dens
3126 5044 3269 5098 enim
3296 5057 3424 5096 vcre

1852 5153 2071 5209 quoque
2125 5136 2363 5205 Spiritus
2412 5142 2639 5190 sanctus
2688 5145 2793 5199 est,
2847 5134 3082 5201 ideoque
3129 5150 3251 5188 eum
3301 5134 3422 5202 ipso

1794 5250 1801 5255 ί
1852 5230 2133 5286 consentit
2194 5228 2432 5289 δεικνύς.
2489 5225 2600 5281 Vox
2658 5236 2835 5281 autem
2892 5226 3186 5297 πυρπνὸως
3244 5224 3421 5278 vivida

1853 5322 2203 5393 parapltrasis
2264 5332 2350 5377 est
2412 5320 2618 5375 illius:
2674 5322 2811 5389 πνοῇ
2875 5318 3028 5388 βιαίᾳ
3100 5319 3195 5371 καὶ
3249 5318 3422 5385 πυρὸς

1852 5415 2283 5483 γλωττημασινς
2341 5412 2574 5482 qualiter
2625 5412 2658 5481 ἡ
2713 5412 3013 5479 πυρίπνοος
3073 5408 3421 5477 πνευματικὴ

1852 5507 2066 5574 δρόσος,
2121 5515 2172 5560 et
2211 5504 2297 5560 his
2336 5504 2564 5559 similia.
2621 5502 2915 5559 Sciendum
2969 5510 3147 5553 autem
3182 5502 3325 5567 quod
3374 5500 3418 5554 si

1856 5596 1917 5647 τὸ
1946 5596 2239 5666 πυρπνόως
2262 5595 2646 5649 adverbialiter
2678 5594 2891 5647 finalem
2912 5599 3421 5657 auget,construen-

1854 5693 1981 5745 (111111
2042 5691 2146 5745 erit
2163 5706 2285 5745 cum
2305 5690 2384 5760 τῷ
2398 5690 2636 5751 δεικνύς.
2660 5690 2750 5744 Sic
2770 5687 2938 5750 enim,
2965 5686 3080 5740 sive
3096 5684 3419 5754 πυρπνόως.

1856 5796 1913 5838 ut
1946 5785 2146 5837 dictum
2174 5791 2277 5848 est,
2309 5796 2370 5835 ea
2411 5796 2531 5851 qua:
2559 5789 2686 5833 sunt
2729 5777 2903 5832 sancti
2957 5775 3195 5844 Spiritus
3241 5775 3294 5830 in
3319 5774 3420 5829 hac

1861 5873 2030 5944 ipsius
2069 5872 2319 5942 praesenti
2357 5871 2651 5926 festivitate
2683 5866 3025 5923 manifestata
3058 5874 3206 5923 sunt.
