3824 6610
497 669 739 724 (Joneors
769 671 1025 727 clamavit
1051 675 1535 729 instrumentorum
1567 691 1770 731 cantus
1792 718 1806 740 ,

365 739 372 754 ’
429 759 672 813 Adorare
705 777 925 816 auream
957 765 1248 819 inanimam
1293 767 1603 837 imaginem.

435 851 700 908 Paracleti
737 864 913 910 autem
951 857 1174 912 lucll'eta
1200 862 1372 930 gratia

433 942 634 1013 Dignos
670 944 798 1000 facit
835 957 893 1001 ut
919 947 1169 1010 clament,
1209 949 1252 1003 Ο
1279 951 1517 1004 Trinitas
1551 953 1687 1012 sola.

436 1034 820 1105 Aiquipotens,
857 1040 974 1094 sine
1003 1042 1291 1112 principio,
1329 1044 1608 1098 benedicta
1641 1061 1720 1100 es.

401 1145 527 1200 139.
563 1146 818 1204 Historia:
851 1154 1048 1206 veteris
1091 1155 1429 1223 appositione
1468 1159 1722 1226 populum
1757 1158 1904 1213 hunc

993 443 1409 505 EUSTATIIII
1452 447 1742 507 THESSA
1757 447 2211 510 [.0NICENSIS
2255 449 2806 510 METROPOLITIE
3455 451 3570 513 67?

783 557 997 614 [firmus
1029 563 1146 616 0th
1179 564 1436 630 septimm.
1925 577 1964 631 Α

2419 566 2600 638 ’ῼδῆς
2628 566 2887 635 ἑϐδόμης
2936 567 3153 634 εΙρμός.

2279 675 2575 748 Σύμφωνον
2606 680 2661 732 ὲί)
2675 682 2866 751 ρόησιν
2903 680 3153 750 ὀργάνων
3186 681 3346 750 μέλος

2281 772 2468 823 Σέόειν
2499 773 2558 824 τὸ
2585 772 2974 842 χροσότευκτον
3011 771 3218 840 ἄψυχον
3248 771 3458 843 βρέτας.

2295 861 2360 915 Ἦ
2387 863 2478 914 τοῦ
2507 865 2868 932 Παρακλήτου
2900 865 2954 918 δὲ
2990 867 3280 934 φωσφόρος
3307 867 3460 935 χάρις

2283 953 2650 1021 Σεϐασμιάζει
2680 953 2773 1006 τοῦ
2805 953 2933 1024 βοᾷν
2957 970 2970 984 ο
2999 952 3170 1023 Τριὰς
3203 953 3360 1022 μόνη,

2294 1045 2621 1114 ’1σοσοενὴς,
2646 1047 2869 1117 ἄναρχε,
2894 1045 3185 1114 εὐλογητὸς
3218 1041 3288 1098 εἳ.

2071 677 2236 734 XVII.

2075 1160 2206 1226 pvll'.
2257 1159 2522 1230 Ἱστορίαν
2569 1161 2806 1216 παλαιὰν
2854 1162 3154 1231 παραθέσει
3196 1161 3322 1214 λαδιν
3369 1161 3581 1212 ἐκεῖνον

329 1239 768 1294 vetustissimum
845 1259 950 1298 non
1024 1245 1327 1314 sapientem
1377 1248 1624 1304 melodus
1679 1251 1902 1318 npponit

2028 1250 2106 1302 ιύκ
2145 1250 2392 1320 ἔμφρονα
2427 1254 2759 1308 παλαίτατον
2783 1254 2811 1306 ὁ
2842 1253 3079 1323 μελῳδὸς
3130 1256 3242 1316 τοῖς
3277 1253 3372 1306 νῦν
3418 1253 3474 1305 ὲν
3512 1254 3580 1319 τῇ

333 1329 600 1386 festiviter
658 1337 945 1403 agentibus
1025 1355 1170 1394 nunc
1227 1342 1280 1394 in
1359 1340 1514 1406 Sion,
1579 1343 1672 1412 qui
1727 1345 1903 1398 sancti

333 1423 576 1494 Spiritus
608 1430 934 1486 hodiernum
988 1436 1309 1489 descensum
1351 1437 1402 1492 in
1443 1439 1726 1508 aposmlos
1761 1441 1904 1496 cele-

332 1515 496 1570 brant
529 1537 542 1573 :
575 1519 851 1586 ahjudirat
888 1525 1104 1590 quidem
1137 1544 1164 1579 τι
1191 1537 1351 1598 parte
1377 1529 1680 1584 landatoria
1715 1533 1908 1588 turbas

335 1606 594 1675 illas;ibi
645 1628 772 1667 vero
806 1615 950 1669 sistit
985 1632 1079 1672 eos
1126 1621 1244 1688 qui,
1283 1631 1593 1690 opportuna
1642 1623 1904 1693 dictione,

335 1702 649 1770 spirituales
681 1719 830 1762 sunt.
852 1708 1024 1766 Habet
1055 1722 1234 1766 autem
1267 1730 1421 1770 sacer
1443 1725 1590 1771 vates
1617 1717 1905 1772 historiam

339 1809 406 1847 ex
464 1796 769 1854 adulatrice
822 1810 1016 1857 statuae
1057 1801 1566 1863 Nabuchodonosor
1611 1810 1909 1866 elevalione

2006 1344 2145 1398 Σιὼν
2199 1347 2523 1414 ἑορτασταῖς
2551 1349 2811 1410 ἀντιθεὶς,
2841 1348 2892 1400 οἳ
2939 1348 3033 1401 καὶ
3079 1353 3180 1421 τὴν
3214 1347 3454 1414 σήμερον
3480 1343 3584 1397 τοῦ

2008 1439 2164 1506 ἁγίου
2216 1439 2527 1508 "vetita-:0:
2555 1442 2773 1508 ἔκχυσιν
2801 1443 2890 1494 ἐπὶ
2933 1443 3058 1503 τοὺς
3084 1441 3417 1499 ἀποστόλους
3449 1455 3561 1490 παν

2009 1532 2362 1603 ηγυρίζουσιν
2389 1548 2404 1563 ⁸
2461 1535 2749 1600 ἀποκρίνει
2779 1535 2878 1602 μὲν
2915 1535 3014 1595 τῆς
3046 1533 3340 1600 ἑπαινετῆς
3387 1531 3587 1599 μοίρας

2007 1629 2136 1691 τοὺς
2181 1628 2372 1696 ὄχλους
2407 1628 2668 1691 ἐκείνους,
2697 1627 2993 1696 ἐγκαριστᾷ
3018 1626 3074 1678 δὲ
3103 1625 3240 1695 αὐτῇ
3271 1625 3420 1687 τοὺς,
3459 1641 3587 1676 και-

2015 1721 2143 1788 ρίως
2186 1721 2385 1782 εἰπεῖν,
2417 1720 2841 1786 πνευματικούς.
2886 1699 3047 1773 Ἐστι
3080 1719 3135 1772 δὲ
3181 1720 3217 1782 ἡ
3255 1717 3468 1785 ἱστορία
3506 1716 3590 1786 τῷ

2017 1812 2220 1880 ίερῳδῷ
2243 1813 2306 1865 ὲκ
2331 1813 2427 1880 τῆς
2461 1812 2602 1864 κατὰ,
2626 1812 2716 1864 τὸν
2750 1810 3226 1880 Ναϐουχοδονόσορ
3253 1807 3590 1874 ἁλαζονικῆς

339 1888 745 1959 impiorumque
798 1893 972 1962 ipsius
1013 1896 1365 1951 adoratotum
1425 1901 1617 1968 agendi
1675 1903 1908 1958 ratione.

2028 1904 2442 1968 εοὶκονοστασίας,
2484 1905 2576 1958 καὶ
2605 1904 2714 1958 τῶν
2739 1906 3082 1970 ἑπιτρίπτων
3105 1903 3229 1955 τότε
3273 1917 3595 1970 προσκυνηο

340 1979 482 2035 Dicit
519 1983 662 2048 quod
689 1987 1082 2055 symphoniam
1111 1988 1176 2042 de
1207 1988 1713 2048 Nabuchodonosor
1741 1996 1911 2048 melo-

339 2075 429 2128 dia
475 2075 797 2146 sonitusque
851 2080 1266 2135 multiformium
1317 2083 1533 2139 illorum
1577 2087 1922 2142 instrumen--

342 2177 550 2229 torum.
575 2186 805 2238 quorum
834 2172 1088 2242 pleraque
1108 2187 1236 2230 nota
1259 2193 1361 2231 non
1383 2188 1534 2233 erant
1560 2179 1908 2236 llellenorum

338 2263 512 2330 genti,
546 2265 760 2335 signum
793 2269 1017 2335 dabant,
1063 2280 1121 2326 ut
1153 2276 1476 2329 adoraretur
1509 2291 1674 2330 aurea
1709 2287 1908 2343 statua,

339 2358 455 2413 sive
483 2359 785 2416 inanimum
826 2363 1028 2418 idolum
1057 2381 1070 2418 :
1099 2366 1191 2418 sed
1220 2367 1320 2419 hoc
1366 2367 1583 2436 quidem
1621 2377 1749 2422 tum-
1769 2381 1910 2436 erat,

341 2469 466 2507 eum
493 2454 794 2510 idololatria
825 2458 1036 2525 publice
1060 2459 1364 2512 colebatur.
1401 2460 1540 2513 Num
1574 2471 1754 2515 autem
1789 2477 1912 2516 cum

338 2544 430 2599 ille
461 2545 550 2612 qui
571 2561 696 2600 vere
718 2545 976 2602 Dominus
1007 2557 1093 2602 est
1125 2559 1180 2603 et
1226 2550 1369 2605 Deus
1403 2551 1626 2604 deorum
1661 2555 1915 2622 agnosci-

339 2647 448 2703 tur,
509 2640 754 2706 paracliti
829 2641 1002 2698 sancti
1058 2643 1298 2711 Spiritus
1343 2643 1676 2714 gratia-non
1732 2654 1915 2714 aperte

338 2731 588 2785 noscitur
635 2732 690 2788 in
746 2733 932 2788 sonitu
1005 2735 1312 2804 clangoris,
1382 2736 1604 2799 ﬁstulze,
1667 2738 1914 2803 citharae,

343 2822 638 2887 sambura',
701 2822 972 2890 psalterii,
1044 2823 1394 2896 aliorumque
1451 2825 1756 2891 similium;
1819 2829 1914 2882 sed

343 2929 512 2968 sonus
539 2913 1005 2976 extraordinarius
1028 2917 1366 2974 vehementis
1391 2918 1556 2974 flatus
1581 2929 1631 2973 et
1657 2935 1918 2974 resonan-

345 3007 418 3062 tis
457 3006 618 3075 ignis,
659 3023 768 3078 quo
797 3007 1034 3077 perculsi
1068 3019 1198 3066 sunt
1242 3009 1334 3064 hic
1387 3020 1740 3066 occurrentes
1786 3026 1918 3065 con-

346 3101 574 3172 gregati,
606 3103 876 3157 neminem
898 3101 1118 3173 quidem
1143 3101 1407 3169 turbavit,
1435 3100 1528 3155 sed
1556 3103 1917 3170 σεδασμιὰζει

349 3195 468 3248 sive
503 3195 816 3264 σεὸασμίως
867 3195 1218 3263 (veneranter
1245 3203 1299 3250 et
1357 3195 1465 3263 pie)
1505 3205 1708 3260 mavet,
1749 3212 1920 3266 augu-

354 3299 606 3356 stamque
629 3288 1034 3342 venerationem
1069 3288 1408 3355 spiritualem
1448 3288 1700 3356 inspirat,
1740 3297 1795 3343 et
1821 3305 1920 3342 an-
1950 3270 1993 3326 (ἶ

351 3387 506 3449 gusta
559 3387 778 3432 resonat
834 3376 904 3430 ob
955 3376 1307 3431 concordiam
1365 3376 1712 3445 personantis
1759 3375 1923 3430 ﬂatus

349 3473 607 3527 deorsum
639 3485 762 3525 cum
794 3469 1111 3525 caelestibus
1141 3470 1411 3532 melodiis,
1441 3469 1667 3535 docens,
1715 3485 1824 3544 non
1856 3469 1923 3524 ad

355 3567 514 3618 istam
551 3575 792 3619 veterem
845 3563 1282 3627 similitudinem,
1337 3561 1579 3616 inanimo
1626 3563 1813 3630 sicque
1842 3562 1924 3616 inv

352 3661 599 3718 sensibili
654 3675 789 3714 sono
845 3661 1210 3726 respondere,
1261 3659 1355 3711 sed
1413 3659 1739 3716 tiducialiter
1791 3674 1926 3716 voce

354 3755 504 3811 clara
533 3756 715 3809 dicere
742 3756 812 3807 ad
849 3754 1000 3806 illum
1031 3752 1125 3816 qui
1181 3751 1424 3819 prodigia
1472 3751 1700 3819 profert,
1733 3751 1926 3815 Deum,

353 3847 449 3917 qui
485 3849 536 3899 in
582 3844 852 3898 Trinitate
903 3843 1154 3898 subsistit
1185 3864 1201 3896 :
1234 3841 1277 3897 Ο
1315 3841 1587 3906 Trinitas,
1641 3858 1796 3910 aequa
1833 3859 1922 3911 po.

357 3948 551 3994 testate
599 3938 826 4008 sineque
875 3936 1142 4006 principio
1201 3945 1496 4002 constans;
1551 3933 1669 3990 sola
1703 3951 1836 3992 sane
1869 3947 1924 3990 tu

352 4031 514 4100 juxta
547 4029 830 4083 veritatem
869 4042 927 4082 es
963 4025 1333 4081 benedicenda
1362 4045 1377 4093 ;
1415 4026 1648 4096 ideoque
1670 4039 1726 4082 te
1755 4029 1924 4082 solam

355 4138 462 4177 nos
486 4122 579 4190 qui
613 4121 691 4174 tui
738 4135 949 4186 sumus,
982 4119 1377 4188 benedicimus,
1415 4129 1668 4190 tanquam
1717 4121 1924 4175 nullum

356 4215 522 4268 alium
560 4213 728 4268 Deum
757 4223 952 4282 praeter
979 4220 1032 4266 te
1055 4213 1231 4266 solum
1270 4222 1651 4282 agnoscentes.
1684 4213 1756 4266 Ita
1809 4228 1928 4264 ver-

357 4305 489 4359 bum
581 4303 939 4373 σεόασμιάζει
995 4305 1320 4360 antithetum
1390 4315 1476 4360 est
1561 4305 1627 4358 ad
1701 4304 1926 4358 verbum

357 4395 612 4465 ἔθροήσε,
655 4396 953 4464 ρτωεοτιίιιι
1005 4406 1186 4450 autem
1263 4397 1328 4450 ad
1379 4397 1583 4452 dictum
1637 4397 1819 4449 σέϐειν
1865 4397 1928 4448 τὸ

361 4490 598 4560 βρεταςς
640 4506 878 4559 cumque
901 4489 1154 4545 fortassis
1197 4499 1279 4544 est
1324 4489 1534 4545 licitum
1580 4491 1645 4542 ad
1686 4487 1927 4543 occasio-

359 4598 484 4636 netu
514 4584 882 4638 necessariam
914 4581 1226 4637 rhetoribus
1257 4596 1430 4635 novas
1456 4579 1702 4634 invenire
1732 4579 1927 4635 dictio-

361 4689 478 4740 nes,
508 4675 613 4729 hoc
647 4675 810 4729 etiam
860 4676 931 4729 ibi
967 4675 1096 4730 fecit
1137 4675 1408 4738 melodus,
1437 4688 1502 4729 ex
1537 4677 1701 4730 verbo
1749 4675 1926 4729 σέϐειν

289 4816 300 4826 ,
358 4764 614 4820 derivans
650 4766 1089 4835 σεέὁασμιάζειν.

433 4881 556 4935 160.
600 4879 734 4933 Vide
783 4890 963 4934 autem
1021 4889 1079 4933 ut
1131 4879 1360 4935 solerter
1421 4894 1579 4935 sacer
1617 4881 1704 4935 ille
1752 4889 1927 4948 poeta,

354 4971 562 5025 dictant
623 4969 968 5024 Chaldaicam
1039 4971 1322 5026 historiam
1392 4971 1606 5040 Septimi
1673 4971 1932 5026 carminis

344 5062 525 5125 ,nexui
549 5063 881 5130 adaptatam,
905 5063 1049 5116 velut
1067 5064 1270 5132 aliquid
1291 5063 1594 5118 addititium
1635 5065 1929 5127 adducens,

363 5153 789 5223 parallelamqne
822 5169 1027 5222 ponens
1057 5169 1180 5208 cum
1217 5155 1303 5208 his
1328 5171 1451 5225 quae
1493 5155 1558 5208 ad
1591 5155 1931 5210 celebratum

363 5245 630 5314 Spiritum
683 5258 934 5300 sanetum
996 5247 1271 5309 attinent,
1341 5249 1716 5302 dexteritatem
1775 5261 1929 5300 suam

364 5337 590 5392 multam
614 5337 1004 5392 manifestam.
1031 5337 1442 5409 Symphoniacte
1469 5340 1670 5407 quippe
1690 5336 1932 5392 melodis:

366 5442 558 5482 eorum
589 5443 712 5498 quae
741 5443 937 5484 sensus
978 5429 1222 5483 alliciunt
1253 5431 1762 5494 instrumentorum,
1795 5444 1931 5496 pra:-

362 5531 571 5574 sentem
638 5522 984 5590 spiritualem
1042 5523 1420 5592 symphoniam
1479 5523 1773 5591 opposuit:
1825 5537 1929 5574 non

364 5613 512 5666 enim
549 5613 782 5668 habetur
814 5613 887 5667 ibi
909 5613 1218 5678 linguarum
1251 5611 1519 5672 confusio,
1551 5613 1643 5665 sed
1682 5613 1810 5664 unio
1831 5653 1845 5675 ,
1880 5623 1934 5664 et

367 5709 425 5756 ut
455 5702 526 5756 ita
557 5703 756 5767 dicam,
811 5717 1138 5758 consensus.
1195 5701 1418 5755 Illorum
1465 5712 1643 5754 autem
1700 5701 1932 5770 inspira-

371 5793 507 5849 tioni
528 5809 592 5850 ac
621 5795 811 5860 motui,
848 5793 1119 5864 (quaedam
1163 5794 1308 5848 enim
1363 5795 1415 5846 in
1457 5794 1537 5848 eis
1565 5802 1714 5846 erant
1765 5793 1933 5862 inspi-

373 5886 554 5963 rata),
607 5888 910 5957 spiritalem
970 5887 1380 5957 inspirationem
1434 5888 1486 5943 in
1536 5888 1813 5958 apostolos
1863 5902 1928 5942 ex

2019 1993 2127 2046 τῶν
2159 1994 2374 2062 ἐκείνης
2397 2010 2414 2024 ⁸
2449 1994 2540 2046 καὶ
2591 1994 2741 2059 λέγει
2790 1994 2872 2047 ὅτι
2919 1993 2980 2045 τὸ
3029 1992 3319 2061 σύμφωνον
3345 1991 3443 2042 ἐπὶ
3476 1989 3592 2042 Nx-

2019 2085 2402 2154 σουχοδονόσορ
2437 2087 2597 2156 μέλος
2626 2088 2721 2140 καὶ
2745 2088 2772 2138 ὁ
2806 2086 2928 2138 κατ’
2959 2087 3133 2140 ὲκεῖνο
3155 2081 3319 2153 Θροῦς
3349 2082 3464 2133 τῶν
3490 2097 3593 2132 πο-

2018 2177 2243 2232 λυειδῶν
2275 2181 2497 2232 ἐκείνων
2519 2179 2788 2250 ὀργάνων,
2820 2175 2894 2233 ὧν
2922 2181 2992 2232 τὰ.
3019 2178 3188 2231 πολλὰ
3213 2178 3338 2231 οὐδὲ
3369 2175 3595 2244 γνωστὰ

2019 2273 2084 2340 τῇ
2135 2271 2251 2322 καθ’
2292 2270 2560 2338 Ἕλληνας
2590 2274 2774 2342 γενεᾷ,
2816 2271 3235 2341 συνθηματίξων
3263 2265 3352 2340 ἦν,
3411 2269 3594 2322 σέϐειν

2017 2367 2078 2414 τὸ
2110 2363 2514 2432 χρυσότευκτον
2557 2363 2782 2432 βρέτας,
2805 2366 2975 2434 ἤγουν
3004 2363 3221 2418 εἴδωλον
3252 2364 3311 2415 τὸ
3351 2362 3592 2431 ἄψυχον.

2030 2442 2194 2507 Ἀλλὰ
2232 2454 2392 2508 τοῦτο
2449 2458 2547 2525 μὲν
2595 2457 2718 2508 τότε
2763 2457 2854 2510 ὅτε
2891 2457 2959 2510 τὰ
2983 2460 3081 2525 τῆς
3143 2456 3595 2527 εἰδωλολατρείας

2021 2544 2467 2614 ὲπαρῥησιάζετο
2491 2561 2504 2576 ·
2535 2545 2633 2600 νῦν
2670 2547 2727 2600 δὲ
2770 2546 2864 2600 τοῦ
2909 2549 3058 2610 δντος
3104 2549 3314 2617 Κυρίου
3357 2549 3458 2600 τοῦ
3490 2548 3597 2600 τῶν

2022 2635 2161 2690 θεῶν
2191 2638 2329 2691 Θεοῦ
2352 2641 2794 2707 ὲπεγνωσμένου,
2837 2643 2869 2709 ἡ
2906 2642 3069 2712 χάρις
3104 2640 3201 2694 τοῦ
3236 2642 3596 2712 παρακλήτου

2022 2728 2178 2794 ἁγίου
2227 2727 2546 2798 ῐΙνεύματος
2578 2733 2841 2802 ἐμφανῶς
2880 2734 3197 2803 ἑγνωσμένη
3247 2735 3347 2788 οὐκ
3399 2736 3463 2787 ὲν
3518 2734 3596 2803 τῷ

2022 2819 2271 2890 θορυϐεῖν
2303 2822 2636 2892 σάλπιγγας,
2685 2826 2781 2877 καὶ
2827 2824 3110 2896 τύμπανα,
3158 2828 3253 2880 καὶ
3285 2827 3595 2895 ψαλτήρια,

2022 2912 2116 2966 καὶ
2168 2912 2496 2984 θαμϐούρια,
2531 2917 2627 2970 καὶ
2662 2916 2974 2985 σαμϐύκας,
3004 2920 3097 2971 καὶ
3124 2920 3178 2973 εί
3206 2937 3260 2972 τι
3303 2922 3552 2973 τοιοῦτον
3576 2937 3592 2952 ·

2021 3007 2158 3060 ἀλλὰ
2193 3011 2548 3079 καττιχεῖσοοι
2592 3012 2908 3081 παραδόξως
2954 3015 3089 3082 πνοῇ
3139 3013 3288 3082 βιαίᾳ
3322 3013 3420 3066 καὶ
3468 3014 3595 3084 βρέ-

2027 3115 2180 3166 μοντι
2241 3102 2376 3169 πορὶ
2435 3104 2561 3165 τοὺς
2615 3105 3069 3174 παρευρημένους
3120 3105 3214 3158 καὶ
3265 3105 3593 3174 συλλεγῆναι

2025 3190 2308 3259 λαχόντας,
2337 3193 2566 3263 ὲθρόησε
2600 3195 2700 3264 μὲν
2746 3195 2961 3261 οὐδένα,
2990 3196 3354 3263 σεϐασμιάζει
3384 3198 3445 3250 δὲ
3485 3199 3596 3265 ἢτοι

2028 3283 2341 3352 σεϐασμίως
2371 3285 2464 3338 καὶ
2496 3287 2713 3349 σεπτῶς
2748 3287 2994 3341 ὑποκινεί
3023 3289 3118 3342 καὶ
3137 3288 3388 3357 σέϐασμα
3414 3288 3596 3342 ἐνθεά-

2029 3373 2113 3437 ζει
2143 3373 2358 3443 σεμνῶς
2396 3377 2765 3446 πνευματικὸν
2811 3377 2908 3432 καὶ
2939 3379 3167 3446 κατηχεῖ
3193 3379 3412 3442 σεπτῶς
3435 3379 3596 3429 ἕνεκα

2028 3465 2122 3520 τοῦ
2171 3466 2428 3538 ἀντιόοᾷν
2481 3468 2730 3522 κάτωθεν
2780 3470 2903 3530 ταῖς
2955 3468 3167 3522 ἄνωθεν
3212 3469 3596 3540 κατηχουμένῃ

2028 3560 2190 3630 πνοῇ,
2238 3559 2299 3613 οὐ
2339 3559 2477 3630 πρὸς
2507 3561 2804 3631 ὁμοιότητα
2848 3561 3066 3631 ἐκείνην
3113 3564 3355 3616 παλαιὰν
3404 3562 3596 3632 ἀψύχῳ

2030 3652 2127 3704 καὶ
2183 3651 2357 3714 οὕτως
2409 3653 2727 3724 ἀναισθήτῳ
2781 3652 2878 3723 βοῇ
2921 3653 3408 3722 ἀντιφθέγγεσθαι,
3465 3654 3596 3710 ἀλλὰ

2030 3743 2344 3813 θαρσαλέως
2367 3743 2548 3811 λέγειν
2570 3745 2805 3816 διατόρῳ
2834 3745 2927 3816 βοῇ
2953 3745 3087 3814 πρὸς
3109 3747 3200 3800 τὸν
3223 3747 3349 3816 ἄρτι
3379 3764 3596 3817 σημειο-

2031 3836 2300 3907 φοροῦντα
2330 3836 2484 3901 Θεὸν,
2517 3831 2605 3890 τὸν
2635 3839 2692 3890 ὲν
2717 3837 2910 3907 Τριάδι
2940 3839 3002 3891 τὸ
3029 3833 3100 3892 Ὦ
3123 3839 3165 3891 Τ
3171 3840 3296 3910 ριὰς
3322 3839 3596 3909 ίσοσϐενὴς

2030 3929 2262 4000 ἄναρχος
2291 3944 2306 3960 ·
2346 3931 2482 4001 μόνη
2515 3931 2578 3984 σὺ
2612 3931 2903 4000 εὐλογητὸς
2934 3928 2987 3985 εἴ
3014 3931 3152 4001 πρὸς
3185 3931 3483 4000 ἀλήθειαν.
3510 3934 3593 3986 Διὸ

2029 4027 2124 4080 καὶ
2163 4031 2329 4096 μόνην
2365 4027 2426 4080 σὲ
2461 4029 2621 4095 ἡμεῖς
2661 4030 2708 4082 οἱ
2759 4027 2848 4080 σοὶ
2895 4027 3256 4096 εὐλογοῦμεν,
3283 4028 3362 4088 ὡς
3399 4030 3478 4098 μὴ
3527 4029 3598 4079 εξ-

2029 4119 2180 4182 δότες
2210 4119 2344 4174 Θεὸν
2374 4119 2532 4174 ἄλλον
2562 4121 2644 4173 ὅτι
2677 4121 2752 4190 μὴ
2785 4121 2843 4174 σὲ
2879 4120 2976 4174 καὶ
3009 4121 3170 4188 μόνον
3198 4134 3211 4149 ⁸
3245 4120 3392 4173 ὥστε
3419 4120 3486 4173 τὺ
3513 4137 3596 4173 σε·

2031 4211 2328 4280 ϐασμιάζει
2361 4211 2644 4264 ἁντίθετόν
2673 4213 2789 4264 ἐστι
2819 4212 2956 4280 πρὸς
2985 4212 3045 4265 τὸ
3075 4212 3328 4282 ὲορόησε,
3363 4214 3596 4282 μάλιστα

2029 4303 2087 4358 δὲ
2127 4305 2263 4374 πρὸς
2293 4303 2569 4357 τὸσέόειν
2605 4305 2666 4356 τὸ
2695 4305 2893 4374 βρέτας
2917 4321 2932 4334 ο
2969 4304 3065 4357 καὶ
3099 4306 3232 4368 ἴσως
3261 4306 3381 4370 ἐξὸν
3405 4304 3471 4359 ὃν
3492 4308 3596 4368 τοίς

2032 4395 2289 4464 ῥήτορσιν
2339 4395 2488 4449 ἔστιν
2518 4391 2580 4448 οὒ
2629 4396 2750 4450 κατ’
2779 4397 3027 4466 ἀνάγκην
3079 4397 3202 4450 τινὰ
3259 4399 3598 4467 καινουργεῖν

2029 4486 2206 4550 λέξεις
2232 4503 2248 4518 '
2279 4486 2501 4557 εποίησε
2533 4486 2696 4541 τοῦτο
2719 4487 2815 4541 καὶ
2841 4490 2870 4540 ὁ
2893 4487 3132 4559 μελῳδὸς
3163 4488 3283 4554 νῦν,
3301 4490 3596 4560 «mpm-“0,51-

2033 4595 2128 4644 σας
2163 4581 2229 4634 ὲκ
2256 4579 2352 4634 τοῦ
2381 4579 2562 4633 σέϐειν
2591 4580 2653 4634 τὸ
2685 4581 3101 4650 σεϐασμιιάξειν.

2106 4879 2204 4948 ρξ’.
2234 4879 2376 4946 Ὂρτ
2407 4877 2466 4930 δὲ
2497 4876 2574 4940 ὡς
2602 4875 2793 4942 δεξιῶς
2827 4878 2854 4931 ὁ
2886 4877 3032 4948 ἱερὸς
3057 4871 3212 4942 οὗτος
3245 4879 3477 4949 ποιητὴς
3507 4878 3595 4945 τὴν

2032 4971 2330 5041 εἰρημένην
2355 4970 2666 5041 Χαλδαῖκὴν
2681 4969 2930 5038 ’ἱστορίαν
2950 4970 3380 5040 παρεισοδιάσας
3401 4969 3594 5040 ἁρμότ-

2032 5081 2232 5118 τουσαν
2264 5063 2442 5134 είρμῷ
2471 5063 2706 5133 ἑϐδόμης
2729 5063 2896 5134 ᾠδῆς,
2925 5063 3019 5116 καὶ
3049 5062 3410 5132 παράλληλον
3433 5059 3591 5126 αὐτὴν

2034 5157 2147 5218 θεὶς
2167 5159 2289 5216 ’τοῖς
2322 5156 2466 5208 κατὰ
2514 5155 2588 5207 τὸ
2626 5153 3027 5222 ὲορταζόμενον
3056 5153 3214 5221 ἅγιον
3243 5153 3487 5222 Πνεῦμα.
3515 5153 3594 5204 δε-

2035 5245 2256 5313 ξιότητα
2285 5244 2492 5312 πολλὴν
2546 5243 2757 5298 οἰκείαν
2788 5243 3048 5313 ἐξέφηνε*
3083 5244 3161 5313 τῷ
3195 5245 3294 5313 μὲν
3324 5243 3429 5312 γὰρ
3463 5261 3588 5311 συμ-

2035 5337 2199 5407 φώνῳ
2253 5339 2402 5406 μέλει
2436 5337 2544 5389 τῶν
2601 5336 2738 5406 πρὸς
2768 5336 3021 5404 αῐσθησιν
3067 5337 3316 5406 ὀργάνων
3359 5337 3586 5397 ἐκείνων,

2033 5431 2132 5502 τὴν
2184 5431 2305 5500 ἄρτι
2359 5428 2749 5498 πνευματικὴν
2810 5428 3130 5497 συμφωνίαν
3181 5429 3584 5499 ἀντιπαρέοετο.

2035 5526 2110 5576 Οὐ
2137 5522 2244 5590 γὰρ
2275 5521 2535 5588 γλωσσῶν
2595 5518 2832 5572 ἐνταῦθα
2883 5519 3168 5588 σύγχυσις,
3219 5520 3356 5573 ἀλλὰ
3390 5521 3582 5579 ἒνωσις,

2035 5616 2130 5669 καὶ
2153 5615 2229 5676 ὡς
2251 5613 2424 5676 οὕτως
2446 5614 2620 5667 είπεῖν
2648 5613 3031 5681 συμφρόνησις
3054 5627 3068 5642 ·
3093 5616 3160 5682 τῇ
3188 5612 3244 5666 δὲ
3274 5615 3391 5665 κατ’
3418 5613 3584 5665 ἐκεῖνα

2037 5705 2275 5775 ὲμπνοίᾳ
2330 5705 2426 5756 καί
2459 5704 2693 5774 κινήσει,
2722 5704 3041 5773 ὲμπνευστὰ
3072 5704 3182 5773 γάρ
3234 5721 3356 5756 τινα
3383 5704 3584 5760 πάντως

2036 5791 2176 5865 ἦσαν
2215 5797 2272 5847 ὲν
2331 5794 2542 5860 αὐτοῖς,
2595 5792 2693 5865 τὴν
2753 5794 3132 5863 πνευματικὴν
3188 5793 3468 5846 ἐπίπνοιαν
3513 5792 3586 5849 εἰς

2040 5887 2161 5948 τοὺς
2191 5883 2526 5948 ἀποστόλους
2573 5883 2939 5937 ἀντι-τέθεικεν
2959 5901 2972 5913 ·
3003 5884 3208 5954 ὄργανα
3237 5881 3369 5955 Θεοῦ
3405 5881 3582 5936 αὐτοὺς
