3824 6584
458 490 575 554 ’683

543 601 617 655 De
644 599 850 670 Spiritu
884 613 1026 663 meo,
1057 614 1162 653 una
1196 598 1510 653 clamabunt
1547 617 1558 649 :
1587 593 1630 647 0
1661 605 1852 648 natura

539 691 582 745 Τ
590 692 762 761 ripliei
800 691 1087 762 splendore
1119 691 1330 754 lucens,
1365 691 1645 744 benedicta
1677 703 1756 744 es.

543 785 665 839 171.
693 785 814 840 Non
850 783 1110 854 praelucet
1143 783 1360 851 quidem
1423 781 1584 851 hujus
1633 781 1869 852 stropha:
1925 796 2042 850 per-

471 876 736 947 Spicuitas
770 893 784 930 :
813 884 898 931 est
940 881 1120 929 autem
1149 871 1284 927 alias
1315 869 1654 925 accessibilis
1706 873 1776 924 ob
1830 878 2046 926 semen»

473 969 561 1023 tiae
591 967 1018 1023 uniformitatem
1071 973 1124 1020 et
1172 964 1541 1020 velocitatem.
1617 960 1850 1032 Exponit
1899 962 2042 1014 enim

471 1063 706 1118 breviter
737 1077 901 1116 unam
929 1060 1253 1116 sententiam
1290 1073 1319 1112 a
1372 1059 1481 1112 Deo
1531 1055 1813 1128 propheta:
1855 1070 2046 1124 sugge-

441 1213 446 1226 ,
475 1165 614 1208 stam
643 1153 784 1208 circa
821 1151 1057 1220 Spiritus
1081 1152 1255 1206 sancti
1290 1153 1638 1208 descensum.
1672 1155 1728 1202 et
1791 1147 1868 1201 ait
1897 1145 2041 1215 quod

438 1240 446 1315 ξ
472 1244 614 1308 .lnel,
651 1245 868 1299 intuens
896 1252 955 1298 ut
977 1243 1258 1312 propheta,
1287 1250 1465 1295 motus
1525 1240 1913 1310 inspiratione,
1945 1237 2048 1290 ful-

479 1337 725 1400 ntinavit,
754 1336 806 1390 id
840 1345 944 1400 est,
972 1334 1120 1389 clare
1141 1334 1390 1388 elocutus
1428 1343 1510 1388 est
1537 1332 1912 1403 propheticam
1952 1345 2047 1384 vo-

478 1445 616 1493 cem,
655 1430 772 1484 sive
805 1426 1045 1480 divinam
1079 1441 1263 1479 vocem
1303 1426 1421 1494 ejus
1481 1424 1596 1494 qui,
1641 1425 1786 1478 sicut
1839 1423 2046 1477 diclum

477 1528 583 1580 est,
611 1517 938 1572 excellenter
967 1525 1049 1571 est
1080 1514 1544 1584 ’θεαρχικώτατος,
1575 1514 1717 1569 Deus
1767 1528 1830 1568 ac
1875 1521 2047 1581 pater;

474 1610 597 1680 ejus
643 1608 735 1678 qui
785 1608 923 1662 dixit
959 1617 1012 1661 et
1060 1606 1446 1676 praenuntiavit
1489 1605 1632 1661 istud
1694 1622 1708 1659 :
1763 1604 2048 1668 Homines,

473 1700 678 1771 quibus
723 1700 790 1754 de
846 1699 1051 1767 Spiritu
1110 1711 1232 1752 meo
1285 1697 1548 1761 dederim,
1607 1696 2048 1759 conclamabunt,

1173 483 1520 545 EUSTATU
1537 484 1588 542 ll
1633 483 1732 542 ΤΠ
1747 482 2061 545 ΕΞΞΛΠἹΡ

2174 483 2396 543 ENSIS
2435 483 2590 542 ΜΕΤ
2605 481 3001 545 ROPOLlT/E
3565 494 3642 557 634

2321 599 2427 651 Τοῦ
2461 599 2777 668 Πνεύματός
2809 617 2933 668 μου,
2973 598 3351 666 συμϐοήσουσι·
3375 597 3514 663 Φύσις

2333 694 2396 745 ’1⁷1
2432 693 3002 762 τρισσοφεγγόφωτος,
3035 692 3321 762 εὐλογητὸς
3349 687 3414 744 εί.

2219 793 2351 857 ροαν.
2396 786 2470 839 Οὐ
2501 787 2820 857 προλάμπει
2861 785 2959 855 μὲν
2995 785 3114 839 (ιὐῶ
3158 785 3245 837 τοῦ
3291 787 3527 856 παρόντος
3559 805 3651 857 τρο-

2148 879 2347 948 παρίου
2397 877 2688 948 σαφήνειαε
2724 878 2842 930 ἔστι
2873 877 2928 930 6“.
2979 877 3156 940 ἄλλως
3200 875 3500 946 εὐπρόσιτον
3532 878 3652 944 δῆθεν

2149 972 2280 1027 αὐτὸ
2325 973 2416 1026 διὰ
2467 973 2525 1025 τὸ
2575 971 2698 1024 κατ’
2755 970 2967 1024 ἔννοιαν
3027 969 3298 1040 μονοειδὲς
3351 969 3437 1021 καὶ
3479 973 3652 1040 γοργόν.

2162 1065 2465 1118 Ἐκτίθεται
2496 1065 2607 1135 γὰρ
2643 1067 2702 1115 ἐν
2751 1063 2944 1134 βραχεῖ
2971 1063 3181 1115 ἔννοιαν
3222 1061 3345 1130 μίαν
3373 1064 3655 1131 προφητικὴν

2149 1157 2336 1211 θεόθεν
2360 1158 2488 1228 περὶ
2517 1158 2613 1228 τῆς
2639 1156 2868 1214 καθόδου
2893 1155 2986 1208 τοῦ
3016 1155 3172 1224 ἁγίου
3200 1154 3513 1222 Πνεῦματος,
3536 1155 3654 1220 λέγον

2149 1251 2231 1304 ὃτι
2271 1253 2299 1305 6
2343 1252 2498 1322 Ἰωὴλ
2532 1253 2559 1304 ό
2607 1250 2822 1322 βλέπων
2859 1245 2950 1302 οἷα
2996 1249 3303 1319 προφήτης,
3339 1245 3504 1309 ἔνθους
3546 1249 3660 1313 γενό-

2156 1361 2339 1413 μενος,
2375 1315 2835 1412 κατεϐρόντησεν,
2875 1315 3053 1412 ἧγουν-
3090 1315 3300 1411 τρανῶς
3345 1339 3552 1404 ἐξεῖπεν,
3580 1315 3693 1426 ὅπερ

2152 1435 2368 1501 θέσπιν,
2409 1435 2578 1506 ἤγουν
2602 1434 2754 1487 θείαν
2793 1434 2978 1503 φωνὴν
3035 1431 3129 1485 τοῦ
3165 1430 3240 1493 ὼς
3275 1433 3363 1485 καὶ
3413 1431 3689 1502 προεῤῥέθηρ

2154 1529 2601 1603 θεαρχικωτάτου
2655 1529 2776 1582 κατ’
2824 1527 3104 1598 ἐξαίρετον
3153 1525 3290 1580 Θεοῦ
3347 1526 3435 1578 καὶ
3477 1507 3690 1593 Πατρόςοί

2155 1625 2426 1694 φήσαντος
2456 1622 2552 1675 καὶ
2575 1619 2954 1691 προειπόντος,
2987 1639 3006 1673 ι
3040 1621 3102 1673 υί
3133 1619 3406 1686 ἄνθρωποι
3431 1611 3503 1680 οἷς
3534 1617 3664 1685 ἐκχεῶ

2155 1711 2251 1766 τοῦ
2287 1711 2606 1779 Πνεύματός
2657 1727 2785 1780 μου,
2817 1727 2834 1760 ι
2873 1710 3070 1762 ἐκεῖνοι
3099 1707 3310 1778 συμϐοή
3323 1723 3506 1765 σουσιν,
3535 1706 3664 1775 ἤγουν

476 1794 591 1848 sive
626 1807 757 1847 voce
783 1791 1051 1847 concorde
1095 1788 1410 1845 clamabunt
1464 1789 1618 1858 juxta
1670 1788 1908 1843 divinam
1964 1803 2057 1842 (20";

2168 1807 2256 1880 βοῇ
2288 1803 2568 1876 συμφώνῳ
2613 1803 2978 1874 κεκράξονται
3027 1801 3169 1854 κατὰ
3219 1800 3368 1854 θείαν
3407 1800 3665 1865 ἒπίγνωσιν,

478 1884 798 1956 gnitionem,
823 1884 925 1938 hoc
952 1885 1125 1954 ipsum
1159 1897 1292 1936 sane
1323 1899 1339 1938 :
1372 1881 1475 1948 Tu,
1505 1895 1538 1937 ο
1572 1882 1733 1946 Deus,
1784 1892 1865 1938 ter
1918 1881 2056 1937 luei-

480 1977 707 2033 dissima
729 1974 992 2039 essentia,
1023 1974 1344 2029 benedictus
1368 1988 1449 2038 es,
1484 1983 1543 2027 ut
1597 1981 1755 2028 antea
1785 1973 2050 2043 scriptum

481 2080 590 2127 est.
624 2069 689 2122 Et
724 2068 939 2138 quidem
973 2075 1059 2122 est
1091 2066 1196 2122 hoc
1222 2065 1544 2136 simplicius.
1608 2064 1664 2120 Si
1721 2080 1852 2121 vero
1896 2064 2054 2135 juxta

480 2161 814 2232 exemplaria
849 2160 1099 2230 quaedam
1164 2157 1475 2214 scribitur:
1527 2155 1649 2214 Tibi
1700 2157 2053 2224 clamabunt;

485 2252 831 2323 adaptabitur
877 2251 1042 2306 etiam
1079 2265 1106 2303 a
1142 2249 1560 2321 praeferentibus
1597 2265 1718 2305 eam
1775 2249 2057 2320 aequaliter

485 2341 797 2411 hujusmodi
848 2340 1167 2410 scriptura;
1208 2338 1325 2402 sed,
1365 2349 1521 2410 puto,
1574 2353 1680 2394 non
1750 2339 1928 2394 facile.
1995 2339 2057 2395 Si

482 2435 607 2505 quis
637 2442 845 2496 autem,
875 2431 1184 2501 praedictam
1249 2430 1543 2485 immutare
1599 2428 1792 2486 volens
1835 2431 2057 2485 senten-

484 2528 638 2596 tiam,
671 2527 742 2583 ita
767 2523 1140 2583 construxerit
1173 2539 1187 2580 :
1225 2520 1557 2579 Fulminavit
1581 2521 1840 2595 propheta
1868 2535 2057 2579 vocem

483 2620 826 2678 dit-inissime
879 2619 1114 2690 potentis
1171 2616 1358 2683 Verbi,
1420 2617 1534 2672 slve
1564 2615 1710 2680 Filii,
1749 2617 1843 2685 qui
1897 2615 2052 2683 dixit,

485 2709 680 2784 οἷάπερ
719 2715 832 2767 sive
853 2710 1056 2764 ὡσανεὶ
1087 2708 1379 2765 articulato
1439 2707 1633 2773 verbo,
1685 2708 1788 2761 hoc
1819 2715 1872 2760 et
1929 2705 2055 2770 hoc,

485 2807 765 2862 hominum
794 2818 968 2868 more,
995 2799 1348 2858 attentionem
1385 2797 1637 2854 fortassis
1672 2807 1726 2853 et
1764 2797 1879 2867 ipse
1913 2795 2059 2852 iuver

487 2900 621 2954 uiet.

559 2987 931 3046 172.1uterea
1003 2997 1183 3044 tamen
1236 2984 1386 3055 juxta
1434 2979 1852 3052 praeordinatam
1917 2990 2059 3036 stro-

485 3088 607 3156 phae
635 3083 961 3153 scripturam
1023 3080 1114 3136 hic
1152 3077 1316 3135 etiam
1367 3075 1486 3130 vide
1517 3073 1826 3144 congeriem
1858 3073 2007 3129 verbi
2041 3112 2058 3138 ,

483 3173 1052 3248 τρισσοφεγγόφωτος.
1087 3185 1196 3226 non
1241 3168 1456 3223 volente
1520 3165 1732 3221 melodo
1774 3164 2062 3220 discedere

492 3267 893 3338 quodammodo
924 3266 992 3319 de
1019 3262 1187 3332 longis
1217 3258 1561 3325 dictionibus,
1615 3271 1752 3327 quas
1803 3264 1950 3312 amat
1983 3255 2060 3310 si-

488 3369 581 3414 cut
624 3357 866 3412 Lilianus
919 3355 1110 3424 longas
1159 3353 1380 3418 cedros,
1407 3359 1462 3406 et
1493 3350 1692 3420 aliquis
1722 3349 1859 3405 alter
1900 3364 2061 3419 quer-

487 3465 650 3504 cuum
694 3446 1142 3518 congregationes
1187 3443 1563 3507 exeelsas,aut
1614 3455 1904 3511 cupressos
1951 3455 2064 3496 ma-

487 3557 640 3612 gnas.
677 3538 980 3595 Eviscerari
1032 3536 1215 3591 mallet
1270 3549 1434 3602 quam
1487 3532 1799 3603 huiusmodi
1855 3533 2065 3587 solvere

488 3642 776 3704 congestas
795 3632 1078 3693 dictiones,
1108 3638 1160 3683 et
1185 3627 1488 3698 simplicius
1502 3639 1598 3682 eas
1617 3627 1928 3696 dispergere
1953 3643 1966 3691 ;
1988 3625 2066 3681 sic

492 3728 678 3798 igitur,
711 3725 932 3792 Optime,
957 3723 1155 3787 scribe,
1188 3735 1418 3791 qumque
1450 3723 1532 3775 vis
1567 3719 1758 3774 dicens
1787 3718 1872 3772 fac
1901 3721 2063 3772 etiam

493 3831 616 3884 qua:
664 3814 823 3870 nobis
859 3813 1118 3868 salutaria
1150 3819 1276 3866 sunt
1304 3826 1320 3878 ;
1344 3810 1592 3878 divitem,
1622 3809 1864 3879 inquam,
1894 3810 2066 3864 doxo-

494 3909 694 3976 logiam
749 3915 953 3960 sancta:
979 3902 1295 3968 Trinitatis,
1340 3916 1504 3972 quam
1572 3901 1666 3957 ille
1727 3901 1822 3970 qui
1880 3916 2066 3956 revera

495 3997 815 4053 benedictus
861 4003 946 4048 est
1005 3994 1149 4050 Deus
1188 3994 1408 4063 accipit.
1451 3990 1561 4047 Vox
1618 4002 1800 4048 autem
1841 3993 2064 4062 φέγγος,

494 4091 597 4144 etsi
663 4088 830 4144 solari
885 4086 1077 4142 lumini
1150 4095 1391 4156 ponatur
1468 4085 1822 4156 aequivalens,
1876 4085 2066 4140 multis

493 4193 671 4237 tamen
707 4179 876 4249 φάους
900 4177 1066 4246 ἐγγύς
1090 4192 1212 4234 esse
1234 4175 1468 4232 videtur.
1501 4175 1742 4231 Dicimus
1802 4190 1932 4246 ergo
1965 4175 2070 4229 ful-

493 4275 645 4344 guris
666 4273 904 4342 φέγγοςς
939 4285 1003 4325 ex
1039 4270 1141 4323 hoc
1179 4277 1362 4323 autem
1399 4268 1562 4323 etiam
1593 4266 1832 4337 φθόγγος
1859 4270 1924 4321 de
1955 4283 2068 4323 ser-

498 4379 658 4420 mone
685 4363 776 4434 qui
818 4362 1116 4418 sententias
1153 4360 1302 4414 velut
1329 4360 1385 4414 in
1423 4360 1664 4414 tenebris
1713 4358 2067 4414 absconditas

497 4457 790 4520 illuminat,
857 4463 916 4509 ut
954 4456 1023 4509 sit
1073 4467 1291 4522 quoque
1349 4449 1686 4519 φθέγγεσθαι
1771 4453 1875 4506 hoc
1942 4452 2068 4520 φάει

499 4549 764 4618 ἐγγίζειν.
817 4546 970 4601 Dicta
1009 4559 1138 4599 vero
1171 4543 1384 4610 θέσπις,
1438 4542 1622 4597 divina
1673 4558 1774 4599 vox
1807 4545 2071 4610 interpre-

2158 1901 2290 1956 αὐτὸ
2332 1898 2399 1972 δὴ
2444 1897 2602 1951 τοῦτο
2625 1896 2686 1950 τό
2707 1912 2718 1926 ·
2749 1897 2845 1959 Σύ,
2880 1889 2926 1950 ὦ
2947 1893 3102 1960 Θεὸς,
3129 1894 3163 1962 ἡ
3191 1891 3665 1964 τρισσοφεγγόφωτος

2159 1992 2343 2062 φύσις,
2388 1988 2679 2060 εὐλογητὸς
2726 1985 2809 2052 είς
2855 1988 2928 2052 ὡς
2969 1989 3405 2057 προγέγραπται.
3436 1984 3531 2036 Καὶ
3553 1982 3668 2034 τοῦτο

2161 2085 2260 2155 μὲν
2287 2081 2463 2146 οὕτως
2493 2080 2886 2150 ἁπλούστερον.
2923 2079 2985 2133 El
3019 2080 3074 2132 δὲ
3107 2078 3382 2147 γράφεται
3427 2074 3549 2128 κατὰ
3582 2090 3668 2124 τιτι

2156 2173 2266 2229 τῶν
2316 2172 2696 2242 ἀντιγράφων,
2747 2172 2832 2225 σοὶ
2880 2170 3164 2241 βοήσουσι,
3222 2165 3670 2239 συμϐιϐασθήσετοι

2161 2265 2263 2336 μὲν
2299 2265 2430 2328 ἴσως
2464 2263 2559 2318 καὶ
2588 2265 2622 2336 ἡ
2669 2263 2895 2331 τοιαύτη
2926 2261 3113 2333 γραφὴ
3160 2260 3299 2330 πρὸς
3327 2260 3430 2314 τῶν
3460 2255 3670 2326 αἱρουμέο

2157 2375 2264 2414 νων
2293 2357 2486 2429 αὐτήνο
2519 2357 2619 2411 οὐκ
2647 2355 2715 2410 ἂν
2751 2355 2809 2410 δὲ
2849 2355 3110 2418 εὐκόλως,
3138 2349 3315 2423 οῐμαι.
3346 2351 3405 2405 El
3429 2350 3483 2404 δέ
3507 2364 3578 2410 τις
3599 2345 3670 2416 τὴν

2159 2449 2421 2522 ῥηθεῖσαν
2449 2449 2662 2503 ἔννοιαν
2702 2447 2972 2520 ἐθελήσας
3014 2446 3332 2510 ἀλλοιῶσαι,
3366 2441 3586 2505 συντάξει
3611 2439 3670 2490 ὅτι

2158 2539 2596 2618 κατεσρόντησεν
2623 2545 2651 2596 6
2697 2541 2984 2614 προφήτης
3015 2539 3122 2592 ὄπα
3151 2535 3250 2592 τοῦ
3289 2532 3670 2605 θεαρχικωτὰτου

2158 2638 2358 2708 Λόγου,
2409 2638 2578 2709 ἤγουν
2643 2633 2738 2689 τοῦ
2783 2631 2919 2688 ’Υῑοῦ
2968 2635 3267 2701 φήσαντος,
3299 2624 3506 2698 οἷάπερ,
3547 2624 3674 2694 imm

2157 2731 2360 2787 ὡσανεὶ
2407 2729 2660 2802 ένάρθρῳ
2688 2729 2834 2800 λόγῳ
2862 2727 3108 2789 εἰπόντος
3138 2723 3200 2778 τὸ
3232 2725 3327 2776 καὶ
3369 2719 3428 2774 τὸ
3458 2716 3676 2788 ἀνθρωπι-

2160 2823 2426 2893 κώτερον,
2460 2822 2687 2894 εὑρήσει
2719 2819 2997 2890 προσοχὴν
3021 2816 3193 2871 ⁴ποθεν
3221 2815 3315 2870 καί
3345 2813 3514 2874 αὐτός.

2236 3000 2366 3071 ροβ¹.
2410 2998 2501 3069 Τῷ
2534 2998 2673 3062 τέως
2727 2998 2909 3066 μέντοι
2955 2995 3099 3048 κατά
3150 2993 3255 3064 τὴν
3297 2988 3676 3058 ἀνατεταγμένην

2160 3091 2257 3146 τοῦ
2287 3089 2592 3162 τροπαρίου
2634 3089 2853 3161 γραφὴν
2897 3089 3000 3158 ὅρα
3047 3085 3334 3140 κάνταῦθα
3387 3084 3480 3154 τὴν
3509 3079 3675 3146 στοιϐὴν

2161 3181 2256 3237 τοῦ
2281 3182 2854 3252 τρισσοφεγγόφωτος,
2887 3181 2988 3234 οὐκ
3016 3167 3323 3241 ’ἐθέλοντος
3354 3176 3446 3231 τοῦ
3491 3170 3676 3244 μελῳδοῦ

2163 3274 2608 3329 ἀπαλλάττεσθαι
2659 3272 2848 3342 ὥσπερ
2903 3271 3024 3326 οὐδὲ
3082 3271 3179 3338 τῆς
3240 3266 3596 3338 μακρολεξίας,
3631 3262 3677 3330 ἣν

2167 3369 2315 3438 φιλεῖ
2340 3367 2484 3420 καθά
2515 3366 2612 3420 καὶ
2638 3368 2665 3419 6
2696 3364 2928 3428 Λίϐανος
2972 3365 3072 3426 τὰς
3101 3364 3325 3432 μακρὰς
3373 3360 3587 3430 κέδρους·
3611 3353 3680 3406 καί

2164 3477 2248 3521 τις
2287 3457 2447 3522 ἀλλος
2470 3456 2695 3530 δρυμὼν
2735 3456 3016 3526 αἰγείρους
3070 3455 3375 3525 μακεδνᾶς,
3406 3452 3437 3521 ἢ
3471 3445 3682 3515 κυπαρίσ-

2168 3570 2297 3618 σους
2350 3550 2684 3624 μηκεδανᾶς’
2737 3551 2829 3602 καὶ
2886 3549 2952 3602 ἂν
3004 3547 3181 3600 ἕλοιτο
3244 3542 3684 3614 καταχορδευθῆναι

2167 3646 2351 3709 αὐτὸς,
2393 3643 2426 3712 ἢ
2475 3643 2734 3704 τοιαύτας
2768 3638 3021 3692 διαλῦσαι
3071 3639 3494 3708 σεσωρευμένας
3533 3631 3679 3693 λέξειεν

2169 3735 2265 3788 καὶ
2311 3732 2666 3787 διασκεδάσαι
2717 3731 2889 3793 αὐτὰς
2926 3732 3007 3793 εἰς
3055 3729 3367 3799 ἁπλότητα,
3421 3726 3506 3780 καὶ
3551 3721 3682 3790 γράφε

2167 3825 2338 3886 οὓτως
2364 3817 2410 3877 ὦ
2437 3826 2650 3894 ἄριστε,
2713 3823 2809 3877 καὶ
2839 3823 3012 3890 λέγων
3049 3821 3196 3892 ἅπερ
3231 3819 3436 3883 ἐθέλεις
3472 3817 3591 3870 ποίει
3618 3812 3684 3863 καὶ

2167 3913 2234 3964 τὰ
2267 3912 2401 3982 ἡμῖν
2435 3912 2702 3982 σωτήριαο
2738 3911 2838 3982 τὴν
2885 3910 3078 3980 δαψιλῆ
3124 3928 3276 3980 φημι
3312 3908 3594 3975 δοξολογίαν
3617 3903 3686 3968 τῆς

2171 4002 2332 4070 ἁγίας
2366 4001 2618 4071 Τριόιδος,
2649 4003 2716 4072 ἣν
2740 4002 2769 4054 6
2794 4001 2966 4062 ὄντως
2993 3999 3292 4070 εὐλογητὸς
3322 3999 3452 4060 Θεὸς
3480 3991 3686 4057 ἀποδέχεο

2168 4111 2278 4148 ταιο
2313 4093 2372 4146 τὸ
2405 4093 2462 4146 δὲ
2499 4094 2701 4163 φέγγος
2735 4095 2782 4145 εἰ
2829 4094 2925 4145 καὶ
2971 4093 3051 4155 είς
3084 4091 3201 4144 ἴσον
3244 4090 3484 4145 τέθειται
3524 4076 3687 4153 ἡλιακῷ

2171 4189 2335 4259 φωτὶ,
2370 4188 2509 4242 ἀλλὰ
2539 4188 2754 4249 πολλοῖς
2782 4189 2950 4255 φάους
2982 4187 3145 4255 ἐγγὺς
3177 4181 3321 4239 εἶναι
3347 4185 3506 4238 δοκεῖ.
3528 4179 3686 4243 Φέγγος

2170 4277 2265 4333 οὖν
2293 4297 2472 4348 φαμεν
2507 4277 2821 4351 ἀστραπῆς,
2857 4278 2916 4342 ἐξ
2941 4276 3106 4331 αὐτοῦ
3144 4278 3204 4331 δὲ
3235 4277 3333 4330 καὶ
3366 4275 3600 4345 φθόγγος,
3624 4266 3689 4320 ἐπὶ

2169 4366 2332 4434 λόγου
2366 4366 2697 4436 φωτίζοντος
2723 4367 2792 4420 τὰ
2815 4364 2888 4429 ὡς
2913 4367 2969 4417 ὲν
2999 4364 3180 4435 σκότῳ
3205 4365 3454 4435 κρυφαῖα
3476 4358 3687 4426 νοήματα.

2171 4458 2260 4510 ἵνα
2350 4457 2445 4511 καὶ⁸
2471 4456 2808 4525 φθέγγεσθαι
2837 4456 2898 4508 τὸ
2923 4441 3050 4524 φάει
3075 4455 3346 4524 ἐγγίζεινο
3373 4456 3406 4525 ὴ
3436 4452 3490 4505 δὲ
3515 4447 3692 4520 ῥηθεῖσι

2174 4549 2386 4616 θέσπις,
2411 4547 2565 4620 φωνὴ
2581 4548 2710 4602 ’θεία
2735 4547 3176 4618 έρμηνευομένη,
3208 4545 3360 4600 κατὰ
3380 4543 3439 4597 τὸ
3462 4535 3691 4620 φερέσϐιον

497 4653 631 4708 tata,
677 4641 953 4694 semisono
982 4637 1252 4692 redundat
1285 4635 1428 4690 sicut
1449 4634 1740 4705 φερέσϐιον
1773 4643 1828 4689 et
1873 4634 2061 4688 θεσπέ-

2173 4640 2464 4704 πλεονάξει
2493 4619 2572 4711 τῷ
2603 4638 2893 4710 ἡμιφώνῳ,
2921 4638 3065 4694 καθὰ
3096 4639 3194 4692 καὶ
3224 4637 3290 4692 τὸ
3317 4634 3600 4692 θεσπέσιον.
3624 4619 3691 4674 καὶ

500 4749 637 4795 σιον,
674 4740 728 4785 et
775 4729 999 4783 similia.
1066 4725 1262 4796 Reipsa
1321 4740 1556 4795 namque
1601 4724 1794 4788 θέσπις
1839 4735 1921 4781 est
1971 4740 2070 4793 pro

499 4822 604 4875 ὑπὸ
629 4819 766 4874 Θεοῦ
850 4816 1078 4870 ἔπεσθαι
1112 4831 1142 4870 a
1179 4815 1290 4871 Deo
1350 4815 1534 4871 venire
1605 4830 1700 4872 seu
1765 4817 2071 4885 theologice

499 4912 628 4966 dici.
668 4907 799 4978 Tale
832 4922 1049 4977 quoque
1082 4916 1167 4960 est
1233 4907 1262 4958 6
1292 4905 1577 4970 θεσπέσιος
1631 4906 1809 4974 λόγος.
1843 4906 1955 4962 Res
1987 4915 2071 4960 ta-

501 5016 624 5056 men
675 4999 830 5052 aliter
859 5007 941 5053 est
976 4997 1282 5062 θεσπέσιος,
1347 5006 1609 5068 tanquam
1682 4997 1737 5052 in
1769 5012 1870 5052 nos
1903 5012 1935 5051 a
1963 4996 2074 5051 Deo

502 5097 673 5164 lapsa.
723 5089 796 5144 lix
853 5090 954 5145 hac
984 5100 1162 5146 autent
1191 5093 1519 5162 etymologia
1554 5090 1700 5145 venit
1739 5092 1900 5146 etiam
1931 5090 2072 5158 apud

504 5187 760 5254 antiquos
792 5182 1068 5252 trisyllaba
1115 5197 1217 5237 vox
1277 5181 1500 5244 θέσπιος
1533 5182 1713 5252 (puer)
1743 5182 1798 5235 in
1822 5181 2071 5248 oraculo,

506 5285 620 5333 sive
661 5275 879 5330 divinus
909 5274 1147 5343 juvenis.
1186 5273 1277 5327 Est
1323 5282 1505 5328 autem
1563 5273 1728 5328 etiam
1791 5272 2075 5341 propriunt

507 5385 704 5425 nomen
753 5369 782 5420 6
809 5367 1035 5432 Θέσπις,
1069 5364 1306 5434 tragicus
1331 5377 1511 5434 poeta.
1554 5363 1732 5418 Simili
1766 5363 2078 5418 redundau-

508 5464 580 5517 tia
635 5459 832 5532 gaudet
880 5469 935 5514 et
985 5459 1013 5511 6
1072 5457 1294 5526 θεσμὸς,
1327 5457 1420 5526 qui
1459 5456 1679 5511 deberet
1731 5469 1851 5509 esse
1905 5452 2072 5524 θεμδς

503 5554 658 5623 juxta
702 5550 877 5621 θέμιν,
917 5564 945 5602 a
974 5563 1082 5620 qua
1121 5545 1449 5602 venitetiam
1487 5544 1760 5615 tﬁépwca.

577 5641 703 5696 173.
763 5637 998 5694 Verbum
1066 5645 1248 5692 autem
1329 5633 1728 5704 κατεδρόντησε
1788 5631 2079 5700 magniﬁce

509 5735 714 5788 dictum
761 5741 864 5788 est.
927 5729 1044 5784 Non
1103 5730 1249 5784 enim
1327 5725 1502 5782 solum
1563 5723 1838 5796 significat
1923 5724 2068 5794 quod

513 5824 682 5886 clare,
717 5821 862 5874 sicut
888 5821 1094 5876 dictum
1166 5827 1270 5884 est,
1315 5828 1371 5873 et
1405 5817 1691 5888 perspicue
1728 5816 1945 5872 locutus
1997 5824 2082 5872 est

512 5913 793 5987 propheta,
825 5910 922 5969 sed
973 5913 1138 5968 etiam
1195 5911 1338 5981 quod
1397 5908 1630 5980 desuper
1687 5906 1792 5979 ipsi
1853 5907 2081 5964 demon-

2172 4731 2243 4787 τὰ
2265 4731 2516 4786 τοιαῦτα.
2544 4731 2618 4784 Τὸ
2645 4732 2756 4799 γὰρ
2784 4729 3000 4794 ἐντελὲς
3039 4729 3235 4795 θέσπις
3268 4729 3407 4793 ἐστὶ,
3445 4722 3526 4776 διὰ
3547 4718 3598 4771 τὸ
3618 4713 3692 4769 ὑπὸ

2173 4821 2339 4875 Θεοῦέ
2364 4822 2754 4892 πεσθαι,ἧγουν
2770 4821 3024 4890 λέγεσθαι
3041 4809 3693 4890 θεολογικῶτερον.⁹ομοι¹ιν

2173 4912 2231 4965 δὲ
2271 4913 2366 4966 καὶ
2402 4914 2431 4966 6
2479 4911 2767 4974 θεσπέσιος
2817 4911 3000 4979 λόγος·
3048 4913 3290 4982 πρᾶγμα
3345 4908 3525 4976 μέντοι
3564 4897 3695 4954 ἄλλως

2176 5003 2486 5069 θεσπέσιον,
2535 5002 2612 5066 ὡς
2661 5002 2769 5056 ἀπὸ
2813 5001 2954 5056 Θεοῦ
3007 5007 3177 5051 mem
3225 4997 3314 5061 είς
3361 4997 3524 5070 ἡμᾶς’
3559 4994 3618 5047 ὴ
3651 4987 3695 5041 δὲ

2175 5093 2434 5164 τοιαύτης
2478 5096 2822 5164 παραγωγῆς
2847 5090 2943 5144 καὶ
2967 5090 2994 5142 ὁ
3024 5087 3174 5160 παρὰ
3210 5091 3332 5153 τοῖς
3357 5089 3592 5146 παλαιοῖς
3611 5097 3696 5149 τρι·

2179 5177 2457 5246 συλλάϐως
2479 5183 2701 5245 θέσπιος
2722 5180 2917 5252 κοῦρος
2943 5181 2999 5233 έν
3019 5179 3281 5250 χρησμῷ,
3305 5181 3430 5252 ἦτοι
3450 5178 3578 5239 θεῖος
3590 5174 3694 5234 νέος

2177 5272 2294 5324 ἐστι
2314 5271 2370 5325 δὲ
2396 5274 2489 5324 καὶ
2512 5271 2704 5342 κύριον
2723 5270 2896 5340 ὄνομα
2917 5269 2946 5322 6
2965 5268 3167 5333 Θέσπις
3186 5271 3500 5342 τραγῳδίας
3518 5265 3698 5334 ποιητής

2177 5362 2405 5424 ἐκεῖνος’
2434 5361 2623 5432 ὁμοίου
2654 5361 2712 5414 δὲ
2758 5359 3104 5428 πλεονασμοῦ
3138 5363 3240 5416 καὶ
3268 5364 3298 5416 6
3332 5361 3544 5434 θεσμὸς,
3571 5352 3698 5422 θεμδς

2177 5449 2411 5520 ὀφείλων
2455 5448 2598 5506 εἶναι
2637 5455 2778 5506 κατὰ
2823 5454 2927 5522 τὴν
2952 5451 3140 5520 θέμιν,
3175 5453 3282 5521 ἀφ’
3308 5449 3378 5524 ἧς
3422 5453 3511 5506 καὶ
3536 5451 3586 5502 τὸ
3611 5445 3700 5500 έθέο

2183 5560 2353 5613 μωσε.

2255 5631 2388 5705 poY'.
2433 5633 2512 5688 Τὸ
2553 5635 2610 5689 δὲ
2660 5636 3064 5707 κατεδρόντησε
3127 5637 3356 5705 σεμνῶς
3407 5636 3621 5707 εἴρηται.
3656 5626 3700 5676 ος,

2186 5727 2346 5795 μόνον
2385 5725 2492 5796 γὰρ
2511 5724 2659 5794 δηλοῖ
2706 5727 2767 5778 τὸ
2810 5725 3044 5796 τρανῶς,
3071 5724 3145 5788 ὡς
3175 5726 3410 5796 ἐρρέθη,
3440 5724 3526 5778 καὶ
3569 5715 3700 5785 τορῶς

2183 5814 2442 5881 ἐλάλησεν
2471 5817 2499 5869 6
2527 5816 2836 5886 προφήτης,
2858 5817 2992 5871 ἀλλὰ
3017 5819 3108 5870 καὶ
3139 5817 3226 5869 ὅτι
3249 5816 3460 5872 ἄνωθεν
3483 5807 3703 5881 ὲκφανθὲν

2185 5907 2334 5980 αὐτῷ
2360 5907 2497 5962 Θεοῦ
2528 5907 2737 5979 θέλημα
2764 5909 3126 5978 ἐξεφώνησεν
3154 5908 3185 5963 ὃ
3218 5909 3288 5982 δὴ
3321 5910 3496 5980 νόημα
3521 5902 3703 5977 βροντὴν
