3824 6552
142 370 245 437 685

953 368 1035 428 ΙΝ
1081 369 1420 432 HYHNUM
1452 368 2096 432 PENTECOSTALEM
2138 367 2586 428 DAMASCENI.

3291 367 3388 429 68f

133 489 278 545 εἶπεν
304 485 656 558 ἐξηχηθεῐσαν
689 481 802 539 οἷον
851 486 1146 555 οὐρανόθεν
1176 487 1271 540 καὶ
1326 486 1693 541 ἀκουσθεῖσαν

1818 492 2044 539 stratam
2081 483 2175 537 Dei
2203 484 2533 540 voluntatem
2582 482 2904 539 enuntiavit.
2933 484 3240 556 Cogitatum
3282 488 3386 542 hoc

135 581 359 654 μόνῳτῷ
384 579 639 651 προφήτῃ
665 579 834 634 κάτω.
870 578 1032 632 Ἀλλὰ
1062 578 1219 632 τοῦτο
1240 579 1340 647 μὲν
1371 578 1699 649 σεμνότητός

135 678 241 727 ἐστι
265 670 558 741 τροπικῆς.
605 670 665 722 '0
697 670 754 723 δὲ
783 668 1129 739 προφητικὸς
1160 669 1283 731 νοῦς
1316 669 1418 721 οὑκ
1458 668 1524 722 ἂν
1572 667 1697 720 ἀνέ-

137 782 283 835 μενεν
314 764 691 830 ἰλυσπώμενος
733 761 904 828 κάτω,
933 760 1185 825 δέξασθαι
1217 762 1317 829 τὴν
1347 763 1411 813 ὲκ
1449 760 1558 813 τῶν
1588 760 1700 814 άνω

137 858 273 912 θείαν
323 856 576 926 βροντὴν,
616 854 753 907 ἀλλὰ
800 853 881 923 τῷ
922 853 1044 920 Θεῷ
1099 853 1190 906 καὶ
1241 853 1403 915 αὑτὸς
1444 850 1697 920 ἐγγίσας,

135 952 356 1021 ηκουσεν
407 950 541 1013 ὅπερ
580 947 703 999 ἐπεὶ
741 946 1007 1014 ὲνετάλθη
1059 945 1136 1015 μὴ
1173 943 1499 1015 ἔπικρὺψαι,
1540 943 1702 1013 ἐξήγ-

136 1041 270 1108 γειλέ
310 1057 371 1092 τε
422 1038 599 1101 ἄλλως
642 1041 738 1093 καὶ
775 1038 1071 1108 ἐγγράφως
1116 1037 1401 1109 παρέδοτα
1439 1037 1595 1089 Ἔστι
1641 1036 1698 1088 δὲ

135 1131 335 1198 νοῆσιι,
385 1133 483 1184 καὶ
526 1131 608 1184 ὅτι
657 1130 732 1193 ὡς
780 1131 841 1184 τὸ
887 1130 1359 1200 προηγησάμενον
1399 1129 1700 1197 τροπάριον

135 1222 444 1294 ἑξεφωνήθη
498 1222 659 1275 τοῦτο
701 1221 917 1286 δεξιῶς,
968 1221 1300 1292 ὑψηλότερον
1359 1221 1565 1290 μέντοι·
1600 1219 1699 1289 τὴν

102 1339 108 1347 ·
138 1315 227 1383 μὲν
252 1315 363 1384 γὰρ
411 1316 527 1367 εκεῖ
557 1314 882 1383 συμφωνίαν
926 1314 1233 1384 συμϐόησιν
1276 1311 1515 1366 ενταῦθα
1552 1308 1694 1364 εἷπε·

137 1408 190 1457 τὸ
212 1406 287 1470 δὲ,
321 1407 424 1473 καὶ
456 1405 741 1475 ὲθρόησεν,
776 1405 1105 1476 ἐϐρόντησεν
1130 1406 1260 1474 ἔφη·
1286 1406 1349 1457 τὸ
1369 1404 1427 1457 δὲ
1449 1404 1699 1473 ὀργάνων

140 1497 291 1558 μέλος
322 1496 440 1550 ϐπα
464 1497 561 1550 τοῦ
599 1496 1065 1567 θεαρχικωτάτου·
1101 1498 1161 1551 τὸ
1201 1497 1258 1551 δὲ
1295 1496 1479 1551 σέϐειν
1512 1496 1609 1550 καὶ
1639 1495 1702 1547 τὸ

140 1589 529 1658 σεϐασμιάζειν
584 1589 673 1642 διὰ
706 1589 801 1643 τοῦ
836 1591 1030 1645 θέσπιν
1071 1591 1321 1660 ἐνέφηνε·
1358 1589 1556 1644 ταυτὸν
1590 1590 1699 1659 γὰρ

138 1681 235 1733 ὅπα
277 1682 491 1750 σεπτὴν
521 1682 698 1734 είπείν
733 1683 829 1735 καὶ⁵
870 1680 1087 1737 θέσπιν.
1132 1682 1193 1736 Ὀ
1220 1681 1431 1752 βλέπων
1460 1680 1519 1736 δὲ
1562 1693 1701 1751 προ-

1807 593 1969 645 porro
2002 578 2205 633 tonitru
2259 576 2419 643 dixit,
2443 586 2630 647 utpote
2668 580 2811 646 quod
2837 591 2867 631 e
2899 577 3040 633 cmlo
3062 586 3387 634 resonuerat

1807 679 1862 723 et
1913 669 2016 725 soli
2066 669 2346 739 propheta:
2376 669 2633 725 deorsum
2682 678 2801 724 erat
2853 670 3125 725 auditum.
3161 670 3272 726 Hoc
3305 682 3385 725 ta-

1810 773 1932 811 men
1967 766 2050 811 est
2096 757 2337 827 ﬁgurata:
2388 758 2827 829 magniﬁcentiae.
2875 758 3025 815 Mens
3081 760 3225 815 enim
3260 774 3386 827 pro.

1807 850 1981 919 pheta:
2010 864 2118 905 non
2148 858 2357 919 poterat
2380 865 2703 920 permanere
2736 848 3128 921 super'terrant
3159 866 3381 923 repens,

1808 941 1876 997 ad
1909 944 2284 1013 accipiendum
2307 960 2375 1001 ex
2408 944 2691 1001 altissimis
2721 944 2969 1000 divinum
3006 945 3208 1001 tonitru
3240 942 3255 1001 ξ
3292 946 3391 1001 sed

1818 1033 1935 1102 ipsa
1969 1032 2079 1090 Deo
2132 1034 2275 1090 facta
2328 1036 2574 1106 propior,
2623 1036 2830 1092 audivit
2887 1039 3035 1103 quod
3096 1046 3386 1107 postquam

1800 1122 1955 1193 jussa
1973 1130 2058 1177 est
2087 1138 2193 1177 non
2222 1124 2578 1190 abscondere,
2600 1126 2870 1180 nuntiavit
2897 1134 2953 1181 et
2984 1125 3147 1181 etiam
3182 1127 3389 1196 scripto

1809 1216 2052 1270 tradidit.
2114 1214 2210 1271 Est
2284 1225 2465 1274 autem
2525 1218 2950 1286 observandum,
2995 1220 3164 1288 quod,
3240 1219 3387 1274 sicut

1806 1311 2121 1381 praecedens
2159 1311 2401 1381 Strophe,
2431 1312 2546 1367 hate
2579 1313 2835 1379 solerter,
2880 1313 3153 1367 excelsius
3177 1318 3387 1378 tamen,

1804 1402 2082 1459 declarata
2112 1414 2216 1458 est.
2263 1401 2377 1458 lllic
2426 1405 2571 1459 enim
2596 1404 3002 1476 symphoniam,
3042 1403 3132 1459 hic
3165 1399 3389 1457 concla-

1808 1494 2105 1549 mationem
2150 1492 2309 1549 dixit.
2361 1493 2478 1551 Hoc
2520 1504 2709 1552 autem
2764 1495 3055 1567 ἔθρόησεν,
3085 1495 3161 1548 ait
3201 1493 3390 1563 ἐϐρόν-

1806 1602 1972 1661 τησεν
1999 1602 2016 1654 ;
2048 1600 2377 1657 organorum
2403 1587 2718 1653 melodiam,
2755 1601 2943 1644 vocem
2979 1587 3163 1643 divine
3199 1596 3388 1657 poten-

1808 1677 2038 1745 tissimil;
2072 1678 2254 1733 σέϐειν
2304 1686 2360 1734 et
2394 1678 2790 1748 σεϐασμιάζειν
2825 1694 2923 1749 per
2957 1690 3148 1733 vocem
3191 1678 3389 1731 θέσπιν
3482 1730 3485 1734 .

137 1771 350 1839 φητικὸν
373 1771 647 1837 ἐπίθετον,
669 1772 731 1825 οὑ
759 1774 919 1842 μόνον
934 1774 1013 1844 τῷ
1045 1772 1199 1843 ἰωὴλ
1240 1772 1423 1841 καὶτῷ
1444 1770 1700 1842 Σαμουὴλ

1818 1768 2115 1839 expressit;
2161 1770 2305 1827 idem
2355 1771 2508 1827 enim
2569 1779 2656 1829 est
2691 1770 2879 1827 dicere
2925 1771 3035 1824 ὅπα
3106 1768 3313 1838 σεπτὴν
3336 1776 3392 1822 et

138 1837 460 1929 ἔπιπρέπον,
508 1860 646 1913 ἀλλά
696 1837 792 1914 καὶ
845 1837 1366 1926 τοῖς-κατ”αὑτοὺς
1395 1837 1574 1924 ⁷ὅλοις.
1621 1837 1698 1923 ὥς

1818 1837 2019 1915 θέσπιν.
2067 1837 2321 1920 Videntis
2372 1871 2554 1919 autem
2630 1862 3013 1933 propheticum
3052 1870 3138 1917 est
3178 1837 3391 1931 epithe-

138 1950 607 2017 θεοπτικωτάτοις,
645 1953 740 2006 καὶ
785 1954 955 2016 ὅντως
1003 1954 1093 2008 τὸν
1142 1955 1271 2008 ὄντα
1324 1954 1421 2007 καὶ
1468 1952 1539 2006 τὰ
1570 1952 1699 2006 ὅντα

141 2042 408 2110 βλέπουσι,
442 2045 538 2097 καὶ¹
576 2043 721 2098 οὑτω
760 2046 896 2115 πρὸς
925 2046 1184 2117 ἀλήθειαν
1213 2046 1587 2116 θεωρητικοῖς.

1808 1961 1948 2019 tum,
1976 1969 2081 2009 non
2113 1955 2291 2011 solum
2326 1954 2465 2012 Joeli
2514 1966 2569 2013 et
2620 1956 2861 2012 Samueli
2917 1964 3257 2025 competens,
3292 1953 3388 2007 sed

1809 2053 1865 2100 et
1917 2047 2126 2103 caeteris
2154 2045 2371 2103 illorum
2428 2049 2722 2116 similibus,
2783 2056 3042 2119 tanquam
3088 2047 3391 2100 θεοπτικω-

140 2139 327 2206 τίτοις,
390 2150 447 2195 et
499 2139 677 2210 reipsa
729 2140 883 2196 illum
912 2142 1005 2211 qui
1058 2156 1142 2199 est
1192 2157 1246 2200 et
1279 2158 1343 2198 ea
1393 2155 1516 2213 qua:
1570 2150 1696 2195 sunt
1736 2138 2067 2209 videntibus,
2110 2153 2167 2198 et
2241 2144 2316 2199 ita
2369 2145 2669 2201 secundum
2738 2146 3022 2201 veritatem
3100 2148 3388 2213 speculan-

143 2232 293 2288 tibus.

205 2325 326 2395 906'.
371 2326 599 2392 Ἔνθους
641 2329 697 2383 δὲ
745 2330 871 2384 ἀντὶ
916 2330 1120 2385 ὡσανεὶ
1146 2330 1352 2394 ἔνθεος·
1383 2335 1615 2404 είπομεν
1647 2336 1704 2390 δὲ

144 2416 195 2471 τὸ
216 2416 418 2472 ὡσανεὶ
444 2422 580 2489 πρὸς
607 2421 920 2491 ἀκρίϐειαν·
954 2422 1283 2493 σεμνότερον
1306 2423 1412 2495 γὰρ
1437 2428 1498 2479 τὸ
1520 2426 1706 2493 ἔνθεος

144 2508 226 2561 τοῦ
274 2508 487 2574 ἔνθους·
542 2511 726 2574 ἔνθεος
778 2514 875 2583 μὲν
904 2514 1013 2586 γὰρ
1056 2517 1085 2569 6
1129 2516 1281 2570 ἔνδον
1326 2517 1523 2573 ἑαυτοῦ
1570 2520 1705 2575 Θεὸν

145 2603 289 2673 ἔχων,
320 2607 416 2660 καὶ
456 2607 528 2662 δι’
562 2609 773 2662 ἐκείνου
825 2611 859 2682 ἢ
909 2611 1086 2675 άλλως
1129 2614 1372 2684 ἐνεργῶν
1418 2617 1452 2688 ἢ
1501 2616 1699 2672 λαλῶν·

147 2694 378 2751 τοιοῦτόν
406 2714 456 2751 τι
482 2699 656 2754 πάλαι
695 2702 758 2755 τὸ
810 2703 953 2757 κατὰ
981 2704 1081 2768 τὰς
1130 2704 1361 2776 βὰκγας,
1392 2707 1460 2772 ἃς
1491 2708 1599 2779 ἔφη
1620 2726 1706 2775 τις

147 2786 351 2851 ίνθίους
379 2792 670 2857 γυναῖκας.
698 2794 925 2863 Ὅμοιον
950 2797 1047 2850 καὶ
1080 2796 1142 2849 τὸ
1170 2797 1313 2851 κατὰ
1338 2801 1437 2861 τὰς
1471 2801 1707 2870 ἀποφοι-

150 2878 415 2944 ϐαζοὺσας
442 2884 719 2953 πνεύματι
763 2885 1037 2950 Πύθωνος·
1071 2886 1253 2952 ἔνθεος
1278 2889 1336 2944 δὲ
1382 2893 1478 2945 καὶ
1508 2894 1538 2947 6
1566 2894 1709 2948 κατά

150 2972 239 3035 τὰς
287 2975 561 3041 μαντικὰς
604 2978 875 3043 Σιϐύλλας
906 2979 1095 3045 ιννεὰς
1142 2982 1379 3051 ἐλέγετο·
1431 2985 1527 3038 καὶ
1557 2985 1711 3056 ῥῆμα

152 3062 207 3113 ἐκ
243 3068 341 3134 τῆς
382 3066 643 3137 τοιαύτης
668 3068 866 3135 λέξεως
907 3071 1118 3143 ὑψηλὸν
1154 3073 1214 3127 τὸ
1247 3075 1547 3139 ἐνθεάζειν.
1577 3076 1709 3132 Ὅτε

1880 2341 2004 2395 174.
2038 2338 2268 2399 Ἔνθους
2297 2344 2481 2391 autem
2522 2340 2606 2389 est
2638 2331 2795 2402 quasi
2856 2346 2954 2403 pro
2998 2329 3201 2393 ἔνθεος.
3238 2329 3385 2385 Dici-

1809 2448 1933 2489 mus
1976 2446 2104 2487 vero
2124 2429 2280 2499 quasi
2308 2427 2375 2481 ad
2402 2426 2809 2481 accurationeut
2839 2440 2853 2477 :
2915 2422 3204 2489 augustius
3240 2421 3385 2475 enim

1807 2531 1891 2579 est
1922 2520 2151 2577 verbum
2179 2517 2360 2580 ἔνθεος
2388 2530 2554 2587 quam
2587 2514 2799 2577 ἔνθους.
2833 2512 3059 2577 Ἐνθεος
3099 2512 3246 2567 enim
3272 2512 3391 2580 qui—

1810 2615 1933 2672 dem
1965 2620 2049 2669 est
2072 2612 2163 2667 ille
2195 2609 2289 2681 qui
2317 2610 2458 2665 intra
2490 2621 2550 2664 se
2582 2607 2749 2662 Deum
2776 2604 2961 2671 habet,
2984 2612 3037 2659 et
3068 2618 3167 2673 per
3206 2602 3386 2673 ipsum

1808 2706 1893 2762 vel
1930 2704 2042 2776 agit
2073 2702 2152 2758 vel
2182 2700 2442 2772 loquitur.
2486 2698 2618 2753 Tale
2642 2696 2773 2765 quid
2832 2695 2938 2751 fuit
2978 2694 3108 2751 olim
3162 2696 3393 2753 relative

1809 2796 1877 2853 ad
1912 2795 2147 2851 Bacchas
2175 2808 2312 2866 quas
2342 2790 2543 2860 aliquis
2573 2789 2712 2845 dixit
2738 2787 2953 2847 ἐνθέους
2987 2786 3262 2843 mulieres.
3297 2786 3393 2842 Si-

1812 2888 1941 2944 mile
1973 2900 2192 2957 quoque
2221 2882 2323 2939 fuit
2386 2896 2513 2953 erga
2570 2881 2806 2951 repletas
2871 2878 3064 2949 spiritu
3118 2878 3392 2942 Pithonis,

1812 2979 2032 3037 oracula
2097 2979 2313 3033 dantes.
2366 2973 2603 3032 Verbum
2636 2973 2803 3030 etiam
2866 2988 2933 3028 ex
2984 2972 3086 3028 hac
3156 2972 3392 3027 dictione

1815 3072 1965 3127 venit
1996 3070 2277 3125 excelsum
2302 3067 2362 3121 τὸ
2382 3066 2678 3131 ἐνθεάζειν.
2708 3065 2846 3121 Cum
2913 3073 3093 3120 autem
3156 3063 3186 3116 6
3210 3063 3391 3126 ἔνθεος

152 3153 200 3205 δὲ
239 3156 267 3208 6
295 3155 481 3220 ἔνθεος
516 3160 662 3213 κατὰ
691 3163 1006 3233 συναίρεσιν
1030 3164 1218 3227 ἔνθους
1250 3165 1495 3237 λεχθείη,
1530 3160 1709 3224 οὐκέτι

1818 3176 1912 3233 per
1937 3162 2365 3217 contractionem
2395 3157 2584 3220 ἔνθους
2633 3156 2817 3211 dictus
2857 3165 2960 3222 est,
2997 3172 3103 3211 non
3163 3156 3277 3225 jam
3312 3158 3384 3209 si.

160 3251 425 3315 σημασίαν
468 3252 663 3319 ὁμοίαν
706 3254 843 3324 ἔχει,
894 3257 1014 3310 ἀλλ’
1063 3253 1178 3311 οἷον
1234 3260 1709 3329 μετουσιαστικῶς

159 3336 241 3387 καὶ
268 3340 573 3409 μετοχικῶς
620 3342 698 3412 τῷ
722 3344 1074 3400 ἐνθουσιῶντι
1117 3348 1337 3417 μέτεστι
1368 3349 1463 3403 τοῦ
1499 3349 1709 3404 ἐνθέου·

160 3429 444 3496 ιρμητικός
491 3450 577 3495 τις
623 3435 734 3504 γὰρ
770 3437 908 3505 μετὰ
932 3440 1030 3491 καὶ
1068 3440 1246 3509 χαρᾶς
1292 3441 1320 3492 6
1350 3438 1537 3504 ἔνθους
1574 3442 1711 3495 ἐστί·

161 3521 246 3573 καὶ
286 3521 453 3588 δοκεῖ,
501 3523 593 3576 διὰ
617 3526 679 3578 τὸ
724 3526 937 3597 χαίρειν
978 3530 1093 3592 τοῖς
1127 3530 1535 3601 ὑποκειμένοις,
1574 3533 1713 3588 ἀκά-

161 3608 333 3674 θεκτος
355 3608 500 3668 εἴναι
526 3616 607 3679 είς
634 3618 697 3670 τὸ
731 3618 762 3688 ἢ
802 3620 1206 3690 πανηγυρίζειν
1233 3621 1268 3693 ἢ
1305 3622 1434 3676 ἄλλο
1462 3639 1515 3675 τι
1543 3626 1717 3694 πράτ-

163 3716 265 3755 τειν
288 3704 405 3774 ἠδύ-
439 3709 533 3760 ml.
558 3707 712 3777 δηλοῖ
740 3710 803 3762 τὸ
830 3710 1129 3780 λεγόμενον
1161 3711 1257 3782 ὑφ’
1283 3713 1477 3783 ἡδονῆς
1505 3713 1713 3777 ἔνθους’

163 3796 247 3847 καὶ
284 3797 343 3849 τὸ
383 3798 444 3865 ἐξ
473 3800 641 3853 αὑτοῦ
688 3802 841 3872 ῥῆμα
875 3804 937 3856 τὸ
977 3804 1266 3877 ἑνθουσιᾷν
1298 3806 1360 3860 οὑ
1394 3807 1595 3860 ταυτὸν
1656 3808 1717 3861 ὃν

163 3885 234 3953 τῷ
260 3888 550 3953 ἐνθεάζειν.
589 3891 649 3944 ’0
687 3891 745 3946 δὲ
779 3894 1039 3963 μετρικὸς
1067 3891 1225 3960 οὗτος
1262 3897 1519 3968 μελῳδὸς,
1550 3897 1718 3967 ἀναγ-

168 3977 318 4041 καίως
341 3980 429 4034 διὰ
467 3983 567 4051 τὴν
597 3983 922 4037 ἀκολουθίαν
957 3984 1050 4039 τοῦ
1095 3986 1302 4049 ἔνθεος·
1344 3987 1616 4058 Ἑλλήνων
1661 3988 1717 4041 δὲ

169 4064 291 4131 λέξις
340 4071 370 4123 6
414 4071 616 4136 ἔνθεος.
647 4065 724 4126 ὧν
774 4075 827 4127 οί
884 4074 1017 4140 θεοὶ,
1052 4076 1351 4140 Δαυιτικῶς
1400 4078 1599 4139 εἰπεῖν.
1650 4077 1720 4131 τὰ

168 4155 423 4226 δαιμόνια·
483 4161 564 4215 διὸ
622 4165 718 4216 καὶ
771 4164 901 4228 τοὺς
958 4166 1467 4237 ὸαιμονοφορήτους
1521 4169 1717 4221 ἐκεῖνοι

172 4249 361 4316 ινθέους
406 4253 614 4322 ἔλεγον.
644 4257 707 4308 Οί
755 4256 942 4331 μέντοι
985 4259 1181 4326 ἀγαθοὶ
1212 4259 1530 4330 Χριστιανοὶ
1564 4261 1721 4329 μετέ-

173 4338 317 4397 λαϐον
333 4346 504 4416 αὑτὴν
533 4347 614 4409 είς
641 4346 778 4400 Θεοῦ
809 4350 1127 4420 ἀρέσκειαν.

1815 3256 1999 3311 nilcm
2048 3253 2211 3308 habet
2243 3248 2727 3321 signiﬁcationem,
2753 3248 2846 3303 sed
2908 3257 3168 3318 tanquam
3223 3248 3394 3317 parti-

1813 3346 2089 3416 cipatione
2118 3359 2182 3399 ac
2236 3341 2571 3398 derivatione
2604 3343 2633 3394 6
2681 3338 2978 3394 ἐνθουσιῶν
3008 3354 3131 3396 cum
3179 3337 3259 3409 τῷ
3306 3340 3393 3391 ιν-

1816 3435 1925 3505 θέῳ
1974 3442 2181 3504 partem
2260 3431 2443 3486 habet.
2529 3429 2741 3500 Aliquis
2787 3431 2929 3484 enim
2988 3431 3205 3486 irruens
3266 3444 3391 3485 cum

1815 3526 2013 3597 gaudio
2039 3527 2067 3579 6
2104 3524 2291 3588 ἔνθους
2328 3530 2411 3580 est
2442 3541 2457 3589 ;
2484 3532 2557 3592 et,
2592 3540 2714 3579 cum
2747 3522 3005 3592 subjectis
3062 3522 3283 3594 gaudet,
3311 3524 3392 3577 vi-

1816 3616 1979 3671 detur
2030 3615 2300 3671 contineri
2362 3630 2469 3669 non
2501 3629 2681 3684 posse,
2718 3616 2830 3671 sive
2859 3616 3200 3671 laudandum
3278 3616 3393 3670 sive

1818 3708 1947 3779 quid
1981 3706 2127 3761 aliud
2164 3706 2394 3776 jucundi
2448 3706 2757 3762 {acieudum
2816 3707 3032 3763 habeat.
3075 3706 3137 3762 Et
3179 3707 3386 3763 dictum

1817 3798 2088 3868 signiﬁcat
2108 3798 2201 3868 ὑφ’
2220 3797 2416 3869 ἡδονῆς
2444 3798 2662 3867 ἔνθους;
2694 3814 2904 3854 necnon
2934 3816 2998 3855 es
3026 3800 3146 3870 ipso
3166 3802 3393 3856 verbum

1819 3889 2123 3961 ἔνθουσιᾷν,
2179 3892 2323 3959 quod
2360 3905 2466 3946 non
2505 3882 2645 3945 idem
2685 3903 2767 3946 est
2812 3906 2877 3945 ac
2929 3891 3229 3955 ἐνθεάζειν.
3288 3892 3398 3948 Me-

1819 3981 1989 4037 tricus
2019 3993 2201 4036 autem
2244 3982 2333 4038 ille
2368 3983 2613 4037 tnelodus
2660 3983 2974 4038 necessario
3021 3982 3159 4039 dixit
3205 4001 3395 4040 conse-

1820 4084 2051 4143 quenter
2101 4073 2179 4143 τῷ
2237 4072 2439 4135 ἔνθεος.
2488 4071 2803 4127 Graecorum
2837 4084 2919 4129 est
2952 4076 3053 4129 ista
3091 4089 3190 4130 vox
3235 4076 3264 4127 6
3312 4074 3405 4128 ἔν-

1821 4166 1961 4230 θεος,
2001 4180 2230 4236 quorum
2277 4165 2374 4225 dii,
2401 4165 2554 4233 juxta
2609 4164 2866 4220 Davidica
2902 4166 3087 4230 verba,
3120 4175 3249 4220 sunt
3284 4169 3393 4221 dar-

1823 4256 2025 4313 monia.
2057 4254 2288 4326 Ideoque
2315 4255 2390 4309 illi
2422 4271 2452 4310 a
2483 4256 2821 4311 daemonibus
2843 4255 3140 4327 inspiratos
3175 4257 3392 4322 ἐνθέους

1822 4347 2065 4403 aiebant.
2094 4346 2229 4401 Boni
2268 4357 2448 4400 tamen
2481 4346 2776 4401 Christiani
2810 4348 2947 4401 hanc
2993 4346 3285 4401 dictionem
3321 4350 3386 4402 nd

1823 4438 1917 4493 Dci
1974 4437 2235 4507 placitum
2294 4445 2642 4506 receperunt.

235 4526 347 4587 μοι’,
384 4522 459 4577 Τὸ
490 4523 548 4576 δι
578 4524 759 4593 έκχεῶ
786 4524 935 4589 λέξιν
964 4524 1174 4596 ταύτην
1204 4527 1265 4592 ἔξ
1300 4528 1468 4598 ὑγροῦ
1501 4530 1698 4599 ληφθεϊ

1902 4529 2023 4584 175.
2060 4528 2209 4582 lllam
2267 4535 2447 4581 autem
2496 4526 2790 4581 dictionem
2852 4527 3048 4597 ἐκχεῶ,
3085 4542 3149 4583 ex
3190 4529 3395 4599 liquido

180 4619 257 4658 σιν
278 4614 654 4683 αἱνιττομένην
682 4617 745 4668 τὸ
778 4616 938 4685 ἅγιον
972 4617 1278 4689 βάπτισμα,
1324 4620 1393 4674 δι’
1418 4619 1480 4673 οῦ
1516 4623 1721 4688 ἐξαλεί-

181 4713 316 4763 φεται
340 4708 433 4757 καὶ
460 4707 735 4774 ἀπάγεται
760 4710 835 4771 ὡς
868 4709 1138 4778 ῥυπτικοῦ
1166 4712 1471 4779 άγιωτάτου
1505 4713 1717 4779 ὓδατος,

184 4794 260 4844 καὶ
285 4798 657 4867 παρασύρεται
688 4802 798 4853 πᾶν
828 4802 1113 4872 άνόμημα,
1145 4797 1207 4855 οὗ
1234 4806 1330 4857 καὶ
1364 4806 1393 4857 6
1430 4805 1596 4859 Δαϐιδ
1626 4823 1722 4858 κα-

188 4882 434 4951 τεύχεται,
464 4888 797 4959 διεσάφησεν
828 4891 932 4962 ἠδη
961 4895 989 4944 6
1019 4894 1258 4962 μελῳδὸς
1282 4895 1370 4947 διὰ
1398 4896 1595 4965 δρόσου
1628 4897 1724 4951 καὶ

188 4969 408 5043 λουτροῦ,
450 4978 544 5029 καὶ
589 4978 899 5049 λουτηρίου,
943 4985 1038 5037 καὶ
1076 4984 1591 5054 ὀμϐροϐλυτήσεως,
1630 4991 1724 5043 καὶ

188 5060 360 5131 ἑτέρων
393 5065 613 5133 λέξεων·
645 5069 705 5121 τὸ
753 5070 807 5123 δὲ
855 5069 1053 5144 οἷάπερ
1106 5076 1264 5143 λόγον
1316 5078 1454 5148 πρός
1488 5097 1546 5133 τε
1595 5082 1721 5133 άναο

188 5150 435 5224 πλήρωσιν
480 5160 657 5213 κεῖται
688 5160 782 5213 τοῦ
832 5163 1041 5231 στίχου,
1078 5168 1173 5219 καὶ
1222 5168 1359 5238 πρὸς
1420 5170 1725 5240 σαφήνειαν

190 5242 269 5311 τῆς
300 5250 763 5323 προηγησαμένης
806 5252 1027 5319 λέξεως,
1080 5257 1207 5328 ἥτις
1235 5254 1305 5328 ἦν
1338 5258 1400 5313 τὸ
1427 5262 1721 5330 φήσαντος⁶

190 5335 241 5403 ἧν
274 5339 585 5409 ἑρμηνεύων
633 5342 831 5411 ἐπάγει
870 5347 932 5398 τὸ
970 5340 1171 5418 οἷάπερ
1215 5350 1393 5417 λόγον.
1441 5351 1527 5415 Ὠς
1557 5353 1665 5424 γὰρ
1698 5356 1726 5407 6

189 5426 397 5502 Μωὺσῆς
426 5435 483 5486 ἔν
507 5432 606 5503 τῷ,
633 5429 801 5487 Εἶπεν
829 5437 859 5487 6
889 5436 1041 5504 Θεὸς,
1075 5439 1364 5511 Γενηθήτω
1382 5443 1519 5508 τόδε,
1558 5441 1723 5513 εἶχεν,

192 5518 565 5589 ἐρμψευτικῶς
591 5526 788 5588 εἰπεῖν,
816 5528 975 5597 είπερ
1002 5528 1214 5597 ἢθελεν,
1245 5532 1328 5585 ὅτι
1354 5529 1509 5585 εἶπεν
1542 5536 1569 5585 6
1592 5534 1726 5598 Θεὸς

192 5607 347 5671 ὡςοῖα
372 5614 458 5667 διὰ
485 5615 648 5683 λόγου
677 5617 1054 5687 άνθρωπικοῦ,
1083 5621 1372 5691 Γενηθήτω
1402 5625 1549 5688 τάδε,
1582 5626 1726 5679 οὕτω

193 5701 271 5752 καὶ
301 5705 326 5756 6
355 5706 593 5776 μελῳδὸς
624 5704 746 5761 εἷπε
792 5709 853 5762 τὸ
884 5712 1181 5780 φήσαντος,
1213 5708 1412 5784 οἷάπερ
1450 5716 1605 5781 λόγον
1636 5721 1727 5787 έγο

193 5794 510 5867 γράμματον,
559 5800 795 5869 φάμενος
828 5802 1030 5855 ὡσανεὶ
1066 5801 1221 5871 λόγον
1270 5804 1369 5876 τὴν
1420 5807 1607 5863 θεόθεν
1649 5809 1729 5879 τῷ

1824 4629 2119 4689 sumptam,
2144 4634 2357 4674 sacrum
2376 4621 2638 4689 baptisma
2662 4619 3119 4683 subindicantem,
3143 4636 3237 4691 per
3250 4623 3396 4693 quod

1824 4712 2081 4778 abluitur,
2114 4724 2166 4767 et
2186 4711 2494 4779 abducitur,
2522 4721 2576 4767 et
2605 4713 2925 4782 extergitur,
2960 4722 3213 4784 tanquam
3254 4732 3395 4786 aqua

1824 4805 2165 4859 sanctissima
2236 4804 2577 4873 puriﬁcante,
2642 4803 2824 4857 omnis
2871 4804 3152 4874 iniquitas,
3208 4818 3397 4861 contra

1824 4910 1989 4966 quam
2008 4894 2174 4949 David
2199 4894 2670 4962 deprecatur,jatn
2710 4895 2996 4949 elucidavit
3023 4896 3267 4950 tnelodus
3306 4912 3400 4966 per

1827 5000 2005 5041 rorem
2053 4995 2106 5039 et
2133 4985 2432 5050 lavacrum,
2468 4994 2517 5038 et
2552 4984 2897 5050 lavationem,
2926 4996 2979 5041 et
3011 4987 3203 5043 imbris
3231 4985 3399 5043 ﬂuen-

1828 5088 1964 5141 tutu,
2017 5087 2347 5146 ceterasque
2410 5076 2698 5131 dictiones.
2748 5076 2860 5133 lloc
2940 5090 3122 5133 autem
3193 5074 3393 5150 οἷάπερ

1825 5167 1985 5236 λάξιν]
2060 5170 2280 5238 ponitur
2350 5177 2405 5220 et
2433 5167 2500 5221 ad
2555 5182 2748 5222 versus
2807 5167 3204 5236 iutpletionem,
3247 5177 3300 5223 et
3330 5168 3398 5223 ad

1829 5259 2183 5329 pne-cedentis
2204 5259 2617 5315 clucidationem
2635 5259 2915 5324 dictionis,
2938 5276 3061 5330 qua:
3080 5272 3166 5314 est
3190 5262 3397 5329 φήσαν-

1826 5369 1938 5417 τος,
1967 5362 2020 5406 et
2052 5365 2214 5421 quam
2243 5352 2606 5420 interpretans
2659 5352 2843 5421 adjicit
2884 5356 2945 5405 τὸ
2973 5348 3173 5423 οἷάπερ
3207 5352 3389 5421 λόγον.

1831 5443 1985 5499 Sicut
2014 5445 2158 5499 enim
2191 5442 2403 5514 Moyses
2435 5443 2487 5497 in
2525 5444 2626 5498 hoc
2656 5461 2669 5498 :
2696 5443 2838 5499 Dixit
2869 5443 3008 5500 Deus
3035 5464 3045 5496 :
3071 5444 3190 5498 Fiat
3226 5444 3397 5509 istud,

1833 5545 2062 5606 poterat,
2082 5535 2126 5590 si
2158 5536 2437 5601 voluisset,
2466 5546 2727 5604 tanquam
2747 5538 3153 5608 interpretando
3180 5538 3359 5592 dicere
3384 5555 3398 5592 :

1831 5628 1977 5682 Dixit
2021 5628 2185 5693 Dctts,
2218 5627 2373 5697 quasi
2427 5644 2521 5698 per
2565 5630 2861 5683 humanum
2893 5643 3237 5685 sermonem:
3279 5626 3401 5685 llam

1832 5719 1962 5773 liaut
1988 5735 2002 5785 ;
2031 5720 2108 5773 sic
2149 5728 2202 5773 et
2241 5717 2488 5773 tttelodtts
2537 5720 2675 5774 dixit
2752 5720 2811 5771 τὸ
2850 5720 3144 5790 φήσαντος,
3204 5714 3403 5789 οἷάπερ

1831 5809 1989 5879 λόγον
2049 5813 2467 5883 ἐγγράμματον,
2500 5812 2655 5868 aiens
2712 5813 2866 5883 quasi
2921 5826 3230 5867 sermonem
3263 5813 3403 5869 hanc
