3824 6582
183 508 269 570 68‘)
926 515 1008 576 IN
1039 515 1377 576 HYMNUM
1425 515 2066 577 PENTECOSTALEM
2112 491 2564 577 DAMASCENI.
3262 509 3367 572 690

181 616 260 672 τοῦ
280 617 537 687 θαύματος
564 619 775 674 ἐκείνου
803 623 1049 692 ἀθροίσει
1077 625 1135 692 ἐν
1167 627 1266 695 μιᾷ
1288 624 1510 694 ἡμερῶν
1537 624 1691 694 κυρίᾳ

1857 626 1899 679 ιι]
1930 624 2146 693 quidem
2192 633 2306 676 tum
2343 637 2579 693 primum
2609 623 2662 674 in
2708 618 2838 674 Sion
2901 618 3101 674 factum
3153 628 3278 673 est:
3313 621 3367 672 In

179 711 260 762 οὐκ
280 709 604 778 ἐμφαντικῶς
669 715 764 766 καὶ
790 716 1126 784 ὲνοπτρικῶς
1164 717 1393 786 νοοῦμεν
1424 718 1521 786 τὴν
1547 735 1689 788 τρισ-

1965 724 2144 771 autem
2177 724 2364 772 nostra
2416 715 2855 785 congregatione,
2903 728 3024 781 qua:
3083 712 3142 766 ﬁt
3167 715 3217 766 in
3262 729 3367 767 una

179 801 444 854 υπόοτατον
473 801 720 872 θεότητοι.
753 805 916 860 Ἀλλὰ
954 809 1380 878 καταλαϐόμενοι
1423 812 1600 862 ἐκεῖνο
1639 809 1689 862 τὶ

1909 823 2012 862 ὐιιι
2045 807 2346 874 Dominica,
2377 807 2444 861 ad
2490 805 2870 861 celebrandum
2934 808 3036 858 hoc
3065 804 3368 873 prodigium
3416 793 3419 799 ’

176 888 376 958 τρίωρον
418 889 532 942 κατ’
573 891 813 962 ἔμφασιν
861 897 1090 966 αἴνιγμα
1124 898 1261 968 πρὸς
1293 898 1686 972 ἀκριὸεστάτην

1862 913 1910 949 in
1950 909 2202 967 tanquam
2242 899 2296 951 in
2322 897 2802 968 repraesentatione
2849 904 2904 951 et
2935 895 2990 948 in
3049 894 3268 964 speculo
3292 894 3372 948 di-

179 980 255 1030 καὶ
279 980 737 1054 ἀκραιφνεστάτην
776 988 870 1039 καὶ
895 986 1069 1051 οὕτως
1109 991 1530 1062 ἐμφανεστάτην
1569 990 1689 1060 ἁλή-

1861 980 2082 1042 nitatem
2115 991 2168 1042 in
2221 989 2396 1044 tribus
2444 988 2712 1058 personis,
2757 986 3059 1056 cogitamus
3094 1000 3108 1050 ;
3151 982 3244 1036 sed
3269 983 3371 1036 hoc

177 1069 321 1122 θείαν·
351 1074 438 1123 καὶ
473 1074 609 1143 όρᾷν
651 1075 1085 1147 ὀφθαλμοφανῶς
1118 1080 1400 1145 δοκοῦντες
1431 1082 1491 1134 σὲ
1521 1083 1613 1135 τὸν
1643 1082 1687 1134 ἐι

1858 1080 1965 1133 ium
2031 1080 2288 1135 horarum
2352 1079 2856 1150 reprzcsentativum
2916 1077 3148 1147 aenigma
3204 1074 3363 1143 ‘juxta

173 1163 294 1230 τρισὶ
332 1167 639 1230 προσώποις
683 1167 780 1220 ἕνα
827 1169 982 1234 Θεὸν,
1015 1171 1106 1224 τὸν
1137 1172 1286 1235 Υίὸν,
1321 1174 1414 1227 καὶ
1451 1173 1674 1244 Πατέρα

1852 1171 2170 1236 irissimam,
2249 1172 2717 1228 accuratissimam
2777 1179 2832 1224 et
2861 1167 2933 1222 ita
2983 1164 3362 1221 manifestissio

175 1253 252 1304 aut
277 1253 508 1324 Πνεῦμα,
538 1258 770 1330 λέγομεν
803 1262 902 1317 καὶ
931 1262 1148 1335 βοῶμεν
1182 1265 1276 1320 καὶ
1305 1265 1582 1336 ψάλλομέν
1615 1282 1685 1318 σοι

1861 1279 1945 1317 am
1989 1263 2268 1318 veritatem
2336 1263 2744 1325 intelleximus;
2791 1270 2845 1314 et
2873 1259 3252 1314 existimantes
3287 1255 3368 1308 vi-

171 1346 240 1406 τὸ,
270 1345 554 1416 Εὐλογητὸς
581 1346 650 1402 εί.

1857 1355 2033 1410 biliter
2083 1353 2280 1408 intueri
2315 1364 2366 1409 te
2400 1354 2455 1408 in
2505 1353 2677 1408 tribus
2708 1352 2958 1422 personis
2992 1364 3159 1403 unum
3195 1348 3367 1402 Deum

1801 1445 2023 1511 Filium,
2080 1455 2134 1501 et
2175 1448 2412 1512 Patrem,
2449 1455 2503 1500 et
2561 1445 2848 1515 Spiritum,
2900 1442 3136 1496 dicimus
3172 1447 3226 1494 ct
3257 1439 3369 1493 cla-

1804 1554 2016 1594 mantus
2047 1547 2100 1592 et
2136 1539 2412 1607 psallimus
2445 1537 2538 1591 tibi
2575 1555 2590 1590 :
2623 1533 2947 1590 Benedictus
2974 1548 3055 1588 es.

227 1616 350 1680 ροη¹.
389 1613 499 1666 Καὶ
530 1615 634 1686 δρα
664 1617 725 1670 τὸ
767 1620 824 1672 ὲν
855 1622 957 1690 μιᾷ
995 1610 1214 1693 ἡμερῶν
1260 1625 1594 1697 συνηγοροῦν
1621 1628 1702 1699 τῷ

1873 1630 1994 1684 178.
2031 1631 2094 1685 Et
2129 1632 2246 1685 vide
2285 1629 2633 1691 locutionem,
2672 1629 2725 1683 in
2757 1641 2864 1681 una
2908 1628 3115 1680 dierum
3141 1639 3368 1696 congre-

164 1701 295 1770 τρίτη
317 1702 493 1773 ὡρῶν,
518 1707 595 1771 ὡς
623 1709 1060 1781 ἀναγέγραπται·
1093 1717 1139 1767 εί
1167 1718 1241 1786 μή
1272 1735 1356 1778 τις
1381 1719 1442 1771 τὸ
1475 1721 1674 1790 ἡμερῶ·

1855 1725 1962 1790 irit,
1989 1723 2226 1777 dictione
2277 1722 2434 1790 τρίτη
2479 1719 2640 1790 ὡρῶν
2681 1718 2848 1773 fuisse
2875 1717 3200 1771 delineatam
3226 1731 3241 1781 ;
3268 1714 3365 1768 nisi

163 1796 216 1863 τῇ
263 1795 414 1884 κυρίᾳ
463 1801 718 1868 συντάξει
758 1803 1056 1873 κολλήσας,
1085 1807 1278 1860 καθότι
1323 1812 1357 1878 ὴ
1400 1809 1533 1879 παρ’
1566 1813 1670 1880 ἡμῖ

1859 1817 1926 1868 iis
1979 1815 2038 1866 τὸ
2066 1812 2292 1884 ἡμερῶν
2316 1812 2382 1880 τῇ
2420 1810 2586 1880 κυρίᾳ
2632 1809 2846 1879 syntaxi
2883 1806 3201 1876 coniungat,
3237 1819 3369 1873 qua-

162 1883 352 1973 τοιαύτη
385 1887 714 1960 ἑορταστικὴ
777 1894 943 1962 κυρία
969 1897 1086 1950 ἐστὶ
1131 1898 1224 1950 καὶ
1255 1899 1390 1970 αὑτὴ
1419 1901 1530 1954 τῶν
1573 1904 1669 1969 ὲιρε

1862 1920 1965 1960 nus
1996 1883 2136 1973 apud
2169 1917 2268 1956 nos
2302 1901 2420 1956 dies
2449 1900 2768 1970 huiusmodi
2803 1898 2993 1953 festiva
3041 1896 3208 1967 κυρία
3251 1896 3369 1948 ἐστὶ

164 1971 242 2068 ﬁt;
269 1975 488 2068 ἡμερῶν
519 1977 587 2031 δι’
608 1972 684 2033 ὧν
714 1961 1079 2052 ἀπαρτίζεται
1111 1989 1144 2056 ἡ
1192 1961 1448 2058 ἑϐδομὰς.
1483 1991 1594 2061 Τὴν
1615 1961 1674 2045 ’δέ

1939 1961 2048 2049 tina
2085 1993 2190 2062 est)
2220 1995 2336 2062 ipsa
2365 1961 2810 2061 subsequentium
2864 1961 3129 2049 dicrum,’
3168 1985 3368 2048 quibus
3447 2001 3449 2003 ί

162 2065 293 2132 χάριν
319 2067 490 2120 είπὼν
525 2073 666 2138 μετὰ.
710 2072 938 2144 ἄρθρου,
974 2077 1097 2130 κατ’
1136 2081 1414 2150 ἐξαίρετον
1458 2084 1672 2153 ἐδήλωση

1859 2085 2142 2140 ebdomada
2199 2083 2571 2152 componitur.
2634 2082 2768 2135 Cum
2820 2088 3000 2133 autem
3055 2078 3154 2145 τὴν
3207 2077 3369 2145 χᾶριν

161 2157 240 2227 τὴν
263 2159 347 2212 τοῦ
395 2163 562 2229 ἁγίου
618 2167 938 2236 Πνεύματος
991 2173 1048 2222 ὲν
1103 2172 1349 2241 σχήματι
1383 2174 1664 2247 ὲξοχῆς⁹ἢ

1858 2189 1928 2227 tm
1963 2174 2199 2228 articulo
2244 2173 2463 2236 dixerit,
2494 2172 2692 2232 eximie
2744 2170 2972 2240 gratiam
3030 2168 3272 2238 Spiritus
3317 2167 3368 2219 in

160 2253 292 2319 χάριν
315 2255 341 2305 ὁ
366 2254 513 2323 ἔχων
539 2258 856 2326 πέπλησται
890 2261 998 2315 τῶν
1023 2264 1370 2332 κρειττόνων,
1400 2269 1495 2320 καὶ
1523 2268 1667 2321 οὕτω

1860 2276 2062 2334 tprento
2093 2264 2262 2335 gradu
2297 2263 2621 2334 signiﬁcavit
2648 2279 2662 2328 ;
2692 2277 2854 2331 quam
2905 2259 3133 2331 gratiam
3167 2252 3370 2312 habens

159 2343 411 2414 αὐτάρκως
461 2348 604 2418 ἔχει,
645 2352 752 2404 κᾶν
776 2354 946 2422 μυρία
981 2355 1258 2426 θλίόηται,
1302 2358 1526 2422 ὡςτοῦ
1560 2361 1669 2414 Θεοη

1864 2355 2122 2409 elioribus
2158 2354 2418 2423 repletur,
2439 2363 2492 2406 et
2516 2354 2616 2417 sic,
2651 2353 2775 2407 licet
2821 2352 2968 2406 mille
2995 2348 3371 2406 tribulationes

158 2436 396 2500 παντοίως
433 2441 914 2512 ἐπισκεπτομένου
967 2446 1153 2500 αὐτόν·
1190 2452 1285 2504 καὶ
1335 2451 1495 2504 τοῦτο
1547 2453 1668 2522 δηλο

1860 2447 2094 2512 istineat,
2139 2455 2396 2514 tanquam
2451 2445 2560 2499 Deo
2595 2443 2915 2500 omnimodo
2947 2456 3072 2496 eum
3117 2439 3370 2494 visitantc

155 2527 177 2578 ὀ
198 2527 383 2581 ἐκεῖθεν
407 2531 498 2598 ἐφ’
528 2528 608 2593 οἷς
635 2533 814 2588 ἐδέετο
837 2535 1024 2604 μαθὼν
1047 2539 1131 2604 τὸ,
1167 2541 1354 2612 ’Δρκεί
1377 2560 1458 2596 σοι
1479 2545 1512 2614 ἡ
1539 2546 1665 2616 χάρι

1860 2538 1944 2591 itis
1983 2537 2164 2590 habet.
2195 2537 2261 2590 Et
2293 2539 2395 2590 hoc
2435 2539 2775 2591 demonstrat
2802 2534 2894 2589 ille
2916 2533 3007 2602 qui
3035 2531 3250 2593 exinde,
3284 2529 3370 2582 ubi

157 2631 262 2682 μου’
294 2618 323 2687 ἡ
364 2621 426 2672 δὲ
478 2622 717 2693 ἁπλότης
773 2626 1007 2680 ἐνταῦθα
1047 2630 1108 2681 ού
1152 2631 1252 2700 τὴν
1281 2633 1487 2704 συνήθη
1521 2635 1667 2704 δηλοῖ

1863 2638 2029 2682 :erant
2067 2628 2257 2692 multa,
2283 2625 2508 2682 didicit:
2541 2625 2754 2681 Suiﬁcit
2781 2624 2879 2680 tibi
2907 2623 3076 2693 gratia
3109 2635 3247 2676 mea.
3274 2619 3373 2673 Hic

155 2708 256 2759 καθ’
279 2711 340 2780 ἠν
367 2712 585 2776 ἁπλοῦς
613 2732 696 2778 τις
729 2717 1042 2772 πεπλᾶσθαί
1069 2737 1259 2790 φησιν,
1283 2724 1419 2778 ἀλλὰ
1440 2725 1504 2778 τὸ
1531 2727 1665 2796 μονῆ

1858 2730 1983 2775 item
2024 2720 2349 2790 simplicitas
2386 2735 2491 2775 non
2529 2721 2671 2774 hanc
2701 2718 2973 2788 signiﬁcat
3003 2728 3368 2780 communem,

155 2817 232 2869 ρες
256 2803 342 2855 καὶ
371 2805 673 2859 ἀσύνθετον
704 2809 800 2862 καὶ
831 2811 1115 2865 ἀποίκιλον
1157 2815 1256 2881 τῆς
1287 2817 1449 2884 ἁγίας
1480 2817 1665 2888 Τριαδι

1866 2826 1953 2870 xta
2013 2831 2176 2885 quam
2217 2815 2413 2886 aliquis
2446 2817 2676 2885 simplex
2745 2815 2948 2869 dicitur
3013 2827 3135 2868 esse
3191 2813 3370 2872 lictus,

154 2891 238 2958 κῆς
273 2893 547 2959 ἐξουσίας.
585 2897 651 2951 Ἡ
703 2899 760 2952 δὲ
815 2900 1037 2965 ἐξουσία
1091 2905 1150 2957 ἐν
1185 2904 1399 2970 τούτοις
1453 2908 1553 2962 οὐκ
1603 2911 1664 2963 ἑτι

1867 2907 1896 2961 d
1930 2915 2132 2962 sanctae
2153 2904 2439 2962 Trinitatis
2481 2905 2800 2962 substantiae
2858 2907 3143 2968 unitatem,
3169 2900 3377 2970 absque

152 2981 400 3054 δυνάμεως
433 2988 622 3052 ἁπλῶς
652 2992 1204 3061 κυριολεκτεῖται,ὼς
1225 2995 1533 3065 είθίσμεθα,
1561 3000 1658 3053 ἀλλ

1857 2997 2198 3067 impositione
2227 3008 2282 3051 et
2314 3001 2594 3054 varietate.
2632 2997 2690 3052 In
2726 2998 2808 3052 his
2860 3007 3042 3051 autem
3090 2992 3367 3066 ὴὲξουσία

157 3075 363 3140 μάλιστα
389 3080 586 3133 οὐσίαν
611 3081 763 3151 δηλοῖ
791 3082 1136 3155 ὲξοχωτάτην
1168 3086 1517 3156 ὑπερούσιον,
1547 3090 1667 3162 ἧπεγ

1867 3106 1914 3144 in
1959 3089 2283 3158 simpliciter
2316 3091 2474 3160 juxta
2507 3104 2710 3145 morem
2752 3091 2818 3144 de
2867 3089 3105 3157 potentia
3163 3085 3377 3154 proprie

151 3165 272 3219 ἐστὶν
295 3173 322 3222 ό
352 3169 514 3237 Θεὸς,
551 3173 644 3242 τῆς
676 3173 751 3238 ἐξ
785 3177 1096 3245 προθέσεως
1126 3179 1220 3232 καὶ
1249 3178 1345 3233 νῦν
1375 3182 1661 3254 ὲπιτατικὴ

1865 3181 2023 3246 citur,
2073 3182 2166 3236 sed
2200 3181 2377 3250 potius
2423 3180 2786 3235 substantiam
2841 3179 3046 3232 indicat
3109 3183 3375 3244 praestan-

151 3255 381 3328 δηλούαης
421 3263 722 3334 ὑπεροχὴν,
757 3266 832 3328 ὡς
856 3269 948 3321 καὶ
993 3269 1054 3320 ἐν
1092 3268 1190 3338 τῷ,
1228 3269 1569 3340 ἐξώγκωται,
1599 3292 1661 3327 κα

1862 3273 2070 3328 tsimam
2127 3285 2181 3327 et
2229 3273 2829 3342 supersubstantialem,
2893 3286 3015 3339 qua;
3061 3268 3203 3324 Deus
3270 3273 3372 3329 est,

152 3352 200 3404 ἐν
223 3354 294 3425 τῷ
321 3357 580 3420 Ἔκδικος
611 3360 640 3411 ὁ
671 3360 808 3428 ἄγαν
853 3362 1085 3426 δίκαιος,
1129 3364 1224 3417 καὶ
1256 3366 1314 3417 ὲν
1339 3369 1449 3430 τοῖς
1467 3369 1662 3436 ὁμοίοις

1858 3361 2078 3431 ὀροείια
2146 3361 2409 3431 particula
2467 3362 2528 3426 ἐξ
2586 3362 2749 3417 etiam
2802 3375 2950 3414 nunc
3007 3357 3368 3412 ordinativam

152 3446 256 3512 περὶ
279 3440 349 3501 ὧν
375 3451 830 3521 προγέγραπται.
866 3453 940 3506 Τὸ
971 3454 1030 3507 δὲ
1056 3455 1116 3507 ὲν
1149 3457 1250 3526 μιᾷ
1281 3457 1419 3527 πρὸς
1453 3460 1514 3512 τὸ
1537 3463 1657 3530 τρίτ

1863 3452 2142 3522 guiticante
2188 3452 2526 3522 superiorem
2555 3451 2895 3523 dignitatem,
2939 3450 3082 3504 sicut
3113 3449 3170 3501 in
3214 3449 3318 3500 hoc
3360 3463 3373 3499 :

149 3535 320 3607 ἀφορᾷ,
356 3541 453 3595 ἴνα.
500 3541 712 3611 νοῶμεν
747 3542 824 3607 ὡς
870 3544 992 3600 τότε
1027 3546 1129 3614 μὲν
1176 3547 1236 3600 αἱ
1267 3550 1420 3618 τρεῖς
1460 3544 1601 3622 ὧραι
1639 3571 1659 3606 1

1868 3542 2142 3611 ὠγκωται,
2169 3554 2222 3597 et
2249 3543 2304 3597 in
2329 3545 2431 3598 hoc
2461 3560 2475 3597 :
2513 3543 2726 3604 ἔκδικος
2761 3541 2875 3612 (qui
2903 3540 3065 3594 nimis
3083 3535 3292 3606 justus)
3324 3545 3378 3589 et.

148 3631 561 3696 τριουπόστατον
615 3634 995 3706 ὕπεσήμαινον
1045 3638 1147 3705 τῆς
1183 3638 1460 3710 θεότητος,
1500 3641 1596 3696 νῦν
1643 3643 1658 3695 ί

1901 3635 2189 3703 similibus,
2225 3636 2291 3690 de
2315 3636 2516 3706 quibus
2545 3643 2672 3690 ante
2704 3633 2968 3702 scriptum
2994 3641 3100 3686 est.
3141 3628 3254 3683 Hoc
3277 3643 3379 3683 au-

149 3718 256 3786 ‘Rap’
285 3722 417 3790 ἡμῖν
457 3725 515 3775 ὲν
568 3724 670 3793 μιᾷ
695 3725 952 3796 Κυριακῇ
1002 3726 1065 3778 τὸ
1108 3727 1314 3780 ἁπλοῦν
1361 3728 1453 3781 καὶ
1501 3729 1659 3784 ἑνιαῖε

1868 3742 1913 3782 m
1944 3766 1961 3792 ,
2011 3729 2070 3780 ἐν
2107 3730 2226 3798 μιᾷ,
2289 3729 2356 3782 ad
2424 3728 2529 3783 hoc
2583 3727 2760 3797 τρίτη,
2808 3724 3050 3794 respicit,
3106 3733 3166 3777 ut
3215 3722 3378 3775 intel-

150 3809 229 3878 τῆς
253 3813 556 3884 εἰρημένης
577 3815 829 3879 ἐξουσίας
857 3816 1136 3886 δηλοῦται.

1871 3833 2041 3886 tamus
2086 3829 2214 3875 tunc
2265 3819 2481 3889 quidem
2521 3820 2698 3874 tribus
2715 3815 3049 3873 horisinnui
3075 3813 3381 3871 Divinitatis

149 3904 446 3973 trinitatem,
481 3923 628 3962 nunc
669 3923 800 3963 vero
845 3909 988 3978 apud
1032 3924 1132 3964 nos
1165 3911 1224 3962 ἐν
1297 3913 1397 3981 μιᾷ
1449 3912 1701 3984 κυριακῇ
1741 3911 1762 3983 (
1787 3926 1892 3966 una
1913 3912 2124 3967 dierum
2162 3913 2462 3982 Dominica)
2535 3910 2942 3980 simplicitatem
3008 3920 3064 3964 et
3115 3910 3380 3964 unitatem

149 3996 279 4053 dicta.-
306 4000 669 4070 pmcellentis
735 4001 1056 4057 substantia:
1099 4004 1484 4058 demonstrari.
3224 4018 3226 4020 ’

209 4089 327 4159 ροθ¹.
381 4091 475 4151 Ἐν
507 4089 565 4141 δὲ
595 4088 700 4158 τῷ,
732 4091 882 4155 Υἱὸς,
920 4091 1131 4162 Πατὴρ,
1167 4094 1265 4146 καὶ
1286 4093 1512 4162 Πνεῦμα
1548 4094 1698 4147 εὐλο-

1879 4091 2001 4146 179.
2029 4091 2087 4146 lu
2115 4092 2220 4144 hoc
2249 4101 2455 4146 autem:
2481 4089 2670 4152 Filius,
2687 4089 2866 4154 Pater,
2887 4098 2938 4143 ct
2957 4088 3377 4158 Spiritusﬂ'tbg,

147 4181 288 4248 γητὸς
327 4179 396 4246 ei,
432 4182 655 4252 νοητέον
699 4182 797 4252 μὲν
852 4184 1141 4248 Ἀττικῶς,
1169 4180 1242 4238 Ὦ
1269 4185 1387 4250 Υἱὲ,
1413 4180 1459 4240 ὦ
1495 4188 1694 4256 Πάτερ,
1805 4188 2015 4259 Πατὴρ,
2035 4187 2131 4240 καὶ
2191 4187 2441 4254 Πνεῦμα,
2495 4187 2785 4256 εὐλογητὸς
2835 4182 2905 4250 εί,
2934 4187 3113 4239 Attice
3161 4184 3379 4254 quidem

147 4265 184 4322 ὧ
209 4273 443 4343 Πνεῦμαο
489 4274 812 4342 συννοητὲον
841 4275 898 4328 δὲ
928 4278 1024 4330 καὶ
1051 4277 1134 4329 ὅτι
1154 4278 1238 4344 τὸ,
1267 4277 1578 4348 Εὐλογητὸς
1619 4275 1657 4331 εἲ

1870 4280 2149 4351 gitandum
2179 4290 2263 4334 est
2305 4272 2351 4332 ὦ
2381 4279 2495 4344 Υίὲ,
2537 4273 2583 4330 ῶ
2610 4278 2811 4348 Πάτερ,
2844 4273 2888 4331 ὦ
2921 4277 3148 4346 Πνεῦμα
3181 4295 3192 4330 :
3219 4274 3380 4331 simul

147 4367 400 4436 ἱπηνέχθη
427 4367 626 4429 ἑνικῶς
654 4370 767 4427 τοῖς
795 4368 1000 4435 τρισὶν,
1029 4368 1102 4429 ὡς
1121 4370 1282 4438 εἴπερ
1311 4363 1487 4437 εἶπεν,
1529 4371 1657 4423 Εὐλο

1867 4381 1987 4427 item
2038 4381 2122 4426 est
2157 4371 2568 4440 intelligendum
2635 4372 2780 4440 quod
2842 4371 2892 4424 id
2930 4387 2942 4423 :
2985 4369 3276 4438 εὐλογητὸς
3307 4362 3377 4431 εί,

147 4456 283 4521 γητοί
315 4459 463 4521 ἐστε,
509 4457 648 4525 πρὸς
694 4456 924 4525 δήλωσιν
955 4457 1050 4510 τοῦ
1101 4458 1223 4510 κατ’
1252 4459 1442 4513 οὐσίαν
1490 4461 1657 4515 ἑνιαίο

1866 4469 1869 4516 i
1919 4473 2028 4518 tres
2070 4464 2420 4532 singulariter
2469 4449 2736 4533 prolatum
2783 4474 2886 4528 est,
2930 4463 3086 4534 quasi
3134 4462 3376 4516 dixerit:

147 4545 325 4601 αὐτῶν.
347 4549 497 4602 Μίαν
523 4547 632 4614 γὰρ
656 4550 1042 4618 τριπρόσωπον
1067 4554 1232 4618 φύσιν
1281 4555 1374 4606 καὶ
1400 4557 1427 4603 ὁ
1455 4557 1657 4608 τοιοῦτο

1869 4555 2086 4625 λογητοί
2134 4558 2282 4620 ἐστε,
2315 4555 2584 4610 bettediCti
2652 4555 2804 4618 estis,
2867 4556 2933 4608 ad
2988 4553 3378 4609 ostendendam

148 4635 278 4705 δηλοῖ
320 4642 725 4710 σχηματισμός.
783 4641 876 4710 Μὴ
908 4643 1250 4708 θαυμαστέον
1288 4645 1345 4698 δὲ
1402 4648 1450 4698 εἰ
1501 4649 1658 4717 προτέ

1870 4663 1997 4701 τυιιι
2043 4650 2362 4703 substantia:
2393 4649 2654 4704 unitatem
2687 4668 2700 4703 :
2737 4665 2898 4702 uuam
2934 4650 3079 4703 cnint
3115 4649 3168 4702 in
3208 4646 3380 4700 tribus

146 4745 316 4784 τακται
346 4733 475 4797 Υἱὸς
521 4735 758 4788 ἐνταῦθα
798 4735 892 4788 τοῦ
923 4736 1139 4806 Πατρὸς
1196 4735 1285 4790 διὰ
1337 4738 1438 4806 τὴν
1469 4740 1656 4794 ἀκολου

1871 4742 2048 4796 rsouis
2115 4731 2366 4795 naturam
2450 4742 2578 4796 talis
2641 4742 2814 4796 forma
2856 4742 3215 4796 demonstrat.
3260 4737 3377 4794 Non

150 4817 254 4872 θίαν
279 4822 378 4892 τῆς
405 4825 802 4893 ἁκροστιχίδος.
843 4827 904 4880 Et
953 4826 1064 4894 γὰρ
1098 4828 1193 4880 καὶ
1225 4827 1501 4896 εἰώθαμεν
1537 4830 1660 4896 εὐαγ

1869 4849 1930 4886 ro
1967 4833 2282 4887 mirandum
2318 4835 2362 4888 si
2399 4833 2570 4888 Filius
2618 4835 2708 4888 hic
2741 4834 2887 4903 prior
2926 4832 3092 4889 Patre
3124 4841 3379 4902 ponatur,

149 4912 363 4978 γελικῶς
411 4916 636 4984 Πατέρα
681 4917 886 4983 λέγειν,
931 4913 1051 4973 εἶτα
1097 4917 1248 4982 rem,
1279 4919 1374 4972 καὶ
1422 4921 1609 4989 τρίτον
1640 4941 1659 4975 1

1903 4924 2281 4980 acrostichidis
2301 4927 2575 4994 sequelam
2608 4927 2686 4981 :si
2716 4927 2860 4980 enim
2892 4928 3193 4982 secundum
3220 4941 3385 4978 evan-

150 5004 376 5076 Πνεῦμα,
412 5009 554 5063 κατὰ
586 5009 670 5076 τὸ,
702 5010 1068 5074 Βαπτίζοντες
1098 5011 1298 5074 αὐτοὺς
1325 5014 1405 5075 είς
1433 5015 1496 5066 τὸ
1532 5014 1660 5084 ὄνομ

1893 5015 2002 5068 ium
2053 5018 2434 5071 consuevimus
2473 5017 2656 5071 dicere
2681 5017 2919 5081 Patrem,
2961 5018 3158 5072 deinde
3183 5006 3403 5070 Filium'

147 5096 230 5150 τοῦ
273 5101 503 5172 Πατρὸς,
557 5102 652 5155 καὶ
683 5103 780 5157 τοῦ
817 5102 971 5168 Υίοῦ,
1001 5104 1098 5157 καὶ
1129 5103 1226 5157 τοῦ
1263 5105 1420 5172 ἁγίου
1451 5107 1657 5176 Πνεῦμα

1889 5105 2050 5159 tertio
2118 5104 2404 5173 Spiritum,
2456 5106 2607 5172 iuxta
2656 5105 2802 5159 istud
2837 5122 2853 5158 :
2884 5101 3228 5175 Baptizantes
3282 5119 3377 5158 eos

148 5204 248 5254 τος.
296 5194 442 5260 ὅμως
493 5194 697 5249 κωλύει
750 5196 906 5250 οὐδὲν
941 5196 1085 5250 κατὰ
1134 5195 1236 5258 τὰς
1281 5196 1392 5250 τῶν
1445 5198 1658 5267 Πατέρα

1905 5196 2126 5250 nomine
2156 5196 2361 5259 Patris,
2388 5206 2443 5250 et
2488 5195 2632 5262 Filii,
2669 5208 2723 5250 et
2747 5197 2984 5265 Spiritus
3011 5199 3211 5260 sancti,
3251 5197 3385 5250 nihil

147 5282 458 5346 παραδόσεις
502 5286 598 5337 καὶ
637 5285 730 5338 τὸν
764 5285 892 5339 Υίὸν
957 5287 1293 5357 προτάσσειν
1328 5287 1425 5340 καὶ
1451 5286 1514 5339 τὸ
1545 5287 1657 5355 ἄγα

1871 5301 1984 5340 men
2017 5289 2198 5342 obstat
2221 5287 2375 5354 juxta
2408 5288 2630 5342 Patrum
2663 5288 3010 5353 traditiones,
3045 5292 3197 5359 quin,
3233 5287 3381 5342 salva

148 5372 354 5444 Πνεῦμα
381 5378 640 5448 ὀρθότητι
685 5381 956 5448 ἑννοιακῇ,
991 5380 1078 5432 διὰ
1109 5381 1171 5432 τὸ
1202 5379 1301 5449 τῆς
1340 5381 1501 5448 ἁγίας
1541 5384 1658 5450 Τρις

1872 5389 1953 5432 cta
1989 5379 2116 5441 ﬁde,
2154 5379 2308 5446 prius
2349 5381 2543 5434 ordine
2569 5390 2803 5449 ponatur
2864 5380 3036 5435 Filius
3068 5389 3121 5434 et
3146 5379 3382 5448 Spiritus

147 5463 226 5526 δος
251 5467 334 5536 ἐφ’
361 5471 568 5523 ἅπασιν
593 5471 878 5539 ὁμότιμον,
912 5476 1010 5524 καὶ
1045 5472 1166 5524 οὐδὲ
1193 5490 1243 5524 τι
1277 5472 1474 5540 φθόνου
1507 5478 1657 5528 satiat

1873 5479 2056 5532 nctus,
2095 5473 2222 5540 quia
2255 5472 2395 5540 quod
2422 5473 2486 5524 ad
2531 5484 2776 5528 sanctam
2821 5471 3143 5525 Trinitatem
3194 5471 3383 5524 attinet

151 5557 360 5625 ρόμενον
392 5561 515 5614 οὐδὲ
554 5564 615 5613 ἐν
660 5563 786 5624 ταῖς
831 5561 1111 5624 τοιαύταις
1140 5563 1263 5615 κατ’
1297 5562 1467 5634 ὄνομα
1501 5585 1661 5639 προτο

1867 5560 2045 5612 usdem
2077 5569 2159 5612 est
2177 5561 2456 5630 dignitatis
2483 5563 2534 5616 in
2575 5564 2855 5622 omnibus,
2880 5575 2933 5614 et
2955 5576 3020 5614 ex
3059 5559 3146 5613 his
3195 5561 3377 5613 numi-

149 5649 280 5712 ’ταῖς
311 5649 337 5701 ὃ
367 5655 507 5722 μήτε
539 5654 810 5717 ὑπονοεῖν,
850 5655 988 5724 μήτε
1012 5653 1192 5721 λέγειν
1233 5657 1386 5725 ἀνδρὶ
1410 5675 1658 5728 χριστιαν

1872 5669 1939 5705 un
1995 5653 2476 5722 praepositionibus
2540 5654 2674 5708 nihil
2719 5652 2967 5706 invidiosi
3026 5653 3382 5718 consequitur

151 5738 363 5806 γένοιτο,
406 5743 469 5796 εὖ
515 5745 677 5798 είόότι
741 5745 817 5816 μὴ
863 5746 944 5798 ὅτι
994 5762 1056 5813 γε
1089 5748 1183 5799 τοῦ
1235 5747 1394 5817 Θεοῦ,
1447 5750 1585 5804 ἀλλὰ
1617 5769 1661 5806 κς

1873 5749 1955 5801 tod
2000 5761 2184 5816 neque
2218 5747 2515 5817 suspicari,
2554 5761 2733 5815 neque
2761 5745 2942 5800 dicere
2969 5744 3252 5814 contingat
3287 5748 3383 5798 ho-

155 5831 338 5894 παντὸς
365 5834 575 5902 ἀγαθοῦ
607 5836 800 5906 ἀνδρὸς
835 5836 1114 5909 ἐξόριστον
1142 5833 1282 5894 εἶναι
1315 5841 1374 5892 τὸ
1409 5857 1440 5875 ι·
1468 5843 1584 5908 ’λδος
1611 5861 1665 5899 το

1874 5839 1944 5893 ini
2003 5838 2328 5905 christiano,
2382 5844 2517 5894 bene
2556 5839 2746 5894 scienti
2799 5836 2945 5905 quod
2981 5851 3089 5890 nou
3146 5837 3318 5892 solum
3357 5853 3384 5892 α

153 5918 351 5986 φθάνον.
1814 5931 1944 5996 Deo,
1981 5931 2072 5986 sed
2099 5932 2167 5986 ab
2201 5932 2352 5987 omni
2404 5930 2624 5987 homine
2674 5930 2846 6000 probo
2899 5931 3084 6001 procul
3128 5930 3286 5987 abest
3306 5932 3384 5988 in.

1823 6023 1972 6079 vidia:
2023 6023 2229 6095 passio.
