3760 6566
406 357 513 421 693

1128 365 1552 428 EUSTATHII
1587 369 2336 436 THESSALONICENSIS
2358 377 2915 442 METROPOLIT‘E
3603 397 3630 459 6

401 482 508 520 non
539 465 678 532 dixit
700 468 906 527 :.Solvit
938 470 1142 529 vincula
1169 476 1483 546 irroratqua
1504 476 1778 554 ﬂammam
1799 481 1824 534 6
1843 497 1976 550 πυρ-

2085 485 2201 541 λῦει
2247 487 2422 558 δεσμὰ
2474 489 2566 542 καὶ⁴
2603 482 2842 558 δροσὶζει
2896 475 3070 561 φλόγα
3117 496 3145 547 ὁ
3195 498 3510 572 πυρτοειδὴς
3549 505 3630 572 τῆς

405 563 612 633 σοειδὴς
643 566 744 630 τῆς
769 563 1032 636 θεαρχίας
1063 569 1260 632 τύπος,
1284 570 1372 624 vel
1415 569 1562 624 aliud
1593 571 1722 638 quid
1781 571 1983 638 simile,

403 651 496 706 sed
530 653 558 705 6
587 657 1014 727 τρισσοφεγγὴς,
1057 659 1281 727 pulchre
1325 674 1660 728 componens
1686 669 1740 716 et
1773 661 1844 714 ibi
1895 661 1982 714 di-

401 743 634 799 ctionem
671 747 853 813 istam,
877 760 929 802 ut
950 761 1033 805 est
1059 752 1161 805 sibi
1189 752 1416 807 charum
1441 769 1453 804 :
1484 753 1683 820 φέγγος
1705 754 1848 807 enim
1873 769 1983 808 non

403 838 534 901 urit,
564 839 657 894 sed
690 841 986 896 illuminat.
1017 840 1431 899 Observandum
1481 855 1566 901 est
1597 854 1781 900 autem
1812 847 1869 900 in
1901 856 1982 900 ta-

405 927 567 991 libus.
588 933 733 1000 quod
759 933 803 987 si
840 943 1000 1004 typus
1038 935 1126 990 ille
1159 946 1239 990 ter
1262 935 1456 992 lucida:
1477 939 1757 1006 potestatis
1789 939 1984 994 divinae

405 1020 520 1075 haec
545 1037 856 1090 portentose
889 1026 1036 1092 fecit,
1076 1037 1276 1097 quanta
1303 1029 1623 1084 miraculose
1656 1031 1828 1098 possit
1857 1043 1984 1098 ope-

319 1151 324 1154 .
408 1113 521 1167 rari
573 1126 702 1186 typo
752 1118 980 1188 ﬁgurata
1010 1119 1264 1192 Θεαρχία,
1297 1120 1457 1190 cujus
1482 1133 1643 1192 typus
1667 1123 1794 1177 talia
1819 1123 1980 1178 valet.

405 1202 672 1270 Quoniam
709 1220 887 1264 autem
937 1212 1050 1280 ipse
1093 1220 1251 1282 typus
1281 1214 1538 1284 mysterio
1560 1215 1762 1285 pariter
1799 1217 1984 1271 incar-

408 1299 654 1354 nationis
693 1313 908 1369 aptatur
931 1305 1100 1358 relate
1128 1305 1194 1359 ad
1218 1307 1660 1376 augustissimam
1705 1308 1981 1378 Virginem

403 1385 654 1454 Matrem,
686 1405 808 1460 quae
839 1393 1057 1462 quidem
1085 1399 1288 1466 recepit
1327 1397 1629 1454 divinitatis
1656 1400 1856 1469 ignem,
1882 1416 1983 1455 nec

406 1487 588 1534 tamen
623 1482 721 1536 fuit
754 1497 1101 1556 consumpta.
1163 1489 1512 1560 cogitandum
1565 1501 1650 1548 est
1698 1493 1862 1546 etiam
1913 1493 1983 1547 de

405 1572 746 1642 praeﬁgurata
776 1587 964 1633 sancta
1021 1581 1273 1650 Deipara.
1339 1584 1514 1652 qualis
1575 1597 1656 1639 est
1719 1585 1878 1640 nobis
1929 1597 1983 1640 et

404 1667 582 1735 qualis
607 1668 711 1721 erit
738 1680 1059 1740 perpetuum
1086 1674 1140 1727 in
1165 1675 1422 1739 salutem,
1449 1677 1766 1745 passionum
1820 1677 1979 1731 ﬂam-

400 1772 520 1812 mas
553 1761 927 1830 exstinguens,
986 1774 1039 1819 et
1091 1780 1256 1821 omne
1299 1767 1579 1822 vinculum
1628 1769 1974 1838 compedetn-

2090 580 2352 651 θεαρχίας
2397 580 2584 644 τύπος,
2621 582 2653 651 ἢ
2699 583 2827 635 ἀλλο
2876 601 2925 636 τι
2977 585 3238 650 τοιοῦτον,
3268 585 3401 639 ἀλλά
3432 590 3457 640 6
3500 608 3630 661 τριο-

2090 676 2386 744 σοιρεγγής·
2420 676 2635 738 συνθεὶς
2677 677 2859 740 καλῶς
2907 676 3189 731 κάνταῦθα
3245 679 3346 748 τὴν
3390 681 3542 748 λέξιν,
3567 686 3626 750 ὡς

2063 767 2242 834 ,φίλον
2292 767 2462 835 αὐτῷ’
2497 769 2698 834 φέγγος
2750 770 2862 835 γὰρ
2907 769 2970 821 οὐ
3021 771 3189 829 καίει.
3232 771 3369 824 ἀλλὰ
3414 776 3629 839 φωτίζεισ

2087 863 2386 931 ἐπιστῆσαι
2423 863 2479 914 δὲ
2511 863 2615 932 χρὴ
2652 865 2709 914 ὲν
2740 864 2952 925 τούτοις
3001 862 3077 926 ὡς
3119 864 3222 917 κᾶν
3255 865 3428 926 τύπος
3458 867 3631 934 ἐκεῖνος

2086 955 2184 1022 τῆς
2219 955 2653 1024 τρισσοφεγγοῦς
2699 955 2962 1025 θεαρχίας
3007 955 3236 1009 τοιαῦτα
3285 958 3630 1031 ἐθαυματούρ-

2087 1067 2276 1120 γησεν,
2309 1051 2473 1121 ἡλίκα
2503 1051 2613 1120 ἔχει
2653 1055 3047 1121 τερατουργεῖν
3073 1055 3106 1122 ἠ
3140 1054 3458 1124 τυπουμένη
3499 1056 3632 1126 θεαρ-

2085 1146 2198 1214 χία,
2249 1139 2319 1216 ἧς
2369 1146 2398 1196 6
2442 1137 2613 1207 τύπος
2664 1145 2895 1198 τοιαῦτα
2954 1145 3152 1216 ἰσχύει.
3197 1146 3355 1201 Ἐπεὶ
3414 1147 3469 1200 δὲ
3525 1151 3632 1204 αὐτὸ

2083 1236 2325 1304 τύπωμα
2363 1238 2452 1288 καὶ
2482 1237 2560 1303 τῷ
2596 1238 2880 1307 μυστηρίῳ
2913 1239 3010 1308 τῆς
3045 1239 3318 1308 ἐνσάρκου
3348 1240 3632 1310 οἰκονομίας

2087 1329 2420 1398 ἀρμόττεται
2447 1327 2526 1396 τῷ
2560 1329 2702 1380 κατά
2729 1329 2830 1396 τὴν
2862 1329 3139 1396 πάναγνον
3171 1331 3631 1400 Μητροπάρθενον,

2083 1419 2388 1488 δεξαμένην
2422 1421 2524 1486 μὲν
2569 1420 2630 1471 τὸ
2670 1420 2772 1489 τῆς
2801 1420 3056 1490 θεότητος
3086 1421 3215 1489 πῦρ,
3246 1421 3308 1473 οὐ
3341 1422 3451 1490 μὴν
3491 1440 3631 1476 κατα-

2084 1511 2433 1581 φλεχθεῖσαν,
2487 1515 2810 1580 συννοητέον
2862 1515 2954 1566 καὶ
3001 1515 3099 1582 τὴν
3152 1519 3630 1585 προτετυπωμὲνην

2081 1603 2245 1669 ἁγίαν
2271 1603 2562 1677 Θεοτόκον⁹
2585 1605 2746 1655 ὁποία
2789 1603 2884 1655 καὶ
2934 1604 3080 1656 ἔστιν
3112 1606 3243 1673 ἡμῖν
3288 1607 3386 1658 καὶ
3416 1607 3553 1658 ἔσται
3577 1608 3633 1660 δι’

2082 1693 2276 1753 αἰῶνος
2295 1691 2378 1755 εἰς
2400 1691 2690 1761 σωτηρίαν,
2715 1693 2922 1762 φλόγας
2942 1711 3001 1745 τε
3027 1693 3370 1764 παθημάτων
3395 1697 3634 1748 ἀποσϐεν-

2083 1783 2242 1849 νῦσα,
2270 1783 2362 1836 καὶ
2385 1783 2566 1836 κλοιὸν
2598 1784 2798 1848 πάντα,
2831 1785 2923 1836 καὶ
2961 1785 3300 1854 ποδοκάκην,
3341 1788 3440 1839 καὶ
3474 1785 3632 1840 λοιπὸν

399 1863 508 1916 que
537 1864 603 1904 ac
623 1861 875 1907 cmtcram
904 1857 1352 1912 constrictionem
1409 1858 1716 1914 lethil‘eram
1774 1861 1976 1914 animae

2085 1845 2319 1942 σφιγμδν
2361 1874 2695 1946 ψυχόλεθρον
2727 1845 2949 1931 iduum.

395 1943 637 1999 solvens.

471 2035 594 2092 185.
616 2036 731 2093 lloc
761 2054 890 2096 vero
931 2041 1164 2099 :Omnis
1187 2054 1437 2100 creatura
1489 2061 1517 2098 a
1589 2045 1699 2098 Deo
1761 2044 1976 2099 condita

398 2127 844 2186 benedicitillum
867 2134 958 2203 qui
994 2133 1144 2190 solus
1163 2145 1248 2190 est
1296 2133 1564 2200 Salvator,
1626 2144 1681 2190 et
1744 2136 1976 2205 reliqua,

397 2221 778 2290 interpretatio
815 2237 900 2280 est
919 2225 1215 2283 locutionis
1243 2246 1256 2283 :
1319 2229 1642 2284 Benedictus
1671 2227 1838 2294 Deus,
1865 2243 1973 2282 non

396 2329 428 2366 a
461 2313 662 2370 talibus
694 2316 905 2371 scilicet
942 2325 997 2372 et
1025 2319 1249 2386 talibus,
1273 2320 1370 2375 sed
1415 2325 1486 2375 ab
1511 2320 1661 2375 omni
1691 2329 1974 2383 creatura,

395 2405 514 2460 sive
537 2409 607 2462 ab
634 2409 891 2465 omnibus
916 2411 1178 2479 operibus
1200 2411 1436 2475 Domini,
1475 2413 1615 2468 sicut
1636 2427 1780 2468 nona
1833 2415 1978 2482 psal-

397 2497 459 2552 lit
492 2499 615 2562 ode,
642 2501 876 2556 multum
909 2503 1087 2559 vivide
1112 2503 1412 2572 disponens
1443 2520 1635 2561 eorum
1657 2505 1973 2576 partes,ubi

396 2604 528 2646 sunt
558 2591 732 2662 ipsius
753 2594 1066 2651 sacerdotes
1121 2605 1177 2650 et
1235 2597 1400 2661 servi,
1451 2596 1749 2653 familiares
1814 2599 1975 2653 amici

402 2683 581 2738 sancti
627 2685 859 2754 apostoli
888 2686 1302 2742 sacerdotaliter
1331 2687 1434 2756 ipsi
1497 2688 1890 2754 ministrantes,
1922 2696 1977 2742 et

403 2775 480 2829 ita
506 2774 632 2830 facti
663 2776 898 2848 liturgici
967 2778 1220 2847 spiritus,
1244 2778 1443 2848 pravis
1475 2778 1687 2834 visione
1717 2780 1830 2834 noti
1856 2795 1974 2833 rna-

391 2883 504 2938 gno
530 2866 724 2933 David,
748 2871 845 2940 qui
867 2871 1096 2940 spiritus
1153 2871 1471 2942 speculatur
1531 2872 1756 2942 angelos
1797 2873 1889 2928 Dei
1921 2882 1979 2927 et

397 2960 673 3017 ﬂammant
701 2963 844 3033 ignis
878 2964 980 3034 ipsi
1011 2963 1388 3021 ministrantes
1413 2986 1428 3022 :
1458 2983 1580 3038 qua;
1599 2975 1747 3022 certe
1775 2980 1978 3020 conve-

397 3051 1009 3124 niuutintelligentibus
1060 3065 1227 3112 recta.
1280 3056 1486 3112 Previa
1549 3068 1732 3114 autem
1783 3073 1972 3113 eorum

2154 2068 2299 2131 ρπγ’.
2323 2062 2397 2115 Τδ
2419 2063 2474 2116 δέ
2500 2079 2512 2092 ·
2547 2063 2613 2116 Ἥ
2639 2061 2899 2132 σύμπασα
2927 2066 3100 2127 κτίσις
3129 2069 3162 2134 ὴ
3197 2065 3636 2138 δημιουργηθεὴιι

2081 2151 2298 2219 εὐλογεῖ
2323 2152 2417 2204 τὸν
2450 2155 2612 2220 μόνον
2659 2152 2890 2222 Σωτῆρα
2919 2154 3016 2205 καὶ
3046 2153 3191 2220 ἑξῆς,
3239 2152 3509 2224 ἑρμηνεία
3539 2154 3638 2210 ἐστὶ

2080 2241 2194 2304 τοῦ,
2235 2243 2542 2312 Εὐλογητὸς
2577 2244 2606 2295 ὁ
2656 2244 2811 2308 Θεὸς,
2866 2245 2965 2314 οὐχ
3013 2245 3119 2298 ὑπὸ
3176 2244 3346 2299 τῶνδε
3402 2245 3435 2316 ἢ
3494 2245 3635 2298 τῶνδε

2079 2333 2302 2403 δηλαδὴ,
2335 2334 2452 2387 ἀλλ’
2478 2335 2584 2387 ὖπδ
2615 2335 2797 2405 πάσης
2826 2337 3079 2400 κτίσεως,
3110 2339 3279 2408 ἤγουν
3309 2337 3414 2390 ὑπὸ
3445 2339 3635 2390 πάντων

2080 2425 2190 2478 τῶν
2220 2425 2316 2479 τοῦ
2351 2425 2557 2496 Κυρίου
2587 2428 2787 2496 ἔργων,
2815 2429 2953 2498 ὼςή
2985 2429 3146 2500 ὀγδόη
3181 2429 3379 2498 ψάλλει
3423 2430 3550 2500 ᾠδή·
3575 2423 3634 2482 ὧν

2078 2517 2149 2568 τὰ
2182 2518 2323 2569 κατά
2375 2517 2538 2587 μέρος
2591 2519 2728 2588 αὐτὴ
2759 2518 3106 2582 διασκευάζει
3149 2521 3294 2573 πάνυ
3325 2523 3558 2591 γοργῶς·
3587 2523 3634 2574 ὲν

2081 2603 2165 2672 οἷς
2207 2610 2259 2662 oi
2290 2608 2457 2661 αὐτοῦ
2489 2610 2656 2678 ἱερεῖς
2704 2610 2800 2664 καὶ.
2835 2610 3034 2671 δοῦλοι.
3080 2613 3178 2664 καὶ
3222 2613 3492 2664 οἱκειακοὶ
3513 2611 3633 2680 φίλοι

2079 2698 2224 2764 ἅγιοι
2273 2699 2587 2764 ἀπόστολοι,
2637 2699 3084 2771 λειτουργοῦντες
3129 2701 3279 2772 αὐτῷ
3339 2702 3629 2771 ίερατικῶς,

2076 2789 2172 2841 καὶ
2197 2788 2340 2842 οὓτω
2369 2789 2718 2858 λειτουργικὰ
2749 2789 2901 2853 ὄντες
2931 2793 3238 2858 πνεύματα,
3271 2790 3632 2858 γινωσκόμενα

2077 2883 2460 2952 προορατικῶς
2508 2885 2604 2934 καὶ
2651 2883 2730 2950 τῷ
2783 2883 3006 2954 μεγάλῳ
3051 2883 3239 2950 Δαεὶδ,
3274 2883 3334 2946 ὃς
3369 2882 3630 2952 πνεῦματα

2078 2974 2278 3044 θεωρεῖ
2307 2975 2435 3036 τοὺς
2474 2973 2570 3026 τοῦ
2601 2973 2734 3026 Θεοῦ
2784 2975 3072 3042 ἀγγέλους,
3119 2976 3214 3028 καὶ
3263 2975 3439 3044 φλόγα
3487 2974 3632 3043 πυρὸς

2075 3065 2202 3127 τοὺς
2257 3064 2710 3132 λειτουργοῦντας
2762 3066 2934 3134 αὐτῷ.
2978 3068 3044 3119 Ἀ
3075 3067 3142 3137 δὴ
3191 3067 3490 3137 ἐπιπρέπει
3537 3069 3631 3128 τοῖς

397 3145 598 3201 indicia
624 3157 805 3214 erant,
822 3163 888 3204 ex
914 3148 1128 3205 melodo
1151 3156 1468 3206 sanctorum
1533 3165 1853 3222 puerorum,
1885 3165 1968 3207 se-

2085 3156 2294 3209 νοοῦσιν
2337 3156 2494 3226 όρθά·
2529 3160 2871 3228 προμήνυμα
2903 3157 2960 3210 δὲ
3012 3157 3220 3211 τούτων
3267 3159 3332 3211 ἐκ
3383 3157 3485 3226 τῆς
3513 3158 3631 3209 κατά

395 3239 632 3294 cundum
691 3255 895 3295 nonam
946 3241 1109 3307 oden,
1159 3243 1351 3309 choro,
1413 3241 1624 3313 fulgura
1676 3255 1730 3298 et
1778 3244 1971 3308 nubes,

392 3345 516 3400 qum
544 3330 818 3387 canebant
843 3331 922 3387 illi
950 3333 1172 3388 camino
1195 3334 1359 3401 clusi,
1417 3335 1779 3405 praevidentes
1822 3351 1974 3406 sym-

393 3423 636 3480 bolicum
667 3423 832 3480 hodie
879 3423 1214 3480 celebratum
1258 3425 1445 3482 ﬂatum
1500 3437 1558 3482 et
1613 3428 1971 3498 igniculoram

394 3517 662 3574 visionem
687 3518 1024 3589 linguarum,
1052 3535 1284 3588 quarum
1315 3521 1626 3591 symbolum
1657 3537 1815 3578 erant
1868 3539 1972 3577 nu-

394 3611 843 3681 bes,opportuue
873 3610 1170 3681 spirituum
1201 3621 1428 3676 matres,
1445 3622 1499 3667 et
1523 3613 1841 3669 ﬂammifera
1875 3616 1977 3670 iul-

467 3793 593 3849 184.
637 3791 763 3850 Haec
789 3805 921 3850 sunt
941 3797 1074 3852 odes
1099 3810 1258 3851 nonae
1279 3815 1294 3863 ;
1318 3797 1523 3866 quibus
1569 3799 1977 3869 conjungendae

397 3894 530 3942 sunt
554 3884 627 3941 ibi
649 3886 941 3942 celebrate
973 3887 1066 3941 ius
1097 3897 1154 3942 et
1181 3888 1419 3944 tenebrae
1443 3903 1460 3955 ;
1484 3904 1580 3959 per
1609 3904 1748 3960 quas
1769 3890 1978 3960 signili-

398 3985 552 4034 catur
586 3979 733 4048 quod
771 3979 1052 4048 apostolici
1092 3980 1194 4034 viri
1245 3980 1539 4051 aliquando
1589 3997 1809 4052 quoque
1861 3981 1976 4038 Mo-

401 4071 553 4126 saico
580 4085 731 4125 more
757 4071 1144 4134 obscurantur,
1184 4081 1241 4126 ut
1279 4073 1454 4142 pritna
1484 4073 1588 4127 ode
1609 4075 1833 4129 canonis
1873 4076 1974 4129 do-

399 4163 532 4229 cuit,
561 4171 613 4218 ει
643 4162 837 4217 iterum
867 4162 1234 4233 resplendent,
1275 4164 1469 4232 utipse
1489 4167 1705 4234 copiose
1729 4167 1973 4221 tradidit.

400 4255 777 4324 Opportunum
804 4267 984 4309 autem
1025 4265 1110 4310 est
1137 4256 1294 4310 nobis
1317 4257 1404 4311 ltic
1448 4257 1632 4311 dicere
1656 4257 1706 4310 id
1743 4261 1889 4326 quod
1921 4260 1974 4312 in

401 4349 658 4416 apostolis
674 4349 974 4402 aethereum
989 4358 1072 4402 est
1095 4364 1156 4404 ac
1175 4349 1484 4419 spirituale,
1509 4349 1653 4403 neris
1674 4351 1978 4404 elevatione

401 4440 958 4510 subindicari:jnxta
981 4456 1144 4509 quam
1203 4443 1423 4496 sublimi
1477 4443 1660 4495 volatu
1719 4453 1976 4511 tanquam

2076 3249 2177 3319 τὴν
2210 3248 2406 3318 ὀγδόην
2453 3247 2599 3319 ᾠδὴν
2633 3249 2908 3319 ἐμμελοῦς
2957 3248 3067 3302 τῶν
3112 3249 3286 3316 ἁγίων
3328 3249 3530 3303 παίδων
3558 3265 3629 3319 χοι

2082 3339 2253 3406 ρείας,
2286 3339 2379 3392 καὶ
2411 3339 2695 3404 ἀστραπαὶ
2741 3339 2838 3391 καὶ
2879 3337 3126 3407 νεφέλαι,
3155 3338 3222 3402 ἃς
3253 3339 3456 3390 ἐκεῖνοι
3487 3356 3631 3406 xopt-

2079 3432 2360 3499 νευόμενοι
2391 3429 2639 3500 ἔψαλλον,
2679 3429 3059 3500 προορώμενοι
3101 3428 3202 3499 τὴν
3245 3431 3373 3495 ἄρτι
3410 3446 3631 3499 πανηγυο

2081 3521 2378 3590 ριζομίνην
2423 3520 2766 3591 συμϐολικὴν
2827 3521 3001 3592 πνοὴν
3049 3523 3145 3574 καὶ
3197 3521 3299 3590 τὴν
3355 3521 3628 3590 πυρσοειδῆ

2078 3615 2211 3667 θέαν
2242 3615 2352 3667 τῶν
2397 3613 2686 3680 γλωσσῶν,
2721 3606 2797 3668 ὧν
2846 3613 3120 3682 σύμϐολον
3149 3613 3372 3682 νεφέλαι
3418 3612 3628 3683 μητέρες

2079 3707 2408 3777 πνευμάτων
2438 3709 2496 3760 tv
2526 3707 2728 3777 καιρῷ,
2762 3709 2856 3760 καὶ
2896 3707 3176 3776 φλογωποὶ
3205 3707 3506 3776 ἀστραπαί.

2144 3800 2290 3870 .ρπδ⁹.
2333 3799 2520 3854 Ταῦτα
2547 3799 2611 3870 δὴ
2659 3799 2761 3868 τῆς
2795 3798 2990 3868 όγδῧης
3020 3797 3186 3869 ᾠδῆςο
3229 3793 3312 3860 οἷς
3364 3797 3624 3866 κολλητέον

2079 3894 2174 3945 καὶ
2197 3892 2259 3944 τὸ
2293 3891 2706 3962 μελῳδούμενον
2750 3892 2867 3942 ἐκεῖ
2897 3891 3012 3960 φῶς
3043 3894 3137 3943 καὶ
3168 3891 3377 3952 σκότος·
3415 3890 3530 3941 ἐπεί
3556 3906 3624 3942 τοι

2080 3986 2172 4036 καὶ
2205 3984 2394 4053 γνόφῳ
2427 3984 2523 4052 μὲν
2554 3983 2838 4052 σύστοιχον
2867 3982 2926 4034 τὸ
2965 3982 3252 4045 σκοτῶδες,
3281 3983 3556 4052 ἀστραπῆς
3578 3980 3625 4032 δὲ

2079 4075 2248 4143 ἀρετὴ
2280 4075 2341 4125 τὸ
2375 4074 2510 4141 φῶς⁸
2558 4072 2626 4126 δι’
2663 4066 2737 4124 ῶν
2784 4072 3039 4139 δηλοῦται
3085 4073 3158 4134 ὡς
3199 4073 3249 4126 oi
3307 4071 3628 4124 ἀποστολικοὶ

2077 4164 2270 4234 ἀκδρες
2299 4166 2394 4216 καὶ
2423 4163 2748 4231 γνοφοῦνταί
2787 4180 2913 4215 ποτε
2939 4164 3271 4229 Μωσαῖκῶς,
3308 4164 3379 4224 ὡς
3407 4161 3625 4233 ἡπρώτη

2084 4258 2193 4329 ᾠδὴ
2221 4259 2315 4312 τοῦ
2345 4260 2570 4322 κανόνος
2600 4257 2827 4323 ἐδίδαξε,
2859 4263 2955 4312 καὶ
2980 4260 3360 4330 φωσφοροῦσιν
3399 4255 3539 4321 αὖθις
3564 4259 3626 4318 ὼς

2080 4351 2243 4412 αὐτὸς
2273 4350 2520 4414 πλατέως
2548 4351 2833 4419 παρέδοτο.
2877 4349 3146 4418 Εὗκαιρον
3195 4352 3250 4402 δὲ
3307 4347 3436 4420 ἡμῖν
3476 4352 3624 4402 εἰπεῖν

2085 4440 2320 4494 ἐνταῦθα
2355 4441 2450 4493 καὶ
2484 4442 2566 4494 ὅτι
2614 4443 2674 4493 τὸ
2719 4441 3066 4511 συμϐολικῶς
3111 4444 3497 4510 πνευματικὸν,
3547 4440 3626 4492 καὶ

356 4529 362 4534 ’
399 4535 596 4604 aquilae
635 4545 921 4606 surgentes
951 4537 1052 4603 illi,
1091 4539 1144 4591 in
1197 4539 1517 4607 prtedictum
1581 4539 1976 4606 angustissimae

2087 4533 2328 4603 αἰθέριον
2374 4533 2482 4585 τῶν
2518 4534 2856 4600 ἀποστόλων,
2912 4536 3003 4586 καὶ
3052 4537 3084 4604 ἠ
3136 4535 3296 4604 ἁερία
3364 4533 3628 4602 συγκροτεῖ

405 4627 645 4697 ῡείριιινιε
673 4629 1083 4684 tabernaculum
1147 4631 1554 4700 requieverunt.
1585 4630 1792 4683 Dictum
1847 4647 1976 4686 vero

401 4718 509 4772 Τδν
543 4719 705 4788 μόνον
737 4721 987 4790 Σωτῆρα,
1018 4722 1249 4774 multum
1271 4731 1524 4775 accurate
1549 4721 1812 4786 scriptum
1843 4731 1926 4774 est
1957 4741 1971 4776 :

399 4812 542 4866 slcut
596 4813 741 4865 enim
765 4827 904 4865 unus
943 4820 1028 4867 est
1081 4811 1224 4866 Deus
1272 4813 1365 4880 qui
1409 4811 1550 4866 Deus
1588 4813 1817 4866 deorum
1871 4825 1975 4880 εει,

401 4917 657 4971 unusque
693 4902 957 4957 Dominus
986 4906 1077 4971 qui
1108 4903 1451 4958 dominorum
1481 4917 1566 4959 est
1591 4905 1868 4970 Dominus.
1897 4910 1978 4962 sic

399 4994 562 5048 etiam
621 5010 763 5049 unus
794 5005 878 5050 est
916 4996 1173 5060 Salvator,
1216 4995 1308 5062 qui
1365 4996 1697 5050 salvatorum
1729 4997 1978 5051 Salvator

402 5097 506 5140 est.
549 5085 759 5154 Reliqui
782 5101 913 5139 vero
955 5102 1021 5139 ex
1092 5085 1207 5154 ipse
1263 5101 1357 5153 per
1419 5087 1975 5140 communicationem

404 5184 533 5230 sunt
564 5178 892 5240 salvatores,
929 5175 974 5230 si
1009 5185 1220 5230 tantum
1251 5187 1332 5231 est
1389 5180 1535 5246 quod
1592 5181 1818 5233 salvcnl.
1876 5178 1975 5232 Dat

401 5280 581 5323 autem
613 5269 742 5322 mihi
777 5271 858 5323 sic
880 5268 1095 5322 dicendi
1130 5269 1424 5332 rationem,
1485 5271 1578 5339 qui
1612 5272 1836 5325 tradidit
1869 5288 1976 5326 non

399 5374 523 5413 esse
553 5358 1012 5414 coniidendumin
1045 5360 1411 5430 principibus,
1441 5361 1494 5414 itt
1533 5361 1661 5416 [iliis
1693 5364 1975 5416 hominum

400 5449 454 5502 in
487 5450 688 5518 quibus
709 5465 816 5505 non
850 5461 935 5507 est
958 5453 1129 5506 salus.
1161 5453 1317 5517 Quod
1351 5462 1532 5508 autent
1567 5469 1634 5508 ex
1661 5453 1976 5508 Gracorum

402 5539 580 5609 spinis
619 5541 760 5594 hanc
788 5540 1078 5596 salutarem
1144 5557 1324 5597 rosam
1387 5544 1796 5613 collegerimus,
1849 5555 1977 5597 ante

403 5634 668 5702 scriptum
700 5641 803 5686 est.
837 5633 1000 5687 Attici
1031 5648 1269 5705 namque
1303 5635 1463 5705 primi
1489 5635 1674 5691 JOVem
1709 5637 1980 5690 excellen—

405 5735 487 5777 ter
511 5723 833 5777 salvatorem
873 5724 1297 5794 inscripserunt.

473 5812 596 5868 185.
638 5814 698 5868 Ὀ
733 5815 1090 5886 παντουργός,
1136 5818 1278 5888 apud
1315 5828 1564 5875 recentes
1607 5819 1846 5888 quidem,
1915 5835 1977 5873 ex

2080 4626 2337 4695 ἔπαρσι,·
2373 4627 2439 4696 ἠν
2490 4627 2691 4678 ἐκεῖνοι
2731 4629 3014 4696 μετάρσιοι
3065 4628 3354 4696 πετόμενοι
3388 4627 3512 4678 ὡσεὶ
3548 4624 3625 4678 καὶ

2079 4718 2253 4781 ἀετοὶ,
2290 4719 2386 4771 ἐπὶ
2433 4719 2494 4770 τὸ
2530 4719 2629 4786 τῆς
2665 4721 2947 4787 πανάγνου
2986 4723 3255 4790 σκήνωμα
3291 4719 3625 4790 πρίκείμενον

2081 4811 2426 4880 Θεομήτορος
2474 4811 2810 4866 ἀνέπαυσαν.
2843 4812 2917 4864 Τὸ
2965 4812 3045 4878 δὲ,
3075 4812 3178 4866 Τόν
3205 4812 3366 4881 μόνον
3403 4811 3622 4879 Σωτῆρα.

2081 4903 2224 4954 πάνυ
2283 4903 2776 4972 συντετηρημένως
2819 4906 3153 4971 γέγραπται.
3199 4904 3290 4966 Ὠς
3340 4903 3446 4974 γὰρ
3492 4905 3626 4972 μόνος
3706 4905 3712 4910 ’

2080 4993 2211 5056 Θεὸς
2258 4997 2285 5046 6
2330 4995 2441 5048 τῶν
2472 4995 2609 5047 θεῶν
2644 4997 2798 5059 Θεὸς,
2840 4997 2934 5048 καὶ
2974 4998 3178 5066 Κύριος
3223 4999 3252 5049 ὁ
3297 4997 3406 5049 τῶν
3452 4996 3626 5066 κυρίων

2083 5086 2306 5154 Κύριος,
2356 5085 2499 5139 οὕτω
2543 5087 2638 5140 καὶ
2692 5089 2885 5159 Σωτὴρ
2951 5089 3111 5159 μόνος
3166 5092 3194 5142 6
3250 5089 3362 5142 τῶν
3396 5090 3627 5158 σωτήρων

2083 5179 2294 5248 Σωτήρ·
2330 5179 2378 5231 οἱ
2405 5179 2513 5248 γὰρ
2543 5179 2722 5231 λοιποὶ
2755 5181 2812 5244 ἐξ
2849 5181 3016 5232 αὑτοῦ
3050 5182 3296 5252 σωτῆρες
3329 5182 3463 5233 κατὰ
3488 5178 3624 5248 μετά-

2080 5273 2250 5337 δοσιν,
2288 5274 2336 5324 εἰ
2368 5271 2505 5334 τέως
2549 5275 2642 5324 καὶ
2695 5271 2955 5335 σώζουσι.
3007 5273 3202 5326 Δίδωσι
3251 5273 3308 5324 δέ
3362 5291 3451 5342 μοι
3495 5271 3625 5323 τοῦτο

2081 5367 2268 5435 λέγειν
2304 5369 2328 5420 6
2369 5367 2645 5435 παραδοὺς
2685 5367 2760 5436 μὴ
2791 5365 3108 5418 πεποιθέναι
3147 5366 3234 5418 ἐπ’
3267 5367 3522 5436 ἄρχοντας
3551 5365 3624 5414 ἐπὶ

2084 5459 2233 5521 υἱοὺς
2268 5459 2597 5528 ἀνθρώπων,
2633 5455 2713 5521 οἷς
2757 5463 2857 5514 οὐκ
2910 5462 3028 5513 ἐστι
3063 5461 3331 5532 σωτηρία·
3381 5465 3450 5522 ὡς
3498 5459 3546 5511 δὲ
3575 5453 3624 5516 ἐξ

2094 5551 2430 5619 Ἑλληνικῶν
2473 5552 2726 5604 ἀκανθῶν
2760 5554 2856 5606 καὶ
2903 5555 2964 5606 τὸ
2998 5555 3270 5624 σωτήριον
3300 5552 3456 5606 τοῦτο
3495 5548 3623 5620 ῥόδον

2083 5642 2470 5709 ἀπολέλεκται,
2519 5645 2962 5716 προγέγραπται·
3007 5646 3248 5697 ’Δττικοὶ
3294 5645 3401 5712 γὰρ
3449 5639 3620 5708 πρῶτι

2084 5735 2206 5786 κατ’
2233 5735 2513 5802 ἐξαίρετον
2542 5735 2638 5788 Δία
2665 5737 2887 5805 σωτῆρα
2917 5737 3316 5806 ἐπεγράφοντο.

2159 5831 2292 5892 ρπέ.
2351 5825 2408 5878 Ὀ
2443 5825 2498 5879 δὲ
2545 5828 2887 5897 παντουργδς
2927 5827 3076 5897 παρά
3144 5827 3244 5897 μὲι
3290 5828 3398 5888 τοῖς
3429 5823 3618 5888 ὕστερον
