3824 6558
172 340 267 430 691

166 571 371 639 τουργδς
420 576 451 627 ὁ
501 574 630 636 Gabi:
686 580 816 649 παρ’
848 583 984 651 ἡμῖν
1036 586 1299 650 εὐσεϐῶς.
1344 590 1410 642 Οί
1464 571 1523 644 st
1580 592 1703 645 καθ’

165 662 406 734 Ἕλληνας
433 666 527 733 τῆς
548 668 723 737 αὐτῆς
747 667 894 741 εἶχον
922 679 1198 743 σημασίας
1221 678 1317 733 τὸν
1341 683 1699 751 παντουργὸν,

161 750 225 812 ὡς
268 753 357 805 καὶ
386 754 810 827 προδεδήλωται,
845 761 938 815 τὸν
970 765 1061 817 καὶ
1094 765 1179 834 ἐφ’
1208 764 1289 831 οἷς
1340 771 1402 823 οὐ
1454 750 1559 840 χρῆ
1606 790 1704 825 πε-

163 843 491 915 ριεργότατον
514 848 608 902 καὶ
636 848 782 904 οὕτω
804 858 1127 925 κακοεργὸν·
1163 861 1226 911 οὐ
1256 866 1420 919 παντὶ
1449 864 1596 933 ἔργῳ
1624 864 1703 934 τῷ

161 935 264 986 κατ’
300 932 583 1023 ἄνθρωπον
612 941 887 1011 ἐναρέτως
923 946 1310 1015 ἐπιϐάλλοντα,
1346 932 1701 1023 ἐγχειροῦντα

159 1025 205 1077 δὲ
227 1025 307 1076 καὶ
337 1019 416 1087 οἷς
445 1027 547 1080 οὐκ
591 1029 777 1099 ἐχρῆν
808 1032 836 1086 δ
865 1035 930 1100 δὴ
962 1037 1058 1090 καὶ
1089 1037 1198 1091 τῶν
1236 1057 1322 1103 τις
1351 1019 1702 1100 παλαιτάτων

162 1114 316 1181 σοφῶν
356 1122 759 1191 κατηγορηθεὶς
809 1126 1013 1197 ὲΰλάὅη
1061 1130 1134 1193 ὡς
1186 1132 1533 1203 διαστρέφων
1574 1138 1701 1201 τοὺς

161 1208 619 1276 μαθητευομένους
674 1214 732 1266 ὲν
784 1215 863 1285 τῷ
918 1220 1318 1288 ἀναγινώσκειν
1377 1226 1561 1289 αὐτοῖς
1615 1230 1696 1293 τὸ,

161 1294 340 1362 Ἐργον
368 1296 414 1348 δ’
452 1300 606 1355 οὐδὲν
653 1301 878 1372 ὄνειδος,
905 1308 968 1361 οὐ
1016 1314 1152 1381 πρὸς
1177 1314 1359 1384 ὀρθὸν,
1388 1316 1546 1385 λόγον
1568 1319 1645 1384 ὡς
1671 1323 1698 1375 ὁ

158 1388 439 1477 κατήγορος
470 1391 598 1461 ἔφη·
631 1396 746 1449 ἀλλ’
776 1398 860 1451 ὅτι
896 1399 1059 1470 ἔργον
1087 1404 1242 1459 οὐδὲν
1291 1408 1491 1473 ovs-.56;
1526 1414 1697 1477 ἐστιν,

156 1476 301 1545 ἤγουν
330 1480 449 1533 οὐδὲ
484 1484 587 1552 μία
622 1486 857 1557 ἐργασία
887 1492 1024 1559 πρὸς
1062 1496 1368 1567 ὀνειδισμοῦ
1399 1503 1598 1568 γένοιτ’
1632 1476 1698 1558 ἂν

154 1568 218 1639 τῷ
238 1570 639 1646 ἀποπληροῦντι
664 1580 854 1650 αὐτήν·
892 1583 950 1648 ὃς
976 1585 1040 1654 δὴ
1073 1586 1228 1658 λόγος
1253 1591 1454 1656 ἄτοπος
1485 1595 1701 1663 εξεφαί-

154 1677 276 1723 νετο,
312 1665 358 1716 εί
394 1665 644 1721 παιδεύοι
681 1670 757 1742 μὴ
790 1672 1096 1746 ὀνειδισμύν
1128 1697 1251 1734 τινα
1283 1681 1428 1751 ἔχειν
1474 1687 1540 1739 τὰ
1566 1687 1698 1756 ἐφά-

156 1768 313 1820 μαρτα
338 1754 502 1823 ἔργα,
537 1758 821 1815 ἐπαινετὸν
846 1765 905 1817 δὲ
933 1760 1077 1818 εἶναι
1105 1775 1201 1823 καὶ
1237 1772 1329 1823 τὸν
1358 1772 1573 1827 ἅπαντα
1603 1754 1696 1846 ἑρ-

154 1932 525 2005 ἀπερριπτεῖτο
568 1944 682 2004 τοῖς
713 1944 835 1998 τότε
865 1946 894 1999 ὁ
923 1951 1283 2020 παντουργός’
1309 1952 1535 2025 ὕστερον
1570 1932 1695 2024 μέν·

151 2044 218 2080 τοι
240 2029 328 2082 τοῦ
357 2031 528 2103 ἔργου
558 2036 948 2107 ἀποκριθέντος
985 2043 1066 2106 είς
1103 2046 1404 2115 ἑρμηνείαν
1440 2048 1694 2123 πράξεως

154 2119 360 2190 ἀγαθῆς,
410 2127 514 2178 καὶ
551 2126 858 2195 ἰόιάσαντος
892 2135 973 2196 είς
1019 2136 1303 2190 ἐπαινετὸν
1337 2139 1431 2193 καὶ
1481 2119 1693 2211 πρέπον

150 2210 233 2281 βίῳ
263 2215 546 2287 πολιτικῷ,
573 2219 665 2272 καὶ
714 2223 948 2290 ἐργάτου
997 2224 1293 2295 λεγομένου
1319 2228 1415 2283 τοῦ
1463 2210 1691 2300 εὐεργοῦ

150 2303 229 2354 καὶ
254 2304 507 2375 ἐνεργοῦς
541 2311 634 2364 ἐπὶ
677 2313 851 2382 καλῷ,
879 2317 1164 2386 προλιπὼν
1195 2320 1342 2389 ἡμᾶς
1371 2322 1399 2375 ὁ
1427 2339 1693 2392 παντουρ-

149 2395 227 2460 γὺς
250 2396 349 2448 ἀπὸ
375 2398 571 2467 χθονδς
595 2403 910 2471 εὐρυοδείης
937 2408 1017 2470 είς
1054 2409 1337 2479 Ὄλυμπον
1359 2412 1688 2480 ἀναϐέϐηκε,

147 2485 213 2555 τῷ
236 2486 343 2556 Θεῷ
362 2491 444 2552 είς
473 2492 798 2563 ἐπωνυμίαν
834 2500 1271 2569 οἰκειωσόμενος,
1308 2503 1403 2555 καὶ
1429 2504 1522 2557 τὸν
1552 2520 1685 2559 πανο

148 2574 315 2647 οῦργον
362 2583 758 2640 καταλέλοιπεν
822 2590 1084 2645 εἰλεῖσθαι
1132 2594 1260 2662 περὶ
1312 2596 1479 2663 qui:
1547 2594 1692 2651 οὕτω

149 2669 227 2721 καὶ
251 2669 666 2744 θαυματουργδς
715 2679 883 2735 πάλαι
919 2681 1018 2750 μέν
1052 2700 1181 2736 ποτε
1240 2686 1270 2739 ὁ
1305 2687 1563 2753 παιγνίαν
1591 2689 1689 2757 τὴν

150 2757 250 2827 ὅφιν
275 2762 608 2818 ἀποπλανιῖη
650 2768 814 2824 ὁποῖα
850 2770 921 2821 τά
952 2771 1326 2841 περιᾳδόμενα
1365 2775 1689 2846 Σωκράτους

149 2843 286 2914 εἶναι,
329 2855 425 2906 καὶ
458 2853 600 2925 ἄλλα
644 2856 701 2908 δέ
741 2874 862 2910 τινα
895 2853 985 2913 ὧν
1026 2862 1356 2929 κατέπαιξεν
1405 2843 1688 2939 Ὦριγένης

152 2939 426 3009 ἀπελέγξας
474 2945 638 3009 αὐτὰ,
674 2946 929 3017 θαύματα
971 2954 1174 3019 μωροῖς
1209 2954 1391 3006 ἐκεῖνα
1421 2957 1564 3009 κατά
1594 2957 1686 3010 τὸν

148 3029 266 3087 οὕτω
309 3036 577 3105 φάμενον·
643 3037 869 3106 ὕστερον
948 3041 1134 3108 μέντοι
1196 3044 1225 3095 ὁ
1272 3045 1687 3118 θαυματουργδς

151 3122 365 3197 θειοτάτη
401 3127 549 3193 λέξις
590 3129 730 3196 ἐστὶ,
759 3130 895 3184 Θεοῦ
947 3132 1384 3204 θαυμαστοῦντος
1412 3137 1508 3209 τὴν
1543 3140 1685 3194 ἐκεῖ·

150 3213 491 3287 θεντοιαύτην
518 3219 680 3291 χάριν
712 3219 933 3290 ἔχοντα.

210 3312 355 3376 ρπςθ.
416 3308 479 3363 ’0
530 3308 587 3362 δὲ
646 3310 941 3381 εὐεργέτης
971 3315 1066 3368 καὶ
1123 3315 1389 3387 βασιλέως
1451 3320 1683 3388 ἀγαθοῦ,

150 3397 455 3471 Πτολεμαῖος
527 3403 586 3458 δὲ
635 3400 706 3475 ἦν
754 3407 982 3475 ἐκεῖνος,
1054 3408 1344 3480 ἐπώνυμον
1416 3414 1684 3485 ἐπεκρίθη

147 3492 393 3562 γενέσθαι,
441 3495 530 3548 διά
570 3496 633 3549 τδ
662 3495 861 3560 ὲνοέως
911 3500 1116 3568 ἀγαθὸν
1146 3500 1242 3554 τοῦ
1272 3503 1602 3573 εὐεργετεῖν,
1634 3506 1691 3561 εί

148 3598 190 3635 τι
217 3585 560 3655 μεμνήμεθα,
592 3586 859 3655 βασιλέως
904 3590 1138 3644 παλαιοῦ
1173 3594 1420 3663 φαμένου
1462 3598 1544 3650 ὅτι
1578 3599 1686 3669 Σή-

152 3690 292 3743 μερον
317 3677 420 3729 οὐκ
459 3677 813 3745 ἐϐασίλευσα,
838 3680 901 3733 οὐ
949 3682 1056 3752 γὰρ
1085 3683 1451 3756 εὐηργέτησαο
1485 3693 1579 3744 καὶ
1616 3686 1683 3746 αὖ

153 3765 285 3818 πάλιν
310 3768 499 3838 ἑτέρου
545 3769 624 3838 μὴ
658 3770 929 3837 τοιοῦτον,
961 3775 1090 3845 περὶ
1118 3775 1179 3829 οὗ
1217 3778 1380 3848 σοφός
1405 3797 1491 3843 τις
1539 3782 1682 3853 ἱρω-

148 3856 302 3924 mea;
359 3861 421 3913 ἐν
476 3859 558 3931 τῷ
600 3861 695 3915 τοῦ
756 3864 979 3934 ἀρχείου
1037 3865 1260 3936 ἐξιέναι,
1292 3871 1684 3942 τίὸβασιλεὺς

148 3951 286 4014 ποιεῖ,
309 3952 584 4020 Πτωχοὺς,
613 3953 741 4024 ἔφη·
773 3954 1041 4010 σκώπτων
1086 3958 1290 4023 ἐκεῖνος
1325 3963 1418 4016 τὸν
1442 3966 1684 4035 ἄρχοντα

148 4039 208 4101 ὡς
228 4042 294 4110 μὴ
325 4044 700 4115 εὐεργετικόν.
724 4047 833 4101 Καὶ
855 4048 934 4118 τῷ
954 4049 1064 4103 δντι
1093 4050 1345 4119 βασιλεὺς
1373 4056 1682 4126 φειδόμενος

148 4129 406 4203 θησαυρῶν
438 4136 534 4188 καὶ
578 4135 650 4189 δι’
697 4137 830 4190 αὐτὸ
859 4143 1295 4211 χρυσοφυλακῶν
1358 4147 1584 4218 μύρμηξ
1614 4150 1682 4205 ἀν

148 4218 215 4287 είη
239 4226 630 4295 χρυσωρυχῶν,
662 4227 721 4290 δς
761 4229 1105 4299 ἐνθυμείσθω
1137 4238 1234 4288 καὶ
1265 4239 1388 4300 τοὺς
1435 4240 1680 4308 ίστορου-

148 4309 313 4375 μένους
346 4315 488 4383 μύας
518 4319 601 4379 είς
628 4318 781 4370 οὐδὲν
812 4320 930 4373 δέον
956 4321 1129 4388 φιλεῖν
1157 4325 1248 4377 τὸν
1277 4327 1499 4396 χρυσόν.
1529 4329 1682 4385 Οὕτω

146 4398 190 4451 δὲ
207 4405 292 4455 καὶ
319 4408 425 4468 πᾶς
455 4407 714 4474 πλούσιος
754 4413 820 4480 τῇ
857 4414 928 4481 γῇ
956 4413 1231 4466 πιστεύων
1251 4417 1326 4468 .τά
1359 4419 1615 4487 χρήματα
1645 4421 1677 4490 ἦ

850 394 861 407 ’
964 383 1047 449 1N
1085 385 1425 451 HYMNUM
1457 392 2113 464 PENTECOSTALEM
2146 406 2595 477 DAMASCENI.

169 482 286 548 ἁγία
322 480 459 546 λέξις
501 481 647 539 ἐστὶν
704 488 1181 563 ὁμολογουμένως·
1232 499 1392 567 μόνος
1429 503 1541 572 γὰρ
1568 520 1687 558 παν

1806 513 2050 569 omnium
2074 518 2345 587 confesso,
2406 539 2561 579 saera
2616 524 2781 582 dictio
2831 538 2911 584 est
2954 549 2969 586 :

3267 426 3377 503 eis

3029 534 3178 588 solus
3227 539 3374 592 enim

1784 604 1952 659 ‘Deus
1981 608 2121 672 apud
2156 624 2257 665 nos
2286 612 2371 681 pie
2418 614 2641 670 dicitur“
2662 622 3026 691 παντουργός.
3105 625 3373 682 Auctores

1781 704 1993 751 ‘autem
2023 697 2399 768 Grmci,.sicnt
2452 704 2928 775 praimonstratum
2985 726 3089 781 est,
3120 717 3366 788 ejusdem

1806 787 2213 855 significationis
2243 794 2510 854 habebant
2537 796 2631 854 etv‘
2665 806 3024 875 παντουργιν,
3074 787 3224 863 tum“
3278 810 3370 879 qui

1782 878 1963 934 walde
1990 885 2276 951 operarius
2307 898 2389 942 est
2435 890 2487 944 in
2508 893 2707 961 quibus
2740 911 2847 950 non
2888 908 3125 967 oportet,
3173 910 3227 956 et
3291 878 3370 957 sic

1778 970 2128 1028 ‘malefactor
2147 986 2266 1046 est;
2294 979 2386 1048 qui
2412 997 2520 1037 non
2555 984 2706 1039 omni
2742 1003 2801 1042 se
2827 988 2919 1042 dat
2946 992 3099 1059 operi
3134 992 3371 1048 humano

1799 1062 2175 1132 laudabiliter,
2217 1072 2311 1125 sed
2350 1089 2571 1129 manuni
2607 1077 2804 1145 ingerit
2832 1081 2924 1135 ubi
2949 1097 3054 1135 non
3106 1096 3321 1151 oportet
3353 1103 3369 1152 ;

1799 1155 1867 1209 de
1896 1171 2005 1221 quo
2034 1172 2173 1214 unus
2202 1174 2268 1213 ex
2302 1164 2698 1229 antiquissimis
2718 1170 3057 1235 sapientibus
3082 1183 3370 1227 accusatus

1799 1248 2023 1316 punitus
2039 1247 2138 1303 fuit
2163 1259 2221 1303 ut
2238 1264 2550 1320 pervertens
2569 1257 2864 1328 discipulos
2884 1262 3018 1330 ipsis
3040 1264 3369 1331 persuaden-

1798 1336 1870 1392 do
1896 1338 2071 1408 quodt
2093 1342 2295 1397 nullum
2313 1359 2449 1414 opus
2476 1350 2724 1415 probrum
2753 1362 2856 1409 est.
2893 1371 2912 1404 ι
2938 1353 3052 1407 Non
3072 1354 3137 1409 ad
3166 1366 3373 1411 rectam

1803 1431 2086 1498 rationem,
2116 1442 2477 1492 utaccnsator
2495 1438 2658 1507 dixit,
2696 1443 2792 1498 sed
2827 1445 2971 1514 quod
2993 1447 3198 1501 nullum
3229 1464 3369 1516 opus

1798 1521 2055 1590 probrum
2078 1533 2180 1587 est,
2209 1540 2302 1581 seu
2345 1529 2491 1584 nulla
2533 1534 2674 1587 actio
2728 1540 2927 1603 probro
2992 1553 3113 1594 esse
3166 1549 3364 1607 potest,

1791 1611 2113 1680 adimplenti
2146 1615 2295 1671 illam
2337 1620 2465 1689 :qui
2495 1638 2627 1679 sane
2658 1634 2838 1680 sermo
2854 1628 3146 1684 videbatur
3173 1631 3367 1685 absur-

1798 1699 1922 1765 dus,
1948 1703 1993 1757 si
2024 1704 2243 1763 doceret
2276 1710 2482 1765 nullum
2514 1715 2766 1782 probrum
2798 1719 2999 1774 habere
3057 1725 3362 1791 peccatoria

217 1793 313 1820 ’¹’“’
338 1793 502 1823 “¹’⁸“’⁹
537 1793 820 1815 ⁹⁶“““’⁵¹’”’
846 1793 905 1817 ⁹⁵
933 1793 1077 1818 “"°“
1105 1793 1201 1823 και
1237 1793 1329 1823 τον
1358 1793 1573 1827 “MV”
1603 1793 1696 1846 αἶρ’
1800 1810 1988 1864 opera,
2014 1793 2337 1855 laudabilem
2362 1818 2495 1859 vero
2529 1820 2650 1861 esse
2711 1820 2907 1864 cuncta
2940 1824 3252 1881 operantem
3311 1825 3367 1870 et

217 1841 423 1891 ξάμενον
472 1848 570 1891 καὶ
601 1849 745 1891 ni’nm
775 1858 1140 1891 ιπηυη-ηνιηνλ...
1167 1859 1247 1891 κδ.
1285 1864 1366 1891 -i-
1393 1864 1694 1891 tirenum-
1728 1836 1770 1891 Β
1803 1888 1815 1891 -

153 1848 423 1911 ταξάμενον
472 1848 570 1901 και
601 1849 745 1904 οὕτω
775 1858 1140 1925 παντουργινο
1166 1859 1248 1914 διδ
1283 1864 1366 1925 εις
1390 1864 1694 1936 ἀπὸὃλητον
1728 1848 1770 1891 υ
1803 1848 2433 1960 ,,;‘,;.,;,,;Y;;j“,'d,;;

157 1932 516 1960 A-.lx-..--!_A
575 1944 654 1960 Α-.
761 1944 773 1959 ι
874 1946 889 1960 ο
1218 1951 1230 1960 .
1310 1952 1333 1960 ..
1624 1957 1633 1960 -

2483 1902 2816 1964 contemptui
2846 1904 3089 1958 tradatur
3124 1907 3362 1958 homini-

1800 1979 1901 2034 bus
1921 1981 2086 2050 hujus
2113 1986 2208 2039 aevi
2234 1988 2262 2039 ὁ
2296 1993 2655 2057 παντουργός.
2680 1991 2956 2050 Posterius
2973 2007 3177 2063 tamen,
3202 2012 3366 2067 opere

1801 2071 1855 2124 in
1893 2071 2402 2143 interpretationem
2441 2081 2674 2137 actionis
2707 2084 2863 2138 bonae
2889 2088 3178 2157 aestimato,
3236 2106 3366 2159 pro-

1800 2163 2026 2232 prieque
2052 2168 2360 2234 pertinente
2382 2170 2447 2224 ad
2476 2172 2527 2225 id
2560 2176 2705 2242 quod
2736 2175 2990 2232 laudatur
3018 2190 3070 2234 et
3106 2183 3367 2250 competit

1798 2250 2006 2306 homini
2032 2256 2276 2324 politico.
2309 2268 2364 2314 et
2394 2264 2646 2330 operario
2681 2265 2826 2320 dicto
2877 2270 2970 2322 illo
2989 2271 3079 2336 qui
3116 2270 3251 2326 bene
3284 2273 3365 2325 vi-

1798 2344 2078 2414 riliterque
2106 2349 2215 2419 agit
2241 2349 2294 2403 in
2316 2350 2477 2415 bono,
2505 2354 2887 2425 derelinquens
2916 2374 3012 2414 nos
3042 2361 3071 2412 δ
3097 2379 3366 2431 παντουρο

1795 2437 1893 2505 γδς
1925 2440 2031 2491 ἀπὸ
2062 2441 2252 2509 χθονὸς
2306 2443 2614 2514 εὐρυοδείης
2641 2449 2694 2502 in
2754 2448 3040 2522 Olympum
3086 2457 3355 2519 ascendit.

1795 2530 1848 2583 in
1866 2545 2164 2600 cognomen
2185 2535 2291 2592 Deo
2304 2536 2633 2604 proprietas,
2663 2551 2719 2595 et
2743 2539 2832 2594 τὸν
2849 2545 3188 2613 παντουργόν
3214 2548 3360 2603 circa

1795 2638 1896 2676 nos
1916 2625 2123 2679 versari
2144 2627 2381 2694 reliquit.
2404 2628 2495 2683 Sic
2510 2630 2670 2684 etiam
2692 2632 2819 2687 olim
2839 2635 3252 2708 θαυματουργός
3272 2642 3363 2696 ille

1794 2715 2009 2784 quidem
2028 2726 2144 2772 erat
2156 2719 2246 2787 qui
2260 2717 2443 2786 jocosa
2459 2723 2637 2789 specie
2650 2723 2955 2781 seductorie
2973 2728 3365 2803 fingebat,qua-

1795 2808 1865 2863 lia
1887 2818 2013 2862 sunt
2033 2824 2153 2878 quae
2170 2810 2515 2866 celebrantur
2532 2828 2651 2869 esse
2668 2814 2907 2874 Socratis
2921 2827 2975 2873 et
2990 2821 3094 2876 alia
3114 2824 3358 2892 quaedam

1792 2897 1862 2953 de
1879 2900 2078 2968 quibus
2105 2902 2398 2957 confutatis
2412 2905 2534 2959 risit
2554 2904 2812 2977 Origenes
2832 2909 2978 2967 :ltacc
2994 2923 3174 2967 autem
3205 2915 3358 2979 juxta

1793 3005 1988 3046 nomen
2007 2996 2420 3051 erantmiranda
2446 2997 2650 3054 stultis.
2673 2999 2947 3059 Posterius
2974 3015 3155 3061 tamen
3185 3010 3211 3060 ὁ
3231 3011 3361 3062 οαυ-

1796 3087 2105 3161 ματουργός
2135 3087 2475 3148 divinissima
2512 3076 2615 3149 vox
2650 3097 2786 3152 facta
2815 3106 2917 3161 est,
2992 3098 3103 3152 Deo
3156 3100 3355 3155 mirum

1712 3180 1754 3241 ο
1792 3172 2027 3231 faciente
2057 3177 2209 3233 illum
2244 3181 2339 3250 qui
2369 3182 2529 3238 talem
2558 3185 2754 3241 exinde
2805 3188 3032 3258 gratiam
3063 3190 3246 3247 habet.

1866 3313 1993 3369 I86.
2033 3312 2149 3369 Vox
2176 3318 2401 3386 autemid
2422 3319 2720 3392 εὐεργέτης
2773 3322 2905 3380 boni
2940 3327 3105 3393 regis,
3152 3338 3207 3384 et
3267 3330 3359 3385 hic

1791 3408 2012 3477 quidem
2036 3419 2157 3464 erat
2186 3408 2532 3476 Ptolemaeus,
2570 3427 2873 3483 cognomen
2943 3417 3058 3473 fieri
3112 3419 3355 3487 indicata

1790 3506 1895 3560 est,
1925 3512 1992 3552 eo
2023 3498 2171 3567 quod
2221 3500 2480 3559 divinitus
2538 3502 2738 3559 bonum
2796 3514 2881 3562 est
2911 3507 3248 3575 benefacere,
3304 3513 3353 3568 si

1790 3591 2203 3655 meminerimus
2230 3594 2430 3649 veteris
2470 3594 2617 3650 illius
2674 3597 2843 3666 regis,
2903 3599 3109 3656 aientis
3139 3602 3356 3660 :llodie

1764 3698 1900 3736 .non
1930 3683 2181 3753 regnavi;
2214 3698 2323 3740 non
2360 3686 2508 3741 enim
2535 3686 2799 3756 benefaci;
2828 3698 2881 3743 et
2928 3689 3154 3759 alterius
3206 3694 3356 3751 haud

1788 3766 2005 3839 similis,
2038 3774 2106 3830 de
2121 3790 2230 3844 quo
2258 3776 2475 3846 sapiens
2496 3778 2714 3847 quidam
2777 3779 2831 3835 in
2881 3783 3066 3850 palatii
3096 3784 3246 3842 exitu
3271 3788 3355 3847 itt-

1790 3874 2095 3935 terrogatus
2132 3869 2260 3937 quid
2284 3883 2379 3924 rex
2417 3870 2643 3935 faceret,
2674 3871 2967 3943 Pauperes,
2991 3875 3190 3942 inquit.
3221 3894 3357 3934 con-

1788 3957 2037 4012 siderans
2058 3958 2159 4017 iste
2178 3960 2472 4029 principem
2502 3972 2561 4015 ιιι
2589 3978 2694 4017 non
2723 3964 3045 4021 beneficum.
3070 3965 3136 4021 Et
3165 3984 3353 4026 revera

1790 4047 2043 4117 princeps
2065 4049 2336 4104 thesauris
2364 4065 2614 4119 parcens,
2644 4062 2697 4106 et
2732 4053 2855 4110 ideo
2880 4057 3212 4123 anricustos,
3239 4060 3354 4115 for-

1790 4138 1927 4192 mica
1951 4140 2197 4207 qmcdam
2226 4151 2371 4194 esset
2395 4141 2663 4199 infodiens
2689 4160 2881 4199 aurum
2909 4162 2925 4212 ;
2983 4148 3069 4202 hic
3104 4150 3156 4202 in
3202 4167 3356 4205 men-

1766 4242 1896 4285 .tem
1930 4240 2147 4285 revocet
2175 4231 2404 4285 traditos
2427 4235 2705 4287 memoria:
2771 4251 2956 4292 mures
3023 4238 3079 4292 in
3142 4243 3350 4299 nullam

1790 4318 2090 4374 utilitatem
2120 4334 2313 4374 aurum
2344 4320 2651 4391 diligentes.
2700 4323 2791 4379 Sic
2815 4333 3004 4379 autem
3034 4331 3195 4386 etiam
3231 4347 3355 4386 om-

1788 4410 1876 4464 nis
1904 4411 2055 4465 dives
2090 4420 2248 4466 terrae
2280 4413 2450 4468 fidens
2476 4415 2695 4471 divitias
2738 4429 2831 4471 aut
2853 4421 3022 4474 mni-is
3077 4422 3349 4489 inserens,

145 4493 313 4563 τοίχοις
354 4499 652 4570 πρασύων
697 4504 779 4564 εἰς
836 4502 963 4579 νοῦν
995 4503 1317 4574 λαμϐανέτω
1345 4507 1419 4579 μὴ
1450 4508 1515 4561 ἂν
1545 4527 1676 4580 πρε·

1790 4511 1968 4556 mente
2001 4499 2268 4570 concipiat
2297 4521 2359 4560 se
2399 4522 2503 4560 non
2533 4507 2669 4561 forte
2725 4507 2981 4567 decenter
3025 4529 3146 4571 esse
3169 4526 3350 4573 tumu-

146 4587 327 4656 πόντως
354 4595 718 4664 ταφήσεσθαι,
747 4596 906 4665 εἴπερ
934 4598 1097 4662 αὐτὸς
1134 4599 1331 4653 θάπτει
1356 4602 1423 4654 τὰ
1448 4603 1523 4674 μὴ
1552 4603 1678 4670 ἄξια

145 4686 536 4755 κατακρύψεως,
567 4688 704 4743 ἀλλά
748 4689 1037 4751 διαδόσεως
1084 4692 1183 4761 τῆς
1213 4695 1352 4762 πρὸς
1375 4696 1502 4760 τοὺς
1528 4698 1681 4750 ἀδελ-

144 4771 274 4837 φοῠς.
307 4775 366 4829 ’0
390 4777 436 4831 δ’
457 4779 622 4841 αὐτὸς
669 4780 955 4833 ἐννοείσθω
1005 4784 1100 4833 καὶ
1146 4782 1229 4837 ὅτι
1275 4784 1390 4855 ἅμα
1421 4788 1680 4857 χρήματα

143 4862 441 4937 ἑκρύὃησεν,
470 4869 562 4921 καὶ
592 4871 621 4923 ὁ
650 4869 781 4929 Θεὸς
810 4872 941 4932 τούς
970 4862 1290 4942 οἰκτιρμοὺς
1323 4876 1489 4929 αὐτοῦ
1521 4879 1677 4930 συνέ-

144 4954 315 5019 στειλε,
342 4957 515 5025 λέγων
538 4962 700 5012 οἱονεὶ
736 4960 840 5025 ὅτι,
875 4961 994 5026 Δὸς,
1023 4957 1068 5016 ὡ
1098 4964 1342 5030 πλούσιε,
1376 4968 1472 5019 καὶ
1498 4967 1676 5033 δώσω,

143 5040 493 5115 ιύεργέτησον,
525 5048 623 5102 καὶ
655 5050 1022 5119 εὐεργετήσω,
1053 5052 1145 5104 καὶ⁵
1171 5052 1341 5115 οὓτως
1371 5054 1565 5123 ἔσομαί
1594 5073 1678 5111 σοι

141 5132 223 5184 οἰκ
263 5138 524 5207 ἀποδότης
571 5139 667 5190 καὶ
704 5138 1010 5208 βραϐευτὴς
1062 5143 1303 5211 χάριτος,
1338 5145 1472 5197 ἀλλά
1521 5146 1677 5202 δώσω

142 5236 209 5273 σοι
234 5222 575 5293 ὀφειλετικῶς
606 5229 759 5293 ἀξιον
806 5230 1176 5300 ἀνταπόδομα.
1210 5234 1351 5301 Ὅρα
1394 5234 1449 5287 δὲ
1482 5236 1565 5288 ὅτι
1614 5236 1677 5289 τὸ

141 5311 438 5385 εὐεργετεῖν,
490 5321 518 5372 ὅ
553 5320 702 5397 ἐστιν
752 5319 1012 5385 εὐποιεῖν,
1065 5322 1243 5377 εἴτουν
1286 5321 1346 5376 εὖ
1399 5329 1592 5393 ποιεῖν,
1640 5328 1673 5398 ἡ

144 5405 396 5472 μετάδοσις
422 5388 742 5474 ὲξιδιῶσατο
758 5411 1226 5480 ἀποκληρωτικῶς
1251 5415 1374 5467 κατ’
1397 5414 1673 5484 ἐξαίρετον

141 5490 213 5543 διὰ
236 5495 289 5544 τὺ
308 5495 658 5569 θεομίμητον⁶
691 5500 772 5562 εἰς
800 5499 828 5552 δ
859 5504 1128 5569 μαρτυρεῖ
1152 5503 1180 5554 ὁ
1211 5519 1497 5571 γνωματευ
1510 5505 1675 5575 σάμε-

139 5593 212 5644 νος
233 5584 314 5639 τὸν
337 5588 728 5659 εὐεργετοῦντα
786 5589 1031 5662 μιμητὴν
1067 5588 1206 5646 εἶναι
1244 5593 1336 5646 τοῦ
1366 5594 1524 5648 Θεοῦ.

198 5676 325 5739 ρπξο
358 5680 434 5731 Τδ
463 5681 518 5733 δδ
548 5679 906 5751 δημιουργεῖν
929 5722 943 5745 .
970 5683 1177 5752 εἶπερό
1200 5683 1421 5738 πάντων
1444 5689 1673 5757 ποιητὴς

145 5762 216 5813 καὶ
239 5763 361 5831 θεὸς
387 5769 639 5839 ἀνέχεται
688 5770 1035 5826 ἀνατίθεσθαι
1066 5774 1144 5837 εἰς
1176 5774 1489 5844 ἐπωνυμίαν
1518 5778 1670 5844 αὐτῷ

1783 4592 2022 4659 landum,
2042 4596 2145 4658 etsi
2165 4596 2393 4652 tumulet
2407 4598 2519 4667 ipse
2534 4614 2621 4654 res
2634 4583 2993 4660 absconsione
3012 4621 3116 4660 non
3134 4607 3347 4676 dignas,
3446 4644 3449 4645 ν

1781 4687 1873 4742 sed
1899 4687 2082 4755 potius
2106 4677 2231 4758 erga
2263 4688 2460 4746 fratres
2485 4691 2791 4763 largitione.
2824 4695 2946 4766 lpse
2971 4712 3099 4751 vero
3129 4714 3348 4768 quoque

1781 4779 2049 4848 recogitet
2078 4777 2247 4845 quod,
2286 4781 2377 4836 ubi
2417 4783 2701 4839 thesauros
2763 4785 3066 4853 abscondit,
3108 4790 3349 4846 simulet

1784 4869 1925 4924 Deus
1949 4870 2375 4926 misericordiam
2403 4874 2668 4931 conclusit
2686 4876 2741 4930 in
2768 4894 2913 4942 eum,
2940 4881 3347 4947 quodammodo

1779 4960 2003 5015 dicens:
2036 4959 2133 5027 Da,
2166 4962 2335 5027 dives,
2371 4972 2425 5017 et
2446 4964 2608 5030 dabo,
2643 4966 2865 5022 benefac
2888 4979 2940 5022 ct
2969 4970 3298 5025 benefaciam
3327 4990 3342 5037 ;

1764 5062 1831 5121 _et
1864 5052 1947 5107 sic
1976 5067 2071 5107 ero
2102 5053 2196 5106 tibi
2216 5069 2325 5106 non
2364 5056 2553 5123 gratiae
2591 5057 2821 5125 largitor
2846 5070 2899 5114 et
2933 5062 3197 5129 redditor,
3245 5066 3340 5118 sed

1780 5142 1873 5196 tibi
1903 5143 2145 5197 debitam
2178 5144 2506 5214 dignamque
2570 5148 2982 5205 retributionem
3014 5152 3174 5208 dabo.
3206 5153 3343 5210 Vide

1777 5247 1907 5303 ergo
1938 5237 2082 5303 quod
2103 5232 2163 5285 τὸ
2187 5236 2520 5302 εὐεργετεῖν,
2536 5237 2587 5290 id
2610 5248 2693 5293 est
2722 5240 3060 5306 benefacere,
3084 5245 3187 5297 sibi
3219 5253 3341 5298 tan-

1777 5338 1941 5391 quam
1980 5323 2347 5378 litereditatem
2373 5326 2697 5382 excellenter
2728 5334 3045 5400 appropriat
3062 5334 3130 5387 ob
3159 5334 3340 5388 imita-

1777 5414 1979 5465 tionem
2009 5410 2103 5466 Dei
2141 5414 2403 5468 bonoruni
2434 5411 2861 5474 conniinnicatio
2888 5438 2902 5473 :
2927 5423 3070 5489 quod
3100 5431 3331 5481 testatur

1776 5505 2045 5558 sententia
2098 5505 2249 5560 illius
2301 5507 2391 5576 qui
2433 5508 2592 5573 dixit,
2646 5510 2968 5565 beneﬁcium
3013 5512 3337 5569 imitatorem

1774 5609 1892 5649 esse
1916 5595 2030 5650 Dei.

1847 5684 1969 5740 187.
2001 5685 2115 5742 Hoc
2138 5697 2319 5744 autem
2342 5689 2719 5762 δημιουργεῖν,
2767 5694 2813 5747 si
2840 5692 3061 5762 quidem
3090 5692 3335 5748 omnium

1776 5773 1947 5830 factor
1969 5784 2020 5832 et
2056 5775 2198 5835 Deus
2247 5782 2517 5836 consentit
2577 5783 2822 5851 accipere
2873 5782 2975 5837 sibi
3035 5797 3336 5847 cognomen
