3824 6542
485 345 590 410 699

1187 350 1600 416 EUS'I‘ATlIiI
1627 358 1918 420 THESSA
1929 361 2058 423 L05

2164 364 2384 428 ENSIS
2415 367 2828 431 METROPOL
2839 365 2984 432 [ΤᾹΞ
3601 374 3686 438 700

483 472 514 512 ε
547 457 721 522 ποιεῖς,
757 459 995 514 maxima
1027 470 1109 515 est
1136 465 1331 531 gratia.
1380 465 1520 532 Quid
1550 468 1692 522 enim
1755 481 1838 524 est
1877 472 1944 526 ad
1973 473 2040 525 il-

2164 477 2282 544 rtap'
2309 477 2489 545 ήμῶν,
2541 478 2774 548 μεγίστη
2827 477 3008 548 χάρις.
3055 476 3122 530 Τί
3157 475 3265 548 γάρ
3312 477 3446 548 πρὸς
3486 479 3688 552 αὑτδνή

487 549 594 600 lttm
622 548 935 616 hujusmodi
965 551 1162 606 dictio:
1188 554 1472 619 Quomodo
1495 559 1810 628 διμιουργός
1834 571 1919 617 est
1960 563 2048 616 hic

482 641 726 695 universi
758 643 945 697 mundi
985 647 1244 700 creator?
1271 647 1588 720 διμιουργὸν
1649 663 1851 707 norunt
1906 655 2052 708 anti-

483 733 576 800 ιιιιί
604 732 754 786 illum
821 735 912 804 qui
982 735 1195 806 publica
1249 740 1379 809 agit,
1437 743 1529 808 qui
1555 741 1736 796 civilia
1771 754 2050 811 Operatur,

484 825 596 889 qui,
629 834 685 878 ut
713 825 782 880 ita
807 827 1003 885 dicam.
1047 828 1331 885 laboriosa:
1354 831 1714 888 multitudinis
1753 844 1838 890 est
1865 835 2052 890 homo.

491 916 554 970 Et
579 929 757 973 tamen
790 919 880 974 ille
913 920 1000 990 qui
1031 932 1250 991 propter
1289 937 1390 977 nos
1415 933 1695 992 peccatum
1720 935 1774 980 et
1831 926 2054 982 maledi-

487 1011 598 1062 ctio
631 1021 853 1066 vocatus
880 1019 965 1066 est
994 1022 1046 1066 et
1071 1012 1354 1078 sustinuit,
1385 1015 1638 1079 sustinet,
1676 1015 1820 1070 sicut
1835 1016 2050 1071 viduam

487 1100 586 1166 ipsi
611 1111 868 1170 tanquam
895 1103 1116 1172 pauperi
1147 1103 1411 1172 quosdam
1452 1102 1642 1158 obolos
1663 1104 2049 1172 porrigentem,

489 1192 570 1243 sic
610 1201 666 1245 et
697 1206 794 1245 nos
822 1192 1000 1260 ipsum
1041 1191 1492 1262 cognominantcs
1543 1193 1697 1264 juxta
1759 1195 2051 1264 quamdam

483 1283 705 1335 ιιιηιιίηο
728 1284 1046 1348 bonitatem,
1083 1300 1148 1339 ex
1183 1301 1291 1354 qua
1323 1287 1582 1356 partiaria
1616 1286 1746 1342 licet
1792 1295 1847 1341 et
1886 1287 2052 1356 parti-

483 1375 678 1437 culari,
712 1378 904 1430 transit
931 1379 998 1431 ad
1027 1379 1229 1446 aliquid
1283 1379 1556 1434 excelsius
1612 1379 1658 1433 is
1722 1379 1815 1446 qui
1876 1388 2054 1433 mente

484 1467 840 1522 transcendit.
884 1467 973 1524 Sic
1013 1469 1176 1524 etiam
1227 1469 1580 1540 gubernator,
1627 1469 1722 1540 qui
1781 1469 2048 1525 mundum

485 1558 689 1627 dirigit,
739 1569 792 1613 et
854 1561 1080 1629 plastes,
1140 1561 1232 1631 qui
1289 1576 1504 1616 summe
1588 1563 1808 1632 sapiens
1859 1573 1944 1619 est
1999 1572 2054 1618 et

487 1649 700 1712 artiic-x,
727 1652 908 1705 vocari
941 1651 1161 1721 gaudet.
1203 1652 1312 1707 Vox
1369 1651 1632 1723 σύμπασα
1673 1653 1810 1706 nihil
1860 1667 2050 1706 eorum

487 1757 609 1808 qua:
631 1752 760 1796 sunt
793 1742 845 1795 in
881 1746 1102 1807 mundo,
1127 1761 1303 1814 neque
1330 1747 1584 1809 mortale,
1608 1760 1785 1813 neque.
1819 1743 2050 1796 immor-

489 1833 595 1885 tale
619 1833 733 1886 sine
759 1831 866 1886 Deo
891 1849 1014 1888 esse
1044 1835 1384 1891 detnonstrat
1408 1853 1424 1900 ;
1453 1835 1630 1898 κτίσις
1674 1843 1856 1889 autem
1888 1849 1919 1889 a
1960 1831 2055 1888 Dei

490 1921 707 1990 opiﬁcio
751 1923 1026 1979 subtrahit
1059 1927 1320 1979 malitiam
1349 1943 1363 1980 :
1396 1940 1679 1994 peccatum
1757 1926 1902 1980 enim
1941 1925 2057 1994 ipse

495 2016 794 2067 secundum
853 2017 1056 2070 nullam
1119 2017 1240 2086 hujs
1288 2016 1565 2071 sententia:
1607 2015 2056 2086 signiﬁcationem

493 2108 695 2181 creavit
735 2115 829 2160 aut
861 2106 1006 2163 fecit.
1043 2107 1216 2164 Simul
1245 2120 1424 2163 autem
1481 2109 1720 2179 scipsum
1757 2109 2055 2164 increatum

491 2211 610 2250 csse
643 2198 817 2252 solum
854 2200 1109 2253 ostendit.

603 2363 606 2366 ί
813 2290 1124 2360 Troparium
1154 2295 1380 2361 primum
1413 2296 1529 2350 adn:
1557 2305 1774 2348 actam.

636 2381 950 2438 Mcmrriam
983 2385 1231 2441 Christus
1259 2387 1548 2440 verborum
1578 2387 1782 2456 quibus
1805 2387 2062 2440 mortales

565 2475 695 2538 Quae
718 2491 746 2528 a
773 2475 930 2531 Patre
964 2478 1189 2544 audivit,
1214 2479 1474 2549 apostolis
1500 2479 1657 2544 dixit,

565 2564 799 2633 Spiritus
820 2582 1085 2638 pr.rparat
1114 2569 1424 2641 linguarum
1451 2573 1730 2643 ignearum
1754 2573 2062 2642 spectaculo

557 2660 820 2725 Insidens,
852 2663 1218 2731 benedictum,
1252 2667 1553 2722 assimilata
1586 2682 1604 2720 :

555 2752 800 2806 Alienata
829 2769 959 2807 vero
979 2755 1167 2810 laudat
1201 2765 1256 2812 te
1280 2759 1513 2815 creatio.

563 2841 684 2896 188.
723 2841 941 2899 Scimus
971 2845 1312 2903 Salvatorem
1350 2850 1632 2906 Christum
1681 2852 2061 2922 prazvrnicndo

491 2934 811 3001 promisisse
839 2937 1159 3006 discipulis:
1189 2939 1327 2994 Cum
1356 2941 1656 2999 Paraclitus
1704 2945 1936 3008 venerit,
1961 2946 2059 2998 doc

489 3023 631 3076 ecbit
667 3039 760 3080 vos
787 3041 1002 3080 onmem
1036 3031 1318 3085 veritatem
1343 3041 1396 3086 et
1427 3043 1679 3104 suggeret
1707 3035 1862 3091 vobis
1911 3052 2059 3104 qua:—

2153 569 2380 640 τοιαύτη
2434 569 2618 636 λέξιςς
2669 570 2788 633 πῶς
2831 571 2887 625 δὲ
2939 570 3274 640 δημιουργὸς
3327 573 3358 625 6
3391 571 3483 625 τοῦ
3514 573 3687 644 κόσμου

2156 663 2474 731 σύμπαντος
2503 664 2734 733 ποιητής
2759 679 2774 730 ;
2803 663 3140 733 δημιουργὸν
3175 663 3386 717 οἴδασιν
3419 664 3468 718 οἱ
3503 665 3688 721 παλαιεὶ

2155 755 2244 808 τὸν
2273 755 2342 810 τά
2382 756 2552 826 δήμια
2576 758 2950 826 ἐργαζόμενον
2983 759 3074 814 τὸν
3107 759 3413 828 πολιτικὸν,
3465 764 3690 832 χειρώνα-

2154 864 2281 911 κτα,
2312 849 2428 914 τὸν,
2460 850 2534 910 ὡς
2561 847 2735 914 οὕτως
2764 851 2958 914 εἰπεῖν,
2998 855 3098 922 τῆς
3125 853 3454 923 χειρομάχον
3492 853 3690 923 πληθύος

2155 937 2464 1008 ἄνθρωπον.
2493 939 2601 994 Καὶ
2625 940 2776 1009 ὅμως
2799 941 2827 993 6
2850 940 2920 994 δι’
2949 941 3096 1011 ἡμᾶς
3125 941 3370 1011 ἁμαρτία
3394 943 3488 994 καὶ
3511 945 3690 1012 κατάρα

2153 1029 2476 1098 ὀνομασθεὶς
2507 1033 2601 1084 καὶ
2648 1031 3041 1102 ἀνασχόμενος,
3094 1033 3347 1101 ἀνέχεται
3380 1033 3522 1086 καθά
3548 1036 3690 1104 χήρας

2153 1117 2244 1174 οἷα
2267 1121 2366 1175 καὶ⁵
2387 1121 2595 1190 πίνητα
2617 1123 2766 1191 αὑτῷ
2787 1123 3121 1194 ποριζούσης
3144 1124 3364 1187 ὀϐολούς
3387 1143 3557 1191 τινας,
3577 1125 3691 1179 οὑτω

2157 1213 2253 1265 καὶ
2296 1213 2455 1282 ήμῶν
2501 1214 2955 1280 ἐπονομαζόντων
2997 1215 3165 1269 αὑτὸν
3219 1218 3365 1270 κατά
3421 1234 3536 1270 τινα
3583 1217 3691 1280 ὅλως

2155 1304 2530 1372 χρηστότητα.
2564 1304 2622 1368 ἒξ
2649 1301 2719 1404 ἦς
2745 1307 2979 1375 μερικῆς
3005 1305 3175 1376 οῦσης
3202 1308 3297 1360 καὶ
3330 1306 3688 1373 ἱδιωτιζοὺσης,

2157 1397 2472 1463 μεταχωρεῖ
2516 1395 2650 1464 πρὸς
2682 1395 2746 1449 τὸ
2794 1396 3130 1467 ὑψηλότερον
3154 1398 3183 1449 6
3213 1398 3303 1450 τὸν
3332 1398 3459 1450 νοῦν
3489 1397 3691 1450 διαδατι-

2154 1485 2269 1548 κός·
2298 1485 2441 1540 οὑτω
2487 1489 2581 1540 καὶ
2627 1489 2972 1558 κυϐερνήτης
3021 1490 3050 1540 6
3091 1490 3184 1542 τὸν
3212 1490 3420 1560 κόσμον
3479 1506 3691 1558 παραγαο

2153 1576 2268 1647 γὼν
2305 1578 2488 1647 χαίρει
2529 1579 2764 1642 ἀκούων,
2803 1581 2901 1633 καὶ
2961 1581 3208 1652 πλάστης
3241 1584 3270 1634 6
3303 1582 3398 1636 καὶ
3429 1584 3692 1651 παντέχνή.

2158 1686 2276 1738 μων
2305 1672 2398 1723 καὶ
2433 1671 2728 1740 πάνσοφος.
2756 1672 2830 1725 Τὸ
2863 1672 2920 1724 δὲ
2953 1673 3217 1742 σύμπασα
3257 1673 3416 1726 οὐδέν
3442 1690 3494 1725 τι
3527 1673 3623 1726 τῶν
3649 1675 3692 1725 ἐν

2155 1759 2234 1827 τῷ
2267 1761 2458 1832 κόσμῳ
2487 1763 2608 1830 δίχα
2640 1762 2779 1814 Θεοῦ
2805 1762 3066 1829 γενέσθαι
3097 1763 3423 1834 παραδηλοῖ,
3453 1763 3565 1819 οὔτε
3590 1764 3694 1829 θνη-

2159 1849 2273 1913 τὸν,
2300 1847 2422 1902 οὔτε
2453 1851 2739 1904 ἀθάνατον·
2766 1851 2826 1903 τὸ
2861 1851 2918 1905 δὲ
2947 1852 3127 1914 κτίσις
3163 1852 3432 1919 ὑπεξάγει
3461 1852 3554 1918 τῆς
3577 1855 3690 1904 κατά

2162 1940 2299 1993 Θεὸν
2331 1941 2693 2012 δημιουργίας
2724 1943 2823 2013 τὴν
2855 1945 3076 1998 κακίαν’
3115 1944 3397 2012 ἁμαρτίαν
3435 1942 3540 2014 γὰρ
3568 1943 3695 2004 αὑτὸς

2159 2029 2281 2084 κατ’
2311 2031 2464 2086 οὑδὶν
2494 2034 2902 2103 σημαινόμενον
2941 2036 3154 2098 ἐννοίας
3188 2033 3453 2102 τοιαύτης
3497 2033 3695 2098 ἔκτισεν,

2159 2120 2335 2175 εἴτουν
2389 2123 2668 2189 εποίησεν·
2705 2125 2826 2196 ἅμα
2868 2125 2926 2179 δὲ
2975 2128 3070 2180 καὶ
3095 2128 3353 2181 ἄκτιστον
3386 2124 3551 2178 αὑτὸν
3587 2119 3695 2175 εἶναι

2163 2211 2322 2279 μόνον
2352 2213 2677 2283 παραδηλοῖ.

2343 2309 2670 2377 Τροπὰριον
2706 2308 2942 2376 πρῶτον
2980 2305 3080 2374 τῆς
3120 2307 3339 2376 ὀγδόης
3371 2305 3549 2374 ᾠδῆς.

2161 2398 2325 2454 XXII.
2369 2401 2610 2469 Μνήμην
2641 2404 2668 2453 6
2696 2400 2929 2469 Χριστὸς
2961 2399 3071 2450 τῶν
3104 2398 3467 2469 βροτοσσὼων
3491 2398 3638 2458 ἐπῶν,

2375 2493 2443 2544 Ἀ
2475 2491 2916 2561 πατρακουσθεὶς
2946 2494 3056 2554 τοῖς
3086 2491 3410 2551 ἀποστόλοις
3437 2490 3556 2558 ἔφη,

2372 2583 2447 2635 τὸ
2474 2585 2694 2654 Πνεῦμα
2723 2584 2905 2653 τεύχει
2931 2582 3440 2654 γλωσσοπυρσεύτῳ
3472 2582 3581 2649 θέα,

2386 2671 2621 2740 Ἐφίζον,
2659 2673 2969 2742 εὑλογητὸν·
2999 2673 3372 2742 οἰκειουμένη,

2391 2764 2832 2834 ’Πλλοτριωμένη
2864 2764 2921 2816 δὲ
2952 2764 3152 2832 μέλπει
3189 2778 3249 2815 σε
3281 2761 3487 2826 κτίσις.

2233 2864 2382 2926 ρπην.
2425 2857 2661 2922 Οίδαμεν
2685 2855 2894 2925 φθάσαι
2917 2858 3030 2918 τοῖς
3059 2855 3334 2923 μαθηταῖς
3357 2850 3698 2922 ὑποσχετικῶς

2161 2949 2248 3000 τὸν
2279 2949 2505 3019 Σωτῆρα
2529 2948 2765 3019 Χριστὸν
2780 2949 2882 3010 ὃτι,
2918 2947 2978 3001 ὐ
2995 2946 3352 3017 Παράκλητος
3383 2945 3552 2999 ἐλθὼν
3585 2944 3700 2996 Mi-

2165 3039 2244 3104 ξει
2269 3041 2416 3110 ὑμᾶς
2442 3040 2642 3106 πάντα,
2667 3041 2762 3094 καὶ
2792 3041 3099 3109 ὑπομνήσει
3127 3038 3164 3092 ἃ
3190 3035 3344 3092 εἶπον
3375 3038 3528 3109 ὑμῖνο
3554 3035 3700 3089 ὡσαύ-

489 3128 710 3210 cunque
773 3115 905 3170 disi.
943 3115 1208 3174 Novimus
1235 3121 1400 3176 etiam
1429 3122 1580 3193 quod
1613 3125 1751 3178 nihil
1781 3135 1864 3180 cst
1913 3126 2057 3195 apud

2164 3148 2272 3194 τως
2293 3131 2519 3201 οίδαμιν
2541 3131 2638 3186 καὶ
2673 3131 2757 3184 ὅτι
2787 3131 2941 3185 οὑδέν
2983 3148 3037 3184 τι
3081 3131 3234 3201 παρά
3258 3129 3338 3200 τῷ
3373 3129 3548 3196 Πατρί
3579 3131 3702 3180 ἐστιν

489 3200 727 3268 Patrem,
762 3205 906 3275 quod
943 3223 1048 3261 non
1080 3208 1150 3264 sit
1179 3209 1346 3265 etiam
1399 3211 1541 3282 apud
1586 3212 1824 3284 Filium;
1856 3225 1914 3270 et
1941 3232 2058 3288 qua:

2165 3223 2194 3275 6
2227 3223 2302 3292 μή
2339 3200 2430 3276 καί
2470 3227 2621 3292 παρά
2663 3222 2799 3296 Υίῷ·
2839 3225 2936 3279 καὶ
2983 3225 3064 3277 ὅτι
3107 3224 3145 3278 ἃ
3171 3200 3344 3292 ὑπαρά
3383 3222 3480 3277 τοῦ
3522 3220 3700 3290 Ilath

487 3295 696 3351 audivit
725 3312 756 3350 a
787 3296 944 3353 Patre
967 3339 984 3365 ,
1014 3299 1298 3371 discipulis
1345 3311 1472 3358 nota
1535 3302 1685 3361 fecit.
1747 3305 1908 3363 Tales
1960 3309 2065 3379 igi-

485 3402 577 3446 tur
605 3392 904 3447 seutentias
931 3407 1266 3464 componens
1327 3396 1573 3451 melodus
1604 3399 1682 3453 ait
1728 3399 1872 3468 quod
1903 3399 2064 3454 Chri-

489 3492 609 3538 stus
631 3483 835 3552 τεύχει,
865 3483 915 3538 id
945 3492 1050 3550 est,
1082 3495 1234 3554 parat
1259 3494 1315 3541 et
1347 3485 1477 3542 facit
1539 3488 1641 3542 sibi
1681 3491 2018 3546 consubstan
2038 3521 2062 3532 -

490 3575 674 3628 tialem
705 3586 758 3630 et
790 3589 1101 3644 supremum
1131 3577 1436 3645 dumiuu,‘
1466 3577 1730 3649 Spiritum
1782 3591 2057 3648 sanctum,

496 3667 745 3738 μνήμην,
773 3667 826 3721 id
867 3677 970 3730 est,
1009 3668 1326 3723 memoriale
1354 3671 1898 3743 recordationemque
1951 3675 2063 3728 τῶν

497 3755 851 3828 βροτοσσώων
889 3757 1059 3822 επῶν,
1117 3758 1459 3827 salutarium,
1500 3775 1814 3816 sermonum
1851 3800 1866 3827 ,
1921 3779 2061 3833 quos

497 3848 956 3920 πατρακουσθείς,
987 3849 1104 3904 sive
1141 3865 1170 3903 a
1202 3849 1364 3906 Patre
1395 3851 1645 3920 audiens,
1679 3862 1935 3922 tanquam
1964 3871 2062 3910 ex-

495 3942 625 3996 hinc
647 3941 768 3996 illos
796 3941 1090 4010 accipiens,
1109 3940 1252 3996 sicut
1285 3949 1338 3995 et
1364 3957 1430 3996 ex
1455 3943 1573 4012 ipso
1597 3951 1650 3996 ct
1678 3943 1881 4012 Spiritu
1938 3961 2063 3999 san-

492 4043 605 4094 cto,
640 4032 899 4100 apostolis
932 4032 1086 4098 dixit,
1118 4031 1262 4087 sicut
1317 4033 1509 4088 doctor
1540 4033 1659 4088 illos
1712 4035 1952 4090 tradens.
2004 4037 2060 4090 In

497 4126 816 4179 memoriam
850 4125 1014 4194 igitur
1050 4124 1323 4180 revocavit
1379 4125 1512 4196 ipsis
1565 4124 1803 4194 Spiritus
1838 4137 2063 4183 sanctus

488 4217 640 4285 juxta
677 4218 880 4273 dictam
933 4217 1378 4287 promissionem,
1439 4227 1493 4271 et
1525 4217 1667 4285 apud
1702 4231 1799 4272 eos
1860 4216 2061 4271 mansit

491 4310 689 4366 sedens
717 4310 1056 4376 benedictus,
1111 4311 1164 4364 id
1189 4317 1291 4371 cst,
1350 4308 1595 4364 insidens
1655 4317 1734 4373 et,
1769 4308 1911 4362 sicut
1942 4317 2065 4377 post

499 4403 808 4459 Davidicam
855 4403 1277 4468 dedicationem,
1317 4401 1482 4456 modo
1515 4401 1695 4454 stabili
1726 4409 1781 4455 et
1809 4401 2064 4456 immuta-

2163 3315 2420 3384 ήκουσεν,
2448 3315 2716 3386 ἂγνώρισε
2737 3317 2851 3380 τοῖς
2885 3316 3179 3386 μαθηταῖς.
3213 3314 3326 3379 Τὰς
3362 3311 3700 3376 τοιαύταςοῐη

2163 3405 2373 3467 ἐννοίας
2419 3406 2656 3461 ινταῦθα
2705 3407 2950 3477 συνάψας
2998 3408 3028 3460 6
3077 3405 3336 3477 μελῳδὸς,
3371 3407 3554 3476 φησιν,
3590 3404 3702 3456 δτιό

2163 3497 2400 3564 Χριστὸς
2447 3497 2655 3567 τεύχει,
2681 3499 2710 3551 ὅ
2749 3497 2868 3552 ἔστι
2919 3495 3331 3560 κατασκευάζει
3373 3497 3473 3550 καὶ
3504 3493 3702 3549 ποιείτδ

2161 3589 2470 3656 δμοούσιον,
2497 3591 2589 3642 καὶ
2624 3588 3023 3644 συναδέσποτον
3047 3589 3206 3656 ἅγιον
3233 3587 3483 3656 Πνεῦμα.
3512 3585 3701 3656 μνήμην

2161 3679 2193 3734 ὅ
2219 3681 2338 3734 ἐστι
2371 3681 2742 3750 μνημόσυνον,
2768 3681 2863 3734 καὶ
2893 3681 3203 3750 ἀνάμνησιν
3235 3679 3348 3732 τῶν
3381 3674 3702 3748 βροτοσσὼων

2164 3771 2334 3839 ἐπῶν,
2361 3772 2526 3842 ήγουν
2547 3772 2656 3824 τῶν
2674 3773 2958 3842 σωτηρίων
2977 3771 3194 3839 λογίων,
3215 3771 3252 3825 ἃ
3269 3767 3656 3839 πατρακουσθεὶ
3669 3785 3697 3829 ο,

2163 3865 2335 3934 ήγουν
2362 3864 2636 3932 πατρόθεν
2685 3862 2949 3927 ἀκούσας,
2972 3862 3050 3925 ὡς
3089 3863 3303 3917 ὲκεῖθεν
3349 3862 3490 3916 αὑτά
3531 3858 3700 3916 λαϐὼν.

2165 3956 2311 4008 καθά
2341 3956 2436 4007 καὶ
2461 3955 2518 4020 ἐξ
2547 3955 2744 4008 ἑαυτοῦ
2775 3957 2869 4007 καλ⁵
2908 3955 3001 4007 τοῦ
3054 3956 3212 4021 ἁγίου
3252 3953 3586 4024 Πνεὺματος,
3613 3952 3702 4010 τοῖς

2163 4047 2486 4112 ἀποστόλοις
2517 4047 2644 4117 ἔφη,
2681 4047 2960 4116 παραδοὺς
2985 4049 3168 4100 ἐκεῖνα
3189 4044 3598 4106 διδασκαλικῶς·
3629 4041 3705 4093 καὶ

2165 4139 2349 4194 τοίνυν
2376 4139 2686 4208 ἀνέμνησεν
2715 4139 2911 4201 αὐτοὺς
2941 4139 3000 4191 τὸ
3037 4139 3194 4203 ἅγιον
3224 4137 3450 4204 Πνεῦμα
3474 4135 3606 4188 κατὰ
3627 4132 3704 4201 τήν

2167 4233 2468 4302 εἰρημένην
2503 4229 2862 4298 ἐπαγγελίαν,
2906 4231 3001 4283 καὶ
3029 4230 3365 4299 παρέμεινεν
3397 4229 3574 4288 αὑτοῖς
3605 4224 3703 4290 ἐφί-

2167 4321 2260 4386 ζον
2289 4323 2602 4392 εὑλογητδν,
2649 4322 2677 4376 δ
2721 4323 2868 4374 ἐστιν
2913 4321 3326 4390 ἐπικαθήμενον
3375 4321 3466 4372 καὶ
3495 4319 3567 4380 ὡς
3616 4310 3705 4370 οἷον

2173 4415 2312 4485 μετὰ
2341 4416 2703 4484 ἐγκαινισμδν
2724 4412 3014 4466 Δαυιτικδν
3046 4413 3324 4482 ἐνιδρυθὶν
3353 4413 3432 4474 είς
3466 4406 3703 4478 ἀμετάθεο

437 4563 446 4573 ⁸
489 4497 584 4552 bili
599 4497 652 4552 iu
669 4496 790 4551 loco
814 4499 1155 4551 constitutus.
1181 4493 1466 4560 Quomodo
1484 4507 1609 4546 vero
1629 4491 1907 4559 discipulis
1921 4495 2058 4547 venit

2169 4476 2261 4559 τον
2285 4476 2810 4574 καὶυάμετάστατον.
2852 4503 2974 4567 Πῶς
3002 4503 3060 4557 δὲ
3095 4476 3298 4572 ἐπῆλθε
3325 4505 3437 4565 τοῖς
3467 4476 3704 4572 μαθηταῖς

493 4590 733 4658 Spiritus
786 4597 1011 4643 sanctus
1065 4588 1119 4641 in
1161 4585 1616 4648 recordationem,
1671 4583 1739 4638 ad
1773 4585 1964 4646 instar.
2007 4594 2066 4640 ut

484 4681 686 4750 aliquis
715 4681 938 4746 diceret,
971 4677 1327 4733 memorantis
1360 4685 1414 4732 et
1465 4675 1897 4732 recordationem
1939 4694 2067 4750 sug-

486 4770 768 4846 gerentis?
860 4770 916 4824 In
984 4768 1198 4822 visione
1271 4764 1801 4837 γλωσσοπυρσεύτῳ,
1860 4767 1975 4822 sive
2007 4769 2064 4822 in

486 4863 668 4932 specie
703 4861 1078 4916 ﬂammearum
1109 4859 1458 4930 ignearumve
1487 4858 1810 4927 linguarum.
1829 4855 1941 4912 Hoc
1965 4873 2066 4913 au-

487 4966 595 5008 tem
629 4953 794 5018 facto,
827 4955 1019 5023 hisque
1046 4952 1114 5007 ab
1140 4953 1240 5007 ista
1280 4952 1366 5006 die
1390 4955 1600 5010 exorsis
1635 4970 1824 5010 omnes
1867 4956 2064 5009 docere

482 5059 537 5100 et
557 5047 832 5115 baptizare
852 5045 1166 5100 idololatras
1180 5057 1386 5116 gentes,
1409 5047 1678 5102 vindicata
1705 5048 2063 5115 tibi,Christe,

484 5137 700 5191 tandem
723 5145 972 5190 creatura
991 5137 1082 5191 tibi
1098 5152 1191 5207 per
1217 5137 1875 5203 idololatricumerrorem
1893 5158 2065 5212 quon-

483 5228 608 5280 dam
641 5225 839 5289 alit-na,
895 5225 1128 5294 μέλπει,
1167 5227 1221 5281 id
1255 5238 1363 5290 est,
1406 5245 1531 5284 cum
1571 5231 1808 5286 mclodia
1843 5240 1894 5286 te
1921 5232 2062 5287 cele-

484 5318 630 5373 brat:
663 5316 894 5386 μὲλπειν
931 5317 1074 5372 enim
1146 5335 1252 5373 non
1287 5329 1370 5374 est
1425 5320 1752 5391 simpliciter
1815 5323 2058 5391 laudare,

486 5410 602 5476 scd,
639 5413 714 5464 uti
744 5410 1180 5465 demonstratum
1217 5420 1323 5477 est,
1362 5426 1488 5468 cum
1526 5421 1714 5480 cantu,
1761 5415 2060 5469 secundum

486 5501 870 5571 etymOIOgi-am
900 5501 1128 5556 ἕπεσθαι
1165 5501 1337 5571 μέλει.

564 5590 688 5645 189.
719 5589 873 5656 Quod
913 5592 1232 5648 memoriam
1285 5592 1356 5646 ibi
1421 5593 1851 5648 recordationem
1893 5593 2060 5658 dicat,

489 5679 714 5735 evidens
743 5691 868 5736 est:
905 5683 1150 5737 doctrina
1212 5697 1446 5752 namque
1512 5685 1732 5753 prtevia,
1795 5684 2063 5738 oblivione

491 5779 676 5840 postea
705 5782 886 5841 utpar
913 5783 996 5829 est
1045 5773 1307 5842 insecuta,
1373 5775 1682 5845 supervenit
1737 5776 2060 5843 recordatio,

2166 4595 2227 4652 τὸ
2252 4598 2410 4666 ἅγιον
2442 4597 2667 4666 Πνεῦμα
2697 4599 2777 4660 είς
2805 4596 3130 4665 ἀνάμνησιν,
3163 4595 3320 4665 δίκην
3341 4591 3556 4658 ὡσανεὶ,
3585 4590 3705 4642 rimi

2165 4707 2251 4754 τις
2276 4690 2574 4760 μνήμονος,
2592 4689 2761 4758 ἧγουν
2783 4688 3311 4759 ὑπομιμνήσκοντος;
3329 4685 3417 4740 Ἐν
3438 4684 3533 4756 θέᾳ
3558 4681 3705 4750 γλωσο

2167 4779 2548 4849 σοπυρσεύτῳ,
2583 4779 2752 4849 ήγουν
2797 4780 2856 4832 ὲν
2899 4777 3030 4832 είδει
3064 4779 3289 4847 πυρσῶν
3327 4774 3579 4845 γλωσσῶν
3606 4772 3703 4839 ήτοι

2165 4865 2434 4936 πυρίνων.
2462 4867 2665 4921 Τούτου
2697 4866 2753 4920 δὲ
2801 4865 2944 4920 οὕτω
2992 4867 3311 4938 γενομένου,
3357 4867 3451 4920 καὶ
3487 4863 3593 4916 τῶν
3616 4858 3705 4912 ἀπὸ

2163 4955 2261 5025 τῆς
2291 4954 2418 5026 ἄρτι
2453 4955 2777 5025 ἀρξαμένων
2808 4955 2902 5008 καὶ
2956 4956 3418 5026 μαθητευσάντων
3458 4953 3626 5006 πάντα
3650 4947 3706 4999 τὰ

2165 5045 2658 5115 είδωλολατροῦντα
2679 5045 2808 5114 ἔθνη
2835 5046 2934 5098 καὶ
2956 5045 3361 5115 βαπισάντων,
3390 5041 3704 5110 οἰκειουμένη

2167 5155 2274 5204 σοι,
2305 5133 2350 5192 ὦ
2381 5139 2604 5209 Χριστὲ,
2638 5136 2733 5192 τοῦ
2763 5137 2950 5191 λοιποῦ
2981 5139 3014 5208 ἡ
3043 5137 3220 5201 κτίσις
3251 5141 3287 5207 ἡ
3323 5133 3706 5208 ὴλλοτριωμένη

2169 5230 2360 5301 πρώην
2387 5230 2494 5282 ἀπὸ
2529 5229 2623 5283 σοῦ
2657 5229 2744 5283 διά
2777 5229 2877 5300 τὴν
2918 5230 3206 5300 είδωλικὴν
3253 5231 3484 5298 πλάνην,
3531 5225 3704 5293 μέλπεσ

2169 5339 2251 5386 σε,
2291 5323 2318 5374 ὃ
2348 5322 2499 5374 ἐστιν
2529 5321 2690 5390 ὑμνεῖ
2721 5337 2782 5374 σε
2823 5326 2962 5391 μετά
2999 5320 3472 5390 μέλους’,μέλπειν
3495 5317 3600 5385 γὰρ
3626 5312 3706 5378 οὐχ

2165 5412 2353 5474 ἁπλῶς
2394 5413 2454 5466 τὸ
2501 5413 2768 5477 ἐπαινεῖν,
2803 5412 2919 5466 ἀλλ’
2949 5413 3024 5476 ὡς
3072 5414 3165 5466 καὶ
3216 5409 3630 5479 προδεδήλωται,
3656 5401 3707 5454 τὸ

2169 5507 2311 5570 μετά
2342 5503 2612 5576 ᾅσματος,
2650 5501 2804 5571 παρὰ
2834 5501 2896 5555 τὸ
2927 5502 3157 5555 ἕπεσθαι
3188 5499 3364 5570 μέλει.

2241 5596 2386 5664 ρπο’.
2420 5598 2542 5650 Ὀτι
2587 5593 2643 5646 δὲ
2706 5595 2928 5664 μνήμην
2976 5592 3211 5646 ἐνταῦθα
3269 5591 3368 5662 τὴν
3430 5589 3705 5652 ἀνάμνησιν

2166 5687 2336 5755 λέγει,
2378 5687 2538 5756 δῆλον
2559 5703 2573 5719 ο
2609 5686 2953 5748 διδασκαλίας
2990 5685 3095 5754 γὰρ
3128 5680 3570 5753 προῦπαρξάσης,
3601 5673 3702 5729 εἶτα

2170 5781 2338 5850 λέιυης
2369 5779 2444 5855 ᾰις
2472 5779 2615 5843 εἰκὸς
2652 5779 3038 5846 ἐγγινομένης,
3078 5777 3450 5846 ἐπεισέρχεται
3487 5770 3703 5838 ἀνάμνη-
