3824 6572
205 420 273 480 τοι

200 559 274 601 σις,
304 533 597 600 ἀναπόλησις
646 524 777 585 οὖσα
824 532 1045 604 μνήμης
1083 534 1322 604 ἐκείνης,
1358 537 1450 588 καὶ
1493 534 1682 608 μνῆμη
1715 537 1761 593 Α

199 634 271 697 μὲν
310 628 385 680 καὶ
413 624 539 695 αὐτὴ
570 626 856 695 λεγομένη,
892 627 1228 697 κυριώτερον
1268 627 1323 681 δὲ
1360 629 1686 698 ἀνάμνησις.

196 725 323 786 Τίιδέ,
351 719 681 789 βροτοσσώων
698 718 864 782 ἐπῶν,
887 718 1037 787 δηλοῖ
1072 720 1171 790 μὲν
1197 720 1324 782 τοὺς
1349 719 1458 772 τῶν
1483 720 1687 789 βροτῶν

194 810 435 871 σωστικοὺς
457 807 639 875 λόγους
664 806 755 861 τοῦ
784 807 948 860 Θεοῦ·
982 809 1365 879 παραλήγεται
1394 810 1449 864 δὲ
1478 810 1555 879 τῷ
1594 827 1689 874 με-

192 904 305 969 γάλῳ
328 919 382 962 ω,
410 900 477 963 ὡς
522 899 627 952 ἀπὸ
672 901 764 953 τοῦ
798 902 924 955 σώω
957 904 1019 955 τὸ
1052 904 1229 967 σώζω.
1263 897 1324 958 οὗ
1358 905 1689 975 παράγωγον

188 996 232 1042 τὸ
256 990 443 1042 σωίσκω
497 990 587 1041 καὶ
634 989 890 1058 σώεσκον,
921 993 995 1056 ώς
1049 995 1111 1046 τὸ
1156 993 1550 1059 ζώω,ζωέσκω
1592 994 1689 1046 καὶ

189 1082 393 1145 ζώεσκον.
422 1080 479 1131 Ei
510 1080 565 1132 δὲ
597 1082 688 1133 καὶ
718 1081 805 1134 διὰ
836 1083 929 1136 τοῦ
958 1100 985 1136 o
1018 1086 1213 1154 μικροῦ
1245 1090 1446 1155 γράφει
1476 1103 1563 1147 τις
1591 1085 1691 1138 αὑ-

186 1173 258 1238 τὴν
286 1173 699 1240 παραλήγουσαν,
732 1175 792 1227 οὐ
826 1176 1178 1246 σφαλήσεται.
1214 1177 1276 1229 Ei
1329 1174 1436 1248 γὰρ
1489 1178 1610 1239 σόος
1660 1178 1690 1229 6

186 1263 308 1331 ὑγιὴς
329 1265 443 1329 παρ’
473 1264 693 1334 Ὁμήρῳ
723 1264 829 1319 ἀπὸ
856 1266 949 1320 τοῦ
984 1268 1092 1321 σέω
1118 1267 1178 1320 τὸ
1205 1269 1383 1339 όρμῶ,
1418 1271 1511 1321 καὶ
1543 1269 1688 1321 ἐκεῖ·-

183 1354 251 1405 θεν
272 1354 501 1416 λαοσσόος
528 1354 775 1421 θηλυκῶς
799 1358 830 1427 ὴ
862 1357 1106 1427 σωστικὴ
1141 1359 1235 1411 τοῦ
1278 1358 1433 1425 λαοῦ,
1461 1359 1688 1415 δύναται

182 1440 288 1497 sive:
328 1447 412 1498 καὶ
448 1445 680 1501 λαοσσόα
725 1448 830 1518 ἔπη
874 1449 942 1502 τὰ
991 1450 1129 1513 θεία,
1159 1452 1227 1504 δι’
1256 1446 1330 1505 ὧν
1380 1452 1549 1520 ὑγιῶς
1576 1452 1691 1520 ἔχει

180 1538 427 1605 ἀρεταίνων
450 1539 475 1591 6
503 1538 808 1607 ἄνθρωπος.
834 1541 896 1595 El
928 1542 983 1596 δέ
1014 1560 1091 1606 τις
1123 1543 1239 1612 ἐρεῖ
1268 1543 1527 1597 λαοσσόον
1550 1539 1688 1596 εἶναι

187 1628 447 1697 Ὁμηρικῶς
465 1629 558 1699 τὴν
585 1631 832 1698 σόουσαν,
859 1634 1028 1705 ἤγουν
1049 1634 1308 1690 κινοῦσαν
1334 1634 1427 1688 τὸν
1454 1634 1582 1687 λαὸν
1612 1634 1691 1697 είς

179 1722 381 1789 πόλεμον,
409 1714 450 1789 ᾧ
474 1723 534 1794 δὴ
564 1724 752 1792 ὅμοιον
786 1727 879 1779 καὶ
907 1727 967 1778 τὺ
998 1727 1309 1796 δορυσσόος,
1356 1726 1537 1789 καλῶς
1588 1726 1691 1798 μὲν

176 1815 288 1878 λέγει
322 1817 405 1868 καὶ
434 1816 657 1880 ἐκεῖνος,
695 1818 796 1870 οὒκ
849 1820 1142 1889 ἀνατρέπει
1175 1821 1231 1875 δὲ
1272 1823 1331 1873 τὸ
1366 1820 1496 1891 παρ’
1529 1821 1686 1890 ἡμῶν

177 1904 319 1974 ῥηθὲν,
359 1906 637 1973 ἀσφάλτως
697 1910 806 1977 γὰρ
855 1909 1089 1980 εἴρηται.
1125 1912 1275 1980 Τάχα
1326 1910 1382 1963 δὲ
1424 1915 1519 1964 καὶ
1549 1912 1687 1964 κατά

176 1999 365 2050 τοιοῦτον
398 2001 797 2068 σημαινόμενον
829 2002 1126 2072 βροτοσσόα
1160 2005 1263 2073 ἔπη
1318 2004 1388 2056 τὰ
1419 2002 1511 2056 τοῦ
1550 2001 1685 2056 Θεοῦ

174 2088 394 2155 λέγονται,
415 2087 500 2145 οἷα
524 2090 716 2145 σέοντα
743 2095 860 2164 ἦτοι
890 2095 1137 2159 σέϐοντα,
1163 2097 1257 2149 καὶ
1279 2095 1688 2160 παρακινοῦντα.

174 2184 243 2231 τὸν
274 2182 532 2252 ἄνθρωπον
563 2187 643 2248 εἰς
678 2187 1093 2257 ἀγαθοπραξίαν
1122 2205 1135 2218 ·
1182 2189 1397 2260 ἀληθῶς
1427 2190 1534 2259 γὰρ
1565 2188 1690 2260 δίχα

173 2273 467 2338 διδασκαλίας
510 2278 659 2342 θείας
722 2280 815 2331 καὶ
867 2282 1153 2342 ἐπιπνοίας
1187 2281 1287 2350 τῆς
1337 2281 1399 2333 ἐκ
1430 2279 1562 2333 Θεοῦ
1597 2282 1690 2335 καὶ

174 2366 436 2434 συνάρσεως
488 2368 796 2436 ἀκινητίζει
822 2369 888 2420 τὰ
916 2371 994 2431 εἰς
1026 2369 1399 2438 ἀγαθουργίαν
1423 2372 1450 2422 ό
1482 2369 1690 2438 ἅνθρω-

174 2470 277 2514 πος·
308 2458 586 2524 ποιητικῶς
637 2458 697 2511 δὲ
752 2458 814 2511 τὸ
855 2458 1192 2529 βροτοσσόων
1228 2458 1475 2524 διπλάζει
1517 2460 1577 2512 τὸ
1615 2476 1646 2511 σ
1672 2475 1685 2489 ⁸

170 2546 281 2597 καθὰ
310 2548 391 2600 καὶ
418 2549 475 2600 τὸ
504 2548 820 2618 δορυσσόος,
858 2552 952 2603 καὶ
981 2551 1258 2615 λαοσσόος.

224 2725 311 2791 pL].
354 2724 421 2776 Τὺ
453 2724 508 2778 δέ
541 2724 700 2779 ἐπῶν
734 2726 948 2783 εὔτονον
995 2731 1094 2798 μὲν
1134 2724 1205 2800 ἦν
1233 2730 1329 2784 ἐὰν
1366 2727 1487 2786 εἷπε
1514 2732 1692 2801 λόγων

168 2817 279 2867 κατὰ
302 2816 389 2886 τὴν
410 2818 739 2872 ἀκολουθίαν
765 2820 857 2874 τοῦ
888 2821 1082 2890 είρμοῦ
1107 2838 1123 2853 ·
1159 2822 1240 2874 ὅτι
1270 2822 1328 2875 δέ
1368 2824 1401 2894 ἡ
1432 2823 1697 2895 προδεδη-

167 2909 343 2977 λωμὲνη
373 2911 461 2963 τοῦ
496 2911 727 2977 κανόνος
750 2914 1067 2984 ἀκροστιχὶς
1097 2914 1320 2967 ἀπαιτεῖ
1343 2916 1429 2968 τὸν
1460 2915 1691 2969 ἐνταῦθα

166 2998 371 3069 δεύτερον
414 3002 602 3070 στίχον
647 3003 743 3058 τοῦ
784 3005 1086 3077 τροπαρίου
1128 3005 1204 3074 μὴ
1247 3006 1472 3060 ἄλλοθεν
1521 3007 1692 3078 ἄρξα-

168 3091 280 3158 σθαι,
309 3094 416 3175 αλλ’
444 3096 550 3148 ἀπὸ
595 3096 692 3149 τοῦ
728 3097 894 3164 ἄλφα,
937 3098 1259 3167 μεταλαϐὼν
1306 3100 1334 3152 ὁ
1366 3100 1600 3169 μελῳδὸς
1630 3099 1692 3152 τδ

166 3182 280 3277 ἐπῶν
291 3184 552 3255 οὐδέτερον
582 3188 962 3257 πληθυντικὸν,
980 3189 1269 3258 ἐπάγει,⁹Α
1293 3190 1694 3261 παρακουσθεὶς
1719 3216 1763 3277 c

164 3274 263 3343 ἔφη,
286 3280 517 3332 τουτέστι
552 3279 627 3333 τὰ
653 3279 783 3347 ἔπη.
812 3281 887 3334 1'6
917 3280 972 3335 δέ
1004 3282 1409 3352 παρακουσθεὶς
1436 3282 1691 3353 όμοιάζον

164 3370 213 3434 τῆ
262 3373 492 3442 προφορᾷ
545 3372 691 3440 πρὸς
730 3371 796 3426 τὸ
840 3372 1295 3443 ξενηκούσθησαν,
1337 3392 1691 3446 προπαρεση-

164 3459 335 3528 μάνθψ
359 3462 449 3515 καὶ
490 3463 612 3515 ἐστι
641 3462 733 3515 καὶ
767 3462 899 3516 αὐτὸ
927 3463 1129 3535 χαρτὸν
1152 3461 1230 3533 τῷ
1263 3463 1484 3534 μελῳδῷ
1502 3480 1517 3495 ο
1550 3481 1686 3535 προ-

163 3553 489 3623 παραλήγεται
529 3554 595 3607 δὲ
624 3554 684 3607 τὸ
712 3555 857 3622 ἄλφα
887 3555 962 3617 ὡς
993 3553 1293 3625 ἀναύξητον
1316 3570 1330 3584 ⁸
1362 3554 1389 3608 δ
1417 3556 1478 3626 δὴ
1511 3555 1694 3610 πείσε-

160 3661 229 3696 ται
265 3649 347 3698 καὶ
381 3646 437 3698 τὸ
484 3633 930 3715 ξειὶηκοὺσθησαν
981 3648 1039 3699 ἐν
1076 3645 1153 3717 τῷ
1200 3644 1603 3715 ξενακουσθεὶς,
1643 3649 1697 3703 εἴ

160 3741 264 3793 πιτὲ
286 3758 360 3802 τις
397 3739 525 3792 αὐτὸ
562 3740 715 3809 είπῃ.
753 3739 825 3792 τδ
853 3738 910 3793 δέ
936 3737 1118 3807 τεύχει
1159 3738 1235 3800 ὡς
1266 3740 1692 3811 ποιητικώτερον

160 3834 429 3900 ίπιλέγεται
444 3850 458 3863 ·
486 3832 667 3893 ἄλλως
695 3831 803 3901 γὰρ
825 3832 919 3885 καὶ
940 3830 1003 3884 τὸ
1026 3830 1234 3900 πέμπει
1255 3831 1355 3884 οὐκ
1377 3831 1693 3902 ἀπροσφυές

158 3918 210 3994 ἦν
247 3926 484 3986 ἐνταῦθα,
519 3926 600 3986 ὡς
646 3923 740 3977 καὶ
781 3922 1204 3994 προδεδήλωται.
1255 3922 1322 3976 Ἦ
1357 3923 1412 3976 δέ
1456 3923 1694 3991 γλωσσο-

160 4017 420 4085 πὺρσευτος
472 4017 575 4068 θέοι
630 4015 730 4067 οὐκ
773 4013 967 4083 ἀφίησι
1013 4012 1104 4065 τὸν
1140 4012 1360 4065 συνετὸν
1416 4014 1694 4083 ἀκροατὴν

157 4109 251 4161 alii
275 4108 561 4160 ὑπολαϐεῖν
598 4107 670 4175 μὴ
697 4107 777 4159 ὅτι
809 4123 871 4173 γε
904 4107 1114 4172 νοῆσαι,
1141 4105 1223 4157 ὅτι
1248 4106 1307 4159 τὸ
1337 4105 1491 4175 ἅγιον
1522 4106 1693 4159 Πνεῦ-

159 4213 217 4262 μα
255 4198 326 4258 εἱς
366 4195 585 4263 πνεῦμα
621 4195 789 4264 βίαιον
843 4193 936 4245 καὶ
964 4194 1217 4261 γλώσσας
1239 4196 1477 4264 πυρσὰς,
1526 4196 1695 4265 ἤγουν

158 4290 356 4357 πυρίνας
408 4287 913 4358 μεταὸεσλημένον,
969 4284 1167 4354 ἐπῆλθε
1223 4288 1335 4351 τοῖς
1386 4287 1692 4357 μαθηταῖς⁸

156 4379 266 4431 ἀλλὰ
322 4384 431 4443 τοῖς
487 4381 564 4442 ὡς
617 4378 744 4447 ἐξῆν
790 4378 1076 4448 βλέπουσιν
1123 4377 1317 4449 ἐθεάθη
1347 4377 1539 4442 οὕτως.
1571 4381 1695 4445 Πῶς

154 4471 332 4534 οὖτως;
362 4468 774 4539 Σωματοειδῶς,
813 4466 887 4529 ὥς
916 4483 1077 4534 φασιν
1099 4466 1149 4520 oi
1180 4467 1347 4535 ἅγιοι,
1376 4466 1512 4536 ὅπερ
1544 4469 1692 4523 ἐστὶν

903 414 981 474 1N
1034 415 1375 476 HYMNUM
1417 414 2074 483 PENTECOSTALEM
2118 421 2578 485 DAMASCENI.

3262 421 3369 489 702

1794 542 1915 601 qum
1943 536 2348 605 quodammodo
2384 536 2701 593 memoriam
2754 536 2902 591 illam
2958 537 3253 601 rcmandit,
3283 541 3367 593 di-

1794 632 1879 676 ela
1936 625 2156 693 quidem
2189 636 2242 681 et
2283 630 2399 696 ipsa
2436 628 2723 691 memoria,
2762 628 3016 696 proprius
3074 638 3251 684 taumn
3284 646 3366 685 re-

1791 715 2065 769 cordatio.
2098 713 2210 769 Hoc
2256 728 2437 771 autem
2491 716 2848 786 βροτοσσώων
2896 718 3047 770 ἐπῶν
3098 718 3364 789 signiﬁcat

1789 804 2006 874 quidem
2051 806 2144 860 Dei
2177 821 2460 862 sermones
2512 807 2823 863 mortalium
2862 817 3193 866 servatores.
3222 810 3366 867 Pen-

1790 893 2041 949 ultimum
2102 905 2281 951 autem
2356 896 2517 954 habet
2553 898 2774 967 longum
2799 915 2865 966 ω,
2900 907 3161 967 tanquam
3193 916 3223 955 a
3250 917 3365 956 ver-

1791 987 1861 1042 bo
1897 987 2021 1040 σώω
2045 1003 2144 1058 pro
2178 987 2357 1054 σώζω,
2382 990 2542 1059 cujus
2571 989 2845 1045 derivatio
2868 1000 2952 1045 est
2974 994 3037 1045 τὸ
3065 994 3290 1047 σωέσκω
3311 1004 3368 1050 et

1792 1078 2054 1145 σώεσκον,
2088 1080 2228 1135 sicut
2259 1081 2321 1133 τὸ
2347 1081 2473 1145 ζώω
2513 1082 2748 1146 ζωὲσκω
2776 1091 2833 1137 et
2870 1082 3131 1148 ζώεσκον.
3161 1084 3219 1139 Si
3245 1089 3369 1154 quis

1789 1186 1920 1233 vero
1956 1186 2053 1241 per
2080 1170 2293 1226 brevem
2340 1190 2368 1225 ο
2395 1173 2596 1229 scribat
2626 1174 2786 1229 istam
2825 1176 3203 1243 penultimam,
3234 1178 3367 1232 uul-

1786 1262 1900 1318 lum
1930 1263 2171 1318 incurret
2210 1264 2553 1333 perieulum:
2594 1267 2638 1322 si
2687 1267 2833 1321 enim
2895 1267 3018 1331 σόος
3062 1270 3204 1337 apud
3258 1266 3369 1321 llo-

1790 1368 2000 1408 merum
2036 1369 2065 1408 a
2099 1355 2209 1408 σέω
2250 1355 2400 1412 irruo
2431 1372 2527 1427 pro
2558 1359 2585 1411 6
2623 1358 2780 1427 ὑγιὴς
2805 1358 3057 1424 habetur,
3088 1367 3144 1413 et
3170 1359 3368 1416 exinde

1789 1442 2023 1497 λαοσσόα
2054 1444 2317 1501 feminine
2362 1447 2565 1501 dicitur
2615 1449 2797 1517 populi
2828 1450 3115 1512 servatrix,
3140 1459 3369 1519 possunt

1789 1536 1952 1589 etiam
1985 1550 2108 1591 esse
2160 1536 2395 1591 λαοσσόα
2433 1539 2598 1594 verba
2629 1540 2834 1603 divina,
2877 1557 2970 1610 per
3026 1557 3150 1610 ηοω
3198 1557 3368 1597 sanus

1790 1624 2022 1681 eiiicitur
2044 1628 2243 1683 virtute
2289 1629 2551 1699 prmditus
2582 1630 2766 1688 homo.
2802 1632 2863 1685 Si
2906 1632 3031 1703 quis
3066 1643 3247 1687 autem
3280 1632 3366 1687 die

1791 1727 1878 1771 cat
1901 1717 2045 1788 apud
2103 1718 2399 1775 llomerum
2432 1735 2556 1777 esse
2611 1721 2869 1775 λαοσσόον
2926 1736 3045 1777 eam
3105 1738 3228 1792 qua'
3282 1731 3368 1777 est

1792 1809 2013 1873 σόουσα,
2042 1808 2157 1863 sive
2184 1810 2442 1879 papulnm
2469 1828 2692 1867 movens
2721 1812 2785 1866 ad
2812 1812 3039 1876 bellum,
3068 1828 3173 1867 non
3203 1827 3366 1868 secus

1790 1912 1855 1952 ac
1892 1899 2116 1953 verbum
2142 1899 2429 1971 δορυσσόος
2466 1903 2689 1972 pnlcbre
2741 1904 2960 1973 quidem
2992 1913 3047 1958 et
3094 1904 3180 1959 ille
3208 1904 3365 1965 dicit,

1789 1990 1885 2045 sed
1919 2005 1947 2044 a
1977 1986 2134 2045 nobis
2182 1992 2395 2047 dictum
2449 2010 2555 2048 non
2589 1996 2826 2049 evertit:
2859 2004 2975 2050 tuto
3012 2010 3245 2065 namque
3283 1995 3368 2047 di-

1789 2090 1938 2135 ctum
1960 2091 2081 2148 est;
2116 2082 2208 2138 sed
2241 2082 2382 2138 forte
2416 2082 2570 2154 juxta
2597 2084 2756 2141 talem
2789 2086 3238 2157 signiﬁcationem
3274 2084 3368 2140 Dei

1790 2174 1954 2226 verba
2003 2172 2306 2243 βροτοσσόα
2340 2174 2621 2238 dicuntur,
2683 2185 2941 2247 tanquam
3011 2175 3201 2230 σέοντα
3254 2176 3369 2229 sive

1792 2262 2020 2316 σέϐοντα
2054 2250 2435 2335 moventiaque
2468 2266 2739 2320 hominem
2770 2265 2838 2321 ad
2881 2266 3019 2321 bene
3046 2265 3313 2336 agendum
3348 2281 3361 2317 :

1792 2355 2018 2409 semotis
2040 2354 2184 2408 enim
2206 2354 2390 2421 divina
2424 2355 2674 2409 doctrina
2728 2364 2785 2409 et
2815 2356 3177 2425 inspiratione
3244 2368 3366 2423 quae

1791 2459 1853 2498 ex
1888 2443 1995 2498 Deo
2018 2455 2100 2498 est
2130 2456 2184 2500 et
2215 2446 2414 2500 unione
2444 2462 2552 2500 non
2590 2446 2656 2499 ad
2693 2445 2895 2501 bonum
2933 2444 3205 2516 agendum
3254 2460 3368 2498 mo-

1792 2546 1951 2591 vetur
1980 2538 2163 2592 homo.
2198 2536 2423 2591 Poetico
2476 2552 2629 2590 more
2674 2546 2855 2591 autem
2904 2538 2963 2590 τὸ
3014 2535 3367 2606 βροτοσσώων

1794 2645 1826 2683 σ
1881 2628 2143 2699 duplicat,
2202 2628 2349 2683 sicut
2392 2639 2448 2684 et
2507 2629 2795 2700 δορυσσόος
2823 2637 2879 2683 ct
2908 2627 3188 2690 λαοσσόος.

1864 2720 1994 2778 190.
2036 2721 2154 2776 Hoc
2188 2731 2373 2777 autem
2403 2721 2555 2777 ἐπῶν
2602 2721 2741 2777 bene
2792 2720 3011 2788 quidem
3044 2729 3191 2775 esset
3248 2728 3366 2772 ten-

1793 2830 1937 2879 sum,
1962 2814 2004 2869 si
2035 2812 2260 2870 dixisset
2287 2813 2463 2881 λόγων
2494 2814 2651 2881 juxta
2688 2828 2865 2868 nexus
2893 2812 3201 2883 sequelam:
3226 2826 3367 2880 quo-

1794 2906 1940 2961 niam
1972 2917 2153 2961 antem
2183 2914 2602 2977 praemonstrata
2658 2906 2887 2961 canonis
2920 2903 3252 2959 acrostichis
3279 2904 3371 2957 hic

1796 2998 2034 3066 reposcit
2069 2998 2369 3053 secundum
2398 2999 2639 3068 strophae
2669 3011 2884 3050 versum
2944 3010 3050 3049 non
3086 2994 3244 3047 aliter
3286 2995 3369 3048 in-

1794 3088 1899 3159 cipi
1925 3127 1940 3153 ,
1977 3104 2140 3158 quam
2174 3102 2268 3158 per
2295 3106 2352 3153 α,
2378 3098 2595 3157 sumpto
2659 3087 2827 3141 verbo
2878 3085 3030 3140 ἐπῶν
3061 3085 3126 3140 ad
3164 3084 3371 3155 plurale

1795 3190 2046 3233 neutrum
2098 3180 2282 3249 adjicit
2308 3179 2591 3235 melodus:
2633 3179 2703 3231 ’Δ
2759 3176 3197 3248 πατρακουσθεὶς
3238 3176 3368 3246 ἔφη,

1796 3271 1849 3325 id
1902 3280 1986 3326 est
2035 3270 2104 3323 τὰ
2134 3270 2242 3341 ἔπη
2270 3269 2517 3342 (verba)
2552 3311 2569 3326 .
2611 3268 2726 3326 iloc
2762 3284 2887 3325 vero
2932 3267 3373 3339 πατρακουσθεὶς

1796 3362 1864 3417 ad
1887 3362 1949 3416 τὸ
1979 3362 2422 3432 Εενηκούσθησαν
2483 3361 2857 3416 enuntiatione
2887 3360 3067 3416 simile
3094 3359 3243 3429 prius
3270 3374 3370 3413 ex-

1797 3453 2033 3523 positum
2064 3460 2190 3508 est:
2226 3461 2280 3507 et
2309 3461 2393 3508 est
2447 3452 2553 3507 hoc
2581 3452 2758 3521 ipsum
2788 3451 2999 3507 melodo
3039 3449 3365 3519 jucundum.

1798 3545 1969 3617 Alpha
2005 3561 2131 3602 vero
2153 3554 2375 3618 pr0pter
2413 3545 2688 3617 augmenti
2719 3544 3076 3601 remotionem
3137 3542 3369 3598 habetur

1797 3638 2262 3708 antepenultima:
2322 3636 2469 3707 quod
2518 3650 2654 3691 sane
2714 3642 2994 3706 pateretur
3084 3632 3249 3687 etiam
3309 3634 3370 3686 τὸ

1799 3727 2240 3800 ξενηκούσθησαν
2277 3729 2333 3785 in
2355 3727 2434 3800 τῷ
2489 3727 2887 3793 ξενακουσθείς,
2918 3725 2965 3781 si
2996 3725 3213 3797 quando
3246 3724 3370 3793 quis

1802 3816 1907 3873 hoc
1935 3818 2160 3874 diceret.
2215 3819 2330 3874 Hoc
2354 3826 2536 3874 autem
2577 3818 2758 3889 τεύχει
2802 3830 2861 3872 ut
2895 3816 3066 3889 magis
3097 3816 3367 3886 poeticum

1798 3908 2050 3977 eligitur:
2103 3910 2259 3965 aliter
2291 3910 2435 3965 enim
2471 3909 2695 3966 verbum
2726 3909 2936 3979 πέμπει
2965 3924 3074 3963 non
3111 3917 3262 3963 esset
3279 3908 3367 3962 hic

1796 3997 2228 4064 incommodum,
2251 4002 2328 4054 uti
2355 4000 2506 4070 prius
2526 4000 2953 4055 demonstratum
2984 4008 3087 4055 est.
3104 3999 3169 4052 'H
3194 4001 3371 4067 γλωσ-

1800 4090 2174 4159 σοπῦρσευτος
2226 4100 2408 4145 autem
2463 4088 2767 4145 visio'non
2799 4090 2931 4147 sinit
2982 4090 3368 4161 intelligentcm

1799 4181 2103 4236 auditorem
2135 4197 2235 4237 nec
2291 4181 2585 4251 suspicari,
2651 4196 2749 4235 nec
2797 4196 2826 4235 a
2862 4180 3078 4251 fortiori
3130 4181 3372 4251 cogitare

1798 4273 1939 4342 quod
1970 4270 2207 4341 Spiritus
2260 4250 2480 4325 sanctus
2523 4271 2575 4323 in
2620 4270 2871 4339 Spiritum
2914 4250 3283 4325 veluementem
3314 4275 3372 4323 et

1796 4364 2008 4434 linguas
2026 4364 2177 4418 ruias
2202 4363 2315 4418 sive
2337 4364 2519 4435 igneas
2543 4370 2937 4417 transmutatus
2961 4375 3122 4430 super
3136 4360 3373 4428 discipu-

1796 4458 1876 4511 los
1914 4456 2350 4510 venitzattamen
2386 4454 2712 4518 videntibus,
2747 4464 2805 4508 ut
2849 4451 3068 4516 licebat,
3107 4452 3185 4506 sic
3221 4453 3373 4509 visus

154 4559 200 4608 ἐν
226 4560 342 4612 εἴδει
378 4562 574 4629 πυρὸς,
606 4561 699 4610 καὶ
739 4559 813 4619 ώς
852 4561 910 4611 ἐν
947 4557 1075 4610 εἴδει
1116 4557 1375 4624 γλωσσῶν
1400 4573 1414 4587 ⁸
1452 4557 1519 4612 δι’
1548 4555 1625 4614 ὧν
1658 4562 1690 4631 ἡ

1798 4557 1900 4604 est.
1919 4548 2200 4615 Quomodo
2216 4547 2326 4603 sic?
2354 4546 2629 4618 Corporali
2654 4546 2921 4616 specie,ut
2941 4543 3299 4607 aiuntsancti.
3317 4546 3371 4599 id

152 4651 417 4719 αὐτοσοφία
439 4653 539 4722 τὴν
565 4651 933 4721 δοθησομένην
965 4653 1075 4713 τοῖς
1101 4650 1419 4714 ἀποστόλοις
1453 4654 1697 4720 σοφωτά-

150 4756 233 4809 την
272 4744 524 4814 λεκτικὴν
571 4742 832 4812 ἐδήλωσε,
864 4740 952 4794 διὰ
987 4742 1045 4794 τὺ
1077 4741 1151 4812 μὴ
1184 4742 1404 4794 δυνατὸν
1438 4738 1575 4796 εἶναι
1606 4746 1699 4799 ἄλ-

150 4828 239 4893 λως
281 4833 402 4896 τοὺς
466 4832 666 4896 θεατὰς
732 4832 855 4885 κατ’
910 4832 1033 4901 ὄψιν
1097 4836 1361 4905 σαρκίνην
1419 4835 1697 4888 ἀντιλαϐέ-

152 4918 365 4974 σθαιτοῦ
398 4923 635 4991 ἀοράτου
662 4924 837 4990 φωτὸς
885 4922 976 4973 καὶ
1012 4923 1178 4986 πυρδις
1211 4923 1303 4973 τοῦ
1330 4924 1487 4989 ἀγίιυ
1525 4924 1697 4977 [Iusti-

151 5027 315 5073 ,tatog.
1462 5026 1471 5031 ‘

210 5188 343 5257 ρίιαἏ
375 5191 611 5243 Δύναται
641 5190 697 5244 δὲ
727 5191 760 5258 ἡ
796 5190 894 5243 θέα
920 5189 1151 5242 ἐνταῦθα
1191 5189 1324 5258 πρὸς
1356 5190 1420 5261 τῇ
1463 5190 1551 5241 καὶ
1580 5190 1699 5245 κατ’

149 5280 383 5353 αἴσθησιν
416 5284 535 5352 δψει
565 5284 657 5337 καὶ
685 5283 917 5352 θεωρίαν
942 5281 1133 5352 δηλοῦν
1177 5282 1464 5351 φιλόσοφον
1482 5300 1495 5313 ο
1586 5285 1703 5335 ἐνε-

160 5370 380 5442 ῖάθυνον,
404 5376 478 5438 rb;
521 5376 687 5439 είκὶς,
724 5377 771 5428 οί
806 5376 960 5443 σοφοὶ
984 5376 1053 5428 τὰ
1085 5378 1463 5444 πνευματικά·
1499 5375 1701 5445 θεωρία

147 5465 243 5533 γάρ
266 5483 347 5529 τις
372 5470 590 5530 πάντως
615 5469 709 5520 καὶ
736 5468 797 5519 τὸ
818 5467 1005 5535 νοῆσαι
1034 5468 1107 5529 ὡς
1138 5469 1192 5519 ai
1219 5465 1427 5536 πυρσαὶ
1457 5467 1698 5534 γλῶσσαι

147 5556 232 5617 τὰς
260 5558 621 5621 ἀποστολικὰς
652 5557 999 5622 αἰνίττονται,
1024 5556 1283 5611 λαλοῦσαι
1310 5558 1470 5611 καινὰ
1497 5562 1699 5626 φωναῖς

150 5645 465 5711 ἀλλογενέσι,
495 5650 589 5701 καὶ
615 5647 870 5717 δηλοῦσαι
905 5647 1077 5710 οὕτως
1122 5648 1478 5715 ἐγκαινισμδν
1508 5649 1568 5701 οὐ
1602 5650 1696 5717 νή-

151 5748 266 5797 σιιιν,
288 5738 408 5789 οὐδὲ
432 5738 613 5807 χώρας
638 5740 800 5808 τῆσδε
834 5740 866 5809 ἢ
894 5742 1125 5809 ἐκείνης,
1154 5740 1289 5791 ἀλλὰ
1318 5742 1495 5809 πάσης
1522 5742 1698 5793 οἰκου-

153 5826 325 5896 μένης,
361 5834 451 5883 καὶ
494 5832 574 5885 ὅτι
606 5832 707 5885 οὐκ
738 5834 798 5883 ἐκ
835 5832 931 5899 τῆς
966 5831 1302 5899 χαμαιγαὶου
1338 5832 1558 5898 σοφίας,
1585 5832 1699 5884 ἀλλ’

1799 4650 1879 4694 cst
1915 4640 2017 4693 sub
2046 4638 2187 4707 ignis
2226 4639 2478 4707 imagine,
2513 4649 2563 4693 et
2582 4638 2682 4693 sub
2713 4637 3014 4707 linguarum
3041 4636 3245 4704 specie;
3278 4650 3372 4705 per

1798 4749 1935 4803 quas
1952 4733 2181 4802 ipsamet
2204 4732 2465 4803 sapientia
2485 4732 2719 4788 dandam
2745 4732 3009 4803 apostolis
3028 4731 3371 4802 sapientissi-

1801 4840 1943 4878 mam
1978 4826 2345 4892 eloquentiam
2382 4824 2775 4887 manifestavit,
2837 4839 2903 4879 eo
2952 4827 3103 4893 quod
3137 4824 3372 4892 possibi-

1800 4915 1850 4969 le
1896 4931 2003 4970 non
2031 4926 2115 4970 est
2143 4916 2301 4971 aliter
2337 4926 2675 4984 spectatores
2725 4916 2778 4968 in
2830 4914 3145 4971 carnalibus
3200 4915 3374 4972 oculis

1800 5007 2075 5062 invisibile
2105 5007 2288 5062 lumen
2334 5017 2389 5062 et
2442 5007 2622 5079 ignem
2683 5007 2925 5078 Spiritus
2974 5007 3151 5063 sancti
3180 5022 3375 5076 appre-

1803 5100 2065 5161 itcndere,

1865 5191 1989 5245 191.
2007 5192 2189 5246 Potest
2211 5207 2368 5246 auem
2388 5191 2476 5247 hic
2493 5194 2525 5262 ὴ
2547 5191 2642 5243 θέα
2658 5200 2849 5261 praeter
2867 5191 3178 5248 sensibilem
3198 5194 3370 5247 visum

1800 5284 1961 5337 etiam
1996 5282 2424 5349 speculationem
2486 5280 2916 5349 plnilosopliicam
2945 5281 3276 5351 signiﬁcare,
3314 5281 3368 5334 in

1799 5390 1959 5442 quam
1984 5382 2354 5443 penetrarunt,
2376 5380 2541 5443 utpar
2562 5382 2665 5437 est,
2685 5372 3054 5442 spiritualibus
3079 5374 3371 5439 sapientes.

1801 5468 2056 5531 Quaedam
2117 5465 2261 5519 enim
2308 5480 2532 5533 prorsus
2589 5474 2674 5517 est
2721 5463 2923 5517 theoria
2952 5462 3194 5530 cogitare
3221 5463 3366 5530 quod

1803 5558 1971 5626 ignea!
2014 5558 2211 5627 lingua:
2268 5556 2479 5627 linguas
2511 5556 2839 5626 apostolicas
2864 5553 3200 5623 :enigniatice
3254 5568 3372 5621 pro-

1801 5646 1958 5713 dant,
1979 5664 2125 5701 nova
2144 5647 2339 5718 linguis
2373 5647 2566 5700 alienis
2591 5646 2890 5715 loquentes,
2906 5652 2957 5697 ct
2976 5642 3054 5697 sic
3076 5642 3369 5696 ostenden-

1803 5749 1881 5793 tes
1914 5742 2321 5793 renovationcm
2357 5754 2459 5791 non
2489 5736 2786 5791 insularum
2818 5748 2986 5802 neque
3004 5733 3239 5802 regionis
3266 5735 3366 5786 ltu-

1798 5834 1887 5899 jus
1928 5845 2016 5885 aut
2051 5833 2212 5897 illius,
2240 5832 2330 5887 scd
2364 5831 2508 5885 orbis
2537 5826 2813 5894 universi,
2843 5835 2894 5879 et
2946 5825 3089 5893 quod
3142 5840 3250 5879 non
3296 5839 3365 5881 ex
