3824 6556
428 426 535 493 703

1137 408 1556 491 EUSTATHH
1592 430 2038 491 THESSALON
2054 430 2350 491 lCENSIS
2386 425 2945 490 METROPULITﬁ

3518 437 3592 497 'llll

429 540 671 609 sapienta
707 540 976 603 terrestri,
1036 542 1131 595 sed
1192 541 1443 610 desuper,
1481 557 1542 597 ea
1602 558 1721 609 qua:
1750 560 1895 597 nunc
1937 542 2021 595 di-

2138 539 2327 595 ἱνωθεν
2357 542 2426 595 τά
2465 559 2522 594 τε
2556 539 2650 593 νῦν
2678 530 3006 609 λαλούμενα,
3039 540 3223 593 καὶτὰ
3264 539 3458 609 ὕστερον
3478 560 3596 598 meu-

431 640 633 686 cuntur
664 641 715 686 et
760 649 882 703 quae
931 633 1288 702 Spiritunliter
1320 634 1374 687 in
1436 644 1718 701 posterum
1776 644 1905 689 sunt
1936 634 2018 687 di~

431 719 624 782 cauda,
680 720 773 773 Dei
848 720 1100 775 homines
1154 719 1352 791 linguis
1414 722 1753 791 exprimunt.
1803 721 2018 776 Diceret

438 810 603 864 etiam
641 813 859 880 sapiens
888 812 993 867 iste
1050 811 1300 868 meludus
1346 815 1491 883 quod
1543 814 1689 869 sicut
1737 816 1867 869 visa:
1914 815 2017 869 sub

437 903 581 968 ignis
639 904 1067 975 speeielinguac,
1122 921 1229 959 non
1262 905 1472 975 absque
1532 907 1677 961 acria
1719 909 2019 978 spiratione

436 1003 825 1064 apparuerunt,
857 997 937 1053 sic
966 1013 1139 1067 neque
1165 998 1537 1068 apostolorum
1573 1001 1772 1068 linguae
1796 1004 1914 1057 sine
1939 1005 2019 1056 di-

446 1087 571 1138 vina
603 1089 844 1144 motione
905 1103 1001 1158 per
1035 1089 1300 1160 Spiritum
1357 1100 1609 1144 sanctum
1667 1093 1858 1147 activae
1906 1092 2021 1147 lue-

441 1184 589 1230 runt.

512 1268 637 1323 192.
663 1267 773 1325 Hoc
824 1279 1003 1327 autem
1062 1274 1253 1341 ὲφίζον
1308 1277 1454 1331 velut
1502 1277 1735 1332 thronos
1782 1274 2021 1346 Spiritus

443 1361 621 1415 sancti
657 1362 966 1418 subindieat
998 1368 1523 1438 apostolos;quibus
1577 1379 1838 1437 tanquam
1907 1370 2021 1439 spi-

445 1449 691 1507 rltul’eris
726 1453 974 1511 insidens
1034 1457 1125 1512 ille
1175 1459 1383 1516 similes
1438 1462 1570 1517 istas
1612 1462 1743 1517 facit
1793 1463 2022 1521 divinis-

443 1537 598 1594 simis
645 1541 787 1597 circa
825 1541 990 1599 Deum
1018 1546 1232 1602 thronis
1265 1551 1356 1602 uni
1391 1551 1862 1619 supercmlestium
1936 1568 2023 1608 sa-

447 1644 663 1685 crorum
710 1634 986 1703 ordinum,
1028 1648 1085 1692 ut
1136 1639 1563 1697 didicimus.'Et
1604 1643 1690 1700 hic
1713 1646 1877 1699 etiam
1940 1644 2023 1699 di-

452 1723 563 1777 ctio
592 1724 685 1778 τοῦ
713 1726 924 1796 ὲφίζειν
958 1731 1261 1800 emphatice
1295 1736 1563 1806 signiﬁcat
1592 1738 1800 1802 ingredi
1851 1739 2024 1808 Spiri-

2122 631 2371 702 ματικῶς
2398 630 2816 701 λαληθησόμενα
2843 630 2895 683 οί
2923 628 3015 682 τοῦ
3046 629 3177 683 Θεοῦ
3204 629 3453 701 ἄνθρωποι
3474 634 3599 698 γλωτα

2117 723 2529 793 τηματίζονται.
2576 722 2735 776 Εῐποι
2776 721 2844 774 ἂν
2876 723 2905 775 ό
2936 721 3093 789 σοφὸς
3123 715 3270 784 οὗτος
3299 721 3513 791 μελῳδὸς,
3536 726 3601 779 καὶ

2118 816 2198 868 ὅτι
2224 813 2414 883 ὥσπερ
2444 814 2501 866 αἱ
2539 814 2821 885 όραθείσαι
2859 812 3160 882 πυροειδεῖς
3190 812 3408 878 γλῶσσαι
3441 814 3491 865 οὐ
3514 815 3601 883 δίχα

2120 907 2290 975 πνοῆς
2320 904 2510 977 ἀερίας
2539 905 2837 976 ἐφάνησαν.
2873 904 3045 967 οὕτως
3071 903 3191 957 οὐδὲ
3222 905 3277 957 al
3299 904 3505 971 γλῶσσαι
3523 908 3601 960 τῶν

2119 1000 2433 1054 ἀποστόλων
2465 999 2777 1070 ὲνήργησαν
2819 997 2895 1067 μὴ
2928 997 3248 1067 θεοκινητως
3275 996 3358 1050 διὰ
3383 998 3462 1050 τοῦ
3494 1000 3605 1065 ἁγίου

2120 1094 2460 1165 Πνεύματος.

2119 1268 2126 1274 ’
2193 1273 2338 1347 ιιι-ιβ’.
2388 1273 2464 1329 Τδ
2515 1273 2572 1328 δὲ
2620 1273 2806 1343 lg.ij
2857 1271 2952 1327 καὶ
2986 1271 3063 1335 ὥς
3093 1269 3311 1340 θρόνους
3348 1269 3611 1338 ὓπεμφαίνει

2119 1368 2213 1421 τοῦ
2243 1365 2399 1433 ἁγίου
2425 1364 2742 1434 Πνεύματος
2772 1364 2898 1428 τοὺς
2929 1361 3199 1433 μαθητάς
3227 1353 3302 1423 οἷς
3326 1353 3406 1412 οἷα
3428 1377 3614 1428 πνευμα·

2119 1458 2372 1528 τοφόροις
2417 1458 2595 1510 ἐκεῖνο
2632 1454 3060 1523 ἐπικαθήμενον,
3112 1451 3425 1521 ἀντιμίμους
3466 1450 3615 1514 αὐτοὺς

2122 1550 2270 1604 ποιεῖ
2296 1551 2407 1612 τοῖς
2453 1549 2751 1609 θειοτάτοις
2799 1547 2927 1616 περὶ
2955 1544 3095 1598 θεὸν·
3120 1545 3321 1614 θρόνοις
3361 1541 3432 1611 τῷ
3460 1542 3527 1594 ἐνὶ
3544 1542 3619 1593 τῶν

2123 1642 2532 1713 ύπερουρανίων
2565 1640 2735 1708 ἁγίων
2759 1637 3077 1706 ταγμάτων,
3111 1637 3189 1699 ὡς
3250 1633 3531 1703 ἐμάθομεν·
3557 1634 3622 1686 καὶ

2122 1734 2271 1788 ἔστιν
2299 1730 2534 1786 ἐνταῦθα
2562 1733 2596 1802 ἠ
2626 1730 2771 1797 λέξις
2794 1730 2889 1783 τοῦ
2921 1730 3130 1798 ὲφίζειν
3161 1728 3430 1798 ἔμφατικὴ
3452 1728 3529 1781 τοῦ
3546 1732 3625 1779 also

450 1822 564 1867 tum
612 1828 865 1874 sanctum
911 1822 963 1875 in
1018 1826 1299 1892 apostolos
1353 1836 1610 1896 tanquam
1652 1828 1707 1883 in
1742 1829 2020 1899 propriam

2138 1826 2298 1880 ιλθείν
2330 1824 2390 1878 τὸ
2417 1825 2571 1894 ἅγιον
2594 1823 2845 1893 Πνεῦμα,
2868 1823 2942 1887 ὡς
2978 1823 3058 1885 είς
3086 1818 3234 1876 οἷκον
3263 1821 3382 1873 [διον
3402 1823 3507 1882 τοὺς
3529 1822 3625 1873 ἀπο-

447 1904 672 1964 domum
704 1926 876 1980 nuper
909 1913 1234 1984 dedicatam,
1266 1927 1323 1971 ut
1374 1928 1533 1973 antea
1578 1897 1781 1974 dictum
1813 1897 1939 1988 est;
1967 1929 2023 1976 et

2138 1918 2352 1980 στόλους
2382 1917 2720 1985 προσφάτως
2751 1914 3196 1983 ὲγκαινισθέντα,
3221 1911 3359 1967 καθὰ
3384 1912 3628 1981 προγέγρσ-
3724 1912 3725 1969 Ῑ

449 2009 710 2071 tanquam
765 2015 971 2059 rectum
1026 2018 1079 2062 et
1130 2010 1341 2062 ﬁrmum
1392 2027 1732 2080 permanere,
1757 2013 1871 2068 sive
1895 2012 2021 2082 jux-

449 2099 504 2144 ta
541 2090 867 2147 locutioiiem
898 2097 1069 2167 magis
1098 2100 1485 2169 evangelieatn,
1547 2102 1885 2156 mansionem
1957 2116 2023 2156 a-

449 2181 562 2248 pud
597 2182 714 2237 illos
752 2182 953 2247 facere.
988 2196 1039 2240 et
1063 2196 1320 2257 tanquam
1348 2191 1723 2259 supersedere,
1749 2190 1801 2244 in
1825 2205 2021 2244 unum-

453 2286 727 2343 quemque
753 2290 940 2330 eorum
966 2278 1191 2331 lirtniter
1217 2281 1661 2349 requiescentem
1693 2292 1746 2335 et
1780 2281 1831 2333 in
1860 2280 2019 2335 linem

453 2378 730 2420 sessurum
785 2382 952 2436 super
980 2369 1165 2424 sedem
1217 2371 1375 2425 istam
1438 2373 1625 2443 gloriae
1672 2364 1835 2443 regni
1876 2374 2018 2443 ejus.

453 2454 511 2509 Si
558 2466 736 2510 autem
769 2458 857 2513 hic
905 2460 1012 2515 dici
1043 2470 1219 2529 potest
1269 2465 1412 2532 quod
1446 2464 1613 2519 etiam
1648 2465 1793 2519 velut
1814 2465 1868 2519 in
1894 2479 2024 2518 cur-

450 2562 547 2603 rus
623 2549 679 2603 in
737 2553 1011 2618 apostolos
1061 2553 1270 2623 ἐφίζειν
1305 2555 1690 2624 pronuntiatus
1738 2566 1822 2609 est
1852 2553 2025 2626 Spiri-

453 2647 543 2696 tus
567 2652 810 2707 sanctus,
832 2644 1238 2713 recogitandum
1281 2648 1425 2715 quod
1454 2662 1560 2701 non
1594 2647 1653 2700 τὸ
1683 2644 2023 2713 ὲφίζειν,εε‹1

455 2734 517 2787 τὸ
545 2735 854 2789 ἑπισαίνειν
901 2737 1213 2807 huiusmodi
1250 2741 1538 2794 sententiae
1581 2738 1861 2802 convenit;
1903 2746 2024 2792 tan-

454 2841 643 2895 quam:
706 2825 1105 2895 Conscendisti,
1151 2829 1403 2895 Domine,
1487 2840 1699 2900 equites
1744 2828 2025 2900 apostolos

455 2928 601 2985 tuos,
660 2930 791 2981 εις..
822 2928 879 2974 ιιι
909 2921 1184 2977 connectit
1208 2921 1342 2975 alter
1387 2922 1657 2977 melodus.

528 3011 649 3068 I93.
688 3010 804 3074 Hoc
824 3020 1004 3066 autem
1028 3011 1326 3083 εὐλογητόν
1349 3012 1437 3068 hic
1465 3013 1753 3068 commode
1786 3012 2026 3084 positum

455 3114 540 3160 est
573 3104 639 3159 ad
677 3113 909 3160 mentem
942 3103 1108 3176 hujus
1138 3092 1327 3163 octavi.
1349 3104 1616 3163 carminis
1642 3121 1661 3175 3
1711 3104 1870 3176 cujus
1893 3120 2027 3176 pra-

454 3194 699 3263 loqulum
738 3212 752 3249 :
786 3195 1097 3251 Benedicite
1121 3194 1431 3264 Dominum,
1465 3196 1582 3251 haec
1611 3206 1662 3250 et
1683 3195 1808 3261 ista,
1834 3210 2023 3265 perve-

458 3287 540 3340 nit
572 3286 639 3340 ad
677 3286 809 3342 illud
841 3302 857 3343 :
892 3286 1224 3361 Benedicite,
1261 3288 1489 3361 spiritus
1513 3286 2032 3359 justorum,quibus

457 3394 591 3433 sane
606 3380 801 3450 gaudet
824 3378 1062 3451 Spiritus
1095 3392 1355 3439 sanctus:
1389 3382 1629 3437 suaviter
1652 3394 1831 3439 autem
1873 3389 2032 3452 post:

458 3467 807 3535 insldeutem,
834 3472 1053 3540 ponitur
1082 3471 1187 3526 hoc
1228 3488 1243 3525 :
1280 3470 1651 3526 benedictum.
1713 3467 1831 3523 Non
1885 3466 2033 3522 enim

461 3559 605 3613 sicut
635 3562 971 3614 mundanum
999 3561 1209 3630 pondus
1272 3572 1462 3631 gravat
1510 3558 1754 3629 Spiritus
1805 3567 2033 3615 sanctus

461 3649 730 3716 insidens,
768 3650 859 3704 ubi
888 3651 990 3706 sibi
1026 3646 1313 3720 placuerit,
1351 3650 1445 3707 sed
1474 3651 1539 3705 de
1570 3665 1838 3707 consessu
1870 3651 2036 3705 bene-

461 3742 692 3809 dicitur;
716 3743 975 3812 quoniam
999 3742 1203 3798 bonum
1222 3752 1303 3797 est
1320 3750 1525 3798 sancite
1546 3741 2038 3812 Trinitatisjugum

463 3842 518 3888 et
544 3846 684 3887 onus
711 3832 830 3900 ejus
853 3833 989 3887 leve.
1020 3831 1146 3887 Ideo
1190 3836 1364 3889 bonus
1398 3832 1745 3888 Christianus
1784 3846 2040 3902 precatur

468 3931 527 3976 ut
563 3917 629 3976 ad
659 3936 718 3976 se
748 3923 927 3976 veniat
957 3931 1011 3977 et
1035 3921 1272 3978 insideat
1300 3923 1540 3992 Spiritus
1574 3933 1822 3984 sanctus.
1856 3931 1909 3976 et
1952 3937 2041 3975 ac-

470 4015 841 4085 quiescentem
890 4015 1184 4079 benedicit,
1234 4024 1287 4071 et
1315 4014 1663 4085 superlaudat
1692 4023 1746 4070 et
1787 4028 2045 4083 superes-

469 4108 625 4177 altat,
682 4122 1020 4179 cognoscens
1049 4109 1227 4164 taliter
1277 4112 1522 4179 pusse’se
1578 4108 2042 4179 propinquitatem

471 4202 537 4253 all
575 4200 741 4256 Deum
771 4200 1011 4265 habere;
1046 4202 1219 4257 sancti
1250 4218 1482 4272 namque
1519 4203 1668 4271 pueri
1699 4200 2042 4255 benedictum

469 4303 522 4347 et
545 4292 1035 4362 superlaudahilem
1065 4303 1117 4346 et
1140 4294 1599 4364 superexaltatum
1626 4294 1915 4363 psallentes
1943 4294 2043 4346 Do-

471 4386 699 4451 minum,
736 4385 878 4455 quod
912 4398 1018 4454 est,
1048 4386 1190 4455 quod
1222 4384 1347 4452 fuit,
1378 4398 1432 4442 et
1476 4386 1622 4457 quod
1654 4385 1709 4439 in
1778 4394 2043 4439 aeternum

471 4478 596 4544 erit,
644 4477 1041 4546 exprimehant.
1075 4474 1438 4547 Οἰκειουμὲνη
1489 4474 1615 4532 vero
1645 4488 1896 4532 creatura
1921 4477 2048 4547 jux-

2055 3248 2104 3314 C

2131 2026 2263 2063 πται
2288 2024 2302 2036 ⁸
2330 2012 2424 2062 καὶ
2448 2007 2524 2071 ὡς
2553 2008 2709 2069 εύθὲς
2739 2009 2832 2061 καὶ
2856 2005 3119 2067 εὐσταθὲς
3147 2004 3479 2073 παραμεῖναι,
3501 2005 3628 2055 εἰπεῖν

2125 2099 2183 2153 δὲ
2211 2099 2445 2169 μάλιστα
2474 2098 2869 2170 εὐαγγελικῶς,
2896 2100 3065 2166 μονὴν
3101 2092 3232 2167 παρ’
3260 2092 3429 2155 αὐτοῖς
3455 2093 3629 2159 ποιήσα-

2130 2188 2276 2254 σθαι,
2315 2191 2411 2244 καὶ
2437 2184 2550 2244 οἷον
2574 2189 3023 2257 ὲπικαθεσθῆναι,
3059 2188 3143 2250 είς
3174 2186 3266 2239 ἕνα
3291 2185 3497 2237 ἕκαστον
3521 2183 3629 2236 insi.

2128 2298 2242 2334 νων
2266 2282 2807 2351 ἔπαναπαυσάμενον
2832 2278 3083 2350 ἐδραίως,
3111 2277 3207 2329 7.0.1
3234 2275 3416 2346 μέλλον
3436 2273 3502 2335 εἰς
3520 2270 3633 2335 τίλας

2130 2372 2402 2444 καθῆσθαι
2434 2375 2511 2434 ὡς
2535 2371 2628 2425 ἐπὶ
2658 2371 2851 2442 θρόνου
2886 2369 3077 2423 τούτου
3109 2366 3268 2435 δόξης
3295 2365 3389 2432 τῆς
3418 2360 3634 2433 βασιλείας

2128 2462 2320 2518 αὐτοῦ.
2360 2461 2427 2517 El
2480 2461 2537 2515 δὲ
2584 2461 2733 2515 ἔστιν
2781 2460 2962 2513 είπεῖν
3000 2455 3236 2512 ἐνταῦθα
3260 2455 3340 2509 ὅτι
3372 2456 3459 2507 καὶ
3490 2452 3551 2515 ὡς
3572 2452 3638 2504 ἐπὶ

2130 2557 2399 2627 ἁρμάτων
2447 2554 2559 2609 τῶν
2601 2552 2770 2621 ἁγίων
2822 2548 3139 2604 ἀποστόλων
3181 2547 3379 2617 ἑφίξειν
3408 2542 3574 2615 ἐρρέθη
3594 2541 3638 2595 τδ

2130 2649 2288 2717 ἅγιον
2318 2646 2564 2716 Πνεῦμα,
2602 2644 2931 2715 ἐνθυμητέον
2958 2642 3043 2697 ὅτι
3064 2641 3128 2695 οὐ
3160 2639 3221 2694 τδ
3250 2638 3447 2707 ἰφίζειν
3464 2633 3575 2690 ἀλλὰ
3594 2632 3639 2686 ιδ

2131 2741 2433 2796 ἐπιϐαίνειν
2449 2741 2516 2810 τῇ
2538 2736 2765 2808 τοιαύτη
2781 2734 3038 2806 ἁρμόττει
3058 2731 3259 2803 ἐννοίᾳ,
3276 2732 3348 2791 ὡς
3366 2730 3444 2794 τὸ,
3457 2724 3641 2791 ἐπέσης

2132 2831 2407 2901 ἑφίππους
2431 2831 2558 2893 τοὺς
2585 2828 2919 2890 ἀποστόλους
2947 2841 3069 2892 σου,
3097 2823 3294 2893 Κύριε,
3324 2824 3412 2876 καί
3443 2817 3567 2888 ἑξῆς,
3586 2816 3642 2878 ὡς

2134 2924 2446 2994 είρμεποιεῖ
2474 2921 2665 2991 ἕτερος
2702 2918 2963 2989 μελῳδός.

2208 3018 2353 3086 piat
2386 3014 2461 3067 Τὸ
2496 3013 2555 3068 δὲ
2602 3011 2895 3082 εὐλογητὸν
2927 3007 3184 3078 ἐπίτηδες
3223 3005 3447 3060 ἐνταῦθα
3475 3000 3646 3070 τιθῆναι

2135 3109 2272 3179 πρὸς
2297 3106 2551 3180 ἐνθύμιον
2575 3106 2771 3178 ὀγδόης
2797 3102 3002 3175 ταύτης
3029 3104 3174 3176 ᾠδῆς
3194 3120 3208 3134 ·
3233 3097 3303 3174 ἧς
3329 3098 3646 3171 προκατάρχον

2137 3203 2221 3267 τὸ,
2257 3201 2543 3268 Εὑλογείτε
2572 3202 2662 3254 τδν
2687 3199 2891 3271 Κύριον
2920 3197 3046 3251 τάδε
3068 3199 3162 3251 καὶ
3185 3198 3331 3261 τάδε,
3360 3192 3563 3261 καθήκει
3580 3188 3650 3241 καί

2135 3293 2217 3359 είς
2239 3294 2321 3361 τὸ,
2348 3292 2634 3361 Εὑλογεῐτε
2669 3290 2960 3360 πνεύματα
2999 3288 3251 3353 δικαίων,
3282 3283 3469 3355 δηλαδὴ
3495 3281 3651 3340 ὁποίας

2137 3384 2316 3456 χαίρει
2351 3385 2411 3438 τὸ
2435 3384 2592 3452 ἅγιον
2622 3381 2877 3449 Πνεῦμασ
2907 3380 3157 3448 γλυκέως
3194 3380 3250 3432 δὲ
3276 3378 3410 3447 μετὰ
3432 3377 3486 3428 τὸ
3509 3370 3652 3441 {qaij

2138 3479 2314 3530 κεῖται
2336 3475 2397 3529 τὸ
2421 3474 2733 3545 εύλογητόν.
2763 3473 2837 3528 Ού
2861 3473 2970 3543 γὰρ
2999 3472 3143 3527 κατὰ
3168 3468 3483 3541 βριθοσύνην
3504 3481 3654 3531 κοσμι-

2140 3567 2243 3638 κὴν
2267 3564 2495 3637 βαρύνει
2526 3567 2587 3620 τὸ
2616 3565 2774 3633 ἅγιον
2803 3562 3031 3635 Πνεῦμα
3053 3563 3267 3630 ἔφίζον,
3297 3560 3425 3613 ὅπου
3461 3556 3517 3610 ἂν
3543 3553 3653 3607 εὗδο-

2139 3662 2309 3733 κήσῃ,
2331 3659 2471 3714 ἀλλὰ
2503 3660 2807 3727 εὐλογεῖται
2840 3657 2940 3725 τῆς
2974 3655 3239 3727 ίδρύσεως
3259 3671 3272 3683 ·
3302 3651 3420 3705 ἐπεὶ
3449 3650 3532 3701 καὶ
3552 3663 3655 3716 χρη-

2140 3754 2263 3818 στὸς
2294 3754 2322 3806 ό
2365 3753 2466 3821 τῆς
2516 3750 2681 3820 ἁγίας
2723 3748 2952 3819 Τριάδος
2988 3746 3178 3815 ζυγὸς,
3232 3744 3329 3798 καὶ
3377 3738 3581 3809 ἐλαφρὸν
3608 3735 3654 3788 τ’)

2141 3846 2359 3917 φορτίον
2393 3844 2560 3915 αὐτῆς
2587 3861 2601 3878 ·
2638 3842 2721 3896 διὸ
2746 3843 2837 3894 καὶ
2864 3838 3084 3909 εὔχεται
3120 3838 3148 3891 ό
3189 3836 3351 3897 καλὸς
3388 3826 3657 3917 Χριστιανὸς
3700 3880 3705 3883 ,

2142 3916 2319 3988 ἐλθεῖν
2344 3936 2432 3988 ἐπ’
2459 3933 2624 3988 αὑτὸν
2655 3933 2749 3986 και
2777 3929 3033 4001 squam
3066 3931 3125 3981 τι
3150 3928 3309 3993 αγιον
3340 3922 3559 3991 Πνεῦμα,
3589 3916 3659 3969 καὶ

2144 4024 2463 4080 ύπακοῦσαν
2521 4023 2902 4095 ὑπερευλογεῐ,
2933 4022 3031 4077 καὶ
3076 4019 3387 4089 ὑπερυμνεί
3431 4012 3551 4067 αὐτὸ
3592 4006 3663 4061 καὶ

2143 4108 2441 4190 ύπερυψοτ,
2495 4113 2782 4185 γινώσκων
2843 4111 3105 4167 δύνασθαι
3159 4109 3334 4172 οὕτως
3386 4099 3664 4159 οἰκειοῦσθαι

2147 4211 2283 4282 πρὸς
2310 4210 2402 4263 τὸν
2432 4207 2588 4262 Θεόν.
2623 4209 2685 4260 υί
2712 4207 2821 4277 γὰρ
2859 4204 3128 4276 ψάλαντες
3161 4202 3309 4271 ἅγιοι
3347 4200 3521 4260 παῖδες
3550 4196 3667 4247 εὐλο-

2144 4302 2385 4375 γημένον
2436 4301 2532 4355 καὶ
2568 4298 2954 4372 ὕπερύμνητον
2985 4296 3077 4349 καὶ
3103 4292 3538 4365 ὑπεροψούμενον
3557 4282 3667 4339 εἶναι

2142 4392 2236 4447 τδν
2268 4391 2470 4463 Κύριον
2523 4390 2585 4446 τὸ
2609 4389 2670 4444 ὃν
2697 4389 2830 4443 αὐτὸ
2859 4386 3036 4451 εἶπον,
3069 4386 3131 4439 τὸ
3169 4387 3267 4440 καὶ
3293 4385 3574 4454 γινόμενον,
3597 4375 3669 4429 καὶ

2148 4487 2230 4548 είς
2255 4482 2459 4545 αίῶνας
2486 4480 2853 4553 γενησόμενον
2874 4492 2888 4508 ·
2914 4476 3261 4546 οἰκειουμένη
3286 4476 3341 4529 δὲ
3367 4474 3531 4532 κτίσις
3558 4467 3670 4522 κατὰ

471 4578 523 4622 ta
548 4583 890 4623 communem
927 4569 1217 4637 dialectqu
1251 4567 1398 4623 dicta
1423 4576 1507 4623 est
1534 4585 1548 4621 :
1577 4583 1715 4636 quos
1779 4566 1924 4621 enim
1957 4569 2032 4621 di-

2148 4577 2333 4648 κοινὴν
2358 4578 2640 4630 διάλεκτον
2672 4576 2987 4644 πέφρασται
3010 4587 3027 4604 ⁸
3060 4570 3155 4635 οὓς
3183 4570 3293 4640 γὰρ
3318 4567 3582 4639 φιλοῦμεν,
3608 4558 3671 4612 ol-

470 4659 713 4727 l‘gimus,
742 4660 1081 4730 propinquos
1113 4660 1367 4726 facimus,
1398 4668 1454 4714 et
1484 4660 1574 4713 isti
1604 4658 1761 4713 nobis
1814 4659 2038 4728 propin—

472 4752 564 4819 qui
598 4762 649 4805 et
684 4751 980 4808 familiares
1010 4753 1284 4807 dicuntur.
1314 4752 1370 4806 lu
1426 4752 1529 4805 hoc
1584 4766 1747 4806 sensu
1810 4750 2043 4819 reperie-

475 4848 679 4900 bantur
709 4846 851 4913 apud
884 4843 1082 4900 Persas
1116 4845 1296 4899 intimi
1329 4844 1601 4900 sermonis
1659 4843 1955 4913 principes,
1988 4853 2046 4897 ut

473 4937 745 4992 Amaseus
773 4937 1117 5007 geographus
1144 4935 1335 5001 refert.
1372 4946 1427 4992 et
1457 4935 1601 4992 istud
1626 4951 1721 4992 seu
1774 4936 2044 4991 sermonis

473 5028 903 5098 iutimi(oixelou
937 5028 1119 5097 λόγου)
1154 5026 1523 5083 denominatio
1572 5042 1745 5097 usque
1793 5041 1939 5081 nunc
1990 5026 2046 5080 iu

471 5121 654 5191 lingua
686 5120 1056 5177 ecclesiastica
1106 5132 1374 5177 servatur.

546 5214 670 5270 194.
709 5212 825 5270 Vox
851 5223 1029 5269 autem
1051 5214 1460 5286 ἡλλοτριωμένη
1486 5227 1743 5284 expresse
1770 5212 1913 5268 dicta
1940 5218 2045 5267 est.

475 5306 702 5361 Alienus
726 5306 869 5359 enim
898 5320 1053 5359 sacra
1088 5303 1374 5375 Scriptura
1408 5305 1543 5359 dicit
1565 5303 1784 5371 impios,
1839 5313 1895 5358 et
1923 5302 2045 5359 illus

473 5396 569 5465 qui
612 5404 760 5450 recta
792 5394 896 5449 llde
923 5409 1031 5449 nun
1059 5401 1187 5450 sunt
1224 5394 1291 5448 ad
1324 5391 1520 5448 Deum.
1553 5390 1716 5449 Tales
1745 5403 1875 5448 sunt
1905 5393 2039 5447 alie-

473 5488 531 5544 ni
564 5485 684 5555 ﬁlii,
714 5501 853 5555 quos
884 5485 1136 5542 audimus
1165 5501 1193 5540 a
1250 5486 1464 5542 semitis
1522 5486 1637 5541 suis
1682 5485 2045 5550 claudicassc,

474 5591 899 5653 peccatores'que
936 5582 1028 5653 qui
1054 5582 1123 5636 ab
1150 5590 1306 5637 utero
1330 5580 1551 5639 alienati
1603 5591 1751 5638 sunt.
1778 5582 2046 5639 Caeterum

473 5668 654 5729 autem
689 5673 896 5727 alieno‘s
916 5672 1097 5727 dicere
1121 5680 1412 5727 extraneos
1463 5688 1752 5730 commune
1796 5683 1919 5730 est:
1979 5673 2045 5729 ad

476 5782 698 5824 sensum
740 5780 868 5822 vero
894 5766 1179 5821 sententiae
1227 5768 1533 5836 proprium,
1600 5766 1888 5822 alienatam
1914 5768 2051 5825 dixit

479 5869 788 5915 creaturam
828 5858 883 5913 in
915 5867 1156 5929 tempore
1184 5856 1470 5929 plusquam
1503 5858 1776 5930 perfecto;
1826 5864 2048 5931 prepin-

2144 4668 2465 4740 κειούμεθα,
2519 4668 2614 4719 καὶ
2660 4668 2849 4719 οἰκεῖοι
2899 4663 3149 4731 λέγονται
3205 4663 3340 4733 ἡμῖν
3381 4661 3563 4712 ἐκεῖνοι
3600 4651 3673 4707 καὶ

2143 4763 2435 4819 οίκειακοί.
2469 4757 2739 4829 Τοιαύτης
2764 4757 2823 4810 δὲ
2850 4756 3058 4815 ἑννοίας
3098 4755 3191 4807 καὶ
3217 4754 3267 4806 οἱ
3297 4750 3446 4819 παρα
3476 4747 3676 4814 Πέρσαις

2146 4853 2240 4907 τοῦ
2268 4850 2470 4906 οἰκείου
2502 4848 2663 4917 λόγου
2690 4844 2979 4917 βασιλικοὶ,
2999 4844 3075 4908 ὡς
3096 4844 3125 4895 ό
3165 4840 3441 4911 ’Δμασεῑις
3464 4832 3675 4906 γεωγρὰ·

2148 4962 2247 5013 φος
2296 4943 2521 5012 ἱστορεῖ,
2572 4941 2667 4993 καὶ
2719 4937 3058 5008 φυλάσσεται
3084 4932 3268 4997 τοῦτο,
3334 4928 3562 5007 ἧγουνῄ
3602 4919 3676 4975 τοῦ

2147 5038 2350 5089 οίκείου
2410 5033 2568 5102 λόγου
2632 5030 2826 5100 κλῆσις
2888 5026 3054 5099 μέχρι
3109 5025 3205 5079 καὶ
3269 5023 3367 5077 νῦν
3424 5018 3677 5087 ἐκκλησια-

2150 5127 2374 5191 στικῶς.

2218 5219 2358 5290 ριιδν.
2401 5215 2467 5270 Ἦ
2504 5215 2560 5269 δὲ
2588 5212 2994 5284 ἠλλοτριωμένη
3051 5209 3342 5280 γραφικῶς
3366 5204 3554 5277 έρῥέθη
3577 5197 3683 5290 "vi.

2147 5287 2396 5381 λοτρίους
2433 5308 2542 5376 γὰρ
2587 5307 2620 5378 ἡ
2652 5304 2782 5374 ἁγία
2822 5304 3017 5375 Γραφὴ
3047 5306 3170 5364 τοὺς
3202 5300 3394 5362 ἀθέους
3421 5297 3577 5363 λέγει,
3600 5287 3678 5381 καὶ

2151 5403 2227 5473 μή
2252 5380 2449 5473 ὀρθοὺς
2473 5398 2575 5470 τὴν
2605 5400 2685 5460 εἰς
2715 5397 2850 5450 Θεὸν
2879 5398 3060 5449 πίστιν
3082 5410 3097 5423 ·
3130 5393 3363 5448 τοιοῦτοι
3391 5389 3517 5458 γοῦν
3536 5386 3582 5438 οί
3607 5380 3681 5436 ἀλ-

2147 5494 2350 5564 λότριοι
2374 5493 2504 5555 υίοὶ,
2533 5490 2625 5554 οὓς
2653 5489 2893 5560 χωλᾶναι
2921 5486 3197 5557 ἀκούομεν
3234 5484 3344 5538 ἀπὸ
3376 5483 3481 5535 τῶν
3508 5474 3682 5549 τρίϐων

2148 5584 2352 5648 αὐτῶν,
2375 5584 2471 5639 καὶ
2492 5584 2542 5637 οί
2568 5578 3107 5650 ἀπαλλοτριωθὼτες
3130 5580 3194 5631 ἐκ
3225 5577 3434 5647 μήτρας
3458 5573 3684 5640 ἁμαρτω·

2148 5677 2230 5732 λοί
2253 5691 2268 5707 ·
2304 5675 2623 5745 ἀλλοτρίους
2667 5674 2724 5728 δὲ
2754 5672 2931 5737 ἄλλως
2957 5671 3082 5735 τοὺς
3108 5669 3290 5737 ξένους
3333 5666 3508 5734 λέγειν
3531 5656 3683 5713 κοινόν

2151 5771 2268 5823 ἔστι
2292 5784 2305 5797 ·
2334 5768 2471 5840 πρὸς
2496 5764 2781 5837 ἀκρίϐειαν
2803 5763 2859 5817 δὲ
2886 5763 3097 5826 ἑννοίας
3149 5748 3682 5840 ἠλλοτριωμένηνγὲφη

2154 5856 2329 5913 κτίσιν
2382 5838 2522 5912 κατὰ
2570 5856 2759 5927 χρόνον
2813 5851 3304 5925 ὑπερσυντελικόνο
3340 5838 3681 5911 οἰκειουμένων

3680 462 3681 495 l

3688 704 3689 751 ι

3690 824 3693 881 ι

3696 946 3697 987 l

3698 1006 3699 1055 ι

3698 1068 3701 1115 ‹

3702 1128 3703 1175 ι

3704 1248 3707 1289 l

3707 1310 3709 1370 γ
