3824 6558
141 393 227 454 ῑθὸ

890 391 972 453 ΙΝ
1011 392 1340 451 HYMNUM
1376 390 2031 455 PENTEL’OSTALEM
2076 398 2530 460 DAMASCENL

3225 410 3335 473 706

137 508 177 557 δὲ
205 502 323 555 κατὰ
352 500 616 553 ἐνεστῶτα
642 518 652 529 ·
692 500 1030 573 ἡλϊυτρίώθη
1075 504 1174 573 μὲν
1199 504 1306 573 γὰρ
1326 503 1420 569 ἀφ’
1466 502 1634 556 ἱκανοὶ

1763 517 1925 571 quam
1967 516 2146 561 autem
2177 509 2372 563 factam
2417 512 2467 563 iu
2508 516 2783 579 prwscnti.
2812 516 2852 570 Α
2900 518 3059 582 longo
3105 537 3341 589 namque

136 598 428 665 ἀφεστηκυὴ
469 595 563 647 τοῦ
593 596 725 649 Θεοῦ
757 600 786 665 ἡ
824 599 1001 661 κτίσις
1024 615 1037 627 ·
1080 598 1379 651 οἰκειοῦται
1420 598 1477 651 δὲ
1514 596 1655 668 μετὰ

134 691 207 755 τὴν
228 690 646 759 κοσμοσωτήριον
687 691 1119 761 ἐνανθρὼπησιν.
1144 692 1336 743 Ἔσται
1366 692 1424 743 δὲ
1463 692 1656 761 καιρὸς

132 780 197 831 ὅτε
228 778 478 840 παντελῶς
506 778 828 850 ᾠκειωμένη
879 781 956 849 τῷ
999 782 1117 851 Θεῷ
1148 782 1514 850 κληθήσεται·
1562 780 1656 834 καί

132 887 179 937 γε
206 869 321 921 Θεοῦ
346 867 519 938 χάριτι
545 874 641 922 καὶ
675 870 819 923 ἐστιν
846 874 872 923 6
902 873 1140 935 τοιοῦτος
1172 873 1362 943 καιρὸς
1391 872 1531 925 κατὰ
1556 871 1655 941 τὴν

133 958 355 1028 μελῳδίαν
403 960 517 1020 τοῦ.
557 962 811 1029 Κάμπτει
866 964 934 1017 τὰ
977 966 1155 1017 πάντα
1201 963 1279 1033 τῷ
1310 965 1654 1034 Παρακλήτῳ

128 1056 249 1121 γόνυ·
279 1053 332 1118 τὸ
354 1054 428 1119 δὲ,
464 1054 673 1106 Μέλπει
704 1072 759 1106 σε
792 1048 938 1125 εἶχεν
971 1055 1147 1119 ἄλλως
1177 1058 1351 1109 εἰπεῖν
1386 1058 1480 1109 καὶ
1508 1055 1655 1109 Μέλ-

129 1160 197 1195 πει
222 1159 291 1195 σοι
325 1144 350 1194 6
384 1143 619 1212 μελῳδὸς
646 1159 659 1172 ⁸
699 1145 904 1214 ἀρέσαν
946 1144 1001 1197 δὲ
1042 1144 1189 1215 αὐτῷ
1232 1145 1451 1213 άψόγως
1479 1146 1654 1199 εἵλετο

127 1235 339 1299 συντάξαι
366 1233 559 1296 οὕτως.
587 1236 658 1286 Τὸ
700 1235 757 1287 δὲ
801 1238 979 1298 κτίσις
1011 1238 1339 1305 γοργότητος
1370 1238 1513 1307 λόγῳ
1541 1239 1652 1291 δεί-

126 1340 249 1374 κνυσι
276 1322 475 1373 καὶτὸν
501 1322 679 1391 ἣλιον,
720 1326 813 1378 καὶ
853 1327 949 1395 τὴν
978 1326 1227 1395 σελήνην,
1272 1328 1365 1379 καὶ
1396 1328 1462 1380 τὰ
1505 1345 1655 1382 στοι-

122 1419 214 1483 χξῖα
238 1418 320 1467 καὶ
369 1414 531 1468 τᾶλλα
562 1416 736 1470 πάντα
787 1419 1013 1486 μέλπειν
1035 1420 1125 1472 τὸν
1151 1419 1353 1489 Κύριον
1378 1422 1519 1473 κατὰ
1550 1423 1651 1491 τὴν

120 1506 415 1574 ἀναφώνησιν
444 1508 536 1561 τοῦ
564 1511 865 1577 παγκοίνου
894 1512 1089 1580 μέλους
1115 1512 1214 1577 τῆς
1243 1512 1437 1582 ὀγδόης
1474 1514 1649 1584 ᾠδῆς·

122 1600 230 1667 μέρη
260 1598 357 1667 γὰρ
399 1599 491 1651 καὶ
520 1602 709 1654 ἐκεῖνα
748 1603 846 1670 τῆς
883 1602 1136 1665 κτίσεως·
1174 1603 1249 1665 ὡς
1278 1599 1417 1657 εἶναι
1465 1604 1650 1659 λοιπὸν

119 1693 329 1759 ἀνοήτους
357 1693 447 1744 καὶ
478 1693 672 1757 ἀθέους
704 1698 830 1759 τοὺς
859 1696 1087 1758 ἐκείνοις
1115 1695 1191 1759 ὡς
1220 1696 1361 1760 θεοῖς
1382 1699 1651 1767 προσανέ·

119 1799 289 1850 κοντας.
456 1850 465 1861 .

242 1877 552 1945 Τροπάριον
582 1878 867 1948 δεύτερον
897 1880 1008 1950 τῆς
1043 1883 1261 1951 ὀγδόης
1289 1883 1472 1952 ᾠδῆς.

118 1966 268 2020 XXIII.
316 1969 684 2039 Σωτηριωδῶς
711 1972 1120 2036 αὐτοδεσπότως
1152 1974 1229 2026 ἰὸν

311 2061 423 2123 Φῶς
449 2063 653 2114 αὐτολα
665 2065 827 2132 μπὲς,
852 2066 943 2117 καὶ
971 2066 1304 2135 παρεκτικὸν
1326 2067 1493 2135 φάους

324 2151 600 2223 ’Υπάρχον
630 2150 766 2226 ἧκες
794 2159 1068 2227 ἐμφοροῦν
1091 2159 1425 2223 ἀποστόλους

311 2245 515 2314 Τιμῆεν
539 2247 617 2307 ὡς
650 2247 805 2317 ἄημα
831 2252 938 2313 τοῖς
973 2253 1081 2311 σοῖς
1111 2252 1354 2312 οἰκέταις

307 2337 582 2407 Λελιπαρη
594 2340 750 2407 μένον
771 2355 831 2391 τε
860 2339 1085 2410 Πνεῦμα
1112 2342 1457 2412 προσνέμεις.

166 2441 276 2498 pLg.
335 2428 770 2495 Ἀπλοῖκώτερον
829 2432 921 2483 καὶ
982 2433 1314 2502 σαφέστερον
1361 2436 1494 2504 πρὸς
1544 2437 1635 2490 τὶν

115 2520 294 2589 Σωτῆρα
345 2520 579 2591 Χριστὸν
635 2522 664 2574 6
721 2520 960 2591 μελῳδὸς
1026 2522 1425 2595 διηγηματικὸν
1477 2525 1635 2593 λόγον

116 2613 399 2681 ποιούμενος,
454 2611 594 2665 αὐτὸ
643 2612 800 2666 τοῦτο
859 2613 952 2667 καὶ
1014 2613 1176 2683 μόνον
1226 2615 1422 2685 φράζει
1466 2619 1523 2670 ὲν
1555 2621 1633 2689 τῷ

120 2705 291 2775 παρόντι
321 2707 628 2776 τροπαρίῳ,
654 2706 735 2759 ὅτι
758 2707 820 2759 πὶ
861 2705 1166 2778 Ἐσωτηρίᾳ
1193 2711 1344 2776 κοινῇ
1386 2708 1447 2761 τὸ
1479 2709 1634 2777 ἅγιον

116 2796 291 2864 Πνεῦμα
336 2800 443 2860 τοῖς
496 2799 614 2860 σοῖς
664 2797 982 2860 ἀποστόλοις
1029 2797 1312 2860 ἐστειλας·
1360 2798 1506 2866 λέγει
1539 2796 1634 2853 οὖν

117 2887 173 2938 ὅτι
186 2889 532 2958 σωτηριωδῶς,
559 2883 637 2940 Ἷὶ
660 2889 862 2959 δηλαδὴ
891 2889 1094 2959 Σῶτερ,
1120 2885 1281 2961 ἦκας,
1307 2892 1474 2961 ἦγουν
1493 2893 1634 2961 ἀφῆ-

118 2996 190 3042 κας
228 2981 308 3034 καὶ
349 2980 605 3050 ἔπεμψας
660 2981 777 3049 φῶς
828 2982 1176 3050 αὐτολαμπὲς
1221 2983 1486 3052 ὑπάρχον,
1538 2983 1633 3036 καὶ

118 3073 389 3141 παρεκτικδν
412 3074 610 3143 φάους,
647 3074 708 3125 οὐ
736 3073 1026 3126 κελευσθὲν
1058 3073 1341 3140 δουλικῶς,
1372 3073 1507 3128 ἀλλὰ
1538 3077 1634 3128 αὐ-

118 3164 395 3227 τοδεσπότως
431 3166 589 3219 ἐλθόν
613 3182 629 3197 ο
681 3165 796 3234 φῶς
829 3167 893 3218 ἐκ
929 3165 1106 3234 φωτὸς
1132 3167 1344 3236 προϊὸν,
1376 3167 1468 3220 καὶ
1498 3167 1632 3220 αὐτὸ

117 3255 187 3305 οὐκ
227 3257 442 3327 ἀμυδρὸν
485 3258 638 3326 λόγῳ
683 3257 896 3326 φειδοῦς
944 3260 977 3328 ἦ
1023 3275 1167 3319 τινος
1213 3258 1373 3312 ἄλλου
1422 3259 1628 3322 πάθους

117 3346 223 3417 imp
245 3350 445 3403 ἅπαντα
485 3354 590 3421 τῆς
626 3351 816 3419 θεῖκῆς
873 3348 1185 3420 ἀπῴκισται
1227 3350 1463 3418 φύσεως,
1494 3351 1629 3404 ἀλλὰ

118 3441 332 3510 ἐμφοροῦν
382 3445 507 3506 τοὺς
558 3441 915 3504 ἀποστόλους.
959 3442 1253 3512 Ἐπεμψας
1304 3443 1379 3506 δὲ,
1437 3447 1624 3512 φησὶν,

118 3532 227 3595 αὐτὸ,
255 3535 340 3603 οὐχ
365 3534 436 3596 ὡς
472 3534 687 3605 μηδένα
726 3534 836 3589 τῶν
864 3535 1120 3589 ἁπάντων
1152 3535 1464 3597 αἰσθέσθαι,
1495 3534 1523 3587 ὃ
1565 3533 1630 3605 δὴ

117 3626 182 3675 ἐπὶ
213 3628 304 3689 τοῖς
336 3628 441 3688 σοῖς
473 3627 655 3695 ἁγίοις
707 3628 879 3688 ποιεῖς
924 3627 999 3689 ὡς
1052 3626 1335 3688 ἑκάστοτε,
1373 3626 1489 3680 ἀλλ’
1541 3625 1629 3678 ἵνα

118 3718 301 3781 γνωστὸν
326 3721 470 3781 λαοῖς
511 3717 814 3786 γενόμενον
859 3718 1207 3788 μαρτυρῆται
1241 3719 1336 3770 καὶ
1384 3716 1489 3784 πρὸ
1518 3715 1625 3768 τῶν

117 3807 572 3861 ἐπακολουθούντων
630 3807 872 3876 σημείων
922 3809 1273 3877 πιστεύηται.
1313 3808 1470 3861 Καθά
1519 3807 1627 3878 γὰρ

117 3896 267 3966 τιμῆεν
289 3900 455 3968 ᾰημα,
488 3901 661 3971 ἤγουν
696 3899 938 3968 πνεῦμα,
971 3901 1081 3962 τοῖς
1112 3899 1295 3962 αὐτοῖς
1340 3900 1451 3960 σοῖς
1486 3900 1631 3952 οἰκέ-

116 4003 201 4049 ταις
221 3991 517 4053 ἀποστόλοις
558 3990 694 4043 αὐτὸ
719 3989 1045 4055 ἐξάκουστον
1078 3990 1218 4058 μετὰ
1244 3989 1426 4058 βιαίας
1459 3993 1630 4058 πνοῆς

117 4077 303 4147 ἀφῆκας,
342 4081 430 4134 καὶ
464 4082 625 4135 τοῦτο
652 4082 885 4150 ποιήσας
929 4080 1369 4150 λελιπαρημένον
1405 4081 1631 4149 Πνεῦμα

117 4172 384 4240 προσνέμεις
428 4174 520 4225 καὶ
562 4174 677 4234 τοῖς
711 4171 1030 4235 ἀποστόλοις
1063 4172 1161 4239 μὲν
1197 4175 1292 4223 καὶ
1323 4172 1402 4240 τῷ
1435 4172 1628 4240 κόσμῳ

114 4256 153 4310 δὲ
176 4260 383 4330 δηλονότι
427 4266 595 4317 παντὶ
621 4263 808 4316 ὀπόσοι
834 4264 930 4317 τοῦ
960 4263 1205 4317 τοιούτου
1234 4262 1401 4317 καλοῦ
1436 4263 1629 4330 ὁλοψύ-

116 4365 193 4414 χως
217 4352 434 4421 ἐφίενται
463 4355 676 4408 οἰκέται
708 4372 803 4407 σου
825 4354 1005 4417 ὄντες·
1037 4358 1180 4407 ὥστε
1224 4355 1305 4421 τὸ,
1350 4356 1463 4416 τοῖς
1513 4356 1627 4417 σοῖς

115 4441 320 4507 οἰκέταις,
347 4447 521 4516 τρισὶν
548 4446 815 4515 ἁρμόττει
849 4446 1133 4516 προσιέναι
1167 4445 1353 4507 τόποις
1376 4461 1391 4476 °
1429 4444 1627 4514 τιμῆέν

118 4544 161 4580 τε
210 4539 299 4604 γὰρ
357 4540 466 4597 τοῖς
536 4539 652 4598 σοῖς
708 4538 948 4599 οἰκέταις
1010 4536 1184 4607 ὀρθῶς
1241 4536 1484 4605 λέγεται,
1529 4536 1627 4588 καὶ

113 4620 486 4696 λελιπαρημένον
550 4632 663 4691 τοῖς
728 4629 935 4692 αὐτοῖς,
998 4629 1093 4682 καὶ
1143 4615 1516 4697 προσνέμεται
1569 4627 1627 4680 δὲ

112 4716 271 4778 αὐτοῖς.

165 4809 286 4872 ρις.
315 4810 463 4862 Ἐστι
485 4811 543 4863 δὲ
574 4810 795 4877 Πνεῦμα
820 4810 1250 4880 λελιπαρηιλένον
1312 4809 1343 4879 ἢ
1367 4811 1426 4861 τὸ
1448 4826 1627 4879 παρα-

112 4894 349 4963 κλητευθὲν
374 4901 513 4954 ὥστε
541 4901 757 4971 δοθῆναι
810 4904 904 4955 καὶ
928 4903 1060 4955 αὐτὸ
1090 4901 1443 4973 παράκλητον
1471 4903 1622 4970 ἡμῖν·

113 4982 309 5058 λιπαρεῖν
336 4995 440 5063 γὰρ
488 4994 550 5046 τὸ
580 4993 849 5045 δυσωπεῖν
870 5009 883 5021 ·
912 4993 944 5063 ἢ
979 4994 1038 5044 τὸ
1067 4992 1403 5061 παράμονον,
1427 4996 1521 5044 καὶ
1551 4991 1626 5054 ὡς

112 5078 194 5143 πρὸ
232 5083 415 5151 ὀλίγων
461 5085 686 5156 ἐρρέθη,
719 5085 944 5153 ὲῳίζον·
992 5083 1247 5154 λιπαρεῖν
1278 5082 1384 5152 γὰρ
1422 5084 1517 5135 καὶ
1566 5083 1627 5133 τὸ

112 5177 408 5241 προσμένειν,
440 5182 532 5231 καὶ
563 5166 943 5246 ἐγκαρτερεῖν,
977 5178 1128 5245 παρὰ
1176 5175 1236 5228 τὸ
1270 5175 1391 5227 λίαν
1426 5175 1625 5243 παρεῖ-

112 5274 203 5311 ναι·
226 5264 334 5317 ὅθεν
359 5268 450 5321 καὶ
483 5268 719 5339 λιπαρὴς
752 5268 933 5321 ἱκεσία
997 5269 1030 5337 ἡ
1059 5267 1361 5336 πολύωρος,
1390 5267 1423 5334 ἡ
1462 5265 1624 5317 πολυ-

112 5352 301 5420 λράνιῦς,
328 5359 359 5427 ἡ
391 5358 644 5432 διηνεκής
665 5376 680 5390 ·
706 5359 1000 5430 κλινομένη
1032 5358 1317 5428 λιπαροῦς,
1346 5359 1444 5412 καὶ
1472 5358 1625 5427 έχου-

114 5455 165 5493 ca.
184 5446 430 5519 οὐδέτερον
461 5453 521 5503 τὸ
550 5452 799 5522 λιπαρές.
844 5453 952 5504 Καὶ
982 5451 1128 5504 οὕτω
1167 5452 1266 5520 μὲν
1296 5450 1624 5504 διατέθειται

112 5532 156 5580 τὸ
182 5536 323 5603 ῥηθὲν
365 5544 659 5612 τροπάριον
699 5543 841 5595 κατὰ
889 5542 1350 5612 προτιτλωθεῖσαν
1392 5542 1623 5595 ἔννοιαν.

115 5617 290 5678 Εἰδὲτδ
324 5644 341 5678 ι
371 5623 507 5699 ἧκας
531 5647 550 5681 ι
585 5632 856 5701 γράφεται
886 5627 1021 5702 ἧκες
1046 5631 1136 5684 διὰ
1160 5630 1252 5684 τοῦ
1282 5647 1308 5683 ε
1339 5631 1482 5684 κατά
1500 5646 1622 5689 τινα

113 5711 194 5762 τῶν
209 5716 535 5790 ἀντιγράφων
557 5724 679 5777 ἀντὶ
708 5722 801 5776 τοῦ
833 5720 1015 5793 ἦλθες,
1044 5724 1142 5777 οὐκ
1170 5724 1316 5777 ἐστιν
1340 5724 1476 5786 ὅλως
1500 5725 1624 5791 νοῆ-

121 5815 183 5855 ται
208 5807 258 5860 τὸ
288 5811 440 5882 metu
464 5815 755 5885 τροπάριον
809 5816 944 5888 πρὸς
977 5816 1065 5869 τὸν
1099 5815 1227 5869 Υἰὸν
1267 5814 1459 5884 λεχθὲν
1491 5812 1622 5883 περὶ

1760 594 2001 660 tempore
2035 593 2212 650 fuerat
2236 600 2470 653 alienata
2499 605 2687 670 procul
2715 621 2741 657 a
2768 606 2876 659 Deo
2911 618 3182 674 creatura;
3212 630 3339 681 pro-

1759 681 1959 751 pinqua
1987 700 2120 741 vero
2153 689 2294 743 facta
2332 701 2415 745 est
2444 705 2565 761 post
2591 699 2887 752 salutarem
2923 704 3123 756 mundo
3153 708 3333 761 incar-

1758 773 2053 831 nationem.
2090 776 2325 849 Tempus
2370 794 2548 839 autem
2598 788 2704 841 erit.
2762 805 2883 843 cum
2939 796 3165 848 omnino
3226 799 3335 851 Deo

1756 866 2004 933 proxima
2046 873 2373 942 propriaque
2397 879 2678 933 vocabitur
2702 898 2716 945 ;
2738 891 2790 934 et
2825 892 3003 936 tamen
3039 886 3128 939 Dei
3158 892 3332 957 gratia

1755 969 1841 1015 est
1873 965 2034 1016 etiam
2075 967 2180 1021 tale
2210 978 2419 1037 tempus
2453 971 2605 1037 juxta
2634 974 2923 1030 melodiam
2957 980 3084 1034 dicti
3113 995 3127 1031 :
3166 980 3333 1035 Para-

1758 1054 1897 1108 cleto
1921 1066 2152 1111 currant
2185 1060 2367 1113 omnia
2395 1077 2557 1131 genu.
2588 1064 2702 1120 Hoc
2736 1081 2864 1119 vero
2918 1070 3113 1135 μέλπει
3149 1088 3207 1123 σε
3241 1089 3334 1141 ρο.

1756 1156 1895 1201 terat
1924 1148 2081 1202 aliter
2114 1149 2298 1206 dicere
2334 1153 2531 1220 μέλπει
2590 1172 2673 1207 σοι
2702 1158 2948 1213 melodus
2979 1179 2992 1223 ;
3032 1163 3126 1215 sed
3180 1165 3330 1218 illam

1755 1239 1858 1293 sibi
1893 1238 2197 1306 placentem
2232 1244 2508 1312 syntaxim
2559 1246 3111 1315 irreprebensihiliter
3146 1256 3328 1324 elegEt.

1755 1327 1871 1383 Vox
1899 1340 2078 1385 autem
2098 1333 2274 1397 κτίσις
2296 1335 2567 1391 citissime
2596 1340 2866 1406 signiﬁcat
2891 1351 2949 1395 et
2977 1344 3144 1397 solem
3170 1357 3222 1400 et
3247 1349 3330 1400 lu-

1755 1438 1878 1476 nam
1908 1433 1962 1477 et
1988 1424 2280 1491 elementa,
2315 1428 2528 1499 aliaque
2560 1443 2777 1498 cuncta,
2807 1435 3019 1489 melode
3050 1439 3329 1493 celebrare

1753 1511 2041 1569 Dominum
2071 1516 2224 1583 juxta
2248 1519 2732 1575 conclamationem
2786 1527 3031 1581 melodim
3078 1544 3327 1582 commu-

1754 1604 1838 1658 nis
1873 1608 2049 1661 octavi
2079 1608 2338 1664 carminis
2372 1628 2388 1666 :
2431 1623 2608 1680 partes
2631 1616 2774 1669 enim
2810 1628 2938 1671 sunt
2963 1620 3063 1674 ista
3086 1624 3325 1675 creatio-

1755 1698 1839 1753 nis
1864 1717 1877 1763 ;
1906 1698 1975 1752 ita
2006 1710 2064 1753 ut
2096 1700 2163 1754 de
2188 1709 2385 1756 cmtcro
2411 1704 2562 1758 stulti
2591 1707 2702 1759 sint
2725 1717 2777 1762 et
2810 1710 2958 1778 impii
2987 1710 3081 1779 qui
3116 1711 3321 1767 talibus

1752 1802 1813 1848 ut
1849 1793 1956 1850 diis
1981 1795 2331 1854 addicuntur.

2029 1888 2339 1957 Troparium
2369 1892 2652 1946 secundum
2688 1895 2801 1951 adre
2836 1906 3050 1950 acturae.

1884 1977 2120 2033 Salutari
2168 1980 2375 2035 ratione
2409 1996 2508 2036 sua
2542 1991 2809 2050 potestate
2837 1985 2954 2039 iens

1810 2065 1923 2121 Lux
1958 2084 1985 2121 a
2023 2079 2071 2123 te
2099 2069 2401 2138 Splendida,
2432 2080 2485 2125 et
2508 2072 2684 2127 datrix
2719 2074 2940 2128 luminis

1788 2158 2107 2227 ’Exsistens,
2142 2163 2340 2217 venisti
2370 2174 2428 2218 ut
2460 2166 2713 2233 impleres
2745 2169 3039 2236 apostolos,

1810 2248 2139 2305 Honoratum
2175 2261 2430 2323 tanquam
2460 2256 2683 2309 halitum
2712 2259 2817 2311 tuis
2845 2262 3038 2320 servis.

1805 2340 2184 2411 lllustremque
2219 2344 2478 2413 Spiritum
2513 2347 2817 2402 distribuis.

1807 2430 1931 2487 I95.
1963 2432 2299 2502 Simpliciter
2315 2451 2379 2490 ac
2408 2437 2688 2491 evidenter
2707 2444 2771 2493 ad
2793 2441 3130 2496 Salvatorem
3158 2443 3315 2497 Chri-

1738 2533 1882 2577 stum
1911 2527 2282 2581 cnarrativum
2312 2538 2500 2583 texens
2538 2545 2846 2586 sermonem
2909 2533 3177 2597 melodus,
3209 2536 3314 2589 hoc

1736 2615 1915 2684 ipsum
1943 2625 1997 2671 et
2025 2618 2199 2672 solum
2237 2621 2288 2673 in
2327 2623 2577 2690 praesenti
2636 2627 2860 2695 stropha
2893 2625 3045 2691 dicit,
3074 2627 3218 2695 quod
3241 2628 3313 2681 ad

1735 2721 2078 2763 communem
2097 2712 2325 2767 salutem
2358 2712 2619 2783 Spiritum
2653 2727 2903 2773 sanctum
2952 2721 3068 2775 suis
3094 2730 3311 2788 aposto-

1736 2800 1803 2856 lis
1831 2801 1997 2854 misit.
2037 2803 2127 2857 Ait
2160 2818 2290 2872 ergo
2319 2822 2332 2858 :
2369 2804 2715 2869 Salutariter,
2744 2825 2775 2864 ο
2804 2811 3093 2866 manifeste
3123 2813 3314 2867 Salva-

1740 2900 1845 2956 tor,
1870 2884 2013 2962 ἤκας
2042 2892 2157 2947 sive
2186 2894 2404 2963 ἀφῆκας
2438 2897 2632 2952 misisti
2666 2900 2848 2954 lumen
2910 2902 3051 2970 quod
3086 2905 3304 2973 proprio

1739 2982 1915 3037 nitore
1944 2983 2108 3046 lucet,
2143 2983 2401 3054 suppedit
2429 2994 2590 3055 atque
2614 2987 2798 3055 jubar,
2825 2992 2979 3061 jussu
3010 3008 3116 3046 non
3137 2993 3312 3045 servi-

1736 3072 1859 3127 liter
1876 3083 2121 3142 accepto,
2146 3075 2242 3129 sed
2265 3086 2411 3130 motu
2437 3079 2655 3145 proprio
2676 3081 2899 3135 veniens
2922 3097 2937 3135 :
2975 3080 3154 3135 lumen
3175 3098 3305 3152 pro-

1658 3206 1701 3265 c
1735 3166 1954 3229 cedens,
1985 3174 2040 3219 et
2071 3166 2185 3221 haec
2218 3182 2327 3222 non
2388 3170 2818 3225 subobscurum'
2861 3184 3080 3242 prepter
3120 3175 3303 3242 parci-

1733 3255 2082 3322 moniantjaut
2099 3257 2389 3323 quamdam
2419 3258 2581 3313 aliam
2609 3259 2941 3328 passionem,
2961 3269 3158 3314 cuncta
3183 3274 3307 3329 qua:

1729 3345 1928 3399 divinae
1952 3358 2163 3401 natura:
2184 3356 2312 3401 sunt
2341 3348 2544 3412 aliena,
2576 3350 2671 3403 sed
2702 3350 2980 3404 inebrians
3007 3351 3304 3419 apostolos.

1728 3436 1923 3494 Misisti
1951 3450 2139 3493 autem
2174 3439 2329 3504 illud,
2358 3440 2556 3508 tuquit,
2581 3454 2689 3492 non
2718 3439 2899 3493 taliter
2961 3449 3019 3493 ut
3063 3440 3307 3493 omnium

1731 3545 1894 3585 nemo
1932 3530 2138 3585 sentiat
2160 3532 2308 3600 quod
2334 3540 2481 3586 certe
2516 3545 2614 3599 pro
2645 3530 2850 3585 sanctis
2874 3531 2983 3585 tuis
3042 3531 3307 3585 continuo

1730 3623 1886 3689 facis,
1916 3625 2008 3679 sed
2033 3634 2093 3679 ut
2124 3635 2311 3678 notum
2343 3625 2561 3693 populis
2616 3624 2823 3678 factum
2887 3633 3051 3681 testes
3105 3624 3309 3677 habeat

1731 3727 1785 3772 et
1821 3716 2177 3786 sequentibus
2208 3715 2378 3786 signis
2404 3716 2503 3770 title
2523 3724 2773 3770 teneatur
2796 3731 2810 3768 :
2832 3716 2975 3771 sicut
3007 3715 3152 3769 enim
3184 3730 3309 3783 pre-

1732 3814 1931 3868 tiosum
1965 3811 2152 3866 ﬂatum
2181 3827 2277 3868 seu
2319 3810 2592 3880 spiritum,
2650 3810 2855 3865 eisdem
2901 3812 3163 3878 apostolis
3224 3812 3303 3863 l‘a-

1732 3903 2033 3958 miliaribus
2064 3903 2196 3967 tuis,
2241 3902 2371 3955 illud
2399 3916 2523 3955 cum
2582 3902 2888 3957 vehementi
2957 3901 3082 3955 ﬂatu
3120 3902 3300 3955 sensi-

1734 3994 1840 4048 bile
1881 3994 2104 4057 misisti,
2168 4000 2222 4046 et
2278 3991 2381 4045 hoc
2429 3989 2597 4052 facto,
2655 3991 2980 4044 advocatum
3036 3988 3300 4058 Spiritum

1730 4086 1929 4139 tribuis
1959 4094 2013 4137 et
2052 4083 2320 4149 apostolis
2368 4083 2611 4150 quidem,
2637 4092 2689 4135 et
2746 4083 3004 4135 universo
3072 4082 3301 4143 mundo.

1731 4185 2001 4244 quotquot
2022 4174 2332 4237 liujusmodi
2352 4172 2553 4226 bonum
2578 4187 2639 4226 ex
2662 4180 2777 4225 toto
2807 4174 2971 4226 corde
2989 4171 3302 4225 desiderant

1731 4274 1917 4334 utpote
1956 4263 2250 4317 familiares
2279 4262 2490 4315 tuizita
2526 4270 2583 4315 ut
2624 4262 2785 4316 dictis
2821 4279 2836 4315 :
2864 4264 2977 4324 τοῖς
3011 4263 3124 4323 σοῖς
3151 4263 3302 4314 οἰκέ-

1734 4372 1877 4417 ταις,
1909 4354 2082 4407 tribus
2103 4352 2446 4421 concipiendi
2476 4351 2652 4405 modis
2679 4352 2972 4404 conveniat
3018 4368 3031 4403 :
3104 4351 3307 4419 τιμῆεν

1731 4446 1875 4500 enim
1902 4447 2018 4506 τοῖς
2050 4445 2162 4506 σοῖς
2183 4442 2426 4505 οἰκέταις
2462 4454 2610 4496 recte
2636 4441 2862 4507 dicitur,
2920 4450 2972 4496 et
3004 4439 3306 4509 λελιπαρη-

1660 4558 1704 4613 ο
1735 4536 1892 4604 μένον
1919 4536 2124 4601 αὐτοῖς,
2146 4542 2200 4588 et
2225 4533 2595 4605 προσνέμεται
2637 4531 2843 4595 αὐτοῖς.

1798 4807 1921 4862 196.
1957 4806 2054 4860 Est
2079 4813 2260 4860 autem
2304 4804 2539 4874 Spiritus
2558 4801 3020 4873 λελιπαρημένος,
3069 4801 3180 4855 sive
3206 4799 3302 4855 ad-

1727 4906 1975 4960 vocatus,
2017 4905 2075 4950 ut
2101 4896 2214 4965 ipse
2247 4896 2402 4949 nobis
2459 4894 2766 4948 Paraclitus
2819 4895 3088 4958 donetur;
3135 4891 3300 4944 λιπα-

1733 4992 1843 5057 ρεῖν
1865 4990 2008 5044 enim
2033 4998 2117 5043 est
2156 4988 2494 5055 supplicare;
2537 4987 2651 5040 sive
2665 5000 2989 5055 permanens
3019 4987 3190 5041 incola
3215 4994 3301 5038 at-

1726 5096 1833 5150 que
1865 5090 1922 5134 ut
1947 5079 2107 5147 paulo
2139 5088 2265 5132 ante
2296 5077 2501 5129 dictum
2539 5084 2643 5139 est,
2714 5075 2960 5129 insidens
2999 5093 3013 5129 :
3044 5076 3296 5146 λιπαρεῖν

1725 5171 1869 5226 enim
1891 5183 1975 5225 est
1994 5170 2157 5223 etiam
2179 5182 2498 5237 permanere
2529 5177 2581 5221 et
2633 5167 2950 5237 persistere,
2985 5184 3048 5221 ex
3072 5169 3148 5236 τῷ
3177 5169 3299 5220 λίαν

1727 5259 2188 5331 παρεῖναι.1]ιιόθ
2251 5260 2430 5313 ἱκεσία
2491 5258 2726 5328 λιπαρὴς
2777 5268 2860 5313 est
2883 5260 3057 5313 oratio
3113 5262 3291 5327 longa,

1726 5356 2003 5415 diuturna,
2039 5368 2380 5422 permanens.
2415 5351 2478 5404 Et
2515 5352 2595 5407 sic
2624 5353 2843 5421 quidem
2887 5352 3175 5419 exponitur
3207 5350 3295 5403 di-

1728 5457 1817 5501 cta
1851 5450 2073 5516 strophe
2104 5447 2258 5516 juxta
2290 5445 2660 5515 praescriptam
2693 5446 3037 5501 sententiam.
3067 5442 3124 5497 Si
3166 5457 3296 5497 vero

1728 5535 1867 5610 ἦκας
1902 5541 2176 5594 scribatur
2200 5534 2335 5610 ἧκες
2371 5554 2467 5604 per
2499 5554 2522 5589 ε
2550 5538 2702 5607 juxta
2746 5536 2987 5606 quaedam
3021 5534 3299 5601 exempla-

1729 5635 1807 5687 ria
1837 5647 1935 5702 pro
1964 5629 2148 5701 ἦλθες,
2177 5646 2283 5685 non
2314 5639 2500 5700 potest
2542 5629 2764 5683 omnino
2798 5639 3036 5697 praesens
3068 5624 3296 5692 intelligi

1728 5723 1950 5792 stroplie
1973 5732 2233 5791 tanquam
2264 5721 2331 5775 ad
2365 5719 2560 5773 Filium
2593 5719 2661 5772 de
2702 5715 2908 5785 Spiritu
2930 5722 3122 5768 sancto
3139 5712 3294 5781 juxta

1728 5812 2426 5884 expositionem.dicta,scd
2449 5812 2515 5867 ad
2550 5810 2727 5879 ipsum
2759 5807 3021 5877 Spiritum
3046 5817 3295 5861 sanetum
