3824 6552
490 373 592 434 7οἹ

1228 365 1651 428 EUSTATHII
1693 365 1802 426 ΤΗ
1814 364 1994 424 ESSA
2007 363 2458 426 LONICENSIS
2515 363 2669 422 ME'I‘
2683 361 3083 422 ROPOLITIE
3586 367 3665 434 ’ῖοὸ

490 485 699 538 directa
736 499 751 536 :
785 481 873 535 ubi
904 481 970 535 de
1013 487 1208 534 (καίετο
1261 495 1368 533 non
1396 490 1480 534 est.
1525 491 1785 548 expressa
1824 475 2070 530 Salvato-

2189 475 2264 529 τοῦ
2288 484 2448 544 αγιου
2484 475 2801 544 Πνεύματος
2831 472 2973 525 κατὰ
3000 469 3102 540 τὴν
3125 468 3398 539 ἐξήγησιν,
3424 469 3537 522 ἀλλὰ
3564 477 3666 541 πρὸς

492 578 570 631 ris
586 575 786 630 Chriin
809 575 1014 629 mentio
1043 575 1096 626 in
1134 572 1387 640 stropha.
1422 570 1805 639 deprecatoris
1833 568 1984 622 illum
2013 568 2067 622 in

492 667 770 722 communi
805 664 1208 721 introducimus
1231 664 1284 718 in
1312 678 1458 718 eam.
1480 661 1619 716 Dicit
1641 661 1805 730 igitur
1825 658 2073 714 mclodns

493 776 560 815 ex
595 762 697 814 hac
757 760 998 815 secunda
1036 757 1311 826 scriptura
1352 752 1446 808 τοῦ
1505 746 1690 824 ἦκεςε
1749 751 2075 806 Salutariter

497 863 578 916 tu,
603 868 640 906 ο
664 863 852 907 sancte
881 850 1141 919 Spiritus,
1165 863 1232 902 ex
1257 848 1548 916 temetipso
1571 845 1741 900 libere
1767 844 1908 909 iens,
1937 852 2070 908 etc.,

493 941 695 998 venisti
746 953 1000 1010 tanquam
1043 938 1318 1008 quoddam
1349 935 1548 990 ﬂamen
1596 935 1827 1004 implens
1849 943 2073 1003 aposto-

496 1035 613 1097 los;
645 1043 699 1088 et
730 1031 1034 1094 distribuis,
1071 1044 1170 1099 pro
1201 1024 1549 1090 distribuisti,
1579 1026 1658 1080 eis
1680 1023 1940 1092 Spiritum
1964 1037 2077 1079 non

496 1127 663 1179 alium
682 1139 745 1178 ac
764 1132 838 1186 te,
858 1123 949 1177 sed
971 1138 1002 1175 a
1025 1131 1100 1185 te,
1125 1129 1179 1174 et
1192 1117 1351 1187 Filio,
1376 1127 1432 1174 et
1452 1117 1610 1172 Patre
1629 1133 1645 1181 ;
1663 1119 1894 1186 gratiam
1913 1118 2075 1170 istam

497 1216 836 1287 spiritualem
878 1211 1113 1267 inlusam
1140 1213 1192 1266 in
1218 1226 1334 1277 eos,
1407 1218 1468 1264 ut
1513 1217 1642 1264 ante
1673 1205 1935 1277 scriptum
1967 1213 2074 1261 est.

501 1304 560 1358 Si
585 1319 713 1360 vero
741 1304 982 1373 optative
1005 1301 1278 1358 scribatur
1304 1299 1517 1368 νέμοις,
1553 1298 1655 1352 hoc
1712 1296 1876 1351 etiam
1941 1297 2077 1350 utri-

497 1411 605 1465 que
629 1395 913 1451 sententiae
965 1393 1242 1450 convenit.

569 1665 695 1721 I97.
719 1664 873 1731 Quod
915 1672 1095 1718 autent
1131 1660 1524 1722 αὑτοδέσποτος
1542 1657 1614 1713 sit
1654 1655 1900 1726 Spiritus
1951 1670 2082 1710 san-

502 1776 648 1826 ctus,
667 1760 1028 1829 praecedenter
1046 1757 1182 1809 dixit
1211 1757 1470 1809 melodus.
1494 1752 1666 1806 Simili
1699 1765 1827 1806 vero
1857 1765 2080 1820 prorsus

2171 569 2303 624 αὐτὸ
2337 570 2401 638 δὴ
2431 569 2489 620 τὸ
2518 567 2673 636 ἅγιον
2729 564 2988 635 Πνεῦμαο
3026 564 3161 617 ὅπου
3205 579 3269 630 γε
3313 561 3398 613 καὶ
3439 561 3583 628 ἄλλως
3611 573 3668 638 μὴ

2172 661 2643 731 εκπεφωνημινου
2668 659 2762 712 τοῦ
2793 658 3048 728 Σωτῆρος
3074 659 3306 730 Χριστοῦ
3339 658 3393 712 ἐν
3425 659 3492 730 τῷ
3519 677 3669 730 τροπα-

2177 757 2298 825 ρίῳ,
2331 753 2715 824 αίτηματικῶς
2746 752 2854 806 άπδ
2882 751 3064 804 κοινοῦ
3090 751 3295 805 ἰκεῖνον
3325 753 3583 822 εἰσάγομεν
3608 755 3669 807 ἐπ’

2174 849 2329 901 αὑτό.
2363 849 2502 916 Φησὶ
2546 844 2681 914 γοῦν
2722 846 2750 897 ὁ
2794 843 3032 914 μελῳδὸς
3082 843 3181 910 τὴν
3220 843 3462 911 δευτέραν
3504 847 3671 915 γραφὴν

2174 941 2273 1010 τὴν
2302 940 2395 993 τοῦ
2420 934 2576 1012 ἧκες.
2608 937 2974 1007 Σιιιτηριωδῶς
3003 936 3090 1003 σὺ,
3115 932 3160 990 ὦ
3185 937 3334 1004 ἅγιον
3359 937 3570 1005 Πνεῦμα,
3600 939 3672 991 αὺ-

2174 1033 2512 1094 τοδεσπότως
2546 1033 2623 1086 ίὸν
2649 1032 2743 1087 καὶ⁸
2775 1030 2920 1100 ἑξῆς,
2953 1025 3119 1102 ἦλθες
3144 1030 3219 1094 ὡς
3253 1026 3337 1084 οἷα
3367 1031 3492 1100 πνοή
3509 1049 3576 1094 τις
3600 1032 3673 1100 ἒμ-

2178 1125 2419 1197 φοροῦσα
2467 1124 2596 1188 τοὺς
2649 1123 2983 1186 ἀποστόλους
3007 1135 3022 1152 ⁸
3088 1124 3183 1176 καὶ
3225 1124 3424 1192 νέμεις,
3465 1125 3567 1176 ἀντὶ
3605 1127 3673 1179 τοῦ

2177 1223 2402 1288 ενειμας
2433 1220 2636 1281 αὐτοῖς,
2674 1216 2898 1286 Πνεῦμα
2938 1221 3036 1290 οὑχ
3082 1219 3269 1286 ἕτερον
3311 1218 3452 1287 παρὰ
3484 1222 3551 1282 οὲ,
3578 1220 3676 1274 ἀλλᾶ

2177 1313 2240 1366 τὸ
2267 1311 2374 1366 ἀπὸ
2422 1311 2518 1366 σοῦ
2567 1314 2665 1366 καὶ
2694 1314 2787 1366 τοῦ
2820 1311 2975 1374 Υἱοῦ,
3029 1311 3122 1364 καὶ
3163 1309 3257 1362 τοῦ
3299 1310 3492 1377 Πατρός
3515 1326 3526 1340 ·
3557 1313 3675 1384 χάριν

2179 1405 2382 1478 ταύτην
2414 1407 2790 1475 πνευματικὴν
2821 1405 3140 1476 ἐκχυθεῖσαν
3175 1404 3264 1458 ἐπ’
3283 1405 3561 1471 αὑτοὺ-,ὡς
3583 1424 3679 1472 προ-

2179 1498 2514 1568 γέγραπται.
2541 1499 2603 1552 Εί
2631 1498 2692 1552 δὲ
2725 1499 2822 1552 καὶ
2847 1497 3115 1561 εὑκτικῶς
3162 1497 3360 1567 γράφει
3399 1502 3579 1565 νέμοις,
3600 1496 3677 1564 ἅρ-

2184 1590 2371 1660 μόττει
2394 1591 2736 1662 ἀμφοτέραις
2765 1593 2885 1654 ταῖς
2910 1589 3145 1651 ἐννοίαις
3176 1589 3270 1642 καὶ
3294 1587 3439 1642 αὐτό.

2254 1682 2394 1754 plpl”.
2431 1681 2520 1747 Ὦς
2557 1682 2614 1736 δὲ
2644 1681 3040 1737 αὐτόδεσποτόν
3073 1681 3193 1734 ἐστι
3223 1681 3283 1733 τὸ
3315 1679 3461 1748 άγιον
3488 1679 3676 1748 Πνεῦμα,

2182 1778 2279 1831 καὶ
2303 1777 2517 1845 φθάσας
2540 1770 2694 1829 εἶπεν
2717 1777 2746 1828 ὁ
2779 1772 3019 1843 μελῳδός
3041 1789 3057 1804 ·
3087 1773 3305 1834 πάντως
3320 1772 3375 1851 δξ
3403 1771 3552 1840 ὁμοίῳ
3573 1772 3679 1839 λόγῳ

501 1853 665 1907 modo
721 1850 1078 1917 αὑτολαμπής
1108 1856 1232 1904 est:
1261 1861 1368 1900 nou
1389 1845 1533 1899 enim
1564 1861 1630 1900 ex
1685 1845 1793 1899 alio
1823 1845 2080 1900 incensus

2310 1827 2682 1934 (abitalia-tange
2704 1827 2874 1920 ἑστιν.
2899 1827 3015 1918 ,Οἰλ-
3035 1863 3146 1933 γὰρ
3178 1827 3396 1917 ἄλλοθέν
3435 1827 3680 1931 εμπορευό-

503 1947 689 2001 lucet:
735 1959 842 1998 non
875 1944 1050 1999 solum
1098 1958 1203 1995 non
1243 1941 1442 2010 accipit
1499 1939 1717 1994 aliunde
1747 1938 1946 2000 lucere.
1985 1937 2078 1993 sed

501 2036 666 2090 etiam
697 2032 923 2088 miriﬁce
947 2031 1189 2086 volentes
1217 2047 1282 2084 ex
1316 2030 1483 2084 corde
1519 2030 1823 2084 illuminat.
1845 2028 2081 2082 Pulchre

503 2141 634 2182 vero
677 2126 739 2178 τὸ
791 2124 1197 2185 αὑτοδεσπότως
1259 2123 1349 2178 hic
1409 2137 1531 2176 cum
1587 2121 1666 2191 τῷ
1721 2118 2082 2190 σωτηριωδῶς

503 2219 809 2290 conjunxit,
832 2216 1143 2287 signiﬁcans
1163 2231 1229 2272 ex
1249 2216 1545 2286 psalmistaa
1566 2215 1767 2284 paraph
1779 2213 1887 2270 rasi
1915 2227 2084 2282 quos-

506 2314 630 2364 dam
695 2325 819 2367 esse
855 2309 1231 2365 dominatores
1281 2323 1379 2364 seu
1441 2307 1715 2378 principes
1767 2307 1822 2360 in
1881 2304 2083 2374 quibus

506 2417 614 2458 non
641 2412 726 2458 est
745 2402 913 2474 salus,
945 2412 1000 2456 et
1023 2401 1146 2457 ideo
1177 2415 1285 2456 non
1317 2404 1370 2456 in
1405 2400 1486 2457 eis
1514 2414 1637 2456 esse
1667 2396 2080 2453 conﬁdendum.

505 2494 771 2550 Dominus
802 2494 967 2565 igitur
992 2503 1078 2550 est
1129 2495 1501 2565 omnipotens,
1549 2505 1617 2546 ex
1660 2491 1845 2560 seipso
1893 2499 2086 2560 poten-

509 2589 639 2642 tiam
671 2585 900 2648 habens.
939 2585 1180 2640 omnium
1215 2584 1564 2651 dominator;
1597 2595 1758 2638 verus
1789 2582 2087 2652 imperator

506 2681 823 2734 salutariter
844 2680 1008 2734 simul
1041 2688 1092 2734 et
1113 2695 1178 2734 ex
1213 2679 1334 2748 ipso
1384 2684 1642 2748 potenter
1702 2674 1912 2730 faciens
1937 2673 2088 2744 quod

507 2773 661 2830 solus
683 2775 815 2844 agit,
856 2771 1000 2827 Deus
1024 2770 1261 2842 Spiritus
1287 2779 1530 2833 sanctus,
1565 2766 1736 2824 Filius
1785 2777 1840 2824 et
1894 2766 2080 2836 Paterl;

509 2866 622 2928 cui.
659 2866 813 2934 juxta
841 2879 1059 2920 sacrum
1088 2871 1324 2935 poetam,
1383 2863 1444 2916 τὸ
1484 2860 1730 2932 ὑπάρχον
1787 2859 2087 2927 convenit;

510 2959 657 3028 quod
686 2974 794 3013 non
821 2959 1000 3014 solum
1028 2955 1302 3027 signiﬁcat
1331 2954 1478 3024 quod
1504 2961 1611 3015 est.
1631 2951 1725 3008 sed
1749 2953 1918 3006 etiam
1941 2951 2089 3021 quod

514 3051 616 3106 fuit
647 3050 715 3105 ab
734 3051 912 3115 initio.
940 3049 1198 3119 quodque
1239 3046 1490 3103 futurum
1526 3054 1610 3101 est
1638 3047 1691 3099 in
1719 3045 1916 3099 saecula
1943 3059 1957 3098 :
1986 3043 2091 3098 tale

512 3143 712 3212 quippe
738 3151 824 3197 est
849 3142 1003 3213 juxta
1034 3150 1277 3196 veterum
1317 3136 1690 3192 accuratiores
1720 3133 1784 3187 τὸ
1821 3135 2088 3203 ὑπάρχον.

512 3235 684 3290 Aiunt
721 3234 886 3303 igitur
916 3250 932 3288 :
961 3234 1086 3288 talis
1136 3231 1381 3301 ὑπῆρξεν
1431 3231 1654 3299 είρήνης
1703 3229 1788 3280 vel
1851 3226 2089 3294 ὑπάρχει

516 3327 699 3395 μάχης
743 3325 979 3389 (iuitimn
1013 3324 1164 3394 pacis
1208 3323 1457 3392 sumpsit,
1490 3321 1572 3377 vel
1634 3319 1878 3390 suscepit
1918 3327 2093 3373 certa-

515 3432 640 3471 men
669 3416 710 3483 )',
737 3414 884 3486 quod
910 3415 1074 3470 etiam
1106 3415 1299 3486 ἄρχειν
1318 3421 1374 3468 et
1431 3413 1731 3482 κατάρχειν
1762 3411 1987 3475 dicitur,
2019 3409 2092 3463 ita

514 3508 783 3563 utdicere
812 3505 962 3563 :lloc
997 3509 1202 3579 aliquid
1243 3509 1348 3562 tale
1379 3507 1648 3577 ὑπάρχει,
1684 3504 1825 3559 idem
1869 3503 1951 3557 sic
1985 3516 2087 3556 ac:

513 3598 646 3656 Tale
671 3611 788 3666 est;
829 3600 926 3655 sed
952 3600 1153 3670 aliquid
1176 3601 1352 3668 majus
1381 3608 1559 3653 tamen
1593 3595 1880 3664 signiﬁcat,
1914 3603 1970 3648 et
1993 3592 2095 3648 iste

515 3707 712 3750 sensus
733 3693 822 3746 llic
848 3707 1076 3761 prorsus
1104 3691 1297 3745 obvius
1328 3699 1413 3743 est
1442 3704 1455 3740 :
1495 3685 1625 3741 dicit
1656 3686 1801 3740 enim
1827 3684 1886 3738 τὸ
1920 3682 2096 3746 ὑπάρ-

514 3802 636 3854 χον,
660 3795 720 3838 ut
742 3784 950 3838 dictum
973 3791 1078 3848 est,
1100 3783 1360 3841 Pneuma.
1389 3794 1533 3834 nunc
1549 3777 1708 3834 hodie
1729 3778 1914 3832 venire
1929 3774 2095 3830 disci.

518 3876 677 3942 pulos
708 3875 959 3940 impletis.

592 3965 713 4020 £98.
749 3965 982 4020 Verbum
1009 3975 1186 4019 autem
1237 3957 1372 4037 ἧκες
1406 3977 1502 4034 per
1535 3979 1586 4030 ε,
1613 3977 1644 4014 a
1702 3960 1887 4015 radice
1925 3959 2096 4037 venit

519 4059 660 4129 ἥκω,
687 4057 846 4127 cujus
877 4057 1034 4110 tertia
1065 4035 1300 4124 persona
1326 4063 1412 4110 est
1441 4049 1584 4125 ἧκεν
1610 4066 1712 4121 pro
1741 4046 1896 4122 ἦλθε.
1925 4035 2095 4103 ’γαιηὺί

520 4162 652 4202 vero
672 4142 812 4219 ἦκας
833 4145 984 4218 quod
1006 4149 1176 4201 etiam
1209 4145 1266 4200 in
1307 4145 1485 4215 primo
1517 4142 1898 4214 ἀκροστιχίδος
1935 4139 2096 4195 disti-

519 4240 625 4298 cho
655 4240 836 4296 facere
876 4241 1048 4297 visum
1080 4249 1168 4296 est
1194 4254 1210 4305 ;
1243 4253 1480 4309 praesens
1498 4237 1718 4308 quidem
1750 4245 1836 4292 est
1873 4235 1998 4304 ῖημι
2029 4247 2094 4286 ex

519 4350 630 4405 quo
665 4334 871 4405 ἀφίημι
905 4343 959 4389 et
987 4333 1220 4404 ὲφίημις
1253 4337 1430 4402 ipsum
1465 4345 1593 4384 vero
1617 4345 1722 4384 non
1758 4326 2092 4398 praeteritum

520 4430 617 4483 sed
643 4431 883 4484 aoristus
919 4441 1043 4482 esse
1074 4426 1376 4496 judicatur,
1422 4432 1478 4478 et
1503 4437 1572 4477 ex
1600 4423 1718 4491 ipso
1773 4418 2093 4491 provenisse

2184 1973 2346 2028 μενον
2377 1956 2586 2024 λάμπει
2613 1970 2628 1985 ⁸
2674 1956 2736 2009 οὑ
2772 1956 2933 2024 μόνον
2981 1955 3045 2008 οὑ
3076 1953 3486 2026 προσλαμϐάνον
3517 1956 3568 2005 τὸ
3591 1953 3681 2020 φαίη

2181 2067 2294 2126 νειν
2321 2049 2572 2114 ἄλλοθεν,
2602 2049 2741 2103 άλλά
2767 2048 2864 2104 καὶ
2892 2049 3130 2117 φωτίζον
3161 2046 3450 2118 ὑπερφυῶς
3478 2045 3582 2108 τοὺς
3599 2045 3681 2097 bla-

2180 2142 2391 2212 ψύχους
2431 2141 2826 2212 βουλομένουςο
2864 2141 3048 2204 καλῶς
3087 2141 3144 2194 δὲ
3183 2139 3413 2194 ἐνταῦθα
3446 2139 3500 2192 τὸ
3522 2138 3683 2192 obrvit-

2184 2235 2398 2299 σπότως
2424 2235 2719 2290 συνεδύασε
2751 2235 2829 2306 τῷ
2853 2235 3218 2306 σωτηριωδῶς
3240 2251 3257 2268 ο
3283 2232 3451 2304 δηλῶν
3477 2235 3532 2284 lx
3556 2249 3682 2298 mp:-

2140 2385 2149 2395 .
2184 2328 2437 2398 φράσεως
2465 2326 2770 2398 ψαλμικῆς.
2799 2325 2876 2390 ὥς
2930 2326 3040 2381 είσί
3073 2344 3221 2390 τινες
3259 2325 3520 2386 δεσπόται,
3551 2322 3684 2376 είτουν

2183 2419 2468 2490 ἄρχοντες.
2487 2415 2570 2484 οἷς
2594 2420 2696 2474 οὐκ
2725 2420 2842 2473 εστι
2865 2420 3131 2490 σωτηρία.
3155 2418 3250 2472 Arb
3281 2418 3398 2471 οὐδὲ
3429 2414 3684 2469 πεποιθέναι

2185 2510 2369 2574 αὐτοῖς
2391 2510 2520 2581 χρή.
2551 2510 2830 2579 Δεσπότης
2866 2506 2960 2563 οὖν
2987 2507 3320 2580 παγκρατὴς
3349 2507 3438 2560 καὶ
3472 2505 3684 2572 αὐτοκρα-

2185 2599 2303 2671 τὴς,
2335 2602 2433 2655 καὶ
2473 2600 2699 2673 κράτωρ
2741 2601 2986 2667 πάντων,
3017 2601 3112 2654 καὶ
3144 2600 3364 2670 άληθῶς
3399 2599 3686 2666 αὐτοκράτωρ

2189 2696 2552 2768 σωτηριωδῶς
2580 2696 2700 2766 ἅμα
2724 2697 2820 2751 καὶ
2841 2696 3261 2759 αὑτοόεσπότως
3291 2694 3457 2749 ποιῶν
3477 2695 3561 2748 ὅσα
3583 2692 3688 2745 ποιεῖ

2187 2788 2322 2853 Θεὸς
2350 2790 2534 2858 μόνος,
2567 2788 2630 2842 sb
2662 2787 2889 2858 Πνεῦμα
2920 2787 2982 2842 τδ
3010 2787 3192 2856 ἅγιον,
3222 2790 3252 2844 ὁ
3284 2787 3423 2850 Υἱὸς,
3447 2785 3532 2838 καὶ
3563 2783 3685 2836 ὁΠα-

2188 2881 2328 2951 τῆρ’
2377 2873 2422 2947 ᾧ
2455 2880 2835 2953 προσαρμόζει
2881 2879 2944 2933 sb
2997 2880 3248 2950 ὑπάρχον
3291 2879 3428 2932 κατὰ
3468 2879 3548 2932 τὸν
3583 2877 3687 2943 ltpr

2190 2971 2447 3026 ἐποποιόν
2468 2987 2482 3000 ·
2514 2973 2652 3040 ὅπερ
2695 2973 2793 3042 οὑχ
2830 2971 3015 3036 άπλῶς
3046 2970 3193 3026 οὕτω
3226 2971 3380 3042 δηλοῖ
3415 2969 3471 3023 sb
3490 2969 3558 3032 ὃν,
3590 2967 3688 3020 ἀλλὰ

2189 3062 2251 3116 τὸ
2308 3061 2369 3127 ἐξ
2409 3062 2584 3133 ἀρχῆς
2633 3062 2728 3116 καῖ⁸
2767 3062 2873 3132 πρὸ
2905 3061 3152 3116 αἰώνων·
3208 3061 3442 3115 τοιοῦτον
3481 3059 3572 3128 γάρ
3607 3058 3688 3118 τυῐς

2191 3152 2300 3206 τῶν
2324 3154 2571 3208 παλαιῶν
2597 3153 3014 3222 ἀκριϐεστέροις
3040 3152 3102 3205 τὸ
3139 3153 3406 3224 ὑπάρχον.
3461 3149 3574 3204 Φασὶ
3596 3147 3690 3215 γοῦν

2192 3244 2269 3308 ὡς
2289 3247 2318 3298 ό
2346 3245 2495 3297 δεῖνα
2527 3244 2769 3314 ὑπῆρξεν
2799 3245 3094 3316 simitch
3120 3245 3358 3316 ὑπάρχει
3383 3243 3561 3314 μάχης,
3582 3241 3605 3293 δ
3623 3240 3690 3292 καὶ

2193 3334 2386 3406 ἄρχειν
2413 3335 2508 3388 καὶ
2533 3336 2832 3404 κατάρχειν
2867 3335 3088 3400 λέγεται
3113 3351 3128 3365 ·
3161 3333 3304 3387 ὥστε
3349 3333 3438 3386 καὶ
3477 3331 3530 3386 τὸ
3562 3331 3691 3383 εἰπεῖν

2193 3425 2268 3488 ὠς
2297 3427 2417 3480 τόδε
2450 3443 2504 3479 τι
2541 3424 2747 3479 τοιόνδε
2805 3425 3067 3496 ὑπάρχει,
3110 3426 3446 3496 λαμϐάνεται
3492 3423 3574 3493 μὶν
3605 3421 3691 3472 ἀντὶ

2193 3517 2288 3568 τοῦ
2321 3518 2435 3570 ἔστί
2457 3529 2472 3546 ⁸
2504 3517 2656 3587 δηλοῖ
2686 3517 2743 3570 δέ
2774 3535 2828 3571 τι
2855 3518 2952 3570 καὶ⁵
2979 3518 3169 3570 πλεῖον
3195 3518 3382 3584 αὑτοῦ,
3411 3516 3496 3570 καὶ
3531 3512 3692 3568 εὐοδοῦ-

2194 3627 2287 3664 ται
2315 3610 2458 3662 πάνυ
2483 3609 2511 3661 ό
2542 3607 2667 3672 νοῦς
2696 3607 2853 3672 οὗτος
2879 3609 3111 3663 ἐνταῦθα
3132 3625 3147 3640 ”
3184 3609 3337 3678 λέγει
3370 3609 3468 3680 γὰρ
3490 3606 3543 3660 τὸ
3566 3604 3692 3672 ὑπάρ-

2194 3721 2310 3771 Χονο
2349 3702 2425 3765 ὡς
2452 3702 2674 3774 ὲρῤέθη,
2712 3701 2937 3771 Πνεῦμα
2963 3700 3140 3755 ἐλθεῖν
3169 3703 3298 3772 ἄρτι
3334 3703 3552 3773 σήμερον
3569 3699 3693 3766 ipp.-

2197 3793 2324 3864 ροῦν
2349 3794 2476 3856 τοὺς
2506 3793 2751 3864 μαθητάς

2267 3973 2413 4039 ριιη·ο
2435 3968 2510 4022 Τδ
2532 3969 2592 4024 δὲ
2615 3963 2753 4040 ἧκες
2772 3970 2864 4024 διὰ
2888 3969 2984 4024 τοῦ
3014 3988 3044 4024 ε
3071 3971 3186 4026 ἀπὸ
3214 3973 3314 4027 τοῦ
3334 3973 3548 4040 θέματος
3569 3969 3695 4039 ὁρμᾶ-

2194 4079 2283 4116 ται
2311 4061 2406 4115 τοῦ
2438 4063 2580 4133 ἥκω,
2617 4061 2678 4116 οὗ
2705 4063 2889 4134 τρίτον
2927 4063 2990 4117 τὸ
3017 4060 3155 4136 ἧκεν
3181 4066 3309 4119 ἀντὶ
3332 4064 3427 4119 τοῦ
3459 4061 3602 4134 ἦλθε·
3626 4059 3695 4113 τοῦ

2193 4153 2251 4207 δέ
2273 4169 2338 4221 γε
2365 4147 2528 4223 ἦκας,
2555 4153 2584 4206 ὃ
2608 4156 2702 4207 καὶ
2729 4156 2788 4209 ὲν
2815 4153 2893 4224 τῷ
2921 4158 3123 4226 πρώτῳ
3149 4156 3378 4229 ἐλεγείῳ
3395 4158 3487 4225 τῆς
3502 4157 3697 4225 ἀκροστι-

2193 4244 2343 4316 χίδος
2377 4245 2586 4316 πέφηνε
2615 4246 2852 4314 κεῖσθαι,
2882 4247 2911 4300 δ
2946 4247 3047 4318 μὲν
3075 4250 3318 4313 ἐνεστὼς
3353 4251 3488 4320 ῖημι,
3516 4249 3565 4314 ἐξ
3587 4239 3636 4299 οὑ
3656 4244 3696 4295 τὺ

2195 4335 2419 4406 ἀφίημι,
2446 4338 2540 4390 καὶ
2579 4337 2780 4408 ἐφίημι
2801 4353 2818 4370 ο
2850 4339 2984 4393 αὐτὸ
3009 4339 3067 4393 δὲ
3101 4339 3164 4394 οὐ
3192 4341 3578 4412 παρακείμενος
3599 4333 3697 4388 ἀλλὰ

2193 4427 2449 4498 ἀόριστος
2493 4429 2874 4500 εὐαρεστεῖται
2909 4425 3076 4494 εἶναι,
3098 4433 3194 4485 καὶ
3228 4431 3328 4486 ἀπ’
3349 4429 3504 4486 αὐτοῦ
3529 4425 3698 4491 κεκινῆ-

520 4520 779 4590 ηκάμηνε
813 4520 957 4573 unde
976 4518 1153 4587 juxta,
1177 4516 1509 4586 προηκάμην
1549 4528 1648 4582 pro
1677 4511 1894 4568 verbis:
1927 4510 2089 4580 προέ-

2198 4517 2322 4571 σθαι
2349 4517 2411 4570 τδ
2434 4519 2657 4589 ήκάμην
2679 4533 2696 4550 ο
2731 4519 2854 4573 ὅθεν
2889 4521 3035 4574 κατὰ
3065 4520 3128 4574 sb
3161 4523 3490 4594 προηκάμην
3511 4519 3610 4574 ἀντὶ
3633 4512 3710 4592 toti

523 4611 735 4681 πεμψα,
777 4610 1098 4678 προέδωκα,
1155 4608 1236 4662 sic
1294 4609 1456 4661 etiam
1531 4606 1897 4677 προσηκάμην
1953 4618 2096 4672 pro:

528 4702 968 4774 προσεδεξάμην,
990 4699 1148 4770 cujus
1168 4701 1321 4753 radix
1363 4707 1447 4753 est
1504 4698 1795 4766 προσξημι.
1859 4693 2097 4749 Verbum

525 4803 708 4850 autem
734 4791 1032 4868 tpqaopoi’w.
1063 4805 1131 4846 ex
1160 4805 1294 4859 quo,
1325 4788 1483 4858 paulo
1535 4796 1676 4858 post,
1740 4803 1802 4842 os
1825 4786 2101 4856 propheti-

525 4902 654 4942 cum
681 4885 1199 4953 πνευματέμφορον,
1229 4881 1413 4936 divina
1456 4881 1702 4949 quaedam
1767 4877 1854 4932 bic
1883 4879 2102 4932 videtur

525 4993 652 5034 esse
672 4975 840 5032 dictio
865 4975 1164 5032 secundum
1191 4973 1254 5026 τὸ
1275 4972 1461 5026 ἔνθεον
1491 4988 1505 5026 :
1547 4972 1644 5041 qui
1682 4972 1828 5025 enim
1886 4969 2098 5040 Spiritu

530 5079 723 5124 sancto
758 5067 993 5136 repletur
1023 5063 1479 5136 (ἐμφορούμενος)
1527 5062 1692 5117 simul
1719 5062 1882 5117 etiam
1913 5062 2104 5116 estdi-

528 5159 656 5214 vine
683 5156 983 5225 inspiratus
1060 5153 1306 5226 (ἔνθεος),
1339 5167 1594 5224 tanquam
1651 5154 1790 5206 intra
1835 5167 1895 5206 se
1920 5149 2102 5223 φορῶν

527 5236 643 5306 sive
668 5247 1124 5320 cpépwvtportans)
1156 5246 1325 5302 Deum
1364 5248 1452 5315 qui
1516 5253 1715 5300 cuncta
1784 5244 1980 5313 replet.
2047 5250 2102 5298 et

531 5341 709 5412 reipsa
740 5340 1077 5395 divinitatem
1107 5353 1293 5393 secum
1335 5353 1530 5407 gerens
1555 5334 1879 5404 (θεοφόρον).
1947 5333 2102 5389 Scito

531 5450 664 5490 vero
685 5435 830 5504 quod
859 5433 1084 5488 verbum
1121 5434 1306 5502 φορεῖν
1329 5433 1472 5500 quod
1509 5445 1618 5484 non
1654 5437 1738 5485 est.
1777 5429 2008 5483 multum
2047 5427 2103 5481 in

535 5543 660 5590 usu.
694 5542 817 5581 cum
852 5526 972 5580 aliis
1009 5533 1062 5577 et
1093 5524 1216 5577 aliis
1269 5520 1762 5592 praepositionibus,
1821 5517 2098 5572 diversam

533 5627 756 5688 praestat
790 5615 1244 5685 signiﬁcationem
1283 5631 1296 5667 :
1329 5605 1440 5665 'ltoc
1490 5619 1636 5680 patet
1656 5625 1720 5664 ex
1757 5611 1922 5663 verbo
1991 5611 2106 5661 eic-

532 5710 744 5779 φορεῖν,
782 5709 928 5776 quod
990 5705 1265 5776 signiﬁcat
1317 5703 1665 5758 introducere
1685 5710 1740 5756 et
1762 5700 2102 5771 importare;

535 5806 687 5854 etes
711 5798 878 5854 verbo
909 5797 1162 5866 ἐκφορεῖν
1219 5795 1336 5854 sive
1393 5792 1630 5864 ejicere:
1690 5791 1832 5848 unde
1880 5805 2102 5863 quoque

2202 4609 2537 4680 προέπεμψα
2583 4610 2868 4681 προέδωκα
2889 4628 2904 4642 '
2933 4611 3078 4667 οὕτω
3113 4616 3210 4668 καὶ¹
3249 4615 3594 4686 προσηκάμην
3615 4610 3701 4664 ἀντὶ

2199 4699 2296 4752 τοῦ
2324 4701 2756 4770 προσεδεξάμην,
2793 4701 2853 4756 οὖ
2889 4703 2950 4756 τὸ
2979 4704 3122 4773 θέμα
3151 4707 3414 4777 προσίημι
3435 4721 3448 4736 ·
3480 4704 3535 4757 τὸ
3563 4703 3608 4755 δὲ
3634 4702 3701 4766 ἐμο

2201 4789 2406 4860 φοροῦν
2431 4791 2492 4855 ἒξ
2523 4791 2584 4844 οὗ
2615 4792 2737 4859 μετ’
2763 4793 2922 4863 ὀλίγα
2963 4796 3140 4865 στόμα
3170 4797 3637 4867 πνευματῳφορον
3662 4789 3703 4840 τὸ

2203 4884 2566 4955 προφητικὸν,
2593 4881 2716 4936 θεία
2761 4901 2845 4948 τις
2893 4885 3132 4939 ἐνταῦθα
3162 4888 3411 4957 φαίνεται
3445 4883 3569 4940 εῐναι
3600 4882 3703 4947 λέξις

2202 4973 2344 5026 κατὰ
2371 4975 2430 5027 τὸ
2458 4972 2663 5028 ἔνθεον.
2697 4973 2756 5028 '0
2797 4975 2907 5047 γὰρ
2953 4977 3368 5046 ἐμφορούμενος
3407 4978 3550 5046 ἁγίου
3583 4970 3707 5026 nni»

2205 5078 2378 5131 ματος
2407 5061 2524 5132 ἄμα
2558 5064 2652 5116 καὶ
2707 5063 2889 5128 ενοεός
2916 5067 3068 5119 ἐστιν
3092 5067 3168 5130 ὡς
3191 5067 3341 5121 ἔνδον
3365 5067 3544 5122 ἑαυτοῦ
3573 5060 3708 5131 φομῖιν
3784 5123 3785 5126 η

2201 5151 2326 5221 ἢτοι
2356 5151 2539 5221 φέρων
2563 5154 2654 5206 τὸν
2677 5154 2746 5208 τὰ
2775 5155 2954 5208 πάντα
2977 5156 3294 5228 πληροῦν-τα
3320 5158 3469 5224 Θεὸν⁹
3494 5155 3575 5211 καὶ
3593 5149 3708 5206 αὐτὸ·

2203 5259 2394 5312 χρημα
2427 5242 2710 5312 θεοφόρον.
2749 5247 2891 5299 Ἰοθι
2937 5248 2994 5300 δὲ
3024 5251 3106 5302 ὅτι
3137 5249 3196 5302 τὸ
3239 5252 3425 5321 φορεῖν
3467 5241 3522 5302 οὑ
3561 5243 3707 5314 χρῆσις

2205 5333 2378 5404 πολλὴ
2403 5336 2556 5404 παρὰ
2580 5336 2820 5403 πολλοῖς,
2851 5341 2989 5408 μετὰ
3016 5341 3332 5411 προθέσεων
3357 5340 3519 5394 ἄλλων
3544 5336 3621 5391 καὶ
3642 5331 3709 5386 άλ-

2204 5422 2335 5489 λων,
2368 5426 2586 5490 ἀλλοίας
2631 5429 2887 5483 ἀποτελεῖ
2915 5433 3192 5501 σημασίας
3211 5449 3228 5464 ο
3258 5434 3335 5496 ὡς
3377 5433 3524 5502 δῆλον
3566 5430 3620 5480 ἐκ
3641 5418 3708 5474 τῡῦ

2207 5519 2501 5588 εἰσφορείν,
2526 5519 2554 5572 ὃ
2599 5520 2750 5591 δηλοῖ
2786 5525 2847 5575 τὸ
2875 5523 3116 5593 είσάγειν
3155 5525 3252 5579 καὶ
3285 5522 3607 5593 είφιομίζειν,
3643 5512 3710 5566 καὶ

2203 5609 2299 5674 τρῦ
2359 5613 2615 5679 ἐκφορεῖν
2673 5614 2792 5684 ἤτοι
2845 5616 3162 5670 ἐκϐάλλεινο
3221 5616 3346 5670 ὅθεν
3396 5616 3484 5668 καὶ
3531 5612 3709 5676 ἔκφορον

2210 5699 2532 5769 μυστήριον,
2564 5701 2658 5755 καὶ
2685 5703 2780 5756 τοῦ
2805 5709 3107 5777 συμφορεῖν
3131 5723 3147 5738 ο
3173 5706 3500 5778 συνεφόρησε
3524 5699 3615 5770 γάρ
3635 5707 3712 5762 ’μ’

2208 5807 2312 5863 l‘"
2343 5794 2678 5864 κατηγορίας
2710 5800 2803 5852 καὶ
2825 5797 3091 5869 φλυαρίας
3118 5797 3322 5865 πολλάς
3342 5817 3357 5831 ο
3396 5799 3482 5852 καὶ
3508 5792 3589 5847 τοῦ
3619 5792 3709 5840 ἐπι⁸
