3824 6542
151 418 234 478 70.‘
950 405 1034 465 IN
1071 402 1405 464 HYMNUM
1456 399 2102 463 PENTECUSTALEM
2141 401 2605 489 DMlASCENi.

3251 398 3359 461 71‘.)

152 526 311 595 φορεῖν
339 522 453 592 ἦτοι
476 517 817 579 ἐπιϐάλλειν,
853 512 947 566 καὶ
976 511 1073 565 τοῦ
1100 508 1493 579 προφορεῖσοαι
1528 508 1553 557 ὅ
1579 508 1693 557 ἐστι

1807 506 1949 559 νιιηίι
1987 506 2218 576 ἔκφορον
2245 508 2601 577 mysterium;
2661 516 2713 561 et
2740 524 2803 562 ex
2840 511 3140 579 συμφορεϊν
3176 530 3188 565 :
3222 512 3358 565 dici~

149 614 422 679 διάζεσθαι·
455 611 544 661 καὶ
575 608 666 660 τοῦ
701 608 1016 675 διεφόρησε,
1049 602 1383 668 διαφορεῖται
1433 598 1565 666 γοῦν
1592 597 1682 665 ἔγ-

150 727 265 764 κατα
300 705 431 770 ζώου
458 703 759 771 ἐκχεόμενοι
788 700 883 767 τῆς
912 695 1143 757 κοιλίας.
1190 692 1309 746 Εἰσὶ
1339 692 1395 744 δὲ
1425 694 1517 743 καὶ
1547 690 1683 743 ἄλλα

150 799 360 860 τοιαῦτα,
384 799 441 847 ὲν
470 789 548 853 οἷς
574 792 669 845 καὶ
700 792 762 843 rb
792 786 1213 859 ἀνωφορεῖσθαι,
1248 786 1344 838 καὶ
1372 784 1433 835 rb
1457 796 1683 851 περιφοο

1785 611 1907 652 mus
1937 601 2082 651 enim
2121 617 2135 652 :
2179 598 2513 675 συνεφόρησε
2546 601 2819 669 congessit
2866 602 3243 655 accusationes
3306 611 3361 654 et

1784 705 1956 758 nugas
1989 691 2221 754 multas;
2258 700 2312 743 et
2336 706 2399 743 ex
2438 692 2744 757 ὲπιφορξῖι,
2780 696 2925 761 quod
2990 702 3075 746 est
3133 695 3361 761 injicere

1782 789 1837 836 et
1866 796 1931 835 ex
1960 781 2379 851 προφορεῖσθαι,
2411 782 2525 836 sive
2570 784 2769 837 ordiri:
2816 793 2872 838 et
2922 797 2984 836 ex
3045 783 3360 852 διεφόρησε,

154 895 263 963 ρεῖν,
292 890 406 943 ὅθεν
432 889 532 940 καὶ
560 889 587 939 ό
618 884 1008 955 περιφόρητος.
1055 878 1401 950 Πρωτόθετον
1429 876 1485 927 δὲ
1517 873 1683 926 πάλαι

1807 876 2120 943 ἱιαφορεῖται
2143 876 2285 927 enim
2312 875 2743 947 (disperguntur)
2775 876 3026 930 animalis
3057 877 3264 931 viscera
3292 892 3360 931 ex

152 983 259 1038 ποτὲ
288 983 343 1034 rb
372 982 624 1050 ἐκφορεῖν
658 978 751 1030 ἐπὶ
778 976 908 1043 νηὸς
938 972 1348 1042 πληρουμένης,
1372 963 1416 1036 ᾧ
1449 967 1686 1019 ἀντίκει-

149 1093 217 1128 r1:
244 1076 296 1125 rb
330 1072 607 1140 ὲμφορεῖν.
656 1068 718 1121 Et
756 1067 814 1119 δὲ
848 1064 1046 1118 ταυτδν
1090 1062 1352 1131 ὲμφορεῖν
1386 1060 1564 1111 εἰπεῖν
1595 1056 1688 1109 καὶ

150 1163 394 1233 ἑμπιπλᾷν
412 1164 551 1214 κατὰ
570 1160 651 1222 rb,
670 1159 727 1212 Ἐ
737 1157 837 1223 πλῆ
847 1157 947 1224 σθη
974 1154 1285 1222 Πνεῦματος
1308 1150 1486 1217 ἁγίου,
1508 1149 1687 1199 εῖτουν

152 1256 442 1324 ἑνεφορήθη,
483 1253 579 1305 καὶ
611 1247 682 1322 ἦν
723 1251 817 1303 καὶ
846 1249 906 1301 rb
945 1247 1143 1316 μέτρον
1178 1242 1424 1297 δεκτικὸν
1447 1238 1637 1292 τούτου
1668 1251 1682 1267 ·

151 1348 261 1402 ἀλλὰ
313 1345 722 1415 προετιμήσατο
763 1342 944 1402 καλῶς
994 1341 1022 1391 ὁ
1059 1335 1293 1408 μελῳδὸς
1320 1332 1380 1385 rb
1413 1327 1688 1400 ὲμφοροῦν

150 1444 268 1511 ἢπερ
299 1439 354 1491 rb
378 1438 693 1507 ἐμπιπλῶν.

1786 972 1975 1017 ventre
2003 963 2192 1017 eﬂusa.
2222 963 2362 1019 Sunt
2390 967 2555 1019 etiam
2591 966 2904 1035 hujusmodi
2938 965 3064 1026 alia,
3139 966 3191 1019 in
3242 968 3364 1034 qui-

1788 1053 1891 1108 bus
1912 1054 1972 1106 rb
2006 1055 2407 1123 ἁνωφορεῖσθαι
2444 1065 2498 1109 et
2528 1058 2587 1109 rb
2620 1060 2936 1127 περιφορεῖν
3008 1058 3152 1111 unde
3180 1060 3209 1110 ό
3254 1075 3350 1109 πε-

1789 1146 2082 1216 ριφόρητος
2112 1146 2216 1199 huc
2246 1146 2374 1201 illuc
2410 1156 2680 1201 versatus.
2724 1147 3003 1201 Primitiva
3038 1156 3217 1201 autem
3246 1156 3364 1201 erat

1788 1238 1915 1292 olim
1951 1237 2122 1291 forma
2164 1239 2419 1309 ἐκφορεῖν
2447 1242 2512 1292 de
2544 1242 2667 1293 navi
2733 1240 2978 1309 impleta.
3012 1242 3099 1294 cui
3126 1242 3360 1308 opponi-

1791 1339 1881 1385 tur
1905 1332 2194 1400 ὲμφορεϊν.
2229 1330 2285 1386 Si
2314 1348 2444 1387 vero
2481 1333 2621 1387 idem
2655 1335 2940 1389 estdicere
2966 1352 2980 1387 :
3018 1336 3279 1405 ἐμφορετν
3310 1343 3365 1387 et

1790 1420 2092 1492 ὲμπιπλᾷν,
2117 1422 2271 1491 juxta
2308 1424 2487 1478 istud:
2522 1424 2767 1495 ἐπλήσθη
2797 1426 3035 1494 repletus
3079 1434 3163 1480 est
3188 1425 3364 1494 Spiri-

153 1548 196 1591 tu
224 1543 424 1599 sancto,
453 1536 568 1587 sive
612 1530 950 1601 ἐνεφορήθης
983 1538 1037 1583 et
1070 1524 1601 1582 versusalterutrum
1634 1530 1700 1571 rei

1807 1530 1877 1570 :re
1917 1528 2150 1589 poterat,
2207 1528 2445 1575 attamen
2496 1520 2721 1591 pulchre
2779 1522 3024 1577 melodus
3075 1520 3136 1573 rb
3192 1523 3365 1590 ἐμφοο

152 1631 256 1701 ροῦν
272 1631 343 1700 τῷ
376 1629 668 1698 ὶμπιπλῶν
698 1627 954 1698 praetulit.

208 1721 332 1793 pgﬁ'.
364 1722 682 1789 Σκοπητὲον
730 1721 790 1774 δὲ
837 1720 1050 1791 μήποτε
1075 1719 1136 1773 τό
1166 1736 1180 1754 ο
1218 1718 1525 1790 Ἐμφοροῦν
1560 1718 1688 1772 τοὺς

150 1815 629 1883 ἀποστόλους-ἇημα
658 1814 877 1885 τιμῆεν,
916 1811 1316 1883 παρείλκυσται
1349 1812 1458 1864 ἀπὸ
1493 1812 1690 1877 ἐξωτε-

1865 1705 1990 1762 199.
2027 1704 2329 1760 Videndum
2368 1713 2548 1759 autem
2576 1719 2643 1759 ne
2685 1703 2826 1759 forte
2891 1704 3057 1760 dictio
3087 1703 3363 1775 :chleus

1795 1797 2071 1866 apostolos
2096 1795 2462 1850 venerandum
2491 1793 2708 1859 ﬂamen,
2749 1804 2905 1850 eruta
2936 1796 3006 1850 sit
3032 1810 3097 1850 ex
3125 1797 3228 1850 hoc
3261 1811 3360 1851 ex-

154 1905 280 1971 ρικοῦ
326 1906 493 1968 ἔπους
532 1904 650 1969 τοῦ,
688 1907 935 1975 Ἔπρησε
957 1906 1002 1958 δ’
1024 1903 1224 1973 ἄνεμος
1285 1902 1451 1955 ίστίον
1503 1904 1687 1973 μέσον,

1807 1900 1952 1947 terno
1974 1890 2150 1946 dicto:
2181 1890 2430 1959 Ἐπρησε
2452 1889 2496 1941 δ’
2527 1888 2728 1957 ἄνεμος
2759 1888 2925 1944 ἱστίον
2947 1892 3131 1958 μέσον,
3158 1889 3366 1944 inﬂavit

152 2001 333 2068 ἑταῖρος
364 1999 575 2060 ἐκεῖνος
598 1994 920 2062 όνομασθεὶς
949 1997 1044 2049 καὶ
1071 1994 1140 2047 δι’
1174 1994 1309 2047 αὐτὸ
1333 1993 1516 2061 τίμιος
1543 2009 1557 2025 ⁸
1588 1994 1688 2046 καὶ

1807 1992 1985 2038 tentus
2016 1982 2253 2036 medium
2286 1981 2486 2043 velum,
2514 1981 2726 2036 amicus
2787 1982 2891 2035 iste
2921 1981 3100 2036 dictus
3144 1991 3197 2035 et
3239 1982 3363 2035 ideo

153 2090 219 2157 εἴη
238 2089 298 2142 ἂν
318 2087 493 2150 οὕτως
523 2087 553 2138 ό
576 2085 810 2155 μελῳδὸς
827 2084 1001 2152 λέγων
1028 2084 1110 2136 ὅτι
1140 2081 1493 2151 ἒνεφόρησεν,
1519 2082 1689 2150 ἧγουν

1807 2074 2061 2130 πειὶοευε
2090 2087 2182 2128 seu
2214 2072 2573 2128 venerandus.
2600 2071 2667 2125 Et
2691 2072 2771 2127 sic
2825 2072 3070 2127 melodus
3116 2072 3321 2126 diceret
3347 2089 3363 2127 :

153 2182 354 2251 ἔπρησε,
416 2180 701 2234 τουτέστιν
758 2179 1083 2249 ἐπλήρωσεν
1140 2170 1227 2228 οἷα
1294 2174 1445 2245 φίλον
1509 2173 1693 2244 τίμιον

154 2270 338 2341 πνεῦμα
370 2273 473 2324 ὅσα
500 2271 593 2324 καί
634 2286 757 2323 τινα
793 2268 939 2322 ἱστία
972 2266 1277 2320 πλευστικὰ
1308 2265 1435 2328 τοὺς
1457 2265 1693 2318 ἀποστό-

153 2362 274 2429 λους,
305 2362 397 2416 τνα
427 2363 572 2416 οὓτω
608 2361 919 2432 πλησίστιοι
965 2359 1214 2429 ἐξουρίας
1261 2357 1469 2427 ταύτης
1520 2355 1695 2424 πνοῆς

156 2455 445 2524 φερόμενοι,
472 2455 572 2516 τὰς
604 2451 823 2515 ἐθνικὰς
861 2449 1140 2512 θαλάσσας
1165 2448 1571 2519 περιέρχοιντο·
1606 2447 1697 2515 νή·-

156 2562 262 2607 σους
286 2562 342 2597 τε
378 2542 734 2612 προφητικῶς
762 2540 1165 2610 ὲγκαινῐζοντες
1193 2538 1270 2610 τῷ
1298 2537 1438 2607 Θεῷ,
1472 2538 1697 2598 καὶτοῖς

155 2637 202 2686 ιν
235 2637 351 2696 ταῖς
406 2634 623 2704 χέρσοις
665 2632 1140 2704 παρακομίζοντες
1178 2630 1449 2702 ἐμπορίας
1494 2628 1698 2699 τρόπον

154 2728 209 2780 τὰ
231 2729 308 2790 είς
338 2726 608 2796 σωτηρίαν
641 2725 912 2781 ἐνδέοντα.
947 2725 1136 2794 ’Δημα
1166 2723 1225 2777 δὲ
1255 2721 1318 2776 rb
1346 2720 1587 2791 πνεῦμα,
1621 2721 1697 2783 ὡς

157 2816 350 2869 ἀπὸτοῦ
381 2818 519 2885 ἇημι
551 2818 726 2885 ἁήσω,
758 2816 816 2880 ἐξ
852 2815 914 2868 οὗ
938 2816 1035 2869 καὶ
1064 2814 1442 2886 παρατατικός
1471 2828 1486 2843 ο
1536 2813 1698 2881 Μῆνα

156 2908 437 2978 δ’ἄληκτον
490 2909 576 2962 ἀει
628 2909 816 2970 νότος·
847 2900 907 2962 οὗ
966 2908 1212 2977 σημασία
1268 2905 1369 2975 μὲν
1406 2906 1466 2959 rb
1497 2904 1693 2958 ἔπνεεο

158 3000 345 3070 κινητις
386 3001 441 3054 δι
471 3000 612 3052 κατὰ
643 3000 703 3053 rb
740 2998 962 3061 ὲτίθειν,
995 2999 1215 3065 ἐτίθεις,
1253 2980 1454 3051 ιτέθει·
1498 2998 1611 3050 ἐστι
1638 2994 1698 3050 δι

162 3091 236 3142 καὶ
266 3092 465 3160 μετοχὴ
500 3090 592 3144 τοῦ
621 3090 690 3158 ἄη
701 3107 782 3157 μι,
823 3090 942 3151 ἁεὶς
972 3088 1184 3152 ἀέντος,
1212 3086 1288 3151 ὡς
1320 3087 1490 3147 τιθεὶς
1515 3086 1697 3140 τιθέν-

162 3197 257 3243 τος·
288 3175 345 3233 οὗ
367 3182 558 3251 γενικὴ
587 3180 928 3250 πληθυντικὴ
957 3181 1184 3243 ἀέντων,
1212 3179 1284 3241 ὡς
1307 3178 1368 3231 τό
1395 3194 1412 3211 ο
1453 3178 1697 3248 ’Δνὲμων

1799 2164 2100 2235 ἑνεφόρησε
2128 2164 2243 2217 sive
2288 2164 2517 2233 ἔπρησε,
2556 2164 2736 2228 idest,
2770 2162 3018 2231 replevit,
3078 2164 3156 2217 uti
3204 2178 3368 2217 venco
3444 2234 3450 2241 σ

1792 2254 2023 2308 randum
2052 2253 2398 2321 amicumque
2432 2251 2655 2313 ﬂamen,
2688 2262 2951 2321 tanquam
2992 2255 3237 2323 quaedam
3269 2269 3369 2307 na-

1796 2343 1933 2397 valia
1971 2342 2114 2407 vela,
2155 2341 2458 2412 apostolos,
2490 2348 2551 2396 ut
2584 2342 2655 2395 ita
2709 2342 2895 2410 repleti
2958 2357 3052 2412 per
3126 2342 3363 2397 faustam

1794 2434 1939 2488 hanc
1962 2434 2318 2503 spirationem
2351 2432 2472 2498 lati,
2512 2432 2732 2486 ethnica
2760 2432 2933 2487 maria
2964 2433 3319 2488 circumirent
3348 2450 3363 2499 ;

1796 2524 2001 2579 insulas
2030 2522 2350 2594 pr0phetico
2377 2521 2540 2579 modo
2560 2522 2879 2578 dedicantes
2912 2522 3041 2589 Deo,
3065 2532 3119 2577 et
3144 2524 3211 2579 ad
3244 2525 3365 2579 illos

1796 2615 1886 2685 qui
1914 2600 2372 2670 terramisolidam
2409 2614 2675 2681 habitant,
2706 2614 2871 2684 veluti
2930 2615 3275 2686 negotiaiido.
3300 2632 3365 2671 ea

1797 2723 1918 2778 qua:
1948 2708 2015 2763 ad
2051 2707 2280 2763 salutem
2308 2707 2626 2763 necessaria
2649 2715 2801 2770 sunt,
2829 2708 3205 2779 importantes.
3245 2708 3369 2779 Spi-

1796 2801 1935 2856 ritus
1960 2809 2140 2855 autem
2172 2808 2256 2855 est
2285 2799 2461 2870 ᾶημα,
2484 2800 2633 2853 velut
2664 2799 2735 2853 ab
2759 2799 2897 2869 ᾶημι
2942 2800 3117 2871 equm,
3141 2816 3204 2855 ex
3258 2815 3370 2871 quo

1798 2890 2176 2961 imperfectum
2208 2908 2223 2947 :
2253 2892 2414 2959 Μῆνα
2445 2891 2490 2944 δ’
2522 2889 2759 2959 ἄληκτον
2794 2891 2879 2943 ast
2911 2891 3081 2955 νότος,
3122 2894 3372 2947 intermi-

1797 2991 1929 3037 nato
1951 2998 2137 3039 mense
2162 2983 2405 3053 spirabat
2431 2991 2627 3046 notus;
2664 2981 2824 3050 cujus
2882 2982 3216 3052 signiﬁcatio
3240 2984 3370 3053 qui-

1799 3073 1921 3130 dem
1950 3082 2039 3129 est
2067 3084 2123 3127 ut
2154 3072 2311 3125 ἔπνεε
2337 3089 2354 3126 :
2394 3073 2562 3128 motio
2592 3088 2720 3126 vero
2756 3073 2814 3127 ﬁt
2836 3074 2990 3144 juxta
3021 3074 3084 3127 rb
3146 3076 3369 3139 trierw,

1799 3163 2014 3228 ἐτίθεις,
2036 3161 2225 3215 ἐτίθει.
2254 3159 2350 3215 Est
2380 3170 2560 3216 autem
2616 3163 2784 3217 etiam
2853 3164 3199 3232 participium
3271 3166 3371 3222 τοῦ

164 3278 299 3339 μένος
331 3273 497 3343 ὑγρδν
541 3274 745 3327 ἀέντων
768 3290 781 3303 .
826 3272 1048 3325 ἐκεῖθεν
1100 3271 1157 3323 δὲ
1209 3271 1383 3340 ἀήτης
1409 3272 1436 3322 ὁ
1465 3271 1696 3338 ἄνεμος.
1724 3260 1770 3323 c
1802 3253 1964 3324 ἄημι,
2006 3254 2123 3316 delc
2154 3255 2362 3318 ἀέντος,
2394 3257 2536 3309 sicut
2556 3255 2726 3319 τιθεὶς
2755 3255 3029 3321 τιθέντοςς
3061 3259 3218 3325 cujus
3245 3260 3369 3327 plu.

161 3359 220 3421 ὡς
247 3361 302 3412 δὲ
325 3362 386 3414 ἐκ
418 3361 510 3415 τοῦ
549 3362 691 3429 ἄημι
746 3362 807 3413 rb
855 3360 1031 3428 ἆημα,
1058 3356 1229 3420 οὕτως
1262 3358 1325 3410 ὲκ
1374 3356 1469 3409 τοῦ
1508 3355 1702 3424 τίθημι

164 3453 401 3522 ἐπίθημα,
435 3454 495 3506 rb
529 3453 699 3523 πῶμα
754 3452 849 3525 τῆς
907 3450 1074 3521 χηλοῦ
1100 3466 1114 3481 ⁸
1165 3450 1259 3504 καὶ
1306 3448 1567 3518 ἀνάθημα
1608 3448 1703 3500 καὶ

166 3541 411 3612 σύνθημα.

228 3807 285 3861 o'.
314 3808 517 3876 Τιμῆεν
548 3807 681 3860 δὲτὸ
720 3807 1009 3877 εἰρημένον
1058 3809 1238 3880 ἇημα,
1280 3809 1446 3880 ἤγουν
1494 3810 1528 3879 ἡ
1554 3807 1704 3878 βιαία.

173 3901 313 3969 πνοὴ,
345 3901 428 3955 διὰ
459 3902 518 3953 τὸ
556 3902 711 3969 ἆγιον
738 3900 984 3971 Πνεῦμα,
1088 3901 1271 3971 εκείνη
1309 3900 1384 3963 ὡς
1423 3896 1535 3953 οἷον
1568 3916 1706 3970 παρ-

167 3992 541 4062 ηκολούθησεν·
595 3994 695 4047 οὑκ
725 3992 954 4056 ἀπεικὸς
1013 3992 1068 4046 δὲ
1116 3993 1207 4045 τὸν
1246 3990 1557 4046 ἀκούσαντὰ
1598 4008 1702 4044 που

170 4084 306 4149 νέφος
344 4084 496 4137 θυόεν
531 4084 591 4138 rb
626 4085 789 4138 οἱονεὶ
832 4083 1231 4154 τεθυμωμένον
1295 4083 1538 4135 τοιοῦτον
1574 4084 1706 4136 ὐπο-

173 4174 334 4242 νοῆσαί
369 4193 416 4228 τι
471 4177 565 4230 καὶ
620 4174 761 4230 οὕτω
800 4178 983 4246 τίμιον
1038 4176 1133 4228 καὶ
1176 4176 1235 4229 rb
1285 4175 1382 4229 νῦν
1415 4176 1578 4245 ῥηθὲν
1611 4176 1705 4228 ἀέ-

174 4282 301 4333 ριον*
337 4269 426 4320 καὶ
448 4268 628 4332 ἄλλως
659 4268 714 4322 δὲ
759 4268 818 4322 rb
843 4268 1039 4338 τιμῆεν
1089 4267 1384 4337 συντεχθὲν
1414 4267 1528 4330 τοῖς
1562 4267 1707 4320 οῐκέ-

172 4374 272 4422 ταις
294 4361 459 4424 ἄλλως
487 4362 556 4415 ἂν
589 4361 703 4431 ἔχοι
722 4377 737 4393 ο
772 4361 957 4430 τίμιον
978 4361 1087 4431 γὰρ
1116 4356 1185 4431 ἦν
1212 4363 1325 4424 τοῖς
1357 4360 1703 4427 ἀποστόλοις,

174 4449 235 4512 ὡς
260 4452 443 4505 αὐτίκα
496 4451 797 4522 είρήσεται,
830 4455 942 4515 τοῖς
993 4452 1085 4504 καὶ
1134 4453 1315 4521 μόνοις
1368 4454 1708 4520 ἐπεγνωκόσι

176 4542 253 4611 τὴν
277 4546 329 4596 ὲν
353 4545 427 4615 τῷ
454 4544 706 4614 συμϐόλῳ
729 4543 1012 4610 θειοτάτην
1038 4545 1253 4613 σοφίαν,
1276 4544 1369 4599 καὶ
1396 4543 1708 4613 διακρίνασι

178 4633 252 4684 τὶν
276 4629 401 4703 ἦχον
460 4635 559 4704 τῆς
605 4634 806 4704 βιαίας,
872 4634 1041 4705 πνοῆς
1064 4649 1077 4664 '
1129 4636 1324 4695 ταυτὸν
1345 4634 1391 4688 δ’
1418 4635 1593 4690 εἰπεῖν
1614 4635 1710 4690 τοῦ

182 4721 334 4791 βιαίου
377 4727 646 4796 ἀήματος,
683 4725 911 4795 μήνυμα
949 4721 1087 4778 εἶναι
1137 4726 1234 4796 τῆς
1265 4726 1359 4779 τοῦ
1400 4727 1711 4795 ἁγιωτάτου

182 4815 468 4886 Πνεύματος
498 4818 858 4879 ἑπελεύσεως.
900 4816 963 4869 El
1017 4816 1072 4869 δὲ
1102 4815 1163 4869 rb
1209 4816 1452 4871 τοιοῦτον
1493 4819 1712 4888 πνεῦμα

178 4906 262 4959 οὐκ
306 4907 547 4978 ἕφριξαν,
598 4906 734 4961 ἀλλὰ
781 4907 1046 4977 ἐτίμησαν
1089 4908 1367 4978 χαρέντες,
1423 4909 1499 4972 ὡς
1547 4910 1713 4976 εἰκὸς,

177 4998 303 5061 οἴους
331 5001 620 5070 νομίσομεν
660 4999 789 5061 τοὺς
820 5000 1045 5062 πιστοὺς
1068 5000 1286 5062 οἰκέτας
1314 5000 1542 5063 τούτους
1572 4998 1713 5054 εἶναι

176 5090 234 5141 τὰ
258 5093 330 5155 είς
355 5093 527 5162 χαρὰν
558 5092 644 5159 ἐφ’
675 5086 758 5153 οἷς
798 5091 1064 5161 ἐνήργουν
1114 5091 1343 5161 ὕστερον
1377 5091 1717 5162 ἐμφορηθέν-

176 5194 253 5243 τες
278 5184 364 5235 τοῦ
395 5183 550 5251 ἁγίου
582 5181 939 5252 Πνεύματοςς
985 5183 1050 5237 Ei
1086 5182 1141 5235 δὲ
1172 5180 1590 5251 κατετάχθησαν
1613 5183 1714 5254 ἢδη

176 5273 246 5335 εἷς
270 5273 446 5341 φίλους
486 5274 565 5344 τῷ
591 5274 829 5343 δεσπότῃ
859 5273 1103 5343 Χριστῷ,
1137 5273 1283 5327 καθὰ
1314 5275 1520 5336 ἐκεῖνος
1552 5274 1718 5340 εὐαγ-

176 5365 385 5430 γελικῶς
430 5365 658 5430 διέθετο,
702 5363 819 5418 ἀλλ’
851 5365 952 5417 οὐκ
1007 5365 1073 5417 ἂν
1124 5363 1482 5433 ἐκφεύξονται
1536 5363 1596 5417 rb
1642 5366 1719 5435 μὴ

176 5455 333 5510 δοῦλοι
352 5454 491 5510 εἶναι
518 5455 704 5527 φύσει,
728 5457 816 5510 ναὶ
836 5455 892 5510 δὲ
921 5456 1016 5511 καὶ
1036 5455 1431 5510 δουλέκδουλοι.

239 5636 331 5685 σσΙ.
378 5632 570 5687 Ἰστέον
596 5633 654 5686 δὲ
681 5633 764 5687 ὅτι
791 5651 849 5686 τε
878 5631 1000 5687 ὅθεν
1030 5636 1088 5687 rb
1116 5634 1288 5705 ἆημα,
1318 5633 1526 5687 ἐκεῖθεν
1559 5637 1652 5689 καὶ
1689 5638 1719 5690 ὁ

180 5717 353 5791 ἄνεμος
377 5739 391 5754 ·
421 5725 590 5795 ἇεμός
626 5743 709 5789 τις
749 5725 824 5779 ὢν
851 5726 945 5779 καὶ
973 5726 1297 5797 πλεονασμῷ
1329 5726 1424 5781 τοῦ
1471 5727 1555 5795 νῦ,
1590 5730 1720 5783 ἄνε-

183 5826 306 5878 μος·
336 5818 427 5869 καὶ
467 5817 550 5872 ὅτι
597 5818 792 5887 χρῆσις
847 5818 1091 5888 ἁήματος
1140 5819 1234 5873 καὶ
1275 5819 1366 5872 ἐπὶ
1395 5818 1473 5889 τῷ
1501 5819 1712 5874 εἰπόντι

1805 3346 1933 3401 ralis
1970 3345 2239 3415 genitivus
2256 3357 2338 3401 est
2357 3346 2585 3411 ἀέντων,
2608 3355 2666 3399 ιιι
2690 3348 2747 3401 in
2772 3349 3173 3418 ὴοοιἈνέμων
3208 3352 3368 3418 μένος

1803 3438 1967 3505 ὑγρὸν
1992 3438 2215 3503 ἀέντων,
2231 3447 2512 3493 ventorum
2533 3448 2708 3494 motus
2730 3441 3004 3496 variabilis
3020 3443 3369 3510 spirantium.

1804 3529 2008 3584 Exinde
2030 3545 2248 3600 quoque
2287 3531 2434 3585 venit
2461 3532 2633 3601 ἀήτης
2662 3536 2689 3585 ό
2723 3532 2946 3601 ἄνεμος.
3007 3533 3159 3588 Sicut
3180 3542 3360 3589 autem

1803 3636 1867 3676 ex
1908 3621 1985 3690 τῷ
2017 3622 2153 3689 ᾶημι
2179 3622 2239 3674 rb
2266 3621 2443 3691 ἄημα,
2475 3623 2554 3677 sic
2595 3639 2659 3677 ex
2716 3622 2791 3693 τῷ
2842 3623 3030 3693 τίθημι
3091 3626 3365 3695 ὲπίθημα,

1804 3713 2119 3781 Operculum
2148 3715 2413 3780 capsula;
2448 3724 2502 3768 et
2525 3713 2785 3785 ἀνάθημα
2820 3725 2874 3770 et
2925 3714 3201 3784 σύνθημα.

1874 3804 2397 3861 200.Venerandum
2430 3818 2608 3861 autem
2665 3816 2752 3864 est
2798 3810 3115 3879 praedictum
3174 3809 3374 3865 ﬂamen

1807 3900 1923 3956 sive
1952 3900 2177 3971 spiratio
2201 3898 2377 3965 fortis,
2410 3900 2480 3954 ob
2517 3899 2779 3969 Spiritum
2805 3910 3082 3965 sanctum,
3121 3902 3206 3955 cui
3238 3917 3376 3971 quo-

1806 3994 2099 4049 dammodo
2120 3995 2305 4047 comiti
2330 3994 2526 4063 praevia
2557 3994 2679 4048 fuit.
2756 3993 2872 4048 Non
2923 4005 3107 4049 autem
3172 4007 3366 4051 contra

1808 4085 2329 4139 verisimilitudinem
2358 4093 2439 4139 est
2464 4100 2588 4139 eum
2625 4084 2715 4154 qui
2751 4088 3006 4155 quopiam
3042 4087 3249 4141 audivit
3275 4104 3379 4141 nuo

1811 4179 1927 4233 bcm
1962 4177 2288 4232 odoriferam
2320 4177 2435 4231 sive
2457 4174 2838 4242 suﬂitam,tale
2860 4180 3129 4248 suspicari
3166 4179 3373 4247 aliquid

1808 4280 1864 4324 et
1900 4269 1972 4323 ita
2000 4269 2319 4339 pretiosum,
2359 4275 2654 4338 praesenter
2684 4269 2889 4325 dictum
2945 4274 3173 4327 aerium.
3225 4274 3377 4329 Alias

1812 4370 1991 4416 autem
2021 4359 2082 4413 rb
2109 4360 2305 4429 τιμῆεν
2326 4359 2677 4429 conjunctum
2710 4376 2835 4416 cum
2862 4365 2975 4426 τοῖς
2998 4364 3253 4431 οἰκέταις,
3277 4364 3379 4419 ali-

1811 4462 1893 4508 ter
1918 4451 2572 4519 haberetur:pretiosum
2632 4453 2777 4508 enim
2835 4463 2950 4509 erat
2973 4455 3254 4525 apostolis,
3316 4466 3379 4512 ut

1814 4540 2074 4597 continuo
2094 4540 2327 4603 dicetur,
2356 4540 2446 4608 qui
2482 4540 2585 4595 soli
2601 4541 2998 4598 divinissimam
3050 4544 3374 4613 sapientiam

1818 4641 2146 4702 agnoverant
2198 4632 2252 4686 in
2277 4631 2521 4702 symbolo
2544 4648 2848 4704 sonumque
2864 4636 3199 4691 vehementis
3216 4635 3382 4694 ﬂatus

1814 4723 1900 4777 vel
1930 4721 2072 4791 quod
2105 4721 2245 4777 idem
2269 4733 2373 4788 est,
2406 4721 2565 4779 fortis
2627 4724 2886 4792 ἀήματος
2941 4724 3383 4793 dijudicaverant

1814 4812 2075 4869 iudicium
2101 4828 2225 4867 esse
2258 4814 2587 4870 sanctissimi
2620 4812 2865 4882 Spiritus
2919 4814 3286 4871 advenientis.
3318 4817 3374 4871 Si

1815 4919 1945 4959 vero
1974 4904 2132 4959 talem
2157 4904 2549 4974 spirituum
2603 4906 3117 4973 reformidaverunt,
3153 4909 3247 4963 sed
3282 4909 3383 4963 ho-

1817 4996 2435 5062 noraveruntlzetantes,
2475 5006 2634 5052 utest
2664 4998 3013 5063 verissimile,
3052 4999 3242 5067 quales
3276 5015 3383 5069 pu-

1819 5087 2055 5142 tabimus
2084 5087 2270 5142 ﬂdeles
2308 5089 2443 5143 istos
2483 5088 2778 5144 familiares
2823 5104 2943 5146 esse
2971 5091 3022 5143 in
3059 5092 3381 5161 gaudio,su-

1817 5193 1913 5248 per
1948 5179 2054 5246 his,
2089 5194 2209 5249 quae
2242 5190 2427 5249 postea
2478 5180 2695 5235 fortiter
2752 5182 3123 5252 Operabantur
3173 5183 3383 5253 Spiritu

1817 5279 2009 5325 sancto
2034 5270 2269 5339 repleti?
2297 5271 2351 5325 Si
2389 5280 2566 5325 autem
2584 5271 2696 5340 jam
2748 5271 2984 5327 ordinati
3037 5282 3166 5328 sunt
3222 5274 3383 5325 amici

1818 5358 2039 5413 Christo
2072 5358 2326 5425 Domino,
2358 5360 2500 5415 sicut
2534 5361 2637 5415 iste
2663 5361 2934 5431 disposuit
2956 5362 3009 5415 in
3065 5361 3383 5429 Evangelio.

1820 5465 1928 5504 non
1960 5459 2140 5506 tamen
2173 5462 2521 5508 cessaverunt
2541 5465 2663 5508 esse
2699 5462 2889 5507 natura
2919 5453 3084 5519 servi,
3116 5452 3244 5522 quin
3275 5451 3385 5505 imo

1820 5558 2100 5598 servorum
2143 5543 2257 5598 lilii.

1891 5636 2016 5691 201.
2049 5637 2341 5693 Sciendum
2374 5649 2554 5694 autem
2603 5641 2748 5710 quod
2803 5639 2944 5694 unde
3004 5640 3151 5694 venit
3206 5640 3383 5710 ἄημα,

1822 5730 1966 5784 unde
1992 5743 2209 5800 quoque
2240 5731 2437 5801 ἄνεμος
2462 5732 2557 5802 qui
2585 5713 2732 5787 velut
2753 5733 2921 5802 ἇεμος
2949 5733 3192 5803 quidam,
3231 5732 3386 5789 addi-

1824 5823 1966 5879 tione
1994 5839 2040 5892 ν,
2083 5823 2141 5880 ﬁt
2161 5823 2362 5894 ἄνεμος
2395 5833 2448 5881 et
2469 5824 2614 5895 quod
2636 5825 2889 5896 ἁήματος
2948 5840 3077 5882 usus
3105 5827 3271 5883 etiam
3299 5838 3387 5883 est
