3822 6554
220 435 314 500 725

984 435 1067 499 IN
1111 439 1456 501 nvuuuu
1500 442 2166 520 PENTEcosrALEu
2185 442 2642 522 DAMASCENI.

3335 451 3440 514 72¢

280 552 388 600 σιο’.
420 546 607 600 ’ἰστέον
635 547 684 602 δὲ
712 547 785 610 ὡς
811 549 860 604 οἰ
881 535 1060 605 λοιποὶ
1086 555 1239 623 σοφοί
1266 556 1455 622 δεξιῶς
1481 558 1572 610 καὶ
1595 556 1653 610 εὖ
1662 575 1756 627 με-

1933 559 2062 617 219.
2115 558 2409 618 Sciendum
2463 570 2646 635 autem
2714 561 2860 634 quod
2923 563 3103 622 cmteri
3163 566 3444 637 sapientes

219 642 367 706 εόδως
392 641 502 706 καὶ,
533 641 594 694 τὸ
619 643 734 696 ὅλον
765 645 962 706 εἰπεῖν,
989 645 1383 714 διδασκαλικῶς
1405 649 1755 704 ὑποδεικνύν-

211 751 290 798 τες
314 736 418 797 τοῖς
439 735 739 804 φοιτηταῖς,
777 737 867 789 τὸν
901 741 1041 793 κατᾶ
1077 740 1236 810 σῶμα
1266 740 1476 812 ἴλιγγον
1505 743 1754 812 γίνεσθαι

212 827 334 882 κατὰ
365 827 666 898 συστροφὴν
695 827 886 901 ὑγροῦ,
936 831 1032 885 τοῦ
1079 834 1180 904 μὲν
1211 837 1340 904 περ)⁵
1383 835 1482 907 τὴν
1511 836 1755 906 κεφαλὴν

210 918 273 980 ὡς
303 911 404 970 οἷον
449 916 827 986 λιμνάζοντος,
883 920 977 975 τοῦ
1022 923 1080 976 δὲ
1128 924 1510 995 ἀναδιδομένου
1551 924 1626 989 ὼς
1674 929 1754 991 εἰς

211 1008 459 1078 ἐπιϐολὴν,
491 1009 591 1074 τάς
621 1011 792 1066 ἀνωτέ
805 1029 882 1082 ρω
920 1015 1180 1086 ῥηθείσας
1221 1018 1372 1082 δίνας
1403 1018 1513 1072 τῶν
1547 1018 1756 1074 ὑδάτων

209 1100 291 1152 οὐκ
334 1100 730 1173 ἕγραψανμὲν,
782 1104 960 1170 ἄλλως
1011 1109 1067 1162 δὲ
1117 1111 1387 1182 ἀγράφως
1424 1113 1753 1185 παρέδοσαν,

209 1192 398 1260 ίλιγγας
429 1193 829 1265 ἑρμηνεύοντες
855 1199 1142 1264 ἰδιωτικῶς
1173 1201 1432 1271 λέγεσθαι
1470 1204 1626 1278 τύπῳ
1662 1207 1755 1278 θη-

208 1288 354 1355 λυκῷ,
389 1290 520 1358 πρὸς
550 1291 785 1359 δήλωσιν
810 1293 907 1347 τοῦ
942 1297 1035 1349 καὶ
1085 1298 1176 1351 τὸν
1214 1300 1426 1367 ἴλιγγον
1461 1301 1602 1356 κατά
1630 1319 1755 1356 τινα

207 1380 436 1452 τοιαύτην
466 1382 727 1438 εἰλεῖσθαι
775 1387 1018 1458 δίνησιν·
1052 1392 1144 1444 καὶ
1177 1392 1321 1446 κατὰ
1365 1393 1604 1466 σπουδὴν
1646 1394 1749 1464 μὲν

207 1474 359 1536 οὐδεὶς
386 1474 456 1545 μὴ
483 1475 766 1544 χυδαῖζειν
789 1479 1131 1550 προθέμενος
1153 1483 1414 1554 τοιαύτην
1439 1485 1587 1553 λέξιν
1617 1486 1753 1559 ὲρἐῦ

213 1570 350 1638 σοφός
378 1569 430 1622 δέ
464 1588 548 1633 τις
601 1571 664 1625 ού
715 1572 821 1644 πρὸ
872 1575 1012 1628 πάνυ
1065 1577 1301 1648 μακροῦ,
1449 1579 1544 1635 καὶ
1595 1576 1756 1651 ἡμεῖς

210 1664 551 1734 ἐφοιτήσαμέν
614 1683 769 1732 ποτε,
824 1667 1210 1740 ἀστεῖζόμενος
1264 1672 1355 1725 ὲπί
1406 1691 1512 1726 τινι
1564 1675 1754 1746 ῥήτορι

211 1755 449 1822 ἀγλευκεῖ
486 1757 610 1810 τότε
662 1758 886 1830 καιροῦ,
944 1763 1285 1833 σκηπτοῦχον
1337 1765 1427 1818 τὸν
1486 1766 1758 1838 Περικλέα

207 1849 408 1918 φαμένῳ
433 1850 732 1921 ἐγγράφως
764 1852 856 1906 διὰ
886 1853 978 1907 τὸν
1019 1857 1286 1925 σκηπτὸν,
1320 1857 1378 1919 ὃς
1403 1858 1662 1928 ἐμπεσὼν
1687 1863 1751 1930 τῇ

1860 654 2092 707 solerter
2115 663 2169 708 et
2199 639 2613 722 compendiose,
2641 661 2718 721 et,
2759 664 2818 711 ut
2871 664 3050 712 totum
3087 657 3302 726 dicam,
3353 661 3442 718 di-

1859 741 2132 800 dascalice
2169 743 2588 802 subindicantes
2620 746 2905 818 discipulis
2960 751 3208 818 corporis
3273 753 3439 812 verti-

1857 838 2035 903 ginem
2067 836 2180 891 lieri
2205 853 2298 910 per
2325 840 2718 896 volutationem
2767 840 3004 909 humidi,
3049 843 3192 902 alius
3214 843 3435 913 quidem

1857 929 2001 984 circa
2033 939 2199 1000 caput
2245 933 2412 988 veluti
2468 933 2797 1006 stagnantis,
2852 934 2994 992 alius
3059 944 3242 992 autem
3296 938 3444 996 sicut

1861 1021 1934 1078 ad
1964 1022 2322 1094 irruptionem
2359 1028 2718 1098 assurgeutis,
2749 1029 3002 1099 superius
3029 1028 3204 1087 dictas
3266 1047 3441 1102 aqua-

1859 1131 1978 1170 rum
2010 1116 2379 1174 volutationcs
2407 1133 2514 1173 non
2541 1124 2881 1189 scripserunt
2902 1120 3148 1192 quidem,
3179 1124 3275 1177 sed
3305 1121 3442 1183 alias

1858 1210 1977 1265 sine
2007 1210 2212 1281 scripto
2252 1212 2614 1281 tradiderunt,
2655 1213 2871 1283 ῐλιγγας
2907 1212 3217 1284 (vortices).
3264 1215 3441 1286 expli-

1859 1313 2049 1359 cantes
2079 1304 2300 1361 idiotice
2327 1303 2434 1361 dici
2460 1321 2658 1376 genere
2711 1303 2999 1372 feminino,
3029 1306 3098 1362 ad
3147 1307 3446 1379 ostenden-

1859 1393 1988 1448 dum
2024 1393 2114 1448 τὸν
2143 1393 2351 1464 ῐλιγγον
2406 1395 2775 1466 (vertiginem)
2804 1393 2957 1465 juxta
3019 1395 3310 1464 quamdam
3345 1395 3444 1448 hu—

1854 1486 2094 1555 jusmodi
2122 1486 2510 1543 volutationem
2540 1487 2766 1553 versari,
2821 1496 2877 1544 et
2935 1487 3164 1544 sedulus
3219 1488 3440 1558 quidem

1861 1593 2044 1647 nemo,
2094 1579 2321 1652 vulgare
2365 1579 2514 1650 loqui
2570 1595 2680 1636 non
2745 1579 3060 1652 praeferens,
3127 1580 3444 1652 bujusmodi

1858 1670 2150 1728 dictionem
2180 1672 2485 1743 usurpabit.
2520 1671 2752 1744 Sapiens
2809 1681 2990 1730 autem
3043 1673 3284 1743 quidam,
3330 1688 3443 1729 non

1861 1762 2084 1833 longum
2143 1771 2362 1832 tempus
2392 1762 2567 1830 abest,
2601 1762 2688 1818 cui
2717 1777 2819 1818 nos
2850 1761 3014 1818 etiam
3064 1760 3271 1818 fuimus
3300 1761 3447 1818 assi-

1861 1857 1976 1919 dui,
2005 1855 2215 1911 urbane
2272 1855 2506 1926 loquens
2539 1855 2608 1912 de
2661 1856 2904 1928 quodam
2941 1855 3164 1912 rhetore
3207 1853 3466 1924 iusipido.

205 1915 391 1993 ἐκείνου
416 1915 584 2010 οἰκία,
629 1915 808 2012 γαίας
832 1915 1151 2015 ἁπεκάλυιῐίε
1186 1915 1510 2012 πανοπλίας,
1536 1943 1612 2002 ὧν
1641 1915 1756 2002 ’ένεῗ

1870 1915 2023 2018 huius
2052 1915 2730 2021 temporis,'cxnmoiixov
2786 1950 2972 2012 locuto
3031 1963 3128 2020 per
3179 1949 3448 2019 scriptum

205 2048 287 2084 κεν
312 2033 597 2100 τυραννίδα
634 2035 868 2105 μελετᾷν
903 2036 1110 2101 ἐκεῖνος
1167 2038 1480 2112 ἐπεκλήθηο
1530 2041 1620 2096 διὰ
1657 2043 1754 2098 τοῦ

203 2123 422 2178 τοιούτου
453 2127 666 2196 ἰλίγγου
697 2128 921 2194 ἕπαιξεν
952 2131 1031 2194 εἰς
1060 2131 1153 2184 τὸν
1191 2133 1439 2200 Σφαλτδν
1481 2136 1758 2207 σκηπτοῦ-

206 2231 316 2285 χον⁶
348 2210 496 2280 οὗτος
556 2219 797 2274 ἀνέπλεε
849 2221 938 2274 διὰ
986 2221 1080 2275 τοῦ
1129 2224 1431 2288 Βυζαντίου
1468 2227 1754 2297 πορθμοῦ,

208 2308 503 2378 λουσόμενος
546 2313 602 2366 ετ
627 2329 730 2365 που
765 2313 991 2383 εὑρήσει
1048 2316 1254 2384 γλυκέα
1303 2318 1518 2389 θερμάο
1568 2321 1657 2374 καὶ
1683 2321 1757 2383 ὡς

205 2393 295 2451 εἶδε
323 2401 444 2469 περὶ
477 2401 606 2463 τοὺς
653 2402 937 2470 αἰγιαλοὺς
983 2405 1305 2476 εἰλουμένας
1353 2409 1525 2474 δίνας,
1576 2411 1758 2465 ὁποῖαι

209 2489 372 2560 μυρίαι
397 2493 522 2562 περὶ
564 2493 695 2556 τοὺς
727 2495 1002 2559 τοιούτους
1051 2497 1327 2553 δινοῦνται
1355 2501 1753 2572 στρεφόμεναι,

204 2582 438 2637 δάκτυλον
462 2585 781 2652 ἀπευθύνας
823 2589 898 2653 ὡς
947 2592 1277 2663 ἐπιστρέψαι
1314 2595 1440 2658 τοὺς
1484 2596 1759 2664 ἀκροατάς

206 2675 323 2742 πρὸς
363 2677 458 2747 τὴν
516 2678 646 2732 καθ’
693 2679 888 2746 ὕδατος
936 2685 1154 2754 ἐκείνην
1202 2685 1446 2755 είλησιν,
1499 2685 1652 2741 εἶπεν
1684 2689 1759 2751 ὼς

209 2769 357 2842 Εἴπερ
393 2773 419 2824 ό
467 2772 617 2826 δεῖνα
667 2776 854 2844 παρῆν
889 2776 1154 2842 ἐνταῦθα,
1209 2778 1449 2850 ἱλιγγιᾷν
1500 2777 1654 2833 εἶπεν
1696 2781 1759 2833 ἂν

204 2865 333 2914 τουτὶ
364 2863 420 2915 τὸ
447 2862 618 2937 ὕδωρ.
664 2866 826 2922 ’Δλλὰ
859 2867 1015 2922 τοῦτο
1047 2869 1145 2940 μὲν
1189 2869 1263 2932 ὡς
1311 2867 1422 2924 οἷον
1455 2871 1673 2942 ἥδυσμά
1708 2890 1760 2927 τι

205 2959 557 3028 πανηγυρικῆς
591 2960 807 3023 ἐννοίας
842 2962 1294 3030 παρεντεθείσθω
1322 2965 1388 3035 τῇ
1421 2963 1532 3035 ᾠδῇ
1558 2963 1760 3037 ταύτῃ,

207 3052 325 3104 κατὰ
358 3052 696 3125 συγγνώμην
724 3056 1079 3126 άγαπητικὴν
1111 3057 1211 3127 τὴν
1241 3056 1298 3111 ἐν
1331 3057 1453 3126 θεῷ
1476 3073 1490 3088 ο
1527 3058 1649 3112 ὲπεί
1678 3075 1775 3111 τοιυ

207 3145 285 3195 καὶ
305 3144 348 3196 οί
377 3146 441 3200 τὰ
465 3146 585 3199 θεῖα
625 3147 983 3217 ἑορτάζοντες
1015 3149 1073 3202 ὲν
1111 3150 1474 3220 σεμνοτάταις
1507 3150 1759 3216 ἐννοίαις,

1862 2037 2154 2105 Periclem,
2186 2040 2254 2096 ob
2281 2041 2372 2094 τὸν
2428 2041 2676 2113 σκηπτὸν
2732 2040 3013 2113 (fulmen),
3062 2041 3205 2111 quod
3233 2042 3471 2111 lapsum.

1861 2133 1912 2187 in
1950 2133 2122 2205 ipsius
2150 2133 2374 2190 domum
2405 2135 2557 2190 mille
2586 2133 2850 2191 revelavit
2881 2134 3168 2191 universas
3200 2142 3446 2188 armatu-

1862 2240 1974 2288 ras,
2021 2240 2254 2295 quarum
2314 2240 2487 2281 causa
2541 2226 2885 2296 tyrannidem
2954 2226 3213 2282 allectare
3266 2227 3450 2282 dictus

1858 2325 1964 2381 est,
2029 2330 2126 2386 per
2187 2316 2500 2387 huiusmodi
2562 2315 2794 2387 ἰλιγγον,
2875 2317 3022 2372 hunc
3093 2318 3449 2386 Deceptorcm

1864 2405 2210 2478 σκηπτοῦχον
2280 2407 2470 2462 irrisit.
2531 2406 2632 2462 Hic
2683 2423 2714 2463 e
2766 2417 2922 2478 portu
2983 2408 3280 2474 recedebat.
3352 2424 3466 2478 per,

1863 2498 2227 2566 Byzantinum
2263 2499 2486 2567 fretum,
2517 2499 2584 2555 ad
2619 2514 2677 2556 se
2701 2499 3026 2566 lavandum,
3086 2499 3266 2556 situbi
3329 2501 3464 2572 ιΙιιΙ-ε

1863 2609 1954 2648 ces
1983 2591 2250 2648 inveniret
2299 2607 2472 2664 aquas
2515 2591 2754 2658 calidas;
2802 2603 2857 2648 et
2914 2607 3039 2664 cum
3087 2589 3316 2658 vidisset
3381 2594 3448 2646 ad

1864 2687 2048 2742 littora
2107 2687 2322 2742 volutos
2378 2685 2637 2752 vortices,
2699 2686 2892 2759 quales
2950 2685 3095 2757 apud
3149 2685 3254 2740 ista
3303 2685 3468 2757 mille.

1864 2778 2089 2835 volutati
2139 2787 2420 2851 gyrantur,
2483 2779 2653 2850 digito
2679 2779 2996 2852 signiﬁcans
3049 2787 3110 2834 ut
3141 2776 3472 2854 auditores

1861 2879 2102 2926 verteret
2129 2871 2194 2926 ad
2226 2870 2390 2926 talem
2458 2887 2614 2942 aqua:
2674 2881 2958 2943 gyrantem
3019 2878 3256 2935 motum,
3326 2871 3444 2946 ait:

1865 2961 1921 3016 Si
1957 2961 2080 3017 talis
2103 2962 2190 3016 ille
2217 2963 2438 3033 quidam
2469 2962 2558 3018 hie
2589 2961 2828 3028 adesset,
2882 2960 3144 3032 ἰλιγγιᾷν,
3181 2961 3446 3034 vertigine

1866 3054 2140 3121 laborare,
2197 3055 2402 3110 diceret
2453 3053 2596 3110 hanc
2645 3068 2868 3124 aquam.
2930 3051 3037 3108 Sed
3085 3052 3188 3108 hoc
3225 3052 3470 3130 quidem

1867 3147 2032 3202 veluti
2061 3146 2474 3206 condimentum
2513 3145 2733 3217 aliquod
2765 3145 3107 3218 panegyricis
3141 3144 3450 3212 sententia:

208 3235 353 3290 κόπου
379 3237 838 3309 περιεληλυθότος
867 3241 1089 3306 αὐτοὺς,
1133 3240 1206 3304 ὡς
1241 3241 1336 3294 κοιλ⁹
1378 3240 1630 3306 ὀκλάζειν
1659 3259 1760 3297 κα-

1870 3239 2251 3309 intcrponatur
2309 3239 2440 3294 huic
2487 3238 2628 3304 odae,
2681 3253 2808 3293 cum
2866 3238 3157 3306 cbaritatis
3222 3239 3306 3298 in.
3339 3238 3449 3314 [ξω

207 3327 497 3400 θιζήσαντες
526 3335 623 3386 ἐπὶ
661 3333 857 3404 βραχὺ,
908 3337 1004 3388 καὶ
1049 3335 1190 3388 οὕτω
1226 3335 1762 3406 παραμυθησάμενοι

205 3419 280 3471 τὺν
310 3423 466 3476 κόπον
489 3427 546 3478 ὲν
582 3425 664 3495 τῷ
697 3426 792 3478 καὶ
821 3425 1008 3480 ἀλλοῖα
1063 3427 1201 3497 μέλη
1252 3427 1716 3497 παρεισκριθῆναι
1741 3468 1756 3493 ,

206 3501 269 3562 ὧν
293 3513 384 3566 οὐκ
427 3515 590 3584 ὀλίγα
636 3517 732 3568 καὶ
762 3518 794 3586 ἠ
837 3518 1011 3586 σεμνὴ
1048 3517 1258 3588 θυμέλη
1292 3519 1757 3588 παρενοσερίσατο,

206 3597 338 3667 αὖθις
365 3605 792 3674 ἐξαναστάντες,
824 3609 924 3678 τῆς
951 3610 1190 3680 ἀρχῆθεν
1217 3611 1458 3683 σπουδῆς
1489 3610 1757 3681 γίνονται,

205 3696 341 3749 ὁποία
366 3716 447 3762 τις
474 3699 719 3753 ἐνταῦθα
747 3703 843 3756 καὶ
879 3702 1010 3771 ἡμῖν
1046 3700 1384 3772 πρόκειται.⁷

209 3789 407 3848 lmuesta
458 3810 650 3862 scena,
706 3811 925 3851 rursum
978 3810 1330 3869 assurgente"

208 3880 422 3948 ponitur.

271 3979 364 4030 σκ’.
395 3977 466 4030 Τὸ
485 3977 566 4041 δὲ,
601 3977 730 4042 νοῦς
757 3976 902 4042 ἅπας
933 3977 1140 4052 ἰλιγγιᾷ
1165 3979 1256 4033 τὸν
1289 3982 1448 4036 τόκον
1483 4000 1575 4036 σου
1597 3985 1760 4050 νοεῖν,

207 4065 292 4122 οὐκ
331 4069 392 4124 ἂν
439 4073 756 4136 ἀπεικότως
806 4074 1019 4142 λέγοιτο
1080 4077 1631 4147 συμπεριλαμϐάνειν
1669 4079 1764 4132 καὶ

206 4161 317 4224 τοὺς
341 4166 466 4235 περὶ
511 4166 650 4220 Θεὸν
682 4165 832 4231 νόας,
865 4166 960 4230 οὒς
1001 4168 1093 4220 καὶ
1134 4169 1166 4238 ή
1211 4169 1579 4239 άκατανόητος
1611 4170 1765 4222 ὲνανο

209 4251 466 4324 θρὼπησις
501 4261 597 4312 τοῦ
640 4259 896 4329 Σωτῆρος
940 4259 1183 4330 Χριστοῦ
1236 4260 1423 4313 λαθεῖν
1456 4261 1764 4332 παραδέδο-

209 4365 302 4400 ταν
332 4351 427 4404 οὐκ
451 4353 516 4406 ἂν
541 4352 656 4423 γὰρ
687 4352 809 4406 οὐδὲ
840 4355 1038 4406 ἐκείνοι
1070 4353 1410 4422 προκύπτειν
1434 4354 1490 4416 ἐς
1515 4354 1573 4407 τὸ
1598 4351 1762 4418 βάθος

207 4440 285 4494 τοῦ
318 4447 615 4516 μυστηρίου
648 4446 929 4510 δύνανται.
972 4445 1030 4497 '0
1067 4446 1201 4508 Θεὸς
1237 4447 1458 4508 πάντως
1485 4449 1513 4498 6
1542 4444 1638 4516 τὴν
1668 4446 1762 4516 ἁρ-

209 4534 293 4602 χὴν
316 4539 534 4606 κρυϐεἰς
565 4538 788 4604 αὐτοὺς,
815 4537 1158 4608 ἀνεκάλυψεν
1195 4537 1389 4590 ἑαυτὸν
1425 4535 1654 4599 ἐκείνοις
1675 4553 1688 4566 ·
1737 4539 1763 4589 6

1869 3331 2046 3397 venia,
2080 3330 2349 3398 siquidem
2381 3338 2436 3385 et
2472 3329 2548 3385 illi
2601 3329 2694 3399 qui
2725 3330 2910 3387 divina
2944 3331 3238 3396 sententiis
3281 3332 3472 3398 maje-.

1866 3433 2008 3480 state
2036 3423 2214 3495 plenis
2234 3423 2532 3488 Celebrant,
2560 3421 2751 3478 labore
2798 3421 3264 3480 circumvenieute
3303 3423 3450 3494 illus,

1867 3526 1927 3574 ut
1967 3516 2243 3588 paulisper
2274 3517 2328 3572 in
2363 3531 2539 3587 genua
2559 3515 2922 3571 succumbere
2947 3522 3130 3588 cogat,
3153 3523 3466 3586 pcalqttatu.

1869 3611 1940 3665 ita
1989 3610 2228 3663 laborem
2289 3607 2666 3666 demulscruut
2729 3608 2978 3676 quaedam
3050 3606 3450 3686 interponendo

1869 3699 2086 3756 diversa
2144 3699 2412 3766 carmina,
2473 3714 2707 3769 quorum
2771 3713 2880 3754 non
2949 3714 3121 3769 pauca
3177 3697 3453 3768 subripuit

1421 3800 1753 3872 primitivam
1789 3806 2082 3855 resumunt
2126 3796 2488 3869 diligentiam,
2528 3796 2708 3869 qualis
2735 3797 2823 3854 hic
2876 3797 3041 3854 etiam
3106 3799 3266 3876 nobis
3323 3813 3450 3868 pro-

1941 3980 2069 4035 220.
2105 3977 2218 4035 Hoc
2252 3987 2473 4034 autem:
2507 3977 2634 4044 νοῦς
2691 3979 2839 4044 ἄπας
2904 3981 3112 4054 ἰλιγγιᾷ
3142 3966 3241 4037 ’τόν
3288 3983 3475 4062 τόκον.

1874 4092 1968 4127 σου
2027 4076 2192 4139 νοεῖν,
2246 4089 2351 4128 non
2406 4072 2685 4129 immerito
2724 4074 2936 4130 dicetur
2989 4075 3152 4132 etiam
3204 4091 3452 4148 compre-

1876 4165 2108 4220 hendere
2139 4166 2366 4235 spiritus
2397 4167 2540 4222 circa
2597 4165 2764 4220 Deum
2815 4179 3046 4235 Stantcs,
3092 4184 3233 4239 quos
3283 4171 3448 4224 etiam

1875 4258 2166 4313 im-ﬂ'abilis
2192 4257 2490 4314 Salvatnris
2540 4257 2742 4313 Christi
2774 4257 3082 4314 iucarnatio
3117 4262 3290 4314 latere
3345 4257 3466 4316 ινα(

1874 4354 1982 4406 dila
2011 4361 2131 4406 est:
2165 4366 2266 4406 nec
2292 4350 2437 4406 enim
2474 4349 2695 4422 quidem
2726 4350 2816 4405 isti
2851 4351 3094 4422 mysterii
3163 4352 3451 4423 profundi-

1872 4455 2034 4498 tatem
2064 4454 2352 4513 penetrare
2399 4452 2653 4514 possunt.
2687 4442 2830 4499 Deus
2859 4445 2952 4511 qui
3007 4459 3234 4514 prorsus
3296 4445 3454 4500 initio

1874 4531 2229 4586 absconditus
2258 4531 2394 4601 ipsis
2421 4541 2559 4597 erat,
2599 4534 2957 4604 semetipsum
2986 4534 3093 4591 illis
3148 4537 3410 4590 revelavit
3437 4555 3452 4602 ;

211 4629 446 4694 καὶτοὺς
497 4631 816 4704 ὀφθαλμοὺς
863 4630 1227 4700 ἀποκαλύψας
1281 4631 1639 4699 αἰτησαμένῳ
1689 4627 1760 4698 τῷ

1876 4624 1967 4694 qui
1996 4625 2160 4678 etiam
2189 4624 2392 4679 detexit
2435 4625 2626 4680 oculos
2679 4625 2893 4696 roganti
2929 4627 3262 4699 progenitori
3323 4644 3453 4699 pro-

213 4724 492 4793 προπάτορι
528 4724 788 4794 προφήτῃ
833 4725 926 4777 καὶ
979 4723 1234 4794 μελῳδῷ,
1273 4721 1358 4790 ἐφ’
1408 4715 1452 4791 ᾧ
1499 4722 1765 4788 κατανοὴο

215 4815 387 4869 σασθαι
419 4818 486 4871 τὰ
522 4818 738 4871 ἐκείνου
775 4817 1079 4888 θαυμάσιοι.
1129 4817 1326 4870 ’ἰστέον
1357 4817 1414 4871 δὲ
1460 4819 1552 4869 καὶ
1581 4816 1664 4869 ὅτι
1704 4814 1764 4868 ού

214 4905 346 4976 λέγει
375 4913 400 4964 6
427 4912 665 4982 μελῳδὸς
699 4912 908 4983 μηδένα
941 4911 1066 4965 νοῦν
1098 4911 1400 4981 δυνηθῆναι
1431 4909 1496 4963 ἂν
1535 4909 1628 4964 τὸν
1670 4906 1766 4962 τοῦ

215 5001 446 5075 Σωτῆρος
480 5009 626 5060 νοεῖν
655 5007 836 5070 τόκον,
875 5007 1013 5061 ἀλλὰ
1045 5006 1282 5077 ίλιγγιᾷν
1315 5006 1394 5068 εἰς
1426 5005 1524 5072 τὴν
1557 5005 1765 5060 ἐκείνου

212 5097 330 5166 φησὶ
365 5100 698 5171 κατανόησιν
729 5117 744 5132 ο
801 5101 902 5154 οὐκ
953 5100 1012 5165 ἐξ
1061 5098 1306 5168 ἀνάγκης
1359 5099 1466 5169 γὰρ
1499 5101 1526 5151 ό
1557 5098 1768 5167 ἴλιγγος

215 5188 400 5258 ἀπάγει
444 5193 539 5246 τοῦ
569 5193 861 5265 ἀνθρώπου
890 5193 950 5246 τὸ
986 5195 1148 5247 νοεῖν.
1183 5191 1248 5244 Εἰ
1276 5191 1333 5244 δὲ
1385 5191 1481 5244 καὶ
1519 5189 1770 5258 δώσομεν

219 5279 284 5346 τῷ
314 5281 500 5351 ἰλίγγῳ
524 5284 785 5354 τοιαύτην
809 5285 962 5354 ἰσχὺν
991 5281 1077 5354 ἐφ’
1099 5285 1256 5352 ἡμῶν
1288 5285 1362 5347 ὡς
1395 5287 1572 5338 ποιεῖν
1605 5284 1770 5339 αὐτὸν

219 5372 504 5443 ἀπρακτεῖν
536 5378 738 5440 παντὸς
773 5377 900 5430 νοῦν
926 5377 1220 5448 ἀνθρώπου
1258 5379 1336 5442 είς
1368 5377 1466 5447 τὴν
1497 5376 1771 5446 κατανόη-

221 5479 294 5516 σιν
319 5467 410 5520 τοῦ
461 5471 604 5524 κατὰ
648 5470 740 5523 τὸν
795 5471 1026 5538 Σωτῆρα
1072 5471 1309 5540 Χριστὸν
1357 5469 1603 5535 τοκετοῦ,
1652 5469 1770 5522 ἀλλ’

220 5557 318 5609 οὐδ’
360 5559 531 5626 οὕτως
559 5561 816 5632 ἀληθεύει
849 5565 876 5616 ό
910 5561 1080 5626 λέξων
1141 5561 1387 5633 μηδόλως
1437 5560 1771 5628 κατανενοή-

223 5650 335 5705 σθαι
367 5654 455 5706 τὸν
485 5655 778 5727 εἰρημένον
831 5655 975 5725 ὑπὲρ
1021 5656 1183 5725 φύσιν
1229 5656 1420 5708 τόκονο
1471 5656 1614 5708 πάνυ
1663 5653 1772 5721 γὰρ

217 5742 367 5795 αὐτόν
393 5748 440 5799 οἰ
469 5747 614 5816 amt
643 5748 888 5818 Πατέρες
920 5745 1382 5818 ὲλεπτολόγησανο
1416 5746 1510 5799 καὶ
1539 5744 1770 5814 μάλιστα

219 5833 269 5881 έν
299 5829 376 5898 οἷς
411 5838 510 5908 τὴν
543 5839 724 5894 αἰτίαν
757 5837 924 5894 αὑτοῦ
976 5837 1226 5905 ἐξέθεντο
1265 5839 1365 5910 τὴν
1403 5838 1495 5891 ἐπὶ
1528 5834 1770 5908 σωτηρίᾳ

218 5923 380 5995 ἡμῶν.

1871 4716 2048 4785 pheta:
2077 4729 2129 4772 ct
2179 4727 2372 4788 poetae,
2423 4727 2480 4773 ut
2533 4718 2886 4774 meditaretur
2943 4719 3090 4776 illius
3152 4720 3446 4778 mirabilia.

1873 4807 2166 4862 Sciendum
2222 4817 2401 4864 autem
2464 4809 2607 4878 quod
2663 4819 2824 4882 poeta
2884 4827 2994 4876 non
3056 4811 3187 4866 dicit
3248 4810 3453 4866 nullam

1873 4911 2108 4956 mentem
2148 4916 2306 4971 posse
2329 4901 2635 4960 Salvatoris
2665 4903 2910 4974 cogitare
2962 4913 3200 4976 partum,
3257 4906 3352 4962 sed
3383 4903 3452 4958 ad

1872 4995 2184 5067 hujusmodi
2217 4995 2515 5066 cogitatum
2543 4996 2810 5068 vertigine
2834 4997 2975 5067 capi.
3021 4995 3139 5052 Non
3174 4997 3319 5053 enim
3385 5014 3452 5051 ex

1876 5090 2205 5144 neceSsitate
2237 5089 2447 5158 vertigo
2473 5088 2613 5144 tollit
2659 5089 2728 5146 ab
2758 5090 2978 5146 homine
3041 5090 3314 5162 cogitandi
3369 5089 3452 5144 fa-

1874 5181 2155 5236 cultatem.
2180 5179 2330 5235 Licet
2360 5195 2491 5236 vero
2518 5181 2678 5236 talem
2702 5179 2896 5238 demus
2917 5181 3171 5254 vertigini
3195 5181 3451 5236 virtutem

1875 5275 1926 5330 in
1965 5290 2088 5341 nos,
2140 5282 2201 5328 ut.
2259 5273 2375 5344 ipsa
2428 5289 2659 5344 prorsus
2722 5275 2948 5330 inertem
2997 5273 3160 5330 faciat
3220 5274 3458 5330 hominis

1875 5375 2110 5421 mentem
2141 5366 2208 5420 ad
2234 5365 2646 5436 concipiendam
2687 5364 2986 5422 Salvatoris
3031 5362 3233 5422 Christi
3293 5381 3457 5434 genie.

1877 5463 2148 5516 rationem
2179 5461 2502 5528 humanam,
2534 5478 2642 5518 non
2674 5471 2856 5519 tamen
2906 5462 2988 5518 sic
3035 5477 3162 5517 vera
3209 5461 3454 5530 loquitur

1877 5557 1971 5627 qui
1996 5556 2376 5613 dicitminime
2400 5556 2791 5629 comprehendi
2845 5556 3052 5612 dictum
3085 5569 3249 5626 supra
3298 5564 3456 5610 natu-

1874 5665 1990 5704 ram
2045 5661 2282 5722 partum.
2337 5650 2565 5706 Multum
2633 5649 2778 5704 enim
2835 5647 2982 5704 illum
3045 5647 3224 5704 sancti
3258 5647 3454 5703 Patres

1879 5744 2092 5799 minute
2148 5746 2648 5811 discusserunt;et
2696 5741 2998 5812 prresertim
3051 5741 3106 5796 in
3157 5742 3259 5797 hoc
3309 5742 3457 5812 quod

1882 5837 2054 5910 ipsius
2080 5851 2302 5894 causam
2331 5835 2385 5893 in
2411 5835 2638 5895 salutem
2677 5841 2920 5892 nostram
2950 5843 3347 5908 exposuerunt.
