3760 6546
348 449 454 514 727

335 657 670 723 niitandnm,
697 669 753 714 ut
777 676 841 715 ex
869 661 1214 718 immaculata
1239 663 1449 734 virgine
1477 663 1702 717 seminis
1727 677 1914 732 exper-

336 761 405 817 to,
447 760 743 807 renueruat
772 766 869 824 per
896 763 1068 809 totmn
1100 755 1160 809 τὸ
1196 755 1470 828 quomodo
1503 756 1762 818 scrutari,
1802 770 1909 810 non

332 852 416 896 est
454 842 558 898 hoc
606 845 912 914 ignorantia
960 862 1133 918 neque
1165 847 1435 918 cogitandi
1503 848 1762 918 privatio,
1816 845 1910 902 sed

334 935 586 1001 praedicta
612 938 866 1009 vertigo;
921 955 1085 1009 quam
1133 940 1419 996 oculorum
1477 940 1907 996 tenebrationem

329 1027 521 1084 dicunt
548 1029 892 1101 interpretes.
910 1031 1013 1098 Qui
1038 1033 1183 1087 enim
1214 1031 1525 1089 didicerunt
1552 1042 1605 1087 et
1635 1042 1910 1088 noverunt

333 1117 530 1176 melius
551 1136 717 1190 quam
751 1137 852 1178 nos
879 1123 1021 1194 quod
1057 1123 1110 1178 in
1144 1123 1380 1181 hominis
1407 1125 1525 1196 puri
1553 1127 1909 1197 generatione

328 1223 438 1263 non
471 1212 695 1266 materia
719 1213 1043 1283 spermatica
1072 1213 1293 1271 humida
1323 1216 1487 1273 eliicit
1514 1217 1663 1272 illum
1690 1219 1906 1286 laetum,

327 1300 422 1370 qui
485 1303 664 1372 primo
711 1305 957 1374 quidem,
1007 1307 1163 1376 juxta
1219 1324 1474 1380 magnum
1547 1311 1734 1377 David,
1797 1329 1904 1368 non

327 1402 412 1450 est
453 1394 788 1463 elaboratus,
841 1407 1032 1468 postea
1063 1415 1196 1457 vero
1250 1403 1385 1458 bene
1423 1404 1746 1460 articulatus
1800 1415 1903 1469 cst,

325 1495 379 1540 et
433 1488 698 1556 promittit
749 1489 998 1545 ultimum
1059 1493 1358 1561 hominem,
1424 1495 1519 1552 sed
1551 1497 1697 1568 quod
1749 1498 1902 1568 juxta

327 1578 948 1652 iocutionemipsorum.
983 1588 1314 1655 spermatica
1378 1590 1518 1644 ratio
1564 1590 1906 1647 intellectua-

328 1671 396 1729 lis
421 1680 477 1729 et
513 1674 803 1731 lmlslbilis
843 1677 1023 1735 factus
1043 1678 1427 1736 formationem
1453 1684 1662 1753 perlicit
1691 1701 1706 1748 ;
1738 1685 1829 1752 qui
1856 1682 1868 1692 '

325 1765 452 1820 dant
481 1767 659 1823 adhuc
709 1769 872 1825 etiam
907 1771 1084 1842 magis
1116 1773 1506 1840 mysteriosum
1561 1787 1624 1828 ac
1657 1774 1892 1828 divinu.-
1919 1789 1926 1792 ·

325 1858 578 1922 scrutati,
606 1863 884 1929 quomodo
911 1855 1225 1918 dicerentur
1255 1879 1360 1917 non
1391 1863 1687 1919 attendisse
1739 1864 1903 1919 modo

323 1949 524 2006 divina:
555 1952 946 2011 incarnationis
974 1955 1045 2010 illi
1075 1957 1145 2012 ab
1197 1956 1317 2028 ipso
1348 1955 1458 2012 Deo
1509 1957 1738 2024 incitati,
1769 1958 1908 2013 divi-
1941 1931 1982 1988 Β

325 2043 410 2099 uls
441 2045 662 2110 initiati,
690 2056 744 2101 et
790 2048 863 2102 ita
894 2063 1059 2119 super
1089 2050 1371 2106 hominem
1409 2051 1685 2120 sapientes
1739 2051 1911 2107 iacti?

327 2134 426 2191 llic
456 2145 638 2192 autem
669 2138 970 2196 oiliciosius
995 2141 1396 2197 observandum
1425 2142 1702 2212 quomodo
1736 2145 1903 2199 verti-

323 2229 451 2302 gine
472 2230 684 2288 laboret
715 2233 897 2290 omnis
927 2235 1152 2304 Spiritus
1194 2234 1598 2290 considerando
1659 2235 1912 2294 iuell‘abi-

324 2324 428 2381 lem
457 2323 580 2381 Filii
613 2324 707 2382 Dei
736 2337 952 2395 partum
984 2343 1050 2382 ex
1083 2327 1318 2398 virgine.
1350 2327 1645 2386 Etinterea
1696 2345 1906 2401 prazsu-

327 2420 586 2474 mendum
620 2419 762 2490 quod
795 2435 860 2475 ex
893 2419 1063 2476 verbo
1095 2419 1357 2475 εἰλεῐσθαι
1418 2432 1472 2476 et
1497 2437 1560 2478 cx
1593 2422 1906 2491 hujusmodi

323 2510 534 2567 vortioo
602 2511 954 2582 quadamque
1015 2511 1376 2580 volutatione,
1447 2513 1588 2568 dicta
1653 2523 1740 2570 est
1799 2529 1903 2571 vox

325 2601 532 2671 ruﬁo;
556 2602 790 2672 vertigo.
841 2603 1040 2659 Postea
1103 2603 1508 2674 princidendum
1559 2607 1704 2676 quod
1752 2621 1909 2662 mens

323 2696 588 2764 humana,
643 2705 933 2766 postquam
968 2699 1130 2753 vertit
1175 2708 1229 2751 et
1263 2707 1521 2768 tanquam
1582 2699 1636 2754 in
1687 2700 1910 2755 seruoli-

322 2802 479 2858 psam
503 2792 738 2862 gyravit,
765 2790 1046 2862 multaque
1074 2801 1130 2848 et
1161 2793 1320 2864 longa
1357 2796 1591 2858 curavit,
1631 2797 1911 2866 multaque

323 2881 555 2939 sollicite
575 2884 804 2956 peregit,
840 2900 907 2939 an
935 2887 1079 2941 forte
1109 2901 1174 2942 cx
1203 2885 1306 2942 hac
1342 2887 1683 2945 volutatione
1723 2899 1910 2959 posset

322 2972 470 3036 idem
493 2977 580 3031 vel
612 2975 823 3047 aliquid
871 2977 1049 3034 simile
1107 2978 1375 3046 invenire,
1405 2980 1458 3034 in
1517 2981 1905 3051 cogitationem

327 3084 570 3138 reversa,
607 3085 817 3127 necnon
859 3082 1170 3127 accuratam
1219 3073 1414 3143 adepta
1466 3073 1910 3142 comprehensio-

328 3175 454 3220 nem
475 3163 623 3234 quod
649 3162 787 3218 nihil
822 3161 1027 3233 aliquid
1064 3164 1168 3219 tale
1194 3163 1294 3218 l'uit
1329 3173 1424 3219 aut
1461 3180 1699 3235 unquam
1756 3164 1908 3221 l‘utu-

1058 459 1479 524 EUSTATIIH
1522 457 2282 524 TliESSALONlCEthS
2327 463 2893 530 METROPOLI'ME
3484 481 3570 546 728

403 565 532 622 εει.
567 565 624 623 Si
653 581 786 622 vero
831 571 1050 626 modum
1099 573 1245 630 illius
1288 573 1658 645 pertingentes
1695 572 1928 627 maxime
1955 575 2000 636 Α

2105 582 2246 646 ρκα’.
2280 577 2338 629 ΕΞ
2372 577 2426 631 δὲ
2459 579 2550 631 τον
2578 582 2780 650 τρόπον
2811 581 3026 636 ἐκείνου
3066 594 3570 656 περιερχομενοιτδν

2032 670 2463 739 παραδοξῦτατον
2493 673 2582 726 τὸν
2614 676 2676 728 ἐκ
2718 675 2999 746 παρθένου
3039 678 3276 748 ἁφθόρου
3307 685 3401 734 καὶ
3429 684 3571 739 ἀσπό-

2031 779 2146 831 ρου,
2187 765 2534 838 ἀπηνήναντο
2564 768 2842 838 ἐπιζητεῖν
2878 769 2966 822 διὰ
3007 770 3195 835 τέλους
3238 772 3299 825 τδ
3329 775 3462 838 πῶς,
3490 779 3574 835 οὐκ

2027 853 2176 907 ἐστιν
2207 855 2402 925 ἄγνοια
2431 859 2588 912 τοῦτο
2621 861 2801 914 εῖτουν
2839 861 3101 932 στέρησις
3143 863 3234 919 τοῦ
3263 868 3425 928 νοεῖν,
3456 870 3574 924 ἀλλὰ

2027 947 2234 1018 ἴλιγγος
2279 951 2306 1003 ὁ
2359 952 2691 1025 προρρηθεὶς
2717 969 2733 984 ο
2775 954 2832 1007 ὃν
2886 956 3200 1024 σκοτοδένην
3235 960 3400 1026 φασὶν
3428 963 3472 1014 οι
3497 963 3576 1030 ἐρη

2031 1041 2382 1112 μηνεύοντες⁹
2419 1048 2468 1099 oi
2518 1046 2628 1118 γὰρ
2677 1048 2949 1118 μαθόντες
2995 1052 3093 1104 καὶ
3143 1052 3346 1115 ειδότες
3381 1055 3576 1110 κάλλιον

2025 1133 2173 1206 ἥπερ
2200 1137 2381 1207 ἡμεῖς,
2419 1139 2493 1204 ὡς
2525 1142 2620 1195 καὶ
2645 1143 2701 1194 ἐν
2733 1145 2797 1212 τῇ
2827 1145 3042 1211 γενέσει
3073 1149 3137 1216 τῇ
3166 1145 3287 1198 κατ’
3314 1146 3577 1217 ἄνθρωπον

2021 1230 2114 1282 τὸν
2149 1231 2360 1296 ἁπλῶς,
2399 1234 2460 1286 οὐ
2509 1237 2569 1288 τὺ
2597 1235 2780 1289 ὑλαῖον
2834 1240 3216 1309 σπερματικὸν
3267 1241 3431 1309 ὑγρὸν
3461 1244 3577 1296 ἀπο,-

2021 1322 2165 1375 τελεῖ
2217 1323 2279 1376 τὸ
2327 1325 2422 1378 τοῦ
2479 1327 2748 1398 ἐμϐρύου,
2796 1330 2988 1400 πρῶτα
3025 1331 3125 1400 μὲν
3167 1333 3580 1402 ἁκατέργαστον,

2015 1417 2160 1467 κατᾶ
2193 1416 2281 1468 τὸν
2309 1417 2488 1487 μέγαν
2516 1419 2702 1481 Δαὸὶδ,
2739 1418 2858 1473 εἶτα
2897 1422 3325 1493 εὐδιάρθρωτον,
3370 1425 3397 1478 ὃ
3431 1429 3579 1494 ἐπαγ-

2020 1507 2267 1574 γέλλεται
2295 1510 2388 1563 τὸν
2422 1510 2647 1583 ὕστερον
2679 1514 2968 1585 ἄνθρωπον
2994 1532 3006 1544 ο
3047 1517 3183 1570 ἀλλὰ
3229 1518 3278 1578 ὁ,
3309 1520 3428 1572 κατ’
3457 1523 3579 1575 ἐκεεο

2017 1617 2140 1661 νους
2163 1605 2360 1672 εἰπεῖν⁹
2393 1609 2771 1675 σπερματικὸς
2800 1608 2955 1673 λόγος
2978 1611 3005 1661 δ
3033 1611 3220 1677 νοητδς
3249 1614 3345 1663 καὶ
3373 1611 3578 1682 ἀόρατος

2023 1696 2113 1758 τὴν
2145 1695 2628 1763 ἐμϐρυοπλαστῐαν
2664 1701 2873 1753 ἐκτελεῖ
2901 1719 2912 1730 ·
2950 1703 3041 1753 καῖ
3080 1702 3486 1772 μυστικώτερον
3512 1706 3578 1760 ἔτι

2018 1786 2425 1855 ἐξηὸαθύναντες
2473 1793 2566 1846 καὶ
2611 1792 2908 1864 θειότερον,
2959 1796 3079 1859 πῶς
3122 1797 3368 1868 λεχθεῖεν
3414 1798 3476 1852 ἄν
3518 1801 3580 1870 μὴ

2016 1877 2299 1932 ἐπιϐαλεῖν
2340 1881 2416 1951 τῷ
2453 1883 2644 1954 τρόπῳ
2676 1884 2774 1953 τῆς
2818 1885 2964 1949 θείας
3003 1887 3471 1956 ἐνανθρωπήσεως
3500 1887 3577 1940 ὑπ’

2014 1970 2178 2022 αὐτοῦ
2226 1971 2364 2025 Θεοῦ
2401 1975 2724 2044 ἐναγόμενοι
2771 1977 2864 2030 καὶ
2912 1978 2980 2030 τὰ.
3009 1978 3127 2032 θεῖα
3167 1979 3469 2048 μυούμενοι
3501 1981 3578 2034 καὶ

2012 2063 2186 2124 οὕτως
2235 2065 2376 2136 ὑπὲρ
2432 2066 2726 2138 ἄνθρωπον
2780 2069 3167 2140 σοφιζόμενοις
3221 2073 3482 2127 Ἐνταῦθα
3532 2075 3578 2128 δὲ

2016 2154 2321 2226 θεωρητέον
2383 2161 2948 2231 πραγματικὼτερον,
3019 2161 3140 2227 πῶς
3199 2163 3411 2234 ἰλιγγιᾴ
3472 2163 3579 2227 νοῦς

2015 2249 2161 2310 ἄπας
2184 2253 2327 2302 νοεῖν
2356 2250 2446 2303 τὸν
2484 2254 2546 2304 ἐκ
2572 2253 2852 2322 Παρθένου
2885 2255 3130 2328 ἄρρητον
3160 2257 3326 2309 τόκον
3351 2257 3443 2308 τοῦ
3463 2255 3577 2311 Υἱοῦ

2013 2340 2104 2394 τοῦ
2137 2341 2296 2396 Θεοῦο
2332 2345 2426 2396 καὶ
2460 2346 2598 2409 τέως
2634 2349 2983 2418 προληπτέον
3006 2349 3081 2412 ὡς
3110 2351 3174 2402 ἐκ
3206 2348 3306 2401 τοῦ
3338 2349 3578 2403 εἰλεῖσοαι

2021 2433 2118 2486 καὶ
2145 2434 2402 2504 τοιαύτης
2435 2437 2586 2509 δίνης
2637 2439 2734 2492 καὶ
2787 2440 3028 2510 στροφῆς
3085 2458 3254 2504 τινος,
3316 2440 3580 2509 εῖρηταιό

2016 2525 2248 2593 ἴλιγγος·
2285 2528 2403 2597 μεθ’
2435 2529 2464 2583 δ
2503 2531 2838 2602 ἐπιτμητέον
2887 2533 2972 2586 ὅτι
3015 2534 3042 2586 ὁ
3085 2532 3434 2603 ἀνθρώπινος
3476 2533 3579 2595 νοῦς

2016 2617 2354 2688 συστρέψας,
2393 2622 2490 2674 καὶ
2520 2617 2633 2676 οἷον
2661 2623 2741 2686 εἰς
2769 2624 2963 2676 ἑαυτὸν
2994 2623 3257 2694 εἰληθεὶς,
3295 2623 3392 2676 καὶ
3433 2623 3581 2676 πολλὰ

2016 2709 2109 2760 καὶ
2144 2711 2335 2783 μακρὰ
2371 2712 2701 2784 μελετήσας,
2733 2716 2828 2768 καλ.
2855 2715 3026 2768 πολλὰ
3060 2717 3414 2785 μεριμνήσας
3439 2716 3576 2768 εῖπου

2017 2802 2272 2874 τοιαύτης
2305 2805 2568 2877 είλήσεως
2625 2807 2876 2879 δυνηθεὶς
2934 2809 3179 2880 ἐξευρεῖν
3234 2808 3270 2876 ἦ
3325 2807 3577 2876 mutavi]

2015 2894 2152 2948 ἀλλὰ
2185 2895 2375 2966 ὅμοιόν
2407 2915 2483 2964 τι,
2514 2897 2922 2969 ἐπανακάμψας
2953 2901 3028 2962 εἰς
3071 2901 3261 2966 νόησιν
3309 2901 3405 2953 καὶ
3433 2897 3577 2950 κατὰ·

2017 2986 2181 3056 ληψιν
2239 2989 2447 3060 ἀκριϐῆ
2500 2990 2596 3060 τὴν
2656 2990 2752 3044 τοῦ
2811 2991 2978 3061 μηδὲν
3008 3009 3061 3044 τι
3107 2992 3236 3044 ἄλλο
3285 2989 3577 3059 τοιοῦτονῆ

2018 3077 2274 3145 γενέσθαι
2325 3079 2457 3133 ποτὲ
2511 3082 2543 3152 ἢ
2601 3083 2932 3153 γενήσεσθαι
2981 3083 3071 3147 ἂν,
3132 3085 3340 3152 πάσχει
3395 3083 3578 3135 ἐκεῖθεν

2019 3170 2234 3240 ἴλιγγον
2266 3172 2573 3244 ἔννουνξκαὶ
2606 3175 2776 3248 κάρον
2806 3176 3070 3247 ἔμφρονα*
3109 3181 3202 3232 καὶ
3235 3177 3452 3237 ἀνεθεὶς
3497 3173 3577 3228 τοῦ

329 3270 452 3312 rum
488 3264 592 3324 est,
623 3257 820 3313 exinde
855 3256 1174 3328 vertiginem
1230 3255 1375 3314 subit
1407 3257 1798 3330 intelligentem
1831 3275 1889 3315 so

2026 3263 2165 3319 οὕτω
2197 3267 2546 3336 σπουδάζειν,
2587 3269 2844 3342 παρίεται
2887 3271 2989 3342 τῆς
3024 3269 3334 3342 ζητήσεως,
3387 3273 3473 3326 καὶ
3503 3272 3574 3323 δον

325 3361 625 3418 paremque
655 3347 1015 3420 prudentem;
1057 3361 1111 3404 et
1138 3349 1218 3405 sic
1250 3358 1461 3404 retenta
1491 3365 1521 3404 a
1557 3351 1646 3404 tali
1703 3351 1908 3418 studio,

327 3439 558 3497 remittit
579 3437 648 3496 ab
682 3439 1058 3512 inquisitione,
1095 3440 1436 3512 etglurlﬁcat
1467 3441 1902 3513 omnipotentem

325 3531 524 3590 Filium
554 3542 609 3589 et
635 3531 785 3589 illam
817 3549 938 3606 qua:
966 3546 1162 3605 praeter
1191 3535 1502 3605 Opinionem
1541 3552 1664 3592 eum
1697 3539 1906 3608 genuit.

399 3625 532 3684 222.
569 3624 683 3682 Hoc
705 3641 886 3683 autem
917 3644 932 3681 :
963 3643 1086 3684 cum
1115 3644 1304 3684 amore
1337 3625 1726 3701 gloriﬁcamus,
1789 3639 1910 3684 tan-

329 3735 494 3790 quam
521 3721 726 3792 aliquid
754 3721 1260 3779 extraordinarium
1308 3722 1559 3780 melodus
1594 3723 1909 3794 adscripsit.

329 3817 436 3884 Qui
463 3817 610 3872 enim
642 3832 708 3872 ex
766 3826 882 3872 toto
914 3817 1082 3874 corde
1105 3817 1413 3889 gloriﬁcant
1435 3817 1604 3873 Deum
1629 3817 1912 3890 ipsiusque

329 3913 738 3970 sanctissimam
764 3910 993 3967 Matrem
1047 3922 1214 3983 atque
1243 3922 1485 3981 sanctos,
1514 3911 1670 3982 juxta
1723 3929 1912 3982 quem-

329 4007 454 4064 dam
484 4006 682 4060 mirum
706 4015 985 4076 stuporem
1044 4005 1148 4062 hoc
1195 4003 1425 4068 faciunt,
1479 4005 1739 4060 continuo
1799 4005 1908 4060 cla-

332 4111 542 4157 mantes
579 4117 646 4156 ex
701 4115 897 4157 more:
950 4098 1154 4155 Gloria.
1198 4097 1318 4153 Non
1371 4108 1554 4153 autem
1611 4097 1752 4154 idem
1802 4109 1912 4164 est,

332 4194 520 4268 procul
547 4193 733 4256 dubio.
761 4203 954 4264 stupor
982 4206 1036 4248 et
1058 4206 1230 4257 amor,
1265 4206 1364 4246 nec
1390 4190 1553 4246 simul
1583 4207 1647 4246 ex
1670 4192 1914 4247 necessi-

332 4300 445 4343 tate
475 4289 690 4343 cunctis
729 4285 1085 4357 stupentibus
1125 4284 1442 4354 supervenit
1471 4283 1561 4338 ilia
1593 4281 1912 4339 desiderare

335 4399 430 4451 per
461 4398 582 4453 qua:
611 4379 668 4436 iit
706 4390 916 4452 stupor.
971 4379 1119 4433 Multi
1157 4394 1396 4450 namque
1447 4379 1562 4432 sola
1622 4378 1912 4432 miratione
1941 4412 1956 4425 κ

334 4473 987 4543 imrculsi,constiterunt
1016 4473 1154 4527 nihil
1217 4470 1344 4526 inde
1397 4469 1797 4537 desiderantes,
1858 4479 1912 4524 et

331 4568 627 4642 aliquando
655 4567 884 4623 multum
905 4566 1032 4623 odio
1057 4574 1325 4622 tenentes.
1345 4561 1456 4620 Nos
1479 4572 1687 4627 autem,
1711 4562 1911 4632 inquit,

332 4679 367 4715 υ
411 4676 624 4716 summa
675 4659 903 4732 Regina,
956 4667 1008 4714 te
1055 4673 1181 4713 cum
1251 4671 1441 4712 amore
1497 4655 1906 4724 gloriﬁcamus;

335 4766 592 4823 tanquam
661 4767 819 4808 amor
877 4751 1231 4806 mirationem
1294 4749 1564 4814 vinceret,
1628 4747 1911 4817 ipsiusque

335 4848 516 4902 locum
550 4854 880 4916 occuparet;
914 4843 996 4899 vel
1027 4844 1208 4912 potius
1264 4852 1495 4910 uterque
1547 4849 1788 4895 maneret
1838 4841 1912 4896 si-

336 4937 448 4991 mul
470 4937 614 5006 apud
643 4952 762 5004 nos,
787 4937 1092 5008 eodemque
1115 4935 1278 4990 modo
1308 4933 1594 4988 nobiscmn
1623 4933 1913 4991 exsisteret

338 5047 403 5087 ac
459 5033 811 5087 concordiam
859 5031 1130 5086 haberet:
1184 5043 1293 5084 una
1352 5029 1552 5099 quippe
1635 5029 1910 5084 desiderio

339 5125 734 5195 mirationcque
753 5127 1026 5194 capimur.
1056 5121 1184 5177 Ideo
1209 5132 1260 5177 te
1280 5136 1402 5176 cum
1426 5137 1610 5177 amore
1638 5121 1909 5191 gloriﬁca-

341 5233 483 5272 mus.
517 5215 572 5270 ln
611 5218 695 5272 his
720 5227 899 5270 autem
923 5215 983 5268 τὸ
1012 5216 1136 5270 ὅθεν
1166 5214 1508 5270 causativum
1541 5225 1646 5282 est,
1699 5224 1756 5270 ut
1785 5231 1912 5270 sen-

336 5326 433 5363 sus
463 5307 637 5379 quinti
665 5322 858 5363 versus
891 5306 1012 5361 talis
1073 5307 1187 5362 sit:
1241 5307 1509 5374 Quoniam
1567 5307 1750 5362 omnis
1801 5305 1915 5360 clo-

335 5406 557 5474 quentia
584 5418 615 5457 a
651 5413 702 5456 te
731 5409 1042 5471 Superatur,
1103 5403 1482 5473 augustissima
1543 5400 1769 5468 Deipara
1797 5441 1812 5465 ,
1861 5409 1914 5456 et

335 5495 517 5549 omnis
542 5507 694 5547 meus
729 5491 998 5561 vertigine
1031 5491 1241 5545 laborat
1272 5499 1422 5544 tuum
1455 5491 1744 5560 cogitando
1790 5505 1914 5560 par—

340 5601 476 5651 tum,
506 5587 708 5641 idcirco
738 5599 841 5638 nos
865 5583 1231 5651 gloriﬁcamus
1267 5595 1338 5649 lc,
1395 5598 1502 5638 non
1569 5582 1914 5652 multiloquio

340 5678 530 5746 sicque
579 5677 731 5744 operi
782 5691 946 5744 supra
999 5675 1252 5729 virtutem
1283 5675 1503 5740 addicti,
1557 5676 1648 5730 sed
1697 5677 1776 5730 vel
1815 5679 1916 5731 hoc

343 5773 520 5838 ipsum
553 5786 566 5820 :
601 5767 783 5822 Gloria
823 5766 949 5831 tibi,
987 5767 1068 5819 vel
1103 5767 1247 5820 aliud
1283 5766 1410 5835 quid
1452 5765 1779 5830 venerabile,
1832 5766 1917 5822 vel

343 5859 534 5916 saltem
565 5859 667 5912 hoc
723 5857 976 5928 angelicae
1007 5857 1350 5914 salutationis
1383 5874 1395 5913 :
1429 5858 1564 5926 Ave,
1597 5874 1692 5914 seu
1746 5861 1911 5923 salve,

341 5957 646 6007 cantantes.

2015 3357 2168 3424 ξάζει
2200 3359 2292 3412 τὸν
2340 3361 2780 3434 ἀπειροδύναμον
2821 3361 3052 3436 Κύριον,
3087 3367 3181 3418 καὶ
3225 3367 3331 3436 τὴν
3367 3365 3575 3434 παραδό-

2016 3447 2121 3516 ξως
2158 3450 2428 3507 τεκοῦσαν
2456 3454 2641 3508 αὐτόν.

2086 3631 2226 3704 σκβ’.
2253 3633 2327 3687 Τὸ
2351 3634 2428 3703 δὲ,
2456 3635 2552 3690 σὺν
2579 3635 2730 3708 πόθῳ
2756 3637 3075 3709 δοξάζομεν,
3109 3641 3186 3702 ὠς
3217 3642 3514 3710 παράδοξόν
3535 3659 3576 3700 τι

2012 3725 2041 3777 δ
2073 3722 2314 3794 μελῳδὸς
2339 3728 2799 3798 παρεσημήνατο·
2829 3729 2879 3783 oi
2909 3730 3020 3802 γὰρ
3053 3731 3339 3802 ὁλοψύχως
3358 3733 3579 3798 δοξάζον.

2015 3835 2107 3880 τες
2146 3819 2237 3873 τὸν
2266 3819 2422 3888 Θεὸν,
2460 3821 2554 3873 καὶ
2581 3821 2682 3891 τὴν
2709 3821 3022 3894 ἁγιωτάτην
3053 3824 3221 3878 αὐτοῦ
3259 3828 3469 3895 μητέρα
3497 3831 3578 3879 καὶ

2015 3913 2142 3974 τοὺς
2195 3912 2387 3978 ἁγίους
2419 3911 2610 3978 αὑτοῦ,
2660 3915 2802 3970 κατά
2832 3931 2957 3970 τινα
3004 3917 3306 3985 τεραστίαν
3335 3916 3576 3986 ἔκπληξιν

2015 4002 2177 4057 τοῦτο
2210 4003 2483 4071 ποιοῦσιν,
2527 4005 2905 4076 ἁναὸοὼμενοι
2955 4009 3156 4063 αὐτίκα
3207 4011 3303 4063 καὶ
3347 4012 3407 4063 τὸ
3457 4011 3574 4074 Δόξα

2016 4097 2158 4151 κατὰ
2187 4097 2249 4150 τὸ
2278 4098 2532 4170 σύνηθες·
2581 4098 2706 4154 οὔτε
2739 4100 2797 4154 δέ
2828 4101 3031 4155 ταυτὸν
3079 4103 3489 4175 ἁναντιῤῥήτως
3520 4107 3576 4175 τῇ

2015 4188 2276 4259 ἐκπλήξει
2313 4193 2340 4245 ὁ
2392 4191 2576 4257 πόθος,
2636 4192 2763 4246 οὔτε
2808 4194 3192 4265 συμπάρεστιν
3236 4198 3297 4262 ἐξ
3352 4199 3577 4266 ἀνάγκης

2019 4281 2194 4338 ἅπασι
2225 4287 2340 4348 τοῖς
2382 4286 2853 4358 ἐκπληττομένοις
2880 4288 2942 4341 τὸ
2971 4290 3066 4342 καὶ
3095 4290 3284 4343 ποθεῖν
3311 4291 3490 4344 ἐκεῖνα
3521 4291 3576 4342 δι’

2018 4369 2158 4446 ὧνή
2195 4377 2458 4448 ἔκπληξις
2513 4379 2759 4446 γίνεται·
2811 4380 2999 4434 πολλοὶ
3059 4383 3169 4454 γὰρ
3232 4382 3577 4450 ἐκπλαγέντες

2021 4469 2206 4536 μόνον,
2239 4470 2552 4524 ἐπαύσαντο
2585 4471 2754 4541 μηδέν
2801 4490 2856 4524 τι
2908 4474 3270 4545 ιποθήσαντεςο
3305 4476 3420 4528 ἐστι
3453 4474 3506 4526 δέ
3527 4464 3578 4526 οῦ

2016 4560 2110 4614 καὶ
2162 4563 2499 4631 μισήσαντες
2531 4562 2652 4616 λίαν
2702 4567 2868 4620 πάνυ.
2923 4565 3118 4635 Ἡμεῖς
3170 4567 3250 4630 δέ,
3303 4568 3490 4637 φησὶν,
3540 4560 3578 4618 ὦ

2019 4644 2397 4722 παντάνασσα,
2431 4656 2528 4708 σὺν
2560 4656 2716 4726 πόθῳ
2745 4656 3043 4728 δοξάζομεν
3075 4675 3134 4712 σε
3158 4676 3172 4690 ⁶
3200 4659 3280 4724 ὡς
3310 4659 3403 4712 τοῦ
3429 4659 3578 4712 πόθου

2015 4747 2116 4817 τὴν
2168 4747 2436 4819 ἔκπληξιν
2497 4751 2938 4822 ἐκνικήσαντος,
2993 4752 3088 4806 καὶ
3143 4752 3580 4822 ἀντεισαχθέντος

2013 4840 2247 4904 ἐκείνου,
2292 4841 2528 4909 μάλιστα
2565 4841 2668 4912 μὲν
2697 4837 2791 4896 οῦν
2819 4843 2920 4896 σὺν
2951 4847 3146 4914 ἐκείνῳ
3176 4847 3434 4914 μένοντος
3464 4845 3580 4914 παρ’

2013 4932 2149 5001 ἡμῖν
2185 4932 2281 4984 καὶ
2311 4930 2674 5002 συζυγοῦντος
2702 4935 2759 4987 ἐν
2784 4937 2861 5004 τῷ
2893 4936 3313 5000 συνδυάζεσθαι·
3345 4938 3461 5008 ἅμα
3487 4939 3579 5006 γὰρ

2016 5024 2113 5078 καὶ
2149 5025 2447 5097 ποθοῦμεν,
2483 5027 2580 5081 καὶ
2611 5028 3052 5100 ἐκπληττόμεθα·
3091 5029 3174 5083 διὸ
3198 5033 3293 5084 καὶ
3322 5033 3418 5086 σὺν
3447 5031 3580 5098 πόθῳ

2019 5131 2079 5169 σε
2116 5115 2438 5188 δοξάζομεν*
2471 5121 2530 5172 ἐν
2579 5119 2794 5182 τούτοις
2844 5119 2902 5173 δὲ
2955 5119 3014 5173 τὺ
3065 5120 3187 5174 ὅθεν
3237 5120 3581 5188 αἰτιολογικόν

2022 5210 2196 5274 ἐστιν,
2230 5211 2318 5262 ῖνα
2353 5213 2382 5263 δ
2411 5211 2536 5272 νοῦς
2563 5210 2660 5266 τοῦ
2707 5214 2960 5283 πέμπτου
2998 5214 3166 5277 ἔπους
3201 5213 3287 5284 εῐη
3319 5213 3577 5275 τοιοῦτος’

2032 5298 2254 5370 Ἐπειδὴ
2301 5300 2489 5354 ἅπασα
2538 5301 2795 5370 ῥητορεία
2840 5303 3072 5374 ήττᾶταί
3110 5319 3227 5367 σου,
3262 5297 3307 5357 ὦ
3357 5305 3581 5370 πάναγνε

2021 5391 2276 5456 Θεοτόκε,
2311 5395 2404 5445 καὶ
2454 5393 2580 5455 νοῦς
2607 5391 2664 5446 δὲ
2718 5395 2868 5458 ἄπας
2917 5393 3125 5466 ἰλιγγιᾷ
3166 5398 3260 5450 τὸν
3304 5395 3458 5450 τόκον
3498 5409 3581 5446 σου

2021 5488 2186 5550 νοεῖν,
2215 5486 2301 5538 διὰ
2325 5485 2486 5539 τοῦτο
2519 5489 2681 5557 ἡμεῖς
2705 5487 3005 5557 δοξάζομεν
3037 5505 3119 5554 σε,
3149 5491 3209 5542 ού
3241 5486 3584 5555 πολυλογοῦν-

2023 5597 2134 5642 τες,
2189 5581 2283 5631 καὶ
2331 5579 2503 5644 οὕτως
2555 5581 2934 5651 ἐγχειροῦντες
2984 5583 3098 5645 τοῖς
3159 5583 3303 5652 ὑπὲρ
3347 5581 3581 5649 δύναμιν,

2024 5675 2160 5728 ἀλλὰ
2190 5673 2220 5744 ἢ
2254 5675 2384 5727 αὐτὸ
2414 5675 2572 5727 τοῦτο
2608 5676 3076 5744 αναφθεγγόμενοι
3126 5677 3214 5743 τὸ,
3263 5677 3396 5740 Δόξα
3430 5673 3580 5740 σοι,ἢ

2025 5769 2153 5823 ἄλλο
2179 5786 2230 5821 τι
2260 5769 2517 5840 γεραρὸν,
2568 5769 2600 5838 ἦ
2638 5770 2776 5822 ἀλλὰ.
2804 5769 2932 5822 αύτό
2963 5770 3039 5822 ’τὸ
3084 5770 3308 5842 Χαξροις
3341 5769 3367 5842 ἦ
3404 5769 3580 5840 Χαῖρε,

2026 5867 2082 5917 τ’,
2111 5862 2405 5932 ἀγγελικδν
2446 5866 2668 5935 προσςώ
2686 5882 2842 5937 ημα.
