3822 6548
451 366 555 430 73‘)

1191 366 1614 431 EUSTATHII
1673 364 1966 428 TllESSA
1977 365 2123 427 LON
2138 365 2430 428 lCENSlS
2472 363 3029 428 METROPOLITE
3564 365 3645 437 Ἱὶθ

453 478 644 549 σπερῶ
683 476 917 551 ἔσπορα.
971 478 1282 536 Secundum
1317 480 1484 551 igitur
1529 479 1668 536 duas
1714 478 2028 548 httjusmodi

2138 477 2263 546 γοῦν
2289 479 2416 540 τοὺς
2447 495 2720 542 τοιουτους
2751 477 2844 530 δύο
2867 479 3103 535 κανόνας
3127 475 3405 546 δριστικῶν
3429 495 3647 550 παράχει·

451 573 694 641 regulas,
738 587 861 627 cum
911 572 1022 629 duo
1069 573 1183 629 sint
1219 588 1285 629 ex
1336 574 1569 643 πέμπω,
1605 572 1882 628 indicativi
1915 587 2032 641 pcr-

453 663 627 730 l‘ecta,
657 679 891 734 quorum
940 667 1173 736 primum
1206 665 1449 734 quidem,
1503 665 1759 731 activum,
1818 672 1903 720 est
1937 663 2033 717 πέ-

343 789 350 796 ο
450 774 648 825 πεμφα
702 773 801 826 per
853 775 924 824 ε,
985 759 1221 812 medium
1279 771 1460 814 autem
1522 757 1789 829 πέπομφα
1837 773 1932 827 per
1969 775 2031 822 ος

454 848 755 919 perfectum
793 849 959 918 igitur
997 851 1266 919 πέπομφα
1297 849 1670 904 characterem
1706 850 1870 902 habet
1900 849 2033 903 duo.

453 959 596 1009 runt,
629 942 790 996 activi
815 941 1034 1010 quidem
1079 955 1174 1010 per
1203 943 1284 1010 φῖ,
1312 941 1474 996 medii
1505 956 1632 996 vero
1657 955 1754 1010 per
1787 958 1816 993 ο
1851 942 2032 995 breve.

453 1033 582 1087 'l‘ale
611 1047 791 1088 autem
825 1041 907 1088 cst
936 1033 1180 1101 κέκλοφα
1204 1047 1269 1086 ex
1299 1042 1566 1102 praesente
1595 1032 1842 1094 κλέπτω,
1875 1032 2034 1100 cujus

452 1126 642 1186 etiam,
689 1138 810 1178 cum
847 1123 1170 1178 naturaliter
1203 1123 1312 1177 duo
1345 1124 1455 1178 sint
1503 1123 1765 1193 perfecta,
1793 1125 2033 1176 activum

455 1216 716 1282 κέκλοφα,
768 1223 820 1267 et
867 1213 1105 1266 medium
1162 1213 1424 1279 κέκλοπα,
1472 1213 1634 1267 activi
1675 1213 1898 1281 quidem
1951 1221 2035 1268 σει

451 1307 512 1358 τὸ
536 1311 618 1373 φῖ,
655 1306 818 1360 medii
865 1314 1049 1365 autem
1079 1305 1139 1358 τὸ
1179 1322 1229 1357 ο.
1264 1303 1361 1363 llis
1389 1314 1568 1360 autem
1598 1319 1818 1374 prorsus
1858 1306 2036 1360 simile

451 1406 536 1452 est
561 1397 725 1450 etiam
756 1396 1042 1467 τέτροφεν.
1078 1396 1135 1451 In
1173 1397 1278 1453 alio
1309 1407 1491 1453 autem
1521 1399 1716 1452 ordine
1741 1397 2032 1453 verborum

455 1489 686 1543 habetur
706 1473 930 1559 quoque
953 1491 1100 1553 εἰκὸς
1135 1491 1318 1545 lonice
1351 1501 1406 1544 et
1437 1491 1616 1546 Attice
1639 1491 1837 1556 ἔοικεν,
1874 1501 2036 1557 atque

451 1580 674 1650 λέλογχε
710 1591 764 1634 et
805 1581 1048 1650 ἐνήνοχε.
1099 1579 1195 1634 Est
1244 1590 1428 1634 autem
1476 1580 1583 1634 alio
1644 1581 1806 1634 modo
1858 1581 2033 1633 media

453 1668 639 1724 dicere
688 1669 815 1724 talia
867 1669 1130 1740 perfecta.
1186 1672 1314 1740 quia
1364 1671 1602 1725 medium
1658 1670 2038 1724 enuntiatione

455 1771 638 1817 tenent
659 1763 804 1817 ittter
825 1765 999 1817 activa
1024 1764 1243 1834 proprie
1265 1763 1428 1825 dicta,
1459 1771 1515 1817 et
1541 1762 1738 1816 media.
1778 1760 1843 1814 Ἢ
1873 1761 2035 1832 χάρις

2138 570 2320 639 μένων
2367 569 2462 624 δύο
2513 571 2823 641 γενομένων
2866 570 2932 623 έκ
2971 567 3066 623 τοῦ
3121 567 3355 638 πέμπω·
3403 563 3471 628 ὧν
3510 573 3536 625 ὀ
3573 577 3650 645 μὲν

2136 665 2355 735 πρῶτος
2389 667 2484 720 καὶ
2517 667 2872 736 ἐνεργητικδς
2921 665 3190 733 πέπεμφα
3237 665 3324 718 διὰ
3366 661 3454 720 τοῦ
3487 684 3530 733 ε,
3563 671 3650 724 ὁδὶ

2140 759 2303 828 μέσος
2334 761 2601 829 πέπομφα
2649 761 2736 813 διὰ
2783 759 2876 812 τοῦ
2906 775 2935 811 ο
2958 775 2973 791 ·
3025 759 3135 828 ἄρα
3177 760 3205 812 ὁ
3239 759 3487 827 πέπομφα
3515 777 3651 831 παρα-

2136 853 2394 920 κείμενος
2430 853 2523 904 τὸν
2541 853 2869 922 χαρακτῆρα
2924 851 3037 920 ἔχει
3070 850 3178 903 τῶν
3208 850 3322 916 δύο,
3355 855 3439 904 τὸν
3481 855 3563 923 μὲν
3577 855 3650 908 τοῦ

2137 943 2489 1015 ὲνεργητικοῦ
2531 945 2620 998 διὰ
2671 946 2731 998 es
2777 947 2858 1015 φῖ,
2914 945 3004 998 τὸν
3044 943 3099 996 δὲ
3128 941 3220 996 τοῦ
3265 943 3422 1010 μέσου
3456 945 3532 1000 διὰ
3564 947 3653 1000 eo

2141 1037 2358 1107 μικρόν.
2393 1039 2647 1092 Τοιοῦτον
2677 1039 2733 1091 δὲ
2764 1039 2861 1091 καὶ
2887 1038 2950 1090 τὸ
2989 1037 3227 1107 κέκλοφα
3277 1039 3338 1090 ὲκ
3367 1039 3455 1090 τοῦ
3481 1054 3653 1093 κλεπτω

2137 1129 2453 1192 ἐνεστῶτος,
2505 1125 2564 1183 οὗ
2603 1129 2698 1182 καὶ
2733 1130 2900 1183 αὐτοῦ
2947 1128 3040 1181 δύο
3097 1130 3260 1198 φύσει
3289 1133 3654 1201 παρακειμένωι

2137 1218 2308 1272 ὄντων
2355 1220 2450 1273 τοῦ
2517 1221 2760 1289 κέκλοφα
2823 1220 3181 1292 ένεργητικοῦ
3237 1222 3328 1273 καὶ
3388 1223 3536 1290 μέσου
3584 1225 3654 1275 τοῦ

2137 1311 2407 1378 κέκλοπα,
2436 1312 2529 1364 τοῦ
2566 1313 2922 1382 ἐνεργητικοῦ
2959 1315 3057 1381 μέν
3088 1315 3206 1368 ἐστι
3235 1313 3294 1366 τὸ
3318 1317 3392 1380 εἰ,
3420 1313 3502 1367 τοῦ
3529 1319 3656 1384 μέσον

2135 1401 2191 1455 δὲ
2236 1404 2297 1455 τὸ
2351 1419 2417 1455 οο
2470 1404 2656 1473 ὅμοιον
2696 1406 2753 1456 δὲ
2801 1405 3013 1468 τούτοις
3056 1405 3477 1475 ἀπαραλλάκτως
3513 1411 3587 1460 καὶ
3613 1410 3659 1463 τὸ

2137 1495 2402 1565 τέτροφεν
2423 1511 2438 1527 ο
2467 1497 2527 1549 ἐν
2551 1496 2689 1569 ἄλλῃ
2713 1497 2770 1550 δὲ
2802 1497 3031 1570 συζυγίᾳ
3053 1499 3331 1570 ρηματικῇ
3359 1498 3447 1552 καὶ
3471 1499 3522 1552 τὸ
3548 1502 3659 1565 εἰκὸς

2137 1588 2415 1654 Ἰωνικῶς,
2431 1591 2527 1641 καὶ
2553 1590 2613 1640 τὸ
2630 1590 2807 1642 ἔοικεν
2846 1590 3136 1654 Ἀττικῶς,
3161 1592 3330 1644 καὶτὸ
3351 1591 3567 1662 λέλογχε,
3592 1597 3661 1648 καὶ

2136 1682 2196 1735 τὸ
2227 1683 2484 1752 ἐνήνοχεν
2531 1683 2626 1736 καὶ
2667 1682 2817 1735 ἔστιν
2858 1683 3034 1736 εἰπεῖν
3075 1682 3280 1752 τρόπον
3319 1681 3466 1735 ἄλλον
3502 1685 3660 1752 μέσους

2138 1773 2266 1836 τοὺς
2283 1773 2559 1838 τοιούτους
2592 1775 3062 1845 παρακειμένους,
3083 1776 3158 1838 ὡς
3192 1774 3390 1846 μεταξύ
3419 1795 3520 1840 πως
3545 1777 3660 1841 δντες

402 1921 404 1924 ν
454 1865 634 1910 autem
672 1854 908 1923 Spiritus
953 1870 1020 1910 ex
1066 1854 1146 1926 τῷ
1189 1853 1403 1925 χαίρειν
1443 1855 1742 1921 derivatur,
1775 1863 1829 1909 et
1873 1870 1938 1908 ex
1967 1857 2031 1925 τῇ

2141 1867 2208 1935 τῇ
2240 1867 2513 1936 προφορᾷ,
2539 1835 2656 1920 τῶν
2675 1835 2853 1930 ’ἰδίωςι
2873 1835 3248 1938 ένεργητικῶν
3277 1835 3578 1939 λεγομένων,
3601 1835 3661 1921 ιτὶ

455 1945 623 2018 χαρᾷ,
681 1961 787 2013 qua
831 1948 1070 2016 gaudent
1111 1943 1444 2014 spirituales,
1483 1959 1606 2000 cum
1661 1943 2034 1999 desideratum

452 2035 759 2103 possident,
785 2047 839 2091 et
867 2036 990 2091 ideo
1019 2044 1299 2091 merentur
1327 2051 1359 2090 a
1396 2035 1508 2090 Deo
1537 2036 1835 2090 secundum
1863 2035 2036 2090 Evan-

456 2127 655 2196 gelium
690 2128 880 2182 audire
911 2140 928 2180 :
959 2127 1189 2198 gaudete
1215 2143 1231 2182 :
1263 2128 1405 2183 sicut
1427 2129 1575 2184 enim
1601 2127 1806 2184 dicitur
1833 2128 2036 2200 κιθάρα

456 2218 700 2289 κίθαρις,
731 2218 811 2273 sic
845 2219 1009 2274 etiam
1043 2218 1190 2290 χαρά
1216 2218 1401 2290 χάρις.

879 2393 1199 2465 Troparium
1231 2396 1266 2450 2
1295 2396 1411 2451 σάω
1440 2412 1614 2453 none.

530 2485 903 2555 Qttoscunque
943 2487 1230 2556 inspiravit
1254 2486 1450 2543 deillua
1479 2490 1675 2559 gratia,

453 2575 834 2646 Splendentes,
871 2576 1230 2648 fulgurantes,
1270 2583 1587 2650 permutati,

455 2667 748 2723 Externatn
776 2670 1257 2738 permutationem,
1287 2673 1756 2738 decentissimam,

455 2760 617 2830 Aiqui
625 2771 929 2830 potentem,
947 2753 1336 2817 indivisibi‘lem
1355 2773 1771 2833 cognoscentes,
1800 2763 2035 2838 [camus.

457 2853 769 2922 Sapientem
809 2851 1041 2920 triplicis
1085 2853 1395 2922 splendoris
1435 2855 1797 2910 substantiam
1833 2858 2039 2927 gloriﬁ-

526 2942 652 2998 257.
700 2942 959 3012 Strophe,
1019 2957 1261 3013 praesens
1315 2954 1399 3000 est
1459 2946 1721 3006 mixtura.
1753 2949 2038 3019 theologia:

459 3035 971 3103 recordationisque
1000 3033 1288 3092 Trinitatis
1321 3037 1534 3107 hymni,
1568 3040 1624 3092 in
1655 3055 1815 3108 quem
1851 3056 2036 3096 mora-

461 3127 586 3182 liter
633 3127 835 3182 desinit
883 3125 953 3181 ab
1002 3126 1274 3182 altissimo
1316 3129 1583 3198 incipiens
1622 3147 1638 3184 :
1672 3128 1808 3185 dicit
1837 3133 1982 3186 enim
2017 3150 2032 3186 :

459 3219 891 3289 Quibttscuuque
941 3219 1170 3289 spiravit
1221 3233 1252 3273 a
1307 3218 1419 3274 Deo
1486 3218 1664 3276 ﬂuens
1721 3223 1915 3292 gratia,
1969 3223 2035 3278 ad

467 3312 762 3366 lucentium
802 3322 857 3366 et
903 3311 1216 3384 fulgentium
1247 3322 1302 3368 et
1328 3313 1542 3368 ὀθνείαν
1573 3318 1689 3370 sive
1720 3326 2038 3370 extraneam

460 3405 819 3460 mutationem
855 3413 910 3459 et
941 3405 1513 3460 convenientissimum
1539 3408 1898 3477 operandum,
1928 3411 2041 3479 glo-

457 3499 755 3565 riﬁcamus,
782 3507 838 3552 et
864 3499 1087 3554 omnino
1117 3499 1424 3570 gloriﬁcare
1444 3499 1707 3557 debemus
1735 3505 2034 3572 sapientem

461 3593 805 3648 trilucentem
842 3594 1234 3660 substantiam,
1265 3591 1586 3649 Trinitatem
1621 3595 1852 3658 scilicet,
1892 3597 2036 3651 indi-

459 3685 728 3738 visibtlem
787 3685 1025 3739 scientes
1079 3684 1251 3752 illam,
1303 3695 1576 3754 quatenus
1623 3688 1880 3743 dissecari
1927 3705 2035 3743 non

455 3777 683 3831 omnino
715 3785 914 3846 potest,
945 3786 1006 3832 ut
1036 3779 1105 3832 ab
1135 3777 1371 3833 invicem
1399 3793 1648 3850 personae
1673 3791 2032 3850 separentur;

456 3871 554 3923 sed
600 3871 651 3923 itt
694 3885 861 3923 nnunt
882 3870 1063 3924 solum
1107 3872 1405 3926 credantur
1447 3884 1502 3926 et
1549 3870 1927 3942 intelligantur
1976 3882 2033 3928 et

455 3963 750 4015 doceantur
779 3970 888 4042 tres
914 3961 1078 4016 unius
1123 3962 1348 4018 Deitatis
1377 3978 1648 4033 personae.
1699 3961 1760 4017 ln
1797 3964 1884 4020 his
1932 3981 2031 4019 au-

461 4068 570 4111 tem
601 4064 779 4126 potest
801 4057 1023 4112 verbum
1059 4058 1354 4128 δοξάζομεν
1397 4061 1646 4115 consulte
1677 4062 1907 4131 cOgitari
1941 4080 1955 4115 ι
1986 4063 2030 4118 si

454 4162 584 4201 vero
613 4162 720 4200 non
744 4148 988 4203 extendit
1027 4151 1407 4220 peuultitnam,’
1441 4153 1545 4207 hoc
1592 4154 1788 4209 Ionicae
1817 4153 2030 4210 inditl‘eo

453 4241 642 4294 rentiae
697 4251 798 4296 cst.
839 4243 1028 4306 Quoad
1077 4254 1257 4298 autem
1298 4245 1482 4319 'reipsa
1544 4246 1932 4301 ittdivisibilent
1977 4248 2029 4300 in

449 4333 625 4389 tribus
674 4337 924 4405 personis
973 4336 1365 4403 substantiam,
1420 4350 1478 4394 et
1524 4340 1732 4396 dictum
1791 4344 1857 4398 de
1913 4347 2027 4418 ipsa

447 4439 692 4490 sensum,
735 4429 1142 4499 recogitattdum
1189 4441 1273 4483 est
1325 4446 1582 4502 magnum
1623 4444 1877 4490 sanctum
1933 4439 2025 4507 qui

2142 1956 2198 2010 δὲ
2229 1957 2463 2010 καὶτῶν
2510 1960 2717 2027 μέσων.
2761 1959 2828 2012 Ἦ
2869 1962 3029 2030 χάρις
3057 1960 3114 2013 δὲ
3165 1959 3260 2014 τού
3311 1960 3590 2029 Πνεῦματος
3618 1966 3662 2012 ἐκ

2141 2050 2233 2102 τοῦ
2265 2051 2481 2120 χαίρειν
2515 2052 2817 2122 παρῆκται,
2854 2055 2950 2106 καὶ
2979 2053 3078 2123 τῆς
3119 2057 3299 2125 χαρᾶς
3335 2055 3398 2125 ἦν
3435 2055 3661 2125 χαίρουσιν

2141 2141 2191 2192 οἱ
2253 2145 2636 2211 πνευματικοὶ,
2690 2143 2752 2196 τὸ
2800 2145 2990 2213 ἐφετὸν
3040 2146 3278 2216 ἔχοντες,
3333 2147 3422 2198 καὶ
3464 2145 3522 2200 δι’
3563 2147 3662 2198 αὐτὸ

2143 2233 2437 2304 ἠξιωμένοι
2469 2235 2652 2289 θεόθεν
2684 2236 3054 2305 εὖαγγελικῶς
3096 2239 3318 2292 ἀκούειν
3347 2241 3422 2308 τὸ,
3449 2241 3660 2308 χαίρετε·

2142 2325 2218 2388 ὡς
2247 2327 2356 2396 γάρ
2388 2345 2520 2396 φασι
2553 2329 2758 2399 κιθάρα
2785 2329 3029 2401 κίθαρις,
3064 2331 3210 2384 οὕτω
3250 2333 3344 2387 καὶ
3365 2331 3495 2401 χαρὰ
3522 2332 3660 2402 χάρις.

2303 2420 2634 2490 Τροπάριον
2660 2423 2946 2491 δεύτερον
2975 2424 3086 2492 τῆς
3112 2424 3374 2492 ὲνγάτης
3401 2423 3555 2493 ᾣδης.

2215 2511 2427 2567 XXVII.
2471 2512 2660 2577 Ὀσοις
2686 2515 2949 2569 έπνευσεν
2986 2517 3019 2589 ή
3048 2516 3343 2588 θεόρρυτος
3368 2519 3529 2588 χάρις,

2461 2605 2809 2674 Λάμποντες,
2839 2607 3272 2676 ἀστράπτοντες,
3302 2611 3630 2682 ἢλλοιωμένοι,

2473 2699 2724 2754 Ὀθνείαν
2752 2691 3061 2768 ἀλλοίωσιν,
3089 2703 3543 2776 εὐπρεπεστάτην,

2473 2791 2903 2860 ’ἰσοσθενοῦσαν,
2935 2796 3036 2866 τὴν
3067 2795 3316 2867 ἄτμητον
3344 2799 3525 2861 εἰδότες

2459 2884 2637 2954 Σοιρὴν
2664 2885 2964 2955 τρίφεγγον
2991 2888 3186 2942 οὐσίαν
3226 2890 3527 2960 δοξάζομεν.

2217 2974 2357 3036 σλζ’.
2390 2975 2682 3044 Θεολογίας
2726 2980 2917 3049 κρᾶμα
2965 2981 3026 3035 τὸ
3058 2983 3237 3052 παρὸν
3285 2985 3555 3054 τροπάριον
3592 2984 3659 3036 καὶ

2144 3067 2510 3136 ὑπομνήσεως
2561 3068 2733 3140 ὕμνου
2797 3074 3103 3140 τριαδικοῦ,
3157 3080 3242 3141 εἰς
3305 3077 3364 3131 δν
3418 3077 3659 3146 καταλήγει

2069 3195 2112 3254 c
2143 3161 2353 3232 ἠθικῶς
2384 3165 2448 3214 ἐκ
2497 3162 2593 3215 τοῦ
2629 3165 2970 3235 ὑψηλοτάτου
3021 3170 3335 3240 ἀρξάμενον
3358 3188 3373 3202 ·
3420 3172 3546 3239 λέγει
3579 3172 3659 3238 γάρ

2143 3255 2224 3306 ὅτι
2253 3255 2395 3314 ὅσοις
2424 3253 2687 3308 ἐπνευσεν
2713 3259 2758 3328 ἡ.
2775 3259 3063 3330 θεόρρυτος
3087 3265 3248 3331 χάρις
3272 3265 3344 3328 ὠς
3367 3262 3573 3335 λάμπειν
3591 3266 3658 3316 καὶ

2139 3348 2474 3418 ἀστράπτειν
2534 3351 2630 3404 καὶ
2681 3353 3012 3421 ἠλλοιῶσθαι
3065 3355 3288 3410 ὀθνείαν
3341 3360 3494 3429 ἤγουν
3541 3356 3657 3423 ξένην

2139 3439 2428 3492 ἀλλοίωσιν
2475 3441 2929 3515 εὐπρεπεστάτην
2973 3445 3301 3518 δοξάζομεν,
3353 3449 3440 3501 καὶ
3466 3446 3655 3512 δοξάζειν

2140 3535 2359 3595 πάντως
2387 3535 2676 3605 ὀφείλομεν
2715 3537 2815 3606 τὴν
2851 3538 3019 3608 σοφὴν
3043 3540 3344 3610 τρίφεγγον
3376 3541 3557 3606 οὐσίαν,
3585 3540 3657 3609 τὴν

2136 3625 2422 3696 τριαδικὴν
2441 3627 2663 3698 δηλαδὴ,
2685 3627 2928 3698 ἄτμητον
2951 3621 3153 3694 εἰδότες
3186 3635 3355 3703 αὐτὴν
3383 3636 3510 3686 κατά
3530 3633 3578 3685 τὸ
3601 3633 3656 3702 μὴ

2135 3718 2433 3785 τέμνεσθαι
2479 3719 2728 3789 διαμπὰξ
2775 3721 2849 3784 ὼς
2904 3725 3001 3774 καὶ
3049 3724 3389 3794 χωρίζεσθαι
3434 3726 3657 3794 ἀλλήλων

2136 3801 2271 3861 ἀλλὰ
2301 3811 2382 3874 είς
2435 3813 2606 3881 μόνον
2648 3815 2775 3866 ὅσον
2814 3813 3198 3869 πιστώσασθαι
3241 3821 3334 3872 καὶ
3368 3819 3553 3888 νοῆσαι,
3591 3815 3659 3872 καὶ

2134 3901 2341 3968 διδάξαι
2387 3905 2454 3956 τὰ
2494 3906 2621 3972 τρία
2668 3905 2939 3974 πρόσωπα
2983 3910 3083 3976 τῆς
3141 3911 3276 3978 μιᾶς
3324 3911 3577 3979 θεότητος·
3615 3914 3656 3960 ὲν

2133 3993 2344 4056 τούτοις
2365 3994 2419 4047 δὲ
2445 3996 2668 4049 δύναται
2696 3997 2757 4050 τὸ
2787 3998 3084 4068 δοξάζομεν
3109 4004 3206 4053 καὶ
3241 4001 3656 4073 συμϐουλευτικῶς

2134 4087 2405 4141 νοεῖσθαιο
2463 4091 2512 4142 εί
2562 4090 2618 4144 δὲ
2677 4092 2752 4160 μὴ
2808 4092 3041 4144 ἐκτείνει
3104 4094 3205 4162 τὴν
3265 4097 3654 4164 παραλήγουσαν,

2136 4179 2358 4250 ῑωνικῆς
2408 4180 2574 4234 τοῦτο
2617 4182 2952 4252 ἀδιαφορίας
2992 4185 3161 4240 ἐστίν.
3215 4187 3309 4252 Εἰς
3340 4187 3392 4240 δὲ
3421 4188 3509 4255 τὴν
3529 4187 3654 4245 ὅντως

2131 4271 2373 4342 ἄτμητον
2399 4273 2784 4343 τριπρόσωπον
2815 4276 3029 4341 οὐσίαν,
3063 4279 3160 4331 καὶ
3191 4279 3281 4332 τὸν
3309 4281 3570 4349 εἰρημένον
3591 4272 3655 4328 ἐπ’

2132 4364 2268 4431 αὐτῇ
2304 4362 2450 4427 νοῦν,
2484 4364 2821 4436 ἐνθυμητέον
2853 4366 2948 4419 καὶ
2974 4369 3065 4422 τὸν
3103 4372 3284 4438 μέγαν
3315 4373 3460 4440 ἅγιον
3484 4371 3533 4433 ὃς
3556 4369 3652 4435 ἔφη.

2130 4452 2245 4520 ἅμα
2269 4452 2346 4522 τῷ
2373 4455 2578 4523 τεμεῖν,
2611 4456 3004 4511 ἐπισυνάπτειν
3028 4459 3095 4511 τὰ
3124 4461 3324 4530 ἄτομα,
3353 4463 3504 4532 ἤγουν
3526 4463 3578 4513 τά
3597 4457 3653 4526 μὴ

453 4518 591 4571 dixit
619 4518 780 4572 simul
804 4533 865 4572 ac
888 4520 1237 4585 scinduntur,
1265 4520 1428 4574 etiam
1457 4535 1668 4578 atomos
1697 4526 2024 4593 coalescere,

2138 4518 2450 4613 τεμνόμεναί
2475 4518 2616 4616 τομῇ
2664 4547 2996 4619 διαιρετικῇ,
3029 4518 3239 4605 ὁποίαν.
3277 4518 3496 4622 ἑλκέμεν,
3523 4518 3652 4619 δι’

448 4612 565 4662 sive
612 4625 720 4663 non
773 4625 896 4665 esse
950 4619 1130 4666 sectos
1187 4622 1404 4666 sectura
1459 4613 1759 4682 dividente,
1809 4619 2025 4686 qualem

446 4701 702 4766 dicimus,
741 4718 847 4770 qua
881 4702 1175 4772 ﬁngeretur
1210 4704 1384 4757 deitas
1428 4705 1483 4758 in
1521 4708 1826 4762 substantia
1862 4711 2024 4775 tritta,

451 4795 531 4848 vel
563 4797 614 4848 itt
654 4806 790 4849 truta
821 4797 1024 4851 deitate
1052 4796 1380 4852 substantia.
1417 4797 1482 4852 Et
1512 4799 1587 4854 ita
1619 4801 1842 4870 quidem
1881 4811 2030 4860 recte

447 4891 674 4958 punitur
705 4889 1021 4960 ltttjusmodi
1047 4893 1320 4947 sententia
1335 4892 1597 4962 stropha.

516 4980 642 5036 238.
689 4980 794 5036 Sed
842 4984 909 5037 ad
957 4985 1155 5041 melius
1215 4987 1396 5042 adhuc
1442 4987 1835 5044 attendendum
1884 4996 1968 5042 est
2009 5003 2026 5042 :

448 5073 819 5128 Ituttorabiletn
863 5080 945 5129 sui
1003 5077 1175 5148 ipsius
1233 5079 1670 5148 praedicationem
1729 5078 1802 5133 ibi
1866 5087 2028 5148 poeta

447 5165 690 5232 exponit,
761 5166 815 5218 itt
874 5170 1262 5224 communione
1331 5171 1620 5225 commode
1689 5169 2024 5223 latitantem.

447 5255 709 5313 Sermone
751 5275 984 5329 namque
1022 5263 1248 5318 laudans
1291 5276 1386 5317 eos
1429 5263 1523 5333 qui
1560 5271 1808 5316 sanctam
1843 5257 2025 5312 Trini-

444 5358 608 5403 tatem
650 5351 972 5421 glorilicattt,
1027 5356 1082 5409 in
1135 5370 1427 5411 commune
1474 5370 1597 5410 sese
1642 5367 1870 5424 prorsus
1921 5352 2027 5405 int-

445 5445 638 5496 miscet
668 5451 924 5511 tanquam
955 5447 1047 5516 qui
1099 5449 1308 5503 melode
1333 5459 1386 5504 et
1428 5446 1842 5516 magniﬁcenter
1868 5442 2023 5496 illam

445 5534 829 5589 eelt-bravitmt
865 5537 934 5591 ita
984 5539 1326 5608 glorilicavit.
1370 5541 1510 5596 Dicit
1550 5553 1682 5607 ergo
1730 5553 1745 5591 :
1795 5535 2026 5601 Quibus-

444 5637 661 5694 cuttque
710 5640 776 5678 ex
834 5631 1286 5701 nobislspiravit
1349 5631 1590 5699 Spiritus
1655 5626 1854 5695 gratia,
1919 5622 2021 5690 ipsi

445 5735 695 5789 prorsus,
730 5719 1040 5791 hujusmodl
1093 5727 1274 5795 gratia
1332 5725 1601 5788 lucentes,
1659 5731 1713 5774 et
1768 5727 2027 5772 extrance

445 5813 658 5880 mutati,
713 5825 766 5871 et
813 5819 1071 5887 aequalem
1126 5827 1332 5876 sancta:
1384 5814 1674 5877 Trinitatis
1721 5816 2018 5882 Ροιθιιιὶθω

2127 4632 2397 4700 τριούσιες
2434 4637 2763 4704 φαντάζοιτο
2817 4639 2885 4692 ἂν
2943 4640 3138 4708 θεότης
3182 4644 3214 4713 ἤ
3263 4645 3414 4698 οὐσία
3453 4641 3650 4713 τρίθεος⁹

2130 4725 2226 4775 καὶ
2273 4723 2416 4777 οὓτω
2472 4728 2572 4798 μὲν
2602 4727 2783 4798 ὀρθῶς
2823 4729 3096 4785 διάκειται
3126 4736 3156 4804 ἡ
3189 4736 3410 4806 τοιαύτη
3455 4734 3536 4787 τοῦ
3558 4747 3652 4802 xpo-

2129 4817 2331 4887 παρῐου
2364 4817 2564 4876 ἔννοια.

2200 4989 2336 5062 σλη’.
2405 4993 2711 5049 Ἐπιϐαλεϊν
2753 4997 2811 5051 δὲ
2857 4999 3026 5053 εἰσέτι
3056 5001 3310 5056 κάλλιον·
3370 5001 3548 5071 σεμνὴν
3584 5013 3655 5048 πε-

2131 5084 2511 5153 ριαυτολογίαν
2560 5087 2588 5138 ὁ
2644 5088 2881 5159 μελῳδὸς
2929 5093 3165 5146 ἐνταῦθα
3212 5094 3452 5164 ἐκτίθησι
3499 5088 3652 5142 λανθά-

2128 5190 2325 5226 νουσαν
2377 5177 2682 5247 εὐμεθόδως
2724 5181 2814 5234 διὰ
2857 5190 3306 5256 κοινοποιήσεως.
3356 5180 3653 5256 Σεμννλογῶν

2127 5267 2243 5336 γὰρ
2274 5270 2399 5332 τοὺς
2437 5271 2534 5340 τὴν
2569 5271 2731 5339 ἁγίαν
2767 5273 2977 5343 Τριάδα
3004 5277 3348 5344 δοξάζοντας,
3386 5274 3653 5337 συνεισάγει

2130 5356 2348 5420 πάντως
2370 5361 2428 5413 έν
2446 5360 2526 5430 τῷ
2554 5363 2719 5432 κοινῷ
2745 5366 2837 5417 καὶ
2869 5367 3089 5433 ἑαυτὸν,
3115 5369 3191 5431 ὡς
3219 5371 3498 5440 ἐμμέτρως
3519 5363 3654 5429 αὐτὴν

2127 5449 2221 5502 καὶ
2253 5453 2556 5520 μεγαλείως
2584 5454 3036 5527 ὕμνολογήσαντα
3066 5462 3161 5513 καὶ
3191 5461 3330 5514 οὕτω
3369 5460 3647 5523 δοξάσαντα.

2127 5541 2294 5607 Λέγει
2333 5538 2426 5597 οὖν
2469 5545 2552 5600 ὃτι
2585 5547 2730 5611 ὅσοις
2778 5552 2836 5615 ἐξ
2873 5553 3030 5621 ημῶν
3061 5552 3322 5606 ἕπνευσεν
3349 5553 3492 5621 ἁγίου
3519 5544 3650 5603 [Ινεύ-

2132 5639 2338 5703 ματος“
2375 5637 2555 5707 χάρις,
2621 5640 2776 5693 αὐτοὶ
2840 5645 3060 5707 πάντως
3121 5646 3546 5718 λαμπρυνθέντες
3596 5637 3646 5704 τῇ

2127 5723 2355 5797 τοιαύτῃ
2382 5729 2564 5799 χάριτι
2596 5733 2690 5784 καὶ
2735 5732 2899 5797 ξένως
2947 5737 3326 5809 ἡλλοιωμένοι,
3372 5737 3458 5791 καὶ
3500 5734 3550 5786 τὸ
3573 5731 3648 5796 τῆς

2128 5815 2297 5885 ἁγίας
2337 5821 2566 5892 Τριάδος
2619 5824 3154 5900 ἰσοσθενὲςιείδὸτες,
3196 5831 3387 5887 ταυτὸν
3426 5832 3466 5884 δ’
3491 5823 3646 5883 εἰπεῖν.
