3822 6552
191 384 272 446 741
924 379 1008 440 IN
1053 378 1391 442 llYMNUM
1433 381 2080 448 PENTECOSTALEM
2130 384 2598 451 DAMASCENI.

3287 384 3393 448 742

173 497 458 568 ὲγνωκότε·,
489 493 558 557 ὡς
589 493 648 546 ὲν
675 493 754 564 τῷ
796 493 980 565 είρμῷ
1007 495 1108 564 τῆς
1138 495 1332 566 τρίτης
1370 493 1514 567 ᾠδῆς
1554 495 1708 566 δεδή-

1825 499 2062 567 ιοίειιιεε,
2114 501 2229 555 sive
2275 506 2694 570 cegnoscentes,
2730 505 2789 552 nt
2839 495 2894 550 in
2937 495 3200 553 carminis
3244 498 3393 553 tertii

173 591 312 642 λωται
329 605 341 618 ·
368 588 484 657 ἥτις
507 585 638 653 ἁγία
659 585 830 657 Τριάς
857 585 955 657 οὐχ
980 585 1170 648 ἁπλῶς
1196 588 1356 640 οὐσία
1380 588 1551 652 ἐστὶν,
1581 587 1704 641 οὐδὲ

172 680 330 743 ἁπλῶς
356 678 666 746 τρίφεγγυς,
702 676 839 731 ἀλλὰ
859 677 1003 732 κατά
1024 695 1147 732 τινα
1176 678 1388 748 τρίαξιν
1417 680 1709 749 ἐπιθέτων,

172 772 289 843 σοφὴ
315 771 599 842 τρίφεγγος
649 770 842 823 ούσία’
895 771 1051 824 αὐτοὶ
1083 772 1264 824 τοίνυν
1293 771 1434 824 οὕτω
1467 771 1714 843 λαμπροὶ

169 869 296 928 ὄντες
341 863 433 917 καὶ
485 864 550 916 τὰ
590 863 711 916 θεία
767 865 948 932 σοφοὶ,
985 863 1212 927 δεόντως
1242 865 1339 917 καὶ
1392 864 1710 935 δοξάζομεν.

172 957 336 1016 Καλῶς
363 956 414 1008 δὲ
459 956 566 1024 ἄρα
614 957 708 1010 καὶ
757 956 1092 1024 ἀποστολικῇ
1143 955 1372 1025 μεθόδῳ,
1415 956 1472 1007 ὲν
1522 957 1712 1026 Κυρίῳ

169 1050 409 1120 καυχᾶται
431 1049 458 1099 ὁ
482 1047 624 1112 θεῖος
646 1044 801 1110 οὗτος
825 1047 1064 1118 μελῳδὸς
1090 1046 1366 1112 πεποιθὼς
1388 1047 1674 1117 ἀληθεύειν
1691 1064 1706 1079 ⁸

168 1144 245 1195 καί
288 1158 346 1208 γε
394 1140 651 1210 ἀληθεύει
683 1140 818 1193 Θεοῦ
860 1141 1081 1212 χάριτι’
1148 1141 1251 1193 οὐκ
1299 1140 1608 1209 ἀπορητέον
1655 1140 1710 1193 δὲ

167 1235 262 1297 πῶς
297 1234 323 1285 ὁ
368 1234 601 1301 μελῳδὸς
636 1230 903 1302 ἠρκέσθη,
959 1232 1150 1286 οὐσίαν
1207 1230 1380 1286 εἰπὼν
1424 1231 1521 1302 τὴν
1571 1232 1712 1300 ὑπὲρ

165 1325 532 1379 πᾶσανούσίαν
577 1327 744 1392 ἁγίαν
793 1325 1002 1396 Τριάδα
1029 1341 1043 1356 ο
1098 1324 1214 1378 ἀλλ’
1243 1323 1576 1392 ἐνθυμητέον
1628 1326 1711 1376 ὅτι

165 1418 249 1471 κᾶν
277 1416 344 1488 μὴ
373 1416 699 1487 ὑπερούσιον
727 1417 908 1488 ῥητῶς
935 1414 1089 1470 εἶπεν
1121 1416 1312 1486 αὐτὴν,
1346 1415 1482 1469 ἀλλὰ
1511 1419 1712 1486 τρόπον

163 1511 297 1564 ἄλλον
340 1508 434 1580 τὴν
489 1509 662 1580 αὐτὴν
710 1510 924 1563 ἔννοιαν
973 1509 1352 1579 ύπεκρούσατο
1413 1508 1708 1577 ἀσφαλῶς·

163 1599 292 1653 οὐσία
347 1601 453 1671 γάρ
508 1601 648 1671 σοφὴ
698 1601 1016 1672 τρίφεγγος,
1053 1602 1088 1673 ὴ
1119 1601 1397 1671 ἁγιωτάτῃ
1452 1601 1587 1671 μόνη
1621 1601 1713 1654 καὶ

163 1693 388 1764 ἀνωτέρω
420 1695 626 1765 ὲρῤέθη
663 1695 858 1767 Τριάς.

162 1791 356 1845 tentiam
407 1800 528 1847 tuto
582 1791 950 1849 subiudicavit

162 1887 279 1939 dicta
298 1893 394 1938 est.

1811 607 1954 647 nexu
2010 599 2372 647 monstratum
2423 601 2555 658 est;
2587 605 2706 661 qua:
2755 599 2943 645 sancta
2990 588 3227 645 Trinitas
3281 606 3391 644 non

1811 686 2134 756 simpliciter
2161 687 2466 742 substantia
2503 693 2610 748 est,
2636 699 2735 740 nec
2762 685 3082 753 simpliciter
3109 684 3416 751 trilucens,

1811 779 1904 832 sed
1951 777 2105 848 juxta
2150 779 2441 848 quamdam
2489 779 2707 832 triaxim
2753 777 3144 846 epithetorum.
3172 777 3393 845 sapiens

1815 869 2067 924 trilucida
2104 871 2450 936 substantia;
2515 870 2612 940 ipsi
2652 869 2877 939 proinde
2912 869 2990 923 sic
3031 865 3300 936 fulgentes
3340 877 3395 921 et

1812 961 1866 1014 in
1901 960 2101 1016 divinis
2125 963 2399 1032 sapientes
2429 962 2578 1025 iacti,
2619 970 2676 1014 ut
2708 967 2942 1030 oportet,
2986 959 3149 1012 etiam
3191 958 3395 1026 gloriﬁ-

1812 1064 2023 1106 camus.
2063 1051 2298 1106 Pulchre
2325 1053 2544 1123 quidem
2581 1053 2748 1122 igitur
2781 1049 3080 1121 apostolica
3114 1049 3392 1113 methodo,

1813 1143 1866 1197 in
1893 1143 2122 1198 Domino
2139 1145 2401 1212 gloriatur
2421 1145 2640 1199 divinus
2670 1144 2759 1199 ille
2787 1143 3057 1207 melodus,
3090 1142 3142 1195 in
3167 1143 3397 1195 veritate

1813 1253 1872 1293 se
1907 1254 2026 1294 esse
2045 1241 2349 1296 conlidens.
2382 1241 2443 1316 Et
2469 1251 2614 1294 certe
2645 1240 2816 1308 gratia
2851 1239 2944 1292 Dei
2975 1252 3098 1290 vera
3128 1237 3393 1303 loquitur.

1813 1329 1930 1386 Non
1986 1340 2168 1386 autem
2224 1340 2307 1387 est
2360 1332 2743 1402 ambigendum
2808 1331 3083 1400 quomodo
3146 1329 3395 1383 melodus

1815 1429 2107 1479 contentus
2144 1424 2215 1478 sit
2266 1425 2867 1491 substantiamdieens,
2906 1424 3052 1479 illam
3082 1438 3204 1491 quae
3234 1437 3401 1490 super

1814 1528 2030 1568 omnem
2072 1515 2433 1570 substantiam
2478 1527 2580 1582 est,
2627 1527 2872 1570 sanctam
2915 1511 3395 1578 Trinitatem;sed

1814 1606 2224 1675 recogitandum
2279 1608 2423 1676 quod
2477 1609 2578 1662 etsi
2638 1623 2747 1661 non
2801 1607 2979 1661 verbis
3029 1606 3230 1660 dixerit
3274 1617 3392 1656 eam

1815 1698 2418 1767 supersubslantialem,
2446 1699 2554 1753 alio
2590 1700 2750 1753 modo
2781 1708 2960 1752 tamen
2993 1699 3238 1752 eamdem
3271 1710 3402 1749 sen-

1005 1808 1021 1848 :
1072 1791 1376 1848 substantia
1449 1806 1685 1861 namque
1727 1793 1973 1864 sapiens,
2007 1793 2291 1862 trilucida,
2319 1795 2456 1863 sola,
2481 1796 2830 1851 sanctissima
2868 1795 3109 1867 Trinitas
3147 1795 3399 1863 Superius

217 1974 330 2031 σλθ’.
362 1977 510 2046 Ὀρα
565 1975 623 2030 δὲ
669 1976 730 2031 τὸ
781 1976 1068 2043 ἐπνευσεν,
1121 1975 1450 2047 σεμνότερον
1499 1973 1560 2030 ὃν
1611 1975 1706 2029 τοῦ

1882 1976 2012 2033 259.
2039 1975 2171 2032 Vide
2193 1987 2373 2033 autem
2401 1977 2628 2032 verbum
2657 1978 2939 2042 ἔπνευσεν,
2964 1990 3022 2032 ut
3051 1980 3399 2049 praestantius

162 2074 297 2142 ῐφανε
326 2072 418 2125 καὶ
475 2069 686 2141 ἔλαμψε
718 2071 818 2125 καὶ
871 2071 1094 2125 πάντων
1123 2069 1238 2124 τῶν
1283 2068 1566 2133 τοιούτων,
1611 2071 1707 2123 καί⁸

163 2167 455 2235 οἰκειότερον
489 2163 569 2235 τῷ
595 2161 975 2233 ὲορταζομένῳ
1001 2161 1142 2233 ἁγίῳ
1170 2161 1451 2233 Πνεύματι
1471 2177 1486 2193 ·
1513 2159 1574 2215 οὗ
1611 2163 1710 2232 τὴν

161 2259 296 2328 χάριν
324 2257 622 2328 θεόρῤυτον
653 2255 716 2320 ἐξ
751 2255 926 2325 ὑγρᾶς
957 2254 1241 2309 κάνταῦθα
1270 2255 1481 2324 τροπῆς
1505 2252 1609 2325 ἔφη
1636 2254 1712 2315 ὡς

161 2354 234 2404 καὶ
258 2349 641 2421 ὀμϐρουμένην
674 2346 884 2404 ἄνωθεν
912 2349 1007 2402 ἐπὶ
1051 2347 1303 2418 ἀναψυχῇ
1339 2347 1450 2402 τῶν
1480 2345 1710 2410 πιστῶν,

161 2445 236 2496 καὶ
286 2442 595 2496 πλύνουσαν
647 2439 790 2512 ἁγίῳ
840 2457 902 2494 τε
960 2439 1302 2512 βαπτίσματι
1365 2439 1462 2494 καὶ
1505 2437 1714 2500 λοιποῖς

162 2537 299 2600 θείοις
338 2533 689 2605 καθαρσίοις,
719 2533 818 2587 καὶ
867 2531 1209 2602 ἀρδεύουσαν
1253 2529 1502 2594 αὔλακας
1543 2529 1712 2593 θείας,

162 2631 235 2682 καὶ
267 2628 542 2693 αὔξουσαν
573 2625 928 2698 πνευματικά
969 2629 1291 2698 σπέρματα,
1322 2627 1417 2678 καὶ
1445 2623 1718 2679 κατακλύ-

164 2706 326 2787 (suam:
349 2721 631 2793 ἁμαρτίας
653 2737 669 2753 ·
702 2723 800 2774 καὶ
825 2719 963 2783 ὅλως
981 2717 1190 2772 ἀνωθεν
1217 2716 1554 2787 ὲκχεομένην
1586 2732 1720 2785 προ-

162 2816 376 2887 φητικῶς
430 2815 523 2869 ἔπ’
580 2811 771 2882 ἀγαθῷ
799 2811 911 2866 τῶν
960 2809 1056 2864 τοῦ
1101 2807 1347 2864 τοιούτου
1405 2809 1720 2879 Πνεύματος

160 2910 297 2974 ἀξίων
320 2909 518 2980 ψυχῶν
541 2922 556 2936 ⁶
591 2906 855 2968 τοιούτοις
883 2903 940 2958 δὲ
978 2903 1162 2971 λόγοις
1187 2901 1328 2972 χυτὴ
1360 2900 1427 2955 ἂν
1461 2901 1546 2971 εἴη
1579 2901 1720 2954 am.

161 3003 231 3056 θεν
274 3000 664 3072 μεταφορικῶς
707 2999 743 3069 ἡ
807 2996 929 3049 θεία
986 2993 1341 3064 πνευματικὴ
1396 2993 1577 3063 χάρις,
1626 2997 1722 3048 καὶ

161 3093 376 3164 ὀμόρητὴ
412 3093 508 3145 καὶ
556 3090 716 3162 ρυτὴ,
747 3088 850 3159 ἤδη
897 3085 954 3140 δὲ
983 3085 1149 3158 ὑγρὸν
1180 3087 1420 3139 πνέουσα
1469 3099 1725 3154 πνευμα-

160 3185 316 3249 τικῶς,
343 3182 406 3236 ετ
430 3198 486 3234 τι
533 3183 642 3251 χρὴ
673 3177 769 3233 καὶ
815 3175 958 3230 οὕτω
989 3176 1196 3245 φράσαι
1245 3175 1545 3246 ἀρχαϊκῶς,
1578 3174 1724 3227 ὥστε

163 3273 432 3342 προσφυῶς
481 3270 542 3324 τὸ
575 3269 839 3322 ἐπνευσεν
871 3267 966 3319 ἐπὶ
993 3266 1118 3336 τῆς⁶
1144 3265 1440 3337 θεορρύτου
1493 3267 1722 3335 χάριτος

1814 2071 1994 2126 verbis
2029 2069 2195 2140 ἔφανε
2221 2082 2273 2126 et
2305 2071 2541 2141 ἔλαμψε,
2571 2080 2625 2125 et
2658 2072 2916 2127 omnibus
2946 2073 3238 2139 similibus,
3272 2089 3432 2129 con-.

1814 2163 2230 2233 venientiusque
2297 2163 2574 2218 celebrato
2657 2162 2884 2232 Spiritui
2946 2174 3168 2228 sancto;
3247 2167 3404 2236 Cujus

1813 2255 2042 2324 gratiam
2075 2270 2140 2308 ex
2176 2254 2520 2309 humiditatis
2557 2253 2729 2324 ﬁgura
2760 2253 3016 2310 ﬂuentem
3059 2272 3088 2310 a
3122 2257 3233 2312 Deo
3265 2257 3407 2312 dixit

1813 2351 2074 2414 tanquam
2159 2337 2386 2398 imbrem
2446 2343 2680 2412 desuper
2732 2353 3043 2397 manantem
3109 2358 3173 2398 ac
3221 2343 3406 2398 lideles

1818 2437 2256 2506 refrigerantem,
2316 2443 2619 2504 sanctoque
2685 2435 3009 2503 baptismate
3062 2450 3127 2490 ac
3189 2435 3403 2490 caateris

1817 2529 2014 2584 divinis
2038 2529 2511 2599 purilieationibus
2548 2527 2846 2590 lavantem,
2881 2538 2932 2581 et
2956 2526 3175 2580 divinos
3219 2525 3406 2583 sulcos

1818 2621 2156 2690 irrigantem,
2185 2631 2237 2674 et
2269 2619 2648 2690 spiritualibus
2681 2618 2988 2674 seminibus
3009 2618 3403 2673 incrementum

1820 2711 2061 2776 dantem,
2095 2721 2258 2781 atque
2289 2712 2484 2782 culpas
2512 2711 2854 2779 abluentem;
2889 2726 2998 2766 uno
3029 2711 3217 2778 verbo,
3246 2711 3406 2780 juxta

1823 2805 2139 2876 prophetica
2181 2805 2372 2868 verba,
2427 2803 2662 2860 effusum
2721 2806 2776 2860 in
2835 2806 3038 2859 bonum
3095 2799 3406 2862 animarum

1826 2896 2137 2963 huiusmodi
2163 2895 2402 2966 Spiritus
2429 2899 2603 2966 gratia
2634 2898 2948 2968 dignarum.
2979 2896 3203 2952 Talibus
3225 2909 3408 2954 autem

1825 2989 2131 3045 rationibus
2166 2990 2350 3044 divina
2382 2989 2619 3061 Spiritus
2644 2992 2816 3061 gratia
2851 2993 3222 3059 metaphorice
3255 2992 3410 3048 dice-

1825 3089 1916 3136 tur
1947 3083 2182 3152 desuper
2234 3082 2436 3147 l'usilis,
2471 3093 2640 3152 utque
2688 3084 2860 3138 imber
2905 3083 3079 3139 ﬂuens
3113 3092 3167 3139 et
3213 3086 3411 3140 decur-

1827 3189 1976 3239 rens,
2022 3175 2246 3246 jamque
2305 3176 2665 3246 spiritualiter
2719 3177 3006 3230 humidum
3065 3177 3302 3245 spirans,
3359 3180 3408 3234 si

1828 3275 2039 3336 Oportet
2077 3269 2148 3322 ita
2183 3282 2400 3336 quoque
2433 3268 2615 3335 prisco
2647 3283 2795 3322 more
2830 3267 3016 3339 loqui;
3050 3271 3121 3322 ita
3155 3280 3214 3323 ut
3246 3282 3408 3324 natu-

163 3333 344 3424 ti'nsv'é
383 3333 662 3440 μελῳδόςδ
705 3365 800 3420 καὶ
834 3364 1013 3427 ἄλλως
1054 3333 1116 3416 ’δὲ
1141 3361 1202 3416 τὸ
1240 3333 1389 3414 -αὺτὸ
1431 3333 1716 3429 σεμνύναι,

1827 3359 2014 3413 raliter
2039 3342 2102 3412 de
2131 3359 2304 3427 gratia
2331 3358 2596 3412 divinitus
2627 3368 2884 3412 manante
2923 3363 3145 3414 verbum
3175 3361 3410 3414 ἔπνευσε

163 3463 323 3534 ὥσπερ
350 3465 520 3532 ἕρπει
552 3461 688 3532 πρός
715 3475 838 3513 τινα
893 3459 955 3512 τὸ
999 3456 1224 3526 ἑρπτδν,
1276 3455 1372 3509 καὶ
1426 3453 1631 3525 βαδίζει
1659 3453 1718 3505 τὸ

165 3556 403 3622 ποδωτὸν,
433 3556 528 3609 καὶ
562 3551 990 3604 ὲπιπετάννυται
1021 3550 1082 3603 τὸ
1121 3548 1347 3618 πτηνὸν,
1379 3549 1471 3600 καὶ
1495 3546 1720 3616 νήχεται

165 3665 248 3700 που
275 3649 328 3700 τὸ
356 3648 579 3718 νηκτὺν,
612 3642 759 3697 οῦτω
789 3645 1006 3705 πάντως
1037 3642 1195 3695 πνέει
1244 3640 1339 3694 καὶ
1368 3640 1528 3709 ἀερία
1560 3639 1718 3708 πνοὴ,

163 3741 339 3808 φνεικὴ
394 3738 492 3807 μὲν
537 3736 701 3807 αῦτη,
731 3733 1264 3805 συμϐολογραφοῦσα
1313 3731 1371 3784 δὲ
1402 3733 1477 3794 ὼς
1505 3732 1608 3785 οὐκ
1655 3731 1720 3784 ἂν

163 3827 364 3898 ἀντείπῃ
394 3844 478 3890 τις
503 3826 566 3879 τδ
613 3826 771 3894 ἆγιον
801 3825 1051 3895 Πνεῦμα,
1084 3823 1113 3877 ὂ
1164 3823 1260 3876 καὶ
1287 3823 1354 3876 ἐκ
1381 3822 1477 3877 τοῦ
1531 3824 1717 3876 πνέειν

164 3921 241 3974 καὶ
264 3922 355 3993 τῆς
382 3920 505 3976 κατ’
536 3920 672 3975 αὐτὸ
699 3919 869 3991 πνοῆς
887 3919 1229 3990 ὠνόμασται.

221 4111 320 4175 σμ’.
353 4103 536 4176 Πνοὴν
566 4103 624 4158 δέ
656 4119 800 4174 φημι
850 4101 1109 4169 ενταῦθα,
1144 4100 1270 4156 οὔτε
1310 4100 1410 4172 τὴν
1454 4101 1721 4169 ἀπόγαιον

164 4200 300 4254 ὁποία
333 4201 507 4255 πολλά
540 4200 675 4270 περὶ
710 4199 860 4270 ἡμᾶς
892 4198 1151 4251 πνέουσιν
1182 4197 1432 4268 ἀήματα,
1465 4195 1589 4250 οὔτε
1621 4200 1722 4266 τὴν

165 4295 218 4347 ὲκ
243 4297 556 4360 καπνώδους
602 4293 803 4362 ἀτμοῦ,
851 4293 949 4347 καὶ
999 4290 1144 4346 οὕτω
1178 4289 1384 4361 ξηράν·
1434 4289 1570 4343 ἀλλὰ
1625 4290 1723 4361 τὴν

165 4387 240 4453 ἀφ’
267 4389 428 4458 ὕψους
476 4391 575 4442 καὶ
624 4387 785 4453 φύσει
819 4385 1048 4456 ἒνικμον
1092 4384 1192 4437 καὶ
1235 4382 1440 4453 ὑγράν·
1491 4383 1718 4453 τοιαύτη

167 4480 256 4546 γὰρ
287 4479 377 4534 νῦν
405 4478 736 4551 χρησιμεύει
782 4477 863 4546 τῷ
915 4474 1142 4548 μελῳδῷ
1181 4473 1483 4546 τροπικῶς,
1532 4474 1620 4528 ἵνα
1653 4473 1720 4527 δι’

167 4573 318 4636 αὐτῆς
361 4573 706 4642 φιλοσοφήσῃ
750 4569 1117 4638 θεολογικῶς·
1171 4567 1252 4621 διὸ
1292 4569 1389 4622 καὶ
1424 4568 1722 4637 δυνάμενος

166 4664 323 4716 εἰπεῖν
363 4663 508 4726 ὅσοις
543 4661 804 4714 έπνευσεν
836 4660 871 4731 ἢ
904 4659 1191 4713 θεόσλυτον
1241 4659 1403 4730 χάριν
1441 4658 1677 4728 ἔφρασεν
1698 4673 1712 4688 ⁸
1750 4671 1793 4726 n
1820 4676 1942 4718 cum
1961 4662 2140 4716 dicere
2160 4670 2340 4730 posset
2361 4679 2378 4716 :
2398 4660 2538 4724 ὅσοις
2557 4659 3414 4732 Envausevautéqpaoe(sugges-
3509 4738 3511 4740 η

165 4753 320 4820 γῆθεν
357 4755 465 4825 γὰρ
497 4754 560 4808 τὸ
599 4753 762 4825 βρύον
806 4755 900 4808 καὶ
947 4751 1008 4806 τὸ
1043 4752 1222 4821 βλύον,
1263 4755 1311 4805 εἰ
1345 4751 1443 4805 καὶ
1489 4751 1722 4818 γενικῶς

169 4847 288 4914 ῥυτά
314 4851 413 4901 είσι
435 4847 532 4900 καὶ
547 4847 712 4905 αὑτά.
738 4846 1034 4917 Προέκρινε
1055 4844 1112 4900 δὲ
1133 4846 1194 4898 τὸ
1220 4845 1512 4918 θεόρῤυτος
1535 4845 1716 4915 χάρις,

166 4939 244 4992 ἵνα
270 4941 331 4992 ὲκ
367 4939 460 4993 τοῦ
506 4939 734 4993 ἔπνευσε
760 4939 855 4993 καὶ
914 4939 977 4990 ἐκ
1026 4937 1122 4990 τοῦ
1181 4937 1472 5009 θεόρρυτος
1529 4937 1604 4999 ὡς
1657 4938 1721 4989 ὲκ

167 5031 569 5098 πνευματώδους
619 5029 854 5100 ἑνύγρου
907 5029 1107 5097 νέφους
1157 5027 1365 5099 ὑψηλοῦ
1424 5029 1722 5098 πορίσηται

164 5121 252 5173 καὶ
295 5122 639 5193 ἀστραπαίαν
685 5121 890 5176 ἔννοιαν
929 5121 1029 5190 τὴν
1075 5123 1132 5174 ὲν
1176 5123 1291 5184 τοῖς
1333 5120 1721 5190 πνευματικῶς

165 5210 520 5277 ἁστράπτουσι
550 5217 786 5276 πιστοῖς,
815 5213 912 5265 καὶ
955 5214 1136 5284 νόημα
1179 5212 1529 5283 λαμπηδόνος
1579 5213 1640 5265 τὸ
1665 5215 1722 5265 ὲν

165 5306 265 5364 τοῖς
299 5301 568 5372 λάμπουσι
622 5303 917 5375 μαθηταῖς,
952 5307 1130 5357 κοινὸν
1173 5304 1422 5376 ὑπάρχον
1456 5304 1586 5358 αὐτὸ
1630 5307 1725 5360 καὶ

167 5395 432 5467 ἀστραπῆς
463 5398 794 5468 λαμπούσης
823 5399 918 5450 καὶ
949 5397 1250 5470 ὑγρότητος
1276 5398 1565 5469 ὀμϐρηρᾶς
1589 5401 1725 5452 ἀπο-

166 5485 450 5556 πλυνούσης
476 5491 571 5541 καὶ
603 5487 982 5557 λευκανούσης
1013 5490 1106 5541 καὶ
1131 5489 1392 5559 ποιούσης
1415 5491 1556 5545 οὕτω
1588 5491 1727 5560 λάμ-

168 5590 318 5625 πεινο
354 5578 440 5629 καὶ
468 5577 672 5631 κείσθω
700 5577 796 5630 καὶ
830 5579 862 5647 ὴ
895 5578 1120 5648 τοιαύτη
1156 5579 1350 5648 σκέψις
1386 5581 1480 5633 ἐπὶ
1517 5582 1727 5651 σεμνὼ-

171 5681 292 5727 ματι
315 5666 400 5720 τοῦ
423 5668 654 5724 ἔπνευσε
671 5672 766 5724 καὶ
784 5669 911 5740 ἑξῆς
931 5685 946 5700 ⁸
980 5670 1110 5724 ἔνθα
1135 5661 1347 5735 ἑννοίας
1367 5675 1725 5744 παρέφρασεν

166 5755 222 5815 ἃς
273 5759 472 5824 φθάσας
529 5761 640 5816 ἀπὸ
696 5762 954 5816 τοιούτων
1011 5764 1337 5834 μεταφορῶν
1388 5765 1726 5836 ἐμελῴδησε,

169 5847 325 5912 δεξιδς
355 5851 422 5908 ὢν
447 5854 590 5909 οὕτω
634 5854 1008 5910 ποικίλλεσθαι
1043 5860 1378 5928 μεταφοραῖς
1415 5858 1508 5912 καὶ
1541 5875 1727 5928 παραυ

1822 3449 2024 3509 dixerit
2062 3453 2352 3519 melodus;
2399 3453 2490 3508 sed
2537 3461 2595 3506 ut
2638 3453 2792 3506 aliter
2834 3454 2977 3508 idem
3029 3454 3408 3523 honestemns,

1822 3546 2283 3616 quemadmodum
2316 3547 2383 3600 ad
2414 3547 2596 3616 aliqua
2650 3547 2790 3616 repit
2823 3562 3042 3615 repens,
3075 3556 3130 3602 et
3163 3550 3412 3617 graditur

1835 3637 2093 3707 pedestre
2126 3647 2179 3692 et
2211 3638 2359 3692 volat
2396 3647 2718 3707 pennatum,
2755 3649 2809 3694 et
2843 3650 2988 3693 natat
3021 3641 3264 3705 natatile,
3328 3642 3412 3695 sic

1823 3746 2050 3801 prorsus
2101 3731 2272 3802 spirat
2307 3731 2452 3785 aeria
2484 3732 2734 3800 spiratio,
2776 3747 2896 3803 qua:
2934 3734 3150 3802 quidem
3187 3735 3413 3804 physica

1823 3831 1928 3887 est,
1963 3824 2057 3877 sed
2084 3822 2409 3897 symbolice,
2443 3823 2585 3878 sicut
2616 3838 2775 3878 nemo
2807 3825 3182 3880 contradicere
3209 3836 3410 3895 potest,

1821 3913 2030 3984 emugit
2088 3913 2354 3986 Spiritum
2398 3925 2668 3982 sanctum,
2721 3916 2812 3986 qui
2867 3933 2932 3971 ex
2981 3918 3195 3988 spirare
3244 3927 3298 3974 et
3344 3935 3412 3975 ex

1824 4008 1996 4076 ipsius
2027 4009 2266 4062 derivata
2305 4009 2600 4078 spiratione
2630 4025 2827 4064 nomen
2865 4010 3046 4066 habet.

1896 4100 2029 4155 240.
2091 4099 2464 4169 Spirationem
2519 4113 2699 4155 autem
2752 4103 2838 4156 hic
2865 4103 3008 4167 dico,
3066 4120 3174 4158 non
3237 4115 3412 4162 terre-

1827 4204 2023 4261 strem,
2091 4193 2326 4262 qualiter
2363 4194 2530 4248 multa
2567 4195 2711 4248 circa
2764 4210 2863 4250 nos
2898 4196 3110 4264 spirant
3168 4196 3409 4262 ﬂamina,

1825 4300 1925 4341 nec
1947 4287 2094 4340 illam
2114 4301 2179 4340 ex
2199 4286 2547 4340 exhalatione
2564 4285 2698 4339 fumi
2723 4286 2884 4340 simili
2908 4296 3222 4356 surgentem
3246 4300 3300 4344 et
3327 4290 3408 4346 sic
3483 4291 3488 4295 ⁴
3550 4343 3566 4353 ,

1826 4377 2037 4432 aridam
2057 4375 2174 4432 :sed
2200 4377 2344 4430 illam
2369 4391 2492 4443 qius
2513 4377 2658 4431 venit
2679 4377 2747 4430 ab
2765 4377 2873 4432 alto
2896 4387 3204 4448 naturaque
3224 4379 3409 4435 humi.

1826 4471 1894 4528 da
1920 4483 2083 4544 atque
2104 4473 2318 4529 madida
2339 4473 2599 4530 est.Talis
2627 4491 2770 4531 nunc
2789 4475 2935 4531 enim
2962 4477 3173 4546 tropice
3191 4477 3412 4531 melodo

1826 4567 2087 4634 deservit,
2112 4576 2169 4622 ut
2185 4583 2280 4637 per
2301 4568 2480 4647 ipsam
2496 4566 2800 4638 theologica
2822 4567 3261 4637 philosophetur.
3284 4567 3410 4622 ldeo

1826 4753 1919 4822 sit)
1945 4753 2228 4806 θεόϐλυτον
2248 4754 2480 4824 gratiam
2506 4769 2519 4806 :
2547 4753 2611 4807 de
2650 4764 2793 4808 terra
2838 4770 3072 4824 namque
3096 4764 3225 4808 sunt
3245 4755 3411 4825 βρύον

1827 4851 1882 4899 et
1902 4844 2084 4914 βλύον,
2101 4845 2231 4900 licet
2250 4845 2302 4898 in
2322 4860 2522 4913 genere
2543 4845 2651 4899 sint
2669 4845 2785 4916 ipsa
2813 4845 3060 4917 (ﬂuenta)
3091 4847 3228 4917 ῥυτά
3252 4865 3266 4912 ;
3294 4861 3408 4900 ma-

1822 4931 1926 4986 luit
1947 4942 2128 4988 tamen
2150 4934 2254 4989 hoc
2279 4950 2294 4988 :
2319 4933 2616 5007 θεόρρυτος
2646 4937 2829 5006 χάρις,
2849 4947 2907 4991 ut
2926 4953 2993 4992 ex
3018 4939 3184 4992 verbo
3216 4937 3410 4991 ἔπνευ-

1828 5041 1919 5079 σεν
1934 5035 1988 5080 et
2003 5024 2272 5095 adjective
2290 5026 2605 5098 θεόρρυτος,
2631 5014 2890 5097 tanquam
2915 5043 2980 5083 ex
3003 5029 3225 5084 humido
3242 5037 3295 5084 et
3313 5046 3411 5084 ex-

1830 5117 1977 5173 celso
2014 5126 2068 5172 et
2085 5117 2443 5187 spirituformi
2464 5119 2684 5180 nebulo,
2705 5120 2996 5176 deduceret
3031 5120 3260 5190 fulguris
3285 5137 3410 5176 sen-

1833 5211 2082 5275 tentiam,
2115 5212 2167 5264 in
2197 5211 2446 5267 ﬁdelibus
2509 5213 2603 5282 qni
2655 5212 2973 5282 spiritaliter
3009 5213 3306 5283 fulgurant,
3356 5221 3410 5268 et

1832 5304 2148 5372 splendoris
2190 5305 2512 5375 cogitatum,
2568 5309 2623 5359 in
2719 5305 3002 5376 diseipulis
3075 5303 3411 5375 splendenti-

1832 5395 1955 5461 bus,
2009 5410 2135 5450 cum
2209 5395 2278 5450 sit
2334 5395 2439 5452 hoc
2507 5411 2799 5452 commune
2855 5396 3047 5464 fulguri
3103 5393 3302 5449 lueenti
3357 5401 3411 5450 et

1832 5487 2143 5542 humiditati
2203 5487 2462 5557 pluviosas
2528 5505 2650 5558 quae
2709 5491 2853 5543 lavat
2883 5497 2937 5543 et
2964 5487 3180 5541 tlealbat
3237 5497 3292 5541 et
3333 5487 3406 5540 ita

1833 5581 2016 5637 lucere
2049 5581 2200 5637 facit.
2257 5581 2326 5637 Et
2362 5583 2457 5638 .ita
2504 5583 2686 5650 jar-eat
2719 5582 2840 5635 talis
2868 5581 3148 5649 inquisitio
3178 5579 3246 5634 de
3274 5594 3407 5634 con-

1835 5674 2104 5727 venientia
2153 5673 2300 5728 verbi
2360 5667 2618 5726 ἐπνευσέν
2675 5681 2725 5726 et
2768 5670 3138 5739 sequentium.
3169 5669 3244 5724 lbi
3279 5683 3407 5724 sen-

1834 5765 2035 5819 tentias
2068 5765 2496 5822 eircumlocutus
2551 5774 2635 5820 est
2689 5779 2824 5833 quas
2857 5762 3228 5832 praecede-nter
3280 5764 3407 5816 abs-

1833 5873 1939 5928 que
1973 5857 2458 5915 circumlocutione
2484 5857 2679 5914 cecinit
2706 5872 2722 5924 ;
2770 5856 2945 5910 solers
2978 5855 3050 5909 ita
3085 5855 3406 5910 varietatem
