3822 6548
210 366 305 429 745
339 451 342 454 ,

956 371 1042 431 IN
1107 367 1449 436 HYMNUM
1491 377 2152 443 PENTECOSTALEM
2193 385 2648 452 DAMASCENI.

3325 409 3430 473 7ίῦ

205 482 295 551 μὲν
325 475 428 550 ἔσω
455 477 660 549 ταύτης
689 482 786 533 καὶ
816 480 1072 554 μέτοχος,
1099 485 1232 556 ἡδὺς
1270 487 1355 540 ὅτι
1393 488 1539 557 μάλα
1564 502 1582 520 ⁸
1613 490 1641 543 ὸ
1697 488 1724 543 δ

1858 505 2006 562 ceps,
2048 509 2210 564 quam
2245 499 2482 555 maxime
2522 501 2800 568 iucundus
2835 518 2949 576 est;
2981 515 3075 581 qui
3132 530 3263 572 vero
3295 520 3427 577 boni

199 570 283 624 τοῦ
313 569 472 623 καλοῦ
501 568 783 632 ξκπτωτος
806 572 984 639 τοῦδε,
1015 575 1169 630 οὐδέν
1201 593 1255 630 τι
1281 577 1526 642 τοιοῦτος
1552 579 1706 633 δοκεῖ
1729 595 1745 613 ο

199 660 266 722 ὡς
285 661 310 713 ό
335 659 527 730 ἄχαρις
551 659 644 712 καὶ
679 661 707 714 ὁ
744 662 1104 736 ἀχαρίστερος
1135 665 1336 738 δόρπος
1365 669 1399 739 ἢ
1425 669 1584 738 λόγος
1605 686 1622 706 ο
1651 670 1747 724 καὶ

199 750 618 820 τὸάχαρῑστατον
645 753 817 824 ἧγουν
844 755 1177 824 ἀηδέστατον
1228 761 1324 815 καὶ
1369 761 1512 815 πάνυ
1551 760 1741 832 ἄχαρι,

200 838 281 892 καὶ
307 839 534 907 μάλιστα
563 841 592 892 ό
619 839 898 909 ἐπάρατος
924 842 1242 913 ἀχάριστος.
1273 845 1397 900 Ὀτι
1421 847 1479 900 δὲ
1507 849 1606 901 καὶ
1629 851 1747 904 ἐτέ-

202 947 307 1001 ραις
336 929 566 999 ὑψηλαῖς
598 931 858 1003 ἐφίλησεν
884 934 912 985 ὁ
961 935 1200 1004 μελῳδὸς
1251 939 1600 1004 ἐγκροαίνειν
1649 941 1745 995 λέ-

197 1022 296 1086 ξεσι
315 1021 451 1091 λόγῳ
477 1022 768 1093 ἐπιμονῆς,
799 1025 1131 1095 εὐχρήστοις
1168 1027 1258 1080 καὶ
1284 1027 1518 1099 ὑψηλαῖς
1554 1031 1604 1083 εἰ
1634 1032 1742 1086 καὶ

200 1114 416 1184 μὴκατὰ
449 1116 552 1178 τὰς
592 1117 893 1188 εἰρημένας
925 1119 1101 1184 λέξεις
1149 1121 1252 1192 τὴν
1304 1123 1469 1192 χάριν
1498 1127 1596 1180 καὶ
1641 1127 1744 1190 τὰς

199 1210 252 1260 ἐκ
272 1204 358 1258 τοῦ
411 1206 608 1274 φωτὸς,
639 1206 737 1261 καλ⁵
782 1209 894 1263 τῶν
922 1211 1048 1264 κατ’
1075 1213 1230 1279 αὐτὸ,
1264 1217 1298 1280 ἡ
1354 1218 1588 1288 περιοχὴ
1645 1219 1741 1272 τοῦ

195 1302 396 1363 κανόνος
426 1299 580 1370 δηλοῖ
600 1304 716 1366 τοίς
743 1303 1202 1376 περιερχομένοις
1232 1306 1420 1363 αὐτόν.

252 1477 381 1548 σμδ’.
417 1479 582 1535 Ἀλλὰ
603 1480 716 1553 γὰρ
739 1483 798 1547 ἐς
818 1484 1073 1541 τοσοῦτον
1099 1491 1432 1561 συμμέτρως
1455 1490 1555 1562 τὴν
1577 1494 1738 1562 χάριν

190 1571 695 1641 περιεργασάμενοι,
729 1577 826 1630 καὶ
875 1576 1170 1648 εὐξάμενοι
1204 1581 1285 1647 τῷ
1333 1579 1452 1650 Θεῷ
1486 1582 1562 1652 μὴ
1593 1583 1738 1636 άποο

191 1665 379 1735 despair
402 1665 555 1734 ἡμᾶς
577 1665 772 1735 αὐτῆς,
808 1668 1044 1740 λέγομεν
1074 1671 1170 1724 καὶ
1205 1671 1291 1725 ὅτι
1331 1672 1394 1726 τὸ
1423 1674 1737 1745 λάμποντες

189 1758 574 1828 ἀστράπτοντες
604 1760 965 1831 ὴλλοιωμένοι
1008 1764 1318 1830 άσυνδέτως
1366 1767 1732 1838 προαχθέντα,

187 1849 377 1920 γοργῶς
406 1853 504 1909 καὶ
539 1851 787 1920 γλυκέως
819 1856 1164 1926 πέφρασται·
1200 1860 1266 1928 τῇ
1299 1863 1650 1931 πνευματικῇ
1677 1861 1734 1914 δέ
1767 1844 1810 1902 Β

186 1943 447 2016 φωσφορία
472 1945 756 2000 ώκείωται
789 1948 1015 2013 πάντως
1041 1952 1139 2006 καὶ
1168 1952 1230 2005 τὸ
1264 1951 1508 2019 λάμπειν
1534 1954 1631 2009 καὶ
1671 1956 1732 2009 τὸ

185 2037 523 2107 ἀστράπτειν.
549 2039 708 2093 Ἐστι
746 2041 804 2094 δέ
827 2043 1038 2097 τούτων
1081 2044 1145 2098 τὸ
1175 2046 1276 2115 μὲν
1318 2046 1510 2116 ἐφετὸν
1542 2047 1729 2117 φύσει,

183 2129 232 2182 τὺ
261 2129 303 2183 δ’
331 2132 391 2184 οὐ
425 2132 677 2186 τοιοῦτον
707 2150 722 2164 ·
772 2134 855 2189 διὸ
904 2135 1091 2207 ίλαρδν
1122 2137 1223 2207 μὲν
1255 2139 1289 2208 ἡ
1323 2138 1608 2208 λαμπρὰς,
1644 2140 1732 2195 διὰ

182 2221 231 2274 τὺ
259 2223 370 2275 κατ’
399 2222 578 2294 αὐτὴν
606 2225 783 2293 γλυκὺ
818 2227 938 2305 φώς
964 2243 978 2256 ·
1017 2229 1245 2297 φρικτὸν
1282 2230 1343 2283 δὲ
1377 2229 1455 2294 ὡς
1504 2231 1728 2301 πυρόεν,

184 2311 212 2380 ἡ
241 2313 479 2382 ἀστραπή
511 2331 527 2346 ·
563 2317 710 2384 άπερ
740 2317 835 2369 καὶ
863 2318 956 2369 ἐπὶ
981 2317 1075 2370 τοῦ
1106 2316 1240 2370 Θεοῦ
1262 2317 1510 2383 νοοῦντες
1541 2321 1728 2389 ἡμεῖς,

184 2405 320 2472 εἴπερ
346 2405 704 2472 φρονοῦντες,
733 2406 829 2460 καὶ
861 2406 1096 2477 φοϐερὸν
1129 2407 1232 2478 μὲν
1263 2402 1409 2460 εἶναι
1456 2405 1548 2460 τὸν
1594 2407 1731 2459 Θεὸν

182 2492 522 2564 λογιζόμενοι,
559 2497 658 2550 καὶ
685 2491 798 2554 οἷον
857 2497 934 2566 μὴ
971 2496 1296 2568 ἐξευρήσειν
1329 2497 1424 2552 τὸν
1475 2499 1729 2568 ἀντιστη-

184 2588 383 2656 σόμενον
410 2591 482 2659 τῇ
511 2590 705 2659 δικαίᾳ
735 2589 902 2644 αὑτοῦ
942 2590 1104 2660 ὀργῇ,
1137 2591 1312 2654 ἄλλως
1337 2590 1394 2644 δὲ
1421 2592 1517 2644 καὶ
1544 2590 1731 2660 φιλαν-

180 2677 507 2747 θρωπότατον
536 2679 702 2733 αὑτὸν
730 2673 878 2733 εῖναι
905 2681 1313 2751 συννοούμενοι,
1355 2679 1730 2751 φυλαξώμεθα

181 2773 302 2841 ἡμᾶς
330 2773 534 2838 αὐτοὺς
564 2774 638 2838 ὡς
685 2776 719 2846 ἢ
757 2775 832 2846 μὴ
869 2774 1210 2846 ἁμαρτάνειν
1233 2775 1728 2847 ἀπαρακαλύπτως

182 2861 302 2915 οὓτω
346 2863 444 2916 καὶ
494 2863 799 2933 ἀλογίστως
845 2866 940 2919 ἐπὶ
977 2864 1318 2937 κληρονομίᾳ
1363 2862 1641 2934 δαίμονος,
1695 2863 1728 2934 ἢ

181 2955 294 3009 ἀλλὰ
347 2957 443 3010 καὶ
490 2957 883 3028 ἡμαρτηκότες
928 2957 1067 3028 ταχὺ
1131 2954 1590 3027 ἐπιστρέφεσθαι,
1628 2957 1728 3026 τὴν

179 3047 328 3117 καλὴν
373 3047 768 3111 άλλοιωθέντες
801 3048 1116 3113 ἀλλοίωσιν,
1147 3044 1215 3122 ἦς
1266 3046 1506 3102 ἐνταῦθα
1560 3049 1729 3118 ἐμνή-

181 3137 264 3208 σθη
281 3138 311 3192 ό
327 3138 569 3210 μελῳδὸς
593 3138 950 3209 παρελκύσας
971 3138 1142 3208 αὐτὴν
1165 3139 1231 3193 ἐκ
1250 3137 1361 3192 τῶν
1380 3137 1483 3209 τῆς
1505 3138 1725 3209 ἑορτῆς.

235 3346 362 3411 σμε’.
393 3339 564 3394 Ἐστι
597 3338 706 3410 γὰρ
740 3337 936 3410 νοῆσαι
970 3339 1142 3410 ἡμᾶς,
1173 3339 1256 3393 ὅτι
1292 3337 1392 3408 τὴν
1425 3339 1567 3394 κατὰ
1597 3341 1720 3396 νοῦν

179 3432 352 3502 λάμψιν
383 3433 484 3487 καὶ
507 3433 608 3504 τὴν
633 3431 928 3502 ἀστραπὴν
967 3431 1063 3486 καὶ
1089 3431 1188 3502 τὴν
1220 3431 1478 3501 εὐπρεπῆ
1503 3433 1724 3488 ὀθνείαν

177 3524 457 3590 ἀλλοίωσιν,
487 3524 557 3594 ἢν
585 3523 966 3594 παραγγέλλει
999 3525 1028 3576 ὁ
1062 3523 1227 3592 σοφὸς
1253 3522 1412 3586 οὗτος
1441 3523 1718 3590 ἐποποιὸς,

178 3615 253 3666 καὶ
279 3615 717 3686 ἐπιμάρτυρεται
759 3615 897 3684 ἡμῖν
927 3613 1004 3676 ὡς
1054 3613 1386 3684 λατρευταῖς
1422 3614 1524 3684 τῆς
1558 3616 1721 3684 ἁγίας

177 3705 402 3774 Τριάδος,
432 3707 544 3769 τοῖς
579 3703 847 3777 μαθηταῖς
872 3703 1113 3775 πρώτοις
1143 3706 1504 3780 ἐνεθεώρησε.
1526 3709 1590 3762 Τί
1612 3709 1719 3780 γὰρ

174 3794 401 3849 ἀπαίσιον
425 3793 809 3867 ῆἻιπόφημον
839 3797 872 3866 ἢ
905 3797 1270 3853 ἀνακόλουθον
1305 3802 1372 3870 τῇ
1407 3802 1595 3872 ἑορτῇ,
1625 3801 1722 3854 καὶ

174 3890 398 3961 τοιαύτην
423 3890 586 3960 χάριν
615 3889 826 3944 ἄνωθεν
851 3891 1175 3962 πεμφθῆναι
1209 3895 1325 3956 τοῖς
1363 3892 1719 3966 θεοκήρυξιν,

175 3978 247 4032 ἵνα
268 3980 358 4034 τοῦ
386 3981 738 4052 περιέχοντος
779 3981 1138 4052 λαμπομένου
1173 3987 1410 4054 πυρσαῖς
1445 3985 1719 4054 γλώσσαις

172 4072 251 4125 καὶ
275 4077 342 4144 τῇ
373 4073 584 4128 ἐκεῖθεν
617 4073 905 4145 φανότητι,
935 4076 1119 4130 καὶτὰ
1145 4076 1428 4147 μαθητικά
1449 4079 1718 4148 πρόσωπα

173 4168 290 4235 φωτὶ
315 4166 644 4237 λάμποιντο,
681 4169 775 4222 καὶ
795 4167 949 4222 θείαν
973 4168 1145 4234 οὕτως
1173 4170 1462 4224 πλουτοίεν
1491 4170 1719 4224 ἀλλοίω-

172 4275 272 4322 etv;
303 4261 363 4314 οὐ
398 4264 506 4334 γὰρ
536 4262 604 4316 ἂν
633 4260 777 4315 εἴποι
812 4278 894 4325 τις
925 4262 1158 4333 πρέπειν
1182 4263 1276 4316 τὸν
1305 4263 1408 4334 μὲν
1436 4265 1556 4318 ἐκεί
1579 4265 1718 4333 ἀέρα

171 4350 482 4423 λάμπεσθαι,
507 4355 850 4419 κατενώπιον
873 4356 931 4410 δὲ
963 4355 1061 4420 τοῦ
1083 4355 1222 4410 Θεοῦ
1257 4356 1578 4411 ἀποστόλων
1627 4356 1718 4421 ζό-

171 4461 254 4512 φον
277 4445 427 4514 εἶναι,
455 4447 532 4511 ὼς
560 4447 720 4506 νυκτὶ
746 4449 986 4504 ἐοικέναι
1016 4449 1168 4519 σφίσι
1204 4450 1273 4504 τὰ
1299 4449 1526 4505 ὑπώπια
1550 4449 1716 4522 ὥχρῳ

173 4535 466 4610 βεϐαμμένα
494 4541 576 4610 τῷ
622 4542 688 4594 ἐκ
719 4527 889 4610 φόϐου
942 4541 1038 4596 καὶ
1089 4543 1377 4613 συστολῆς,
1425 4541 1522 4597 τοῦ
1579 4545 1716 4615 πρὸς
1747 4562 1793 4618 ι)

172 4630 340 4695 κάλλος
365 4632 687 4702 ἐρεύθοντος
718 4634 951 4705 αἵματος
977 4651 994 4667 ο
1024 4635 1058 4707 ἢ
1089 4637 1332 4706 Μωῡσῆς
1365 4637 1467 4707 μὲν
1514 4635 1714 4706 ὑπερε·

169 4721 375 4796 δοξάσθη
403 4727 466 4779 τὸ
501 4727 799 4795 πρόσωπον
826 4722 896 4797 ἦν
919 4727 1008 4780 ὅτε
1042 4728 1108 4780 ἐκ
1134 4725 1271 4784 Θεοῦ
1298 4727 1446 4781 καθά
1476 4729 1710 4799 πρέπον,

153 4784 210 4890 ἰοί
231 4784 284 4867 δὲ
307 4784 677 4885 μάθηταὶόὑκ
703 4784 1012 4888 ἧσαείάξιοι
1049 4818 1203 4888 καλῷ
1251 4819 1484 4890 τοιούτῳ
1512 4784 1714 4890 ἐλλάμ-

149 4878 380 4978 Ϊψασθαη
413 4878 510 4964 καὶ
552 4878 740 4982 τυχεῖν
767 4878 1052 4981 ὁμαδικῶς
1083 4878 1297 4980 ἀγαθοῦ
1326 4878 1516 4966 ὁποίου
1545 4915 1607 4966 ἐν
1636 4878 1712 4984 τῷ

149 4989 338 5071 ’θαδὼρ
362 5003 746 5074 ἐπειράθησαν
786 5006 937 5076 τρεῖς
967 5006 1166 5059 ἐκεῖνοι
1203 5004 1486 5058 ἐπίλεκτοι
1533 5007 1714 5076 μαθη-

168 5091 265 5157 ταὶ,
289 5093 374 5159 οὓς
394 5099 487 5150 καὶ
509 5097 712 5159 αὐτοὺς
744 5098 773 5150 ό
800 5095 896 5150 νῦν
916 5097 1279 5160 άποστολικὸς
1309 5097 1560 5168 περιέχει
1588 5099 1714 5152 σύλ-

169 5180 324 5251 λογος,
369 5189 659 5260 χαίροντας
716 5189 937 5251 πάντως
980 5190 1064 5244 ὅτι
1121 5189 1183 5242 τὸ
1219 5190 1432 5245 ίδιάσαν
1478 5190 1588 5261 πρὸ
1615 5191 1711 5245 τοῦ

169 5275 347 5340 πάθους
381 5279 545 5333 καλὸν
577 5279 637 5332 τὸ
661 5280 902 5350 άρῤητον
942 5281 1125 5334 ἐκεῖνο
1155 5280 1292 5349 φῶς,
1321 5281 1708 5334 ἐκοινώσαντο

166 5367 272 5430 (ipsi
296 5369 490 5433 πάντες
517 5369 823 5438 ἁδελφικῶς
861 5369 950 5424 διὰ
995 5371 1092 5424 τοῦ
1155 5371 1312 5440 ἁγίου
1361 5371 1700 5441 Πνεύματος,

169 5452 233 5514 ὡς
256 5459 379 5512 αὐτὸ
407 5460 778 5531 ἐπεμέτρησε.

230 5548 366 5617 σμς’.
397 5552 489 5606 Διὸ
515 5553 632 5607 ἐστι
681 5554 875 5624 νοῆσαι
905 5555 1001 5608 καὶ
1051 5555 1230 5608 εἰπεῖν
1289 5554 1492 5626 ὀρθῶς,
1543 5555 1619 5619 ὡς
1653 5557 1704 5609 οἱ

168 5633 444 5707 λάμποντες
491 5645 634 5698 οῦτω
680 5647 775 5698 καὶ
827 5646 1234 5716 ἀστράπτοντες
1285 5648 1374 5701 διὰ
1422 5649 1484 5701 τὸ
1519 5648 1706 5702 θεόθεν

168 5723 453 5794 ὶάιλπεσθαι
503 5737 601 5790 καὶ
654 5737 1105 5806 άστράπτεσθαι,
1164 5741 1260 5792 καὶ
1312 5740 1573 5810 πυρίναις
1643 5741 1704 5795 δὲ

171 5818 410 5890 γλώσσαις
437 5829 747 5899 ψαυόμεναι
779 5830 1171 5900 θιγγανούσαις
1197 5827 1310 5886 οἶον
1334 5834 1433 5906 τῆς
1459 5833 1695 5893 ἑκάστου

474 5925 740 5988 Partum.
789 5928 908 5989 Gn.
952 5925 1281 5991 CXXXVI.

1853 581 2001 640 illius
2032 592 2120 640 est
2142 601 2359 657 expers,
2393 590 2527 646 nihil
2565 594 2687 650 talis
2714 611 2836 652 esse
2863 601 3124 672 videtur;
3181 611 3347 668 veluti
3401 618 3427 670 ό
3455 601 3466 618 ’

1847 673 2044 746 ἄχαρις
2107 681 2216 734 θιό
2266 682 2631 757 ἀχαρίστερος
2683 687 2886 760 δόρπος
2953 695 3068 750 sive
3121 699 3304 771 λόγος,
3349 717 3426 770 et,

1849 768 1902 822 id
1935 770 2082 838 quod
2147 772 2578 842 ingratissitnum
2635 798 2730 836 seu
2794 768 3311 855 injucundissimum
3368 809 3424 855 et

1849 875 2078 928 prorsus
2109 864 2375 922 insulsum
2431 881 2537 935 est,
2588 882 2642 926 et
2708 880 3006 942 praesertim
3058 882 3430 956 detestabilis,‘

1849 950 2122 1018 ingratus.
2175 952 2330 1021 Quod
2388 968 2567 1015 autem
2597 964 2757 1019 etiam
2790 967 2916 1025 aliis
2939 974 3168 1030 excelsis
3233 976 3426 1034 dictio-

1848 1041 2012 1097 nibus
2091 1048 2294 1102 amavit
2367 1065 2491 1106 cum
2573 1065 2976 1126 perseverantia
3039 1075 3197 1134 poeta
3254 1071 3421 1142 lyram

1846 1148 2149 1201 percutere,
2177 1146 2231 1193 et
2262 1140 2308 1196 sl
2354 1157 2462 1198 non
2495 1152 2795 1206 secundum
2825 1155 2926 1210 has
2970 1157 3150 1216 dictas
3184 1140 3423 1218 locutio-

1846 1242 1964 1291 nes,

1842 1421 2086 1468 mentum
2118 1420 2358 1474 ostendit
2394 1429 2845 1491 percurrentibus
2877 1432 3030 1490 illud.

1910 1505 2036 1561 2M.
2071 1508 2139 1561 At
2166 1523 2295 1565 vero
2333 1513 2414 1566 sic
2463 1515 2527 1570 de
2566 1521 2742 1587 gratia
2816 1523 3153 1582 sullicienter
3221 1530 3416 1586 habllt)

1839 1610 2111 1666 sermone,
2145 1599 2339 1666 Deum,
2368 1621 2434 1661 ne
2464 1622 2562 1662 nos
2592 1611 2744 1666 orbet
2778 1615 2893 1680 illa,
2947 1617 3244 1688 deprecati,
3277 1625 3414 1680 dici-

1839 1704 1961 1744 mus
1991 1695 2133 1762 quod
2167 1696 2330 1750 verba
2356 1697 2690 1769 λάμποντες,
2714 1709 3146 1780 ἀστράπτοντες,
3181 1716 3410 1784 ἠλλοιω-

1841 1782 2013 1852 μένοι,
2041 1786 2161 1842 sine
2185 1792 2568 1850 coniunctione
2600 1799 2808 1865 prolata
2840 1804 3015 1859 vivide
3060 1807 3414 1880 iucundeque

1835 1873 1978 1930 dicta
2015 1890 2159 1934 sunt.
2199 1879 2479 1951 Spirituali
2514 1902 2646 1944 vero
2672 1891 2987 1949 lucidatieni
3034 1873 3260 1967 prorsus
3311 1915 3413 1969 ap-

1833 1971 2185 2039 propriantur
2215 1975 2277 2027 τδ
2307 1976 2545 2048 λάμπειν
2583 1992 2637 2037 et
2675 1984 2736 2036 τὸ
2781 1988 3139 2056 ἀστράπτειν.
3193 1992 3269 2048 Ex
3329 1995 3415 2049 Lis

1834 2068 2015 2116 autem
2055 2080 2222 2120 unum
2259 2069 2479 2138 quidem
2505 2083 2703 2129 natura
2734 2088 2817 2134 est
2849 2079 3232 2148 desiderabile,
3268 2083 3414 2139 aliud

1842 2168 1970 2207 vero
2016 2157 2241 2212 minime
2291 2161 2411 2216 ita:
2459 2168 2716 2230 quoniam
2754 2170 3054 2238 jucundum
3083 2175 3300 2242 quidem
3331 2186 3420 2232 est

1835 2242 2075 2306 lucerna,
2113 2256 2335 2316 propter
2399 2253 2610 2309 dulcem
2660 2257 2833 2327 ipsius
2895 2261 3115 2332 lucem;
3179 2274 3413 2319 tremen-

1833 2333 1962 2388 dum
1997 2347 2181 2393 autem
2211 2343 2378 2396 veluti
2411 2345 2665 2416 ignitum,
2704 2349 2904 2420 fulgur.
2942 2354 3072 2419 Quae
3116 2371 3216 2410 nos
3247 2357 3412 2410 etiam

1834 2425 1901 2479 de
1933 2425 2040 2482 Deo
2069 2430 2395 2501 cogitantes,
2438 2438 2739 2514 dummodo
2775 2444 3070 2512 prudentes
3106 2448 3280 2502 simus
3329 2465 3414 2504 re-

1823 2529 2190 2592 .putantesque
2240 2531 2582 2586 tremendum
2626 2548 2747 2590 esse
2801 2537 2970 2593 Deum
3027 2555 3092 2594 ac
3125 2542 3281 2595 talem
3318 2543 3409 2611 qui

1841 2623 1950 2664 non
1999 2611 2239 2670 inveniat
2278 2616 2451 2687 ipsius
2491 2621 2586 2676 ira:
2624 2625 3415 2699 justas‘quemquamobstan.

1836 2711 1963 2767 tem,
1996 2704 2132 2759 alias
2163 2717 2344 2764 autem
2378 2712 2531 2768 illum
2567 2729 2690 2770 esse
2726 2718 3178 2788 benignissimum
3211 2723 3414 2777 intelli-

1834 2807 2047 2863 gentes,
2095 2813 2196 2854 nos
2235 2801 2384 2870 ipsos
2411 2807 2814 2876 custodiamus,
2847 2827 2914 2866 ne
2936 2813 3018 2866 vel
3042 2813 3415 2883 imprudenter

1832 2899 1897 2939 ac
1945 2887 2389 2948 irrationabiliter
2424 2895 2478 2950 in
2529 2897 2792 2957 daemonis
2844 2903 3159 2961 haereditate
3212 2909 3410 2963 fiamus

1830 2989 2144 3046 peccantes,
2168 2984 2252 3037 vel
2273 2985 2464 3048 saltem
2494 2991 2658 3046 etiam
2681 2992 2818 3062 lapsi
2851 2996 3000 3052 brevi
3023 3011 3411 3056 convertamur

1831 3073 1936 3125 hac
1977 3073 2202 3143 pulchra
2243 3084 2593 3136 transmutati
2627 3089 2949 3155 mutatione,
2984 3092 3143 3160 cujus
3175 3095 3262 3149 hic
3291 3111 3406 3150 me-

1832 3163 1994 3216 ntinit
2033 3177 2195 3235 poeta
2227 3182 2294 3222 ex
2345 3170 2430 3225 bis
2475 3175 2541 3228 ad
2584 3173 2788 3232 festum
2839 3182 3202 3243 attineutibus
3254 3188 3404 3244 illum

1835 3251 2120 3310 deducens
2142 3295 2160 3312 .

1899 3365 2028 3422 245.
2060 3365 2230 3425 Nobis
2255 3371 2400 3427 enim
2426 3375 2781 3445 cogitandum
2840 3385 2984 3453 quod
3011 3385 3156 3442 hunc
3206 3396 3406 3451 mentis

1833 3457 2177 3526 Splendorem
2214 3475 2277 3516 ac
2308 3461 2731 3533 fulgurationem
2759 3478 3286 3551 convenientemque
3310 3499 3406 3538 ex-

1834 3558 2080 3606 traneam
2140 3555 2525 3626 mutationem,
2567 3576 2732 3631 quam
2793 3566 3009 3634 sapiens
3058 3570 3148 3626 ille
3212 3586 3405 3631 cantor

1831 3644 2070 3708 nuntiat,
2103 3653 2158 3699 et
2186 3647 2346 3703 nobis
2375 3657 2436 3702 ut
2493 3663 2695 3708 sanctae
2751 3655 3040 3716 Trinitatis
3089 3666 3400 3727 cultoribus

1831 3736 2098 3804 attribuit,
2131 3746 2184 3793 in
2214 3741 2405 3810 primis
2422 3743 2708 3816 discipulis
2758 3753 3071 3820 speculatus
3095 3767 3201 3816 est.
3259 3760 3402 3828 Quid

1829 3827 1972 3881 enim
2000 3830 2210 3885 sinistri
2235 3833 2318 3886 vel
2342 3832 2569 3893 infausti
2609 3839 2695 3894 vel
2721 3847 3083 3914 repugnantis
3113 3827 3399 3909 festivitati

1828 3920 1971 3987 quod
1997 3919 2120 3977 talis
2150 3924 2323 3992 gratia
2353 3925 2586 3997 desuper
2602 3930 2766 3986 etiam
2807 3937 3116 3992 mitteretur
3149 3941 3241 3996 Dei
3266 3959 3404 4010 pra»

1827 4009 2077 4075 conibus,
2110 4020 2191 4078 ut,
2224 4017 2405 4084 capite
2439 4015 2641 4089 linguis
2679 4022 2854 4092 igneis
2888 4038 2943 4082 et
2979 4030 3175 4087 exinde
3220 4036 3403 4105 splen-

1826 4099 2054 4156 doribus
2085 4101 2347 4174 fulgente,
2369 4107 2770 4181 discipulorum
2799 4119 2984 4174 vultus
3003 4123 3168 4179 etiam
3191 4099 3398 4185 lumine

1826 4191 2114 4261 fulgerent,
2143 4207 2197 4249 et
2225 4197 2307 4253 sic
2333 4199 2518 4255 divina
2549 4205 2850 4265 mutatione
2891 4211 3220 4270 ditarentur.
3277 4217 3394 4275 Non

1824 4285 2110 4355 eniurquis
2133 4287 2318 4346 dicere
2343 4303 2530 4362 posset
2561 4300 2860 4356 convenire
2891 4300 3004 4358 illic
3019 4307 3237 4375 quidem
3267 4324 3394 4366 aera

1826 4375 2053 4447 fulgere,
2081 4381 2176 4436 sed
2209 4395 2396 4439 coram
2428 4385 2538 4442 Deo
2559 4392 2933 4459 apostolorum
2962 4401 3216 4454 tenebras
3249 4417 3395 4470 esse,

1825 4471 1900 4524 ita
1930 4480 1988 4526 ut
2020 4474 2166 4529 nocti
2192 4475 2404 4534 similes
2434 4479 2571 4549 ipsis
2595 4493 2780 4538 essent
2846 4487 3033 4554 facies,
3086 4491 3294 4560 pallore
3322 4510 3392 4552 ex

1822 4570 1969 4616 metu
1992 4573 2046 4618 et
2072 4565 2664 4640 animigcontractione,
2696 4575 2826 4630 dum
2856 4578 2906 4631 in
2934 4579 3396 4647 pulchritudinem

1817 4656 2040 4724 sanguis
2070 4657 2337 4714 rubefacit
2383 4662 2586 4720 tinctae.
2642 4665 2897 4737 Nunquid
2929 4671 3135 4744 Moysis
3171 4676 3396 4748 quidem

1817 4746 1999 4804 vultus
2025 4749 2154 4804 olim
2218 4767 2249 4807 a
2300 4753 2411 4810 Deo
2465 4761 2854 4818 convenienter
2892 4765 3226 4835 glorilicatus
3288 4785 3394 4838 est,

1817 4837 2071 4910 discipuli
2103 4858 2232 4899 vero
2261 4845 2407 4917 digni
2437 4864 2544 4904 non
2579 4863 2762 4908 essent
2790 4857 2884 4924 qui
2948 4858 3044 4913 tali
3099 4837 3393 4931 splendore

1817 4929 2114 5001 fulgerent,
2169 4936 2398 5006 parique
2420 4938 2546 5009 jure
2577 4943 2782 4999 bonum
2829 4929 3163 5018 obtinerent,
3231 4955 3392 5025 quale

1819 5029 1985 5086 super
2009 5016 2232 5078 Thabor
2249 5027 2457 5093 experti
2495 5036 2623 5084 sunt
2655 5030 2732 5086 illi
2767 5042 2882 5090 tres
2918 5037 3079 5094 electi
3113 5016 3391 5112 discipuli,

1817 5122 1959 5178 quos
1984 5119 2038 5165 et
2059 5111 2210 5181 ipsos
2242 5130 2484 5184 praesens
2505 5124 2840 5190 apostolicus
2876 5111 3393 5198 complectiturcm-

1818 5206 1931 5268 tus,
1967 5204 2192 5259 omnino
2209 5207 2511 5276 gaudentes
2545 5216 2690 5284 quod
2719 5220 3006 5288 speciatim
3059 5239 3384 5282 concessum

1814 5300 1940 5348 ante
1959 5296 2298 5353 occasionem
2319 5300 2518 5358 bonum
2549 5306 2679 5363 illud
2704 5309 2975 5370 ineffabile
3011 5316 3214 5386 lumen,
3244 5337 3389 5378 nunc
3445 5339 3447 5342 ‘

1815 5398 2007 5440 omnes
2037 5385 2274 5444 fraterne
2299 5407 2395 5462 per
2425 5395 2692 5464 Spiritum
2727 5415 3003 5473 sanctum,
3033 5420 3090 5462 ut
3121 5408 3250 5464 illud
3288 5428 3384 5468 su-

1813 5484 2181 5550 pererogavit,
2213 5486 2264 5540 in
2296 5492 2575 5545 communi
2601 5497 2967 5566 participem?

1884 5571 2012 5629 246.
2043 5571 2252 5633 Idcirco
2270 5589 2417 5636 recte
2448 5584 2797 5654 cogitandum
2823 5598 2876 5641 et
2901 5589 3209 5654 dicendum,
3242 5598 3386 5664 quod

1815 5663 1888 5717 ita
1921 5665 2189 5737 fulgentes
2209 5684 2274 5725 ac
2298 5669 2659 5741 fulgurantes,
2681 5690 2746 5730 eo
2767 5678 2913 5746 quod
2938 5695 2968 5732 a
3001 5678 3110 5735 Deo
3144 5663 3388 5742 lucerent

1815 5768 1880 5809 ac
1911 5752 2276 5825 fulgurarent,
2335 5762 2617 5834 igneisque
2675 5765 2804 5820 tacti
2863 5767 3064 5838 linguis
3129 5781 3385 5842 tanquam

1817 5847 2251 5924 uniuscujusque
2275 5853 2512 5923 linguam
2547 5857 2961 5931 attingentibus,
2996 5876 3050 5920 et
3073 5865 3147 5922 ita
3169 5864 3388 5926 dulcem

2834 5951 2913 6017 24
