3822 6558
430 354 545 419 747

1212 353 1635 415 EUSTATHII
1663 355 2422 417 THESSALONICENSIS
2457 358 3023 423 METROPOLIT/E

3574 363 3663 427 758

426 465 758 539 cognitionis
788 462 1088 531 flammam,
1131 470 1188 518 ut
1216 461 1308 518 Dei
1353 464 1555 535 angeli.
1597 464 1981 520 accedentibus

2116 462 2393 534 γλώσσης,
2420 468 2516 526 καὶ
2549 467 2695 522 οὕτω
2744 470 3004 536 γνώσεως
3027 473 3264 542 πραεῖαν
3298 470 3470 541 φλόγα
3516 474 3661 541 tuttu-

423 559 807 616 t-onveuii-utia
828 574 962 614 sane
1004 558 1385 619 concinerent,
1433 558 1536 613 etsi
1586 558 2009 614 circumstantes

422 652 630 708 ethnici
658 651 800 705 male
819 650 1344 721 comprehenderent
1392 649 1516 705 illos
1550 658 1603 704 et
1631 649 1818 719 aliquo
1843 649 2008 705 modo

396 743 723 816 .socundum
753 742 876 797 illos
903 756 933 796 e
966 741 1145 795 medio
1168 740 1310 810 ignis
1339 737 1508 795 Deum
1539 739 1924 795 benedicentes
1943 754 2007 795 ac

421 832 638 903 hymnis
685 831 1024 887 ct-lehrantcs
1068 839 1122 884 et
1163 830 1422 898 populum
1469 828 1867 884 idololatricnm
1900 829 2008 884 cir-

418 931 790 980 cumstantem
810 921 1331 993 obstupefacientes,
1358 936 1549 977 sacros
1574 936 1796 990 pueros,
1823 930 1878 976 ct
1899 920 2002 990 ipsi

416 1026 662 1088 agerent.
687 1016 801 1072 Non
832 1017 994 1090 igitur
1011 1015 1259 1072 absimile
1281 1030 1385 1071 nec
1405 1014 1632 1070 dubium
1653 1015 1838 1085 specie
1867 1015 2005 1070 luci-

416 1110 678 1167 dissiinos
698 1110 860 1164 ctiam
881 1110 1156 1179 apostolos
1177 1108 1372 1177 fuisse,
1394 1123 1521 1164 cum
1540 1108 1643 1163 sub
1661 1109 1801 1179 ignis
1821 1109 2004 1176 specie

418 1204 651 1276 desuper
682 1205 788 1260 illis
826 1205 973 1258 venit
1010 1204 1251 1274 Spiritus
1274 1202 1628 1265 illuminatio,
1669 1210 1727 1256 ut
1751 1201 1998 1257 interiori

415 1298 620 1352 lumine
645 1298 825 1354 lumen
848 1300 1013 1352 etiam
1037 1297 1218 1353 vultus
1242 1297 1505 1352 haberent
1529 1315 1542 1362 ;
1565 1295 1765 1365 illaque
1796 1296 1896 1350 tria
1928 1310 1995 1349 ex

412 1384 618 1447 aethére
636 1390 881 1445 lucerent
903 1390 1037 1459 ipsis
1053 1390 1285 1454 lumina,
1307 1404 1477 1445 unum
1495 1389 1716 1458 quidem
1737 1402 1801 1453 ex
1824 1388 1997 1454 igneis

417 1483 643 1551 linguis,
664 1484 813 1538 aliud
836 1484 1114 1539 inhaerens
1145 1484 1406 1549 menti,et
1432 1481 1654 1537 tertium
1698 1480 1846 1550 quod
1866 1481 1997 1547 ipsis

415 1575 607 1630 faciem
651 1574 720 1629 ad
758 1574 985 1647 gloriam
1024 1584 1228 1630 sancta:
1269 1572 1558 1629 Trinitatis
1611 1572 1997 1643 splendescere

409 1663 559 1719 Ῑθνίι.

480 1758 608 1813 247.
637 1757 749 1814 lloc
778 1769 962 1814 autem
993 1760 1066 1814 ita
1093 1773 1218 1815 cum
1243 1758 1333 1826 sit,
1358 1768 1544 1830 potest
1599 1758 1798 1830 aliquis
1842 1760 1992 1815 locu-

2119 558 2409 629 ρευούσαις
2445 559 2520 622 ὠς
2554 560 2690 614 Θεοῦ
2718 563 2994 631 ἀγγέλοις,
3027 563 3267 632 ἔμελπον
3296 562 3367 618 ἂν
3390 564 3459 617 τά
3480 564 3658 629 εἰκότα,

2116 655 2217 711 κᾶν
2240 656 2295 708 οι
2319 653 2690 725 περιεστῶτες
2725 656 2932 711 ἐθνικοὶ
2961 658 3267 727 παρενόουν
3323 655 3550 717 αὐτούς’
3583 657 3659 712 καί

2113 763 2231 810 πως
2262 746 2407 801 κατὰ
2453 746 2582 810 τοὺς
2635 749 2701 801 ὲκ
2754 748 2953 817 φλογὸς
3007 748 3184 819 μέσης
3231 748 3327 803 τὸν
3376 734 3507 802 Θεὸν
3533 749 3658 804 εύλο·

2113 833 2349 901 γοῦντας
2381 836 2476 891 καὶ
2505 837 2814 905 ὑμνοῦντας
2850 838 3040 906 ἁγίους
3068 839 3269 903 παῖδας
3295 839 3551 903 ἐκείνους,
3578 841 3658 895 καὶ

2109 926 2204 980 τὸν
2267 927 2431 998 πέριξ
2482 926 2613 982 λαδν
2659 929 2753 983 τὸν
2804 930 3207 1002 είδωλολάτρην
3256 932 3655 1002 ἐκπλήττοντας,

2105 1015 2436 1071 διετὲθειντο
2465 1022 2561 1072 καὶ
2614 1019 2806 1087 aurci;
2839 1019 3054 1076 υῦκουν
3081 1022 3314 1085 ἀπεικὸς
3359 1021 3480 1076 οὐδὲ
3511 1022 3656 1091 ἀμφί-

2105 1107 2299 1162 λεκτον
2327 1108 2750 1180 λαμπροτάτους
2808 1106 2949 1165 εἶναι
2981 1114 3078 1167 καὶ
3132 1113 3233 1183 τὴν
3296 1113 3516 1185 μορφὴν
3545 1114 3656 1175 τοὺς

2100 1201 2435 1266 ἀποστόλους
2466 1203 2556 1256 ὅτε
2595 1205 3009 1274 πυρσομόρφως
3050 1207 3239 1270 αὐτοῖς
3266 1203 3433 1278 ἦλθεν
3466 1209 3500 1275 ἡ
3536 1207 3658 1260 ἀνω-

2100 1292 2194 1346 θεν
2214 1295 2309 1347 τοῦ
2352 1295 2672 1363 Πνεύματος
2721 1296 3014 1367 ἔλλαμψις,
3057 1299 3149 1355 ἵνα
3200 1302 3345 1368 φωτὶ
3389 1301 3469 1370 τῷ
3518 1299 3654 1362 me;

2103 1386 2221 1455 ιρῶς
2249 1386 2426 1457 ἔχοιεν
2462 1390 2559 1442 καὶ
2586 1392 2945 1460 προσωπικόν
2964 1408 2980 1423 ’
3015 1393 3111 1446 καὶ
3159 1393 3289 1465 τρία
3316 1392 3491 1448 ταῦτα
3522 1393 3658 1461 φῶτα

2097 1478 2436 1548 ὲναιθριάζοι
2470 1480 2656 1543 αὐτοῖς
2686 1482 2749 1535 τὺ
2770 1484 2834 1537 ὲκ
2856 1484 2965 1538 τῶν
3002 1484 3250 1556 πυρίνων
3275 1485 3556 1553 γλωσσῶν,
3576 1484 3658 1539 καὶ

2096 1572 2157 1624 τὸ
2192 1572 2334 1624 κατά
2386 1571 2569 1643 ψυχήν
2595 1588 2612 1605 ⁸
2645 1574 2741 1627 καὶ
2780 1574 2965 1645 τρίτον
2998 1576 3137 1645 ὅπερ
3172 1577 3359 1641 αὐτοῖς
3404 1577 3505 1648 τὴν
3549 1577 3657 1647 ὄψιν

2094 1663 2176 1725 είς
2200 1662 2356 1727 δόξαν
2387 1664 2486 1732 τῆς
2518 1664 2682 1732 ἁγίας
2709 1665 2941 1736 Τριάδος
2971 1668 3257 1737 ὴγλάῖζεν.

2165 1758 2312 1827 σμῗ.
2338 1759 2398 1813 Ei
2427 1758 2484 1813 δὲ
2507 1758 2659 1813 τοῦθ’
2694 1759 2875 1824 οὕτως
2909 1761 3049 1832 ἔχει,
3106 1763 3335 1818 δύναταί
3364 1781 3453 1826 τις
3481 1766 3575 1820 καὶ
3603 1766 3656 1821 τὸ

417 1853 662 1910 tionem:
720 1855 1040 1917 «Extmnea
1117 1853 1642 1910 convenientissima
1690 1852 1981 1906 mutatione

2090 1852 2309 1906 όθνείαν
2337 1851 2629 1907 ἀλλοίωσιν
2685 1855 3155 1925 εὐπρεπεστάτην
3208 1857 3541 1928 ἠλλοιῶσθαι
3572 1861 3656 1914 αύο

414 1946 572 2016 ipsos
601 1947 956 2013 commutari,
986 1966 1005 1998 ι
1042 1946 1109 2002 ad
1142 1946 1462 2015 huiusmodi
1526 1942 1875 2016 splendorem
1932 1959 1997 2000 ac

414 2043 850 2113 fulgurationem
880 2044 1091 2100 urbane
1123 2042 1351 2111 referre,
1388 2042 1683 2112 dicereque
1749 2040 1894 2111 quod
1920 2039 1993 2095 ibi

410 2152 568 2192 sacer
618 2146 775 2208 poeta
831 2136 1024 2192 alludit
1070 2136 1139 2193 ad
1168 2146 1403 2191 veterem
1435 2137 1579 2206 apud
1613 2134 1833 2190 Graecos
1871 2130 1994 2187 vul-

412 2240 503 2285 tus
563 2229 1029 2296 immutationem,
1080 2244 1203 2301 qua:
1271 2228 1691 2299 superveniebat
1760 2225 1994 2281 heroicae

411 2338 682 2393 persona},
713 2323 781 2378 de
817 2338 925 2394 qua
985 2323 1190 2378 factum
1255 2331 1339 2378 est
1394 2322 1583 2377 istud:
1617 2319 1776 2375 Alius
1831 2317 1989 2383 mihi,

412 2412 724 2483 peregrine,
760 2427 954 2468 recens
980 2411 1068 2466 vel
1104 2422 1264 2467 antea
1306 2411 1461 2467 visus
1479 2425 1561 2467 es.
1614 2409 1823 2465 Dicitur
1842 2410 1988 2465 enim

2095 1945 2225 2008 τοὺς
2254 1945 2595 2015 συμσιὸἀσαι
2626 1948 2865 2010 ἀστείως
2888 1949 3029 2020 πρὸς
3056 1947 3319 2021 τοιαύτην
3349 1950 3558 2022 λάμψιν
3575 1952 3654 2007 καὶ

2093 2037 2411 2109 ἀστραπὴν,
2444 2038 2541 2092 καὶ
2602 2039 2783 2094 εἰπεῖν
2832 2040 2918 2094 ὅτι
2973 2042 3304 2113 μυκτηρίζει
3357 2043 3589 2097 ἐνταῦθα
3631 2046 3656 2098 ό

2094 2128 2253 2199 ἅγιος
2293 2131 2530 2202 μελῳδὸς
2554 2132 2795 2201 παλαιάν
2815 2133 2874 2187 ὲν
2898 2132 3068 2207 Ἕλλη
3080 2153 3133 2189 σι
3160 2135 3285 2191 κατ’
3304 2135 3432 2206 ὅφιν
3446 2135 3656 2190 ἀλλοίω-

2097 2240 2203 2289 σιν,
2263 2224 2658 2295 ὲπιγινομένην
2690 2225 2922 2296 ἡρωῖκῷ
2972 2227 3257 2299 προσώπῳ
3305 2230 3439 2298 περὶ
3472 2222 3531 2283 οὗ
3561 2245 3653 2282 πε·

2095 2316 2320 2387 ποίηται
2350 2315 2410 2370 τὸ
2439 2345 2467 2357 -
2501 2316 2739 2380 Ἀλλοῐός
2768 2334 2859 2387 μοι
2889 2317 3017 2383 ξεῖν’
3051 2320 3259 2390 ἐφάνης
3280 2320 3404 2373 νέον
3432 2319 3498 2390 ὴὲ
3526 2321 3653 2390 πάρ-

2091 2408 2272 2464 οιθενσ
2296 2441 2320 2452 -
2361 2410 2587 2480 λέγεται
2631 2412 2742 2482 γάρ
2772 2429 2905 2465 ποτε
2947 2412 3104 2483 ἥρως
3130 2414 3274 2483 ἀνὴρ
3303 2413 3650 2477 ἀλλοιωθῆναι

413 2516 544 2560 tunc
576 2504 739 2562 heros
766 2505 850 2560 vir
891 2514 945 2560 et
970 2505 1194 2575 reliquis
1221 2505 1470 2575 corporis
1495 2512 1550 2560 et
1580 2504 1720 2559 facie
1747 2511 1981 2559 recente:

2093 2502 2300 2566 καινῶς
2337 2504 2407 2558 τά
2433 2520 2496 2556 τε
2524 2498 2661 2559 ἄλλα
2689 2505 2788 2559 τοῦ
2819 2503 3097 2576 σώματος,
3130 2508 3229 2561 καὶ
3250 2505 3314 2559 τὺ
3344 2508 3648 2575 πρόσωπον-

411 2599 584 2654 fuisse
616 2608 885 2654 mutatus.
920 2599 1051 2653 Erat
1078 2598 1243 2653 etiam
1268 2598 1417 2653 illius
1447 2609 1705 2653 extranea
1730 2597 1981 2665 mutatio,

2092 2596 2189 2649 καὶ
2216 2590 2343 2665 ἦνῆ
2379 2594 2671 2660 ἀλλοίωσις
2700 2596 2885 2652 ὀθνεία
2921 2596 3163 2662 ἐκείνου,
3214 2597 3310 2651 καὶ
3340 2596 3464 2652 οὐδὲ
3495 2596 3648 2667 βραχύ

409 2703 519 2753 non
552 2690 771 2760 quidem
839 2689 1186 2761 aliquatenus
1232 2689 1591 2755 conveniens,
1638 2686 1734 2743 sed
1764 2697 1981 2757 aspectu

2090 2705 2141 2739 τι
2172 2687 2305 2756 γοῦν
2341 2687 2663 2759 εὐπρεπὴς.
2693 2688 2832 2743 ἀλλὰ
2862 2688 3277 2760 είδεχθὲστατον
3309 2690 3521 2744 ικετνον
3546 2689 3650 2742 δια-

411 2781 881 2840 deiorrnissimum
939 2782 1094 2839 illum
1143 2783 1534 2838 demonstrans
1599 2795 1736 2853 ruga
1794 2796 1981 2851 nempe

2090 2779 2380 2834 δεικνῦσαο
2421 2780 2579 2851 ρυτίς
2608 2797 2669 2835 τε
2708 2782 2819 2852 γὰρ
2865 2784 3073 2836 ἐκεῖνον
3112 2781 3478 2854 περιέστειλε,
3507 2779 3597 2835 καὶ
3620 2781 3646 2833 ὁ

413 2875 796 2932 circumdabat
823 2872 981 2942 eum,
1010 2886 1065 2932 et
1092 2876 1251 2946 pellis
1286 2877 1432 2932 sicut
1470 2876 1681 2946 lignum
1739 2875 1981 2933 arefacta

2090 2873 2257 2946 χροῦς
2275 2873 2412 2927 ὡσεὶ
2437 2877 2535 2928 καὶ
2564 2874 2777 2946 κάρφος
2798 2874 2977 2946 ἀπεξή
2988 2891 3174 2945 ραντο,
3200 2876 3296 2929 καὶ
3317 2876 3370 2929 oi
3393 2874 3647 2945 ὀφθαλμοὶ

410 2976 552 3036 erat,
580 2980 634 3025 et
657 2969 803 3025 oculi
833 2970 1224 3042 caligaverant,
1278 2970 1385 3028 nisi
1402 2970 1561 3042 pejus
1603 2968 1785 3026 adhuc
1841 2977 1981 3027 esset

2090 2965 2500 3034 ἑκνυζώθησαν,
2548 2966 2634 3021 ὅτι
2671 2966 2808 3038 μηδὲ
2835 2963 2906 3041 ἦν
2955 2968 2990 3039 ἡ
3024 2967 3315 3034 ἀλλοίωσις
3371 2967 3552 3039 εκείνη
3589 2968 3648 3021 ὲκ

411 3062 527 3116 haec
557 3060 812 3117 mutatio.
1127 3103 1131 3106 μ

2090 3057 2181 3111 τοῦ
2213 3058 2555 3127 κρείττονος.
2584 3078 2589 3083 ’

478 3151 610 3209 248.
639 3153 740 3209 Hic
764 3162 946 3209 autem
999 3152 1185 3209 dicere
1212 3162 1401 3224 posset
1421 3162 1580 3224 poeta
1629 3152 1797 3223 quod,
1850 3151 1981 3208 dex-

2168 3146 2321 3219 σμη’.
2383 3149 2650 3206 Ἐνταῦθα
2692 3152 2749 3207 δὲ
2798 3154 2943 3208 εἴποι
2972 3153 3041 3208 ἂν
3089 3152 3120 3206 ό
3170 3151 3409 3224 μελῳδὸς
3434 3152 3517 3209 ﬁt
3556 3151 3648 3220 τῆς

411 3254 526 3300 tera
546 3243 638 3298 Dei
659 3253 906 3301 mutante
921 3245 1218 3315 apostolos,
1238 3246 1319 3301 sic
1338 3245 1529 3301 mutati
1548 3254 1681 3302 sunt
1694 3255 1755 3302 ut
1770 3245 1981 3300 alienus

2090 3240 2268 3306 δεξιᾶς
2297 3240 2394 3294 τοῦ
2429 3242 2568 3296 Θεοῦ
2599 3243 2925 3316 ἀλλοιούσης
2951 3247 3080 3309 τους
3100 3244 3459 3311 ἀποστόλους,
3486 3244 3646 3305 οὕτως

406 3346 554 3393 esset
582 3338 661 3392 eis
687 3337 828 3394 sicut
861 3347 916 3393 et
948 3337 1172 3394 cuilibet
1187 3338 1276 3393 alii
1303 3353 1551 3409 personae
1571 3337 1861 3409 fulgurans
1882 3338 1985 3391 iste

408 3430 692 3499 splendor,
723 3431 817 3485 sed
843 3418 1431 3497 convenientissimus,
1455 3441 1646 3502 utpote
1671 3430 1908 3486 blandus
1928 3435 1985 3483 et

408 3521 659 3578 alliciens
698 3522 875 3592 ipsum
904 3523 1267 3579 intendentes.
1298 3521 1416 3578 Non
1443 3525 1612 3587 enim,
1644 3533 1703 3577 ut
1755 3521 1807 3576 in
1839 3520 1984 3574 Tha-

405 3616 526 3680 bor,
553 3615 763 3671 lumine
787 3631 951 3687 super
978 3615 1149 3671 solem
1174 3624 1522 3680 coruscante,
1540 3615 1709 3670 veluti
1741 3613 1980 3685 fulgure,

407 3708 860 3780 percellebautur,
881 3708 974 3762 sed
1008 3705 1621 3776 sicuttunciinguarum
1658 3706 1799 3775 ignis
1824 3720 1983 3762 urere

406 3815 519 3855 non
550 3799 786 3862 valebat,
809 3797 889 3854 sic
910 3812 1010 3854 nec
1033 3797 1229 3854 exinde
1262 3799 1445 3855 lumen
1470 3812 1745 3854 excaecare
1764 3799 1982 3857 intuen-

407 3901 488 3949 tes
528 3893 628 3947 :in
657 3891 859 3947 bonum
887 3892 1032 3946 enim
1063 3892 1178 3962 haec
1228 3891 1290 3956 in
1343 3891 1642 3947 festivitate
1686 3892 1831 3946 facta
1897 3899 1981 3948 est

407 3985 662 4050 mutatio,
699 4000 807 4040 non
836 3992 1017 4040 autem
1048 3985 1115 4041 ad
1137 3984 1443 4041 lmdendum
1478 4000 1659 4057 neque
1679 3986 1979 4055 discipulos

404 4092 505 4135 nec
531 4077 697 4132 alium
729 4091 1085 4147 quemquam.
1114 4076 1181 4132 Et
1213 4075 1286 4132 ita
1316 4076 1537 4147 quidem
1567 4077 1623 4132 in
1663 4080 1976 4151 exemplum

403 4171 669 4244 apostolis
695 4185 793 4240 per
815 4172 1257 4227 recordationem
1280 4172 1532 4229 adductis
1563 4172 1781 4243 sapiens
1809 4175 1981 4230 melo-

402 4265 508 4320 dus
529 4262 777 4321 Jonanes
802 4263 944 4320 hunc
964 4265 1311 4335 splendorem
1346 4265 1401 4320 in
1466 4278 1568 4320 nos
1616 4265 1977 4335 spiritualiter

401 4356 679 4413 declinare
700 4358 816 4413 vult
844 4372 939 4428 per
964 4367 1165 4415 rectam
1194 4365 1397 4415 sanctae
1425 4354 1712 4417 Trinitatis
1783 4360 1977 4415 adora-

395 4451 626 4519 tionem.

469 4710 601 4767 249.
642 4708 797 4766 lianc
847 4725 977 4764 vero
1031 4709 1232 4765 dictam
1278 4709 1641 4764 mutationem
1678 4718 1837 4778 poeta
1890 4711 1974 4764 di-

400 4805 480 4857 xit
504 4802 742 4868 ὀθνείαν,
773 4802 887 4859 sive
919 4809 1267 4870 extraneam,
1291 4810 1351 4858 ut
1393 4804 1597 4857 dictum
1662 4814 1768 4873 est,
1799 4813 1853 4859 et
1878 4821 1975 4861 ex-

400 4896 836 4961 traordinariam,
868 4911 1000 4952 usus
1027 4905 1186 4966 tropo
1210 4895 1305 4967 qui
1328 4896 1527 4953 dicitur
1554 4897 1695 4968 apud
1717 4898 1972 4969 antiquos

400 4990 796 5062 metalepticus,
830 4989 948 5049 sive
968 4989 1125 5058 juxta
1145 4989 1488 5059 metalepsin,
1512 5006 1624 5047 non
1646 4990 1786 5049 hanc
1803 5005 1967 5063 quam

397 5084 657 5157 adhibent
683 5085 966 5155 pedestres
1001 5085 1273 5149 rhetores,
1298 5084 1397 5149 sed
1437 5082 1586 5139 illam
1623 5099 1746 5155 qua
1793 5085 1971 5154 poetis

396 5183 479 5232 cst
506 5174 560 5228 in
604 5190 731 5231 usu.
763 5174 855 5231 Sic
883 5185 1227 5247 supponatur
1266 5176 1437 5234 dictio
1466 5177 1754 5246 rcquirens
1792 5178 1970 5231 inter-

397 5268 760 5334 pretationem
793 5266 863 5321 ad
886 5266 1230 5333 claritatem;
1272 5276 1325 5323 et
1369 5268 1677 5338 explicetur:
1723 5269 1817 5324 illa
1872 5283 1970 5338 per

396 5358 696 5433 dictionem
739 5359 1126 5431 homonymam
1160 5360 1275 5416 sive
1295 5360 1361 5416 ad
1398 5362 1581 5417 minus
1600 5359 1871 5430 δίσημον,
1912 5360 1967 5417 id

394 5462 477 5507 εει
517 5452 650 5505 ulnas
676 5449 963 5507 habentem
1023 5466 1052 5506 a
1100 5467 1158 5508 se
1204 5452 1452 5508 diversas
1512 5451 1965 5525 significationes,

393 5559 626 5614 quarum
655 5558 760 5597 una
788 5542 1009 5614 quidem
1042 5554 1124 5599 est
1162 5544 1398 5626 maxime
1432 5543 1677 5617 prepria,
1721 5546 1864 5605 sicut
1892 5545 1966 5596 vi-

393 5636 571 5699 detur,
603 5636 670 5689 ad
699 5635 1027 5703 merendam
1052 5638 1309 5709 subjectae
1357 5638 1584 5696 dictioni
1613 5638 1919 5693 claritatem
1949 5655 1963 5704 ;

393 5729 496 5784 alia
531 5743 662 5783 vero
685 5728 735 5782 vi
798 5727 1036 5795 trahitur
1084 5732 1151 5786 ad
1210 5731 1375 5787 istam
1438 5730 1963 5798 interpretationem.

390 5818 655 5891 auditore,
676 5829 869 5897 coacto
900 5820 1197 5881 transferre
1229 5827 1640 5904 suam'mcntem
1676 5821 1964 5905 anaturali

2083 3334 2468 3407 ἠλλοιώθησαν
2501 3336 2579 3402 ὡς
2601 3338 2823 3393 όθνείαν
2843 3355 2903 3392 τε
2941 3338 3125 3395 αὐτῶν
3151 3339 3296 3395 καθὰ
3329 3341 3427 3393 καὶ
3452 3337 3644 3400 παντδς

2083 3426 2247 3481 ἄλλου
2274 3430 2571 3497 προσώπου
2610 3424 2878 3501 εἶναιτὴν
2903 3431 3265 3503 ἀστραπαίαν
3289 3432 3502 3502 ταύτην
3523 3430 3646 3499 λάμ-

2082 3518 2200 3588 ψιν,
2239 3519 2381 3573 ἀλλὰ
2410 3521 2509 3574 καὶ
2563 3521 3023 3595 εὐπρεπεστάτην
3076 3518 3168 3578 οἷα
3228 3525 3325 3579 καὶ
3363 3522 3644 3592 ἐπαγωγὸν

2083 3612 2179 3665 καὶ
2217 3612 2447 3681 ὲφολκδν
2477 3613 2588 3667 τῶν
2616 3613 3047 3685 ἑντρανιζόντων
3088 3616 3257 3688 ﬁsi}.
3312 3618 3390 3672 Ού
3436 3616 3549 3685 γὰρ
3575 3615 3644 3676 ὥς

2081 3705 2143 3757 ἐν
2180 3702 2256 3775 τῷ
2285 3703 2484 3776 Θαὸὼρ
2527 3705 2669 3776 ὑπὲρ
2708 3707 2864 3778 ἥλιον
2896 3706 2993 3762 τοῦ
3054 3708 3234 3777 φωτὸς
3281 3708 3643 3779 ἐνεργοῦντος.

2080 3797 2536 3868 ύπερηνγάζοντο
2565 3802 3147 3873 καταστραπτόμενοι,
3181 3801 3322 3857 ἀλλὰ
3349 3802 3542 3872 ὥσπερ
3585 3803 3645 3856 τὸ

2079 3888 2390 3961 τηνικαῦτα
2418 3890 2533 3962 πῦρ
2566 3892 2677 3945 τῶν
2709 3893 2980 3962 γλωσσῶν
3010 3895 3112 3951 ούκ
3144 3895 3309 3967 ἤθελε
3338 3897 3539 3963 καίειν,
3556 3895 3646 3949 οῦ·

2079 3997 2190 4043 τως
2224 3981 2351 4035 οὐδὲ
2382 3983 2444 4036 τὸ
2465 3982 2681 4038 ικετθεν
2709 3984 2827 4053 φῶς
2854 3987 3162 4057 ἐκτυφλοῦν
3176 3990 3307 4053 τοὺς
3331 3988 3641 4060 βλέποντας

2079 4075 2169 4128 ἐπ’
2200 4073 2395 4144 ἀγαθῷ
2447 4077 2558 4145 γὰρ
2588 4076 3002 4150 ἔκαινουργήθη
3044 4081 3218 4137 ταῦτα
3255 4083 3316 4139 ὲν
3369 4086 3435 4154 τῇ
3468 4084 3643 4154 ἑορτῇ.

2077 4167 2142 4222 ού
2173 4167 2280 4239 μὴν
2305 4166 2448 4221 ὥστε
2471 4167 2742 4239 βλαύῆναι
2776 4170 2854 4242 μὴ
2874 4171 2959 4226 ὅτι
2987 4189 3053 4242 γε
3081 4174 3212 4238 τοὺς
3240 4176 3512 4246 μαθητὰς,
3536 4174 3645 4230 ἀλλ’

2077 4259 2199 4313 οὑδὲ
2232 4259 2427 4329 ἕτερόν
2470 4276 2638 4315 τινα·
2674 4264 2772 4317 καὶ
2818 4262 2966 4319 οὔτω
3019 4265 3122 4335 μὲν
3168 4268 3249 4330 είς
3297 4268 3644 4338 παράδειγμα

2076 4352 2206 4415 τοὺς
2232 4352 2572 4416 ἀποστόλους
2588 4354 2908 4426 ὑποστήσας
2937 4356 3411 4429 διάἀναμνήσεως
3435 4362 3465 4413 ό
3488 4359 3647 4429 σοφὸς

2081 4443 2303 4515 μελικὸς
2343 4444 2623 4515 Ἰωάννης,
2647 4446 2751 4520 τὴν
2787 4448 3009 4519 ἐκείνην
3037 4450 3249 4520 λάμψιν
3280 4452 3457 4506 totum
3488 4468 3647 4517 μετα-

2004 4538 2054 4599 1)
2086 4538 2267 4592 κλῖναι
2301 4537 2509 4608 νοητῶς
2545 4538 2628 4602 εις
2659 4540 2835 4611 ἡμᾶς,
2883 4541 2947 4594 ἐν
2974 4529 3053 4612 τῷ
3085 4540 3377 4615 λατρεύειν
3422 4544 3491 4615 τῇ
3520 4541 3648 4611 ἁγίᾳ

2084 4630 2279 4701 Τριάἃι
2309 4630 2511 4700 ὀρθῶς.

2120 4762 2123 4767 .
2151 4721 2300 4792 σμθ’.
2334 4722 2448 4794 Τὴν
2478 4723 2535 4778 δὲ
2563 4725 2826 4795 ῥηθεῖσαν
2856 4727 3145 4783 ἀλλοίωσιν
3176 4729 3393 4787 όθνείαν
3418 4733 3450 4787 ό
3472 4731 3646 4803 μελῳ.

2058 4814 2166 4877 -δὸς
2182 4812 2365 4880 εἶπεν,
2398 4816 2570 4887 ἤγουν
2603 4817 2788 4888 ξένην,
2817 4820 2894 4883 ὡς
2925 4820 3153 4892 ἐρρέθη,
3198 4824 3298 4879 καὶ
3320 4823 3645 4893 παράδοξον,

2071 4907 2263 4976 τρόπῳ
2294 4906 2373 4977 τῷ
2405 4906 2557 4979 παρά
2601 4910 2717 4972 τοῖς
2749 4910 3006 4975 παλαιοῖς
3050 4911 3337 4985 λεγομένῳ
3410 4914 3652 4985 μεταλη-

2070 4997 2274 5068 πτικῷ,
2295 5000 2467 5071 ἤγουν
2495 5000 2575 5070 τῷ
2609 5003 2755 5057 κατά
2782 5004 3110 5076 μετάληψιν,
3137 5006 3200 5061 ού
3228 5009 3333 5079 τὴν
3357 5009 3510 5080 παρὰ
3537 5010 3649 5071 τοῖς

2072 5089 2396 5160 πεζολόγοις
2425 5093 2713 5165 ῥήτορσιν,
2746 5095 2887 5149 ἀλλά
2913 5097 3014 5169 τὴν
3045 5099 3201 5167 παρά
3246 5102 3363 5162 τοῖς
3394 5104 3652 5171 ποιηταῖς

2070 5183 2393 5253 γινομᾶνην.
2432 5184 2639 5247 Οὕτως*
2673 5187 2990 5244 ὑποκείσθω
3030 5189 3180 5255 λέξις
3212 5190 3446 5264 δεομένη
3475 5194 3651 5264 ἑρμη-

2070 5276 2220 5338 νείας
2250 5276 2333 5339 είς
2368 5276 2731 5349 διασάιρησιν,
2763 5282 2859 5334 καὶ
2905 5282 3308 5355 ἑρμηνευθήτω
3340 5286 3529 5353 ἐκείνη
3562 5286 3649 5340 διὰ

2067 5363 2272 5429 λέξεως
2298 5365 2619 5438 ὁμωνύμου,
2652 5369 2826 5439 ἧγουν
2855 5371 2920 5424 τὸ
2970 5372 3285 5442 ἐλάχιστον,
3315 5374 3577 5445 δισήμου,
3620 5376 3648 5427 ὃ

2068 5458 2219 5510 ἐστιν
2251 5457 2489 5528 ἐχούσης
2541 5459 2637 5513 δύο
2693 5464 2975 5533 σημασίας
3005 5464 3431 5535 ἑτεροιουμένας
3476 5467 3649 5537 ἀλλή-

2065 5548 2199 5615 λων,
2234 5542 2309 5603 ὧν
2338 5551 2373 5620 ἡ
2411 5551 2512 5621 μὲν
2546 5552 2645 5621 μία
2696 5555 3034 5624 οίκειοτάτη,
3095 5557 3172 5619 ὼς
3230 5557 3382 5618 εἰκὸς
3419 5558 3650 5612 αὐτόθεν

2056 5640 2193 5695 ἐστὶ
2223 5645 2289 5714 τῇ
2343 5644 2688 5719 ὑποκειμένῃ
2740 5648 2824 5711 εἰς
2869 5647 3242 5717 διασάφησιν·
3290 5651 3325 5721 ἡ
3367 5650 3425 5703 δὲ
3480 5651 3647 5721 ἑτέρα

2054 5732 2264 5803 ,βιαίως
2295 5735 2519 5791 ἕλκεται
2552 5739 2633 5800 είς
2660 5739 2961 5809 ἑρμηνείαν
2988 5743 3231 5813 εκείνην,
3266 5742 3646 5812 ἐξωθουμένου

2064 5824 2166 5881 τοῦ
2207 5826 2485 5897 ἀκροατοῦ
2534 5832 2875 5900 μεταγαγετν
2900 5831 2995 5889 τὸν
3022 5831 3191 5887 αύτοῦ
3245 5832 3372 5888 νοῦν
3396 5833 3511 5888 ἀπὸ
3544 5834 3647 5905 τῆς
