3822 6564
282 369 371 435 769

1028 358 1114 419 1N
1150 355 1491 421 HYMNUM
1528 357 2178 428 PEN‘I‘ECOSTALEM
2223 358 2693 430 DAMASCENI'.

3354 364 3468 431 ⁸150

281 476 551 554 προσφυοΰς
583 474 878 550 ἑρμηνείας
910 475 992 539 είς
1025 475 1127 545 τὴν
1152 474 1326 543 άλλην
1353 475 1455 544 τὴν
1482 472 1543 538 ἐξ
1579 476 1793 543 ὁμωνυ-

1920 481 2346 550 nterpretatione
2373 483 2441 537 ad
2473 482 2658 544 aliam,
2692 494 2814 551 quae
2848 494 2914 534 ex
2972 478 3323 551 liomonymia
3361 489 3467 547 est,
3486 526 3517 578 Ι

279 572 389 644 μίας
431 566 980 640 ἀντιπαρακειμένην,
1034 568 1130 621 καὶ
1178 566 1572 638 προσαρμόσαι
1626 567 1798 636 αὐτὴν

274 668 343 730 είς
359 661 632 734 ἑρμηνείαν
665 661 764 729 τῆς
805 661 1179 733 προκειμένης
1214 661 1416 725 λέξεως
1438 676 1455 694 ο
1488 655 1602 717 οἷον
1656 659 1799 713 ἔστω

274 757 470 827 δεομένη
493 754 778 826 ἑρμηνείας
797 753 943 819 λέξις
972 754 1006 824 ή
1031 753 1205 824 γλήνη
1235 756 1293 808 έν
1311 753 1625 825 τῷ-Ἔρῤε,
1649 752 1798 821 κακὴ

275 852 420 920 γλήνη
441 865 455 881 ο
482 877 508 892 -
530 848 624 901 καὶ
648 849 1021 920 ἑρμηνευτέον
1049 848 1221 919 αὐτὴν
1245 848 1335 903 διά
1365 848 1460 903 τοῦ
1482 850 1644 920 κόρη.
1675 850 1799 903 Ἐπὶ

273 941 352 999 οὖν
381 943 504 1013 κόρη
556 940 653 1009 μὲν
683 941 779 996 καὶ
807 942 842 1011 ή
891 943 1035 996 κατά
1057 941 1177 1005 κετὸν
1209 941 1518 1011 ὀφθαλμὸν,
1557 939 1694 1012 κόρη
1742 940 1800 994 δὲ

230 1033 540 1111 κόμωνύμως
576 1033 717 1088 κατὰ
741 1032 992 1105 ὲτεροίαν
1030 1032 1313 1104 σημασίαν
1344 1033 1442 1087 καὶ
1495 1033 1557 1087 τὸ
1602 1034 1799 1103 νεαρδν

271 1127 605 1196 γυναικάριον,
639 1128 668 1179 ὁ
706 1126 807 1196 μὲν
828 1127 1118 1198 προσάψας
1145 1129 1215 1197 τῇ
1240 1127 1417 1198 γλήνη
1442 1126 1542 1197 τὴν
1573 1126 1801 1197 πρώτην

269 1218 415 1287 κόρην
435 1218 528 1286 τὴν
560 1216 682 1271 κατ’
711 1216 857 1287 ὄψιν,
886 1218 977 1272 ἴνα
1005 1218 1140 1290 λέγῃ
1162 1220 1246 1272 ὅτι
1269 1218 1464 1290 Ἔρρε,
1500 1217 1648 1288 κακὴ
1675 1219 1796 1283 θέα,

268 1310 410 1377 ήγουν
454 1310 612 1380 Ἀνερ
661 1310 737 1381 μή
786 1310 1094 1377 ἀξιοθέατε,
1152 1311 1389 1373 οἰκείως.
1424 1311 1799 1381 ήρμήνευσεν,

266 1401 420 1454 show
446 1401 736 1471 προσφυῶς
759 1419 774 1432 ·
807 1404 837 1456 ὁ
881 1402 939 1456 δὲ
975 1402 1300 1474 μεταλαϐὼν
1343 1403 1520 1474 ἦγουν
1559 1403 1801 1469 ἀλλάξας

264 1494 349 1562 τήν
379 1491 499 1545 θέαν
551 1493 647 1547 καὶ
687 1493 858 1551 είπὼν
889 1495 1338 1564 μεταληπτικιῖκ,
1378 1496 1571 1567 Ἐῥρε,
1602 1495 1772 1550 κακὸν
1790 1506 1799 1533 λ

268 1587 520 1655 κοράσιον,
547 1587 714 1658 ήγουν
742 1585 815 1642 Ὦ
843 1587 1102 1654 γυναικία
1123 1589 1220 1644 καὶ
1246 1589 1521 1643 δειλότατε
1548 1587 1702 1656 ἄνερ,
1738 1587 1799 1640 οὐ

264 1680 422 1743 καλῶς
453 1681 547 1749 μὲν
574 1681 900 1751 ἡρμήνευσε
924 1696 940 1713 ·
989 1682 1138 1736 δοκεῖ
1165 1682 1221 1737 δὲ
1274 1680 1464 1752 βιαίως
1491 1680 1801 1749 ἀναγκάζε-

156 1812 163 1825 .
266 1772 390 1839 σθαι,
418 1772 485 1835 ὡς
514 1767 626 1824 οἷον
654 1773 1036 1843 ἑναπαιτήσει,
1063 1774 1150 1827 ὅτι
1174 1773 1273 1827 ἐπὶ
1299 1773 1506 1843 γλήνην
1527 1773 1665 1843 ἔφης
1699 1771 1800 1842 τήν

263 1863 440 1935 κόρην
479 1864 616 1935 κόρη
667 1864 726 1918 δὲ
754 1866 852 1917 καὶ
874 1864 939 1918 τὸ
971 1864 1255 1934 κοράσιον,
1286 1863 1582 1929 κατάδεξαι
1615 1866 1796 1918 εἰπεῖν

262 1953 651 2025 έρμηνευτικῶς
686 1955 783 2010 καὶ
806 1954 872 2008 τὸ
898 1984 926 1995 -
947 1955 1143 2027 Ἔῤῥε,
1180 1955 1329 2027 κακὴ
1383 1957 1583 2027 γλήνη,
1618 1983 1641 1997 ο
1677 1958 1803 2012 ἀντὶ

259 2046 338 2101 τοῦ
368 2047 597 2118 φθάρηθι
636 2042 681 2102 ὧ
712 2049 1046 2119 γυναικάνερ
1075 2048 1162 2104 διὰ
1187 2048 1412 2105 δειλίαν.
1448 2047 1693 2119 Τοιούτῳ
1734 2048 1804 2117 δή

259 2156 350 2193 τινι
373 2142 508 2212 λόγῳ
539 2142 635 2195 καὶ
665 2141 695 2194 δ
734 2141 972 2211 μελῳδὸς
1005 2140 1293 2212 ἐγγράψας
1321 2145 1388 2211 τῇ
1424 2141 1595 2213 ψυχῇ,
1644 2139 1803 2211 ξένην

260 2229 518 2285 ἀλλοίωσιν
544 2231 725 2285 εἰπεῖν
756 2229 856 2301 τὴν
889 2233 954 2284 ὲκ
1006 2231 1104 2285 τοῦ
1137 2230 1297 2299 ἀγίου
1347 2230 1693 2302 Πνεύματος,
1744 2231 1805 2284 ὲν

261 2318 324 2388 τῷ
356 2319 529 2372 λαϐεῖν
576 2318 711 2383 ἴσως
734 2319 868 2373 αὐτὸ
915 2321 981 2373 ὲκ
1027 2320 1126 2374 τοῦ
1155 2349 1178 2362 -
1215 2319 1458 2384 ’Δλλοῖός
1492 2337 1609 2390 μοι,
1647 2317 1802 2387 ξεῖν’,

259 2412 438 2479 ἐφάνης
463 2411 581 2465 νέον
617 2412 684 2482 ὴὲ
717 2411 982 2482 πάροιθεν
1008 2427 1022 2442 ³
1053 2443 1077 2452 -
1105 2412 1202 2466 κα)⁸
1248 2411 1404 2475 εἰδὼς
1457 2410 1621 2480 ξένην
1650 2411 1805 2479 λέγε-

261 2503 366 2558 σθαι
394 2505 450 2556 οὐ
487 2503 653 2573 μόνον
682 2502 781 2574 τήν
826 2503 1147 2571 ξενίζουσαν
1179 2505 1275 2559 καὶ
1304 2503 1634 2573 παράδοξον,
1666 2504 1805 2571 ὅπερ

260 2593 453 2664 ἀληθῶς
478 2594 748 2664 ἁρμόττει
775 2595 1034 2661 ἐνταῦθα,
1061 2595 1198 2649 ἀλλά
1239 2596 1339 2667 τήν
1385 2596 1601 2650 ὁθνείαν
1634 2596 1806 2665 ήγουν

259 2687 543 2759 ἀλλοτρίαν,
560 2688 826 2759 ἀπῃτήθη
842 2688 1265 2758 ἀναγκαστικῶς
1290 2688 1396 2741 ὑπὸ
1413 2688 1516 2757 τῆς
1538 2687 1807 2759 μετρικῆς

259 2782 645 2853 ἀκροστιχίδοςο
699 2781 1016 2847 ξενίζουσαν
1051 2780 1155 2850 μὲν
1209 2780 1284 2852 μὴ
1326 2782 1541 2834 εἰπεῖν·
1589 2780 1808 2833 όθνείαν

259 2873 309 2928 δὲ
336 2875 389 2942 ἐξ
419 2876 692 2946 ἀνάγκης,
736 2875 873 2930 διότι
918 2876 949 2945 ή
1010 2873 1138 2946 ξένη
1185 2874 1475 2938 ἀλλοίωσις
1523 2873 1809 2943 όμοτίμως

258 2967 425 3041 ὥσπερ
446 2971 547 3040 τήν
573 2968 880 3040 παράδοξον
907 2967 1052 3023 οὕτω
1083 2968 1181 3022 καὶ
1210 2967 1310 3038 τὴν
1343 2967 1562 3023 όθνείαν
1589 2966 1803 3037 ἐδήλου.

317 3240 404 3298 σν’.
440 3243 553 3297 Καὶ
590 3240 770 3296 τοίνυν
806 3243 952 3296 ποιεῖ
984 3240 1145 3295 τοῦτο
1180 3240 1332 3296 ἄκων
1353 3255 1368 3269 ⁸
1404 3236 1464 3294 εὖ
1494 3239 1594 3311 μὲν
1649 3237 1810 3302 εἰδὼς

258 3339 578 3405 παραποιεῖν
605 3335 664 3388 τὸ
693 3338 806 3399 τοῖς
860 3334 1251 3405 προκειμένοις
1295 3332 1626 3387 ἀκόλουθον·
1675 3332 1812 3387 ἀνα-

256 3430 406 3492 τιθεὶς
433 3430 490 3485 δὲ
530 3428 674 3483 αὐτὸ
696 3430 899 3500 γρίφου
949 3427 1106 3498 δίκην
1145 3426 1298 3497 παρά
1346 3425 1659 3494 εὐγνώμοσι
1694 3442 1815 3495 κρι⁴

257 3524 444 3585 τικοῖςο
475 3525 543 3594 τῇ
609 3520 757 3576 ἐστιν
814 3521 902 3579 ὅτε
944 3522 1064 3575 κατ’
1112 3520 1364 3591 ἀνάγκην
1409 3518 1814 3590 διθυραμϐὠδει

263 3614 622 3683 μεταχειρίσει
655 3615 754 3682 τῆς
785 3612 1083 3683 ποιήσεως,
1121 3611 1496 3683 ἀλλαξάμενος
1531 3611 1629 3679 τῆς
1683 3610 1813 3662 καθ’

258 3703 537 3774 ἑρμηνείαν
574 3704 878 3776 προσεχοῦς
921 3704 1123 3768 λέξεως
1162 3704 1263 3773 τὴν
1295 3704 1659 3775 πορρωτέρω,
1707 3720 1813 3756 πα-

262 3796 494 3863 ραδοξίας
524 3797 697 3868 χάριν
743 3797 841 3851 καὶ
885 3796 1332 3867 γλαφυρότητος·
1367 3797 1435 3850 δι’
1467 3797 1535 3867 ἣν
1565 3796 1663 3850 καὶ
1715 3795 1815 3849 ἀλ-

258 3885 392 3953 λοίας
436 3892 495 3945 ὲν
527 3891 747 3959 ἑτέροις
790 3888 1275 3962 παραδοξοφωνίας
1306 3889 1622 3960 ἐμάθομεν·
1671 3886 1814 3943 ὥστε

183 4038 189 4047 ι
258 3979 422 4034 ὀθνεῖα
475 3983 577 4035 νῦν
621 3981 933 4048 ἀλλοίωσις,
978 3983 1012 4052 ή
1070 3981 1195 4052 ξένη
1228 3983 1323 4036 καὶ
1361 3981 1812 4053 παρηλλαγμένη,

261 4071 552 4140 φρασθεῖσα
584 4071 728 4126 οὕτω
767 4071 1039 4144 ποιητικῷ
1074 4072 1472 4146 μεταληπτικῷ
1498 4074 1686 4145 τρόπῳ
1728 4074 1817 4128 δε-

258 4162 451 4236 δομένῳ
485 4167 601 4230 τοῖς
652 4166 936 4229 ἐποποιοῖς
962 4182 976 4198 θ
1016 4167 1113 4221 καὶ
1156 4166 1334 4231 ἄλλως
1370 4166 1427 4220 δὲ
1476 4165 1817 4235 διασαφῆσαι

260 4254 314 4307 τὸ
349 4256 587 4311 τοιοῦτον
640 4258 1035 4328 καινόσχημον,
1091 4257 1341 4326 φαίνεται
1394 4258 1429 4327 ή
1482 4257 1558 4321 ὡς
1610 4256 1815 4329 ἐρρέθη

260 4345 429 4401 ὀθνεία
481 4350 656 4418 ήγουν
712 4349 839 4419 ξένη
888 4348 1196 4417 ἀλλοίωσις,
1244 4350 1520 4423 προῆχθαι
1575 4344 1722 4405 κατά
1760 4367 1817 4404 τι

261 4438 422 4509 νόημα
465 4440 784 4512 σοφιστικὸν
818 4444 945 4513 μὲν,
1004 4444 1101 4496 καὶ
1145 4442 1247 4513 οὐχ
1294 4442 1469 4510 ὑγιὲς,
1520 4442 1715 4496 δοκοῦν
1759 4442 1818 4495 δὲ

258 4525 385 4585 εἶναι
414 4510 831 4602 συλλογιστικὸν
883 4534 1126 4587 τοιοῦτον
1156 4510 1491 4602 τὸν-ὀθνεῖον,
1541 4533 1690 4599 ξένον
1720 4534 1817 4606 δη·
1841 4510 1897 4571 D

260 4622 365 4675 λοῖ’
402 4624 550 4690 ξένον
578 4627 634 4680 δὲ
670 4627 731 4701 το
765 4627 1107 4699 παράδοξον·
1142 4628 1354 4681 ὀθνεῖον
1393 4626 1500 4698 ἄρα
1540 4629 1602 4683 τὸ
1635 4629 1819 4699 παρά-

260 4713 398 4781 δοξον
426 4736 440 4750 ο
480 4723 571 4772 καὶ
608 4720 821 4774 ἐκεῖθεν
859 4720 1151 4785 ἀλλοίωσις
1191 4720 1374 4774 ὀθνεῖα
1406 4721 1438 4791 ἡ
1470 4720 1777 4792 παράδοξος
1802 4737 1817 4753 °

260 4803 393 4859 οὕτω
421 4809 517 4860 καὶ
547 4809 717 4879 γλήνη
756 4810 788 4878 ή
822 4812 960 4881 κόρη
989 4826 1000 4840 ’
1055 4810 1190 4881 κόρη
1224 4810 1282 4865 δὲ
1325 4812 1508 4883 ἁπαλὴ
1548 4829 1629 4875 τις
1660 4813 1817 4884 γυνὴ,

262 4897 406 4969 atati;
440 4899 612 4973 γλήνη
651 4902 761 4972 ἄρα
797 4902 1005 4973 κόριον.

330 5085 461 5131 sua}.
500 5079 722 5133 Τούτων
754 5080 810 5133 δὲ
831 5081 1145 5151 ἀρκούντως
1165 5082 1307 5137 οὕτω
1332 5083 1630 5155 ῥηθέντων,
1666 5085 1823 5150 εἴτις

263 5169 541 5226 ἀλλοίωσιν
566 5172 787 5227 όθνείαν
821 5174 1060 5228 ἐνταῦθα
1084 5173 1236 5243 λέγει
1264 5174 1363 5245 τὴν
1391 5177 1448 5242 ἐξ
1478 5176 1639 5245 ὀρθοῦ
1669 5176 1825 5232 ἀλλο-

261 5262 433 5331 τρίαν,
466 5265 564 5318 οὐκ
595 5265 662 5319 ἂν
694 5264 916 5334 εὑρήσει
970 5264 1173 5336 ῥαδίως
1206 5263 1348 5320 οὕτω
1381 5268 1477 5320 καὶ
1535 5270 1825 5338 ἀπραγμό-

266 5369 369 5414 νως
404 5356 567 5408 ποθὲν
599 5359 900 5428 προσοχὴν.
937 5358 1062 5420 Πῶς
1090 5359 1199 5428 γὰρ
1233 5359 1496 5429 ἀλλοτρία
1535 5361 1568 5427 ή
1592 5361 1650 5413 ὲν
1684 5340 1827 5431 όῖγίῳ

268 5442 538 5515 ῐίνεύματι
574 5447 668 5501 νῦν
701 5449 975 5523 μεταϐολὴ
1006 5450 1100 5504 καὶ
1130 5450 1419 5515 ἀλλοίωσις
1453 5453 1518 5507 ἐκ
1551 5454 1649 5522 τῆς
1675 5454 1827 5523 παρά

268 5536 429 5601 φύσιν
477 5542 674 5607 κακίας
722 5543 819 5593 καὶ
871 5542 1147 5613 ἁμαρτίας
1206 5545 1288 5608 είς
1333 5544 1433 5614 τὴν
1470 5547 1610 5601 κατὰ
1664 5546 1828 5614 φύσιν

266 5628 677 5701 ἀναμαρτησίαν
708 5633 804 5686 καὶ
837 5633 1066 5704 ἀρετὴν,
1111 5636 1222 5688 εἴτε
1258 5637 1399 5690 κατά
1420 5638 1480 5688 τὸ
1520 5637 1700 5690 κοινὸν
1732 5657 1829 5708 ση-

257 5720 594 5787 μαινόμενον
624 5724 722 5795 τῆς
755 5725 1058 5795 εἰρημένης
1087 5725 1309 5793 λέξεως,
1345 5728 1470 5782 καθ’
1514 5729 1581 5800 ἢν
1624 5730 1832 5784 ὀθνεῖον

250 5806 396 5877 λέγει
455 5827 557 5879 τις
602 5816 700 5871 καὶ
752 5816 1061 5887 ἀλλότριον,
1100 5816 1269 5891 ήγουν
1325 5821 1402 5893 μὴ
1455 5822 1679 5889 οἰκεῖον,
1716 5821 1830 5877 εἴτε

1827 1824 1876 1885 Β

1891 569 2199 637 .diversam,
2222 581 2279 626 et
2304 573 2566 641 adaptare
2610 571 2773 625 istam
2839 569 2906 623 ad
2962 569 3469 639 interpretationem

1902 659 2163 729 subjectae
2188 660 2468 717 dictionis.
2495 660 2551 715 In
2578 658 2890 729 exemplum
2913 658 2986 713 sit
3011 670 3183 728 egens
3205 657 3473 727 interpre-

1902 752 2107 807 tatione
2126 752 2297 809 dictio
2320 754 2356 824 ή
2386 754 2557 823 γλήνη
2585 752 2641 807 in
2671 753 2775 808 ltoc
2802 769 2818 807 :
2873 751 2997 814 Abi,
3057 750 3200 804 mala
3254 750 3469 819 γλήνη;

1900 840 1956 898 et
1985 843 2356 914 interpretatio
2388 844 2484 900 ﬂat
2537 858 2634 914 per
2690 857 2877 899 vocem
2904 842 3065 912 κόρη.
3118 841 3258 896 Cum
3302 840 3472 909 igitur

1900 945 1988 992 est
2019 937 2238 1008 quidem
2261 939 2398 1011 κόρη
2449 938 2597 994 oculi
2621 937 2851 1006 pupilla,
2887 935 3026 1006 κόρη
3075 950 3211 990 vero
3243 949 3342 1004 per
3369 933 3471 988 lto—

1902 1032 2233 1103 monymiam
2261 1041 2345 1089 est
2370 1033 2533 1088 etiam
2555 1047 2679 1087 cum
2706 1031 2810 1086 alia
2836 1028 3238 1101 signiﬁcatione
3253 1029 3473 1097 juvenis

1904 1126 2124 1191 mulier,
2158 1125 2251 1182 ille
2285 1128 2506 1197 quidem
2556 1126 2650 1197 qui
2675 1127 2741 1196 τῇ
2767 1125 2941 1197 γλήνη
3007 1123 3288 1192 adaptavit
3320 1122 3473 1192 prio-

1902 1234 2018 1276 rem
2044 1219 2220 1290 κόρην
2251 1220 2319 1275 ad
2351 1221 2573 1275 oculum
2608 1219 3017 1289 respicientem,
3047 1224 3108 1271 ut
3134 1216 3285 1272 dicat
3311 1233 3325 1269 :
3356 1215 3469 1273 abi.

1904 1312 2044 1367 mala
2078 1311 2241 1376 visio,
2289 1312 2408 1367 sive
2437 1312 2601 1366 homo
2621 1312 2744 1368 visu
2777 1310 3034 1380 indigne;
3098 1307 3320 1379 praprie
3369 1321 3467 1361 seu

1903 1403 2231 1460 naturaliter
2256 1402 2651 1473 interpretatus
2682 1410 2786 1459 est.
2813 1399 2906 1456 Ille
2930 1413 3060 1455 vero
3085 1400 3204 1470 qui,
3237 1396 3473 1453 transfe-

1902 1510 2035 1553 rens
2053 1494 2170 1551 sive
2194 1503 2541 1550 commutatis
2569 1493 2864 1556 visionem,
2890 1507 2984 1561 per
3014 1490 3353 1560 metalepsim
3385 1490 3472 1543 di-

1902 1587 1986 1643 xit
2011 1604 2027 1642 :
2055 1586 2164 1650 abi,
2189 1586 2359 1640 κακὸν
2396 1586 2672 1654 κοράσιον,
2696 1601 2792 1641 seu
2821 1601 2855 1640 ο
2873 1584 3191 1640 muliercula
3220 1592 3277 1638 et
3303 1581 3472 1650 igna-

1902 1679 2126 1736 vissime
2148 1678 2334 1742 homo,
2371 1694 2477 1733 non
2504 1680 2638 1735 bene
2663 1679 2884 1749 quidem
2918 1678 3314 1746 interpretatus
3346 1681 3473 1737 est;

1903 1771 2000 1828 sed
2050 1769 2267 1826 videtur
2309 1770 2364 1825 vi
2419 1770 2561 1842 cogi,
2605 1780 2865 1841 tanquam
2925 1769 3223 1841 petitione,
3262 1780 3362 1821 cur
3402 1763 3475 1821 ad

1902 1865 2110 1935 γλήνην
2161 1863 2351 1920 dixisti
2399 1864 2501 1934 τὴν
2551 1864 2766 1936 κόρηνῖ
2806 1864 2942 1936 κόρῃ
2979 1875 3109 1919 vero
3159 1862 3362 1917 dicitur
3421 1870 3478 1915 et

1900 1957 1962 2010 τὸ
1996 1956 2273 2028 κοράσιον,
2316 1956 2604 2013 ostendere
2641 1955 3095 2025 interpretatione
3155 1962 3207 2008 te
3263 1952 3474 2007 dixisse

1903 2050 2049 2106 istud
2089 2068 2104 2105 :
2140 2051 2294 2121 έρῤε,
2328 2050 2473 2120 κακὴ
2510 2049 2711 2120 γλήνη,
2742 2063 2842 2118 pro
2893 2049 2998 2103 hoc
3028 2065 3043 2103 :
3072 2060 3283 2116 pereas,
3313 2046 3479 2099 homo

1902 2142 2233 2201 muliercula
2280 2153 2505 2213 propter
2535 2140 2837 2212 ignaviam.
2890 2137 3088 2202 i’orro,
3140 2137 3305 2192 simili
3344 2148 3484 2205 qus-

1904 2235 2029 2293 dam
2093 2236 2328 2301 ratione,
2387 2242 2570 2307 poeta,
2619 2245 2912 2306 postquam
2948 2231 3006 2285 in
3052 2231 3238 2285 animo
3288 2229 3485 2284 inseri-

1904 2335 2093 2396 pserat
2121 2326 2280 2397 ξένην
2315 2326 2671 2382 mutationem
2700 2326 3036 2395 dicere'quae
3062 2325 3121 2379 lit
3148 2339 3214 2378 ex
3269 2322 3483 2393 Spiritu

1905 2428 2122 2484 sancto,
2143 2418 2248 2474 hoc
2275 2417 2418 2473 forte
2442 2432 2668 2473 sumens
2695 2432 2762 2472 ex
2788 2416 2893 2471 isto
2931 2432 2945 2468 :
2972 2415 3209 2478 ’Δλλοίός
3237 2409 3329 2482 μοι
3351 2410 3482 2480 ξεῖν’

1905 2512 2114 2582 ἐφάνης
2139 2511 2259 2565 νέον
2284 2511 2350 2580 ὴὲ
2380 2509 2644 2581 πάροιθεν
2694 2524 2711 2565 :
2764 2509 2918 2563 Alius
2947 2507 3081 2562 mihi
3110 2544 3129 2573 ,
3151 2505 3346 2571 amice,
3378 2518 3481 2557 nuo

1906 2617 2004 2674 per
2024 2600 2112 2657 vel
2145 2611 2303 2656 antea
2331 2599 2483 2656 visus
2513 2615 2608 2664 es;
2635 2598 2924 2667 sciensque
2966 2596 3131 2664 ξένην
3180 2593 3291 2648 dici
3367 2606 3479 2647 non

1895 2690 2091 2751 solum
2129 2704 2446 2751 extraneam
2505 2692 2628 2748 visu
2649 2698 2706 2746 et
2755 2688 3274 2754 extraordinariam,
3331 2684 3479 2756 quod

1909 2788 2002 2845 hic
2028 2803 2156 2844 vere
2183 2787 2461 2851 convenit,
2492 2785 2586 2842 sed
2613 2787 2712 2854 τὴν
2770 2783 3010 2848 ὁθνείαν,
3081 2782 3199 2837 sive
3221 2781 3479 2846 alienam,

1910 2880 2241 2937 necessitate
2269 2889 2498 2935 coactus
2524 2890 2608 2933 est
2641 2875 3030 2933 acrostichidis
3068 2884 3269 2938 metro,
3331 2872 3482 2939 ξενί-

1910 2972 2112 3037 ζουσαν
2135 2972 2354 3041 quidem
2377 2985 2486 3027 non
2515 2971 2717 3037 dicere,
2752 2970 2850 3026 sed
2876 2968 3118 3034 όθνείαν,
3153 2966 3410 3037 quoniam
3444 2967 3480 3038 ή

1912 3064 2042 3134 ξένη
2103 3064 2391 3125 ἀλλοίωσις
2430 3062 2807 3131 pariter'sicut
2845 3059 3363 3127 extraordinariam,
3398 3056 3482 3117 sic

1835 3170 1882 3230 α
1912 3158 2079 3213 etiam
2102 3156 2334 3211 alienam
2377 3155 2739 3226 signiﬁcabat;

1988 3250 2117 3307 250.
2152 3249 2218 3305 Et
2246 3257 2430 3303 tamen
2473 3247 2605 3302 facit
2656 3249 2758 3302 hoc
2791 3246 3025 3312 invitus;
3063 3245 3204 3302 bene
3262 3242 3484 3314 quidem
3549 3259 3559 3265 ·

1917 3344 2102 3401 sciens
2164 3340 2406 3397 alienare
2457 3340 2603 3410 quod
2669 3339 2936 3409 subjectis
2988 3349 3074 3393 est
3130 3337 3483 3406 adiunctum;

1916 3436 2200 3507 applicans
2222 3442 2405 3489 autem
2440 3432 2573 3487 illud
2607 3432 2677 3487 ad
2698 3432 2918 3486 modum
2957 3429 3264 3500 aenigmatis
3297 3440 3485 3483 coram

1916 3527 2198 3584 benevolis
2229 3524 2475 3590 criticis;
2513 3524 2607 3579 tali
2639 3524 2803 3579 modo
2830 3524 3165 3592 quandoque
3195 3537 3264 3578 ex
3294 3532 3487 3575 neces-

1917 3620 2082 3676 sitate
2104 3618 2161 3673 in
2195 3616 2595 3687 dithyrambica
2632 3629 2861 3684 poeseos
2913 3614 3260 3677 tractatione,
3291 3612 3490 3668 dictio-

1920 3726 2045 3767 nem
2100 3708 2546 3779 interpretationi
2574 3710 2939 3780 propinquam
2977 3724 3103 3765 cum
3168 3707 3486 3777 longinqua,

1921 3800 2234 3857 mirationis
2261 3808 2315 3854 et
2365 3800 2650 3870 elegantiae
2681 3813 2870 3865 causa,
2922 3808 3172 3865 mutans;
3209 3798 3300 3853 ubi
3352 3797 3489 3853 alias

1921 3898 1977 3951 in
2014 3891 2655 3961 aliisﬂextraordinarias
2687 3906 2851 3946 voces
2908 3890 3254 3958 didicimus;
3298 3889 3375 3942 ita
3425 3899 3489 3942 ut

1918 3988 2105 4043 ὀθνεία
2131 3987 2202 4042 sit
2233 4001 2382 4041 nunc
2399 3987 2652 4050 mutatio,
2675 4000 2797 4054 qua:
2824 3992 3085 4045 extranea
3106 3985 3220 4039 sive
3239 3992 3485 4038 extraor—

1919 4081 2135 4138 dinaria
2170 4090 2280 4141 est,
2328 4078 2407 4132 sic
2448 4076 2664 4146 poetico
2717 4076 3033 4145 metalepsis
3086 4084 3245 4144 tropo
3304 4073 3489 4146 lyricis

1918 4185 2190 4230 concesso
2224 4169 2397 4224 dicta.
2429 4166 2512 4220 Ad
2549 4166 2712 4221 aliter
2760 4175 2943 4221 autem
2991 4165 3156 4220 etiam
3215 4164 3491 4233 explican-

1921 4267 2050 4322 dum
2087 4278 2286 4317 novam
2318 4259 2640 4329 huiusmodi
2670 4257 2929 4324 formam,
2958 4258 3178 4312 videtur
3197 4257 3323 4324 ista,
3349 4257 3495 4312 sicut

1920 4358 2130 4413 dictum
2184 4362 2290 4420 est,
2326 4352 2513 4407 όθνεία
2565 4352 2681 4409 sive
2714 4361 2976 4406 extranea
3022 4350 3254 4405 mutatio
3284 4352 3493 4419 prolata

1921 4451 2092 4507 fuisse
2117 4448 2268 4520 juxta
2292 4446 2567 4517 quoddam
2591 4452 2949 4515 conceptum,
2981 4441 3344 4511 sophisticum
3371 4442 3496 4513 qui-

1921 4542 2045 4598 dem
2075 4549 2134 4596 et
2177 4555 2288 4595 non
2341 4552 2563 4603 sanum,
2607 4536 2706 4592 sed
2741 4536 2919 4591 visum
2962 4534 3276 4604 huiusmodi
3324 4534 3494 4613 syllo-

1924 4634 2180 4705 gisticum
2206 4648 2221 4685 :
2251 4630 2310 4684 τδ
2336 4631 2564 4703 ὀθνεῖον,
2621 4639 2943 4683 extraneum
2974 4626 3283 4692 signiﬁtat;
3315 4635 3500 4682 extra-

1922 4740 2087 4783 neum
2115 4732 2301 4781 autem
2357 4731 2440 4777 est
2484 4718 2635 4790 quod
2662 4728 2746 4775 est
2769 4718 3267 4775 extraordinarium
3298 4734 3315 4772 :
3351 4719 3498 4776 unde

1923 4816 2106 4872 ὀθνεία
2158 4823 2244 4873 est
2295 4814 2526 4873 mutatio
2572 4828 2694 4882 quae
2754 4810 3192 4867 extraordinaria
3247 4821 3354 4868 est.
3402 4811 3498 4868 Sic

1924 4909 2089 4963 etiam
2123 4924 2137 4959 :
2166 4908 2341 4976 γλήνη
2379 4907 2413 4974 ή
2443 4906 2612 4973 κόρης
2642 4903 2781 4973 κόρη
2819 4918 2948 4958 vero
2976 4912 3063 4958 est
3086 4903 3339 4972 quaedam
3374 4919 3497 4961 mu-

1925 5001 2026 5056 lier
2058 5000 2287 5063 tenella;
2318 4999 2501 5068 ergoq
2536 4995 2709 5066 γλήνη
2753 5006 2840 5052 est
2867 4997 3035 5052 etiam
3056 4998 3260 5067 puella.

1996 5091 2123 5146 ΞΜ.
2155 5090 2257 5144 His
2285 5100 2467 5142 autem
2491 5086 2830 5147 sufﬁcienter
2858 5089 2930 5143 ita
2955 5089 3144 5156 dictis,
3167 5093 3212 5147 si
3245 5093 3370 5162 quis
3396 5093 3492 5148 ἀλ-

1926 5184 2144 5235 λοίωσιν
2191 5178 2405 5233 ὀθνείαν
2453 5178 2541 5232 hic
2573 5177 2708 5232 dicit
2749 5178 2901 5234 illam
2936 5196 3060 5251 quin
3090 5198 3163 5237 ex
3218 5193 3369 5238 recto
3413 5193 3498 5238 est

1928 5276 2128 5337 aliena,
2157 5288 2268 5327 non
2318 5272 2394 5326 ita
2429 5271 2589 5327 facile
2612 5273 3017 5342 commodeque
3043 5275 3151 5330 sibi
3178 5276 3501 5331 conciliabit

1932 5367 2287 5421 attentionem
2322 5381 2336 5395 -
2371 5363 2650 5432 quomodo
2684 5365 2833 5421 enim
2870 5366 3055 5421 aliena
3080 5377 3227 5421 esset
3259 5382 3500 5437 praesens

1930 5459 1987 5515 iu
2039 5456 2245 5526 Spiritu
2275 5464 2468 5511 sancto
2511 5458 2743 5510 mutatio
2772 5466 2937 5523 atque
2975 5456 3393 5513 transformatio
3431 5477 3498 5514 ex

1934 5548 2142 5607 malitia
2168 5556 2223 5601 et
2254 5546 2416 5617 culpa
2466 5556 2660 5602 contra
2691 5559 2971 5609 naturam.
3014 5548 3074 5601 in
3113 5548 3391 5616 justitiam
3444 5562 3502 5607 et

1931 5640 2195 5696 virtutem
2232 5638 2392 5709 juxta
2446 5649 2726 5707 naturam,
2771 5640 2885 5695 sive
2917 5642 3217 5695 secundum
3253 5656 3503 5698 coruum.

1933 5748 2058 5788 nem
2090 5740 2408 5787 memorata:
2436 5732 2591 5787 vocis
2644 5732 3308 5803 signiﬁcationem,juxta‘
3333 5749 3500 5805 quam

1933 5824 2142 5879 ὀθνεῖον
2177 5823 2314 5880 dicit-
2348 5823 2514 5881 etiam
2541 5822 2741 5895 aliquis
2769 5824 3070 5908 ἀλλότριον,
3106 5841 3207 5884 seu
3235 5842 3347 5893 non
3376 5842 3505 5902 pro-
