3760 6548
364 335 467 404 ’151

363 446 566 517 prium,
596 445 712 503 sive
738 447 1038 505 secundum
1079 448 1441 519 scriptionem
1483 464 1593 520 qua
1640 447 1939 517 ἀλλόφυλοι
1965 456 2019 516 Α

365 540 497 596 dicti
524 548 656 597 sunt
702 539 755 594 οί
793 539 1104 611 ἀλλότριοιῖ
1153 557 1265 606 non
1321 553 1409 598 est
1453 542 1600 598 enim
1642 542 1807 597 nobis
1834 542 1942 604 im,-

369 635 589 706 propria
626 637 682 690 in
742 634 950 692 bonum
1007 651 1074 692 ex
1126 637 1271 691 malo
1323 637 1580 699 mutatio,
1641 651 1799 692 neca
1833 636 1945 692 Deo

367 728 574 784 alienat
603 743 700 785 eos
738 727 832 799 qui
861 729 1164 786 secundum
1201 728 1376 798 ipsam
1419 737 1745 784 mutantur:
1799 728 1945 783 unde

367 835 477 878 non
505 830 593 877 cst
618 821 924 892 epitltetum
950 822 1264 892 huiusmodi
1296 821 1672 878 conversionis
1696 824 1728 891 ή
1761 808 1947 876 develat

367 911 484 967 sive
529 911 656 980 ξένη
717 919 978 981 tanquam
1007 911 1298 982 ἀλλοτρίας
1344 920 1398 966 et
1436 913 1506 966 ita
1557 911 1782 982 quidem
1809 911 1944 968 sub.

369 1003 614 1059 invisum
629 1009 718 1060 est
747 1003 1041 1076 ἀλλοτρίαν
1072 1006 1351 1077 (alienam)
1375 1004 1472 1077 τὴν
1497 1005 1712 1060 ὀθνείαν
1737 1005 1944 1079 (extra-

369 1097 552 1166 neam)
588 1097 967 1168 interpretari.

439 1193 570 1248 252.
606 1192 666 1248 Si
695 1193 821 1262 quis
853 1201 1037 1250 autem
1070 1191 1218 1246 dicat
1246 1192 1393 1248 illius
1432 1193 1533 1249 aevi
1555 1202 1784 1250 sanctos
1825 1195 1944 1264 spi-

370 1287 644 1344 rituaiiter
670 1294 913 1341 mutatos
954 1284 1130 1344 fuisse
1163 1285 1292 1358 ξένῃ
1332 1286 1644 1353 ἀλλοιώσει,
1694 1303 1819 1358 ηοω
1851 1275 1942 1340 ἐσθ’.

367 1381 486 1436 vcta
506 1380 624 1436 sive
657 1377 920 1449 ιίιλλοτρίε⁵
947 1386 1069 1434 erat
1098 1394 1274 1449 usque
1303 1382 1371 1436 ad
1425 1383 1600 1451 ipsos,
1629 1382 1716 1437 vel
1760 1396 1791 1436 a
1825 1397 1947 1447 qua

369 1473 522 1545 prius
550 1472 654 1544 ipsi
684 1471 908 1527 alienati
938 1481 1105 1543 atque
1136 1474 1398 1543 disiuncti
1433 1473 1681 1542 fuerant,
1715 1485 1804 1531 est
1825 1479 1953 1546 qui—

369 1569 496 1624 dem
531 1566 758 1622 violenti
797 1566 1073 1636 quoddam
1117 1567 1233 1623 haec
1290 1568 1622 1637 expressio;
1672 1567 1952 1625 benevolis

368 1667 552 1715 autem
574 1658 920 1715 auditoribus
948 1658 1252 1730 accipietur
1277 1676 1292 1725 ;
1323 1661 1350 1713 ὁ
1382 1660 1591 1723 ὀθνεῖος
1617 1673 1748 1714 vero
1791 1675 1948 1714 mas-

371 1751 644 1819 culinum,
673 1765 740 1808 ex
775 1766 887 1822 quo
920 1752 954 1823 ἡ
983 1751 1193 1817 ὀθνεῖα,
1225 1767 1255 1806 e
1288 1768 1420 1807 voce
1449 1751 1604 1816 νόθος
1632 1751 1947 1819 derivatur;

359 1860 404 1902 ει
441 1859 549 1916 qua
573 1845 719 1900 sicut
741 1819 964 1918 Κάδμος
991 1847 1274 1916 καδμείος,
1307 1846 1390 1900 sic
1438 1847 1594 1908 νόθος
1623 1846 1856 1909 νοθείος,
1898 1856 1955 1902 ει
1987 1819 2028 1874 Β

373 1936 571 1994 littora:
595 1938 1024 2009 transpositione
1045 1939 1286 2004 ὀθνεϊος;
1319 1949 1373 1994 ει
1397 1939 1537 1994 forte
1560 1939 1662 1993 hoc
1688 1948 1772 1996 est
1803 1938 1952 2008 quod

373 2029 542 2085 etiam
585 2030 660 2085 ibi
690 2028 819 2085 fecit
849 2030 918 2086 de
942 2029 1131 2100 ὀθνείᾳ
1180 2029 1487 2086 mutatione
1515 2028 1953 2100 ambiguitatemt

371 2121 512 2178 Cum
547 2122 694 2178 enim
722 2122 878 2187 νόθος
914 2124 1138 2194 proprie
1170 2122 1389 2194 quidem
1417 2131 1503 2178 est
1531 2121 1678 2179 [ilius
1705 2124 1801 2194 qui
1845 2139 1953 2179 non

369 2223 458 2270 est
487 2227 782 2285 germanus
807 2223 862 2270 et
887 2214 1163 2286 legitimus
1186 2215 1518 2285 generatori,
1559 2216 1828 2286 praevenit
1855 2231 1956 2272 au-

374 2315 486 2362 tem
521 2308 612 2362 illa
642 2308 811 2364 dictio
844 2308 976 2378 poni
1007 2308 1076 2363 de
1110 2307 1276 2363 rebus
1313 2307 1643 2379 simpliciter
1672 2310 1956 2367 extraneis

373 2409 430 2456 ει
447 2399 528 2455 sic
553 2399 782 2466 alienis;
815 2399 1012 2457 deinde
1037 2415 1166 2456 vero
1181 2399 1419 2456 deducta
1442 2409 1574 2457 sunt
1592 2402 1758 2458 etiam
1791 2403 1955 2458 verba

374 2493 404 2545 ό
454 2493 667 2558 ὀθνεῖος
716 2503 771 2548 ει
823 2502 1023 2549 cetera
1076 2494 1346 2562 derivata,
1386 2495 1628 2566 propria
1687 2496 1952 2552 dictionis

375 2584 522 2640 illius
571 2584 885 2640 immutatio
937 2586 1306 2640 commutavit
1357 2586 1525 2641 etiam
1566 2597 1832 2657 concepta
1892 2589 1946 2643 in

365 2678 576 2748 quibus
625 2678 733 2733 illa:
777 2693 944 2734 voces
999 2678 1423 2748 spargebantur,
1453 2687 1511 2734 et
1543 2681 1852 2749 praesertim
1903 2680 1957 2734 in

375 2769 743 2840 dispositione
773 2770 1011 2841 poetica.

443 2860 574 2916 255.
621 2860 952 2919 Laudandus
998 2875 1162 2933 porro
1191 2870 1350 2934 poeta
1404 2871 1488 2919 est
1536 2864 1706 2934 quod,
1764 2879 1960 2920 neces-

375 2955 595 3012 sitatem
625 2955 836 3011 habens
869 2955 925 3010 in
961 2956 1128 3011 tertio
1149 2970 1314 3012 versu
1344 2954 1456 3026 jam
1487 2957 1704 3011 tractati
1740 2957 1958 3011 initium

377 3047 448 3104 ab
472 3065 501 3104 ο
531 3047 682 3103 brevi
711 3047 970 3117 ponendi,
1001 3047 1160 3103 talem
1207 3047 1264 3102 in
1327 3047 1489 3102 metri
1521 3048 1851 3104 necessitate
1881 3049 1963 3103 di-

379 3144 617 3196 ctionem
652 3139 880 3197 invenit.
904 3140 1372 3196 Considerandum
1405 3151 1490 3196 est
1520 3153 1702 3196 autem
1731 3157 1799 3197 an
1824 3142 1962 3198 forte
1984 3175 2031 3240 c

371 3241 490 3288 non
546 3233 619 3288 sit
669 3232 863 3291 melius
921 3233 1164 3288 scribere
1197 3233 1558 3288 mutationem:
1617 3233 1828 3288 ὀθνεῖον
1886 3234 1957 3290 ab

377 3326 546 3382 attice
597 3325 938 3381 nominativo
972 3326 1007 3396 ή
1073 3326 1309 3390 ὀθνείος.
1366 3326 1560 3383 Dicere
1614 3341 1808 3398 nempe
1858 3330 1958 3400 τὴν

377 3420 595 3474 ὀθνείαν
631 3420 685 3473 in
725 3419 1122 3474 communibus
1162 3418 1361 3475 iambis
1412 3433 1522 3474 non
1580 3430 1668 3476 est
1721 3435 1959 3478 consue-

379 3519 536 3578 tum;
588 3521 849 3580 tanquam
885 3509 1172 3579 spondam,
1209 3524 1278 3564 ex
1327 3509 1518 3581 regula
1576 3515 1957 3582 grammatica,

375 3604 644 3660 evadente
673 3601 917 3658 secundo
947 3601 1104 3672 pede,
1141 3611 1368 3672 propter
1393 3603 1610 3675 longam
1638 3607 1791 3663 vocis
1819 3607 1959 3661 ﬁna-

379 3695 484 3750 lem
513 3694 776 3766 ήόθνεία.
811 3692 970 3749 Sicut
1011 3694 1161 3749 enim
1219 3709 1290 3751 ex
1319 3696 1417 3750 τοῦ
1462 3697 1610 3750 θείου
1650 3697 1751 3768 τήν
1805 3700 1960 3753 θείαν

379 3788 747 3845 communiter
771 3787 1146 3853 extendimus,
1180 3787 1266 3844 sic
1299 3790 1466 3846 etiam
1501 3806 1566 3845 ex
1600 3791 1696 3844 τοῦ
1743 3793 1955 3846 όθνείου

378 3881 478 3952 τήν
549 3880 788 3934 όθνείαν.
860 3878 920 3934 Si
1006 3894 1137 3935 vero
1214 3879 1358 3936 forte
1411 3893 1571 3952 poeta
1632 3884 1958 3942 recordatus

385 3973 528 4033 istud
556 3988 571 4026 :
601 3976 669 4043 τῇ
697 3973 884 4045 μακρᾷ
917 3973 1148 4046 πέμπτῃ
1178 3973 1391 4045 μακρὸν
1431 3973 1601 4042 ὕμνον
1631 3974 1824 4047 ἐξᾴδω,
1862 3993 1954 4034 se-

381 4066 622 4121 cundum
656 4066 803 4120 hunc
856 4065 1103 4122 iambum
1151 4080 1378 4122 mensus
1413 4075 1499 4122 est
1544 4083 1762 4139 quoque
1819 4084 1959 4140 pra:-

387 4171 625 4225 sentem,
660 4174 771 4214 non
805 4159 1080 4214 inutiliter
1132 4159 1221 4214 hic
1251 4162 1710 4228 contradicimus,
1759 4165 1855 4219 sed
1907 4165 1962 4220 in

385 4253 708 4316 memoriam
743 4267 1070 4308 revocamus
1097 4252 1245 4324 quod
1288 4253 1547 4312 similiter
1575 4255 1708 4312 fecit
1735 4267 1960 4313 sanctus

388 4348 477 4429 ille
499 4344 742 4402 Ioannes
776 4347 927 4401 etin
986 4347 1092 4403 hoc
1142 4363 1160 4404 :
1219 4349 1646 4420 ἐπισφραγίζων
1704 4353 1770 4422 τῇ
1811 4351 1964 4415 ξέσει

385 4439 480 4493 τοῦ
521 4437 865 4510 Πνεύματος.
899 4439 1034 4495 Nam
1061 4440 1215 4496 verbi
1261 4441 1587 4513 σφραγίζειν
1629 4442 1854 4500 initialis
1883 4454 1965 4501 est

1103 337 1525 399 EUSTATIIII
1565 333 2319 400 THESSALONICENSIS
2352 336 2924 400 METROPOLITIE

3478 349 3560 412 752

2045 449 2192 504 κατὰ
2220 449 2284 503 τὺ
2312 451 2587 520 γραφικόν
2608 451 2668 502 ἐν
2685 442 2727 516 ᾧ
2756 447 3050 519 ἀλλόφυλοι
3067 450 3362 520 ἐρρέθησαν
3381 457 3424 508 οἱ
3443 458 3564 514 ἀλλά.

2046 559 2230 614 τριοι;
2268 543 2396 598 οὔτε
2417 545 2530 616 γὰρ
2558 544 2827 608 ἀνοίκειος
2849 545 2983 614 ήμῖν
3017 544 3048 612 ή
3088 547 3152 597 ἐκ
3182 545 3347 600 κακοῦ
3386 553 3454 616 εἰς
3487 574 3563 610 κα-

2045 634 2139 689 λὸν
2166 634 2465 704 μεταϐολὴ,
2499 633 2626 688 οὕτε
2679 634 2776 686 τοῦ
2808 632 2945 686 Θεοῦ
2997 632 3273 704 ἁλλοτριοί
3317 640 3431 702 τοὺς
3472 648 3568 698 κατ’

2045 728 2218 798 αὐτὴν
2270 727 2694 796 ἁλλοιουμένους
2723 741 2739 758 ο
2789 723 2934 780 ὥστε
2989 725 3112 780 om
3169 726 3316 780 ἐστιν
3361 731 3599 805 ἐπίθετον,

2045 819 2391 882 ἀλλοιώσεως
2419 819 2681 885 τοιαύτης
2701 820 2735 887 ή
2764 818 2952 871 όθνεία
2981 819 3152 890 ἤγουν
3188 819 3313 891 ξένη
3344 821 3414 886 ὡς
3441 826 3570 890 ἀλλο.

2045 912 2175 983 τρία
2199 929 2216 946 ο
2271 914 2371 966 καὶ
2411 909 2558 965 οὕτω
2621 911 2723 981 μέν
2764 911 3122 966 ὐποδίσκολον
3171 911 3232 966 τὸ
3282 914 3570 988 ἑρμηνεῦσαι

2047 1006 2336 1078 ἀλλοτρίαν
2362 1005 2464 1079 τήν
2502 1006 2625 1060 όθνε
2635 1006 2744 1060 ίαν.

2121 1185 2258 1258 σνβ’.
2296 1186 2359 1240 El
2385 1186 2445 1240 δέ
2475 1203 2560 1248 τις
2583 1187 2734 1239 εῐποι
2753 1186 2880 1249 τοὺς
2905 1186 3032 1240 τότε
3087 1185 3274 1254 ἁγίους
3307 1187 3572 1260 ἠλλοιωμέ-

2048 1297 2176 1342 νους
2225 1277 2619 1348 πνευματικῶς
2662 1275 2827 1348 ξένην
2885 1266 3199 1339 ἀλλοίωσιν,
3249 1279 3348 1332 καὶ
3396 1279 3572 1337 όθνείαν

2049 1373 2172 1443 ἦτοι
2219 1372 2514 1444 ἀλλοτρίαν
2551 1372 2718 1444 μέχρι
2777 1372 2878 1427 καὶ
2923 1370 3046 1424 τότε
3087 1369 3292 1437 αὐτῶν,
3340 1373 3491 1442 ήγουν
3517 1372 3574 1444 ἦς

2050 1467 2183 1538 πρὶν
2213 1466 2374 1520 αὐτοὶ
2423 1464 2770 1531 άπεξένωντο
2792 1464 2890 1518 καὶ
2923 1463 3308 1536 ὴλλοτρίωντο,
3359 1465 3461 1520 ἐστι
3493 1469 3570 1538 μὲν

2054 1559 2278 1629 βιαστόν
2331 1579 2385 1614 τι
2438 1560 2592 1615 τουτὶ
2638 1559 2702 1613 τὸ
2756 1559 2967 1630 ὄνομαο
3021 1558 3476 1628 προσρηθήσεται
3528 1561 3572 1614 δὲ

2051 1655 2352 1724 ἀκροαταῖς
2382 1651 2763 1723 εὐγνώμοσινο
2817 1655 2847 1706 ό
2879 1652 3089 1713 όθνεῖος
3123 1651 3181 1702 δὲ
3227 1651 3490 1720 ἀρσενικὸν
3525 1653 3572 1719 ἐξ

2052 1737 2116 1799 οὗ
2140 1746 2174 1814 ἡ
2217 1744 2404 1798 όθνεία
2443 1747 2507 1797 ἐκ
2535 1743 2632 1798 τοῦ
2659 1742 2815 1808 νόθος
2844 1742 3135 1814 παρῆκται
3158 1757 3172 1771 ³
3200 1742 3289 1811 ἀφ’
3320 1743 3378 1796 οὖ
3424 1744 3576 1816 ὥσπερ

2059 1837 2284 1906 Κάδμος
2317 1836 2605 1908 καδμεῖος,
2653 1834 2800 1890 οὕτω
2847 1837 3002 1899 νόθος
3049 1834 3276 1900 νοθεῖος,
3309 1836 3398 1889 καὶ
3446 1854 3576 1907 μετο-

2061 1929 2212 1983 θέσει
2241 1931 2512 2000 στοιχείου
2535 1931 2742 1992 όθνεῖος
2770 1947 2785 1962 ο
2816 1928 2916 1982 καὶ
2947 1928 3091 1998 τάχα
3113 1927 3273 1982 τοῦτό
3300 1931 3410 1981 ἐστι
3429 1930 3482 1982 τὸ
3507 1934 3580 1985 καὶ

2058 2025 2296 2081 ἐνταῦθα
2341 2025 2654 2094 πεποιηκὸς
2703 2023 2804 2094 τὴν
2851 2025 2944 2078 ἐπὶ
2987 2027 3056 2094 τῇ
3102 2023 3285 2095 ὀθνείᾳ
3342 2023 3579 2078 ἀλλοιώσει

2059 2118 2504 2190 στρεϐλολογίαν.
2547 2118 2704 2171 Ἐπεὶ
2742 2118 2852 2187 γὰρ
2885 2117 3041 2180 νόθος
3085 2116 3185 2186 μὲν
3210 2115 3407 2186 κυρίως
3433 2117 3528 2181 υίὸς
3558 2119 3579 2169 6

2063 2212 2139 2283 μὴ
2165 2213 2388 2282 γνήσιος
2418 2212 2511 2264 καὶ
2537 2209 2766 2280 ἐννομος
2801 2210 2880 2281 τῷ
2905 2209 3302 2280 γεννησαμένῳ
3334 2224 3349 2240 ο
3379 2207 3498 2280 ἔφθη
3537 2210 3580 2264 δὲ

2060 2309 2094 2378 ή
2129 2307 2276 2370 λέξις
2305 2307 2536 2378 τεθῆναι
2565 2306 2664 2359 καὶ
2696 2305 2790 2359 ἐπὶ
2821 2304 2931 2358 τῶν
2984 2303 3175 2366 ἁπλῶς
3206 2301 3365 2368 ξένων
3395 2303 3477 2356 καὶ
3511 2303 3580 2355 οὖα

2059 2419 2167 2465 τως
2197 2402 2500 2473 ἀλλοτρίων
2525 2417 2541 2432 ο
2573 2400 2786 2454 ἐκεῖθεν
2821 2399 2878 2453 δὲ
2911 2399 3203 2468 κεκίνηται
3239 2399 3327 2449 καὶ
3353 2398 3380 2450 ό
3417 2396 3580 2460 ὀθνείος

2059 2494 2156 2546 καὶ
2181 2495 2247 2547 τὰ
2271 2493 2328 2558 ἐξ
2345 2493 2531 2558 αὐτοῦ,
2557 2493 2589 2563 ή
2620 2494 2722 2562 τῆς
2749 2491 3099 2562 κυριολεξίας
3149 2490 3354 2559 ἐκείνης
3383 2491 3578 2558 ἐκτροπή

2063 2587 2480 2656 συνεξέστρεψε,
2509 2586 2602 2639 καὶ
2625 2585 2692 2639 τὰ
2719 2587 2970 2657 νοήματα
2994 2587 3054 2638 ἐν
3083 2579 3169 2649 οἷς
3190 2583 3422 2637 τοιαῦται
3441 2583 3579 2648 λέξεις

2061 2681 2522 2751 κατεσπάρησαν,
2548 2679 2654 2733 καὸ
2686 2680 2954 2733 κάλλιστα
2996 2679 3058 2732 ἐν
3093 2677 3328 2732 διαθέσει
3351 2679 3580 2748 ποιητικῇ.

2133 2856 2272 2925 σνγ’.
2312 2857 2660 2911 Ἐπαινετέον
2695 2857 2760 2929 δὴ
2813 2859 2912 2912 τὸν
2970 2855 3220 2928 μεληδὸν
3261 2858 3340 2910 ὅτι
3386 2858 3583 2926 ἀνάγκην

2045 2951 2204 3023 -ἔχων
2235 2953 2294 3004 ἐν
2313 2951 2394 3023 τῷ
2419 2952 2592 3022 τρίτῳ
2623 2951 2792 3023 στίχῳ
2837 2951 2933 3004 τοῦ
2967 2952 3475 3022 προκεχειρισμένον
3503 2953 3584 3006 ἀπὸ

2063 3045 2158 3098 τοῦ
2189 3043 2230 3098 o'
2263 3043 2466 3115 μικροῦ
2495 3043 2689 3098 θέσθαι
2725 3045 2925 3114 ἀρχὴν,
2964 3044 3164 3115 ἐξεῦρε
3187 3046 3430 3114 τοιαύτην
3468 3045 3584 3112 λέξιν

2068 3141 2125 3192 ἐν
2161 3139 2378 3209 ἀνάγκη
2411 3154 2512 3209 μετ
2525 3141 2681 3208 ρικῇ.
2722 3139 3038 3207 Σκοπητέιον
3071 3137 3136 3192 δὲ
3185 3140 3385 3208 μήποτε
3411 3137 3584 3192 κάλλιόν

2067 3234 2183 3286 ἐστι
2215 3232 2427 3303 γράψαι
2448 3231 2662 3285 ὀθνεῖον
2691 3231 3004 3295 ἀλλοίωσιν,
3054 3234 3171 3286 ἀπὸ
3213 3232 3416 3297 εὐθείας
3451 3235 3587 3286 ’Δττι-

2067 3324 2174 3394 κῆς
2205 3324 2308 3392 τῆς
2340 3326 2373 3394 ή
2414 3323 2622 3388 όθνείος
2644 3339 2658 3354 ·
2686 3323 2789 3394 τὴν
2845 3323 3064 3379 όθνείαν
3113 3326 3223 3400 γὰρ
3251 3327 3414 3378 είπετν
3441 3325 3490 3379 οὐ
3513 3325 3581 3378 σύ-

2067 3418 2232 3489 νηθες
2281 3418 2338 3471 ἐν
2370 3417 2646 3488 ίαμϐείοις
2709 3419 2948 3479 κοινοῖς⁹
2993 3411 3085 3470 οἷα
3135 3419 3407 3472 σπονδείου
3441 3419 3584 3472 κανόνι

2067 3511 2448 3584 γραμματικῷ
2474 3509 2908 3580 άπεκόαίνρντος
2939 3511 3033 3566 τοῦ
3053 3512 3314 3583 δευτέρου
3343 3513 3498 3577 ποδὸς,
3519 3511 3582 3564 διὰ

2067 3603 2168 3672 τὴν
2195 3601 2472 3671 λήγουσαν
2512 3600 2610 3654 τοῦ
2635 3603 2669 3671 ή
2698 3601 2905 3657 όθνεία.
2955 3601 3042 3668 Ὠς
3093 3605 3204 3676 γὰρ
3235 3607 3298 3658 ἐκ
3339 3603 3424 3658 τοῦ
3471 3604 3582 3656 θείου

2066 3698 2167 3764 τὴν
2205 3695 2357 3749 θείαν
2384 3693 2703 3764 ἐκτείνομεν
2735 3695 3066 3766 κοινόνερον.
3097 3695 3272 3760 οὕτως
3302 3699 3391 3751 καὶ
3425 3698 3480 3749 ὲκ
3508 3695 3578 3749 τοῦ

2065 3785 2275 3840 ὀθνείου
2308 3785 2407 3856 τὴν
2432 3783 2664 3839 όθνείαν.
2698 3786 2759 3838 Et
2800 3785 2857 3838 δέ
2895 3788 3026 3850 ἴσως
3051 3788 3078 3839 ό
3113 3787 3346 3859 μελῳδος
3400 3789 3585 3856 ἐνθυμηο

2069 3879 2182 3942 θεὶς
2206 3878 2268 3931 τδ
2297 3881 2364 3950 τῇ
2393 3880 2581 3950 μακρᾷ
2605 3880 2832 3952 πέμπτῃ
2857 3885 3066 3951 μακρὸν
3089 3881 3262 3951 ὕμνον
3281 3880 3451 3954 ἐξᾴδω,
3482 3880 3584 3950 πρὶς

2067 3972 2248 4026 ἐκεῖνο
2275 3972 2337 4026 τὸ
2367 3972 2621 4042 ίαμὸεῖον
2655 3972 2873 4026 ἐπόόισε
2908 3977 3002 4027 καὶ
3021 3975 3080 4026 τό
3116 3975 3312 4046 παρόν,
3355 3976 3442 4029 οὐκ
3469 3976 3586 4028 ἀντι.

2071 4063 2344 4134 πίπτομεν
2396 4064 2476 4130 είς
2525 4065 2680 4120 οὐδὲν
2710 4065 2850 4133 δέον,
2909 4067 3402 4138 ὑπομιμνήσκομεν
3446 4067 3493 4121 δὲ
3528 4066 3586 4128 ὡς

2068 4160 2254 4229 ὅμοιον
2281 4155 2590 4228 πεποίηκεν
2619 4156 2646 4210 ό
2673 4157 2820 4229 ἱερὸς
2869 4159 3130 4228 Ἰωάννης
3159 4158 3336 4226 οὗτος,
3361 4159 3448 4214 καὶ
3467 4160 3514 4213 ἐν
3531 4158 3586 4227 τῷ

2071 4247 2488 4321 ἐπισφραγίζων
2538 4252 2606 4321 τῇ
2658 4250 2804 4316 ζέσει
2833 4250 2928 4304 τοῦ
2983 4252 3325 4321 Πνεύματος.
3371 4253 3470 4317 Τοῦ,
3507 4256 3588 4321 γὰρ

2072 4342 2400 4412 σφραγ¹ζειν
2449 4343 2742 4397 ἐκτέταται
2774 4345 2808 4415 ή
2843 4344 3116 4415 ἄρχουσα,
3145 4348 3291 4402 καθά
3337 4351 3425 4401 καὶ
3465 4347 3590 4418 ήτῆς

2073 4435 2393 4505 σφραγὶδος.
2425 4434 2503 4499 ὡς
2533 4436 2636 4490 οὐκ
2682 4435 2833 4490 ἔστιν
2871 4437 3209 4508 ἀμφιϐαλεῖν
3250 4439 3411 4510 ἄνδρα
3452 4457 3590 4511 γραμ-

386 4540 634 4595 extensa,
667 4531 815 4588 sicut
849 4533 1002 4587 vocis
1051 4533 1374 4603 σφραγῖδος,
1407 4543 1466 4589 ιιι
1513 4548 1623 4589 non
1659 4544 1744 4590 est
1781 4535 1952 4590 ambi-

2073 4529 2320 4600 ματικόν.
2353 4531 2474 4585 Ὀτι
2493 4531 2551 4586 δὲ
2581 4533 2918 4604 ήρωῖζοντες
2952 4534 3124 4590 πολλὰ
3155 4536 3252 4591 καὶ
3289 4537 3494 4592 τοιαῦτα
3517 4537 3591 4604 θηο

374 4625 631 4695 -gendum
687 4624 897 4680 bomini
929 4626 1317 4696 grammatico.
1350 4624 1507 4693 Quod
1538 4637 1722 4683 autem
1757 4627 1966 4684 heroici

375 4715 561 4773 inulta
591 4729 811 4786 quoque
840 4715 972 4770 talia
1011 4714 1236 4769 nomina
1274 4715 1542 4772 feminina
1589 4718 1645 4772 in
1680 4717 1844 4788 alpha
1872 4718 1969 4772 de-

389 4805 630 4860 sinentia
667 4821 734 4860 ex
789 4804 1050 4878 genitivis
1082 4819 1181 4876 per
1213 4805 1432 4881 longam
1490 4792 1802 4874 tel‘miuatis
1832 4822 1970 4864 con-

395 4897 644 4965 trahunt,
677 4911 786 4951 non
846 4908 934 4954 est
977 4897 1469 4957 contradicendum
1535 4910 1878 4968 constanter,
1919 4902 1968 4956 si

387 4992 511 5060 quis
533 4999 797 5062 expertus
829 4993 924 5048 sit.
955 4989 1164 5048 Vocem
1202 5006 1337 5048 vero
1369 4993 1830 5065 εὐπρεπεστάτην
1866 5007 1970 5064 pro

336 5069 338 5071 ’
390 5082 566 5154 καλὴν
597 5085 887 5154 usurpavit
914 5084 1184 5152 melodus,
1215 5087 1353 5142 bene
1371 5101 1589 5158 quoque
1611 5087 1684 5142 ibi
1713 5088 1928 5142 locutus
1952 5102 1967 5142 :

391 5176 437 5228 si
473 5175 836 5247 enimjuxta
907 5177 1202 5248 quemdam
1254 5177 1551 5243 dicentem,
1604 5177 1835 5248 pulchra
1887 5187 1972 5233 est

392 5269 624 5323 mutatio
652 5268 897 5326 dextera:
945 5269 1192 5336 Excelsi,
1229 5273 1396 5331 etiam
1445 5270 1970 5327 convenientissima

390 5368 558 5418 eSset.
591 5359 704 5416 Iloc
731 5372 912 5419 autem
951 5363 1302 5421 demonstrat
1351 5362 1450 5433 τήν
1498 5361 1717 5416 ὀθνείαν
1761 5357 1971 5418 intelli-

386 5455 627 5522 gendum
663 5471 786 5512 esse
813 5471 923 5513 non
979 5459 1236 5522 alienam,
1295 5456 1392 5512 sed
1423 5455 1914 5512 extraordinariam
1952 5474 1968 5512 :

387 5549 518 5601 talis
547 5550 692 5602 eiiim
749 5559 835 5604 est
868 5550 983 5606 hac
1015 5549 1271 5616 mutatio,
1315 5548 1527 5603 diceret
1571 5548 1795 5619 aliquis,
1847 5564 1970 5604 am-

395 5639 717 5705 ptitudincm
784 5642 874 5696 hic
929 5642 1100 5700 etiam
1159 5639 1484 5697 ostendente
1552 5642 1966 5713 praepositione.

394 5727 757 5784 Communius
814 5739 998 5784 tamen
1039 5728 1230 5799 sicque
1284 5731 1466 5786 netius
1493 5741 1576 5786 est
1628 5734 1662 5804 ή
1693 5735 1970 5805 εὐπρεπε-

395 5820 588 5893 στάτη.
635 5823 783 5878 Non.
813 5823 1065 5893 ignotum
1105 5830 1192 5879 est
1247 5830 1428 5881 autem
1469 5827 1614 5898 quod
1664 5827 1972 5898 pulchritu-

2071 4623 2212 4678 λυκὰ
2241 4623 2488 4696 ὀνόματα
2518 4625 2600 4689 είς
2628 4626 2776 4695 ἄλφα
2823 4628 3064 4700 λήγοντα
3104 4633 3171 4685 ἐκ
3219 4631 3593 4702 μακροκαταλή-

2073 4734 2217 4772 κτων
2266 4718 2508 4788 γενικῶν
2567 4719 2978 4790 συστέλλουσιν,
3023 4723 3124 4776 οὐκ
3169 4724 3321 4780 ἐστιν
3364 4727 3593 4779 ἀντειπεῖν

2073 4809 2374 4882 σταθερῶς,
2414 4811 2467 4865 εί
2489 4827 2574 4874 τις
2608 4813 2973 4878 πεπείραται.
3007 4815 3080 4870 Τὸ
3103 4815 3160 4871 δὲ
3193 4819 3594 4890 εὐπρεπεστάτην

2069 4903 2194 4958 ἀντὶ
2217 4902 2315 4957 τοῦ
2355 4905 2530 4976 καλὴν
2560 4904 2759 4961 ἔλαϐεν
2801 4907 2831 4960 ό
2878 4908 3140 4979 μελῳδὸς,
3181 4911 3242 4966 εὖ
3284 4914 3374 4966 καὶ
3401 4911 3594 4966 ἐνταῦθα

2072 4995 2251 5049 λαλῶν
2271 5013 2284 5030 ο
2323 4999 2372 5049 εί
2406 4999 2517 5068 γὰρ
2547 5003 2692 5054 κατὰ
2717 5016 2810 5052 τυν
2845 5004 3082 5057 εἰπόντα
3119 5005 3262 5076 καλὴ
3290 5005 3590 5074 ἀλλοίωσιςή

2069 5085 2176 5156 τῆς
2215 5087 2399 5156 δεξιᾶς
2418 5089 2814 5160 τοῦὙψίστου,
2845 5095 2940 5148 καὶ
2971 5097 3385 5169 εὐπρεπεστάτη
3412 5098 3468 5153 ἂν
3497 5097 3594 5165 είη·

2071 5177 2232 5233 τοῦτο
2258 5178 2316 5232 δὲ
2341 5178 2746 5252 διασαφητικόν
2775 5185 2892 5240 ἐστι
2917 5187 3012 5241 τοῦ
3033 5190 3134 5253 τὴν
3162 5189 3380 5244 ὀθνείαν
3410 5193 3476 5258 μή
3515 5187 3592 5240 ἁλ-

2069 5269 2294 5343 λοτρίαν
2325 5274 2527 5344 χρῆναι
2558 5273 2603 5328 δ’
2629 5275 3007 5344 ὑπονοεῖσθαι,
3053 5280 3196 5335 ἀλλὰ
3224 5278 3592 5347 ξενίζουσαψή

2071 5364 2297 5434 τοιαύτη
2321 5366 2432 5437 γὰρ
2463 5366 2755 5432 ἀλλοίωσις
2785 5369 2937 5438 λέγοι
2971 5388 3056 5435 τις
3092 5374 3182 5441 ἂν,
3233 5375 3468 5428 ἐπίτασιν
3495 5373 3595 5425 κάν-

2073 5455 2243 5510 ταῦθα
2274 5457 2544 5530 δηλούσης
2567 5463 2667 5531 τῆς
2705 5462 3019 5531 προθέσεως
3045 5481 3061 5497 ·
3093 5465 3396 5536 κοινότερον
3431 5464 3517 5535 μέν
3536 5477 3594 5514 τοι

2072 5545 2168 5598 καὶ
2215 5545 2360 5600 οὕτω
2411 5548 2843 5622 γνωριμώτερόν
2895 5555 3044 5607 ἐστιν
3093 5557 3126 5626 ή
3177 5553 3593 5626 εὖπρεπεστάτη’

2073 5641 2173 5693 οὐκ
2204 5640 2400 5711 ἄδηλον
2446 5643 2513 5697 se
2550 5645 2633 5698 ὅτι
2674 5647 2943 5720 καλλονήν
2975 5667 3098 5704 τινα
3149 5652 3404 5721 σημαίνει
3440 5649 3522 5702 καὶ
3549 5645 3594 5700 τὸ

2073 5733 2304 5805 πρέπον,
2335 5737 2431 5790 καὶ
2462 5737 2491 5790 ό
2524 5740 2837 5813 εὐπρεπὴς,
2868 5745 2964 5796 καὶ
3020 5746 3050 5798 ὁ
3081 5747 3383 5816 ἐκπρεπής,
3431 5742 3513 5795 καὶ
3549 5739 3594 5790 τὸ

2073 5827 2429 5900 ἐπιπρέπειν,
2465 5829 2561 5887 καὶ
2593 5833 2627 5904 ή
2662 5831 3010 5905 εὐπρέπειαο
3053 5837 3267 5906 γίνεται
3304 5836 3358 5890 δέ
3398 5826 3593 5889 ἀπὸτοῦ
