3822 6548
195 453 287 519 753
983 408 1068 510 IN
1110 446 1450 509 IIYMNUM
1487 433 2133 509 PENTECOSTALEM
2182 447 2635 512 DAMASCEVI.
3320 443 3431 508 754

196 562 497 636 περιέπειν·
555 559 625 614 τὰ
665 559 775 631 γὰρ
837 558 1065 615 τοιαῦτα
1129 560 1205 623 ὡς
1250 560 1394 616 καλά
1461 561 1757 632 περιέπον-

1890 559 2044 615 linem
2079 561 2377 630 quamdam
2413 560 2691 632 signiﬁcat
2715 560 2779 617 ἰδ
2822 558 3053 633 πρέπον,
3082 567 3136 615 ει
3173 560 3201 614 ό
3232 559 3431 633 εὐπρε-

196 678 296 714 ται.
1484 680 1487 683 ν
1853 655 1984 725 πὴς,
2015 662 2070 709 ει
2101 654 2131 707 ὁ
2153 653 2460 723 ἐκπρεπὴς,
2506 662 2557 708 ει
2587 652 2650 707 τὸ
2686 654 3043 726 ἐπιπρέπειν,
3076 659 3131 706 ει
3164 652 3202 723 ἡ
3228 652 3435 722 εὐπρέ-

1854 762 2022 801 πειαι
2056 745 2205 801 venit
2234 757 2416 802 autem
2450 762 2478 801 a
2510 746 2798 818 περιέπειν
2827 761 2842 798 :
2881 744 3008 822 talia
3044 758 3281 815 namque
3297 744 3439 800 sicut

1856 824 1999 892 bona
2034 836 2393 909 περιέπονται
2430 834 2776 909 (curantur).

254 925 365 979 σνδν.
402 922 713 993 Σημείωσαι
763 922 820 975 δε
870 920 964 974 καὶ
1012 920 1097 973 ὅτι
1143 919 1478 988 ἐπιλογικῶς
1527 914 1643 973 οἷον
1688 919 1752 972 τὸ

194 1022 294 1075 ὅλον
324 1019 499 1088 θαῦμα
544 1019 645 1086 τῆς
685 1016 811 1085 ἄρτι
846 1015 1044 1087 ἑορτῆς
1072 1017 1100 1069 ὁ
1135 1015 1378 1086 μελῳδὸς
1419 1015 1478 1067 ὲν
1524 1013 1604 1084 τῷ
1646 1032 1751 1068 πα-

195 1115 321 1187 ρόντι
343 1112 785 1180 ἐκεφαλαιώσατο
816 1113 1124 1183 τροπαρίῳ.
1154 1110 1228 1163 Τὸ
1262 1109 1363 1179 μὲν
1385 1109 1495 1179 γὰρ
1518 1108 1751 1162 ἔπνευσε

192 1210 265 1261 διὰ
283 1208 372 1274 τὴν
395 1204 574 1274 βιαίαν
605 1203 811 1275 ἐρρέθη
842 1203 1017 1274 πνοήν
1038 1219 1054 1233 ⁸
1088 1203 1140 1273 .ἡ
1172 1202 1228 1255 δὲ
1260 1200 1560 1272 θεόρρυτος
1592 1200 1753 1270 χάρις

193 1303 267 1353 διὰ
304 1300 360 1352 τὸ
394 1298 602 1367 ἐκχέω·
659 1296 791 1351 ἔνθα
821 1296 1079 1350 ἐπίτασιν
1110 1297 1155 1367 ἡ
1177 1294 1443 1365 πρόθεσις
1475 1293 1645 1361 δηλοῖ,
1680 1293 1756 1353 ὡς

193 1394 320 1446 δοκεῖ
345 1389 667 1461 ἑρμηνεύειν
711 1389 904 1459 ἔτερος
964 1389 1202 1459 μελῳδὸς
1246 1385 1446 1453 εἰπὼν,
1476 1385 1757 1449 Πλουσίως

194 1486 420 1555 ἐξέχειν
474 1483 540 1535 ἐκ
594 1481 699 1536 τοῦν
748 1481 1066 1552 Πνεύματος
1120 1481 1220 1551 μὲν
1269 1480 1425 1551 χέας,
1470 1479 1546 1562 ὗε
1591 1495 1757 1549 φησιν

202 1574 341 1648 Ἰωήλ
362 1589 376 1604 ⁸
410 1574 585 1639 ἄλλως
611 1575 667 1628 δὲ
696 1574 898 1645 ἐκχέας
926 1575 1008 1638 είς
1037 1573 1351 1645 ἀμέτρητον
1375 1588 1389 1603 ’
1445 1572 1504 1623 τὸ
1534 1571 1590 1627 δέ
1617 1570 1759 1641 λάμ-

195 1689 363 1734 ποντες
402 1671 838 1742 ἀστράπτοντες,
869 1669 1238 1739 κεφαλαίωσίς
1269 1671 1388 1722 ἐστι
1417 1668 1516 1738 τῆς
1556 1667 1759 1738 ἀναμε-

1890 1667 2001 1722 .lias
2028 1674 2211 1723 autem
2256 1667 2310 1721 in
2365 1667 2697 1723 immensum
2751 1667 3019 1724 ell‘udisti.
3055 1666 3172 1723 Hoc
3210 1677 3394 1723 autem
3427 1684 3443 1723 :

199 1766 442 1835 μιγμὲνης
468 1765 533 1834 τῇ
563 1766 701 1834 πνοῇ
730 1765 825 1816 καὶ
853 1761 1239 1833 ἐλλαμπούσης
1261 1759 1566 1830 πυρώσεως
1585 1774 1600 1790 ⁸
1627 1760 1751 1814 καθ’

1890 1770 2112 1815 ucentes
2163 1759 2527 1831 fulgurantes,
2559 1769 2644 1816 est
2692 1776 2910 1817 summa
2956 1760 3105 1816 illius
3152 1760 3442 1831 spirationi

197 1858 307 1928 ἦνῆ
338 1856 582 1925 γλῶσσαι
640 1855 951 1928 πυρσώδεις
996 1856 1247 1923 ἐλέγοντο
1301 1853 1368 1909 ἂν
1417 1854 1476 1908 αἱ
1531 1855 1678 1919 τότε,
1725 1852 1758 1922 ἢ

1890 1856 2055 1911 nixta:
2081 1856 2458 1928 fulgentisque
2509 1856 2888 1922 incensionis;
2940 1855 3244 1912 secundum
3279 1870 3445 1926 quam

199 1920 554 2021 cupd'éxsiva
609 1920 985 2019 γλωσσοειὸἧ·
1039 1920 1111 2001 τὺ-
1148 1947 1205 2001 δὲ
1255 1945 1613 2019 ὴλλοιωμένοι
1659 1920 1762 2017 τὴν

1890 1950 1972 2005 llze
2005 1920 2205 2021 lingua:
2261 1920 2380 2005 dict.
2407 1958 2661 2020 poterant
2694 1920 3045 2020 ignilormes,
3080 1956 3136 2002 et
3181 1920 3336 2019 ignes
3371 1947 3467 2001 illi.

198 2043 533 2112 ἀποστολικὴν
598 2041 890 2112 κεφαλαιοῖ
952 2040 1263 2111 μεταϐολὴν
1331 2040 1412 2103 είς
1488 2037 1764 2108 θειοτέραν

1890 2044 2181 2116 inguarum
2220 2042 2903 2114 formamexprimentes.
2945 2041 3059 2097 Vox
3085 2039 3447 2112 ὴλλοιωμένοι

201 2139 323 2208 ἢπερ
352 2138 659 2207 πράτερονο
706 2137 768 2190 τὺ
813 2136 871 2190 δέ
904 2134 1121 2188 ὁθνείαν
1164 2132 1473 2203 ἀνάμνησιν
1525 2133 1764 2185 ποιεῖται

1890 2136 2102 2192 'esumit
2139 2137 2496 2207 aposmlicam
2545 2136 3078 2205 transformatianem
3131 2135 3191 2187 in
3222 2132 3453 2187 divinio-

201 2231 283 2301 τῆς
306 2232 357 2283 ὲν
383 2229 557 2295 ξέναις
582 2228 864 2298 γλώσσαις
888 2228 1083 2290 λαλιᾶς
1106 2242 1121 2259 ο
1146 2226 1207 2279 τὸ
1232 2226 1289 2279 δὲ
1311 2223 1766 2295 εὐπρεπεστάτην

1890 2245 1980 2284 ἐηι
2034 2246 2194 2299 quant
2266 2239 2452 2285 antea.
2516 2229 2695 2285 Dictio
2743 2228 2958 2283 ὀθνιίαν
3016 2227 3071 2282 tn
3128 2226 3451 2281 memoriam

1927 928 2057 983 254.
2090 928 2404 985 Notandum
2454 938 2538 985 est
2594 940 2778 985 autem
2826 927 2977 999 quod
3022 926 3175 984 velut
3214 927 3434 999 epilogo

1858 1028 2032 1075 totum
2089 1021 2254 1091 hujus
2320 1019 2640 1077 festivitatis
2695 1021 3008 1092 prodigium
3086 1020 3334 1076 melodus
3386 1021 3440 1075 in

1858 1113 2113 1181 praesenti
2166 1114 2393 1185 strophe
2442 1114 2761 1170 summatim
2816 1114 3137 1183 resumpsit.
3200 1113 3438 1171 Verbum

1858 1206 2004 1259 enim
2036 1204 2268 1260 ἔπνευσε
2297 1222 2393 1277 per
2421 1207 2609 1278 βιαίαν
2642 1206 2814 1277 πνοὴν
2835 1205 3043 1261 dictum
3080 1213 3195 1272 est;
3216 1207 3251 1277 η
3285 1206 3443 1279 θεόρ-

1861 1297 2023 1366 ῥυτος
2053 1297 2230 1367 gratia
2257 1313 2355 1368 per
2384 1299 2612 1355 verbum
2644 1300 2857 1369 ἐκχὲω;
2891 1298 2988 1354 ubi
3018 1296 3440 1369 amplitudinem

1857 1390 2184 1459 praepositio
2231 1391 2598 1458 demonstrat,
2643 1401 2704 1447 ut
2758 1391 2976 1447 videtur
3018 1392 3156 1447 alter
3192 1390 3444 1445 melodus

1861 1483 2239 1554 interpretari,
2277 1484 2467 1540 dicens
2505 1497 2520 1538 :
2565 1483 2844 1547 Πλουσίως
2872 1482 3092 1554 ἐξέχεας
3146 1481 3443 1553 (ditissime

1863 1575 2078 1649 fudisti)
2112 1577 2179 1635 de
2232 1577 2437 1647 Spiritu
2488 1577 2708 1647 quidem
2760 1576 2973 1642 fudisti,
3006 1578 3150 1632 sicut
3186 1576 3263 1630 alt
3290 1573 3445 1640 Joel;

204 2321 364 2390 ἐνάγει
404 2321 495 2375 τὸν
538 2320 822 2390 ψάλλοντα
871 2319 945 2391 μὴ
1004 2320 1092 2373 ἐπ’
1143 2317 1433 2389 ἀλλοτρίας
1481 2318 1624 2371 νοεῖν
1666 2316 1767 2389 τὴν

204 2410 390 2466 όθνείαν
419 2410 629 2484 ταύτην
652 2428 669 2443 ⁶
706 2412 891 2483 ἐκείνη
922 2412 1031 2482 γὰρ
1063 2412 1373 2482 εὐπρεπής.
1408 2411 1482 2464 Τὸ
1507 2411 1565 2463 δὲ
1598 2412 1768 2480 σοφὴν

205 2504 368 2559 οὐσίαν
405 2504 497 2559 τοῦ
548 2504 879 2576 σοφισθῆναι
922 2506 1045 2567 τούς
1092 2504 1423 2566 ἀποστόλους
1467 2502 1769 2574 τηνικαῦτα

210 2599 344 2668 μνεία
370 2598 516 2652 ἐστί’
554 2598 618 2652 τὸ
670 2598 727 2651 δὲ
766 2596 1175 2665 ίσοσθενοῦσαν,
1226 2598 1572 2667 προέγνωται
1604 2597 1661 2650 ἐν
1693 2595 1771 2667 τῷ

215 2690 485 2754 ’ἰσοσθενές
516 2689 764 2760 πνεῦμα.
794 2688 951 2744 Οὕτω
979 2689 1038 2743 δὲ
1063 2688 1479 2761 προδεδήλωται
1510 2690 1605 2743 καὶ
1640 2690 1770 2757 περὶ

206 2782 305 2848 τοῦ,
345 2784 489 2854 Σοφὴ
517 2785 819 2856 τρίφεγγος
853 2783 1012 2836 οὐσία
1044 2784 1137 2837 καὶ
1176 2781 1250 2846 ὡς
1282 2783 1315 2854 ή
1346 2782 1640 2855 τρίφεγγος
1676 2781 1772 2834 καὶ

205 2875 472 2946 τριφεγγὴς
504 2877 755 2945 λέγεται.
789 2874 853 2931 Ἦ
881 2876 957 2943 δὲ,
987 2875 1063 2939 ὡς
1093 2875 1318 2947 ἐρρέθη,
1351 2875 1593 2948 ἄτμητος
1615 2873 1771 2928 οὐσία

1870 2335 2090 2379 revocat
2127 2325 2181 2377 in
2218 2323 2418 2395 linguis
2462 2322 2740 2378 extraneis
2783 2322 3152 2386 locutionem;
3202 2327 3305 2374 vox
3358 2332 3456 2374 au-

1869 2425 1979 2471 tem
2017 2417 2501 2488 εὐπρεπεστάτην,
2542 2415 2752 2471 inducit
2778 2416 3105 2486 psallent‘em
3135 2424 3193 2469 ut
3240 2414 3298 2468 in
3330 2413 3455 2469 alie-

1871 2525 2000 2565 nam
2030 2525 2139 2567 non
2172 2519 2389 2579 reputet
2421 2512 2564 2564 hanc
2597 2507 2813 2562 ὁθνείαν
2844 2525 2861 2565 :
2892 2508 2997 2562 hoc
3024 2509 3170 2564 enim
3199 2516 3283 2564 est
3324 2522 3456 2563 con-

1890 2584 2325 2658 venientissima.
2383 2602 2564 2673 Σοφὴν
2618 2611 2799 2657 autem
2858 2600 3072 2666 οὐαίαν,
3122 2604 3268 2671 quod
3325 2610 3457 2658 tunc

1887 2693 2120 2763 apostoli
2144 2693 2413 2762 sapientia
2445 2691 2636 2762 repleti
2660 2700 2811 2757 sunt,
2838 2700 2925 2747 est
2954 2692 3413 2749 commemoratio
3437 2711 3451 2747 :

1886 2786 1991 2841 hoc
2028 2800 2160 2842 vero
2203 2785 2605 2852 ίσοσθενοῦσαν,
2641 2785 2753 2854 jam
2782 2784 3062 2857 cognitum
3092 2794 3179 2842 est
3225 2786 3281 2841 in
3315 2786 3455 2843 hoc:

1878 2878 2156 2942 ἰσοσθενὲς
2185 2876 2427 2949 πνεῦμα.
2467 2877 2560 2934 Sic
2591 2886 2780 2934 autem
2806 2888 2934 2933 ante
2960 2886 3326 2934 monstratum
3373 2888 3460 2935 est

207 2970 581 3039 παρακείμενον
612 2970 751 3037 αὐτὴ
772 2968 971 3039 ἔχουσα
994 2972 1057 3021 τὸ
1086 2965 1490 3041 ίσοσθενοῦσαν,
1516 2968 1772 3036 ἐμφαίνει
1882 2969 1951 3025 de
1983 2968 2082 3026 hoc
2109 2987 2123 3026 :
2157 2971 2304 3041 Σοφὴ
2334 2971 2631 3041 τρίφεγγος
2667 2969 2848 3038 οὐσία,
2885 2980 2942 3027 et
2970 2972 3248 3042 quomodo
3275 2972 3309 3043 ἡ
3341 2986 3459 3042 τρι-

210 3059 288 3111 καὶ
318 3060 373 3113 τδ
405 3060 677 3131 ὑπερλίαν
734 3060 1000 3133 κραταιὸν
1057 3061 1155 3126 τῆς
1191 3058 1355 3126 ἁγίας
1412 3059 1682 3130 Τριάδος⁶
1738 3059 1771 3127 ή

1890 3082 2078 3136 ρεγγος
2095 3075 2149 3121 et
2167 3066 2475 3138 τριφεγγὴς
2507 3066 2731 3128 dicitur.
2768 3065 2893 3122 Haec
2917 3075 3124 3133 autem,
3155 3076 3214 3122 ut
3245 3067 3457 3123 dictum

209 3150 299 3221 γὰρ
343 3152 608 3224 ἀτμήτως
637 3150 951 3220 τεμνομένη
986 3149 1291 3220 τριφεγγὴς
1320 3148 1499 3212 οὐσία,
1535 3147 1775 3202 πανσθε-

1890 3166 1981 3221 :st,
2012 3157 2259 3225 ἄτμητος
2301 3156 2463 3210 οὐσία
2516 3155 2775 3227 (indivisa
2811 3156 3144 3229 substantia)
3190 3172 3312 3227 qua
3341 3172 3463 3214 ver-

210 3243 413 3315 ντστάτη
443 3244 675 3307 πάντως
714 3244 889 3309 ἐστὶν,
922 3241 999 3306 ὡς
1030 3241 1174 3312 ἀρχὴ
1210 3240 1443 3311 μεγίστη
1498 3240 1771 3310 μηδέποτε

1890 3265 2005 3304 num
2040 3247 2432 3303 ίσοσθενούσαν
2461 3250 2772 3319 appositum
2808 3247 2927 3318 ipsa
2964 3247 3151 3312 habet,
3182 3262 3451 3305 summam

213 3338 512 3409 μεριζομένη
537 3339 635 3407 ἐφ’
688 3336 891 3407 ἑαυτὴν
931 3337 1025 3390 καὶ
1055 3333 1198 3389 οὕτω
1227 3335 1663 3403 ἀκαταπὸνητος.
1699 3333 1773 3387 Τὸ

1890 3352 2085 3395 sancta:
2108 3338 2399 3396 Trinitatis
2431 3350 2761 3411 potestatem
2793 3341 3091 3413 expandit:
3126 3341 3221 3397 illa
3251 3356 3451 3411 nempe

210 3429 257 3481 ὁὶ
280 3430 463 3494 εἰδότες
506 3431 673 3501 δηλοῖ
721 3430 821 3499 μὲν
852 3428 1055 3497 γνῶσιν
1102 3429 1200 3497 τὴν
1250 3428 1349 3497 οὐχ
1392 3426 1608 3490 ἁπλῶς,
1641 3425 1776 3478 ἀλλά

1890 3434 2197 3489 substantia
2242 3448 2363 3502 quae
2412 3435 2533 3488 sine
2586 3434 2859 3491 divisione
2901 3435 3212 3509 τριφεγγης
3257 3434 3460 3491 distin-

212 3522 463 3594 θειοτάτην
519 3524 624 3576 καὶ
674 3522 1051 3592 ἀληθεστάτην
1086 3519 1266 3572 εἰτουν
1313 3519 1771 3588 ἐπιστημονικὴν,

1890 3524 2113 3595 guitur,
2168 3524 2704 3594 omnipotentissima
2754 3539 2980 3595 prorsus
3023 3534 3146 3593 est,
3199 3533 3461 3596 tanquam

214 3610 275 3675 ὣς
311 3631 405 3667 που
449 3616 543 3669 καὶ
584 3613 1014 3685 παρεσημάνθη,
1050 3612 1193 3667 καΘά
1228 3611 1387 3683 δῆλον
1421 3611 1516 3664 καὶ
1548 3612 1612 3665 ἐκ
1640 3612 1733 3665 τοῦ
1760 3620 1775 3645 δ

1890 3614 2179 3668 maximum
2214 3615 2574 3685 principium,
2621 3617 2764 3686 quod
2797 3617 2850 3672 in
2882 3617 3129 3689 seipsum
3172 3633 3456 3689 nunquam

216 3705 387 3770 ειδότες
418 3708 496 3761 ὅτι
533 3709 563 3762 ό
608 3707 810 3778 Κύριός
856 3706 1030 3760 ἐστιν.
1556 3724 1558 3726 ⁷

1890 3707 2145 3762 dividitur
2173 3716 2230 3763 et
2262 3710 2346 3764 sic
2377 3718 2465 3763 est
2512 3709 2855 3767 invincibile.
2879 3709 2998 3766 Hoc
3040 3720 3227 3767 autem
3255 3711 3461 3771 ειδότες

230 3804 472 3875 signiﬁcat
503 3808 731 3878 quidem
760 3806 1127 3877 cognitionem
1180 3818 1290 3858 non
1322 3803 1628 3876 simplicem
1680 3804 1776 3858 sed
1808 3802 2209 3860 divinissimam
2276 3806 2737 3877 verissimamque
2785 3808 2902 3863 sive
2958 3808 3350 3875 certissimam,
3407 3817 3470 3862 ut

222 3898 395 3955 alicubi
433 3910 809 3958 monstratum
847 3908 951 3964 est,
986 3900 1131 3953 sicut
1180 3898 1407 3952 evidens
1459 3906 1545 3952 est
1597 3897 1762 3951 etiam
1795 3913 1860 3953 ex
1894 3899 2034 3953 hoc:
2069 3900 2275 3962 εἰδότες
2314 3899 2577 3970 quoniam
2610 3900 2877 3957 Dominus
2905 3913 3012 3957 est.

276 4006 391 4053 ovs'.
430 3998 694 4069 Αἰσχύνει
746 3996 803 4049 δὲ
851 3995 999 4065 ἡμᾶς
1030 3993 1361 4063 ψάλλοντας,
1395 3996 1555 4065 εἴπερ
1587 3994 1781 4064 ὁμολο-

218 4089 414 4156 γοῦντες
439 4092 645 4145 εἰδέναι
700 4087 801 4158 τὴν
854 4088 1164 4159 ἁγιωτάτην
1213 4087 1515 4159 Τριαδικὴν
1569 4088 1782 4148 οὐσίαν,

219 4184 384 4237 ὁποίαν
426 4186 483 4237 ἐν
514 4183 598 4255 τῷ
641 4182 873 4253 παρόντι
912 4181 1020 4247 ὅλῳ
1055 4179 1244 4235 κανόνι
1283 4179 1630 4250 ἐμέλψαμεν,
1664 4174 1785 4231 εἶτα

219 4275 469 4347 λυποῦμεν
504 4279 565 4331 τὸ
606 4274 833 4345 Πνεῦμα
860 4274 919 4327 τὸ
954 4273 1136 4342 ἆγιον,
1172 4271 1659 4342 ἀλλοφρονοωτες,
1693 4273 1787 4324 καὶ

222 4370 363 4437 σοφδν
409 4370 770 4437 ἐπιστάμενοι
824 4368 915 4421 τὸν
966 4367 1097 4419 Θεὸν
1150 4367 1244 4420 καὶ
1295 4365 1585 4434 σοφίζονται
1636 4366 1785 4435 ἡμᾶς

225 4462 564 4528 μεταδοτικῶς
600 4461 689 4515 διὰ
716 4461 816 4532 τὴν
844 4459 1008 4513 αὐτοῦ
1046 4458 1385 4529 ἀγαθότητα,
1428 4458 1783 4528 καθιστῶμεν

226 4554 428 4618 ἑαυτοὺς
473 4556 718 4623 ἀσόφους
768 4554 863 4606 καὶ
904 4552 1206 4616 ἀσυνέτους
1244 4554 1340 4605 καὶ
1398 4551 1661 4620 ἄφρονας,
1708 4551 1783 4615 ὼς

227 4645 649 4717 ἀνεπιγνώμονες
695 4644 792 4699 τοῦ
832 4644 1035 4698 καλοῦ·
1083 4644 1117 4714 ἢ
1163 4644 1364 4714 μᾶλλον
1411 4643 1791 4712 ἐπιγνώμονες

227 4736 332 4803 μὲν,
359 4739 631 4809 ἀμεληταὶ
663 4736 745 4805 δὲ,
789 4732 869 4799 οἷς
900 4736 1021 4789 οὐδὲ
1056 4736 1157 4805 μία
1184 4736 1366 4807 χάρις,
1398 4736 1519 4790 οὐδέ
1550 4736 1600 4788 εί
1628 4735 1785 4801 δοξά-
1820 4770 1865 4826 ι)

227 4827 371 4898 ζομεν
399 4832 488 4883 τὸν
520 4830 678 4896 Θεὸν,
720 4826 863 4883 οὕτω
894 4826 1087 4897 φαῦλοι
1118 4826 1291 4893 ὄντες,
1326 4827 1419 4880 καὶ
1450 4825 1654 4897 χείλεσι
1688 4828 1788 4897 μὲν

227 4921 469 4989 τιμῶντες
503 4921 601 4977 καὶ
626 4920 960 4991 ἐγγίζοντες,
1005 4922 1071 4989 τῇ
1097 4919 1154 4971 δὲ
1185 4920 1383 4989 καρδίᾳ
1430 4919 1621 4991 τιόρρω
1650 4920 1788 4972 ἀπέ-

229 5027 391 5079 χοντες
418 5014 510 5069 ἀπ’
564 5012 731 5068 αὐτοῦ
754 5028 771 5045 ·
826 5012 925 5066 καὶ
948 5011 1022 5065 δι’
1046 5010 1180 5065 αὐτὸ
1215 5012 1313 5080 τῆς
1370 5011 1466 5081 μὲν
1517 5010 1661 5071 καθὰ
1696 5010 1791 5065 καὶ

229 5106 530 5176 προεγράφη
576 5103 917 5175 τριφεγγοῦς
956 5101 991 5174 ἢ
1032 5102 1210 5166 ἄλλως
1257 5103 1561 5172 τριφέγγουν
1602 5097 1791 5165 οὐσίας

232 5192 620 5266 ἀφοριζόμενοι,
646 5197 723 5266 τῷ
752 5198 809 5251 δὲ
838 5196 1159 5267 ἁπευκταίῳ
1187 5196 1390 5265 αἰωνίῳ
1412 5195 1589 5266 σκότῳ
1617 5212 1792 5267 παρα-

230 5286 575 5355 πεμπόμενοι,
623 5283 701 5342 ὧν
741 5281 824 5352 εἷς
858 5288 958 5341 καὶ
989 5286 1101 5356 ἐγὼ
1132 5286 1320 5353 αὐτὸς,
1355 5286 1383 5339 ό
1415 5285 1502 5339 διὰ
1530 5285 1789 5340 τοσούτου

236 5376 320 5442 μὲν
348 5381 519 5447 φωτὸς
548 5380 675 5450 ἄρτι
705 5381 900 5446 ἐλθὼν,
930 5382 1183 5443 σκοταῖος
1203 5379 1261 5433 δὲ
1284 5378 1361 5433 ῶν
1391 5379 1511 5442 ὅλος
1546 5377 1641 5433 καὶ
1671 5381 1793 5443 ταῖς

236 5465 420 5521 ἐκεῖθεν
445 5474 739 5541 προσήκων
768 5470 1078 5527 κολάσεσιν.
1138 5470 1301 5526 Ἀλλὰ.
1335 5470 1410 5542 μὴ
1444 5471 1567 5538 ἐμὲ,
1594 5470 1791 5541 Κύριε,

241 5557 305 5627 μὴ
333 5560 448 5628 ἐμὲ,
478 5563 612 5617 ἁλλά
642 5564 736 5617 τὸν
787 5564 863 5635 μὴ
895 5565 1196 5621 πεποιθότα
1238 5566 1333 5620 ἐπὶ
1366 5566 1444 5631 σὲ,
1477 5567 1572 5618 καὶ
1606 5566 1791 5635 μόνον,

238 5647 357 5717 ἄφες
391 5655 638 5709 ἐκπεσεῖν
673 5656 780 5709 ἀπὸ
807 5656 925 5711 σοῦ.

304 5741 529 5811 Ἥνυσα,
577 5742 620 5801 ὦ
671 5748 849 5817 φίλος,
888 5749 948 5802 τὸ
995 5748 1158 5821 ἔργον
1210 5749 1286 5812 ὡς
1337 5747 1641 5815 ἐπέταξαςο
1696 5749 1790 5802 καὶ

240 5830 431 5896 γένοιτο
475 5838 704 5907 ἀρέσκον
737 5840 872 5894 αὐτὸ
920 5842 1174 5911 φανῆναι,
1226 5842 1312 5895 ἵνα
1362 5842 1557 5911 μισθὸν
1598 5842 1793 5912 ἄρκιον

241 5919 465 5993 λήψομαι
488 5968 503 5993 ,
528 5930 619 6001 τὴν
650 5931 750 6002 σὴν
768 5930 929 5999 ἀγίαν
956 5933 1121 6003 εὐχήν
1141 5950 1157 5966 ο
1184 5934 1251 6002 ἢν
1275 5932 1369 5984 καὶ
1390 5934 1475 5999 εῐη
1506 5932 1796 6003 ἐκπληρῶν

246 6008 271 6059 ὸ
302 6009 445 6081 Θεὸς,
472 6019 499 6070 ὁ
519 6016 589 6074 ῶν
620 6021 912 6093 εὐλογητὸς
944 6025 1026 6086 τίς
1052 6023 1178 6087 τοὺς
1208 6022 1428 6092 αἰῶνας.
1455 6022 1651 6094 Ἀμήν.

1960 3993 2096 4049 255.
2134 3994 2313 4049 Pudet
2345 4005 2524 4051 autem
2560 4011 2660 4053 nos
2694 3997 3014 4066 psallentes,
3050 3998 3319 4069 siquidem
3367 4017 3469 4057 ns-

1894 4101 2051 4141 scerc
2076 4087 2403 4142 confitentes
2431 4089 2849 4143 sanctissimam
2882 4088 3228 4161 Trinitatem,
3252 4093 3465 4163 qualem

1888 4179 1942 4233 in
1996 4187 2108 4233 toto
2166 4180 2419 4248 praesenti
2487 4182 2735 4235 carmine
2783 4180 3213 4251 celebravimus,
3271 4183 3470 4240 deinde

1889 4270 2318 4325 constristamur
2397 4270 2669 4340 Spiritum
2739 4281 2993 4327 sanctum
3066 4272 3249 4327 aliena
3317 4277 3469 4345 cogi-

1891 4367 2106 4427 tantes;
2161 4362 2583 4431 sapientemque
2630 4375 2755 4416 esse
2824 4359 2992 4415 Deum
3046 4365 3465 4420 communican-

1888 4462 2109 4525 temque
2143 4456 2301 4511 nobis
2348 4456 2597 4513 bonitate
2626 4471 2726 4513 sua
2780 4457 3111 4528 sapientiam
3150 4473 3464 4533 noscentes,

1891 4564 1993 4604 nos
2027 4549 2176 4617 ipsos
2210 4549 2486 4605 reddimus
2514 4550 2864 4621 insipientes,
2886 4560 2941 4607 et
2978 4561 3246 4621 amentes,
3278 4564 3331 4610 et
3364 4558 3468 4612 im-

1891 4642 2215 4710 prudentes,
2240 4651 2499 4714 tauquant
2523 4644 2726 4699 bonum
2762 4644 3121 4716 ignoremus:
3154 4646 3239 4701 vel
3260 4649 3464 4717 potius,

1896 4735 2042 4790 illius
2067 4736 2290 4806 quidem
2319 4751 2512 4792 sumus
2545 4735 2884 4807 cognitores,
2910 4738 3004 4793 sed
3029 4752 3139 4794 non
3174 4754 3468 4811 memores,

1893 4842 1959 4881 eo
2012 4828 2155 4898 quod
2188 4842 2294 4882 non
2359 4836 2445 4883 est
2492 4828 2601 4882 ulla
2655 4829 2855 4899 gratia,
2914 4828 3044 4885 licet
3101 4829 3474 4900 glorilicemus

1896 4921 2090 4983 Deum,
2129 4918 2204 4973 ita
2232 4919 2360 4975 facti
2395 4920 2554 4985 viles,
2587 4920 2747 4976 labiis
2775 4921 2997 4997 quidem
3038 4922 3371 4981 honorantes
3419 4934 3476 4980 et

1896 5011 2346 5083 propinquantes,
2395 5012 2491 5067 sed
2527 5012 2595 5067 ab
2624 5012 2716 5077 illo
2748 5026 2845 5069 cor
2878 5015 3065 5082 procul
3096 5013 3395 5082 habentes;
3422 5027 3476 5073 et

1897 5103 2020 5159 ideo
2045 5105 2111 5159 ab
2142 5102 2263 5169 bac,
2300 5104 2443 5160 sicut
2497 5104 2703 5160 dictum
2732 5115 2836 5171 est,
2894 5109 3191 5177 τριφεγγετ
3217 5116 3312 5164 aut
3340 5110 3475 5165 alias

1896 5195 2182 5267 τριφέγγῳ
2231 5195 2539 5251 subsmntia
2571 5198 2864 5269 segregati,
2903 5198 3153 5254 horribili
3213 5215 3343 5255 vero
3390 5208 3476 5255 Ie-

1898 5284 2188 5338 ncbrarum
2218 5284 2420 5339 saeculo
2444 5286 2707 5356 relegati;
2737 5302 2976 5358 quorum
3012 5303 3152 5344 unus
3186 5304 3289 5360 ego
3323 5305 3470 5355 sum,

1897 5376 1993 5447 qui
2050 5391 2147 5446 per
2203 5384 2412 5431 tantam
2458 5378 2685 5448 quidem
2736 5379 2914 5435 lucem
2960 5395 3110 5436 nunc
3145 5380 3293 5445 veni,
3325 5389 3475 5436 totus
3521 5451 3524 5454 ῃ

1896 5480 2079 5523 autem
2132 5471 2458 5525 tenebrosus
2518 5484 2665 5536 sum,
2706 5479 2760 5526 et
2827 5470 3022 5525 exinde
3095 5470 3475 5541 punitionihus
3528 5490 3536 5503 ·

1893 5560 2193 5617 obnoxius.
2222 5562 2482 5616 Attamen
2513 5575 2620 5616 non
2657 5575 2768 5628 me,
2798 5560 3049 5629 Domine,
3084 5575 3193 5617 non
3235 5578 3345 5631 me,
3376 5571 3474 5621 sed

1896 5653 1952 5708 in
1980 5662 2033 5709 te
2072 5667 2181 5708 non
2212 5653 2578 5709 conﬁdentem
2627 5654 2802 5709 solum
2852 5668 2883 5708 ε
2934 5660 2987 5709 ιε
3009 5655 3164 5710 sinas
3200 5655 3473 5713 excidere.

1972 5744 2176 5812 Finivi,
2222 5745 2446 5812 dilecte,
2498 5756 2659 5817 opus,
2711 5755 2771 5801 ut
2803 5743 3017 5814 iussisti
3054 5762 3069 5800 :
3118 5745 3329 5801 utinam
3374 5749 3480 5803 hoc

1903 5839 2128 5908 placens
2159 5848 2441 5909 appar-eat,
2472 5849 2530 5894 ut
2569 5838 2879 5895 mercedem
2920 5838 3340 5894 convenientem
3383 5855 3479 5894 ac-

1899 5932 2128 6003 cipiam,
2151 5940 2274 5987 tuas
2299 5943 2521 5987 sanctas
2552 5945 2779 6001 preces;
2809 5943 2950 6003 quas
2978 5929 3279 6003 adimpleat
3312 5932 3479 6000 Dens,

1899 6026 1993 6097 qui
2032 6024 2352 6082 benedictus
2381 6034 2466 6081 est
2492 6024 2547 6080 in
2572 6023 2796 6083 saecula.
2836 6024 3032 6083 Amen.
3110 6032 3129 6042 "
