3822 6552
216 537 354 593 Ἀλλὰ
376 534 425 587 τί
452 532 645 600 «tam;
680 529 937 585 Ἐπὸθουν
982 530 1114 584 ἰδεῖν
1144 530 1235 584 τὸν
1283 530 1385 601 ιμι
1435 504 1729 593 ποθοῦντα,
1760 529 1808 585 Α

205 630 415 690 καὶτοῖς
435 624 821 696 καθημεριναῖς
849 623 1059 680 ἐλπίσιν
1089 622 1547 694 ὲϐουκολούμεθα,
1571 623 1600 676 ό
1633 621 1736 692 μὲν

205 723 281 776 τὸν
311 718 523 788 ἀδελφὺν
561 716 925 783 ὑποδέξασθαι
975 718 1068 775 καὶ
1123 717 1564 788 φιλινδεικτῆσαι
1604 712 1736 784 περὶ

202 815 278 868 τὸν
297 812 473 880 ξένιον,
490 808 601 880 ἐγὼ
625 809 683 864 δὲ
734 809 814 880 τῷ
858 811 1169 881 φιλουμένῳ
1222 810 1583 882 περιχυθῆναι
1640 807 1736 861 καὶ

203 900 572 970 ἀφοσιώσασθαι
593 901 646 953 οί
678 900 768 954 τὸν
797 900 992 970 φίλιον.
1039 901 1178 954 Ἀλλ’
1206 902 1353 971 οἴμοι
1381 902 1392 955 l
1447 899 1641 964 φθάνει
1675 898 1737 952 τὺ

203 995 278 1048 τοῦ
306 993 521 1048 θανάτου
550 991 852 1062 ταχυπετὲς
893 992 988 1046 καὶ
1031 992 1350 1064 όξύδρομον.
1395 991 1505 1047 Kal.
1557 992 1737 1044 κεῖται

206 1086 335 1156 μὲνό
365 1083 734 1155 πεποθημένος
770 1084 1030 1152 ἄφαντος,
1053 1084 1280 1147 ἄναυδος
1313 1099 1327 1113 ο
1382 1083 1494 1152 ἐγὼ
1536 1081 1594 1136 δὲ
1638 1081 1738 1134 τά-

203 1193 286 1245 φον
316 1174 664 1243 περιίσταμαι
692 1172 906 1238 τοῦτον,
938 1174 998 1227 ὃν
1030 1175 1130 1229 οὐκ
1156 1172 1254 1228 οἶδ’
1275 1176 1423 1237 ὅπως
1453 1174 1545 1228 καὶ
1572 1190 1737 1243 προσ-

203 1268 310 1320 ιδεῖν
363 1266 721 1337 ἐκαρτέρησα.
767 1266 903 1321 Οὐδὲ
966 1266 1077 1335 γὰρ
1122 1264 1214 1320 ἐπὶ
1248 1267 1420 1335 τάφον
1464 1264 1737 1337 ηρχρμην,

201 1359 396 1412 uertet
424 1359 647 1422 πένθους
679 1361 959 1424 ὑπόθεσιν,
995 1359 1111 1414 ἀλλ’
1134 1360 1229 1413 ἐπὶ
1279 1358 1522 1428 λειμῶνα
1569 1357 1738 1427 Χαρί-

201 1470 309 1513 των,
336 1453 424 1505 ἐπὶ
446 1453 683 1522 τερπνὴν
705 1454 1054 1524 ἀγαλλίασιν.
1111 1455 1222 1508 Καὶ
1254 1451 1384 1519 γοῦν
1413 1468 1504 1522 μοι
1532 1451 1603 1504 τὰ
1639 1450 1739 1521 μὲν

200 1543 283 1611 τῆς
309 1539 476 1613 ζώσης
501 1544 836 1613 προσλαλιόὶς
867 1547 895 1599 ό
944 1545 1153 1616 χάρτης
1199 1543 1355 1605 οὖτος
1406 1542 1738 1613 ἀναπληροῖ,

201 1635 249 1696 ὃς
272 1634 357 1689 καὶ
378 1635 479 1688 ἀπὸ
507 1637 606 1707 τῆς
638 1637 732 1692 τοῦ
764 1638 971 1702 πάθους
1017 1638 1247 1706 αἰθάλης
1302 1638 1502 1707 μᾶλλον
1552 1636 1587 1708 ἢ
1643 1637 1740 1690 τοῦ

206 1727 437 1797 συνήθους
475 1728 762 1799 βάμματος
807 1731 1209 1801 μεμελάνωται.
1271 1729 1383 1784 Καὶ
1430 1730 1738 1799 φθέγγομαι

207 1819 305 1886 μιν,
335 1818 442 1871 ἀλλ’
482 1820 579 1891 οὐχ
609 1816 699 1874 οἷα
729 1823 823 1875 καὶ
862 1821 953 1875 τὸν
1003 1821 1233 1891 άδελφὶν
1289 1820 1597 1875 ὑπακοῦσαι
1645 1821 1740 1874 καὶ

207 1909 478 1964 ἀντιδοῦναι
527 1876 756 1981 φθέγμα
786 1876 1158 1985 προσήγορον,
1185 1912 1304 1968 ἀλλ’
1331 1907 1421 1968 οἷα
1449 1913 1621 1983 τάφον
1651 1912 1744 1980 μό⁶
1769 1876 1817 1936 Β

208 2018 281 2052 νον
329 2002 703 2070 περιλαλῆσαι,
761 2005 1005 2067 καὶτοῖς
1058 2004 1407 2076 παρεστῶσιν
1464 2006 1743 2074 ἀνεγεῖραι

207 2092 469 2162 κλαυθμόν.
525 2095 588 2147 ΕΞ
646 2095 704 2149 δὲ
732 2097 826 2149 καὶ
880 2095 981 2167 τὴν
1030 2096 1325 2167 ἀδελφικὴν
1357 2097 1540 2153 ἑστίαν
1590 2096 1748 2161 ἕδοξὰ

210 2199 305 2245 πως
326 2182 659 2251 καταλαϐεῖν,
696 2185 813 2239 ἀλλ’
843 2183 969 2239 οὔτε
1003 2203 1093 2257 μοι
1119 2188 1582 2257 προσυπαντῶντα
1624 2186 1744 2257 βλέ-

170 2338 175 2343 ,
207 2272 278 2341 ψω
300 2275 382 2328 τὸν
400 2275 641 2344 ἀδελφὸν,
676 2275 801 2330 οὔτε
847 2278 954 2347 μὴν
988 2278 1083 2331 τὸν
1133 2278 1379 2351 θυρωρὸν
1429 2278 1747 2348 ὑπανοίγον-

210 2382 263 2418 τα
287 2364 511 2434 ’ἕστηκα
542 2366 604 2419 δὲ
636 2366 852 2436 μακρὸν
885 2366 1200 2438 κεκραγὼς,
1250 2371 1349 2422 καὶ
1388 2367 1602 2438 κρούων
1647 2369 1748 2437 τὴν

213 2455 375 2523 θύραν,
398 2458 485 2510 καὶ
508 2458 606 2529 οὐχ
638 2457 933 2514 ὑπακούων
959 2460 1159 2524 οὐδείς.

270 2548 327 2618 β’.
353 2548 510 2616 Ἀλλ’,
541 2543 586 2603 ὧ
615 2551 924 2621 ἀρχιερέων
953 2553 1196 2606 θειότατε
1223 2551 1316 2605 καὶ
1350 2551 1650 2621 σοφώτατε,
1675 2555 1747 2622 μή

210 2639 251 2691 τί
274 2656 355 2692 σου
380 2642 469 2696 καὶ
505 2642 601 2696 νῦν
649 2642 861 2714 βιϐλίον
913 2646 972 2698 ὲν
1018 2648 1085 2716 τῇ
1134 2645 1299 2716 χειρὶ,
1354 2647 1447 2698 καὶ
1485 2648 1576 2700 τὸν
1626 2645 1751 2700 νοῦν

212 2732 361 2784 ἐκεῖσε
380 2733 577 2803 τρέψας
613 2735 756 2805 πρὸς
781 2735 872 2791 τὸν
905 2736 1144 2807 φθόγγον
1178 2739 1556 2807 ἀνηκουστεῖς,
1614 2740 1750 2809 μηδὲ

213 2824 287 2876 καὶ
312 2826 543 2897 γράφων,
579 2827 684 2882 ὅσα
716 2828 852 2900 πρὸς
881 2830 1261 2900 καταρτισμὸν
1286 2829 1380 2884 τοῦ
1412 2833 1687 2902 ποιμνίου,
1718 2833 1751 2904 ἢ

214 2913 336 2981 βίους
359 2921 659 2984 σκοτεινοὺς
687 2921 1018 2992 ὲρεϐοδιφῶν
1039 2925 1134 2977 καὶ
1159 2916 1542 2990 ἀναπτύσσων,
1577 2925 1754 2980 ὁπόσα

214 3006 466 3081 κρύφια,ἢ
508 3010 797 3081 βασιλεῦσι
830 3013 1043 3069 πλέκων
1073 3015 1352 3086 ἐγκώμια,
1383 3017 1417 3088 ἢ
1451 3016 1624 3087 φίλοις
1658 3019 1754 3087 ἒγ’

214 3102 458 3167 χαράττων
481 3104 775 3168 ὲπιστολὰς
805 3104 1003 3174 (ταῦτα
1051 3106 1117 3177 δή
1171 3123 1254 3162 σοι
1317 3108 1387 3162 τὰ
1444 3106 1755 3179 προσευδίῆς

215 3196 289 3285 καὶ
313 3195 567 3267 μερίμνης
602 3197 745 3268 ἀεὶ),
781 3199 1110 3264 ἁπέκλεισάς
1143 3217 1259 3264 σου,
1291 3202 1389 3269 τὴν
1430 3200 1626 3271 θύραν,
1672 3200 1748 3263 ὡς
1774 3224 1821 3285 α

213 3284 277 3352 μή
300 3300 370 3336 σοι
398 3288 744 3358 ὲπιταραχθῇ
774 3288 834 3341 τὸ
888 3288 1184 3360 ἐμπόνημα
1219 3306 1236 3358 ;
1281 3290 1424 3344 Ἀλλ’
1473 3291 1568 3345 ἐπὶ
1623 3291 1748 3343 τού-

218 3391 309 3439 τοις
330 3378 523 3443 ἀδικεῖς
561 3381 667 3448 μὲν
691 3379 813 3449 ἐμὲ,
849 3381 1027 3451 μάτην
1061 3383 1154 3434 ἐπὶ
1186 3381 1247 3435 σὲ
1278 3381 1353 3453 τῷ
1401 3380 1584 3454 δρόμῳ
1608 3398 1751 3454 χρη·-

218 3467 438 3536 σάμενον,
465 3463 524 3523 οὗ
554 3472 656 3526 καὶ
681 3472 779 3543 τὴν
803 3470 931 3525 θέαν
981 3474 1356 3545 ἑκαραδόκεις,
1386 3468 1432 3545 ᾧ
1479 3477 1575 3530 καὶ
1620 3475 1752 3545 τρά-

218 3564 364 3626 πεζαν
394 3565 483 3617 καὶ
511 3565 709 3628 κλίνην
737 3566 1092 3635 ηὐτρέπιζες,
1124 3570 1219 3622 καὶ
1247 3570 1372 3641 οὐχὶ
1406 3569 1532 3633 τοὺς
1562 3568 1755 3623 ὑποδει-

225 3650 446 3719 ξομένους
475 3654 905 3731 ἀνεπετάννυες,
934 3655 1069 3710 ἀλλὰ
1096 3658 1192 3710 καὶ
1242 3658 1421 3729 ψυχῆς
1460 3659 1631 3730 αὐτῆς
1655 3659 1757 3713 ύπο

220 3746 403 3814 ήνοιγες
432 3750 492 3802 τὸ
530 3747 594 3802 θυ
608 3749 777 3817 ρίδιον
810 3765 824 3780 ⁶
852 3750 1064 3812 ἀδικεῖς
1095 3751 1152 3804 δὲ
1183 3754 1279 3807 καὶ
1300 3752 1397 3823 τὴν
1423 3752 1523 3824 σὴν
1551 3751 1756 3824 ταύτην

217 3839 362 3902 πόλιν,
385 3842 456 3912 μὴ
487 3842 709 3913 θρήνων
731 3843 938 3896 ἐπαΐων
960 3843 1070 3897 τῶν
1103 3845 1451 3914 πανοδύρτων
1504 3843 1596 3908 οὓς
1632 3846 1758 3899 ἑπι-

217 3928 359 3984 λείϐει
390 3949 478 3985 σου
504 3935 569 4004 τῇ
613 3931 756 4003 σορῷ
788 3932 1077 4001 παννύχιός
1106 3952 1168 3987 τε
1230 3935 1325 3988 καὶ
1377 3937 1716 4007 πανημέριος
1741 3952 1756 3968 ·

217 4019 278 4083 ὡς
298 4022 459 4089 ἔγωγε
488 4023 705 4091 ταύτην
741 4023 832 4076 καὶ
864 4023 1020 4087 ἐλεῶ,
1055 4022 1310 4079 τοσοῦτον
1359 4024 1569 4097 κόσμον
1620 4026 1760 4080 ἀπο-

219 4113 443 4181 θεμένην,
475 4114 568 4166 καὶ
598 4112 825 4182 τηλίκον
856 4112 1170 4167 ύποστᾶσαν
1209 4113 1553 4185 δυστύχημα.
1602 4115 1764 4170 υῦτιι)

220 4204 296 4256 καὶ
319 4205 436 4258 ναῦν
462 4206 726 4267 πολλάκις
750 4206 958 4277 ἠλέησα
980 4206 1072 4261 τὸν
1093 4207 1433 4279 κυϐερνήτην
1460 4207 1765 4263 ἀποϐαλοῦ-

222 4313 318 4360 σαν,
345 4297 479 4352 οὕτω
508 4300 608 4354 καὶ
639 4299 897 4369 στρατιὰν
921 4299 1014 4353 τὸν
1049 4299 1353 4370 στρατηγὸν
1379 4299 1723 4355 ἀπολέσασαν
1745 4317 1759 4331 °

221 4388 297 4438 ἐπὶ
318 4390 369 4442 δὲ
394 4390 610 4461 σώματι
638 4389 787 4459 καλῷ
822 4390 916 4444 καὶ
964 4390 1177 4463 κοσμίῳ
1206 4389 1303 4461 τὴν
1343 4389 1585 4462 κεφαλὴν
1633 4391 1771 4444 ἀποη

220 4483 446 4551 τμηθέντι
470 4484 564 4537 καὶ
596 4483 966 4554 ὲπεδάκρυσα.

1145 420 1535 484 LAUDATIO
1576 418 1969 482 FUNEBRIS
2010 368 2451 480 EUSTATHII.

3301 409 3408 474 758

1838 527 1943 583 tior
1962 527 1985 579 ἲ
2007 525 2391 583 Desiderabam
2414 525 2599 580 videre
2622 539 2712 580 me
2734 522 3158 584 desiderantem,
3183 528 3239 576 et
3267 533 3407 589 quo-e

1838 618 2037 674 tidiana
2071 633 2168 688 spe
2195 616 2589 673 deludebamur
2618 633 2633 670 :
2669 616 2758 673 ille
2791 616 3010 687 quidem
3062 613 3316 683 sperabat
3348 626 3410 667 se

1836 710 2055 766 fratrem
2115 719 2498 780 suscepturum
2566 709 2728 779 eique
2799 707 3142 778 splendidum
3211 703 3411 759 offerre

1835 803 2165 870 hospitium;
2189 820 2290 871 ego
2320 812 2501 858 autem
2535 817 2622 858 me
2647 799 2886 857 sodalem
2918 806 3159 854 amatum
3189 797 3409 850 suavia-

1836 903 2124 959 turum,et
2150 910 2274 963 erga
2327 894 2477 949 illum
2508 893 2762 948 amicitia:
2820 891 3139 946 functorum
3190 886 3407 942 oﬁiciis.

1835 987 1939 1043 Sed
1972 988 2108 1043 henl
2137 986 2344 1043 interiit
2366 996 2539 1040 morte
2557 984 2837 1054 repentina
2859 982 3144 1051 velociqne
3167 988 3409 1048 ereptus.

1835 1076 1992 1133 Nunc
2033 1078 2253 1149 quidem
2301 1077 2445 1146 jacet
2479 1073 2839 1138 desideratus,
2892 1072 3010 1127 sine
3050 1068 3247 1129 forma,
3285 1066 3408 1121 sine

1836 1183 2010 1235 voce;
2046 1185 2146 1240 ego
2186 1184 2315 1224 vero
2358 1168 2447 1224 isti
2493 1164 2705 1222 tumqu
2758 1164 2919 1220 adsto
2967 1175 3068 1216 nec
3111 1159 3249 1214 satis
3300 1159 3417 1210 seio

1838 1275 1948 1332 quo
2000 1271 2161 1331 pacto
2213 1275 2337 1316 eum
2384 1260 2632 1329 aspicere
2682 1255 2941 1312 sustinui.
3007 1252 3087 1307 Ad
3146 1246 3413 1305 tumulum

1838 1352 1982 1408 enim
2023 1367 2364 1422 nequaquam
2407 1352 2550 1417 veni,
2584 1364 2685 1404 nec
2713 1349 2780 1402 ad
2810 1346 3063 1402 mteroris
3101 1341 3412 1401 materiam,

1839 1444 1931 1500 sed
1961 1444 2029 1497 ad
2060 1443 2274 1498 hortum
2304 1441 2640 1503 Gratiarum,
2679 1438 2749 1493 ad
2782 1437 3004 1492 hilarem
3038 1434 3406 1490 festivitatem.

1838 1536 1972 1592 Mihi
2002 1550 2131 1605 ergo
2161 1535 2277 1590 haec
2334 1534 2521 1587 charta
2570 1534 2749 1586 vivam
2786 1529 3030 1599 suppleat
3077 1542 3202 1596 quae
3249 1523 3420 1594 magis

1839 1628 2045 1684 doloris
2078 1626 2303 1694 fuligine
2334 1640 2495 1695 quam
2521 1624 2681 1679 solito
2708 1624 2916 1679 fuscata
2948 1621 3048 1676 fuit
3082 1624 3410 1674 atramento.

1842 1719 2059 1788 Loquar
2082 1717 2323 1787 quidem,
2358 1716 2453 1771 sed
2501 1730 2608 1769 non
2643 1713 2880 1785 qualiter
2908 1712 3062 1780 juvat
3090 1722 3211 1764 cum
3244 1705 3416 1761 fratre

1844 1808 2177 1874 conversari,
2233 1820 2292 1863 ιιι
2345 1807 2414 1861 ab
2464 1821 2530 1861 eo
2578 1817 2903 1873 responsum
2949 1799 3265 1868 accipiatur.
3304 1792 3421 1849 Vox

1847 1910 2027 1957 autem
2045 1916 2161 1955 mea
2186 1900 2358 1955 solum
2385 1896 2699 1967 personabit
2723 1893 3081 1965 sepulchrum
3106 1896 3159 1943 et
3180 1888 3422 1943 circum-

1846 1992 2117 2050 SIanLihus
2149 1991 2404 2046 excitabit
2458 1988 2711 2059 gemitus,
2770 1986 2828 2040 Si
2880 1997 3102 2039 rursum
3150 1980 3424 2034 fraternas

1846 2085 1990 2141 aedes
2020 2085 2172 2140 adire
2202 2081 2488 2153 placuerit,
2519 2080 2650 2135 mihi
2676 2085 3060 2135 occurrentem
3094 2087 3200 2127 non
3232 2068 3423 2125 videbo

1846 2175 2067 2232 fratrem
2096 2190 2197 2229 nec
2249 2174 2381 2228 mihi
2432 2172 2581 2229 fores
2623 2171 2993 2240 pandentem;
3025 2165 3119 2222 sed
3154 2162 3277 2221 steti
3328 2160 3422 2214 diu

1817 2284 1821 2288 '
1848 2268 2089 2323 clamans
2121 2274 2176 2322 et
2204 2275 2413 2336 portam
2451 2263 2696 2334 pulsans,
2726 2275 2829 2318 nec
2860 2257 3067 2315 audivit
3096 2254 3267 2311 ullus.

1916 2538 1975 2595 2.
2011 2537 2139 2604 Sed,
2174 2550 2208 2592 ο
2241 2533 2558 2607 pontiﬂcnm
2616 2529 2959 2587 divinissime
3017 2534 3071 2582 et
3124 2520 3428 2593 sapientis-

1851 2632 2007 2700 sime,
2071 2628 2337 2701 numquid
2389 2626 2518 2698 quia
2580 2639 2741 2680 manu
2798 2631 2990 2678 tenens
3039 2618 3241 2674 librum
3303 2613 3428 2668 inde

1851 2733 2087 2780 mentem
2116 2721 2414 2784 nutriebas,
2440 2722 2507 2774 ad
2541 2731 2736 2774 sonum
2764 2728 2869 2769 non
2900 2709 3178 2768 attendisti
3206 2725 3223 2776 ;
3263 2722 3426 2761 num-

1852 2816 1980 2888 quid
2011 2816 2137 2885 quia
2170 2813 2450 2870 scribebas
2493 2826 2559 2866 ea
2613 2823 2735 2880 quae
2764 2811 2818 2861 in
2852 2796 3013 2877 grege
3048 2816 3233 2871 pacem
3271 2799 3430 2854 resti-

1853 2917 2032 2971 tuant,
2066 2907 2149 2960 vel
2189 2904 2319 2976 quia
2349 2904 2488 2960 vitas
2509 2901 2778 2959 obscuras
2807 2906 3084 2956 scrutatus
3114 2892 3429 2963 explicabas

1854 3001 2003 3056 velut
2030 2998 2425 3064 secretissima,
2464 2996 2551 3052 vel
2593 2992 3020 3065 imperatoribus
3074 2990 3302 3045 texebas
3328 3001 3431 3043 eu-

1857 3094 2031 3149 comia
2058 3102 2153 3148 aut
2193 3090 2387 3146 amicis
2414 3088 2682 3145 exarabas
2706 3085 2966 3158 epistolas
3003 3084 3112 3156 (his
3137 3081 3286 3137 enim
3323 3088 3429 3134 tua:

1858 3199 2025 3251 cura,
2056 3192 2146 3240 tua
2175 3182 2484 3239 sollicitudo
2516 3180 2815 3247 continua)
2849 3187 2997 3233 tuam
3043 3174 3312 3231 obserasti
3339 3172 3428 3242 ja-

1854 3288 2018 3330 uuam
2056 3287 2125 3327 ne
2156 3272 2232 3326 tui
2274 3270 2565 3326 turbentur
2616 3265 2879 3324 labores?
2911 3265 2979 3320 Et
3035 3263 3162 3318 inde
3212 3275 3311 3316 nec
3340 3274 3428 3314 me

1849 3364 2095 3437 dignaris
2130 3362 2411 3439 suscipere
2439 3362 2533 3432 qui
2559 3360 2627 3416 ad
2658 3368 2709 3415 te
2756 3357 3013 3414 velociter
3062 3351 3303 3419 cucurri,
3332 3366 3427 3406 cu-

1847 3456 1938 3528 jus
1962 3465 2240 3525 aspectum
2290 3450 2547 3508 ardenter
2598 3449 2846 3520 optabas,
2874 3448 2960 3503 cui
3005 3458 3249 3500 mensam
3270 3451 3324 3498 et
3355 3441 3432 3495 le-

1854 3548 2061 3603 ctulum
2104 3559 2414 3616 paraveras,
2447 3543 2533 3597 cui
2571 3556 2677 3597 non
2712 3548 2922 3596 tantum
2957 3536 3247 3606 tlctegebas
3296 3533 3436 3588 reci-

1854 3640 2102 3712 piendos,
2129 3636 2223 3693 scd
2257 3636 2430 3706 ipsius
2455 3635 2616 3691 etiam
2639 3634 2833 3691 anima:
2864 3637 3076 3701 portam
3109 3624 3394 3695 aperiebas
3417 3637 3434 3688 ;

1856 3749 1958 3789 nec
1982 3733 2229 3802 accipere
2275 3729 2523 3799 dignaris
2550 3727 2725 3797 ipsam
2772 3733 2919 3780 tuam
2956 3721 3253 3780 civitatem,
3284 3714 3439 3769 flebi-

1856 3825 1998 3880 libus
2031 3824 2148 3894 ejus
2178 3836 2287 3877 non
2354 3819 2555 3876 auditis
2600 3816 2897 3890 gemitibus
2926 3826 3066 3885 quos
3119 3819 3233 3866 tota
3270 3816 3430 3861 nocte

1859 3928 2081 3986 totaque
2131 3916 2217 3971 dic
2265 3914 2378 3969 edit
2438 3914 2491 3967 in
2528 3920 2620 3966 tuo
2680 3906 2950 3977 sepulcro.
3008 3905 3283 3970 Quantum
3339 3914 3438 3970 ego

1861 4008 2122 4079 ipse‘eam
2159 4006 2304 4062 dolui
2341 4020 2462 4076 qua:
2506 4011 2655 4058 tanto
2702 4000 2930 4070 spoliata
2988 4005 3186 4052 ornatu
3229 4003 3435 4053 tantam

1864 4099 2083 4154 sustulit
2115 4110 2436 4151 aerumnam.
2466 4095 2621 4150 Sicut
2659 4094 2810 4147 navis
2850 4103 2992 4160 saepe
3028 4088 3284 4149 misertus
3312 4100 3431 4140 sunt

1866 4190 2231 4261 gubernatore
2253 4186 2546 4251 destitutae,
2584 4186 2727 4240 sicut
2753 4181 3025 4240 exercitus
3068 4177 3205 4234 duce
3241 4176 3440 4242 orbati,

1866 4282 1941 4336 ita
1973 4282 2025 4335 in
2063 4292 2295 4351 corpore
2323 4277 2551 4348 pulchro
2582 4286 2635 4334 et
2657 4273 2907 4347 specioso
2931 4280 3093 4342 caput
3118 4268 3435 4351 ademptum

1867 4372 2077 4431 deflevi.

278 4577 339 4640 γ’.
377 4574 463 4644 Τῷ
490 4574 609 4629 ὄντι
634 4574 692 4628 δὲ
729 4552 846 4641 νύν,
880 4576 1040 4645 εῐπερ
1077 4574 1267 4630 ἄλλοτέ
1299 4592 1456 4640 ποτε,
1483 4573 1754 4646 γέγονενῇ

1935 4564 1991 4620 5.
2025 4561 2233 4633 Utique
2263 4558 2517 4633 presenti
2556 4565 2821 4627 tempore,
2854 4556 2909 4613 sl
2942 4569 3207 4627 unquam,
3233 4552 3445 4623 captiva

223 4659 639 4717 Θεσσαλονικέων
670 4664 823 4727 πόλις
864 4663 1233 4735 αἰχμάλωτος,
1271 4667 1366 4720 καὶ
1405 4665 1647 4735 πολέμου
1682 4665 1761 4718 δί-

222 4767 281 4819 χιι
305 4754 390 4805 καὶ
424 4754 730 4825 Βαρϐάρων
753 4753 1055 4827 ἐπιδρομῆς
1078 4755 1351 4828 ὲσκυλήθη
1397 4758 1505 4810 τῶν
1569 4755 1766 4825 ἑαυτῆς

223 4843 513 4915 κειμηλίων,
543 4847 571 4900 ὃ
607 4864 772 4918 τιπερ
796 4848 1108 4917 κράτιστον.
1171 4849 1331 4901 Δοκεῖ
1385 4864 1477 4917 μοι
1530 4848 1625 4901 καὶ
1660 4850 1689 4900 ὁ
1711 4850 1768 4901 ὲν

228 4934 441 5004 μάρτυσι
469 4939 838 5011 μυροϐλύτης,
867 4937 968 5010 τὴν
1011 4938 1107 4992 τοῦ
1160 4938 1383 5009 ῥείθρου
1427 4936 1770 5010 πλημμύραν

228 5027 478 5098 ἀνακύψας
502 5032 598 5088 ἐπὶ
631 5028 851 5101 μικρὸν,
899 5030 999 5099 τῆς
1042 5028 1253 5091 οἰκείας
1307 5018 1515 5092 πόλεως
1576 5030 1770 5097 ἐπιση·

230 5118 375 5184 μῆναι
407 5123 503 5193 τὴν
530 5121 845 5194 συμφοράν.
889 5121 949 5183 '0
978 5120 1036 5176 δὲ
1074 5122 1174 5191 τὴν
1218 5118 1372 5173 πόλιν
1427 5117 1773 5188 περικλύζων

228 5209 456 5283 δεύτερος
483 5214 750 5285 ποταμὸς,
771 5213 832 5268 οὗ
864 5213 925 5269 τὸ
953 5213 1136 5285 ῥεῦμα
1164 5212 1274 5266 τῶν
1315 5212 1489 5278 λόγων
1533 5210 1628 5265 καὶ
1677 5210 1772 5263 τοῦ

231 5301 405 5358 Νείλου
435 5307 787 5378 καταράκτας
813 5306 1157 5378 ἀπέκρυψεν,
1188 5302 1468 5358 ἐπαύσατο
1493 5302 1656 5373 ῥέων,
1679 5303 1774 5358 καὶ

230 5393 430 5460 amis;
456 5400 660 5464 ἐκεῖνος
697 5399 874 5467 ῥοῖζος
906 5400 1182 5470 ἐσίγησεν.
1228 5396 1339 5451 Καὶ
1388 5395 1483 5451 νῦν
1540 5396 1591 5449 οἱ
1647 5395 1776 5467 χθὲς

232 5488 400 5552 χανδὸν
425 5491 801 5563 ὲκροφοῦντες,
828 5492 924 5546 καὶ
964 5491 1043 5562 τῷ
1100 5489 1341 5562 μελιχρῷ
1382 5489 1476 5544 τοῦ
1534 5489 1776 5559 νάματος

237 5576 882 5653 γλνωζὸμενοι,αύαλέοι
927 5585 1168 5654 σήμερον
1218 5584 1315 5636 καὶ
1354 5583 1638 5652 περικαεῖς
1698 5579 1777 5650 τῷ

236 5673 353 5739 πυρὶ
379 5674 471 5743 τῆς
497 5674 653 5747 δίψης
683 5674 1090 5745 καμινεύονται.
1114 5674 1410 5745 Διψήσουσι
1437 5672 1480 5727 δ’
1506 5668 1661 5744 οἶμαι
1681 5670 1777 5725 καὶ

238 5759 355 5814 πολύ
392 5779 443 5815 τι
476 5766 631 5834 μέρος
656 5766 756 5837 τῆς
786 5766 1131 5837 οἰκουμένης,
1160 5767 1275 5819 ὅσοι
1307 5766 1419 5818 τῶν
1444 5764 1538 5817 τοῦ
1592 5762 1770 5833 μάκα-

243 5864 327 5914 ρος
364 5856 608 5924 ναμάτων
637 5858 931 5926 ιγεύσαντο
967 5872 982 5890 ο
1014 5858 1062 5910 oi
1095 5857 1193 5929 μὲν
1225 5860 1288 5911 ἐκ
1321 5855 1416 5911 τοῦ
1465 5854 1649 5926 σχεδὸν
1678 5854 1774 5926 τῆς

1866 4656 2007 4713 facta
2056 4666 2141 4712 est
2197 4652 2764 4713 Thessalonicensium
2828 4649 3062 4717 civitas,
3142 4657 3198 4704 et
3254 4654 3447 4718 pratter

1866 4750 2110 4813 bellum,
2186 4748 2470 4802 incursum
2555 4744 2921 4799 Barbarorum
3010 4754 3232 4797 suarum
3325 4754 3448 4809 prc-

1872 4841 2166 4897 tiosissima
2242 4851 2580 4911 gemmarum
2625 4834 2731 4890 fuit
2784 4842 2972 4891 exuta.
3022 4830 3244 4888 Videtur
3309 4831 3444 4887 mihi

1868 4933 1958 4990 ille
1998 4934 2137 4987 inter
2167 4939 2435 5002 martyres
2461 4925 2827 4998 Myrostillans
2857 4924 3137 4996 paululum
3184 4936 3449 4992 suspenso

1870 5026 2017 5081 ﬂuxu
2053 5039 2274 5095 prorsus
2300 5020 2593 5086 odorifero,
2626 5018 2777 5073 urbis
2814 5017 3161 5088 significasse
3191 5015 3447 5070 exitium.

1871 5116 2149 5171 Posterior
2197 5114 2388 5167 urbem
2422 5112 2654 5182 irrigans
2688 5109 2906 5173 ﬂuvius,
2935 5106 3095 5178 cujus
3122 5118 3444 5168 sermonum

1872 5207 2073 5263 fluento
2103 5203 2208 5259 Nili
2251 5203 2420 5274 ipsius
2454 5201 2656 5257 cedunt
2679 5209 3000 5267 cataractae;
3040 5198 3210 5261 fluere
3261 5195 3443 5259 desiit,
3506 5220 3511 5223 Α

1873 5307 1926 5352 et
1956 5311 2183 5367 magnus
2218 5294 2306 5348 ille
2335 5292 2517 5363 fragor
2545 5292 2721 5347 siluit.
2757 5289 2824 5344 Et
2855 5303 3000 5344 nunc
3029 5288 3120 5358 qui
3148 5285 3261 5340 heri
3284 5284 3446 5355 pleno

1872 5403 1968 5443 ore
2029 5388 2278 5444 bibentes
2330 5398 2492 5440 amne
2544 5381 2802 5439 melliﬂuo
2843 5382 3277 5442 deleCtabantur,
3312 5374 3445 5430 sicci

1874 5482 2035 5537 hodie
2062 5488 2116 5536 et
2149 5478 2342 5535 torridi
2398 5477 2520 5534 sitis
2565 5476 2690 5548 igne
2719 5481 2975 5533 uruntur.
3004 5470 3204 5527 Sitient
3256 5467 3443 5536 etiam,

1876 5589 1962 5630 me
2015 5572 2217 5643 judice,
2275 5571 2428 5628 multi
2478 5568 2684 5627 telluris
2733 5566 2922 5622 incolae
2977 5570 3245 5635 quotquot
3298 5561 3449 5617 Beati

1880 5667 2051 5725 nostri
2081 5664 2280 5720 ﬂuenta
2317 5669 2709 5735 gttstaverunt;
2770 5667 2880 5712 tum
2920 5656 3013 5727 qui
3070 5656 3253 5727 lingua
3282 5669 3448 5710 aurea

1886 5759 2111 5831 propius
2161 5756 2501 5831 gaudebant,
2558 5762 2670 5809 tum
2735 5750 2829 5820 qui
2870 5748 3064 5819 procul
3108 5750 3245 5805 echo
3272 5747 3451 5829 perci-

1880 5852 2121 5924 piehant.
2277 5850 2419 5903 cutim
2447 5847 2650 5903 tonitru
2674 5842 2947 5914 indignior
2961 5854 3274 5899 sermonum
3304 5822 3454 5909 illius
