3822 6556
142 443 221 511 τιι
844 443 1246 506 LAUDATIO
1284 446 1684 509 FUNEBRIS
1710 401 2139 512 EUSTATHII
2177 452 2540 514 TIlESSAL.
2593 516 2595 518 ,
3219 449 3324 519 πε

142 566 352 637 λειμῶνος
376 561 522 632 χάριν
560 558 673 623 πῶς
708 559 776 615 ἀν
803 560 1230 636 ἀφηγησαίμην,
1256 564 1365 620 ὑπὸ
1405 566 1503 620 τοῦ
1530 566 1636 622 πά·-

1816 571 1918 624 imi
1952 587 1984 622 ο
2021 570 2327 628 intellectura
2383 570 2740 642 magnitudo!
2790 587 2825 629 ο
2859 571 3124 630 labiorum
3156 591 3322 632 amm-

143 663 236 720 eo»;
258 653 658 724 ἀνακοπτόμενος
689 668 706 720 ;
736 649 806 707 Ὦ
842 653 966 716 νοῦς
1001 655 1278 726 αἰθέριοςῑ
1319 651 1381 710 «ὧ
1439 659 1639 728 φρένες

1812 675 1890 718 tas
1935 663 2100 719 etiam
2141 667 2194 719 in
2249 665 2370 720 solo
2397 665 2604 720 verbol
2657 679 2694 719 ο
2747 681 2940 722 manus
2987 669 3226 736 pulchrae
3257 672 3321 723 a-l

144 751 390 819 στερέμκιιοι
415 748 427 800 !
459 739 500 797 ὦ
530 745 837 816 φρονήσεως
867 746 1129 816 μέγεθοςί
1162 740 1207 800 ὧ
1233 747 1456 816 χειλέων
1505 749 1640 816 γλυυ

1815 771 1912 808 rum
1943 764 2178 811 extenta:
2217 772 2339 828 quae
2375 757 2544 812 Deum
2579 757 2781 828 populo
2845 759 3167 827 placabant;
3205 761 3324 830 pulo

142 842 322 911 κύτητες
351 839 496 908 μέχρι
531 837 620 890 καὶ
657 838 820 906 μόνου
870 840 1302 908 προσρήματοςί
1355 834 1400 894 ὦ
1461 844 1643 910 χεῖρες

1825 861 1896 899 ne
1927 846 2089 900 etiam
2121 862 2188 902 ex
2232 846 2380 903 fonte
2413 848 2806 904 misericordiae
2843 851 2935 918 qui
2971 851 3094 905 inde
3135 861 3326 906 scatu-

141 937 262 990 κιλαὶ
288 932 526 1002 μὲν,κατὰ
549 931 646 990 τὰς
676 934 814 1003 πρὸς
838 932 971 987 Θεὸν
1000 935 1276 997 ἐκτάσεις,
1311 928 1394 997 οἷς
1522 935 1639 1006 λαῷ

1820 937 1923 990 ebat
1950 937 2356 1008 indigentibusl
2411 939 2455 994 0
2487 939 2626 995 bona
2655 942 2841 995 omnia
2880 950 2994 996 tum
3035 942 3090 996 in
3127 942 3329 1011 seipsis

140 1029 206 1081 τὸν
228 1028 396 1094 Κύριον
424 1021 794 1094 ἑξηυμᾶνιζον,
847 1024 1010 1079 καλαὶ
1059 1025 1117 1078 δὲ
1148 1025 1246 1079 καὶ
1292 1027 1389 1079 τὸν
1421 1027 1645 1097 κρουνὸν

1811 1043 1860 1082 m
1893 1045 2018 1099 erga
2061 1030 2164 1084 alia
2189 1071 2204 1097 ,
2257 1039 2310 1086 et
2339 1032 2494 1099 quasi
2547 1032 2658 1104 lyra
2694 1033 2778 1088 vel
2818 1034 3030 1090 citbara
3073 1037 3126 1088 in
3157 1049 3319 1087 unam

142 1120 211 1172 τοῦ
234 1118 406 1178 ἐλέους,
439 1117 493 1170 ὃν
520 1117 837 1184 πενομένοις
862 1116 1145 1188 ὲπήγαζον
1175 1120 1189 1173 ί
1220 1113 1292 1172 Ὦ
1319 1117 1463 1172 καλὰ
1501 1119 1644 1172 πάν·

1823 1119 2088 1174 rmoniam
2133 1122 2486 1194 coordinatal
2523 1123 2770 1179 Odulcis
2849 1126 3104 1195 loquela!
3164 1141 3198 1180 o
3243 1125 3328 1194 ju-

139 1230 188 1265 τι
215 1212 288 1263 καὶ
319 1209 441 1277 πρὸς
464 1208 626 1262 ἑαυτά
655 1210 750 1262 καὶ
776 1211 910 1280 προς
953 1209 1180 1280 ἀλληλα,
1241 1213 1338 1265 καὶ
1390 1209 1466 1274 ὼς
1508 1209 1647 1280 λύρα

1823 1209 1926 1264 nde
1954 1221 2008 1266 et
2035 1213 2222 1267 suavis
2261 1215 2450 1268 ocule!
2501 1213 2604 1281 Qui
2645 1215 2691 1270 si
2725 1231 2752 1268 a
2780 1217 3060 1271 nonnullis
3097 1225 3331 1286 punctus

139 1319 202 1366 τις
223 1302 250 1367 ἢ
275 1300 454 1368 κιθάρα
471 1298 643 1362 καλῶς
679 1300 816 1369 πρὸς
841 1301 1109 1370 ἁρμονίαν
1143 1303 1277 1370 μίαν
1312 1301 1648 1371 ξυναρμοζό-

1823 1301 1964 1368 erit,
1997 1303 2052 1357 in
2095 1305 2198 1359 hoc
2236 1307 2543 1376 praesertim
2600 1308 2778 1378 capite
2823 1308 3182 1364 admiratione
3216 1324 3332 1362 om-

143 1409 246 1462 ρενα
270 1393 281 1444 !
310 1387 371 1443 Ὦ
394 1389 609 1458 γλυκεῖα
638 1391 950 1462 προσλαλιά
978 1393 1074 1446 καὶ
1104 1391 1327 1462 βλέμμα
1376 1392 1650 1462 προσηνὲς

1825 1410 1887 1450 uo
1918 1395 2120 1465 dignus
2155 1409 2260 1462 eat,
2288 1407 2337 1453 et
2364 1400 2641 1454 accusatio
2669 1402 2723 1454 in
2758 1402 2887 1470 ejus.
2910 1401 3137 1472 gloriam
3171 1401 3334 1455 verti-

142 1483 493 1553 καὶμειλίχιονί
522 1483 578 1535 Ei
601 1482 648 1536 δ’
675 1483 826 1536 ἔστιν
875 1483 937 1536 οῦ
969 1485 1062 1537 καὶ
1112 1485 1248 1554 πρὸς
1301 1485 1481 1549 ἐνίους
1519 1486 1650 1539 ὑπει-

1825 1503 1862 1542 r.
1902 1485 2039 1542 Nam
2069 1491 2146 1544 uti
2178 1491 2325 1559 virga
2353 1505 2460 1546 non
2495 1506 2722 1548 necesse
2751 1503 2871 1548 erat
2905 1503 2962 1548 ut
2992 1493 3334 1548 adversarios

142 1577 432 1645 δριμύσσετο,
462 1575 595 1629 ἀλλὰ
630 1575 864 1630 ἐνταῦθα
917 1576 978 1630 τὸ
1034 1577 1265 1648 ἀρχικὸν
1311 1577 1651 1650 ὑπεραπολο-

1826 1587 2046 1644 erteret,
2082 1579 2177 1634 sed
2209 1579 2376 1634 verbo
2427 1591 2481 1635 e‘t
2529 1589 2750 1652 aspectu
2787 1591 3096 1648 protervum
3123 1594 3335 1639 sterne-

143 1674 279 1736 τεῖται
332 1669 471 1726 τοῦδε
503 1668 593 1722 τοῦ
629 1668 956 1739 θαυμασίου,
990 1670 1084 1724 καὶ
1112 1670 1174 1724 τὸ
1203 1671 1344 1734 τέως
1397 1669 1652 1741 ἔγκλημα

1828 1678 1872 1735 ι,
1902 1679 1956 1724 et
1989 1670 2108 1726 sine
2139 1670 2330 1726 labore
2366 1670 2653 1742 frangebat
2688 1672 3177 1743 supplantatorem.
3224 1672 3337 1729 lloc

145 1764 228 1824 τοῖς
252 1759 619 1831 κατορθώμασι
644 1760 1076 1832 συνεισέρχεται.
1125 1760 1336 1833 Ῥἀσδῳ
1392 1762 1494 1833 μὲν
1545 1763 1652 1832 γὰρ

1835 1762 2093 1820 Christus
2123 1763 2356 1820 faciebat
2412 1764 2555 1820 circa
2609 1765 2988 1836 delinquentes
3015 1766 3068 1820 in
3111 1767 3337 1836 templo.

142 1857 213 1908 οὐκ
234 1850 291 1924 ἦν
307 1853 596 1922 χρήσασθαι
628 1853 720 1906 τὸν
740 1855 820 1916 εἰς
872 1853 1182 1924 βακτηρίαν
1226 1855 1434 1926 ταύτην
1479 1857 1651 1926 ιγχει-

1923 1872 1975 1910 m
2004 1870 2134 1912 tunc
2170 1855 2479 1927 proferebat
2507 1869 2695 1912 vocem
2719 1859 2948 1913 omnino
2972 1857 3222 1912 acerbam
3257 1858 3340 1912 vel
3420 1905 3429 1913 .

144 1947 343 2017 ρισθέντα
367 1946 457 1998 καὶ
501 1945 613 1999 τῶν
656 1945 1120 1999 ἐπιϐουλευόντων
1158 1946 1467 2016 ὲλάτειραν,
1511 1947 1653 2016 λόγῳ

1827 1948 2231 2010 ntumeliosam,
2260 1947 2375 2004 sive
2418 1948 2680 2018 subjectis
2705 1952 2953 2013 noxium,
2983 1951 3100 2004 sive
3123 1949 3296 2017 priuci
3315 1977 3336 1990 ο

144 2040 185 2092 δὲ
207 2040 283 2090 καὶ
301 2039 558 2108 βλέμματι
591 2037 794 2106 πλῆξαι
815 2038 907 2092 τὸν
927 2037 1291 2106 ἀτακτοῦντα,
1317 2039 1413 2092 καὶ
1439 2039 1653 2103 ἀπόνως

1835 2056 1917 2095 ius
1962 2040 2293 2095 lrreverens.
2336 2037 2466 2094 Siue
2499 2039 2710 2112 judicio
2751 2041 3151 2097 condemnatus
3202 2040 3344 2095 exiit

145 2131 354 2200 ἄρτιῶσαι
407 2131 496 2182 τὸν
539 2131 942 2200 ὑποσχάζοντα.
992 2130 1165 2186 Τοῦτο
1214 2133 1271 2185 δὲ
1321 2133 1457 2186 ἀλλά
1508 2133 1654 2187 καὶὸ

1869 2133 1984 2204 lege
2023 2131 2208 2189 senior
2261 2133 2352 2188 ille
2407 2136 2756 2190 sacerdotum
2793 2134 3046 2204 (llelias),
3098 2136 3188 2203 qui
3241 2149 3341 2188 nec

145 2221 325 2289 Χριστὸς
351 2221 514 2276 ἐποίει
577 2223 712 2291 περὶ
749 2222 876 2284 τοὺς
919 2221 1374 2286 ἀπαιδευτοῶτας
1411 2225 1555 2294 ἀμφὶ
1600 2225 1654 2278 τὸ

1836 2225 1955 2285 riter
1983 2225 2206 2295 quidem
2273 2224 2416 2280 ﬁlios
2465 2223 2846 2295 delinquentes
2903 2227 3246 2296 vituperavit.
3299 2225 3345 2282 0

147 2314 269 2384 ἱερόν.
298 2316 364 2368 Οὐ
397 2315 465 2384 μὴ
495 2316 664 2369 πῖέον
686 2311 753 2385 ἦν
774 2316 892 2369 ἐκεῖ
917 2315 976 2369 τὸ
1005 2317 1360 2386 φραγγέλιον,
1391 2317 1466 2378 ὡς
1513 2319 1656 2386 τότε,

1822 2318 2086 2372 imilitatis
2147 2317 2379 2373 altitudo
2427 2317 2480 2371 in
2534 2325 2681 2372 tanta
2716 2319 2976 2374 virtutum
3005 2321 3158 2388 copia
3191 2336 3331 2389 quas

146 2403 369 2468 παντελῶς
399 2405 710 2476 ἀνάλγητον
741 2406 837 2458 καὶ
859 2406 1281 2476 ἀνεπιτίμητον,
1314 2411 1426 2472 τοῖς
1474 2409 1531 2462 δὲ
1556 2410 1655 2479 ἀρ·-

1839 2410 2026 2480 bsequi
2057 2409 2192 2464 solet
2223 2410 2541 2479 arrogantia
2573 2411 2586 2464 l
2619 2409 2730 2466 Nec
2752 2412 2900 2466 enim
2928 2412 3215 2480 sapientia,
3251 2428 3348 2467 uec

145 2494 339 2563 χομένοις
372 2496 580 2559 πάντως
619 2497 938 2564 ἑπιὸλαὸὲς,
965 2499 1061 2551 καὶ
1090 2499 1213 2553 οὐδὲ
1241 2502 1354 2562 τοῖς
1400 2501 1654 2569 ἄρχουσιν

1839 2502 2044 2557 cellens
2074 2501 2414 2565 intellectus,
2448 2516 2551 2556 nec
2581 2502 2688 2556 vita
2722 2502 3041 2572 philosopho
3061 2517 3301 2570 congrua
3330 2543 3343 2565 ,

147 2588 392 2652 αἰνὲσιμον.
420 2590 490 2643 Ἦ
518 2589 635 2658 γὰρ
665 2588 731 2642 ἂν
763 2592 858 2644 καὶ
879 2593 907 2643 ὁ
935 2592 1089 2662 παρά
1117 2593 1211 2644 τὸν
1242 2593 1408 2660 νόμον
1432 2592 1656 2656 παλαιὸς

1840 2609 1864 2649 ο
1891 2594 2186 2664 quicquam
2208 2593 2356 2647 aliud
2387 2594 2801 2648 commodorum
2832 2594 2981 2648 illum
3001 2595 3054 2649 in
3083 2595 3349 2666 superbia:

153 2679 298 2749 ίερέων
323 2681 526 2750 ἔμεινεν
550 2684 947 2753 ἀκατάκριτος,
979 2685 1358 2756 παρανομοῦσι
1380 2689 1490 2750 τοῖς
1521 2686 1662 2740 υίέσι

1840 2687 2094 2741 u-atbrum
2137 2686 2470 2757 praecipitem
2509 2687 2638 2757 egit.
2672 2686 2859 2754 Neque
2905 2688 3184 2757 dignitatis
3229 2704 3349 2741 Ina-

146 2773 244 2841 μηδὲ
271 2773 426 2846 βραχύ
483 2793 620 2829 ποτε
664 2777 1092 2847 δριμυξάμενος.
1145 2774 1215 2831 Ὦ
1278 2777 1655 2840 ταπεινώσεως

1839 2779 2026 2842 iitudo,
2064 2793 2241 2846 neque
2290 2779 2437 2833 sedis
2486 2793 2664 2835 nonor
2727 2794 2826 2835 nec
2869 2794 3208 2850 quaecunque
3242 2780 3348 2834 alia

145 2863 244 2930 ὕνζος
263 2869 386 2920 κατὰ
411 2868 676 2922 τοσούτου
708 2868 950 2940 πλήθους
978 2869 1089 2923 τῶν
1117 2871 1349 2940 ἀρετῶν,
1391 2865 1474 2934 οἷς
1527 2870 1654 2922 ὀπα-

1843 2869 2027 2923 aeclara
2053 2869 2254 2938 quibus
2288 2867 2466 2921 sortiti
2496 2867 2765 2936 stipantur
2799 2882 2922 2922 eum
2947 2867 3140 2921 inflare
3162 2877 3352 2937 potue-

146 2959 202 3010 ἰεί
224 2961 274 3011 τὺ
297 2961 628 3033 μεγάλαυχον
662 2963 674 3016 l
706 2960 848 3018 Οὔτε
869 2963 978 3032 γὰρ
1027 2961 1089 3016 τὸ
1124 2963 1256 3034 περὶ
1301 2964 1397 3031 τῆς
1447 2963 1655 3033 σοφίας,

1841 2971 1920 3016 ιιι.
1955 2960 2058 3015 Sed
2091 2969 2209 3014 erat
2231 2959 2485 3014 excelsus
2505 2960 2786 3030 operibus,
2811 2958 3145 3014 conscientia
3166 2968 3347 3013 autem

148 3048 236 3099 αὖτε
259 3049 310 3102 τὸ
335 3050 425 3120 τῆς
450 3057 728 3116 συνέσεως
758 3053 1121 3122 ὑπερϐάλλον,
1151 3055 1213 3108 τὸ
1251 3054 1344 3107 τοῦ
1370 3054 1488 3123 βίου
1513 3053 1657 3122 φιλό-

1847 3056 2020 3120 milia,
2070 3055 2302 3111 interius
2364 3051 2583 3124 quidem
2625 3066 2854 3122 magnus
2909 3051 2983 3106 ita
3018 3059 3076 3106 ut
3125 3051 3356 3120 quilibet

150 3158 290 3211 σοφον,
309 3143 415 3198 οὔτ’
435 3145 563 3199 ἀλλο
599 3161 659 3198 τι
691 3146 799 3199 τῶν
841 3146 1288 3216 κατορθωμάτων
1313 3146 1466 3201 οὐδὲν
1499 3146 1579 3209 είς
1606 3145 1659 3199 τὸ

1843 3148 2088 3218 ielllgens
2131 3146 2441 3214 obstupeat,
2474 3151 2529 3199 et
2565 3158 2691 3198 eum
2729 3143 2918 3197 Libani
2972 3143 3136 3213 lignis
3164 3143 3352 3198 confe-

148 3233 274 3300 23;,09
295 3235 553 3308 βάραθρον
587 3237 760 3291 αὐτὸν
784 3239 1220 3310 ἀπεκρήμνισεν.
1268 3239 1343 3294 Οὐ
1385 3239 1491 3310 μὴν
1543 3236 1657 3291 οὐδὲ

1846 3251 1886 3307 t;
1912 3240 2152 3296 exterius
2191 3253 2322 3293 vero
2364 3253 2565 3308 parvus
2594 3247 2650 3292 et
2683 3235 2931 3306 abiectus
2958 3235 3030 3290 ita
3068 3244 3129 3289 ut
3159 3249 3355 3290 occur-

147 3328 188 3379 ri.
209 3329 284 3396 τῆς
304 3331 446 3396 ἀξίας
476 3331 638 3402 ὕψος,
668 3333 777 3386 οὐδ’
812 3332 840 3385 ὁ
869 3330 1147 3402 περίδοξος
1189 3331 1404 3400 θρόνος,
1439 3330 1535 3384 καὶ
1573 3329 1656 3383 ὅσα

1841 3343 1959 3388 ntes
2037 3331 2318 3387 deluderet
2367 3339 2424 3386 et
2493 3328 2562 3384 ad
2623 3328 2996 3398 coutemplum
3079 3327 3349 3381 incitaret.

147 3424 226 3481 :xi;
251 3423 308 3474 τὰ
344 3426 544 3492 μεγάλα
574 3426 976 3497 κληρουμένοις
1002 3423 1331 3495 παρέπεται,
1356 3420 1656 3492 κατοφρυῶ·

1846 3426 1990 3494 tippe
2031 3423 2293 3479 satellites
2316 3422 2560 3485 aberant,
2592 3433 2802 3474 necnon
2839 3419 3063 3474 comites
3085 3427 3140 3472 et
3166 3416 3355 3472 adula-

148 3527 214 3563 σαι
232 3516 392 3567 τοῦτον
422 3515 799 3584 δεδυνάμωτο.
841 3514 984 3568 Ἀλλ’
1016 3510 1085 3584 ἦν
1128 3513 1332 3584 ὑψηλὸς
1392 3513 1493 3582 μὲν
1563 3513 1657 3573 τοῖς

1844 3533 1927 3573 res
1959 3531 2243 3586 nunquam
2277 3515 2676 3582 sequebantur.
2709 3511 2943 3567 Solitum
2971 3521 3154 3566 autem
3175 3509 3353 3564 solum

147 3603 306 3672 ἔργοις,
337 3611 586 3672 ταπεινὸς
612 3608 673 3662 δὲ
702 3608 780 3680 τῷ
814 3608 1148 3679 φρονήματι,
1201 3607 1294 3662 καὶ
1345 3608 1522 3675 μέγας
1577 3607 1656 3675 μὲε

1850 3614 2015 3666 aeiens
2060 3610 2244 3664 lumen
2283 3616 2335 3664 et
2385 3608 2592 3678 lampas
2622 3605 2952 3662 antecedens
3002 3604 3154 3658 illum
3217 3603 3359 3658 inter

148 3697 258 3760 ἐντὸς
288 3703 371 3753 καὶ
401 3695 514 3755 οἷον
559 3703 633 3757 ἄν
674 3718 756 3760 τις
807 3699 1110 3770 ἐκπλαγείη
1173 3701 1540 3769 κατανοήσας,
1585 3717 1657 3752 κα

1856 3700 2070 3756 ntiﬁces
2106 3713 2364 3769 magnum
2429 3695 2761 3759 illustrabat,
2812 3694 3071 3766 magistra
3130 3694 3361 3748 interna:

147 3789 234 3851 τοῖς
259 3791 339 3844 τοῦ
369 3792 609 3847 Λιϐάνου
650 3790 889 3860 δένδροις
952 3789 1407 3860 συγκαταλέξειεν
1433 3807 1447 3821 ο
1483 3789 1656 3854 ἔξωθε

1854 3791 2076 3856 u-itatis,
2109 3800 2163 3844 et
2217 3789 2356 3845 lueis
2377 3803 2604 3859 operum
2651 3786 2980 3858 praenuntia.
3009 3784 3162 3851 Quod
3197 3785 3243 3838 si
3276 3783 3363 3838 di-

148 3879 188 3934 δὲ
208 3885 373 3952 μικρός
401 3903 458 3939 τε
505 3887 605 3939 καὶ
639 3882 982 3954 περιπέζιος,
1013 3883 1110 3939 καὶ
1150 3877 1264 3948 οἶος
1311 3882 1657 3953 ἐξαπατῆσαι

1853 3898 1992 3938 icere
2045 3882 2304 3950 amabat,
2373 3882 2418 3938 si
2450 3897 2616 3952 opum
2675 3895 2905 3936 acervos
2956 3879 3362 3951 congregabat,

147 3975 307 4040 καὶείς
349 3978 750 4049 περιφρόνησιν
811 3975 1191 4046 παρακινῆσαι
1231 3973 1360 4037 τοὺς
1411 3973 1656 4042 δντυγχάι

1856 3985 2031 4032 strum
2088 3975 2274 4044 poscit
2318 3975 2688 4030 testimonium
2738 3971 2884 4027 inter
2941 3986 3084 4043 quos
3149 3985 3365 4040 semper

147 4079 315 4132 νοντας.
335 4070 649 4142 Δορυφορία
675 4084 736 4122 τε
759 4068 868 4137 γὰρ
901 4068 1074 4137 ἀπῆν,
1106 4067 1202 4120 καὶ
1231 4065 1425 4119 ὀπαδοὶ
1448 4065 1543 4119 καὶ
1589 4064 1656 4117 κό

1936 4110 1942 4130 ,
1969 4083 2187 4138 semper
2213 4075 2574 4122 conversatus
2615 4074 2719 4120 est.
2751 4065 2892 4132 Quid
2923 4064 3094 4134 ergo?
3125 4061 3368 4117 mttueri-
3441 4105 3445 4108 .

145 4154 273 4222 λακες
289 4163 344 4212 οὐ
370 4163 731 4232 παρείποντο.
765 4159 944 4213 Μόνον
989 4158 1050 4211 τὸ
1079 4157 1330 4223 συνήθως
1379 4171 1654 4226 προπορευ

1865 4177 1890 4216 s
1929 4175 2126 4215 manus
2154 4158 2401 4228 implevit
2430 4158 2454 4211 7
2481 4156 2622 4222 Quid
2645 4170 2777 4225 ergo
2805 4157 2830 4210 7
2857 4153 3067 4210 Oblatis
3099 4152 3367 4222 donisque

147 4248 300 4303 όιιενον
333 4253 443 4320 φῶς
470 4255 568 4308 καὶ
592 4255 629 4325 ἡ
665 4252 892 4318 λαμπὰς
918 4253 962 4320 ἡ.
981 4252 1306 4320 προάγουσα
1333 4247 1426 4302 τδν
1475 4248 1535 4301 ιν
1586 4247 1656 4315 ἀρ

1858 4252 2170 4308 lectabatur
2233 4251 2306 4303 ita
2362 4256 2423 4302 ut
2490 4246 2794 4316 spiritualia
2835 4244 3146 4298 volentibus
3193 4242 3365 4311 pretio

147 4343 348 4410 χιιρεῦπι
391 4347 564 4417 μέγαν
603 4345 892 4415 ἐσέμνυνε,
914 4341 1234 4406 διδάσκαλος
1282 4343 1382 4412 τῆς
1431 4338 1579 4392 ἔνδον
1606 4339 1656 4391 oi

1860 4344 2078 4400 ididerit
2129 4349 2184 4397 et
2238 4341 2444 4396 illicitis
2468 4339 2638 4394 lucris
2667 4332 2865 4393 manus
2894 4336 3186 4407 polluerit?
3225 4335 3369 4389 Sane

149 4436 408 4509 κουρούσης
433 4437 849 4509 λαμπρότητος,
875 4437 970 4490 καὶ
1003 4435 1099 4490 τοῦ
1123 4432 1300 4502 φωτὸς
1353 4432 1464 4486 τῶν
1506 4431 1658 4503 ἔργω

1859 4437 1918 4492 iis
1947 4436 2082 4490 adeo
2101 4433 2331 4489 mendax
2353 4442 2405 4487 et
2424 4431 2665 4486 insolens
2696 4438 2753 4484 ut
2779 4430 2956 4483 taliter
2978 4428 3123 4497 loqui
3151 4427 3368 4492 audeat,

148 4531 466 4600 προάγγελος.
494 4535 558 4586 Et
603 4533 664 4585 δὲ
703 4532 798 4586 καὶ
827 4533 1081 4586 πλουτεῖν
1127 4529 1342 4600 ἠγάπα,
1394 4529 1444 4582 εί
1489 4526 1547 4580 δὲ
1590 4544 1657 4580 κα

1901 4528 2120 4585 sordem
2174 4525 2461 4582 munditia:
2499 4523 2794 4588 immittat,
2824 4534 2878 4578 et
2923 4522 3098 4577 lucem
3137 4520 3373 4590 appellet

150 4623 320 4688 σωροὺς
339 4641 440 4695 χρη
451 4626 644 4693 μάτων
668 4623 1115 4690 ὲπεστοισάσατο,
1143 4621 1298 4693 ζητεί
1322 4619 1420 4691 τὴν
1443 4619 1504 4686 ἐξ
1531 4618 1659 4690 ὑμῶε

1860 4623 2069 4688 nebras,
2099 4630 2153 4676 et
2199 4621 2371 4675 facem
2421 4627 2576 4672 vocet
2632 4615 2968 4685 caliginem?
2999 4615 3193 4670 Manus
3224 4613 3369 4668 enim

149 4717 436 4782 μαρτυρίαν,
464 4711 547 4781 οἷς
597 4711 774 4787 ἦνάεὶ
813 4716 911 4770 καὶ
949 4715 1194 4777 σύνοικος
1250 4714 1348 4768 καὶ
1376 4713 1658 4785 συνόμιλος

1864 4716 1945 4771 ius
1977 4721 2137 4769 erant
2177 4713 2337 4767 la-ves
2384 4722 2438 4768 et
2483 4726 2634 4781 purae.
2681 4725 2804 4765 cum
2840 4708 3137 4780 cupiditate
3181 4706 3373 4762 Jacob.

147 4801 303 4871 Τὶδέ;
350 4807 662 4878 λημμάτων
722 4806 1030 4877 ἐπληροῦτο
1083 4807 1184 4867 τὰς
1216 4810 1446 4876 χεῖρας;
1500 4805 1565 4858 Τί
1592 4805 1650 4860 δέ

1867 4822 1905 4862 ιε
1931 4806 1986 4861 in
2019 4805 2245 4876 ancipiti
2272 4803 2566 4859 extendere
2599 4817 2706 4857 non
2735 4802 3045 4873 patiebatur
3086 4809 3144 4856 ut
3175 4800 3376 4855 veritas

147 4892 305 4962 ξενίοις
333 4903 422 4954 καὶ
459 4901 660 4971 δώροις
681 4899 924 4969 ἔχαιρεν,
968 4899 1044 4962 ὡς
1096 4900 1190 4952 καὶ
1226 4900 1293 4952 τὰ
1339 4915 1652 4968 πνευματικ

1866 4887 2104 4954 Ξιονειιιτ.
2154 4897 2288 4951 Nam
2329 4906 2522 4951 natura
2579 4895 2826 4950 fraudem
2879 4894 3066 4948 oderat
3108 4905 3162 4947 et
3192 4893 3375 4946 dolum

145 4986 234 5049 τοῖς
287 4989 632 5062 βουλομένοις
692 4991 843 5045 ἔστιν
889 4990 979 5044 ὅτε
1024 4989 1534 5060 καταχειρίζεσθαι.
1595 5007 1654 5042 κο

1868 4992 2182 5048 ersabatur.
2221 4989 2286 5044 Et
2326 4989 2373 5044 si
2410 4988 2536 5058 quis
2577 5001 2816 5056 unquam
2869 4985 2971 5056 ipsi
3004 4984 3206 5038 talibus
3243 4999 3376 5052 gau-

149 5077 360 5142 μολύ·.ειν
387 5086 580 5154 χεῖρας
621 5083 884 5151 ἀθέσμοις
914 5083 1166 5153 λήμμασι
1194 5097 1210 5150 ;
1271 5082 1380 5136 Καὶ
1404 5081 1487 5144 τίς
1539 5081 1658 5136 οὔτι

1872 5098 1933 5138 ηε
1959 5083 2367 5146 ostenderetur,
2418 5080 2545 5134 huic
2569 5078 2624 5133 in
2652 5079 2933 5132 inimicum
2963 5078 3293 5139 vertebatur,
3323 5083 3381 5130 et

147 5169 418 5247 ψενὸοεπὴς
489 5178 590 5231 καὶ
673 5176 1056 5248 θρασύστομος
1083 5218 1098 5241 ,
1172 5175 1250 5238 ὼς
1331 5175 1656 5246 ὲπιθαρῤἦσι

1868 5174 2042 5230 rlecto
2082 5175 2212 5230 odio
2233 5173 2424 5228 oderat
2449 5186 2598 5226 eum.
2633 5170 2753 5241 Ipse
2782 5171 2926 5224 enim
2975 5169 3030 5224 in
3065 5169 3377 5224 innocentia

147 5264 338 5335 τοιούτῳ
365 5269 598 5338 ῥήματι,
637 5268 734 5322 καὶ
766 5269 859 5320 τὸν
890 5269 1077 5322 σπῖλον
1099 5265 1385 5337 ἐπιτρίψαι
1407 5264 1485 5336 τῷ
1515 5265 1656 5321 καθα

1872 5269 1983 5323 ralis
2010 5269 2066 5323 in
2094 5267 2273 5322 medio
2307 5266 2507 5320 domus
2530 5263 2868 5328 ambulabat,
2913 5277 3014 5317 nec
3035 5277 3065 5316 a
3100 5261 3381 5330 iuventute

153 5354 341 5422 ρῷ,καὶ
361 5360 420 5412 τὸ
450 5361 573 5428 φῶς
604 5359 876 5428 ὀνομάσαι
906 5361 1120 5424 σκότος,
1148 5360 1244 5414 καί⁷
1303 5359 1396 5414 τὸν
1437 5360 1662 5429 λυχνίτη

1872 5359 2127 5430 obagibus
2162 5367 2216 5412 et
2249 5357 2570 5413 circuitibus
2603 5355 2706 5410 fuit
2730 5355 3052 5420 delectatus,
3073 5351 3381 5420 necjanuas

149 5446 346 5504 καλέσαι
375 5452 895 5523 κάχληκαςχεῐρες
948 5451 1060 5522 γὰρ
1100 5447 1242 5524 ἦσαν
1295 5452 1508 5506 ἐκείνου
1555 5451 1658 5506 λεῖα

1870 5454 2032 5509 vitum
2065 5452 2238 5522 magis
2279 5466 2440 5522 quam
2481 5449 2765 5505 doctorum
2801 5447 3054 5518 pulsavit.
3088 5445 3194 5498 Sed
3222 5442 3379 5514 quasi

153 5537 234 5600 μὲν
263 5541 344 5595 ἀεὶ
373 5545 471 5598 καὶ
503 5543 746 5614 καθαραὶ
783 5543 923 5614 μετά
960 5542 1061 5614 τῆς
1099 5542 1296 5598 Ἰακὼὸ
1342 5542 1651 5612 ἀπληστίας

1875 5563 1994 5603 nem
2025 5546 2303 5601 bonorans
2335 5542 2619 5598 veritatem
2641 5555 2805 5610 quam
2830 5553 2954 5592 eum
2987 5537 3098 5592 Deo
3129 5533 3384 5590 confere-

155 5633 468 5698 μεταπλάσαι
512 5635 572 5689 δὲ
619 5635 822 5696 ταύτας
862 5636 943 5698 είς
1003 5636 1066 5689 τὸ
1105 5635 1423 5706 ἀμφιλαφὲς
1460 5634 1568 5688 οὐ»
1607 5636 1664 5705 ην

1881 5649 1920 5706 ι,
1947 5639 2209 5694 facientes
2235 5635 2576 5691 mendacium
2613 5632 2804 5688 oderat
2862 5641 2917 5686 et
2960 5638 3156 5684 contra
3202 5626 3383 5698 proxi-

152 5719 333 5791 ἔσχετο,
360 5726 436 5790 ὡς
465 5729 533 5781 ἀν
557 5727 616 5780 τὸ
637 5728 834 5797 ἀληθὲς
851 5727 1261 5799 ὲπικρύπτοιτο.
1283 5728 1450 5783 Φύσει
1470 5727 1580 5798 γάρ
1607 5744 1661 5781 κο

1878 5745 1960 5783 um
2014 5737 2228 5784 secreto
2271 5726 2658 5782 maledicentes
2705 5734 2759 5780 et
2788 5729 3199 5779 murmurantes
3238 5719 3387 5775 inse-

154 5815 202 5864 τδ
240 5815 526 5874 ἐπίκλοπον
587 5822 790 5891 ἱμίσει,
853 5823 948 5876 καὶ
993 5821 1060 5874 τὸ
1104 5821 1278 5875 δόλιον
1302 5821 1698 5892 ἀπεστρέφετο.
1814 5820 2086 5878 ctabalttr.

159 5905 248 5961 Καὶ
269 5910 472 5966 τίποτὲ
497 5931 582 5978 τις
615 5916 767 5988 αὐτῷ
795 5918 910 5978 τοῖς
940 5914 1204 5978 τοιούτοις
1237 5913 1444 5984 χαίρων
1469 5912 1819 5983 ἐπεφώρατο,
1873 5915 1954 5977 ei;
2013 5913 2210 5985 ἐχθρὸν
2259 5911 2476 5982 ἐγένετό
2535 5909 2608 5974 οἱ,
2665 5909 2758 5962 καὶ
2809 5909 2966 5976 μῖσος
3022 5903 3213 5960 τοῦτον
3264 5903 3384 5976 ὶμί-
