3822 6532
461 435 570 500 763

1209 435 1606 499 EUTHYMII
1648 431 2040 495 LAUDATIO
2094 434 2492 496 FUNEBRIS
2532 410 2954 497 EUSTATHH
3597 435 3682 500 76l

466 563 549 598 aa:
584 543 812 598 τέλειον.
844 542 1015 610 Αὐτὸς
1050 545 1149 612 μὲν
1188 546 1298 616 γὰρ
1354 546 1412 598 ἐν
1466 545 1673 613 ἀκακία
1730 541 1957 612 καρδίας
1990 541 2047 591 ἐν
2079 539 2229 610 μέσῳ
2256 542 2354 612 τῆς
2381 542 2557 607 οίκίας
2624 543 2997 616 διεπορεύετο,
3061 543 3172 614 ὅσῳ
3211 542 3454 614 προόδοις
3497 561 3552 598 τε
3605 549 3680 600 καὶ

464 639 734 707 περιόδοις
783 641 884 694 οὐκ
918 639 1265 708 ὲνησμένιζεν
1316 641 1381 693 ἐκ
1429 641 1699 709 νεότητος,
1756 637 1878 691 οὐδὲ
1931 634 2106 704 θύρας
2173 635 2444 692 πλουσίων
2499 638 2702 708 μᾶλλον
2751 641 2785 710 ἢ
2849 638 2958 691 τῶν
3012 638 3210 705 λογίων
3266 637 3519 710 ὲξέτριδε.
3573 641 3682 708 Πρεο

467 730 680 785 σδεύων
718 731 773 785 δὲ
803 733 940 785 ἀλλὰ
987 735 1082 786 καὶ
1110 733 1210 803 τὴν
1239 732 1518 803 ἀλήθειαν,
1553 732 1648 786 καὶ
1669 731 1818 798 ἄγων
1842 729 1930 781 ῐσα
1961 724 2101 792 Θεῷ,
2132 727 2257 792 τοὺς
2291 729 2580 794 ποιοῦντας
2608 731 2948 803 παραϐάσεις
3001 731 3200 802 ἐμίσει,
3247 733 3339 786 καὶ
3376 732 3496 794 τοὺς
3543 732 3684 804 λάθρα

465 826 559 876 τοῦ
597 825 826 893 πλησίον
873 825 1308 885 καταλαλοῦντας
1375 825 1470 880 καὶ
1513 823 1895 893 ψιθυρίζοντας
1954 814 2257 882 ἐξεδίωκεν,

538 914 594 967 5.
624 915 668 967 0
696 914 825 984 quid
867 917 938 969 tui
996 917 1144 986 prius
1195 915 1432 976 deﬂebo,
1477 916 1642 970 frater
1668 909 2039 969 divinissime?

2213 910 2353 968 ε’.Ὦ
2377 916 2430 970 τί
2456 933 2550 968 σου
2578 915 2794 985 πρῶτον
2820 915 3259 984 ἀποκλαύσομαι,
3293 915 3528 970 θειότατε
3563 919 3682 972 ἐδελ⁶

467 1004 607 1070 Quid
641 1006 716 1060 lui
752 1007 1069 1078 lacrymabo
1121 1008 1439 1078 posterius?
1473 1007 1802 1062 Gravitatem
1841 1014 1894 1057 et
1922 1003 2038 1072 phi-

468 1094 797 1164 losophiam,
822 1098 908 1151 vel
938 1098 1250 1151 societatem
1272 1107 1432 1168 atque
1456 1094 1818 1151 cbaritatem?
1845 1095 2042 1163 linguae

468 1186 832 1255 prudentiam,
871 1200 964 1252 aut
995 1189 1315 1243 suavitatem
1357 1197 1411 1242 et
1439 1188 1713 1260 gratiam?
1738 1187 2042 1255 pontiﬁcis-

468 1279 575 1334 lem
608 1283 897 1345 honorem,
931 1281 1337 1349 autpoliticam
1371 1281 1840 1335 conversationem
1869 1279 1890 1330 ἲ
1918 1277 2046 1331 Om-

468 1373 559 1427 nia
597 1374 741 1428 enim
787 1373 949 1428 simul
998 1373 1221 1428 collecta
1272 1389 1398 1443 qua:
1439 1372 1712 1428 hominem
1765 1373 2045 1426 adornant

468 1465 614 1518 inter
648 1480 705 1520 se
728 1465 930 1534 optime
963 1466 1281 1520 coordinata
1322 1464 1634 1534 temperasti
1665 1475 1716 1518 et
1746 1466 1798 1518 in
1829 1478 2049 1533 compo-

469 1558 724 1612 sitionem
787 1555 1063 1625 perfecisti
1125 1572 1288 1627 quam
1341 1567 1460 1612 arte
1515 1557 1802 1611 eﬁ'ormant
1866 1557 2048 1611 omnis

470 1649 692 1717 generis
737 1649 899 1704 ﬁores
953 1657 1118 1717 atque
1153 1649 1390 1705 colores.
1427 1649 1474 1706 Ο
1514 1660 1731 1719 quanta:
1758 1651 1944 1719 gratias
1971 1650 1985 1703 l
2015 1665 2047 1704 ο

471 1753 710 1804 quantus
764 1743 953 1806 decor,
1012 1751 1340 1812 quanlzeque
1395 1743 1669 1799 virtutes!
1706 1758 1739 1798 ο
1768 1743 1850 1797 vir
1883 1744 2049 1798 etiam

472 1841 600 1888 ante
643 1833 806 1887 ﬁnem
843 1834 1201 1900 beatiﬁcatus,
1242 1843 1296 1891 et
1340 1846 1463 1907 post
1514 1837 1672 1891 ﬁnem
1713 1847 1932 1908 propter
1967 1838 2050 1907 ja-

473 1935 684 1979 cturam
721 1926 942 1995 quidem
995 1927 1247 1997 defletus,
1285 1931 1377 1986 sed
1410 1941 1633 2000 propter
1660 1931 1888 1985 virtutes
1913 1931 2053 1986 cele«

474 2015 664 2071 bratus
686 2019 698 2071 Ξ
724 2016 769 2073 Ο
795 2019 1050 2089 juventus
1071 2022 1311 2092 gloriosa
1333 2023 1346 2078 ι
1368 2039 1400 2077 o
1421 2034 1671 2080 senectus
1692 2024 2049 2078 concincndal

481 2107 615 2162 Nam
638 2115 896 2178 juvenem
936 2112 1126 2167 habuit
1151 2129 1275 2168 eum
1320 2116 1622 2169 litterarum
1655 2115 1871 2180 civitas,
1903 2113 2052 2169 Con-

477 2201 901 2272 stantinopolis,
965 2214 1018 2258 ct
1073 2207 1251 2261 omnis
1311 2205 1567 2275 juventus
1617 2207 1811 2262 litteris
1873 2207 2051 2262 dedita

2147 1008 2213 1076 φέ
2237 1008 2334 1074 ;Τί
2365 1009 2421 1060 δέ
2443 1026 2534 1061 σου
2557 1008 2814 1078 δακρύσω
2834 1009 3084 1078 δεύτερον
3104 1026 3118 1073 ;
3147 1009 3220 1060 Τὸ
3242 1008 3496 1079 ἐμϐριθὲς
3522 1009 3602 1063 καὶ
3625 1031 3687 1078 qv.-

2147 1099 2395 1168 λόσοιρον,
2421 1099 2452 1170 ἢ
2475 1100 2543 1166 τὸ⁴
2564 1101 2882 1154 κοινωνικὸν
2901 1101 2994 1153 καὶ
3020 1100 3342 1169 φιλάλληλον
3377 1119 3391 1168 ;
3423 1102 3492 1154 Τὸ
3515 1103 3688 1172 σῶφρον

2148 1191 2250 1260 τῆς
2277 1192 2542 1262 γλώττης,
2574 1193 2606 1264 ἢ
2633 1194 2690 1245 τὸ
2714 1192 2886 1261 γλυκύ
2911 1211 2968 1246 τε
2993 1194 3087 1247 καὶ
3110 1193 3448 1263 χάριενςΤὴν
3478 1197 3691 1267 al.012591-

2149 1283 2309 1355 τικὴν
2340 1284 2712 1355 εύκοσμίαν,ῆ
2740 1285 2838 1355 τὴν
2864 1285 3142 1355 πολιτικὴν
3166 1286 3486 1355 ἐπιφάνειαν
3510 1288 3614 1349 ﬁli
3639 1307 3689 1340 τα

2151 1377 2260 1444 γὰρ
2292 1376 2427 1446 ὁμοῦ
2460 1377 2760 1441 συλλαϐὼν,
2800 1379 2900 1431 ὅσα
2922 1395 2979 1429 τε
3007 1380 3176 1440 ὅντως
3194 1377 3488 1446 κοσμοῦσιν
3519 1379 3690 1446 ἄνθρωο

2152 1483 2275 1533 πον,
2309 1467 2561 1537 ἀλλήλοις
2587 1470 2762 1522 ταῦτα
2781 1469 2960 1532 καλῶς
2997 1470 3346 1540 συνήρμοσάς
3370 1487 3426 1522 τε
3450 1471 3540 1523 καὶ
3568 1488 3690 1522 συνε-

2152 1560 2414 1627 κέρασας,
2443 1562 2538 1614 καὶ
2568 1564 2648 1624 είς
2674 1562 2995 1631 οἰκονομίαν
3046 1562 3425 1632 ὲξετελέσθης,
3461 1563 3523 1634 ἢν
3551 1581 3692 1632 τεχνι-

2154 1653 2268 1714 κῶς
2303 1652 2701 1723 ὲμορφώσαντο
2723 1654 3046 1707 παντοδαπὰ
3081 1654 3177 1707 καὶ
3210 1654 3349 1724 ἄνθη
3377 1657 3469 1707 καὶ
3513 1657 3693 1724 χρώμα-

2155 1758 2244 1797 τα.
2273 1738 2344 1796 Ὠ
2387 1744 2723 1813 τηλικούτων
2772 1744 3054 1815 χαρίτωνξ
3109 1740 3154 1800 ὣ
3199 1744 3470 1798 τοσούτου
3528 1748 3692 1814 κόσμον

2156 1836 2253 1889 καὶ
2285 1836 2495 1906 ἀρετῶν
2551 1838 2564 1890 l
2601 1831 2646 1890 ὧ
2677 1837 2964 1906 ἄνθρωπος
3003 1838 3096 1890 καὶ
3125 1837 3231 1907 πρὸ
3265 1838 3521 1906 τελευτῆς
3563 1838 3693 1899 ὅντως

2164 1928 2628 1998 μακαριζόμενος,
2667 1930 2762 1982 καὶ
2795 1930 2932 1998 μετὰ
2953 1928 3215 1998 τελευτὴν
3243 1929 3331 1980 διὰ
3369 1927 3463 1996 μὲν
3487 1928 3576 1998 τὴν
3622 1929 3694 1994 ζη-

2165 2020 2300 2090 μίαν
2339 2020 2732 2091 θρηνούμενος,
2762 2021 2850 2074 διὰ
2874 2021 2932 2073 δὲ
2957 2022 3058 2084 τὰς
3083 2021 3284 2092 ἀρετὰς
3307 2021 3693 2091 ὲξυμνούμενοςί

2157 2107 2230 2168 Ὦ
2267 2113 2459 2182 νεότης
2511 2112 2825 2182 περίδοξοςῐ
2870 2107 2915 2166 ὦ
2964 2113 3144 2183 γῆρας
3198 2113 3481 2180 ἀοίδιμονί
3535 2111 3697 2177 ’Ᾱκειὰ-

2161 2201 2326 2266 ζοντα
2359 2205 2458 2273 μὲν
2497 2205 2606 2273 γὰρ
2630 2199 2743 2274 εἶχέ
2771 2222 2830 2257 τε
2859 2205 2890 2274 ἠ
2933 2204 3042 2257 τῶν
3070 2204 3244 2272 λόγων
3285 2203 3464 2264 πόλις,
3500 2204 3528 2272 ἡ
3580 2204 3699 2255 Km-
3778 2257 3780 2261 _

476 2291 621 2347 circa
665 2294 847 2361 illum;
913 2295 1189 2353 Musarum
1243 2302 1391 2354 velut
1448 2300 1708 2368 templum
1743 2307 1899 2366 erat;
1935 2300 2055 2354 alia

2167 2294 2471 2355 σταντίνου,
2510 2295 2607 2347 καὶ
2631 2297 2664 2365 ὴ
2698 2295 2982 2363 φιλολόγος
3010 2295 3227 2348 νεολαία
3268 2296 3425 2346 πᾶσα
3483 2293 3594 2363 περὶ
3629 2295 3700 2344 αὑ-

477 2386 725 2454 qun-dam
754 2386 1068 2454 Academia,
1101 2391 1417 2447 Porticusve
1466 2402 1520 2446 et
1564 2391 2046 2460 Peripateticorum

481 2479 1004 2536 dcambulatorium.
1057 2483 1212 2540 Alios
1265 2485 1484 2554 quidem
1570 2484 1948 2539 introducebat
2003 2486 2056 2537 in

477 2572 895 2638 grammaticam
926 2614 942 2639 ,
1007 2575 1061 2629 in
1100 2584 1274 2630 metra
1337 2585 1496 2646 atque
1538 2576 1766 2646 poesim,
1809 2585 1955 2630 tanta
1989 2577 2057 2630 de

480 2661 590 2714 illis
629 2661 856 2716 scientia
915 2665 1176 2734 prmditus
1232 2674 1290 2721 ut
1341 2666 1492 2720 nullo
1546 2669 1706 2721 modo
1761 2668 1828 2721 ab
1866 2681 2056 2721 earum

479 2753 944 2823 excogitrttoribus
997 2767 1285 2828 superatus
1325 2758 1554 2828 fuisset;
1605 2760 1743 2815 alios
1781 2775 1909 2815 vero
1954 2760 2059 2814 Iin-

481 2859 644 2913 gnam
676 2847 926 2914 docebat,
958 2851 1024 2904 ad
1074 2851 1399 2905 rhetoricam
1439 2853 1654 2920 ductos,
1682 2864 1734 2908 et
1768 2853 1903 2908 alios
1937 2853 2058 2908 aliis

482 2939 774 2994 exercebat
823 2948 936 2995 tum
974 2942 1416 2999 institutionibus
1465 2954 1575 2999 tum
1627 2946 1917 3001 doctrinis.
1952 2945 2056 3001 Sed

481 3043 552 3084 eo
575 3030 860 3100 juventam
895 3044 1254 3102 transgresso,
1293 3046 1346 3092 et
1371 3037 1423 3092 in
1452 3039 1744 3108 pontiﬁciaa
1782 3039 2060 3109 dignitatis

489 3122 835 3178 altitudinem
870 3129 1221 3195 ascendente,
1256 3130 1384 3200 quid
1414 3147 1638 3188 necesse
1662 3134 1816 3202 plura
1835 3134 2059 3189 dicere?

487 3217 642 3274 Unus
695 3220 750 3274 in
783 3223 1162 3291 pontiﬁcibus,
1203 3242 1348 3283 unus
1379 3227 1431 3282 in
1463 3229 1800 3299 sapientibus
1829 3229 2062 3286 Thessa-

484 3310 779 3368 lonicensis
809 3316 1100 3386 episcopus
1141 3318 1210 3373 ab
1231 3320 1487 3375 omnibus
1537 3321 1958 3389 praedicabatur.
1997 3323 2063 3376 Et

487 3416 634 3457 nunc
661 3404 769 3457 vita
793 3405 1108 3464 defunctum
1144 3410 1320 3479 plorat
1351 3421 1496 3467 totus
1521 3412 1804 3468 doctorum
1841 3414 2062 3480 chorus,

484 3499 540 3544 et
575 3493 806 3563 amplius
861 3497 983 3552 istis
1031 3499 1306 3570 sapientes
1360 3502 1480 3572 ejus
1543 3503 1838 3573 discipuli;
1889 3503 2066 3571 plorat

2160 2384 2389 2450 τὸν,καὶ
2421 2380 2489 2454 ἦν
2531 2386 2781 2450 μουσεῖον
2815 2383 3080 2452 ἄντικρυς
3141 2382 3202 2434 τὸ
3252 2381 3542 2450 δωμάτιον,
3598 2379 3699 2444 ἄλλη

2159 2494 2240 2541 τις
2281 2476 2476 2546 ’Δκαδη
2487 2477 2588 2546 μία
2613 2477 2708 2529 καὶ
2739 2475 2879 2528 Στοά
2908 2476 3004 2528 καὶ
3032 2474 3370 2544 Περίπατος.
3403 2473 3506 2525 Καὶ
3528 2465 3598 2534 οἷς
3627 2470 3698 2537 μὲν

2163 2571 2419 2642 ἐχορήγει
2454 2569 2858 2642 γραμματικὴν
2882 2571 2977 2623 καὶ
3008 2570 3182 2639 μέτρα
3227 2567 3324 2620 καὶ
3376 2565 3598 2634 ποίησιν,
3641 2581 3699 2614 τοη

2163 2664 2372 2734 σαύτην
2396 2664 2533 2734 ἔχων
2568 2664 2777 2718 τούτων
2803 2663 2904 2735 τὴν
2933 2663 3128 2732 ὲπιστή
3141 2678 3268 2730 μην,
3296 2660 3378 2721 ὡς
3429 2659 3582 2728 μηδὲν
3617 2657 3697 2709 τῶν

2162 2753 2490 2824 ἀρξαμένων
2522 2754 2674 2822 σφῶν
2723 2753 2997 2823 εὑρέσεως
3048 2750 3492 2804 ἀπολείπεσθαι·
3548 2741 3615 2808 οἷς
3660 2746 3701 2796 δὲ

2159 2847 2535 2918 τὴνῖγλῶτταν
2584 2849 2792 2915 ὴκὸνει,
2860 2845 3171 2917 ῥητορικῶς
3211 2843 3592 2911 ἐξηγούμενος,
3631 2836 3704 2891 καὶ

2161 2938 2356 3002 ἄλλους
2378 2939 2558 3003 ἄλλοις
2588 2940 2808 3010 ἑνήσκει
2840 2939 2938 2992 καὶ
2973 2935 3307 3006 παιδεύμασι
3363 2934 3461 2988 καὶ
3491 2932 3703 3003 μαθήμα-

2165 3049 2271 3087 σιν.
2301 3032 2465 3085 Ὅθεν
2492 3033 2588 3084 καὶ
2619 3031 2776 3093 κλέος
2793 3029 2952 3100 ἔσχεν
2981 3029 3139 3099 εὐρὺ,
3166 3027 3282 3086 τοίς
3310 3025 3566 3078 ἁπάντων
3611 3018 3700 3071 κεί-

2166 3145 2326 3198 μενος
2358 3127 2617 3196 στόμασι.
2663 3124 3027 3195 Παραμείψας
3061 3121 3120 3176 δὲ
3147 3122 3240 3176 τὸν
3264 3120 3418 3186 νέον,
3455 3119 3540 3172 καὶ
3565 3117 3633 3178 είς
3655 3114 3699 3167 τό

2163 3221 2262 3289 τῆς
2329 3219 2738 3290 ἀρχιερωσύνης
2790 3218 2918 3287 ὕψος
2983 3212 3344 3285 ἀναδραμὼν,
3383 3215 3439 3268 τί
3477 3213 3550 3264 δεῖ
3571 3204 3704 3261 πολλά

2164 3314 2348 3382 λέγειν
2378 3330 2393 3380 ;
2431 3308 2526 3376 Εἷς
2555 3315 2610 3365 ἐν
2631 3310 3004 3382 ἀρχιερεῦσιν,
3044 3305 3126 3373 εἷς
3153 3311 3212 3360 ἐν
3247 3309 3439 3376 σοφοῖς
3483 3307 3508 3358 ὁ
3542 3305 3705 3356 Θεσσα-

2164 3405 2383 3478 λονίκης
2411 3405 2562 3475 παρά
2591 3407 2758 3458 πᾶσιν
2778 3402 3200 3474 ἀνεκηρύττετο.
3239 3400 3352 3453 Καὶ
3377 3397 3474 3453 νῦν
3495 3399 3583 3466 μὲν
3603 3395 3703 3448 ἀπο·

2164 3499 2393 3553 λιπόντα
2421 3498 2511 3551 τὸν
2540 3498 2657 3566 βίον
2685 3497 2873 3568 θρηνεί
2899 3497 2996 3567 μὲν
3027 3497 3056 3548 ό
3083 3492 3300 3564 λογικὸς
3355 3493 3517 3563 χορὸς
3571 3491 3702 3552 ἅπας.

485 3582 646 3635 etiam
685 3586 822 3640 ordo
854 3589 1166 3654 pontiﬁcum
1202 3607 1304 3647 suo
1340 3603 1680 3657 ornamento,
1734 3610 1834 3648 suo
1865 3595 2057 3649 decore

2171 3592 2267 3645 καὶ
2307 3591 2514 3645 τούτων
2551 3589 2716 3643 πλέον
2749 3590 2798 3641 οί
2833 3589 2989 3657 σοφοὶ
3027 3585 3272 3658 μαθηταί
3305 3601 3321 3616 ο
3342 3585 3533 3656 θρηνεῖ
3555 3582 3605 3634 δὲ
3634 3582 3705 3681 tu}

485 3684 707 3742 exutus,
742 3686 799 3732 et
842 3680 1078 3748 amplius
1107 3682 1224 3737 istis
1252 3697 1351 3753 ego
1388 3684 1510 3753 ejus
1544 3687 1705 3742 annis
1747 3687 1973 3756 aequalis
2005 3693 2061 3742 et

487 3766 829 3824 educationis
859 3773 1040 3826 socius
1067 3789 1276 3828 necnon
1304 3777 1611 3832 studiorum
1634 3779 2059 3849 condiscipulus,

488 3857 580 3924 qui
614 3874 772 3914 omne
820 3861 1397 3937 juventutistempus
1447 3885 1568 3924 cum
1615 3871 1736 3940 ipso
1765 3871 1819 3926 in
1871 3874 2059 3928 eadem

497 3950 662 4002 domo
717 3964 1078 4011 conversatus
1114 3960 1391 4029 transegi;
1453 3970 1508 4015 et
1551 3972 1610 4017 ut
1647 3964 1826 4018 omnia
1865 3965 1916 4017 in
1954 3981 2063 4019 uno

489 4040 764 4109 colligam,
802 4043 855 4097 in
884 4062 1047 4102 unam
1073 4051 1234 4108 ambo
1262 4053 1504 4108 animam
1536 4056 1841 4110 conﬁrmati
1872 4071 2065 4114 sumus

489 4141 545 4186 et
581 4136 960 4205 conglutinati.

562 4314 617 4371 6.
650 4316 772 4374 llzrc
803 4323 1055 4379 manibus
1091 4325 1198 4382 tuis
1228 4326 1483 4395 libamus,
1531 4344 1565 4385 ο
1613 4330 1798 4386 divum
1839 4339 1893 4386 et
1929 4330 2062 4386 mibi

489 4408 880 4466 amicissimum
945 4424 1132 4484 caput.
1189 4415 1316 4473 Haec
1367 4428 1496 4473 sunt
1553 4434 1676 4490 quae
1731 4421 1825 4474 tibi
1881 4421 2066 4490 lingua

493 4501 697 4554 sodalis
722 4503 919 4558 dilecta
967 4506 1145 4571 oﬁ‘ert,
1179 4524 1340 4578 qnam
1385 4511 1515 4565 olim
1573 4513 1880 4582 loquentem
1918 4527 2066 4568 ama-

489 4592 613 4657 bas,
643 4611 786 4651 nunc
818 4613 948 4654 vero
986 4599 1172 4655 delere
1207 4603 1444 4658 ardentis
1473 4603 1592 4673 ejus
1619 4619 1725 4658 non
1757 4605 2058 4672 misereris,

492 4701 593 4742 nec
629 4703 695 4742 ex
749 4691 873 4745 sinu
923 4694 1245 4761 patriarcha:
1289 4696 1341 4748 in
1393 4711 1501 4764 quo
1528 4698 1762 4766 portaris
1797 4701 2064 4755 roscidam

490 4781 756 4848 guttulam
795 4783 954 4838 nobis
979 4784 1184 4839 emittis
1218 4787 1451 4842 tristitia:
1497 4789 1618 4859 igne
1674 4791 2059 4876 :estuantibus.

2169 3686 2197 3738 ὁ
2219 3684 2328 3738 τῶν
2359 3683 2664 3753 ἀρχιερέων
2695 3682 3023 3750 κατάλογος,
3073 3681 3134 3734 δν
3163 3675 3279 3749 εἷχε
3334 3677 3591 3746 καύχημα
3636 3671 3705 3725 καὶ

2169 3778 2374 3847 κόσμον
2398 3775 2710 3838 ἀποδαλὼν,
2746 3774 2842 3827 καὶ
2870 3772 3078 3826 τούτων
3111 3771 3276 3824 πλέον
3317 3768 3431 3837 ἐγὼ
3460 3770 3488 3821 ό
3533 3763 3706 3833 συνηλι-

2169 3869 2378 3940 κιὼτης
2407 3869 2501 3922 καὶ
2536 3869 2862 3938 σύντροφος,
2899 3867 2958 3929 ὃς
2994 3866 3092 3918 καὶ
3141 3864 3488 3933 μαθημάτων
3533 3874 3709 3930 συμμεο

2171 3964 2364 4034 τέσχον
2387 3961 2558 4031 αὐτῷ,
2604 3962 2699 4014 καὶ
2727 3962 2819 4013 τὸν
2863 3960 3045 4012 πάντα
3101 3957 3205 4028 τῆς
3255 3958 3510 4027 νεότητος
3553 3955 3706 4024 χρόνον

2173 4054 2536 4126 συνηυλίσθην
2561 4071 2620 4106 τε
2663 4055 2758 4105 καὶ
2801 4050 3100 4119 συνέζησα,
3139 4051 3234 4102 καὶ
3282 4049 3368 4104 ἵνα
3405 4044 3624 4101 συνελὼν
3653 4041 3709 4095 sl-

2171 4163 2279 4212 πω.
2327 4149 2404 4210 εἰς
2467 4146 2598 4216 μίαν
2654 4145 2823 4214 ἄμφω
2862 4141 3040 4214 ψυχὴν
3087 4140 3504 4212 συνεκράθημέν
3551 4155 3604 4191 τε
3637 4136 3707 4188 καὶ

2175 4237 2433 4308 συνεδέθη
2443 4255 2564 4308 μεν.

2247 4338 2322 4397 ς’.
2358 4329 2530 4384 Αὖταί
2561 4347 2643 4382 σοι
2682 4328 2923 4399 κειμένῳ
2973 4327 3102 4398 παρ’
3134 4326 3292 4397 ἡμῶν
3322 4327 3380 4381 αἱ
3430 4325 3567 4396 χοαὶ,
3613 4317 3709 4372 θεία

2172 4425 2267 4478 καὶ
2318 4422 2550 4492 φιλτάτη
2584 4439 2674 4491 μοι
2699 4421 2939 4491 κεφαλή.
2969 4419 3158 4473 Ταῦτά
3187 4436 3272 4472 σοι
3299 4420 3368 4473 τὰ
3426 4419 3522 4487 τῆς
3554 4413 3709 4485 φιλου-

2177 4519 2346 4590 μένης
2376 4516 2624 4584 γλώττης
2670 4515 2769 4567 καὶ
2802 4513 2994 4584 ἥλικος
3043 4503 3412 4581 ἐναγίσματα,
3458 4512 3523 4582 ἣν
3580 4505 3710 4559 πάλαι

2178 4611 2276 4680 μὲν
2306 4608 2580 4662 λαλοῦσαν
2603 4607 2849 4676 ἠγάπας,
2877 4602 2976 4657 νῦν
3007 4602 3066 4655 δὲ
3093 4602 3171 4672 τῷ
3213 4603 3379 4656 πάθει
3411 4597 3710 4672 φλεγομένην

2175 4703 2278 4756 οὐκ
2309 4700 2480 4763 ὲλεεῖς
2510 4715 2525 4730 ·
2565 4698 2689 4752 οὐδὲ
2718 4698 2827 4751 ἀπὸ
2855 4695 2948 4750 τοῦ
2997 4696 3260 4768 φέροντός
3307 4711 3368 4748 σε
3424 4693 3616 4748 κόλπου
3639 4684 3710 4739 τοῦ

2177 4788 2580 4863 πατριαρχικοῦ
2619 4790 2714 4842 καὶ
2784 4787 3119 4858 δροσόεσσαν
3183 4786 3374 4855 ρανίδα
3413 4783 3712 4849 ἐπιπέμπεις

2177 4881 2308 4951 ἡμῖν
2343 4877 2758 4949 φλογιζομένοις
2791 4876 2870 4947 τῷ
2896 4877 2998 4946 τῆς
3030 4875 3209 4946 λύπης
3246 4875 3403 4945 πυρί.

561 4958 760 5027 Accipe
803 4973 930 5030 ergo
961 4961 1076 5016 haec
1117 4977 1146 5016 a
1181 4962 1359 5028 nobis,
1407 4979 1576 5034 pauca
1613 4966 1834 5036 quidem
1868 4983 1930 5022 ac
1964 4967 2057 5038 spi-

2247 4970 2337 5023 Σοὶ
2369 4970 2468 5040 μὲν
2496 4968 2589 5022 οὖν
2625 4968 2800 5022 ταῦτα
2837 4967 2968 5038 παρ’
3010 4969 3164 5038 ἡμῖν,
3199 4965 3356 5034 ὀλίγα
3405 4964 3502 5032 μὲν
3532 4959 3621 5014 καὶ
3655 4956 3715 5024 τῷ

492 5051 602 5105 ritu
659 5051 954 5109 anhelante
1007 5057 1332 5123 composita.
1387 5059 1676 5123 Quomodo
1731 5060 1878 5114 enim
1931 5076 2074 5130 equo

491 5145 614 5211 quis
647 5145 890 5202 insidens
941 5148 1142 5217 styluni
1196 5150 1600 5220 exerceat?qui
1654 5151 1829 5220 capite
1887 5151 2076 5206 dolens

2177 5062 2274 5118 τοῦ
2311 5061 2515 5131 δρόμου
2573 5059 2815 5128 ἄσθματι
2878 5059 3078 5129 μικροῦ
3126 5056 3571 5126 συμπνιγόμεναο
3625 5048 3716 5106 πῶς

2183 5156 2293 5225 γὰρ
2325 5153 2417 5207 καὶ
2448 5152 2536 5222 ἐφ’
2565 5151 2736 5205 ἵππου
2770 5150 2973 5222 βαίνων
3011 5166 3096 5212 τις
3129 5151 3223 5201 καὶ
3253 5147 3714 5217 λογογραφήσειςνς

491 5250 547 5295 et
573 5241 732 5297 annis
756 5244 938 5311 gravis
968 5245 1204 5298 amicum
1232 5254 1404 5300 morte
1425 5256 1667 5315 ereptum
1690 5246 1854 5314 digne
1874 5245 2032 5301 ﬂeam
2053 5252 2057 5264 ‘

2180 5248 2302 5311 πῶς
2329 5247 2387 5300 δὲ
2417 5246 2510 5300 καὶ
2551 5245 2738 5316 δρόμῳ
2787 5244 3031 5312 κεφαλὴν
3075 5242 3407 5312 τεινόμενος,
3463 5237 3556 5291 καὶ
3598 5236 3743 5310 γήρᾳ⁸

492 5333 603 5388 Nos
634 5349 852 5402 quoque
873 5336 1164 5405 aliquando
1196 5345 1354 5392 terrae
1381 5337 1615 5394 creditos
1653 5339 1812 5392 atnici
1840 5337 2078 5393 circnm-

494 5423 719 5478 stabunt
761 5425 940 5491 multi,
973 5426 1070 5481 sed
1107 5428 1248 5481 nulla
1288 5445 1393 5483 vox
1441 5429 1620 5498 qualis
1662 5441 1750 5484 tua
1800 5432 1924 5492 fuit,
1974 5445 2075 5484 nos

495 5515 831 5573 celebrabit:
867 5528 922 5574 et
959 5521 1062 5574 hoc
1091 5521 1310 5590 quidem
1340 5520 1510 5592 priori
1553 5521 1847 5582 calamitati
1880 5537 2076 5578 secun-

495 5607 624 5662 dum
655 5607 870 5664 additur
899 5609 1280 5666 infortunium.

2183 5339 2601 5409 καμπτόμενος.
2640 5335 2776 5406 πρὸς
2809 5336 2967 5402 ἀξίαν
3015 5334 3280 5406 θρηνήσει
3311 5334 3403 5386 τὸν
3442 5330 3590 5399 φίλον
3627 5325 3714 5376 κεί-

2185 5447 2388 5502 μενον;
2416 5431 2562 5500 ἡμᾶς
2599 5429 2656 5482 δὲ
2689 5428 2827 5498 μετὰ
2863 5427 2924 5480 σὲ
2953 5427 3240 5496 κειμένους
3265 5424 3406 5494 φίλοι
3454 5423 3554 5492 μὲν
3611 5418 3716 5474 (ab);

2185 5523 2371 5576 πολλοὶ
2398 5521 2847 5592 περιστήσονται,
2877 5517 3106 5582 γλῶσσα
3134 5516 3192 5569 δὲ
3234 5517 3444 5575 πάντως
3495 5510 3555 5563 οὐ
3592 5521 3716 5574 περι·

2181 5614 2404 5683 λαλήσει
2471 5611 2564 5664 τὸν
2607 5609 2838 5682 τύμδον,
2890 5610 3009 5663 οἵαν
3055 5608 3157 5676 τὴν
3209 5608 3310 5677 σὴν
3355 5601 3716 5674 ἐγνωρίσαμεν.

2185 5707 2296 5758 Καὶ
2325 5703 2479 5759 ἔσται
2527 5721 2616 5774 μοι
2647 5704 2744 5757 καὶ
2786 5702 2946 5756 τοῦτο
2989 5701 3128 5770 μετὰ
3182 5699 3282 5770 τὴν
3330 5697 3420 5753 νῦν
3462 5687 3717 5762 συμφορὰν

2181 5792 2504 5864 δυστύχημα
2531 5792 2802 5861 δεύτερον.
