3760 6562
450 435 561 505 767
1699 431 1950 495 ANTON
1969 433 2026 494 II
2066 429 2415 494 MELISSAE
3595 428 3677 496 763

443 552 513 627 lit
570 559 627 606 et
679 547 796 619 ipse
845 545 914 602 de
970 543 1351 617 primogenitis
1389 541 1572 596 ovium
1605 557 1829 596 suarum
1853 552 1904 596 et

2187 549 2240 602 al.
2269 549 2454 615 αὐτὸς,
2488 547 2596 602 ἀπὸ
2627 548 2737 603 τῶν
2771 546 3134 620 πρωτοτόκων
3173 545 3283 605 τῶν
3311 545 3578 617 προϐάτων
3600 554 3672 605 αὐ.

453 647 704 718 adipibus
754 657 970 700 earum.
1011 639 1077 694 Et
1111 639 1348 710 respexit
1389 638 1532 694 Deus
1573 633 1643 692 ad
1696 637 1828 692 Abel
1882 644 1936 692 et

2188 642 2268 708 οῦ,
2296 643 2390 696 καὶ
2416 641 2526 695 ἀπὸ
2549 640 2660 695 τῶν
2692 641 2934 695 στεάτων
2955 638 3161 694 αὐτῶν·
3189 640 3284 692 καὶ
3307 638 3510 692 ἐπεῖδεν
3529 642 3554 693 ὁ
3571 639 3673 703 θεὸς

462 754 690 794 munera
743 737 885 806 ejus.
933 733 1014 789 Ad
1042 732 1173 788 Cain
1205 741 1385 787 autem
1435 739 1489 786 et
1539 729 1606 785 ad
1635 729 1947 784 sacriﬁcial

2186 736 2245 788 πὶ
2281 733 2466 799 Ἅϐελ,
2495 733 2589 786 καὶ
2623 732 2718 786 ἐπὶ
2763 734 2875 798 τοῖς
2913 731 3106 802 δώροις
3135 729 3323 793 αὐτοῦ,
3374 731 3465 784 ἐπὶ
3491 731 3541 784 δὲ
3565 734 3671 789 Κάῑν

459 850 565 888 non
586 830 845 886 attendit.

2150 827 2244 880 καὶ
2270 828 2361 879 ἐπὶ
2396 827 2516 889 ταῖς
2547 825 2760 888 οὐσίαις
2795 825 2960 878 αὐτοῦ
2991 825 3052 877 οὐ
3081 823 3409 893 προσέσχεν.

527 923 810 980 Gen.v.l:‘.t
825 922 1022 993 placuit
1049 921 1237 977 Enoch
1254 919 1462 986 Deo,et
1494 931 1610 973 non
1648 914 2012 971 inveniebatur

2233 918 2404 989 Ἑνὼχ
2432 919 2771 990 εὐηρὲστησε
2802 919 2881 988 τῷ
2934 917 3076 988 Θεῷ,
3127 918 3223 972 καὶ
3265 917 3367 987 οὐχ
3419 917 3672 985 εὑρίσκετο.

458 1020 585 1091 quia
611 1017 888 1072 transtulit
912 1015 1062 1068 illum
1099 1013 1264 1067 Deus.

2147 1015 2288 1068 διότι
2324 1011 2628 1082 μετέθηκεν
2651 1013 2812 1067 αὐτὸν
2850 1014 2878 1065 ὁ
2911 998 3065 1076 Θεός.

530 1112 660 1168 Gen.
683 1126 757 1165 νι.
816 1107 926 1163 Noe
961 1103 1412 1174 invenitgratiam
1435 1116 1621 1157 coram
1653 1099 1882 1154 Domino
1915 1099 2015 1154 Deo

2022 1125 2044 1151 ὀ
2220 1106 2344 1160 Νῶε
2381 1101 2507 1176 εὗρε
2537 1105 2698 1175 χάριν
2725 1105 2956 1159 ἐνώπιον
2986 1106 3194 1178 Κυρίου
3223 1105 3318 1160 τοῦ
3358 1105 3507 1162 Θεοῦ.

531 1195 1254 1263 Ibid.EtfecitNoeomnia,
1315 1208 1658 1264 quaecunque
1697 1191 1956 1262 prmcepit
1995 1205 2016 1246 ε

2217 1203 2326 1255 Kal
2348 1202 2574 1272 ἐποίησε
2600 1199 2725 1253 Νῶε
2751 1201 2932 1256 πάντα
2959 1201 3060 1255 ὅσα
3093 1197 3250 1255 εἷπεν
3282 1201 3431 1271 αὐτῷ
3465 1201 3675 1273 Κύριοςὸ

465 1299 626 1358 Deus,
647 1299 726 1348 sic
775 1291 927 1346 fecit.

2147 1295 2302 1358 Θεὸς,
2327 1293 2500 1356 οὕτως
2530 1293 2775 1363 ἐποίησε.

529 1385 672 1442 Ibid.
692 1382 804 1437 Noe
818 1382 980 1435 homo
995 1379 1204 1449 justus,
1223 1373 1498 1446 perfectus
1510 1373 1787 1430 exsistens
1812 1369 1864 1426 in
1883 1385 2014 1442 gene

2214 1385 2341 1441 Νῶε
2389 1387 2672 1454 ἄνθρωπος
2703 1385 2909 1448 δίκαιος
2961 1383 3062 1446 ὢν,
3109 1383 3315 1447 τέλειος
3361 1385 3419 1437 ὲν
3451 1386 3512 1455 τῇ
3550 1391 3675 1458 γενεᾷ

463 1481 671 1535 ratiOue
689 1490 809 1530 sua.
840 1473 950 1526 Deo
973 1470 1174 1540 placuit
1198 1468 1332 1524 Noe.

2145 1477 2332 1534 αὐτοῦ.
2365 1478 2457 1548 Τῷ
2488 1477 2608 1546 Θεῷ
2636 1476 2975 1546 εὐηρέστησε
3010 1473 3162 1528 Νῶε.

534 1570 664 1627 Gen.
697 1583 828 1622 xvu.
858 1564 1003 1618 Dixit
1035 1562 1298 1618 Dominus
1332 1559 1472 1615 Deus
1499 1559 1567 1615 ad
1591 1558 1860 1614 Abraham
1891 1577 1904 1614 :
1933 1556 2019 1626 Egi

2214 1566 2384 1624 Εἶπεν
2430 1569 2636 1638 Κύριος
2662 1568 2691 1620 δ
2721 1567 2855 1630 Θεὸς
2900 1567 2977 1636 τῷ
3017 1565 3290 1635 Ἀϐραὰμ,
3347 1582 3366 1615 ε
3421 1562 3550 1632 Ἐγώ
3591 1567 3678 1634 ειμι

462 1681 581 1722 sum
608 1661 866 1717 Dominus
894 1658 1036 1712 Deus
1053 1665 1201 1720 tuus,
1223 1655 1503 1724 complace
1524 1664 1707 1710 coram
1729 1667 1834 1716 me,
1857 1660 1911 1705 et
1926 1666 1947 1704 ε

2191 1663 2364 1735 ζύριος
2414 1663 2444 1716 ὁ
2489 1660 2622 1724 Θεός
2670 1677 2789 1728 σου,
2845 1659 3133 1729 εὐαρέστει
3168 1656 3412 1710 ἐναντίον
3460 1672 3567 1728 μου,
3608 1659 3676 1712 tul

463 1749 977 1821 irreprehensibilis.

2151 1759 2305 1828 γίνου
2341 1757 2655 1828 ἄμεμπτος.
2697 1773 2716 1807 ι

533 1850 664 1907 Gen.
685 1863 773 1904 xv.
795 1843 1042 1900 Credidit
1067 1839 1338 1897 Abraham
1362 1837 1492 1906 Deo,
1519 1847 1574 1892 et
1621 1843 1929 1908 repulatum
1958 1851 2018 1891 es

2237 1849 2592 1902 Ἐπίστευσεν
2629 1845 2885 1917 ’Δϐραάμ
2908 1852 2986 1917 τῷ
3013 1843 3153 1917 Θεῷ,
3180 1843 3276 1898 καὶ
3297 1841 3546 1912 ἐλογίσθη
3570 1841 3677 1911 αὖτῷ

466 1943 540 1998 illi
566 1942 632 1997 ad
680 1937 971 2009 justitiam.
1681 1900 1698 1908 -

2082 1900 2128 1958 Β
2158 1947 2244 2008 είς
2268 1940 2634 2010 δικαιοσύνην.
2731 1900 2744 1917 Ι
2773 1900 2782 1901 7
2837 2008 2842 2015 ι

537 2034 713 2087 Exod.
737 2046 832 2085 xx.
860 2029 971 2097 Ego
993 2041 1113 2081 sum
1145 2023 1403 2079 Dominus
1429 2021 1572 2077 Deus
1603 2028 1753 2085 tuus,
1772 2020 1862 2089 qui
1893 2019 2022 2074 edn:

2231 2057 2250 2090 ι
2300 2035 2440 2102 Ἐγώ
2473 2037 2587 2104 εἰμι
2613 2033 2818 2104 Κύριος
2843 2033 2870 2085 ὀ
2897 2031 3029 2095 Θεὸς
3059 2046 3176 2095 σου,
3203 2029 3232 2082 6
3260 2026 3538 2095 ἐξαγαγών
3565 2044 3614 2082 σε
3636 2029 3678 2083 ἐκ

472 2136 524 2180 te
570 2130 633 2178 de
663 2135 803 2177 terra
857 2118 1099 2190 Egypti,
1133 2117 1201 2171 de
1229 2117 1389 2169 domo
1424 2113 1723 2167 servitutis.
1749 2110 1862 2165 Non
1896 2127 1956 2165 er

2196 2131 2260 2200 ’ἧς
2295 2127 2603 2196 Αἰγύπτου,
2647 2124 2706 2190 ἐξ
2736 2123 2887 2177 οίκου
2917 2115 3181 2184 δούλείας.
3228 2121 3347 2173 Οὐκ
3389 2118 3581 2172 ἔσονταί
3622 2137 3679 2173 σοι

471 2216 570 2274 tibi
603 2215 675 2270 dii
705 2214 798 2268 alii
828 2221 1020 2282 praeter
1056 2224 1166 2263 me.
1195 2207 1312 2262 Non
1343 2205 1508 2260 facies
1541 2204 1634 2259 tibi
1679 2204 1908 2266 idolum,

2199 2220 2278 2273 εοὶ
2314 2218 2492 2287 ἕτεροι
2520 2215 2661 2285 πλὴν
2696 2213 2853 2284 ἐμοῦ.
2881 2212 2955 2266 Οὐ
2981 2212 3227 2282 ποιήσεις
3255 2207 3465 2277 σεαυτῷ
3489 2207 3677 2272 etme»,

472 2325 580 2382 quc
599 2308 764 2363 ullius
784 2302 1160 2364 simulacrum,
1184 2313 1521 2368 quaeunque
1555 2297 1608 2351 in
1642 2296 1782 2350 caelo
1814 2311 1954 2350 surSt

2194 2310 2284 2364 ὐδὲ
2316 2311 2516 2372 παντὸς
2545 2307 2799 2376 ὁμοίωμα
2842 2305 2942 2359 ὅσα
2991 2304 3050 2357 ὲν
3081 2303 3158 2371 τῷ
3190 2300 3414 2370 οὐρανῷ
3459 2302 3577 2363 ἀνω,
3613 2311 3679 2354 και

469 2409 525 2454 ot
553 2409 895 2467 quaecunque
927 2393 979 2446 in
1017 2399 1160 2446 terra
1193 2390 1474 2454 deorsum,
1513 2395 1566 2443 et
1597 2402 1936 2458 quaecunque

2197 2421 2261 2457 σα
2290 2406 2348 2456 ἐν
2383 2405 2448 2472 τῇ
2481 2403 2552 2472 γῇ
2582 2400 2753 2464 κάτω,
2782 2398 2877 2453 καὶ
2904 2399 3004 2450 ὅσα
3029 2398 3088 2450 ὲν
3109 2397 3222 2458 τοῖς
3261 2393 3453 2446 ὐϐασιν
3475 2393 3680 2447 ὑποκάτω

472 2489 630 2561 aquis
658 2487 759 2544 sub
795 2496 962 2541 terra.
983 2482 1099 2540 Non
1131 2483 1384 2560 adorabis
1406 2496 1492 2548 ea,
1517 2495 1694 2550 neque
1717 2479 1926 2536 servies
1956 2515 1957 2518 η

2196 2497 2259 2564 ῆς
2296 2494 2419 2563 γῆς.
2454 2493 2528 2546 Οὐ
2563 2491 2967 2562 προσκυνήσεις
2997 2487 3202 2551 αὐτοῖς,
3239 2483 3364 2537 οὐδὲ
3398 2483 3472 2555 μὴ
3504 2484 3680 2552 λατρεύ.

2166 2603 2279 2649 σεις
2309 2585 2511 2648 αὐτοῖς.
2557 2602 2577 2635 ι

544 2675 759 2730 Deuter.
797 2689 851 2728 ιι.
893 2671 1183 2726 Dominum
1218 2668 1386 2722 Deum
1428 2675 1582 2722 tuum
1617 2663 1855 2730 timebis,
1881 2672 1936 2718 et
1981 2662 2029 2717 ill

2233 2677 2438 2748 Κύριον
2465 2677 2559 2731 τὸν
2586 2676 2717 2731 Θεόν
2741 2695 2834 2730 σου
2864 2676 3173 2747 φοϐηθήσῃ,
3197 2675 3291 2728 καὶ
3323 2673 3481 2727 αὐτὸν
3503 2672 3676 2743 λατρεύ·

475 2769 576 2828 soli
595 2769 820 2831 servies,
846 2766 999 2830 etilli
1021 2762 1348 2825 adliaarebis.
1372 2772 1426 2817 et
1446 2762 1502 2815 in
1528 2759 1750 2815 nomine
1773 2757 1893 2828 ejus
1907 2757 1960 2829 ju

2192 2788 2303 2836 ratq,
2339 2770 2435 2824 καὶ
2463 2769 2599 2840 πρὸς
2628 2770 2790 2824 αὐτὸν
2815 2768 3148 2841 κολληθήσῃ,
3181 2767 3277 2822 καὶ
3305 2768 3404 2821 ἐπὶ
3433 2764 3503 2833 τῷ
3531 2764 3677 2830 ὀνόμα-

475 2863 584 2918 bis.
609 2860 724 2930 Ipse
749 2857 1005 2930 gloriatio
1029 2865 1141 2920 tun,
1172 2857 1288 2924 ipse
1307 2855 1448 2908 Deus
1469 2861 1616 2907 tuus.

2192 2881 2218 2917 τι
2251 2863 2413 2916 αὐτοῦ
2442 2864 2576 2937 ὁμῇ.
2595 2863 2776 2928 Αὐτὸς
2811 2861 3078 2932 καύχημά
3108 2873 3224 2927 σου,
3273 2860 3372 2913 καὶ
3407 2858 3553 2922 αὐτὸς
3581 2856 3677 2918 Θεὸς

546 3047 690 3102 Ibid.
724 3045 790 3099 Et
823 3059 988 3105 nunc,
1024 3039 1215 3106 Israel,
1252 3039 1382 3110 quid
1448 3035 1709 3092 Dominus
1752 3033 1901 3089 Deus
1935 3044 2029 3087 tuu

2196 2976 2284 3016 ’OU.

2241 3053 2352 3108 Καὶ
2375 3053 2492 3123 νῦν,
2543 3051 2782 3123 Ἰσραὴπ,
2817 3050 2872 3104 τί
2899 3049 3104 3119 Κύριος
3148 3051 3176 3103 δ
3205 3049 3337 3111 Θεός
3377 3064 3474 3099 σου
3514 3046 3681 3097 ἀπαιτεῖ

475 3142 610 3211 petit
644 3155 672 3193 a
710 3148 760 3193 te
789 3136 891 3192 nisi
935 3145 992 3191 ut
1019 3135 1214 3189 timeas
1255 3148 1402 3197 eum,
1440 3139 1496 3185 ut
1523 3129 1771 3186 ambules
1801 3127 1856 3182 in
1883 3142 1960 3183 orr

2192 3149 2316 3218 ιαρά
2349 3147 2465 3212 σού,
2500 3145 2680 3217 ἀλλ’ἢ
2722 3144 3006 3214 φοϐεῖσθαι
3051 3143 3239 3204 αὐτδν,
3278 3141 3375 3194 κα)⁸
3414 3135 3677 3208 πορεύεσθαι

477 3229 576 3283 lius
608 3227 712 3282 viis
739 3225 875 3296 ejus,
923 3235 976 3280 et
1036 3224 1228 3291 diligas
1271 3238 1419 3290 eum,
1475 3229 1530 3276 et
1575 3220 1781 3275 servias
1827 3217 1962 3271 Dom

2197 3259 2224 3296 ν
2250 3241 2450 3305 πάσαις
2481 3240 2599 3302 ταῖς
2634 3239 2774 3301 ὁδοῖς
2807 3235 2996 3295 αὐτοῦ.
3032 3235 3127 3289 καὶ
3163 3235 3384 3305 ἀγαπᾷν
3419 3233 3580 3294 αὐτὸν,
3608 3229 3674 3282 καὶ

477 3317 589 3374 Deo
614 3327 811 3385 tuo,ex
837 3325 949 3373 toto
970 3317 1134 3371 corde
1157 3325 1272 3379 tuo,
1301 3323 1352 3370 et
1375 3329 1440 3371 ex
1463 3322 1574 3369 tota
1607 3311 1788 3366 anima
1811 3320 1899 3365 tua
1931 3309 1956 3362 ί

2184 3333 2440 3406 ,ατρεύειν
2469 3334 2660 3405 Κυρίῳ
2687 3331 2766 3402 τῷ
2807 3330 2929 3402 Θεῷ
2969 3330 3029 3396 ἐξ
3057 3330 3191 3403 δλης
3219 3328 3318 3400 τῆς
3355 3327 3564 3398 καρδίας
3587 3342 3669 3388 σου,

2161 3430 2253 3481 καὶ
2278 3429 2334 3494 ἐξ
2363 3427 2490 3496 ὅλης
2518 3427 2617 3495 τῆς
2654 3427 2830 3498 ψυχῆς
2853 3442 2945 3478 σου
2973 3441 2989 3491 ;

555 3503 675 3560 Job.
690 3515 884 3560 ικνιιι.
909 3503 1047 3558 Ecce
1069 3502 1240 3573 pietas
1257 3511 1343 3558 est
1365 3500 1652 3570 sapientia.

1606 3515 1652 3554 ³·
2011 3586 2022 3589 _
2240 3519 2368 3574 ’1δού
2396 3518 2726 3589 ἡθεοσέϐειά
2758 3519 2875 3571 ἐστι
2907 3517 3091 3588 σοφία.

561 3596 704 3654 Paul.
731 3593 1166 3672 xxxnﬁﬁectum
1182 3607 1266 3650 est
1283 3595 1504 3649 verbum
1526 3591 1764 3656 Domini,
1787 3597 1841 3646 et
1879 3586 2046 3642 omnia

2234 3586 2653 3677 Εὐθὺς-ὁλόγος
2706 3609 2796 3663 τοῦ
2847 3586 3076 3678 Κυρίου,
3121 3604 3218 3660 καὶ
3261 3605 3441 3661 πάντα
3481 3603 3541 3658 τά
3577 3601 3676 3674 ἔργα

479 3703 644 3760 Opera
659 3689 848 3759 ejusiu
884 3687 1010 3742 ﬁde.

2163 3700 2328 3756 αὐτοῦ
2361 3701 2418 3754 ἐν
2450 3700 2656 3758 πίστει.

552 3781 702 3838 Ριαι.
733 3795 784 3837 c.
809 3779 966 3837 Oculi
983 3778 1091 3836 mei
1109 3777 1175 3834 ad
1199 3776 1386 3832 ﬁdeles
1421 3784 1599 3839 terrae,
1627 3781 1688 3829 ut
1707 3772 1935 3828 sedeant
1954 3769 2037 3841 ips

2234 3795 2295 3848 Οἱ
2325 3793 2593 3863 ὀφθαλμοί
2641 3809 2740 3860 μου
2775 3793 2874 3847 ἐπὶ
2903 3792 3030 3856 τοὺς
3074 3790 3308 3856 πιστοὺς
3336 3793 3438 3862 τῆς
3465 3790 3576 3861 γῆς,
3609 3789 3677 3843 τοῦ

480 3890 716 3931 mecum.
2166 3884 2545 3955 συγκαθῆσθαι
2566 3885 2764 3947 αὐτοὺς
2789 3883 2906 3950 μετ’
2937 3882 3096 3954 ἐμοῦ.

553 3967 822 4024 Salomon.
857 3963 1164 4020 Exhibitam
1213 3969 1269 4017 et
1309 3967 1514 4015 certam
1573 3957 1730 4012 [idem
1774 3955 2036 4011 annuntia

2056 3970 2064 4010 ι
2250 3977 2733 4049 Ἐπιδεικνυμένην
2764 3977 2948 4032 πίστιν
2984 3976 3292 4046 ἀπαγγελεῖ
3323 3976 3541 4040 δίκαιος.

479 4063 687 4135 justus.

484 4139 486 4141 ’
561 4156 717 4209 Prov.
755 4169 796 4208 ι.
825 4153 1004 4208 Pietas
1034 4149 1090 4205 in
1126 4147 1296 4204 Deum
1335 4147 1549 4208 initium
1585 4160 1784 4201 sensus
1843 4143 1924 4201 vel

1843 4143 1924 4201 vel
1977 4158 2064 4199 58-
2238 4154 2503 4210 Εὐσέϐεια
2533 4158 2611 4220 είς
2648 4155 2782 4211 Θεὸν
2811 4156 2954 4230 ἀρχὴ
2986 4155 3309 4228 αἰσθήσεως.

487 4247 727 4319 pienlia‘.

543 4337 719 4391 -Prov.
743 4350 833 4390 xv.
859 4331 1134 4388 Desideria
1171 4331 1385 4401 piorum
1417 4329 1686 4384 delectant
1719 4330 1951 4384 animas.

1871 4342 1951 4384 as.
2253 4339 2571 4409 Ἐπιθυμίαι
2597 4337 2836 4393 εὐσεϐῶν
2864 4338 3118 4412 ἡδύνουσι
3147 4337 3347 4409 ψυχάς.

555 4430 702 4493 Osee,
746 4444 818 4481 VI.
853 4424 1283 4479 Misericordiam
1321 4420 1439 4474 volo
1473 4431 1525 4474 et
1559 4434 1664 4474 non
1712 4421 2040 4476 sacriﬁcium

2251 4428 2440 4481 Ἐλεον
2471 4429 2631 4494 Θέλω,
2663 4431 2756 4483 καὶ
2785 4430 2846 4482 οὐ
2872 4427 3084 4496 θυσίαν,
3119 4430 3215 4482 καὶ
3251 4430 3534 4498 ἐπίγνωσιν
3559 4424 3676 4485 Θεοῦ,

486 4527 539 4594 2
561 4535 614 4578 et
656 4521 899 4576 notitiam
931 4518 1022 4572 Dei
1064 4517 1235 4586 magis
1264 4529 1426 4582 quam
1452 4511 1790 4568 llolocaUSla.

2171 4519 2205 4589 ἢ
2225 4519 2674 4590 ὁλοκαυτώματα.
3325 4501 3329 4507 Ι

554 4614 671 4669 Isa.
710 4627 859 4668 xxvu.
886 4610 979 4666 Via
1008 4609 1220 4678 piorum
1257 4612 1405 4658 recta
1447 4612 1502 4659 et
1529 4612 1712 4672 parata
1736 4612 1841 4660 est.

2249 4613 2394 4676 Ὁδὸς
2439 4611 2680 4665 εὐσεϐῶν
2731 4611 2916 4666 εὐθεῖα
2967 4610 3183 4679 ἐγένετο
3236 4611 3334 4665 καὶ
3389 4626 3677 4681 παρεσκευα-

885 4759 889 4762 .
2173 4721 2368 4774 σμενη.

555 4798 637 4854 Pii
660 4795 951 4867 prudenter
971 4787 1392 4852 consuluerunt,
1408 4793 1464 4839 et
1482 4787 1766 4844 consilium
1794 4789 1928 4846 illud
1953 4805 2038 4847 ma

2244 4795 2306 4849 ΟΞ
2361 4796 2604 4860 εὐσεϐεῖς
2657 4795 2850 4849 συνετά
2899 4796 3312 4862 ἐϐουλεύσαντο,
3372 4797 3458 4850 καὶ
3497 4794 3616 4866 αὕτη
3657 4795 3678 4859 ἡ

488 4901 604 4948 net.
1303 4927 1310 4930 _

1303 4927 1310 4930 _
2175 4887 2341 4958 βουλὴ
2369 4889 2542 4956 μενεῖ.

554 4981 755 5036 Jerem.
780 4996 833 5033 ν.
866 4977 924 5034 Si
956 4987 1041 5038 est
1063 4980 1154 5049 qui
1190 4979 1354 5051 faciat
1373 4982 1638 5051 jmlicium
1673 4988 1730 5034 et
1768 4977 1968 5044 quat-it
2007 4977 2039 5032 il

2251 4997 2272 5032 ι
2311 4981 2370 5033 El
2431 4981 2544 5033 εστι
2595 4981 2764 5033 ποιῶν
2811 4982 3018 5049 πίστιν,
3056 4983 3215 5048 ἵλεως
3271 4981 3456 5054 ἔσομαι
3487 4980 3677 5048 munitm

489 5073 638 5136 dem,
666 5069 936 5140 pmpitius
967 5069 1044 5126 illi
1069 5085 1183 5137 ero,
1203 5074 1335 5128 dicit
1363 5073 1648 5127 Dominus.
1889 5128 1891 5130 .

1102 5086 1183 5137 ro,
1203 5074 1335 5128 dicit
1363 5073 1648 5127 Dominus.
1889 5128 1891 5130 ,
2173 5071 2321 5140 λέγει
2358 5073 2584 5142 Κύριος.

561 5163 692 5233 Sap.
722 5179 762 5217 ι.
797 5161 1030 5231 ΒίΙίεἰιθρ
1059 5163 1349 5233 justitiam,
1377 5166 1468 5236 qui
1528 5161 1787 5234 judicatis
1824 5169 2020 5216 terram

2259 5165 2610 5234 Ἀγαπήσατε
2672 5165 3040 5236 δικαιοσύνην,
3072 5168 3120 5219 oi
3168 5167 3440 5237 κρίνοντες
3470 5165 3560 5233 τὴν
3591 5163 3679 5229 γῆν,

489 5258 684 5312 sentite
711 5255 777 5310 de
797 5252 1024 5311 Domino
1052 5257 1105 5312 in
1125 5257 1384 5322 bonitate,
1413 5257 1540 5311 etin
1573 5253 1921 5322 simplicitate
1949 5267 1974 5307 ε

2192 5259 2483 5325 ρρονήσατε
2519 5257 2655 5325 περὶ
2689 5256 2783 5310 τοῦ
2821 5255 3024 5328 Κυρίου
3059 5260 3118 5311 ὲν
3157 5258 3446 5327 ἀγαθότητι
3479 5256 3677 5326 καρδίας.

488 5350 574 5402 dis
599 5349 825 5418 quaerite
852 5348 1001 5403 illum
1029 5367 1044 5405 :
1073 5357 1300 5420 apparet
1321 5349 1466 5404 enim
1492 5347 1581 5411 iis,
1603 5346 1692 5417 qui
1710 5345 1785 5400 illi
1804 5361 1911 5401 non
1933 5346 1973 5401 d‘

2195 5349 2266 5401 ιαὶ
2314 5348 2654 5419 ἑκζητήσατε
2695 5350 2878 5405 αὐτόν.
2922 5348 3317 5421 Ἐμφανίζεται
3363 5351 3461 5420 γὰρ
3503 5349 3602 5410 τοῖς
3627 5344 3680 5416 μὴ

488 5440 646 5493 dunt.

2175 5436 2497 5491 ἀπιστοῦσιν
2526 5439 2705 5493 αὐτόν.

562 5531 726 5586 Eccli.
750 5547 892 5588 xuv.
915 5531 1172 5588 Omnium
1213 5529 1587 5600 potentissima
1619 5538 1701 5585 est
1727 5530 1920 5600 pietas.

1884 5546 1920 5588 ς,
2248 5530 2451 5592 Παντὸς
2475 5530 2825 5602 δυνατωτέρα
2855 5533 3003 5588 ἐστὶν
3030 5533 3064 5603 ἦ
3097 5532 3369 5588 εὐσέϐεια.

563 5621 724 5676 Eccli.
759 5639 916 5676 χχιιι.
939 5621 1254 5676 'l‘hesaurus
1269 5634 1546 5690 nunquam
1576 5619 1850 5690 periturus
1901 5619 2048 5675 timOl

1808 5634 1850 5675 Is
1901 5619 2072 5675 timor
2244 5621 2532 5692 Θησαυρδς
2562 5623 2901 5690 ἀδιάπτωτος
2932 5625 2965 5697 ἡ
2994 5625 3293 5682 Θεοσέϐεια.

487 5713 729 5770 Domini.

559 5804 732 5873 Crede
761 5804 894 5871 Deo,
917 5814 971 5858 et
993 5817 1342 5873 recuperauit
1369 5823 1440 5858 te.

2246 5798 2542 5873 Πίστευσον
2569 5797 2646 5870 τῷ
2682 5799 2821 5870 Θεῷ,
2859 5801 2954 5854 καὶ
2981 5801 3334 5872 ἀντιλήψεταί
3360 5819 3463 5857 σου.

563 5895 739 5955 Εεείερ
755 5895 1048 5952 ιι.[)οιιυιιι
1071 5895 1284 5950 Domini
1305 5902 1583 5967 permanet
1628 5907 1750 5948 cum
1804 5891 1929 5962 piis.

1830 5891 1929 5946 liis.
2247 5894 2402 5955 Δόσις
2436 5893 2643 5962 Κυριου
2679 5894 2980 5960 παραμένει
3015 5894 3315 5950 εὐσεϐέσιν.
