3822 6548
137 362 226 428 769
835 302 850 318 ἢ
953 352 1118 413 LOCi
1161 351 1696 413 COMMUNES.—
1739 350 1933 410 PARS
1976 349 2030 412 Ι.
2073 346 2333 406 SERMO
2370 348 2421 408 Ι.
3234 348 3340 412 770

189 473 429 542 Διήγησις
457 466 715 531 εὐσεϐοῦς
735 466 827 519 διὰ
861 465 1063 528 παντὸς
1093 464 1275 533 σοφία.
1689 505 1698 527 Α

1689 477 1732 529 Α
1841 459 2004 514 Eccli.
2031 473 2202 513 xxvu.
2237 457 2320 513 Pii
2347 457 2522 512 oratio
2550 471 2698 512 mera
2729 469 2814 512 est
2834 458 3121 528 sapientia.

202 559 280 613 Ἑν
306 557 522 627 στόματι
547 555 791 609 εὐσεϐῶν
820 553 1260 624 πληθυνθήσεται
1287 551 1600 622 ἄνθρωπος.

1402 569 1600 620 ρωπος.
1839 550 1896 606 In
1925 565 2021 604 ore
2045 552 2255 618 piorum
2287 547 2741 617 multiplicabitur
2766 550 2911 606 laus.

189 650 484 722 ’Ἄνθρωπος
512 647 747 716 εὐσεϐὴς
771 648 828 698 ὲν
855 646 1022 718 σοφίᾳ
1064 645 1236 715 μένει,
1277 645 1354 706 ὡς
1379 646 1410 698 ὁ
1434 645 1609 717 ἥλιος.

1840 643 2011 698 Ecclt'.
2034 659 2200 700 xxvii.
2228 641 2402 696 llomo
2424 641 2548 712 pius
2574 641 3231 717 insapientia‘permnet
3283 655 3344 701 ut

1769 735 1849 791 sol
1861 775 1874 788 .

192 833 360 895 Πίστις
391 831 469 894 είς
490 829 586 885 τὸν
612 829 786 885 αίῶνα
817 829 1170 900 σταθήσεται.

1839 825 2010 882 Eccli.
2032 842 2120 880 ιιι..
2144 825 2305 882 Fides
2323 825 2377 882 in
2403 827 2663 884 sarculum
2696 828 2883 883 stabit.

201 924 352 993 ’Δμὴν
385 923 529 994 ἀμὴν
557 922 703 993 λέγω
727 925 878 993 ύμῖν,
903 924 998 977 ἐὰν
1019 923 1179 994 ἔχητε
1203 924 1390 976 πίστιν
1424 923 1500 984 ὡς
1531 923 1666 976 κόκ·

1843 917 2035 971 Matth.
2067 934 2202 974 xvn.
2229 920 2399 974 Amen
2439 919 2564 975 dico
2593 920 2768 987 vobis,
2799 921 2845 976 si
2869 921 3162 977 habueritis
3181 921 3342 976 fidem

136 1037 212 1072 κον
242 1017 513 1078 σινάπεως,
555 1015 734 1082 ὲρεὲιε
769 1014 848 1085 τῷ
879 1013 998 1086 ὄρει
1024 1013 1202 1086 τούτῳ
1227 1031 1239 1045 ο
1264 1013 1552 1084 Μετάϐηθι
1585 1016 1645 1070 ὲνι

1853 1022 2077 1078 granum
2103 1009 2332 1080 sinapis,
2363 1009 2555 1067 dicetis
2589 1012 2762 1067 monti
2787 1012 3162 1070 huiczTransi
3194 1013 3344 1078 hinc,

135 1110 294 1166 τεῦθεν
313 1111 443 1171 ἐκεῖ,
468 1108 562 1161 καὶ
591 1106 989 1176 μεταϐήσεται.

620 1106 989 1176 ιεταὸἡσεται.
1770 1109 1826 1156 et
1855 1099 2129 1155 transibit.

201 1200 526 1269 ’Δποκριθεὶς
576 1199 634 1252 δὲ
683 1200 893 1270 Πέτρος
947 1195 1074 1252 εἷπε
1122 1199 1200 1268 τῷ
1255 1199 1471 1269 Ἰησοῦ·
1539 1199 1670 1253 Ἰδοὺ

1843 1190 2038 1246 Matth.
2102 1208 2216 1249 xix.
2245 1191 2418 1262 ,Tunc
2452 1195 2785 1264 respondens
2812 1196 3026 1264 Petrus,
3091 1197 3230 1253 dixit
3283 1199 3349 1254 ad

134 1299 269 1367 ήμιῐς
294 1295 584 1364 ἀφήκαμεν
616 1294 818 1356 πάντα,
850 1294 948 1346 καὶ
979 1292 1427 1362 ἠκολουθήσαμέν
1458 1308 1542 1345 σοι
1562 1309 1578 1323 ο
1617 1310 1643 1346 τ

1843 1299 1954 1338 sum
1992 1302 2004 1338 :
2038 1285 2178 1340 Ecce
2211 1301 2311 1340 nos
2338 1286 2664 1354 reliquimus
2694 1288 2897 1351 omnia,
2929 1298 2985 1344 et
3030 1290 3200 1345 secuti
3259 1305 3352 1345 su-

134 1390 224 1458 ἇρσ
268 1387 410 1440 ἔσται
478 1387 650 1456 ἡμῐνς
713 1385 777 1440 '0
831 1385 888 1440 δὲ
966 1385 1176 1454 Ἰησοῦς
1235 1381 1390 1440 εἶπεν
1449 1384 1633 1448 αὐτοῖς

1841 1390 1898 1430 us
1927 1381 1980 1432 te
2010 1394 2024 1430 :
2057 1375 2188 1446 quid
2217 1393 2347 1448 ergo
2385 1379 2490 1432 erit
2524 1379 2678 1433 nobis
2703 1377 2913 1436 Hesus
2964 1389 3147 1434 autem
3209 1379 3350 1434 dixit

140 1499 156 1532 ι
191 1480 346 1548 ’Δμὴν
374 1478 526 1549 ἀμὴν
547 1478 692 1557 λέγω
721 1479 873 1548 ὑμῖν,
901 1478 984 1532 ὅτι
1015 1479 1174 1548 ὑμεῖς
1198 1473 1246 1532 σι
1271 1479 1649 1549 ἁκολουθήσαν

1843 1467 1880 1520 is
1906 1483 1921 1520 :
1945 1466 2118 1522 Amen
2144 1467 2267 1522 dico
2295 1468 2473 1532 vobis,
2503 1469 2648 1537 quod
2684 1483 2801 1534 vos,
2842 1469 2936 1539 qui
2979 1470 3154 1525 secuti
3214 1469 3352 1525 estis

135 1573 206 1634 τές
231 1587 332 1640 μοι,
364 1571 420 1622 ὲν
445 1573 515 1641 τῇ
544 1569 958 1642 παλιγγενεσία,
981 1570 1110 1624 ὅταν
1139 1571 1338 1645 καθίσῃ
1369 1571 1399 1624 ό
1427 1571 1555 1634 Υίδς
1578 1574 1644 1624 το⁴

1846 1573 1882 1621 3,
1917 1559 1971 1614 iu
2008 1559 2434 1628 regeneratione.
2465 1575 2590 1614 cum
2650 1560 2849 1617 sederit
2895 1560 3068 1617 Filius
3118 1563 3355 1617 hominis

138 1665 393 1735 ἀνθρώπου
445 1665 544 1718 ἐπὶ
598 1662 693 1717 τοῦ
737 1663 928 1734 θρόνου
971 1663 1130 1735 δόξης
1168 1661 1357 1730 αὐτοῦ,
1408 1665 1528 1719 τότε
1582 1682 1647 1719 κα

1856 1649 1984 1704 sede
2015 1648 2316 1719 maiestatis
2345 1666 2477 1716 sum,
2503 1649 2765 1707 sedebitis
2787 1664 2841 1706 et
2871 1665 2968 1706 vos
2993 1667 3162 1720 super
3191 1651 3350 1706 Sedes

139 1759 269 1829 ὑμεῖς
315 1755 610 1811 καθίσεσθε
657 1758 754 1812 ἐπὶ
806 1757 1016 1811 δώδεκα
1072 1757 1296 1828 θρόνους
1323 1797 1338 1822 ,
1398 1757 1648 1828 κρίνοντει

1854 1741 2087 1806 odecim,
2119 1741 2426 1811 iudicantes
2488 1742 2774 1798 duodecim
2838 1744 3015 1799 tribus
3074 1744 3258 1799 lsrael.
3291 1745 3357 1800 Et

139 1819 215 1911 τός
232 1819 423 1902 όὼδεκα
448 1847 624 1915 φυλὰς
643 1846 737 1901 τοῦ
777 1848 1014 1919 Ἰσραήλ.
1038 1819 1148 1904 καὶ
1168 1850 1273 1912 πᾶς
1292 1819 1448 1914 ὅστις·
1465 1850 1643 1919 ἀφῆκε

1849 1834 1952 1888 mis
1980 1835 2071 1904 qni
2094 1836 2376 1905 reliquerit
2404 1835 2621 1900 domos,
2641 1844 2735 1890 aut
2758 1837 2976 1900 fratres,
2995 1843 3088 1891 aut
3110 1851 3354 1899 sorores,

139 1940 317 2004 οὶκίαν,
345 1939 375 2009 ἢ
405 1939 680 2009 ἀδελφοὺς
702 1977 720 2003 ,
769 1939 803 2009 ἢ
849 1939 1101 2009 ἀδελφὰς,
1136 1939 1168 2010 ἢ
1208 1941 1442 2012 πατέρα,
1493 1940 1527 2012 ἢ
1568 1958 1643 2012 μη

1849 1937 2122 1999 tpatrem,
2157 1938 2253 1983 aut
2276 1937 2525 1992 matrem,
2554 1936 2651 1982 aut
2673 1926 2835 1993 ﬁlios,
2867 1939 2961 1981 aut
2995 1944 3157 1996 agros
3226 1943 3354 1996 pro-

139 2034 264 2104 τέρα,
308 2031 636 2102 ἢγυναῖκα,
692 2032 726 2102 ἦ
772 2031 960 2096 τέκνα,
996 2033 1028 2102 ἢ
1085 2033 1290 2103 ἀγροὺς
1336 2033 1526 2088 ἕνεκεν
1583 2050 1648 2086 το

1851 2039 1898 2076 ar
1939 2037 2136 2078 nomen
2202 2036 2406 2088 meum,
2451 2021 2766 2091 centuplum
2829 2019 3079 2091 accipiet,
3128 2030 3181 2076 et
3237 2022 3360 2074 vitae

139 2125 368 2197 ὀνόματός
402 2142 538 2196 μου,
570 2125 1107 2180 ἑκατονταπλασίονα
1134 2125 1383 2196 λήψεται,
1413 2125 1508 2180 καὶ
1526 2125 1679 2195 ,ζωὴν
1776 2126 1990 2169 εἰξίϐτηλξ
2021 2114 2278 2170 εοΐιίθιυΐ
2308 2113 2711 2171 δκΐθάίιδιεω·

139 2217 319 2270 σξώνιον
346 2217 451 2285 κλη
460 2217 604 2286 ρομή
614 2233 717 2272 σει.
758 2235 779 2270 ι

193 2309 360 2374 Οὕτως
378 2310 678 2381 ἠγάπησεν
703 2313 732 2364 ό
752 2309 883 2374 Θεὸς
899 2310 994 2364 τὸν
1016 2310 1241 2380 κόσμον,
1263 2310 1403 2365 ὥστε
1432 2311 1526 2366 τὸν
1553 2313 1680 2366 Υίδν

1849 2291 2005 2346 Joan.
2041 2309 2124 2349 ιιι.
2159 2292 2252 2348 Sic
2291 2291 2435 2351 Deus
2486 2293 2677 2351 dilexit
2726 2294 3016 2360 mundum,
3072 2303 3132 2349 ut
3163 2293 3358 2348 Filium

138 2400 274 2454 αὑτοῦ
306 2402 395 2454 τὸν
433 2400 702 2472 μονογενῆ
725 2401 948 2470 ἔδωκεν,
985 2402 1071 2457 ἵνα
1100 2405 1208 2468 πᾶς
1240 2407 1268 2457 ό
1307 2403 1579 2457 πιστεύων
1601 2405 1647 2456 εἰ

1849 2401 1936 2438 um
1957 2386 2292 2455 unigenitum
2317 2385 2490 2453 daret,
2509 2395 2569 2444 ut
2593 2387 2775 2444 omnis
2799 2389 2897 2459 qui
2919 2387 3094 2444 credit
3115 2389 3168 2441 in
3203 2403 3353 2453 eum,

141 2493 276 2547 αὐτὸν
303 2494 376 2565 μὴ
400 2495 706 2566 ἀπόληται.
1620 2554 1632 2566 ,

1620 2554 1632 2566 ⁸
1780 2478 1835 2531 in
1871 2477 2108 2534 tenebris
2125 2492 2230 2534 non
2249 2488 2486 2536 maneat.

196 2605 213 2640 t
249 2587 306 2643 Ὀ
331 2571 614 2643 πιστεύων
643 2590 723 2653 είς
756 2589 882 2660 ἐμὲ,
921 2590 992 2642 τὰ
1017 2590 1153 2658 ἔργα
1177 2589 1215 2643 ἃ
1242 2590 1353 2658 ἐγὼ
1385 2589 1545 2655 ποιῶ,
1585 2589 1686 2643 κά-

1850 2571 2008 2626 Joan.
2041 2588 2154 2630 xiv.
2185 2573 2286 2640 Qui
2313 2573 2488 2629 credit
2510 2573 2564 2628 in
2586 2587 2694 2640 me,
2727 2589 2891 2644 opera
2917 2589 3040 2644 qua:
3063 2589 3164 2646 ego
3191 2575 3359 2644 facio,

143 2680 284 2742 κεῖνος
308 2680 556 2750 ποιήσει,
591 2681 686 2735 καὶ
723 2680 953 2750 μείζονα
976 2681 1185 2734 τούτων
1218 2681 1462 2751 ποιήσει.
1492 2699 1512 2732 ι

1319 2681 1462 2751 ﬁcu,
1492 2699 1512 2732 .
1783 2676 1836 2720 et
1862 2664 1975 2733 ipse
2004 2664 2190 2730 faciet,
2222 2674 2274 2720 et
2298 2666 2504 2736 majora
2529 2667 2617 2725 his
2639 2667 2828 2723 faciet.

199 2788 218 2824 ι
246 2771 529 2842 Μακάριοι
550 2773 601 2825 οἱ
635 2772 710 2843 μὴ
739 2773 940 2835 ἰδόντες
963 2773 1056 2827 καὶ
1087 2773 1499 2837 πιστεύσαντες.
1552 2791 1572 2825 ι

1856 2755 2015 2813 Joan.
2046 2775 2137 2812 xx.
2162 2758 2311 2816 Beati
2336 2759 2428 2830 qui
2450 2775 2561 2816 non
2579 2761 2852 2828 viderunt,
2880 2770 2940 2818 et
2991 2762 3365 2818 crediderunt.

205 2863 320 2918 Ἐὰν
340 2865 698 2939 ὁμολογήσῃς
726 2867 787 2920 ἑν
827 2867 907 2937 τῷ
943 2867 1170 2938 στόματί
1215 2884 1333 2934 σου,
1357 2869 1454 2927 Δὅτι
1484 2867 1685 2937 Κύριος

1859 2849 2016 2904 Rom.
2053 2866 2108 2905 ι.
2144 2849 2202 2906 Si
2235 2852 2523 2917 confessus
2566 2853 2738 2909 fueris
2783 2870 2878 2911 ore
2939 2865 3036 2911 tuo
3079 2857 3364 2912 Dominum

151 2955 328 3024 Ἰησοῦς
356 2957 626 3028 Χριστὸς,
655 2959 752 3012 καὶ
783 2959 1088 3031 πιστεύσῃς
1128 2961 1188 3015 ὲν
1220 2963 1284 3031 τῇ
1321 2961 1521 3032 καρδίᾳ
1567 2977 1660 3014 σου

1856 2958 1972 2998 sum
2002 2943 2308 3010 Christum,
2337 2954 2393 3001 et
2417 2947 2804 3003 crediderisin
2827 2950 2993 3005 corde
3046 2961 3164 3024 tuo,
3218 2951 3365 3019 quod

143 3047 210 3100 ὅτι
232 3050 256 3103 ό
281 3049 414 3114 Θεὸς
445 3050 668 3122 ἤγειρεν
696 3051 860 3105 αὐτὸν
892 3053 955 3104 ἐκ
975 3054 1216 3123 νεκρῶν,
1249 3053 1490 3126 σωθήσῃ.
1521 3055 1652 3125 ’Καρ

1862 3053 1930 3090 ιιις
1967 3036 2121 3091 illum
2154 3037 2414 3094 excitavit
2437 3055 2466 3092 ιι
2505 3039 2756 3105 mortuis,
2811 3041 3136 3100 salvaberis.
3192 3041 3371 3099 Corde

144 3138 214 3212 δίᾳ
237 3142 336 3213 γὰρ
382 3142 710 3200 πιστεύεται
759 3145 842 3208 είς
904 3144 1288 3217 δικαιοσύνην,
1347 3147 1576 3217 στόματι
1630 3147 1653 3200 δ

1863 3127 1934 3182 im
1963 3127 2204 3182 creditur
2227 3126 2294 3182 ad
2304 3127 2598 3197 justitiam,
2623 3144 2719 3184 ore
2748 3141 2931 3186 autem
2984 3132 3045 3186 fit
3097 3132 3371 3188 confessio

145 3232 464 3301 ὁμολογεῖται
493 3236 574 3299 είς
599 3235 900 3307 σωτηρίαν.

637 3235 900 3307 rumpiae,
1715 3217 1757 3237 “
1791 3217 1860 3273 ad
1894 3217 2146 3274 salutem.

213 3327 288 3386 Ἐν
317 3329 546 3399 Χριστῷ
590 3329 766 3399 Ἰησοῦ
799 3329 926 3384 οὔτε
965 3331 1233 3402 περιτομή
1266 3329 1319 3384 τι
1354 3331 1522 3394 ἔστιν,
1563 3330 1688 3384 οὗτε

1865 3308 2046 3364 Galat.
2075 3325 2128 3364 ν.
2161 3308 2220 3366 ln
2255 3310 2475 3370 Christo
2504 3311 2634 3369 Jesu
2667 3329 2767 3374 nec
2797 3314 3143 3372 circumcisio
3171 3327 3373 3374 estnec

147 3418 479 3488 ἀκροϐυστία,
512 3421 648 3475 ἀλλὰ
679 3422 862 3487 πίστις
887 3424 955 3477 δι’
987 3425 1208 3492 ἀγάπης
1235 3425 1625 3494 ἐνεργουμένη.

1796 3403 2143 3472 praeputium,
2170 3403 2264 3460 sed
2289 3403 2422 3459 fides
2461 3419 2557 3473 per
2587 3407 2912 3463 charitatetn
2946 3423 3203 3478 operatus.

205 3514 345 3569 Ἐστι
389 3514 454 3568 δὲ
486 3515 670 3580 πίστις
716 3517 1084 3588 ἐλπιζομένων
1111 3519 1407 3582 ὑπόστασις
1433 3518 1694 3590 πραγμά-

1868 3495 2037 3552 Hebr.
2067 3512 2144 3552 xl.
2201 3495 2298 3552 Est
2343 3508 2522 3554 autem
2574 3500 2708 3558 ﬁdes
2758 3517 2942 3557 rerum
2985 3506 3371 3573 sperandarnm

147 3621 254 3671 των,
279 3607 505 3678 ἐλεγχος
528 3608 589 3662 ού
621 3608 995 3679 βλεπομένων.
1481 3589 1487 3590 ⁷

1867 3589 2197 3658 hstantia,et
2217 3600 2594 3663 argumentum
2625 3609 2983 3664 eorum,quaa
3022 3611 3133 3659 non
3186 3598 3375 3652 viden-

1801 3696 1910 3740 ιυν.

209 3785 376 3854 Χωρὶς
404 3785 648 3850 πίστεως
677 3785 939 3840 ἀδύνατον
969 3787 1366 3858 εὐαρεστῆσαι.
1401 3786 1696 3842 Πιστεῢσαι

1867 3776 2007 3833 Ibid.
2039 3776 2166 3832 Sine
2199 3779 2301 3832 fide
2329 3780 2441 3834 fieri
2470 3795 2574 3836 non
2599 3789 2867 3851 potesl,ut
2887 3781 3008 3849 quis
3036 3783 3109 3836 illi
3145 3783 3373 3851 plaeeat.

151 3879 240 3947 γὰρ
263 3879 342 3934 δεῖ
371 3879 467 3933 τὸν
496 3880 938 3950 προσερχόμενον
971 3881 1048 3951 τῷ
1113 3880 1256 3952 Bap,
1291 3881 1374 3936 ὅτι
1419 3881 1557 3950 ἐστι,
1603 3898 1660 3936 κο

1866 3885 1934 3922 im
1959 3870 2052 3940 qui
2095 3872 2304 3926 accedit
2322 3873 2387 3926 ad
2421 3873 2609 3939 Deum,
2672 3874 2815 3928 hunc
2864 3875 3085 3930 credere
3141 3889 3375 3948 Oportet,

150 3973 242 4035 τοῖς
271 3973 598 4045 ἐκζητοῦσιν
627 3973 1224 4044 αύτὸνμισθαποδότης
1255 3976 1487 4044 γίνεται.

1868 3963 1949 4018 ιοό
1971 3964 2114 4020 Deus
2133 3967 2228 4031 sit,
2250 3975 2307 4020 et
2329 3967 2474 4034 quod
2508 3975 2885 4023 remunerator
2911 3969 2979 4023 sit
3005 3973 3377 4041 qua-rentibus

1892 4074 2090 4116 ιοευιιι.

209 4149 398 4221 Χάριτί
423 4153 546 4216 ἐστε
578 4151 936 4221 σεσωσμένοι.

1803 4059 1856 4130 3
1892 4059 2090 4126 ipsum.

1882 4151 2073 4220 Ephes.
2103 4167 2164 4208 ιι.
2184 4151 2368 4208 Gratia
2397 4153 2529 4208 estis
2554 4153 2774 4210 servati.

215 4244 456 4318 Γύμναζε
485 4245 714 4298 σεαυτὸν
761 4245 900 4314 πρὸς
929 4242 1233 4296 εὐσέϐειαν.
1280 4239 1348 4294 Ἡ
1379 4241 1485 4310 γὰρ
1514 4255 1702 4309 σωμα-

1879 4243 1908 4298 1
1937 4243 2072 4300 Tim.
2099 4260 2174 4299 tv.
2201 4244 2404 4300 Exerce
2425 4246 2767 4316 temetipsum
2802 4247 2868 4301 ad
2915 4247 3190 4317 pietatem.
3245 4250 3377 4307 Nam

154 4340 265 4408 τικὴ
306 4338 586 4408 γυμνασία
623 4336 977 4408 πρὸςηόλίγον
1021 4332 1170 4388 ἐστὶν
1205 4331 1517 4402 ὠφέλιμος*
1570 4331 1604 4399 ἠ
1647 4328 1663 4381 ί

1872 4340 2461 4410 rporalisexercitatio
2496 4341 2777 4411 paululum
2809 4342 2970 4400 habet
3001 4346 3254 4403 utilitatis
3287 4357 3381 4403 :at

158 4430 394 4486 εύσέσεια
437 4430 576 4500 πρὸς
620 4431 797 4483 πάντα
839 4427 1120 4497 ὠφέλιμός
1161 4428 1331 4489 ἐστιν,
1376 4423 1667 4493 ἐπαγγελία

1870 4442 1983 4489 etas
2020 4433 2088 4487 ad
2117 4432 2301 4488 omnia
2329 4433 2476 4488 utilis
2507 4442 2612 4497 est,
2640 4443 2700 4488 ut
2722 4449 2848 4506 qua:
2871 4437 3264 4507 promissiones
3285 4443 3379 4496 ha-

157 4522 336 4591 ἔχουσα
360 4523 505 4593 ζωῆς
530 4521 631 4590 τῆς
654 4520 750 4574 νῦν
779 4521 871 4574 καὶ
907 4519 1008 4589 τῆς
1037 4519 1362 4589 μελλούσης.

1209 4519 1362 4588 ύσης.
1737 4537 1784 4592 D
1813 4525 1940 4581 beat
1970 4526 2090 4580 vitae
2114 4528 2395 4595 praesentis
2423 4534 2481 4581 et
2501 4526 2718 4582 futurae.

228 4613 287 4668 Ἦ
307 4615 497 4678 πίστις
525 4616 620 4670 ἐὰν
652 4613 729 4683 μὴ
759 4611 858 4685 ἔχῃ
883 4611 1040 4683 ἔργα,
1069 4611 1241 4683 νεκρά
1271 4612 1390 4664 ἐστι
1425 4608 1548 4662 καθ’
1579 4608 1667 4728 ῗι

158 4701 268 4752 τήν.
1584 4706 1590 4710 ’

1879 4619 2065 4675 Jacob.
2093 4617 2348 4688 I1.Fides,
2375 4621 2421 4676 si
2451 4621 2594 4678 facta
2617 4637 2724 4677 non
2753 4621 3027 4695 habuerit,
3068 4635 3283 4683 mortua
3304 4641 3387 4686 cst

1878 4727 1910 4752 ir
1941 4727 2000 4752 ιιι

187 4719 268 4769 ην.
1591 4719 1632 4728 ⁷⁷

1591 4719 1632 4728 ⁷⁷
1815 4725 1910 4769 per
1941 4727 2019 4767 se.

226 4725 268 4756 ν.
1616 4725 1626 4728 ν

226 4796 563 4872 Σπουδάσατε
613 4795 708 4850 διὰ
735 4795 850 4852 τῶν
873 4795 1056 4850 καλῶν
1084 4794 1263 4866 ἔργων
1307 4794 1534 4866 βεϐαίαν
1557 4794 1712 4864 ὐμῶν

1878 4727 1910 4766 τ
1941 4727 2020 4767 se.

1887 4802 1946 4858 11
1975 4805 2118 4860 Patr.
2153 4821 2189 4860 ι.
2237 4804 2468 4876 Operam
2497 4808 2642 4870 date,
2675 4817 2732 4862 ut
2760 4811 3100 4868 vocationem
3169 4825 3223 4870 ct
3278 4818 3387 4872 eic-

157 4885 247 4956 τὴν
277 4887 468 4958 κλῆσιν
526 4888 623 4944 καὶ
673 4886 903 4958 ἐκλογὴν
949 4887 1308 4957 ποιήσασθαι.
1365 4885 1552 4952 Οὕτως
1603 4886 1666 4954 γὰ

1879 4896 2049 4951 lenem
2073 4907 2307 4952 vestram
2330 4897 2540 4952 ﬁrmam
2563 4898 2825 4954 efﬁciatis.
2848 4902 3126 4971 Siquidem
3151 4905 3217 4960 ad
3244 4907 3388 4963 hunc

161 4980 285 5048 ἡμῖν
318 4983 584 5045 πλουσίως
625 4982 1180 5052 ἐπιχορηγηθήσεται
1211 4983 1245 5051 ἡ
1277 4980 1481 5045 είσοδος
1509 4983 1592 5042 είς
1615 4982 1670 5036 τὶ

1880 4988 2038 5044 udum
2068 4989 2280 5043 abunde
2313 4989 2817 5046 suhministrabitur
2839 4993 2992 5048 vobis
3021 4996 3276 5052 introitus
3338 5001 3389 5052 in

163 5071 367 5128 αἰώνιον
417 5073 702 5144 βασιλείαν
755 5072 852 5128 τοῦ
887 5073 1094 5145 Κυρίου
1147 5073 1308 5145 ἡμῶν
1370 5073 1546 5143 Ἰησοῦ
1577 5075 1672 5145 Χρι

1682 5103 1717 5124 ι-
1827 5091 2091 5138 aeternum
2126 5083 2577 5152 regnumnomini
2615 5084 2790 5139 nostri
2815 5084 2943 5142 Jesu
2967 5085 3191 5144 Christi.

166 5178 306 5217 στου.

229 5253 433 5328 Ὠσπερ
462 5258 512 5310 οἱ
548 5255 841 5327 βλέποντες
860 5255 1066 5326 τδφῶς
1093 5256 1242 5319 ἐντός
1264 5258 1369 5310 είσι
1397 5256 1494 5310 τοῦ
1517 5256 1717 5325 φωτὸς,

1891 5259 2105 5316 Iremi.
2131 5259 2596 5325 Quemadmodum
2625 5263 2715 5330 qui
2751 5262 2928 5319 lumen
2959 5264 3259 5330 intuentur,
3313 5267 3393 5320 in.

165 5346 255 5398 καὶ
285 5350 378 5420 τῆς
405 5350 796 5421 λαμπρότητος
847 5347 1014 5403 αὐτοῦ
1065 5349 1388 5419 μετέχουσιν
1407 5366 1422 5381 ο
1469 5348 1638 5412 οὕτως
1669 5370 1674 5395 ‹

1883 5353 2120 5407 alumen
2152 5361 2280 5406 sunt
2330 5366 2402 5406 ac
2442 5352 2561 5420 ejus
2609 5353 2899 5421 splendore
2949 5355 3248 5424 fruuntur;
3311 5362 3392 5411 sic

117 5497 126 5502 _
163 5435 444 5506 βλέποντες
486 5441 740 5508 τὸν-Θεὸν
774 5442 928 5504 ἐντὸς
956 5443 1196 5511 γίνονται
1226 5441 1323 5495 τοῦ
1355 5441 1516 5504 Θεοῦ,
1558 5457 1624 5510 με

1888 5447 1916 5500 ιί
1953 5445 2120 5499 Deum
2149 5443 2356 5510 vident,
2389 5444 2532 5501 intra
2567 5445 2735 5501 Deum
2764 5447 3060 5512 exsistunt,
3096 5448 3397 5518 splendoris

169 5546 346 5597 χοντες
369 5534 532 5588 αὑτοῦ
563 5535 656 5604 τῆς
695 5535 1104 5607 λαμπρότητος.
1153 5536 1306 5605 Ζωῆς
1335 5534 1429 5588 οὖν
1465 5534 1678 5604 μεθέξοι

1887 5537 1998 5590 sius
2026 5535 2337 5604 participes.
2363 5533 2499 5589 Vita:
2545 5551 2675 5607 ergo
2729 5535 3022 5606 participes
3067 5547 3247 5603 erunt,
3302 5541 3396 5608 qui

173 5635 256 5672 σιν
286 5623 331 5674 οἱ
353 5625 585 5694 ὁρῶντες
618 5626 774 5680 Θεόν.

729 5644 774 5680 ν.
1829 5629 1996 5681 Deum
2019 5627 2238 5679 vident;

241 5712 418 5779 Πιστις
448 5719 687 5786 ἡγείσθω
717 5717 825 5773 τῶν
853 5717 984 5790 περὶ
1011 5718 1147 5772 Θεοῦ
1172 5718 1375 5786 λόγων·
1407 5717 1612 5781 πίστις,
1632 5718 1728 5770 καὶ

1896 5717 2110 5772 Basilii.
2139 5716 2299 5772 Fides
2331 5731 2543 5784 eorum,
2579 5732 2699 5788 quae
2729 5718 2797 5774 de
2823 5715 2936 5772 Deo
2959 5715 3240 5782 dicuntur,
3291 5718 3398 5778 dux

180 5803 255 5874 μὴ
286 5805 574 5876 ἀπόδειξις·
612 5811 798 5877 πίστις
821 5815 855 5884 η
890 5813 1030 5882 ὑπὲρ
1059 5813 1156 5878 τὰς
1185 5811 1408 5882 λογικὰς
1446 5811 1689 5882 μεθόδους

1891 5820 1901 5867 ι
1927 5827 1945 5883 ,
1979 5809 2131 5878 fides,
2167 5820 2221 5867 et
2253 5823 2361 5865 non
2393 5809 2782 5867 demonstratio
2804 5825 2823 5879 ;
2853 5809 3006 5878 fides,
3035 5825 3157 5882 qua:
3183 5823 3400 5871 omnem
