  <div class='ocr_page' id='page_1' title='image "/cluster/home/n/w/nwhite01/storage/ocr_20150623/136/hvd.32044019208305/393.png"; bbox 0 0 3822 6548; ppageno 0'>
   <div class='ocr_carea' id='block_1_1' title="bbox 511 283 3720 408">
    <p class='ocr_par' dir='ltr' id='par_1_1' title="bbox 511 283 3720 408">
     <span class='ocr_line' id='line_1_1' title="bbox 511 283 3720 408; baseline -0.011 1"><span class='ocrx_word' id='word_1_1' title='bbox 511 346 616 408; x_wconf 78' lang='lat'><strong>771</strong></span> <span class='ocrx_word' id='word_1_2' title='bbox 1774 331 2096 394; x_wconf 79' lang='lat' dir='ltr'><strong>ANTONII</strong></span> <span class='ocrx_word' id='word_1_3' title='bbox 2128 331 2474 392; x_wconf 69' lang='lat' dir='ltr'><strong>MELISS/E</strong></span> <span class='ocrx_word' id='word_1_4' title='bbox 2971 283 2974 292; x_wconf 66' lang='grc'><em>’</em></span> <span class='ocrx_word' id='word_1_5' title='bbox 3641 332 3720 393; x_wconf 63' lang='lat'><strong>772</strong></span> 
     </span>
    </p>
   </div>
   <div class='ocr_carea' id='block_1_2' title="bbox 509 428 2018 524">
    <p class='ocr_par' dir='ltr' id='par_1_2' title="bbox 509 428 2017 524">
     <span class='ocr_line' id='line_1_2' title="bbox 509 428 2017 524; baseline -0.011 -9"><span class='ocrx_word' id='word_1_6' title='bbox 509 457 740 514; x_wconf 85' lang='lat' dir='ltr'><strong>rationis</strong></span> <span class='ocrx_word' id='word_1_7' title='bbox 767 454 1084 510; x_wconf 86' lang='lat' dir='ltr'><strong>methodum</strong></span> <span class='ocrx_word' id='word_1_8' title='bbox 1101 428 1370 524; x_wconf 85' lang='lat' dir='ltr'><strong>superans</strong></span> <span class='ocrx_word' id='word_1_9' title='bbox 1407 458 1641 506; x_wconf 81' lang='lat' dir='ltr'><strong>mentem</strong></span> <span class='ocrx_word' id='word_1_10' title='bbox 1671 450 1737 504; x_wconf 89' lang='lat' dir='ltr'><strong>ad</strong></span> <span class='ocrx_word' id='word_1_11' title='bbox 1764 462 2017 504; x_wconf 70' lang='lat' dir='ltr'><strong>consensu</strong></span> 
     </span>
    </p>
   </div>
   <div class='ocr_carea' id='block_1_3' title="bbox 2212 428 3721 524">
    <p class='ocr_par' dir='ltr' id='par_1_3' title="bbox 2212 441 3721 517">
     <span class='ocr_line' id='line_1_3' title="bbox 2212 441 3721 517; baseline -0.005 -17"><span class='ocrx_word' id='word_1_12' title='bbox 2212 449 2300 517; x_wconf 80' lang='grc' dir='ltr'>τὴν</span> <span class='ocrx_word' id='word_1_13' title='bbox 2336 447 2518 517; x_wconf 78' lang='grc' dir='ltr'>ψυχὴν</span> <span class='ocrx_word' id='word_1_14' title='bbox 2562 446 2642 509; x_wconf 83' lang='grc' dir='ltr'><strong>είς</strong></span> <span class='ocrx_word' id='word_1_15' title='bbox 2687 445 3089 513; x_wconf 78' lang='grc' dir='ltr'><strong>συγκατάθεσιν</strong></span> <span class='ocrx_word' id='word_1_16' title='bbox 3135 443 3408 495; x_wconf 70' lang='grc' dir='ltr'>ἕλκουσαο</span> <span class='ocrx_word' id='word_1_17' title='bbox 3448 441 3608 504; x_wconf 82' lang='grc' dir='ltr'>πίστις</span> <span class='ocrx_word' id='word_1_18' title='bbox 3631 441 3721 514; x_wconf 73' lang='grc' dir='ltr'><strong>οὐχὶ</strong></span> 
     </span>
    </p>
   </div>
   <div class='ocr_carea' id='block_1_4' title="bbox 511 532 2020 625">
    <p class='ocr_par' dir='ltr' id='par_1_4' title="bbox 511 548 2020 625">
     <span class='ocr_line' id='line_1_4' title="bbox 511 548 2020 625; baseline -0.011 -12"><span class='ocrx_word' id='word_1_19' title='bbox 511 569 566 613; x_wconf 90' lang='lat' dir='ltr'><strong>ct</strong></span> <span class='ocrx_word' id='word_1_20' title='bbox 598 553 1041 625; x_wconf 74' lang='lat' dir='ltr'><strong>approbationem</strong></span> <span class='ocrx_word' id='word_1_21' title='bbox 1076 551 1260 605; x_wconf 87' lang='lat' dir='ltr'><strong>trahit.</strong></span> <span class='ocrx_word' id='word_1_22' title='bbox 1297 548 1480 611; x_wconf 84' lang='lat' dir='ltr'><strong>Fides,</strong></span> <span class='ocrx_word' id='word_1_23' title='bbox 1511 549 1759 610; x_wconf 84' lang='lat' dir='ltr'><strong>inquam,</strong></span> <span class='ocrx_word' id='word_1_24' title='bbox 1814 559 1924 597; x_wconf 88' lang='lat' dir='ltr'><strong>non</strong></span> <span class='ocrx_word' id='word_1_25' title='bbox 1967 557 2020 611; x_wconf 81' lang='lat' dir='ltr'><strong>ge</strong></span> 
     </span>
    </p>
   </div>
   <div class='ocr_carea' id='block_1_5' title="bbox 2216 532 3725 625">
    <p class='ocr_par' dir='ltr' id='par_1_5' title="bbox 2216 532 3725 608">
     <span class='ocr_line' id='line_1_5' title="bbox 2216 532 3725 608; baseline -0.001 -17"><span class='ocrx_word' id='word_1_26' title='bbox 2216 539 2609 608; x_wconf 82' lang='grc' dir='ltr'>γεωμετρικαῖς</span> <span class='ocrx_word' id='word_1_27' title='bbox 2656 538 2951 605; x_wconf 78' lang='grc' dir='ltr'>ἀνάγκαις,</span> <span class='ocrx_word' id='word_1_28' title='bbox 2982 535 3119 590; x_wconf 86' lang='grc' dir='ltr'><strong>ἀλλά</strong></span> <span class='ocrx_word' id='word_1_29' title='bbox 3148 536 3270 598; x_wconf 88' lang='grc' dir='ltr'>ταῖς</span> <span class='ocrx_word' id='word_1_30' title='bbox 3317 532 3415 586; x_wconf 88' lang='grc' dir='ltr'><strong>τοῦ</strong></span> <span class='ocrx_word' id='word_1_31' title='bbox 3465 533 3725 606; x_wconf 81' lang='grc' dir='ltr'>Πνεύματος</span> 
     </span>
    </p>
   </div>
   <div class='ocr_carea' id='block_1_6' title="bbox 513 631 2022 718">
    <p class='ocr_par' dir='ltr' id='par_1_6' title="bbox 513 634 1989 717">
     <span class='ocr_line' id='line_1_6' title="bbox 513 634 1989 717; baseline -0.011 -12"><span class='ocrx_word' id='word_1_32' title='bbox 513 650 738 704; x_wconf 73' lang='lat' dir='ltr'><strong>meti-ica</strong></span> <span class='ocrx_word' id='word_1_33' title='bbox 765 648 948 717; x_wconf 90' lang='lat' dir='ltr'><strong>aliqua</strong></span> <span class='ocrx_word' id='word_1_34' title='bbox 975 643 1316 704; x_wconf 85' lang='lat' dir='ltr'><strong>necessitate,</strong></span> <span class='ocrx_word' id='word_1_35' title='bbox 1369 642 1462 695; x_wconf 87' lang='lat' dir='ltr'><strong>sed</strong></span> <span class='ocrx_word' id='word_1_36' title='bbox 1513 639 1751 709; x_wconf 85' lang='lat' dir='ltr'><strong>Spiritus</strong></span> <span class='ocrx_word' id='word_1_37' title='bbox 1797 634 1989 692; x_wconf 81' lang='lat' dir='ltr'><strong>eﬁ‘ectu</strong></span> 
     </span>
    </p>
   </div>
   <div class='ocr_carea' id='block_1_7' title="bbox 1388 631 2897 718">
    <p class='ocr_par' dir='ltr' id='par_1_7' title="bbox 1388 631 2897 718">
     <span class='ocr_line' id='line_1_7' title="bbox 1388 631 2897 718; baseline -0.006 -25"><span class='ocrx_word' id='word_1_38' title='bbox 1388 642 1462 694; x_wconf 71' lang='lat' dir='ltr'><strong>ted</strong></span> <span class='ocrx_word' id='word_1_39' title='bbox 1513 639 1751 709; x_wconf 85' lang='lat' dir='ltr'><strong>Spiritus</strong></span> <span class='ocrx_word' id='word_1_40' title='bbox 1797 634 1989 692; x_wconf 81' lang='lat' dir='ltr'><strong>eﬁ‘ectu</strong></span> <span class='ocrx_word' id='word_1_41' title='bbox 2046 642 2099 688; x_wconf 91' lang='lat' dir='ltr'><strong>et</strong></span> <span class='ocrx_word' id='word_1_42' title='bbox 2202 631 2510 718; x_wconf 57' lang='grc' dir='ltr'>ἐνεργείαις</span> <span class='ocrx_word' id='word_1_43' title='bbox 2540 631 2897 702; x_wconf 76' lang='grc' dir='ltr'>ἐγγινομένη.</span> 
     </span>
    </p>
   </div>
   <div class='ocr_carea' id='block_1_8' title="bbox 514 737 1456 815">
    <p class='ocr_par' dir='ltr' id='par_1_8' title="bbox 514 737 1456 815">
     <span class='ocr_line' id='line_1_8' title="bbox 514 737 1456 815; baseline -0.017 -13"><span class='ocrx_word' id='word_1_44' title='bbox 514 743 833 815; x_wconf 82' lang='lat' dir='ltr'><strong>operatione</strong></span> <span class='ocrx_word' id='word_1_45' title='bbox 890 740 1087 795; x_wconf 87' lang='lat' dir='ltr'><strong>animis</strong></span> <span class='ocrx_word' id='word_1_46' title='bbox 1141 737 1456 790; x_wconf 86' lang='lat' dir='ltr'><strong>innascens.</strong></span> 
     </span>
    </p>
   </div>
   <div class='ocr_carea' id='block_1_9' title="bbox 589 809 2098 902">
    <p class='ocr_par' dir='ltr' id='par_1_9' title="bbox 589 817 2098 902">
     <span class='ocr_line' id='line_1_9' title="bbox 589 817 2098 902; baseline -0.013 -12"><span class='ocrx_word' id='word_1_47' title='bbox 589 833 900 902; x_wconf 70' lang='lat' dir='ltr'><strong>Theologiae</strong></span> <span class='ocrx_word' id='word_1_48' title='bbox 941 826 1257 899; x_wconf 88' lang='lat' dir='ltr'><strong>mysterium</strong></span> <span class='ocrx_word' id='word_1_49' title='bbox 1289 824 1410 878; x_wconf 84' lang='lat' dir='ltr'><strong>ﬁdei</strong></span> <span class='ocrx_word' id='word_1_50' title='bbox 1445 821 1580 876; x_wconf 87' lang='lat' dir='ltr'><strong>nihil</strong></span> <span class='ocrx_word' id='word_1_51' title='bbox 1626 821 1858 876; x_wconf 85' lang='lat' dir='ltr'><strong>sollicite</strong></span> <span class='ocrx_word' id='word_1_52' title='bbox 1917 817 2098 888; x_wconf 89' lang='lat' dir='ltr'><strong>inqui-</strong></span> 
     </span>
    </p>
   </div>
   <div class='ocr_carea' id='block_1_10' title="bbox 2217 809 3726 902">
    <p class='ocr_par' dir='ltr' id='par_1_10' title="bbox 2279 809 3726 880">
     <span class='ocr_line' id='line_1_10' title="bbox 2279 809 3726 880; baseline 0.002 -18"><span class='ocrx_word' id='word_1_53' title='bbox 2279 811 2353 864; x_wconf 81' lang='grc' dir='ltr'><strong>Τὸ</strong></span> <span class='ocrx_word' id='word_1_54' title='bbox 2374 811 2474 878; x_wconf 82' lang='grc' dir='ltr'>τῆς</span> <span class='ocrx_word' id='word_1_55' title='bbox 2502 809 2781 878; x_wconf 86' lang='grc' dir='ltr'>θεολογίας</span> <span class='ocrx_word' id='word_1_56' title='bbox 2818 809 3117 880; x_wconf 86' lang='grc' dir='ltr'>μυστήριον</span> <span class='ocrx_word' id='word_1_57' title='bbox 3142 809 3240 880; x_wconf 81' lang='grc' dir='ltr'>τὴν</span> <span class='ocrx_word' id='word_1_58' title='bbox 3269 810 3334 862; x_wconf 67' lang='grc' dir='ltr'><strong>ἐκ</strong></span> <span class='ocrx_word' id='word_1_59' title='bbox 3367 809 3467 878; x_wconf 81' lang='grc' dir='ltr'>τῆς</span> <span class='ocrx_word' id='word_1_60' title='bbox 3521 810 3726 865; x_wconf 78' lang='grc' dir='ltr'>ἀϐασανί-</span> 
     </span>
    </p>
   </div>
   <div class='ocr_carea' id='block_1_11' title="bbox 521 903 2030 986">
    <p class='ocr_par' dir='ltr' id='par_1_11' title="bbox 521 913 2030 986">
     <span class='ocr_line' id='line_1_11' title="bbox 521 913 2030 986; baseline -0.012 -4"><span class='ocrx_word' id='word_1_61' title='bbox 521 928 693 982; x_wconf 89' lang='lat' dir='ltr'><strong>rentis</strong></span> <span class='ocrx_word' id='word_1_62' title='bbox 760 922 1133 978; x_wconf 85' lang='lat' dir='ltr'><strong>assensionem</strong></span> <span class='ocrx_word' id='word_1_63' title='bbox 1197 916 1446 986; x_wconf 84' lang='lat' dir='ltr'><strong>requirit.</strong></span> <span class='ocrx_word' id='word_1_64' title='bbox 1514 916 1681 968; x_wconf 88' lang='lat' dir='ltr'><strong>Deum</strong></span> <span class='ocrx_word' id='word_1_65' title='bbox 1748 913 1895 967; x_wconf 88' lang='lat' dir='ltr'><strong>enim</strong></span> <span class='ocrx_word' id='word_1_66' title='bbox 1956 927 2030 966; x_wconf 67' lang='lat' dir='ltr'><strong>es:</strong></span> 
     </span>
    </p>
   </div>
   <div class='ocr_carea' id='block_1_12' title="bbox 2215 903 3724 986">
    <p class='ocr_par' dir='ltr' id='par_1_12' title="bbox 2215 903 3724 973">
     <span class='ocr_line' id='line_1_12' title="bbox 2215 903 3724 973; baseline 0.003 -17"><span class='ocrx_word' id='word_1_67' title='bbox 2215 921 2336 956; x_wconf 86' lang='grc' dir='ltr'>στου</span> <span class='ocrx_word' id='word_1_68' title='bbox 2393 904 2631 966; x_wconf 84' lang='grc' dir='ltr'>πίστεως</span> <span class='ocrx_word' id='word_1_69' title='bbox 2691 903 2940 973; x_wconf 74' lang='grc' dir='ltr'>ἐπιζητεῖ</span> <span class='ocrx_word' id='word_1_70' title='bbox 3000 903 3427 970; x_wconf 78' lang='grc' dir='ltr'><strong>συγκατάθεσιν.</strong></span> <span class='ocrx_word' id='word_1_71' title='bbox 3490 904 3724 960; x_wconf 74' lang='grc' dir='ltr'>Πιστεῦσαι</span> 
     </span>
    </p>
   </div>
   <div class='ocr_carea' id='block_1_13' title="bbox 521 995 2030 1079">
    <p class='ocr_par' dir='ltr' id='par_1_13' title="bbox 521 1007 2030 1079">
     <span class='ocr_line' id='line_1_13' title="bbox 521 1007 2030 1079; baseline -0.013 -5"><span class='ocrx_word' id='word_1_72' title='bbox 521 1021 748 1074; x_wconf 89' lang='lat' dir='ltr'><strong>omnino</strong></span> <span class='ocrx_word' id='word_1_73' title='bbox 777 1015 1108 1071; x_wconf 88' lang='lat' dir='ltr'><strong>credendum</strong></span> <span class='ocrx_word' id='word_1_74' title='bbox 1141 1021 1262 1075; x_wconf 87' lang='lat' dir='ltr'><strong>est;</strong></span> <span class='ocrx_word' id='word_1_75' title='bbox 1295 1009 1426 1079; x_wconf 88' lang='lat' dir='ltr'><strong>quid</strong></span> <span class='ocrx_word' id='word_1_76' title='bbox 1462 1022 1590 1062; x_wconf 92' lang='lat' dir='ltr'><strong>vero</strong></span> <span class='ocrx_word' id='word_1_77' title='bbox 1620 1007 1710 1060; x_wconf 87' lang='lat' dir='ltr'><strong>ille</strong></span> <span class='ocrx_word' id='word_1_78' title='bbox 1747 1009 1837 1070; x_wconf 90' lang='lat' dir='ltr'><strong>sit,</strong></span> <span class='ocrx_word' id='word_1_79' title='bbox 1900 1022 2030 1074; x_wconf 78' lang='lat' dir='ltr'><strong>nequ</strong></span> 
     </span>
    </p>
   </div>
   <div class='ocr_carea' id='block_1_14' title="bbox 2206 995 3715 1079">
    <p class='ocr_par' dir='ltr' id='par_1_14' title="bbox 2207 995 3715 1068">
     <span class='ocr_line' id='line_1_14' title="bbox 2207 995 3715 1068; baseline 0.004 -23"><span class='ocrx_word' id='word_1_80' title='bbox 2207 996 2318 1065; x_wconf 80' lang='grc' dir='ltr'>γὰρ</span> <span class='ocrx_word' id='word_1_81' title='bbox 2346 997 2426 1048; x_wconf 89' lang='grc' dir='ltr'><strong>δεῖ</strong></span> <span class='ocrx_word' id='word_1_82' title='bbox 2451 997 2533 1048; x_wconf 83' lang='grc' dir='ltr'><strong>ὅτι</strong></span> <span class='ocrx_word' id='word_1_83' title='bbox 2562 996 2678 1048; x_wconf 81' lang='grc' dir='ltr'>ἐστι</span> <span class='ocrx_word' id='word_1_84' title='bbox 2719 995 2874 1062; x_wconf 74' lang='grc' dir='ltr'>Θεὸς,</span> <span class='ocrx_word' id='word_1_85' title='bbox 2908 995 3028 1066; x_wconf 75' lang='grc' dir='ltr'>οὐχὶ</span> <span class='ocrx_word' id='word_1_86' title='bbox 3060 995 3297 1064; x_wconf 76' lang='grc' dir='ltr'>ζητῆσαι</span> <span class='ocrx_word' id='word_1_87' title='bbox 3333 995 3428 1049; x_wconf 78' lang='grc' dir='ltr'><strong>καὶ</strong></span> <span class='ocrx_word' id='word_1_88' title='bbox 3456 995 3715 1068; x_wconf 75' lang='grc' dir='ltr'>λογομαχῆ-</span> 
     </span>
    </p>
   </div>
   <div class='ocr_carea' id='block_1_15' title="bbox 521 1086 2030 1181">
    <p class='ocr_par' dir='ltr' id='par_1_15' title="bbox 521 1096 2023 1181">
     <span class='ocr_line' id='line_1_15' title="bbox 521 1096 2023 1181; baseline -0.009 -16"><span class='ocrx_word' id='word_1_89' title='bbox 521 1125 685 1181; x_wconf 82' lang='lat' dir='ltr'><strong>quam</strong></span> <span class='ocrx_word' id='word_1_90' title='bbox 720 1107 994 1178; x_wconf 87' lang='lat' dir='ltr'><strong>inquirere</strong></span> <span class='ocrx_word' id='word_1_91' title='bbox 1022 1115 1115 1156; x_wconf 90' lang='lat' dir='ltr'><strong>aut</strong></span> <span class='ocrx_word' id='word_1_92' title='bbox 1146 1101 1427 1170; x_wconf 86' lang='lat' dir='ltr'><strong>disputare</strong></span> <span class='ocrx_word' id='word_1_93' title='bbox 1451 1099 1730 1154; x_wconf 85' lang='lat' dir='ltr'><strong>convenit.</strong></span> <span class='ocrx_word' id='word_1_94' title='bbox 1779 1096 2023 1165; x_wconf 84' lang='lat' dir='ltr'><strong>Denique</strong></span> 
     </span>
    </p>
   </div>
   <div class='ocr_carea' id='block_1_16' title="bbox 2214 1086 3723 1181">
    <p class='ocr_par' dir='ltr' id='par_1_16' title="bbox 2214 1086 3723 1158">
     <span class='ocr_line' id='line_1_16' title="bbox 2214 1086 3723 1158; baseline 0.004 -19"><span class='ocrx_word' id='word_1_95' title='bbox 2214 1104 2302 1140; x_wconf 90' lang='grc' dir='ltr'>σαι</span> <span class='ocrx_word' id='word_1_96' title='bbox 2326 1088 2410 1154; x_wconf 86' lang='grc' dir='ltr'>τὸ,</span> <span class='ocrx_word' id='word_1_97' title='bbox 2445 1087 2496 1140; x_wconf 88' lang='grc' dir='ltr'><strong>τί</strong></span> <span class='ocrx_word' id='word_1_98' title='bbox 2540 1089 2677 1140; x_wconf 75' lang='grc' dir='ltr'>ἐστι.</span> <span class='ocrx_word' id='word_1_99' title='bbox 2706 1087 2816 1140; x_wconf 72' lang='grc' dir='ltr'><strong>Καὶ</strong></span> <span class='ocrx_word' id='word_1_100' title='bbox 2846 1086 2983 1149; x_wconf 84' lang='grc' dir='ltr'>ὅλως</span> <span class='ocrx_word' id='word_1_101' title='bbox 3017 1088 3064 1140; x_wconf 87' lang='grc' dir='ltr'><strong>εί</strong></span> <span class='ocrx_word' id='word_1_102' title='bbox 3094 1090 3129 1158; x_wconf 73' lang='grc' dir='ltr'>ἡ</span> <span class='ocrx_word' id='word_1_103' title='bbox 3164 1089 3353 1151; x_wconf 83' lang='grc' dir='ltr'>πίστις</span> <span class='ocrx_word' id='word_1_104' title='bbox 3383 1089 3530 1141; x_wconf 71' lang='grc' dir='ltr'>ἐστὶν</span> <span class='ocrx_word' id='word_1_105' title='bbox 3561 1090 3723 1154; x_wconf 73' lang='grc' dir='ltr'>ἐλπίζοι</span> 
     </span>
    </p>
   </div>
   <div class='ocr_carea' id='block_1_17' title="bbox 525 1170 2034 1264">
    <p class='ocr_par' dir='ltr' id='par_1_17' title="bbox 525 1191 2034 1264">
     <span class='ocr_line' id='line_1_17' title="bbox 525 1191 2034 1264; baseline -0.009 -8"><span class='ocrx_word' id='word_1_106' title='bbox 525 1205 656 1258; x_wconf 89' lang='lat' dir='ltr'><strong>ﬁdes</strong></span> <span class='ocrx_word' id='word_1_107' title='bbox 680 1216 867 1256; x_wconf 88' lang='lat' dir='ltr'><strong>earum</strong></span> <span class='ocrx_word' id='word_1_108' title='bbox 904 1212 1114 1260; x_wconf 88' lang='lat' dir='ltr'><strong>rerum,</strong></span> <span class='ocrx_word' id='word_1_109' title='bbox 1147 1211 1274 1264; x_wconf 81' lang='lat' dir='ltr'><strong>quae</strong></span> <span class='ocrx_word' id='word_1_110' title='bbox 1293 1201 1601 1263; x_wconf 86' lang='lat' dir='ltr'><strong>sperantur,</strong></span> <span class='ocrx_word' id='word_1_111' title='bbox 1636 1191 1939 1245; x_wconf 79' lang='lat' dir='ltr'><strong>substantia</strong></span> <span class='ocrx_word' id='word_1_112' title='bbox 1999 1204 2034 1243; x_wconf 74' lang='lat' dir='ltr'><strong>e:</strong></span> 
     </span>
    </p>
   </div>
   <div class='ocr_carea' id='block_1_18' title="bbox 2215 1170 3724 1264">
    <p class='ocr_par' dir='ltr' id='par_1_18' title="bbox 2215 1170 3724 1254">
     <span class='ocr_line' id='line_1_18' title="bbox 2215 1170 3724 1254; baseline 0.004 -22"><span class='ocrx_word' id='word_1_113' title='bbox 2215 1179 2394 1249; x_wconf 77' lang='grc' dir='ltr'>μένων</span> <span class='ocrx_word' id='word_1_114' title='bbox 2418 1179 2720 1242; x_wconf 75' lang='grc' dir='ltr'><strong>ὑπόστασις</strong></span> <span class='ocrx_word' id='word_1_115' title='bbox 2750 1182 3119 1250; x_wconf 78' lang='grc' dir='ltr'><strong>πραγμάτων,</strong></span> <span class='ocrx_word' id='word_1_116' title='bbox 3160 1181 3384 1252; x_wconf 77' lang='grc' dir='ltr'>ἔλεγχος</span> <span class='ocrx_word' id='word_1_117' title='bbox 3415 1184 3476 1235; x_wconf 78' lang='grc' dir='ltr'>οὐ</span> <span class='ocrx_word' id='word_1_118' title='bbox 3509 1170 3724 1254; x_wconf 49' lang='lat' dir='ltr'><strong>piat-topi-</strong></span> 
     </span>
    </p>
   </div>
   <div class='ocr_carea' id='block_1_19' title="bbox 523 1269 2032 1366">
    <p class='ocr_par' dir='ltr' id='par_1_19' title="bbox 523 1293 2032 1366">
     <span class='ocr_line' id='line_1_19' title="bbox 523 1293 2032 1366; baseline -0.016 -12"><span class='ocrx_word' id='word_1_119' title='bbox 523 1307 572 1354; x_wconf 90' lang='lat' dir='ltr'><strong>et</strong></span> <span class='ocrx_word' id='word_1_120' title='bbox 602 1302 980 1366; x_wconf 75' lang='lat' dir='ltr'><strong>argumentum</strong></span> <span class='ocrx_word' id='word_1_121' title='bbox 1017 1305 1206 1345; x_wconf 89' lang='lat' dir='ltr'><strong>eorum</strong></span> <span class='ocrx_word' id='word_1_122' title='bbox 1249 1303 1368 1357; x_wconf 69' lang='lat' dir='ltr'><strong>qua:</strong></span> <span class='ocrx_word' id='word_1_123' title='bbox 1395 1301 1503 1340; x_wconf 91' lang='lat' dir='ltr'><strong>non</strong></span> <span class='ocrx_word' id='word_1_124' title='bbox 1531 1293 1817 1355; x_wconf 73' lang='lat' dir='ltr'><strong>apparent,</strong></span> <span class='ocrx_word' id='word_1_125' title='bbox 1855 1297 1921 1336; x_wconf 87' lang='lat' dir='ltr'><strong>tte</strong></span> <span class='ocrx_word' id='word_1_126' title='bbox 1968 1297 2032 1334; x_wconf 82' lang='lat' dir='ltr'><strong>cu</strong></span> 
     </span>
    </p>
   </div>
   <div class='ocr_carea' id='block_1_20' title="bbox 2217 1269 3726 1366">
    <p class='ocr_par' dir='ltr' id='par_1_20' title="bbox 2217 1269 3726 1344">
     <span class='ocr_line' id='line_1_20' title="bbox 2217 1269 3726 1344; baseline 0.004 -22"><span class='ocrx_word' id='word_1_127' title='bbox 2217 1288 2337 1331; x_wconf 89' lang='grc' dir='ltr'>νων,</span> <span class='ocrx_word' id='word_1_128' title='bbox 2359 1269 2434 1339; x_wconf 83' lang='grc' dir='ltr'>μὴ</span> <span class='ocrx_word' id='word_1_129' title='bbox 2465 1271 2761 1336; x_wconf 80' lang='grc' dir='ltr'>φιλονείκει</span> <span class='ocrx_word' id='word_1_130' title='bbox 2793 1271 2922 1324; x_wconf 85' lang='grc' dir='ltr'>ίδεῖν</span> <span class='ocrx_word' id='word_1_131' title='bbox 2945 1271 3045 1342; x_wconf 70' lang='grc' dir='ltr'>ἤδη</span> <span class='ocrx_word' id='word_1_132' title='bbox 3071 1274 3141 1326; x_wconf 83' lang='grc' dir='ltr'><strong>τά</strong></span> <span class='ocrx_word' id='word_1_133' title='bbox 3160 1275 3382 1343; x_wconf 80' lang='grc' dir='ltr'>μακρὰν</span> <span class='ocrx_word' id='word_1_134' title='bbox 3397 1275 3726 1344; x_wconf 76' lang='grc' dir='ltr'>ἀπῳκισμένα,</span> 
     </span>
    </p>
   </div>
   <div class='ocr_carea' id='block_1_21' title="bbox 527 1361 2036 1447">
    <p class='ocr_par' dir='ltr' id='par_1_21' title="bbox 527 1374 2036 1447">
     <span class='ocr_line' id='line_1_21' title="bbox 527 1374 2036 1447; baseline -0.013 -3"><span class='ocrx_word' id='word_1_135' title='bbox 527 1391 767 1447; x_wconf 88' lang='lat' dir='ltr'><strong>tenderis</strong></span> <span class='ocrx_word' id='word_1_136' title='bbox 798 1402 861 1442; x_wconf 88' lang='lat' dir='ltr'><strong>ea</strong></span> <span class='ocrx_word' id='word_1_137' title='bbox 894 1399 1040 1439; x_wconf 91' lang='lat' dir='ltr'><strong>nunc</strong></span> <span class='ocrx_word' id='word_1_138' title='bbox 1061 1383 1268 1444; x_wconf 90' lang='lat' dir='ltr'><strong>videre,</strong></span> <span class='ocrx_word' id='word_1_139' title='bbox 1311 1393 1428 1447; x_wconf 83' lang='lat' dir='ltr'><strong>quae</strong></span> <span class='ocrx_word' id='word_1_140' title='bbox 1459 1376 1650 1447; x_wconf 86' lang='lat' dir='ltr'><strong>procul</strong></span> <span class='ocrx_word' id='word_1_141' title='bbox 1711 1374 1903 1428; x_wconf 84' lang='lat' dir='ltr'><strong>dissita</strong></span> <span class='ocrx_word' id='word_1_142' title='bbox 1954 1390 2036 1427; x_wconf 83' lang='lat' dir='ltr'><strong>Slll</strong></span> 
     </span>
    </p>
   </div>
   <div class='ocr_carea' id='block_1_22' title="bbox 2219 1361 3728 1447">
    <p class='ocr_par' dir='ltr' id='par_1_22' title="bbox 2219 1361 3728 1439">
     <span class='ocr_line' id='line_1_22' title="bbox 2219 1361 3728 1439; baseline 0.004 -25"><span class='ocrx_word' id='word_1_143' title='bbox 2219 1363 2356 1432; x_wconf 86' lang='grc' dir='ltr'>μήτε</span> <span class='ocrx_word' id='word_1_144' title='bbox 2387 1362 2455 1414; x_wconf 75' lang='grc' dir='ltr'>τὰ</span> <span class='ocrx_word' id='word_1_145' title='bbox 2483 1361 2818 1432; x_wconf 76' lang='grc' dir='ltr'><strong>ἐλπιζόμενα</strong></span> <span class='ocrx_word' id='word_1_146' title='bbox 2848 1364 3135 1434; x_wconf 78' lang='grc' dir='ltr'>ἀμφίϐολα</span> <span class='ocrx_word' id='word_1_147' title='bbox 3179 1366 3554 1439; x_wconf 74' lang='grc' dir='ltr'>καταστήσῃς,</span> <span class='ocrx_word' id='word_1_148' title='bbox 3597 1368 3666 1420; x_wconf 71' lang='grc' dir='ltr'><strong>διὰ</strong></span> <span class='ocrx_word' id='word_1_149' title='bbox 3690 1371 3728 1420; x_wconf 65' lang='grc' dir='ltr'>τὸ</span> 
     </span>
    </p>
   </div>
   <div class='ocr_carea' id='block_1_23' title="bbox 526 1455 2035 1550">
    <p class='ocr_par' dir='ltr' id='par_1_23' title="bbox 526 1471 2030 1550">
     <span class='ocr_line' id='line_1_23' title="bbox 526 1471 2030 1550; baseline -0.015 -14"><span class='ocrx_word' id='word_1_150' title='bbox 526 1495 699 1550; x_wconf 89' lang='lat' dir='ltr'><strong>neque</strong></span> <span class='ocrx_word' id='word_1_151' title='bbox 723 1479 774 1530; x_wconf 91' lang='lat' dir='ltr'><strong>in</strong></span> <span class='ocrx_word' id='word_1_152' title='bbox 804 1476 1027 1531; x_wconf 87' lang='lat' dir='ltr'><strong>dubium</strong></span> <span class='ocrx_word' id='word_1_153' title='bbox 1059 1471 1272 1525; x_wconf 87' lang='lat' dir='ltr'><strong>vocaris</strong></span> <span class='ocrx_word' id='word_1_154' title='bbox 1288 1485 1348 1524; x_wconf 87' lang='lat' dir='ltr'><strong>ea</strong></span> <span class='ocrx_word' id='word_1_155' title='bbox 1377 1483 1499 1538; x_wconf 65' lang='lat' dir='ltr'><strong>qua)</strong></span> <span class='ocrx_word' id='word_1_156' title='bbox 1527 1472 1836 1536; x_wconf 86' lang='lat' dir='ltr'><strong>sperantur,</strong></span> <span class='ocrx_word' id='word_1_157' title='bbox 1871 1478 1936 1518; x_wconf 89' lang='lat' dir='ltr'><strong>eo</strong></span> <span class='ocrx_word' id='word_1_158' title='bbox 1962 1479 2030 1532; x_wconf 87' lang='lat' dir='ltr'><strong>qu</strong></span> 
     </span>
    </p>
   </div>
   <div class='ocr_carea' id='block_1_24' title="bbox 2220 1455 3729 1550">
    <p class='ocr_par' dir='ltr' id='par_1_24' title="bbox 2220 1455 3729 1529">
     <span class='ocr_line' id='line_1_24' title="bbox 2220 1455 3729 1529; baseline 0.005 -22"><span class='ocrx_word' id='word_1_159' title='bbox 2220 1457 2385 1524; x_wconf 82' lang='grc' dir='ltr'><strong>μήπω</strong></span> <span class='ocrx_word' id='word_1_160' title='bbox 2433 1455 2616 1509; x_wconf 84' lang='grc' dir='ltr'>αὐτῶν</span> <span class='ocrx_word' id='word_1_161' title='bbox 2666 1455 2932 1510; x_wconf 84' lang='grc' dir='ltr'>δύνασθαι</span> <span class='ocrx_word' id='word_1_162' title='bbox 2965 1458 3109 1512; x_wconf 83' lang='grc' dir='ltr'>κατὰ</span> <span class='ocrx_word' id='word_1_163' title='bbox 3155 1459 3254 1529; x_wconf 79' lang='grc' dir='ltr'><strong>τὴν</strong></span> <span class='ocrx_word' id='word_1_164' title='bbox 3296 1459 3502 1528; x_wconf 88' lang='grc' dir='ltr'>γνῶσιν</span> <span class='ocrx_word' id='word_1_165' title='bbox 3547 1462 3729 1528; x_wconf 71' lang='grc' dir='ltr'>ἐφάπτε-</span> 
     </span>
    </p>
   </div>
   <div class='ocr_carea' id='block_1_25' title="bbox 525 1550 2926 1641">
    <p class='ocr_par' dir='ltr' id='par_1_25' title="bbox 525 1550 2926 1641">
     <span class='ocr_line' id='line_1_25' title="bbox 525 1550 2926 1641; baseline -0.013 -16"><span class='ocrx_word' id='word_1_166' title='bbox 525 1574 641 1641; x_wconf 86' lang='lat' dir='ltr'><strong>ipsa</strong></span> <span class='ocrx_word' id='word_1_167' title='bbox 675 1567 986 1639; x_wconf 83' lang='lat' dir='ltr'><strong>cognitione</strong></span> <span class='ocrx_word' id='word_1_168' title='bbox 1015 1563 1257 1617; x_wconf 91' lang='lat' dir='ltr'><strong>nondum</strong></span> <span class='ocrx_word' id='word_1_169' title='bbox 1289 1559 1505 1628; x_wconf 87' lang='lat' dir='ltr'><strong>assequi</strong></span> <span class='ocrx_word' id='word_1_170' title='bbox 1537 1571 1730 1625; x_wconf 89' lang='lat' dir='ltr'><strong>queas.</strong></span> <span class='ocrx_word' id='word_1_171' title='bbox 2217 1550 2366 1602; x_wconf 84' lang='grc' dir='ltr'>σθαι.</span> <span class='ocrx_word' id='word_1_172' title='bbox 2922 1617 2926 1626; x_wconf 29' lang='grc'><em>’</em></span> 
     </span>
    </p>
   </div>
   <div class='ocr_carea' id='block_1_26' title="bbox 597 1627 2106 1738">
    <p class='ocr_par' dir='ltr' id='par_1_26' title="bbox 597 1627 2106 1738">
     <span class='ocr_line' id='line_1_26' title="bbox 597 1627 2106 1738; baseline -0.014 -20"><span class='ocrx_word' id='word_1_173' title='bbox 597 1663 759 1738; x_wconf 57' lang='grc' dir='ltr'>Βίιιθε</span> <span class='ocrx_word' id='word_1_174' title='bbox 792 1671 876 1716; x_wconf 85' lang='lat' dir='ltr'><strong>est</strong></span> <span class='ocrx_word' id='word_1_175' title='bbox 904 1669 1167 1713; x_wconf 89' lang='lat' dir='ltr'><strong>assensus</strong></span> <span class='ocrx_word' id='word_1_176' title='bbox 1196 1654 1262 1708; x_wconf 85' lang='lat' dir='ltr'><strong>de</strong></span> <span class='ocrx_word' id='word_1_177' title='bbox 1311 1653 1378 1706; x_wconf 90' lang='lat' dir='ltr'><strong>iis</strong></span> <span class='ocrx_word' id='word_1_178' title='bbox 1432 1627 1560 1718; x_wconf 70' lang='lat' dir='ltr'><strong>qum</strong></span> <span class='ocrx_word' id='word_1_179' title='bbox 1607 1647 1792 1701; x_wconf 89' lang='lat' dir='ltr'><strong>auditu</strong></span> <span class='ocrx_word' id='word_1_180' title='bbox 1842 1644 2106 1715; x_wconf 89' lang='lat' dir='ltr'><strong>percepit,</strong></span> 
     </span>
    </p>
   </div>
   <div class='ocr_carea' id='block_1_27' title="bbox 2220 1627 3729 1738">
    <p class='ocr_par' dir='ltr' id='par_1_27' title="bbox 2288 1627 3729 1713">
     <span class='ocr_line' id='line_1_27' title="bbox 2288 1627 3729 1713; baseline 0.004 -20"><span class='ocrx_word' id='word_1_181' title='bbox 2288 1642 2475 1704; x_wconf 82' lang='grc' dir='ltr'>Πίστις</span> <span class='ocrx_word' id='word_1_182' title='bbox 2520 1642 2637 1694; x_wconf 75' lang='grc' dir='ltr'>ἐστὶ</span> <span class='ocrx_word' id='word_1_183' title='bbox 2689 1627 3089 1709; x_wconf 75' lang='grc' dir='ltr'><strong>συγκατάθεσις</strong></span> <span class='ocrx_word' id='word_1_184' title='bbox 3121 1642 3439 1713; x_wconf 74' lang='grc' dir='ltr'><strong>ἀδιάκριτος</strong></span> <span class='ocrx_word' id='word_1_185' title='bbox 3468 1645 3571 1698; x_wconf 84' lang='grc' dir='ltr'><strong>τῶν</strong></span> <span class='ocrx_word' id='word_1_186' title='bbox 3610 1647 3729 1699; x_wconf 77' lang='grc' dir='ltr'>ἀκου-</span> 
     </span>
    </p>
   </div>
   <div class='ocr_carea' id='block_1_28' title="bbox 526 1733 2035 1823">
    <p class='ocr_par' dir='ltr' id='par_1_28' title="bbox 526 1737 2035 1823">
     <span class='ocr_line' id='line_1_28' title="bbox 526 1737 2035 1823; baseline -0.017 -9"><span class='ocrx_word' id='word_1_187' title='bbox 526 1759 662 1814; x_wconf 91' lang='lat' dir='ltr'><strong>nihil</strong></span> <span class='ocrx_word' id='word_1_188' title='bbox 693 1756 994 1823; x_wconf 81' lang='lat' dir='ltr'><strong>ambigens,</strong></span> <span class='ocrx_word' id='word_1_189' title='bbox 1024 1765 1146 1806; x_wconf 90' lang='lat' dir='ltr'><strong>cum</strong></span> <span class='ocrx_word' id='word_1_190' title='bbox 1175 1755 1320 1802; x_wconf 77' lang='lat' dir='ltr'><strong>certe</strong></span> <span class='ocrx_word' id='word_1_191' title='bbox 1346 1741 1708 1815; x_wconf 87' lang='lat' dir='ltr'><strong>persuasione</strong></span> <span class='ocrx_word' id='word_1_192' title='bbox 1735 1737 1978 1792; x_wconf 87' lang='lat' dir='ltr'><strong>veritatis</strong></span> <span class='ocrx_word' id='word_1_193' title='bbox 2017 1755 2035 1788; x_wconf 73' lang='grc' dir='ltr'><strong>ε</strong></span> 
     </span>
    </p>
   </div>
   <div class='ocr_carea' id='block_1_29' title="bbox 2224 1733 3733 1823">
    <p class='ocr_par' dir='ltr' id='par_1_29' title="bbox 2224 1733 3733 1808">
     <span class='ocr_line' id='line_1_29' title="bbox 2224 1733 3733 1808; baseline 0.003 -22"><span class='ocrx_word' id='word_1_194' title='bbox 2224 1733 2456 1788; x_wconf 79' lang='grc' dir='ltr'>σθέντων</span> <span class='ocrx_word' id='word_1_195' title='bbox 2481 1736 2538 1786; x_wconf 82' lang='grc' dir='ltr'>ἐν</span> <span class='ocrx_word' id='word_1_196' title='bbox 2567 1735 2910 1806; x_wconf 79' lang='grc' dir='ltr'>πληροφορίᾳ</span> <span class='ocrx_word' id='word_1_197' title='bbox 2935 1736 3033 1804; x_wconf 76' lang='grc' dir='ltr'>τῆς</span> <span class='ocrx_word' id='word_1_198' title='bbox 3055 1735 3332 1805; x_wconf 77' lang='grc' dir='ltr'><strong>ἀληθείας,</strong></span> <span class='ocrx_word' id='word_1_199' title='bbox 3354 1737 3464 1789; x_wconf 85' lang='grc' dir='ltr'><strong>τῶν</strong></span> <span class='ocrx_word' id='word_1_200' title='bbox 3485 1738 3733 1808; x_wconf 80' lang='grc' dir='ltr'>κηρυχθέν·</span> 
     </span>
    </p>
   </div>
   <div class='ocr_carea' id='block_1_30' title="bbox 531 1813 2040 1916">
    <p class='ocr_par' dir='ltr' id='par_1_30' title="bbox 531 1813 2038 1916">
     <span class='ocr_line' id='line_1_30' title="bbox 531 1813 2038 1916; baseline -0.016 -10"><span class='ocrx_word' id='word_1_201' title='bbox 531 1870 645 1907; x_wconf 89' lang='lat' dir='ltr'><strong>rum</strong></span> <span class='ocrx_word' id='word_1_202' title='bbox 677 1865 882 1912; x_wconf 87' lang='lat' dir='ltr'><strong>rerum,</strong></span> <span class='ocrx_word' id='word_1_203' title='bbox 913 1859 1036 1916; x_wconf 85' lang='lat' dir='ltr'><strong>quae</strong></span> <span class='ocrx_word' id='word_1_204' title='bbox 1065 1841 1157 1895; x_wconf 88' lang='lat' dir='ltr'><strong>Dei</strong></span> <span class='ocrx_word' id='word_1_205' title='bbox 1189 1813 1363 1910; x_wconf 74' lang='lat' dir='ltr'><strong>gratia</strong></span> <span class='ocrx_word' id='word_1_206' title='bbox 1389 1834 1693 1905; x_wconf 59' lang='lat' dir='ltr'><strong>praedicata</strong></span> <span class='ocrx_word' id='word_1_207' title='bbox 1727 1841 1874 1887; x_wconf 89' lang='lat' dir='ltr'><strong>sunt.</strong></span> <span class='ocrx_word' id='word_1_208' title='bbox 1939 1828 2038 1899; x_wconf 83' lang='lat' dir='ltr'><strong>Huj</strong></span> 
     </span>
    </p>
   </div>
   <div class='ocr_carea' id='block_1_31' title="bbox 2220 1813 3729 1916">
    <p class='ocr_par' dir='ltr' id='par_1_31' title="bbox 2220 1827 3729 1901">
     <span class='ocr_line' id='line_1_31' title="bbox 2220 1827 3729 1901; baseline 0.003 -21"><span class='ocrx_word' id='word_1_209' title='bbox 2220 1845 2324 1880; x_wconf 90' lang='grc' dir='ltr'><strong>των</strong></span> <span class='ocrx_word' id='word_1_210' title='bbox 2377 1827 2511 1880; x_wconf 81' lang='grc' dir='ltr'>Θεοῦ</span> <span class='ocrx_word' id='word_1_211' title='bbox 2589 1831 2796 1898; x_wconf 83' lang='grc' dir='ltr'>χάριτι,</span> <span class='ocrx_word' id='word_1_212' title='bbox 2850 1829 3044 1898; x_wconf 78' lang='grc' dir='ltr'>ἥντινα</span> <span class='ocrx_word' id='word_1_213' title='bbox 3111 1829 3428 1894; x_wconf 78' lang='grc' dir='ltr'><strong>ἐπεδείξατο</strong></span> <span class='ocrx_word' id='word_1_214' title='bbox 3499 1830 3729 1901; x_wconf 78' lang='grc' dir='ltr'>’Δϐραάμ,</span> 
     </span>
    </p>
   </div>
   <div class='ocr_carea' id='block_1_32' title="bbox 528 1918 2037 2012">
    <p class='ocr_par' dir='ltr' id='par_1_32' title="bbox 528 1924 2037 2012">
     <span class='ocr_line' id='line_1_32' title="bbox 528 1924 2037 2012; baseline -0.017 -12"><span class='ocrx_word' id='word_1_215' title='bbox 528 1943 838 2012; x_wconf 78' lang='lat' dir='ltr'><strong>exemplum</strong></span> <span class='ocrx_word' id='word_1_216' title='bbox 872 1948 966 1992; x_wconf 89' lang='lat' dir='ltr'><strong>aut</strong></span> <span class='ocrx_word' id='word_1_217' title='bbox 1023 1933 1300 2005; x_wconf 89' lang='lat' dir='ltr'><strong>specimen</strong></span> <span class='ocrx_word' id='word_1_218' title='bbox 1355 1927 1603 1982; x_wconf 81' lang='lat' dir='ltr'><strong>exhibuit</strong></span> <span class='ocrx_word' id='word_1_219' title='bbox 1660 1924 1958 1987; x_wconf 84' lang='lat' dir='ltr'><strong>Abraham,</strong></span> <span class='ocrx_word' id='word_1_220' title='bbox 2020 1935 2037 1974; x_wconf 84' lang='lat'><strong>(</strong></span> 
     </span>
    </p>
   </div>
   <div class='ocr_carea' id='block_1_33' title="bbox 2218 1918 3727 2012">
    <p class='ocr_par' dir='ltr' id='par_1_33' title="bbox 2222 1918 3727 2012">
     <span class='ocr_line' id='line_1_33' title="bbox 2222 1918 3727 2012; baseline 0.003 -41"><span class='ocrx_word' id='word_1_221' title='bbox 2222 1919 2630 2012; x_wconf 81' lang='grc' dir='ltr'>μαρτυρηθεὶς,</span> <span class='ocrx_word' id='word_1_222' title='bbox 2680 1921 2764 1974; x_wconf 85' lang='grc' dir='ltr'><strong>ὅτι</strong></span> <span class='ocrx_word' id='word_1_223' title='bbox 2824 1923 2885 2012; x_wconf 84' lang='grc' dir='ltr'>οὐ</span> <span class='ocrx_word' id='word_1_224' title='bbox 2936 1918 3298 1993; x_wconf 79' lang='grc' dir='ltr'>διεκρίθητῇ</span> <span class='ocrx_word' id='word_1_225' title='bbox 3349 1924 3607 1992; x_wconf 70' lang='grc' dir='ltr'>ἀπιστίᾳ,</span> <span class='ocrx_word' id='word_1_226' title='bbox 3647 1924 3727 1977; x_wconf 74' lang='grc' dir='ltr'>ἀλλ’</span> 
     </span>
    </p>
   </div>
   <div class='ocr_carea' id='block_1_34' title="bbox 527 2011 2036 2108">
    <p class='ocr_par' dir='ltr' id='par_1_34' title="bbox 527 2011 1982 2108">
     <span class='ocr_line' id='line_1_34' title="bbox 527 2011 1982 2108; baseline -0.014 -21"><span class='ocrx_word' id='word_1_227' title='bbox 527 2039 680 2108; x_wconf 75' lang='lat' dir='ltr'><strong>juxta</strong></span> <span class='ocrx_word' id='word_1_228' title='bbox 696 2011 1004 2100; x_wconf 68' lang='lat' dir='ltr'><strong>Scriptum</strong></span> <span class='ocrx_word' id='word_1_229' title='bbox 1044 2021 1411 2080; x_wconf 87' lang='lat' dir='ltr'><strong>testimonium</strong></span> <span class='ocrx_word' id='word_1_230' title='bbox 1436 2034 1544 2072; x_wconf 92' lang='lat' dir='ltr'><strong>non</strong></span> <span class='ocrx_word' id='word_1_231' title='bbox 1574 2017 1839 2072; x_wconf 83' lang='lat' dir='ltr'><strong>dubitavit</strong></span> <span class='ocrx_word' id='word_1_232' title='bbox 1885 2029 1982 2085; x_wconf 90' lang='lat' dir='ltr'><strong>per</strong></span> 
     </span>
    </p>
   </div>
   <div class='ocr_carea' id='block_1_35' title="bbox 2223 2011 3732 2108">
    <p class='ocr_par' dir='ltr' id='par_1_35' title="bbox 2223 2011 3732 2084">
     <span class='ocr_line' id='line_1_35' title="bbox 2223 2011 3732 2084; baseline 0.002 -20"><span class='ocrx_word' id='word_1_233' title='bbox 2223 2011 2598 2084; x_wconf 81' lang='grc' dir='ltr'>ἐνεδυναμώθη</span> <span class='ocrx_word' id='word_1_234' title='bbox 2652 2015 2718 2084; x_wconf 77' lang='grc' dir='ltr'>τῇ</span> <span class='ocrx_word' id='word_1_235' title='bbox 2770 2011 2988 2079; x_wconf 86' lang='grc' dir='ltr'>πίστει,</span> <span class='ocrx_word' id='word_1_236' title='bbox 3041 2014 3165 2076; x_wconf 86' lang='grc' dir='ltr'>δοὺς</span> <span class='ocrx_word' id='word_1_237' title='bbox 3212 2012 3371 2079; x_wconf 82' lang='grc' dir='ltr'>δόξαν</span> <span class='ocrx_word' id='word_1_238' title='bbox 3417 2013 3496 2084; x_wconf 82' lang='grc' dir='ltr'>τῷ</span> <span class='ocrx_word' id='word_1_239' title='bbox 3525 2014 3732 2083; x_wconf 73' lang='grc' dir='ltr'>Θεῷ,καὶ</span> 
     </span>
    </p>
   </div>
   <div class='ocr_carea' id='block_1_36' title="bbox 532 2104 2041 2186">
    <p class='ocr_par' dir='ltr' id='par_1_36' title="bbox 532 2104 2041 2186">
     <span class='ocr_line' id='line_1_36' title="bbox 532 2104 2041 2186; baseline -0.017 -3"><span class='ocrx_word' id='word_1_240' title='bbox 532 2104 931 2186; x_wconf 77' lang='lat' dir='ltr'><strong>credulitatem,</strong></span> <span class='ocrx_word' id='word_1_241' title='bbox 961 2118 1054 2174; x_wconf 89' lang='lat' dir='ltr'><strong>sed</strong></span> <span class='ocrx_word' id='word_1_242' title='bbox 1103 2116 1206 2169; x_wconf 87' lang='lat' dir='ltr'><strong>ﬁde</strong></span> <span class='ocrx_word' id='word_1_243' title='bbox 1233 2111 1589 2168; x_wconf 86' lang='lat' dir='ltr'><strong>conﬁrmatus</strong></span> <span class='ocrx_word' id='word_1_244' title='bbox 1620 2117 1724 2173; x_wconf 90' lang='lat' dir='ltr'><strong>est,</strong></span> <span class='ocrx_word' id='word_1_245' title='bbox 1753 2107 1862 2161; x_wconf 91' lang='lat' dir='ltr'><strong>Deo</strong></span> <span class='ocrx_word' id='word_1_246' title='bbox 1887 2105 2041 2177; x_wconf 70' lang='lat' dir='ltr'><strong>glori:</strong></span> 
     </span>
    </p>
   </div>
   <div class='ocr_carea' id='block_1_37' title="bbox 2222 2104 3731 2186">
    <p class='ocr_par' dir='ltr' id='par_1_37' title="bbox 2223 2104 3731 2177">
     <span class='ocr_line' id='line_1_37' title="bbox 2223 2104 3731 2177; baseline 0.003 -20"><span class='ocrx_word' id='word_1_247' title='bbox 2223 2104 2663 2175; x_wconf 79' lang='grc' dir='ltr'>πληροφορηθεὶς</span> <span class='ocrx_word' id='word_1_248' title='bbox 2691 2105 2774 2160; x_wconf 87' lang='grc' dir='ltr'>ὅτι</span> <span class='ocrx_word' id='word_1_249' title='bbox 2801 2105 2832 2159; x_wconf 82' lang='grc' dir='ltr'><strong>ὃ</strong></span> <span class='ocrx_word' id='word_1_250' title='bbox 2863 2105 3200 2177; x_wconf 73' lang='grc' dir='ltr'><strong>ἐπήγγελται</strong></span> <span class='ocrx_word' id='word_1_251' title='bbox 3231 2108 3384 2172; x_wconf 85' lang='grc' dir='ltr'>Θεὸς,</span> <span class='ocrx_word' id='word_1_252' title='bbox 3420 2108 3626 2172; x_wconf 79' lang='grc' dir='ltr'>δυνατός</span> <span class='ocrx_word' id='word_1_253' title='bbox 3652 2110 3731 2161; x_wconf 69' lang='grc' dir='ltr'>ἐστι</span> 
     </span>
    </p>
   </div>
   <div class='ocr_carea' id='block_1_38' title="bbox 537 2195 2046 2281">
    <p class='ocr_par' dir='ltr' id='par_1_38' title="bbox 537 2202 2041 2281">
     <span class='ocr_line' id='line_1_38' title="bbox 537 2202 2041 2281; baseline -0.015 -7"><span class='ocrx_word' id='word_1_254' title='bbox 537 2220 806 2281; x_wconf 88' lang='lat' dir='ltr'><strong>tribuens,</strong></span> <span class='ocrx_word' id='word_1_255' title='bbox 836 2223 889 2269; x_wconf 91' lang='lat' dir='ltr'><strong>et</strong></span> <span class='ocrx_word' id='word_1_256' title='bbox 916 2223 1062 2268; x_wconf 83' lang='lat' dir='ltr'><strong>certa</strong></span> <span class='ocrx_word' id='word_1_257' title='bbox 1112 2205 1281 2262; x_wconf 87' lang='lat' dir='ltr'><strong>animi</strong></span> <span class='ocrx_word' id='word_1_258' title='bbox 1334 2202 1535 2258; x_wconf 86' lang='lat' dir='ltr'><strong>ﬁducia</strong></span> <span class='ocrx_word' id='word_1_259' title='bbox 1596 2214 1912 2272; x_wconf 89' lang='lat' dir='ltr'><strong>persuasus,</strong></span> <span class='ocrx_word' id='word_1_260' title='bbox 1969 2212 2041 2268; x_wconf 88' lang='lat' dir='ltr'><strong>qu</strong></span> 
     </span>
    </p>
   </div>
   <div class='ocr_carea' id='block_1_39' title="bbox 1078 2195 2587 2281">
    <p class='ocr_par' dir='ltr' id='par_1_39' title="bbox 1112 2195 2587 2272">
     <span class='ocr_line' id='line_1_39' title="bbox 1112 2195 2587 2272; baseline -0.006 -10"><span class='ocrx_word' id='word_1_261' title='bbox 1112 2205 1281 2262; x_wconf 88' lang='lat' dir='ltr'><strong>animi</strong></span> <span class='ocrx_word' id='word_1_262' title='bbox 1334 2202 1535 2258; x_wconf 85' lang='lat' dir='ltr'><strong>ﬁducia</strong></span> <span class='ocrx_word' id='word_1_263' title='bbox 1596 2214 1912 2272; x_wconf 89' lang='lat' dir='ltr'><strong>persuasus,</strong></span> <span class='ocrx_word' id='word_1_264' title='bbox 1969 2195 2116 2268; x_wconf 89' lang='lat' dir='ltr'><strong>quod</strong></span> <span class='ocrx_word' id='word_1_265' title='bbox 2220 2201 2315 2254; x_wconf 75' lang='grc' dir='ltr'><strong>καὶ</strong></span> <span class='ocrx_word' id='word_1_266' title='bbox 2344 2201 2587 2270; x_wconf 80' lang='grc' dir='ltr'>ποιῆσαι.</span> 
     </span>
    </p>
   </div>
   <div class='ocr_carea' id='block_1_40' title="bbox 535 2292 1941 2381">
    <p class='ocr_par' dir='ltr' id='par_1_40' title="bbox 535 2292 1941 2381">
     <span class='ocr_line' id='line_1_40' title="bbox 535 2292 1941 2381; baseline -0.016 -15"><span class='ocrx_word' id='word_1_267' title='bbox 535 2326 654 2381; x_wconf 69' lang='lat' dir='ltr'><strong>quae</strong></span> <span class='ocrx_word' id='word_1_268' title='bbox 683 2305 933 2378; x_wconf 87' lang='lat' dir='ltr'><strong>promisit</strong></span> <span class='ocrx_word' id='word_1_269' title='bbox 963 2303 1127 2367; x_wconf 90' lang='lat' dir='ltr'><strong>Deus,</strong></span> <span class='ocrx_word' id='word_1_270' title='bbox 1157 2298 1343 2354; x_wconf 89' lang='lat' dir='ltr'><strong>eadem</strong></span> <span class='ocrx_word' id='word_1_271' title='bbox 1377 2304 1430 2350; x_wconf 91' lang='lat' dir='ltr'><strong>et</strong></span> <span class='ocrx_word' id='word_1_272' title='bbox 1460 2301 1717 2364; x_wconf 85' lang='lat' dir='ltr'><strong>praestare</strong></span> <span class='ocrx_word' id='word_1_273' title='bbox 1748 2292 1941 2360; x_wconf 89' lang='lat' dir='ltr'><strong>possit.</strong></span> 
     </span>
    </p>
   </div>
   <div class='ocr_carea' id='block_1_41' title="bbox 604 2379 2113 2472">
    <p class='ocr_par' dir='ltr' id='par_1_41' title="bbox 604 2381 2113 2472">
     <span class='ocr_line' id='line_1_41' title="bbox 604 2381 2113 2472; baseline -0.016 -14"><span class='ocrx_word' id='word_1_274' title='bbox 604 2401 763 2472; x_wconf 84' lang='lat' dir='ltr'><strong>Greg.</strong></span> <span class='ocrx_word' id='word_1_275' title='bbox 786 2395 1191 2463; x_wconf 83' lang='lat' dir='ltr'><strong>Thaumaturgi.</strong></span> <span class='ocrx_word' id='word_1_276' title='bbox 1218 2389 1549 2460; x_wconf 71' lang='lat' dir='ltr'><strong>Prtecipuam</strong></span> <span class='ocrx_word' id='word_1_277' title='bbox 1575 2386 1791 2456; x_wconf 87' lang='lat' dir='ltr'><strong>pietatis</strong></span> <span class='ocrx_word' id='word_1_278' title='bbox 1821 2397 2007 2437; x_wconf 87' lang='lat' dir='ltr'><strong>curam</strong></span> <span class='ocrx_word' id='word_1_279' title='bbox 2028 2381 2113 2435; x_wconf 90' lang='lat' dir='ltr'><strong>ha-</strong></span> 
     </span>
    </p>
   </div>
   <div class='ocr_carea' id='block_1_42' title="bbox 2226 2379 3735 2472">
    <p class='ocr_par' dir='ltr' id='par_1_42' title="bbox 2295 2379 3735 2456">
     <span class='ocr_line' id='line_1_42' title="bbox 2295 2379 3735 2456; baseline 0.002 -22"><span class='ocrx_word' id='word_1_280' title='bbox 2295 2379 2596 2444; x_wconf 81' lang='grc' dir='ltr'>Εὐσεδείας</span> <span class='ocrx_word' id='word_1_281' title='bbox 2624 2381 2718 2433; x_wconf 71' lang='grc' dir='ltr'><strong>ἐπὶ</strong></span> <span class='ocrx_word' id='word_1_282' title='bbox 2748 2382 2885 2435; x_wconf 79' lang='grc' dir='ltr'>πᾶσι</span> <span class='ocrx_word' id='word_1_283' title='bbox 2916 2384 3288 2452; x_wconf 79' lang='grc' dir='ltr'>φροντιστέον,</span> <span class='ocrx_word' id='word_1_284' title='bbox 3324 2385 3393 2456; x_wconf 72' lang='grc' dir='ltr'>ἢν</span> <span class='ocrx_word' id='word_1_285' title='bbox 3423 2386 3621 2456; x_wconf 82' lang='grc' dir='ltr'>μητέρα</span> <span class='ocrx_word' id='word_1_286' title='bbox 3642 2389 3735 2456; x_wconf 75' lang='grc' dir='ltr'><strong>φασὶ</strong></span> 
     </span>
    </p>
   </div>
   <div class='ocr_carea' id='block_1_43' title="bbox 537 2474 2046 2555">
    <p class='ocr_par' dir='ltr' id='par_1_43' title="bbox 537 2476 2046 2555">
     <span class='ocr_line' id='line_1_43' title="bbox 537 2476 2046 2555; baseline -0.017 -5"><span class='ocrx_word' id='word_1_287' title='bbox 537 2498 663 2550; x_wconf 88' lang='lat' dir='ltr'><strong>bere</strong></span> <span class='ocrx_word' id='word_1_288' title='bbox 695 2488 970 2550; x_wconf 85' lang='lat' dir='ltr'><strong>convenit,</strong></span> <span class='ocrx_word' id='word_1_289' title='bbox 1007 2497 1170 2555; x_wconf 89' lang='lat' dir='ltr'><strong>quam</strong></span> <span class='ocrx_word' id='word_1_290' title='bbox 1201 2496 1310 2535; x_wconf 91' lang='lat' dir='ltr'><strong>non</strong></span> <span class='ocrx_word' id='word_1_291' title='bbox 1359 2478 1635 2533; x_wconf 86' lang='lat' dir='ltr'><strong>immerito</strong></span> <span class='ocrx_word' id='word_1_292' title='bbox 1692 2476 1950 2529; x_wconf 87' lang='lat' dir='ltr'><strong>virtutum</strong></span> <span class='ocrx_word' id='word_1_293' title='bbox 2017 2489 2046 2542; x_wconf 86' lang='lat' dir='ltr'><strong>p</strong></span> 
     </span>
    </p>
   </div>
   <div class='ocr_carea' id='block_1_44' title="bbox 2224 2474 3733 2555">
    <p class='ocr_par' dir='ltr' id='par_1_44' title="bbox 2225 2474 3733 2549">
     <span class='ocr_line' id='line_1_44' title="bbox 2225 2474 3733 2549; baseline 0.005 -23"><span class='ocrx_word' id='word_1_294' title='bbox 2225 2474 2334 2528; x_wconf 83' lang='grc' dir='ltr'><strong>τῶν</strong></span> <span class='ocrx_word' id='word_1_295' title='bbox 2368 2474 2600 2544; x_wconf 81' lang='grc' dir='ltr'>ἀρετῶν,</span> <span class='ocrx_word' id='word_1_296' title='bbox 2629 2474 2806 2545; x_wconf 81' lang='grc' dir='ltr'>ὀρθῶς</span> <span class='ocrx_word' id='word_1_297' title='bbox 2831 2474 3104 2543; x_wconf 86' lang='grc' dir='ltr'>λέγοντες.</span> <span class='ocrx_word' id='word_1_298' title='bbox 3137 2476 3288 2548; x_wconf 76' lang='grc' dir='ltr'>Αῦτη</span> <span class='ocrx_word' id='word_1_299' title='bbox 3324 2478 3431 2549; x_wconf 85' lang='grc' dir='ltr'>γάρ</span> <span class='ocrx_word' id='word_1_300' title='bbox 3477 2481 3613 2533; x_wconf 72' lang='grc' dir='ltr'>ἐστιν</span> <span class='ocrx_word' id='word_1_301' title='bbox 3635 2479 3733 2549; x_wconf 76' lang='grc' dir='ltr'><strong>ἁρχὴ</strong></span> 
     </span>
    </p>
   </div>
   <div class='ocr_carea' id='block_1_45' title="bbox 537 2567 2046 2642">
    <p class='ocr_par' dir='ltr' id='par_1_45' title="bbox 537 2567 2046 2642">
     <span class='ocr_line' id='line_1_45' title="bbox 537 2567 2046 2642; baseline -0.015 0"><span class='ocrx_word' id='word_1_302' title='bbox 537 2594 746 2642; x_wconf 90' lang='lat' dir='ltr'><strong>rentem</strong></span> <span class='ocrx_word' id='word_1_303' title='bbox 783 2580 1092 2637; x_wconf 90' lang='lat' dir='ltr'><strong>nominant.</strong></span> <span class='ocrx_word' id='word_1_304' title='bbox 1153 2573 1276 2629; x_wconf 67' lang='lat' dir='ltr'><strong>Hatc</strong></span> <span class='ocrx_word' id='word_1_305' title='bbox 1332 2572 1478 2628; x_wconf 89' lang='lat' dir='ltr'><strong>enim</strong></span> <span class='ocrx_word' id='word_1_306' title='bbox 1529 2569 1776 2625; x_wconf 90' lang='lat' dir='ltr'><strong>omnium</strong></span> <span class='ocrx_word' id='word_1_307' title='bbox 1845 2567 2046 2620; x_wconf 88' lang='lat' dir='ltr'><strong>virtutu</strong></span> 
     </span>
    </p>
   </div>
   <div class='ocr_carea' id='block_1_46' title="bbox 1700 2567 3209 2642">
    <p class='ocr_par' dir='ltr' id='par_1_46' title="bbox 1700 2567 3209 2640">
     <span class='ocr_line' id='line_1_46' title="bbox 1700 2567 3209 2640; baseline 0.002 -18"><span class='ocrx_word' id='word_1_308' title='bbox 1700 2583 1776 2622; x_wconf 82' lang='lat' dir='ltr'><strong>tm</strong></span> <span class='ocrx_word' id='word_1_309' title='bbox 1845 2567 2111 2620; x_wconf 87' lang='lat' dir='ltr'><strong>virtutum</strong></span> <span class='ocrx_word' id='word_1_310' title='bbox 2229 2567 2324 2620; x_wconf 78' lang='grc' dir='ltr'><strong>καὶ</strong></span> <span class='ocrx_word' id='word_1_311' title='bbox 2351 2567 2578 2637; x_wconf 78' lang='grc' dir='ltr'>τελευτὴ</span> <span class='ocrx_word' id='word_1_312' title='bbox 2608 2567 2796 2622; x_wconf 85' lang='grc' dir='ltr'>πασῶν</span> <span class='ocrx_word' id='word_1_313' title='bbox 2828 2567 2936 2622; x_wconf 88' lang='grc' dir='ltr'><strong>τῶν</strong></span> <span class='ocrx_word' id='word_1_314' title='bbox 2973 2570 3209 2640; x_wconf 84' lang='grc' dir='ltr'>ἀρετῶν.</span> 
     </span>
    </p>
   </div>
   <div class='ocr_carea' id='block_1_47' title="bbox 539 2669 1244 2750">
    <p class='ocr_par' dir='ltr' id='par_1_47' title="bbox 539 2669 1244 2750">
     <span class='ocr_line' id='line_1_47' title="bbox 539 2669 1244 2750; baseline -0.021 -15"><span class='ocrx_word' id='word_1_315' title='bbox 539 2675 867 2750; x_wconf 90' lang='lat' dir='ltr'><strong>principium</strong></span> <span class='ocrx_word' id='word_1_316' title='bbox 901 2682 955 2727; x_wconf 91' lang='lat' dir='ltr'><strong>et</strong></span> <span class='ocrx_word' id='word_1_317' title='bbox 986 2669 1110 2725; x_wconf 90' lang='lat' dir='ltr'><strong>ﬁnis</strong></span> <span class='ocrx_word' id='word_1_318' title='bbox 1138 2676 1244 2723; x_wconf 85' lang='lat' dir='ltr'><strong>est.</strong></span> 
     </span>
    </p>
   </div>
   <div class='ocr_carea' id='block_1_48' title="bbox 616 2745 2125 2825">
    <p class='ocr_par' dir='ltr' id='par_1_48' title="bbox 616 2748 2125 2825">
     <span class='ocr_line' id='line_1_48' title="bbox 616 2748 2125 2825; baseline -0.016 0"><span class='ocrx_word' id='word_1_319' title='bbox 616 2768 691 2825; x_wconf 89' lang='lat' dir='ltr'><strong>Ut</strong></span> <span class='ocrx_word' id='word_1_320' title='bbox 736 2767 906 2822; x_wconf 83' lang='lat' dir='ltr'><strong>Deum</strong></span> <span class='ocrx_word' id='word_1_321' title='bbox 949 2773 1005 2818; x_wconf 92' lang='lat' dir='ltr'><strong>et</strong></span> <span class='ocrx_word' id='word_1_322' title='bbox 1027 2775 1248 2817; x_wconf 89' lang='lat' dir='ltr'><strong>causam</strong></span> <span class='ocrx_word' id='word_1_323' title='bbox 1297 2757 1480 2812; x_wconf 90' lang='lat' dir='ltr'><strong>omnia</strong></span> <span class='ocrx_word' id='word_1_324' title='bbox 1501 2754 1864 2809; x_wconf 87' lang='lat' dir='ltr'><strong>continentem</strong></span> <span class='ocrx_word' id='word_1_325' title='bbox 1895 2748 2125 2805; x_wconf 75' lang='lat' dir='ltr'><strong>efﬁcien-</strong></span> 
     </span>
    </p>
   </div>
   <div class='ocr_carea' id='block_1_49' title="bbox 2223 2745 3732 2825">
    <p class='ocr_par' dir='ltr' id='par_1_49' title="bbox 2301 2745 3732 2821">
     <span class='ocr_line' id='line_1_49' title="bbox 2301 2745 3732 2821; baseline 0 -19"><span class='ocrx_word' id='word_1_326' title='bbox 2301 2745 2376 2802; x_wconf 85' lang='grc' dir='ltr'><strong>Τὸ</strong></span> <span class='ocrx_word' id='word_1_327' title='bbox 2429 2747 2628 2801; x_wconf 82' lang='grc' dir='ltr'>εἰδέναι</span> <span class='ocrx_word' id='word_1_328' title='bbox 2670 2745 2805 2800; x_wconf 83' lang='grc' dir='ltr'>Θεὸν</span> <span class='ocrx_word' id='word_1_329' title='bbox 2832 2746 2926 2801; x_wconf 79' lang='grc' dir='ltr'><strong>καὶ</strong></span> <span class='ocrx_word' id='word_1_330' title='bbox 2955 2746 3054 2817; x_wconf 82' lang='grc' dir='ltr'>τὴν</span> <span class='ocrx_word' id='word_1_331' title='bbox 3101 2745 3326 2802; x_wconf 80' lang='grc' dir='ltr'>πάντων</span> <span class='ocrx_word' id='word_1_332' title='bbox 3370 2751 3669 2821; x_wconf 62' lang='grc' dir='ltr'>συνεκτικὴν</span> <span class='ocrx_word' id='word_1_333' title='bbox 3694 2769 3732 2803; x_wconf 82' lang='grc' dir='ltr'><strong>τε</strong></span> 
     </span>
    </p>
   </div>
   <div class='ocr_carea' id='block_1_50' title="bbox 542 2840 2051 2930">
    <p class='ocr_par' dir='ltr' id='par_1_50' title="bbox 542 2841 2051 2930">
     <span class='ocr_line' id='line_1_50' title="bbox 542 2841 2051 2930; baseline -0.014 -15"><span class='ocrx_word' id='word_1_334' title='bbox 542 2870 765 2930; x_wconf 84' lang='lat' dir='ltr'><strong>temque</strong></span> <span class='ocrx_word' id='word_1_335' title='bbox 808 2866 1230 2926; x_wconf 71' lang='lat' dir='ltr'><strong>cognoscamus,</strong></span> <span class='ocrx_word' id='word_1_336' title='bbox 1273 2861 1385 2905; x_wconf 90' lang='lat' dir='ltr'><strong>tum</strong></span> <span class='ocrx_word' id='word_1_337' title='bbox 1434 2849 1555 2902; x_wconf 88' lang='lat' dir='ltr'><strong>visu</strong></span> <span class='ocrx_word' id='word_1_338' title='bbox 1602 2855 1716 2900; x_wconf 91' lang='lat' dir='ltr'><strong>tum</strong></span> <span class='ocrx_word' id='word_1_339' title='bbox 1763 2852 1971 2898; x_wconf 62' lang='lat' dir='ltr'><strong>natura:</strong></span> <span class='ocrx_word' id='word_1_340' title='bbox 2012 2841 2051 2895; x_wconf 68' lang='lat' dir='ltr'><strong>le</strong></span> 
     </span>
    </p>
   </div>
   <div class='ocr_carea' id='block_1_51' title="bbox 2222 2840 3731 2930">
    <p class='ocr_par' dir='ltr' id='par_1_51' title="bbox 2231 2840 3731 2911">
     <span class='ocr_line' id='line_1_51' title="bbox 2231 2840 3731 2911; baseline -0.001 -17"><span class='ocrx_word' id='word_1_341' title='bbox 2231 2842 2328 2894; x_wconf 74' lang='grc' dir='ltr'>καὶ</span> <span class='ocrx_word' id='word_1_342' title='bbox 2360 2840 2654 2910; x_wconf 77' lang='grc' dir='ltr'>ποιητικὴν</span> <span class='ocrx_word' id='word_1_343' title='bbox 2689 2842 2892 2906; x_wconf 76' lang='grc' dir='ltr'>αἰτίαν,</span> <span class='ocrx_word' id='word_1_344' title='bbox 2950 2842 3046 2894; x_wconf 78' lang='grc' dir='ltr'><strong>καὶ</strong></span> <span class='ocrx_word' id='word_1_345' title='bbox 3094 2840 3216 2911; x_wconf 73' lang='grc' dir='ltr'>ὕψις</span> <span class='ocrx_word' id='word_1_346' title='bbox 3255 2841 3583 2906; x_wconf 80' lang='grc' dir='ltr'>διδάσκαλος,</span> <span class='ocrx_word' id='word_1_347' title='bbox 3625 2843 3731 2896; x_wconf 73' lang='grc' dir='ltr'><strong>καὶὸ</strong></span> 
     </span>
    </p>
   </div>
   <div class='ocr_carea' id='block_1_52' title="bbox 540 2933 2049 3015">
    <p class='ocr_par' dir='ltr' id='par_1_52' title="bbox 540 2933 2049 3015">
     <span class='ocr_line' id='line_1_52' title="bbox 540 2933 2049 3015; baseline -0.018 -3"><span class='ocrx_word' id='word_1_348' title='bbox 540 2957 802 3015; x_wconf 83' lang='lat' dir='ltr'><strong>docemur</strong></span> <span class='ocrx_word' id='word_1_349' title='bbox 832 2967 846 3005; x_wconf 90' lang='lat'><strong>:</strong></span> <span class='ocrx_word' id='word_1_350' title='bbox 878 2950 973 3004; x_wconf 92' lang='lat' dir='ltr'><strong>illo</strong></span> <span class='ocrx_word' id='word_1_351' title='bbox 1007 2945 1286 3008; x_wconf 87' lang='lat' dir='ltr'><strong>nimirum,</strong></span> <span class='ocrx_word' id='word_1_352' title='bbox 1312 2943 1438 2997; x_wconf 90' lang='lat' dir='ltr'><strong>dum</strong></span> <span class='ocrx_word' id='word_1_353' title='bbox 1471 2954 1558 2994; x_wconf 87' lang='lat' dir='ltr'><strong>res</strong></span> <span class='ocrx_word' id='word_1_354' title='bbox 1585 2937 1826 2992; x_wconf 85' lang='lat' dir='ltr'><strong>visibiles</strong></span> <span class='ocrx_word' id='word_1_355' title='bbox 1843 2944 1896 2989; x_wconf 92' lang='lat' dir='ltr'><strong>ct</strong></span> <span class='ocrx_word' id='word_1_356' title='bbox 1921 2933 2049 2988; x_wconf 89' lang='lat' dir='ltr'><strong>solit</strong></span> 
     </span>
    </p>
   </div>
   <div class='ocr_carea' id='block_1_53' title="bbox 2222 2933 3731 3015">
    <p class='ocr_par' dir='ltr' id='par_1_53' title="bbox 2233 2934 3731 3006">
     <span class='ocr_line' id='line_1_53' title="bbox 2233 2934 3731 3006; baseline 0.004 -22"><span class='ocrx_word' id='word_1_357' title='bbox 2233 2935 2460 3002; x_wconf 80' lang='grc' dir='ltr'>φυσικὸς</span> <span class='ocrx_word' id='word_1_358' title='bbox 2483 2934 2680 3004; x_wconf 79' lang='grc' dir='ltr'>νόμος⁶</span> <span class='ocrx_word' id='word_1_359' title='bbox 2713 2936 2747 3003; x_wconf 80' lang='grc' dir='ltr'>ἠ</span> <span class='ocrx_word' id='word_1_360' title='bbox 2774 2934 2871 3004; x_wconf 84' lang='grc' dir='ltr'>μὲν</span> <span class='ocrx_word' id='word_1_361' title='bbox 2902 2936 3014 2998; x_wconf 90' lang='grc' dir='ltr'>τοῖς</span> <span class='ocrx_word' id='word_1_362' title='bbox 3041 2936 3343 3003; x_wconf 81' lang='grc' dir='ltr'>ὁρωμένοις</span> <span class='ocrx_word' id='word_1_363' title='bbox 3375 2937 3731 3006; x_wconf 70' lang='grc' dir='ltr'>προσϐάλλουσι</span> 
     </span>
    </p>
   </div>
   <div class='ocr_carea' id='block_1_54' title="bbox 540 3027 2049 3118">
    <p class='ocr_par' dir='ltr' id='par_1_54' title="bbox 540 3027 2038 3118">
     <span class='ocr_line' id='line_1_54' title="bbox 540 3027 2038 3118; baseline -0.017 -12"><span class='ocrx_word' id='word_1_364' title='bbox 540 3056 747 3118; x_wconf 87' lang='lat' dir='ltr'><strong>spectat</strong></span> <span class='ocrx_word' id='word_1_365' title='bbox 781 3062 798 3113; x_wconf 87' lang='lat'><strong>;</strong></span> <span class='ocrx_word' id='word_1_366' title='bbox 833 3046 936 3099; x_wconf 90' lang='lat' dir='ltr'><strong>hac</strong></span> <span class='ocrx_word' id='word_1_367' title='bbox 958 3055 1111 3106; x_wconf 85' lang='lat' dir='ltr'><strong>vero,</strong></span> <span class='ocrx_word' id='word_1_368' title='bbox 1139 3041 1266 3095; x_wconf 89' lang='lat' dir='ltr'><strong>dum</strong></span> <span class='ocrx_word' id='word_1_369' title='bbox 1300 3052 1367 3093; x_wconf 81' lang='lat' dir='ltr'><strong>ex</strong></span> <span class='ocrx_word' id='word_1_370' title='bbox 1400 3037 1520 3091; x_wconf 88' lang='lat' dir='ltr'><strong>visu</strong></span> <span class='ocrx_word' id='word_1_371' title='bbox 1580 3031 1810 3102; x_wconf 77' lang='lat' dir='ltr'><strong>cognitis</strong></span> <span class='ocrx_word' id='word_1_372' title='bbox 1837 3039 1892 3084; x_wconf 88' lang='lat' dir='ltr'><strong>et</strong></span> <span class='ocrx_word' id='word_1_373' title='bbox 1938 3027 2038 3083; x_wconf 90' lang='lat' dir='ltr'><strong>ord</strong></span> 
     </span>
    </p>
   </div>
   <div class='ocr_carea' id='block_1_55' title="bbox 2224 3027 3733 3118">
    <p class='ocr_par' dir='ltr' id='par_1_55' title="bbox 2232 3027 3733 3099">
     <span class='ocr_line' id='line_1_55' title="bbox 2232 3027 3733 3099; baseline 0.001 -20"><span class='ocrx_word' id='word_1_374' title='bbox 2232 3027 2328 3080; x_wconf 73' lang='lat' dir='ltr'><strong>xui.</strong></span> <span class='ocrx_word' id='word_1_375' title='bbox 2372 3027 2700 3097; x_wconf 86' lang='grc' dir='ltr'>πεπηγόσιν,</span> <span class='ocrx_word' id='word_1_376' title='bbox 2751 3030 2780 3081; x_wconf 85' lang='grc' dir='ltr'>ὁ</span> <span class='ocrx_word' id='word_1_377' title='bbox 2821 3027 2880 3079; x_wconf 81' lang='grc' dir='ltr'>δὲ</span> <span class='ocrx_word' id='word_1_378' title='bbox 2908 3027 2978 3080; x_wconf 86' lang='grc' dir='ltr'>δι’</span> <span class='ocrx_word' id='word_1_379' title='bbox 3022 3027 3202 3081; x_wconf 78' lang='grc' dir='ltr'>αὐτῶν</span> <span class='ocrx_word' id='word_1_380' title='bbox 3233 3029 3345 3082; x_wconf 89' lang='grc' dir='ltr'><strong>τῶν</strong></span> <span class='ocrx_word' id='word_1_381' title='bbox 3373 3031 3644 3099; x_wconf 79' lang='grc' dir='ltr'><strong>ὁρωμένων</strong></span> <span class='ocrx_word' id='word_1_382' title='bbox 3668 3032 3733 3082; x_wconf 66' lang='grc' dir='ltr'><strong>καὶ</strong></span> 
     </span>
    </p>
   </div>
   <div class='ocr_carea' id='block_1_56' title="bbox 539 3119 2048 3217">
    <p class='ocr_par' dir='ltr' id='par_1_56' title="bbox 539 3121 2048 3212">
     <span class='ocr_line' id='line_1_56' title="bbox 539 3121 2048 3212; baseline -0.017 -13"><span class='ocrx_word' id='word_1_383' title='bbox 539 3141 822 3212; x_wconf 88' lang='lat' dir='ltr'><strong>dispositis</strong></span> <span class='ocrx_word' id='word_1_384' title='bbox 843 3149 1119 3193; x_wconf 88' lang='lat' dir='ltr'><strong>summum</strong></span> <span class='ocrx_word' id='word_1_385' title='bbox 1149 3133 1340 3187; x_wconf 88' lang='lat' dir='ltr'><strong>ducem</strong></span> <span class='ocrx_word' id='word_1_386' title='bbox 1389 3138 1445 3185; x_wconf 90' lang='lat' dir='ltr'><strong>et</strong></span> <span class='ocrx_word' id='word_1_387' title='bbox 1490 3125 1738 3196; x_wconf 88' lang='lat' dir='ltr'><strong>opiﬁcem</strong></span> <span class='ocrx_word' id='word_1_388' title='bbox 1802 3121 2048 3178; x_wconf 88' lang='lat' dir='ltr'><strong>consider</strong></span> 
     </span>
    </p>
   </div>
   <div class='ocr_carea' id='block_1_57' title="bbox 2179 3119 3688 3217">
    <p class='ocr_par' dir='ltr' id='par_1_57' title="bbox 2179 3119 3688 3217">
     <span class='ocr_line' id='line_1_57' title="bbox 2179 3119 3688 3217; baseline 0.003 -45"><span class='ocrx_word' id='word_1_389' title='bbox 2179 3120 2582 3217; x_wconf 61' lang='grc' dir='ltr'><strong>³⁵τεταγμένων</strong></span> <span class='ocrx_word' id='word_1_390' title='bbox 2614 3119 2706 3172; x_wconf 82' lang='grc' dir='ltr'>τὸν</span> <span class='ocrx_word' id='word_1_391' title='bbox 2744 3119 2991 3190; x_wconf 83' lang='grc' dir='ltr'>ἀρχηγὸν</span> <span class='ocrx_word' id='word_1_392' title='bbox 3029 3120 3218 3174; x_wconf 86' lang='grc' dir='ltr'>τοῦτον</span> <span class='ocrx_word' id='word_1_393' title='bbox 3259 3121 3688 3192; x_wconf 77' lang='grc' dir='ltr'>συλλογιζόμενος.</span> 
     </span>
    </p>
   </div>
   <div class='ocr_carea' id='block_1_58' title="bbox 612 3211 2121 3301">
    <p class='ocr_par' dir='ltr' id='par_1_58' title="bbox 612 3211 2121 3301">
     <span class='ocr_line' id='line_1_58' title="bbox 612 3211 2121 3301; baseline -0.018 -10"><span class='ocrx_word' id='word_1_394' title='bbox 612 3211 779 3290; x_wconf 79' lang='lat' dir='ltr'><strong>&#39;l‘ecto</strong></span> <span class='ocrx_word' id='word_1_395' title='bbox 815 3230 967 3301; x_wconf 89' lang='lat' dir='ltr'><strong>pulsa</strong></span> <span class='ocrx_word' id='word_1_396' title='bbox 1001 3236 1053 3281; x_wconf 91' lang='lat' dir='ltr'><strong>et</strong></span> <span class='ocrx_word' id='word_1_397' title='bbox 1079 3226 1182 3281; x_wconf 88' lang='lat' dir='ltr'><strong>sub</strong></span> <span class='ocrx_word' id='word_1_398' title='bbox 1200 3223 1292 3277; x_wconf 92' lang='lat' dir='ltr'><strong>dio</strong></span> <span class='ocrx_word' id='word_1_399' title='bbox 1323 3235 1490 3291; x_wconf 81' lang='lat' dir='ltr'><strong>agens</strong></span> <span class='ocrx_word' id='word_1_400' title='bbox 1520 3218 1670 3281; x_wconf 89' lang='lat' dir='ltr'><strong>ﬁdes,</strong></span> <span class='ocrx_word' id='word_1_401' title='bbox 1711 3215 1766 3287; x_wconf 65' lang='grc'><strong>4</strong></span> <span class='ocrx_word' id='word_1_402' title='bbox 1811 3221 2121 3282; x_wconf 86' lang='lat' dir='ltr'><strong>sumptuosa</strong></span> 
     </span>
    </p>
   </div>
   <div class='ocr_carea' id='block_1_59' title="bbox 2223 3211 3732 3301">
    <p class='ocr_par' dir='ltr' id='par_1_59' title="bbox 2307 3211 3732 3284">
     <span class='ocr_line' id='line_1_59' title="bbox 2307 3211 3732 3284; baseline 0.001 -19"><span class='ocrx_word' id='word_1_403' title='bbox 2307 3214 2579 3284; x_wconf 83' lang='grc' dir='ltr'>Κρεῖσσον</span> <span class='ocrx_word' id='word_1_404' title='bbox 2613 3211 2900 3282; x_wconf 83' lang='grc' dir='ltr'>ὑπαίθριος</span> <span class='ocrx_word' id='word_1_405' title='bbox 2935 3213 3119 3276; x_wconf 86' lang='grc' dir='ltr'>πίστις</span> <span class='ocrx_word' id='word_1_406' title='bbox 3151 3213 3480 3278; x_wconf 81' lang='grc' dir='ltr'>πολυτελοῦς</span> <span class='ocrx_word' id='word_1_407' title='bbox 3515 3216 3732 3277; x_wconf 73' lang='grc' dir='ltr'>ἀσεϐείας,</span> 
     </span>
    </p>
   </div>
   <div class='ocr_carea' id='block_1_60' title="bbox 543 3303 2052 3397">
    <p class='ocr_par' dir='ltr' id='par_1_60' title="bbox 543 3306 2042 3397">
     <span class='ocr_line' id='line_1_60' title="bbox 543 3306 2042 3397; baseline -0.017 -14"><span class='ocrx_word' id='word_1_408' title='bbox 543 3327 816 3397; x_wconf 88' lang='lat' dir='ltr'><strong>impietate</strong></span> <span class='ocrx_word' id='word_1_409' title='bbox 846 3319 1193 3392; x_wconf 66' lang='lat' dir='ltr'><strong>praestantior</strong></span> <span class='ocrx_word' id='word_1_410' title='bbox 1221 3324 1326 3376; x_wconf 89' lang='lat' dir='ltr'><strong>est,</strong></span> <span class='ocrx_word' id='word_1_411' title='bbox 1347 3321 1403 3368; x_wconf 91' lang='lat' dir='ltr'><strong>et</strong></span> <span class='ocrx_word' id='word_1_412' title='bbox 1435 3321 1544 3366; x_wconf 91' lang='lat' dir='ltr'><strong>tres</strong></span> <span class='ocrx_word' id='word_1_413' title='bbox 1571 3309 1626 3363; x_wconf 92' lang='lat' dir='ltr'><strong>in</strong></span> <span class='ocrx_word' id='word_1_414' title='bbox 1656 3308 1876 3362; x_wconf 90' lang='lat' dir='ltr'><strong>nomine</strong></span> <span class='ocrx_word' id='word_1_415' title='bbox 1909 3306 2042 3359; x_wconf 89' lang='lat' dir='ltr'><strong>Dom</strong></span> 
     </span>
    </p>
   </div>
   <div class='ocr_carea' id='block_1_61' title="bbox 2226 3303 3735 3397">
    <p class='ocr_par' dir='ltr' id='par_1_61' title="bbox 2236 3303 3735 3378">
     <span class='ocr_line' id='line_1_61' title="bbox 2236 3303 3735 3378; baseline 0.001 -20"><span class='ocrx_word' id='word_1_416' title='bbox 2236 3305 2330 3358; x_wconf 72' lang='grc' dir='ltr'><strong>καὶ</strong></span> <span class='ocrx_word' id='word_1_417' title='bbox 2387 3305 2540 3374; x_wconf 83' lang='grc' dir='ltr'>τρεῖς</span> <span class='ocrx_word' id='word_1_418' title='bbox 2598 3305 2930 3372; x_wconf 75' lang='grc' dir='ltr'>συνηγμένοι</span> <span class='ocrx_word' id='word_1_419' title='bbox 2969 3303 3031 3356; x_wconf 80' lang='grc' dir='ltr'>ὲν</span> <span class='ocrx_word' id='word_1_420' title='bbox 3059 3304 3284 3374; x_wconf 87' lang='grc' dir='ltr'>ὀνόματι</span> <span class='ocrx_word' id='word_1_421' title='bbox 3338 3304 3530 3378; x_wconf 79' lang='grc' dir='ltr'>Κυρίου</span> <span class='ocrx_word' id='word_1_422' title='bbox 3573 3308 3735 3360; x_wconf 76' lang='grc' dir='ltr'>πολλῶν</span> 
     </span>
    </p>
   </div>
   <div class='ocr_carea' id='block_1_62' title="bbox 541 3395 2050 3489">
    <p class='ocr_par' dir='ltr' id='par_1_62' title="bbox 541 3395 2050 3489">
     <span class='ocr_line' id='line_1_62' title="bbox 541 3395 2050 3489; baseline -0.017 -14"><span class='ocrx_word' id='word_1_423' title='bbox 541 3395 872 3489; x_wconf 82' lang='lat' dir='ltr'><strong>congregati,</strong></span> <span class='ocrx_word' id='word_1_424' title='bbox 910 3409 1095 3466; x_wconf 88' lang='lat' dir='ltr'><strong>multis</strong></span> <span class='ocrx_word' id='word_1_425' title='bbox 1117 3407 1458 3463; x_wconf 82' lang='lat' dir='ltr'><strong>divinitatem</strong></span> <span class='ocrx_word' id='word_1_426' title='bbox 1504 3400 1832 3472; x_wconf 79' lang='lat' dir='ltr'><strong>negantibus</strong></span> <span class='ocrx_word' id='word_1_427' title='bbox 1893 3404 2050 3452; x_wconf 89' lang='lat' dir='ltr'><strong>antec</strong></span> 
     </span>
    </p>
   </div>
   <div class='ocr_carea' id='block_1_63' title="bbox 1360 3395 2869 3489">
    <p class='ocr_par' dir='ltr' id='par_1_63' title="bbox 1360 3395 2869 3472">
     <span class='ocr_line' id='line_1_63' title="bbox 1360 3395 2869 3472; baseline -0.005 -13"><span class='ocrx_word' id='word_1_428' title='bbox 1360 3414 1458 3459; x_wconf 83' lang='lat' dir='ltr'><strong>tem</strong></span> <span class='ocrx_word' id='word_1_429' title='bbox 1504 3400 1832 3472; x_wconf 79' lang='lat' dir='ltr'><strong>negantibus</strong></span> <span class='ocrx_word' id='word_1_430' title='bbox 1893 3395 2134 3452; x_wconf 89' lang='lat' dir='ltr'><strong>antecel-</strong></span> <span class='ocrx_word' id='word_1_431' title='bbox 2236 3397 2589 3468; x_wconf 83' lang='grc' dir='ltr'>ἀρνουμένων</span> <span class='ocrx_word' id='word_1_432' title='bbox 2619 3396 2869 3467; x_wconf 85' lang='grc' dir='ltr'>θεότητα.</span> 
     </span>
    </p>
   </div>
   <div class='ocr_carea' id='block_1_64' title="bbox 543 3515 686 3568">
    <p class='ocr_par' dir='ltr' id='par_1_64' title="bbox 543 3515 686 3568">
     <span class='ocr_line' id='line_1_64' title="bbox 543 3515 686 3568; baseline -0.007 0"><span class='ocrx_word' id='word_1_433' title='bbox 543 3515 686 3568; x_wconf 88' lang='lat' dir='ltr'><strong>lunt.</strong></span> 
     </span>
    </p>
   </div>
   <div class='ocr_carea' id='block_1_65' title="bbox 611 3568 2120 3664">
    <p class='ocr_par' dir='ltr' id='par_1_65' title="bbox 611 3588 2120 3664">
     <span class='ocr_line' id='line_1_65' title="bbox 611 3588 2120 3664; baseline -0.015 -3"><span class='ocrx_word' id='word_1_434' title='bbox 611 3604 758 3661; x_wconf 84' lang='lat' dir='ltr'><strong>Nihil</strong></span> <span class='ocrx_word' id='word_1_435' title='bbox 787 3614 974 3658; x_wconf 87' lang='lat' dir='ltr'><strong>coram</strong></span> <span class='ocrx_word' id='word_1_436' title='bbox 1021 3597 1134 3652; x_wconf 90' lang='lat' dir='ltr'><strong>Deo</strong></span> <span class='ocrx_word' id='word_1_437' title='bbox 1182 3607 1338 3664; x_wconf 61' lang='lat' dir='ltr'><strong>atque</strong></span> <span class='ocrx_word' id='word_1_438' title='bbox 1383 3588 1733 3659; x_wconf 82' lang='lat' dir='ltr'><strong>magniﬁcum</strong></span> <span class='ocrx_word' id='word_1_439' title='bbox 1786 3595 1888 3648; x_wconf 88' lang='lat' dir='ltr'><strong>est,</strong></span> <span class='ocrx_word' id='word_1_440' title='bbox 1962 3594 2120 3654; x_wconf 81' lang='lat' dir='ltr'><strong>atque</strong></span> 
     </span>
    </p>
   </div>
   <div class='ocr_carea' id='block_1_66' title="bbox 2226 3568 3735 3664">
    <p class='ocr_par' dir='ltr' id='par_1_66' title="bbox 2308 3568 3735 3640">
     <span class='ocr_line' id='line_1_66' title="bbox 2308 3568 3735 3640; baseline -0.006 -12"><span class='ocrx_word' id='word_1_441' title='bbox 2308 3574 2473 3628; x_wconf 80' lang='grc' dir='ltr'>Οὐδὲν</span> <span class='ocrx_word' id='word_1_442' title='bbox 2503 3571 2646 3626; x_wconf 78' lang='grc' dir='ltr'>οὕτω</span> <span class='ocrx_word' id='word_1_443' title='bbox 2669 3569 2749 3640; x_wconf 82' lang='grc' dir='ltr'>τῷ</span> <span class='ocrx_word' id='word_1_444' title='bbox 2773 3568 2891 3639; x_wconf 83' lang='grc' dir='ltr'><strong>Θεῷ</strong></span> <span class='ocrx_word' id='word_1_445' title='bbox 2921 3569 3366 3640; x_wconf 79' lang='grc' dir='ltr'>μεγαλοπρεπὲς,</span> <span class='ocrx_word' id='word_1_446' title='bbox 3409 3571 3481 3635; x_wconf 84' lang='grc' dir='ltr'>ὡς</span> <span class='ocrx_word' id='word_1_447' title='bbox 3510 3571 3643 3639; x_wconf 78' lang='grc' dir='ltr'>λόγος</span> <span class='ocrx_word' id='word_1_448' title='bbox 3670 3589 3735 3625; x_wconf 77' lang='grc' dir='ltr'><strong>κε-</strong></span> 
     </span>
    </p>
   </div>
   <div class='ocr_carea' id='block_1_67' title="bbox 546 3660 2055 3812">
    <p class='ocr_par' dir='ltr' id='par_1_67' title="bbox 546 3660 2055 3764">
     <span class='ocr_line' id='line_1_67' title="bbox 546 3660 2055 3764; baseline -0.017 -9"><span class='ocrx_word' id='word_1_449' title='bbox 546 3713 728 3755; x_wconf 78' lang='lat' dir='ltr'><strong>sermo</strong></span> <span class='ocrx_word' id='word_1_450' title='bbox 751 3706 940 3764; x_wconf 85' lang='lat' dir='ltr'><strong>purus,</strong></span> <span class='ocrx_word' id='word_1_451' title='bbox 956 3701 1011 3746; x_wconf 90' lang='lat' dir='ltr'><strong>et</strong></span> <span class='ocrx_word' id='word_1_452' title='bbox 1036 3660 1282 3742; x_wconf 79' lang='lat' dir='ltr'><strong>veritatis</strong></span> <span class='ocrx_word' id='word_1_453' title='bbox 1301 3681 1643 3754; x_wconf 85' lang='lat' dir='ltr'><strong>dogmatibus</strong></span> <span class='ocrx_word' id='word_1_454' title='bbox 1668 3675 1904 3746; x_wconf 79' lang='lat' dir='ltr'><strong>perfecta</strong></span> <span class='ocrx_word' id='word_1_455' title='bbox 1931 3678 2055 3732; x_wconf 89' lang='lat' dir='ltr'><strong>anin</strong></span> 
     </span>
    </p>
   </div>
   <div class='ocr_carea' id='block_1_68' title="bbox 2225 3660 3734 3812">
    <p class='ocr_par' dir='ltr' id='par_1_68' title="bbox 2238 3660 3734 3812">
     <span class='ocr_line' id='line_1_68' title="bbox 2239 3660 3734 3736; baseline -0.001 -16"><span class='ocrx_word' id='word_1_456' title='bbox 2239 3665 2606 3736; x_wconf 82' lang='grc' dir='ltr'>καθαρμένος,</span> <span class='ocrx_word' id='word_1_457' title='bbox 2662 3660 2941 3732; x_wconf 78' lang='grc' dir='ltr'>καὶψυχὴ</span> <span class='ocrx_word' id='word_1_458' title='bbox 2996 3661 3180 3716; x_wconf 83' lang='grc' dir='ltr'>τελεία</span> <span class='ocrx_word' id='word_1_459' title='bbox 3222 3664 3340 3726; x_wconf 90' lang='grc' dir='ltr'>τοῖς</span> <span class='ocrx_word' id='word_1_460' title='bbox 3392 3665 3486 3734; x_wconf 82' lang='grc' dir='ltr'>τῆς</span> <span class='ocrx_word' id='word_1_461' title='bbox 3531 3664 3734 3736; x_wconf 77' lang='grc' dir='ltr'>ἀληθείας</span> 
     </span>
     <span class='ocr_line' id='line_1_69' title="bbox 2238 3757 2516 3812; baseline -0.014 0"><span class='ocrx_word' id='word_1_462' title='bbox 2238 3757 2516 3812; x_wconf 76' lang='grc' dir='ltr'>δόγμασιν.</span> 
     </span>
    </p>
   </div>
   <div class='ocr_carea' id='block_1_69' title="bbox 2297 3773 2516 3827">
    <p class='ocr_par' dir='ltr' id='par_1_69' title="bbox 2297 3773 2516 3827">
     <span class='ocr_line' id='line_1_70' title="bbox 2297 3773 2516 3827; baseline -0.005 -18"><span class='ocrx_word' id='word_1_463' title='bbox 2297 3773 2516 3827; x_wconf 89' lang='grc' dir='ltr'>γμασιν.</span> 
     </span>
    </p>
   </div>
   <div class='ocr_carea' id='block_1_70' title="bbox 619 3853 2128 3947">
    <p class='ocr_par' dir='ltr' id='par_1_70' title="bbox 619 3860 2128 3947">
     <span class='ocr_line' id='line_1_71' title="bbox 619 3860 2128 3947; baseline -0.015 -11"><span class='ocrx_word' id='word_1_464' title='bbox 619 3881 746 3935; x_wconf 89' lang='lat' dir='ltr'><strong>Sola</strong></span> <span class='ocrx_word' id='word_1_465' title='bbox 779 3877 950 3947; x_wconf 85' lang='lat' dir='ltr'><strong>pietas</strong></span> <span class='ocrx_word' id='word_1_466' title='bbox 980 3870 1176 3927; x_wconf 90' lang='lat' dir='ltr'><strong>stabile</strong></span> <span class='ocrx_word' id='word_1_467' title='bbox 1200 3877 1255 3923; x_wconf 90' lang='lat' dir='ltr'><strong>et</strong></span> <span class='ocrx_word' id='word_1_468' title='bbox 1285 3869 1500 3920; x_wconf 88' lang='lat' dir='ltr'><strong>lirmum</strong></span> <span class='ocrx_word' id='word_1_469' title='bbox 1533 3866 1737 3919; x_wconf 90' lang='lat' dir='ltr'><strong>bonum</strong></span> <span class='ocrx_word' id='word_1_470' title='bbox 1802 3871 1907 3916; x_wconf 83' lang='lat' dir='ltr'><strong>cst.</strong></span> <span class='ocrx_word' id='word_1_471' title='bbox 1975 3860 2128 3926; x_wconf 86' lang='lat' dir='ltr'><strong>Quod</strong></span> 
     </span>
    </p>
   </div>
   <div class='ocr_carea' id='block_1_71' title="bbox 2228 3853 3737 3947">
    <p class='ocr_par' dir='ltr' id='par_1_71' title="bbox 2236 3853 3737 3947">
     <span class='ocr_line' id='line_1_72' title="bbox 2236 3853 3737 3947; baseline 0.001 -41"><span class='ocrx_word' id='word_1_472' title='bbox 2236 3853 2487 3947; x_wconf 56' lang='lat' dir='ltr'><strong>~,,_Mévov</strong></span> <span class='ocrx_word' id='word_1_473' title='bbox 2536 3855 2931 3924; x_wconf 83' lang='grc' dir='ltr'>ἀμετάπτωτον</span> <span class='ocrx_word' id='word_1_474' title='bbox 2992 3857 3204 3926; x_wconf 81' lang='grc' dir='ltr'>ἀγαθὸν</span> <span class='ocrx_word' id='word_1_475' title='bbox 3257 3861 3358 3914; x_wconf 76' lang='grc' dir='ltr'><strong>καὶ</strong></span> <span class='ocrx_word' id='word_1_476' title='bbox 3410 3853 3737 3930; x_wconf 75' lang='grc' dir='ltr'>παραμένονή</span> 
     </span>
    </p>
   </div>
   <div class='ocr_carea' id='block_1_72' title="bbox 550 3945 2059 4037">
    <p class='ocr_par' dir='ltr' id='par_1_72' title="bbox 550 3945 2059 4037">
     <span class='ocr_line' id='line_1_73' title="bbox 550 3945 2059 4037; baseline -0.016 -8"><span class='ocrx_word' id='word_1_477' title='bbox 550 3975 698 4029; x_wconf 87' lang='lat' dir='ltr'><strong>enim</strong></span> <span class='ocrx_word' id='word_1_478' title='bbox 732 3945 1003 4037; x_wconf 73' lang='lat' dir='ltr'><strong>acquisita</strong></span> <span class='ocrx_word' id='word_1_479' title='bbox 1041 3960 1382 4032; x_wconf 87' lang='lat' dir='ltr'><strong>impossibile</strong></span> <span class='ocrx_word' id='word_1_480' title='bbox 1415 3966 1519 4022; x_wconf 89' lang='lat' dir='ltr'><strong>est,</strong></span> <span class='ocrx_word' id='word_1_481' title='bbox 1555 3955 1698 4011; x_wconf 89' lang='lat' dir='ltr'><strong>idem</strong></span> <span class='ocrx_word' id='word_1_482' title='bbox 1732 3964 1952 4026; x_wconf 88' lang='lat' dir='ltr'><strong>propter</strong></span> <span class='ocrx_word' id='word_1_483' title='bbox 1992 3954 2059 4007; x_wconf 54' lang='lat' dir='ltr'><strong>int</strong></span> 
     </span>
    </p>
   </div>
   <div class='ocr_carea' id='block_1_73' title="bbox 2226 3945 3735 4037">
    <p class='ocr_par' dir='ltr' id='par_1_73' title="bbox 2237 3945 3735 4020">
     <span class='ocr_line' id='line_1_74' title="bbox 2237 3945 3735 4020; baseline 0.007 -22"><span class='ocrx_word' id='word_1_484' title='bbox 2237 3945 2510 4000; x_wconf 77' lang='grc' dir='ltr'>εὐσέϐεια.</span> <span class='ocrx_word' id='word_1_485' title='bbox 2553 3947 2625 4000; x_wconf 85' lang='grc' dir='ltr'><strong>Τὸ</strong></span> <span class='ocrx_word' id='word_1_486' title='bbox 2652 3951 2756 4018; x_wconf 82' lang='grc' dir='ltr'><strong>γὰρ</strong></span> <span class='ocrx_word' id='word_1_487' title='bbox 2781 3950 2881 4002; x_wconf 82' lang='grc' dir='ltr'><strong>οὐκ</strong></span> <span class='ocrx_word' id='word_1_488' title='bbox 2903 3950 3122 4020; x_wconf 76' lang='grc' dir='ltr'>ἐφικτὸν</span> <span class='ocrx_word' id='word_1_489' title='bbox 3146 3952 3271 4004; x_wconf 75' lang='grc' dir='ltr'>οῦδὲ</span> <span class='ocrx_word' id='word_1_490' title='bbox 3321 3957 3526 4018; x_wconf 80' lang='grc' dir='ltr'>πιστὸν,</span> <span class='ocrx_word' id='word_1_491' title='bbox 3553 3951 3650 4009; x_wconf 75' lang='grc' dir='ltr'><strong>πῶς</strong></span> <span class='ocrx_word' id='word_1_492' title='bbox 3677 3947 3735 3998; x_wconf 57' lang='grc' dir='ltr'>διά</span> 
     </span>
    </p>
   </div>
   <div class='ocr_carea' id='block_1_74' title="bbox 549 4040 2058 4122">
    <p class='ocr_par' dir='ltr' id='par_1_74' title="bbox 549 4044 2058 4122">
     <span class='ocr_line' id='line_1_75' title="bbox 549 4044 2058 4122; baseline -0.016 0"><span class='ocrx_word' id='word_1_493' title='bbox 549 4068 690 4121; x_wconf 87' lang='lat' dir='ltr'><strong>diam</strong></span> <span class='ocrx_word' id='word_1_494' title='bbox 730 4057 1045 4116; x_wconf 89' lang='lat' dir='ltr'><strong>incredibile</strong></span> <span class='ocrx_word' id='word_1_495' title='bbox 1095 4055 1258 4110; x_wconf 90' lang='lat' dir='ltr'><strong>etiam</strong></span> <span class='ocrx_word' id='word_1_496' title='bbox 1318 4050 1615 4122; x_wconf 78' lang='lat' dir='ltr'><strong>iudicatur.</strong></span> <span class='ocrx_word' id='word_1_497' title='bbox 1667 4047 1834 4118; x_wconf 82' lang='lat' dir='ltr'><strong>Atqui</strong></span> <span class='ocrx_word' id='word_1_498' title='bbox 1889 4044 2058 4115; x_wconf 80' lang='lat' dir='ltr'><strong>profat</strong></span> 
     </span>
    </p>
   </div>
   <div class='ocr_carea' id='block_1_75' title="bbox 2224 4040 3733 4122">
    <p class='ocr_par' dir='ltr' id='par_1_75' title="bbox 2237 4040 3733 4115">
     <span class='ocr_line' id='line_1_76' title="bbox 2237 4040 3733 4115; baseline 0.001 -19"><span class='ocrx_word' id='word_1_499' title='bbox 2237 4042 2327 4096; x_wconf 81' lang='grc' dir='ltr'><strong>τὸν</strong></span> <span class='ocrx_word' id='word_1_500' title='bbox 2373 4043 2599 4111; x_wconf 83' lang='grc' dir='ltr'>φθόνον;</span> <span class='ocrx_word' id='word_1_501' title='bbox 2632 4042 2828 4115; x_wconf 83' lang='grc' dir='ltr'>ψυχαῖς</span> <span class='ocrx_word' id='word_1_502' title='bbox 2859 4043 2967 4114; x_wconf 83' lang='grc' dir='ltr'>γὰρ</span> <span class='ocrx_word' id='word_1_503' title='bbox 3025 4041 3286 4115; x_wconf 78' lang='grc' dir='ltr'>βεϐήλαις</span> <span class='ocrx_word' id='word_1_504' title='bbox 3311 4045 3464 4100; x_wconf 70' lang='grc' dir='ltr'>οὐδὲν</span> <span class='ocrx_word' id='word_1_505' title='bbox 3489 4044 3584 4100; x_wconf 86' lang='grc' dir='ltr'><strong>τῶν</strong></span> <span class='ocrx_word' id='word_1_506' title='bbox 3599 4040 3733 4098; x_wconf 70' lang='grc' dir='ltr'>χαλῶν</span> 
     </span>
    </p>
   </div>
   <div class='ocr_carea' id='block_1_76' title="bbox 551 4133 2060 4216">
    <p class='ocr_par' dir='ltr' id='par_1_76' title="bbox 551 4137 2054 4216">
     <span class='ocr_line' id='line_1_77' title="bbox 551 4137 2054 4216; baseline -0.016 -3"><span class='ocrx_word' id='word_1_507' title='bbox 551 4165 757 4212; x_wconf 79' lang='lat' dir='ltr'><strong>mentes</strong></span> <span class='ocrx_word' id='word_1_508' title='bbox 782 4152 985 4206; x_wconf 88' lang='lat' dir='ltr'><strong>nullam</strong></span> <span class='ocrx_word' id='word_1_509' title='bbox 1010 4162 1144 4213; x_wconf 89' lang='lat' dir='ltr'><strong>rem,</strong></span> <span class='ocrx_word' id='word_1_510' title='bbox 1175 4159 1296 4216; x_wconf 65' lang='lat' dir='ltr'><strong>quae</strong></span> <span class='ocrx_word' id='word_1_511' title='bbox 1327 4146 1468 4200; x_wconf 87' lang='lat' dir='ltr'><strong>bona</strong></span> <span class='ocrx_word' id='word_1_512' title='bbox 1494 4150 1549 4198; x_wconf 89' lang='lat' dir='ltr'><strong>et</strong></span> <span class='ocrx_word' id='word_1_513' title='bbox 1582 4142 1812 4196; x_wconf 88' lang='lat' dir='ltr'><strong>honesta</strong></span> <span class='ocrx_word' id='word_1_514' title='bbox 1864 4145 1968 4203; x_wconf 89' lang='lat' dir='ltr'><strong>est,</strong></span> <span class='ocrx_word' id='word_1_515' title='bbox 2023 4137 2054 4190; x_wconf 90' lang='lat' dir='ltr'><strong>ﬁ</strong></span> 
     </span>
    </p>
   </div>
   <div class='ocr_carea' id='block_1_77' title="bbox 1059 4133 2568 4216">
    <p class='ocr_par' dir='ltr' id='par_1_77' title="bbox 1059 4133 2568 4216">
     <span class='ocr_line' id='line_1_78' title="bbox 1059 4133 2568 4216; baseline -0.009 -15"><span class='ocrx_word' id='word_1_516' title='bbox 1059 4162 1144 4213; x_wconf 71' lang='lat' dir='ltr'><strong>tm,</strong></span> <span class='ocrx_word' id='word_1_517' title='bbox 1175 4159 1296 4216; x_wconf 65' lang='lat' dir='ltr'><strong>quae</strong></span> <span class='ocrx_word' id='word_1_518' title='bbox 1327 4146 1468 4200; x_wconf 87' lang='lat' dir='ltr'><strong>bona</strong></span> <span class='ocrx_word' id='word_1_519' title='bbox 1494 4150 1549 4198; x_wconf 89' lang='lat' dir='ltr'><strong>et</strong></span> <span class='ocrx_word' id='word_1_520' title='bbox 1582 4142 1812 4196; x_wconf 88' lang='lat' dir='ltr'><strong>honesta</strong></span> <span class='ocrx_word' id='word_1_521' title='bbox 1864 4145 1968 4203; x_wconf 89' lang='lat' dir='ltr'><strong>est,</strong></span> <span class='ocrx_word' id='word_1_522' title='bbox 2023 4137 2129 4191; x_wconf 89' lang='lat' dir='ltr'><strong>ﬁde</strong></span> <span class='ocrx_word' id='word_1_523' title='bbox 2174 4188 2178 4192; x_wconf 82' lang='grc'><strong>,</strong></span> <span class='ocrx_word' id='word_1_524' title='bbox 2236 4133 2568 4200; x_wconf 80' lang='grc' dir='ltr'>ἀξιόπιστον.</span> 
     </span>
    </p>
   </div>
   <div class='ocr_carea' id='block_1_78' title="bbox 554 4241 1137 4318">
    <p class='ocr_par' dir='ltr' id='par_1_78' title="bbox 554 4241 1137 4318">
     <span class='ocr_line' id='line_1_79' title="bbox 554 4241 1137 4318; baseline -0.027 -13"><span class='ocrx_word' id='word_1_525' title='bbox 554 4250 776 4318; x_wconf 82' lang='lat' dir='ltr'><strong>dignam</strong></span> <span class='ocrx_word' id='word_1_526' title='bbox 803 4241 1137 4297; x_wconf 80' lang='lat' dir='ltr'><strong>existimant.</strong></span> 
     </span>
    </p>
   </div>
   <div class='ocr_carea' id='block_1_79' title="bbox 623 4309 2132 4409">
    <p class='ocr_par' dir='ltr' id='par_1_79' title="bbox 623 4309 2132 4409">
     <span class='ocr_line' id='line_1_80' title="bbox 623 4309 2132 4409; baseline -0.017 -14"><span class='ocrx_word' id='word_1_527' title='bbox 623 4309 898 4409; x_wconf 55' lang='lat' dir='ltr'><strong>bhrysosl.</strong></span> <span class='ocrx_word' id='word_1_528' title='bbox 927 4333 1041 4388; x_wconf 81' lang='lat' dir='ltr'><strong>Hoc</strong></span> <span class='ocrx_word' id='word_1_529' title='bbox 1060 4329 1182 4384; x_wconf 89' lang='lat' dir='ltr'><strong>ﬁdei</strong></span> <span class='ocrx_word' id='word_1_530' title='bbox 1209 4325 1444 4382; x_wconf 79' lang='lat' dir='ltr'><strong>maxime</strong></span> <span class='ocrx_word' id='word_1_531' title='bbox 1460 4319 1738 4409; x_wconf 84' lang='lat' dir='ltr'><strong>proprium</strong></span> <span class='ocrx_word' id='word_1_532' title='bbox 1762 4325 1866 4380; x_wconf 88' lang='lat' dir='ltr'><strong>est,</strong></span> <span class='ocrx_word' id='word_1_533' title='bbox 1895 4317 2132 4372; x_wconf 88' lang='lat' dir='ltr'><strong>rationes</strong></span> 
     </span>
    </p>
   </div>
   <div class='ocr_carea' id='block_1_80' title="bbox 2224 4309 3733 4409">
    <p class='ocr_par' dir='ltr' id='par_1_80' title="bbox 2307 4313 3733 4393">
     <span class='ocr_line' id='line_1_81' title="bbox 2307 4313 3733 4393; baseline -0.007 -16"><span class='ocrx_word' id='word_1_534' title='bbox 2307 4323 2478 4378; x_wconf 87' lang='grc' dir='ltr'>Τοῦτο</span> <span class='ocrx_word' id='word_1_535' title='bbox 2512 4323 2744 4393; x_wconf 82' lang='grc' dir='ltr'>μάλιστα</span> <span class='ocrx_word' id='word_1_536' title='bbox 2782 4324 3036 4386; x_wconf 87' lang='grc' dir='ltr'>πίστεως,</span> <span class='ocrx_word' id='word_1_537' title='bbox 3071 4322 3146 4392; x_wconf 83' lang='grc' dir='ltr'><strong>μὴ</strong></span> <span class='ocrx_word' id='word_1_538' title='bbox 3179 4321 3366 4393; x_wconf 81' lang='grc' dir='ltr'>ζητεῖν</span> <span class='ocrx_word' id='word_1_539' title='bbox 3416 4321 3618 4383; x_wconf 75' lang='grc' dir='ltr'>εὐθύνας</span> <span class='ocrx_word' id='word_1_540' title='bbox 3656 4313 3733 4368; x_wconf 73' lang='grc' dir='ltr'><strong>τῶν</strong></span> 
     </span>
    </p>
   </div>
   <div class='ocr_carea' id='block_1_81' title="bbox 549 4408 2058 4497">
    <p class='ocr_par' dir='ltr' id='par_1_81' title="bbox 549 4408 2058 4497">
     <span class='ocr_line' id='line_1_82' title="bbox 549 4408 2058 4497; baseline -0.018 -8"><span class='ocrx_word' id='word_1_541' title='bbox 549 4408 886 4497; x_wconf 72' lang='lat' dir='ltr'><strong>eorumqua:</strong></span> <span class='ocrx_word' id='word_1_542' title='bbox 913 4423 1047 4477; x_wconf 89' lang='lat' dir='ltr'><strong>ﬁunt</strong></span> <span class='ocrx_word' id='word_1_543' title='bbox 1073 4434 1181 4473; x_wconf 89' lang='lat' dir='ltr'><strong>non</strong></span> <span class='ocrx_word' id='word_1_544' title='bbox 1228 4417 1524 4486; x_wconf 88' lang='lat' dir='ltr'><strong>inquirere,</strong></span> <span class='ocrx_word' id='word_1_545' title='bbox 1601 4408 1696 4464; x_wconf 87' lang='lat' dir='ltr'><strong>sed</strong></span> <span class='ocrx_word' id='word_1_546' title='bbox 1753 4408 2058 4478; x_wconf 83' lang='lat' dir='ltr'><strong>obtempera</strong></span> 
     </span>
    </p>
   </div>
   <div class='ocr_carea' id='block_1_82' title="bbox 2194 4408 3703 4497">
    <p class='ocr_par' dir='ltr' id='par_1_82' title="bbox 2238 4413 3703 4490">
     <span class='ocr_line' id='line_1_83' title="bbox 2238 4413 3703 4490; baseline -0.01 -16"><span class='ocrx_word' id='word_1_547' title='bbox 2238 4417 2647 4490; x_wconf 85' lang='grc' dir='ltr'>πραττομένων,</span> <span class='ocrx_word' id='word_1_548' title='bbox 2673 4414 2806 4468; x_wconf 84' lang='grc' dir='ltr'><strong>ἀλλά</strong></span> <span class='ocrx_word' id='word_1_549' title='bbox 2837 4414 3113 4468; x_wconf 83' lang='grc' dir='ltr'>πείθεσθαι</span> <span class='ocrx_word' id='word_1_550' title='bbox 3143 4417 3258 4478; x_wconf 84' lang='grc' dir='ltr'>τοῖς</span> <span class='ocrx_word' id='word_1_551' title='bbox 3295 4413 3703 4483; x_wconf 77' lang='grc' dir='ltr'>ἐπιταττομένοις.</span> 
     </span>
    </p>
   </div>
   <div class='ocr_carea' id='block_1_83' title="bbox 535 4523 2209 4597">
    <p class='ocr_par' dir='ltr' id='par_1_83' title="bbox 535 4523 2209 4597">
     <span class='ocr_line' id='line_1_84' title="bbox 535 4523 2209 4597; baseline -0.013 -17"><span class='ocrx_word' id='word_1_552' title='bbox 535 4523 904 4597; x_wconf 71' lang='lat' dir='ltr'><strong>praescriptis.</strong></span> <span class='ocrx_word' id='word_1_553' title='bbox 2163 4525 2209 4580; x_wconf 70' lang='grc' dir='ltr'><strong>υ</strong></span> 
     </span>
    </p>
   </div>
   <div class='ocr_carea' id='block_1_84' title="bbox 626 4585 2135 4672">
    <p class='ocr_par' dir='ltr' id='par_1_84' title="bbox 626 4597 2131 4672">
     <span class='ocr_line' id='line_1_85' title="bbox 626 4597 2131 4672; baseline -0.015 1"><span class='ocrx_word' id='word_1_554' title='bbox 626 4618 778 4672; x_wconf 84' lang='lat' dir='ltr'><strong>Pium</strong></span> <span class='ocrx_word' id='word_1_555' title='bbox 821 4624 876 4671; x_wconf 90' lang='lat' dir='ltr'><strong>et</strong></span> <span class='ocrx_word' id='word_1_556' title='bbox 901 4615 1108 4668; x_wconf 83' lang='lat' dir='ltr'><strong>ﬁdelem</strong></span> <span class='ocrx_word' id='word_1_557' title='bbox 1144 4610 1320 4666; x_wconf 87' lang='lat' dir='ltr'><strong>virum</strong></span> <span class='ocrx_word' id='word_1_558' title='bbox 1355 4616 1463 4661; x_wconf 89' lang='lat' dir='ltr'><strong>tam</strong></span> <span class='ocrx_word' id='word_1_559' title='bbox 1533 4603 1692 4658; x_wconf 88' lang='lat' dir='ltr'><strong>ﬁrmo</strong></span> <span class='ocrx_word' id='word_1_560' title='bbox 1751 4610 1806 4658; x_wconf 88' lang='lat' dir='ltr'><strong>et</strong></span> <span class='ocrx_word' id='word_1_561' title='bbox 1859 4597 2131 4656; x_wconf 84' lang='lat' dir='ltr'><strong>constanti</strong></span> 
     </span>
    </p>
   </div>
   <div class='ocr_carea' id='block_1_85' title="bbox 2227 4585 3736 4672">
    <p class='ocr_par' dir='ltr' id='par_1_85' title="bbox 2305 4585 3736 4662">
     <span class='ocr_line' id='line_1_86' title="bbox 2305 4585 3736 4662; baseline -0.011 -10"><span class='ocrx_word' id='word_1_562' title='bbox 2305 4598 2409 4651; x_wconf 82' lang='grc' dir='ltr'><strong>Τὸν</strong></span> <span class='ocrx_word' id='word_1_563' title='bbox 2441 4591 2641 4662; x_wconf 81' lang='grc' dir='ltr'>εὐσεϐῆ</span> <span class='ocrx_word' id='word_1_564' title='bbox 2683 4590 2778 4645; x_wconf 74' lang='grc' dir='ltr'>καὶ</span> <span class='ocrx_word' id='word_1_565' title='bbox 2825 4590 3017 4645; x_wconf 77' lang='grc' dir='ltr'>πιστὸν</span> <span class='ocrx_word' id='word_1_566' title='bbox 3052 4590 3221 4660; x_wconf 83' lang='grc' dir='ltr'>ἄνδρα</span> <span class='ocrx_word' id='word_1_567' title='bbox 3255 4591 3400 4646; x_wconf 78' lang='grc' dir='ltr'>οὕτω</span> <span class='ocrx_word' id='word_1_568' title='bbox 3431 4589 3634 4661; x_wconf 74' lang='grc' dir='ltr'>βεϐαίως</span> <span class='ocrx_word' id='word_1_569' title='bbox 3653 4585 3736 4637; x_wconf 74' lang='grc' dir='ltr'>δια·</span> 
     </span>
    </p>
   </div>
   <div class='ocr_carea' id='block_1_86' title="bbox 553 4679 2062 4781">
    <p class='ocr_par' dir='ltr' id='par_1_86' title="bbox 553 4696 2062 4781">
     <span class='ocr_line' id='line_1_87' title="bbox 553 4696 2062 4781; baseline -0.013 -16"><span class='ocrx_word' id='word_1_570' title='bbox 553 4725 682 4781; x_wconf 86' lang='lat' dir='ltr'><strong>erga</strong></span> <span class='ocrx_word' id='word_1_571' title='bbox 719 4707 811 4761; x_wconf 88' lang='lat' dir='ltr'><strong>Dei</strong></span> <span class='ocrx_word' id='word_1_572' title='bbox 847 4703 1240 4776; x_wconf 89' lang='lat' dir='ltr'><strong>promissiones</strong></span> <span class='ocrx_word' id='word_1_573' title='bbox 1270 4697 1455 4753; x_wconf 86' lang='lat' dir='ltr'><strong>animo</strong></span> <span class='ocrx_word' id='word_1_574' title='bbox 1488 4696 1776 4766; x_wconf 57' lang='lat' dir='ltr'><strong>praeditum</strong></span> <span class='ocrx_word' id='word_1_575' title='bbox 1805 4708 1924 4748; x_wconf 87' lang='lat' dir='ltr'><strong>esse</strong></span> <span class='ocrx_word' id='word_1_576' title='bbox 1969 4705 2062 4758; x_wconf 77' lang='lat' dir='ltr'><strong>0pc</strong></span> 
     </span>
    </p>
   </div>
   <div class='ocr_carea' id='block_1_87' title="bbox 2226 4679 3735 4781">
    <p class='ocr_par' dir='ltr' id='par_1_87' title="bbox 2234 4679 3735 4758">
     <span class='ocr_line' id='line_1_88' title="bbox 2234 4679 3735 4758; baseline -0.01 -16"><span class='ocrx_word' id='word_1_577' title='bbox 2234 4688 2450 4743; x_wconf 82' lang='grc' dir='ltr'>κεῖσθαι</span> <span class='ocrx_word' id='word_1_578' title='bbox 2483 4683 2589 4758; x_wconf 80' lang='grc' dir='ltr'><strong>χρὴ</strong></span> <span class='ocrx_word' id='word_1_579' title='bbox 2643 4685 2780 4754; x_wconf 83' lang='grc' dir='ltr'>πρὸς</span> <span class='ocrx_word' id='word_1_580' title='bbox 2811 4684 2910 4747; x_wconf 76' lang='grc' dir='ltr'><strong>τὰς</strong></span> <span class='ocrx_word' id='word_1_581' title='bbox 2965 4685 3300 4752; x_wconf 74' lang='grc' dir='ltr'>ἐπαγγελίας</span> <span class='ocrx_word' id='word_1_582' title='bbox 3332 4686 3425 4738; x_wconf 84' lang='grc' dir='ltr'><strong>τοῦ</strong></span> <span class='ocrx_word' id='word_1_583' title='bbox 3473 4682 3604 4744; x_wconf 87' lang='grc' dir='ltr'>Θεοῦ,</span> <span class='ocrx_word' id='word_1_584' title='bbox 3632 4679 3735 4731; x_wconf 71' lang='grc' dir='ltr'>ὥστε</span> 
     </span>
    </p>
   </div>
   <div class='ocr_carea' id='block_1_88' title="bbox 556 4767 2065 4864">
    <p class='ocr_par' dir='ltr' id='par_1_88' title="bbox 556 4767 2065 4864">
     <span class='ocr_line' id='line_1_89' title="bbox 556 4767 2065 4864; baseline -0.014 -11"><span class='ocrx_word' id='word_1_585' title='bbox 556 4767 649 4864; x_wconf 59' lang='lat' dir='ltr'><strong>let:</strong></span> <span class='ocrx_word' id='word_1_586' title='bbox 680 4809 736 4852; x_wconf 91' lang='lat' dir='ltr'><strong>ut</strong></span> <span class='ocrx_word' id='word_1_587' title='bbox 765 4767 889 4851; x_wconf 75' lang='lat' dir='ltr'><strong>licet</strong></span> <span class='ocrx_word' id='word_1_588' title='bbox 917 4793 1018 4850; x_wconf 90' lang='lat' dir='ltr'><strong>sibi</strong></span> <span class='ocrx_word' id='word_1_589' title='bbox 1051 4793 1182 4862; x_wconf 86' lang='lat' dir='ltr'><strong>ipsis</strong></span> <span class='ocrx_word' id='word_1_590' title='bbox 1213 4789 1487 4845; x_wconf 84' lang='lat' dir='ltr'><strong>contraria</strong></span> <span class='ocrx_word' id='word_1_591' title='bbox 1515 4801 1636 4842; x_wconf 89' lang='lat' dir='ltr'><strong>esse</strong></span> <span class='ocrx_word' id='word_1_592' title='bbox 1671 4772 1960 4840; x_wconf 65' lang='lat' dir='ltr'><strong>videant&#39;ur</strong></span> <span class='ocrx_word' id='word_1_593' title='bbox 2010 4798 2065 4850; x_wconf 84' lang='grc' dir='ltr'><strong>(ιι</strong></span> 
     </span>
    </p>
   </div>
   <div class='ocr_carea' id='block_1_89' title="bbox 2228 4767 3737 4864">
    <p class='ocr_par' dir='ltr' id='par_1_89' title="bbox 2235 4767 3737 4846">
     <span class='ocr_line' id='line_1_90' title="bbox 2235 4767 3737 4846; baseline -0.009 -12"><span class='ocrx_word' id='word_1_594' title='bbox 2235 4780 2342 4834; x_wconf 82' lang='grc' dir='ltr'>κᾶν</span> <span class='ocrx_word' id='word_1_595' title='bbox 2371 4779 2591 4833; x_wconf 76' lang='grc' dir='ltr'>ἐναντία</span> <span class='ocrx_word' id='word_1_596' title='bbox 2624 4777 2808 4840; x_wconf 86' lang='grc' dir='ltr'>αὐτοῖς</span> <span class='ocrx_word' id='word_1_597' title='bbox 2837 4776 3094 4846; x_wconf 81' lang='grc' dir='ltr'>φαίνηται</span> <span class='ocrx_word' id='word_1_598' title='bbox 3121 4776 3190 4830; x_wconf 79' lang='grc' dir='ltr'>τὰ</span> <span class='ocrx_word' id='word_1_599' title='bbox 3231 4779 3506 4846; x_wconf 84' lang='grc' dir='ltr'>γινόμενα,</span> <span class='ocrx_word' id='word_1_600' title='bbox 3543 4772 3650 4846; x_wconf 77' lang='grc' dir='ltr'>μηδέ</span> <span class='ocrx_word' id='word_1_601' title='bbox 3673 4767 3737 4822; x_wconf 65' lang='grc' dir='ltr'><strong>οὗ·</strong></span> 
     </span>
    </p>
   </div>
   <div class='ocr_carea' id='block_1_90' title="bbox 556 4865 2065 4954">
    <p class='ocr_par' dir='ltr' id='par_1_90' title="bbox 556 4877 2065 4954">
     <span class='ocr_line' id='line_1_91' title="bbox 556 4877 2065 4954; baseline -0.013 -8"><span class='ocrx_word' id='word_1_602' title='bbox 556 4893 710 4954; x_wconf 89' lang='lat' dir='ltr'><strong>ﬁunt,</strong></span> <span class='ocrx_word' id='word_1_603' title='bbox 744 4903 812 4944; x_wconf 90' lang='lat' dir='ltr'><strong>ne</strong></span> <span class='ocrx_word' id='word_1_604' title='bbox 841 4888 920 4942; x_wconf 86' lang='lat' dir='ltr'><strong>sic</strong></span> <span class='ocrx_word' id='word_1_605' title='bbox 952 4897 1132 4940; x_wconf 78' lang='lat' dir='ltr'><strong>tamen</strong></span> <span class='ocrx_word' id='word_1_606' title='bbox 1160 4883 1243 4937; x_wconf 86' lang='lat' dir='ltr'><strong>vel</strong></span> <span class='ocrx_word' id='word_1_607' title='bbox 1267 4882 1451 4935; x_wconf 88' lang='lat' dir='ltr'><strong>animo</strong></span> <span class='ocrx_word' id='word_1_608' title='bbox 1507 4878 1714 4934; x_wconf 88' lang='lat' dir='ltr'><strong>turbari</strong></span> <span class='ocrx_word' id='word_1_609' title='bbox 1785 4877 1982 4946; x_wconf 87' lang='lat' dir='ltr'><strong>possit,</strong></span> <span class='ocrx_word' id='word_1_610' title='bbox 2047 4891 2065 4926; x_wconf 67' lang='grc' dir='ltr'>ι</span> 
     </span>
    </p>
   </div>
   <div class='ocr_carea' id='block_1_91' title="bbox 2230 4865 3739 4954">
    <p class='ocr_par' dir='ltr' id='par_1_91' title="bbox 2233 4865 3739 4954">
     <span class='ocr_line' id='line_1_92' title="bbox 2233 4865 3739 4954; baseline -0.009 -27"><span class='ocrx_word' id='word_1_611' title='bbox 2233 4890 2342 4937; x_wconf 89' lang='grc' dir='ltr'><strong>τως</strong></span> <span class='ocrx_word' id='word_1_612' title='bbox 2373 4871 2757 4942; x_wconf 84' lang='grc' dir='ltr'>ταράττεσθαι,</span> <span class='ocrx_word' id='word_1_613' title='bbox 2816 4869 2948 4954; x_wconf 65' lang='grc' dir='ltr'>μηδὲ</span> <span class='ocrx_word' id='word_1_614' title='bbox 2991 4868 3400 4936; x_wconf 81' lang='grc' dir='ltr'>ἀπογινώσκειν</span> <span class='ocrx_word' id='word_1_615' title='bbox 3430 4869 3520 4939; x_wconf 74' lang='grc' dir='ltr'>τὴν</span> <span class='ocrx_word' id='word_1_616' title='bbox 3547 4865 3739 4920; x_wconf 73' lang='grc' dir='ltr'>ἑκϐασιν.</span> 
     </span>
    </p>
   </div>
   <div class='ocr_carea' id='block_1_92' title="bbox 555 4951 2064 5046">
    <p class='ocr_par' dir='ltr' id='par_1_92' title="bbox 555 4951 2064 5046">
     <span class='ocr_line' id='line_1_93' title="bbox 555 4951 2064 5046; baseline -0.009 -9"><span class='ocrx_word' id='word_1_617' title='bbox 555 4985 622 5038; x_wconf 87' lang='lat' dir='ltr'><strong>de</strong></span> <span class='ocrx_word' id='word_1_618' title='bbox 652 4951 846 5036; x_wconf 85' lang='lat' dir='ltr'><strong>eventu</strong></span> <span class='ocrx_word' id='word_1_619' title='bbox 875 4980 1143 5046; x_wconf 90' lang='lat' dir='ltr'><strong>desperet.</strong></span> <span class='ocrx_word' id='word_1_620' title='bbox 1176 4973 1412 5030; x_wconf 87' lang='lat' dir='ltr'><strong>Fidelem</strong></span> <span class='ocrx_word' id='word_1_621' title='bbox 1451 4973 1721 5027; x_wconf 84' lang='lat' dir='ltr'><strong>Abraham</strong></span> <span class='ocrx_word' id='word_1_622' title='bbox 1753 4973 1938 5040; x_wconf 90' lang='lat' dir='ltr'><strong>itaque</strong></span> <span class='ocrx_word' id='word_1_623' title='bbox 1965 4970 2064 5036; x_wconf 75' lang='lat' dir='ltr'><strong>ius]</strong></span> 
     </span>
    </p>
   </div>
   <div class='ocr_carea' id='block_1_93' title="bbox 2230 4951 3739 5046">
    <p class='ocr_par' dir='ltr' id='par_1_93' title="bbox 2239 4951 3739 5030">
     <span class='ocr_line' id='line_1_94' title="bbox 2239 4951 3739 5030; baseline -0.014 -15"><span class='ocrx_word' id='word_1_624' title='bbox 2239 4964 2380 5030; x_wconf 81' lang='grc' dir='ltr'><strong>Ὅρα</strong></span> <span class='ocrx_word' id='word_1_625' title='bbox 2436 4959 2590 5028; x_wconf 90' lang='grc' dir='ltr'>γοῦν,</span> <span class='ocrx_word' id='word_1_626' title='bbox 2631 4961 2658 5011; x_wconf 88' lang='grc' dir='ltr'>ὁ</span> <span class='ocrx_word' id='word_1_627' title='bbox 2687 4957 2878 5020; x_wconf 86' lang='grc' dir='ltr'>πιστὸς</span> <span class='ocrx_word' id='word_1_628' title='bbox 2921 4951 3170 5026; x_wconf 77' lang='grc' dir='ltr'>’Δόραάμ</span> <span class='ocrx_word' id='word_1_629' title='bbox 3217 4955 3341 5008; x_wconf 80' lang='grc' dir='ltr'>τινα</span> <span class='ocrx_word' id='word_1_630' title='bbox 3382 4957 3478 5023; x_wconf 83' lang='grc' dir='ltr'>μὲν</span> <span class='ocrx_word' id='word_1_631' title='bbox 3511 4952 3739 5016; x_wconf 72' lang='grc' dir='ltr'>ὑπόσχεσιν</span> 
     </span>
    </p>
   </div>
   <div class='ocr_carea' id='block_1_94' title="bbox 556 5046 2065 5140">
    <p class='ocr_par' dir='ltr' id='par_1_94' title="bbox 556 5053 2061 5140">
     <span class='ocr_line' id='line_1_95' title="bbox 556 5053 2061 5140; baseline -0.011 -10"><span class='ocrx_word' id='word_1_632' title='bbox 556 5081 685 5138; x_wconf 87' lang='lat' dir='ltr'><strong>cito,</strong></span> <span class='ocrx_word' id='word_1_633' title='bbox 718 5072 934 5140; x_wconf 83' lang='lat' dir='ltr'><strong>qualem</strong></span> <span class='ocrx_word' id='word_1_634' title='bbox 964 5069 1219 5124; x_wconf 90' lang='lat' dir='ltr'><strong>nimirum</strong></span> <span class='ocrx_word' id='word_1_635' title='bbox 1256 5053 1674 5136; x_wconf 63' lang='lat' dir='ltr'><strong>promissionem</strong></span> <span class='ocrx_word' id='word_1_636' title='bbox 1699 5065 1814 5132; x_wconf 88' lang='lat' dir='ltr'><strong>ipse</strong></span> <span class='ocrx_word' id='word_1_637' title='bbox 1834 5076 2061 5130; x_wconf 83' lang='lat' dir='ltr'><strong>acceper</strong></span> 
     </span>
    </p>
   </div>
   <div class='ocr_carea' id='block_1_95' title="bbox 1896 5046 3405 5140">
    <p class='ocr_par' dir='ltr' id='par_1_95' title="bbox 1896 5046 3405 5130">
     <span class='ocr_line' id='line_1_96' title="bbox 1896 5046 3405 5130; baseline -0.007 -20"><span class='ocrx_word' id='word_1_638' title='bbox 1896 5062 2126 5130; x_wconf 63' lang='lat' dir='ltr'><strong>ceperit,</strong></span> <span class='ocrx_word' id='word_1_639' title='bbox 2237 5053 2476 5115; x_wconf 77' lang='grc' dir='ltr'>ἐδέξατο,</span> <span class='ocrx_word' id='word_1_640' title='bbox 2508 5049 2628 5102; x_wconf 89' lang='grc' dir='ltr'>τίνα</span> <span class='ocrx_word' id='word_1_641' title='bbox 2668 5048 2724 5100; x_wconf 80' lang='grc' dir='ltr'>δὲ</span> <span class='ocrx_word' id='word_1_642' title='bbox 2754 5051 3015 5116; x_wconf 82' lang='grc' dir='ltr'>πράττειν</span> <span class='ocrx_word' id='word_1_643' title='bbox 3045 5046 3405 5117; x_wconf 70' lang='grc' dir='ltr'>ἠναγκάζετο.</span> 
     </span>
    </p>
   </div>
   <div class='ocr_carea' id='block_1_96' title="bbox 555 5157 2716 5234">
    <p class='ocr_par' dir='ltr' id='par_1_96' title="bbox 555 5157 2716 5234">
     <span class='ocr_line' id='line_1_97' title="bbox 555 5157 2716 5234; baseline -0.012 -13"><span class='ocrx_word' id='word_1_644' title='bbox 555 5177 610 5222; x_wconf 85' lang='lat' dir='ltr'><strong>et</strong></span> <span class='ocrx_word' id='word_1_645' title='bbox 640 5177 887 5234; x_wconf 85' lang='lat' dir='ltr'><strong>quaenam</strong></span> <span class='ocrx_word' id='word_1_646' title='bbox 922 5162 1035 5230; x_wconf 90' lang='lat' dir='ltr'><strong>ipse</strong></span> <span class='ocrx_word' id='word_1_647' title='bbox 1057 5159 1237 5213; x_wconf 76' lang='lat' dir='ltr'><strong>facere</strong></span> <span class='ocrx_word' id='word_1_648' title='bbox 1266 5166 1485 5212; x_wconf 78' lang='lat' dir='ltr'><strong>coactus</strong></span> <span class='ocrx_word' id='word_1_649' title='bbox 1511 5157 1601 5211; x_wconf 88' lang='lat' dir='ltr'><strong>sit.</strong></span> <span class='ocrx_word' id='word_1_650' title='bbox 2714 5168 2716 5170; x_wconf 61' lang='grc' dir='ltr'><strong>τ</strong></span> 
     </span>
    </p>
   </div>
   <div class='ocr_carea' id='block_1_97' title="bbox 629 5212 2138 5316">
    <p class='ocr_par' dir='ltr' id='par_1_97' title="bbox 629 5212 2062 5316">
     <span class='ocr_line' id='line_1_98' title="bbox 643 5212 1230 5234; baseline -0.009 -16"><span class='ocrx_word' id='word_1_651' title='bbox 643 5212 886 5234; x_wconf 53' lang='grc' dir='ltr'><strong>,ι-ππ---</strong></span> <span class='ocrx_word' id='word_1_652' title='bbox 922 5212 1031 5230; x_wconf 56' lang='grc' dir='ltr'><strong>τ--</strong></span> <span class='ocrx_word' id='word_1_653' title='bbox 1085 5212 1092 5213; x_wconf 62' lang='lat'><strong><em>,</em></strong></span> <span class='ocrx_word' id='word_1_654' title='bbox 1221 5212 1230 5213; x_wconf 59' lang='lat'><strong><em>,</em></strong></span> 
     </span>
     <span class='ocr_line' id='line_1_99' title="bbox 629 5244 2062 5316; baseline -0.01 -5"><span class='ocrx_word' id='word_1_655' title='bbox 629 5256 787 5310; x_wconf 80' lang='lat' dir='ltr'><strong>Fides</strong></span> <span class='ocrx_word' id='word_1_656' title='bbox 823 5255 1086 5308; x_wconf 81' lang='lat' dir='ltr'><strong>virtutum</strong></span> <span class='ocrx_word' id='word_1_657' title='bbox 1112 5260 1302 5313; x_wconf 88' lang='lat' dir='ltr'><strong>mater,</strong></span> <span class='ocrx_word' id='word_1_658' title='bbox 1333 5264 1531 5303; x_wconf 81' lang='lat' dir='ltr'><strong>corona</strong></span> <span class='ocrx_word' id='word_1_659' title='bbox 1561 5258 1613 5302; x_wconf 88' lang='lat' dir='ltr'><strong>et</strong></span> <span class='ocrx_word' id='word_1_660' title='bbox 1669 5244 1932 5316; x_wconf 79' lang='lat' dir='ltr'><strong>perfectio</strong></span> <span class='ocrx_word' id='word_1_661' title='bbox 1961 5252 2062 5297; x_wconf 89' lang='lat' dir='ltr'><strong>est.</strong></span> 
     </span>
    </p>
   </div>
   <div class='ocr_carea' id='block_1_98' title="bbox 2229 5212 3738 5316">
    <p class='ocr_par' dir='ltr' id='par_1_98' title="bbox 2315 5212 3738 5302">
     <span class='ocr_line' id='line_1_100' title="bbox 2315 5212 3738 5302; baseline -0.018 -14"><span class='ocrx_word' id='word_1_662' title='bbox 2315 5234 2501 5296; x_wconf 86' lang='grc' dir='ltr'>Πίστις</span> <span class='ocrx_word' id='word_1_663' title='bbox 2527 5234 2712 5302; x_wconf 84' lang='grc' dir='ltr'>μήτηρ</span> <span class='ocrx_word' id='word_1_664' title='bbox 2746 5232 2840 5284; x_wconf 71' lang='grc' dir='ltr'><strong>καὶ</strong></span> <span class='ocrx_word' id='word_1_665' title='bbox 2877 5231 3118 5298; x_wconf 71' lang='grc' dir='ltr'>στεφάνη</span> <span class='ocrx_word' id='word_1_666' title='bbox 3151 5229 3246 5284; x_wconf 79' lang='grc' dir='ltr'><strong>καὶ</strong></span> <span class='ocrx_word' id='word_1_667' title='bbox 3270 5212 3738 5296; x_wconf 75' lang='grc' dir='ltr'>συμπεραίωσιςτῶν</span> 
     </span>
    </p>
   </div>
   <div class='ocr_carea' id='block_1_99' title="bbox 2236 5327 2736 5396">
    <p class='ocr_par' dir='ltr' id='par_1_99' title="bbox 2236 5327 2736 5396">
     <span class='ocr_line' id='line_1_101' title="bbox 2236 5327 2736 5396; baseline 0 -18"><span class='ocrx_word' id='word_1_668' title='bbox 2236 5327 2449 5396; x_wconf 81' lang='grc' dir='ltr'>ἀρετῶν</span> <span class='ocrx_word' id='word_1_669' title='bbox 2478 5327 2736 5395; x_wconf 84' lang='grc' dir='ltr'>ὑπάρχει.</span> 
     </span>
    </p>
   </div>
   <div class='ocr_carea' id='block_1_100' title="bbox 625 5397 2134 5487">
    <p class='ocr_par' dir='ltr' id='par_1_100' title="bbox 625 5425 2132 5487">
     <span class='ocr_line' id='line_1_102' title="bbox 625 5425 2132 5487; baseline -0.004 -3"><span class='ocrx_word' id='word_1_670' title='bbox 625 5433 930 5487; x_wconf 73' lang='lat' dir='ltr'><strong>Athanasii.</strong></span> <span class='ocrx_word' id='word_1_671' title='bbox 963 5430 1152 5485; x_wconf 84' lang='lat' dir='ltr'><strong>Melius</strong></span> <span class='ocrx_word' id='word_1_672' title='bbox 1185 5440 1268 5484; x_wconf 84' lang='lat' dir='ltr'><strong>est</strong></span> <span class='ocrx_word' id='word_1_673' title='bbox 1304 5429 1705 5484; x_wconf 87' lang='lat' dir='ltr'><strong>dubitationem</strong></span> <span class='ocrx_word' id='word_1_674' title='bbox 1755 5427 2004 5480; x_wconf 88' lang='lat' dir='ltr'><strong>obortam</strong></span> <span class='ocrx_word' id='word_1_675' title='bbox 2061 5425 2132 5478; x_wconf 65' lang='grc' dir='ltr'><strong>εἰη</strong></span> 
     </span>
    </p>
   </div>
   <div class='ocr_carea' id='block_1_101' title="bbox 2231 5397 3740 5487">
    <p class='ocr_par' dir='ltr' id='par_1_101' title="bbox 2317 5397 3740 5486">
     <span class='ocr_line' id='line_1_103' title="bbox 2317 5397 3740 5486; baseline -0.004 -16"><span class='ocrx_word' id='word_1_676' title='bbox 2317 5418 2535 5471; x_wconf 79' lang='grc' dir='ltr'>Βέλτιον</span> <span class='ocrx_word' id='word_1_677' title='bbox 2593 5416 2937 5486; x_wconf 84' lang='grc' dir='ltr'>ἀποροῦντας</span> <span class='ocrx_word' id='word_1_678' title='bbox 2991 5417 3206 5486; x_wconf 80' lang='grc' dir='ltr'>σιωπᾷν</span> <span class='ocrx_word' id='word_1_679' title='bbox 3259 5415 3359 5469; x_wconf 84' lang='grc' dir='ltr'><strong>καὶ</strong></span> <span class='ocrx_word' id='word_1_680' title='bbox 3411 5397 3740 5468; x_wconf 68' lang='grc' dir='ltr'>πιστεύειννῆ</span> 
     </span>
    </p>
   </div>
   <div class='ocr_carea' id='block_1_102' title="bbox 554 5508 2063 5594">
    <p class='ocr_par' dir='ltr' id='par_1_102' title="bbox 554 5520 2063 5594">
     <span class='ocr_line' id='line_1_104' title="bbox 554 5520 2063 5594; baseline -0.004 -16"><span class='ocrx_word' id='word_1_681' title='bbox 554 5527 722 5580; x_wconf 85' lang='lat' dir='ltr'><strong>lentio</strong></span> <span class='ocrx_word' id='word_1_682' title='bbox 755 5525 1048 5594; x_wconf 86' lang='lat' dir='ltr'><strong>reprimere</strong></span> <span class='ocrx_word' id='word_1_683' title='bbox 1079 5532 1134 5578; x_wconf 88' lang='lat' dir='ltr'><strong>et</strong></span> <span class='ocrx_word' id='word_1_684' title='bbox 1159 5523 1405 5586; x_wconf 89' lang='lat' dir='ltr'><strong>credere,</strong></span> <span class='ocrx_word' id='word_1_685' title='bbox 1437 5536 1598 5591; x_wconf 85' lang='lat' dir='ltr'><strong>quam</strong></span> <span class='ocrx_word' id='word_1_686' title='bbox 1652 5531 1870 5590; x_wconf 85' lang='lat' dir='ltr'><strong>propter</strong></span> <span class='ocrx_word' id='word_1_687' title='bbox 1921 5520 2063 5573; x_wconf 83' lang='lat' dir='ltr'><strong>dubii</strong></span> 
     </span>
    </p>
   </div>
   <div class='ocr_carea' id='block_1_103' title="bbox 1470 5508 2979 5594">
    <p class='ocr_par' dir='ltr' id='par_1_103' title="bbox 1477 5508 2979 5590">
     <span class='ocr_line' id='line_1_105' title="bbox 1477 5508 2979 5590; baseline -0.008 -18"><span class='ocrx_word' id='word_1_688' title='bbox 1477 5536 1598 5574; x_wconf 85' lang='lat' dir='ltr'><strong>nam</strong></span> <span class='ocrx_word' id='word_1_689' title='bbox 1652 5531 1870 5590; x_wconf 74' lang='lat' dir='ltr'><strong>propter</strong></span> <span class='ocrx_word' id='word_1_690' title='bbox 1921 5520 2136 5573; x_wconf 75' lang='lat' dir='ltr'><strong>dubita-</strong></span> <span class='ocrx_word' id='word_1_691' title='bbox 2237 5509 2493 5563; x_wconf 86' lang='grc' dir='ltr'>ἀπιστεῖν</span> <span class='ocrx_word' id='word_1_692' title='bbox 2521 5508 2609 5560; x_wconf 70' lang='grc' dir='ltr'>διὰ</span> <span class='ocrx_word' id='word_1_693' title='bbox 2643 5509 2702 5559; x_wconf 75' lang='grc' dir='ltr'>τὸ</span> <span class='ocrx_word' id='word_1_694' title='bbox 2731 5509 2979 5576; x_wconf 79' lang='grc' dir='ltr'>ἀπορεῖν.</span> 
     </span>
    </p>
   </div>
   <div class='ocr_carea' id='block_1_104' title="bbox 557 5619 1048 5672">
    <p class='ocr_par' dir='ltr' id='par_1_104' title="bbox 557 5619 1048 5672">
     <span class='ocr_line' id='line_1_106' title="bbox 557 5619 1048 5672; baseline -0.002 -2"><span class='ocrx_word' id='word_1_695' title='bbox 557 5619 759 5672; x_wconf 86' lang='lat' dir='ltr'><strong>tionem</strong></span> <span class='ocrx_word' id='word_1_696' title='bbox 792 5619 1048 5672; x_wconf 85' lang='lat' dir='ltr'><strong>dillidere.</strong></span> 
     </span>
    </p>
   </div>
   <div class='ocr_carea' id='block_1_105' title="bbox 626 5685 2135 5781">
    <p class='ocr_par' dir='ltr' id='par_1_105' title="bbox 626 5705 2135 5781">
     <span class='ocr_line' id='line_1_107' title="bbox 626 5705 2135 5781; baseline -0.004 -18"><span class='ocrx_word' id='word_1_697' title='bbox 626 5707 781 5781; x_wconf 82' lang='lat' dir='ltr'><strong>Greg.</strong></span> <span class='ocrx_word' id='word_1_698' title='bbox 819 5709 989 5764; x_wconf 82' lang='lat' dir='ltr'><strong>Omne</strong></span> <span class='ocrx_word' id='word_1_699' title='bbox 1017 5708 1160 5777; x_wconf 86' lang='lat' dir='ltr'><strong>quod</strong></span> <span class='ocrx_word' id='word_1_700' title='bbox 1189 5716 1432 5763; x_wconf 86' lang='lat' dir='ltr'><strong>creatum</strong></span> <span class='ocrx_word' id='word_1_701' title='bbox 1465 5714 1568 5770; x_wconf 89' lang='lat' dir='ltr'><strong>est,</strong></span> <span class='ocrx_word' id='word_1_702' title='bbox 1595 5715 1745 5761; x_wconf 76' lang='lat' dir='ltr'><strong>extra</strong></span> <span class='ocrx_word' id='word_1_703' title='bbox 1773 5705 2008 5758; x_wconf 86' lang='lat' dir='ltr'><strong>divinam</strong></span> <span class='ocrx_word' id='word_1_704' title='bbox 2041 5719 2135 5758; x_wconf 93' lang='lat' dir='ltr'><strong>na-</strong></span> 
     </span>
    </p>
   </div>
   <div class='ocr_carea' id='block_1_106' title="bbox 2233 5685 3742 5781">
    <p class='ocr_par' dir='ltr' id='par_1_106' title="bbox 2315 5685 3742 5771">
     <span class='ocr_line' id='line_1_108' title="bbox 2315 5685 3742 5771; baseline -0.013 -13"><span class='ocrx_word' id='word_1_705' title='bbox 2315 5707 2430 5758; x_wconf 83' lang='grc' dir='ltr'><strong>ῐΙᾶν</strong></span> <span class='ocrx_word' id='word_1_706' title='bbox 2453 5704 2513 5756; x_wconf 81' lang='grc' dir='ltr'>τὸ</span> <span class='ocrx_word' id='word_1_707' title='bbox 2539 5703 2760 5757; x_wconf 79' lang='grc' dir='ltr'>κτιστδν</span> <span class='ocrx_word' id='word_1_708' title='bbox 2788 5702 2894 5767; x_wconf 77' lang='grc' dir='ltr'><strong>ἔξω</strong></span> <span class='ocrx_word' id='word_1_709' title='bbox 2917 5701 3020 5771; x_wconf 84' lang='grc' dir='ltr'>τῆς</span> <span class='ocrx_word' id='word_1_710' title='bbox 3062 5701 3216 5765; x_wconf 84' lang='grc' dir='ltr'>θείας</span> <span class='ocrx_word' id='word_1_711' title='bbox 3251 5701 3457 5770; x_wconf 78' lang='grc' dir='ltr'>φύσεως</span> <span class='ocrx_word' id='word_1_712' title='bbox 3488 5691 3603 5747; x_wconf 74' lang='grc' dir='ltr'>εἶναι</span> <span class='ocrx_word' id='word_1_713' title='bbox 3629 5685 3742 5738; x_wconf 73' lang='grc' dir='ltr'>νοεῖν</span> 
     </span>
    </p>
   </div>
   <div class='ocr_carea' id='block_1_107' title="bbox 555 5774 2064 5870">
    <p class='ocr_par' dir='ltr' id='par_1_107' title="bbox 555 5799 2064 5870">
     <span class='ocr_line' id='line_1_109' title="bbox 555 5799 2064 5870; baseline -0.008 -7"><span class='ocrx_word' id='word_1_714' title='bbox 555 5817 732 5863; x_wconf 83' lang='lat' dir='ltr'><strong>turam</strong></span> <span class='ocrx_word' id='word_1_715' title='bbox 762 5803 1170 5861; x_wconf 87' lang='lat' dir='ltr'><strong>autessentiam</strong></span> <span class='ocrx_word' id='word_1_716' title='bbox 1202 5816 1321 5858; x_wconf 85' lang='lat' dir='ltr'><strong>esse</strong></span> <span class='ocrx_word' id='word_1_717' title='bbox 1349 5799 1597 5870; x_wconf 84' lang='lat' dir='ltr'><strong>judicare</strong></span> <span class='ocrx_word' id='word_1_718' title='bbox 1655 5799 1831 5855; x_wconf 88' lang='lat' dir='ltr'><strong>edocti</strong></span> <span class='ocrx_word' id='word_1_719' title='bbox 1892 5813 2064 5855; x_wconf 71' lang='lat' dir='ltr'><strong>sumus</strong></span> 
     </span>
    </p>
   </div>
   <div class='ocr_carea' id='block_1_108' title="bbox 2233 5774 3742 5870">
    <p class='ocr_par' dir='ltr' id='par_1_108' title="bbox 2241 5774 3742 5869">
     <span class='ocr_line' id='line_1_110' title="bbox 2241 5774 3742 5869; baseline -0.019 -16"><span class='ocrx_word' id='word_1_720' title='bbox 2241 5797 2640 5869; x_wconf 70' lang='grc' dir='ltr'>ἐπαιδεύθημεν</span> <span class='ocrx_word' id='word_1_721' title='bbox 2667 5811 2681 5828; x_wconf 67' lang='grc' dir='ltr'>θ</span> <span class='ocrx_word' id='word_1_722' title='bbox 2739 5796 2910 5868; x_wconf 83' lang='grc' dir='ltr'>μόνην</span> <span class='ocrx_word' id='word_1_723' title='bbox 2957 5793 3015 5847; x_wconf 85' lang='grc' dir='ltr'>δὲ</span> <span class='ocrx_word' id='word_1_724' title='bbox 3064 5791 3165 5862; x_wconf 82' lang='grc' dir='ltr'>τὴν</span> <span class='ocrx_word' id='word_1_725' title='bbox 3215 5793 3459 5848; x_wconf 75' lang='grc' dir='ltr'>ἄκτιστον</span> <span class='ocrx_word' id='word_1_726' title='bbox 3500 5783 3633 5854; x_wconf 74' lang='grc' dir='ltr'>φύσιν</span> <span class='ocrx_word' id='word_1_727' title='bbox 3667 5774 3742 5826; x_wconf 78' lang='grc' dir='ltr'>λα-</span> 
     </span>
    </p>
   </div>
  </div>
