3822 6558
182 310 281 373 773

1049 329 1221 391 LOCI
1260 333 1802 403 COMMUNES.-
1842 340 2060 407 PARS.
2109 346 2157 409 ἶ.
2199 348 2459 413 SERMO
2491 354 2572 415 ΙΙ.

3319 368 3427 433 774

178 425 375 496 τρεύειν
411 426 503 479 καὶ
543 428 819 492 σέϐεσθαι,
863 428 932 504 ἧς
969 441 1261 521 χαρακτήρ
1300 445 1419 498 ἐστι
1451 446 1547 499 καὶ
1586 442 1723 516 γνὼ-

1848 466 1944 533 iam
1991 468 2120 509 vero
2175 457 2525 515 solummodo
2556 470 2831 528 naturam,
2862 479 2981 533 quin
3015 466 3259 527 iucreata
3312 486 3425 537 est.

178 533 333 608 ρισμα
359 517 418 570 τὸ
452 518 586 590 μήτε
614 521 877 594 ἄρχεσθαι
908 527 1000 581 τοῦ
1025 514 1167 584 εἷναί
1204 551 1355 601 ποτε,
1392 538 1529 608 μήτε
1554 514 1726 594 παύε-

242 698 423 762 Πίστις
468 700 607 774 μόνη
638 709 834 775 κρατεῖ
869 709 961 763 τὸν
987 713 1336 787 ἀκράτητον*
1375 719 1556 784 πίστις
1590 723 1724 795 μόνη

182 794 416 845 κατανοεῖ
458 793 549 846 τὸν
604 797 867 854 ἀθέατονσ
916 804 1104 870 πίστις
1172 808 1307 881 μόνη
1357 793 1726 881 προσπελάζει

177 884 244 953 τῷ
273 885 718 962 ἀπροσπελάστῳ,
744 892 1127 977 ὅσονηὲγχωρεί
1144 902 1240 955 καὶ
1266 903 1388 957 ὅσον
1419 905 1720 976 ἐνδέχεται.

247 978 455 1048 Ἐπειδὴ
502 984 833 1050 ἀνεπίϐατός
879 989 1311 1064 ἐπιλογισμοῖς
1353 996 1725 1067 ἀνθρωπίνοις

175 1072 264 1139 τῆς
313 1071 719 1147 ὑπερκειμένης
769 1081 985 1150 φύσεως
1039 1086 1072 1157 ἡ
1127 1088 1472 1160 κατάληψις,
1526 1093 1721 1148 τούτου

173 1161 315 1259 χάριν
360 1165 611 1259 ήᾲπίστις
657 1170 780 1225 ἀντὶ
819 1174 1098 1246 λογισμῶν
1145 1180 1378 1248 γίνεται,
1426 1186 1539 1248 τοῖς
1582 1186 1726 1259 ὑπὲρ

172 1253 315 1319 λόγον
346 1257 438 1309 καὶ
467 1261 777 1332 κατάληψιν
814 1268 1014 1339 ἑαυτὴν
1045 1271 1462 1343 ὑπερτείνουσα.

232 1343 298 1395 Τὸ
330 1345 517 1400 πίστει
564 1354 906 1422 παραδεκτδν
926 1395 943 1421 ,
985 1360 1553 1436 ἀπολυπραγμόνητον
1586 1366 1724 1425 εἶναι

171 1438 282 1505 χρή.
313 1438 383 1490 Τὸ
414 1441 525 1512 γάρ
557 1460 642 1498 τοι
695 1446 1124 1535 βασανιζόμενον
1157 1456 1276 1524 πῶς
1319 1456 1399 1513 ἔτι
1434 1462 1728 1518 πεπίστευ-

170 1544 242 1580 ται
260 1546 276 1595 ;

238 1713 297 1767 Ἥ
330 1716 434 1786 μὲν
478 1720 663 1787 πίστις
713 1726 977 1798 σύντομός
1020 1733 1191 1801 ἐστιν,
1238 1737 1315 1801 ὡς
1365 1741 1564 1805 εἰπεῖν,
1612 1745 1722 1801 τῶν

170 1813 590 1880 κατεπειγόντων
621 1820 841 1885 γνῶσις.

169 1898 240 1952 διὰ
268 1903 504 1972 πίστεως
529 1915 994 1986 παρειλημμένων
1023 1921 1220 1991 ἰσχυρὰ
1249 1925 1346 1978 καὶ
1376 1898 1593 1997 βεϐαίαν.

229 2086 327 2156 Οὐχ
359 2090 391 2145 δ
424 2094 587 2145 παντὶ
620 2096 890 2154 πιστεύων
922 2101 1112 2168 πιστὸς
1133 2103 1387 2181 λέγεται·
1413 2109 1719 2181 ἁλλ’ὸΘεῷ

172 2183 447 2249 πιστεύων,
482 2186 649 2251 αὐτὸς
682 2190 843 2259 μόνος
866 2195 1057 2258 πιστὸς
1085 2178 1180 2251 καὶ
1215 2199 1331 2254 ἔστι
1359 2204 1449 2255 καὶ
1479 2178 1716 2273 λέγεται..

241 2273 301 2366 ᾘ
327 2274 538 2346 ἀληθὴς
573 2280 829 2352 ἰεραρχία
859 2286 942 2348 τίς
982 2286 1050 2341 ἂν
1080 2288 1189 2359 εἴη,
1227 2293 1367 2362 πλὴν
1393 2293 1571 2366 ψυχῆς
1603 2296 1721 2351 θεο-

172 2364 333 2434 φιλοῦς
384 2368 683 2440 εὐσέϐεια;
735 2369 803 2446 ἧς
853 2376 916 2430 τὸ
968 2380 1291 2453 εὐχάριστον
1333 2364 1720 2453 ἀθανατίζεται

170 2460 301 2529 παρά
330 2462 413 2532 τῷ
439 2463 579 2534 Θεῷ,
613 2468 1019 2536 συνδιαιωνίζον
1054 2474 1213 2546 ἡλίῳ,
1247 2479 1342 2532 καὶ
1372 2479 1592 2554 σελήνῃ,
1626 2485 1721 2537 καὶ

168 2551 229 2620 τῷ
253 2554 411 2606 παντὶ
441 2556 653 2626 κόσμῳ.

233 2643 395 2717 Ἀρχὴ
427 2647 625 2721 ἀρίστη
670 2650 893 2707 πάντων
938 2655 1041 2727 μὲν
1068 2659 1096 2712 ὁ
1126 2658 1280 2727 Θεὸς,
1303 2661 1514 2733 ἀρετῶν
1542 2664 1598 2718 δὲ
1628 2666 1718 2719 εὑ·

170 2736 352 2796 σέϐεια.

230 2833 437 2905 Ὠσπερ
470 2837 638 2907 φασιν
685 2837 746 2894 ἐν
800 2840 1045 2913 ἰατρικῇ,
1094 2844 1164 2899 τὰ
1218 2846 1295 2917 μὴ
1342 2849 1560 2922 καθαρὰ
1609 2851 1718 2905 τῶν

171 2928 421 2997 σωμάτων
455 2931 643 3002 όπόσφ
689 2930 757 2986 ἂν
804 2933 1032 3008 θρέψῃς,
1069 2938 1268 3007 μᾶλλον
1295 2939 1543 3011 βλάψεις,
1584 2944 1720 3014 ὓλην

173 3018 438 3073 ὐποϐαλὼν
465 3023 536 3092 τῇ
576 3026 925 3098 κακοχυμίᾳ·
974 3028 1149 3095 οὕτως
1183 3033 1279 3086 καὶ
1307 3032 1484 3104 ψυχὴν
1524 3038 1722 3108 μοχθη-

1832 545 2010 600 colere
2034 554 2090 603 et
2125 552 2372 605 venerari
2404 552 2715 622 didicimus,
2745 557 2903 626 cujus
2923 567 3049 616 nota
3083 572 3138 617 et
3161 564 3422 623 indicium

1832 647 1935 700 est,
1968 654 2067 693 nec
2102 655 2343 709 unquam
2375 649 2630 715 cmpisse,
2662 664 2762 704 nec
2794 668 3034 721 unquam
3092 657 3346 714 deiicere.

1902 730 2027 786 Sola
2051 734 2184 790 ﬁdes
2208 739 2616 807 comprehendit
2635 741 3261 811 incomprehensibilem.
3289 750 3420 809 Sola

1829 820 1962 878 ﬁdes
1989 822 2315 882 invisibilem
2350 833 2596 901 percipit.
2629 834 2754 889 Sola
2803 835 2933 892 ﬁdes
2962 839 3297 897 inaccessum
3328 858 3423 898 ac-

1826 914 1990 979 cedit,
2032 921 2212 988 quoad
2244 921 2366 990 ejus
2393 925 2504 978 ﬁeri
2539 934 2716 994 potest
2748 937 2803 983 et
2831 929 2977 984 licet.

1903 1007 2355 1082 Quandoquidem
2410 1031 2658 1085 supernae
2730 1029 2938 1076 natura:
3002 1025 3419 1091 comprehensio

1829 1097 2085 1157 humanis
2109 1106 2414 1161 rationibus
2442 1108 2597 1179 longe
2621 1118 2705 1165 est
2739 1113 3011 1181 superior,
3047 1113 3251 1171 idcirco
3286 1115 3419 1171 ﬁdes

1829 1192 2103 1247 rationum
2141 1195 2317 1251 locum
2343 1200 2544 1269 explet,
2567 1217 2729 1272 super
2774 1219 2838 1258 ea
2897 1220 3017 1273 quae
3055 1206 3320 1262 rationem
3361 1219 3417 1263 et

1828 1284 2165 1340 intellectum
2203 1302 2481 1358 superant,
2533 1295 2879 1363 semetipsam
2914 1299 3237 1354 extendens.

1902 1376 2205 1453 Clementis.
2249 1382 2401 1447 Quod
2434 1385 2538 1439 tide
2572 1398 2883 1457 perceptum
2946 1399 3050 1455 est,
3107 1406 3137 1445 a
3199 1392 3415 1447 curiosa

1826 1471 2186 1538 inquisitione
2222 1476 2460 1530 alienum
2520 1478 2591 1532 sit
2649 1489 2881 1548 oportet.
2944 1480 3097 1544 Quod
3141 1483 3287 1537 enim
3346 1485 3412 1538 ad

1827 1564 2086 1618 amussim
2115 1566 2706 1636 studioseexploratum
2735 1580 2838 1637 est,
2862 1574 3134 1643 quomodo
3166 1574 3271 1631 ﬁde
3289 1592 3414 1646 per-

1825 1665 2039 1721 ceptum
2075 1665 2170 1711 aut
2196 1658 2463 1713 creditum
2499 1675 2621 1714 esse
2652 1661 2912 1717 dicetur?

1900 1746 2058 1802 Fides
2098 1749 2276 1805 brevis
2298 1764 2350 1806 et
2376 1756 2782 1820 compendiosa,
2801 1766 2858 1810 ut
2886 1758 2959 1812 ita
2994 1757 3190 1825 dicam,
3219 1774 3406 1815 rerum

887 1824 952 1877 'H
984 1827 1183 1894 γνῶσις
1212 1829 1287 1893 δὲ,
1314 1833 1588 1904 ἀπόδειξις
1611 1839 1720 1894 τῶν

1848 1840 2256 1896 necessariarum
2285 1853 2369 1898 est
2403 1846 2662 1912 cognitio.
2689 1848 2758 1901 At
2792 1850 3031 1917 cognitio
3058 1860 3318 1907 constans
3348 1863 3403 1907 et

1821 1931 1974 1985 firma
1994 1941 2076 1989 est
2093 1949 2307 2002 eorum,
2323 1952 2444 2007 quae
2471 1952 2565 2008 per
2585 1938 2740 1993 ﬁdem
2758 1948 2976 2010 accepta
3001 1950 3151 2008 sunt,
3175 1943 3406 1999 demon-

1820 2021 2034 2078 stratio.

1891 2111 2147 2170 Severini.
2179 2115 2298 2171 Non
2329 2118 2420 2186 qui
2457 2119 2633 2175 cuivis
2653 2122 3019 2183 creditﬁdelis
3047 2124 3269 2187 dicitur.
3305 2126 3400 2182 sed

1820 2206 1911 2273 qui
1947 2203 2058 2259 Deo
2083 2209 2274 2274 credit,
2312 2209 2398 2264 hic
2427 2211 2580 2267 solus
2621 2212 2795 2269 ﬁdelis
2824 2227 2908 2271 est
2956 2226 3010 2271 et
3075 2217 3296 2274 dicitur.

1893 2294 2155 2351 Philonis.
2178 2299 2316 2355 Vera
2350 2300 2651 2357 hicrardiia
2682 2320 2925 2373 quamam
2949 2308 3078 2372 alia,
3098 2324 3258 2377 quam
3280 2308 3402 2363 ani-

1822 2402 1922 2443 mae
1945 2387 2054 2443 Deo
2076 2390 2285 2446 dilecta:
2307 2393 2498 2462 pietas,
2535 2393 2742 2450 fuerit?
2771 2396 2929 2467 cujus
2960 2400 3234 2469 gratitudo
3255 2400 3400 2469 apud

1821 2481 1990 2539 Deum
2016 2486 2340 2542 immortalis
2372 2498 2478 2555 est,
2532 2505 2770 2560 perenne
2827 2509 3001 2548 aevum
3065 2509 3190 2549 cum
3259 2495 3396 2559 sole,

1820 2573 1871 2645 5
1911 2575 2043 2631 luna
2082 2587 2136 2633 et
2185 2586 2295 2633 toto
2328 2580 2529 2635 mundo
2557 2582 2875 2639 extendens.

1887 2670 2212 2728 Aristotelis.
2268 2670 2524 2728 Omnium
2584 2674 2804 2744 quidem
2859 2675 3186 2746 principium
3238 2677 3384 2747 opti-

1819 2776 1966 2817 mum
2005 2761 2147 2818 Deus
2179 2771 2284 2831 est,
2313 2765 2578 2820 virtutum
2613 2782 2739 2822 vero
2773 2768 2964 2836 pietas.

1890 2856 2355 2924 Quemadmodum
2389 2859 2443 2912 in
2476 2859 2744 2914 medicina
2777 2861 2891 2915 lieri
2923 2860 3137 2926 dicunt,
3171 2868 3231 2915 ut
3259 2873 3384 2914 cor-

1820 2963 1954 3015 pora
1982 2962 2087 3004 non
2128 2964 2265 3015 pura
2321 2965 2432 3019 quo
2491 2951 2665 3021 magis
2719 2951 3035 3020 nutriveris,
3110 2968 3174 3006 eo
3222 2951 3393 3022 magis

1822 3042 2008 3106 laedas,
2069 3041 2356 3096 materiam
2417 3043 2678 3098 nimirum
2740 3045 3014 3114 corruptis
3072 3044 3396 3098 humoribus

173 3111 270 3179 ροίς
291 3110 528 3180 δόγμασι
554 3118 1126 3193 προκατειλημμένην,
1156 3125 1338 3195 ὁπόσῳ
1380 3128 1453 3182 ἂν
1476 3129 1716 3202 διδάξῃς,

1848 3149 2120 3204 .uggereus
2152 3150 2169 3192 :
2211 3135 2291 3190 sic
2317 3136 2499 3204 pravis
2539 3137 2892 3206 opinionibus
2949 3148 3382 3207 praeoccupatam

176 3204 356 3294 μᾶλλον
388 3206 636 3276 βλάψεις,
669 3211 925 3281 μείζονας
945 3216 1118 3287 ἀρχὰς
1155 3219 1292 3292 αὐτῇ
1333 3222 1438 3293 τῆς
1468 3223 1722 3294 ψευδοδο-

174 3293 270 3361 ξίας
291 3300 577 3371 παρέχων.

764 3508 986 3565 ΛΟΓΟΣ
1038 3510 1116 3569 B'.

174 3594 294 3664 Περὶ
348 3598 468 3677 τῶνς
525 3603 1025 3677 παραϐεϐηκότων
1074 3604 1190 3677 τὴν
1255 3608 1576 3677 εὐσέϐειαν
1623 3610 1724 3666 καί

396 3670 629 3735 πίστιν,
657 3671 754 3725 καί
776 3675 865 3739 εἰς
886 3674 1036 3728 Θεὸν
1067 3670 1468 3733 ἀάεϐούνταηο.

238 3759 379 3814 Ἰδὼν
410 3762 440 3816 ό
462 3762 592 3828 λαδς
622 3764 705 3818 ὅτι
725 3765 1013 3836 κεχρόνικε
1035 3768 1279 3839 Μωῢσῆς
1322 3771 1629 3842 καταϐῆναι
1660 3773 1724 3828 ἐκ

118 3880 125 3887 -
172 3851 253 3905 τοῦ
278 3853 459 3924 ὅρους,
483 3855 716 3926 συνέστη
776 3858 872 3911 ἐπὶ
912 3858 1147 3929 Ἀαρὼν,
1181 3862 1278 3915 καὶ
1323 3863 1473 3932 λέγει
1522 3865 1670 3936 αὐτῷ
1706 3882 1720 3897 ³

183 3943 453 4016 Ἀνάστηθι
476 3949 573 4001 καί¹
598 3948 825 4017 ποίησον
888 3953 1023 4020 ἡμῖν
1080 3952 1259 4020 θεοὺς,
1309 3954 1360 4008 οἳ
1417 3956 1723 4026 προπορεύ-

175 4052 337 4093 σονται
358 4040 538 4110 ἡμῶν.
573 4041 635 4095 '0
666 4041 777 4112 γὰρ
818 4044 1060 4116 Μωῢσῆς
1092 4040 1247 4109 οὗτος
1276 4047 1304 4099 ό
1329 4046 1613 4116 ἄνθρωπος
1665 4048 1726 4113 ὃς

172 4125 418 4197 ἰξήγαγεν
438 4131 585 4200 ἡμᾶς
615 4130 676 4197 ἐξ
704 4131 1007 4199 Αἰγύπτου,
1039 4132 1141 4188 οὒκ
1167 4134 1389 4205 οἴδαμεν
1417 4135 1470 4190 τί
1498 4138 1723 4206 γέγονεν

174 4219 323 4290 αὐτῷ.
354 4222 460 4274 Καὶ
480 4223 629 4291 λέγει
658 4224 844 4288 αὐτοῖς
889 4224 1105 4297 Ἀαρών
1136 4242 1152 4257 ⁸
1180 4227 1503 4296 Περιέλεσθε
1550 4229 1619 4282 τὸ.
1641 4230 1725 4281 ἔν-

172 4309 296 4365 ώτια
313 4314 384 4369 τὰ
413 4317 595 4384 χρυσᾶ
621 4316 690 4368 τά
722 4316 779 4368 ὲν
802 4317 917 4379 τοῖς
955 4315 1059 4369 ὠσὶ
1086 4316 1197 4369 τῶν
1241 4317 1515 4385 γυναικῶν
1549 4317 1722 4388 ὑμῶν,

174 4403 257 4456 καὶ
279 4403 589 4477 θυγατέρων
620 4396 811 4477 ὑμῶν,
854 4408 949 4461 καὶ
992 4406 1257 4476 ἐνέγκατε
1315 4408 1451 4479 πρὸς
1485 4409 1575 4476 μέ.
1617 4410 1725 4462 Καὶ

1822 3228 2082 3291 animam,
2124 3243 2236 3296 quo
2263 3228 2383 3296 plus
2414 3229 2686 3295 docueris,
2719 3244 2784 3284 eo
2836 3231 3006 3300 magis
3037 3230 3217 3293 laedes,
3275 3241 3395 3281 ma-

1821 3321 1967 3390 iores
2001 3320 2236 3376 subinde
2272 3321 2414 3375 male
2463 3334 2520 3375 et
2553 3335 2837 3392 perperam
2898 3321 3173 3379 sentiendi
3224 3336 3392 3380 occa-

1825 3412 2008 3468 siones
2039 3412 2418 3482 suppeditans.

2254 3518 2485 3577 SERMO
2512 3520 2555 3576 ll
2586 3520 2687 3593 [αι.
2741 3520 2926 3595 CLXI]
2946 3561 2964 3579 .

1825 3610 1905 3665 De
1930 3610 2037 3666 illis
2071 3612 2160 3682 qui
2188 3613 2436 3684 pietatem
2466 3631 2528 3668 ac
2564 3614 2722 3680 ﬁdem
2758 3617 3199 3684 pra'varirmttur,
3234 3624 3286 3672 et
3337 3617 3394 3673 in

2350 3682 2515 3737 Deum
2548 3696 2670 3739 sunt
2710 3682 2881 3757 impii.

1896 3773 2069 3829 Exod.
2131 3790 2307 3829 χχιιι.
2359 3773 2564 3832 Videns
2625 3779 2882 3848 populus,
2953 3778 3097 3849 quod
3139 3779 3394 3836 .tardavit

1826 3863 2039 3937 Moyses
2069 3866 2405 3922 descendere
2442 3867 2511 3922 de
2557 3879 2762 3933 monte,
2791 3878 3153 3941 congregatus
3198 3880 3283 3926 est
3322 3873 3389 3927 ad

1824 3956 2114 4023 Aaronem,
2140 3968 2197 4013 et
2241 3957 2375 4013 dicit
2421 3959 2470 4013 ei
2503 3975 2520 4015 :
2560 3959 2769 4031 Surge,
2806 3972 2859 4016 et
2886 3962 2970 4017 fac
3014 3964 3172 4048 no.bis
3235 3963 3390 4030 deos,

1825 4050 1918 4119 qui
1950 4050 2254 4118 praecedant
2298 4064 2421 4106 nos.
2451 4049 2586 4104 Nam
2644 4051 2856 4119 Moyses
2909 4054 2997 4111 hic
3056 4055 3242 4120 homo,
3301 4054 3394 4125 qui

1824 4142 2013 4196 eduxit
2048 4155 2148 4197 nos
2207 4143 2274 4198 de
2333 4151 2479 4198 terra
2533 4143 2781 4214 Egypti,
2831 4139 2939 4200 ηδιι
2995 4149 3200 4202 scimus
3258 4147 3389 4216 quid

1825 4231 2029 4288 factum
2061 4242 2147 4290 est
2178 4234 2275 4289 illi.
2313 4233 2378 4290 Et
2407 4235 2543 4290 dicit
2576 4236 2685 4291 illis
2717 4238 2895 4292 Aaron
2934 4255 2950 4294 :
2981 4237 3179 4292 Tollite
3237 4241 3391 4292 inau-

1825 4339 1915 4380 res
1947 4339 2162 4388 aureas,
2206 4340 2326 4395 qua:
2374 4326 2428 4380 in
2460 4327 2684 4381 auribus
2741 4328 3027 4383 mulierum
3084 4340 3389 4384 vestrarum

1826 4427 1883 4473 et
1917 4416 2144 4497 ﬁliarum
2162 4425 2487 4483 vestrarum,
2514 4429 2565 4472 et
2605 4417 2791 4472 afferte
2829 4421 2893 4473 ad
2922 4435 3027 4474 me.
3056 4418 3121 4475 Et
3154 4420 3397 4475 abstule-

176 4496 488 4565 περιείλοντο
515 4500 622 4560 πᾶς
639 4500 668 4551 ὁ
691 4497 817 4561 λαὸς
840 4498 911 4553 τὰ
945 4498 1144 4552 ἐνώτια
1170 4498 1238 4552 τὰ
1267 4503 1465 4568 χρυσᾶ,
1535 4503 1628 4554 καὶ
1654 4501 1720 4573 ἦ-

1848 4519 1950 4564 unt
1981 4509 2161 4564 omnis
2217 4508 2446 4579 populus
2478 4508 2699 4564 inaures
2731 4516 2946 4576 aureas,
2990 4521 3044 4565 et
3093 4514 3395 4570 attulerunt

176 4602 326 4654 εγκαν
352 4592 489 4660 πρὸς
521 4591 733 4662 ’Δαρὼν
754 4608 768 4623 ·
802 4592 898 4645 καὶ
928 4592 1185 4661 ἐποίησεν
1212 4592 1351 4645 αὐτὰ
1381 4594 1580 4664 μόσχον
1610 4612 1718 4663 χω-

176 4681 358 4751 νεντδν,
381 4685 474 4737 καὶ
503 4679 659 4737 εἶπεν
687 4699 702 4715 ·
742 4683 910 4738 Οὗτοι
952 4683 1003 4738 oi
1033 4683 1144 4739 θεοί
1175 4703 1291 4754 σου,
1333 4686 1575 4759 Ἰσραὴλ,
1593 4688 1725 4741 oin.-

177 4786 254 4834 νες
279 4773 602 4830 ἀνεϐίϐασαν
633 4793 692 4829 σε
723 4776 787 4829 ὲκ
817 4777 919 4845 γῆς
948 4775 1247 4845 Αἰγύπτου.

246 4865 334 4916 Διά
362 4866 460 4934 τὴν
496 4865 759 4920 ἀσέϐειαν
788 4866 896 4919 τῶν
916 4866 1088 4920 ἐθνῶν
1120 4867 1339 4945 ,τούτων
1376 4868 1582 4938 Κύριος
1633 4866 1725 4934 ἐξ·

178 4955 464 5025 ολαθρεύσει
488 4959 687 5021 αὐτοὺς
715 4958 819 5029 πρὸ
855 4957 1151 5028 προσώπου
1177 4976 1272 5012 σου
1306 4974 1321 4988 ·
1368 4960 1428 5013 ού
1481 4959 1569 5013 διὰ
1624 4962 1725 5029 τὴν

178 5047 407 5119 ὁσιότητα
439 5049 543 5116 τῆς
568 5051 797 5121 καρδίας
832 5065 927 5105 σου
975 5052 1277 5125 εἰσπορεύῃ
1313 5052 1724 5122 κληρονομῆσαι

178 5138 262 5211 τὴν
307 5143 407 5213 γῆν
454 5143 660 5211 αὐτῶν,
716 5141 858 5196 ἀλλὰ
895 5142 986 5196 διὰ
1007 5142 1103 5213 τὴν
1134 5143 1366 5213 ἀνομίαν
1400 5144 1508 5196 τῶν
1553 5143 1725 5197 ἐθνῶν

180 5234 382 5300 τούτων,
417 5235 625 5306 Κύριος
674 5234 1045 5306 ἐξολοθρεύσει
1100 5235 1298 5298 αὐτοὺς
1345 5235 1452 5306 πρὸ
1505 5236 1725 5306 προσώ-

182 5340 271 5377 που
299 5342 411 5381 σου.

242 5412 397 5473 Εἶπεν
419 5417 623 5490 Κύριος
651 5420 767 5483 τοῖς
798 5418 936 5483 υίοϊς
963 5418 1199 5491 Ἰσραὴλ,
1244 5438 1262 5472 ι
1283 5420 1470 5488 Ὑμεῖς
1522 5422 1726 5488 ἐγκατ-

188 5502 379 5562 ditari
438 5527 545 5579 με,
603 5514 700 5565 καὶ
752 5508 1105 5563 ἐδουλεύσατε
1191 5510 1330 5573 θεοῖς
1384 5512 1595 5579 ἑτέροις
1639 5510 1727 5564 διὰ

186 5598 323 5651 τοῦτο
346 5600 406 5653 οὐ
440 5599 735 5673 προσθήσω
763 5600 858 5655 τοῦ
891 5603 1062 5654 σῶσαι
1100 5602 1268 5670 ὑμᾶς.
1328 5601 1586 5667 Βαδίζετε
1633 5604 1726 5655 καὶ

191 5684 328 5754 βοᾶτε
357 5691 489 5761 πρὸς
521 5693 647 5757 τοὺς
682 5692 837 5756 θεοὺς
867 5692 963 5757 οὓς
993 5693 1312 5759 ἐξελέξασθε
1347 5695 1580 5763 ἑαυτοῖς,
1631 5697 1726 5751 καὶ⁴

190 5779 324 5835 αὐτοὶ
350 5785 677 5842 σωσάτωσαν
703 5786 846 5859 ὑμᾶς
873 5784 932 5842 ὲν
963 5783 1138 5855 καιρῷ
1163 5782 1415 5852 θλίψεως·
1457 5802 1475 5836 ³
1501 5848 1514 5858 ,

1824 4604 1891 4656 ad
1943 4605 2122 4659 Aaron
2166 4618 2181 4666 ;
2230 4610 2285 4657 et
2338 4601 2463 4654 fecit
2497 4616 2590 4655 eas
2646 4603 2875 4657 vitulum
2919 4602 3266 4660 conﬂatilem.
3327 4609 3394 4685 Et

1821 4693 2079 4748 dixerunt
2127 4709 2143 4749 :
2201 4692 2295 4747 lsti
2342 4691 2417 4746 dii
2453 4693 2553 4761 tui,
2580 4691 2766 4758 Israel,
2799 4692 3212 4764 quieduxerunt
3241 4705 3294 4753 te
3328 4699 3396 4754 de

1824 4794 1967 4840 terra
2016 4782 2252 4854 Egypti.

1936 4875 2089 4932 Deut.
2124 4891 2198 4931 IX.
2233 4875 2460 4945 Propter
2524 4876 2856 4947 impietatem
2894 4878 3133 4948 gentium
3201 4877 3393 4933 barum

1801 4968 2109 5040 .exscindet
2142 4982 2236 5023 cos
2296 4970 2558 5023 Dominus
2612 4978 2745 5043 ante
2794 4968 2986 5024 faciem
3040 4980 3210 5025 tuam.
3276 4971 3393 5025 Non

1825 5066 2048 5129 propter
2104 5058 2526 5113 sanctimoniam
2580 5062 2762 5114 cordis
2812 5060 2889 5114 tui
2948 5070 3004 5116 tu
3038 5062 3385 5133 ingredieris,

1826 5155 1885 5202 ut
1920 5147 2204 5217 possideas
2233 5156 2431 5202 terram
2479 5163 2693 5217 earum,
2726 5150 2822 5205 sed
2867 5164 3088 5222 propter
3132 5154 3393 5223 iniquita-

1827 5248 1933 5294 tem
1972 5240 2209 5310 gentium
2264 5240 2459 5296 harum
2512 5240 2773 5300 Dominus
2817 5245 3100 5300 esscindet
3125 5260 3220 5299 eos
3270 5253 3395 5298 ante

1827 5326 2024 5386 faciem
2077 5338 2250 5390 tuam.

1927 5418 2111 5475 Judic.
2145 5437 2199 5475 χ.
2229 5419 2295 5475 Et
2345 5421 2485 5479 dixit
2543 5420 2809 5479 Dominus
2860 5422 2926 5477 ad
2975 5421 3123 5477 ﬁlios
3170 5421 3383 5477 Israel:

1827 5511 1938 5568 Vos
1974 5513 2271 5582 reliquistis
2301 5529 2387 5569 me
2415 5525 2466 5569 et
2498 5515 2743 5570 coluistis
2770 5517 2901 5569 deos
2926 5513 3155 5567 alienos.
3214 5512 3388 5567 ld‘cir-

1825 5620 1891 5661 co
1921 5618 2025 5659 non
2049 5603 2266 5669 addam,
2298 5613 2359 5659 ut
2394 5604 2619 5661 liberem
2670 5621 2791 5661 vos.
2839 5604 2917 5660 lte
2946 5614 2999 5659 et
3048 5604 3279 5659 clamate
3322 5606 3392 5660 a'd

1826 5696 1957 5751 deos
1985 5710 2125 5765 quos
2154 5695 2394 5767 elegistis
2421 5696 2598 5764 vobis,
2625 5706 2677 5753 et
2722 5696 2825 5766 ipsi
2874 5696 3107 5751 liberent
3166 5710 3265 5752 vos
3316 5695 3386 5750 in

1832 5793 2075 5856 tempore
2099 5784 2435 5844 alﬂictionis.
