3760 6582
455 376 566 438 775
1716 384 2037 462 ANTONII
2081 385 2426 448 MELISSAE
2811 345 2816 348 I
3557 412 3640 474 πο

526 490 628 546 Iob
685 506 778 546 xx.
835 490 1110 549 Gaudium
1170 497 1465 566 impiorum
1536 497 1694 551 ruina
1757 497 2015 553 indecens

2214 500 2539 572 Εὑφροσύνη
2571 503 2784 558 ἀσεϐῶν
2822 503 3023 574 πτῶμα
3060 504 3294 571 ἐξαίσιον
3327 520 3340 536 '
3370 519 3580 590 χαρμονῆ
3600 527 3641 578 δὲ

456 583 640 638 laetitia
670 592 854 640 autem
891 586 1198 656 iniquorum
1254 588 1512 658 perditio.
1573 587 1630 643 Si
1684 591 2019 646 ascenderin:

2195 595 2478 665 ιρανόμων
2510 597 2778 652 ἀπώλεια.
2823 597 2949 651 Ἐἀν
2984 598 3161 668 ἀναϐῇ
3191 597 3358 651 αὐτοῦ
3407 605 3476 667 εἰς
3523 583 3624 681 οὖρα

453 677 508 732 in
542 677 742 732 ccelum
789 676 911 748 ejus
963 678 1129 745 dona,
1179 688 1235 735 et
1287 679 1619 736 sacriﬁcium
1675 680 1796 750 ejus
1859 683 2019 738 nubet

2195 704 2228 738 ιν
2253 685 2321 739 τὰ
2349 686 2522 757 δῶρα,
2555 687 2588 755 ἠ
2615 687 2672 741 δὲ
2707 687 2866 742 θυσία
2901 687 3070 743 αὑτοῦ
3122 689 3302 757 νεφῶν
3337 690 3535 761 ἅψηται,
3574 676 3642 756 ἆται

451 769 712 841 attigerit,
742 778 799 826 et
825 771 977 826 visus
1008 771 1171 825 fuerit
1201 771 1312 841 jam
1350 774 1601 854 firmatus
1625 786 1768 837 esse,
1818 779 1949 828 tunc
1978 773 2019 828 ir

2197 779 2265 848 κῇ
2297 779 2396 849 ἤδη
2425 781 2881 850 κατεστηρῑχθαι,
2913 782 3035 834 τότε
3087 783 3167 845 εἰς
3197 781 3349 843 τέλος
3399 785 3639 846 ἀπολεῖται,

453 863 768 920 universum
803 864 998 934 peribit
1027 904 1044 926 .
1099 874 1149 919 et
1179 865 1272 934 qui
1312 873 1681 935 cognoverant
1712 864 1914 952 ipsum,
1946 864 2019 921 di-

2195 871 2202 922 ἱ
2236 870 2291 923 δὲ
2326 871 2525 937 ἰδόντες
2559 873 2722 926 αὑτὸν
2752 872 2957 946 ἐροῦσι,
2996 874 3102 927 Ποῦ
3134 876 3282 926 ἐστιν
3319 890 3334 941 ;

453 966 576 1011 cent
608 974 622 1010 :
657 955 756 1012 Ubi
790 958 916 1012 est?

525 1047 672 1105 Ibid.
703 1066 791 1106 xc.
827 1049 1016 1107 Facies
1043 1050 1334 1120 impiorum
1371 1050 1674 1121 ignominia
1723 1050 2019 1124 implebun-

2207 1050 2481 1121 Πρόσωπα
2515 1053 2727 1108 ἀσεϐῶν
2757 1055 2982 1124 ἀτιμίας
3007 1055 3492 1126 ὲμπλησθήσονται.

452 1149 566 1197 tur.

532 1231 673 1289 Ibid.
710 1250 822 1290 xxi.
853 1234 1054 1288 Lumen
1092 1232 1380 1302 impiorum
1414 1231 1809 1302 exstinguetur.

2203 1232 2324 1292 Φῶς
2347 1233 2558 1286 ἀσεϐῶν
2589 1234 2971 1304 σϐεσθήσεται.

528 1331 672 1386 Ibid.
719 1343 809 1382 xv.
855 1325 1045 1382 Omnis
1107 1325 1212 1378 vita
1265 1323 1414 1388 impii
1468 1323 1616 1379 curis
1667 1323 2019 1393 transigitur:

2203 1330 2321 1392 na;
2346 1332 2372 1382 ὁ
2411 1329 2522 1399 βίος
2554 1331 2784 1395 ἀσεϐοῦς
2817 1335 2873 1385 ὲν
2897 1331 3159 1404 φροντίδι.
3202 1333 3376 1390 Ὅταν
3398 1334 3512 1409 δοκῇ
3539 1339 3644 1409 ἑξρη.

452 1433 654 1478 etcum
683 1420 842 1475 visus
869 1416 1033 1472 fuerit
1062 1417 1172 1487 jam
1230 1417 1284 1470 in
1326 1429 1459 1486 pace
1502 1430 1687 1486 agere,
1753 1417 1936 1472 veniet
1977 1418 2019 1473 ei

2195 1421 2331 1490 ύειν,
2365 1424 2485 1494 ἥξει
2507 1423 2658 1495 αὐτῷ
2684 1426 2716 1496 ἡ
2743 1429 3122 1499 καταστροφή.

455 1513 766 1572 subversio.

524 1605 666 1660 Ibid.
705 1623 786 1662 in.
815 1603 950 1673 Spes
989 1603 1141 1673 impii
1181 1603 1340 1672 perit.

2201 1605 2388 1670 Ἐλπὶς
2417 1606 2654 1670 ἀσεϐοῦς
2675 1607 2982 1662 ἀπολεῖται.

529 1693 672 1748 Ibid.
708 1709 817 1749 χιιι.
841 1692 1130 1762 lmpiorum
1157 1691 1382 1746 lucerna
1407 1691 1808 1761 exstinguetur,
1838 1705 2019 1758 super-

2212 1697 2449 1751 Ἀσεϐῶν
2473 1697 2669 1768 λύχνος
2703 1697 3086 1766 σϐεσθήσεται.
3144 1697 3452 1751 Ἕλεύσετσι
3495 1702 3542 1755 δὲ
3575 1705 3643 1755 αὖε

453 1788 632 1842 veniet
658 1797 834 1841 autem
872 1785 981 1841 illis
1030 1785 1337 1851 subversio,
1369 1793 1425 1839 et
1453 1793 1618 1838 erunt
1665 1783 1812 1839 sicut
1846 1784 2019 1852 paleae

2195 1791 2240 1852 ῖς
2270 1791 2303 1858 ἡ
2334 1788 2706 1860 καταστροφὴ,
2747 1790 2840 1842 καὶ
2873 1788 3084 1842 ἔσονται
3121 1787 3318 1859 ῶσπερ
3376 1789 3533 1862 ἄχυρα
3573 1794 3646 1848 ὑπὸ

454 1889 617 1934 vento
649 1882 887 1950 agitatae.

2195 1881 2356 1948 νέμου.

529 1973 665 2028 Ibid.
703 1991 776 2027 xu.
806 1973 964 2029 Oculi
1010 1974 1301 2045 impiorum
1360 1973 1663 2028 tabescent.
1708 1967 1843 2025 Nam
1903 1986 2019 2041 spes

2216 1972 2520 2042 Ὀφθαλμοὶ
2542 1972 2758 2026 ἀσεϐῶν
2779 1971 3128 2043 τακήσονται.
3173 1971 3241 2024 Ἦ
3274 1971 3389 2042 γὰρ
3421 1970 3550 2036 ἐλπὶς
3580 1974 3646 2026 σὺ·

452 2079 642 2120 eorum
676 2065 926 2135 perditio.

2195 2070 2238 2116 ιν
2267 2064 2534 2122 ἀπώλεια.

523 2159 579 2230 6
610 2155 760 2211 Ρεαι.
789 2174 920 2211 xvn.
954 2155 1074 2211 Filii
1113 2156 1272 2210 alieni
1324 2155 1533 2208 mentiti
1561 2163 1688 2209 sunt
1716 2153 1868 2208 mihi.
1904 2150 2019 2206 Filii

2201 2155 2321 2208 Υἱοὶ
2353 2157 2623 2228 ἀλλότριοι
2654 2156 2957 2226 ἐψεύσαντό
2982 2174 3094 2227 μοι.
3130 2156 3252 2210 Υἱοὶ
3280 2156 3648 2228 ἀλλότριοιὲπε-

451 2251 613 2305 alieni
667 2251 953 2306 inveterati
1007 2262 1160 2317 sunt,
1189 2260 1243 2304 et
1293 2249 1739 2305 claudicavcrunt
1779 2262 1810 2302 a
1859 2245 2019 2301 semi-

2202 2249 2462 2317 ιιδθησαν,
2497 2248 2593 2303 καὶ
2619 2250 2900 2320 έχὼλαναν
2925 2249 3032 2303 ἀπὸ
3059 2248 3168 2303 τῶν
3188 2247 3398 2320 τρίϐων
3419 2248 3587 2303 αὐτῶν.

453 2340 521 2396 tis
549 2341 684 2395 suis.

523 2430 663 2486 Ibid.
689 2448 871 2487 xxxvt.
906 2432 1112 2486 Inimici
1150 2431 1362 2484 Domini
1403 2445 1530 2483 mox
1577 2439 1635 2482 ut
1667 2425 2019 2481 lionorillcati

2195 2432 2258 2484 Οἱ
2288 2431 2470 2500 ἐχθροὶ
2497 2429 2591 2484 τοῦ
2616 2430 2826 2500 Κυρίου
2860 2431 2978 2500 ἅμα
3023 2431 3101 2500 τῷ
3142 2432 3462 2501 δοξασθῆνσι
3503 2431 3647 2496 αὐτοὺς

448 2535 502 2578 et
547 2526 769 2580 exaltati
827 2524 1052 2592 fuerint,
1092 2524 1407 2580 deficientes
1441 2520 1900 2594 quemadmodum
1942 2517 2019 2572 fu-

2195 2526 2220 2576 .i
2252 2524 2553 2594 ὑψωθῆναι,
2592 2523 2931 2586 ἐκλείποντες
2960 2523 3092 2578 ὡσεὶ
3117 2525 3328 2589 καπνὸς
3356 2525 3591 2592 ἐξέλιπον.

451 2633 574 2671 mus
602 2617 938 2672 defecerunt.

523 2707 663 2763 Ibid.
698 2708 822 2763 Vidi
871 2708 1097 2778 impium
1151 2708 1613 2776 superexaltatum
1644 2715 1698 2760 et
1749 2703 2019 2758 elevatum

2200 2699 2355 2755 Εἶδον
2385 2703 2476 2754 τὸν
2509 2699 2681 2769 ἀσεϐῆ
2723 2701 3169 2772 ὑπερυψοὺμενον
3199 2705 3295 2757 καὶ
3322 2704 3647 2774 ἐπαιρόμενον,

451 2799 597 2854 sicut
621 2799 813 2854 cedros
847 2797 1157 2855 Libani.‘Et
1189 2798 1442 2863 transivi,
1473 2806 1527 2851 et
1561 2811 1687 2851 ecce
1726 2810 1830 2850 non
1882 2801 2019 2858 erat,

2195 2813 2200 2847 τ
2251 2795 2347 2856 τάς
2399 2793 2624 2861 κέδρους
2672 2794 2768 2846 τοῦ
2803 2793 3060 2847 Λιϐάνου.
3122 2794 3234 2847 Καὶ
3283 2796 3559 2865 παρῆλθον,
3584 2800 3647 2849 καὶ

450 2900 504 2944 et
527 2891 749 2962 quaesivi
779 2907 926 2960 eum,
971 2899 1028 2947 et
1065 2907 1171 2946 non
1193 2901 1277 2947 est
1309 2891 1559 2946 inventus
1592 2889 1745 2944 locus
1789 2888 1928 2958 ejus.

2195 2885 2243 2935 ib
2274 2882 2374 2935 οὐκ
2407 2878 2523 2970 ἦνί
2556 2887 2648 2934 καὶ
2669 2881 2910 2952 ἐζήτησα
2940 2883 3124 2948 αὑτὸν,
3159 2885 3256 2938 καὶ
3282 2885 3382 2954 οὐχ
3439 2886 3602 2957 εὑρέθη
3630 2890 3649 2940 ὁ

2122 2975 2291 3036 τόπος
2331 2971 2521 3026 αὐτοῦ.

523 3068 666 3124 Ibid.
696 3085 867 3126 uxn.
895 3069 998 3137 Qui
1030 3070 1287 3139 elongant
1325 3083 1382 3124 se
1429 3084 1460 3124 a
1493 3077 1566 3134 te,
1594 3065 1871 3136 peribunt.
1894 3063 2019 3119 Per-

2213 3065 2341 3120 Ἰδοὺ
2375 3069 2422 3121 oi
2455 3070 2830 3140 μακρύνοντες
2869 3071 3098 3134 ἑαυτοὺς
3149 3071 3257 3126 ἀπὸ
3293 3070 3389 3127 σοῦ
3441 3069 3649 3126 ἀπολοῦν·

451 3161 638 3218 didisti
676 3177 888 3228 omnes,
923 3164 1016 3234 qui
1058 3162 1405 3218 fornicamur
1439 3160 1535 3215 abs
1566 3168 1638 3215 te.

2200 3179 2238 3217 t.
2305 3160 2740 3233 Ἐξωλόθρευσοις
2801 3165 2978 3220 πάντα
3041 3165 3136 3220 τὸν
3215 3168 3532 3240 πορνεύοντα
3571 3167 3647 3220 ἀπὸ

2129 3273 2242 3310 σου.

524 3343 682 3398 Prov.
715 3359 789 3399 tv.
815 3343 930 3398 Viae
954 3343 1243 3415 impiorum
1274 3343 1596 3408 tenebrosae,
1628 3349 1682 3396 et
1704 3353 1814 3396 non
1839 3338 2019 3394 sciunt

2200 3354 2268 3408 Αἱ
2322 3356 2434 3411 ὁδοὶ
2473 3359 2582 3412 τῶν
2627 3359 2841 3413 ἀσεϐῶν
2891 3361 3190 3427 σκοτειναὶ,
3242 3361 3337 3416 καὶ
3377 3361 3472 3415 οὐκ
3512 3359 3646 3412 eiiciat

452 3437 509 3491 in
541 3451 654 3505 quo
685 3436 989 3490 offendunt.
1592 3465 1594 3467 >

2195 3446 2244 3509 ὃς
2270 3451 2722 3517 προσκόπτουσιν.

527 3527 668 3582 Ibid.
702 3543 776 3581 ιι.
820 3526 1017 3583 Facilis
1047 3535 1100 3581 et
1130 3525 1368 3596 jucunda
1418 3523 1475 3579 lit
1513 3523 1818 3593 impiorum
1843 3518 2019 3592 perdi-

2201 3541 2496 3613 Πρόχειρος
2535 3544 2745 3613 γίνεται
2792 3546 2885 3598 καὶ
2935 3545 3234 3615 ἐπίχαρτος
3290 3545 3495 3600 ἀσεδῶν
3535 3544 3647 3599 amb.

451 3617 547 3673 tio.

2195 3653 2266 3689 ια.

529 3709 703 3765 Vitam
756 3710 1044 3779 impiorum
1096 3710 1371 3763 subvertet
1421 3706 1700 3760 Dominus.

2199 3727 2354 3798 Ζωὴν
2387 3731 2601 3790 ἀσεϐῶν
2627 3732 2956 3804 ἀναστρέψει
2981 3733 3212 3804 Κύριος.

527 3802 664 3859 Ibid.
696 3819 749 3856 χ.
775 3802 1009 3857 Fructus
1042 3801 1331 3870 impiorum
1378 3795 1631 3868 perditio.

2197 3795 2414 3894 Καρποὶ
2433 3824 2646 3880 ἀσεϐῶν
2674 3795 2937 3884 ἀπώλεισ.

533 3891 672 3947 Ibid.
711 3909 770 3947 ιι.
797 3892 971 3962 Opera
1002 3892 1206 3960 iniusta
1236 3889 1365 3944 facit
1392 3887 1612 3956 impius.

527 3985 759 4040 Ibid..n.
789 3984 901 4041 Viae
931 3984 1221 4053 impiorum
1252 3983 1322 4037 de
1369 3989 1511 4035 terra
1542 3979 1817 4050 peribunt.

523 4079 664 4134 Ibid.
693 4095 750 4134 ιι.
782 4078 1095 4134 Persecutio
1121 4076 1410 4145 impiorum
1447 4074 1511 4127 ad
1541 4082 1797 4129 mortem.

523 4171 664 4227 Ibid.
692 4187 806 4226 xvi.
838 4170 1044 4238 Impius
1075 4175 1325 4224 servatur
1351 4165 1406 4220 in
1439 4165 1580 4219 diem
1605 4163 1832 4218 malum.

525 4263 671 4319 Ibid.
698 4279 886 4318 xxvnl.
916 4261 1074 4334 Fugit
1130 4259 1331 4330 impius
1377 4258 1597 4312 nemine
1636 4262 2019 4326 persequente.

522 4358 729 4412 Animae
765 4353 922 4426 impii
953 4367 1116 4409 nemo
1144 4351 1494 4408 miserebitur
1527 4347 1870 4402 mortalium.

2192 3911 2424 3987 Ἀσεϐὴς
2448 3921 2592 3973 ποιεῖ
2629 3921 2769 3991 ἔργα
2799 3923 2982 3978 ἄδικα.

2207 4007 2348 4062 Ὀδοὶ
2369 4012 2580 4065 ἀσεϐῶν
2614 4014 2675 4066 ὲκ
2707 4014 2808 4082 γῆς
2831 4015 3100 4072 ὀλοῦνται.

2209 4099 2269 4152 ’0
2299 4101 2542 4170 διωγμὸς
2569 4105 2782 4157 ἀσεϐῶν
2805 4109 2884 4167 εἰς
2912 4107 3161 4164 θάνατον.

2195 4192 2530 4245 Φυλάσσετοιι
2560 4194 2588 4246 ὁ
2627 4194 2830 4264 ἀσεϐὴς
2865 4199 2944 4260 εἰς
2976 4199 3190 4268 ἡμέραν
3215 4201 3406 4270 κακήν.

2198 4283 2393 4352 Φεύγει
2427 4285 2628 4356 ἀσεϐὴς
2658 4288 2885 4358 μηδενὸς
2907 4290 3215 4356 διώκοντος.

2195 4381 2357 4450 Ψυχὴ
2389 4379 2619 4446 ἀσεϐοῦς
2658 4383 2758 4436 οὐκ
2793 4384 3153 4455 ἐλεγχθήσεται
3201 4387 3293 4441 ὑπ’
3319 4358 3515 4447 οὐδενὸς
3554 4384 3642 4438 τῶν

2125 4472 2222 4525 ἀνθ
2229 4473 2446 4542 ρώπων.

519 4545 674 4600 Prov.
708 4559 865 4599 XVIII.
899 4541 1042 4645 Cum.
1085 4537 1302 4593 Ἶεῐιθτῖῑ
1358 4534 1558 4604 impius
1612 4535 1666 4588 ίη
1691 4532 2015 4604 Ρτθῐυηάυιη
2050 4557 2094 4612 D
2195 4532 2421 4636 ’Ᾰσεϐὴς
2452 4567 2623 4620 ἐλθὼν
2654 4569 2736 4633 εἰς
2774 4569 2936 4639 βάθος
2967 4571 3155 4625 κακῶν
3181 4573 3501 4645 καταφρονεῖ.

447 4642 740 4701 malorum,
767 4634 1089 4692 contemnit.

517 4731 654 4788 Ibid.
738 4745 838 4784 xu.
922 4727 1145 4782 Viscera
1219 4717 1514 4796 impiorum
1605 4723 1848 4779 misereri
1921 4737 2019 4777 ne-

2195 4745 2274 4797 Τά
2311 4744 2598 4817 σπλάγχνα
2629 4747 2736 4802 τῶν
2765 4749 2977 4803 ἀσεϐῶν
3014 4750 3371 4822 ἀνελεήμουα.

444 4825 650 4881 sciunt.
1251 4841 1254 4848 ·

521 4917 675 4972 Osee.
703 4910 1006 4967 Maledictio
1030 4910 1247 4965 Domini
1294 4910 1350 4965 in
1400 4909 1656 4966 domibus
1697 4909 2013 4978 impiorum.

2195 4929 2424 5000 Κατάρα
2481 4931 2685 5002 Κυρίου
2719 4933 2992 4998 ὲν“οῐκοις
3037 4935 3422 5006 ἀσεϐῶν.“Ἐτη
3465 4932 3645 4987 ἀσεϐῶν

441 5012 584 5066 Anni
618 5009 905 5078 impiorum
935 5007 1090 5078 pauci
1121 5014 1302 5060 erunt.

2195 5040 2291 5091 γα.
3501 5026 3504 5032 ’

516 5102 663 5157 Osee.
698 5115 794 5153 vu.
825 5099 914 5154 Vae
941 5099 1040 5165 eis,
1069 5099 1325 5168 quoniam
1361 5097 1674 5172 resilierunt
1701 5107 1731 5147 a
1784 5107 1889 5146 me.
1914 5091 2017 5145 Mi-

2195 5113 2329 5167 Οὑοιὶ
2358 5115 2562 5180 αὐτοῖς,
2588 5117 2669 5170 ὅτι
2693 5115 3056 5188 ἀπεπήδησαν
3090 5120 3188 5174 ἀπ’
3229 5123 3362 5185 ἐμοῦ
3393 5142 3406 5156 ο
3457 5115 3647 5172 Edicto!

442 5194 548 5248 seri
577 5199 724 5255 sunt,
765 5190 1022 5259 quoniam
1073 5189 1224 5260 impii
1258 5188 1482 5243 fuerunt
1519 5188 1572 5240 in
1623 5200 1728 5239 me.
1756 5181 1869 5253 Ego
1912 5196 2014 5235 au-

2195 5223 2275 5270 τιν,
2304 5208 2384 5260 ὅτι
2417 5208 2694 5277 ἠσέϐησαν
2725 5212 2804 5272 εὶς
2842 5181 2963 5277 tite.
3009 5211 3153 5279 Ἐγὼ
3194 5181 3270 5264 δὲ,
3301 5211 3651 5280 ἐλυτρωσάμην

445 5299 551 5340 tem
591 5284 795 5339 redemi
825 5299 942 5347 eos,
978 5293 1032 5338 et
1088 5283 1191 5353 ipsi
1246 5284 1416 5338 locuti
1481 5290 1610 5336 sunt
1670 5288 1859 5335 contra
1930 5292 2017 5334 me

2195 5296 2316 5359 τούς
2361 5311 2374 5326 ’
2404 5298 2560 5350 αὐτοὶ
2592 5297 2649 5351 δὲ
2681 5299 3056 5371 κατελάλησαν
3096 5302 3218 5356 κατ’
3247 5302 3375 5372 ἐμοῦ
3400 5298 3564 5371 ψευδῆ.

444 5377 746 5436 mendacia.

518 5469 723 5523 Habac.
745 5485 786 5523 ι.
817 5467 1240 5524 lnﬁrmabuntur
1271 5467 1444 5537 impii,
1467 5475 1519 5520 et
1546 5465 1790 5520 auferam
1814 5463 2014 5535 impios

2195 5476 2608 5548 ’Λσθενήσουσιν
2651 5479 2700 5530 οξ
2744 5479 2980 5546 ἀσεϐεῖς,
3013 5482 3106 5534 καὶ
3152 5481 3333 5552 ὲξαρῶ
3379 5481 3488 5540 τοὺς
3530 5475 3644 5526 ἀσε·

442 5577 472 5616 a
517 5561 655 5617 facie
707 5569 887 5626 terrae,
920 5560 1054 5615 dicit
1103 5559 1386 5614 Dominus-

2195 5575 2235 5634 ῖς
2268 5573 2376 5624 ἀπὸ
2411 5570 2707 5639 προσώπου
2739 5572 2839 5642 τῆς
2862 5575 2985 5643 γῆς,
3017 5575 3164 5644 λέγει
3196 5576 3410 5645 Κύριος.

513 5653 623 5709 Isa.
659 5669 697 5708 ι.
737 5654 901 5719 Audi,
937 5652 1161 5718 coelum,
1221 5662 1273 5706 et
1308 5663 1471 5718 terra,
1505 5651 1730 5706 auribus
1792 5649 2014 5720 percipe

2195 5666 2412 5724 Ἀκουε,
2442 5664 2659 5733 οὐρανὲ,
2708 5665 2802 5718 καὶ
2847 5667 3124 5734 ἐνωτίζου,
3159 5669 3192 5737 ἡ
3223 5668 3313 5734 γῆ,
3356 5665 3416 5717 τά
3455 5663 3646 5732 ῥήματα

443 5745 611 5815 verba
645 5745 757 5800 oris
783 5747 909 5813 mei,
943 5745 1202 5816 quoniam
1240 5744 1508 5803 Dominus
1535 5746 1751 5802 locutus
1780 5751 1864 5800 est
1904 5740 2014 5798 :Fi-

2195 5753 2208 5805 3
2265 5753 2530 5821 στόματός
2590 5771 2716 5823 μου,
2745 5755 2827 5808 ὃτι
2893 5755 3097 5826 Κύριος
3154 5757 3424 5828 ἐλάλησεν,
3459 5749 3642 5809 «Υξους

449 5838 553 5897 tios
581 5837 764 5908 genui,
793 5848 900 5896 etc.

2195 5842 2400 5912 ἑννησα.
2445 5859 2464 5892 ι
