3822 6552
172 366 263 432 777
1016 356 1187 418 LOCI
1229 355 1670 421 COMMUNES.

1862 361 2008 422 ARS
2051 361 2101 425 Ι.
2141 359 2405 423 SERMO
2436 361 2522 424 Il.
3264 359 3371 424 778

224 477 327 531 Οὐκ
353 471 454 541 ἑγὼ
492 469 897 552 παρῃτησάμην
925 470 1144 535 αὖτοὺς.
1167 471 1282 526 ἀλλ’
1329 473 1484 527 αὐτοὶ
1512 491 1692 545 παρῃ-
1721 493 1733 532 Α

1867 475 1982 532 Non
2005 491 2105 546 ego
2135 475 2413 545 repudiavi
2457 475 2602 543 illos,
2631 472 2725 530 sed
2764 473 2864 545 ipsi
2909 489 2994 532 me
3045 474 3363 546 repudiave-

170 572 367 640 τήσαντο
389 580 476 632 με.
526 562 626 616 Διά
657 559 814 618 τοῦτο
854 560 1211 629 ἐγκατέλιπον
1263 561 1354 614 τὸν
1385 557 1534 614 οἶκόν
1569 581 1672 630 μου

1569 581 1696 630 μου.
1807 579 1954 624 runt.
1991 568 2204 624 Idcirco
2229 567 2498 637 dereliqui
2527 567 2752 622 domum
2788 581 2985 624 meam.
3051 566 3061 574 “

235 655 566 722 Έντελοῦμαι
590 656 656 724 τῇ
695 654 991 727 οἰκουμένῃ
1017 655 1183 720 κακὰ,
1213 655 1307 708 καὶ
1334 656 1447 718 τοῖς
1477 654 1698 708 ἀσεξέσι

1872 659 2143 718 Manda‘bo
2181 677 2347 734 super
2380 670 2582 719 terram
2627 659 2794 723 mala.
2819 668 2874 714 et
2920 659 3104 730 impiis
3152 671 3372 730 peccata

167 757 246 815 τὰς
269 748 531 821 ἁμαρτίας
563 745 766 802 αὐτῶν.

563 745 766 802 αὐτῶν.
1804 753 2069 820 ipsorum.

225 843 450 913 ’Δρθήτω
479 842 508 894 ὁ
531 840 759 909 ἀσεϐὴς,
789 841 876 894 ἵνα
918 840 994 912 μὴ
1021 841 1106 912 ῐδῃ
1133 841 1404 908 τὴνῖδὸξαν
1438 843 1665 914 Κυρίου.

1882 841 2128 898 Tullatur
2160 845 2382 915 impius,
2411 861 2478 900 ne
2514 844 2690 900 videat
2716 842 2943 914 gloriam
2979 842 3215 900 Domini.

222 937 321 990 Οὐκ
343 933 454 986 ἔστι
485 933 700 1002 χαίρειν
721 933 832 994 τοῖς
859 931 1104 998 ἀσεϐέσι,
1134 932 1277 1000 λέγει
1308 933 1527 1004 Κύριος.

1879 935 1994 989 lsa.
2037 934 2307 990 Lvu.Non
2361 945 2446 990 est
2501 952 2600 1005 pax
2662 935 2865 1006 impiis.
2902 934 3038 990 dicit
3085 933 3369 988 Dominus.

224 1027 282 1080 Τί
305 1021 457 1095 εὖρον
479 1025 530 1078 οί
561 1024 798 1093 πατέρες
834 1023 990 1093 ὑμῶν
1021 1025 1080 1077 έν
1125 1025 1249 1093 ἐμοὶ
1298 1025 1406 1094 πλη
1418 1025 1700 1094 μμέλημα,

1873 1028 2071 1083 Jerem.
2110 1045 2167 1084 ιι.
2194 1027 2347 1094 Quod
2392 1030 2720 1084 invenerunt
2763 1038 2944 1098 patres
2990 1026 3156 1082 vestri
3189 1026 3242 1081 in
3288 1041 3375 1079 me

164 1121 236 1171 ὅτι
279 1116 585 1186 ἀπέστησαν
619 1117 714 1170 ἀπ’
747 1118 879 1187 ἐροῦ
906 1119 1150 1190 μακρὰν,
1187 1118 1284 1170 καὶ
1329 1115 1673 1188 ἐπορεύθησα

1863 1120 2086 1182 dictum.
2127 1121 2268 1190 quod
2300 1130 2643 1176 recesserunt
2668 1122 2856 1191 procul
2885 1137 2915 1176 ιι
2939 1135 3046 1186 me,
3077 1131 3132 1177 et
3174 1120 3372 1175 ambu-

165 1209 314 1263 ὀπίσω
337 1209 444 1261 τῶν
477 1208 748 1276 ματαίων,
775 1212 871 1266 καὶ⁵
899 1210 1326 1280 ἐματαιώθησαν
1352 1228 1368 1280 ;

1807 1213 2054 1267 laverunt
2085 1221 2207 1282 post
2230 1213 2593 1278 vanitates,et
2617 1213 2738 1267 vani
2769 1213 2895 1267 facti
2935 1222 3063 1268 sunt
3092 1212 3115 1265 ἳ

230 1301 407 1368 Ὑμεῖς
434 1302 483 1354 oi
515 1302 1008 1370 έγκαταλείποντές
1053 1321 1144 1374 με,
1190 1303 1287 1356 καὶ
1329 1300 1708 1370 έτοιμάζοντες

1879 1299 1988 1356 Isa.
2022 1317 2145 1355 ων.
2200 1299 2308 1356 Vos
2347 1301 2790 1370 dcrelinquentes
2825 1317 2910 1355 tne
2940 1312 2995 1356 et
3023 1301 3177 1356 obliti
3220 1315 3375 1354 mon-

160 1395 218 1461 τῇ
239 1390 364 1462 τύχῃ
392 1390 694 1460 τράπεζαν,
719 1393 812 1445 καὶ
846 1395 1140 1463 κιρνῶντες
1175 1393 1256 1463 τῷ
1323 1393 1543 1461 δαίμονι
1605 1391 1669 1442 κέ

1866 1406 1877 1445 ι
1906 1392 2081 1446 sancti
2112 1391 2241 1456 mei,
2269 1401 2322 1446 et
2349 1401 2601 1460 parantes
2631 1391 2866 1447 fortuna!
2891 1407 3160 1468 mensam,
3188 1399 3242 1448 et
3268 1391 3375 1448 im-

162 1499 340 1552 ρασμα.
421 1483 564 1553 Ἐγὼ
612 1485 978 1538 ἀνταποδώσω
1039 1485 1183 1552 ὑμᾶς
1235 1486 1317 1546 είς
1377 1483 1654 1553 μάχαιραν

1868 1491 2021 1536 entes
2048 1482 2279 1536 daemoni
2310 1482 2604 1552 potioiicm.
2636 1481 2748 1552 Ego
2793 1481 3001 1536 tradam
3037 1497 3134 1534 vos
3171 1481 3227 1535 in
3255 1480 3375 1550 qla-

161 1575 332 1639 πάντες
359 1579 543 1646 σφαγῇ
565 1578 838 1639 πεσεῖσθε,
871 1580 952 1631 ὅτι
1007 1579 1242 1632 ἐκάλεσα
1279 1577 1447 1645 ὖμᾶς,
1487 1580 1578 1629 καὶ
1609 1576 1669 1629 ού

1870 1590 1958 1628 nm
1990 1591 2005 1630 :
2039 1589 2229 1628 omnes
2266 1572 2319 1628 in
2351 1575 2493 1630 caede
2519 1575 2746 1642 cadetis,
2778 1575 2903 1645 quia
2940 1575 3130 1630 vocavi
3179 1588 3299 1640 vos,
3323 1585 3379 1628 et

160 1668 402 1735 ἠκούσατε
435 1684 450 1700 ο
483 1671 575 1724 καὶ
600 1671 892 1741 ἐποιήσατε
923 1671 985 1723 τὸ
1017 1670 1252 1740 πονηρὸν
1295 1668 1540 1723 ἐναντίον
1584 1685 1669 1738 μοι

1870 1684 1918 1720 ιη
1961 1666 2238 1732 audistis;
2289 1666 2506 1723 locutus
2545 1683 2691 1731 sum,
2737 1677 2793 1724 et
2842 1667 3251 1738 contempsistis
3278 1685 3293 1721 :
3323 1677 3379 1722 et

164 1761 284 1814 καὶά
311 1763 412 1816 οὐκ
441 1763 744 1834 ἐϐουλόμην
768 1765 1111 1831 ἐξελέξασθε.

1871 1761 2016 1815 cistis
2031 1759 2235 1814 malum
2279 1759 2332 1814 in
2357 1769 2652 1831 conspectu
2690 1768 2910 1826 meo,“
2948 1775 3067 1831 qua:
3100 1775 3206 1815 non
3233 1758 3380 1814 voleo

529 1873 534 1876 ’
1742 1851 1781 1862 “’
1813 1851 1934 1904 bam
1957 1851 2214 1921 elegistis.

225 1941 445 2012 Ἐεέστη
477 1943 506 1995 δ
535 1943 764 2010 οὐρανὸς
788 1944 881 1997 ἐπὶ
931 1945 1124 2016 τούτῳ,
1178 1947 1273 1998 καὶ
1323 1946 1541 2015 ἔφριξεν
1571 1947 1602 2016 ἡ
1639 1947 1708 2016 γῆ

1885 1942 2080 1998 lenm.
2117 1961 2180 1998 ιι.
2211 1944 2504 2014 Obstupuit
2530 1945 2724 2001 cmlum
2759 1961 2923 2015 super
2957 1947 3079 2008 hoc,
3111 1953 3166 1998 et
3191 1942 3380 1997 iubar-

162 2034 238 2085 ἐπὶ
265 2035 449 2090 πλεῖον
481 2035 708 2105 σφόδρα,
735 2036 882 2103 λέγει
909 2037 1112 2106 Κύριος
1141 2051 1156 2066 ⁸
1196 2037 1278 2090 ὅτι
1324 2037 1415 2090 δύο
1461 2037 1554 2090 καὶ¹
1614 2055 1671 2090 πε

1874 2036 1925 2090 ξῑι
1976 2051 2138 2106 supra
2199 2037 2419 2090 modum
2487 2036 2858 2101 vehementer,
2915 2037 3048 2091 dicit
3099 2034 3383 2102 Dominus,

163 2127 618 2197 γηρὰὲποίησενδ
658 2128 786 2188 λαός
841 2145 983 2196 μου’
1038 2129 1139 2198 ἐμὲ
1191 2130 1549 2197 ἐγκατέλιπον
1601 2147 1672 2198 πη

1877 2130 1941 2183 lia
1978 2128 2087 2183 duo
2124 2129 2261 2182 mala
2311 2128 2437 2184 fecit
2484 2129 2717 2199 populus
2754 2144 2926 2182 meus.
2966 2127 3045 2182 Ile
3078 2127 3386 2194 derelique-

164 2217 248 2282 γὴν
268 2215 458 2279 ὕδατος
487 2216 709 2282 ζῶντος,
735 2221 830 2272 καὶ
857 2219 1072 2288 ὤρυξαν
1097 2220 1309 2280 ἑαυτοῖς
1334 2220 1568 2282 λάκκους
1591 2236 1673 2271 om

1888 2231 1946 2274 ut
1969 2220 2170 2274 fontem
2201 2235 2356 2290 aquae
2399 2221 2656 2284 viventis,
2681 2230 2732 2273 et
2788 2219 3046 2273 foderunt
3070 2218 3119 2289 7
3146 2218 3248 2273 sibi
3309 2218 3389 2270 Ia-

166 2312 561 2380 τιτριμμένους,
597 2311 647 2365 οἳ
673 2314 772 2366 οὐκ
793 2312 1055 2382 ἠδύναντο
1077 2311 1217 2380 ὕδωρ
1250 2313 1510 2383 συνέχειν.

1880 2327 1915 2364 ηε
1958 2311 2248 2375 contritos,
2302 2312 2398 2380 qui
2459 2327 2565 2364 non
2622 2319 2919 2380 potuerunt
2981 2324 3179 2378 aquam
3260 2324 3389 2364 con-

1820 2403 2011 2454 linere.

225 2493 514 2547 Παιδεύσει
538 2509 600 2547 σε
639 2495 670 2562 ἡ
704 2495 1009 2548 ἀποστασία
1037 2512 1152 2550 σου.
1190 2497 1284 2549 καὶ
1336 2497 1561 2566 ἡκακία
1620 2515 1712 2550 σου

1888 2491 2032 2548 Ibid.
2068 2493 2369 2565 Castigabit
2412 2503 2463 2547 te
2503 2494 2736 2549 defectio
2786 2505 2980 2558 tua,et
3032 2493 3236 2548 malitia
3296 2501 3389 2547 tua

161 2584 341 2654 ἐλέγξει
369 2603 456 2655 σε,
491 2587 584 2640 καὶ
613 2585 780 2653 γνῶθι
812 2587 906 2640 καὶ
939 2585 1039 2649 ίδε,
1109 2589 1194 2640 ὅτι
1259 2590 1456 2655 πικρόν
1509 2604 1590 2640 σοι
1654 2606 1670 2641 1

1883 2593 2007 2654 ἔπιθι
2037 2594 2090 2638 te
2121 2603 2133 2637 :
2164 2597 2214 2640 et
2248 2585 2386 2640 scito
2415 2595 2468 2640 et
2492 2587 2635 2650 vide,
2665 2587 2794 2656 quia
2842 2602 3093 2642 amarum
3146 2585 3243 2642 tibi
3305 2601 3391 2644 re-

165 2675 462 2728 καταλιπεῖν
488 2676 551 2729 σέ
592 2694 682 2746 με,
724 2677 873 2743 λέγει
909 2675 1115 2746 Κύριος
1137 2678 1166 2730 ὁ
1201 2675 1332 2738 Θεός
1368 2693 1484 2730 σου.

1396 2693 1484 2730 λου.
1819 2678 2066 2748 linquere
2098 2690 2148 2735 te
2173 2695 2277 2746 me,
2310 2680 2440 2735 dicit
2465 2679 2726 2734 Dominus
2762 2691 2905 2734 tuus.

222 2765 380 2821 Εἶπεν
402 2766 611 2837 Κύριος
636 2768 774 2836 πρὸς
807 2769 895 2836 μὲ,
940 2769 1081 2838 ιξΜὴ
1125 2769 1430 2838 προσεύχου
1461 2769 1590 2836 περὶ
1624 2769 1716 2822 τοῦ

1889 2771 2208 2827 Jercm.vn.
2248 2769 2388 2826 Dixit
2439 2772 2702 2826 Dominus
2749 2772 2816 2826 ad
2872 2768 3098 2825 mezNe
3148 2767 3395 2824 oraveris

162 2856 271 2912 λαοῦ
310 2860 528 2924 τούτου,
558 2862 658 2931 καὶ
690 2859 765 2930 μὴ
814 2860 967 2925 ἀξίου
1003 2860 1290 2930 ἐλεηθῆναι
1354 2860 1552 2923 αὐτούς
1580 2877 1597 2895 ο
1633 2861 1671 2914 ὄλ

1882 2879 1923 2917 ὀ
1955 2865 2153 2934 populo
2180 2865 2306 2929 ist",
2329 2879 2396 2918 ne
2433 2867 2669 2931 preceris
2695 2874 2755 2918 ut
2803 2863 2901 2931 ipsi
2961 2859 3391 2918 misericordiam

161 2950 246 3002 οὐκ
273 2951 670 3021 είσακούσομαί
702 2968 814 3004 σου.
851 2953 921 3004 Ἢ
959 2952 1058 3021 οὐχ
1089 2953 1221 3021 ὁρᾶς
1247 2951 1302 3004 τί
1350 2945 1496 3005 οὗτοι
1528 2953 1670 3006 ποιοῖ

1877 2969 2242 3022 insequantur,
2281 2956 2536 3024 quoniam
2591 2972 2698 3011 non
2734 2957 3020 3011 exaudiam
3056 2964 3128 3010 te.
3189 2954 3386 3009 Annon

165 3059 237 3096 σιν
281 3047 349 3096 ὲν
379 3045 498 3106 ταῖς
533 3043 749 3096 πόλεσιν
797 3043 989 3106 Ἰούδα,
1050 3044 1144 3097 καὶ
1187 3045 1246 3098 ἐν
1287 3047 1408 3107 ταῖς
1448 3045 1581 3106 ὁδοῖς,
1625 3043 1674 3096 ⁹1ι

1885 3048 1977 3102 des
2005 3048 2133 3117 quid
2174 3048 2273 3116 ipsi
2328 3047 2536 3103 faciunt
2583 3048 2635 3103 in
2693 3048 3005 3104 civitatibus
3061 3046 3224 3112 Juda,
3254 3048 3394 3102 etin

162 3136 461 3205 ρουσαλήμς
495 3135 559 3189 Οῑ
594 3133 699 3187 υἱοὶ
727 3134 907 3187 αὐτῶν
936 3134 1253 3201 συλλέξουσι
1317 3136 1470 3201 ξύλα,
1509 3137 1558 3189 οἱ
1613 3153 1671 3190 πε

1885 3140 2014 3193 ateis
2045 3137 2400 3194 Jerusalem?
2437 3139 2559 3195 Filii
2605 3141 2873 3210 colligunt
2928 3140 3093 3205 ligna,
3129 3147 3182 3192 et
3215 3145 3394 3207 patres

163 3227 296 3294 τέρες
331 3226 512 3280 αὐτῶν
545 3226 758 3280 καίουσι
810 3227 944 3299 πῦρ,
983 3228 1076 3280 καὶ
1127 3229 1181 3281 al
1229 3229 1486 3294 γυναῖκες
1545 3226 1672 3280 atch

1885 3245 2014 3282 prum
2065 3231 2409 3286 succendunt
2459 3233 2662 3300 ignem,
2730 3241 2785 3285 et
2836 3231 3090 3285 mulieres
3152 3231 3394 3299 ipsorum

162 3318 390 3386 τρίϐουσι
417 3319 604 3387 στέαρ,
637 3317 730 3371 τοῦ
772 3320 993 3382 ποιῆσαι
1059 3318 1306 3388 χανῶνας
1360 3319 1426 3388 τῇ
1491 3335 1671 3388 στρατη

1880 3320 2087 3390 ibigunt
2118 3323 2504 3392 similaginem,
2531 3333 2589 3377 ut
2616 3324 2819 3378 faciant
2857 3324 3133 3392 placentas
3183 3321 3389 3374 mililige

163 3414 244 3468 τοῦ
274 3413 532 3484 οὐρανοῦ,
565 3413 660 3468 καὶ
699 3415 918 3467 σπεῖσαι
979 3413 1214 3469 σπονδᾶς
1253 3411 1562 3480 ἀλλοτρίας.
1624 3415 1672 3462 Δγ

1888 3411 1950 3466 eli
2007 3413 2244 3468 etlibent
2296 3415 2554 3469 libamina
2594 3416 2792 3482 aliena,
2847 3416 2994 3469 utad
3061 3413 3397 3468 iracundiam

165 3503 302 3558 τοῦτο
355 3505 480 3559 τάδε
511 3505 660 3572 λέγει
697 3504 898 3575 Κύριος
927 3519 943 3536 ο
1008 3502 1140 3556 Ἰδοὺ
1195 3501 1332 3572 ὀργὴ
1386 3501 1559 3571 θυμοῦ
1620 3518 1674 3569 μ(

1888 3515 2186 3558 'ovocarcnt
2219 3521 2324 3560 me.
2367 3504 2622 3578 Nunquid
2674 3523 2759 3561 me
2802 3507 2902 3574 ipsi
2949 3506 3014 3560 ad
3064 3503 3397 3559 iracundiam

168 3596 396 3665 ἐκχεῖται
430 3595 526 3649 ἐπὶ
557 3595 649 3648 τὸν
684 3595 850 3649 τόπον
887 3595 1098 3658 τοῦτον,
1126 3595 1223 3647 καὶ
1246 3594 1340 3647 ἐπὶ
1359 3592 1486 3652 τοὺς
1510 3590 1677 3660 ἀνθριῖ

1893 3596 2160 3651 ovocant?
2191 3597 2321 3652 dicit
2384 3599 2672 3663 Dominus,
2714 3597 2905 3652 Nonne
2948 3597 3291 3664 semctipsos,
3340 3601 3400 3646 ut

169 3703 286 3750 τους
310 3686 559 3752 τούτους,
591 3688 687 3742 καὶ
713 3688 807 3740 ἐπὶ
835 3687 902 3740 τὰ
936 3688 1135 3756 κτήνη,
1169 3687 1265 3738 καὶ
1298 3684 1392 3737 ἐπὶ
1424 3685 1536 3737 πᾶν
1563 3683 1678 3750 ξύλε

1888 3688 2236 3744 ιιιίιιιιᾱιιιιιιιι·
2269 3689 2435 3746 facies
2487 3690 2725 3746 eorum?
2774 3691 3062 3758 Propterea
3105 3689 3218 3742 haec
3267 3686 3397 3741 dicit

170 3777 253 3831 τοῦ
283 3776 458 3848 ἀγροῦ
485 3776 682 3840 αὐτῶν,
711 3777 804 3832 καὶ
834 3777 926 3831 ἐπὶ
954 3776 1134 3831 πάντα
1163 3776 1231 3829 τά
1278 3776 1596 3846 γεννήματα
1624 3775 1679 3828 τί

1894 3781 2121 3834 iminus:
2152 3778 2290 3836 Ecce
2333 3782 2412 3835 ira
2473 3781 2676 3837 furoris
2741 3782 2844 3836 mei
2899 3779 3195 3837 cliunditur
3241 3793 3399 3848 super

170 3867 285 3936 γῆς,
311 3869 408 3922 καὶ
428 3868 851 3939 ἐκκαυθήσεται,
889 3868 983 3921 καὶ
1032 3867 1134 3921 οὐκ
1183 3865 1335 3920 ἔσται
1365 3869 1393 3920 ὁ
1426 3866 1656 3920 σϐέσων.

1888 3886 2009 3925 cum
2045 3873 2232 3937 istum,
2265 3884 2320 3928 et
2341 3889 2506 3942 super
2531 3874 2801 3938 homines,
2828 3881 2882 3928 et
2921 3887 3089 3943 super
3126 3871 3395 3942 iumenta,

170 3973 322 4030 super
366 3977 527 4020 omne
557 3961 764 4032 lignum
805 3962 919 4031 agri
949 3960 1216 4027 ipsorum.
1247 3969 1302 4016 et
1325 3975 1489 4032 super
1517 3975 1706 4015 omnes
1734 3960 1916 4034 fruges
1962 3974 2140 4032 terrae,
2191 3977 2246 4024 et
2295 3971 2676 4034 succendetur,
2728 3977 2784 4024 et
2843 3983 2951 4022 non
3009 3967 3115 4023 erit
3163 3964 3254 4035 qui
3307 3977 3405 4017 ex.

175 4055 420 4125 stinquat.

236 4145 330 4200 rt:
357 4145 667 4218 ἀνθρώπου,
698 4145 948 4215 ἑώρακας
971 4147 1023 4198 τί
1053 4141 1200 4200 οὗτοι
1263 4146 1550 4212 ποιοῦσιν;
1601 4148 1727 4200 ἀνοι

1911 4150 2098 4206 Exerit.
2123 4166 2237 4206 vnl.
2265 4148 2368 4205 Fili
2394 4150 2654 4213 hominis,
2680 4148 2862 4204 vidisti
2885 4149 3012 4220 quid
3039 4147 3128 4203 isti
3159 4143 3407 4202 faciunt?

183 4238 300 4306 μίας
328 4239 574 4310 μεγάλας
609 4238 855 4293 ποιοῦσιν
885 4231 1010 4303 ὧδε,
1036 4238 1130 4293 τοῦ
1160 4239 1462 4309 ἀπέχεσθαι
1488 4239 1595 4291 ἀπὸ
1621 4239 1692 4292 τῶ

1901 4242 2155 4310 iquitates
2183 4255 2425 4312 magnas,
2452 4256 2590 4309 quas
2620 4239 2818 4293 domus
2858 4239 3019 4294 Israel
3058 4238 3270 4292 faciunt
3293 4237 3402 4300 hic,

175 4330 337 4398 ἁγίων
365 4348 468 4403 μου
503 4347 518 4363 ⁸
543 4333 638 4385 καὶ
668 4330 749 4385 έτι
771 4330 892 4402 ϐψει
921 4331 1145 4400 ἀνομίας
1180 4331 1458 4400 μείζονας.

1896 4347 1902 4383 ι
1937 4329 2246 4398 abstineant
2269 4345 2299 4382 a
2331 4328 2646 4384 sanctuario
2672 4344 2798 4382 meo
2834 4345 2849 4383 :
2884 4338 2938 4382 et
2964 4328 3142 4389 adhuc
3193 4325 3405 4381 videbis

1419 4423 1422 4428 '
1844 4418 2161 4484 iniquitates
2189 4417 2443 4488 majores.

259 4518 392 4574 τάδε
419 4518 568 4587 λέγει
609 4516 836 4571 Ἀδωναῒ
873 4517 1077 4588 Κύριος
1117 4531 1132 4546 ⁶
1173 4536 1192 4569 ι
1233 4517 1380 4572 Ἀνθ⁹
1435 4510 1510 4572 ὧν
1545 4517 1740 4572 ἐπελά-

1919 4507 2040 4562 llaec
2068 4507 2201 4562 dicit
2227 4507 2435 4563 Adonai
2463 4507 2723 4563 Dominus
2753 4523 2766 4560 :
2801 4501 2876 4558 Eo
2910 4504 3054 4574 quod
3083 4504 3181 4557 mei
3207 4502 3409 4559 oblitus

179 4608 270 4662 θου
302 4628 422 4681 μου,
463 4585 556 4664 καὶ
575 4609 888 4682 ἀπέρῤιψάς
922 4585 989 4679 με
1015 4609 1194 4662 ὀπίσω
1229 4625 1344 4678 σου,
1373 4610 1467 4663 καὶ
1509 4611 1571 4664 σὺ
1607 4609 1688 4663 λά(

1912 4641 1928 4667 ,
1969 4609 2022 4656 et
2044 4599 2294 4669 abiecisti
2328 4617 2416 4656 me
2445 4610 2565 4670 post
2595 4608 2668 4665 te,
2697 4599 2861 4653 etiam
2891 4606 2950 4650 tu
2988 4594 3173 4666 accipe
3223 4594 3415 4665 impie-

177 4704 273 4764 τὴν
294 4703 544 4758 ἀσέϐειάν
569 4720 664 4756 σου
697 4705 793 4756 καὶ
819 4701 917 4773 τὴν
951 4699 1215 4772 πονηρίαν
1249 4717 1363 4756 σου.
1401 4722 1420 4755 ι

1267 4717 1363 4756 που.
1401 4722 1420 4755 ι
1844 4701 2008 4748 tatem
2052 4703 2197 4748 tuam
2222 4702 2280 4749 et
2309 4692 2572 4748 malitiam
2609 4703 2776 4748 tuam.

263 4793 350 4846 Ἔν
372 4794 472 4862 ῐσῳ
499 4793 704 4863 μισητά
722 4793 800 4861 τῷ
823 4791 964 4863 Θεῷ,
990 4793 1085 4846 καὶ
1114 4793 1143 4844 ὁ
1168 4792 1403 4857 ἀσεϐῶν,
1443 4795 1532 4846 καὶ
1563 4792 1742 4862 ήὰσέ-

1916 4783 2046 4853 Sap.
2077 4801 2187 4840 xiv.
2225 4784 2299 4840 Ex
2340 4799 2498 4854 atquo
2538 4783 2647 4838 Deo
2687 4782 2862 4838 invisa
2914 4791 2968 4836 et
3025 4793 3190 4835 exosa
3259 4789 3412 4842 sunt,

179 4885 296 4940 ϐεια
310 4887 492 4942 αὐτοῦ.
522 4887 596 4941 Τὸ
611 4885 856 4959 πραχθὲν
881 4889 982 4941 σὺν
1008 4885 1089 4945 τῶ
1118 4885 1377 4956 δράσαντι
1421 4883 1688 4954 ὲξολοθρει

1906 4891 1954 4929 ιιι
1991 4875 2192 4946 impius
2221 4891 2383 4945 quam
2419 4876 2671 4946 impietas
2704 4873 2844 4942 ejus.
2878 4871 3012 4926 Nam
3044 4881 3098 4926 et
3127 4883 3266 4940 opus
3289 4883 3411 4924 cum

182 4975 416 5048 θήσεται.

1843 4983 1910 5023 eo
1934 4968 2024 5036 qui
2058 4967 2185 5021 fecit
2219 4967 2350 5022 illud
2380 4967 2679 5022 excidetur.

264 5069 439 5136 Ἐλπὶς
471 5070 700 5134 ἀσεϐοῦς
733 5070 808 5134 ὡς
840 5071 1139 5141 φερόμενος
1163 5067 1291 5140 χοῦς
1344 5068 1451 5121 ὑπὸ
1517 5067 1745 5138 ἀνέμου.

1913 5057 2054 5112 Ibid.
2081 5074 2131 5112 v.
2168 5057 2305 5128 Spes
2343 5057 2495 5128 impii
2525 5059 2701 5128 qualis
2730 5072 2761 5112 a
2794 5063 2954 5111 vento
3001 5053 3216 5108 sublata
3259 5051 3415 5104 lann-

1845 5165 1912 5218 go
1946 5162 2050 5204 est.

255 5255 369 5320 Τοῖς
419 5255 646 5310 ἀσεϐέσι
713 5255 879 5328 μέχρι
945 5256 1133 5320 τέλους
1195 5252 1514 5323 ἀνελεήμων
1581 5251 1752 5322 θυμὸς

1923 5240 2060 5297 Ibid.
2087 5260 2201 5300 χιιι.
2240 5244 2442 5314 impios
2475 5257 2618 5299 επιξιά
2646 5239 2947 5312 indignatio
2979 5252 3152 5307 usque
3208 5235 3272 5289 ad
3327 5247 3418 5287 ex-

125 5369 136 5378 ’
187 5349 403 5420 ἐπέστη.

1725 5385 1736 5397 _
1848 5341 2083 5391 tremum
2112 5343 2395 5404 persecuta
2425 5345 2527 5391 est.

267 5417 609 5514 Ἀρνούμενοί
639 5457 699 5496 σε
729 5441 936 5497 εἰδέναι
953 5437 1192 5506 ἀσεϐεῖς,
1215 5439 1272 5492 ὲν
1322 5435 1468 5509 ίσχύῖ
1527 5433 1748 5508 βραχίο-

1937 5420 2205 5498 Sdp.xvr.
2234 5427 2336 5494 Qui
2387 5436 2439 5483 te
2492 5427 2714 5484 novisse
2763 5435 3094 5498 negaverunt
3154 5417 3332 5490 impii,
3365 5417 3421 5472 in

191 5533 281 5595 νος
309 5552 395 5589 σου
417 5535 898 5605 ἑμαστιγὼθησαν.

1859 5523 2175 5579 fortitudine
2208 5521 2419 5578 brachii
2460 5520 2540 5576 tui
2572 5518 2822 5590 ﬂagellati
2851 5524 2998 5572 sunt.

257 5623 562 5698 Ἐκδὶκησις
587 5626 800 5680 ἀσεϐῶν
820 5627 931 5695 πῦρ
986 5621 1083 5678 καὶ
1115 5622 1356 5694 σκώληξ.

1933 5611 2102 5667 Eccli.
2134 5625 2228 5666 vn.
2255 5609 2506 5666 Vindicta
2537 5609 2711 5679 impii,
2745 5608 2886 5679 ignis
2915 5616 2967 5662 et
2998 5605 3221 5661 vermis.

269 5717 388 5771 οὐαὶ
413 5690 562 5788 ὐίιῐν,
592 5718 785 5788 ἀνδρες
831 5690 1071 5780 ἀσεϐεῖς.
1111 5690 1304 5779 οἵτινες
1353 5711 1752 5782 ὲγκατελίπατε

1938 5702 2101 5758 Eccli.
2125 5717 2234 5757 xlv.
2262 5699 2352 5758 νω
2403 5701 2580 5770 vobis,
2606 5699 2708 5758 viri
2761 5697 2933 5767 impii,
2963 5696 3057 5766 qui
3108 5690 3431 5750 deseruistis

195 5804 348 5874 νιμον
396 5785 556 5872 stoc;
604 5785 735 5862 Ἐἀν
780 5807 892 5878 γὰρ
925 5805 1260 5877 πληθύνητε,
1319 5806 1399 5868 είς
1452 5800 1700 5858 ἀπώλεια

1917 5811 2039 5869 gem
2089 5795 2207 5864 Dei;
2244 5793 2366 5851 licet
2432 5793 2574 5850 enim
2646 5785 3425 5860 multiplicemini,pcribitis:

495 5905 764 5967 Ρλτιιοι..
804 5906 920 5966 Gn.
953 5903 1175 5966 CXXX
1188 5903 1227 5962 ν
1243 5901 1290 5963 Ι.

3027 5884 3108 5944 25
