3822 6534
435 301 539 364 779
1703 302 2026 364 ANTONll
2069 304 2426 366 MELISS/E
3556 307 3644 369 730

434 427 488 466 et
518 414 562 469 si
606 413 999 479 nascimiui,in
1055 415 1489 472 maledictionem
1546 417 1596 472 id
1665 417 1797 473 lict:
1864 427 1943 473 et:

2136 421 2207 474 παὶ
2232 422 2326 476 ἐὰν
2355 421 2675 493 γεννηθῆτε,
2703 422 2785 486 είς
2811 424 3059 491 κατάραν
3115 417 3523 488 γεννηθήσεσθε,
3570 425 3645 475 καὶ

433 505 702 570 obieritis,
736 505 790 559 in
818 505 1250 562 maledit-tionem
1292 509 1450 564 divisi
1485 509 1657 566 erilis.

2114 515 2208 568 ἐὰν
2239 514 2569 586 ἀποθάνητε,
2611 517 2692 581 εἰς
2721 516 2965 585 κατάραν
2996 509 3415 584 μερισθήσεσθε.

507 595 842 650 Εσειιῑμκκιι.
890 595 1094 652 Luctus
1149 600 1346 653 mortui
1399 611 1602 670 septem
1669 603 1807 670 dies,
1856 607 2007 662 stulti

2181 608 2385 671 Πένθος
2418 607 2614 680 νεκροῦ
2647 608 2788 662 ἑπτὰ
2819 606 3050 676 ἡμέραι,
3104 605 3200 658 τοῦ
3251 604 3309 657 δὲ
3358 603 3532 674 μωροῦ
3570 604 3646 660 καὶ

436 698 620 741 autem
657 696 710 740 et
737 687 886 758 impii
917 705 1108 743 omnes
1152 689 1268 746 dies
1304 691 1423 745 vine
1464 692 1633 746 illius.

2113 701 2344 762 ἀσεϐοῦς
2376 703 2545 753 πᾶσαι
2581 702 2638 753 αἱ
2680 699 2884 769 ἡμέραι
2910 699 3008 768 τῆς
3039 698 3187 769 ζωῆς
3215 697 3405 751 αὑτοῦ.

517 781 682 834 ιίεειί.
719 781 1240 838 xxxrv.0blationes
1301 784 1594 854 impiorum
1644 801 1752 841 non
1813 790 2009 858 probat

2181 793 2296 847 Ούκ
2327 792 2586 846 εὐδοκεῖὸ
2620 792 2883 864 ’Υψιστος
2913 794 2973 846 ἐν
3005 792 3345 863 προσφοραῖς
3377 790 3589 845 ἀσεδῶν.

437 875 776 927 Altissimus.

515 965 710 1020 Matth.
743 982 793 1018 x.
836 964 1166 1030 Quicunque
1211 965 1486 1035 negaverit
1543 981 1632 1020 me
1679 981 1863 1021 coram
1904 968 2005 1020 bo-

2194 973 2382 1036 Ὅστις
2411 973 2710 1042 ἁρνὴσεταί
2759 990 2827 1041 με
2859 972 3171 1044 ἔμπροσθεν
3209 972 3321 1024 τῶν
3358 970 3647 1040 ἀνθρώπιον,

440 1058 702 1122 minibus,
736 1057 939 1126 negabo
981 1065 1034 1110 et
1077 1073 1178 1126 ego
1227 1057 1375 1110 Illum
1433 1071 1617 1111 coram
1665 1056 1822 1113 Patre
1867 1074 1949 1113 mc

2142 1069 2430 1137 ιρνήσομαι
2465 1067 2618 1132 κάγὼ
2649 1069 2808 1120 αὐτὸν
2831 1067 3146 1137 ἔμπροσθεν
3187 1064 3284 1119 τοῦ
3333 1065 3536 1134 Πατρός
3573 1082 3651 1133 μου

439 1150 530 1218 qui
556 1152 606 1200 in
638 1149 789 1205 caelis
819 1161 920 1203 est.

2116 1156 2210 1210 τοῦ
2247 1158 2302 1210 ἐν
2327 1157 2594 1227 οὐρανοῖς.

515 1240 791 1294 Πεὺνκνι.
837 1239 977 1295 Fieri
1032 1257 1136 1294 non
1183 1250 1381 1310 potest,
1412 1249 1469 1296 ut
1526 1242 1614 1311 qui
1673 1243 1841 1298 semel
1903 1241 2021 1298 fue-

2196 1249 2484 1303 Ἀδύνατον
2527 1251 2653 1309 τοὺς
2680 1249 2826 1316 ἅπαξ
2856 1248 3250 1318 φωτισθέντας,
3322 1246 3656 1316 γευσαμένους

443 1331 555 1385 rint
583 1331 892 1396 illuminati,
945 1334 1393 1402 gustaverintque
1445 1334 1653 1387 donum
1689 1335 1929 1397 catleste.

2148 1361 2180 1395 ε
2203 1345 2302 1412 τῆς
2329 1341 2539 1411 δωρεᾶς
2563 1340 2664 1408 τῆς
2703 1339 3056 1410 ἐπουρανίου,
3086 1339 3183 1393 καὶ
3227 1339 3488 1406 μετόχους
3529 1354 3657 1408 γενη-

443 1422 735 1490 participes
767 1421 894 1475 facti
931 1423 1130 1476 fuerint
1162 1422 1396 1492 Spiritus
1439 1427 1630 1488 sancti,
1661 1426 1952 1495 gustaverit

2148 1435 2314 1496 ιέντας
2350 1433 2669 1502 Πνεῦματος
2701 1433 2882 1500 ἁγίου,
2943 1435 3039 1486 καὶ
3088 1432 3256 1486 καλὸν
3321 1431 3657 1498 γευσαμένους

441 1527 547 1580 que
573 1513 774 1565 bonum
805 1513 897 1567 Dei
932 1518 1154 1570 verbum
1187 1531 1248 1572 ac
1276 1516 1504 1572 virtutes
1546 1517 1716 1571 futuri
1745 1518 1950 1583 smeuli,

2150 1526 2260 1580 θεοῦ
2315 1529 2487 1597 ῥῆμα,
2543 1525 2802 1593 δυνάμεις
2855 1541 2915 1576 τε
2983 1525 3271 1591 μέλλοντος
3331 1524 3544 1590 αἰῶνος,
3582 1523 3659 1576 καὶ

442 1603 820 1672 prolabuntur.
855 1607 1033 1660 deum)
1067 1619 1395 1662 renoventur
1423 1608 1480 1678 8
1512 1623 1603 1676 per
1629 1609 1951 1676 posuitentia

2146 1616 2569 1687 ταραπεσὸυτας,
2606 1614 2768 1666 πάλιν
2829 1614 3201 1677 ἀνακαινίζειν
3249 1615 3331 1678 είς
3387 1613 3655 1681 μετάνοιαν,

445 1695 511 1746 ab
543 1695 754 1764 integro
791 1697 1174 1766 cruciﬁgentes
1203 1697 1559 1767 srbimetipsis
1583 1696 1782 1752 Filium
1818 1698 1933 1762 Dei,

2149 1706 2608 1778 ἱνασταυροῦντας
2661 1706 2880 1767 ἑαυτοῖς
2928 1707 3021 1758 τὸν
3048 1705 3175 1758 Υίὺν
3234 1703 3332 1758 τοῦ
3387 1703 3533 1766 Θεοῦ,
3586 1706 3658 1760 καὶ

447 1781 686 1840 ludibrio
709 1799 1066 1858 exponentes.
1106 1787 1385 1858 Siquidem
1435 1799 1748 1860 terra.quze
1793 1790 1956 1844 imbre

2151 1796 2749 1870 ταραδειγματίζοντας.
2784 1797 2858 1865 Γῆ
2883 1797 2988 1864 γὰρ
3017 1797 3050 1865 ἡ
3095 1795 3326 1848 ποιοῦσα
3365 1793 3456 1846 τὸν
3481 1793 3560 1846 ἐπ’
3584 1793 3660 1846 αὖε

445 1878 644 1944 smpius
670 1878 723 1931 in
760 1893 818 1933 se
859 1882 1162 1935 venientem
1211 1882 1556 1948 combiberit,
1580 1891 1633 1937 et
1667 1898 1954 1953 progenuet

2148 1893 2192 1962 τῇ
2220 1889 2476 1952 πολλάκις
2513 1887 2688 1953 ὑετὸν,
2717 1889 2812 1941 καὶ
2841 1888 3104 1942 τίκτουσα
3166 1886 3402 1956 βοτάνην
3452 1883 3657 1949 εὔθετον,

449 1967 670 2019 herbam
709 1970 1118 2023 accommodam
1137 1970 1237 2036 eis,
1266 1986 1429 2042 opera
1462 1988 1694 2042 quorum
1724 1979 1776 2026 et
1800 1972 1958 2026 eolitu

2158 1984 2361 2043 κείνοις
2385 1981 2452 2036 δι’
2481 1981 2575 2046 οὒς
2603 1982 2699 2035 καὶ
2724 1982 3079 2051 γεωργεῖται,
3113 1978 3517 2049 μεταλαμϐάνει
3540 1979 3660 2032 τύλο-

449 2057 644 2124 recipit
678 2057 1111 2114 benedictionem
1168 2076 1197 2116 a
1239 2062 1364 2117 Deo.
1411 2063 1480 2117 At
1528 2079 1649 2132 quae
1699 2062 1958 2133 produxet

2153 2077 2249 2137 νίας
2279 2075 2386 2128 ἀπὸ
2417 2073 2553 2126 Θεοῦ
2583 2091 2596 2106 ·
2644 2074 2953 2143 ἐκφέρουσα
2986 2070 3043 2123 δὲ
3077 2069 3322 2132 ἀκάνθας
3368 2069 3462 2121 καὶ
3517 2069 3662 2138 τριὸό-

448 2149 637 2216 ειιὶηοε
685 2159 740 2204 et
793 2151 1044 2215 tribulos,
1109 2153 1337 2222 reproba
1402 2164 1486 2209 est
1531 2164 1586 2210 et
1652 2156 1957 2210 maledictio

2152 2184 2274 2230 _ou:,
2306 2167 2567 2237 ἀδόκιμος
2589 2165 2682 2220 καὶ
2706 2165 2950 2234 κατάρας
2976 2165 3164 2233 ἐγγὺς,
3197 2157 3264 2235 ἦς
3308 2163 3377 2217 τὸ
3422 2162 3560 2223 τέλος
3600 2161 3661 2222 είς

448 2243 702 2307 continis,
743 2244 900 2310 cujus
941 2247 1115 2300 exitus
1164 2246 1268 2301 huc
1297 2247 1488 2309 tendit,
1510 2255 1568 2303 ut
1594 2260 1874 2304 exuratur.
2126 2259 2351 2314 καῦσιν.

519 2331 727 2388 Basilii.
759 2335 1013 2402 Impietas
1053 2339 1270 2406 proprie
1303 2337 1527 2406 dicitur,
1553 2339 1698 2410 quod
1725 2341 1778 2395 in
1843 2339 2017 2396 Deum

2213 2347 2462 2403 Ἀσέσεια
2498 2347 2708 2419 κυρίως
2738 2347 2960 2418 λέγεται
2988 2349 3022 2421 ἡ
3059 2349 3138 2413 είς
3159 2348 3294 2402 Θεὸν
3320 2348 3575 2419 ἁμαρτία.

448 2428 809 2483 commissum
849 2439 934 2484 est
973 2441 1282 2498 peccatum.

522 2512 662 2568 Fieri
699 2529 806 2570 non
829 2525 1022 2585 potest,
1055 2527 1168 2571 uta
1206 2520 1354 2589 justa
1374 2519 1458 2577 via
1507 2522 1835 2588 exorbitent,
1884 2538 2022 2593 quo-

2211 2537 2519 2608 Ἀμήχανον
2547 2535 2894 2606 ἐκτραπῆναι
2938 2537 3038 2606 τῆς
3063 2537 3286 2601 δικαίας
3329 2535 3476 2600 ὁδοῦ,
3505 2535 3573 2607 μὴ
3593 2534 3662 2604 λη-

449 2619 568 2658 rum
598 2607 762 2660 animi
794 2607 884 2662 Dei
907 2609 1179 2664 oblivione
1220 2628 1327 2666 non
1354 2613 1736 2668 laboraverint.

1658 2624 1736 2667 nt.
2127 2632 2226 2701 θην
2247 2607 2384 2683 Θεοῦ
2413 2632 2535 2690 ταῖς
2574 2629 2774 2699 ψυχαῖς
2801 2631 3164 2696 νοσήσαντας.

519 2698 711 2753 Nullus
729 2714 917 2754 eorum
940 2705 1030 2772 qui
1056 2704 1222 2759 falsas
1247 2716 1300 2760 et
1321 2720 1515 2774 pravas
1545 2722 1574 2760 a
1637 2707 1745 2761 Deo
1801 2707 2018 2777 opinio-

2185 2698 2402 2790 ’Μηδεὶς
2435 2719 2633 2772 οἰέσθω
2661 2698 2769 2772 τῶν
2801 2718 3150 2787 ἐσφαλμένας
3193 2719 3323 2790 περὶ
3362 2715 3497 2772 Θεοῦ
3546 2714 3663 2786 ἐχόν-

451 2805 548 2846 nes
579 2802 972 2860 conceperuut,
1007 2809 1135 2850 suas
1185 2795 1241 2849 in
1303 2796 1621 2865 psalmodiis
1677 2797 1863 2854 laudes
1910 2797 1960 2850 Dr

2147 2830 2238 2867 των
2275 2814 2374 2876 τὰς
2412 2809 2736 2881 ὑπολήψεις,
2766 2812 2849 2864 ὅτι
2915 2811 3106 2864 δεκταί
3144 2811 3286 2867 εἰσιν
3333 2809 3503 2864 αὑτοῦ
3535 2810 3581 2862 al
3612 2811 3656 2860 ἐν

451 2893 702 2953 acceptas
733 2883 847 2939 fore
872 2885 1166 2940 existimet.

2127 2905 2330 2977 ψαλμῷ
2367 2905 2678 2965 διαινέσεις.

525 2973 616 3026 Dei
651 2974 978 3043 ignorantia,
1017 2976 1210 3030 animae
1239 2990 1386 3031 mors
1415 2983 1519 3032 est.

2142 2973 2152 2977 v
2199 2973 2334 3051 Θεοῦ
2367 2995 2562 3064 ἄγνοια
2588 2995 2822 3058 θάνατός
2855 2997 2969 3048 ἐστι
2999 2993 3201 3064 ψυχῆς.

527 3066 792 3138 Theologt'.
840 3068 897 3122 Si
947 3083 1182 3138 namque
1233 3068 1372 3125 Deus
1437 3071 1649 3126 medius
1698 3082 2018 3142 assumptus

2195 3090 2259 3145 El
2310 3088 2419 3160 γὰρ
2457 3089 2553 3151 τὰς
2593 3089 2729 3157 πρὸς
2777 3086 3097 3158 ἀνθρώπους
3159 3085 3440 3158 συνθήκας
3475 3083 3662 3156 ἐμπεδοῖ

457 3161 540 3215 vel
585 3160 962 3232 interpositus,
988 3177 1051 3216 ea
1080 3177 1203 3232 qua:
1249 3164 1559 3218 hominibus
1584 3165 1684 3219 sibi
1715 3175 1904 3220 mutuo
1932 3167 1966 3220 it

2151 3183 2284 3249 Ξεὸς,
2322 3135 2505 3252 ⁸μέσος
2530 3135 2946 3250 ἷπαραληφθείς,
2970 3135 3136 3242 πόσος
3170 3135 3424 3242 κίνδύνος
3459 3135 3541 3232 ὣς
3556 3177 3660 3248 πρὸς

455 3253 762 3321 terceduut,
809 3266 1073 3309 conventa
1106 3254 1416 3321 conﬁrmat,
1450 3272 1612 3327 quam
1652 3258 1963 3328 periculosu

2153 3276 2292 3330 ιύτὸν
2328 3273 2566 3344 ἐθέμεθα
2612 3272 2918 3343 συνθηκῶν,
2967 3273 3175 3327 τούτων
3227 3273 3552 3342 παραϐάτας
3591 3269 3662 3323 εύ-

452 3348 559 3403 erit
585 3391 600 3414 ,
632 3349 676 3402 si
705 3363 766 3402 ea
796 3350 1123 3416 transgressi
1160 3349 1330 3406 fuisse
1359 3351 1848 3420 deprchendemur,
1894 3368 1961 3422 qu

2152 3368 2440 3433 alcxeaOat,
2501 3367 2597 3420 καλ⁵
2629 3367 2804 3419 ταῦτα
2835 3366 2936 3419 ούκ
2956 3363 3123 3437 οῦσης
3151 3365 3420 3436 δευτέρας
3473 3366 3661 3432 ἀνατεν-

454 3457 578 3495 eum
629 3442 746 3510 ipso
780 3442 935 3494 nobis
979 3443 1110 3494 inita
1151 3452 1297 3505 sunt,
1351 3443 1654 3511 praesertim
1713 3459 1840 3498 cum
1881 3445 1963 3498 nuT

2146 3462 2358 3529 ρήσεως,
2384 3459 2502 3512 οὐδὲ
2531 3458 2909 3524 ἀναπλάσεως,
2949 3457 3067 3512 ούδέ
3094 3457 3172 3524 είς
3201 3458 3264 3513 τὸ
3291 3458 3517 3530 ἀρχαῖον
3556 3456 3655 3510 ἀτω-

455 3532 525 3587 sit
554 3531 891 3601 regeneratio
929 3532 1009 3584 vel
1038 3529 1380 3596 reformatio,
1412 3545 1512 3586 nec
1562 3532 1742 3602 aliqua
1791 3533 1964 3603 antiQt

1038 3529 1380 3596 reformatio,
1412 3545 1512 3586 nec
1562 3532 1742 3602 aliqua
1791 3533 2028 3603 antiquae
2131 3548 2545 3613 καταστάσεως,

457 3621 790 3677 comlitionis
825 3621 1121 3674 restitutio.

529 3711 633 3779 Qui
669 3713 942 3766 diversum
987 3726 1149 3780 quam
1192 3727 1292 3766 nos
1319 3713 1583 3779 sentiunt,
1621 3728 1714 3768 eos
1746 3727 1843 3767 ceu
1893 3713 2031 3768 veri-

2215 3735 2354 3797 Τοῦς
2376 3733 2580 3804 ἑτέρως
2605 3733 2934 3806 φρονοῦντας
2965 3733 3041 3796 ὠς
3063 3732 3245 3802 λύμην
3273 3733 3378 3803 τῆς
3417 3731 3659 3804 ἀληθείας.

455 3805 587 3859 tatis
622 3805 764 3858 luem
798 3817 1166 3868 assumamus,
1213 3814 1268 3857 et
1315 3819 1575 3861 curemus
1628 3805 1804 3876 quoad
1854 3817 1964 3874 pott

2152 3827 2236 3890 iw;
2267 3827 2366 3894 μὲν
2421 3827 2489 3881 ἂν
2522 3821 2826 3902 ᾗδυνατδν,
2866 3823 3422 3896 προσλαμϐανώμεθα
3465 3825 3552 3879 καὶ
3593 3823 3661 3876 θε-

460 3898 621 3965 lieri;
667 3913 761 3953 eos
819 3911 969 3964 vero,
1003 3895 1098 3967 qui
1157 3895 1484 3953 incurabiles
1532 3907 1660 3952 sunt
1696 3913 1969 3952 aversemu

2154 3895 2627 3988 ianadamucv,wpi)
2660 3917 2761 3988 τῆς
2808 3917 2964 3970 νόσου
2994 3895 3394 3986 μεταλάϐωμεν
3431 3917 3550 3986 πρὶν
3588 3928 3663 3984 μι-

458 3995 526 4046 ne
565 3989 714 4060 prius
744 3991 984 4061 ipsorum
1039 3991 1292 4060 contagio
1331 3990 1431 4060 ipsi
1486 3989 1817 4057 inliciamur,
1869 4005 1967 4061 qua

1486 3989 1817 4057 Ῑηίῖείθῑιιυτν
1869 4005 2029 4061 (ιυίιιιι
2131 4008 2382 4063 ταδοῦναι
2410 4007 2511 4078 τῆς
2544 4008 2756 4062 ἐαυτῶν
2783 4007 2995 4077 ὑγείας.

459 4094 660 4140 nostrae
696 4084 769 4138 illi
800 4085 1049 4139 sanitatis
1081 4099 1180 4152 per
1208 4099 1306 4138 nos
1333 4083 1627 4153 participes
1659 4083 1810 4138 ﬁant.

535 4175 799 4229 Malorum
862 4175 1132 4230 inventrix
1186 4183 1269 4230 est
1322 4176 1595 4246 impietas,
1626 4183 1682 4230 et
1731 4176 1798 4229 ad
1842 4189 2030 4251 aggre-

2206 4182 2431 4252 Εύρέτις
2473 4183 2656 4237 κακῶν
2679 4183 2924 4250 ἀσέϐεια,
2981 4182 3076 4237 καὶ
3138 4181 3260 4238 λίαν
3309 4180 3568 4253 τολμηρὸν
3601 4178 3662 4240 εις

459 4271 717 4327 diendum
751 4270 906 4339 longe
937 4268 1319 4324 audacissima.

963 4268 1319 4324 tudacissiuta.
2134 4275 2472 4345 ἐγχείρησιν.

531 4363 688 4434 Greg.
744 4362 973 4433 Nysscn.
1007 4360 1243 4416 Primam
1281 4359 1389 4415 Deo
1433 4375 1645 4430 poenam
1663 4359 1818 4417 debet
1850 4362 2031 4425 homo,

2212 4368 2445 4437 ῐιρώτην
2466 4365 2684 4435 ὥφλησε
2725 4383 2995 4438 τιμωριαν
3025 4367 3054 4420 ὁ
3085 4366 3376 4438 ἄνθρωπος
3423 4366 3496 4438 τῷ
3549 4362 3661 4432 Θεῷι

458 4458 600 4528 quod
630 4473 660 4511 a
690 4466 938 4512 creatore
960 4469 1056 4509 suo
1078 4453 1324 4518 descivit,
1348 4463 1397 4506 et
1413 4454 1479 4507 ad
1503 4453 1872 4508 adversarium
1891 4454 1967 4524 eju

2155 4458 2219 4510 iu
2250 4458 2560 4527 ἀπέστησεν
2587 4457 2778 4510 ἑαυτὸν
2817 4457 2913 4512 τοῦ
2939 4459 3286 4528 ποιήσαντος,
3323 4458 3417 4513 καὶ
3456 4457 3578 4527 πρὸς
3594 4454 3664 4507 τὸν

458 4553 580 4606 dem
599 4551 910 4618 transfugit,
933 4548 1190 4616 fugitivus
1209 4557 1264 4600 et
1279 4545 1524 4600 desertor
1538 4543 1752 4600 Domini
1772 4555 1966 4601 natura

2156 4549 2383 4604 ιναντίον
2401 4551 2847 4622 ἀπηυτομόλησε,
2891 4551 3167 4623 δραπέτης
3202 4550 3297 4608 τοῦ
3361 4553 3494 4606 κατά
3531 4548 3665 4619 φύσιν

462 4645 643 4699 factus
674 4660 688 4697 :
722 4643 950 4695 alteram
983 4654 1131 4703 vero,
1165 4637 1309 4706 quod
1360 4636 1614 4690 miserant
1651 4647 1705 4690 et
1750 4638 1970 4694 infelice

2156 4641 2397 4695 ῑεσπότου
2445 4643 2541 4695 καὶ
2591 4643 2906 4713 ἀποστάτης
2947 4643 3240 4714 γενόμενος
3265 4660 3279 4675 ο
3325 4643 3570 4712 δευτέραν
3604 4640 3665 4700 δὲ.

462 4731 665 4801 peccati
688 4730 1002 4785 servitutem
1045 4742 1143 4798 pro
1174 4728 1346 4782 libero
1374 4729 1458 4782 sui
1505 4727 1647 4797 juris
1678 4729 1903 4786 arbitrio
1933 4748 1971 4783 Cl

2156 4733 2216 4786 ἱτι
2239 4732 2336 4804 τὴν
2371 4733 2613 4806 πονηρὰν
2639 4735 2733 4804 τῆς
2760 4734 3042 4804 ἁμαρτίας
3095 4735 3361 4803 δουλείαν,
3423 4734 3542 4790 ἀντὶ
3587 4733 3665 4800 τῆς

461 4837 780 4896 permutans
812 4821 1047 4892 accepit,
1093 4820 1457 4888 praestabilius
1491 4819 1750 4876 nimirum
1786 4837 1904 4877 esse
1931 4822 1964 4876 d

2157 4825 2483 4891 ιύτεξουσίου
2508 4827 2821 4898 ἐλευθερίας
2869 4828 3162 4899 ὴλλάξατο,
3218 4829 3314 4882 καὶ
3369 4825 3666 4898 προετίμησε

461 4933 592 4972 cens
641 4917 958 4986 perniciosa:
988 4925 1043 4969 et
1093 4914 1330 4970 exitialis
1380 4915 1634 4984 potentia
1695 4917 1970 4986 tyrannide

2157 4916 2228 4968 ποῦ
2256 4916 2530 4969 δουλεύειν
2552 4916 2673 4986 Θεῷ
2694 4918 2754 4970 τὸ
2811 4919 3199 4988 τυραννεῖσθαι
3239 4918 3352 4974 ἀπὸ
3393 4917 3489 4989 τῆς
3528 4931 3666 4970 κατα·

461 5011 569 5082 pati
602 5024 766 5077 quam
813 5007 922 5061 Deo
956 5009 1184 5062 servire.

2136 5007 2468 5081 φθειρούσης
2525 5008 2829 5074 δυνάμεως.

538 5101 830 5168 Τὴροριιὲιί.
869 5099 1032 5170 Atqui
1074 5107 1324 5155 terrenus
1353 5100 1550 5170 aliquis
1585 5118 1680 5157 rex
1705 5117 1825 5159 esse
1850 5101 2031 5158 csedi-

2204 5095 2337 5153 Εἶτα
2364 5098 2617 5169 βασιλεὺς
2651 5099 2749 5168 μὲν
2772 5099 3010 5167 ἐπίγειος
3048 5101 3365 5154 πιστεύεται
3390 5095 3540 5161 εἶναι,
3569 5092 3668 5148 καί·

463 5205 573 5259 tur,
608 5191 736 5245 licet
775 5208 881 5244 non
920 5189 1164 5245 omnium
1200 5190 1370 5247 oculis
1406 5193 1732 5261 conspicuus
1784 5191 1875 5247 sit.
1933 5193 1971 5247 P

2156 5207 2243 5261 τερ
2271 5191 2345 5262 μὴ
2367 5191 2501 5245 πᾶσι
2527 5190 2890 5261 βλεπόμενοςο
2922 5191 3010 5244 διά
3053 5191 3110 5244 δέ
3155 5191 3323 5260 νόμου
3377 5192 3462 5245 καὶ
3505 5185 3665 5242 Band.

461 5286 608 5354 leges
635 5284 778 5338 enim
831 5285 1023 5353 ipsius,
1061 5291 1263 5338 statuta
1310 5285 1563 5354 denique,
1607 5266 1932 5356 potestatem

2208 5300 2275 5336 ων
2301 5282 2491 5349 αὑτοῦ,
2527 5285 2622 5338 καὶ
2648 5283 2932 5350 ἐξουσιῶν,
2963 5285 3057 5336 καὶ
3089 5284 3398 5353 δυνάμεων,
3425 5281 3517 5335 καὶ
3546 5275 3666 5330 εἰκόο
3701 5314 3717 5331 .

468 5377 726 5429 virtutem
756 5383 918 5442 atque
949 5376 1210 5443 imagines
1239 5375 1554 5443 percipitur.
1583 5373 1662 5428 Tu
1703 5391 1828 5430 vero
1863 5375 1973 5432 Deu

2156 5393 2263 5440 νων,
2299 5376 2520 5430 νοεῖται.
2546 5375 2650 5427 Τὸν
2671 5375 2727 5427 δὲ
2762 5374 2894 5427 Θεὸν
2917 5375 2977 5426 ού
3005 5374 3171 5445 βούλῃ
3209 5375 3275 5427 σὺ
3301 5373 3479 5445 νοῆσαι
3506 5368 3569 5424 δι’
3595 5368 3665 5440 ἐρ·

464 5485 526 5522 ex
571 5470 685 5522 suis
713 5467 964 5534 operibus
1003 5477 1060 5521 et
1102 5465 1394 5523 virtutibus
1425 5468 1726 5539 intelligere
1773 5485 1880 5524 non
1930 5470 1973 5524 vi

1190 5465 1394 5522 lutibus
1425 5468 1726 5539 intelligere
1773 5485 1880 5524 non
1930 5470 2029 5524 vis.
2137 5487 2250 5539 γων
2277 5470 2370 5522 καὶ
2393 5468 2699 5536 δυνάμεων.

537 5556 840 5622 Serapionis
917 5553 1203 5626 Nunquam
1255 5557 1434 5628 aliqua
1479 5558 1702 5614 lmresis
1733 5559 2031 5616 Ecclesiatn

2201 5560 2471 5614 Οὐδέποτε
2504 5560 2717 5630 αἵρεσις
2761 5560 2859 5631 τὴν
2884 5556 3218 5630 Ἐκκλησίαν
3258 5559 3517 5630 ἐνίκησεν,
3568 5549 3663 5608 ἀλλ’

468 5650 765 5718 superavit,
813 5650 903 5704 sed
939 5637 1070 5703 furit
1112 5651 1328 5720 quidem
1390 5664 1624 5717 semper,
1672 5651 1977 5723 aliquousqt

2157 5655 2220 5705 ιιὶ
2251 5653 2525 5723 μαίνεται,
2565 5653 2658 5707 καὶ
2699 5652 2818 5707 κατ’
2871 5651 3053 5721 ὀλίγον
3105 5650 3434 5722 προελθοῦσα
3486 5644 3666 5704 εὐθέως

470 5751 650 5798 autem
679 5757 964 5815 progressa
990 5743 1172 5799 statim
1206 5741 1536 5800 dissolvitur.
2135 5747 2337 5799 λύεται.
