3760 6588
347 341 457 405 783

1602 333 1915 400 ΛΝΤΟΝΙΙ
1952 336 2297 399 ΜΕΕΙΞΒΕ
3471 328 3564 395 78ι

419 453 534 510 lsa.
581 468 730 508 xxvr.
777 452 1002 522 Propter
1045 451 1293 509 timorem
1345 460 1524 520 tuum,
1563 451 1814 519 Domine,
1867 453 1904 508 ii

2101 453 2202 509 Διά
2237 453 2332 507 τὸν
2361 450 2531 522 φόϐον
2574 465 2694 516 σου,
2743 447 2938 518 Κύριε,
2963 445 3024 502 ιν
3063 441 3266 516 γαστρὶ
3300 441 3566 516 ἀλάϐομεν.

346 555 499 601 utero
532 545 904 616 eoneepimns.

415 637 614 693 Jerem.
643 654 812 692 xxxii.
846 638 1018 691 Erunt
1053 637 1183 691 milii
1210 639 1262 692 in
1299 636 1582 708 populum,
1615 646 1670 692 et
1704 651 1805 704 ego
1827 651 1922 691 cro

346 729 426 783 cis
453 730 506 783 in
542 729 733 794 Deum,
768 741 820 784 et
859 730 998 788 dabo
1027 731 1107 785 eis
1152 744 1250 784 cor
1283 729 1428 784 aliud
1457 737 1510 782 et
1555 729 1697 782 viam
1735 729 1923 794 aliain,

347 829 405 873 ιιι
438 820 666 874 timeant
689 835 775 873 me
824 821 1078 874 omnibus
1107 820 1211 890 ιο
1241 818 1453 883 diebus,
1500 820 1553 873 iii
1583 819 1780 874 bonum
1813 828 1920 874 tam

347 911 481 980 ipsis
516 926 681 984 quam
715 911 838 966 [iliis
865 911 1105 979 ipsorum
1139 921 1260 980 post
1299 911 1440 966 illos.

419 999 587 1054 Eccli.
614 1017 651 1056 i.
683 999 898 1056 initium
928 1000 1228 1070 sapientiae,
1255 1003 1447 1054 timere
1476 1001 1793 1056 Dcininuin.

419 1091 560 1147 Ibid.
590 1093 806 1148 Corona
835 1094 1112 1164 sapientia:
1153 1093 1315 1147 timor
1349 1094 1581 1160 Domini,
1606 1095 1922 1164 germinans

345 1198 531 1254 pacem
563 1195 618 1240 et
658 1187 940 1240 sanitatem
974 1185 1184 1239 salutis.

417 1271 560 1329 Ibid.
610 1273 892 1329 Plenitudo
943 1263 1222 1344 sapientia:
1274 1275 1470 1329 timere
1529 1273 1836 1337 Dominum,
1868 1283 1924 1328 et

353 1364 592 1421 inebriat
626 1380 722 1421 eos
756 1366 1023 1420 fructibus
1058 1367 1195 1421 suis.

415 1455 552 1510 Ibid.
572 1471 630 1509 ιι.
653 1454 756 1522 Qui
797 1456 999 1510 timetis
1031 1456 1345 1521 Dominum,
1370 1467 1584 1526 sperate
1609 1457 1662 1511 in
1688 1458 1844 1525 bona,
1869 1466 1924 1513 et

353 1545 405 1599 in
438 1547 673 1600 laetitiam
704 1547 1090 1617 sempiternam
1128 1563 1189 1600 ae
1211 1548 1663 1603 misericordiam.

421 1637 561 1691 Ibid.
619 1654 778 1692 xxiii.
823 1636 969 1692 Nihil
1018 1647 1101 1693 est
1139 1639 1332 1692 melius
1380 1640 1572 1694 timore
1605 1638 1838 1706 Domini,
1872 1648 1924 1695 et

353 1729 486 1781 nihil
522 1729 735 1787 dulcius
765 1745 926 1800 quam
957 1730 1235 1784 attendere
1265 1731 1551 1799 praeceptis
1583 1732 1776 1799 ipsius.

426 1820 572 1876 Ibid.
619 1830 666 1878 't.
729 1823 958 1878 Dileelio
997 1821 1090 1877 Dei
1123 1821 1357 1892 gloriosa
1411 1835 1493 1878 est
1544 1824 1828 1894 Sapientia,
1871 1832 1927 1878 et
1961 1816 2000 1871 Β

357 1912 614 1981 largietur
649 1929 767 1967 eam
803 1914 1151 1982 diligentibus
1183 1915 1385 1982 ipsum.

429 2002 565 2057 Ibid.
598 2019 720 2058 sui.
765 2003 935 2074 Dilige
994 2003 1306 2070 Dominum,
1341 2013 1393 2058 et
1429 2005 1618 2058 invoca
1672 2004 1820 2058 ilium
1871 2005 1922 2058 in

352 2093 582 2148 salutem
608 2103 776 2149 tuam.

425 2183 588 2240 Joau.
626 2203 736 2242 xiv.
764 2188 866 2253 Qui
907 2204 992 2243 me
1017 2189 1212 2260 diligit,
1242 2189 1500 2258 diligetur
1531 2205 1559 2243 a
1593 2187 1750 2243 Patre
1783 2205 1922 2255 meo,

356 2285 410 2332 et
442 2292 543 2348 ego
572 2279 790 2350 diligam
821 2280 1024 2350 ipsum,
1059 2292 1112 2336 et
1143 2282 1381 2353 aperiam
1415 2281 1464 2336 ei
1505 2282 1786 2351 lllt‘lpSlllll.

428 2462 568 2516 Ibid.
617 2461 672 2516 Si
717 2463 840 2532 quis
869 2463 1053 2534 diliget
1095 2481 1198 2531 me,
1233 2480 1540 2520 sermonem
1590 2482 1770 2522 meum
1814 2485 1929 2524 svr-

355 2555 519 2619 vabit,
561 2564 615 2607 et
645 2554 798 2607 Pater
829 2570 981 2608 meus
1006 2557 1193 2627 diliget
1223 2574 1367 2621 eum,
1391 2568 1443 2613 et
1483 2561 1545 2612 ad
1590 2577 1715 2618 eum
1749 2563 1931 2618 venie-

362 2664 503 2712 mus,
533 2658 585 2702 ct
619 2649 955 2704 mansionem
988 2654 1128 2719 apud
1159 2650 1308 2706 illum
1346 2651 1628 2708 faciemus.

426 2739 622 2794 Matth.
651 2757 704 2793 Χ.
736 2741 812 2795 Ne
845 2745 1097 2797 iiii-tiiatis
1133 2745 1287 2798 vobis
1313 2745 1382 2798 ab
1415 2745 1497 2799 liis
1538 2746 1628 2815 qui
1669 2747 1928 2803 occidunt

355 2847 578 2902 corpus,
609 2834 846 2888 animam
880 2847 1058 2889 autem
1085 2853 1193 2890 nou
1224 2847 1454 2904 possunt
1479 2839 1748 2894 occidere.

425 2923 578 2979 Rom.
622 2942 736 2980 \‘lll.
774 2927 889 2991 His,
932 2929 1023 2996 qui
1058 2928 1293 2997 diligunt
1324 2929 1512 2996 Deum,
1543 2933 1724 2987 omnia
1766 2933 1925 2988 simul

361 3014 678 3088 adiumento
707 3029 834 3076 sunt
868 3019 918 3071 in
954 3021 1180 3073 bonum.

2097 632 2358 687 Ἔσονταὶ
2409 649 2499 701 μοι
2531 631 2612 695 είς
2654 631 2805 694 λαὸν,
2851 628 3010 696 κάγὼ
3051 630 3246 696 ἔσομαι
3292 629 3473 693 αὐτοῖς
3499 632 3566 696 είς

2023 723 2178 790 Θεὸν,
2234 723 2330 778 καὶ
2381 723 2538 777 δώσω
2585 724 2771 786 αὐτοῖς
2815 721 3044 792 καρδίαν
3090 723 3284 789 ἑτέραν
3334 723 3426 775 καὶ
3468 724 3569 778 ὁδὸν

2023 815 2242 888 ἑτέραν,
2275 813 2582 886 φοϐηθῆναι
2610 831 2677 884 με
2710 815 2891 876 πάσας
2912 814 3012 878 τὰς
3038 814 3255 883 ἡμέρας
3277 815 3364 876 εἰς
3387 816 3571 882 ἀγαθὸν

2022 908 2206 970 αὐτοῖς
2234 925 2293 960 τε
2324 911 2420 962 καὶ
2447 911 2559 970 τοῖς
2582 907 2795 970 τέκνοις
2823 906 3005 961 αὐτῶν
3047 906 3164 974 μετ’
3195 906 3418 972 αύτούς.

2107 1000 2276 1070 Ἀρχὴ
2318 999 2512 1070 σοφίας
2543 999 2830 1069 φοϐεῖσθαι
2860 1001 2954 1053 τὸν
2985 999 3212 1071 Κύριον.

2093 1092 2367 1161 Στέφανος
2405 1092 2595 1160 σοφίας
2630 1093 2797 1162 φόϐος
2832 1092 3067 1164 Κυρίου,
3093 1091 3414 1146 ἀναϐάλλων
3443 1093 3572 1165 siph-

2023 1201 2122 1253 νην
2152 1186 2248 1236 καὶ
2271 1184 2462 1249 ὑγείαν
2491 1184 2706 1246 ἰάσεως.

2098 1274 2388 1342 Πλησμονὴ
2433 1273 2620 1341 σοφίας
2648 1273 2935 1342 φοϐεῖσθαι
2978 1274 3072 1328 τὸν
3101 1273 3335 1342 Κύριον,
3365 1272 3460 1327 καὶ
3484 1291 3570 1344 με-

2023 1365 2214 1418 θύσκει
2244 1367 2440 1427 αὐτοὺς
2477 1366 2583 1419 ἀπὸ
2616 1367 2722 1420 τῶν
2755 1365 2984 1436 καρπῶν
3019 1366 3212 1435 αὐτῆς.

2096 1459 2159 1511 οι
2185 1458 2511 1528 φοϐούμενοι
2542 1460 2630 1512 τὸν
2661 1459 2862 1528 Κύριον
2897 1457 3154 1512 ἐλπίσατε
3183 1459 3266 1522 είς
3294 1457 3479 1526 ἀγαθά
3497 1458 3578 1512 καὶ

2010 1550 2103 1612 ,είς
2134 1549 2476 1621 εὐφροσύνην
2503 1551 2722 1605 αἰώνιον
2747 1551 2841 1605 καὶ
2873 1550 3039 1614 ἔλεος.

2096 1643 2258 1696 Οὐδὲν
2290 1644 2535 1708 κρεῖττον
2569 1642 2734 1712 φόϐου
2769 1643 2995 1712 Κυρίου,
3025 1643 3123 1698 καὶ
3152 1641 3312 1697 οὐδὲν
3336 1642 3578 1710 γλυκύτε-

2030 1753 2122 1802 ρον
2155 1734 2247 1788 τοῦ
2279 1735 2564 1804 προσέχειν
2598 1735 2839 1798 ἐντολαῖς
2868 1735 3100 1804 Κυρίου.

2111 1826 2412 1894 ’Δγάπησις
2455 1827 2660 1894 Κυρίου
2703 1826 2910 1892 ἔνδοξος
2940 1826 3123 1898 σοφία,
3167 1828 3264 1886 καὶ
3297 1829 3578 1899 χορηγήσει

2029 1917 2201 1986 αὐτὴν
2238 1921 2349 1981 τοῖς
2378 1919 2670 1986 ἀγαπῶσιν
2701 1919 2890 1975 αὐτόν.

2111 2008 2326 2076 ’Λγάπα
2358 2009 2449 2062 τὸν
2504 2008 2732 2082 Κύριον,
2778 2010 2872 2065 καὶ
2897 2009 3164 2066 ἑπικαλοῢ
3195 2011 3278 2074 είς
3329 2015 3580 2084 σωτηρίαν

2033 2117 2124 2152 σου
2135 2143 2148 2154 ο

2111 2194 2168 2246 'U
2223 2194 2450 2259 ἀγαπῶν
2505 2212 2572 2263 με
2626 2195 3044 2265 ἀγαπηθήσεται
3071 2197 3174 2251 ὑπὸ
3206 2195 3303 2251 τοῦ
3372 2199 3574 2267 Πατρός

2031 2301 2158 2356 μου,
2213 2284 2370 2354 κάγὼ
2419 2288 2691 2356 ἀγαπήσω
2749 2289 2931 2352 αὐτὸν,
2985 2291 3080 2361 καὶ
3125 2291 3422 2361 ἐμφανίσω
3454 2290 3582 2360 αὐτῷ

2029 2371 2282 2447 ἐμαυτόν.
2998 2360 3007 2368 .

2112 2473 2238 2526 Ἐάν
2267 2489 2353 2536 τις
2378 2475 2568 2545 ἀγαπᾷ
2601 2491 2690 2542 με,
2714 2474 2805 2528 τὸν
2831 2472 2992 2541 λόγον
3031 2491 3132 2542 μου
3176 2473 3434 2544 τηρήσει,
3458 2473 3581 2527 καὶὸ

2031 2566 2222 2634 Πατήρ
2259 2584 2360 2636 μου
2391 2567 2666 2636 ἀγαπήσει
2696 2567 2880 2629 αὑτὸν,
2905 2566 2998 2618 καὶ
3026 2567 3163 2636 πρὸς
3185 2566 3353 2620 αὑτὸν
3385 2565 3580 2619 ἐλευσό-

2032 2657 2196 2728 μεθα,
2226 2658 2319 2712 καὶ
2353 2659 2524 2724 μονὴν
2559 2657 2688 2727 παρ’
2723 2658 2874 2726 αὐτῷ
2901 2659 3220 2727 ποιήσομεν.

2101 2751 2191 2822 Μὴ
2231 2752 2502 2824 φοϐηθῆτε
2543 2753 2655 2806 ἀπὸ
2697 2750 2805 2805 τῶν
2853 2752 3291 2812 ἀποκτεινόντων
3317 2753 3396 2812 ,τὸ
3421 2754 3579 2821 σῶμα,

2028 2845 2127 2915 τὴν
2159 2844 2216 2897 δὲ
2241 2843 2420 2914 ψυχὴν
2446 2845 2520 2914 μὴ
2549 2844 2861 2914 δυναμένων
2904 2847 3251 2900 ἀποκτεῖναι.

2104 2936 2230 3002 Τοῖς
2252 2937 2505 3004 ἀγαπῶσι
2530 2937 2622 2990 τὸν
2648 2937 2782 2991 Θεὸν
2803 2936 2980 2992 πάντα
3006 2937 3264 3009 συνεργεῖ
3275 2936 3356 3003 είς
3375 2937 3580 3008 ἀγαθόν.

433 3107 464 3162 1
494 3108 616 3165 Cor.
648 3126 766 3165 νιιι.
802 3111 902 3178 Qui
935 3109 1101 3166 Deum
1136 3114 1326 3183 diligit,
1355 3115 1442 3168 hic
1471 3116 1721 3185 cognitus
1751 3126 1835 3172 est
1861 3117 1905 3171 al

2107 3113 2172 3168 Εἴ
2197 3133 2276 3178 τις
2307 3116 2498 3187 ἀγαπᾷ
2518 3117 2609 3170 τὸν
2633 3117 2787 3181 Θεὸν,
2815 3116 2971 3180 οὗτος
2999 3116 3274 3186 ἔγνωσται
3304 3115 3402 3170 ὕπ’
3419 3115 3578 3170 αὐτοῦ.

361 3202 474 3258 illo.

432 3295 459 3348 Ι
492 3296 656 3350 Joan.
690 3312 767 3352 iv.
815 3296 954 3354 Deus
1005 3307 1087 3352 est
1134 3297 1399 3363 cbaritas,
1435 3307 1493 3353 et
1525 3299 1616 3368 qui
1666 3310 1850 3355 manet
1878 3301 1932 3355 in

359 3385 653 3453 cliaritaite,
681 3389 732 3441 in
768 3388 876 3442 Deo
905 3401 1109 3454 manet,
1139 3400 1192 3443 et
1221 3389 1362 3445 Deus
1394 3401 1575 3444 manet
1606 3391 1658 3445 in
1690 3406 1776 3446 eo.

435 3479 651 3534 Basilii.
707 3479 894 3534 Timor
955 3481 1166 3537 Domini
1225 3483 1421 3538 animae
1478 3482 1782 3552 piirilicatio
1824 3491 1932 3545 est,

358 3570 510 3641 juxta
552 3571 828 3643 prophetae
857 3573 1182 3639 orationem,
1209 3575 1300 3643 qui
1346 3573 1476 3630 dicit
1505 3591 1517 3628 :
1565 3592 1584 3626 i
1616 3574 1801 3628 Timor
1834 3571 1935 3624 Do-

366 3665 500 3719 mini
532 3665 739 3734 quaevis
765 3663 962 3720 animat
1002 3664 1131 3719 vitia
1157 3673 1210 3720 et
1243 3664 1485 3720 defectus
1515 3673 1759 3735 superat.
1798 3681 1818 3714 ι

432 3753 814 3811 Necessarium
852 3756 1120 3836 debitum,
1169 3771 1323 3812 amor
1357 3755 1474 3823 Dei,
1507 3773 1534 3810 a
1562 3757 1721 3813 nobis
1752 3767 1938 3828 postu.

365 3852 533 3914 latur.
584 3852 698 3906 l-loc
739 3853 880 3910 enim
937 3853 981 3908 si
1028 3862 1212 3908 careat
1238 3868 1442 3916 anima,
1469 3853 1670 3908 malum
1703 3855 1938 3912 sustinet

366 3960 479 4014 pne
507 3945 764 4000 omnibus
796 3946 917 4000 aliis
947 3960 1070 4000 cum
1102 3947 1292 4016 primis
1328 3943 1686 4000 intolerabile.

441 4037 761 4107 Quicunque
788 4052 1026 4094 amorem
1062 4053 1188 4108 erga
1221 4036 1389 4090 Deum
1437 4047 1674 4099 servant,
1708 4037 1796 4092 liis
1825 4038 1940 4108 ipse

2112 3293 2177 3348 't')
2206 3294 2337 3359 Θεὸς
2367 3295 2558 3365 ἀγάπη
2607 3295 2745 3361 ἐστὶ,
2783 3296 2880 3350 καὶ
2916 3296 2948 3348 ὁ
2986 3297 3168 3370 μένων
3205 3296 3265 3348 ἐν
3293 3297 3362 3366 τῇ
3410 3294 3576 3364 ἀγάπῃ

2034 3388 2091 3438 ὲν
2117 3387 2238 3456 Θεῷ
2269 3387 2443 3456 μένει,
2485 3388 2578 3441 καὶ
2606 3391 2632 3441 ὁ
2663 3388 2794 3450 Θεὸς
2825 3389 2883 3440 ἐν
2915 3388 3069 3456 αύτῷ,
3095 3389 3269 3458 μένει.

2103 3479 2273 3540 Φόϐος
2319 3481 2530 3549 Κυρίου
2581 3480 2878 3549 καθάρσιον
2905 3479 3084 3550 ψυχῆς
3131 3481 3272 3535 κατά
3315 3480 3416 3551 τὴν
3441 3479 3578 3550 εὐχὴν

2034 3570 2130 3622 τοῦ
2179 3571 2462 3641 προφήτου
2510 3571 2778 3640 λέγοντος,
2813 3591 2832 3624 ι
2860 3573 3027 3636 Φόϐος
3067 3573 3278 3642 Κυρίου
3327 3573 3578 3630 παντοίων

2035 3662 2438 3732 ἐλαττωμάτων
2468 3663 2570 3734 τῆς
2602 3663 2782 3735 ψυχῆς
2827 3667 3188 3736 περιγίνεται.
3229 3685 3249 3719 ι

2121 3757 2446 3824 Ἀναγκαῖον
2497 3757 2719 3827 ὄφλημα
2747 3758 2846 3829 τὴν
2894 3760 2975 3822 είς
3005 3759 3139 3813 Θεὸν
3188 3760 3414 3829 ἀγάπην
3437 3763 3582 3816 άπαι-

2037 3849 2294 3919 τυύμεθα,
2323 3850 2352 3903 ὃ
2371 3852 2438 3920 τῇ
2467 3849 2787 3921 ἐλλειπούσῃ
2815 3850 2963 3922 ψυχῇ
3003 3851 3224 3907 πάντων
3244 3853 3430 3907 κακῶν
3455 3854 3581 3906 ἔστιν

2039 3943 2331 4012 ἀφόρητον.

2108 4035 2254 4092 Ὅσα
2299 4036 2399 4106 τὴν
2445 4037 2583 4107 πρὸς
2615 4035 2752 4095 Θεὸν
2792 4038 2955 4109 τηρεῖ
2997 4035 3204 4106 φιλίαν,
3254 4037 3459 4100 τούτοις
3493 4036 3580 4104 τὴν

367 4145 586 4201 quoque
645 4130 729 4191 sui
791 4130 1231 4186 communionem
1309 4128 1557 4197 largitur.
1616 4128 1710 4184 Dei
1758 4139 1905 4186 auter

2086 4129 2182 4182 ῖίαν
2211 4129 2442 4199 παρέχει
2476 4129 2788 4184 κοινωνίαν.
2823 4130 3095 4188 Κοινωνια
3117 4128 3176 4182 δᾶ
3205 4127 3344 4182 Θεοῦ
3371 4127 3478 4198 ζ’ωή
3498 4128 3580 4181 καὶ

367 4223 686 4280 communio
733 4222 840 4275 vita
872 4231 926 4276 et
959 4221 1047 4278 lux
1089 4231 1194 4284 est,
1224 4231 1277 4276 et
1321 4235 1510 4278 eorum
1565 4236 1686 4292 qua:
1715 4221 1782 4278 ab
1815 4222 1935 4292 ipso

368 4317 788 4387 proﬁciscuntur
820 4315 1084 4368 honorum
1122 4311 1326 4368 fruitio.

443 4407 584 4464 Deus
615 4422 719 4464 non
763 4409 1006 4461 omnium
1045 4406 1188 4462 Deus
1209 4416 1311 4476 est,
1353 4405 1446 4462 sed
1485 4421 1700 4473 eorum,
1728 4406 1816 4476 qui
1847 4420 1942 4475 per

2040 4219 2181 4289 φῶς,
2215 4223 2312 4277 καὶ
2340 4219 2645 4284 ἀπόλαυσις
2676 4219 2788 4278 τῶν
2817 4221 2947 4292 παρ’
2970 4219 3142 4286 ⁵αιῐιτιηῦ
3169 4219 3412 4288 ἀγαθῶν.

2113 4400 2190 4454 Ού
2217 4398 2440 4453 πάντων
2468 4398 2601 4462 Θεὸς
2649 4400 2680 4454 ὁ
2708 4398 2864 4467 Θεὸς,
2897 4399 3035 4462 ἀλλά
3079 4399 3190 4457 τῶν
3216 4399 3583 4458 οίκειωθόντων

366 4503 686 4557 eliaritatem
716 4503 768 4555 in
807 4500 974 4569 ipsius
1008 4499 1163 4569 quasi
1219 4497 1482 4554 familiam
1517 4500 1721 4568 recepti
1751 4507 1806 4554 et
1836 4499 1905 4570 ipi

2086 4491 2190 4563 ὔτῷ
2215 4493 2304 4548 διὰ
2331 4495 2431 4566 τῆς
2463 4493 2706 4564 ἀγάπης.

369 4595 649 4664 conjuncti
681 4603 834 4648 sunt.

448 4682 914 4754 Tlieologi.Timor
940 4681 1153 4736 Domini
1186 4678 1465 4750 sapientia:
1491 4679 1736 4746 initium,
1757 4688 1812 4736 et
1839 4696 1938 4736 ceu

2126 4669 2298 4742 Ἀρχὴ
2323 4671 2515 4739 σοφίας
2542 4670 2705 4740 φόϐος
2737 4670 2943 4743 Κυρίου
2967 4665 3080 4732 οἷόν
3106 4687 3164 4730 τι
3189 4671 3407 4741 πρῶτον
3433 4667 3587 4737 σπάρ-

372 4777 546 4848 prima
575 4775 711 4832 fetus
745 4775 890 4832 illius
923 4773 1092 4830 fascia
1112 4782 1217 4832 est.
1250 4773 1314 4832 Et
1343 4771 1610 4843 sapientia
1634 4771 1724 4828 ubi
1747 4771 1905 4828 timor

2086 4779 2234 4819 ανον.
2279 4763 2390 4816 Καὶ
2420 4763 2581 4832 σοφία
2612 4763 2707 4817 τὸν
2751 4763 2916 4832 φόϐον
2943 4762 3255 4832 ὑπερϐᾶσα,
3278 4763 3376 4818 καὶ
3409 4765 3481 4824 εις
3503 4760 3587 4830 τὴν

371 4869 586 4924 devicto
623 4869 689 4924 ad
718 4868 1062 4924 dilectionem
1101 4879 1385 4937 progressa
1412 4873 1519 4932 est,
1551 4880 1652 4920 nos
1687 4863 1778 4922 Dei
1809 4864 1946 4924 ami-

373 4975 469 5016 cos
489 4970 544 5016 et
574 4960 713 5016 ﬁlios
745 4974 840 5030 pro
864 4959 1038 5014 servis
1065 4957 1250 5012 efﬁcit.

444 5051 794 5124 Nequaquam
830 5066 931 5116 nos
962 5064 991 5106 a
1024 5048 1274 5104 Numinis
1300 5047 1760 5118 contemplatione
1781 5062 1948 5114 exor-

2045 4857 2272 4926 ἀγάπην
2301 4855 2702 4927 ἀναϐιϐάσασα,
2745 4855 2879 4914 Θεοῦ
2911 4858 3100 4927 φίλους
3130 4859 3282 4928 ἡμᾶς
3324 4857 3415 4912 καὶ
3457 4855 3590 4916 υἱοὺς

2047 4951 2170 5006 ἀντὶ
2200 4950 2403 5004 δούλων
2433 4950 2746 5021 ἐργάζεται.

2122 5043 2239 5100 οὐκ
2272 5043 2384 5101 ἀπὸ
2417 5044 2654 5115 θεωρίας
2692 5043 3034 5115 ἀρξαμένους
3065 5045 3148 5107 είς
3171 5043 3342 5112 φόϐον
3367 5041 3461 5112 χρὴ
3501 5055 3587 5094 κα-

374 5161 467 5202 sos
505 5145 560 5201 in
593 5145 844 5198 timorem
901 5143 1151 5197 desinere
1183 5148 1414 5211 oportet.
1449 5138 1764 5198 Istiusmodi
1802 5140 1905 5196 enii

2086 5137 2309 5210 αλήγειν
2339 5137 2566 5208 (θεωρία
2591 5139 2701 5208 γάρ
2725 5139 3063 5209 ἀχαλίνωτος
3089 5137 3234 5209 τάχα
3259 5139 3340 5191 ,ἂν
3360 5138 3444 5190 καὶ
3464 5131 3590 5189 κατά

375 5233 762 5302 contemplatio
815 5230 1033 5287 eﬂ‘renis
1108 5229 1339 5285 forsitan
1385 5230 1686 5300 praecipites
1735 5245 1905 5300 quoqii

2086 5231 2315 5302 ,pqpvd'w
2345 5229 2585 5299 ὤσειεν),
2629 5229 2764 5284 ά).λά
2815 5230 2968 5301 φόϐῳ
3012 5229 3467 5302 στοιχειουμένους
3509 5224 3591 5278 καὶ

376 5341 480 5382 nos
512 5325 836 5400 impelleret.
871 5323 974 5378 Sed
1010 5324 1100 5380 ubi
1127 5339 1157 5378 a
1189 5323 1386 5378 timore
1408 5322 1563 5380 initio
1586 5323 1730 5387 facto
1761 5323 1900 5393 prim

2086 5325 2514 5397 αθαιρομένους,
2540 5326 2636 5381 καὶ
2665 5325 2758 5396 (ἶν’
2782 5324 2955 5390 οὕτως
2979 5325 3142 5396 olm)
3166 5322 3589 5395 λεπτυνομίνως,

376 5419 702 5476 rudimentis
734 5416 982 5473 instructi
1031 5425 1086 5470 et
1120 5415 1355 5487 purgati,
1385 5415 1495 5470 imo
1527 5415 1611 5486 (ut
1648 5415 1720 5471 ita
1753 5416 1905 5472 dicari

2089 5421 2134 5484 ίς
2164 5417 2298 5487 ὕψος
2320 5415 2594 5488 αῑρεσθαι.

375 5513 642 5572 attenuati
700 5509 986 5574 fuerimus,
1020 5509 1076 5564 in
1109 5509 1344 5566 sublime
1390 5523 1492 5564 nos
1528 5509 1703 5574 attolli
1757 5523 1962 5565 conve-

381 5607 485 5661 ιίι.

458 5697 560 5774 ιι
600 5693 806 5750 Calais.
838 5709 920 5763 ιιι,
953 5693 1039 5752 14.
1081 5693 1332 5752 Charitas
1376 5693 1728 5764 perfectionis
1772 5690 1961 5748 vincu-

390 5790 502 5844 lum
535 5795 638 5843 est.

2144 5694 2358 5763 Ἀγάπη
2384 5693 2502 5750 ἐστὶ
2538 5692 2846 5761 σύνδεσμος,
2869 5690 3232 5756 τελειώσεως.
