3822 6590
209 508 292 576 785
939 505 1112 566 LOCI
1145 507 1586 569 COMMUNES-
1627 535 1695 546 -
1731 511 1946 573 PARS.
1993 513 2041 571 Ι.
2087 513 2343 574 SERMO
2383 518 2603 577 lV—V.
3269 522 3376 583 786

260 615 546 691 Δημιουργδς
568 615 759 686 ἀρετῆς
793 617 1015 690 ἀπάσης
1041 619 1076 693 ἡ
1106 621 1322 692 ἀγάπη.
1727 623 1769 684 Α

1880 624 2266 694 Chrysostomi.
2320 627 2512 684 Omnis
2569 627 2784 682 virtutis
2824 628 3003 697 onilex
3065 629 3148 682 vel
3198 629 3378 685 archb-

1805 719 2002 774 tectrix
2031 728 2116 776 est
2139 719 2404 775 charitas.

752 813 976 868 noro}:
1006 815 1081 870 Δο.
2232 832 2261 889 ε

2232 832 2467 892 SERMO
2494 835 2562 890 ιν
2587 835 2687 906 [αι.
2705 833 2958 906 οωιιη

209 907 435 974 Περίτῶν
459 903 537 975 μὴ
581 905 965 990 φοϐογμένων
1013 907 1122 961 τὸν
1167 908 1336 974 Θεὸν,
1377 909 1532 978 μηδὲ
1555 909 1700 980 ἀγα-

669 989 918 1028 πωντων
945 978 1153 1032 αὐτόν.

1918 925 1997 980 De
2030 925 2142 981 illis
2176 927 2266 996 qui
2309 925 2476 981 Deum
2513 903 2606 981 nec
2637 927 2821 979 timent
2878 903 2972 978 nec
2997 937 3000 939 λ
3021 923 3271 993 diligunt.

261 1064 399 1122 Εῐπν
419 1065 604 1136 Φαραὼ
649 1066 784 1134 πρὸς
816 1067 1056 1138 Μωῦσῆν
1087 1086 1100 1100 ·
1142 1069 1240 1132 Τίς
1275 1069 1423 1124 ἐστιν
1456 1065 1515 1124 οὗ
1555 1074 1707 1126 alca-

1886 1076 2063 1132 Exod.
2099 1094 2151 1132 v.
2185 1078 2330 1133 Dixit
2362 1079 2574 1134 Pharao
2620 1081 2685 1133 ad
2722 1077 2941 1149 Moysen
2969 1095 2980 1130 :
3013 1077 3147 1142 Quis
3171 1084 3257 1132 est
3282 1089 3380 1130 cu-

212 1163 427 1229 κούσομαι
458 1159 546 1230 τῆς
590 1161 766 1228 φωνῆς
801 1160 988 1225 αὑτοῦ,
1032 1161 1174 1215 ὥστε
1224 1161 1606 1228 ἐξαποστεῖλαι
1639 1183 1706 1236 με

1874 1184 1896 1222 s
1925 1183 2114 1222 vocem
2155 1169 2272 1238 ipse
2320 1171 2562 1234 audiam,
2591 1179 2648 1224 ut
2681 1170 2954 1224 dimittam
2998 1169 3138 1223 ﬁlios
3173 1165 3383 1222 Israel!

207 1253 308 1312 τοὺς
335 1251 466 1314 υίνὺς
503 1251 744 1321 Ίσραήλς
783 1253 884 1306 οὐκ
920 1250 1035 1305 οἶδα
1073 1253 1166 1307 τὸν
1211 1255 1438 1327 Κύριον,
1490 1258 1584 1311 καὶ
1615 1260 1707 1312 τὸν

1889 1276 1930 1314 ιη
1963 1260 2085 1314 novi
2119 1259 2430 1329 Doruinnm,
2457 1271 2511 1317 et
2537 1261 2702 1318 Israel
2737 1277 2844 1316 non
2877 1261 3170 1316 dimittam.
3393 1269 3398 1272 ‘

220 1343 394 1414 Ἰσραὴλ
418 1345 511 1396 οὐκ
539 1344 899 1410 ἐξαποστελῶ.

259 1436 353 1488 οὐκ
376 1435 508 1489 ἐστιν
530 1437 556 1488 6
593 1435 724 1499 Θεὸς
767 1435 1000 1492 ἐνώπιον
1034 1438 1225 1493 αὐτοῦ·
1261 1438 1620 1512 βεϐηλοῦνται
1651 1446 1708 1499 αἱ

1883 1441 2031 1495 Psal.
2062 1441 2181 1497 Non
2228 1451 2313 1496 est
2345 1441 2488 1498 Deus
2535 1459 2718 1498 coram
2771 1443 2909 1512 ipso.
2939 1442 3050 1497 Via:
3080 1441 3252 1512 ipsius
3299 1442 3383 1496 in-

205 1526 290 1581 ὕδοὶ
316 1527 461 1580 αὑτοῦ
492 1529 546 1581 ὲν
573 1532 736 1582 παντὶ
764 1530 963 1600 καιρῷ.

1815 1535 2052 1603 quinam:
2082 1544 2209 1588 sunt
2239 1533 2386 1587 omni
2420 1545 2677 1603 tempore.

239 1615 354 1722 ⁸υθὶι
400 1616 506 1671 ἔστι
542 1616 702 1686 φόϐος
750 1617 888 1673 Θεοῦ
941 1623 1202 1678 ἀπέναντι
1255 1625 1364 1678 τῶν
1417 1624 1711 1697 ὀφθαλμῶν

1887 1624 2032 1680 Ibid.
2068 1641 2251 1680 xxxvi.
2284 1623 2404 1680 Non
2451 1638 2534 1681 est
2570 1626 2733 1681 timor
2767 1625 2858 1682 Dei
2889 1639 3072 1680 coram
3104 1623 3280 1680 oculis
3309 1625 3387 1694 ip-

205 1717 356 1761 αὑτοῦ.

1819 1717 1955 1774 sius.

255 1800 306 1852 Οί
330 1799 379 1852 δὲ
408 1799 585 1870 ἐχθροὶ
617 1801 845 1873 Κυρίου,
877 1804 991 1872 ἅμα
1037 1804 1113 1875 τῷ
1141 1804 1469 1870 δοξασθῆναι
1514 1805 1710 1867 αὐτοὺς

1893 1810 2100 1866 Inimici
2159 1809 2374 1865 Domini
2414 1825 2537 1866 mox
2587 1818 2644 1863 ut
2695 1809 3034 1864 honorilicati
3069 1818 3124 1864 et
3171 1809 3390 1864 exaltati

204 1894 272 1945 καὶ
300 1892 577 1962 ὑψωθῆναι,
627 1896 973 1962 ἐκλείποντες
1004 1897 1137 1952 ὡσεὶ
1184 1899 1388 1962 καπνὸς
1441 1899 1709 1966 ἐξέλιπον.

1884 1903 2047 1966 erint,
2094 1903 2407 1958 deﬁcientes
2451 1901 2907 1971 quemadmodum
2958 1899 3138 1955 fumus
3180 1898 3393 1956 defece-

1751 1981 1789 2034 Β
1821 1999 1973 2046 runt.

251 2077 391 2140 Φόϐος
414 2075 615 2147 Κυρίου
664 2079 744 2142 είς
762 2069 922 2150 ’ζωὴν
945 2080 1120 2152 ἀνδρὶ,
1153 2080 1181 2134 6
1230 2080 1287 2135 δὲ
1316 2080 1517 2149 ἄφοδος
1563 2080 1708 2134 αὐλι-

1889 2081 2049 2139 Prov.
2081 2099 2193 2137 xix.
2216 2081 2404 2136 Timor
2433 2080 2644 2136 Domini
2677 2080 2844 2133 vitam
2873 2087 3137 2147 operatur
3165 2077 3394 2132 homini.

204 2163 419 2234 σθήσεται
447 2170 501 2222 ἐν
531 2170 739 2235 τόποις,
771 2165 852 2235 οἷς
880 2172 980 2226 οὐκ
1005 2173 1384 2226 ἐπισκοπετται
1413 2172 1635 2242 γνῶσις.

1892 2192 1938 2230 »η
1972 2177 2167 2230 timens
2195 2189 2325 2228 vero
2361 2173 2628 2228 habitabit
2662 2172 2716 2226 in
2753 2170 2911 2234 locis,
2941 2169 3030 2224 ubi
3082 2185 3188 2224 non
3219 2169 3401 2223 consi-

256 2343 362 2406 Υίδς
385 2343 590 2414 δοξάζει
625 2347 863 2417 πατέρα,
894 2349 986 2403 καὶ
1030 2348 1218 2412 δοῦλος
1262 2348 1352 2402 τὸν
1402 2349 1592 2419 κύριον
1626 2349 1721 2404 αὐ-

1890 2275 2048 2322 :ratur
2078 2269 2338 2337 cognitio.

1897 2359 2131 2414 Matach.
2166 2375 2204 2413 ι.
2254 2355 2424 2410 Filius
2457 2355 2626 2422 patris
2674 2353 2803 2418 sui,
2852 2362 2905 2407 et
2959 2365 3149 2408 servus
3193 2349 3399 2404 domini

200 2433 290 2489 τοῦ.
315 2436 413 2490 Καὶ
442 2438 487 2490 εί
519 2438 713 2510 Πατήρ
737 2441 874 2509 εἰμι,
902 2439 1005 2494 ποῦ
1040 2441 1186 2495 ἐστιν
1219 2443 1252 2514 ἡ
1281 2441 1409 2506 δόξα
1444 2458 1584 2510 μους
1623 2445 1709 2496 καί

1892 2465 2085 2504 morem
2124 2450 2392 2519 provehit.
2426 2449 2483 2504 Si
2523 2449 2679 2502 Pater
2711 2461 2832 2501 sum
2863 2461 2984 2512 ego,
3007 2444 3097 2496 ubi
3125 2451 3208 2496 est
3232 2440 3401 2510 gloria

201 2526 242 2578 εί
260 2526 440 2599 Κύριός
466 2533 601 2599 ειμι,
631 2531 739 2584 ποῦ
782 2533 930 2587 ἐστιν
956 2533 984 2586 6
1017 2533 1179 2603 φόϐος
1221 2551 1322 2602 μου
1348 2551 1365 2602 ;
1409 2533 1584 2603 λέγει.
1610 2536 1694 2589 Κύ

1898 2542 1989 2596 ea?
2019 2540 2086 2595 Et
2113 2542 2157 2596 si
2185 2541 2450 2596 Dominus
2477 2555 2596 2594 sum
2635 2554 2758 2607 ego,
2782 2537 2873 2591 ubi
2905 2546 2989 2591 est
3013 2535 3176 2590 timor
3204 2548 3360 2588 mens
3385 2532 3407 2584 ?

202 2637 290 2690 ριος
319 2625 723 2694 παντοκράτωρ.

1827 2635 1958 2691 dicit
1999 2634 2259 2688 Dominus
2288 2634 2657 2702 omnipotens.

265 2714 377 2780 Ἐμὲ
401 2715 458 2767 οὐ
492 2714 839 2784 φοϐηθήσεθε
864 2731 880 2783 ;
907 2716 1054 2784 λέγει
1083 2716 1286 2786 Κύριος
1312 2733 1326 2749 °
1359 2719 1392 2788 ῆ
1419 2718 1526 2772 ἀπὸ
1558 2736 1726 2790 προσ-

1897 2725 2096 2780 Jerem.
2125 2740 2176 2776 v.
2203 2722 2456 2792 Nunquid
2496 2738 2581 2776 me
2636 2737 2740 2775 non
2767 2719 3077 2776 timebitis?
3115 2717 3247 2773 dicit
3301 2715 3404 2770 Do-

200 2800 322 2855 ὠπου
353 2822 446 2872 μου
492 2808 592 2861 οὐκ
638 2807 1085 2879 εὐλαϐηθήσεσθε
1117 2811 1206 2864 τὸν
1261 2812 1500 2879 τάξαντα
1538 2810 1709 2880 ἀμμοπ

1893 2817 2033 2878 inus.
2070 2825 2162 2872 aut
2191 2832 2219 2871 a
2259 2815 2397 2870 facie
2431 2831 2547 2868 mea
2585 2830 2692 2870 non
2741 2811 3126 2874 lormitlabitis,
3157 2811 3248 2880 qui
3280 2824 3402 2862 are-

202 2894 318 2960 ὄριον
337 2899 395 2967 τῇ
413 2896 677 2972 θαλάσσῃ,
706 2900 924 2954 αἰώνιον
948 2903 1296 2973 πρόσταγμα,
1326 2905 1420 2957 καὶ
1443 2904 1540 2975 οὐχ
1562 2904 1711 2974 ὑπερε

1892 2928 1963 2964 im
2003 2911 2295 2965 terminum
2350 2907 2487 2962 mari
2524 2908 2806 2970 constitui,
2844 2913 3172 2973 praeceptum
3208 2901 3401 2970 sempi-

200 2986 389 3054 ϐήσεται
420 2990 567 3056 αὐτὸ,
596 2993 700 3046 καὶ
727 2993 1164 3065 ταραχθήσεται,
1190 2997 1283 3050 καὶ
1312 2997 1374 3049 οὐ
1399 2997 1688 3067 δυνήσεται

1900 3020 2047 3057 rnum
2108 3012 2162 3056 et
2212 3001 2356 3071 quod
2408 3015 2518 3055 non
2572 2997 3039 3067 transgredietur?
3073 2994 3409 3062 Turbabitut‘

203 3081 274 3134 καὶ
297 3082 544 3155 ὴχὴσουσι
578 3088 646 3143 τὰ
679 3088 902 3158 κύματα
935 3089 1124 3152 αὐτοῦ,
1172 3091 1263 3143 καὶ
1294 3093 1394 3160 οὐχ
1427 3090 1712 3160 ὑπερϐήσε

1901 3095 2084 3158 iidem,
2130 3094 2222 3149 scd
2262 3110 2370 3147 non
2406 3094 2625 3162 poterit.
2675 3091 2962 3144 Sonabunt
3023 3088 3218 3141 ﬂuctus
3268 3085 3410 3151 ejus.

199 3193 269 3229 ται
294 3180 450 3248 αὐτός
491 3182 571 3252 τῷ
605 3183 665 3237 δὲ
707 3184 822 3252 λαῷ
851 3183 1026 3254 τούτῳ
1076 3182 1309 3254 ἐγενήθη
1358 3181 1554 3254 καρδία
1602 3182 1703 3248 ἀνῆ

1903 3185 1930 3240 tl
1971 3201 2076 3239 non
2114 3184 2592 3256 trausgredientur
2641 3180 2796 3235 illud.
2839 3181 2910 3235 At
2944 3178 3143 3248 pepulo
3176 3175 3301 3230 huic
3333 3175 3412 3228 la-

202 3285 299 3331 κοος
324 3272 408 3324 καὶ
437 3274 671 3343 ἀπειθὴς
698 3290 714 3304 ·
745 3275 839 3329 καὶ
883 3274 1182 3340 ἐξέκλιναν,
1215 3274 1309 3328 καὶ
1339 3275 1604 3345 ἀπῆλθον,
1641 3293 1711 3328 κα

1905 3293 1984 3330 um
2015 3286 2097 3332 est
2125 3293 2216 3329 eor
2259 3275 2582 3329 inohediens
2628 3281 2678 3326 et
2729 3269 3071 3324 incredulum
3114 3271 3196 3319 vel
3243 3265 3414 3320 intra-

198 3364 277 3416 οὐκ
308 3363 455 3421 εἶπαν
487 3369 546 3424 ἐν
583 3373 650 3439 τῇ
697 3371 894 3441 καρδίᾳ
923 3370 1124 3436 αὐτῶν,
1153 3369 1487 3440 Φοϐηθῶμεν
1516 3369 1580 3440 δὴ
1617 3368 1698 3422 Κΰ

1903 3369 2056 3425 abile.
2105 3366 2527 3422 Declinaveruut
2559 3373 2614 3418 et
2645 3363 2916 3426 abierunt,
2942 3367 2996 3412 et
3027 3374 3132 3410 non
3165 3357 3412 3409 diurqu

204 3473 293 3522 ριον
318 3459 400 3512 τὸν
439 3461 568 3514 Θεὸν
607 3463 791 3534 ἡμῶν,
828 3462 920 3515 τδν
966 3461 1177 3515 διδόντα
1211 3463 1344 3532 ἡμῖν
1375 3461 1530 3514 ὑετὸν
1555 3459 1713 3532 πρὼῖι

1928 3461 2094 3516 corde
2123 3475 2263 3514 suo:
2299 3457 2636 3519 Timeamus,
2669 3469 2878 3523 qna-so,
2900 3449 3184 3504 Dominum
3245 3447 3410 3500 Deum

202 3564 280 3612 μον
301 3550 386 3603 καὶ
405 3551 625 3623 ὄψιμον,
653 3552 800 3606 κατὰ
818 3550 1007 3622 καιρὸν
1027 3550 1386 3623 πληρώσεως,
1409 3551 1711 3621 πρόσταγμι

1903 3562 2116 3619 istrum,
2141 3551 2236 3621 qui
2266 3551 2358 3604 dat
2397 3548 2554 3602 nobis
2588 3545 2828 3616 pluviam
2881 3541 3200 3595 matutinam
3231 3546 3284 3614 et
3325 3552 3412 3590 se-

201 3635 448 3711 θερισμοῦ-
1842 3644 2103 3705 rotiuam,
2151 3639 2453 3696 secundum
2508 3646 2722 3707 tempus
2772 3631 3127 3704 plenitudinis
3164 3629 3416 3698 praecepti

1840 3732 2064 3799 messis,
2083 3743 2194 3788 etc.

253 3815 319 3870 τὸ
364 3821 707 3890 ἁμαρτάνειν
763 3823 897 3895 ἡμῖν
957 3822 1097 3876 κατά
1148 3822 1416 3903 ἀπουσίαν
1466 3818 1560 3874 τοῦ
1595 3819 1739 3873 θείου

1914 3825 2127 3880 Basilii.
2157 3824 2314 3891 Quod
2341 3839 2568 3895 peccare
2592 3821 2830 3876 solemus
2863 3834 2984 3884 nos,
3010 3821 3232 3886 propter
3260 3813 3419 3867 timo-

198 3907 334 3972 φόῦου
363 3913 665 3982 ἐγγίνεται.

1847 3917 1924 3970 ris
1952 3916 2043 3971 Dei
2077 3916 2383 3972 absentiam
2416 3913 2706 3978 contingit.

255 4005 401 4058 Ὅσον
451 4009 729 4075 ἀφίστατο
765 4007 864 4072 τῆς
894 4006 1037 4075 ζωῆς
1069 4007 1096 4060 ὁ
1133 4005 1326 4074 Ἀδὰμ,
1358 4005 1613 4060 τοσοῦτον
1644 4007 1741 4078 ῆγ-

1919 4007 2194 4075 Quantum
2231 4024 2261 4062 a
2286 4007 2396 4060 vita
2422 4006 2673 4060 discessit
2706 4003 2899 4065 Adam,
2931 3999 2984 4053 in
3021 4007 3227 4051 tantum
3261 3993 3424 4048 morti

197 4094 294 4158 γιζε
333 4099 406 4167 τῷ
442 4101 686 4170 θανάτῳ.
739 4099 861 4167 Ζωὴ
897 4100 1007 4168 γάρ
1079 4097 1109 4150 6
1157 4097 1328 4160 Θεὸς·
1374 4101 1629 4168 στέρησις
1688 4100 1706 4151 ε

1923 4099 2325 4170 propinquavit.
2355 4099 2472 4150 Vita
2504 4097 2647 4149 enim
2688 4096 2830 4149 Deus
2863 4105 2967 4155 est,
3007 4092 3126 4143 vitm-
3159 4103 3284 4141 vero
3317 4085 3425 4154 pri-

197 4186 318 4255 ζωῆς
355 4193 382 4242 ὁ
411 4192 668 4247 θάνατος.
699 4193 862 4243 Ὥστε
887 4190 978 4242 τὸν
1012 4191 1240 4244 θάνατον
1269 4192 1297 4243 6
1337 4191 1511 4260 Ἀδὰμ
1535 4189 1620 4242 διὰ
1647 4189 1706 4258 τῆ

1919 4193 1991 4248 ιίο
2041 4207 2212 4256 mors,
2236 4193 2371 4245 adeo
2399 4199 2458 4243 ut
2516 4189 2686 4240 Adam
2731 4201 2792 4240 ea
2836 4183 3137 4240 delectione
3179 4195 3289 4250 qua
3337 4177 3428 4232 de-

197 4277 570 4354 ἀναχωρήσεως
616 4281 726 4352 τῆς
764 4284 872 4339 ἀπὸ
907 4283 1041 4336 Θεοῦ
1089 4281 1269 4352 ἐαυτῷ
1315 4284 1706 4335 κατεσκεύασεη

1718 4298 1742 4337 ὀ
1848 4285 2011 4342 scivit
2046 4299 2075 4339 a
2108 4283 2236 4350 Deo,
2270 4281 2373 4336 sibi
2402 4280 2502 4351 ipsi
2536 4291 2763 4332 mortem
2805 4271 3227 4343 comparaverit.

789 4397 1008 4450 ΛΟΓΟΣ
1043 4397 1121 4452 E'.

2305 4394 2539 4452 δεηΜο
2571 4395 2610 4449 v
2634 4392 2734 4465 [aL
2773 4387 3003 4461 CLXV].

197 4485 310 4551 Περί
328 4485 573 4562 tu]an
605 4491 699 4562 εἰς
727 4489 895 4562 Θερν,
921 4488 1012 4562 ἔτι
1036 4487 1150 4562 χρὴ
1175 4487 1264 4552 είς
1292 4474 1443 4541 Θεὸν
1464 4486 1706 4562 ἐλπίζειτ

1918 4509 2029 4562 ιερε
2051 4493 2104 4546 in
2130 4489 2321 4551 Deum.
2344 4497 2406 4562 et
2427 4486 2564 4562 quod
2593 4501 2708 4562 spes
2723 4485 2776 4537 in
2793 4482 2963 4562 petant
2991 4495 3093 4562 non
3117 4477 3174 4532 in
3199 4477 3427 4530 Iwmatta

271 4557 359 4609 καὶ
383 4557 466 4625 μὴ
495 4553 585 4624 sit;
617 4559 732 4622 τὰς
759 4557 877 4610 τῶν
903 4556 1228 4623 ἀνθρώπων
1261 4557 1654 4623 προστασίας.

1526 4557 1654 4621 "lac.
1967 4553 1978 4562 ’
2247 4553 2501 4629 prwsidia
2552 4554 2802 4609 collocari
2834 4553 3035 4605 debeat.

263 4647 592 4721 Ἐμὸλὲψατε
649 4651 737 4713 είς
763 4650 833 4703 τὰ
877 4648 1098 4702 πετεινά
1137 4647 1232 4701 τοῦ
1275 4647 1529 4721 οὐρανοῦ,
1579 4649 1749 4702 ὅτιού

1929 4654 2127 4710 Matth.
2155 4667 2230 4707 vt.
2293 4647 2571 4720 Respicite
2602 4647 2668 4703 ad
2718 4645 2957 4700 volatilia
2994 4643 3141 4708 caeli,
3167 4642 3292 4712 quia
3331 4655 3431 4696 nec

193 4734 505 4805 σπείρουσιν,
554 4735 685 4791 οὐδὲ
737 4735 1066 4808 θερίζουσιν,
1119 4736 1242 4790 οὐδὲ
1293 4737 1616 4805 συνάγουσιν
1671 4756 1694 4790 ε

1923 4753 2051 4798 runt
2087 4757 2265 4812 neque
2297 4747 2535 4804 metunt,
2576 4755 2753 4806 neque
2787 4736 3102 4792 convehunt
3126 4735 3179 4790 in
3211 4734 3428 4800 horrea,

193 4825 474 4899 ἀποθήκας,
530 4832 692 4886 καὶό
730 4823 940 4901 ’Πατὴρ
991 4830 1148 4901 ὑμῶν
1179 4830 1207 4883 6
1258 4831 1504 4902 οὐράνιος
1558 4831 1699 4902 τρέφ

1352 4833 1504 4896 dm;
1558 4831 1754 4902 τρέφει
1853 4849 1910 4893 et
1933 4839 2092 4890 Pater
2124 4843 2302 4890 vester
2336 4833 2576 4889 caelestis
2617 4833 2716 4886 alit
2745 4830 2861 4886 illa.

191 4917 331 4975 αὑτά..

254 5007 326 5083 Τῇ
365 5012 544 5070 ὶλπίδι
593 5015 916 5084 ἐσώθημεν.
964 5016 1152 5080 Ἐλπὶς
1189 5017 1247 5071 δὲ
1295 5018 1625 5089 βλεπομένη,
1655 5020 1756 5072 οὐκ

1928 5014 2085 5070 Rom.
2115 5029 2231 5068 vni.
2277 5013 2386 5082 Spe
2417 5008 2618 5066 servati
2665 5023 2877 5064 sumus.
2910 5008 3080 5061 Porro
3130 5021 3255 5070 spes
3279 5005 3324 5061 si
3354 5005 3423 5056 vi-

191 5100 318 5155 ἔστιν
348 5105 505 5168 ἐλπίς
524 5121 541 5137 ⁸
575 5107 605 5160 ὃ
627 5107 742 5176 γὰρ
769 5105 961 5176 βλέπει
994 5123 1101 5172 τις,
1135 5109 1183 5161 τί
1217 5108 1308 5160 καὶ
1335 5108 1539 5174 ἐλπίζει
1570 5125 1585 5175 ;
1613 5109 1700 5161 Εἰι

1923 5117 2070 5171 αισι.
2111 5122 2219 5162 non
2253 5115 2336 5161 est
2379 5117 2528 5172 spes.
2558 5100 2714 5168 Quod
2743 5100 2891 5156 enim
2925 5099 3051 5169 quis
3096 5097 3294 5159 cernit,
3333 5111 3432 5150 cur

189 5190 290 5244 δοῦ
341 5195 648 5268 βλέπομεν,
705 5197 1019 5270 ιλπίζομεν,
1051 5199 1120 5253 δι’
1141 5201 1419 5272 ὑπομονῆς
1461 5201 1698 5272 ἀπεκδιχ

1920 5217 2002 5256 em
2039 5198 2340 5269 speret?Si
2374 5211 2500 5251 vero
2513 5195 2661 5266 quod
2690 5209 2798 5249 non
2827 5194 3096 5256 videmus,
3123 5205 3429 5261 speramus.

192 5284 338 5349 μεθα.
1859 5291 1910 5347 id
1929 5306 2024 5362 per
2047 5289 2363 5360 patientiam
2385 5297 2785 5358 exspectamus.

253 5376 587 5448 Κατικωμεν
637 5379 743 5448 τῆς
786 5381 1001 5442 ἐλπίδος
1045 5383 1148 5452 τὴν
1197 5381 1486 5452 ὁμολογίαν
1541 5381 1756 5452 ἀκλινῆ.

1934 5384 2161 5439 Helymi.
2203 5382 2512 5437 Teneanins
2543 5379 2940 5435 confessionem
2966 5377 3080 5450 spei
3127 5395 3234 5433 non
3264 5379 3431 5432 vacil-

191 5465 364 5530 υεστὸς
389 5473 499 5540 γὰρ
530 5475 560 5524 ὁ
591 5471 1091 5542 ἐπαγγειλάμενος·

1920 5487 2085 5535 ntem.
2121 5475 2319 5531 Fidelis
2349 5474 2494 5527 eiiim
2548 5475 2631 5527 vel
2676 5489 2838 5527 verax
2886 5481 2988 5534 est.
3018 5472 3109 5541 qui
3163 5473 3429 5539 proriiisit.

252 5552 410 5611 Εἶπεν
442 5563 622 5616 Δαϐὶδ
665 5564 802 5633 πρὸς
837 5563 930 5617 τδν
961 5565 1256 5634 ἀλλόφυλον
1282 5581 1299 5598 ⁸
1333 5567 1406 5622 Σὺ
1443 5567 1574 5639 ἔρχῃ
1624 5569 1755 5637 πρὸς

1941 5569 2045 5638 12
2092 5565 2120 5621 1
2152 5565 2278 5637 Reg.
2313 5583 2443 5620 xui.
2475 5564 2538 5618 Et
2563 5566 2701 5620 dixit
2737 5562 2903 5616 David
2946 5562 3011 5617 ad
3068 5561 3431 5632 alienigenum

190 5648 248 5714 μὲ
269 5649 323 5701 ἐν
344 5653 603 5723 ῥομφαίᾳ
636 5656 731 5707 καὶ
779 5657 838 5709 ἐν
866 5657 1089 5708 ἀσπίδι·
1117 5655 1226 5725 ἐγὼ
1255 5658 1311 5711 δὲ
1341 5661 1604 5730 προσάγω
1627 5675 1699 5728 πρ

1923 5662 1945 5716 ει
1979 5661 2310 5716 ΡΙιίΙίειεειιηι
2340 5679 2351 5712 :
2405 5657 2485 5712 Tu
2547 5659 2701 5712 venis
2738 5658 2807 5712 ad
2848 5673 2933 5711 me
2971 5657 3025 5709 in
3064 5654 3264 5726 gladio,
3289 5663 3342 5709 et
3377 5654 3432 5710 in

188 5739 242 5790 οὶ
269 5741 324 5796 ἑν
359 5745 594 5815 ὀνόματι
632 5747 842 5826 Κυρίου
880 5748 1125 5806 Σαϐαὼθ.

1926 5763 2017 5806 ιειει
2039 5761 2092 5806 et
2117 5753 2168 5806 in
2193 5753 2400 5823 clypeo.
2429 5748 2539 5820 Ego
2565 5759 2746 5803 autem
2778 5747 2937 5801 venio
2965 5745 3032 5801 ad
3059 5756 3107 5802 te
3130 5747 3184 5802 in
3213 5745 3435 5802 nomine

1870 5841 2081 5895 Domini
2107 5848 2466 5897 exercituum.

259 5923 316 5976 Ὀ
347 5928 636 5992 πεποιθὼς
674 5929 764 5983 ἰπὶ
794 5929 998 6001 Κύριον
1042 5930 1366 6002 σωθήσεται.

1944 5931 2068 5989 Job.
2099 5932 2204 5999 Qui
2241 5932 2467 5987 Domino
2495 5929 2734 6000 conlidit,
2759 5927 3070 5987 salvabitur.
