3760 6568
129 453 218 515 7δ9
929 446 1101 507 LOCl
1138 444 1586 507 COMMUNES.
1625 470 1693 481 --
1743 445 1938 505 PARS
1960 445 2005 504 Ι.
2030 444 2289 503 SERMO
2324 444 2420 504 Vl.

3244 448 3349 508 790

197 564 371 627 Ἐλπίς
428 564 544 616 ἐστι
596 560 909 633 προπάθειά
964 578 1070 624 τις,
1124 559 1270 629 χαρὰ
1318 559 1423 628 πρὸ
1470 558 1670 628 χαρᾶς,

1852 555 2113 610 Philonis.
2147 556 2279 624 Spes
2314 556 2509 626 praevia
2553 556 2799 625 quaedam
2849 560 3044 613 mentis
3087 566 3173 614 est
3214 558 3349 615 οσο-

125 656 321 727 ἀγαθῶν
350 650 414 708 οὗ
423 668 492 709 σα
528 653 845 726 προσδοκία.

188 830 401 885 Ἐλπίδα
429 832 456 884 δ
499 832 633 895 Θεὸς
659 832 738 901 τῷ
784 831 930 901 γένει
962 832 1070 888 τῶν
1112 831 1418 903 ἀνθρώπων
1449 833 1679 900 ἐγκατέ-

125 940 348 994 σπειρεν,
382 924 472 975 ἵνα
518 923 729 994 ἔχοντες
764 924 1015 993 συμφυὲς
1069 924 1445 997 παραμύθιον,
1478 922 1679 976 ἐπελα-

123 1017 424 1088 φρύνωνται
466 1017 565 1079 τάς
592 1016 747 1081 ἀνίας
781 1018 831 1070 οἱ
870 1018 945 1089 μὴ
972 1018 1166 1071 ἀνίατα
1196 1017 1518 1088 δράσαντες.

179 1194 246 1246 Τὸ
274 1193 694 1264 ἀπροσδόκητον
732 1196 904 1249 κακὸν
930 1194 1154 1266 θορυδεῖ
1178 1196 1397 1258 πάντως
1429 1197 1675 1250 ἐπελθόν

118 1285 170 1338 τὸ
192 1283 245 1336 δὲ
290 1283 695 1353 προσδοκηθεν,
723 1284 967 1355 εὐτρεπῆ
1001 1285 1141 1355 πρὸς
1168 1284 1269 1355 τὴν
1306 1287 1501 1356 πεῖραν
1522 1286 1681 1357 εὐρὺν

117 1376 194 1430 τὸν
215 1376 505 1447 λογισμὸν,
534 1378 869 1449 κουφότερον
906 1380 1053 1433 ποιεί
1078 1378 1141 1432 τὸ
1168 1378 1364 1433 δεινόν.

171 1552 243 1607 Τὸ
287 1552 550 1607 ἐλπισθὲν
601 1554 808 1623 ἀγαθὸν
856 1554 937 1617 είς
984 1554 1299 1610 τούναντίον
1354 1553 1675 1626 περιπεσδν,

115 1643 544 1715 ἀπαραμύθητον
571 1646 687 1716 ἔχει
714 1647 777 1699 τὸ
804 1644 997 1709 πάθος.

174 1826 455 1879 Κινδύνων
510 1826 669 1889 ἐλπὶς
697 1826 827 1880 ἄνευ
878 1827 1143 1881 κινδύνων
1167 1830 1351 1898 τίθησι
1391 1830 1484 1881 τὸν
1526 1828 1675 1881 ἑλπί-

1785 646 1912 721 ειίυ,
1947 646 2200 713 gaudium
2245 659 2371 702 ante
2416 648 2696 718 gaudium,
2731 659 2790 704 ut
2825 665 2946 720 qua:
2977 652 3240 706 bonorum
3279 653 3352 707 sit

1781 738 2139 807 exspectatio.

1854 828 2015 899 Spem
2056 830 2198 885 Deus
2235 832 2474 888 humano
2514 832 2709 888 iusevit
2754 834 2961 905 generi,
2996 844 3053 889 ut
3094 834 3352 903 congeni-

1784 930 1896 976 tum
1939 923 2039 975 sibi
2088 923 2341 978 solatium
2382 924 2640 979 habentes
2684 925 2966 979 doloribus
3012 925 3349 989 levarentur,

1784 1010 1857 1064 illi
1888 1010 2141 1065 nimirqu
2175 1013 2267 1081 qui
2301 1012 2444 1068 nulla
2472 1013 2791 1069 incurabilia
2820 1014 3186 1083 patravissent
3218 1013 3352 1068 faci-

1782 1116 1943 1156 nora.

1858 1193 1995 1250 Nili.
2023 1194 2224 1251 Malum
2260 1197 2597 1268 insperatum
2631 1202 2859 1255 omnino
2904 1204 3185 1272 perturbat
3224 1218 3347 1257 cum

1782 1284 2027 1353 ingruit:
2075 1287 2219 1355 quod
2270 1303 2396 1343 vero
2425 1294 2862 1361 exspectabatur,
2911 1299 3268 1366 compositam
3297 1311 3351 1355 et

1780 1387 2139 1445 pra-paratam
2172 1380 2238 1433 ad
2268 1382 2568 1448 periculum
2598 1395 2833 1442 mentem
2867 1390 3167 1462 inveniens,
3198 1395 3348 1450 cala-

1782 1468 2024 1522 mitatem
2060 1470 2314 1525 leniorem
2354 1473 2547 1529 reddit.

1858 1558 2061 1615 Bonum
2115 1575 2392 1631 speratum
2422 1569 2465 1621 si
2500 1584 2658 1624 secus
2690 1580 2742 1625 et
2787 1572 2839 1626 in
2896 1579 3227 1631 Contrarium
3257 1595 3347 1633 ca-

1780 1653 1914 1709 dens
1944 1670 2041 1709 nos
2074 1656 2243 1722 fallat,
2276 1659 2527 1717 allectum
2557 1664 2641 1719 vix
2670 1666 2779 1721 ullo
2818 1669 3172 1739 mitigandum
3204 1672 3345 1728 sola-

1784 1746 1857 1798 tio
1892 1747 2088 1815 gignit.

1852 1836 2053 1893 Dionis.
2111 1838 2479 1897 Pcriculornm
2531 1861 2654 1915 spes
2698 1860 2868 1904 ιιιιιιιιι
2905 1870 2932 1906 a
2992 1857 3244 1923 periculis
3285 1871 3347 1912 ca

112 1920 280 1983 ζοντα,
316 1917 397 1986 τῷ
431 1918 876 1988 προησφαλίσθαι
908 1919 1016 1972 τῶν
1043 1920 1323 1991 δυσχερῶν
1347 1923 1414 1993 τῇ
1448 1922 1670 1992 δοκήσει

1846 1938 2085 1984 erantcm
2116 1931 2297 1999 ellicit,
2325 1950 2391 1989 eo
2424 1940 2566 2004 quod
2613 1952 2832 2010 preptcr
2864 1917 3129 2003 malorum
3158 1963 3348 2019 exspe-

112 2014 168 2065 τά
190 2011 522 2081 πράγματα.

168 2103 308 2157 υῦτε
343 2104 482 2173 γυνὴ
512 2106 681 2174 χωρὶς
703 2105 926 2173 ἀνδρὸς,
954 2105 1075 2160 οὔτε
1104 2106 1260 2170 ἐλπὶς
1286 2112 1455 2179 χωρὶς
1482 2108 1671 2172 πόνου,

112 2198 257 2267 γεννᾷ
291 2212 350 2248 τι
374 2196 670 2266 χρήσιμον.

168 2288 243 2341 Τά
273 2288 392 2357 γάρ
431 2289 581 2359 ήδέα,
616 2289 718 2344 κᾶν
749 2291 918 2362 μήπω
962 2293 1136 2363 παρῇ,
1203 2293 1395 2365 τέρπει
1442 2293 1562 2355 ταῖς
1587 2292 1674 2345 ἔλ-

110 2387 267 2438 πίσιν.

711 2501 926 2556 ΛΟΓΟΣ
960 2500 1052 2570 c7.

110 2620 231 2688 Περὶ
251 2621 378 2675 τῶν
392 2622 765 2676 πεποιθότων
787 2619 885 2689 ἐπί
909 2618 1150 2685 πλούτῳ
1192 2618 1291 2674 καὶ
1311 2620 1670 2689 ἀνθρώποις,

166 2695 261 2744 καὶ
317 2690 404 2759 μὴ
452 2693 539 2758 είς
566 2692 715 2745 Θεὸν
757 2688 873 2759 τὴν
897 2689 1120 2743 ἐλπίδα
1161 2691 1258 2745 καί
1302 2688 1673 2760 πεποίθησιν

169 2762 458 2828 ἐχόντων.

167 2851 340 2906 Εἶπεν
389 2851 641 2915 Ἀνανίας
688 2854 716 2905 ὁ
750 2852 1038 2923 προφήτης
1078 2852 1216 2923 πρὸς
1260 2854 1395 2907 Ἀσά
1446 2855 1670 2922 βασιλέα

120 2945 283 2999 Ἰούδα
305 2961 322 2976 ⁸
363 2945 455 3000 Ἐν
483 2944 559 3013 τῷ
591 2944 911 2997 πεποιθέναι
945 2961 1005 2997 σε
1052 2947 1145 2999 ἐπὶ
1176 2945 1401 3016 βασιλέα
1446 2947 1668 3018 Συρίας,

109 3039 190 3089 καὶ
215 3038 297 3107 μὴ
330 3036 651 3090 πεποιθέναι
688 3053 746 3089 σε
774 3037 867 3088 ἐπὶ
901 3035 1107 3106 Κύριον
1135 3036 1225 3089 τὸν
1256 3037 1391 3091 Θεόν
1428 3056 1544 3105 σου,
1577 3040 1671 3094 διά

107 3131 249 3183 τοῦτο
280 3128 463 3201 ὲσώθη
521 3130 555 3201 ἡ
599 3128 826 3197 δύναμις
858 3130 959 3201 τῆς
1001 3130 1202 3201 Συρίας
1233 3133 1299 3186 ἐκ
1343 3133 1441 3204 τῆς
1486 3134 1669 3204 χειρός

110 3238 213 3275 σου.

1778 2023 2070 2077 ctatiouem
2112 2041 2201 2081 res
2238 2043 2367 2083 suas
2400 2034 2827 2095 praemuniverit.

1848 2113 2109 2171 Socratis.
2147 2120 2258 2173 Nec
2300 2123 2496 2176 mulier
2541 2125 2747 2194 absque
2776 2130 2911 2196 viro,
2942 2147 3041 2188 nec
3063 2150 3186 2205 spes
3219 2140 3345 2195 abs-

1775 2219 1881 2276 que
1938 2206 2125 2261 labore
2152 2208 2447 2278 quidquam
2487 2214 2627 2281 parit
2658 2217 2810 2270 utile.

1847 2296 2121 2369 Leucippi.
2161 2301 2291 2367 Quae
2313 2303 2458 2357 enim
2488 2305 2726 2374 jucunda
2752 2320 2900 2376 sunt,
2952 2314 3076 2373 licet
3107 2322 3343 2378 nondum

1776 2387 1958 2442 adsint
1987 2391 2299 2459 praesentia,
2331 2407 2426 2461 spe
2458 2400 2639 2450 tamen
2668 2398 2963 2457 delectant.

2198 2506 2429 2563 SERMO
2461 2507 2522 2564 γι
2554 2508 2652 2584 [αι.
2692 2514 2952 2590 CLXVI].

1840 2616 1920 2673 De
1953 2619 2020 2672 iis
2052 2619 2142 2687 qui
2165 2619 2373 2696 diuitiis
2394 2632 2440 2674 et
2472 2622 2762 2679 hominibus
2792 2627 2989 2696 ﬁdunt,
3019 2647 3110 2685 nec
3152 2634 3206 2687 iu
3240 2634 3344 2691 Dco

1971 2704 2111 2755 spem
2141 2701 2189 2743 et
2210 2691 2462 2757 ﬁduciam
2491 2710 2696 2750 onmem
2726 2691 2882 2753 sitam
2916 2691 3131 2756 habent.

1845 2845 1909 2900 Il
1932 2846 2115 2904 Parui.
2143 2867 2249 2905 xvi.
2279 2851 2342 2905 Et
2372 2854 2508 2910 dixit
2534 2855 2773 2915 Ananias
2802 2864 3062 2931 propheta
3090 2864 3155 2919 ad
3184 2866 3343 2921 Asam

1772 2952 1950 3007 regem
1975 2938 2112 2995 Juda
2140 2943 2446 3010 :Quoniam
2476 2950 2719 3005 conﬁsus
2737 2967 2798 3007 es
2821 2962 2877 3006 tu
2910 2953 2963 3007 in
2994 2971 3116 3024 rege
3148 2956 3345 3027 Syriae,

1773 3038 1827 3083 et
1878 3046 1984 3085 non
2043 3034 2289 3090 conﬁsus
2319 3052 2378 3091 es
2419 3038 2649 3094 Domino
2693 3040 2803 3097 Deo
2851 3053 2962 3107 tuo,
2993 3055 3214 3117 propter
3243 3051 3343 3105 hoc

1772 3123 2012 3178 salvatus
2046 3134 2127 3179 est
2158 3128 2435 3185 exercitus
2465 3133 2635 3203 Syria:
2665 3134 2730 3189 de
2757 3150 2921 3191 manu
2948 3148 3061 3194 tua.

165 3312 437 3383 Αἰσχύνην
466 3312 798 3384 ὀφλήσυυσιν
847 3314 897 3366 οί
931 3314 1022 3367 ἐπὶ
1059 3314 1245 3368 πόλεσι
1280 3315 1377 3368 καὶ
1419 3316 1668 3386 χρήμασι

1846 3302 1968 3358 Job.
2000 3305 2354 3375 Ignominiam
2387 3311 2488 3365 sibi
2537 3314 2880 3381 contrahant,
2911 3317 3004 3387 qui
3048 3318 3102 3374 in
3154 3321 3342 3377 civita-

107 3406 440 3469 πεποιθότες.

168 3498 229 3549 Οί
269 3496 595 3560 πεποιθότες
627 3497 719 3551 επὶ
750 3500 817 3569 τῇ
849 3498 1075 3567 δυνάμει
1103 3498 1306 3563 αὐτῶν,
1341 3497 1438 3551 καὶ
1469 3498 1562 3552 επὶ
1592 3498 1667 3568 τῷ

107 3586 294 3655 πλήθει
323 3586 417 3639 τοῦ
443 3587 675 3640 πλούτου
702 3588 880 3641 αὐτῶν
912 3586 1283 3657 καυχώμενοι.

171 3679 434 3748 Ὄψονται
472 3678 671 3733 δίκαιοι
705 3680 800 3733 καὶ
851 3680 1272 3749 φοϐηθήσονται,
1306 3682 1397 3734 καὶ
1446 3680 1534 3733 ἐπ’
1571 3682 1669 3734 αὐ-

106 3770 187 3821 τὸν
211 3770 557 3838 γελάσονται,
583 3771 677 3823 καὶ
704 3772 920 3843 ἐροῦσιν
939 3787 955 3803 ·
1001 3773 1130 3825 Ἰδοὺ
1156 3772 1460 3841 ἄνθρωπος,
1490 3772 1545 3836 ὃς
1569 3774 1667 3825 οὐκ

108 3861 250 3914 ἔθετο
280 3861 373 3915 τὸν
423 3862 556 3914 Θεὸν
608 3860 805 3931 βοηθὸν
840 3863 1026 3927 αὐτοῦ,
1057 3863 1173 3915 ἀλλ’
1220 3863 1523 3931 ὲπήλπισεν
1572 3864 1667 3915 ἐπὶ

108 3954 174 4017 τῷ
205 3951 399 4021 πλήθει
426 3951 518 4005 τοῦ
552 3951 784 4006 πλούτου
816 3954 1004 4017 αὑτοῦ,
1039 3956 1133 4006 καὶ
1166 3954 1550 4025 ἐνεδυναμώθη
1576 3956 1667 4007 ἐπὶ

108 4044 167 4111 τῇ
194 4044 517 4113 ματαιότητι
549 4043 741 4100 αὐτοῦ.

172 4134 262 4204 Μὴ
299 4135 593 4187 πεποίθατε
616 4134 702 4187 ἐπ’
725 4135 1013 4206 ἄρχοντας,
1039 4135 1131 4189 ἐπὶ
1161 4137 1308 4199 υίοίις
1336 4135 1663 4208 ἀνθρώπων,

108 4222 181 4291 οἷς
206 4229 307 4282 οὐκ
338 4230 454 4283 ἐστι
490 4230 757 4302 σωτηρία.

182 4322 241 4377 '0
279 4322 555 4387 πεποιθὼς
584 4324 676 4378 ἐπὶ
704 4323 941 4396 πλούτῳ,
969 4325 1124 4389 οὗτος
1152 4329 1419 4381 πεσεῖται.

173 4496 339 4553 Εἶπεν
397 4500 681 4571 Ἐφράην
742 4500 1122 4571 Πεπλούτηκα,
1177 4494 1336 4572 εὗρον
1384 4502 1668 4572 ἀναψυχὴν

1773 3395 1919 3449 tibus
1953 3398 2230 3453 conﬁdunt
2254 3410 2309 3454 et
2337 3400 2564 3457 divitiis.

1841 3484 1989 3540 Psal.
2025 3504 2213 3547 XLt'ttz.
2247 3492 2345 3559 Qui
2380 3495 2661 3550 conﬁdunt
2693 3496 2745 3550 in
2794 3498 2994 3553 virtute
3033 3516 3151 3565 sua,
3188 3511 3242 3556 ct
3289 3502 3341 3557 in

1770 3578 2118 3633 multitudine
2147 3579 2453 3637 divitiarum
2479 3600 2701 3641 suarum
2729 3588 3054 3657 gloriantur.

1838 3668 1989 3721 Psal.
2045 3686 2119 3724 LI.
2169 3669 2441 3727 Videbunt
2469 3674 2603 3743 justi
2649 3689 2700 3732 et
2748 3680 3040 3748 timebunt,
3072 3694 3124 3736 et
3176 3699 3341 3751 super

1768 3775 1891 3813 eum
1923 3759 2198 3827 ridebunt,
2228 3776 2281 3818 et
2319 3766 2538 3821 dicent:
2570 3767 2707 3824 Ecce
2754 3771 2939 3836 homo,
2978 3775 3071 3842 qui
3103 3789 3208 3827 non
3240 3790 3337 3845 po-

1768 3855 1878 3907 Snit
1923 3854 2087 3910 Deum
2124 3858 2425 3928 adiutorem
2462 3876 2644 3928 suum,
2670 3863 2762 3917 sed
2802 3868 3040 3934 speravit
3071 3868 3124 3921 in
3156 3870 3344 3924 tntilli-

1771 3948 1956 4002 tudiue
1988 3948 2301 4005 divitiarum
2349 3967 2570 4008 suarum
2604 3963 2657 4011 et
2688 3957 3025 4014 confortatus
3056 3970 3139 4015 est
3170 3960 3224 4014 in
3254 3972 3345 4018 va-

1771 4039 1941 4094 nitate
1969 4056 2094 4097 sua.

1843 4131 1975 4186 Ροαι
2024 4146 2182 4188 cnv.
2229 4132 2405 4189 Nolite
2451 4135 2727 4193 conﬁdere
2777 4138 2831 4192 in
2883 4140 3246 4213 principibus,
3285 4143 3342 4198 in

1768 4223 1892 4278 ﬁliis
1936 4224 2245 4289 hominum,
2273 4227 2471 4296 quibus
2504 4244 2611 4282 non
2644 4239 2727 4283 est
2753 4230 2923 4286 salus.

1840 4316 2092 4371 Proverb.
2125 4333 2199 4371 χι.
2230 4319 2337 4383 Qui
2369 4318 2592 4373 conﬁdit
2615 4320 2668 4373 in
2699 4319 2904 4377 divitiis
2932 4325 3069 4391 suis,
3098 4325 3184 4381 hic
3217 4343 3344 4383 cor-

1769 4420 1916 4464 ruet.

1841 4503 1990 4558 Osca:
2017 4518 2109 4560 ιιι.
2135 4504 2275 4558 Dixit
2309 4504 2562 4572 Ephraim
2591 4522 2604 4558 :
2636 4505 2792 4562 Dives
2813 4507 3037 4563 emimus
3087 4525 3234 4576 sum,
3258 4511 3342 4565 in-

103 4592 340 4663 ἐμαυτῷ.
374 4594 580 4656 Πάντες
627 4594 675 4648 οί
736 4594 887 4647 πόνοι
929 4592 1095 4646 αὐτοῦ
1141 4594 1239 4663 οὐχ
1278 4594 1667 4665 εὑρεθήσονται

1846 4598 1894 4652 ni
1933 4598 2176 4667 requiem
2222 4597 2376 4651 mihi.
2422 4596 2624 4653 Omnes
2654 4598 2867 4655 labores
2895 4601 3015 4671 ejus
3049 4616 3154 4654 non
3189 4602 3343 4657 inve.

104 4701 271 4752 αυτῳ.

185 4774 694 4848 Ἐξωλοθρεύθησαν
746 4776 945 4841 πάντες
994 4777 1045 4830 οἱ
1104 4777 1513 4849 ὲπερειδόμενοι
1571 4780 1669 4849 ἀρ-

102 4871 292 4939 γυρίῳ.

188 4962 529 5034 Ἐξεδίκησας
576 4963 713 5034 μετά
746 4965 1027 5036 δυνάμεώς
1090 4984 1182 5021 σου
1234 4970 1360 5030 τοὺς
1390 4971 1668 5040 ἀρχηγοὺς

40 5120 41 5129 γ
100 5058 213 5111 τῶν
255 5060 614 5130 ἁμαρτωλῶν,
639 5062 766 5122 τοὺς
800 5061 1134 5123 πεποιθότας
1163 5062 1257 5114 ἐπὶ
1288 5064 1355 5133 τῇ
1404 5064 1667 5134 αὐθαδείᾳ

40 5160 41 5163 ‘
102 5151 303 5206 αὐτῶν.

171 5245 305 5297 Οὐαὶ
333 5247 360 5297 ὁ
386 5243 559 5311 λέγων
592 5245 649 5297 ὲν
688 5244 755 5313 τῇ
786 5242 984 5315 καρδίᾳ
1012 5244 1179 5297 αὐτοῦ
1208 5260 1221 5276 ο
1256 5244 1351 5309 Τίς
1397 5263 1464 5316 με
1496 5247 1668 5300 κατάο

102 5333 184 5399 ξει
220 5335 306 5387 ἐπὶ
326 5337 424 5405 τὴν
448 5342 589 5407 γῆν;

172 5427 387 5479 Mutata
410 5430 443 5497 ἡ
476 5430 630 5497 ἰσχὺς
658 5428 816 5498 ἡμῶν
843 5428 1099 5498 ἐγενήθη,
1124 5431 1218 5482 καὶ
1249 5429 1352 5484 οὐκ
1382 5430 1664 5485 ἐϐούλεσθε

102 5516 338 5585 ἀκούειν,
372 5520 486 5573 ἀλλ’
524 5514 717 5573 εἴπατε
741 5534 754 5547 ’
801 5518 917 5590 Ἐφ’
952 5520 1134 5574 ἵππων
1165 5520 1496 5591 φευξόμεθα.

197 5702 313 5755 Ἐπὶ
344 5705 449 5757 τίνι
491 5705 780 5770 πέποιθας,
812 5703 891 5755 ὅτι
931 5703 1179 5768 ἀπειθεῖς
1212 5721 1343 5771 μοι;
1386 5707 1519 5760 Ἰδοὺ
1574 5724 1668 5760 πε-

104 5795 305 5856 ποιθὼς
338 5791 386 5848 εί
430 5797 519 5847 ἐπὶ
550 5795 650 5863 τὴν
696 5795 892 5865 ράὅδον
943 5797 1044 5865 τὴν
1100 5796 1408 5867 κα>.αμίνην
1455 5796 1550 5869 τὴν
1583 5816 1668 5853 τε-

112 5886 416 5959 θλασμένην
445 5886 673 5959 ταύτην.

1775 4692 1996 4743 nieutur
2020 4689 2091 4742 ei.

1847 4781 2083 4846 Sep/ian.
2139 4797 2177 4836 ι.
2231 4781 2607 4851 Disperierunt
2654 4797 2869 4849 omnes,
2897 4781 2987 4850 qui
3022 4781 3214 4837 conﬁsi
3251 4796 3345 4838 aut

1775 4874 1981 4929 sullnlti
2015 4885 2143 4929 sunt
2171 4888 2416 4947 argento.

1845 4967 2052 5020 llabac.
2083 4967 2343 5022 Puuivisti
2386 4984 2508 5023 cum
2540 4968 2779 5038 potentia
2812 4978 2900 5022 tua
2932 4969 3201 5040 principes
3226 4985 3347 5038 pec-

1775 5066 2047 5125 catorum,
2077 5073 2196 5124 eos,
2224 5060 2471 5128 inquam,
2498 5060 2593 5129 qui
2628 5059 2732 5131 14
2751 5061 3031 5114 conﬁdunt
3074 5060 3128 5114 in
3149 5068 3344 5114 contu-

1776 5151 1949 5202 macia
1976 5165 2097 5204 sua.

1846 5243 1986 5298 Ibid.
2026 5242 2115 5297 Vae
2144 5244 2343 5299 dicenti
2374 5244 2427 5297 in
2457 5242 2618 5299 corde
2638 5259 2739 5300 suo
2766 5262 2777 5298 :
2803 5244 2935 5311 Quis
2970 5259 3057 5299 me
3086 5243 3345 5297 detrahet

1778 5340 1831 5389 in
1873 5336 2115 5389 terram?

1848 5428 1962 5481 lsa.
2020 5442 2143 5481 xu.
2208 5426 2488 5480 Fortitudo
2546 5436 2722 5480 vestra
2780 5440 2915 5480 vana
2950 5424 3089 5479 laeta
3129 5433 3234 5489 est,
3290 5433 3340 5479 et

1779 5539 1882 5576 nou
1918 5521 2166 5575 voluistis
2193 5521 2402 5582 audire,
2434 5519 2527 5575 sed
2555 5518 2768 5573 dixistis
2802 5536 2814 5570 :
2850 5518 3027 5587 Super
3055 5533 3224 5587 equos
3256 5515 3344 5573 l'u-

1776 5615 2007 5681 gicmus.

1847 5705 1995 5760 Ibid.
2028 5720 2209 5759 xxxvn.
2238 5705 2339 5760 Cui
2370 5705 2629 5771 conﬁsus,
2667 5722 2725 5759 es
2756 5706 2881 5772 quia
2917 5703 3046 5756 mihi
3069 5718 3128 5757 es
3162 5703 3346 5755 inobo-

1777 5797 1970 5853 diens?
2028 5796 2163 5854 Ecce
2195 5798 2424 5855 conﬁdis
2478 5799 2643 5869 virgae
2674 5796 3011 5865 arundinem,
3055 5798 3346 5852 confracta:

1780 5892 1926 5947 huic.
