3780 6548
405 392 507 460 791
1677 383 1998 446 ANTONll
2047 383 2398 446 MELISSzE
3533 389 3622 455 πρε

471 505 587 563 lca.
624 520 775 560 xm.
807 504 897 560 Vae
942 502 1404 558 descendentibus
1454 500 1509 554 in
1539 495 1857 570 Egyptum,
1887 511 1960 564 qu

2156 499 2294 554 Οὐαὶ
2322 499 2372 551 οί
2417 496 2838 564 καταϐαίνοντες
2886 497 2966 560 el;
3013 496 3308 565 Αἴγυπτον,
3352 497 3430 566 ἐφ’
3464 498 3620 567 lnam;

401 599 560 669 equis
607 595 890 652 conlidunt
933 603 986 651 et
1033 594 1302 650 curribus.
1329 590 1468 658 Quia
1512 589 1773 646 Dominus
1818 589 1894 644 im

2128 591 2416 656 τεποιθότες
2453 591 2548 645 καὶ
2577 591 2841 662 ἅρμασιν.
2883 589 2941 644 '0
2971 591 3080 661 γὰρ
3110 589 3310 659 Κύριος
3343 590 3519 656 ἐπάξει
3543 595 3621 666 τὴν

404 699 495 746 cet
545 704 765 744 manum
801 703 954 742 suam
1012 701 1180 753 super
1208 701 1322 748 eos.
1354 690 1408 739 et
1452 683 1772 738 laborabunt
1820 697 1887 737 au

2126 686 2246 754 εἶρα
2271 682 2436 738 αὑτοῦ
2466 685 2555 737 ἐπ’
2577 685 2798 748 αὐτοὺς,
2822 684 2918 737 καὶ
2945 682 3302 736 κοπιάσουσιν
3325 684 3373 734 οἱ
3403 682 3619 752 βοηθοῦν-

406 783 636 846 liantes,
689 791 745 838 et
800 781 890 850 qui
952 779 1160 834 auxilio
1198 778 1366 847 adiuti
1417 775 1899 842 sunt,coneident,

2126 795 2202 842 ες,
2232 778 2330 830 καὶ
2362 777 2657 832 πεσοῦνται
2687 776 2738 830 οἱ
2781 774 3162 846 βοηθούμενοι,
3195 775 3288 828 καὶ
3318 775 3428 828 ἅμα
3457 778 3619 842 πάντες

406 873 565 929 simul
589 886 780 928 omnes
811 870 1092 940 peribunt.

944 877 1092 922 utut.
2089 866 2437 922 ἀπολοῦνται.

475 963 675 1020 larem.
713 979 846 1016 xvu.
881 961 1199 1016 Maledictus
1232 961 1417 1018 homo.
1441 959 1530 1028 qui
1573 974 1721 1026 spem
1747 958 1968 1014 habetir

2174 961 2615 1032 Ἐπικατάρατος
2644 962 2957 1035 ἄνθρωπος,
2999 961 3059 1025 ὃς
3085 961 3185 1032 τὴν
3216 960 3406 1014 ἐλπίδα
3431 960 3532 1031 εχει
3557 967 3622 1016 ἐπ’

407 1058 628 1112 homine
677 1064 732 1110 et
768 1054 1116 1109 conﬁrmabit
1155 1066 1374 1105 carnem
1425 1052 1632 1106 brachii
1690 1052 1775 1106 sui
1811 1067 1900 1123 sn;

2133 1053 2404 1123 νθρωπον,
2437 1055 2533 1108 καὶ
2572 1054 2817 1125 στηρίξει
2848 1055 3028 1124 σάρκα
3056 1053 3343 1123 βραχίονος
3386 1053 3535 1106 αὑτοῦ
3557 1057 3621 1108 ἐπ’

406 1147 608 1216 ipsum,
637 1155 690 1200 et
719 1161 749 1200 a
784 1143 1010 1196 Domino
1038 1141 1326 1197 recesserit
1356 1155 1450 1195 cor
1480 1141 1623 1210 ejus.

2091 1145 2278 1214 αὑτὸν,
2313 1147 2405 1199 καί⁵
2433 1147 2542 1200 ἀπὸ
2574 1148 2781 1218 Κυρίου
2821 1146 3113 1201 ἀποστελεῖ
3145 1144 3375 1213 καρδίαν
3403 1145 3569 1200 αὑτοῦ.

507 1236 678 1291 Eccli.
720 1253 770 1291 v.
811 1233 886 1288 Ne
917 1234 1167 1302 sequaris
1206 1231 1443 1286 animam
1485 1240 1634 1285 tuam
1682 1241 1732 1286 et
1769 1229 1985 1285 fortitu-

2164 1241 2256 1309 Μὴ
2303 1239 2650 1305 ἐξακολούθει
2683 1243 2750 1310 τῇ
2793 1238 2937 1309 ψυχῇ
2971 1254 3068 1292 σου
3132 1233 3228 1289 καὶ
3258 1236 3324 1305 τῇ
3372 1235 3506 1303 ἰσχύϊ
3537 1252 3625 1301 σου,

407 1329 585 1382 dinem
619 1339 791 1394 tuam,
824 1343 923 1382 nec
952 1327 1156 1381 dixeris
1181 1343 1194 1380 :
1215 1323 1349 1392 Quis
1378 1340 1464 1378 me
1493 1340 1590 1380 suo
1606 1323 1857 1392 subiiciet
1883 1323 1900 1376 i

2134 1334 2186 1384 αὶ
2221 1333 2294 1402 μὴ
2345 1333 2508 1404 εἴπῃς
2535 1347 2548 1361 °
2587 1333 2682 1396 Τίς
2714 1349 2782 1401 με
2828 1330 3215 1394 δυναστεύσει;
3251 1329 3280 1380 ὁ
3309 1328 3415 1397 γὰρ
3462 1328 3627 1398 Κύριος

407 1423 598 1492 peric?
628 1419 760 1475 Nam
804 1419 1066 1473 Dominus
1107 1417 1391 1472 vindicans
1425 1415 1742 1470 vindicabit.

1166 1417 1391 1472 ndicans
1425 1415 1742 1470 vindicabit.
2092 1424 2320 1477 ἐκδικῶν
2359 1425 2659 1497 ἐκδικήσει.

483 1513 622 1568 Ibid.
673 1511 752 1566 Ne
805 1509 1003 1568 laeteris
1053 1510 1105 1564 in
1159 1509 1354 1580 Opibus
1387 1509 1518 1571 tuis,
1550 1516 1604 1562 et
1634 1523 1701 1561 nc
1725 1506 1931 1561 dixeris
1964 1523 1976 1558 :

2165 1515 2258 1584 Μὴ
2284 1516 2537 1586 ἐπίχαιρε
2567 1518 2659 1570 ἐπὶ
2682 1517 2790 1579 τοῖς
2820 1512 3069 1586 χρήμασί
3099 1529 3217 1579 σου,
3246 1511 3345 1567 καὶ
3378 1511 3450 1581 μὴ
3477 1509 3625 1582 εἴπῃς,

410 1607 619 1663 Sullicit
644 1605 800 1663 mihi.
825 1613 932 1658 etc.

2094 1608 2354 1678 Λὺτάρκη
2387 1609 2479 1676 μοι
2522 1612 2695 1662 ἐστιν.
3409 1607 3419 1619 ⁸

479 1699 691 1754 Basilii.
726 1696 830 1763 Qui
879 1697 930 1750 in
965 1694 1206 1764 seipsum
1265 1701 1470 1762 sperat,
1503 1702 1555 1746 et
1606 1692 1860 1762 periculis
1891 1692 1972 1746 ob

2176 1702 2234 1754 '0
2266 1700 2502 1764 ἐλπίζων
2546 1700 2625 1762 εἰς
2663 1701 2854 1754 ἑαυτὸν
2883 1698 3148 1760 κινδύνοις
3193 1698 3308 1766 ἔχει
3381 1695 3632 1748 ὑποπεσεῖν

414 1793 609 1847 noxius
637 1799 717 1845 est
749 1798 803 1844 et
841 1785 1228 1847 exsecrationi,
1289 1800 1412 1854 quae
1464 1783 1595 1839 dicit
1624 1802 1636 1837 :
1667 1782 1907 1839 Maledict

2140 1795 2192 1847 αὶ
2216 1796 2279 1863 τῇ
2312 1795 2526 1863 κατάρᾳ
2555 1796 2622 1863 τῇ
2652 1792 2888 1863 λεγούσῃ
2907 1808 2923 1823 ο
2967 1790 3411 1859 Ἐπικατάρατος
3456 1787 3633 1855 άνθρω·

419 1887 583 1939 homo
617 1883 709 1954 qui
741 1897 891 1951 spent
925 1881 1140 1950 reponit
1176 1880 1228 1932 in
1264 1879 1504 1942 homine,
1532 1889 1585 1932 et
1623 1892 1838 1932 carnem
1867 1878 1912 1932 bi

2137 1904 2219 1952 ρος,
2251 1859 2310 1950 ές
2342 1887 2438 1957 τὴν
2458 1859 2659 1938 ⁷ἓελπίίέσ.
2692 1885 2805 1954 ἔχει
2829 1859 2917 1937 ἐπ’
2944 1883 3256 1950 ἄνθρωπον,
3296 1881 3395 1932 καὶ
3427 1879 3630 1948 στηρίξει

415 1976 522 2030 chii
551 1973 636 2029 sui
667 1972 872 2039 fulciet,
903 1983 957 2027 ct
986 1988 1014 2024 a
1050 1971 1278 2025 Domino
1325 1986 1422 2026 cor
1473 1985 1630 2025 suum
1691 1971 1908 2024 amovet

2138 1981 2277 2050 άρκα
2329 1976 2615 2048 βραχίονος
2656 1975 2821 2030 αὑτοῦ
2864 1977 2950 2028 ἐπ’
2980 1975 3165 2040 αὑτὸν,
3207 1972 3440 2026 καὶάπὺ
3465 1974 3631 2041 Κυρίου

421 2067 522 2134 Qui
557 2083 740 2122 sermo
772 2067 856 2122 his
891 2065 1070 2120 verbis
1095 2080 1109 2118 :
1133 2063 1237 2128 Qui
1271 2079 1422 2133 spem
1457 2063 1668 2131 reponit
1690 2062 1742 2116 in
1769 2062 1914 2116 homi

2142 2071 2390 2123 ποστελεί
2411 2067 2660 2137 καρδίαν,
2689 2066 2853 2121 αὐτοῦ
2869 2066 2964 2121 τοῦ
2989 2065 3168 2134 λόγου,
3191 2064 3280 2118 διὰ
3309 2063 3410 2133 μὲν
3433 2063 3534 2128 τοῦ,
3563 2066 3635 2121 ⁸ος

417 2168 474 2214 et
502 2173 721 2212 carnem
754 2157 959 2212 brachii
989 2156 1071 2211 sui
1102 2154 1308 2222 lulciet,
1341 2154 1595 2210 ﬁduciam
1634 2155 1687 2209 in
1723 2170 1840 2210 sese
1872 2169 1910 2209 οι

2142 2159 2197 2228 ὴν
2241 2160 2433 2213 ἐλπίδα
2459 2159 2574 2229 ἔχει
2609 2159 2698 2212 ἐπ’
2727 2159 3035 2228 ἄνθρωπον,
3086 2159 3181 2211 καὶ
3215 2155 3462 2225 στηρίξει
3489 2156 3635 2224 σάρκα

422 2249 601 2303 locare
640 2249 890 2317 prohibet
922 2265 936 2301 :
969 2255 1260 2315 utrumque
1291 2253 1474 2300 autem
1505 2260 1694 2300 eorum
1729 2242 1915 2299 defecti

2142 2250 2386 2320 ραχίονος
2413 2249 2601 2313 αὑτοῦ,
2629 2249 2691 2303 τὸ
2733 2251 2819 2318 ἐφ’
2851 2248 3048 2301 ἐαυτοῦ
3099 2246 3424 2301 πεποιθέναι
3467 2248 3635 2313 ἀπαγο-

423 2354 542 2393 nem
573 2353 603 2392 a
639 2338 864 2391 Domino
888 2338 1152 2391 nominat.
1187 2335 1322 2390 Nam
1349 2337 1462 2397 erit
1492 2345 1749 2405 tauquam
1772 2347 1912 2408 myrt

2143 2340 2424 2403 εύσαντος,
2459 2341 2722 2411 ἑκάτερον
2751 2338 2806 2392 δὲ
2839 2338 3020 2392 αὐτῶν
3057 2337 3404 2390 ἀποστασίαν
3430 2336 3526 2388 ἀπὸ
3551 2336 3636 2388 Κυ-

420 2428 686 2482 silvestris
718 2429 770 2481 in
801 2427 1045 2490 deserto,
1072 2437 1125 2480 et
1155 2441 1262 2490 non
1294 2425 1495 2482 videbit
1531 2427 1691 2480 bona.

2144 2434 2222 2486 ίου
2269 2431 2653 2503 ὀνομάζοντος,
2694 2431 2778 2484 ὅτι
2819 2430 2976 2484 ἔσται
3023 2428 3098 2492 ὡς
3137 2430 3172 2498 ή
3211 2427 3568 2499 ἀγριομυρίκη
3593 2427 3635 2479 ἐν

2101 2529 2167 2595 τῇ
2201 2527 2419 2596 ἐρήμῳ,
2449 2525 2546 2578 καὶ
2579 2529 2680 2577 οὐκ
2703 2523 2894 2593 ὄψεται
2925 2527 2992 2576 τὰ
3023 2521 3224 2591 ἀγαθά.

494 2606 629 2660 Nili.
665 2605 950 2676 Quisuper
976 2615 1214 2670 quatuor
1248 2605 1575 2674 ingreditur,
1613 2606 1861 2674 impurus
1888 2613 1987 2662 est.

2178 2619 2273 2681 Ὃς
2325 2617 2622 2688 πορεύεται
2663 2615 2756 2669 ἐπὶ
2806 2615 3112 2684 τεσσάρων,
3171 2610 3502 2682 ἀκάθαρτος.
3542 2608 3634 2662 Ἐπὶ

422 2697 728 2768 ingreditur
757 2707 936 2753 autem
973 2713 1137 2768 super
1167 2711 1416 2764 quatuor,
1440 2698 1533 2767 qui
1570 2699 1817 2754 manibus
1851 2698 1915 2752 illi

2141 2709 2390 2780 εσσάρων
2421 2708 2478 2762 δὲ
2502 2707 2795 2778 πορεύεται
2823 2709 2851 2761 ὁ
2877 2709 2994 2770 ταῖς
3020 2705 3212 2777 χερσὶν
3236 2703 3634 2773 ἐπερειδόμενος,

426 2791 574 2857 titur,
607 2798 661 2845 et
698 2803 920 2846 omnem
969 2791 1024 2844 in
1060 2791 1126 2844 iis
1158 2790 1321 2846 habet
1361 2789 1641 2846 ﬁduciam.

2103 2801 2198 2854 καὶ
2233 2804 2418 2854 πᾶσαν
2443 2801 2528 2854 ἐπ’
2565 2801 2758 2864 αὐταῖς
2782 2799 2924 2870 ἔχων
2957 2799 3059 2869 τὴν
3086 2797 3437 2868 πεποίθησιν.

920 2927 1153 2984 snuuo
1192 2926 1278 2981 vn
1317 2927 1416 2999 [(ιΙ.
1444 2926 1506 2998 ιι.

2715 2933 2938 2988 ΛΟΓΟΣ
2973 2932 3045 2988 Ζ’.

1053 3043 1124 3095 De
1156 3043 1373 3096 virtute.

2697 3045 2837 3113 Περὶ
2861 3043 3098 3113 ἀρετῆς.

497 3161 686 3216 Matth.
719 3176 815 3214 vn.
851 3159 1009 3212 Arcta
1042 3168 1123 3212 est
1161 3159 1265 3220 via,
1300 3172 1421 3226 qua:
1466 3156 1682 3210 deducit
1712 3156 1778 3211 ad
1812 3158 1990 3211 vitam.

1893 3173 1999 3211 am.
2032 3211 2077 3234 η
2181 3164 2350 3234 Στενὴ
2386 3163 2419 3232 ή
2453 3162 2570 3224 ὁδὸς
2603 3161 2948 3232 ήὰπάγουσα
2980 3163 3059 3222 εἰς
3082 3160 3180 3229 τὴν
3213 3158 3386 3228 ζωήν.

495 3251 650 3306 Rom.
712 3263 808 3304 xu.
855 3247 931 3302 Ne
956 3249 1194 3302 vincaris
1238 3263 1268 3302 a
1327 3248 1510 3311 malo,
1551 3247 1645 3302 sed
1677 3248 1828 3302 vince
1858 3248 1988 3302 bona

2172 3255 2264 3325 Μὴ
2297 3254 2436 3309 νικῶ
2469 3254 2572 3308 ὑπὸ
2602 3253 2698 3307 τοῦ
2739 3251 2933 3319 κακοῦ,
2969 3252 3109 3307 ἀλλὰ
3151 3251 3279 3303 νίκα
3309 3253 3370 3302 ἐν
3396 3250 3468 3318 τῷ
3491 3248 3637 3316 ἀγαθῴ

429 3343 658 3400 malum.

2099 3348 2162 3401 τὸ
2186 3349 2375 3402 κακόν.

498 3435 769 3490 Solomon.
797 3433 873 3488 Ne
906 3441 958 3487 tc
992 3433 1248 3488 seducant
1282 3431 1458 3503 impii,
1487 3446 1588 3487 nec
1611 3431 1662 3486 in
1687 3431 1830 3487 viam
1857 3432 1991 3503 ipso-

2171 3440 2262 3511 Μή
2283 3456 2341 3493 σε
2367 3440 2716 3510 πλανήσωσιν
2736 3435 2930 3507 ἀνδρες
2967 3436 3208 3499 ἀσεϐεῖς,
3252 3434 3392 3505 μηδὲ
3416 3430 3638 3504 πορευθῇς

425 3542 547 3582 rum
583 3531 765 3580 abeas.

2101 3529 2158 3580 ἐν
2186 3528 2290 3599 ὁδῷ
2320 3527 2438 3600 μετ’
2464 3529 2667 3588 αὐτῶν.

497 3616 711 3671 Sirach.
769 3613 846 3670 Ne
907 3614 1103 3671 feceris
1139 3631 1259 3686 quae
1298 3615 1438 3670 mala
1473 3624 1640 3682 sunt,
1671 3626 1725 3674 et
1759 3616 1902 3671 mala
1950 3624 1990 3670 te

1950 3624 2001 3670 le
2173 3621 2265 3691 Μὴ
2299 3621 2442 3677 ποίει
2472 3622 2642 3691 κακὰ,
2666 3627 2763 3680 καὶ
2794 3626 2854 3679 οὐ
2885 3629 2963 3697 μή
2994 3642 3052 3678 σε
3079 3623 3242 3692 λήψει
3265 3619 3433 3673 κακά.

429 3725 538 3766 non
574 3708 1006 3779 apprehendent.

507 3802 720 3858 Basilii.
747 3802 956 3858 Divitiis
985 3800 1218 3857 nobilior
1238 3801 1435 3856 virtus.
2171 3801 2713 3875 Ttpttb-rspovdtpsrh
2747 3804 2779 3876 ἢ
2830 3802 3086 3865 πλοῦτος.

501 3895 628 3950 Sola
664 3896 1073 3964 possessionum
1107 3895 1276 3948 virtus
1305 3892 1507 3949 aul'erri
1539 3894 1752 3963 nequit.

2175 3895 2328 3966 Μόνη
2365 3896 2667 3966 κτημάτων
2693 3897 2726 3966 ἡ
2763 3895 2933 3964 ἀρετὴ
2957 3893 3354 3963 ἀναφαίρετον.

501 3987 731 4044 Virtutis
787 3987 1106 4042 exercitium
1176 3994 1288 4039 tum
1349 3986 1644 4055 possidenti
1707 3985 1994 4058 pretiosum

2188 3989 2414 4059 ’Λρετῆς
2464 3987 2699 4058 ἄσκησις
2727 3988 2911 4056 τίμιον
2963 3986 3063 4054 μὲν
3117 3984 3307 4054 κτῆμα
3356 3980 3432 4051 τῷ
3482 3977 3642 4048 ἔχοντι.

432 4090 516 4137 est
548 4081 842 4150 peculium,
863 4089 977 4136 tum
1004 4077 1371 4134 incidentibus
1401 4078 1524 4135 aliis
1540 4078 1925 4149 jucundissimt

1734 4080 2002 4134 lissimum
2105 4077 2320 4148 ἥδιστον
2351 4077 2408 4130 δὲ
2435 4077 2615 4146 θέαμα
2642 4079 2756 4141 τοῖς
2779 4075 3227 4146 ἐντυγχάνουσιν.

435 4174 826 4242 Spectaculum.

505 4263 573 4320 Ut
629 4265 807 4334 ignem
847 4263 993 4319 ultro
1046 4261 1188 4319 lucis
1241 4261 1521 4333 splendor,
1575 4271 1629 4319 et
1661 4273 1998 4335 unguentum

2183 4255 2391 4327 ’Ὥσπερ
2417 4257 2525 4324 γάρ
2551 4255 2625 4326 τῷ
2658 4256 2792 4324 πυρὶ
2828 4254 3152 4324 αὐτομάτως
3193 4253 3387 4306 ἐπεται
3421 4249 3480 4302 τὸ
3507 4243 3640 4316 φωτί-

432 4358 614 4414 suavis
651 4355 786 4412 odor
830 4354 1079 4425 sequitur
1109 4373 1123 4410 :
1157 4352 1232 4409 ita
1274 4355 1416 4410 bona
1452 4367 1618 4425 opera
1663 4354 1869 4410 utilitas
1897 4370 1925 4410 n

2153 4363 2247 4413 ειν,
2277 4347 2371 4400 καὶ
2400 4347 2475 4406 τῷ
2505 4347 2661 4418 μύρῳ
2687 4347 2747 4399 τὸ
2777 4348 2998 4400 εὐωδείν
3031 4362 3047 4377 ⁸
3079 4347 3222 4400 οὕτω
3278 4349 3376 4400 καὶ
3400 4346 3514 4406 ταῖς
3542 4343 3646 4406 ἀγα·

429 4447 672 4505 cessario
702 4446 956 4502 comitari
986 4445 1292 4504 consuevit.

2152 4443 2234 4502 ατς
2299 4439 2572 4509 πράξεσιν
2633 4438 2946 4507 ἀναγκαίως
3011 4436 3299 4492 ἀκολουθεῖ
3376 4435 3436 4489 τὸ
3482 4431 3645 4502 dictito

2117 4549 2237 4602 μον.

505 4630 619 4686 Hoc
641 4639 728 4685 est
760 4630 957 4695 virtus,
989 4624 1286 4682 declinatio
1319 4623 1572 4681 videlicet
1598 4623 1752 4692 mali,
1794 4633 1849 4681 et
1880 4639 1998 4697 cpe-

2154 4558 2237 4586 DV-

2183 4623 2353 4677 Τοῦτό
2379 4624 2527 4675 ἐστιν
2555 4621 2748 4692 ἀρετὴ,
2781 4620 3025 4684 ἔκκλισις
3044 4617 3152 4672 ἀπὸ
3176 4615 3376 4683 κακοῦ,
3406 4615 3495 4669 καὶ
3526 4613 3647 4682 ποίῃ-

435 4723 572 4778 ratio
592 4721 740 4777 boni.
1768 4756 1771 4759 ι

1768 4756 1771 4759 .
2115 4729 2199 4774 σις
2232 4711 2464 4782 ἀγαθοῦ.

520 4813 854 4883 Principium
886 4809 951 4864 ad
981 4808 1446 4878 recuperationem
1473 4807 1766 4877 bonorum,
1805 4807 1906 4880 15
1929 4819 2011 4864 est

2194 4803 2364 4873 Ἀρχὴ
2395 4803 2532 4872 πρὸς
2561 4802 2661 4873 τὴν
2683 4801 2954 4871 ἀνάληψιν
2983 4799 3091 4853 τῶν
3121 4799 3305 4853 καλῶν
3337 4800 3368 4870 ἡ
3399 4795 3647 4866 ἀναχώρη-

436 4922 465 4959 a
506 4905 664 4958 malis
701 4915 970 4956 recessus.
997 4897 1214 4954 Declina
1255 4900 1426 4965 enim,
1461 4898 1662 4970 inquit,
1697 4915 1727 4954 a
1762 4903 1924 4964 malo,

2194 4893 2332 4953 :té’w
2357 4894 2566 4950 κακῶν.
2605 4892 2891 4946 Ἐκκλινον
2934 4892 3066 4962 γὰρ,
3121 4892 3309 4962 φησὶν,
3334 4891 3441 4944 ἀπὸ
3484 4883 3648 4947 κακοῦ,
3684 4921 3687 4925 -

435 5001 524 5054 iac
557 5001 782 5052 bonum.

2114 4983 2210 5039 καὶ
2244 4986 2472 5053 ποίησον
2502 4982 2733 5055 ἀγαθόν.

510 5088 652 5140 Rara
684 5093 739 5139 et
768 5082 1037 5152 acquisitu
1072 5079 1308 5136 diﬂicilis
1337 5091 1419 5135 est
1459 5081 1676 5136 virtutis
1708 5080 2003 5150 possessio,

2183 5074 2417 5128 Σπάνιον
2472 5075 2506 5143 ἡ
2553 5073 2645 5126 τοῦ
2692 5069 2898 5140 ἀγαθοῦ
2955 5069 3151 5139 κτῆσις
3205 5067 3304 5120 καὶ
3360 5065 3646 5137 πρόσαντες,

439 5177 654 5234 etiamsi
680 5175 842 5228 multa
874 5173 938 5227 ad
975 5172 1114 5228 hanc
1142 5182 1435 5241 provocent
1456 5180 1509 5226 et
1541 5172 1793 5226 invitent.

2115 5166 2220 5220 κᾶν
2251 5168 2299 5218 εί
2329 5165 2464 5218 πολὺ
2491 5164 2552 5218 τὸ
2585 5163 2846 5234 μεθέλκον
2872 5161 2959 5231 εἴη
2986 5162 3080 5214 καὶ
3113 5159 3564 5241 προκαλούμενον.

517 5265 783 5322 Virtutem
814 5263 1085 5319 laudando
1118 5239 1289 5318 Deum
1332 5262 1591 5326 laudabo,
1626 5277 1656 5316 a
1683 5277 1792 5332 quo
1841 5261 2010 5315 virtus

2197 5257 2425 5327 Ἀρετὴν
2457 5254 2716 5320 ἐπαινῶν,
2748 5254 2882 5307 Θεὸν
2907 5255 3295 5320 ἐπαινέσομαι,
3325 5249 3453 5319 παρ’
3480 5239 3536 5300 οῦ
3557 5244 3645 5305 τοῖς

444 5358 758 5414 hominibus
783 5357 907 5411 data
939 5365 1042 5412 est.

2115 5347 2423 5417 ἀνθρώποις
2453 5349 2485 5417 ἡ
2510 5346 2699 5415 ἀρετή.

531 5450 714 5506 Virtus
737 5448 1075 5506 mercenaria
1108 5461 1215 5502 non
1244 5457 1349 5513 est,
1383 5458 1440 5500 ut
1464 5448 1634 5501 virtus
1662 5461 1779 5501 esse
1804 5454 2012 5517 pergat,

2190 5439 2454 5507 ’Λμισοος
2490 5439 2521 5508 ἡ
2550 5437 2740 5508 ἁρετὴ.
2787 5435 2877 5489 ίνα
2909 5435 3004 5490 καὶ
3033 5434 3206 5506 ἀρετὴ
3255 5432 3432 5504 μείνῃ,
3458 5427 3582 5498 πρὸς
3605 5423 3650 5476 τὺ

441 5545 614 5599 solam
647 5545 985 5599 honestatem
1026 5541 1343 5610 respiciens.

1310 5557 1343 5594 ι.
2119 5531 2284 5584 καλὸν
2314 5531 2475 5600 μόνον
2509 5529 2803 5599 βλέπουσα.

510 5632 762 5690 Celebres
792 5648 903 5688 non
935 5632 1094 5685 modo
1124 5609 1454 5699 praeclarum
1489 5639 1544 5684 et
1587 5631 1875 5683 honestum
1910 5627 2003 5681 ali-

2189 5625 2337 5675 Ποιεῖ
2368 5624 2477 5690 γὰρ
2515 5623 2879 5692 περιϐοήτους
2927 5623 2987 5675 οὐ
3042 5619 3192 5686 δεξιά
3250 5615 3439 5690 πρᾶξις
3496 5609 3649 5683 μόνον.

443 5727 585 5796 quod
609 5724 814 5781 factum
847 5723 1057 5789 reddit,
1090 5722 1185 5776 sed
1218 5730 1270 5773 et
1308 5719 1508 5774 malitia
1541 5735 1874 5788 exsuperans
1908 5721 1936 5773 ll

1974 5739 2011 5771 ι-
2119 5717 2251 5770 ἀλλά
2281 5717 2373 5770 καὶ
2403 5717 2569 5769 κακία
2596 5714 2805 5769 νικῶσα
2833 5714 3082 5785 πονηράν
3105 5711 3467 5781 εὐδοκίμησιν.

446 5821 670 5890 probam
704 5817 808 5874 sibi
830 5814 1030 5871 famam
1059 5811 1356 5868 contrahit.
