3780 6554
181 412 266 475 79?
923 410 1097 472 LOCI
1137 412 1579 478 COMMUNES.
1609 442 1679 454 -
1717 418 1913 484 PARS
1953 423 2008 491 Ι.
2048 424 2310 490 SERMO
2343 430 2477 495 VII.
3244 441 3351 505 794

234 525 451 591 Πέφυκεν
472 518 633 590 ἁρετὴ
666 517 934 573 καταιδεῖν
952 537 1014 575 τε
1043 521 1136 576 καὶ
1157 523 1562 598 καταπλήττειν
1585 530 1680 582 καὶ
1708 540 1727 592 Α

1858 533 2085 592 Virtutis
2118 547 2313 595 natura
2340 549 2443 609 est,
2477 549 2538 597 ut
2576 544 2876 601 reverentia
2931 554 2986 601 et
3028 549 3351 608 auctoritate

175 615 277 677 τοὺς
295 614 428 680 τᾶγαν
464 610 936 681 δυσμενεστάτους.

1784 642 1880 683 sua
1917 630 2001 684 vel
2031 631 2438 690 infensissimos
2474 645 2683 691 moveat
2712 646 2763 693 et
2792 644 3010 694 terreat.

231 705 326 760 Ούκ
352 704 456 756 ἔστι
484 700 575 755 τὸν
618 704 818 773 ἀρετῆς
862 707 1295 780 ἐπιμελούμενον
1344 712 1419 783 μὴ
1452 712 1679 778 πολλοὺς

1859 719 2130 791 Chrysost.
2165 723 2309 780 Fieri
2334 726 2547 796 nequit,
2587 729 2718 796 quin
2763 731 2856 799 qui
2889 732 3107 790 virtutis
3139 736 3352 792 studio-

175 798 289 866 ἔχειν
318 794 548 863 ἐχθρούςο
570 793 686 848 ἀλλ’
714 796 867 851 οὐδὲν
906 799 1068 854 τοῦτο
1100 804 1239 871 πρὸς
1271 805 1363 857 τὸν
1396 806 1668 876 ἐνάρετον.

1858 822 2004 877 sest,
2031 830 2194 885 quam
2228 793 2638 884 plures—hostes
2666 793 2887 878 sentiat.
2922 821 3027 878 Sed
3078 826 3212 880 nihil
3249 827 3351 882 hoc

174 888 362 956 Διὰγὰρ
387 886 490 938 τῶν
537 886 790 941 τοιούτων
842 888 1225 963 λαμπρότερος
1282 895 1434 949 ἔσται
1494 896 1667 966 μειξό-

1858 910 1970 960 'tutl
2010 907 2253 963 deditum
2300 921 2480 966 movet
2532 928 2547 966 :
2604 912 2685 969 sic
2735 910 2879 969 enim
2939 915 3100 988 longe
3151 918 3351 975 clarior

172 1002 271 1044 νος.

1780 1000 1990 1054 evadet.

229 1070 393 1127 Πολλοὶ
419 1070 671 1133 πολλάκις
698 1072 867 1137 αὐτὰς
894 1076 995 1139 τὰς
1023 1077 1247 1147 ἀρετάς,
1290 1082 1377 1137 διὰ
1421 1085 1548 1150 τοὺς
1579 1089 1680 1140 πε-

1859 1092 2005 1148 Μυιιὶ
2065 1111 2207 1166 sepe
2241 1113 2362 1153 cum
2423 1100 2679 1155 virtu'em
2734 1109 2956 1171 prepter
2995 1101 3214 1156 labores
3271 1100 3352 1157 fu-

171 1185 268 1229 νους
293 1164 580 1233 φεύγοντες,
612 1164 698 1217 διὰ
729 1164 827 1237 τὴν
860 1166 920 1233 ἐξ
955 1170 1134 1224 αὐτῶν
1153 1173 1431 1244 εὐφημίαν
1459 1178 1664 1247 αίροῦν⁴

1852 1201 1949 1255 mt,
1982 1203 2205 1262 promer
2237 1193 2529 1264 gloriosam
2581 1210 2701 1263 qua:
2723 1208 2787 1249 ex
2820 1194 3121 1251 virtutibus
3149 1211 3345 1267 prove-

166 1276 239 1314 ται
267 1260 447 1313 πονεῖν.

1782 1285 1861 1337 nit
1890 1260 2095 1338 famam
2120 1260 2366 1341 laborare
2396 1260 2610 1340 volunt.

217 1350 315 1418 Θεῷ
353 1350 524 1403 τοίνυν
555 1348 615 1402 ού
646 1349 706 1403 τὸ
754 1350 1175 1422 ἠναγκασμένον
1224 1358 1399 1428 φίλον,
1451 1361 1586 1415 ἀλλά
1618 1363 1679 1416 τὸ

1855 1376 1980 1439 Deo,
2017 1391 2121 1429 non
2174 1378 2318 1446 quod
2372 1380 2702 1434 necessitate
2736 1379 2816 1445 fit,
2847 1389 3062 1449 gratum
3085 1392 3191 1444 eat,
3249 1380 3343 1436 sed

164 1443 211 1508 ἐξ
233 1442 408 1510 ἀρετῆς
434 1440 887 1511 κατορθούμενον·
916 1447 1087 1518 ἀρετὴ
1121 1447 1175 1501 δὲ
1200 1450 1263 1502 ὲκ
1284 1459 1656 1523 προαιρέσεως

1859 1469 1922 1520 od
1960 1469 2181 1523 virtutis
2212 1469 2395 1523 studio
2428 1470 2570 1526 recte
2608 1472 2837 1542 geritur.
2867 1471 3054 1528 Virtus
3083 1482 3263 1527 autem
3289 1474 3343 1528 itt

162 1535 232 1586 καὶ
252 1532 340 1584 ούκ
369 1531 605 1602 ἀνάγκης
636 1532 866 1599 γίνεται.

1780 1562 2083 1615 voluntaria
2122 1562 2411 1625 electione,
2453 1579 2562 1617 nou
2592 1566 2917 1620 neceSsitate
2948 1565 3220 1620 consistit.

213 1626 306 1695 οὐχ
330 1625 355 1677 ὁ
384 1625 543 1687 τόπος
570 1625 671 1696 τὴν
695 1627 920 1701 ἀρετὴν,
942 1630 1061 1685 ἀλλ’
1089 1633 1120 1702 ἡ
1151 1634 1320 1706 ἀρετὴ
1350 1636 1561 1706 πέφυκε
1582 1638 1678 1695 τὸν

1853 1650 2116 1707 Virtutem
2153 1668 2260 1708 non
2291 1654 2464 1719 locus,
2488 1656 2579 1709 sed
2636 1656 2814 1709 locum
2868 1657 3040 1712 virtus
3072 1659 3346 1713 illustrare

159 1718 291 1771 τόπον
317 1717 606 1784 σεμνύνειν.
1778 1752 1975 1812 potest.

221 1808 271 1862 'll
301 1808 384 1861 τοῦ
415 1809 581 1862 κακοῦ
614 1811 804 1875 στάσις
832 1812 974 1884 ἀρχὴ
1004 1813 1105 1883 τῆς
1136 1815 1257 1869 κατ’
1286 1816 1489 1889 ἀρετήν
1522 1820 1674 1875 ἐστιν
1707 1871 1714 1925 1

1851 1834 1977 1890 Vitii
2037 1850 2231 1890 cursus
2286 1837 2565 1903 inhibitus,
2596 1838 2920 1908 principium
2950 1847 3033 1895 est
3073 1840 3215 1909 ejus,
3251 1839 3342 1909 qui

156 1906 312 1973 ὁρμῆς.

1707 1906 1746 1925 ν
1780 1925 1843 1980 ad
1888 1928 2141 1982 virtutem
2174 1928 2250 1989 lit,
2290 1942 2490 1984 matus.

215 1993 502 2047 ’Δδέσποτον
534 1996 566 2065 ἢ
610 1995 806 2066 ἀρετὴ,
836 1999 929 2052 καὶ
975 1999 1241 2067 ἑκούσιον,
1295 2003 1390 2058 καὶ
1421 2003 1670 2078 ἀνάγκης

1852 2019 2040 2077 Virtus
2070 2014 2373 2077 dominium
2420 2040 2524 2077 non
2566 2032 2868 2093 exspectat,
2908 2023 2999 2078 sed
3038 2020 3343 2076 voluntaria

157 2083 300 2155 πάσης
332 2084 627 2152 D3699?”-
1776 2120 1880 2178 cst,
1909 2122 1959 2167 et
1991 2114 2059 2167 ab
2086 2116 2231 2169 omni
2256 2116 2587 2169 necessitate
2614 2083 2805 2171 libera.

209 2178 390 2245 Ὠσπερ
423 2178 481 2230 τὺ
505 2178 605 2245 τῆς
642 2178 787 2247 ζωῆς
838 2181 988 2243 τέλος
1018 2183 1161 2252 ἁρχὴ
1209 2182 1438 2237 θανάτου
1496 2185 1665 2251 ἐστὶν,

1847 2202 2310 2267 Quemadmodum
2367 2208 2487 2260 vita:
2529 2207 2649 2260 linis
2699 2208 2889 2263 mortis
2941 2208 3156 2263 initium
3212 2222 3292 2265 ρει
3326 2249 3340 2274 ,

152 2270 283 2331 οὕτως
307 2269 393 2322 καὶ
420 2268 511 2322 τοῦ
535 2270 661 2322 κατ’
683 2272 883 2338 ἀρετὴν
903 2271 1105 2341 δρόμου
1130 2275 1163 2343 ἡ
1196 2275 1383 2339 στάσις
1399 2277 1541 2347 ἀρχὴ
1562 2278 1645 2333 τοί

1845 2305 1854 2339 :
1886 2290 1928 2343 si
1954 2307 2148 2345 rursus
2181 2294 2394 2346 virtutis
2446 2296 2698 2359 sistatur,
2742 2295 2951 2351 initium
2990 2296 3046 2349 lit
3074 2297 3212 2365 ejus,
3250 2302 3338 2366 qui

152 2364 262 2417 κατὰ
281 2361 458 2414 κακίαν
484 2361 697 2427 γίνεται
727 2362 953 2431 δρόμου.

1776 2381 1841 2434 ad
1873 2382 2000 2435 vitia
2032 2384 2222 2445 tendit,
2263 2399 2474 2437 cursus.

211 2454 264 2507 Ἥ
290 2453 374 2506 τοῦ
405 2452 643 2523 πονηροῦ
673 2454 1027 2525 άλλοτρὲωσις
1050 2457 1150 2526 τῆς
1179 2458 1317 2527 πρὸς
1349 2458 1411 2511 τὸ
1457 2459 1663 2528 άγαθδν

1849 2474 1971 2527 Mali
2037 2474 2390 2537 ahalieuatio,
2427 2476 2808 2533 familiaritatis
2846 2493 2969 2533 cum
3000 2479 3143 2533 bono
3178 2493 3338 2533 0cm.

150 2545 423 2607 οίκειώσεως
456 2545 684 2616 ἁψορμὴ
711 2545 943 2614 γίνεται.

1773 2564 1982 2619 sionem
2014 2575 2063 2619 et
2097 2581 2281 2620 ausam
2312 2567 2535 2637 prabet.

204 2638 263 2689 Τ),
290 2637 380 2701 ἔξω
407 2636 510 2688 τῶν
547 2638 741 2690 κακῶν
767 2638 1019 2706 γενέσθαι
1060 2642 1211 2705 ἐντός
1240 2642 1355 2694 ἐστι
1392 2641 1501 2694 τῶν
1527 2641 1665 2709 ἁγα-

1850 2654 1923 2709 Ex
1953 2657 2111 2712 malis
2163 2658 2413 2723 evadere,
2455 2671 2535 2715 est
2576 2661 2711 2715 intra
2747 2661 2886 2717 bona
2916 2662 3234 2717 consistere.

150 2731 233 2784 θῶν
258 2730 594 2798 καταστῆναι.

202 2825 595 2879 Δυσεπίτευκτον
649 2825 750 2895 μὲν
810 2819 951 2879 εἶναι
1015 2827 1115 2895 τὴν
1169 2826 1389 2895 ἀρετὴν,
1452 2828 1668 2896 μυρίοις

1849 2829 2109 2886 Virtutem
2179 2833 2409 2891 infinitis
2442 2836 2731 2890 sudoribus
2786 2846 2839 2891 et
2907 2837 3190 2893 laboribus
3254 2840 3341 2894 vix

151 2920 301 2989 ἱδρῶσι
322 2922 410 2973 καὶ
449 2920 660 2983 πόνοις,
696 2920 898 2990 σπουδῇ
929 2921 1023 2973 καὶ
1067 2922 1296 2989 καμάτῳ
1331 2923 1492 2989 μόγις
1524 2938 1644 2974 κατε

1845 2922 2006 2990 quiri,
2067 2924 2246 2979 studio
2296 2940 2362 2980 ac
2419 2925 2738 2995 fatigatione
2764 2929 2850 2982 vix
2905 2940 3050 2985 ret-te.
3102 2929 3338 2985 admini-

148 3010 470 3081 ορθουμένην,
524 3010 685 3080 παρὰ
735 3009 837 3078 τῆς
908 3010 1061 3074 θείας
1111 3010 1337 3081 Γραφῆς
1384 3009 1637 3081 ἐδιδάχθη

1528 3009 1669 3081 ιχθη-
1772 3013 1933 3068 strari
1968 3029 2150 3084 posse,
2182 3031 2246 3071 ex
2268 3016 2441 3071 sacris
2470 3016 2688 3074 Litteris
2713 3020 3021 3077 didicimus.

181 3120 239 3155 εν.

181 3122 239 3155 εν.

150 3122 178 3172 μ
201 3200 379 3260 Κακίας
405 3196 579 3265 ἔξοδος
616 3195 823 3265 ἀρετῆς
857 3196 1061 3250 εἴσοδον
1105 3196 1419 3265 ἐργάζεται,
1464 3197 1542 3261 ὡς
1574 3216 1643 3253 κα

1845 3193 2103 3249 Philonis.
2153 3193 2519 3259 improbitatis
2562 3197 2741 3253 exitus
2806 3198 3021 3254 virtut’s
3055 3199 3337 3253 introitum

148 3289 405 3344 τοῦναντίον
432 3288 813 3350 ὑπεκστάντος
842 3288 1070 3356 ἀγαθοῦ,
1100 3289 1159 3342 τὸ
1181 3287 1470 3359 ἐφεδρεῦον
1493 3291 1641 3345 κακὸε

1849 3286 1950 3345 icit,
2007 3285 2464 3354 quemadmodum
2505 3295 2559 3340 et
2592 3288 2708 3342 vice
2753 3301 2931 3350 versa,
2982 3288 3027 3342 si
3060 3290 3228 3342 virtus
3257 3287 3342 3342 vel

148 3381 494 3451 ἐπεισέρχεται.

1768 3378 1969 3432 bonum
1996 3377 2304 3440 recesserit,
2330 3378 2476 3431 malo
2502 3393 2756 3433 accessus
2790 3387 2955 3446 patet.

207 3476 394 3543 'Aps-ral
444 3475 606 3542 μόναι
637 3473 705 3526 τὰ
746 3474 855 3525 τῶν
898 3472 1201 3542 ἀνθρώπων
1228 3472 1535 3546 πράγματα
1564 3489 1665 3526 κυ-

1848 3468 1976 3522 Sola:
2008 3467 2238 3523 virtutes
2297 3468 2577 3523 hominum
2628 3471 2845 3540 negotia
2890 3475 3193 3541 gubernare
3245 3493 3341 3534 no-

145 3566 301 3636 6ερνᾷν
322 3566 659 3620 ἐπίστανται.

487 3583 659 3620 ινται.
1765 3569 1980 3615 verunt.

204 3661 254 3711 Ἦ
280 3661 467 3731 θεωρία
493 3661 598 3729 τῆς
621 3661 824 3731 ἀρετῆς
844 3661 1124 3734 παγκάλη,
1147 3664 1243 3715 καὶ
1276 3664 1309 3734 η
1337 3662 1537 3733 πρᾶξις
1570 3662 1666 3715 καὶ

1843 3653 2064 3708 Virtutis
2089 3652 2474 3723 contemplatio
2496 3653 2652 3723 longe
2676 3653 3038 3723 pulcherrima
3060 3667 3162 3720 est,
3188 3660 3336 3729 ejus-

143 3754 166 3822 ἡ
191 3752 355 3821 χρῆσις
395 3754 795 3824 περιμάχητος.

1847 3761 1886 3797 ιιι
1911 3759 2037 3800 vero
2064 3759 2195 3799 usus
2218 3753 2270 3797 et
2293 3744 2434 3800 actio
2449 3745 2607 3815 digna
2636 3753 2781 3812 sunt,
2809 3746 2876 3800 de
2897 3748 3094 3817 quibus
3124 3764 3340 3808 summo

1766 3838 2122 3894 contendatur
2149 3836 2354 3891 studio.

195 3933 339 4002 Χιίρε
367 3934 461 4001 τὴν
496 3934 704 4004 ἀρετὴν
733 3934 894 4001 ἡνίκα
924 3950 1206 4007 πράττειςο
1242 3935 1379 3989 ἀλλὰ
1410 3936 1483 4007 μὴ
1510 3935 1666 3989 ἐπαί-

1846 3928 1981 3983 Nili.
2015 3927 2199 3984 Gaude
2252 3942 2376 3981 cum
2420 3928 2637 3983 virtutis
2676 3942 2815 3997 opus
2854 3929 2995 3995 edis,
3029 3932 3119 3985 sed
3146 3947 3215 3986 ne
3240 3949 3339 3989 ex-

141 4038 232 4090 ρου,
264 4024 328 4092 μή
363 4041 490 4077 ποτε
516 4024 580 4077 τὸ
602 4023 862 4091 ναυάγιον
893 4025 951 4076 ὲν
979 4022 1058 4093 τῷ
1097 4024 1276 4093 λιμένι
1311 4024 1556 4096 γένηται.

1766 4020 1998 4080 tollaris.
2030 4035 2096 4071 ne
2131 4018 2269 4073 forte
2290 4018 2626 4089 naufragium
2669 4019 2720 4073 in
2756 4030 2911 4089 portu
2937 4020 3124 4077 facias.

193 4112 292 4180 Χρὴ
320 4113 412 4181 τὴν
454 4113 663 4184 ἀρετὴν
724 4115 797 4184 μὴ
838 4114 1097 4184 χωλεύειν
1151 4113 1276 4168 καθ’
1308 4115 1523 4185 ἕτερον,
1552 4114 1667 4168 ἀλλ’

1846 4111 2045 4183 Cyrilli.
2076 4110 2340 4164 Virtutem
2381 4124 2488 4163 non
2523 4118 2737 4179 oportet
2763 4111 3075 4165 claudicare
3128 4127 3157 4165 a
3188 4124 3339 4181 parte

140 4203 256 4275 ἔργῳ
283 4206 369 4258 καὶ
398 4206 541 4277 λόγῳ
570 4205 742 4277 ὀρθὴν
797 4210 895 4260 καὶ
937 4207 1356 4283 ἀπηρτισμένην
1401 4204 1521 4262 κατ’
1560 4208 1633 4278 άμ

1850 4223 1960 4271 era,
2003 4207 2097 4261 sed
2133 4214 2238 4258 tam
2268 4203 2428 4258 dictis
2455 4218 2617 4272 quam
2657 4202 2816 4258 lactis
2872 4216 3077 4258 rectam
3111 4213 3165 4258 et
3198 4207 3343 4261 inte-

142 4299 309 4366 φότερα
355 4294 511 4352 εἶναι.

1769 4314 1918 4369 gram
1958 4297 2213 4366 utrinque
2241 4310 2383 4350 esse.

193 4390 288 4441 Ούκ
316 4390 387 4442 Evt
418 4392 480 4443 ἐκ
512 4388 611 4443 τοῦ
640 4389 982 4459 παραχρῆμα
1026 4387 1329 4459 λαμϐάνειν
1378 4387 1479 4452 τὰς
1539 4388 1667 4458 άρεο

1847 4392 2081 4447 Virtutes
2113 4389 2257 4444 illico
2282 4388 2495 4457 assequi
2522 4388 2861 4455 impossibile
2886 4397 2987 4442 est.
3035 4388 3141 4458 16
3189 4387 3340 4454 Quo-

137 4481 229 4541 τάς.
259 4481 508 4551 Σμικροῐς
532 4482 640 4552 γὰρ
672 4480 740 4534 τὰ
768 4481 1001 4550 μέγιστα
1032 4482 1149 4545 πῶς
1173 4481 1239 4534 άν
1261 4497 1345 4543 τις
1375 4478 1548 4533 ἕλοιτο
1574 4488 1630 4533 πε

1844 4484 1933 4538 )‹Ιο
1995 4483 2139 4537 enim
2194 4496 2355 4551 quam
2398 4480 2640 4535 minimis
2692 4480 2966 4535 laboribus
3020 4496 3108 4534 res
3178 4481 3337 4550 longe

138 4586 311 4636 vozotv;
550 4598 553 4601 λ
1696 4548 1748 4608 D
1778 4576 2038 4629 maximas
2058 4574 2251 4644 aliquis
2285 4575 2500 4640 assequi
2530 4584 2687 4637 queat
2713 4572 2735 4624 ?

191 4662 401 4735 Βραχεῖα
469 4670 503 4737 ὴ
563 4667 755 4737 ἁρετὴ,
814 4668 905 4720 καὶ¹
968 4666 1149 4737 ὄρθιος
1197 4662 1353 4738 οἷμος
1399 4671 1496 4724 ἐπ’
1564 4673 1666 4727 αύ-

1847 4669 2044 4737 Aspcra
2084 4668 2255 4721 virtus
2304 4676 2382 4721 est
2403 4705 2419 4732 ,
2450 4676 2503 4720 et
2536 4666 2755 4720 acclivis
2794 4665 2861 4719 ad
2894 4665 3065 4735 ipsam
3100 4665 3210 4731 via,
3240 4679 3340 4720 nec

135 4754 229 4821 τὴν.
262 4756 346 4809 καὶ
398 4760 499 4813 οὐκ
548 4758 615 4812 ἄν
639 4774 721 4817 τις
750 4758 925 4811 ἕλοιτο
953 4758 1159 4829 ταύτην
1193 4759 1318 4830 δίχα
1348 4762 1512 4817 πόνου
1564 4781 1628 4835 μα

1784 4776 1892 4816 eam
1925 4761 2047 4831 quis
2076 4761 2281 4829 absque
2315 4760 2474 4829 longo
2501 4759 2689 4815 labore
2718 4760 2824 4815 sibi
2856 4760 3277 4830 comparaverit.

136 4859 261 4913 κρου.

192 4939 375 5004 Μισθὸς
409 4941 613 5012 ἀρετῆς
655 4941 898 5005 ἔπαινος.

1844 4939 2070 5011 Synesii.
2112 4940 2344 4997 Virtutis
2378 4957 2588 4998 merces
2616 4942 2735 4998 laus
2770 4952 2873 4997 est.

193 5054 245 5104 Ol
271 5057 488 5123 πονηροὶ
517 5056 625 5109 τῶν
655 5055 980 5126 ἀνθρώπων,
1020 5056 1124 5110 κᾶν
1172 5060 1520 5129 χρηστότητά
1544 5078 1668 5115 τινα

1913 5056 1997 5110 ιιίε
2030 5054 2361 5120 hominibus,
2389 5055 2515 5108 licet
2552 5055 2675 5109 boni
2718 5054 2924 5124 aliquid
2956 5056 3333 5124 polliceantur,
3396 5088 3406 5105 ι

137 5143 567 5221 ὲπαγγέλλῳνται,
602 5146 689 5199 διά
719 5148 808 5199 τὸν
841 5148 1043 5213 τρόπον
1066 5147 1127 5200 οὐ
1160 5149 1523 5206 πιστεύονται.

1489 5170 1523 5206 ι.
1776 5160 1991 5218 propter
2019 5163 2197 5203 mores
2223 5156 2400 5201 tamen
2438 5146 2571 5201 tides
2599 5163 2704 5201 non
2735 5148 2982 5203 habt-tur.

202 5259 502 5329 Ἀνδριάντα
529 5261 630 5331 μὲν
658 5262 718 5315 τὸ
747 5262 954 5331 σχῆμα.
982 5262 1152 5332 ἄνδρα
1201 5263 1259 5317 δὲ
1286 5265 1318 5335 ἡ
1348 5267 1545 5334 πρᾶξις
1578 5286 1667 5321 κο-

1848 5261 2146 5314 Plutarchi.
2200 5259 2444 5314 Statuam
2490 5261 2709 5330 quidem
2772 5262 2963 5333 ﬁgura,
3001 5261 3176 5316 virum
3205 5273 3334 5315 vero

138 5352 260 5415 σμεί.

1778 5355 1893 5422 ipsa
1928 5354 2071 5407 actio
2101 5362 2275 5407 ornat.

190 5458 358 5519 Οὕτως
388 5464 488 5533 ζῇν
518 5465 804 5533 προαιροῦ,
839 5467 913 5529 ὡς
950 5468 1089 5536 μήτε
1142 5467 1248 5520 ὑπὸ
1294 5468 1405 5521 τῶν
1435 5471 1669 5524 δυνατω-

1847 5464 1923 5518 lta
1977 5465 2160 5520 vivere
2212 5466 2504 5533 instituas,
2538 5476 2597 5520 ut
2655 5481 2830 5537 neque
2872 5480 2903 5521 a
2940 5464 3336 5534 potentioribus

135 5552 281 5617 τέριυν
312 5559 764 5625 καταφρονεῖσθαι
795 5560 931 5628 μήτε
958 5559 1075 5623 τοῖς
1105 5560 1555 5633 καταδεεστέρως
1577 5580 1628 5631 qu

1776 5560 2166 5623 contemnat-is,
2198 5574 2373 5629 neque
2407 5558 2756 5614 inferioribus
2786 5557 3110 5614 metuendus
3133 5555 3229 5612 sis.

136 5640 270 5708 σερὸς
293 5638 449 5699 εἶναι.

195 5753 260 5808 Εὖ
277 5773 355 5809 σοι
383 5758 442 5811 τὸ
477 5759 666 5829 μέλλον
696 5758 826 5828 ἔξει,
862 5761 929 5815 ἂν
959 5761 1019 5815 τὸ
1059 5760 1229 5834 παρὸν
1255 5758 1314 5818 εὖ
1344 5763 1521 5835 τιθῇς.

1848 5761 2117 5815 Isocratis.
2152 5760 2295 5815 Bene
2327 5762 2420 5816 tibi
2474 5763 2653 5818 futura
2701 5762 2972 5827 evenient,
3020 5762 3067 5817 si
3101 5776 3341 5833 praesen-

1780 5853 1850 5906 tia
1880 5852 2017 5908 bene
2038 5854 2395 5922 disposueris.
