3780 6540
398 369 510 436 795
1673 369 1998 430 ANTONII
2029 369 2375 430 MELISS/E
3510 365 3592 426 796

468 484 826 542 Demonactis.
867 484 1097 540 Virtutis
1133 484 1313 551 potius
1360 484 1624 552 imagines
1683 484 1780 539 tibi
1825 483 1957 539 velis

2132 482 2331 536 Βούλου
2357 481 2456 545 τὰς
2473 480 2574 550 τῆς
2599 479 2802 550 ἀρετῆς
2828 479 3044 540 εἰκόνας
3102 477 3455 545 ὑπομνήματα
3486 481 3592 547 μᾱλ.

400 583 753 630 monumenta
781 573 1116 646 relinquere,
1154 589 1315 643 quam
1353 573 1619 642 corporis.

2115 593 2164 629 av
2189 575 2224 645 ἢ
2253 575 2346 628 τοῦ
2387 572 2640 642 σώματος
2670 571 3012 625 καταλιπεῖν.

473 665 705 720 Tantum
743 669 808 721 ad
842 667 1093 722 virtutem
1127 665 1372 735 adjicies,
1413 671 1678 734 quantum
1705 661 1964 733 volupta-

2143 665 2410 718 Τοσοῦτον
2446 664 2526 726 είς
2551 663 2755 734 ἀρετὴν
2798 661 3156 732 προσθήσεις,
3188 660 3314 714 ὅσον
3341 657 3405 714 ἂν
3432 658 3598 733 ὑφέλῃς

403 758 547 812 tibus
581 757 869 825 ademeris.

2075 757 2180 813 τῶν
2200 756 2423 826 ἡδονῶν.

470 845 653 918 Turpe
706 851 885 905 estin
942 851 1062 908 aliis
1118 851 1350 922 probare
1408 849 1657 914 virtutes,
1706 846 1846 903 intra
1907 861 1963 904 se

2147 852 2386 922 Αίσχρὺν
2418 850 2516 920 μὲν
2543 852 2602 905 ὲν
2645 849 2824 912 ἄλλοις
2855 845 3220 918 ἀποδέχεσθαι
3275 844 3374 908 τὰς
3414 845 3599 915 ἀρετὰς,

401 939 561 992 etiam
601 941 801 996 habere
830 942 978 995 vitia.

2081 943 2138 996 ἐν
2168 943 2377 1005 ἑαυτοῖς
2405 942 2461 996 δὲ
2491 940 2638 1010 ἔχειν
2668 941 2769 1004 τὰς
2796 939 3017 1002 κακίας.
3534 931 3539 938 ’

476 1029 704 1085 Biantis.
753 1031 928 1086 Tarde
947 1033 1238 1103 aggredere
1285 1031 1512 1102 agenda,
1543 1045 1834 1103 aggressus
1862 1046 1958 1087 au-

2136 1034 2392 1104 Βραδέως
2427 1033 2666 1104 ἐγχείρει
2689 1036 2801 1098 τοῖς
2844 1029 3263 1104 πραττομένοις,
3315 1028 3604 1099 ἐγχειρήσας

405 1128 510 1174 tem
540 1131 853 1177 constanter
883 1137 1000 1191 age.

2071 1125 2150 1191 δὲ,
2180 1126 2387 1193 πρᾶττε
2415 1123 2673 1196 βεϐαίως.

365 1316 367 1318 η
468 1254 743 1325 Euripidis
775 1259 878 1329 (1).
913 1257 1155 1330 Tempus
1204 1275 1312 1316 non
1339 1259 1482 1316 delet
1528 1261 1786 1332 reliquias
1816 1261 2081 1316 bonorum
2113 1263 2390 1331 virorum;
2421 1268 2514 1321 sed
2545 1267 2718 1325 virtus
2739 1268 2903 1324 etiam
2937 1266 2991 1320 in
3029 1263 3261 1321 mortuis
3293 1260 3524 1330 refulget.

472 1350 805 1420 Theognidis.
836 1355 988 1410 Multi
1033 1355 1230 1412 divites
1276 1366 1406 1412 sunt
1439 1357 1589 1421 mali,
1614 1357 1750 1412 boni
1776 1368 1956 1412 autem
1989 1371 2280 1429 pauperes.
2335 1357 2442 1417 Sed
2481 1374 2583 1417 nos
2617 1376 2741 1418 cum
2778 1361 2883 1416 illis
2915 1375 3025 1415 non
3060 1355 3487 1430 permutabimus
3523 1355 3609 1410 vir-

403 1453 516 1500 tute
539 1445 759 1500 divitias
792 1463 806 1500 :
845 1463 971 1501 nam
1011 1447 1103 1502 illa
1135 1463 1349 1516 semper
1371 1449 1581 1503 stabilis
1600 1458 1702 1504 est.

473 1540 742 1598 Pecunias
767 1549 946 1596 auten.
973 1543 1253 1597 hominum
1280 1543 1416 1598 alias
1449 1542 1586 1597 alius
1619 1541 1800 1597 habet.

471 1683 692 1737 Aristot.
729 1679 818 1734 Dei
873 1679 1090 1747 quidem
1135 1689 1218 1736 est
1255 1661 1415 1750 agere
1441 1696 1561 1748 quae
1601 1682 1720 1734 vult
1750 1697 1766 1734 :
1798 1680 1964 1735 homi-

2152 1681 2288 1736 Θεοῦ
2327 1684 2426 1753 μὲν
2455 1680 2572 1736 ἔστι
2608 1681 2870 1751 πράττειν
2896 1678 2934 1736 ἃ
2965 1677 3235 1749 βούλεται’
3276 1672 3548 1744 ἀνθρώπου
3567 1673 3611 1730 δὲ

399 1772 485 1828 nis
509 1782 687 1826 autem
716 1789 777 1827 ea
803 1788 924 1841 qum
947 1772 1199 1828 convenit
1221 1773 1404 1827 animo
1439 1788 1785 1840 praesumere.

1331 1788 1404 1826 no
1439 1788 1785 1840 praesumere.
2081 1775 2147 1830 τὰ
2183 1776 2372 1830 δέοντα
2399 1773 2824 1845 προθυμεῖσθαι.

473 1865 723 1934 Procopii
755 1866 1003 1920 rhetoris.
1043 1865 1176 1919 Boni
1210 1866 1522 1920 indecorum
1550 1866 1752 1934 aliquid
1779 1864 1966 1922 facien-

2150 1867 2214 1920 Οί
2266 1869 2484 1935 ἀγαθοὶ,
2520 1868 2596 1938 μὴ
2660 1867 2720 1920 τὸ
2776 1866 3051 1937 προσῆκον
3099 1864 3404 1929 ποιοῦντες.
3464 1869 3613 1937 παρᾶ-

402 1965 502 2021 tes,
536 1972 763 2027 peccare
797 1958 1105 2012 volentibus
1137 1957 1448 2026 exemplum
1482 1958 1640 2010 fiunt.

2115 1978 2280 2030 ειγμα
2331 1963 2646 2033 πρόκεινται
2701 1963 2816 2024 τοῖς
2869 1961 3216 2032 πλημμελεῖν
3271 1959 3608 2030 βουλομένοις.

475 2049 588 2103 Viri
637 2053 866 2107 virtutes
914 2066 1020 2105 non
1086 2050 1388 2120 principio,
1423 2049 1517 2106 sed
1569 2049 1674 2104 fine
1706 2051 1968 2106 actionum

2162 2051 2381 2120 Ἀνδρδς
2420 2051 2620 2122 ἀρετὴν
2649 2052 2751 2106 οὐκ
2781 2052 3084 2122 ἀρχόμεναι
3117 2051 3380 2124 δηλοῦσιν
3411 2052 3465 2104 αί
3495 2051 3611 2124 πρά-

402 2139 736 2196 indicantur.

2080 2144 2214 2210 ξεις,
2248 2143 2386 2198 ἀλλὰ
2413 2144 2742 2198 τελευτῶσαι
2764 2143 3082 2214 μηνύουσιν.

475 2229 711 2286 Maxime
747 2231 948 2286 bonum
994 2232 1264 2302 peculium
1295 2243 1380 2288 est
1437 2233 1708 2305 cujusque
1763 2237 1968 2306 propria

2149 2236 2428 2304 Μέγιστον
2469 2235 2676 2306 ἀγαθὸν
2710 2237 2899 2308 κτῆμά
2947 2239 3096 2293 ἐστιν
3125 2237 3421 2310 ἑκάστουή
3470 2238 3615 2298 ciuis

404 2322 604 2376 virtus.

2077 2325 2269 2397 ἀρετή.

475 2410 664 2481 Neque
691 2414 998 2469 convivium
1026 2415 1144 2470 sine
1171 2416 1490 2480 concordia,
1546 2432 1724 2488 neque
1766 2417 1968 2475 divitia

2149 2417 2288 2472 Οὔτε
2317 2421 2619 2492 συμπόσιον
2643 2421 2774 2476 ἄνευ
2810 2422 3087 2494 ὁμονοίας,
3134 2421 3259 2477 οὔτε
3283 2423 3505 2488 πλοῦτος
3526 2442 3613 2495 χω·

403 2505 522 2556 sine
551 2503 748 2558 virtute
771 2505 1062 2561 delectant.

2081 2513 2166 2582 pic
2201 2515 2400 2586 ἀρετῆς
2432 2515 2625 2586 ἡδονὴν
2653 2517 2790 2588 ἔχει.

478 2592 688 2648 Donum
741 2595 889 2652 aliud
942 2598 1142 2653 virtute
1189 2599 1366 2670 majus
1418 2601 1679 2657 divinitus
1713 2603 1830 2658 dari
1867 2620 1971 2660 non

2147 2607 2331 2677 Δῶρον
2359 2607 2486 2664 ἄλλο
2539 2609 2726 2680 μεῖζον
2773 2611 2976 2684 ἀρετῆς
3003 2611 3106 2666 οὐκ
3134 2610 3252 2665 ἔστι
3317 2613 3468 2680 παρὰ
3497 2611 3605 2664 Θεσῦ

402 2693 603 2754 potest.

2076 2699 2289 2754 λαϐεῖν.

474 2773 650 2830 Unica
681 2778 857 2834 virtus
881 2787 966 2836 est
991 2793 1208 2849 semper
1228 2777 1418 2852 fugere
1447 2781 1763 2839 indecorum
1796 2791 1851 2840 et
1881 2786 1967 2842 ab-

1913 2786 1979 2842 b-
2147 2793 2265 2848 Μία
2303 2792 2454 2848 ἐστὶν
2487 2793 2678 2865 ἀρετὴ,
2714 2795 2776 2847 τὸ
2801 2795 3002 2850 ἄτοπον
3031 2795 3259 2865 φεύγειν
3289 2797 3404 2850 ἀεί.

401 2866 659 2960 surdum.
780 2957 791 2960 _
986 2956 997 2960 Α
2147 2885 2414 2956 Τιμήσεις
2440 2886 2533 2940 τὸν
2562 2887 2694 2940 Θεὸν
2716 2888 2935 2958 ἄριστα,
2969 2887 3097 2941 ὅταν
3123 2888 3200 2959 τῷ
3245 2889 3369 2960 Θεῷ
3398 2890 3488 2959 τὴν
3521 2891 3614 2946 διά·

483 2959 650 3012 Deum
684 2957 886 3027 optime
917 2956 1084 3025 coles,
1139 2974 1265 3014 cum
1318 2970 1555 3017 mentem
1585 2962 1691 3020 Deo
1736 2965 1968 3022 similem

2116 2995 2225 3032 >ιαν
2257 2977 2535 3051 ὁμοιὼσῃς
2573 2979 2643 3034 δι’
2706 2956 2929 3051 ἀρετῆς.
2961 2982 3112 3052 Μόνη
3165 2956 3277 3054 iam
3339 2956 3502 3056 αρετη
3531 2984 3609 3055 τὴν

400 3052 646 3108 effeceris
677 3067 772 3121 per
818 3052 1091 3107 virtutem.
1123 3051 1248 3110 Sola
1271 3055 1415 3111 enim
1437 3056 1612 3113 virtus
1632 3061 1872 3116 animum

1527 3067 1612 3113 tus
1632 3061 1872 3116 animum
1901 3061 1967 3118 ad
1999 3032 2043 3093 α
2072 3032 3020 3143 @01hvilxettbvgujfgvé—ct

401 3145 454 3200 id
482 3142 626 3214 quod
659 3143 706 3196 ei
736 3153 1022 3212 cognatum
1050 3154 1134 3200 est
1165 3148 1367 3202 trahit.

471 3233 652 3287 Malim
684 3231 902 3287 virtutis
946 3235 1337 3305 testimonium,
1378 3255 1542 3311 quam
1579 3241 1964 3300 abundantiam

2141 3249 2445 3322 Βουλοίμην
2467 3250 2512 3305 δ’
2543 3252 2610 3305 ἂν
2639 3252 2768 3322 περὶ
2793 3249 2995 3323 ἀρετῆς
3039 3252 3464 3324 μαρτυρηθῆναι
3501 3255 3611 3324 p.53.-

398 3340 560 3395 opum
588 3327 718 3380 mihi
752 3324 1022 3379 exhiberi.
1063 3326 1196 3382 Illud
1228 3330 1372 3384 enim
1421 3331 1576 3388 bona:
1622 3335 1838 3398 mentis,
1869 3335 1891 3389 lt

2118 3361 2164 3397 ιν
2195 3344 2228 3414 ἢ
2261 3344 2389 3416 περὶ
2421 3343 2657 3398 πλούτου
2685 3344 2991 3415 δαψιλείας.
3049 3345 3124 3400 Τὸ
3167 3346 3272 3416 μὲν
3305 3347 3416 3417 γὰρ
3459 3347 3611 3417 ψυχῆς

399 3427 575 3472 autem
609 3416 842 3472 fortunae
871 3416 1145 3474 aﬂluentis
1181 3424 1488 3477 eucomium
1515 3423 1814 3482 videbitur;
1842 3427 1890 3480 II

2120 3433 2310 3506 γαθῆς,
2339 3434 2401 3489 τὸ
2421 3433 2478 3490 δὲ
2511 3434 2680 3508 τύχης
2724 3436 3221 3508 περιουσιαζούσης
3257 3416 3613 3511 ἐγκώμιονδόο

398 3511 659 3564 sententia
688 3513 742 3566 in
777 3510 959 3566 erca
1010 3512 1299 3584 exemplari
1357 3532 1462 3570 non
1504 3529 1641 3573 recte
1689 3523 1973 3576 «scribitur
2070 3525 2173 3594 ξει.

400 3602 703 3674 Tlteognidi.

718 3715 823 3785 17
853 3713 1084 3772 SERMO
1124 3716 1237 3773 vm
1268 3716 1367 3790 [αι.
1403 3717 1622 3791 xxm].

1531 3719 1622 3791 ll].
2686 3733 2907 3789 ΛΟΓΟΣ
2939 3737 3019 3793 ην.

592 3827 671 3882 De
699 3828 982 3898 sapientia,
1007 3838 1056 3884 et
1087 3830 1376 3897 intellectu,
1397 3843 1444 3886 et
1463 3835 1760 3903 prudentia.

2137 3844 2277 3913 Περὶ
2305 3845 2547 3915 σοφίας,
2579 3845 2674 3902 καί
2710 3848 3041 3918 συνέσεως,
3063 3852 3160 3905 καί
3189 3852 3551 3923 φρονήσεως.

474 3941 666 3997 Matth.
693 3958 747 3998 ι.
782 3942 968 3998 Estote
1003 3944 1298 4014 prudentes
1329 3946 1506 4003 instar
1526 3953 1881 4021 serpentium,
1915 3961 1967 4009 et

2136 3957 2355 4012 Γίνεσθε
2401 3961 2650 4030 φρόνιμοι
2681 3961 2756 4023 ὡς
2799 3962 2849 4014 οί
2875 3961 3046 4031 ὄφεις,
3073 3963 3166 4018 καὶ
3200 3966 3450 4036 ἀκέραιοι
3479 3965 3545 4029 ὡς
3567 3966 3611 4018 ai

399 4033 675 4103 simplices
705 4045 764 4088 ut
796 4035 1079 4090 columbae.

913 4036 1079 4090 tmbae.
2069 4049 2406 4120 περιστεραί.

472 4123 499 4177 1
522 4124 642 4181 Cor.
678 4142 784 4180 xxv.
818 4125 936 4180 Non
987 4138 1246 4193 mentem,
1298 4131 1390 4185 sed
1425 4131 1687 4187 malitiam
1732 4133 1965 4193 infantes

2137 4145 2227 4214 Μὴ
2265 4144 2449 4197 παιδία
2484 4143 2698 4212 γίνεσθε
2751 4151 2870 4212 ταῖς
2901 4150 3091 4218 φρεσίν
3118 4167 3132 4180 ·
3163 4152 3303 4206 ἀλλὰ
3349 4155 3413 4222 τῇ
3466 4150 3613 4220 κακίᾳ

398 4229 521 4266 esse
553 4215 759 4270 debetis
791 4231 806 4268 :
842 4216 1042 4271 animis
1067 4227 1247 4272 autem
1282 4220 1507 4288 perfecti
1542 4232 1676 4278 este.

2064 4236 2376 4306 νηπιάζετε,
2415 4240 2536 4298 ταῖς
2573 4237 2627 4290 δὲ
2651 4240 2811 4308 φρεσὶ
2850 4215 3045 4294 τέλειοι
3076 4242 3315 4309 γίνεσθε.

471 4303 631 4360 Prov.
669 4323 746 4360 ιιι.
780 4307 974 4361 Beatus
1003 4307 1163 4362 homo
1200 4311 1293 4380 qui
1315 4311 1522 4368 invenit
1544 4315 1880 4384 sapientiam,
1913 4327 1964 4371 et

2119 4303 2421 4396 VMaxdpio;
2474 4303 2760 4397 ἄνθρωπος
2789 4330 2848 4392 δς
2890 4325 3016 4400 εὗρε
3068 4303 3280 4402 σοφίαν,
3314 4334 3408 4388 καὶ
3439 4336 3607 4407 θνητὸς

403 4395 648 4448 innutalis
681 4397 771 4465 qui
803 4395 936 4450 vidit
965 4397 1305 4465 prudentiam
1337 4419 1350 4454 :
1378 4411 1595 4470 praestat
1622 4402 1765 4456 enim
1791 4403 1896 4471 ipsa

2116 4433 2123 4475 ;
2153 4413 2260 4468 εἶδε
2287 4395 2848 4489 φρόνησινξΚρείττον
2879 4395 2988 4491 γὰρ
3009 4395 3179 4494 αὐτῆ-ς
3205 4395 3609 4497 Eunomus-sitat,

397 4487 701 4554 acquirere,
738 4503 901 4557 quam
949 4491 1066 4544 auri
1111 4503 1164 4546 et
1212 4493 1420 4561 argenti
1471 4493 1790 4562 thesauros;
1845 4512 1890 4564 pt

2134 4487 2360 4576 χρυσίου
2396 4508 2488 4561 καὶ
2537 4487 2800 4580 ἀργυρίου
2840 4487 3184 4582 θησαυρούξο
3225 4487 3524 4586 τιμιῶτέρα
3563 4487 3608 4569 δέ

398 4578 589 4632 tiosior
611 4587 694 4632 est
751 4581 932 4648 magni
980 4582 1136 4651 pretii
1179 4585 1438 4651 gemmis;
1478 4584 1630 4637 facile
1656 4589 1891 4652 agnoscit

2115 4617 2182 4652 ττι
2229 4599 2392 4653 λίθων
2445 4578 2772 4655 πολυτελῶν.
2817 4578 3139 4671 Εῠίννωστός
3172 4578 3299 4660 ἐστι
3330 4578 3468 4662 πᾶσι
3510 4611 3608 4667 τοῖς

398 4667 652 4722 omnibus
679 4668 1006 4725 adeuntibus
1032 4687 1192 4735 eam;
1229 4673 1362 4726 nihil
1393 4685 1571 4726 autem
1624 4685 1729 4728 tam
1766 4682 1891 4743 preti

2116 4690 2380 4758 (γίζουσιν
2424 4693 2584 4762 αὐτῇ.
2616 4695 2728 4745 Πᾶν
2774 4693 2831 4747 δὲ
2880 4696 3063 4763 τίμιον
3113 4698 3214 4751 οὐκ
3245 4700 3395 4765 ἄξιον
3434 4701 3609 4767 αὐτῆς.

403 4775 522 4815 sum
562 4769 662 4825 est,
696 4762 838 4830 quod
893 4762 1062 4832 ipsius
1108 4765 1339 4832 pretium
1373 4765 1647 4832 adaequet.
1689 4765 1896 4823 Diuturt

2129 4781 2256 4848 ἧκος
2287 4781 2394 4853 γὰρ
2419 4783 2533 4853 βίου
2569 4785 2662 4837 καὶ
2693 4784 2786 4855 ἔτη
2841 4762 2989 4855 ζωῆς
3034 4788 3093 4841 ὲν
3131 4791 3196 4860 τῇ
3247 4762 3397 4863 δεξιᾷ
3419 4762 3578 4860 αὖτῆξ
3600 4807 3613 4822 ·

398 4861 482 4906 tas
509 4851 653 4905 enim
690 4862 744 4906 ct
768 4853 893 4907 anni
927 4855 1047 4909 vitae
1083 4855 1135 4907 in
1164 4855 1385 4909 dextera
1420 4855 1576 4924 ejus;
1623 4856 1675 4910 in
1707 4857 1833 4913 laeva
1871 4875 1891 4913 a

2118 4891 2126 4920 ν
2156 4873 2212 4925 δὲ
2240 4876 2306 4943 τῇ
2343 4851 2606 4946 ἀριστερᾷ
2649 4851 2817 4946 αὐτῆς
2851 4851 3084 4942 πλοῦτος
3111 4851 3207 4933 κᾴἰ
3234 4851 3385 4948 δόξαί
3409 4881 3502 4936 Ἐκ

400 4951 532 5008 tem,
561 4959 690 5005 opes
714 4953 770 5000 et
797 4945 990 5013 gloria.
1039 4947 1112 4999 Ex
1149 4961 1243 5000 ore
1269 4947 1386 5016 ejus
1423 4947 1633 5018 iustitia
1687 4968 1893 5022 progret

2119 4964 2334 5033 πόματος
2368 4966 2540 5035 αὐτῆς
2583 4968 2944 5038 ἐκπορεύεται
2983 4970 3300 5042 δικαιοσύνη
3328 4991 3342 5005 ·
3382 4975 3538 5041 νόμον
3565 4973 3612 5024 δὲ

400 5035 720 5106 tur;legem
773 5049 826 5092 et
878 5039 1305 5093 miscricordiam
1339 5041 1392 5094 in
1436 5042 1618 5113 lingua
1672 5043 1796 5099 fert.
1859 5045 1893 5099 ν

2121 5056 2156 5107 ti
2195 5055 2342 5110 ἔλεον
2372 5059 2461 5111 ἐπὶ
2489 5035 2737 5131 γλώσσηξ
2770 5065 2946 5131 φορεῖ*
2981 5063 3039 5117 αἱ
3064 5064 3175 5117 ὁδοὶ
3203 5035 3374 5136 αὐτῆς
3403 5035 3507 5120 ὁδοὶ
3527 5081 3614 5118 κα-

399 5127 517 5192 ejus
545 5127 646 5182 via:
676 5138 806 5184 sunt
860 5129 1101 5197 pulchrae
1122 5169 1138 5195 ,
1172 5138 1228 5185 et
1254 5145 1443 5188 omnes
1471 5137 1678 5190 semita:
1711 5137 1884 5206 ipsius

1861 5152 1884 5192 Β
1911 5138 1962 5192 in
2061 5145 2174 5212 λαὶ,
2209 5147 2302 5200 καὶ
2329 5151 2502 5202 πᾶσαι
2542 5151 2598 5202 αί
2630 5127 2805 5221 τρίὸοι
2835 5127 3007 5224 αὐτῆς
3035 5155 3097 5208 ἐν
3134 5127 3354 5227 είρήνῃ.

401 5231 549 5286 pace.

474 5307 632 5363 Prov.
674 5325 763 5366 xv.
791 5309 888 5365 Vir
937 5311 1178 5380 prudens
1233 5314 1470 5371 directus
1502 5315 1820 5387 ingreditur.

2152 5329 2315 5400 Ἀνὴρ
2345 5331 2607 5400 φρόνιμος
2633 5332 2979 5387 κατευθύνων
3006 5336 3317 5406 πορεύεται.

469 5397 632 5453 Prov.
663 5417 737 5456 tv.
765 5401 1000 5470 Acquire
1034 5404 1382 5473 sapientiam,
1410 5417 1464 5462 et
1496 5409 1830 5464 intellectum
1858 5409 1956 5466 tibi

2141 5397 2367 5489 κτῆσαι*
2389 5397 2602 5488 σοφίαν,
2630 5425 2726 5476 καὶ
2751 5423 2950 5494 κτῆσαι
2976 5397 3218 5482 σύνεσιν.
3246 5429 3337 5498 Μὴ
3376 5425 3608 5496 ἐπιλάϐῃ,

396 5504 685 5560 compara;
723 5506 790 5546 ne
821 5492 1162 5552 obliviscaris
1185 5538 1200 5566 ,
1238 5507 1296 5554 ut
1346 5501 1507 5571 capiti
1567 5510 1661 5558 tuo
1697 5518 1889 5560 corona

396 5580 486 5635 det
514 5581 830 5635 aratiarum.

1778 5518 1960 5560 ronam
2069 5511 2158 5567 ἵνα
2186 5513 2259 5586 δῷ
2288 5515 2353 5586 τῇ
2383 5517 2448 5588 σῇ
2476 5516 2688 5588 κεφαλῇ
2718 5492 2983 5586 στέφανον
3009 5519 3271 5592 χαρίτων.

434 5591 486 5636 et
514 5591 830 5651 gratiarum.

470 5784 544 5857 (i)
583 5785 769 5846 Graeca
804 5787 1020 5846 desunt.
