3822 6538
173 424 252 486 797
951 419 1120 480 LOCI
1154 417 1589 482 COMMUNES.
1624 446 1691 458 -
1731 421 1924 482 PARS
1971 422 2016 483 i.
2063 421 2324 483 SERMO
2367 423 2473 484 t'X.

3210 417 3319 484 798

221 537 348 593 Μετὰ
370 534 530 603 σοφῶν
552 531 937 604 συμϐουλεύου,
962 535 1054 585 καὶ
1085 533 1221 604 μετά
1247 535 1486 588 συνετῶν
1513 531 1654 587 ἔστω

1835 533 2000 588 Eccli.
2058 549 2133 588 ιτ.
2195 533 2331 588 Cum
2386 533 2720 602 sapientibus
2777 533 3059 601 consulta,
3093 533 3147 590 et
3199 552 3320 592 cum

169 635 190 685 ὁ
213 625 511 696 διαλογισμός
542 641 654 679 σου.

217 718 356 787 Σοφία
373 715 506 771 εστὶν
529 716 801 784 ἐπιστήμη
820 715 981 768 θείων
1008 715 1102 770 καὶ
1129 716 1487 788 ἀνθρωπίνων
1516 733 1656 787 προι-

164 811 358 880 τμάτων,
389 806 473 860 καὶ
501 805 605 859 τῶν
627 807 831 870 τούτοις
865 807 1073 861 αἰτίων.

217 897 410 953 Διπλοῦν
463 902 576 951 ἐστι
631 899 690 952 τὸ
740 898 839 969 τῆς
883 900 1199 970 φρονήσεως
1236 899 1426 968 ὄνομα.
1463 899 1527 952 Ἥ
1556 898 1656 968 μὲν

163 994 246 1062 γάρ
267 992 337 1054 τίς
375 992 485 1044 ἐστι
520 991 729 1061 φυλακὴ
775 991 870 1044 τοῦ
905 990 1109 1047 οἰκείου
1145 992 1535 1061 συμφέροντος,
1566 989 1656 1043 οἷα

162 1081 280 1152 ἡτοῦ
306 1080 460 1148 ὄφεως
486 1081 583 1149 τὴν
614 1082 856 1151 κεφαλὴν
904 1080 1098 1136 ἑαυτοῦ
1141 1079 1535 1151 συντηροῦντος
1559 1095 1574 1111 ο
1619 1080 1652 1149 ἡ

159 1174 202 1226 δέ
230 1190 298 1235 τις
323 1171 480 1226 ἔοικεν
516 1166 650 1224 εἶναι
696 1175 1089 1243 κακεντρέχεια
1128 1173 1368 1244 τρόπων,
1394 1172 1560 1237 ὀξέως
1590 1171 1654 1223 τὸ

162 1265 262 1317 ἰδιον
311 1263 562 1326 λυσιτελὲς
614 1264 1024 1334 ὲξευρίσκουσα,
1068 1265 1164 1319 καὶ
1229 1262 1654 1334 συναρπάζουσα

156 1355 254 1420 τοὺς
281 1355 670 1425 ἁκεραιοτέρους
694 1370 711 1386 ο
738 1356 901 1408 ὁποία
929 1352 998 1424 ἦν
1019 1357 1052 1422 ἡ
1099 1353 1192 1408 τοῦ
1233 1353 1519 1421 οἰκονόμου
1553 1351 1652 1421 τῆς

155 1449 340 1510 ἀδικίας.
378 1446 433 1499 'H
461 1448 515 1500 δὲ
545 1445 751 1515 ἀληθὴς·
781 1448 1040 1518 φρόνησις
1078 1445 1370 1513 διάγνωσις
1398 1446 1517 1496 ἐστι
1545 1443 1654 1496 τῶν

159 1557 203 1592 τε
243 1537 478 1608 ποιητέων
511 1540 602 1590 καὶ
644 1539 705 1591 ού
748 1531 1117 1610 ποιητέων·ᾖ
1165 1539 1193 1591 ὁ
1241 1533 1654 1588 κατακολουθῶν

155 1630 360 1682 οὐδέποτε
378 1629 447 1699 τῷ
477 1629 680 1698 ὀλέθρῳ
715 1629 809 1697 τῆς
846 1629 1046 1691 κακίας
1095 1626 1561 1697 περιπαρήσεται.
1597 1623 1655 1677 '0

154 1721 293 1774 τοίνυν
325 1722 447 1773 νοῶν
483 1722 670 1791 λόγους
723 1722 1036 1790 φρονήσεως
1083 1715 1193 1772 οἶδε
1239 1719 1388 1780 τίνες
1434 1717 1535 1786 μὲν
1567 1732 1657 1768 σο-

155 1811 480 1881 φεσματὼδεις,
509 1812 647 1875 τίνες
691 1811 748 1864 δὲ
801 1813 849 1864 oi
898 1811 1039 1864 κατὰ
1082 1810 1172 1864 τὸν
1222 1809 1336 1878 βίον
1369 1809 1653 1878 πρακτέοι,

1759 625 2114 694 prudentibus
2143 626 2213 680 sit
2241 625 2571 694 colloquium
2603 633 2778 680 tuum.

1834 717 2044 770 Basilii.
2082 716 2360 786 Sapientia
2407 725 2492 772 est
2541 717 2769 772 scientia
2802 717 2870 772 de
2911 716 3114 774 divinis
3135 728 3189 773 et
3227 717 3327 772 bu-

1761 807 1936 863 manis
1972 807 2154 870 rebus,
2177 822 2476 877 earumque
2507 809 2710 864 causis.

1833 897 2038 968 Duplex
2075 907 2160 955 est
2215 900 2512 969 prudentiae
2559 915 2791 967 nomen;
2847 902 3012 956 altera
3065 903 3208 956 enim
3243 911 3327 956 est

1759 991 1960 1058 proprii
2005 991 2272 1045 commodi
2298 991 2564 1059 custodia,
2599 1002 2650 1044 ut
2679 993 2947 1060 serpentis
2971 1003 3132 1062 caput
3164 1009 3322 1048 suum

1758 1083 2147 1148 custodientis;
2197 1081 2365 1137 altera
2426 1097 2556 1138 vero
2613 1083 2826 1137 videtur
2868 1099 2989 1138 esse
3021 1085 3328 1151 malignitas

1758 1189 1996 1239 morum,
2023 1185 2178 1228 acute
2239 1176 2383 1242 quod
2441 1174 2545 1229 sibi
2577 1173 2705 1230 utile
2748 1182 2829 1229 est
2865 1174 3224 1244 deprcndens.
3274 1185 3330 1229 et

1756 1267 2117 1334 simplicim'es
2155 1281 2340 1320 secum
2392 1265 2684 1335 abripiens,
2716 1267 2894 1337 qualis
2924 1274 3041 1321 erat
3094 1265 3188 1321 illa
3219 1267 3332 1324 dis-

1757 1358 2064 1427 pensatoris
2126 1358 2421 1424 iniustitizr.
2471 1356 2608 1412 Vera
2655 1367 2835 1413 autem
2882 1358 3168 1428 prudentia
3218 1358 3333 1412 dis-

1768 1450 1938 1504 rretio
1977 1458 2062 1504 est
2089 1465 2291 1514 rerum,
2314 1464 2433 1520 quae
2457 1449 2716 1505 faciendae
2739 1459 2868 1504 sunt
2917 1457 2971 1503 et
2993 1464 3100 1503 non
3132 1449 3332 1504 facien-

1757 1540 1858 1606 dae,
1893 1554 2056 1607 quam
2091 1539 2183 1610 qui
2231 1541 2479 1608 sequitur
2534 1555 2809 1610 nunquam
2842 1541 3062 1594 interitu
3110 1540 3331 1594 malitiae

1757 1630 2038 1686 afﬁcietur.
2102 1629 2204 1697 Qui
2250 1631 2416 1700 igitur
2467 1631 2722 1703 intelligit
2765 1632 3068 1701 prudentia:
3091 1631 3328 1684 rationes

1757 1721 1906 1775 nmit
1943 1721 2162 1790 quinam
2227 1725 2337 1776 sint
2387 1722 2571 1789 astuti,
2605 1722 2697 1791 qui
2743 1732 2934 1776 contra
2973 1721 3117 1777 circa
3159 1720 3326 1776 vitam

1757 1813 1940 1878 activi,
1968 1821 2022 1866 ct
2055 1811 2254 1882 optima
2303 1813 2460 1868 nobis
2492 1814 2858 1868 consulentes.
2893 1811 2960 1866 Et
2992 1827 3090 1866 ceu
3121 1812 3323 1879 probus

156 1906 224 1954 ul
246 1903 302 1954 τὰ
328 1901 563 1971 βέλτιστα
590 1903 722 1972 ἡμῖν
753 1895 1164 1969 ὑποτιθέμενοι⁹
1200 1900 1294 1953 καὶ
1321 1899 1396 1962 ὠς
1431 1898 1651 1967 δόκιμος

1798 1903 2176 1970 ummnlarius,
2215 1904 2357 1972 quod
2394 1905 2595 1958 bonum
2637 1913 2720 1959 est
2763 1901 3038 1968 retinebit,
3080 1900 3150 1957 ab
3179 1901 3328 1956 omni

156 1993 446 2062 τραπεζίτης,
474 1994 532 2046 τὸ
571 1994 672 2061 μὲν
713 1992 876 2046 καλὸν
928 1990 1166 2056 καθέξει,
1198 1993 1305 2044 ἀπὸ
1347 1989 1405 2042 δὲ
1454 1989 1654 2052 παντὸς

156 2085 287 2144 εἴδους
312 2084 529 2154 πονηροῦ
558 2084 842 2151 ἀφέξεται.

215 2177 260 2230 Ὀ
282 2177 374 2246 γὰρ
397 2176 453 2228 τὸ
494 2175 588 2228 τοῦ
614 2176 796 2244 ὄφεως
840 2175 1104 2246 φρόνιμον
1131 2176 1258 2246 περὶ
1287 2177 1346 2229 τὺ
1375 2177 1566 2243 κακὸν,
1594 2177 1656 2231 τό

151 2286 193 2322 τε
213 2269 293 2338 τῆς
316 2271 631 2338 περιστερᾶς
655 2269 912 2335 ἀκέραιον
934 2268 1061 2338 περὶ
1082 2269 1144 2321 τὸ
1167 2269 1331 2322 καλὸν
1361 2270 1654 2340 ἀναμίξας,

150 2359 238 2413 οὔτε
263 2360 312 2414 τὸ
342 2361 588 2432 φρόνιμον
619 2360 774 2414 ὲάσει
808 2359 1116 2432 κακοῦργον
1143 2360 1416 2428 γενέσθαι,
1443 2360 1566 2414 οὔτε
1594 2362 1655 2413 τὸ

150 2449 304 2504 ἁπλοῦν
322 2452 549 2522 ἀνόητον.

255 2543 436 2614 Ἐφησὲ
464 2545 546 2608 τίς
579 2563 688 2598 που
714 2545 823 2600 τῶν
856 2545 1204 2616 φιλοχρύσων
1232 2545 1361 2598 τάδε
1380 2559 1396 2576 ο

253 2633 384 2688 Θέλω
419 2637 583 2706 τύχης
637 2637 946 2707 σταλαγμὸν
982 2639 1015 2706 ἢ
1048 2637 1263 2707 φρενῶν
1313 2635 1507 2690 πίθον

250 2719 341 2790 Ἧς
365 2729 432 2797 μὴ
459 2730 742 2800 παρούσης
767 2731 1120 2800 δυστυχοῦσιν
1147 2732 1202 2783 αἱ
1238 2731 1453 2799 φρένες.

252 2817 372 2884 Πρὸς
392 2819 446 2872 ὃν
472 2836 552 2883 τις
581 2821 864 2889 ἀντέφησε
892 2822 1001 2873 τῶν
1028 2821 1371 2890 φιλοφρόνων
1396 2838 1410 2853 ·

261 2909 418 2974 Ῥανὶς
443 2912 658 2982 φρενῶν
689 2928 782 2980 μοι
811 2911 1014 2982 μᾶλλον
1056 2912 1090 2983 ἢ
1127 2911 1291 2984 βυθὸς
1320 2913 1511 2984 τύχης.

197 3090 416 3163 Φρόνησις
442 3092 547 3148 τῶν
575 3092 759 3147 ἄλλων
789 3092 998 3164 ἀρετῶν
1025 3092 1192 3164 ἀρχή.

198 3267 338 3333 Μόνος
366 3271 392 3323 ό
421 3273 576 3342 σοφὸς
611 3271 895 3343 ἐλεύθερός
923 3289 982 3326 τε
1023 3273 1118 3326 καὶ
1147 3272 1355 3343 ἄρχων,
1393 3271 1498 3324 κᾶν
1549 3287 1652 3340 μυ-

152 3359 261 3424 ρῖους
287 3362 367 3415 τοῦ
400 3364 650 3432 σώματος
677 3364 775 3436 ἔχῃ
807 3364 1100 3426 δεσπότας.

202 3454 422 3525 Φρόνησις
455 3456 710 3526 εὐτυχίαν
760 3454 836 3519 ὡς
879 3455 946 3510 τὰ
980 3455 1150 3508 πολλὰ
1180 3453 1489 3525 χαρίζεται»
1519 3454 1657 3523 τύχη

148 3545 188 3597 δὲ
211 3547 432 3616 φρόνησιν
463 3550 522 3601 ού
565 3551 738 3602 ποιεῖ.

200 3635 381 3690 Πάντων
407 3639 502 3707 μὲν
533 3639 798 3707 ἐπιμελοῦ
837 3639 944 3694 τῶν
975 3638 1104 3708 περὶ
1131 3637 1221 3690 τὸν
1255 3637 1388 3706 βὶον,
1421 3635 1656 3706 μάλιστα

147 3725 188 3778 δὲ
224 3730 305 3798 τὴν
353 3731 510 3784 αὐτοῦ
565 3733 837 3802 φρόνησιν
892 3733 1069 3786 ἄσκει.
1107 3731 1382 3798 Μέγιστον
1435 3729 1546 3798 γὰρ
1598 3729 1657 3780 έν

147 3816 354 3892 ἐλαχίστῳ
384 3822 495 3884 νοῦς
524 3822 733 3891 ἀγαθὸς
765 3825 820 3874 ἐν
853 3821 1174 3892 ἀνθρωπίνῳ
1207 3821 1442 3890 σώματι.

197 3993 408 4067 Τοσούτῳ
451 4000 788 4073 διαφέρεινό
825 4001 1002 4054 Σόλων
1053 4002 1157 4070 τὴν
1199 4001 1461 4072 φρόνησιν
1507 4003 1659 4070 ἔλεγε

145 4081 224 4136 τῶν
245 4086 450 4157 ἀρετῶν,
479 4091 588 4162 ὅσῳ
620 4093 812 4163 ὅρασιν
841 4093 948 4146 τῶν
981 4092 1157 4148 ἄλλων
1189 4092 1518 4161 αἰσθήσεων.

193 4270 303 4326 Οὔτε
326 4274 482 4328 ἵππον
502 4275 678 4346 χωρὶς
702 4275 944 4345 χαλινοῦ,
963 4271 1088 4328 οὔτε
1121 4273 1348 4328 πλοῦτον
1372 4273 1494 4346 δίχα
1525 4293 1659 4347 φρο-

144 4359 307 4428 νήσεως
330 4365 541 4418 δυνατὸν
577 4363 922 4435 κρατεῖσθαι.

195 4450 354 4506 Τόπων
381 4456 675 4524 μεταϐολαὶ
709 4454 830 4508 οὔτε
857 4457 1118 4526 φρόνησιν
1145 4457 1510 4526 διδάσκουσιν,
1535 4457 1658 4512 οὔτε

143 4539 399 4617 ἀφροσύνην
424 4548 780 4620 ἀφαιροῦσιν.

252 4635 316 4689 Οὐ
347 4640 449 4709 γὰρ
493 4643 542 4694 οἱ
570 4642 820 4708 πλατεῖς,

259 4730 368 4783 Οὐδ’
410 4735 709 4803 εσζιρύνωτοι
741 4735 917 4804 φῶτες
963 4734 1381 4804 ἀσφαλέστατοι.

259 4817 387 4873 Ἀλλ’
411 4824 458 4876 οἱ
483 4825 809 4894 φρονοῦντες
828 4824 887 4880 εὖ
923 4826 1180 4896 κρατοῦσι
1220 4825 1518 4896 πανταχοῦ.

248 4909 417 4978 Μέγας
445 4915 499 4969 δὲ
532 4917 742 4986 πλευρὰ
771 4917 894 4985 βοῦς
923 4918 1024 4970 ὑπὸ
1052 4919 1288 4987 σμικρᾶς
1317 4919 1464 4986 ὅμως

249 4999 506 5074 Μάστιγος
537 5008 698 5080 ὀρθὸς
733 5012 811 5073 εἰς
842 5010 958 5064 ὁδὸν
991 5011 1302 5080 πορεύεται.

198 5175 319 5231 Ἴσον
359 5185 531 5239 ἐκεῖνο
562 5189 692 5258 παρ’
735 5189 858 5258 ἐμοὶ
901 5190 1172 5259 κέκριται,
1201 5189 1456 5258 φρονέειν
1484 5204 1542 5241 τε
1576 5183 1660 5253 εὖ,

142 5269 213 5316 καὶ
237 5271 306 5340 τῷ
329 5273 532 5345 λέγοντι
561 5281 775 5350 χρηστά
816 5281 1126 5334 πείθεσθαι.

687 5415 908 5473 ΛΟΓΟΣ
972 5415 1051 5470 Θ⁹.

146 5541 253 5605 Περὶ
300 5546 665 5617 ἀφροσύνης,
725 5553 1010 5621 ἄφρονος,
1071 5553 1167 5606 καὶ
1223 5549 1510 5620 ἀνοήτου,
1558 5550 1657 5604 καὶ

487 5622 871 5686 ἀπαιδεύτου,
899 5625 995 5677 καὶ
1027 5622 1251 5692 μωροῦ.

203 5729 295 5790 “5;
323 5736 350 5784 ὁ
380 5735 591 5787 ἀκούων
626 5754 724 5806 μου
785 5737 911 5797 τοὶς
943 5735 1158 5803 λόγους,
1212 5735 1309 5788 καὶ
1373 5735 1449 5806 μὴ
1485 5733 1653 5788 ποιῶν

143 5819 322 5888 ποὺς,
344 5827 727 5897 ὁμοιωθήσεται
761 5827 912 5898 ἀνδρὶ
953 5827 1138 5896 μωρῷι
1224 5897 1237 5908 ,

1754 2004 1936 2048 autem
1966 1994 2102 2049 mala
2141 1996 2320 2065 specie
2352 1996 2669 2051 abstinebit.

1829 2173 2092 2245 Tlieologi.
2149 2174 2282 2229 Nam
2336 2176 2430 2243 qui
2470 2174 2736 2244 serpentis
2770 2173 3119 2245 prudentiam
3183 2171 3331 2228 circa

1755 2268 1955 2323 malum
2007 2268 2330 2322 columbinae
2369 2267 2700 2336 simplicitati
2748 2266 2891 2320 circa
2933 2267 3133 2318 bonum
3182 2277 3334 2314 com-

1755 2359 2062 2424 miscuerit,
2120 2359 2166 2412 is
2214 2373 2390 2427 neque
2451 2374 2515 2411 ex
2593 2358 2879 2427 prudentia
2911 2354 3328 2426 malignitatem,
3399 2389 3412 2394 ι

1756 2463 1930 2518 neque
1958 2463 2019 2502 ex
2056 2449 2398 2517 simplicitate
2427 2448 2708 2503 stultitiam
2737 2448 2852 2503 ﬁeri
2881 2448 3183 2516 permittet.

1824 2537 2050 2602 Quidam
2085 2554 2280 2592 avarus
2311 2537 2428 2593 haec
2459 2539 2616 2592 verba
2643 2538 2903 2608 protulit:

1823 2629 1960 2684 Malo
1978 2629 2206 2683 fortuna-
2221 2640 2448 2701 guttam,
2471 2644 2633 2700 quam
2653 2630 2851 2685 dolium
2873 2636 3053 2687 mente
3070 2631 3286 2701 plenum
3308 2643 3328 2700 ς

1825 2720 1959 2775 Nam
2007 2721 2093 2774 illa
2130 2721 2352 2775 absente
2387 2720 2717 2776 infortunata
2743 2736 2894 2777 mens
2917 2731 3020 2778 est.

1823 2810 1921 2867 Cui
1961 2812 2178 2881 quidam
2207 2827 2270 2864 ex
2305 2811 2603 2880 prudentia:
2642 2813 2900 2868 studiosis
2937 2813 3213 2882 respondit
3249 2831 3264 2867 :

1824 2904 1979 2961 Stilla
2010 2905 2140 2958 mihi
2179 2905 2372 2959 mentis
2402 2904 2580 2974 potius
2607 2905 2868 2978 obtingat,
2911 2923 3072 2978 quam
3101 2907 3332 2962 fortuna!

3065 2999 3171 3071 [ma
3181 3015 3258 3054 re.

1835 3088 2088 3146 Philonis.
2121 3092 2414 3149 Prudentia
2444 3093 2702 3147 virtutum
2734 3092 2966 3146 aliarum
2993 3091 3322 3161 principium

1688 3216 1732 3274 c
1763 3189 1868 3274 ei“:

1835 3269 1996 3326 Solus
2025 3270 2243 3340 sapiens
2269 3269 2405 3324 liber
2425 3279 2510 3325 est
2545 3285 2608 3324 ac
2641 3272 2913 3340 princeps,
2947 3271 3048 3326 etsi
3077 3271 3328 3326 innume—

1773 3377 1866 3420 ros
1896 3364 2140 3433 corporis
2169 3362 2419 3417 dominos
2445 3362 2711 3416 habuerit.

1832 3452 2124 3508 Plutarchi.
2153 3450 2444 3505 Prudentia
2469 3461 2525 3505 ut
2550 3451 2840 3520 plurimum
2870 3451 3065 3506 bonam
3093 3453 3197 3523 18
3219 3453 3333 3506 for-

1762 3556 1948 3601 tunam
1981 3545 2188 3599 donat:
2220 3544 2438 3598 fortuna
2499 3559 2627 3598 vero
2662 3545 3005 3612 prudentiam
3042 3561 3147 3598 non
3180 3545 3324 3600 facit.

1831 3637 2022 3693 Omnia
2056 3635 2270 3704 quidem
2311 3636 2434 3690 vita
2463 3636 2678 3704 negotia
2731 3637 2974 3700 curabis,
3040 3636 3095 3688 in
3141 3636 3330 3704 primis

1761 3738 1939 3782 autem
1969 3726 2308 3796 prudentiam
2342 3725 2462 3793 ejus
2511 3726 2821 3781 exercebis.
2860 3727 3070 3796 Quippe
3098 3727 3331 3781 maxima

1762 3835 1850 3876 res
1913 3819 2124 3874 inclusa
2185 3819 2423 3873 minima;
2479 3819 2621 3874 bona
2675 3833 2827 3876 mens
2866 3828 2952 3875 est
2984 3817 3041 3873 in
3092 3819 3334 3876 humano

1761 3927 2008 3982 corpore.

1833 4006 2015 4063 Solon.
2049 4005 2398 4062 Prudentiam
2443 4005 2607 4060 Solon
2653 4005 2830 4061 aiebat
2864 4015 3073 4061 tantum
3121 4008 3332 4063 cmteris

1762 4099 2050 4152 virtutibus
2071 4107 2360 4164 antestare,
2393 4110 2652 4167 quantum
2681 4099 2828 4154 visus
2860 4101 3102 4170 reliquos
3136 4115 3332 4156 sensus

1760 4189 1995 4245 excellit.

1831 4277 2168 4351 Pythagorw.
2213 4278 2401 4352 Neque
2425 4281 2544 4336 sine
2574 4280 2726 4335 freno
2751 4296 2952 4352 equus,
2993 4296 3170 4352 neque
3197 4281 3335 4336 divi-

1763 4371 1849 4426 tia?
1877 4373 1995 4425 sine
2019 4373 2302 4442 prudentia
2330 4373 2619 4444 gubernari
2661 4385 2913 4440 possunt.

1833 4464 2060 4520 Biantis.
2118 4463 2386 4521 Locorum
2412 4467 2737 4520 mutationes
2766 4480 2944 4535 neque
2988 4465 3330 4536 prudentiam

1684 4562 1731 4620 ι)
1757 4557 1974 4626 docent,
2001 4572 2099 4612 nec
2128 4556 2544 4626 imprudentiam
2573 4556 2835 4613 adimunt.

1840 4645 1960 4703 Non
1993 4647 2138 4703 enim
2156 4647 2405 4717 quadrati
2429 4655 2524 4704 aut
2543 4646 2736 4717 amplis
2763 4647 3022 4703 lateribus
3043 4646 3142 4701 viri
3171 4647 3336 4700 tutis-

2927 4739 3074 4812 [simi
3118 4745 3245 4794 sunt

1843 4827 1945 4885 Sed
1981 4831 2071 4900 qui
2119 4843 2266 4885 recte
2297 4833 2535 4900 sapiunt,
2581 4832 2782 4901 ubique
2814 4831 3058 4886 vincunt.

1841 4920 1906 4974 Et
1942 4923 2040 4977 bos
2080 4923 2166 4976 cui
2221 4937 2416 4992 magna
2447 4931 2575 4977 sunt
2618 4923 2816 4988 latera,
2845 4924 2929 4978 vel
2979 4936 3144 4993 parvo
3199 4922 3337 4978 ictus

1842 5011 2099 5083 Flagello,
2128 5024 2308 5071 rectus
2334 5030 2429 5084 per
2466 5016 2605 5069 viam
2631 5014 2951 5085 ingreditur.

2644 5106 2928 5175 (Sophocl.
2959 5108 3012 5159 in
3043 5107 3230 5178 Ajax.)

1775 5187 1777 5190 ⁴
1846 5194 2116 5249 Herodoti.
2143 5193 2394 5264 [Equalia
2423 5195 2554 5250 mibi
2586 5197 2839 5252 videntur
2863 5205 2918 5252 et
2942 5207 3089 5252 recte
3127 5211 3336 5267 sapere,

1769 5296 1821 5341 et
1845 5289 2012 5356 probe
2033 5285 2231 5341 dicenti
2259 5301 2470 5355 parcre.

2177 5419 2412 5476 saeuo
2443 5419 2511 5475 1x
2535 5420 2634 5495 [al.
2671 5420 2932 5495 xxvnu.

1914 5555 1988 5611 De
2017 5557 2368 5626 imprudente,
2393 5561 2610 5627 stolido,
2645 5561 2888 5630 imperito
2918 5569 2965 5614 et
2995 5559 3181 5614 stulto.

1841 5731 2029 5786 Matth.
2059 5749 2155 5788 vn.
2196 5733 2386 5790 Omnis
2433 5737 2658 5791 audiens
2689 5736 2848 5790 verba
2886 5749 3003 5791 mea
3033 5746 3087 5791 et
3120 5750 3228 5791 non
3263 5733 3338 5790 fa-

1767 5825 1940 5892 ciens,
1975 5826 2182 5884 similis
2211 5830 2317 5885 erit
2345 5831 2461 5886 viro
2497 5830 2689 5896 stulto,
2719 5841 2825 5885 etc.
