  <div class='ocr_page' id='page_1' title='image "/cluster/home/n/w/nwhite01/storage/ocr_20150623/136/hvd.32044019208305/409.png"; bbox 0 0 3822 6582; ppageno 0'>
   <div class='ocr_carea' id='block_1_1' title="bbox 514 381 623 444">
    <p class='ocr_par' dir='ltr' id='par_1_1' title="bbox 514 381 623 444">
     <span class='ocr_line' id='line_1_1' title="bbox 514 381 623 444; baseline -0.018 0"><span class='ocrx_word' id='word_1_1' title='bbox 514 381 623 444; x_wconf 62' lang='lat'><strong>803</strong></span> 
     </span>
    </p>
   </div>
   <div class='ocr_carea' id='block_1_2' title="bbox 580 474 2154 541">
    <p class='ocr_par' dir='ltr' id='par_1_2' title="bbox 580 474 2154 541">
     <span class='ocr_line' id='line_1_2' title="bbox 580 474 2154 541; baseline -0.007 0"><span class='ocrx_word' id='word_1_2' title='bbox 580 483 858 541; x_wconf 80' lang='lat' dir='ltr'><strong>Mcditatio</strong></span> <span class='ocrx_word' id='word_1_3' title='bbox 893 495 1016 538; x_wconf 90' lang='lat' dir='ltr'><strong>sera</strong></span> <span class='ocrx_word' id='word_1_4' title='bbox 1036 477 1246 536; x_wconf 87' lang='lat' dir='ltr'><strong>lucr&#39;um</strong></span> <span class='ocrx_word' id='word_1_5' title='bbox 1268 491 1379 535; x_wconf 91' lang='lat' dir='ltr'><strong>non</strong></span> <span class='ocrx_word' id='word_1_6' title='bbox 1427 476 1609 541; x_wconf 99' lang='lat' dir='ltr'><strong>habet,</strong></span> <span class='ocrx_word' id='word_1_7' title='bbox 1658 475 1789 529; x_wconf 90' lang='lat' dir='ltr'><strong>etin</strong></span> <span class='ocrx_word' id='word_1_8' title='bbox 1821 475 1977 530; x_wconf 80' lang='lat' dir='ltr'><strong>exitu</strong></span> <span class='ocrx_word' id='word_1_9' title='bbox 2001 474 2077 530; x_wconf 85' lang='lat' dir='ltr'><strong>rei</strong></span> <span class='ocrx_word' id='word_1_10' title='bbox 2109 474 2154 530; x_wconf 80' lang='grc' dir='ltr'><strong>Δ</strong></span> 
     </span>
    </p>
   </div>
   <div class='ocr_carea' id='block_1_3' title="bbox 514 573 1174 647">
    <p class='ocr_par' dir='ltr' id='par_1_3' title="bbox 514 573 1174 647">
     <span class='ocr_line' id='line_1_3' title="bbox 514 573 1174 647; baseline -0.006 -13"><span class='ocrx_word' id='word_1_11' title='bbox 514 579 724 636; x_wconf 90' lang='lat' dir='ltr'><strong>inutilis</strong></span> <span class='ocrx_word' id='word_1_12' title='bbox 763 584 849 633; x_wconf 90' lang='lat' dir='ltr'><strong>est</strong></span> <span class='ocrx_word' id='word_1_13' title='bbox 871 573 1174 647; x_wconf 73' lang='lat' dir='ltr'><strong>poenitudo.</strong></span> 
     </span>
    </p>
   </div>
   <div class='ocr_carea' id='block_1_4' title="bbox 899 681 1701 756">
    <p class='ocr_par' dir='ltr' id='par_1_4' title="bbox 899 681 1701 756">
     <span class='ocr_line' id='line_1_4' title="bbox 899 681 1701 756; baseline -0.007 -12"><span class='ocrx_word' id='word_1_14' title='bbox 899 686 1129 744; x_wconf 82' lang='lat' dir='ltr'><strong>SERMO</strong></span> <span class='ocrx_word' id='word_1_15' title='bbox 1165 684 1256 740; x_wconf 87' lang='lat' dir='ltr'><strong>xn</strong></span> <span class='ocrx_word' id='word_1_16' title='bbox 1304 683 1403 756; x_wconf 84' lang='grc' dir='ltr'>[αι.</span> <span class='ocrx_word' id='word_1_17' title='bbox 1430 681 1701 754; x_wconf 73' lang='lat' dir='ltr'><strong>XXXIX].</strong></span> 
     </span>
    </p>
   </div>
   <div class='ocr_carea' id='block_1_5' title="bbox 935 797 1676 868">
    <p class='ocr_par' dir='ltr' id='par_1_5' title="bbox 935 797 1676 868">
     <span class='ocr_line' id='line_1_5' title="bbox 935 797 1676 868; baseline -0.007 -13"><span class='ocrx_word' id='word_1_18' title='bbox 935 801 1010 855; x_wconf 83' lang='lat' dir='ltr'><strong>De</strong></span> <span class='ocrx_word' id='word_1_19' title='bbox 1037 798 1348 868; x_wconf 76' lang='lat' dir='ltr'><strong>fortitudine</strong></span> <span class='ocrx_word' id='word_1_20' title='bbox 1390 809 1434 850; x_wconf 85' lang='lat' dir='ltr'><strong>et</strong></span> <span class='ocrx_word' id='word_1_21' title='bbox 1467 797 1676 850; x_wconf 84' lang='lat' dir='ltr'><strong>robore.</strong></span> 
     </span>
    </p>
   </div>
   <div class='ocr_carea' id='block_1_6' title="bbox 585 887 2086 964">
    <p class='ocr_par' dir='ltr' id='par_1_6' title="bbox 585 887 2086 964">
     <span class='ocr_line' id='line_1_6' title="bbox 585 887 2086 964; baseline -0.006 -14"><span class='ocrx_word' id='word_1_22' title='bbox 585 895 775 964; x_wconf 72' lang='lat' dir='ltr'><strong>Epiros.</strong></span> <span class='ocrx_word' id='word_1_23' title='bbox 814 909 924 950; x_wconf 73' lang='lat' dir='ltr'><strong>xvn.</strong></span> <span class='ocrx_word' id='word_1_24' title='bbox 967 892 1177 946; x_wconf 88' lang='lat' dir='ltr'><strong>lnduite</strong></span> <span class='ocrx_word' id='word_1_25' title='bbox 1216 898 1382 944; x_wconf 88' lang='lat' dir='ltr'><strong>totam</strong></span> <span class='ocrx_word' id='word_1_26' title='bbox 1417 899 1749 942; x_wconf 73' lang='lat' dir='ltr'><strong>armaturam</strong></span> <span class='ocrx_word' id='word_1_27' title='bbox 1785 887 1898 950; x_wconf 89' lang='lat' dir='ltr'><strong>Dei,</strong></span> <span class='ocrx_word' id='word_1_28' title='bbox 1939 897 1996 941; x_wconf 89' lang='lat' dir='ltr'><strong>et</strong></span> <span class='ocrx_word' id='word_1_29' title='bbox 2026 894 2086 941; x_wconf 85' lang='lat' dir='ltr'><strong>ut</strong></span> 
     </span>
    </p>
   </div>
   <div class='ocr_carea' id='block_1_7' title="bbox 511 980 2082 1054">
    <p class='ocr_par' dir='ltr' id='par_1_7' title="bbox 511 980 2082 1054">
     <span class='ocr_line' id='line_1_7' title="bbox 511 980 2082 1054; baseline -0.004 -14"><span class='ocrx_word' id='word_1_30' title='bbox 511 986 735 1054; x_wconf 76' lang='lat' dir='ltr'><strong>possitis</strong></span> <span class='ocrx_word' id='word_1_31' title='bbox 764 994 909 1039; x_wconf 88' lang='lat' dir='ltr'><strong>stare</strong></span> <span class='ocrx_word' id='word_1_32' title='bbox 959 986 1220 1037; x_wconf 83' lang='lat' dir='ltr'><strong>adversus</strong></span> <span class='ocrx_word' id='word_1_33' title='bbox 1252 982 1495 1036; x_wconf 82' lang='lat' dir='ltr'><strong>assultus</strong></span> <span class='ocrx_word' id='word_1_34' title='bbox 1533 980 1752 1034; x_wconf 87' lang='lat' dir='ltr'><strong>diaboli.</strong></span> <span class='ocrx_word' id='word_1_35' title='bbox 1811 980 2082 1043; x_wconf 81' lang='lat' dir='ltr'><strong>Quoniam</strong></span> 
     </span>
    </p>
   </div>
   <div class='ocr_carea' id='block_1_8' title="bbox 512 1075 2080 1142">
    <p class='ocr_par' dir='ltr' id='par_1_8' title="bbox 512 1075 2080 1142">
     <span class='ocr_line' id='line_1_8' title="bbox 512 1075 2080 1142; baseline -0.005 -10"><span class='ocrx_word' id='word_1_36' title='bbox 512 1093 621 1132; x_wconf 89' lang='lat' dir='ltr'><strong>non</strong></span> <span class='ocrx_word' id='word_1_37' title='bbox 647 1085 730 1132; x_wconf 88' lang='lat' dir='ltr'><strong>est</strong></span> <span class='ocrx_word' id='word_1_38' title='bbox 746 1076 904 1130; x_wconf 90' lang='lat' dir='ltr'><strong>nobis</strong></span> <span class='ocrx_word' id='word_1_39' title='bbox 930 1076 1072 1128; x_wconf 89' lang='lat' dir='ltr'><strong>lucta</strong></span> <span class='ocrx_word' id='word_1_40' title='bbox 1117 1075 1379 1128; x_wconf 85' lang='lat' dir='ltr'><strong>adversus</strong></span> <span class='ocrx_word' id='word_1_41' title='bbox 1408 1077 1722 1142; x_wconf 78' lang='lat' dir='ltr'><strong>sanguinem</strong></span> <span class='ocrx_word' id='word_1_42' title='bbox 1752 1081 1804 1125; x_wconf 88' lang='lat' dir='ltr'><strong>et</strong></span> <span class='ocrx_word' id='word_1_43' title='bbox 1836 1086 2080 1136; x_wconf 87' lang='lat' dir='ltr'><strong>carnem,</strong></span> 
     </span>
    </p>
   </div>
   <div class='ocr_carea' id='block_1_9' title="bbox 511 1163 2084 1236">
    <p class='ocr_par' dir='ltr' id='par_1_9' title="bbox 511 1163 2084 1236">
     <span class='ocr_line' id='line_1_9' title="bbox 511 1163 2084 1236; baseline -0.005 -12"><span class='ocrx_word' id='word_1_44' title='bbox 511 1168 613 1224; x_wconf 88' lang='lat' dir='ltr'><strong>sed</strong></span> <span class='ocrx_word' id='word_1_45' title='bbox 638 1169 898 1222; x_wconf 88' lang='lat' dir='ltr'><strong>adversus</strong></span> <span class='ocrx_word' id='word_1_46' title='bbox 924 1166 1282 1236; x_wconf 82' lang='lat' dir='ltr'><strong>principatus,</strong></span> <span class='ocrx_word' id='word_1_47' title='bbox 1322 1164 1585 1218; x_wconf 74' lang='lat' dir='ltr'><strong>adversus</strong></span> <span class='ocrx_word' id='word_1_48' title='bbox 1642 1170 1957 1233; x_wconf 85' lang='lat' dir='ltr'><strong>potestates,</strong></span> <span class='ocrx_word' id='word_1_49' title='bbox 1989 1163 2084 1216; x_wconf 80' lang='lat' dir='ltr'><strong>ad-</strong></span> 
     </span>
    </p>
   </div>
   <div class='ocr_carea' id='block_1_10' title="bbox 509 1253 2081 1323">
    <p class='ocr_par' dir='ltr' id='par_1_10' title="bbox 509 1253 2081 1323">
     <span class='ocr_line' id='line_1_10' title="bbox 509 1253 2081 1323; baseline -0.003 -11"><span class='ocrx_word' id='word_1_50' title='bbox 509 1273 700 1312; x_wconf 84' lang='lat' dir='ltr'><strong>versus</strong></span> <span class='ocrx_word' id='word_1_51' title='bbox 731 1257 914 1312; x_wconf 89' lang='lat' dir='ltr'><strong>mundi</strong></span> <span class='ocrx_word' id='word_1_52' title='bbox 943 1257 1192 1312; x_wconf 84' lang='lat' dir='ltr'><strong>dominos</strong></span> <span class='ocrx_word' id='word_1_53' title='bbox 1215 1265 1456 1311; x_wconf 89' lang='lat' dir='ltr'><strong>rectores</strong></span> <span class='ocrx_word' id='word_1_54' title='bbox 1474 1253 1815 1309; x_wconf 85' lang='lat' dir='ltr'><strong>tenebrarum</strong></span> <span class='ocrx_word' id='word_1_55' title='bbox 1845 1255 1947 1323; x_wconf 72' lang='lat'><strong>21</strong></span> <span class='ocrx_word' id='word_1_56' title='bbox 1975 1269 2081 1308; x_wconf 73' lang='lat' dir='ltr'><strong>saa-</strong></span> 
     </span>
    </p>
   </div>
   <div class='ocr_carea' id='block_1_11' title="bbox 508 1345 2078 1416">
    <p class='ocr_par' dir='ltr' id='par_1_11' title="bbox 508 1345 2078 1416">
     <span class='ocr_line' id='line_1_11' title="bbox 508 1345 2078 1416; baseline -0.004 -14"><span class='ocrx_word' id='word_1_57' title='bbox 508 1349 616 1402; x_wconf 91' lang='lat' dir='ltr'><strong>culi</strong></span> <span class='ocrx_word' id='word_1_58' title='bbox 650 1349 831 1416; x_wconf 79' lang='lat' dir='ltr'><strong>hujus,</strong></span> <span class='ocrx_word' id='word_1_59' title='bbox 858 1347 1121 1401; x_wconf 88' lang='lat' dir='ltr'><strong>adversus</strong></span> <span class='ocrx_word' id='word_1_60' title='bbox 1155 1345 1465 1416; x_wconf 86' lang='lat' dir='ltr'><strong>spirituales</strong></span> <span class='ocrx_word' id='word_1_61' title='bbox 1490 1346 1722 1399; x_wconf 78' lang='lat' dir='ltr'><strong>astutias</strong></span> <span class='ocrx_word' id='word_1_62' title='bbox 1748 1346 1802 1398; x_wconf 90' lang='lat' dir='ltr'><strong>in</strong></span> <span class='ocrx_word' id='word_1_63' title='bbox 1835 1345 2078 1400; x_wconf 55' lang='lat' dir='ltr'><strong>caelesti-</strong></span> 
     </span>
    </p>
   </div>
   <div class='ocr_carea' id='block_1_12' title="bbox 507 1437 2076 1507">
    <p class='ocr_par' dir='ltr' id='par_1_12' title="bbox 507 1437 2076 1507">
     <span class='ocr_line' id='line_1_12' title="bbox 507 1437 2076 1507; baseline -0.002 -15"><span class='ocrx_word' id='word_1_64' title='bbox 507 1437 631 1492; x_wconf 84' lang='lat' dir='ltr'><strong>bus.</strong></span> <span class='ocrx_word' id='word_1_65' title='bbox 654 1438 998 1507; x_wconf 87' lang='lat' dir='ltr'><strong>Quapropter</strong></span> <span class='ocrx_word' id='word_1_66' title='bbox 1055 1439 1322 1492; x_wconf 87' lang='lat' dir='ltr'><strong>assumite</strong></span> <span class='ocrx_word' id='word_1_67' title='bbox 1377 1437 1686 1492; x_wconf 78' lang='lat' dir='ltr'><strong>universam</strong></span> <span class='ocrx_word' id='word_1_68' title='bbox 1743 1447 2076 1491; x_wconf 87' lang='lat' dir='ltr'><strong>armaturam</strong></span> 
     </span>
    </p>
   </div>
   <div class='ocr_carea' id='block_1_13' title="bbox 508 1527 2077 1598">
    <p class='ocr_par' dir='ltr' id='par_1_13' title="bbox 508 1527 2077 1598">
     <span class='ocr_line' id='line_1_13' title="bbox 508 1527 2077 1598; baseline 0.001 -17"><span class='ocrx_word' id='word_1_69' title='bbox 508 1528 627 1590; x_wconf 88' lang='lat' dir='ltr'><strong>Dei,</strong></span> <span class='ocrx_word' id='word_1_70' title='bbox 654 1538 716 1582; x_wconf 92' lang='lat' dir='ltr'><strong>ut</strong></span> <span class='ocrx_word' id='word_1_71' title='bbox 757 1529 978 1598; x_wconf 86' lang='lat' dir='ltr'><strong>possitis</strong></span> <span class='ocrx_word' id='word_1_72' title='bbox 1026 1529 1284 1583; x_wconf 85' lang='lat' dir='ltr'><strong>resistere</strong></span> <span class='ocrx_word' id='word_1_73' title='bbox 1313 1527 1367 1582; x_wconf 93' lang='lat' dir='ltr'><strong>in</strong></span> <span class='ocrx_word' id='word_1_74' title='bbox 1399 1530 1486 1581; x_wconf 87' lang='lat' dir='ltr'><strong>die</strong></span> <span class='ocrx_word' id='word_1_75' title='bbox 1513 1529 1678 1592; x_wconf 90' lang='lat' dir='ltr'><strong>mala,</strong></span> <span class='ocrx_word' id='word_1_76' title='bbox 1712 1537 1766 1581; x_wconf 85' lang='lat' dir='ltr'><strong>et</strong></span> <span class='ocrx_word' id='word_1_77' title='bbox 1821 1527 2077 1582; x_wconf 85' lang='lat' dir='ltr'><strong>omnibus</strong></span> 
     </span>
    </p>
   </div>
   <div class='ocr_carea' id='block_1_14' title="bbox 503 1619 2075 1690">
    <p class='ocr_par' dir='ltr' id='par_1_14' title="bbox 503 1619 2075 1690">
     <span class='ocr_line' id='line_1_14' title="bbox 503 1619 2075 1690; baseline 0.001 -16"><span class='ocrx_word' id='word_1_78' title='bbox 503 1620 738 1688; x_wconf 83' lang='lat' dir='ltr'><strong>peractis</strong></span> <span class='ocrx_word' id='word_1_79' title='bbox 767 1628 931 1676; x_wconf 87' lang='lat' dir='ltr'><strong>stare.</strong></span> <span class='ocrx_word' id='word_1_80' title='bbox 959 1620 1112 1676; x_wconf 85' lang='lat' dir='ltr'><strong>State</strong></span> <span class='ocrx_word' id='word_1_81' title='bbox 1142 1622 1327 1690; x_wconf 72' lang='lat' dir='ltr'><strong>igitur,</strong></span> <span class='ocrx_word' id='word_1_82' title='bbox 1392 1619 1596 1675; x_wconf 88' lang='lat' dir='ltr'><strong>lumbis</strong></span> <span class='ocrx_word' id='word_1_83' title='bbox 1657 1620 2075 1675; x_wconf 89' lang='lat' dir='ltr'><strong>circumcinctis</strong></span> 
     </span>
    </p>
   </div>
   <div class='ocr_carea' id='block_1_15' title="bbox 508 1716 2071 1787">
    <p class='ocr_par' dir='ltr' id='par_1_15' title="bbox 508 1716 2071 1787">
     <span class='ocr_line' id='line_1_15' title="bbox 508 1716 2071 1787; baseline 0 -17"><span class='ocrx_word' id='word_1_84' title='bbox 508 1716 686 1771; x_wconf 86' lang='lat' dir='ltr'><strong>balteo</strong></span> <span class='ocrx_word' id='word_1_85' title='bbox 712 1731 808 1787; x_wconf 89' lang='lat' dir='ltr'><strong>per</strong></span> <span class='ocrx_word' id='word_1_86' title='bbox 830 1718 1135 1783; x_wconf 81' lang='lat' dir='ltr'><strong>veritatem,</strong></span> <span class='ocrx_word' id='word_1_87' title='bbox 1165 1725 1221 1772; x_wconf 85' lang='lat' dir='ltr'><strong>et</strong></span> <span class='ocrx_word' id='word_1_88' title='bbox 1265 1716 1442 1770; x_wconf 89' lang='lat' dir='ltr'><strong>induti</strong></span> <span class='ocrx_word' id='word_1_89' title='bbox 1495 1718 1770 1772; x_wconf 85' lang='lat' dir='ltr'><strong>thoracem</strong></span> <span class='ocrx_word' id='word_1_90' title='bbox 1820 1717 2071 1786; x_wconf 68' lang='lat' dir='ltr'><strong>justitim,</strong></span> 
     </span>
    </p>
   </div>
   <div class='ocr_carea' id='block_1_16' title="bbox 1771 371 3714 440">
    <p class='ocr_par' dir='ltr' id='par_1_16' title="bbox 1771 371 3714 440">
     <span class='ocr_line' id='line_1_16' title="bbox 1771 371 3714 440; baseline 0 -10"><span class='ocrx_word' id='word_1_91' title='bbox 1771 372 2091 430; x_wconf 74' lang='lat' dir='ltr'><strong>ANTONII</strong></span> <span class='ocrx_word' id='word_1_92' title='bbox 2118 371 2466 430; x_wconf 80' lang='lat' dir='ltr'><strong>MELISS/E</strong></span> <span class='ocrx_word' id='word_1_93' title='bbox 3633 377 3714 440; x_wconf 67' lang='lat' dir='ltr'><strong>8M</strong></span> 
     </span>
    </p>
   </div>
   <div class='ocr_carea' id='block_1_17' title="bbox 2261 473 3715 553">
    <p class='ocr_par' dir='ltr' id='par_1_17' title="bbox 2261 473 3715 553">
     <span class='ocr_line' id='line_1_17' title="bbox 2261 473 3715 553; baseline 0.01 -30"><span class='ocrx_word' id='word_1_94' title='bbox 2261 473 2518 546; x_wconf 72' lang='grc' dir='ltr'>Ἀκερδὴς</span> <span class='ocrx_word' id='word_1_95' title='bbox 2545 476 2572 528; x_wconf 84' lang='grc' dir='ltr'>ὁ</span> <span class='ocrx_word' id='word_1_96' title='bbox 2603 475 2802 544; x_wconf 81' lang='grc' dir='ltr'>βραδὺς</span> <span class='ocrx_word' id='word_1_97' title='bbox 2827 475 3088 546; x_wconf 77' lang='grc' dir='ltr'>λογισμός</span> <span class='ocrx_word' id='word_1_98' title='bbox 3107 489 3124 506; x_wconf 82' lang='grc'><strong>⁸</strong></span> <span class='ocrx_word' id='word_1_99' title='bbox 3155 476 3252 532; x_wconf 80' lang='grc' dir='ltr'>καὶ</span> <span class='ocrx_word' id='word_1_100' title='bbox 3311 476 3587 553; x_wconf 69' lang='grc' dir='ltr'>ἀνωφελὴς</span> <span class='ocrx_word' id='word_1_101' title='bbox 3626 485 3715 541; x_wconf 74' lang='grc' dir='ltr'><strong>ὁὲν</strong></span> 
     </span>
    </p>
   </div>
   <div class='ocr_carea' id='block_1_18' title="bbox 2192 567 2807 637">
    <p class='ocr_par' dir='ltr' id='par_1_18' title="bbox 2192 567 2807 637">
     <span class='ocr_line' id='line_1_18' title="bbox 2192 567 2807 637; baseline 0.002 -17"><span class='ocrx_word' id='word_1_102' title='bbox 2192 567 2444 637; x_wconf 73' lang='grc' dir='ltr'><strong>ἐσχάτοις</strong></span> <span class='ocrx_word' id='word_1_103' title='bbox 2477 567 2807 637; x_wconf 81' lang='grc' dir='ltr'>μετάμελος.</span> 
     </span>
    </p>
   </div>
   <div class='ocr_carea' id='block_1_19' title="bbox 2801 681 3149 738">
    <p class='ocr_par' dir='ltr' id='par_1_19' title="bbox 2801 681 3149 738">
     <span class='ocr_line' id='line_1_19' title="bbox 2801 681 3149 738; baseline 0.006 -3"><span class='ocrx_word' id='word_1_104' title='bbox 2801 683 3018 738; x_wconf 86' lang='grc' dir='ltr'><strong>ΛΟΓΟΣ</strong></span> <span class='ocrx_word' id='word_1_105' title='bbox 3049 681 3149 737; x_wconf 89' lang='lat' dir='ltr'><strong>IB&#39;.</strong></span> 
     </span>
    </p>
   </div>
   <div class='ocr_carea' id='block_1_20' title="bbox 2546 797 3392 866">
    <p class='ocr_par' dir='ltr' id='par_1_20' title="bbox 2546 797 3392 866">
     <span class='ocr_line' id='line_1_20' title="bbox 2546 797 3392 866; baseline 0.006 -18"><span class='ocrx_word' id='word_1_106' title='bbox 2546 797 2681 863; x_wconf 74' lang='grc' dir='ltr'>Περὶ</span> <span class='ocrx_word' id='word_1_107' title='bbox 2709 797 2991 864; x_wconf 71' lang='grc' dir='ltr'>ἀνδρεΙιις</span> <span class='ocrx_word' id='word_1_108' title='bbox 3021 799 3115 852; x_wconf 77' lang='grc' dir='ltr'><strong>καί</strong></span> <span class='ocrx_word' id='word_1_109' title='bbox 3157 801 3392 866; x_wconf 70' lang='grc' dir='ltr'>ἰσχύος.</span> 
     </span>
    </p>
   </div>
   <div class='ocr_carea' id='block_1_21' title="bbox 2269 885 3714 965">
    <p class='ocr_par' dir='ltr' id='par_1_21' title="bbox 2269 885 3714 965">
     <span class='ocr_line' id='line_1_21' title="bbox 2269 885 3714 965; baseline 0.006 -26"><span class='ocrx_word' id='word_1_110' title='bbox 2269 885 2593 940; x_wconf 77' lang='grc' dir='ltr'><strong>Ἐνδύσασθε</strong></span> <span class='ocrx_word' id='word_1_111' title='bbox 2645 889 2745 956; x_wconf 80' lang='grc' dir='ltr'>τὴν</span> <span class='ocrx_word' id='word_1_112' title='bbox 2781 890 3082 942; x_wconf 74' lang='grc' dir='ltr'>πανοπλίαν</span> <span class='ocrx_word' id='word_1_113' title='bbox 3139 890 3232 944; x_wconf 79' lang='grc' dir='ltr'>τοῦ</span> <span class='ocrx_word' id='word_1_114' title='bbox 3289 893 3450 957; x_wconf 78' lang='grc' dir='ltr'>Θεοῦ,</span> <span class='ocrx_word' id='word_1_115' title='bbox 3508 893 3627 965; x_wconf 76' lang='grc' dir='ltr'>πρὸς</span> <span class='ocrx_word' id='word_1_116' title='bbox 3669 897 3714 949; x_wconf 69' lang='grc' dir='ltr'><strong>τὸ</strong></span> 
     </span>
    </p>
   </div>
   <div class='ocr_carea' id='block_1_22' title="bbox 2185 973 3716 1050">
    <p class='ocr_par' dir='ltr' id='par_1_22' title="bbox 2185 973 3716 1050">
     <span class='ocr_line' id='line_1_22' title="bbox 2185 973 3716 1050; baseline 0.008 -23"><span class='ocrx_word' id='word_1_117' title='bbox 2185 973 2451 1030; x_wconf 81' lang='grc' dir='ltr'>δύνασθαι</span> <span class='ocrx_word' id='word_1_118' title='bbox 2483 978 2629 1047; x_wconf 81' lang='grc' dir='ltr'>ὑμᾶς</span> <span class='ocrx_word' id='word_1_119' title='bbox 2653 979 2844 1048; x_wconf 85' lang='grc' dir='ltr'>στῆναι</span> <span class='ocrx_word' id='word_1_120' title='bbox 2873 979 3005 1049; x_wconf 85' lang='grc' dir='ltr'>πρὸς</span> <span class='ocrx_word' id='word_1_121' title='bbox 3059 981 3158 1044; x_wconf 80' lang='grc' dir='ltr'><strong>τὰς</strong></span> <span class='ocrx_word' id='word_1_122' title='bbox 3192 983 3478 1050; x_wconf 78' lang='grc' dir='ltr'>μεθοδείας</span> <span class='ocrx_word' id='word_1_123' title='bbox 3506 987 3593 1037; x_wconf 71' lang='grc' dir='ltr'>τοῦ</span> <span class='ocrx_word' id='word_1_124' title='bbox 3624 987 3716 1039; x_wconf 73' lang='grc' dir='ltr'>δια-</span> 
     </span>
    </p>
   </div>
   <div class='ocr_carea' id='block_1_23' title="bbox 2187 1065 3714 1141">
    <p class='ocr_par' dir='ltr' id='par_1_23' title="bbox 2187 1065 3714 1141">
     <span class='ocr_line' id='line_1_23' title="bbox 2187 1065 3714 1141; baseline 0.008 -24"><span class='ocrx_word' id='word_1_125' title='bbox 2187 1065 2344 1118; x_wconf 84' lang='grc' dir='ltr'>ϐόλου</span> <span class='ocrx_word' id='word_1_126' title='bbox 2368 1081 2386 1098; x_wconf 88' lang='grc'><strong>·</strong></span> <span class='ocrx_word' id='word_1_127' title='bbox 2417 1069 2500 1121; x_wconf 82' lang='grc' dir='ltr'>ὅτι</span> <span class='ocrx_word' id='word_1_128' title='bbox 2549 1069 2653 1122; x_wconf 76' lang='grc' dir='ltr'><strong>οὐκ</strong></span> <span class='ocrx_word' id='word_1_129' title='bbox 2684 1069 2830 1122; x_wconf 76' lang='grc' dir='ltr'>ἔστιν</span> <span class='ocrx_word' id='word_1_130' title='bbox 2862 1071 2996 1139; x_wconf 75' lang='grc' dir='ltr'>ἡμῖν</span> <span class='ocrx_word' id='word_1_131' title='bbox 3048 1073 3082 1140; x_wconf 79' lang='grc' dir='ltr'>ἡ</span> <span class='ocrx_word' id='word_1_132' title='bbox 3118 1073 3262 1141; x_wconf 76' lang='grc' dir='ltr'>πάλη</span> <span class='ocrx_word' id='word_1_133' title='bbox 3317 1074 3456 1140; x_wconf 71' lang='grc' dir='ltr'>πρὸς</span> <span class='ocrx_word' id='word_1_134' title='bbox 3488 1069 3614 1140; x_wconf 71' lang='grc' dir='ltr'>αἷμα</span> <span class='ocrx_word' id='word_1_135' title='bbox 3643 1077 3714 1129; x_wconf 80' lang='grc' dir='ltr'>καὶ</span> 
     </span>
    </p>
   </div>
   <div class='ocr_carea' id='block_1_24' title="bbox 2187 1156 3710 1232">
    <p class='ocr_par' dir='ltr' id='par_1_24' title="bbox 2187 1156 3710 1232">
     <span class='ocr_line' id='line_1_24' title="bbox 2187 1156 3710 1232; baseline 0.005 -22"><span class='ocrx_word' id='word_1_136' title='bbox 2187 1156 2386 1227; x_wconf 83' lang='grc' dir='ltr'><strong>σάρκα,</strong></span> <span class='ocrx_word' id='word_1_137' title='bbox 2421 1157 2556 1212; x_wconf 83' lang='grc' dir='ltr'><strong>ἀλλά</strong></span> <span class='ocrx_word' id='word_1_138' title='bbox 2585 1159 2720 1228; x_wconf 85' lang='grc' dir='ltr'>πρὸς</span> <span class='ocrx_word' id='word_1_139' title='bbox 2761 1159 2862 1222; x_wconf 85' lang='grc' dir='ltr'><strong>τὰς</strong></span> <span class='ocrx_word' id='word_1_140' title='bbox 2893 1161 3092 1231; x_wconf 75' lang='grc' dir='ltr'>ἀρχὰς,</span> <span class='ocrx_word' id='word_1_141' title='bbox 3144 1160 3284 1232; x_wconf 84' lang='grc' dir='ltr'>πρὸς</span> <span class='ocrx_word' id='word_1_142' title='bbox 3332 1163 3435 1226; x_wconf 78' lang='grc' dir='ltr'><strong>τὰς</strong></span> <span class='ocrx_word' id='word_1_143' title='bbox 3481 1163 3710 1229; x_wconf 58' lang='lat' dir='ltr'><strong>tinuatur,</strong></span> 
     </span>
    </p>
   </div>
   <div class='ocr_carea' id='block_1_25' title="bbox 2185 1247 3713 1326">
    <p class='ocr_par' dir='ltr' id='par_1_25' title="bbox 2185 1247 3713 1326">
     <span class='ocr_line' id='line_1_25' title="bbox 2185 1247 3713 1326; baseline 0.007 -28"><span class='ocrx_word' id='word_1_144' title='bbox 2185 1247 2322 1314; x_wconf 80' lang='grc' dir='ltr'>πρὸς</span> <span class='ocrx_word' id='word_1_145' title='bbox 2336 1247 2466 1311; x_wconf 79' lang='grc' dir='ltr'>τοὺς</span> <span class='ocrx_word' id='word_1_146' title='bbox 2481 1251 2926 1322; x_wconf 74' lang='grc' dir='ltr'><strong>κοσμοκράτορας</strong></span> <span class='ocrx_word' id='word_1_147' title='bbox 2961 1253 3057 1306; x_wconf 81' lang='grc' dir='ltr'>τοῦ</span> <span class='ocrx_word' id='word_1_148' title='bbox 3091 1254 3318 1316; x_wconf 79' lang='grc' dir='ltr'>σκότους</span> <span class='ocrx_word' id='word_1_149' title='bbox 3368 1253 3575 1321; x_wconf 84' lang='grc' dir='ltr'>τούτου,</span> <span class='ocrx_word' id='word_1_150' title='bbox 3603 1261 3713 1326; x_wconf 70' lang='grc' dir='ltr'>πρὸς</span> 
     </span>
    </p>
   </div>
   <div class='ocr_carea' id='block_1_26' title="bbox 2182 1339 3711 1416">
    <p class='ocr_par' dir='ltr' id='par_1_26' title="bbox 2182 1339 3711 1416">
     <span class='ocr_line' id='line_1_26' title="bbox 2182 1339 3711 1416; baseline 0.008 -27"><span class='ocrx_word' id='word_1_151' title='bbox 2182 1339 2251 1390; x_wconf 79' lang='grc' dir='ltr'>τὰ</span> <span class='ocrx_word' id='word_1_152' title='bbox 2279 1341 2627 1407; x_wconf 84' lang='grc' dir='ltr'>πνευματικά</span> <span class='ocrx_word' id='word_1_153' title='bbox 2682 1343 2781 1412; x_wconf 79' lang='grc' dir='ltr'>τῆς</span> <span class='ocrx_word' id='word_1_154' title='bbox 2830 1344 3096 1412; x_wconf 81' lang='grc' dir='ltr'><strong>πονηρίας</strong></span> <span class='ocrx_word' id='word_1_155' title='bbox 3149 1345 3207 1397; x_wconf 73' lang='grc' dir='ltr'>ἐν</span> <span class='ocrx_word' id='word_1_156' title='bbox 3235 1348 3352 1408; x_wconf 83' lang='grc' dir='ltr'>τοῖς</span> <span class='ocrx_word' id='word_1_157' title='bbox 3380 1347 3711 1416; x_wconf 67' lang='grc' dir='ltr'><strong>ἐπουρανίοις.</strong></span> 
     </span>
    </p>
   </div>
   <div class='ocr_carea' id='block_1_27' title="bbox 2182 1429 3716 1503">
    <p class='ocr_par' dir='ltr' id='par_1_27' title="bbox 2182 1429 3716 1503">
     <span class='ocr_line' id='line_1_27' title="bbox 2182 1429 3716 1503; baseline 0.005 -21"><span class='ocrx_word' id='word_1_158' title='bbox 2182 1430 2282 1483; x_wconf 85' lang='grc' dir='ltr'>Διά</span> <span class='ocrx_word' id='word_1_159' title='bbox 2310 1429 2470 1485; x_wconf 80' lang='grc' dir='ltr'>τοῦτο</span> <span class='ocrx_word' id='word_1_160' title='bbox 2510 1433 2807 1488; x_wconf 78' lang='grc' dir='ltr'>ἀναλάϐετε</span> <span class='ocrx_word' id='word_1_161' title='bbox 2839 1435 2936 1503; x_wconf 78' lang='grc' dir='ltr'>τὴν</span> <span class='ocrx_word' id='word_1_162' title='bbox 2972 1435 3284 1489; x_wconf 73' lang='grc' dir='ltr'>πανοπλίαν</span> <span class='ocrx_word' id='word_1_163' title='bbox 3330 1436 3426 1489; x_wconf 80' lang='grc' dir='ltr'>τοῦ</span> <span class='ocrx_word' id='word_1_164' title='bbox 3469 1436 3619 1502; x_wconf 74' lang='grc' dir='ltr'>Θεοῦ,</span> <span class='ocrx_word' id='word_1_165' title='bbox 3645 1438 3716 1493; x_wconf 72' lang='lat' dir='ltr'><strong>Iw.</strong></span> 
     </span>
    </p>
   </div>
   <div class='ocr_carea' id='block_1_28' title="bbox 2180 1519 3716 1599">
    <p class='ocr_par' dir='ltr' id='par_1_28' title="bbox 2180 1519 3716 1599">
     <span class='ocr_line' id='line_1_28' title="bbox 2180 1519 3716 1599; baseline 0.005 -25"><span class='ocrx_word' id='word_1_166' title='bbox 2180 1519 2444 1592; x_wconf 76' lang='grc' dir='ltr'><strong>δυνηθῆτε</strong></span> <span class='ocrx_word' id='word_1_167' title='bbox 2499 1524 2816 1595; x_wconf 80' lang='grc' dir='ltr'><strong>ἀντιστῆναι</strong></span> <span class='ocrx_word' id='word_1_168' title='bbox 2863 1528 2924 1580; x_wconf 81' lang='grc' dir='ltr'>ὲν</span> <span class='ocrx_word' id='word_1_169' title='bbox 2952 1530 3018 1599; x_wconf 79' lang='grc' dir='ltr'><strong>τῇ</strong></span> <span class='ocrx_word' id='word_1_170' title='bbox 3053 1529 3238 1599; x_wconf 76' lang='grc' dir='ltr'>ἡμέρᾳ</span> <span class='ocrx_word' id='word_1_171' title='bbox 3280 1531 3348 1599; x_wconf 79' lang='grc' dir='ltr'><strong>τῇ</strong></span> <span class='ocrx_word' id='word_1_172' title='bbox 3382 1531 3610 1599; x_wconf 70' lang='grc' dir='ltr'>πονηρᾷ,</span> <span class='ocrx_word' id='word_1_173' title='bbox 3639 1531 3716 1581; x_wconf 74' lang='grc' dir='ltr'>καὶ</span> 
     </span>
    </p>
   </div>
   <div class='ocr_carea' id='block_1_29' title="bbox 2181 1611 3717 1689">
    <p class='ocr_par' dir='ltr' id='par_1_29' title="bbox 2181 1611 3717 1689">
     <span class='ocr_line' id='line_1_29' title="bbox 2181 1611 3717 1689; baseline 0.004 -23"><span class='ocrx_word' id='word_1_174' title='bbox 2181 1611 2397 1667; x_wconf 77' lang='grc' dir='ltr'>ἅπαντα</span> <span class='ocrx_word' id='word_1_175' title='bbox 2424 1619 2895 1688; x_wconf 76' lang='grc' dir='ltr'><strong>κατεργασάμενοι</strong></span> <span class='ocrx_word' id='word_1_176' title='bbox 2924 1619 3139 1689; x_wconf 80' lang='grc' dir='ltr'>στῆναι.</span> <span class='ocrx_word' id='word_1_177' title='bbox 3160 1621 3332 1688; x_wconf 86' lang='grc' dir='ltr'>Στῆτε</span> <span class='ocrx_word' id='word_1_178' title='bbox 3361 1616 3480 1687; x_wconf 77' lang='grc' dir='ltr'>οὖν,</span> <span class='ocrx_word' id='word_1_179' title='bbox 3514 1621 3717 1689; x_wconf 80' lang='grc' dir='ltr'>περιζω-</span> 
     </span>
    </p>
   </div>
   <div class='ocr_carea' id='block_1_30' title="bbox 2183 1707 3717 1782">
    <p class='ocr_par' dir='ltr' id='par_1_30' title="bbox 2183 1707 3717 1782">
     <span class='ocr_line' id='line_1_30' title="bbox 2183 1707 3717 1782; baseline 0.004 -23"><span class='ocrx_word' id='word_1_180' title='bbox 2183 1707 2408 1774; x_wconf 81' lang='grc' dir='ltr'>σάμενοι</span> <span class='ocrx_word' id='word_1_181' title='bbox 2452 1707 2550 1777; x_wconf 79' lang='grc' dir='ltr'>τὴν</span> <span class='ocrx_word' id='word_1_182' title='bbox 2606 1708 2779 1778; x_wconf 76' lang='grc' dir='ltr'>ὀσφὺν</span> <span class='ocrx_word' id='word_1_183' title='bbox 2814 1709 2969 1780; x_wconf 79' lang='grc' dir='ltr'>ὑμῶν</span> <span class='ocrx_word' id='word_1_184' title='bbox 3003 1713 3064 1766; x_wconf 78' lang='grc' dir='ltr'>ὲν</span> <span class='ocrx_word' id='word_1_185' title='bbox 3113 1710 3368 1782; x_wconf 77' lang='grc' dir='ltr'><strong>ἀληθείᾳ,</strong></span> <span class='ocrx_word' id='word_1_186' title='bbox 3403 1712 3496 1764; x_wconf 84' lang='grc' dir='ltr'><strong>καὶ</strong></span> <span class='ocrx_word' id='word_1_187' title='bbox 3527 1711 3717 1766; x_wconf 76' lang='grc' dir='ltr'>ὲνδυσὰο</span> 
     </span>
    </p>
   </div>
   <div class='ocr_carea' id='block_1_31' title="bbox 503 1798 2068 1878">
    <p class='ocr_par' dir='ltr' id='par_1_31' title="bbox 503 1807 2068 1878">
     <span class='ocr_line' id='line_1_31' title="bbox 503 1807 2068 1878; baseline 0.001 -19"><span class='ocrx_word' id='word_1_188' title='bbox 503 1817 559 1860; x_wconf 82' lang='lat' dir='ltr'><strong>et</strong></span> <span class='ocrx_word' id='word_1_189' title='bbox 577 1808 798 1863; x_wconf 88' lang='lat' dir='ltr'><strong>calceati</strong></span> <span class='ocrx_word' id='word_1_190' title='bbox 828 1808 1082 1877; x_wconf 90' lang='lat' dir='ltr'><strong>pedibus,</strong></span> <span class='ocrx_word' id='word_1_191' title='bbox 1111 1815 1170 1861; x_wconf 91' lang='lat' dir='ltr'><strong>ut</strong></span> <span class='ocrx_word' id='word_1_192' title='bbox 1229 1809 1403 1878; x_wconf 90' lang='lat' dir='ltr'><strong>parati</strong></span> <span class='ocrx_word' id='word_1_193' title='bbox 1426 1807 1549 1862; x_wconf 91' lang='lat' dir='ltr'><strong>sitis</strong></span> <span class='ocrx_word' id='word_1_194' title='bbox 1609 1808 1676 1861; x_wconf 87' lang='lat' dir='ltr'><strong>ad</strong></span> <span class='ocrx_word' id='word_1_195' title='bbox 1721 1807 2068 1878; x_wconf 76' lang='lat' dir='ltr'><strong>Evangelium</strong></span> 
     </span>
    </p>
   </div>
   <div class='ocr_carea' id='block_1_32' title="bbox 2200 1798 3715 1878">
    <p class='ocr_par' dir='ltr' id='par_1_32' title="bbox 2200 1798 3715 1873">
     <span class='ocr_line' id='line_1_32' title="bbox 2200 1798 3715 1873; baseline 0.003 -24"><span class='ocrx_word' id='word_1_196' title='bbox 2200 1814 2338 1852; x_wconf 73' lang='grc' dir='ltr'>ιενοι</span> <span class='ocrx_word' id='word_1_197' title='bbox 2368 1798 2461 1852; x_wconf 74' lang='grc' dir='ltr'><strong>τὸν</strong></span> <span class='ocrx_word' id='word_1_198' title='bbox 2494 1798 2716 1868; x_wconf 82' lang='grc' dir='ltr'>θώρακα</span> <span class='ocrx_word' id='word_1_199' title='bbox 2739 1800 2836 1868; x_wconf 88' lang='grc' dir='ltr'>τῆς</span> <span class='ocrx_word' id='word_1_200' title='bbox 2869 1800 3240 1873; x_wconf 72' lang='grc' dir='ltr'>δικαιοσύνης,</span> <span class='ocrx_word' id='word_1_201' title='bbox 3269 1803 3366 1855; x_wconf 79' lang='grc' dir='ltr'>καὶ</span> <span class='ocrx_word' id='word_1_202' title='bbox 3391 1801 3715 1872; x_wconf 73' lang='grc' dir='ltr'>ὑποδησάμε-</span> 
     </span>
    </p>
   </div>
   <div class='ocr_carea' id='block_1_33' title="bbox 508 1893 2070 1966">
    <p class='ocr_par' dir='ltr' id='par_1_33' title="bbox 508 1893 2070 1966">
     <span class='ocr_line' id='line_1_33' title="bbox 508 1893 2070 1966; baseline -0.001 -17"><span class='ocrx_word' id='word_1_203' title='bbox 508 1896 677 1963; x_wconf 80' lang='lat' dir='ltr'><strong>pacis,</strong></span> <span class='ocrx_word' id='word_1_204' title='bbox 706 1912 870 1966; x_wconf 87' lang='lat' dir='ltr'><strong>super</strong></span> <span class='ocrx_word' id='word_1_205' title='bbox 897 1896 1079 1951; x_wconf 88' lang='lat' dir='ltr'><strong>omnia</strong></span> <span class='ocrx_word' id='word_1_206' title='bbox 1104 1904 1386 1964; x_wconf 84' lang='lat' dir='ltr'><strong>assumpto</strong></span> <span class='ocrx_word' id='word_1_207' title='bbox 1413 1902 1570 1952; x_wconf 90' lang='lat' dir='ltr'><strong>scuto</strong></span> <span class='ocrx_word' id='word_1_208' title='bbox 1598 1893 1740 1960; x_wconf 87' lang='lat' dir='ltr'><strong>fidei,</strong></span> <span class='ocrx_word' id='word_1_209' title='bbox 1779 1907 1890 1964; x_wconf 89' lang='lat' dir='ltr'><strong>quo</strong></span> <span class='ocrx_word' id='word_1_210' title='bbox 1942 1909 2070 1963; x_wconf 70' lang='lat' dir='ltr'><strong>pnso</strong></span> 
     </span>
    </p>
   </div>
   <div class='ocr_carea' id='block_1_34' title="bbox 506 1986 2066 2057">
    <p class='ocr_par' dir='ltr' id='par_1_34' title="bbox 506 1986 2066 2057">
     <span class='ocr_line' id='line_1_34' title="bbox 506 1986 2066 2057; baseline -0.001 -15"><span class='ocrx_word' id='word_1_211' title='bbox 506 1987 628 2042; x_wconf 80' lang='lat' dir='ltr'><strong>sitis</strong></span> <span class='ocrx_word' id='word_1_212' title='bbox 649 1989 1026 2057; x_wconf 81' lang='lat' dir='ltr'><strong>omniajacula</strong></span> <span class='ocrx_word' id='word_1_213' title='bbox 1081 1988 1207 2042; x_wconf 87' lang='lat' dir='ltr'><strong>mali</strong></span> <span class='ocrx_word' id='word_1_214' title='bbox 1257 1988 1405 2043; x_wconf 88' lang='lat' dir='ltr'><strong>illius</strong></span> <span class='ocrx_word' id='word_1_215' title='bbox 1462 1986 1634 2056; x_wconf 75' lang='lat' dir='ltr'><strong>ignita</strong></span> <span class='ocrx_word' id='word_1_216' title='bbox 1676 1989 2066 2055; x_wconf 79' lang='lat' dir='ltr'><strong>exstinguere:</strong></span> 
     </span>
    </p>
   </div>
   <div class='ocr_carea' id='block_1_35' title="bbox 504 2077 2065 2149">
    <p class='ocr_par' dir='ltr' id='par_1_35' title="bbox 504 2077 2065 2149">
     <span class='ocr_line' id='line_1_35' title="bbox 504 2077 2065 2149; baseline 0.001 -18"><span class='ocrx_word' id='word_1_217' title='bbox 504 2077 1090 2148; x_wconf 73' lang='lat' dir='ltr'><strong>galeamquesalutaris</strong></span> <span class='ocrx_word' id='word_1_218' title='bbox 1139 2078 1383 2149; x_wconf 84' lang='lat' dir='ltr'><strong>accipite,</strong></span> <span class='ocrx_word' id='word_1_219' title='bbox 1418 2085 1475 2134; x_wconf 91' lang='lat' dir='ltr'><strong>et</strong></span> <span class='ocrx_word' id='word_1_220' title='bbox 1523 2078 1760 2149; x_wconf 74' lang='lat' dir='ltr'><strong>gladium</strong></span> <span class='ocrx_word' id='word_1_221' title='bbox 1810 2077 2065 2146; x_wconf 72' lang='lat' dir='ltr'>SIIII&#39;IIJIS,</span> 
     </span>
    </p>
   </div>
   <div class='ocr_carea' id='block_1_36' title="bbox 501 2171 1102 2238">
    <p class='ocr_par' dir='ltr' id='par_1_36' title="bbox 501 2171 1102 2238">
     <span class='ocr_line' id='line_1_36' title="bbox 501 2171 1102 2238; baseline 0.003 -16"><span class='ocrx_word' id='word_1_222' title='bbox 501 2171 595 2238; x_wconf 90' lang='lat' dir='ltr'><strong>qui</strong></span> <span class='ocrx_word' id='word_1_223' title='bbox 625 2179 707 2225; x_wconf 87' lang='lat' dir='ltr'><strong>est</strong></span> <span class='ocrx_word' id='word_1_224' title='bbox 736 2171 957 2225; x_wconf 84' lang='lat' dir='ltr'><strong>verbum</strong></span> <span class='ocrx_word' id='word_1_225' title='bbox 989 2171 1102 2224; x_wconf 87' lang='lat' dir='ltr'><strong>Dei.</strong></span> 
     </span>
    </p>
   </div>
   <div class='ocr_carea' id='block_1_37' title="bbox 576 2434 2058 2505">
    <p class='ocr_par' dir='ltr' id='par_1_37' title="bbox 576 2434 2058 2505">
     <span class='ocr_line' id='line_1_37' title="bbox 576 2434 2058 2505; baseline 0.001 -18"><span class='ocrx_word' id='word_1_226' title='bbox 576 2434 730 2490; x_wconf 79' lang='lat' dir='ltr'><strong>Prov.</strong></span> <span class='ocrx_word' id='word_1_227' title='bbox 763 2451 871 2501; x_wconf 74' lang='lat' dir='ltr'><strong>xxi.</strong></span> <span class='ocrx_word' id='word_1_228' title='bbox 887 2435 1073 2505; x_wconf 78' lang='lat' dir='ltr'><strong>Equus</strong></span> <span class='ocrx_word' id='word_1_229' title='bbox 1103 2443 1324 2504; x_wconf 85' lang='lat' dir='ltr'><strong>paratur</strong></span> <span class='ocrx_word' id='word_1_230' title='bbox 1345 2437 1410 2489; x_wconf 79' lang='lat' dir='ltr'><strong>ad</strong></span> <span class='ocrx_word' id='word_1_231' title='bbox 1435 2435 1578 2489; x_wconf 88' lang='lat' dir='ltr'><strong>diem</strong></span> <span class='ocrx_word' id='word_1_232' title='bbox 1611 2436 1759 2502; x_wconf 86' lang='lat' dir='ltr'><strong>belli,</strong></span> <span class='ocrx_word' id='word_1_233' title='bbox 1795 2436 2058 2490; x_wconf 82' lang='lat' dir='ltr'><strong>auxilium</strong></span> 
     </span>
    </p>
   </div>
   <div class='ocr_carea' id='block_1_38' title="bbox 497 2525 1130 2582">
    <p class='ocr_par' dir='ltr' id='par_1_38' title="bbox 497 2525 1130 2582">
     <span class='ocr_line' id='line_1_38' title="bbox 497 2525 1130 2582; baseline 0.003 -3"><span class='ocrx_word' id='word_1_234' title='bbox 497 2537 677 2580; x_wconf 85' lang='lat' dir='ltr'><strong>autem</strong></span> <span class='ocrx_word' id='word_1_235' title='bbox 712 2543 740 2580; x_wconf 91' lang='lat' dir='ltr'><strong>a</strong></span> <span class='ocrx_word' id='word_1_236' title='bbox 771 2525 998 2581; x_wconf 87' lang='lat' dir='ltr'><strong>Domino</strong></span> <span class='ocrx_word' id='word_1_237' title='bbox 1025 2535 1130 2582; x_wconf 86' lang='lat' dir='ltr'><strong>est.</strong></span> 
     </span>
    </p>
   </div>
   <div class='ocr_carea' id='block_1_39' title="bbox 571 2619 2067 2678">
    <p class='ocr_par' dir='ltr' id='par_1_39' title="bbox 571 2619 2067 2678">
     <span class='ocr_line' id='line_1_39' title="bbox 571 2619 2067 2678; baseline 0.001 -2"><span class='ocrx_word' id='word_1_238' title='bbox 571 2619 782 2677; x_wconf 61' lang='grc' dir='ltr'>δεῖσαι.</span> <span class='ocrx_word' id='word_1_239' title='bbox 800 2619 944 2674; x_wconf 81' lang='lat' dir='ltr'>XIII.</span> <span class='ocrx_word' id='word_1_240' title='bbox 973 2619 1205 2674; x_wconf 84' lang='lat' dir='ltr'><strong>Fortiori</strong></span> <span class='ocrx_word' id='word_1_241' title='bbox 1228 2629 1281 2673; x_wconf 91' lang='lat' dir='ltr'><strong>et</strong></span> <span class='ocrx_word' id='word_1_242' title='bbox 1299 2619 1481 2674; x_wconf 89' lang='lat' dir='ltr'><strong>ditiori</strong></span> <span class='ocrx_word' id='word_1_243' title='bbox 1510 2629 1560 2674; x_wconf 90' lang='lat' dir='ltr'><strong>te</strong></span> <span class='ocrx_word' id='word_1_244' title='bbox 1577 2636 1646 2675; x_wconf 84' lang='lat' dir='ltr'><strong>ne</strong></span> <span class='ocrx_word' id='word_1_245' title='bbox 1675 2620 2067 2678; x_wconf 81' lang='lat' dir='ltr'><strong>communices.</strong></span> 
     </span>
    </p>
   </div>
   <div class='ocr_carea' id='block_1_40' title="bbox 499 2710 2069 2784">
    <p class='ocr_par' dir='ltr' id='par_1_40' title="bbox 499 2710 2069 2784">
     <span class='ocr_line' id='line_1_40' title="bbox 499 2710 2069 2784; baseline 0.003 -20"><span class='ocrx_word' id='word_1_246' title='bbox 499 2712 641 2778; x_wconf 88' lang='lat' dir='ltr'><strong>Quid</strong></span> <span class='ocrx_word' id='word_1_247' title='bbox 684 2711 1108 2766; x_wconf 85' lang='lat' dir='ltr'><strong>communicabit</strong></span> <span class='ocrx_word' id='word_1_248' title='bbox 1149 2711 1254 2766; x_wconf 90' lang='lat' dir='ltr'><strong>olla</strong></span> <span class='ocrx_word' id='word_1_249' title='bbox 1288 2710 1356 2766; x_wconf 92' lang='lat' dir='ltr'><strong>ad</strong></span> <span class='ocrx_word' id='word_1_250' title='bbox 1396 2711 1700 2766; x_wconf 78' lang='lat' dir='ltr'><strong>cacabum?</strong></span> <span class='ocrx_word' id='word_1_251' title='bbox 1728 2713 1844 2782; x_wconf 86' lang='lat' dir='ltr'><strong>ipsa</strong></span> <span class='ocrx_word' id='word_1_252' title='bbox 1873 2712 2069 2784; x_wconf 87' lang='lat' dir='ltr'><strong>impin-</strong></span> 
     </span>
    </p>
   </div>
   <div class='ocr_carea' id='block_1_41' title="bbox 498 2805 1232 2872">
    <p class='ocr_par' dir='ltr' id='par_1_41' title="bbox 498 2805 1232 2872">
     <span class='ocr_line' id='line_1_41' title="bbox 498 2805 1232 2872; baseline -0.003 -14"><span class='ocrx_word' id='word_1_253' title='bbox 498 2812 608 2872; x_wconf 78' lang='lat' dir='ltr'><strong>get,</strong></span> <span class='ocrx_word' id='word_1_254' title='bbox 665 2812 719 2858; x_wconf 91' lang='lat' dir='ltr'><strong>et</strong></span> <span class='ocrx_word' id='word_1_255' title='bbox 754 2805 872 2872; x_wconf 89' lang='lat' dir='ltr'><strong>ipsa</strong></span> <span class='ocrx_word' id='word_1_256' title='bbox 900 2811 1232 2858; x_wconf 83' lang='lat' dir='ltr'><strong>conteretur.</strong></span> 
     </span>
    </p>
   </div>
   <div class='ocr_carea' id='block_1_42' title="bbox 572 2890 2066 2963">
    <p class='ocr_par' dir='ltr' id='par_1_42' title="bbox 572 2890 2066 2963">
     <span class='ocr_line' id='line_1_42' title="bbox 572 2890 2066 2963; baseline 0.002 -17"><span class='ocrx_word' id='word_1_257' title='bbox 572 2891 693 2946; x_wconf 80' lang='lat' dir='ltr'><strong>Divi</strong></span> <span class='ocrx_word' id='word_1_258' title='bbox 726 2890 938 2946; x_wconf 80' lang='lat' dir='ltr'><strong>Basilii.</strong></span> <span class='ocrx_word' id='word_1_259' title='bbox 965 2891 1133 2961; x_wconf 88' lang='lat' dir='ltr'><strong>Cujus</strong></span> <span class='ocrx_word' id='word_1_260' title='bbox 1180 2890 1352 2962; x_wconf 73' lang='lat' dir='ltr'><strong>gratia</strong></span> <span class='ocrx_word' id='word_1_261' title='bbox 1397 2890 1561 2945; x_wconf 82' lang='lat' dir='ltr'><strong>vitam</strong></span> <span class='ocrx_word' id='word_1_262' title='bbox 1597 2890 1798 2962; x_wconf 68' lang='lat' dir='ltr'><strong>diligis,</strong></span> <span class='ocrx_word' id='word_1_263' title='bbox 1845 2901 2066 2963; x_wconf 86' lang='lat' dir='ltr'><strong>propter</strong></span> 
     </span>
    </p>
   </div>
   <div class='ocr_carea' id='block_1_43' title="bbox 501 2981 1358 3039">
    <p class='ocr_par' dir='ltr' id='par_1_43' title="bbox 501 2981 1358 3039">
     <span class='ocr_line' id='line_1_43' title="bbox 501 2981 1358 3039; baseline -0.005 -1"><span class='ocrx_word' id='word_1_264' title='bbox 501 2984 555 3038; x_wconf 89' lang='lat' dir='ltr'><strong>id</strong></span> <span class='ocrx_word' id='word_1_265' title='bbox 589 2985 742 3039; x_wconf 91' lang='lat' dir='ltr'><strong>obire</strong></span> <span class='ocrx_word' id='word_1_266' title='bbox 767 2991 995 3037; x_wconf 88' lang='lat' dir='ltr'><strong>mortem</strong></span> <span class='ocrx_word' id='word_1_267' title='bbox 1030 2997 1095 3036; x_wconf 88' lang='lat' dir='ltr'><strong>ne</strong></span> <span class='ocrx_word' id='word_1_268' title='bbox 1123 2981 1358 3036; x_wconf 86' lang='lat' dir='ltr'><strong>dubites.</strong></span> 
     </span>
    </p>
   </div>
   <div class='ocr_carea' id='block_1_44' title="bbox 572 3071 2064 3142">
    <p class='ocr_par' dir='ltr' id='par_1_44' title="bbox 572 3071 2064 3142">
     <span class='ocr_line' id='line_1_44' title="bbox 572 3071 2064 3142; baseline 0.001 -14"><span class='ocrx_word' id='word_1_269' title='bbox 572 3075 758 3130; x_wconf 60' lang='lat' dir='ltr'><strong>Robur</strong></span> <span class='ocrx_word' id='word_1_270' title='bbox 782 3088 906 3127; x_wconf 87' lang='lat' dir='ltr'><strong>cum</strong></span> <span class='ocrx_word' id='word_1_271' title='bbox 935 3072 1416 3142; x_wconf 84' lang='lat' dir='ltr'><strong>prudentiajuvat,</strong></span> <span class='ocrx_word' id='word_1_272' title='bbox 1448 3073 1566 3126; x_wconf 87' lang='lat' dir='ltr'><strong>sine</strong></span> <span class='ocrx_word' id='word_1_273' title='bbox 1591 3086 1655 3127; x_wconf 88' lang='lat' dir='ltr'><strong>ea</strong></span> <span class='ocrx_word' id='word_1_274' title='bbox 1683 3087 1836 3138; x_wconf 84' lang='lat' dir='ltr'><strong>vero,</strong></span> <span class='ocrx_word' id='word_1_275' title='bbox 1864 3071 2064 3129; x_wconf 80' lang='lat' dir='ltr'><strong>damno</strong></span> 
     </span>
    </p>
   </div>
   <div class='ocr_carea' id='block_1_45' title="bbox 499 3165 1056 3236">
    <p class='ocr_par' dir='ltr' id='par_1_45' title="bbox 499 3165 1056 3236">
     <span class='ocr_line' id='line_1_45' title="bbox 499 3165 1056 3236; baseline 0.004 -17"><span class='ocrx_word' id='word_1_276' title='bbox 499 3167 662 3221; x_wconf 82' lang='lat' dir='ltr'><strong>allicit</strong></span> <span class='ocrx_word' id='word_1_277' title='bbox 689 3165 1056 3236; x_wconf 80' lang='lat' dir='ltr'><strong>possidentes.</strong></span> 
     </span>
    </p>
   </div>
   <div class='ocr_carea' id='block_1_46' title="bbox 570 3253 2066 3327">
    <p class='ocr_par' dir='ltr' id='par_1_46' title="bbox 570 3253 2066 3327">
     <span class='ocr_line' id='line_1_46' title="bbox 570 3253 2066 3327; baseline 0.002 -18"><span class='ocrx_word' id='word_1_278' title='bbox 570 3253 728 3310; x_wconf 80' lang='lat' dir='ltr'><strong>Vires</strong></span> <span class='ocrx_word' id='word_1_279' title='bbox 761 3255 882 3312; x_wconf 86' lang='lat' dir='ltr'><strong>sine</strong></span> <span class='ocrx_word' id='word_1_280' title='bbox 939 3263 1118 3311; x_wconf 88' lang='lat' dir='ltr'><strong>mente</strong></span> <span class='ocrx_word' id='word_1_281' title='bbox 1149 3254 1437 3326; x_wconf 87' lang='lat' dir='ltr'><strong>participes</strong></span> <span class='ocrx_word' id='word_1_282' title='bbox 1481 3257 1570 3312; x_wconf 89' lang='lat' dir='ltr'><strong>sui</strong></span> <span class='ocrx_word' id='word_1_283' title='bbox 1603 3256 1895 3327; x_wconf 86' lang='lat' dir='ltr'><strong>sepulchro</strong></span> <span class='ocrx_word' id='word_1_284' title='bbox 1950 3263 2066 3312; x_wconf 80' lang='lat' dir='ltr'><strong>tra-</strong></span> 
     </span>
    </p>
   </div>
   <div class='ocr_carea' id='block_1_47' title="bbox 496 3349 654 3405">
    <p class='ocr_par' dir='ltr' id='par_1_47' title="bbox 496 3349 654 3405">
     <span class='ocr_line' id='line_1_47' title="bbox 496 3349 654 3405; baseline -0.019 0"><span class='ocrx_word' id='word_1_285' title='bbox 496 3349 654 3405; x_wconf 68' lang='lat' dir='ltr'><strong>dunL</strong></span> 
     </span>
    </p>
   </div>
   <div class='ocr_carea' id='block_1_48' title="bbox 571 3441 2067 3516">
    <p class='ocr_par' dir='ltr' id='par_1_48' title="bbox 571 3441 2067 3516">
     <span class='ocr_line' id='line_1_48' title="bbox 571 3441 2067 3516; baseline 0.001 -20"><span class='ocrx_word' id='word_1_286' title='bbox 571 3443 896 3497; x_wconf 75' lang='lat' dir='ltr'><strong>Aristotelis.</strong></span> <span class='ocrx_word' id='word_1_287' title='bbox 927 3441 1146 3498; x_wconf 84' lang='lat' dir='ltr'><strong>Fortior</strong></span> <span class='ocrx_word' id='word_1_288' title='bbox 1197 3443 1331 3498; x_wconf 90' lang='lat' dir='ltr'><strong>mihi</strong></span> <span class='ocrx_word' id='word_1_289' title='bbox 1366 3445 1578 3499; x_wconf 86' lang='lat' dir='ltr'><strong>videtur</strong></span> <span class='ocrx_word' id='word_1_290' title='bbox 1617 3445 1704 3501; x_wconf 91' lang='lat' dir='ltr'><strong>ille</strong></span> <span class='ocrx_word' id='word_1_291' title='bbox 1736 3446 1831 3516; x_wconf 84' lang='lat' dir='ltr'><strong>qui</strong></span> <span class='ocrx_word' id='word_1_292' title='bbox 1861 3442 2067 3514; x_wconf 86' lang='lat' dir='ltr'><strong>cupidi-</strong></span> 
     </span>
    </p>
   </div>
   <div class='ocr_carea' id='block_1_49' title="bbox 499 3533 2063 3606">
    <p class='ocr_par' dir='ltr' id='par_1_49' title="bbox 499 3533 2063 3606">
     <span class='ocr_line' id='line_1_49' title="bbox 499 3533 2063 3606; baseline 0.002 -21"><span class='ocrx_word' id='word_1_293' title='bbox 499 3541 656 3597; x_wconf 86' lang='lat' dir='ltr'><strong>tates,</strong></span> <span class='ocrx_word' id='word_1_294' title='bbox 685 3549 845 3602; x_wconf 87' lang='lat' dir='ltr'><strong>quam</strong></span> <span class='ocrx_word' id='word_1_295' title='bbox 871 3535 964 3603; x_wconf 84' lang='lat' dir='ltr'><strong>qui</strong></span> <span class='ocrx_word' id='word_1_296' title='bbox 990 3534 1171 3589; x_wconf 91' lang='lat' dir='ltr'><strong>hostes</strong></span> <span class='ocrx_word' id='word_1_297' title='bbox 1202 3534 1350 3588; x_wconf 80' lang='lat' dir='ltr'><strong>vicit.</strong></span> <span class='ocrx_word' id='word_1_298' title='bbox 1391 3533 1606 3590; x_wconf 86' lang='lat' dir='ltr'><strong>Etenim</strong></span> <span class='ocrx_word' id='word_1_299' title='bbox 1670 3537 1911 3606; x_wconf 89' lang='lat' dir='ltr'><strong>seipsum</strong></span> <span class='ocrx_word' id='word_1_300' title='bbox 1943 3535 2063 3588; x_wconf 82' lang='lat' dir='ltr'><strong>viu-</strong></span> 
     </span>
    </p>
   </div>
   <div class='ocr_carea' id='block_1_50' title="bbox 495 3624 1160 3682">
    <p class='ocr_par' dir='ltr' id='par_1_50' title="bbox 495 3624 1160 3682">
     <span class='ocr_line' id='line_1_50' title="bbox 495 3624 1160 3682; baseline 0.003 -2"><span class='ocrx_word' id='word_1_301' title='bbox 495 3641 621 3680; x_wconf 89' lang='lat' dir='ltr'><strong>cere</strong></span> <span class='ocrx_word' id='word_1_302' title='bbox 653 3624 1028 3682; x_wconf 76' lang='lat' dir='ltr'><strong>difﬁcillimum</strong></span> <span class='ocrx_word' id='word_1_303' title='bbox 1057 3637 1160 3682; x_wconf 89' lang='lat' dir='ltr'><strong>est.</strong></span> 
     </span>
    </p>
   </div>
   <div class='ocr_carea' id='block_1_51' title="bbox 566 3717 2060 3790">
    <p class='ocr_par' dir='ltr' id='par_1_51' title="bbox 566 3717 2060 3790">
     <span class='ocr_line' id='line_1_51' title="bbox 566 3717 2060 3790; baseline 0.001 -18"><span class='ocrx_word' id='word_1_304' title='bbox 566 3717 744 3774; x_wconf 87' lang='lat' dir='ltr'><strong>Fortis</strong></span> <span class='ocrx_word' id='word_1_305' title='bbox 769 3728 854 3775; x_wconf 89' lang='lat' dir='ltr'><strong>est</strong></span> <span class='ocrx_word' id='word_1_306' title='bbox 871 3735 979 3773; x_wconf 92' lang='lat' dir='ltr'><strong>non</strong></span> <span class='ocrx_word' id='word_1_307' title='bbox 1012 3721 1187 3774; x_wconf 88' lang='lat' dir='ltr'><strong>solum</strong></span> <span class='ocrx_word' id='word_1_308' title='bbox 1207 3722 1297 3790; x_wconf 89' lang='lat' dir='ltr'><strong>qui</strong></span> <span class='ocrx_word' id='word_1_309' title='bbox 1318 3730 1538 3789; x_wconf 82' lang='lat' dir='ltr'><strong>superat</strong></span> <span class='ocrx_word' id='word_1_310' title='bbox 1555 3722 1759 3786; x_wconf 88' lang='lat' dir='ltr'><strong>hostes,</strong></span> <span class='ocrx_word' id='word_1_311' title='bbox 1783 3720 1876 3775; x_wconf 83' lang='lat' dir='ltr'><strong>sed</strong></span> <span class='ocrx_word' id='word_1_312' title='bbox 1897 3719 2060 3775; x_wconf 78' lang='lat' dir='ltr'><strong>etiam</strong></span> 
     </span>
    </p>
   </div>
   <div class='ocr_carea' id='block_1_52' title="bbox 494 3811 2062 3881">
    <p class='ocr_par' dir='ltr' id='par_1_52' title="bbox 494 3811 2062 3881">
     <span class='ocr_line' id='line_1_52' title="bbox 494 3811 2062 3881; baseline 0.003 -15"><span class='ocrx_word' id='word_1_313' title='bbox 494 3811 591 3881; x_wconf 82' lang='lat' dir='ltr'><strong>qui</strong></span> <span class='ocrx_word' id='word_1_314' title='bbox 624 3811 991 3880; x_wconf 78' lang='lat' dir='ltr'><strong>voluptatibus</strong></span> <span class='ocrx_word' id='word_1_315' title='bbox 1016 3812 1266 3880; x_wconf 83' lang='lat' dir='ltr'><strong>superior</strong></span> <span class='ocrx_word' id='word_1_316' title='bbox 1291 3813 1476 3868; x_wconf 89' lang='lat' dir='ltr'><strong>fuerit.</strong></span> <span class='ocrx_word' id='word_1_317' title='bbox 1515 3812 1619 3868; x_wconf 86' lang='lat' dir='ltr'><strong>Sed</strong></span> <span class='ocrx_word' id='word_1_318' title='bbox 1644 3851 1662 3877; x_wconf 88' lang='lat'><strong>,</strong></span> <span class='ocrx_word' id='word_1_319' title='bbox 1695 3829 1729 3867; x_wconf 93' lang='grc' dir='ltr'><strong>ο</strong></span> <span class='ocrx_word' id='word_1_320' title='bbox 1786 3815 2062 3870; x_wconf 85' lang='lat' dir='ltr'><strong>miseriam</strong></span> 
     </span>
    </p>
   </div>
   <div class='ocr_carea' id='block_1_53' title="bbox 495 3901 2063 3972">
    <p class='ocr_par' dir='ltr' id='par_1_53' title="bbox 495 3901 2063 3972">
     <span class='ocr_line' id='line_1_53' title="bbox 495 3901 2063 3972; baseline 0.005 -18"><span class='ocrx_word' id='word_1_321' title='bbox 495 3903 793 3956; x_wconf 88' lang='lat' dir='ltr'><strong>humanam</strong></span> <span class='ocrx_word' id='word_1_322' title='bbox 824 3902 838 3954; x_wconf 87' lang='grc' dir='ltr'><strong>ι</strong></span> <span class='ocrx_word' id='word_1_323' title='bbox 876 3901 1034 3955; x_wconf 88' lang='lat' dir='ltr'><strong>multi</strong></span> <span class='ocrx_word' id='word_1_324' title='bbox 1070 3903 1215 3957; x_wconf 87' lang='lat' dir='ltr'><strong>enim</strong></span> <span class='ocrx_word' id='word_1_325' title='bbox 1243 3917 1368 3956; x_wconf 90' lang='lat' dir='ltr'><strong>cum</strong></span> <span class='ocrx_word' id='word_1_326' title='bbox 1430 3917 1573 3972; x_wconf 82' lang='lat' dir='ltr'><strong>saepe</strong></span> <span class='ocrx_word' id='word_1_327' title='bbox 1621 3905 1805 3960; x_wconf 89' lang='lat' dir='ltr'><strong>hostes</strong></span> <span class='ocrx_word' id='word_1_328' title='bbox 1835 3914 1889 3960; x_wconf 88' lang='lat' dir='ltr'><strong>et</strong></span> <span class='ocrx_word' id='word_1_329' title='bbox 1925 3905 2063 3963; x_wconf 88' lang='lat' dir='ltr'><strong>alios</strong></span> 
     </span>
    </p>
   </div>
   <div class='ocr_carea' id='block_1_54' title="bbox 498 3991 2060 4063">
    <p class='ocr_par' dir='ltr' id='par_1_54' title="bbox 498 3991 2060 4063">
     <span class='ocr_line' id='line_1_54' title="bbox 498 3991 2060 4063; baseline 0.005 -17"><span class='ocrx_word' id='word_1_330' title='bbox 498 3992 746 4048; x_wconf 86' lang='lat' dir='ltr'><strong>homines</strong></span> <span class='ocrx_word' id='word_1_331' title='bbox 806 3991 1057 4057; x_wconf 82' lang='lat' dir='ltr'><strong>vicerint,</strong></span> <span class='ocrx_word' id='word_1_332' title='bbox 1116 3994 1439 4048; x_wconf 87' lang='lat' dir='ltr'><strong>mulieribus</strong></span> <span class='ocrx_word' id='word_1_333' title='bbox 1483 3995 1812 4050; x_wconf 90' lang='lat' dir='ltr'><strong>servierunt.</strong></span> <span class='ocrx_word' id='word_1_334' title='bbox 1881 3997 2060 4063; x_wconf 85' lang='lat' dir='ltr'><strong>Quare</strong></span> 
     </span>
    </p>
   </div>
   <div class='ocr_carea' id='block_1_55' title="bbox 496 4085 2066 4161">
    <p class='ocr_par' dir='ltr' id='par_1_55' title="bbox 496 4085 2066 4161">
     <span class='ocr_line' id='line_1_55' title="bbox 496 4085 2066 4161; baseline 0.004 -22"><span class='ocrx_word' id='word_1_335' title='bbox 496 4085 674 4140; x_wconf 86' lang='lat' dir='ltr'><strong>modis</strong></span> <span class='ocrx_word' id='word_1_336' title='bbox 723 4085 978 4141; x_wconf 85' lang='lat' dir='ltr'><strong>omnibus</strong></span> <span class='ocrx_word' id='word_1_337' title='bbox 1022 4085 1316 4141; x_wconf 88' lang='lat' dir='ltr'><strong>muliebres</strong></span> <span class='ocrx_word' id='word_1_338' title='bbox 1365 4087 1544 4144; x_wconf 82' lang='lat' dir='ltr'><strong>vultus</strong></span> <span class='ocrx_word' id='word_1_339' title='bbox 1609 4088 1858 4158; x_wconf 73' lang='lat' dir='ltr'><strong>refugere</strong></span> <span class='ocrx_word' id='word_1_340' title='bbox 1907 4105 2066 4161; x_wconf 88' lang='lat' dir='ltr'><strong>opor-</strong></span> 
     </span>
    </p>
   </div>
   <div class='ocr_carea' id='block_1_56' title="bbox 495 4189 592 4236">
    <p class='ocr_par' dir='ltr' id='par_1_56' title="bbox 495 4189 592 4236">
     <span class='ocr_line' id='line_1_56' title="bbox 495 4189 592 4236; baseline -0.052 0"><span class='ocrx_word' id='word_1_341' title='bbox 495 4191 546 4236; x_wconf 89' lang='lat' dir='ltr'><strong>te</strong></span> <span class='ocrx_word' id='word_1_342' title='bbox 553 4189 592 4234; x_wconf 89' lang='grc' dir='ltr'><strong>ι.</strong></span> 
     </span>
    </p>
   </div>
   <div class='ocr_carea' id='block_1_57' title="bbox 564 4271 2064 4347">
    <p class='ocr_par' dir='ltr' id='par_1_57' title="bbox 564 4271 2064 4347">
     <span class='ocr_line' id='line_1_57' title="bbox 564 4271 2064 4347; baseline 0.003 -20"><span class='ocrx_word' id='word_1_343' title='bbox 564 4271 760 4328; x_wconf 79' lang='lat' dir='ltr'><strong>Multos</strong></span> <span class='ocrx_word' id='word_1_344' title='bbox 789 4272 1010 4343; x_wconf 88' lang='lat' dir='ltr'><strong>quidem</strong></span> <span class='ocrx_word' id='word_1_345' title='bbox 1045 4281 1236 4328; x_wconf 87' lang='lat' dir='ltr'><strong>natura</strong></span> <span class='ocrx_word' id='word_1_346' title='bbox 1279 4271 1448 4330; x_wconf 80' lang='lat' dir='ltr'><strong>fortes</strong></span> <span class='ocrx_word' id='word_1_347' title='bbox 1471 4275 1661 4345; x_wconf 76' lang='lat' dir='ltr'><strong>genuit</strong></span> <span class='ocrx_word' id='word_1_348' title='bbox 1681 4314 1698 4341; x_wconf 87' lang='lat'><strong>,</strong></span> <span class='ocrx_word' id='word_1_349' title='bbox 1728 4275 2064 4347; x_wconf 79' lang='lat' dir='ltr'><strong>experientia</strong></span> 
     </span>
    </p>
   </div>
   <div class='ocr_carea' id='block_1_58' title="bbox 491 4364 1741 4422">
    <p class='ocr_par' dir='ltr' id='par_1_58' title="bbox 491 4364 1741 4422">
     <span class='ocr_line' id='line_1_58' title="bbox 491 4364 1741 4422; baseline 0.002 -2"><span class='ocrx_word' id='word_1_350' title='bbox 491 4375 672 4421; x_wconf 87' lang='lat' dir='ltr'><strong>autem</strong></span> <span class='ocrx_word' id='word_1_351' title='bbox 695 4376 748 4419; x_wconf 87' lang='lat' dir='ltr'><strong>et</strong></span> <span class='ocrx_word' id='word_1_352' title='bbox 779 4365 1104 4420; x_wconf 80' lang='lat' dir='ltr'><strong>exercitatio</strong></span> <span class='ocrx_word' id='word_1_353' title='bbox 1137 4364 1392 4421; x_wconf 82' lang='lat' dir='ltr'><strong>fortiores</strong></span> <span class='ocrx_word' id='word_1_354' title='bbox 1423 4366 1741 4422; x_wconf 75' lang='lat' dir='ltr'><strong>effecerunt.</strong></span> 
     </span>
    </p>
   </div>
   <div class='ocr_carea' id='block_1_59' title="bbox 2177 1892 3717 1964">
    <p class='ocr_par' dir='ltr' id='par_1_59' title="bbox 2177 1892 3717 1964">
     <span class='ocr_line' id='line_1_59' title="bbox 2177 1892 3717 1964; baseline 0.001 -21"><span class='ocrx_word' id='word_1_355' title='bbox 2177 1906 2257 1943; x_wconf 92' lang='grc' dir='ltr'><strong>νοι</strong></span> <span class='ocrx_word' id='word_1_356' title='bbox 2295 1892 2420 1952; x_wconf 80' lang='grc' dir='ltr'>τοὺς</span> <span class='ocrx_word' id='word_1_357' title='bbox 2450 1893 2614 1955; x_wconf 67' lang='grc' dir='ltr'>πόδας</span> <span class='ocrx_word' id='word_1_358' title='bbox 2641 1895 2701 1946; x_wconf 73' lang='grc' dir='ltr'>ὲν</span> <span class='ocrx_word' id='word_1_359' title='bbox 2726 1894 3015 1964; x_wconf 76' lang='grc' dir='ltr'>ἑτοιμασίᾳ</span> <span class='ocrx_word' id='word_1_360' title='bbox 3046 1892 3141 1948; x_wconf 83' lang='grc' dir='ltr'><strong>τοῦ</strong></span> <span class='ocrx_word' id='word_1_361' title='bbox 3174 1893 3512 1962; x_wconf 83' lang='grc' dir='ltr'>Εὐαγγελίου</span> <span class='ocrx_word' id='word_1_362' title='bbox 3535 1894 3625 1962; x_wconf 78' lang='grc' dir='ltr'>τῆς</span> <span class='ocrx_word' id='word_1_363' title='bbox 3651 1897 3717 1945; x_wconf 79' lang='grc' dir='ltr'><strong>εὶ-</strong></span> 
     </span>
    </p>
   </div>
   <div class='ocr_carea' id='block_1_60' title="bbox 2180 1983 3716 2056">
    <p class='ocr_par' dir='ltr' id='par_1_60' title="bbox 2180 1983 3716 2056">
     <span class='ocr_line' id='line_1_60' title="bbox 2180 1983 3716 2056; baseline 0.003 -22"><span class='ocrx_word' id='word_1_364' title='bbox 2180 1983 2370 2051; x_wconf 80' lang='grc' dir='ltr'>ρήνης,</span> <span class='ocrx_word' id='word_1_365' title='bbox 2400 1983 2494 2036; x_wconf 75' lang='grc' dir='ltr'><strong>ἐπὶ</strong></span> <span class='ocrx_word' id='word_1_366' title='bbox 2525 1986 2693 2038; x_wconf 81' lang='grc' dir='ltr'>πᾶσιν</span> <span class='ocrx_word' id='word_1_367' title='bbox 2747 1985 3114 2050; x_wconf 80' lang='grc' dir='ltr'>ἀναλαϐόντες</span> <span class='ocrx_word' id='word_1_368' title='bbox 3155 1985 3248 2038; x_wconf 85' lang='grc' dir='ltr'>τὸν</span> <span class='ocrx_word' id='word_1_369' title='bbox 3283 1985 3482 2056; x_wconf 77' lang='grc' dir='ltr'>θυρεὸν</span> <span class='ocrx_word' id='word_1_370' title='bbox 3524 1985 3618 2054; x_wconf 82' lang='grc' dir='ltr'>τῆς</span> <span class='ocrx_word' id='word_1_371' title='bbox 3645 1987 3716 2038; x_wconf 65' lang='grc' dir='ltr'><strong>πίε</strong></span> 
     </span>
    </p>
   </div>
   <div class='ocr_carea' id='block_1_61' title="bbox 2177 2068 3712 2148">
    <p class='ocr_par' dir='ltr' id='par_1_61' title="bbox 2177 2068 3712 2148">
     <span class='ocr_line' id='line_1_61' title="bbox 2177 2068 3712 2148; baseline 0.001 -22"><span class='ocrx_word' id='word_1_372' title='bbox 2177 2090 2368 2140; x_wconf 73' lang='grc' dir='ltr'>στεως,</span> <span class='ocrx_word' id='word_1_373' title='bbox 2409 2077 2469 2129; x_wconf 72' lang='grc' dir='ltr'>ὲν</span> <span class='ocrx_word' id='word_1_374' title='bbox 2491 2068 2536 2144; x_wconf 82' lang='grc' dir='ltr'><strong>ᾧ</strong></span> <span class='ocrx_word' id='word_1_375' title='bbox 2563 2076 2862 2146; x_wconf 76' lang='grc' dir='ltr'>δυνήσεσθε</span> <span class='ocrx_word' id='word_1_376' title='bbox 2897 2079 3075 2132; x_wconf 80' lang='grc' dir='ltr'>πάντα</span> <span class='ocrx_word' id='word_1_377' title='bbox 3109 2077 3176 2132; x_wconf 82' lang='grc' dir='ltr'>τὰ</span> <span class='ocrx_word' id='word_1_378' title='bbox 3205 2078 3337 2148; x_wconf 83' lang='grc' dir='ltr'>βέλη</span> <span class='ocrx_word' id='word_1_379' title='bbox 3377 2077 3477 2130; x_wconf 78' lang='grc' dir='ltr'><strong>τοῦ</strong></span> <span class='ocrx_word' id='word_1_380' title='bbox 3507 2076 3712 2148; x_wconf 75' lang='grc' dir='ltr'>πονηροῦ</span> 
     </span>
    </p>
   </div>
   <div class='ocr_carea' id='block_1_62' title="bbox 2173 2167 3710 2240">
    <p class='ocr_par' dir='ltr' id='par_1_62' title="bbox 2173 2167 3710 2240">
     <span class='ocr_line' id='line_1_62' title="bbox 2173 2167 3710 2240; baseline 0.003 -22"><span class='ocrx_word' id='word_1_381' title='bbox 2173 2167 2241 2219; x_wconf 78' lang='grc' dir='ltr'><strong>τά</strong></span> <span class='ocrx_word' id='word_1_382' title='bbox 2269 2169 2645 2239; x_wconf 82' lang='grc' dir='ltr'><strong>πεπυρωμένα</strong></span> <span class='ocrx_word' id='word_1_383' title='bbox 2669 2169 2862 2223; x_wconf 74' lang='grc' dir='ltr'>σϐέσαι</span> <span class='ocrx_word' id='word_1_384' title='bbox 2887 2185 2902 2201; x_wconf 75' lang='grc' dir='ltr'>ο</span> <span class='ocrx_word' id='word_1_385' title='bbox 2927 2170 3026 2224; x_wconf 77' lang='grc' dir='ltr'>καὶ</span> <span class='ocrx_word' id='word_1_386' title='bbox 3056 2171 3155 2240; x_wconf 85' lang='grc' dir='ltr'>τὴν</span> <span class='ocrx_word' id='word_1_387' title='bbox 3183 2169 3616 2240; x_wconf 74' lang='grc' dir='ltr'>περικεφαλαίαν</span> <span class='ocrx_word' id='word_1_388' title='bbox 3635 2169 3710 2222; x_wconf 74' lang='grc' dir='ltr'><strong>τοῦ</strong></span> 
     </span>
    </p>
   </div>
   <div class='ocr_carea' id='block_1_63' title="bbox 2175 2258 3708 2331">
    <p class='ocr_par' dir='ltr' id='par_1_63' title="bbox 2175 2258 3708 2331">
     <span class='ocr_line' id='line_1_63' title="bbox 2175 2258 3708 2331; baseline 0.002 -22"><span class='ocrx_word' id='word_1_389' title='bbox 2175 2258 2448 2326; x_wconf 78' lang='grc' dir='ltr'><strong>σωτηρίου</strong></span> <span class='ocrx_word' id='word_1_390' title='bbox 2473 2258 2722 2326; x_wconf 74' lang='grc' dir='ltr'>δέξασθε,</span> <span class='ocrx_word' id='word_1_391' title='bbox 2755 2261 2851 2314; x_wconf 80' lang='grc' dir='ltr'>καὶ</span> <span class='ocrx_word' id='word_1_392' title='bbox 2875 2260 2973 2331; x_wconf 83' lang='grc' dir='ltr'>τὴν</span> <span class='ocrx_word' id='word_1_393' title='bbox 3005 2259 3286 2331; x_wconf 82' lang='grc' dir='ltr'>μάχαιραν</span> <span class='ocrx_word' id='word_1_394' title='bbox 3339 2259 3438 2313; x_wconf 80' lang='grc' dir='ltr'><strong>τοῦ</strong></span> <span class='ocrx_word' id='word_1_395' title='bbox 3491 2260 3708 2329; x_wconf 74' lang='grc' dir='ltr'>Πνεύμσο</span> 
     </span>
    </p>
   </div>
   <div class='ocr_carea' id='block_1_64' title="bbox 2173 2349 3494 2424">
    <p class='ocr_par' dir='ltr' id='par_1_64' title="bbox 2173 2349 3494 2424">
     <span class='ocr_line' id='line_1_64' title="bbox 2173 2349 3494 2424; baseline 0.004 -24"><span class='ocrx_word' id='word_1_396' title='bbox 2173 2363 2283 2413; x_wconf 84' lang='grc' dir='ltr'>τος,</span> <span class='ocrx_word' id='word_1_397' title='bbox 2319 2349 2346 2400; x_wconf 87' lang='grc' dir='ltr'>ὅ</span> <span class='ocrx_word' id='word_1_398' title='bbox 2373 2349 2489 2403; x_wconf 78' lang='grc' dir='ltr'>ἐστι</span> <span class='ocrx_word' id='word_1_399' title='bbox 2520 2351 2669 2420; x_wconf 80' lang='grc' dir='ltr'>ῥῆμα</span> <span class='ocrx_word' id='word_1_400' title='bbox 2696 2350 2856 2405; x_wconf 84' lang='grc' dir='ltr'><strong>Θεοῦ.</strong></span> <span class='ocrx_word' id='word_1_401' title='bbox 3492 2420 3494 2424; x_wconf 21' lang='grc' dir='ltr'><strong><em>τ</em></strong></span> 
     </span>
    </p>
   </div>
   <div class='ocr_carea' id='block_1_65' title="bbox 2244 2434 3704 2514">
    <p class='ocr_par' dir='ltr' id='par_1_65' title="bbox 2244 2434 3704 2514">
     <span class='ocr_line' id='line_1_65' title="bbox 2244 2434 3704 2514; baseline 0.002 -22"><span class='ocrx_word' id='word_1_402' title='bbox 2244 2440 2439 2504; x_wconf 84' lang='grc' dir='ltr'>Ἵππος</span> <span class='ocrx_word' id='word_1_403' title='bbox 2465 2440 2814 2511; x_wconf 76' lang='grc' dir='ltr'>ὲτοιμάζεται</span> <span class='ocrx_word' id='word_1_404' title='bbox 2844 2443 2924 2506; x_wconf 86' lang='grc' dir='ltr'><strong>είς</strong></span> <span class='ocrx_word' id='word_1_405' title='bbox 2947 2442 3167 2514; x_wconf 78' lang='grc' dir='ltr'>ἡμέραν</span> <span class='ocrx_word' id='word_1_406' title='bbox 3192 2442 3438 2513; x_wconf 75' lang='grc' dir='ltr'>πολέμου</span> <span class='ocrx_word' id='word_1_407' title='bbox 3508 2443 3642 2513; x_wconf 73' lang='grc' dir='ltr'>παρὰ</span> <span class='ocrx_word' id='word_1_408' title='bbox 3658 2443 3704 2495; x_wconf 81' lang='grc' dir='ltr'>δὲ</span> 
     </span>
    </p>
   </div>
   <div class='ocr_carea' id='block_1_66' title="bbox 2173 2531 2736 2607">
    <p class='ocr_par' dir='ltr' id='par_1_66' title="bbox 2173 2531 2736 2607">
     <span class='ocr_line' id='line_1_66' title="bbox 2173 2531 2736 2607; baseline 0.004 -21"><span class='ocrx_word' id='word_1_409' title='bbox 2173 2531 2380 2607; x_wconf 75' lang='grc' dir='ltr'>Κυρίου</span> <span class='ocrx_word' id='word_1_410' title='bbox 2417 2534 2450 2603; x_wconf 76' lang='grc' dir='ltr'>ἡ</span> <span class='ocrx_word' id='word_1_411' title='bbox 2486 2532 2736 2604; x_wconf 81' lang='grc' dir='ltr'>βοήθεια.</span> 
     </span>
    </p>
   </div>
   <div class='ocr_carea' id='block_1_67' title="bbox 2256 2623 3703 2696">
    <p class='ocr_par' dir='ltr' id='par_1_67' title="bbox 2256 2623 3703 2696">
     <span class='ocr_line' id='line_1_67' title="bbox 2256 2623 3703 2696; baseline 0.001 -18"><span class='ocrx_word' id='word_1_412' title='bbox 2256 2624 2609 2696; x_wconf 72' lang='grc' dir='ltr'>’ἰσχυροτέρῳ</span> <span class='ocrx_word' id='word_1_413' title='bbox 2665 2641 2762 2678; x_wconf 89' lang='grc' dir='ltr'><strong>σου</strong></span> <span class='ocrx_word' id='word_1_414' title='bbox 2835 2623 2912 2696; x_wconf 73' lang='grc' dir='ltr'>μὴ</span> <span class='ocrx_word' id='word_1_415' title='bbox 2980 2625 3250 2682; x_wconf 80' lang='grc' dir='ltr'>κοινώνει.</span> <span class='ocrx_word' id='word_1_416' title='bbox 3298 2626 3366 2680; x_wconf 84' lang='grc' dir='ltr'>Τί</span> <span class='ocrx_word' id='word_1_417' title='bbox 3420 2628 3703 2695; x_wconf 68' lang='grc' dir='ltr'>κοινωνήσει</span> 
     </span>
    </p>
   </div>
   <div class='ocr_carea' id='block_1_68' title="bbox 2171 2717 3701 2790">
    <p class='ocr_par' dir='ltr' id='par_1_68' title="bbox 2171 2717 3701 2790">
     <span class='ocr_line' id='line_1_68' title="bbox 2171 2717 3701 2790; baseline 0.001 -20"><span class='ocrx_word' id='word_1_418' title='bbox 2171 2717 2511 2790; x_wconf 76' lang='grc' dir='ltr'>χύτραοπρδς</span> <span class='ocrx_word' id='word_1_419' title='bbox 2560 2717 2797 2790; x_wconf 84' lang='grc' dir='ltr'>λέϐητα;</span> <span class='ocrx_word' id='word_1_420' title='bbox 2835 2717 2975 2784; x_wconf 74' lang='grc' dir='ltr'>αὕτη</span> <span class='ocrx_word' id='word_1_421' title='bbox 3037 2717 3408 2788; x_wconf 88' lang='grc' dir='ltr'>προσκρούσει</span> <span class='ocrx_word' id='word_1_422' title='bbox 3455 2719 3546 2773; x_wconf 74' lang='grc' dir='ltr'>καὶ</span> <span class='ocrx_word' id='word_1_423' title='bbox 3585 2718 3701 2787; x_wconf 69' lang='grc' dir='ltr'>αὕτη</span> 
     </span>
    </p>
   </div>
   <div class='ocr_carea' id='block_1_69' title="bbox 2173 2811 2612 2883">
    <p class='ocr_par' dir='ltr' id='par_1_69' title="bbox 2173 2811 2612 2883">
     <span class='ocr_line' id='line_1_69' title="bbox 2173 2811 2612 2883; baseline 0 -17"><span class='ocrx_word' id='word_1_424' title='bbox 2173 2811 2612 2883; x_wconf 82' lang='grc' dir='ltr'>συντριϐήσεται.</span> 
     </span>
    </p>
   </div>
   <div class='ocr_carea' id='block_1_70' title="bbox 2289 2900 3701 2976">
    <p class='ocr_par' dir='ltr' id='par_1_70' title="bbox 2289 2900 3701 2976">
     <span class='ocr_line' id='line_1_70' title="bbox 2289 2900 3701 2976; baseline 0 -16"><span class='ocrx_word' id='word_1_425' title='bbox 2289 2900 2320 2960; x_wconf 76' lang='grc' dir='ltr'>ὗ</span> <span class='ocrx_word' id='word_1_426' title='bbox 2352 2904 2538 2959; x_wconf 71' lang='grc' dir='ltr'>ἕνεκεν</span> <span class='ocrx_word' id='word_1_427' title='bbox 2563 2902 2664 2976; x_wconf 77' lang='grc' dir='ltr'><strong>ζῇν</strong></span> <span class='ocrx_word' id='word_1_428' title='bbox 2713 2902 2938 2972; x_wconf 74' lang='grc' dir='ltr'>ιθέλεις,</span> <span class='ocrx_word' id='word_1_429' title='bbox 2965 2904 3062 2959; x_wconf 79' lang='grc' dir='ltr'>καὶ</span> <span class='ocrx_word' id='word_1_430' title='bbox 3105 2904 3404 2961; x_wconf 77' lang='grc' dir='ltr'>ἀποθανεῖν</span> <span class='ocrx_word' id='word_1_431' title='bbox 3453 2907 3526 2976; x_wconf 83' lang='grc' dir='ltr'>μὴ</span> <span class='ocrx_word' id='word_1_432' title='bbox 3568 2908 3701 2961; x_wconf 66' lang='grc' dir='ltr'>πιστός</span> 
     </span>
    </p>
   </div>
   <div class='ocr_carea' id='block_1_71' title="bbox 2173 3013 2312 3052">
    <p class='ocr_par' dir='ltr' id='par_1_71' title="bbox 2173 3013 2312 3052">
     <span class='ocr_line' id='line_1_71' title="bbox 2173 3013 2312 3052; baseline 0.007 -1"><span class='ocrx_word' id='word_1_433' title='bbox 2173 3013 2312 3052; x_wconf 86' lang='grc' dir='ltr'>κνει.</span> 
     </span>
    </p>
   </div>
   <div class='ocr_carea' id='block_1_72' title="bbox 2253 3087 3698 3161">
    <p class='ocr_par' dir='ltr' id='par_1_72' title="bbox 2253 3087 3698 3161">
     <span class='ocr_line' id='line_1_72' title="bbox 2253 3087 3698 3161; baseline -0.002 -17"><span class='ocrx_word' id='word_1_434' title='bbox 2253 3090 2429 3161; x_wconf 74' lang='grc' dir='ltr'>’ἰσχὺς</span> <span class='ocrx_word' id='word_1_435' title='bbox 2461 3089 2603 3160; x_wconf 75' lang='grc' dir='ltr'><strong>μετά</strong></span> <span class='ocrx_word' id='word_1_436' title='bbox 2636 3089 2736 3160; x_wconf 66' lang='grc' dir='ltr'>μὲν</span> <span class='ocrx_word' id='word_1_437' title='bbox 2784 3089 3102 3160; x_wconf 82' lang='grc' dir='ltr'>φρονήσεως</span> <span class='ocrx_word' id='word_1_438' title='bbox 3143 3087 3432 3159; x_wconf 81' lang='grc' dir='ltr'>ὠφέλησεν</span> <span class='ocrx_word' id='word_1_439' title='bbox 3453 3106 3468 3120; x_wconf 75' lang='grc' dir='ltr'>ο</span> <span class='ocrx_word' id='word_1_440' title='bbox 3501 3089 3616 3144; x_wconf 79' lang='grc' dir='ltr'>ἄνευ</span> <span class='ocrx_word' id='word_1_441' title='bbox 3653 3091 3698 3142; x_wconf 64' lang='grc' dir='ltr'>δᾶ</span> 
     </span>
    </p>
   </div>
   <div class='ocr_carea' id='block_1_73' title="bbox 2169 3182 3026 3254">
    <p class='ocr_par' dir='ltr' id='par_1_73' title="bbox 2169 3182 3026 3254">
     <span class='ocr_line' id='line_1_73' title="bbox 2169 3182 3026 3254; baseline 0 -17"><span class='ocrx_word' id='word_1_442' title='bbox 2169 3182 2372 3253; x_wconf 82' lang='grc' dir='ltr'>ταύτης</span> <span class='ocrx_word' id='word_1_443' title='bbox 2401 3183 2598 3254; x_wconf 76' lang='grc' dir='ltr'>ἔϐλαψε</span> <span class='ocrx_word' id='word_1_444' title='bbox 2627 3183 2754 3248; x_wconf 76' lang='grc' dir='ltr'>τοὺς</span> <span class='ocrx_word' id='word_1_445' title='bbox 2782 3184 3026 3254; x_wconf 70' lang='grc' dir='ltr'>ἔχοντας.</span> 
     </span>
    </p>
   </div>
   <div class='ocr_carea' id='block_1_74' title="bbox 2251 3275 3698 3349">
    <p class='ocr_par' dir='ltr' id='par_1_74' title="bbox 2251 3275 3698 3349">
     <span class='ocr_line' id='line_1_74' title="bbox 2251 3275 3698 3349; baseline 0.002 -19"><span class='ocrx_word' id='word_1_446' title='bbox 2251 3275 2428 3348; x_wconf 80' lang='grc' dir='ltr'><strong>’ἰσχὺς</strong></span> <span class='ocrx_word' id='word_1_447' title='bbox 2459 3277 2586 3331; x_wconf 85' lang='grc' dir='ltr'>νοῦν</span> <span class='ocrx_word' id='word_1_448' title='bbox 2612 3277 2715 3332; x_wconf 83' lang='grc' dir='ltr'><strong>οὐκ</strong></span> <span class='ocrx_word' id='word_1_449' title='bbox 2765 3278 2967 3348; x_wconf 71' lang='grc' dir='ltr'>ἔχουσα</span> <span class='ocrx_word' id='word_1_450' title='bbox 2998 3276 3158 3348; x_wconf 78' lang='grc' dir='ltr'><strong>τάφῳ</strong></span> <span class='ocrx_word' id='word_1_451' title='bbox 3186 3277 3319 3341; x_wconf 75' lang='grc' dir='ltr'>τοὺς</span> <span class='ocrx_word' id='word_1_452' title='bbox 3359 3277 3698 3349; x_wconf 55' lang='lat' dir='ltr'><strong>ﬁnitimum;</strong></span> 
     </span>
    </p>
   </div>
   <div class='ocr_carea' id='block_1_75' title="bbox 2167 3367 2556 3436">
    <p class='ocr_par' dir='ltr' id='par_1_75' title="bbox 2167 3367 2556 3436">
     <span class='ocr_line' id='line_1_75' title="bbox 2167 3367 2556 3436; baseline 0.005 -18"><span class='ocrx_word' id='word_1_453' title='bbox 2167 3367 2556 3436; x_wconf 75' lang='grc' dir='ltr'>παραδίδωσιν.</span> 
     </span>
    </p>
   </div>
   <div class='ocr_carea' id='block_1_76' title="bbox 2250 3457 3694 3536">
    <p class='ocr_par' dir='ltr' id='par_1_76' title="bbox 2250 3457 3694 3536">
     <span class='ocr_line' id='line_1_76' title="bbox 2250 3457 3694 3536; baseline 0.006 -26"><span class='ocrx_word' id='word_1_454' title='bbox 2250 3457 2643 3530; x_wconf 79' lang='grc' dir='ltr'>Ἀνδρειότερος</span> <span class='ocrx_word' id='word_1_455' title='bbox 2673 3457 2814 3517; x_wconf 75' lang='grc' dir='ltr'>εἷναί</span> <span class='ocrx_word' id='word_1_456' title='bbox 2845 3478 2937 3532; x_wconf 83' lang='grc' dir='ltr'><strong>μοι</strong></span> <span class='ocrx_word' id='word_1_457' title='bbox 2966 3463 3115 3518; x_wconf 79' lang='grc' dir='ltr'>δοκεῖ</span> <span class='ocrx_word' id='word_1_458' title='bbox 3143 3466 3177 3518; x_wconf 69' lang='grc' dir='ltr'><strong>δ</strong></span> <span class='ocrx_word' id='word_1_459' title='bbox 3217 3465 3329 3520; x_wconf 86' lang='grc' dir='ltr'><strong>τῶν</strong></span> <span class='ocrx_word' id='word_1_460' title='bbox 3360 3464 3694 3536; x_wconf 66' lang='grc' dir='ltr'>ἱπιθυμιῶνῆ</span> 
     </span>
    </p>
   </div>
   <div class='ocr_carea' id='block_1_77' title="bbox 2165 3549 3698 3629">
    <p class='ocr_par' dir='ltr' id='par_1_77' title="bbox 2165 3549 3698 3629">
     <span class='ocr_line' id='line_1_77' title="bbox 2165 3549 3698 3629; baseline 0.006 -27"><span class='ocrx_word' id='word_1_461' title='bbox 2165 3549 2273 3603; x_wconf 85' lang='grc' dir='ltr'><strong>τῶν</strong></span> <span class='ocrx_word' id='word_1_462' title='bbox 2306 3553 2577 3620; x_wconf 87' lang='grc' dir='ltr'>πολεμίων</span> <span class='ocrx_word' id='word_1_463' title='bbox 2609 3555 2846 3624; x_wconf 86' lang='grc' dir='ltr'>κρατῶν.</span> <span class='ocrx_word' id='word_1_464' title='bbox 2888 3557 2994 3610; x_wconf 77' lang='grc' dir='ltr'><strong>Καὶ</strong></span> <span class='ocrx_word' id='word_1_465' title='bbox 3023 3555 3132 3628; x_wconf 85' lang='grc' dir='ltr'><strong>γὰρ</strong></span> <span class='ocrx_word' id='word_1_466' title='bbox 3164 3559 3544 3629; x_wconf 78' lang='grc' dir='ltr'>χαλεπώτατόν</span> <span class='ocrx_word' id='word_1_467' title='bbox 3575 3561 3698 3613; x_wconf 74' lang='grc' dir='ltr'>ἐστιν</span> 
     </span>
    </p>
   </div>
   <div class='ocr_carea' id='block_1_78' title="bbox 2166 3643 2638 3716">
    <p class='ocr_par' dir='ltr' id='par_1_78' title="bbox 2166 3643 2638 3716">
     <span class='ocr_line' id='line_1_78' title="bbox 2166 3643 2638 3716; baseline 0.011 -19"><span class='ocrx_word' id='word_1_468' title='bbox 2166 3643 2358 3698; x_wconf 77' lang='grc' dir='ltr'>ἑαυτὸν</span> <span class='ocrx_word' id='word_1_469' title='bbox 2393 3646 2638 3716; x_wconf 84' lang='grc' dir='ltr'>νικῆσαι.</span> 
     </span>
    </p>
   </div>
   <div class='ocr_carea' id='block_1_79' title="bbox 2251 3741 3698 3812">
    <p class='ocr_par' dir='ltr' id='par_1_79' title="bbox 2251 3741 3698 3812">
     <span class='ocr_line' id='line_1_79' title="bbox 2251 3741 3698 3812; baseline -0.002 -18"><span class='ocrx_word' id='word_1_470' title='bbox 2251 3741 2522 3810; x_wconf 81' lang='grc' dir='ltr'>Ἀνδρεϊος</span> <span class='ocrx_word' id='word_1_471' title='bbox 2545 3741 2607 3794; x_wconf 82' lang='grc' dir='ltr'><strong>οὐ</strong></span> <span class='ocrx_word' id='word_1_472' title='bbox 2635 3742 2798 3810; x_wconf 84' lang='grc' dir='ltr'>μόνον</span> <span class='ocrx_word' id='word_1_473' title='bbox 2826 3742 2856 3796; x_wconf 82' lang='grc' dir='ltr'>ὁ</span> <span class='ocrx_word' id='word_1_474' title='bbox 2887 3742 3106 3812; x_wconf 85' lang='grc' dir='ltr'>κρατῶν</span> <span class='ocrx_word' id='word_1_475' title='bbox 3136 3743 3244 3796; x_wconf 84' lang='grc' dir='ltr'><strong>τῶν</strong></span> <span class='ocrx_word' id='word_1_476' title='bbox 3277 3744 3563 3812; x_wconf 80' lang='grc' dir='ltr'>πολεμίων,</span> <span class='ocrx_word' id='word_1_477' title='bbox 3584 3742 3698 3794; x_wconf 67' lang='grc' dir='ltr'>ἀλλὰ</span> 
     </span>
    </p>
   </div>
   <div class='ocr_carea' id='block_1_80' title="bbox 2165 3832 3700 3907">
    <p class='ocr_par' dir='ltr' id='par_1_80' title="bbox 2165 3832 3700 3907">
     <span class='ocr_line' id='line_1_80' title="bbox 2165 3832 3700 3907; baseline 0 -23"><span class='ocrx_word' id='word_1_478' title='bbox 2165 3833 2258 3885; x_wconf 77' lang='grc' dir='ltr'>καὶ</span> <span class='ocrx_word' id='word_1_479' title='bbox 2287 3835 2315 3885; x_wconf 83' lang='grc' dir='ltr'>ὀ</span> <span class='ocrx_word' id='word_1_480' title='bbox 2347 3833 2455 3886; x_wconf 85' lang='grc' dir='ltr'><strong>τῶν</strong></span> <span class='ocrx_word' id='word_1_481' title='bbox 2488 3832 2693 3902; x_wconf 79' lang='grc' dir='ltr'>ἡδονῶν</span> <span class='ocrx_word' id='word_1_482' title='bbox 2739 3833 3026 3902; x_wconf 74' lang='grc' dir='ltr'>κρείσσων.</span> <span class='ocrx_word' id='word_1_483' title='bbox 3069 3835 3213 3888; x_wconf 76' lang='grc' dir='ltr'>Ἀλλ’</span> <span class='ocrx_word' id='word_1_484' title='bbox 3239 3836 3286 3889; x_wconf 84' lang='grc' dir='ltr'><strong>ὣ</strong></span> <span class='ocrx_word' id='word_1_485' title='bbox 3327 3835 3428 3907; x_wconf 83' lang='grc' dir='ltr'>τῆς</span> <span class='ocrx_word' id='word_1_486' title='bbox 3459 3833 3700 3905; x_wconf 69' lang='grc' dir='ltr'>ἀνθρωπί-</span> 
     </span>
    </p>
   </div>
   <div class='ocr_carea' id='block_1_81' title="bbox 2166 3924 3704 3995">
    <p class='ocr_par' dir='ltr' id='par_1_81' title="bbox 2166 3924 3704 3995">
     <span class='ocr_line' id='line_1_81' title="bbox 2166 3924 3704 3995; baseline 0.001 -19"><span class='ocrx_word' id='word_1_487' title='bbox 2166 3941 2263 3994; x_wconf 88' lang='grc' dir='ltr'><strong>νης</strong></span> <span class='ocrx_word' id='word_1_488' title='bbox 2309 3924 2723 3994; x_wconf 81' lang='grc' dir='ltr'>ταλαιπωρίαςι</span> <span class='ocrx_word' id='word_1_489' title='bbox 2760 3927 2843 3980; x_wconf 83' lang='grc' dir='ltr'>ὅτι</span> <span class='ocrx_word' id='word_1_490' title='bbox 2899 3927 3082 3981; x_wconf 76' lang='grc' dir='ltr'>πολλοὶ</span> <span class='ocrx_word' id='word_1_491' title='bbox 3136 3927 3399 3992; x_wconf 78' lang='grc' dir='ltr'>πολλάκις</span> <span class='ocrx_word' id='word_1_492' title='bbox 3458 3924 3704 3995; x_wconf 81' lang='grc' dir='ltr'>πολεμίων</span> 
     </span>
    </p>
   </div>
   <div class='ocr_carea' id='block_1_82' title="bbox 2166 4013 3703 4086">
    <p class='ocr_par' dir='ltr' id='par_1_82' title="bbox 2166 4013 3703 4086">
     <span class='ocr_line' id='line_1_82' title="bbox 2166 4013 3703 4086; baseline -0.001 -20"><span class='ocrx_word' id='word_1_493' title='bbox 2166 4013 2494 4082; x_wconf 82' lang='grc' dir='ltr'>κρατοῦντες</span> <span class='ocrx_word' id='word_1_494' title='bbox 2549 4017 2640 4067; x_wconf 78' lang='grc' dir='ltr'>καὶ</span> <span class='ocrx_word' id='word_1_495' title='bbox 2700 4015 2879 4069; x_wconf 78' lang='grc' dir='ltr'>ἄλλων</span> <span class='ocrx_word' id='word_1_496' title='bbox 2931 4015 3118 4082; x_wconf 82' lang='grc' dir='ltr'>τινῶν,</span> <span class='ocrx_word' id='word_1_497' title='bbox 3180 4017 3436 4086; x_wconf 76' lang='grc' dir='ltr'>γυναιξὶν</span> <span class='ocrx_word' id='word_1_498' title='bbox 3486 4015 3703 4070; x_wconf 64' lang='grc' dir='ltr'>ἐδούλευε</span> 
     </span>
    </p>
   </div>
   <div class='ocr_carea' id='block_1_83' title="bbox 2164 4102 3702 4179">
    <p class='ocr_par' dir='ltr' id='par_1_83' title="bbox 2164 4102 3702 4179">
     <span class='ocr_line' id='line_1_83' title="bbox 2164 4102 3702 4179; baseline 0.006 -22"><span class='ocrx_word' id='word_1_499' title='bbox 2164 4121 2287 4158; x_wconf 82' lang='grc' dir='ltr'>σαν.</span> <span class='ocrx_word' id='word_1_500' title='bbox 2333 4106 2430 4157; x_wconf 83' lang='grc' dir='ltr'>Δεῖ</span> <span class='ocrx_word' id='word_1_501' title='bbox 2477 4102 2570 4159; x_wconf 80' lang='grc' dir='ltr'>οὖν</span> <span class='ocrx_word' id='word_1_502' title='bbox 2605 4105 2753 4179; x_wconf 81' lang='grc' dir='ltr'>πάσῃ</span> <span class='ocrx_word' id='word_1_503' title='bbox 2790 4106 3017 4178; x_wconf 80' lang='grc' dir='ltr'>δυνάμει</span> <span class='ocrx_word' id='word_1_504' title='bbox 3077 4106 3172 4171; x_wconf 81' lang='grc' dir='ltr'>τὰς</span> <span class='ocrx_word' id='word_1_505' title='bbox 3211 4108 3527 4176; x_wconf 80' lang='grc' dir='ltr'>γυναικείας</span> <span class='ocrx_word' id='word_1_506' title='bbox 3567 4105 3702 4175; x_wconf 56' lang='grc' dir='ltr'>ὄψεις</span> 
     </span>
    </p>
   </div>
   <div class='ocr_carea' id='block_1_84' title="bbox 2161 4193 2479 4264">
    <p class='ocr_par' dir='ltr' id='par_1_84' title="bbox 2161 4193 2479 4264">
     <span class='ocr_line' id='line_1_84' title="bbox 2161 4193 2479 4264; baseline 0.009 -16"><span class='ocrx_word' id='word_1_507' title='bbox 2161 4193 2479 4264; x_wconf 73' lang='grc' dir='ltr'>ἐκφεύγειν.</span> 
     </span>
    </p>
   </div>
   <div class='ocr_carea' id='block_1_85' title="bbox 2234 4286 3703 4359">
    <p class='ocr_par' dir='ltr' id='par_1_85' title="bbox 2234 4286 3703 4359">
     <span class='ocr_line' id='line_1_85' title="bbox 2234 4286 3703 4359; baseline 0.003 -20"><span class='ocrx_word' id='word_1_508' title='bbox 2234 4287 2468 4350; x_wconf 76' lang='grc' dir='ltr'>Πολλοὺς</span> <span class='ocrx_word' id='word_1_509' title='bbox 2511 4286 2612 4359; x_wconf 80' lang='grc' dir='ltr'>μὲν</span> <span class='ocrx_word' id='word_1_510' title='bbox 2643 4289 2676 4356; x_wconf 79' lang='grc' dir='ltr'><strong>ἠ</strong></span> <span class='ocrx_word' id='word_1_511' title='bbox 2711 4287 2872 4356; x_wconf 85' lang='grc' dir='ltr'>φύσις</span> <span class='ocrx_word' id='word_1_512' title='bbox 2919 4287 3197 4359; x_wconf 83' lang='grc' dir='ltr'>ἀνδρείους</span> <span class='ocrx_word' id='word_1_513' title='bbox 3246 4289 3526 4356; x_wconf 77' lang='grc' dir='ltr'>ὑπέδειξεο</span> <span class='ocrx_word' id='word_1_514' title='bbox 3553 4289 3703 4357; x_wconf 74' lang='grc' dir='ltr'>πείρα.</span> 
     </span>
    </p>
   </div>
   <div class='ocr_carea' id='block_1_86' title="bbox 2161 4380 3480 4454">
    <p class='ocr_par' dir='ltr' id='par_1_86' title="bbox 2161 4380 3480 4454">
     <span class='ocr_line' id='line_1_86' title="bbox 2161 4380 3480 4454; baseline 0.005 -21"><span class='ocrx_word' id='word_1_515' title='bbox 2161 4381 2219 4433; x_wconf 82' lang='grc' dir='ltr'>δὲ</span> <span class='ocrx_word' id='word_1_516' title='bbox 2249 4380 2342 4433; x_wconf 73' lang='grc' dir='ltr'>καὶ</span> <span class='ocrx_word' id='word_1_517' title='bbox 2369 4380 2651 4450; x_wconf 82' lang='grc' dir='ltr'>γυμνασία</span> <span class='ocrx_word' id='word_1_518' title='bbox 2678 4380 3086 4451; x_wconf 80' lang='grc' dir='ltr'>ἀνδρειοτέρους</span> <span class='ocrx_word' id='word_1_519' title='bbox 3117 4382 3480 4454; x_wconf 78' lang='grc' dir='ltr'>κατέστησεν.</span> 
     </span>
    </p>
   </div>
   <div class='ocr_carea' id='block_1_87' title="bbox 559 4453 2068 4543">
    <p class='ocr_par' dir='ltr' id='par_1_87' title="bbox 559 4453 2060 4532">
     <span class='ocr_line' id='line_1_87' title="bbox 559 4453 2060 4532; baseline 0.003 -20"><span class='ocrx_word' id='word_1_520' title='bbox 559 4457 814 4529; x_wconf 76' lang='lat' dir='ltr'><strong>Agesilai.</strong></span> <span class='ocrx_word' id='word_1_521' title='bbox 837 4456 1031 4514; x_wconf 84' lang='lat' dir='ltr'><strong>Nullus</strong></span> <span class='ocrx_word' id='word_1_522' title='bbox 1060 4466 1143 4512; x_wconf 87' lang='lat' dir='ltr'><strong>est</strong></span> <span class='ocrx_word' id='word_1_523' title='bbox 1173 4453 1666 4515; x_wconf 70' lang='lat' dir='ltr'><strong>fortitudinis‘usus</strong></span> <span class='ocrx_word' id='word_1_524' title='bbox 1699 4460 1924 4516; x_wconf 89' lang='lat' dir='ltr'><strong>absente</strong></span> <span class='ocrx_word' id='word_1_525' title='bbox 1969 4461 2060 4532; x_wconf 74' lang='lat' dir='ltr'><strong>ju-</strong></span> 
     </span>
    </p>
   </div>
   <div class='ocr_carea' id='block_1_88' title="bbox 2200 4453 3704 4543">
    <p class='ocr_par' dir='ltr' id='par_1_88' title="bbox 2246 4453 3704 4543">
     <span class='ocr_line' id='line_1_88' title="bbox 2246 4453 3704 4543; baseline -0.003 -19"><span class='ocrx_word' id='word_1_526' title='bbox 2246 4471 2520 4540; x_wconf 73' lang='grc' dir='ltr'>Ἀνδρείας</span> <span class='ocrx_word' id='word_1_527' title='bbox 2568 4469 2723 4524; x_wconf 78' lang='grc' dir='ltr'>οὐδὲν</span> <span class='ocrx_word' id='word_1_528' title='bbox 2763 4469 2977 4538; x_wconf 68' lang='grc' dir='ltr'>ὄφελος,</span> <span class='ocrx_word' id='word_1_529' title='bbox 3009 4472 3086 4542; x_wconf 73' lang='grc' dir='ltr'>μὴ</span> <span class='ocrx_word' id='word_1_530' title='bbox 3138 4453 3422 4543; x_wconf 78' lang='grc' dir='ltr'>παρούσης</span> <span class='ocrx_word' id='word_1_531' title='bbox 3456 4471 3704 4527; x_wconf 76' lang='grc' dir='ltr'>δικαιοσύ-</span> 
     </span>
    </p>
   </div>
   <div class='ocr_carea' id='block_1_89' title="bbox 489 4546 2058 4615">
    <p class='ocr_par' dir='ltr' id='par_1_89' title="bbox 489 4546 2058 4615">
     <span class='ocr_line' id='line_1_89' title="bbox 489 4546 2058 4615; baseline 0.003 -12"><span class='ocrx_word' id='word_1_532' title='bbox 489 4549 634 4603; x_wconf 87' lang='lat' dir='ltr'><strong>stitia</strong></span> <span class='ocrx_word' id='word_1_533' title='bbox 669 4567 683 4603; x_wconf 90' lang='lat'><strong>:</strong></span> <span class='ocrx_word' id='word_1_534' title='bbox 721 4549 766 4604; x_wconf 89' lang='lat' dir='ltr'><strong>si</strong></span> <span class='ocrx_word' id='word_1_535' title='bbox 798 4563 926 4604; x_wconf 82' lang='lat' dir='ltr'><strong>vero</strong></span> <span class='ocrx_word' id='word_1_536' title='bbox 959 4546 1302 4615; x_wconf 79' lang='lat' dir='ltr'><strong>omnesjusti</strong></span> <span class='ocrx_word' id='word_1_537' title='bbox 1330 4558 1536 4615; x_wconf 89' lang='lat' dir='ltr'><strong>essent,</strong></span> <span class='ocrx_word' id='word_1_538' title='bbox 1575 4547 1901 4609; x_wconf 87' lang='lat' dir='ltr'><strong>fortitudine</strong></span> <span class='ocrx_word' id='word_1_539' title='bbox 1918 4552 2058 4608; x_wconf 85' lang='lat' dir='ltr'><strong>nihil</strong></span> 
     </span>
    </p>
   </div>
   <div class='ocr_carea' id='block_1_90' title="bbox 487 4652 726 4710">
    <p class='ocr_par' dir='ltr' id='par_1_90' title="bbox 487 4652 726 4710">
     <span class='ocr_line' id='line_1_90' title="bbox 487 4652 726 4710; baseline -0.004 -15"><span class='ocrx_word' id='word_1_540' title='bbox 487 4652 726 4710; x_wconf 82' lang='lat' dir='ltr'><strong>egerent.</strong></span> 
     </span>
    </p>
   </div>
   <div class='ocr_carea' id='block_1_91' title="bbox 859 4729 1554 4804">
    <p class='ocr_par' dir='ltr' id='par_1_91' title="bbox 859 4729 1554 4804">
     <span class='ocr_line' id='line_1_91' title="bbox 859 4729 1554 4804; baseline 0.004 -19"><span class='ocrx_word' id='word_1_541' title='bbox 859 4730 1094 4786; x_wconf 76' lang='lat' dir='ltr'><strong>SEBMO</strong></span> <span class='ocrx_word' id='word_1_542' title='bbox 1132 4729 1251 4783; x_wconf 76' lang='lat' dir='ltr'>XIII</span> <span class='ocrx_word' id='word_1_543' title='bbox 1290 4729 1387 4802; x_wconf 84' lang='grc' dir='ltr'>[αι.</span> <span class='ocrx_word' id='word_1_544' title='bbox 1416 4730 1554 4804; x_wconf 82' lang='lat' dir='ltr'><strong>XL].</strong></span> 
     </span>
    </p>
   </div>
   <div class='ocr_carea' id='block_1_92' title="bbox 1091 4841 1420 4912">
    <p class='ocr_par' dir='ltr' id='par_1_92' title="bbox 1091 4841 1420 4912">
     <span class='ocr_line' id='line_1_92' title="bbox 1091 4841 1420 4912; baseline 0.003 -15"><span class='ocrx_word' id='word_1_545' title='bbox 1091 4841 1170 4897; x_wconf 87' lang='lat' dir='ltr'><strong>De</strong></span> <span class='ocrx_word' id='word_1_546' title='bbox 1179 4841 1420 4912; x_wconf 76' lang='lat' dir='ltr'><strong>justitia.</strong></span> 
     </span>
    </p>
   </div>
   <div class='ocr_carea' id='block_1_93' title="bbox 485 4956 2046 5029">
    <p class='ocr_par' dir='ltr' id='par_1_93' title="bbox 485 4956 2046 5029">
     <span class='ocr_line' id='line_1_93' title="bbox 485 4956 2046 5029; baseline 0.002 -16"><span class='ocrx_word' id='word_1_547' title='bbox 485 4979 490 4984; x_wconf 54' lang='grc' dir='ltr'><strong>δ</strong></span> <span class='ocrx_word' id='word_1_548' title='bbox 563 4958 829 5014; x_wconf 83' lang='lat' dir='ltr'><strong>Malth.v.</strong></span> <span class='ocrx_word' id='word_1_549' title='bbox 861 4956 1010 5013; x_wconf 86' lang='lat' dir='ltr'><strong>Beati</strong></span> <span class='ocrx_word' id='word_1_550' title='bbox 1042 4958 1132 5027; x_wconf 89' lang='lat' dir='ltr'><strong>qui</strong></span> <span class='ocrx_word' id='word_1_551' title='bbox 1157 4959 1406 5013; x_wconf 90' lang='lat' dir='ltr'><strong>esuriunt</strong></span> <span class='ocrx_word' id='word_1_552' title='bbox 1439 4965 1494 5014; x_wconf 90' lang='lat' dir='ltr'><strong>et</strong></span> <span class='ocrx_word' id='word_1_553' title='bbox 1526 4956 1718 5015; x_wconf 84' lang='lat' dir='ltr'><strong>sitiunt</strong></span> <span class='ocrx_word' id='word_1_554' title='bbox 1743 4959 2046 5029; x_wconf 84' lang='lat' dir='ltr'><strong>justitiam:</strong></span> 
     </span>
    </p>
   </div>
   <div class='ocr_carea' id='block_1_94' title="bbox 487 5049 1213 5120">
    <p class='ocr_par' dir='ltr' id='par_1_94' title="bbox 487 5049 1213 5120">
     <span class='ocr_line' id='line_1_94' title="bbox 487 5049 1213 5120; baseline 0 -16"><span class='ocrx_word' id='word_1_555' title='bbox 487 5050 590 5120; x_wconf 90' lang='lat' dir='ltr'><strong>ipsi</strong></span> <span class='ocrx_word' id='word_1_556' title='bbox 623 5049 765 5105; x_wconf 89' lang='lat' dir='ltr'><strong>enim</strong></span> <span class='ocrx_word' id='word_1_557' title='bbox 799 5049 1213 5104; x_wconf 86' lang='lat' dir='ltr'><strong>saturabuntur.</strong></span> 
     </span>
    </p>
   </div>
   <div class='ocr_carea' id='block_1_95' title="bbox 555 5138 2051 5208">
    <p class='ocr_par' dir='ltr' id='par_1_95' title="bbox 555 5138 2051 5208">
     <span class='ocr_line' id='line_1_95' title="bbox 555 5138 2051 5208; baseline 0.005 -16"><span class='ocrx_word' id='word_1_558' title='bbox 555 5138 713 5193; x_wconf 84' lang='lat' dir='ltr'><strong>Rom.</strong></span> <span class='ocrx_word' id='word_1_559' title='bbox 748 5139 922 5192; x_wconf 78' lang='lat' dir='ltr'><strong>xt.An</strong></span> <span class='ocrx_word' id='word_1_560' title='bbox 951 5138 1172 5194; x_wconf 88' lang='lat' dir='ltr'><strong>nescitis</strong></span> <span class='ocrx_word' id='word_1_561' title='bbox 1202 5141 1346 5208; x_wconf 91' lang='lat' dir='ltr'><strong>quod</strong></span> <span class='ocrx_word' id='word_1_562' title='bbox 1378 5139 1465 5194; x_wconf 86' lang='lat' dir='ltr'><strong>cui</strong></span> <span class='ocrx_word' id='word_1_563' title='bbox 1501 5139 1777 5197; x_wconf 79' lang='lat' dir='ltr'><strong>exhibetis</strong></span> <span class='ocrx_word' id='word_1_564' title='bbox 1805 5156 1901 5197; x_wconf 87' lang='lat' dir='ltr'><strong>vos</strong></span> <span class='ocrx_word' id='word_1_565' title='bbox 1935 5158 2051 5200; x_wconf 88' lang='lat' dir='ltr'><strong>ser-</strong></span> 
     </span>
    </p>
   </div>
   <div class='ocr_carea' id='block_1_96' title="bbox 485 5227 2051 5303">
    <p class='ocr_par' dir='ltr' id='par_1_96' title="bbox 485 5227 2051 5303">
     <span class='ocr_line' id='line_1_96' title="bbox 485 5227 2051 5303; baseline 0.005 -22"><span class='ocrx_word' id='word_1_566' title='bbox 485 5242 583 5282; x_wconf 84' lang='lat' dir='ltr'><strong>vos</strong></span> <span class='ocrx_word' id='word_1_567' title='bbox 613 5229 679 5281; x_wconf 87' lang='lat' dir='ltr'><strong>ad</strong></span> <span class='ocrx_word' id='word_1_568' title='bbox 710 5227 1094 5291; x_wconf 88' lang='lat' dir='ltr'><strong>obedientiam,</strong></span> <span class='ocrx_word' id='word_1_569' title='bbox 1128 5228 1267 5282; x_wconf 85' lang='lat' dir='ltr'><strong>servi</strong></span> <span class='ocrx_word' id='word_1_570' title='bbox 1298 5230 1432 5283; x_wconf 87' lang='lat' dir='ltr'><strong>estis</strong></span> <span class='ocrx_word' id='word_1_571' title='bbox 1462 5229 1578 5299; x_wconf 87' lang='lat' dir='ltr'><strong>ejus</strong></span> <span class='ocrx_word' id='word_1_572' title='bbox 1637 5229 1723 5284; x_wconf 91' lang='lat' dir='ltr'><strong>cui</strong></span> <span class='ocrx_word' id='word_1_573' title='bbox 1786 5232 2051 5303; x_wconf 90' lang='lat' dir='ltr'><strong>obeditis,</strong></span> 
     </span>
    </p>
   </div>
   <div class='ocr_carea' id='block_1_97' title="bbox 2164 4561 3706 4648">
    <p class='ocr_par' dir='ltr' id='par_1_97' title="bbox 2164 4561 3706 4648">
     <span class='ocr_line' id='line_1_97' title="bbox 2164 4561 3706 4648; baseline 0.005 -33"><span class='ocrx_word' id='word_1_574' title='bbox 2164 4579 2280 4633; x_wconf 87' lang='grc' dir='ltr'>νης.</span> <span class='ocrx_word' id='word_1_575' title='bbox 2311 4563 2372 4614; x_wconf 84' lang='lat' dir='ltr'><strong>El</strong></span> <span class='ocrx_word' id='word_1_576' title='bbox 2403 4561 2463 4615; x_wconf 71' lang='grc' dir='ltr'>δὲ</span> <span class='ocrx_word' id='word_1_577' title='bbox 2501 4561 2704 4648; x_wconf 82' lang='grc' dir='ltr'>δίκαιοι</span> <span class='ocrx_word' id='word_1_578' title='bbox 2751 4563 2953 4627; x_wconf 85' lang='grc' dir='ltr'>πάντες</span> <span class='ocrx_word' id='word_1_579' title='bbox 2998 4563 3260 4632; x_wconf 79' lang='grc' dir='ltr'>γένοιντο,</span> <span class='ocrx_word' id='word_1_580' title='bbox 3285 4565 3444 4619; x_wconf 74' lang='grc' dir='ltr'>οὐδὲν</span> <span class='ocrx_word' id='word_1_581' title='bbox 3471 4563 3706 4635; x_wconf 71' lang='grc' dir='ltr'>ἀνδρείας</span> 
     </span>
    </p>
   </div>
   <div class='ocr_carea' id='block_1_98' title="bbox 2158 4656 2462 4727">
    <p class='ocr_par' dir='ltr' id='par_1_98' title="bbox 2158 4656 2462 4727">
     <span class='ocr_line' id='line_1_98' title="bbox 2158 4656 2462 4727; baseline -0.01 -17"><span class='ocrx_word' id='word_1_582' title='bbox 2158 4656 2462 4727; x_wconf 79' lang='grc' dir='ltr'>δεήσονται.</span> 
     </span>
    </p>
   </div>
   <div class='ocr_carea' id='block_1_99' title="bbox 2769 4745 3121 4801">
    <p class='ocr_par' dir='ltr' id='par_1_99' title="bbox 2769 4745 3121 4801">
     <span class='ocr_line' id='line_1_99' title="bbox 2769 4745 3121 4801; baseline 0.003 -1"><span class='ocrx_word' id='word_1_583' title='bbox 2769 4746 2988 4800; x_wconf 85' lang='grc' dir='ltr'><strong>ΛΟΓΟΣ</strong></span> <span class='ocrx_word' id='word_1_584' title='bbox 3020 4745 3121 4801; x_wconf 82' lang='grc' dir='ltr'><strong>1Γ⁹⁶</strong></span> 
     </span>
    </p>
   </div>
   <div class='ocr_carea' id='block_1_100' title="bbox 2650 4861 3230 4931">
    <p class='ocr_par' dir='ltr' id='par_1_100' title="bbox 2650 4861 3230 4931">
     <span class='ocr_line' id='line_1_100' title="bbox 2650 4861 3230 4931; baseline 0.003 -14"><span class='ocrx_word' id='word_1_585' title='bbox 2650 4861 2789 4930; x_wconf 73' lang='grc' dir='ltr'>Περὶ</span> <span class='ocrx_word' id='word_1_586' title='bbox 2813 4863 3230 4931; x_wconf 82' lang='grc' dir='ltr'>δικαιοσύνης.</span> 
     </span>
    </p>
   </div>
   <div class='ocr_carea' id='block_1_101' title="bbox 2226 4973 3701 5047">
    <p class='ocr_par' dir='ltr' id='par_1_101' title="bbox 2226 4973 3701 5047">
     <span class='ocr_line' id='line_1_101' title="bbox 2226 4973 3701 5047; baseline -0.002 -20"><span class='ocrx_word' id='word_1_587' title='bbox 2226 4975 2502 5044; x_wconf 75' lang='grc' dir='ltr'>Μακάριοι</span> <span class='ocrx_word' id='word_1_588' title='bbox 2546 4975 2596 5028; x_wconf 78' lang='grc' dir='ltr'>οί</span> <span class='ocrx_word' id='word_1_589' title='bbox 2625 4974 2916 5036; x_wconf 81' lang='grc' dir='ltr'>πεινῶντες</span> <span class='ocrx_word' id='word_1_590' title='bbox 2947 4974 3042 5026; x_wconf 74' lang='grc' dir='ltr'>καὶ</span> <span class='ocrx_word' id='word_1_591' title='bbox 3087 4973 3353 5042; x_wconf 74' lang='grc' dir='ltr'>διψῶντες</span> <span class='ocrx_word' id='word_1_592' title='bbox 3387 4974 3481 5047; x_wconf 76' lang='grc' dir='ltr'>τὴν</span> <span class='ocrx_word' id='word_1_593' title='bbox 3508 4973 3701 5027; x_wconf 76' lang='grc' dir='ltr'>δικαιο-</span> 
     </span>
    </p>
   </div>
   <div class='ocr_carea' id='block_1_102' title="bbox 2158 5061 3154 5136">
    <p class='ocr_par' dir='ltr' id='par_1_102' title="bbox 2158 5061 3154 5136">
     <span class='ocr_line' id='line_1_102' title="bbox 2158 5061 3154 5136; baseline 0.005 -21"><span class='ocrx_word' id='word_1_594' title='bbox 2158 5061 2347 5136; x_wconf 87' lang='grc' dir='ltr'>σύνην,</span> <span class='ocrx_word' id='word_1_595' title='bbox 2383 5065 2463 5118; x_wconf 80' lang='grc' dir='ltr'>ὅτι</span> <span class='ocrx_word' id='word_1_596' title='bbox 2489 5066 2642 5119; x_wconf 78' lang='grc' dir='ltr'>αὐτοὶ</span> <span class='ocrx_word' id='word_1_597' title='bbox 2673 5066 3154 5136; x_wconf 81' lang='grc' dir='ltr'>χορτασθήσονται.</span> 
     </span>
    </p>
   </div>
   <div class='ocr_carea' id='block_1_103' title="bbox 2229 5149 3707 5227">
    <p class='ocr_par' dir='ltr' id='par_1_103' title="bbox 2229 5149 3707 5227">
     <span class='ocr_line' id='line_1_103' title="bbox 2229 5149 3707 5227; baseline -0.001 -19"><span class='ocrx_word' id='word_1_598' title='bbox 2229 5157 2344 5208; x_wconf 83' lang='grc' dir='ltr'><strong>Οὐκ</strong></span> <span class='ocrx_word' id='word_1_599' title='bbox 2375 5155 2554 5209; x_wconf 81' lang='grc' dir='ltr'>οἴδατε</span> <span class='ocrx_word' id='word_1_600' title='bbox 2603 5158 2686 5210; x_wconf 88' lang='grc' dir='ltr'>ὅτι</span> <span class='ocrx_word' id='word_1_601' title='bbox 2714 5149 2758 5225; x_wconf 81' lang='grc' dir='ltr'>ᾧ</span> <span class='ocrx_word' id='word_1_602' title='bbox 2805 5157 3168 5227; x_wconf 82' lang='grc' dir='ltr'>παριστάνετε</span> <span class='ocrx_word' id='word_1_603' title='bbox 3215 5159 3445 5219; x_wconf 79' lang='grc' dir='ltr'>ἑαυτοὺς</span> <span class='ocrx_word' id='word_1_604' title='bbox 3494 5155 3707 5216; x_wconf 62' lang='grc' dir='ltr'>δούλους</span> 
     </span>
    </p>
   </div>
   <div class='ocr_carea' id='block_1_104' title="bbox 2153 5244 3706 5322">
    <p class='ocr_par' dir='ltr' id='par_1_104' title="bbox 2153 5244 3706 5322">
     <span class='ocr_line' id='line_1_104' title="bbox 2153 5244 3706 5322; baseline 0.003 -22"><span class='ocrx_word' id='word_1_605' title='bbox 2153 5247 2235 5306; x_wconf 75' lang='grc' dir='ltr'><strong>είς</strong></span> <span class='ocrx_word' id='word_1_606' title='bbox 2277 5247 2547 5318; x_wconf 79' lang='grc' dir='ltr'>ὑπακοὴν,</span> <span class='ocrx_word' id='word_1_607' title='bbox 2580 5248 2755 5302; x_wconf 84' lang='grc' dir='ltr'>δοῦλοί</span> <span class='ocrx_word' id='word_1_608' title='bbox 2794 5251 2918 5302; x_wconf 80' lang='grc' dir='ltr'>ἐστε</span> <span class='ocrx_word' id='word_1_609' title='bbox 2957 5244 3001 5320; x_wconf 86' lang='grc' dir='ltr'>ᾧ</span> <span class='ocrx_word' id='word_1_610' title='bbox 3030 5251 3361 5318; x_wconf 78' lang='grc' dir='ltr'>ὑπακούετε,</span> <span class='ocrx_word' id='word_1_611' title='bbox 3390 5254 3497 5322; x_wconf 72' lang='grc' dir='ltr'>ἦτοι</span> <span class='ocrx_word' id='word_1_612' title='bbox 3526 5250 3706 5320; x_wconf 68' lang='grc' dir='ltr'>ἀμαρ-</span> 
     </span>
    </p>
   </div>
   <div class='ocr_carea' id='block_1_105' title="bbox 483 5319 2068 5411">
    <p class='ocr_par' dir='ltr' id='par_1_105' title="bbox 483 5319 2052 5397">
     <span class='ocr_line' id='line_1_105' title="bbox 483 5319 2052 5397; baseline 0.004 -22"><span class='ocrx_word' id='word_1_613' title='bbox 483 5321 596 5376; x_wconf 90' lang='lat' dir='ltr'><strong>sive</strong></span> <span class='ocrx_word' id='word_1_614' title='bbox 626 5319 828 5390; x_wconf 85' lang='lat' dir='ltr'><strong>peccati</strong></span> <span class='ocrx_word' id='word_1_615' title='bbox 862 5322 928 5376; x_wconf 89' lang='lat' dir='ltr'><strong>ad</strong></span> <span class='ocrx_word' id='word_1_616' title='bbox 964 5331 1213 5387; x_wconf 89' lang='lat' dir='ltr'><strong>mortem,</strong></span> <span class='ocrx_word' id='word_1_617' title='bbox 1251 5324 1364 5378; x_wconf 87' lang='lat' dir='ltr'><strong>sive</strong></span> <span class='ocrx_word' id='word_1_618' title='bbox 1403 5323 1722 5379; x_wconf 72' lang='lat' dir='ltr'><strong>obedientize</strong></span> <span class='ocrx_word' id='word_1_619' title='bbox 1759 5325 1826 5380; x_wconf 89' lang='lat' dir='ltr'><strong>ad</strong></span> <span class='ocrx_word' id='word_1_620' title='bbox 1884 5327 2052 5397; x_wconf 88' lang='lat' dir='ltr'><strong>justi-</strong></span> 
     </span>
    </p>
   </div>
   <div class='ocr_carea' id='block_1_106' title="bbox 2200 5319 3522 5411">
    <p class='ocr_par' dir='ltr' id='par_1_106' title="bbox 2203 5319 3522 5411">
     <span class='ocr_line' id='line_1_106' title="bbox 2203 5319 3522 5411; baseline 0.002 -22"><span class='ocrx_word' id='word_1_621' title='bbox 2203 5355 2263 5398; x_wconf 87' lang='grc' dir='ltr'><strong>ας</strong></span> <span class='ocrx_word' id='word_1_622' title='bbox 2291 5338 2370 5400; x_wconf 81' lang='grc' dir='ltr'>εἰς</span> <span class='ocrx_word' id='word_1_623' title='bbox 2405 5337 2652 5402; x_wconf 80' lang='grc' dir='ltr'>θάνατον,</span> <span class='ocrx_word' id='word_1_624' title='bbox 2687 5337 2720 5408; x_wconf 80' lang='grc' dir='ltr'>ἢ</span> <span class='ocrx_word' id='word_1_625' title='bbox 2753 5339 3005 5410; x_wconf 80' lang='grc' dir='ltr'>ὑπακοῆς</span> <span class='ocrx_word' id='word_1_626' title='bbox 3037 5341 3118 5404; x_wconf 88' lang='grc' dir='ltr'><strong>είς</strong></span> <span class='ocrx_word' id='word_1_627' title='bbox 3146 5319 3522 5411; x_wconf 57' lang='lat' dir='ltr'><strong>daemonium;</strong></span> 
     </span>
    </p>
   </div>
   <div class='ocr_carea' id='block_1_107' title="bbox 482 5409 651 5465">
    <p class='ocr_par' dir='ltr' id='par_1_107' title="bbox 482 5409 651 5465">
     <span class='ocr_line' id='line_1_107' title="bbox 482 5409 651 5465; baseline 0 -1"><span class='ocrx_word' id='word_1_628' title='bbox 482 5409 651 5465; x_wconf 82' lang='lat' dir='ltr'><strong>tiam?</strong></span> 
     </span>
    </p>
   </div>
   <div class='ocr_carea' id='block_1_108' title="bbox 549 5499 2042 5576">
    <p class='ocr_par' dir='ltr' id='par_1_108' title="bbox 549 5499 2042 5576">
     <span class='ocr_line' id='line_1_108' title="bbox 549 5499 2042 5576; baseline 0.005 -21"><span class='ocrx_word' id='word_1_629' title='bbox 549 5499 802 5556; x_wconf 81' lang='lat' dir='ltr'><strong>Proverb.</strong></span> <span class='ocrx_word' id='word_1_630' title='bbox 825 5500 1174 5557; x_wconf 78' lang='lat' dir='ltr'><strong>x1v.Justitia</strong></span> <span class='ocrx_word' id='word_1_631' title='bbox 1207 5503 1411 5558; x_wconf 82' lang='lat' dir='ltr'><strong>exaltat</strong></span> <span class='ocrx_word' id='word_1_632' title='bbox 1436 5515 1670 5576; x_wconf 77' lang='lat' dir='ltr'><strong>gentem,</strong></span> <span class='ocrx_word' id='word_1_633' title='bbox 1707 5505 2042 5564; x_wconf 87' lang='lat' dir='ltr'><strong>imminuunt</strong></span> 
     </span>
    </p>
   </div>
   <div class='ocr_carea' id='block_1_109' title="bbox 480 5595 1201 5664">
    <p class='ocr_par' dir='ltr' id='par_1_109' title="bbox 480 5595 1201 5664">
     <span class='ocr_line' id='line_1_109' title="bbox 480 5595 1201 5664; baseline -0.001 -15"><span class='ocrx_word' id='word_1_634' title='bbox 480 5604 657 5649; x_wconf 88' lang='lat' dir='ltr'><strong>autem</strong></span> <span class='ocrx_word' id='word_1_635' title='bbox 698 5595 926 5664; x_wconf 90' lang='lat' dir='ltr'><strong>pOpuIOS</strong></span> <span class='ocrx_word' id='word_1_636' title='bbox 960 5604 1201 5663; x_wconf 85' lang='lat' dir='ltr'><strong>peccata.</strong></span> 
     </span>
    </p>
   </div>
   <div class='ocr_carea' id='block_1_110' title="bbox 543 5679 2038 5761">
    <p class='ocr_par' dir='ltr' id='par_1_110' title="bbox 543 5679 2038 5761">
     <span class='ocr_line' id='line_1_110' title="bbox 543 5679 2038 5761; baseline 0.008 -25"><span class='ocrx_word' id='word_1_637' title='bbox 543 5679 791 5741; x_wconf 87' lang='lat' dir='ltr'><strong>Pretiosa</strong></span> <span class='ocrx_word' id='word_1_638' title='bbox 820 5698 907 5741; x_wconf 89' lang='lat' dir='ltr'><strong>res</strong></span> <span class='ocrx_word' id='word_1_639' title='bbox 935 5685 1110 5740; x_wconf 88' lang='lat' dir='ltr'><strong>estvir</strong></span> <span class='ocrx_word' id='word_1_640' title='bbox 1125 5701 1318 5755; x_wconf 89' lang='lat' dir='ltr'><strong>purus,</strong></span> <span class='ocrx_word' id='word_1_641' title='bbox 1348 5689 1638 5746; x_wconf 86' lang='lat' dir='ltr'><strong>ambulans</strong></span> <span class='ocrx_word' id='word_1_642' title='bbox 1659 5691 1712 5745; x_wconf 90' lang='lat' dir='ltr'><strong>in</strong></span> <span class='ocrx_word' id='word_1_643' title='bbox 1745 5690 1845 5748; x_wconf 85' lang='lat' dir='ltr'><strong>viis</strong></span> <span class='ocrx_word' id='word_1_644' title='bbox 1869 5691 2038 5761; x_wconf 83' lang='lat' dir='ltr'><strong>juSti-</strong></span> 
     </span>
    </p>
   </div>
   <div class='ocr_carea' id='block_1_111' title="bbox 472 5775 580 5830">
    <p class='ocr_par' dir='ltr' id='par_1_111' title="bbox 472 5775 580 5830">
     <span class='ocr_line' id='line_1_111' title="bbox 472 5775 580 5830; baseline -0.009 0"><span class='ocrx_word' id='word_1_645' title='bbox 472 5775 580 5830; x_wconf 69' lang='lat' dir='ltr'><strong>tiae.</strong></span> 
     </span>
    </p>
   </div>
   <div class='ocr_carea' id='block_1_112' title="bbox 2221 5513 3712 5592">
    <p class='ocr_par' dir='ltr' id='par_1_112' title="bbox 2221 5513 3712 5592">
     <span class='ocr_line' id='line_1_112' title="bbox 2221 5513 3712 5592; baseline 0.005 -25"><span class='ocrx_word' id='word_1_646' title='bbox 2221 5513 2546 5587; x_wconf 88' lang='grc' dir='ltr'>Δικαιοσύνη</span> <span class='ocrx_word' id='word_1_647' title='bbox 2585 5517 2712 5588; x_wconf 74' lang='grc' dir='ltr'>ύψοῖ</span> <span class='ocrx_word' id='word_1_648' title='bbox 2736 5516 2906 5586; x_wconf 76' lang='grc' dir='ltr'>ἔθνος,</span> <span class='ocrx_word' id='word_1_649' title='bbox 2941 5521 3228 5577; x_wconf 76' lang='grc' dir='ltr'>ὲλασσοῦσι</span> <span class='ocrx_word' id='word_1_650' title='bbox 3256 5521 3313 5577; x_wconf 87' lang='grc' dir='ltr'>δὲ</span> <span class='ocrx_word' id='word_1_651' title='bbox 3344 5520 3501 5592; x_wconf 70' lang='grc' dir='ltr'>φυλὰς</span> <span class='ocrx_word' id='word_1_652' title='bbox 3521 5520 3712 5590; x_wconf 71' lang='grc' dir='ltr'>ἁμαρ-</span> 
     </span>
    </p>
   </div>
   <div class='ocr_carea' id='block_1_113' title="bbox 2150 5606 2284 5659">
    <p class='ocr_par' dir='ltr' id='par_1_113' title="bbox 2150 5606 2284 5659">
     <span class='ocr_line' id='line_1_113' title="bbox 2150 5606 2284 5659; baseline 0.015 -2"><span class='ocrx_word' id='word_1_653' title='bbox 2150 5606 2284 5659; x_wconf 84' lang='grc' dir='ltr'>τίαι.</span> 
     </span>
    </p>
   </div>
   <div class='ocr_carea' id='block_1_114' title="bbox 2223 5697 3711 5779">
    <p class='ocr_par' dir='ltr' id='par_1_114' title="bbox 2223 5697 3711 5779">
     <span class='ocr_line' id='line_1_114' title="bbox 2223 5697 3711 5779; baseline 0.013 -30"><span class='ocrx_word' id='word_1_654' title='bbox 2223 5697 2342 5766; x_wconf 81' lang='grc' dir='ltr'><strong>Κτῆ</strong></span> <span class='ocrx_word' id='word_1_655' title='bbox 2352 5716 2427 5767; x_wconf 85' lang='grc' dir='ltr'><strong>μα</strong></span> <span class='ocrx_word' id='word_1_656' title='bbox 2455 5700 2635 5768; x_wconf 87' lang='grc' dir='ltr'>τίμιον</span> <span class='ocrx_word' id='word_1_657' title='bbox 2660 5701 2800 5773; x_wconf 74' lang='grc' dir='ltr'>ἀνὴρ</span> <span class='ocrx_word' id='word_1_658' title='bbox 2823 5704 3082 5773; x_wconf 80' lang='grc' dir='ltr'>καθαρὸς,</span> <span class='ocrx_word' id='word_1_659' title='bbox 3109 5707 3459 5779; x_wconf 72' lang='grc' dir='ltr'>πορευόμενος</span> <span class='ocrx_word' id='word_1_660' title='bbox 3485 5707 3538 5760; x_wconf 75' lang='grc' dir='ltr'>ἐν</span> <span class='ocrx_word' id='word_1_661' title='bbox 3551 5703 3711 5768; x_wconf 65' lang='grc' dir='ltr'>ὁδθῑς</span> 
     </span>
    </p>
   </div>
   <div class='ocr_carea' id='block_1_115' title="bbox 2149 5789 2510 5861">
    <p class='ocr_par' dir='ltr' id='par_1_115' title="bbox 2149 5789 2510 5861">
     <span class='ocr_line' id='line_1_115' title="bbox 2149 5789 2510 5861; baseline 0.017 -21"><span class='ocrx_word' id='word_1_662' title='bbox 2149 5789 2510 5861; x_wconf 85' lang='grc' dir='ltr'>δικαιοσύνης.</span> 
     </span>
    </p>
   </div>
  </div>
