3822 6540
161 371 244 431 ωδ
899 367 1067 429 LOCI
1109 370 1545 434 COMMUNES.
1587 397 1653 409 -
1692 373 1887 435 PARS
1924 375 1976 438 Ι.
2015 376 2271 438 SERMO
2310 379 2476 440 XIII.

3246 383 3351 445 {~06

224 486 351 549 Ὁδὸς
378 483 706 555 δικαιοσύνης
739 486 835 543 καὶ
870 489 1245 563 ἐλεημοσύνης
1272 493 1493 563 εὑρήσει
1528 492 1652 563 ζωὴε

1859 496 2200 566 Viajustitia:
2222 507 2275 553 et
2328 492 2731 564 tniSericordiaa,
2791 499 3027 569 reperiet
3078 498 3243 556 vitam
3294 511 3350 557 et

158 581 232 634 καὶ
252 578 410 639 δόξαν.

222 673 467 742 Ὀρύσσων
527 670 716 743 βόθρον
739 674 817 745 τῷ
848 675 1076 747 πλησίον
1109 679 1429 748 ἐμπεσεῖται
1459 680 1540 740 είς
1570 680 1664 732 αύ-

157 767 243 818 τόν.

212 854 335 923 Ζυγά
364 855 558 920 δίκαια,
588 856 684 908 καὶ
719 859 894 930 μέτρα
946 863 1151 933 δίκαια,
1177 868 1271 922 καὶ
1302 870 1431 939 χοῦς
1456 868 1663 934 δίκαιος

154 950 277 999 ἔσται
305 948 437 1000 ύμῖν.

210 966 277 998 ται
305 966 437 1016 υμιν.

206 1038 527 1109 Δικαιοσύνην
561 1042 782 1111 μάθετε,
817 1047 865 1098 οἱ
904 1048 1238 1120 ἐνοικοῦντες
1283 1056 1375 1107 ἐπὶ
1406 1056 1508 1122 τῆς
1533 1060 1658 1126 γῆς.

220 1130 268 1180 't)
292 1130 378 1197 τὴν
407 1131 577 1201 ἀληθῆ
628 1134 983 1207 δικαιοσύνην
1032 1141 1106 1211 μὴ
1164 1143 1306 1211 ἔχων
1358 1165 1662 1216 προεναπο-

151 1222 367 1288 κειμένην
392 1224 546 1276 αὑτοῦ
587 1229 653 1295 τῇ
692 1227 863 1299 ψυχῇ,
896 1231 1011 1283 ἀλλ’
1049 1233 1080 1302 ἢ
1127 1238 1373 1305 χρήμασι
1403 1240 1660 1312 διεφθαρο

153 1313 298 1378 μένος,
331 1314 359 1382 ἢ
391 1315 538 1386 φιλίᾳ
585 1321 963 1391 χαριζόμενος,
1012 1325 1043 1395 ἤ
1092 1328 1260 1399 ἔχθρᾳ
1293 1332 1655 1401 ἀμυνόμενος,

1781 589 2034 659 gloriam.

1847 676 1951 743 Qui
1995 677 2130 733 l‘odit
2163 678 2375 735 foveam
2406 681 2658 750 proximo
2711 696 2830 746 suo,
2880 681 3083 738 incidet
3109 683 3164 737 in
3191 695 3336 738 eam.

1840 856 2008 911 Leuit.
2048 874 2158 913 xu.
2200 857 2441 925 Staterae,
2472 860 2651 927 iustae,
2683 869 2739 914 et
2769 860 3004 929 pondera
3059 861 3229 934 justa,
3289 874 3345 919 et

1772 951 1998 1018 congius
2022 951 2203 1019 justus
2222 954 2326 1005 crit
2355 952 2531 1008 vobis.

1845 1041 1959 1095 Isa.
1993 1042 2192 1097 Discite
2218 1045 2484 1110 justitiam
2529 1046 2616 1114 qui
2653 1046 2908 1101 habitatis
2936 1049 2986 1102 in
3021 1059 3193 1105 terra.

1842 1132 1961 1186 Divi
1993 1132 2201 1187 Basilii.
2228 1135 2329 1199 Qui
2387 1150 2573 1189 veram
2626 1137 2891 1204 justitiam
2921 1155 3029 1193 non
3106 1141 3257 1208 prius
3285 1143 3337 1196 in

1767 1225 1949 1279 animo
1980 1229 2272 1293 repositam
2310 1228 2488 1294 habet,
2516 1233 2610 1284 sed
2643 1240 2735 1283 aut
2754 1233 2999 1298 pecuniis
3023 1234 3129 1301 22
3151 1249 3340 1288 cut-ru-

1765 1329 1891 1387 ptus
1922 1328 2026 1381 est,
2063 1326 2159 1373 aut
2184 1319 2441 1373 amicitiae
2475 1321 2832 1390 gratiﬁcatur,
2872 1333 2966 1376 aut
2993 1325 3335 1380 inimicitiam

151 1404 175 1471 ἢ
207 1404 488 1460 δυναστείαν
512 1409 955 1483 δυσωπούμενος,
987 1419 1046 1471 τὸ
1088 1420 1261 1490 κρίμα
1303 1425 1652 1480 κατευθύνειν

1787 1410 2067 1470 ulciscitur,
2086 1419 2179 1465 aut
2197 1412 2434 1478 potentia
2453 1422 2843 1481 commovetur,
2866 1423 3070 1469 rectum
3096 1416 3337 1485 proferre

147 1495 193 1544 οὐ
216 1494 427 1552 δύναται.

202 1589 487 1661 Δικαιοσύνη
506 1595 647 1649 ἐστὶν
675 1596 788 1665 ἕξις
804 1599 1180 1673 ἀπονεμητικὴ
1209 1606 1302 1660 τοῦ
1327 1611 1449 1662 κατ’
1465 1609 1620 1675 ἀξίαν
1639 1629 1655 1646 ο

148 1684 429 1755 δυσθήρατον
454 1691 509 1744 δὲ
541 1695 723 1760 τοῦτο,
759 1698 868 1752 τῶν
900 1700 1000 1768 μὲν
1029 1702 1115 1757 διά
1146 1703 1204 1757 τὸ
1235 1707 1364 1775 περὶ
1396 1707 1495 1776 τὴν
1527 1710 1657 1778 φρά-

1759 1500 2027 1572 judicium
2055 1501 2263 1571 nequit.

1833 1596 2050 1653 Iustitia
2094 1608 2178 1652 est
2210 1599 2453 1666 habitus,
2482 1603 2779 1664 secundum
2809 1604 3128 1676 dignitatem
3177 1619 3331 1660 suam

1764 1689 1965 1758 cuique
1993 1689 2259 1745 tribuens.
2297 1688 2409 1744 Hoc
2439 1701 2622 1746 autem
2659 1694 2921 1762 consequi
2958 1696 3192 1749 arduum
3223 1704 3331 1755 est,

148 1795 271 1844 νησιν
289 1780 490 1847 mue;
519 1787 617 1857 ούχ
653 1789 1019 1860 εὑρισκόντων
1049 1796 1265 1867 ἑκάστῳ
1289 1799 1567 1869 διανεῖμαι
1596 1803 1652 1856 τὸ

1787 1797 1885 1835 rum
1919 1781 2009 1836 alii
2044 1781 2345 1851 prudentiae
2397 1782 2710 1854 ingeniique
2747 1785 2967 1839 defectu
2996 1786 3125 1853 quid
3144 1786 3333 1855 singn»

147 1869 251 1934 ἴσον,
277 1871 373 1925 τῶν
401 1874 454 1928 δὲ
473 1843 662 1932 Vetach
714 1843 1180 1954 ὲρσκᾷτέξεέσοᾷῖ

1787 1872 1828 1926 is
1865 1873 2072 1942 aequale
2099 1883 2154 1928 et
2181 1888 2484 1943 congruum
2523 1876 2855 1930 distribuant
2917 1878 3164 1932 invenire
3220 1892 3328 1931 non

148 1960 386 2031 θρωπίνων
411 1968 779 2036 ἀφανιζόντων
810 1976 870 2030 τὸ
896 1977 1127 2035 δίκαιον.

194 2230 309 2285 Οὔτε
340 2234 537 2300 πάντας
574 2238 810 2296 ἐνταῦθα
838 2244 1061 2302 ἀπαιτεῖ
1099 2249 1255 2322 δίκην
1292 2253 1320 2306 ὁ
1371 2253 1523 2319 Θεὸς,
1562 2256 1652 2310 ῐνα

144 2322 210 2419 μὴ·
241 2323 470 2419 άωγνῷς
506 2331 606 2400 τὴν
659 2332 980 2403 ἀνάστασιν,
1045 2341 1139 2394 καὶ
1186 2341 1497 2419 ἀπελπίσῃς
1551 2349 1652 2419 τὴν

142 2414 395 2504 κρίσιν,·ὠς
427 2420 645 2476 πάντων
697 2426 933 2483 ἐνταῦθα
982 2431 1233 2487 διδόντων
1280 2414 1477 2504 λόγον-⁸
1526 2414 1650 2493 οὔτε

142 2502 515 2598 τάντειάφίησιν
556 2512 873 2586 ἀτιμωρητὶ
912 2522 1189 2589 ἀπελθεῖν,
1228 2526 1315 2581 ἵνα
1354 2502 1439 2598 μὴ
1485 2528 1651 2585 πάλιν

140 2594 394 2669 ἀπρονόητα
422 2599 558 2657 εἶναι
598 2606 668 2659 τὰ
697 2608 872 2665 πάντα
899 2615 1152 2690 νομίσῃς.

172 2773 476 2915 εΔικαιοσύνη
516 2779 739 2851 λέγεται
770 2787 807 2853 ἠ
851 2786 1039 2843 ἅπασα
1077 2790 1176 2862 τῆς
1213 2791 1392 2866 ψυχῆς
1429 2796 1648 2864 φιλοσο-

186 2880 231 2915 α.

139 2879 231 2928 ῳια.

191 2964 475 3038 Δικαιοσύνη
522 2970 677 3024 ἐστὶν
710 2972 743 3041 ἠ
787 2973 978 3028 πασῶν
1023 2976 1131 3031 τῶν
1159 2978 1393 3035 ἐντολῶν
1424 2981 1648 3055 πλήρω-

141 3068 217 3114 σις.

189 3143 246 3195 Ού
268 3144 471 3200 δύναται
504 3150 537 3216 ή
567 3150 884 3223 ἀνθρωπίνη
920 3155 1083 3224 φύσις
1122 3158 1255 3212 αύτὺ
1300 3162 1559 3233 καθαρῶς
1586 3164 1649 3218 τὸ

138 3230 300 3328 δίκαιον
320 3239 372 3291 ἐν
394 3239 535 3312 ψυχῇ
566 3242 891 3314 θεάσασθαι,
919 3249 991 3303 τά
1028 3250 1201 3306 πολλά
1230 3253 1339 3307 τῶν
1364 3230 1647 3328 loris-p.th

138 3325 523 3392 ἀμϐλυώττουσα.

198 3417 270 3482 Ὧς
287 3424 465 3492 ἔοικεν,
490 3429 522 3496 ἡ
554 3429 874 3503 δικαιοσύνη
899 3437 1244 3505 τετράγωνός
1263 3441 1403 3508 ἐστι,
1438 3442 1643 3498 πάντοο

137 3508 205 3561 θεν
224 3514 298 3586 ίση
323 3518 411 3569 καὶ
436 3521 624 3589 ὁμοία.

197 3600 248 3657 Ἡ
285 3606 368 3660 τοῦ
411 3610 543 3665 Θεοῦ
587 3614 958 3688 δικαιοκρισία
1018 3621 1136 3684 ταῖς
1184 3623 1484 3697 ἡμετέραις
1532 3626 1647 3681 δια-

138 3693 307 3788 θέσεσιν
330 3701 692 3772 ἐξομοιοῦται,
716 3710 811 3762 καὶ
835 3702 1033 3781 οἷάπερ
1063 3711 1129 3765 ἂν
1160 3693 1230 3767 τά
1253 3693 1384 3784 παρ’
1412 3712 1643 3788 ήμῶνῇν

135 3787 312 3844 τοιαῦτα
342 3794 467 3863 ημῖν
490 3796 557 3851 ὲκ
592 3797 702 3852 τῶν
732 3800 936 3871 ὁμοίων
961 3801 1405 3876 ἀντιπαρέχεται.

186 3965 245 4056 Οὐ
274 3969 486 4044 λέγομεν
515 3978 737 4046 φονέας,
770 3979 803 4051 ἢ
829 3981 1079 4052 αἱμάτων
1106 3984 1328 4056 ἀνδρας,
1351 3988 1478 4051 τοὺς
1505 3988 1646 4045 κατά

135 4053 271 4125 θείους
312 4066 501 4137 νόμους
542 4072 973 4141 ἀποκτείνοντας
1008 4077 1137 4141 τοὺς
1173 4053 1359 4145 ἀξίους
1401 4079 1498 4135 τοῦ
1539 4098 1647 4136 πα-

133 4148 234 4219 θεῖν,
261 4156 327 4219 ὡς
361 4159 477 4213 οὐδὲ
510 4162 769 4235 Σαμουὴλ
796 4167 892 4220 καὶ
919 4166 1131 4223 Ἠλίαν.

230 4332 482 4393 ’Δδικείτω
519 4358 589 4412 με
623 4340 898 4413 πλούσιος,
930 4347 1026 4400 καὶ
1065 4348 1141 4419 μὴ
1176 4349 1361 4422 πένης.

222 4507 356 4582 Ῥᾷον
390 4518 579 4590 φέρειν
607 4520 718 4591 γὰρ
744 4525 1066 4594 κρειττόνων
1093 4529 1403 4598 τυραννίδα.

159 4690 581 4853 ἡ’Δγιονιζόμενος
613 4704 753 4777 ὑπὲρ
777 4700 841 4762 οὗ
874 4708 1074 4774 ἀδίκως
1107 4710 1352 4783 ἔπραξας
1377 4756 1391 4781 ,
1418 4714 1501 4780 δὶς
1530 4716 1643 4770 ἀδι-

191 4801 303 4851 σεις.
1018 4812 1019 4815 “

132 4796 303 4851 “tam.
1018 4812 1019 4815 ‘

216 4880 362 4956 Ἀνὴρ
388 4889 596 4956 δίκαιός
620 4894 767 4946 ἐστιν
795 4895 893 4965 οὐχ
920 4895 948 4947 δ
984 4895 1057 4966 μὴ
1085 4896 1304 4962 ἀδικῶν,

216 4969 337 5028 Ἀλλ’
361 4979 506 5043 ὅστις
534 4982 740 5036 ἀδικεῖν
765 4984 1083 5053 δυνάμενος,
1116 4990 1178 5040 ού
1214 4987 1481 5056 βούλεται.

156 5057 427 5161 ,Είᾲβούλιι
459 5072 557 5136 τὰς
604 5073 818 5144 κρίσεις
846 5075 1061 5139 δικαίας
1095 5080 1389 5144 ποιεῖσθαι,
1433 5083 1641 5153 μηδένα

233 5155 587 5243 δικαζομένων
638 5165 732 5218 καὶ
764 5167 1251 5237 δικαιολογούντων
1284 5174 1638 5243 ἑπιγίνωσκε,

126 5233 211 5287 ἀλλ’
239 5242 393 5314 αὐτὴν
413 5248 511 5320 τὴν
549 5250 726 5323 δίκην.

188 5329 431 5409 ’Δσφαλὴς
463 5344 588 5410 ξπᾶς
634 5348 795 5410 τόπος
841 5348 921 5419 τῷ
965 5349 1128 5416 ζῶντι
1176 5353 1315 5421 μετά
1362 5355 1637 5411 δικαιοσύ-

124 5435 212 5484 νης.

178 5514 399 5587 Χρηιπειοῦ
428 5527 563 5595 πρὸς
591 5530 780 5599 ἀνδρὸς
813 5535 979 5603 μηδὲν
1000 5536 1211 5591 ὑπονόει
1238 5540 1427 5593 κακόν.

205 5608 401 5701 Δίκαιος
432 5618 542 5688 γὰρ
558 5618 762 5674 ἀδικεῖν
794 5626 892 5676 ούκ
920 5626 1207 5682 ἐπίσταται
1238 5632 1456 5701 τρόπος.

174 5695 339 5754 Δίκαια
380 5707 475 5773 μιν
522 5711 628 5781 γὰρ
659 5713 903 5781 λέγοντες
938 5718 1139 5780 πολλοὶ,
1167 5695 1328 5775 ἄδικα
1379 5723 1632 5778 ποιοῦσιο
1718 5740 1721 5741 ⁷

119 5778 267 5841 δίκαια
290 5791 341 5845 δὲ
368 5778 857 5866 πραττόντωννούδ
884 5805 950 5859 ἂν
986 5803 1065 5870 εἷς
1098 5778 1281 5875 ἄδικος
1311 5813 1416 5883 εἴη.

1761 1967 1991 2037 possint,
2029 1966 2119 2021 alii
2148 1981 2299 2030 vero,
2319 1967 2581 2037 quoniam
2611 1967 3331 2038 ali'ectibushumanis'prius

1759 2064 2082 2127 occupatum
2152 2056 2356 2111 habent
2428 2056 2697 2122 animum,
2783 2056 3055 2125 justitiam
3109 2056 3326 2112 oblitte-

1761 2157 1897 2201 I‘CIII.

1828 2234 2104 2308 Chrysost.
2133 2236 2275 2292 Deus
2308 2236 2363 2291 in
2391 2236 2494 2291 hoc
2530 2235 2734 2291 mundo
2767 2251 2946 2305 neque
2976 2239 3043 2292 ab
3076 2238 3331 2293 omnibus

1754 2340 1971 2396 poenam
2007 2328 2196 2395 sumit,
2225 2341 2291 2382 ne
2309 2328 2560 2396 desperes
2590 2330 3066 2392 resurrectionem,
3101 2338 3156 2383 et
3206 2329 3328 2384 ani—

1758 2432 1906 2470 mum
1945 2416 2011 2471 de
2043 2416 2247 2479 futuro.
2277 2416 2490 2487 judicio
2513 2417 2876 2487 despondeas,
2912 2430 3170 2487 tanquam
3206 2435 3329 2473 om-

1756 2508 1920 2563 nibus
1950 2508 2037 2563 hic
2061 2509 2114 2562 in
2144 2509 2436 2578 praesentia
2470 2509 2739 2564 rationem
2801 2509 3155 2564 reddentibus
3188 2527 3203 2565 :
3231 2526 3326 2563 ne-

1756 2617 1859 2671 que
1884 2616 2073 2657 omnes
2102 2603 2321 2671 impune
2355 2602 2486 2658 sinit
2547 2604 2720 2667 abire,
2775 2618 2840 2658 ne
2892 2617 3084 2658 rursus
3142 2604 3323 2659 omnia

1756 2695 1893 2749 citra
1920 2693 2325 2771 Providentiam
2348 2695 2567 2750 evenire
2594 2705 2774 2764 putes.

1822 2784 2046 2840 Iustitia
2080 2787 2393 2841 nominatur
2424 2787 2674 2842 universa
2730 2787 2928 2843 animae
2959 2786 3322 2859 philosophia.

1824 2965 2107 3023 Hethodii.
2138 2967 2357 3025 Justitia
2392 2978 2478 3025 est
2502 2968 2747 3024 omnium
2814 2978 3210 3039 praeceptorum
3239 2969 3325 3025 in-

1755 3066 1907 3128 tegra
1941 3060 2274 3119 observatio.

1824 3151 2030 3207 Natura
2061 3152 2297 3206 humana
2333 3167 2440 3207 non
2474 3160 2653 3222 potest
2711 3150 2883 3220 ipsam
2943 3150 3213 3220 justitiam
3266 3150 3321 3205 in

1750 3244 1932 3298 anima
1958 3257 2092 3311 pure
2123 3244 2461 3312 conspicere,
2495 3258 2619 3298 cum
2652 3242 2708 3297 in
2740 3241 3016 3313 plerisque
3036 3241 3323 3311 cogitatio-

1748 3336 1910 3390 nibus
1940 3333 2204 3389 caecutiat.

1816 3423 2059 3489 Justitia,
2090 3431 2147 3478 ut
2187 3423 2420 3489 videtur,
2466 3422 2731 3493 quadrata
2795 3430 2899 3487 est,
2961 3420 3321 3493 undecunque

1745 3516 1974 3585 aqualis
2010 3530 2076 3569 ac
2112 3514 2217 3569 sibi
2255 3513 2476 3569 similis.
3264 3502 3267 3503 ⁷

1818 3607 2029 3662 Justum
2079 3606 2167 3662 Dei
2192 3606 2461 3676 judicium
2493 3606 2696 3664 nostris
2709 3605 3086 3663 aﬂectionibus
3102 3619 3319 3660 accom-

1747 3700 2018 3763 modatur,
2045 3711 2100 3756 et
2129 3701 2547 3771 qualesquidem
2596 3714 2684 3756 res
2729 3710 2925 3754 nostrae
2948 3697 3319 3768 Iucrinl,quo-

1747 3808 1853 3862 que
1879 3807 1939 3848 se
1972 3792 2257 3848 habuerint
2280 3792 2461 3859 modo,
2495 3791 2656 3848 talem
2702 3790 3006 3862 eodemque
3038 3791 3199 3846 modo
3226 3804 3317 3846 re-

1745 3886 2101 3941 tributionem
2134 3884 2415 3939 sortimur.

1819 3974 2163 4045 Cyrilli.Non
2209 3975 2545 4044 appellamus
2600 3973 3317 4044 homicidasautSanguina-

1747 4067 1858 4122 rios
1906 4067 2024 4121 illos
2045 4066 2309 4135 quijuxta
2342 4067 2485 4135 leges
2507 4066 2716 4120 divinas
2751 4066 3050 4121 occiderint
3069 4065 3314 4119 homines

1747 4158 1943 4229 dignos
1965 4159 2061 4229 qui
2095 4170 2326 4212 mortem
2359 4168 2695 4226 paterentur,
2715 4169 2775 4213 ιιι
2804 4174 2979 4228 neque
3007 4157 3311 4212 Samuelem

1744 4257 1801 4304 et
1818 4248 2008 4304 Eliam.

1820 4338 2127 4396 Menandri.
2152 4338 2410 4412 lnjuriam
2446 4340 2596 4396 dives
2626 4341 2822 4397 inferat
2855 4340 3010 4405 mihi,
3037 4355 3144 4395 non
3174 4354 3311 4410 pau-

1748 4444 1867 4499 per.

1674 4531 1721 4589 ι)
1821 4518 2060 4578 Facilius
2108 4524 2254 4579 enim
2303 4532 2387 4579 est
2415 4522 2553 4580 ferre
2586 4525 2929 4596 tyrannidem
2966 4525 3309 4597 praestantio-

1744 4628 1889 4667 rum.
1948 4646 1961 4667 r

1820 4702 2096 4759 Clitore/ii.
2133 4704 2477 4762 Contendens
2508 4707 2574 4762 ad
2633 4707 3033 4763 defendendum
3089 4707 3139 4763 id
3166 4708 3306 4778 quod

1743 4794 1946 4863 injuste
1969 4795 2163 4861 fecisti,
2189 4798 2271 4851 bis
2318 4798 2620 4867 delinquas.
2874 4794 2877 4795 ⁷

1819 4884 2068 4955 Epicteti.
2102 4886 2192 4940 Vir
2217 4888 2521 4956 justusest,
2558 4905 2662 4943 non
2691 4890 2782 4959 qui
2808 4890 3060 4958 iniuriam
3087 4906 3196 4945 non
3229 4890 3307 4946 fa-

1740 4977 1834 5041 cit,
1867 4981 1959 5032 sed
1995 4978 2239 5047 quicum
2280 4977 2458 5033 facere
2486 4979 2676 5047 possit,
2704 4995 2810 5034 non
2849 4981 2982 5036 vult.

1813 5070 1870 5126 Si
1897 5069 2318 5137 voluerisjustas
2354 5074 2706 5140 pronuntiare
2728 5073 3048 5138 sententias,
3101 5074 3304 5128 nullum

1720 5177 1928 5217 eorum
1958 5164 2052 5233 qui
2094 5164 2305 5235 litigant
2326 5171 2380 5217 et
2410 5177 2632 5218 causam
2661 5164 2872 5230 dicunt,
2895 5165 2986 5219 sed
3020 5165 3194 5234 ipsum
3215 5166 3305 5235 jus

1740 5257 2076 5325 cognoscito.

1810 5349 2000 5404 Omnis
2028 5350 2181 5403 locus
2230 5347 2435 5403 homini
2476 5364 2597 5405 cum
2648 5350 2857 5420 justitia
2905 5355 3101 5411 viventi
3154 5363 3299 5410 tutus

1737 5451 1840 5494 est.

1810 5530 1883 5583 De.
1916 5530 2132 5585 homine
2160 5532 2331 5601 probo
2362 5532 2494 5588 nihil
2516 5537 2797 5604 suspicare
2826 5538 2969 5590 mali.

1807 5621 2019 5677 Justum
2057 5623 2200 5677 enim
2232 5624 2507 5695 ingenium
2544 5627 2794 5696 injuriam
2824 5629 3000 5684 facere
3034 5630 3226 5685 nescit.

1809 5714 2188 5783 Xenophontis.
2218 5715 2364 5769 Multi
2390 5718 2614 5784 ctenim,
2640 5719 2784 5787 justa
2814 5722 3075 5788 dicentes,
3102 5724 3302 5789 iniusta

1738 5807 1965 5862 iaciunt.
2001 5806 2218 5863 Illorum
2260 5822 2386 5862 vero
2423 5809 2516 5878 qui
2548 5810 2692 5878 justa
2714 5813 2920 5869 faciunt
2946 5829 3106 5872 nemo
3134 5815 3301 5873 fuerit

1746 5898 2000 5968 injustus.
