3780 6592
379 419 490 479 827

1626 413 1941 472 ΑΝῙῸΝΙΙ
1983 411 2327 472 ΜΕιιδδι-ιι
2823 413 2826 416 ’
3371 463 3374 474 .
3537 417 3626 476 823

384 528 542 598 pulo,
587 535 642 581 et
681 524 978 595 justiticate
1017 525 1259 586 viduam,
1305 532 1357 577 et
1389 524 1565 577 venite
1619 533 1672 578 et
1702 524 1972 592 discepte-

2096 523 2454 590 t6"“°'-5l’~“"7\'.
2475 523 2693 593 κρίνατε
2717 522 2966 593 ὀρφανῷ,
2982 540 3075 575 και
3095 520 3419 574 οικαιὼσατε
3441 525 3622 594 χήραν-

391 635 533 682 mus,
569 618 706 672 dicit
761 616 1045 672 Dominus.
1082 616 1146 672 Et
1182 616 1228 671 si
1273 616 1475 670 fuerim
1527 625 1746 684 peccata
1785 625 1966 669 vestra

391 715 532 765 sirut
582 711 846 773 rubeum,
889 711 1047 780 quasi
1098 711 1274 764 nivem
1316 709 1618 770 dealbabo;
1677 707 1722 764 si
1781 719 1966 762 autem

389 805 594 858 fuerint
629 805 772 857 sicut
805 805 1114 867 coccinum,
1152 801 1319 857 veluti
1352 804 1531 854 lanam
1581 799 1868 854 dealbabo.
1904 798 1972 854 Et

391 896 437 949 si
473 896 780 957 volueritis,
811 903 864 948 et
888 894 1242 949 exaudieritis
1272 907 1378 957 nte,
1415 896 1555 947 bona
1602 902 1760 946 terra:
1787 905 1972 945 come-

392 989 572 1050 detis;
609 989 886 1041 si'autem
939 1003 1044 1040 non
1096 986 1402 1050 volueritis,
1456 998 1636 1054 neque
1685 981 1971 1038 audieritis

383 1077 500 1149 ,34
553 1095 660 1143 me,
713 1078 925 1148 gladius
976 1091 1072 1132 vos
1125 1075 1604 1142 devorabit;nam
1650 1089 1714 1131 os
1757 1072 1972 1128 Domini

389 1175 638 1226 locutum
677 1181 758 1224 est
789 1171 885 1224 ita.

463 1263 600 1318 Cum
628 1277 924 1316 conversus
950 1261 1178 1332 lugebis,
1203 1271 1333 1316 tunc
1353 1261 1541 1316 salvus
1568 1262 1686 1316 lies.

469 1355 579 1411 Isu.
619 1371 771 1410 nm.
816 1353 924 1425 Ego
954 1369 1095 1419 sum,
1131 1371 1231 1424 ego
1271 1369 1416 1418 sum,
1441 1354 1536 1421 qui
1568 1352 1724 1406 deleo
1756 1362 1974 1421 peccata

394 1460 508 1514 tua,
538 1461 593 1504 et
620 1465 728 1504 non
763 1448 1090 1503 recordabor
1129 1463 1343 1504 eorum.
1383 1446 1464 1500 Tu
1498 1462 1624 1501 vero
1653 1445 1972 1500 memoriam

392 1544 526 1598 mihi
575 1541 761 1605 reduc,
805 1540 1177 1610 judicabimur
1204 1538 1391 1593 simul.
1430 1536 1605 1592 Narra
1637 1545 1694 1590 tu
1737 1535 1972 1606 primunt

392 1635 710 1703 iniquitates
740 1644 882 1696 tuas,
919 1640 973 1685 ut
996 1631 1336 1701 justiliceris.

467 1727 676 1781 Sirach.
715 1741 787 1779 tv.
829 1724 947 1779 Non
981 1725 1274 1778 erubescas
1302 1721 1552 1777 conliteri
1595 1729 1821 1790 peccata
1857 1729 1972 1773 tua.

462 1819 541 1875 Ne
576 1831 625 1874 te
654 1821 851 1888 pudeat
879 1819 1075 1870 animm
1106 1825 1230 1869 tute.
1274 1814 1370 1868 Est
1398 1815 1543 1867 enim
1579 1811 1750 1880 pudor
1782 1824 1973 1879 pecca-

2073 617 2163 668 καὶ
2191 615 2344 668 δεῦτε
2381 615 2473 668 καὶ
2520 615 2916 686 διαλεχθῶμεν,
2965 615 3114 682 λέγει
3153 613 3354 685 Κύριος
3379 631 3393 644 ·
3431 615 3522 668 καὶ
3547 619 3625 671 ἐὰν

2072 703 2208 764 ὦσιν
2237 711 2293 762 αἱ
2327 709 2600 780 ἁμαρτίαι
2623 710 2782 778 ὑμῶν
2805 709 2878 773 ὡς
2911 708 3210 778 φοινικοῦν,
3244 709 3317 770 ὡς
3351 709 3504 778 χιόνα
3523 711 3626 764 λευ-

2051 803 2248 855 ’κανῶσ
2276 803 2372 856 ἐὰν
2405 803 2460 856 δὲ
2482 795 2618 856 ὦσιν
2641 802 2716 866 ὡς
2750 803 3028 866 κόκκινον,
3044 801 3178 854 ὡσεὶ
3209 801 3358 871 ἔριον
3381 801 3625 858 λευκανῶ.

2074 895 2184 948 Καὶ
2213 894 2309 948 ἐὰν
2337 894 2554 964 θέλητε,
2583 896 2676 948 καὶ
2703 894 3063 965 εἰσακούσητέ
3103 911 3226 966 μου,
3254 895 3325 947 τὰ
3349 895 3524 962 ἀγαθὰ
3544 898 3628 968 τῆς

2073 985 2175 1056 γῆς
2211 985 2454 1055 φάγεσθε
2480 1002 2492 1015 ·
2538 986 2633 1040 ἐὰν
2661 985 2720 1038 δὲ
2762 985 2837 1055 μὴ
2868 985 3088 1055 θέλητε,
3124 985 3260 1055 μηῗὲ
3294 985 3628 1056 είσακούσητέ

2078 1097 2206 1149 μου,
2247 1083 2498 1152 μάχαιρα
2537 1083 2681 1150 ὑμᾶς
2717 1081 3026 1136 κατέδεται.
3059 1081 3131 1133 Τὸ
3164 1083 3274 1152 γὰρ
3319 1079 3496 1148 στόμα
3536 1082 3629 1133 Κυ-

2078 1175 2197 1246 ρίου
2239 1175 2403 1246 ἐλάλη
2413 1192 2470 1227 σε
2503 1174 2698 1230 ταῦτα.

2147 1264 2316 1317 Ὅταν
2345 1266 2704 1335 ἐπιστραφεὶς
2738 1264 3034 1337 στενάξῃς,
3066 1263 3187 1316 τότε
3227 1261 3478 1332 σωθήσῃ.

2159 1354 2300 1424 Ἐγώ
2347 1358 2484 1425 εἰμι,
2535 1357 2648 1424 ἐγώ
2695 1358 2810 1426 εἰμι
2841 1359 2868 1409 ὁ
2902 1356 3206 1424 ὲξαλείφων
3244 1356 3345 1416 τὰς
3381 1356 3630 1424 ἁμαρτίας

2076 1463 2196 1513 σου,
2225 1448 2319 1499 καὶ
2350 1449 2410 1499 ού
2443 1447 2517 1518 μὴ
2551 1449 2795 1517 μνησθῶ.
2831 1449 2902 1500 Σὺ
2932 1449 2989 1500 δὲ
3023 1447 3296 1518 μνήσθητι
3329 1446 3428 1500 καὶ
3453 1449 3633 1517 κριθῶ-

2079 1557 2199 1610 μεν.
2252 1539 2393 1609 Λέγε
2436 1541 2494 1593 δὲ
2537 1540 2602 1593 σὺ
2649 1541 2866 1612 πρῶτον
2912 1541 3010 1605 τὰς
3054 1542 3284 1611 ἀνομίας
3320 1556 3438 1607 σου,
3471 1541 3549 1593 ἵνα
3575 1542 3634 1594 δι-

2077 1633 2340 1702 καιωθῇς.

2147 1726 2238 1794 Μὴ
2268 1725 2568 1798 αἰσχυνθῇς
2603 1727 2942 1797 ὁμολογῆσαι
2965 1726 3052 1794 ἐφ’
3085 1725 3368 1795 ἁμαρτίας
3403 1742 3516 1778 σου.

2148 1817 2282 1886 Περὶ
2336 1817 2433 1886 τῆς
2468 1817 2651 1887 ψυχῆς
2702 1833 2796 1870 σου
2833 1817 2911 1887 μὴ
2969 1817 3291 1885 αἰσχυνθῇς.
3354 1815 3506 1867 Ἐστι
3549 1815 3634 1882 γὰρ

394 1928 507 1966 tum
555 1913 778 1966 trahens
811 1924 997 1964 secum
1025 1924 1041 1974 ;
1077 1918 1161 1961 est
1194 1907 1320 1958 item
1357 1906 1529 1972 pudor
1558 1903 1744 1972 gloria:
1764 1901 1974 1972 gratia:-

2096 1908 2308 1978 ιὶσχύνη
2337 1910 2620 1977 ἐπάγουσα
2651 1908 2948 1978 ἁμαρτίαν,
2976 1909 3068 1960 καὶ
3099 1907 3246 1960 ἐστιν
3278 1905 3513 1976 αἰσχύνη
3533 1907 3634 1972 δόξα

393 2017 499 2068 nne
534 2000 878 2054 com-iliamr.
912 1995 988 2050 Ne
1022 1995 1188 2050 cedas
1225 1995 1318 2048 ulli
1354 1993 1509 2048 faciei
1543 1993 1618 2061 (id
1654 2002 1756 2056 est,
1792 2001 1976 2046 trucu-

394 2092 571 2145 lentia:
603 2101 698 2143 aut
732 2088 1032 2154 blanditiis)
1081 2086 1225 2156 quod
1259 2087 1459 2140 anima:
1491 2094 1596 2140 tua:
1626 2085 1828 2139 damno
1861 2083 1976 2148 ﬁat,

393 2201 495 2238 nec
522 2184 573 2236 in
610 2191 757 2235 tuam
785 2180 1081 2250 perniciem
1107 2179 1422 2233 erubescas.

465 2273 543 2328 Ne
574 2273 795 2327 dilferas
835 2273 1078 2326 converti
1125 2271 1192 2325 ad
1249 2270 1562 2335 Dominum,
1612 2285 1789 2340 neque
1833 2268 1977 2323 diem

394 2383 461 2420 ex
498 2366 584 2420 die
621 2366 807 2420 ducas.
847 2365 1087 2435 [tepente
1121 2365 1266 2416 enim
1323 2363 1504 2418 veniet
1535 2363 1612 2417 ira
1653 2363 1886 2428 Domini,
1927 2371 1981 2415 et

395 2468 641 2528 tempore
677 2457 900 2513 ultionis
933 2456 1161 2527 peribis.

467 2636 604 2696 Male
635 2639 813 2694 ali‘ecti
847 2653 1038 2693 sumus
1075 2652 1106 2691 a
1131 2635 1394 2707 peccatis,
1424 2637 1714 2690 sanitatem
1751 2651 1979 2705 recupe-

397 2747 582 2786 remus
616 2731 879 2786 benelicio
909 2729 1265 2800 poenitentiae.

469 2825 680 2880 Basilii.
726 2824 961 2894 Diligens
1003 2832 1120 2876 esto
1155 2821 1302 2876 circa
1338 2819 1596 2890 teipsnm,
1647 2829 1704 2874 ut
1746 2834 1842 2887 pro
1881 2819 1980 2874 de-

397 2917 514 2970 licti
538 2915 784 2985 portione
805 2914 1107 2968 curationis
1131 2927 1350 2984 quoque
1372 2915 1671 2968 remedium
1697 2914 1975 2968 adhibeas.

395 3006 649 3076 Magnum
695 3016 747 3061 et
794 3006 1007 3060 dtlIicile
1058 3007 1200 3074 quod
1251 3005 1545 3072 admisisti,
1588 3005 1814 3058 omnino
1881 3004 1978 3059 tibi

393 3116 535 3169 Opus
587 3110 670 3154 est
721 3099 1093 3162 confessione,
1143 3099 1398 3168 laetymis
1445 3097 1719 3168 plurimis,
1779 3099 1978 3167 vigiliis

397 3190 650 3256 intensis,
697 3190 918 3245 assiduo
962 3189 1176 3260 jejunio
1219 3207 1234 3244 :
1279 3192 1360 3246 sin
1416 3191 1533 3245 leve
1585 3199 1640 3245 et
1689 3191 1972 3246 tolerabile

397 3275 681 3352 peccatum
714 3282 898 3348 fuerit,
927 3298 1023 3353 par
1053 3284 1102 3337 ei
1145 3284 1471 3354 pmnitentia
1502 3287 1619 3339 liat.

465 3459 663 3515 Nullus
694 3458 953 3529 improba:
984 3461 1106 3515 vitae
1149 3459 1314 3514 homo
1359 3460 1612 3530 desperet
1656 3460 1724 3514 de
1769 3462 1973 3530 διείρεο,

390 3553 571 3606 sciens
605 3551 776 3622 quod,
813 3552 957 3605 sicut
995 3552 1327 3622 agricultura
1357 3551 1658 3621 plantarum
1691 3553 1977 3620 qualiuues

390 3644 667 3708 immutat,
694 3645 773 3698 sic
798 3643 993 3697 anith
1023 3643 1228 3706 cultus,
1268 3659 1362 3712 per
1401 3643 1654 3697 virtutem
1673 3643 1973 3708 adhibitus,

390 3750 550 3790 omne
579 3750 749 3806 genus
779 3734 1117 3805 aegritudinis
1149 3750 1412 3804 superare
1444 3742 1644 3804 potest.

463 3915 604 3971 Deus
665 3915 806 3969 enim
873 3914 1173 3983 peccatoris
1236 3923 1463 3972 mortem
1523 3933 1626 3968 non
1690 3917 1819 3982 vult,
1878 3920 1973 3973 sed

394 4009 572 4076 potius
598 4015 655 4060 ut
695 4015 1047 4062 COnvertatur
1086 4015 1140 4060 et
1179 4005 1365 4061 salvus
1413 4008 1525 4062 liat.
1574 4006 1690 4061 Noli
1743 4010 1970 4078 teipsunt

395 4101 658 4169 negligere
681 4109 938 4168 tanquam
965 4100 1016 4152 in
1043 4099 1366 4168 profundam
1389 4101 1648 4154 malitiam
1665 4088 1967 4171 deiectum.

392 4189 630 4262 Tempus
656 4200 736 4245 est
760 4191 1052 4261 patientize,
1098 4199 1312 4260 tetnpus
1351 4192 1803 4262 longanimitatis,
1837 4206 1969 4252 tem-

393 4297 492 4347 pus
528 4281 853 4344 curationis,
905 4290 1119 4350 tempus
1161 4283 1587 4338 emendationis.
1643 4286 1854 4356 Lapsus
1886 4305 1969 4354 es,

392 4387 614 4443 resurge
651 4389 664 4427 :
703 4373 964 4440 peccasti,
1007 4373 1226 4428 desiste.
1257 4372 1332 4427 Ne
1369 4375 1556 4429 insiste
1593 4379 1731 4431 viam
1767 4394 1964 4446 pecca-

393 4475 594 4528 tornm,
651 4464 742 4517 sed
791 4463 1002 4518 resilito
1048 4481 1061 4517 :
1116 4481 1237 4518 cum
1292 4464 1436 4518 enim
1488 4475 1538 4519 te
1585 4470 1867 4535 averteris,
1919 4480 1973 4524 et

391 4555 617 4619 luxeris,
678 4566 788 4609 tum
853 4553 1185 4610 servaberis.
1240 4551 1484 4610 Labores
1548 4556 1694 4610 enim
1757 4563 1968 4615 sanitas

2096 4593 2138 4627 ac
2175 4575 2246 4627 πό
2278 4593 2352 4626 ων
2374 4551 2559 4644 νύγεία,
2593 4581 2684 4632 καὶ
2717 4551 3047 4649 ὲξγίδρώτων
3079 4600 3156 4636 σω

393 4644 660 4712 sequitur,
687 4653 739 4697 et
763 4645 912 4698 salus
942 4645 1189 4698 sudores.

462 4735 578 4790 Non
611 4752 677 4789 ex
710 4751 861 4790 mora
897 4737 1180 4805 temporis,
1213 4738 1306 4794 sed
1350 4739 1516 4794 animi
1542 4738 1828 4798 all‘cctione
1855 4759 1973 4812 pa:-

392 4829 623 4883 nitentia
655 4829 978 4884 aestimatur.

464 4921 844 4975 Necessarium
894 4927 977 4974 est
1024 4929 1247 4990 peccata
1301 4922 1407 4977 illis
1455 4924 1722 4990 confiteri,
1777 4926 1975 4997 quibus

393 5011 798 5066 administratio
837 5011 1222 5082 mysteriorum
1280 5013 1369 5068 Dei
1418 5019 1731 5073 concredita
1785 5018 1972 5074 fuerit.

393 5107 484 5160 Sic
506 5106 649 5159 enim
675 5104 834 5157 etiam
857 5104 1085 5174 antiqui,
1111 5106 1480 5174 ptenitentiatn
1505 5119 1744 5179 agentes,
1773 5113 1975 5167 sanctis

391 5198 587 5251 fecisse
618 5198 980 5265 reperiuntur.
1031 5197 1301 5252 Scribitnr
1347 5206 1489 5254 enim
1534 5203 1586 5255 in
1652 5203 1971 5274 Evangelio,

397 5287 542 5355 quod
574 5283 767 5339 Joauni
799 5285 1050 5354 Baptista:
1081 5300 1300 5357 peccata
1330 5304 1429 5344 sua
1473 5293 1708 5347 confessi
1739 5295 1884 5357 sint;
1918 5305 1972 5348 et

395 5375 450 5426 in
508 5373 678 5436 Attis,
726 5376 871 5443 quod
919 5378 1202 5447 apostolis,
1249 5393 1279 5432 a
1329 5381 1531 5451 quibus
1574 5382 1737 5436 etiam
1782 5399 1972 5440 omnes

395 5468 829 5538 baptizabantur.
1316 5492 1318 5495 ·

467 5645 728 5718 Theo/agi.
774 5649 932 5704 Nullo
987 5652 1130 5706 cultu
1183 5661 1292 5706 tam
1345 5656 1540 5724 gaudet
1584 5656 1749 5726 Deus,
1809 5676 1967 5730 quam

392 5739 684 5797 alllictiune
758 5745 923 5798 animi
1003 5754 1376 5812 peccatorum,
1447 5756 1500 5802 et
1555 5765 1654 5819 pro
1713 5751 1968 5826 lacrymis

395 5833 690 5902 benignum
720 5851 960 5890 amorem
993 5837 1266 5892 retribuit.

2079 2000 2173 2050 καὶ
2205 1999 2389 2067 χάρις.
2431 1998 2541 2050 Καὶ
2591 1999 2667 2068 μὴ
2715 1997 2887 2070 λάεῃς
2937 1998 3235 2066 πρόσωπον
3285 1997 3436 2049 κατὰ.
3484 1997 3634 2066 ψυχῆς

2082 2107 2200 2156 σου,
2227 2092 2320 2143 καὶ
2349 2090 2426 2161 μὴ
2453 2091 2732 2161 ὲντραπῇς
2761 2091 2841 2152 είς
2875 2088 3081 2143 πτῶσιν
3113 2104 3234 2142 σου.

2145 2268 2238 2338 Μὴ
2273 2265 2577 2338 ἀναμείνῃς
2624 2264 2954 2336 ἐπιστρέψαι
3002 2265 3142 2337 πρὸς
3177 2266 3414 2336 Κύριον,
3448 2265 3535 2318 καί
3576 2265 3634 2336 μὴ

2083 2358 2425 2428 ὑπερϐάλλω
2489 2360 2705 2428 ἡμέραν
2769 2358 2826 2425 ἐξ
2887 2359 3126 2430 ἡμέρας.
3199 2357 3499 2426 Ἰιὶξαπίνης
3548 2363 3636 2430 γάρ

2082 2452 2360 2504 ἐλεύσεται
2409 2451 2550 2521 ὀργὴ
2586 2451 2812 2521 Κυρίου,
2859 2452 2957 2505 καὶ
3003 2452 3062 2505 ὲν
3111 2450 3292 2522 καιρῷ
3337 2450 3633 2523 ἐκδικήσεως

2082 2544 2267 2616 ἐξολῇ.

2167 2635 2559 2708 Ἐκακώθημεν
2585 2635 2676 2690 δια
2707 2636 2804 2700 τὰς
2837 2636 3140 2708 ἁμαρτίας,
3178 2636 3432 2708 ίαθῶμεν
3457 2637 3536 2692 διὰ
3555 2640 3634 2709 τῆς

2083 2730 2391 2800 μετανοίας.

2155 2822 2400 2893 ιιρόσεχε
2447 2821 2680 2894 σεαυτῷ,
2723 2823 2809 2876 ἴνα
2836 2823 2978 2877 κατὰ
3018 2825 3322 2894 ἀναλογίαν
3351 2826 3446 2880 τοῦ
3487 2826 3632 2896 nim:-

2083 2915 2401 2985 μελήματος
2433 2917 2527 2969 καὶ
2551 2916 2652 2986 τὴν
2676 2919 2740 2969 ὲκ
2763 2919 2858 2987 τῆς
2890 2917 3190 2986 θεραπείας
3217 2918 3476 2990 βοήθειαν
3497 2937 3632 2972 κατα-

2079 3007 2226 3076 δέξῃ.
2257 3007 2414 3074 Μέγα
2465 3008 2559 3061 καὶ
2605 3009 2846 3077 χαλεπὸν
2889 3011 2950 3062 τὸ
2982 3010 3320 3082 ἁμάρτημα,
3369 3011 3528 3082 πολλή
3571 3029 3634 3066 σοι

2079 3099 2236 3162 χρεία
2262 3093 2357 3162 τῆς
2398 3093 2860 3167 ὲξομολογήσεως,
2891 3098 3147 3170 δακρύων
3193 3101 3487 3165 πλείστων,
3529 3119 3632 3154 συν-

2079 3189 2236 3239 τόνου
2268 3183 2367 3255 τῆς
2400 3187 2728 3255 ἀγρυπνίας,
2755 3188 3104 3244 ἀδιαλείπτου
3131 3194 3416 3263 νηστείας.
3445 3193 3633 3262 Κούφον

2000 3254 2046 3316 C
2082 3278 2176 3330 ml.
2204 3254 2442 3348 φορητὸν
2466 3254 2525 3333 τὸ
2582 3281 2916 3354 ἁμάρτημα,
2948 3254 3286 3348 ὲξισαζὲσθω
3322 3254 3471 3357 καὶὴ
3499 3254 3632 3356 μετὰ·

2079 3385 2222 3423 vara.

2152 3461 2357 3531 Μηδεὶς
2407 3462 2467 3516 ιν
2512 3463 2684 3534 κακίᾳ
2745 3463 2933 3530 διάξας
2974 3467 3168 3523 ἑαυτὸν
3211 3471 3627 3540 ἀπογινωσκέτω,

2078 3555 2256 3619 εἰδὼς,
2292 3557 2375 3608 ὅτι
2425 3557 2668 3627 γεωργία
2703 3557 2805 3628 μὲν
2838 3560 2946 3622 τὰς
2990 3561 3285 3632 ποιότητας
3322 3566 3433 3628 τῶν
3477 3567 3628 3636 φυτῶν

2079 3646 2411 3716 μεταϐάλλει
2431 3664 2445 3678 '
2481 3651 2514 3721 ἡ
2547 3648 2601 3701 δὲ
2629 3649 2751 3702 κατ’
2778 3651 2985 3723 ἀρετὴν
3013 3652 3112 3723 τῆς
3151 3654 3334 3727 ψυχῆς
3378 3658 3629 3727 ἐπιμέλεια

2075 3735 2275 3806 δυνατή
2328 3740 2443 3791 ἐστι
2494 3740 2856 3797 παντοδαπῶν
2910 3744 3375 3816 ἀρρωστημάτων
3431 3751 3629 3819 ἐπικρι-

2076 3845 2260 3897 τησαα

2149 3923 2223 3974 Οὐ
2258 3923 2401 3975 θέλει
2433 3923 2538 3993 γὰρ
2567 3928 2594 3977 ό
2625 3926 2756 3988 Θεὸς
2785 3929 2875 3980 τὸν
2893 3928 3127 3983 θάνατον
3171 3931 3268 3986 τοῦ
3299 3934 3625 4004 ἁμαρτωλσ,

2075 4015 2148 4076 ὡς
2195 4017 2256 4068 τὸ
2303 4017 2631 4088 ἐπιστρέψαι
2681 4021 2774 4071 καὶ
2825 4021 3092 4084 σωθῆναι.
3120 4023 3212 4094 Μὴ
3243 4023 3321 4088 ὡς
3371 4029 3449 4089 είς
3489 4027 3626 4095 βάθος

2077 4111 2264 4161 κακῶν
2298 4111 2742 4181 καταφρονήσῃς.
2779 4113 2984 4183 Καιρὸς
3038 4117 3244 4187 duoer
3278 4119 3420 4182 ἐστι,
3466 4120 3626 4188 καιρὸς

2078 4204 2485 4274 μακροθυμίας,
2541 4209 2733 4275 καιρὸς
2784 4209 3003 4276 ἰάσεως,
3055 4213 3250 4282 καιρὸς
3293 4213 3624 4281 διορθώσεως.

2088 4295 2432 4366 Ὠι.ίσοησας,
2491 4299 2802 4371 ἐξεγείρου·
2867 4303 3142 4374 ἥμαρτες,
3198 4307 3491 4378 ἡσύχασον.
3550 4309 3624 4376 Μὴ

2073 4391 2204 4458 στῇς
2232 4391 2289 4440 ἐν
2317 4389 2419 4458 ὀδῷ
2452 4391 2942 4460 ἁμαρτω).ὦν,ἀλλ’
2973 4398 3356 4467 ὰποττὴδησον⁹
3389 4401 3511 4452 ὅταν
3535 4402 3624 4466 γὰρ

2073 4484 2426 4552 ἀποστραφῇς
2455 4487 2548 4534 καὶ
2593 4485 2874 4556 στενάξῃς,
2907 4488 3026 4542 τότε
3061 4495 3307 4564 σωθήσῃ.
3358 4494 3506 4547 Ἔστι
3536 4494 3624 4561 γὰρ

3161 4601 3345 4655 τηρια.

2145 4751 2219 4804 Οὐ
2247 4752 2443 4822 χρόνου
2469 4753 2751 4823 ποσότητι,
2772 4755 3011 4811 διαθέσει
3039 4758 3096 4810 δὲ
3119 4759 3300 4830 ψυχῆς
3327 4764 3360 4832 ἡ
3393 4763 3622 4832 μετάνοια

2077 4844 2345 4915 κρίνεται.

2162 4939 2486 5006 Ἀναγκαῖον
2530 4942 2641 5002 τοῖς
2692 4941 3154 5011 πεπιστευμένοις
3202 4943 3303 5014 τὴν
3347 4946 3625 5016 οἰκονομίαν

2075 5029 2184 5081 τῶν
2216 5031 2534 5101 μυστηρίων
2571 5028 2666 5082 τοῦ
2703 5031 2838 5084 Θεοῦ
2893 5032 3342 5102 ἐξομολογεῖσθαι
3386 5038 3450 5090 τὰ
3471 5040 3629 5108 ἁμαρ·

2073 5121 2318 5190 ⁶τήματα.
2356 5121 2512 5175 Οὕτω
2544 5123 2654 5192 γὰρ
2696 5126 2788 5176 καὶ
2835 5126 2883 5176 οἱ
2921 5124 3093 5178 παλαι
3145 5129 3528 5196 μετανοοῦντες
3544 5132 3622 5183 ἐπὶ

2074 5211 2184 5265 τῶν
2207 5213 2380 5280 ἁγίων
2408 5214 2756 5284 εὑρίσκονται
2783 5217 3169 5287 πεποιηκότες.
3204 5222 3508 5293 Γέγραπται
3530 5224 3620 5290 γὰρ

2074 5307 2132 5357 ἐν
2181 5305 2280 5374 μὲν
2331 5306 2410 5373 τῷ
2456 5307 2800 5376 Εὐαγγελίῳ,
2843 5309 3037 5380 ὄτιτῷ
3091 5313 3373 5386 Βαπτιστῇ
3428 5316 3618 5383 Ἰωάννῃ

2072 5396 2518 5466 ὲξωμολογοῦντο
2577 5400 2680 5462 τὰς
2735 5401 3012 5470 ἁμαρτίας
3064 5404 3269 5473 αὐτῶν,
3321 5409 3381 5461 ἑν
3420 5407 3472 5459 δὲ
3519 5409 3622 5466 ταῖς

2075 5487 2341 5558 Ηρὰξεσι,
2367 5492 2479 5554 τοῖς
2515 5491 2854 5559 ἀποστόλοις,
2889 5494 2980 5564 ὑφ’
3024 5489 3099 5550 ὧν
3147 5498 3244 5550 καὶ
3292 5498 3618 5561 ἐϐαπτίζοντο

2073 5597 2329 5646 απαντες.

2144 5671 2333 5724 Ούδενὶ
2371 5671 2517 5748 ἄλλῳ
2561 5674 2637 5737 ὡς
2679 5677 3034 5752 ,κακοπαθείᾳ
3079 5679 3212 5743 Θεὸς
3260 5681 3611 5751 θεραπεύεται,

2072 5761 2167 5816 καὶ
2194 5762 2425 5834 δάκρυσι
2457 5765 2516 5818 τὸ
2548 5766 2932 5839 φιλάνθρωπον
2982 5772 3329 5832 ἀντιδίδοται.
