3780 6530
164 396 265 464 8ἳ9

952 405 1123 467 LOCI
1151 405 1594 467 COMMUNES.
1637 425 1706 437 —
1760 400 1955 464 PARS
1998 408 2044 470 Ι.
2089 411 2349 475 SERMO
2393 418 2580 483 XV”.

3289 420 3397 482 830

226 520 349 570 Δέον
378 517 843 590 εύμετακινήτους
873 522 970 585 μὲν
1000 520 1140 575 εἶναι
1191 523 1328 593 πρὸς
1360 520 1419 575 τὸ
1467 521 1693 590 κρεῖττοπ

1884 526 1928 580 Α
1959 528 2211 586 deteriori
2259 532 2326 586 ad
2369 534 2562 589 melius
2607 532 2764 589 facile
2804 534 3023 601 mutari,
3074 536 3192 591 vice
3240 551 3393 593 versa

158 610 256 663 ἀπὸ
280 609 373 662 τοῦ
402 612 669 681 χείρονες,
705 614 1002 685 ἀκινήτους
1041 615 1097 669 δὲ
1132 617 1269 687 πρὸς
1298 616 1359 669 ab
1390 616 1572 686 χεῖρον
1606 612 1713 665 ἀπὸ

155 700 239 755 τοῦ
284 701 572 772 βελτίονος.

216 794 282 846 Τὸ
323 794 399 863 μὴ
429 795 770 866 ἁμαρτάνειν
820 801 1260 873 ἀνεπαισθήτως,
1301 798 1419 857 ἀλλ’
1452 796 1712 867 ἐπιγινώ-

154 903 290 939 σκειν
341 887 435 939 καὶ
485 891 718 960 συνορᾷν
750 892 810 945 τὸ
842 892 1253 964 πλημμεληθὲν,
1302 894 1402 947 οὐκ
1451 892 1568 944 ἔστι
1618 909 1710 960 μι-

150 978 268 1047 κρόν
290 997 304 1010 ·
335 979 454 1033 ἀλλ’
486 982 605 1045 ὁδός
638 982 724 1049 τίς
770 986 888 1038 ἐστι
920 986 1016 1039 καὶ
1043 986 1210 1055 ἁρχὴ,
1255 985 1391 1055 πρὸς
1414 983 1708 1055 διόρθωσιν

149 1072 335 1137 ἄγουσα
367 1074 459 1124 καὶ
485 1072 585 1145 τὴν
608 1075 702 1128 ἐπὶ
726 1076 794 1131 τὰ
834 1078 1067 1147 κρείττω
1097 1077 1423 1148 μεταϐολήν.

210 1163 344 1225 Ἕως
388 1165 508 1218 ἐστὶ
565 1170 778 1240 καιρὸς,
842 1172 1251 1241 προφθάσωμεν
1303 1170 1365 1223 τὸ
1418 1169 1513 1222 τοῦ
1569 1167 1706 1222 Θεοῦ

148 1252 419 1321 πρόσωπον
448 1256 508 1307 ὲν
537 1256 945 1329 ἐξομολογήσει,
982 1260 1068 1314 ἵνα
1094 1261 1301 1332 ἥμερον
1326 1260 1486 1313 αὐτὸν
1509 1259 1707 1328 ἴδωμεν

142 1347 246 1403 τότε
264 1348 349 1397 καὶ
366 1346 629 1417 γαληνὸν,
647 1349 734 1403 ἵνα
758 1350 852 1413 τὰς
876 1351 1276 1423 ἀπειληφόρους
1303 1353 1516 1418 ὲκείνας
1545 1355 1707 1408 δυνά-

144 1457 248 1509 μεις
278 1439 659 1509 διαφύγωμεν.

199 1532 269 1584 Οὐ
300 1531 475 1585 δεινὸν
511 1534 573 1586 τὸ
604 1533 943 1605 πολεμοῦντα
976 1535 1273 1607 τρωθῆναι,
1307 1536 1443 1590 ἀλλὰ
1477 1537 1537 1590 τὸ
1566 1537 1704 1606 μετὰ

139 1624 224 1691 τὴν
241 1623 457 1695 πληγὴν
480 1625 793 1693 ἀπογνῶναι
819 1628 913 1681 καὶ
942 1628 1217 1698 ἀμελῆσαι
1248 1630 1341 1683 τοῦ
1366 1630 1701 1700 τραύματος.

196 1712 279 1783 Μὴ
307 1713 493 1766 τοίνυν
527 1717 895 1785 ἁπογίνωσκε,
926 1719 1061 1789 μηδὲ
1086 1719 1355 1788 ἀφίστασο
1381 1719 1483 1787 τῆς
1513 1720 1701 1788 εὐχῆς,

137 1800 253 1853 ἀλλὰ
282 1802 556 1871 πρόσελθε
594 1805 916 1875 ἁμαρτωλὸς
954 1807 1052 1875 ὣν,
1086 1808 1171 1861 ἵνα
1205 1808 1437 1879 δοξάσης
1488 1827 1580 1863 σου
1614 1810 1704 1862 τὸν

137 1892 417 1963 Δεσπότην,
462 1896 547 1947 ἴνα
586 1898 691 1967 δῷς
722 1898 870 1970 αύτῷ
906 1900 1005 1969 τὴν
1046 1901 1255 1954 οίκείαν
1291 1902 1704 1971 φιλανθρωπίαν

136 1987 184 2037 ἐν
216 1987 274 2055 τῇ
310 1990 663 2059 συγχωρήσει
712 1991 821 2045 τῶν
876 1992 984 2045 σῶν
1033 1993 1453 2062 ἁμαρτημάτων
1504 1994 1707 2047 ἐπιδεί-

135 2074 344 2137 ξασθαι’
394 2075 479 2141 ὡς
534 2079 631 2131 ἐὰν
696 2081 940 2151 φοϐηθῇς
1001 2083 1343 2152 προσελθεῖν,
1391 2085 1704 2148 ὲνεπόδισας

134 2166 279 2217 αὐτοῦ
307 2169 373 2237 τῇ
408 2167 734 2241 ἀγαθότητι,
774 2171 1106 2237 διεκώλυσας
1138 2173 1302 2228 αὑτὸν
1336 2177 1434 2245 τῆς
1473 2176 1705 2245 χρηστό-

132 2271 271 2326 τητος
295 2256 489 2324 αὐτοῦ,
512 2262 572 2313 τό
594 2278 658 2329 γε
691 2263 781 2315 ἐπὶ
804 2265 887 2316 σοὶ
909 2258 1064 2334 ἧκον.

201 2348 262 2401 Ἦ
304 2351 558 2422 ἁμαρτία
602 2354 1014 2431 ὁμολογουμένη
1050 2356 1287 2415 ἐλάττων
1330 2362 1541 2427 γίνεται
1567 2376 1583 2391 °
1625 2359 1703 2431 μὴ

132 2440 526 2512 ὁμολογουμένη
561 2444 641 2511 δὲ,
665 2448 886 2518 χείρων.

189 2535 335 2602 Μέγα
373 2537 589 2605 ἀγαθὸν
634 2540 695 2592 τὸ
742 2543 1130 2609 ἐπιγινώσκειν
1182 2544 1251 2599 τα
1298 2544 1697 2618 ἁμαρτήματα,

135 2625 213 2677 καὶ
254 2628 669 2696 μιμνήσκεσθαι
714 2630 897 2685 αὐτῶν
961 2633 1250 2701 διηνεκῶς.
1307 2636 1477 2690 Οὐδὲν
1525 2638 1698 2701 οὕτως

134 2719 411 2787 θεραπεύει
447 2722 855 2793 πλημμέλειαν,
885 2726 961 2791 ὡς
998 2730 1188 2800 μνήμη
1211 2731 1475 2801 διηνεκῶς
1498 2748 1511 2761 ·
1543 2733 1696 2788 οὐδὲν

130 2808 284 2873 οὕτως
332 2811 571 2883 ὀκνηρὸν
606 2814 893 2885 ἄνθρωπον
950 2822 1091 2872 ποιεῖ
1144 2821 1278 2891 πρὸς
1332 2822 1547 2876 κακίαν.
1598 2822 1696 2875 “Av

131 2902 242 2979 ἔχῃς
287 2902 353 2955 τὰ
404 2903 787 2975 ἁμαρτήματα
828 2908 1091 2977 διηνεκῶς
1138 2911 1197 2963 ὲν
1244 2915 1309 2982 τῇ
1368 2916 1575 2985 μνήμῃ,
1602 2914 1694 2967 ού-

130 2994 296 3048 δέποτε
331 2996 412 3066 τῷ
457 2996 686 3065 πλησίον
736 3004 1187 3071 μνησικακήσεις,
1229 3005 1488 3058 οὐδέποτε
1540 3007 1694 3075 ὀργιο

133 3088 310 3159 σθήσῃ,
365 3090 628 3147 οὐδέποτε
680 3092 1037 3163 λοιδορήσεις,
1080 3096 1141 3146 οὐ
1182 3097 1476 3165 φρονήσεις
1525 3098 1689 3166 μέγα,

1817 631 1999 676 autem
2037 634 2353 681 οοιιειαηῑεε
2382 641 2503 681 esse
2532 636 2769 697 Oportet.

1888 789 1995 863 35
2030 793 2147 848 Non
2184 811 2409 864 peccare
2437 798 2849 865 insensibiliter,
2880 800 2973 855 sed
3014 816 3317 869 agnoscere
3347 810 3401 854 et

1814 881 1993 937 videre
2026 885 2279 940 delictum
2321 904 2503 952 suum,
2538 905 2644 942 non
2693 904 2857 958 parva
2898 906 2986 947 res
3016 900 3122 953 est,
3167 890 3278 944 imo
3315 890 3399 943 via

1812 976 2057 1043 quaedam
2102 988 2154 1031 et
2198 979 2529 1048 principium
2583 982 2791 1036 ducens
2833 982 2899 1035 ad
2956 980 3398 1036 emendationem

1811 1077 1865 1121 et
1891 1070 2353 1139 resipiscentiam.

1879 1159 2149 1230 Chrytost.
2207 1163 2341 1216 Dum
2391 1172 2609 1234 tempus
2648 1182 2751 1221 nos
2800 1167 2951 1231 sinit,
3003 1166 3399 1238 prmveniamus

1813 1251 1902 1305 Dei
1926 1251 2118 1305 faciem
2148 1254 2511 1320 confessione,
2542 1265 2601 1309 ut
2628 1260 2812 1311 mitem
2838 1268 2890 1312 et
2918 1258 3189 1328 placidum
3213 1258 3391 1325 ipsum

1809 1352 1937 1397 lltltc
1969 1344 2271 1411 videamus,
2317 1358 2369 1401 et
2404 1349 2644 1405 minaces
2674 1348 2793 1403 illas
2844 1357 3139 1419 potestates
3169 1346 3397 1417 eﬂ‘ugia-

1808 1452 1953 1490 mus.

1874 1525 1993 1581 Non
2030 1538 2139 1581 tam
2182 1531 2403 1583 noxium
2448 1543 2534 1586 est
2563 1530 2826 1586 certando
2867 1531 3169 1596 vulnerari,
3226 1544 3391 1598 quam

1806 1619 2004 1674 vulnus
2041 1621 2304 1675 inllictum
2334 1624 2607 1693 negligere
2640 1634 2692 1678 et
2723 1625 3037 1693 desperare.

1876 1709 1953 1764 Ne
1982 1711 2237 1783 desperes
2267 1714 2452 1781 igitur,
2486 1731 2586 1770 nec
2630 1731 2660 1770 a
2692 1718 2948 1786 precibus
2992 1718 3250 1783 desistas,
3296 1718 3393 1774 sed

1806 1814 2061 1870 pecvator
2089 1822 2211 1859 cum
2264 1807 2366 1871 sis,
2416 1807 2612 1863 accede
2666 1818 2725 1863 ut
2777 1809 3050 1879 gloriticcs
3105 1811 3392 1863 Dominum

1810 1902 1986 1960 tuum,
2025 1906 2079 1950 et
2126 1898 2472 1952 occasionem
2515 1902 2562 1952 ei
2613 1900 2853 1969 praebeas
2898 1900 3212 1954 declarandi
3245 1902 3395 1956 nati-

1805 2002 1926 2040 vam
1963 1988 2349 2058 benignitatem
2375 2006 2530 2048 suam
2572 1993 2627 2049 in
2653 1993 2917 2047 scelerum
2944 2002 3163 2046 tuorum
3195 1993 3391 2047 remis-

1803 2082 1959 2137 sione
2010 2101 2023 2137 :
2058 2099 2184 2137 nam
2227 2085 2271 2139 si
2302 2084 2517 2139 dubites
2559 2087 2838 2149 accedere,
2891 2085 3185 2140 bonitatem
3221 2084 3392 2155 ipsius

1830 2175 2160 2243 mpedivisti,
2225 2185 2280 2230 et
2326 2176 2712 2245 benignitatem
2773 2186 3040 2247 quantum
3097 2176 3150 2230 in
3210 2185 3261 2231 te
3310 2186 3392 2232 est

1804 2266 2157 2334 prohibuisti.

1873 2355 2160 2412 Peccatum
2210 2360 2253 2414 si
2288 2360 2603 2425 confiteare,
2642 2362 2895 2430 minues;
2936 2377 3096 2418 secus
3134 2362 3388 2433 augebis.

1869 2536 2121 2605 Magnum
2153 2537 2355 2593 bonum
2386 2548 2467 2594 est
2493 2555 2789 2609 agnoscere
2813 2548 3059 2609 peccata,
3091 2548 3146 2595 et
3167 2539 3389 2595 assiduo

1799 2628 2049 2699 ipsorum
2108 2634 2445 2688 meminisse.
2508 2632 2651 2686 Nihil
2708 2644 2816 2686 tam
2866 2642 3025 2687 curat
3074 2638 3387 2701 peccatum,

1807 2741 1969 2797 quam
2008 2725 2225 2780 assidua
2262 2725 2548 2791 memoria,
2582 2740 2681 2779 nec
2716 2724 2863 2778 aliud
2897 2723 3034 2778 adeo
3066 2723 3281 2777 tardum
3318 2722 3385 2774 ad

1804 2817 2066 2870 malitiam
2120 2816 2295 2869 reddit
2345 2816 2645 2870 hominem.
2697 2816 2753 2869 Si
2800 2823 3018 2884 peccata
3066 2813 3297 2868 subinde
3329 2812 3389 2869 in

1805 2908 2071 2963 memoria
2105 2907 2315 2972 volvas,
2341 2923 2619 2977 nunquam
2653 2907 3031 2963 recordaberis
3058 2906 3385 2975 injuriarum

1795 3016 1930 3069 quas
1967 3000 2249 3069 proximus
2276 3010 2403 3055 tuus
2431 3002 2527 3055 tibi
2555 3001 2769 3067 fecerit,
2802 3015 3079 3069 nunquam
3109 3001 3385 3062 irasceris,

1793 3104 2072 3156 nunquam
2132 3089 2551 3155 conviciaberis,
2600 3104 2706 3143 non
2770 3090 2940 3144 altutn
3008 3090 3206 3158 sapies,

3280 3104 3386 3142 non

131 3180 181 3232 οὐ
220 3183 510 3249 περιπεσεῐ
550 3182 713 3235 πάλιν
759 3184 872 3245 τοῖς
922 3184 1127 3246 αὐτοῖς.
1174 3185 1302 3238 Ἐὰν
1351 3188 1459 3256 γὰρ
1505 3188 1600 3241 νῦν
1622 3184 1689 3263 ᾗς

1871 3195 1980 3233 nuo
2033 3180 2089 3234 in
2143 3182 2363 3235 eosdem
2414 3195 2632 3235 errores
2671 3181 2898 3236 incides.
2946 3182 3081 3235 Nam
3141 3180 3189 3236 si
3241 3195 3388 3237 nunc

133 3273 292 3325 αὐτῶν
328 3274 713 3344 μεμνημένος,
746 3276 839 3329 καὶ
867 3277 1104 3347 συνεχῶς
1126 3280 1265 3332 αὐτὰ
1300 3280 1587 3351 προφέρης
1618 3282 1695 3353 τῷ

133 3364 254 3434 Θεῷ,
285 3366 380 3419 καὶ
426 3368 567 3437 ὑπὲρ
598 3368 777 3421 αὐτῶν
807 3368 922 3439 δίῃ,
958 3371 1166 3439 ταχέως
1195 3372 1501 3439 ἐξαλείφεις
1533 3376 1693 3433 αὐτὰ.

141 3457 251 3508 Ἐὰν
280 3458 337 3511 δὲ
368 3458 467 3511 νῦν
513 3460 771 3531 ὲπιλάθη,
800 3461 923 3514 τότε
961 3462 1139 3516 αὐτῶν
1176 3468 1571 3540 ἀναμνησθήσῃ
1602 3474 1697 3525 καὶ

133 3546 264 3603 ἄκων
310 3550 409 3602 ἐπὶ
448 3552 550 3621 τῆς
602 3554 928 3623 οἰκουμένης
966 3555 1185 3626 ἁπάσης
1230 3559 1308 3620 είς
1338 3559 1500 3627 μέσον
1532 3577 1694 3631 φεροο

137 3639 298 3708 μένων
316 3641 523 3705 αὐτῶν,
542 3642 637 3695 καὶ
658 3642 845 3711 φίλων,
882 3646 977 3698 καὶ⁵
1026 3646 1257 3718 ἐχθρῶν,
1296 3651 1391 3700 καὶ
1422 3651 1690 3716 ἀγγέλων.

132 3734 196 3784 Οὐ
231 3734 339 3805 γὰρ
381 3734 447 3802 δὴ
485 3737 620 3805 πρὸς
653 3734 814 3790 Δαυῖδ
836 3736 987 3804 ἔλεγε
1016 3738 1196 3806 μόνον,
1235 3757 1253 3790 ι
1288 3741 1354 3791 ’Λ
1393 3743 1455 3793 συ
1506 3744 1695 3810 ἐποίη-

129 3840 212 3887 σας
237 3828 292 3881 ὲν
316 3831 523 3897 κρυφῇ,
548 3828 657 3897 ἐγὼ
690 3831 900 3901 ποιήσω
927 3833 1057 3883 πᾶσι
1117 3833 1442 3901 κατάδηλον,
1482 3854 1500 3887 ι
1558 3835 1693 3890 ἀλλὰ

129 3918 209 3970 tu‘.
232 3920 363 3989 πρὸς
395 3923 605 3985 πάντας
662 3923 830 3991 ἡμᾶς.
881 3921 1114 3989 Ἐλέγξω
1148 3925 1255 3994 γάρ
1281 3942 1359 3987 σε,
1379 3927 1563 3994 φησὶν,
1588 3926 1692 3981 ὑπὸ

127 4014 224 4078 τοῖς
253 4014 509 4075 ἁπάντων
543 4014 840 4085 ὀφθαλμοῖς
866 4013 1035 4081 τιθείς
1074 4032 1167 4069 σου
1220 4018 1617 4088 ἁμαρτήματα.

195 4201 400 4272 Ὠσπερ
444 4200 554 4271 γὰρ
597 4203 624 4259 ὁ
666 4200 765 4269 τὴν
794 4200 966 4269 θύραν
1008 4199 1269 4256 εἰσελθὼν
1321 4204 1466 4257 ἔνδον
1515 4207 1687 4273 ἐστὶν,

131 4291 286 4355 οὕτως
325 4296 353 4346 ὁ
382 4294 451 4345 τα
496 4296 668 4346 οίκεῖα
713 4294 1060 4363 λογιζόμενος
1114 4297 1260 4350 κακὰ
1302 4298 1398 4351 καὶ
1452 4299 1545 4352 ἐπὶ
1591 4300 1689 4370 τὴν

131 4386 409 4455 θεραπείαν
447 4388 629 4441 αὐτῶν
657 4388 873 4449 πάντως
900 4388 1040 4457 ἥξει.
1076 4390 1174 4442 Ἂν
1200 4390 1254 4441 δὲ
1288 4389 1443 4460 λέγῃ,
1480 4392 1689 4462 Ἀμαρ-

130 4482 281 4547 τωλός
298 4485 436 4552 εἰμι,
472 4483 549 4553 μὴ
583 4484 967 4551 ἀναλογίζεται
1000 4483 1055 4537 δὲ
1080 4485 1218 4536 αὐτὰ
1248 4486 1369 4539 κατ’
1400 4480 1561 4549 εἶδος,
1592 4488 1686 4540 καὶ

1801 3287 1992 3325 eorum
2024 3273 2365 3337 memineris,
2404 3280 2459 3327 et
2490 3274 2711 3328 assidue
2736 3288 2922 3327 coram
2955 3272 3066 3326 Deo
3094 3276 3208 3340 ipsa
3239 3288 3387 3328 com-

1801 3378 2094 3427 memores,
2144 3373 2198 3417 et
2239 3365 2448 3418 veniam
2487 3380 2638 3431 ores,
2670 3366 2853 3420 statim
2885 3365 3275 3421 abolebantur.
3322 3364 3382 3419 Si

1800 3469 1930 3508 vero
1962 3472 2104 3509 nunc
2136 3470 2324 3511 eorum
2356 3456 2717 3521 obliviscaris,
2747 3457 2799 3511 in
2832 3455 3017 3511 futuro
3056 3458 3256 3512 saeculo
3300 3460 3383 3512 vel

1799 3544 2007 3600 invitus
2059 3546 2441 3601 recordaberis
2470 3563 2659 3602 eorum
2706 3564 2889 3604 coram
2941 3554 3198 3605 universo
3226 3552 3381 3616 orbe,

1798 3635 1991 3689 amicis
2045 3636 2209 3691 simul
2244 3646 2297 3689 ct
2337 3638 2580 3694 inimicis
2625 3651 2678 3694 et
2701 3641 2910 3710 angelis
2937 3640 2992 3695 in
3041 3641 3279 3696 medium
3319 3658 3382 3697 ea

1800 3726 2232 3794 proferentibus.
2267 3726 2385 3783 Non
2438 3732 2581 3786 enim
2613 3733 2679 3786 ad
2712 3734 2887 3787 solum
2940 3733 3195 3787 Davidem
3247 3734 3385 3788 dixit

1801 3819 1939 3873 Deus
1974 3820 2143 3886 :Qua:
2189 3831 2244 3876 tu
2279 3822 2447 3878 fecisti
2482 3823 2536 3877 in
2573 3824 2813 3890 occulto,
2849 3841 2949 3895 ego
2985 3826 3238 3881 omnibus
3267 3842 3384 3882 ma-

1798 3911 1997 3965 nifesta
2022 3912 2353 3975 faciam.sed
2382 3916 2546 3971 etiam
2580 3918 2646 3972 ad
2678 3932 2777 3972 nos
2799 3932 3009 3974 omnes.
3040 3918 3381 3989 Redarguam

1795 4004 1942 4058 enim
1982 4014 2032 4058 te
2075 4006 2296 4077 (inquit)
2330 4009 2574 4064 omnium
2601 4011 2779 4066 oculis
2806 4024 3028 4081 peccata
3063 4023 3153 4067 tua
3185 4028 3383 4083 propov

1796 4114 1954 4151 nens.

1866 4192 2338 4259 Quemadmodum
2414 4208 2510 4263 per
2558 4192 2782 4262 ianuam
2845 4195 3129 4267 ingressus
3182 4197 3380 4267 aliquis

1794 4289 1943 4343 intus
1970 4288 2185 4353 existit;
2221 4288 2299 4342 sic
2342 4288 2431 4342 ille
2464 4286 2554 4355 qui
2604 4304 2790 4343 secum
2822 4304 2920 4343 sua
2967 4290 3107 4344 mala
3139 4298 3377 4360 reputat,

1795 4382 1860 4435 ad
1887 4396 2070 4435 curam
2118 4396 2307 4435 eorum
2358 4381 2580 4435 indubie
2628 4382 2930 4450 perveniet.
2962 4381 3016 4437 Si
3051 4399 3181 4438 vero
3209 4386 3375 4448 tliCat,

1795 4474 2055 4528 Peecator
2089 4490 2230 4540 sum,
2275 4488 2384 4527 non
2418 4482 2598 4527 autem
2626 4473 2902 4542 sigillatim
2937 4484 3156 4543 peccata
3189 4491 3378 4530 recen-

124 4574 281 4642 λέγει,
330 4576 413 4628 ὅτι
442 4574 575 4628 Τόδε
623 4576 717 4629 καὶ
758 4576 878 4631 τόδε
931 4576 1201 4646 ἥμαρτον,
1239 4576 1494 4632 οὐδέποτε
1546 4580 1685 4632 παύ·

1869 4577 1899 4630 t,
1924 4564 2176 4629 dicendo,
2216 4564 2328 4619 lloe
2376 4577 2429 4619 ct
2471 4565 2603 4619 illud
2644 4567 2884 4633 peccavi,
2920 4580 3193 4635 nunquam
3228 4567 3383 4635 quie-

126 4669 396 4730 σεται,ἁεὶ
470 4668 571 4737 μὲν
618 4668 921 4736 ὁμολογῶν,
973 4670 1276 4738 φροντίζων
1334 4670 1391 4723 δὲ
1434 4671 1689 4724 οὐδέποτε

122 4757 212 4828 τῆς
249 4760 610 4831 διορθώσεως.
665 4761 777 4831 Τὴν
822 4762 999 4830 ἀρχὴν
1047 4760 1143 4815 οὖν
1195 4762 1688 4833 καταϐαλλώμεθα,

124 4855 211 4907 καὶ
238 4854 411 4906 πάντα
441 4850 637 4905 εὔκολα
670 4853 825 4907 ἔσται
858 4854 953 4904 καὶ
989 4854 1184 4924 ῥᾷστα.
1231 4854 1553 4924 ’Δρξώμεθα
1582 4855 1690 4907 τοί-

125 4960 231 5008 νυν,
257 4944 582 5015 παρακαλῶ,
614 4948 644 4997 ὁ
680 4945 780 5014 μὲν
814 4944 922 4996 ἀπὸ
945 4945 1039 4996 τοῦ
1073 4945 1174 5005 τὰς
1204 4945 1368 5013 εὐχὰς
1398 4946 1688 5011 ἐπιτεῖναι,

125 5037 150 5086 ὁ
170 5036 223 5096 δὲ
252 5037 357 5090 ἀπὸ
393 5035 492 5090 τοῦ
523 5036 782 5107 δακρύειν
819 5036 1083 5107 συνεχῶς,
1114 5040 1141 5091 ὁ
1169 5038 1225 5089 δὲ
1260 5038 1367 5090 ἀπὸ
1396 5036 1493 5089 τοῦ
1522 5053 1693 5105 κατη-

123 5132 238 5195 φεῖν
264 5129 401 5199 (οὐδὲ
423 5130 536 5201 γὰρ
559 5129 682 5182 οὐδὶ
711 5128 872 5181 τοῦτο
901 5131 961 5182 τὸ
992 5128 1137 5182 οὕτω
1166 5129 1363 5199 μικρὸν
1388 5128 1649 5199 ἀνόνητον
1672 5145 1687 5159 ⁶

120 5221 265 5277 Εἶδον
283 5226 408 5294 γὰρ,
427 5223 615 5292 φησὶν,
633 5223 716 5276 ὅτι
738 5221 1003 5291 ἐλυπήθη,
1027 5222 1120 5276 καὶ
1142 5222 1413 5291 ἐπορεύθη
1440 5222 1688 5288 στυγνὸς,

122 5316 209 5367 καὶ
236 5317 471 5386 ωτάμην
498 5316 597 5378 τὰς
622 5314 774 5376 ὀδοὺς
805 5312 1021 5383 αὑτοῦ),
1053 5316 1080 5366 ὁ
1114 5312 1170 5366 δὲ
1202 5314 1310 5365 ἀπὸ
1337 5313 1429 5366 τοῦ
1461 5314 1689 5382 ἐλεημο-

126 5408 278 5477 σύνην
306 5410 505 5473 ποιεῖν,
532 5410 560 5460 ὁ
597 5407 654 5459 δὲ
681 5406 790 5461 ἀπὸ
815 5404 909 5457 τοῦ
945 5406 1172 5473 ἀφιέναι
1196 5407 1309 5465 τοῖς
1360 5404 1588 5473 πλησίον
1616 5406 1686 5459 τὰ

124 5502 503 5571 ἁμαρτήματα,
552 5502 581 5554 ὀ
622 5499 679 5552 δὲ
708 5499 816 5554 ἀπὸ
859 5498 953 5551 τοῦ
998 5498 1073 5568 μὴ
1117 5500 1500 5569 μνησικακεῖν,
1554 5499 1688 5569 μηδὲ

121 5591 431 5657 ἀμύνεσθαι.
944 5612 957 5617 ³

194 5682 298 5736 Οὐκ
340 5684 457 5735 ἐστι
511 5684 799 5753 προτροπή
855 5698 939 5744 τις
989 5680 1213 5751 τοιαύτη
1268 5680 1407 5751 πρὸς
1462 5680 1684 5752 ἀρετὴν,

123 5767 229 5826 οἷον
256 5776 668 5847 ἁμαρτημάτων
691 5778 1022 5847 ἀνάμνησις.

210 5867 336 5928 Ὀδνὶ
364 5871 654 5949 μετανοίας
685 5871 848 5927 πέντε
874 5886 887 5902 ·
922 5870 1114 5943 πρώτη
1138 5869 1172 5941 ἡ
1201 5869 1547 5939 κατάγνωσις
1578 5870 1685 5925 τῶν

1798 4667 1931 4721 scct,
1960 4656 2087 4709 dunt
2121 4672 2337 4725 semper
2364 4657 2675 4721 confitetur,
2710 4672 2991 4726 nunquam
3037 4672 3164 4711 vero
3191 4673 3379 4712 emen-

1799 4749 2036 4804 dationis
2095 4766 2285 4804 curam
2355 4750 2536 4804 habet.
2598 4749 2935 4820 Principium
3003 4751 3167 4821 igitur
3236 4764 3381 4807 recte

1798 4843 2173 4911 instituamus,
2210 4854 2262 4897 et
2292 4847 2475 4898 omnia
2504 4844 2641 4898 levia
2683 4847 2808 4899 licnt
2836 4855 2890 4899 et
2914 4846 3193 4900 facillima.
3240 4845 3381 4900 Inci-

1799 4936 2012 5006 piamus
2043 4952 2174 5005 ergo
2210 4937 2281 4990 ita
2323 4946 2381 4990 ut
2431 4937 2573 4991 alius
2628 4937 2933 4992 orationem
2980 4950 3195 5008 augeat,
3237 4940 3381 4994 alius

1798 5030 2031 5085 subinde
2071 5031 2424 5101 laerymetur,
2455 5032 2597 5086 alius
2630 5033 2781 5086 vultu
2836 5034 3080 5089 demisso
3133 5037 3381 5093 tri'stetur

1798 5123 1947 5193 (nam
1996 5140 2062 5177 ne
2118 5124 2224 5180 hoc
2273 5126 2521 5193 quidem,
2559 5136 2836 5196 utcunque
2883 5142 3134 5196 parvum,
3189 5129 3379 5182 inutile

1798 5216 1983 5273 fuerit.
2014 5216 2134 5271 Vidi
2167 5218 2315 5271 enim
2354 5219 2575 5289 (inquit)
2610 5220 2883 5275 tristatum
2922 5231 2975 5274 et
3004 5221 3374 5275 ambulantem

1798 5326 1921 5364 cunt
1949 5309 2231 5374 maestitia,
2263 5319 2317 5363 et
2342 5314 2527 5364 sanavi
2562 5313 2679 5365 vias
2710 5312 2883 5383 ejus),
2912 5315 3049 5369 alius
3079 5313 3379 5383 eleemos-y-

1799 5421 1925 5459 nam
1972 5403 2155 5471 faciat,
2194 5406 2335 5459 alius
2382 5404 2491 5476 36
2518 5415 2737 5473 peccata
2772 5405 3036 5475 proximis
3082 5406 3374 5471 condonet,

1798 5500 1938 5554 alius
1968 5498 2202 5568 denique
2235 5498 2304 5552 ab
2347 5499 2624 5552 oblivione
2664 5500 2930 5551 malorum
2962 5507 3016 5552 et
3049 5496 3374 5565 injuriarutn

1797 5591 2046 5659 deposito
2082 5590 2309 5645 ultionis
2341 5589 2540 5645 alfectn
2578 5589 2828 5659 incipiat.

1866 5684 2013 5738 Nihil
2056 5684 2190 5739 adeo
2218 5683 2472 5738 virtutem
2522 5690 2825 5753 promovet,
2862 5695 3025 5752 quam
3068 5680 3379 5736 recordatio

1797 5788 2163 5851 peccatorum.

1870 5870 1982 5933 Via:
2022 5871 2381 5944 paenitudinis
2422 5878 2552 5928 sunt
2597 5870 2840 5947 quinque
2873 5887 2887 5942 ς
2930 5868 3131 5941 prima,
3172 5869 3380 5939 agnititt
