3780 6542
137 398 221 461 833
933 392 1105 456 LOCI
1149 391 1595 457 COMMUNES.
1633 418 1702 433 ·-·
1742 399 1939 459 PARS
1976 400 2022 463 l.
2054 398 2323 462 SERMO
2362 398 2531 468 XIX.

3249 416 3355 479 834

139 519 213 572 καὶ
238 510 433 584 βλέπων
465 525 544 571 εις
569 507 641 561 τά
668 506 865 574 ὀπίσω,
895 508 1115 575 εὖθετὸς
1142 511 1293 565 ἐστιν
1326 512 1406 576 είς
1433 512 1534 582 τὴν
1566 513 1650 580 βα-

1833 520 2069 569 trorsum
2123 517 2284 572 vertit
2334 518 2546 588 oculos,
2598 520 2831 580 idoneus
2882 536 2967 580 est
3003 526 3071 581 ad
3128 542 3355 597 regnum

138 604 306 660 σιλείαν
328 599 415 653 τοῦ
440 598 594 652 Θεοῦ.

185 690 420 764 lipsian
450 691 565 743 ἐστι
598 689 676 763 μὴ
724 691 1103 759 ἐπεγνωκέναι
1148 692 1252 762 τὴν
1279 693 1401 748 ὁδον
1428 693 1532 765 τῆς
1581 696 1660 749 δι-

134 784 403 852 καιοσύνης,
433 783 464 853 ῆ
498 783 792 850 ἐπιγνόντα
826 784 1157 856 ἐπιστρέψαι
1182 788 1246 840 ἐκ
1281 789 1380 861 τῆς
1420 789 1660 858 παραδυ-

134 878 285 948 θείσης
314 873 456 944 αὐτῷ
482 874 647 941 ἁγίας
680 875 927 945 ἐντολῆς.

200 967 463 1029 Ἑκουσίως
490 966 600 1037 γὰρ
634 967 1060 1038 ἁμαρτανόντων
1094 972 1126 1041 ἠ
1138 971 1276 1041 μῶν,
1314 972 1452 1044 μετά
1475 973 1536 1027 τδ
1562 973 1659 1028 λα-

131 1063 221 1115 δεῖν
243 1060 329 1127 τὴν
355 1056 649 1125 ἐπίγνωσιν
674 1058 772 1129 τῆς
798 1060 1077 1130 ἀληθείας,
1107 1064 1291 1117 οὐκέτι
1322 1068 1453 1135 περὶ
1474 1067 1659 1138 ἀμαρ-

129 1153 234 1207 τιῶν
261 1149 599 1203 ἀπολείπεται
631 1151 818 1216 θυσία,
858 1153 1065 1223 φοϐερὰ
1105 1154 1161 1208 δέ
1184 1171 1266 1217 τις
1302 1156 1495 1229 ἐκδοχὴ
1540 1159 1659 1229 κρί-

130 1256 269 1302 σεως,
325 1238 413 1290 καὶ
462 1238 638 1308 πυρὸς
694 1239 857 1309 ζῆλος
922 1240 1129 1298 ἐσθίειν
1185 1245 1474 1314 μέλλοντος
1530 1248 1659 1312 τοὺς

128 1329 459 1391 ὑπεναντίους.

182 1424 369 1492 Ὥσπερ
411 1421 556 1476 κύων
600 1423 731 1477 ὅταν
778 1426 980 1499 ἐπέλθῃ
1012 1430 1108 1507 επὶ
1138 1431 1230 1483 τὸν
1272 1432 1402 1486 ἴδιον
1441 1434 1654 1503 ἔμετον,

126 1520 197 1572 καὶ
222 1516 430 1587 μισητδς
457 1516 715 1585 γένηταγ
746 1517 924 1584 οὓτως
951 1521 1141 1591 ἄφρων
1166 1526 1233 1594 τῇ
1262 1525 1460 1578 ἑαυτοῦ
1489 1528 1659 1599 κακίᾳ

124 1609 423 1680 ἀναστρέψας
449 1611 541 1662 ἐπὶ
572 1612 674 1681 τὴν
702 1611 901 1665 ἑαυτοῦ
933 1615 1239 1686 ἁμαρτέαν.

188 1704 261 1757 Ἐν
298 1705 369 1773 τῷ
404 1705 779 1778 ἀποστρέφειν
824 1707 1037 1763 δίκαιον
1072 1712 1136 1765 ὲκ
1172 1712 1267 1780 τῆς
1301 1712 1657 1786 δικαιοσύνης

125 1796 272 1859 αὑτοῦ,
300 1797 390 1848 καὶ
441 1797 670 1866 ποιῆσαι
708 1798 946 1867 ἀδικίαν,
985 1802 1157 1856 πᾶσαι
1208 1804 1264 1857 αἱ
1313 1804 1655 1862 δικαιοσύναι

1767 601 1824 654 D.
1848 603 1884 656 i.

1835 696 2025 765 Apost.
2091 697 2322 755 Prmstat
2379 719 2489 760 non
2551 707 2840 777 agnovisse
2893 712 3037 765 viam
3103 713 3353 781 justitiae,

1762 802 1925 857 quam
1962 802 2086 861 post
2115 794 2450 865 agnitionem
2496 799 2641 857 illius
2675 819 2703 857 a
2744 814 2939 859 saneta
2967 806 3214 861 doctrina
3246 808 3351 861 sibi
3400 820 3407 850 δ

1764 881 1962 938 tradita
1993 885 2227 943 resilire.

1843 972 2010 1031 Hebr.
2061 993 2115 1031 ιι.
2177 978 2311 1034 Nam
2352 982 2398 1038 si
2460 985 2703 1042 volentes
2769 989 3178 1059 peccaverimus
3232 1002 3355 1061 post

1763 1076 2043 1136 acceptam
2084 1073 2450 1140 ceguitionem
2488 1079 2756 1147 veritatis,
2787 1096 2892 1134 non
2928 1082 3062 1136 ultra
3098 1099 3195 1153 pro
3226 1099 3353 1154 pec-

1761 1158 1898 1212 catis
1945 1160 2159 1231 reliqua
2206 1173 2290 1219 est
2338 1167 2537 1234 h05tia,
2573 1171 2664 1226 sed
2698 1170 3059 1229 formidabilis
3100 1176 3347 1245 quaedam

1760 1253 2093 1320 exspectatio
2124 1255 2340 1325 judicii,
2377 1268 2433 1313 et
2467 1260 2607 1331 ignis
2647 1263 3013 1334 vehementia,
3050 1269 3141 1338 qui
3181 1270 3351 1324 devo-

1763 1352 1986 1399 raturus
2017 1356 2102 1402 est
2130 1348 2498 1407 adversarios.

1833 1434 1991 1491 Prov.
2026 1456 2192 1495 xxv".
2243 1440 2715 1507 Quemadmodum
2772 1450 2926 1507 canis
2976 1469 3232 1510 reversus
3283 1456 3351 1509 ad

1761 1528 2041 1597 preprium
2084 1532 2347 1586 vomitum
2391 1532 2777 1593 abominabilis
2826 1543 2904 1608 iit,
2949 1541 3028 1597 sic
3090 1544 3354 1617 insipiens

1759 1617 1851 1687 qui
1875 1632 1937 1671 ex
1978 1619 2182 1675 malitia
2214 1637 2308 1676 sua
2352 1625 2492 1679 redit
2528 1629 2594 1680 ad
2625 1640 2907 1698 peccatum
2950 1648 3134 1689 suum.

1831 1706 2022 1764 Ezcclt.
2058 1727 2210 1769 xvm.
2240 1715 2376 1771 Cum
2401 1720 2587 1788 justus
2618 1725 2889 1779 avertitur
2921 1741 2949 1779 a
2976 1727 3191 1795 justitia
3254 1745 3355 1784 sua

1762 1808 1817 1852 et
1852 1800 2180 1870 injustitiam
2228 1808 2490 1877 admittit,
2523 1828 2716 1871 omnes
2760 1816 2990 1885 justitia‘.
3020 1821 3142 1888 ejus
3172 1835 3199 1875 a
3238 1836 3352 1877 me-

125 1891 254 1944 αὑτοῦ
276 1890 330 1941 οὐ
360 1889 429 1958 μὴ
464 1889 807 1959 μνησθῶσινο
846 1892 905 1944 ὲν
939 1894 1003 1961 τῇ
1038 1893 1474 1965 ἀμαρτίᾳάὖτοῦ
1516 1901 1650 1953 ἀπο.

1828 1896 1932 1946 πίει
1984 1895 2203 1960 cadent,
2252 1901 2521 1956 morietur
2572 1905 2624 1959 in
2677 1919 2904 1976 peccatu
2959 1926 3081 1965 suo.
3140 1911 3351 1966 Uuuur-

125 1985 339 2038 θανεῖται.
368 1982 640 2036 Ἐκαστον
692 1983 835 2037 κατὰ
864 1984 964 2054 τὴν
992 1985 1110 2040 ὁδὸν
1152 1987 1317 2041 αὑτοῦ
1364 1990 1419 2043 ἐν
1508 1992 1655 2062 εὕρω

124 2078 267 2143 αὑτὸν,
291 2076 449 2147 κρινῶ
474 2076 663 2139 αὐτὸν,
684 2076 835 2146 λέγει
869 2077 1095 2148 Κύριος
1123 2080 1220 2135 καὶ
1237 2083 1291 2134 ἐν
1381 2082 1446 2136 ἂν
1471 2085 1656 2155 ἡμέρᾳ

125 2169 376 2241 ἐπιστρέψῃ
407 2172 434 2223 ὁ
462 2170 672 2239 ἄνομος
707 2172 771 2224 ἐκ
804 2171 999 2225 πασῶν
1040 2171 1149 2227 τῶν
1189 2174 1434 2245 ἀνομιῶν
1463 2176 1652 2243 αὑτοῦ,

123 2268 193 2320 καὶ
223 2266 405 2337 ποιήσῃ
436 2264 818 2337 δικαιοσύνην,
865 2266 928 2319 οὐ
966 2265 1042 2338 μὴ
1093 2270 1321 2338 μνησθῶ
1362 2269 1442 2324 ἔτι
1478 2272 1657 2327 πάντα

122 2359 170 2410 τὰ
192 2356 583 2427 παραπτώματα
621 2357 813 2412 αὑτοῦ.

176 2446 461 2517 Δικαιοσύνη
498 2448 717 2501 δικαίου
747 2449 807 2501 οὑ
844 2448 919 2522 μὴ
951 2449 1227 2531 ἐξέληται.
1241 2451 1406 2505 αὐτὸν
1442 2456 1498 2507 ἐν
1590 2454 1656 2510 ἂν

123 2541 263 2611 ᾑμέρᾳ
301 2539 566 2610 πλανηθῇ·
620 2540 715 2593 καὶ
762 2539 963 2611 ἀνομία
1013 2543 1249 2607 ἀσεϐοῦς
1296 2544 1356 2597 οὺ
1411 2543 1654 2598 κακώσει

122 2632 268 2698 αὐτὸν,
300 2633 352 2684 ὲν
445 2632 509 2686 ἂν
535 2632 733 2705 ἡμέρᾳ
760 2633 1090 2707 ἀποστραφῇ
1126 2637 1235 2690 ἀπὸ
1268 2638 1368 2707 τῆς
1416 2638 1656 2708 ἀνομίας

123 2725 271 2779 αὐτοῦ.
306 2727 571 2781 Ἕκαστον
612 2729 668 2781 ὲν
713 2730 837 2793 ταῖς
879 2730 1018 2794 ὁδοῖς
1062 2731 1227 2785 αὐτοῦ
1265 2732 1439 2803 κρινῶ
1487 2734 1653 2805 ὑμᾶς,

121 2812 235 2880 οἶκος
268 2817 493 2888 Ἰσραήλ.

177 2911 229 2963 '0
276 2912 327 2963 ὲν
371 2915 633 2984 προκοπῇ
676 2914 975 2985 γενόμενος
1022 2916 1245 2986 ἀγαθῶν
1281 2916 1479 2987 ἔργων,
1534 2913 1657 2975 εἶτα

122 3002 504 3074 παλινδρομήσας
562 3007 707 3077 πρὸς
756 3006 856 3078 τὴν
910 3009 1146 3079 ἀρχαίαν
1220 3010 1544 3079 συνήθειαν,
1593 3012 1652 3064 οὐ

122 3090 245 3157 μόνον
268 3097 350 3145 τὸν
382 3094 470 3146 επὶ
498 3096 621 3157 τοῖς
670 3099 1070 3167 πεπονημένοις
1104 3100 1297 3170 μισθὸν
1342 3100 1653 3171 ἐζημιώθη,

122 3184 227 3238 ἀλλὰ
251 3186 336 3239 καὶ
370 3186 686 3260 βαρυτέρας
716 3188 963 3256 ἀξιοῦται
998 3193 1095 3262 τῆς
1123 3194 1525 3265 κατακρίσεως.

178 3277 229 3332 Ὃ
260 3279 339 3331 ἐπὶ
364 3279 470 3340 τοῖς
497 3276 749 3350 πρώτοις
782 3280 1152 3354 ἁμαρτήμασι
1186 3283 1522 3354 παιδευθεὶς,
1557 3285 1653 3340 καὶ

119 3370 192 3438 τῆς
212 3371 434 3440 ἀφέσεως
460 3372 856 3440 καταξιωθεὶς,
884 3374 982 3429 ἐὰν
1006 3377 1171 3431 πάλιν
1195 3378 1444 3452 ἁμάρτῃ,
1468 3380 1653 3452 χεῖρον

118 3458 188 3511 τοῦ
234 3462 479 3533 προτέρου
517 3464 933 3530 κατασκευάζει
986 3465 1163 3538 ἐαυτῷ
1225 3466 1288 3521 τὸ
1332 3469 1510 3538 κρῖμα
1552 3467 1651 3532 τῆς

116 3551 266 3623 591i;-

170 3646 331 3701 Πολλοὶ
357 3651 791 3723 ἐπιστρέψαντες
822 3653 930 3707 ἀπὸ
965 3654 1221 3726 πονηρῶν
1250 3654 1453 3725 ἔργων,
1484 3659 1649 3713 οἱονεὶ

117 3737 191 3799 τὶς
231 3741 431 3812 μνήμας
477 3742 594 3798 τῶν
635 3744 882 3799 παλαιῶν
916 3746 1096 3817 ἔργων
1145 3753 1646 3820 παρακατέχοντες,

116 3830 166 3881 δι’
198 3833 355 3886 αὐτῶν
397 3836 666 3907 πολλάκις
715 3837 1071 3893 ἀνανεοῦνται
1117 3838 1218 3909 τὴν
1261 3840 1647 3912 ήσυχάζουσαν

116 3922 363 3995 ἁμαρτίαν.

168 4020 445 4093 Ἄνθρωποι
478 4028 605 4089 ταῖς
654 4023 907 4091 νεφέλαις
949 4025 1183 4093 ἐοίκασι,
1224 4026 1360 4097 πρὸς
1396 4027 1496 4092 τάς
1536 4029 1648 4085 τῶν

116 4110 390 4177 πνευμάτων
425 4113 735 4184 μεταϐολὰς
780 4114 972 4169 ἄλλοτε
1018 4115 1142 4169 κατ’
1175 4114 1306 4170 ἄλλο
1351 4117 1517 4188 μέρος
1551 4117 1649 4173 τοῦ

114 4197 239 4266 ἀέρος
267 4202 695 4274 ὲμφερομέναις.

660 4296 882 4354 ΛΟΓΟΣ
934 4299 1039 4355 18’.

197 4386 313 4454 Περὶ
338 4386 454 4443 τῶν
477 4392 565 4457 είς
596 4390 925 4461 μετάνοιαν
947 4392 1037 4463 μὴ
1058 4392 1567 4467 ἐπιστρεφόντων.

172 4478 398 4550 Παρῆσαν
428 4483 484 4538 δέ
511 4501 660 4547 τινες
684 4485 830 4555 αὐτῷ
857 4486 934 4556 τῷ
961 4485 1163 4557 καιρῷ,
1204 4490 1642 4558 ἀπαγγέλλοντες

1758 1999 2031 2055 quemque
2054 1988 2106 2042 in
2126 1989 2211 2043 via
2229 2006 2349 2059 sua,
2374 1994 2425 2048 in
2447 2011 2550 2066 qua
2577 1996 2835 2054 invenero
2854 2000 3055 2070 ipsum,
3073 2001 3355 2071 judicabo',-

1760 2078 1939 2149 inquit
2027 2083 2315 2150 Dominus,
2376 2097 2431 2142 ct
2485 2106 2816 2164 quocunque
2862 2096 2951 2149 die
3008 2096 3229 2165 iniquus
3284 2098 3353 2152 ab

1759 2174 2015 2228 omnibus
2042 2176 2426 2248 iniquitatibus
2454 2185 2570 2239 suis
2603 2201 2662 2239 se
2692 2189 3046 2255 converterit,
3079 2201 3132 2244 et
3162 2189 3356 2245 fecerit

1756 2262 2050 2332 justitiam,
2098 2284 2205 2324 non
2258 2273 2495 2342 amplius
2551 2279 2800 2333 omnium
2850 2280 3174 2337 delictorum
3232 2282 3361 2351 ejus

1760 2361 2112 2416 recordabor.

1834 2449 1977 2506 Ibid.
2012 2470 2205 2511 χχχιιι.
2236 2456 2455 2514 Justitia
2481 2460 2617 2531 justi
2651 2478 2758 2517 nou
2795 2462 3049 2520 liberabit
3079 2480 3205 2521 eum
3233 2482 3361 2538 quo

1762 2549 2003 2612 tempore
2047 2547 2439 2605 aberraverit:
2483 2561 2537 2606 et
2584 2553 2847 2625 iniquitas
2903 2556 3054 2625 impii
3108 2573 3217 2612 non
3251 2574 3353 2615 n0-

1759 2637 1901 2691 cebit
1925 2640 1997 2705 ei,
2025 2656 2135 2710 quo
2163 2643 2250 2698 die
2273 2658 2576 2701 conversus
2609 2646 2775 2702 fuerit
2800 2649 2871 2703 ab
2910 2649 3199 2718 iniquitate
3230 2668 3353 2707 sua.

1761 2725 2214 2803 Unumquemqne
2267 2744 2506 2790 vestrum
2563 2738 2760 2794 inviis
2816 2741 2933 2795 suis
2985 2740 3266 2811 judicabo,
3319 2758 3357 2798 ο

1759 2821 1953 2876 domus
1990 2821 2179 2879 Israel.

1830 2910 2044 2968 Basilii.
2079 2917 2180 2982 Qui
2215 2927 2505 2989 postquam
2538 2920 2591 2976 in
2624 2921 2784 2977 bonis
2816 2924 3077 2995 operibus
3102 2926 3356 2996 profecit,

1761 3004 1955 3058 iterum
2022 3008 2088 3061 ad
2149 3010 2433 3080 antiquam
2490 3015 2943 3071 consuetudinem
3018 3018 3184 3083 redit,
3242 3035 3356 3073 non

1758 3094 1939 3148 βυιυιιι
2013 3098 2191 3166 perdit
2245 3100 2515 3157 bonorum
2577 3121 2806 3175 operum
2876 3107 3205 3177 mercedem,
3255 3110 3355 3165 sed

1762 3187 1988 3258 insuper
2021 3192 2273 3260 graviore
2301 3193 2655 3253 damnatione
2678 3199 2965 3254 multatur.

1831 3280 2146 3353 Castigatus
2202 3285 2403 3357 aliquis
2453 3297 2680 3359 propter
2742 3294 2919 3361 prima
2986 3303 3235 3364 peccata,
3294 3307 3353 3354 et

1757 3375 1970 3428 veniam
1999 3388 2284 3433 assecutus
2310 3380 2354 3434 si
2382 3381 2566 3437 denuo
2584 3394 2794 3453 peccet,
2811 3385 3032 3458 gravius
3052 3386 3235 3456 priore
3255 3389 3347 3461 ju-

1753 3466 1956 3522 dicium
1985 3470 2078 3524 ira:
2105 3471 2207 3527 sibi
2234 3474 2486 3529 accersit.

1823 3652 1974 3709 Multi
2012 3670 2041 3709 a
2076 3655 2229 3712 malis
2263 3657 2519 3727 operibus
2553 3660 2832 3729 conversi,
2865 3662 2963 3716 sed
2985 3663 3166 3719 adhuc
3192 3676 3343 3721 vete-

1750 3761 1873 3801 rum
1905 3746 2212 3804 facinorum
2246 3750 2393 3821 apud
2422 3765 2482 3807 se
2512 3754 2830 3808 memoriam
2879 3765 3185 3826 servantes,
3220 3757 3350 3829 ejus

1751 3840 1910 3910 culpa
1937 3858 2043 3896 non
2070 3857 2194 3897 raro
2220 3845 2467 3915 quietum
2502 3857 2785 3917 peccatum
2815 3861 3106 3904 renovant.

1823 4022 2085 4080 Homines
2122 4025 2335 4081 nebuiis
2366 4028 2579 4084 similes
2618 4037 2770 4094 sunt,
2802 4045 2924 4102 quae
2954 4029 3110 4100 juxta
3163 4042 3343 4089 muta-

1750 4116 1926 4171 tiones
1956 4115 2181 4171 ﬂetuum
2207 4133 2352 4173 nunc
2380 4121 2488 4175 huc
2515 4135 2661 4176 nunc
2688 4122 2819 4177 illuc
2854 4122 3128 4181 feruntur.

2110 4293 2349 4349 SERMO
2377 4293 2497 4350 XIX
2536 4295 2633 4369 [aL
2670 4298 2982 4373 CLXXXI}.

1856 4389 1931 4443 De
1953 4388 2058 4444 illis
2098 4390 2188 4459 qui
2216 4393 2284 4442 ad
2314 4393 2671 4460 paenitentiam
2702 4408 2806 4446 non
2832 4404 3229 4451 convertuntur.

1817 4482 1946 4539 Luc.
1984 4497 2083 4537 xu.
2113 4483 2352 4537 Aderant
2373 4491 2552 4536 autem
2577 4483 2802 4553 quidam
2830 4485 3021 4541 eodem
3088 4486 3141 4539 in
3201 4500 3334 4543 tem-

111 4570 225 4640 αὐτῷ
247 4577 362 4645 περὶ
385 4577 497 4630 τῶν
511 4577 839 4641 Γαλιλαίων,
864 4575 941 4631 ὧν
966 4580 1027 4633 τὸ
1052 4575 1193 4651 αἷμα
1225 4582 1453 4646 Πιλᾶτος
1483 4582 1636 4653 ἔμιξε

1828 4593 1876 4633 re
1910 4576 2224 4630 nuntiantes
2252 4575 2327 4630 illi
2390 4576 2455 4630 de
2504 4576 2764 4642 Galilaeis,
2798 4577 2911 4649 38
2940 4594 3170 4647 quorum
3207 4596 3343 4633 δίιμεν

113 4661 219 4724 μετὰ
242 4663 339 4717 τῶν
370 4664 574 4721 θυσιῶν
617 4666 818 4723 αὐτῶν.
866 4670 975 4723 Καὶ
1009 4671 1330 4742 ἀποκριθεὶς
1359 4674 1387 4724 δ
1432 4674 1641 4743 Ἰησοῦς

110 4743 230 4802 εἶπεν
257 4752 448 4819 αὐτοῖς’
490 4772 509 4807 ι
542 4758 764 4811 Δοκεῖτε
793 4759 873 4811 δτι
903 4761 951 4811 ei
987 4759 1263 4813 Γαλιλαῖοι
1287 4755 1431 4816 οῦτοι
1461 4763 1641 4833 ἁμαρ-

108 4844 353 4917 τωλότεροι
395 4851 549 4923 παρά
592 4852 805 4915 πάντας
834 4854 959 4917 τοὺς
1003 4854 1324 4919 Γαλιλαίους
1371 4856 1640 4925 ἐγένοντο,

108 4930 170 4983 ὅτι
193 4934 397 4991 τοιαῦτα
440 4939 777 4993 πεπόνθασιν
802 4956 816 5005 ;
849 4941 1006 5012 Οὐχὶ,
1032 4943 1181 5011 λέγω
1207 4943 1335 5013 ὑμῖν
1360 4959 1372 4973 ’
1406 4943 1522 4995 ἀλλ’
1549 4945 1649 4997 ἐὰν

113 5022 170 5093 μὴ
209 5031 586 5102 μετανοήσητε,
635 5032 839 5094 πάντες
909 5031 1172 5095 ὡσαύτως
1220 5032 1537 5090 ἀπολεῖσθε.
1572 5037 1641 5088 Ἢ

64 5112 71 5126 ⁸
111 5120 268 5174 ἐκεῖνοι
294 5125 339 5178 οἱ
384 5125 515 5180 δέκα
564 5127 658 5180 καὶ
688 5127 856 5192 ὀκτὼ,
891 5128 979 5199 ἐφ’
1017 5128 1111 5192 οὓς
1146 5129 1345 5182 ἔπεσεν
1375 5130 1403 5182 ὁ
1434 5129 1641 5199 πύργος

112 5210 154 5259 ἐν
181 5211 247 5281 τῷ
275 5214 507 5287 Σιλωὰμ,
558 5218 652 5270 καλ⁵
704 5218 989 5273 ἀπώλεσεν
1035 5219 1232 5282 αὐτούς
1257 5237 1271 5251 ο
1317 5221 1526 5274 δοκεῖτε
1561 5222 1642 5275 ὅτι

111 5304 343 5371 ὀφειλέται
374 5310 624 5380 ἐγένοντο
675 5314 828 5381 παρὰ
887 5315 1097 5377 πάντας
1147 5312 1474 5383 ἀνθρώπους
1515 5313 1641 5378 τοὺς

110 5400 453 5466 κατοικοῦντας
513 5405 908 5476 ἰερουσαλήμς
960 5407 1121 5477 Οὐχὶ,
1142 5407 1288 5475 λέγω
1331 5408 1488 5478 ὑμῖν·
1523 5405 1640 5460 ἀλλ’

111 5488 182 5542 ἐὰν
210 5492 277 5562 μὴ
307 5500 717 5568 μετανοήσητεν
743 5501 949 5562 πάντες
971 5499 1284 5553 ἀπολεῖσθε.

163 5582 310 5638 Ὀταν
356 5587 415 5639 δὲ
455 5588 688 5655 λέγωσιν
739 5590 965 5661 εἰρήνην
1015 5592 1111 5644 καὶ
1146 5592 1475 5660 ἁσφάλειαντ
1520 5591 1639 5645 τότε

110 5671 331 5741 αἰφνίδιος
362 5679 543 5744 αὐτοῖς
576 5682 868 5747 ἐφίσταται
899 5682 1145 5754 δλεθρος.

164 5770 223 5820 Οίν
248 5772 298 5822 ἐν
325 5773 611 5843 ἁμαρτίαις
647 5777 955 5846 γενόμενοι,
1009 5778 1103 5830 καὶ
1130 5780 1210 5849 μὴ
1250 5781 1634 5848 μεταγνόντες,

134 5860 157 5910 ν
214 5862 357 5930 μόνον
410 5868 506 5922 οὐκ
552 5869 971 5924 είσακοὺσονται
1022 5873 1473 5944 προσευχόμενοι,
1500 5873 1637 5928 ἀλλὰ

1748 4669 1965 4739 guinem
1996 4670 2200 4723 Pilatus
2237 4670 2531 4724 miscuerat
2577 4686 2699 4725 cum
2734 4671 3017 4726 sacriﬁciis
3062 4672 3341 4742 ipsorum,

1747 4761 1813 4814 Et
1858 4762 2192 4830 respondens
2222 4760 2407 4824 Jesus,
2456 4762 2593 4816 dixit
2645 4762 2763 4818 illis!
2793 4779 2811 4817 ι
2844 4760 3057 4817 Ριιιωιῖε
3097 4765 3248 4833 quod‘
3278 4766 3341 4818 lp‘v

1747 4850 1951 4907 Galilaei
2014 4869 2123 4922 pra:
2173 4854 2385 4909 cunctis
2440 4852 2677 4909 Galilznis
2736 4863 3056 4925 peccatores
3104 4856 3346 4921 fuerim,

1748 4945 1883 5013 quia
1904 4944 2028 4997 talia
2059 4947 2205 5013 passi
2232 4946 2407 4999 sunt?
2439 4943 2579 5011 Non,
2606 4947 2728 5001 dico
2758 4946 2935 5013 vobis,
2975 4947 3087 5003 imo
3112 4950 3215 5005 nisi
3250 4968 3346 5006 ιρις-ι

1746 5036 2044 5107 sipueritis,
2081 5051 2276 5092 omnes
2314 5035 2569 5093 similiter
2615 5039 3111 5108 peribitis.Auti1li
3138 5043 3337 5099 decem

1745 5144 1798 5184 et
1856 5141 2003 5188 octo.
2039 5146 2204 5199 supra
2253 5146 2390 5196 quos
2439 5130 2634 5184 cecidit
2704 5132 2873 5187 turris
2936 5134 2990 5187 in
3048 5134 3217 5197 Siloa,
3278 5149 3339 5188 ιιι*

1747 5223 1945 5275 occidit
1997 5236 2113 5285 eos,
2165 5222 2371 5291 putatis
2417 5223 2561 5290 quod
2612 5224 2889 5279 debitores
2937 5225 3143 5280 fuerint
3193 5226 3341 5279 ultrar

1746 5322 1974 5367 cunctos
2031 5312 2284 5366 homines
2334 5313 2644 5367 habitantes
2697 5313 3137 5387 Hierosolymis?
3187 5316 3337 5381 Non,

1746 5406 1870 5460 dico
1919 5405 2091 5468 vobis.
2147 5405 2258 5460 into
2286 5406 2391 5460 nisi
2444 5407 2810 5477 resipueritis,
2844 5424 3036 5465 omnes
3079 5408 3339 5465 similiter

1744 5499 2008 5570 peribitis.

1817 5591 2005 5659 Apost.
2065 5590 2208 5646 Cum
2255 5600 2439 5648 autem
2472 5592 2707 5649 dixerint
2754 5608 2943 5665 pacem
2980 5603 3037 5649 et
3066 5593 3340 5649 securita-r

1748 5695 1886 5749 tem,
1921 5693 2035 5739 tum
2065 5685 2386 5754 repentinus
2425 5687 2507 5741 eis
2540 5687 2791 5742 imminet
2816 5687 3098 5742 interitus.

1828 5777 1935 5842 Qui
1973 5776 2213 5831 intricati
2262 5777 2497 5846 peccatis
2534 5793 2642 5832 non
2707 5786 2871 5847 agunt
2926 5776 3339 5847 paenitentiam,

1747 5872 1819 5927 illi
1855 5890 1967 5928 non
1996 5871 2172 5929 solum
2211 5881 2433 5929 orantes
2476 5887 2587 5928 non
2617 5872 2979 5929 esaudicntur
3003 5916 3019 5943 ,
3047 5873 3141 5930 sed
3175 5874 3337 5930 initur
