3780 6524
131 339 217 408 837

124 550 264 606 οὕτως
287 542 422 597 ἔσται
471 543 529 594 ἐν
577 544 645 612 τῇ
695 543 976 616 συντελείᾳ
1021 543 1117 599 τοῦ
1170 547 1369 612 αἰῶνος
1422 551 1638 608 τούτου.

133 634 400 693 ’Λποστελετ
443 635 469 686 ὁ
518 634 646 698 Υἱὸς
699 633 791 689 τοῦ
845 636 1138 706 ἀνθρώπου
1189 639 1318 704 τοὺς
1375 642 1644 710 ἀγγέλους

124 731 272 792 αὐτοῦ,
324 730 410 782 καὶ
474 728 817 794 συλλέξουσιν
867 731 930 783 ὲκ
977 731 1078 801 τῆς
1139 732 1420 803 βασιλείας
1475 737 1641 791 αὐτοῦ

120 827 258 878 πάντα
286 821 343 872 τὲ
374 820 642 874 σκάνδαλα
674 823 766 873 καὶ
789 822 920 886 τοὺς
945 825 1238 888 ποιοῦντας
1263 827 1361 898 τὴν
1388 829 1638 900 ἀνομίαν,

119 919 190 969 καὶ
216 912 517 982 ἐμόαλοῦσιν
549 913 751 977 αὐτοὺς
782 916 863 979 είς
897 916 999 987 τὴν
1042 919 1273 990 κάμινον
1308 922 1400 976 τοῦ
1446 925 1638 994 πυρός.

126 1009 242 1059 Ἐιιεῖ
277 1007 417 1058 ἔσται
445 1006 472 1056 ὀ
511 1005 814 1076 κλαυθμὸς,
849 1009 946 1061 καὶ
992 1011 1020 1064 ὁ
1068 1009 1315 1082 βρυγμὸς
1348 1014 1460 1067 τῶν
1489 1017 1637 1070 ὁδόν-

113 1119 211 1151 των.

167 1190 277 1244 Τότε
301 1191 408 1259 ἐρεῖ
435 1191 459 1242 ὁ
483 1190 742 1260 βασιλεὺς
766 1194 864 1247 καὶ
889 1197 1002 1259 τοῖς
1029 1196 1090 1263 ἐξ
1113 1197 1436 1271 εὐωνύμων·
1477 1223 1494 1255 ι
1531 1205 1637 1258 Πο-

111 1284 292 1357 prisco:
323 1281 412 1336 ἀπ’
435 1283 594 1351 ἐμοῦ,
633 1286 683 1339 οἱ
711 1289 1106 1360 κατηραμένοι,
1139 1293 1220 1355 είς
1243 1295 1305 1347 τὸ
1335 1295 1445 1366 πῦρ
1467 1299 1530 1350 τὸ
1558 1302 1643 1352 αι..

109 1383 252 1442 ὡνιον,
279 1378 333 1430 τὸ
365 1378 770 1448 ἡτοιμασμένον
799 1382 880 1453 τῷ
924 1384 1159 1452 διαϐόλῳ
1197 1389 1427 1452 καὶτοῖς
1462 1393 1637 1460 ἀγγέ-

107 1473 193 1531 λοις
231 1468 400 1524 αὑτοῦ.
448 1471 750 1528 Ἐπείνασα
796 1475 928 1546 γάρ,
962 1478 1058 1530 καὶ
1109 1478 1212 1533 οὐκ
1268 1480 1508 1536 ἐδώκατέ
1546 1503 1636 1555 μοι

107 1566 276 1634 φαγεῖν.
306 1583 323 1616 ι

144 1656 356 1725 ιΣύμπαν
381 1655 440 1710 τὸ
464 1657 678 1729 ποίημα
709 1661 827 1726 ἄξει
849 1665 876 1716 ὁ
900 1663 1034 1728 θεὸς
1058 1667 1138 1730 είς
1163 1668 1365 1738 κρίσιν,
1387 1673 1444 1724 ἐν
1472 1673 1636 1725 παντὶ

113 1748 490 1818 παρεωραμένον,
527 1750 625 1804 ἐὰν
656 1754 883 1822 ἀγαθὸν,
916 1758 1012 1810 ἐὰν
1046 1761 1309 1832 πονηρόν.

165 1928 390 1982 Ἐκᾶστου
423 1929 483 1982 τὺ
533 1930 700 2000 ἔργον
757 1941 996 2006 φανερὸν
1044 1939 1368 2009 γενήσεται.
1412 1941 1477 1996 Ἥ
1524 1944 1632 2016 γὰρ

103 2017 243 2087 ἡμέρα
269 2019 506 2087 δηλώσει,
542 2022 570 2075 ὅ
603 2041 659 2076 τι
709 2025 768 2078 ἐν
800 2029 935 2098 πυρὶ
981 2029 1472 2089 ἀποκαλύπτεταιο
1538 2039 1630 2092 καὶ

103 2114 286 2166 ἑκάστου
322 2113 377 2166 τὸ
404 2114 567 2185 ἔργον
594 2117 780 2171 ὁποῖόν
819 2121 956 2187 ἐστι,
981 2123 1044 2176 τὸ
1068 2123 1180 2196 πῦρ
1209 2125 1522 2195 δοκιμάσει.

161 2201 588 2273 Ἑξαναστήσεται
643 2207 870 2279 Κύριος,
904 2212 1000 2265 καὶ
1043 2214 1418 2271 ἀνταποδώσει
1469 2221 1626 2286 πᾶσι,

102 2299 172 2351 καὶ
199 2295 250 2347 τὺ
272 2296 613 2368 ἀνταπόδομα
649 2300 822 2356 αὐτοῦ
859 2305 940 2368 εἰς
971 2307 1220 2376 κεφαλὰς
1252 2310 1433 2365 αὐτῶν
1465 2315 1630 2369 ἀντα-

102 2387 284 2442 ποδὼσει

162 2479 272 2534 Ἰδοὺ
290 2483 464 2554 ἡμέρα
485 2485 698 2557 Κυρίου
717 2488 933 2559 ἔρχεται
958 2491 1096 2560 μετὰ
1119 2489 1294 2563 θυμοῦ
1319 2498 1413 2551 καὶ
1433 2496 1623 2568 ὀργῆς,

104 2571 235 2626 θεῖναι
259 2574 348 2645 τὴν
378 2578 712 2650 οἰκουμένην
747 2580 877 2652 ὅλην
915 2581 1129 2654 ἔρημον
1159 2583 1256 2639 καὶ
1283 2586 1410 2650 τοὺς
1441 2589 1628 2661 ἀμαρ-

102 2667 258 2730 τωλοὺς
281 2667 534 2724 ἀπολέσαι
573 2670 637 2738 ἐξ
678 2672 873 2742 αὐτῆς.

162 2757 207 2808 '(t
234 2756 332 2829 γὰρ
356 2760 570 2832 σκώληξ
597 2763 792 2818 αὐτῶν
815 2766 876 2820 οὐ
911 2766 1254 2840 τελευτήσει,
1291 2772 1388 2826 καὶ
1420 2774 1480 2828 τὸ
1515 2774 1630 2847 πῦρ

103 2849 242 2942 αὐτῶν
265 2851 318 2904 οὐ
354 2852 741 2926 σϐεσθήσεται,
769 2859 1111 2917 καὶιέσονται
1142 2865 1222 2927 είς
1251 2865 1444 2936 ὅρασιν
1472 2869 1626 2942 πάσῃ

104 2939 248 3008 σαρκί.

164 3029 456 3085 Ἐπλάτυνεν
485 3032 513 3084 δ
549 3031 688 3104 ᾅδης
718 3034 817 3104 τὴν
842 3033 1022 3108 ψυχὴν
1051 3037 1241 3104 αὑτοῦ,
1273 3042 1370 3096 καὶ
1390 3042 1623 3114 διήνοιξτ

920 339 1091 401 LOCI
1136 341 1582 408 COMMUNES.
1629 367 1702 383 -·
1747 349 1946 411 PARS
1991 353 2044 414 Ι.
2091 353 2352 416 SERMO
2392 358 2521 419 XX.

185 454 366 518 Ὠσπερ
409 446 716 516 συλλέγεται
743 447 809 502 τὰ
849 448 1086 515 ζιζάνια,
1119 453 1215 505 καὶ
1249 457 1384 525 πυρὶ
1416 455 1654 522 καίεται,
1689 463 1732 517 Α

3234 361 3347 428 8‘38

1840 459 1982 516 Ibid.
2010 478 2128 519 xut.
2173 464 2648 530 Quemadmodum
2677 468 3017 542 colliguntur
3039 473 3251 530 zizania
3285 486 3342 530 et

1759 549 1868 616 igni
1924 555 2346 618 comburuntur.
2415 560 2496 616 sic
2562 561 2668 616 erit
2738 563 2790 616 in
2852 569 3338 622 consummatione

1747 646 1928 700 s:rcu|i
1982 648 2164 719 hujus.
2195 648 2367 707 Mittet
2430 652 2602 709 Filius
2649 655 2890 711 hominis
2921 660 3144 727 angelos
3181 676 3334 723 suos,

1745 744 1802 789 et
1843 738 2104 808 colligettt
2148 756 2179 796 e
2231 757 2403 813 regno
2440 745 2586 800 illius
2633 748 2818 802 omnia
2867 749 3229 813 oﬂendicula,
3276 764 3332 805 et

1744 843 1840 884 eos
1890 833 1982 899 qui
2024 843 2239 902 patrant
2275 837 2649 908 iniquitatem,
2687 858 2751 896 ac
2804 845 3022 899 mittent
3075 848 3200 900 illos
3269 845 3321 899 in

1745 923 2022 979 caminum
2083 929 2223 995 ignis
2256 945 2270 983 :
2307 930 2380 986 ibi
2411 933 2518 987 erit
2543 934 2790 1003 ploratus
2834 936 3148 1007 stridorque
3192 937 3328 991 den-

1745 1014 1906 1072 tium.

1815 1197 1958 1254 Ibid.
1985 1217 2108 1254 xxv.
2134 1199 2285 1257 Tunc
2311 1203 2454 1258 dicet
2479 1202 2593 1258 Rex
2630 1204 2798 1258 etiam
2825 1204 2932 1259 illis
2963 1207 3053 1275 qui
3086 1206 3154 1260 ad
3187 1209 3327 1263 sini-

1742 1299 1909 1345 stram
1944 1302 2112 1346 sunt:
2153 1309 2171 1343 ι
2213 1291 2484 1350 Discedite
2516 1309 2541 1347 a
2586 1310 2694 1356 me,
2736 1296 3040 1362 maledicti,
3065 1297 3116 1351 in
3147 1300 3326 1367 ignem

1742 1393 2035 1449 trternum,
2071 1384 2290 1439 diabolo
2312 1395 2367 1439 et
2393 1387 2602 1453 angelis
2633 1388 2757 1453 ejus
2783 1398 3032 1456 paratum
3065 1408 3079 1442 :
3107 1385 3324 1446 esurivi

1739 1481 1886 1534 enim
1922 1490 1975 1534 ct
2005 1495 2110 1533 uou
2139 1478 2371 1534 dedistis
2403 1479 2536 1534 mihi
2565 1481 2769 1535 cibum.
2799 1501 2822 1533 ν

1814 1664 1984 1721 Eccli.
2015 1681 2113 1720 xu.
2147 1663 2289 1718 Deus
2317 1665 2371 1719 in
2401 1664 2670 1734 judicium
2696 1665 2927 1722 adducet
2969 1683 3132 1722 omne
3161 1683 3331 1739 opus,

1738 1772 1860 1810 cum
1895 1757 2046 1811 omni
2075 1758 2292 1814 occulta
2321 1772 2400 1821 re,
2424 1759 2541 1812 sive
2566 1759 2694 1828 quid
2723 1759 2948 1821 bonum,
2982 1764 3097 1816 sive
3121 1763 3322 1817 malum

1736 1848 1923 1906 fuerit.

1806 1943 2087 2014 Cujusque
2115 1961 2254 2017 opus
2285 1948 2634 2002 manifestum
2669 1949 2777 2001 lict.
2805 1947 2929 2004 Dies
2961 1951 3103 2004 enim
3137 1951 3326 2006 decla-

1734 2041 1877 2095 rabit
1904 2043 2048 2111 quod
2076 2043 2128 2095 in
2162 2042 2284 2113 igne
2313 2043 2606 2108 revelatur,
2631 2053 2682 2097 et
2706 2043 2970 2113 cujusque
2996 2060 3135 2114 opus
3165 2046 3327 2116 quale

1731 2135 1806 2190 sit
1829 2134 1972 2203 ignis
2003 2135 2279 2204 probabit.

1807 2226 2010 2297 Surget
2045 2227 2319 2284 Dominus
2343 2268 2358 2289 .
2386 2239 2441 2284 et
2469 2229 2661 2284 reddet
2696 2230 2979 2293 omnibus,
3011 2245 3064 2285 et
3094 2228 3336 2285 retribu-r
3364 2250 3370 2255 '

1729 2320 1933 2376 limem
1962 2335 2116 2375 suam
2158 2320 2211 2375 in
2245 2322 2425 2391 capita
2455 2321 2700 2390 ipsorum
2722 2301 3021 2378 'retribuet.

1801 2500 1915 2556 ha.
1947 2517 2069 2558 xm.
2117 2499 2255 2556 Ecce
2281 2499 2403 2558 dies
2436 2501 2652 2557 Domini
2681 2503 2831 2558 venit
2874 2518 2998 2558 cum
3033 2503 3115 2558 ira
3153 2512 3207 2559 et
3237 2502 3326 2559 fu-

1727 2609 1876 2661 rore,
1909 2603 1968 2648 ut
2007 2600 2181 2649 totum
2209 2594 2404 2650 orbem
2438 2595 2794 2651 habitabilem
2829 2595 3108 2653 desertum
3133 2596 3326 2664 faciat,

1728 2696 1782 2742 et
1815 2697 2134 2758 peceatores
2157 2688 2223 2742 de
2248 2701 2314 2744 eo
2353 2688 2569 2758 perdat.

1800 2779 1943 2834 Ibid.
1992 2778 2299 2835 vat.Nam
2337 2781 2540 2835 vermis
2572 2796 2762 2835 eorum
2787 2797 2898 2836 non
2938 2783 3228 2847 morietur,
3272 2791 3334 2840 et

1727 2871 1870 2945 ignis
1908 2887 2102 2928 eorum
2145 2886 2255 2927 non
2293 2873 2704 2946 exstinguetur,
2742 2882 2798 2929 et
2827 2885 2993 2930 erunt
3021 2883 3149 2930 ante
3189 2889 3327 2929 con-

1730 2972 1990 3032 spectum
2029 2963 2211 3018 omnis
2242 2966 2448 3021 carnis.

1804 3053 1947 3110 Ibid.
1984 3071 2038 3109 ν.
2095 3053 2257 3110 Inferi
2299 3056 2596 3125 ingluviem
2628 3071 2787 3111 suam
2825 3055 3080 3122 dilatant,
3117 3065 3174 3113 et
3227 3073 3332 3114 ore

103 3122 147 3173 τὸ
167 3123 314 3192 στόμα
343 3123 530 3192 αὐτοῦ,
578 3125 678 3180 τοῦ
710 3129 787 3197 μὴ
822 3129 1119 3186 διαλιπεῖν·
1154 3134 1248 3186 καὶ
1286 3136 1629 3206 καταϐήσονο

1806 3161 1838 3200 o
1865 3147 1986 3202 sine
2025 3147 2131 3203 ﬁne
2164 3122 2478 3210 dehiscunt.
2523 3157 2584 3201 ut
2629 3145 2966 3203 descendant
2997 3148 3051 3202 in
3085 3161 3182 3203 eos
3219 3148 3320 3203 ho—

102 3228 168 3264 ται
208 3215 277 3276 είς
320 3214 476 3269 αὑτὸν
535 3218 588 3271 οἱ
651 3217 854 3282 ἔνδοξοι
907 3222 1004 3276 καὶ
1065 3224 1113 3276 oi
1152 3225 1382 3294 μεγάλοι
1435 3231 1531 3283 καὶ
1583 3230 1634 3282 οἱ

103 3306 322 3371 πλούσιοι,
346 3312 435 3364 καὶ
462 3314 511 3366 οἱ
540 3312 704 3384 λιμοὶ
732 3315 833 3386 τῆς
862 3316 988 3386 γῆς,
1021 3318 1119 3372 καὶ
1145 3320 1176 3373 ὀ
1223 3321 1639 3392 ἁγαλλιώμενος

101 3397 143 3450 ὲν
163 3399 340 3469 αὐτοῖς,
367 3404 463 3458 καὶ
481 3405 550 3476 6;:
567 3405 768 3480 θαλμοὶ
795 3409 846 3462 οι
884 3412 1154 3482 μετέωροι
1198 3414 1640 3485 ταπεινωθήσονο

102 3507 184 3546 ται.

153 3588 266 3652 Τοὺς
291 3591 384 3662 τῆς
415 3593 699 3664 ἁμαρτίας
728 3593 1012 3664 καμάτους
1037 3595 1098 3649 τὸ
1119 3598 1220 3669 τῆς
1249 3598 1476 3670 γεέννης
1509 3599 1634 3654 ἐπί-

105 3696 230 3734 πονον
255 3686 339 3738 καὶ
366 3687 697 3760 σκυθρωπὸν
736 3689 1020 3758 ἀναμένει.

158 3774 396 3841 Ἕκαστος
428 3779 529 3851 τῆς
574 3780 782 3844 οἰκείας
816 3783 1084 3852 ἐργασίας
1117 3785 1178 3838 ἐν
1216 3788 1282 3856 τῇ
1316 3787 1509 3860 ἡμέρᾳ
1534 3790 1631 3861 τῆς

105 3865 453 3936 ἀνταποδόσεως
504 3873 634 3935 τοὺς
673 3875 922 3944 καρποὺς
957 3875 1348 3944 ἐπιγνώτεται.

159 3959 287 4014 Κατὰ
327 3962 428 4033 γὰρ
455 3964 557 4017 τὸν
603 3965 783 4035 Ὠσηὲ.
837 3969 1109 4024 κυκλώσει
1147 3971 1382 4027 ’ἑκαστον
1412 3972 1480 4027 τά
1516 3974 1633 4028 δια-

108 4047 252 4102 εούλια
274 4052 449 4106 αὐτοῦ.
500 4055 781 4126 Ὀψόμεθα
820 4060 930 4130 γὰρ
959 4061 1075 4130 ἅμα
1117 4065 1296 4118 πάντα
1324 4065 1491 4119 οἱονεὶ
1528 4083 1632 4119 πα-

107 4140 306 4206 ρεστῶτα
334 4145 460 4212 ἡμῖν
489 4145 562 4200 τὰ
590 4146 750 4218 ἔργα,
783 4152 874 4202 καὶ
907 4153 1209 4220 φαινόμενα
1233 4155 1630 4225 ἀντιπρόσωπα

106 4231 152 4296 τῇ
180 4230 364 4305 διανοίᾳ
411 4237 596 4307 ἡμῶν,
637 4241 778 4308 μετά
813 4243 922 4294 τῶν
960 4244 1104 4296 ἰδίων
1138 4246 1347 4310 τύπων,
1394 4247 1468 4309 ὡς
1500 4247 1630 4300 ἔκα-

107 4339 202 4375 στον
223 4326 550 4398 πέπρακται,
577 4331 609 4401 ἢ
639 4332 714 4390 ὡς
743 4332 1018 4388 λέλεκται.
1044 4337 1118 4388 Οὐ
1163 4337 1272 4408 μὴν
1306 4331 1533 4408 κρίνους
1566 4356 1627 4408 γε

104 4419 324 4486 προσήκει
349 4423 596 4493 νομίζειν
628 4426 1207 4497 καταναλωθήσεσθαι,
1230 4431 1310 4492 είς
1327 4430 1627 4485 τδέκαστον

1741 3239 1918 3294 mines
1961 3239 2204 3308 gloriosi,
2233 3240 2413 3309 magni
2451 3247 2504 3294 et
2566 3239 2832 3309 opulenti,
2866 3251 2918 3293 et
2947 3248 3124 3308 pestes
3157 3248 3319 3295 terra:

1739 3343 1793 3390 et
1823 3336 1912 3405 qui
1946 3336 2000 3390 in
2034 3335 2121 3390 his
2149 3334 2446 3401 laetantur;
2476 3334 2621 3389 oculi
2657 3348 2786 3388 vero
2816 3333 3036 3404 superbi
3067 3331 3325 3386 humilia-

1739 3425 1970 3481 buntur.

1804 3603 1860 3658 S.
1899 3604 2110 3660 Basilii.
2157 3603 2374 3660 Peccati
2433 3605 2648 3661 labores
2725 3605 2912 3662 dolore
2983 3614 3038 3660 et
3097 3605 3325 3663 tristitia

1736 3697 1954 3767 plenum
1987 3699 2249 3766 gehennae
2278 3699 2606 3770 supplicium
2639 3707 2939 3770 exspectat.

1803 3787 2049 3860 Quisque
2110 3805 2339 3846 suorum
2387 3805 2617 3860 operum
2679 3790 2733 3844 in
2793 3789 2881 3846 die
2939 3789 3323 3847 retributionis

1734 3880 1948 3938 fructus
1988 3893 2274 3955 agnoscet.

1804 3977 2237 4033 Circumdabunt
2284 3992 2780 4048 unumquemque,
2826 3977 3132 4032 secundum
3181 3975 3322 4032 Osee

1733 4068 2080 4140 prophetam,
2105 4067 2337 4122 consilia
2367 4077 2424 4122 et
2445 4070 2802 4135 cogitationes
2826 4069 2968 4137 ejus.
2999 4066 3325 4124 Videbimus

1731 4162 1880 4215 enim
1933 4157 2120 4213 omnia
2167 4158 2396 4228 pariter,
2460 4167 2721 4226 tanquam
2783 4159 3099 4212 assistentia
3161 4159 3320 4214 nobis

1732 4264 1920 4319 opera,
1957 4258 2011 4304 et
2059 4250 2225 4303 animi
2255 4249 2430 4304 oculis
2457 4263 2552 4318 per
2581 4249 2787 4304 formas
2821 4250 3070 4321 proprias
3103 4250 3319 4321 objecta

1731 4340 2088 4402 intuebimur,
2126 4339 2200 4394 ita
2230 4349 2291 4394 ut
2321 4339 2540 4411 singula
2568 4339 2712 4394 facta
2747 4340 2962 4394 dictave
3006 4350 3154 4394 sunt.
3189 4341 3306 4396 Non

1732 4431 2185 4501 tamenjconvenit
2214 4431 2536 4488 existimare
2566 4432 2711 4504 quod
2737 4433 2916 4502 aliqua
2941 4432 3203 4502 temporis
3228 4432 3317 4486 fu-

105 4507 202 4559 ίδεῐν
245 4511 426 4592 ἑαυτὸν
479 4516 620 4584 μετὰ
649 4516 760 4570 τῶν
808 4518 1004 4574 ἑαυτοῦ
1061 4520 1336 4590 πράξεων,
1394 4523 1491 4575 καὶ
1538 4522 1629 4575 τὸν

1805 4537 1863 4576 ra
1889 4521 1960 4576 sit
2000 4536 2174 4588 mora,
2207 4530 2264 4576 ut
2294 4523 2529 4590 quisque
2568 4521 2809 4591 scipsmn
2839 4535 2960 4575 cum
2985 4518 3097 4592 [ιο
3146 4519 3318 4573 actio-

101 4603 273 4671 κριτὴν.
302 4590 488 4661 καὶδτὰ
523 4610 799 4664 ἀκόλουθα
832 4611 908 4680 τῷ
938 4611 1068 4683 θείῳ
1098 4611 1457 4682 δικαστηρίῳ,
1488 4614 1628 4683 ἀφά-

100 4701 159 4755 τῳ
183 4690 387 4765 δυνάμει
441 4698 499 4750 ἐν
554 4701 699 4770 ῥοπῇ
755 4701 953 4770 καιροῦ
1007 4703 1478 4772 φαντασιουμένου
1533 4703 1626 4757 τοῦ

101 4779 290 4842 νοῦ,καὶ
331 4787 506 4843 πάντα
551 4790 1078 4864 ἀειαζωγραφοῦντος
1105 4793 1309 4865 ἐαυτῷ,
1343 4796 1439 4849 καὶ
1466 4796 1628 4850 οἱονεὶ

99 4873 143 4921 ὲν
166 4877 452 4951 κατόπτρῳ,
489 4883 570 4953 τῷ
598 4885 922 4958 ἡγεμοιικῷ
944 4889 1240 4960 ὲνορῶντος
1267 4890 1396 4954 τοὺς
1423 4891 1628 4954 τύπους

98 4965 182 5018 τῶν
210 4975 622 5044 πεπραγμένων.

149 5057 198 5110 0i
239 5061 302 5115 τὰ
345 5065 524 5135 φαῦλα
587 5069 900 5139 πράξαντες
953 5072 1033 5134 είς
1074 5073 1378 5142 ὀνειδισμὸν
1409 5075 1504 5128 καὶ
1547 5076 1629 5129 αι-

101 5149 264 5234 σχὺνην
316 5158 736 5230 ἀναστήσονται,
795 5164 1098 5234 ἐνορῶντες
1159 5166 1219 5219 ἐν
1281 5167 1497 5232 ἑαυτοῖς
1565 5167 1626 5220 τὺ

97 5231 245 5310 αἶσχος
289 5248 380 5300 καὶ
429 5252 557 5312 τοὺς
609 5252 814 5315 τύπους
875 5231 984 5308 τῶν
1037 5255 1471 5327 ἡμαρτημένων.
1519 5257 1627 5310 Καὶ

97 5329 207 5401 τάχα
247 5339 596 5412 φοϐερωτέρα
653 5344 746 5396 τοῦ
798 5347 1026 5410 σκότους
1078 5355 1170 5400 καὶ
1203 5349 1295 5402 τοῦ
1329 5349 1498 5419 πυρὸς
1531 5350 1626 5404 τοῦ

100 5421 278 5479 αἰωνίου
325 5431 357 5499 ἠ
400 5432 633 5504 αἰσχύνη
663 5435 830 5496 ἐστὶν,
927 5436 1180 5503 μέλλουσι
1207 5439 1536 5504 διαιωνίζειν
1576 5440 1627 5494 οἱ

100 5510 393 5586 ὰἒιῢιρτωλοὶ,
425 5526 512 5578 ἀεὶ
539 5529 597 5580 ἐν
627 5526 929 5598 ὀφθαλμοῖς
955 5530 1170 5599 ἔχοντες
1193 5534 1261 5586 τὰ
1297 5534 1422 5604 ἱζινηΔ
1450 5536 1549 5605 τῆς
1571 5536 1628 5587 ἐν

99 5611 230 5671 σπρκῖ
258 5612 544 5685 ἁμαρτίας,
572 5621 734 5673 οἱονεί
767 5637 913 5681 τινος
950 5621 1130 5693 βαφῆς
1165 5625 1529 5682 ἁνεκπλύτου.

165 5700 235 5762 Ὠς
261 5703 459 5771 βέλτιον
505 5708 653 5776 εἶναι
706 5714 807 5767 νῦν
858 5715 1214 5786 παιδευθῆναι
1253 5721 1344 5771 καλ
1397 5721 1625 5788 καθαρι-

99 5785 358 5880 εξθῇναι.ῆ
417 5804 480 5869 τῇ
543 5805 755 5858 ἐκεῖθεν
827 5806 1045 5879 βασάνῳ
1113 5785 1627 5880 παρα-τεμφθῆνατ,

99 5876 230 5945 ἰλνίκοι
268 5890 489 5958 κρίῖεως
519 5895 733 5967 καιρὸς,
759 5899 819 5951 οὐ
846 5898 1192 5968 καθάρσεως.

1736 4615 1902 4669 nibus
1931 4614 2071 4677 suis,
2099 4626 2151 4668 et
2177 4613 2446 4685 judiccm,
2495 4625 2548 4670 et
2579 4629 2704 4684 quae
2737 4625 3041 4684 sequuntur
3071 4613 3314 4666 divinum

1730 4705 2450 4776 judicium,videat:mens
2477 4709 2622 4762 enim
2674 4706 3027 4762 inenarrabili
3077 4705 3321 4776 quadam

1733 4800 1785 4853 vi
1839 4813 1952 4853 uno
1984 4807 2262 4856 momento
2299 4798 2780 4869 imaginabitur,et
2809 4801 2992 4852 omnia
3012 4798 3116 4853 sibi
3142 4796 3332 4852 veluti.

1733 4894 1879 4965 picta
1932 4899 2219 4962 proponet,
2261 4892 2374 4943 imo
2429 4899 2691 4958 tanquam
2737 4890 2790 4944 in
2846 4890 3070 4958 speculo
3105 4889 3323 4945 formas

1741 4985 2024 5040 actionum
2062 4983 2114 5037 in
2150 4982 2393 5051 principe
2424 4979 2680 5035 facultate
2718 4983 2916 5037 animae
2949 4982 3278 5051 conspiciet.

1809 5077 1913 5144 Qui
1963 5075 2124 5130 malis
2165 5075 2422 5144 Operibus
2473 5072 2742 5142 inquinati
2803 5073 3028 5136 fuerint.
3067 5076 3132 5128 ad
3166 5075 3323 5144 igno-

1734 5169 1962 5224 miniam
2011 5176 2064 5222 et
2110 5165 2491 5220 confusionem
2537 5175 2859 5235 resurgent,
2910 5176 3200 5220 cernentes
3257 5167 3317 5219 in

1735 5260 1932 5330 seipsis
1980 5257 2377 5328 turpitudinem
2430 5265 2485 5310 et
2539 5256 2748 5312 formas
2816 5268 3191 5327 peccatorum.
3247 5255 3318 5309 Et

1734 5353 1875 5408 forte
1928 5353 2148 5423 gravior
2176 5365 2338 5420 quam
2391 5350 2632 5406 tenebrae
2666 5359 2720 5406 et
2769 5351 2911 5422 ignis
2957 5360 3196 5404 aeternus
3227 5348 3318 5401 Ιιὶιτ

1740 5449 1917 5518 pudor
1951 5450 2094 5514 erit,
2127 5447 2219 5518 qui
2252 5461 2471 5516 semper
2496 5444 2784 5499 inhazrebit
2813 5442 3219 5514 peccatoribus,
3254 5454 3310 5494 ut

1735 5557 2011 5612 nunquam
2043 5558 2149 5595 non
2184 5542 2254 5594 ob
2279 5541 2471 5595 oculos
2497 5539 2736 5593 habeant
2763 5536 2989 5604 vestigia
3031 5533 3317 5590 sceleratae

1735 5637 1877 5696 vitm,
1911 5644 2165 5702 tanquam
2208 5633 2508 5688 incluibilis
2536 5630 2774 5699 alicujus
2814 5629 3084 5683 tincturaa.

1810 5719 2058 5790 Tlteolog.
2115 5719 2344 5776 Praestat
2371 5723 2424 5776 iu
2462 5720 2751 5792 praesentia
2795 5717 3053 5786 castigari
3091 5724 3143 5770 et
3173 5729 3310 5785 ptrr-

1732 5813 1872 5880 gari,
1930 5826 2092 5880 quam
2149 5813 2202 5866 in
2255 5828 2484 5867 examen
2550 5813 2798 5866 futurum
2859 5809 3177 5874 transmitti,
3217 5807 3317 5862 ubi
3385 5841 3394 5849 -

1741 5913 1960 5975 tempus
1985 5905 2091 5958 erit
2117 5905 2334 5977 jutlicii,
2371 5918 2477 5959 non
2505 5901 2877 5976 purgationis.
