3822 6530
435 374 543 441 855

504 492 850 562 Responsum
885 487 1218 545 submissum
1257 487 1392 543 iram
1441 487 1658 544 avertit.

512 582 709 640 Melius
759 593 843 639 est
894 581 1126 638 frustum
1178 582 1334 653 panis
1365 597 1488 636 cum
1523 579 1709 634 laetitia
1757 581 1810 635 in
1857 595 2010 656 pace,

431 693 593 747 quam
626 677 824 731 domus
862 677 1052 731 multis
1102 675 1261 730 bonis
1308 672 1466 744 plena
1499 681 1554 728 et
1615 672 1820 743 iniquis
1857 673 2015 727 victi-

431 773 533 825 mis
561 785 685 826 curn
719 773 1084 825 contentione.

505 862 696 916 Melius
745 869 830 916 est
879 861 1052 930 accipi
1112 859 1382 929 hospitem
1441 857 1687 913 oleriths
1737 857 1911 911 amice
1959 866 2012 910 et

432 953 688 1025 gratiose,
719 967 882 1024 quam
920 953 966 1006 si
1001 960 1406 1021 apponerentur
1451 948 1601 1003 vituli
1654 963 1779 1002 cum
1831 948 2012 1003 inimi-

431 1047 584 1100 cilia.

501 1137 671 1193 Zach.
697 1152 810 1192 vin.
845 1135 1144 1192 Veritatem
1173 1141 1227 1190 et
1257 1147 1446 1204 pacem
1479 1127 1706 1202 diligite,
1739 1131 1872 1186 dicit
1906 1131 2012 1187 Do-

432 1230 640 1285 minus.

494 1323 605 1377 Isa.
641 1337 788 1376 xxvt.
835 1321 1056 1385 Pacem,
1098 1317 1328 1373 Domine
1361 1315 1525 1381 Deus,
1563 1317 1632 1372 da
1667 1318 1849 1386 nobis,
1885 1333 2006 1372 cum

431 1415 614 1469 omnia
646 1413 802 1467 nobis
833 1411 1068 1468 dederis.

507 1507 678 1561 Ecclr’.
713 1506 864 1560 Multi
897 1506 1109 1576 paciﬁci
1137 1505 1249 1562 sint
1282 1505 1404 1561 tibi.

503 1685 697 1741 Matth.
718 1701 769 1738 ν.
795 1682 940 1738 Dixit
961 1683 1250 1745 Dominus,
1274 1679 1487 1752 Diligite
1505 1679 1758 1735 inimicos
1780 1688 2010 1747 vestros,

1703 370 2015 437 ANTONII

2153 370 2419 437 ELlSS/B
3567 377 3646 440 ι’δὶ

2022 505 2095 566 ’Δ

2205 489 2524 560 Ἀπόκρισις
2547 488 2940 543 ὕποκῦπτουσα
2977 483 3315 559 ἀποστρέφει
3343 486 3523 558 θυμόν.

2212 583 2482 652 Κρεῐσσον
2509 581 2706 650 ψωμὸς
2738 580 2860 651 μεθ’
2896 581 3091 652 ήδονῆς
3121 583 3177 634 ἐν
3221 581 3495 652 είρήνη,ἢ
3537 581 3648 648 οἶκος

2118 673 2333 745 πλήρης
2361 672 2578 726 πολλῶν
2605 673 2828 741 ἀγαθῶν
2861 675 2950 726 καὶ
2987 673 3191 727 ἀδίκων
3236 673 3493 742 θυμάτων
3542 682 3648 745 μετᾶ

2119 767 2322 837 μάχης·

2188 860 2454 925 Κρείσσον
2478 857 2730 928 ξενισμδς
2763 855 2900 924 μετά
2928 855 3180 926 λαχάνων
3212 857 3348 929 προς
3398 858 3554 928 φιλία’,

2115 948 2302 1020 χάριν,
2343 947 2377 1019 ἦ
2417 948 2717 1019 παράθεσις
2751 946 2970 1016 μόσχων
3005 945 3145 1016 μετά
3170 946 3395 1018 ἔχθρας.

2191 1131 2305 1200 Τὴν
2335 1125 2597 1198 ἀλήθειαν
2631 1128 2725 1178 καὶ
2778 1121 2879 1195 τὴν
2935 1126 3161 1196 εἰρήνην
3215 1128 3483 1193 ἀγαπᾶτε,
3532 1129 3651 1198 λέγει

2117 1226 2342 1296 Κύριος.

2200 1320 2370 1390 Κύριε
2403 1322 2430 1374 ὁ
2453 1320 2585 1383 Θεδς
2609 1322 2787 1392 ἡμῶν,
2823 1323 3045 1396 εἰρήνην
3067 1321 3172 1394 δῷς
3197 1323 3300 1393 ήμῖ
3333 1361 3353 1376 .
3378 1320 3543 1374 Πὶνττ
3569 1321 3653 1387 γὰρ

2115 1413 2408 1478 ἀπέδωκας
2438 1414 2592 1485 ἡμῖν.

2198 1506 2262 1559 0i
2294 1506 2669 1578 εἰρηνεύοντες
2701 1526 2782 1562 σοι
2827 1509 3073 1563 εστωσαν
3101 1509 3317 1563 πολλοί.

2195 1685 2412 1743 Εἴπενό
2441 1688 2670 1760 Κύριος,
2713 1688 2996 1755 Ἀγαπᾶτε
3049 1681 3178 1751 τοῦς
3229 1687 3460 1757 ἐχθροὺς
3513 1684 3656 1758 ὑμῶν,

431 1778 736 1836 benedieite
770 1777 840 1833 iis
885 1777 978 1846 qui
1029 1786 1390 1830 exsecrantur
1442 1789 1561 1838 vos,
1589 1771 1898 1828 bericfacite
1946 1775 2015 1828 iis

2153 1779 2388 1847 ὗλογεττε
2417 1783 2544 1846 τοὺς
2573 1783 2998 1854 καταρωμένους
3034 1783 3204 1850 ὑμᾶς,
3257 1781 3442 1844 καλῶς
3493 1784 3656 1836 ποιεῖτε

429 1870 525 1942 «ιιί
556 1886 650 1925 vos
675 1869 933 1934 oderunt,
967 1877 1021 1922 et
1051 1881 1208 1922 orate
1235 1883 1336 1937 pro
1369 1868 1436 1921 iis
1469 1866 1562 1936 qui
1596 1881 1691 1920 vos
1725 1865 2014 1920 oﬂ'cnduut

2153 1878 2242 1940 οὓς
2275 1875 2568 1947 μισοῦντας
2595 1875 2762 1945 ὑμᾶς,
2816 1877 2911 1928 καὶ
2965 1875 3340 1946 προσεύχεσθε
3395 1875 3528 1946 ὑπὲρ
3573 1876 3658 1928 τῶν

430 1972 485 2016 et
515 1971 946 2031 persequuntur,
989 1970 1048 2014 ut
1078 1959 1198 2014 sitis
1232 1957 1329 2012 lilii
1384 1956 1562 2012 Patris
1593 1956 1760 2012 vestri
1803 1959 1895 2026 qui
1929 1966 2014 2012 est

2153 1969 2534 2040 πηρεαζόντων
2557 1968 2702 2036 ὑμᾶς
2741 1968 2834 2032 καζι
2875 1967 3206 2054 διωκόντων,
3256 1969 3405 2030 ὅπως
3469 1967 3658 2036 γένησθε

431 2058 498 2112 in~
517 2057 672 2113 etniis
699 2072 714 2110 :
745 2056 875 2126 quia
909 2055 1079 2110 solem
1115 2067 1276 2106 suum
1307 2050 1510 2106 exoriri
1544 2049 1675 2104 facit
1703 2064 1874 2120 super
1904 2049 2014 2104 im-

431 2147 633 2217 probos
661 2156 716 2202 et
745 2147 969 2216 probos,
1001 2153 1056 2200 et
1089 2144 1328 2215 pluviam
1361 2141 1600 2197 demittit
1630 2155 1797 2212 super
1831 2141 2012 2211 iustos

431 2250 486 2295 et
515 2239 775 2310 iniustos.
1975 2233 1985 2257 ‘

497 2331 650 2390 Beati
682 2328 918 2403 paciﬁci,
950 2327 1210 2399 quoniam
1245 2327 1348 2398 ipsi
1386 2327 1482 2383 lilii
1517 2326 1610 2384 Dei
1640 2327 2011 2382 vocabuntur.

509 2528 621 2606 48
673 2529 831 2586 Joan.
889 2543 1003 2584 xiv.
1048 2529 1246 2584 Pacem
1278 2526 1532 2596 relinquo
1567 2525 1760 2591 vobis,
1815 2531 2005 2591 pacem

433 2641 608 2681 meam
641 2627 710 2681 do
742 2625 919 2681 vobis.

495 2715 694 2772 Matth.
727 2733 783 2771 x.
839 2716 897 2770 ιιι
941 2729 1328 2786 quamcunque
1355 2714 1574 2769 domum
1606 2713 1839 2783 ingressi
1895 2712 2014 2766 lue-

435 2811 576 2876 ritis,
607 2811 844 2882 primum
876 2810 1042 2864 dicite
1072 2827 1087 2865 :
1119 2810 1237 2863 Pax
1271 2809 1400 2862 huic
1433 2808 1656 2874 domui;
1692 2816 1745 2862 et
1772 2808 1815 2862 si
1853 2806 2017 2861 fuerit

432 2903 547 2958 illic
572 2903 722 2958 illius
750 2903 925 2972 pacis,
952 2902 1261 2970 requiescet
1292 2915 1457 2970 super
1485 2899 1637 2954 illum
1673 2915 1775 2970 pax
1807 2907 2013 2964 vestra;

433 2991 520 3047 sin
555 3005 742 3053 secus,
778 2990 843 3045 ad
875 3005 972 3046 vos
1004 3006 1063 3045 se
1096 2990 1357 3045 reﬂectet.

511 3080 640 3135 Luc.
670 3095 744 3135 vr.
777 3079 926 3135 Dixit
970 3079 1274 3135 Dominus:
1313 3079 1369 3134 Si
1406 3076 1633 3147 diligitis
1667 3091 1762 3133 eos
1797 3077 1888 3148 qui
1921 3089 2018 3130 vos

433 3174 690 3244 diligunt,
723 3187 844 3245 quae
881 3172 1038 3228 vobis
1066 3180 1150 3227 est
1183 3170 1399 3242 gratia?
1427 3170 1562 3225 Nam
1597 3177 1651 3222 et
1697 3178 2021 3238 peccatores

418 3283 529 3324 eos
561 3283 593 3323 a
627 3268 828 3340 quibus
857 3267 1184 3338 diliguntur,
1216 3265 1476 3335 diligunt.
1529 3261 1596 3317 Et
1639 3263 1684 3318 si
1733 3261 2016 3316 benelece-

436 3360 559 3417 ritis
589 3362 677 3417 his
707 3361 800 3432 qui
831 3359 989 3417 vobis
1046 3357 1421 3425 bcueiaciunt,
1451 3373 1574 3428 qua:
1605 3356 1760 3410 vobis
1790 3364 1874 3411 est
1899 3365 2020 3424 gra-

436 3452 556 3506 tia?
586 3451 867 3523 Siquidem
894 3461 949 3507 et
975 3460 1295 3521 peccatores
1325 3451 1428 3504 hoc
1459 3448 1691 3504 faciunt.
1730 3447 1794 3501 Et
1820 3447 1862 3500 si
1898 3462 2022 3500 mu-

435 3557 588 3601 tuum
621 3545 880 3602 dederitis
915 3545 1004 3601 his
1036 3559 1066 3600 a
1113 3544 1317 3616 quibus
1347 3541 1579 3613 Speratis
1624 3556 1719 3594 vos
1769 3550 2023 3608 receptu-

441 3654 554 3699 ros.
585 3653 708 3710 quae
734 3641 908 3710 gratia
951 3648 1036 3694 est
1065 3638 1254 3693 vobis?
1294 3636 1426 3690 Nam
1460 3643 1514 3690 et
1547 3641 1863 3702 peccatores
1897 3645 2022 3702 pec-

434 3731 714 3788 catoribus
735 3733 871 3787 dant
920 3741 1193 3797 mutuum,
1249 3737 1310 3784 ut
1364 3728 1628 3796 recipiant
1663 3727 1833 3796 paria.
1880 3726 2021 3790 Quin

437 3827 549 3879 imo
585 3825 795 3895 diligite
826 3825 1081 3878 inimicos
1115 3831 1346 3887 vestros,
1379 3830 1435 3875 et
1459 3819 1782 3882 benefaci-te,
1815 3827 1866 3872 el
1901 3834 2021 3872 nin-

436 3929 592 3976 tuum
626 3918 776 3982 date,
811 3916 952 3971 nihil
1008 3915 1132 3970 inde
1185 3923 1508 3984 sperantes;
1549 3921 1602 3968 et
1650 3913 1755 3966 erit
1815 3925 2023 3965 merces

435 4024 620 4070 vestra
653 4013 849 4077 multa,
880 4021 936 4067 et
965 4010 1122 4066 eritis
1148 4008 1243 4063 lilii
1276 4007 1568 4073 Altissimi,
1595 4007 1724 4078 quia
1775 4005 1891 4074 ipse
1926 4005 2024 4060 be-

438 4109 640 4178 nignus
691 4114 776 4162 est
817 4117 947 4175 erga
996 4104 1239 4175 ingratos
1287 4118 1351 4156 ac
1403 4102 1593 4156 malos.
1656 4100 1844 4155 Estote
1892 4112 2023 4165 ergo

440 4197 849 4262 misericordes,
881 4196 1025 4252 sicut
1067 4207 1119 4252 et
1159 4195 1318 4249 l'ater
1349 4203 1530 4250 veSter
1562 4193 1888 4249 misericors.
1915 4198 2020 4246 est.

508 4381 666 4437 Joan.
700 4395 787 4436 οι..
819 4379 966 4436 Dixit
999 4377 1266 4436 Dominus
1303 4395 1319 4434 :
1354 4378 1688 4450 Praeceptum
1721 4393 1924 4434 novum
1953 4377 2025 4434 do

440 4473 618 4538 vobis,
643 4482 704 4527 ut
727 4471 967 4543 diligatis
999 4487 1094 4527 vos
1123 4471 1387 4537 invicem,
1417 4473 1561 4524 sicut
1588 4485 1691 4538 ego
1716 4485 1812 4526 vos
1833 4471 2024 4536 dilexi,

2123 2064 2229 2115 υἰοὶ
2286 2061 2380 2114 τοῦ
2437 2061 2655 2131 Πατρς
2707 2060 2885 2129 ὑμῶν,
2941 2058 3036 2112 τοῦ
3070 2062 3129 2113 ὲν
3169 2059 3429 2130 ὀὐρανοῖς
3462 2059 3660 2111 ’ὅτιτὺν

2119 2154 2272 2223 ἥλιον
2301 2151 2468 2206 αὑτοῦ
2526 2152 2808 2206 ἀνατέλλει
2835 2151 2926 2205 ἐπὶ
2956 2151 3228 2220 πονηροὺς
3280 2149 3378 2204 καὶ
3441 2149 3659 2218 ἀγαθοὺς,

2122 2248 2215 2300 καὶ
2245 2246 2429 2319 βρέχοι
2459 2245 2552 2300 ἐπὶ
2574 2245 2816 2306 δικαίους
2851 2245 2946 2296 καὶ
2974 2244 3215 2306 ἀδίκους.

2205 2336 2484 2409 Μακάριοι
2511 2338 2560 2391 oi
2580 2337 2936 2408 εἰρηνοποιοί,
2957 2334 3039 2390 ὅτι
3071 2336 3227 2390 αὐτοὶ
3252 2335 3363 2390 υἱοὶ
3393 2334 3523 2391 Θεοῦ
3558 2337 3661 2406 xit;-

2123 2433 2406 2504 θήσονται.
2559 2484 2566 2492 .
2616 2481 2624 2489 .

2201 2520 2434 2596 Εἰρήνην
2463 2524 2667 2596 ἀφίημι
2693 2518 2703 2527 ’
2725 2520 2872 2594 ὑμῖν,
2912 2524 3136 2594 εἰρήνην
3183 2523 3281 2592 τὴν
3311 2524 3450 2593 ἐμήν
3502 2523 3659 2592 δίδωμι

2127 2617 2276 2687 ὑμῖν.
2861 2610 2868 2620 ’

2195 2713 2286 2774 Ei;
2317 2712 2386 2782 ἣν
2415 2709 2550 2764 δ’ἃν
2605 2711 2782 2764 οίκίαν
2822 2707 3166 2781 εἰσέρχησθε,
3223 2709 3443 2780 πρῶτον
3484 2710 3659 2780 λέγετε,

2127 2804 2333 2874 Εἰρήνη
2368 2807 2448 2875 τῷ
2481 2806 2616 2876 οἴκῳ
2645 2805 2854 2875 τοῦτῳ⁶
2891 2806 2988 2859 καὶ
3019 2807 3114 2858 ὲάν
3227 2807 3344 2858 ἐκεῖ
3375 2807 3488 2868 υίὸς
3540 2807 3664 2875 εἰρή-

2125 2915 2242 2967 νης,
2276 2899 2722 2952 ἔπαναπαύσεται
2754 2897 2840 2951 ἐπ’
2869 2898 3034 2951 αὐτὸν
3065 2899 3099 2967 ή
3130 2899 3324 2969 εἰρήνη
3351 2897 3535 2968 ὑμῶν’
3585 2897 3664 2952 Liv

2123 2989 2182 3042 δὲ
2218 2990 2294 3060 μή
2319 3007 2404 3057 γε,
2431 2991 2516 3059 ἐφ’
2546 2988 2689 3061 ὑμᾶς
2722 2992 3135 3060 ὲπανακάμψει.

2198 3080 2366 3137 Εἶπεν
2397 3084 2426 3137 ὁ
2460 3083 2662 3153 Κύριος
2695 3101 2710 3114 ’
2757 3085 2883 3137 Ἐὰν
2948 3086 3199 3152 ἀγαπᾶτε
3261 3085 3390 3147 τοὺς
3447 3083 3667 3153 ἀγαπῶν-

2125 3193 2223 3238 τας
2255 3177 2421 3244 ὑμᾶς,
2453 3175 2584 3229 ποία
2618 3176 2748 3244 ὑμῖν
2773 3176 2933 3247 χάρις
2955 3176 3111 3244 tari;
3157 3176 3251 3229 καὶ
3286 3177 3397 3245 γὰρ
3427 3177 3472 3229 οἰ
3515 3177 3666 3243 apag-

2125 3267 2288 3321 τωλοὶ
2330 3268 2454 3331 τοὺς
2479 3267 2810 3336 ἀγαπῶντας
2857 3268 3053 3332 αὐτοὺς
3114 3269 3398 3336 ἀγαπῶσι.
3449 3268 3548 3320 Καὶ
3592 3267 3669 3318 ἐὰν

2122 3359 2491 3428 ἀγαθοποιῆτε
2524 3362 2651 3424 τοὺς
2680 3360 3144 3429 ἀγαθοποιοῦντας
3167 3361 3337 3430 ὑμᾶς,
3394 3362 3517 3413 ποία
3564 3360 3669 3427 ὑμῖν

2124 3453 2283 3523 χάρις
2319 3453 2435 3506 ἐστί
2469 3467 2486 3520 ;
2513 3454 2608 3506 καὶ
2628 3453 2738 3524 γὰρ
2760 3455 2811 3507 οἱ
2850 3453 3166 3524 ἀμαρτωλοί⁵
3214 3455 3276 3507 τὸ
3307 3453 3438 3507 αὐτὸ
3468 3453 3667 3507 ποιοῦσι.

2126 3543 2235 3596 Καὶ
2269 3543 2364 3596 ἐὰν
2388 3545 2668 3614 δανείζητε
2695 3557 2808 3615 παρ
2843 3539 2924 3599 ’ὧν
2953 3546 3206 3611 ἐλπίζετε
3236 3545 3545 3610 ἀπολαϐεῖν,
3567 3545 3671 3597 ποία

2124 3635 2253 3705 ὑμῖν
2280 3637 2438 3708 χάρις
2465 3638 2582 3691 ἐστί
2606 3653 2622 3704 ;
2661 3637 2756 3691 καὶ
2787 3639 2896 3709 γὰρ
2925 3641 2972 3694 oi
3004 3639 3323 3708 ἁμαρτωλοὶ
3363 3636 3672 3708 ἁμαρτωλοῖς

2122 3723 2483 3796 δανείζουσιν,
2510 3731 2598 3783 ἵνα
2632 3728 2953 3785 ἀπολάϐωσι
3007 3732 3075 3784 τά
3123 3733 3234 3786 lca.
3267 3732 3414 3802 Πλὴν
3456 3732 3674 3798 ἀγαπᾶτε

2123 3824 2250 3884 τοὺς
2269 3822 2497 3893 ὲχθροῦς
2533 3821 2713 3894 ὑμῶν,
2739 3819 2836 3876 καί⁸
2858 3824 3257 3892 ἀγαθοποιεῖτε,
3293 3826 3384 3877 καὶ
3407 3823 3674 3888 δανείζετε,

2127 3914 2299 3984 μηδὲν
2314 3913 2710 3979 ἀπελπίζοντες
2734 3931 2750 3946 ·
2773 3919 2866 3969 καὶ
2890 3917 3047 3970 ἔσται
3077 3919 3105 3970 ὀ
3124 3915 3318 3987 μισθὸς
3340 3915 3491 3987 ὑμῶν
3514 3916 3675 3980 πολὺς,

2125 4008 2221 4059 καὶ
2255 4004 2448 4059 ἔσεσθε
2482 4007 2589 4060 υἱοὶ
2631 4005 2726 4060 τοῦ
2769 4007 3052 4076 Ὑψίστου,
3114 4010 3200 4062 ὅτι
3256 4011 3421 4073 αιὶτις
3470 4007 3678 4080 χρηστός

2126 4097 2274 4151 ἐστιν
2314 4099 2406 4152 ἐπὶ
2439 4099 2567 4162 τοὺς
2620 4099 2953 4170 ἀχαρίστους
2998 4102 3094 4154 καὶ
3153 4101 3448 4173 πονηροῦς.
3487 4100 3677 4154 Γίνεσθε

2125 4185 2218 4243 οὖν
2244 4192 2609 4262 οἰκτίρμονες,
2640 4189 2827 4255 καθὼς
2859 4193 2952 4247 καὶ
2994 4194 3022 4246 δ
3056 4195 3247 4264 Πατὴρ
3298 4195 3452 4264 ὑμῶν
3502 4194 3678 4264 οἰκτίρ-

2129 4299 2247 4353 μων
2278 4284 2416 4337 ἐστί.

2203 4371 2367 4428 Εἶπεν
2395 4376 2423 4428 ὁ
2458 4376 2661 4448 Κύριος
2689 4391 2704 4408 ⁸
2754 4377 3027 4448 Ἐντολὴν”
3057 4377 3252 4448 καινὴν
3303 4377 3496 4448 δίδωμι
3548 4377 3680 4446 ὑμῖν.

2131 4469 2216 4522 ἴνα
2254 4471 2504 4537 ἀγαπᾶτε
2543 4469 2828 4539 ἀλλήλους,
2855 4469 3042 4533 καθὼς
3079 4471 3345 4541 ἠγάπησα
3395 4471 3552 4540 ὑμᾶς,
3607 4469 3682 4521 in

441 4577 500 4621 ut
523 4577 580 4621 et
604 4580 701 4622 vos
724 4565 965 4633 diligatis
987 4580 1089 4621 vos
1122 4565 1383 4620 invicem.
1415 4565 1470 4619 In
1499 4565 1608 4618 hoc
1636 4565 1782 4619 enim
1819 4579 2015 4634 ceguo-

2153 4562 2225 4614 Lai
2252 4561 2410 4629 ὑμεῖς
2445 4561 2698 4625 ἀγαπᾶτε
2730 4561 3019 4631 ἀλλήλους.
3055 4559 3145 4614 Ἑν
3190 4561 3368 4634 τούτῳ
3403 4563 3684 4630 γνώσονται

439 4667 599 4712 scent
623 4672 819 4713 omnes
849 4657 995 4727 quod
1022 4657 1128 4711 mei
1155 4657 1416 4725 discipuli
1447 4656 1594 4722 sitis,
1624 4656 1671 4710 si
1703 4658 2025 4713 charitatem

443 4750 695 4807 habeatis
727 4751 870 4805 inter
905 4764 1026 4804 vos.

513 4858 655 4919 Ibid.
695 4880 784 4918 xv.
820 4863 936 4920 lloc
959 4874 1043 4920 est
1073 4876 1408 4936 praeceptum
1458 4881 1666 4933 meum,
1699 4877 1758 4921 ut
1786 4882 1880 4922 vos
1911 4882 2030 4921 tnu-

443 4967 538 5010 tuo
569 4955 832 5026 diligatis;
867 4957 1128 5026 majorem
1153 4957 1258 5013 hac
1293 4959 1616 5014 cbaritatem
1646 4974 1810 5015 nemo
1841 4959 2028 5024 habet,

441 5063 604 5119 quam
637 5055 697 5101 ut
723 5057 892 5118 ponat
924 5049 1126 5119 aliquis
1153 5049 1316 5104 vitam
1344 5064 1500 5105 suam
1532 5065 1633 5120 pro
1662 5051 1779 5104 suis
1811 5050 2026 5106 amicis.

421 5186 430 5202 ν
511 5161 663 5215 Rom.
699 5175 795 5216 xu.
829 5160 1020 5228 Quoad
1063 5178 1091 5216 a
1145 5164 1299 5219 vobis
1345 5164 1460 5218 ﬁeri
1508 5173 1711 5230 potest,
1741 5179 2032 5231 cumpm-

344 5255 364 5266 “
442 5256 605 5311 nibus
639 5256 954 5311 hominibus
987 5273 1174 5324 pacem
1221 5259 1436 5312 habete.

510 5369 674 5426 Hebr.
709 5386 808 5425 xu.
846 5368 1040 5424 Pacem
1075 5373 1466 5442 persequimini
1518 5389 1641 5426 cum
1668 5376 1944 5440 omnibus,
1975 5385 2029 5432 et

441 5465 891 5530 sanctimoniam,
916 5464 1040 5518 sine
1073 5479 1181 5534 qua
1211 5480 1368 5519 nemo
1401 5464 1567 5519 Deum
1600 5467 1818 5523 visurus
1845 5479 1952 5524 cst.

519 5577 673 5632 Rom.
707 5595 824 5634 xm.
857 5578 1070 5634 Nemini
1106 5580 1402 5649 quidquam
1433 5581 1648 5644 debetc,
1683 5583 1787 5638 nisi
1821 5593 1878 5636 ut
1910 5597 2030 5638 mu-

442 5682 534 5726 tuo
581 5673 672 5726 alii
725 5673 862 5729 alios
910 5673 1172 5744 diligatis.
1217 5675 1320 5738 Qui
1365 5675 1510 5726 enim
1545 5675 1776 5730 alterum
1824 5678 2022 5747 diligit,

442 5769 612 5834 legem
642 5765 963 5834 complevit;
1001 5783 1128 5821 nam
1165 5766 1294 5820 illud
1322 5783 1336 5819 :
1370 5766 1485 5821 Non
1525 5769 1838 5823 committes
1870 5771 2024 5824 adui-

441 5860 657 5943 torium,
703 5874 810 5912 non
848 5859 1134 5928 lurabet‘is,
1174 5875 1286 5917 non
1323 5859 1519 5916 falsum
1571 5861 1721 5917 dices
1777 5865 2023 5921 testimo-

2135 4657 2339 4719 πάντες
2397 4657 2480 4710 δτι
2515 4657 2640 4728 ἐμοὶ
2674 4656 2920 4729 μαθηταί
2947 4659 3093 4724 ἐστε,
3132 4659 3228 4712 ὲάν
3278 4659 3502 4731 ἀγάπην
3546 4659 3685 4729 ἔχητε

2133 4750 2193 4801 ὲν
2220 4748 2493 4822 ἀλλήλοις.

2189 4861 2342 4932 Αὕτη
2366 4863 2516 4914 ἐστιν
2545 4863 2580 4930 ή
2632 4861 2823 4931 ἐντολὴ
2879 4864 2914 4934 ή
2949 4863 3076 4934 ἐμὴ,
3113 4864 3200 4918 ἴνα
3235 4865 3489 4932 ἀγαπᾶτε
3541 4861 3688 4928 alii)-

2123 4950 2280 5009 λοσε.
2318 4951 2558 5015 Μείζονα
2582 4951 2792 5023 ταύτης
2815 4955 3039 5024 ἀγάπην
3067 4957 3246 5019 οὐδεὶς
3282 4956 3420 5025 ἔχει,
3483 4955 3563 5007 ἰνα
3613 4967 3688 5012 τις

2133 5043 2232 5116 τὴν
2261 5044 2436 5114 ψυχὴν
2475 5043 2750 5115 αὑτοῦ-οῇ
2790 5045 2930 5120 ὑπὲρ
2960 5047 3070 5100 τῶν
3098 5049 3267 5117 φίλων
3290 5050 3477 5103 αὑτοῦ.

2211 5162 2382 5215 Ὅσον
2417 5160 2646 5216 δυνατὸν
2668 5161 2728 5214 τὸ
2752 5163 2810 5228 ἐξ
2857 5163 3033 5232 ὑμῶν,
3076 5165 3214 5233 μετά
3247 5164 3466 5220 πάντων
3494 5160 3687 5233 ἀνθρὼ-

2136 5273 2251 5307 πων
2283 5256 2370 5321 είρ
2396 5255 2622 5321 μεῦετε.

2209 5368 2446 5438 Εἰρήνην
2487 5367 2712 5423 διώκετε
2743 5370 2882 5440 μετά
2911 5371 3152 5437 πάντων,
3189 5373 3394 5427 καὶτὸν
3422 5371 3686 5444 ἀγιασμὸν,

2135 5454 2195 5512 οῦ
2225 5463 2398 5530 χωρὶς
2445 5462 2618 5526 οὐδεὶς
2647 5462 2840 5532 ὄψεται
2868 5462 2962 5517 τδν
2994 5462 3219 5534 Κύριον.

2207 5575 2416 5644 Μηδενὶ
2451 5577 2618 5646 μηδὲν
2643 5577 2906 5646 ὀφείλετε,
2938 5581 2989 5634 εἰ
3038 5582 3115 5654 μὴ
3177 5581 3236 5636 τὸ
3283 5582 3498 5654 ἀγαπᾷν
3543 5578 3690 5646 ἀλλή-

2133 5667 2279 5730 λους.
2322 5667 2380 5720 ’0
2405 5668 2510 5741 γὰρ
2538 5668 2770 5736 ἀγαπῶν
2800 5672 2891 5725 τὸν
2921 5673 3108 5744 ἕτερον
3136 5675 3300 5745 νόμον
3327 5677 3685 5743 πεπλήρωκεν.

2136 5763 2208 5813 Τὸ
2252 5761 2358 5830 γὰρ
2381 5803 2396 5828 ,
2433 5761 2510 5814 Οὐ
2569 5763 2902 5833 μοιχεύσεις,
2941 5767 2999 5818 οὐ
3044 5766 3283 5839 κλέψεις,
3311 5770 3370 5821 οὐ
3400 5767 3686 5836 ψευδομαρο

2137 5860 2432 5930 τηρήσεις.
2479 5859 2579 5914 οὐκ
2633 5859 3015 5934 ἐπιθυμήσεις,
3060 5865 3154 5919 καὶ
3209 5865 3376 5930 εἴτις
3431 5864 3579 5934 ἑτέρα
3611 5862 3686 5912 ἐν·
