3822 6530
495 380 602 450 859

1774 381 2096 444 ANTONII
2139 383 2491 447 M-ELISS.E
2541 433 2550 442 .

3607 397 3685 462 860

494 500 784 554 daretur:
823 511 962 568 opus
1013 496 1162 553 enim
1215 495 1524 553 aﬂ'ectiouis
1575 504 1962 568 argumentum
2027 507 2080 551 ct

2205 499 2413 567 τμάτων
2461 499 2816 572 χωρήσαιμεν
2875 496 3079 572 ’ἔργον
3130 500 3235 573 γὰρ
3258 501 3508 570 ἀπόδειξις
3549 504 3682 561 διιοέ.

497 593 750 664 probatio
784 601 890 647 est.

571 687 683 742 Deo
749 685 985 758 proximi
1053 700 1352 757 rerumque
1407 683 1718 740 divinarum
1789 687 2086 756 participes

499 793 626 835 esse
655 788 974 840 censentur,
1006 778 1101 845 qui
1137 779 1286 847 pacis
1320 776 1612 832 commoda
1648 777 2080 848 amplectuntur,

500 880 556 926 et
590 888 621 926 e
650 871 930 928 contrario
965 870 1298 926 seditionem
1365 869 1600 926 oderunt
1639 879 1693 925 et
1727 871 1957 928 moleste
2001 870 2084 926 ic-

503 972 655 1019 runt.
1544 980 1550 985 ’

575 1055 928 1111 Laudabilius
977 1063 1064 1110 est
1102 1053 1330 1120 bellum,
1363 1069 1533 1126 quam
1585 1069 1692 1126 pax
1729 1069 1794 1109 ea
1826 1067 1949 1127 qna‘.
1982 1067 2088 1110 nos

503 1168 531 1202 ιι
568 1150 678 1204 Deo
704 1147 973 1219 disiungit
1003 1158 1060 1203 et
1091 1153 1334 1218 separat.

575 1241 805 1297 Praestat
842 1242 1068 1296 honeste
1119 1239 1288 1306 vinci,
1338 1253 1504 1311 qnam
1547 1237 1858 1311 periculose
1892 1247 2086 1295 contra

375 1376 386 1390 .
501 1338 586 1392 fas
627 1338 869 1392 vincere.

573 1429 746 1486 Nemo
804 1429 1084 1486 existimet
1132 1445 1220 1487 me
1285 1427 1341 1486 in
1400 1445 1464 1486 ea
1516 1445 1641 1488 esse
1694 1429 1988 1496 sententia,
2030 1438 2088 1485 ut

503 1523 684 1577 dit-am
745 1535 964 1577 omnem
1016 1537 1202 1593 pacein
1252 1537 1376 1579 esse
1434 1523 1917 1593 amplectendam:
1959 1521 2086 1578 novi

501 1616 653 1670 cnim
707 1625 764 1669 ut
801 1613 1124 1670 seditionem
1176 1613 1472 1685 quamdam
1527 1613 1818 1684 optimam,
1854 1615 1937 1669 sic
1986 1631 2088 1668 no-

501 1707 882 1764 centissiiuam
920 1707 1274 1762 concordiam
1309 1724 1325 1762 :
1363 1705 1461 1762 sed
1515 1721 1639 1761 eam
1681 1722 1802 1777 qum
1856 1705 2087 1761 honesta

504 1801 596 1866 sit,
627 1808 682 1854 et
712 1800 783 1854 ob
811 1815 926 1854 rem
967 1801 1254 1855 honestam
1310 1800 1674 1870 suscipiatur,
1713 1814 1948 1871 quaeque
1980 1797 2089 1853 Deo

505 1907 609 1947 nos
637 1891 878 1961 copulet,
915 1886 1250 1961 probandam
1282 1906 1405 1946 esse
1432 1906 1658 1946 censeo.

580 1983 881 2038 Plurimum
919 1982 1058 2036 rolet
1084 1981 1148 2037 ad
1183 1982 1557 2049 concordiam,
1584 1981 1776 2038 alienis
1809 1981 1945 2038 aﬂici
1980 1996 2092 2036 rna-

507 2074 600 2142 lis,
627 2084 679 2130 et
709 2074 774 2130 ad
806 2075 1102 2130 concilium
1147 2074 1499 2144 capiendum,
1544 2075 1861 2130 concordia.

583 2167 802 2237 Optima
832 2175 888 2223 ct
937 2166 1394 2236 praestantissima
1449 2181 1536 2222 res
1571 2177 1655 2222 est
1685 2166 1982 2222 concordia
2040 2175 2094 2221 et

509 2258 806 2315 consensio
844 2264 1056 2310 mutua.

583 2350 656 2406 Ut
699 2348 846 2404 enim
887 2363 1011 2402 cum
1070 2346 1409 2414 irascimur,
1468 2355 1521 2403 et
1556 2347 1980 2414 contendimus,
2039 2357 2096 2403 et

509 2442 864 2511 conﬂigimus
901 2440 1134 2495 invicem
1159 2481 1176 2506 ,
1205 2439 1459 2494 diabolus
1502 2440 1704 2512 gaudet
1764 2449 1817 2496 et
1849 2449 2044 2511 regnat
2077 2457 2092 2494 :

510 2533 592 2589 sic
628 2532 787 2586 nobis
837 2529 890 2584 in
934 2546 1064 2602 pace
1106 2530 1420 2586 viventibus
1466 2541 1522 2586 et
1563 2530 1700 2586 iram
1751 2532 2094 2601 regentibus,

515 2638 754 2679 maerore
804 2620 1154 2677 contrahitur
1186 2629 1241 2675 et
1275 2621 1524 2690 abjectus
1573 2621 1857 2688 redditur;
1894 2621 2098 2691 quippe

513 2717 606 2784 qui
643 2717 717 2772 sit
747 2714 898 2786 pacis
930 2714 1128 2780 hostis,
1170 2723 1228 2769 et
1263 2713 1571 2770 concordiae
1608 2713 1890 2781 immicus,
1920 2723 1976 2769 et
2009 2713 2098 2767 iti-

515 2807 774 2862 vidcntia:
805 2815 983 2877 pater.

586 2899 792 2956 Coloss.
843 2915 924 2954 ιιι.
973 2898 1229 2955 Charitas
1275 2907 1360 2954 est
1393 2897 1677 2954 vinculum
1719 2897 2097 2971 perfectionis.

585 2991 841 3047 Charitas
872 2991 1113 3062 colligat,
1151 2999 1206 3046 et
1234 3006 1400 3046 unum
1465 3005 1533 3046 ex
1568 2991 1764 3058 tribus,
1793 3000 1888 3048 aut
1917 3001 2102 3047 manet

518 3085 571 3139 iu
606 3098 708 3139 suo
739 3090 912 3148 statu,
940 3092 1035 3138 aut
1082 3083 1207 3138 inde
1245 3096 1389 3138 mota
1420 3083 1652 3149 sistitur,
1694 3093 1787 3138 aut
1817 3084 1862 3138 si
1905 3082 2102 3138 abierit

2190 608 2351 646 οεως.

2254 611 2298 645 ω
2337 631 2351 646 .

2254 611 2393 739 8:023
2416 687 2650 742 καὶτῶν
2673 686 2831 741 θείων
2864 688 3052 756 ἐγγὺς,
3092 687 3207 742 ὅσοι
3267 689 3328 742 τδ
3380 692 3472 760 τῆς
3516 693 3684 764 ειρήνης

2185 779 2350 834 καλὶν
2389 779 2765 851 ἀσπαζόμενοι
2797 779 3098 850 φαίνονται.
3147 780 3240 834 καὶ
3279 782 3355 853 τῷ
3402 784 3594 856 ἐναντίῳ
3641 791 3685 858 τῇ

2187 870 2381 925 στάσει
2411 870 2820 944 ἀπεχθάνονται
2863 874 2961 926 καὶ
2984 873 3443 945 δυσχεραίνουσιν.

2257 1051 2532 1123 Κρεῑσσον
2580 1052 2870 1115 ιπαινετδς
2903 1052 3146 1122 πόλεμος
3172 1053 3392 1125 εἰρήνης
3417 1056 3688 1129 χωριζούσης

2186 1143 2346 1200 Θεοῦ.

2260 1239 2532 1308 Κρείσσον
2591 1237 2860 1308 ἡττᾶσθαι
2905 1235 3113 1304 καλῶς,
3168 1235 3204 1306 ἣ
3258 1237 3411 1311 νικᾷν
3444 1242 3690 1313 ἐπισφαλῶς

2187 1333 2280 1386 καὶ
2307 1331 2584 1401 ἀθέσμως.

2260 1425 2470 1495 Μηδεὶς
2503 1423 2701 1478 οἰέσθω
2731 1441 2799 1495 με
2827 1423 3034 1494 λέγειν,
3056 1425 3140 1481 ὅτι
3180 1428 3362 1482 πᾶσαν
3383 1427 3578 1498 εἰρήνην
3592 1428 3690 1497 ἀγα-

2189 1520 2428 1589 πητέονο
2476 1516 2596 1572 οἴδα
2635 1519 2744 1588 γὰρ
2800 1517 2994 1590 ὥσπερ
3033 1520 3224 1574 στάσιν
3280 1521 3399 1575 τινὰ
3447 1521 3688 1592 βελτίστην,

2188 1610 2333 1664 οὓτω
2365 1611 2460 1664 καὶ
2485 1610 2649 1680 βλασε
2661 1612 2911 1681 ρωτάτην
2939 1612 3192 1682 ὁμόνοιαν
3223 1627 3241 1644 ⁶
3271 1613 3400 1667 ἀλλὰ
3427 1615 3516 1684 τήν
3546 1632 3592 1667 τε
3621 1633 3689 1668 κα-

2190 1705 2288 1778 λὴν
2314 1706 2406 1760 καὶ
2440 1707 2530 1761 ἐπὶ
2553 1704 2728 1775 καλῷ,
2758 1707 2850 1758 καὶ
2876 1704 2996 1774 Θεῷ
3013 1706 3410 1762 συνάπτουσαν.

2262 1970 2539 2039 Μέγιστον
2585 1969 2665 2033 είς
2703 1969 2956 2040 ὁμόνοιαν
3013 1967 3076 2022 τὸ
3130 1967 3502 2039 συμπάσχειν,
3547 1971 3608 2033 είς
3651 1972 3689 2024 δὲ

2197 2061 2507 2134 συμϐουλὴν
2537 2063 2570 2133 ἡ
2609 2063 2857 2132 ὁμόνοια.

2271 2158 2530 2229 Ἀριστον
2589 2159 2622 2230 ἠ
2673 2157 2898 2228 ὁμόνοια
2969 2158 3065 2214 καὶ
3114 2157 3176 2212 τὸ
3221 2162 3531 2230 συμφρονεῖν
3572 2160 3690 2230 aut,

2197 2267 2334 2313 λοις.

2269 2343 2480 2413 Ὠσπερ
2511 2341 2642 2412 γὰρ,
2667 2343 3038 2416 ὀργιζομένων
3057 2343 3220 2415 ἡμῶν
3245 2343 3340 2398 καὶ
3371 2342 3691 2403 πυκτευόντων,

2197 2443 2292 2492 καὶ
2329 2438 2462 2507 πρὸς
2498 2436 2765 2507 ἀλλήλους
2816 2438 3297 2508 συγκρουομένων,
3334 2439 3500 2508 χαίρει
3544 2451 3590 2487 τε
3631 2436 3692 2486 καὶ

2195 2529 2730 2600 τέθηλινόδιάὗολος
2769 2545 2787 2562 ·
2837 2530 3011 2593 οὕτως
3059 2530 3444 2600 είρηνευόντων
3477 2528 3556 2582 καὶ
3596 2544 3692 2596 ιρι·

2199 2621 2438 2674 τούντων
2471 2621 2668 2692 ὀργῆς,
2730 2622 3081 2682 συστέλλεται
3133 2621 3302 2678 πάλιν
3349 2623 3438 2676 καὶ
3478 2617 3692 2673 ταπεινοῦ-

2197 2729 2311 2779 ται,
2342 2712 2437 2766 ἅτε
2468 2713 2659 2784 ἐχθρᾶς
2687 2716 2912 2786 εἰρήνης
2952 2714 3050 2783 ὢν,
3084 2716 3179 2769 καὶ
3213 2714 3460 2786 πολέμιος
3486 2711 3691 2775 ὁμονοίας,

2197 2805 2296 2859 καὶ
2330 2804 2635 2872 βασκανίας
2659 2806 2868 2878 πατήρ.

2283 2896 2508 2966 Ἀγάπη¹
2528 2898 2645 2950 ἐστὶ
2680 2897 2976 2966 σύνδεσμος
3011 2895 3371 2962 τελειώθεωςο

2281 2984 2562 3061 ’Πάγάπη
2593 2989 2778 3043 συνδεῖ
2809 3005 2822 3019 ⁸
2859 2990 2954 3042 καὶ
2991 2990 3162 3061 τριῶν
3187 2990 3250 3045 τὸ
3277 2991 3355 3055 ἒν,
3400 2991 3431 3060 ἢ
3476 2983 3585 3044 οὖσα
3629 2987 3692 3056 μέ-

2202 3083 2369 3156 νει,ἢ
2405 3081 2696 3152 κινηθεῖσα
2727 3081 3078 3150 καθίσταται,
3115 3083 3147 3152 ἦ
3200 3081 3497 3140 ἀπελθοῦσα
3533 3080 3692 3134 ἐπάνει-

517 3179 814 3234 revertitur
853 3193 869 3233 :
913 3176 1382 3247 quemadmodum
1434 3178 1632 3246 stirpes
1657 3217 1673 3242 ,
1704 3176 1778 3240 ,εἰ
1843 3175 2097 3230 inanibus

2205 3194 2261 3237 σι
2285 3193 2301 3209 ο
2329 3175 2588 3246 καθάπερ
2617 3175 2729 3230 τῶν
2766 3176 2952 3246 φυτῶν
2981 3175 3017 3230 ἃ
3060 3176 3152 3248 βίᾳ
3200 3179 3357 3248 χερσὶ
3405 3171 3692 3246 μεταστῶμε-

518 3267 787 3323 violenter
825 3266 1100 3336 retrahas,
1132 3276 1188 3323 et
1231 3267 1432 3323 iterum
1465 3266 1739 3331 dimittas,
1788 3265 1854 3320 ad
1887 3265 2097 3334 seipsas

2205 3287 2290 3338 να,
2323 3267 2444 3326 εἷτα
2469 3270 2762 3341 ἀφιέμενα,
2795 3269 2931 3339 πρὸς
2961 3270 3132 3324 ἑαυτὰ
3156 3272 3323 3326 πάλιν
3341 3268 3610 3337 ἀνατρέχει.

517 3369 837 3415 recurrunt.

587 3447 694 3518 50
746 3446 801 3500 S.
840 3445 1152 3518 C/tryrost.;
1181 3444 1254 3500 ai.
1291 3442 1559 3517 Theologi.
1599 3443 1791 3515 Opifex
1841 3451 2087 3502 omnium

515 3539 783 3596 virtutum
811 3551 895 3596 est
929 3539 1190 3596 cbaritas.

589 3631 745 3685 Rom.
778 3646 898 3686 xnt.
949 3630 1247 3686 Charitatis
1309 3639 1504 3685 natura
1550 3630 1861 3686 satietatem
1905 3631 2102 3695 nescit,

521 3722 616 3777 sed
656 3723 787 3776 dum
854 3736 1074 3794 semper
1128 3722 1332 3776 fruitur
1361 3723 1596 3788 dilectis,
1618 3722 1794 3790 magis
1821 3723 2104 3792 magisque

520 3813 915 3878 inﬂammatur,
949 3827 999 3870 et
1031 3815 1133 3868 hoc
1163 3816 1454 3870 insinuans
1515 3815 1774 3870 alumnus
1821 3816 2105 3870 cbaritatis

521 3905 728 3961 Paulus
781 3907 996 3961 dicebat
1028 3924 1043 3961 :
1079 3904 1293 3960 Nemini
1337 3905 1636 3976 quidquam
1701 3906 1911 3962 debetis
1966 3921 2104 3978 prae-

523 4008 608 4052 ter
640 4003 889 4072 mutuum
941 4012 1206 4052 antorem.
1253 3997 1366 4052 lloc
1408 3997 1554 4053 enim
1582 3998 1828 4053 debitum
1888 4011 2104 4068 semper

520 4091 742 4160 quidem
770 4090 1118 4159 expenditnr,
1149 4105 1436 4159 nunquam
1477 4106 1605 4144 vero
1640 4090 1997 4160 persolvitur.
2042 4089 2100 4144 Iit

521 4181 625 4234 hoc
662 4194 859 4250 genere
888 4179 1110 4247 debere,
1150 4179 1354 4235 bonum
1392 4188 1475 4236 est
1519 4191 1574 4236 οι
1627 4181 1927 4237 laudabile.
1965 4177 2099 4233 Nam

520 4276 670 4328 circa
729 4272 992 4342 pecunias
1048 4287 1144 4328 eos
1185 4272 1500 4339 laudamus,
1548 4273 1640 4342 qui
1686 4272 1824 4327 nihil
1863 4271 2101 4340 debent;

519 4366 667 4420 circa
702 4364 1055 4420 dilectionem
1102 4379 1234 4420 vero
1304 4379 1401 4420 eos
1429 4364 1522 4434 qui
1557 4378 1837 4433 nunquam
1871 4379 1980 4418 non
2008 4365 2105 4418 de-

520 4458 654 4512 berit
682 4457 873 4512 beatos
897 4456 1237 4526 indicamus.
1270 4456 1339 4511 Et
1372 4455 1523 4526 quod
1553 4455 1666 4510 illic
1695 4456 2098 4527 ingratitudini,

522 4548 614 4603 hic
645 4548 970 4618 gratitudini
1007 4547 1292 4600 tribuitur.

591 4637 770 4692 Photii
799 4639 1141 4709 patriarclue.
1165 4637 1397 4706 Diligere
1429 4637 1553 4694 illos
1591 4637 1686 4708 qui
1719 4653 1819 4693 nos
1847 4637 2101 4705 oderunt,

523 4731 746 4786 iii-tutis
790 4745 935 4800 opus
969 4739 1054 4784 est
1096 4737 1152 4785 et
1184 4729 1475 4797 divinum;
1524 4729 1815 4800 diligentes
1850 4730 2101 4801 diligere,

524 4824 828 4877 humanum
875 4833 930 4878 et
970 4823 1234 4893 vulgare;
1269 4831 1526 4877 caeterum
1563 4821 1747 4876 odisse
1773 4823 1937 4876 etiam
1977 4821 2104 4876 dili-

486 4961 492 4968 .
524 4922 740 4984 gentes,
773 4930 841 4968 ne
873 4914 1077 4968 belluis
1110 4916 1331 4984 quidem
1363 4913 1644 4970 convenit.

475 5007 488 5056 °.
599 5005 786 5060 Firmi.
823 5002 881 5059 ln
915 5007 1129 5062 caeteris
1162 5007 1326 5062 rebus
1364 5006 1622 5061 laudatur
1658 5003 1855 5060 modus
1887 5019 1904 5060 :
1939 5003 1994 5058 in
2025 5003 2108 5059 di-

529 5097 766 5152 lectione
803 5112 952 5162 rero,
1000 5097 1092 5168 qui
1129 5098 1392 5170 majorem
1428 5105 1643 5167 partem
1679 5096 1863 5162 habet,
1898 5095 2108 5166 gratior

528 5201 616 5247 cst
651 5189 785 5248 Deo.

600 5275 660 5333 S.
695 5276 851 5352 (ἔνθα.
893 5277 1057 5350 Nysa.
1080 5278 1254 5350 Caput
1298 5279 1438 5334 bene
1472 5280 1826 5335 sentientium
1856 5294 1962 5351 pax
1997 5288 2107 5336 est.

529 5370 680 5444 (Vel,
707 5382 869 5442 caput
894 5381 949 5427 et
975 5385 1190 5426 summa
1222 5372 1528 5442 prudentia:
1557 5388 1662 5442 pax
1693 5369 1825 5442 est.)
1850 5417 1857 5423 .

595 5462 662 5520 Ut
693 5464 1010 5521 valetudine
1062 5475 1383 5536 recuperata
1429 5466 1658 5520 morbus
1711 5460 2016 5528 evanescit,
2057 5469 2112 5516 et

533 5557 740 5613 lutnine
777 5559 930 5613 illato
983 5557 1220 5614 tenebras
1264 5559 1567 5625 recedunt;
1615 5556 1702 5612 sic
1749 5570 1883 5625 pace
1921 5553 2110 5608 oborta

533 5651 914 5707 dissolvuntur
963 5665 1158 5706 omnes
1185 5650 1628 5722 perturbationes
1661 5662 1784 5720 qua:
1819 5649 1891 5700 ab
1922 5645 2113 5700 adver-

534 5759 682 5800 sario
711 5746 993 5814 producue
1025 5754 1198 5800 erant.

590 5834 718 5892 .Pax
757 5844 843 5894 est
872 5835 1254 5898 dissidentium
1287 5841 1588 5901 concordia
1625 5845 1680 5897 ct
1707 5832 2022 5895 consensio.

2273 3453 2619 3526 Δημιουργδς
2642 3453 2846 3526 ἀρετῆς
2879 3454 3097 3524 ἀπάσης
3128 3453 3162 3525 ἡ
3193 3453 3401 3524 ἀγάπη-

2289 3635 2355 3689 Ἦ
2394 3635 2492 3704 τῆς
2523 3635 2745 3704 ἀγάπης
2771 3633 2935 3702 φύσις
2974 3633 3136 3703 κόρον
3184 3635 3289 3690 οὐκ
3327 3631 3478 3698 οἶδεν,
3521 3632 3610 3688 ἀλλ’
3638 3631 3692 3683 ἀεὶ

2203 3729 2314 3782 τῶν
2334 3727 2725 3797 ἀγαπωμένων
2745 3725 3100 3780 ἀπολαύουσα
3130 3727 3270 3796 πρὸς
3299 3727 3504 3797 μείζονα
3539 3727 3692 3794 uipera:

2205 3821 2402 3890 φλόγα,
2427 3820 2524 3873 καὶ
2559 3818 2718 3872 τοῦτο
2745 3821 2773 3872 ό
2802 3818 3007 3889 ταύτης
3029 3820 3304 3890 τρόφιμος
3345 3818 3530 3881 Παῦλος
3570 3815 3694 3884 δηλῶν

2205 3913 2392 3982 ἔλεγεν
2417 3927 2434 3945 ο
2464 3909 2668 3981 Μηδενὶ
2709 3909 2878 3980 μηδὲν
2932 3911 3204 3980 ὀφείλετε,
3231 3913 3290 3965 εί
3348 3910 3418 3982 μὴ
3461 3909 3514 3963 τὸ
3535 3905 3695 3974 ἀγαπᾷν

2205 4002 2493 4072 ἀλλήλους.
2528 4001 2697 4054 Τοῦτο
2733 4001 2840 4072 γὰρ
2909 4000 3132 4071 δφλημα
3198 4003 3290 4057 ἀεὶ
3337 4001 3432 4072 μὲν
3487 3995 3694 4054 καταϐάλ-

2205 4092 2383 4158 λεται,
2413 4090 2669 4145 οὐδέποτε
2697 4090 2757 4145 δὲ
2789 4090 3124 4146 ἀποδίδοται.
3181 4091 3446 4148 Ἐνταῦοα
3487 4090 3538 4144 τδ
3573 4089 3696 4156 διηνε-

2207 4185 2318 4250 κῶς
2340 4183 2525 4254 ὀφλεῖν
2556 4182 2721 4237 καλὸν
2751 4185 2845 4238 καὶ
2877 4183 3116 4239 ἐπαίνων
3147 4185 3322 4252 ἄξιον.
3366 4185 3477 4238 Ἐπὶ
3504 4181 3584 4254 μὲν
3619 4179 3694 4247 γὰρ

2203 4275 2314 4328 τῶν
2344 4274 2648 4346 χρημάτων
2679 4274 2807 4338 τοὺς
2832 4273 3000 4345 μηδὲν
3025 4275 3348 4342 ὀφείλοντας
3399 4270 3693 4340 ἐπαινοῦμεν

2204 4367 2298 4420 ἐπὶ
2325 4367 2383 4420 δὲ
2411 4367 2508 4437 τῆς
2537 4366 2758 4437 ἀγάπης
2797 4366 2926 4430 τοὺς
2942 4367 3214 4439 διηνεκῶς
3245 4368 3535 4438 ὀφείλοντας
3568 4375 3694 4433 μακι-

2209 4460 2455 4532 ρίξομενο
2517 4459 2626 4514 καὶ
2687 4459 2824 4528 ὅπερ
2887 4459 3287 4532 ἀγνωμοσύνης
3333 4454 3695 4525 ὲκεί,τοῠτοὲ·;·

2138 4557 2181 4614 D
2205 4553 2377 4608 ταῦθα
2401 4551 2844 4624 εὐγνωμοσύνης.

2278 4647 2352 4700 Τὸ
2382 4645 2486 4715 μὲν
2505 4646 2726 4718 ἀγαπᾷν
2753 4647 2883 4711 τοὺς
2915 4646 3231 4718 μισοῦντας,
3251 4647 3444 4720 ἀρετῆς
3464 4645 3546 4698 καὶ
3562 4640 3694 4693 Odor

2206 4737 2268 4791 τὸ
2295 4737 2350 4790 δὲ
2375 4743 2500 4802 τοὺς
2529 4737 2860 4807 ἀγαπῶντας
2909 4737 3257 4810 ἀνθρώπινον
3304 4739 3395 4792 καὶ
3446 4734 3593 4790 κοινόν
3617 4745 3627 4759 ·
3653 4726 3695 4777 τὸ

2200 4826 2264 4882 δὲ
2303 4829 2484 4899 μισεῖν
2515 4827 2764 4892 καὶτοὺς
2805 4828 3145 4899 ἀγαπῶντας
3176 4830 3298 4886 οὐδὲ
3338 4830 3527 4900 θηρίων
3567 4818 3694 4878 οἴακι.

2293 4999 2383 5054 Ἐν
2423 5001 2524 5072 μὲν
2553 5002 2666 5066 τοῖς
2692 4999 2877 5066 ἄλλοις
2899 5002 2959 5058 τὸ
2990 5003 3191 5076 μέτρον
3221 5004 3438 5076 ἀριστον
3465 5016 3480 5034 ⁸
3515 4996 3625 5054 ira
3653 4993 3696 5060 τῇ
3776 5033 3777 5036 η

2209 5091 2402 5164 ἀγάπῃ
2430 5095 2459 5148 ό
2494 5091 2556 5146 τὸ
2590 5092 2772 5149 πλεῖον
2794 5093 2933 5166 ἔχων
2953 5095 3381 5168 Θεοφιλέστερολς.

2282 5269 2358 5326 “re
2386 5273 2682 5344 κεφάλαιον
2703 5274 2814 5331 τῶν
2838 5277 3248 5350 εύφρονούντων
3280 5279 3312 5349 ἠ
3349 5275 3525 5348 είρῄνη
3572 5265 3696 5323 ἐστίν·

2285 5453 2498 5527 Ὠσπερ
2532 5456 2718 5526 ύγείας
2741 5456 3114 5530 ἐπιλαϐούσης
3159 5459 3194 5531 ἠ
3240 5458 3392 5522 νόσος
3454 5446 3699 5522 ὲξαφανίξεο

2211 5565 2325 5617 ται,
2358 5549 2454 5603 καὶ
2511 5551 2691 5618 φωτὸς
2724 5553 2985 5622 φανέντος
3032 5554 3132 5624 οὐχ
3164 5551 3500 5607 ὑπολείπεται
3527 5543 3695 5601 σκότος’

2212 5641 2385 5704 οὕτως
2417 5641 2511 5695 καὶ
2539 5643 2637 5712 τῆς
2667 5643 2892 5715 εἰρήνης
2926 5643 3118 5698 λύεται
3147 5644 3324 5698 πάντα
3348 5642 3412 5696 τὰ
3432 5643 3490 5694 ἐκ
3532 5632 3608 5690 τοῦ
3643 5630 3699 5680 ἔν’

2215 5733 2400 5787 αντίου
2435 5735 2802 5806 συνιστάμενα
2835 5736 3008 5808 πάθη.

2287 5825 2496 5898 Εἰρήνη
2521 5827 2668 5883 ἐστὶν
2697 5829 2856 5900 ἡτῶν
2879 5829 3242 5902 διεστηκότων
3267 5823 3542 5902 ὁμοφωνίι.
