3822 6544
217 433 312 506 861

289 560 534 632 Πόλεμος
561 551 768 628 ἔνδοξος
800 560 1023 632 εἰρήνης
1054 561 1285 631 αίσχρᾶς
1315 558 1698 628 αἱρετώτερος.

283 744 359 798 Τδ
383 743 486 813 τῆς
522 741 747 810 ἀγάπης
780 739 988 809 ἀγαθὸν
1014 740 1183 794 πολὺν
1217 739 1518 808 κατάλογον
1549 738 1659 793 τῶν
1693 739 1784 794 ἀνα

217 834 545 905 τικειμένων
582 833 767 887 κακῶν
793 832 890 903 τῆς
917 831 1098 902 ψυχῆς
1129 830 1443 885 ἀπελαύνει.

279 1019 440 1073 Πᾶσα
464 1018 499 1088 ή
523 1015 632 1071 τῶν
659 1013 849 1068 κακῶν
886 1013 1056 1084 erat...
1101 1014 1167 1084 τῇ
1218 1012 1542 1084 ἀγαπητικῇ
1601 1009 1783 1081 σχέσει

214 1110 633 1178 ἐξαφανίζεται.

283 1202 573 1274 Πολλαχῶς
636 1203 823 1272 ἀγάπη
869 1203 1109 1266 νοεῖται,
1157 1199 1249 1254 διὰ
1305 1196 1638 1271 πραΰτητος,
1696 1197 1784 1252 διὰ

217 1296 603 1369 χρηστότητος,
634 1292 723 1347 sia
748 1292 1052 1362 ὑπομονῆς,
1077 1292 1167 1347 διὰ
1205 1291 1472 1360 ἀφθονίας
1520 1289 1616 1344 καὶ
1652 1284 1786 1359 ἀζη-

213 1386 350 1453 λίας,
388 1386 481 1440 διὰ
510 1385 923 1457 ἀμνησικακίας
942 1397 957 1415 ⁸
993 1384 1288 1456 ἀμέριστος
1317 1384 1466 1437 ἐστιν
1505 1383 1562 1435 ἐν
1591 1383 1782 1447 πᾶσιν,

212 1477 553 1547 ἀδιάκριτος,
585 1478 904 1546 κοινωνικὴ.

278 1655 355 1710 Τὸ
374 1656 600 1726 ἀγαπᾷν
627 1654 752 1717 τοὺς
782 1651 1013 1723 ἐχθροὺς
1072 1650 1173 1705 οὐκ
1230 1649 1454 1721 ἀγαπᾷν
1494 1648 1557 1702 τὸ
1611 1647 1783 1702 κακὸν

211 1744 382 1814 λέγει,
409 1744 529 1798 οὒδέ
552 1742 829 1806 ἀσέϐειαν,
862 1740 896 1811 ἢ
929 1740 1199 1810 μοιχείαν,
1250 1733 1284 1809 ἢ
1335 1735 1546 1807 κλοπήν
1575 1750 1591 1765 ·
1644 1733 1780 1787 ἀλλά

210 1838 299 1891 τὸν
325 1835 571 1905 κλέπτην
616 1833 837 1887 καὶτὸν
897 1831 1109 1902 μοιχὸν,
1157 1828 1219 1882 οὔ
1264 1825 1401 1880 καθὸ
1451 1822 1779 1897 ἁμαρτάνει,

973 432 1144 498 ιοηί
1175 430 1619 502 COMMUNES.
1649 454 1722 473 “
1743 433 1935 497 PARS
1962 435 2012 498 Ι.
2045 428 2300 497 SERMO
2334 431 2577 499 XXVII.

1821 557 1871 615 Α
1971 552 2181 609 Bellum
2238 556 2532 611 honestum
2570 569 2721 626 pace
2779 555 2924 626 turpi
2976 559 3146 628 magis
3203 568 3471 629 expeten-

3372 438 3475 509 869

1893 644 2042 698 dum.

1969 735 2286 792 Dilectionis
2321 737 2493 793 virtus
2524 753 2784 809 magnum
2815 740 3086 794 malorum
3119 741 3223 812 ipsi
3252 751 3471 797 contra-

1893 827 2104 882 riorum
2155 844 2443 885 numerum
2500 846 2568 886 ex
2619 832 2803 886 animo
2848 832 3121 903 depellere
3169 845 3222 890 et
3280 835 3471 904 fugare

1892 920 2053 974 solet.

1965 1008 2159 1066 Omnis
2187 1012 2456 1070 malorum
2478 1014 2636 1070 turba
2663 1014 2953 1072 cbaritatis
2975 1014 3265 1073 affectione
3291 1030 3471 1073 exter-

1891 1101 2158 1158 minatur.

1966 1192 2274 1250 Clementis.
2312 1195 2498 1252 Multis
2541 1198 2717 1254 modis
2766 1199 3009 1255 cltaritas
3057 1200 3383 1271 intelligitur
3415 1208 3471 1255 et

1891 1287 2151 1354 sentitur,
2192 1287 2509 1358 clementia,
2567 1292 2863 1356 suavitate,
2898 1292 3182 1363 patientia,
3224 1294 3475 1348 inviden-

1888 1378 1980 1434 tia:
2001 1385 2057 1434 et
2080 1380 2450 1436 aamttlationis
2489 1384 2786 1449 vacuitate,
2836 1396 2893 1441 et
2951 1386 3280 1454 injuriarum
3330 1385 3473 1439 ubli-

1887 1470 2088 1538 vione;
2125 1470 2407 1527 individua
2456 1484 2540 1529 est
2570 1475 2623 1529 in
2663 1478 2941 1543 omnibus,
2965 1476 3371 1547 inseparabilis,
3402 1477 3468 1531 ad

1887 1562 2308 1632 impertiendum
2362 1581 2655 1636 propensa.

1951 1656 2154 1710 Amare
2183 1655 2438 1713 inimicos
2466 1673 2578 1712 non
2605 1660 2763 1729 jubet
2802 1658 3003 1716 malum
3050 1662 3246 1725 amari,
3284 1674 3465 1730 neque

1889 1745 2251 1816 impietatem,
2276 1758 2370 1803 aut
2400 1749 2726 1806 adulterium
2757 1760 2851 1807 aut
2878 1754 3084 1808 furtum
3101 1769 3119 1821 ;
3146 1753 3238 1808 sed
3269 1762 3321 1807 et
3346 1767 3477 1822 per-v

1879 1840 2066 1911 jurum
2093 1850 2150 1897 et
2176 1842 2513 1910 adulterum,
2549 1858 2657 1899 non
2705 1845 2834 1914 quia
2887 1852 3076 1913 peccet
3109 1856 3163 1900 et
3196 1845 3286 1899 illa
3320 1843 3465 1913 turpi

210 1930 303 1983 καὶ
361 1894 566 1999 αίσχρᾷ
622 1924 871 1998 ἐνεργεία
897 1894 1143 1994 ⁷μολύνει
1194 1920 1293 1994 τήν
1344 1919 1440 1974 τοῦ
1489 1894 1779 1990 ἀνθρώπου

2102 1894 2147 1897 _-
2217 1894 2513 1910 ,__--___,,
2710 1894 2833 1914 τι---
2887 1894 3074 1913 τη---
3115 1894 3163 1900 ,,
3197 1894 3286 1899 _--_

1923 1933 2101 1988 ctione
2151 1932 2389 1989 hominis
2445 1950 2641 1990 nomen
2698 1944 2896 2004 sponte
2954 1937 3319 2001 contaminet,
3374 1937 3472 1990 sed

212 2019 622 2092 προσηγορίαν,
671 2017 806 2071 καθὸ
851 2016 908 2069 δὲ
963 2014 1249 2085 ἄνθρωπος
1292 2014 1409 2066 ἐστι
1463 2012 1560 2065 καὶ
1621 2010 1783 2081 ἔργον

210 2114 371 2169 Θεοῦ.
397 2112 620 2182 Ἀμέλει
651 2111 711 2165 τὸ
737 2109 1073 2180 ἁμαρτάνειν
1095 2107 1346 2179 ἐνέργειά
1373 2106 1511 2174 ἐστι,
1544 2104 1635 2159 καὶ
1670 2104 1783 2157 οὐκ

208 2208 399 2263 οὐσία⁸
432 2206 514 2260 διὸ
550 2204 671 2260 οὐδὲ
699 2204 860 2274 ἔργον
878 2201 1038 2257 θεοῦ.

188 2318 189 2321 “
275 2319 507 2391 Εἰρήνη,
538 2318 641 2372 κᾶν
666 2297 960 2392 ᾖσφόδρα,
1003 2314 1296 2387 ἐπιζήμιος
1361 2312 1785 2384 λυσιτελεστέρα

209 2413 339 2466 πολέ
349 2429 476 2484 μου.

280 2504 492 2575 Εἰρήνη
516 2501 575 2570 ἐξ
604 2498 900 2572 ἡγεμονίας
933 2496 1103 2571 ὀρθῆς
1130 2496 1352 2567 φύεται.

280 2678 358 2735 Τδ
390 2680 645 2751 μέγιστον
671 2669 875 2745 ἀγαθον
903 2673 1120 2745 είρήνη,
1165 2671 1196 2727 δ
1237 2672 1428 2744 μηδείς
1462 2671 1646 2737 ίκανὺς
1693 2671 1785 2728 ἀν-

208 2770 449 2843 θρώπων
470 2768 800 2838 παρασχεῖν,
831 2765 958 2819 ἐπεὶ
983 2765 1125 2819 θεῖον
1158 2764 1319 2818 τοῦτο
1339 2764 1535 2835 δῶρον.

281 2945 509 3017 Κράτης
539 2943 641 3016 μὲν
663 2942 754 2999 οὖν
778 2941 998 3012 λέγεται
1024 2944 1055 2995 ὁ
1101 2941 1360 3012 Θηϐαῖος,
1392 2943 1502 3005 τοῖς
1559 2934 1784 2997 στασιά-

208 3039 399 3102 ζουσιν
423 3036 593 3101 οίκοις
651 3035 964 3105 ἐπιφοιτῶν,
1012 3034 1189 3104 λόγοις
1224 3034 1444 3105 εἰρήνης
1488 3033 1787 3105 διακρίνειν

208 3131 310 3193 τὰς
330 3129 537 3201 ἔριδας.

1884 2024 2012 2094 quia
2044 2025 2208 2079 homo
2242 2027 2311 2081 sit
2342 2035 2395 2081 et
2448 2025 2541 2080 Dei
2589 2042 2748 2097 opus.
2796 2026 3084 2081 Peccatum
3131 2038 3280 2082 certe
3329 2025 3474 2080 actio

1885 2123 1990 2180 est,
2019 2130 2131 2171 non
2162 2117 2498 2181 substantia,
2541 2116 2773 2187 ideoque
2825 2134 2895 2174 nc
2927 2133 3066 2189 opus
3119 2116 3338 2189 quidem
3372 2115 3467 2170 Dei

1885 2216 1989 2263 est.

1958 2315 2226 2371 Philonis.
2256 2318 2371 2371 Pax
2402 2316 2485 2373 vel
2527 2332 2651 2373 cum
2684 2331 2883 2390 magno
2930 2317 3133 2374 damno
3177 2316 3472 2387 conjuncta

1780 2488 1781 2491 η
1887 2408 2078 2464 utilior
2108 2410 2275 2465 bello.

1960 2498 2070 2554 Pax
2113 2517 2178 2557 ex
2226 2511 2374 2558 recta
2430 2500 2820 2574 praefectorum
2864 2501 3342 2557 administratione
3373 2514 3470 2554 na-

1888 2594 2085 2651 scitur.

1959 2682 2071 2739 Pas
2098 2686 2398 2741 maximum
2430 2685 2642 2741 bonum
2691 2696 2800 2756 est,
2852 2686 3001 2755 quod
3034 2686 3217 2740 nullus
3249 2684 3472 2739 omnino

1889 2777 2201 2831 mortalium
2230 2786 2491 2848 prastare
2545 2789 2746 2851 potest,
2786 2778 3059 2848 siquidem
3083 2778 3329 2833 divinum
3369 2776 3472 2831 hoc

1888 2866 2091 2922 donum
2123 2877 2231 2923 est.

1961 2959 2206 3015 Cratetis.
2241 2961 2433 3018 Crates
2477 2962 2773 3019 Thebanus
2824 2960 3005 3019 fertur
3059 2960 3297 3016 familias
3357 2958 3473 3014 dis-

1891 3052 2133 3107 sidentes
2217 3054 2421 3111 adiisse
2478 3068 2531 3113 et
2588 3055 2832 3127 paciﬁcis
2906 3053 3087 3110 verbis
3149 3054 3273 3109 lites
3328 3053 3474 3107 dire-

1889 3158 2082 3197 ιιιιεεο.

284 3222 358 3274 Τὸ
390 3222 550 3292 νικᾷν
579 3219 741 3274 αὐτον
772 3213 967 3274 suum
993 3219 1185 3273 πασῶν
1208 3219 1375 3273 νικῶν
1435 3217 1629 3288 πρώτη
1683 3220 1777 3272 καὶ

1959 3235 2270 3291 Democriti.
2323 3234 2575 3307 Seipsum
2654 3238 2874 3293 vincere
2925 3238 3171 3292 omnium
3212 3237 3473 3292 victoria-

211 3316 416 3385 ἀρίστη
437 3313 533 3367 ’τὸ
562 3313 618 3366 δὲ
646 3312 912 3383 ήττᾶσθαι
939 3312 1103 3365 αὑτὸν
1135 3309 1226 3381 ὑφ’
1253 3302 1451 3363 ἐαυτοῦ
1501 3309 1782 3380 αίσχιστόν

210 3417 274 3459 τε
303 3404 400 3457 καὶ
426 3404 707 3458 κάκιστον.

283 3501 549 3569 Λάμαχος
573 3498 811 3567 ἐπετίμα
839 3495 961 3551 τινὰ
997 3496 1108 3549 τῶν
1140 3497 1388 3567 λοχαγῶν
1426 3499 1786 3570 ἁμαρτήσαν-

209 3610 276 3645 sa
305 3607 321 3624 ⁶
349 3590 448 3645 τοῦ
478 3591 535 3644 δὲ
567 3591 843 3661 φήσαντος
899 3588 1100 3660 μηκέτι
1150 3590 1310 3642 τοῦτο
1350 3592 1596 3663 ποιήσειν
1621 3606 1637 3624 ’
1670 3594 1786 3647 Οὐκ

212 3686 382 3750 ἐστιν,
401 3675 587 3749 ἐἷπεν,
623 3685 680 3737 ἐν
710 3682 934 3754 πολέμῳ
963 3682 1043 3745 δὶς
1082 3682 1371 3753 ἁμαρτεῖν.

1422 3790 1447 3824 4

810 3905 1029 3961 ΛΟΓΟΣ
1062 3906 1193 3961 ΚΖ’.

239 4021 389 4091 Περὶ
417 4020 839 4093 ἐλεημοσύνης
877 4010 976 4076 καί
1013 4022 1285 4090 εὐποιίας
1334 4026 1421 4092 είς
1451 4028 1750 4097 πτωχούς.

278 4114 564 4183 Μακάριοι
612 4112 665 4165 oi
710 4112 1027 4183 ἐλεήμονες,
1056 4114 1138 4168 ὅτι
1187 4115 1343 4168 αὐτοὶ
1372 4116 1782 4188 ἐλεηθήσονται.

277 4292 509 4347 Γίνεσθε
537 4293 711 4363 ὅμοιοι
741 4291 836 4346 τοῦ
866 4293 1072 4363 Πατρδς
1108 4293 1262 4364 ὑμῶν
1281 4294 1377 4349 τοῦ
1400 4297 1457 4350 ὲν
1484 4298 1596 4359 τοῖς
1624 4299 1789 4367 οὐρα-

209 4390 342 4453 νοῖς,
371 4388 454 4440 ὅτι
483 4384 578 4439 τὸν
601 4385 757 4455 ἥλιον
780 4385 945 4473 αὐτοῦ
971 4386 1250 4439 ἀνατέλλει
1277 4387 1369 4440 ἐπὶ
1391 4388 1663 4458 πονηροὺς
1693 4390 1790 4444 καὶ

207 4480 477 4551 ἀγαθοὺς,
511 4478 608 4532 καὶ
630 4478 816 4550 βρέχει
847 4478 937 4531 ἐπὶ
967 4478 1209 4542 δικαίους
1247 4481 1343 4531 καὶ
1374 4481 1619 4546 ἀδίκους.

1887 3341 2007 3379 rum
2052 3328 2225 3396 prima
2260 3336 2314 3383 et
2342 3328 2747 3397 pulcherrima;
2782 3331 2925 3386 vinci
2970 3340 3152 3385 autem
3204 3346 3233 3385 a
3285 3330 3472 3401 seipse

1885 3426 1939 3473 et
1972 3419 2359 3488 turpissimum
2392 3428 2447 3475 et
2483 3422 2784 3491 pessimum
2812 3430 2921 3477 est.

1957 3507 2236 3565 Lamacltt'.
2300 3508 2611 3567 Lamachus
2670 3527 2797 3567 cum
2851 3512 3146 3582 quemdam
3202 3513 3463 3583 manipuli

1885 3600 2171 3656 ductorem
2207 3601 2525 3671 objurgaret
2560 3612 2899 3672 peccantem,
2932 3604 3128 3675 illeque
3155 3605 3473 3674 respondis-

1887 3703 1988 3759 set,
2024 3710 2084 3750 se
2122 3695 2174 3749 in
2203 3696 2476 3765 reliquum
2509 3706 2724 3763 tempus
2774 3710 2881 3751 non
2912 3706 3262 3767 peccaturum
3298 3712 3313 3752 :
3350 3695 3468 3751 Non

1888 3787 2035 3852 licet,
2062 3788 2259 3857 inquit,
2283 3790 2338 3843 in
2374 3789 2516 3844 bello
2547 3790 2631 3845 bis
2654 3805 2902 3859 peccare.

2264 3924 2503 3983 SERMO
2541 3926 2734 3983 xxvn
2776 3928 2873 4002 [ιιι.
2904 3929 3089 4002 LVII].

1994 4042 2071 4097 De
2099 4042 2432 4111 etcemosyna
2471 4052 2518 4096 et
2556 4041 2901 4113 beneﬁcentia
2944 4044 3021 4097 .in
3077 4062 3358 4116 pauperes.

1960 4135 2153 4189 Matth.
2181 4151 2235 4190 v.
2268 4133 2413 4189 Beati
2438 4135 2842 4204 misericordes,
2865 4138 3123 4208 quoniam
3156 4153 3208 4196 et
3227 4142 3330 4212 ipsi
3367 4143 3466 4197 mi-

1888 4225 2240 4283 scricordiam
2271 4235 2700 4296 consequentur.

1961 4316 2147 4372 Estote
2213 4316 2423 4371 similes
2478 4316 2625 4372 Patri
2682 4327 2864 4373 vestro
2917 4319 3148 4387 caelesti,
3200 4325 3461 4392 quoniam

1890 4408 2060 4462 solem
2113 4423 2273 4463 suum
2310 4409 2442 4463 oriri
2494 4407 2626 4465 facit
2675 4424 2841 4479 super
2886 4411 3059 4467 bonos
3092 4421 3147 4468 et
3179 4415 3373 4483 malos,
3409 4427 3464 4472 et

1894 4500 2032 4570 pluit
2053 4514 2219 4570 super
2249 4499 2429 4569 justos
2455 4515 2519 4555 ac
2550 4498 2809 4567 iniustos.
3137 4502 3140 4505 “

278 4571 591 4641 Προσέχετε
642 4568 744 4639 τήν
802 4567 1176 4639 ἐλεημοσύνην
1251 4569 1409 4640 ὑμῶν
1472 4570 1548 4641 μὴ
1613 4575 1785 4629 ποιεῖν

1961 4592 2191 4663 Operam
2227 4593 2352 4650 date
2402 4609 2472 4649 ne
2528 4594 2936 4665 elcemosynam
2996 4605 3236 4654 vestram
3281 4614 3467 4655 coram

208 4661 523 4735 ἔμπροσθεν
545 4661 654 4716 τῶν
673 4660 997 4729 ἀνθρώπων,
1034 4662 1170 4731 πρὸς
1194 4661 1253 4714 τὸ
1282 4661 1543 4733 θεαθῆναι
1567 4664 1751 4729 αὐτοῖς
1773 4680 1787 4695 ·

211 4759 260 4809 εί
295 4757 364 4809 δὲ
398 4756 472 4825 μή
497 4771 583 4823 γε,
613 4753 805 4824 μισθὸν
831 4754 931 4807 οὐκ
966 4752 1120 4824 ἔχετε
1144 4754 1299 4824 παρά
1326 4755 1403 4826 τῷ
1433 4756 1612 4827 Πατρὶ
1635 4757 1789 4828 ὑμῶν

210 4849 287 4919 τῷ
320 4850 386 4902 ἐν
418 4849 528 4910 τοῖς
558 4846 835 4915 οὐρανοῖς.

282 4943 387 5003 ’ος
415 4940 513 4993 ἐὰν
540 4938 739 5010 ποτίσῃ
773 4938 871 4991 ’ἐνα
894 4937 1003 4992 τῶν
1031 4935 1247 5009 μικρῶν
1284 4937 1493 4993 τούτων
1523 4941 1789 5012 ποτήριον

207 5032 425 5105 ψυχροῦ
473 5031 634 5102 μόνον
661 5032 742 5095 είς
769 5030 942 5100 ὄνομα
975 5030 1238 5101 μαθητοῦ,
1270 5030 1419 5103 ἀμὴν
1452 5030 1598 5101 λέγω
1641 5033 1792 5105 ὑμῖν,

210 5130 267 5182 οὐ
302 5129 389 5201 μὴ
418 5127 552 5182 ἀπο)
563 5126 781 5200 ἐσητδν
801 5126 995 5197 μισθὸν
1017 5126 1205 5181 αὐτοῦ.

278 5308 423 5364 Τότε
460 5310 579 5382 ἐρεῖ
601 5310 630 5364 δ
659 5308 915 5380 βασιλεὺς
938 5311 1048 5373 τοῖς
1078 5311 1143 5363 ἐκ
1170 5310 1363 5377 δεξιῶν
1391 5310 1557 5365 αὑτοῦ
1577 5328 1592 5343 ’
1626 5310 1794 5366 Δεῦτε

209 5405 263 5458 οῖ
295 5402 659 5474 εὐλογημένοι
686 5402 781 5456 τοῦ
802 5403 1025 5474 Πατρός
1060 5420 1186 5473 μου,
1213 5404 1665 5477 κληρονομήσατε
1692 5407 1794 5477 τὴν

212 5498 630 5569 ἡτοιμασμένην
654 5498 781 5566 ὑμῖν
806 5496 1085 5567 βασιλείαν
1106 5498 1214 5552 ἀπὸ
1236 5499 1541 5571 καταϐολῆς
1565 5501 1796 5570 κόσμου.

226 5590 528 5642 Ἐπείνασα
555 5590 686 5659 γὰρ,
720 5591 815 5644 καὶ
854 5587 1091 5642 ἐδώκατέ
1127 5605 1218 5657 μοι
1250 5590 1484 5659 φαγεῖνο
1538 5591 1795 5664 ἐδίψησα,

215 5685 313 5735 καὶ
347 5683 639 5735 ἐποτίσατέ
676 5697 768 5746 με.

290 5771 588 5842 Πωλήσατε
624 5772 694 5825 τὰ
718 5771 1039 5843 ὑπάρχοντα
1073 5773 1251 5842 ὑμῶν,
1288 5776 1382 5830 καὶ
1420 5774 1539 5830 δότε
1566 5776 1797 5847 ἐλεημο·

220 5865 417 5936 εὐιην.
479 5864 749 5940 Ποιήσατε
809 5868 1022 5934 ἑαυτοῖς
1078 5866 1338 5938 βαλάντια
1401 5869 1478 5940 μὴ
1526 5870 1789 5927 παλαιού-

1898 4686 2216 4744 hominibus
2246 4685 2580 4759 largiamini,
2614 4695 2674 4741 ut
2704 4688 3025 4756 spectemini
3067 4690 3138 4747 ab
3174 4690 3344 4761 ipsis;
3386 4692 3471 4745 sin

1896 4778 2098 4845 minus,
2139 4781 2444 4835 mercedem
2500 4795 2607 4834 non
2661 4778 2765 4850 51
2807 4780 3023 4838 habetis
3059 4782 3202 4853 apud
3256 4781 3470 4838 Patrem

1898 4880 2137 4925 vestrum
2165 4871 2468 4926 ctelestem.

1968 4960 2108 5016 Ibid.
2146 4978 2201 5016 κ.
2232 4961 2558 5033 Quicunque
2593 4962 2812 5019 dederit
2841 4964 2909 5019 ad
2942 4963 3237 5021 bibendum
3278 4968 3372 5022 uni
3400 4984 3468 5022 cx

1896 5054 2138 5110 minimis
2181 5054 2305 5109 istis
2338 5055 2567 5110 calicem
2604 5072 2757 5125 aqua
2792 5057 3005 5128 frigida:
3035 5059 3088 5112 in
3121 5060 3342 5115 nomine
3382 5061 3472 5114 di-

1895 5146 2115 5216 scipuli,
2167 5160 2329 5201 amen
2381 5146 2505 5203 dico
2551 5148 2727 5217 vobis,
2763 5165 2873 5204 non
2930 5149 3118 5222 perdet
3163 5152 3468 5206 mercedem

1897 5252 2075 5294 suam.
2178 5260 2203 5279 λ’

1970 5328 2115 5384 Ibid.
2153 5342 2279 5385 xxv.
2311 5329 2466 5386 Tunc
2495 5332 2643 5386 dicet
2677 5348 2772 5388 rex
2808 5333 2896 5389 liis
2921 5335 3015 5404 qui
3046 5350 3077 5389 a
3107 5333 3314 5389 dextris
3362 5332 3473 5390 sibi

1897 5431 2059 5477 erunt
2110 5436 2124 5478 :
2182 5420 2402 5488 Venite,
2453 5422 2727 5479 benedicti
2784 5424 2966 5480 Patris
3008 5425 3139 5489 mei,
3196 5426 3473 5495 possidete

1899 5525 2125 5581 regnum
2161 5519 2415 5580 paratum
2457 5511 2617 5568 vobis
2648 5513 2715 5568 ab
2738 5513 2968 5569 exordio
2998 5514 3209 5572 mundi.
3252 5510 3473 5572 Esurivl

1897 5603 2065 5670 enim,
2090 5612 2143 5657 et
2169 5602 2400 5659 dedistis
2424 5602 2561 5659 mihi
2592 5605 2783 5670 edere;
2812 5604 2981 5670 sitivi,
3003 5612 3057 5658 et
3083 5605 3311 5662 dedistis
3339 5607 3477 5662 milii

1901 5694 2112 5749 bibere.

1974 5783 2104 5840 Luc.
2140 5802 2236 5842 an.
2275 5784 2504 5843 Vendite
2549 5803 2670 5857 quae
2722 5786 3038 5857 possidetis,
3087 5797 3141 5842 et
3186 5786 3313 5842 date
3367 5788 3480 5843 ele-

1902 5892 2243 5949 emosynam.
2276 5878 2473 5937 Parate
2532 5879 2685 5938 vobis
2723 5880 2996 5952 sacculos,
3049 5880 3143 5951 qui
3178 5895 3287 5940 non
3325 5890 3480 5939 vetc-
