3822 6544
170 346 257 404 8³5
898 341 1064 403 LOCI
1094 341 1531 403 COMMUNES.
1569 366 1635 378 -
1672 343 1867 405 PARS
1889 344 1936 407 Ῐ.
1968 345 2222 407 SERMO
2262 349 2485 411 XXVII

3250 350 3358 415 866

173 461 221 510 ἐν
249 456 319 524 τῷ
375 454 548 507 σκότει
596 454 652 507 τὸ
712 454 828 524 φῶς
861 472 976 517 σου,
1003 456 1101 508 καὶ⁸
1142 453 1204 507 τὸ
1238 454 1428 517 σκότος
1480 473 1573 529 σου
1622 456 1677 515 ὡς

1808 459 1851 512 in
1893 460 2132 515 tenebris
2163 462 2252 517 lux
2284 475 2401 528 tua,
2442 472 2495 519 ct
2535 464 2624 519 fiet
2662 464 2837 534 caligo
2872 472 2964 519 tua
3013 465 3155 521 sicut
3189 472 3358 520 meri.

170 546 469 619 μεσημϐρία,
503 548 599 600 καὶ
638 547 791 601 ἔσται
821 549 848 599 ὀ
882 546 1012 607 Θεὸς
1051 544 1188 615 μετὰ
1218 544 1315 598 σοῦ
1355 546 1443 598 διὰ
1468 546 1645 600 πάντα
1665 563 1679 579 ·

167 642 244 695 καὶ
268 637 604 708 ὲμπλησθήσῃ
645 638 788 691 καθὰ
824 638 1154 707 ἐπιθυμήσει
1188 638 1222 706 ή
1262 636 1407 706 ψυχή
1445 653 1558 698 σου,
1589 637 1685 690 καὶ

165 730 222 784 τὰ
247 729 365 782 ὁστᾶ
380 745 468 780 σου
501 727 878 797 πιανοήσεται,
903 729 996 780 καὶ
1027 728 1124 796 ἔσῃ
1144 726 1217 788 ὡς
1243 728 1417 795 κῆπος
1447 727 1681 797 μεθύων,

169 822 244 874 καὶ
270 820 333 880 ὡς
365 818 508 889 πηγὴ
541 819 749 884 ὓδατος,
777 814 811 892 ᾖ
855 818 930 888 μὴ
957 818 1201 882 ἐξέλιπεν
1234 818 1400 885 ὕδωρ.

222 912 315 973 Τὰς
343 911 606 979 ἁμαρτίας
639 926 733 963 σου
764 915 822 963 ἐν
846 910 1239 978 ὲλεημοσύναις
1272 910 1567 981 λύτρωσαι,
1591 912 1685 964 καὶ

165 1005 240 1063 τὰς
265 1002 473 1070 ἀνομίας
509 1019 603 1055 σου
635 1005 689 1055 ἐν
720 1005 1024 1072 οἱκτιρμοῖς
1063 1004 1332 1070 πενήτων.

222 1092 323 1160 Πῦρ
356 1092 733 1162 φλογιζὸμενον
759 1094 1089 1148 κατασϐέσει
1121 1094 1286 1163 ὕδωρ,
1319 1096 1412 1148 καὶ
1454 1095 1684 1166 ἐλεημο-

166 1186 275 1253 σύνη
304 1183 632 1248 ὲξιλάσκεται
664 1187 963 1256 ἁμαρτίας.

221 1276 391 1329 κλῖνον
420 1278 621 1346 πτωχῷ
651 1278 871 1341 ἀλύπως
894 1278 955 1332 τὸ
986 1274 1080 1344 οὖς
1111 1295 1233 1346 σου,
1260 1279 1355 1335 καὶ
1385 1279 1688 1351 ἀποκρίθη-

159 1383 201 1419 τι
219 1365 346 1433 αὐτῴ
373 1368 429 1418 ὲν
460 1367 730 1437 πραΰτητι
760 1369 1032 1439 εἰρηνικά.

215 1455 298 1516 Δὸς
319 1455 389 1524 τῷ
410 1456 641 1523 εὐσεϐεῖ,
670 1459 765 1512 καὶ
795 1461 870 1528 μὴ
891 1458 1177 1514 ἁντιλαϐοὗ
1205 1460 1299 1513 τοῦ
1329 1459 1681 1532 ἁμαρτωλοῦ.

160 1545 220 1599 Εὖ
246 1548 449 1612 ποίησον
473 1549 746 1615 ταπεινὸν,
776 1551 972 1621 καὶμὴ
994 1552 1100 1622 δῷς
1126 1552 1333 1606 ἀσεϐεῖ.

214 1637 512 1704 Σύγκλεισον
564 1640 931 1712 ἐλεημοσύνην
993 1645 1051 1696 ἑν
1102 1646 1216 1707 τοῖς
1271 1646 1518 1715 ταμείοις
1563 1661 1683 1710 σου,

1786 547 1926 610 dies,
1960 558 2013 602 ct
2065 549 2205 603 Deus
2252 562 2513 621 perpetuo
2584 563 2760 609 tecum
2802 556 2909 610 erit
2956 573 2971 611 :
3020 558 3354 613 saturaberis

1785 652 1848 692 ex
1882 641 2049 693 animi
2101 644 2396 708 sententia,
2424 652 2479 700 et
2526 661 2653 702 ossa
2701 655 2791 701 tua
2824 648 3246 716 saginabuntur,
3287 662 3354 703 ac

1786 732 1977 786 similis
2004 734 2201 789 evades
2227 734 2384 789 horto
2419 738 2642 808 irriguo,
2675 749 2729 794 et
2772 739 2909 794 fonti
2933 740 3024 795 cui
3063 756 3166 796 non
3203 741 3357 799 deest

1785 838 1949 893 aqua.

1863 917 1998 973 Dan.
2053 936 2125 975 tv.
2175 921 2408 978 Pcccata
2446 934 2537 979 tua
2591 926 2799 980 redime
2857 926 3244 997 cleemosynis,
3301 934 3353 981 et

1787 1006 2101 1078 iniquitates
2129 1022 2250 1075 tuas
2278 1016 2762 1071 commiseratione
2814 1032 3137 1086 pauperum.

1863 1101 2030 1156 Etcli.
2066 1119 2149 1158 ιιι.
2201 1103 2355 1175 Aqua
2398 1108 2687 1177 restinguit
2723 1108 3116 1163 inﬂammatqu
3148 1109 3352 1180 ignem,

1787 1200 1842 1245 et
1880 1194 2221 1265 eleemosyua
2263 1198 2441 1264 expiat
2478 1208 2720 1267 peccata.

1858 1283 2061 1339 Facilis
2098 1294 2218 1339 esto
2263 1288 2327 1341 ad
2361 1290 2695 1346 audiendum
2758 1305 3079 1361 pauperem,
3118 1302 3174 1347 et
3228 1307 3355 1348 cum

1788 1379 2217 1432 mansuetudine
2252 1380 2466 1450 placida
2502 1384 2665 1437 verba
2699 1383 2752 1437 ei
2786 1384 3073 1453 responde.

1859 1466 1999 1523 Ibid.
2037 1485 2131 1525 xu.
2162 1469 2525 1543 Largirepio,
2556 1484 2611 1528 et
2645 1476 2913 1544 peccaturi
2944 1490 3011 1530 ne
3042 1491 3355 1532 succurras.

1788 1560 2106 1617 Benefacias
2137 1563 2357 1629 afﬂicto,
2394 1566 2491 1621 sed
2520 1567 2657 1622 nihil
2685 1582 2874 1638 eroges
2913 1569 2967 1623 in
3000 1568 3250 1638 impium.

1856 1649 1997 1705 Ibid.
2029 1668 2184 1707 χχιι.
2226 1653 2445 1708 lnclude
2492 1654 2892 1727 eleemosynam
2937 1656 3094 1710 cellis
3143 1655 3276 1715 tuis.
3302 1663 3354 1709 ct

159 1730 233 1781 καὶ
276 1728 404 1799 αὕτη
439 1746 496 1783 σε
546 1730 811 1796 ἑξελείται
871 1734 935 1786 ἐκ
998 1734 1181 1805 πάσης
1240 1736 1535 1799 κολάσεως,
1590 1737 1677 1789 καὶ

1812 1755 1905 1807 psa
1961 1750 2009 1796 te
2055 1744 2126 1796 ab
2161 1743 2312 1798 omni
2368 1744 2664 1802 afﬂictione
2718 1745 3018 1800 liberabit:
3054 1752 3110 1800 et
3165 1752 3353 1799 contra

159 1818 273 1886 ὑπὲρ
301 1819 418 1890 δόρυ
450 1822 622 1891 ἀλκῆς
652 1825 942 1878 κατέναντι
975 1802 1173 1895 ἐχθροῦ
1208 1827 1503 1898 πολεμήσει
1540 1827 1677 1898 ὑπὲρ

1808 1802 2000 1888 iostem
2034 1834 2208 1890 tutius
2236 1844 2288 1891 te
2319 1835 2573 1893 defendet
2595 1851 2759 1908 quam
2790 1837 2971 1894 valida
2994 1837 3174 1893 hasta.

159 1926 251 1963 σου.

222 2003 271 2056 ’0
301 2005 458 2058 ποιῶν
483 2007 629 2061 ἔλεον
654 2008 711 2061 εν
731 2006 907 2079 καιρῷ
932 2008 1181 2080 θλίψεως,
1204 2010 1281 2071 ὠς
1306 2011 1503 2081 νεφέλη
1529 2011 1683 2067 ὑετοῦ

158 2094 203 2144 ὲν
226 2097 380 2166 καιρῷ
407 2098 687 2169 ἁϐροχίας.

213 2188 449 2256 Κρεῖσσον
477 2194 649 2244 ποιεῖν
686 2192 1074 2264 ἐλεημοσύνην,
1102 2194 1133 2264 ἢ
1166 2194 1521 2267 θησαυρίζειν
1553 2214 1682 2267 χρυ-

156 2278 266 2331 σίον.
307 2281 671 2353 Ἐλεημοσύνη
712 2286 821 2354 γὰρ
853 2285 920 2339 ὲκ
955 2284 1190 2340 θανάτου
1221 2287 1434 2356 ῥύεται,
1463 2288 1553 2341 καὶ
1585 2305 1687 2341 κα-

157 2371 331 2440 θαρίζει
356 2375 458 2427 ἀπὸ
488 2377 790 2446 ἁμαρτίας.

209 2464 262 2515 Ol
291 2465 552 2530 ποιοῦντες
584 2469 955 2539 ἐλεημοσύνην
993 2468 1477 2540 ἐμπλησθήσονται
1505 2471 1675 2542 ζωῆς.

212 2554 290 2625 Μὴ
332 2558 673 2633 ἀποστρέψεις
712 2562 775 2613 τὸ
826 2560 1117 2631 πρόσωπόν
1162 2576 1256 2612 σου
1312 2561 1421 2614 ἀπὸ
1477 2563 1679 2626 παντὸς

120 2718 123 2721 ν
159 2647 362 2715 πτωχοῦ,
393 2651 483 2703 καὶ
503 2651 602 2706 οὐκ
635 2651 966 2722 ἀποστρέψει
985 2650 1044 2703 τὸ
1062 2650 1351 2722 πρόσωπον
1380 2652 1545 2707 αὑτοῦ
1570 2654 1679 2707 ἀπὸ

158 2738 231 2791 σοῦ
259 2742 284 2792 ὁ
305 2741 446 2804 Θεός.

211 2831 443 2900 Κρείττον
488 2837 703 2907 μυρίων
751 2840 960 2895 παίδων
1001 2845 1213 2916 πατέρα
1266 2838 1679 2914 προσαγορεύεο

158 2920 323 2994 σθαι,ῆ
355 2928 571 2996 μυρίους
600 2933 873 3002 στατῆρας
897 2934 1041 3004 ἔχειν
1067 2938 1126 2989 ὲν
1156 2936 1440 3005 βαλαντίῳ.
1467 2933 1548 2988 Τὰ
1578 2933 1677 3004 μὲν

155 3014 241 3085 γὰρ
276 3019 519 3089 χρήματα
545 3024 915 3095 καταλείψεις
962 3027 1200 3082 ἐνταῦθα
1243 3028 1333 3081 καὶ
1380 3027 1455 3098 μὴ
1490 3026 1675 3099 βουλό-

158 3124 317 3210 μενοςο
350 3111 441 3181 τὴν
484 3114 542 3168 δι
591 3117 687 3169 ἐπὶ
717 3120 829 3181 τοῖς
870 3120 1093 3186 ἀγαθοῖς
1141 3120 1320 3189 ἔργοις
1366 3118 1676 3188 φιλοτιμίαν
1703 3152 1748 3210 c

155 3199 463 3270 ἀποκομίσεις
490 3208 626 3276 πρὸς
656 3209 747 3261 τὸν
764 3211 1235 3279 Δεσπότην.”οταν
1251 3211 1421 3280 δῆμος
1439 3212 1560 3274 ὅλος
1585 3210 1676 3263 ἐπὶ

155 3289 227 3342 τοῦ
255 3295 416 3347 κοινοῦ
438 3297 628 3367 κριτοῦ
650 3301 1006 3371 περιστάντες
1034 3319 1093 3355 σε
1116 3302 1318 3372 τροφέα
1342 3302 1432 3355 καὶ
1455 3301 1676 3372 εὐεργέ-

157 3396 252 3448 την,
280 3386 364 3437 καὶ
405 3388 579 3441 πάντα
620 3391 693 3443 τά
724 3386 824 3461 τῆς
866 3391 1281 3463 φιλανθρωπίας
1325 3390 1676 3446 ἀποκαλῶσιν

154 3469 375 3541 ὀνόματα,
403 3479 530 3542 Θεὸς
561 3481 717 3534 ἔσται
748 3483 776 3534 ὁ
808 3481 1225 3553 ἀποδεχόμενος,
1252 3483 1474 3551 ἄγγελοι
1509 3483 1676 3552 εὐφη-

160 3562 367 3630 μοῦντες,
414 3572 461 3623 oi
505 3573 616 3625 ἀπὸ
656 3575 885 3637 κτίσεως
924 3574 1203 3644 ἄνθρωποι
1242 3566 1671 3645 μακαρῐζοντεςέ

156 3648 257 3711 δόξα
292 3654 517 3724 αἰώνιος,
555 3665 813 3729 στέφανοι
858 3662 1226 3735 δικαιοσύνης,
1284 3663 1531 3735 βασιλεία
1567 3665 1677 3718 τῶν

154 3740 377 3809 οὐρανῶν,
406 3744 544 3803 ἆθλά
575 3769 659 3805 σοι
689 3753 862 3809 ἔσται.

210 3832 619 3910 Σκορπιζόμενος
646 3846 676 3896 ὁ
703 3843 933 3908 πλοῦτος
966 3844 1088 3900 καθ’
1117 3845 1177 3900 ὃν
1198 3847 1226 3899 ὁ
1255 3845 1457 3918 Κύριος
1488 3846 1676 3901 ὑποτί-

154 3922 275 3980 θεται
319 3935 547 4000 τρόπον,
609 3938 823 4004 πέφυκε
885 3941 1266 4009 παραμένειν
1318 3941 1675 4011 συνεχόμενος

150 4015 212 4082 δὲ,
254 4022 671 4095 ἀλλοτριοῦσθαι.
701 4030 832 4087 Ἐὰν
886 4032 1160 4102 φυλάσσῃ,
1212 4034 1312 4085 οὐκ
1356 4033 1534 4101 ἔχεις*
1579 4032 1673 4085 ὲὰν

148 4110 193 4162 δὲ
227 4119 529 4189 σκορπίσῃς,
585 4122 692 4175 οὐκ
730 4123 1037 4186 άπολέσεις.
1079 4123 1458 4194 Ἐσκόρπισεν,
1504 4126 1671 4178 ἔδωκε

147 4209 235 4266 τοῖς
260 4209 484 4278 πένησιν.

206 4296 361 4351 Καλὸν
416 4303 671 4372 ἐντάφιον
712 4304 745 4374 ἡ
796 4304 1072 4358 εὐσέϐεια.
1124 4306 1336 4368 Πάντας
1379 4305 1671 4375 περιϐαλὸ-

151 4402 279 4452 pavo;
308 4392 498 4445 ἄπελθε
521 4410 535 4425 ο
570 4398 772 4447 οἰκεῖον
797 4398 998 4463 κόσμον
1020 4396 1109 4448 τὸν
1137 4396 1268 4448 πλοῦ
1280 4396 1363 4449 τόν
1395 4413 1487 4449 σου
1514 4399 1672 4469 ποίη·

1855 2012 1997 2069 Ibid.
2031 2030 2195 2072 xxxv.
2251 2015 2559 2073 Misericors
2593 2016 2901 2073 alliictionis
2929 2025 3171 2086 tempore
3200 2017 3354 2074 simi.

1785 2102 1855 2158 lis
1892 2113 1978 2158 est
2012 2105 2270 2173 pluviosae
2300 2107 2429 2161 nubi
2460 2106 2516 2161 in
2555 2122 2750 2177 magna
2799 2108 3067 2162 siccitate.

1855 2194 2027 2251 Tobia:
2057 2213 2152 2252 ιιιι.
2190 2196 2377 2253 Satius
2428 2209 2515 2254 est
2581 2200 3017 2255 misericordiam
3072 2214 3349 2264 exercere,

1781 2301 1942 2355 quam
1976 2303 2169 2343 aurum
2200 2303 2495 2358 congerere
2525 2291 2829 2360 ;siquidem
2865 2307 2893 2344 a
2930 2300 3104 2345 morte
3157 2291 3351 2369 liberat

1785 2378 2185 2445 misericordia,
2215 2390 2269 2435 et
2297 2392 2562 2451 evpurgat
2590 2399 2619 2436 a
2659 2385 2886 2443 scelere.

1852 2469 1953 2535 Qui
1992 2471 2421 2527 misericordiam
2456 2482 2737 2543 prmstant,
2775 2476 3123 2535 satiabuntur
3151 2476 3283 2530 vita.

1853 2560 1933 2615 Ne
1986 2572 2201 2619 avertas
2255 2562 2449 2618 faciem
2509 2574 2656 2619 tuam
2708 2566 2776 2620 ab
2816 2566 2927 2619 ullo
2980 2581 3239 2635 paupere,
3292 2575 3349 2622 et

1784 2653 1924 2709 Deus
1957 2670 2174 2728 quoque
2198 2656 2392 2713 faciem
2425 2675 2580 2715 suam
2605 2674 2636 2715 a
2669 2668 2721 2715 te
2749 2676 2854 2715 non
2885 2670 3117 2715 avertet.

1856 2833 2064 2889 Basilii.
2088 2834 2276 2890 Melius
2290 2846 2374 2891 est
2391 2836 2689 2892 innumera:
2710 2838 2879 2907 prolis
2900 2847 3109 2906 patrem
3140 2840 3343 2905 vocari,

1780 2940 1943 2997 quam
1966 2937 2190 2982 stateres
2218 2928 2530 2983 innumeros
2555 2930 2753 2985 habere
2774 2929 2825 2984 in
2850 2929 3058 2984 loculis.
3081 2929 3349 2985 Pecunias

1788 3019 1935 3073 enim
1965 3018 2052 3073 hic
2083 3020 2167 3073 vel
2194 3020 2396 3075 invitus
2426 3021 2737 3090 relinques;
2765 3022 2992 3092 gloriam
3026 3036 3154 3077 vero
3178 3024 3349 3078 bono.

1781 3125 1901 3164 rum
1955 3125 2179 3180 operum
2240 3110 2451 3166 deferes
2484 3110 2551 3166 ad
2584 3110 2901 3181 Dominum;
2939 3122 2995 3168 et
3039 3128 3163 3169 cum
3203 3127 3348 3169 tows

1784 3202 2018 3272 populus
2044 3204 2185 3269 apud
2218 3218 2562 3259 communem
2592 3204 2833 3274 judicem
2863 3215 2917 3260 te
2940 3206 3348 3264 circumdantes

1783 3294 2177 3364 appellaverint
2204 3309 2362 3349 suum
2396 3296 2648 3361 altorem,
2678 3294 3108 3365 benefactorem,
3144 3307 3198 3352 et
3225 3312 3349 3354 om-

1781 3386 1947 3441 nibus
1978 3384 2298 3456 benignitati
2327 3387 2559 3454 propriis
2585 3385 2924 3453 nominibus,
2955 3387 3093 3441 Deus
3124 3389 3231 3442 erit
3252 3389 3346 3458 qui

1782 3487 1835 3533 te
1893 3478 2175 3546 suscipiet,
2238 3477 2415 3547 angeli
2469 3478 2878 3542 collaudabunt,
2920 3487 2975 3533 et
3017 3480 3266 3535 homines
3316 3496 3346 3535 a

1785 3568 2002 3624 condito
2034 3568 2238 3622 mundo
2266 3572 2484 3622 beatum
2529 3579 2580 3624 te
2605 3571 2978 3639 praedicabunt
3007 3589 3022 3626 :
3052 3572 3123 3626 ibi
3145 3584 3345 3647 aeterna

1782 3660 1974 3729 gloria,
2015 3674 2214 3713 corona
2264 3660 2527 3729 justitize,
2559 3671 2614 3716 et
2669 3676 2897 3733 regnum
2943 3663 3181 3727 caeleste,
3214 3678 3350 3733 prae-

1784 3751 1954 3805 mium
1982 3761 2130 3804 tuum
2152 3751 2279 3808 erit.
2630 3738 2659 3763 ⁸

1854 3842 1911 3896 Si
1955 3841 2156 3897 divitia:
2205 3854 2533 3915 spargantur
2555 3857 2621 3899 eo
2650 3844 2813 3900 modo
2841 3859 3000 3914 quem
3037 3844 3178 3899 Deus
3209 3860 3349 3915 pra:—

1782 3933 1993 4000 scribit,
2023 3948 2302 3988 remanere
2354 3933 2564 3988 solent:
2604 3935 2687 3991 sin
2713 3937 3069 4002 retineantur,
3098 3936 3345 3990 alienari.

1783 4024 1837 4079 Si
1862 4025 2158 4091 custodias,
2184 4038 2291 4078 non
2341 4023 2445 4095 53
2469 4025 2676 4081 habes:
2705 4026 2753 4082 si
2786 4042 2916 4082 vero
2960 4027 3208 4097 dissipes,
3236 4044 3343 4082 non

1781 4118 1991 4188 perdes:
2025 4135 2044 4171 t
2082 4116 2395 4188 Dissipavit,
2423 4118 2569 4172 dedit
2615 4118 2945 4189 pauperibus
2974 4119 3152 4190 (Paul.
3181 4120 3284 4190 ιιι).
3317 4136 3338 4172 ι

1850 4294 2290 4350 Pulcherrimum
2325 4292 2486 4348 funus
2509 4298 2594 4349 est
2637 4295 2829 4363 pictas.
2859 4292 2994 4347 Cum
3025 4308 3214 4350 omnes
3249 4311 3342 4349 ve-

1781 4389 1983 4449 stieris,
2032 4386 2277 4452 discede;
2316 4400 2445 4453 para
2487 4385 2584 4438 tibi
2611 4399 2674 4438 ex
2708 4384 2911 4438 divitiis
2940 4385 3046 4439 tuis
3087 4395 3337 4439 ornatum

149 4493 239 4539 σον.
264 4479 345 4549 ἔχε
369 4485 528 4537 αὑτὸν
564 4485 707 4554 μετὰ
742 4486 972 4539 σεαυτοῦ
994 4502 1008 4518 ο
1043 4486 1295 4555 πείσθητι
1323 4486 1501 4549 καλῶς
1534 4504 1674 4557 συμ-

1808 4476 2088 4546 imprium,
2130 4484 2190 4528 ut
2218 4489 2347 4541 Opes
2371 4484 2491 4528 tuas
2515 4486 2691 4529 tecum
2728 4473 2929 4528 habeas
2964 4513 2980 4539 ,
3028 4474 3341 4543 obsequitur

145 4566 288 4637 ϐοὑὶῳ
336 4573 405 4642 τῷ
465 4576 818 4645 ἀγαπήσαντί
858 4592 919 4628 σε
970 4575 1228 4645 Χριστῷ,
1280 4577 1358 4645 τῷ
1408 4578 1475 4630 δι’
1526 4579 1673 4648 ἡμᾶς

146 4663 502 4730 πτωχεᾶσαντι,
535 4666 607 4719 ἶν’
641 4667 800 4736 ἡμεῖς
831 4669 896 4737 τῇ
929 4669 1138 4719 ἐκείνου
1168 4666 1411 4737 πτωχείᾳ
1440 4667 1673 4736 πλουτή-

147 4763 313 4804 stum-2v.

202 4845 368 4907 Ἕλεός
412 4848 524 4901 ἐστι
580 4847 772 4913 πάθος,
822 4848 911 4902 ἐπὶ
967 4851 1091 4913 τοὺς
1135 4850 1265 4921 παρ’
1312 4848 1470 4914 ἀξίαν
1520 4865 1675 4902 τετα-

147 4940 474 5003 πεινωμένους
506 4941 658 5010 παρὰ
684 4941 790 4992 τῶν
822 4941 1123 5010 συμπαθῶς
1162 4940 1551 5010 διατιθεμένων
1589 4956 1673 5008 γι-

143 5028 351 5093 νόμενιν.

198 5120 365 5174 Ούδενλ⁵
391 5124 499 5177 τῶν
524 5125 741 5179 πάντων
761 5125 932 5188 οὕτως
956 5124 1030 5186 ὡς
1058 5121 1191 5194 ἐλέῳ
1216 5120 1347 5184 Θεὸς
1379 5119 1674 5191 θεραπεύε-

142 5224 233 5274 ται,
258 5213 332 5266 δτι
367 5216 499 5285 μηδι
525 5218 853 5287 οἰκειότερον
889 5217 1016 5270 ἄλλο
1048 5215 1240 5268 τούτου
1266 5211 1409 5282 Θεῷ,
1439 5211 1498 5265 οὗ
1528 5210 1673 5273 ἔλεος

142 5300 217 5351 ιισί
239 5302 449 5373 ἀλήθεια
479 5309 899 5377 προπορεύεται.

198 5395 281 5458 Δός
317 5414 365 5450 τι
397 5398 514 5468 Θεῷ
539 5403 915 5469 χαριστήριον,
947 5399 1027 5451 ὅτι
1080 5397 1191 5449 τῶν
1219 5396 1277 5449 εὖ
1313 5397 1488 5448 ποιεῖν
1517 5394 1673 5447 δυνα-

145 5482 292 5547 μένων
317 5488 519 5554 ἐγένου,
556 5489 671 5542 ἀλλ’
693 5490 755 5542 ού
782 5490 890 5541 τῶν
933 5484 993 5541 εὖ
1030 5489 1224 5541 παθεῖν
1254 5488 1524 5557 δεομένων
1543 5500 1555 5515 ·
1590 5486 1672 5538 ὅτι

144 5572 205 5641 μὴ
253 5575 461 5643 βλέπεις
510 5583 591 5643 είς
642 5579 933 5650 ἀλλοτρίας
994 5581 1205 5649 χεῖρας,
1261 5577 1377 5630 ἀλλ’
1433 5577 1513 5638 είς
1577 5575 1675 5638 τὰς

141 5666 219 5726 σὰς
248 5668 429 5737 ἕτεροι.
467 5672 794 5742 Πλούτησον,
843 5670 917 5743 μὴ
960 5669 1248 5740 περιουσία
1310 5668 1470 5739 μόνον
1494 5707 1510 5733 ,
1542 5665 1677 5719 ἀλλὰ

142 5757 216 5808 καὶ
242 5758 497 5833 εὐσεϐείᾳ.
541 5764 634 5835 Μὴ
682 5767 841 5835 μόνον
881 5766 941 5818 τὸ
976 5761 1218 5835 χρυσίον,
1265 5760 1398 5815 ἀλλὰ
1448 5760 1540 5814 καὶ
1577 5757 1676 5829 τὴν

1779 4569 1984 4634 οριιιιιο
2005 4565 2307 4620 consultori
2328 4564 2571 4631 Christo,
2595 4564 2687 4634 qui
2708 4572 2757 4618 te
2778 4564 2983 4632 dilexit,
3005 4565 3097 4635 qui
3122 4574 3342 4635 prepter

1776 4671 1878 4709 nos
1906 4672 2112 4726 pauper
2148 4658 2275 4725 fuit,
2309 4669 2366 4714 ut
2402 4676 2504 4718 nos
2546 4676 2613 4719 ex
2658 4664 2778 4734 ejus
2828 4674 3146 4735 paupertate
3197 4664 3340 4719 dita-

1776 4764 1982 4805 1⁸8111111⁵.
2630 4802 2633 4805 .

1850 4840 2224 4900 Misericordia
2258 4855 2344 4902 est
2394 4847 2647 4912 aﬂ‘ectus,
2694 4850 2785 4919 qui
2834 4849 2892 4904 ﬁt
2952 4865 3076 4905 cum
3140 4849 3338 4921 aliquis

1776 4935 1960 4989 animo
1988 4949 2363 4994 commovetur
2394 4956 2521 5010 erga
2556 4940 2778 4996 afﬂictos
2801 4942 3041 5012 indigne.

1852 5116 2121 5184 Tlteologi.
2186 5117 2325 5171 Deus
2373 5119 2747 5174 misericordia
2810 5120 3047 5175 maxime
3100 5121 3342 5174 omnium

1775 5207 1994 5272 colitur,
2030 5222 2128 5261 nec
2158 5207 2298 5262 alius
2320 5208 2639 5277 quisquam,
2671 5207 2778 5264 Deo
2811 5209 3151 5274 familiarior,
3178 5225 3339 5278 quam

1779 5300 1870 5353 ille
1899 5315 2058 5368 quem
2084 5300 2462 5355 misericordia
2485 5310 2539 5354 et
2567 5300 2770 5355 veritas
2797 5301 3142 5356 antecedunt.

1848 5391 2207 5446 Gratitudiuis
2271 5391 2485 5462 aliquod
2542 5393 2820 5462 specimen
2880 5392 2987 5447 Deo
3047 5391 3342 5456 exhibeas,

1779 5486 1923 5552 quod
1961 5493 2011 5535 te
2056 5480 2248 5536 fecerit
2298 5498 2467 5537 unum
2498 5484 2719 5538 illorum
2753 5485 2845 5551 qui
2895 5482 3158 5537 beneficia
3206 5499 3343 5552 prte-

1779 5583 1924 5629 stare
1956 5583 2211 5644 possunt,
2244 5589 2353 5630 non
2393 5585 2574 5630 autem
2620 5577 2711 5646 qui
2754 5591 2891 5644 opus
2945 5575 3148 5630 habent
3191 5575 3342 5630 acci-

1778 5680 1907 5736 pere
1938 5685 1952 5720 :
1990 5675 2045 5721 et
2073 5668 2225 5737 quod
2257 5681 2367 5722 non
2404 5667 2754 5736 inspicienda:
2785 5667 2879 5719 tibi
2914 5665 3105 5721 aliena:
3125 5682 3340 5732 manus,

1782 5759 1876 5815 sed
1907 5758 2029 5816 aliis
2058 5770 2183 5815 tum.
2228 5760 2386 5819 Dives
2437 5771 2581 5828 esto,
2614 5774 2721 5815 non
2770 5759 2947 5815 solum
3003 5759 3217 5828 opibus,
3248 5760 3342 5814 sed
