3780 6572
161 474 240 541 3-73
842 462 1029 524 lOCI
1065 463 1503 525 COMMUNES.
1545 490 1612 503 --
1651 466 1850 528 PARS
1887 466 1938 530 Ι.
1979 468 2237 528 SERMO
2277 471 2496 532 XXIX.
3235 471 3344 535 874

666 577 886 631 ΛΟΓΟΣ
921 580 1056 634 ιίιιο.
1683 586 1730 640 Α
2117 580 2152 636 S

1683 586 1730 640 Α
2117 580 2354 640 SERMO
2398 583 2615 639 XXVIII
2674 581 2775 656 [αί.
2821 583 2983 661 LIX}.

156 701 262 774 Περὶ
286 695 560 780 φειδωλῶν
601 693 696 751 καί
735 695 1140 780 ᾀμεταδᾴτων,
1183 696 1283 752 καί
1315 695 1649 766 ἐλεημοσύ.

1866 693 2044 762 parcis
2083 694 2627 780 etilliberalibus._et
2669 698 3059 770 'eleemosynam
3106 717 3209 754 non
3258 700 3345 769 {a-

420 769 430 780 '
551 784 665 834 νην
685 766 771 835 μὴ
809 769 1167 822 ποιούντων.

2409 767 2688 822 cientibus.
2905 766 2918 770 V
3258 766 3267 769 ’

206 867 313 922 Οὐαὶ
358 863 492 932 ὑμῖν,
532 861 878 930 γραμματεῖς
920 861 1016 913 καὶ
1081 861 1368 931 Φαρισαῖοι
1419 862 1651 932 ὑποκρι-

1854 856 2025 910 llatth.
2059 874 2215 914 χχιιι.
2254 859 2346 914 Vae
2378 861 2557 928 vobis,
2605 860 2811 918 Scribat
2849 871 2905 918 et
2937 862 3199 919 Pbariszei
3241 863 3347 934 hy-

150 965 231 1026 ταὶ,
257 961 323 1012 ὅτι
349 952 724 1010 ἀποδεκατοῦτε
769 953 826 1006 τὸ
853 953 1144 1025 ἡδύοσμον,
1175 957 1270 1008 καὶ
1316 956 1377 1009 τὸ
1424 955 1643 1027 ἄνηθον,

1852 951 1998 1013 ι’ἱιαι,
2027 952 2286 1019 quoniam
2313 953 2598 1010 decimatis
2636 955 2937 1025 mentham,
2979 957 3263 1021 anethum,
3289 965 3345 1012 et

150 1056 220 1106 καὶ
257 1053 331 1103 τὸν
375 1048 607 1115 κύμινον,
667 1045 761 1098 καὶ
807 1047 1060 1115 ἀφήκατε
1110 1048 1179 1102 τὰ
1232 1047 1510 1118 βαρύτερα
1551 1046 1643 1101 τοῦ

1849 1040 2055 1107 ninum,
2085 1051 2140 1096 et
2175 1059 2297 1113 quae
2331 1045 2582 1116 graviora
2627 1045 2757 1101 sunt
2808 1049 2862 1103 in
2900 1049 3016 1118 lege
3045 1048 3342 1120 negligitis,

148 1147 288 1214 νόμον,
313 1144 398 1210 τὴν
416 1139 591 1207 κρίσιν
612 1139 707 1191 καὶ
736 1138 828 1191 τὸν
853 1139 1022 1196 ἔλεον.
1053 1139 1240 1194 Ταῦτα
1267 1139 1324 1194 δέ
1351 1141 1460 1194 ἔδει
1493 1141 1641 1210 “eonﬁ-

1852 1131 2016 1186 icium
2093 1134 2306 1191 scilicet
2373 1147 2428 1192 et
2488 1139 2924 1196 misericordiam
2975 1157 2988 1194 :
3051 1141 3337 1212 oportebat

147 1257 225 1298 σαι,
248 1234 438 1286 κάκεῖνα
473 1232 544 1301 μὴ
583 1230 819 1299 ἀφιέναι.

1749 1231 1932 1276 autem
1972 1223 2089 1278 haec
2121 1226 2322 1293 facere,
2358 1237 2413 1283 et
2441 1229 2533 1284 illa
2565 1245 2675 1286 non
2707 1232 2986 1287 omittere.

109 1387 115 1410 ’
197 1327 336 1380 Εξδάτι
370 1325 516 1378 καλὸν
572 1325 768 1389 ποιεῖν,
823 1323 1030 1395 καὶμὴ
1082 1323 1352 1391 ποιοῦντι,
1402 1323 1602 1394 ἁμαρτὲ

1846 1311 1944 1370 Γσο.
1992 1329 2066 1374 tv.
2122 1318 2230 1384 Qui
2289 1319 2473 1377 sciens
2532 1321 2736 1378 bonum
2787 1321 2968 1380 facere
3019 1339 3131 1379 non
3190 1325 3339 1390 facit,

143 1421 254 1488 αὖτῴ
274 1422 420 1472 ἐστιν.

1750 1417 1964 1475 peccat.

195 1512 247 1567 ΊΙ
272 1511 428 1582 κρίσις
454 1509 677 1574 ἀνίλεως
707 1509 785 1582 τῷ
819 1510 894 1583 μὴ
927 1511 1221 1583 ποιήσαντι
1258 1511 1430 1574 ἔλεος.

1848 1497 2150 1555 ςαΙοηιοιιὲε.
2185 1499 2582 1562 lmmisericors
2607 1504 2879 1576 judicium
2903 1509 3227 1579 experietur
3248 1511 3341 1583 qui

1750 1587 2187 1646 misericordiam
2224 1609 2334 1649 non
2371 1593 2520 1650 fecit.

191 1693 253 1744 Τά
276 1690 532 1760 σπλάγχνα
559 1690 669 1743 τῶν
705 1691 920 1745 ἀσεϐῶν
958 1692 1156 1763 ἀνελεή
1167 1709 1325 1762 μονα.

1848 1681 1984 1736 ³νου.
2025 1699 2125 1739 xu.
2158 1683 2459 1756 lmpinrum
2489 1690 2700 1745 viscera
2757 1693 3006 1750 misereri
3068 1692 3341 1750 nesciunt.

193 1787 348 1838 Ἔστιν
374 1781 670 1854 ἀῤῥωστία,
704 1785 772 1852 ἦν
815 1779 957 1838 εἶδον
990 1785 1094 1838 ύπδ
1129 1785 1220 1839 τὸν
1269 1785 1445 1856 ἥλιον,
1479 1782 1648 1839 πλοῦ-

1852 1771 2001 1827 Coele.
2031 1789 2085 1828 ν.
2127 1774 2328 1832 Vitium
2370 1781 2621 1849 estquod
2658 1783 2764 1838 vidi
2815 1786 2921 1840 sub
2957 1787 3092 1851 sole,
3123 1785 3345 1841 divitias

138 1898 202 1932 τον
243 1875 613 1946 φυλασσόμενον
670 1877 801 1946 παρ’
847 1877 1012 1930 αὐτοῦ
1058 1879 1138 1942 είς
1197 1878 1402 1932 κακίαν
1435 1873 1631 1934 αὐτοῦ⁴

1855 1866 2009 1920 todiri
2054 1867 2108 1923 in
2159 1869 2360 1925 malum
2414 1872 2621 1930 domini
2665 1878 2790 1932 sui:
2824 1887 2877 1932 et.
2929 1878 3034 1934 illa:
3095 1879 3348 1950 peribunt

137 1971 204 2022 καὶ
228 1967 472 2022 ἀπολεῖται
500 1968 529 2021 ὁ
558 1967 790 2031 πλοῦτος
813 1970 1017 2032 ἐκεῖνος
1045 1969 1102 2022 ἐν
1137 1969 1504 2040 περισπασμῷ
1535 1985 1639 2024 πο·
1670 1955 1712 2010 Β
1741 1959 2009 2016 maiorum
2045 1963 2424 2032 Ρθτνθΐείίθιθ·

137 2078 181 2128 νη
187 2078 289 2126 ρων.

186 2157 310 2209 Ἔστι
335 2155 567 2211 πλουτῶν
595 2155 707 2211 ἀπὸ
732 2157 1008 2229 προσοχῆς
1039 2156 1132 2211 καὶ
1165 2157 1427 2226 σφιγγίας
1449 2155 1642 2212 αὐτοῦ’
1825 2141 1931 2214 57
1998 2143 2212 2201 δίνασΙδο
2273 2147 2366 2202 δεῖ
2421 2149 2620 2219 ³¹Ῐί1¹¹ίε
2673 2150 2826 2206 dives
2883 2167 2979 2220 Per
3042 2167 3229 2208 cum“
3292 2158 3349 2208 οι

137 2249 201 2301 καὶ
224 2247 501 2318 καταλείψει
534 2249 677 2304 αύτὰ
728 2249 939 2323 ἑτέροις
970 2253 1068 2305 καὶ
1100 2251 1476 2308 ἀποθανεῖται.

1855 2238 2088 2293 :ietatem
2134 2255 2289 2296 suam
2315 2280 2329 2304 .
2374 2251 2428 2297 et
2456 2243 2731 2312 relinquet
2768 2260 2902 2314 opes
2928 2245 3051 2300 aliis
3075 2286 3090 2313 ,
3129 2260 3190 2300 ac
3230 2260 3348 2301 mo-

1753 2331 1950 2388 rietur.

191 2426 238 2480 Ὀ
274 2429 501 2496 συνάγων
528 2429 641 2483 ἀπὸ
692 2430 872 2502 ψυχῆς
918 2431 1084 2486 αὐτοῦ
1136 2433 1360 2502 συνάγει
1421 2434 1642 2502 enm;-

1852 2423 1927 2489 Qui
1968 2421 2175 2492 colligit
2219 2423 2460 2479 animam
2521 2440 2678 2480 snam
2727 2425 3084 2495 defraudans,
3140 2428 3345 2500 colligit

133 2519 202 2571 καὶ
223 2520 268 2572 ὲν
291 2522 390 2582 τοῖς
420 2519 644 2587 ἀγαθοῖς
690 2521 856 2576 αὐτου
885 2524 1228 2593 τρυφήσουσι
1260 2525 1467 2580 πολλοί.

1753 2512 1878 2568 aliis
1905 2529 1920 2568 :
1949 2524 2006 2570 et
2035 2515 2088 2569 in
2124 2517 2282 2590 bonis
2310 2518 2484 2587 ipsius
2518 2519 2675 2573 multi
2702 2519 3129 2576 deliciabuntnr.

192 2611 239 2663 ’0
263 2613 474 2682 πονηρὸς
533 2612 718 2684 ἐαυτῷ
758 2614 867 2669 τίνι
913 2615 1116 2683 ἀγαθὸς
1171 2615 1365 2684 ἔσται;
1419 2617 1642 2686 Τέκνον,

1852 2605 2002 2664 ialns
2034 2608 2138 2663 sibi
2164 2609 2292 2680 ipsi,
2324 2610 2550 2666 cuinam
2583 2611 2685 2668 erit
2710 2611 2933 2669 bonus?
2991 2614 3116 2682 Fili,
3164 2615 3345 2685 quoad

130 2703 221 2755 καθ’
241 2703 344 2757 ὅσον
374 2703 533 2774 ἔχεις,
565 2701 628 2760 εὖ
660 2705 803 2760 ποίει
834 2705 1039 2777 σαυτῷ.
1755 2709 1936 2768 pOIes,
1968 2699 2201 2757 benefac
2225 2701 2325 2756 tibi
2359 2703 2489 2772 ipsi.

186 2795 366 2860 Ἄκουε,
400 2795 676 2866 ἄνθρωπε,
707 2797 1054 2868 Σολομῶντος
1078 2816 1093 2831 ο
1133 2801 1208 2872 μὴ
1247 2801 1648 2873 εἴπῃς,Ἐπαν-

1852 2794 2038 2852 Basilii.
2073 2796 2237 2865 Audi,
2273 2814 2306 2853 ο
2339 2800 2502 2854 homo
2527 2842 2542 2869 ,
2575 2799 2925 2858 Salomonem
2974 2821 2989 2858 :
3023 2818 3092 2858 ne
3145 2801 3298 2859 dicas
3330 2819 3345 2861 :

130 2889 259 2942 ιλθὼν
309 2890 575 2961 ἐπάνηκε,
645 2893 742 2946 καὶ
795 2891 983 2962 αὔριον
1035 2893 1212 2958 δώσω,
1263 2893 1495 2949 δυνατοῦ
1550 2913 1623 2950 σοι

1855 2899 2048 2941 τειιειοο
2087 2887 2244 2954 alias,
2277 2897 2332 2944 et
2360 2902 2484 2946 cras
2525 2891 2620 2946 ιιι)ἰ
2659 2892 2824 2960 dabo,
2875 2909 3001 2949 cum
3042 2895 3220 2964 possis
3257 2894 3348 2950 be-

130 2982 242 3044 ὄντος
268 2976 318 3036 εὖ
344 2987 530 3038 ποιεῖν.
562 2985 642 3039 Οὒ
668 2985 775 3055 γὰρ
817 2981 965 3050 οἶδας
998 2987 1053 3040 τί
1079 2987 1292 3054 τέξεται
1325 2989 1357 3057 ἡ
1389 2987 1620 3042 ἐπιοῦσα

1853 2979 2012 3038 icium
2049 2987 2348 3048 praestare;
2383 2983 2568 3039 nescis
2593 2983 2741 3040 enim
2769 2985 2898 3054 quid
2924 2987 3201 3042 crastinus
3230 2986 3346 3044 dies

129 3075 175 3126 Ὠ
204 3075 344 3130 ποίων
368 3077 845 3148 παραγγελμάτων
867 3079 1167 3151 ὑπερορᾷς,
1188 3080 1284 3132 καὶ
1317 3080 1568 3150 κατηφὴς
1595 3098 1620 3132 ε

1857 3071 1950 3126 iat.
1979 3070 2023 3126 Ο
2051 3087 2174 3142 quae
2205 3084 2474 3144 praecepta
2528 3078 2856 3142 contemnis,
2881 3088 2935 3133 et
2957 3079 3238 3135 tristitiam
3285 3095 3349 3136 ac

128 3165 197 3217 καὶ
216 3166 587 3235 δυσέντευκτος,
623 3170 888 3224 ἐκκλίνων
911 3173 1011 3235 τὰς
1040 3173 1400 3240 ἀπαντήσεις,
1428 3174 1503 3241 μή
1539 3172 1641 3226 πού
1754 3160 2077 3230 gravitatem
2110 3177 2220 3232 pne
2243 3173 2296 3221 te
2328 3164 2460 3232 fers,
2493 3167 2776 3224 declinans
2825 3169 3041 3234 obvios,
3094 3185 3164 3225 ne
3215 3172 3346 3241 quid

126 3262 261 3313 τικαὶ
307 3262 488 3332 μικρὸν
541 3263 903 3334 ἀναγκασθῇς
949 3265 1060 3318 τῶν
1091 3264 1293 3335 χειρῶν
1347 3266 1600 3319 ἐκϐαλεῖν

1857 3271 1918 3310 im
1975 3255 2248 3312 modicum
2321 3259 2627 3329 expendere
2688 3263 2940 3332 cogaris!
2981 3264 3154 3319 Unam
3209 3264 3350 3321 hanc

1859 3363 1937 3372 AM
1970 3348 2108 3372 Α-..ιὲ
2160 3349 2296 3372 οη...
2331 3350 2461 3372 _!l.2l
2495 3351 2716 3372 Ι..Ι.....Δ
2776 3353 2848 3372 -SI
2877 3353 2908 3372 9|
2952 3353 3022 3372 1-!
3058 3370 3068 3372 -
3104 3371 3107 3372 ,
3146 3370 3166 3372 μ
3193 3370 3241 3372 _,
3302 3371 3345 3372 ,,

127 3351 235 3405 Μίαν
257 3349 387 3417 οἶδας
416 3355 620 3427 φωνὴν,
659 3354 777 3410 Ούκ
806 3356 945 3426 έχων
971 3355 1090 3410 ούδέ
1120 3357 1296 3421 δώσω,
1332 3358 1503 3429 πένης
1535 3361 1620 3431 γάι

1855 3363 1940 3403 em
1970 3348 2134 3414 nosti,
2160 3349 2298 3405 Cum
2331 3350 2463 3404 nihil
2495 3351 2744 3419 habeam,
2775 3353 2910 3408 nihil
2935 3353 3115 3422 dabo;
3142 3370 3348 3426 pauper

125 3446 226 3513 εἰμι.
258 3447 414 3516 Πένης
458 3445 509 3502 εἴ
551 3448 635 3518 τῷ
674 3449 789 3502 ὄντι
831 3451 1035 3513 παντὸς
1082 3450 1312 3518 ἀγαθοῦ,
1352 3452 1524 3521 πένης
1555 3453 1618 3505 πί

1855 3458 1900 3497 m
1937 3458 2082 3500 sum.
2114 3444 2278 3512 Atqui
2336 3460 2465 3499 vere
2501 3461 2704 3516 pauper
2769 3463 2828 3502 es
2857 3454 2911 3503 ct
2964 3449 3122 3519 inops
3167 3450 3348 3506 omnis

127 3554 255 3601 σιεως
279 3542 348 3603 είς
395 3542 546 3609 Θεὸν,
586 3543 760 3614 πένης
796 3539 845 3596 εἶ
883 3542 1322 3614 φιλανθρωπίας,
1365 3546 1534 3613 ¹πένης
1568 3546 1620 3597 ἐλ

1849 3535 1904 3602 ιί,
1963 3533 2123 3604 iunps
2176 3534 2298 3590 fidei
2335 3549 2463 3606 erga
2509 3535 2704 3601 Deum,
2751 3538 2909 3608 inops
2967 3539 3342 3611 benignitatis,

123 3631 255 3694 κίδος.
291 3634 676 3706 Συμμεριστάς
707 3638 937 3706 ποίησον
964 3637 1078 3690 τῶν
1129 3639 1310 3709 σητῶν
1335 3639 1461 3702 τοὺς
1497 3639 1616 3692 ἀδελ

1851 3642 1911 3696 ps
1941 3627 2079 3695 spei.
2117 3626 2260 3693 Quin
2294 3627 2602 3697 impertiris
2629 3628 2896 3685 fratribus
2951 3632 3062 3686 tuis
3104 3641 3176 3686 ea‘
3221 3648 3344 3702 quan

123 3722 222 3788 φούς
247 3742 327 3778 σου
352 3741 366 3757 ο
399 3727 718 3792 πλεονεξίας
745 3725 884 3792 εἶδος
926 3729 1336 3800 χαλεπώτατον,
1367 3732 1505 3801 μηδέ
1539 3730 1616 3784 τῶ

1851 3735 1911 3774 er
1944 3735 1975 3774 a
2005 3718 2166 3775 tineis
2208 3720 2555 3776 crodentnr?
2604 3722 2908 3777 Pessimum
2961 3723 3107 3778 istud
3164 3726 3344 3778 avari-

122 3815 442 3888 φθειρομένων
473 3821 806 3890 μεταδοῦναι
838 3824 954 3886 τοῖς
990 3822 1248 3879 ἐνδεέσιν.

1901 3826 2072 3880 genus
2149 3820 2254 3876 est,
2312 3826 2382 3867 ne
2427 3813 2764 3884 co'rruptioni
2817 3813 3036 3884 quidem
3113 3813 3346 3873 obnoxia

1753 3902 2120 3972 indigentibus
2181 3905 2611 3961 communicare.

168 3996 260 4050 Οὐκ
304 3999 558 4072 ἠλέησας,
617 4001 718 4054 οὐκ
772 4001 1084 4075 ἐλεηθήσῃο
1124 4004 1226 4059 οὐκ
1281 4005 1502 4078 ἧνοιξας
1550 4009 1649 4079 τὴν

1853 3995 2080 4051 lisertns
2131 4012 2240 4052 non
2295 4013 2374 4064 es,
2409 3999 2847 4056 misericordiam
2892 4017 3000 4058 non
3046 4017 3346 4073 conseque-

119 4089 274 4157 οξκῖαν,
322 4095 734 4166 ἀποκλεισθήσῃ
783 4095 884 4166 τῆς
931 4095 1253 4166 βασιλείας·
1293 4100 1394 4153 οὐκ
1442 4099 1612 4155 ἔδωκα

1852 4102 1861 4152 ;
1925 4102 2031 4141 non
2064 4089 2324 4156 aperuisti
2353 4090 2596 4156 domum,
2631 4090 2941 4148 excluderis
2982 4107 3186 4161 regno:
3236 4107 3345 4148 non

118 4179 242 4248 ἄρτον
270 4184 338 4254 τῷ
365 4187 646 4253 πεινῶντι,
672 4188 733 4242 ού
764 4189 914 4264 λήψῃ
951 4190 1052 4259 τὴν
1081 4191 1301 4247 αἰώνιον
1334 4194 1505 4265 ζωήν.

1852 4178 1951 4233 iisti
1992 4193 2184 4250 panem
2216 4178 2501 4246 esurienti,
2535 4195 2645 4236 non
2687 4181 2925 4252 accipies
2954 4191 3214 4238 aeternam
3259 4183 3345 4237 vi-

1757 4277 1890 4323 tam.

166 4364 341 4430 Δεῖξον,
380 4366 661 4439 ᾶνθρωπε,
696 4369 766 4423 τὰ
798 4370 956 4441 ἔργα,
993 4375 1087 4426 καὶ
1133 4373 1356 4427 ἀπαίτει
1391 4376 1518 4438 τοὺς
1556 4395 1649 4444 μι-

1852 4363 2076 4429 lstende,
2100 4377 2134 4417 ο
2163 4362 2345 4432 homo,
2370 4379 2558 4436 opera.
2580 4373 2633 4420 et
2657 4375 2776 4434 pete
2797 4367 3123 4423 mercedem.
3152 4367 3345 4440 Nemo,

116 4455 257 4518 σθούς.
285 4460 465 4525 Οὐδεὶς
494 4463 641 4531 μετὰ
658 4461 718 4517 τὸ
733 4462 962 4534 λυθῆναι
989 4467 1088 4536 τὴν
1121 4468 1432 4536 πανήγυριν
1467 4485 1609 4538 πραγ

1852 4453 1950 4509 utis
1969 4455 2082 4526 jam
2113 4458 2394 4526 nundinis,
2429 4460 2764 4531 negotiatur,
2798 4475 2977 4532 neque
3011 4470 3137 4532 post
3164 4472 3345 4518 certa-

113 4550 402 4619 μαιεύεται,
471 4555 596 4610 ούδέ
663 4557 806 4626 μετὰ
856 4559 986 4621 τοὺς
1049 4557 1268 4626 ἀγῶνας
1328 4560 1606 4614 ἐπανελθὼ

1850 4562 1901 4602 ta
1937 4563 2188 4606 reversus
2237 4562 2553 4608 coronatur.
2603 4553 2683 4609 Nc
2739 4553 2901 4627 igitur
2950 4565 3072 4626 pOst
3117 4567 3343 4612 mortem

113 4645 424 4705 στεφανοῦται
451 4664 467 4680 ο
498 4649 562 4701 οὺ
590 4648 774 4702 τοίνυν
807 4651 946 4718 μετὰ
977 4648 1078 4718 τὴν
1109 4649 1373 4720 τελευτὴν
1407 4652 1599 4707 εὐσεϐε

990 4648 1078 4718 τὴν
1109 4649 1373 4720 τελευτὴν
1407 4652 1646 4707 εὐσεβεῖ,
1685 4667 1730 4724 D
1756 4639 1978 4695 demum
2013 4642 2137 4709 pius
2178 4659 2300 4699 esse
2326 4645 2483 4701 velis.

168 4731 326 4798 ’Ᾱξιόν
356 4755 438 4791 σοι
472 4742 576 4809 τῆς
610 4743 821 4810 σπορᾶς
861 4741 922 4793 τὸ
969 4739 1148 4808 θέρος.
1191 4742 1427 4814 ῐῙικρίαν
1461 4743 1652 4797 ἐσπει-

1854 4730 2028 4788 liessis
2063 4734 2158 4789 tibi
2205 4740 2441 4795 sementi
2489 4743 2870 4812 respondebit.
2904 4743 3228 4799 Amaritiem
3259 4758 3347 4798 se~

110 4841 219 4894 pag;
247 4828 438 4898 δρέπου
487 4833 559 4885 τὰ
604 4832 917 4902 δράγματα.
958 4832 1033 4886 Τὸ
1079 4833 1306 4904 ἀνηλεὲς
1333 4834 1603 4904 ἐτίμησας

1854 4822 1908 4888 li,
1937 4839 2099 4894 carpe
2131 4828 2463 4899 manipulos.
2507 4831 3024 4892 lmmisericordiam
3082 4837 3302 4893 coluisti
3331 4877 3347 4904 ,

108 4914 174 4984 ἔιε
196 4919 318 4989 ὅπερ
345 4925 668 4994 ἠγάπησας.
702 4925 944 4993 Ἕφυγες
971 4926 1062 4979 τὸν
1090 4924 1274 4993 ἐλεον;
1299 4925 1559 4993 φεύξεταί
1592 4947 1601 4978 ‹

1852 4930 1964 4971 )cas
2023 4918 2168 4987 quod
2242 4921 2543 4979 dilexisti:
2612 4924 2799 4996 fugisti
2867 4929 3345 4990 misericordiam.

104 5005 308 5076 δελεος.
378 5017 684 5084 Ἑὸδελύξω
740 5019 994 5089 πτωχόν;
1043 5019 1359 5090 βδελύξεταί
1397 5037 1457 5072 σε
1507 5023 1536 5074 ὁ
1582 5022 1597 5074 ί

1850 5009 1953 5062 lem
1989 5017 2039 5063 te
2073 5025 2292 5080 quoque
2318 5013 2520 5083 fugiet:
2557 5018 2910 5077 abominatus
2942 5038 2999 5077 cs
3025 5036 3343 5092 pauperem,

103 5099 221 5169 ἡμᾶς
251 5107 591 5178 πτωχεύσας.

1763 5098 2178 5156 abominabitur
2209 5113 2260 5158 te
2291 5107 2384 5174 qui
2415 5111 2585 5163 nostri
2612 5112 2784 5181 gratia
2823 5129 3029 5185 pauper
3057 5115 3179 5170 fuit.

667 5245 889 5302 ΛΟΓΟΣ
928 5247 1055 5304 KB'.
1909 5261 1913 5264 ‘
2120 5243 2158 5298 S

1909 5261 1913 5264 «
2120 5243 2357 5301 δῡιιιιο
2413 5246 2580 5302 xm
2610 5246 2706 5320 [αι.
2743 5246 2952 5324 LVlll.]

97 5357 211 5424 Περί
252 5363 608 5432 εὐεργεσίας
652 5363 755 5417 καί
804 5365 1069 5434 χάριτος,
1117 5364 1217 5419 καὶ
1267 5367 1590 5436 ἀχαριστία

1905 5363 1980 5419 De
2027 5364 2364 5433 beneﬁcentia
2414 5375 2462 5418 et
2496 5368 2676 5435 gratia
2712 5380 2760 5423 et
2809 5371 3209 5443 ingratitudine.

152 5466 306 5528 Εἶπεν
335 5475 364 5528 δ
397 5475 607 5548 Κύριος
629 5515 646 5539 .
683 5477 855 5534 Ὅταν
926 5477 1161 5550 ποιήσῃς
1218 5480 1441 5550 ἄριστον
1474 5479 1507 5551 ἦ
1548 5480 1645 5534 δεῖ·

1853 5481 1960 5536 Luc.
1997 5498 2106 5536 xxv.
2146 5481 2294 5536 Dixit
2356 5481 2643 5552 Dominus,
2675 5486 2809 5542 Cum
2866 5489 3003 5544 facis
3055 5490 3346 5558 prandium

97 5578 224 5629 πνον,
251 5569 320 5638 μὴ
349 5570 527 5639 φώνει
554 5571 680 5633 τοὺς
707 5569 895 5638 φίλους
930 5587 1044 5636 σου,
1077 5570 1210 5642 μηδέ
1241 5575 1365 5635 τοὺς
1391 5571 1588 5641 ἄδελφο

1884 5591 2120 5641 caenam,
2145 5576 2252 5630 noli
2277 5591 2474 5632 vocare
2509 5581 2719 5636 amicos
2752 5593 2896 5644 tuos.
2943 5597 3117 5654 neque
3147 5579 3349 5640 fratres

98 5670 192 5722 σου,
217 5659 343 5729 μηδὲ
367 5662 498 5724 τοὺς
547 5665 828 5730 συγγενεῖς
857 5679 972 5728 σου,
1006 5664 1142 5733 μηδὲ
1195 5665 1439 5733 γείτονας
1496 5667 1591 5720 πλο

1858 5687 1903 5734 s,
1924 5686 2098 5740 neque
2117 5680 2378 5741 cognatos
2401 5681 2542 5738 tuos,
2568 5690 2743 5742 neque
2763 5674 2970 5730 vicinos
2991 5685 3112 5731 tuos
3131 5677 3351 5733 divites.

95 5749 234 5815 σίους,
265 5752 480 5823 μήποτε
523 5754 616 5807 καὶ
670 5754 825 5809 αὐτοί
857 5772 915 5807 σε
951 5757 1388 5825 ἀντικαλέσουσι,
1444 5759 1538 5813 καὶ
1567 5777 1588 5829 γ

1856 5763 2073 5832 quando
2094 5772 2147 5819 et
2171 5764 2274 5833 ipsi
2311 5772 2361 5819 te
2394 5765 2635 5820 vicissim
2667 5766 2914 5831 invitent,
2936 5783 2999 5822 ac
3017 5771 3349 5840 rependatur

93 5845 224 5908 νηταί
255 5861 334 5898 σοι
365 5847 734 5917 ἀνταπόδομα.
787 5847 926 5901 Ἀλλ’
957 5849 1086 5904 ὅταν
1103 5852 1261 5921 ποιῇς
1283 5851 1465 5920 δοχὴν,
1504 5851 1586 5905 κά]

1856 5855 1859 5905 L
1913 5852 2265 5908 beneficium.
2300 5853 2414 5909 lmo
2455 5871 2578 5909 cum
2616 5855 2748 5911 facis
2800 5859 3138 5929 convivium,
3211 5876 3349 5919 voca

91 5939 330 6008 mwxoig,
381 5941 722 6014 ἀναπήρους,
753 5943 960 6015 χωλοὺς
983 5985 996 6003 ,
1030 5944 1286 6015 τυφλοὺς,
1329 5945 1423 6000 καὶ
1476 5963 1584 6018 μακ

1861 5959 2051 6017 ψει-οε,
2095 5945 2323 6013 debiles,
2361 5946 2605 6016 claudos,
2651 5965 2848 6012 carens,
2881 5962 2934 6007 et
2975 5954 3167 6014 beatus
3219 5958 3354 6029 eris.

348 6035 633 6100 PA’I‘BDL.
665 6041 787 6100 Gn.
807 6038 1144 6101 CXXXVI.
2844 6046 2924 6111 28
