3780 6536
465 412 570 473 δῖ9
1748 417 1958 477 ΑΝΤοἶ

2191 417 2452 478 ςιῐδδᾶς
3603 433 3684 498 δεο

823 522 1057 580 SERMO
1090 523 1236 578 XXX
1277 525 1294 597 ι
1325 526 1402 581 αί.
1432 525 1700 598 XXXIII].
2085 529 2134 587 Α

1625 525 1700 598 ζι].
2085 529 2134 587 Α
2788 529 3008 584 ΛΟΓΟΣ
3039 528 3118 584 Ν.

645 617 717 672 De
756 619 936 687 inopia
966 629 1014 672 et
1041 633 1336 688 paucarum
1362 635 1538 674 rerum
1569 620 1885 690 indigentia.

2386 620 2525 687 Περὶ
2563 619 3001 689 ἀκτημοσύνης
3023 620 3124 676 καὶ
3157 622 3502 692 ὀλιγοδείας.

543 709 661 780 60
695 709 891 765 Matth.
921 725 994 767 τι.
1033 709 1179 765 Dixit
1211 709 1519 767 Dominus:
1555 710 1632 766 Ne
1666 713 1890 768 solliciti
1926 712 2036 769 sitis

2224 707 2391 766 Εἶπεν
2418 714 2446 766 δ
2472 711 2702 784 Κύριος·
2726 713 2818 782 Μὴ
2871 714 3247 786 μεριμνήσητε
3293 718 3360 786 τῇ
3404 716 3537 790 ψυχῇ
3561 721 3681 792 ὑμῶν

470 805 596 858 vitae
628 812 824 859 vestrre
853 802 981 873 quid
1008 804 1341 870 comedatis,
1385 818 1563 874 neque
1613 805 1831 874 corpori
1866 813 1959 860 ves

2189 804 2204 855 ί
2277 803 2490 874 φάγητε
2532 821 2546 836 ο
2581 805 2716 874 μηδὲ
2774 805 2852 875 τῷ
2928 805 3142 874 σώματι
3202 807 3356 877 ὐμῶν
3414 812 3464 862 τί
3503 815 3680 889 ἐνδύση.

468 897 601 966 quid
631 897 872 951 induatis
898 913 912 956 :
944 896 1036 951 sed
1061 897 1287 966 quaerite
1318 911 1546 966 regnum
1581 898 1674 952 Dei
1705 897 1961 969 etjustiti.

2189 894 2266 949 οε.
2304 895 2523 966 Ζητεῖτε
2574 896 2764 967 δὲτὴν
2819 896 3103 968 βασιλείαν
3155 897 3248 952 τοῦ
3307 900 3441 954 Θεοῦ
3485 905 3568 958 καὶ
3605 911 3681 980 τήν

465 990 607 1058 ejus,
632 1001 685 1045 et
726 991 840 1046 haec
869 990 1052 1046 omnia
1082 989 1412 1059 adjicientur
1451 989 1633 1046 vobis.

2186 987 2504 1058 ικαιοσύνην
2532 989 2724 1055 αὐτοῦ,
2759 991 3056 1045 καὶταῦτα
3089 992 3268 1047 πάντα
3301 997 3679 1070 προστεθήσεται

1874 1077 1880 1084 “
2151 1080 2300 1147 ὑμῖν.

539 1175 658 1227 Act.
702 1189 793 1226 xx.
826 1175 1124 1242 Argentum
1167 1183 1263 1228 aut
1297 1190 1494 1230 aurum
1531 1185 1626 1230 aut
1655 1177 2032 1234 vestimentum

2231 1175 2522 1244 ’Λργυρίου
2557 1175 2590 1246 ἢ
2627 1177 2852 1247 χρυσίου
2888 1176 2921 1244 ἣ
2960 1177 3264 1243 ἱματισμοῦ
3295 1179 3500 1245 οὐδενὸς
3529 1184 3679 1240 item}.

465 1266 669 1320 nullius
700 1265 1002 1321 desideravi
1031 1282 1046 1322 :
1084 1266 1184 1337 ipsi
1218 1268 1374 1324 scitis
1397 1307 1413 1333 ,
1447 1268 1594 1338 quod
1619 1271 1958 1327 necessitatil

2184 1281 2302 1335 ,ησα
2321 1281 2336 1294 ⁶
2361 1266 2514 1320 αὐτοὶ
2538 1267 2838 1332 γινώσκετε
2865 1267 2946 1320 ὅτι
2965 1270 3083 1331 ταῖς
3113 1270 3323 1340 χρείαις
3353 1287 3473 1338 μου,
3496 1275 3677 1342 καὶτοῖς

465 1360 622 1423 meis,
642 1368 694 1412 et
721 1357 804 1412 his
827 1359 918 1428 qui
941 1373 1155 1414 mecum
1186 1369 1316 1415 sunt
1340 1361 1825 1432 suppeditaverunt
1851 1378 1958 1418 mat

2042 1383 2047 1416 ι
2147 1358 2266 1414 οῦσι
2302 1361 2421 1431 μετ’
2455 1360 2618 1432 ἐμοῦ,
2653 1361 3011 1431 ὑπηρέτησαν
3052 1363 3111 1416 αἱ
3145 1363 3330 1432 χεῖρες
3367 1356 3535 1419 αὗται.

464 1452 568 1504 Ιιςυ.

528 1541 692 1597 Hebr.
724 1559 841 1598 XIII.
867 1542 991 1599 Sint
1021 1559 1200 1601 mores
1223 1545 1386 1601 alieni
1421 1546 1490 1600 ah
1524 1547 1776 1613 avaritia,
1801 1557 2021 1605 content

2233 1536 2636 1609 Ἀφιλάργυρος
2678 1540 2707 1592 ὁ
2750 1537 2976 1610 τρόπος,
3006 1537 3351 1609 ἀρκούμενος
3381 1541 3487 1604 τοῖς
3519 1544 3677 1612 παροῦ-

464 1636 529 1690 iis
571 1653 691 1706 quae
723 1638 943 1694 adsunt.
976 1636 1260 1709 Siquidem
1330 1640 1447 1711 ipse
1488 1640 1625 1697 dixit
1655 1657 1674 1711 ;
1712 1641 1832 1696 Non
1867 1653 1917 1698 te
1951 1666 1957 1692 ς

2186 1648 2256 1684 ιν.
2291 1629 2466 1694 Αὐτὸς
2501 1631 2609 1700 γὰρ
2643 1626 2822 1698 εἶπεν,
2859 1650 2878 1683 ι
2917 1631 2993 1684 Οὐ
3031 1631 3107 1702 μή
3155 1648 3215 1684 σε
3247 1631 3388 1698 ἀνῶ,
3411 1633 3514 1687 οὐδ’
3540 1636 3590 1689 οὐ
3621 1640 3674 1707 μή

460 1743 605 1802 sero,
645 1745 818 1801 neque
844 1731 1188 1804 derelinquo.

2148 1743 2208 1780 σε
2241 1726 2650 1794 ὲγκαταλείπω.
2692 1744 2709 1777 ι

541 1821 772 1891 Philipp.
815 1837 888 1879 tv.
925 1821 1060 1879 Nam
1117 1841 1219 1896 ego
1268 1826 1434 1883 didici
1468 1828 1521 1882 in
1572 1827 1776 1898 quibus
1807 1843 1951 1896 sum,
1987 1829 2034 1885 in

2230 1818 2371 1887 Ἐγὼ
2401 1817 2603 1890 ἔμαθον
2655 1819 2713 1872 ἐν
2743 1814 2825 1882 οἷς
2873 1820 3012 1890 είμι,
3060 1819 3350 1891 αὐτάρκης
3391 1815 3537 1876 εἶναι.
3577 1820 3673 1878 Οἶδα

465 1913 551 1969 his
599 1923 892 1971 contentus
936 1931 1081 1973 esse.
1133 1895 1271 1972 Novi
1299 1929 1354 1974 et
1385 1918 1605 1976 humilis
1631 1933 1773 1988 esse,
1817 1922 1944 1977 novi

2185 1914 2240 1966 αὶ
2271 1910 2688 1974 ταπεινοῦσθαι,
2724 1907 2841 1966 οἶδα
2890 1913 2985 1966 καὶ
3035 1913 3423 1982 περισσεύειν·
3471 1917 3522 1969 ὲν
3551 1922 3673 1972 παντὶ

466 2005 736 2062 excellere
761 2022 776 2063 :
803 2007 1000 2076 ubique
1030 2019 1084 2063 et
1115 2008 1168 2062 in
1207 2009 1465 2064 omnibus
1498 2009 1782 2065 institutus
1812 2025 1958 2078 sum,

2176 2005 2243 2059 ιαὶ
2279 2007 2334 2058 ἐν
2369 2007 2506 2060 πᾶσι
2539 2007 2836 2076 μεμύημαι
2868 2006 2964 2059 καὶ
2990 2007 3359 2076 χορτάζεσθαι
3387 2007 3475 2061 καὶ
3504 2014 3669 2081 πεινᾷν,

463 2099 704 2154 saturari
739 2108 794 2156 et
849 2101 1084 2167 esurire,
1114 2110 1167 2156 et
1196 2101 1478 2156 abundare
1508 2110 1560 2154 et
1592 2102 1874 2172 penuriam
1901 2117 1956 2173 pa

2178 2100 2242 2151 αὶ
2289 2097 2647 2169 περισσεύειν
2681 2099 2772 2152 καὶ
2819 2097 3191 2167 ὑστερεῖσθαι.
3242 2099 3430 2154 Πάντα
3461 2101 3604 2172 ἰσχύω
3632 2105 3671 2157 ἐν

464 2191 660 2248 Omnia
702 2208 918 2263 possum
967 2209 1061 2264 per
1113 2193 1390 2249 Christum
1434 2193 1527 2264 qui
1565 2209 1652 2249 me
1685 2195 1954 2250 corrobor

1565 2209 1652 2249 mo
1685 2195 2035 2252 corroborat;
2141 2189 2222 2260 τῷ
2252 2188 2648 2258 ἐνδυναμοῦντί
2687 2207 2756 2259 με
2780 2187 3025 2259 Χριστῷ.

546 2285 695 2340 Psal.
753 2300 936 2340 χχχιιι.
983 2283 1252 2340 Modicum
1306 2286 1476 2340 satius
1529 2294 1613 2340 est
1655 2286 1824 2357 justo,
1870 2302 2034 2358 quam

2216 2283 2488 2352 Κρεῖσσον
2520 2279 2704 2351 ὀλίγον
2752 2281 2830 2351 τῷ
2861 2284 3058 2354 δικαίῳ
3093 2284 3235 2356 ὑπὲρ
3285 2282 3512 2340 πλοῦτον
3536 2286 3669 2358 ἀμερ-

461 2393 669 2447 ruagnaa
699 2387 1043 2448 peccaturum
1079 2378 1300 2434 divitiae.

1079 2378 1300 2434 divitiae.
2141 2373 2328 2426 τωλῶν
2366 2372 2553 2428 πολύν.

531 2470 684 2525 Ρεαι.
734 2486 844 2526 ut.
886 2470 1096 2525 Divitize
1146 2471 1194 2525 si
1243 2470 1490 2537 amuant,
1525 2486 1620 2528 cor
1650 2487 1718 2528 ne
1756 2473 2024 2542 apponite.

2016 2510 2031 2528 ,
2214 2464 2452 2531 Πλοῦτος
2477 2467 2572 2522 ἐὰν
2604 2470 2723 2540 ῥέῃ,
2762 2467 2837 2540 μὴ
2872 2468 3232 2539 προστίθεσθε
3262 2467 3508 2539 καρδίαν.

544 2563 701 2619 Prov.
733 2579 822 2618 ut
851 2603 864 2616 .
904 2561 1000 2618 Vir
1030 2563 1304 2634 indigens,
1339 2573 1488 2620 amat
1520 2564 1900 2620 sobrietatem.
1929 2563 2033 2632 Qui

2224 2561 2387 2634 Ἀνὴρ
2438 2562 2624 2630 ἐνδεὴς
2683 2563 2876 2634 ἀγαπᾷ
2928 2561 3316 2634 σωφροσύνην,
3371 2559 3531 2614 Φιλῶν
3559 2554 3664 2614 οἶνον

460 2655 640 2710 vinum
672 2664 725 2709 et
749 2655 927 2710 oleum
956 2663 1126 2722 amat,
1155 2668 1262 2710 non
1295 2655 1524 2711 ditescet
1545 2657 1644 2726 (I).

1386 2665 1524 2711 escet
1545 2657 1644 2726 (I).
2140 2656 2235 2713 καὶ
2263 2656 2445 2710 ἔλαιον
2473 2656 2532 2711 οὐ
2565 2657 2879 2726 πλουτήσει.

547 2746 736 2803 Melius
792 2756 878 2803 est
937 2761 1111 2818 pauca
1168 2748 1418 2817 accipere
1446 2747 1828 2818 cumjuslitia,
1867 2763 2034 2820 quam

2209 2749 2480 2820 Κρείσσον
2505 2749 2663 2821 ὀλίγη
2692 2749 2858 2819 λῆψις
2888 2749 3030 2820 μετά
3073 2746 3432 2819 δικαιοσύνης
3474 2748 3503 2820 ἢ
3535 2746 3662 2800 πολλὰ

459 2842 644 2896 multm
675 2839 1050 2910 possessiones
1078 2854 1203 2896 cum
1245 2839 1536 2910 iniustitia.

1398 2839 1536 2896 titia.
2139 2842 2457 2912 γεννήματα
2489 2842 2628 2913 μετὰ
2658 2841 2891 2902 ἀδικίας.

531 2932 722 2988 Melius
752 2944 835 2989 est
870 2933 1177 2988 convivium
1205 2948 1326 2989 cum
1347 2933 1587 2989 oleribus
1614 2933 1678 2988 ad
1712 2934 2024 3004 amicitiam,

2211 2933 2482 3004 Κρείσσον
2531 2932 2783 3004 Εενισμὸς
2820 2934 2958 3002 μετὰ
2986 2933 3235 3002 λαχάνων
3275 2930 3416 3001 πρδς
3440 2931 3656 3001 eadem

461 3043 624 3098 quam
657 3027 927 3097 appositio
970 3027 1270 3082 vitulorum
1299 3043 1421 3083 cum
1462 3028 1769 3084 initniticia.

1632 3028 1769 3083 licia.
2140 3025 2446 3096 παράθεσις
2479 3025 2698 3097 μόσχων
2732 3025 2868 3094 μετᾶ
2899 3024 3125 3096 ἔχθρας.

536 3121 696 3175 Prov.
730 3133 860 3175 xvtt.
889 3119 1080 3174 Melior
1125 3131 1208 3176 est
1234 3119 1475 3174 buccella
1511 3134 1635 3174 cum
1679 3119 1952 3191 voluptate
1979 3121 2029 3176 in

2212 3117 2482 3187 Κρεῖσσον
2509 3117 2702 3187 ψωμδς
2749 3117 2868 3186 μεθ’
2899 3117 3091 3188 ἡδονῆς
3125 3118 3183 3170 ὲν
3215 3118 3439 3188 εἰρήνῃ,
3477 3118 3506 3187 ἢ
3551 3109 3660 3172 οἶκος

465 3229 616 3282 pace,
666 3229 831 3283 quam
874 3213 1068 3268 domus
1116 3213 1275 3283 plena
1339 3211 1527 3268 multis
1556 3211 1714 3268 bonis
1735 3221 1789 3268 et
1818 3211 1958 3282 injus

2167 3209 2358 3282 πλήρης
2398 3209 2610 3264 πολλῶν
2648 3208 2870 3279 ἀγαθῶν
2920 3211 3013 3264 καὶ
3056 3203 3261 3264 ἀδίκων
3293 3207 3536 3278 θυμάτων
3560 3207 3660 3276 μετὰ

464 3305 747 3374 pecoribus
783 3320 905 3361 cum
934 3304 1305 3360 contentione.

860 3321 905 3359 ill
934 3304 1305 3360 contentione.
2072 3303 2104 3308 ᾗ
2144 3303 2344 3376 μάχης.

548 3398 689 3456 Ibid.
713 3416 843 3455 xxx.
888 3398 1116 3455 Divitias
1143 3407 1200 3452 et
1229 3405 1604 3468 paupertatem
1645 3411 1712 3454 ne
1744 3397 1875 3453 mihi
1915 3399 2033 3464 des,

2212 3397 2446 3452 Πλοῦτον
2486 3398 2579 3452 καὶ
2612 3397 2805 3452 πενίαν
2843 3399 2916 3468 μή
2949 3415 3038 3466 μοι
3069 3396 3196 3469 δῷς,
3227 3395 3424 3468 Κύριε·
3458 3393 3658 3460 σύνταξιν

464 3492 687 3547 Domine
711 3535 726 3558 ,
761 3491 856 3547 sed
893 3492 1202 3547 necessaria
1224 3502 1278 3546 et
1302 3505 1421 3558 quae
1453 3488 1727 3545 sumciant
1765 3490 1896 3545 mihi
1928 3490 1957 3545 I:

2170 3491 2195 3545 ἐ
2229 3507 2321 3559 μοι
2356 3490 2422 3542 τὰ
2452 3489 2642 3545 δέοντα
2677 3489 2770 3543 καὶ
2809 3489 2876 3543 τὰ
2904 3488 3179 3558 αὐτάρκη,
3223 3489 3314 3542 ἴνα
3357 3488 3426 3559 μὴ
3456 3486 3660 3556 πλησθεῗς

459 3587 594 3657 gire,
631 3601 700 3642 ne
727 3596 1006 3641 saturatus
1037 3585 1159 3640 [iam
1198 3599 1393 3650 vanus,
1430 3594 1484 3638 et
1518 3583 1736 3639 dicam:
1777 3581 1911 3650 Quis
1951 3604 1952 3607 η

2166 3585 2340 3654 ρευδὴς
2370 3582 2640 3652 γένωμαι,
2677 3582 2771 3634 καὶ
2799 3581 2958 3648 εἴπω,
3000 3581 3098 3645 Τίς
3133 3599 3200 3651 με
3224 3582 3367 3653 δρᾷς
3399 3581 3429 3650 ἢ
3458 3579 3659 3648 πενηθεὶς

461 3677 605 3732 \idet
632 3676 656 3730 ί
681 3686 774 3731 aut
806 3691 1008 3748 pauper
1059 3677 1232 3732 factus
1261 3675 1460 3730 furtum
1491 3676 1923 3740 committam,et
1951 3732 1954 3744 ε

1951 3675 2038 3746 jtt-
2135 3675 2341 3746 γλέψω,
2375 3678 2471 3730 καὶ
2501 3675 2686 3744 ὀμόσω
2710 3675 2770 3729 τὸ
2799 3674 2972 3744 ὄνομα
3002 3674 3098 3729 τοῦ
3129 3674 3265 3730 Θεοῦ
3302 3693 3423 3745 μου.

461 3784 572 3824 rem
598 3785 691 3840 per
721 3784 918 3826 nomen
945 3769 1037 3825 Dei
1075 3769 1204 3825 mei.

539 3860 680 3917 Ibid.
713 3877 842 3918 xxv.
876 3861 1105 3917 Invcuto
1137 3859 1296 3916 melle
1320 3859 1466 3930 quod
1504 3859 1640 3916 satis
1669 3870 1752 3917 est
1785 3862 2032 3929 comede,

2207 3869 2343 3923 Μέλι
2378 3869 2554 3940 εὐρὼν
2587 3868 2728 3938 φάγε
2782 3867 2840 3922 τὸ
2889 3869 3100 3936 ίκανδν,
3157 3871 3232 3942 μή
3278 3887 3411 3925 ποτε
3456 3869 3659 3940 πλησθεὶς

459 3971 526 4011 ne
560 3954 698 4010 forte
723 3956 959 4024 repletus
992 3968 1238 4010 evomas.

933 3969 959 4010 s
992 3968 1238 4010 evomas.
2138 3961 2423 4032 ὲξεμέσῃς.

541 4049 756 4104 Sirach.
775 4049 1004 4104 Praestat
1025 4048 1261 4120 pugillus
1288 4048 1480 4120 plenus
1499 4065 1621 4106 cum
1659 4051 1869 4121 quiete,
1894 4051 2034 4105 duo-

2213 4056 2485 4125 Κρείσσον
2513 4055 2785 4126 πλήρωμα
2811 4057 3010 4127 δρακδς
3031 4055 3146 4123 μετ’
3171 4057 3540 4123 ἀναπαύσεως,
3557 4055 3659 4122 ὑπὲρ

459 4143 561 4198 bus
597 4143 815 4212 pugillis
846 4157 967 4198 cum
1000 4143 1206 4200 labore.

2138 4146 2414 4214 πλήρωμα
2443 4144 2537 4198 δύο
2562 4145 2780 4215 δρακῶν
2813 4146 2870 4198 ἐν
2907 4146 3116 4216 μᾶχθῳ.

548 4235 766 4290 llomini
796 4235 1029 4305 sapienti
1058 4236 1258 4292 suﬁieit
1311 4239 1593 4310 exiguum.

2220 4239 2308 4302 Ὠς
2349 4239 2534 4292 ἱκανὸν
2566 4237 2844 4310 ἀνθρώπῳ
2884 4239 3311 4310 πεπαιδευμένῳ
3344 4240 3404 4294 τὸ
3444 4240 3607 4308 ὀλίγον.

553 4327 674 4385 Vita
703 4329 1068 4401 frugalitatem
1112 4330 1391 4401 sequentis
1424 4331 1668 4398 jucunda
1700 4333 1825 4386 erit.

2211 4331 2332 4394 Ζωὴ
2366 4331 2705 4401 αὐταρκείας
2737 4332 2975 4402 ἐργάτου
3013 4331 3462 4402 γλυκανθήσεται.

559 4423 796 4480 Somnus
824 4424 1076 4480 sanitatis
1109 4423 1164 4479 in
1197 4433 1386 4480 ventre
1422 4425 1730 4480 moderato.

2213 4424 2422 4486 ’Υπνος
2447 4422 2634 4491 ὑγείας
2663 4423 2758 4476 ἐπὶ
2789 4423 2994 4494 ἐντέρῳ
3033 4425 3266 4495 μετρίῳ.

545 4517 601 4572 S.
633 4515 842 4574 Basilii.
880 4516 1208 4588 Magnanimi
1273 4516 1426 4573 sitis.
1461 4515 1703 4572 Parietes
1751 4531 1883 4571 vero
1939 4532 2036 4572 seu

2213 4517 2478 4587 Μεγάλην
2510 4515 2662 4587 ἔχετε
2711 4515 2810 4586 τὴν
2833 4516 3035 4588 ψυχήν.
3066 4516 3253 4588 Τοῖχοι
3302 4519 3356 4572 δὲ
3391 4518 3478 4571 καὶ
3519 4515 3656 4587 μικροὶ

455 4607 606 4676 parvi
626 4621 721 4662 seu
751 4608 932 4678 magni
959 4607 1212 4664 eumdem
1251 4623 1411 4663 usum
1444 4607 1726 4663 exhibent.

2065 4619 2111 4674 ι)
2141 4612 2238 4668 καὶ
2266 4612 2486 4682 μείζους
2516 4610 2614 4680 τὴν
2653 4609 2822 4678 αὐτὴν
2853 4609 3043 4680 χρείαν
3083 4611 3433 4680 παρέχονται.

538 4698 690 4756 Unus
709 4709 794 4756 est
821 4715 1020 4772 scapus
1043 4701 1232 4768 vestis,
1266 4711 1324 4756 ut
1353 4699 1630 4758 sufﬁciens
1663 4710 2031 4773 tegumentum

2216 4705 2425 4768 Σκοπὸς
2455 4703 2682 4772 ἐσθῆτος
2719 4696 2819 4762 εἷς.
2853 4701 3121 4772 κάλυμμα
3152 4698 3295 4757 εἶναι
3329 4702 3532 4772 σαρκὸς,
3559 4699 3657 4770 τρὶς

455 4792 526 4847 sit
556 4793 616 4844 ad
644 4792 876 4849 hiemem
908 4802 963 4850 et
991 4803 1260 4852 aestatem.

2141 4795 2392 4868 χειμῶνα
2423 4794 2518 4855 καὶ
2558 4794 2717 4864 θέρος
2743 4792 3037 4862 αὔταρκες.

521 4881 785 4953 Surruptus
799 4898 965 4954 supra
987 4898 1152 4954 quam
1183 4883 1486 4941 necessitas
1505 4893 1559 4941 et
1578 4901 1710 4942 usus
1735 4885 2012 4955 postulant

2217 4886 2568 4958 Παράχρησίς
2601 4887 2749 4939 ἐστιν
2782 4887 2814 4956 ἠ
2845 4885 2987 4957 ὐπὶρ
3017 4887 3117 4956 τὴν
3150 4886 3340 4960 χρείαν
3372 4887 3579 4956 δαπάνη.

494 4973 664 5029 busus
692 4984 796 5030 est.

540 5065 717 5122 Theol.
737 5067 963 5124 Praestat
983 5068 1177 5139 exigua
1219 5069 1396 5138 portio
1426 5083 1550 5124 cum
1584 5069 1894 5135 securitate,
1927 5086 2033 5126 ma-

2214 5070 2486 5141 Κρεῖσσον
2518 5067 2690 5138 μικρά
2725 5067 2884 5138 μερὶς
2917 5067 3058 5138 μετά
3093 5065 3462 5136 ἀσφαλείας,ἧ
3497 5060 3655 5132 μεγάλη

495 5173 574 5210 na:
605 5173 726 5213 cum
756 5159 1058 5214 debilitate.
1333 5174 1352 5192 °

1333 5174 1352 5192 '
2149 5161 2288 5235 μετά
2320 5160 2420 5218 σαθ
2431 5160 2682 5233 ρὸτητος.

537 5250 691 5322 Greg.
725 5249 889 5322 Nysa.
923 5251 1110 5322 Inopia
1135 5251 1232 5306 tibi
1269 5251 1340 5307 sit
1367 5251 1680 5316 obsonium,
1703 5254 1920 5322 etquod
1954 5271 2030 5310 sa-

2221 5256 2388 5326 Ὀψον
2423 5271 2506 5309 σοι
2536 5252 2782 5323 γενέσθω
2813 5254 2849 5325 ἡ
2903 5253 3105 5316 ἔνδεια,
3153 5253 3254 5308 καὶ
3298 5253 3354 5306 τὸ
3389 5250 3460 5323 μὴ
3491 5245 3647 5302 tmen-

461 5345 620 5402 tietas
648 5359 753 5400 non
785 5345 1045 5418 adjicitur
1071 5345 1342 5410 satietati,
1387 5357 1486 5398 nec
1512 5344 1785 5415 appetitus
1814 5346 1950 5402 hebe

2162 5365 2258 5403 ιειν
2287 5347 2435 5418 κόρῳ
2459 5345 2551 5400 τὸν
2597 5345 2783 5416 κόρον,
2821 5343 2956 5416 μηδὲ
2989 5342 3292 5415 ἀμϐλύνειν
3320 5343 3380 5414 τῇ
3430 5336 3655 5411 κραιπάλῃ

463 5446 548 5490 tur
570 5437 816 5506 crapula.

2143 5441 2243 5510 τὴν
2273 5439 2479 5510 ὄρεξιν.

549 5527 654 5594 Qui
706 5527 853 5583 diem
903 5525 1075 5592 dedit,
1125 5524 1278 5580 dabit
1316 5525 1482 5580 etiam
1520 5539 1642 5597 qua}
1673 5526 1738 5583 ad
1774 5527 1915 5584 diem
1949 5545 2042 5584 ne-

2231 5529 2288 5582 'O
2316 5530 2415 5600 τὴν
2448 5528 2664 5600 ἡμέραν
2691 5526 2892 5594 διδοὺς,
2936 5530 3032 5583 καὶ
3072 5526 3135 5582 τὸ
3165 5528 3242 5593 είς
3269 5525 3364 5597 τὴν
3392 5522 3579 5594 ἡμέραν
3599 5529 3654 5568 σοι

464 5620 706 5676 cessaria
730 5632 880 5676 sunt.

841 5632 880 5672 t.
2145 5621 2327 5677 δώσει.

544 5713 744 5767 Rerum
780 5712 1211 5768 necessariarum
1233 5725 1364 5794 usus
1415 5720 1468 5766 ct
1493 5717 1768 5783 possessio
1793 5715 1898 5788 61
1936 5731 2037 5771 non

2230 5714 2297 5769 ἰι
2336 5717 2448 5773 τῶν
2501 5719 2818 5790 ἀναγκαίων
2870 5719 3067 5792 κτῆσις
3103 5718 3199 5772 καὶ
3250 5713 3435 5787 χρῆσις
3489 5707 3542 5760 οὐ
3587 5701 3652 5767 τῇ

2147 5887 2182 5912 ,ι
2192 5865 2248 5904 ττ

542 5896 615 5966 tl)
658 5897 826 5953 Aliter
858 5897 1053 5967 legitur
1079 5896 1219 5966 apud
1255 5894 1534 5954 Hebraeos.
