3780 6590
155 465 229 530 881
456 513 460 517 .
919 447 1091 509 LOCl
1133 447 1668 509 COMMUNES.--
1704 445 1897 506 PARS
1933 446 1978 506 Ι..
2012 445 2268 506 SERMO
2304 442 2523 504 XXXI.
3212 436 3326 500 882

141 551 355 646 ~navitam
387 562 632 642 βλαϐερὰν
673 560 812 634 ἔχει,
856 562 994 618 ἀλλά
1029 566 1128 634 τὴν
1163 565 1315 633 παρά
1345 563 1406 618 τὸ
1435 562 1633 635 μέτρον

1826 562 2057 617 ιιίιαιοιιι
2096 559 2259 614 liabet
2281 559 2524 624 noxiam,
2546 555 2640 612 sed
2671 555 2841 626 ipsam
2874 561 3067 624 pmter
3099 555 3319 609 modum

155 674 386 741 ποσότητα.
1249 705 1258 709 -

1249 705 1258 709 -
1745 653 2131 724 quantitatem.

212 760 399 832 ’Δγαθὸν
430 751 711 822 ἀναγκαῖον
738 750 772 822 ἡ
805 750 1128 818 ὀλιγοσιτία.

1825 747 2084 804 Paucitas
2113 745 2221 803 cibi
2260 743 2632 802 necessarium
2671 743 2876 799 bonum
2916 749 3017 796 est.

210 858 256 911 '0
280 847 529 910 σπουδαῖος
551 842 848 915 ὀλιγοδεὴς,
885 843 1161 899 ἀθανάτου
1187 845 1281 899 καὶ
1309 846 1510 915 θνητῆς
1541 845 1642 914 φύ-

1832 838 2100 896 Pliilom's.
2154 838 2383 894 Virtutis
2434 838 2716 894 studiosus
2766 835 2964 906 paucis
3017 833 3322 906 iudiget,in

154 965 258 1010 σεως
305 941 561 1015 μεθόριος·
613 936 674 989 τδ
730 936 832 1006 μὲν
884 938 1099 1000 ἑπιδεὲς
1151 937 1296 1010 ἔχων
1341 939 1429 993 διά
1483 939 1644 1009 σῶμα

1837 934 1986 990 ilinio
2010 932 2256 990 mortalis
2281 942 2335 988 et
2369 929 2694 987 immortalis
2727 937 2941 986 natura:
2967 929 3106 984 situs
3135 943 3148 986 :
3186 927 3327 981 iudi-

153 1039 318 1111 θνητὸν,
357 1035 411 1089 τὸ
460 1033 512 1087 δὲ
561 1028 634 1101 μὴ
670 1029 927 1096 πολυϐεὲς
978 1031 1067 1085 διά
1115 1031 1298 1102 ψυχὴν
1345 1033 1643 1103 ἀφιεμένην

1830 1027 1930 1081 alia
1984 1025 2203 1097 quidem
2244 1024 2500 1080 laborans
2546 1029 2766 1094 propter
2808 1019 3039 1075 mortale
3082 1033 3284 1111 corpus
3309 1059 3323 1083 ,

151 1109 410 1192 ἀθανασίας.
1747 1133 1857 1174 non
1883 1117 2069 1173 multis
2094 1127 2278 1173 autem
2307 1115 2578 1187 indigens,
2604 1122 2828 1186 propter
2845 1111 3088 1168 animum
3105 1109 3326 1165 immor-
3357 1171 3363 1185 ‘

1745 1213 1974 1267 talitatis
1997 1210 2273 1280 cupidum.

205 1301 255 1358 'H
280 1300 567 1372 αὐτάρκεια,
591 1299 774 1369 πηγὴν
801 1300 1000 1372 ἔχουσα
1041 1304 1422 1377 σωφροσύνης,
1447 1307 1644 1377 μέτρον

1845 1300 2174 1372 Frugalitas,
2203 1317 2267 1356 ex
2295 1299 2651 1372 temperantia
2683 1313 2785 1354 ceu
2814 1296 2964 1353 fonte
2998 1294 3325 1358 scaturiens,

148 1395 235 1448 ἐστὶ
255 1393 346 1448 τῶν
369 1391 670 1460 ἀναγκαίων
708 1391 803 1446 καὶ
832 1393 1125 1466 χρησίμων
1160 1396 1298 1469 πρὸς
1326 1397 1418 1451 τὸν
1447 1396 1584 1468 βίον.

1826 1407 1930 1447 ἰιιιι
1959 1392 2025 1446 ad
2052 1390 2218 1447 vitam
2257 1391 2692 1448 necessariarum
2720 1399 2776 1445 et
2812 1388 3024 1444 utilium
3055 1399 3319 1442 mensura

1745 1497 1848 1543 est.

206 1572 454 1642 ’Ᾱσκητέον
473 1572 669 1642 ὀλίγων
698 1575 990 1648 δεηθῆναι·
1018 1581 1178 1637 τοῦτο
1221 1584 1331 1656 γὰρ
1359 1585 1644 1656 ἐγγυτάτω

1834 1581 2082 1638 Exerceri
2112 1590 2330 1649 oportet
2357 1590 2414 1635 ut
2444 1581 2635 1651 paucis
2668 1594 2932 1652 egeamus
2984 1595 2999 1635 :
3035 1577 3141 1632 lioc
3176 1576 3327 1631 enim

143 1667 265 1734 Θεοῦ,
293 1667 347 1720 τὸ
373 1667 424 1721 δὲ
451 1668 685 1722 ἐναντίον
717 1673 1072 1744 μακροτάτω.

1827 1691 1858 1730 ι)
1887 1675 2170 1746 proximos
2211 1675 2412 1738 reddit,
2439 1673 2778 1730 contrarium
2813 1671 2879 1726 ab
2909 1670 3101 1727 eodem
3137 1683 3317 1724 remo-

1748 1769 2015 1823 tissimus.

648 1871 871 1929 ΛΟΓΟΣ
921 1875 1050 1934 Asx
1671 1935 1713 1954 ﬁ
2108 1886 2141 1939 δ

1671 1935 1713 1954 η
2108 1883 2344 1939 saeuo
2392 1880 2972 1954 XXXIIaLCXLH.

139 1962 242 2032 Περὶ
259 1962 517 2028 πλούτου,
537 1962 632 2023 καὶ
649 1969 966 2101 πέουρνιων
989 1969 1060 2024 εὖ
1087 1970 1183 2026 καί
1203 1974 1632 2048 προσηκόντως

736 2056 1007 2094 tow-tow.

1845 1974 2041 2029 divitiis
2073 1984 2121 2029 ct
2155 1974 2402 2028 divitibus
2425 2015 2440 2040 ,
2468 1974 2558 2044 qui
2590 1935 2716 2028 liene
2751 1991 2812 2027 ac
2845 1935 3090 2028 decbnter
3123 1971 3324 2029 vivunt.

187 2125 526 2197 Εὐκοπώτερον
578 2130 698 2184 ἐστι
733 2130 982 2201 κάμηλον
1015 2133 1102 2188 διὰ
1153 2137 1513 2206 τρυπήματος
1543 2141 1634 2210 ῥα-

1835 2132 2007 2186 llanta.
2065 2148 2178 2187 xix.
2245 2131 2482 2188 Facilius
2514 2139 2599 2188 est
2628 2132 2903 2188 camelum
2949 2148 3046 2201 per
3087 2131 3328 2188 foramen

137 2219 249 2286 φίδος
288 2219 584 2294 διελθεῖν,ἧ
643 2223 899 2278 πλούσιον
949 2226 1030 2290 είς
1078 2226 1177 2298 τὴν
1228 2228 1506 2300 βασιλείαν
1539 2231 1630 2286 τοῦ

1618 2232 1636 2286 5
1742 2242 1873 2283 acus
1906 2226 2161 2293 transire,
2194 2238 2359 2294 quam
2389 2223 2610 2280 divitem
2641 2223 2695 2278 in
2731 2238 2959 2294 regnum
2995 2223 3111 2279 Dei.

137 2311 256 2368 Θεοῦ.

187 2408 287 2471 Τοῖς
321 2403 580 2474 πλουσίοις
635 2411 693 2464 ἑν
735 2411 814 2482 τῷ
848 2411 945 2465 νῦν
975 2413 1132 2468 αἰῶνι
1170 2414 1524 2485 παράγγελλε
1562 2415 1639 2488 μὴ

1832 2407 1849 2459 l
1885 2403 2021 2459 Tim.
2054 2418 2129 2460 vi.
2163 2401 2432 2460 Divitibus
2475 2403 2528 2458 in
2587 2405 2691 2461 hoc
2719 2405 2922 2461 saeculo
2961 2404 3192 2475 praecipe
3258 2417 3325 2460 ne

135 2500 480 2571 ὑψηλοφρονεῖν,
519 2501 661 2573 μηδὲ
697 2503 991 2574 ἠλπικέναι
1029 2506 1122 2560 ἐπὶ
1176 2506 1410 2562 πλούτου
1444 2507 1641 2575 ἀδηλό-
1745 2497 1916 2552 altum
1946 2495 2183 2567 sapiant,
2222 2511 2398 2567 neque
2419 2512 2572 2568 spem
2606 2498 2660 2552 in
2684 2513 2814 2567 opes
2844 2497 3132 2552 instabiles
3160 2512 3320 2566 repo-

133 2606 241 2658 τητι,
270 2591 370 2644 ἀλλ’
395 2591 485 2646 ἐπὶ
517 2593 595 2664 τῷ
630 2593 768 2664 Θεῷ,
823 2595 902 2668 τῷ
934 2597 1230 2669 παρέχοντι
1287 2602 1420 2673 ἡμῖν
1462 2603 1626 2659 πάντα

1836 2601 1905 2658 ιι,
1954 2593 2051 2649 sed
2104 2593 2160 2648 in
2220 2589 2390 2646 Deum
2445 2590 2541 2660 qui
2599 2588 2758 2645 nobis
2795 2589 2977 2644 omnia
3007 2588 3329 2660 porrigitad

135 2681 352 2745 πλουσίως
379 2685 452 2749 είς
479 2685 805 2742 ἀπόλαυσιν.

1749 2685 2037 2741 fruendum
2070 2685 2308 2742 abunde:

184 2775 232 2826 οι
259 2775 544 2847 βουλόμενοι
607 2778 859 2836 πλουτεῖ-ι
890 2782 1255 2853 ἐμπίπτουσιν
1302 2788 1382 2849 τίς
1437 2807 1644 2860 πειρα-

1834 2778 2021 2837 Ιτὶιη.
2050 2795 2124 2837 vi.
2161 2777 2258 2846 Qui
2296 2776 2565 2831 ditescere
2595 2773 2804 2839 volunt,
2832 2775 3080 2857 incidunt
3120 2775 3174 2828 in
3208 2785 3327 2828 ten-

139 2863 244 2932 σμὸν
259 2865 339 2919 καὶ
366 2866 564 2936 παγίδα
596 2869 693 2922 τοῦ
720 2870 989 2938 διαϐόλου,
1015 2874 1106 2927 καὶ
1134 2874 1433 2946 ἀπιθυμίας
1457 2880 1632 2951 ἀνονή·

1837 2872 2007 2926 ionem
2037 2879 2091 2926 et
2124 2870 2378 2938 laqueum
2413 2865 2635 2933 diaboli,
2671 2873 2726 2920 et
2749 2867 3078 2936 cupiditates
3101 2867 3330 2923 inutiles

131 2969 225 3014 τους
244 2954 323 3008 καὶ
348 2954 634 3026 βλαϐερὰς,
683 2961 890 3026 αἵτινες
929 2963 1212 3034 βυθίζουσι
1251 2969 1378 3034 τοὺς
1427 2969 1615 3043 ἀνθρώ

1847 2964 2059 3030 noxias,
2085 2977 2206 3035 quae
2234 2961 2557 3030 demergunt
2581 2959 2828 3016 homines
2854 2960 2907 3016 in
2951 2961 3245 3031 perniciem
3277 2971 3329 3016 et

134 3061 235 3108 τους
256 3046 327 3110 εις
347 3047 560 3120 ὄλεθρον
587 3054 689 3107 καὶ
711 3053 1010 3112 ἀπώλειαν.

558 3072 560 3086 ν
587 3054 689 3107 καὶ
711 3053 1010 3112 ἀπώλειαν.
1750 3059 2051 3114 interitum.

184 3138 382 3204 Πλοῦτος
408 3143 737 3216 προστίθησι
765 3147 955 3216 φίλους
984 3151 1237 3218 πολλούς.

1826 3151 1986 3206 Prov!
2037 3154 2152 3207 xix:
2211 3151 2420 3208 Divitiae
2450 3153 2654 3208 multos
2680 3148 2894 3208 amicos
2917 3151 3150 3204 addunt.

183 3232 399 3290 Πλούσιοι
429 3237 668 3310 πτωχῶν
692 3239 975 3311 ἄρξουσιν.

1690 3273 1725 3334 Β
1847 3243 1986 3298 Ibid.
2023 3260 2159 3302 uti.
2194 3243 2401 3301 Divites
2439 3243 2794 3313 imperabunt
2826 3241 3183 3313 pauperibus.

193 3325 386 3394 ’Δγαθὸς
407 3331 660 3398 πλοῦτος,
700 3327 744 3402 ᾧ
775 3336 852 3407 μή
889 3337 1038 3392 ἐστιν
1074 3339 1341 3412 ἁμαρτία.

1687 3325 1725 3334 “”
1851 3335 2012 3391 Bonae
2039 3335 2260 3400 divitiae,
2286 3350 2408 3407 qua:
2437 3335 2557 3393 sine
2584 3345 2812 3406 peccato
2841 3343 2990 3390 sunt.

183 3417 426 3492 κρείσσων
454 3424 672 3497 πτωχὸς
697 3426 902 3492 δίκαιος
940 3430 973 3500 ἢ
1011 3431 1264 3497 πλούσιος
1289 3432 1549 3508 ψεύστης.

1862 3427 2016 3483 Ibid.
2047 3444 2157 3485 XIX.
2195 3427 2384 3484 Melior
2414 3437 2499 3486 est
2528 3443 2734 3499 pauper
2754 3427 2957 3499 justus,
2987 3441 3152 3498 quam
3183 3424 3349 3478 dives.

1765 3522 1957 3576 menda
1970 3538 2020 3578 π.

180 3600 433 3675 Μακάριος
487 3603 750 3669 πλούσιος
806 3606 866 3670 ὃς
911 3608 1111 3679 εὑρέθη
1162 3612 1414 3684 ἄμωμος,
1445 3618 1539 3672 καὶ
1585 3619 1646 3684 ὃς

1840 3612 1999 3667 Eccli.
2030 3630 2177 3672 xxxi.
2217 3614 2415 3670 Beatus
2441 3614 2594 3670 dives
2623 3613 2715 3684 qui
2751 3613 3008 3669 inventus
3038 3619 3123 3667 est
3152 3608 3333 3666 inculé

125 3690 264 3746 ὀπίσω
294 3697 507 3764 χρυσίου
539 3698 648 3752 οὐκ
680 3697 974 3772 ἐπορεύθη.

1763 3706 1979 3776 pabilis,
2014 3707 2181 3776 etqui
2205 3722 2399 3761 aurum
2435 3721 2544 3762 non
2583 3705 2878 3761 all‘ectavit!

180 3785 408 3849 Πλούσιος
434 3787 803 3858 σαλευόμενος
829 3793 1143 3862 στηρίζεται
1173 3795 1280 3851 ὑπὸ
1313 3799 1502 3866 φίλων.

1852 3796 1990 3855 Ibid.
2013 3813 2131 3852 xm.
2158 3798 2318 3853 Dives
2343 3813 2648 3855 concussus
2672 3798 2896 3854 fulcitur
2920 3798 2988 3852 ab
3017 3797 3229 3852 amicis.

187 3877 459 3948 Ἀγρυπνία
495 3882 736 3936 πλούτου
779 3883 1003 3955 ὶκτήκει
1035 3888 1266 3956 σάρκας,
1294 3893 1388 3946 καὶ
1418 3895 1448 3963 ἡ
1497 3894 1653 3967 μέρι-

1845 3888 1984 3944 Ibid.
2015 3905 2161 3948 xui.
2184 3888 2395 3962 Vigiliae
2416 3891 2729 3946 divitiarum
2753 3890 3091 3947 labefaciunt
3114 3904 3334 3959 corpus,

128 3984 212 4038 μνα
230 3971 380 4024 αὑτοῦ
405 3975 613 4046 ἀφιστᾷ
645 3973 834 4031 ὕπνον.

1765 3990 1818 4035 ct
1839 3981 2150 4036 sollicitudo
2188 3997 2378 4037 earum
2406 3981 2670 4037 amolitur
2698 3997 2975 4041 somnum.

186 4063 388 4136 Ῥευστὴ
409 4069 442 4136 ἠ
468 4067 636 4136 φύσις
663 4068 756 4121 τοῦ
784 4069 1036 4137 πλούτου,
1067 4073 1371 4146 χειμάρρου
1397 4077 1654 4151 ὀξύτερον

1858 4071 2076 4128 Basilii.
2133 4073 2303 4128 Fluxa
2355 4074 2669 4129 divitiarum
2699 4083 2894 4129 natura
2931 4084 3170 4130 torrente
3199 4077 3342 4130 cele-

123 4155 222 4219 τοὺς
248 4155 452 4225 ἔχοντας
481 4163 840 4234 παρατρέχει,
859 4162 1046 4220 ἄλλοτε
1085 4165 1243 4221 ἀλλον
1266 4170 1478 4239 πέφυκε
1517 4190 1616 4244 πσε

1849 4183 1886 4218 ιε
1912 4165 2256 4234 possidentes
2289 4175 2650 4234 pmtermeat,
2683 4174 2736 4220 et
2766 4166 2900 4220 aiias
2922 4166 3086 4220 alium
3119 4174 3342 4237 praetcr-

120 4250 417 4318 αμείϐεσθαι.

1768 4256 1876 4310 labi
1909 4257 2064 4312 solet.

174 4345 384 4401 Δύνασαι
415 4351 623 4419 μᾶλλον
660 4349 802 4421 ὕδωρ
845 4355 912 4423 τῇ
967 4354 1113 4424 χειρὶ
1147 4356 1460 4428 περιλαϐὼν
1488 4376 1656 4412 καταιι

1859 4349 2068 4418 Aquam
2123 4347 2294 4403 citius
2349 4362 2514 4402 manu
2571 4351 3021 4420 comprehensam
3077 4353 3352 4415 tenueris,

121 4435 258 4501 σχεῖν,
294 4436 325 4507 ἢ
356 4437 594 4492 πλοῦτον
627 4439 866 4509 διαρκῶς
897 4446 1258 4515 συντηρῆσαι.

1212 4463 1258 4500 ηι.
1771 4456 1934 4511 quam
1960 4441 2182 4498 divitias
2210 4442 2345 4497 satis
2373 4442 2705 4500 servaveris:

185 4524 235 4576 '0
268 4528 462 4596 καλὸς,
510 4529 663 4591 κατά
715 4533 806 4584 τὸν
859 4532 1018 4601 ὀρθὸν
1075 4535 1232 4604 λόγον
1289 4538 1357 4592 τὰ
1409 4527 1653 4608 παρόντα

1871 4532 1974 4601 Qui
2005 4533 2142 4588 bene
2168 4543 2223 4589 et
2251 4545 2394 4590 recta
2419 4535 2631 4589 ratione
2654 4534 2940 4604 prteseutia
2972 4534 3345 4600 administrat,

118 4621 621 4691 μεταχειριζόμενος,
652 4623 933 4694 οἰκονόμος
965 4626 1082 4680 ἐστὶ
1142 4628 1250 4681 τῶν
1305 4632 1456 4702 παρά
1484 4631 1611 4686 Θεοῖ

1855 4639 2112 4682 :onomus
2149 4634 2233 4682 est
2261 4641 2441 4681 rerum
2468 4626 2731 4682 divinitus
2775 4626 3050 4694 datarum,
3079 4636 3132 4682 et
3163 4627 3348 4680 lauda-

119 4709 419 4768 ἐπαινεῖσθαι
441 4715 539 4770 καλ⁵
559 4717 879 4786 ἀγαπᾶσθαι
899 4719 926 4771 ὁ
947 4719 1187 4783 τοιοῦτος
1210 4721 1414 4786 δίκαιός
1445 4723 1558 4777 ἐστι
1577 4724 1603 4776 δ

1850 4733 1905 4771 ac
1936 4717 2086 4788 diligi
2117 4727 2357 4772 meretur
2382 4728 2605 4788 pr0pter
2628 4718 2907 4788 ingenium
2933 4719 3002 4773 ad
3042 4716 3343 4772 fraternum

114 4800 162 4853 τὸ
187 4805 496 4876 φιλάδελφον
541 4809 638 4862 καὶ
671 4809 986 4863 κοινωνικὸν
1011 4812 1104 4865 τοῦ
1136 4812 1364 4885 τρόπου.

1772 4825 2012 4864 amorem
2042 4819 2096 4865 et
2123 4811 2676 4866 communicationem
2709 4811 2971 4880 proclive.

179 4895 230 4948 '0
256 4899 350 4966 μὲν
381 4901 596 4964 δίκαιος
643 4901 773 4956 οὔτε
819 4905 1063 4973 παρόντα
1108 4906 1517 4977 ἀποστρέφεται
1575 4910 1666 4962 τὸν

1854 4902 2032 4958 Iustus
2053 4903 2270 4972 quidem
2295 4917 2473 4972 neque
2489 4913 2784 4974 praesentes
2805 4904 3024 4960 divitias
3040 4913 3347 4970 aversatur,

113 4989 332 5057 πλοῦτον,
367 4993 494 5047 οὔτε
530 4993 610 5064 μὴ
662 4994 908 5065 παρόντα
941 4996 1212 5067 ἐπιζητεῖ.
1264 4999 1340 5052 οὐ
1372 5001 1482 5070 γὰρ
1528 5003 1605 5054 ἀπ

1851 5013 1876 5050 e
1940 4997 2196 5052 absentes
2256 4995 2538 5065 requirit;
2592 5012 2701 5052 non
2761 4997 2908 5054 enim
2963 4997 3067 5052 sibi
3133 5006 3344 5051 tantum

113 5079 366 5146 λαυστικός
395 5086 516 5139 ἐστι
548 5089 659 5139 τῶν
709 5087 1022 5157 διδομένων,
1071 5089 1188 5142 ἀλλ’
1223 5091 1527 5163 οἰκονόμος.
1563 5097 1601 5148 Ο

1868 5090 1976 5143 itur
2025 5089 2186 5146 rebus
2232 5107 2369 5161 quas
2423 5090 2569 5146 Deus
2621 5089 2852 5157 dederit,
2881 5092 2974 5145 sed
2998 5091 3349 5161 dispensator

108 5170 196 5233 Esi;
224 5174 276 5229 δὲ
296 5177 405 5231 τῶν
437 5178 573 5233 νοῦν
600 5180 834 5249 ἑχόντων
863 5181 1144 5251 ἐπιτρέχει
1190 5184 1255 5252 τῇ
1288 5183 1517 5254 ἀσχολίᾳ
1565 5204 1601 5239 τί

1856 5197 1960 5236 ·ιιιιι
2016 5191 2119 5242 est.
2175 5183 2367 5240 Nullus
2424 5199 2552 5239 vero
2611 5194 2793 5239 mente
2846 5183 3110 5253 prmditus
3153 5189 3349 5252 sponte

114 5261 204 5314 τῶν
235 5265 539 5338 ἀλλοτρίων
565 5269 848 5338 διανομῆς,
885 5271 980 5323 ὲάν
1009 5271 1084 5342 μὴ
1116 5272 1253 5342 πρδς
1277 5273 1378 5343 τὴν
1404 5275 1513 5328 τῶν
1541 5291 1607 5330 πο

1857 5276 1990 5329 linat
2023 5275 2089 5330 ad
2123 5277 2404 5345 negetium
2464 5277 2642 5331 aliena
2683 5274 3063 5345 dispensandi,
3089 5274 3197 5328 nisi
3232 5275 3347 5342 glo-

111 5352 200 5408 λῶν
246 5360 543 5432 ἀποϐλέπῃ
591 5362 770 5430 δόξαν,
827 5362 882 5417 οἳ»
930 5362 1274 5434 θαυμάζουσι
1321 5366 1414 5420 καὶ
1444 5365 1604 5438 ζηλοῦ

1842 5382 1906 5420 im
1939 5367 2252 5437 popularem
2287 5369 2549 5438 respiciat
2577 5386 2590 5434 ;
2630 5368 2935 5423 admiratur
2957 5366 3102 5420 enim
3143 5363 3335 5430 vulgus

108 5445 211 5510 τοὺς
232 5450 286 5501 ὲν
313 5449 546 5522 ἐξουσίᾳ
574 5452 678 5506 τινὶ
701 5451 1076 5516 καθεστῶτας.

1875 5458 2058 5513 felices
2100 5459 2308 5529 iudicat
2364 5461 2488 5516 illos
2534 5462 2626 5531 qui
2692 5461 2878 5531 aliqua
2913 5464 3180 5528 potestate
3214 5470 3351 5525 ιιι-ιιι-

1776 5551 2003 5606 celluut.

169 5627 249 5693 Ὡς
277 5631 543 5686 ἀπόλοιτο
573 5633 812 5701 πλοῦτος,
849 5636 899 5687 εἰ
930 5636 1005 5706 μὴ
1041 5636 1224 5708 βοηθεῖ
1251 5639 1477 5711 πένησιν
1509 5642 1520 5694 !

1861 5644 1970 5713 62
2010 5643 2272 5714 Tlteologi.
2314 5643 2530 5700 Utinam
2562 5651 2785 5714 pereant
2816 5640 3036 5705 divitiae,
3070 5639 3173 5694 nisi
3214 5652 3347 5710 pau-

1778 5733 2000 5802 peribus
2020 5733 2346 5790 subveniaut
2377 5737 2389 5788 i

167 5896 238 5969 (ί)
257 5900 433 5960 Aliter
462 5903 662 5973 legitur
685 5907 828 5977 apud
860 5905 1136 5963 Hebraeos.

2430 6425 2442 6474 ι
