3822 6558
195 417 283 478 885

247 523 436 581 Πολλῶν
460 519 639 574 κακῶν
665 518 1031 588 ἐπικάλυμμὰ
1063 519 1209 570 ἐστιν
1236 518 1266 569 6
1300 513 1556 574 πλοῦτος.
1747 519 1792 574 Α

247 618 349 672 Κᾶν
378 612 572 684 μυρίων
621 609 809 680 πηχῶν
852 609 962 679 γῆς
992 609 1180 681 κύριος
1216 607 1492 679 ὐπάρχῃς,
1537 604 1716 668 θανὼν

189 710 360 780 γενήσῃ
387 704 542 777 τριῶν
566 705 601 774 ἢ
633 703 936 772 τεσσάρων.

245 882 430 954 Ζημίαν
451 878 602 952 αίροῦ
635 879 836 950 μᾶλλον
862 878 896 950 ἢ
923 877 1113 950 κέρδος
1140 877 1368 949 αἰσχρόν
1390 891 1404 908 ·
1432 875 1467 948 ἡ
1491 875 1589 947 μὲν
1610 875 1717 946 γὰρ

192 976 314 1042 ἅπαξ
349 992 402 1027 σε
427 975 672 1044 λυπήσει,
701 972 764 1026 τὺ
796 971 854 1026 δὲ
875 969 1193 1036 διαπαντός.

245 1154 453 1218 Πλοῦτος
472 1153 663 1217 κακίας
685 1152 938 1223 μᾶλλονῆ
967 1149 1370 1220 καλοκαγαθίας
1394 1149 1542 1204 ἐστὶν
1573 1151 1718 1222 ὑπη-

187 1269 213 1320 ρ
246 1268 427 1392 'lpi'istt
459 1333 684 1400 πλοῦτος
712 1353 728 1404 ;
763 1335 1049 1408 Θησαυρδς
1084 1335 1294 1402 κακῶν,
1351 1334 1564 1406 ἐφόδιον
1592 1335 1721 1388 dtu-

185 1430 426 1502 χημάτων,
458 1431 688 1501 χορηγία
719 1428 1014 1499 πονηρίας.

246 1521 454 1585 Πλοῦτος
488 1521 594 1576 ἀπὸ
624 1522 797 1586 κακῆς
861 1522 1120 1592 ἐργασίας
1169 1521 1545 1592 ἐπιγινόμενος
1595 1523 1718 1575 επι-

185 1613 476 1687 φανέστερον
496 1613 696 1680 ὄνειδος
727 1615 1012 1684 κέκτηται.

735 1774 959 1831 ΛΟΓΟΣ
993 1765 1117 1829 AB’.

899 399 1064 462 L00!
1100 396 1548 462 COMMUNES.
1585 415 1655 434 -δ
1700 394 1899 455 PARS
1920 393 1966 454 Ι.
1989 390 2248 452 SERMO
2278 383 2534 447 XXXII.

1892 504 2100 560 Divitiae
2141 502 2332 558 multis
2367 500 2526 558 malis
2551 508 2706 570 quas:
2738 495 2916 552 velum
2949 489 3281 562 praetexunt.

1893 598 2248 653 Philistionis.
2284 594 2544 661 Quamvis
2576 589 2836 647 dominus
2854 588 2933 644 sis
2955 585 3206 656 plurima:
3223 578 3404 641 terrae,

1821 700 1875 747 et
1930 690 2174 745 inﬁnitos
2227 688 2370 744 ruris
2425 685 2640 741 cubitos
2701 680 3006 752 possideas,
3058 681 3309 730 mortuus
3336 669 3404 722 ad

1821 791 1935 838 tres
1965 795 2060 838 aut
2099 785 2342 852 quatuor
2384 776 2670 848 redigeris.

1895 874 2156 932 Chilonis.
2195 874 2463 927 Damnum
2526 869 2709 941 potius
2768 878 2934 937 quam
2990 869 3150 932 turpe
3193 859 3404 914 lucrum

1820 968 1979 1040 elige.
2041 966 2157 1022 Hoc
2217 966 2364 1022 enim
2421 970 2684 1035 perpetuo
2712 969 2762 1016 te
2796 957 3034 1028 adliget,
3069 950 3204 1009 illud
3236 947 3407 1006 semel

1823 1066 2056 1116 tantum.

1895 1151 2107 1207 Divitiae
2147 1153 2322 1223 magis
2351 1149 2655 1208 inserviunt
2705 1143 2996 1216 improbis,
3053 1154 3216 1214 quam
3249 1134 3436 1218 bonisf

1821 1256 1878 1302 et
1908 1247 2156 1304 honestis
2179 1244 2400 1302 studiis.

1892 1338 2033 1407 Quid
2094 1347 2176 1395 est
2226 1336 2554 1408 opulentia?
2607 1333 2922 1390 Thesauro:
2975 1329 3270 1392 malorum,
3319 1337 3408 1382 ca-

1823 1431 2086 1488 lamitatis
2112 1430 2393 1495 viaticum,
2441 1427 2810 1496 improbitatis
2840 1422 3227 1495 suppeditatio.

1895 1523 2123 1580 Divitiae
2159 1538 2222 1578 ex
2273 1522 2418 1577 malo
2445 1510 2716 1592 principio
2767 1529 2972 1590 paratae
3024 1516 3148 1588 plus
3209 1512 3411 1569 habent

1823 1614 2080 1670 infamiae.

2179 1773 2412 1832 SEIlMO
2467 1775 2663 1832 xxxu
2697 1774 2798 1848 [ιιι.
2822 1770 3054 1844 CXLII].

184 1889 299 1958 Περὶ
321 1891 622 1946 πλουσίων
644 1893 754 1966 vim
774 1887 846 1947 εὖ
875 1891 1201 1966 βιούντων,
1234 1889 1336 1966 καὶ
1379 1890 1498 1945 τῶν
1538 1901 1720 1960 παρε-

1876 1910 1899 1949 ε
1929 1893 2176 1949 dioitibus
2200 1897 2292 1966 qui
2323 1897 2461 1951 male
2489 1897 2688 1958 vivunt,
2718 1904 2767 1949 et
2799 1893 2866 1949 de
2894 1890 3048 1948 matis
3073 1904 3162 1948 eos
3185 1899 3410 1958 sequen—

533 1961 816 2030 πομένων
858 1961 1064 2028 αὐτοῖς
1102 1961 1330 2018 κακῶν.

242 2068 388 2127 Εἶπεν
414 2074 440 2127 6
487 2074 693 2146 Κύριος
746 2077 858 2138 τοῖς
926 2075 1122 2130 ἑαυτοῦ
1192 2074 1502 2148 μαθηταῖς-ο
1547 2071 1721 2147 ’Δμὴν

186 2166 304 2235 λέγω
364 2168 504 2237 ὑμῖν,
564 2168 650 2222 ὅτι
707 2168 984 2233 δυσκόλως
1040 2167 1296 2232 πλούσιος
1348 2167 1720 2223 εἰσελεύσεται

185 2260 252 2322 είς
276 2258 360 2330 τὴν
379 2259 657 2331 βασιλείαν
683 2260 791 2314 τῶν
812 2261 1081 2331 οὐρανῶν.
1107 2261 1278 2316 Πάλιν
1310 2261 1368 2314 δὲ
1394 2260 1538 2329 λέγω
1569 2263 1718 2327 ὑμῖν,

184 2351 519 2424 εὐκοπώτερόν
557 2356 679 2407 ἐστι
705 2351 952 2426 κάμηλον
977 2353 1066 2408 διὰ
1089 2354 1452 2425 τρυπήματος
1495 2353 1724 2425 ῥαφίδος

187 2443 432 2512 είοελθεῖν,
481 2445 513 2517 ἢ
551 2445 814 2501 πλούσιον
843 2448 924 2512 είς
974 2446 1073 2518 τὴν
1127 2445 1409 2518 βασιλείαν
1456 2444 1550 2498 τού
1585 2442 1723 2498 Θεοῦ

183 2537 426 2596 εἰσελθεῖν.

242 2629 360 2686 Οὐαὶ
426 2631 572 2701 ὑμῖν,
602 2633 655 2686 oi
720 2630 1098 2699 πλουτοῦντες,
1155 2632 1238 2685 ὅτι
1305 2629 1614 2696 πεινάσετε,
1645 2629 1726 2682 ὅτι

185 2720 383 2791 ἀπέχετε
411 2724 498 2776 τὸν
523 2723 726 2794 ,μισθὸν
759 2725 914 2793 ὑμῶν
937 2727 1028 2780 καὶ
1061 2725 1162 2797 τὴν
1196 2710 1560 2796 παράκλησιν.

242 2814 295 2865 Ol
319 2815 565 2885 πλούσιοι,
588 2817 890 2884 κλαύσατε,
918 2816 1262 2881 ὀλολύζοντες
1289 2817 1384 2870 ἐπὶ
1402 2819 1523 2878 ταῖς
1545 2815 1730 2868 ταλαι-

189 2907 394 2975 πωρίαις
425 2908 578 2980 ὑμῶν
611 2911 736 2973 ταῖς
771 2909 1175 2981 ύπερχομέναις
1199 2923 1215 2941 ⁶
1246 2910 1274 2962 6
1300 2907 1534 2969 πλοῦτος
1571 2908 1729 2978 ὑμῶν

190 3000 382 3070 σέσηπε,
417 3004 599 3059 καὶτὰ
632 3005 834 3075 ἱμάτια
865 3003 1021 3073 ὑμῶν
1053 3002 1375 3074 σητόϐρωτα
1410 3000 1729 3070 ἐγένετο.⁹0

195 3100 363 3169 χρυσὸς
399 3097 545 3169 ὑμῶν
577 3097 673 3151 καὶ
697 3096 726 3148 6
751 3095 992 3168 ἄργυρος
1019 3094 1309 3160 κατίωται,
1338 3097 1430 3151 καὶ
1455 3096 1483 3147 6
1515 3093 1590 3157 ἰὸς
1627 3092 1727 3146 αὺ-

2533 1968 2698 2022 tibus.

1897 2081 2096 2140 Matth.
2125 2099 2236 2139 sn.
2283 2081 2426 2137 Dixit
2474 2080 2738 2136 Dominus
2771 2079 2836 2134 ad
2868 2079 3168 2150 discipulos
3221 2093 3356 2135 suos
3394 2094 3410 2132 :

1827 2174 1969 2231 Vere
1993 2177 2115 2232 dico
2145 2176 2298 2231 vobis
2321 2175 2467 2244 quod
2491 2173 2644 2229 dives
2670 2172 2960 2229 diliiculter
2993 2172 3328 2244 ingredietur
3357 2171 3411 2226 in

1825 2282 2054 2338 regnum
2095 2267 2386 2322 caelorum.
2439 2265 2506 2321 Et
2533 2268 2731 2321 iterum
2763 2265 2885 2320 dico
2921 2263 3076 2320 vobis
3121 2280 3135 2318 :
3171 2261 3413 2319 Facilius

1825 2367 1910 2414 est
1941 2359 2210 2414 camelum
2247 2359 2459 2430 ingredi
2510 2373 2608 2429 per
2657 2357 2908 2412 foramen
2952 2370 3106 2423 acus,
3137 2369 3300 2427 quam
3328 2354 3410 2409 di-

1829 2452 1990 2507 vitem
2022 2453 2075 2506 in
2108 2467 2334 2522 regnum
2365 2451 2485 2507 Dei.
2694 2456 2699 2465 ‘

1903 2629 2031 2685 Luc.
2078 2647 2153 2684 vi.
2183 2631 2276 2687 Vae
2331 2631 2513 2697 vobis,
2549 2629 2762 2698 divites,
2815 2630 2942 2701 quia
2979 2628 3254 2697 esurielis,
3285 2628 3412 2698 quia

1831 2733 2142 2780 mercedem
2195 2735 2250 2779 et
2291 2723 2723 2780 consolationem
2765 2731 3004 2779 vestram
3054 2723 3358 2792 recepistis.

1900 2817 2024 2874 Jac.
2085 2836 2136 2872 v.
2183 2819 2343 2890 Agite
2389 2833 2564 2881 nunc.
2598 2817 2817 2884 divites,
2875 2816 3105 2887 plorate,
3145 2817 3414 2870 ululantes

1832 2931 1995 2986 super
2023 2912 2263 2968 miseriis
2298 2912 2497 2968 vestris
2525 2927 2644 2981 quae
2666 2910 2961 2965 advenient
2995 2909 3175 2965 vobis.
3202 2907 3416 2963 Divitia:

1833 3015 2025 3063 vestra:
2057 3004 2377 3076 putrefacta:
2403 3010 2551 3068 sunt,
2583 3001 2911 3057 vestimenta
2960 3007 3142 3057 vestra
3186 3016 3217 3056 a
3255 3001 3461 3056 tineis'

1835 3099 1997 3171 plane
2021 3103 2342 3166 consumpta
2375 3104 2528 3178 sunt.
2547 3093 2755 3148 Aurum
2781 3101 2836 3148 et
2860 3100 3143 3162 argentum
3173 3103 3416 3148 vestrum

187 3195 274 3248 τῶν
291 3196 361 3256 είς
390 3192 691 3265 μαρτύριον
719 3189 896 3256 ἔσται,
925 3194 1019 3244 καὶ
1047 3188 1431 3256 καταφάγεται
1458 3186 1557 3250 τὰς
1590 3187 1722 3256 σάρ-

1876 3190 2072 3260 rngine
2111 3188 2358 3244 vitiatum
2393 3196 2498 3250 est.
2554 3193 2608 3240 et
2630 3200 2814 3254 :erugo
2864 3199 3056 3241 eorum
3095 3186 3146 3239 in
3177 3187 3422 3242 testimo-

188 3303 270 3350 κας
296 3287 456 3360 ὑμῶν,
487 3286 562 3349 ὡς
587 3282 726 3354 πῦρ.

243 3467 323 3538 Μὴ
348 3464 508 3539 φοϐοῦ
538 3467 672 3522 ὅταν
702 3463 988 3536 πλουτήσῃ
1019 3461 1330 3532 ἄνθρωπος,
1362 3460 1396 3531 ἢ
1425 3459 1556 3513 ὅταν
1591 3458 1728 3528 πλη-

187 3559 377 3633 θυνθῇή
408 3561 534 3628 δόξα
561 3559 660 3613 τοῦ
685 3555 836 3612 οἴκου
869 3553 1058 3610 αὐτοῦ.

245 3655 474 3724 κυνήγια
499 3652 733 3708 λεόντων
765 3650 990 3720 ὅναγροι
1020 3651 1078 3704 ὲν
1109 3646 1303 3719 ἐρήμῳ
1322 3662 1335 3677 ·
1369 3644 1541 3709 οὕτως
1566 3642 1735 3712 νομαὶ

186 3745 422 3801 πλουσίων
447 3747 672 3817 πτωχοί.

249 3840 489 3894 Πλουσίου
531 3838 833 3910 σφαλέντος
885 3837 1072 3892 πολλοὶ
1119 3835 1537 3906 ἁντιλήπτορες.

256 3931 529 4002 Ἐλάλησεν
553 3932 874 4004 ἀπόρρητα,
904 3933 1000 3986 καὶ
1028 3929 1357 3983 ἐδικαίωσαν
1397 3928 1580 3982 αὐτόν.

246 4024 488 4091 Πλούσιος
520 4027 777 4096 ὲλάλησε,
809 4026 906 4079 καὶ
939 4024 1142 4087 πάντες
1185 4022 1473 4092 ἐσίγησαν,
1507 4024 1602 4075 xa‘t
1641 4022 1735 4075 τὸν

187 4111 320 4182 λόγον
349 4118 513 4172 αὑτοῦ
545 4117 840 4189 ανύψωταν
865 4117 971 4180 ἕως
991 4117 1102 4170 τῶν
1132 4116 1397 4184 νεφελῶν.

253 4207 304 4262 '0
330 4210 504 4277 ἄδοξος
538 4214 597 4268 ἑν
628 4211 867 4284 πλούτῳ,
897 4213 958 4266 ὲν
982 4211 1226 4282 πτωχείᾳ
1261 4209 1514 4280 ποσαχῶς
1543 4225 1558 4275 ;

257 4383 421 4454 ’Δνδρὶ
450 4389 768 4458 μικρολόγῳ
811 4388 873 4443 ού
908 4387 1071 4442 καλὸν
1099 4389 1126 4440 6
1154 4381 1408 4450 πλοῦτος.

259 4479 543 4551 Ἀγρυπνία
598 4481 834 4535 πλούτου
887 4481 1111 4552 ἐκτήκει
1146 4480 1378 4556 σάρκας,
1412 4481 1507 4532 καὶ
1554 4479 1589 4550 ἡ
1643 4478 1740 4546 μέ-

192 4586 335 4641 ριμνα
364 4573 524 4628 αὑτοῦ
554 4576 762 4646 ἀφιστᾷ
783 4575 980 4628 ὕπνον.

257 4664 309 4718 Ὀ
339 4666 560 4736 ἀγαπῶν
594 4667 688 4720 τὸν
723 4667 953 4721 πλοῦτον
981 4666 1040 4720 ού
1077 4666 1530 4733 δικαιωθήσεται.

257 4757 540 4829 Ἐμίσησεν
575 4760 609 4828 ὴ
637 4759 786 4829 ψυχή
818 4776 919 4828 μου
952 4759 1210 4813 πλούσιον
1237 4757 1506 4830 ψεύστην.

259 4942 482 5012 Ἀγαθοῦ
537 4939 678 4995 Θεοῦ
709 4940 966 5008 γέγονας,
995 4938 1272 5009 ἄνθρωπε,
1313 4939 1618 5008 ὑπηρέτης,
1665 4938 1749 4990 oi-

191 5036 398 5106 κονόμος
448 5037 558 5089 τῶν
590 5033 916 5104 ὁμοδούλων,
951 5033 1026 5103 μὴ
1065 5031 1243 5084 πάντα
1288 5031 1402 5084 οίου
1437 5033 1502 5101 τῇ
1554 5033 1621 5102 σῇ
1651 5047 1752 5098 γαο

192 5128 300 5195 στρ)⁵
344 5126 821 5199 παρεσκευάσθαι.
859 5125 945 5188 Ὠς
992 5123 1121 5196 περὶ
1151 5122 1450 5193 ἀλλοτρίων
1486 5123 1746 5194 βουλεύου

197 5222 310 5290 περὶ
354 5221 460 5273 τῶν
506 5223 562 5273 ὲν
596 5219 776 5291 χερσί.
823 5217 1036 5287 Μικρὸν
1089 5216 1374 5286 εὐφραίνει
1425 5232 1486 5270 σε
1533 5215 1748 5286 χρόνον,

194 5307 300 5366 εἶτα
322 5316 713 5386 παραρρυέντα
739 5313 1021 5381 οἰχήσεται
1045 5327 1059 5341 ·
1089 5310 1182 5364 τὸν
1205 5309 1262 5364 δὲ
1281 5309 1367 5362 ἐπ’
1384 5309 1567 5374 αὐτοῖς
1594 5307 1751 5378 λόγον

190 5404 524 5479 ἀπαιτηθήσῃ
556 5407 694 5476 μετὰ
727 5403 1037 5476 ἀκριϐείας.

259 5585 314 5638 '0
343 5588 598 5650 πλούσιος
631 5587 784 5642 οὔπω
819 5586 1062 5657 ζηλωτός
1093 5588 1209 5639 ἐστι
1238 5586 1325 5639 διὰ
1355 5587 1447 5640 τὸν
1489 5585 1744 5653 πλοῦτον,

188 5677 276 5746 οὐχ
292 5681 316 5730 6
335 5679 604 5748 δυνάστης
625 5680 711 5734 διὰ
741 5680 830 5733 τὸν
847 5680 1011 5747 ὄγκον
1029 5677 1121 5730 τοῦ
1146 5677 1478 5747 ἀξιώματος.
1508 5679 1750 5750 Ὄργανα

192 5771 287 5841 γάρ
310 5773 422 5826 ἐστι
449 5772 628 5827 ταῦτα
658 5775 755 5845 τῆς
785 5773 988 5842 ἀρετῆς
1011 5773 1124 5832 τοῖς
1149 5771 1327 5834 καλῶς
1359 5777 1744 5843 κεχρημένοις,

195 5865 284 5917 οὐκ
339 5867 476 5921 αὐτὰ
504 5868 567 5922 ὲν
598 5869 803 5932 ἑαυτοῖς
853 5865 1044 5936 ἔχοντα
1090 5862 1151 5917 τὸ
1208 5865 1499 5936 μακάριον.
1541 5866 1600 5920 ’0
1652 5869 1750 5936 μὲν

1834 3285 1984 3338 nium
2033 3281 2190 3338 vobis
2229 3280 2356 3346 erit,
2411 3291 2464 3336 et
2525 3278 2722 3336 exedet
2761 3292 2955 3333 carnes
3000 3287 3218 3334 vestras
3275 3281 3422 3338 sicut

1833 3376 1995 3446 ignis.

1911 3467 2103 3522 David.
2143 3465 2223 3522 Ne
2254 3467 2451 3523 timeas
2481 3481 2606 3522 eum
2639 3464 2848 3520 ditatus
2897 3465 3064 3522 fuerit
3109 3465 3297 3533 homo,
3331 3468 3435 3520 vel.

1837 3569 1996 3616 aucta
2023 3561 2195 3630 gloria
2225 3559 2445 3614 familiae
2477 3559 2677 3628 ipsius.

1911 3652 2084 3710 Eccli.
2128 3669 2289 3710 χχιιι.
2321 3652 2568 3710 Leonum
2595 3653 2814 3708 venatio
2851 3663 2979 3708 sunt
3011 3652 3205 3724 onagri
3234 3652 3288 3706 in
3333 3666 3424 3708 so~

1839 3747 2072 3804 litudine
2104 3768 2120 3805 :
2148 3747 2230 3804 sic
2263 3747 2431 3804 etiam
2463 3747 2710 3818 opulenti
2735 3747 3106 3815 depascuntur
3130 3760 3420 3817 pauperes.

1913 3839 2054 3894 Ibid.
2085 3838 2276 3896 Divitis
2306 3840 2444 3909 lapsi
2472 3840 2627 3895 multi
2671 3848 2799 3895 sunt
2829 3840 3132 3909 adjutores.

1912 3928 2152 3985 Locutus
2173 3940 2258 3985 est
2286 3939 2519 3995 secreta,
2548 3939 2603 3985 et
2638 3929 2990 3986 absolverunt
3040 3945 3166 3984 eum
3187 3967 3203 3983 .

1911 4020 2054 4076 Ibid.
2085 4019 2247 4076 Dives
2275 4021 2494 4077 locutus
2519 4030 2600 4077 est
2633 4061 2649 4088 ,
2682 4031 2736 4077 et
2779 4035 2974 4077 omnes
3012 4032 3327 4086 tacuerunt,
3364 4033 3420 4076 et

1841 4115 2156 4170 extulerunt
2182 4128 2489 4170 sermonem
2523 4115 2642 4184 ejus
2667 4130 2838 4181 usque
2869 4116 2933 4169 ad
2965 4117 3160 4172 nubes.

1911 4207 2046 4264 Ibid.
2080 4223 2157 4263 χι.
2189 4207 2413 4261 Infantis
2438 4209 2746 4272 iudivitiis,
2780 4210 3166 4278 quanto-foret
3201 4211 3254 4266 in
3290 4223 3424 4282 pau-

1841 4309 2052 4370 pertate
2081 4301 2253 4371 magis
2279 4301 2315 4353 τ’

1919 4393 2204 4449 llominem
2243 4393 2526 4449 sordidum
2560 4395 2891 4450 non-decent
2917 4395 3149 4451 divitias.

1918 4483 2062 4539 Ibid.
2088 4483 2504 4556 xxxm.Vigili:e
2522 4485 2837 4542 divitiarum
2855 4485 3190 4542 labefaciunt
3205 4500 3426 4551 carnes.

1773 4574 1819 4628 D
1847 4584 1902 4632 et
1923 4577 2234 4633 sollicitudo
2263 4592 2455 4632 earum
2487 4578 2682 4632 avertit
2710 4592 2988 4632 somnum.

1919 4668 2025 4734 Qui
2054 4668 2232 4739 diligit
2263 4669 2510 4734 divitias.
2549 4669 3104 4740 nonjustificabitur.

1926 4760 2068 4816 Ibid.
2099 4779 2224 4818 xxv.
2262 4761 2494 4818 Animus
2548 4778 2699 4819 meus
2743 4760 2872 4818 odit.
2907 4764 3128 4818 divitem
3190 4767 3418 4820 men-Ja-

1853 4869 1994 4909 cem.

1921 4945 2032 5018 64.
2070 4944 2272 5001 Incerti
2321 4947 2558 5001 auctoris
2581 4985 2596 5000 .
2628 4946 2764 5000 Boni
2816 4945 2906 5001 Dei
2963 4947 3217 5003 minister
3254 4947 3433 5004 factus

1853 5055 1934 5107 es,
1989 5054 2022 5095 o
2058 5039 2244 5102 homo,
2295 5053 2619 5095 oeconomus
2687 5053 3082 5096 conservorum
3109 5080 3128 5109 ,
3167 5057 3236 5097 ne
3279 5050 3434 5111 putes

1853 5132 2041 5186 omnia
2100 5139 2191 5184 tuo
2236 5131 2411 5185 ventri
2451 5140 2638 5200 parata
2675 5145 2819 5188 esse.
2857 5131 2932 5188 De
2961 5133 3127 5189 rebus
3167 5133 3273 5188 illis
3293 5147 3432 5202 quas

1857 5224 2110 5278 manibus
2173 5231 2421 5289 tractas,
2487 5233 2747 5294 tauquam
2807 5227 2872 5281 de
2921 5226 3116 5282 alienis
3157 5227 3431 5281 consulta.

1857 5315 2015 5372 Brevi
2073 5326 2318 5385 tempore
2349 5324 2400 5370 te
2435 5315 2734 5383 oblectant,
2777 5316 2972 5372 deinde
3003 5315 3435 5388 praeterﬂuentes

1858 5409 2205 5464 interibunt:
2243 5417 2300 5463 tu
2334 5424 2466 5465 vero
2502 5409 2838 5481 exquisitam
2879 5411 2946 5465 de
2981 5409 3113 5480 ipsis
3167 5407 3435 5462 rationem

1859 5499 2087 5556 reddere
2107 5500 2412 5571 jubeberis.

1906 5590 2088 5647 .Dives
2107 5608 2215 5647 non
2242 5594 2526 5652 habendus
2554 5604 2638 5651 est
2677 5594 2802 5650 felix
2832 5601 3054 5664 propter
3079 5592 3318 5660 divitias,
3345 5609 3437 5650 ne-

1859 5698 1965 5751 que
2012 5685 2267 5753 princeps
2299 5694 2522 5755 propter
2550 5685 2926 5740 excellentiam
2959 5684 3269 5751 dignitatis.
3310 5683 3437 5740 Haec

1861 5776 2064 5831 etenim
2129 5776 2491 5832 instrumenta
2548 5777 2765 5832 virtutis
2821 5786 2971 5843 sunt,
3009 5778 3052 5832 si
3109 5788 3252 5832 recte
3287 5777 3438 5831 adhi-

1867 5869 2085 5937 bentur,
2128 5883 2234 5925 non
2264 5879 2442 5926 autem
2470 5870 2584 5940 ipsa
2621 5868 2932 5926 felicitatem
2961 5868 3017 5923 in
3053 5884 3112 5927 se
3141 5869 3442 5926 continent.
