3822 6548
420 363 530 435 887

1693 363 2018 428 ANTONII
2060 361 2255 426 MELI
2267 362 2418 425 $3.13
3564 360 3654 428 888

418 480 567 555 Ergo
617 477 714 551 qui
757 477 900 536 male
931 475 1142 535 divitiis
1171 476 1370 540 utitur.
1408 475 1742 535 miserabilis
1776 490 1861 535 est
1892 520 1908 544 ,
1949 489 2000 535 ut

2120 475 2202 534 ιῦν
2230 478 2418 542 κακῶς
2446 477 2524 550 τῷ
2578 476 2798 549 πλούτῳ
2847 475 3190 548 κεχρημένος
3237 473 3506 539 ἐλεεινόςσ
3538 479 3602 541 ὡς
3631 482 3654 534 6

417 572 510 629 ille
546 573 641 644 qui
668 581 865 643 sponte
892 585 953 628 se
983 569 1355 626 vulneraverit
1377 570 1483 625 isto
1516 570 1716 642 gladio,
1738 586 1898 640 quem
1939 573 2007 626 ad

421 666 719 724 vindictam
756 665 994 723 hostium
1022 674 1356 734 sumpserat.

489 756 570 816 Ne
610 758 938 815 misceamus
971 773 1103 828 opes
1133 765 1352 811 nostras
1408 757 1604 811 alienis
1649 758 1925 830 lacrymis,
1976 776 2006 814 a

420 851 622 924 quibus
645 861 904 923 tanquam
932 849 1170 922 aerugine
1199 859 1253 906 et
1286 851 1452 906 tineis
1475 860 1873 903 consumentur
1903 850 2007 921 (l).

502 1035 775 1107 Cltrysost.
806 1035 1009 1090 Divitcs
1062 1043 1119 1088 ut
1167 1033 1464 1104 plurimum
1493 1034 1651 1089 facile
1675 1035 1920 1090 incidunt
1951 1037 2003 1091 in

430 1129 721 1184 malitiam.
773 1127 907 1183 Cum
953 1127 1101 1180 enim
1160 1125 1498 1182 abundantia
1533 1141 1717 1182 rerum
1750 1143 2004 1198 magnam

420 1221 608 1290 pravis
660 1221 950 1276 allectibus
999 1219 1320 1274 facilitatem
1353 1220 1615 1290 praebeat,
1645 1221 2006 1291 procliviores

420 1313 488 1367 ad
521 1314 651 1366 vitia
684 1311 975 1368 feruntur.

491 1402 810 1458 Periculosa
853 1403 1084 1458 divitum
1117 1414 1200 1460 est
1221 1406 1352 1470 vita,
1383 1415 1438 1462 et
1462 1405 1839 1462 intractabilis
1869 1420 1998 1460 mu-

416 1496 577 1550 tatio.
611 1494 764 1562 Quod
797 1495 843 1550 si
871 1495 1079 1554 dixeris
1104 1536 1119 1562 ,
1146 1497 1356 1554 Multos
1381 1497 1615 1554 famulos
1641 1499 2007 1555 circumducit

414 1588 590 1653 dives,
615 1598 667 1644 et
695 1590 870 1644 multa
900 1599 1058 1646 terra;
1076 1590 1269 1663 jugera
1297 1591 1582 1661 possidet’:
1610 1594 1844 1662 primum
1861 1593 2006 1648 scias

418 1680 694 1736 diﬂicilem
756 1681 806 1736 ei
879 1681 1215 1736 reddendam
1279 1697 1403 1739 esse
1449 1683 1518 1738 de
1550 1683 1806 1737 omnibus
1838 1682 2004 1737 rebus

2107 573 2187 642 τῷ
2218 571 2361 642 ξίφει
2383 571 2412 626 ὃ
2467 571 2628 626 ἐλαϐε
2663 571 2802 641 πρὸς
2832 569 2932 642 τὴν
2977 567 3086 623 τῶν
3138 567 3421 640 πολεμίων
3449 568 3653 640 ἄμυναν,

2108 663 2285 737 τούτῳ
2309 665 2575 729 ἑκουσίως
2613 665 2806 719 ἐαυτὸν
2835 662 3331 735 κατατιτρώσκων.

2179 757 2272 826 Μὴ
2305 756 2552 826 μίξωμεν
2578 754 2670 808 τὸν
2692 753 2964 826 ἡμέτερον
2998 750 3228 807 πλοῦτον
3257 751 3556 823 ἀλλοτρίοις
3576 755 3655 808 δά-

2109 865 2324 920 κρυσιν,
2359 849 2450 917 ὑφ’
2477 843 2555 904 ὧν
2573 847 2649 912 ὡς
2679 847 2790 902 ἀπὸ
2815 847 2904 901 ίοῦ
2917 847 3010 902 καὶ
3026 846 3189 916 σητὺς
3215 845 3652 918 δαπανηθήσεται,

2109 940 2249 1012 ἢτδ,
2280 943 2379 1012 τῆς
2408 941 2632 1012 Γραφῆς
2669 942 2868 1008 εἰπεῖν,
2901 939 3155 1009 ἐξεμέθα.

2181 1037 2244 1090 Ol
2271 1035 2519 1090 πλούσιοι
2549 1035 2625 1099 ὡς
2653 1035 2722 1090 τὰ
2770 1034 2940 1088 πολλὰ
2976 1034 3115 1104 πρὸς
3150 1033 3356 1087 κακίαν
3403 1033 3656 1102 εὐεμπτώ-

2107 1145 2214 1191 τως
2243 1128 2428 1200 έχουσι
2445 1146 2460 1161 ο
2492 1130 2590 1198 τῆς
2614 1129 2724 1201 γὰρ
2761 1127 3025 1198 εὐπορίας
3049 1126 3251 1198 πολλὴν
3270 1129 3395 1188 ταῖς
3422 1131 3657 1196 πονηραῖς

2110 1220 2427 1291 ἐπιθυμίαις
2465 1221 2814 1294 παρεχούσης
2856 1221 2957 1292 τὴν
2986 1219 3261 1286 εὐκολίαν,
3309 1218 3556 1287 ὀξύτερον
3582 1220 3658 1272 ἐπὶ

2106 1314 2175 1366 τὰ
2209 1313 2585 1384 ἁμαρτήματα
2606 1315 2917 1384 τρέχουσιν.

2191 1408 2529 1478 Ἑπισφαλὴς
2558 1409 2586 1460 ό
2616 1407 2732 1478 βίος
2757 1410 2873 1470 τοῖς
2905 1406 3226 1469 πλουτοῦσι,
3268 1407 3659 1476 δυσμεταχείρι·

2111 1517 2234 1561 στος
2273 1504 2306 1571 ἡ
2348 1499 2647 1571 μεταϐολή.
2704 1501 2766 1554 Ei
2819 1500 2876 1554 δέ
2925 1499 3128 1567 λέγεις,
3180 1499 3420 1562 Πολλοὺς
3471 1500 3658 1566 οέκέτας

2109 1596 2384 1663 περιάγει,
2419 1592 2514 1646 κοιλ⁵
2545 1592 2716 1645 πολλὰ
2760 1591 3023 1660 κέκτηται
3072 1590 3287 1662 πλέθρα
3327 1591 3430 1662 γῆς
3463 1593 3492 1644 ὁ
3521 1591 3660 1644 πλου-

2107 1685 2217 1738 τῶν
2238 1701 2252 1716 ο
2283 1685 2501 1757 πρῶτον
2531 1685 2700 1754 γνῶθι
2734 1686 2814 1740 ὃτι
2869 1685 3110 1755 χαλεπὰς
3143 1684 3255 1749 ἕξει
3300 1685 3402 1747 τὰς
3429 1684 3653 1752 εὐθύνας,

414 1773 531 1828 suis
578 1774 876 1831 rationem:
937 1770 1054 1829 Non
1117 1774 1262 1830 enim
1315 1773 1530 1829 fruendi
1562 1775 1731 1844 gratia
1786 1782 2000 1830 tantum

2120 1777 2330 1832 πάντων
2359 1777 2452 1832 τὸν
2478 1778 2638 1848 λόγον
2670 1778 2912 1848 ὑπέχων.
2965 1778 3041 1832 Ού
3074 1777 3183 1847 γὰρ
3210 1779 3362 1840 ὅπως
3389 1777 3655 1830 ἀπολαύσοι

413 1866 648 1936 accepit,
701 1868 795 1922 sed
845 1877 905 1922 ut
962 1867 1085 1924 aliis
1123 1885 1344 1940 quoque
1377 1870 1530 1926 utilis
1567 1869 1711 1926 foret
1741 1887 1755 1924 :
1780 1870 1997 1936 deinde.

414 1960 562 2029 quod
617 1959 747 2014 nihil
799 1960 848 2015 ei
887 1961 957 2015 ab
1009 1961 1111 2015 hac
1150 1961 1424 2032 opulentia
1485 1962 1774 2033 contingit.
1837 1977 2000 2032 quam

418 2067 590 2116 curae,
645 2051 961 2106 sollicitudo
991 2093 1006 2116 ,
1044 2052 1146 2118 ira,
1200 2062 1254 2108 et
1282 2063 1540 2124 perpetua
1572 2053 1912 2124 perturbatio
1938 2070 2004 2110 ac

409 2142 908 2214 tumultus.Neque
937 2145 1082 2200 enim
1115 2146 1270 2200 dives
1323 2147 1528 2203 multos
1551 2147 1740 2216 implet
1758 2157 2000 2213 ventres,

411 2251 619 2306 pauper
647 2250 776 2290 vero
802 2252 970 2291 unum
999 2237 1174 2292 Solum
1203 2256 1217 2292 :
1263 2239 1360 2293 sed
1399 2254 1567 2293 unum
1596 2252 1650 2294 et
1684 2240 1772 2295 ltic
1803 2249 1858 2294 et
1886 2240 1998 2308 iHe,

416 2336 472 2382 et
507 2343 678 2381 unum
721 2336 947 2397 uterque
986 2343 1188 2399 corpus
1222 2340 1382 2384 curat
1415 2348 1429 2384 :
1484 2331 1650 2400 idque
1706 2332 1846 2388 alter
1883 2332 2004 2388 sine

415 2428 562 2470 metu
603 2426 657 2472 et
683 2418 982 2482 anxietate,
1052 2419 1189 2474 alter
1225 2430 1466 2477 tremens
1495 2432 1550 2476 et
1577 2421 1776 2478 timens
1809 2423 2003 2478 adver-

415 2511 630 2567 sitates.
648 2510 724 2567 Ne
751 2514 1056 2582 respexeris
1082 2514 1248 2585 igitur
1269 2525 1472 2585 quanta
1494 2516 1563 2571 sit
1587 2519 1883 2585 possessio,
1904 2519 2001 2574 sed

411 2617 480 2656 an
527 2601 702 2673 major
748 2602 962 2660 fructus
1027 2605 1290 2675 majorem
1349 2606 1758 2676 possessionem
1793 2621 2000 2677 sequa-

419 2704 532 2748 Illl'.

491 2867 638 2929 Nihil
664 2875 857 2946 juvant
880 2893 1011 2948 opes
1039 2879 1260 2935 divitem
1292 2879 1635 2940 morientem,
1657 2894 1794 2949 quas
1814 2893 2000 2934 secum

361 3012 369 3020 .
420 2964 641 3022 auferre
687 2971 924 3039 nequit:
963 2981 1018 3027 et
1073 2972 1177 3026 hoc
1240 2970 1507 3026 duntaxat
1563 2973 1766 3041 recepit
1837 2971 2000 3039 lucri,

415 3063 563 3134 quod
598 3077 722 3118 cum
780 3064 992 3120 viveret
1045 3065 1191 3120 beati
1247 3065 1462 3120 titulmn
1506 3067 1650 3136 apud
1680 3065 1998 3123 adulatores

417 3158 692 3218 habuerit.

488 3364 641 3424 Multi
671 3368 877 3425 divitiis
909 3368 1193 3425 amuentes
1250 3370 1415 3424 vitam
1447 3370 1553 3426 sibi
1606 3371 1834 3427 minime
1866 3371 2006 3426 vita-

413 3463 520 3518 lem
545 3463 901 3531 existimant;
941 3463 1108 3517 aliiin
1131 3472 1374 3518 extrema
1407 3473 1724 3534 paupertate
1764 3464 2003 3519 maxima

419 3571 544 3610 cum
604 3554 878 3610 hilaritate
920 3556 1148 3625 degunt.
1182 3553 1295 3610 lmo
1323 3556 1402 3610 illi
1432 3568 1556 3626 post
1585 3557 1840 3611 satellitia
1869 3557 1993 3627 glo-

414 3649 556 3703 riam
579 3657 633 3702 et
667 3647 930 3714 honores,
967 3663 1074 3701 non
1117 3662 1243 3701 raro
1271 3649 1442 3702 vitam
1483 3650 1658 3718 ipsam
1695 3664 1998 3705 exsecran-

418 3751 510 3795 tur
541 3757 556 3794 :
588 3739 643 3795 bi
695 3755 826 3796 vero
875 3739 1122 3804 obscuri,
1156 3749 1208 3794 et
1243 3754 1309 3794 ex
1351 3741 1629 3804 obscuris,
1655 3751 1710 3797 et
1745 3743 2004 3798 omnibus

420 3833 619 3902 ign0ti,
675 3830 866 3887 multis
903 3831 1026 3884 aliis
1075 3846 1132 3885 se
1165 3831 1442 3887 beatiores
1477 3833 1816 3888 existimant.
1856 3832 2006 3889 llila-

415 3929 554 3978 ritas
633 3922 785 3978 enim
833 3934 888 3977 et
950 3922 1325 3993 tranquillitas
1389 3925 1558 3980 animi
1613 3941 1724 3980 non
1793 3929 2002 3983 tamin

415 4032 602 4074 rerum
651 4015 989 4082 conditione,
1037 4031 1201 4087 quant
1249 4017 1477 4088 judiciis
1532 4019 1820 4074 hominum
1867 4035 2003 4075 con-

415 4110 615 4166 sistere
640 4111 801 4166 solet.

488 4203 612 4272 lpse
633 4202 890 4259 Christus
915 4203 1296 4276 pronuntiavit
1328 4205 1472 4274 quod
1506 4220 1611 4260 non
1644 4207 1862 4276 possitis
1896 4207 2004 4261 Deo

417 4297 623 4351 servire
640 4304 694 4350 et
729 4312 1080 4364 mammonae,
1113 4297 1221 4369 65
1243 4305 1295 4353 et
1320 4300 1464 4367 quod
1490 4315 1650 4352 nemo
1675 4302 1844 4368 possit
1868 4300 2009 4353 duo-

417 4387 522 4440 bus
562 4387 803 4444 dominis
842 4389 1095 4454 servire;
1147 4391 1470 4461 praecipiunt
1513 4393 1659 4446 enim
1703 4393 2001 4447 contraria.

2104 1869 2269 1923 ἐλαϐε
2301 1871 2485 1941 μόνον,
2539 1870 2660 1926 ἀλλ’
2682 1871 2833 1935 ὅπως
2861 1872 2957 1924 καὶ
3012 1869 3223 1940 ἑτέροις
3253 1869 3468 1938 γένοιτο
3497 1870 3658 1938 χρήσι-

2107 1979 2243 2034 μοςο
2281 1963 2557 2034 δεύτερον,
2597 1965 2678 2018 ὅτι
2712 1963 2864 2017 οὐδὲν
2898 1963 3007 2017 ἀπὸ
3053 1961 3152 2031 τῆς
3185 1961 3506 2030 περιουσίας
3534 1960 3656 2030 αὖτῷ

2103 2058 2315 2126 γίνεται
2343 2057 2600 2128 ταύτηςῆ
2628 2055 2916 2136 φροντίδες
2946 2055 3043 2108 καὶ
3076 2055 3342 2124 μέριμναι
3375 2052 3470 2104 καὶ
3500 2052 3654 2122 ὀργαὶ,

2104 2148 2200 2201 καὶ
2233 2149 2293 2202 τὸ
2326 2149 2414 2203 διὰ
2445 2149 2648 2213 παντὸς
2677 2143 2818 2203 εἶναι
2850 2150 2910 2201 ἐν
2935 2149 3149 2218 ταραχῇ
3183 2147 3280 2199 καὶ
3308 2144 3574 2213 θορύϐοις.
3595 2145 3655 2198 03

2104 2241 2211 2311 γὰρ
2257 2241 2416 2307 οὗτος
2467 2242 2566 2312 μὲν
2600 2241 2802 2312 μυρίας
2830 2240 3124 2312 γαστέρας,
3181 2240 3210 2292 ό
3239 2239 3297 2293 δέ
3343 2238 3514 2306 πένης
3551 2237 3655 2306 μίαν

2105 2336 2306 2407 πληροῖ
2344 2337 2526 2406 μόνον,
2565 2335 2702 2390 ἀλλὰ
2734 2335 2831 2390 καὶ
2853 2330 3006 2398 οὗτος
3035 2335 3289 2398 κάκεῖνος
3327 2335 3389 2404 μί
3400 2351 3477 2400 ιν,
3506 2333 3587 2387 καὶ
3609 2332 3655 2386 ἐν

2105 2431 2410 2502 ἀμφότεροι
2465 2429 2835 2500 θεραπεύουσι
2882 2429 3081 2500 σῶμαο
3113 2427 3232 2482 ἀλλ’
3277 2429 3308 2480 ό
3363 2427 3462 2497 μὲν
3512 2429 3654 2498 χωρὶς

2105 2525 2348 2594 ἀγωνίας
2385 2530 2481 2581 καὶ
2533 2524 2712 2592 δέους,
2761 2527 2790 2578 ό
2821 2523 2878 2578 δέ
2928 2522 3073 2592 μετὰ
3100 2521 3199 2576 τοῦ
3256 2521 3550 2574 δεδοικέναι
3579 2519 3654 2572 καὶ

2103 2615 2330 2686 τρέμειν
2359 2617 2456 2678 τὰς
2477 2613 2901 2677 ἐπαναστάσεις.
2924 2612 3017 2685 Μὴ
3037 2611 3220 2666 τοίνυν
3246 2612 3365 2683 ἴδῃς
3387 2610 3463 2674 ὡς
3481 2609 3656 2678 πολλὴν

2103 2708 2219 2778 ἔχει
2267 2707 2368 2778 τὴν
2403 2707 2745 2777 περιουσίαν,
2784 2706 2904 2761 ἀλλ’
2957 2707 3007 2760 εί
3042 2705 3206 2760 πλέον
3242 2722 3296 2758 τι
3347 2705 3447 2775 τῆς
3475 2701 3652 2772 πολλῆς

2104 2805 2308 2873 ταύτης
2337 2804 2662 2860 ἀπολαύσει.

2176 2897 2343 2950 Οὐδὲν
2379 2895 2571 2965 ὄφελος
2601 2896 2678 2964 τῷ
2714 2893 2955 2965 πλουσίῳ
2983 2892 3386 2961 ἀποθνήσκοντι
3421 2891 3490 2962 μὴ
3521 2891 3653 2942 δυνα-

2109 2991 2257 3061 μένῳ
2279 2989 2466 3044 λαϐεῑν
2498 2990 2590 3043 τὸν
2623 2989 2860 3043 πλοῦτον
2883 2989 2981 3041 σὺν
3007 2987 3208 3057 ἐαυτῷ,
3238 2987 3298 3049 ὃς
3338 3000 3402 3053 γε
3431 2983 3656 3038 τοσοῦτον

2109 3085 2217 3140 ἀπὸ
2247 3082 2350 3154 τῆς
2377 3082 2734 3146 ἀπολαύσεως
2766 3082 3027 3152 ἐκέρδανε
3074 3082 3262 3152 μόνον,
3295 3080 3422 3133 ὅσον
3452 3081 3547 3150 τὴν
3574 3078 3654 3146 ψυ-

2110 3177 2212 3249 χὴν
2240 3175 2408 3230 αὐτοῦ
2438 3177 2496 3231 ἐν
2523 3178 2589 3248 τῇ
2623 3175 2735 3248 ζωῇ
2774 3175 2948 3248 ταύτῃ
2980 3175 3131 3246 παρὰ
3163 3173 3271 3227 τῶν
3303 3173 3544 3227 κολάκων
3567 3189 3653 3242 μα·

2109 3287 2178 3323 κα
2189 3270 2460 3342 ρισθῆναι.

2180 3363 2372 3417 Πολλοὶ
2421 3361 2637 3434 πλούτῳ
2668 3362 3094 3436 περιρῤεόμενοι
3128 3360 3220 3414 τὸν
3286 3359 3402 3426 βίον
3451 3358 3654 3412 ἀϐίωτον

2108 3457 2363 3528 ἐνόμισαν
2403 3454 2580 3510 εἶναι·
2622 3455 2800 3527 ἕτεροι
2839 3455 2920 3520 δέ,
2950 3453 3107 3525 πενίᾳ
3149 3455 3420 3517 συζιῖλντες
3456 3451 3652 3522 ἐσχάτῃ,

2107 3553 2326 3605 πάντων
2355 3549 2716 3620 εὐθυμότερον
2740 3549 3068 3602 διετέλεσαν.
3093 3547 3202 3598 Καὶ
3233 3549 3282 3600 οί
3315 3547 3416 3616 μὲν
3435 3545 3638 3614 δορυφο-

2111 3647 2232 3715 ρίας
2265 3643 2678 3706 ἀπολαύσαντες
2713 3642 2806 3696 καὶ
2858 3640 3022 3710 δόξης
3057 3641 3154 3696 καὶ
3197 3640 3374 3710 τιμῶν
3421 3636 3651 3696 πολλάκις

2107 3734 2278 3803 αὐτὴν
2311 3733 2660 3805 ἐπηράσαντο
2691 3731 2792 3803 τὴν
2843 3731 3022 3803 ζωήνο
3049 3733 3095 3784 οί
3144 3731 3201 3784 δὲ
3250 3732 3454 3802 ἄσημοι
3484 3731 3566 3782 καὶ⁵
3609 3724 3655 3790 ἐξ

2107 3826 2340 3895 ἀσήμων
2375 3827 2470 3880 καὶ
2501 3826 2678 3880 οὐδενὶ
2707 3824 2980 3896 γνώριμοι
3013 3824 3226 3878 πολλῶν
3259 3823 3482 3885 ἑαυτοὺς
3506 3837 3655 3891 pexa-

2108 3916 2412 3983 ριωτέρους
2437 3909 2583 3968 εῐναι
2623 3917 2903 3986 ἐνόμισαν.
2933 3915 3008 3970 Οὐ
3039 3916 3154 3986 γὰρ
3193 3918 3254 3969 ἐν
3292 3918 3358 3985 τῇ
3394 3917 3544 3983 φύσει
3565 3911 3654 3963 τῶν

2105 4011 2454 4078 πραγμάτων
2480 4007 2676 4074 οὕτως,
2707 4009 2784 4072 ὠς
2817 4010 2876 4062 ἐν
2899 4011 2966 4079 τῇ
2998 4007 3196 4080 γνώμῃ
3216 4006 3328 4061 τῶν
3359 4006 3650 4077 ἀνθρώπων,

2104 4097 2175 4151 τά
2203 4099 2302 4169 τῆς
2333 4099 2600 4171 εὐθυμίας
2629 4100 2884 4155 ἵστασθαι
2917 4102 3186 4169 πέφυκεν.

2175 4191 2349 4256 Αὐτὸς
2379 4193 2408 4246 ό
2439 4193 2674 4264 Χριστὸς
2699 4194 3041 4265 ἀπεφήνατο,
3078 4197 3162 4251 ὅτι
3194 4198 3272 4253 Ού
3306 4199 3530 4254 δύνασθε
3552 4196 3654 4266 Θεῷ

2106 4283 2381 4341 δουλεύειν
2410 4289 2504 4340 καὶ
2545 4288 2786 4359 μαμωνᾷ
2810 4303 2826 4317 ο
2859 4289 2954 4342 καὶ
2981 4289 3066 4342 ὅτι
3119 4290 3299 4355 οὐδεὶς
3323 4291 3538 4346 δύναται
3556 4289 3656 4342 δυσὶ

2105 4379 2320 4450 κυρίοις
2369 4378 2678 4433 δουλεύειν·
2731 4382 2950 4436 ἐναντία
3015 4383 3123 4454 γὰρ
3180 4385 3570 4439 ἐπιτάττουσιν.
3605 4383 3654 4434 '0

415 4481 667 4537 Christus
729 4482 949 4552 inquit,
991 4483 1162 4537 Parce
1238 4482 1590 4551 pauperibus.
1665 4484 2000 4540 Mammonas

2120 4473 2344 4542 Χριστὸς
2374 4473 2553 4542 λέγειν
2576 4472 2765 4528 Φείδου
2811 4475 2920 4528 τῶν
2981 4478 3294 4547 πενομένων
3318 4495 3337 4513 ο
3368 4481 3397 4532 ό
3426 4478 3655 4551 μαμωνᾶς

416 4574 614 4642 inquit,
645 4573 819 4627 Nudis
841 4574 1007 4628 etiam
1037 4588 1158 4642 qua:
1187 4573 1390 4626 habent
1438 4574 1718 4629 abstralte.
1743 4576 1998 4632 Christus

416 4663 614 4731 inquit,
637 4661 852 4716 Evacua
879 4678 1002 4731 qua;
1029 4663 1221 4716 babes.
1256 4661 1594 4718 Mammonas
1617 4664 1816 4734 inquit,
1841 4668 2001 4723 Acci-

415 4769 483 4824 pe
545 4756 710 4807 etiam
770 4769 894 4824 quae
964 4769 1073 4808 non
1130 4754 1318 4810 babes.
1385 4756 1772 4813 Verumtamen
1828 4763 2005 4831 magis

419 4843 764 4899 auscultatur
815 4844 914 4912 illi,
966 4845 1126 4914 cujus
1157 4846 1430 4914 crudelia,
1453 4847 1713 4903 immania
1737 4858 1792 4906 et
1820 4851 2000 4906 ferina

417 4945 550 4995 sunt
583 4945 876 5006 praecepta,
905 4953 1068 5007 quant
1120 4939 1135 4993 i
1162 4939 1196 4992 li
1250 4939 1345 5008 qui
1376 4941 1539 4996 nobis
1562 4942 1797 5014 benigna
1833 4952 1889 4998 et
1917 4961 2004 4998 sa-

419 5029 615 5084 lutaria
673 5031 942 5099 praecipit.
996 5029 1124 5086 llaac
1189 5048 1358 5088 causa
1387 5044 1475 5088 est
1498 5035 1781 5104 gehennae,
1831 5051 2001 5089 causa

417 5121 798 5189 tenebrarum,
835 5139 998 5180 causa
1054 5123 1206 5180 ﬂuvii
1265 5126 1442 5197 igniti,
1480 5127 1718 5200 denique
1755 5128 2002 5199 perpetui

319 5243 385 5257 ιη
420 5214 624 5269 vermis
655 5231 846 5271 causa.

491 5305 703 5375 Cyrilli.
737 5308 954 5363 Divitiis
976 5309 1139 5364 etiam
1167 5321 1314 5366 recte
1349 5313 1425 5366 uti
1461 5312 1609 5378 licet,
1645 5313 1693 5367 si
1727 5314 2009 5384 expentlas

421 5399 822 5470 indigentibus.

491 5489 752 5547 Molestia:
777 5495 975 5551 divites
1009 5496 1304 5562 plurimum
1327 5499 1484 5568 sequi
1517 5499 1716 5563 solent,
1750 5509 1802 5553 et
1831 5517 1893 5556 ex
1920 5503 1999 5554 ni-

422 5582 534 5638 mia
563 5585 814 5655 superbia
843 5588 908 5640 ad
929 5589 1312 5658 negligentiam
1335 5589 1719 5644 detrahuntur.

2103 4566 2269 4633 λέγει,
2307 4567 2419 4619 Καὶ
2456 4567 2582 4629 τοὺς
2607 4569 2850 4636 γυμνοὺς
2899 4569 3168 4622 ἀπόδυσον
3221 4571 3362 4624 αὐτὰ
3390 4571 3425 4625 ἃ
3453 4571 3650 4643 ἔχουσιν.

2116 4659 2174 4712 ’0
2207 4658 2442 4730 Χριστὸς
2471 4657 2638 4727 λέγει,
2676 4660 2929 4713 Κένωσον
2960 4661 3104 4729 ἅπερ
3146 4661 3290 4732 ἔχεις
3315 4677 3331 4695 ⁸
3363 4665 3392 4718 6
3423 4663 3654 4734 μαμωνίῖ

2107 4753 2278 4819 λέγει,
2311 4752 2461 4806 Λάϐε
2499 4753 2592 4806 καὶ
2622 4753 2770 4825 ἃπερ
2803 4754 2906 4806 οὐκ
2936 4755 3106 4824 ἔχεις.
3145 4757 3287 4809 Ἀλλ’
3317 4760 3467 4826 ὅμως
3495 4755 3652 4810 ἀκούε-

2107 4864 2198 4901 ται
2237 4848 2441 4918 μάλλον
2471 4849 2499 4900 ὁ
2523 4848 2590 4901 τὰ
2617 4847 2745 4918 ὠμὰ
2775 4849 2868 4902 καὶ
2894 4849 3078 4919 ἀπηνῆ
3113 4851 3208 4903 καὶ
3246 4850 3487 4921 θηριώδη
3517 4863 3654 4920 προσ-

2105 4941 2316 4997 τάττων
2343 4938 2438 4992 τοῢ
2491 4941 2561 4993 τὰ
2608 4941 2828 5009 ἐπιεικῆ
2867 4942 2962 4992 καὶ
2998 4942 3244 5012 σωτήρια
3293 4945 3424 5012 ἡμῖν
3452 4940 3655 4994 κελεύονο

2105 5047 2218 5093 τος.
2248 5033 2346 5084 Διὰ
2373 5029 2536 5084 τοῦτο
2575 5031 2794 5099 γέεννα,
2827 5032 2916 5084 διὰ
2951 5031 3113 5086 τοῦτο
3149 5034 3364 5097 σκότος,
3413 5033 3495 5085 διὰ
3525 5029 3652 5084 τοῦτο

2112 5128 2355 5197 ποταμὸς
2388 5127 2582 5198 πυρὶς,
2618 5126 2704 5180 διὰ
2742 5126 2900 5180 τοῦτο
2930 5126 3146 5196 σκώληξ
3172 5126 3540 5196 ἀτελεύτητος.

2190 5307 2346 5360 Ἐστι
2406 5307 2503 5361 καὶ
2555 5306 2772 5378 πλούτῳ
2826 5307 2907 5372 είς
2936 5306 3054 5358 δέον
3088 5308 3422 5378 χρήσασθαι,
3451 5302 3651 5361 ὅτανεῐς

2109 5399 2235 5462 τοὺς
2262 5401 2554 5468 δεομένους
2586 5401 2859 5471 ἀναλώσῃ.

2181 5493 2305 5554 Τοῖς
2340 5493 2628 5547 πλουτοῦσι
2655 5495 2888 5564 μάλιστα
2923 5495 3264 5564 παρέπεσθαι
3295 5495 3437 5563 φιλεῖ
3467 5494 3519 5543 τὸ
3548 5491 3649 5542 δυσ⁸

2110 5586 2279 5653 ήνιον,
2313 5587 2407 5639 καὶ
2461 5589 2525 5638 ὲκ
2570 5587 2827 5656 πλείστης
2856 5587 2995 5655 ἄγαν
3018 5588 3324 5658 ἀγερωχῖις
3358 5582 3650 5651 καέαπλρθν

2109 5691 2200 5730 ται
2232 5679 2364 5746 πρὶς
2396 5683 2453 5729 τὸ
2486 5678 2750 5747 ῥᾴθυμον.

499 5843 573 5916 (Ι)
603 5846 730 5913 Quae
773 5847 860 5903 hic
898 5848 953 5904 iu
987 5848 1176 5909 Graeco
1213 5862 1532 5925 sequuntur
1573 5853 1780 5922 aliquot
1814 5854 1992 5918 verba,
2031 5854 2287 5910 videntur
2319 5865 2598 5919 corrupta.
