3822 6570
179 402 293 464 889

970 410 1139 470 1.0m
1182 401 1728 478 COMMUNES.-'
1762 414 1981 479 rans.
2031 420 2075 481 ι.
2121 418 2376 481 SERMO
2407 423 2686 487 XXXIII.

3328 433 3433 498 890

255 514 481 577 ιΙλοῦτος
559 516 752 579 κακίας
815 519 1015 586 ρᾶιλον
1067 516 1099 590 ἢ
1166 522 1567 592 καλοκαγαθίας
1619 527 1727 579 ἐστὶ

1944 525 2206 585 Philonis.
2241 529 2447 586 Divitiae
2474 534 2647 604 magis
2681 534 3013 605 improbitati
3071 554 3232 609 quam
3261 541 3431 597 hone-

180 604 475 678 ὑπηρέτης.

394 736 399 745 ,
776 705 994 759 ΛΟΓΟΣ
1021 703 1146 762 Al".

525 796 661 864 Περί
691 798 944 866 πτωχῶν
975 801 1073 854 καί
1108 801 1402 869 πενήτων,

250 887 512 958 Κραυγὴν
548 890 784 959 πένητος
832 894 927 944 καὶ
955 898 1205 965 κραυγὴν
1235 897 1457 969 πτωχοῦ
1504 898 1755 955 εἰσακού-

175 995 328 1033 σιται
355 979 585 1052 Κύριος.

246 1070 360 1124 Οὐκ
416 1074 497 1133 si;
528 1070 679 1135 τέλος
727 1074 1154 1145 ἐπιλησθήσεται
1182 1080 1210 1130 ό
1235 1082 1464 1152 πτωχός.
1514 1082 1577 1135 Ἦ
1617 1083 1750 1139 ὑπο-

173 1162 307 1231 μονὴ
336 1162 446 1215 τῶν
475 1165 725 1235 πενήτων
750 1167 849 1219 οὐκ
884 1169 1171 1223 ἀπολεῖται
1213 1173 1293 1235 είς
1322 1173 1496 1237 τέλος,

240 1256 435 1324 Κρινεῖ
470 1259 597 1319 τοὺς
654 1259 904 1328 πτωχοὺς
939 1260 1034 1314 τοῦ
1080 1262 1235 1331 λαοῦ,
1268 1264 1362 1318 καὶ
1416 1267 1580 1324 σώσει
1622 1272 1749 1336 τοῖος

169 1347 318 1409 υἱοὺς
350 1347 457 1401 τῶν
486 1349 756 1420 πενήτων.

242 1437 461 1505 Ἐγνων
481 1439 563 1492 ὅτι
588 1440 804 1508 ποιήσει
850 1442 1056 1513 Κύριος
1086 1444 1186 1516 τὴν
1231 1448 1416 1518 κρίσιν
1449 1452 1557 1506 τῶν
1601 1452 1748 1511 πτωί

165 1533 296 1602 χῶν,
337 1534 434 1586 καὶ
467 1534 568 1600 τὴν
601 1534 758 1603 δίκην
787 1538 895 1589 τῶν
930 1540 1199 1608 πενήτων.

250 1624 309 1676 Ὀ
337 1625 629 1693 ἀτιμάζων
659 1628 871 1696 πένητα
900 1629 1234 1699 ἁμαρτάνει.

242 1713 307 1770 Ὀ
340 1716 694 1786 συκοφαντῶν
743 1719 951 1792 πένητα
1000 1722 1291 1794 παροξύνει
1321 1724 1417 1779 τὸν
1447 1732 1745 1801 ποιήσαντα

164 1807 349 1861 αὐτόν.

234 1900 404 1954 Πενία
426 1901 597 1972 ἄνδρα
622 1908 887 1960 ταπεινοῖ.

232 1992 507 2046 Πλουσίου
540 1995 753 2064 πτωχὸς
778 1997 875 2065 ούχ
919 1997 1206 2064 ὑφίσταται
1236 2001 1491 2073 ἀπειλήν.

230 2084 425 2137 Πάντα
482 2086 551 2139 τά
591 2087 729 2156 ἔργα
774 2089 870 2141 τοῦ
917 2090 1136 2162 πτωχοῦ
1187 2097 1400 2165 φανερά
1458 2099 1609 2169 παρὰ
1662 2098 1740 2171 τῷ

161 2176 311 2245 θεῷ.

236 2268 339 2329 ’ος
369 2267 717 2339 ἀποφράσσει
767 2271 836 2325 τὰ
886 2268 1000 2327 ὦτα
1047 2276 1214 2329 αὑτοῦ
1260 2277 1354 2331 τοῦ
1389 2282 1463 2350 μὴ
1508 2281 1739 2339 ἀκοῦσαι

160 2360 405 2430 πτωχοῦ,
458 2361 559 2431 τῆς
612 2362 851 2435 δεήσεως
901 2366 1069 2420 αὐτοῦ
1120 2371 1220 2423 οὐκ
1287 2374 1674 2431 είσακούσεται
1711 2379 1740 2431 ό

160 2453 321 2512 Θεός.

250 2540 317 2593 Ἦ
345 2541 510 2609 σοφία
540 2542 635 2597 τοῦ
659 2546 889 2615 πένητος
932 2547 1356 2621 ἐξουθενημὲνη,
1393 2555 1487 2607 καὶ
1518 2557 1567 2608 οί
1589 2554 1738 2626 λόγοι

164 2631 339 2685 αὑτοῦ
365 2634 466 2687 οὐκ
491 2634 631 2687 τίσιν
669 2637 1017 2706 ἀκουόμενοι.

226 2727 679 2797 Βοσκηθὴσονται
722 2733 927 2802 πτωχοὶ
954 2731 1041 2786 διὰ
1096 2736 1326 2805 Κυρίου,
1384 2738 1621 2809 πένητες
1677 2741 1735 2795 δὲ

154 2818 438 2887 ἄνθρωποι
472 2820 565 2874 ἐπ’
590 2823 814 2894 είρήνης
838 2824 1269 2886 ἀναπαύσονται.

222 2912 503 2977 Ταπεινὸς
543 2915 798 2985 ἐσφάλη,
852 2918 947 2969 καὶ
999 2922 1489 2994 προσεπετίμησαν
1543 2927 1729 2997 αὐτῷ’

154 3002 464 3073 ἐφθέγξατο
496 3004 731 3074 σύνεσιν,
765 3008 857 3061 καὶ
890 3009 991 3061 οὐκ
1022 3010 1176 3082 ἐδόθη
1209 3013 1360 3085 αὐτῷ
1388 3016 1575 3080 τόπος.

1856 616 1981 668 stati
2010 619 2335 673 inserviunt.

2183 708 2418 767 SERth
2466 712 2685 769 XXXIII
2740 714 2841 786 [ιιι.
2871 715 3126 791 CXLlll].

2297 804 2374 857 De
2398 807 2572 875 egenis
2602 817 2650 861 et
2667 810 3006 878 pauperibus.

1921 890 2046 946 Job.
2074 892 2382 951 Clamorem
2414 901 2667 969 pauperis
2738 910 2793 956 et
2821 903 3113 958 clamorem
3139 906 3292 977 egeni
3322 906 3431 963 Do-

1852 981 2035 1036 minus
2058 984 2331 1041 exaudiet.

1929 1071 2076 1126 Ριαι.
2104 1091 2179 1133 ix.
2202 1073 2318 1131 Non
2349 1078 2400 1131 in
2424 1089 2676 1149 perpetua
2697 1081 2968 1137 oblivione
2984 1083 3429 1155 jacehitegcnus.

1850 1161 2115 1219 Patientia
2151 1182 2446 1237 pauperum
2472 1187 2578 1225 non
2633 1188 2850 1242 semper
2880 1175 3259 1232 l'rustrabitur.

1920 1252 2165 1311 Ibid.vtt.
2191 1255 2467 1313 Judicabit
2496 1260 2689 1332 inopes
2718 1264 2931 1334 populi,
2973 1277 3027 1320 et
3053 1268 3192 1323 tilios
3222 1284 3425 1338 paupe-

1850 1360 1970 1399 rum
1997 1348 2259 1401 servabit.

1918 1432 2063 1489 Ibid.
2087 1451 2312 1493 cxxxtx.
2340 1437 2583 1509 Cagnovi
2624 1443 2768 1512 quod
2802 1443 3058 1501 Domines
3090 1458 3312 1506 acturus
3342 1458 3427 1506 est

1846 1541 2070 1581 causam
2099 1528 2349 1599 inopum,
2388 1531 2730 1601 etjudicium
2778 1539 3104 1607 pauperuin.

1918 1617 2077 1674 Prov.
2110 1635 2240 1675 xvn.
2268 1619 2371 1687 Qui
2418 1624 2630 1692 spernit
2688 1640 3005 1696 pauperem,
3040 1640 3247 1698 peccat.

1918 1710 2020 1777 Qui
2069 1726 2362 1782 pauperem
2454 1716 2841 1784 calumniatur,
2888 1720 3068 1775 irritat
3122 1733 3421 1778 creatorem

1845 1821 1984 1876 epis.

1769 1875 1818 1935 Β
1879 1875 1885 1876 ⁷
1920 1898 2219 1967 Paupertas
2253 1898 2507 1954 hmniliat
2532 1900 2729 1957 virum.

1917 1988 2076 2043 Prov.
2110 2004 2225 2043 xm.
2256 1987 2469 2059 Pauper
2496 2006 2604 2045 non
2633 1990 2870 2049 sustinet
2898 1991 3075 2048 minas
3106 1995 3314 2052 divitis.

1912 2080 2109 2138 Omnia
2143 2098 2309 2153 opera
2337 2084 2516 2154 inopis
2546 2086 2838 2143 manifesta
2872 2099 3003 2142 sunt
3032 2091 3175 2158 apud
3209 2090 3402 2147 Deum.

1921 2262 2073 2319 Prov.
2102 2280 2215 2318 xxt.
2266 2264 2369 2331 Qui
2433 2265 2670 2320 obSIruit
2726 2283 2890 2323 aures
2938 2285 3068 2326 snas
3122 2288 3187 2326 ne
3237 2275 3422 2329 audiat

1840 2365 2109 2428 egentem,
2140 2357 2287 2412 illius
2319 2372 2509 2427 preces
2538 2373 2646 2412 non
2703 2360 2958 2414 exaudiet
2992 2362 3277 2418 Dominus.

1913 2536 2090 2592 Eccle.
2124 2554 2198 2593 Ix.
2226 2538 2509 2610 Sapientia
2531 2538 2786 2610 pauperis
2839 2542 2975 2598 nihil
3029 2556 3333 2615 reputatur,
3361 2557 3418 2604 et

1840 2636 2003 2685 verba
2033 2631 2153 2700 ejus
2192 2648 2297 2686 non
2346 2634 2662 2690 audiuntur.

1910 2720 2025 2775 Isa.
2061 2740 2167 2777 xw.
2202 2722 2444 2793 lnopesa
2470 2726 2699 2781 Domino
2732 2740 3048 2800 pascentur,
3080 2740 3133 2784 et
3170 2730 3418 2788 homines

1838 2827 2105 2884 pauperes
2139 2815 2191 2868 in
2232 2831 2367 2884 pace
2400 2819 2707 2886 quiescent.

1913 2903 2081 2960 Eccli.
2104 2923 2221 2963 xm.
2248 2907 2481 2965 llumilis
2503 2912 2773 2982 quispiam
2793 2914 3014 2980 erravit,
3034 2923 3089 2970 et
3108 2916 3417 2985 iucrepatus

1836 3006 1919 3051 est
1949 3013 1965 3063 ;
1998 2998 2214 3056 locutus
2258 3013 2343 3056 est
2370 3003 2666 3073 sapienter,
2693 3014 2746 3060 ct
2783 3020 2890 3060 non
2922 3008 3082 3063 datus
3114 3018 3198 3063 cst
3225 3011 3271 3064 ei
3334 3012 3409 3063 lo-

1835 3104 1956 3144 CllS.

220 3185 517 3257 Προσενχὴ
558 3187 816 3251 ταπεινοῦ
853 3189 1083 3259 νεφέλας
1136 3191 1346 3261 διῆλθε,
1400 3196 1496 3250 καὶ
1543 3195 1606 3250 ού
1653 3198 1727 3268 μὴ

1906 3180 2043 3234 Ibid.
2076 3198 2237 3238 xxxv.
2269 3182 2459 3239 Oratio
2513 3184 2737 3243 humilis
2785 3203 2881 3258 per
2932 3191 3103 3245 nubes
3142 3193 3413 3256 transivit,

153 3278 513 3367 παραιτληθῇ,
540 3279 645 3343 ἕως
674 3280 741 3334 ἂν
770 3282 1134 3353 ἑπισκέψηται
1164 3283 1458 3356 ’Υψιστος.

216 3456 395 3525 Σοφία
422 3457 685 3513 ταπεινοῦ
720 3459 997 3529 ἀνυψώσει
1045 3464 1292 3535 κεφαλὴν
1321 3463 1512 3532 αὑτοῦ,
1544 3467 1641 3521 καὶ
1667 3470 1726 3525 ὲν

154 3549 309 3618 μέσῳ
345 3550 696 3620 μεγιστάνων
728 3550 913 3605 καθιεῖ
940 3554 1124 3616 αὐτόν.

219 3638 448 3707 Πτωχὸς
478 3637 758 3705 δοξάζεται
794 3638 863 3691 δι’
897 3641 1208 3713 ἐπιστήμην
1251 3646 1348 3701 καὶ
1401 3646 1727 3703 εὐλάϐειανο

150 3731 176 3783 ὁ
199 3729 566 3801 δοξαζόμενος
600 3733 659 3785 ἂν
689 3732 954 3805 πτωχείᾳ,
987 3736 1243 3805 ποσαχῶς
1272 3739 1330 3791 ὲν
1360 3739 1576 3812 πλούτῳ
1607 3743 1621 3796 l

216 3910 311 3982 Μὴ
342 3909 706 3982 παρεκτείνου
746 3911 917 3984 πένης
941 3908 1018 3968 ὢν
1041 3912 1305 3987 πλουσίῳ,
1333 3919 1401 3990 τῇ
1445 3918 1502 3973 δὲ
1540 3922 1607 3992 σῇ
1642 3921 1728 3975 εύ-

152 4006 267 4077 νοίᾳ
307 4005 582 4075 ἀπόσχου.

231 4095 537 4165 Ἐμίσησεν
562 4098 594 4167 ἠ
622 4095 769 4167 ψυχή
803 4114 905 4167 μου
935 4099 1147 4169 πτωχὸν
1188 4100 1556 4172 ὑπερήφανον.

215 4185 551 4259 Πτωχεύων,
591 4189 865 4260 ἄνθρωπε,
902 4190 1219 4261 εὐφραίνου,
1250 4195 1331 4249 ὅτι
1364 4196 1619 4266 Λαζάρου
1658 4213 1720 4250 σε

149 4281 212 4333 τά
239 4281 317 4348 ἀγ
326 4279 435 4333 ιθὰ
466 4279 787 4347 διαδέξεται.

215 4371 497 4440 Οὐδεμίαν
528 4370 793 4441 αἰσχύνην
822 4372 883 4424 τὸ
909 4373 1168 4428 πένεσθαι
1200 4375 1472 4445 προξενεῖ.

226 4463 351 4515 Ἑνὶ
391 4462 570 4531 τούτῳ
612 4461 946 4533 διαφέρομεν
981 4466 1091 4521 τῶν
1129 4468 1505 4521 πλουτούντων
1539 4469 1587 4523 οί
1620 4468 1723 4523 πέ-

148 4569 345 4621 νητες,
396 4554 466 4622 τῇ
531 4552 839 4622 ἀμεριμνίᾳ
875 4570 889 4585 ο
944 4554 1039 4607 καὶ
1097 4557 1489 4628 καταγελῶμεν
1550 4557 1729 4611 αὐτῶν

148 4643 603 4712 άγρυπνούντων,
632 4642 787 4695 αὐτοὶ
817 4642 1196 4709 καθεύδοντες.

217 4736 392 4787 Πενία
427 4734 568 4803 μετὰ
592 4732 852 4803 ἀληθείας
877 4735 1057 4807 πάσης
1088 4738 1441 4803 ἀπολαύσεως
1468 4740 1583 4804 τοῖς
1618 4756 1729 4793 σω-

150 4828 412 4898 φρονοῦσι
446 4827 770 4897 τιμιωτέρα.

215 4919 293 4973 Οὐ
348 4920 413 4971 τδ
444 4920 701 4973 πένεσθαι
734 4921 1130 4986 ἐπονείδιστον,
1161 4922 1301 4976 ἀλλά
1333 4922 1394 4975 τὸ
1430 4923 1505 4994 μὴ
1540 4921 1727 4996 φέρειν

100 5008 107 5017 ’
149 5011 510 5080 εὐγνωμόνως
539 5012 640 5082 τὴν
666 5014 875 5068 πενίαν.

217 5103 401 5170 Πὲνης
440 5102 515 5172 μὴ
541 5102 852 5175 ἀθυμήσῃς.
891 5103 953 5157 Ἥ
988 5104 1095 5172 γὰρ
1126 5104 1208 5166 είς
1258 5103 1400 5171 ἄγαν
1453 5106 1725 5176 κατήφεια

149 5194 363 5260 γίνεται
394 5192 496 5260 τῆς
524 5194 798 5263 ἁμαρτίας
829 5195 979 5248 αἰτία
1006 5234 1021 5258 ,
1050 5199 1146 5265 τῆς
1184 5197 1281 5265 μὲν
1326 5195 1501 5267 λύπης
1534 5198 1724 5267 βαπτι-

151 5288 353 5357 Color];
391 5286 486 5337 τὸν
534 5286 678 5352 νοῦν,
714 5286 809 5339 καὶ
845 5287 1157 5356 ἀμηχανίας
1193 5288 1451 5359 ποιούσης
1483 5291 1720 5358 ῐλιγγον,

147 5380 243 5446 τῆς
276 5380 333 5431 δὲ
369 5377 607 5447 ἀπορίας
638 5377 749 5431 τῶν
773 5378 1057 5447 λογισμῶν
1082 5379 1182 5449 τὴν
1227 5380 1555 5449 ἀχαριστίαν
1585 5382 1723 5434 ἀπο-

151 5468 455 5533 γεννώσης.
513 5467 604 5536 Μὴ
643 5468 752 5536 γὰρ
801 5467 901 5519 οὐκ
937 5467 1219 5520 ὲπιόλὲπει
1257 5470 1358 5538 τὴν
1410 5472 1668 5525 στένωσιν
1695 5474 1723 5524 ό

148 5558 317 5626 Θεός;
353 5560 511 5628 Ἔχει
541 5558 638 5630 τὴν
688 5559 895 5629 τροφὴν
926 5560 983 5611 ἐν
1016 5561 1162 5629 χερὶ,
1216 5561 1309 5613 καὶ
1363 5562 1722 5617 ἀναϐάλλεται

149 5652 246 5721 τὴν
270 5650 442 5713 δόσιν,
470 5650 555 5704 ἵνα
587 5667 681 5703 σου
712 5652 985 5723 δοκιμάσῃ
1012 5652 1071 5703 τὸ
1107 5651 1348 5720 βέσαιον.

213 5742 387 5796 Οᾷδὲν
424 5740 504 5813 τῷ
545 5741 663 5813 Θεῷ
733 5742 909 5812 μέγα,
962 5742 989 5794 δ
1030 5741 1107 5813 μὴ
1141 5741 1234 5796 καὶ
1282 5743 1473 5817 πένησι
1517 5745 1718 5803 δίδωσι.

1782 3270 1800 3291 ⁴
1833 3278 1889 3325 et
1949 3286 2056 3326 nou
2111 3274 2344 3344 accipiet
2408 3277 2690 3343 solatium,
2748 3279 2919 3335 donec
2973 3282 3157 3337 visitet
3191 3286 3411 3340 Altissi-

1836 3376 1980 3416 mus.

1903 3455 2045 3511 Ibid.
2075 3473 2238 3513 xxxv.
2255 3455 2528 3529 Sapientia
2548 3460 2768 3517 humilis
2783 3464 3005 3519 extollet
3020 3476 3186 3537 caput
3210 3468 3407 3537 ipsius,

1830 3554 1885 3600 et
1910 3546 2198 3601 collocabit
2222 3562 2346 3601 eum
2402 3548 2548 3603 inter
2602 3552 2904 3623 principes.

1904 3636 2047 3692 Ibid.
2082 3654 2134 3694 x.
2166 3636 2378 3709 Pauper
2408 3641 2659 3697 laudatur
2707 3646 2774 3698 ob
2824 3646 3103 3705 scientiam
3139 3663 3191 3703 et
3226 3651 3347 3706 mod
3372 3674 3409 3693 '-

1831 3729 1992 3782 stiam
2028 3744 2041 3779 :
2071 3729 2162 3797 qui
2190 3728 2351 3799 igitur
2380 3743 2584 3806 pauper
2616 3732 2917 3789 honoratus
2950 3746 3053 3803 est,
3093 3749 3293 3807 quanto
3326 3740 3409 3794 di-

1831 3834 1921 3875 ves
1956 3819 2096 3874 idem
2127 3830 2273 3876 esset
2325 3823 2644 3877 honoratior
2681 3824 2695 3877 l

1903 3909 2055 3967 Prov.
2080 3928 2212 3965 xm.
2246 3911 2462 3983 Pauper
2492 3928 2615 3968 cum
2643 3916 2720 3970 sis
2765 3931 2833 3972 ne
2854 3918 3151 3974 contendas
3174 3934 3297 3976 cum
3327 3921 3408 3975 di-

1828 4000 1957 4067 vite,
1978 4002 2073 4056 sed
2100 4017 2196 4072 per
2218 4004 2563 4073 prudentiam
2599 4013 2745 4059 tuam
2780 4006 3016 4063 abstine.

1897 4094 2024 4149 Odit
2054 4096 2236 4149 anima
2284 4110 2404 4149 mea
2438 4096 2652 4165 inopem
2685 4099 2998 4167 superbum.

1896 4183 1956 4238 S.
1983 4184 2194 4239 Basilii.
2221 4182 2540 4250 Gaudeas,o
2566 4185 2750 4250 homo,
2781 4189 2831 4240 in
2870 4190 3119 4257 penuria,
3143 4192 3401 4262 quoniam

1824 4272 2013 4328 Lazari
2051 4278 2188 4328 bona
2214 4284 2263 4329 te
2280 4284 2601 4345 sequentur.

1896 4366 2110 4420 Nullum
2139 4367 2375 4421 dedecus
2414 4375 2707 4436 paupertas
2734 4368 3007 4437 producit.

1894 4455 2006 4510 Hoc
2035 4470 2143 4509 uno
2171 4470 2436 4526 pauperes
2461 4470 2488 4507 a
2513 4454 2772 4509 divitibus
2800 4456 3092 4522 distamus,
3118 4459 3228 4530 66
3250 4468 3401 4511 tran-

1831 4548 2103 4616 quillitate
2139 4548 2309 4602 animi
2346 4565 2359 4601 :
2391 4555 2449 4602 et
2481 4545 2694 4614 vigilias
2740 4547 2982 4617 ipsorum
3014 4550 3258 4607 ridemus
3288 4552 3394 4622 ipsi

1830 4640 2183 4694 dormientes.

1900 4728 2201 4800 Paupertas
2234 4744 2359 4783 cum
2387 4730 2616 4785 veritate
2671 4731 2863 4799 quavis
2912 4731 3171 4786 fruitione
3197 4733 3401 4801 pretio-

1828 4823 1941 4878 sior
1963 4832 2048 4877 est
2071 4823 2214 4891 apud
2246 4823 2561 4891 prudentes.

1897 4917 2017 4971 Non
2042 4926 2196 4985 turpe
2219 4926 2304 4971 est
2329 4932 2452 4972 esse
2485 4932 2803 4988 pauperem,
2837 4921 2933 4973 sed
2964 4936 3068 4974 non
3098 4934 3253 4991 a'quo
3280 4922 3399 4975 anl-

1827 5023 1919 5063 mo
1946 5007 2087 5063 ferre
2116 5017 2509 5078 paupertatem.

1895 5096 2108 5167 Pauper
2129 5098 2256 5151 dum
2286 5112 2345 5152 es
2391 5112 2462 5151 ne
2501 5097 2726 5169 abjieias
2758 5101 3025 5155 animum.
3046 5100 3221 5156 Nimia
3253 5105 3396 5157 enim

1831 5187 2054 5243 tristitia
2090 5189 2259 5258 gignit
2292 5198 2595 5256 peccatum,
2641 5192 2694 5243 in
2722 5206 2825 5258 qua
2852 5207 3056 5246 maeror
3093 5194 3397 5263 sulnnergit

1826 5288 2081 5342 mentem,
2112 5287 2166 5333 et
2197 5277 2361 5331 veluti
2395 5277 2720 5349 vertiginem
2749 5280 2881 5336 facit
2908 5282 3019 5352 ipsa
3044 5284 3391 5353 perplexitas,

1825 5380 1879 5425 et
1926 5370 2281 5426 consiliorum
2332 5370 2559 5436 penuria
2608 5370 3057 5441 iugratitudinem
3116 5372 3390 5443 produt-it.

1822 5464 1905 5517 An
1940 5471 2094 5531 putas
2130 5461 2295 5515 Deum
2334 5476 2440 5515 non
2472 5461 2673 5517 intueri
2699 5465 3004 5543 angustiam
3071 5464 3264 5518 tuam?
3290 5464 3390 5518 At-

1825 5557 1916 5624 qui
1946 5555 2036 5610 ille
2056 5568 2180 5608 cum
2214 5553 2413 5609 victum
2442 5554 2495 5608 in
2525 5554 2778 5611 manibus
2811 5556 3024 5621 habeat,
3044 5554 3228 5625 largiri
3258 5572 3392 5611 cun-

1824 5652 2021 5709 ctatur,
2048 5651 2107 5697 ut
2137 5645 2457 5706 constantia:
2484 5654 2587 5699 tuae
2619 5646 3047 5715 experimentum
3080 5655 3280 5699 sumat.

1822 5764 1831 5779 οη
1899 5735 2167 5804 Theologi.
2196 5734 2339 5789 Nihil
2376 5735 2558 5805 magni
2600 5736 2840 5804 possidet
2900 5738 3062 5805 Deus,
3099 5738 3241 5807 quod
3276 5752 3386 5794 non
3494 5816 3497 5819 Α

1824 5833 1987 5888 etiam
2015 5829 2346 5902 pauperibus
2374 5828 2653 5900 largiatur.
