3822 6568
163 396 264 457 897

974 394 1144 456 LOCI
1177 395 1616 464 COMMUNES.
1649 427 1719 438 -·-
1757 403 1954 463 PARS
1976 403 2029 463 Ῑ.
2062 400 2323 467 SEBMO
2362 407 2594 469 XXXV.

3297 409 3404 477 898

229 513 325 585 Μὴ
359 515 504 568 ποίει
547 515 715 574 κακὰ.
747 517 840 570 καὶ
883 517 945 571 οὐ
993 519 1066 589 μή
1105 536 1164 572 σε
1207 517 1492 588 καταλάϐῃ
1539 518 1727 574 κακόν.

1907 522 2041 578 Mala
2079 541 2144 579 ne
2169 525 2385 590 feceris,
2428 535 2478 580 ct
2513 541 2621 580 non
2648 525 3022 596 apprehendet
3065 534 3118 582 te
3171 525 3402 583 malum.

172 609 464 675 Ἀπόστηθι
497 608 608 662 ἀπὸ
634 610 842 676 ἀδίκου,
875 613 967 666 καὶ
997 609 1241 664 έκκλινεῖ
1261 609 1368 666 ἀπὸ
1419 610 1512 663 σοῦ
1545 610 1727 680 ἀμαρ-

160 714 268 752 τια.

142 846 153 860 ,
234 793 349 854 re,
384 792 460 862 μὴ
494 794 724 865 σπείρῃς
750 795 838 848 ἐπ’
886 793 1129 858 αὔλακας
1165 791 1400 860 ἀδικίας,
1436 794 1531 846 καὶ
1565 792 1624 845 οὑ
1654 791 1729 864 μὴ

160 884 381 954 θερίσῃς
402 887 832 940 ἑπταπλασίονα.

225 977 383 1030 Θύων
412 979 530 1030 υίὺν
581 978 762 1032 έναντι
793 981 999 1050 πατρὸς
1025 982 1190 1036 αὐτοῦ
1236 983 1266 1037 6
1301 981 1594 1052 προσάγων
1637 976 1729 1030 θυ-

160 1068 278 1119 σίαν
309 1071 374 1122 ὲκ
409 1071 710 1140 χρημάτων
760 1074 1026 1142 πενήτων.

227 1161 364 1213 Οὐαὶ
393 1163 422 1215 6
453 1162 740 1232 πληθύνων
786 1165 962 1234 ἑαυτῷ
997 1167 1065 1220 τὰ
1111 1165 1210 1219 οὐκ
1241 1166 1370 1219 ὄντα
1408 1163 1598 1226 αὑτοῦ,
1633 1164 1728 1215 καὶ

160 1253 412 1322 βαρύνων
441 1255 542 1310 τὸν
581 1257 760 1312 κλοιὸν
788 1257 951 1312 αὑτοῦ
984 1257 1280 1328 στιϐαρῶς.

226 1367 368 1420 Ούαὶ
413 1371 466 1423 oi
513 1367 942 1440 θησαυρίζοντες
975 1370 1192 1425 ἀδικίαν
1221 1370 1316 1423 καὶ
1349 1366 1730 1438 ταλαιπωρίαν

156 1464 211 1514 ἐν
244 1463 370 1523 ταῖς
397 1462 588 1533 χερσὶν
621 1463 823 1522 αὐτῶν.

220 1553 364 1605 Οὐαὶ
386 1556 436 1606 oi
469 1555 833 1619 συνάπτοντες
854 1556 1032 1609 οίκίαν
1058 1553 1194 1625 πρὸς
1223 1553 1422 1617 οἰκίαν,
1443 1553 1536 1607 καὶ
1561 1551 1729 1622 ἀγρὶν

156 1647 290 1714 πρὸς
321 1646 496 1715 ἀγρὸν
527 1646 860 1715 ἐγγίζοντες,
909 1647 996 1702 ῖνα
1029 1647 1123 1701 τοῦ
1155 1647 1386 1716 πλησίον
1419 1644 1728 1714 ἀφέλωνταί

154 1754 224 1791 τι.
259 1737 359 1800 Μὴ
403 1737 656 1805 οἰκήσετε
701 1738 852 1808 μόνοι
882 1737 974 1791 ἐπὶ
1006 1740 1108 1805 τῆς
1137 1738 1271 1808 γῆςς
1310 1735 1581 1806 Ἠκούσθη
1618 1734 1728 1806 γὰρ

156 1833 232 1894 είς
261 1830 332 1882 τά
365 1829 481 1883 ὦτα
517 1831 721 1900 Κυρίου
753 1828 983 1884 Σαϐαὼθ
1013 1830 1210 1886 ταῦτα.

1839 614 2046 671 Desiste
2069 617 2138 671 ab
2161 617 2386 687 injusio,
2408 626 2464 674 et
2486 616 2782 672 declinabit
2803 633 2833 672 ιι
2860 625 2911 672 te
2941 625 3248 688 peccatum.

1906 788 2046 843 Ibid.
2087 806 2183 845 vn.
2213 790 2341 860 Fili,
2372 806 2440 846 ne
2468 807 2618 848 seras
2649 793 2702 847 in
2755 793 2938 849 sulcos
2987 791 3290 862 iniustitiae,
3335 811 3406 852 ne

1836 880 2038 946 septies
2075 887 2226 934 tanto
2257 881 2572 951 ampliorem
2599 882 2728 937 inde
2758 899 2990 940 messem
3025 883 3214 941 iacias.

1906 969 2044 1022 Ibid.
2077 985 2223 1027 xxw.
2253 971 2448 1026 Filium
2479 973 2678 1028 occidit
2707 989 2891 1040 coram
2920 984 3074 1044 patre
3127 991 3251 1042 suo,
3303 977 3398 1047 qui

1837 1061 2111 1117 victimam
2132 1059 2300 1118 'olIert
2326 1082 2389 1118 ex
2411 1068 2655 1134 pecuniis
2687 1083 3006 1136 pauperum.

1911 1148 2120 1205 Hebae.
2167 1168 2224 1208 ιι.
2263 1152 2351 1208 Va:
2379 1156 2455 1208 illi
2488 1160 2579 1225 qui
2609 1159 2713 1212 sibi
2744 1174 2830 1213 res
2859 1174 2966 1212 non
3035 1174 3164 1214 suas
3217 1160 3404 1214 multi-

1837 1245 2020 1314 p‘icat,
2059 1254 2115 1300 et
2151 1247 2244 1313 qui
2274 1258 2527 1316 aggravat
2557 1264 2719 1318 super
2748 1266 2806 1304 se
2835 1250 3060 1304 densum
3094 1251 3288 1306 lutum.

1907 1357 2068 1410 Amos
2120 1373 2201 1414 ill.
2261 1357 2352 1413 Va:
2391 1359 2499 1414 illis
2531 1360 2624 1429 qui
2661 1361 2921 1430 colligunt
2984 1363 3304 1433 injuslitiam
3349 1371 3407 1419 ct

1837 1452 2114 1505 miseriam
2158 1452 2211 1505 iu
2254 1453 2507 1508 inanibus
2524 1454 2662 1510 suis.

1908 1542 2018 1598 ha.
2047 1559 2101 1598 v.
2132 1543 2221 1597 Va:
2254 1544 2362 1599 illis
2390 1545 2484 1615 qui
2538 1545 2761 1601 domum
2801 1547 2983 1601 domui
3035 1548 3400 1619 conjungunt,

1836 1644 2094 1704 etagrum
2131 1650 2262 1706 agro
2309 1646 2614 1705 apponunt,
2646 1648 2701 1691 ut
2729 1638 2936 1708 aliquid
2961 1639 3193 1707 eripiant
3217 1641 3406 1708 proxi-

1839 1741 1951 1779 mo.
2013 1724 2154 1780 Num
2213 1741 2312 1782 vos
2362 1729 2464 1782 soli
2519 1728 2837 1784 habitabilis
2882 1732 2933 1784 in
2991 1731 3186 1784 terra?
3236 1731 3401 1802 Atqui

1840 1814 2101 1869 Dominus
2133 1817 2472 1872 exercituum
2498 1818 2723 1874 auribus
2764 1820 2878 1875 haec
2908 1821 3172 1891 percepit.

236 1925 474 1994 Ἀπέχου
505 1923 612 1977 ἀπὸ
642 1921 855 1990 ἀδίκου,
894 1923 990 1978 καὶ
1017 1923 1078 1978 οὐ
1123 1923 1408 1997 φοϐηθὴσῃ
1431 1963 1446 1990 ,
1479 1923 1573 1979 καὶ
1605 1921 1731 1994 τρό-

1907 1903 2052 1960 Ibid.
2095 1921 2203 1962 Liv.
2233 1907 2459 1964 Abstine
2486 1909 2555 1963 ab
2595 1909 2835 1979 injusto,
2871 1921 2926 1965 et
2987 1927 3096 1966 non
3159 1913 3398 1981 timebis,

161 2036 251 2089 μος
283 2019 390 2070 οὐκ
428 2019 610 2085 ὲγγιεῖ
632 2033 735 2071 σοι.

226 2111 318 2182 Μὴ
351 2111 492 2164 Esto)
526 2112 701 2182 ἠχείρ
727 2129 822 2165 σου
851 2109 1190 2181 ἐκτεταμένη
1216 2109 1296 2174 είς
1315 2108 1376 2162 τὸ
1403 2107 1611 2173 λαϐεῖν,
1635 2109 1730 2164 καὶ

159 2203 212 2253 ἑν
229 2202 308 2269 τῷ
342 2201 654 2255 ἀποδιδόναι
689 2201 1123 2272 συνεσταλμένη.

221 2289 558 2345 Πλεονέκτου
613 2291 893 2364 ὀφθαλμὸς
953 2293 1054 2347 οὐκ
1108 2292 1456 2363 ὲμπιπλάται
1519 2293 1578 2346 ἐν
1632 2309 1731 2362 με-

160 2383 277 2453 ρίδι.

232 2498 292 2553 ’0
337 2501 405 2554 τά
435 2499 622 2572 ἑτέρου
664 2500 964 2571 λαμϐάνων
994 2502 1091 2556 καὶ
1145 2501 1358 2572 ἑτέροις
1401 2499 1582 2562 διδοὺς
1629 2499 1731 2553 οὐκ

155 2594 405 2663 ἠλέησεν,
453 2594 588 2647 ἀλλά
638 2596 734 2648 καὶ
779 2595 1040 2666 ἠδίκησεν
1077 2595 1298 2648 ἀδικίαν
1334 2593 1433 2664 τὴν
1469 2593 1730 2664 ἐσχάτην.

158 2684 214 2736 Εἰ
246 2683 351 2753 μὲν
376 2685 485 2756 γάρ
513 2683 684 2748 ἐλεεῖς
713 2685 772 2752 ἐξ
794 2679 868 2739 ὧν
889 2685 1119 2751 ἀδικεῖς,
1142 2686 1364 2756 ἐλέησον
1381 2684 1475 2748 οὓς
1499 2685 1727 2749 ἀδικεῖς.

158 2773 400 2846 Εὐσεϐὴς
448 2776 556 2847 γάρ
590 2777 820 2843 ἐκεῖνος,
849 2777 948 2849 οὐχ
979 2778 1008 2832 6
1054 2776 1280 2840 πολλοὺς
1313 2776 1500 2842 ἐλεῶν,
1532 2775 1647 2829 ἀλλ’
1703 2777 1732 2829 6

163 2866 365 2936 μηδένα
389 2867 613 2924 ἀδικῶν.

222 3051 368 3106 Ὀσα
391 3052 582 3124 βλέπει
608 3052 1158 3125 ὀφθαλμὸς,τοσαῦτα
1187 3052 1451 3122 ἐπιθυμεῖ
1483 3053 1511 3104 6
1543 3052 1734 3106 πλεον-

160 3147 342 3217 έκτης.
410 3147 470 3200 ’0
508 3147 641 3220 ᾅδης
681 3149 780 3202 οὐκ
823 3145 999 3213 εἶπεν,
1035 3150 1256 3220 Ἀρκεῖτ
1290 3149 1410 3201 οὐδὲ
1451 3149 1478 3201 6
1509 3147 1732 3201 πλεονέ-

158 3255 288 3308 κτης
314 3235 436 3293 εἶπέ
477 3257 630 3306 ποτε,
671 3241 875 3311 Ἀρκεῖ.
907 3241 1150 3312 Πονηρὸς
1181 3242 1238 3296 ἐν
1268 3239 1422 3293 πόλει
1456 3240 1727 3308 σύνοικος,
1757 3253 1802 3313 c

165 3333 405 3402 πονηρὸς
433 3334 492 3385 ἐν
520 3334 737 3402 ἀγροῖς.
781 3333 843 3386 Ἡ
877 3332 1123 3385 θάλασσα
1153 3327 1260 3386 οἶδε
1285 3333 1352 3385 τὰ
1381 3333 1507 3402 ὅρια
1536 3326 1729 3402 αὐτῆς,

161 3427 192 3496 ἡ
216 3425 311 3493 νὺξ
337 3426 438 3494 οὐχ
460 3425 780 3495 ὑπερϐαίνει
803 3425 1085 3494 ὁροθεσίας
1117 3425 1372 3496 ἀρχαίας.
1391 3424 1448 3476 '0
1468 3423 1523 3476 δὲ
1543 3423 1734 3476 πλεον-

161 3519 317 3588 έκτης
356 3519 458 3572 οὐκ
504 3520 735 3572 αἰδεῖται
783 3517 998 3588 χρόνον,
1067 3518 1126 3570 οὑ
1171 3515 1431 3586 γνωρίζει
1479 3515 1627 3586 ὅρον,
1665 3513 1727 3566 οὐ

163 3613 437 3680 συγχωρεῖ
489 3610 783 3679 ἀκολουθίᾳ
834 3607 1087 3677 διαδοχῆς
1113 3646 1129 3672 ,
1165 3606 1301 3659 ἀλλὰ
1355 3607 1606 3676 μιμεῖται
1636 3603 1730 3656 τοῦ

162 3705 329 3770 πυρὸς
367 3702 469 3774 τὴν
527 3702 670 3769 βίαν,
704 3702 880 3757 πάντα
903 3698 1368 3770 Ἑπιλαμϐάνεται,
1395 3699 1571 3753 πάντα
1611 3699 1731 3750 ἐπι-

163 3795 405 3862 νέμεται.

225 3911 293 3966 Τί
321 3908 416 3964 οὖν
447 3910 587 3980 μετά
616 3908 817 3975 ταύτας
851 3909 974 3978 οὐχι
1002 3909 1150 3978 τρεῖς
1187 3923 1247 3960 σε
1286 3907 1486 3976 πήχεις
1520 3906 1733 3976 ἀναμέ-

164 4019 343 4056 νουσιν
365 4005 415 4056 οί
446 4005 679 4066 πάντες;
711 4004 831 4072 οὐχὶ
864 4001 1028 4055 λίθων
1073 4000 1272 4074 δλίγωχ
1306 3999 1469 4071 βάρος
1507 3999 1732 4070 ἀρκέσει

165 4093 299 4163 πρὸς
348 4094 598 4164 φυλακὴν
624 4096 690 4162 τῇ
726 4093 974 4163 δυστήνῳ
1004 4091 1171 4161 σαρκί
1195 4110 1210 4158 ;
1258 4090 1429 4161 ’Υπὲρ
1464 4089 1609 4154 τίνος
1639 4089 1734 4144 οὖν

169 4188 423 4259 μοχθεῖς;
477 4187 618 4257 ὑπὲρ
663 4187 809 4246 τίνος
866 4189 1242 4254 παρανομεϊς;
1297 4183 1362 4236 Τί
1394 4183 1731 4252 ἀπολογήσῃ,

168 4281 382 4334 ἐπειδάν
416 4296 475 4332 σε
509 4279 694 4350 κύκλῳ
726 4277 1086 4342 περιστάντες
1113 4276 1164 4329 οι
1207 4274 1530 4345 ἠδικημένοι
1563 4289 1734 4327 κατα-

168 4371 360 4424 ϐοῶσιν
388 4372 480 4424 ἐπὶ
503 4370 596 4425 τοῦ
630 4369 811 4424 κοινοῦ
836 4367 1024 4440 κριτοῦ
1046 4385 1062 4434 ;
1097 4367 1220 4431 Πῶς
1250 4366 1623 4438 παραπείσεις
1643 4363 1732 4417 τὸν

169 4466 602 4535 ἀπαραλόγιστον
630 4462 930 4527 δικαστήν;
959 4460 1072 4514 Οὐκ
1096 4459 1214 4512 ἐστι
1246 4461 1433 4529 ῥήτωρ
1467 4457 1600 4522 ἐκεῖ,
1629 4455 1731 4508 οὐκ

1831 2013 2009 2068 neque
2038 2008 2246 2053 tremor
2273 2001 2488 2055 invadet
2515 2009 2588 2058 te.

1903 2089 2072 2147 Eccli.
2094 2108 2145 2146 iv
2178 2091 2368 2148 Manus
2389 2103 2480 2149 tua
2512 2111 2620 2150 non
2660 2096 2732 2151 sit
2752 2106 3001 2166 porrecta
3029 2097 3093 2152 ad
3130 2097 3406 2166 accipien-

1833 2182 1983 2249 dum,
2025 2195 2077 2240 et
2103 2185 2195 2240 ubi
2228 2186 2468 2240 dandum
2499 2196 2582 2242 est
2609 2200 2912 2246 contracta.

1901 2273 2044 2331 Ibid.
2083 2292 2194 2332 xw.
2225 2276 2432 2334 Oculus
2485 2293 2694 2336 avarus
2741 2282 2890 2360 nulla
2935 2284 3185 2353 portione
3234 2281 3406 2339 satis-

1833 2376 1940 2422 liil'.

1900 2481 2111 2538 Basilii.
2162 2481 2266 2551 Qui
2327 2484 2493 2539 alicui
2541 2485 2705 2555 eripit
2755 2495 2809 2540 et
2839 2486 2994 2541 alteri
3026 2487 3140 2556 dat,
3194 2487 3240 2543 is
3289 2504 3397 2544 non

1833 2571 2290 2642 misericordiam,
2329 2576 2425 2632 sed
2456 2588 2756 2633 extremam
2801 2580 3124 2650 injustitiam
3157 2594 3400 2639 exercet.

1831 2657 1967 2715 Nam
1997 2676 2062 2716 ex
2096 2662 2316 2733 injuriis
2341 2667 2622 2721 materiam
2644 2669 3014 2725 miserationis
3053 2682 3259 2743 captas,
3297 2674 3401 2727 mi-

1834 2765 2014 2808 serere
2043 2757 2223 2822 potius
2259 2757 2474 2811 illorum
2494 2773 2633 2828 quos
2656 2760 2855 2830 injuria
2879 2762 3069 2818 adicis.
3093 2762 3223 2818 Pius
3251 2764 3398 2818 enim

1835 2844 1927 2899 ille
1955 2853 2059 2910 est,
2090 2862 2200 2901 non
2233 2848 2325 2916 qui
2361 2849 2654 2905 miseretur
2681 2853 2999 2922 multorum,
3040 2857 3134 2911 sed
3182 2844 3278 2926 qui
3314 2873 3407 2912 ne-

1835 2940 1969 2993 tniui
2001 2937 2133 2993 facit
2163 2940 2443 3010 injuriam.

1905 3031 2254 3102 Quaecunque
2314 3035 2459 3088 videt
2500 3035 2729 3099 oculus,
2790 3050 2854 3090 ea
2891 3038 3073 3092 omnia
3131 3039 3404 3098 desiderat

1834 3139 2051 3179 avaros.
2092 3125 2282 3179 lnl'cris
2323 3142 2602 3197 nunquam
2671 3129 2806 3183 satis
2860 3129 2941 3196 tit,
3008 3148 3110 3188 nec
3161 3149 3402 3204 unquam

1835 3231 2032 3273 avarus
2061 3218 2163 3272 sibi
2194 3217 2444 3273 suliicere
2473 3219 2628 3274 dicit.
2662 3219 2837 3277 Malus
2867 3221 2956 3277 hic
2981 3225 3195 3289 vicinus
3225 3235 3309 3281 est
3341 3228 3396 3282 in

1838 3313 1990 3376 urbe,
2025 3311 2133 3381 7o
2178 3311 2352 3365 malus
2375 3313 2510 3365 ruri.
2547 3311 2692 3366 Mare
2723 3328 2851 3368 suos
2882 3314 3016 3370 ﬁnes
3047 3319 3314 3386 agnoscit,
3343 3330 3400 3375 et

1836 3418 1942 3456 nox
1986 3403 2240 3472 antiquos
2294 3401 2560 3456 terminos
2615 3415 2720 3455 non
2781 3407 3142 3460 transcendit.
3187 3407 3401 3464 Avarus

1834 3503 2014 3548 autem
2047 3503 2262 3564 tempus
2293 3492 2504 3548 nullum
2541 3503 2842 3560 reveretur,
2869 3511 2978 3549 non
3006 3499 3250 3565 agnoscit
3287 3507 3402 3555 ter—

1835 3590 2066 3656 minum,
2099 3603 2207 3644 non
2259 3589 2403 3644 cedit
2451 3588 2630 3644 ordini
2670 3589 3076 3656 successionis;
3115 3595 3207 3648 sed
3233 3633 3239 3638 .
3263 3595 3405 3664 ignis

1836 3683 2147 3739 violentiam
2198 3681 2463 3749 imitatur,
2513 3683 2695 3738 omnia
2732 3683 2950 3753 arripit,
3004 3687 3187 3738 omnia
3233 3687 3401 3759 depa-

1838 3779 2034 3832 scitur.

1906 3893 2008 3950 Scd
2036 3895 2162 3965 quid
2193 3893 2407 3949 tandem
2433 3893 2559 3949 ﬁet?
2582 3893 2772 3951 Nonne
2803 3906 2912 3954 tres
2958 3900 3181 3956 omnino
3232 3901 3404 3957 cubiti

1837 3998 1888 4045 te
1922 3987 2183 4043 manent?
2235 3987 2424 4041 Nonne
2474 4001 2768 4057 paucorum
2819 3989 3056 4058 lapidum
3112 3995 3280 4050 moles
3334 3999 3403 4050 ad

1834 4081 2134 4138 custodiam
2172 4079 2387 4134 miseras
2419 4079 2571 4132 carni
2621 4077 3004 4136 sudiciet?Ad
3062 4084 3190 4153 quid
3243 4083 3405 4155 igitur

1832 4171 2090 4229 laboras?
2127 4170 2396 4237 Quorsum
2450 4169 2674 4238 iniquus
2730 4185 2851 4226 esse
2910 4175 3141 4245 pergis?
3192 4177 3403 4243 Quibus

1833 4265 2012 4320 verbis
2042 4261 2296 4318 defendes
2330 4271 2402 4330 te,
2438 4276 2559 4316 cum
2596 4262 2770 4318 aﬂ'ecti
2799 4265 2895 4320 abs
2930 4275 2979 4320 te
3005 4267 3202 4335 injuria
3243 4269 3406 4323 undi-

1833 4373 1940 4429 que
1987 4357 2410 4411 circnmslautes
2438 4354 2538 4410 sub
2568 4357 2845 4409 communi
2895 4356 3080 4426 judice
3123 4369 3315 4414 contra
3350 4370 3403 4416 te

1836 4449 2188 4505 clamaveiint
2211 4448 2233 4501 ?
2258 4446 2540 4512 Quomodo
2571 4446 2924 4517 persuadebis
2946 4448 3140 4519 judici,
3177 4451 3266 4520 qui
3291 4450 3404 4510 falli

169 4556 278 4610 ἔστι
305 4556 600 4625 πιθανότης
624 4555 908 4626 ῥημάτων,
935 4552 1131 4623 κλέψαι
1165 4550 1440 4620 δυναμένη
1469 4545 1565 4602 τοῦ
1585 4547 1731 4601 δικα·

1862 4561 1943 4600 ιοιι
1979 4545 2197 4615 potest?
2223 4543 2416 4600 Nullus
2451 4545 2561 4598 illic
2585 4553 2774 4598 orator
2831 4554 2936 4610 est,
3004 4545 3152 4600 nulla
3210 4549 3405 4603 verbo-

171 4647 291 4701 στοῦ
318 4649 415 4720 τὴν
443 4649 722 4719 ἀληθειαν.

246 4853 423 4924 Ἃνδρὶ
458 4851 774 4923 ἐπιθυμητῇ
809 4850 1111 4922 χρημάτων
1169 4848 1270 4904 οὐκ
1312 4848 1594 4918 ἐγγίνεται
1639 4846 1730 4900 κός

170 4962 278 5012 ρος.

248 5039 305 5090 Ὀ
334 5039 434 5109 μέν
466 5054 530 5106 γε
588 5037 759 5106 πένης
811 5036 917 5091 κᾶν
955 5034 1142 5096 δοῦλος
1183 5029 1241 5108 ᾗ,
1286 5033 1382 5086 καὶ
1425 5031 1501 5104 μὴ
1559 5033 1736 5101 ὑπεμ-

173 5128 374 5197 πλήσας
397 5129 496 5200 τὴν
529 5129 724 5182 ἑαυτοῦ
750 5127 1012 5197 γαστέρα,
1038 5113 1350 5196 προσηνοῦς
1379 5125 1736 5196 μεταλαμϐά-

171 5235 247 5272 νει
273 5220 368 5290 τῆς
403 5220 496 5273 διά
527 5220 616 5272 τοῦ
651 5217 822 5272 ὕπνου
868 5219 1148 5280 ἀνέσεως·
1184 5216 1416 5270 πλούτου
1457 5217 1515 5269 δὲ
1545 5216 1736 5269 ἐπιθυ-

177 5311 267 5379 μία
299 5311 512 5365 σύνεσιν
542 5299 876 5382 ἀγρυπνίαις
915 5309 1010 5363 καὶ
1039 5308 1305 5380 καμάτοις
1329 5308 1540 5380 τρύχει.

243 5405 456 5479 Χρυσοῦ
494 5406 724 5477 δεύτερα
758 5403 935 5457 πάντα
959 5402 1190 5466 ἀδίκοις.

251 5502 308 5551 ὐ
341 5501 417 5572 μὴ
436 5497 688 5564 δεόμενος
718 5495 828 5547 τῶν
857 5492 1178 5560 ἀλλοτρίων,
1203 5491 1319 5547 ἀλλ’
1348 5493 1407 5545 ἐν
1432 5493 1736 5565 αὐταρκείᾳ

175 5588 404 5659 νομίζων
431 5584 594 5651 εἶναι,
637 5585 856 5638 πάντων
881 5583 1031 5636 ἐστὶν
1072 5582 1475 5651 εὐπορώτατος.

244 5684 464 5753 Ἀρκτοι
498 5679 598 5751 μὲν
624 5679 719 5731 καὶ
751 5676 906 5730 λύκοι
929 5674 1151 5728 ἐπειδάν
1189 5673 1396 5728 λάϐωσι
1427 5673 1606 5746 κόρον,
1639 5673 1736 5743 τῆς

178 5773 423 5844 ἁρπαγῆς
473 5773 836 5840 ἀφίστανται·
871 5767 922 5822 oi
969 5767 1025 5822 δὲ
1069 5767 1394 5822 πλεονέκται
1439 5767 1602 5838 κόρον
1637 5766 1735 5820 οὐκ

183 5864 402 5926 εγουσιν.

965 5965 1028 5972 ...ο-υ
1069 5964 1116 5971 ι-.

1842 4649 1959 4688 rum
2015 4633 2368 4704 probabiliias
2405 4649 2527 4704 qua:
2561 4635 2838 4689 veritatem
2865 4634 3033 4704 judici
3071 4637 3406 4695 abscondere

1840 4727 2040 4781 valeat.

1910 4838 2179 4910 Tlieologi.
2214 4841 2429 4896 Homini
2475 4842 2718 4913 pecunite
2759 4843 2957 4913 cupido
2999 4843 3146 4899 nulla
3181 4846 3405 4902 satietas

1837 4932 2172 4986 innascitur.

1906 5021 2116 5092 Pauper
2142 5022 2387 5094 quidem,
2429 5023 2554 5080 licet
2601 5040 2792 5080 servus
2813 5032 2867 5080 et
2899 5033 3087 5080 ventre
3121 5041 3228 5080 non
3261 5037 3410 5082 saluo

1837 5132 1920 5180 ro,
1963 5117 2156 5170 blanda
2196 5133 2289 5185 per
2321 5132 2573 5171 somnum
2623 5117 2808 5188 quiete
2866 5117 3105 5174 fruitur:
3140 5121 3407 5190 cupidius

1834 5218 2018 5264 autem
2083 5208 2392 5263 divitiarum
2469 5219 2702 5264 mentem
2757 5210 2956 5281 vigiliis
3023 5223 3078 5266 et
3130 5211 3407 5267 laboribus

1836 5303 2040 5376 cruciat
2078 5339 2094 5356 .

1906 5393 2097 5465 lnjusti
2126 5395 2259 5449 nihil
2287 5409 2394 5450 non
2432 5409 2566 5453 auro
2591 5408 2946 5468 postponunt.

1909 5487 2179 5557 Clirywst.
2212 5487 2314 5553 Qui
2374 5503 2482 5543 non
2538 5489 2745 5560 indiget
2775 5490 2991 5558 alienis,
3030 5489 3124 5546 sed
3173 5505 3270 5546 sua
3303 5491 3407 5548 sibi

1838 5577 2086 5634 suﬂicere
2121 5580 2418 5645 existimat,
2437 5579 2680 5636 omnium
2704 5591 2784 5638 est
2802 5582 3126 5637 ditissimus.

1911 5669 2030 5728 Ursi
2072 5681 2125 5727 et
2157 5673 2265 5742 lupi
2299 5675 2530 5731 saturati
2557 5675 2805 5746 rapinam
2848 5674 3198 5747 relinquunt;
3225 5675 3406 5733 avaris

1837 5772 2019 5822 autem
2052 5764 2201 5821 nulla
2228 5767 2468 5824 satietas.
