  <div class='ocr_page' id='page_1' title='image "/cluster/home/n/w/nwhite01/storage/ocr_20150623/136/hvd.32044019208305/458.png"; bbox 0 0 3822 6558; ppageno 0'>
   <div class='ocr_carea' id='block_1_1' title="bbox 133 400 2575 491">
    <p class='ocr_par' dir='ltr' id='par_1_1' title="bbox 133 400 2575 491">
     <span class='ocr_line' id='line_1_1' title="bbox 133 400 2575 491; baseline 0.009 -27"><span class='ocrx_word' id='word_1_1' title='bbox 133 400 217 465; x_wconf 77' lang='grc' dir='ltr'><strong>9οί</strong></span> <span class='ocrx_word' id='word_1_2' title='bbox 886 405 1057 466; x_wconf 78' lang='lat' dir='ltr'><strong>LOCI</strong></span> <span class='ocrx_word' id='word_1_3' title='bbox 1090 409 1531 477; x_wconf 77' lang='lat' dir='ltr'><strong>COMMUNES.</strong></span> <span class='ocrx_word' id='word_1_4' title='bbox 1573 441 1643 454; x_wconf 90' lang='lat'><strong>-</strong></span> <span class='ocrx_word' id='word_1_5' title='bbox 1684 418 1879 480; x_wconf 74' lang='lat' dir='ltr'><strong>PARS</strong></span> <span class='ocrx_word' id='word_1_6' title='bbox 1913 422 1958 485; x_wconf 89' lang='grc' dir='ltr'><strong>Ι.</strong></span> <span class='ocrx_word' id='word_1_7' title='bbox 2005 422 2265 485; x_wconf 78' lang='lat' dir='ltr'><strong>SERMO</strong></span> <span class='ocrx_word' id='word_1_8' title='bbox 2308 428 2575 491; x_wconf 69' lang='lat' dir='ltr'><strong>XXXVI.</strong></span> 
     </span>
    </p>
   </div>
   <div class='ocr_carea' id='block_1_2' title="bbox 669 520 1059 593">
    <p class='ocr_par' dir='ltr' id='par_1_2' title="bbox 669 520 1059 593">
     <span class='ocr_line' id='line_1_2' title="bbox 669 520 1059 593; baseline 0.026 -20"><span class='ocrx_word' id='word_1_9' title='bbox 669 520 887 575; x_wconf 86' lang='grc' dir='ltr'><strong>ΛΟΓΟΣ</strong></span> <span class='ocrx_word' id='word_1_10' title='bbox 917 524 1059 593; x_wconf 64' lang='lat' dir='ltr'><strong>Ac&quot;.</strong></span> 
     </span>
    </p>
   </div>
   <div class='ocr_carea' id='block_1_3' title="bbox 587 631 1129 707">
    <p class='ocr_par' dir='ltr' id='par_1_3' title="bbox 587 631 1129 707">
     <span class='ocr_line' id='line_1_3' title="bbox 587 631 1129 707; baseline 0.018 -22"><span class='ocrx_word' id='word_1_11' title='bbox 587 631 726 701; x_wconf 79' lang='grc' dir='ltr'><strong>Περὶ</strong></span> <span class='ocrx_word' id='word_1_12' title='bbox 750 636 1129 707; x_wconf 80' lang='grc' dir='ltr'><strong>αὐταρκείας.</strong></span> 
     </span>
    </p>
   </div>
   <div class='ocr_carea' id='block_1_4' title="bbox 187 789 1647 875">
    <p class='ocr_par' dir='ltr' id='par_1_4' title="bbox 187 789 1647 875">
     <span class='ocr_line' id='line_1_4' title="bbox 187 789 1647 875; baseline 0.021 -28"><span class='ocrx_word' id='word_1_13' title='bbox 187 789 326 847; x_wconf 76' lang='grc' dir='ltr'><strong>Εἶπεν</strong></span> <span class='ocrx_word' id='word_1_14' title='bbox 350 792 375 844; x_wconf 86' lang='grc' dir='ltr'>ὁ</span> <span class='ocrx_word' id='word_1_15' title='bbox 405 790 638 861; x_wconf 77' lang='grc' dir='ltr'><strong>Κύριος’</strong></span> <span class='ocrx_word' id='word_1_16' title='bbox 675 792 768 862; x_wconf 82' lang='grc' dir='ltr'><strong>Μὴ</strong></span> <span class='ocrx_word' id='word_1_17' title='bbox 805 798 1186 868; x_wconf 68' lang='grc' dir='ltr'><strong>μεριμνήεησε</strong></span> <span class='ocrx_word' id='word_1_18' title='bbox 1217 803 1281 872; x_wconf 73' lang='grc' dir='ltr'><strong>τῇ</strong></span> <span class='ocrx_word' id='word_1_19' title='bbox 1310 802 1458 873; x_wconf 65' lang='grc' dir='ltr'><strong>ψυχῇ</strong></span> <span class='ocrx_word' id='word_1_20' title='bbox 1490 806 1647 875; x_wconf 64' lang='grc' dir='ltr'><strong>ὑμῶν</strong></span> 
     </span>
    </p>
   </div>
   <div class='ocr_carea' id='block_1_5' title="bbox 131 883 1537 967">
    <p class='ocr_par' dir='ltr' id='par_1_5' title="bbox 131 883 1537 967">
     <span class='ocr_line' id='line_1_5' title="bbox 131 883 1537 967; baseline 0.012 -35"><span class='ocrx_word' id='word_1_21' title='bbox 131 889 171 939; x_wconf 76' lang='grc' dir='ltr'><strong>τί</strong></span> <span class='ocrx_word' id='word_1_22' title='bbox 198 885 402 952; x_wconf 70' lang='grc' dir='ltr'><strong>φάγητε,</strong></span> <span class='ocrx_word' id='word_1_23' title='bbox 432 883 565 953; x_wconf 80' lang='grc' dir='ltr'><strong>μηδὲ</strong></span> <span class='ocrx_word' id='word_1_24' title='bbox 594 883 670 953; x_wconf 78' lang='grc' dir='ltr'><strong>τῷ</strong></span> <span class='ocrx_word' id='word_1_25' title='bbox 695 883 910 955; x_wconf 80' lang='grc' dir='ltr'><strong>σώματι</strong></span> <span class='ocrx_word' id='word_1_26' title='bbox 944 888 1103 959; x_wconf 81' lang='grc' dir='ltr'><strong>ὑμῶν</strong></span> <span class='ocrx_word' id='word_1_27' title='bbox 1136 892 1189 946; x_wconf 87' lang='grc' dir='ltr'><strong>τί</strong></span> <span class='ocrx_word' id='word_1_28' title='bbox 1218 893 1537 967; x_wconf 77' lang='grc' dir='ltr'><strong>ἐνδύσησθε.</strong></span> 
     </span>
    </p>
   </div>
   <div class='ocr_carea' id='block_1_6' title="bbox 187 1068 1651 1155">
    <p class='ocr_par' dir='ltr' id='par_1_6' title="bbox 187 1068 1651 1155">
     <span class='ocr_line' id='line_1_6' title="bbox 187 1068 1651 1155; baseline 0.012 -33"><span class='ocrx_word' id='word_1_29' title='bbox 187 1069 321 1122; x_wconf 85' lang='grc' dir='ltr'><strong>Ἐστι</strong></span> <span class='ocrx_word' id='word_1_30' title='bbox 342 1068 393 1121; x_wconf 82' lang='grc' dir='ltr'><strong>δὲ</strong></span> <span class='ocrx_word' id='word_1_31' title='bbox 427 1070 691 1140; x_wconf 76' lang='grc' dir='ltr'><strong>πορισμὸς</strong></span> <span class='ocrx_word' id='word_1_32' title='bbox 726 1072 902 1141; x_wconf 82' lang='grc' dir='ltr'><strong>μέγας</strong></span> <span class='ocrx_word' id='word_1_33' title='bbox 926 1075 960 1143; x_wconf 77' lang='grc' dir='ltr'><strong>ἡ</strong></span> <span class='ocrx_word' id='word_1_34' title='bbox 989 1072 1242 1135; x_wconf 71' lang='grc' dir='ltr'><strong>εὐσέϐεια</strong></span> <span class='ocrx_word' id='word_1_35' title='bbox 1283 1082 1424 1151; x_wconf 78' lang='grc' dir='ltr'><strong>μετὰ</strong></span> <span class='ocrx_word' id='word_1_36' title='bbox 1448 1085 1651 1155; x_wconf 71' lang='grc' dir='ltr'><strong>αὐταρ-</strong></span> 
     </span>
    </p>
   </div>
   <div class='ocr_carea' id='block_1_7' title="bbox 134 1162 1651 1249">
    <p class='ocr_par' dir='ltr' id='par_1_7' title="bbox 134 1162 1651 1249">
     <span class='ocr_line' id='line_1_7' title="bbox 134 1162 1651 1249; baseline 0.013 -36"><span class='ocrx_word' id='word_1_37' title='bbox 134 1163 272 1224; x_wconf 76' lang='grc' dir='ltr'><strong>κείας·</strong></span> <span class='ocrx_word' id='word_1_38' title='bbox 297 1162 434 1213; x_wconf 73' lang='grc' dir='ltr'><strong>οὐδὲν</strong></span> <span class='ocrx_word' id='word_1_39' title='bbox 456 1163 562 1233; x_wconf 84' lang='grc' dir='ltr'><strong>γὰρ</strong></span> <span class='ocrx_word' id='word_1_40' title='bbox 612 1165 1016 1239; x_wconf 75' lang='grc' dir='ltr'><strong>εἰσηνέγκαμεν</strong></span> <span class='ocrx_word' id='word_1_41' title='bbox 1066 1174 1147 1236; x_wconf 85' lang='grc' dir='ltr'><strong>είς</strong></span> <span class='ocrx_word' id='word_1_42' title='bbox 1178 1175 1273 1229; x_wconf 81' lang='grc' dir='ltr'><strong>τὸν</strong></span> <span class='ocrx_word' id='word_1_43' title='bbox 1300 1180 1524 1246; x_wconf 80' lang='grc' dir='ltr'><strong>κόσμον,</strong></span> <span class='ocrx_word' id='word_1_44' title='bbox 1550 1181 1651 1249; x_wconf 75' lang='grc' dir='ltr'><strong>ϐῆ-</strong></span> 
     </span>
    </p>
   </div>
   <div class='ocr_carea' id='block_1_8' title="bbox 130 1252 1653 1337">
    <p class='ocr_par' dir='ltr' id='par_1_8' title="bbox 130 1252 1653 1337">
     <span class='ocr_line' id='line_1_8' title="bbox 130 1252 1653 1337; baseline 0.014 -34"><span class='ocrx_word' id='word_1_45' title='bbox 130 1254 198 1305; x_wconf 89' lang='grc' dir='ltr'><strong>λον</strong></span> <span class='ocrx_word' id='word_1_46' title='bbox 227 1252 435 1305; x_wconf 76' lang='grc' dir='ltr'><strong>ὁτιοῦδὲ</strong></span> <span class='ocrx_word' id='word_1_47' title='bbox 469 1254 772 1322; x_wconf 76' lang='grc' dir='ltr'><strong>ἐξενεγκεῖν</strong></span> <span class='ocrx_word' id='word_1_48' title='bbox 822 1276 874 1312; x_wconf 88' lang='grc' dir='ltr'><strong>τι</strong></span> <span class='ocrx_word' id='word_1_49' title='bbox 927 1260 1232 1332; x_wconf 80' lang='grc' dir='ltr'><strong>δυνάμεθα.</strong></span> <span class='ocrx_word' id='word_1_50' title='bbox 1280 1268 1543 1337; x_wconf 83' lang='grc' dir='ltr'><strong>Ἔχοντες</strong></span> <span class='ocrx_word' id='word_1_51' title='bbox 1594 1273 1653 1327; x_wconf 81' lang='grc' dir='ltr'><strong>δὲ</strong></span> 
     </span>
    </p>
   </div>
   <div class='ocr_carea' id='block_1_9' title="bbox 132 1345 1648 1434">
    <p class='ocr_par' dir='ltr' id='par_1_9' title="bbox 132 1345 1648 1434">
     <span class='ocr_line' id='line_1_9' title="bbox 132 1345 1648 1434; baseline 0.015 -37"><span class='ocrx_word' id='word_1_52' title='bbox 132 1345 383 1411; x_wconf 62' lang='grc' dir='ltr'><strong>διατροφὰς</strong></span> <span class='ocrx_word' id='word_1_53' title='bbox 410 1349 499 1400; x_wconf 77' lang='grc' dir='ltr'><strong>καὶ</strong></span> <span class='ocrx_word' id='word_1_54' title='bbox 520 1349 913 1420; x_wconf 79' lang='grc' dir='ltr'><strong>σκεπάσματα,</strong></span> <span class='ocrx_word' id='word_1_55' title='bbox 933 1353 1145 1421; x_wconf 79' lang='grc' dir='ltr'><strong>τούτοις</strong></span> <span class='ocrx_word' id='word_1_56' title='bbox 1167 1358 1410 1431; x_wconf 81' lang='grc' dir='ltr'><strong>ἀρκεσθη</strong></span> <span class='ocrx_word' id='word_1_57' title='bbox 1420 1364 1648 1434; x_wconf 65' lang='lat' dir='ltr'><strong>sepelio.</strong></span> 
     </span>
    </p>
   </div>
   <div class='ocr_carea' id='block_1_10' title="bbox 188 1529 1653 1619">
    <p class='ocr_par' dir='ltr' id='par_1_10' title="bbox 188 1529 1653 1619">
     <span class='ocr_line' id='line_1_10' title="bbox 188 1529 1653 1619; baseline 0.016 -39"><span class='ocrx_word' id='word_1_58' title='bbox 188 1529 422 1599; x_wconf 79' lang='grc' dir='ltr'><strong>Κρεῖσσον</strong></span> <span class='ocrx_word' id='word_1_59' title='bbox 453 1532 627 1603; x_wconf 73' lang='grc' dir='ltr'><strong>μικρὰ</strong></span> <span class='ocrx_word' id='word_1_60' title='bbox 663 1537 823 1605; x_wconf 74' lang='grc' dir='ltr'><strong>μερὶς</strong></span> <span class='ocrx_word' id='word_1_61' title='bbox 856 1541 996 1607; x_wconf 80' lang='grc' dir='ltr'><strong>μετᾶ</strong></span> <span class='ocrx_word' id='word_1_62' title='bbox 1052 1540 1216 1610; x_wconf 73' lang='grc' dir='ltr'><strong>φόσου</strong></span> <span class='ocrx_word' id='word_1_63' title='bbox 1254 1546 1520 1619; x_wconf 82' lang='grc' dir='ltr'><strong>Κυρίουῆ</strong></span> <span class='ocrx_word' id='word_1_64' title='bbox 1554 1566 1653 1619; x_wconf 81' lang='grc' dir='ltr'><strong>με·</strong></span> 
     </span>
    </p>
   </div>
   <div class='ocr_carea' id='block_1_11' title="bbox 134 1622 1017 1695">
    <p class='ocr_par' dir='ltr' id='par_1_11' title="bbox 134 1622 1017 1695">
     <span class='ocr_line' id='line_1_11' title="bbox 134 1622 1017 1695; baseline 0.019 -24"><span class='ocrx_word' id='word_1_65' title='bbox 134 1623 255 1689; x_wconf 70' lang='grc' dir='ltr'><strong>γάλοι</strong></span> <span class='ocrx_word' id='word_1_66' title='bbox 289 1622 539 1695; x_wconf 74' lang='grc' dir='ltr'><strong>Θησαυροὶ</strong></span> <span class='ocrx_word' id='word_1_67' title='bbox 573 1628 715 1695; x_wconf 83' lang='grc' dir='ltr'><strong>μετὰ</strong></span> <span class='ocrx_word' id='word_1_68' title='bbox 741 1631 1017 1695; x_wconf 74' lang='grc' dir='ltr'><strong>ἀσεϐείας.</strong></span> 
     </span>
    </p>
   </div>
   <div class='ocr_carea' id='block_1_12' title="bbox 196 1705 1655 1805">
    <p class='ocr_par' dir='ltr' id='par_1_12' title="bbox 196 1705 1655 1805">
     <span class='ocr_line' id='line_1_12' title="bbox 196 1705 1655 1805; baseline 0.016 -37"><span class='ocrx_word' id='word_1_69' title='bbox 196 1717 337 1786; x_wconf 82' lang='grc' dir='ltr'><strong>Ἀρχὴ</strong></span> <span class='ocrx_word' id='word_1_70' title='bbox 368 1716 508 1788; x_wconf 79' lang='grc' dir='ltr'><strong>ζωῆς</strong></span> <span class='ocrx_word' id='word_1_71' title='bbox 539 1720 834 1791; x_wconf 80' lang='grc' dir='ltr'><strong>ἀνθρώπου</strong></span> <span class='ocrx_word' id='word_1_72' title='bbox 865 1705 1180 1797; x_wconf 69' lang='grc' dir='ltr'><strong>ἄρτος,’καὶ</strong></span> <span class='ocrx_word' id='word_1_73' title='bbox 1212 1728 1379 1800; x_wconf 79' lang='grc' dir='ltr'><strong>ὕδωρ,</strong></span> <span class='ocrx_word' id='word_1_74' title='bbox 1412 1733 1506 1787; x_wconf 74' lang='grc' dir='ltr'><strong>καὶ</strong></span> <span class='ocrx_word' id='word_1_75' title='bbox 1529 1734 1655 1805; x_wconf 71' lang='grc' dir='ltr'><strong>ίμάο</strong></span> 
     </span>
    </p>
   </div>
   <div class='ocr_carea' id='block_1_13' title="bbox 136 1809 1141 1887">
    <p class='ocr_par' dir='ltr' id='par_1_13' title="bbox 136 1809 1141 1887">
     <span class='ocr_line' id='line_1_13' title="bbox 136 1809 1141 1887; baseline 0.015 -28"><span class='ocrx_word' id='word_1_76' title='bbox 136 1825 217 1859; x_wconf 75' lang='lat' dir='ltr'><strong>tm</strong></span> <span class='ocrx_word' id='word_1_77' title='bbox 242 1809 498 1863; x_wconf 83' lang='grc' dir='ltr'><strong>καλύπτον</strong></span> <span class='ocrx_word' id='word_1_78' title='bbox 524 1813 917 1887; x_wconf 78' lang='grc' dir='ltr'><strong>ἀσχημοσύνην</strong></span> <span class='ocrx_word' id='word_1_79' title='bbox 951 1819 1141 1874; x_wconf 83' lang='grc' dir='ltr'><strong>αὐτοῦ.</strong></span> 
     </span>
    </p>
   </div>
   <div class='ocr_carea' id='block_1_14' title="bbox 187 1902 1163 1982">
    <p class='ocr_par' dir='ltr' id='par_1_14' title="bbox 187 1902 1163 1982">
     <span class='ocr_line' id='line_1_14' title="bbox 187 1902 1163 1982; baseline 0.014 -28"><span class='ocrx_word' id='word_1_80' title='bbox 187 1902 327 1970; x_wconf 62' lang='grc' dir='ltr'><strong>Σος6ς</strong></span> <span class='ocrx_word' id='word_1_81' title='bbox 353 1904 766 1976; x_wconf 73' lang='grc' dir='ltr'><strong>άνὴρξάρκεῖται</strong></span> <span class='ocrx_word' id='word_1_82' title='bbox 800 1914 913 1975; x_wconf 76' lang='grc' dir='ltr'><strong>τοῖς</strong></span> <span class='ocrx_word' id='word_1_83' title='bbox 937 1911 1163 1982; x_wconf 77' lang='grc' dir='ltr'><strong>ὀλίγοις.</strong></span> 
     </span>
    </p>
   </div>
   <div class='ocr_carea' id='block_1_15' title="bbox 194 1993 1650 2078">
    <p class='ocr_par' dir='ltr' id='par_1_15' title="bbox 194 1993 1650 2078">
     <span class='ocr_line' id='line_1_15' title="bbox 194 1993 1650 2078; baseline 0.01 -32"><span class='ocrx_word' id='word_1_84' title='bbox 194 1993 242 2046; x_wconf 89' lang='lat' dir='ltr'><strong>&#39;il</strong></span> <span class='ocrx_word' id='word_1_85' title='bbox 265 1996 611 2065; x_wconf 68' lang='grc' dir='ltr'><strong>οἰκονομοῦσα</strong></span> <span class='ocrx_word' id='word_1_86' title='bbox 641 1999 703 2052; x_wconf 83' lang='grc' dir='ltr'><strong>τὸ</strong></span> <span class='ocrx_word' id='word_1_87' title='bbox 747 2000 886 2065; x_wconf 76' lang='grc' dir='ltr'><strong>ζῶον</strong></span> <span class='ocrx_word' id='word_1_88' title='bbox 920 2002 1148 2074; x_wconf 80' lang='grc' dir='ltr'><strong>δύναμις</strong></span> <span class='ocrx_word' id='word_1_89' title='bbox 1185 2005 1517 2075; x_wconf 76' lang='grc' dir='ltr'><strong>αὐτάρκειαν</strong></span> <span class='ocrx_word' id='word_1_90' title='bbox 1552 2007 1650 2078; x_wconf 75' lang='grc' dir='ltr'><strong>μὲν</strong></span> 
     </span>
    </p>
   </div>
   <div class='ocr_carea' id='block_1_16' title="bbox 131 2086 1652 2172">
    <p class='ocr_par' dir='ltr' id='par_1_16' title="bbox 131 2086 1652 2172">
     <span class='ocr_line' id='line_1_16' title="bbox 131 2086 1652 2172; baseline 0.011 -34"><span class='ocrx_word' id='word_1_91' title='bbox 131 2087 202 2140; x_wconf 73' lang='grc' dir='ltr'><strong>καὶ</strong></span> <span class='ocrx_word' id='word_1_92' title='bbox 228 2086 459 2158; x_wconf 72' lang='grc' dir='ltr'><strong>λιτότητα</strong></span> <span class='ocrx_word' id='word_1_93' title='bbox 487 2091 688 2161; x_wconf 74' lang='grc' dir='ltr'><strong>ῥᾳδίως</strong></span> <span class='ocrx_word' id='word_1_94' title='bbox 713 2096 1136 2164; x_wconf 82' lang='grc' dir='ltr'><strong>κατειργάσατο,</strong></span> <span class='ocrx_word' id='word_1_95' title='bbox 1172 2098 1265 2151; x_wconf 77' lang='grc' dir='ltr'><strong>καὶ</strong></span> <span class='ocrx_word' id='word_1_96' title='bbox 1294 2099 1543 2170; x_wconf 78' lang='grc' dir='ltr'><strong>ᾠκείωσε</strong></span> <span class='ocrx_word' id='word_1_97' title='bbox 1575 2102 1652 2172; x_wconf 81' lang='grc' dir='ltr'><strong>τῷ</strong></span> 
     </span>
    </p>
   </div>
   <div class='ocr_carea' id='block_1_17' title="bbox 131 2183 1651 2265">
    <p class='ocr_par' dir='ltr' id='par_1_17' title="bbox 131 2183 1651 2265">
     <span class='ocr_line' id='line_1_17' title="bbox 131 2183 1651 2265; baseline 0.011 -34"><span class='ocrx_word' id='word_1_98' title='bbox 131 2183 399 2252; x_wconf 60' lang='grc' dir='ltr'><strong>τρεφομένῳ</strong></span> <span class='ocrx_word' id='word_1_99' title='bbox 424 2200 436 2215; x_wconf 74' lang='grc' dir='ltr'><strong>ο</strong></span> <span class='ocrx_word' id='word_1_100' title='bbox 466 2185 825 2240; x_wconf 81' lang='grc' dir='ltr'><strong>πολυτέλειαν</strong></span> <span class='ocrx_word' id='word_1_101' title='bbox 855 2188 914 2240; x_wconf 80' lang='grc' dir='ltr'>δὲ</span> <span class='ocrx_word' id='word_1_102' title='bbox 948 2190 1041 2241; x_wconf 77' lang='grc' dir='ltr'><strong>καὶ</strong></span> <span class='ocrx_word' id='word_1_103' title='bbox 1094 2193 1374 2246; x_wconf 84' lang='grc' dir='ltr'><strong>ποικίλιαν</strong></span> <span class='ocrx_word' id='word_1_104' title='bbox 1426 2193 1651 2265; x_wconf 83' lang='grc' dir='ltr'><strong>βρωμά⁸</strong></span> 
     </span>
    </p>
   </div>
   <div class='ocr_carea' id='block_1_18' title="bbox 130 2274 1652 2355">
    <p class='ocr_par' dir='ltr' id='par_1_18' title="bbox 130 2274 1652 2355">
     <span class='ocr_line' id='line_1_18' title="bbox 130 2274 1652 2355; baseline 0.009 -31"><span class='ocrx_word' id='word_1_105' title='bbox 130 2290 211 2324; x_wconf 83' lang='grc' dir='ltr'><strong>των</strong></span> <span class='ocrx_word' id='word_1_106' title='bbox 249 2275 648 2344; x_wconf 75' lang='grc' dir='ltr'><strong>παραλαϐοῦσα,</strong></span> <span class='ocrx_word' id='word_1_107' title='bbox 680 2274 800 2333; x_wconf 73' lang='grc' dir='ltr'><strong>εἶτα</strong></span> <span class='ocrx_word' id='word_1_108' title='bbox 843 2280 1126 2352; x_wconf 74' lang='grc' dir='ltr'><strong>ἀντισχεῖν</strong></span> <span class='ocrx_word' id='word_1_109' title='bbox 1180 2284 1321 2355; x_wconf 83' lang='grc' dir='ltr'><strong>πρὸς</strong></span> <span class='ocrx_word' id='word_1_110' title='bbox 1362 2284 1426 2338; x_wconf 79' lang='grc' dir='ltr'><strong>τὸ</strong></span> <span class='ocrx_word' id='word_1_111' title='bbox 1477 2286 1652 2353; x_wconf 83' lang='grc' dir='ltr'><strong>πέρας</strong></span> 
     </span>
    </p>
   </div>
   <div class='ocr_carea' id='block_1_19' title="bbox 131 2366 1652 2448">
    <p class='ocr_par' dir='ltr' id='par_1_19' title="bbox 131 2366 1652 2448">
     <span class='ocr_line' id='line_1_19' title="bbox 131 2366 1652 2448; baseline 0.011 -32"><span class='ocrx_word' id='word_1_112' title='bbox 131 2366 577 2436; x_wconf 66' lang='grc' dir='ltr'><strong>οὖκὲξιρκέσασα,</strong></span> <span class='ocrx_word' id='word_1_113' title='bbox 611 2372 680 2425; x_wconf 81' lang='grc' dir='ltr'><strong>τὰ</strong></span> <span class='ocrx_word' id='word_1_114' title='bbox 723 2373 948 2427; x_wconf 84' lang='grc' dir='ltr'><strong>ποικίλα</strong></span> <span class='ocrx_word' id='word_1_115' title='bbox 1002 2375 1136 2446; x_wconf 81' lang='grc' dir='ltr'><strong>γένη</strong></span> <span class='ocrx_word' id='word_1_116' title='bbox 1178 2376 1288 2432; x_wconf 82' lang='grc' dir='ltr'><strong>τῶν</strong></span> <span class='ocrx_word' id='word_1_117' title='bbox 1323 2378 1652 2448; x_wconf 78' lang='grc' dir='ltr'><strong>νοσημάτων</strong></span> 
     </span>
    </p>
   </div>
   <div class='ocr_carea' id='block_1_20' title="bbox 132 2458 358 2528">
    <p class='ocr_par' dir='ltr' id='par_1_20' title="bbox 132 2458 358 2528">
     <span class='ocr_line' id='line_1_20' title="bbox 132 2458 358 2528; baseline 0.018 -21"><span class='ocrx_word' id='word_1_118' title='bbox 132 2458 358 2528; x_wconf 72' lang='grc' dir='ltr'><strong>ἐποίησεν.</strong></span> 
     </span>
    </p>
   </div>
   <div class='ocr_carea' id='block_1_21' title="bbox 182 2550 1653 2632">
    <p class='ocr_par' dir='ltr' id='par_1_21' title="bbox 182 2550 1653 2632">
     <span class='ocr_line' id='line_1_21' title="bbox 182 2550 1653 2632; baseline 0.013 -31"><span class='ocrx_word' id='word_1_119' title='bbox 182 2550 242 2602; x_wconf 78' lang='grc' dir='ltr'><strong>Οὐ</strong></span> <span class='ocrx_word' id='word_1_120' title='bbox 266 2551 500 2619; x_wconf 70' lang='grc' dir='ltr'><strong>πλοόσιός</strong></span> <span class='ocrx_word' id='word_1_121' title='bbox 542 2557 695 2611; x_wconf 70' lang='grc' dir='ltr'><strong>ἐστιν</strong></span> <span class='ocrx_word' id='word_1_122' title='bbox 742 2558 772 2612; x_wconf 86' lang='grc' dir='ltr'>ὁ</span> <span class='ocrx_word' id='word_1_123' title='bbox 824 2558 995 2614; x_wconf 83' lang='grc' dir='ltr'><strong>πολλὰ</strong></span> <span class='ocrx_word' id='word_1_124' title='bbox 1036 2563 1425 2632; x_wconf 77' lang='grc' dir='ltr'><strong>κεκτημένος,</strong></span> <span class='ocrx_word' id='word_1_125' title='bbox 1461 2564 1577 2619; x_wconf 77' lang='grc' dir='ltr'><strong>ἀλλ’</strong></span> <span class='ocrx_word' id='word_1_126' title='bbox 1622 2566 1653 2620; x_wconf 79' lang='grc' dir='ltr'>ὁ</span> 
     </span>
    </p>
   </div>
   <div class='ocr_carea' id='block_1_22' title="bbox 132 2640 702 2719">
    <p class='ocr_par' dir='ltr' id='par_1_22' title="bbox 132 2640 702 2719">
     <span class='ocr_line' id='line_1_22' title="bbox 132 2640 702 2719; baseline 0.021 -26"><span class='ocrx_word' id='word_1_127' title='bbox 132 2640 189 2711; x_wconf 76' lang='grc' dir='ltr'><strong>μὴ</strong></span> <span class='ocrx_word' id='word_1_128' title='bbox 212 2643 397 2698; x_wconf 80' lang='grc' dir='ltr'><strong>πολλῶν</strong></span> <span class='ocrx_word' id='word_1_129' title='bbox 424 2645 702 2719; x_wconf 84' lang='grc' dir='ltr'><strong>δεόμενος.</strong></span> 
     </span>
    </p>
   </div>
   <div class='ocr_carea' id='block_1_23' title="bbox 180 2734 1653 2821">
    <p class='ocr_par' dir='ltr' id='par_1_23' title="bbox 180 2734 1653 2821">
     <span class='ocr_line' id='line_1_23' title="bbox 180 2734 1653 2821; baseline 0.011 -35"><span class='ocrx_word' id='word_1_130' title='bbox 180 2734 297 2804; x_wconf 81' lang='grc' dir='ltr'><strong>Πρὸς</strong></span> <span class='ocrx_word' id='word_1_131' title='bbox 325 2738 527 2807; x_wconf 84' lang='grc' dir='ltr'><strong>χρείαν,</strong></span> <span class='ocrx_word' id='word_1_132' title='bbox 555 2741 802 2811; x_wconf 80' lang='grc' dir='ltr'><strong>ἀδελφοὶ,</strong></span> <span class='ocrx_word' id='word_1_133' title='bbox 824 2745 886 2797; x_wconf 82' lang='grc' dir='ltr'><strong>οὐ</strong></span> <span class='ocrx_word' id='word_1_134' title='bbox 911 2745 1044 2815; x_wconf 82' lang='grc' dir='ltr'><strong>πρὸς</strong></span> <span class='ocrx_word' id='word_1_135' title='bbox 1071 2745 1266 2816; x_wconf 75' lang='grc' dir='ltr'><strong>ἡδονὴν</strong></span> <span class='ocrx_word' id='word_1_136' title='bbox 1301 2749 1332 2818; x_wconf 78' lang='grc' dir='ltr'><strong>ἡ</strong></span> <span class='ocrx_word' id='word_1_137' title='bbox 1366 2748 1479 2821; x_wconf 78' lang='grc' dir='ltr'><strong>ζωὴ</strong></span> <span class='ocrx_word' id='word_1_138' title='bbox 1509 2766 1653 2819; x_wconf 77' lang='grc' dir='ltr'><strong>συμ·</strong></span> 
     </span>
    </p>
   </div>
   <div class='ocr_carea' id='block_1_24' title="bbox 135 2827 1648 2910">
    <p class='ocr_par' dir='ltr' id='par_1_24' title="bbox 135 2827 1648 2910">
     <span class='ocr_line' id='line_1_24' title="bbox 135 2827 1648 2910; baseline 0.011 -36"><span class='ocrx_word' id='word_1_139' title='bbox 135 2829 385 2894; x_wconf 81' lang='grc' dir='ltr'><strong>μετρεῖται.</strong></span> <span class='ocrx_word' id='word_1_140' title='bbox 418 2830 489 2882; x_wconf 82' lang='grc' dir='ltr'>Τὸ</span> <span class='ocrx_word' id='word_1_141' title='bbox 513 2827 610 2885; x_wconf 77' lang='grc' dir='ltr'><strong>οὖν</strong></span> <span class='ocrx_word' id='word_1_142' title='bbox 639 2836 901 2902; x_wconf 73' lang='grc' dir='ltr'><strong>περιττὸν</strong></span> <span class='ocrx_word' id='word_1_143' title='bbox 920 2836 1020 2902; x_wconf 81' lang='grc' dir='ltr'><strong>τῆς</strong></span> <span class='ocrx_word' id='word_1_144' title='bbox 1048 2836 1264 2906; x_wconf 75' lang='grc' dir='ltr'><strong>φύσεως</strong></span> <span class='ocrx_word' id='word_1_145' title='bbox 1295 2838 1648 2910; x_wconf 73' lang='grc' dir='ltr'><strong>ἀποθέμενοι,</strong></span> 
     </span>
    </p>
   </div>
   <div class='ocr_carea' id='block_1_25' title="bbox 129 2920 1099 2998">
    <p class='ocr_par' dir='ltr' id='par_1_25' title="bbox 129 2920 1099 2998">
     <span class='ocr_line' id='line_1_25' title="bbox 129 2920 1099 2998; baseline 0.013 -28"><span class='ocrx_word' id='word_1_146' title='bbox 129 2920 174 2971; x_wconf 72' lang='grc' dir='ltr'><strong>τὸ</strong></span> <span class='ocrx_word' id='word_1_147' title='bbox 200 2921 464 2989; x_wconf 80' lang='grc' dir='ltr'><strong>ἀναγκαῖον</strong></span> <span class='ocrx_word' id='word_1_148' title='bbox 500 2927 665 2995; x_wconf 78' lang='grc' dir='ltr'><strong>μόνον</strong></span> <span class='ocrx_word' id='word_1_149' title='bbox 690 2929 1099 2998; x_wconf 78' lang='grc' dir='ltr'><strong>άσπασώμεθα.</strong></span> 
     </span>
    </p>
   </div>
   <div class='ocr_carea' id='block_1_26' title="bbox 193 3011 1654 3094">
    <p class='ocr_par' dir='ltr' id='par_1_26' title="bbox 193 3011 1654 3094">
     <span class='ocr_line' id='line_1_26' title="bbox 193 3011 1654 3094; baseline 0.011 -31"><span class='ocrx_word' id='word_1_150' title='bbox 193 3011 242 3064; x_wconf 83' lang='grc'><strong>’0</strong></span> <span class='ocrx_word' id='word_1_151' title='bbox 269 3015 391 3083; x_wconf 72' lang='grc' dir='ltr'><strong>πρὸς</strong></span> <span class='ocrx_word' id='word_1_152' title='bbox 439 3019 563 3080; x_wconf 69' lang='grc' dir='ltr'><strong>τοὺς</strong></span> <span class='ocrx_word' id='word_1_153' title='bbox 599 3018 975 3091; x_wconf 78' lang='grc' dir='ltr'><strong>ὑπερέχοντας</strong></span> <span class='ocrx_word' id='word_1_154' title='bbox 1027 3020 1241 3092; x_wconf 77' lang='grc' dir='ltr'><strong>βλέπων</strong></span> <span class='ocrx_word' id='word_1_155' title='bbox 1273 3025 1372 3093; x_wconf 80' lang='grc' dir='ltr'><strong>τῆς</strong></span> <span class='ocrx_word' id='word_1_156' title='bbox 1422 3024 1654 3094; x_wconf 77' lang='grc' dir='ltr'><strong>ἐνούσης</strong></span> 
     </span>
    </p>
   </div>
   <div class='ocr_carea' id='block_1_27' title="bbox 130 3103 1647 3188">
    <p class='ocr_par' dir='ltr' id='par_1_27' title="bbox 130 3103 1647 3188">
     <span class='ocr_line' id='line_1_27' title="bbox 130 3103 1647 3188; baseline 0.013 -34"><span class='ocrx_word' id='word_1_157' title='bbox 130 3103 245 3174; x_wconf 63' lang='lat' dir='ltr'><strong>amp</strong></span> <span class='ocrx_word' id='word_1_158' title='bbox 290 3108 535 3177; x_wconf 71' lang='grc' dir='ltr'><strong>εὐπορίας</strong></span> <span class='ocrx_word' id='word_1_159' title='bbox 571 3112 826 3169; x_wconf 77' lang='grc' dir='ltr'><strong>οὐδέποτε</strong></span> <span class='ocrx_word' id='word_1_160' title='bbox 856 3114 1083 3169; x_wconf 85' lang='grc' dir='ltr'><strong>δύναται</strong></span> <span class='ocrx_word' id='word_1_161' title='bbox 1135 3116 1322 3172; x_wconf 75' lang='grc' dir='ltr'><strong>λαϐεῖν</strong></span> <span class='ocrx_word' id='word_1_162' title='bbox 1355 3118 1609 3188; x_wconf 80' lang='grc' dir='ltr'><strong>αἴσθησιν</strong></span> <span class='ocrx_word' id='word_1_163' title='bbox 1634 3133 1647 3148; x_wconf 79' lang='grc'><strong><em>⁸</em></strong></span> 
     </span>
    </p>
   </div>
   <div class='ocr_carea' id='block_1_28' title="bbox 3213 432 3318 495">
    <p class='ocr_par' dir='ltr' id='par_1_28' title="bbox 3213 432 3318 495">
     <span class='ocr_line' id='line_1_28' title="bbox 3213 432 3318 495; baseline -0.01 0"><span class='ocrx_word' id='word_1_164' title='bbox 3213 432 3318 495; x_wconf 79' lang='lat'><strong>902</strong></span> 
     </span>
    </p>
   </div>
   <div class='ocr_carea' id='block_1_29' title="bbox 2070 538 3000 616">
    <p class='ocr_par' dir='ltr' id='par_1_29' title="bbox 2070 538 3000 616">
     <span class='ocr_line' id='line_1_29' title="bbox 2070 538 3000 616; baseline 0.005 -24"><span class='ocrx_word' id='word_1_165' title='bbox 2070 538 2304 595; x_wconf 73' lang='lat' dir='ltr'><strong>SERMO</strong></span> <span class='ocrx_word' id='word_1_166' title='bbox 2336 541 2556 598; x_wconf 70' lang='lat' dir='ltr'><strong>XXXVI</strong></span> <span class='ocrx_word' id='word_1_167' title='bbox 2592 543 2703 616; x_wconf 83' lang='lat' dir='ltr'><strong>[aL</strong></span> <span class='ocrx_word' id='word_1_168' title='bbox 2739 540 2929 597; x_wconf 72' lang='lat' dir='ltr'><strong>X‘XXII</strong></span> 
     </span>
    </p>
   </div>
   <div class='ocr_carea' id='block_1_30' title="bbox 1752 645 3317 724">
    <p class='ocr_par' dir='ltr' id='par_1_30' title="bbox 1752 645 3317 724">
     <span class='ocr_line' id='line_1_30' title="bbox 1752 645 3317 724; baseline 0.006 -23"><span class='ocrx_word' id='word_1_169' title='bbox 1752 645 1826 701; x_wconf 84' lang='lat' dir='ltr'><strong>De</strong></span> <span class='ocrx_word' id='word_1_170' title='bbox 1858 650 2048 702; x_wconf 74' lang='lat' dir='ltr'><strong>virtute</strong></span> <span class='ocrx_word' id='word_1_171' title='bbox 2080 666 2197 719; x_wconf 75' lang='lat' dir='ltr'><strong>qua:</strong></span> <span class='ocrx_word' id='word_1_172' title='bbox 2231 658 2465 706; x_wconf 81' lang='lat' dir='ltr'><strong>animum</strong></span> <span class='ocrx_word' id='word_1_173' title='bbox 2506 654 2618 708; x_wconf 83' lang='lat' dir='ltr'><strong>suis</strong></span> <span class='ocrx_word' id='word_1_174' title='bbox 2677 664 2725 708; x_wconf 84' lang='lat' dir='ltr'><strong>et</strong></span> <span class='ocrx_word' id='word_1_175' title='bbox 2777 654 3124 724; x_wconf 66' lang='lat' dir='ltr'><strong>pratentibus</strong></span> <span class='ocrx_word' id='word_1_176' title='bbox 3165 660 3317 710; x_wconf 78' lang='lat' dir='ltr'><strong>rebus</strong></span> 
     </span>
    </p>
   </div>
   <div class='ocr_carea' id='block_1_31' title="bbox 2272 726 2799 781">
    <p class='ocr_par' dir='ltr' id='par_1_31' title="bbox 2272 726 2799 781">
     <span class='ocr_line' id='line_1_31' title="bbox 2272 726 2799 781; baseline 0.008 -5"><span class='ocrx_word' id='word_1_177' title='bbox 2272 735 2571 779; x_wconf 74' lang='lat' dir='ltr'><strong>contentum</strong></span> <span class='ocrx_word' id='word_1_178' title='bbox 2606 726 2799 781; x_wconf 82' lang='lat' dir='ltr'><strong>reddit.</strong></span> 
     </span>
    </p>
   </div>
   <div class='ocr_carea' id='block_1_32' title="bbox 1825 813 3322 888">
    <p class='ocr_par' dir='ltr' id='par_1_32' title="bbox 1825 813 3322 888">
     <span class='ocr_line' id='line_1_32' title="bbox 1825 813 3322 888; baseline 0.003 -22"><span class='ocrx_word' id='word_1_179' title='bbox 1825 813 2017 871; x_wconf 81' lang='lat' dir='ltr'><strong>Matth.</strong></span> <span class='ocrx_word' id='word_1_180' title='bbox 2051 833 2102 871; x_wconf 83' lang='grc' dir='ltr'><strong>ν.</strong></span> <span class='ocrx_word' id='word_1_181' title='bbox 2139 815 2285 871; x_wconf 73' lang='lat' dir='ltr'><strong>Dixit</strong></span> <span class='ocrx_word' id='word_1_182' title='bbox 2332 817 2614 884; x_wconf 80' lang='lat' dir='ltr'><strong>Dominus,</strong></span> <span class='ocrx_word' id='word_1_183' title='bbox 2674 819 2750 873; x_wconf 85' lang='lat' dir='ltr'><strong>Ne</strong></span> <span class='ocrx_word' id='word_1_184' title='bbox 2791 818 3011 878; x_wconf 88' lang='lat' dir='ltr'><strong>solliciti</strong></span> <span class='ocrx_word' id='word_1_185' title='bbox 3058 817 3176 873; x_wconf 87' lang='lat' dir='ltr'><strong>sitis</strong></span> <span class='ocrx_word' id='word_1_186' title='bbox 3223 830 3322 888; x_wconf 64' lang='lat' dir='ltr'><strong>pio</strong></span> 
     </span>
    </p>
   </div>
   <div class='ocr_carea' id='block_1_33' title="bbox 1753 908 3324 984">
    <p class='ocr_par' dir='ltr' id='par_1_33' title="bbox 1753 908 3324 984">
     <span class='ocr_line' id='line_1_33' title="bbox 1753 908 3324 984; baseline 0.004 -26"><span class='ocrx_word' id='word_1_187' title='bbox 1753 908 1861 961; x_wconf 88' lang='lat' dir='ltr'><strong>vita</strong></span> <span class='ocrx_word' id='word_1_188' title='bbox 1894 919 2071 963; x_wconf 77' lang='lat' dir='ltr'><strong>vestra</strong></span> <span class='ocrx_word' id='word_1_189' title='bbox 2110 912 2241 980; x_wconf 88' lang='lat' dir='ltr'><strong>quid</strong></span> <span class='ocrx_word' id='word_1_190' title='bbox 2274 913 2591 979; x_wconf 88' lang='lat' dir='ltr'><strong>comedatis,</strong></span> <span class='ocrx_word' id='word_1_191' title='bbox 2626 929 2800 984; x_wconf 84' lang='lat' dir='ltr'><strong>nequc</strong></span> <span class='ocrx_word' id='word_1_192' title='bbox 2846 927 2945 983; x_wconf 88' lang='lat' dir='ltr'><strong>pro</strong></span> <span class='ocrx_word' id='word_1_193' title='bbox 2984 925 3208 981; x_wconf 85' lang='lat' dir='ltr'><strong>corpore</strong></span> <span class='ocrx_word' id='word_1_194' title='bbox 3235 925 3324 964; x_wconf 80' lang='lat' dir='ltr'><strong>ve-</strong></span> 
     </span>
    </p>
   </div>
   <div class='ocr_carea' id='block_1_34' title="bbox 1753 1001 2328 1068">
    <p class='ocr_par' dir='ltr' id='par_1_34' title="bbox 1753 1001 2328 1068">
     <span class='ocr_line' id='line_1_34' title="bbox 1753 1001 2328 1068; baseline 0.01 -15"><span class='ocrx_word' id='word_1_195' title='bbox 1753 1009 1868 1053; x_wconf 84' lang='lat' dir='ltr'><strong>stro</strong></span> <span class='ocrx_word' id='word_1_196' title='bbox 1895 1001 2024 1068; x_wconf 85' lang='lat' dir='ltr'><strong>quid</strong></span> <span class='ocrx_word' id='word_1_197' title='bbox 2063 1003 2328 1059; x_wconf 85' lang='lat' dir='ltr'><strong>induatis.</strong></span> 
     </span>
    </p>
   </div>
   <div class='ocr_carea' id='block_1_35' title="bbox 1823 1090 3323 1169">
    <p class='ocr_par' dir='ltr' id='par_1_35' title="bbox 1823 1090 3323 1169">
     <span class='ocr_line' id='line_1_35' title="bbox 1823 1090 3323 1169; baseline 0.003 -26"><span class='ocrx_word' id='word_1_198' title='bbox 1823 1090 1849 1143; x_wconf 89' lang='grc'><em>1</em></span> <span class='ocrx_word' id='word_1_199' title='bbox 1880 1090 2015 1148; x_wconf 85' lang='lat' dir='ltr'><strong>Tim.</strong></span> <span class='ocrx_word' id='word_1_200' title='bbox 2041 1110 2115 1149; x_wconf 82' lang='lat' dir='ltr'><strong>vt.</strong></span> <span class='ocrx_word' id='word_1_201' title='bbox 2139 1096 2235 1151; x_wconf 85' lang='lat' dir='ltr'><strong>Est</strong></span> <span class='ocrx_word' id='word_1_202' title='bbox 2270 1105 2451 1153; x_wconf 90' lang='lat' dir='ltr'><strong>autem</strong></span> <span class='ocrx_word' id='word_1_203' title='bbox 2472 1107 2704 1168; x_wconf 76' lang='lat' dir='ltr'><strong>questus</strong></span> <span class='ocrx_word' id='word_1_204' title='bbox 2733 1113 2962 1169; x_wconf 84' lang='lat' dir='ltr'><strong>magnus</strong></span> <span class='ocrx_word' id='word_1_205' title='bbox 2994 1096 3165 1168; x_wconf 85' lang='lat' dir='ltr'><strong>pictas</strong></span> <span class='ocrx_word' id='word_1_206' title='bbox 3199 1111 3323 1150; x_wconf 89' lang='lat' dir='ltr'><strong>cum</strong></span> 
     </span>
    </p>
   </div>
   <div class='ocr_carea' id='block_1_36' title="bbox 1752 1183 3326 1247">
    <p class='ocr_par' dir='ltr' id='par_1_36' title="bbox 1752 1183 3326 1247">
     <span class='ocr_line' id='line_1_36' title="bbox 1752 1183 3326 1247; baseline 0.004 -13"><span class='ocrx_word' id='word_1_207' title='bbox 1752 1183 1936 1236; x_wconf 89' lang='lat' dir='ltr'><strong>animo</strong></span> <span class='ocrx_word' id='word_1_208' title='bbox 1974 1202 2072 1239; x_wconf 88' lang='lat' dir='ltr'><strong>sua</strong></span> <span class='ocrx_word' id='word_1_209' title='bbox 2120 1197 2267 1242; x_wconf 91' lang='lat' dir='ltr'><strong>sorte</strong></span> <span class='ocrx_word' id='word_1_210' title='bbox 2313 1200 2598 1247; x_wconf 84' lang='lat' dir='ltr'><strong>contento.</strong></span> <span class='ocrx_word' id='word_1_211' title='bbox 2634 1190 2783 1244; x_wconf 81' lang='lat' dir='ltr'><strong>Nihil</strong></span> <span class='ocrx_word' id='word_1_212' title='bbox 2835 1191 2983 1245; x_wconf 86' lang='lat' dir='ltr'><strong>enim</strong></span> <span class='ocrx_word' id='word_1_213' title='bbox 3039 1188 3326 1244; x_wconf 87' lang='lat' dir='ltr'><strong>intulimus</strong></span> 
     </span>
    </p>
   </div>
   <div class='ocr_carea' id='block_1_37' title="bbox 1752 1271 3328 1351">
    <p class='ocr_par' dir='ltr' id='par_1_37' title="bbox 1752 1271 3328 1351">
     <span class='ocr_line' id='line_1_37' title="bbox 1752 1271 3328 1351; baseline 0.005 -27"><span class='ocrx_word' id='word_1_214' title='bbox 1752 1271 1806 1325; x_wconf 90' lang='lat' dir='ltr'><strong>in</strong></span> <span class='ocrx_word' id='word_1_215' title='bbox 1865 1275 2150 1341; x_wconf 82' lang='lat' dir='ltr'><strong>mundum,</strong></span> <span class='ocrx_word' id='word_1_216' title='bbox 2185 1274 2435 1334; x_wconf 76' lang='lat' dir='ltr'><strong>videlicet</strong></span> <span class='ocrx_word' id='word_1_217' title='bbox 2466 1295 2569 1334; x_wconf 90' lang='lat' dir='ltr'><strong>nec</strong></span> <span class='ocrx_word' id='word_1_218' title='bbox 2594 1279 2786 1335; x_wconf 77' lang='lat' dir='ltr'><strong>eﬂ&#39;erre</strong></span> <span class='ocrx_word' id='word_1_219' title='bbox 2810 1280 3111 1350; x_wconf 86' lang='lat' dir='ltr'><strong>quidquam</strong></span> <span class='ocrx_word' id='word_1_220' title='bbox 3137 1294 3328 1351; x_wconf 57' lang='lat' dir='ltr'><strong>posse»</strong></span> 
     </span>
    </p>
   </div>
   <div class='ocr_carea' id='block_1_38' title="bbox 1753 1367 3325 1445">
    <p class='ocr_par' dir='ltr' id='par_1_38' title="bbox 1753 1367 3325 1445">
     <span class='ocr_line' id='line_1_38' title="bbox 1753 1367 3325 1445; baseline 0.005 -28"><span class='ocrx_word' id='word_1_221' title='bbox 1753 1380 1909 1419; x_wconf 86' lang='lat' dir='ltr'><strong>mus:</strong></span> <span class='ocrx_word' id='word_1_222' title='bbox 1950 1367 2046 1421; x_wconf 87' lang='lat' dir='ltr'><strong>sed</strong></span> <span class='ocrx_word' id='word_1_223' title='bbox 2101 1368 2362 1426; x_wconf 73' lang='lat' dir='ltr'><strong>habentes</strong></span> <span class='ocrx_word' id='word_1_224' title='bbox 2395 1372 2651 1428; x_wconf 90' lang='lat' dir='ltr'><strong>alimenta</strong></span> <span class='ocrx_word' id='word_1_225' title='bbox 2687 1382 2740 1428; x_wconf 91' lang='lat' dir='ltr'><strong>et</strong></span> <span class='ocrx_word' id='word_1_226' title='bbox 2793 1375 2996 1445; x_wconf 84' lang='lat' dir='ltr'><strong>quibus</strong></span> <span class='ocrx_word' id='word_1_227' title='bbox 3056 1382 3325 1444; x_wconf 78' lang='lat' dir='ltr'><strong>tegamur,</strong></span> 
     </span>
    </p>
   </div>
   <div class='ocr_carea' id='block_1_39' title="bbox 1755 1456 2360 1519">
    <p class='ocr_par' dir='ltr' id='par_1_39' title="bbox 1755 1456 2360 1519">
     <span class='ocr_line' id='line_1_39' title="bbox 1755 1456 2360 1519; baseline 0.017 -9"><span class='ocrx_word' id='word_1_228' title='bbox 1755 1456 1838 1512; x_wconf 85' lang='lat' dir='ltr'><strong>his</strong></span> <span class='ocrx_word' id='word_1_229' title='bbox 1866 1463 2104 1514; x_wconf 88' lang='lat' dir='ltr'><strong>r0nlenti</strong></span> <span class='ocrx_word' id='word_1_230' title='bbox 2133 1463 2360 1519; x_wconf 88' lang='lat' dir='ltr'><strong>erimus.</strong></span> 
     </span>
    </p>
   </div>
   <div class='ocr_carea' id='block_1_40' title="bbox 1825 1549 3326 1629">
    <p class='ocr_par' dir='ltr' id='par_1_40' title="bbox 1825 1549 3326 1629">
     <span class='ocr_line' id='line_1_40' title="bbox 1825 1549 3326 1629; baseline 0.007 -28"><span class='ocrx_word' id='word_1_231' title='bbox 1825 1549 2077 1606; x_wconf 78' lang='lat' dir='ltr'><strong>Prot&#39;erb.</strong></span> <span class='ocrx_word' id='word_1_232' title='bbox 2100 1554 2463 1613; x_wconf 60' lang='lat' dir='ltr'><strong>xvuPra=stat</strong></span> <span class='ocrx_word' id='word_1_233' title='bbox 2496 1573 2659 1628; x_wconf 90' lang='lat' dir='ltr'><strong>parva</strong></span> <span class='ocrx_word' id='word_1_234' title='bbox 2700 1560 2879 1629; x_wconf 88' lang='lat' dir='ltr'><strong>portio</strong></span> <span class='ocrx_word' id='word_1_235' title='bbox 2942 1575 3064 1615; x_wconf 91' lang='lat' dir='ltr'><strong>cum</strong></span> <span class='ocrx_word' id='word_1_236' title='bbox 3129 1560 3326 1613; x_wconf 91' lang='lat' dir='ltr'><strong>timore</strong></span> 
     </span>
    </p>
   </div>
   <div class='ocr_carea' id='block_1_41' title="bbox 1756 1641 3148 1721">
    <p class='ocr_par' dir='ltr' id='par_1_41' title="bbox 1756 1641 3148 1721">
     <span class='ocr_line' id='line_1_41' title="bbox 1756 1641 3148 1721; baseline 0.011 -27"><span class='ocrx_word' id='word_1_237' title='bbox 1756 1641 1990 1708; x_wconf 86' lang='lat' dir='ltr'><strong>Domini,</strong></span> <span class='ocrx_word' id='word_1_238' title='bbox 2023 1659 2183 1714; x_wconf 87' lang='lat' dir='ltr'><strong>quam</strong></span> <span class='ocrx_word' id='word_1_239' title='bbox 2209 1650 2386 1718; x_wconf 81' lang='lat' dir='ltr'><strong>magni</strong></span> <span class='ocrx_word' id='word_1_240' title='bbox 2424 1650 2665 1709; x_wconf 90' lang='lat' dir='ltr'><strong>thesauri</strong></span> <span class='ocrx_word' id='word_1_241' title='bbox 2697 1668 2819 1706; x_wconf 83' lang='lat' dir='ltr'><strong>cum</strong></span> <span class='ocrx_word' id='word_1_242' title='bbox 2852 1654 3148 1721; x_wconf 73' lang='lat' dir='ltr'><strong>impietate.</strong></span> 
     </span>
    </p>
   </div>
   <div class='ocr_carea' id='block_1_42' title="bbox 1825 1731 3332 1814">
    <p class='ocr_par' dir='ltr' id='par_1_42' title="bbox 1825 1731 3332 1814">
     <span class='ocr_line' id='line_1_42' title="bbox 1825 1731 3332 1814; baseline 0.007 -28"><span class='ocrx_word' id='word_1_243' title='bbox 1825 1731 1996 1789; x_wconf 78' lang='lat' dir='ltr'><strong>Eccli.</strong></span> <span class='ocrx_word' id='word_1_244' title='bbox 2034 1750 2186 1790; x_wconf 77' lang='lat' dir='ltr'><strong>xxix.</strong></span> <span class='ocrx_word' id='word_1_245' title='bbox 2238 1739 2571 1810; x_wconf 84' lang='lat' dir='ltr'><strong>Principium</strong></span> <span class='ocrx_word' id='word_1_246' title='bbox 2628 1744 2753 1797; x_wconf 63' lang='lat' dir='ltr'><strong>vitae</strong></span> <span class='ocrx_word' id='word_1_247' title='bbox 2802 1745 3041 1798; x_wconf 87' lang='lat' dir='ltr'><strong>hominis</strong></span> <span class='ocrx_word' id='word_1_248' title='bbox 3089 1742 3245 1814; x_wconf 82' lang='lat' dir='ltr'><strong>panis</strong></span> <span class='ocrx_word' id='word_1_249' title='bbox 3274 1750 3332 1797; x_wconf 88' lang='lat' dir='ltr'><strong>et</strong></span> 
     </span>
    </p>
   </div>
   <div class='ocr_carea' id='block_1_43' title="bbox 1755 1829 3115 1906">
    <p class='ocr_par' dir='ltr' id='par_1_43' title="bbox 1755 1829 3115 1906">
     <span class='ocr_line' id='line_1_43' title="bbox 1755 1829 3115 1906; baseline 0.007 -29"><span class='ocrx_word' id='word_1_250' title='bbox 1755 1840 1895 1895; x_wconf 80' lang='lat' dir='ltr'><strong>aqua</strong></span> <span class='ocrx_word' id='word_1_251' title='bbox 1946 1836 2002 1881; x_wconf 82' lang='lat' dir='ltr'><strong>et</strong></span> <span class='ocrx_word' id='word_1_252' title='bbox 2040 1829 2213 1885; x_wconf 86' lang='lat' dir='ltr'><strong>vestis</strong></span> <span class='ocrx_word' id='word_1_253' title='bbox 2265 1835 2659 1901; x_wconf 88' lang='lat' dir='ltr'><strong>turpitudinem</strong></span> <span class='ocrx_word' id='word_1_254' title='bbox 2692 1836 2812 1905; x_wconf 84' lang='lat' dir='ltr'><strong>ejus</strong></span> <span class='ocrx_word' id='word_1_255' title='bbox 2845 1839 3115 1906; x_wconf 86' lang='lat' dir='ltr'><strong>operiens.</strong></span> 
     </span>
    </p>
   </div>
   <div class='ocr_carea' id='block_1_44' title="bbox 1686 1915 3325 1999">
    <p class='ocr_par' dir='ltr' id='par_1_44' title="bbox 1686 1915 3325 1999">
     <span class='ocr_line' id='line_1_44' title="bbox 1686 1915 3325 1999; baseline 0.006 -26"><span class='ocrx_word' id='word_1_256' title='bbox 1686 1915 1726 1973; x_wconf 86' lang='grc' dir='ltr'><strong>Β</strong></span> <span class='ocrx_word' id='word_1_257' title='bbox 1827 1920 2076 1977; x_wconf 76' lang='lat' dir='ltr'><strong>Auctoris</strong></span> <span class='ocrx_word' id='word_1_258' title='bbox 2096 1923 2306 1978; x_wconf 79' lang='lat' dir='ltr'><strong>incerti.</strong></span> <span class='ocrx_word' id='word_1_259' title='bbox 2335 1925 2434 1980; x_wconf 81' lang='lat' dir='ltr'><strong>Vir</strong></span> <span class='ocrx_word' id='word_1_260' title='bbox 2450 1927 2673 1995; x_wconf 81' lang='lat' dir='ltr'><strong>&#39;sapicns</strong></span> <span class='ocrx_word' id='word_1_261' title='bbox 2694 1932 2887 1999; x_wconf 87' lang='lat' dir='ltr'><strong>paucis</strong></span> <span class='ocrx_word' id='word_1_262' title='bbox 2904 1938 3193 1986; x_wconf 82' lang='lat' dir='ltr'><strong>contentus</strong></span> <span class='ocrx_word' id='word_1_263' title='bbox 3220 1937 3325 1985; x_wconf 87' lang='lat' dir='ltr'><strong>est.</strong></span> 
     </span>
    </p>
   </div>
   <div class='ocr_carea' id='block_1_45' title="bbox 1825 2011 3326 2092">
    <p class='ocr_par' dir='ltr' id='par_1_45' title="bbox 1825 2011 3326 2092">
     <span class='ocr_line' id='line_1_45' title="bbox 1825 2011 3326 2092; baseline 0.005 -25"><span class='ocrx_word' id='word_1_264' title='bbox 1825 2011 2078 2070; x_wconf 85' lang='lat' dir='ltr'><strong>Faeultas</strong></span> <span class='ocrx_word' id='word_1_265' title='bbox 2103 2032 2223 2087; x_wconf 82' lang='lat' dir='ltr'><strong>quae</strong></span> <span class='ocrx_word' id='word_1_266' title='bbox 2245 2020 2511 2088; x_wconf 84' lang='lat' dir='ltr'><strong>gubernat</strong></span> <span class='ocrx_word' id='word_1_267' title='bbox 2537 2036 2740 2090; x_wconf 87' lang='lat' dir='ltr'><strong>corpus</strong></span> <span class='ocrx_word' id='word_1_268' title='bbox 2762 2023 3035 2088; x_wconf 78' lang='lat' dir='ltr'><strong>animalis,</strong></span> <span class='ocrx_word' id='word_1_269' title='bbox 3060 2022 3326 2092; x_wconf 83' lang='lat' dir='ltr'><strong>frugalem</strong></span> 
     </span>
    </p>
   </div>
   <div class='ocr_carea' id='block_1_46' title="bbox 1752 2107 3328 2187">
    <p class='ocr_par' dir='ltr' id='par_1_46' title="bbox 1752 2107 3328 2187">
     <span class='ocr_line' id='line_1_46' title="bbox 1752 2107 3328 2187; baseline 0.005 -27"><span class='ocrx_word' id='word_1_270' title='bbox 1752 2115 1809 2160; x_wconf 89' lang='lat' dir='ltr'><strong>et</strong></span> <span class='ocrx_word' id='word_1_271' title='bbox 1839 2107 2138 2178; x_wconf 87' lang='lat' dir='ltr'><strong>simplicem</strong></span> <span class='ocrx_word' id='word_1_272' title='bbox 2170 2112 2485 2168; x_wconf 83' lang='lat' dir='ltr'><strong>alimoniam</strong></span> <span class='ocrx_word' id='word_1_273' title='bbox 2522 2113 2683 2171; x_wconf 78' lang='lat' dir='ltr'><strong>facile</strong></span> <span class='ocrx_word' id='word_1_274' title='bbox 2718 2118 3037 2187; x_wconf 88' lang='lat' dir='ltr'><strong>concoquit,</strong></span> <span class='ocrx_word' id='word_1_275' title='bbox 3073 2125 3126 2171; x_wconf 90' lang='lat' dir='ltr'><strong>et</strong></span> <span class='ocrx_word' id='word_1_276' title='bbox 3162 2118 3328 2185; x_wconf 87' lang='lat' dir='ltr'><strong>parti-</strong></span> 
     </span>
    </p>
   </div>
   <div class='ocr_carea' id='block_1_47' title="bbox 1753 2196 3330 2279">
    <p class='ocr_par' dir='ltr' id='par_1_47' title="bbox 1753 2196 3330 2279">
     <span class='ocr_line' id='line_1_47' title="bbox 1753 2196 3330 2279; baseline 0.006 -28"><span class='ocrx_word' id='word_1_277' title='bbox 1753 2196 1856 2253; x_wconf 86' lang='lat' dir='ltr'><strong>bus</strong></span> <span class='ocrx_word' id='word_1_278' title='bbox 1888 2202 2191 2259; x_wconf 80' lang='lat' dir='ltr'><strong>nutriendis</strong></span> <span class='ocrx_word' id='word_1_279' title='bbox 2218 2208 2881 2279; x_wconf 87' lang='lat' dir='ltr'><strong>assimilat;sumptuosis</strong></span> <span class='ocrx_word' id='word_1_280' title='bbox 2914 2228 3040 2266; x_wconf 88' lang='lat' dir='ltr'><strong>vero</strong></span> <span class='ocrx_word' id='word_1_281' title='bbox 3072 2222 3128 2266; x_wconf 91' lang='lat' dir='ltr'><strong>et</strong></span> <span class='ocrx_word' id='word_1_282' title='bbox 3158 2210 3330 2264; x_wconf 83' lang='lat' dir='ltr'><strong>variis</strong></span> 
     </span>
    </p>
   </div>
   <div class='ocr_carea' id='block_1_48' title="bbox 1752 2291 3328 2371">
    <p class='ocr_par' dir='ltr' id='par_1_48' title="bbox 1752 2291 3328 2371">
     <span class='ocr_line' id='line_1_48' title="bbox 1752 2291 3328 2371; baseline 0.018 -27"><span class='ocrx_word' id='word_1_283' title='bbox 1752 2291 1950 2347; x_wconf 89' lang='lat' dir='ltr'><strong>eduliis</strong></span> <span class='ocrx_word' id='word_1_284' title='bbox 1983 2305 2231 2362; x_wconf 85' lang='lat' dir='ltr'><strong>onerata,</strong></span> <span class='ocrx_word' id='word_1_285' title='bbox 2262 2306 2316 2352; x_wconf 88' lang='lat' dir='ltr'><strong>et</strong></span> <span class='ocrx_word' id='word_1_286' title='bbox 2345 2299 2617 2368; x_wconf 86' lang='lat' dir='ltr'><strong>impotens</strong></span> <span class='ocrx_word' id='word_1_287' title='bbox 2650 2302 2757 2371; x_wconf 78' lang='lat'><strong>72</strong></span> <span class='ocrx_word' id='word_1_288' title='bbox 2792 2302 3011 2357; x_wconf 78' lang='lat' dir='ltr'><strong>tandem</strong></span> <span class='ocrx_word' id='word_1_289' title='bbox 3042 2318 3105 2357; x_wconf 69' lang='lat'><strong>03</strong></span> <span class='ocrx_word' id='word_1_290' title='bbox 3138 2317 3328 2370; x_wconf 66' lang='grc' dir='ltr'><strong>ευμεν·</strong></span> 
     </span>
    </p>
   </div>
   <div class='ocr_carea' id='block_1_49' title="bbox 1755 2386 2961 2463">
    <p class='ocr_par' dir='ltr' id='par_1_49' title="bbox 1755 2386 2961 2463">
     <span class='ocr_line' id='line_1_49' title="bbox 1755 2386 2961 2463; baseline 0.008 -27"><span class='ocrx_word' id='word_1_291' title='bbox 1755 2397 1868 2449; x_wconf 79' lang='lat' dir='ltr'><strong>are,</strong></span> <span class='ocrx_word' id='word_1_292' title='bbox 1903 2386 2055 2442; x_wconf 80' lang='lat' dir='ltr'><strong>varia</strong></span> <span class='ocrx_word' id='word_1_293' title='bbox 2086 2389 2403 2444; x_wconf 85' lang='lat' dir='ltr'><strong>morborum</strong></span> <span class='ocrx_word' id='word_1_294' title='bbox 2436 2406 2633 2460; x_wconf 84' lang='lat' dir='ltr'><strong>genera</strong></span> <span class='ocrx_word' id='word_1_295' title='bbox 2688 2394 2961 2463; x_wconf 84' lang='lat' dir='ltr'><strong>producit.</strong></span> 
     </span>
    </p>
   </div>
   <div class='ocr_carea' id='block_1_50' title="bbox 1832 2563 3327 2642">
    <p class='ocr_par' dir='ltr' id='par_1_50' title="bbox 1832 2563 3327 2642">
     <span class='ocr_line' id='line_1_50' title="bbox 1832 2563 3327 2642; baseline 0.003 -23"><span class='ocrx_word' id='word_1_296' title='bbox 1832 2563 2110 2638; x_wconf 79' lang='lat' dir='ltr'><strong>Chrysast.</strong></span> <span class='ocrx_word' id='word_1_297' title='bbox 2152 2566 2270 2623; x_wconf 80' lang='lat' dir='ltr'><strong>Non</strong></span> <span class='ocrx_word' id='word_1_298' title='bbox 2310 2570 2404 2639; x_wconf 85' lang='lat' dir='ltr'><strong>qui</strong></span> <span class='ocrx_word' id='word_1_299' title='bbox 2438 2569 2607 2626; x_wconf 79' lang='lat' dir='ltr'><strong>multa</strong></span> <span class='ocrx_word' id='word_1_300' title='bbox 2662 2571 2926 2642; x_wconf 85' lang='lat' dir='ltr'><strong>possidet,</strong></span> <span class='ocrx_word' id='word_1_301' title='bbox 2968 2570 3061 2627; x_wconf 89' lang='lat' dir='ltr'><strong>sed</strong></span> <span class='ocrx_word' id='word_1_302' title='bbox 3098 2570 3190 2642; x_wconf 88' lang='lat' dir='ltr'><strong>qui</strong></span> <span class='ocrx_word' id='word_1_303' title='bbox 3221 2586 3327 2625; x_wconf 88' lang='lat' dir='ltr'><strong>non</strong></span> 
     </span>
    </p>
   </div>
   <div class='ocr_carea' id='block_1_51' title="bbox 1755 2656 2513 2729">
    <p class='ocr_par' dir='ltr' id='par_1_51' title="bbox 1755 2656 2513 2729">
     <span class='ocr_line' id='line_1_51' title="bbox 1755 2656 2513 2729; baseline 0.007 -19"><span class='ocrx_word' id='word_1_304' title='bbox 1755 2656 1943 2712; x_wconf 84' lang='lat' dir='ltr'><strong>multis</strong></span> <span class='ocrx_word' id='word_1_305' title='bbox 1972 2658 2209 2729; x_wconf 84' lang='lat' dir='ltr'><strong>indiget,</strong></span> <span class='ocrx_word' id='word_1_306' title='bbox 2238 2659 2390 2716; x_wconf 82' lang='lat' dir='ltr'><strong>dives</strong></span> <span class='ocrx_word' id='word_1_307' title='bbox 2411 2671 2513 2717; x_wconf 86' lang='lat' dir='ltr'><strong>est.</strong></span> 
     </span>
    </p>
   </div>
   <div class='ocr_carea' id='block_1_52' title="bbox 1826 2752 3328 2825">
    <p class='ocr_par' dir='ltr' id='par_1_52' title="bbox 1826 2752 3328 2825">
     <span class='ocr_line' id='line_1_52' title="bbox 1826 2752 3328 2825; baseline 0.002 -21"><span class='ocrx_word' id='word_1_308' title='bbox 1826 2752 1904 2805; x_wconf 86' lang='lat' dir='ltr'><strong>Ad</strong></span> <span class='ocrx_word' id='word_1_309' title='bbox 1959 2753 2368 2819; x_wconf 84' lang='lat' dir='ltr'><strong>necessitatem,</strong></span> <span class='ocrx_word' id='word_1_310' title='bbox 2403 2770 2435 2808; x_wconf 92' lang='grc' dir='ltr'><strong>ο</strong></span> <span class='ocrx_word' id='word_1_311' title='bbox 2464 2757 2682 2821; x_wconf 81' lang='lat' dir='ltr'><strong>fratres,</strong></span> <span class='ocrx_word' id='word_1_312' title='bbox 2735 2772 2844 2811; x_wconf 91' lang='lat' dir='ltr'><strong>non</strong></span> <span class='ocrx_word' id='word_1_313' title='bbox 2897 2756 2963 2812; x_wconf 85' lang='lat' dir='ltr'><strong>ad</strong></span> <span class='ocrx_word' id='word_1_314' title='bbox 2996 2757 3328 2825; x_wconf 69' lang='lat' dir='ltr'><strong>voluptatein</strong></span> 
     </span>
    </p>
   </div>
   <div class='ocr_carea' id='block_1_53' title="bbox 1761 2845 3334 2919">
    <p class='ocr_par' dir='ltr' id='par_1_53' title="bbox 1761 2845 3334 2919">
     <span class='ocr_line' id='line_1_53' title="bbox 1761 2845 3334 2919; baseline 0.005 -24"><span class='ocrx_word' id='word_1_315' title='bbox 1761 2845 2032 2898; x_wconf 89' lang='lat' dir='ltr'><strong>metienda</strong></span> <span class='ocrx_word' id='word_1_316' title='bbox 2058 2847 2293 2901; x_wconf 82' lang='lat' dir='ltr'><strong>estvita.</strong></span> <span class='ocrx_word' id='word_1_317' title='bbox 2316 2845 2495 2913; x_wconf 87' lang='lat' dir='ltr'><strong>Quare</strong></span> <span class='ocrx_word' id='word_1_318' title='bbox 2534 2849 2783 2919; x_wconf 88' lang='lat' dir='ltr'><strong>deposito</strong></span> <span class='ocrx_word' id='word_1_319' title='bbox 2815 2850 2959 2918; x_wconf 85' lang='lat' dir='ltr'><strong>quod</strong></span> <span class='ocrx_word' id='word_1_320' title='bbox 2992 2858 3198 2903; x_wconf 65' lang='lat' dir='ltr'><strong>natura:</strong></span> <span class='ocrx_word' id='word_1_321' title='bbox 3240 2864 3334 2903; x_wconf 85' lang='lat' dir='ltr'><strong>su-</strong></span> 
     </span>
    </p>
   </div>
   <div class='ocr_carea' id='block_1_54' title="bbox 1754 2937 3220 3011">
    <p class='ocr_par' dir='ltr' id='par_1_54' title="bbox 1754 2937 3220 3011">
     <span class='ocr_line' id='line_1_54' title="bbox 1754 2937 3220 3011; baseline 0.003 -20"><span class='ocrx_word' id='word_1_322' title='bbox 1754 2937 2017 3007; x_wconf 88' lang='lat' dir='ltr'><strong>perfluum</strong></span> <span class='ocrx_word' id='word_1_323' title='bbox 2056 2948 2160 3001; x_wconf 89' lang='lat' dir='ltr'><strong>est,</strong></span> <span class='ocrx_word' id='word_1_324' title='bbox 2197 2942 2564 2997; x_wconf 86' lang='lat' dir='ltr'><strong>necessarium</strong></span> <span class='ocrx_word' id='word_1_325' title='bbox 2590 2943 2765 2996; x_wconf 91' lang='lat' dir='ltr'><strong>solum</strong></span> <span class='ocrx_word' id='word_1_326' title='bbox 2799 2942 3220 3011; x_wconf 86' lang='lat' dir='ltr'><strong>amplectamur.</strong></span> 
     </span>
    </p>
   </div>
   <div class='ocr_carea' id='block_1_55' title="bbox 1825 3031 3334 3106">
    <p class='ocr_par' dir='ltr' id='par_1_55' title="bbox 1825 3031 3334 3106">
     <span class='ocr_line' id='line_1_55' title="bbox 1825 3031 3334 3106; baseline -0.001 -19"><span class='ocrx_word' id='word_1_327' title='bbox 1825 3031 1925 3098; x_wconf 87' lang='lat' dir='ltr'><strong>Qui</strong></span> <span class='ocrx_word' id='word_1_328' title='bbox 1961 3047 2019 3087; x_wconf 88' lang='lat' dir='ltr'><strong>se</strong></span> <span class='ocrx_word' id='word_1_329' title='bbox 2047 3034 2356 3101; x_wconf 88' lang='lat' dir='ltr'><strong>superiores</strong></span> <span class='ocrx_word' id='word_1_330' title='bbox 2387 3036 2649 3105; x_wconf 88' lang='lat' dir='ltr'><strong>respicit,</strong></span> <span class='ocrx_word' id='word_1_331' title='bbox 2697 3050 2974 3106; x_wconf 89' lang='lat' dir='ltr'><strong>nunquam</strong></span> <span class='ocrx_word' id='word_1_332' title='bbox 3019 3035 3202 3090; x_wconf 86' lang='lat' dir='ltr'><strong>videre</strong></span> <span class='ocrx_word' id='word_1_333' title='bbox 3238 3050 3334 3104; x_wconf 64' lang='grc' dir='ltr'><strong>ροφ</strong></span> 
     </span>
    </p>
   </div>
   <div class='ocr_carea' id='block_1_56' title="bbox 1757 3107 3333 3197">
    <p class='ocr_par' dir='ltr' id='par_1_56' title="bbox 1757 3107 3333 3197">
     <span class='ocr_line' id='line_1_56' title="bbox 1757 3107 3333 3197; baseline 0.003 -19"><span class='ocrx_word' id='word_1_334' title='bbox 1757 3134 1863 3181; x_wconf 84' lang='lat' dir='ltr'><strong>test</strong></span> <span class='ocrx_word' id='word_1_335' title='bbox 1894 3141 2056 3197; x_wconf 89' lang='lat' dir='ltr'><strong>quam</strong></span> <span class='ocrx_word' id='word_1_336' title='bbox 2090 3107 2255 3181; x_wconf 34' lang='lat' dir='ltr'><strong>dives!</strong></span> <span class='ocrx_word' id='word_1_337' title='bbox 2286 3128 2379 3187; x_wconf 86' lang='lat' dir='ltr'><strong>sit.</strong></span> <span class='ocrx_word' id='word_1_338' title='bbox 2410 3127 2609 3183; x_wconf 85' lang='lat' dir='ltr'><strong>Verum</strong></span> <span class='ocrx_word' id='word_1_339' title='bbox 2642 3137 2858 3197; x_wconf 87' lang='lat' dir='ltr'><strong>oportet</strong></span> <span class='ocrx_word' id='word_1_340' title='bbox 2894 3143 2990 3183; x_wconf 89' lang='lat' dir='ltr'><strong>sua</strong></span> <span class='ocrx_word' id='word_1_341' title='bbox 3028 3138 3176 3183; x_wconf 89' lang='lat' dir='ltr'><strong>sorte</strong></span> <span class='ocrx_word' id='word_1_342' title='bbox 3201 3143 3333 3183; x_wconf 84' lang='lat' dir='ltr'><strong>con-</strong></span> 
     </span>
    </p>
   </div>
   <div class='ocr_carea' id='block_1_57' title="bbox 129 3197 1651 3303">
    <p class='ocr_par' dir='ltr' id='par_1_57' title="bbox 129 3197 1651 3279">
     <span class='ocr_line' id='line_1_57' title="bbox 129 3197 1651 3279; baseline 0.015 -36"><span class='ocrx_word' id='word_1_343' title='bbox 129 3197 235 3249; x_wconf 74' lang='grc' dir='ltr'><strong>ἀλλὰ</strong></span> <span class='ocrx_word' id='word_1_344' title='bbox 252 3201 346 3269; x_wconf 71' lang='grc' dir='ltr'><strong>χρὴ</strong></span> <span class='ocrx_word' id='word_1_345' title='bbox 377 3204 668 3273; x_wconf 66' lang='grc' dir='ltr'><strong>αὐτάρκως</strong></span> <span class='ocrx_word' id='word_1_346' title='bbox 720 3206 856 3277; x_wconf 79' lang='grc' dir='ltr'><strong>πρὸς</strong></span> <span class='ocrx_word' id='word_1_347' title='bbox 900 3207 970 3265; x_wconf 78' lang='grc' dir='ltr'><strong>τὰ</strong></span> <span class='ocrx_word' id='word_1_348' title='bbox 997 3207 1107 3261; x_wconf 77' lang='grc' dir='ltr'><strong>ἴδια</strong></span> <span class='ocrx_word' id='word_1_349' title='bbox 1133 3208 1305 3279; x_wconf 74' lang='grc' dir='ltr'><strong>ἔχειν,</strong></span> <span class='ocrx_word' id='word_1_350' title='bbox 1360 3209 1455 3265; x_wconf 74' lang='grc' dir='ltr'><strong>καὶ</strong></span> <span class='ocrx_word' id='word_1_351' title='bbox 1488 3211 1651 3279; x_wconf 78' lang='grc' dir='ltr'><strong>εὐχα-</strong></span> 
     </span>
    </p>
   </div>
   <div class='ocr_carea' id='block_1_58' title="bbox 1788 3197 2837 3303">
    <p class='ocr_par' dir='ltr' id='par_1_58' title="bbox 1788 3218 2837 3291">
     <span class='ocr_line' id='line_1_58' title="bbox 1788 3218 2837 3291; baseline 0.002 -18"><span class='ocrx_word' id='word_1_352' title='bbox 1788 3227 1963 3273; x_wconf 79' lang='lat' dir='ltr'><strong>eutum</strong></span> <span class='ocrx_word' id='word_1_353' title='bbox 1990 3232 2133 3283; x_wconf 85' lang='lat' dir='ltr'><strong>esse,</strong></span> <span class='ocrx_word' id='word_1_354' title='bbox 2177 3227 2231 3273; x_wconf 91' lang='lat' dir='ltr'><strong>et</strong></span> <span class='ocrx_word' id='word_1_355' title='bbox 2256 3218 2368 3276; x_wconf 85' lang='lat' dir='ltr'><strong>Deo</strong></span> <span class='ocrx_word' id='word_1_356' title='bbox 2395 3221 2596 3291; x_wconf 79' lang='lat' dir='ltr'><strong>gratias</strong></span> <span class='ocrx_word' id='word_1_357' title='bbox 2616 3220 2837 3276; x_wconf 84' lang='lat' dir='ltr'><strong>habere.</strong></span> 
     </span>
    </p>
   </div>
   <div class='ocr_carea' id='block_1_59' title="bbox 132 3292 569 3366">
    <p class='ocr_par' dir='ltr' id='par_1_59' title="bbox 132 3292 569 3366">
     <span class='ocr_line' id='line_1_59' title="bbox 132 3292 569 3366; baseline 0.021 -27"><span class='ocrx_word' id='word_1_358' title='bbox 132 3294 292 3357; x_wconf 81' lang='grc' dir='ltr'><strong>ριστεῐν</strong></span> <span class='ocrx_word' id='word_1_359' title='bbox 331 3292 400 3364; x_wconf 79' lang='grc' dir='ltr'><strong>τῷ</strong></span> <span class='ocrx_word' id='word_1_360' title='bbox 430 3295 569 3366; x_wconf 83' lang='grc' dir='ltr'><strong>Θεῷ.</strong></span> 
     </span>
    </p>
   </div>
   <div class='ocr_carea' id='block_1_60' title="bbox 179 3382 1668 3467">
    <p class='ocr_par' dir='ltr' id='par_1_60' title="bbox 179 3382 1668 3467">
     <span class='ocr_line' id='line_1_60' title="bbox 179 3382 1668 3467; baseline 0.015 -34"><span class='ocrx_word' id='word_1_361' title='bbox 179 3382 230 3433; x_wconf 83' lang='lat' dir='ltr'><strong>&#39;il</strong></span> <span class='ocrx_word' id='word_1_362' title='bbox 250 3386 531 3458; x_wconf 74' lang='grc' dir='ltr'><strong>αὐτάρκεια</strong></span> <span class='ocrx_word' id='word_1_363' title='bbox 554 3392 648 3444; x_wconf 76' lang='grc' dir='ltr'><strong>καὶ</strong></span> <span class='ocrx_word' id='word_1_364' title='bbox 671 3394 842 3463; x_wconf 80' lang='grc' dir='ltr'><strong>τροφή</strong></span> <span class='ocrx_word' id='word_1_365' title='bbox 868 3393 1007 3458; x_wconf 78' lang='grc' dir='ltr'><strong>ἐστι,</strong></span> <span class='ocrx_word' id='word_1_366' title='bbox 1035 3395 1127 3447; x_wconf 73' lang='grc' dir='ltr'><strong>καὶ</strong></span> <span class='ocrx_word' id='word_1_367' title='bbox 1143 3395 1327 3467; x_wconf 75' lang='grc' dir='ltr'><strong>ἡδονὴ,</strong></span> <span class='ocrx_word' id='word_1_368' title='bbox 1349 3398 1442 3451; x_wconf 74' lang='grc' dir='ltr'><strong>καὶ</strong></span> <span class='ocrx_word' id='word_1_369' title='bbox 1472 3397 1668 3464; x_wconf 67' lang='grc' dir='ltr'><strong>ὑγείαν,</strong></span> 
     </span>
    </p>
   </div>
   <div class='ocr_carea' id='block_1_61' title="bbox 131 3473 1239 3557">
    <p class='ocr_par' dir='ltr' id='par_1_61' title="bbox 131 3473 1239 3557">
     <span class='ocr_line' id='line_1_61' title="bbox 131 3473 1239 3557; baseline 0.019 -31"><span class='ocrx_word' id='word_1_370' title='bbox 131 3473 176 3526; x_wconf 71' lang='grc' dir='ltr'><strong>τὸ</strong></span> <span class='ocrx_word' id='word_1_371' title='bbox 194 3476 239 3529; x_wconf 76' lang='grc' dir='ltr'><strong>δὲ</strong></span> <span class='ocrx_word' id='word_1_372' title='bbox 262 3479 410 3535; x_wconf 80' lang='grc' dir='ltr'><strong>πλέον</strong></span> <span class='ocrx_word' id='word_1_373' title='bbox 439 3484 585 3555; x_wconf 80' lang='grc' dir='ltr'><strong>λύμη</strong></span> <span class='ocrx_word' id='word_1_374' title='bbox 613 3489 708 3539; x_wconf 76' lang='grc' dir='ltr'><strong>καὶ</strong></span> <span class='ocrx_word' id='word_1_375' title='bbox 738 3487 904 3557; x_wconf 80' lang='grc' dir='ltr'><strong>ἀηδία</strong></span> <span class='ocrx_word' id='word_1_376' title='bbox 938 3490 1034 3544; x_wconf 75' lang='grc' dir='ltr'><strong>καὶ</strong></span> <span class='ocrx_word' id='word_1_377' title='bbox 1064 3488 1239 3553; x_wconf 78' lang='grc' dir='ltr'><strong>νόσος.</strong></span> 
     </span>
    </p>
   </div>
   <div class='ocr_carea' id='block_1_62' title="bbox 183 3662 1653 3740">
    <p class='ocr_par' dir='ltr' id='par_1_62' title="bbox 183 3662 1653 3740">
     <span class='ocr_line' id='line_1_62' title="bbox 183 3662 1653 3740; baseline 0.007 -27"><span class='ocrx_word' id='word_1_378' title='bbox 183 3662 323 3733; x_wconf 76' lang='grc' dir='ltr'><strong>Φησὶν</strong></span> <span class='ocrx_word' id='word_1_379' title='bbox 350 3666 375 3717; x_wconf 86' lang='grc' dir='ltr'><strong>ὀ</strong></span> <span class='ocrx_word' id='word_1_380' title='bbox 406 3666 662 3736; x_wconf 79' lang='grc' dir='ltr'><strong>Χριστὸς,</strong></span> <span class='ocrx_word' id='word_1_381' title='bbox 696 3669 918 3737; x_wconf 82' lang='grc' dir='ltr'><strong>Ζητεῖτε</strong></span> <span class='ocrx_word' id='word_1_382' title='bbox 965 3669 1185 3740; x_wconf 81' lang='grc' dir='ltr'><strong>πρῶτον</strong></span> <span class='ocrx_word' id='word_1_383' title='bbox 1234 3670 1335 3739; x_wconf 75' lang='grc' dir='ltr'><strong>τὴν</strong></span> <span class='ocrx_word' id='word_1_384' title='bbox 1376 3672 1653 3740; x_wconf 67' lang='grc' dir='ltr'><strong>βασιλείαν</strong></span> 
     </span>
    </p>
   </div>
   <div class='ocr_carea' id='block_1_63' title="bbox 130 3751 1652 3831">
    <p class='ocr_par' dir='ltr' id='par_1_63' title="bbox 130 3751 1652 3831">
     <span class='ocr_line' id='line_1_63' title="bbox 130 3751 1652 3831; baseline 0.009 -28"><span class='ocrx_word' id='word_1_385' title='bbox 130 3751 202 3804; x_wconf 76' lang='grc' dir='ltr'><strong>τοῦ</strong></span> <span class='ocrx_word' id='word_1_386' title='bbox 230 3754 346 3808; x_wconf 83' lang='grc' dir='ltr'><strong>Θεοῦ</strong></span> <span class='ocrx_word' id='word_1_387' title='bbox 377 3759 470 3811; x_wconf 75' lang='grc' dir='ltr'><strong>καὶ</strong></span> <span class='ocrx_word' id='word_1_388' title='bbox 521 3760 624 3828; x_wconf 85' lang='grc' dir='ltr'><strong>τὴν</strong></span> <span class='ocrx_word' id='word_1_389' title='bbox 674 3759 1029 3831; x_wconf 76' lang='grc' dir='ltr'><strong>δικαιοσύνην</strong></span> <span class='ocrx_word' id='word_1_390' title='bbox 1081 3760 1271 3825; x_wconf 80' lang='grc' dir='ltr'><strong>αὐτοῦ,</strong></span> <span class='ocrx_word' id='word_1_391' title='bbox 1329 3763 1424 3815; x_wconf 80' lang='grc' dir='ltr'><strong>καὶ</strong></span> <span class='ocrx_word' id='word_1_392' title='bbox 1480 3763 1652 3817; x_wconf 76' lang='grc' dir='ltr'><strong>ταῦτα</strong></span> 
     </span>
    </p>
   </div>
   <div class='ocr_carea' id='block_1_64' title="bbox 130 3846 1653 3927">
    <p class='ocr_par' dir='ltr' id='par_1_64' title="bbox 130 3846 1653 3927">
     <span class='ocr_line' id='line_1_64' title="bbox 130 3846 1653 3927; baseline 0.009 -30"><span class='ocrx_word' id='word_1_393' title='bbox 130 3846 273 3900; x_wconf 83' lang='grc' dir='ltr'><strong>πάντα</strong></span> <span class='ocrx_word' id='word_1_394' title='bbox 326 3850 754 3922; x_wconf 81' lang='grc' dir='ltr'><strong>προστεθήσεται</strong></span> <span class='ocrx_word' id='word_1_395' title='bbox 798 3854 970 3922; x_wconf 57' lang='grc' dir='ltr'><strong>ὑμῖν</strong></span> <span class='ocrx_word' id='word_1_396' title='bbox 1025 3857 1187 3925; x_wconf 76' lang='grc' dir='ltr'><strong>ἡμεῖς</strong></span> <span class='ocrx_word' id='word_1_397' title='bbox 1235 3855 1291 3909; x_wconf 80' lang='grc' dir='ltr'><strong>δὲ</strong></span> <span class='ocrx_word' id='word_1_398' title='bbox 1348 3857 1448 3927; x_wconf 75' lang='grc' dir='ltr'><strong>τὴν</strong></span> <span class='ocrx_word' id='word_1_399' title='bbox 1497 3857 1653 3921; x_wconf 79' lang='grc' dir='ltr'><strong>τάξιν</strong></span> 
     </span>
    </p>
   </div>
   <div class='ocr_carea' id='block_1_65' title="bbox 128 3928 1654 4017">
    <p class='ocr_par' dir='ltr' id='par_1_65' title="bbox 128 3928 1654 4017">
     <span class='ocr_line' id='line_1_65' title="bbox 128 3928 1654 4017; baseline 0.016 -30"><span class='ocrx_word' id='word_1_400' title='bbox 128 3936 538 4011; x_wconf 69' lang='grc' dir='ltr'><strong>ἀπεστρέψαμεν,</strong></span> <span class='ocrx_word' id='word_1_401' title='bbox 565 3944 664 3998; x_wconf 79' lang='grc' dir='ltr'><strong>καὶ</strong></span> <span class='ocrx_word' id='word_1_402' title='bbox 726 3944 1000 4017; x_wconf 81' lang='grc' dir='ltr'><strong>ζητοῦμεν</strong></span> <span class='ocrx_word' id='word_1_403' title='bbox 1030 3947 1130 4016; x_wconf 84' lang='grc' dir='ltr'><strong>τὴν</strong></span> <span class='ocrx_word' id='word_1_404' title='bbox 1163 3946 1286 4017; x_wconf 83' lang='grc' dir='ltr'><strong>γῆν,</strong></span> <span class='ocrx_word' id='word_1_405' title='bbox 1342 3928 1438 4009; x_wconf 55' lang='lat' dir='ltr'><strong>Xal-</strong></span> <span class='ocrx_word' id='word_1_406' title='bbox 1478 3947 1550 4000; x_wconf 77' lang='grc' dir='ltr'><strong>τὰ</strong></span> <span class='ocrx_word' id='word_1_407' title='bbox 1597 3952 1654 4001; x_wconf 79' lang='grc' dir='ltr'><strong>ὲν</strong></span> 
     </span>
    </p>
   </div>
   <div class='ocr_carea' id='block_1_66' title="bbox 128 4031 1654 4105">
    <p class='ocr_par' dir='ltr' id='par_1_66' title="bbox 128 4031 1654 4105">
     <span class='ocr_line' id='line_1_66' title="bbox 128 4031 1654 4105; baseline 0.003 -18"><span class='ocrx_word' id='word_1_408' title='bbox 128 4031 177 4097; x_wconf 78' lang='grc' dir='ltr'><strong>τῇ</strong></span> <span class='ocrx_word' id='word_1_409' title='bbox 202 4034 260 4100; x_wconf 80' lang='grc' dir='ltr'><strong>γῇ</strong></span> <span class='ocrx_word' id='word_1_410' title='bbox 291 4034 462 4103; x_wconf 77' lang='grc' dir='ltr'><strong>ἀγαθά</strong></span> <span class='ocrx_word' id='word_1_411' title='bbox 485 4048 497 4063; x_wconf 88' lang='grc'><strong>·</strong></span> <span class='ocrx_word' id='word_1_412' title='bbox 530 4036 622 4091; x_wconf 80' lang='grc' dir='ltr'><strong>διὰ</strong></span> <span class='ocrx_word' id='word_1_413' title='bbox 666 4037 829 4095; x_wconf 83' lang='grc' dir='ltr'><strong>τοῦτο</strong></span> <span class='ocrx_word' id='word_1_414' title='bbox 881 4038 1005 4097; x_wconf 69' lang='grc' dir='ltr'><strong>οὔτε</strong></span> <span class='ocrx_word' id='word_1_415' title='bbox 1060 4038 1256 4105; x_wconf 78' lang='grc' dir='ltr'><strong>ταῦτα,</strong></span> <span class='ocrx_word' id='word_1_416' title='bbox 1287 4038 1414 4093; x_wconf 75' lang='grc' dir='ltr'><strong>οὔτε</strong></span> <span class='ocrx_word' id='word_1_417' title='bbox 1470 4042 1654 4095; x_wconf 81' lang='grc' dir='ltr'><strong>ἐκεῖνα</strong></span> 
     </span>
    </p>
   </div>
   <div class='ocr_carea' id='block_1_67' title="bbox 128 4120 304 4189">
    <p class='ocr_par' dir='ltr' id='par_1_67' title="bbox 128 4120 304 4189">
     <span class='ocr_line' id='line_1_67' title="bbox 128 4120 304 4189; baseline 0.028 -17"><span class='ocrx_word' id='word_1_418' title='bbox 128 4120 304 4189; x_wconf 73' lang='grc' dir='ltr'><strong>ἔχομεν.</strong></span> 
     </span>
    </p>
   </div>
   <div class='ocr_carea' id='block_1_68' title="bbox 181 4212 1654 4291">
    <p class='ocr_par' dir='ltr' id='par_1_68' title="bbox 181 4212 1654 4291">
     <span class='ocr_line' id='line_1_68' title="bbox 181 4212 1654 4291; baseline 0.008 -27"><span class='ocrx_word' id='word_1_419' title='bbox 181 4212 368 4284; x_wconf 81' lang='grc' dir='ltr'><strong>Μέτρον</strong></span> <span class='ocrx_word' id='word_1_420' title='bbox 392 4216 644 4287; x_wconf 82' lang='grc' dir='ltr'><strong>κτήσεώς</strong></span> <span class='ocrx_word' id='word_1_421' title='bbox 677 4218 824 4271; x_wconf 74' lang='grc' dir='ltr'><strong>ἐστιν</strong></span> <span class='ocrx_word' id='word_1_422' title='bbox 875 4220 910 4289; x_wconf 81' lang='grc' dir='ltr'><strong>ή</strong></span> <span class='ocrx_word' id='word_1_423' title='bbox 943 4218 1103 4289; x_wconf 79' lang='grc' dir='ltr'><strong>χρεία</strong></span> <span class='ocrx_word' id='word_1_424' title='bbox 1128 4217 1223 4274; x_wconf 79' lang='grc' dir='ltr'><strong>τοῦ</strong></span> <span class='ocrx_word' id='word_1_425' title='bbox 1272 4220 1549 4291; x_wconf 84' lang='grc' dir='ltr'><strong>σώματος,</strong></span> <span class='ocrx_word' id='word_1_426' title='bbox 1592 4222 1654 4276; x_wconf 72' lang='grc' dir='ltr'><strong>τὸ</strong></span> 
     </span>
    </p>
   </div>
   <div class='ocr_carea' id='block_1_69' title="bbox 128 4301 1652 4382">
    <p class='ocr_par' dir='ltr' id='par_1_69' title="bbox 128 4301 1652 4382">
     <span class='ocr_line' id='line_1_69' title="bbox 128 4301 1652 4382; baseline 0.01 -30"><span class='ocrx_word' id='word_1_427' title='bbox 128 4301 171 4353; x_wconf 77' lang='grc' dir='ltr'><strong>δὲ</strong></span> <span class='ocrx_word' id='word_1_428' title='bbox 192 4305 369 4376; x_wconf 76' lang='grc' dir='ltr'><strong>ταύτην</strong></span> <span class='ocrx_word' id='word_1_429' title='bbox 397 4310 750 4381; x_wconf 76' lang='grc' dir='ltr'><strong>ὑπερϐαίνειν</strong></span> <span class='ocrx_word' id='word_1_430' title='bbox 775 4311 1021 4382; x_wconf 83' lang='grc' dir='ltr'><strong>ἀκοσμία</strong></span> <span class='ocrx_word' id='word_1_431' title='bbox 1052 4312 1260 4378; x_wconf 85' lang='grc' dir='ltr'><strong>λοιπὸν,</strong></span> <span class='ocrx_word' id='word_1_432' title='bbox 1297 4316 1393 4366; x_wconf 75' lang='grc' dir='ltr'><strong>καὶ</strong></span> <span class='ocrx_word' id='word_1_433' title='bbox 1426 4313 1528 4367; x_wconf 83' lang='grc' dir='ltr'><strong>οὐκ</strong></span> <span class='ocrx_word' id='word_1_434' title='bbox 1570 4314 1652 4369; x_wconf 72' lang='grc' dir='ltr'><strong>ἔτι</strong></span> 
     </span>
    </p>
   </div>
   <div class='ocr_carea' id='block_1_70' title="bbox 131 4397 441 4461">
    <p class='ocr_par' dir='ltr' id='par_1_70' title="bbox 131 4397 441 4461">
     <span class='ocr_line' id='line_1_70' title="bbox 131 4397 441 4461; baseline 0.026 -15"><span class='ocrx_word' id='word_1_435' title='bbox 131 4397 257 4461; x_wconf 73' lang='grc' dir='ltr'><strong>χρεία</strong></span> <span class='ocrx_word' id='word_1_436' title='bbox 285 4400 441 4455; x_wconf 67' lang='grc' dir='ltr'><strong>ἐστίν.</strong></span> 
     </span>
    </p>
   </div>
   <div class='ocr_carea' id='block_1_71' title="bbox 185 4488 1654 4568">
    <p class='ocr_par' dir='ltr' id='par_1_71' title="bbox 185 4488 1654 4568">
     <span class='ocr_line' id='line_1_71' title="bbox 185 4488 1654 4568; baseline 0.008 -28"><span class='ocrx_word' id='word_1_437' title='bbox 185 4488 340 4544; x_wconf 76' lang='grc' dir='ltr'><strong>Καλὸν</strong></span> <span class='ocrx_word' id='word_1_438' title='bbox 358 4496 466 4557; x_wconf 81' lang='grc' dir='ltr'><strong>τοῖς</strong></span> <span class='ocrx_word' id='word_1_439' title='bbox 509 4495 661 4565; x_wconf 76' lang='grc' dir='ltr'><strong>ὅροις</strong></span> <span class='ocrx_word' id='word_1_440' title='bbox 688 4495 787 4565; x_wconf 84' lang='grc' dir='ltr'><strong>τῆς</strong></span> <span class='ocrx_word' id='word_1_441' title='bbox 807 4496 997 4566; x_wconf 76' lang='grc' dir='ltr'><strong>χρείας</strong></span> <span class='ocrx_word' id='word_1_442' title='bbox 1026 4496 1308 4567; x_wconf 79' lang='grc' dir='ltr'><strong>ἐμμένειν,</strong></span> <span class='ocrx_word' id='word_1_443' title='bbox 1359 4499 1454 4553; x_wconf 77' lang='grc' dir='ltr'><strong>καὶ</strong></span> <span class='ocrx_word' id='word_1_444' title='bbox 1505 4498 1654 4568; x_wconf 86' lang='grc' dir='ltr'><strong>φιλο-</strong></span> 
     </span>
    </p>
   </div>
   <div class='ocr_carea' id='block_1_72' title="bbox 1829 3400 3329 3472">
    <p class='ocr_par' dir='ltr' id='par_1_72' title="bbox 1829 3400 3329 3472">
     <span class='ocr_line' id='line_1_72' title="bbox 1829 3400 3329 3472; baseline 0.002 -18"><span class='ocrx_word' id='word_1_445' title='bbox 1829 3400 2023 3455; x_wconf 88' lang='lat' dir='ltr'><strong>Sobria</strong></span> <span class='ocrx_word' id='word_1_446' title='bbox 2060 3400 2347 3472; x_wconf 74' lang='lat' dir='ltr'><strong>frugalitas</strong></span> <span class='ocrx_word' id='word_1_447' title='bbox 2374 3411 2427 3457; x_wconf 89' lang='lat' dir='ltr'><strong>et</strong></span> <span class='ocrx_word' id='word_1_448' title='bbox 2455 3401 2777 3457; x_wconf 90' lang='lat' dir='ltr'><strong>alimentum</strong></span> <span class='ocrx_word' id='word_1_449' title='bbox 2816 3411 2917 3469; x_wconf 89' lang='lat' dir='ltr'><strong>est,</strong></span> <span class='ocrx_word' id='word_1_450' title='bbox 2948 3410 3002 3457; x_wconf 87' lang='lat' dir='ltr'><strong>et</strong></span> <span class='ocrx_word' id='word_1_451' title='bbox 3037 3401 3288 3471; x_wconf 86' lang='lat' dir='ltr'><strong>voluptas</strong></span> <span class='ocrx_word' id='word_1_452' title='bbox 3313 3442 3329 3466; x_wconf 93' lang='lat'><strong>,</strong></span> 
     </span>
    </p>
   </div>
   <div class='ocr_carea' id='block_1_73' title="bbox 1755 3492 3333 3561">
    <p class='ocr_par' dir='ltr' id='par_1_73' title="bbox 1755 3492 3333 3561">
     <span class='ocr_line' id='line_1_73' title="bbox 1755 3492 3333 3561; baseline 0 -16"><span class='ocrx_word' id='word_1_453' title='bbox 1755 3502 1808 3545; x_wconf 90' lang='lat' dir='ltr'><strong>et</strong></span> <span class='ocrx_word' id='word_1_454' title='bbox 1848 3496 2052 3547; x_wconf 85' lang='lat' dir='ltr'><strong>sanitas</strong></span> <span class='ocrx_word' id='word_1_455' title='bbox 2088 3510 2101 3546; x_wconf 90' lang='lat'><strong>:</strong></span> <span class='ocrx_word' id='word_1_456' title='bbox 2150 3494 2382 3547; x_wconf 86' lang='lat' dir='ltr'><strong>nimium</strong></span> <span class='ocrx_word' id='word_1_457' title='bbox 2438 3509 2566 3550; x_wconf 91' lang='lat' dir='ltr'><strong>vero</strong></span> <span class='ocrx_word' id='word_1_458' title='bbox 2616 3508 2779 3561; x_wconf 81' lang='lat' dir='ltr'><strong>noxa,</strong></span> <span class='ocrx_word' id='word_1_459' title='bbox 2829 3503 2884 3548; x_wconf 92' lang='lat' dir='ltr'><strong>et</strong></span> <span class='ocrx_word' id='word_1_460' title='bbox 2919 3492 3195 3548; x_wconf 87' lang='lat' dir='ltr'><strong>fastidium</strong></span> <span class='ocrx_word' id='word_1_461' title='bbox 3221 3533 3237 3558; x_wconf 94' lang='lat'><strong>,</strong></span> <span class='ocrx_word' id='word_1_462' title='bbox 3279 3502 3333 3545; x_wconf 86' lang='lat' dir='ltr'><strong>et</strong></span> 
     </span>
    </p>
   </div>
   <div class='ocr_carea' id='block_1_74' title="bbox 1757 3587 2003 3639">
    <p class='ocr_par' dir='ltr' id='par_1_74' title="bbox 1757 3587 2003 3639">
     <span class='ocr_line' id='line_1_74' title="bbox 1757 3587 2003 3639; baseline 0.004 -1"><span class='ocrx_word' id='word_1_463' title='bbox 1757 3587 2003 3639; x_wconf 85' lang='lat' dir='ltr'><strong>morbus.</strong></span> 
     </span>
    </p>
   </div>
   <div class='ocr_carea' id='block_1_75' title="bbox 1826 3675 3332 3747">
    <p class='ocr_par' dir='ltr' id='par_1_75' title="bbox 1826 3675 3332 3747">
     <span class='ocr_line' id='line_1_75' title="bbox 1826 3675 3332 3747; baseline 0 -17"><span class='ocrx_word' id='word_1_464' title='bbox 1826 3676 2078 3731; x_wconf 86' lang='lat' dir='ltr'><strong>Christus</strong></span> <span class='ocrx_word' id='word_1_465' title='bbox 2109 3676 2308 3746; x_wconf 89' lang='lat' dir='ltr'><strong>inquit,</strong></span> <span class='ocrx_word' id='word_1_466' title='bbox 2345 3675 2580 3744; x_wconf 69' lang='lat' dir='ltr'><strong>Quaerite</strong></span> <span class='ocrx_word' id='word_1_467' title='bbox 2608 3676 2844 3747; x_wconf 91' lang='lat' dir='ltr'><strong>primum</strong></span> <span class='ocrx_word' id='word_1_468' title='bbox 2889 3692 3111 3746; x_wconf 82' lang='lat' dir='ltr'><strong>regnum</strong></span> <span class='ocrx_word' id='word_1_469' title='bbox 3145 3676 3239 3731; x_wconf 89' lang='lat' dir='ltr'><strong>Dei</strong></span> <span class='ocrx_word' id='word_1_470' title='bbox 3276 3687 3332 3730; x_wconf 84' lang='lat' dir='ltr'><strong>ct</strong></span> 
     </span>
    </p>
   </div>
   <div class='ocr_carea' id='block_1_76' title="bbox 1751 3765 3333 3839">
    <p class='ocr_par' dir='ltr' id='par_1_76' title="bbox 1751 3765 3333 3839">
     <span class='ocr_line' id='line_1_76' title="bbox 1751 3765 3333 3839; baseline 0.001 -19"><span class='ocrx_word' id='word_1_471' title='bbox 1751 3765 2022 3839; x_wconf 86' lang='lat' dir='ltr'><strong>justitiam</strong></span> <span class='ocrx_word' id='word_1_472' title='bbox 2051 3766 2193 3837; x_wconf 86' lang='lat' dir='ltr'><strong>ejus,</strong></span> <span class='ocrx_word' id='word_1_473' title='bbox 2226 3778 2280 3824; x_wconf 88' lang='lat' dir='ltr'><strong>et</strong></span> <span class='ocrx_word' id='word_1_474' title='bbox 2317 3768 2431 3825; x_wconf 70' lang='lat' dir='ltr'><strong>haec</strong></span> <span class='ocrx_word' id='word_1_475' title='bbox 2458 3769 2641 3823; x_wconf 87' lang='lat' dir='ltr'><strong>omnia</strong></span> <span class='ocrx_word' id='word_1_476' title='bbox 2666 3768 2994 3837; x_wconf 88' lang='lat' dir='ltr'><strong>adjicientur</strong></span> <span class='ocrx_word' id='word_1_477' title='bbox 3017 3767 3192 3822; x_wconf 83' lang='lat' dir='ltr'><strong>vobis.</strong></span> <span class='ocrx_word' id='word_1_478' title='bbox 3221 3765 3333 3821; x_wconf 84' lang='lat' dir='ltr'><strong>Nos</strong></span> 
     </span>
    </p>
   </div>
   <div class='ocr_carea' id='block_1_77' title="bbox 1759 3858 3332 3930">
    <p class='ocr_par' dir='ltr' id='par_1_77' title="bbox 1759 3858 3332 3930">
     <span class='ocr_line' id='line_1_77' title="bbox 1759 3858 3332 3930; baseline 0.004 -21"><span class='ocrx_word' id='word_1_479' title='bbox 1759 3872 1889 3913; x_wconf 81' lang='lat' dir='ltr'><strong>vero</strong></span> <span class='ocrx_word' id='word_1_480' title='bbox 1945 3858 2264 3917; x_wconf 85' lang='lat' dir='ltr'><strong>invertimus</strong></span> <span class='ocrx_word' id='word_1_481' title='bbox 2300 3859 2572 3923; x_wconf 90' lang='lat' dir='ltr'><strong>ordinem,</strong></span> <span class='ocrx_word' id='word_1_482' title='bbox 2607 3869 2660 3915; x_wconf 88' lang='lat' dir='ltr'><strong>et</strong></span> <span class='ocrx_word' id='word_1_483' title='bbox 2692 3860 2992 3930; x_wconf 77' lang='lat' dir='ltr'><strong>quterimus</strong></span> <span class='ocrx_word' id='word_1_484' title='bbox 3034 3868 3232 3915; x_wconf 87' lang='lat' dir='ltr'><strong>terram</strong></span> <span class='ocrx_word' id='word_1_485' title='bbox 3277 3866 3332 3915; x_wconf 88' lang='lat' dir='ltr'><strong>et</strong></span> 
     </span>
    </p>
   </div>
   <div class='ocr_carea' id='block_1_78' title="bbox 1757 3949 3223 4021">
    <p class='ocr_par' dir='ltr' id='par_1_78' title="bbox 1757 3949 3223 4021">
     <span class='ocr_line' id='line_1_78' title="bbox 1757 3949 3223 4021; baseline 0.001 -18"><span class='ocrx_word' id='word_1_486' title='bbox 1757 3949 1895 4004; x_wconf 85' lang='lat' dir='ltr'><strong>bona</strong></span> <span class='ocrx_word' id='word_1_487' title='bbox 1930 3960 2168 4018; x_wconf 87' lang='lat' dir='ltr'><strong>terrena,</strong></span> <span class='ocrx_word' id='word_1_488' title='bbox 2196 3966 2365 4021; x_wconf 89' lang='lat' dir='ltr'><strong>quare</strong></span> <span class='ocrx_word' id='word_1_489' title='bbox 2386 3966 2488 4007; x_wconf 91' lang='lat' dir='ltr'><strong>nec</strong></span> <span class='ocrx_word' id='word_1_490' title='bbox 2522 3954 2637 4007; x_wconf 65' lang='lat' dir='ltr'><strong>haec</strong></span> <span class='ocrx_word' id='word_1_491' title='bbox 2672 3951 2937 4007; x_wconf 88' lang='lat' dir='ltr'><strong>habemus</strong></span> <span class='ocrx_word' id='word_1_492' title='bbox 2985 3966 3084 4006; x_wconf 89' lang='lat' dir='ltr'><strong>nec</strong></span> <span class='ocrx_word' id='word_1_493' title='bbox 3109 3950 3223 4005; x_wconf 89' lang='lat' dir='ltr'><strong>illa.</strong></span> 
     </span>
    </p>
   </div>
   <div class='ocr_carea' id='block_1_79' title="bbox 1833 4217 3327 4290">
    <p class='ocr_par' dir='ltr' id='par_1_79' title="bbox 1833 4217 3327 4290">
     <span class='ocr_line' id='line_1_79' title="bbox 1833 4217 3327 4290; baseline 0.002 -18"><span class='ocrx_word' id='word_1_494' title='bbox 1833 4217 1972 4274; x_wconf 81' lang='lat' dir='ltr'><strong>Nili.</strong></span> <span class='ocrx_word' id='word_1_495' title='bbox 2001 4217 2371 4275; x_wconf 85' lang='lat' dir='ltr'><strong>Possessionis</strong></span> <span class='ocrx_word' id='word_1_496' title='bbox 2394 4220 2587 4275; x_wconf 86' lang='lat' dir='ltr'><strong>modus</strong></span> <span class='ocrx_word' id='word_1_497' title='bbox 2612 4226 2697 4274; x_wconf 86' lang='lat' dir='ltr'><strong>est</strong></span> <span class='ocrx_word' id='word_1_498' title='bbox 2726 4219 2976 4290; x_wconf 89' lang='lat' dir='ltr'><strong>corporis</strong></span> <span class='ocrx_word' id='word_1_499' title='bbox 3004 4219 3327 4283; x_wconf 80' lang='lat' dir='ltr'><strong>necessitas,</strong></span> 
     </span>
    </p>
   </div>
   <div class='ocr_carea' id='block_1_80' title="bbox 1756 4311 3331 4381">
    <p class='ocr_par' dir='ltr' id='par_1_80' title="bbox 1756 4311 3331 4381">
     <span class='ocr_line' id='line_1_80' title="bbox 1756 4311 3331 4381; baseline 0 -14"><span class='ocrx_word' id='word_1_500' title='bbox 1756 4311 1877 4381; x_wconf 88' lang='lat' dir='ltr'><strong>ejus</strong></span> <span class='ocrx_word' id='word_1_501' title='bbox 1912 4326 2041 4366; x_wconf 88' lang='lat' dir='ltr'><strong>vero</strong></span> <span class='ocrx_word' id='word_1_502' title='bbox 2070 4324 2332 4366; x_wconf 81' lang='lat' dir='ltr'><strong>excessus</strong></span> <span class='ocrx_word' id='word_1_503' title='bbox 2357 4351 2372 4377; x_wconf 93' lang='lat'><strong>,</strong></span> <span class='ocrx_word' id='word_1_504' title='bbox 2402 4326 2510 4365; x_wconf 93' lang='lat' dir='ltr'><strong>non</strong></span> <span class='ocrx_word' id='word_1_505' title='bbox 2563 4326 2697 4367; x_wconf 87' lang='lat' dir='ltr'><strong>usus</strong></span> <span class='ocrx_word' id='word_1_506' title='bbox 2729 4320 2823 4367; x_wconf 89' lang='lat' dir='ltr'><strong>aut</strong></span> <span class='ocrx_word' id='word_1_507' title='bbox 2862 4312 3191 4377; x_wconf 84' lang='lat' dir='ltr'><strong>necessitas,</strong></span> <span class='ocrx_word' id='word_1_508' title='bbox 3238 4314 3331 4368; x_wconf 73' lang='lat' dir='ltr'><strong>sed</strong></span> 
     </span>
    </p>
   </div>
   <div class='ocr_carea' id='block_1_81' title="bbox 1756 4403 2086 4459">
    <p class='ocr_par' dir='ltr' id='par_1_81' title="bbox 1756 4403 2086 4459">
     <span class='ocr_line' id='line_1_81' title="bbox 1756 4403 2086 4459; baseline -0.003 -2"><span class='ocrx_word' id='word_1_509' title='bbox 1756 4403 1947 4459; x_wconf 86' lang='lat' dir='ltr'><strong>vitium</strong></span> <span class='ocrx_word' id='word_1_510' title='bbox 1981 4410 2086 4459; x_wconf 88' lang='lat' dir='ltr'><strong>est.</strong></span> 
     </span>
    </p>
   </div>
   <div class='ocr_carea' id='block_1_82' title="bbox 1829 4492 3332 4560">
    <p class='ocr_par' dir='ltr' id='par_1_82' title="bbox 1829 4492 3332 4560">
     <span class='ocr_line' id='line_1_82' title="bbox 1829 4492 3332 4560; baseline 0.002 -13"><span class='ocrx_word' id='word_1_511' title='bbox 1829 4494 2036 4548; x_wconf 83' lang='lat' dir='ltr'><strong>Bonum</strong></span> <span class='ocrx_word' id='word_1_512' title='bbox 2079 4502 2162 4549; x_wconf 88' lang='lat' dir='ltr'><strong>est</strong></span> <span class='ocrx_word' id='word_1_513' title='bbox 2203 4492 2346 4549; x_wconf 90' lang='lat' dir='ltr'><strong>intra</strong></span> <span class='ocrx_word' id='word_1_514' title='bbox 2408 4492 2542 4549; x_wconf 83' lang='lat' dir='ltr'><strong>fines</strong></span> <span class='ocrx_word' id='word_1_515' title='bbox 2595 4492 2938 4549; x_wconf 81' lang='lat' dir='ltr'><strong>necessitatis</strong></span> <span class='ocrx_word' id='word_1_516' title='bbox 2982 4508 3222 4560; x_wconf 85' lang='lat' dir='ltr'><strong>manere,</strong></span> <span class='ocrx_word' id='word_1_517' title='bbox 3278 4504 3332 4560; x_wconf 89' lang='lat' dir='ltr'><strong>e_t</strong></span> 
     </span>
    </p>
   </div>
   <div class='ocr_carea' id='block_1_83' title="bbox 128 4553 1651 4661">
    <p class='ocr_par' dir='ltr' id='par_1_83' title="bbox 128 4586 1649 4661">
     <span class='ocr_line' id='line_1_83' title="bbox 128 4586 1649 4661; baseline 0.012 -32"><span class='ocrx_word' id='word_1_518' title='bbox 128 4595 170 4630; x_wconf 80' lang='grc' dir='ltr'><strong>νε</strong></span> <span class='ocrx_word' id='word_1_519' title='bbox 191 4586 291 4635; x_wconf 83' lang='grc' dir='ltr'><strong>κεῖν</strong></span> <span class='ocrx_word' id='word_1_520' title='bbox 316 4588 458 4660; x_wconf 77' lang='grc' dir='ltr'><strong>πάσῃ</strong></span> <span class='ocrx_word' id='word_1_521' title='bbox 483 4589 738 4659; x_wconf 81' lang='grc' dir='ltr'><strong>δυνάμει,</strong></span> <span class='ocrx_word' id='word_1_522' title='bbox 763 4589 987 4650; x_wconf 78' lang='grc' dir='ltr'><strong>τούτους</strong></span> <span class='ocrx_word' id='word_1_523' title='bbox 1014 4590 1091 4661; x_wconf 79' lang='grc' dir='ltr'><strong>μὴ</strong></span> <span class='ocrx_word' id='word_1_524' title='bbox 1117 4591 1487 4661; x_wconf 79' lang='grc' dir='ltr'><strong>ὑπερϐαίνειν.</strong></span> <span class='ocrx_word' id='word_1_525' title='bbox 1525 4593 1649 4647; x_wconf 85' lang='grc' dir='ltr'><strong>Ἐὰν</strong></span> 
     </span>
    </p>
   </div>
   <div class='ocr_carea' id='block_1_84' title="bbox 1788 4553 3334 4661">
    <p class='ocr_par' dir='ltr' id='par_1_84' title="bbox 1789 4585 3334 4643">
     <span class='ocr_line' id='line_1_84' title="bbox 1789 4585 3334 4643; baseline -0.003 -3"><span class='ocrx_word' id='word_1_526' title='bbox 1789 4586 2007 4643; x_wconf 87' lang='lat' dir='ltr'><strong>mnibus</strong></span> <span class='ocrx_word' id='word_1_527' title='bbox 2043 4585 2251 4641; x_wconf 86' lang='lat' dir='ltr'><strong>viribus</strong></span> <span class='ocrx_word' id='word_1_528' title='bbox 2289 4585 2618 4641; x_wconf 85' lang='lat' dir='ltr'><strong>contendere</strong></span> <span class='ocrx_word' id='word_1_529' title='bbox 2656 4600 2725 4640; x_wconf 87' lang='lat' dir='ltr'><strong>ne</strong></span> <span class='ocrx_word' id='word_1_530' title='bbox 2778 4587 3230 4642; x_wconf 83' lang='lat' dir='ltr'><strong>transcemlamus</strong></span> <span class='ocrx_word' id='word_1_531' title='bbox 3271 4588 3334 4640; x_wconf 56' lang='lat' dir='ltr'><strong>il.</strong></span> 
     </span>
    </p>
   </div>
   <div class='ocr_carea' id='block_1_85' title="bbox 126 4672 1651 4755">
    <p class='ocr_par' dir='ltr' id='par_1_85' title="bbox 126 4672 1651 4755">
     <span class='ocr_line' id='line_1_85' title="bbox 126 4672 1651 4755; baseline 0.008 -30"><span class='ocrx_word' id='word_1_532' title='bbox 126 4672 211 4741; x_wconf 79' lang='grc' dir='ltr'><strong>γὰρ</strong></span> <span class='ocrx_word' id='word_1_533' title='bbox 235 4676 397 4746; x_wconf 76' lang='grc' dir='ltr'><strong>ὀλίγον</strong></span> <span class='ocrx_word' id='word_1_534' title='bbox 446 4682 763 4753; x_wconf 76' lang='grc' dir='ltr'><strong>παρενεχθῇ</strong></span> <span class='ocrx_word' id='word_1_535' title='bbox 812 4698 894 4744; x_wconf 85' lang='grc' dir='ltr'><strong>τις</strong></span> <span class='ocrx_word' id='word_1_536' title='bbox 930 4683 1037 4736; x_wconf 75' lang='grc' dir='ltr'><strong>ἀπὸ</strong></span> <span class='ocrx_word' id='word_1_537' title='bbox 1066 4683 1167 4753; x_wconf 82' lang='grc' dir='ltr'><strong>τῆς</strong></span> <span class='ocrx_word' id='word_1_538' title='bbox 1225 4684 1523 4755; x_wconf 63' lang='grc' dir='ltr'><strong>ἐπιθυμίας</strong></span> <span class='ocrx_word' id='word_1_539' title='bbox 1559 4684 1651 4737; x_wconf 79' lang='grc' dir='ltr'><strong>ἐπὶ</strong></span> 
     </span>
    </p>
   </div>
   <div class='ocr_carea' id='block_1_86' title="bbox 1788 4672 3330 4755">
    <p class='ocr_par' dir='ltr' id='par_1_86' title="bbox 1788 4676 3330 4749">
     <span class='ocr_line' id='line_1_86' title="bbox 1788 4676 3330 4749; baseline 0.003 -18"><span class='ocrx_word' id='word_1_540' title='bbox 1788 4692 1862 4732; x_wconf 78' lang='lat' dir='ltr'><strong>os.</strong></span> <span class='ocrx_word' id='word_1_541' title='bbox 1884 4676 2017 4732; x_wconf 82' lang='lat' dir='ltr'><strong>Nam</strong></span> <span class='ocrx_word' id='word_1_542' title='bbox 2051 4679 2095 4733; x_wconf 90' lang='lat' dir='ltr'><strong>si</strong></span> <span class='ocrx_word' id='word_1_543' title='bbox 2120 4677 2243 4748; x_wconf 86' lang='lat' dir='ltr'><strong>quis</strong></span> <span class='ocrx_word' id='word_1_544' title='bbox 2293 4679 2376 4733; x_wconf 86' lang='lat' dir='ltr'><strong>vel</strong></span> <span class='ocrx_word' id='word_1_545' title='bbox 2427 4679 2701 4733; x_wconf 87' lang='lat' dir='ltr'><strong>modicum</strong></span> <span class='ocrx_word' id='word_1_546' title='bbox 2731 4694 2825 4748; x_wconf 90' lang='lat' dir='ltr'><strong>per</strong></span> <span class='ocrx_word' id='word_1_547' title='bbox 2876 4679 3231 4749; x_wconf 83' lang='lat' dir='ltr'><strong>cupiditatem</strong></span> <span class='ocrx_word' id='word_1_548' title='bbox 3264 4681 3330 4737; x_wconf 86' lang='lat' dir='ltr'><strong>ad</strong></span> 
     </span>
    </p>
   </div>
   <div class='ocr_carea' id='block_1_87' title="bbox 125 4768 1651 4850">
    <p class='ocr_par' dir='ltr' id='par_1_87' title="bbox 125 4768 1651 4850">
     <span class='ocr_line' id='line_1_87' title="bbox 125 4768 1651 4850; baseline 0.009 -33"><span class='ocrx_word' id='word_1_549' title='bbox 125 4768 177 4817; x_wconf 81' lang='grc' dir='ltr'><strong>τὰ</strong></span> <span class='ocrx_word' id='word_1_550' title='bbox 207 4770 323 4837; x_wconf 77' lang='grc' dir='ltr'><strong>ἡδέα</strong></span> <span class='ocrx_word' id='word_1_551' title='bbox 352 4774 440 4826; x_wconf 76' lang='grc' dir='ltr'><strong>τοῦ</strong></span> <span class='ocrx_word' id='word_1_552' title='bbox 474 4775 616 4845; x_wconf 82' lang='grc' dir='ltr'><strong>βίου,</strong></span> <span class='ocrx_word' id='word_1_553' title='bbox 646 4776 821 4840; x_wconf 69' lang='grc' dir='ltr'><strong>οὐδεὶς</strong></span> <span class='ocrx_word' id='word_1_554' title='bbox 854 4776 1040 4831; x_wconf 80' lang='grc' dir='ltr'><strong>λοιπὸν</strong></span> <span class='ocrx_word' id='word_1_555' title='bbox 1068 4777 1251 4849; x_wconf 75' lang='grc' dir='ltr'><strong>ἵστησι</strong></span> <span class='ocrx_word' id='word_1_556' title='bbox 1287 4778 1385 4850; x_wconf 78' lang='grc' dir='ltr'><strong>τὴν</strong></span> <span class='ocrx_word' id='word_1_557' title='bbox 1444 4781 1537 4834; x_wconf 72' lang='grc' dir='ltr'><strong>ἐπὶ</strong></span> <span class='ocrx_word' id='word_1_558' title='bbox 1585 4778 1651 4832; x_wconf 72' lang='grc' dir='ltr'><strong>τὰ</strong></span> 
     </span>
    </p>
   </div>
   <div class='ocr_carea' id='block_1_88' title="bbox 1788 4768 3332 4850">
    <p class='ocr_par' dir='ltr' id='par_1_88' title="bbox 1794 4771 3332 4843">
     <span class='ocr_line' id='line_1_88' title="bbox 1794 4771 3332 4843; baseline 0.003 -21"><span class='ocrx_word' id='word_1_559' title='bbox 1794 4771 1879 4825; x_wconf 71' lang='lat' dir='ltr'><strong>itte</strong></span> <span class='ocrx_word' id='word_1_560' title='bbox 1909 4772 2132 4827; x_wconf 79' lang='lat' dir='ltr'><strong>delicias</strong></span> <span class='ocrx_word' id='word_1_561' title='bbox 2180 4771 2484 4836; x_wconf 82' lang='lat' dir='ltr'><strong>deﬂexerit,</strong></span> <span class='ocrx_word' id='word_1_562' title='bbox 2516 4773 2700 4829; x_wconf 89' lang='lat' dir='ltr'><strong>nullus</strong></span> <span class='ocrx_word' id='word_1_563' title='bbox 2741 4771 2999 4843; x_wconf 84' lang='lat' dir='ltr'><strong>deinceps</strong></span> <span class='ocrx_word' id='word_1_564' title='bbox 3038 4774 3332 4842; x_wconf 89' lang='lat' dir='ltr'><strong>quominus</strong></span> 
     </span>
    </p>
   </div>
   <div class='ocr_carea' id='block_1_89' title="bbox 126 4866 480 4933">
    <p class='ocr_par' dir='ltr' id='par_1_89' title="bbox 126 4866 480 4933">
     <span class='ocr_line' id='line_1_89' title="bbox 126 4866 480 4933; baseline 0.011 -26"><span class='ocrx_word' id='word_1_565' title='bbox 126 4866 279 4923; x_wconf 71' lang='grc' dir='ltr'><strong>πρόσω</strong></span> <span class='ocrx_word' id='word_1_566' title='bbox 296 4866 480 4933; x_wconf 75' lang='grc' dir='ltr'><strong>φοράν,</strong></span> 
     </span>
    </p>
   </div>
   <div class='ocr_carea' id='block_1_90' title="bbox 178 4952 1651 5036">
    <p class='ocr_par' dir='ltr' id='par_1_90' title="bbox 178 4952 1651 5036">
     <span class='ocr_line' id='line_1_90' title="bbox 178 4952 1651 5036; baseline 0.02 -35"><span class='ocrx_word' id='word_1_567' title='bbox 178 4952 422 5023; x_wconf 68' lang='grc' dir='ltr'><strong>Δῦταρκεῖ</strong></span> <span class='ocrx_word' id='word_1_568' title='bbox 451 4961 629 5031; x_wconf 80' lang='grc' dir='ltr'><strong>τροφῇ</strong></span> <span class='ocrx_word' id='word_1_569' title='bbox 662 4960 875 5033; x_wconf 75' lang='grc' dir='ltr'><strong>σμικρὰ</strong></span> <span class='ocrx_word' id='word_1_570' title='bbox 1017 4958 1231 5033; x_wconf 72' lang='grc' dir='ltr'><strong>μακρὰὶ</strong></span> <span class='ocrx_word' id='word_1_571' title='bbox 1266 4960 1366 5025; x_wconf 67' lang='grc' dir='ltr'><strong>νὺξ</strong></span> <span class='ocrx_word' id='word_1_572' title='bbox 1396 4960 1651 5016; x_wconf 67' lang='grc' dir='ltr'><strong>οὖδέποτε</strong></span> 
     </span>
    </p>
   </div>
   <div class='ocr_carea' id='block_1_91' title="bbox 126 5039 317 5101">
    <p class='ocr_par' dir='ltr' id='par_1_91' title="bbox 126 5039 317 5101">
     <span class='ocr_line' id='line_1_91' title="bbox 126 5039 317 5101; baseline 0.031 -9"><span class='ocrx_word' id='word_1_573' title='bbox 126 5039 317 5101; x_wconf 82' lang='grc' dir='ltr'><strong>γίνεται.</strong></span> 
     </span>
    </p>
   </div>
   <div class='ocr_carea' id='block_1_92' title="bbox 187 5134 1645 5218">
    <p class='ocr_par' dir='ltr' id='par_1_92' title="bbox 187 5134 1645 5218">
     <span class='ocr_line' id='line_1_92' title="bbox 187 5134 1645 5218; baseline 0.008 -30"><span class='ocrx_word' id='word_1_574' title='bbox 187 5134 483 5210; x_wconf 82' lang='grc' dir='ltr'><strong>Ὀφείλομεν</strong></span> <span class='ocrx_word' id='word_1_575' title='bbox 512 5144 745 5207; x_wconf 70' lang='grc' dir='ltr'><strong>ἑαυτοὺς</strong></span> <span class='ocrx_word' id='word_1_576' title='bbox 778 5145 987 5209; x_wconf 79' lang='grc' dir='ltr'><strong>ἐθίζειν</strong></span> <span class='ocrx_word' id='word_1_577' title='bbox 1018 5145 1126 5199; x_wconf 78' lang='grc' dir='ltr'><strong>ἀπὸ</strong></span> <span class='ocrx_word' id='word_1_578' title='bbox 1154 5145 1263 5199; x_wconf 84' lang='grc' dir='ltr'><strong>τῶν</strong></span> <span class='ocrx_word' id='word_1_579' title='bbox 1295 5146 1492 5214; x_wconf 81' lang='grc' dir='ltr'><strong>ὀλίγων</strong></span> <span class='ocrx_word' id='word_1_580' title='bbox 1524 5143 1645 5218; x_wconf 76' lang='grc' dir='ltr'><strong>ζῇν,</strong></span> 
     </span>
    </p>
   </div>
   <div class='ocr_carea' id='block_1_93' title="bbox 125 5223 1495 5309">
    <p class='ocr_par' dir='ltr' id='par_1_93' title="bbox 125 5223 1495 5309">
     <span class='ocr_line' id='line_1_93' title="bbox 125 5223 1495 5309; baseline 0.008 -29"><span class='ocrx_word' id='word_1_581' title='bbox 125 5223 193 5280; x_wconf 80' lang='grc' dir='ltr'><strong>ἵνα</strong></span> <span class='ocrx_word' id='word_1_582' title='bbox 209 5232 359 5300; x_wconf 81' lang='grc' dir='ltr'><strong>μηδὲν</strong></span> <span class='ocrx_word' id='word_1_583' title='bbox 396 5237 623 5305; x_wconf 76' lang='grc' dir='ltr'><strong>αἰσχρὸν</strong></span> <span class='ocrx_word' id='word_1_584' title='bbox 653 5238 839 5291; x_wconf 73' lang='grc' dir='ltr'><strong>ἕνεκεν</strong></span> <span class='ocrx_word' id='word_1_585' title='bbox 869 5239 1172 5309; x_wconf 88' lang='grc' dir='ltr'><strong>χρημάτων</strong></span> <span class='ocrx_word' id='word_1_586' title='bbox 1210 5238 1495 5308; x_wconf 81' lang='grc' dir='ltr'><strong>μάθωμεν.</strong></span> 
     </span>
    </p>
   </div>
   <div class='ocr_carea' id='block_1_94' title="bbox 178 5318 1652 5398">
    <p class='ocr_par' dir='ltr' id='par_1_94' title="bbox 178 5318 1652 5398">
     <span class='ocr_line' id='line_1_94' title="bbox 178 5318 1652 5398; baseline 0.001 -20"><span class='ocrx_word' id='word_1_587' title='bbox 178 5318 444 5395; x_wconf 79' lang='grc' dir='ltr'><strong>Σωκράτης</strong></span> <span class='ocrx_word' id='word_1_588' title='bbox 475 5329 771 5398; x_wconf 75' lang='grc' dir='ltr'><strong>ἐρωτηθεὶς</strong></span> <span class='ocrx_word' id='word_1_589' title='bbox 802 5330 907 5382; x_wconf 82' lang='grc' dir='ltr'><strong>ὑπό</strong></span> <span class='ocrx_word' id='word_1_590' title='bbox 934 5346 1101 5397; x_wconf 88' lang='grc' dir='ltr'><strong>τινος,</strong></span> <span class='ocrx_word' id='word_1_591' title='bbox 1140 5330 1236 5393; x_wconf 87' lang='grc' dir='ltr'><strong>Τίς</strong></span> <span class='ocrx_word' id='word_1_592' title='bbox 1262 5347 1341 5383; x_wconf 85' lang='grc' dir='ltr'><strong>σοι</strong></span> <span class='ocrx_word' id='word_1_593' title='bbox 1378 5326 1652 5382; x_wconf 63' lang='grc' dir='ltr'><strong>πλουσιώ-</strong></span> 
     </span>
    </p>
   </div>
   <div class='ocr_carea' id='block_1_95' title="bbox 123 5409 1645 5492">
    <p class='ocr_par' dir='ltr' id='par_1_95' title="bbox 123 5409 1645 5492">
     <span class='ocr_line' id='line_1_95' title="bbox 123 5409 1645 5492; baseline 0.002 -22"><span class='ocrx_word' id='word_1_594' title='bbox 123 5420 247 5474; x_wconf 75' lang='grc' dir='ltr'><strong>τερος</strong></span> <span class='ocrx_word' id='word_1_595' title='bbox 274 5409 401 5469; x_wconf 71' lang='grc' dir='ltr'><strong>εἶναι</strong></span> <span class='ocrx_word' id='word_1_596' title='bbox 426 5418 574 5472; x_wconf 81' lang='grc' dir='ltr'><strong>δοκεῖ</strong></span> <span class='ocrx_word' id='word_1_597' title='bbox 589 5436 605 5487; x_wconf 82' lang='grc'>;</span> <span class='ocrx_word' id='word_1_598' title='bbox 632 5415 784 5474; x_wconf 79' lang='grc' dir='ltr'><strong>εἶπεν</strong></span> <span class='ocrx_word' id='word_1_599' title='bbox 804 5434 819 5451; x_wconf 74' lang='grc' dir='ltr'><strong>ο</strong></span> <span class='ocrx_word' id='word_1_600' title='bbox 850 5419 909 5473; x_wconf 86' lang='lat'><strong>&#39;0</strong></span> <span class='ocrx_word' id='word_1_601' title='bbox 936 5419 1237 5490; x_wconf 77' lang='grc' dir='ltr'><strong>ἐλαχίστοις</strong></span> <span class='ocrx_word' id='word_1_602' title='bbox 1270 5420 1605 5492; x_wconf 84' lang='grc' dir='ltr'><strong>ἀρκούμενος</strong></span> <span class='ocrx_word' id='word_1_603' title='bbox 1631 5433 1645 5448; x_wconf 84' lang='lat'>&#39;</span> 
     </span>
    </p>
   </div>
   <div class='ocr_carea' id='block_1_96' title="bbox 124 5500 1228 5582">
    <p class='ocr_par' dir='ltr' id='par_1_96' title="bbox 124 5500 1228 5582">
     <span class='ocr_line' id='line_1_96' title="bbox 124 5500 1228 5582; baseline 0.04 -35"><span class='ocrx_word' id='word_1_604' title='bbox 124 5500 388 5571; x_wconf 74' lang='grc' dir='ltr'><strong>αὐτάρκεια</strong></span> <span class='ocrx_word' id='word_1_605' title='bbox 418 5512 528 5580; x_wconf 79' lang='grc' dir='ltr'><strong>γάρ</strong></span> <span class='ocrx_word' id='word_1_606' title='bbox 566 5513 683 5566; x_wconf 73' lang='grc' dir='ltr'><strong>ἐστι</strong></span> <span class='ocrx_word' id='word_1_607' title='bbox 716 5513 934 5582; x_wconf 79' lang='grc' dir='ltr'><strong>φύσεως</strong></span> <span class='ocrx_word' id='word_1_608' title='bbox 967 5512 1228 5578; x_wconf 67' lang='grc' dir='ltr'><strong>πλοῦτοῖθ</strong></span> 
     </span>
    </p>
   </div>
   <div class='ocr_carea' id='block_1_97' title="bbox 180 5677 1648 5763">
    <p class='ocr_par' dir='ltr' id='par_1_97' title="bbox 180 5677 1648 5763">
     <span class='ocr_line' id='line_1_97' title="bbox 180 5677 1648 5763; baseline 0.009 -31"><span class='ocrx_word' id='word_1_609' title='bbox 180 5677 373 5736; x_wconf 79' lang='grc' dir='ltr'><strong>Βέλτιὰν</strong></span> <span class='ocrx_word' id='word_1_610' title='bbox 400 5689 544 5741; x_wconf 78' lang='grc' dir='ltr'><strong>ἐστιν</strong></span> <span class='ocrx_word' id='word_1_611' title='bbox 575 5689 631 5741; x_wconf 72' lang='grc' dir='ltr'><strong>ἐν</strong></span> <span class='ocrx_word' id='word_1_612' title='bbox 660 5692 838 5763; x_wconf 84' lang='grc' dir='ltr'><strong>μικρᾷ</strong></span> <span class='ocrx_word' id='word_1_613' title='bbox 869 5690 1167 5762; x_wconf 80' lang='grc' dir='ltr'><strong>περιουσίᾳ</strong></span> <span class='ocrx_word' id='word_1_614' title='bbox 1225 5690 1648 5762; x_wconf 84' lang='grc' dir='ltr'><strong>συστελλόμενον</strong></span> 
     </span>
    </p>
   </div>
   <div class='ocr_carea' id='block_1_98' title="bbox 128 5764 1404 5853">
    <p class='ocr_par' dir='ltr' id='par_1_98' title="bbox 128 5764 1404 5853">
     <span class='ocr_line' id='line_1_98' title="bbox 128 5764 1404 5853; baseline 0.02 -39"><span class='ocrx_word' id='word_1_615' title='bbox 128 5764 421 5849; x_wconf 72' lang='grc' dir='ltr'><strong>ιζοῢυμεῖν,ῆ</strong></span> <span class='ocrx_word' id='word_1_616' title='bbox 457 5780 698 5852; x_wconf 80' lang='grc' dir='ltr'><strong>μεγάλης</strong></span> <span class='ocrx_word' id='word_1_617' title='bbox 729 5782 1072 5853; x_wconf 76' lang='grc' dir='ltr'><strong>τυγχάνοντα</strong></span> <span class='ocrx_word' id='word_1_618' title='bbox 1095 5782 1404 5853; x_wconf 82' lang='grc' dir='ltr'><strong>δυστυχεῖν.</strong></span> 
     </span>
    </p>
   </div>
   <div class='ocr_carea' id='block_1_99' title="bbox 186 5858 1641 5949">
    <p class='ocr_par' dir='ltr' id='par_1_99' title="bbox 186 5858 1641 5949">
     <span class='ocr_line' id='line_1_99' title="bbox 186 5858 1641 5949; baseline 0.011 -35"><span class='ocrx_word' id='word_1_619' title='bbox 186 5858 317 5931; x_wconf 75' lang='grc' dir='ltr'><strong>Μήτι</strong></span> <span class='ocrx_word' id='word_1_620' title='bbox 338 5867 454 5925; x_wconf 83' lang='grc' dir='ltr'><strong>λίαν</strong></span> <span class='ocrx_word' id='word_1_621' title='bbox 485 5871 810 5940; x_wconf 84' lang='grc' dir='ltr'><strong>πολυτελῶς,</strong></span> <span class='ocrx_word' id='word_1_622' title='bbox 839 5875 977 5945; x_wconf 82' lang='grc' dir='ltr'><strong>μήτε</strong></span> <span class='ocrx_word' id='word_1_623' title='bbox 1004 5875 1143 5945; x_wconf 76' lang='grc' dir='ltr'><strong>ἄγαν</strong></span> <span class='ocrx_word' id='word_1_624' title='bbox 1175 5875 1410 5940; x_wconf 81' lang='grc' dir='ltr'><strong>εὐτελῶς</strong></span> <span class='ocrx_word' id='word_1_625' title='bbox 1464 5877 1641 5949; x_wconf 82' lang='grc' dir='ltr'><strong>πειρῶ</strong></span> 
     </span>
    </p>
   </div>
   <div class='ocr_carea' id='block_1_100' title="bbox 1755 4872 2470 4935">
    <p class='ocr_par' dir='ltr' id='par_1_100' title="bbox 1755 4872 2470 4935">
     <span class='ocr_line' id='line_1_100' title="bbox 1755 4872 2470 4935; baseline 0 -16"><span class='ocrx_word' id='word_1_626' title='bbox 1755 4872 1947 4933; x_wconf 79' lang='lat' dir='ltr'><strong>pergat</strong></span> <span class='ocrx_word' id='word_1_627' title='bbox 1976 4878 2235 4919; x_wconf 81' lang='lat' dir='ltr'><strong>coercere</strong></span> <span class='ocrx_word' id='word_1_628' title='bbox 2269 4874 2470 4935; x_wconf 86' lang='lat' dir='ltr'><strong>potest.</strong></span> 
     </span>
    </p>
   </div>
   <div class='ocr_carea' id='block_1_101' title="bbox 1830 4955 3331 5026">
    <p class='ocr_par' dir='ltr' id='par_1_101' title="bbox 1830 4955 3331 5026">
     <span class='ocr_line' id='line_1_101' title="bbox 1830 4955 3331 5026; baseline 0.004 -19"><span class='ocrx_word' id='word_1_629' title='bbox 1830 4955 2136 5011; x_wconf 84' lang='lat' dir='ltr'><strong>Democriti.</strong></span> <span class='ocrx_word' id='word_1_630' title='bbox 2173 4955 2228 5010; x_wconf 91' lang='lat' dir='ltr'><strong>Si</strong></span> <span class='ocrx_word' id='word_1_631' title='bbox 2277 4958 2450 5010; x_wconf 77' lang='lat' dir='ltr'><strong>victus</strong></span> <span class='ocrx_word' id='word_1_632' title='bbox 2476 4955 2701 5025; x_wconf 81' lang='lat' dir='ltr'><strong>frugalis</strong></span> <span class='ocrx_word' id='word_1_633' title='bbox 2730 4957 2836 5023; x_wconf 90' lang='lat' dir='ltr'><strong>sit,</strong></span> <span class='ocrx_word' id='word_1_634' title='bbox 2872 4971 3151 5026; x_wconf 90' lang='lat' dir='ltr'><strong>nunquam</strong></span> <span class='ocrx_word' id='word_1_635' title='bbox 3183 4957 3331 5013; x_wconf 85' lang='lat' dir='ltr'><strong>vide-</strong></span> 
     </span>
    </p>
   </div>
   <div class='ocr_carea' id='block_1_102' title="bbox 1755 5050 2237 5120">
    <p class='ocr_par' dir='ltr' id='par_1_102' title="bbox 1755 5050 2237 5120">
     <span class='ocr_line' id='line_1_102' title="bbox 1755 5050 2237 5120; baseline -0.002 -16"><span class='ocrx_word' id='word_1_636' title='bbox 1755 5050 1900 5107; x_wconf 87' lang='lat' dir='ltr'><strong>bitur</strong></span> <span class='ocrx_word' id='word_1_637' title='bbox 1932 5067 2036 5104; x_wconf 75' lang='lat' dir='ltr'><strong>uox</strong></span> <span class='ocrx_word' id='word_1_638' title='bbox 2056 5051 2237 5120; x_wconf 87' lang='lat' dir='ltr'><strong>longa.</strong></span> 
     </span>
    </p>
   </div>
   <div class='ocr_carea' id='block_1_103' title="bbox 1827 5141 3327 5213">
    <p class='ocr_par' dir='ltr' id='par_1_103' title="bbox 1827 5141 3327 5213">
     <span class='ocr_line' id='line_1_103' title="bbox 1827 5141 3327 5213; baseline 0.002 -16"><span class='ocrx_word' id='word_1_639' title='bbox 1827 5143 2107 5198; x_wconf 79' lang='lat' dir='ltr'><strong>Clitarchi.</strong></span> <span class='ocrx_word' id='word_1_640' title='bbox 2144 5142 2414 5198; x_wconf 88' lang='lat' dir='ltr'><strong>Debemus</strong></span> <span class='ocrx_word' id='word_1_641' title='bbox 2447 5156 2546 5197; x_wconf 90' lang='lat' dir='ltr'><strong>nos</strong></span> <span class='ocrx_word' id='word_1_642' title='bbox 2571 5141 2916 5199; x_wconf 75' lang='lat' dir='ltr'><strong>assuefacere</strong></span> <span class='ocrx_word' id='word_1_643' title='bbox 2959 5151 3018 5199; x_wconf 92' lang='lat' dir='ltr'><strong>ut</strong></span> <span class='ocrx_word' id='word_1_644' title='bbox 3046 5159 3111 5199; x_wconf 77' lang='lat' dir='ltr'><strong>ex</strong></span> <span class='ocrx_word' id='word_1_645' title='bbox 3138 5144 3327 5213; x_wconf 80' lang='lat' dir='ltr'><strong>paucis</strong></span> 
     </span>
    </p>
   </div>
   <div class='ocr_carea' id='block_1_104' title="bbox 1755 5234 3286 5306">
    <p class='ocr_par' dir='ltr' id='par_1_104' title="bbox 1755 5234 3286 5306">
     <span class='ocr_line' id='line_1_104' title="bbox 1755 5234 3286 5306; baseline 0.001 -18"><span class='ocrx_word' id='word_1_646' title='bbox 1755 5234 2020 5298; x_wconf 83' lang='lat' dir='ltr'><strong>vivamus,</strong></span> <span class='ocrx_word' id='word_1_647' title='bbox 2050 5250 2117 5289; x_wconf 90' lang='lat' dir='ltr'><strong>ne</strong></span> <span class='ocrx_word' id='word_1_648' title='bbox 2143 5235 2271 5304; x_wconf 90' lang='lat' dir='ltr'><strong>quid</strong></span> <span class='ocrx_word' id='word_1_649' title='bbox 2304 5236 2548 5303; x_wconf 67' lang='lat' dir='ltr'><strong>pecunia:</strong></span> <span class='ocrx_word' id='word_1_650' title='bbox 2589 5234 2766 5304; x_wconf 86' lang='lat' dir='ltr'><strong>gratia</strong></span> <span class='ocrx_word' id='word_1_651' title='bbox 2802 5242 2956 5306; x_wconf 71' lang='lat' dir='ltr'><strong>turpe</strong></span> <span class='ocrx_word' id='word_1_652' title='bbox 2989 5235 3286 5295; x_wconf 90' lang='lat' dir='ltr'><strong>discamus.</strong></span> 
     </span>
    </p>
   </div>
   <div class='ocr_carea' id='block_1_105' title="bbox 1826 5326 3322 5399">
    <p class='ocr_par' dir='ltr' id='par_1_105' title="bbox 1826 5326 3322 5399">
     <span class='ocr_line' id='line_1_105' title="bbox 1826 5326 3322 5399; baseline 0 -17"><span class='ocrx_word' id='word_1_653' title='bbox 1826 5327 2081 5382; x_wconf 83' lang='lat' dir='ltr'><strong>Socratis.</strong></span> <span class='ocrx_word' id='word_1_654' title='bbox 2112 5327 2363 5382; x_wconf 88' lang='lat' dir='ltr'><strong>Socrates</strong></span> <span class='ocrx_word' id='word_1_655' title='bbox 2387 5327 2742 5398; x_wconf 75' lang='lat' dir='ltr'><strong>interroganti</strong></span> <span class='ocrx_word' id='word_1_656' title='bbox 2771 5328 2895 5399; x_wconf 89' lang='lat' dir='ltr'><strong>quis</strong></span> <span class='ocrx_word' id='word_1_657' title='bbox 2922 5329 3196 5382; x_wconf 86' lang='lat' dir='ltr'><strong>videretur</strong></span> <span class='ocrx_word' id='word_1_658' title='bbox 3217 5326 3322 5382; x_wconf 82' lang='lat' dir='ltr'><strong>sibi</strong></span> 
     </span>
    </p>
   </div>
   <div class='ocr_carea' id='block_1_106' title="bbox 1752 5415 3325 5487">
    <p class='ocr_par' dir='ltr' id='par_1_106' title="bbox 1752 5415 3325 5487">
     <span class='ocr_line' id='line_1_106' title="bbox 1752 5415 3325 5487; baseline -0.003 -14"><span class='ocrx_word' id='word_1_659' title='bbox 1752 5418 2089 5481; x_wconf 67' lang='lat' dir='ltr'><strong>dlllb&#39;almIISs</strong></span> <span class='ocrx_word' id='word_1_660' title='bbox 2120 5417 2400 5487; x_wconf 79' lang='lat' dir='ltr'><strong>respondit</strong></span> <span class='ocrx_word' id='word_1_661' title='bbox 2437 5435 2452 5474; x_wconf 87' lang='lat'><strong>:</strong></span> <span class='ocrx_word' id='word_1_662' title='bbox 2493 5416 2595 5483; x_wconf 86' lang='lat' dir='ltr'><strong>Qui</strong></span> <span class='ocrx_word' id='word_1_663' title='bbox 2632 5415 2979 5486; x_wconf 86' lang='lat' dir='ltr'><strong>paucissimis</strong></span> <span class='ocrx_word' id='word_1_664' title='bbox 3033 5421 3325 5470; x_wconf 82' lang='lat' dir='ltr'><strong>contentus</strong></span> 
     </span>
    </p>
   </div>
   <div class='ocr_carea' id='block_1_107' title="bbox 1752 5506 3325 5580">
    <p class='ocr_par' dir='ltr' id='par_1_107' title="bbox 1752 5506 3325 5580">
     <span class='ocr_line' id='line_1_107' title="bbox 1752 5506 3325 5580; baseline -0.003 -15"><span class='ocrx_word' id='word_1_665' title='bbox 1752 5519 1859 5567; x_wconf 85' lang='lat' dir='ltr'><strong>est.</strong></span> <span class='ocrx_word' id='word_1_666' title='bbox 1913 5511 1970 5566; x_wconf 87' lang='lat' dir='ltr'><strong>In</strong></span> <span class='ocrx_word' id='word_1_667' title='bbox 2006 5510 2322 5580; x_wconf 79' lang='lat' dir='ltr'><strong>frugalitate</strong></span> <span class='ocrx_word' id='word_1_668' title='bbox 2354 5510 2501 5567; x_wconf 88' lang='lat' dir='ltr'><strong>enim</strong></span> <span class='ocrx_word' id='word_1_669' title='bbox 2562 5509 2666 5566; x_wconf 86' lang='lat' dir='ltr'><strong>sibi</strong></span> <span class='ocrx_word' id='word_1_670' title='bbox 2719 5508 3021 5565; x_wconf 70' lang='lat' dir='ltr'><strong>subiciente</strong></span> <span class='ocrx_word' id='word_1_671' title='bbox 3057 5506 3325 5561; x_wconf 80' lang='lat' dir='ltr'><strong>exsistunt</strong></span> 
     </span>
    </p>
   </div>
   <div class='ocr_carea' id='block_1_108' title="bbox 1751 5600 2921 5656">
    <p class='ocr_par' dir='ltr' id='par_1_108' title="bbox 1751 5600 2921 5656">
     <span class='ocr_line' id='line_1_108' title="bbox 1751 5600 2921 5656; baseline -0.006 0"><span class='ocrx_word' id='word_1_672' title='bbox 1751 5601 1949 5656; x_wconf 72' lang='lat' dir='ltr'><strong>divitia:</strong></span> <span class='ocrx_word' id='word_1_673' title='bbox 1968 5610 2192 5655; x_wconf 66' lang='lat' dir='ltr'><strong>naturae.</strong></span> <span class='ocrx_word' id='word_1_674' title='bbox 2920 5600 2921 5603; x_wconf 65' lang='grc'><em>“</em></span> 
     </span>
    </p>
   </div>
   <div class='ocr_carea' id='block_1_109' title="bbox 1827 5688 3322 5762">
    <p class='ocr_par' dir='ltr' id='par_1_109' title="bbox 1827 5688 3322 5762">
     <span class='ocr_line' id='line_1_109' title="bbox 1827 5688 3322 5762; baseline -0.003 -14"><span class='ocrx_word' id='word_1_675' title='bbox 1827 5693 2012 5748; x_wconf 84' lang='lat' dir='ltr'><strong>Satius</strong></span> <span class='ocrx_word' id='word_1_676' title='bbox 2039 5702 2124 5748; x_wconf 83' lang='lat' dir='ltr'><strong>est</strong></span> <span class='ocrx_word' id='word_1_677' title='bbox 2154 5692 2209 5745; x_wconf 89' lang='lat' dir='ltr'><strong>iu</strong></span> <span class='ocrx_word' id='word_1_678' title='bbox 2237 5691 2426 5762; x_wconf 88' lang='lat' dir='ltr'><strong>paucis</strong></span> <span class='ocrx_word' id='word_1_679' title='bbox 2471 5690 2663 5760; x_wconf 88' lang='lat' dir='ltr'><strong>opibus</strong></span> <span class='ocrx_word' id='word_1_680' title='bbox 2694 5701 2755 5745; x_wconf 86' lang='lat' dir='ltr'><strong>se</strong></span> <span class='ocrx_word' id='word_1_681' title='bbox 2783 5688 3148 5745; x_wconf 84' lang='lat' dir='ltr'><strong>continentem</strong></span> <span class='ocrx_word' id='word_1_682' title='bbox 3185 5689 3322 5744; x_wconf 57' lang='lat' dir='ltr'><strong>bitas</strong></span> 
     </span>
    </p>
   </div>
   <div class='ocr_carea' id='block_1_110' title="bbox 1752 5780 2942 5854">
    <p class='ocr_par' dir='ltr' id='par_1_110' title="bbox 1752 5780 2942 5854">
     <span class='ocr_line' id='line_1_110' title="bbox 1752 5780 2942 5854; baseline -0.007 -13"><span class='ocrx_word' id='word_1_683' title='bbox 1752 5784 1883 5841; x_wconf 88' lang='lat' dir='ltr'><strong>riter</strong></span> <span class='ocrx_word' id='word_1_684' title='bbox 1909 5800 2090 5854; x_wconf 86' lang='lat' dir='ltr'><strong>agere,</strong></span> <span class='ocrx_word' id='word_1_685' title='bbox 2113 5798 2277 5854; x_wconf 85' lang='lat' dir='ltr'><strong>quam</strong></span> <span class='ocrx_word' id='word_1_686' title='bbox 2304 5784 2358 5838; x_wconf 90' lang='lat' dir='ltr'><strong>in</strong></span> <span class='ocrx_word' id='word_1_687' title='bbox 2394 5783 2605 5851; x_wconf 86' lang='lat' dir='ltr'><strong>magnis</strong></span> <span class='ocrx_word' id='word_1_688' title='bbox 2635 5780 2942 5834; x_wconf 80' lang='lat' dir='ltr'><strong>infeliciter.</strong></span> 
     </span>
    </p>
   </div>
   <div class='ocr_carea' id='block_1_111' title="bbox 1827 5869 3324 5944">
    <p class='ocr_par' dir='ltr' id='par_1_111' title="bbox 1827 5869 3324 5944">
     <span class='ocr_line' id='line_1_111' title="bbox 1827 5869 3324 5944; baseline -0.001 -14"><span class='ocrx_word' id='word_1_689' title='bbox 1827 5875 2128 5930; x_wconf 75' lang='lat' dir='ltr'><strong>Plutarchi.</strong></span> <span class='ocrx_word' id='word_1_690' title='bbox 2189 5874 2376 5942; x_wconf 84' lang='lat' dir='ltr'><strong>Neque</strong></span> <span class='ocrx_word' id='word_1_691' title='bbox 2438 5878 2819 5941; x_wconf 83' lang='lat' dir='ltr'><strong>sumptuosum</strong></span> <span class='ocrx_word' id='word_1_692' title='bbox 2872 5869 3080 5940; x_wconf 87' lang='lat' dir='ltr'><strong>nimis,</strong></span> <span class='ocrx_word' id='word_1_693' title='bbox 3144 5884 3324 5944; x_wconf 85' lang='lat' dir='ltr'><strong>neque</strong></span> 
     </span>
    </p>
   </div>
  </div>
