3780 6578
453 415 562 505 903

1723 413 2058 475 ANTONiI
2108 415 2456 477 MELISSE

3592 417 3674 478 90i

451 525 759 594 sordidum,
794 533 889 582 aut
922 526 1081 583 vilem
1117 526 1170 582 in
1219 526 1562 583 vestimentis
1586 567 1601 592 ,
1643 526 1790 583 victu
1820 537 1874 583 et
1915 530 2043 584 reli-

2201 550 2212 584 ι
2245 535 2375 603 περὶ
2404 531 2504 603 τήν
2538 530 2744 602 ἐσθῆτα
2775 531 2866 584 καὶ
2898 530 3112 584 δίαιταν
3136 526 3353 596 καὶτὴν
3388 526 3564 598 ἑτέραν
3581 533 3672 585 δια.

454 636 561 689 qua
596 622 708 676 vita
743 629 794 675 te
822 621 1084 677 exhibeas
1111 635 1128 689 ;
1160 620 1265 674 hoc
1297 620 1440 674 enim
1469 621 1722 677 odiosum
1752 632 1846 678 aut
1875 622 2040 679 mise-

455 713 703 779 rabilem,
747 715 876 769 illud
905 715 1234 772 invidiosum
1260 727 1353 772 aut
1379 715 1668 770 ridiculum
1696 716 1892 770 reddit.

527 805 802 860 Assuetiat
845 821 1046 876 corpus
1105 807 1301 879 frugali
1347 819 1405 864 et
1453 807 1683 878 parabili
1714 808 1878 862 modo
1916 807 2041 863 vita:

457 896 561 954 sibi
583 897 924 956 satisfacere.
954 899 1088 955 Nam
1118 902 1210 970 qui
1243 901 1434 972 paucis
1456 901 1722 972 indigent,
1757 915 1864 956 non
1893 899 2042 956 frau-

456 989 662 1047 dantur
691 995 901 1048 multis.

529 1083 876 1140 Familiarem
932 1085 1032 1142 tibi
1094 1086 1258 1143 redde
1325 1087 1529 1144 victum
1591 1085 1934 1158 simplicem,
1983 1093 2045 1141 ut

462 1188 784 1248 sumptuoso
804 1195 1086 1248 nunquam
1121 1179 1387 1250 indigeas.

830 1272 1064 1328 SERMO
1095 1272 1340 1328 XXXVII
1379 1272 1480 1346 [αι.
1511 1272 1680 1348 XIV].

606 1359 764 1426 Quod
805 1363 982 1434 major
1024 1382 1151 1436 pars
1191 1384 1297 1420 non
1331 1382 1540 1436 semper
1562 1366 1751 1420 melior
1787 1364 1880 1421 sit.

531 1451 815 1508 Lucum.
854 1455 1097 1512 Sublatis
1131 1465 1314 1512 autem
1373 1458 1547 1514 oculis
1595 1456 1756 1514 lesus
1789 1457 1925 1512 vidit
1952 1469 2049 1512 eos

461 1547 551 1613 qni
573 1547 856 1603 mittebant
890 1565 1114 1605 munera
1141 1566 1238 1607 sua
1267 1552 1318 1605 in
1343 1552 1799 1624 galephylacium
1831 1550 2044 1607 divites.

462 1637 606 1693 Vidit
665 1649 848 1694 autem
904 1651 960 1697 et
1019 1644 1314 1712 quamdam
1375 1644 1598 1699 viduam
1663 1643 2049 1714 pauperculam

462 1729 767 1785 mittentem
818 1731 946 1788 illuc
998 1749 1109 1788 tera
1151 1735 1362 1791 minuta
1417 1737 1549 1800 duo,
1595 1745 1650 1792 et
1705 1735 1880 1800 dixit,
1912 1734 2052 1791 Vere

461 1823 586 1878 dico
617 1824 794 1889 vobis,
829 1828 972 1896 quod
1002 1829 1163 1883 vidua
1187 1829 1299 1883 haec
1335 1845 1540 1900 pauper
1569 1829 1693 1900 plus
1728 1843 1893 1899 quam
1930 1841 2052 1882 om-

2146 624 2338 694 γωγὴν
2361 623 2422 676 τὸ
2456 623 2619 691 σῶμα
2650 623 2896 677 διοικεῖν.
2933 623 3008 674 Τὸ
3044 622 3144 685 μὲν
3189 619 3299 688 γὰρ
3331 618 3613 687 φθονεῖσθαι
3647 626 3674 695 ἢ

2143 716 2432 787 γελᾶσθαι,
2472 717 2534 770 τὸ
2564 717 2622 771 δὲ
2659 715 2939 786 μισεῖσθαι
2972 715 3004 786 ἢ
3036 713 3310 767 ἐλεεῖσθαι
3346 713 3504 765 ποιεῖ.
3674 722 3680 726 ‘

2217 811 2457 864 Είθίσθω
2511 811 2574 863 τὸ
2623 809 2785 880 σῶμα
2840 809 2908 863 δι’
2963 806 3237 868 εὐτελείας
3288 803 3427 873 πρὸς
3473 805 3675 861 εὐκολίαν

2145 899 2425 970 αὕταρκες
2450 899 2632 970 ἑαυτῷ
2664 900 2976 970 γινόμενον
3015 898 3065 952 oi
3103 896 3212 968 γὰρ
3245 894 3444 963 ὀλίγων
3478 894 3676 966 δεόμενοι

2145 993 2362 1048 πολλῶν
2395 996 2493 1047 ούκ
2528 989 3028 1063 ἀποτυγχάνουσιν.

2220 1085 2412 1150 Ἐθιζε
2431 1087 2627 1140 σαυτὸν
2648 1089 2712 1153 τῇ
2739 1084 2860 1155 λιτῇ
2882 1083 3071 1155 διαίτῃ
3092 1124 3107 1149 ,
3131 1082 3222 1136 ἵνα
3249 1083 3355 1152 τῆς
3399 1081 3677 1136 πολυτελεῖς

2151 1179 2426 1251 μηδέποτε
2461 1178 2772 1250 προσδεηθῇ
2781 1194 2826 1241 ς.

2747 1267 2970 1324 ΛΟΓΟΣ
3005 1268 3128 1321 ΛΖ⁸.

2219 1364 2364 1434 Περὶ
2395 1363 2503 1419 τοῦ
2537 1363 2629 1418 ὅτι
2662 1363 2770 1418 οὐκ
2808 1360 2903 1418 ἀεὶ
2952 1361 3021 1414 τὸ
3060 1357 3363 1413 πλεῖστον
3389 1356 3625 1424 ἄριστον.

2234 1457 2574 1529 ’Δναϐλιψας
2607 1457 2665 1512 δὲ
2693 1458 2722 1510 ό
2751 1453 2984 1526 Ἰησοῦς,
3013 1448 3124 1507 είδε
3170 1453 3301 1514 τοὺς
3333 1450 3600 1520 βάλλοντας
3630 1451 3679 1504 τὰ

2149 1551 2303 1623 δῶρα
2347 1551 2532 1605 αὐτῶν
2555 1551 2636 1614 είς
2661 1550 2724 1603 τὸ
2747 1546 3156 1618 γαζοφυλάκιον
3185 1543 3496 1601 πλουσίους.
3522 1544 3620 1596 Bibe
3640 1547 3679 1598 δὲ

2152 1643 2247 1698 καί
2275 1660 2400 1696 τινα
2422 1645 2600 1714 χήραν
2637 1642 2928 1713 πενιχρὰν,
2959 1639 3237 1710 βαλοῦσαν
3266 1636 3387 1688 ἐκεῖ
3418 1633 3504 1688 δύο
3526 1634 3674 1702 λεπτὰ,

2155 1737 2249 1791 καὶ
2285 1732 2480 1790 εἶπενο
2529 1735 2774 1806 Ἀληθῶς
2812 1734 2957 1802 λέγω
3007 1733 3160 1804 ὑμῖν,
3193 1731 3227 1802 ἡ
3276 1728 3423 1800 χήρα
3457 1729 3489 1798 ἡ
3532 1731 3676 1798 πτωχὴ

2155 1828 2298 1901 αὕτη
2326 1828 2498 1883 πλείω
2527 1829 2749 1882 πάντων
2801 1827 3017 1890 ἔϐαλεν,
3054 1825 3306 1887 ἅπαντες
3341 1822 3452 1891 γὰρ
3493 1820 3613 1873 οὗτοι
3635 1822 3679 1872 ἐκ

465 1932 563 1971 nes
596 1919 769 1974 misit.
800 1919 928 1974 Nam
955 1922 1060 1992 73
1093 1938 1285 1976 omnes
1317 1923 1367 1976 hi
1397 1939 1461 1976 ex
1493 1937 1558 1976 eo
1589 1922 1731 1990 quod
1761 1921 1893 1990 ipsis
1921 1934 2052 1975 cxu-

2201 1920 2248 1974 ›ῦ
2278 1921 2696 1991 περισσεύοντος
2748 1918 2934 1981 αὐτοῖς
2982 1915 3181 1970 ἔϐαλον
3233 1915 3321 1976 εἰς
3349 1912 3420 1965 τά
3463 1910 3589 1980 δῶρα
3614 1912 3680 1962 τοῦ

465 2010 638 2075 bcrat,
674 2014 936 2069 miserunt
987 2017 1040 2069 in
1094 2031 1328 2070 munera
1359 2015 1450 2070 Dei
1503 2031 1518 2070 :
1570 2015 1685 2070 ha-c
1717 2023 1928 2076 autem,
1982 2027 2048 2066 ex

466 2105 692 2174 penuria
737 2122 833 2160 sua
869 2107 1179 2164 universam
1211 2107 1570 2164 substantiam
1603 2122 1765 2177 quam
1797 2105 2050 2170 habebat,

471 2197 640 2251 misit.

537 2290 568 2345 Ι
597 2289 723 2349 Cor.
756 2307 863 2349 xlv.
899 2294 954 2348 In
987 2294 1218 2349 ecclesia
1249 2295 1374 2348 volo
1407 2293 1649 2364 quinque
1683 2291 1846 2347 verba
1873 2296 2055 2344 mente

468 2396 586 2437 mea
624 2383 771 2452 IOqui
833 2384 915 2456 (ut
963 2386 1099 2440 alios
1156 2387 1464 2458 instituam)
1513 2387 1694 2456 potius
1743 2398 1910 2455 quam
1963 2381 2056 2437 de-

470 2487 588 2528 cem
627 2475 794 2529 tnillia
831 2478 1118 2532 verborum
1152 2479 1353 2549 lingua.

551 2563 764 2622 Basilii.
794 2567 898 2623 Per
938 2585 1106 2624 unum
1140 2572 1442 2641 sapientem
1484 2570 1820 2626 habitabitur
1846 2573 2055 2640 civitas,

472 2674 606 2728 gens
639 2671 821 2715 autem
861 2661 1176 2732 iniquorum
1206 2663 1357 2718 brevi
1391 2663 1756 2720 desolabitur.

546 2751 682 2806 Nam
717 2755 763 2808 si
800 2755 958 2824 panis
994 2771 1090 2810 cor
1143 2757 1383 2814 hominis
1415 2759 1660 2824 roborat,
1707 2773 1814 2813 non
1846 2768 2063 2830 oportet

473 2847 766 2905 obsonium
815 2849 924 2905 cibi
956 2849 1190 2919 amplius
1221 2852 1532 2908 necessario
1566 2861 1778 2908 temere
1812 2852 2064 2925 ingurgi-

475 2948 615 2995 tare.

553 3032 823 3106 Tlteologi.
853 3035 1027 3093 Breve
1075 3052 1301 3109 regnum
1334 3036 1533 3093 melius
1575 3047 1661 3096 est
1688 3038 1846 3108 longe
1884 3046 2067 3109 tyran-

484 3125 610 3184 nide
634 3167 649 3194 ,
685 3137 740 3184 et
770 3144 932 3198 parva
967 3131 1143 3200 portio
1173 3132 1409 3201 pretiosa
1446 3139 1666 3202 praestat
1709 3147 1916 3201 Iuagna:
1942 3144 2064 3200 qua:

484 3219 608 3274 vilis
640 3230 694 3276 et
716 3222 1018 3290 periculosa
1050 3225 1122 3281 sit
1151 3225 1502 3295 possessioni,
1527 3233 1582 3279 et
1602 3223 1854 3296 exiguum
1881 3222 2062 3279 lumen

488 3313 678 3368 multis
714 3314 974 3371 tenebris.

556 3404 828 3476 Clu-gron.
861 3409 1209 3480 Eleemosyna
1236 3425 1340 3464 non
1379 3410 1679 3465 aestimatur
1710 3425 1774 3465 ex
1811 3422 2069 3466 mensura

485 3496 818 3568 largitionis,
853 3499 949 3556 sed
966 3516 1030 3555 ex
1063 3501 1230 3556 animi
1272 3502 1612 3557 liberalitate.

551 3588 802 3646 Jucunda
854 3607 977 3662 qua:
1030 3593 1266 3650 maxime
1315 3609 1438 3650 rara
1473 3603 1636 3662 sunt,
1687 3593 1938 3664 inprimis
1969 3591 2068 3650 de-

482 3683 701 3738 let-tant.

556 3777 755 3833 Incerti
791 3779 1051 3832 auctoris.
1120 3777 1428 3834 Alexander
1462 3781 1650 3834 audito
1705 3780 1925 3834 Darium
1971 3781 2070 3834 tri-

485 3868 632 3936 ginta
665 3868 937 3937 myriades
989 3870 1040 3922 in
1103 3869 1277 3923 aciem
1312 3871 1638 3939 producere,
1693 3873 1830 3926 dixit
1866 3889 1879 3926 :
1917 3871 2072 3928 Unus

487 3972 696 4024 eoqnns
734 3972 837 4011 non
873 3957 1067 4011 metuit
1095 3959 1293 4013 multas
1325 3975 1474 4015 oves.
1501 4011 1506 4017 .

562 4049 704 4103 Idem
755 4065 878 4102 cutn
929 4049 1240 4120 explorator
1287 4051 1334 4105 ei
1369 4051 1602 4107 referret
1651 4052 1914 4123 majorem
1949 4068 2074 4110 esse

496 4137 641 4194 Darii
671 4140 995 4204 exercitum,
1027 4141 1165 4197 dixit
1194 4157 1208 4194 :
1243 4141 1385 4199 Oves
1430 4143 1596 4199 etiam
1630 4144 1757 4200 licet
1789 4145 1969 4216 plures
2004 4145 2074 4201 ab

496 4246 608 4288 uno
635 4243 728 4286 aut
769 4231 942 4286 altero
973 4232 1100 4302 lupo
1129 4233 1438 4302 capiuntur.

831 4320 1070 4379 senuo
1097 4321 1368 4380 xxxvru
1402 4324 1502 4398 [αι.
1538 4325 1752 4400 LXVI].

911 4409 989 4464 De
1012 4412 1221 4482 jejunio
1259 4423 1308 4467 et
1340 4418 1682 4471 continentia.

565 4501 762 4559 Matth.
807 4518 882 4558 vr.
916 4502 1050 4558 Cum
1087 4505 1472 4574 jejunaveritis
1508 4522 1577 4563 ne
1623 4507 1746 4563 sitis
1787 4508 1951 4564 veluti
1976 4508 2074 4581 hy-

2156 2012 2330 2068 Θεοῦ·
2379 2013 2519 2084 αῦτη
2563 2013 2620 2066 δὲ
2651 2015 2716 2066 εκ
2745 2011 2840 2065 τοῦ
2876 2012 3258 2081 ὑστερήματος
3312 2005 3479 2073 αὐτῆς
3521 2003 3684 2059 ἅπαντα

2155 2107 2248 2162 τὸν
2277 2106 2395 2178 βίον
2420 2105 2481 2160 ὃν
2508 2103 2653 2177 εἶχεν
2679 2104 2895 2160 ἔϐαλεν.

2243 2289 2334 2344 Ἐν
2359 2287 2634 2360 ἐκκλησίᾳ
2659 2285 2798 2342 θέλω
2832 2284 2998 2339 πέντε
3028 2284 3224 2352 λόγους
3249 2280 3347 2334 διὰ
3370 2276 3460 2332 τοῦ
3485 2278 3587 2341 νοός
3611 2294 3682 2348 μιν

2158 2383 2392 2453 λαλῆσαι
2420 2382 2456 2455 ἢ
2491 2381 2720 2454 μυρίους
2752 2381 2949 2450 λόγους
2980 2378 3038 2432 ιν
3079 2375 3332 2447 γλώσσῃ.

2247 2567 2384 2622 Ἀπὸ
2409 2566 2529 2630 ἑνδς
2579 2564 2803 2620 συνετοῦ
2837 2560 3322 2632 συνοικισθήσεται
3375 2554 3522 2616 πόλις
3542 2568 3555 2585 ·
3581 2552 3684 2622 φυλὴ

2161 2663 2220 2719 δὲ
2243 2661 2462 2732 ἀνόμων
2488 2657 2920 2730 ἐρημωθήσεται
2951 2658 3010 2709 ὲν
3033 2652 3212 2724 τάχει.

2239 2755 2303 2809 El
2329 2755 2439 2824 γὰρ
2475 2751 2640 2820 ἄρτος
2668 2751 2896 2820 καρδίαν
2931 2746 3230 2818 ἀνθρώπου
3263 2741 3524 2812 στηρίξει,
3551 2740 3599 2794 οὔ
3627 2740 3686 2793 διί

2165 2846 2330 2900 πλέον
2361 2845 2456 2899 τοῦ
2483 2845 2786 2912 ἀναγκαίου
2812 2842 2912 2914 τῆς
2935 2840 3144 2913 τροφῆς
3169 2838 3232 2894 τὸ
3259 2835 3574 2907 προσόψημα
3594 2834 3683 2888 ἀλό-

2166 2957 2280 3012 γως
2307 2937 2748 3010 προσφέρεσθαι.

2242 3029 2533 3102 Κρείσσων
2606 3027 2978 3100 ὀλιγοχρόνιος
3041 3023 3293 3096 βασιλεία
3372 3020 3570 3093 μακρᾶς
3616 3035 3683 3070 τυ-

2173 3122 2414 3195 ραννίδος
2443 3163 2459 3189 ,
2487 3122 2585 3177 καὶ
2630 3121 2788 3192 ὀλίγη
2844 3119 3005 3191 μερὶς
3041 3116 3205 3188 τιμία
3253 3113 3459 3182 πολλῆς
3499 3111 3685 3178 κτήσεως

2171 3218 2236 3271 ἀτ
2249 3215 2375 3286 inoo
2414 3215 2513 3270 καὶ
2546 3213 2824 3286 σφαλερᾶς
2847 3252 2865 3280 ,
2899 3213 2996 3266 καὶ
3055 3209 3256 3265 πολλοῦ
3310 3206 3530 3268 σκότους
3553 3202 3682 3270 ὀλίγον

2173 3325 2310 3378 φως.

2247 3402 2323 3456 Ού
2361 3401 2441 3471 τῷ
2491 3400 2678 3470 μέτρῳ
2715 3397 2825 3454 τῶν
2850 3397 3147 3467 διδομένων
3185 3391 3516 3466 ἐλεημοσύνη
3556 3385 3686 3458 κρίνε-

2169 3511 2288 3560 ται,
2331 3493 2470 3549 ἀλλά
2500 3495 2567 3564 τῇ
2601 3490 2858 3564 δαψιλείᾳ
2875 3491 2973 3560 τῆς
3003 3489 3252 3561 γνώμης.

2243 3586 2368 3641 Τῶν
2417 3588 2595 3659 ἡδέων
2647 3587 2719 3641 τὰ
2772 3582 3128 3641 σπανιώτατα
3189 3580 3456 3651 γινόμενα
3511 3575 3684 3646 μάλιστα

2171 3679 2387 3747 τέρπει.

2261 3768 2640 3841 Ἀλέξανδρος,
2673 3766 2919 3829 ἀκούσας
2940 3765 3025 3819 ὅτι
3055 3763 3286 3834 Δαρείος
3331 3757 3598 3828 τριάκοντα
3621 3768 3690 3820 μυ·

2177 3862 2362 3932 ριάδας
2395 3865 2475 3933 ε-ίς
2505 3860 2816 3933 παράταξιν
2845 3859 2991 3927 άγει,
3017 3855 3123 3926 ἔφη
3147 3870 3165 3888 ο
3202 3873 3224 3906 ι
3270 3848 3370 3915 Εἷς
3401 3853 3621 3922 μάγειρος
3643 3842 3686 3895 οὗ

2174 3927 2433 4023 φοϐεῖταί
2447 3927 2622 4008 πολλά
2655 3951 2927 4023 πρόϐατα.
2968 3967 2987 4001 ι

2261 4047 2322 4100 Ὀ
2367 4047 2553 4110 αύτὲς,
2592 4043 2950 4098 κατασκόπου
3007 4042 3263 4110 λέγοντος
3316 4035 3480 4105 αύτῷ,
3527 4030 3690 4089 πλείους

2175 4135 2318 4194 εἶναι
2349 4140 2477 4202 τοὺς
2508 4138 2759 4205 Δαρείου,
2783 4135 2910 4205 ἔφη’
2944 4155 2962 4188 ι
2995 4136 3104 4189 Καὶ
3133 4136 3202 4187 τὰ
3227 4131 3492 4202 πρόϐατα,
3521 4126 3689 4179 πλείονι

2175 4232 2327 4302 ὅντα,
2365 4233 2454 4304 ὑφ’
2489 4233 2608 4299 ὲνδς
2640 4232 2674 4303 ἢ
2705 4232 2960 4302 δευτέρου
3005 4228 3175 4283 λύκου
3211 4225 3530 4299 χειροῦνται.
3569 4239 3586 4272 ι

2779 4325 2998 4382 ΛΟΓΟΣ
3036 4321 3167 4379 All'.

2456 4420 2596 4489 Περὶ
2639 4417 2926 4487 νηστείας
2961 4415 3062 4470 καὶ
3105 4411 3466 4484 ἐγκρατείας.

2253 4514 2423 4567 Ὅταν
2451 4509 2777 4581 νηστεύητε,
2819 4509 2894 4578 μὴ
2919 4507 3136 4577 γίνεσθε
3169 4504 3365 4572 ὥσπερ
3392 4503 3438 4554 οἱ
3463 4491 3690 4562 ὑποκριταὶ

500 4599 721 4663 νοειίιςε
774 4595 971 4650 tetrici.
1023 4595 1335 4650 Obscuram
1379 4598 1523 4653 enim
1570 4598 1738 4655 facies
1759 4616 1909 4665 suas,
1964 4616 2055 4671 qut

2201 4599 2520 4672 τκυθρωποί.
2577 4596 2927 4667 Ἀφανίζουσι
2971 4596 3080 4666 γὰρ
3131 4593 3203 4647 τὰ
3249 4591 3507 4662 πρόσωπα
3543 4581 3688 4688 ausit”,

499 4687 842 4756 perspicuum
899 4687 971 4742 sit
1029 4687 1342 4743 hominibus
1379 4692 1527 4759 ipsos
1587 4692 1862 4761 jejunare.
1903 4695 2055 4750 Amet

2201 4696 2334 4757 ίπως
2389 4691 2598 4762 φανῶσι
2643 4691 2758 4752 τοῖς
2795 4685 3106 4758 ἀνθρώποις
3161 4683 3524 4754 νηστεύοντες.
3568 4677 3697 4754 Ἀμὶγι

497 4781 620 4835 tlico
649 4780 823 4844 vobis,
855 4781 1056 4835 habent
1104 4782 1410 4838 mercedem
1443 4799 1625 4839 suam.
1661 4784 1742 4842 Tu
1788 4802 1918 4842 vero
1955 4804 2081 4844 cum

494 4870 738 4942 jejunas,
761 4888 902 4942 uuge
925 4882 1090 4944 caput
1124 4883 1302 4942 tuum,
1334 4884 1389 4932 et
1416 4877 1612 4934 facient
1640 4889 1788 4935 tuam
1816 4882 1956 4949 lava,
1976 4892 2082 4939 etc.

577 5051 626 5106 Ι.
661 5052 785 5109 Cor.
827 5069 905 5109 ιι.
964 5054 1152 5112 Omnis
1174 5056 1269 5128 qui
1299 5065 1491 5126 certat,
1523 5073 1620 5129 per
1653 5062 1840 5115 omnia
1872 5069 2088 5133 tempe-

503 5161 634 5204 rans
659 5155 762 5200 est.

579 5238 855 5310 (Ναννίου.
883 5239 985 5306 Qui
1016 5255 1235 5296 carnem
1267 5241 1475 5298 Christi
1523 5242 1656 5300 Jesu
1701 5245 2091 5302 crucitixeruut

508 5346 633 5405 cum
667 5332 952 5390 allectibus
976 5342 1032 5388 et
1055 5334 1468 5404 cupiditatibus.

579 5424 694 5481 lea.
728 5441 885 5482 LVIII.
945 5427 1028 5480 Ad
1057 5426 1179 5481 lites
1201 5435 1255 5481 et
1288 5427 1764 5500 jurgia-jejunatis
1797 5438 1852 5485 et
1894 5430 2092 5500 pugnis

508 5516 767 5574 amictum
809 5517 1038 5574 eaaditis.
1098 5518 1240 5584 Quid
1270 5528 1356 5576 est
1409 5522 1557 5592 quod
1614 5523 1749 5579 mihi
1793 5523 2099 5594 jejunatis?

510 5625 622 5666 non
677 5609 824 5665 enim
859 5611 966 5667 tale
1014 5609 1284 5681 jejunium
1339 5613 1613 5684 approbo,
1645 5613 1776 5670 dicit
1806 5613 2094 5670 Dominus.

517 5700 626 5757 Sed
662 5709 720 5758 tu
778 5702 931 5760 solve
980 5719 1202 5761 omnem
1241 5709 1444 5759 nodum
1498 5705 1828 5778 iniquitatis,
1860 5707 2098 5764 dissolve

513 5810 689 5851 nexus
713 5795 1075 5853 Violentorum
1101 5804 1486 5852 contractuum
1517 5836 1532 5863 ,
1564 5813 1856 5869 oppressos
1882 5801 2098 5858 dimitte

513 5899 642 5941 cum
694 5885 984 5954 libertate,
1041 5899 1096 5944 et
1133 5901 1356 5947 onmem
1411 5887 1670 5962 injustam
1728 5893 2096 5962 syngrapham

2181 4788 2327 4857 λέγω
2375 4787 2527 4856 ὑμῖν,
2566 4783 2831 4855 ἀπέχουσι
2878 4781 2972 4835 τὸν
3021 4778 3213 4851 μισθὸν
3255 4770 3691 4835 αὐτῶν.Σῦδὲνη·

2187 4879 2393 4934 στεύων
2445 4876 2664 4947 ἄλειψαί
2711 4893 2806 4929 σου
2864 4875 2965 4943 τὴν
3013 4871 3258 4942 κεφαλὴν
3319 4868 3498 4937 ἐλαίῳ,
3544 4859 3692 4918 καὶτὸ

2187 4973 2482 5046 πρόσωπόν
2515 4989 2612 5026 σου
2644 4968 2817 5040 νίψαι,
2862 4967 3054 5022 καὶτὰ
3089 4965 3238 5034 ἑξῆς.

2262 5067 2374 5129 Πᾶς
2402 5066 2430 5119 ό
2454 5063 2860 5134 ἀγωνιζόμενος
2892 5060 3071 5114 πάντα
3097 5056 3504 5128 ἐγκρατεύεται.

2262 5247 2326 5301 Οἳ
2353 5245 2446 5301 τοῦ
2476 5245 2714 5317 Χριστοῦ
2745 5243 2926 5314 Ἰησοῦ
2957 5241 3054 5316 τὴν
3085 5244 3267 5313 σάρκα
3291 5240 3610 5311 ἐσταύρωσαν
3631 5232 3694 5286 σὺν

2191 5343 2306 5404 τοῖς
2339 5338 2627 5409 παθὴμασι
2662 5336 2759 5391 καὶ
2788 5338 2908 5399 ταῖς
2943 5335 3289 5404 ἐπιθυμίαις.

2267 5434 2358 5496 Εἰς
2405 5431 2616 5502 κρίσεις
2667 5430 2763 5483 καὶ
2813 5429 2994 5500 μάχας
3049 5429 3368 5498 νηστεύετε,
3402 5425 3485 5478 καὶ
3525 5419 3696 5474 τύπτετε

2197 5525 2445 5594 πυγμαῖς
2493 5523 2769 5576 ταπεινόν.
2827 5519 2995 5574 Ἰνατί
3049 5536 3141 5590 μοι
3201 5513 3594 5588 νηστεύετε;οῠ
3625 5507 3697 5575 γάρ

2196 5617 2454 5686 τοιαύτην
2481 5615 2738 5687 νηστείαν
2783 5611 3138 5682 ἐξελεξάμην,
3167 5609 3316 5678 λέγει
3363 5609 3580 5678 Κύριος·
3606 5597 3699 5652 ἀλλὰ

2197 5709 2290 5764 λύε
2325 5709 2506 5763 πάντα
2559 5706 2859 5775 σύνδεσμον
2895 5705 3129 5768 ἀδικίας,
3171 5704 3354 5758 διάλυε
3402 5690 3697 5764 στραγγαλιὶς

2201 5801 2395 5872 βιαίων
2433 5797 2897 5870 συναλλαγμάτων
2920 5813 2936 5831 θ
2977 5796 3301 5852 ἀπόστειλον
3341 5783 3696 5863 τεθραυσμένους

2201 5897 2258 5950 ἐν
2290 5894 2481 5965 ἀφέσει
2507 5908 2520 5924 ·
2545 5893 2642 5947 καὶ
2665 5892 2844 5948 πᾶσάν
2873 5907 2966 5945 σου
2999 5889 3326 5960 συγγραφὴν
3344 5888 3510 5944 ἄδιγον
3530 5879 3692 5932 horas.
