3822 6610
160 457 247 524 921

964 459 1136 519 LOCI
1179 456 1622 519 COMMUNES.
1658 475 1721 491 -
1759 453 1958 516 PARS
2005 455 2042 518 i.
2085 454 2351 515 SERMO
2385 455 2616 516 'XLIlI.

3301 461 3424 526 922'.

219 569 311 636 Εἷς
349 570 449 643 μὲν
489 573 518 627 ό
549 571 740 638 ὖπνος,
792 570 992 636 πολλὰς
1015 571 1070 624 δὲ
1107 571 1202 634 τὰς
1237 570 1522 630 ὑποθέσεις
1555 567 1650 622 καὶ
1693 568 1726 638 ἡ

1901 567 2054 624 Unus
2086 571 2302 638 quidem
2333 585 2561 626 somnus
2595 577 2699 634 est,
2729 569 2928 626 multas
2960 585 3088 626 vero
3123 571 3246 642 ejus
3283 590 3407 630 car-

161 667 410 737 ὲπιθυμία
443 665 555 736 ἔχει
576 682 589 697 ·
618 666 762 732 λέγω
793 665 876 736 δὴ,
907 668 970 718 ὲκ
1017 667 1255 732 φύσεως,
1291 667 1354 717 ἐκ
1386 663 1719 733 βρωμάτων,

161 761 215 812 ὒκ
243 759 536 828 δαιμόνων,
588 757 621 829 ἢ
655 757 798 827 τάχα
848 760 944 812 κα)⁸
983 757 1042 822 ἐξ
1072 758 1246 828 ἄκρας
1276 757 1366 809 καὶ
1395 753 1726 820 ἐπιτεταμέ-

160 866 246 919 νης
281 849 560 919 νηστείας,
610 848 668 912 ἐξ
705 845 770 922 ἧς
802 847 1131 913 ὲξατονοῦσα
1175 847 1208 914 ἡ
1266 845 1424 916 σὰρξ,
1461 845 1528 897 δι’
1553 843 1724 898 ὕπνου

159 941 329 992 λοιπον
367 941 570 1012 ἑαυτὴν
605 939 1120 1011 παραμυθήσασθαι
1158 936 1434 1010 βούλεται.

223 1034 432 1102 Ὠσπερ
479 1034 510 1102 ἡ
567 1032 909 1088 πολυπλασία
946 1032 1210 1100 συνήθεια
1265 1032 1504 1100 εἴρηται,
1553 1029 1726 1092 οὕτως

158 1129 240 1180 καὶ
271 1128 304 1197 ἡ
337 1126 666 1181 πολυυπνῐα.
715 1127 970 1180 Χαλεπὸν
1023 1120 1117 1180 οὖν
1166 1123 1459 1195 συνήθειαν
1509 1122 1725 1194 μακρὰν

162 1219 430 1273 ἰάσασθαι.

236 1312 559 1382 Ἦμερήσιοι
600 1311 758 1366 ὕπνοι
808 1312 842 1382 ἢ
889 1311 1136 1382 σώματος
1164 1308 1483 1380 δχλησιν,ἢ
1538 1307 1728 1378 ψυχῆς

162 1401 552 1473 ἀδημοσύνην,
603 1402 637 1472 ἢ
693 1401 936 1473 ἀργίαν,
992 1401 1026 1472 ἢ
1102 1399 1464 1455 ἀπαιδευσίαν
1525 1398 1724 1468 σημαί-

158 1508 354 1546 νουσιν.

220 1584 294 1638 Τὺ
328 1585 508 1656 πέραν
541 1582 828 1640 καθεύδειν
878 1584 974 1639 τοῦ
1021 1583 1320 1655 πρέποντος
1365 1583 1479 1647 τοῖς
1533 1579 1726 1650 τεθνη-

158 1676 268 1731 κόσι
299 1678 504 1748 μᾶλλον
530 1678 674 1752 ἥπερ
706 1681 825 1742 τοῖς
852 1678 1018 1744 ζῶσιν
1048 1677 1336 1749 ἁρμόδιον.

731 1772 954 1826 ΛΟΓΟΣ
1001 1770 1044 1824 Μ
1057 1773 1130 1826 Γ’.

690 1867 831 1934 Περὶ
863 1866 1196 1919 ἐνυπνίων.

217 1955 406 2027 Μηδέν
439 1972 522 2010 σοι
550 1957 648 2012 καὶ
675 1956 754 2027 τῷ
775 1957 971 2027 δικαίῳ
1005 1958 1219 2028 ἐκείνῳ*
1251 1955 1424 2010 πολλὰ
1454 1971 1562 2026 γαρ
1595 1953 1729 2010 ἐπα-

157 2049 239 2103 θον
272 2053 513 2122 σήμερον
551 2049 675 2104 κατ’
706 2050 840 2121 ὄναρ
891 2049 961 2102 δι’
1000 2050 1192 2105 αὐτόν.

222 2137 338 2196 Ἦν
365 2141 422 2196 δέ
452 2156 538 2202 τις
571 2139 820 2212 μαθητὴς
863 2140 924 2193 ὲν
965 2137 1265 2210 Δαμασκῷ,
1301 2138 1528 2208 ὀνόματι
1569 2139 1729 2193 Ἀνα-

155 2232 288 2295 νίας,
334 2232 434 2285 καὶ
488 2226 609 2285 εἷπε
669 2229 808 2301 πρὸς
863 2229 1028 2284 αὐτὸν
1061 2231 1088 2285 ό
1126 2231 1330 2301 Κύριος
1361 2232 1421 2284 ὲν
1453 2231 1725 2302 ὁράματι,

155 2341 202 2379 κ.
227 2342 282 2379 τ.
312 2325 365 2380 λ.

216 2414 590 2488 Παραγίνεται
621 2414 882 2471 ἐνύπνιον
907 2416 968 2470 ἐν
1004 2413 1206 2486 πλήθει
1249 2413 1591 2486 πειρασμοῦ.

235 2594 332 2660 Ὠς
378 2597 408 2651 ό
459 2594 828 2667 δρασσόμενος
855 2593 1038 2658 σκιᾶς,
1079 2591 1176 2646 καὶ
1221 2590 1437 2646 διώκων
1467 2589 1724 2662 ἀνέμους,

161 2687 330 2752 οὕτως
380 2689 409 2742 ὁ
444 2688 728 2758 προσέχων
761 2686 1054 2749 ἐνυπνίοις.

229 2780 328 2845 Ὠς
357 2783 466 2851 γὰρ
505 2780 602 2834 ἐπὶ
652 2779 792 2832 πολὺ
852 2779 921 2832 τὰ
978 2776 1103 2831 καθ’
1141 2775 1310 2830 ὕπνον
1357 2778 1729 2852 φαντάσματα

156 2871 255 2925 τῶν
291 2871 682 2943 μεθημερινῶν
715 2869 939 2924 ἐννοιῶν
991 2873 1132 2924 εἰσιν
1182 2871 1550 2942 ἁπηχήματα.

225 2965 514 3034 Πεφύκασι
553 2965 662 3036 γάρ
689 2981 806 3028 πως
837 2966 893 3018 αί
946 2963 1070 3018 καθ’
1101 2963 1268 3018 ὕπνον
1309 2965 1625 3034 φαντασίαι,
1656 2967 1732 3029 ὡς

156 3061 220 3114 τὰ
247 3057 425 3112 πολλὰ
449 3057 797 3128 ἁπηχήματα
833 3050 974 3108 εἶναι
1005 3056 1113 3108 τῶν
1146 3056 1535 3128 μεθημερινῶν
1569 3074 1732 3127 φρον-

158 3151 332 3206 τίδων.
376 3149 570 3203 Ὀποῖα
623 3150 733 3218 γὰρ
783 3148 850 3202 ἂν
983 3149 1056 3202 τὰ
1105 3148 1248 3203 κατὰ
1283 3149 1376 3201 τὸν
1425 3149 1541 3219 βίον
1573 3149 1732 3220 ἡμῶν

1830 660 1993 730 pendi
2048 663 2420 731 suggestiones
2466 662 2734 732 cupiditas
2794 663 2998 718 habet:
3048 666 3324 731 videlicet,
3373 684 3410 724 a

1829 763 2046 817 natura,
2090 769 2118 808 a
2157 754 2316 817 cibis,
2352 771 2380 809 a
2422 755 2782 820 dtetnonibus,
2837 763 2892 810 et
2953 755 3094 812 forte
3149 758 3314 814 etiam
3373 773 3404 814 a

1829 861 2045 901 summo
2074 855 2128 901 et
2163 847 2380 902 intenso
2425 847 2658 918 jejunio,
2709 863 2819 918 quo
2871 848 3158 906 debilitata
3208 860 3418 908 natura.

1829 953 2022 994 somno
2052 938 2236 995 statim
2267 955 2328 996 se
2357 955 2607 995 recreare
2635 940 2811 1010 cupit.

1904 1029 2375 1095 Quemadmodum
2444 1031 2802 1087 vinolentiam
2871 1046 3138 1089 vocamus
3203 1033 3404 1090 malam

1827 1123 2118 1194 quamdam
2137 1125 2607 1190 consuetudinem,
2638 1124 2720 1180 sic
2748 1132 2802 1180 et
2820 1125 3262 1182 soninolentiam.
3293 1127 3407 1183 Dit-

1827 1218 1969 1270 lirile
2001 1226 2084 1272 est
2119 1227 2298 1272 autem
2327 1219 2714 1275 consuetudini
2741 1218 2913 1290 longe
2949 1219 3177 1275 mederi.

1906 1308 2092 1362 Diurni
2128 1309 2307 1364 somni
2356 1321 2450 1365 aut
2500 1312 2749 1382 c0rporis
2797 1311 3103 1367 molestiam
3139 1311 3402 1382 aliquam,

1827 1408 1922 1454 aut
1967 1400 2164 1454 animm
2211 1403 2563 1470 anxietatem,
2603 1413 2694 1459 aut
2727 1404 3038 1474 segnitiem,
3096 1413 3190 1459 aut
3236 1405 3407 1475 impe-

1827 1492 2004 1547 ritiam
2033 1501 2288 1563 arguunt.
3393 1499 3406 1506 ’

1895 1585 2184 1641 ίΕςοΙιὶηἰε.
2217 1587 2456 1642 Somnus
2487 1587 2799 1642 diuturnior
2824 1602 2986 1658 quam
3010 1588 3217 1656 deccat,
3259 1604 3407 1644 mor-

1827 1678 1936 1733 tuis
1973 1678 2154 1748 potius
2183 1693 2345 1748 quam
2376 1679 2513 1734 vivis
2545 1678 2820 1734 convenit.

2211 1771 2443 1828 SEllMO
2491 1771 2650 1827 XLIII
2686 1771 2786 1845 [aL
2837 1771 3022 1845 LXX].

2414 1863 2489 1917 De
2520 1865 2817 1918 insomniis.

1906 1953 2103 2009 Matth.
2137 1971 2304 2010 xxv".
2351 1955 2494 2010 Nihil
2527 1956 2627 2011 tibi
2654 1968 2706 2011 et
2731 1956 2881 2024 justo
2907 1955 3019 2022 illi;
3059 1957 3227 2010 multa
3258 1956 3403 2010 enim

1833 2059 2026 2112 passus
2058 2062 2177 2102 sum
2213 2048 2371 2102 hodie
2403 2047 2457 2101 in
2497 2047 2709 2104 somnis
2742 2059 2959 2117 propter
2991 2049 3194 2117 ipsum.

1905 2139 2020 2191 Act.
2056 2154 2129 2192 Ix.
2178 2139 2305 2193 Erat
2348 2149 2527 2193 autem
2575 2140 2880 2209 discipulus
2915 2139 2967 2192 in
3004 2137 3270 2193 Damasco
3307 2154 3408 2191 no-

1831 2231 1976 2285 mine
2003 2231 2264 2298 Ananias,
2301 2241 2354 2287 et
2389 2234 2526 2288 dixit
2549 2233 2612 2288 ad
2642 2250 2765 2288 cum
2791 2231 3055 2288 Dominus
3087 2233 3141 2285 in
3171 2231 3408 2297 visione,

1830 2331 1940 2378 CIC.
3182 2337 3185 2340 ’

1899 2415 2176 2473 Solomon.
2211 2417 2543 2474 lnsomnium
2578 2418 2790 2474 accedit
2818 2417 2872 2472 in
2906 2415 3257 2472 multitudine
3289 2426 3408 2472 ten-

1832 2505 2074 2560 talionis.

1902 2594 2072 2650 Eccli.
2105 2611 2290 2651 nxtv.
2331 2596 2434 2663 Qui
2482 2598 2733 2653 observat
2769 2596 3064 2665 insomnia,
3095 2594 3292 2652 similis
3320 2605 3409 2650 est

1828 2688 2064 2758 captanti
2102 2691 2349 2744 umbram
2382 2698 2437 2744 et
2467 2698 2656 2745 ventos
2693 2691 3060 2760 persequenti.

1898 2781 2006 2853 83
2039 2783 2252 2838 Basilii.
2307 2783 2729 2852 lmaginationes
2763 2783 2815 2837 in
2868 2782 3079 2838 somnis
3125 2792 3186 2837 ut
3237 2781 3408 2853 pluri-

1831 2892 1978 2928 mum
2011 2875 2222 2931 diurnis
2253 2875 2672 2947 cogitationibus
2705 2875 3060 2944 respondent.

1905 2967 2089 3023 Solent
2144 2970 2289 3023 enim
2361 2967 2476 3024 fere
2524 2969 2945 3038 imaginationes
2978 2971 3027 3021 in
3067 2968 3298 3032 somnis,
3350 2978 3412 3024 ut

1793 3085 1805 3099 ι
1837 3059 2128 3128 plurimum
2189 3060 2518 3129 respondere
2553 3061 2700 3114 Curis
2739 3058 2973 3112 diurnis.
3014 3059 3204 3124 Qualia
3261 3060 3409 3112 enim

1839 3151 2042 3206 fuerint
2093 3154 2216 3206 vitae
2252 3161 2453 3208 nostra:
2506 3152 2706 3216 studia,
2736 3153 2859 3207 talia
2890 3155 3203 3208 προσωπεῖα
3244 3155 3408 3207 etiam

156 3243 566 3315 ὶπιτηδεύματα
590 3281 606 3309 ,
652 3239 880 3296 τοιαῦτα
928 3243 1144 3312 ἀνάγκη
1189 3235 1330 3295 εἶναι
1363 3242 1460 3294 καὶ
1498 3241 1568 3295 τὰ
1608 3243 1729 3297 ἐνύ-

1881 3245 2109 3297 tsomuia
2145 3245 2286 3296 licut.

156 3352 308 3395 πνια.

225 3431 296 3485 Αἰ
343 3429 545 3495 νύκτες
600 3428 700 3493 τὰς
770 3428 1150 3501 μεθημερινὰς
1202 3426 1496 3498 φροντίδας
1553 3444 1734 3498 παραο

156 3522 405 3591 λαϐοῦσι,
445 3525 504 3578 ὲν
550 3525 672 3586 ταῖς
721 3521 906 3577 αὐτῶν
934 3520 1262 3590 φαντασίαις
1296 3518 1610 3585 ἐξαπατῶσι
1641 3519 1734 3574 τὸν

155 3616 302 3670 νοῦν.

225 3709 300 3762 Τὸ
333 3708 454 3763 κατ’
475 3707 608 3780 ὄναρ
642 3708 770 3762 ἰδεῖν
791 3705 862 3763 τὰ
887 3705 1223 3773 ποθούμενα,
1259 3707 1416 3777 φέρει
1447 3708 1560 3768 τοῖς
1593 3706 1734 3774 ἁγα-

157 3801 303 3854 πιῖισι
333 3803 711 3872 παραμυθίαν.

228 3895 296 3949 Oi
331 3896 474 3966 μὲθῃ
521 3896 616 3948 καὶ
671 3894 953 3966 ἁδηφαγίᾳ
981 3893 1378 3964 δεδουλωμένοι
1405 3892 1533 3947 οὔτε
1563 3892 1736 3947 ὕπνον

153 3988 447 4058 αἱροῦνται
478 3990 700 4060 γνήσιον
757 3989 853 4042 καὶ
906 3987 1221 4057 εἰλικρινῆ,
1269 3983 1394 4039 οὔτε
1439 3985 1737 4056 ὀνειράτων

155 4083 592 4137 ἀπαλλάττονται
626 4081 897 4151 φοϐερῶν.

239 4171 303 4225 '0
336 4175 450 4235 τοὶς
496 4171 728 4241 ὀνείροις
787 4170 1080 4242 προσέχων
1128 4170 1278 4224 ἔοικε
1323 4168 1404 4240 τῷ
1441 4167 1541 4240 τὴν
1574 4168 1738 4224 σκιὰν

94 4329 100 4334 _
157 4264 328 4318 αὐτοῦ
371 4263 784 4318 καταδιώκοντι.

240 4359 482 4413 Ὀπόταν
533 4359 592 4411 ὲν
630 4359 742 4422 τοῖς
786 4356 980 4421 ὕπνοις
1029 4356 1143 4419 τοῖς
1177 4355 1400 4426 δαίμοσι
1450 4353 1736 4408 πείθεσθαι

161 4450 458 4521 ἀρξώμεθα
483 4489 500 4518 ,
539 4451 661 4504 τότε
714 4450 900 4504 λοιπὸν
932 4449 1047 4514 ,καὶ
1105 4448 1480 4524 ἐγρηγορότας
1528 4447 1734 4517 ἐμπαί·

161 4545 253 4612 ζου
263 4561 372 4600 σιν.

750 4637 968 4692 ΛΟΓΟΣ
1015 4636 1145 4689 MA".

723 4727 860 4797 Περὶ
891 4729 1173 4793 πίστεως.

225 4823 436 4893 Χάριτι
486 4826 609 4876 ἐστε
659 4823 986 4891 σεσωσμένοι
1044 4823 1132 4875 διὰ
1178 4823 1275 4889 τῆς
1325 4820 1584 4885 πίστεως,
1639 4817 1729 4875 καί

164 4916 328 4970 τοῦτο
352 4916 452 4968 οὐκ
482 4915 538 4980 ἐξ
560 4913 738 4983 ὑμῶν·
762 4913 897 4967 Θεοῦ
919 4915 979 4967 τὸ
1002 4913 1194 4981 δῶρον,
1217 4912 1316 4965 οὐκ
1339 4912 1398 4977 ἐξ
1428 4913 1628 4983 ἔργων,
1649 4912 1738 4964 ἵνα

159 5011 237 5080 μή
265 5025 355 5070 τις
381 5009 746 5077 καυχήσηται.

236 5098 436 5160 Πίστις
477 5100 622 5150 ἐστὶν
645 5097 1016 5167 ἐλπιζομένων
1047 5097 1368 5159 ὑπόστασις,
1395 5091 1742 5164 πραγμάτων

158 5190 395 5258 ἐλεγχος
417 5191 476 5244 οὺ
505 5191 874 5261 βλεπομένων.

242 5284 732 5353 Ἐπιδεικνυμὲνην
782 5283 967 5339 πίστιν
1024 5280 1317 5348 ἀναγγελεῖ
1375 5279 1599 5339 δίκαιος.

227 5463 468 5515 Πίστευε
499 5463 574 5531 τῷ
602 5461 812 5531 Κυρῖῳ,
853 5461 945 5512 καὶ
978 5458 1182 5529 ἔμμενε
1219 5457 1296 5523 τῷ
1330 5455 1475 5519 πόνῳ
1513 5471 1627 5513 σου,
1663 5454 1746 5503 ὅτι

152 5555 376 5622 κοῦφον
427 5556 484 5607 ἐν
546 5553 848 5622 ὀφθαλμοῖς
917 5550 1119 5620 Κυρίου
1171 5549 1402 5611 ἐξάπινα
1456 5546 1740 5596 πλουτίσαι

151 5647 401 5716 πένητα.
429 5646 583 5709 Adet;
614 5645 822 5714 Κυρίου
857 5643 1160 5712 παραμενεῖ
1194 5639 1464 5691 εὐσεϐέσι.

227 5738 315 5791 Τὸ
345 5739 448 5808 γὰρ
475 5739 575 5790 οὐκ
604 5736 845 5806 ἐφικτὸν,
873 5735 992 5789 οὐδὲ
1020 5734 1211 5785 πιστόν
1244 5749 1356 5794 πως
1387 5731 1474 5783 διὰ
1502 5730 1590 5783 τὸν
1614 5729 1745 5800 φθό-

1766 4597 1814 4652 D

1905 3420 2106 3474 Noctes
2161 3421 2437 3490 excipiunt
2477 3437 2638 3478 curas
2689 3423 2927 3487 diezum,
2967 3437 3170 3491 easque
3218 3422 3411 3494 imagi-

1837 3515 2018 3569 nando
2050 3512 2286 3568 illuduut
2318 3515 2540 3570 animis.

1907 3689 1964 3744 In
2010 3689 2218 3746 somnis
2255 3690 2440 3747 videre
2490 3705 2589 3747 sua
2641 3689 2939 3756 desideria,
2989 3688 3245 3746 solatium
3306 3687 3412 3746 fert

1838 3785 2175 3838 amantibus.
3276 3788 3278 3790 ⁷

1913 3875 2030 3930 Nili
2073 3876 2172 3942 Qui
2192 3876 2359 3931 dediti
2386 3885 2516 3931 sunt
2535 3874 2781 3930 ebrietati
2802 3882 2856 3930 et
2874 3873 3034 3945 gulae,
3058 3873 3136 3928 illi
3157 3888 3413 3929 somnum

1837 3976 2149 4043 genuinum.
2167 3972 2553 4041 sincerumque
2579 3986 2690 4026 non
2720 3971 2966 4041 capiunt,
2995 3970 3418 4026 et‘terrlbilibus

1840 4065 2128 4121 insomniis
2155 4065 2483 4120 adiciuntur.

1908 4159 2011 4226 Qui
2043 4162 2297 4215 observat
2317 4156 2611 4217 insomnia,
2642 4154 2837 4211 similis
2863 4164 2947 4211 est
2979 4155 3227 4210 umbram
3255 4169 3416 4210 suam

1840 4251 2209 4324 persequenti.

1915 4343 2143 4412 Quando
2166 4343 2219 4398 in
2245 4342 2454 4398 somnis
2483 4339 2825 4396 daemonibus
2847 4338 3069 4394 obedire
3092 4337 3416 4408 incipimus,

1841 4445 1974 4494 tunc
1999 4438 2162 4492 etiam
2193 4434 2479 4505 vigilantes
2513 4434 2770 4502 deinceps
2799 4431 3057 4487 illudunt.

2226 4612 2458 4671 suane
2488 4611 2650 4668 xuv
2688 4610 2789 4686 [αι.
2817 4609 3026 4683 CLIX].

2465 4709 2541 4763 De
2571 4710 2675 4778 fide
2697 4709 2796 4779 (t).

1916 4805 2105 4871 ΕρΙιεε.
2159 4819 2220 4858 ιι.
2259 4801 2442 4859 Gratia
2475 4801 2673 4856 servati
2708 4803 2839 4855 estis
2891 4813 2986 4869 per
3044 4797 3202 4850 ﬁdem
3253 4796 3419 4866 idque

1843 4913 1952 4952 non
2008 4913 2075 4952 ex
2127 4897 2280 4950 vobis
2311 4914 2324 4948 :
2355 4895 2446 4950 Dei
2497 4896 2697 4948 denunt
2729 4901 2849 4959 est,
2902 4909 3007 4945 non
3039 4907 3102 4944 ex
3139 4891 3418 4960 open-ilus,

1843 5007 1912 5046 ne
1948 4992 2070 5060 quis
2101 4989 2384 5060 glorietur.

1917 5083 2081 5137 Hebr.
2119 5098 2193 5136 xi.
2226 5079 2386 5134 Fides
2415 5089 2498 5134 est
2539 5078 2931 5147 spcrandorum
2967 5072 3295 5140 substantia,
3325 5088 3417 5126 ar-

1845 5185 2157 5249 gumentum
2193 5189 2373 5229 rerum
2400 5188 2519 5240 qua:
2553 5186 2658 5224 non
2695 5179 2978 5239 apparent.

1917 5271 2189 5325 Salomon.
2217 5269 2435 5323 Certant
2467 5275 2521 5320 et
2549 5265 2848 5318 exhibitaui
2888 5264 3046 5318 [idem
3076 5261 3418 5331 protitebitur

1843 5365 2046 5434 justus.

1921 5456 2091 5508 Eccli.
2118 5471 2193 5508 ιιι.
2228 5452 2398 5507 Crede
2433 5451 2683 5507 Domino,
2711 5457 2762 5501 et
2793 5461 2948 5500 mane
2979 5446 3031 5497 in
3067 5443 3254 5494 labore
3284 5448 3415 5491 tuo:

1851 5546 2106 5616 quoniam
2145 5544 2302 5596 facile
2334 5551 2418 5596 est
2446 5557 2627 5594 coram
2663 5541 2890 5590 Domino
2920 5543 3209 5602 pauper-om
3244 5525 3425 5580 subi»

1853 5640 2048 5691 ditare.
2081 5633 2322 5702 Largitio
2359 5632 2567 5685 Domini
2602 5628 2738 5696 apud
2771 5631 2884 5696 pios
2918 5617 3277 5690 permanebit.

1927 5725 2190 5794 T/tcologt'.
2227 5723 2382 5789 Quod
2439 5721 2639 5790 aliquis
2693 5735 2796 5771 non
2849 5721 3021 5784 potest
3075 5706 3316 5778 assequi,
3366 5704 3421 5760 id

230 5919 321 5990 (Ι)
359 5908 568 5978 [nerant
599 5937 701 5977 non
724 5935 890 5991 pauca
918 5928 1036 5989 qum
1071 5921 1231 5974 etiam
1271 5914 1532 5971 habentur
1569 5926 1729 5980 supra
1773 5911 1942 5979 prima
1978 5926 2224 5964 simout‘
2259 5927 2269 5958 :
2315 5922 2375 5958 ea
2413 5904 2495 5957 hic
2534 5902 2834 5952 ulnisulnis.
