3822 6548
126 435 233 501 93.5

934 447 1103 508 LOCI
1143 449 1586 514 COMMUNES.
1633 471 1707 489 ⁸-
1751 456 1947 518 PARS
1988 460 2039 520 Ι.
2082 461 2340 523 SERMO
2381 464 2587 525 XLVI.

3258 474 3365 537 926

129 547 537 621 ἐπιζητούμενα.
590 555 660 607 Ἦ
702 555 801 610 οὐκ
852 557 1077 624 ἀκούεις
1124 563 1207 616 ὅτι
1251 565 1494 636 Μωῧσῆς
1526 570 1657 638 μηδὲ

1794 585 1916 640 qua:
1973 576 2328 643 requiruntur
2379 592 2732 648 cognoscere.
2766 580 2848 635 An
2886 596 2992 637 non
3026 584 3186 642 audis
3221 591 3365 658 quod

129 640 506 713 φθεγγόμενος,
536 648 652 711 τοῖς
682 648 973 722 ἀλαλήτοις
1017 655 1210 709 ἑαυτοῦ
1240 663 1565 729 στεναγμοῖς
1597 663 1683 714 ἑν-

125 735 392 806 τυγχάνων
408 738 500 806 ντῷ
534 740 744 814 Κυρίῳ,
775 742 1005 804 ἠκούετο
1038 750 1187 820 παρὰ
1213 750 1305 803 τοῦ
1350 752 1555 824 Κυρίου
1593 753 1686 808 λέ.

124 843 315 895 γοντος,
362 829 429 884 Τί
460 831 593 903 βοᾷς
620 836 754 904 πρὸς
787 836 891 906 μέ;

191 920 347 985 Ἐθος
368 923 481 994 γάρ
507 928 617 991 τοῖς
643 926 859 999 δαίμοσι
907 933 1048 986 κατὰ
1071 934 1169 999 τάς
1199 935 1344 1007 ὧρας
1373 938 1483 992 τῶν
1515 951 1679 1010 προσ-

122 1012 306 1083 ευχῶν,
336 1018 607 1086 προφάσει
633 1020 792 1088 δῆθεν
826 1024 1173 1092 εὐλογοποιοῦ
1202 1027 1398 1094 αἰτίας,
1431 1032 1678 1101 ἐπείγειν

118 1107 253 1173 ἡμᾶς
282 1108 419 1177 πρὸς
453 1107 821 1182 ὑποχώρησιν,
857 1114 944 1167 ἴνα
986 1116 1347 1185 ἀπαγάγωσιν
1394 1120 1543 1190 ἡμᾶς
1586 1123 1676 1174 εὐ-

116 1195 415 1265 λογοφανῶς
450 1202 549 1270 τῆς
590 1207 965 1275 σωτηριὼδιυς
998 1212 1181 1282 εὐχῆς.

176 1290 330 1358 Μέγα
357 1293 563 1363 ἀγαθὸν
588 1298 748 1369 εὐχὴ,
786 1302 880 1355 ἐὰν
912 1305 1051 1372 μετᾶ
1075 1304 1314 1370 διανοίας
1344 1306 1670 1379 εὐχαρίστου

111 1385 341 1454 γένηται.

176 1475 343 1530 Ὅταν
377 1479 484 1548 γὰρ
509 1480 572 1533 ἐκ
600 1480 857 1553 καθαρῶν
897 1484 1120 1554 χειλέων
1144 1486 1432 1559 ἐξέρχηται
1461 1490 1668 1562 δέησις,

112 1568 195 1618 καὶ
229 1568 293 1621 ὲκ
327 1569 555 1638 καρδίας
582 1574 969 1645 ἀνυποκρίτου,
1009 1571 1116 1633 οἶδε
1151 1580 1358 1649 φθάσαι
1380 1582 1442 1636 τὸ
1468 1584 1669 1639 ἀκολά-

111 1674 285 1711 κευτον
311 1658 406 1724 οῦς
432 1663 526 1716 τοῦ
557 1666 851 1721 Δεσπότου.

173 1753 344 1807 Καλὸν
382 1756 615 1811 πάντοτε
662 1759 753 1813 διὰ
802 1764 1111 1834 προσευχῆς
1155 1766 1364 1835 ὁμιλεῖν
1397 1767 1476 1840 τῷ
1520 1769 1659 1840 Θεῷ.

110 1846 163 1899 Εἰ
192 1846 296 1919 γάρ
322 1850 585 1922 συντυχία
613 1852 805 1925 ἀνδρὸς
831 1857 1037 1920 ἀγαθοῦ
1063 1858 1262 1926 βελτιοί
1282 1861 1373 1915 τὸν
1399 1865 1660 1935 ἐντυγχά-

1796 662 1970 719 Moses
1997 681 2120 720 cum
2177 669 2308 722 nihil
2347 668 2681 739 loqueretur,
2733 673 2915 729 tacitis
2972 677 3227 744 snspiriis
3249 680 3367 735 suis

1794 753 2082 810 Dominum
2110 760 2411 828 appellans,
2437 763 2726 820 exauditus
2754 765 2915 821 fuerit
2951 782 2979 820 a
3019 770 3246 825 Domino
3279 772 3360 827 di-

1791 856 1978 900 cente:
2014 847 2153 913 Quid
2182 851 2386 907 clamas
2413 857 2479 907 ad
2511 856 2634 910 tne?

1873 936 1989 994 Mos
2033 941 2176 996 enim
2221 951 2306 997 est
2362 945 2698 1003 damonlhus
2729 951 3038 1006 orationum
3095 962 3360 1024 tempore.

1785 1038 2046 1097 prmtextu
2080 1032 2287 1089 scilicet
2321 1036 2475 1092 bona:
2504 1050 2559 1094 et
2587 1040 2750 1106 justas
2771 1057 2970 1111 causae,
2999 1062 3193 1117 urgere
3253 1066 3357 1104 nos

1786 1122 1851 1174 ad
1892 1137 2188 1192 secessum,
2229 1135 2286 1181 ut
2312 1142 2410 1183 nos
2446 1145 2477 1183 a
2514 1131 2742 1187 salutari
2778 1138 3027 1192 oratione
3067 1140 3228 1194 veluti
3265 1158 3358 1211 per

1784 1212 2143 1281 probabilem,
2179 1226 2238 1272 ut
2269 1219 2438 1275 videri
2467 1231 2662 1289 potest,
2701 1240 2918 1280 causam
2954 1229 3245 1286 abducant.

1869 1303 1930 1358 S.
1958 1304 2232 1376 C/irysoat.
2266 1308 2510 1381 Magnum
2539 1313 2741 1369 bonum
2784 1326 2868 1371 cst
2896 1321 3090 1385 oratio,
3125 1322 3169 1376 si
3200 1333 3355 1392 grato

1782 1396 1966 1452 animo
1999 1399 2113 1455 θοι.

1851 1486 1986 1544 Nam
2013 1505 2141 1546 cum
2169 1506 2235 1547 ex
2261 1495 2413 1564 puris
2449 1496 2604 1553 labiis
2638 1501 2817 1569 prodit
2861 1505 3036 1560 oratio
3092 1516 3147 1562 et
3186 1510 3349 1564 corde

1780 1594 1886 1634 non
1956 1580 2256 1652 simulato,
2296 1600 2540 1645 severam
2595 1591 2806 1649 Domini
2863 1609 3049 1653 aurem
3082 1613 3351 1670 occupare

1776 1681 1973 1741 potest.

1855 1764 2065 1822 Bonum
2117 1779 2204 1827 est
2250 1786 2463 1843 semper
2514 1790 2637 1832 cum
2678 1777 2790 1834 Deo
2820 1781 3055 1853 colloqui
3093 1799 3189 1855 per
3220 1801 3343 1842 ora-

1773 1854 1999 1913 tionem.
2024 1858 2160 1916 Nam
2206 1862 2252 1918 si
2286 1865 2411 1919 boni
2439 1867 2539 1922 viri
2569 1883 2836 1928 occursus
2864 1875 3142 1931 meliorem
3170 1877 3345 1932 reddit

109 1958 268 2004 νοντα,
303 1943 456 2013 πόσῳ
488 1943 692 2013 μᾶλλον
718 1946 779 1999 τὸ
803 1950 897 2002 καὶ
944 1950 1005 2004 ἐν
1048 1951 1236 2025 ήμέρα
1288 1952 1379 2007 καὶ
1409 1956 1467 2008 ἐν
1502 1955 1657 2010 νυκτὶ

1792 1946 1916 2005 llum.
1968 1965 2129 2019 quem
2179 1958 2518 2027 convenerit,
2558 1972 2766 2032 quanto
2798 1965 2972 2035 magis
3011 1968 3341 2038 colloquium

109 2033 442 2104 προσομιλεῖν
471 2035 550 2107 τῷ
584 2037 703 2111 Θεῷ
726 2055 742 2105 ;

165 2126 272 2196 Οὐχ
324 2127 499 2191 οὕτως
548 2130 610 2183 τὸ
663 2130 775 2203 πῦρ
824 2132 918 2188 τὸν
965 2133 1043 2187 ἰὸν
1099 2135 1434 2208 ἀποσμήχει,
1466 2136 1549 2201 Tu;
1608 2140 1667 2193 αί

106 2219 405 2288 νυκτεριναὶ
434 2218 650 2291 δεήσεις
696 2222 791 2276 τὲν
831 2222 906 2276 ἱὸν
935 2225 1044 2278 τῶν
1085 2226 1372 2297 ἡμετέρων
1414 2228 1668 2302 ἁμαρτη-

107 2309 296 2380 μάτων.

173 2399 431 2455 Ἐνώπιον
472 2405 676 2474 Κυρίου
716 2404 933 2477 εὔχεται
963 2408 990 2459 ὀ
1034 2406 1301 2462 πάντοθεν
1338 2408 1535 2465 ἑαυτοῦ
1567 2409 1664 2481 τὴν

102 2491 260 2562 ψυχὴν
306 2495 599 2565 συλλέγων,
631 2498 724 2551 καὶ
764 2500 930 2569 μηδὲν
975 2498 1119 2570 ἔχων
1168 2504 1352 2556 κοινὸν
1399 2504 1535 2573 πρὸς
1564 2503 1663 2575 τήν

103 2588 209 2654 γῆν,
234 2585 371 2640 ἀλλά
405 2588 540 2658 προς
575 2588 768 2643 ἑαυτὸν
816 2592 1168 2662 μετοικήσας,
1210 2594 1306 2648 καὶ
1352 2596 1530 2650 πάντα
1571 2597 1663 2651 ἁν-

104 2675 353 2749 θρὼπινον
374 2678 651 2751 λογισμὸν
683 2681 792 2735 ἀπὸ
826 2684 925 2754 τῆς
962 2683 1141 2756 ψυχῆς
1172 2684 1446 2742 ἐκϐαλών.

164 2780 339 2845 Ὅπου
397 2792 531 2862 εὐχὴ
578 2793 675 2846 καὶ
728 2792 1069 2867 εὐχαριστία,
1122 2797 1280 2865 ἁγίου
1339 2798 1659 2869 Πνεύματος

101 2886 448 2955 παραγίνεται
474 2886 653 2957 χάρις,
690 2889 785 2941 καὶ
829 2889 1228 2957 φυγαδεύονται
1259 2890 1535 2960 δαίμονες,
1563 2894 1659 2947 καὶ

102 2979 235 3031 πᾶσα
263 2977 620 3051 ἀντικειμένη
654 2978 883 3050 δύναμις
923 2981 1251 3053 δραπετεύει
1287 2983 1383 3038 καὶ
1426 2985 1660 3056 ἀφίστα-

101 3087 198 3127 ται.

158 3188 439 3259 Προσευχὴ
470 3186 688 3257 λέγεται
712 3189 807 3245 καὶ
829 3190 862 3261 ἡ
888 3189 974 3245 διὰ
997 3190 1259 3263 ῥημάτων
1301 3191 1509 3263 δέησις,
1566 3192 1658 3246 λέ-

102 3294 242 3346 γεται
275 3279 374 3334 καὶ
410 3281 442 3349 ἡ
475 3280 769 3350 ὑπόσχεσις
794 3282 888 3335 καὶ
910 3282 1236 3352 ἐπαγγελία.
1262 3283 1473 3357 Εὐηχός
1504 3286 1654 3339 ἐστιν

102 3370 264 3441 ἐκείνη
296 3371 330 3442 ή
364 3372 540 3443 φωνὴ,
570 3373 667 3425 καὶ
702 3373 867 3444 μέχρι
917 3373 1018 3444 τῆς
1068 3374 1221 3441 θείας
1281 3375 1655 3432 ἀναϐαίνουσα

102 3462 274 3532 ἀκοῆς,
303 3465 403 3534 οὐχ
432 3465 467 3536 ή
504 3465 641 3535 μετά
686 3482 833 3529 τινος
864 3465 1166 3531 διατάσεως
1194 3468 1453 3538 γινομένη
1488 3485 1657 3539 κραυ-

100 3554 179 3625 γὴ,
206 3555 393 3628 ἀλλ’,ή
436 3558 544 3611 ἀπὸ
588 3557 840 3629 καθαρᾶς
895 3559 1253 3631 συνειδήσεως
1302 3563 1653 3634 ἀναπταμένη

101 3644 419 3723 ἑνθύμησιςκ

169 3764 291 3816 Ἐὰν
321 3765 355 3833 ή
395 3764 528 3835 εὐχὴ
556 3767 623 3836 τῇ
675 3766 879 3838 σπουδῇ
936 3768 1366 3840 προσηγῆται,ή
1406 3767 1651 3840 ἁμαρτία

99 3854 313 3925 πάροδον
338 3858 479 3911 κατὰ
507 3859 607 3929 τῆς
640 3858 819 3930 ψυχῆς
848 3861 948 3932 οὐχ
977 3860 1244 3929 εὑρίσκει.
1271 3861 1383 3931 Τῆς
1415 3861 1524 3931 γὰρ
1555 3860 1650 3914 τοῦ

100 3946 220 4001 Θεοῦ
253 3950 474 4021 μνήμης
504 3951 563 4003 ὲν
590 3953 655 4021 τῇ
688 3950 886 4021 καρδία
918 3951 1347 4023 καθιδρυμένης,
1376 3953 1652 4024 ἄπρακτοι

101 4042 332 4107 μένουσιν
384 4042 441 4095 αί
485 4041 579 4095 τοῦ
628 4043 1014 4113 ἀντικειμένου
1069 4046 1329 4110 ἐπίνοιαι,
1369 4042 1649 4114 πανταχοῦ

97 4131 181 4201 τῆς
222 4132 569 4205 δικαιοσύνης
621 4135 680 4187 ὲν
737 4137 849 4197 τοῖς
906 4133 1446 4206 ἀμφισϐητουμένοις
1496 4152 1650 4206 μεσι-

95 4225 356 4298 τευούσης.

160 4338 251 4395 Ἐκ
290 4340 385 4394 τοῦ
436 4341 835 4412 προσεύχεσθαι
874 4342 1215 4415 περιγίνεται
1265 4346 1327 4396 τὸ
1367 4343 1509 4413 μετᾶ
1551 4342 1647 4397 τοῦ

94 4428 214 4484 Θεοῦ
241 4430 375 4485 εἶναι
400 4448 417 4463 ⁸
459 4434 754 4504 χωρίζεται
797 4435 854 4489 δὲ
884 4435 977 4488 τοῦ
1018 4435 1153 4489 Θεοῦ
1184 4437 1212 4489 ὁ
1250 4434 1326 4506 μὴ
1357 4435 1648 4489 συνάπτων

94 4515 264 4573 ἑαυτὸν
303 4521 390 4575 διὰ
420 4527 729 4594 προσευχῆς
767 4523 844 4594 τῷ
885 4524 1024 4595 Θεῷ.
1058 4522 1164 4577 Τοῦ
1211 4526 1269 4579 δὲ
1304 4524 1441 4579 Θεοῦ
1473 4542 1644 4597 χωρι-

93 4606 295 4677 ξεμενον
325 4610 541 4683 ἀνάγκη
577 4614 728 4667 πᾶσα
754 4614 831 4685 τῷ
860 4614 1087 4685 ἐναντίῳ
1119 4614 1515 4669 συνάπτεσθαι.

152 4717 430 4791 Προσευχὴ
478 4721 833 4793 σωφροσύνης
883 4723 1003 4775 ἐστὶ
1054 4723 1449 4795 φυλακτήριον,
1503 4742 1646 4797 παρ·-

92 4807 282 4876 θενείας
330 4809 595 4883 σφραγὶς,
636 4814 810 4884 θυμοῦ
848 4814 1215 4885 παιδαγωγία,
1248 4816 1418 4885 τύφου
1470 4834 1645 4870 κατα-

94 4902 254 4972 στολὴ,
288 4904 654 4975 μνησικακίας
698 4903 1251 4976 καθάρσιον,’φθόνου
1298 4904 1643 4975 καθαίρεσις,

92 4991 290 5062 εἰρήνης
328 4994 621 5063 ἀσφάλεια.

174 5113 310 5161 υταν
334 5111 465 5180 περί
490 5127 637 5173 τινος
682 5110 892 5177 ἀγαθοῦ
930 5111 1319 5183 impunitam
1363 5110 1454 5163 τὸν
1487 5109 1644 5177 Θεὸν,

91 5200 171 5253 καὶ
217 5203 287 5274 μὴ
325 5205 622 5275 είσακούσῃ
655 5223 748 5259 σου
798 5206 1134 5276 παραυτίκα,
1173 5205 1249 5276 μὴ
1301 5205 1645 5276 ὀλιγωρήσῃς

94 5290 217 5360 μηδι
252 5295 687 5367 μικροψυχήσῃς.
722 5294 989 5359 Πολλάκις
1019 5295 1129 5365 γάρ
1170 5293 1308 5365 πρὸς
1361 5291 1424 5345 τὸ
1465 5292 1645 5361 παρδν

91 5382 142 5433 οὐ
172 5386 432 5457 συμφέρει
458 5403 544 5439 σοι
577 5387 639 5439 τὸ
671 5387 899 5458 αἴτημα.

57 5483 79 5521 ν
151 5494 251 5547 Τὸν
271 5498 565 5569 εὐχόμενον
593 5498 674 5551 δεῖ
701 5499 964 5570 φρόνιμον
991 5514 1155 5565 ειναι,
1191 5494 1267 5569 μὴ
1294 5494 1433 5566 λάθῃ
1467 5513 1518 5548 τι
1555 5494 1645 5545 εὐι-

93 5584 305 5655 ξάμενος
338 5593 463 5644 κατ’
494 5591 685 5647 αὐτοῦ.

151 5700 213 5753 Οί
251 5703 526 5775 ἄνθρωποι
576 5707 695 5760 τότε
735 5707 973 5776 γίνονται
1018 5706 1285 5778 βελτίους,
1337 5706 1469 5761 ὃταν
1525 5704 1646 5775 Θεῷ

95 5795 502 5865 προσέρχωνται.
529 5799 758 5871 Ὅμοιον
782 5800 838 5855 δὲ
876 5800 1062 5872 ἔχουσι
1093 5799 1212 5868 Θεῴ
1245 5799 1305 5854 τὸ
1333 5800 1647 5872 εὐεργετεῖν

96 5885 177 5938 καὶ
206 5887 503 5959 ἀληθεύειν.

1769 2040 1913 2109 quod
1945 2042 2060 2099 dies
2086 2055 2383 2119 noctesqtte
2406 2066 2531 2106 cum
2558 2053 2669 2109 Deo
2689 2055 2781 2109 iit?

1844 2131 1988 2203 Ignis
2035 2150 2145 2192 non
2182 2140 2254 2194 ita
2290 2142 2552 2215 abstergit
2608 2150 2926 2218 aeruginem,
2957 2161 3016 2207 ut
3063 2165 3345 2212 nocturnas

1767 2238 1957 2294 preces
1982 2238 2331 2299 peccatorum
2363 2246 2679 2294 nostrorum
2717 2243 2912 2298 sordes
2938 2256 3263 2317 expurgant.

1855 2400 2051 2461 Coram
2083 2406 2312 2466 Domino
2365 2423 2511 2479 orat,
2552 2416 2643 2484 qui
2690 2418 2929 2473 animam
2973 2435 3126 2475 suam
3159 2421 3334 2478 unde-

1765 2508 1979 2565 qnaqne
2017 2499 2241 2568 colligit,
2279 2511 2333 2557 ct
2380 2505 2513 2560 nihil
2561 2520 2853 2565 commune
2885 2513 3041 2567 habet
3074 2530 3193 2568 cum
3228 2524 3332 2570 ter-

1768 2599 1849 2652 ra,
1881 2588 1973 2642 sed
2004 2590 2147 2645 intra
2173 2593 2417 2663 seipsum
2449 2596 2669 2667 migrat,
2701 2610 2757 2656 et
2794 2616 3010 2659 omnem
3043 2606 3333 2663 humanam

1765 2677 2152 2746 cogitationem
2189 2700 2252 2739 ex
2285 2686 2466 2743 anima
2496 2690 2667 2761 cjicit.

1844 2793 1947 2848 Ubi
1987 2798 2164 2853 oratio
2196 2808 2249 2854 et
2281 2803 2578 2871 gratiarum
2619 2809 2761 2864 actio
2807 2819 2912 2877 est,
2947 2814 3122 2870 sancti
3160 2814 3335 2886 Spiri-

1764 2893 1851 2940 tus
1879 2888 2051 2956 gratia
2076 2893 2309 2960 accedit,
2345 2905 2397 2950 et
2427 2896 2683 2967 fugantur
2715 2902 3014 2973 dir-mones,
3051 2918 3104 2963 et
3153 2913 3335 2967 omnis

1760 2980 2037 3036 contraria
2067 2986 2304 3053 potentia
2332 2987 2545 3061 aufugit
2575 3007 2639 3049 ac
2677 2994 2926 3062 discedit.

1836 3185 2120 3268 Προσευχή
2168 3186 2372 3245 Graecis
2419 3204 2662 3261 vocatur,
2711 3206 2824 3252 tum
2858 3214 2980 3268 qua:
3034 3204 3215 3261 verbis
3272 3207 3330 3262 iit

1763 3266 1953 3332 oratio'
1991 3279 2075 3333 vel
2126 3282 2387 3349 precatio,
2422 3293 2533 3339 tum
2566 3266 2892 3355 pollicitatio
2939 3303 2993 3347 et
3016 3296 3329 3363 promissio.

1763 3366 1974 3422 Sonora
2006 3379 2089 3425 est
2123 3371 2211 3427 iila
2259 3388 2364 3428 vox
2394 3386 2447 3428 et
2478 3391 2652 3446 usque
2696 3381 2762 3434 ad
2798 3383 3043 3439 divinum
3080 3388 3325 3444 attditum

1759 3456 2079 3522 ascendens,
2129 3475 2237 3515 non
2265 3476 2385 3531 qua:
2414 3464 2527 3535 83
2558 3482 2684 3521 cum
2717 3470 2976 3528 clamoris
3019 3475 3202 3546 aliqua
3235 3479 3324 3533 iit-

1760 3548 2000 3603 tentione
2023 3549 2101 3617 tit,
2125 3552 2218 3607 sed
2243 3568 2364 3623 qua:
2398 3571 2492 3625 per
2524 3559 2873 3617 conscientia:
2906 3580 3057 3635 purae
3098 3570 3333 3625 medita-

1763 3641 1962 3695 tionem
1994 3644 2284 3699 excitatur.

1843 3750 1899 3807 Si
1928 3758 2103 3811 oratio
2137 3757 2285 3815 feriae
2317 3761 2624 3819 assiduitati
2653 3768 2897 3837 accedat,
2928 3772 3110 3830 nullus
3130 3791 3329 3846 pecca-

1756 3855 1812 3899 to
1841 3847 1907 3901 ad
1947 3848 2185 3905 animam
2232 3868 2487 3913 accessus
2533 3868 2699 3928 patet.
2741 3860 3018 3920 Collocata
3057 3869 3201 3923 enim
3237 3872 3329 3928 Dei

1756 3940 2018 3994 memoria
2048 3942 2099 3995 in
2133 3944 2318 4013 corde,
2348 3945 2484 4002 nihil
2511 3949 2670 4004 ellicit
2697 3955 2964 4010 machinis
2994 3959 3108 4015 suis
3131 3962 3329 4017 adver-

1754 4033 1962 4099 sarius,
2000 4032 2214 4104 justitia
2261 4036 2317 4091 in
2366 4036 2620 4099 omnibus
2674 4043 2741 4100 de
2780 4049 2981 4119 quibus
3031 4054 3333 4125 ambigitur

1755 4126 1925 4180 facem
1954 4131 2298 4198 praeferente.

1826 4326 2083 4384 Oratione
2126 4332 2427 4401 acquiritur
2454 4341 2803 4396 conversatio
2854 4341 2973 4413 Dei,
3019 4348 3333 4421 sejungitur

1750 4428 1931 4475 autem
1958 4436 1987 4475 a
2009 4420 2142 4488 Deo,
2167 4425 2259 4494 qui
2288 4441 2395 4481 non
2430 4442 2490 4483 se
2518 4432 2865 4497 conjunxerit
2906 4437 2957 4492 el
2987 4453 3084 4508 per
3120 4420 3327 4499 oratio-

1751 4527 1895 4567 nem.
1929 4513 2032 4580 Qui
2068 4530 2193 4571 vero
2213 4529 2493 4588 separatur
2531 4536 2558 4575 a
2611 4522 2742 4589 Deo,
2776 4525 2928 4584 illum
2970 4547 3194 4599 ptorsus
3228 4553 3334 4594 ne~

1677 4634 1725 4694 ο
1752 4615 1903 4657 cesse
1928 4616 2013 4658 εει
2040 4606 2351 4663 adversario
2382 4612 2661 4684 cetijuugi.

1806 4716 1993 4774 Oratio
2019 4722 2269 4777 custodia
2310 4733 2396 4780 est
2437 4729 2831 4798 temperantia,
2865 4733 3192 4805 virginitatis
3241 4741 3320 4797 si-

1748 4807 1958 4878 gillum,
1992 4811 2089 4868 ira:
2117 4815 2425 4886 castigatio,
2454 4820 2731 4888 superbiae
2766 4825 3088 4894 moderatio,
3120 4831 3321 4888 animae

1749 4906 2009 4962 memoris
2058 4907 2380 4976 iniuriarum
2443 4915 2706 4985 expiatio,
2758 4918 2980 4976 invidia:
3013 4924 3319 4997 demolitio,

1749 5000 1897 5065 pacis
1918 4998 2279 5057 confirmatio.

1820 5108 1955 5165 Nili.
1990 5110 2219 5177 Quando
2247 5115 2448 5171 bonum
2480 5118 2699 5190 aliquod
2735 5138 2762 5176 a
2799 5123 2907 5180 Deo
2939 5128 3185 5196 petieris,
3221 5146 3322 5187 nec

1751 5203 1840 5259 ille
1873 5215 1923 5259 te
1953 5206 2137 5259 statim
2167 5209 2418 5276 audierit,
2453 5212 2562 5266 noli
2620 5215 2851 5282 teipsum
2898 5222 3188 5291 negligere,
3220 5241 3320 5279 nec

1748 5295 1994 5350 animum
2034 5296 2290 5367 dejicere.
2321 5300 2704 5371 Saepenumero
2728 5308 3009 5367 enimnon
3057 5316 3313 5371 conducit

1749 5386 1849 5441 tibi
1882 5397 1970 5442 tua
1997 5391 2189 5459 petitio
2219 5393 2284 5445 ad
2320 5408 2559 5461 przesens
2586 5405 2822 5469 tempus.

1831 5502 2106 5559 Isocratis.
2159 5504 2413 5563 Orantem
2467 5522 2679 5580 oportet
2715 5530 2926 5584 sapere,
2970 5532 3037 5572 ne
3068 5519 3197 5588 quid
3238 5520 3326 5577 ln-

1750 5594 1900 5648 scius
1934 5604 2121 5649 contra
2165 5597 2406 5668 seipsum
2435 5609 2574 5659 oret.

1834 5707 2093 5765 Homines
2149 5722 2279 5768 tunc
2330 5716 2466 5769 littnt.
2500 5716 2772 5785 meliores,
2801 5734 2923 5772 cum
2970 5718 3137 5776 Deum
3170 5739 3325 5781 acce~

1751 5799 2153 5859 duntPUabent
2183 5815 2361 5860 autem
2410 5806 2610 5863 similia
2644 5809 2769 5875 Deo,
2802 5811 3214 5892 beneﬁcentiam
3264 5828 3324 5875 οι

1755 5894 2055 5949 veritatem.
