  <div class='ocr_page' id='page_1' title='image "/cluster/home/n/w/nwhite01/storage/ocr_20150623/136/hvd.32044019208305/472.png"; bbox 0 0 3822 6578; ppageno 0'>
   <div class='ocr_carea' id='block_1_1' title="bbox 120 389 3280 479">
    <p class='ocr_par' dir='ltr' id='par_1_1' title="bbox 120 389 3280 479">
     <span class='ocr_line' id='line_1_1' title="bbox 120 389 3280 479; baseline -0.004 -12"><span class='ocrx_word' id='word_1_1' title='bbox 120 414 196 479; x_wconf 69' lang='lat'><strong>939</strong></span> <span class='ocrx_word' id='word_1_2' title='bbox 836 396 1015 467; x_wconf 74' lang='lat' dir='ltr'><strong>LOCI</strong></span> <span class='ocrx_word' id='word_1_3' title='bbox 1057 397 1498 462; x_wconf 79' lang='lat' dir='ltr'><strong>COMMUN‘ES.</strong></span> <span class='ocrx_word' id='word_1_4' title='bbox 1540 423 1610 435; x_wconf 90' lang='grc'><strong>·-</strong></span> <span class='ocrx_word' id='word_1_5' title='bbox 1641 396 1840 458; x_wconf 64' lang='lat' dir='ltr'><strong>PARS</strong></span> <span class='ocrx_word' id='word_1_6' title='bbox 1869 396 1919 460; x_wconf 85' lang='grc' dir='ltr'>Ι.</span> <span class='ocrx_word' id='word_1_7' title='bbox 1960 393 2218 455; x_wconf 78' lang='lat' dir='ltr'><strong>SERMO</strong></span> <span class='ocrx_word' id='word_1_8' title='bbox 2262 393 2470 456; x_wconf 80' lang='lat' dir='ltr'><strong>XLIX.</strong></span> <span class='ocrx_word' id='word_1_9' title='bbox 3170 389 3280 453; x_wconf 66' lang='lat'><strong>930</strong></span> 
     </span>
    </p>
   </div>
   <div class='ocr_carea' id='block_1_2' title="bbox 160 500 1669 590">
    <p class='ocr_par' dir='ltr' id='par_1_2' title="bbox 160 513 1669 590">
     <span class='ocr_line' id='line_1_2' title="bbox 160 513 1669 590; baseline -0.013 -6"><span class='ocrx_word' id='word_1_10' title='bbox 160 526 292 584; x_wconf 73' lang='grc' dir='ltr'>οὐδὲν</span> <span class='ocrx_word' id='word_1_11' title='bbox 314 516 479 590; x_wconf 49' lang='lat' dir='ltr'><strong>Melo;</strong></span> <span class='ocrx_word' id='word_1_12' title='bbox 505 513 885 586; x_wconf 73' lang='grc' dir='ltr'>κατηχήσεως,</span> <span class='ocrx_word' id='word_1_13' title='bbox 913 515 1045 569; x_wconf 77' lang='grc' dir='ltr'>ὅταν</span> <span class='ocrx_word' id='word_1_14' title='bbox 1076 517 1108 587; x_wconf 77' lang='grc' dir='ltr'><strong>ἠ</strong></span> <span class='ocrx_word' id='word_1_15' title='bbox 1138 514 1229 568; x_wconf 75' lang='grc' dir='ltr'>διὰ</span> <span class='ocrx_word' id='word_1_16' title='bbox 1275 514 1385 569; x_wconf 79' lang='grc' dir='ltr'><strong>τῶν</strong></span> <span class='ocrx_word' id='word_1_17' title='bbox 1414 513 1593 584; x_wconf 73' lang='grc' dir='ltr'>ἔργων</span> <span class='ocrx_word' id='word_1_18' title='bbox 1618 519 1669 573; x_wconf 76' lang='grc' dir='ltr'>Ἀ</span> 
     </span>
    </p>
   </div>
   <div class='ocr_carea' id='block_1_3' title="bbox 1818 500 3327 590">
    <p class='ocr_par' dir='ltr' id='par_1_3' title="bbox 1818 500 3327 578">
     <span class='ocr_line' id='line_1_3' title="bbox 1818 500 3327 578; baseline -0.002 -15"><span class='ocrx_word' id='word_1_19' title='bbox 1818 508 1907 564; x_wconf 88' lang='lat' dir='ltr'><strong>ihil</strong></span> <span class='ocrx_word' id='word_1_20' title='bbox 1925 508 2081 578; x_wconf 81' lang='lat' dir='ltr'><strong>juvat</strong></span> <span class='ocrx_word' id='word_1_21' title='bbox 2110 505 2380 562; x_wconf 80' lang='lat' dir='ltr'><strong>institutio</strong></span> <span class='ocrx_word' id='word_1_22' title='bbox 2401 502 2587 560; x_wconf 81' lang='lat' dir='ltr'><strong>verbis</strong></span> <span class='ocrx_word' id='word_1_23' title='bbox 2617 500 2781 566; x_wconf 80' lang='lat' dir='ltr'><strong>facta,</strong></span> <span class='ocrx_word' id='word_1_24' title='bbox 2809 501 2916 557; x_wconf 79' lang='lat' dir='ltr'><strong>nisi</strong></span> <span class='ocrx_word' id='word_1_25' title='bbox 2946 501 3122 573; x_wconf 71' lang='lat' dir='ltr'><strong>ipsius</strong></span> <span class='ocrx_word' id='word_1_26' title='bbox 3147 517 3281 574; x_wconf 88' lang='lat' dir='ltr'><strong>ope-</strong></span> <span class='ocrx_word' id='word_1_27' title='bbox 3324 564 3327 569; x_wconf 69' lang='grc'><strong>,</strong></span> 
     </span>
    </p>
   </div>
   <div class='ocr_carea' id='block_1_4' title="bbox 118 598 1627 684">
    <p class='ocr_par' dir='ltr' id='par_1_4' title="bbox 118 607 1210 684">
     <span class='ocr_line' id='line_1_4' title="bbox 118 607 1210 684; baseline -0.03 -7"><span class='ocrx_word' id='word_1_28' title='bbox 118 616 316 682; x_wconf 77' lang='grc' dir='ltr'>ἐπίδειξις</span> <span class='ocrx_word' id='word_1_29' title='bbox 346 613 413 684; x_wconf 80' lang='grc' dir='ltr'>μὴ</span> <span class='ocrx_word' id='word_1_30' title='bbox 439 607 703 678; x_wconf 77' lang='grc' dir='ltr'>συμϐαίνῃ</span> <span class='ocrx_word' id='word_1_31' title='bbox 730 609 843 668; x_wconf 74' lang='grc' dir='ltr'>τοῖς</span> <span class='ocrx_word' id='word_1_32' title='bbox 873 607 1210 678; x_wconf 65' lang='grc' dir='ltr'><strong>λεγομένοις,</strong></span> 
     </span>
    </p>
   </div>
   <div class='ocr_carea' id='block_1_5' title="bbox 1227 598 2736 684">
    <p class='ocr_par' dir='ltr' id='par_1_5' title="bbox 1704 598 2736 658">
     <span class='ocr_line' id='line_1_5' title="bbox 1704 598 2736 658; baseline -0.006 0"><span class='ocrx_word' id='word_1_33' title='bbox 1704 602 1782 658; x_wconf 82' lang='lat' dir='ltr'><strong>ris</strong></span> <span class='ocrx_word' id='word_1_34' title='bbox 1808 601 2074 658; x_wconf 74' lang='lat' dir='ltr'><strong>exhibitio</strong></span> <span class='ocrx_word' id='word_1_35' title='bbox 2109 599 2273 656; x_wconf 86' lang='lat' dir='ltr'><strong>dictis</strong></span> <span class='ocrx_word' id='word_1_36' title='bbox 2312 598 2555 654; x_wconf 83' lang='lat' dir='ltr'><strong>accedat.</strong></span> <span class='ocrx_word' id='word_1_37' title='bbox 2726 618 2736 623; x_wconf 60' lang='grc' dir='ltr'><em>τ</em></span> 
     </span>
    </p>
   </div>
   <div class='ocr_carea' id='block_1_6' title="bbox 166 688 1675 778">
    <p class='ocr_par' dir='ltr' id='par_1_6' title="bbox 166 699 1600 778">
     <span class='ocr_line' id='line_1_6' title="bbox 166 699 1600 778; baseline -0.01 -12"><span class='ocrx_word' id='word_1_38' title='bbox 166 710 411 778; x_wconf 80' lang='grc' dir='ltr'>Βουλοῐμην</span> <span class='ocrx_word' id='word_1_39' title='bbox 450 704 491 756; x_wconf 82' lang='grc' dir='ltr'><strong>δ’</strong></span> <span class='ocrx_word' id='word_1_40' title='bbox 528 702 593 757; x_wconf 80' lang='grc' dir='ltr'>ἂν</span> <span class='ocrx_word' id='word_1_41' title='bbox 640 701 753 769; x_wconf 72' lang='grc' dir='ltr'><strong>ἐγὼ</strong></span> <span class='ocrx_word' id='word_1_42' title='bbox 803 701 910 755; x_wconf 82' lang='grc' dir='ltr'><strong>τῶν</strong></span> <span class='ocrx_word' id='word_1_43' title='bbox 955 700 1178 769; x_wconf 80' lang='grc' dir='ltr'><strong>ἀγαθῶν</strong></span> <span class='ocrx_word' id='word_1_44' title='bbox 1229 718 1284 754; x_wconf 73' lang='grc' dir='ltr'><strong>τι</strong></span> <span class='ocrx_word' id='word_1_45' title='bbox 1329 699 1600 770; x_wconf 84' lang='grc' dir='ltr'>λεγόντων</span> 
     </span>
    </p>
   </div>
   <div class='ocr_carea' id='block_1_7' title="bbox 1772 688 3281 778">
    <p class='ocr_par' dir='ltr' id='par_1_7' title="bbox 1774 688 3281 765">
     <span class='ocr_line' id='line_1_7' title="bbox 1774 688 3281 765; baseline -0.004 -14"><span class='ocrx_word' id='word_1_46' title='bbox 1774 694 1929 765; x_wconf 79' lang='lat' dir='ltr'><strong>Greg.</strong></span> <span class='ocrx_word' id='word_1_47' title='bbox 1967 692 2196 764; x_wconf 77' lang='lat' dir='ltr'><strong>Nysaea.</strong></span> <span class='ocrx_word' id='word_1_48' title='bbox 2237 692 2420 748; x_wconf 79' lang='lat' dir='ltr'><strong>Malim</strong></span> <span class='ocrx_word' id='word_1_49' title='bbox 2472 689 2728 761; x_wconf 97' lang='lat' dir='ltr'><strong>equidem</strong></span> <span class='ocrx_word' id='word_1_50' title='bbox 2790 688 2981 745; x_wconf 84' lang='lat' dir='ltr'><strong>audire</strong></span> <span class='ocrx_word' id='word_1_51' title='bbox 3035 688 3281 745; x_wconf 78' lang='lat' dir='ltr'><strong>dicentes</strong></span> 
     </span>
    </p>
   </div>
   <div class='ocr_carea' id='block_1_8' title="bbox 115 784 1624 867">
    <p class='ocr_par' dir='ltr' id='par_1_8' title="bbox 115 793 978 867">
     <span class='ocr_line' id='line_1_8' title="bbox 115 793 978 867; baseline -0.013 -9"><span class='ocrx_word' id='word_1_52' title='bbox 115 803 280 860; x_wconf 73' lang='grc' dir='ltr'>ἀκούειν</span> <span class='ocrx_word' id='word_1_53' title='bbox 307 797 502 867; x_wconf 84' lang='grc' dir='ltr'>μᾶλλον,</span> <span class='ocrx_word' id='word_1_54' title='bbox 528 793 560 863; x_wconf 74' lang='grc' dir='ltr'>ἢ</span> <span class='ocrx_word' id='word_1_55' title='bbox 589 793 767 865; x_wconf 75' lang='grc' dir='ltr'>λέγειν</span> <span class='ocrx_word' id='word_1_56' title='bbox 793 793 978 856; x_wconf 77' lang='grc' dir='ltr'>αὑτός.</span> 
     </span>
    </p>
   </div>
   <div class='ocr_carea' id='block_1_9' title="bbox 1531 784 3040 867">
    <p class='ocr_par' dir='ltr' id='par_1_9' title="bbox 1701 784 3025 859">
     <span class='ocr_line' id='line_1_9' title="bbox 1701 784 3025 859; baseline -0.012 -12"><span class='ocrx_word' id='word_1_57' title='bbox 1701 790 1906 859; x_wconf 78' lang='lat' dir='ltr'><strong>aliquid</strong></span> <span class='ocrx_word' id='word_1_58' title='bbox 1940 787 2092 849; x_wconf 86' lang='lat' dir='ltr'><strong>boni.</strong></span> <span class='ocrx_word' id='word_1_59' title='bbox 2121 802 2285 857; x_wconf 85' lang='lat' dir='ltr'><strong>quam</strong></span> <span class='ocrx_word' id='word_1_60' title='bbox 2318 787 2431 856; x_wconf 89' lang='lat' dir='ltr'><strong>ipse</strong></span> <span class='ocrx_word' id='word_1_61' title='bbox 2454 784 2658 839; x_wconf 90' lang='lat' dir='ltr'><strong>dicere.</strong></span> <span class='ocrx_word' id='word_1_62' title='bbox 3020 826 3025 831; x_wconf 75' lang='lat'><em>,</em></span> 
     </span>
    </p>
   </div>
   <div class='ocr_carea' id='block_1_10' title="bbox 160 876 1669 961">
    <p class='ocr_par' dir='ltr' id='par_1_10' title="bbox 160 881 1601 961">
     <span class='ocr_line' id='line_1_10' title="bbox 160 881 1601 961; baseline -0.006 -17"><span class='ocrx_word' id='word_1_63' title='bbox 160 888 375 961; x_wconf 77' lang='grc' dir='ltr'>Περισσὸς</span> <span class='ocrx_word' id='word_1_64' title='bbox 413 887 512 948; x_wconf 79' lang='grc' dir='ltr'>πᾶς</span> <span class='ocrx_word' id='word_1_65' title='bbox 556 884 715 953; x_wconf 76' lang='grc' dir='ltr'>λόγος</span> <span class='ocrx_word' id='word_1_66' title='bbox 755 883 892 954; x_wconf 77' lang='grc' dir='ltr'>πρὸς</span> <span class='ocrx_word' id='word_1_67' title='bbox 925 882 1236 953; x_wconf 79' lang='grc' dir='ltr'>διόρθωσιν,</span> <span class='ocrx_word' id='word_1_68' title='bbox 1264 884 1397 936; x_wconf 59' lang='lat' dir='ltr'><strong>trav</strong></span> <span class='ocrx_word' id='word_1_69' title='bbox 1426 884 1461 951; x_wconf 76' lang='grc' dir='ltr'>ἡ</span> <span class='ocrx_word' id='word_1_70' title='bbox 1489 881 1601 935; x_wconf 85' lang='grc' dir='ltr'><strong>τῶν</strong></span> 
     </span>
    </p>
   </div>
   <div class='ocr_carea' id='block_1_11' title="bbox 1771 876 3280 961">
    <p class='ocr_par' dir='ltr' id='par_1_11' title="bbox 1776 876 3280 936">
     <span class='ocr_line' id='line_1_11' title="bbox 1776 876 3280 936; baseline -0.002 -1"><span class='ocrx_word' id='word_1_71' title='bbox 1776 880 1915 936; x_wconf 83' lang='lat' dir='ltr'><strong>Nili.</strong></span> <span class='ocrx_word' id='word_1_72' title='bbox 1955 879 2178 936; x_wconf 86' lang='lat' dir='ltr'><strong>Frustra</strong></span> <span class='ocrx_word' id='word_1_73' title='bbox 2213 879 2563 934; x_wconf 88' lang='lat' dir='ltr'><strong>insumuntur</strong></span> <span class='ocrx_word' id='word_1_74' title='bbox 2591 876 2774 933; x_wconf 81' lang='lat' dir='ltr'><strong>omnia</strong></span> <span class='ocrx_word' id='word_1_75' title='bbox 2806 878 2967 932; x_wconf 85' lang='lat' dir='ltr'><strong>verba</strong></span> <span class='ocrx_word' id='word_1_76' title='bbox 3001 877 3067 933; x_wconf 90' lang='lat' dir='ltr'><strong>ad</strong></span> <span class='ocrx_word' id='word_1_77' title='bbox 3092 892 3280 934; x_wconf 84' lang='lat' dir='ltr'><strong>emen-</strong></span> 
     </span>
    </p>
   </div>
   <div class='ocr_carea' id='block_1_12' title="bbox 113 970 1622 1051">
    <p class='ocr_par' dir='ltr' id='par_1_12' title="bbox 113 973 1600 1051">
     <span class='ocr_line' id='line_1_12' title="bbox 113 973 1600 1051; baseline -0.007 -12"><span class='ocrx_word' id='word_1_78' title='bbox 113 986 349 1041; x_wconf 77' lang='grc' dir='ltr'><strong>ἀκουόντων</strong></span> <span class='ocrx_word' id='word_1_79' title='bbox 378 978 504 1051; x_wconf 79' lang='grc' dir='ltr'>πρὸς</span> <span class='ocrx_word' id='word_1_80' title='bbox 526 978 582 1032; x_wconf 56' lang='lat' dir='ltr'><strong>so</strong></span> <span class='ocrx_word' id='word_1_81' title='bbox 614 982 798 1048; x_wconf 77' lang='grc' dir='ltr'>χεῖρον</span> <span class='ocrx_word' id='word_1_82' title='bbox 834 976 1063 1033; x_wconf 76' lang='grc' dir='ltr'>νεύουσα</span> <span class='ocrx_word' id='word_1_83' title='bbox 1092 978 1297 1046; x_wconf 76' lang='grc' dir='ltr'>σπουδὴ</span> <span class='ocrx_word' id='word_1_84' title='bbox 1327 978 1434 1043; x_wconf 84' lang='grc' dir='ltr'>τοῖς</span> <span class='ocrx_word' id='word_1_85' title='bbox 1459 973 1600 1048; x_wconf 80' lang='grc' dir='ltr'>μετὰ</span> 
     </span>
    </p>
   </div>
   <div class='ocr_carea' id='block_1_13' title="bbox 1768 970 3277 1051">
    <p class='ocr_par' dir='ltr' id='par_1_13' title="bbox 1768 970 3277 1042">
     <span class='ocr_line' id='line_1_13' title="bbox 1768 970 3277 1042; baseline -0.003 -14"><span class='ocrx_word' id='word_1_86' title='bbox 1768 974 2005 1040; x_wconf 53' lang='lat' dir='ltr'><strong>itionem,</strong></span> <span class='ocrx_word' id='word_1_87' title='bbox 2037 971 2261 1042; x_wconf 84' lang='lat' dir='ltr'><strong>quando</strong></span> <span class='ocrx_word' id='word_1_88' title='bbox 2293 971 2510 1025; x_wconf 90' lang='lat' dir='ltr'><strong>animus</strong></span> <span class='ocrx_word' id='word_1_89' title='bbox 2541 970 2883 1025; x_wconf 85' lang='lat' dir='ltr'><strong>audientium</strong></span> <span class='ocrx_word' id='word_1_90' title='bbox 2913 973 2977 1025; x_wconf 81' lang='lat' dir='ltr'><strong>ad</strong></span> <span class='ocrx_word' id='word_1_91' title='bbox 3008 970 3277 1025; x_wconf 86' lang='lat' dir='ltr'><strong>deteriora</strong></span> 
     </span>
    </p>
   </div>
   <div class='ocr_carea' id='block_1_14' title="bbox 114 1065 1623 1148">
    <p class='ocr_par' dir='ltr' id='par_1_14' title="bbox 114 1067 1297 1148">
     <span class='ocr_line' id='line_1_14' title="bbox 114 1067 1297 1148; baseline -0.006 -19"><span class='ocrx_word' id='word_1_92' title='bbox 114 1071 357 1148; x_wconf 69' lang='grc' dir='ltr'>συμϐουλὴν</span> <span class='ocrx_word' id='word_1_93' title='bbox 378 1069 681 1138; x_wconf 68' lang='grc' dir='ltr'><strong>λεγομένοις</strong></span> <span class='ocrx_word' id='word_1_94' title='bbox 713 1067 972 1132; x_wconf 74' lang='grc' dir='ltr'><strong>ἐναντίως</strong></span> <span class='ocrx_word' id='word_1_95' title='bbox 998 1069 1297 1122; x_wconf 82' lang='grc' dir='ltr'>διάκειται.</span> 
     </span>
    </p>
   </div>
   <div class='ocr_carea' id='block_1_15' title="bbox 1775 1065 3284 1148">
    <p class='ocr_par' dir='ltr' id='par_1_15' title="bbox 1775 1065 3284 1132">
     <span class='ocr_line' id='line_1_15' title="bbox 1775 1065 3284 1132; baseline -0.002 -9"><span class='ocrx_word' id='word_1_96' title='bbox 1775 1068 2003 1132; x_wconf 72' lang='lat' dir='ltr'><strong>rlinans,</strong></span> <span class='ocrx_word' id='word_1_97' title='bbox 2034 1065 2370 1121; x_wconf 82' lang='lat' dir='ltr'><strong>contrarium</strong></span> <span class='ocrx_word' id='word_1_98' title='bbox 2393 1066 2727 1122; x_wconf 88' lang='lat' dir='ltr'><strong>consultoris</strong></span> <span class='ocrx_word' id='word_1_99' title='bbox 2772 1065 3013 1121; x_wconf 88' lang='lat' dir='ltr'><strong>sermoni</strong></span> <span class='ocrx_word' id='word_1_100' title='bbox 3058 1066 3284 1120; x_wconf 84' lang='lat' dir='ltr'><strong>institu-</strong></span> 
     </span>
    </p>
   </div>
   <div class='ocr_carea' id='block_1_16' title="bbox 1705 1159 2030 1214">
    <p class='ocr_par' dir='ltr' id='par_1_16' title="bbox 1705 1159 2030 1214">
     <span class='ocr_line' id='line_1_16' title="bbox 1705 1159 2030 1214; baseline -0.006 0"><span class='ocrx_word' id='word_1_101' title='bbox 1705 1168 1817 1214; x_wconf 82' lang='lat' dir='ltr'><strong>lutn</strong></span> <span class='ocrx_word' id='word_1_102' title='bbox 1846 1159 2030 1213; x_wconf 88' lang='lat' dir='ltr'><strong>habet.</strong></span> 
     </span>
    </p>
   </div>
   <div class='ocr_carea' id='block_1_17' title="bbox 154 1234 1663 1317">
    <p class='ocr_par' dir='ltr' id='par_1_17' title="bbox 154 1234 1602 1317">
     <span class='ocr_line' id='line_1_17' title="bbox 154 1234 1602 1317; baseline -0.004 -12"><span class='ocrx_word' id='word_1_103' title='bbox 154 1250 441 1317; x_wconf 76' lang='grc' dir='ltr'>Κατόπτροις</span> <span class='ocrx_word' id='word_1_104' title='bbox 468 1246 707 1299; x_wconf 71' lang='grc' dir='ltr'>ἐοίκασιν</span> <span class='ocrx_word' id='word_1_105' title='bbox 737 1247 788 1300; x_wconf 79' lang='lat' dir='ltr'><strong>oi</strong></span> <span class='ocrx_word' id='word_1_106' title='bbox 822 1246 995 1316; x_wconf 83' lang='grc' dir='ltr'><strong>λόγοι,</strong></span> <span class='ocrx_word' id='word_1_107' title='bbox 1027 1246 1123 1301; x_wconf 73' lang='grc' dir='ltr'>καὶ</span> <span class='ocrx_word' id='word_1_108' title='bbox 1142 1244 1333 1317; x_wconf 85' lang='grc' dir='ltr'>ὥσπερ</span> <span class='ocrx_word' id='word_1_109' title='bbox 1360 1246 1417 1299; x_wconf 77' lang='grc' dir='ltr'>ὲν</span> <span class='ocrx_word' id='word_1_110' title='bbox 1457 1234 1602 1299; x_wconf 69' lang='grc' dir='ltr'>ὲκεί-</span> 
     </span>
    </p>
   </div>
   <div class='ocr_carea' id='block_1_18' title="bbox 1777 1234 3286 1317">
    <p class='ocr_par' dir='ltr' id='par_1_18' title="bbox 1780 1245 3286 1317">
     <span class='ocr_line' id='line_1_18' title="bbox 1780 1245 3286 1317; baseline -0.001 -15"><span class='ocrx_word' id='word_1_111' title='bbox 1780 1248 1958 1304; x_wconf 77' lang='lat' dir='ltr'><strong>I’hotii</strong></span> <span class='ocrx_word' id='word_1_112' title='bbox 1987 1247 2330 1316; x_wconf 65' lang='lat' dir='ltr'><strong>patriarchae.</strong></span> <span class='ocrx_word' id='word_1_113' title='bbox 2365 1245 2597 1317; x_wconf 88' lang='lat' dir='ltr'><strong>Speculo</strong></span> <span class='ocrx_word' id='word_1_114' title='bbox 2648 1246 2844 1304; x_wconf 87' lang='lat' dir='ltr'><strong>similis</strong></span> <span class='ocrx_word' id='word_1_115' title='bbox 2889 1256 2975 1303; x_wconf 70' lang='lat' dir='ltr'><strong>est</strong></span> <span class='ocrx_word' id='word_1_116' title='bbox 3001 1263 3041 1303; x_wconf 68' lang='lat' dir='ltr'><strong>sc</strong></span> <span class='ocrx_word' id='word_1_117' title='bbox 3063 1261 3204 1313; x_wconf 89' lang='lat' dir='ltr'><strong>rmo,</strong></span> <span class='ocrx_word' id='word_1_118' title='bbox 3233 1254 3286 1301; x_wconf 82' lang='lat' dir='ltr'><strong>et</strong></span> 
     </span>
    </p>
   </div>
   <div class='ocr_carea' id='block_1_19' title="bbox 108 1336 1617 1410">
    <p class='ocr_par' dir='ltr' id='par_1_19' title="bbox 108 1336 1604 1410">
     <span class='ocr_line' id='line_1_19' title="bbox 108 1336 1604 1410; baseline -0.005 -14"><span class='ocrx_word' id='word_1_119' title='bbox 108 1361 189 1405; x_wconf 65' lang='lat' dir='ltr'><strong>vat;</strong></span> <span class='ocrx_word' id='word_1_120' title='bbox 225 1343 248 1395; x_wconf 99' lang='lat'><strong>6</strong></span> <span class='ocrx_word' id='word_1_121' title='bbox 290 1338 369 1392; x_wconf 78' lang='grc' dir='ltr'><strong>τοῦ</strong></span> <span class='ocrx_word' id='word_1_122' title='bbox 403 1340 644 1407; x_wconf 81' lang='grc' dir='ltr'>σώματος</span> <span class='ocrx_word' id='word_1_123' title='bbox 692 1339 931 1408; x_wconf 77' lang='grc' dir='ltr'>καὶ-τῆς</span> <span class='ocrx_word' id='word_1_124' title='bbox 978 1340 1197 1410; x_wconf 79' lang='grc' dir='ltr'><strong>μορφῆς</strong></span> <span class='ocrx_word' id='word_1_125' title='bbox 1241 1336 1604 1407; x_wconf 75' lang='grc' dir='ltr'><strong>ἐμφανίζεται</strong></span> 
     </span>
    </p>
   </div>
   <div class='ocr_carea' id='block_1_20' title="bbox 1777 1336 3286 1410">
    <p class='ocr_par' dir='ltr' id='par_1_20' title="bbox 1777 1340 3286 1410">
     <span class='ocr_line' id='line_1_20' title="bbox 1777 1340 3286 1410; baseline -0.003 -14"><span class='ocrx_word' id='word_1_126' title='bbox 1777 1350 1850 1397; x_wconf 87' lang='lat' dir='ltr'><strong>:ut</strong></span> <span class='ocrx_word' id='word_1_127' title='bbox 1899 1341 1953 1396; x_wconf 89' lang='lat' dir='ltr'><strong>in</strong></span> <span class='ocrx_word' id='word_1_128' title='bbox 1987 1340 2096 1397; x_wconf 91' lang='lat' dir='ltr'><strong>illis</strong></span> <span class='ocrx_word' id='word_1_129' title='bbox 2135 1349 2557 1410; x_wconf 64' lang='lat' dir='ltr'><strong>repraesentatur</strong></span> <span class='ocrx_word' id='word_1_130' title='bbox 2589 1341 2798 1410; x_wconf 76' lang='lat' dir='ltr'><strong>species</strong></span> <span class='ocrx_word' id='word_1_131' title='bbox 2820 1341 3066 1409; x_wconf 85' lang='lat' dir='ltr'><strong>corporis</strong></span> <span class='ocrx_word' id='word_1_132' title='bbox 3094 1351 3150 1395; x_wconf 89' lang='lat' dir='ltr'><strong>et</strong></span> <span class='ocrx_word' id='word_1_133' title='bbox 3179 1341 3286 1394; x_wconf 80' lang='lat' dir='ltr'><strong>for-</strong></span> 
     </span>
    </p>
   </div>
   <div class='ocr_carea' id='block_1_21' title="bbox 106 1422 1615 1502">
    <p class='ocr_par' dir='ltr' id='par_1_21' title="bbox 106 1422 1603 1500">
     <span class='ocr_line' id='line_1_21' title="bbox 106 1422 1603 1500; baseline -0.004 -15"><span class='ocrx_word' id='word_1_134' title='bbox 106 1434 248 1497; x_wconf 83' lang='grc' dir='ltr'>τύπος,</span> <span class='ocrx_word' id='word_1_135' title='bbox 276 1429 429 1490; x_wconf 74' lang='grc' dir='ltr'>οὕτως</span> <span class='ocrx_word' id='word_1_136' title='bbox 470 1427 526 1480; x_wconf 81' lang='grc' dir='ltr'>ἐν</span> <span class='ocrx_word' id='word_1_137' title='bbox 566 1430 684 1492; x_wconf 79' lang='grc' dir='ltr'>ταῖς</span> <span class='ocrx_word' id='word_1_138' title='bbox 732 1428 973 1497; x_wconf 79' lang='grc' dir='ltr'>ὁμιλίαις</span> <span class='ocrx_word' id='word_1_139' title='bbox 1002 1427 1064 1482; x_wconf 77' lang='grc' dir='ltr'>τὸ</span> <span class='ocrx_word' id='word_1_140' title='bbox 1094 1428 1192 1500; x_wconf 80' lang='grc' dir='ltr'>τῆς</span> <span class='ocrx_word' id='word_1_141' title='bbox 1228 1426 1407 1498; x_wconf 79' lang='grc' dir='ltr'>ψυχῆς</span> <span class='ocrx_word' id='word_1_142' title='bbox 1459 1422 1603 1491; x_wconf 78' lang='grc' dir='ltr'>εἶδος</span> 
     </span>
    </p>
   </div>
   <div class='ocr_carea' id='block_1_22' title="bbox 1778 1422 3287 1502">
    <p class='ocr_par' dir='ltr' id='par_1_22' title="bbox 1778 1428 3287 1502">
     <span class='ocr_line' id='line_1_22' title="bbox 1778 1428 3287 1502; baseline -0.003 -12"><span class='ocrx_word' id='word_1_143' title='bbox 1778 1449 1830 1497; x_wconf 79' lang='lat' dir='ltr'><strong>e.</strong></span> <span class='ocrx_word' id='word_1_144' title='bbox 1863 1432 1940 1488; x_wconf 85' lang='lat' dir='ltr'><strong>ita</strong></span> <span class='ocrx_word' id='word_1_145' title='bbox 1966 1431 2022 1487; x_wconf 90' lang='lat' dir='ltr'><strong>in</strong></span> <span class='ocrx_word' id='word_1_146' title='bbox 2041 1429 2332 1502; x_wconf 79' lang='lat' dir='ltr'><strong>colloquiis</strong></span> <span class='ocrx_word' id='word_1_147' title='bbox 2358 1430 2555 1486; x_wconf 61' lang='lat' dir='ltr'><strong>anima:</strong></span> <span class='ocrx_word' id='word_1_148' title='bbox 2577 1428 2753 1485; x_wconf 81' lang='lat' dir='ltr'><strong>forma</strong></span> <span class='ocrx_word' id='word_1_149' title='bbox 2787 1445 3042 1501; x_wconf 78' lang='lat' dir='ltr'><strong>expressa</strong></span> <span class='ocrx_word' id='word_1_150' title='bbox 3069 1431 3287 1501; x_wconf 86' lang='lat' dir='ltr'><strong>conspi-</strong></span> 
     </span>
    </p>
   </div>
   <div class='ocr_carea' id='block_1_23' title="bbox 107 1521 1876 1596">
    <p class='ocr_par' dir='ltr' id='par_1_23' title="bbox 107 1521 1876 1596">
     <span class='ocr_line' id='line_1_23' title="bbox 107 1521 1876 1596; baseline -0.01 -17"><span class='ocrx_word' id='word_1_151' title='bbox 107 1522 569 1596; x_wconf 73' lang='grc' dir='ltr'>χαρακτηριζόμενον</span> <span class='ocrx_word' id='word_1_152' title='bbox 594 1521 922 1593; x_wconf 78' lang='grc' dir='ltr'>καθορᾶται.</span> <span class='ocrx_word' id='word_1_153' title='bbox 1052 1568 1057 1575; x_wconf 91' lang='grc'><strong>,</strong></span> <span class='ocrx_word' id='word_1_154' title='bbox 1705 1526 1876 1583; x_wconf 60' lang='grc' dir='ltr'><strong>θεων,</strong></span> 
     </span>
    </p>
   </div>
   <div class='ocr_carea' id='block_1_24' title="bbox 152 1604 1661 1693">
    <p class='ocr_par' dir='ltr' id='par_1_24' title="bbox 152 1611 1603 1683">
     <span class='ocr_line' id='line_1_24' title="bbox 152 1611 1603 1683; baseline -0.001 -13"><span class='ocrx_word' id='word_1_155' title='bbox 152 1617 258 1672; x_wconf 79' lang='grc' dir='ltr'>Τότε</span> <span class='ocrx_word' id='word_1_156' title='bbox 274 1615 409 1670; x_wconf 81' lang='grc' dir='ltr'>ἀνύει</span> <span class='ocrx_word' id='word_1_157' title='bbox 431 1614 762 1679; x_wconf 83' lang='grc' dir='ltr'>διδάσκαλος,</span> <span class='ocrx_word' id='word_1_158' title='bbox 790 1617 882 1669; x_wconf 81' lang='grc' dir='ltr'>καὶ</span> <span class='ocrx_word' id='word_1_159' title='bbox 908 1612 1224 1669; x_wconf 74' lang='grc' dir='ltr'><strong>πιστεύεται</strong></span> <span class='ocrx_word' id='word_1_160' title='bbox 1251 1612 1448 1683; x_wconf 80' lang='grc' dir='ltr'>λέγων,</span> <span class='ocrx_word' id='word_1_161' title='bbox 1473 1611 1603 1668; x_wconf 80' lang='grc' dir='ltr'>ὅταν</span> 
     </span>
    </p>
   </div>
   <div class='ocr_carea' id='block_1_25' title="bbox 1776 1604 3285 1693">
    <p class='ocr_par' dir='ltr' id='par_1_25' title="bbox 1780 1604 3285 1693">
     <span class='ocr_line' id='line_1_25' title="bbox 1780 1604 3285 1693; baseline -0.002 -21"><span class='ocrx_word' id='word_1_162' title='bbox 1780 1617 2022 1689; x_wconf 80' lang='lat' dir='ltr'><strong>Didymi.</strong></span> <span class='ocrx_word' id='word_1_163' title='bbox 2058 1617 2200 1673; x_wconf 85' lang='lat' dir='ltr'><strong>Tum</strong></span> <span class='ocrx_word' id='word_1_164' title='bbox 2230 1614 2447 1687; x_wconf 89' lang='lat' dir='ltr'><strong>proﬁcit</strong></span> <span class='ocrx_word' id='word_1_165' title='bbox 2472 1614 2756 1685; x_wconf 84' lang='lat' dir='ltr'><strong>magister,</strong></span> <span class='ocrx_word' id='word_1_166' title='bbox 2783 1624 2837 1670; x_wconf 92' lang='lat' dir='ltr'><strong>et</strong></span> <span class='ocrx_word' id='word_1_167' title='bbox 2870 1614 3029 1670; x_wconf 85' lang='lat' dir='ltr'><strong>ﬁdem</strong></span> <span class='ocrx_word' id='word_1_168' title='bbox 3055 1604 3285 1693; x_wconf 75' lang='lat' dir='ltr'><strong>dicendo</strong></span> 
     </span>
    </p>
   </div>
   <div class='ocr_carea' id='block_1_26' title="bbox 105 1703 1614 1783">
    <p class='ocr_par' dir='ltr' id='par_1_26' title="bbox 105 1703 1603 1783">
     <span class='ocr_line' id='line_1_26' title="bbox 105 1703 1603 1783; baseline -0.004 -17"><span class='ocrx_word' id='word_1_169' title='bbox 105 1713 170 1781; x_wconf 64' lang='grc' dir='ltr'><strong>ἀφ’</strong></span> <span class='ocrx_word' id='word_1_170' title='bbox 201 1704 263 1764; x_wconf 84' lang='grc' dir='ltr'>ὧν</span> <span class='ocrx_word' id='word_1_171' title='bbox 305 1711 517 1782; x_wconf 73' lang='grc' dir='ltr'>πράττει</span> <span class='ocrx_word' id='word_1_172' title='bbox 548 1711 802 1783; x_wconf 80' lang='grc' dir='ltr'>παιδεύῃ,</span> <span class='ocrx_word' id='word_1_173' title='bbox 833 1709 976 1765; x_wconf 76' lang='grc' dir='ltr'>κατὰ</span> <span class='ocrx_word' id='word_1_174' title='bbox 1011 1709 1073 1775; x_wconf 82' lang='grc' dir='ltr'><strong>τό</strong></span> <span class='ocrx_word' id='word_1_175' title='bbox 1096 1726 1112 1742; x_wconf 82' lang='lat'>&#39;</span> <span class='ocrx_word' id='word_1_176' title='bbox 1156 1727 1180 1763; x_wconf 71' lang='grc' dir='ltr'><strong>ι</strong></span> <span class='ocrx_word' id='word_1_177' title='bbox 1211 1703 1313 1764; x_wconf 85' lang='grc' dir='ltr'>Ὦν</span> <span class='ocrx_word' id='word_1_178' title='bbox 1342 1706 1544 1778; x_wconf 76' lang='grc' dir='ltr'>ἧρξατο</span> <span class='ocrx_word' id='word_1_179' title='bbox 1573 1708 1603 1761; x_wconf 84' lang='grc' dir='ltr'><strong>ὁ</strong></span> 
     </span>
    </p>
   </div>
   <div class='ocr_carea' id='block_1_27' title="bbox 1778 1703 3287 1783">
    <p class='ocr_par' dir='ltr' id='par_1_27' title="bbox 1778 1704 3287 1779">
     <span class='ocr_line' id='line_1_27' title="bbox 1778 1704 3287 1779; baseline -0.003 -14"><span class='ocrx_word' id='word_1_180' title='bbox 1778 1711 1860 1775; x_wconf 85' lang='lat' dir='ltr'><strong>:it,</strong></span> <span class='ocrx_word' id='word_1_181' title='bbox 1884 1724 2012 1765; x_wconf 92' lang='lat' dir='ltr'><strong>cum</strong></span> <span class='ocrx_word' id='word_1_182' title='bbox 2046 1710 2164 1765; x_wconf 89' lang='lat' dir='ltr'><strong>suis</strong></span> <span class='ocrx_word' id='word_1_183' title='bbox 2191 1708 2456 1779; x_wconf 82' lang='lat' dir='ltr'><strong>operibus</strong></span> <span class='ocrx_word' id='word_1_184' title='bbox 2502 1707 2682 1775; x_wconf 86' lang='lat' dir='ltr'><strong>docet,</strong></span> <span class='ocrx_word' id='word_1_185' title='bbox 2709 1706 2861 1775; x_wconf 79' lang='lat' dir='ltr'><strong>juxta</strong></span> <span class='ocrx_word' id='word_1_186' title='bbox 2892 1706 3061 1762; x_wconf 85' lang='lat' dir='ltr'><strong>illud:</strong></span> <span class='ocrx_word' id='word_1_187' title='bbox 3109 1724 3128 1758; x_wconf 86' lang='grc' dir='ltr'><strong>ι</strong></span> <span class='ocrx_word' id='word_1_188' title='bbox 3156 1704 3287 1771; x_wconf 70' lang='lat' dir='ltr'><strong>Quae</strong></span> 
     </span>
    </p>
   </div>
   <div class='ocr_carea' id='block_1_28' title="bbox 114 1796 1623 1874">
    <p class='ocr_par' dir='ltr' id='par_1_28' title="bbox 114 1796 1479 1874">
     <span class='ocr_line' id='line_1_28' title="bbox 114 1796 1479 1874; baseline -0.001 -16"><span class='ocrx_word' id='word_1_189' title='bbox 114 1803 270 1874; x_wconf 72' lang='grc' dir='ltr'>Ἰησοῦς</span> <span class='ocrx_word' id='word_1_190' title='bbox 304 1806 464 1859; x_wconf 80' lang='grc' dir='ltr'>ποιεῖν</span> <span class='ocrx_word' id='word_1_191' title='bbox 489 1822 544 1859; x_wconf 83' lang='grc' dir='ltr'><strong>τε</strong></span> <span class='ocrx_word' id='word_1_192' title='bbox 576 1805 670 1859; x_wconf 80' lang='grc' dir='ltr'>καὶ</span> <span class='ocrx_word' id='word_1_193' title='bbox 703 1796 1032 1858; x_wconf 68' lang='grc' dir='ltr'>διδάσκειν.»</span> <span class='ocrx_word' id='word_1_194' title='bbox 1464 1823 1479 1829; x_wconf 83' lang='grc'><strong><em>-</em></strong></span> 
     </span>
    </p>
   </div>
   <div class='ocr_carea' id='block_1_29' title="bbox 1125 1796 2634 1874">
    <p class='ocr_par' dir='ltr' id='par_1_29' title="bbox 1464 1802 2634 1873">
     <span class='ocr_line' id='line_1_29' title="bbox 1464 1802 2634 1873; baseline -0.006 -12"><span class='ocrx_word' id='word_1_195' title='bbox 1464 1823 1479 1829; x_wconf 85' lang='grc'><strong><em>-</em></strong></span> <span class='ocrx_word' id='word_1_196' title='bbox 1706 1803 1873 1873; x_wconf 72' lang='lat' dir='ltr'><strong>coepit</strong></span> <span class='ocrx_word' id='word_1_197' title='bbox 1899 1802 2259 1859; x_wconf 70' lang='lat' dir='ltr'><strong>Jcsuslaeere</strong></span> <span class='ocrx_word' id='word_1_198' title='bbox 2279 1810 2333 1856; x_wconf 89' lang='lat' dir='ltr'><strong>et</strong></span> <span class='ocrx_word' id='word_1_199' title='bbox 2363 1806 2581 1855; x_wconf 80' lang='lat' dir='ltr'><strong>dueere.</strong></span> <span class='ocrx_word' id='word_1_200' title='bbox 2613 1818 2634 1854; x_wconf 75' lang='grc' dir='ltr'>ο</span> 
     </span>
    </p>
   </div>
   <div class='ocr_carea' id='block_1_30' title="bbox 155 1879 1664 1970">
    <p class='ocr_par' dir='ltr' id='par_1_30' title="bbox 155 1879 1664 1970">
     <span class='ocr_line' id='line_1_30' title="bbox 155 1879 1664 1970; baseline -0.001 -20"><span class='ocrx_word' id='word_1_201' title='bbox 155 1898 246 1961; x_wconf 82' lang='grc' dir='ltr'>Βίος</span> <span class='ocrx_word' id='word_1_202' title='bbox 266 1899 379 1952; x_wconf 75' lang='grc' dir='ltr'>ἄνευ</span> <span class='ocrx_word' id='word_1_203' title='bbox 408 1898 562 1967; x_wconf 84' lang='grc' dir='ltr'>λόγου</span> <span class='ocrx_word' id='word_1_204' title='bbox 606 1898 809 1970; x_wconf 78' lang='grc' dir='ltr'>μᾶλλον</span> <span class='ocrx_word' id='word_1_205' title='bbox 842 1898 1074 1968; x_wconf 82' lang='grc' dir='ltr'>ὠφελεῖν</span> <span class='ocrx_word' id='word_1_206' title='bbox 1103 1897 1356 1966; x_wconf 80' lang='grc' dir='ltr'>πέφυκεν</span> <span class='ocrx_word' id='word_1_207' title='bbox 1384 1897 1418 1969; x_wconf 76' lang='grc' dir='ltr'>ἢ</span> <span class='ocrx_word' id='word_1_208' title='bbox 1442 1895 1601 1963; x_wconf 83' lang='grc' dir='ltr'><strong>λόγος</strong></span> <span class='ocrx_word' id='word_1_209' title='bbox 1630 1879 1664 1935; x_wconf 68' lang='grc' dir='ltr'>Ὲ</span> 
     </span>
    </p>
   </div>
   <div class='ocr_carea' id='block_1_31' title="bbox 1779 1879 3288 1970">
    <p class='ocr_par' dir='ltr' id='par_1_31' title="bbox 1779 1890 3288 1963">
     <span class='ocr_line' id='line_1_31' title="bbox 1779 1890 3288 1963; baseline -0.003 -13"><span class='ocrx_word' id='word_1_210' title='bbox 1779 1894 1979 1950; x_wconf 78' lang='lat' dir='ltr'><strong>[sideri</strong></span> <span class='ocrx_word' id='word_1_211' title='bbox 2014 1894 2322 1955; x_wconf 77' lang='lat' dir='ltr'><strong>Pelusiotw.</strong></span> <span class='ocrx_word' id='word_1_212' title='bbox 2361 1890 2482 1946; x_wconf 81' lang='lat' dir='ltr'><strong>Vita</strong></span> <span class='ocrx_word' id='word_1_213' title='bbox 2511 1894 2630 1948; x_wconf 87' lang='lat' dir='ltr'><strong>sine</strong></span> <span class='ocrx_word' id='word_1_214' title='bbox 2664 1907 2919 1948; x_wconf 86' lang='lat' dir='ltr'><strong>sermone</strong></span> <span class='ocrx_word' id='word_1_215' title='bbox 2946 1893 3066 1961; x_wconf 82' lang='lat' dir='ltr'><strong>plus</strong></span> <span class='ocrx_word' id='word_1_216' title='bbox 3096 1891 3288 1963; x_wconf 69' lang='lat' dir='ltr'><strong>jura&#39;e</strong></span> 
     </span>
    </p>
   </div>
   <div class='ocr_carea' id='block_1_32' title="bbox 102 1983 1611 2059">
    <p class='ocr_par' dir='ltr' id='par_1_32' title="bbox 102 1984 1603 2059">
     <span class='ocr_line' id='line_1_32' title="bbox 102 1984 1603 2059; baseline -0.003 -16"><span class='ocrx_word' id='word_1_217' title='bbox 102 1990 194 2043; x_wconf 77' lang='grc' dir='ltr'>ἄνευ</span> <span class='ocrx_word' id='word_1_218' title='bbox 221 1988 322 2058; x_wconf 80' lang='grc' dir='ltr'><strong>βὶου</strong></span> <span class='ocrx_word' id='word_1_219' title='bbox 347 2005 358 2018; x_wconf 88' lang='grc'><strong>·</strong></span> <span class='ocrx_word' id='word_1_220' title='bbox 398 1988 425 2040; x_wconf 94' lang='lat'><strong>6</strong></span> <span class='ocrx_word' id='word_1_221' title='bbox 456 1989 555 2059; x_wconf 83' lang='grc' dir='ltr'>μὲν</span> <span class='ocrx_word' id='word_1_222' title='bbox 587 1989 694 2059; x_wconf 72' lang='grc' dir='ltr'><strong>γὰρ</strong></span> <span class='ocrx_word' id='word_1_223' title='bbox 722 1989 817 2043; x_wconf 83' lang='grc' dir='ltr'>καὶ</span> <span class='ocrx_word' id='word_1_224' title='bbox 866 1988 1037 2057; x_wconf 85' lang='grc' dir='ltr'>σιγῶν</span> <span class='ocrx_word' id='word_1_225' title='bbox 1068 1987 1290 2059; x_wconf 83' lang='grc' dir='ltr'>ὠφελεῖ,</span> <span class='ocrx_word' id='word_1_226' title='bbox 1323 1990 1351 2042; x_wconf 85' lang='grc' dir='ltr'><strong>ό</strong></span> <span class='ocrx_word' id='word_1_227' title='bbox 1377 1986 1433 2040; x_wconf 85' lang='grc' dir='ltr'>δὲ</span> <span class='ocrx_word' id='word_1_228' title='bbox 1464 1984 1603 2057; x_wconf 84' lang='grc' dir='ltr'>βοῶν</span> 
     </span>
    </p>
   </div>
   <div class='ocr_carea' id='block_1_33' title="bbox 1783 1983 3292 2059">
    <p class='ocr_par' dir='ltr' id='par_1_33' title="bbox 1784 1983 3292 2058">
     <span class='ocr_line' id='line_1_33' title="bbox 1784 1983 3292 2058; baseline -0.003 -15"><span class='ocrx_word' id='word_1_229' title='bbox 1784 1996 1910 2056; x_wconf 87' lang='lat' dir='ltr'><strong>test,</strong></span> <span class='ocrx_word' id='word_1_230' title='bbox 1969 2001 2139 2058; x_wconf 86' lang='lat' dir='ltr'><strong>quam</strong></span> <span class='ocrx_word' id='word_1_231' title='bbox 2196 2000 2379 2042; x_wconf 90' lang='lat' dir='ltr'><strong>sermo</strong></span> <span class='ocrx_word' id='word_1_232' title='bbox 2432 1983 2555 2042; x_wconf 89' lang='lat' dir='ltr'><strong>sine</strong></span> <span class='ocrx_word' id='word_1_233' title='bbox 2608 1983 2886 2041; x_wconf 82' lang='lat' dir='ltr'><strong>vita.Vita</strong></span> <span class='ocrx_word' id='word_1_234' title='bbox 2940 1985 3085 2041; x_wconf 91' lang='lat' dir='ltr'><strong>enim</strong></span> <span class='ocrx_word' id='word_1_235' title='bbox 3136 1985 3292 2054; x_wconf 87' lang='lat' dir='ltr'><strong>juvat</strong></span> 
     </span>
    </p>
   </div>
   <div class='ocr_carea' id='block_1_34' title="bbox 102 2077 1611 2152">
    <p class='ocr_par' dir='ltr' id='par_1_34' title="bbox 102 2079 1608 2152">
     <span class='ocr_line' id='line_1_34' title="bbox 102 2079 1608 2152; baseline 0 -21"><span class='ocrx_word' id='word_1_236' title='bbox 102 2080 275 2151; x_wconf 81' lang='grc' dir='ltr'>ἐνοχλεῖ.</span> <span class='ocrx_word' id='word_1_237' title='bbox 303 2079 357 2134; x_wconf 81' lang='lat' dir='ltr'><strong>Ei</strong></span> <span class='ocrx_word' id='word_1_238' title='bbox 390 2081 442 2134; x_wconf 74' lang='grc' dir='ltr'><strong>δὲ</strong></span> <span class='ocrx_word' id='word_1_239' title='bbox 470 2081 561 2134; x_wconf 76' lang='grc' dir='ltr'>καὶ</span> <span class='ocrx_word' id='word_1_240' title='bbox 586 2082 745 2150; x_wconf 86' lang='grc' dir='ltr'>λόγος</span> <span class='ocrx_word' id='word_1_241' title='bbox 786 2081 882 2134; x_wconf 82' lang='grc' dir='ltr'>καὶ</span> <span class='ocrx_word' id='word_1_242' title='bbox 924 2079 1040 2149; x_wconf 87' lang='grc' dir='ltr'>βίος</span> <span class='ocrx_word' id='word_1_243' title='bbox 1075 2080 1427 2152; x_wconf 78' lang='grc' dir='ltr'>συνδράμειε,</span> <span class='ocrx_word' id='word_1_244' title='bbox 1456 2079 1608 2148; x_wconf 81' lang='grc' dir='ltr'>φιλο-</span> 
     </span>
    </p>
   </div>
   <div class='ocr_carea' id='block_1_35' title="bbox 1782 2077 3291 2152">
    <p class='ocr_par' dir='ltr' id='par_1_35' title="bbox 1787 2077 3291 2150">
     <span class='ocr_line' id='line_1_35' title="bbox 1787 2077 3291 2150; baseline -0.003 -14"><span class='ocrx_word' id='word_1_245' title='bbox 1787 2097 1873 2137; x_wconf 90' lang='lat' dir='ltr'><strong>am</strong></span> <span class='ocrx_word' id='word_1_246' title='bbox 1927 2081 2120 2150; x_wconf 84' lang='lat' dir='ltr'><strong>tacita,</strong></span> <span class='ocrx_word' id='word_1_247' title='bbox 2176 2095 2357 2137; x_wconf 84' lang='lat' dir='ltr'><strong>sermo</strong></span> <span class='ocrx_word' id='word_1_248' title='bbox 2386 2087 2568 2136; x_wconf 86' lang='lat' dir='ltr'><strong>autem</strong></span> <span class='ocrx_word' id='word_1_249' title='bbox 2606 2079 2849 2134; x_wconf 90' lang='lat' dir='ltr'><strong>clamore</strong></span> <span class='ocrx_word' id='word_1_250' title='bbox 2893 2093 2997 2134; x_wconf 89' lang='lat' dir='ltr'><strong>suo</strong></span> <span class='ocrx_word' id='word_1_251' title='bbox 3029 2077 3291 2133; x_wconf 55' lang='lat' dir='ltr'><strong>molestus</strong></span> 
     </span>
    </p>
   </div>
   <div class='ocr_carea' id='block_1_36' title="bbox 104 2172 1613 2246">
    <p class='ocr_par' dir='ltr' id='par_1_36' title="bbox 104 2172 1439 2246">
     <span class='ocr_line' id='line_1_36' title="bbox 104 2172 1439 2246; baseline 0.007 -22"><span class='ocrx_word' id='word_1_252' title='bbox 104 2174 246 2241; x_wconf 79' lang='grc' dir='ltr'>σοφίας</span> <span class='ocrx_word' id='word_1_253' title='bbox 273 2173 475 2243; x_wconf 75' lang='grc' dir='ltr'>ἁπάσης</span> <span class='ocrx_word' id='word_1_254' title='bbox 511 2173 939 2228; x_wconf 78' lang='grc' dir='ltr'>ἀποτελέσουσιν</span> <span class='ocrx_word' id='word_1_255' title='bbox 973 2173 1223 2246; x_wconf 66' lang='grc' dir='ltr'>ᾄγαλμα.</span> <span class='ocrx_word' id='word_1_256' title='bbox 1308 2232 1326 2239; x_wconf 26' lang='grc' dir='ltr'><strong>κ,</strong></span> <span class='ocrx_word' id='word_1_257' title='bbox 1424 2172 1439 2183; x_wconf 86' lang='grc'><em>’</em></span> 
     </span>
    </p>
   </div>
   <div class='ocr_carea' id='block_1_37' title="bbox 1785 2172 3294 2246">
    <p class='ocr_par' dir='ltr' id='par_1_37' title="bbox 1785 2172 3294 2242">
     <span class='ocr_line' id='line_1_37' title="bbox 1785 2172 3294 2242; baseline -0.002 -13"><span class='ocrx_word' id='word_1_258' title='bbox 1785 2190 1815 2230; x_wconf 68' lang='grc' dir='ltr'><strong>ι.</strong></span> <span class='ocrx_word' id='word_1_259' title='bbox 1849 2174 2009 2242; x_wconf 86' lang='lat' dir='ltr'><strong>Quod</strong></span> <span class='ocrx_word' id='word_1_260' title='bbox 2037 2175 2084 2231; x_wconf 89' lang='lat' dir='ltr'><strong>si</strong></span> <span class='ocrx_word' id='word_1_261' title='bbox 2114 2189 2301 2231; x_wconf 87' lang='lat' dir='ltr'><strong>sermo</strong></span> <span class='ocrx_word' id='word_1_262' title='bbox 2322 2183 2377 2230; x_wconf 91' lang='lat' dir='ltr'><strong>et</strong></span> <span class='ocrx_word' id='word_1_263' title='bbox 2408 2172 2517 2229; x_wconf 82' lang='lat' dir='ltr'><strong>vita</strong></span> <span class='ocrx_word' id='word_1_264' title='bbox 2541 2173 2895 2238; x_wconf 77' lang='lat' dir='ltr'><strong>conveniant,</strong></span> <span class='ocrx_word' id='word_1_265' title='bbox 2926 2173 3093 2228; x_wconf 88' lang='lat' dir='ltr'><strong>totius</strong></span> <span class='ocrx_word' id='word_1_266' title='bbox 3120 2172 3294 2242; x_wconf 87' lang='lat' dir='ltr'><strong>philo-</strong></span> 
     </span>
    </p>
   </div>
   <div class='ocr_carea' id='block_1_38' title="bbox 1709 2266 2654 2339">
    <p class='ocr_par' dir='ltr' id='par_1_38' title="bbox 1709 2266 2654 2339">
     <span class='ocr_line' id='line_1_38' title="bbox 1709 2266 2654 2339; baseline -0.003 -16"><span class='ocrx_word' id='word_1_267' title='bbox 1709 2268 1922 2339; x_wconf 72' lang='lat' dir='ltr'><strong>sOphia:</strong></span> <span class='ocrx_word' id='word_1_268' title='bbox 1949 2268 2310 2323; x_wconf 85' lang='lat' dir='ltr'><strong>simulacrum</strong></span> <span class='ocrx_word' id='word_1_269' title='bbox 2342 2266 2654 2337; x_wconf 84' lang='lat' dir='ltr'><strong>perﬁcient.</strong></span> 
     </span>
    </p>
   </div>
   <div class='ocr_carea' id='block_1_39' title="bbox 153 2351 1662 2429">
    <p class='ocr_par' dir='ltr' id='par_1_39' title="bbox 153 2351 1406 2424">
     <span class='ocr_line' id='line_1_39' title="bbox 153 2351 1406 2424; baseline 0.002 -19"><span class='ocrx_word' id='word_1_270' title='bbox 153 2353 325 2422; x_wconf 72' lang='grc' dir='ltr'>Πρᾶττε</span> <span class='ocrx_word' id='word_1_271' title='bbox 351 2351 605 2421; x_wconf 84' lang='grc' dir='ltr'>λογικῶς,</span> <span class='ocrx_word' id='word_1_272' title='bbox 637 2353 732 2407; x_wconf 75' lang='grc' dir='ltr'>καὶ</span> <span class='ocrx_word' id='word_1_273' title='bbox 757 2352 884 2421; x_wconf 81' lang='grc' dir='ltr'>λέγε</span> <span class='ocrx_word' id='word_1_274' title='bbox 915 2352 1264 2424; x_wconf 85' lang='grc' dir='ltr'>πρακτικῶς.</span> <span class='ocrx_word' id='word_1_275' title='bbox 1397 2366 1406 2374; x_wconf 82' lang='lat'><strong>‘</strong></span> 
     </span>
    </p>
   </div>
   <div class='ocr_carea' id='block_1_40' title="bbox 1617 2351 3126 2429">
    <p class='ocr_par' dir='ltr' id='par_1_40' title="bbox 1779 2354 3126 2429">
     <span class='ocr_line' id='line_1_40' title="bbox 1779 2354 3126 2429; baseline -0.001 -17"><span class='ocrx_word' id='word_1_276' title='bbox 1779 2359 1942 2429; x_wconf 79' lang='lat' dir='ltr'><strong>Agito</strong></span> <span class='ocrx_word' id='word_1_277' title='bbox 1971 2373 2099 2414; x_wconf 91' lang='lat' dir='ltr'><strong>cum</strong></span> <span class='ocrx_word' id='word_1_278' title='bbox 2131 2373 2413 2425; x_wconf 85' lang='lat' dir='ltr'><strong>sermone,</strong></span> <span class='ocrx_word' id='word_1_279' title='bbox 2443 2366 2497 2412; x_wconf 83' lang='lat' dir='ltr'><strong>ct</strong></span> <span class='ocrx_word' id='word_1_280' title='bbox 2529 2356 2698 2412; x_wconf 89' lang='lat' dir='ltr'><strong>dicito</strong></span> <span class='ocrx_word' id='word_1_281' title='bbox 2731 2371 2853 2409; x_wconf 86' lang='lat' dir='ltr'><strong>cum</strong></span> <span class='ocrx_word' id='word_1_282' title='bbox 2888 2354 3126 2411; x_wconf 87' lang='lat' dir='ltr'><strong>actione.</strong></span> 
     </span>
    </p>
   </div>
   <div class='ocr_carea' id='block_1_41' title="bbox 154 2444 1663 2520">
    <p class='ocr_par' dir='ltr' id='par_1_41' title="bbox 154 2445 1608 2518">
     <span class='ocr_line' id='line_1_41' title="bbox 154 2445 1608 2518; baseline 0 -17"><span class='ocrx_word' id='word_1_283' title='bbox 154 2448 350 2503; x_wconf 81' lang='grc' dir='ltr'>Ἐσθλῶν</span> <span class='ocrx_word' id='word_1_284' title='bbox 384 2449 479 2518; x_wconf 76' lang='grc' dir='ltr'>μὲν</span> <span class='ocrx_word' id='word_1_285' title='bbox 511 2447 622 2516; x_wconf 81' lang='grc' dir='ltr'>γὰρ</span> <span class='ocrx_word' id='word_1_286' title='bbox 669 2446 764 2501; x_wconf 67' lang='grc' dir='ltr'><strong>ἀπ’</strong></span> <span class='ocrx_word' id='word_1_287' title='bbox 798 2446 965 2500; x_wconf 77' lang='grc' dir='ltr'>ἐσθλὰ</span> <span class='ocrx_word' id='word_1_288' title='bbox 1007 2446 1279 2513; x_wconf 76' lang='grc' dir='ltr'>διδάξεαιο</span> <span class='ocrx_word' id='word_1_289' title='bbox 1315 2445 1381 2500; x_wconf 79' lang='grc' dir='ltr'>ἂν</span> <span class='ocrx_word' id='word_1_290' title='bbox 1420 2445 1482 2503; x_wconf 70' lang='grc' dir='ltr'><strong>δὲ</strong></span> <span class='ocrx_word' id='word_1_291' title='bbox 1508 2462 1608 2501; x_wconf 64' lang='grc' dir='ltr'><strong>καθ</strong></span> 
     </span>
    </p>
   </div>
   <div class='ocr_carea' id='block_1_42' title="bbox 1784 2444 3293 2520">
    <p class='ocr_par' dir='ltr' id='par_1_42' title="bbox 1785 2444 3293 2520">
     <span class='ocr_line' id='line_1_42' title="bbox 1785 2444 3293 2520; baseline -0.003 -17"><span class='ocrx_word' id='word_1_292' title='bbox 1785 2447 2122 2520; x_wconf 73' lang='lat' dir='ltr'><strong>Tltcognidir.</strong></span> <span class='ocrx_word' id='word_1_293' title='bbox 2178 2449 2224 2504; x_wconf 78' lang='grc' dir='ltr'><strong>Α</strong></span> <span class='ocrx_word' id='word_1_294' title='bbox 2252 2448 2414 2506; x_wconf 84' lang='lat' dir='ltr'><strong>bonis</strong></span> <span class='ocrx_word' id='word_1_295' title='bbox 2440 2446 2641 2503; x_wconf 88' lang='lat' dir='ltr'><strong>etenim</strong></span> <span class='ocrx_word' id='word_1_296' title='bbox 2675 2446 2814 2501; x_wconf 87' lang='lat' dir='ltr'><strong>bona</strong></span> <span class='ocrx_word' id='word_1_297' title='bbox 2843 2444 3059 2501; x_wconf 82' lang='lat' dir='ltr'><strong>disces:</strong></span> <span class='ocrx_word' id='word_1_298' title='bbox 3093 2445 3139 2501; x_wconf 87' lang='lat' dir='ltr'><strong>si</strong></span> <span class='ocrx_word' id='word_1_299' title='bbox 3165 2460 3293 2501; x_wconf 80' lang='lat' dir='ltr'><strong>vero</strong></span> 
     </span>
    </p>
   </div>
   <div class='ocr_carea' id='block_1_43' title="bbox 1369 2535 2878 2617">
    <p class='ocr_par' dir='ltr' id='par_1_43' title="bbox 1369 2535 1627 2612">
     <span class='ocr_line' id='line_1_43' title="bbox 1369 2535 1627 2612; baseline -0.008 -20"><span class='ocrx_word' id='word_1_300' title='bbox 1369 2535 1539 2610; x_wconf 80' lang='grc' dir='ltr'>[κοίσι</span> <span class='ocrx_word' id='word_1_301' title='bbox 1619 2604 1627 2612; x_wconf 41' lang='grc'><em>,</em></span> 
     </span>
    </p>
   </div>
   <div class='ocr_carea' id='block_1_44' title="bbox 1751 2535 3260 2617">
    <p class='ocr_par' dir='ltr' id='par_1_44' title="bbox 3027 2537 3260 2617">
     <span class='ocr_line' id='line_1_44' title="bbox 3027 2537 3260 2617; baseline 0.009 -26"><span class='ocrx_word' id='word_1_302' title='bbox 3027 2537 3217 2609; x_wconf 85' lang='lat' dir='ltr'><strong>[malis</strong></span> <span class='ocrx_word' id='word_1_303' title='bbox 3254 2610 3260 2617; x_wconf 30' lang='grc' dir='ltr'><em>ι</em></span> 
     </span>
    </p>
   </div>
   <div class='ocr_carea' id='block_1_45' title="bbox 211 2630 1720 2704">
    <p class='ocr_par' dir='ltr' id='par_1_45' title="bbox 211 2630 1351 2704">
     <span class='ocr_line' id='line_1_45' title="bbox 211 2630 1351 2704; baseline 0 -20"><span class='ocrx_word' id='word_1_304' title='bbox 211 2633 497 2704; x_wconf 80' lang='grc' dir='ltr'>Συμμιγῇς,</span> <span class='ocrx_word' id='word_1_305' title='bbox 526 2631 752 2697; x_wconf 83' lang='grc' dir='ltr'>ἀπολεῖς</span> <span class='ocrx_word' id='word_1_306' title='bbox 780 2632 878 2687; x_wconf 71' lang='grc' dir='ltr'>καὶ</span> <span class='ocrx_word' id='word_1_307' title='bbox 904 2632 1000 2686; x_wconf 81' lang='grc' dir='ltr'>τὸν</span> <span class='ocrx_word' id='word_1_308' title='bbox 1030 2630 1192 2686; x_wconf 77' lang='grc' dir='ltr'>ἐόντα</span> <span class='ocrx_word' id='word_1_309' title='bbox 1210 2630 1351 2685; x_wconf 90' lang='grc' dir='ltr'>νόον.</span> 
     </span>
    </p>
   </div>
   <div class='ocr_carea' id='block_1_46' title="bbox 1781 2630 3290 2704">
    <p class='ocr_par' dir='ltr' id='par_1_46' title="bbox 1785 2631 3290 2703">
     <span class='ocr_line' id='line_1_46' title="bbox 1785 2631 3290 2703; baseline -0.003 -12"><span class='ocrx_word' id='word_1_310' title='bbox 1785 2633 2103 2700; x_wconf 81' lang='lat' dir='ltr'><strong>Miscearis,</strong></span> <span class='ocrx_word' id='word_1_311' title='bbox 2161 2634 2382 2689; x_wconf 88' lang='lat' dir='ltr'><strong>amittes</strong></span> <span class='ocrx_word' id='word_1_312' title='bbox 2436 2648 2654 2703; x_wconf 91' lang='lat' dir='ltr'><strong>quoque</strong></span> <span class='ocrx_word' id='word_1_313' title='bbox 2701 2631 2989 2703; x_wconf 85' lang='lat' dir='ltr'><strong>pristinam</strong></span> <span class='ocrx_word' id='word_1_314' title='bbox 3030 2640 3290 2687; x_wconf 80' lang='lat' dir='ltr'><strong>mentem.</strong></span> 
     </span>
    </p>
   </div>
   <div class='ocr_carea' id='block_1_47' title="bbox 146 2713 1655 2799">
    <p class='ocr_par' dir='ltr' id='par_1_47' title="bbox 146 2713 1606 2799">
     <span class='ocr_line' id='line_1_47' title="bbox 146 2713 1606 2799; baseline 0.008 -22"><span class='ocrx_word' id='word_1_315' title='bbox 146 2713 209 2780; x_wconf 78' lang='grc' dir='ltr'><strong>Τὰ</strong></span> <span class='ocrx_word' id='word_1_316' title='bbox 246 2727 332 2795; x_wconf 77' lang='grc' dir='ltr'>μὲν</span> <span class='ocrx_word' id='word_1_317' title='bbox 360 2728 465 2798; x_wconf 84' lang='grc' dir='ltr'>γὰρ</span> <span class='ocrx_word' id='word_1_318' title='bbox 505 2725 740 2799; x_wconf 84' lang='grc' dir='ltr'>σώματα</span> <span class='ocrx_word' id='word_1_319' title='bbox 785 2728 900 2791; x_wconf 85' lang='grc' dir='ltr'>τοῖς</span> <span class='ocrx_word' id='word_1_320' title='bbox 946 2726 1289 2796; x_wconf 79' lang='grc' dir='ltr'><strong>συμμέτροις</strong></span> <span class='ocrx_word' id='word_1_321' title='bbox 1341 2722 1545 2790; x_wconf 82' lang='grc' dir='ltr'>πόνοις,</span> <span class='ocrx_word' id='word_1_322' title='bbox 1572 2722 1606 2792; x_wconf 69' lang='grc' dir='ltr'><strong>ἢ</strong></span> 
     </span>
    </p>
   </div>
   <div class='ocr_carea' id='block_1_48' title="bbox 1785 2713 3294 2799">
    <p class='ocr_par' dir='ltr' id='par_1_48' title="bbox 1785 2722 3294 2796">
     <span class='ocr_line' id='line_1_48' title="bbox 1785 2722 3294 2796; baseline -0.004 -14"><span class='ocrx_word' id='word_1_323' title='bbox 1785 2723 2025 2796; x_wconf 87' lang='lat' dir='ltr'><strong>Corpora</strong></span> <span class='ocrx_word' id='word_1_324' title='bbox 2051 2723 2353 2781; x_wconf 81' lang='lat' dir='ltr'><strong>moderatis</strong></span> <span class='ocrx_word' id='word_1_325' title='bbox 2379 2724 2660 2780; x_wconf 83' lang='lat' dir='ltr'><strong>laboribus</strong></span> <span class='ocrx_word' id='word_1_326' title='bbox 2679 2723 2875 2794; x_wconf 80' lang='lat' dir='ltr'><strong>augeri</strong></span> <span class='ocrx_word' id='word_1_327' title='bbox 2890 2723 3091 2791; x_wconf 86' lang='lat' dir='ltr'><strong>solent,</strong></span> <span class='ocrx_word' id='word_1_328' title='bbox 3111 2722 3294 2777; x_wconf 87' lang='lat' dir='ltr'><strong>anima</strong></span> 
     </span>
    </p>
   </div>
   <div class='ocr_carea' id='block_1_49' title="bbox 95 2815 1604 2893">
    <p class='ocr_par' dir='ltr' id='par_1_49' title="bbox 95 2815 1603 2893">
     <span class='ocr_line' id='line_1_49' title="bbox 95 2815 1603 2893; baseline -0.003 -17"><span class='ocrx_word' id='word_1_329' title='bbox 95 2819 136 2871; x_wconf 71' lang='grc' dir='ltr'><strong>δὲ</strong></span> <span class='ocrx_word' id='word_1_330' title='bbox 166 2821 289 2893; x_wconf 81' lang='grc' dir='ltr'>ψυχὴ</span> <span class='ocrx_word' id='word_1_331' title='bbox 322 2824 429 2887; x_wconf 82' lang='grc' dir='ltr'>τοῖς</span> <span class='ocrx_word' id='word_1_332' title='bbox 465 2823 783 2887; x_wconf 79' lang='grc' dir='ltr'>σπουδαίοις</span> <span class='ocrx_word' id='word_1_333' title='bbox 814 2821 999 2891; x_wconf 79' lang='grc' dir='ltr'>λόγοις</span> <span class='ocrx_word' id='word_1_334' title='bbox 1043 2815 1309 2884; x_wconf 70' lang='grc' dir='ltr'>αὔξεσθαι</span> <span class='ocrx_word' id='word_1_335' title='bbox 1339 2819 1603 2887; x_wconf 81' lang='grc' dir='ltr'>πέφυκεν.</span> 
     </span>
    </p>
   </div>
   <div class='ocr_carea' id='block_1_50' title="bbox 1253 2815 2762 2893">
    <p class='ocr_par' dir='ltr' id='par_1_50' title="bbox 1253 2816 2762 2887">
     <span class='ocr_line' id='line_1_50' title="bbox 1253 2816 2762 2887; baseline -0.003 -14"><span class='ocrx_word' id='word_1_336' title='bbox 1253 2836 1309 2873; x_wconf 88' lang='grc' dir='ltr'><strong>αι</strong></span> <span class='ocrx_word' id='word_1_337' title='bbox 1339 2819 1603 2887; x_wconf 81' lang='grc' dir='ltr'>πέφυκεν.</span> <span class='ocrx_word' id='word_1_338' title='bbox 1710 2832 1844 2874; x_wconf 83' lang='lat' dir='ltr'><strong>vero</strong></span> <span class='ocrx_word' id='word_1_339' title='bbox 1866 2818 2110 2874; x_wconf 87' lang='lat' dir='ltr'><strong>honestis</strong></span> <span class='ocrx_word' id='word_1_340' title='bbox 2145 2817 2491 2873; x_wconf 87' lang='lat' dir='ltr'><strong>sermonibus</strong></span> <span class='ocrx_word' id='word_1_341' title='bbox 2525 2816 2762 2886; x_wconf 88' lang='lat' dir='ltr'><strong>proﬁcit.</strong></span> 
     </span>
    </p>
   </div>
   <div class='ocr_carea' id='block_1_51' title="bbox 158 2906 1667 2987">
    <p class='ocr_par' dir='ltr' id='par_1_51' title="bbox 158 2910 1609 2987">
     <span class='ocr_line' id='line_1_51' title="bbox 158 2910 1609 2987; baseline 0.006 -22"><span class='ocrx_word' id='word_1_342' title='bbox 158 2910 229 2966; x_wconf 77' lang='grc' dir='ltr'>Ἐν</span> <span class='ocrx_word' id='word_1_343' title='bbox 255 2914 344 2983; x_wconf 80' lang='grc' dir='ltr'>μὲν</span> <span class='ocrx_word' id='word_1_344' title='bbox 385 2917 494 2979; x_wconf 86' lang='grc' dir='ltr'>τοῖς</span> <span class='ocrx_word' id='word_1_345' title='bbox 533 2915 826 2987; x_wconf 77' lang='grc' dir='ltr'>ἐσόπτροις</span> <span class='ocrx_word' id='word_1_346' title='bbox 870 2916 899 2968; x_wconf 91' lang='lat'><strong>6</strong></span> <span class='ocrx_word' id='word_1_347' title='bbox 934 2913 1034 2984; x_wconf 84' lang='grc' dir='ltr'>τῆς</span> <span class='ocrx_word' id='word_1_348' title='bbox 1067 2912 1265 2982; x_wconf 79' lang='grc' dir='ltr'>ὅψεως,</span> <span class='ocrx_word' id='word_1_349' title='bbox 1311 2911 1372 2964; x_wconf 80' lang='grc' dir='ltr'>ἐν</span> <span class='ocrx_word' id='word_1_350' title='bbox 1399 2910 1456 2965; x_wconf 72' lang='grc' dir='ltr'><strong>δὲ</strong></span> <span class='ocrx_word' id='word_1_351' title='bbox 1487 2912 1609 2973; x_wconf 75' lang='grc' dir='ltr'>ταῖς</span> 
     </span>
    </p>
   </div>
   <div class='ocr_carea' id='block_1_52' title="bbox 1783 2906 3292 2987">
    <p class='ocr_par' dir='ltr' id='par_1_52' title="bbox 1783 2906 3292 2980">
     <span class='ocr_line' id='line_1_52' title="bbox 1783 2906 3292 2980; baseline -0.004 -14"><span class='ocrx_word' id='word_1_352' title='bbox 1783 2908 2089 2980; x_wconf 87' lang='lat' dir='ltr'><strong>lnspeculis</strong></span> <span class='ocrx_word' id='word_1_353' title='bbox 2112 2908 2331 2979; x_wconf 83' lang='lat' dir='ltr'><strong>quidem</strong></span> <span class='ocrx_word' id='word_1_354' title='bbox 2368 2907 2548 2979; x_wconf 59' lang='lat' dir='ltr'><strong>faciei,</strong></span> <span class='ocrx_word' id='word_1_355' title='bbox 2593 2908 2648 2962; x_wconf 93' lang='lat' dir='ltr'><strong>in</strong></span> <span class='ocrx_word' id='word_1_356' title='bbox 2695 2906 2989 2978; x_wconf 84' lang='lat' dir='ltr'><strong>colloquiis</strong></span> <span class='ocrx_word' id='word_1_357' title='bbox 3045 2906 3160 2978; x_wconf 78' lang='lat'><strong>88</strong></span> <span class='ocrx_word' id='word_1_358' title='bbox 3194 2919 3292 2961; x_wconf 81' lang='lat' dir='ltr'><strong>au-</strong></span> 
     </span>
    </p>
   </div>
   <div class='ocr_carea' id='block_1_53' title="bbox 91 2999 1600 3079">
    <p class='ocr_par' dir='ltr' id='par_1_53' title="bbox 91 3003 1297 3079">
     <span class='ocr_line' id='line_1_53' title="bbox 91 3003 1297 3079; baseline 0.003 -25"><span class='ocrx_word' id='word_1_359' title='bbox 91 3003 278 3071; x_wconf 84' lang='grc' dir='ltr'>όμιλὶαις</span> <span class='ocrx_word' id='word_1_360' title='bbox 308 3006 334 3058; x_wconf 88' lang='lat'><strong>6</strong></span> <span class='ocrx_word' id='word_1_361' title='bbox 360 3006 457 3078; x_wconf 80' lang='grc' dir='ltr'>τῆς</span> <span class='ocrx_word' id='word_1_362' title='bbox 486 3006 669 3079; x_wconf 80' lang='grc' dir='ltr'>ψυχῆς</span> <span class='ocrx_word' id='word_1_363' title='bbox 702 3005 989 3078; x_wconf 76' lang='grc' dir='ltr'>χαρακτὴρ</span> <span class='ocrx_word' id='word_1_364' title='bbox 1014 3004 1297 3077; x_wconf 80' lang='grc' dir='ltr'>βλέπεται.</span> 
     </span>
    </p>
   </div>
   <div class='ocr_carea' id='block_1_54' title="bbox 1130 2999 2639 3079">
    <p class='ocr_par' dir='ltr' id='par_1_54' title="bbox 1130 2999 2639 3059">
     <span class='ocr_line' id='line_1_54' title="bbox 1130 2999 2639 3059; baseline -0.002 -1"><span class='ocrx_word' id='word_1_365' title='bbox 1130 3020 1297 3059; x_wconf 84' lang='grc' dir='ltr'>τεται.</span> <span class='ocrx_word' id='word_1_366' title='bbox 1713 3011 1823 3058; x_wconf 91' lang='lat' dir='ltr'><strong>tem</strong></span> <span class='ocrx_word' id='word_1_367' title='bbox 1861 3001 2057 3057; x_wconf 61' lang='lat' dir='ltr'><strong>animae</strong></span> <span class='ocrx_word' id='word_1_368' title='bbox 2084 3000 2371 3056; x_wconf 89' lang='lat' dir='ltr'><strong>character</strong></span> <span class='ocrx_word' id='word_1_369' title='bbox 2402 2999 2639 3055; x_wconf 75' lang='lat' dir='ltr'><strong>videtur.</strong></span> 
     </span>
    </p>
   </div>
   <div class='ocr_carea' id='block_1_55' title="bbox 155 3089 1664 3171">
    <p class='ocr_par' dir='ltr' id='par_1_55' title="bbox 155 3095 1607 3171">
     <span class='ocr_line' id='line_1_55' title="bbox 155 3095 1607 3171; baseline 0.001 -24"><span class='ocrx_word' id='word_1_370' title='bbox 155 3096 226 3147; x_wconf 82' lang='grc' dir='ltr'>Ἔν</span> <span class='ocrx_word' id='word_1_371' title='bbox 259 3097 483 3171; x_wconf 83' lang='grc' dir='ltr'>συλλόγῳ</span> <span class='ocrx_word' id='word_1_372' title='bbox 512 3100 733 3168; x_wconf 85' lang='grc' dir='ltr'>πρῶτος</span> <span class='ocrx_word' id='word_1_373' title='bbox 776 3099 955 3167; x_wconf 82' lang='grc' dir='ltr'>λέγειν</span> <span class='ocrx_word' id='word_1_374' title='bbox 988 3096 1063 3170; x_wconf 80' lang='grc' dir='ltr'>μὴ</span> <span class='ocrx_word' id='word_1_375' title='bbox 1107 3096 1414 3169; x_wconf 74' lang='grc' dir='ltr'>ὲπιτήδευε.</span> <span class='ocrx_word' id='word_1_376' title='bbox 1449 3095 1607 3150; x_wconf 74' lang='grc' dir='ltr'>Μετὰ</span> 
     </span>
    </p>
   </div>
   <div class='ocr_carea' id='block_1_56' title="bbox 1787 3089 3296 3171">
    <p class='ocr_par' dir='ltr' id='par_1_56' title="bbox 1787 3089 3296 3162">
     <span class='ocr_line' id='line_1_56' title="bbox 1787 3089 3296 3162; baseline -0.002 -15"><span class='ocrx_word' id='word_1_377' title='bbox 1787 3090 2059 3147; x_wconf 83' lang='lat' dir='ltr'><strong>Clitarchi.</strong></span> <span class='ocrx_word' id='word_1_378' title='bbox 2085 3090 2142 3146; x_wconf 91' lang='lat' dir='ltr'><strong>In</strong></span> <span class='ocrx_word' id='word_1_379' title='bbox 2180 3100 2451 3148; x_wconf 85' lang='lat' dir='ltr'><strong>conventu</strong></span> <span class='ocrx_word' id='word_1_380' title='bbox 2504 3106 2571 3146; x_wconf 93' lang='lat' dir='ltr'><strong>ne</strong></span> <span class='ocrx_word' id='word_1_381' title='bbox 2597 3089 2819 3147; x_wconf 88' lang='lat' dir='ltr'><strong>studeas</strong></span> <span class='ocrx_word' id='word_1_382' title='bbox 2844 3090 3054 3162; x_wconf 85' lang='lat' dir='ltr'><strong>primus</strong></span> <span class='ocrx_word' id='word_1_383' title='bbox 3111 3090 3296 3145; x_wconf 85' lang='lat' dir='ltr'><strong>dicere</strong></span> 
     </span>
    </p>
   </div>
   <div class='ocr_carea' id='block_1_57' title="bbox 90 3182 1599 3283">
    <p class='ocr_par' dir='ltr' id='par_1_57' title="bbox 90 3186 1495 3263">
     <span class='ocr_line' id='line_1_57' title="bbox 90 3186 1495 3263; baseline -0.001 -19"><span class='ocrx_word' id='word_1_384' title='bbox 90 3186 170 3259; x_wconf 76' lang='grc' dir='ltr'><strong>γὰρ</strong></span> <span class='ocrx_word' id='word_1_385' title='bbox 191 3189 413 3255; x_wconf 84' lang='grc' dir='ltr'>πλείονας</span> <span class='ocrx_word' id='word_1_386' title='bbox 434 3191 637 3261; x_wconf 78' lang='grc' dir='ltr'>λέγων,</span> <span class='ocrx_word' id='word_1_387' title='bbox 655 3191 776 3263; x_wconf 73' lang='grc' dir='ltr'>ὄψει</span> <span class='ocrx_word' id='word_1_388' title='bbox 802 3191 1003 3263; x_wconf 80' lang='grc' dir='ltr'>μᾶλλον</span> <span class='ocrx_word' id='word_1_389' title='bbox 1023 3190 1095 3245; x_wconf 72' lang='grc' dir='ltr'><strong>τὰ</strong></span> <span class='ocrx_word' id='word_1_390' title='bbox 1121 3190 1495 3261; x_wconf 77' lang='grc' dir='ltr'>συμφέροντα.</span> 
     </span>
    </p>
   </div>
   <div class='ocr_carea' id='block_1_58' title="bbox 1788 3182 3297 3283">
    <p class='ocr_par' dir='ltr' id='par_1_58' title="bbox 1788 3182 3297 3254">
     <span class='ocr_line' id='line_1_58' title="bbox 1788 3182 3297 3254; baseline 0 -16"><span class='ocrx_word' id='word_1_391' title='bbox 1788 3185 2036 3240; x_wconf 75' lang='lat' dir='ltr'><strong>ntentiam</strong></span> <span class='ocrx_word' id='word_1_392' title='bbox 2064 3194 2230 3241; x_wconf 82' lang='lat' dir='ltr'><strong>tuam.</strong></span> <span class='ocrx_word' id='word_1_393' title='bbox 2254 3182 2390 3238; x_wconf 85' lang='lat' dir='ltr'><strong>Nam</strong></span> <span class='ocrx_word' id='word_1_394' title='bbox 2413 3183 2458 3238; x_wconf 90' lang='lat' dir='ltr'><strong>si</strong></span> <span class='ocrx_word' id='word_1_395' title='bbox 2487 3192 2607 3254; x_wconf 90' lang='lat' dir='ltr'><strong>post</strong></span> <span class='ocrx_word' id='word_1_396' title='bbox 2636 3182 2820 3254; x_wconf 90' lang='lat' dir='ltr'><strong>plures</strong></span> <span class='ocrx_word' id='word_1_397' title='bbox 2855 3183 3089 3251; x_wconf 71' lang='lat' dir='ltr'><strong>dixeris,</strong></span> <span class='ocrx_word' id='word_1_398' title='bbox 3122 3183 3297 3254; x_wconf 83' lang='lat' dir='ltr'><strong>magis</strong></span> 
     </span>
    </p>
   </div>
   <div class='ocr_carea' id='block_1_59' title="bbox 1714 3274 3070 3346">
    <p class='ocr_par' dir='ltr' id='par_1_59' title="bbox 1714 3274 3070 3346">
     <span class='ocr_line' id='line_1_59' title="bbox 1714 3274 3070 3346; baseline -0.004 -17"><span class='ocrx_word' id='word_1_399' title='bbox 1714 3274 1926 3331; x_wconf 79' lang='lat' dir='ltr'><strong>videbis</strong></span> <span class='ocrx_word' id='word_1_400' title='bbox 1945 3289 2066 3346; x_wconf 71' lang='lat' dir='ltr'><strong>qua:</strong></span> <span class='ocrx_word' id='word_1_401' title='bbox 2095 3274 2244 3329; x_wconf 87' lang='lat' dir='ltr'><strong>utilia</strong></span> <span class='ocrx_word' id='word_1_402' title='bbox 2271 3282 2421 3329; x_wconf 88' lang='lat' dir='ltr'><strong>sunt.</strong></span> <span class='ocrx_word' id='word_1_403' title='bbox 3067 3278 3070 3282; x_wconf 76' lang='lat'>‘</span> 
     </span>
    </p>
   </div>
   <div class='ocr_carea' id='block_1_60' title="bbox 137 3357 1646 3438">
    <p class='ocr_par' dir='ltr' id='par_1_60' title="bbox 137 3357 1611 3434">
     <span class='ocr_line' id='line_1_60' title="bbox 137 3357 1611 3434; baseline 0.005 -22"><span class='ocrx_word' id='word_1_404' title='bbox 137 3360 188 3412; x_wconf 79' lang='lat' dir='ltr'><strong>Al</strong></span> <span class='ocrx_word' id='word_1_405' title='bbox 215 3359 304 3431; x_wconf 71' lang='grc' dir='ltr'>μὲν</span> <span class='ocrx_word' id='word_1_406' title='bbox 329 3362 597 3433; x_wconf 77' lang='grc' dir='ltr'>χελιδόνες</span> <span class='ocrx_word' id='word_1_407' title='bbox 645 3361 827 3418; x_wconf 79' lang='grc' dir='ltr'>εὐδίαν</span> <span class='ocrx_word' id='word_1_408' title='bbox 854 3363 987 3434; x_wconf 79' lang='grc' dir='ltr'>ἡμῖν</span> <span class='ocrx_word' id='word_1_409' title='bbox 1022 3359 1516 3433; x_wconf 79' lang='grc' dir='ltr'>προσημαίνουσιν,</span> <span class='ocrx_word' id='word_1_410' title='bbox 1559 3357 1611 3412; x_wconf 74' lang='grc' dir='ltr'><strong>οι</strong></span> 
     </span>
    </p>
   </div>
   <div class='ocr_carea' id='block_1_61' title="bbox 1782 3357 3291 3438">
    <p class='ocr_par' dir='ltr' id='par_1_61' title="bbox 1782 3363 3291 3438">
     <span class='ocr_line' id='line_1_61' title="bbox 1782 3363 3291 3438; baseline -0.003 -15"><span class='ocrx_word' id='word_1_411' title='bbox 1782 3368 2111 3425; x_wconf 87' lang='lat' dir='ltr'><strong>llirundincs</strong></span> <span class='ocrx_word' id='word_1_412' title='bbox 2135 3366 2356 3438; x_wconf 88' lang='lat' dir='ltr'><strong>quidem</strong></span> <span class='ocrx_word' id='word_1_413' title='bbox 2397 3365 2753 3423; x_wconf 88' lang='lat' dir='ltr'><strong>serenitatem</strong></span> <span class='ocrx_word' id='word_1_414' title='bbox 2790 3364 2950 3422; x_wconf 88' lang='lat' dir='ltr'><strong>nobis</strong></span> <span class='ocrx_word' id='word_1_415' title='bbox 3001 3363 3118 3420; x_wconf 79' lang='lat' dir='ltr'><strong>fore</strong></span> <span class='ocrx_word' id='word_1_416' title='bbox 3150 3379 3291 3435; x_wconf 67' lang='lat' dir='ltr'><strong>prte-</strong></span> 
     </span>
    </p>
   </div>
   <div class='ocr_carea' id='block_1_62' title="bbox 89 3448 1598 3532">
    <p class='ocr_par' dir='ltr' id='par_1_62' title="bbox 89 3448 992 3527">
     <span class='ocr_line' id='line_1_62' title="bbox 89 3448 992 3527; baseline 0.011 -25"><span class='ocrx_word' id='word_1_417' title='bbox 89 3448 129 3502; x_wconf 77' lang='grc' dir='ltr'><strong>δὲ</strong></span> <span class='ocrx_word' id='word_1_418' title='bbox 154 3453 203 3504; x_wconf 77' lang='grc' dir='ltr'>ἐκ</span> <span class='ocrx_word' id='word_1_419' title='bbox 224 3455 523 3527; x_wconf 71' lang='grc' dir='ltr'>φιλοσοφίας</span> <span class='ocrx_word' id='word_1_420' title='bbox 550 3457 705 3527; x_wconf 83' lang='grc' dir='ltr'>λόγοι</span> <span class='ocrx_word' id='word_1_421' title='bbox 735 3454 992 3512; x_wconf 79' lang='grc' dir='ltr'>ἀλυπίαν.</span> 
     </span>
    </p>
   </div>
   <div class='ocr_carea' id='block_1_63' title="bbox 1784 3448 3293 3532">
    <p class='ocr_par' dir='ltr' id='par_1_63' title="bbox 1784 3456 3293 3532">
     <span class='ocr_line' id='line_1_63' title="bbox 1784 3456 3293 3532; baseline -0.003 -19"><span class='ocrx_word' id='word_1_422' title='bbox 1784 3462 1954 3532; x_wconf 77' lang='lat' dir='ltr'><strong>giunt,</strong></span> <span class='ocrx_word' id='word_1_423' title='bbox 1995 3473 2280 3517; x_wconf 87' lang='lat' dir='ltr'><strong>sermones</strong></span> <span class='ocrx_word' id='word_1_424' title='bbox 2321 3468 2504 3514; x_wconf 82' lang='lat' dir='ltr'><strong>autem</strong></span> <span class='ocrx_word' id='word_1_425' title='bbox 2551 3457 2919 3529; x_wconf 84' lang='lat' dir='ltr'><strong>philosophici</strong></span> <span class='ocrx_word' id='word_1_426' title='bbox 2964 3456 3293 3511; x_wconf 81' lang='lat' dir='ltr'><strong>vacuitatem</strong></span> 
     </span>
    </p>
   </div>
   <div class='ocr_carea' id='block_1_64' title="bbox 1715 3552 1971 3609">
    <p class='ocr_par' dir='ltr' id='par_1_64' title="bbox 1715 3552 1971 3609">
     <span class='ocr_line' id='line_1_64' title="bbox 1715 3552 1971 3609; baseline -0.008 0"><span class='ocrx_word' id='word_1_427' title='bbox 1715 3552 1971 3609; x_wconf 67' lang='lat' dir='ltr'><strong>tristitiae.</strong></span> 
     </span>
    </p>
   </div>
   <div class='ocr_carea' id='block_1_65' title="bbox 136 3635 1645 3721">
    <p class='ocr_par' dir='ltr' id='par_1_65' title="bbox 136 3635 1361 3712">
     <span class='ocr_line' id='line_1_65' title="bbox 136 3635 1361 3712; baseline 0.002 -25"><span class='ocrx_word' id='word_1_428' title='bbox 136 3635 270 3691; x_wconf 75' lang='grc' dir='ltr'>Μισῶ</span> <span class='ocrx_word' id='word_1_429' title='bbox 296 3639 556 3712; x_wconf 71' lang='grc' dir='ltr'>πονηρὸν,</span> <span class='ocrx_word' id='word_1_430' title='bbox 584 3639 826 3712; x_wconf 78' lang='grc' dir='ltr'>χρηστὸν</span> <span class='ocrx_word' id='word_1_431' title='bbox 859 3637 990 3694; x_wconf 74' lang='grc' dir='ltr'>ὅταν</span> <span class='ocrx_word' id='word_1_432' title='bbox 1023 3637 1153 3710; x_wconf 80' lang='grc' dir='ltr'>είπῃ</span> <span class='ocrx_word' id='word_1_433' title='bbox 1183 3637 1361 3706; x_wconf 92' lang='grc' dir='ltr'>λόγον.</span> 
     </span>
    </p>
   </div>
   <div class='ocr_carea' id='block_1_66' title="bbox 1765 3635 3274 3721">
    <p class='ocr_par' dir='ltr' id='par_1_66' title="bbox 1784 3641 3274 3721">
     <span class='ocr_line' id='line_1_66' title="bbox 1784 3641 3274 3721; baseline -0.005 -17"><span class='ocrx_word' id='word_1_434' title='bbox 1784 3646 1883 3704; x_wconf 88' lang='lat' dir='ltr'><strong>Odi</strong></span> <span class='ocrx_word' id='word_1_435' title='bbox 1907 3647 2110 3703; x_wconf 81' lang='lat' dir='ltr'><strong>malum</strong></span> <span class='ocrx_word' id='word_1_436' title='bbox 2141 3644 2365 3718; x_wconf 88' lang='lat' dir='ltr'><strong>quando</strong></span> <span class='ocrx_word' id='word_1_437' title='bbox 2388 3645 2590 3700; x_wconf 89' lang='lat' dir='ltr'><strong>bonum</strong></span> <span class='ocrx_word' id='word_1_438' title='bbox 2615 3657 2928 3700; x_wconf 87' lang='lat' dir='ltr'><strong>sermonem</strong></span> <span class='ocrx_word' id='word_1_439' title='bbox 2960 3641 3117 3699; x_wconf 91' lang='lat' dir='ltr'><strong>dicit.</strong></span> <span class='ocrx_word' id='word_1_440' title='bbox 3270 3716 3274 3721; x_wconf 15' lang='grc' dir='ltr'><strong><em>ἰ</em></strong></span> 
     </span>
    </p>
   </div>
   <div class='ocr_carea' id='block_1_67' title="bbox 137 3724 1646 3810">
    <p class='ocr_par' dir='ltr' id='par_1_67' title="bbox 137 3724 1611 3806">
     <span class='ocr_line' id='line_1_67' title="bbox 137 3724 1611 3806; baseline 0.003 -25"><span class='ocrx_word' id='word_1_441' title='bbox 137 3729 200 3783; x_wconf 78' lang='grc' dir='ltr'><strong>Τὰ</strong></span> <span class='ocrx_word' id='word_1_442' title='bbox 225 3724 328 3787; x_wconf 81' lang='grc' dir='ltr'><strong>ὦτά</strong></span> <span class='ocrx_word' id='word_1_443' title='bbox 371 3751 466 3788; x_wconf 88' lang='grc' dir='ltr'><strong>σου</strong></span> <span class='ocrx_word' id='word_1_444' title='bbox 502 3737 582 3806; x_wconf 83' lang='grc' dir='ltr'>μὴ</span> <span class='ocrx_word' id='word_1_445' title='bbox 632 3734 801 3788; x_wconf 83' lang='grc' dir='ltr'>πᾶσιν</span> <span class='ocrx_word' id='word_1_446' title='bbox 846 3732 1015 3805; x_wconf 74' lang='grc' dir='ltr'>ὕπεχε</span> <span class='ocrx_word' id='word_1_447' title='bbox 1045 3731 1249 3803; x_wconf 88' lang='grc' dir='ltr'>λόγοις.</span> <span class='ocrx_word' id='word_1_448' title='bbox 1292 3732 1468 3802; x_wconf 85' lang='grc' dir='ltr'>Λόγος</span> <span class='ocrx_word' id='word_1_449' title='bbox 1500 3731 1611 3804; x_wconf 81' lang='grc' dir='ltr'>γὰρ</span> 
     </span>
    </p>
   </div>
   <div class='ocr_carea' id='block_1_68' title="bbox 1788 3724 3297 3810">
    <p class='ocr_par' dir='ltr' id='par_1_68' title="bbox 1788 3738 3297 3810">
     <span class='ocr_line' id='line_1_68' title="bbox 1788 3738 3297 3810; baseline 0.003 -18"><span class='ocrx_word' id='word_1_450' title='bbox 1788 3738 1981 3795; x_wconf 73' lang='grc' dir='ltr'>Δυτοσ,</span> <span class='ocrx_word' id='word_1_451' title='bbox 2016 3746 2135 3794; x_wconf 89' lang='lat' dir='ltr'><strong>tuas</strong></span> <span class='ocrx_word' id='word_1_452' title='bbox 2186 3754 2295 3794; x_wconf 89' lang='lat' dir='ltr'><strong>non</strong></span> <span class='ocrx_word' id='word_1_453' title='bbox 2348 3739 2526 3795; x_wconf 84' lang='lat' dir='ltr'><strong>cuivis</strong></span> <span class='ocrx_word' id='word_1_454' title='bbox 2564 3739 2805 3796; x_wconf 79' lang='lat' dir='ltr'><strong>sermoni</strong></span> <span class='ocrx_word' id='word_1_455' title='bbox 2862 3739 3078 3810; x_wconf 68' lang='lat' dir='ltr'><strong>praebe;</strong></span> <span class='ocrx_word' id='word_1_456' title='bbox 3121 3739 3297 3796; x_wconf 87' lang='lat' dir='ltr'><strong>malus</strong></span> 
     </span>
    </p>
   </div>
   <div class='ocr_carea' id='block_1_69' title="bbox 86 3822 1595 3902">
    <p class='ocr_par' dir='ltr' id='par_1_69' title="bbox 86 3822 902 3900">
     <span class='ocr_line' id='line_1_69' title="bbox 86 3822 902 3900; baseline 0.013 -29"><span class='ocrx_word' id='word_1_457' title='bbox 86 3822 212 3886; x_wconf 75' lang='grc' dir='ltr'>κακὸς</span> <span class='ocrx_word' id='word_1_458' title='bbox 239 3826 411 3880; x_wconf 82' lang='grc' dir='ltr'>κακῶν</span> <span class='ocrx_word' id='word_1_459' title='bbox 439 3828 623 3899; x_wconf 74' lang='grc' dir='ltr'>ἔργων</span> <span class='ocrx_word' id='word_1_460' title='bbox 651 3826 902 3900; x_wconf 74' lang='grc' dir='ltr'>ἡγεμών.</span> 
     </span>
    </p>
   </div>
   <div class='ocr_carea' id='block_1_70' title="bbox 1387 3822 2896 3902">
    <p class='ocr_par' dir='ltr' id='par_1_70' title="bbox 1713 3830 2896 3902">
     <span class='ocr_line' id='line_1_70' title="bbox 1713 3830 2896 3902; baseline 0.002 -15"><span class='ocrx_word' id='word_1_461' title='bbox 1713 3830 1859 3887; x_wconf 85' lang='lat' dir='ltr'><strong>enim</strong></span> <span class='ocrx_word' id='word_1_462' title='bbox 1884 3845 2069 3887; x_wconf 89' lang='lat' dir='ltr'><strong>sermo</strong></span> <span class='ocrx_word' id='word_1_463' title='bbox 2090 3830 2358 3886; x_wconf 88' lang='lat' dir='ltr'><strong>malorum</strong></span> <span class='ocrx_word' id='word_1_464' title='bbox 2384 3846 2610 3902; x_wconf 89' lang='lat' dir='ltr'><strong>operum</strong></span> <span class='ocrx_word' id='word_1_465' title='bbox 2639 3833 2750 3888; x_wconf 78' lang='lat' dir='ltr'><strong>dux</strong></span> <span class='ocrx_word' id='word_1_466' title='bbox 2793 3841 2896 3890; x_wconf 89' lang='lat' dir='ltr'><strong>est.</strong></span> 
     </span>
    </p>
   </div>
   <div class='ocr_carea' id='block_1_71' title="bbox 134 3909 1643 3995">
    <p class='ocr_par' dir='ltr' id='par_1_71' title="bbox 134 3909 1612 3991">
     <span class='ocr_line' id='line_1_71' title="bbox 134 3909 1612 3991; baseline 0.003 -26"><span class='ocrx_word' id='word_1_467' title='bbox 134 3912 251 3969; x_wconf 86' lang='grc' dir='ltr'>Ἴσον</span> <span class='ocrx_word' id='word_1_468' title='bbox 292 3917 466 3972; x_wconf 76' lang='grc' dir='ltr'>ἐκεῖνο</span> <span class='ocrx_word' id='word_1_469' title='bbox 497 3918 636 3991; x_wconf 85' lang='grc' dir='ltr'>παρ’</span> <span class='ocrx_word' id='word_1_470' title='bbox 676 3920 803 3988; x_wconf 74' lang='grc' dir='ltr'>ἐμοὶ</span> <span class='ocrx_word' id='word_1_471' title='bbox 834 3920 1108 3991; x_wconf 76' lang='grc' dir='ltr'>κέκριται,</span> <span class='ocrx_word' id='word_1_472' title='bbox 1140 3916 1390 3972; x_wconf 79' lang='grc' dir='ltr'>ιοοονέειν</span> <span class='ocrx_word' id='word_1_473' title='bbox 1419 3933 1480 3970; x_wconf 86' lang='grc' dir='ltr'><strong>τε</strong></span> <span class='ocrx_word' id='word_1_474' title='bbox 1525 3909 1612 3983; x_wconf 84' lang='grc' dir='ltr'>εὖ,</span> 
     </span>
    </p>
   </div>
   <div class='ocr_carea' id='block_1_72' title="bbox 1786 3909 3295 3995">
    <p class='ocr_par' dir='ltr' id='par_1_72' title="bbox 1786 3919 3295 3995">
     <span class='ocr_line' id='line_1_72' title="bbox 1786 3919 3295 3995; baseline 0.001 -21"><span class='ocrx_word' id='word_1_475' title='bbox 1786 3919 2065 3977; x_wconf 81' lang='lat' dir='ltr'><strong>Herodoti.</strong></span> <span class='ocrx_word' id='word_1_476' title='bbox 2118 3920 2353 3994; x_wconf 64' lang='lat' dir='ltr'><strong>Equale</strong></span> <span class='ocrx_word' id='word_1_477' title='bbox 2391 3923 2497 3980; x_wconf 89' lang='lat' dir='ltr'><strong>hoc</strong></span> <span class='ocrx_word' id='word_1_478' title='bbox 2550 3924 2693 3995; x_wconf 90' lang='lat' dir='ltr'><strong>apud</strong></span> <span class='ocrx_word' id='word_1_479' title='bbox 2742 3939 2828 3979; x_wconf 92' lang='lat' dir='ltr'><strong>me</strong></span> <span class='ocrx_word' id='word_1_480' title='bbox 2863 3923 3162 3995; x_wconf 77' lang='lat' dir='ltr'><strong>iudicatur,</strong></span> <span class='ocrx_word' id='word_1_481' title='bbox 3182 3931 3295 3978; x_wconf 87' lang='lat' dir='ltr'><strong>tum</strong></span> 
     </span>
    </p>
   </div>
   <div class='ocr_carea' id='block_1_73' title="bbox 83 4005 1592 4085">
    <p class='ocr_par' dir='ltr' id='par_1_73' title="bbox 83 4005 1055 4083">
     <span class='ocr_line' id='line_1_73' title="bbox 83 4005 1055 4083; baseline 0.01 -28"><span class='ocrx_word' id='word_1_482' title='bbox 83 4005 154 4057; x_wconf 80' lang='grc' dir='ltr'>καὶ</span> <span class='ocrx_word' id='word_1_483' title='bbox 176 4007 243 4079; x_wconf 79' lang='grc' dir='ltr'>τῷ</span> <span class='ocrx_word' id='word_1_484' title='bbox 265 4010 466 4080; x_wconf 78' lang='grc' dir='ltr'>λέγοντι</span> <span class='ocrx_word' id='word_1_485' title='bbox 498 4012 722 4083; x_wconf 76' lang='grc' dir='ltr'>χρηστὰ</span> <span class='ocrx_word' id='word_1_486' title='bbox 747 4011 1055 4065; x_wconf 83' lang='grc' dir='ltr'>πείθεσθαι.</span> 
     </span>
    </p>
   </div>
   <div class='ocr_carea' id='block_1_74' title="bbox 1574 4005 3083 4085">
    <p class='ocr_par' dir='ltr' id='par_1_74' title="bbox 1712 4012 3083 4085">
     <span class='ocr_line' id='line_1_74' title="bbox 1712 4012 3083 4085; baseline 0.001 -16"><span class='ocrx_word' id='word_1_487' title='bbox 1712 4012 1853 4070; x_wconf 87' lang='lat' dir='ltr'><strong>bene</strong></span> <span class='ocrx_word' id='word_1_488' title='bbox 1877 4030 2091 4084; x_wconf 87' lang='lat' dir='ltr'><strong>sapere,</strong></span> <span class='ocrx_word' id='word_1_489' title='bbox 2119 4024 2231 4071; x_wconf 88' lang='lat' dir='ltr'><strong>tum</strong></span> <span class='ocrx_word' id='word_1_490' title='bbox 2265 4019 2408 4072; x_wconf 85' lang='lat' dir='ltr'><strong>bona</strong></span> <span class='ocrx_word' id='word_1_491' title='bbox 2446 4016 2650 4073; x_wconf 90' lang='lat' dir='ltr'><strong>dicenti</strong></span> <span class='ocrx_word' id='word_1_492' title='bbox 2679 4018 3083 4085; x_wconf 85' lang='lat' dir='ltr'><strong>obtemperare.</strong></span> 
     </span>
    </p>
   </div>
   <div class='ocr_carea' id='block_1_75' title="bbox 139 4100 1648 4178">
    <p class='ocr_par' dir='ltr' id='par_1_75' title="bbox 139 4100 1614 4175">
     <span class='ocr_line' id='line_1_75' title="bbox 139 4100 1614 4175; baseline 0.003 -22"><span class='ocrx_word' id='word_1_493' title='bbox 139 4100 478 4174; x_wconf 74' lang='grc' dir='ltr'>Αἱρετὼτερόν</span> <span class='ocrx_word' id='word_1_494' title='bbox 504 4121 593 4158; x_wconf 90' lang='grc' dir='ltr'><strong>σοι</strong></span> <span class='ocrx_word' id='word_1_495' title='bbox 620 4103 766 4159; x_wconf 72' lang='grc' dir='ltr'>ἔστω</span> <span class='ocrx_word' id='word_1_496' title='bbox 813 4104 963 4158; x_wconf 83' lang='grc' dir='ltr'>λίθον</span> <span class='ocrx_word' id='word_1_497' title='bbox 993 4103 1114 4174; x_wconf 80' lang='grc' dir='ltr'>είκῆ</span> <span class='ocrx_word' id='word_1_498' title='bbox 1159 4100 1345 4174; x_wconf 79' lang='grc' dir='ltr'>βαλεῖν</span> <span class='ocrx_word' id='word_1_499' title='bbox 1376 4102 1410 4175; x_wconf 76' lang='grc' dir='ltr'><strong>ἦ</strong></span> <span class='ocrx_word' id='word_1_500' title='bbox 1443 4101 1614 4174; x_wconf 79' lang='grc' dir='ltr'>ἀργὸν</span> 
     </span>
    </p>
   </div>
   <div class='ocr_carea' id='block_1_76' title="bbox 1789 4100 3298 4178">
    <p class='ocr_par' dir='ltr' id='par_1_76' title="bbox 1792 4102 3298 4178">
     <span class='ocr_line' id='line_1_76' title="bbox 1792 4102 3298 4178; baseline 0.003 -21"><span class='ocrx_word' id='word_1_501' title='bbox 1792 4102 2134 4177; x_wconf 62' lang='lat' dir='ltr'><strong>Pythagoran</strong></span> <span class='ocrx_word' id='word_1_502' title='bbox 2168 4105 2429 4176; x_wconf 83' lang='lat' dir='ltr'><strong>Lapidem</strong></span> <span class='ocrx_word' id='word_1_503' title='bbox 2460 4108 2645 4177; x_wconf 90' lang='lat' dir='ltr'><strong>potius</strong></span> <span class='ocrx_word' id='word_1_504' title='bbox 2670 4115 2878 4164; x_wconf 86' lang='lat' dir='ltr'><strong>temere</strong></span> <span class='ocrx_word' id='word_1_505' title='bbox 2910 4107 3176 4178; x_wconf 83' lang='lat' dir='ltr'><strong>projicere</strong></span> <span class='ocrx_word' id='word_1_506' title='bbox 3204 4105 3298 4162; x_wconf 83' lang='lat' dir='ltr'><strong>dc-</strong></span> 
     </span>
    </p>
   </div>
   <div class='ocr_carea' id='block_1_77' title="bbox 81 4191 1590 4268">
    <p class='ocr_par' dir='ltr' id='par_1_77' title="bbox 81 4191 220 4259">
     <span class='ocr_line' id='line_1_77' title="bbox 81 4191 220 4259; baseline 0.029 -15"><span class='ocrx_word' id='word_1_507' title='bbox 81 4191 220 4259; x_wconf 79' lang='grc' dir='ltr'>λόγον.</span> 
     </span>
    </p>
   </div>
   <div class='ocr_carea' id='block_1_78' title="bbox 1170 4191 2679 4268">
    <p class='ocr_par' dir='ltr' id='par_1_78' title="bbox 1713 4199 2679 4268">
     <span class='ocr_line' id='line_1_78' title="bbox 1713 4199 2679 4268; baseline -0.003 -11"><span class='ocrx_word' id='word_1_508' title='bbox 1713 4199 1832 4265; x_wconf 83' lang='lat' dir='ltr'><strong>bes,</strong></span> <span class='ocrx_word' id='word_1_509' title='bbox 1863 4212 2027 4268; x_wconf 88' lang='lat' dir='ltr'><strong>quam</strong></span> <span class='ocrx_word' id='word_1_510' title='bbox 2070 4199 2308 4253; x_wconf 78' lang='lat' dir='ltr'><strong>otiosum</strong></span> <span class='ocrx_word' id='word_1_511' title='bbox 2342 4212 2679 4255; x_wconf 88' lang='lat' dir='ltr'><strong>sermonem.</strong></span> 
     </span>
    </p>
   </div>
   <div class='ocr_carea' id='block_1_79' title="bbox 140 4286 1649 4364">
    <p class='ocr_par' dir='ltr' id='par_1_79' title="bbox 140 4288 1610 4364">
     <span class='ocr_line' id='line_1_79' title="bbox 140 4288 1610 4364; baseline 0.002 -24"><span class='ocrx_word' id='word_1_512' title='bbox 140 4289 418 4362; x_wconf 80' lang='grc' dir='ltr'>οἰνοπίδης,</span> <span class='ocrx_word' id='word_1_513' title='bbox 468 4292 637 4348; x_wconf 85' lang='grc' dir='ltr'>ὁποία</span> <span class='ocrx_word' id='word_1_514' title='bbox 693 4293 729 4364; x_wconf 79' lang='grc' dir='ltr'><strong>ἡ</strong></span> <span class='ocrx_word' id='word_1_515' title='bbox 791 4293 956 4363; x_wconf 81' lang='grc' dir='ltr'>φύσις</span> <span class='ocrx_word' id='word_1_516' title='bbox 986 4293 1082 4348; x_wconf 83' lang='grc' dir='ltr'><strong>τοῦ</strong></span> <span class='ocrx_word' id='word_1_517' title='bbox 1133 4290 1425 4363; x_wconf 80' lang='grc' dir='ltr'>ἀνθρώπου</span> <span class='ocrx_word' id='word_1_518' title='bbox 1473 4288 1610 4357; x_wconf 66' lang='grc' dir='ltr'>ἐστὶ,</span> 
     </span>
    </p>
   </div>
   <div class='ocr_carea' id='block_1_80' title="bbox 1782 4286 3291 4364">
    <p class='ocr_par' dir='ltr' id='par_1_80' title="bbox 1785 4286 3291 4358">
     <span class='ocr_line' id='line_1_80' title="bbox 1785 4286 3291 4358; baseline 0.003 -16"><span class='ocrx_word' id='word_1_519' title='bbox 1785 4286 2102 4358; x_wconf 68' lang='lat' dir='ltr'><strong>ocnopwn.</strong></span> <span class='ocrx_word' id='word_1_520' title='bbox 2151 4287 2466 4354; x_wconf 88' lang='lat' dir='ltr'><strong>OEnopides</strong></span> <span class='ocrx_word' id='word_1_521' title='bbox 2516 4289 2676 4344; x_wconf 83' lang='lat' dir='ltr'><strong>talem</strong></span> <span class='ocrx_word' id='word_1_522' title='bbox 2719 4288 2934 4346; x_wconf 85' lang='lat' dir='ltr'><strong>dicebat</strong></span> <span class='ocrx_word' id='word_1_523' title='bbox 2984 4304 3291 4347; x_wconf 87' lang='lat' dir='ltr'><strong>sermonem</strong></span> 
     </span>
    </p>
   </div>
   <div class='ocr_carea' id='block_1_81' title="bbox 79 4378 1588 4452">
    <p class='ocr_par' dir='ltr' id='par_1_81' title="bbox 79 4378 1165 4452">
     <span class='ocr_line' id='line_1_81' title="bbox 79 4378 1165 4452; baseline 0.011 -26"><span class='ocrx_word' id='word_1_524' title='bbox 79 4378 272 4432; x_wconf 73' lang='grc' dir='ltr'>τοιοῦτον</span> <span class='ocrx_word' id='word_1_525' title='bbox 298 4381 538 4451; x_wconf 78' lang='grc' dir='ltr'>Εφασκεν</span> <span class='ocrx_word' id='word_1_526' title='bbox 565 4379 712 4436; x_wconf 70' lang='grc' dir='ltr'>εἶναι</span> <span class='ocrx_word' id='word_1_527' title='bbox 740 4387 837 4436; x_wconf 80' lang='grc' dir='ltr'>καὶ</span> <span class='ocrx_word' id='word_1_528' title='bbox 859 4384 954 4437; x_wconf 76' lang='grc' dir='ltr'>τὸν</span> <span class='ocrx_word' id='word_1_529' title='bbox 980 4383 1165 4452; x_wconf 88' lang='grc' dir='ltr'>λόγον.</span> 
     </span>
    </p>
   </div>
   <div class='ocr_carea' id='block_1_82' title="bbox 1407 4378 2916 4452">
    <p class='ocr_par' dir='ltr' id='par_1_82' title="bbox 1713 4378 2916 4451">
     <span class='ocr_line' id='line_1_82' title="bbox 1713 4378 2916 4451; baseline 0.001 -15"><span class='ocrx_word' id='word_1_530' title='bbox 1713 4392 1836 4449; x_wconf 84' lang='lat' dir='ltr'><strong>esse</strong></span> <span class='ocrx_word' id='word_1_531' title='bbox 1875 4378 2135 4448; x_wconf 88' lang='lat' dir='ltr'><strong>hominis,</strong></span> <span class='ocrx_word' id='word_1_532' title='bbox 2161 4379 2342 4451; x_wconf 88' lang='lat' dir='ltr'><strong>qualis</strong></span> <span class='ocrx_word' id='word_1_533' title='bbox 2370 4379 2490 4449; x_wconf 84' lang='lat' dir='ltr'><strong>ejus</strong></span> <span class='ocrx_word' id='word_1_534' title='bbox 2522 4390 2718 4436; x_wconf 83' lang='lat' dir='ltr'><strong>natura</strong></span> <span class='ocrx_word' id='word_1_535' title='bbox 2751 4390 2916 4439; x_wconf 74' lang='lat' dir='ltr'><strong>esset.</strong></span> 
     </span>
    </p>
   </div>
   <div class='ocr_carea' id='block_1_83' title="bbox 135 4469 1644 4546">
    <p class='ocr_par' dir='ltr' id='par_1_83' title="bbox 135 4470 1611 4546">
     <span class='ocr_line' id='line_1_83' title="bbox 135 4470 1611 4546; baseline 0.001 -22"><span class='ocrx_word' id='word_1_536' title='bbox 135 4471 380 4544; x_wconf 80' lang='grc' dir='ltr'>Ῥωμύλος</span> <span class='ocrx_word' id='word_1_537' title='bbox 406 4476 502 4530; x_wconf 80' lang='grc' dir='ltr'>τὸν</span> <span class='ocrx_word' id='word_1_538' title='bbox 534 4477 640 4546; x_wconf 78' lang='grc' dir='ltr'>μὲν</span> <span class='ocrx_word' id='word_1_539' title='bbox 673 4475 916 4545; x_wconf 82' lang='grc' dir='ltr'>κέραμον</span> <span class='ocrx_word' id='word_1_540' title='bbox 944 4477 1010 4528; x_wconf 84' lang='grc' dir='ltr'>ἐκ</span> <span class='ocrx_word' id='word_1_541' title='bbox 1046 4472 1140 4528; x_wconf 83' lang='grc' dir='ltr'>τοῦ</span> <span class='ocrx_word' id='word_1_542' title='bbox 1170 4472 1340 4526; x_wconf 82' lang='grc' dir='ltr'>κόπου</span> <span class='ocrx_word' id='word_1_543' title='bbox 1382 4474 1490 4544; x_wconf 77' lang='grc' dir='ltr'><strong>ἔφη</strong></span> <span class='ocrx_word' id='word_1_544' title='bbox 1521 4470 1611 4526; x_wconf 83' lang='grc' dir='ltr'><strong>δο-</strong></span> 
     </span>
    </p>
   </div>
   <div class='ocr_carea' id='block_1_84' title="bbox 1786 4469 3295 4546">
    <p class='ocr_par' dir='ltr' id='par_1_84' title="bbox 1786 4469 3295 4544">
     <span class='ocr_line' id='line_1_84' title="bbox 1786 4469 3295 4544; baseline 0.004 -20"><span class='ocrx_word' id='word_1_545' title='bbox 1786 4469 2014 4542; x_wconf 81' lang='lat' dir='ltr'><strong>Romyli.</strong></span> <span class='ocrx_word' id='word_1_546' title='bbox 2073 4470 2335 4544; x_wconf 82' lang='lat' dir='ltr'><strong>Romylus</strong></span> <span class='ocrx_word' id='word_1_547' title='bbox 2385 4486 2482 4529; x_wconf 79' lang='lat' dir='ltr'><strong>vas</strong></span> <span class='ocrx_word' id='word_1_548' title='bbox 2532 4472 2696 4529; x_wconf 87' lang='lat' dir='ltr'><strong>ﬁctile</strong></span> <span class='ocrx_word' id='word_1_549' title='bbox 2746 4473 2855 4530; x_wconf 88' lang='lat' dir='ltr'><strong>ictu</strong></span> <span class='ocrx_word' id='word_1_550' title='bbox 2898 4480 2952 4529; x_wconf 89' lang='lat' dir='ltr'><strong>et</strong></span> <span class='ocrx_word' id='word_1_551' title='bbox 2989 4487 3146 4539; x_wconf 83' lang='lat' dir='ltr'><strong>sono,</strong></span> <span class='ocrx_word' id='word_1_552' title='bbox 3196 4473 3295 4530; x_wconf 88' lang='lat' dir='ltr'><strong>ho-</strong></span> 
     </span>
    </p>
   </div>
   <div class='ocr_carea' id='block_1_85' title="bbox 78 4564 1587 4639">
    <p class='ocr_par' dir='ltr' id='par_1_85' title="bbox 78 4564 1351 4639">
     <span class='ocr_line' id='line_1_85' title="bbox 78 4564 1351 4639; baseline 0.003 -20"><span class='ocrx_word' id='word_1_553' title='bbox 78 4564 380 4635; x_wconf 77' lang='grc' dir='ltr'>ιιμάζεσθαι,</span> <span class='ocrx_word' id='word_1_554' title='bbox 405 4570 501 4624; x_wconf 83' lang='grc' dir='ltr'>τδν</span> <span class='ocrx_word' id='word_1_555' title='bbox 531 4569 594 4624; x_wconf 76' lang='grc' dir='ltr'><strong>δὲ</strong></span> <span class='ocrx_word' id='word_1_556' title='bbox 623 4568 915 4639; x_wconf 80' lang='grc' dir='ltr'>ἄνθρωπον</span> <span class='ocrx_word' id='word_1_557' title='bbox 944 4567 1010 4621; x_wconf 79' lang='grc' dir='ltr'>ὲκ</span> <span class='ocrx_word' id='word_1_558' title='bbox 1037 4565 1132 4620; x_wconf 81' lang='grc' dir='ltr'><strong>τοῦ</strong></span> <span class='ocrx_word' id='word_1_559' title='bbox 1166 4566 1351 4635; x_wconf 86' lang='grc' dir='ltr'>λόγου.</span> 
     </span>
    </p>
   </div>
   <div class='ocr_carea' id='block_1_86' title="bbox 1196 4564 2705 4639">
    <p class='ocr_par' dir='ltr' id='par_1_86' title="bbox 1198 4565 2705 4637">
     <span class='ocr_line' id='line_1_86' title="bbox 1198 4565 2705 4637; baseline 0.001 -18"><span class='ocrx_word' id='word_1_560' title='bbox 1198 4566 1351 4635; x_wconf 88' lang='grc' dir='ltr'>όγου.</span> <span class='ocrx_word' id='word_1_561' title='bbox 1638 4573 1689 4635; x_wconf 76' lang='grc' dir='ltr'>ι)</span> <span class='ocrx_word' id='word_1_562' title='bbox 1717 4565 1917 4620; x_wconf 90' lang='lat' dir='ltr'><strong>minem</strong></span> <span class='ocrx_word' id='word_1_563' title='bbox 1949 4579 2202 4622; x_wconf 83' lang='lat' dir='ltr'><strong>sermone</strong></span> <span class='ocrx_word' id='word_1_564' title='bbox 2228 4565 2444 4637; x_wconf 87' lang='lat' dir='ltr'><strong>probari</strong></span> <span class='ocrx_word' id='word_1_565' title='bbox 2470 4565 2705 4622; x_wconf 86' lang='lat' dir='ltr'><strong>dicebat.</strong></span> 
     </span>
    </p>
   </div>
   <div class='ocr_carea' id='block_1_87' title="bbox 141 4653 1650 4731">
    <p class='ocr_par' dir='ltr' id='par_1_87' title="bbox 141 4653 1309 4731">
     <span class='ocr_line' id='line_1_87' title="bbox 141 4653 1309 4731; baseline 0.001 -21"><span class='ocrx_word' id='word_1_566' title='bbox 141 4653 330 4727; x_wconf 64' lang='grc' dir='ltr'>Ἀνδρος</span> <span class='ocrx_word' id='word_1_567' title='bbox 358 4659 656 4731; x_wconf 76' lang='grc' dir='ltr'>χαρακτὴρ</span> <span class='ocrx_word' id='word_1_568' title='bbox 682 4660 744 4713; x_wconf 79' lang='grc' dir='ltr'>ὲκ</span> <span class='ocrx_word' id='word_1_569' title='bbox 767 4658 929 4727; x_wconf 85' lang='grc' dir='ltr'>λόγου</span> <span class='ocrx_word' id='word_1_570' title='bbox 957 4656 1309 4727; x_wconf 69' lang='grc' dir='ltr'>γνωρίζεται.</span> 
     </span>
    </p>
   </div>
   <div class='ocr_carea' id='block_1_88' title="bbox 1463 4653 2972 4731">
    <p class='ocr_par' dir='ltr' id='par_1_88' title="bbox 1789 4658 2972 4730">
     <span class='ocr_line' id='line_1_88' title="bbox 1789 4658 2972 4730; baseline 0.003 -15"><span class='ocrx_word' id='word_1_571' title='bbox 1789 4658 1906 4715; x_wconf 80' lang='lat' dir='ltr'><strong>Viri</strong></span> <span class='ocrx_word' id='word_1_572' title='bbox 1937 4659 2225 4717; x_wconf 85' lang='lat' dir='ltr'><strong>character</strong></span> <span class='ocrx_word' id='word_1_573' title='bbox 2249 4676 2317 4717; x_wconf 75' lang='lat' dir='ltr'><strong>ex</strong></span> <span class='ocrx_word' id='word_1_574' title='bbox 2340 4662 2526 4717; x_wconf 80' lang='lat' dir='ltr'><strong>verbis</strong></span> <span class='ocrx_word' id='word_1_575' title='bbox 2553 4660 2672 4730; x_wconf 87' lang='lat' dir='ltr'><strong>ejus</strong></span> <span class='ocrx_word' id='word_1_576' title='bbox 2707 4660 2972 4718; x_wconf 91' lang='lat' dir='ltr'><strong>noscitur.</strong></span> 
     </span>
    </p>
   </div>
   <div class='ocr_carea' id='block_1_89' title="bbox 126 4745 1635 4827">
    <p class='ocr_par' dir='ltr' id='par_1_89' title="bbox 126 4745 1363 4825">
     <span class='ocr_line' id='line_1_89' title="bbox 126 4745 1363 4825; baseline 0.006 -26"><span class='ocrx_word' id='word_1_577' title='bbox 126 4745 190 4800; x_wconf 77' lang='grc' dir='ltr'>οὐ</span> <span class='ocrx_word' id='word_1_578' title='bbox 218 4750 417 4805; x_wconf 82' lang='grc' dir='ltr'>πώποτ’</span> <span class='ocrx_word' id='word_1_579' title='bbox 449 4751 626 4825; x_wconf 75' lang='grc' dir='ltr'>εργου</span> <span class='ocrx_word' id='word_1_580' title='bbox 660 4751 863 4823; x_wconf 83' lang='grc' dir='ltr'>μᾶλλον</span> <span class='ocrx_word' id='word_1_581' title='bbox 893 4748 1121 4819; x_wconf 80' lang='grc' dir='ltr'>εἱλόμην</span> <span class='ocrx_word' id='word_1_582' title='bbox 1146 4748 1363 4818; x_wconf 84' lang='grc' dir='ltr'>λόγους.</span> 
     </span>
    </p>
   </div>
   <div class='ocr_carea' id='block_1_90' title="bbox 1792 4745 3301 4827">
    <p class='ocr_par' dir='ltr' id='par_1_90' title="bbox 1792 4751 3301 4827">
     <span class='ocr_line' id='line_1_90' title="bbox 1792 4751 3301 4827; baseline 0.003 -20"><span class='ocrx_word' id='word_1_583' title='bbox 1792 4751 2083 4825; x_wconf 80' lang='lat' dir='ltr'><strong>Nunquam</strong></span> <span class='ocrx_word' id='word_1_584' title='bbox 2133 4754 2297 4810; x_wconf 79' lang='lat' dir='ltr'><strong>verba</strong></span> <span class='ocrx_word' id='word_1_585' title='bbox 2354 4755 2536 4825; x_wconf 79' lang='lat' dir='ltr'><strong>potius</strong></span> <span class='ocrx_word' id='word_1_586' title='bbox 2593 4769 2759 4826; x_wconf 88' lang='lat' dir='ltr'><strong>quam</strong></span> <span class='ocrx_word' id='word_1_587' title='bbox 2804 4769 2919 4811; x_wconf 90' lang='lat' dir='ltr'><strong>rem</strong></span> <span class='ocrx_word' id='word_1_588' title='bbox 2970 4754 3143 4827; x_wconf 80' lang='lat' dir='ltr'><strong>ipsam</strong></span> <span class='ocrx_word' id='word_1_589' title='bbox 3174 4768 3301 4827; x_wconf 86' lang='lat' dir='ltr'><strong>pro-</strong></span> 
     </span>
    </p>
   </div>
   <div class='ocr_carea' id='block_1_91' title="bbox 1721 4844 2755 4901">
    <p class='ocr_par' dir='ltr' id='par_1_91' title="bbox 1721 4844 2755 4901">
     <span class='ocr_line' id='line_1_91' title="bbox 1721 4844 2755 4901; baseline -0.001 0"><span class='ocrx_word' id='word_1_590' title='bbox 1721 4844 1867 4901; x_wconf 81' lang='lat' dir='ltr'><strong>bavi.</strong></span> <span class='ocrx_word' id='word_1_591' title='bbox 2748 4864 2755 4865; x_wconf 48' lang='grc' dir='ltr'>ί</span> 
     </span>
    </p>
   </div>
   <div class='ocr_carea' id='block_1_92' title="bbox 626 4973 2135 5055">
    <p class='ocr_par' dir='ltr' id='par_1_92' title="bbox 626 4973 1016 5029">
     <span class='ocr_line' id='line_1_92' title="bbox 626 4973 1016 5029; baseline -0.003 0"><span class='ocrx_word' id='word_1_592' title='bbox 626 4973 848 5029; x_wconf 81' lang='grc' dir='ltr'><strong>ΛΟΓΟΣ</strong></span> <span class='ocrx_word' id='word_1_593' title='bbox 883 4974 1016 5028; x_wconf 77' lang='lat' dir='ltr'><strong>MO‘.</strong></span> 
     </span>
    </p>
   </div>
   <div class='ocr_carea' id='block_1_93' title="bbox 1359 4973 2868 5055">
    <p class='ocr_par' dir='ltr' id='par_1_93' title="bbox 2182 4980 2868 5055">
     <span class='ocr_line' id='line_1_93' title="bbox 2182 4980 2868 5055; baseline -0.001 -18"><span class='ocrx_word' id='word_1_594' title='bbox 2182 4980 2415 5039; x_wconf 63' lang='grc' dir='ltr'>διεπιΜο</span> <span class='ocrx_word' id='word_1_595' title='bbox 2447 4981 2618 5038; x_wconf 78' lang='lat' dir='ltr'><strong>xux</strong></span> <span class='ocrx_word' id='word_1_596' title='bbox 2645 4982 2747 5055; x_wconf 79' lang='grc' dir='ltr'>[ιιι.</span> <span class='ocrx_word' id='word_1_597' title='bbox 2775 4981 2817 5038; x_wconf 83' lang='grc' dir='ltr'><strong>ι.</strong></span> <span class='ocrx_word' id='word_1_598' title='bbox 2824 4981 2868 5055; x_wconf 66' lang='lat'><strong>1.</strong></span> 
     </span>
    </p>
   </div>
   <div class='ocr_carea' id='block_1_94' title="bbox 561 5090 2070 5160">
    <p class='ocr_par' dir='ltr' id='par_1_94' title="bbox 561 5090 1085 5160">
     <span class='ocr_line' id='line_1_94' title="bbox 561 5090 1085 5160; baseline -0.002 -15"><span class='ocrx_word' id='word_1_599' title='bbox 561 5090 705 5160; x_wconf 73' lang='grc' dir='ltr'>Περὶ</span> <span class='ocrx_word' id='word_1_600' title='bbox 738 5090 1085 5158; x_wconf 77' lang='grc' dir='ltr'>νουθεσίας.</span> 
     </span>
    </p>
   </div>
   <div class='ocr_carea' id='block_1_95' title="bbox 1259 5090 2768 5160">
    <p class='ocr_par' dir='ltr' id='par_1_95' title="bbox 2271 5096 2768 5154">
     <span class='ocr_line' id='line_1_95' title="bbox 2271 5096 2768 5154; baseline 0.004 -4"><span class='ocrx_word' id='word_1_601' title='bbox 2271 5096 2351 5151; x_wconf 80' lang='lat' dir='ltr'><strong>De</strong></span> <span class='ocrx_word' id='word_1_602' title='bbox 2386 5096 2768 5154; x_wconf 81' lang='lat' dir='ltr'><strong>admonitione.</strong></span> 
     </span>
    </p>
   </div>
   <div class='ocr_carea' id='block_1_96' title="bbox 132 5196 1641 5280">
    <p class='ocr_par' dir='ltr' id='par_1_96' title="bbox 132 5196 1614 5278">
     <span class='ocr_line' id='line_1_96' title="bbox 132 5196 1614 5278; baseline 0.006 -28"><span class='ocrx_word' id='word_1_603' title='bbox 132 5196 214 5252; x_wconf 65' lang='lat' dir='ltr'><strong>16h</strong></span> <span class='ocrx_word' id='word_1_604' title='bbox 237 5201 392 5274; x_wconf 71' lang='grc' dir='ltr'>ὑγιὴς</span> <span class='ocrx_word' id='word_1_605' title='bbox 421 5203 696 5275; x_wconf 77' lang='grc' dir='ltr'>γέγονας,</span> <span class='ocrx_word' id='word_1_606' title='bbox 718 5204 921 5278; x_wconf 78' lang='grc' dir='ltr'>μηκέτι</span> <span class='ocrx_word' id='word_1_607' title='bbox 946 5204 1256 5278; x_wconf 81' lang='grc' dir='ltr'>ἁμάρτανε.</span> <span class='ocrx_word' id='word_1_608' title='bbox 1284 5204 1374 5262; x_wconf 79' lang='grc' dir='ltr'>ἵνα</span> <span class='ocrx_word' id='word_1_609' title='bbox 1404 5204 1481 5277; x_wconf 77' lang='grc' dir='ltr'>μὴ</span> <span class='ocrx_word' id='word_1_610' title='bbox 1503 5206 1614 5277; x_wconf 84' lang='grc' dir='ltr'>χεῖ-</span> 
     </span>
    </p>
   </div>
   <div class='ocr_carea' id='block_1_97' title="bbox 1791 5196 3300 5280">
    <p class='ocr_par' dir='ltr' id='par_1_97' title="bbox 1791 5206 3300 5280">
     <span class='ocr_line' id='line_1_97' title="bbox 1791 5206 3300 5280; baseline 0.002 -17"><span class='ocrx_word' id='word_1_611' title='bbox 1791 5208 1952 5263; x_wconf 83' lang='lat' dir='ltr'><strong>Joan.</strong></span> <span class='ocrx_word' id='word_1_612' title='bbox 2006 5222 2062 5265; x_wconf 78' lang='grc' dir='ltr'><strong>ν.</strong></span> <span class='ocrx_word' id='word_1_613' title='bbox 2108 5206 2248 5265; x_wconf 89' lang='lat' dir='ltr'><strong>Ecce</strong></span> <span class='ocrx_word' id='word_1_614' title='bbox 2295 5214 2522 5265; x_wconf 89' lang='lat' dir='ltr'><strong>sanatus</strong></span> <span class='ocrx_word' id='word_1_615' title='bbox 2570 5220 2668 5275; x_wconf 88' lang='lat' dir='ltr'><strong>es,</strong></span> <span class='ocrx_word' id='word_1_616' title='bbox 2736 5206 2848 5264; x_wconf 91' lang='lat' dir='ltr'><strong>noli</strong></span> <span class='ocrx_word' id='word_1_617' title='bbox 2903 5207 3136 5279; x_wconf 84' lang='lat' dir='ltr'><strong>amplius</strong></span> <span class='ocrx_word' id='word_1_618' title='bbox 3176 5222 3300 5280; x_wconf 87' lang='lat' dir='ltr'><strong>pec-</strong></span> 
     </span>
    </p>
   </div>
   <div class='ocr_carea' id='block_1_98' title="bbox 71 5287 1580 5366">
    <p class='ocr_par' dir='ltr' id='par_1_98' title="bbox 71 5287 589 5366">
     <span class='ocr_line' id='line_1_98' title="bbox 71 5287 589 5366; baseline 0.023 -24"><span class='ocrx_word' id='word_1_619' title='bbox 71 5287 139 5356; x_wconf 77' lang='grc' dir='ltr'><strong>ρόν</strong></span> <span class='ocrx_word' id='word_1_620' title='bbox 160 5293 205 5344; x_wconf 84' lang='grc' dir='ltr'><strong>τί</strong></span> <span class='ocrx_word' id='word_1_621' title='bbox 231 5311 309 5349; x_wconf 91' lang='grc' dir='ltr'><strong>σοι</strong></span> <span class='ocrx_word' id='word_1_622' title='bbox 341 5298 589 5366; x_wconf 69' lang='grc' dir='ltr'>γένοιτο.</span> 
     </span>
    </p>
   </div>
   <div class='ocr_carea' id='block_1_99' title="bbox 1489 5287 2998 5366">
    <p class='ocr_par' dir='ltr' id='par_1_99' title="bbox 1720 5315 2998 5356">
     <span class='ocr_line' id='line_1_99' title="bbox 1720 5315 2998 5356; baseline -0.001 0"><span class='ocrx_word' id='word_1_623' title='bbox 1720 5315 1866 5356; x_wconf 84' lang='lat' dir='ltr'><strong>care.</strong></span> <span class='ocrx_word' id='word_1_624' title='bbox 2566 5326 2573 5334; x_wconf 83' lang='lat'><strong>‘</strong></span> <span class='ocrx_word' id='word_1_625' title='bbox 2994 5324 2998 5331; x_wconf 85' lang='lat'><strong>‘</strong></span> 
     </span>
    </p>
   </div>
   <div class='ocr_carea' id='block_1_100' title="bbox 121 5379 1630 5462">
    <p class='ocr_par' dir='ltr' id='par_1_100' title="bbox 121 5379 1615 5459">
     <span class='ocr_line' id='line_1_100' title="bbox 121 5379 1615 5459; baseline 0.005 -27"><span class='ocrx_word' id='word_1_626' title='bbox 121 5379 541 5459; x_wconf 78' lang='grc' dir='ltr'>Παρακαλοῦμεν</span> <span class='ocrx_word' id='word_1_627' title='bbox 594 5386 1063 5459; x_wconf 73' lang='grc' dir='ltr'>ύμᾶς,[ὰδελφοὶ,</span> <span class='ocrx_word' id='word_1_628' title='bbox 1119 5387 1426 5443; x_wconf 80' lang='grc' dir='ltr'>νουθετεῖτε</span> <span class='ocrx_word' id='word_1_629' title='bbox 1485 5387 1615 5449; x_wconf 83' lang='grc' dir='ltr'>τοὺς</span> 
     </span>
    </p>
   </div>
   <div class='ocr_carea' id='block_1_101' title="bbox 1792 5379 3301 5462">
    <p class='ocr_par' dir='ltr' id='par_1_101' title="bbox 1792 5391 3301 5462">
     <span class='ocr_line' id='line_1_101' title="bbox 1792 5391 3301 5462; baseline 0 -14"><span class='ocrx_word' id='word_1_630' title='bbox 1792 5392 1857 5448; x_wconf 87' lang='grc' dir='ltr'><strong>ΙΙ</strong></span> <span class='ocrx_word' id='word_1_631' title='bbox 1882 5393 2132 5449; x_wconf 61' lang='grc' dir='ltr'>Τύρσιν.</span> <span class='ocrx_word' id='word_1_632' title='bbox 2166 5391 2533 5450; x_wconf 87' lang='lat' dir='ltr'><strong>Obsecramus</strong></span> <span class='ocrx_word' id='word_1_633' title='bbox 2561 5401 2744 5450; x_wconf 87' lang='lat' dir='ltr'><strong>autem</strong></span> <span class='ocrx_word' id='word_1_634' title='bbox 2778 5407 2898 5462; x_wconf 84' lang='lat' dir='ltr'><strong>vos,</strong></span> <span class='ocrx_word' id='word_1_635' title='bbox 2933 5393 3150 5461; x_wconf 79' lang='lat' dir='ltr'><strong>fratres,</strong></span> <span class='ocrx_word' id='word_1_636' title='bbox 3183 5408 3301 5450; x_wconf 89' lang='lat' dir='ltr'><strong>mo-</strong></span> 
     </span>
    </p>
   </div>
   <div class='ocr_carea' id='block_1_102' title="bbox 69 5466 1578 5556">
    <p class='ocr_par' dir='ltr' id='par_1_102' title="bbox 69 5466 1578 5553">
     <span class='ocr_line' id='line_1_102' title="bbox 69 5466 1578 5553; baseline 0.006 -30"><span class='ocrx_word' id='word_1_637' title='bbox 69 5466 309 5544; x_wconf 66' lang='grc' dir='ltr'>ἂτάκτους,</span> <span class='ocrx_word' id='word_1_638' title='bbox 339 5478 770 5551; x_wconf 73' lang='grc' dir='ltr'>παραμυθεῖσθε</span> <span class='ocrx_word' id='word_1_639' title='bbox 790 5482 917 5544; x_wconf 85' lang='grc' dir='ltr'>τοὺς</span> <span class='ocrx_word' id='word_1_640' title='bbox 938 5480 1320 5553; x_wconf 80' lang='grc' dir='ltr'>ὀλιγοψύχους,</span> <span class='ocrx_word' id='word_1_641' title='bbox 1344 5480 1438 5535; x_wconf 72' lang='grc' dir='ltr'>καὶ</span> <span class='ocrx_word' id='word_1_642' title='bbox 1460 5480 1578 5535; x_wconf 77' lang='grc' dir='ltr'>ἁντὲ</span> 
     </span>
    </p>
   </div>
   <div class='ocr_carea' id='block_1_103' title="bbox 1790 5466 3299 5556">
    <p class='ocr_par' dir='ltr' id='par_1_103' title="bbox 1793 5484 3299 5556">
     <span class='ocr_line' id='line_1_103' title="bbox 1793 5484 3299 5556; baseline -0.001 -16"><span class='ocrx_word' id='word_1_643' title='bbox 1793 5493 1845 5541; x_wconf 91' lang='lat' dir='ltr'><strong>te</strong></span> <span class='ocrx_word' id='word_1_644' title='bbox 1878 5486 2236 5552; x_wconf 90' lang='lat' dir='ltr'><strong>inordinatos,</strong></span> <span class='ocrx_word' id='word_1_645' title='bbox 2264 5485 2628 5541; x_wconf 81' lang='lat' dir='ltr'><strong>consulamini</strong></span> <span class='ocrx_word' id='word_1_646' title='bbox 2670 5484 3076 5556; x_wconf 85' lang='lat' dir='ltr'><strong>pusillanimes.</strong></span> <span class='ocrx_word' id='word_1_647' title='bbox 3113 5484 3299 5539; x_wconf 86' lang='lat' dir='ltr'><strong>suble-</strong></span> 
     </span>
    </p>
   </div>
   <div class='ocr_carea' id='block_1_104' title="bbox 67 5563 1576 5646">
    <p class='ocr_par' dir='ltr' id='par_1_104' title="bbox 67 5563 1576 5644">
     <span class='ocr_line' id='line_1_104' title="bbox 67 5563 1576 5644; baseline 0.004 -27"><span class='ocrx_word' id='word_1_648' title='bbox 67 5563 196 5629; x_wconf 76' lang='grc' dir='ltr'>ιεσθε</span> <span class='ocrx_word' id='word_1_649' title='bbox 218 5570 317 5623; x_wconf 85' lang='grc' dir='ltr'><strong>τῶν</strong></span> <span class='ocrx_word' id='word_1_650' title='bbox 342 5571 754 5640; x_wconf 79' lang='grc' dir='ltr'>ἀσθενούντων,</span> <span class='ocrx_word' id='word_1_651' title='bbox 782 5572 1195 5644; x_wconf 82' lang='grc' dir='ltr'>μακροθυμεῖτε</span> <span class='ocrx_word' id='word_1_652' title='bbox 1217 5573 1355 5643; x_wconf 83' lang='grc' dir='ltr'>πρὸς</span> <span class='ocrx_word' id='word_1_653' title='bbox 1386 5570 1576 5632; x_wconf 53' lang='grc' dir='ltr'>πάνταέ</span> 
     </span>
    </p>
   </div>
   <div class='ocr_carea' id='block_1_105' title="bbox 1790 5563 3299 5646">
    <p class='ocr_par' dir='ltr' id='par_1_105' title="bbox 1796 5573 3299 5646">
     <span class='ocr_line' id='line_1_105' title="bbox 1796 5573 3299 5646; baseline -0.002 -14"><span class='ocrx_word' id='word_1_654' title='bbox 1796 5586 1847 5632; x_wconf 89' lang='lat' dir='ltr'><strong>te</strong></span> <span class='ocrx_word' id='word_1_655' title='bbox 1873 5575 2145 5643; x_wconf 90' lang='lat' dir='ltr'><strong>inﬁrmos,</strong></span> <span class='ocrx_word' id='word_1_656' title='bbox 2177 5575 2447 5646; x_wconf 85' lang='lat' dir='ltr'><strong>patientes</strong></span> <span class='ocrx_word' id='word_1_657' title='bbox 2476 5583 2653 5632; x_wconf 88' lang='lat' dir='ltr'><strong>estote</strong></span> <span class='ocrx_word' id='word_1_658' title='bbox 2676 5591 2800 5646; x_wconf 80' lang='lat' dir='ltr'><strong>erga</strong></span> <span class='ocrx_word' id='word_1_659' title='bbox 2832 5589 3045 5642; x_wconf 85' lang='lat' dir='ltr'><strong>omnes,</strong></span> <span class='ocrx_word' id='word_1_660' title='bbox 3064 5582 3174 5631; x_wconf 88' lang='lat' dir='ltr'><strong>etc.</strong></span> <span class='ocrx_word' id='word_1_661' title='bbox 3212 5573 3299 5629; x_wconf 83' lang='lat' dir='ltr'><strong>Vi-</strong></span> 
     </span>
    </p>
   </div>
   <div class='ocr_carea' id='block_1_106' title="bbox 72 5653 1581 5738">
    <p class='ocr_par' dir='ltr' id='par_1_106' title="bbox 72 5653 1581 5738">
     <span class='ocr_line' id='line_1_106' title="bbox 72 5653 1581 5738; baseline -0.003 -16"><span class='ocrx_word' id='word_1_662' title='bbox 72 5653 239 5729; x_wconf 74' lang='grc' dir='ltr'>ὐρᾶτε</span> <span class='ocrx_word' id='word_1_663' title='bbox 270 5664 347 5736; x_wconf 82' lang='grc' dir='ltr'>μή</span> <span class='ocrx_word' id='word_1_664' title='bbox 396 5682 485 5730; x_wconf 87' lang='grc' dir='ltr'><strong>τις</strong></span> <span class='ocrx_word' id='word_1_665' title='bbox 516 5666 696 5721; x_wconf 72' lang='grc' dir='ltr'>κακον</span> <span class='ocrx_word' id='word_1_666' title='bbox 725 5668 851 5722; x_wconf 78' lang='grc' dir='ltr'>ἀντὶ</span> <span class='ocrx_word' id='word_1_667' title='bbox 882 5666 1054 5723; x_wconf 79' lang='grc' dir='ltr'>κακοῦ</span> <span class='ocrx_word' id='word_1_668' title='bbox 1084 5683 1189 5721; x_wconf 86' lang='grc' dir='ltr'>τινι</span> <span class='ocrx_word' id='word_1_669' title='bbox 1225 5664 1433 5738; x_wconf 81' lang='grc' dir='ltr'>ἀποδῷ,</span> <span class='ocrx_word' id='word_1_670' title='bbox 1479 5665 1581 5722; x_wconf 80' lang='grc' dir='ltr'>ἀλλ</span> 
     </span>
    </p>
   </div>
   <div class='ocr_carea' id='block_1_107' title="bbox 1789 5653 3298 5738">
    <p class='ocr_par' dir='ltr' id='par_1_107' title="bbox 1789 5665 3298 5738">
     <span class='ocr_line' id='line_1_107' title="bbox 1789 5665 3298 5738; baseline 0.001 -16"><span class='ocrx_word' id='word_1_671' title='bbox 1789 5677 1842 5723; x_wconf 89' lang='lat' dir='ltr'><strong>te</strong></span> <span class='ocrx_word' id='word_1_672' title='bbox 1876 5684 1941 5723; x_wconf 89' lang='lat' dir='ltr'><strong>ne</strong></span> <span class='ocrx_word' id='word_1_673' title='bbox 1972 5667 2098 5738; x_wconf 87' lang='lat' dir='ltr'><strong>quis</strong></span> <span class='ocrx_word' id='word_1_674' title='bbox 2135 5669 2338 5722; x_wconf 89' lang='lat' dir='ltr'><strong>malum</strong></span> <span class='ocrx_word' id='word_1_675' title='bbox 2369 5683 2470 5737; x_wconf 87' lang='lat' dir='ltr'><strong>pro</strong></span> <span class='ocrx_word' id='word_1_676' title='bbox 2498 5668 2643 5723; x_wconf 86' lang='lat' dir='ltr'><strong>malo</strong></span> <span class='ocrx_word' id='word_1_677' title='bbox 2670 5666 2906 5736; x_wconf 86' lang='lat' dir='ltr'><strong>cuipiam</strong></span> <span class='ocrx_word' id='word_1_678' title='bbox 2962 5665 3176 5734; x_wconf 82' lang='lat' dir='ltr'><strong>reddat,</strong></span> <span class='ocrx_word' id='word_1_679' title='bbox 3200 5665 3298 5723; x_wconf 84' lang='lat' dir='ltr'><strong>sed</strong></span> 
     </span>
    </p>
   </div>
   <div class='ocr_carea' id='block_1_108' title="bbox 66 5748 1575 5829">
    <p class='ocr_par' dir='ltr' id='par_1_108' title="bbox 66 5748 887 5828">
     <span class='ocr_line' id='line_1_108' title="bbox 66 5748 887 5828; baseline 0.027 -30"><span class='ocrx_word' id='word_1_680' title='bbox 66 5748 261 5808; x_wconf 79' lang='grc' dir='ltr'>πὰντοτε</span> <span class='ocrx_word' id='word_1_681' title='bbox 284 5758 346 5811; x_wconf 71' lang='grc' dir='ltr'>τὸ</span> <span class='ocrx_word' id='word_1_682' title='bbox 371 5759 589 5828; x_wconf 83' lang='grc' dir='ltr'>ἀγαθὸν</span> <span class='ocrx_word' id='word_1_683' title='bbox 614 5760 887 5820; x_wconf 75' lang='grc' dir='ltr'><strong>διώκετε.⁵</strong></span> 
     </span>
    </p>
   </div>
   <div class='ocr_carea' id='block_1_109' title="bbox 1287 5748 2796 5829">
    <p class='ocr_par' dir='ltr' id='par_1_109' title="bbox 1723 5757 2796 5829">
     <span class='ocr_line' id='line_1_109' title="bbox 1723 5757 2796 5829; baseline -0.004 -13"><span class='ocrx_word' id='word_1_684' title='bbox 1723 5774 1938 5829; x_wconf 86' lang='lat' dir='ltr'><strong>semper</strong></span> <span class='ocrx_word' id='word_1_685' title='bbox 1966 5759 2112 5829; x_wconf 89' lang='lat' dir='ltr'><strong>quod</strong></span> <span class='ocrx_word' id='word_1_686' title='bbox 2152 5761 2352 5816; x_wconf 82' lang='lat' dir='ltr'><strong>bonum</strong></span> <span class='ocrx_word' id='word_1_687' title='bbox 2384 5769 2470 5816; x_wconf 90' lang='lat' dir='ltr'><strong>est</strong></span> <span class='ocrx_word' id='word_1_688' title='bbox 2493 5757 2796 5815; x_wconf 83' lang='lat' dir='ltr'><strong>sectemiui.</strong></span> 
     </span>
    </p>
   </div>
   <div class='ocr_carea' id='block_1_110' title="bbox 118 5839 1627 5926">
    <p class='ocr_par' dir='ltr' id='par_1_110' title="bbox 118 5839 1615 5926">
     <span class='ocr_line' id='line_1_110' title="bbox 118 5839 1615 5926; baseline 0.005 -28"><span class='ocrx_word' id='word_1_689' title='bbox 118 5839 285 5903; x_wconf 82' lang='grc' dir='ltr'>Βίαιον</span> <span class='ocrx_word' id='word_1_690' title='bbox 313 5851 415 5921; x_wconf 74' lang='grc' dir='ltr'>μὲν</span> <span class='ocrx_word' id='word_1_691' title='bbox 450 5852 571 5924; x_wconf 82' lang='grc' dir='ltr'>γὰρ</span> <span class='ocrx_word' id='word_1_692' title='bbox 604 5853 832 5926; x_wconf 82' lang='grc' dir='ltr'>μάθημα</span> <span class='ocrx_word' id='word_1_693' title='bbox 879 5854 940 5908; x_wconf 80' lang='grc' dir='ltr'>ού</span> <span class='ocrx_word' id='word_1_694' title='bbox 988 5852 1200 5924; x_wconf 77' lang='grc' dir='ltr'>πέφυκε</span> <span class='ocrx_word' id='word_1_695' title='bbox 1230 5851 1573 5925; x_wconf 80' lang='grc' dir='ltr'>παραμένειν</span> <span class='ocrx_word' id='word_1_696' title='bbox 1599 5869 1615 5887; x_wconf 80' lang='grc' dir='ltr'>ο</span> 
     </span>
    </p>
   </div>
   <div class='ocr_carea' id='block_1_111' title="bbox 1791 5839 3300 5926">
    <p class='ocr_par' dir='ltr' id='par_1_111' title="bbox 1798 5846 3300 5920">
     <span class='ocr_line' id='line_1_111' title="bbox 1798 5846 3300 5920; baseline 0.001 -16"><span class='ocrx_word' id='word_1_697' title='bbox 1798 5848 1858 5904; x_wconf 82' lang='lat' dir='ltr'><strong>S.</strong></span> <span class='ocrx_word' id='word_1_698' title='bbox 1889 5848 2100 5905; x_wconf 75' lang='lat' dir='ltr'><strong>Basilii.</strong></span> <span class='ocrx_word' id='word_1_699' title='bbox 2137 5849 2397 5908; x_wconf 86' lang='lat' dir='ltr'><strong>Doctrina</strong></span> <span class='ocrx_word' id='word_1_700' title='bbox 2426 5849 2667 5907; x_wconf 80' lang='lat' dir='ltr'><strong>violenta</strong></span> <span class='ocrx_word' id='word_1_701' title='bbox 2695 5861 2804 5904; x_wconf 88' lang='lat' dir='ltr'><strong>non</strong></span> <span class='ocrx_word' id='word_1_702' title='bbox 2847 5846 2987 5906; x_wconf 88' lang='lat' dir='ltr'><strong>solet</strong></span> <span class='ocrx_word' id='word_1_703' title='bbox 3010 5862 3300 5920; x_wconf 69' lang='lat' dir='ltr'><strong>permane~</strong></span> 
     </span>
    </p>
   </div>
  </div>
