3928 6554
171 392 276 454 933

1095 387 1267 448 LOCI
1302 385 1750 451 COMMUNES.
1790 409 1855 422 σ-
1898 385 2093 446 PARS
2132 387 2180 447 Ι.
2227 385 2487 446 SERMO
2520 386 2585 450 L.

3331 381 3443 446 93$

249 506 402 576 Ἐμοὶ
443 505 500 559 δὲ
535 507 748 574 γένοιτο
781 506 941 562 πέντε
982 505 1177 575 λόγους
1224 507 1282 558 ἐν
1334 505 1602 575 ἐκκλησίᾳ
1651 503 1746 556 λα-

1925 502 1989 557 11
2027 501 2150 556 Cor.
2185 519 2296 558 xrv.
2326 503 2454 558 Mihi
2481 517 2610 558 vero
2643 489 2925 573 contingat
2964 501 3148 572 potius
3199 498 3452 570 quinque

171 602 326 670 λῆσαι
361 601 500 672 μετᾶ
532 601 801 665 συνέσεως
831 600 864 672 ἢ
903 601 1130 671 μυρίους
1159 602 1218 653 ὲν
1248 598 1488 670 γλώσσῃ.

239 783 315 837 οὐ
360 782 469 850 γὰρ
509 782 538 835 ὁ
573 781 632 836 ὲν
659 780 845 852 λόγοις
879 782 1067 850 σοφὸς,
1100 777 1256 846 οὗτός
1291 799 1382 853 μοι
1411 781 1597 851 σοφὸς.
1631 783 1744 837 οὐδ’

167 877 312 938 ὅστις
344 874 601 944 γλῶσσαν
637 876 740 946 μὲν
777 873 1077 949 εὔστροφον
1104 875 1241 946 ἔχει,
1269 877 1448 947 ψυχὴν
1486 877 1543 931 δὲ
1573 879 1740 932 ἄστα-

166 986 253 1022 τον
282 970 373 1021 καὶ
402 970 752 1022 ἀπαίδευτον·
784 969 899 1022 ἀλλ’
927 971 1076 1029 ὅστις
1111 969 1268 1037 ὀλίγα
1307 971 1406 1039 μὲν
1446 970 1574 1039 περὶ
1607 970 1740 1038 ἀρε-

165 1061 256 1128 τῆς
286 1060 607 1129 φθέγγεται,
640 1061 812 1116 πολλὰ
844 1060 902 1114 δὲ
937 1056 1016 1124 οἷς
1057 1064 1274 1133 ἐνεργεῖ
1321 1061 1738 1132 παραδείκνυσι,

163 1156 251 1207 καὶ
282 1154 342 1206 τὸ
370 1153 690 1218 ἀξιόπιστον
740 1153 818 1224 τῷ
856 1154 1004 1226 λόγῳ
1032 1155 1119 1208 διὰ
1147 1153 1244 1207 τοῦ
1277 1153 1394 1223 βίου
1438 1153 1740 1223 προστίθη-

165 1261 263 1299 σιν.
294 1246 583 1313 Κρείσσων
616 1245 726 1316 γὰρ
760 1245 1036 1316 εὐμορφία
1066 1247 1418 1316 θεωρουμὲνη
1467 1245 1565 1315 τῆς
1596 1245 1739 1315 λόγῳ

164 1335 660 1413 ζωγραφουμένηςο
691 1339 787 1393 καὶ
819 1337 1049 1402 πλοῦτος
1081 1338 1142 1392 δν
1182 1338 1238 1392 αἱ
1269 1341 1450 1409 χεῖρες
1476 1338 1732 1409 κατέχονο

164 1445 261 1492 σιν,
293 1426 326 1496 ἢ
361 1428 568 1491 ⁸5νειροι
599 1427 900 1484 πλάττουσι
926 1445 942 1460 ·
972 1432 1069 1484 καὶ
1102 1431 1268 1497 σοφία
1295 1429 1393 1499 οὐχ
1425 1430 1460 1498 ὴ
1491 1430 1567 1499 τῷ
1595 1429 1740 1497 λόγῳ

160 1520 606 1592 λαμπρυνομένη,
638 1521 753 1575 ἀλλ’
793 1523 827 1591 ἡ
857 1521 944 1576 διὰ
976 1521 1086 1577 τῶν
1141 1522 1320 1592 ἔργων
1375 1521 1733 1592 ἔλεγχομένη.

162 1614 378 1676 Σύνεσις
431 1615 542 1684 γὰρ
575 1616 761 1688 ἀγαθὴ
794 1618 932 1672 πᾶσι
966 1619 1080 1679 τοῖς
1127 1614 1378 1669 ποιοῦσιν
1407 1618 1583 1687 αὐτὴν
1609 1618 1738 1688 (φηο

163 1708 282 1772 σὶν),
315 1707 437 1762 ἀλλ’
466 1709 529 1762 οὺ
557 1712 670 1774 τοῖς
696 1710 1053 1779 κηρύττουσι.

229 1800 296 1853 Ἦ
347 1801 459 1871 γὰρ
496 1801 930 1873 φιλοσοφητέον,
985 1805 1017 1874 ἢ
1072 1805 1333 1876 τιμητέον
1389 1805 1727 1876 φιλοσοφίαν,

157 1891 306 1962 είκερ
349 1895 428 1964 μὴ
479 1893 772 1965 μέλλοιμεν
818 1897 1101 1960 παντελῶς
1136 1897 1241 1963 ἔξω
1297 1897 1392 1953 τοῦ
1428 1898 1594 1952 καλοῦ
1638 1899 1731 1950 πί-

157 1998 326 2050 πτειν,
348 1983 482 2056 μηδὲ
507 1985 731 2054 ἀλογίαν
748 1990 1279 2062 κατακριθήσεσθαι,
1324 1990 1534 2060 λογικοὶ
1564 2007 1730 2060 γεγο-

156 2077 322 2140 vet-5;,
352 2080 449 2131 καὶ
480 2078 569 2133 διὰ
607 2079 771 2149 λόγου
799 2081 937 2154 πρὸς
959 2083 1117 2152 λόγον
1143 2082 1486 2147 σπεύδοντες.

217 2254 528 2326 ὣφὼτεροι
563 2259 674 2327 γὰρ
721 2259 831 2312 τῶν
868 2259 1081 2314 πολλῶν
1110 2263 1160 2315 οἱ
1207 2263 1418 2334 κόσμου
1451 2266 1727 2336 χωρίσαν-

153 2365 233 2411 τες
265 2349 524 2415 ἑαυτοὺς,
562 2351 660 2404 καὶ
709 2351 789 2420 τῷ
837 2353 958 2425 Θεῷ
988 2355 1079 2408 τὸν
1111 2355 1230 2426 βίον
1260 2359 1726 2430 καθιερώσαντες.

219 2441 388 2495 Οὐδὲν
423 2444 831 2514 ἁναλωτὸτερον
863 2448 1210 2518 φιλοσοφίας,
1248 2451 1404 2505 οὐδὲν
1450 2452 1730 2508 ἀλυπὼτε-

156 2551 329 2604 τερον.
373 2536 558 2590 Πάντα
601 2535 824 2594 ἐνδώσει
871 2541 1140 2613 πρότερον
1181 2542 1214 2613 ἢ
1275 2543 1586 2614 φιλόσοφος.
1623 2548 1728 2600 Δύο

155 2627 323 2680 ταῦτα
353 2629 722 2701 δυσκράτητα.
763 2634 894 2696 Os“
916 2634 1011 2686 καὶ
1042 2635 1295 2704 ἄγγελος,
1334 2637 1428 2690 καὶ
1453 2639 1513 2691 τὸ
1542 2640 1726 2710 τρίτον

173 2721 470 2790 φιλοσοφῖα,
495 2723 661 2787 dine;
693 2725 752 2776 ἐν
786 2724 1003 2797 ὔ>.ῃ.;ὲν
1046 2727 1260 2796 σώματι
1293 2729 1726 2802 ἀπερίγραπτος,

157 2812 239 2864 ἐπὶ
264 2813 373 2882 γῆς
403 2815 678 2885 οὐράνιος,
706 2818 763 2869 ἑν
792 2815 1022 2870 πάθεσιν
1044 2818 1280 2890 ἀπαθὴς,
1313 2821 1530 2875 πάντων
1559 2823 1729 2890 ἡττώ-

158 2920 312 2972 μενος
370 2907 510 2976 πλὴν
567 2910 936 2978 φρονήματος,
993 2911 1161 2964 νικῶν
1218 2912 1278 2964 τὸ
1310 2915 1565 2971 νικᾶσθαι
1602 2917 1730 2979 τοὺς

157 2998 374 3064 κρατεῖν
402 2999 746 3067 νομίζοντας.

1849 593 2014 648 verba
2049 597 2101 649 in
2135 595 2368 649 ecclesia
2400 595 2543 665 loqui
2579 610 2705 648 cum
2735 594 3034 659 intellectu,
3063 608 3227 664 quam
3255 597 3448 653 decem

1849 686 2015 740 millia
2043 701 2140 755 per
2159 685 2423 756 linguam.

1918 776 2039 832 Non
2076 778 2233 834 illutn
2259 780 2354 851 qui
2381 780 2565 836 verbis
2595 780 2738 850 sapit
2759 781 2946 852 judico
2969 782 3292 852 sapientem,
3351 797 3444 837 ne-

1845 885 1952 939 que
1986 871 2137 926 illum
2165 875 2250 926 cui
2286 872 2466 942 lingua
2489 872 2764 937 volubilis,
2789 873 3007 928 animus
3033 883 3216 928 autem
3250 875 3442 927 incon-

1844 975 2003 1019 stans
2022 975 2130 1030 est,
2152 964 2247 1019 sed
2265 965 2357 1034 qui
2393 981 2584 1035 parum
2604 965 2824 1035 quidem
2853 967 2920 1020 de
2943 965 3146 1020 virtute
3172 965 3443 1034 loquitur,

1845 1055 2016 1110 multa
2048 1071 2178 1112 vero
2202 1073 2259 1112 re
2289 1059 2405 1128 ipsa
2436 1066 2679 1124 praestat,
2705 1067 2759 1112 et
2788 1059 3030 1113 sermoni
3067 1073 3168 1112 suo
3192 1058 3302 1112 vita
3357 1057 3439 1111 la-

1841 1149 2054 1218 ctisque
2087 1149 2245 1204 (idem
2270 1152 2555 1206 conciliat.
2579 1151 2714 1206 Nam
2736 1160 2790 1208 et
2817 1151 3171 1223 pulchritudo
3193 1151 3438 1221 subjecta

1842 1242 2018 1297 oculis
2044 1252 2269 1313 prmstat
2311 1244 2602 1316 descriptae
2623 1245 2826 1313 verbis,
2868 1253 2924 1299 et
2964 1245 3166 1300 divitiae
3189 1244 3444 1300 manibus

1842 1334 2272 1406 comprehensae,
2305 1353 2402 1407 per
2429 1338 2703 1392 somnium
2753 1338 3161 1408 apparentibus.
3225 1337 3289 1392 Et
3344 1353 3438 1393 sa-

1843 1428 2042 1496 pientia
2071 1443 2180 1482 non
2211 1444 2334 1499 quae
2361 1431 2542 1486 verbis
2575 1431 2905 1495 illusuatur,
2939 1430 3032 1486 sed
3058 1446 3178 1501 quae
3221 1432 3274 1485 in
3309 1445 3438 1500 0pc-

1843 1521 1996 1578 ribus
2026 1523 2470 1592 deprehenditur,
2519 1523 2883 1594 przestahilior
2945 1535 3048 1579 est.
3110 1523 3426 1578 Intellectus

1846 1613 2069 1685 (inquit)
2104 1617 2280 1670 bonus
2309 1624 2396 1670 est
2425 1618 2642 1672 cunctis
2695 1632 2755 1672 re
2784 1627 2839 1673 et
2862 1631 3029 1688 opere
3099 1616 3436 1672 declaranti-

1843 1707 1944 1762 bus
1970 1723 2117 1773 cum,
2151 1723 2258 1762 non
2279 1717 2462 1764 autem
2483 1723 2764 1765 sermone.

1910 1800 2020 1853 Aut
2046 1799 2419 1870 philosophari
2461 1809 2696 1871 oportet,
2750 1811 2846 1857 aut
2880 1802 3152 1858 honorare
3193 1803 3437 1874 philoso»

1835 1892 2041 1962 phiam,
2061 1893 2106 1949 si
2126 1909 2230 1948 non
2251 1909 2475 1964 prorsus
2487 1895 2556 1950 ab
2575 1897 2804 1950 honesto
2818 1896 3071 1951 excidere
3093 1895 3322 1950 Velltltlls
3347 1913 3356 1946 :
3381 1899 3440 1947 et

1834 1987 2264 2042 cumrationales
2292 1986 2416 2042 iacti
2443 1988 2640 2052 simus,
2672 1997 2725 2042 et
2743 1988 2959 2042 ratione
2986 1986 3226 2042 feramur
3245 1987 3311 2040 ad
3342 1986 3431 2040 iu-

1833 2077 2134 2149 dagandam
2192 2079 2484 2145 rationem,
2521 2080 2781 2151 neglecta:
2825 2079 3151 2151 amissaque
3204 2077 3435 2132 rationis

1831 2170 2030 2226 merito
2064 2171 2338 2227 damnari.

1904 2261 2005 2330 Qui
2028 2279 2088 2319 se
2111 2279 2139 2318 a
2161 2264 2368 2318 mundo
2385 2272 2763 2337 segregarunt,
2781 2274 2834 2320 et
2855 2265 2967 2336 90
2988 2264 3152 2320 vitam
3173 2264 3280 2320 Deo
3303 2277 3437 2320 con-

1833 2367 2146 2420 secrarunt,
2183 2358 2466 2413 hominum
2501 2359 2664 2430 vulgo
2698 2359 3062 2428 sapientiores
3085 2365 3236 2413 sunt.

1876 2449 2045 2506 rNihil
2078 2451 2558 2522 inexpugnabilius
2612 2452 2976 2522 philosophia,
3006 2451 3139 2504 nihil
3168 2446 3436 2516 tranquil.

1833 2545 1961 2600 lius.
2017 2543 2213 2600 Omnia
2248 2544 2402 2614 prius
2437 2547 2630 2599 cedent
2661 2559 2828 2612 quam
2877 2543 3260 2613 philosophus.
3318 2541 3435 2594 Duo

1831 2647 1959 2692 sunt
1989 2636 2212 2699 invicta,
2250 2637 2389 2692 Deus
2434 2646 2488 2690 et
2534 2637 2793 2707 angelus;
2829 2645 2883 2692 et
2931 2635 3148 2691 tertium
3192 2633 3435 2704 philoso-

1830 2731 1980 2800 phia.
2018 2729 2111 2784 Est
2158 2730 2304 2784 enim
2347 2730 2704 2800 philosophus
2735 2729 2958 2800 quidem
2991 2743 3100 2783 non
3137 2725 3436 2788 materialis

1833 2824 1888 2878 iu
1928 2823 2180 2886 materia.
2231 2823 2547 2892 incorpore
2593 2830 2775 2877 autem
2813 2820 3343 2891 incircumscriptus,
3377 2818 3431 2871 in

1835 2924 1978 2970 terra
2033 2914 2296 2980 caelestis,
2353 2915 2404 2968 in
2473 2914 2758 2970 aﬂectibus
2816 2913 3264 2983 imperturbatus,
3316 2909 3435 2964 nhi-

1828 3023 1937 3078 que
1975 3006 2204 3061 inferior
2248 3007 2459 3061 caeteris
2533 3015 2892 3077 pmterqnam
2927 3004 3096 3059 animi
3165 3006 3434 3075 magnitur

1831 3097 1978 3159 diue,
2007 3105 2058 3153 et
2091 3097 2334 3153 cedendo
2363 3097 2592 3152 vincens
2612 3097 2732 3151 illos
2751 3097 2841 3166 qui
2869 3111 2928 3153 se
2961 3096 3185 3151 vincere
3217 3103 3431 3164 putant.

237 3175 384 3245 Ἐγὼ
408 3176 541 3246 μίαν
581 3177 777 3246 σοφίαν
805 3175 943 3242 οἶδα,
969 3177 1030 3230 τὸ
1052 3177 1337 3247 φοϐεῖσθαι
1367 3182 1526 3238 Θεόν.
1561 3184 1728 3256 ’Δρχή

1909 3188 2082 3244 Unam
2110 3203 2210 3260 ego
2241 3189 2565 3258 sapientiam
2598 3191 2746 3257 novi,
2783 3191 2975 3244 timere
2996 3191 3183 3246 Deum.
3218 3189 3430 3245 Etenim

162 3286 214 3321 τε
253 3272 360 3340 γὰρ
392 3269 590 3338 σοφίας
629 3269 792 3338 φόϐος
844 3271 1052 3340 Κυρίου
1073 3288 1088 3303 ο
1121 3273 1240 3338 καὶ,
1272 3273 1440 3338 Τέλος
1470 3273 1632 3344 λόγου
1668 3279 1732 3330 τδ

161 3359 260 3412 πίν
311 3361 503 3423 ἄκουε,
537 3361 628 3412 τὸν
658 3359 790 3412 Θεὸν
823 3358 1014 3427 φοῦοὗ,
1050 3361 1146 3414 καὶ
1175 3362 1270 3427 τὰς
1304 3365 1526 3430 ἐντολὰς
1567 3368 1733 3422 αὐτοῦ

162 3450 423 3516 φύλασσε.

230 3542 464 3596 Ἔπεται
517 3545 584 3614 τῇ
624 3541 823 3614 γνώσει
871 3544 940 3598 τὰ
993 3545 1172 3618 ἔργα,
1221 3547 1298 3612 ὡς
1332 3549 1410 3621 τῷ
1457 3550 1734 3622 σώματιὴ

164 3651 306 3688 σκια.

235 3727 550 3800 Ἀμήχανον
593 3730 661 3785 τὰ
700 3732 916 3803 μεγάλα
963 3732 1068 3806 πρὸ
1115 3732 1224 3788 τῶν
1261 3737 1477 3809 μικρῶν
1513 3739 1735 3795 παιδευ-

162 3819 336 3888 θῆναι.
863 3877 875 3884 ,

228 3913 441 3986 Ὠσπερ
470 3917 574 3988 γὰρ
606 3919 632 3971 ὁ
677 3917 828 3988 ἣλιος
859 3920 1118 3975 ἁπάντων
1143 3922 1265 3978 ἐστὶ
1297 3923 1413 3994 φῶς
1439 3925 1551 3980 τῶν
1581 3926 1735 3991 ὄψεις

162 4004 411 4075 ἑχόντων,
450 4007 726 4065 οὕτωκαὶ
754 4013 785 4066 ὁ
812 4014 976 4084 σοφὸς
1006 4013 1116 4068 τῶν
1146 4013 1262 4068 ὅσοι
1295 4015 1522 4089 λογικῆς
1555 4035 1736 4075 κεκοι-

161 4101 351 4167 νήκασι
386 4103 623 4170 φύσεως.

239 4193 465 4266 Ὀνείρῳ
513 4195 694 4250 ἔοικεν
750 4198 778 4252 ὁ
822 4199 934 4254 τῶν
979 4201 1324 4262 ἀπαιδεύτων
1371 4207 1510 4280 βίος,
1569 4206 1734 4270 κενὰς

163 4282 294 4352 ἔχων
324 4289 653 4354 φαντασίας.

228 4376 546 4432 Εὖπλαστον
590 4381 681 4434 καὶ
724 4381 894 4455 ὑγρὸν
940 4387 975 4456 ἡ
1017 4386 1229 4458 νεότης,
1264 4387 1361 4443 καὶ
1390 4391 1511 4453 ταῖς
1537 4390 1735 4443 νεωτέ-

163 4488 284 4540 ραις
324 4473 528 4542 ψυχαῖς
565 4476 801 4542 ἁπαλαῖς
831 4477 912 4533 ἔτι
960 4480 1028 4534 τὰ
1071 4482 1372 4552 μαθήματα
1404 4483 1729 4538 ἑντίκτεται.

169 4564 278 4617 Πᾶν
305 4564 362 4620 δὲ
387 4564 450 4618 τδ
493 4568 731 4640 σκληρὺν
763 4570 1016 4640 χαλεπῶς
1053 4571 1411 4642 μαλάττεται.

230 4654 304 4711 Τὸ
354 4658 526 4712 πᾶσιν
576 4661 966 4732 ἀπολογεῖσθαι
1027 4663 1429 4737 θεραπευτικὸν
1491 4666 1584 4720 καὶ
1633 4667 1739 4721 οὐκ

163 4749 532 4822 ἀξιωματικόν
553 4769 569 4785 ο
605 4755 668 4808 τὸ
695 4755 752 4810 δὲ
790 4757 1014 4812 πάντων
1049 4760 1418 4831 καταφρονεῖν
1450 4761 1738 4834 ὑπερήφα-

163 4855 248 4892 νον
274 4843 366 4896 καὶ
393 4845 642 4917 ἀνόητον.

224 4935 299 4989 Τὸ
321 4937 523 4993 εἰδέναι
556 4939 680 4994 τινὰ
709 4941 794 4996 ὅτι
814 4941 1006 5011 ἀγνοεῖ
1035 4945 1233 5018 σοφίας
1261 4949 1430 5016 ἐστὶν,
1455 4949 1530 5013 ὼς
1553 4949 1648 5003 καὶ
1677 4949 1739 5002 τὸ

163 5027 356 5084 εἰδέναι
381 5030 465 5086 ὅτι
499 5032 728 5105 ἠδίκησε
760 5035 1130 5111 δικαιοσύνης.

231 5120 334 5176 Τδν
364 5126 667 5192 γνωστικὸν
689 5126 947 5183 οὐδέποτε
968 5129 1030 5184 τὸ
1055 5131 1312 5186 πλουτεῖν
1342 5134 1475 5206 γηθε
1487 5153 1539 5189 ιν
1567 5136 1734 5203 ποιεῖ,

164 5213 280 5269 οὐδὲ
311 5218 370 5270 τὸ
403 5218 706 5289 χρημάτων
733 5221 964 5292 ἀπορεῖν
990 5224 1071 5287 εἰς
1095 5226 1428 5279 ταπείνωσιν
1457 5227 1607 5296 ἄγει,
1633 5227 1736 5296 τῆς

164 5304 354 5378 ἀρετῆς
387 5309 484 5362 καὶ
516 5311 711 5377 σοφίας
761 5312 921 5368 αὑτὸν
956 5314 1347 5388 ὗπερυψούσης
1369 5357 1385 5383 ,
1421 5319 1518 5374 καὶ
1563 5319 1736 5391 ὑπερ-

164 5397 273 5452 ἀνω
314 5399 494 5456 αὐτῶν
528 5401 788 5458 ἵστασθαι
818 5407 1384 5476 παρασκευαζούσης.

233 5492 388 5548 Πᾶσα
423 5495 732 5567 ιπιστήμη,
757 5495 1101 5570 χωριζομένη
1137 5500 1486 5573 δικαιοσύνης
1517 5502 1611 5557 καὶ
1637 5503 1737 5573 τῆς

165 5582 327 5658 ἄλλης
376 5587 606 5660 ἀρετῆς,
658 5589 1012 5662 πανουργία,
1061 5590 1180 5646 ἀλλ’
1210 5595 1274 5648 οὐ
1330 5597 1497 5667 σοφία
1551 5596 1738 5667 φαίνε-

164 5692 273 5732 ται.

243 5773 590 5846 ’Δντισθένης
621 5779 942 5853 ἐρωτηθεὶς,
981 5782 1034 5836 τί
1061 5781 1254 5853 δήποτ’
1283 5783 1383 5856 οὐχ
1410 5787 1458 5840 oi
1491 5785 1738 5841 πλούσιοι

166 5864 299 5936 πρὸς
336 5869 461 5935 τοὺς
510 5870 713 5942 σοφοὺς
769 5874 1018 5943 ἀπίασιν,
1056 5875 1174 5930 ἀλλ’
1202 5877 1474 5932 ἀνάπαλιν
1497 5918 1512 5945 ,
1558 5874 1734 5945 εἶπεν,

1836 3283 2118 3354 sapientiae
2168 3283 2385 3338 initium
2437 3292 2525 3338 est
2579 3283 2742 3338 timor
2807 3283 3048 3338 Domini.
3109 3283 3174 3338 Et
3250 3283 3431 3339 alibi:

1838 3373 1980 3429 Audi
2029 3389 2300 3430 summam
2353 3373 2647 3437 sermonis,
2686 3374 2856 3430 Deum
2890 3373 3044 3440 time,
3080 3381 3133 3428 et
3164 3383 3432 3444 praecepta

1836 3466 1955 3534 ejus
2009 3467 2268 3521 observa.

1901 3555 2210 3610 Clementis.
2226 3553 2606 3626 Cognitionem
2629 3570 2792 3626 opera
2815 3565 3144 3628 sequuntur,
3163 3564 3222 3610 ut
3239 3553 3432 3609 umbra

1837 3663 2059 3717 corpus.

1910 3741 2178 3796 Philonis.
2207 3735 2324 3797 Non
2357 3742 2473 3797 lieni
2495 3750 2674 3812 potest
2704 3752 2764 3798 ut
2789 3757 2987 3812 magna
3007 3740 3289 3796 discantur
3305 3749 3434 3794 ante

1837 3850 2024 3906 parva.

1909 3921 2059 3982 Sient
2095 3927 2174 3981 sol
2207 3927 2451 3981 omnium
2476 3927 2652 3982 oculis
2677 3927 3030 3997 prazditorunt
3062 3926 3152 3981 lux
3183 3933 3289 3990 est,
3348 3924 3430 3979 sic

1834 4021 1998 4074 etiam
2033 4019 2252 4089 sapiens
2275 4021 2522 4074 omnium
2563 4021 2655 4091 qui
2684 4021 2938 4076 rationali
2969 4030 3163 4075 natura
3211 4019 3429 4091 partici-

1836 4119 1987 4181 pani.

1910 4201 2130 4258 (sideri:
2166 4205 2394 4260 Somnio
2429 4206 2623 4262 similis
2655 4217 2735 4263 est
2771 4208 3149 4279 imperitorum
3182 4211 3316 4276 vita,
3339 4227 3428 4267 va.

1837 4311 1938 4350 nas
1966 4294 2382 4366 imaginationes
2414 4299 2640 4353 habens.

1909 4387 2168 4444 Formatu
2199 4388 2375 4446 facilis
2391 4402 2443 4444 et
2469 4392 2649 4447 mollis
2685 4403 2770 4449 est
2827 4395 3232 4462 adolescentia;
3259 4405 3310 4451 et
3336 4395 3426 4464 ju-

1838 4484 2087 4540 nioribus
2138 4486 2375 4557 ingeniis
2435 4488 2613 4544 adhuc
2665 4489 2870 4547 teneris
2921 4490 3222 4561 disciplinae
3272 4491 3428 4545 inna-

1767 4571 1811 4628 D
1839 4587 2087 4646 scuntur.
2114 4577 2290 4634 Omne
2318 4587 2501 4635 autem
2538 4581 2734 4637 durum
2765 4599 2908 4654 zegre
2939 4584 3204 4639 mollitur.

1911 4670 2178 4726 Omnibus
2213 4671 2483 4728 rationem
2513 4673 2761 4739 reddere,
2791 4676 2988 4732 servile
3017 4686 3101 4732 est
3125 4685 3178 4732 et
3211 4677 3280 4732 ab
3328 4694 3424 4733 au-

1840 4765 2089 4820 ctoritate
2115 4765 2617 4824 alienummmues
2664 4780 2847 4825 autem
2901 4780 3277 4837 contemnere,
3328 4770 3427 4826 ho-

1841 4857 2006 4912 minis
2035 4867 2119 4913 est
2143 4860 2363 4927 superbi
2388 4867 2441 4913 et
2465 4860 2670 4916 stolidi.

1917 4948 2150 5020 Didymi.
2206 4949 2362 5006 Scire
2413 4954 2561 5023 quod
2619 4954 2855 5019 nescias,
2912 4955 3152 5012 scientiae
3204 4964 3309 5022 est,
3367 4969 3427 5012 ut

1843 5056 2140 5113 agnoscere
2169 5042 2715 5112 suanﬁnjustitiam,
2752 5045 2997 5115 justitiae.

1914 5133 2187 5206 Sapientis
2218 5139 2463 5192 animum
2522 5139 2701 5210 inopia
2755 5142 3001 5210 pecuniae
3052 5120 3161 5196 non
3215 5140 3424 5211 dejicit,

1840 5243 1965 5284 cum
1989 5230 2164 5285 virtus
2188 5238 2244 5286 et
2271 5231 2540 5301 sapientia
2570 5232 2746 5304 ipsum
2777 5235 3059 5302 extollant,
3090 5246 3140 5291 et
3171 5235 3417 5291 altiorem

1839 5322 2070 5393 pecunia
2099 5324 2387 5380 collocent.

1915 5507 2178 5566 Platonis.
2203 5509 2396 5568 Omnis
2429 5511 2659 5570 scientia
2694 5514 2736 5570 si
2788 5524 3071 5586 separetur
3117 5530 3144 5569 a
3205 5514 3422 5583 justitia

1838 5612 1890 5658 et
1909 5603 2113 5675 reliqua
2133 5604 2353 5672 virtute,
2368 5606 2660 5674 calliditas,
2677 5618 2727 5664 et
2747 5624 2851 5664 non
2878 5607 3143 5679 sapientia
3167 5607 3418 5666 edicitur.

1912 5785 2258 5842 Antistlienis.
2319 5787 2670 5846 Antisthenes
2730 5789 3096 5862 interrogatus
3155 5789 3424 5861 quamob-

1841 5895 1952 5936 rem
1985 5879 2179 5938 divites
2209 5896 2318 5938 non
2361 5883 2505 5940 irent
2539 5886 2603 5936 ad
2638 5885 2932 5950 sapientes,
2961 5885 3058 5941 sed
3085 5883 3142 5941 hi
3173 5885 3240 5941 ad
3267 5885 3418 5946 illus,
