  <div class='ocr_page' id='page_1' title='image "/cluster/home/n/w/nwhite01/storage/ocr_20150623/136/hvd.32044019208305/477.png"; bbox 0 0 3780 6540; ppageno 0'>
   <div class='ocr_carea' id='block_1_1' title="bbox 391 379 518 442">
    <p class='ocr_par' dir='ltr' id='par_1_1' title="bbox 391 379 518 442">
     <span class='ocr_line' id='line_1_1' title="bbox 391 379 518 442; baseline 0 0"><span class='ocrx_word' id='word_1_1' title='bbox 391 379 518 442; x_wconf 74' lang='lat'><strong>‘939</strong></span> 
     </span>
    </p>
   </div>
   <div class='ocr_carea' id='block_1_2' title="bbox 1655 392 2006 474">
    <p class='ocr_par' dir='ltr' id='par_1_2' title="bbox 1655 392 1977 456">
     <span class='ocr_line' id='line_1_2' title="bbox 1655 392 1977 456; baseline 0.022 -7"><span class='ocrx_word' id='word_1_2' title='bbox 1655 392 1977 456; x_wconf 72' lang='lat' dir='ltr'><strong>ANTONII</strong></span> 
     </span>
    </p>
   </div>
   <div class='ocr_carea' id='block_1_3' title="bbox 2136 392 3632 474">
    <p class='ocr_par' dir='ltr' id='par_1_3' title="bbox 2136 401 3632 474">
     <span class='ocr_line' id='line_1_3' title="bbox 2136 401 3632 474; baseline 0.011 -16"><span class='ocrx_word' id='word_1_3' title='bbox 2136 401 2362 460; x_wconf 77' lang='lat' dir='ltr'><strong>LISS/B</strong></span> <span class='ocrx_word' id='word_1_4' title='bbox 3549 414 3632 474; x_wconf 58' lang='lat'><strong>940</strong></span> 
     </span>
    </p>
   </div>
   <div class='ocr_carea' id='block_1_4' title="bbox 411 494 2006 593">
    <p class='ocr_par' dir='ltr' id='par_1_4' title="bbox 411 494 2001 573">
     <span class='ocr_line' id='line_1_4' title="bbox 411 494 2001 573; baseline 0.008 -20"><span class='ocrx_word' id='word_1_5' title='bbox 411 494 736 553; x_wconf 78' lang='lat' dir='ltr'><strong>existimans</strong></span> <span class='ocrx_word' id='word_1_6' title='bbox 768 497 910 568; x_wconf 62' lang='lat' dir='ltr'><strong>(hinc</strong></span> <span class='ocrx_word' id='word_1_7' title='bbox 937 499 1082 555; x_wconf 89' lang='lat' dir='ltr'><strong>enim</strong></span> <span class='ocrx_word' id='word_1_8' title='bbox 1124 501 1411 571; x_wconf 78' lang='lat' dir='ltr'><strong>persuasio</strong></span> <span class='ocrx_word' id='word_1_9' title='bbox 1445 517 1539 573; x_wconf 88' lang='lat' dir='ltr'><strong>per</strong></span> <span class='ocrx_word' id='word_1_10' title='bbox 1571 504 1784 562; x_wconf 88' lang='lat' dir='ltr'><strong>laudem</strong></span> <span class='ocrx_word' id='word_1_11' title='bbox 1821 524 1876 566; x_wconf 84' lang='lat' dir='ltr'><strong>se</strong></span> <span class='ocrx_word' id='word_1_12' title='bbox 1921 512 2001 564; x_wconf 90' lang='lat' dir='ltr'><strong>in-</strong></span> 
     </span>
    </p>
   </div>
   <div class='ocr_carea' id='block_1_5' title="bbox 2136 494 3634 593">
    <p class='ocr_par' dir='ltr' id='par_1_5' title="bbox 2138 516 3634 593">
     <span class='ocr_line' id='line_1_5' title="bbox 2138 516 3634 593; baseline 0.01 -26"><span class='ocrx_word' id='word_1_13' title='bbox 2138 516 2388 588; x_wconf 79' lang='grc' dir='ltr'>ι).ηφέναι</span> <span class='ocrx_word' id='word_1_14' title='bbox 2420 517 2513 571; x_wconf 74' lang='grc' dir='ltr'><strong>τοῦ</strong></span> <span class='ocrx_word' id='word_1_15' title='bbox 2567 519 2768 589; x_wconf 79' lang='grc' dir='ltr'>δρόμου</span> <span class='ocrx_word' id='word_1_16' title='bbox 2803 523 2863 573; x_wconf 68' lang='grc' dir='ltr'><strong>τὸ</strong></span> <span class='ocrx_word' id='word_1_17' title='bbox 2908 523 3088 593; x_wconf 80' lang='grc' dir='ltr'><strong>τέρμα</strong></span> <span class='ocrx_word' id='word_1_18' title='bbox 3124 521 3302 591; x_wconf 76' lang='grc' dir='ltr'>(τοῦτο</span> <span class='ocrx_word' id='word_1_19' title='bbox 3331 521 3434 591; x_wconf 78' lang='grc' dir='ltr'>γὰρ</span> <span class='ocrx_word' id='word_1_20' title='bbox 3461 524 3485 575; x_wconf 86' lang='grc' dir='ltr'><strong>ὁ</strong></span> <span class='ocrx_word' id='word_1_21' title='bbox 3512 526 3634 582; x_wconf 74' lang='grc' dir='ltr'>ἐπαι-</span> 
     </span>
    </p>
   </div>
   <div class='ocr_carea' id='block_1_6' title="bbox 412 589 1761 670">
    <p class='ocr_par' dir='ltr' id='par_1_6' title="bbox 412 589 1761 670">
     <span class='ocr_line' id='line_1_6' title="bbox 412 589 1761 670; baseline 0.007 -24"><span class='ocrx_word' id='word_1_22' title='bbox 412 589 622 660; x_wconf 88' lang='lat' dir='ltr'><strong>sinuat)</strong></span> <span class='ocrx_word' id='word_1_23' title='bbox 651 606 877 648; x_wconf 88' lang='lat' dir='ltr'><strong>currere</strong></span> <span class='ocrx_word' id='word_1_24' title='bbox 909 593 1127 651; x_wconf 88' lang='lat' dir='ltr'><strong>desinit.</strong></span> <span class='ocrx_word' id='word_1_25' title='bbox 1165 604 1216 651; x_wconf 71' lang='lat' dir='ltr'><strong>et</strong></span> <span class='ocrx_word' id='word_1_26' title='bbox 1247 595 1535 653; x_wconf 86' lang='lat' dir='ltr'><strong>victoriam</strong></span> <span class='ocrx_word' id='word_1_27' title='bbox 1558 599 1761 670; x_wconf 84' lang='lat' dir='ltr'><strong>perdit.</strong></span> 
     </span>
    </p>
   </div>
   <div class='ocr_carea' id='block_1_7' title="bbox 482 769 1995 850">
    <p class='ocr_par' dir='ltr' id='par_1_7' title="bbox 482 769 1995 850">
     <span class='ocr_line' id='line_1_7' title="bbox 482 769 1995 850; baseline 0.007 -24"><span class='ocrx_word' id='word_1_28' title='bbox 482 769 830 826; x_wconf 76' lang='lat' dir='ltr'><strong>Moschionis.</strong></span> <span class='ocrx_word' id='word_1_29' title='bbox 859 769 922 827; x_wconf 88' lang='lat' dir='ltr'><strong>Si</strong></span> <span class='ocrx_word' id='word_1_30' title='bbox 952 773 1090 828; x_wconf 85' lang='lat' dir='ltr'><strong>bene</strong></span> <span class='ocrx_word' id='word_1_31' title='bbox 1117 773 1308 831; x_wconf 83' lang='lat' dir='ltr'><strong>audire</strong></span> <span class='ocrx_word' id='word_1_32' title='bbox 1333 790 1512 846; x_wconf 80' lang='lat' dir='ltr'><strong>cupis,</strong></span> <span class='ocrx_word' id='word_1_33' title='bbox 1552 777 1692 834; x_wconf 82' lang='lat' dir='ltr'><strong>bene</strong></span> <span class='ocrx_word' id='word_1_34' title='bbox 1724 778 1872 850; x_wconf 90' lang='lat' dir='ltr'><strong>loqui</strong></span> <span class='ocrx_word' id='word_1_35' title='bbox 1910 781 1995 835; x_wconf 85' lang='lat' dir='ltr'><strong>di-</strong></span> 
     </span>
    </p>
   </div>
   <div class='ocr_carea' id='block_1_8' title="bbox 404 863 1997 933">
    <p class='ocr_par' dir='ltr' id='par_1_8' title="bbox 404 863 1997 933">
     <span class='ocr_line' id='line_1_8' title="bbox 404 863 1997 933; baseline 0.008 -15"><span class='ocrx_word' id='word_1_36' title='bbox 404 877 556 919; x_wconf 75' lang='lat' dir='ltr'><strong>scas.</strong></span> <span class='ocrx_word' id='word_1_37' title='bbox 593 863 821 920; x_wconf 87' lang='lat' dir='ltr'><strong>Coneris</strong></span> <span class='ocrx_word' id='word_1_38' title='bbox 855 865 992 922; x_wconf 83' lang='lat' dir='ltr'><strong>bene</strong></span> <span class='ocrx_word' id='word_1_39' title='bbox 1007 863 1216 933; x_wconf 64' lang='lat' dir='ltr'><strong>facere,</strong></span> <span class='ocrx_word' id='word_1_40' title='bbox 1235 876 1289 925; x_wconf 91' lang='lat' dir='ltr'><strong>et</strong></span> <span class='ocrx_word' id='word_1_41' title='bbox 1319 869 1402 926; x_wconf 90' lang='lat' dir='ltr'><strong>sic</strong></span> <span class='ocrx_word' id='word_1_42' title='bbox 1433 869 1569 927; x_wconf 82' lang='lat' dir='ltr'><strong>bene</strong></span> <span class='ocrx_word' id='word_1_43' title='bbox 1595 871 1849 928; x_wconf 87' lang='lat' dir='ltr'><strong>audiendi</strong></span> <span class='ocrx_word' id='word_1_44' title='bbox 1875 873 1997 930; x_wconf 84' lang='lat' dir='ltr'><strong>fru-</strong></span> 
     </span>
    </p>
   </div>
   <div class='ocr_carea' id='block_1_9' title="bbox 404 957 864 1025">
    <p class='ocr_par' dir='ltr' id='par_1_9' title="bbox 404 957 864 1025">
     <span class='ocr_line' id='line_1_9' title="bbox 404 957 864 1025; baseline 0.002 -14"><span class='ocrx_word' id='word_1_45' title='bbox 404 962 560 1012; x_wconf 84' lang='lat' dir='ltr'><strong>ctum</strong></span> <span class='ocrx_word' id='word_1_46' title='bbox 590 957 864 1025; x_wconf 86' lang='lat' dir='ltr'><strong>acquires.</strong></span> 
     </span>
    </p>
   </div>
   <div class='ocr_carea' id='block_1_10' title="bbox 494 1048 2000 1126">
    <p class='ocr_par' dir='ltr' id='par_1_10' title="bbox 494 1048 2000 1126">
     <span class='ocr_line' id='line_1_10' title="bbox 494 1048 2000 1126; baseline 0.009 -23"><span class='ocrx_word' id='word_1_47' title='bbox 494 1048 757 1122; x_wconf 72' lang='lat' dir='ltr'><strong>Polymni.</strong></span> <span class='ocrx_word' id='word_1_48' title='bbox 791 1049 1100 1109; x_wconf 64' lang='lat' dir='ltr'><strong>Praisentes</strong></span> <span class='ocrx_word' id='word_1_49' title='bbox 1127 1068 1307 1125; x_wconf 85' lang='lat' dir='ltr'><strong>neque</strong></span> <span class='ocrx_word' id='word_1_50' title='bbox 1337 1055 1633 1126; x_wconf 75' lang='lat' dir='ltr'><strong>vitupercs,</strong></span> <span class='ocrx_word' id='word_1_51' title='bbox 1673 1073 1850 1126; x_wconf 89' lang='lat' dir='ltr'><strong>neque</strong></span> <span class='ocrx_word' id='word_1_52' title='bbox 1883 1059 2000 1116; x_wconf 81' lang='lat' dir='ltr'><strong>lau-</strong></span> 
     </span>
    </p>
   </div>
   <div class='ocr_carea' id='block_1_11' title="bbox 416 1141 1998 1220">
    <p class='ocr_par' dir='ltr' id='par_1_11' title="bbox 416 1141 1998 1220">
     <span class='ocr_line' id='line_1_11' title="bbox 416 1141 1998 1220; baseline 0.006 -24"><span class='ocrx_word' id='word_1_53' title='bbox 416 1141 537 1208; x_wconf 87' lang='lat' dir='ltr'><strong>des,</strong></span> <span class='ocrx_word' id='word_1_54' title='bbox 567 1142 675 1198; x_wconf 90' lang='lat' dir='ltr'><strong>hoc</strong></span> <span class='ocrx_word' id='word_1_55' title='bbox 699 1143 844 1198; x_wconf 82' lang='lat' dir='ltr'><strong>enim</strong></span> <span class='ocrx_word' id='word_1_56' title='bbox 876 1143 1273 1215; x_wconf 78' lang='lat' dir='ltr'><strong>adulationem,</strong></span> <span class='ocrx_word' id='word_1_57' title='bbox 1311 1146 1445 1203; x_wconf 89' lang='lat' dir='ltr'><strong>illud</strong></span> <span class='ocrx_word' id='word_1_58' title='bbox 1492 1147 1604 1220; x_wconf 80' lang='lat'><strong>93</strong></span> <span class='ocrx_word' id='word_1_59' title='bbox 1657 1148 1998 1212; x_wconf 71' lang='lat' dir='ltr'><strong>inimicitiam</strong></span> 
     </span>
    </p>
   </div>
   <div class='ocr_carea' id='block_1_12' title="bbox 412 1235 579 1305">
    <p class='ocr_par' dir='ltr' id='par_1_12' title="bbox 412 1235 579 1305">
     <span class='ocr_line' id='line_1_12' title="bbox 412 1235 579 1305; baseline 0.036 -17"><span class='ocrx_word' id='word_1_60' title='bbox 412 1235 579 1305; x_wconf 79' lang='lat' dir='ltr'><strong>parit.</strong></span> 
     </span>
    </p>
   </div>
   <div class='ocr_carea' id='block_1_13' title="bbox 489 1327 2001 1404">
    <p class='ocr_par' dir='ltr' id='par_1_13' title="bbox 489 1327 2001 1404">
     <span class='ocr_line' id='line_1_13' title="bbox 489 1327 2001 1404; baseline 0.007 -22"><span class='ocrx_word' id='word_1_61' title='bbox 489 1327 809 1400; x_wconf 69' lang='lat' dir='ltr'><strong>Antagem&#39;s.</strong></span> <span class='ocrx_word' id='word_1_62' title='bbox 860 1331 1092 1401; x_wconf 85' lang='lat' dir='ltr'><strong>Operam</strong></span> <span class='ocrx_word' id='word_1_63' title='bbox 1116 1331 1183 1387; x_wconf 90' lang='lat' dir='ltr'><strong>da</strong></span> <span class='ocrx_word' id='word_1_64' title='bbox 1216 1343 1274 1389; x_wconf 94' lang='lat' dir='ltr'><strong>ut</strong></span> <span class='ocrx_word' id='word_1_65' title='bbox 1307 1333 1466 1392; x_wconf 83' lang='lat' dir='ltr'><strong>vivus</strong></span> <span class='ocrx_word' id='word_1_66' title='bbox 1501 1335 1814 1404; x_wconf 87' lang='lat' dir='ltr'><strong>laudabilis,</strong></span> <span class='ocrx_word' id='word_1_67' title='bbox 1850 1354 2001 1395; x_wconf 89' lang='lat' dir='ltr'><strong>mor-</strong></span> 
     </span>
    </p>
   </div>
   <div class='ocr_carea' id='block_1_14' title="bbox 411 1424 1298 1496">
    <p class='ocr_par' dir='ltr' id='par_1_14' title="bbox 411 1424 1298 1496">
     <span class='ocr_line' id='line_1_14' title="bbox 411 1424 1298 1496; baseline 0.011 -23"><span class='ocrx_word' id='word_1_68' title='bbox 411 1425 545 1476; x_wconf 86' lang='lat' dir='ltr'><strong>tuus</strong></span> <span class='ocrx_word' id='word_1_69' title='bbox 573 1434 753 1477; x_wconf 87' lang='lat' dir='ltr'><strong>autem</strong></span> <span class='ocrx_word' id='word_1_70' title='bbox 789 1425 983 1481; x_wconf 84' lang='lat' dir='ltr'><strong>beatus</strong></span> <span class='ocrx_word' id='word_1_71' title='bbox 1009 1424 1298 1496; x_wconf 78' lang='lat' dir='ltr'><strong>judiceris.</strong></span> 
     </span>
    </p>
   </div>
   <div class='ocr_carea' id='block_1_15' title="bbox 489 1509 2004 1590">
    <p class='ocr_par' dir='ltr' id='par_1_15' title="bbox 489 1509 2004 1590">
     <span class='ocr_line' id='line_1_15' title="bbox 489 1509 2004 1590; baseline 0.012 -25"><span class='ocrx_word' id='word_1_72' title='bbox 489 1509 638 1567; x_wconf 84' lang='lat' dir='ltr'><strong>Idem</strong></span> <span class='ocrx_word' id='word_1_73' title='bbox 671 1513 827 1582; x_wconf 81' lang='lat' dir='ltr'><strong>dixit,</strong></span> <span class='ocrx_word' id='word_1_74' title='bbox 855 1515 996 1571; x_wconf 91' lang='lat' dir='ltr'><strong>Cum</strong></span> <span class='ocrx_word' id='word_1_75' title='bbox 1031 1519 1184 1574; x_wconf 91' lang='lat' dir='ltr'><strong>multi</strong></span> <span class='ocrx_word' id='word_1_76' title='bbox 1225 1536 1312 1577; x_wconf 90' lang='lat' dir='ltr'><strong>me</strong></span> <span class='ocrx_word' id='word_1_77' title='bbox 1345 1519 1593 1590; x_wconf 86' lang='lat' dir='ltr'><strong>laudant,</strong></span> <span class='ocrx_word' id='word_1_78' title='bbox 1629 1534 1742 1578; x_wconf 92' lang='lat' dir='ltr'><strong>tum</strong></span> <span class='ocrx_word' id='word_1_79' title='bbox 1802 1526 2004 1583; x_wconf 88' lang='lat' dir='ltr'><strong>nullius</strong></span> 
     </span>
    </p>
   </div>
   <div class='ocr_carea' id='block_1_16' title="bbox 414 1605 2001 1688">
    <p class='ocr_par' dir='ltr' id='par_1_16' title="bbox 414 1605 2001 1688">
     <span class='ocr_line' id='line_1_16' title="bbox 414 1605 2001 1688; baseline 0.01 -29"><span class='ocrx_word' id='word_1_80' title='bbox 414 1605 580 1676; x_wconf 79' lang='lat' dir='ltr'><strong>pretii</strong></span> <span class='ocrx_word' id='word_1_81' title='bbox 611 1607 885 1678; x_wconf 90' lang='lat' dir='ltr'><strong>meipsum</strong></span> <span class='ocrx_word' id='word_1_82' title='bbox 929 1612 1223 1682; x_wconf 77' lang='lat' dir='ltr'><strong>existimo;</strong></span> <span class='ocrx_word' id='word_1_83' title='bbox 1257 1631 1380 1670; x_wconf 91' lang='lat' dir='ltr'><strong>cum</strong></span> <span class='ocrx_word' id='word_1_84' title='bbox 1415 1633 1543 1672; x_wconf 77' lang='lat' dir='ltr'><strong>vero</strong></span> <span class='ocrx_word' id='word_1_85' title='bbox 1569 1619 1748 1688; x_wconf 74' lang='lat' dir='ltr'><strong>pauci,</strong></span> <span class='ocrx_word' id='word_1_86' title='bbox 1796 1620 2001 1676; x_wconf 90' lang='lat' dir='ltr'><strong>bonum</strong></span> 
     </span>
    </p>
   </div>
   <div class='ocr_carea' id='block_1_17' title="bbox 417 1700 1115 1771">
    <p class='ocr_par' dir='ltr' id='par_1_17' title="bbox 417 1700 1115 1771">
     <span class='ocr_line' id='line_1_17' title="bbox 417 1700 1115 1771; baseline 0.013 -20"><span class='ocrx_word' id='word_1_87' title='bbox 417 1703 474 1751; x_wconf 87' lang='lat' dir='ltr'><strong>et</strong></span> <span class='ocrx_word' id='word_1_88' title='bbox 503 1700 783 1771; x_wconf 75' lang='lat' dir='ltr'><strong>egregium</strong></span> <span class='ocrx_word' id='word_1_89' title='bbox 816 1703 1115 1760; x_wconf 83' lang='lat' dir='ltr'><strong>hominem.</strong></span> 
     </span>
    </p>
   </div>
   <div class='ocr_carea' id='block_1_18' title="bbox 483 1788 2004 1870">
    <p class='ocr_par' dir='ltr' id='par_1_18' title="bbox 483 1788 2004 1870">
     <span class='ocr_line' id='line_1_18' title="bbox 483 1788 2004 1870; baseline 0.011 -26"><span class='ocrx_word' id='word_1_90' title='bbox 483 1788 742 1848; x_wconf 79' lang='lat' dir='ltr'><strong>Civitatis</strong></span> <span class='ocrx_word' id='word_1_91' title='bbox 767 1806 1148 1852; x_wconf 84' lang='lat' dir='ltr'><strong>ornamentum</strong></span> <span class='ocrx_word' id='word_1_92' title='bbox 1177 1808 1258 1854; x_wconf 91' lang='lat' dir='ltr'><strong>est</strong></span> <span class='ocrx_word' id='word_1_93' title='bbox 1281 1799 1544 1856; x_wconf 78' lang='lat' dir='ltr'><strong>fortitudo</strong></span> <span class='ocrx_word' id='word_1_94' title='bbox 1570 1803 1844 1870; x_wconf 86' lang='lat' dir='ltr'><strong>virorum;</strong></span> <span class='ocrx_word' id='word_1_95' title='bbox 1883 1819 2004 1860; x_wconf 88' lang='lat' dir='ltr'><strong>cor-</strong></span> 
     </span>
    </p>
   </div>
   <div class='ocr_carea' id='block_1_19' title="bbox 2101 609 3635 688">
    <p class='ocr_par' dir='ltr' id='par_1_19' title="bbox 2101 609 3635 688">
     <span class='ocr_line' id='line_1_19' title="bbox 2101 609 3635 688; baseline 0.005 -25"><span class='ocrx_word' id='word_1_96' title='bbox 2101 627 2189 672; x_wconf 88' lang='grc' dir='ltr'><strong>νος</strong></span> <span class='ocrx_word' id='word_1_97' title='bbox 2220 609 2620 682; x_wconf 84' lang='grc' dir='ltr'>ὑπαινὶττεται)</span> <span class='ocrx_word' id='word_1_98' title='bbox 2640 612 2882 664; x_wconf 85' lang='grc' dir='ltr'>παύεται</span> <span class='ocrx_word' id='word_1_99' title='bbox 2905 611 3000 665; x_wconf 75' lang='grc' dir='ltr'><strong>τοῦ</strong></span> <span class='ocrx_word' id='word_1_100' title='bbox 3029 613 3267 683; x_wconf 80' lang='grc' dir='ltr'><strong>τρέχειν,</strong></span> <span class='ocrx_word' id='word_1_101' title='bbox 3291 613 3383 666; x_wconf 66' lang='grc' dir='ltr'>καὶ</span> <span class='ocrx_word' id='word_1_102' title='bbox 3401 613 3489 683; x_wconf 68' lang='grc' dir='ltr'>τὴν</span> <span class='ocrx_word' id='word_1_103' title='bbox 3512 617 3635 688; x_wconf 79' lang='grc' dir='ltr'>νίκην</span> 
     </span>
    </p>
   </div>
   <div class='ocr_carea' id='block_1_20' title="bbox 2100 702 3616 778">
    <p class='ocr_par' dir='ltr' id='par_1_20' title="bbox 2100 702 3616 778">
     <span class='ocr_line' id='line_1_20' title="bbox 2100 702 3616 778; baseline 0.004 -22"><span class='ocrx_word' id='word_1_104' title='bbox 2100 702 2382 758; x_wconf 81' lang='grc' dir='ltr'>ἀπόλλυσι.</span> <span class='ocrx_word' id='word_1_105' title='bbox 3614 775 3616 778; x_wconf 15' lang='grc' dir='ltr'>ν</span> 
     </span>
    </p>
   </div>
   <div class='ocr_carea' id='block_1_21' title="bbox 2175 797 3632 869">
    <p class='ocr_par' dir='ltr' id='par_1_21' title="bbox 2175 797 3632 869">
     <span class='ocr_line' id='line_1_21' title="bbox 2175 797 3632 869; baseline 0.004 -21"><span class='ocrx_word' id='word_1_106' title='bbox 2175 797 2234 850; x_wconf 84' lang='grc' dir='ltr'>Εἰ</span> <span class='ocrx_word' id='word_1_107' title='bbox 2267 797 2443 860; x_wconf 76' lang='grc' dir='ltr'>θέλεις</span> <span class='ocrx_word' id='word_1_108' title='bbox 2478 797 2658 861; x_wconf 86' lang='grc' dir='ltr'>καλῶς</span> <span class='ocrx_word' id='word_1_109' title='bbox 2694 799 2938 867; x_wconf 82' lang='grc' dir='ltr'><strong>ἀκούειν,</strong></span> <span class='ocrx_word' id='word_1_110' title='bbox 2980 799 3221 869; x_wconf 84' lang='grc' dir='ltr'>μάνθανε</span> <span class='ocrx_word' id='word_1_111' title='bbox 3256 798 3432 862; x_wconf 84' lang='grc' dir='ltr'>καλῶς</span> <span class='ocrx_word' id='word_1_112' title='bbox 3459 799 3632 869; x_wconf 76' lang='grc' dir='ltr'>λέγειν·</span> 
     </span>
    </p>
   </div>
   <div class='ocr_carea' id='block_1_22' title="bbox 2106 887 3638 967">
    <p class='ocr_par' dir='ltr' id='par_1_22' title="bbox 2106 887 3638 967">
     <span class='ocr_line' id='line_1_22' title="bbox 2106 887 3638 967; baseline 0.007 -26"><span class='ocrx_word' id='word_1_113' title='bbox 2106 887 2281 959; x_wconf 84' lang='grc' dir='ltr'>πειρῶ</span> <span class='ocrx_word' id='word_1_114' title='bbox 2314 888 2496 953; x_wconf 88' lang='grc' dir='ltr'>καλῶς</span> <span class='ocrx_word' id='word_1_115' title='bbox 2542 892 2826 961; x_wconf 84' lang='grc' dir='ltr'>πράττειν,</span> <span class='ocrx_word' id='word_1_116' title='bbox 2862 892 2958 946; x_wconf 74' lang='grc' dir='ltr'>καὶ</span> <span class='ocrx_word' id='word_1_117' title='bbox 2992 891 3166 956; x_wconf 75' lang='grc' dir='ltr'>οὕτως</span> <span class='ocrx_word' id='word_1_118' title='bbox 3199 892 3465 967; x_wconf 73' lang='grc' dir='ltr'>καρπώσῃ</span> <span class='ocrx_word' id='word_1_119' title='bbox 3487 896 3541 948; x_wconf 75' lang='grc' dir='ltr'><strong>τὸ</strong></span> <span class='ocrx_word' id='word_1_120' title='bbox 3565 915 3638 952; x_wconf 76' lang='grc' dir='ltr'>κα-</span> 
     </span>
    </p>
   </div>
   <div class='ocr_carea' id='block_1_23' title="bbox 2101 983 2484 1046">
    <p class='ocr_par' dir='ltr' id='par_1_23' title="bbox 2101 983 2484 1046">
     <span class='ocr_line' id='line_1_23' title="bbox 2101 983 2484 1046; baseline -0.003 -9"><span class='ocrx_word' id='word_1_121' title='bbox 2101 983 2210 1046; x_wconf 87' lang='grc' dir='ltr'><strong>λῶς</strong></span> <span class='ocrx_word' id='word_1_122' title='bbox 2240 983 2484 1037; x_wconf 83' lang='grc' dir='ltr'><strong>ἀκούειν.</strong></span> 
     </span>
    </p>
   </div>
   <div class='ocr_carea' id='block_1_24' title="bbox 2182 1072 3636 1150">
    <p class='ocr_par' dir='ltr' id='par_1_24' title="bbox 2182 1072 3636 1150">
     <span class='ocr_line' id='line_1_24' title="bbox 2182 1072 3636 1150; baseline 0.006 -24"><span class='ocrx_word' id='word_1_123' title='bbox 2182 1072 2473 1144; x_wconf 85' lang='grc' dir='ltr'>Παρόντων</span> <span class='ocrx_word' id='word_1_124' title='bbox 2507 1073 2609 1143; x_wconf 86' lang='grc' dir='ltr'>μὲν</span> <span class='ocrx_word' id='word_1_125' title='bbox 2641 1076 2782 1143; x_wconf 80' lang='grc' dir='ltr'>μήτε</span> <span class='ocrx_word' id='word_1_126' title='bbox 2826 1074 2987 1143; x_wconf 71' lang='grc' dir='ltr'>ψέγε,</span> <span class='ocrx_word' id='word_1_127' title='bbox 3029 1077 3170 1146; x_wconf 74' lang='grc' dir='ltr'>μήτε</span> <span class='ocrx_word' id='word_1_128' title='bbox 3209 1074 3452 1130; x_wconf 80' lang='grc' dir='ltr'>ἐπαίνει·</span> <span class='ocrx_word' id='word_1_129' title='bbox 3476 1077 3528 1130; x_wconf 70' lang='grc' dir='ltr'>τὸ</span> <span class='ocrx_word' id='word_1_130' title='bbox 3561 1080 3636 1150; x_wconf 71' lang='grc' dir='ltr'>μὲν</span> 
     </span>
    </p>
   </div>
   <div class='ocr_carea' id='block_1_25' title="bbox 2105 1164 3192 1238">
    <p class='ocr_par' dir='ltr' id='par_1_25' title="bbox 2105 1164 3192 1238">
     <span class='ocr_line' id='line_1_25' title="bbox 2105 1164 3192 1238; baseline 0.003 -19"><span class='ocrx_word' id='word_1_131' title='bbox 2105 1165 2213 1237; x_wconf 80' lang='grc' dir='ltr'><strong>γὰρ</strong></span> <span class='ocrx_word' id='word_1_132' title='bbox 2256 1164 2460 1238; x_wconf 72' lang='grc' dir='ltr'>ἔχθραν</span> <span class='ocrx_word' id='word_1_133' title='bbox 2491 1165 2669 1237; x_wconf 73' lang='grc' dir='ltr'>φέρει,</span> <span class='ocrx_word' id='word_1_134' title='bbox 2692 1167 2754 1222; x_wconf 76' lang='grc' dir='ltr'>τὸ</span> <span class='ocrx_word' id='word_1_135' title='bbox 2780 1166 2838 1224; x_wconf 80' lang='grc' dir='ltr'><strong>δὲ</strong></span> <span class='ocrx_word' id='word_1_136' title='bbox 2873 1167 3192 1224; x_wconf 77' lang='grc' dir='ltr'><strong>κολακείαν.</strong></span> 
     </span>
    </p>
   </div>
   <div class='ocr_carea' id='block_1_26' title="bbox 2176 1346 3470 1421">
    <p class='ocr_par' dir='ltr' id='par_1_26' title="bbox 2176 1346 3470 1421">
     <span class='ocr_line' id='line_1_26' title="bbox 2176 1346 3470 1421; baseline 0.002 -21"><span class='ocrx_word' id='word_1_137' title='bbox 2176 1346 2296 1400; x_wconf 86' lang='grc' dir='ltr'><strong>Ζῶν</strong></span> <span class='ocrx_word' id='word_1_138' title='bbox 2327 1347 2430 1418; x_wconf 83' lang='grc' dir='ltr'>μὲν</span> <span class='ocrx_word' id='word_1_139' title='bbox 2457 1347 2706 1415; x_wconf 82' lang='grc' dir='ltr'>ἐπαινοῦ,</span> <span class='ocrx_word' id='word_1_140' title='bbox 2729 1349 3019 1404; x_wconf 81' lang='grc' dir='ltr'>ἀποθανὼν</span> <span class='ocrx_word' id='word_1_141' title='bbox 3046 1350 3104 1404; x_wconf 66' lang='grc' dir='ltr'><strong>δὲ</strong></span> <span class='ocrx_word' id='word_1_142' title='bbox 3145 1351 3470 1421; x_wconf 78' lang='grc' dir='ltr'>μακαρίζου.</span> 
     </span>
    </p>
   </div>
   <div class='ocr_carea' id='block_1_27' title="bbox 2187 1529 3642 1603">
    <p class='ocr_par' dir='ltr' id='par_1_27' title="bbox 2187 1529 3642 1603">
     <span class='ocr_line' id='line_1_27' title="bbox 2187 1529 3642 1603; baseline -0.001 -13"><span class='ocrx_word' id='word_1_143' title='bbox 2187 1537 2249 1590; x_wconf 85' lang='grc' dir='ltr'>ὐ</span> <span class='ocrx_word' id='word_1_144' title='bbox 2281 1535 2441 1598; x_wconf 80' lang='grc' dir='ltr'>αὐτὸς</span> <span class='ocrx_word' id='word_1_145' title='bbox 2491 1529 2668 1601; x_wconf 68' lang='grc' dir='ltr'>εἶπεν,</span> <span class='ocrx_word' id='word_1_146' title='bbox 2712 1534 2886 1588; x_wconf 86' lang='grc' dir='ltr'>Ὅταν</span> <span class='ocrx_word' id='word_1_147' title='bbox 2940 1535 3208 1590; x_wconf 86' lang='grc' dir='ltr'>ἐπαινῶσί</span> <span class='ocrx_word' id='word_1_148' title='bbox 3245 1550 3315 1603; x_wconf 90' lang='grc' dir='ltr'><strong>με</strong></span> <span class='ocrx_word' id='word_1_149' title='bbox 3345 1533 3534 1600; x_wconf 63' lang='grc' dir='ltr'>πολλοὶ,</span> <span class='ocrx_word' id='word_1_150' title='bbox 3550 1536 3642 1588; x_wconf 78' lang='grc' dir='ltr'>τότε</span> 
     </span>
    </p>
   </div>
   <div class='ocr_carea' id='block_1_28' title="bbox 2107 1623 3641 1696">
    <p class='ocr_par' dir='ltr' id='par_1_28' title="bbox 2107 1623 3641 1696">
     <span class='ocr_line' id='line_1_28' title="bbox 2107 1623 3641 1696; baseline -0.001 -16"><span class='ocrx_word' id='word_1_151' title='bbox 2107 1625 2316 1696; x_wconf 79' lang='grc' dir='ltr'>νομίζω</span> <span class='ocrx_word' id='word_1_152' title='bbox 2353 1625 2580 1696; x_wconf 80' lang='grc' dir='ltr'>μηδενὸς</span> <span class='ocrx_word' id='word_1_153' title='bbox 2625 1626 2772 1692; x_wconf 78' lang='grc' dir='ltr'>ἄξιος</span> <span class='ocrx_word' id='word_1_154' title='bbox 2809 1623 2948 1682; x_wconf 75' lang='grc' dir='ltr'>εῖναι</span> <span class='ocrx_word' id='word_1_155' title='bbox 2974 1643 2990 1658; x_wconf 78' lang='grc' dir='ltr'><strong>ο</strong></span> <span class='ocrx_word' id='word_1_156' title='bbox 3029 1629 3157 1682; x_wconf 79' lang='grc' dir='ltr'>ὅταν</span> <span class='ocrx_word' id='word_1_157' title='bbox 3198 1627 3258 1680; x_wconf 79' lang='grc' dir='ltr'><strong>δὲ</strong></span> <span class='ocrx_word' id='word_1_158' title='bbox 3303 1625 3486 1694; x_wconf 79' lang='grc' dir='ltr'><strong>ὀλίγοι,</strong></span> <span class='ocrx_word' id='word_1_159' title='bbox 3512 1644 3641 1679; x_wconf 59' lang='lat' dir='ltr'><strong>arou-</strong></span> 
     </span>
    </p>
   </div>
   <div class='ocr_carea' id='block_1_29' title="bbox 2105 1719 2587 1790">
    <p class='ocr_par' dir='ltr' id='par_1_29' title="bbox 2105 1719 2587 1790">
     <span class='ocr_line' id='line_1_29' title="bbox 2105 1719 2587 1790; baseline -0.002 -16"><span class='ocrx_word' id='word_1_160' title='bbox 2105 1722 2253 1782; x_wconf 84' lang='grc' dir='ltr'>δαῖος</span> <span class='ocrx_word' id='word_1_161' title='bbox 2281 1719 2378 1774; x_wconf 84' lang='grc' dir='ltr'>ἄνθ</span> <span class='ocrx_word' id='word_1_162' title='bbox 2388 1736 2587 1790; x_wconf 84' lang='grc' dir='ltr'>ρωπος.</span> 
     </span>
    </p>
   </div>
   <div class='ocr_carea' id='block_1_30' title="bbox 2181 1811 3641 1882">
    <p class='ocr_par' dir='ltr' id='par_1_30' title="bbox 2181 1811 3641 1882">
     <span class='ocr_line' id='line_1_30' title="bbox 2181 1811 3641 1882; baseline -0.004 -16"><span class='ocrx_word' id='word_1_163' title='bbox 2181 1814 2400 1881; x_wconf 85' lang='grc' dir='ltr'>Κόσμος</span> <span class='ocrx_word' id='word_1_164' title='bbox 2449 1813 2603 1865; x_wconf 86' lang='grc' dir='ltr'>πόλει</span> <span class='ocrx_word' id='word_1_165' title='bbox 2651 1811 2749 1882; x_wconf 82' lang='grc' dir='ltr'>μὲν</span> <span class='ocrx_word' id='word_1_166' title='bbox 2795 1812 3072 1882; x_wconf 80' lang='grc' dir='ltr'><strong>εὐανδρία,</strong></span> <span class='ocrx_word' id='word_1_167' title='bbox 3104 1811 3321 1881; x_wconf 85' lang='grc' dir='ltr'>σώματι</span> <span class='ocrx_word' id='word_1_168' title='bbox 3365 1811 3419 1864; x_wconf 79' lang='grc' dir='ltr'><strong>δὲ</strong></span> <span class='ocrx_word' id='word_1_169' title='bbox 3457 1811 3641 1874; x_wconf 74' lang='grc' dir='ltr'>κάλλος·</span> 
     </span>
    </p>
   </div>
   <div class='ocr_carea' id='block_1_31' title="bbox 418 1866 2006 1977">
    <p class='ocr_par' dir='ltr' id='par_1_31' title="bbox 418 1879 2002 1961">
     <span class='ocr_line' id='line_1_31' title="bbox 418 1879 2002 1961; baseline 0.013 -27"><span class='ocrx_word' id='word_1_170' title='bbox 418 1879 588 1948; x_wconf 79' lang='lat' dir='ltr'><strong>poris,</strong></span> <span class='ocrx_word' id='word_1_171' title='bbox 610 1883 991 1954; x_wconf 83' lang='lat' dir='ltr'><strong>pulchritudo;</strong></span> <span class='ocrx_word' id='word_1_172' title='bbox 1016 1889 1232 1958; x_wconf 67' lang='lat' dir='ltr'><strong>animae,</strong></span> <span class='ocrx_word' id='word_1_173' title='bbox 1253 1892 1467 1961; x_wconf 88' lang='lat' dir='ltr'><strong>justitia</strong></span> <span class='ocrx_word' id='word_1_174' title='bbox 1483 1912 1497 1949; x_wconf 89' lang='lat'><strong>:</strong></span> <span class='ocrx_word' id='word_1_175' title='bbox 1516 1895 1600 1952; x_wconf 85' lang='lat' dir='ltr'><strong>his</strong></span> <span class='ocrx_word' id='word_1_176' title='bbox 1614 1899 1886 1952; x_wconf 85' lang='lat' dir='ltr'><strong>contraria</strong></span> <span class='ocrx_word' id='word_1_177' title='bbox 1906 1899 2002 1955; x_wconf 82' lang='lat' dir='ltr'><strong>de-</strong></span> 
     </span>
    </p>
   </div>
   <div class='ocr_carea' id='block_1_32' title="bbox 2136 1866 3644 1977">
    <p class='ocr_par' dir='ltr' id='par_1_32' title="bbox 2136 1902 3644 1977">
     <span class='ocr_line' id='line_1_32' title="bbox 2136 1902 3644 1977; baseline -0.003 -19"><span class='ocrx_word' id='word_1_178' title='bbox 2136 1906 2260 1976; x_wconf 59' lang='grc' dir='ltr'>μυχῇ</span> <span class='ocrx_word' id='word_1_179' title='bbox 2293 1903 2359 1977; x_wconf 78' lang='grc'><strong>[1³.</strong></span> <span class='ocrx_word' id='word_1_180' title='bbox 2393 1906 2448 1960; x_wconf 81' lang='grc' dir='ltr'><strong>δὲ</strong></span> <span class='ocrx_word' id='word_1_181' title='bbox 2482 1902 2850 1973; x_wconf 77' lang='grc' dir='ltr'>δικαιοσύνηι.</span> <span class='ocrx_word' id='word_1_182' title='bbox 2879 1903 2947 1957; x_wconf 81' lang='grc' dir='ltr'>τὰ</span> <span class='ocrx_word' id='word_1_183' title='bbox 2973 1903 3015 1955; x_wconf 79' lang='grc' dir='ltr'><strong>δ’</strong></span> <span class='ocrx_word' id='word_1_184' title='bbox 3041 1903 3261 1956; x_wconf 89' lang='grc' dir='ltr'>ἐναντία</span> <span class='ocrx_word' id='word_1_185' title='bbox 3287 1902 3486 1956; x_wconf 75' lang='grc' dir='ltr'>τούτων</span> <span class='ocrx_word' id='word_1_186' title='bbox 3518 1903 3644 1957; x_wconf 68' lang='grc' dir='ltr'>ἄκος.</span> 
     </span>
    </p>
   </div>
   <div class='ocr_carea' id='block_1_33' title="bbox 421 1972 2001 2061">
    <p class='ocr_par' dir='ltr' id='par_1_33' title="bbox 421 1972 2001 2061">
     <span class='ocr_line' id='line_1_33' title="bbox 421 1972 2001 2061; baseline 0.013 -33"><span class='ocrx_word' id='word_1_187' title='bbox 421 1972 608 2031; x_wconf 86' lang='lat' dir='ltr'><strong>decori</strong></span> <span class='ocrx_word' id='word_1_188' title='bbox 669 1989 820 2036; x_wconf 90' lang='lat' dir='ltr'><strong>sunt.</strong></span> <span class='ocrx_word' id='word_1_189' title='bbox 880 1982 1114 2055; x_wconf 86' lang='lat' dir='ltr'><strong>Oportet</strong></span> <span class='ocrx_word' id='word_1_190' title='bbox 1143 1997 1325 2044; x_wconf 88' lang='lat' dir='ltr'><strong>autem</strong></span> <span class='ocrx_word' id='word_1_191' title='bbox 1374 1992 1580 2054; x_wconf 85' lang='lat' dir='ltr'><strong>virum,</strong></span> <span class='ocrx_word' id='word_1_192' title='bbox 1610 2002 1663 2047; x_wconf 89' lang='lat' dir='ltr'><strong>et</strong></span> <span class='ocrx_word' id='word_1_193' title='bbox 1693 1994 2001 2061; x_wconf 87' lang='lat' dir='ltr'><strong>mulierem,</strong></span> 
     </span>
    </p>
   </div>
   <div class='ocr_carea' id='block_1_34' title="bbox 421 2073 2003 2150">
    <p class='ocr_par' dir='ltr' id='par_1_34' title="bbox 421 2073 2003 2150">
     <span class='ocr_line' id='line_1_34' title="bbox 421 2073 2003 2150; baseline 0.015 -32"><span class='ocrx_word' id='word_1_194' title='bbox 421 2073 477 2118; x_wconf 91' lang='lat' dir='ltr'><strong>et</strong></span> <span class='ocrx_word' id='word_1_195' title='bbox 529 2081 868 2138; x_wconf 83' lang='lat' dir='ltr'><strong>sermonem,</strong></span> <span class='ocrx_word' id='word_1_196' title='bbox 917 2084 970 2130; x_wconf 89' lang='lat' dir='ltr'><strong>et</strong></span> <span class='ocrx_word' id='word_1_197' title='bbox 1011 2075 1252 2147; x_wconf 84' lang='lat' dir='ltr'><strong>factum,</strong></span> <span class='ocrx_word' id='word_1_198' title='bbox 1307 2089 1362 2136; x_wconf 91' lang='lat' dir='ltr'><strong>et</strong></span> <span class='ocrx_word' id='word_1_199' title='bbox 1413 2081 1724 2150; x_wconf 87' lang='lat' dir='ltr'><strong>civitatem,</strong></span> <span class='ocrx_word' id='word_1_200' title='bbox 1777 2095 1834 2140; x_wconf 88' lang='lat' dir='ltr'><strong>et</strong></span> <span class='ocrx_word' id='word_1_201' title='bbox 1891 2102 2003 2141; x_wconf 90' lang='lat' dir='ltr'><strong>rem</strong></span> 
     </span>
    </p>
   </div>
   <div class='ocr_carea' id='block_1_35' title="bbox 423 2159 2000 2244">
    <p class='ocr_par' dir='ltr' id='par_1_35' title="bbox 423 2159 2000 2244">
     <span class='ocr_line' id='line_1_35' title="bbox 423 2159 2000 2244; baseline 0.014 -34"><span class='ocrx_word' id='word_1_202' title='bbox 423 2159 750 2244; x_wconf 78' lang='lat' dir='ltr'><strong>quamlibet,</strong></span> <span class='ocrx_word' id='word_1_203' title='bbox 787 2164 830 2218; x_wconf 94' lang='lat' dir='ltr'><strong>si</strong></span> <span class='ocrx_word' id='word_1_204' title='bbox 867 2165 1030 2222; x_wconf 83' lang='lat' dir='ltr'><strong>laude</strong></span> <span class='ocrx_word' id='word_1_205' title='bbox 1062 2169 1222 2238; x_wconf 72' lang='lat' dir='ltr'><strong>digna</strong></span> <span class='ocrx_word' id='word_1_206' title='bbox 1263 2170 1354 2239; x_wconf 91' lang='lat' dir='ltr'><strong>sit,</strong></span> <span class='ocrx_word' id='word_1_207' title='bbox 1388 2173 1661 2230; x_wconf 87' lang='lat' dir='ltr'><strong>laudando</strong></span> <span class='ocrx_word' id='word_1_208' title='bbox 1689 2176 1964 2232; x_wconf 88' lang='lat' dir='ltr'><strong>honorare</strong></span> <span class='ocrx_word' id='word_1_209' title='bbox 1987 2218 2000 2244; x_wconf 94' lang='lat'><strong>,</strong></span> 
     </span>
    </p>
   </div>
   <div class='ocr_carea' id='block_1_36' title="bbox 425 2243 2006 2331">
    <p class='ocr_par' dir='ltr' id='par_1_36' title="bbox 425 2243 2006 2331">
     <span class='ocr_line' id='line_1_36' title="bbox 425 2243 2006 2331; baseline 0.017 -33"><span class='ocrx_word' id='word_1_210' title='bbox 425 2243 704 2319; x_wconf 81' lang='lat' dir='ltr'><strong>indignam</strong></span> <span class='ocrx_word' id='word_1_211' title='bbox 737 2269 864 2310; x_wconf 78' lang='lat' dir='ltr'><strong>vero</strong></span> <span class='ocrx_word' id='word_1_212' title='bbox 891 2257 1162 2327; x_wconf 83' lang='lat' dir='ltr'><strong>vituperio</strong></span> <span class='ocrx_word' id='word_1_213' title='bbox 1196 2261 1430 2318; x_wconf 74' lang='lat' dir='ltr'><strong>allicere.</strong></span> <span class='ocrx_word' id='word_1_214' title='bbox 1464 2263 1638 2331; x_wconf 69' lang='lat' dir='ltr'><strong>(Eque</strong></span> <span class='ocrx_word' id='word_1_215' title='bbox 1661 2268 1806 2322; x_wconf 89' lang='lat' dir='ltr'><strong>enim</strong></span> <span class='ocrx_word' id='word_1_216' title='bbox 1850 2269 2006 2324; x_wconf 82' lang='lat' dir='ltr'><strong>vitio-</strong></span> 
     </span>
    </p>
   </div>
   <div class='ocr_carea' id='block_1_37' title="bbox 424 2344 2006 2425">
    <p class='ocr_par' dir='ltr' id='par_1_37' title="bbox 424 2344 2006 2425">
     <span class='ocr_line' id='line_1_37' title="bbox 424 2344 2006 2425; baseline 0.016 -34"><span class='ocrx_word' id='word_1_217' title='bbox 424 2353 545 2394; x_wconf 80' lang='lat' dir='ltr'><strong>sum</strong></span> <span class='ocrx_word' id='word_1_218' title='bbox 571 2349 628 2396; x_wconf 90' lang='lat' dir='ltr'><strong>et</strong></span> <span class='ocrx_word' id='word_1_219' title='bbox 675 2344 930 2401; x_wconf 81' lang='lat' dir='ltr'><strong>stolidum</strong></span> <span class='ocrx_word' id='word_1_220' title='bbox 960 2359 1066 2417; x_wconf 86' lang='lat' dir='ltr'><strong>est,</strong></span> <span class='ocrx_word' id='word_1_221' title='bbox 1117 2353 1435 2423; x_wconf 75' lang='lat' dir='ltr'><strong>vituperare</strong></span> <span class='ocrx_word' id='word_1_222' title='bbox 1480 2357 1776 2425; x_wconf 85' lang='lat' dir='ltr'><strong>laudanda,</strong></span> <span class='ocrx_word' id='word_1_223' title='bbox 1814 2369 1867 2416; x_wconf 90' lang='lat' dir='ltr'><strong>et</strong></span> <span class='ocrx_word' id='word_1_224' title='bbox 1889 2361 2006 2416; x_wconf 83' lang='lat' dir='ltr'><strong>lau-</strong></span> 
     </span>
    </p>
   </div>
   <div class='ocr_carea' id='block_1_38' title="bbox 422 2429 965 2505">
    <p class='ocr_par' dir='ltr' id='par_1_38' title="bbox 422 2429 965 2505">
     <span class='ocr_line' id='line_1_38' title="bbox 422 2429 965 2505; baseline 0.018 -21"><span class='ocrx_word' id='word_1_225' title='bbox 422 2429 555 2485; x_wconf 81' lang='lat' dir='ltr'><strong>dare</strong></span> <span class='ocrx_word' id='word_1_226' title='bbox 585 2431 965 2505; x_wconf 80' lang='lat' dir='ltr'><strong>vituperanda.</strong></span> 
     </span>
    </p>
   </div>
   <div class='ocr_carea' id='block_1_39' title="bbox 851 2536 1532 2658">
    <p class='ocr_par' dir='ltr' id='par_1_39' title="bbox 851 2536 1532 2658">
     <span class='ocr_line' id='line_1_39' title="bbox 851 2536 1532 2658; baseline 0.015 -25"><span class='ocrx_word' id='word_1_227' title='bbox 851 2576 1084 2636; x_wconf 69' lang='lat' dir='ltr'><strong>suane</strong></span> <span class='ocrx_word' id='word_1_228' title='bbox 1111 2580 1198 2636; x_wconf 88' lang='lat' dir='ltr'><strong>Lll</strong></span> <span class='ocrx_word' id='word_1_229' title='bbox 1233 2581 1330 2656; x_wconf 80' lang='grc' dir='ltr'>[σί.</span> <span class='ocrx_word' id='word_1_230' title='bbox 1372 2536 1532 2658; x_wconf 60' lang='grc' dir='ltr'>ἰίιι].</span> 
     </span>
    </p>
   </div>
   <div class='ocr_carea' id='block_1_40' title="bbox 1002 2695 1438 2758">
    <p class='ocr_par' dir='ltr' id='par_1_40' title="bbox 1002 2695 1438 2758">
     <span class='ocr_line' id='line_1_40' title="bbox 1002 2695 1438 2758; baseline 0.018 -8"><span class='ocrx_word' id='word_1_231' title='bbox 1002 2695 1079 2752; x_wconf 82' lang='lat' dir='ltr'><strong>De</strong></span> <span class='ocrx_word' id='word_1_232' title='bbox 1107 2697 1438 2758; x_wconf 73' lang='lat' dir='ltr'><strong>adulatione.</strong></span> 
     </span>
    </p>
   </div>
   <div class='ocr_carea' id='block_1_41' title="bbox 487 2801 2010 2904">
    <p class='ocr_par' dir='ltr' id='par_1_41' title="bbox 487 2801 2010 2904">
     <span class='ocr_line' id='line_1_41' title="bbox 487 2801 2010 2904; baseline 0.016 -49"><span class='ocrx_word' id='word_1_233' title='bbox 487 2801 627 2904; x_wconf 40' lang='lat' dir='ltr'><strong>.Luc.</strong></span> <span class='ocrx_word' id='word_1_234' title='bbox 673 2821 747 2861; x_wconf 76' lang='lat' dir='ltr'><strong>vr.</strong></span> <span class='ocrx_word' id='word_1_235' title='bbox 810 2805 896 2863; x_wconf 68' lang='lat' dir='ltr'><strong>Vae</strong></span> <span class='ocrx_word' id='word_1_236' title='bbox 947 2813 1172 2881; x_wconf 85' lang='lat' dir='ltr'><strong>quando</strong></span> <span class='ocrx_word' id='word_1_237' title='bbox 1230 2814 1369 2872; x_wconf 84' lang='lat' dir='ltr'><strong>bene</strong></span> <span class='ocrx_word' id='word_1_238' title='bbox 1413 2818 1567 2876; x_wconf 79' lang='lat' dir='ltr'><strong>vobis</strong></span> <span class='ocrx_word' id='word_1_239' title='bbox 1610 2819 1854 2878; x_wconf 82' lang='lat' dir='ltr'><strong>dixerint</strong></span> <span class='ocrx_word' id='word_1_240' title='bbox 1909 2823 2010 2879; x_wconf 84' lang='lat' dir='ltr'><strong>ho-</strong></span> 
     </span>
    </p>
   </div>
   <div class='ocr_carea' id='block_1_42' title="bbox 427 2907 624 2950">
    <p class='ocr_par' dir='ltr' id='par_1_42' title="bbox 427 2907 624 2950">
     <span class='ocr_line' id='line_1_42' title="bbox 427 2907 624 2950; baseline 0.015 -5"><span class='ocrx_word' id='word_1_241' title='bbox 427 2907 624 2950; x_wconf 85' lang='lat' dir='ltr'><strong>nnnes.</strong></span> 
     </span>
    </p>
   </div>
   <div class='ocr_carea' id='block_1_43' title="bbox 495 2983 2009 3077">
    <p class='ocr_par' dir='ltr' id='par_1_43' title="bbox 495 2983 2009 3077">
     <span class='ocr_line' id='line_1_43' title="bbox 495 2983 2009 3077; baseline 0.017 -39"><span class='ocrx_word' id='word_1_242' title='bbox 495 2983 676 3042; x_wconf 65' lang='lat' dir='ltr'><strong>ludar.</strong></span> <span class='ocrx_word' id='word_1_243' title='bbox 733 2991 796 3046; x_wconf 84' lang='lat' dir='ltr'><strong>lli</strong></span> <span class='ocrx_word' id='word_1_244' title='bbox 831 3003 960 3049; x_wconf 87' lang='lat' dir='ltr'><strong>sunt</strong></span> <span class='ocrx_word' id='word_1_245' title='bbox 1017 3010 1479 3067; x_wconf 87' lang='lat' dir='ltr'><strong>murmuratores,</strong></span> <span class='ocrx_word' id='word_1_246' title='bbox 1539 3004 1794 3075; x_wconf 85' lang='lat' dir='ltr'><strong>queruli,</strong></span> <span class='ocrx_word' id='word_1_247' title='bbox 1853 3005 2009 3077; x_wconf 80' lang='lat' dir='ltr'><strong>juxta</strong></span> 
     </span>
    </p>
   </div>
   <div class='ocr_carea' id='block_1_44' title="bbox 425 3081 2008 3161">
    <p class='ocr_par' dir='ltr' id='par_1_44' title="bbox 425 3081 2008 3161">
     <span class='ocr_line' id='line_1_44' title="bbox 425 3081 2008 3161; baseline 0.015 -30"><span class='ocrx_word' id='word_1_248' title='bbox 425 3081 904 3150; x_wconf 88' lang='lat' dir='ltr'><strong>concupiscentias</strong></span> <span class='ocrx_word' id='word_1_249' title='bbox 979 3101 1110 3144; x_wconf 82' lang='lat' dir='ltr'><strong>suas</strong></span> <span class='ocrx_word' id='word_1_250' title='bbox 1155 3091 1524 3161; x_wconf 86' lang='lat' dir='ltr'><strong>ambulantes,</strong></span> <span class='ocrx_word' id='word_1_251' title='bbox 1583 3103 1639 3151; x_wconf 88' lang='lat' dir='ltr'><strong>et</strong></span> <span class='ocrx_word' id='word_1_252' title='bbox 1666 3111 1730 3153; x_wconf 90' lang='lat' dir='ltr'><strong>os</strong></span> <span class='ocrx_word' id='word_1_253' title='bbox 1787 3097 2008 3154; x_wconf 88' lang='lat' dir='ltr'><strong>illorum</strong></span> 
     </span>
    </p>
   </div>
   <div class='ocr_carea' id='block_1_45' title="bbox 2113 1995 3644 2068">
    <p class='ocr_par' dir='ltr' id='par_1_45' title="bbox 2113 1995 3644 2068">
     <span class='ocr_line' id='line_1_45' title="bbox 2113 1995 3644 2068; baseline -0.001 -18"><span class='ocrx_word' id='word_1_254' title='bbox 2113 1997 2234 2068; x_wconf 92' lang='grc' dir='ltr'>μία.</span> <span class='ocrx_word' id='word_1_255' title='bbox 2271 1997 2477 2068; x_wconf 75' lang='grc' dir='ltr'>Ἄνδρα</span> <span class='ocrx_word' id='word_1_256' title='bbox 2503 1997 2559 2051; x_wconf 76' lang='grc' dir='ltr'><strong>δὲ</strong></span> <span class='ocrx_word' id='word_1_257' title='bbox 2592 1996 2684 2049; x_wconf 66' lang='grc' dir='ltr'>καὶ</span> <span class='ocrx_word' id='word_1_258' title='bbox 2713 1999 2948 2065; x_wconf 79' lang='grc' dir='ltr'>γυναῖκα</span> <span class='ocrx_word' id='word_1_259' title='bbox 2980 1996 3073 2048; x_wconf 78' lang='grc' dir='ltr'>καὶ</span> <span class='ocrx_word' id='word_1_260' title='bbox 3094 1995 3253 2062; x_wconf 88' lang='grc' dir='ltr'>λόγον</span> <span class='ocrx_word' id='word_1_261' title='bbox 3280 1995 3378 2047; x_wconf 72' lang='grc' dir='ltr'><strong>καὶ</strong></span> <span class='ocrx_word' id='word_1_262' title='bbox 3412 1995 3550 2062; x_wconf 73' lang='grc' dir='ltr'>ἔργον</span> <span class='ocrx_word' id='word_1_263' title='bbox 3574 1999 3644 2048; x_wconf 67' lang='grc' dir='ltr'><strong>καί</strong></span> 
     </span>
    </p>
   </div>
   <div class='ocr_carea' id='block_1_46' title="bbox 2111 2085 3644 2160">
    <p class='ocr_par' dir='ltr' id='par_1_46' title="bbox 2111 2085 3644 2160">
     <span class='ocr_line' id='line_1_46' title="bbox 2111 2085 3644 2160; baseline -0.005 -15"><span class='ocrx_word' id='word_1_264' title='bbox 2111 2091 2268 2145; x_wconf 81' lang='grc' dir='ltr'>πόλιν</span> <span class='ocrx_word' id='word_1_265' title='bbox 2297 2091 2391 2144; x_wconf 71' lang='grc' dir='ltr'>καὶ</span> <span class='ocrx_word' id='word_1_266' title='bbox 2421 2091 2656 2160; x_wconf 80' lang='grc' dir='ltr'>πρᾶγμα</span> <span class='ocrx_word' id='word_1_267' title='bbox 2688 2089 2794 2159; x_wconf 82' lang='grc' dir='ltr'>χρὴ</span> <span class='ocrx_word' id='word_1_268' title='bbox 2821 2089 2882 2142; x_wconf 61' lang='grc' dir='ltr'><strong>τ),</strong></span> <span class='ocrx_word' id='word_1_269' title='bbox 2933 2087 3032 2156; x_wconf 82' lang='grc' dir='ltr'>μὲν</span> <span class='ocrx_word' id='word_1_270' title='bbox 3061 2088 3214 2153; x_wconf 79' lang='grc' dir='ltr'>ἄξιον</span> <span class='ocrx_word' id='word_1_271' title='bbox 3242 2085 3461 2139; x_wconf 69' lang='grc' dir='ltr'>ἐπαίνου</span> <span class='ocrx_word' id='word_1_272' title='bbox 3485 2087 3644 2156; x_wconf 75' lang='grc' dir='ltr'>ἐπαίνῳ</span> 
     </span>
    </p>
   </div>
   <div class='ocr_carea' id='block_1_47' title="bbox 2109 2176 3643 2252">
    <p class='ocr_par' dir='ltr' id='par_1_47' title="bbox 2109 2176 3643 2252">
     <span class='ocr_line' id='line_1_47' title="bbox 2109 2176 3643 2252; baseline -0.005 -20"><span class='ocrx_word' id='word_1_273' title='bbox 2109 2182 2300 2252; x_wconf 78' lang='grc' dir='ltr'>τιμᾷν,</span> <span class='ocrx_word' id='word_1_274' title='bbox 2353 2181 2432 2251; x_wconf 74' lang='grc' dir='ltr'>τῷ</span> <span class='ocrx_word' id='word_1_275' title='bbox 2463 2180 2513 2234; x_wconf 78' lang='grc' dir='ltr'><strong>δ’</strong></span> <span class='ocrx_word' id='word_1_276' title='bbox 2552 2180 2756 2250; x_wconf 82' lang='grc' dir='ltr'>ἀναξίῳ</span> <span class='ocrx_word' id='word_1_277' title='bbox 2814 2179 3008 2249; x_wconf 82' lang='grc' dir='ltr'>μῶμον</span> <span class='ocrx_word' id='word_1_278' title='bbox 3066 2176 3367 2230; x_wconf 78' lang='grc' dir='ltr'>ἐπιθεῖναι.</span> <span class='ocrx_word' id='word_1_279' title='bbox 3418 2177 3527 2246; x_wconf 75' lang='grc' dir='ltr'><strong>ἰση</strong></span> <span class='ocrx_word' id='word_1_280' title='bbox 3565 2180 3643 2242; x_wconf 69' lang='grc' dir='ltr'>γὰρ</span> 
     </span>
    </p>
   </div>
   <div class='ocr_carea' id='block_1_48' title="bbox 2111 2270 3646 2345">
    <p class='ocr_par' dir='ltr' id='par_1_48' title="bbox 2111 2270 3646 2345">
     <span class='ocr_line' id='line_1_48' title="bbox 2111 2270 3646 2345; baseline -0.003 -17"><span class='ocrx_word' id='word_1_281' title='bbox 2111 2275 2354 2344; x_wconf 81' lang='grc' dir='ltr'>ἁμαρτία</span> <span class='ocrx_word' id='word_1_282' title='bbox 2377 2276 2474 2329; x_wconf 81' lang='grc' dir='ltr'>καὶ</span> <span class='ocrx_word' id='word_1_283' title='bbox 2499 2273 2707 2345; x_wconf 82' lang='grc' dir='ltr'>ἀμαθία</span> <span class='ocrx_word' id='word_1_284' title='bbox 2740 2273 3052 2344; x_wconf 78' lang='grc' dir='ltr'>μέμφεσθαι</span> <span class='ocrx_word' id='word_1_285' title='bbox 3085 2289 3144 2324; x_wconf 89' lang='grc' dir='ltr'><strong>τε</strong></span> <span class='ocrx_word' id='word_1_286' title='bbox 3179 2270 3247 2326; x_wconf 80' lang='grc' dir='ltr'><strong>τὰ</strong></span> <span class='ocrx_word' id='word_1_287' title='bbox 3290 2270 3554 2336; x_wconf 80' lang='grc' dir='ltr'>ἐπαινετὰ,</span> <span class='ocrx_word' id='word_1_288' title='bbox 3577 2273 3646 2324; x_wconf 76' lang='grc' dir='ltr'>καὶ</span> 
     </span>
    </p>
   </div>
   <div class='ocr_carea' id='block_1_49' title="bbox 2110 2367 2751 2439">
    <p class='ocr_par' dir='ltr' id='par_1_49' title="bbox 2110 2367 2751 2439">
     <span class='ocr_line' id='line_1_49' title="bbox 2110 2367 2751 2439; baseline 0 -17"><span class='ocrx_word' id='word_1_289' title='bbox 2110 2369 2358 2422; x_wconf 73' lang='grc' dir='ltr'>ἐπαινεῖν</span> <span class='ocrx_word' id='word_1_290' title='bbox 2388 2367 2458 2422; x_wconf 82' lang='grc' dir='ltr'><strong>τὰ</strong></span> <span class='ocrx_word' id='word_1_291' title='bbox 2493 2367 2751 2439; x_wconf 79' lang='grc' dir='ltr'>οιωμητά.</span> 
     </span>
    </p>
   </div>
   <div class='ocr_carea' id='block_1_50' title="bbox 2712 2588 3086 2647">
    <p class='ocr_par' dir='ltr' id='par_1_50' title="bbox 2712 2588 3086 2647">
     <span class='ocr_line' id='line_1_50' title="bbox 2712 2588 3086 2647; baseline -0.005 0"><span class='ocrx_word' id='word_1_292' title='bbox 2712 2593 2935 2647; x_wconf 84' lang='grc' dir='ltr'><strong>ΛΟΓΟΣ</strong></span> <span class='ocrx_word' id='word_1_293' title='bbox 2960 2588 3086 2646; x_wconf 79' lang='lat' dir='ltr'><strong>NB&#39;.</strong></span> 
     </span>
    </p>
   </div>
   <div class='ocr_carea' id='block_1_51' title="bbox 2642 2708 3166 2778">
    <p class='ocr_par' dir='ltr' id='par_1_51' title="bbox 2642 2708 3166 2778">
     <span class='ocr_line' id='line_1_51' title="bbox 2642 2708 3166 2778; baseline 0 -15"><span class='ocrx_word' id='word_1_294' title='bbox 2642 2709 2783 2778; x_wconf 76' lang='grc' dir='ltr'>Περὶ</span> <span class='ocrx_word' id='word_1_295' title='bbox 2818 2708 3166 2774; x_wconf 76' lang='grc' dir='ltr'>κολακείας.</span> 
     </span>
    </p>
   </div>
   <div class='ocr_carea' id='block_1_52' title="bbox 2185 2822 3570 2894">
    <p class='ocr_par' dir='ltr' id='par_1_52' title="bbox 2185 2822 3570 2894">
     <span class='ocr_line' id='line_1_52' title="bbox 2185 2822 3570 2894; baseline -0.003 -14"><span class='ocrx_word' id='word_1_296' title='bbox 2185 2825 2344 2891; x_wconf 78' lang='grc' dir='ltr'>Οὐαὶ,</span> <span class='ocrx_word' id='word_1_297' title='bbox 2374 2826 2503 2880; x_wconf 83' lang='grc' dir='ltr'>ὅταν</span> <span class='ocrx_word' id='word_1_298' title='bbox 2537 2824 2721 2888; x_wconf 86' lang='grc' dir='ltr'>καλῶς</span> <span class='ocrx_word' id='word_1_299' title='bbox 2751 2823 2982 2879; x_wconf 74' lang='grc' dir='ltr'>εἴπωσιν</span> <span class='ocrx_word' id='word_1_300' title='bbox 3013 2823 3160 2892; x_wconf 79' lang='grc' dir='ltr'>ὑμᾶς</span> <span class='ocrx_word' id='word_1_301' title='bbox 3187 2825 3240 2876; x_wconf 85' lang='grc' dir='ltr'><strong>οί</strong></span> <span class='ocrx_word' id='word_1_302' title='bbox 3282 2822 3570 2894; x_wconf 75' lang='grc' dir='ltr'>ἄνθρωποι.</span> 
     </span>
    </p>
   </div>
   <div class='ocr_carea' id='block_1_53' title="bbox 2183 2979 3652 3072">
    <p class='ocr_par' dir='ltr' id='par_1_53' title="bbox 2183 2979 3652 3072">
     <span class='ocr_line' id='line_1_53' title="bbox 2183 2979 3652 3072; baseline -0.008 -11"><span class='ocrx_word' id='word_1_303' title='bbox 2183 3000 2345 3062; x_wconf 76' lang='grc' dir='ltr'>Οὗτοί</span> <span class='ocrx_word' id='word_1_304' title='bbox 2403 3006 2512 3058; x_wconf 85' lang='grc' dir='ltr'>είσι</span> <span class='ocrx_word' id='word_1_305' title='bbox 2557 3003 2885 3072; x_wconf 56' lang='grc' dir='ltr'>γογγυσταί..</span> <span class='ocrx_word' id='word_1_306' title='bbox 2949 2979 3529 3072; x_wconf 40' lang='grc' dir='ltr'>μεμψίμοιροιρκατὰ-</span> <span class='ocrx_word' id='word_1_307' title='bbox 3572 2999 3652 3060; x_wconf 72' lang='grc' dir='ltr'><strong>τὰς</strong></span> 
     </span>
    </p>
   </div>
   <div class='ocr_carea' id='block_1_54' title="bbox 2115 3090 3652 3169">
    <p class='ocr_par' dir='ltr' id='par_1_54' title="bbox 2115 3090 3652 3169">
     <span class='ocr_line' id='line_1_54' title="bbox 2115 3090 3652 3169; baseline -0.01 -14"><span class='ocrx_word' id='word_1_308' title='bbox 2115 3099 2414 3169; x_wconf 71' lang='grc' dir='ltr'>ἐπιθυμίας</span> <span class='ocrx_word' id='word_1_309' title='bbox 2448 3098 2628 3152; x_wconf 83' lang='grc' dir='ltr'>αὐτῶν</span> <span class='ocrx_word' id='word_1_310' title='bbox 2664 3097 3049 3168; x_wconf 75' lang='grc' dir='ltr'>πορευόμενοι,</span> <span class='ocrx_word' id='word_1_311' title='bbox 3085 3095 3181 3149; x_wconf 75' lang='grc' dir='ltr'>καὶ</span> <span class='ocrx_word' id='word_1_312' title='bbox 3217 3094 3280 3148; x_wconf 84' lang='grc' dir='ltr'><strong>τὺ</strong></span> <span class='ocrx_word' id='word_1_313' title='bbox 3304 3095 3477 3164; x_wconf 82' lang='grc' dir='ltr'>στόμα</span> <span class='ocrx_word' id='word_1_314' title='bbox 3502 3090 3652 3144; x_wconf 82' lang='grc' dir='ltr'>αὐτῶν</span> 
     </span>
    </p>
   </div>
   <div class='ocr_carea' id='block_1_55' title="bbox 429 3171 2006 3276">
    <p class='ocr_par' dir='ltr' id='par_1_55' title="bbox 429 3171 2006 3258">
     <span class='ocr_line' id='line_1_55' title="bbox 429 3171 2006 3258; baseline 0.015 -34"><span class='ocrx_word' id='word_1_315' title='bbox 429 3171 676 3241; x_wconf 79' lang='lat' dir='ltr'><strong>loquitur</strong></span> <span class='ocrx_word' id='word_1_316' title='bbox 728 3176 934 3231; x_wconf 89' lang='lat' dir='ltr'><strong>tumida</strong></span> <span class='ocrx_word' id='word_1_317' title='bbox 964 3219 980 3246; x_wconf 93' lang='lat'><strong>,</strong></span> <span class='ocrx_word' id='word_1_318' title='bbox 1021 3180 1362 3240; x_wconf 81' lang='lat' dir='ltr'><strong>admirantes</strong></span> <span class='ocrx_word' id='word_1_319' title='bbox 1416 3201 1703 3258; x_wconf 80' lang='lat' dir='ltr'><strong>personas,</strong></span> <span class='ocrx_word' id='word_1_320' title='bbox 1753 3189 2006 3247; x_wconf 87' lang='lat' dir='ltr'><strong>utilitatis</strong></span> 
     </span>
    </p>
   </div>
   <div class='ocr_carea' id='block_1_56' title="bbox 2136 3171 3652 3276">
    <p class='ocr_par' dir='ltr' id='par_1_56' title="bbox 2136 3183 3652 3263">
     <span class='ocr_line' id='line_1_56' title="bbox 2136 3183 3652 3263; baseline -0.008 -16"><span class='ocrx_word' id='word_1_321' title='bbox 2136 3193 2270 3248; x_wconf 53' lang='grc' dir='ltr'>καλεῖ</span> <span class='ocrx_word' id='word_1_322' title='bbox 2315 3193 2618 3263; x_wconf 81' lang='grc' dir='ltr'>ὑπέρογκα,</span> <span class='ocrx_word' id='word_1_323' title='bbox 2669 3190 3047 3260; x_wconf 78' lang='grc' dir='ltr'>θαυμάζοντες</span> <span class='ocrx_word' id='word_1_324' title='bbox 3098 3188 3376 3258; x_wconf 85' lang='grc' dir='ltr'>πρόσωπα</span> <span class='ocrx_word' id='word_1_325' title='bbox 3427 3183 3652 3254; x_wconf 79' lang='grc' dir='ltr'>ὠφελείας</span> 
     </span>
    </p>
   </div>
   <div class='ocr_carea' id='block_1_57' title="bbox 424 3263 624 3332">
    <p class='ocr_par' dir='ltr' id='par_1_57' title="bbox 424 3263 624 3332">
     <span class='ocr_line' id='line_1_57' title="bbox 424 3263 624 3332; baseline 0.03 -16"><span class='ocrx_word' id='word_1_326' title='bbox 424 3263 624 3332; x_wconf 79' lang='lat' dir='ltr'><strong>gratia.</strong></span> 
     </span>
    </p>
   </div>
   <div class='ocr_carea' id='block_1_58' title="bbox 460 3356 2010 3462">
    <p class='ocr_par' dir='ltr' id='par_1_58' title="bbox 460 3356 2010 3462">
     <span class='ocr_line' id='line_1_58' title="bbox 460 3356 2010 3462; baseline 0.015 -51"><span class='ocrx_word' id='word_1_327' title='bbox 460 3356 602 3462; x_wconf 46' lang='lat' dir='ltr'><strong>.Per</strong></span> <span class='ocrx_word' id='word_1_328' title='bbox 660 3360 1188 3437; x_wconf 85' lang='lat' dir='ltr'><strong>blandiloquentiam</strong></span> <span class='ocrx_word' id='word_1_329' title='bbox 1246 3371 1527 3445; x_wconf 89' lang='lat' dir='ltr'><strong>decipiunt</strong></span> <span class='ocrx_word' id='word_1_330' title='bbox 1567 3377 1736 3434; x_wconf 88' lang='lat' dir='ltr'><strong>corda</strong></span> <span class='ocrx_word' id='word_1_331' title='bbox 1799 3376 2010 3448; x_wconf 89' lang='lat' dir='ltr'><strong>simpli-</strong></span> 
     </span>
    </p>
   </div>
   <div class='ocr_carea' id='block_1_59' title="bbox 425 3463 594 3507">
    <p class='ocr_par' dir='ltr' id='par_1_59' title="bbox 425 3463 594 3507">
     <span class='ocr_line' id='line_1_59' title="bbox 425 3463 594 3507; baseline 0.012 -2"><span class='ocrx_word' id='word_1_332' title='bbox 425 3463 594 3507; x_wconf 73' lang='lat' dir='ltr'><strong>Clum.</strong></span> 
     </span>
    </p>
   </div>
   <div class='ocr_carea' id='block_1_60' title="bbox 501 3548 2010 3636">
    <p class='ocr_par' dir='ltr' id='par_1_60' title="bbox 501 3548 2010 3636">
     <span class='ocr_line' id='line_1_60' title="bbox 501 3548 2010 3636; baseline 0.014 -32"><span class='ocrx_word' id='word_1_333' title='bbox 501 3548 778 3606; x_wconf 84' lang='lat' dir='ltr'><strong>Solomon.</strong></span> <span class='ocrx_word' id='word_1_334' title='bbox 826 3554 1120 3614; x_wconf 86' lang='lat' dir='ltr'><strong>Sermones</strong></span> <span class='ocrx_word' id='word_1_335' title='bbox 1148 3570 1455 3618; x_wconf 89' lang='lat' dir='ltr'><strong>astutorum</strong></span> <span class='ocrx_word' id='word_1_336' title='bbox 1505 3566 1698 3624; x_wconf 89' lang='lat' dir='ltr'><strong>molles</strong></span> <span class='ocrx_word' id='word_1_337' title='bbox 1731 3577 1880 3636; x_wconf 89' lang='lat' dir='ltr'><strong>sunt,</strong></span> <span class='ocrx_word' id='word_1_338' title='bbox 1913 3568 2010 3625; x_wconf 90' lang='lat' dir='ltr'><strong>sed</strong></span> 
     </span>
    </p>
   </div>
   <div class='ocr_carea' id='block_1_61' title="bbox 429 3639 1284 3715">
    <p class='ocr_par' dir='ltr' id='par_1_61' title="bbox 429 3639 1284 3715">
     <span class='ocr_line' id='line_1_61' title="bbox 429 3639 1284 3715; baseline 0.019 -22"><span class='ocrx_word' id='word_1_339' title='bbox 429 3639 633 3698; x_wconf 73' lang='lat' dir='ltr'><strong>feriunt</strong></span> <span class='ocrx_word' id='word_1_340' title='bbox 664 3649 957 3715; x_wconf 82' lang='lat' dir='ltr'><strong>penetralia</strong></span> <span class='ocrx_word' id='word_1_341' title='bbox 986 3653 1284 3710; x_wconf 77' lang='lat' dir='ltr'><strong>viscerum.</strong></span> 
     </span>
    </p>
   </div>
   <div class='ocr_carea' id='block_1_62' title="bbox 498 3736 2005 3824">
    <p class='ocr_par' dir='ltr' id='par_1_62' title="bbox 498 3736 2005 3824">
     <span class='ocr_line' id='line_1_62' title="bbox 498 3736 2005 3824; baseline 0.012 -34"><span class='ocrx_word' id='word_1_342' title='bbox 498 3736 687 3793; x_wconf 80' lang='lat' dir='ltr'><strong>Melior</strong></span> <span class='ocrx_word' id='word_1_343' title='bbox 715 3752 798 3798; x_wconf 90' lang='lat' dir='ltr'><strong>est</strong></span> <span class='ocrx_word' id='word_1_344' title='bbox 833 3745 916 3799; x_wconf 82' lang='lat' dir='ltr'><strong>vir</strong></span> <span class='ocrx_word' id='word_1_345' title='bbox 944 3748 1035 3816; x_wconf 89' lang='lat' dir='ltr'><strong>qui</strong></span> <span class='ocrx_word' id='word_1_346' title='bbox 1069 3748 1370 3820; x_wconf 75' lang='lat' dir='ltr'><strong>redarguit.</strong></span> <span class='ocrx_word' id='word_1_347' title='bbox 1411 3766 1575 3821; x_wconf 91' lang='lat' dir='ltr'><strong>quam</strong></span> <span class='ocrx_word' id='word_1_348' title='bbox 1601 3753 1695 3824; x_wconf 92' lang='lat' dir='ltr'><strong>qui</strong></span> <span class='ocrx_word' id='word_1_349' title='bbox 1731 3753 2005 3809; x_wconf 87' lang='lat' dir='ltr'><strong>adulatur.</strong></span> 
     </span>
    </p>
   </div>
   <div class='ocr_carea' id='block_1_63' title="bbox 507 3828 2011 3911">
    <p class='ocr_par' dir='ltr' id='par_1_63' title="bbox 507 3828 2011 3911">
     <span class='ocr_line' id='line_1_63' title="bbox 507 3828 2011 3911; baseline 0.012 -27"><span class='ocrx_word' id='word_1_350' title='bbox 507 3828 622 3886; x_wconf 72' lang='lat' dir='ltr'><strong>Ira.</strong></span> <span class='ocrx_word' id='word_1_351' title='bbox 665 3831 769 3900; x_wconf 87' lang='lat' dir='ltr'><strong>Qui</strong></span> <span class='ocrx_word' id='word_1_352' title='bbox 811 3853 906 3894; x_wconf 87' lang='lat' dir='ltr'><strong>vos</strong></span> <span class='ocrx_word' id='word_1_353' title='bbox 937 3837 1124 3896; x_wconf 78' lang='lat' dir='ltr'><strong>felices</strong></span> <span class='ocrx_word' id='word_1_354' title='bbox 1154 3842 1474 3911; x_wconf 72' lang='lat' dir='ltr'><strong>praedicant,</strong></span> <span class='ocrx_word' id='word_1_355' title='bbox 1511 3846 1779 3902; x_wconf 86' lang='lat' dir='ltr'><strong>seducunt</strong></span> <span class='ocrx_word' id='word_1_356' title='bbox 1806 3860 1926 3911; x_wconf 84' lang='lat' dir='ltr'><strong>vos,</strong></span> <span class='ocrx_word' id='word_1_357' title='bbox 1956 3855 2011 3902; x_wconf 91' lang='lat' dir='ltr'><strong>et</strong></span> 
     </span>
    </p>
   </div>
   <div class='ocr_carea' id='block_1_64' title="bbox 427 3924 1122 3998">
    <p class='ocr_par' dir='ltr' id='par_1_64' title="bbox 427 3924 1122 3998">
     <span class='ocr_line' id='line_1_64' title="bbox 427 3924 1122 3998; baseline 0.012 -21"><span class='ocrx_word' id='word_1_358' title='bbox 427 3924 618 3980; x_wconf 83' lang='lat' dir='ltr'><strong>callem</strong></span> <span class='ocrx_word' id='word_1_359' title='bbox 651 3926 751 3983; x_wconf 77' lang='lat' dir='ltr'><strong>via.-</strong></span> <span class='ocrx_word' id='word_1_360' title='bbox 776 3931 1122 3998; x_wconf 83' lang='lat' dir='ltr'><strong>perturbant.</strong></span> 
     </span>
    </p>
   </div>
   <div class='ocr_carea' id='block_1_65' title="bbox 501 4017 2008 4094">
    <p class='ocr_par' dir='ltr' id='par_1_65' title="bbox 501 4017 2008 4094">
     <span class='ocr_line' id='line_1_65' title="bbox 501 4017 2008 4094; baseline 0.01 -21"><span class='ocrx_word' id='word_1_361' title='bbox 501 4017 560 4073; x_wconf 92' lang='lat' dir='ltr'><strong>S.</strong></span> <span class='ocrx_word' id='word_1_362' title='bbox 595 4019 813 4075; x_wconf 72' lang='lat' dir='ltr'><strong>Basilii.</strong></span> <span class='ocrx_word' id='word_1_363' title='bbox 839 4021 1139 4089; x_wconf 79' lang='lat' dir='ltr'><strong>aniamus</strong></span> <span class='ocrx_word' id='word_1_364' title='bbox 1197 4025 1566 4082; x_wconf 81' lang='lat' dir='ltr'><strong>adulationem</strong></span> <span class='ocrx_word' id='word_1_365' title='bbox 1601 4039 1654 4094; x_wconf 73' lang='lat' dir='ltr'><strong>et</strong></span> <span class='ocrx_word' id='word_1_366' title='bbox 1688 4033 2008 4087; x_wconf 88' lang='lat' dir='ltr'><strong>assentatio-</strong></span> 
     </span>
    </p>
   </div>
   <div class='ocr_carea' id='block_1_66' title="bbox 429 4113 2008 4188">
    <p class='ocr_par' dir='ltr' id='par_1_66' title="bbox 429 4113 2008 4188">
     <span class='ocr_line' id='line_1_66' title="bbox 429 4113 2008 4188; baseline 0.012 -24"><span class='ocrx_word' id='word_1_367' title='bbox 429 4125 575 4174; x_wconf 87' lang='lat' dir='ltr'><strong>nem,</strong></span> <span class='ocrx_word' id='word_1_368' title='bbox 603 4123 657 4168; x_wconf 90' lang='lat' dir='ltr'><strong>et</strong></span> <span class='ocrx_word' id='word_1_369' title='bbox 678 4113 956 4170; x_wconf 64' lang='lat' dir='ltr'><strong>insidiosae</strong></span> <span class='ocrx_word' id='word_1_370' title='bbox 981 4117 1160 4188; x_wconf 81' lang='lat' dir='ltr'><strong>vnlpis</strong></span> <span class='ocrx_word' id='word_1_371' title='bbox 1188 4121 1444 4174; x_wconf 75' lang='lat' dir='ltr'><strong>astutiam</strong></span> <span class='ocrx_word' id='word_1_372' title='bbox 1480 4129 1533 4175; x_wconf 88' lang='lat' dir='ltr'><strong>ct</strong></span> <span class='ocrx_word' id='word_1_373' title='bbox 1563 4123 1739 4180; x_wconf 87' lang='lat' dir='ltr'><strong>varias</strong></span> <span class='ocrx_word' id='word_1_374' title='bbox 1765 4123 2008 4184; x_wconf 86' lang='lat' dir='ltr'><strong>lraudes.</strong></span> 
     </span>
    </p>
   </div>
   <div class='ocr_carea' id='block_1_67' title="bbox 372 4205 2007 4289">
    <p class='ocr_par' dir='ltr' id='par_1_67' title="bbox 372 4205 2007 4289">
     <span class='ocr_line' id='line_1_67' title="bbox 372 4205 2007 4289; baseline 0.011 -32"><span class='ocrx_word' id='word_1_375' title='bbox 372 4241 374 4244; x_wconf 53' lang='grc' dir='ltr'>μ</span> <span class='ocrx_word' id='word_1_376' title='bbox 427 4205 574 4260; x_wconf 74' lang='lat' dir='ltr'><strong>Nihil</strong></span> <span class='ocrx_word' id='word_1_377' title='bbox 603 4206 750 4262; x_wconf 89' lang='lat' dir='ltr'><strong>enim</strong></span> <span class='ocrx_word' id='word_1_378' title='bbox 784 4209 1182 4266; x_wconf 88' lang='lat' dir='ltr'><strong>intolerabilius</strong></span> <span class='ocrx_word' id='word_1_379' title='bbox 1208 4222 1291 4268; x_wconf 80' lang='lat' dir='ltr'><strong>est</strong></span> <span class='ocrx_word' id='word_1_380' title='bbox 1319 4223 1468 4268; x_wconf 88' lang='lat' dir='ltr'><strong>recte</strong></span> <span class='ocrx_word' id='word_1_381' title='bbox 1491 4214 1826 4285; x_wconf 85' lang='lat' dir='ltr'><strong>sapientibus</strong></span> <span class='ocrx_word' id='word_1_382' title='bbox 1845 4233 2007 4289; x_wconf 88' lang='lat' dir='ltr'><strong>quam</strong></span> 
     </span>
    </p>
   </div>
   <div class='ocr_carea' id='block_1_68' title="bbox 427 4299 2007 4378">
    <p class='ocr_par' dir='ltr' id='par_1_68' title="bbox 427 4299 2007 4378">
     <span class='ocr_line' id='line_1_68' title="bbox 427 4299 2007 4378; baseline 0.008 -24"><span class='ocrx_word' id='word_1_383' title='bbox 427 4299 613 4365; x_wconf 61' lang='lat' dir='ltr'><strong>vivere</strong></span> <span class='ocrx_word' id='word_1_384' title='bbox 645 4301 710 4355; x_wconf 91' lang='lat' dir='ltr'><strong>ad</strong></span> <span class='ocrx_word' id='word_1_385' title='bbox 747 4302 1002 4373; x_wconf 80' lang='lat' dir='ltr'><strong>gloriam,</strong></span> <span class='ocrx_word' id='word_1_386' title='bbox 1026 4311 1081 4359; x_wconf 89' lang='lat' dir='ltr'><strong>et</strong></span> <span class='ocrx_word' id='word_1_387' title='bbox 1109 4305 1174 4358; x_wconf 90' lang='lat' dir='ltr'><strong>ad</strong></span> <span class='ocrx_word' id='word_1_388' title='bbox 1217 4306 1526 4376; x_wconf 86' lang='lat' dir='ltr'><strong>opinionem</strong></span> <span class='ocrx_word' id='word_1_389' title='bbox 1560 4310 1808 4378; x_wconf 90' lang='lat' dir='ltr'><strong>pluribus</strong></span> <span class='ocrx_word' id='word_1_390' title='bbox 1836 4321 2007 4367; x_wconf 83' lang='lat' dir='ltr'><strong>ratam</strong></span> 
     </span>
    </p>
   </div>
   <div class='ocr_carea' id='block_1_69' title="bbox 430 4393 2007 4462">
    <p class='ocr_par' dir='ltr' id='par_1_69' title="bbox 430 4393 2007 4462">
     <span class='ocr_line' id='line_1_69' title="bbox 430 4393 2007 4462; baseline 0.009 -16"><span class='ocrx_word' id='word_1_391' title='bbox 430 4393 730 4462; x_wconf 85' lang='lat' dir='ltr'><strong>respicere,</strong></span> <span class='ocrx_word' id='word_1_392' title='bbox 759 4408 868 4449; x_wconf 89' lang='lat' dir='ltr'><strong>non</strong></span> <span class='ocrx_word' id='word_1_393' title='bbox 900 4404 1082 4452; x_wconf 89' lang='lat' dir='ltr'><strong>autem</strong></span> <span class='ocrx_word' id='word_1_394' title='bbox 1120 4408 1324 4452; x_wconf 88' lang='lat' dir='ltr'><strong>rectam</strong></span> <span class='ocrx_word' id='word_1_395' title='bbox 1352 4400 1622 4454; x_wconf 83' lang='lat' dir='ltr'><strong>rationem</strong></span> <span class='ocrx_word' id='word_1_396' title='bbox 1662 4401 1785 4456; x_wconf 75' lang='lat' dir='ltr'><strong>vitae</strong></span> <span class='ocrx_word' id='word_1_397' title='bbox 1813 4401 2007 4459; x_wconf 89' lang='lat' dir='ltr'><strong>ducem</strong></span> 
     </span>
    </p>
   </div>
   <div class='ocr_carea' id='block_1_70' title="bbox 429 4484 733 4542">
    <p class='ocr_par' dir='ltr' id='par_1_70' title="bbox 429 4484 733 4542">
     <span class='ocr_line' id='line_1_70' title="bbox 429 4484 733 4542; baseline 0.013 -4"><span class='ocrx_word' id='word_1_398' title='bbox 429 4484 733 4542; x_wconf 89' lang='lat' dir='ltr'><strong>instituere.</strong></span> 
     </span>
    </p>
   </div>
   <div class='ocr_carea' id='block_1_71' title="bbox 2115 3289 3654 3450">
    <p class='ocr_par' dir='ltr' id='par_1_71' title="bbox 2115 3289 3654 3450">
     <span class='ocr_line' id='line_1_71' title="bbox 2115 3289 3654 3450; baseline -0.01 -14"><span class='ocrx_word' id='word_1_399' title='bbox 2115 3289 2294 3436; x_wconf 54' lang='grc' dir='ltr'><strong>χάῗίέ</strong></span> <span class='ocrx_word' id='word_1_400' title='bbox 2316 3380 2415 3450; x_wconf 79' lang='grc' dir='ltr'>τῆς</span> <span class='ocrx_word' id='word_1_401' title='bbox 2441 3378 2844 3450; x_wconf 74' lang='grc' dir='ltr'>χρηστολογίας</span> <span class='ocrx_word' id='word_1_402' title='bbox 2875 3376 3195 3442; x_wconf 79' lang='grc' dir='ltr'>ἐξαπατῶσι</span> <span class='ocrx_word' id='word_1_403' title='bbox 3217 3375 3314 3438; x_wconf 82' lang='grc' dir='ltr'>τὰς</span> <span class='ocrx_word' id='word_1_404' title='bbox 3339 3373 3552 3444; x_wconf 76' lang='grc' dir='ltr'>καρδίας</span> <span class='ocrx_word' id='word_1_405' title='bbox 3569 3370 3654 3423; x_wconf 81' lang='grc' dir='ltr'><strong>τῶν</strong></span> 
     </span>
    </p>
   </div>
   <div class='ocr_carea' id='block_1_72' title="bbox 2115 3473 2362 3529">
    <p class='ocr_par' dir='ltr' id='par_1_72' title="bbox 2115 3473 2362 3529">
     <span class='ocr_line' id='line_1_72' title="bbox 2115 3473 2362 3529; baseline -0.004 0"><span class='ocrx_word' id='word_1_406' title='bbox 2115 3473 2362 3529; x_wconf 81' lang='grc' dir='ltr'>ἀκάκων.</span> 
     </span>
    </p>
   </div>
   <div class='ocr_carea' id='block_1_73' title="bbox 2185 3559 3655 3638">
    <p class='ocr_par' dir='ltr' id='par_1_73' title="bbox 2185 3559 3655 3638">
     <span class='ocr_line' id='line_1_73' title="bbox 2185 3559 3655 3638; baseline -0.007 -18"><span class='ocrx_word' id='word_1_407' title='bbox 2185 3567 2353 3635; x_wconf 86' lang='grc' dir='ltr'>Λόγοι</span> <span class='ocrx_word' id='word_1_408' title='bbox 2387 3566 2696 3631; x_wconf 78' lang='grc' dir='ltr'>κερκώπων</span> <span class='ocrx_word' id='word_1_409' title='bbox 2726 3568 2982 3638; x_wconf 70' lang='grc' dir='ltr'>μαλακοὶ,</span> <span class='ocrx_word' id='word_1_410' title='bbox 3009 3561 3160 3625; x_wconf 69' lang='grc' dir='ltr'>οὗτοι</span> <span class='ocrx_word' id='word_1_411' title='bbox 3189 3568 3249 3622; x_wconf 74' lang='grc' dir='ltr'><strong>δὲ</strong></span> <span class='ocrx_word' id='word_1_412' title='bbox 3283 3565 3564 3620; x_wconf 67' lang='grc' dir='ltr'>τύπτουσιν</span> <span class='ocrx_word' id='word_1_413' title='bbox 3594 3559 3655 3618; x_wconf 74' lang='grc' dir='ltr'><strong>είς</strong></span> 
     </span>
    </p>
   </div>
   <div class='ocr_carea' id='block_1_74' title="bbox 2114 3659 2703 3731">
    <p class='ocr_par' dir='ltr' id='par_1_74' title="bbox 2114 3659 2703 3731">
     <span class='ocr_line' id='line_1_74' title="bbox 2114 3659 2703 3731; baseline 0.003 -18"><span class='ocrx_word' id='word_1_414' title='bbox 2114 3662 2320 3728; x_wconf 82' lang='grc' dir='ltr'>ταμεῐα</span> <span class='ocrx_word' id='word_1_415' title='bbox 2357 3659 2703 3731; x_wconf 85' lang='grc' dir='ltr'>σπλάγχνων.</span> 
     </span>
    </p>
   </div>
   <div class='ocr_carea' id='block_1_75' title="bbox 2187 3749 3562 3825">
    <p class='ocr_par' dir='ltr' id='par_1_75' title="bbox 2187 3749 3562 3825">
     <span class='ocr_line' id='line_1_75' title="bbox 2187 3749 3562 3825; baseline -0.006 -18"><span class='ocrx_word' id='word_1_416' title='bbox 2187 3753 2475 3824; x_wconf 84' lang='grc' dir='ltr'>Κρείσσων</span> <span class='ocrx_word' id='word_1_417' title='bbox 2525 3755 2666 3825; x_wconf 81' lang='grc' dir='ltr'>ἀνὴρ</span> <span class='ocrx_word' id='word_1_418' title='bbox 2726 3754 2965 3824; x_wconf 79' lang='grc' dir='ltr'>ἐλέγχων</span> <span class='ocrx_word' id='word_1_419' title='bbox 3013 3754 3106 3809; x_wconf 80' lang='grc' dir='ltr'><strong>τοῦ</strong></span> <span class='ocrx_word' id='word_1_420' title='bbox 3161 3749 3562 3810; x_wconf 81' lang='grc' dir='ltr'>κολακεύοντος.</span> 
     </span>
    </p>
   </div>
   <div class='ocr_carea' id='block_1_76' title="bbox 2187 3840 3656 3919">
    <p class='ocr_par' dir='ltr' id='par_1_76' title="bbox 2187 3840 3656 3919">
     <span class='ocr_line' id='line_1_76' title="bbox 2187 3840 3656 3919; baseline -0.006 -19"><span class='ocrx_word' id='word_1_421' title='bbox 2187 3849 2251 3900; x_wconf 77' lang='lat' dir='ltr'><strong>(ll</strong></span> <span class='ocrx_word' id='word_1_422' title='bbox 2283 3847 2686 3919; x_wconf 77' lang='grc' dir='ltr'>μακαρίζοντες</span> <span class='ocrx_word' id='word_1_423' title='bbox 2737 3849 2880 3917; x_wconf 80' lang='grc' dir='ltr'>ὑμᾶς</span> <span class='ocrx_word' id='word_1_424' title='bbox 2936 3847 3216 3900; x_wconf 81' lang='grc' dir='ltr'>πλανῶσιν</span> <span class='ocrx_word' id='word_1_425' title='bbox 3260 3846 3426 3914; x_wconf 79' lang='grc' dir='ltr'>ὑμᾶς,</span> <span class='ocrx_word' id='word_1_426' title='bbox 3455 3841 3542 3895; x_wconf 82' lang='grc' dir='ltr'>καὶ</span> <span class='ocrx_word' id='word_1_427' title='bbox 3576 3840 3656 3904; x_wconf 74' lang='grc' dir='ltr'><strong>τὴν</strong></span> 
     </span>
    </p>
   </div>
   <div class='ocr_carea' id='block_1_77' title="bbox 2115 3942 3029 4014">
    <p class='ocr_par' dir='ltr' id='par_1_77' title="bbox 2115 3942 3029 4014">
     <span class='ocr_line' id='line_1_77' title="bbox 2115 3942 3029 4014; baseline 0.004 -20"><span class='ocrx_word' id='word_1_428' title='bbox 2115 3942 2303 4014; x_wconf 80' lang='grc' dir='ltr'>τρίϐον</span> <span class='ocrx_word' id='word_1_429' title='bbox 2333 3943 2443 3995; x_wconf 90' lang='grc' dir='ltr'><strong>τῶν</strong></span> <span class='ocrx_word' id='word_1_430' title='bbox 2473 3942 2608 3996; x_wconf 72' lang='grc' dir='ltr'>ὁδῶν</span> <span class='ocrx_word' id='word_1_431' title='bbox 2640 3945 3029 4013; x_wconf 78' lang='grc' dir='ltr'>ταράσσουσιν.</span> 
     </span>
    </p>
   </div>
   <div class='ocr_carea' id='block_1_78' title="bbox 2187 4029 3656 4108">
    <p class='ocr_par' dir='ltr' id='par_1_78' title="bbox 2187 4029 3656 4108">
     <span class='ocr_line' id='line_1_78' title="bbox 2187 4029 3656 4108; baseline -0.005 -18"><span class='ocrx_word' id='word_1_432' title='bbox 2187 4037 2454 4108; x_wconf 79' lang='grc' dir='ltr'>Φύγωμεν</span> <span class='ocrx_word' id='word_1_433' title='bbox 2487 4038 2777 4102; x_wconf 80' lang='grc' dir='ltr'>κολακείας</span> <span class='ocrx_word' id='word_1_434' title='bbox 2808 4041 2902 4090; x_wconf 72' lang='grc' dir='ltr'>καὶ</span> <span class='ocrx_word' id='word_1_435' title='bbox 2929 4038 3188 4103; x_wconf 79' lang='grc' dir='ltr'>θωπείας,</span> <span class='ocrx_word' id='word_1_436' title='bbox 3227 4036 3320 4090; x_wconf 75' lang='grc' dir='ltr'>καὶ</span> <span class='ocrx_word' id='word_1_437' title='bbox 3349 4036 3444 4104; x_wconf 84' lang='grc' dir='ltr'>τῆς</span> <span class='ocrx_word' id='word_1_438' title='bbox 3472 4029 3656 4101; x_wconf 77' lang='grc' dir='ltr'>ἀρχιλό-</span> 
     </span>
    </p>
   </div>
   <div class='ocr_carea' id='block_1_79' title="bbox 2115 4122 3657 4199">
    <p class='ocr_par' dir='ltr' id='par_1_79' title="bbox 2115 4122 3657 4199">
     <span class='ocr_line' id='line_1_79' title="bbox 2115 4122 3657 4199; baseline -0.008 -16"><span class='ocrx_word' id='word_1_439' title='bbox 2115 4147 2214 4199; x_wconf 81' lang='grc' dir='ltr'>κου</span> <span class='ocrx_word' id='word_1_440' title='bbox 2239 4129 2524 4193; x_wconf 80' lang='grc' dir='ltr'>ἀλώπεκος</span> <span class='ocrx_word' id='word_1_441' title='bbox 2556 4130 2616 4182; x_wconf 85' lang='grc' dir='ltr'>τὸ</span> <span class='ocrx_word' id='word_1_442' title='bbox 2652 4129 2940 4198; x_wconf 80' lang='grc' dir='ltr'>κερδαλέον</span> <span class='ocrx_word' id='word_1_443' title='bbox 2973 4129 3070 4182; x_wconf 79' lang='grc' dir='ltr'>καὶ</span> <span class='ocrx_word' id='word_1_444' title='bbox 3091 4127 3362 4181; x_wconf 75' lang='grc' dir='ltr'>ποικίλον.</span> <span class='ocrx_word' id='word_1_445' title='bbox 3394 4123 3547 4178; x_wconf 80' lang='grc' dir='ltr'>Οὐδὲν</span> <span class='ocrx_word' id='word_1_446' title='bbox 3569 4122 3657 4189; x_wconf 76' lang='grc' dir='ltr'><strong>γὰρ</strong></span> 
     </span>
    </p>
   </div>
   <div class='ocr_carea' id='block_1_80' title="bbox 2115 4214 3656 4292">
    <p class='ocr_par' dir='ltr' id='par_1_80' title="bbox 2115 4214 3656 4292">
     <span class='ocr_line' id='line_1_80' title="bbox 2115 4214 3656 4292; baseline -0.002 -17"><span class='ocrx_word' id='word_1_447' title='bbox 2115 4221 2502 4292; x_wconf 58' lang='grc' dir='ltr'>χαλεπώτερον</span> <span class='ocrx_word' id='word_1_448' title='bbox 2546 4224 2658 4285; x_wconf 79' lang='grc' dir='ltr'>τοῖς</span> <span class='ocrx_word' id='word_1_449' title='bbox 2689 4221 2749 4275; x_wconf 79' lang='grc' dir='ltr'>εὖ</span> <span class='ocrx_word' id='word_1_450' title='bbox 2782 4220 3040 4291; x_wconf 82' lang='grc' dir='ltr'>φρονοῦσι</span> <span class='ocrx_word' id='word_1_451' title='bbox 3075 4218 3170 4272; x_wconf 79' lang='grc' dir='ltr'><strong>τοῦ</strong></span> <span class='ocrx_word' id='word_1_452' title='bbox 3209 4217 3346 4290; x_wconf 72' lang='grc' dir='ltr'>πρὸς</span> <span class='ocrx_word' id='word_1_453' title='bbox 3378 4216 3525 4283; x_wconf 70' lang='grc' dir='ltr'>δόξαν</span> <span class='ocrx_word' id='word_1_454' title='bbox 3555 4214 3656 4282; x_wconf 73' lang='grc' dir='ltr'>ζῇν.</span> 
     </span>
    </p>
   </div>
   <div class='ocr_carea' id='block_1_81' title="bbox 2114 4305 3656 4383">
    <p class='ocr_par' dir='ltr' id='par_1_81' title="bbox 2114 4305 3656 4383">
     <span class='ocr_line' id='line_1_81' title="bbox 2114 4305 3656 4383; baseline -0.006 -14"><span class='ocrx_word' id='word_1_455' title='bbox 2114 4317 2210 4370; x_wconf 77' lang='grc' dir='ltr'>καὶ</span> <span class='ocrx_word' id='word_1_456' title='bbox 2253 4314 2324 4368; x_wconf 81' lang='grc' dir='ltr'><strong>τὰ</strong></span> <span class='ocrx_word' id='word_1_457' title='bbox 2353 4316 2463 4377; x_wconf 83' lang='grc' dir='ltr'>τοῖς</span> <span class='ocrx_word' id='word_1_458' title='bbox 2493 4314 2708 4376; x_wconf 76' lang='grc' dir='ltr'>πολλοῖς</span> <span class='ocrx_word' id='word_1_459' title='bbox 2756 4314 3014 4367; x_wconf 79' lang='grc' dir='ltr'>δοκοῦντα</span> <span class='ocrx_word' id='word_1_460' title='bbox 3052 4313 3434 4383; x_wconf 84' lang='grc' dir='ltr'>περισκοπεῖν,</span> <span class='ocrx_word' id='word_1_461' title='bbox 3475 4307 3563 4362; x_wconf 83' lang='grc' dir='ltr'>καὶ</span> <span class='ocrx_word' id='word_1_462' title='bbox 3597 4305 3656 4374; x_wconf 73' lang='grc' dir='ltr'>μὴ</span> 
     </span>
    </p>
   </div>
   <div class='ocr_carea' id='block_1_82' title="bbox 2116 4402 3462 4480">
    <p class='ocr_par' dir='ltr' id='par_1_82' title="bbox 2116 4402 3462 4480">
     <span class='ocr_line' id='line_1_82' title="bbox 2116 4402 3462 4480; baseline -0.004 -19"><span class='ocrx_word' id='word_1_463' title='bbox 2116 4409 2208 4462; x_wconf 79' lang='grc' dir='ltr'>τὸν</span> <span class='ocrx_word' id='word_1_464' title='bbox 2241 4407 2399 4480; x_wconf 75' lang='grc' dir='ltr'>ὀρθὸν</span> <span class='ocrx_word' id='word_1_465' title='bbox 2431 4407 2589 4476; x_wconf 89' lang='grc' dir='ltr'>λόγον</span> <span class='ocrx_word' id='word_1_466' title='bbox 2623 4405 2867 4477; x_wconf 72' lang='grc' dir='ltr'>ἡγεμόνα</span> <span class='ocrx_word' id='word_1_467' title='bbox 2899 4404 3173 4459; x_wconf 78' lang='grc' dir='ltr'>ποιεῖσθαι</span> <span class='ocrx_word' id='word_1_468' title='bbox 3204 4403 3302 4458; x_wconf 67' lang='lat' dir='ltr'><strong>ruﬁ</strong></span> <span class='ocrx_word' id='word_1_469' title='bbox 3331 4402 3462 4474; x_wconf 82' lang='grc' dir='ltr'>βίου.</span> 
     </span>
    </p>
   </div>
   <div class='ocr_carea' id='block_1_83' title="bbox 501 4545 2006 4662">
    <p class='ocr_par' dir='ltr' id='par_1_83' title="bbox 501 4545 2006 4654">
     <span class='ocr_line' id='line_1_83' title="bbox 501 4545 2006 4654; baseline 0.005 -20"><span class='ocrx_word' id='word_1_470' title='bbox 501 4578 562 4634; x_wconf 83' lang='lat' dir='ltr'><strong>In</strong></span> <span class='ocrx_word' id='word_1_471' title='bbox 597 4580 701 4636; x_wconf 88' lang='lat' dir='ltr'><strong>hoc</strong></span> <span class='ocrx_word' id='word_1_472' title='bbox 761 4581 972 4637; x_wconf 88' lang='lat' dir='ltr'><strong>amicus</strong></span> <span class='ocrx_word' id='word_1_473' title='bbox 1035 4581 1105 4636; x_wconf 89' lang='lat' dir='ltr'><strong>ab</strong></span> <span class='ocrx_word' id='word_1_474' title='bbox 1139 4581 1426 4637; x_wconf 82' lang='lat' dir='ltr'><strong>adulatore</strong></span> <span class='ocrx_word' id='word_1_475' title='bbox 1485 4580 1685 4651; x_wconf 82' lang='lat' dir='ltr'><strong>dilTert,</strong></span> <span class='ocrx_word' id='word_1_476' title='bbox 1739 4545 1881 4654; x_wconf 90' lang='lat' dir='ltr'><strong>quod</strong></span> <span class='ocrx_word' id='word_1_477' title='bbox 1920 4585 2006 4641; x_wconf 85' lang='lat' dir='ltr'><strong>hic</strong></span> 
     </span>
    </p>
   </div>
   <div class='ocr_carea' id='block_1_84' title="bbox 2136 4545 3659 4662">
    <p class='ocr_par' dir='ltr' id='par_1_84' title="bbox 2187 4577 3659 4662">
     <span class='ocr_line' id='line_1_84' title="bbox 2187 4577 3659 4662; baseline -0.009 -13"><span class='ocrx_word' id='word_1_478' title='bbox 2187 4593 2360 4648; x_wconf 83' lang='grc' dir='ltr'>Τοῦτο</span> <span class='ocrx_word' id='word_1_479' title='bbox 2414 4593 2566 4662; x_wconf 85' lang='grc' dir='ltr'>φίλος</span> <span class='ocrx_word' id='word_1_480' title='bbox 2612 4592 2842 4649; x_wconf 79' lang='grc' dir='ltr'>κόλακος</span> <span class='ocrx_word' id='word_1_481' title='bbox 2862 4588 2868 4598; x_wconf 85' lang='grc'><em>’</em></span> <span class='ocrx_word' id='word_1_482' title='bbox 2889 4588 3191 4656; x_wconf 81' lang='grc' dir='ltr'>διενήνοχε,</span> <span class='ocrx_word' id='word_1_483' title='bbox 3216 4586 3281 4638; x_wconf 78' lang='grc' dir='ltr'>τὸ</span> <span class='ocrx_word' id='word_1_484' title='bbox 3310 4585 3401 4637; x_wconf 78' lang='grc' dir='ltr'>τὸν</span> <span class='ocrx_word' id='word_1_485' title='bbox 3431 4583 3519 4652; x_wconf 75' lang='grc' dir='ltr'>μὲν</span> <span class='ocrx_word' id='word_1_486' title='bbox 3546 4577 3659 4646; x_wconf 64' lang='grc' dir='ltr'>πρὸς</span> 
     </span>
    </p>
   </div>
   <div class='ocr_carea' id='block_1_85' title="bbox 433 4673 2011 4743">
    <p class='ocr_par' dir='ltr' id='par_1_85' title="bbox 433 4673 2011 4743">
     <span class='ocr_line' id='line_1_85' title="bbox 433 4673 2011 4743; baseline 0.004 -15"><span class='ocrx_word' id='word_1_487' title='bbox 433 4673 654 4743; x_wconf 90' lang='lat' dir='ltr'><strong>quidem</strong></span> <span class='ocrx_word' id='word_1_488' title='bbox 715 4684 1082 4730; x_wconf 85' lang='lat' dir='ltr'><strong>conversatur</strong></span> <span class='ocrx_word' id='word_1_489' title='bbox 1111 4677 1178 4729; x_wconf 90' lang='lat' dir='ltr'><strong>ad</strong></span> <span class='ocrx_word' id='word_1_490' title='bbox 1207 4673 1566 4743; x_wconf 86' lang='lat' dir='ltr'><strong>voluptatem,</strong></span> <span class='ocrx_word' id='word_1_491' title='bbox 1618 4675 1709 4731; x_wconf 89' lang='lat' dir='ltr'><strong>ille</strong></span> <span class='ocrx_word' id='word_1_492' title='bbox 1739 4693 1869 4733; x_wconf 82' lang='lat' dir='ltr'><strong>vero</strong></span> <span class='ocrx_word' id='word_1_493' title='bbox 1897 4694 2011 4734; x_wconf 80' lang='grc' dir='ltr'>πιο-</span> 
     </span>
    </p>
   </div>
   <div class='ocr_carea' id='block_1_86' title="bbox 430 4766 1213 4824">
    <p class='ocr_par' dir='ltr' id='par_1_86' title="bbox 430 4766 1213 4824">
     <span class='ocr_line' id='line_1_86' title="bbox 430 4766 1213 4824; baseline -0.001 -2"><span class='ocrx_word' id='word_1_494' title='bbox 430 4766 583 4824; x_wconf 80' lang='lat' dir='ltr'><strong>lestis</strong></span> <span class='ocrx_word' id='word_1_495' title='bbox 611 4767 777 4824; x_wconf 87' lang='lat' dir='ltr'><strong>etiam</strong></span> <span class='ocrx_word' id='word_1_496' title='bbox 815 4783 922 4822; x_wconf 89' lang='lat' dir='ltr'><strong>non</strong></span> <span class='ocrx_word' id='word_1_497' title='bbox 957 4767 1213 4822; x_wconf 89' lang='lat' dir='ltr'><strong>abstinet.</strong></span> 
     </span>
    </p>
   </div>
   <div class='ocr_carea' id='block_1_87' title="bbox 507 4859 2010 4932">
    <p class='ocr_par' dir='ltr' id='par_1_87' title="bbox 507 4859 2010 4932">
     <span class='ocr_line' id='line_1_87' title="bbox 507 4859 2010 4932; baseline 0.006 -20"><span class='ocrx_word' id='word_1_498' title='bbox 507 4859 780 4930; x_wconf 79' lang='lat' dir='ltr'><strong>Theologi.</strong></span> <span class='ocrx_word' id='word_1_499' title='bbox 817 4859 914 4916; x_wconf 86' lang='lat' dir='ltr'><strong>Est</strong></span> <span class='ocrx_word' id='word_1_500' title='bbox 961 4861 1108 4914; x_wconf 81' lang='lat' dir='ltr'><strong>enim</strong></span> <span class='ocrx_word' id='word_1_501' title='bbox 1161 4859 1263 4914; x_wconf 75' lang='lat' dir='ltr'><strong>viri</strong></span> <span class='ocrx_word' id='word_1_502' title='bbox 1313 4861 1670 4932; x_wconf 78' lang='lat' dir='ltr'><strong>magnanimi,</strong></span> <span class='ocrx_word' id='word_1_503' title='bbox 1707 4865 2010 4921; x_wconf 88' lang='lat' dir='ltr'><strong>amicorum</strong></span> 
     </span>
    </p>
   </div>
   <div class='ocr_carea' id='block_1_88' title="bbox 430 4951 2011 5024">
    <p class='ocr_par' dir='ltr' id='par_1_88' title="bbox 430 4951 2011 5024">
     <span class='ocr_line' id='line_1_88' title="bbox 430 4951 2011 5024; baseline 0.004 -18"><span class='ocrx_word' id='word_1_504' title='bbox 430 4954 611 5022; x_wconf 83' lang='lat' dir='ltr'><strong>potius</strong></span> <span class='ocrx_word' id='word_1_505' title='bbox 665 4953 974 5008; x_wconf 83' lang='lat' dir='ltr'><strong>libertatem</strong></span> <span class='ocrx_word' id='word_1_506' title='bbox 1033 4951 1377 5023; x_wconf 83' lang='lat' dir='ltr'><strong>approbare,</strong></span> <span class='ocrx_word' id='word_1_507' title='bbox 1431 4969 1592 5024; x_wconf 89' lang='lat' dir='ltr'><strong>quam</strong></span> <span class='ocrx_word' id='word_1_508' title='bbox 1662 4955 2011 5012; x_wconf 90' lang='lat' dir='ltr'><strong>inimicorum</strong></span> 
     </span>
    </p>
   </div>
   <div class='ocr_carea' id='block_1_89' title="bbox 431 5044 818 5102">
    <p class='ocr_par' dir='ltr' id='par_1_89' title="bbox 431 5044 818 5102">
     <span class='ocr_line' id='line_1_89' title="bbox 431 5044 818 5102; baseline -0.005 0"><span class='ocrx_word' id='word_1_509' title='bbox 431 5044 818 5102; x_wconf 87' lang='lat' dir='ltr'><strong>adulationem.</strong></span> 
     </span>
    </p>
   </div>
   <div class='ocr_carea' id='block_1_90' title="bbox 509 5137 2011 5210">
    <p class='ocr_par' dir='ltr' id='par_1_90' title="bbox 509 5137 2011 5210">
     <span class='ocr_line' id='line_1_90' title="bbox 509 5137 2011 5210; baseline 0.001 -16"><span class='ocrx_word' id='word_1_510' title='bbox 509 5137 678 5194; x_wconf 82' lang='lat' dir='ltr'><strong>Multo</strong></span> <span class='ocrx_word' id='word_1_511' title='bbox 719 5139 889 5193; x_wconf 87' lang='lat' dir='ltr'><strong>satius</strong></span> <span class='ocrx_word' id='word_1_512' title='bbox 915 5147 998 5194; x_wconf 89' lang='lat' dir='ltr'><strong>est</strong></span> <span class='ocrx_word' id='word_1_513' title='bbox 1028 5153 1123 5208; x_wconf 89' lang='lat' dir='ltr'><strong>per</strong></span> <span class='ocrx_word' id='word_1_514' title='bbox 1146 5137 1448 5192; x_wconf 90' lang='lat' dir='ltr'><strong>molestiam</strong></span> <span class='ocrx_word' id='word_1_515' title='bbox 1485 5154 1704 5210; x_wconf 74' lang='lat' dir='ltr'><strong>parvam</strong></span> <span class='ocrx_word' id='word_1_516' title='bbox 1759 5139 2011 5195; x_wconf 89' lang='lat' dir='ltr'><strong>utilitatis</strong></span> 
     </span>
    </p>
   </div>
   <div class='ocr_carea' id='block_1_91' title="bbox 435 5231 2011 5305">
    <p class='ocr_par' dir='ltr' id='par_1_91' title="bbox 435 5231 2011 5305">
     <span class='ocr_line' id='line_1_91' title="bbox 435 5231 2011 5305; baseline 0.001 -18"><span class='ocrx_word' id='word_1_517' title='bbox 435 5231 726 5305; x_wconf 85' lang='lat' dir='ltr'><strong>plurimum</strong></span> <span class='ocrx_word' id='word_1_518' title='bbox 783 5231 1107 5295; x_wconf 86' lang='lat' dir='ltr'><strong>conciliare,</strong></span> <span class='ocrx_word' id='word_1_519' title='bbox 1164 5247 1328 5299; x_wconf 86' lang='lat' dir='ltr'><strong>quam</strong></span> <span class='ocrx_word' id='word_1_520' title='bbox 1370 5233 1706 5302; x_wconf 80' lang='lat' dir='ltr'><strong>voluptatem</strong></span> <span class='ocrx_word' id='word_1_521' title='bbox 1753 5236 2011 5290; x_wconf 77' lang='lat' dir='ltr'><strong>sec-tando</strong></span> 
     </span>
    </p>
   </div>
   <div class='ocr_carea' id='block_1_92' title="bbox 435 5323 1375 5396">
    <p class='ocr_par' dir='ltr' id='par_1_92' title="bbox 435 5323 1375 5396">
     <span class='ocr_line' id='line_1_92' title="bbox 435 5323 1375 5396; baseline -0.003 -14"><span class='ocrx_word' id='word_1_522' title='bbox 435 5326 605 5396; x_wconf 77' lang='lat' dir='ltr'><strong>totius</strong></span> <span class='ocrx_word' id='word_1_523' title='bbox 636 5324 800 5380; x_wconf 87' lang='lat' dir='ltr'><strong>sortis</strong></span> <span class='ocrx_word' id='word_1_524' title='bbox 831 5323 1107 5394; x_wconf 76' lang='lat' dir='ltr'><strong>iacturam</strong></span> <span class='ocrx_word' id='word_1_525' title='bbox 1149 5325 1375 5379; x_wconf 77' lang='lat' dir='ltr'><strong>inferre.</strong></span> 
     </span>
    </p>
   </div>
   <div class='ocr_carea' id='block_1_93' title="bbox 502 5415 2008 5488">
    <p class='ocr_par' dir='ltr' id='par_1_93' title="bbox 502 5415 2008 5488">
     <span class='ocr_line' id='line_1_93' title="bbox 502 5415 2008 5488; baseline 0.001 -14"><span class='ocrx_word' id='word_1_526' title='bbox 502 5416 561 5474; x_wconf 90' lang='lat' dir='ltr'><strong>S.</strong></span> <span class='ocrx_word' id='word_1_527' title='bbox 595 5417 870 5488; x_wconf 73' lang='lat' dir='ltr'><strong>Chrysost.</strong></span> <span class='ocrx_word' id='word_1_528' title='bbox 901 5415 1036 5471; x_wconf 91' lang='lat' dir='ltr'><strong>Cum</strong></span> <span class='ocrx_word' id='word_1_529' title='bbox 1067 5415 1246 5486; x_wconf 87' lang='lat' dir='ltr'><strong>aliqua</strong></span> <span class='ocrx_word' id='word_1_530' title='bbox 1295 5418 1523 5472; x_wconf 87' lang='lat' dir='ltr'><strong>mutatio</strong></span> <span class='ocrx_word' id='word_1_531' title='bbox 1570 5418 1628 5472; x_wconf 83' lang='lat' dir='ltr'><strong>lit</strong></span> <span class='ocrx_word' id='word_1_532' title='bbox 1654 5418 1704 5472; x_wconf 92' lang='lat' dir='ltr'><strong>iu</strong></span> <span class='ocrx_word' id='word_1_533' title='bbox 1745 5419 2008 5487; x_wconf 87' lang='lat' dir='ltr'><strong>deterius,</strong></span> 
     </span>
    </p>
   </div>
   <div class='ocr_carea' id='block_1_94' title="bbox 435 5510 2009 5580">
    <p class='ocr_par' dir='ltr' id='par_1_94' title="bbox 435 5510 2009 5580">
     <span class='ocr_line' id='line_1_94' title="bbox 435 5510 2009 5580; baseline 0 -12"><span class='ocrx_word' id='word_1_534' title='bbox 435 5524 566 5569; x_wconf 89' lang='lat' dir='ltr'><strong>tunc</strong></span> <span class='ocrx_word' id='word_1_535' title='bbox 598 5511 921 5568; x_wconf 76' lang='lat' dir='ltr'><strong>attleruntur</strong></span> <span class='ocrx_word' id='word_1_536' title='bbox 950 5510 1295 5564; x_wconf 89' lang='lat' dir='ltr'><strong>adulatorum</strong></span> <span class='ocrx_word' id='word_1_537' title='bbox 1339 5525 1584 5580; x_wconf 68' lang='lat' dir='ltr'><strong>persona:</strong></span> <span class='ocrx_word' id='word_1_538' title='bbox 1614 5531 1626 5564; x_wconf 87' lang='lat'><strong>:</strong></span> <span class='ocrx_word' id='word_1_539' title='bbox 1661 5522 1772 5566; x_wconf 90' lang='lat' dir='ltr'><strong>tum</strong></span> <span class='ocrx_word' id='word_1_540' title='bbox 1807 5511 2009 5568; x_wconf 85' lang='lat' dir='ltr'><strong>chorus</strong></span> 
     </span>
    </p>
   </div>
   <div class='ocr_carea' id='block_1_95' title="bbox 435 5599 2011 5672">
    <p class='ocr_par' dir='ltr' id='par_1_95' title="bbox 435 5599 2011 5672">
     <span class='ocr_line' id='line_1_95' title="bbox 435 5599 2011 5672; baseline -0.001 -15"><span class='ocrx_word' id='word_1_541' title='bbox 435 5604 786 5667; x_wconf 83' lang='lat' dir='ltr'><strong>histrionum,</strong></span> <span class='ocrx_word' id='word_1_542' title='bbox 809 5611 862 5655; x_wconf 89' lang='lat' dir='ltr'><strong>et</strong></span> <span class='ocrx_word' id='word_1_543' title='bbox 896 5601 972 5654; x_wconf 86' lang='lat' dir='ltr'><strong>rei</strong></span> <span class='ocrx_word' id='word_1_544' title='bbox 1013 5599 1288 5655; x_wconf 83' lang='lat' dir='ltr'><strong>simulatio</strong></span> <span class='ocrx_word' id='word_1_545' title='bbox 1317 5610 1636 5672; x_wconf 79' lang='lat' dir='ltr'><strong>arguuntur.</strong></span> <span class='ocrx_word' id='word_1_546' title='bbox 1673 5601 2011 5672; x_wconf 88' lang='lat' dir='ltr'><strong>Aperiuntur</strong></span> 
     </span>
    </p>
   </div>
   <div class='ocr_carea' id='block_1_96' title="bbox 432 5692 2008 5763">
    <p class='ocr_par' dir='ltr' id='par_1_96' title="bbox 432 5692 2008 5763">
     <span class='ocr_line' id='line_1_96' title="bbox 432 5692 2008 5763; baseline -0.003 -12"><span class='ocrx_word' id='word_1_547' title='bbox 432 5700 678 5751; x_wconf 87' lang='lat' dir='ltr'><strong>omnium</strong></span> <span class='ocrx_word' id='word_1_548' title='bbox 743 5710 860 5758; x_wconf 87' lang='lat' dir='ltr'><strong>ora,</strong></span> <span class='ocrx_word' id='word_1_549' title='bbox 919 5692 1339 5757; x_wconf 76' lang='lat' dir='ltr'><strong>exsecrandum,</strong></span> <span class='ocrx_word' id='word_1_550' title='bbox 1397 5693 1701 5763; x_wconf 86' lang='lat' dir='ltr'><strong>improbum</strong></span> <span class='ocrx_word' id='word_1_551' title='bbox 1749 5702 1802 5746; x_wconf 93' lang='lat' dir='ltr'><strong>et</strong></span> <span class='ocrx_word' id='word_1_552' title='bbox 1835 5692 2008 5746; x_wconf 84' lang='lat' dir='ltr'><strong>Immi-</strong></span> 
     </span>
    </p>
   </div>
   <div class='ocr_carea' id='block_1_97' title="bbox 433 5782 2009 5857">
    <p class='ocr_par' dir='ltr' id='par_1_97' title="bbox 433 5782 2009 5857">
     <span class='ocr_line' id='line_1_97' title="bbox 433 5782 2009 5857; baseline -0.003 -14"><span class='ocrx_word' id='word_1_553' title='bbox 433 5804 556 5843; x_wconf 90' lang='lat' dir='ltr'><strong>nem</strong></span> <span class='ocrx_word' id='word_1_554' title='bbox 584 5787 884 5857; x_wconf 88' lang='lat' dir='ltr'><strong>pessimum</strong></span> <span class='ocrx_word' id='word_1_555' title='bbox 923 5783 1182 5838; x_wconf 72' lang='lat' dir='ltr'><strong>vocitant.</strong></span> <span class='ocrx_word' id='word_1_556' title='bbox 1223 5783 1302 5837; x_wconf 84' lang='lat' dir='ltr'><strong>Au</strong></span> <span class='ocrx_word' id='word_1_557' title='bbox 1345 5798 1450 5838; x_wconf 91' lang='lat' dir='ltr'><strong>non</strong></span> <span class='ocrx_word' id='word_1_558' title='bbox 1488 5783 1604 5837; x_wconf 85' lang='lat' dir='ltr'><strong>heri</strong></span> <span class='ocrx_word' id='word_1_559' title='bbox 1636 5782 2009 5838; x_wconf 77' lang='lat' dir='ltr'><strong>assentabaris</strong></span> 
     </span>
    </p>
   </div>
   <div class='ocr_carea' id='block_1_98' title="bbox 434 5869 2010 5948">
    <p class='ocr_par' dir='ltr' id='par_1_98' title="bbox 434 5869 2010 5948">
     <span class='ocr_line' id='line_1_98' title="bbox 434 5869 2010 5948; baseline -0.004 -13"><span class='ocrx_word' id='word_1_560' title='bbox 434 5881 507 5948; x_wconf 77' lang='lat' dir='ltr'><strong>ei,</strong></span> <span class='ocrx_word' id='word_1_561' title='bbox 562 5887 617 5935; x_wconf 92' lang='lat' dir='ltr'><strong>et</strong></span> <span class='ocrx_word' id='word_1_562' title='bbox 662 5888 860 5932; x_wconf 83' lang='lat' dir='ltr'><strong>manus</strong></span> <span class='ocrx_word' id='word_1_563' title='bbox 913 5874 1034 5946; x_wconf 78' lang='lat' dir='ltr'><strong>ejus</strong></span> <span class='ocrx_word' id='word_1_564' title='bbox 1083 5869 1531 5930; x_wconf 82' lang='lat' dir='ltr'><strong>deosculabaris?</strong></span> <span class='ocrx_word' id='word_1_565' title='bbox 1597 5871 1835 5930; x_wconf 82' lang='lat' dir='ltr'><strong>Persona</strong></span> <span class='ocrx_word' id='word_1_566' title='bbox 1892 5873 2010 5929; x_wconf 68' lang='lat' dir='ltr'><strong>tunc</strong></span> 
     </span>
    </p>
   </div>
   <div class='ocr_carea' id='block_1_99' title="bbox 2115 4665 3655 4757">
    <p class='ocr_par' dir='ltr' id='par_1_99' title="bbox 2115 4665 3655 4757">
     <span class='ocr_line' id='line_1_99' title="bbox 2115 4665 3655 4757; baseline -0.014 -17"><span class='ocrx_word' id='word_1_567' title='bbox 2115 4665 2309 4757; x_wconf 62' lang='grc' dir='ltr'>ἦδονὴν</span> <span class='ocrx_word' id='word_1_568' title='bbox 2359 4686 2589 4753; x_wconf 80' lang='grc' dir='ltr'>ὁμιλεῖν,</span> <span class='ocrx_word' id='word_1_569' title='bbox 2629 4684 2729 4738; x_wconf 34' lang='grc' dir='ltr'>’τὸν</span> <span class='ocrx_word' id='word_1_570' title='bbox 2780 4682 2836 4735; x_wconf 75' lang='grc' dir='ltr'><strong>δι</strong></span> <span class='ocrx_word' id='word_1_571' title='bbox 2891 4681 3031 4751; x_wconf 80' lang='grc' dir='ltr'>μήτε</span> <span class='ocrx_word' id='word_1_572' title='bbox 3083 4677 3197 4732; x_wconf 87' lang='grc' dir='ltr'><strong>τῶν</strong></span> <span class='ocrx_word' id='word_1_573' title='bbox 3232 4675 3534 4730; x_wconf 76' lang='grc' dir='ltr'>λυπούντων</span> <span class='ocrx_word' id='word_1_574' title='bbox 3574 4671 3655 4721; x_wconf 77' lang='grc' dir='ltr'><strong>ἁπ-</strong></span> 
     </span>
    </p>
   </div>
   <div class='ocr_carea' id='block_1_100' title="bbox 2113 4777 2359 4849">
    <p class='ocr_par' dir='ltr' id='par_1_100' title="bbox 2113 4777 2359 4849">
     <span class='ocr_line' id='line_1_100' title="bbox 2113 4777 2359 4849; baseline -0.012 -18"><span class='ocrx_word' id='word_1_575' title='bbox 2113 4777 2359 4849; x_wconf 69' lang='grc' dir='ltr'>ἔχεσθαι.</span> 
     </span>
    </p>
   </div>
   <div class='ocr_carea' id='block_1_101' title="bbox 2188 4854 3654 4937">
    <p class='ocr_par' dir='ltr' id='par_1_101' title="bbox 2188 4854 3654 4937">
     <span class='ocr_line' id='line_1_101' title="bbox 2188 4854 3654 4937; baseline -0.013 -14"><span class='ocrx_word' id='word_1_576' title='bbox 2188 4870 2344 4922; x_wconf 78' lang='grc' dir='ltr'>Ἐστι</span> <span class='ocrx_word' id='word_1_577' title='bbox 2390 4866 2499 4937; x_wconf 75' lang='grc' dir='ltr'><strong>γὰρ</strong></span> <span class='ocrx_word' id='word_1_578' title='bbox 2535 4865 2730 4934; x_wconf 70' lang='grc' dir='ltr'>ἀνδρὸς</span> <span class='ocrx_word' id='word_1_579' title='bbox 2769 4862 3178 4934; x_wconf 82' lang='grc' dir='ltr'>μεγαλόφρονος</span> <span class='ocrx_word' id='word_1_580' title='bbox 3210 4858 3382 4928; x_wconf 82' lang='grc' dir='ltr'>φίλων</span> <span class='ocrx_word' id='word_1_581' title='bbox 3428 4854 3654 4922; x_wconf 77' lang='grc' dir='ltr'>ἀποδέχε-</span> 
     </span>
    </p>
   </div>
   <div class='ocr_carea' id='block_1_102' title="bbox 2115 4951 3487 5032">
    <p class='ocr_par' dir='ltr' id='par_1_102' title="bbox 2115 4951 3487 5032">
     <span class='ocr_line' id='line_1_102' title="bbox 2115 4951 3487 5032; baseline -0.009 -16"><span class='ocrx_word' id='word_1_582' title='bbox 2115 4963 2240 5018; x_wconf 83' lang='grc' dir='ltr'>σθαι</span> <span class='ocrx_word' id='word_1_583' title='bbox 2270 4961 2470 5032; x_wconf 80' lang='grc' dir='ltr'>μᾶλλον</span> <span class='ocrx_word' id='word_1_584' title='bbox 2506 4956 2840 5028; x_wconf 80' lang='grc' dir='ltr'>ἐλευθερίαν,</span> <span class='ocrx_word' id='word_1_585' title='bbox 2877 4955 2910 5024; x_wconf 74' lang='grc' dir='ltr'><em>ἣ</em></span> <span class='ocrx_word' id='word_1_586' title='bbox 2940 4952 3152 5026; x_wconf 78' lang='grc' dir='ltr'>ἐχθρῶν</span> <span class='ocrx_word' id='word_1_587' title='bbox 3185 4951 3487 5006; x_wconf 79' lang='grc' dir='ltr'>κολακείαν.</span> 
     </span>
    </p>
   </div>
   <div class='ocr_carea' id='block_1_103' title="bbox 2187 5124 3654 5223">
    <p class='ocr_par' dir='ltr' id='par_1_103' title="bbox 2187 5124 3654 5223">
     <span class='ocr_line' id='line_1_103' title="bbox 2187 5124 3654 5223; baseline -0.013 -27"><span class='ocrx_word' id='word_1_588' title='bbox 2187 5140 2375 5212; x_wconf 84' lang='grc' dir='ltr'>Πολλῷ</span> <span class='ocrx_word' id='word_1_589' title='bbox 2410 5141 2618 5212; x_wconf 79' lang='grc' dir='ltr'>βέλτιον</span> <span class='ocrx_word' id='word_1_590' title='bbox 2655 5138 2862 5210; x_wconf 76' lang='grc' dir='ltr'>βραχέα</span> <span class='ocrx_word' id='word_1_591' title='bbox 2889 5137 3239 5204; x_wconf 82' lang='grc' dir='ltr'>λυπήσαντα,</span> <span class='ocrx_word' id='word_1_592' title='bbox 3286 5131 3504 5223; x_wconf 66' lang='grc' dir='ltr'>μέγιστα</span> <span class='ocrx_word' id='word_1_593' title='bbox 3532 5124 3654 5223; x_wconf 66' lang='grc' dir='ltr'><strong>εἶιφεὶ</strong></span> 
     </span>
    </p>
   </div>
   <div class='ocr_carea' id='block_1_104' title="bbox 2112 5219 3653 5304">
    <p class='ocr_par' dir='ltr' id='par_1_104' title="bbox 2112 5219 3653 5304">
     <span class='ocr_line' id='line_1_104' title="bbox 2112 5219 3653 5304; baseline -0.012 -17"><span class='ocrx_word' id='word_1_594' title='bbox 2112 5234 2362 5304; x_wconf 82' lang='grc' dir='ltr'>λῆσαι,ἢ</span> <span class='ocrx_word' id='word_1_595' title='bbox 2414 5232 2474 5284; x_wconf 83' lang='grc' dir='ltr'>τὸ</span> <span class='ocrx_word' id='word_1_596' title='bbox 2528 5231 2662 5299; x_wconf 72' lang='grc' dir='ltr'>πρὸς</span> <span class='ocrx_word' id='word_1_597' title='bbox 2713 5227 2904 5299; x_wconf 77' lang='grc' dir='ltr'>ἡδονὴν</span> <span class='ocrx_word' id='word_1_598' title='bbox 2951 5226 3242 5290; x_wconf 81' lang='grc' dir='ltr'>διώκοντα,</span> <span class='ocrx_word' id='word_1_599' title='bbox 3290 5219 3549 5293; x_wconf 76' lang='grc' dir='ltr'>ζημιῶσαι</span> <span class='ocrx_word' id='word_1_600' title='bbox 3591 5219 3653 5282; x_wconf 77' lang='grc' dir='ltr'><strong>τῷ</strong></span> 
     </span>
    </p>
   </div>
   <div class='ocr_carea' id='block_1_105' title="bbox 2112 5325 2419 5398">
    <p class='ocr_par' dir='ltr' id='par_1_105' title="bbox 2112 5325 2419 5398">
     <span class='ocr_line' id='line_1_105' title="bbox 2112 5325 2419 5398; baseline -0.013 -16"><span class='ocrx_word' id='word_1_601' title='bbox 2112 5325 2419 5398; x_wconf 85' lang='grc' dir='ltr'>κεφαλαίῳ.</span> 
     </span>
    </p>
   </div>
   <div class='ocr_carea' id='block_1_106' title="bbox 2185 5397 3652 5489">
    <p class='ocr_par' dir='ltr' id='par_1_106' title="bbox 2185 5397 3652 5489">
     <span class='ocr_line' id='line_1_106' title="bbox 2185 5397 3652 5489; baseline -0.018 -14"><span class='ocrx_word' id='word_1_602' title='bbox 2185 5421 2355 5475; x_wconf 85' lang='grc' dir='ltr'>Ὅταν</span> <span class='ocrx_word' id='word_1_603' title='bbox 2392 5417 2664 5489; x_wconf 76' lang='grc' dir='ltr'>μεταϐολή</span> <span class='ocrx_word' id='word_1_604' title='bbox 2690 5432 2775 5478; x_wconf 87' lang='grc' dir='ltr'><strong>τις</strong></span> <span class='ocrx_word' id='word_1_605' title='bbox 2807 5413 3037 5480; x_wconf 78' lang='grc' dir='ltr'>γένηται</span> <span class='ocrx_word' id='word_1_606' title='bbox 3081 5406 3220 5477; x_wconf 78' lang='grc' dir='ltr'>πρὸς</span> <span class='ocrx_word' id='word_1_607' title='bbox 3249 5405 3310 5460; x_wconf 77' lang='grc' dir='ltr'>τὸ</span> <span class='ocrx_word' id='word_1_608' title='bbox 3339 5405 3518 5476; x_wconf 84' lang='grc' dir='ltr'>χεῖρον,</span> <span class='ocrx_word' id='word_1_609' title='bbox 3549 5397 3652 5452; x_wconf 82' lang='grc' dir='ltr'>τότε</span> 
     </span>
    </p>
   </div>
   <div class='ocr_carea' id='block_1_107' title="bbox 2109 5495 3650 5592">
    <p class='ocr_par' dir='ltr' id='par_1_107' title="bbox 2109 5495 3650 5592">
     <span class='ocr_line' id='line_1_107' title="bbox 2109 5495 3650 5592; baseline -0.014 -26"><span class='ocrx_word' id='word_1_610' title='bbox 2109 5513 2219 5568; x_wconf 89' lang='grc' dir='ltr'><strong>τῶν</strong></span> <span class='ocrx_word' id='word_1_611' title='bbox 2256 5513 2506 5566; x_wconf 83' lang='grc' dir='ltr'>κολάκων</span> <span class='ocrx_word' id='word_1_612' title='bbox 2538 5509 2860 5579; x_wconf 80' lang='grc' dir='ltr'>ἀφαιρεῖται</span> <span class='ocrx_word' id='word_1_613' title='bbox 2887 5505 2956 5558; x_wconf 79' lang='grc' dir='ltr'>τὰ</span> <span class='ocrx_word' id='word_1_614' title='bbox 2987 5504 3306 5573; x_wconf 75' lang='grc' dir='ltr'>προσωπεῖα</span> <span class='ocrx_word' id='word_1_615' title='bbox 3331 5516 3345 5530; x_wconf 78' lang='grc' dir='ltr'><strong>ο</strong></span> <span class='ocrx_word' id='word_1_616' title='bbox 3376 5498 3490 5592; x_wconf 68' lang='grc' dir='ltr'>τότε</span> <span class='ocrx_word' id='word_1_617' title='bbox 3523 5495 3549 5546; x_wconf 83' lang='grc' dir='ltr'><strong>ό</strong></span> <span class='ocrx_word' id='word_1_618' title='bbox 3572 5507 3650 5592; x_wconf 48' lang='grc' dir='ltr'><strong><em>χοὶ</em></strong></span> 
     </span>
    </p>
   </div>
   <div class='ocr_carea' id='block_1_108' title="bbox 2113 5586 3650 5688">
    <p class='ocr_par' dir='ltr' id='par_1_108' title="bbox 2113 5586 3650 5688">
     <span class='ocr_line' id='line_1_108' title="bbox 2113 5586 3650 5688; baseline -0.015 -30"><span class='ocrx_word' id='word_1_619' title='bbox 2113 5606 2207 5676; x_wconf 79' lang='grc' dir='ltr'><strong>ρὺς</strong></span> <span class='ocrx_word' id='word_1_620' title='bbox 2259 5603 2542 5674; x_wconf 70' lang='grc' dir='ltr'>ἐλέγχεται</span> <span class='ocrx_word' id='word_1_621' title='bbox 2599 5600 2705 5653; x_wconf 89' lang='grc' dir='ltr'><strong>τῶν</strong></span> <span class='ocrx_word' id='word_1_622' title='bbox 2759 5595 3092 5665; x_wconf 83' lang='grc' dir='ltr'>ὑποκριτῶν,</span> <span class='ocrx_word' id='word_1_623' title='bbox 3127 5593 3221 5648; x_wconf 82' lang='grc' dir='ltr'>καὶ</span> <span class='ocrx_word' id='word_1_624' title='bbox 3271 5593 3304 5664; x_wconf 76' lang='grc' dir='ltr'><strong>ἠ</strong></span> <span class='ocrx_word' id='word_1_625' title='bbox 3351 5586 3532 5688; x_wconf 77' lang='grc' dir='ltr'>σκῆψις</span> 
     </span>
    </p>
   </div>
   <div class='ocr_carea' id='block_1_109' title="bbox 2112 5671 3647 5768">
    <p class='ocr_par' dir='ltr' id='par_1_109' title="bbox 2112 5671 3647 5768">
     <span class='ocr_line' id='line_1_109' title="bbox 2112 5671 3647 5768; baseline -0.019 -12"><span class='ocrx_word' id='word_1_626' title='bbox 2112 5671 2459 5768; x_wconf 42' lang='grc' dir='ltr'>πράγματος.</span> <span class='ocrx_word' id='word_1_627' title='bbox 2534 5691 2840 5761; x_wconf 83' lang='grc' dir='ltr'>Ἀνοίγεται</span> <span class='ocrx_word' id='word_1_628' title='bbox 2896 5689 3114 5742; x_wconf 79' lang='grc' dir='ltr'>πάντων</span> <span class='ocrx_word' id='word_1_629' title='bbox 3169 5685 3238 5739; x_wconf 80' lang='grc' dir='ltr'>τὰ</span> <span class='ocrx_word' id='word_1_630' title='bbox 3300 5681 3539 5748; x_wconf 81' lang='grc' dir='ltr'>στόματα,</span> 
     </span>
    </p>
   </div>
   <div class='ocr_carea' id='block_1_110' title="bbox 2115 5760 3647 5871">
    <p class='ocr_par' dir='ltr' id='par_1_110' title="bbox 2115 5760 3647 5871">
     <span class='ocr_line' id='line_1_110' title="bbox 2115 5760 3647 5871; baseline -0.014 -29"><span class='ocrx_word' id='word_1_631' title='bbox 2115 5760 2331 5859; x_wconf 62' lang='grc' dir='ltr'>μίαρός,</span> <span class='ocrx_word' id='word_1_632' title='bbox 2393 5787 2664 5855; x_wconf 81' lang='grc' dir='ltr'>λέγοντες,</span> <span class='ocrx_word' id='word_1_633' title='bbox 2697 5760 2755 5836; x_wconf 79' lang='grc' dir='ltr'><strong>ό</strong></span> <span class='ocrx_word' id='word_1_634' title='bbox 2810 5781 3067 5871; x_wconf 58' lang='grc' dir='ltr'>πονηρός,</span> <span class='ocrx_word' id='word_1_635' title='bbox 3117 5775 3536 5871; x_wconf 54' lang='grc' dir='ltr'>ὁπαμπόνηρος.</span> <span class='ocrx_word' id='word_1_636' title='bbox 3577 5760 3647 5871; x_wconf 57' lang='grc' dir='ltr'>θὺ</span> 
     </span>
    </p>
   </div>
   <div class='ocr_carea' id='block_1_111' title="bbox 2111 5865 3645 5948">
    <p class='ocr_par' dir='ltr' id='par_1_111' title="bbox 2111 5865 3645 5948">
     <span class='ocr_line' id='line_1_111' title="bbox 2111 5865 3645 5948; baseline -0.026 -3"><span class='ocrx_word' id='word_1_637' title='bbox 2111 5877 2240 5948; x_wconf 75' lang='grc' dir='ltr'><strong>χθὲς</strong></span> <span class='ocrx_word' id='word_1_638' title='bbox 2264 5874 2426 5931; x_wconf 77' lang='grc' dir='ltr'>αὑτὸν</span> <span class='ocrx_word' id='word_1_639' title='bbox 2458 5872 2818 5940; x_wconf 78' lang='grc' dir='ltr'>ὲκολάκευες;</span> <span class='ocrx_word' id='word_1_640' title='bbox 2846 5871 2907 5926; x_wconf 77' lang='grc' dir='ltr'>οὗ</span> <span class='ocrx_word' id='word_1_641' title='bbox 2951 5869 3049 5936; x_wconf 74' lang='grc' dir='ltr'><strong>τὰς</strong></span> <span class='ocrx_word' id='word_1_642' title='bbox 3095 5870 3284 5938; x_wconf 86' lang='grc' dir='ltr'>χεῖρας</span> <span class='ocrx_word' id='word_1_643' title='bbox 3323 5865 3474 5918; x_wconf 81' lang='grc' dir='ltr'>αὑτοῦ</span> <span class='ocrx_word' id='word_1_644' title='bbox 3505 5868 3645 5910; x_wconf 80' lang='grc' dir='ltr'>κατε-</span> 
     </span>
    </p>
   </div>
  </div>
