3780 6558
387 402 502 466 943
1689 413 2010 477 ΑΝΊῸΝΙΙ
2049 418 2400 480 ΜΕΗΒΒᾸΞ
3538 425 3619 493 9“

395 531 502 574 tem
537 520 588 573 in
633 519 798 576 rebus
829 520 1140 592 perspicere
1187 536 1294 578 non
1316 523 1523 579 sinunt.
1558 524 1826 581 Autenim
1863 528 1888 580 l:

2125 533 2139 585 i
2199 531 2542 603 συγχωροῦσι
2592 533 2701 587 τῶν
2751 531 3100 604 πραγμάτων
3141 530 3243 602 τὴν
3276 530 3532 600 ἀλήθειαν.
3564 539 3618 594 'il

394 612 528 666 dant
559 611 938 683 vituperanda,
974 622 1070 668 aut
1097 613 1412 684 vituperant
1437 632 1582 688 saepe
1606 633 1728 689 quae
1758 635 1884 675 omn

2128 625 2194 692 άρ
2232 623 2519 678 ἐπαινοῦσι
2552 625 2621 678 τὰ
2655 625 2830 694 ψόγου
2876 623 3087 695 ἀξια,ἢ
3124 623 3362 694 ψέγουσι
3403 626 3621 695 πολλάκις

395 705 610 760 laudem
636 706 931 760 excellunt.

2083 715 2152 769 τὰ
2175 716 2415 770 ἐπαίνων
2442 715 2751 786 κρείττονα.

467 797 705 853 Sotionis
727 816 791 854 ex
816 800 952 854 libro
990 800 1171 856 Deira.
1217 801 1466 872 Delphici
1520 819 1805 874 quousque
1836 807 1960 860 und:

2157 807 2222 858 0i
2274 805 2517 875 δελφῖνες
2577 805 2740 876 μέχρι
2775 806 2870 859 τοῦ
2906 806 3183 870 κλύδωνος
3222 805 3620 876 ωνδιανήχονται

397 891 589 948 subest
625 893 956 948 comitamur
1014 901 1285 961 natantes,
1339 894 1395 949 in
1457 895 1609 951 littus
1652 910 1784 951 vero
1839 913 1890 951 nt

2124 897 2196 956 οἷς
2228 895 2567 968 κολυμϐῶσι,
2592 897 2729 966 πρὸς
2759 896 2817 950 δὲ
2849 897 2909 951 τὸ
2935 897 3102 966 ξηρὸν
3127 899 3228 950 ούκ
3256 897 3617 962 ἐξοκέλλουσιν

397 999 559 1056 quam
590 984 699 1057 95
728 986 1105 1058 egrediuntur.
1131 986 1221 1043 Sic
1241 987 1551 1045 adulatores
1581 989 1636 1045 in
1663 1003 1861 1046 sereno

2127 984 2263 1050 ύτως
2293 987 2342 1038 oi
2379 984 2612 1052 κόλακες
2658 987 2716 1040 ὲν
2747 985 2902 1058 εὐδίᾳ
2947 988 3352 1056 παραμένουσι,
3396 987 3482 1039 καὶ
3523 988 3620 1052 τοὺς

398 1095 520 1135 rum
561 1090 706 1137 Statu
739 1087 998 1136 manent:
1034 1083 1179 1137 sicut
1207 1080 1297 1152 qui
1342 1081 1548 1138 amicos
1578 1083 1645 1138 ad
1670 1083 1884 1155 peregri

2132 1075 2278 1141 ίλους
2299 1077 2380 1141 είς
2405 1079 2722 1151 ἀποδημίαν
2750 1079 3176 1149 προπίμποντες
3207 1077 3371 1148 μέχρι
3399 1078 3485 1146 τῆς
3504 1078 3622 1142 λείας

400 1171 602 1226 tionem
639 1183 852 1234 euntes,
882 1172 1011 1228 dum
1045 1172 1128 1228 via
1160 1173 1320 1243 plana
1362 1182 1466 1240 est,
1502 1173 1808 1243 deducunt,
1854 1190 1893 1231 c1

2128 1171 2710 1241 υμπαρακολουοοῦσιν
2737 1188 2754 1208 ο
2790 1173 3015 1228 ἐπειδάν
3048 1173 3107 1226 δὲ
3158 1172 3240 1234 είς
3291 1171 3531 1240 τραχεῖαν
3555 1171 3621 1223 ελ-

398 1263 653 1331 asperior
690 1272 771 1319 est
805 1265 1089 1322 recedunt.

1074 1306 1089 1320 ,
2087 1264 2276 1327 θωσιν,
2313 1265 2563 1320 ἀπίασιν.

365 1403 384 1417 ,
471 1355 678 1413 Dionis.
726 1357 987 1416 Omnium
1037 1361 1150 1420 fere
1199 1363 1455 1422 vitiorum
1514 1362 1832 1435 turpissima

2159 1355 2361 1411 Πασῶν
2391 1357 2500 1429 γὰρ
2521 1357 2631 1412 τῶν
2649 1357 2862 1414 κακιῶν
2890 1359 3183 1430 αἰσχίστην
3208 1357 3277 1410 ἀν
3301 1372 3384 1420 τις
3405 1354 3625 1428 εῦροιτὴν

397 1450 758 1520 prehenditur
791 1452 1058 1512 adulatio.

907 1453 1058 1512 latio.
2086 1448 2400 1507 κολακείαν.

473 1539 735 1599 Phocion.
763 1543 1003 1602 Phocion
1039 1546 1106 1603 ad
1135 1548 1486 1619 Antipatrum
1510 1551 1693 1608 dicere
1739 1550 1949 1607 solebat

2158 1541 2386 1595 Φωκίων
2417 1542 2602 1597 εἰώθει
2624 1543 2805 1613 λέγειν
2827 1545 2966 1615 πρὸς
2993 1543 3380 1612 Ἀντίπατρονο
3409 1540 3475 1592 θ’)
3501 1539 3624 1593 δύνα-

396 1635 516 1693 Non
538 1646 695 1709 potes
731 1653 818 1694 me
855 1647 912 1694 et
941 1639 1120 1696 amico
1153 1651 1209 1695 et
1236 1640 1526 1696 adulatore
1557 1642 1654 1697 uti.

2088 1631 2180 1686 σαί
2219 1633 2426 1704 μοικαὶ
2453 1633 2595 1706 φίλῳ
2623 1635 2721 1690 καὶ
2751 1637 2946 1690 κόλακι
2979 1634 3314 1706 χρήσασθαι.

822 1730 1549 1806 ssnuoranlpLLuu.

2687 1728 2908 1783 ΛΟΓΟΣ
2949 1728 3074 1782 Nl".

788 1823 868 1879 De
905 1826 1164 1896 oituperio
1214 1837 1264 1882 et
1305 1826 1597 1882 calumnia.

2445 1820 2584 1888 Περὶ
2617 1821 2815 1889 ψόγου
2860 1820 2961 1875 καὶ
2990 1818 3318 1885 εδιαϐολῆς.

470 1913 670 1972 Matth.
705 1933 758 1972 ν.
799 1915 952 1973 Beati
985 1918 1119 1975 estis
1149 1919 1367 1989 quando
1405 1919 1603 1990 probra
1628 1917 1682 1974 in
1715 1933 1812 1976 vos
1830 1919 1963 1990 jece-

2154 1912 2435 1982 Μακάριοι
2495 1913 2643 1979 ἐστὶ,
2679 1914 2809 1967 ὅταν
2851 1912 3190 1968 ὀνειδίσωσιν
3221 1912 3372 1980 ὑμᾶς
3411 1911 3498 1961 καὶ
3531 1907 3627 1961 διῶ-

400 2007 511 2064 rint
553 2017 610 2065 et
648 2011 923 2079 persecuti
957 2009 1179 2068 fuerint.

779 2011 923 2066 eeuti
957 2009 1179 2068 fuerint.
2090 2004 2272 2072 ξωσιν.

474 2099 504 2154 1
547 2091 671 2158 Cor.
702 2117 774 2158 Iv.
802 2101 939 2159 Male
956 2104 1240 2160 audientes
1268 2104 1670 2172 benedicimus,
1718 2105 1967 2162 convicii:

2161 2098 2601 2168 Λοιδορούμενοι,
2623 2099 2960 2171 εὐλογοῦμεν
2977 2118 2992 2132 ο
3021 2097 3524 2170 βλασφημούμενοι,
3547 2114 3627 2150 πα-

401 2189 583 2248 aﬂ‘ecti
627 2193 1004 2250 obsecramus.

971 2210 1004 2250 ι,
2091 2189 2464 2259 ρακαλοῦμεν.

473 2283 641 2340 Prov.
694 2301 748 2341 κ.
793 2285 1147 2342 Abscondunt
1195 2286 1542 2343 inimicitiam
1598 2287 1738 2343 labia
1799 2289 1946 2359 justa

2145 2280 2547 2336 Καλύπτουσιν
2577 2283 2781 2354 ἔχθραν
2808 2285 2960 2355 χείλη
2993 2285 3180 2338 δίκαια
3204 2299 3220 2314 ο
3252 2283 3301 2336 οἱ
3336 2281 3395 2334 δὲ
3423 2279 3629 2349 ἐκφέρον-

400 2374 495 2448 qui
521 2384 702 2431 autem
739 2375 1026 2445 proferunt
1047 2377 1316 2440 convicia.
1344 2377 1651 2433 stultissimi
1688 2386 1838 2434 sunt.

1581 2377 1651 2432 mi
1688 2386 1838 2434 sunt.
2089 2389 2178 2436 τες
2210 2373 2478 2443 λοιδορίας
2508 2375 2908 2444 ἀφρονέστατοί
2937 2379 3067 2430 είσι.

472 2465 687 2524 Sirach.
726 2466 994 2524 Peccator
1029 2469 1526 2536 turbabitamicos,
1563 2479 1616 2524 et
1653 2470 1798 2525 inter
1831 2469 1965 2540 paci:

2173 2465 2339 2536 Ἀνὴρ
2373 2466 2698 2537 ἁμαρτωλὸς
2728 2469 2956 2539 ταράξει
2988 2470 3201 2538 φίλους,
3228 2467 3324 2522 καὶ
3361 2467 3461 2522 άνά
3501 2468 3629 2537 μέσον

392 2561 535 2618 ﬁcos
565 2561 900 2619 calumniam
962 2563 1232 2633 projiciet.

2091 2559 2490 2628 εἰρηνευᾶντων
2522 2558 2679 2629 βαλεῖ
2704 2562 2981 2633 διαϐολήν.

469 2651 799 2727 Priusquam
825 2659 1106 2715 examines
1132 2674 1273 2726 rem,
1297 2673 1368 2714 ne
1397 2672 1664 2722 accuses;
1699 2659 1962 2715 consider:

2165 2651 2302 2722 ΙΙρὶν
2357 2651 2646 2726 ἐξετάσεις,
2672 2654 2748 2725 μὴ
2797 2655 3014 2728 μέμψῃ.
3062 2657 3279 2727 Νόησον
3314 2655 3535 2728 πρῶτον,
3559 2654 3629 2706 καὶ

401 2749 664 2820 primum,
693 2760 747 2806 et
778 2741 965 2822 postea
992 2754 1346 2823 reprehendo.

999 2754 1346 2823 reprehendo.
2089 2741 2212 2794 τότε
2241 2741 2492 2812 and?“

479 2840 544 2898 S.
569 2842 782 2898 Basilii.
804 2842 979 2900 Verba
1040 2861 1148 2900 non
1184 2847 1362 2904 solent
1412 2850 1718 2904 molestiam
1752 2859 1806 2904 et
1835 2849 1972 2904 (1010-

2162 2835 2238 2888 Ού
2266 2836 2336 2890 τὰ
2365 2837 2590 2907 ῥήματα
2645 2842 2859 2911 πέφυκε
2898 2855 2998 2904 τας
3045 2842 3224 2905 λύπας
3275 2843 3464 2902 κινεῖν,
3492 2839 3632 2908 ἀλλ’ἢ

408 2948 524 2989 rem
557 2935 856 3000 concitare,
889 2936 983 2991 sed
1015 2947 1363 3010 contemptus
1400 2940 1549 2996 illius
1601 2941 1692 3012 qui
1735 2943 1892 2996 convi

2139 2927 2236 2982 ιτὰ
2276 2928 2372 2982 τοῦ
2415 2930 2833 3003 λοιδορήσαντος
2864 2936 3013 3005 ἡμᾶς
3042 2933 3342 3004 ὑπεροψία,
3371 2934 3460 2986 καὶ
3484 2935 3511 3002 ἡ
3537 2933 3632 2984 ικά-

407 3025 604 3081 dixerit
637 3035 824 3082 contra
853 3042 970 3094 nos,
1001 3039 1054 3084 et
1081 3043 1179 3084 sua
1211 3031 1477 3102 cujusque
1532 3031 1875 3102 imaginatio-

1266 3031 1477 3102 Ijusque
1532 3031 1875 3102 imaginatio-
2093 3035 2222 3071 στου
2249 3019 2431 3073 αὐτῶν
2463 3025 2759 3091 φαντασίαι

479 3117 777 3175 Iliberales
803 3121 896 3176 iati
929 3121 1111 3178 cultus
1155 3137 1384 3193 magnos
1411 3125 1667 3180 dominos
1730 3127 1972 3181 comitari

2166 3111 2452 3181 Πεφύκασί
2481 3132 2601 3180 πως
2624 3119 2745 3181 ταῖς
2783 3118 3054 3186 μεγάλαις
3085 3119 3433 3179 δυναστείαις
3457 3119 3504 3170 αἱ
3538 3118 3630 3170 ἀνε-

406 3211 604 3279 solent,
635 3213 778 3283 apud
798 3229 936 3285 quos
958 3215 1050 3284 qui
1081 3216 1215 3270 nihil
1236 3219 1441 3287 proprii
1468 3219 1596 3274 boni
1620 3219 1822 3275 habent
1842 3235 1899 3274 ut

2138 3201 2339 3274 εύθεροι
2390 3205 2550 3260 αὗται
2594 3209 2984 3277 παραφύεσθαι
3032 3209 3349 3279 Θεραπεῑαι,
3395 3209 3446 3261 αἲ
3481 3209 3556 3260 διὰ
3589 3210 3631 3261 ιδ

401 3306 774 3372 innotescant,
805 3322 870 3363 ex
903 3307 1102 3364 alienis
1130 3310 1283 3366 vitiis
1322 3311 1534 3380 seipsos
1571 3312 1894 3368 commenda

2140 3268 2326 3366 πορεῖν
2351 3297 2555 3352 οἰκείου
2584 3268 2794 3365 ἀγαθοῦ
2825 3301 2896 3355 δι’
2936 3296 2998 3357 οὗ
3029 3268 3433 3370 γνωρισθῶσιν,
3463 3301 3520 3353 ὲκ
3552 3301 3633 3352 τῶν

2094 3388 2398 3456 ἀλλοτρίων
2427 3394 2613 3448 κακῶν
2641 3396 2869 3459 ἑαυτοὺς
2903 3395 3248 3448 συνιστῶσιν.

476 3488 676 3544 Tribus
707 3488 870 3546 simul
895 3489 1200 3544 damnosus
1239 3498 1322 3543 est
1352 3488 1738 3544 calumniator.
1771 3488 1904 3545 Nam
1935 3507 1965 3546 e

2167 3483 2362 3553 Τρισὶν
2391 3487 2527 3555 ὁμοῦ
2560 3489 2879 3558 προσώποις
2909 3490 3009 3558 τὴν
3041 3487 3254 3558 βλάϐην
3290 3488 3633 3557 προστρίϐεται

403 3582 480 3636 illi
513 3597 677 3650 quem
709 3583 943 3638 traducit
974 3580 1208 3654 injurias
1243 3589 1348 3646 est,
1382 3589 1438 3635 et
1471 3578 1822 3636 audientibus
1838 3598 1896 3637 cu

2152 3574 2466 3632 διαϐάλλων
2488 3594 2502 3610 ⁸
2536 3581 2628 3632 τόν
2661 3598 2722 3632 τε
2771 3581 2879 3650 γὰρ
2931 3581 3442 3649 συκοφαντούμενον
3475 3582 3630 3645 ἀδικεῖ,

401 3686 454 3732 et
486 3676 602 3746 ipse
628 3676 754 3734 sibi.

2140 3668 2192 3722 αὶ
2245 3670 2380 3741 πρὸς
2414 3671 2507 3736 οὒς
2539 3674 2567 3726 ὁ
2597 3673 2757 3742 λόγος
2800 3675 2950 3726 ἐστὶν
2999 3673 3171 3743 αύτῷ,
3207 3675 3305 3726 καὶ
3343 3673 3494 3737 αὐτὸς
3535 3674 3633 3726 ἑαυ-

2093 3763 2204 3816 τόν.

475 3855 592 3911 Non
629 3872 824 3930 magna
853 3875 940 3917 res
987 3871 1071 3918 est
1106 3861 1532 3932 reprehendere,
1564 3861 1680 3915 imo
1730 3857 1968 3915 facillim:

2167 3857 2241 3912 Τὸ
2295 3859 2396 3928 μὲν
2443 3860 2706 3931 ἑπιτιμᾷν
2735 3862 2797 3914 οὗ
2853 3861 2999 3932 μέγα
3023 3876 3040 3892 ⁸
3090 3863 3290 3934 ῥᾷστον
3321 3864 3427 3934 γάρ
3458 3863 3538 3916 καὶ
3564 3859 3635 3913 τοῦ

403 3958 457 4004 et
480 3949 776 4018 cujuslibet
807 3952 1042 4010 volentis
1075 3971 1090 4011 :
1121 3969 1279 4010 suum
1317 3969 1448 4008 vero
1480 3953 1769 4009 consilium
1817 3952 1896 4007 cul

2139 3947 2428 4018 ιυλομένου
2463 3951 2666 4014 παντός
2687 3969 2702 3984 ο
2737 3953 2799 4006 τδ
2830 3954 2888 4008 δὲ
2930 3954 3284 4023 ἀντεισάγειν
3331 3956 3428 4025 τὴν
3475 3951 3632 4008 ἑαυτοῦ

403 4059 696 4112 apponere,
735 4045 834 4100 viri
867 4048 938 4115 pii
971 4056 1025 4102 et
1055 4048 1268 4102 cordati
1301 4056 1402 4101 est.

2096 4039 2325 4111 γνώμην
2353 4042 2547 4114 ἀνδρὸς
2577 4044 2837 4110 εὐσεϐοῦς
2865 4047 2960 4100 καὶ
2995 4031 3121 4100 νοῦν
3153 4048 3389 4118 ἔχοντος.

475 4135 704 4193 Praestat
729 4138 871 4194 male
901 4139 1115 4206 audire,
1145 4154 1308 4210 quam
1337 4139 1481 4194 male
1516 4139 1719 4194 dicere.

2169 4135 2374 4199 Κακῶς
2401 4137 2622 4190 ἀκούειν
2649 4141 2908 4206 κρεῖσσον
2943 4142 2974 4210 ἢ
3003 4140 3188 4208 λέγειν
3221 4143 3423 4204 κακῶς.

476 4229 975 4299 Reprehensionem
1034 4246 1142 4286 non
1173 4231 1425 4303 vulgares
1469 4231 1656 4298 modo,
1685 4231 1780 4286 sed
1823 4231 1969 4287 etian

2168 4229 2444 4282 Ἀπτεται
2493 4229 2554 4283 οὗ
2601 4229 2711 4283 τῶν
2765 4232 2981 4288 πολλῶν
3038 4235 3222 4303 μόνον,
3273 4233 3405 4285 ἀλλὰ
3434 4235 3520 4286 καὶ
3555 4232 3637 4285 τῶν

404 4322 844 4392 praestantissimi
890 4323 1202 4380 incurrunt.

2101 4319 2344 4391 ἀρίστων
2369 4317 2398 4374 ὁ
2431 4319 2641 4391 μῶμος.
3195 4311 3197 4313 ’

475 4413 947 4478 Quemadmodum
989 4415 1370 4473 benedicentia
1421 4427 1470 4471 et
1509 4415 1752 4471 laudatio
1787 4415 1960 4484 princi

2168 4412 2386 4484 Ὥσπερ
2437 4412 2498 4466 τὸ
2547 4414 2728 4477 καλῶς
2777 4413 2960 4483 λέγειν
2994 4417 3091 4471 καὶ
3121 4418 3486 4489 ἐγκωμιάζειν
3528 4415 3639 4486 ἀρχὴ

403 4508 552 4577 pium
583 4517 670 4562 est
703 4508 994 4576 amicitim,
1047 4511 1126 4565 sic
1178 4509 1558 4566 maledicentia
1605 4515 1662 4561 et
1714 4507 1890 4562 calum

2146 4504 2279 4567 ιλίας
2316 4505 2464 4557 ἐστὶν
2488 4542 2501 4566 ,
2538 4502 2684 4558 οὕτω
2713 4503 2773 4558 τὸ
2803 4505 2992 4570 κακῶς
3025 4506 3211 4575 λέγειν
3243 4513 3333 4562 καὶ
3352 4509 3639 4564 διαϐάλλειν.

405 4599 711 4657 inimicitia
741 4611 795 4656 et
815 4602 968 4669 odio,
995 4613 1049 4656 et
1090 4603 1320 4657 infinitis
1369 4603 1526 4656 malis
1553 4601 1767 4655 initium
1801 4611 1854 4655 vt
1883 4616 1898 4653 ε

2148 4596 2299 4667 [Θρας
2331 4599 2425 4650 καὶ
2457 4597 2752 4668 ἀπεχθείας
2783 4599 2880 4650 καὶ
2929 4601 3144 4669 μυρίων
3193 4603 3377 4655 κακῶν
3406 4599 3540 4672 ἀρχὴ
3569 4599 3641 4652 καὶ

403 4705 520 4746 sam
557 4691 781 4762 praebet.

2097 4690 2352 4754 ὑπόθεσις
2384 4691 2597 4759 γέγονε.

473 4781 532 4838 8.
572 4783 846 4855 Chrysa“.
877 4783 1017 4839 Fieri
1057 4800 1162 4839 non
1206 4793 1384 4854 potest
1416 4792 1472 4836 ut
1501 4784 1592 4852 qui
1622 4783 1818 4837 virtute
1851 4799 1960 4853 prae

2169 4781 2245 4834 Ού
2281 4782 2508 4836 δυνατὸν
2559 4785 2686 4847 τοὺς
2738 4785 2798 4837 ἐν
2849 4784 3018 4855 ἀρετῇ
3055 4783 3214 4848 ὄντας
3265 4787 3411 4859 παρὰ
3460 4787 3640 4841 πάντων

403 4875 499 4931 diti
537 4888 665 4931 sunt
689 4877 830 4944 apud
857 4891 1049 4932 omnes
1083 4875 1222 4931 bene
1253 4875 1499 4930 audiant.

1083 4875 1222 4931 bene
1253 4875 1499 4930 audiant.
2098 4875 2319 4928 ἀκούειν
2349 4875 2549 4942 καλῶς,

479 4986 535 5042 Si
567 4989 657 5058 qui
691 5001 894 5044 temere
927 5005 1085 5046 aures
1114 4992 1380 5062 praebent,
1411 4992 1566 5046 venia
1601 4991 1806 5062 indigni
1838 5002 1959 5047 sunt

2172 4989 2233 5043 El
2255 4991 2302 5044 οἱ
2323 4989 2760 5060 παραδεχόμενοι
2787 4990 2958 5061 ἀκοὴν
2988 4992 3228 5062 ματαίαν
3253 4993 3353 5046 ούκ
3373 4991 3438 5044 ἂν
3465 4990 3640 5057 τύχοιεν

403 5081 679 5151 quomodo
711 5081 787 5136 illi
825 5098 886 5137 se
926 5082 1218 5138 defendent
1266 5083 1360 5153 qui
1426 5085 1732 5140 caluumias
1779 5093 1834 5140 et
1861 5100 1896 5139 ο

2147 5083 2458 5154 δγγνῶμης,
2491 5085 2541 5136 oi
2574 5082 2956 5146 διαϐάλλοντες
3013 5085 3109 5138 καὶ
3133 5084 3492 5156 λοιδοροῦντες
3516 5082 3640 5133 mimi

403 5173 544 5226 vicia
579 5174 917 5242 proferunt?
1291 5177 1297 5184 ’

2100 5173 2314 5240 ἕξουσιν
2348 5173 2685 5242 ἀπολογίαν;
3373 5211 3382 5219 .
3447 5214 3450 5218 .
3557 5191 3561 5195 λ

475 5289 554 5345 Ne
593 5289 880 5345 doleamus
933 5289 1074 5344 male
1112 5287 1418 5356 audientes,
1471 5289 1576 5345 nisi
1604 5289 1800 5345 merito
1851 5290 1968 5344 mali

2176 5287 2268 5358 Μὴ
2301 5285 2378 5357 τῷ
2407 5287 2592 5351 κακῶς
2617 5288 2840 5343 ἀκούειν
2874 5291 3154 5362 ἀλγῶμεν,
3183 5291 3322 5346 ἀλλὰ
3351 5287 3428 5359 τῷ
3455 5283 3641 5342 diuidi:

406 5383 724 5438 audiamus.

2103 5381 2326 5435 ἀκούειν
2364 5381 2572 5444 κακῶς.
2733 5423 2752 5438 .,
2771 5387 2794 5406 ‘~
2813 5401 2840 5417 ι-
3517 5375 3522 5378 ·
3543 5375 3563 5414 .'

481 5499 708 5553 Plurimi
742 5497 858 5553 suis
889 5497 1129 5568 peccatis
1155 5497 1592 5569 patrocinantur,
1613 5507 1974 5555 accusantau

2175 5499 2240 5550 0i
2276 5497 2459 5556 πολλοὶ
2493 5498 2604 5569 τῶν
2631 5497 2943 5570 ἀνθρώπων
2973 5501 3080 5552 τῶν
3111 5500 3214 5570 μὲν
3263 5499 3401 5554 ἰδίων
3429 5475 3641 5568 ἁμαρτή-

409 5603 517 5650 ιθ¹¹¹
542 5593 747 5647 ³¹ί⁰¹¹³ο
2039 5617 2054 5672 ξ
2109 5592 2298 5661 μάτων
2348 5590 2653 5663 συνήγορον
2677 5591 2946 5662 γίνονται,
2966 5593 3078 5648 τῶν
3106 5593 3163 5648 δὲ
3191 5592 3480 5663 ἀλλοτρίων
3510 5587 3644 5666 κατήῖ

2067 5695 2278 5754 πγορομ

493 5795 734 5849 Maximi.
759 5794 1155 5853 Calumniatori
1211 5814 1374 5855 aures
1404 5816 1472 5855 ne
1501 5799 1772 5871 pra-beas,
1806 5813 1872 5853 ne
1898 5799 1986 5852 du-

2192 5797 2549 5869 Ἐπιστόμιζε
2595 5799 2689 5853 τὸν
2733 5801 3089 5857 διαϐάλλοντα
3121 5804 3178 5856 ὲν
3212 5801 3396 5861 ἀκοαῖς
3448 5792 3643 5857 comi“

421 5889 543 5963 plcx
592 5901 880 5960 peccatum
925 5907 1048 5948 cum
1102 5893 1194 5950 illo
1228 5895 1562 5961 committas,
1599 5903 1712 5950 tum
1763 5892 1914 5964 teipSI

2148 5891 2192 5963 -ἢ
2225 5889 2719 5968 διπλῆνάμαρτεαν
2739 5896 2837 5948 σὺν
2867 5892 3016 5965 αύτῷ
3047 5894 3382 5968 ἁμαρτάνεις,
3420 5890 3504 5943 καὶ
3540 5903 3641 5940 σαυ-
