3928 6558
207 432 325 494 953

1033 427 1206 488 LUCI
1244 425 1692 486 C‘JMMUNES.
1735 448 1799 458 ·-
1841 424 2040 481 PARS
2061 421 2106 483 Ι.
2154 422 2417 482 SEliMO
2459 422 2648 484 LVII.

3381 423 3489 486 954

209 568 356 616 τως,
390 549 528 604 ἀλλὰ
582 547 671 602 τὸν
727 547 900 618 μηδὲν
933 549 1012 613 εἰς
1040 547 1309 616 ὠφέλειαν
1359 546 1672 617 ἀνηκόντων
1708 545 1804 598 καὶ

1934 545 2130 599 unuino
2157 553 2333 612 curat,
2370 543 2466 600 sed
2495 543 2588 614 qui
2631 541 2766 598 nihil
2805 557 2994 598 eorum
3036 555 3156 612 qua:
3186 538 3251 596 ad
3287 540 3492 599 utilita-

208 643 520 713 θεραπείαν
550 636 968 711 παραλείποντα.

285 734 499 804 Ἰατρόν
553 734 649 788 καὶ
683 733 838 804 φίλον
889 731 1025 806 ἡγοῦ
1059 733 1185 798 τοῦς
1213 733 1274 786 ὲν
1320 732 1590 801 ἀνάγκαις
1637 749 1804 785 σπου-

205 824 420 889 δαίους.

280 919 564 991 Νικοκλῆς
613 919 740 982 τοὺς
790 919 1014 990 ἰατροὺς
1046 919 1294 990 εὐτυχεῖς
1337 919 1546 988 ἔλεγεν,
1579 918 1661 972 ὅτι
1703 917 1800 980 τὰς

208 1010 316 1080 μὲν
346 1011 637 1082 ὲπιτυχίας
668 1010 849 1064 αὐτῶν
878 1010 906 1063 ὁ
940 1011 1092 1082 ἥλιος
1136 1011 1259 1083 δρᾷ,
1292 1013 1390 1073 τὰς
1417 1012 1474 1066 δὲ
1502 1010 1805 1079 ἀποτυχίας

205 1103 241 1172 ἡ
272 1103 348 1171 γῆ
381 1102 677 1156 καλύπτει.

282 1196 652 1266 Στρατόνικος
704 1194 892 1260 ἰατρδν
933 1192 1247 1248 κολακεύων
1278 1194 1490 1264 ἔλεγεν,
1555 1198 1800 1252 Ἐπαινῶ

203 1304 308 1340 σου
346 1287 450 1358 τὴν
483 1290 796 1358 ἐμπειρίαν,
833 1287 914 1340 ὃτι
951 1287 1051 1341 οὐκ
1074 1289 1168 1357 ἐᾷς
1194 1291 1322 1350 τοὺς
1347 1289 1666 1360 ἀρρώστους
1701 1309 1801 1346 κα-

201 1381 555 1449 τασαπῆναι,
588 1381 782 1452 τάχιον
808 1381 1006 1444 αὐτοὺς
1035 1381 1132 1434 τοῦ
1169 1381 1270 1450 ζῇν
1299 1381 1692 1441 ἀπαλλάσσων.

279 1474 415 1537 Τοῖς
439 1473 872 1544 Ἀσκληπιάδαις
906 1474 1112 1542 μείζων
1144 1474 1417 1542 ὀφείλεται
1448 1476 1607 1548 χάρις
1633 1478 1800 1548 ἐπερ-

202 1566 457 1637 χομένην
492 1565 881 1620 ἁναστέλλουσι
933 1569 1090 1619 νόσον
1115 1567 1146 1631 ἦ
1184 1569 1616 1637 παραπεσοῦσαν
1645 1573 1801 1624 ἰασα-

205 1657 422 1728 μένοις.
467 1657 573 1711 Τοῦ
607 1658 716 1729 γάρ
748 1657 1097 1730 ἀπηλλάχθαι
1145 1660 1318 1714 κακοῦ
1349 1659 1412 1722 τὸ
1456 1659 1534 1732 μὴ
1564 1661 1801 1735 πάσχειν

204 1749 265 1804 αἰ
271 1749 486 1820 ρετὼτε
499 1768 614 1821 ρον.

274 1843 410 1906 Τοῖς
465 1843 564 1910 μὲν
591 1842 842 1897 νοσοῦσιν
894 1844 1138 1916 ἰατροὺς,
1175 1845 1291 1909 τοῖς
1318 1845 1375 1898 δὲ
1418 1845 1683 1918 ἀτυχοῦσι
1709 1848 1798 1918 φί-

197 1934 330 1996 λους
364 1935 450 1988 δεῖ
479 1937 874 2004 συμπαρεῖναι.

275 2028 395 2081 Καὶ
417 2029 606 2098 ἰατρὸν
626 2029 718 2082 καὶ
739 2027 893 2097 φίλον
915 2029 975 2082 οὐ
995 2031 1085 2084 τὸν
1113 2030 1240 2084 ἴδιον
1261 2029 1326 2103 [ί.
1348 2029 1528 2103 ﬁdite],
1549 2031 1684 2086 ἀλλὰ
1709 2032 1802 2087 τόν

198 2123 636 2194 ὠφελιμώτερον
663 2122 746 2176 δεῖ
774 2123 1122 2191 ἐκλέγεσθαι.

271 2215 458 2282 Σοφδς
496 2214 737 2278 ἀκούσας
774 2218 927 2284 παρὰ
958 2215 1170 2270 ἰδιώτου
1228 2218 1438 2287 ἰατροῦ,
1493 2220 1576 2274 ὅτι
1613 2220 1799 2292 Γέρων

197 2306 464 2376 γέγονας,
497 2305 603 2378 ἐςδη
626 2323 639 2336 ο
673 2308 793 2361 ’Ότι
829 2308 931 2360 ούκ
965 2309 1293 2381 ἐχρησάμην
1325 2313 1514 2383 ἰατρῷ.

811 2489 1034 2543 ΛΟΓΟΣ
1070 2487 1194 2544 NZ'.

717 2581 854 2648 Περί
889 2583 1261 2639 νοσούντων.

267 2671 618 2744 ἠσθένησα,
649 2675 742 2727 καὶ
772 2675 1151 2743 ἐπεσκέψασθέ
1189 2693 1279 2744 με.

271 2765 676 2836 Μιμνησκεσθε
714 2766 820 2819 τῶν
853 2766 1114 2836 δεσμίων,
1163 2767 1237 2830 ὡς
1268 2767 1649 2839 συνδεδεμένοι
1695 2767 1802 2822 τῶν

197 2855 477 2919 ἐσθενῶν,
507 2857 581 2920 ὡς
608 2858 701 2911 καὶ
731 2857 884 2912 αὐτοὶ
909 2857 1061 2923 ὄντες
1082 2860 1138 2911 ἐν
1168 2857 1400 2930 σώματι.

263 3041 374 3102 ’ος
396 3039 630 3110 φράσσει
654 3039 720 3092 τά
738 3033 852 3093 ὦτα
872 3038 1036 3091 αὑτοῦ
1059 3038 1148 3092 τοῦ
1173 3039 1248 3109 μὴ
1269 3038 1498 3092 ἀκοῦσαι
1515 3037 1797 3103 ἀσθενοῦς,

198 3133 300 3184 καὶ
345 3133 510 3194 αὐτὸς
541 3131 952 3196 ὲπικαλέσεται,
986 3132 1082 3185 καὶ
1137 3131 1237 3184 ούκ
1295 3131 1447 3185 ἔσται
1497 3132 1526 3186 ὁ
1553 3130 1788 3189 ἀκούων.

271 3224 378 3294 Μὴ
405 3223 557 3277 δκνει
590 3223 1023 3277 ἐπισκέπτεσθαι
1054 3221 1395 3293 ἀρρώστους.

269 3317 510 3380 Τέκνον,
552 3317 609 3369 ὲν
642 3315 1046 3386 ἀρῤωστὴμασί
1075 3331 1169 3368 σου
1201 3315 1278 3386 μὴ
1308 3315 1649 3386 παράϐλεπε,
1681 3315 1798 3372 ἀλλ’

197 3412 363 3479 εὖξαι
417 3410 627 3481 Κυρίῳ,
691 3409 788 3465 καὶ
828 3409 990 3474 αὐτὸς
1053 3409 1267 3465 ἰάσεταί
1328 3427 1409 3463 σε.
1459 3408 1798 3479 Ἀπόστησον

197 3501 627 3573 πλημμέλειαν,
662 3503 758 3554 καὶ
817 3498 1043 3556 εὔθυνον
1095 3503 1308 3573 χεῖρας,
1342 3504 1434 3554 καὶ
1467 3502 1576 3554 ἀπὸ
1619 3503 1799 3569 πάσης
1846 3539 1849 3541 -

198 3596 492 3667 ἁμαρτίας
559 3594 860 3666 καθάρισον
922 3594 1171 3665 καρδίαν.
1245 3595 1355 3649 Καὶ
1422 3594 1800 3664 μνημόνευσον

199 3686 571 3758 σεμιδάλεως,
621 3687 716 3740 καὶ
751 3685 923 3758 ἰατρῷ
953 3685 1041 3748 δὸς
1089 3685 1280 3750 τόπον,
1335 3687 1433 3740 καὶ
1484 3687 1596 3756 γάρ
1632 3683 1800 3740 αὑτοῦ

199 3781 393 3852 χρεία.
426 3779 538 3834 Καὶ
576 3778 653 3849 μὴ
679 3779 974 3848 ἁποστήτω
1007 3796 1100 3832 σου
1123 3795 1140 3811 ·
1177 3779 1274 3832 καὶ
1301 3779 1410 3849 γάρ
1445 3779 1611 3832 αὐτὸν
1652 3777 1802 3832 ἐκτι-

200 3891 297 3926 σεν
330 3874 362 3924 ὁ
409 3869 631 3940 Κύριος.
669 3871 826 3923 Ἔστι
851 3869 1043 3942 καιρὸς
1067 3871 1156 3924 ὅτε
1203 3871 1296 3922 καὶ
1325 3872 1381 3923 ἐν
1408 3870 1599 3941 χερσὶν
1624 3869 1803 3922 αὐτῶν

200 3965 415 4018 εὖοδία.
447 3965 556 4016 Καὶ
594 3963 704 4033 γὰρ
754 3962 909 4015 αὐτοὶ
944 3963 1152 4031 Κυρίου
1193 3961 1567 4032 δειχθήσονται,
1599 3961 1686 4013 ἵνα
1727 3959 1803 4030 δῷ

201 4057 398 4118 αὐτοῖς
448 4055 752 4108 ἀνάπαυσιν
795 4053 888 4106 καὶ
943 4055 1088 4106 ἴασιν
1141 4053 1303 4124 χάριν
1357 4048 1698 4122 ἐμϐὶώσεως.
1742 4051 1803 4105 '0

200 4148 550 4220 ἁμαρτάνων
583 4146 761 4200 ἔναντι
781 4146 877 4199 τοῦ
910 4147 1236 4218 ποιήσαντος
1284 4147 1450 4202 αὐτὸν
1479 4145 1804 4216 ἐμπεσεῖται

198 4245 284 4304 εἰς
312 4242 507 4310 χεῖρας
538 4237 750 4309 ἰατροῦ.

275 4331 461 4399 ’Υλην
487 4331 690 4401 ἀρετῆς
723 4328 879 4385 ποιοῦ
915 4333 1011 4401 τὴν
1043 4326 1349 4381 ἀσθένειαν.

280 4422 558 4486 Πολλάκις
593 4423 686 4476 καὶ
725 4423 990 4492 μάστιγες
1017 4420 1442 4490 ἁμαρτημάτων
1476 4416 1586 4470 εἰσὶ
1609 4414 1678 4470 τά
1707 4416 1807 4488 ἁρ-

203 4515 573 4584 ρωστήματα.
607 4513 704 4564 ’ον
729 4513 838 4581 γὰρ
870 4512 1063 4582 ἀγαπᾷ
1097 4510 1321 4581 Κύριος,
1347 4507 1641 4570 παιδεύει..

1912 643 2016 690 tem
2041 638 2168 704 aegri
2198 646 2254 691 et
2282 652 2470 706 curam
2503 636 2780 707 pertinent
2805 633 3029 692 omittit.

1983 729 2253 785 Ilieroiiis.
2301 727 2571 782 Medicum
2607 736 2660 781 et
2693 727 2925 781 amicum
2955 725 3283 792 existimato,
3311 723 3404 795 qui
3434 724 3487 778 in

1910 820 2230 877 treceSsitate
2260 821 2546 890 diligentes
2573 819 2794 875 iuerint.

1983 913 2239 970 Nicoclis.
2289 915 2542 970 Nicocles
2573 913 2816 968 medicos
2853 910 3042 967 felices
3084 911 3319 974 dicebat,
3353 925 3490 980 quo-

1910 1005 2057 1061 niam
2089 1021 2378 1062 successus
2401 1005 2620 1075 quidem
2650 1005 2895 1075 ipsorum
2931 1002 3012 1058 sol
3047 1001 3309 1065 intuetur,
3339 1014 3492 1056 erro-

1909 1114 2000 1154 res
2030 1107 2210 1154 autem
2244 1099 2405 1154 tellus
2435 1098 2636 1167 Operit.

1989 1193 2308 1250 Stratonici.
2359 1192 2705 1250 Stratonicus
2755 1191 2986 1248 adulans
3037 1188 3288 1254 medico,
3337 1186 3488 1242 dicc-

1975 1473 2248 1528 Demadt's.
2279 1471 2452 1542 Major
2482 1471 2655 1542 gratia
2693 1470 2922 1525 medicis
2964 1469 3197 1524 debetur
3232 1468 3492 1535 ingruen-

1909 1577 2017 1624 tem
2059 1566 2310 1621 morbum
2360 1565 2698 1631 arcentibus,
2749 1578 2914 1633 quatn
2966 1561 3325 1618 constitutum
3373 1555 3486 1625 jam

1907 1659 2334 1718 medicantibus.
2360 1657 2569 1728 Quippe
2595 1658 2774 1728 magis
2795 1655 3090 1726 optandum
3119 1663 3204 1710 est
3228 1668 3332 1708 non
3353 1651 3487 1722 pati,

1907 1770 2072 1826 quam
2098 1753 2316 1808 liberari
2343 1752 2505 1807 malo.

1987 1845 2220 1900 Demetr.
2283 1844 2472 1916 Egris
2535 1843 2820 1909 medicos,
2881 1840 3232 1898 iniortunatis
3283 1842 3488 1894 amicos

1837 1925 1879 1983 Β
1908 1937 2102 1992 adesse
2136 1946 2371 2007 Oportet.

1979 2024 2042 2078 Et
2073 2024 2322 2082 medicus
2351 2033 2406 2081 et
2434 2024 2668 2090 amicus,
2700 2037 2808 2079 non
2839 2021 3157 2092 jucundior,
3183 2019 3278 2075 sed
3305 2017 3492 2072 utilior

1915 2114 2195 2186 eligendus
2224 2126 2328 2174 est.

1981 2209 2212 2280 Sapiens
2263 2212 2508 2280 quidam,
2573 2226 2698 2266 cum
2769 2208 3056 2278 imperitus
3117 2205 3363 2260 medicus
3402 2201 3490 2257 ἐἰ

1905 2301 2158 2370 dixisset,
2193 2302 2374 2358 Senex
2429 2301 2605 2358 factus
2671 2317 2755 2368 es,
2813 2298 3138 2370 respondit:
3192 2297 3328 2364 Quia
3380 2310 3490 2351 non

1907 2411 2040 2452 usus
2070 2411 2194 2452 sum
2230 2395 2464 2450 medico.

2285 2485 2520 2542 SERMO
2551 2483 2691 2541 Lvn
2717 2484 2738 2556 [
2766 2485 2840 2538 al.
2873 2481 3106 2556 CXLV].

1952 2648 1954 2650 τ
2427 2580 2507 2635 De
2546 2579 2951 2650 aegrotantibus.

1974 2673 2173 2733 Matth.
2203 2690 2327 2730 xxv.
2357 2672 2658 2744 IEgrotavi,
2686 2680 2740 2726 et
2769 2670 3036 2726 visitastis
3064 2684 3168 2726 me.

1981 2765 2148 2820 Ilebr.
2189 2782 2312 2821 xui.
2349 2765 2616 2820 Mentorea
2662 2773 2839 2818 estote
2886 2762 3192 2817 vinctorum
3229 2771 3486 2829 tanquam

1906 2876 2012 2915 una
2062 2877 2184 2916 cum
2233 2861 2342 2916 illis
2380 2859 2544 2914 vincti
2579 2877 2594 2914 :
2635 2873 2825 2913 eorum
2866 2858 2959 2929 qui
2999 2856 3335 2928 amigunlur,
3369 2866 3489 2910 tan-

1904 2969 2066 3024 quam
2101 2956 2201 3025 ipsi
2231 2969 2451 3025 quoque
2469 2961 2750 3009 versantes
2783 2951 2837 3006 in
2865 2966 3112 3021 corpore.

1976 3046 2081 3113 Qui
2113 3047 2338 3102 obturat
2366 3061 2527 3101 aures
2557 3060 2686 3101 suas
2727 3060 2793 3099 ne
2823 3045 3008 3099 audiat
3047 3043 3345 3110 inﬁrmum,
3373 3042 3490 3114 ipse

1904 3153 2124 3209 quoque
2154 3137 2450 3204 invocabit,
2480 3147 2532 3192 et
2562 3152 2592 3192 a
2627 3135 2845 3191 nemine
2878 3135 3152 3190 audietur.

1981 3226 2149 3283 Ecrli.
2180 3244 2276 3284 vn.
2313 3226 2389 3283 Ne
2415 3228 2690 3284 cuncteris
2719 3227 2956 3281 invisere
2984 3227 3257 3281 inﬁrmas.

1975 3322 2114 3378 Ibid.
2132 3335 2362 3376 xxxvnt.
2393 3317 2520 3386 Fili,
2546 3319 2603 3374 in
2633 3317 2837 3374 morliis
2855 3319 2962 3374 tuis
2986 3333 3055 3372 ne
3082 3317 3160 3373 sis
3180 3316 3485 3387 negligens,

1903 3418 1996 3476 sed
2041 3431 2140 3471 ora
2175 3413 2491 3478 Dominum,
2522 3420 2577 3468 et
2614 3411 2734 3482 ipse
2775 3411 2994 3466 sanabit
3026 3418 3099 3465 te.
3140 3410 3364 3465 Missum
3402 3410 3487 3465 fac

1903 3508 2184 3571 delictum,
2231 3520 2538 3574 manusque
2591 3513 2772 3559 rectas
2820 3501 3038 3567 exhibe,
3083 3511 3272 3574 atque
3337 3501 3486 3557 omni

1901 3609 2126 3673 peccato
2190 3611 2289 3654 cor
2357 3607 2509 3651 tuum
2566 3595 2834 3662 emunda,
2873 3603 3058 3649 tamen
3115 3593 3486 3648 suﬂimentum

1908 3692 2102 3758 adole,
2161 3686 2774 3757 commendatitiamque
2823 3683 3242 3755 sitnilaginem:
3295 3682 3489 3738 deinde

1903 3785 2083 3840 lorum
2112 3784 2210 3840 des
2232 3781 2468 3849 medico,
2492 3789 2552 3836 ut
2578 3780 2736 3850 cujus
2761 3777 3024 3832 Dominus
3051 3785 3246 3830 auctor
3274 3778 3365 3838 sit,
3388 3789 3489 3829 nec

1902 3876 2147 3933 discedat
2175 3875 2274 3930 abs
2299 3884 2372 3943 te,
2389 3873 2516 3944 quia
2541 3874 2714 3943 ipsius
2736 3870 2966 3940 indiges.
2995 3869 3088 3924 Est
3109 3882 3232 3923 cum
3260 3866 3491 3921 medico-

1906 3986 2025 4026 rum
2049 3982 2270 4040 quoque
2291 3983 2488 4022 manus
2512 3979 2829 4021 successum
2849 3969 3279 4031 consequantur;
3300 3974 3418 4012 nam
3439 3965 3492 4012 ct

1905 4061 2007 4130 ipsi
2035 4061 2322 4116 Dominum
2349 4068 2528 4125 orant,
2565 4067 2623 4111 ut
2655 4056 3008 4110 lenimeututn
3065 4054 3330 4106 secundet
3359 4049 3488 4115 sibi,

1909 4154 2144 4222 vitaeque
2189 4167 2356 4207 causa
2389 4151 2752 4206 curationem.
2781 4140 2968 4216 Qui'in
3001 4157 3301 4202 creatorem
3330 4161 3490 4200 suum

1908 4243 2238 4318 peccaverit,
2265 4243 2320 4296 in
2353 4257 2550 4296 manus
2582 4241 2774 4295 medici
2811 4241 2948 4296 solet
2981 4239 3248 4294 incidere.

1976 4337 2033 4392 S.
2077 4334 2294 4393 Basilii.
2326 4334 2706 4389 Inﬁrmitatem
2742 4332 2910 4387 facito
2937 4331 3152 4386 virtutis
3183 4330 3490 4385 materiam.

1976 4427 2153 4482 Morbi
2185 4441 2328 4496 smpe
2376 4425 2586 4498 ﬂagella
2631 4434 2761 4480 sunt
2798 4431 3175 4494 peccatorum.
3225 4420 3492 4475 Dominus

1905 4521 2052 4575 enim
2084 4521 2312 4590 castigat
2338 4533 2500 4589 quem
2545 4517 2746 4588 diligit.

284 4604 574 4673 Ἔπρεπεν
609 4604 741 4672 ἡμῖν
794 4603 869 4674 μὴ
897 4601 1322 4673 μακαρίζεσθαι,
1376 4601 1512 4670 μηδὲ
1547 4601 1803 4671 κάμπτε-

1988 4613 2262 4682 Theologi.
2329 4611 2564 4665 Decebat
2607 4624 2707 4665 nos
2755 4623 2856 4664 nec
2905 4605 3256 4678 applandere,
3315 4619 3492 4676 neque

205 4695 340 4749 σθαι
374 4694 513 4765 πρὸς
540 4697 609 4748 τά
656 4694 827 4762 πάθη,
884 4693 1023 4747 ἀλλὰ
1072 4694 1426 4762 περιφρονεῖν
1486 4689 1801 4761 τδνῖπηλόνο

203 4791 306 4841 καὶ
334 4787 398 4840 τδ
421 4787 522 4857 μὲν
548 4787 709 4855 σῶμα
736 4788 834 4856 ιᾷν
869 4787 1104 4856 πάσχειν
1136 4787 1197 4838 τὸ
1224 4785 1468 4856 ἑαυτοῦ,
1498 4789 1719 4848 πάντως
1768 4784 1800 4854 ἢ

204 4878 453 4947 ὕστερον
473 4877 507 4947 ἦ
542 4876 638 4930 νῦν
665 4877 1038 4950 λυθησόμενον
1061 4879 1213 4950 νόμῳ
1251 4879 1470 4947 φύσεως
1497 4876 1806 4948 (οἰχήσεται

203 4974 325 5040 γάρ
351 4970 386 5040 ἢ
417 4971 560 5040 νόσῳ
606 4970 837 5041 κάμνον,
872 4972 904 5041 ἧ
949 4973 1172 5044 χρόνῳ),
1210 4973 1359 5042 ἡμᾶς
1413 4970 1470 5022 δὲ
1525 4969 1662 5038 ὑψοῦ
1706 4968 1805 5039 τὴν

203 5061 398 5133 ψυχὴν
429 5060 595 5132 ἔχειν,
633 5067 727 5116 καὶ
775 5065 916 5134 μετὰ
961 5063 1056 5116 τοῦ
1087 5063 1223 5118 Θεοῦ
1255 5062 1552 5118 τάττεσθαι
1577 5066 1690 5126 τοῖς
1722 5061 1810 5114 λο-

205 5156 474 5225 γισμοτς.

283 5249 419 5302 Ἐάν
446 5248 617 5319 μηδὲν
647 5249 776 5322 ἔχῃς
818 5251 1064 5318 ἐνεγκεῖν
1102 5248 1180 5320 τῷ
1231 5248 1551 5303 ἀσθενοῦντι
1576 5247 1667 5302 διὰ
1707 5247 1807 5318 τὴν

208 5340 439 5409 πενίαν,
470 5342 666 5394 σαυτὸν
695 5343 977 5410 εἰσάγαγε,
1011 5342 1106 5394 καὶ
1136 5341 1234 5413 τὴν
1265 5342 1374 5395 ἀπὸ
1396 5341 1506 5394 τῶν
1543 5340 1809 5412 ῥημάτων

209 5433 404 5487 αὐτῶν
459 5433 819 5506 παραμυθίαν
878 5435 1253 5503 προσένεγκεο
1323 5432 1494 5496 οὕτως
1547 5434 1655 5500 γὰρ
1717 5433 1810 5485 καὶ

211 5525 344 5580 κατ’
363 5525 576 5595 ἐκείνην
597 5525 806 5598 ἀκούσῃ
829 5527 926 5597 τὴν
944 5527 1180 5597 ἡμέραν,
1208 5527 1491 5598 ιἉσΟενὴς
1518 5528 1690 5597 ἥμην,
1716 5528 1811 5580 καὶ

213 5615 604 5686 ἒπεσκέψασθέ
643 5612 730 5686 με’.
762 5635 781 5668 ι

300 5708 570 5772 Πολλάκις
610 5711 702 5762 καὶ
729 5710 888 5778 φύσις
924 5710 1102 5782 ἀέρων
1131 5711 1336 5783 ἤρκεσε
1381 5712 1517 5781 μόνη
1549 5711 1688 5780 πρὸς
1713 5709 1812 5782 τὴν

213 5799 320 5854 τοῦ
346 5802 645 5872 κάμνοντος
675 5803 866 5869 ὑγείαν
887 5817 900 5831 °
920 5803 1036 5856 ἔστι
1066 5802 1123 5855 δὲ
1143 5804 1278 5855 ὅπου
1298 5803 1393 5855 καὶ
1418 5801 1608 5868 ΰπνο,
1637 5819 1814 5871 προσ-

220 5891 414 5946 πεσὼν
459 5894 594 5964 πρδς
643 5879 875 5967 καιρὸν,
927 5895 1130 5960 παντὸς
1191 5894 1473 5967 ἀπήλλαξε
1529 5895 1694 5949 πόνου
1723 5894 1812 5951 τὸν

229 5985 437 6057 ἰατρόν.
806 5992 808 5994 ’

1907 4706 2048 4764 ﬂecti
2075 4705 2447 4776 passionibus,
2482 4705 2574 4758 sed
2598 4710 2954 4757 contemnere
2976 4700 3147 4754 lutum
3171 4715 3184 4752 :
3207 4706 3260 4754 et
3289 4711 3372 4751 co:
3389 4712 3492 4767 pus

1909 4801 2127 4872 quidem
2151 4809 2397 4855 nostrum
2421 4797 2532 4868 pati
2561 4797 2713 4866 101
2730 4799 2930 4858 sinere,
2953 4802 3136 4863 utpote
3155 4791 3491 4855 necessario,

1910 4895 2026 4949 sive
2057 4909 2225 4960 nunc,
2255 4892 2370 4947 sive
2393 4907 2499 4945 non
2529 4890 2699 4945 multo
2723 4896 2868 4958 post,
2900 4902 2997 4957 pro
3014 4887 3130 4954 lege
3151 4894 3359 4938 natura:
3391 4883 3496 4936 dis—

1911 4987 2233 5042 solvendum
2258 4983 2479 5054 (peribit
2507 4982 2654 5036 enim
2687 4987 2783 5044 aut
2815 4979 3007 5033 morbo
3038 4989 3135 5032 aut
3163 4978 3329 5048 longo
3357 4985 3494 5030 tem-

1911 5093 2042 5150 pore
2074 5075 2431 5145 confectum),
2467 5090 2567 5130 nos
2596 5088 2724 5128 vero
2762 5073 2999 5125 animam
3031 5070 3083 5124 in
3119 5070 3349 5124 sublime
3391 5068 3496 5120 tol-

1917 5170 2034 5225 lere
2064 5179 2120 5225 et
2152 5167 2577 5240 cogitationibus
2610 5167 2920 5222 conversari
2959 5165 3092 5220 Deo.

1982 5259 2039 5316 S.
2076 5261 2346 5332 Chrysost.
2391 5259 2446 5314 Si
2498 5274 2593 5328 per
2638 5259 2874 5328 inopiam
2923 5258 3054 5311 nihil
3103 5257 3196 5312 tibi
3245 5256 3317 5310 sit
3355 5252 3497 5324 quod

1913 5355 2108 5409 atieras
2159 5363 2385 5422 rcgroto,
2447 5353 2679 5422 teipsum
2733 5352 2782 5405 ei
2836 5352 3054 5414 exhibe,
3105 5358 3157 5403 et
3208 5349 3495 5400 verborum

1913 5446 2344 5502 consolationem
2377 5444 2526 5500 olTer.
2565 5443 2654 5500 Sic
2687 5447 2831 5499 enim
2883 5447 3044 5497 etiam
3101 5438 3289 5494 audies
3318 5435 3446 5490 olim
3480 5451 3497 5492 :

1919 5557 1938 5592 ι
1977 5540 2226 5594 lnlirmus
2264 5553 2436 5601 eram,
2460 5545 2513 5592 et
2544 5537 2804 5592 visitastis
2835 5551 2975 5588 me.»

1987 5719 2140 5785 Saepe
2171 5717 2252 5770 vel
2278 5719 2395 5772 sola
2423 5726 2618 5771 natura
2649 5715 2792 5769 actis
2823 5711 2959 5769 satis
2982 5709 3082 5765 fuit
3107 5705 3175 5763 ad
3205 5703 3496 5762 sanitatem

1917 5809 2107 5879 aegroti
2140 5831 2152 5864 :
2189 5810 2461 5864 interdum
2489 5819 2545 5864 et
2576 5823 2802 5863 somnus
2829 5803 3125 5860 obveniens
3181 5797 3502 5870 tempestive

1917 5906 2065 5961 omni
2097 5904 2284 5962 labore
2312 5905 2581 5962 medicum
2606 5901 2873 5958 liberavit.

3514 1091 3526 1170 ξ

3514 1176 3528 1220 i

3515 1225 3550 1253 ι’

3515 1257 3528 1284 ο
3548 1282 3550 1284 ,

1908 1287 2003 1344 bat
2034 1303 2048 1341 :
2089 1285 2283 1342 Laudo
2311 1294 2458 1341 tuam
2489 1285 2903 1368 experientiam,
2938 1283 3064 1354 quia
3099 1296 3208 1337 nou
3241 1280 3378 1337 sinis
3409 1279 3534 1370 ιιι-ξ

1910 1380 2102 1436 ﬁrmos
2133 1387 2603 1448 computrescere,
2651 1376 2836 1433 statim
2887 1391 2983 1432 eos
3007 1391 3037 1430 a
3066 1375 3171 1428 vita
3223 1371 3489 1426 liberans.
3525 1377 3532 1388 ‘
