3928 6606
475 381 580 477 te

1739 406 1995 471 ANTON
2007 408 2062 468 ιι
2103 405 2452 468 MELISSE

3604 371 3701 468 ιιι

549 527 606 583 Si
641 525 824 582 nullus
865 531 1193 590 moreretur,
1215 521 1502 592 flmpunita
1544 529 1785 574 maneret
1810 519 2043 574 malitia.

2214 518 2277 571 Et
2308 517 2496 590 μηδεὶς
2540 517 2904 588 ἀπέθνησκεν,
2941 513 3291 586 ἀτιμώρητος
3323 513 3392 568 ἂν
3423 507 3492 583 ἦν
3537 514 3569 585 ή
3611 533 3696 572 κα-

547 707 806 763 Causiani
833 706 1024 778 lugent
1071 707 1126 760 in
1178 706 1349 760 lucem
1397 705 1595 766 editos,
1633 700 1921 756 delum-tos
1955 717 2051 754 an-

479 813 588 860 tem
619 803 808 857 beatos
841 801 1167 871 praedicant.

867 917 1098 973 sanna
1137 915 1250 970 th
1297 913 1394 987 [αι.
1422 910 1662 983 LXXX}.

867 1035 945 1089 De
987 1030 1340 1103 cognoscendo
1378 1029 1633 1098 scipsum.

453 1123 463 1175 ί
553 1133 740 1188 Matth.
774 1143 867 1184 vn.
900 1124 1044 1193 Quid
1079 1123 1230 1178 vides
1273 1121 1534 1175 festucam
1568 1122 1621 1174 in
1672 1122 1836 1175 oculo
1865 1118 2055 1174 fratris

485 1227 588 1290 tui,
627 1224 833 1279 trabem
865 1230 1043 1274 autem
1073 1218 1128 1271 in
1162 1224 1254 1270 tuo
1286 1214 1447 1269 oculo
1473 1228 1582 1268 non
1614 1211 2057 1267 animadvertis?

448 1414 459 1446 ης
560 1399 708 1453 Rom.
739 1413 813 1452 tv.
847 1395 928 1449 Tu
978 1393 1103 1464 quis
1139 1407 1196 1448 es
1231 1390 1325 1460 qui
1365 1388 1580 1460 judicas
1639 1387 1880 1442 alienum
1935 1402 2058 1443 ser-

483 1491 642 1543 vum?
665 1487 885 1557 prOprio
927 1484 1150 1540 domino
1181 1491 1291 1535 stat
1311 1489 1406 1533 aut
1428 1481 1576 1532 cadit
1603 1495 1617 1543 ;
1647 1479 1757 1532 imo
1788 1477 2058 1534 fulcietur

486 1591 547 1636 ut
583 1589 723 1643 stet;
770 1589 966 1648 potens
1000 1575 1147 1629 enim
1183 1583 1268 1627 est
1295 1572 1438 1625 Deus
1474 1569 1696 1624 elﬁcere
1729 1579 1789 1623 ut
1819 1577 1949 1624 stet.

559 1671 824 1725 Eccle.x1.
850 1668 1146 1721 Antbulato
1174 1665 1227 1718 in
1279 1664 1381 1718 viis
1406 1661 1593 1716 cordis
1618 1661 1691 1714 tui
1725 1661 2057 1731 inculpatus,

486 1775 543 1818 et
578 1779 742 1818 nosce
777 1761 1032 1830 teipsum.
1061 1756 1194 1812 Nam
1225 1755 1291 1811 de
1318 1753 1579 1810 omnibus
1602 1752 1722 1808 istis
1768 1752 1910 1808 Deus
1944 1767 1974 1808 a
2008 1762 2060 1808 te

485 1855 754 1910 rationem
787 1849 1111 1920 postulabit.

2156 611 2272 666 κία.

2229 703 2530 758 Καυσιανοὶ
2561 704 2686 766 τοὺς
2738 703 2838 773 μὲν
2873 702 3249 772 γεννωμένους
3285 699 3568 771 θρηνοῦσι,
3595 705 3702 766 τοὺς

2155 796 2212 849 δὲ
2241 796 2668 865 τελευτήσαντας
2701 795 3094 864 μακαρίζουσι.

2752 909 2972 967 ΛΟΓΟΣ
3009 911 3132 968 Νθί.

2531 1025 2668 1092 Περὶ
2704 1025 2832 1089 τοῦ,
2865 1026 3058 1080 Γνῶθι
3093 1028 3345 1080 σαυτόν.

2227 1117 2293 1170 Τί
2346 1116 2568 1187 βλέπεις
2615 1117 2675 1168 τὸ
2726 1117 2937 1186 κάρφος
2983 1115 3046 1168 τὸ
3077 1117 3134 1168 ἐν
3180 1116 3262 1185 τῷ
3318 1115 3584 1186 ὀφθαλμῷ
3624 1117 3702 1173 τοῦ

2158 1208 2388 1276 ἀδελφοῦ
2443 1227 2559 1276 σου,
2609 1207 2706 1280 τήν
2742 1209 2800 1262 δὲ
2847 1209 2905 1260 ὲν
2953 1207 3031 1276 τῷ
3066 1207 3144 1277 σῷ
3178 1207 3450 1278 ὀφθαλμῷ
3484 1208 3628 1263 δοκὸν
3655 1211 3703 1264 οὐ

2160 1304 2440 1363 κατανοεῖς
2458 1318 2474 1369 ;

2228 1394 2302 1447 Σὺ
2329 1395 2414 1456 τίς
2462 1389 2513 1446 εί
2549 1395 2577 1447 ὁ
2623 1392 2826 1463 κρίνων
2872 1391 3154 1460 ἀλλότριον
3207 1393 3465 1462 οίκέτην;
3501 1393 3573 1460 τῷ
3609 1392 3704 1461 ἰδίῳ

2161 1486 2334 1556 κυρίῳ
2364 1487 2554 1556 στήκει
2583 1485 2616 1555 ἢ
2647 1484 2862 1538 πίπτει.
2893 1483 3233 1553 Σταθήσεται
3261 1484 3342 1536 δέ.
3367 1485 3596 1546 Δυνατδς
3617 1487 3704 1555 γάρ

2159 1579 2308 1632 ἐστιν
2333 1579 2360 1629 ὁ
2385 1577 2515 1640 Θεὸς
2545 1576 2738 1646 στῆσαι
2770 1575 2958 1631 αὐτόν.

2169 1738 2171 1741 ι
2233 1671 2531 1742 Περιπάτει
2555 1671 2612 1722 ὲν
2633 1670 2772 1732 ὁδοῖς
2797 1669 3025 1738 καρδίας
3049 1685 3144 1722 σου
3170 1669 3427 1739 ἄμωμος,
3460 1675 3543 1725 και
3567 1674 3704 1740 γνῶθι

2163 1762 2383 1816 σαυτόν’
2419 1763 2502 1816 ὅτι
2551 1764 2611 1816 ὲν
2661 1765 2798 1817 πᾶσι
2844 1761 3056 1825 τούτοις
3105 1761 3226 1828 ἄξει
3289 1778 3348 1816 σε
3400 1767 3428 1815 ὀ
3470 1764 3595 1824 Θεὸς
3642 1768 3705 1827 εἰς

2163 1871 2364 1929 κρισιν.

556 1949 766 2003 Sirach.
800 1944 902 2010 Qui
945 1945 1157 2012 seipsos
1193 1948 1558 2010 cognoscunt,
1598 1937 1874 2008 sapientes
1903 1945 2052 1992 sunt.

2203 1915 2217 1926 '
2231 1948 2294 2000 Οί
2311 1923 2537 2001 νέαυτῶν
2561 1947 2933 2018 ἐπιγνώμονες
2972 1950 3149 2021 σοφοί.

561 2040 724 2092 Eccli.
768 2053 892 2091 xm.
945 2033 1186 2088 Observa
1237 2039 1290 2086 et
1326 2032 1702 2084 animadverte
1744 2029 2056 2099 diligenter,

485 2132 746 2204 quoniam
781 2143 908 2181 cum
938 2126 1094 2179 ruina
1136 2133 1226 2178 tua
1259 2122 1534 2176 ambulas.

560 2224 617 2279 S.
641 2223 851 2277 Basilii.
906 2221 1169 2272 Accurata
1220 2217 1460 2287 cognitio
1514 2218 1590 2270 tui
1672 2215 1844 2284 ipsius
1913 2215 2064 2270 sufﬂ-

489 2315 698 2368 cienter
755 2323 806 2366 te
853 2310 1021 2364 veluti
1063 2323 1226 2362 manu
1278 2306 1511 2362 deducet
1568 2307 1634 2363 ad
1687 2312 1967 2362 notionem
2007 2317 2063 2363 et

443 2393 452 2400 ’
488 2402 1007 2472 contemplationem
1043 2397 1160 2454 Dei.

560 2494 767 2551 Memor
801 2503 1030 2558 naturaz,
1059 2505 1339 2559 nunquam
1380 2489 1690 2558 superbies.
1730 2489 1936 2544 Memor
1961 2505 2060 2545 au-

487 2597 600 2645 tem
633 2590 746 2642 eris
775 2585 967 2654 ipsius,
1006 2584 1051 2638 si
1081 2581 1320 2652 teipsum
1357 2581 1639 2636 observes.

564 2677 680 2732 lloc
715 2685 828 2730 tute
859 2675 1067 2745 pateris
1095 2675 1243 2743 quod
1272 2689 1523 2738 accusas,
1553 2683 1607 2727 et
1648 2673 1885 2728 alienum
1938 2675 2061 2742 qui-

489 2773 612 2826 dem
645 2769 848 2824 malum
888 2776 1048 2822 acute
1091 2767 1262 2831 vides,
1296 2775 1447 2819 tuum
1477 2781 1603 2819 vero
1629 2765 1872 2822 dedecus
1904 2767 2059 2822 nihili

491 2864 650 2919 facis.

560 2959 621 3016 S.
655 2958 928 3028 Chrysost.
969 2955 1068 3009 llic
1099 2954 1337 3008 maxime
1376 2952 1612 3025 scipsum
1647 2954 1938 3026 cognoscit
1967 2956 2063 3028 qui

491 3050 734 3119 scipsum
768 3061 867 3117 pro
907 3043 1083 3099 nihilo
1114 3050 1352 3113 reputat.

564 3138 867 3193 Clementis.
927 3135 982 3190 Si
1036 3135 1118 3189 vis
1155 3134 1326 3188 Deum
1373 3148 1731 3203 cognoscere.
1773 3134 1858 3191 fac
1893 3144 2054 3192 antea

494 3231 729 3301 teipsum
773 3242 1095 3297 cognoscas.

570 3321 906 3392 Antiphanis.
950 3317 1010 3373 Si
1067 3317 1314 3374 mortalis
1348 3333 1432 3383 es,
1477 3318 1620 3374 bone
1672 3317 1776 3387 vir,
1813 3319 2062 3375 mortalia

497 3431 717 3488 quoque
744 3413 952 3484 sapias.

568 3505 955 3562 Demosthenis.
999 3503 1202 3559 Futura
1253 3503 1469 3557 cunctis
1505 3501 1822 3558 hominibus
1877 3502 2063 3574 ignota

492 3599 730 3654 arbitror
785 3613 926 3662 esse,
983 3603 1039 3651 et
1092 3609 1272 3664 parvae
1320 3592 1639 3648 occasiones
1700 3592 2061 3648 maximarum

491 3693 631 3746 ﬁunt
675 3706 856 3744 rerum
905 3702 1107 3744 causae.
1158 3685 1502 3755 Quapropter
1552 3686 1606 3738 in
1654 3685 1799 3740 bona
1841 3683 2060 3740 fortuna

491 3784 804 3838 moderatos
835 3796 959 3836 csse
998 3777 1278 3844 convenit,
1321 3785 1379 3831 et
1423 3777 1604 3830 futura
1646 3774 1805 3848 104
1850 3777 2065 3847 prospi-

490 3889 613 3929 cere
645 3873 838 3928 videri.

581 3965 906 4020 Heraclitus.
965 3961 1269 4018 lleraclitus
1310 3961 1492 4016 adhuc
1544 3960 1765 4030 juvenis
1815 3959 2062 4015 omnium

494 4055 938 4126 sapientissimus
960 4051 1084 4118 fuit,
1110 4052 1239 4122 quia
1269 4051 1480 4108 sciebat
1513 4067 1573 4107 se
1603 4051 1740 4105 nihil
1776 4066 1920 4106 esse.

565 4147 827 4203 Socratis.
881 4147 1139 4201 Socrates
1193 4144 1543 4199 existimabat
1596 4143 1734 4198 nihil
1799 4159 1858 4198 se
1921 4143 2066 4200 scire

494 4251 692 4313 praeter
727 4240 829 4294 hoc
866 4255 1034 4293 unum
1076 4239 1224 4308 quod
1257 4237 1396 4291 nihil
1429 4238 1602 4292 sciret
1628 4255 1642 4291 :
1669 4236 1909 4307 reliquos
1937 4252 2066 4294 vero

498 4349 566 4387 ne
595 4331 697 4385 huc
724 4330 943 4398 quidem
973 4327 1138 4382 scire.

566 4421 663 4488 Qui
691 4421 844 4474 Valde
866 4417 1199 4481 febricitauit,
1231 4417 1534 4486 appetitum
1589 4425 1644 4470 et
1699 4417 1871 4470 robur
1903 4413 2066 4468 amit-

497 4519 656 4565 tunt:
693 4508 787 4578 qui
825 4524 954 4562 vero
983 4507 1294 4576 principum
1345 4506 1495 4559 aulas
1549 4506 1880 4570 inhabitant,
1915 4521 2067 4559 men-

2234 2038 2584 2110 Συντὴρησον
2618 2041 2715 2094 καὶ
2749 2041 2986 2112 πρόσεχε
3018 2042 3285 2114 σφοδρῶς,
3320 2045 3407 2098 ὅτι
3457 2045 3588 2113 μετὰ
3626 2049 3703 2114 τῆς

2164 2129 2426 2196 πτώσεως
2458 2149 2553 2184 σου
2587 2137 2932 2205 περιπατεῖς.

2247 2223 2312 2276 Ἦ
2336 2225 2570 2296 ἀκριϐής
2591 2227 2824 2280 σεαυτοῦ
2846 2231 3174 2302 κατανόησις
3198 2231 3456 2306 αὐτάρκη
3491 2249 3566 2284 σοι
3591 2247 3703 2298 παρα

2163 2315 2278 2387 έχει
2313 2316 2412 2370 καὶ
2461 2318 2832 2388 χειραγωγίαν
2882 2322 3018 2392 πρὸς
3069 2324 3170 2392 τὴν
3207 2322 3424 2377 ἔννοιαν
3457 2321 3546 2375 τοῦ
3574 2321 3701 2374 Θεοῦ.

2235 2498 2602 2569 Μεμνημένος
2647 2499 2745 2563 τῆς
2793 2499 3028 2567 φύσεως,
3088 2500 3188 2552 οὐκ
3238 2501 3531 2572 ὲπαρθήοῃ
3579 2500 3702 2554 ποτέ.

2162 2589 2434 2662 Μεμνήσῃ
2463 2590 2518 2642 δὲ
2550 2591 2712 2644 αὐτοῦ
2756 2589 2996 2664 [αὑτῆς],
3029 2591 3124 2645 ἐὰν
3175 2594 3456 2665 προσέχῃς
3519 2595 3700 2646 σαυτόν.

2240 2682 2504 2748 Ἔπαθες,
2541 2682 2818 2754 ἄνθρωπε,
2847 2683 2875 2736 ὃ
2905 2684 3183 2750 ἐγκαλεῖς·
3233 2687 3328 2738 καὶ
3361 2691 3424 2738 τὸ
3458 2687 3554 2755 μὲν
3579 2685 3701 2738 ἀλλά-

2164 2791 2316 2844 τριον
2346 2774 2514 2828 κακὸν
2541 2775 2816 2845 ἐπιμελῶς
2845 2775 3088 2846 βλέπεις,
3112 2776 3173 2828 τὸ
3202 2763 3259 2829 δὲ
3291 2777 3491 2831 σαυτοῦ
3518 2776 3702 2846 αἰσχρὸν

2164 2865 2401 2934 οὐδαμοῦ
2433 2866 2627 2929 τιθεῖς.

2237 2959 2410 3022 Οὗτος
2448 2959 2684 3028 μάλιστά
2720 2961 2871 3016 ἐστιν
2927 2961 2956 3014 ὁ
3002 2961 3198 3015 ἑαυτὸν
3254 2960 3439 3028 εἰδὼς,
3487 2963 3516 3014 ὁ
3566 2959 3704 3031 μηδὲν

2165 3051 2361 3106 ἑαυτὸν
2390 3045 2537 3104 εἶναι
2568 3051 2828 3120 νομίζων.

2236 3145 2300 3197 Εἰ
2339 3142 2518 3212 βούλει
2547 3143 2749 3212 γνῶναι
2779 3144 2934 3210 Θεὸν,
2973 3147 3263 3218 προλαϐὼν
3300 3149 3470 3219 γνῶθι
3519 3144 3699 3200 σαυτὸν.

2237 3320 2300 3374 El
2333 3319 2530 3392 θνητὸς
2555 3315 2626 3388 ετ,
2663 3320 2931 3392 βέλτιστε,
2962 3322 3133 3395 θνητὰ
3165 3325 3258 3379 καὶ
3290 3324 3498 3396 φρόνει.

2235 3495 2408 3568 Οἶμαι
2448 3499 2510 3552 τδ
2556 3500 2751 3570 μέλλον
2783 3501 2991 3556 ἅπασιν
3021 3501 3335 3571 ἀνθρώποις
3379 3503 3597 3573 ἄδηλον,
3626 3503 3699 3556 καὶ

2168 3594 2361 3661 μικροὶ
2386 3591 2571 3663 καιροὶ
2615 3592 2867 3662 μεγάλων
2900 3595 3246 3663 πραγμάτων
3279 3594 3444 3647 αἴτιοι
3475 3595 3698 3662 γίνονται.

2165 3681 2258 3734 Διὸ
2282 3681 2364 3734 δεῖ
2390 3680 2710 3753 μετριάζειν
2741 3685 2800 3736 ὲν
2829 3685 2950 3748 ταῖς
2979 3684 3332 3756 εὐπραξίαις,
3366 3684 3462 3738 καὶ
3487 3699 3699 3754 προορω-

2165 3773 2362 3843 μένους
2383 3772 2444 3826 τὸ
2469 3772 2666 3844 μέλλον
2695 3775 3010 3843 φαίνεσθαι.

2249 3955 2604 4026 Ἡράκλειτος
2641 3959 2760 4022 νέος
2805 3960 2884 4014 ὣν
2931 3962 3151 4018 πάντων
3184 3963 3378 4032 γέγονε
3413 3965 3696 4034 σοφώτερος.

2164 4048 2246 4101 ὅτι
2273 4048 2390 4118 ᾔδει
2429 4049 2624 4104 ἑαυτὸν
2652 4052 2821 4121 μηδὲν
2845 4053 2997 4108 ὄντα.

2235 4140 2534 4210 Σωκράτης
2565 4141 2706 4213 ᾤετο
2737 4144 2918 4224 μηδὲν
2954 4145 3178 4212 εἰδέναι,
3211 4146 3354 4214 πλὴν
3396 4147 3518 4200 αὐτὸ
3547 4146 3695 4208 τοῦτο,

2165 4231 2247 4284 ὅτι
2284 4232 2450 4301 μηδὲν
2495 4229 2655 4287 οἶδενο
2687 4235 2816 4298 τοὺς
2851 4235 2908 4288 δὲ
2957 4235 3183 4300 λοιποὺς
3230 4237 3368 4307 μηδὲ
3403 4237 3551 4292 τοῦτο
3583 4236 3695 4289 εἰδέα

2075 4354 2084 4363 ·
2167 4339 2272 4375 ναι.

2236 4414 2300 4465 οἱ
2329 4413 2429 4483 μὲν
2462 4415 2709 4486 σφοδρῶς
2751 4419 3111 4488 πυρέττοντες
3152 4419 3250 4491 τὴν
3295 4421 3475 4491 ὄρεξιν
3507 4420 3590 4473 καὶ
3617 4416 3695 4488 τήν

2170 4502 2384 4573 ῥώμην,
2421 4504 2472 4557 οί
2511 4504 2556 4556 δ’
2589 4507 2647 4558 ὲν
2677 4508 2790 4570 τοῖς
2829 4506 3125 4576 βασιλείοις
3178 4511 3580 4580 παροικοῦντες,
3621 4507 3694 4559 τὸν

495 4613 602 4658 tem
635 4609 693 4655 et
725 4601 898 4655 bonos
931 4612 1114 4652 mores
1153 4596 1383 4666 perdere
1431 4597 1629 4662 solent,
1669 4597 1773 4650 nisi
1811 4597 2060 4666 frequen-

2175 4596 2292 4650 νοῦν
2321 4600 2413 4651 καὶ
2455 4599 2524 4653 τὰ
2551 4597 2657 4670 non
2696 4601 2976 4668 πεφύκασι
3006 4601 3440 4672 διαφθείρεσθαι,
3465 4604 3508 4656 εί
3539 4599 3608 4672 μὴ
3627 4599 3691 4664 τὸ,

495 4702 578 4747 ter
618 4691 807 4747 animo
844 4697 1093 4756 repetant
1147 4686 1253 4740 hoc
1287 4686 1497 4740 dictum
1530 4702 1548 4739 :
1578 4684 1759 4740 Nosce
1804 4685 2065 4755 teipsum.

462 4779 472 4866 ι
936 4793 1170 4851 εειιιιο
1207 4793 1298 4849 1.x
1331 4793 1430 4866 [αι.
1464 4791 1602 4864 CX].

1017 4906 1094 4962 De
1122 4905 1536 4978 pulchritudine.

578 5001 777 5055 Matth.
818 5015 893 5055 τι.
921 5000 1251 5070 Cognoscile
1295 4999 1404 5054 lilia
1435 5001 1552 5071 agri
1612 4987 1889 5071 quomodo
1941 5016 2062 5057 cre-

498 5100 653 5148 seant
704 5106 717 5142 :
758 5105 865 5142 non
917 5090 1164 5143 laborant
1224 5104 1402 5159 neque
1452 5098 1601 5143 nent.
1631 5092 1886 5145 Attamen
1939 5091 2064 5144 dico

445 5223 448 5226 .
495 5182 678 5243 vobis,
713 5195 780 5233 ne
825 5179 1175 5234 Salontonem
1239 5180 1457 5248 quidem
1506 5181 1557 5233 in
1594 5179 1848 5235 universa
1889 5181 2061 5250 gloria

500 5286 598 5328 sua
621 5273 700 5326 sic
729 5270 994 5324 amictum
1031 5268 1220 5332 fuisse,
1253 5280 1309 5324 ut
1345 5285 1513 5323 unum
1549 5285 1616 5324 cx
1642 5270 1748 5325 his.

567 5365 593 5420 I
621 5365 761 5419 Tim.
803 5379 860 5418 ιι.
890 5361 1024 5417 Volo
1053 5361 1307 5417 mulieres
1338 5364 1390 5416 in
1422 5365 1625 5418 amictu
1661 5366 1908 5418 modesto
1932 5380 2056 5419 cum

495 5457 822 5512 Verecundia
871 5463 925 5509 ct
977 5454 1233 5508 castitate
1303 5469 1498 5508 ornare
1539 5456 1883 5524 semetipsas,
1946 5472 2055 5510 non

495 5551 656 5604 tortis
689 5549 931 5604 crinibus
962 5555 1054 5600 aut
1085 5560 1222 5600 auro
1255 5556 1349 5599 aut
1377 5547 1708 5616 margaritis,
1740 5557 1833 5602 aut
1865 5549 2062 5604 vestitu

496 5650 839 5707 suniptuoso.

575 5731 822 5784 Proverb.
851 5746 920 5784 τι.
955 5729 1034 5786 Ne
1089 5739 1141 5786 te
1168 5732 1349 5784 vincat
1383 5729 1734 5785 desiderium
1763 5732 2062 5800 pulchritu-

495 5820 662 5882 din'rs,
694 5835 868 5890 neque
898 5818 1168 5890 palpebris
1214 5820 1319 5877 tuis
1352 5829 1501 5874 utere
1543 5819 1609 5875 ad
1642 5822 1893 5877 illirium.

2169 4686 2344 4742 Γνῶθι
2381 4689 2598 4754 σαυτὸν,
2635 4690 2846 4760 συχνῶς
2875 4692 3091 4756 ἑαυτοῖς
3115 4692 3476 4761 ἐπιλέγουσιν.

2770 4801 2988 4855 ΛΟΓΟΣ
3037 4802 3110 4857 ε’.

2742 4917 2882 4988 Περὶ
2914 4917 3209 4986 κάλλους.

2238 5005 2598 5072 Καταμάθετε
2640 5008 2709 5061 τὰ
2740 5010 2900 5079 κρίνα
2946 5008 3042 5062 τοῦ
3085 5009 3277 5081 ἀγροῦ,
3325 5013 3441 5076 πῶς
3469 5008 3687 5076 αὐξάνει·

2171 5092 2230 5144 οὐ
2263 5096 2449 5164 κοπιᾷ,
2478 5096 2598 5150 οὐδὲ
2629 5097 2804 5167 νήθει.
2847 5100 3005 5168 Λέγω
3033 5099 3141 5167 γὰρ
3191 5101 3342 5168 ὑμῖν,
3371 5102 3450 5155 ὅτι
3478 5102 3583 5154 οὐδὲ
3609 5101 3688 5152 Σο·

2169 5182 2350 5252 λομὼν
2388 5185 2447 5236 ὲν
2480 5187 2630 5259 πάσῃ
2679 5191 2744 5260 τῇ
2793 5188 2918 5261 δόξῃ
2967 5189 3136 5244 αὑτοῦ
3189 5193 3531 5260 περιεϐάλετο
3557 5191 3620 5253 ὡς
3642 5189 3689 5242 ἓν

2166 5272 2390 5331 τούτοιν,

2241 5365 2513 5436 Βούλομαι
2532 5367 2632 5432 τὰς
2657 5372 2922 5435 γυναῖκας
2950 5373 3010 5424 ἑν
3035 5377 3344 5449 καταστολῇ
3369 5378 3555 5445 κοσμία
3575 5369 3688 5444 μετὰ

2165 5459 2346 5523 αἰδοῦς
2375 5462 2469 5514 καὶ
2501 5462 2852 5533 σωφροσύνης
2876 5467 3103 5534 κοσμεῖν
3131 5467 3355 5532 ἑαυτὰς,
3387 5470 3459 5538 μὴ
3483 5469 3531 5518 ἐν
3555 5465 3688 5526 πλέγ-

2168 5567 2362 5619 μασιν.
2395 5551 2428 5620 ἢ
2460 5553 2668 5624 χρυσῷ.
2700 5553 2732 5624 ἢ
2763 5557 3156 5626 μαργαρίταις,
3189 5558 3223 5630 η
3256 5557 3524 5630 ἱματισμῷ
3557 5553 3687 5606 mu.

2165 5640 2327 5696 τελεῖ.

2234 5735 2326 5803 Μή
2363 5751 2419 5786 σε
2449 5737 2647 5809 νικήσῃ
2681 5737 2910 5803 κάλλους
2957 5738 3246 5810 ἐπιθυμία,
3293 5740 3423 5813 μηδὲ
3449 5732 3677 5808 ἀγρευθῇς

2165 5828 2276 5890 σοῖς
2312 5827 2600 5902 βλεφάροις
