3928 6566
187 456 294 520 εδει

273 566 485 628 Κάλλος
530 562 825 634 προσώπου
855 562 948 614 ἐπὶ
975 562 1155 633 ἡλικίᾳ
1189 562 1452 630 στασξμῃ.

258 743 352 813 Μὴ
386 741 616 812 βδελύξῃ
651 742 821 809 ἄνδρα
847 743 904 792 ὲν
933 742 1122 813 cipias:
1154 740 1343 802 αὑτοῦ,
1382 739 1517 808 μηδὲ
1551 738 1774 807 αἰνέσῃς

183 835 357 903 ἄνδρα
382 836 441 887 ὲν
476 834 667 888 κάλλει
698 833 886 885 αὑτοῦ.

263 926 479 988 καλλος
520 928 638 979 ἐστὶ
670 928 727 978 τὸ
768 929 826 978 ἐν
875 928 939 996 τῇ
980 925 1362 979 συνοέσειτῶν
1396 926 1573 995 μελῶν
1607 924 1773 995 εὐάρ-

184 1034 413 1089 μοστον,
445 1017 789 1072 ἐπανθοῦσαν
816 1019 965 1087 αὑτῷ
989 1020 1086 1087 τὴν
1117 1018 1278 1088 χάριν
1309 1018 1453 1087 ἔχον.

248 1197 470 1261 Κάλλος
498 1198 691 1267 νόμιζε
718 1197 819 1267 τὴν
850 1196 1066 1267 φρενῶν
1092 1196 1418 1265 εὐκοσμίαν.

254 1373 373 1426 Οὐκ
407 1373 520 1427 ἀπὸ
549 1375 647 1445 τῆς
695 1373 1062 1437 διαπλάσεως.
1096 1374 1214 1427 ἀλλ’
1246 1375 1368 1440 ζάπὸ
1411 1375 1521 1427 τῶν
1551 1376 1776 1445 τρόπων

176 1465 272 1517 καὶ
304 1466 408 1535 τῆς
439 1467 808 1535 κοσμιότητος
836 1466 896 1518 τὸ
928 1467 1124 1530 κάλλος
1155 1466 1648 1538 χαρακτηρίζεται.

244 1560 344 1622 Εἰς
377 1560 690 1630 κάτοπτρον
733 1558 933 1627 κύψας,
968 1558 1165 1629 θεώρει
1189 1574 1203 1588 ⁸
1250 1561 1344 1611 καὶ
1375 1561 1424 1611 εἰ
1459 1559 1561 1629 μὲν
1608 1558 1774 1622 καλὸς

174 1652 383 1719 φαίνει,
424 1652 551 1716 ἄξια
580 1638 773 1705 τούτου
826 1652 1031 1722 πρᾶττε
1056 1667 1069 1681 ⁸
1108 1654 1156 1704 ει
1198 1651 1256 1704 δὲ
1301 1652 1550 1722 αἰσχρὸς,
1584 1651 1644 1705 τὸ
1673 1651 1773 1721 τῆς

173 1746 359 1815 ὂψεως
391 1748 643 1809 ἐλλειπὲς
674 1746 876 1817 ὡράῖζε
912 1745 1313 1815 καλοκάγαθίᾳ.

1002 449 1169 509 LOCl
1207 440 1764 509 COMMUNES.'-
1802 447 2083 508 PARS-1.
2131 445 2391 507 SEliMO
2434 447 2584 508 LXI.

3346 452 3455 516 962

1802 561 1852 621 Α
1957 558 2121 613 Ercli.
2170 576 2314 615 nrt.
2381 559 2651 614 Venustas
2700 559 2857 614 {aciei
2919 557 2973 614 in
3036 560 3213 617 aetatis
3269 562 3455 633 vigore

1880 651 2013 722 (vel,
2039 652 2090 704 in
2120 662 2279 706 attate
2309 652 2635 720 constanti).

1950 741 2092 798 Ibid.
2122 760 2195 797 ιι.
2223 742 2298 797 Ne
2327 745 2659 799 abomineris
2691 760 3023 812 quemquam
3057 744 3109 796 in
3138 743 3453 815 vultui-jus,

1876 849 2059 903 neque
2094 816 2406 889 laudaveris
2430 837 2605 888 virum
2644 836 2695 888 in
2727 836 3138 905 pulchritudine
3166 836 3311 904 ejus.

1949 925 2307 982 Pulehritudo
2336 936 2421 982 est
2446 928 2589 982 bona
2615 928 2703 980 illa
2736 927 3077 981 concinnitas
3113 927 3164 979 in
3227 939 3454 995 compo-

1879 1017 2081 1076 sitione
2139 1019 2531 1085 membrorum,
2578 1017 2727 1074 ﬂoris
2767 1018 2943 1073 instar
3006 1017 3465 1087 superinductam

1877 1111 1981 1187 sibi
2014 1112 2245 1180 gratiam
2274 1111 2501 1166 habens.

1951 1201 2223 1273 Theologi.
2294 1201 2771 1258 Pulcliritudinem
2841 1200 3095 1257 existima
3186 1209 3442 1255 ornatum

1882 1293 2078 1347 animi.

1951 1384 2011 1440 S.
2047 1383 2319 1455 Chrysost.
2352 1383 2468 1439 Non
2498 1386 2554 1440 in
2599 1384 2852 1453 corporis
2892 1385 3091 1450 forma,
3120 1385 3215 1439 sed
3253 1386 3305 1440 in
3336 1401 3456 1440 mo-

1878 1477 2036 1531 ribus
2068 1487 2122 1531 et
2155 1478 2419 1532 modestia
2446 1477 2804 1546 pulchritudo
2833 1478 2937 1531 sita
2961 1486 3066 1532 est.
3190 1526 3226 1559 ν

1948 1566 2248 1620 Plutarchi.
2282 1569 2341 1621 in
2390 1570 2612 1637 speculo
2644 1577 2694 1621 te
2725 1569 3115 1637 contemplare,
3148 1580 3200 1622 et
3228 1567 3273 1621 si
3327 1568 3445 1635 pul-

1878 1660 2008 1713 cher
2039 1676 2322 1729 apparens,
2364 1676 2429 1713 ea
2480 1659 2565 1713 fac
2605 1676 2723 1728 qua:
2769 1661 2963 1713 decent
3011 1660 3335 1728 pulchrum;
3369 1660 3452 1711 sin

1880 1752 2164 1817 deformis,
2222 1754 2275 1806 id
2316 1756 2459 1823 quod
2507 1752 2662 1806 faciei
2719 1752 2875 1806 deest
2912 1754 3195 1807 honestate
3235 1766 3451 1804 morum

1882 1848 2097 1914 supple.

248 1926 507 1987 Αἴσωπος
542 1923 940 1993 ὀνειδιζόμενος
971 1924 1052 1976 ὅτι
1079 1924 1324 1994 χαλεπὴν
1352 1924 1466 1993 ἕχει
1492 1922 1590 1993 τὴν
1618 1924 1766 1994 ὄψιν,

1954 1937 2191 2007 Αἰδοριιε
2223 1940 2293 1992 ob
2343 1937 2747 1993 deformitatem
2795 1938 3069 2006 enlpatus,
3125 1936 3308 1991 dixit:
3370 1932 3448 1988 Ne

173 2016 280 2086 ἔφη
310 2034 328 2049 ·
367 2019 459 2085 Μή
497 2035 598 2086 μου
630 2018 690 2069 τὸ
720 2013 881 2082 εἶδος,
927 2016 1043 2069 ἀλλ’
1074 2019 1155 2080 είς
1190 2017 1281 2069 τὸν
1314 2016 1438 2069 νοῦν
1471 2018 1731 2088 πρόσεχε.

246 2109 430 2163 Ὅταν
464 2109 627 2177 φύσει
661 2110 721 2161 τὸ
752 2109 948 2171 κάλλος
983 2111 1258 2179 ἐπικοσμῇ
1294 2110 1495 2179 τρόπος

244 2200 531 2270 Χρηστδς,
568 2200 866 2263 διπλασέω,
905 2201 932 2251 ό
972 2199 1214 2270 προσιὼν
1248 2202 1555 2255 ἁλίσκεται.

243 2377 336 2431 Τὰ
368 2378 479 2430 τῶν
515 2377 698 2431 καλῶν
744 2376 1023 2447 φιλήματα
1058 2377 1426 2446 φυλάττεσθαι
1452 2378 1553 2443 δεῖ,
1593 2378 1667 2440 ὡς
1703 2378 1773 2432 τὰ

172 2469 286 2522 τῶν
331 2469 555 2521 ἰοϐόλων
583 2469 860 2537 δήγματα.

251 2561 545 2629 Διογένης,
564 2559 899 2628 Θεασάμενος
934 2558 1216 2629 μειράκιον
1242 2558 1539 2631 εὔμορφον,
1567 2559 1661 2613 καὶ
1687 2559 1775 2613 διὰ

176 2649 347 2704 τοῦτο
368 2650 717 2721 φιλούμενον,
748 2650 856 2720 ἔφη
878 2665 891 2680 ο
940 2650 1270 2719 Σπούδασον,
1307 2653 1615 2722 μειράκιον,
1646 2653 1773 2716 τοὺς

175 2745 273 2799 τοῦ
308 2743 569 2816 σώματος
609 2746 844 2813 ἐραστὰς
882 2746 960 2809 εἰς
999 2744 1098 2817 τὴν
1123 2745 1301 2817 ψυχὴν
1339 2748 1696 2816 μεταγαγεῖν.

272 2929 344 2981 '0
376 2927 562 2995 αὐτὸς,
596 2928 933 2999 Θεασάμενος
963 2930 1245 2983 νεανίσκον
1273 2927 1775 2997 καλλωπιζόμενον,

180 3024 327 3094 εςηο
364 3025 428 3077 Εἰ
478 3025 576 3092 μὲν
609 3025 743 3091 πρὸς
776 3025 997 3095 ἄνδρας,
1039 3024 1257 3093 ἀτυχεῖς
1285 3038 1299 3053 ο
1343 3024 1392 3074 εἰ
1422 3022 1477 3074 δὲ
1509 3022 1643 3091 πρὸς
1673 3038 1775 3087 γυο

181 3120 407 3182 ναῖκας,
443 3117 667 3182 ἀδικεῖς.

268 3209 689 3277 Ἀριστοτέλης,
714 3210 1045 3279 Θεασάμενός
1076 3209 1359 3280 μειράκιον
1386 3208 1776 3278 ὡραῖζόμενον,

188 3298 299 3371 ἔφη
326 3318 344 3331 ο
376 3302 494 3355 Οὐκ
542 3303 797 3373 αἰσχύνῃ,
829 3305 933 3367 ὅτι,
961 3305 1058 3372 τῆς
1089 3303 1302 3371 φύσεως
1337 3302 1507 3373 ἄνδρα
1557 3318 1616 3353 σε
1662 3317 1778 3352 ποι-

179 3393 429 3463 ησάσης,
456 3395 646 3446 ἑαυτὸν
668 3396 1010 3464 τεοή),υκας;

268 3486 338 3538 Ὀ
372 3487 536 3548 αὐτὸς
564 3488 684 3539 νέου
718 3486 857 3549 τινὸς
900 3487 1142 3550 εὐειδοῦς
1170 3486 1269 3557 μὲν
1312 3488 1412 3556 τὴν
1440 3483 1586 3554 ὄψιν,
1621 3482 1778 3537 ἀσελ-

184 3578 321 3646 γοῦς
360 3578 417 3631 δὲ
454 3581 545 3632 τὸν
575 3581 798 3649 τρόπον,
829 3580 1241 3650 λοιδορουμένου
1276 3577 1442 3631 αὐτοῦ
1462 3576 1557 3628 καὶ
1588 3576 1778 3643 λέγον-

182 3687 300 3736 τος,
358 3672 408 3723 εἰ
442 3673 659 3743 ίέπίσης
706 3672 855 3742 αὐτῷ
917 3673 1162 3741 ἐμισεῖτο
1216 3670 1321 3724 ὑπὸ
1365 3668 1473 3723 τῶν
1520 3667 1777 3733 πολιτῶν,

183 3761 485 3832 ἀπήγξατο
514 3764 600 3827 ἂν,
635 3763 770 3834 ἔφη’
816 3764 959 3831 Ἐγὼ
981 3764 1038 3815 δὲ
1070 3762 1411 3833 ἀπηγξάμην
1439 3761 1528 3826 ἂν,
1565 3760 1613 3813 εἰ
1656 3759 1779 3813 ἐπι-

187 3872 290 3925 σης
328 3871 416 3908 σοι
451 3856 557 3908 τῶν
588 3855 823 3908 πολιτῶν
857 3857 1179 3925 ὲφιλούμην.

274 3947 413 3999 Ἐὰν
450 3948 608 4001 καυλὸν
641 3949 766 4020 Im;
804 3949 964 4019 σῶμα
1007 3950 1101 4003 καὶ
1145 3948 1325 4020 ψυχὴν
1355 3947 1559 4019 κακὴν,
1611 3944 1782 4015 καλὴν

187 4043 338 4111 εχεις
373 4039 509 4093 ναῦν
544 4040 636 4092 καὶ
662 4041 831 4093 κακὸν
863 4041 1230 4111 κυϐερνήτην.

260 4134 463 4205 Καλὴν
484 4132 702 4202 γυναῖκ’
746 4135 841 4186 ἐὰν
867 4133 1004 4205 ἴδῃς,
1039 4135 1112 4204 μὴ
1141 4134 1432 4203 θαυμάσῃς
1453 4148 1469 4164 ·

258 4228 344 4283 Τὸ
366 4227 479 4295 γὰρ
518 4224 653 4278 πολὺ
682 4222 877 4287 κάλλος
908 4226 1005 4277 καὶ
1028 4224 1213 4294 ψόγων
1240 4223 1455 4276 πολλῶν
1488 4222 1675 4292 γέμει.

265 4404 584 4476 Σιμοκάτου
638 4404 740 4474 τήν
783 4420 842 4456 τε
890 4402 1018 4457 θέαν
1053 4401 1177 4455 οὔτε
1232 4401 1387 4471 λόγος
1436 4400 1781 4473 ὲκφράσειεν,

193 4493 327 4548 οὔτε
372 4492 670 4561 ζωγράφου
718 4494 899 4562 χεῖρες
931 4494 1289 4563 μιμήσαιντο.
1325 4491 1431 4544 Ἦν
1460 4491 1567 4562 γὰρ
1596 4493 1625 4545 ό
1665 4506 1788 4545 νεα-

1879 2030 2009 2082 mihi
2048 2032 2297 2094 formam,
2331 2031 2423 2085 sed
2457 2040 2691 2084 mentem
2728 2030 2936 2097 aspice.

1947 2125 2079 2178 Cum
2114 2137 2322 2179 natura:
2352 2133 2691 2179 venustatem
2724 2124 3110 2178 exornaveriut
3150 2135 3335 2174 mores

1952 2216 2134 2282 Probi,
2177 2217 2463 2287 dupliciter
2492 2218 2686 2286 aliquis
2732 2219 2999 2270 accedens
3052 2217 3286 2283 capitur.

2926 2306 3230 2376 (Menandri
3243 2306 3281 2373 .)

1953 2400 2212 2455 Socratis.
2244 2399 2436 2455 Oscula
2474 2401 2838 2454 formosiirum
2893 2400 3133 2454 cavenda
3169 2409 3317 2463 sunt,
3349 2398 3458 2455 sic-

1881 2504 1942 2549 ut
1967 2509 2180 2551 morsus
2211 2503 2596 2548 venenatorum
2639 2492 2977 2547 animalium.

1958 2585 2234 2655 Diogenes.
2269 2582 2536 2652 Diogenes
2566 2598 2691 2637 cum
2726 2582 2951 2637 vidisset
2990 2580 3287 2633 formosum
3320 2580 3456 2649 ιιι]οέ

1882 2678 2176 2733 lescentem
2208 2677 2397 2732 forma:
2428 2692 2591 2731 causa
2619 2675 2813 2737 amari.
2847 2674 3021 2729 dixit:
3063 2674 3202 2739 Quin
3230 2689 3453 2743 operam

1884 2773 2003 2834 des,
2034 2770 2381 2832 adolescens,
2429 2775 2488 2821 ιιι
2532 2768 2782 2836 corporis
2814 2778 3089 2820 amatores
3120 2765 3186 2820 ad
3217 2766 3459 2821 animam

1885 2860 2206 2914 transferas.

1958 2950 2100 3003 Idem
2152 2962 2447 3019 conspectu
2500 2948 2845 3002 adolescente
2918 2948 3011 3017 qui
3071 2960 3130 3000 se
3197 2945 3447 3011 ornabat,

1885 3042 2058 3096 dixit:
2096 3041 2152 3095 Si
2185 3042 2315 3096 viris
2370 3042 2587 3111 quidem
2644 3050 2695 3095 te
2756 3056 2941 3107 ornas,
2985 3040 3175 3097 infelix
3211 3058 3309 3105 es;
3364 3044 3453 3097 sin

1888 3135 2235 3201 mulieribus,
2276 3134 2536 3203 injustus.

1954 3226 2273 3280 Aristoteles
2295 3241 2418 3280 cum
2459 3226 2856 3281 adolescentem
2881 3242 2940 3282 se
2964 3243 3162 3282 ornare
3197 3228 3443 3291 vidisset,

1887 3315 2052 3367 dixit:
2087 3313 2203 3368 Non
2252 3315 2550 3380 erubescis,
2589 3316 2730 3383 quod
2783 3332 2906 3370 eum
2942 3328 3138 3371 natura
3173 3330 3222 3372 te
3273 3319 3453 3372 virum

1886 3404 2097 3473 fecerit,
2136 3405 2292 3476 105
2323 3413 2379 3459 tu
2414 3406 2644 3475 teipsum
2683 3405 3070 3461 eﬂetninaris?
3285 3390 3303 3397 ﬁ

1958 3496 2101 3549 Idem
2140 3514 2264 3550 cum
2296 3498 2511 3565 juvenis
2569 3499 2790 3566 quidam
2846 3499 2985 3553 facie
3034 3498 3329 3563 formosus,
3362 3498 3457 3553 sed

1888 3589 2135 3646 moribus
2169 3592 2443 3660 petulans,
2498 3591 2640 3645 inter
2670 3592 2774 3645 alia
2827 3591 3077 3645 convicia
3111 3591 3159 3645 ci
3201 3592 3408 3646 diceret
3439 3607 3455 3643 :

1889 3679 1945 3736 Si
1978 3691 2087 3737 tam
2116 3698 2315 3738 exosus
2342 3698 2516 3739 essem
2564 3684 2797 3750 civibus,
2832 3695 2891 3737 ut
2928 3692 2985 3737 tu
3019 3698 3098 3747 es,
3132 3683 3325 3752 laqueo
3370 3683 3456 3736 vi-

1890 3784 2000 3828 tam
2059 3774 2308 3838 tiuircm,‘
2340 3775 2662 3845 respondit:
2696 3775 2808 3845 Ego
2850 3791 2979 3829 vero
3015 3776 3270 3844 laqueum
3322 3776 3454 3830 milii

1890 3866 2177 3930 inferrem,
2202 3868 2245 3922 si
2275 3867 2348 3921 ita
2373 3881 2460 3921 me
2494 3866 2641 3921 cives
2673 3876 2919 3920 amarent
2952 3876 3007 3920 ut
3040 3873 3113 3920 te.

1959 3958 2237 4013 Isocratis.
2265 3956 2321 4011 Si
2356 3959 2643 4028 pulchrum
2679 3956 2773 4010 tibi
2807 3971 3007 4025 corpus
3055 3968 3159 4023 est,
3188 3968 3241 4012 ct
3283 3958 3463 4013 anima

1890 4052 2055 4111 mala,
2084 4052 2283 4104 bonam
2306 4048 2485 4101 navim
2510 4048 2681 4102 habes
2711 4058 2765 4101 et
2784 4048 2985 4101 malum
3013 4050 3460 4116 gubernatorem.

1888 4141 2187 4196 Pulchram
2216 4140 2495 4195 mulierem
2528 4138 2575 4193 si
2604 4138 2775 4202 vides,
2814 4154 2880 4193 ne
2915 4139 3164 4204 mireris;

1894 4229 2115 4284 Eximia
2134 4229 2282 4282 enim
2316 4229 2489 4282 forma
2517 4227 2701 4282 multis
2722 4230 2882 4282 ctiam
2917 4229 3243 4284 criminibus
3264 4238 3460 4284 scatet.

3047 4315 3321 4383 (Incerti.)

1888 4480 1889 4483 η
1961 4404 2285 4460 δὶιιιοεαιιιε.
2322 4405 2847 4477 δὶιιιοοτιιίρίοιθιιιιιιη
2885 4422 2983 4461 nec
3014 4407 3324 4475 exprimere
3350 4424 3467 4463 ser-

1894 4512 2004 4562 mo,
2038 4513 2214 4566 nequc
2260 4513 2455 4552 manus
2500 4498 2717 4567 pictoris
2775 4500 2968 4553 imitari
3030 4510 3298 4567 poterant.
3333 4501 3466 4556 Erat

195 4587 323 4650 νίας
373 4584 660 4654 εὐσθενὴς,
704 4583 908 4655 δρθιος,
944 4584 1007 4636 τὸ
1056 4583 1431 4654 περιστὲρνιον
1481 4583 1704 4647 λάσιος·
1736 4584 1787 4636 οἱ

1915 4588 2043 4641 :nim
2091 4588 2313 4657 juvenis
2357 4591 2642 4653 robustus,
2671 4600 2908 4655 erectus,
2966 4591 3182 4646 hirsuto
3224 4602 3465 4662 pectore,

196 4677 254 4732 δὲ
290 4674 568 4745 ὀφθαλμοὶ
601 4677 860 4744 δορκάδος
904 4674 1075 4746 αὐτῷ,
1109 4676 1169 4727 τὸ
1197 4675 1255 4728 δὲ
1286 4674 1509 4745 βλέμμα
1540 4674 1663 4728 οὔτε
1696 4675 1788 4728 θυ-

201 4774 291 4844 μῷ
328 4770 769 4841 φοινισσόμενον,
801 4768 927 4821 οὔτε
978 4766 1370 4837 μαλακώτερον
1400 4769 1465 4836 τῇ
1505 4766 1787 4835 ὑγρότητι,

197 4866 321 4921 ἀλλ’
350 4864 603 4933 ἀνδρεῖον
632 4864 730 4915 καὶ
763 4862 937 4931 πρᾶον
989 4858 1162 4927 ὁμοῦ⁶
1218 4860 1253 4927 ἠ
1303 4859 1361 4911 δὲ
1406 4858 1566 4929 χροιὰ
1613 4859 1646 4929 ἡ
1696 4856 1791 4911 τοῦ

204 4958 471 5026 σώματος
509 4955 635 5008 οὔτε
681 4956 818 5025 πρὸς
851 4954 912 5006 τὸ
950 4950 1328 5022 μελανὼτερον
1366 4952 1789 5020 μετεσκεύαστο.

211 5050 281 5105 Ἦ
313 5050 376 5103 δὲ
409 5049 533 5118 θρὶξ
562 5048 747 5117 ἠρέμα
776 5063 893 5108 πως
920 5044 1314 5113 ὲπεκύμαινεν,
1349 5044 1405 5095 ὲν
1436 5044 1502 5112 τῇ
1544 5042 1794 5113 οὐλότητι

206 5140 574 5206 κυανίζουσα.
617 5139 680 5191 Δί
712 5137 768 5190 δὲ
800 5136 1026 5207 παρειαὶ
1086 5133 1210 5187 οὔτε
1246 5133 1484 5205 κατέρῤυ
1538 5131 1796 5203 [κατέρυ-

205 5232 388 5307 aput],
420 5229 757 5300 γυναικῶδες
800 5230 931 5298 γὰρ,
973 5226 1095 5280 οὔτε
1149 5226 1310 5280 πάλιν
1376 5224 1647 5308 ῶχρότητι
1697 5224 1795 5293 τὴν

207 5324 553 5397 εὐπρέπειαν
583 5320 1001 5388 ὲπεστὺγναξον.

282 5416 500 5477 καλλος
526 5412 783 5482 ὀξύτερον
811 5412 1105 5480 τιτρώσκει
1160 5409 1368 5480 βέλους,
1431 5420 1523 5461 και
1572 5408 1660 5463 διὰ
1688 5407 1795 5462 τῶν

206 5505 509 5580 ὀφθαλμῶν
536 5504 619 5569 εἰς
649 5502 746 5574 τὴν
773 5502 951 5573 ψυχὴν
983 5502 1272 5573 καταρρεῖ,

822 5594 1041 5648 ΛΟΓΟΣ
1075 5594 1197 5648 ΞΝ.

805 5686 945 5756 Περὶ
983 5684 1196 5755 δόξης.

287 5786 514 5858 Ζητεῖτε
548 5786 766 5851 πρῶτον
807 5780 906 5852 τὴν
943 5778 1220 5849 βασιλείαν
1242 5778 1339 5832 τοῦ
1382 5777 1516 5831 Θεοῦ
1578 5777 1672 5831 καὶ
1701 5777 1799 5849 τὴν

212 5877 577 5957 δικαιοσύνην
602 5872 795 5941 αὑτοῦ,
825 5871 928 5935 καὶ,
948 5869 1123 5935 ταῦτα
1151 5871 1332 5932 πάντα
1366 5869 1796 5935 προστεθήσεται

218 5974 375 6045 opis.
432 6028 435 6031 .

1897 4680 2076 4733 oculis
2111 4683 2373 4749 capreoli,
2425 4682 2545 4735 visu
2572 4695 2753 4735 autem
2789 4696 2965 4751 neque
3008 4683 3203 4737 minaci
3232 4694 3287 4738 et
3318 4685 3469 4740 rubi-

1896 4770 2099 4837 cundo,
2142 4787 2320 4839 neque
2354 4772 2579 4826 humido
2624 4783 2679 4826 et
2715 4774 2885 4838 molli,
2909 4774 3003 4827 sed
3035 4776 3179 4829 virili
3227 4778 3387 4831 simul
3414 4788 3467 4833 et

1896 4858 2013 4913 miti
2040 4874 2055 4913 :
2085 4862 2333 4929 corporis
2371 4860 2575 4923 colore,
2616 4877 2713 4915 nec
2743 4863 2961 4915 albebat
3005 4864 3255 4927 nimium.
3296 4880 3469 4934 neque

1898 4951 2228 5017 nigricabat.
2256 4952 2521 5006 Caesaries
2547 4967 2674 5005 vero
2698 4953 2911 5021 placide
2936 4953 3262 5022 ﬂuctuabat,
3290 4958 3468 5027 eripsa

1897 5052 1953 5098 et
1980 5042 2311 5099 subeterulei
2368 5043 2589 5096 coloris.
2621 5042 2870 5113 Denique
2892 5060 3064 5114 gente,
3088 5062 3265 5115 neque
3306 5051 3467 5104 rube-

1895 5134 2048 5200 bant,
2079 5134 2221 5201 quod
2246 5132 2509 5189 muliebre
2537 5141 2641 5201 est,
2678 5148 2853 5204 neque
2881 5136 3084 5205 pallore
3109 5147 3447 5194 venustatem

1896 5228 2283 5283 obfuscabant.

1968 5409 2274 5479 Leucippcs.
2328 5407 2691 5465 Pulcliritudo
2747 5411 2967 5465 acutius
3025 5410 3132 5466 telo
3190 5410 3464 5477 vulnerat,

1899 5512 1950 5558 et
1974 5517 2071 5572 per
2096 5502 2287 5558 oculos
2321 5501 2377 5555 in
2405 5500 2647 5556 animam
2683 5501 2898 5556 deﬂuit.

2320 5589 2555 5649 δΕιιιιο
2587 5590 2701 5646 1.x:
2751 5591 2849 5663 [αι.
2876 5589 3047 5669 cxi].

2537 5682 2611 5739 De
2640 5683 2836 5755 gloria.

1969 5775 2164 5829 Matth.
2194 5789 2270 5829 vn.
2298 5773 2536 5841 Qumrite
2570 5773 2807 5844 primum
2858 5785 3084 5842 regnum
3134 5769 3229 5828 Dei
3275 5782 3330 5831 et
3383 5774 3470 5845 ju-

1903 5868 2103 5925 stitiam
2128 5867 2272 5939 ejus,
2296 5876 2349 5923 et
2376 5868 2489 5922 haec
2520 5864 2715 5937 omnia
2752 5862 3080 5931 adjicientur
3112 5865 3289 5921 vobis.
