3928 6562
485 455 592 522 963

1719 452 2037 514 ANTUNH
2082 452 2428 514 MELISSAE

3614 447 3706 507 θοι

556 565 712 620 Rom.
737 579 850 620 vut.
885 563 1002 620 Non
1031 564 1413 634 comparandae
1436 573 1560 620 sunt
1581 563 1902 618 aﬂlictiones
1930 576 2069 630 prae-

2245 566 2361 618 Ούκ
2404 562 2529 628 ἄξια
2559 562 2626 615 τὰ
2658 559 2956 630 παθήματα
2992 557 3080 612 τοῦ
3113 555 3209 609 νῦν
3242 554 3436 623 καιροῦ
3470 551 3596 624 πρὸς
3624 556 3706 624 τὴν

377 693 382 697 -
489 656 665 716 sentis
696 657 956 728 temporis
989 672 1114 714 cum
1147 657 1318 728 gloria
1369 655 1548 712 futura
1577 672 1698 726 quae
1737 655 2067 709 revelabitur

490 749 668 806 nobis.

562 843 723 901 Prov.
744 859 802 898 ιιι
831 841 1114 912 Sapientes
1135 839 1361 909 gloriam
1385 836 1757 908 possidebunt,
1786 833 1938 907 impii
1970 847 2066 889 au-

494 947 604 990 tent
629 938 756 991 dum
801 935 1112 990 evehuntur
1143 933 1500 1000 ignominiam
1535 930 1850 1001 acquirunt.

565 1027 726 1082 Prov.
762 1041 873 1081 χχι.
925 1023 1018 1078 Via
1058 1023 1282 1094 justitite
1327 1031 1380 1076 et
1408 1020 1796 1076 misericordiae
1829 1019 2067 1074 inveniet

496 1121 663 1174 vitam
699 1129 752 1174 et
793 1118 1043 1189 gloriam.

569 1209 923 1281 Sapientibus
974 1207 1130 1264 adest
1182 1208 1353 1264 timor
1402 1204 1621 1262 Domini
1665 1214 1721 1260 et
1773 1203 1976 1259 divitia:
2014 1215 2068 1258 ct

496 1305 668 1375 gloria
692 1311 749 1357 el
782 1303 915 1355 vita.

567 1395 732 1448 Eccli.
764 1409 863 1448 νη.
887 1391 965 1448 Ne
993 1392 1255 1448 ridiculus
1285 1391 1383 1446 ﬁas
1408 1390 1464 1444 in
1507 1387 1676 1459 gloria
1706 1396 1820 1452 tua,
1851 1397 1906 1442 et
1936 1397 2069 1441 tem-

495 1502 628 1557 pore
654 1487 836 1559 gloria:
866 1503 932 1541 ne
962 1485 1260 1541 extollaris.

567 1578 644 1633 Ne
702 1589 853 1648 petas
901 1579 1266 1648 principatum
1328 1589 1356 1628 a
1416 1573 1666 1635 domino,
1705 1585 1805 1625 nec
1865 1585 1893 1624 a
1947 1585 2071 1640 rege

496 1669 693 1725 solium
729 1670 935 1739 gloriae.

566 1760 721 1815 Multi
777 1768 1030 1831 potentes
1069 1774 1265 1830 magna
1327 1757 1626 1828 ignominia
1685 1755 1866 1812 aﬂecti
1917 1760 2068 1817 sunt,

498 1860 550 1903 et
574 1849 798 1917 gloriosi
835 1850 888 1902 in
928 1864 1117 1904 manus
1142 1849 1374 1904 aliorum
1409 1848 1592 1902 traditi
1623 1847 1772 1903 sunt.

573 1940 718 1995 Ibid.
755 1957 828 1995 rx.
862 1940 940 1995 Ne
967 1940 1243 1994 aemuleris
1276 1937 1507 2008 gloriam
1553 1947 1928 2007 peccatorum.

574 2032 721 2087 Ibid.
749 2051 819 2088 tv.
857 2033 1091 2101 Magnati
1122 2031 1349 2085 humilia
1382 2039 1544 2100 caput
1575 2041 1750 2087 tuum.

580 2124 725 2178 Ibid.
764 2139 885 2178 vttt.
917 2123 997 2178 Ne
1043 2121 1343 2177 contendas
1392 2137 1518 2176 eum
1569 2122 1798 2179 homine
1829 2132 2066 2194 potente,

503 2234 574 2275 ne
604 2217 820 2288 quando
853 2217 1062 2270 incidas
1101 2219 1155 2270 iu
1183 2230 1377 2270 manus
1401 2215 1543 2285 ejus.

577 2311 716 2366 Cum
763 2318 814 2362 te
839 2316 1039 2376 potens
1071 2305 1270 2374 aliquis
1307 2306 1373 2360 ad
1417 2321 1478 2362 se
1527 2315 1708 2372 vocat,
1753 2306 1956 2372 cedite,
2019 2319 2074 2362 et

504 2413 637 2458 tunc
677 2398 914 2454 maxime
948 2409 998 2455 te
1026 2399 1264 2455 vocabit.

573 2491 694 2547 Noli
727 2499 780 2546 te
811 2504 994 2560 parem
1017 2488 1201 2545 facere
1233 2487 1584 2559 magnatibus
1619 2491 1672 2543 in
1702 2488 1880 2544 medio
1921 2488 2076 2558 ipson

501 2601 650 2642 rum.

558 2676 642 2738 'S.
676 2681 888 2737 Basilii.
929 2679 987 2734 Si
1021 2679 1250 2749 gloriam
1276 2684 1501 2748 quaeris,
1551 2688 1601 2733 et
1641 2679 1795 2748 cupis
1829 2681 2081 2749 superior

502 2772 692 2828 multis
721 2771 918 2835 videri,
947 2780 1001 2826 et
1029 2771 1084 2824 in
1111 2771 1277 2824 rebus
1304 2767 1600 2824 mundanis
1623 2769 1808 2825 clarus
1833 2771 1974 2836 fieri,
2005 2773 2080 2828 sis

501 2867 706 2935 justus,
760 2872 1088 2931 temperans,
1131 2861 1391 2930 prudens,
1440 2860 1622 2926 fortis,
1657 2870 1715 2916 et
1761 2863 1975 2933 patiens
2025 2864 2078 2918 itt

507 2954 672 3025 106
691 2953 938 3009 adversis
967 2966 1064 3022 pro
1093 2951 1356 3022 religione
1380 2951 1768 3021 suscipiendis.
1811 2953 1903 3008 Sic
1929 2955 2076 3009 enim

496 3054 560 3101 et
589 3047 822 3114 teipsunt
869 3042 1139 3106 servabis,
1163 3050 1218 3096 et
1252 3055 1348 3110 per
1383 3041 1590 3111 majora
1639 3041 1780 3098 hora
1823 3044 2082 3114 majorem

502 3134 732 3204 adeptus
760 3133 867 3189 eris
891 3133 1261 3202 splendorem.

577 3225 871 3280 Pnesidem
899 3223 1231 3280 conditionis
1247 3238 1360 3280 suae
1381 3225 1618 3295 dignitas
1646 3238 1712 3279 ne
1743 3223 1986 3285 extollat,
2015 3238 2081 3278 ne

502 3319 721 3374 excidat
769 3317 1123 3372 beatitudinis
1154 3317 1425 3387 praeconio
1452 3315 1742 3370 humilitati
1774 3315 2080 3385 proposito.

579 3409 854 3478 Ejusdem.
919 3408 1156 3462 Debebat
1202 3408 1368 3463 homo
1422 3406 1478 3462 in
1529 3407 1701 3476 gl‘oria
1747 3421 1870 3476 quae
1913 3419 2082 3476 penes

506 3498 680 3555 Deum
713 3509 797 3554 est
828 3514 1066 3564 manere,
1103 3508 1156 3553 et
1183 3499 1263 3554 sic
1312 3513 1421 3553 non
1463 3498 1644 3553 [ictam
1677 3499 2078 3564 celsitudinem,

507 3593 605 3647 sed
632 3605 841 3654 veram,
883 3589 976 3644 Dei
1005 3588 1246 3659 potentia
1275 3599 1582 3658 promotus,
1619 3589 1904 3646 habuisset
1934 3607 1948 3642 :
1988 3591 2084 3645 sed

511 3683 775 3754 quoniam
806 3681 1006 3736 divinae
1030 3680 1216 3751 gloria:
1247 3680 1581 3736 desiderium
1607 3682 1878 3754 deposuit,
1914 3682 2087 3751 majo-

512 3789 628 3830 rem
665 3783 1014 3842 exspectans,
1049 3780 1102 3826 et
1134 3773 1278 3841 quod
1312 3773 1532 3842 assequi
1562 3788 1670 3828 non
1701 3783 1917 3845 poterat
1941 3774 2086 3830 desii-

506 3866 734 3927 derans,
767 3864 818 3916 id
848 3864 1014 3917 etiam
1053 3863 1292 3931 perdidit
1321 3864 1462 3932 quod
1501 3863 1704 3919 habere
1729 3874 1962 3934 poterat.

584 3949 862 4019 Ejusdem.
905 3949 1040 4005 Volo
1070 3950 1164 4003 tibi
1215 3949 1592 4008 vehementius
1641 3951 1807 4008 inseri
1849 3955 2088 4010 admira-

1935 2017 1942 2056 δ

510 4043 718 4096 tionem
761 4040 1080 4095 ereationis.
1118 4038 1363 4096 Primum
1414 4042 1580 4112 igitur
1613 4058 1738 4100 eum
1781 4045 1930 4100 vides
1964 4046 2088 4100 her-

509 4135 638 4189 bam
673 4133 935 4204 graminis
965 4141 1018 4188 et
1051 4131 1268 4200 ﬂorem,
1298 4133 1365 4188 ad
1399 4135 1650 4190 humana:
1675 4145 1882 4192 natura:
1911 4139 2089 4193 consi-

511 4224 858 4281 derationem
910 4233 962 4280 te
1016 4237 1612 4294 convertas,'memor
1659 4231 2088 4299 comparationis

511 4317 660 4388 apud
705 4317 1007 4387 sapientem
1050 4317 1277 4385 Isaiam,
1308 4319 1454 4388 quod
1505 4321 1694 4376 omnis
1731 4337 1860 4375 caro
1903 4323 2085 4377 fenum

516 4412 609 4477 sit,
657 4420 712 4466 et
751 4411 931 4465 omnis
986 4411 1158 4481 gloria
1199 4411 1438 4466 hominis
1490 4421 1751 4482 tanquam
1804 4414 1904 4468 llos
1954 4414 2084 4470 feni.

517 4501 653 4556 Nam
707 4503 872 4571 hujus
924 4501 1048 4555 vitae
1098 4502 1358 4565 brevitas,
1415 4509 1469 4554 et
1516 4511 1626 4555 tam
1659 4503 1809 4558 brevi
1846 4517 2088 4575 tempore

2175 656 2479 726 μέλλουσαν
2513 653 2669 718 δόξαν
2699 650 3154 719 ἀποκαλυφθῆναι
3177 651 3256 711 είς
3285 648 3454 718 ἡμᾶς.

2245 832 2414 898 Δόξαν
2451 832 2602 898 σοφοὶ
2631 830 3126 900 κληρονομήσουσι,
3173 830 3222 881 oi
3265 827 3325 879 δὲ
3353 825 3562 889 ἀσεϐεῖς
3590 825 3714 895 minii-

2175 937 2363 977 σουσιν
2393 924 2640 992 ἀτιμίαν.

2263 1016 2417 1082 Ὀδὸς
2443 1016 2796 1086 δικαιοσύνης
2831 1016 2924 1070 καὶ
2953 1014 3328 1085 ἐλεημοσύνης
3351 1009 3716 1081 εύρῆσει,ζωῆν

2176 1113 2268 1168 καὶ⁸
2294 1111 2472 1178 δόξαν.

2244 1205 2415 1274 Γενεᾷ
2447 1203 2586 1274 σοφῇ
2621 1198 2788 1271 φόϐος
2828 1201 3053 1272 Κυρίου,
3084 1201 3176 1255 καὶ
3211 1199 3464 1264 πλοῦτος,
3487 1200 3575 1252 καὶ
3596 1199 3712 1265 ὤεα,

2175 1297 2269 1350 καὶ
2307 1295 2442 1364 ζωή.

2245 1387 2338 1458 Μὴ
2365 1388 2455 1450 δὸς
2484 1386 2674 1456 μῶμον
2721 1387 2779 1442 ὲν
2812 1390 2880 1458 τῇ
2907 1386 3035 1459 δόξῃ
3067 1403 3182 1449 σου,
3219 1385 3314 1439 καὶ
3357 1384 3417 1436 ὲν
3446 1383 3616 1453 ἡμέρᾳ
3649 1383 3715 1436 δό-

2176 1481 2274 1548 ξης
2310 1479 2385 1549 μὴ
2419 1477 2670 1549 ὲπαίρου.

2247 1572 2340 1642 Μὴ
2397 1569 2547 1640 ζήτει
2587 1571 2737 1640 παρὰ
2794 1573 2985 1640 κυρίου
3039 1570 3360 1640 ἡγεμονίαν,
3418 1567 3549 1637 μηδὲ
3595 1568 3713 1636 παρὰ

2180 1662 2444 1733 βασιλέως
2469 1663 2738 1732 καθέδραν
2766 1661 2948 1733 δόξης.
3087 1677 3090 1679 ‘

2254 1755 2445 1808 Ilo).ch
2478 1757 2736 1810 δυνάσται
2781 1756 3167 1825 ἡτιμάσθησαν
3212 1755 3446 1822 σφόδρα,
3493 1753 3578 1806 καὶ
3605 1752 3714 1804 ἔνδο-

2181 1846 2260 1912 ξοι
2292 1848 2665 1918 παρεδόθησαν
2699 1849 2782 1911 είς
2817 1850 3006 1920 χεῖρας
3032 1850 3258 1918 ἑτέρων.

2109 1921 2148 1977 Β
2249 1939 2340 2008 Μὴ
2370 1937 2636 2008 ζηλώσεις
2665 1939 2826 2006 δόξαν
2853 1939 3220 2010 ἁμαρτωλῶν.

2250 2031 2552 2100 Μεγιστᾶνι
2581 2031 2840 2086 ταπείνου
2875 2033 2976 2102 τὴν
3009 2032 3253 2102 κεφαλήν
3285 2050 3400 2086 σου.

2257 2124 2349 2195 Μὴ
2393 2125 2662 2195 διαμάχου
2699 2123 2840 2194 μετὰ
2877 2121 3166 2193 ἀνθρώπου
3199 2124 3489 2188 δυνάστου,
3523 2125 3588 2194 μή
3614 2141 3716 2178 ποτε

2178 2219 2426 2290 ὲμπέσῃς
2462 2219 2542 2279 εἰς
2570 2219 2671 2281 τὰς
2704 2221 2894 2288 χεῖρας
2925 2218 3114 2271 αὐτοῦ.

2250 2310 2742 2382 Προσκα).ουμένου
2793 2327 2852 2362 σε
2905 2310 3168 2364 δυνάστου
3219 2311 3531 2381 ὑποχωρῶν
3577 2311 3715 2378 γίνου,

2181 2403 2276 2456 καὶ
2303 2401 2425 2455 τότε
2459 2401 2693 2472 μάλιστα
2728 2401 3191 2471 προσκαλέσεται.

2263 2494 2352 2546 Ἐν
2381 2493 2533 2562 μέσῳ
2570 2491 2915 2562 μεγιστάνων
2952 2492 3030 2562 μὴ
3058 2491 3334 2558 ὲξισάςου.

2252 2670 2317 2724 Ei
2343 2668 2500 2739 δόξης
2528 2667 2838 2737 ἐπιθυμεῖς,
2869 2666 2964 2720 καὶ
2993 2663 3175 2734 βούλει
3205 2666 3314 2718 τῶν
3343 2665 3557 2718 πολλῶν
3588 2667 3722 2732 6:23p-

2184 2763 2493 2826 σαίνεσθαι,
2519 2761 2611 2816 καὶ
2638 2761 2928 2828 εὐδόκιμος
2959 2761 3016 2810 ὲν
3042 2763 3154 2821 τοῖς
3189 2760 3469 2827 κοσμικοίς
3499 2759 3722 2828 πράγμαο

2186 2874 2240 2909 σι
2288 2855 2561 2923 γίνεσθαι,
2615 2855 2706 2906 εσο
2758 2852 2984 2915 δίκαιος,
3035 2851 3290 2922 σώφρων,
3337 2852 3619 2920 φρόνιμος,
3651 2852 3721 2901 ἁν-

2185 2944 2381 3013 δρεῖος,
2409 2941 2814 3012 ὑπομονητικδς
2846 2941 2904 2993 ἐν
2935 2943 3049 3004 τοῖς
3089 2942 3230 3013 ὑπὲρ
3262 2943 3543 3003 εύσεὸείας
3577 2939 3722 3006 παθή-

2191 3053 2376 3106 μασιν.
2433 3034 2592 3088 Οὕτω
2646 3034 2756 3104 γὰρ
2816 3035 2913 3088 καὶ
2969 3035 3196 3088 σεαυτὸν
3254 3041 3469 3103 σώσεις,
3520 3040 3607 3091 καὶ
3652 3039 3722 3090 ἐπί

2191 3127 2436 3197 μείζοσιν
2461 3126 2685 3195 ἀγαθοῖς
2723 3125 2941 3196 μείζονα
2973 3127 3113 3193 ἕξεις
3155 3127 3254 3198 τὴν
3287 3129 3650 3198 περιφάνειαν.

2264 3217 2368 3271 Τὸν
2398 3217 2720 3288 προεστῶτα
2754 3215 2829 3287 μὴ
2874 3219 3149 3287 ἑπαιρέτω
3188 3219 3248 3271 τὸ
3295 3220 3532 3289 ἀξίωμα,
3566 3221 3639 3274 ἵνα
3665 3220 3722 3290 μὴ

2189 3309 2400 3382 ἐκπέσῃ
2430 3307 2526 3362 τοῦ
2557 3309 2913 3378 μακαρισμοῦ
2944 3309 3045 3379 τῆς
3072 3313 3594 3381 ταπεινοφροσύνης.

2265 3402 2518 3471 Ὠφειλεν
2553 3401 2838 3470 ἄνθρωπος
2862 3403 2920 3452 ἓν
2947 3403 3012 3471 τῇ
3045 3401 3192 3470 παρὰ
3216 3400 3337 3469 Θεῷ
3363 3401 3490 3471 δόξῃ
3525 3417 3722 3470 μεμενη-

2189 3495 2363 3558 κέναι,
2407 3495 2504 3546 καὶ
2528 3490 2673 3563 εἶχεν
2702 3495 2768 3547 ἂν
2798 3493 2936 3562 ὕψος
2959 3494 3058 3547 οὐκ
3090 3494 3444 3560 ἐπίπλαστον,
3485 3494 3595 3548 ἀλλ’
3621 3492 3722 3562 ἀληο

2187 3585 2358 3648 θινδν,
2388 3584 2620 3654 δυνάμει
2651 3582 2786 3638 Θεοῦ
2815 3583 3270 3655 μεγαλυνόμενος.
3313 3586 3533 3652 Ἐπειδὴ
3570 3589 3620 3641 δὲ
3648 3585 3722 3654 τὴν

2186 3678 2288 3748 τῆς
2331 3678 2484 3742 θείας
2533 3678 2692 3750 δόξης
2733 3679 3028 3750 ἐπιθυμίαν
3081 3681 3351 3752 μετέθηκε
3399 3684 3492 3735 καὶ
3541 3680 3723 3751 μείζονα

2188 3772 2568 3844 προσδοκήσας
2595 3813 2612 3840 ,
2674 3774 2919 3837 σπεύσας
2949 3775 3088 3844 ὅπερ
3137 3776 3240 3829 οὐκ
3272 3775 3506 3846 ἠδύνατο
3553 3775 3720 3833 λαϐεῖν,

2187 3863 2472 3918 ἀπώλεσεν
2505 3865 2643 3931 ὅπερ
2677 3866 2822 3936 ἔχειν
2851 3867 3128 3936 ⁴Ιχδύνατοκ

2262 3956 2536 4026 Βούλομαι
2581 3972 2665 4011 σοι
2713 3960 3074 4030 σφοδρότερον
3103 3960 3204 4030 τῆς
3255 3963 3485 4024 κτίσεως
3517 3961 3722 4030 tergm.

2191 4045 2350 4113 θῆναι
2384 4046 2444 4099 τὸ
2475 4048 2680 4118 θαῦμα.
2715 4049 2940 4120 Πρῶτον
2973 4051 3072 4120 μὲν
3099 4048 3194 4105 οὖν
3227 4053 3356 4106 ὅταν
3393 4054 3510 4126 ίδῃς
3535 4053 3722 4123 βοτάνην

2189 4138 2383 4206 χόρτου
2417 4131 2515 4192 καῖ
2543 4139 2722 4206 ἄνθος,
2753 4143 2833 4204 είς
2865 4141 3074 4194 ἔννοιαν
3099 4142 3260 4214 ἔρχου
3293 4144 3392 4210 τῆς
3416 4144 3722 4213 ἀνθρωπίνης

2191 4228 2429 4296 φύσεως,
2462 4232 2811 4299 μεμνημένος
2833 4233 2927 4300 τῆς
2961 4234 3170 4298 είκόνος
3195 4233 3288 4287 τοῦ
3317 4236 3482 4304 σοφοῦ
3517 4233 3721 4297 Ἡσαΐου,

2190 4319 2272 4372 ὅτι
2305 4339 2322 4370 t
2368 4321 2522 4374 Πᾶσα
2559 4321 2697 4391 σὰρξ
2736 4324 2950 4393 χόρτος,
2985 4326 3079 4377 καὶ
3123 4327 3273 4378 πᾶσα
3317 4327 3447 4392 δόξα
3475 4327 3720 4397 ἀνθρώπου

2191 4407 2266 4472 ὡς
2299 4409 2459 4472 ἄνθος
2505 4413 2724 4480 χόρτου.
2765 4431 2783 4465 ι
2819 4414 2890 4465 Τὸ
2915 4417 3025 4484 γάρ
3059 4416 3430 4486 ὀλιγοχρόνιον
3464 4421 3552 4488 τῆς
3583 4419 3718 4484 ζωῆς,

2195 4502 2290 4553 καὶ
2330 4500 2393 4554 τὸ
2424 4503 2481 4554 ὲν
2513 4501 2688 4573 ὀλίγῳ·
2709 4506 3008 4575 περιχαρὲς
3042 4509 3137 4560 καὶ
3185 4509 3371 4580 ἱλαρὸν
3415 4513 3512 4582 τῆς
3548 4510 3721 4576 ἀνθρωο

517 4593 732 4647 durans
787 4594 1038 4646 humana:
1097 4591 1376 4646 felicitatis
1434 4591 1619 4645 hetitia
1687 4601 1741 4646 et
1801 4594 2081 4662 hilaritas,

2194 4597 2357 4664 πίνης
2397 4595 2724 4667 εὐημερίας,
2765 4601 3153 4670 καιριιυτάτης
3187 4603 3340 4672 παρὰ
3387 4602 3466 4672 τῷ
3509 4601 3718 4672 “pawn

518 4683 803 4751 aptissime
826 4697 856 4735 a
875 4683 1141 4750 pr0plteta
1162 4681 1217 4735 in
1239 4682 1378 4735 hanc
1401 4681 1812 4738 similitudinem
1833 4687 2084 4743 trahitur.

520 4773 603 4828 En
658 4771 858 4840 aliquis
908 4771 1085 4825 ﬂoridi
1131 4773 1378 4840 corporis
1431 4772 1621 4840 hodie,
1664 4783 1717 4828 et
1748 4790 1858 4844 prae
1879 4775 2088 4832 deliciis

517 4873 830 4927 carnosus,
890 4861 1120 4930 pulchro
1170 4861 1354 4917 colore
1407 4863 1632 4928 nitidus,
1677 4868 1852 4920 aetatis
1906 4871 2088 4939 vigore

515 4961 760 5021 vegetus,
803 4964 1070 5005 nervosus
1110 4959 1163 5004 et
1207 4951 1574 5019 praevalidus,
1633 4953 1722 5008 hic
1776 4955 1916 5010 idem
1971 4973 2090 5013 cras

518 5039 847 5097 miserabilis
879 5051 983 5109 est,
1020 5043 1102 5096 vel
1147 5050 1392 5112 tempore
1421 5044 1752 5113 tabefactus,
1777 5049 1858 5102 vel
1899 5049 2090 5104 morbo

518 5133 840 5188 dissolutus.
872 5135 1030 5188 Alius
1061 5135 1358 5204 praeclarus
1398 5144 1482 5190 est
1507 5139 1757 5206 pecuniis
1785 5147 1838 5194 et
1866 5140 2086 5210 opibus,

519 5225 690 5279 ambit
727 5241 854 5280 eum
891 5227 1239 5282 adulatorum
1308 5229 1465 5282 turba
1493 5268 1508 5293 ,
1557 5231 1890 5286 comitantur
1927 5236 2088 5290 amici

518 5318 630 5372 ﬁcti
659 5326 714 5373 et
759 5319 843 5374 sui
905 5319 1144 5387 ipsorum
1185 5321 1356 5391 gratia
1388 5322 1630 5376 colentes
1660 5323 1860 5392 ipsum,
1889 5328 2090 5380 adsunt

519 5409 736 5480 cognati
768 5410 987 5479 plurimi
1017 5420 1071 5465 et
1098 5411 1148 5465 lti
1179 5425 1400 5481 quoque
1441 5413 1699 5480 simulati,
1734 5415 1966 5485 denique
2004 5418 2088 5471 in-

519 5499 668 5553 liuita
706 5508 792 5553 est
834 5509 1049 5553 caterva
1090 5505 1206 5554 sive
1237 5504 1414 5555 victus
1439 5503 1560 5556 sive
1585 5503 1808 5558 alterius
1845 5505 2090 5561 utilitatis

517 5589 686 5660 gratia
726 5589 774 5644 ei
811 5591 1205 5645 adlmrentiutu
1235 5633 1248 5655 ,
1277 5593 1537 5662 quosille
1572 5605 1625 5648 et
1662 5599 2000 5663 procedendo
2035 5599 2087 5654 iu

516 5681 795 5751 publicum
826 5691 882 5736 et
929 5683 1207 5738 redeundo
1246 5697 1432 5738 secum
1495 5686 1744 5753 trahens,
1783 5688 2088 5747 invidiosus

517 5782 603 5826 est
629 5773 830 5827 obviis.
866 5771 1021 5828 Vides
1038 5783 1306 5843 prmterea
1334 5775 1546 5831 divitiis
1574 5780 1839 5835 accedere
1867 5783 2084 5838 civilem

517 5861 807 5929 quemdam
838 5865 1161 5933 potentiam,
1189 5868 1484 5923 autetiam
1512 5869 1765 5940 honores
1798 5887 1827 5928 a
1868 5874 2087 5943 regibus

2192 4683 2460 4754 τετύχηκε
2495 4684 2591 4754 τῆς
2621 4685 2852 4750 είκόνος.
2882 4689 3130 4760 Σήμερον
3160 4692 3396 4765 εὐθαλὴς
3426 4696 3500 4763 τῷ
3524 4694 3717 4756 σώματι.

2193 4780 2765 4848 κατασεσαρκωμένος
2813 4780 2919 4833 ὑπὸ
2947 4783 3184 4852 τρυφῆς,
3238 4786 3571 4839 ἐπανθοῦσαν
3608 4787 3718 4852 ἔχων

2191 4867 2291 4936 τὴν
2341 4867 2619 4938 εύχροιαν,
2672 4870 2779 4923 ύπδ
2831 4873 2926 4940 τῆς
2975 4875 3116 4927 κατά
3165 4876 3262 4946 τὴν
3315 4877 3526 4946 ἠλικίαν
3571 4873 3719 4942 ἀκμῆς

2193 4961 2445 5030 σφριγῶν
2479 4962 2570 5014 καὶ
2597 4963 2869 5029 σύντονος,
2903 4966 2996 5017 καὶ
3025 4968 3400 5032 ἀνυπόστατος
3426 4969 3520 5040 τὴν
3542 4967 3717 5038 ὁρμήν.

2192 5050 2382 5120 αὔριον
2427 5055 2455 5104 ὁ
2503 5054 2666 5116 αὐτὸς
2713 5047 2868 5118 οὗτος
2930 5057 3187 5125 ἐλεεινὸς,
3217 5061 3295 5129 τῷ
3333 5063 3514 5132 χρόνῳ⁴
3553 5074 3720 5130 μῖρανο

2194 5142 2330 5204 θεὶς.
2364 5143 2396 5213 ἢ
2433 5143 2572 5213 νόσῳ
2628 5145 2920 5210 διαλυθείς.
2961 5149 3018 5201 ’0
3067 5150 3216 5203 δεῖνα
3262 5153 3609 5222 περίϐλεπτος
3647 5152 3718 5202 ἐπὶ

2193 5233 2492 5302 χρημάτων
2523 5237 2815 5308 περιουσίᾳ
2867 5241 2959 5291 καὶ
3011 5241 3214 5311 πλῆθος
3246 5246 3375 5312 περὶ
3410 5245 3560 5298 αὑτὸν
3590 5242 3717 5296 stoici-

2194 5342 2326 5389 κων,
2361 5327 2661 5396 δορυφορία
2697 5327 2867 5395 φίλων
2915 5334 3312 5403 προσποιητῶν
3353 5339 3450 5408 τὴν
3482 5337 3562 5390 ἐπ’
3587 5332 3716 5388 αὑτοῦ

2191 5419 2351 5487 χάριν
2380 5415 2814 5487 θεραπευόντων,
2849 5419 3053 5489 πλῆθος
3087 5429 3409 5495 συγγενείας
3444 5437 3528 5482 καὶ
3549 5428 3714 5490 ταύτης

2192 5511 2798 5581 κατεσχηματισμὲνης,
2831 5513 2994 5581 ὲσμὶς
3031 5517 3141 5569 τῶν
3180 5521 3528 5590 ἑφεπομένων
3557 5519 3712 5589 μυρὶτς

2191 5599 2300 5652 τῶν
2333 5618 2391 5652 τε
2428 5600 2726 5666 ἐπισιτίων,
2777 5607 2870 5655 καὶ
2904 5608 3012 5658 τῶν
3041 5609 3181 5662 κατὰ
3225 5613 3325 5675 τὰς
3359 5614 3520 5677 ἄλλας
3561 5611 3713 5681 χρείας
3746 5616 3762 5631 ⁵

2193 5691 2341 5763 αύτῷ
2378 5691 2873 5761 προσεδρεύοντων,
2911 5697 3005 5761 οὓς
3050 5700 3144 5754 καὶ
3191 5707 3421 5772 προῖὼν,
3469 5706 3552 5759 καὶ
3585 5705 3714 5756 πάλιν

2193 5782 2435 5835 ἐπανιὼν
2461 5785 2854 5854 ἐπισυρόμενος
2886 5789 3175 5858 ἐπίφθονός
3219 5798 3372 5849 ἐστιν
3417 5800 3519 5860 τοῖς
3561 5798 3713 5859 ivtur-

2193 5875 2469 5946 χάνουσιν.
2497 5874 2646 5944 Πρὸς
2685 5875 2742 5930 δὲ
2773 5877 2850 5950 τῷ
2881 5881 3094 5955 πλούτῳ
3126 5885 3307 5957 εὕροις
3355 5889 3446 5941 καὶ
3476 5884 3713 5950 πολιτικῇ
