3928 6558
139 441 254 507 96$

962 442 1131 501 LOCI
1185 442 1627 505 COMMUNES.
1662 469 1731 480 --
1774 446 1970 506 PARS
2009 447 2059 506 Ι.
2098 445 2352 505 SERMO
2382 445 2535 505 LXI.

3296 444 3401 506 9G6

131 572 260 609 τινα
291 554 635 615 δυναστείαν,
671 554 703 621 ἢ
730 553 823 605 καὶ
853 554 950 617 τὰς
976 555 1035 605 ὲκ
1064 552 1327 621 βασιλέων
1350 556 1510 623 τιμὰς
1540 555 1710 609 ἐθνῶν
1741 567 1786 623 Α

1877 556 2077 619 inferri,
2130 557 2533 627 provinciarum
2563 570 2773 621 curam,
2810 556 3097 625 imperium
3140 556 3401 613 militare.

135 647 465 714 ἐπιμέλειαν
524 646 555 717 ἦ
630 648 725 699 καὶ
789 646 1169 716 στρατοπέδων
1223 646 1561 714 ἠγεμονίαν,
1624 647 1722 700 καὶ

1877 665 2123 704 ἀξοοιιοηι
2150 651 2257 703 alta
2306 664 2437 703 voce
2479 649 2910 715 antecedentem,
2938 650 3195 704 satellites
3228 652 3397 703 ttlrin-

134 741 233 792 τὸν
256 741 481 809 κήρυκα
526 743 670 807 μέγα
701 739 913 810 βοῶντα
959 738 1218 809 προϊόντα
1248 738 1355 807 πρὸ
1381 739 1566 804 αὑτοῦ,
1594 739 1722 803 τοὺς

1825 756 1932 810 que
1990 741 2375 810 gravissimum
2437 750 2699 795 terrorem
2782 741 3108 795 incutientes
3147 742 3403 802 subditis.

139 833 513 902 ῥαϐδοφόρους
540 834 695 885 ἐνθεν
722 833 814 885 καὶ
857 832 1008 884 ἐνθεν
1039 829 1351 900 βαρυτάτην
1381 829 1723 897 κατάπληξιν

1877 831 2078 894 :rbera,
2105 830 2346 894 vincula,
2374 830 2753 895 abductiones,
2780 845 3049 894 carceres,
3076 830 3217 882 unde
3242 831 3406 883 timor

135 925 253 985 τοῖς
287 922 619 993 ἀρχομένοις
664 922 1060 989 ἐμόάλλοντας,
1094 920 1193 982 τὰς
1240 920 1476 989 πληγὰς,
1510 920 1608 983 τὰς
1643 922 1728 974 δε-

140 1014 436 1083 σμεύσεις,
472 1015 792 1081 ὲπαγωγάς,
824 1015 892 1066 τά
928 1013 1298 1082 δεσμωτήρια.
1327 1013 1386 1076 ἐξ
1411 1005 1486 1067 ὧν
1516 1012 1727 1083 ἀφόρη-

139 1123 236 1168 τος
290 1107 321 1159 ὁ
362 1106 511 1175 παρὰ
561 1105 669 1157 τῶν
721 1102 1049 1174 ὑποχειρίων
1099 1102 1512 1171 συναθροίζεται
1543 1102 1732 1170 φόϐος.

142 1197 259 1251 Καὶ
288 1198 344 1251 τί
384 1197 520 1266 μετᾶ
548 1196 748 1262 τοῦτο;
784 1195 900 1249 Μία
931 1195 1049 1261 νὺξ,
1082 1195 1115 1266 ἢ
1154 1194 1387 1265 πυρετὸς
1427 1194 1460 1265 ἢ
1513 1195 1736 1265 πλευρῖ-

1829 921 2170 975 subditorum
2204 922 2562 978 intolerabilis
2596 924 2674 976 fit.
2711 923 2813 977 Sed
2844 923 2972 992 quid
3024 924 3248 990 postea?
3287 920 3407 975 Una

1837 1029 1947 1067 nox
1995 1023 2051 1067 et
2107 1013 2294 1079 febris,
2331 1024 2422 1069 aut
2471 1022 2750 1070 costarum
2804 1023 2896 1069 aut
2946 1013 3218 1084 pulmonis
3252 1026 3408 1066 acuta

1840 1106 2130 1177 mgritu‘do,
2181 1122 2246 1160 ex
2297 1107 2437 1161 vivis
2483 1117 2701 1175 raptum
2750 1107 3025 1161 hominem
3071 1105 3270 1159 aufert.
3318 1102 3413 1157 Sic.

1843 1206 1952 1251 tota
2006 1197 2153 1253 illius
2198 1213 2361 1252 scena
2402 1198 2585 1253 subito
2628 1199 2967 1263 deuudatur,
3008 1208 3065 1253 et
3115 1197 3284 1265 gloria
3322 1197 3413 1252 illa

141 1308 253 1353 τις,
302 1290 336 1359 ἢ
395 1291 862 1358 περιπνευμονία,
921 1288 1271 1358 ἀνάρπαστον
1318 1288 1377 1353 ἐξ
1432 1286 1734 1357 ἀνθρώπων

1877 1305 2101 1359 inquam
2136 1292 2409 1346 somnium
2462 1293 2762 1347 evanescit.
2799 1291 3094 1347 Commode
3147 1291 3313 1358 igitur
3358 1303 3414 1343 et.

143 1384 449 1449 ἁπᾱτουσα
480 1382 573 1433 τὸν
622 1380 933 1448 ἄνθρωπον,
968 1380 1202 1448 οἴχεται,
1250 1380 1433 1431 πᾶσαν
1464 1377 1560 1447 τὴν
1612 1377 1733 1430 κατ’

1838 1396 1965 1436 vere
2017 1381 2393 1436 infirmissimo
2422 1380 2549 1436 ﬂori
2584 1382 2875 1435 humanam
2925 1381 3153 1450 gloriam
3187 1396 3417 1448 compa-

143 1475 329 1541 αύτὴν
364 1475 565 1543 σκευὴν
595 1475 851 1543 ἐξαπίνης
883 1471 1355 1540 ἁπογυμνώσασα,
1378 1471 1470 1523 καὶ
1520 1473 1553 1539 ἡ
1605 1469 1731 1535 δόξα

1877 1473 1979 1525 avit
2008 1475 2294 1541 propheta.
2334 1508 2343 1513 ς

142 1568 364 1637 ἐκείνῖι,
403 1569 592 1639 ὥσπερ
624 1567 895 1631 ἐνύπνιον,
928 1567 1233 1637 ἀπηνέχθη.
1262 1567 1428 1619 Ὥστε
1463 1568 1845 1622 ὲπιτέτευκται
1907 1566 1986 1637 τῷ
2046 1566 2301 1636 προφήτῃ
2368 1568 2402 1635 ὴ

143 1660 419 1731 ὁμοίωσις
451 1662 548 1729 τῆς
578 1658 926 1728 ἀνθρωπίνης
958 1658 1138 1727 δόξης.

260 1797 439 1866 Δόξης
469 1798 555 1849 ἀεὶ
580 1795 835 1866 φρόντιζε
869 1795 969 1865 τῆς
995 1796 1243 1849 αἰωνίου·

274 1891 344 1943 Ἦ
374 1890 486 1958 γὰρ
517 1890 772 1959 παροῦσα
806 1887 1066 1957 ψεύδεται
1096 1889 1217 1942 καθ’
1250 1888 1491 1959 ἡμέραν.

262 1983 442 2046 Δόξαν
466 1983 652 2046 δίωκε,
687 1984 824 2052 μήτε
854 1982 1056 2047 πᾶσαν,
1094 1980 1222 2050 μήτ’
1260 1980 1441 2048 ἀγανο

264 2073 541 2142 Κρείσσον
571 2074 679 2143 γὰρ
711 2070 851 2128 εἶναι
881 2072 979 2126 τοῦ
1009 2074 1221 2127 δοκεϊνο
1255 2074 1304 2126 εί
1325 2072 1372 2127 δ’
1402 2070 1640 2145 ἄμετρος
1672 2069 1746 2138 εί,

261 2254 367 2325 Μὴ
397 2253 496 2323 τὴν
524 2254 687 2324 κενὴν
717 2255 941 2325 θήρευε.
974 2253 1112 2325 μηδὲ
1137 2254 1243 2324 τὴν
1266 2252 1415 2308 νέαν.

2476 1564 2615 1635 πρὸς
2661 1567 2724 1618 τὸ
2796 1566 3191 1635 ἀδρανεστατον
3256 1563 3416 1621 ἄνθος

1842 1792 2001 1847 Curae
2041 1793 2134 1847 tibi
2163 1800 2365 1847 αξιοι-πα
2397 1807 2613 1863 semper
2644 1794 2713 1849 sit
2745 1794 2915 1865 gloria
2943 1811 2956 1848 :

1775 1867 1822 1928 Β
1848 1884 2099 1939 Praesens
2127 1885 2271 1940 enim
2300 1885 2541 1955 quotidie
2572 1884 2729 1941 fallit.

1846 1975 2089 2030 Gloriam
2121 1977 2370 2047 sequitor
2390 1992 2491 2033 nec
2524 1994 2743 2032 omnem
2778 1993 2954 2047 neque
2978 1979 3231 2037 nimium.

1851 2068 2082 2124 Praestat
2111 2070 2258 2125 enim
2290 2085 2411 2130 esse
2442 2086 2603 2142 quam
2633 2072 2840 2127 videri:
2876 2074 2959 2128 sin
2988 2082 3293 2143 temperare
3325 2072 3421 2128 tibi

3148 2164 3386 2236 [nequis.

1861 2254 2018 2325 107
2039 2253 2259 2312 lnanem
2291 2256 2518 2326 gloriam
2552 2266 2646 2312 aut
2672 2272 2870 2312 novam
2901 2258 3091 2313 saltem
3121 2273 3188 2310 ne
3218 2265 3424 2326 captes.

2964 2345 3282 2417 (Theologi.)
3298 2355 3311 2369 '

226 2458 522 2529 Ejusdem.
555 2456 929 2527 Subjiciamur
956 2466 1010 2513 ct
1058 2456 1191 2525 Deo,
1225 2465 1281 2513 et
1313 2455 1470 2512 nobis
1500 2455 1730 2511 invicem
1764 2464 1818 2513 et
1870 2459 2207 2528 principibus
2236 2460 2291 2516 in
2324 2469 2489 2527 terra,
2521 2461 2684 2531 idque
2733 2475 2798 2516 eo
2856 2461 3051 2532 magis,
3087 2476 3197 2531 quo
3252 2461 3426 2515 lenio-

154 2554 359 2622 res-{et
411 2552 760 2621 benigniores
812 2550 891 2607 illi
956 2551 1179 2606 fuerint.
1234 2550 1455 2622 (Malum
1500 2549 1645 2603 enim
1714 2557 1800 2606 est
1849 2550 2237 2619 benignitatem
2289 2554 2595 2625 principum
2660 2555 2915 2625 frangere
2980 2555 3326 2625 pervicacia,
3377 2563 3431 2607 ιι

154 2646 499 2716 cavendum)
528 2662 599 2702 ne
626 2646 679 2700 in
711 2644 967 2715 nosipsos
994 2645 1308 2715 asperitatis
1338 2644 1554 2700 illorum
1583 2644 1744 2714 culpa
1796 2644 2024 2713 recidat,
2065 2647 2108 2702 si
2152 2648 2604 2719 tranquillitatem
2662 2649 2911 2705 immisso
2976 2660 3140 2704 vento
3202 2648 3435 2702 solveri-

154 2755 315 2806 mus,
361 2740 470 2796 luci
508 2739 761 2796 tenebras
785 2738 1198 2803 immiserimus,
1229 2746 1284 2793 et
1319 2736 1655 2793 absinthium
1686 2736 1833 2793 melli
1864 2738 2269 2797 miscuerimus.

237 2861 319 2915 Ἡ
352 2860 457 2931 μὲν
481 2859 590 2929 γὰρ
618 2861 769 2930 παρά
798 2860 908 2915 τῶν
942 2858 1248 2929 ἀνθρώπων
1279 2860 1406 2927 δόξα
1448 2858 1558 2913 τῶν
1591 2857 1746 2923 δοξα-
1773 2864 1787 2918 1

1919 2860 2192 2933 Chrysa“.
2235 2862 2442 2918 Etenim
2493 2877 2617 2932 qua
2669 2862 2739 2918 ab
2799 2861 3115 2917 hominibus
3156 2858 3438 2916 confertur

160 2953 382 3018 ζόντων
412 2954 663 3022 μιμεῖται
686 2953 786 3022 τὴν
816 2952 1117 3017 εὐτέλειαν,
1145 2952 1267 3005 ὅθεν
1296 2952 1391 3005 καὶ
1423 2952 1756 3021 μεταπίπτει

164 3043 374 3115 ῥαδίως
403 3043 479 3113 ’ἡ
531 3043 589 3096 δὲ
625 3042 719 3096 τοῦ
755 3041 889 3096 Θεοῦ
932 3041 1033 3113 οὐχ
1084 3040 1280 3107 οὕτως,
1330 3040 1448 3095 ἀλλ’
1498 3042 1754 3113 ἀκίνητος

168 3136 331 3204 μένει
360 3134 647 3204 διηνεκῶς.
678 3134 787 3187 Καὶ
815 3132 968 3188 ταῦτ’
1005 3133 1298 3204 ἀμφότερα
1345 3133 1523 3203 δηλῶν
1549 3136 1577 3188 ό
1620 3151 1758 3204 προ-

168 3229 383 3299 φήτης,
414 3227 681 3296 κάκείνης
724 3228 786 3282 τὸ
815 3225 1271 3297 ὲμμετάπτωτον,
1318 3226 1413 3279 καὶ
1460 3225 1667 3295 ταύτης
1700 3225 1761 3278 τὸ

172 3322 445 3391 μόνιμον,
494 3318 668 3380 οὕτως
721 3318 944 3386 ἔλεγεν
997 3337 1017 3370 ι
1050 3319 1212 3373 Πᾶσα
1252 3316 1391 3386 σὰρξ
1425 3317 1638 3389 χόρτος.
1666 3316 1761 3370 καὶ

172 3411 335 3463 πᾶσα
365 3408 495 3475 δόξα
525 3408 817 3477 ἀνθρώπου
864 3406 940 3470 ὡς
986 3407 1146 3470 ἄνθος
1178 3407 1395 3476 χόρτου.
1435 3426 1454 3458 ι
1507 3406 1762 3461 Ἀπασαν

172 3505 274 3575 τὴν
308 3502 663 3575 ἀνθρωπίνην
698 3501 1002 3573 εὐημερίαν
1044 3501 1163 3554 οὐδὲ
1212 3501 1347 3569 πρὸς
1378 3500 1593 3572 χόρτον,
1646 3499 1761 3551 ἀλλ’

176 3596 383 3662 ἑτέραν
416 3594 549 3664 ὕλην
604 3592 989 3662 εὐτελεστέραν
1029 3593 1057 3645 ό
1092 3592 1376 3662 προφήτης
1428 3590 1764 3661 παρέϐαλεν,

177 3688 349 3750 ἄνθος
382 3686 553 3756 αὐτὴν
603 3684 875 3755 ὀνομάσας
910 3683 1104 3754 χόρτου
1157 3684 1339 3736 πᾶσαν
1394 3680 1549 3748 ὁμοῦ.
1600 3681 1766 3736 Οὐδὲν

181 3780 296 3850 γὰρ
332 3779 503 3848 μέρος
532 3778 714 3832 αὐτῶν
764 3777 1092 3849 προέθηκεν,
1124 3770 1237 3829 οἷον
1268 3774 1518 3840 πλοῦτον,
1557 3773 1592 3842 ἢ
1638 3791 1769 3843 τρυ-

181 3873 321 3942 φὴν,
358 3872 394 3942 ἢ
431 3871 776 3937 δυναστείαν,
825 3871 859 3942 ἢ
891 3869 1079 3941 τιμὴν,
1129 3868 1165 3939 ἦ
1208 3886 1262 3921 τι
1306 3867 1583 3922 τοιοῦτον*
1613 3866 1770 3936 lam

185 3964 377 4019 πάντα
418 3963 489 4015 τὰ
519 3964 576 4015 ὲν
604 3961 914 4032 ἀνθρώποις
947 3960 1178 4031 λαμπρά
1209 3961 1309 4030 μιᾷ
1358 3958 1665 4030 προσηγορία
1700 3959 1768 4028 τῇ

186 4058 288 4128 τῆς
350 4055 513 4125 δόξης
566 4054 899 4125 περιϐαλὼν,
946 4052 1120 4116 οὕτως
1156 4054 1401 4123 ἐπήγαγε
1454 4052 1554 4123 τὴν
1586 4054 1771 4105 εἰκόνα

186 4149 283 4203 τοῦ
321 4148 545 4218 χόρτου,
582 4147 787 4202 εἰπών·
832 4163 852 4199 ι
902 4149 1058 4202 Πᾶσα
1095 4144 1225 4211 δόξα
1253 4142 1547 4216 ἀνθρώπου
1574 4144 1651 4207 ὡς
1681 4143 1772 4198 ἀν-

186 4244 279 4306 θος
311 4242 540 4313 χόρτου,
580 4240 853 4312 ἐξηράνθη
903 4241 1117 4313 χόρτος,
1168 4240 1264 4293 καὶ
1308 4238 1368 4292 τὸ
1396 4236 1558 4301 ἄνθος
1584 4234 1777 4301 ἐξέπε-

188 4351 310 4389 σεν.
357 4352 377 4385 ι

260 4447 438 4501 Φύσει
471 4447 571 4515 μὶν
604 4447 714 4516 γὰρ
748 4447 938 4518 χόρτου
976 4446 1187 4518 (φησὶν)
1234 4447 1378 4501 ἔοικε
1421 4446 1530 4500 τῶν
1564 4445 1777 4517 ἀνθρώ-

189 4559 315 4597 πων
351 4541 416 4594 τὸ
445 4542 620 4609 γένος,
673 4540 808 4612 ἄνθη
853 4540 911 4594 δὲ
945 4540 1140 4611 χόρτου
1191 4541 1225 4612 η
1267 4540 1621 4611 ὲπιγινομένη
1654 4540 1781 4607 δόξα

192 4636 289 4690 καὶ
320 4634 639 4689 δυναστεία.
686 4634 798 4687 Καὶ
835 4616 1089 4703 καθάπερ
1140 4630 1236 4686 τοῦ
1283 4632 1478 4703 χόρτου
1527 4632 1781 4703 ξηραινοο

195 4729 369 4798 μένου
404 4725 467 4780 τὸ
509 4724 672 4788 ἄνθος
721 4723 998 4791 ἐκπίπτει,
1043 4724 1187 4778 οὕτω
1232 4723 1329 4777 τοῦ
1384 4724 1616 4780 θανάτου
1670 4725 1781 4788 τοῖς

194 4816 517 4888 ἀνθρώποις
550 4815 797 4878 ιπιόντος
822 4815 856 4885 ἡ
889 4813 1185 4868 δυναστεία
1214 4810 1308 4866 καὶ
1337 4811 1371 4882 ἠ
1401 4811 1782 4881 ὐπερηφάνεια

195 4910 515 4963 σδιννυται.
566 4906 571 4910 ’

267 5001 360 5054 Τὰ
401 4998 507 5070 μιν
529 4998 673 5068 φυτὰ
700 4998 809 5054 ἀπὸ
838 4997 941 5066 τῆς
986 4996 1165 5068 ῥίζης,
1202 4995 1236 5066 ἡ
1286 4995 1343 5050 δὲ
1370 4993 1498 5062 δόξα
1550 4994 1658 5049 ἀπὸ
1686 4994 1786 5064 τῆς

197 5093 437 5165 πρώτης
458 5092 675 5162 λήψεως
707 5089 808 5164 [σί.
844 5086 1063 5161 λίξεως]
1096 5087 1274 5153 αὔξει.

275 5207 480 5270 Οὐδεὶς
508 5204 809 5277 φροντίζων
848 5204 1008 5274 δόξης
1048 5202 1261 5275 ἀγαθῆς
1302 5199 1503 5271 γένοιτ’
1551 5200 1617 5254 ἂν
1649 5199 1787 5271 ἀνὴρ

202 5300 443 5370 φαῦλος.
475 5298 657 5353 Καλὸν
679 5297 737 5351 δὲ
768 5296 893 5351 ἀντὶ
927 5294 1027 5368 [αι.
1077 5295 1192 5368 ἀρ’]
1236 5292 1497 5366 βραχείας
1548 5290 1789 5344 ἀπολαύ-

207 5404 355 5453 σεως
388 5384 721 5452 maenaa.
750 5386 912 5453 δόξαν
942 5383 1181 5439 αἰώνιον.

293 5502 545 5572 ’Δξίωμα
579 5501 837 5572 μέγιστόν
884 5501 1032 5554 ἐστιν
1064 5498 1125 5552 ού
1170 5498 1231 5553 τὸ
1270 5496 1573 5569 κεχρῆσθαι
1607 5494 1793 5563 τιμαῖς

206 5595 313 5669 [σι.
347 5591 564 5664 τιμῆς],
596 5592 732 5647 ἀλλά
751 5594 811 5647 τὸ
844 5591 996 5657 ἀξιον
1025 5591 1217 5646 ἑαυτὸν
1259 5589 1391 5662 [fon
1424 5584 1626 5657 αὐτῶν]
1654 5582 1791 5639 εἶναι

207 5686 557 5759 νομίζεσθαι.

282 5776 395 5837 ⁷ον
424 5784 525 5850 τὰς
558 5782 718 5851 δόξας
748 5780 955 5853 ζηλοῖς,
991 5780 1198 5835 τούτων
1231 5777 1324 5833 καὶ
1350 5775 1419 5830 τὰ
1446 5773 1625 5847 ἀγαθὰ
1658 5773 1798 5845 πράρ

211 5873 335 5945 En;-

1857 2953 2069 3024 gloria,
2120 2954 2522 3011 conferentium
2585 2955 2847 3010 vilitatem
2918 2954 3205 3022 sequitur,
3261 2966 3438 3020 quare

1862 3044 2027 3099 etiam
2084 3043 2238 3100 facile
2271 3045 2531 3100 dilabitur
2577 3062 2593 3099 :
2635 3045 2817 3100 divina
2851 3059 2979 3098 vero
3020 3058 3129 3097 non
3176 3043 3249 3096 ita
3294 3041 3437 3095 ﬂuxa

1859 3145 1963 3203 est,
1985 3137 2080 3192 sed
2100 3147 2363 3206 perpetuo
2387 3136 2601 3192 stabilis
2622 3135 3031 3191 manet.Et‘haec
3047 3136 3209 3189 ambo
3230 3134 3438 3189 docens

1863 3228 2149 3298 propheta,
2214 3229 2385 3293 illius,
2438 3228 2678 3297 inquam.
2738 3226 3104 3281 Iubricitatcm
3167 3234 3221 3279 et
3272 3225 3436 3291 hujus

1862 3320 2239 3386 stabilitatem,
2260 3320 2347 3375 bis
2372 3319 2554 3374 verbis
2582 3319 2785 3372 utitur:
2811 3335 2829 3369 ι
2860 3316 3055 3371 Omnis
3084 3330 3213 3369 caro
3248 3316 3433 3369 fenum

1862 3417 1966 3476 est,
2003 3419 2058 3465 et
2087 3411 2266 3466 omnis
2294 3410 2461 3478 gloria
2492 3409 2732 3464 hominis
2753 3423 2854 3465 ceu
2885 3408 2985 3464 ﬂos
3010 3407 3151 3462 feni:
3190 3426 3207 3457 ι
3236 3407 3437 3474 quibus

1864 3515 2082 3557 omnem
2101 3502 2394 3556 humanam
2412 3500 2728 3556 felicitatem
2747 3514 2815 3555 ne
2835 3498 2962 3555 feno
2978 3499 3218 3567 quidem,
3237 3497 3332 3552 sed
3356 3497 3439 3548 vi-

1865 3593 1986 3649 liori
2031 3596 2269 3649 materia
2289 3592 2872 3663 comparando,llorem
2897 3592 3003 3647 feni
3026 3599 3195 3645 totam
3220 3604 3340 3644 eam
3367 3592 3439 3642 si-

1866 3685 1979 3741 mul
1998 3684 2319 3740 nominavit.
2335 3682 2550 3740 Nullam
2567 3684 2714 3739 enim
2735 3692 2943 3754 partem
2962 3682 3081 3749 ejus
3110 3680 3355 3751 praefert,
3384 3691 3441 3733 ut

1868 3776 2106 3844 divitias,
2137 3784 2233 3831 aut
2264 3777 2619 3845 voluptatem,
2643 3783 2737 3829 aut
2788 3774 3110 3844 potentiam,
3140 3782 3236 3827 aut
3270 3774 3443 3828 hono-

1870 3884 2009 3935 rem,
2027 3879 2123 3924 aut
2139 3868 2345 3937 aliquid
2366 3867 2703 3934 huiusmodi,
2720 3866 2815 3922 sed
2840 3865 3023 3921 omnia
3043 3868 3180 3920 inter
3200 3864 3445 3919 homines

1872 3962 2155 4031 splendida
2183 3957 2654 4030 comprehendens
2696 3972 2802 4013 una
2842 3955 3202 4026 appellatione
3234 3954 3441 4023 gloriae.

1876 4052 1988 4107 feni
2038 4052 2453 4107 similitudinem
2496 4050 2802 4121 subjungit,
2843 4048 3098 4119 inquiens
3131 4061 3147 4098 :
3206 4065 3226 4098 ι
3256 4045 3445 4101 Omnis

1878 4144 2051 4215 gloria
2082 4142 2320 4198 hominis
2349 4150 2433 4197 est
2463 4150 2718 4210 tanquam
2773 4137 2876 4194 ﬂos
2908 4137 3195 4211 graminis,
3221 4150 3445 4206 gramen

1878 4234 2095 4292 exaruit
2114 4242 2167 4290 et
2226 4231 2329 4288 ﬂos
2356 4230 2574 4287 cecidit.
2605 4246 2625 4282 ι

1955 4436 2017 4495 S.
2051 4434 2257 4506 Cyrilli.
2300 4432 2594 4488 Hominum
2644 4444 2815 4499 genus
2865 4429 3043 4483 simile
3091 4436 3175 4481 est
3243 4434 3452 4481 natura

1881 4526 2169 4599 graminis,
2198 4525 2358 4581 flores
2389 4534 2569 4579 autem
2588 4520 2847 4593 graminis
2876 4530 3004 4577 sunt
3033 4535 3155 4588 qua:
3186 4518 3453 4573 accrescit

1883 4621 2055 4692 gloria
2093 4628 2146 4675 et
2178 4618 2465 4690 potentia:
2500 4626 2553 4670 ct
2581 4617 2728 4670 sicut
2752 4623 3035 4669 arescente
3083 4614 3330 4684 gramine
3355 4612 3457 4667 llos

1883 4711 2107 4775 excidit,
2140 4710 2221 4764 sic
2251 4716 2427 4763 morte
2454 4706 2770 4762 hominibus
2796 4706 3089 4775 ingruente
3132 4705 3371 4774 potentia
3402 4711 3459 4760 ct

1883 4804 2135 4875 superbia
2162 4803 2605 4871 exstinguuntur.

1963 4982 2257 5039 Plutarchi.
2298 4981 2506 5037 Planta:
2546 4980 2764 5051 quidem
2807 4995 2836 5034 a
2881 4980 3087 5048 radice,
3123 4977 3296 5049 gloria
3334 4992 3462 5031 vero

1889 5077 1943 5147 (a
1969 5079 2113 5131 bono
2152 5073 2336 5143 opere)
2363 5075 2583 5130 crescit.

1960 5188 2153 5245 Nullus
2181 5188 2467 5243 honestam
2507 5186 2734 5257 gloriam
2772 5201 2992 5252 curans,
3022 5185 3106 5240 vir
3136 5185 3312 5240 malus
3342 5197 3465 5239 esse

1892 5290 2094 5353 potest.
2157 5280 2454 5336 Pulchrum
2501 5286 2585 5335 est
2636 5278 2785 5333 enim
2846 5293 2947 5349 pro
2992 5277 3141 5332 brevi
3189 5275 3465 5344 voluptate

1895 5387 2153 5431 aeternam
2197 5374 2420 5445 gloriam
2450 5372 2812 5445 permutando
2850 5370 3111 5427 nancisci.

1966 5488 2188 5542 Aristot.
2224 5485 2459 5541 Maxima
2493 5485 2732 5555 dignitas
2764 5495 2869 5550 est,
2916 5498 3024 5537 non
3054 5479 3274 5551 quidem
3307 5493 3470 5536 usur-

1899 5598 2027 5656 pare
2056 5584 2344 5648 honorem,
2383 5579 2479 5638 sed
2510 5581 2719 5635 honore
2746 5578 2970 5648 dignum
2998 5572 3322 5630 existimari.

1970 5763 2244 5819 Isocratis.
2296 5760 2539 5830 Quorum
2572 5759 2799 5830 gloriam
2820 5752 3119 5821 :cnmlaris,
3152 5747 3471 5809 earumdem

1896 5860 2038 5918 bona
2066 5856 2251 5914 facito.
