3928 6552
487 404 596 466 οητ
1714 396 2030 457 ΛΝΤΟΝΠ

2162 399 2421 460 ῐιῐδςιιι
3625 395 3713 459 968

567 513 823 568 Philonis.
858 512 961 578 Qui
995 509 1421 566 didicitobelire
1458 523 1578 562 mox
1605 508 1766 562 etiam
1799 510 2070 578 imperare
2105 516 2118 566 Α

2257 513 2314 565 Ὀ
2356 513 2544 582 μαθὼν
2572 513 2860 584 ἄρχεσθαι,
2899 515 2992 565 καὶ
3018 514 3212 584 ἄρχειν
3254 510 3410 575 εὐθὺς
3447 509 3713 580 μανθάνει’

489 609 669 662 discit.
722 603 853 658 Nam
904 603 998 674 qui
1051 603 1243 672 subjici
1297 618 1406 657 non
1457 611 1614 655 antea
1650 601 1924 661 didicerit.
1969 616 2036 654 ne

2177 605 2297 658 οὐδὲ
2347 607 2482 674 γὰρ,
2517 605 2566 658 εί
2602 607 2783 673 πάσης
2829 609 2931 673 γῆς
2987 607 3082 659 καὶ
3115 605 3390 674 θαλάσσης
3440 605 3500 657 τὸ
3544 605 3713 673 κράτος

492 699 718 753 obedire
749 698 1039 750 institutus
1094 693 1278 758 fuerit,
1320 695 1365 747 is
1399 708 1742 762 nequaquam
1779 708 1939 747 verus
1988 707 2043 747 es

2177 695 2446 765 ἀνάψαιτό
2487 714 2591 758 τις,
2623 697 2807 766 ἄρχων
2838 696 2904 749 ἂν
2949 700 3032 764 εῐη
3085 697 3218 767 πρὸς
3253 695 3525 764 ἀλήθειαν,
3575 697 3618 749 εί
3656 697 3715 766 μὴ

495 792 768 860 princeps,
827 788 958 843 licet
1027 786 1196 842 totius
1253 796 1411 841 terrae
1456 794 1511 840 ct
1560 785 1727 841 maris
1783 785 2046 855 imperiuu

1783 785 2078 855 imperium,
2183 793 2335 866 μάθῃ
2367 793 2459 846 καὶ
2489 791 2911 864 προπαιδευθείη
2941 793 3003 846 τό
3038 791 3322 864 ἄρχεσθαι.

497 884 717 940 habent.

570 993 656 1051 Ea:
691 993 1113 1065 Antiquitatibus
1152 991 1386 1060 Josephi.
1413 989 1613 1046 Omnes
1636 994 1728 1060 qui
1770 999 1916 1044 recte
1948 990 2081 1044 obe-

2257 993 2464 1056 Πάντες
2493 994 2541 1046 oi
2571 992 2836 1063 ἄρχεσθαι
2868 990 3052 1054 καλῶς
3104 987 3507 1059 μεμαθηκότες,
3531 985 3617 1037 καὶ
3639 984 3718 1054 ἆρ-

499 1088 616 1142 dire
665 1087 994 1152 didicerunt,
1019 1085 1194 1140 scient
1224 1085 1389 1139 etiam
1423 1084 1720 1153 imperare,
1751 1089 2050 1151 potestaten

1846 1090 2076 1136 estatem
2184 1101 2303 1155 χειν
2331 1085 2590 1150 εἴσονται,
2620 1082 2986 1152 παρελθόντες
3020 1082 3101 1144 είς
3129 1078 3397 1148 ἐξουσίαν.

497 1182 699 1252 adepti.

3725 1442 3736 1470 I

891 1334 1124 1392 SERMO
1165 1333 1302 1389 LXII
1335 1332 1435 1406 [αι.
1474 1328 1685 1404 XCIX].

1618 1328 1685 1404 η.
2789 1327 3010 1383 ΛΟΓΟΣ
3050 1327 3169 1384 seu

1114 1466 1189 1522 De
1221 1467 1454 1520 invidia.

2753 1462 2890 1530 Περὶ
2942 1446 3194 1530 φθόνου.
3373 1526 3377 1530 ,

575 1583 783 1639 Matth.
817 1599 910 1638 xx.
945 1580 1237 1636 Venientes
1282 1589 1464 1634 autem
1531 1577 1692 1647 primi
1730 1575 2000 1647 putabant
2025 1588 2086 1630 se

2268 1580 2554 1642 Ἐλθόντες
2575 1577 2633 1631 δὲ
2663 1575 2757 1630 καὶ
2785 1573 3074 1648 οίξπρῶτοι
3121 1570 3383 1640 ἐνόμισαν
3409 1570 3492 1622 ὅτι
3541 1567 3726 1621 πλείονι

505 1676 658 1743 plura
717 1682 1058 1742 aet-cpturos,
1115 1682 1170 1725 et
1207 1671 1308 1741 ipsi
1333 1685 1548 1740 quoque
1573 1676 1901 1737 acceperunt
1922 1667 2056 1720 dena

2036 1680 2088 1719 ἱδ-
2186 1672 2476 1744 λήψονται,
2512 1671 2608 1724 καὶ
2629 1667 2823 1722 ἔλαϐον
2854 1666 2948 1719 καὶ
2981 1664 3148 1719 αὐτοὶ
3177 1662 3286 1716 ἀνὰ
3322 1660 3587 1730 δηνάριον.

507 1768 646 1818 riunt
677 1766 901 1833 singuli.

581 1857 742 1927 108
765 1856 882 1910 Jac.
916 1872 994 1912 tu.
1036 1855 1136 1911 Ubi
1166 1855 1443 1910 aemulatio
1472 1865 1527 1910 et
1556 1853 1859 1915 contentio,
1895 1851 1968 1906 ibi
2007 1850 2090 1904 in-
2120 1862 2132 1917 ι

2259 1851 2439 1906 Ὅπου
2472 1849 2635 1917 ζῆλος
2672 1847 2768 1900 καὶ
2813 1845 3046 1914 ἐριθεία,
3087 1843 3207 1896 ἐκεῖ
3259 1837 3635 1896 ἀκαταστασία
3657 1835 3727 1886 καὶ

505 1949 818 2004 constantia
846 1959 898 2001 et
919 1963 1082 2002 omne
1111 1963 1249 2017 opus
1279 1962 1532 2017 pravum.

1279 1962 1532 2017 pravum.
2193 1946 2302 1998 πᾶν
2331 1940 2533 2014 φαῦλον
2565 1943 2821 2011 πρᾶγμα.

585 2037 860 2092 Salomon.
889 2036 1093 2092 Invidia
1116 2037 1260 2107 quod
1288 2038 1476 2092 utilius
1499 2047 1581 2092 est
1609 2035 1862 2106 prtel‘erre
1889 2035 2088 2091 nescit.

1904 2035 2088 2091 teseit.
2261 2037 2456 2096 Φθόνος
2480 2035 2579 2087 οὐκ
2605 2029 2714 2087 οἶδε
2741 2032 3026 2102 προτιμᾷν
3055 2029 3118 2082 τδ
3145 2027 3455 2097 συμφέρον.

580 2129 895 2184 )Emulatur
933 2130 1113 2184 socius
1142 2131 1374 2184 socium.

2381 2127 2536 2196 ἀνδρὶ
2560 2127 2587 2177 6
2623 2126 2786 2196 ζῆλος
2822 2124 2973 2194 παρὰ
3003 2121 3095 2174 τοῦ
3120 2120 3340 2191 ἑταίρου
3371 2116 3560 2172 αὐτοῦ.

585 2243 754 2298 Eccli.
786 2259 997 2299 xxxv".
1027 2243 1106 2298 Nc
1129 2245 1410 2300 consultes
1447 2258 1570 2299 eum
1598 2259 1663 2297 eo
1687 2243 1779 2314 qui
1817 2253 1869 2297 te
1897 2256 2086 2311 suspe-

2183 2296 2190 2298 _
2263 2242 2355 2310 Μὴ
2416 2238 2792 2308 συμϐουλεύου
2851 2237 2990 2306 μετᾶ
3046 2233 3505 2302 ὖποὸλεπομένου
3539 2229 3730 2284 σε’ἀπδ

508 2345 658 2390 οιιιιιι
728 2335 940 2402 habet;
1020 2337 1406 2392 mandantibus
1471 2337 1747 2390 absconde
1799 2335 2059 2390 consiliun

1799 2335 2088 2390 consilium
2193 2330 2634 2405 τῶνκζηλούντων
2655 2329 2931 2401 ἔκκρυψον
2959 2327 3158 2398 βουλήν
3188 2344 3308 2382 σου.

512 2435 688 2480 tuum.

587 2515 646 2571 S.
691 2517 899 2572 Basilii.
949 2518 1156 2583 Invide,
1224 2519 1353 2589 quid
1408 2518 1697 2590 suspiras?
1747 2517 2097 2589 propriumne

2267 2509 2334 2563 Τί
2367 2508 2667 2572 στενάζεις,
2702 2506 2930 2577 φθονερέ
2957 2521 2975 2572 ;
3007 2506 3066 2558 τὸ
3090 2504 3226 2558 ίδιον
3249 2501 3444 2568 κακὸν,
3477 2502 3509 2571 ἢ
3537 2500 3590 2552 τὸ
3614 2497 3731 2552 ἀλλ’ἵ-

515 2609 739 2671 nialum,
779 2620 873 2663 aut
902 2609 1138 2664 alienum
1174 2609 1425 2664 bonum?

1074 2627 1138 2663 tm
1174 2609 1425 2664 bonum?
2196 2621 2348 2675 τριον
2379 2600 2582 2670 ἀγαθόν
2613 2619 2625 2663 ;

586 2697 701 2753 Non
735 2701 882 2754 vides
912 2703 1085 2770 qualis
1133 2718 1221 2756 res
1257 2701 1536 2756 simulatio
1573 2701 1644 2754 sit
1675 2700 1700 2754 ‘l
1733 2707 1789 2756 et
1827 2699 1942 2753 ba'c
1980 2699 2096 2752 fru-

2273 2699 2386 2768 Οὐχ
2429 2698 2565 2767 ὁρᾷς
2608 2694 2801 2765 ἡλίκον
2859 2693 3008 2746 ἔστὶν
3057 2691 3090 2760 ἡ
3139 2690 3473 2757 ὕπόκρισις;
3511 2687 3598 2740 καὶ
3624 2682 3733 2750 αὕτη

514 2797 637 2844 ctus
670 2791 1020 2854 estduvidize.
1072 2792 1300 2846 Animus
1330 2793 1477 2846 enim
1527 2791 1749 2860 duplex,
1779 2801 1833 2844 et
1864 2790 2062 2845 diversi

2199 2794 2412 2866 καρπός
2445 2794 2563 2845 ἐστι
2598 2791 2694 2844 τοῦ
2737 2788 2954 2857 φθόνου.
2983 2786 3060 2839 Τὸ
3094 2787 3202 2854 γὰρ
3226 2783 3453 2837 διπλοῦν
3502 2780 3582 2834 τοῦ
3604 2778 3733 2848 meo;

519 2881 782 2952 aﬂlngens
826 2899 886 2938 se
935 2886 1209 2954 partibus,
1243 2900 1307 2939 ex
1340 2884 1541 2939 invidia
1585 2884 1822 2938 maxime
1855 2882 2064 2938 homini

1954 2885 2096 2938 nini-
2201 2891 2264 2941 ὲκ
2294 2887 2490 2958 φθόνου
2519 2885 2756 2956 μάλιστα
2786 2883 2899 2943 τοῖς
2920 2878 3232 2949 ἀνθρώποις
3266 2877 3505 2945 γίνεται.

518 2974 622 3030 bus
646 2975 875 3032 accedit.

598 3064 790 3121 Nullus
826 3065 1187 3134 perniciosior
1223 3066 1450 3122 allectus
1473 3065 1673 3120 animis
1704 3063 1986 3117 hominum
2017 3063 2102 3117 in-

2274 3062 2476 3116 Φθόνου
2517 3059 2626 3130 γὰρ
2654 3056 2826 3119 πάθος
2845 3054 3000 3108 οὐδὲν
3040 3049 3336 3114 όλεθριώτε
3347 3065 3440 3119 ρον
3465 3045 3648 3116 ψυχαῖς
3669 3042 3738 3093 ἀν.

521 3158 769 3212 nascitur
799 3171 960 3227 quam
989 3157 1217 3211 invidia.

1216 3201 1217 3205 π
2129 3198 2174 3257 c
2207 3155 2444 3228 θρώπων
2475 3151 2767 3224 ἐμφύεται.

596 3249 728 3303 Nam
758 3257 818 3302 ut
854 3263 1038 3318 aerugo
1078 3247 1309 3311 ferrum,
1359 3247 1440 3303 sic
1488 3246 1694 3302 invidia
1760 3262 1924 3320 quam
1966 3245 2104 3301 infe-
2129 3226 2147 3257 ¹

2229 3226 2254 3307 __
2278 3246 2492 3314 Ὥσπερ
2525 3245 2633 3315 γὰρ
2666 3243 2743 3302 ἰὸς
2788 3241 2880 3295 τὸν
2923 3239 3163 3307 σίδηρον,
3196 3235 3374 3297 οὕτως
3407 3233 3435 3286 6
3461 3231 3638 3301 φθόνος
3663 3226 3736 3296 τὴν

521 3342 598 3396 cit
622 3345 865 3394 animam
898 3343 1194 3394 COItsumil.

2207 3340 2440 3411 ἔχουσαν
2463 3337 2628 3392 αὐτὸν
2666 3335 2845 3405 ψυχὴν
2881 3330 3249 3398 ὲξαναλίσκει.

595 3433 776 3488 Canes
810 3433 1176 3487 nutrieatione
1199 3432 1535 3494 cieurantur,
1585 3443 1640 3488 et
1682 3432 1828 3488 cultu
1856 3445 2108 3488 mansne-

2280 3431 2345 3486 0!
2373 3430 2532 3492 κύνες
2565 3427 2893 3499 τρεφόμενοι
2939 3423 3294 3494 ἡμεροῦνται,
3333 3421 3432 3473 καὶ
3482 3422 3531 3472 οἱ
3569 3418 3738 3475 λέοντες

526 3536 687 3583 scunt
707 3526 891 3581 leones
925 3542 940 3579 :
976 3525 1143 3580 invidi
1180 3539 1310 3580 vero
1338 3525 1403 3579 ad
1435 3525 1697 3594 obsequia
1755 3525 1926 3593 magis
1970 3522 2077 3578 οπο

2210 3523 2515 3596 χειροήθεις
2547 3519 2979 3592 θεραπευόμενοι
3016 3516 3282 3584 γίνονται.
3319 3515 3382 3567 (ll
3429 3513 3487 3566 δὲ
3523 3512 3739 3584 βάσκανοι

529 3627 742 3674 rantur.
954 3666 962 3674 .
2210 3621 2330 3680 ταῖς
2366 3615 2687 3682 θεραπείαις
2721 3612 2883 3666 πλέον
2917 3599 3380 3679 ἐξαγριαίνονται.

602 3709 883 3776 Scriptura
935 3708 1118 3763 multis
1165 3711 1218 3760 in
1266 3707 1400 3762 locis
1450 3709 1713 3763 invidiam
1773 3723 1898 3763 cum
1961 3709 2108 3764 etede

2286 3707 2449 3771 Ἔθος
2477 3709 2544 3776 τῇ
2569 3705 2758 3775 Γραφῇ
2792 3699 3060 3770 πολλαχοῦ
3094 3698 3232 3769 μετὰ
3268 3696 3363 3751 τοῦ
3385 3697 3546 3765 φόνου
3565 3695 3741 3746 τάσσειν

533 3803 799 3856 uoadnaL

2211 3803 2302 3856 τὸν
2334 3799 2544 3867 φθόνον.

606 3893 1076 3959 Quemadmodum
1113 3892 1306 3962 rubigo
1329 3893 1606 3962 peculiare
1641 3903 1724 3949 est
1764 3894 1956 3948 vitium
2000 3893 2114 3947 fru-

2289 3895 2504 3961 Ὥσπερ
2539 3891 2573 3961 ἡ
2616 3887 2845 3958 ὲρυσίϐη
2904 3883 3036 3938 ίδιόν
3069 3885 3183 3938 ἐστι
3219 3883 3314 3937 τοῦ
3371 3882 3519 3936 σίτου
3551 3881 3743 3948 νόσημα.

539 3986 726 4047 menti,
762 3985 840 4038 sic
896 3984 1094 4038 invidia
1127 3986 1349 4039 morbus
1373 3993 1457 4040 est
1481 3985 1752 4040 amicitizr.

2219 3991 2394 4051 οὕτως
2423 3989 2449 4040 6
2479 3986 2671 4056 φθόνος
2700 3982 2882 4053 φιλίας
2917 3981 3067 4034 ἐστὶν
3095 3981 3463 4054 ἀρρώστημα.

611 4077 816 4131 Inimici
849 4077 1132 4146 probitatis
1153 4077 1424 4131 daemones
1452 4091 1575 4131 cum
1606 4077 1708 4132 sibi
1743 4078 2033 4133 familiares
2063 4089 2118 4133 et

2288 4082 2351 4136 Oi
2406 4079 2688 4151 μισόκαλοι
2730 4077 2986 4146 δαίμονες
3040 4074 3267 4128 ἐπειδὰν
3310 4073 3515 4132 οἰκείας
3571 4067 3745 4123 ἑαυτοῖς

539 4181 814 4231 congruas
838 4167 1132 4232 hominum
1159 4167 1469 4221 voluntates
1496 4167 1831 4234 invenerint,
1861 4168 2082 4222 omnibu

2222 4175 2426 4245 εὕρωσι
2460 4169 2835 4245 προαιρέσεις,
2869 4168 3138 4230 παντοίως
3169 4167 3361 4228 αὐταῖς
3384 4163 3747 4232 ἁποκέχρηνται

552 4260 730 4313 modis
785 4259 1088 4313 abutuntur
1139 4259 1220 4314 eis
1270 4259 1336 4312 ad
1389 4273 1544 4313 suam
1582 4259 1883 4323 libidinem,
1931 4259 2004 4312 ita
2056 4267 2103 4310 ul

2219 4266 2355 4336 πρὸς
2385 4265 2446 4318 τὸ
2466 4264 2598 4317 ἴδιον
2633 4261 2900 4332 βούλημα,
2943 4258 3084 4313 ὥστε
3107 4258 3336 4318 καὶτοῖς
3363 4253 3642 4323 ὀφθαλμοῖς
3663 4248 3748 4300 τῶν

545 4351 708 4404 etiam
737 4351 912 4405 oculis
943 4350 1250 4408 invidorum
1271 4350 1338 4405 ad
1369 4352 1736 4406 ministerium
1768 4366 1880 4406 sua:
1906 4350 2096 4419 cupidi

2222 4355 2512 4428 βασκάνων
2545 4353 2624 4417 είς
2659 4351 2967 4423 ὑπηρεσίαν
2998 4347 3308 4421 χρήσασθαι
3338 4346 3434 4400 τοῦ
3474 4344 3597 4399 ίδίου
3625 4341 3749 4404 θελή-

545 4443 675 4496 tatls
704 4451 950 4496 utantur.

865 4458 950 4495 ur.
2224 4465 2412 4520 ματος.

620 4553 887 4624 Theologi.
937 4551 1056 4608 Noli
1112 4552 1359 4609 invidere
1407 4552 1729 4622 prmclarum
1767 4552 1974 4623 aliquid
2029 4553 2112 4606 fa-
2141 4546 2171 4606 Ι

2289 4561 2383 4629 Μὴ
2405 4559 2710 4631 φθονήσεις
2754 4555 2832 4626 τῷ
2876 4554 3230 4628 κατορθοῦντι
3279 4553 3594 4623 όφθανηθεὶς
3621 4547 3747 4619 [forte

545 4647 732 4711 cienti,
765 4645 1015 4713 quamvis
1047 4644 1198 4698 illum
1237 4645 1332 4698 tibi
1371 4644 1616 4698 invidum
1659 4661 1782 4701 esse
1817 4662 2096 4716 persuasu:

2221 4653 2296 4716 ὡς
2330 4651 2670 4724 φθονηθεὶςῖ,
2723 4649 2819 4704 καὶ
2869 4647 3185 4719 φθονεῖσθαι
3246 4647 3513 4710 πεισθεὶς,
3554 4644 3639 4697 καὶ
3679 4639 3747 4691 διὰ

546 4753 644 4802 sis,
673 4753 737 4793 ac
768 4739 889 4793 ideo
911 4745 1261 4796 succenseas.

1225 4745 1261 4796 ι.
2221 4743 2379 4799 τοῦτο
2406 4744 2776 4814 κατενεχθείς.

500 4855 510 4902 l
620 4852 840 4908 Utinam
875 4863 1062 4923 pereat
1087 4868 1154 4909 ex
1197 4852 1510 4908 hominibus
1541 4854 1768 4922 invidia,
1797 4855 2051 4910 habentia

2307 4862 2393 4925 Ὦς
2445 4860 2698 4914 ἀπόλοιτο
2746 4860 2804 4925 ἐξ
2857 4857 3162 4930 ἀνθρώπων
3189 4858 3219 4910 6
3254 4855 3530 4925 φθόνος,ἡ
3576 4847 3747 4906 δαπάνη

551 4963 612 5003 se
658 4944 1026 5012 consumptio.
1064 4953 1118 5000 et
1161 4943 1476 4999 all‘ectorutn
1539 4959 1764 5015 aerugo:
1799 4944 1952 5000 solus
1983 4945 2102 5000 intei

2222 4956 2334 5008 τῶν
2361 4954 2620 5025 ἐχόντων,
2668 4953 2696 5005 ό
2725 4951 2833 5004 τῶν
2866 4950 3187 5020 πασχόντων
3238 4947 3352 5013 ίόςτ
3385 4947 3446 5000 τὸ
3477 4946 3624 5014 μόνον
3666 4937 3749 4990 τῶν

554 5039 781 5094 affectus
811 5037 1206 5107 injustissimus
1232 5037 1396 5092 simul
1422 5048 1474 5091 et
1499 5037 1872 5106 justissimus;
1915 5037 2105 5106 justun

2223 5044 2414 5098 παθῶν
2436 5041 2773 5096 ἀδικώτατον
2799 5058 2856 5093 τε
2891 5040 3009 5110 ἃμα
3041 5039 3138 5094 καὶ
3168 5038 3513 5093 δικαιότατον
3532 5050 3548 5066 ·
3577 5033 3629 5087 τὸ
3653 5029 3751 5098 μὶν.

552 5132 698 5196 dico,
729 5129 987 5199 quoniam
1033 5128 1182 5183 laedit
1226 5143 1256 5182 a
1290 5127 1490 5198 quibus
1537 5127 1787 5194 fovetur;
1837 5127 2096 5196 iniustum

2224 5139 2309 5190 ὅτι
2345 5137 2480 5189 πᾶσι
2511 5135 2710 5204 διοχλεϊ
2747 5135 2858 5196 τοῖς
2897 5132 3106 5197 καλοῖς,
3137 5131 3197 5184 τὸ
3245 5130 3328 5198 δὲ,
3361 5131 3446 5183 ὅτι
3475 5121 3750 5182 ἀδικιίτοὺς

555 5219 684 5292 quia
716 5220 990 5289 praeclaris
1015 5217 1271 5274 omnibus
1299 5219 1558 5274 molestus
1591 5229 1694 5273 est.
2225 5225 2469 5296 ἔχοντας.

629 5333 688 5389 S.
732 5333 1011 5403 Chrysost.
1061 5330 1268 5386 Invidet
1305 5330 1520 5398 quidem
1551 5331 1784 5396 dannon,
1822 5330 1916 5384 sed
1951 5329 2128 5384 homi-

2307 5336 2367 5389 Ὀ
2401 5336 2613 5405 δαίμων
2643 5335 2828 5403 φθονεῖ
2860 5335 2982 5405 μὲν,
3013 5331 3328 5402 ἀνθρώποις
3378 5332 3457 5396 δὲ,
3495 5330 3685 5398 δαίμονι
3706 5321 3750 5373 δὲ

558 5425 744 5490 nibus,
766 5425 898 5479 nulli
922 5437 1049 5478 vero
1082 5421 1339 5486 diemoui;
1364 5432 1417 5474 tu
1441 5436 1567 5475 vero
1583 5436 1707 5476 Cum
1732 5421 1809 5478 sis
1829 5423 2008 5488 homo,
2033 5422 2109 5477 ho-

2227 5428 2436 5482 066sv£°
2468 5432 2532 5480 σὺ
2559 5427 2614 5480 δὲ
2649 5426 2938 5497 ἄνθρωπος
2970 5424 3069 5494 ὢν,
3108 5423 3424 5497 ἀνθρώποις
3447 5422 3656 5494 φθονεῖς,
3677 5416 3751 5468 καὶ

563 5515 805 5570 minibus
839 5513 1077 5578 invides,
1101 5520 1155 5567 et
1174 5511 1454 5582 quomodo
1493 5514 1847 5581 consequeris
1872 5513 2114 5568 veniam‘:

1441 5527 1454 5565 ι
1493 5514 1847 5581 consequeris
1872 5513 2130 5568 veniam?
2229 5521 2391 5584 ποίας
2419 5519 2587 5590 τεύξῃ
2619 5517 2948 5590 συγγνώμης
2977 5535 2992 5584 ;

629 5628 687 5684 Si
731 5627 820 5684 ille
847 5627 936 5698 qui
970 5626 1146 5697 diligit
1181 5634 1478 5689 amantem,
1509 5625 1646 5680 nihil
1676 5627 1796 5693 plus
1824 5627 1990 5683 habet
2019 5644 2126 5697 pu-

2300 5631 2364 5686 Εἰ
2399 5632 2508 5704 γὰρ
2548 5633 2576 5685 ό
2609 5631 2699 5685 τὸν
2745 5630 3005 5700 φιλοῦντα
3045 5629 3280 5699 ἀγαπῶν
3310 5629 3464 5683 οὐδὲν
3489 5626 3630 5680 πλέον
3659 5620 3749 5690 ἔχει

557 5722 775 5778 blicano
812 5734 828 5774 :
871 5719 964 5790 qui
1006 5720 1133 5773 od-io
1165 5716 1330 5771 habet
1379 5716 1738 5785 immeritum,
1767 5719 1986 5789 qualem
2040 5719 2108 5774 illt

2229 5725 2483 5790 τελώνου,
2512 5726 2538 5778 ό
2572 5723 2662 5778 τόν
2689 5723 2844 5778 οὐδὲν
2881 5723 3172 5779 ἀδικοῦντα
3207 5723 3384 5795 μισῶν
3418 5719 3567 5784 ποίας
3601 5710 3745 5776 τεύξεπ

564 5815 998 5873 benevolentiam
1030 5821 1352 5884 assequctur
1380 5813 1404 5867 ?

1244 5821 1352 5868 ηιμ.
1380 5813 1404 5867 σῖ
2231 5835 2321 5875 ται
2355 5816 2764 5888 φιλανθρωπίας
2780 5830 2795 5881 ;
