3928 6554
230 396 337 462 973

1041 397 1211 460 LOCI
1253 398 1694 475 COMMUNES.
1733 425 1801 436 —
1838 402 2035 463 PARS
2073 404 2125 466 ῐ.
2158 405 2422 466 SERMO
2460 408 2665 470 LXVI.

3362 410 3466 476 9η

229 509 373 564 ἑκὼν
404 510 566 564 τοῦτο
599 510 848 581 πράσσοι,
885 511 1076 581 μισθὸν
1098 513 1207 581 ἔχω
1228 529 1241 544 '
1271 514 1318 567 εί
1350 513 1405 566 δὲ
1436 514 1603 578 ἄκων,
1646 515 1792 567 οίκοο
1829 563 1834 574 ε

1944 518 2041 573 lam
2077 520 2121 575 si
2155 520 2342 575 volens
2411 522 2514 577 hoc
2566 523 2782 590 faciam,
2812 522 3090 593 praemium
3132 524 3302 583 habeo
3332 543 3345 581 ε
3381 529 3463 587 sin

227 600 424 669 νομίαν
454 601 849 671 πεπίστευμαι.

308 692 596 757 ’Δκούσιος
651 692 895 764 ἐξῆλθεν
929 695 1039 749 ἀπὸ
1096 693 1390 767 προσώπου
1457 694 1797 761 egomt:qu—

224 804 341 845 τος.

300 881 364 932 Ἀ
378 880 546 948 μελγε
577 880 741 948 γάλα,
767 881 858 933 καὶ
882 878 1036 934 ἔσται
1070 879 1351 951 βούτυρον.
1386 880 1512 934 Ἐὰν
1535 879 1590 933 δὲ
1617 877 1797 932 ἐκπιέ-

226 971 325 1042 Cll:
360 972 666 1041 μυκτῆρας,
699 973 1041 1040 ἐξελεύσεται
1101 971 1239 1043 αἷμα
1265 989 1281 1006 ο
1318 973 1412 1027 ἐὰν
1464 973 1522 1027 δὲ
1573 970 1799 1044 ὲξέλκῃς

223 1062 437 1129 λόγους,
468 1063 835 1128 ἐξελεύσονται
888 1066 1098 1137 κρίσεις
1122 1065 1219 1119 καὶ
1251 1065 1441 1136 μάχαι.

299 1154 383 1208 Τὰ
419 1156 479 1208 ὲν
522 1155 649 1227 ᾅδου
683 1156 829 1210 κακὰ
860 1155 920 1210 οὐ
983 1156 1115 1210 Θεὸν
1150 1156 1261 1226 ἔχει
1310 1156 1404 1209 τὸν
1452 1157 1647 1222 αῐτιον,
1682 1155 1800 1209 ἀλλ’

228 1247 380 1316 ἡμᾶς
416 1247 634 1311 αύτούς.
674 1247 845 1319 Ἀρχὴ
879 1248 988 1318 γὰρ
1012 1247 1106 1302 καὶ
1136 1245 1260 1318 ῥίζα
1286 1247 1383 1317 τῆς
1426 1247 1701 1319 ἁμαρτίας
1738 1247 1799 1302 τὸ

231 1337 317 1406 ἐφ’
350 1338 484 1408 ὴμτν
514 1338 695 1393 καὶτὸ
723 1338 1089 1404 αὐτεξούσιον.
1368 1358 1371 1363 ν

314 1516 681 1588 Ἐωινοῦμεν
707 1519 834 1587 τοὺς
888 1516 1030 1573 κατὰ
1080 1519 1400 1588 προαίρεσιν
1451 1516 1797 1582 άγαθοὺς,ού

231 1610 355 1671 τοὺς
396 1609 502 1662 ὑπό
528 1626 671 1672 τινος
719 1610 964 1681 ἀνάγκης
1013 1609 1097 1674 είς
1136 1607 1295 1663 τοῦτο
1337 1609 1593 1679 ἥκοντας.
1622 1608 1797 1665 Ὅπου

231 1697 339 1769 γὰρ
378 1698 700 1767 προαίρεσις
725 1700 940 1771 ἑτοίμη,
967 1698 1031 1754 τὸ
1062 1698 1270 1754 κωλύον
1291 1698 1464 1757 οὐδέν.

307 1786 409 1840 Βία
466 1788 575 1858 γὰρ
630 1788 663 1858 ἢ
718 1789 884 1859 φόϐος
916 1789 1131 1862 ἀρετῆς
1166 1791 1265 1845 οὐκ
1307 1791 1374 1847 ἄν
1404 1806 1536 1845 ποτε
1590 1789 1800 1858 γένοιτο

1904 610 2126 674 invitus,
2154 611 2492 682 dispensatio
2515 613 2813 671 commissa
2843 624 2925 672 est
2954 616 3108 671 mihi.

1974 701 2179 756 Invitus
2207 701 2371 757 exivit
2402 717 2429 757 a
2462 700 2600 759 facie
2625 710 2943 773 potestatem
2973 703 3249 761 habentis.

1990 886 2147 941 Prov.
2186 903 2314 941 xxx.
2350 886 2459 941 Lac
2509 887 2552 941 si
2590 901 2826 958 premas,
2882 886 3135 958 butyrum
3190 884 3342 951 exit;
3373 888 3464 957 qui

1902 993 2064 1033 nares
2098 981 2360 1048 emungit,
2387 978 2705 1047 sanguinem
2737 976 2881 1033 elicit
2916 993 2929 1032 :
2962 980 3054 1032 sed
3084 978 3236 1049 ιιι
3260 977 3304 1034 si
3338 992 3467 1050 pros

1901 1068 2090 1123 tuleris
2117 1068 2302 1135 verba,
2334 1069 2458 1124 lites
2491 1078 2775 1140 erumpent
2801 1078 2854 1128 et
2878 1085 3095 1141 pugnze.

1970 1160 2191 1217 Incerti.
2230 1160 2370 1219 Deus
2409 1175 2515 1215 non
2549 1168 2741 1217 auctor
2790 1168 2874 1216 est
2919 1161 3187 1215 malorum
3220 1162 3359 1231 apud
3384 1162 3465 1220 in-

1901 1252 2068 1315 feros,
2096 1251 2190 1307 sed
2248 1252 2476 1321 nosipsi.
2529 1251 2864 1322 Principium
2898 1251 3041 1306 enim
3070 1261 3122 1306 et
3145 1252 3298 1307 radix
3338 1268 3464 1322 pec-

1899 1343 2003 1398 cati
2036 1350 2119 1400 est
2173 1342 2457 1399 arbitrium
2510 1351 2781 1409 nostrum,
2836 1350 2890 1397 et
2941 1342 3238 1398 voluntatis
3266 1353 3466 1404 nostra

1898 1434 2141 1491 libertas.
3004 1421 3015 1429 ’

1971 1527 2283 1584 Laudamus
2325 1541 2419 1585 eos
2443 1527 2533 1597 qui
2576 1539 2640 1582 ex
2676 1525 2840 1581 animi
2872 1525 3144 1590 instituto,
3192 1540 3299 1580 non
3330 1525 3463 1584 ada-

1900 1621 1973 1677 cti
2007 1620 2187 1690 aliqua
2219 1617 2563 1682 necessitate,
2586 1616 2714 1672 boni
2749 1626 2895 1673 sunt.
2921 1614 3056 1671 Nam
3093 1615 3186 1671 ubi
3217 1624 3462 1688 prompta

1900 1713 2147 1770 voluntas
2179 1719 2284 1777 est,
2314 1710 2447 1769 nihil
2474 1710 2743 1781 prohibet.

1970 1804 2066 1861 Vis
2112 1816 2203 1859 aut
2256 1814 2431 1861 metus
2483 1820 2591 1861 non
2644 1817 2871 1878 possunt
2915 1806 3120 1863 efficere
3171 1806 3460 1867 virtutem;

231 1878 562 1948 δημιουργός
594 1894 609 1909 ο
658 1880 940 1935 ιθελούσια
982 1880 1091 1952 γὰρ
1130 1882 1229 1937 καὶ
1284 1881 1399 1937 οὐκ
1432 1881 1679 1952 ἀνάγκης
1729 1882 1834 1936 τὰ]

1944 1915 1963 1952 ι
1992 1896 2268 1954 voluntate
2297 1896 2463 1966 enim,
2509 1912 2617 1954 non
2672 1900 2995 1973 necessitate
3050 1897 3465 1967 proficiscuntur

233 1970 395 2024 καλά.

304 2062 378 2116 Τὸ
407 2064 654 2123 ἑκούσιον
674 2063 919 2143 λυπηρὸν
952 2064 1045 2133 τοῦ
1071 2064 1325 2120 ἀκουσίου
1346 2060 1583 2136 τερπνοῦ
1607 2060 1799 2131 τιμιώ-

234 2170 411 2210 τερον.

359 2171 411 2210 ν.

298 2171 381 2298 prob
419 2246 518 2314 μὲν
548 2246 658 2317 γὰρ
684 2246 932 2300 ἑκούσιον
987 2247 1358 2318 μονιμώτερόν
1381 2263 1440 2301 τε
1490 2248 1585 2302 κα)⁸
1625 2248 1800 2320 ἀσφατ

235 2337 510 2407 λέστερον.
563 2338 717 2393 Φιλεῖ
767 2339 828 2392 τὸ
862 2339 950 2410 βίᾳ
981 2340 1351 2411 κρατούμενον
1398 2340 1800 2412 ἐλευθεριάζειν
1848 2368 1851 2371 ·

238 2430 433 2499 καιροῦ
469 2430 789 2502 λαϐόμενον.

311 2524 529 2593 Ποιμὴν
567 2524 818 2595 ἁμέλγει,
854 2526 901 2578 εί
926 2524 1089 2591 θέλοι,
1132 2525 1230 2579 καὶ
1259 2525 1383 2590 τοὺς
1412 2525 1672 2597 τράγους,

308 2614 452 2668 Ἀλλ’
482 2616 605 2669 ἀντὶ
639 2617 906 2684 γάλακτος
934 2617 1185 2687 αἱμάτων
1216 2618 1398 2688 πηγὰς
1428 2617 1586 2673 οίσει.

306 2707 383 2762 Ού
421 2709 545 2771 τοὺς
576 2709 790 2783 ἀνάγκῃ
844 2711 943 2778 τῆς
995 2711 1198 2772 κακίας
1226 2709 1627 2780 ἀπεχομένους,
1663 2707 1799 2763 ἀλλὰ

233 2799 361 2861 τοὺς
390 2800 729 2872 προαιρέσει,
758 2804 1014 2871 στεφανοῖ
1041 2805 1069 2857 6
1100 2802 1257 2865 Θεός.

306 2892 422 2944 Οὐκ
450 2893 663 2965 ἀνάγκῃ
696 2894 790 2949 καὶ
840 2895 952 2965 βίᾳ,
984 2894 1121 2949 ἀλλὰ
1179 2893 1433 2966 βουλήσει
1474 2895 1569 2949 καὶ
1608 2893 1803 2965 γνώμῃ

234 2984 573 3054 προσάγεται
607 2987 751 3055 ἡμᾶς
784 2988 812 3040 6
840 2988 997 3052 Θεός.

306 3075 495 3135 Οὐδεὶς
530 3080 738 3146 καρπδς
768 3080 1038 3152 ἀνάγκης,
1075 3080 1213 3134 ἀλλὰ
1248 3082 1355 3151 πᾶς
1392 3082 1583 3153 μισθὸς
1611 3098 1802 3152 προαι-
1846 3136 1847 3139 η

1825 3237 1871 3299 C

240 3165 464 3236 ρέσεως⁸
479 3166 541 3221 ού
572 3158 681 3237 γάρ
700 3169 974 3235 λογίζεται
993 3173 1021 3225 6
1050 3171 1182 3234 Θεὸς
1212 3174 1279 3225 τὰ
1302 3173 1362 3243 ἐξ
1382 3174 1649 3242 ἀνάγκης,
1669 3171 1803 3225 ἀλλὰ

236 3254 309 3321 τὰ
333 3258 400 3311 ἐκ
426 3261 803 3331 προαιρέσεως
836 3263 1271 3333 κατορθούμενα.

306 3435 382 3489 Τὸ
413 3436 479 3490 ἐκ
503 3436 720 3504 φύσεως
754 3438 962 3509 ἀγαθὸν
984 3439 1244 3509 ἀδόκιμον
1265 3455 1278 3470 '
1325 3440 1386 3494 τὸ
1428 3439 1487 3500 δὲ.
1514 3442 1577 3495 ἐκ
1610 3458 1798 3511 προαι-

236 3530 447 3603 ρέσεως
468 3531 779 3586 ἐπαινετόν.

310 3619 373 3674 Εί
424 3621 607 3692 βούλει
638 3621 935 3693 ἀταράχως
982 3626 1081 3685 καὶ
1116 3626 1429 3697 εὐαρέστως
1461 3624 1582 3695 ζῇν,
1625 3624 1803 3695 πειρῶ

240 3715 368 3778 τοὺς
428 3715 809 3783 συνοικοῦντᾴς
849 3734 931 3770 σοι
972 3718 1299 3789 σύμπαντας
1340 3718 1584 3788 ἀγαθοὺς
1614 3717 1761 3788 ἔχειν
1786 3732 1800 3748 ο

238 3806 382 3873 ἔξεις
430 3806 487 3860 δὲ
539 3809 802 3878 ἀγαθοὺς,
835 3812 1035 3874 εἰτοῦς
1076 3812 1175 3881 μὲν
1228 3812 1456 3875 ἑκόντας
1507 3811 1802 3876 παιδεύεις,

239 3897 365 3960 τοὺς
395 3898 450 3951 δὲ
477 3899 730 3968 ἄκοντας,
760 3901 953 3956 ἔπειτα
983 3904 1080 3956 καὶ
1107 3904 1483 3975 χειρωμὲνους
1521 3903 1802 3969 ἀπολύεις,

242 3990 635 4059 Συμφεύξεται
674 3993 784 4066 γὰρ
812 3996 930 4059 τοῖς
977 3994 1273 4065 φεύγουσιν
1302 3995 1335 4066 ἡ
1386 3993 1659 4065 μοχθηρία
1690 3993 1805 4062 ἅμα

236 4085 332 4141 καὶ
361 4084 395 4154 ἠ
428 4085 677 4139 δουλεία·
719 4087 1284 4158 συνυπολειφθὴσεται
1329 4087 1387 4140 δὲ
1422 4088 1534 4150 τοῖς
1576 4084 1805 4155 συμϐαί-

242 4176 392 4237 γουσί
442 4192 525 4230 σοι
558 4179 591 4248 ή
619 4180 927 4251 χρηστότης
961 4180 1056 4233 καὶ
1096 4178 1460 4252 ήὲλευθερία.

830 4316 1048 4391 ΛΟΓΟΣ
1085 4314 1222 4376 EG".

524 4432 661 4499 Περὶ
677 4431 867 4504 φόϐου
893 4434 1136 4503 Κυρίου,
1166 4430 1266 4486 καί
1294 4428 1521 4498 ἁπλῶς.

1899 1990 2038 2045 bona
2051 2027 2065 2043 .

1964 2081 2246 2150 biolestum
2300 2089 2662 2156 spontaneum
2692 2079 3307 2152 involuntariojucundo
3330 2094 3468 2150 pra:-

1898 2184 2029 2235 stat.

1974 2266 2233 2338 Tlieologi.
2269 2266 2645 2322 Voluntarium
2703 2265 2847 2321 enim
2907 2262 3161 2320 stabilius
3211 2268 3263 2317 et
3294 2260 3467 2316 tutius

1899 2366 2001 2413 est.
2036 2356 2187 2425 Quod
2214 2356 2477 2412 violenter
2506 2356 2763 2429 vincitur,
2788 2355 2841 2411 id
2868 2355 3209 2411 occasionem
3246 2360 3463 2421 nactum

1899 2448 1953 2503 in
1982 2448 2285 2505 libertatem
2317 2464 2377 2508 se
2416 2462 2665 2504 asserere
2695 2447 2854 2503 solet.

1971 2537 2165 2601 Pastor
2190 2538 2234 2594 si
2258 2538 2387 2595 velit
2412 2538 2597 2595 hircos
2635 2538 2796 2593 etiam
2829 2539 3055 2609 mulget,

1972 2630 2077 2685 Sed
2113 2645 2210 2700 pro
2240 2630 2379 2686 lacte
2412 2630 2692 2701 sanguinis
2716 2630 2893 2687 fontes
2922 2630 3158 2686 hauriet.

1974 2722 2033 2780 8.
2071 2723 2346 2794 Clirysost.
2382 2721 2499 2778 Non
2560 2723 2682 2781 illos
2737 2722 2828 2793 qui
2868 2720 3205 2784 necessario,
3248 2719 3342 2777 sed
3374 2719 3468 2791 qui

1902 2823 2093 2884 sponte
2119 2830 2216 2870 sua
2249 2814 2399 2870 vitiis
2430 2814 2726 2878 abstinent,
2762 2812 2904 2869 Deus
2935 2820 3185 2872 coronat.

1977 2905 2117 2962 Deus
2170 2922 2270 2962 nos
2322 2906 2509 2973 allicit,
2552 2921 2658 2962 non
2693 2904 2744 2959 vi
2777 2914 2831 2965 et
2862 2890 3209 2971 necessitate,
3246 2902 3340 2960 sed
3376 2916 3473 2974 per

1903 3000 2237 3059 νυῐιιηιτιιοοι
2261 3010 2314 3055 et
2355 3000 2646 3055 rationem.

1975 3091 2167 3149 Nullus
2191 3101 2272 3151 est
2299 3091 2642 3148 necessitatis
2672 3090 2901 3158 fructus,
2926 3090 3022 3147 sed
3053 3088 3233 3149 omnis
3264 3101 3472 3143 merces

1908 3183 2173 3238 voluntati
2219 3178 2493 3238 tribuitur.
2551 3182 2671 3238 Non
2730 3183 2872 3237 enim
2920 3187 3134 3248 reputat
3182 3179 3325 3233 Deus
3350 3190 3471 3245 quae

1904 3274 2231 3339 necessario,
2268 3274 2360 3327 sed
2425 3288 2545 3344 quae
2594 3274 2739 3330 ultro
2781 3269 3144 3340 consultoque
3204 3276 3352 3323 recte
3383 3283 3473 3338 ge-

1903 3373 2116 3421 runtur.
2898 3354 2903 3357 ’

1972 3458 2227 3515 ϐίιονῑεὶἰ.
2256 3457 2586 3513 Productum
2606 3472 2633 3512 a
2659 3466 2851 3515 natura
2878 3457 3076 3512 bonum
3112 3469 3219 3509 non
3275 3466 3471 3523 appro~

1904 3552 2101 3609 batur:
2133 3565 2163 3604 a
2200 3549 2476 3605 voluntate
2504 3564 2629 3604 vero
2660 3558 2845 3604 natum
2879 3546 3146 3603 laudabile
3177 3554 3280 3601 est.

1975 3641 2221 3711 Epicteti.
2253 3642 2310 3696 Si
2340 3642 2421 3696 vis
2448 3641 2565 3697 sine
2617 3639 3023 3712 perturbatione
3054 3646 3106 3693 et
3152 3635 3363 3707 placide
3393 3636 3473 3690 vi-

1904 3748 2051 3799 vere,
2081 3734 2164 3787 fac
2190 3739 2249 3787 ut
2270 3747 2460 3791 omnes
2490 3732 2589 3788 tibi
2622 3731 2919 3788 familiares
2954 3731 3078 3786 boni
3110 3731 3222 3786 sint
3254 3747 3267 3783 :
3313 3738 3473 3784 erunt

1906 3834 2085 3880 autem
2146 3825 2295 3890 boui,
2338 3824 2386 3881 si
2435 3825 2682 3881 volentes
2718 3824 2961 3887 erudias,
2991 3824 3191 3877 invitos
3232 3835 3361 3885 vero
3394 3821 3471 3886 (itt

1909 3917 2090 3973 Graeco
2132 3910 2367 3983 additur,
2402 3916 2592 3972 ἔπειτα
2637 3917 2732 3971 καὶ
2770 3916 3162 3988 χειρωμένους)
3204 3913 3470 3982 dimittas.

1907 4004 2084 4064 Simul
2118 4007 2262 4073 enim
2305 4003 2639 4072 fugientibus
2667 4004 2774 4059 illis
2810 4003 3126 4073 improbitas
3150 4009 3205 4058 et
3233 4002 3474 4061 servitus

1909 4095 2223 4167 aufugient;
2283 4096 2624 4169 relinquetur
2677 4103 2857 4153 autem
2907 4110 3031 4151 cum
3100 4095 3203 4151 illis
3251 4094 3343 4176 qui
3379 4095 3475 4155 tibi

1911 4199 2310 4248 conversantur
2334 4191 2579 4260 probitas
2607 4200 2661 4246 et
2689 4191 2931 4247 libertas.

2475 4322 2705 4379 SERMO
2737 4323 2921 4381 LXVI.

2055 4437 2131 4493 De
2179 4438 2361 4495 timore
2394 4436 2626 4505 Domini,
2656 4447 2706 4491 et
2738 4439 2804 4501 de
2834 4438 3021 4493 timore
3049 4436 3103 4491 in
3131 4452 3335 4509 genere.

310 4545 403 4618 Μὴ
434 4544 709 4617 φοϐηθῆτε
756 4545 866 4599 ἀπὸ
909 4546 1019 4599 τῶν
1051 4546 1489 4615 ἀποκτεινόντων
1528 4548 1589 4605 τὸ
1621 4548 1802 4621 σῶμα,

1982 4553 2169 4609 Matth.
2195 4569 2253 4609 ι.
2281 4551 2361 4607 Ne
2381 4551 2614 4607 timeatis
2638 4552 2706 4607 ab
2728 4551 2832 4607 illis
2857 4551 2948 4622 qui
2979 4566 3175 4623 corpus
3196 4550 3472 4620 occidunt,

236 4638 337 4707 τὴν
365 4638 422 4692 δὲ
449 4637 626 4708 ψυχὴν
656 4639 731 4709 μὴ
763 4638 1077 4707 δυναμένων
1105 4639 1451 4700 ἀποκτεῖναι.

309 4729 384 4802 1‘6
416 4730 514 4803 μὶν
545 4729 763 4800 πνεῦμα
793 4729 1092 4805 πρόθυμον,
1126 4731 1162 4801 ἡ
1187 4731 1244 4789 δὲ
1284 4731 1421 4804 σὰρξ
1456 4732 1711 4805 ἀσθενής.

321 4913 438 4967 Ἐπ’
468 4911 730 4983 ἀληθείας
776 4915 1204 4986 καταλαμϐάνω.
1238 4919 1320 4972 ὃτι
1348 4920 1449 4973 οὐκ
1485 4920 1601 4977 ἐστι
1629 4940 1805 4994 προσ-

239 5003 574 5074 ωπολήπτης
622 5005 651 5057 6
712 5003 866 5070 Θεὸς,
915 5004 1033 5058 ἀλλ’
1072 5008 1131 5061 ἐν
1165 5009 1329 5064 παντὶ
1362 5008 1506 5065 tam
1554 5014 1584 5067 6
1614 5014 1810 5081 φοσού-

242 5112 403 5165 μενος
438 5094 601 5149 αὐτὸν
653 5095 749 5147 καὶ
781 5095 1147 5167 ἐργαζόμενος
1199 5099 1572 5174 δικαιοσύνην,
1625 5105 1809 5171 δεκτὸς

240 5187 391 5257 αὐτῷ
428 5188 597 5240 ἐστιν.
1620 5262 1623 5265 Δ

312 5278 481 5342 t2660;
515 5279 721 5349 Κυρίου
777 5281 930 5352 πηγὴ
969 5282 1135 5350 ζωῆς,
1173 5284 1321 5338 ποιεῖ
1350 5283 1407 5351 δὲ
1439 5286 1713 5349 ἐκκλίνειν
1746 5292 1809 5347 ἐκ

242 5371 469 5437 παγίδος
498 5371 752 5427 θανάτου.
1698 5368 1703 5371 δ

308 5458 476 5522 Τέλος
509 5458 670 5527 λόγου
707 5461 769 5515 τὸ
812 5464 919 5518 πᾶν
957 5466 1145 5532 ἄκουε,
1187 5467 1275 5521 τδν
1310 5468 1443 5524 Θεὸν
1487 5468 1676 5538 φοϐοῦ,
1715 5472 1809 5524 καὶ

237 5548 333 5611 τὰς
369 5548 593 5612 ἐντολάς
626 5552 795 5606 αὐτοῦ
840 5554 1083 5622 φύλασσε
1111 5571 1125 5587 ’
1152 5556 1233 5611 ὃτι
1264 5556 1424 5613 τοῦτο
1464 5559 1571 5624 πᾶς
1598 5561 1807 5633 ἅνθρω-

239 5658 358 5703 πος.

307 5732 583 5805 Χρήματα
613 5735 705 5789 καὶ
753 5736 906 5808 ἰσχὺς
957 5738 1225 5811 avocabat
1273 5741 1519 5812 καοδίαν,
1548 5746 1641 5814 καὶ
1669 5746 1808 5819 ὑπὲρ

242 5824 529 5895 ᾁμφότερα
558 5825 725 5895 φόϐος
752 5827 979 5901 Κυρίου.

1911 4646 2149 4699 animam
2181 4657 2312 4698 vero
2339 4642 2589 4698 occidere
2622 4656 2727 4698 non
2764 4654 3010 4713 possunt.

1984 4736 2127 4794 Ibid.
2153 4751 2282 4793 xxv.
2316 4734 2551 4808 Spiritus
2609 4735 2829 4805 quidem
2893 4746 3180 4807 promptus
3208 4744 3316 4802 est,
3345 4751 3475 4791 caro

1910 4837 2091 4885 autem
2121 4826 2429 4885 imbecillis.
2636 4812 2639 4817 ’

1986 4922 2107 4977 Aet.
2141 4935 2220 4976 χι.
2252 4918 2310 4974 In
2340 4918 2569 4980 veritate
2590 4918 2957 4988 deprehendo,
3004 4919 3147 4989 quod
3192 4917 3336 4973 Deus
3368 4934 3475 4974 non

1910 5024 1991 5071 est
2051 5026 2408 5084 personarum
2460 5018 2734 5080 acceptor,
2782 5011 2881 5066 sed
2935 5013 2988 5064 in
3019 5010 3167 5065 omni
3196 5020 3355 5083 gente
3385 5010 3479 5081 qui

1912 5105 2103 5168 metuit
2126 5106 2305 5176 ipsum
2335 5112 2388 5160 et
2408 5103 2676 5175 justitiam
2704 5102 2858 5171 facit,
2893 5113 3153 5173 acceptus
3186 5111 3273 5158 est
3298 5105 3370 5156 ei.

1988 5287 2148 5345 Prov.
2185 5303 2295 5343 xw.
2328 5288 2517 5343 Timor
2550 5286 2764 5344 Domini
2795 5288 2919 5345 fons
2958 5288 3102 5353 vitae,
3137 5288 3263 5341 facit
3296 5295 3475 5341 autem

1909 5378 2183 5434 declinare
2210 5391 2237 5431 a
2270 5376 2463 5448 laqueo
2493 5378 2705 5434 mortis.

1979 5469 2119 5526 Audi
2167 5484 2381 5525 omnem
2415 5470 2682 5527 sermonis
2709 5484 3008 5547 summam,
3042 5468 3207 5525 Deum
3234 5467 3385 5535 time,
3421 5473 3487 5521 et

1911 5570 2175 5646 praecepta
2204 5563 2325 5633 eius
2357 5563 2591 5639 cusiodi.

1983 5740 2154 5796 Eccli.
2181 5756 2270 5796 ει..
2295 5739 2544 5803 Pecunia:
2582 5750 2636 5798 et
2658 5742 2802 5798 vires
2827 5739 3094 5797 extollunt
3121 5751 3238 5807 cor,
3264 5743 3483 5803 utrumw,

1910 5850 2015 5908 que
2045 5848 2172 5893 vero
2198 5843 2417 5905 superat
2444 5834 2605 5892 timor
2641 5833 2875 5905 Domini.
