3928 6550
541 462 646 525 θ’ῗῖ

1784 454 2100 518 ANTONII
2128 455 2478 519 MELISSAZ

2803 397 2808 399 -
2829 397 2858 404 ..ς

3666 454 3758 516 θἺθ

607 575 664 628 S.
691 572 899 628 Basilii.
921 569 1170 629 Timores
1201 585 1306 626 non
1336 569 1554 627 inutiles
1579 579 1708 627 sunt
1731 572 2115 643 prudentibus,

2302 577 2364 634 Οί
2393 578 2550 648 φόϐοι
2577 577 2690 641 τοῖς
2731 571 2792 631 εὖ
2847 571 3137 643 φρονοῦσιν
3175 570 3276 625 οὐκ
3329 569 3620 642 ἄχρηστοι,
3648 572 3760 624 ἀλλὰ

541 668 634 722 sed
661 668 818 722 valde
855 667 982 722 boni
1017 674 1072 721 et
1099 665 1369 721 salubres.
1403 664 1666 730 Quamvis
1695 666 1840 720 enim
1872 681 1967 721 eos
2001 666 2117 721 tleri

545 761 926 829 deprecamur,
961 758 1120 827 112
1151 756 1308 813 lactis
1326 764 1515 812 tamen
1540 757 1886 826 castigamur.
1911 757 2117 812 Alliicta

543 853 689 906 enim
739 854 919 907 anima
964 850 1414 920 approquinquat
1462 849 1592 916 Deo.
1646 859 1706 905 ut
1749 849 2118 921 pulcherrime

545 944 743 1001 alicubi
772 945 904 998 dicit
932 942 1142 997 Prtrus.

589 1037 876 1104 J'heobgi.
914 1035 1032 1090 Non
1061 1044 1274 1106 oportet
1302 1035 1456 1090 initio
1491 1051 1522 1090 a
1548 1034 2009 1106 contemplatione
2037 1037 2120 1091 ta-

545 1139 632 1183 σιιο
684 1131 736 1184 iu
792 1131 1044 1183 timorem
1108 1129 1474 1193 descendere;
1524 1129 1915 1198 contemplatio
1970 1130 2115 1184 enim

547 1223 699 1276 freno
721 1221 998 1284 destituta,
1033 1220 1141 1275 cito
1171 1219 1236 1274 ad
1265 1220 1491 1286 abrupta
1521 1235 1622 1276 nos
1654 1220 1870 1276 trahere
1901 1230 2077 1289 potest
2101 1239 2116 1289 ;

545 1314 635 1367 sed
697 1313 889 1366 timore
948 1311 1164 1374 eruditi,
1195 1309 1404 1380 purgati
1442 1319 1496 1365 et
1549 1312 1706 1381 quasi
1754 1313 2028 1368 extenuati
2063 1313 2116 1366 in

543 1407 709 1459 ultum
743 1406 1050 1461 etl‘eraniur.

611 1495 1021 1565 Crepitantibus
1057 1499 1200 1555 foliis
1228 1507 1502 1556 terrentur
1532 1499 1766 1568 lepores,

616 1585 727 1642 Viri
765 1600 941 1643 autem
971 1590 1141 1645 timidi
1171 1607 1349 1645 rerum
1374 1590 1602 1645 umbris.

613 1681 670 1735 S.
696 1680 967 1751 Chrysost.
1001 1682 1118 1736 Non
1146 1691 1356 1739 tantum
1387 1681 1569 1738 verbis
1593 1681 1731 1737 emci
1754 1689 1926 1751 potest
1954 1697 2116 1752 quam

543 1769 758 1824 timore.
809 1767 942 1824 Nam
979 1769 1140 1826 timor
1169 1771 1430 1840 gehennze
1463 1771 1619 1839 regni
1666 1783 1922 1825 coronam
1957 1771 2119 1826 nobis

529 1861 746 1917 .ati‘eret.

611 1954 901 2008 Multorum
941 1952 1104 2009 nobis
1127 1953 1418 2016 bonorum,
1469 1952 1513 2008 si
1551 1953 1801 2020 velimus,
1833 1969 1998 2010 causa
2046 1953 2117 2010 sit

529 2046 832 2102 diabolus:
858 2053 1166 2100 metuentes
1199 2047 1344 2102 enim
1374 2045 1602 2103 insidias
1627 2046 1773 2117 ejus,
1817 2046 1993 2101 sobrii
2023 2063 2115 2102 su-

543 2153 662 2192 mus
691 2145 746 2192 et
778 2151 1049 2193 memores
1097 2136 1214 2193 Dei.
1276 2136 1408 2193 Nam
1465 2139 1558 2208 qui
1618 2139 1769 2195 videt
1826 2140 2116 2195 instantem

543 2228 781 2292 hostem,
843 2231 909 2284 ad
942 2229 1094 2284 illum
1128 2227 1375 2300 confugit
1409 2231 1505 2300 qui
1537 2239 1716 2301 potest
1753 2245 1914 2302 opem
1946 2231 2113 2288 ferre.

603 2320 886 2383 Climacis.
931 2323 1398 2391 Quemadmodum
1435 2323 1577 2380 solis
1606 2325 1796 2380 radius
1839 2339 1935 2394 per
1971 2323 2118 2381 lora-

521 2412 666 2469 ‘men
713 2413 959 2484 illapsus,
1002 2411 1275 2484 quidquid
1334 2411 1390 2466 in
1423 2411 1589 2468 domo
1621 2421 1702 2468 est
1740 2412 2010 2479 illustrat,
2041 2414 2115 2470 ita

541 2515 598 2561 ut
620 2505 705 2562 vel
737 2505 962 2562 minima
995 2506 1303 2573 videantur,
1357 2515 1412 2562 et
1461 2505 1638 2576 pulvis
1669 2507 1790 2577 ipse
1822 2507 2060 2565 volitans
2099 2526 2114 2563 :
2147 2573 2152 2581 ν

541 2599 620 2654 sic
644 2599 806 2654 etiam
839 2599 931 2654 Dei
955 2601 1139 2668 timor,
1161 2617 1282 2659 cum
1312 2603 1647 2660 discretione
1668 2610 1830 2658 natus
1859 2604 1912 2656 in
1931 2601 2115 2666 corde,

541 2693 722 2748 omnia
747 2694 868 2764 ejus
893 2704 1116 2766 peccata
1147 2697 1352 2768 prodit.

610 2782 1009 2842 Severiani.Dei
1041 2787 1202 2843 timor
1231 2789 1446 2844 initium
1477 2796 1560 2845 est
1581 2788 1775 2845 salutis
1806 2787 2114 2850 hominum,

541 2883 597 2926 et
636 2875 721 2928 lex
764 2875 946 2930 divina
987 2878 1150 2936 radix
1201 2889 1284 2935 est
1312 2881 1471 2938 nobis
1522 2881 1766 2935 omnium
1822 2879 2113 2935 bonorum.

614 2965 766 3020 Bias.
800 2967 922 3024 Bias
950 2968 1319 3041 interrogatus
1340 2973 1603 3041 quidnam
1633 2974 1686 3027 in
1710 2971 1818 3027 vita
1849 2980 1991 3026 metu
2025 2986 2118 3026 va-

543 3067 720 3123 caret,
753 3060 888 3116 dixit
922 3077 938 3117 :
979 3061 1143 3117 Recta
1175 3066 1536 3125 conscientia.

966 3153 1200 3212 διεπιΜο
1247 3156 1434 3214 vau
1457 3158 1684 3232 [al.Cl].

1202 3247 1278 3303 De
1317 3249 1446 3320 lege.

609 3332 772 3390 Joan.
807 3335 1219 3395 vm.Judicium
1255 3355 1434 3396 meum
1464 3342 1668 3411 justum
1714 3354 1818 3414 est,
1857 3348 1983 3417 quia
2007 3365 2116 3407 non

523 3441 662 3482 eum
697 3430 869 3495 solus,
915 3429 1012 3486 sed
1041 3446 1140 3503 ego
1169 3444 1225 3489 et
1255 3433 1348 3504 qui
1383 3435 1530 3490 misit
1561 3452 1675 3503 me;
1709 3447 1763 3493 et
1793 3441 1845 3494 in
1876 3441 1990 3513 lege
2020 3459 2117 3501 ve-

543 3527 656 3573 stra
713 3521 978 3591 scriptum
1017 3533 1122 3591 est,
1179 3525 1328 3594 quod
1371 3525 1605 3582 duorum
1641 3529 1922 3588 hominum
1960 3537 2115 3592 testi-

545 3611 783 3667 monium
808 3627 994 3669 verum
1025 3616 1118 3672 sit.

623 3703 771 3758 Rom.
808 3721 844 3760 I.
874 3705 978 3771 Qui
1015 3707 1132 3762 sine
1166 3707 1285 3778 lege
1312 3721 1630 3780 peccaruut,
1665 3717 1923 3784 peribunt
1949 3721 2112 3776 etiam

513 3794 661 3848 sine
715 3795 865 3863 lege;
899 3805 954 3851 et
1011 3797 1104 3867 qui
1153 3797 1206 3852 in
1247 3798 1367 3871 lege
1428 3816 1741 3874 peccaruut,
1797 3823 1899 3878 per
1946 3811 2113 3883 legem

539 3886 943 3952 judiatbuntur.
1697 3895 1705 3903 ’

613 3977 890 4035 Salomon.
923 3981 1115 4052 Legem
1155 3999 1487 4057 cognoscere
1526 3999 1610 4047 cst
1640 3992 1797 4066 bona:
1820 3997 2037 4054 mentis.

614 4071 923 4130 (iacitur.
961 4075 1064 4142 Qui
1124 4078 1295 4147 legem
1347 4079 1564 4139 Domini
1621 4095 1828 4152 servat,
1884 4088 2116 4160 imperat

542 4164 966 4232 cogitationibus
994 4167 1109 4222 suis
1134 4170 1240 4238 (vel
1268 4182 1451 4228 servat
1477 4175 1810 4234 voluntatem
1841 4180 2008 4251 eius).

617 4254 676 4309 S.
713 4255 926 4313 Basilii.
961 4257 1078 4314 Non
1134 4261 1252 4320 ﬁeri
1295 4274 1470 4334 potest
1504 4277 1560 4323 ut
1605 4279 1850 4327 servetur
1879 4274 1972 4343 qui
2006 4290 2112 4331 non

543 4342 670 4398 facit
704 4360 868 4415 opera
907 4349 1205 4406 secundum
1243 4366 1510 4424 praecepta
1559 4357 1795 4425 Domini,
1826 4342 2002 4432 neque
2035 4365 2115 4419 ul-

545 4438 654 4489 lum
689 4451 772 4491 ex
809 4442 1124 4512 praeceptis
1157 4443 1552 4515 sine'periculo
1607 4451 1921 4522 negligitur.
1975 4455 2112 4512 Nam

2220 673 2339 727 λίαν
2365 672 2526 728 καλοὶ
2563 670 2657 725 καὶ
2691 669 2978 740 σωτήριοι.
3024 667 3088 720 Et
3121 665 3229 737 γάρ
3264 665 3360 718 καὶ
3410 663 3648 728 τίνεσθαι
3683 665 3762 716 αὑ-

2220 767 2346 829 τοὺς
2377 763 2727 834 ἀπευχόμεθα
2751 801 2766 825 ,
2799 759 3116 830 γενομένοις
3163 774 3226 825 γε
3261 753 3640 822 παιδευόμεθα.
3668 754 3761 808 Ki-

2223 875 2429 930 μνουσα
2459 856 2565 926 γὰρ
2590 854 2736 926 ψυχὴ
2764 854 2974 923 ἐγγίζει
3005 850 3145 922 Θεῷ,
3181 848 3318 920 φησί
3346 864 3450 901 που
3481 845 3761 916 θαυμασιὼ-

2219 969 2354 1007 τατα
2390 951 2565 1020 λέγων
2593 951 2621 1004 6
2648 951 2878 1019 Πέτρος.

2294 1044 2408 1096 Οὐκ
2438 1043 2546 1096 ἀπὸ
2578 1041 2809 1112 θεωρίας
2850 1039 3192 1110 ἀρξαμένους
3227 1038 3308 1101 είς
3359 1033 3525 1104 φόϐον
3561 1032 3655 1102 χρὴ
3683 1051 3754 1086 και

2221 1133 2313 1188 τα)
2325 1136 2496 1204 ἡγειν.
2525 1133 2738 1202 Θεωρία
2762 1133 2872 1203 γὰρ
2900 1131 3234 1202 ἀχαλίνωτος
3262 1129 3406 1198 τάχα
3435 1127 3502 1180 ἂν
3530 1127 3620 1178 καὶ
3644 1127 3755 1177 κατὰ

2221 1227 2482 1298 κρημνῶν
2529 1227 2721 1280 ὤσειεν
2743 1241 2758 1256 ’
2795 1225 2932 1278 ἀλλά
2987 1223 3142 1294 φόϐῳ
3166 1219 3648 1292 στοιχειουμένους,
3681 1217 3756 1270 καὶ

2221 1321 2674 1390 καθαιρομένους,
2702 1321 2796 1373 καὶ
2824 1320 2913 1372 ἵνα
2936 1317 3111 1380 οὕτως
3141 1317 3304 1379 είπω,
3335 1311 3752 1383 λεπτυνομένους,

2222 1416 2297 1476 είς
2327 1412 2459 1482 ὕψος
2495 1411 2770 1482 αἴρεσθαι.

2286 1505 2503 1558 diti).in
2531 1504 2776 1572 λαγωοὺς
2801 1501 3124 1572 ἐκφοϐοῦσιν
3153 1504 3200 1556 ot
3232 1499 3460 1562 κτύποι,

2297 1601 2530 1670 Ἀνδρας
2559 1599 2604 1653 δ’
2638 1599 2936 1668 ἀνάνδρους
2964 1598 3018 1650 αἱ
3050 1597 3202 1650 σκιαὶ
3232 1595 3342 1647 τῶν
3361 1591 3707 1662 πραγμάτων.

2293 1692 2368 1745 Οὐ
2405 1691 2660 1745 τοσοῦτον
2711 1688 3056 1760 ἐργάσασθαι
3107 1688 3398 1757 δυνήσεται
3447 1684 3622 1752 λόγος,
3655 1681 3753 1735 ὅσον

2223 1785 2516 1854 ἐργάζεται
2546 1781 2731 1851 φόϐος.
2779 1782 2836 1835 '0
2869 1781 2978 1852 γὰρ
3006 1779 3107 1848 ⁴ιῆς
3135 1780 3360 1847 γεέννης
3387 1776 3554 1845 φόϐος
3573 1775 3653 1826 τὸν
3675 1774 3752 1843 τῆς

2154 1915 2192 1973 Β
2225 1875 2504 1948 βασιλείας
2541 1877 2675 1944 ἡμῖν
2734 1875 3009 1943 κομιεῖται
3053 1871 3338 1939 στέφανον.

2296 1968 2482 2032 Αίτιος
2519 1968 2655 2037 ἡμῖν
2712 1964 2927 2020 πολλῶν
2982 1962 3228 2032 ἀγαθῶν,
3283 1961 3334 2014 εί
3386 1957 3750 2030 βουλοίμεθιὸ

2218 2061 2464 2124 διάϐολος
2491 2075 2506 2089 ⁸
2565 2059 2870 2122 δεδοικότες
2918 2056 3028 2126 γὰρ
3078 2053 3247 2108 αὐτοῦ
3315 2051 3418 2115 τὰς
3475 2047 3750 2108 επιϐουλὰς,

2218 2154 2462 2224 νήφομεν
2486 2152 2581 2206 καὶ
2612 2146 2942 2222 μεμνήμεθα
2963 2147 3057 2200 τοῦ
3080 2143 3238 2200 Θεοῦ.
3289 2143 3350 2197 '0
3381 2142 3490 2211 γὰρ
3515 2136 3753 2208 ἐφεστῶτα

2216 2246 2311 2301 τδν
2349 2245 2546 2316 ἐχθρὸν
2580 2243 2724 2316 δρῶν
2763 2241 2844 2312 τῷ
2872 2237 3160 2308 δυναμένῳ
3189 2235 3521 2308 προστρέχει
3556 2230 3750 2304 βοηθεῖν.

2289 2337 2504 2408 Ὠσπερ
2541 2335 2700 2394 ἀκτὶς
2744 2334 2898 2405 ἡλίου
2925 2331 2996 2386 δι’
3023 2329 3166 2399 όπῆς
3200 2325 3526 2381 είσελθοῦσα
3573 2325 3626 2376 ὲν
3647 2323 3752 2392 οἴκῳ

2216 2431 2397 2486 πάντα
2430 2429 2676 2498 φωτίζει,
2698 2426 2774 2490 ὡς
2811 2425 2908 2481 καὶ
2941 2427 3005 2480 τὸ
3042 2421 3370 2477 λεπτότατον
3421 2421 3576 2490 ὁρᾷν,
3606 2417 3685 2470 τόν
3705 2430 3751 2468 τι

2216 2523 2495 2596 κονιορτὸν
2541 2521 2844 2592 πετόμενον
2871 2533 2887 2549 ·
2919 2517 3097 2581 οὕτως
3142 2515 3239 2571 καὶ
3281 2513 3448 2585 φόϐος
3482 2510 3619 2565 Θεοῦ
3645 2509 3752 2580 μετά

2215 2616 2542 2687 διακρίσεως
2571 2617 2628 2669 ἓν
2651 2614 2850 2686 καρδίᾳ
2877 2612 3193 2683 γενόμενος,
3227 2609 3406 2663 πάντα
3435 2606 3572 2677 αὐτῇ
3599 2604 3658 2658 τά
3676 2603 3751 2659 s6-

2216 2710 2315 2780 τῆς
2339 2708 2566 2780 -ἀμαρτή
2576 2723 2724 2777 ματα
2761 2705 3166 2760 ὑποδείκνυσιν.
3363 2741 3368 2746 -

2299 2801 2468 2871 Ἀρχὴ
2513 2799 2790 2871 σωτηρίας
2844 2795 3153 2867 ἀνθρώπων
3202 2795 3230 2847 6
3271 2791 3367 2847 τοῦ
3405 2790 3538 2846 Θεοῦ
3595 2789 3750 2859 φόϐος.

2219 2896 2312 2950 καὶ
2337 2893 2467 2965 ’ρίζα
2497 2893 2715 2948 πάντων
2736 2894 2794 2946 ὲν
2828 2893 2960 2962 ἡμῖν
2989 2889 3211 2958 ἀγαθῶν
3265 2889 3294 2942 6
3317 2886 3410 2941 τοῦ
3436 2885 3566 2939 Θεοῦ
3593 2881 3750 2951 νόμος.

2288 2985 2422 3050 Βίας
2455 2986 2753 3056 ἐρωτηθεὶς
2778 2987 2831 3039 τί
2864 2985 2930 3039 ἂν
2961 2987 3046 3054 εἴη
3082 2984 3189 3037 τῶν
3223 2980 3365 3035 κατά
3399 2979 3490 3032 τὸν
3519 2976 3627 3046 βίον
3649 2975 3752 3042 ἀφο-

2214 3078 2330 3145 ϐον,
2370 3074 2544 3146 εἶπεν,
2594 3078 2762 3149 ὀρθὴ
2800 3078 3128 3145 συνείδησις.

2821 3169 3042 3223 ΛΟΓΟΣ
3081 3169 3198 3222 ΞΖ¹.
3265 3184 3271 3189 ’

2817 3262 2954 3331 Περὶ
2979 3262 3191 3331 νόμον.

2302 3359 2366 3411 Ἦ
2401 3356 2579 3429 κρίσις
2629 3358 2661 3427 ἡ
2717 3357 2823 3426 ἐμὴ
2879 3356 3064 3410 δικαία
3114 3355 3285 3421 ἐστὶν,
3321 3354 3405 3408 ὄτι
3468 3355 3620 3425 μόνος
3669 3353 3748 3404 οὐκ

2218 3450 2353 3518 είμὶ,
2384 3449 2500 3502 ἀλλ’
2527 3448 2637 3516 ἐγὼ
2659 3449 2754 3500 καὶ
2775 3449 2804 3500 6
2832 3445 3055 3514 πέμψας
3086 3461 3152 3516 με
3172 3461 3190 3480 ο
3227 3447 3324 3500 καὶ
3359 3446 3416 3499 ἐν
3437 3446 3515 3516 τῷ
3545 3445 3674 3514 νόμῳ
3689 3441 3749 3510 τῷ

2219 3543 2469 3613 ὑμετέρῳ
2501 3543 2833 3612 γέγραπται,
2863 3541 2946 3594 ὅτι
2979 3539 3073 3595 δύο
3109 3540 3416 3612 ἀνθρώπων
3449 3542 3481 3612 ἡ
3513 3541 3746 3612 μαρτυρέα

2221 3633 2427 3704 ἀληθής
2461 3634 2629 3688 ἐστιν.

2291 3728 2448 3782 Ὅσοι
2475 3728 2694 3798 ἀνόμως
2727 3729 2992 3800 ἥμαρτον,
3027 3728 3246 3798 ἀνόμως
3290 3730 3388 3783 καὶ
3417 3729 3746 3784 ἀπολοῦνταν

2217 3819 2311 3875 καὶ
2335 3820 2448 3875 ὅσοι
2495 3821 2554 3875 ἐν
2589 3821 2737 3892 νόμῳ
2766 3821 3037 3892 ἥμαρτον,
3070 3820 3158 3875 διὰ
3207 3821 3376 3892 νόμου
3418 3821 3746 3894 κριθήσονται.

2287 4003 2361 4057 Τδ
2387 4004 2550 4074 νόμον
2578 4004 2781 4072 γνῶναι
2813 4004 3055 4068 διανοίας
3085 4003 3236 4059 ἐστὶν
3269 4005 3506 4075 ἀγαθῆς.

2297 4095 2357 4149 Ὀ
2390 4097 2682 4166 φυλάσσων
2716 4097 2880 4166 νόμον
2908 4099 3116 4168 Κυρίου
3157 4103 3358 4170 κρατεῖ
3392 4097 3484 4152 τοῦ
3527 4097 3749 4168 ἐννοήμασ

2217 4205 2305 4253 τος
2328 4188 2520 4244 αὐτοῦ.

2289 4277 2365 4331 Οὐ
2399 4278 2623 4332 δυνατὸν
2654 4279 2896 4351 σωθῆναι
2931 4281 3005 4353 μὴ
3032 4281 3292 4337 ποιοῦντα
3326 4285 3397 4338 τά
3420 4282 3539 4338 κατ’
3567 4280 3745 4348 ἐντολὴν

2215 4367 2310 4423 τοῦ
2361 4369 2497 4424 Θεοῦ
2530 4370 2702 4442 ἔργα,
2756 4371 2882 4426 οὔτε
2927 4373 2990 4428 τὸ
3035 4375 3286 4444 παριδεῖν
3315 4391 3369 4428 τι
3410 4376 3519 4428 τῶν
3560 4389 3745 4444 προπερ

2213 4462 2501 4530 ταγμένων
2553 4463 2857 4520 ἀκίνδυνον.
2892 4466 3050 4536 Δεινὴ
3085 4467 3193 4536 γὰρ
3243 4469 3290 4537 η’
3311 4468 3541 4539 ἔπαρσις
3590 4464 3744 4536 κριτάς

545 4531 784 4585 inaudita
817 4547 904 4587 res
923 4543 1016 4589 est
1046 4537 1385 4593 constituere
1414 4539 1740 4610 uosjudiees
1760 4545 2110 4618 legislatoris,

545 4635 588 4649 ..ι
628 4622 803 4649 1η.......
843 4624 960 4649 Α..-
1001 4626 1136 4649 ΑΗ--
1201 4628 1480 4649 -J_.2..-_-
1583 4633 1640 4649 ,n
1811 4637 1845 4649 α.
2058 4643 2107 4649 _-

2217 4550 2365 4620 ἡμᾶς
2387 4551 2480 4604 τοῦ
2505 4553 2796 4620 νομοθέτου
2822 4531 3176 4620 καθέζεσθαι,
3205 4531 3299 4610 καὶι
3326 4531 3454 4622 τοὺς
3481 4558 3576 4626 μὲν
3599 4531 3744 4624 ἐγκρί·

541 4635 593 4675 ιί
627 4622 805 4692 legum
840 4624 961 4693 ejus
1000 4626 1140 4682 alias
1199 4628 1524 4696 admittere,
1573 4633 1708 4690 alias
1749 4637 1997 4707 rejicere.
2038 4643 2111 4699 ’Si

2218 4659 2329 4695 νειν
2372 4642 2481 4696 τῶν
2515 4644 2718 4714 νόμων,
2752 4645 2880 4708 τοὺς
2931 4645 2987 4700 δὲ
3025 4622 3520 4718 παραπέμπεσθαι.
3572 4622 3743 4713 Είὴγὰρ

541 4714 683 4766 enim
735 4713 1204 4781 perfectnm'esse
1232 4726 1447 4786 oportet
1497 4718 1592 4775 Dei
1650 4721 1948 4792 hominem,
1998 4743 2112 4782 om-

544 4803 672 4855 nino
723 4803 1092 4858 necessarium
1149 4815 1234 4860 est
1289 4817 1348 4861 ut
1413 4809 1464 4863 iu
1518 4812 1773 4870 omnibus
1829 4820 2112 4889 praeceptis

542 4894 824 4950 absolutus
855 4896 948 4962 sit,
981 4896 1048 4952 ad
1086 4899 1306 4954 modum
1339 4910 1394 4956 et
1421 4916 1690 4959 summam
1727 4907 2111 4976 perfectionem

541 4984 768 5040 Christi.
816 4985 1106 5056 .lmo,-ex
1173 4992 1567 5062 legedivina,
1629 5007 2113 5072 quantumcunque

545 5090 738 5140 purum
775 5077 1222 5148 sitsacriﬂciam,
1255 5083 1531 5156 indignum
1567 5097 1652 5143 est
1689 5089 1838 5144 cultu
1868 5089 1985 5146 Dei.

543 5166 736 5236 Legem
767 5170 1086 5240 observans,
1121 5174 1306 5243 eiicies
1329 5176 1603 5234 timorem.

544 5257 710 5312 Vacat
741 5259 886 5314 enim
906 5261 1103 5320 timore
1131 5266 1361 5334 quilibet
1393 5282 1578 5324 custos
1609 5270 1770 5340 tegis.
1791 5270 2111 5347 (Theologi.)

612 5351 730 5405 Duo
767 5361 894 5407 sunt
923 5355 1124 5423 quibus
1147 5356 1404 5426 regimur,
1443 5369 1636 5415 natura
1663 5371 1718 5417 et
1751 5363 1859 5418 lex.
1893 5364 2112 5422 Fortior

543 5454 720 5500 autem
747 5457 828 5500 est
862 5457 1054 5502 natura
1076 5464 1247 5519 quam
1279 5451 1386 5505 lex.
1501 5503 1509 5512 ,

614 5537 974 5609 δυσίν-νιοϐε.
1014 5539 1263 5599 Peccatis
1298 5542 1736 5616 ex.-.necessitatc
1789 5551 2104 5618 commissis

545 5631 688 5697 leges
715 5630 875 5683 etiam
911 5632 1222 5700 ignoscunt.

477 5780 490 5792 .
611 5717 813 5786 Legum
867 5736 1063 5790 genera
1121 5724 1224 5779 tria
1259 5737 1404 5795 sunt,
1435 5729 1531 5784 lex?
1576 5729 1806 5800 naturae,
1849 5736 1932 5792 lex
1960 5739 2102 5794 scri-

543 5819 631 5878 ptu
666 5825 784 5876 σιιιςυ
815 5807 979 5880 Moysi
1013 5813 1136 5870 data
1167 5825 1251 5871 est
1305 5817 1395 5875 .lex
1430 5820 1640 5889 gratiae.

2217 4732 2299 4786 δεῖ
2327 4733 2532 4786 τέλειον
2585 4729 2724 4788 εἶναι
2772 4737 2864 4789 τδν
2889 4736 2986 4790 τοῦ
3033 4736 3168 4791 Θεοῦ
3214 4739 3528 4809 ἄνθρωπον,
3572 4739 3742 4805 ἀνάγκη

2220 4827 2372 4880 πᾶσα
2399 4826 2486 4880 διὰ
2522 4827 2703 4896 πάσης
2733 4828 2950 4899 ἐντολῆς
2992 4832 3445 4901 καταρτισθῆναι,
3475 4835 3553 4896 είς
3583 4833 3743 4902 μέτρον

2217 4915 2437 4988 ἡλικίας
2478 4915 2574 4968 τοῦ
2628 4915 3000 4987 πληρώματος
3029 4918 3123 4972 τοῦ
3160 4921 3402 4991 Χριστοῦ
3427 4937 3443 4954 ο
3477 4922 3594 4976 ἐπεὶ
3634 4919 3744 4974 κατὰ

2215 5009 2308 5062 τὸν
2366 5009 2508 5062 θεῖον
2559 5010 2746 5079 νόμον,
2803 5011 2904 5064 κᾶν
2954 5013 3190 5085 καθαρὸν
3329 5017 3392 5069 τὸ
3445 5015 3743 5085 τελούμενον.

2213 5101 2587 5171 ἀπρόσδεκτον
2625 5104 2705 5166 είς
2731 5101 2922 5158 θυσίαν
2943 5104 3020 5174 τῷ
3047 5105 3186 5176 Θεῷ.

2354 5192 2572 5261 Νόμους
2605 5193 2912 5261 φυλάττων,
2946 5195 3074 5258 τοὺς
3101 5197 3302 5263 φόϐους
3327 5199 3651 5270 ⁵ἐξω-βαλεῖς.

2244 5307 2260 5325 π
2285 5299 2316 5330 ς·
2339 5281 2534 5338 ιΦόϐων
2560 5285 2673 5357 γὰρ
2711 5286 2818 5352 ἔξω
2851 5289 2958 5351 πᾶς
3000 5291 3028 5341 6
3051 5288 3149 5342 τοῦ
3175 5290 3344 5359 νόμου
3379 5293 3571 5358 φύλαξ.

2283 5378 2382 5430 Δύο
2419 5379 2516 5447 μὲν
2561 5380 2669 5450 γὰρ
2716 5379 2784 5432 τὰ
2816 5379 3071 5460 διάγοντα
3118 5383 3269 5451 ἡμᾶς
3306 5385 3445 5452 ἐστι,
3479 5383 3627 5454 φύσις
3669 5378 3743 5434 καὶ

2122 5519 2125 5523 λ
2209 5467 2396 5534 νόμος.
2430 5469 2640 5537 Κρατεϊ
2667 5469 2723 5522 δὲ
2763 5469 2856 5544 τοῦ
2887 5471 3111 5542 νόμουή
3150 5473 3339 5540 φύσις.

2287 5559 2469 5611 Ἷσασι
2495 5561 2590 5613 καὶ
2635 5560 2684 5612 ei
2721 5551 2968 5630 νόμόιῖτδι
3002 5562 3058 5626 ἐξ
3105 5563 3356 5633 ἀνάγκης
3397 5563 3741 5635 συγγινώσκειν

2211 5648 2612 5720 ἁμαρτήματα.

2283 5740 2411 5811 Εἶδη
2439 5741 2546 5794 τῶν
2575 5743 2756 5814 νόμων
2783 5746 2931 5815 τρία,
2968 5747 3130 5817 νόμος
3157 5750 3186 5801 6
3217 5752 3318 5820 τῆς
3351 5749 3574 5819 φύσεως,
3601 5745 3734 5812 νόμος

2209 5831 2238 5882 ὁ
2264 5829 2355 5882 τοῦ
2385 5833 2712 5904 γράμματος
2746 5837 2773 5890 6
2817 5837 2892 5907 τῷ
2921 5839 3148 5893 Μωῦσεῖ
3179 5840 3388 5910 δοθεὶς,
3431 5841 3580 5911 νόμος
3603 5838 3628 5890 δ
3652 5835 3731 5903 τῆς

2214 5920 2455 5991 χάριτος.
