3928 6564
211 358 278 418 71
949 356 1133 417 LOCI
1173 358 1625 422 COMMUNES.
1662 386 1729 396 —
1757 365 1954 427 PARS
1989 369 2040 433 ι.
2067 331 2324 436 ssnno
2355 377 2629 440 LXVIII.

3327 383 3432 442 ἔμ’ῗὸ

243 475 517 539 Ζάλευκος
548 475 578 530 6
624 475 732 528 τῶν
761 475 990 564 Λοκρῶν
1020 476 1320 547 νομοθέτης
1371 477 1498 541 τοὺς
1549 477 1746 550 νόμους

1920 485 2205 549 Zaleucus.
2247 491 2516 553 Zaleucus
2566 495 2924 556 Locrensium
2976 499 3255 570 legislator
3286 501 3431 572 leges

164 570 285 630 τοῖς
335 567 618 637 ἀραχνίοις
671 546 829 620 εἶπεν
866 546 1095 636 ὁμοίους
1143 546 1305 623 εἶναι.
1358 570 1471 624 Καὶ
1517 546 1628 641 γὰρ
1673 574 1754 636 είς

165 659 359 711 ὲκεῐνιὶ
395 659 492 711 ἐὰν
523 658 742 733 ἐμπέσῃ
776 661 908 727 μυῖα
952 660 986 730 ἢ
1025 660 1252 730 κώνωψ,
1291 661 1613 733 κατέχεται·
1658 664 1756 718 ἐὰν

162 751 222 804 δὲ
258 751 466 822 σφὴξῆ
501 752 752 821 μέλωσα,
796 752 1138 824 διαῤῥήξασα
1162 753 1477 822 ἀφίσταται.
1524 756 1612 808 Ἐν
1640 758 1754 820 τοῖς

171 848 358 912 νόμοις
410 845 508 895 ἐὰν
536 843 759 914 ἐμπέσῃ
791 843 983 913 πένης,
1005 843 1288 911 συνέχεται
1317 862 1330 876 ·
1363 844 1454 897 ἐὰν
1497 845 1551 898 δὲ
1591 845 1754 899 πλούι

168 929 307 996 σος,
337 934 372 1004 ἦ
401 933 631 996 δυνατὸς
656 933 860 1000 λέγειν,
895 933 1195 1006 διαρῥήξας
1221 936 1537 1006 ἀποτρέχει.

242 1026 426 1078 Σίλων
483 1025 781 1095 ἐρωτηθεὶς
832 1026 938 1079 ὐπὸ
966 1043 1130 1091 τινος,
1185 1020 1302 1090 πῶς
1345 1027 1542 1098 ἄριστα
1569 1030 1626 1083 αἱ
1661 1030 1754 1082 πό-

165 1117 286 1179 λεις
329 1116 634 1181 οἰκοῦνται,
688 1116 793 1186 ἔφη
821 1132 835 1149 ο
882 1117 1005 1170 Ἐὰν
1035 1117 1134 1185 μὲν
1165 1114 1216 1171 οί
1261 1119 1475 1172 πολῖται
1499 1123 1610 1182 τοῖς
1657 1121 1756 1192 ἄρ·

168 1226 333 1280 χουσι
363 1211 685 1274 πείθωνται,
715 1211 766 1264 οἱ
787 1210 844 1264 δὲ
871 1210 1132 1281 ἄρχοντες
1160 1212 1274 1275 τοῖς
1297 1211 1504 1280 νόμοις.

243 1304 289 1354 Τ
287 1304 377 1363 οἷς
413 1304 513 1371 μὲν
544 1302 751 1365 δούλοις
782 1303 816 1371 ἡ
847 1301 1060 1372 ἀνάγκη
1089 1301 1274 1372 νόμος,
1315 1305 1430 1368 τοῖς
1461 1303 1519 1358 δὲ
1543 1304 1757 1358 ἐλευθέ-

172 1410 289 1464 ροις
323 1394 353 1446 6
379 1395 544 1463 νόμος
571 1396 806 1465 ἀνάγκη.
1573 1402 1578 1408 ’

244 1487 440 1556 Νόμος
475 1487 726 1558 βούλεται
762 1487 865 1556 μὲν
909 1487 1220 1558 εὐεργετεῖν
1266 1485 1379 1557 βίον
1409 1487 1712 1559 ἀνθρώπων
1738 1505 1756 1520 ο

169 1580 232 1629 ού
271 1579 506 1631 δύναται
555 1578 612 1631 δὲ
661 1580 788 1632 ὅταν
841 1579 997 1633 αὐτοὶ
1049 1577 1352 1648 βούλωνται
1384 1579 1646 1650 πάσχειν·
1700 1583 1759 1636 ἑν

171 1672 286 1742 γὰρ
318 1674 436 1735 τοῖς
469 1671 815 1741 πειθομένοις
857 1670 1191 1725 ἐνδείκνυται
1221 1670 1318 1741 τὴν
1371 1671 1507 1726 ίδίαν
1534 1673 1758 1743 ἀρετήν.

1857 593 2182 640 aranearum
2221 586 2342 644 telis
2402 589 2779 660 comparabat.
2838 590 2946 647 Illis
2970 592 3132 647 enim.
3177 593 3334 664 113
3387 593 3431 647 si

1858 690 2044 733 musca
2069 680 2151 734 vel
2184 680 2347 735 culex
2371 679 2645 750 inciderit,
2683 683 2997 739 detinetur:
3024 685 3111 739 sin
3150 698 3313 755 vespa
3343 693 3437 739 aut

1857 768 1994 837 apis,
2015 769 2212 825 lacerat
2258 771 2419 826 telam
2447 780 2502 827 et
2535 772 2734 828 avolat.
2765 772 2828 828 Et
2865 773 2920 828 in
2969 773 3114 844 leges
3151 774 3197 830 si
3230 788 3438 844 pauper

1859 856 2130 924 inciderit,
2191 860 2456 916 retinetur
2489 878 2504 916 :
2531 862 2614 918 sin
2650 861 2847 932 aliquis
2872 861 3023 919 dives
3051 871 3146 919 aut
3174 863 3436 930 disertus,

1859 963 2219 1018 perrumpens
2247 951 2446 1008 evadit.

1932 1038 2116 1095 Solon.
2150 1042 2317 1099 Solon
2353 1053 2576 1114 rogatus
2605 1061 2634 1101 a
2660 1045 2895 1116 quodam
2926 1046 3203 1116 quomodo
3229 1047 3436 1117 optime

1859 1130 2110 1188 civitates
2151 1134 2554 1201 liabitarentur,
2593 1136 2733 1192 dixit
2767 1155 2781 1192 :
2813 1137 2873 1192 Si
2901 1137 3050 1194 cives
3076 1139 3438 1210 principibus,

1859 1221 2134 1290 principes
2161 1222 2370 1294 legibus
2399 1226 2678 1282 obediant.

1932 1312 2206 1368 Demadis.
2239 1314 2424 1372 Servis
2457 1318 2674 1387 quidem
2710 1319 3006 1376 necessitas
3036 1320 3122 1376 lex
3150 1330 3235 1378 est
3259 1359 3274 1386 ,
3302 1322 3437 1377 libe-

1864 1405 1936 1459 ris
1967 1415 2146 1460 autem
2185 1406 2272 1462 lex
2299 1415 2382 1462 est
2412 1411 2730 1466 necessitas.

1948 1499 2223 1569 Epictecti.
2247 1499 2405 1572 Legis
2431 1516 2626 1572 scopus
2644 1512 2727 1559 est
2741 1503 2880 1560 bene
2905 1505 3101 1561 mereri
3129 1504 3194 1560 de
3216 1507 3322 1558 vita
3345 1504 3442 1560 he-

1864 1593 2108 1659 minum;
2165 1609 2270 1648 non
2320 1593 2504 1664 potest
2530 1604 2710 1650 autem
2743 1611 2870 1668 erga
2913 1598 3168 1653 lmminns
3198 1597 3438 1652 bcneilcn

1862 1700 2006 1751 esse,
2046 1686 2267 1756 quando
2296 1687 2402 1756 ipsi
2439 1688 2546 1758 pati
2573 1689 2799 1756 volunt;
2837 1689 2968 1746 solis
3001 1690 3147 1745 enim
3181 1689 3442 1744 obedien-

1867 1776 2008 1830 tibus
2038 1790 2191 1830 suam
2223 1777 2488 1832 virtutem
2508 1779 2768 1834 declarat.

251 1849 475 1919 Ὠσπερ
519 1849 632 1911 τοῖς
679 1849 930 1903 νοσοῦσιν
975 1849 1148 1920 ίατροὶ
1198 1849 1461 1919 σωτῆρες,
1501 1848 1645 1904 οὕτω
1674 1851 1764 1904 καὶ

1945 1863 2098 1938 ίΕειί
2145 1875 2500 1923 εει-ναιοιρει
2535 1869 2810 1936 medicus;
2844 1867 3102 1940 injuriam
3137 1867 3305 1940 pass'r,
3336 1867 3442 1922 lex.

175 1944 296 2004 τοῖς
332 1943 711 2010 ἀδικουμένοις
744 1944 795 1995 οί
824 1942 996 2012 νόμοι.

250 2033 437 2103 Νόμοι
494 2033 852 2104 άληθέστατοι
895 2036 946 2087 οἱ
1001 2034 1353 2088 δικαιότατοι.

250 2125 432 2196 Νόμῳ
459 2125 554 2178 καὶ
602 2125 823 2197 ἄρχοντι
858 2126 954 2180 καὶ
998 2125 1074 2198 τῷ
1123 2125 1419 2198 σοφωτέρῳ
1472 2126 1643 2183 εἴκειν
1673 2129 1766 2182 κό-

180 2235 370 2286 σμιον.

253 2309 346 2364 Τὰ
376 2310 532 2382 παρὰ
561 2311 725 2382 νόμον
762 2310 1025 2382 γινόμενα
1052 2312 1174 2367 ἀντὶ
1207 2313 1282 2384 μὴ
1308 2313 1609 2384 γινομένων
1634 2312 1765 2366 εἰσί.

781 2448 1002 2501 ΛΟΓΟΣ
1054 2449 1182 2504 Ξιιν.

249 2586 401 2657 Περὶ
433 2584 539 2641 τοῦ
562 2586 653 2638 ὅτι
681 2583 780 2638 δεῖ
803 2583 999 2708 τιμᾷια·ί
1019 2586 1262 2654 ἀρετὴν,
1292 2587 1394 2641 καί
1424 2586 1699 2649 κολάζειν

858 2671 973 2708 κακ
1002 2672 1102 2708 αν.

858 2671 1102 2711 κακιαν.

263 2773 736 2847 Ἑκπορευσονται
760 2769 810 2822 οἱ
836 2769 904 2821 τὰ
939 2769 1119 2836 ἀγαθὰ
1152 2770 1478 2840 ποιήσαντες
1523 2773 1604 2836 είς
1641 2772 1769 2828 ἀνά-

183 2881 386 2919 στασιν
421 2864 587 2930 ζωῆς,
619 2864 667 2915 oi
715 2861 772 2915 δὲ
822 2861 892 2914 τὰ
952 2861 1136 2932 φαῦλα
1170 2861 1478 2933 πράξαντες
1509 2865 1590 2928 εἰς
1625 2865 1766 2919 ἀνά-

183 2977 284 3013 στα
295 2975 386 3010 σιν
429 2959 691 3026 κρίσεως.

257 3047 392 3104 Οἵδε
445 3049 652 3116 Κύριος
705 3045 949 3115 enasset;
1002 3046 1067 3098 ὲκ
1120 3047 1433 3117 πειρασμοῦ
1493 3047 1764 3116 ῥύεσθαι,

1945 2053 2114 2123 Leges
2139 2053 2440 2108 verissimae
2464 2061 2594 2109 sunt
2621 2067 2742 2122 quae
2762 2052 3106 2120 iustissimae.

1943 2144 2069 2214 Legi
2103 2153 2157 2200 ct
2198 2145 2426 2215 principi
2463 2157 2520 2200 et
2575 2144 2894 2214 sapientiori
2949 2145 3142 2200 cedere
3182 2143 3444 2200 decorum

1869 2245 1971 2290 εει.

1940 2328 2072 2394 Quae
2101 2339 2294 2400 praeter
2321 2331 2490 2401 legem
2525 2330 2681 2396 (lunt,
2703 2345 2802 2401 pro
2833 2346 2940 2386 non
2961 2331 3119 2389 factis
3150 2331 3444 2386 habentur.

2295 2463 2530 2520 SERMO
2551 2462 2764 2518 LXVIII
2797 2463 2899 2536 [αι.
2932 2462 3025 2534 11].

1882 2600 2139 2658 Virtutem
2187 2600 2550 2654 honorandum
2598 2610 2645 2655 et
2702 2601 2884 2656 vitium
2943 2598 3267 2667 puniendum
3317 2613 3449 2652 esse.

1938 2779 2100 2835 Joan.
2136 2797 2188 2836 v.
2221 2779 2576 2850 Egredientur
2619 2778 2714 2848 qui
2769 2779 2910 2834 bona
2952 2774 3316 2842 iecerunt,ad
3362 2788 3448 2829 re.

1870 2874 2264 2930 surrectionem
2340 2872 2491 2937 vitre,
2525 2871 2618 2941 qui
2665 2884 2797 2926 vero
2847 2869 2990 2924 mala
3048 2875 3452 2941 perpetrarunt,

1869 2964 1935 3020 ad
1969 2964 2419 3020 resurrectionem
2441 2963 2658 3032 iudicii.

1949 3056 2009 3111 ΙΙ
2043 3057 2193 3112 Pelr.
2245 3073 2302 3112 ιι.
2341 3055 2503 3111 Novit
2567 3055 2828 3111 Dominus
2873 3053 2993 3124 pios
3046 3067 3076 3107 a
3137 3052 3466 3108 tentationc-

183 3141 412 3204 ἀδίκους
458 3139 516 3193 δὲ
560 3139 642 3200 είς
671 3135 891 3208 ἡμέραν
923 3135 1166 3206 κρίσεως
1219 3137 1624 3209 κολαζομένους
1672 3155 1767 3211 τη-

1917 3149 2127 3214 herare,
2153 3149 2389 3216 iniustos
2417 3157 2600 3204 autem
2634 3145 2702 3202 ad
2735 3146 2880 3202 diem
2931 3144 3126 3217 judicii
3153 3144 3470 3216 puniendos.

221 3237 330 3287 εἰν.

221 3251 330 3287 ειν.
537 3277 542 3282 ,

187 3250 663 3396 ρ,Ζημιουμένον
697 3321 998 3376 ἀκολάστου
1020 3359 1040 3387 ,
1080 3323 1522 3395 πανουργότερος
1565 3323 1772 3392 γίνεται

183 3423 424 3482 ἄκακος.

259 3515 607 3586 Πανοῦργος,
631 3516 758 3572 ἰδὼν
774 3532 910 3588 now;
920 3514 1013 3588 ρδν
1031 3512 1275 3585 τιμωροῦ
1284 3527 1466 3579 μενον,
1493 3509 1777 3580 κραταιῶς

187 3608 360 3670 αὐτὸς
394 3607 738 3662 παιδεύεται.

258 3701 344 3754 οο
375 3699 586 3754 δίκαιον
617 3701 884 3769 ἁτιμᾶσαι
942 3695 1161 3769 πτῳχδν
1191 3693 1436 3759 συνετὸν,
1461 3691 1559 3746 καὶ
1582 3691 1641 3746 οὐ
1674 3707 1778 3746 κα-

189 3793 370 3862 θῆκον
397 3792 622 3859 δοξάσαι
671 3792 841 3863 ἄνδρα
872 3789 1220 3861 ἁμαρτωλόν.

265 3883 374 3946 Δὸς
413 3882 495 3952 τῷ
518 3881 780 3952 δεομένῳ,
807 3881 903 3935 καὶ
937 3882 1013 3950 μὴ
1049 3879 1155 3950 δῷς
1205 3877 1283 3947 τῷ
1317 3875 1655 3946 ὁρχουμένῳ,
1692 3873 1781 3927 ἶνα

197 3977 275 4046 μὴ
309 3975 456 4046 μετὰ
496 3973 603 4026 τῶν
637 3972 746 4025 σῶν
781 3975 1088 4044 χρημάτων
1125 3972 1222 4026 καὶ
1252 3971 1351 4040 τὴν
1373 3969 1554 4038 ψυχὴν
1580 3965 1782 4019 ἀπολέ-

197 4083 302 4138 σῃς
336 4065 436 4135 τὴν
471 4064 679 4117 ἐκείνου
703 4081 718 4096 ο
751 4063 817 4117 σὺ
840 4065 949 4132 γὰρ
977 4063 1148 4127 αἴτιος
1186 4057 1238 4116 εἴ
1267 4061 1368 4130 τῆς
1399 4059 1616 4112 ἐκείνου
1634 4059 1786 4112 ἀπω-

195 4160 355 4219 λείας
406 4157 498 4210 διὰ
535 4157 634 4224 τῆς
668 4155 902 4226 ἀκαίρου
956 4153 1292 4224 φιλοτιμίας.
1337 4153 1400 4205 El
1448 4150 1558 4221 γὰρ
1599 4151 1649 4202 οἱ
1691 4150 1784 4202 ἐπὶ

196 4249 299 4316 τῆς
347 4248 664 4317 ὀρχήστρας
713 4246 930 4317 ᾔδεσαν,
970 4247 1054 4299 ὅτι
1101 4247 1162 4298 τὸ
1205 4244 1550 4312 ἐπιτήδευμα
1601 4241 1785 4303 αὐτοῖς

197 4331 434 4410 ἁκερδὲς
461 4338 687 4408 ἔμελλεν
712 4338 954 4403 ἔσεσθαι,
985 4337 1156 4392 πάλαι
1186 4335 1253 4392 ἂν
1282 4320 1598 4388 ἐπαύσαντο
1612 4331 1785 4387 ταῦτα

199 4430 646 4498 ἐπιτηδεύοντες.

1875 3255 2172 3296 reservare.

1945 3331 2214 3388 Solomon.
2259 3315 2397 3386 Cum
2451 3329 2675 3401 punitur
2731 3327 3078 3394 luxuriosus,
3132 3323 3455 3396 prudentior

1877 3422 2061 3479 evadit
2091 3422 2384 3476 innocens.

1948 3514 2194 3570 Prudens
2247 3512 2420 3568 multo
2477 3512 2536 3567 tit
2565 3510 2778 3568 doctior
2820 3523 2944 3566 cum
2974 3506 3121 3564 videt
3147 3505 3455 3577 improbum

1877 3608 2080 3680 puniri.

1950 3699 2122 3756 Eccli.
2153 3716 2208 3756 ι.
2241 3697 2541 3769 Pauperem
2595 3695 2922 3768 prudentem
2962 3701 3314 3751 contemnere
3341 3705 3450 3746 non

1875 3796 2081 3866 justum
2107 3805 2210 3860 est,
2239 3807 2413 3863 neque
2443 3799 2786 3862 peccatorem
2842 3789 3050 3843 honore
3099 3784 3239 3840 allici
3282 3785 3454 3838 decet.

1954 3885 2016 3941 S.
2041 3885 2314 3955 Chrysost.
2348 3882 2542 3956 Egenti
2595 3882 2745 3944 dato,
2781 3890 2835 3936 et
2867 3879 3084 3936 saltanti
3119 3893 3189 3932 ne
3220 3875 3459 3935 dederis.

1882 3987 1951 4026 ne
1980 3987 2102 4026 cum
2140 3973 2245 4026 tuis
2278 3972 2521 4041 pecuniis
2557 3971 2802 4025 animam
2825 3983 3038 4038 quoque
3065 3967 3210 4021 illius
3241 3967 3460 4036 perdas.

1884 4061 1965 4117 Tu
1996 4064 2141 4118 extim
2178 4063 2558 4133 intempestiva
2591 4061 2924 4116 liberalitate
2941 4073 3107 4114 causa
3126 4073 3185 4113 cs
3209 4056 3466 4127 perditio-

1886 4153 1971 4208 nis
2021 4153 2161 4224 ejus.
2211 4153 2368 4218 Nam,
2409 4154 2456 4208 si
2489 4153 2699 4208 scirent
2736 4152 2829 4222 qui
2869 4148 3218 4219 frequentant
3267 4148 3463 4202 orche-

1886 4255 2080 4314 stram,
2141 4247 2334 4301 inutile
2376 4246 2480 4302 sibi
2533 4246 2640 4301 hoc
2664 4244 2905 4300 studium
2952 4242 3216 4305 futurum,
3248 4240 3472 4311 pridenr

1888 4354 2021 4394 sane
2043 4338 2131 4394 bis
2161 4337 2325 4393 rebus
2359 4351 2554 4393 vacare
2583 4337 2900 4393 desiissent.

285 4524 498 4576 Ἀδικεὶ
525 4523 652 4584 τοὺς
704 4518 945 4589 ἀγαθοὺς
989 4521 1016 4574 6
1065 4517 1385 4588 φειδόμενος
1418 4514 1527 4568 τῶν
1575 4513 1773 4567 κακῶν.

1966 4517 2082 4575 Ita.
2116 4517 2358 4589 Iniurius
2383 4524 2467 4574 est
2499 4516 2660 4573 bonis
2693 4516 2782 4586 qui
2815 4513 2993 4586 parcit
3032 4511 3215 4568 malis.

278 4609 442 4666 Ὅσοι
470 4614 597 4676 τοὺς
630 4611 952 4673 ἀδικοῦντας
985 4609 1330 4675 κολάζουσιν,
1358 4605 1507 4660 οῦτοι
1543 4606 1668 4668 τοὺς
1698 4603 1788 4656 6.).-

202 4707 338 4774 λους
365 4704 674 4759 ἀδικεῖσθαι
704 4704 1030 4757 κωλύουσιν.

292 4797 358 4851 '0
390 4795 594 4866 ἀρετὴν
613 4795 790 4864 τιμῶν
821 4793 1047 4864 πρώτην
1075 4792 1334 4863 ἀλήθειαν
1357 4789 1524 4860 τιμᾷ,
1560 4785 1654 4841 καὶ⁵
1691 4785 1793 4854 μά-

204 4890 374 4944 λιστα
395 4889 472 4952 ὡς
501 4886 710 4958 ἀγαθοῦ
742 4886 943 4948 παντὸς
964 4883 1433 4955 ἡγεμονεύουσαν.

279 4996 464 5050 Σόλων
495 4999 524 5049 6
556 4997 718 5064 σοφὸς
751 4994 971 5063 ἐκείνην
997 4990 1152 5047 εἶπεν
1183 4994 1383 5064 ἄριστα
1405 4989 1674 5045 οἰκεῖσθαι
1695 4990 1796 5058 τὴν

209 5082 408 5154 πόλιν,’
431 5089 492 5140 ὲν
521 5081 556 5162 ᾖ
588 5088 716 5150 τοὺς
745 5085 986 5155 ἀγαθοὺς
1026 5084 1317 5154 συμϐαίνει
1347 5081 1645 5153 τιμᾶσθαι,
1685 5081 1792 5134 κά-

211 5197 389 5234 κιστα
421 5179 479 5234 δὲ
508 5179 804 5244 οἰκεῖσθαι,
837 5181 894 5233 ἐν
987 5181 1114 5244 τοὺς
1147 5177 1372 5242 κακούς.

285 5292 394 5346 Δύο
427 5293 680 5362 ἀφορμαὶ
718 5291 962 5344 κινοῦσιν
997 5290 1284 5362 ἄνθρωπον
1307 5289 1388 5352 είς
1421 5286 1558 5341 Θεοῦ
1601 5286 1796 5352 ὲτιιμέο

217 5386 395 5450 λειαν,
450 5383 696 5453 τιμωρία
740 5383 1086 5446 δυσσεϐείας,
1133 5382 1228 5435 καὶ
1267 5380 1495 5451 γνώμης
1540 5377 1798 5439 εὐσεϐοῦς

214 5477 471 5549 ἀμοιὸαί.
795 5549 800 5554 “

307 5591 612 5662 ’Δφόρητος
639 5593 853 5660 γίνεται
881 5589 1057 5646 κακία
1084 5589 1483 5659 ἐπαινουμένη.

292 5706 388 5776 Μὴ
449 5705 774 5776 τιμωμένης
818 5705 1022 5777 ἀρετῆς
1081 5703 1343 5775 ήικακία
1429 5697 1799 5772 παρρησιάζε-

220 5819 336 5857 ται.

1964 4610 2067 4678 Qui
2103 4610 2338 4681 puniunt
2375 4609 2629 4680 injurios,
2661 4623 2728 4664 ne
2761 4608 2884 4664 aliis
2911 4605 3125 4678 injuria
3156 4605 3250 4660 ﬁat
3282 4602 3472 4674 probi-

1898 4707 2048 4759 bent.

1964 4797 2068 4862 Qui
2126 4797 2382 4852 virtutem
2431 4795 2583 4860 colit,
2611 4793 2790 4864 primo
2812 4804 2867 4848 et
2914 4792 3152 4848 maxime
3184 4792 3473 4848 veritatem

1897 4889 2024 4942 colit
2055 4929 2070 4950 ,
2107 4897 2294 4957 utpote
2325 4888 2520 4943 ducem
2552 4885 2819 4941 bonorum
2854 4883 3127 4938 omnium.

1972 5001 2159 5057 Solon.
2192 4999 2358 5054 Solon
2391 4999 2480 5055 ille
2533 4998 2755 5068 sapiens
2814 4996 3021 5067 optime
3063 4996 3205 5052 dixit
3243 4995 3473 5050 habitari

1901 5095 2174 5151 civitatem
2207 5093 2378 5156 illam,
2409 5094 2461 5147 in
2496 5106 2606 5162 qua
2648 5089 2778 5147 boni
2836 5090 3201 5156 honorantur,
3242 5089 3478 5158 pessinc

1900 5193 2079 5237 autem
2116 5181 2290 5246 illam,
2326 5181 2382 5234 in
2409 5195 2514 5249 qua
2547 5179 2702 5233 mali.

1974 5295 2144 5350 Sexti.
2184 5293 2314 5348 Diue
2341 5307 2518 5348 causae
2558 5303 2777 5349 movent
2815 5293 3089 5347 hominem
3147 5289 3213 5344 ad
3265 5287 3475 5342 cultum

1904 5390 2021 5453 Dei,
2057 5387 2352 5458 impietatis
2386 5401 2583 5458 pinna,
2630 5394 2686 5442 et
2722 5385 2926 5442 mentis
2951 5383 3052 5453 pia:
3082 5377 3474 5435 remuneratio.

1976 5587 2297 5660 Improbitas
2324 5587 2370 5643 si
2399 5585 2669 5651 laudetur,
2706 5580 3066 5639 intolerabilis
3095 5579 3177 5634 Iit.

1974 5700 2223 5770 Procopii
2264 5699 2508 5753 rhetoris.
2556 5697 2659 5753 Ubi
2695 5697 2868 5751 virtus
2914 5709 3020 5750 non
3054 5692 3375 5760 honoratur,
3402 5667 3477 5747 ibi

1907 5791 2110 5847 malitia
2137 5791 2382 5845 libertate
2410 5787 2630 5842 fruitur.
