3928 6558
303 471 412 538 993

1046 476 1220 536 LOCI
1253 429 1703 535 constitues.
1739 497 1808 509 —
1835 473 2034 536 PARS
2078 476 2131 539 Ι.
2161 472 2418 538 smne
2451 476 2708 538 Lxxw.

3437 481 3547 546 991

365 580 468 638 Ὧν
496 583 792 655 ᾶκοσμοςό
842 582 976 656 βίος,
1019 585 1229 650 τούτοις
1278 586 1310 654 ἡ
1374 583 1553 656 σιωπὴ
1617 583 1862 654 μέγιστος

2050 589 2294 653 Quorum
2339 589 2589 644 indecora
2619 589 2730 642 vita
2753 593 2858 654 est,
2897 586 3003 643 illis
3030 589 3330 645 maximum
3371 592 3538 650 decus

295 678 520 748 κόσμος.

365 767 742 838 Δημοσθένης,
779 768 1066 839 μειρακίου
1093 768 1245 838 παρὰ
1267 767 1432 823 πότον
1455 765 1623 820 πολλὰ
1646 767 1874 838 ληροῦν-

293 875 382 922 τος
442 861 537 913 καὶ
575 859 650 930 μὴ
681 859 1007 930 βουλομένου
1043 861 1337 932 σιωπῆσαι,
1374 859 1701 930 Μειράκιον,
1725 854 1872 924 εἶπε,

296 951 413 1012 πῶς
434 951 568 1023 παρ’
591 947 652 1006 οὗ
685 951 888 1022 ἔμαθες
909 953 1113 1016 λαλεῖν,
1151 952 1281 1024 παρ’
1315 952 1479 1013 αὑτοῦ
1513 953 1728 1024 σιωπᾷν
1774 953 1874 1004 οὐκ

292 1043 498 1112 ἔμαθες
531 1061 545 1108 ;

378 1135 761 1198 Ὀνειδίξοντος
793 1136 940 1206 αὑτῷ
975 1153 1088 1188 τιιιο
1149 1137 1230 1189 ὅτι
1254 1136 1432 1206 στόμα
1461 1136 1694 1199 δυσῶδες
1721 1134 1833 1208 εἶχε
1855 1153 1870 1167 ο

292 1225 474 1281 Πολλὰ
494 1229 623 1297 γὰρ,
649 1226 824 1294 εἶπεν,
847 1229 994 1299 αὐτῷ
1013 1230 1117 1283 τῶν
1137 1231 1466 1302 ἀπορρήτων
1491 1232 1870 1302 ὲγκατεσάπη.

892 1388 1112 1442 ΛΟΓΟΣ
1151 1391 1267 1445 ΟΔ’.

287 1504 429 1572 Περὶ
465 1505 828 1573 πολυλόγων
857 1505 955 1576 καὶ
988 1507 1366 1574 ταχυλόγων,
1400 1507 1496 1560 καὶ
1536 1505 1872 1576 ἐκφερομυ-

773 1575 1040 1628 θοὺντων
1067 1577 1390 1645 μυστήρια.

369 1685 433 1740 Ὃ
465 1687 537 1740 τὰ
571 1686 743 1746 πολλὰ
777 1687 956 1756 λέγων
989 1689 1082 1742 καὶ
1117 1689 1532 1744 ἁντακούσεται.
1569 1690 1661 1763 Μὴ
1700 1691 1869 1755 πολὺς

282 1777 343 1834 ἐν
385 1780 599 1848 ῥήμασι
637 1781 812 1850 γίνου.
847 1781 1027 1852 Μέχρι
1061 1781 1206 1845 τίνος
1247 1783 1308 1837 οὐ
1349 1784 1680 1853 σιωπήσεις;
1719 1784 1862 1842 Ἐπίο

282 1887 440 1941 σχες,
467 1872 555 1928 ἵνα
582 1874 678 1926 καὶ
703 1874 856 1927 αὐτοὶ
884 1874 1230 1946 λαλήσωμεν.
1257 1877 1358 1932 Διὰ
1382 1880 1436 1928 τί
1459 1875 1648 1945 ὥσπερ
1673 1877 1870 1946 τετράς

282 1964 428 2018 ποδα
459 1965 850 2034 ἐσιωπήσαμεν
881 1966 1119 2022 ἐναντίον
1150 1983 1284 2034 sou;

370 2056 538 2128 Ἀνὴρ
559 2057 887 2129 γλωσσώδης
908 2060 969 2112 οὐ
995 2058 1489 2130 κατευθυνθήσεται
1512 2059 1606 2115 ἐπὶ
1625 2061 1721 2130 τῆς
1740 2061 1863 2129 γῆς.

359 2151 644 2214 Ἤκουσας
674 2150 852 2219 λόγον,
889 2152 1310 2208 ωναποθανέτω
1341 2169 1443 2208 σοι.

351 2239 451 2311 Μὴ
486 2239 596 2294 ἴσοι
630 2241 800 2311 ταχὺς
835 2240 893 2294 ιν
924 2240 1140 2310 λόγοις,
1174 2243 1269 2294 καὶ
1308 2242 1384 2310 μὴ
1422 2238 1867 2311 συμπαρεκτείνῃ

280 2332 458 2403 πένης
491 2331 566 2385 ὢν
597 2331 874 2404 πλουσίῳ,
910 2333 1046 2404 μηδὲ
1077 2333 1233 2407 ζήτει
1262 2333 1368 2386 τῶν
1401 2333 1582 2402 σοφῶν
1613 2326 1749 2385 εἶναι
1783 2348 1869 2384 σο-

278 2424 431 2494 φῶτε
441 2441 554 2495 ρος.

367 2517 469 2570 Ἐκ
500 2516 826 2586 πολυλογίας
855 2518 956 2572 οὒκ
985 2517 1224 2589 ἐκφεύξῃ
1253 2517 1552 2588 ἁμαρτίαν.

370 2609 503 2662 Ἐὰν
535 2608 837 2682 ἑξελκύσῃς
875 2609 1069 2677 λόγον,
1106 2609 1489 2674 ἑξολκύσονται
1531 2611 1739 2682 κρίσεις
1777 2613 1872 2670 καὶ

283 2719 490 2772 μαχαμ

359 2797 549 2850 Ἔστιν
585 2797 837 2868 ἐλεγχος,
877 2797 974 2850 καὶ
1010 2797 1112 2851 οὐκ
1152 2798 1300 2850 ἔστιν
1333 2797 1534 2868 ὡραῖος
1559 2813 1574 2828 ⁸
1611 2799 1706 2852 καὶ
1750 2799 1868 2860 ἐστι

278 2907 370 2952 τις
405 2891 592 2956 σιγῶν,
621 2893 716 2943 καὶ
746 2892 1134 2961 εὑρισκόμενος
1169 2893 1352 2958 σοφός.

359 2983 460 3044 Ὃς
505 2982 858 3051 ἀποκρίνεται
903 2981 1029 3050 πρὶν
1074 2982 1333 3043 ἀκούσαι,
1383 2979 1666 3050 ἁφρονύνῃ
1721 2979 1871 3051 αὑτῷ

280 3076 405 3126 ἐστι
439 3075 532 3124 καὶ
562 3073 786 3134 ὄνειδος.
839 3083 844 3087 ‘

356 3167 425 3218 Ol
453 3166 771 3217 ἀπαίδευτοι
804 3165 1063 3234 ἀκρατεῖς
1098 3161 1337 3231 γλώσσῃ.

367 3257 499 3312 Ἐὰν
532 3261 646 3328 ίᾷῃς
675 3258 843 3328 ἄνδρα
870 3260 1041 3326 ταχὺν
1069 3258 1126 3308 ἐν
1155 3255 1332 3322 λόγοις
1354 3294 1369 3320 ,
1402 3253 1636 3323 γίνωσκε
1667 3255 1750 3308 ὅτι
1783 3256 1867 3309 ἐλ-

277 3348 416 3410 πίδα
445 3351 555 3419 ἔχει
589 3349 786 3418 μᾶλλον
814 3351 841 3400 ὁ
871 3348 1061 3418 ἄφρων
1088 3347 1276 3402 αὐτοῦ.

358 3441 426 3494 'U
460 3444 649 3510 ἄφρων
682 3439 943 3518 πληθύνει
976 3439 1190 3506 λόγους⁶
1225 3441 1253 3494 ό
1286 3439 1598 3506 πλεονάζων
1629 3442 1685 3494 ὲν
1718 3439 1862 3511 λόγῳ

279 3533 676 3605 μισηθήσεται.
830 3591 844 3595 _

352 3627 514 3697 Φωνὴ
541 3626 777 3697 ἄφρονος
805 3627 863 3680 ὲν
894 3625 1091 3696 πλήθει
1118 3625 1314 3694 λόγων.

349 3811 448 3882 Μὴ
477 3813 629 3880 γίνου
667 3811 839 3881 ταχὺς
867 3811 926 3862 ὲν
977 3809 1122 3878 λόγῳ
1170 3823 1288 3873 σου,
1321 3806 1454 3876 μηδὲ
1507 3803 1713 3876 νωθρὸς
1763 3805 1856 3858 καὶ

277 3905 614 3973 παρειμένος
645 3903 703 3955 ὲν
729 3903 912 3968 λόγοις
946 3917 1062 3954 σου.

351 3996 524 4068 Χείλη
556 3995 871 4048 πολυλάλων
899 3993 968 4047 τὰ
994 3994 1094 4046 οὐκ
1125 3990 1303 4045 αὐτῶν
1331 3991 1705 4061 διηγήσονται.

365 4183 427 4235 '0
461 4183 631 4236 θέλων
665 4180 809 4249 ζωὴν
843 4178 938 4232 καλ⁸
971 4176 1204 4246 ἀγαπῶν
1238 4173 1450 4244 ἡμέρας
1489 4173 1617 4226 ἰδεῖν
1650 4171 1859 4239 ἀγαθὰς

279 4274 592 4329 παυσάσθω
626 4271 724 4341 τὴν
759 4269 1008 4339 γλῶσσαν
1041 4269 1148 4321 ἀπὸ
1191 4264 1364 4319 κακοῦ
1385 4305 1400 4328 ,
1435 4265 1526 4316 καὶ
1570 4265 1722 4334 χείλη
1759 4263 1858 4326 τοῦ

283 4369 361 4437 μὴ
392 4366 620 4435 λαλῆσαι
649 4363 796 4423 δόλον
816 4403 832 4429 ,
865 4359 1168 4414 ἐκκλινάτω
1198 4359 1303 4410 ἀπὸ
1334 4355 1505 4410 κακοῦ
1525 4395 1542 4422 ,
1575 4355 1667 4422 καὶ
1696 4370 1857 4422 ποιη-

280 4460 435 4511 σὰτω
493 4456 735 4524 ἀγαθὸν,
792 4453 1086 4524 ζητησάτω
1142 4452 1401 4521 εἰρήνην,
1462 4448 1557 4500 καὶ
1614 4446 1860 4512 διωξάτω

274 4551 480 4620 βύτὴν.

1973 687 2056 733 est
2083 681 2381 736 silentium.
3203 733 3209 736 -

2055 773 2445 830 Demosthenis.
2481 761 2894 843 Demosthenes,
2919 789 3040 830 cum
3070 775 3386 831 adolescens
3423 778 3547 847 qui-

1974 871 2097 926 dam
2135 873 2280 925 inter
2314 869 2510 939 pocula
2545 869 2745 924 multas
2795 883 2969 939 nugas
3001 868 3254 936 eﬂiitiret,
3281 878 3334 923 et
3361 877 3545 925 tacere

1975 965 2179 1019 nollet:
2221 963 2573 1028 Δλιοιεεοθηε,
2601 963 2758 1027 dixit,
2811 963 3087 1032 quomodo
3138 978 3248 1017 non
3300 963 3541 1019 didicisti

1974 1064 2157 1110 tacere
2187 1055 2254 1109 ab
2286 1055 2399 1119 illo,
2433 1071 2463 1109 a
2499 1070 2608 1125 quo
2638 1054 2878 1110 didicisti
2917 1055 3110 1125 loqui?

2042 1146 2178 1200 Cum
2223 1148 2488 1217 objiceret
2542 1153 2588 1202 ci
2636 1151 2856 1214 quidam
2915 1149 3030 1202 oris
3083 1148 3340 1203 ictorem:
3381 1146 3544 1204 Multa

1971 1238 2138 1302 enim,
2179 1236 2338 1301 dixit,
2381 1247 2586 1292 secreta
2621 1238 2674 1293 in
2703 1255 2767 1293 eo
2801 1247 3278 1308 computruerunt.

2289 1395 2524 1451 sermo
2561 1397 2769 1452 LXXIV
2831 1396 2934 1470 [aL
2970 1398 3195 1471 XCVI].

1973 1507 2047 1562 De
2088 1507 2418 1578 multiloquis
2465 1520 2514 1565 et
2557 1515 2798 1584 festinate
2863 1515 3214 1584 loquentibus,
3247 1521 3294 1567 et
3339 1528 3543 1567 arcana

2573 1583 2933 1656 e/fereutibus.

2040 1687 2142 1742 Job
2182 1705 2256 1744 xl.
2280 1689 2385 1756 Qui
2423 1691 2588 1746 multa
2624 1693 2778 1757 dicit,
2805 1695 2895 1749 ille
2948 1694 3190 1750 vicissim
3239 1694 3441 1748 audiet.
3467 1691 3546 1748 Ne

1970 1779 2046 1834 sis
2075 1781 2276 1834 multus
2308 1782 2360 1836 in
2394 1783 2591 1837 verbis.
2635 1783 2932 1856 Quousque
2963 1800 3070 1838 nou
3112 1783 3362 1838 tacebis?
3400 1781 3545 1836 Tace

1973 1878 2033 1926 ut
2065 1882 2116 1924 et
2139 1871 2241 1942 ipsi
2271 1873 2577 1942 loquamur.
2608 1875 2717 1930 Cur
2745 1877 2906 1931 veluti
2937 1875 3315 1946 quadrupedes
3347 1875 3546 1929 tacebi—

1895 1955 1942 2015 B
1973 1977 2092 2015 mus
2115 1977 2297 2017 coram
2333 1974 2384 2020 te
2408 1966 2432 2021 ?

2042 2049 2234 2107 David.
2276 2053 2366 2108 Vir
2400 2057 2618 2125 lingua:
2665 2072 2769 2110 non
2799 2056 3104 2113 fortunatus
3139 2058 3242 2113 erit
3272 2058 3323 2112 in
3372 2065 3540 2112 terra.

2042 2143 2313 2202 Solomon.
2348 2151 2614 2205 Audivisti
2638 2165 2972 2216 sermonem,
2998 2153 3394 2206 commoriatur
3421 2149 3538 2203 tibi.

2049 2238 2128 2294 Ne
2158 2241 2234 2295 sis
2250 2243 2392 2298 celer
2423 2243 2476 2296 in
2509 2244 2704 2310 verbis,
2726 2253 2775 2298 et
2799 2260 2884 2309 ne,
2905 2260 3110 2314 pauper
3135 2259 3257 2300 cuin
3284 2243 3384 2310 sis,
3405 2257 3544 2296 con-

1973 2335 2164 2390 lendas
2229 2351 2351 2390 eum
2406 2336 2594 2400 divite,
2625 2351 2802 2406 neque
2842 2337 3142 2406 sapientior
3197 2337 3540 2406 sapientibus

1971 2445 2092 2485 esse
2121 2444 2356 2501 quazras.

2044 2520 2148 2574 Per
2177 2520 2581 2588 multiloquium
2606 2536 2713 2574 non
2750 2520 2976 2591 effugies
2997 2531 3301 2587 peccatum.

2045 2609 2098 2669 Si
2138 2613 2472 2680 protraxeris
2499 2628 2832 2678 sermonem,
2871 2615 3244 2670 contentiones
3271 2621 3322 2666 et
3349 2628 3541 2683 pugnae

1975 2706 2380 2775 protrahuntur.

2048 2795 2211 2849 Eccli.
2245 2811 2334 2849 xx.
2371 2795 2464 2851 Est
2494 2809 2620 2850 cum
2669 2793 2890 2850 minime
2934 2793 3008 2848 sit
3061 2796 3305 2862 speciosa
3354 2811 3540 2864 reprc-

1976 2888 2187 2947 bensio,
2218 2898 2270 2941 ct
2292 2895 2371 2940 est
2403 2903 2529 2941 cum
2564 2887 2688 2956 quis
2717 2888 2991 2955 sapienter
3022 2897 3216 2942 taceat.

2047 2975 2204 3032 Prov.
2241 2992 2396 3030 xviii.
2425 2975 2528 3041 Qui
2566 2976 2854 3043 respondet
2905 2978 3220 3046 priusquam
3273 2977 3538 3045 audierit,

1975 3069 2284 3138 insipientia
2317 3079 2368 3122 et
2396 3069 2658 3125 dedecore
2689 3079 2930 3124 notatur.

2044 3160 2286 3229 Imperiti
2321 3161 2558 3228 linguam
2591 3161 2871 3216 continere
2906 3164 3180 3217 nesciunt.

2048 3251 2204 3320 122
2256 3250 2312 3306 Si
2373 3252 2570 3328 videris
2627 3254 2903 3308 hominem
2953 3255 3221 3324 loquendo
3275 3257 3537 3328 Velocem,

1967 3343 2108 3397 scias
2139 3343 2257 3412 plus
2289 3345 2400 3414 spei
2431 3360 2551 3398 esse
2581 3346 2748 3399 stulto
2775 3361 2939 3415 quam
2972 3349 3097 3416 ipsi.
3195 3373 3200 3378 -

2023 3433 2292 3504 [nsipiens
2334 3436 2656 3506 multiplicat
2698 3439 2901 3505 verba;
2943 3441 3036 3510 qui
3085 3441 3326 3496 abundat
3356 3445 3536 3502 verbis

1964 3525 2250 3582 habebitur
2272 3529 2417 3583 odio.

1964 3620 2205 3752 ωῐξεὲιὶ.
2251 3621 2444 3677 Sermo
2477 3622 2787 3694 insipientis
2835 3626 2891 3679 iu
2941 3625 3292 3682 multitudine
3334 3624 3534 3681 verbo-

2141 3707 2166 3744 s
2195 3729 2210 3744 .

2141 3707 2210 3744 5L

2033 3779 2112 3834 Ne
2141 3782 2216 3835 sis
2258 3798 2500 3853 praeceps
2531 3783 2584 3841 in
2617 3800 2870 3858 sermone
2912 3794 3026 3854 tuo,
3081 3801 3256 3856 neque
3300 3787 3451 3858 piger
3480 3795 3536 3842 et

1965 3872 2231 3927 remissus
2263 3873 2314 3927 in
2343 3876 2522 3932 verbis
2555 3877 2686 3934 tuis.

2036 3963 2201 4019 Labia
2231 3965 2538 4036 loquacium
2583 3968 2722 4024 nihil
2750 3969 2817 4025 ad
2845 3984 2904 4026 se
2923 3969 3266 4040 [pertinentia
3301 3972 3535 4042 loquen-

1963 4064 2072 4110 tur.

2039 4149 2070 4212 Ι
2095 4147 2244 4204 Patr.
2274 4167 2353 4214 in.
2390 4149 2495 4217 Qui
2542 4152 2817 4208 desiderat
2862 4153 3048 4219 vitam,
3101 4161 3158 4209 et
3200 4154 3374 4209 bonos
3417 4153 3536 4207 dies

1962 4247 2142 4302 videre
2168 4245 2337 4320 cupit,
2367 4245 2653 4314 prohibeat
2682 4245 2918 4314 linguam
2942 4260 2972 4299 a
3000 4248 3162 4309 malo,
3186 4255 3238 4298 et
3264 4246 3403 4297 labia
3433 4259 3532 4297 sua

1961 4355 2030 4408 ne
2078 4340 2372 4409 loquantur
2405 4337 2688 4404 fraudem;
2721 4338 2958 4392 declinet
2999 4351 3029 4390 a
3079 4337 3241 4403 malo,
3273 4344 3328 4390 et
3369 4335 3532 4390 faciat

1964 4432 2162 4486 bonum
2190 4450 2204 4498 ;
2239 4440 2445 4502 quaerat
2475 4445 2663 4502 pacem
2699 4439 2753 4485 et
2787 4437 3023 4485 sectetur
3055 4443 3199 4483 eam.

352 4607 532 4711 Κόρος
568 4641 732 4706 λόγου
771 4635 1031 4706 πολέμιος
1071 4633 1285 4696 ἀκοαῖς,
1318 4630 1392 4694 ὡς
1437 4629 1856 4700 ὑπερϐάλλουσα

2035 4610 2305 4680 Theologi.
2343 4609 2576 4666 Satietas
2615 4607 2885 4674 sermonis
2915 4607 3135 4661 inimica
3166 4617 3253 4662 est
3282 4608 3526 4675 auribus,

274 4733 456 4802 τροφὴ
491 4729 764 4799 σώμασιν.

351 4823 612 4886 Ὀλισθος
654 4819 961 4894 ἀνθρώποις
1005 4818 1226 4889 γλῶσσα
1274 4817 1350 4889 μὴ
1393 4815 1535 4885 λόγῳ
1583 4812 1856 4884 κυϐερνωο

323 4919 444 4970 ἐντι.

323 4935 368 4970 ε·
429 4955 444 4970 .

273 4937 316 4988 μ
347 4935 698 5080 ιιᾜινομένων
728 5007 905 5079 ἔργων
932 5005 1186 5077 περιττόν
1215 5004 1332 5056 ἐστι
1364 4999 1728 5072 μακρολογία.

348 5189 523 5256 Λόγος
574 5185 761 5247 ἁπλῶς
811 5180 1160 5253 προενεχθεὶς
1212 5175 1540 5246 ὁλοκλήρους
1593 5173 1853 5238 πολλάκις

273 5283 460 5342 οἴκους
491 5277 754 5347 ἀνέτρεψε
773 5317 788 5343 ,
819 5275 916 5328 καὶ
945 5273 1124 5342 ψυχὰς
1154 5269 1404 5324 ἀπώλεσε
1440 5267 1534 5320 καὶ
1563 5266 1848 5319 κατέδυσε.

280 5376 389 5426 Καὶ
424 5371 533 5423 τῶν
574 5370 670 5439 μὲν
714 5366 1010 5439 χρημάτων
1045 5365 1142 5434 τὴν
1187 5360 1391 5430 ζημίαν
1436 5359 1596 5412 πάλιν
1635 5356 1712 5408 ἔνι
1758 5357 1855 5407 λα-

278 5469 430 5519 ἵεῖνο
475 5463 632 5530 λόγον
675 5462 732 5516 δὲ
785 5458 1167 5529 ὲκπηδὴσαντα
1226 5452 1373 5519 ἆπαξ
1445 5447 1850 5518 ἀνακτήσασθαι

279 5557 440 5609 πάλιν
471 5556 572 5607 οὐκ
601 5553 699 5606 ενι.

349 5649 431 5700 Τὰ
458 5647 619 5698 λοιπὰ
646 5645 752 5698 τῶν
779 5639 1191 5713 ἁμαρτημάτων
1239 5641 1328 5689 καὶ
1354 5633 1512 5701 λόγου
1550 5629 1641 5683 καὶ
1673 5643 1849 5698 πραγ-

282 5740 467 5808 μάτων
512 5739 605 5789 καὶ
649 5736 744 5800 τῆς
794 5733 991 5801 ἔξωθεν
1041 5727 1356 5798 συνεργείας
1409 5723 1544 5794 πρὸς
1594 5721 1654 5772 τὸ
1698 5721 1848 5784 γενέ-

280 5832 403 5882 σθαι
449 5829 672 5880 δέονται.
709 5826 775 5878 Ἢ
825 5827 880 5876 δὲ
925 5822 1019 5876 τοῦ
1063 5822 1222 5888 λόγου
1273 5818 1434 5893 φύσις
1484 5810 1843 5878 κατεξουσίαν

277 5924 388 5990 ἕλει
417 5921 475 5972 τὸ
509 5917 866 5988 πλημμελεῖν.
1727 5912 1732 5916 ’

1967 4709 2022 4765 ut
2056 4701 2282 4764 nimium
2309 4700 2622 4764 alimentum
2655 4699 3000 4768 corporibus.

2034 4795 2245 4863 Lingua
2293 4805 2400 4844 non
2446 4790 2743 4860 gubernatis
2789 4788 2997 4858 ratione
3043 4786 3307 4843 subvertit
3357 4787 3540 4842 bomi-t

1963 4909 2079 4948 nes.

2033 4985 2168 5039 Cum
2200 4997 2288 5037 res
2313 4981 2444 5050 ipsa:
2473 4982 2754 5048 apparent,
2789 4974 3064 5045 superﬂua
3111 4983 3196 5030 est
3253 4973 3533 5030 sermonis

1963 5075 2268 5144 prolixitas.

2027 5165 2088 5232 δ.
2147 5165 2412 5243 Chrysa“.
2485 5159 2680 5218 Sermo
2721 5155 3040 5227 simpliciter
3090 5163 3346 5209 narratus
3388 5151 3527 5205 inte-

1965 5273 2094 5330 gras
2341 5251 2576 5306 familias
2597 5250 2814 5314 evertit,
2843 5257 2898 5302 et
2923 5246 3148 5316 lanimas
3201 5241 3430 5313 perdidit
3458 5256 3522 5293 ac.

1963 5347 2276 5401 submersit.
2303 5343 2368 5396 Et
2403 5342 2648 5413 pecunia:
2693 5341 2914 5410 quidem
2955 5337 3226 5406 jactur-am
3259 5333 3525 5386 resarcire

1960 5439 2108 5499 licet,
2156 5449 2464 5490 sermonem
2519 5441 2698 5487 autem
2746 5429 2914 5486 semel
2973 5428 3216 5496 elapsum
3269 5437 3524 5486 revocare

1959 5544 2066 5582 non
2093 5527 2237 5580 licet.
2526 5581 2530 5585 _

2029 5619 2250 5690 Gregor.
2284 5615 2444 5688 Nysa.
2476 5615 2702 5687 Reliqua
2733 5621 2955 5684 peccata
2987 5610 3173 5670 verbis
3195 5620 3247 5665 et
3274 5609 3438 5680 rebus
3468 5617 3524 5660 et

1957 5725 2176 5771 externa
2207 5727 2309 5782 Ope
2345 5711 2586 5780 indigent
2611 5717 2667 5762 ut
2694 5707 3042 5775 perﬁciantur
3071 5723 3087 5759 :
3124 5704 3394 5772 sermonis
3417 5715 3518 5756 ους

1916 5829 1919 5832 ·
1959 5819 2062 5861 tem
2100 5813 2291 5859 natura
2328 5811 2518 5872 sponte
2551 5808 2728 5870 potest
2759 5797 3092 5867 delinquere.
