3928 6540
277 433 341 497 ‘37
1046 439 1222 500 L'7CI
1266 439 1725 502 COMMUNES.
1771 467 1838 478 -
1879 443 2079 504 PARS
2121 444 2197 506 ll.
2251 444 2512 507 SERMO
2554 447 2602 509 l.

3404 452 3511 517 998

231 550 416 615 αὖτοῦ,
450 549 548 606 καὶ
577 552 645 607 τὰ
698 554 846 625 πάχη
888 555 1054 609 αὑτοῦ
1091 558 1398 626 ὲιμυελιεῖ,
1437 559 1531 612 καὶ
1574 562 1693 621 ταῖς
1728 559 1810 629 βυ-

1956 560 2088 614 ιῑυιη
2125 561 2244 630 ejus
2275 562 2419 625 edet,
2443 571 2495 615 et
2527 576 2647 630 quae
2681 559 2732 614 in
2765 574 2832 613 co
2865 572 2994 616 sunt
3025 576 3233 629 crassa,
3264 568 3506 622 emedul-

230 644 368 697 λίσιν
397 643 568 697 αὐτοῦ
602 647 994 712 κατατοξεύσει
1028 651 1242 720 ἐχθρόν.

306 738 552 790 Ἔσωσεν
588 741 615 793 ὁ
644 738 778 804 Θεὸς
801 739 894 794 τὸν
927 743 1088 796 Δαυῖδ
1113 746 1170 798 ὲν
1207 747 1373 800 πᾶσιν
1402 741 1484 808 οἷς
1518 747 1813 818 ἐπορεύθη,

230 828 326 881 καὶ
379 828 706 886 ἐϐασίλευσε
753 834 920 888 Διυῒδ
965 836 1059 890 ἐπὶ
1109 839 1339 900 πάντας.
1376 839 1486 894 Καὶ
1531 835 1600 912 ἦν
1655 841 1816 896 Δαυῒδ

231 919 404 973 ποιῶν
439 923 612 993 κρίμα
644 927 737 978 καὶ
783 927 1134 999 δικαιοσύνην
1168 933 1261 985 ἐπὶ
1307 934 1485 988 πάντα
1537 937 1632 989 τὸν
1664 937 1813 990 λαόν.

306 1006 438 1066 ιίίπε
490 1017 697 1070 Δαυίό⁹
735 1019 934 1088 Ἅφετε
995 1025 1158 1077 αὐτὸν
1211 1028 1682 1097 καταράσασθαι,
1731 1034 1815 1084 ὅτι

232 1098 384 1156 εἶπεν
415 1107 566 1176 αὐτῷ
592 1111 620 1161 ὁ
652 1109 806 1174 Θεὸς.
846 1114 915 1166 Εἴ
941 1133 1059 1178 πως
1092 1118 1194 1171 ίδοι
1222 1119 1424 1188 Κύριος
1453 1124 1510 1174 ἐν
1534 1126 1599 1193 τῇ
1626 1142 1818 1177 ταπει-

233 1193 393 1249 νώσει
425 1215 551 1266 μου,
591 1204 685 1256 καὶ
714 1205 1036 1276 ἐπιστρέψει
1067 1227 1158 1278 μοι
1186 1212 1366 1278 ἀγαθὰ
1391 1214 1514 1267 ἀντὶ
1553 1216 1652 1286 τῆς
1683 1234 1816 1270 κατι

229 1289 369 1355 ἀρας
398 1292 564 1345 αὐτοῦ
603 1296 662 1347 ὲν
788 1299 972 1369 ἡμέρᾳ
1003 1301 1198 1372 ταύτῃ.

317 1470 694 1545 Ἐμεγαλύνθη
742 1477 995 1548 Σολομὼν
1027 1482 1117 1533 ἐπὶ
1156 1485 1365 1550 πάντας
1415 1487 1539 1551 τοὺς
1576 1487 1816 1557 βασιλεῖς

231 1562 328 1629 τῆς
362 1563 468 1630 γῆς
498 1566 717 1639 πλούτῳ
749 1571 843 1623 καὶ
877 1573 1041 1645 σοφίᾳ
1067 1591 1078 1603 ·
1133 1578 1228 1629 καὶ
1263 1581 1460 1644 πάντες
1488 1583 1536 1634 οί
1575 1583 1817 1652 βασιλεῖς

229 1650 330 1716 τῆς
363 1652 467 1720 γῆς
495 1653 786 1728 ἐξεζήτουν
814 1663 874 1712 τὸ
908 1667 1200 1730 πρίσωπον
1239 1669 1610 1738 Σολομῶντος,
1650 1676 1818 1730 ἀκοῦ-

230 1757 316 1793 σαι
353 1744 457 1811 τῆς
519 1748 716 1816 σοφίας
771 1752 934 1806 αὐτοῦ
992 1751 1059 1826 ἧς
1096 1758 1356 1815 ἕδωκενό
1407 1765 1538 1830 Θεὸς
1590 1770 1669 1822 είς
1719 1771 1816 1840 τὴν

227 1836 461 1906 καρδίαν
496 1840 686 1910 αὐτοῦ,
734 1845 826 1898 καὶ
861 1848 1015 1902 αὐτοὶ
1065 1851 1262 1924 ἔφερον
1302 1856 1533 1923 ἕκαστος
1563 1861 1632 1914 τὰ
1663 1863 1812 1934 δῶρα

225 1927 427 1980 αὐτῶν.

306 2021 401 2072 Ἐν
445 2027 564 2090 ταῖς
617 2028 854 2100 ἡμέραις
913 2032 1046 2087 Ἀσᾶ
1103 2036 1378 2108 ἡσύχασεν
1428 2043 1458 2113 ἠ
1507 2044 1578 2114 γῆ
1643 2045 1813 2101 Ἰούδα

222 2115 361 2168 δέκα
400 2118 517 2190 ἔτη,
555 2124 652 2176 καὶ
683 2125 940 2196 εποίησεν
970 2129 1103 2184 Ἀσᾶ
1134 2132 1193 2184 τὸ
1221 2133 1428 2200 ἀγαθὸν
1479 2141 1570 2192 καὶ
1601 2139 1662 2192 τὸ
1685 2141 1814 2196 εὐθὺ

226 2206 467 2262 ἐνώπιον
520 2213 731 2285 Κυρίου
767 2219 860 2270 τοῦ
906 2219 1042 2272 Θεοῦ
1071 2222 1255 2288 αὐτοῦ,
1309 2230 1405 2281 καὶ
1435 2230 1714 2301 ὰ-ῑέστησε
1747 2235 1814 2289 τὰ

226 2301 600 2376 θυσιαστήρια
651 2309 716 2363 τὰ
746 2309 1004 2383 ἀλλότρια
1049 2318 1145 2370 καὶ
1173 2317 1244 2370 τὰ
1294 2320 1496 2390 ὑψηλὰ,
1530 2325 1623 2378 καὶ
1661 2329 1816 2380 συνέ-

224 2396 393 2467 τριψε
426 2400 526 2462 τὰς
558 2401 780 2470 στήλας.
818 2407 910 2460 καὶ
945 2407 1168 2479 ἐξέκοψε
1196 2411 1262 2465 τὰ
1293 2413 1452 2483 ἄλση,
1485 2416 1576 2470 καὶ
1607 2417 1816 2490 ἡσύχα-

229 2507 317 2542 σεν
350 2492 388 2561 ἡ
419 2491 670 2562 βασιλεία
699 2494 929 2551 ἐνώπιον
950 2500 1145 2568 αὑτοῦ,
1184 2502 1279 2557 καὶ
1305 2505 1404 2560 οὐκ
1435 2503 1504 2578 ἦν
1533 2511 1684 2582 σὺτῷ
1717 2513 1816 2566 πό·

225 2578 398 2649 λεμος
421 2585 478 2634 ἐν
510 2587 622 2648 τοῖς
661 2585 804 2641 ἔτεσι
841 2592 1074 2656 τούτοις.

308 2673 567 2740 Ἐγένετο
609 2678 816 2750 Κύριος
857 2686 995 2752 μετὰ
1041 2688 1331 2760 Ἰωσαφὰτ,
1375 2694 1473 2746 καὶ
1515 2697 1813 2753 κατεύθυνε

229 2763 437 2835 Κύριος
471 2767 572 2838 τὴν
602 2771 886 2837 βασιλείαν
919 2779 977 2829 ἐν
1004 2781 1151 2850 χειρὶ
1181 2783 1368 2850 αὑτοῦ,
1401 2789 1494 2840 καὶ
1523 2783 1591 2858 ἦν
1629 2792 1817 2844 Ἰωσα-

229 2859 336 2927 φὰτ
375 2865 744 2932 πορευόμενος
801 2869 895 2921 καὶ
929 2873 1369 2946 μεγαλυνόμενος
1395 2880 1500 2944 ἕως
1548 2885 1628 2947 είς
1656 2883 1812 2954 ὕψος.

297 3046 504 3115 Κύριε,
550 3047 609 3100 ὲν
645 3053 709 3120 τῇ
758 3052 988 3123 δυνάμει
1023 3072 1118 3108 σου
1170 3055 1612 3128 εὐφρανθήσεται
1657 3064 1685 3116 ὀ
1719 3063 1816 3132 βα-

229 3140 455 3204 σ.λεί›ς,
511 3143 606 3196 καὶ
665 3145 756 3198 ἐπὶ
810 3147 890 3217 τῷ
947 3150 1203 3222 σωτηρίῳ
1265 3169 1358 3204 σου
1415 3154 1811 3221 ἀγαλλιάσεται

229 3235 460 3304 σφόδρα.

307 3326 374 3379 '0
421 3326 579 3394 Θεὸς,
617 3328 678 3382 τδ
709 3330 883 3402 κρίμα
929 3352 1022 3388 σου
1051 3335 1129 3403 τῷ
1174 3336 1390 3406 βασιλεῖ
1420 3339 1531 3403 δδς,
1585 3342 1677 3393 καὶ
1713 3339 1814 3409 τὴν

227 3418 583 3490 δικαιοσύνην
617 3440 712 3476 σου
743 3425 820 3495 τῷ
869 3426 969 3494 υἱῷ
1001 3429 1094 3482 τοῦ
1146 3429 1431 3500 βασιλέως,
1480 3434 1690 3502 κρίνειν
1722 3434 1816 3487 τὸν

227 3512 358 3565 λαόν
390 3530 486 3567 σου
539 3515 601 3568 ὲν
650 3516 990 3592 δικαιοσύνῃ,
1036 3522 1128 3575 καὶ
1162 3523 1290 3586 τοὺς
1340 3526 1592 3596 πτωχούς
1625 3543 1720 3580 σου
1759 3529 1817 3581 ὲν

230 3607 435 3674 κρίσει.

296 3699 593 3769 Βδέλυγμα
636 3703 848 3772 βασιλεῖ
895 3707 924 3758 ό
972 3707 1146 3761 ποιῶν
1193 3687 1360 3766 κακά.
1395 3711 1550 3765 Μετὰ
1598 3712 1706 3783 γὰρ
1739 3713 1818 3767 6t.-

229 3790 534 3865 καιοσύνης
565 3795 919 3860 ἑτοιμάξεται
943 3798 1134 3867 θρόνος
1161 3801 1356 3871 ἀρχῆς,

296 3971 484 4026 Δεκτὰ
541 3973 756 4044 βασιλεί
806 3976 959 4047 χείλη
1013 3978 1220 4046 δίκαια,
1275 3981 1469 4050 λόγους
1513 3984 1571 4037 δὲ
1621 3985 1818 4055 ὀρθοὺς

227 4064 448 4137 ἀγαπᾷ.

320 4159 415 4212 Ἐν
445 4158 627 4227 πολλῷ
677 4161 822 4216 ἔθνει
865 4161 995 4230 δόξα
1044 4163 1334 4235 βασιλέως,
1367 4167 1424 4220 ὲν
1466 4168 1524 4222 δὴ
1572 4167 1817 4240 ἐκλείψει

228 4251 366 4306 λαοῦ
403 4253 670 4325 συντριϐῇ
697 4255 987 4312 δυνάστου.

299 4345 615 4416 Λικμήτωρ
650 4347 866 4401 ἀσεϐῶν
905 4347 1160 4419 βασιλεὺς
1207 4352 1391 4421 σοφὸς,
1427 4355 1520 4407 καὶ
1567 4354 1821 4411 ἐπισαλεῖ

230 4437 422 4498 αὐτοῖς
444 4437 665 4507 τροχόν.

303 4532 482 4584 Ὅταν
535 4528 792 4600 βασιλεὺς
832 4532 1043 4596 δίκαιος
1091 4534 1290 4608 καθίσῃ
1337 4537 1429 4589 ἐπὶ
1463 4535 1558 4590 τοῦ
1599 4536 1813 4607 θρόνου,

1919 654 2072 720 labit,
2102 663 2148 708 et
2187 655 2399 725 sagittis
2429 656 2547 708 suis
2595 653 2847 709 conﬁciet
2885 654 3120 711 hostem.

1987 748 2046 802 II
2071 749 2194 820 Reg.
2230 765 2344 804 xm.
2399 747 2649 802 Servavit
2708 747 2846 802 Deus
2883 746 3138 804 Davidem
3171 749 3225 803 in
3257 752 3512 806 omnibus

1916 843 1982 894 ad
2027 857 2148 909 qua!
2201 840 2488 910 profectus
2538 848 2644 904 est,
2684 839 3036 910 regnavilqne
3098 839 3153 895 in
3201 857 3414 907 omnes,
3449 859 3514 899 ac

1921 935 2180 988 universo
2216 935 2417 1004 populo
2440 933 2530 1002 jus
2557 951 2680 988 cum
2714 934 2972 1005 aequitate
2999 933 3238 989 dicebat.

1994 1025 2060 1080 II
2091 1027 2223 1097 Reg.
2266 1043 2376 1082 XVI.
2422 1025 2616 1089 Sinite,
2667 1026 2844 1097 inquit
2888 1027 3050 1081 David
3081 1067 3095 1090 ,
3136 1027 3288 1082 illum
3339 1030 3511 1083 male-

1916 1121 2059 1175 dicta
2087 1119 2291 1187 jacere,
2324 1119 2450 1189 quia
2504 1119 2645 1174 Deus
2704 1120 2805 1187 ipsi
2852 1119 3034 1186 jussit.
3073 1118 3129 1174 Si
3162 1136 3267 1188 qua
3300 1121 3511 1176 ratione

1919 1213 2176 1282 respiciet
2212 1212 2474 1266 Dominus
2511 1212 2564 1265 in
2598 1212 2738 1266 hanc
2779 1227 2949 1265 meum
2997 1213 3380 1280 ahjeetionem,
3437 1211 3508 1266 ad

1917 1321 2005 1361 me
2049 1314 2387 1361 revertentur
2419 1305 2556 1360 bona
2590 1289 2704 1374 pro.
2728 1305 3014 1360 maledicto
3045 1304 3204 1360 istius
3240 1307 3341 1360 hoc
3392 1307 3509 1374 ipso

1923 1399 2033 1452 die.

1993 1487 2058 1542 II
2096 1488 2285 1544 Paral.
2335 1506 2411 1544 tx.
2445 1489 2653 1544 Auctus
2687 1497 2770 1542 est
2809 1487 3068 1543 Solomon
3106 1504 3271 1558 supra
3314 1503 3506 1543 omnes

1921 1591 2080 1638 terras
2109 1598 2283 1653 reges,
2323 1583 2596 1653 opulentia
2640 1591 2694 1636 et
2731 1583 3021 1648 sapientia,
3080 1597 3144 1637 ac
3189 1598 3380 1638 omnes
3417 1597 3506 1634 re,

1921 1693 2014 1744 ges
2061 1679 2417 1747 requirebant
2445 1693 2506 1732 os
2549 1677 2716 1741 illius,
2750 1685 2808 1732 ut
2841 1692 3004 1745 quam
3032 1678 3080 1730 ei
3107 1675 3249 1730 Deus
3282 1677 3510 1746 largitus

1919 1778 2066 1824 esset
2107 1770 2427 1840 sapientiam
2461 1769 2729 1834 audirent,
2762 1782 2968 1843 suaque
3007 1768 3081 1822 illi
3117 1768 3354 1838 quisque
3387 1785 3507 1822 ιιιιι-

1923 1878 2052 1918 nera
2090 1863 2376 1919 oiferchat.

1987 2045 2045 2099 11
2083 2043 2267 2099 Paral.
2289 2059 2407 2098 xm.
2427 2042 2710 2112 Regnante
2731 2041 2837 2096 Asa
2871 2041 3050 2111 quieta
3085 2039 3185 2093 fuit
3207 2038 3391 2095 Judaea
3415 2058 3509 2096 ,ιη-

1917 2152 2017 2192 nos
2050 2136 2262 2197 decem,
2288 2135 2565 2206 probeque
2587 2149 2647 2189 se
2670 2133 2837 2205 gessit
2873 2132 2978 2186 Asa
3011 2146 3073 2186 ac
3107 2137 3255 2185 recte
3289 2131 3340 2185 in
3375 2146 3511 2186 eon-

1917 2237 2105 2300 spet-tu
2144 2228 2359 2283 Domini
2398 2227 2493 2282 Dei
2521 2227 2632 2292 sui,
2657 2237 2709 2280 et
2747 2226 2941 2279 altaria
2966 2224 3142 2278 aliena
3181 2223 3509 2292 excelsaque

1917 2319 2162 2382 Sustulit,
2197 2334 2261 2373 ac
2289 2318 2579 2372 columnas
2613 2317 2898 2377 contrivit,
2933 2326 2985 2369 et
3015 2315 3169 2370 lucos
3205 2314 3429 2377 excidit,
3457 2321 3510 2368 ct

1918 2412 2162 2483 quietum
2217 2411 2321 2466 fuit
2360 2424 2586 2480 regnum
2640 2409 2692 2463 iu
2747 2410 2927 2464 mulis
2976 2411 3136 2480 ejus:
3174 2425 3276 2464 nec
3325 2406 3508 2462 l'uitei

1918 2505 2086 2560 ullum
2129 2502 2326 2558 bellum
2368 2517 2466 2574 per
2507 2501 2630 2556 illos
2662 2516 2864 2556 annos.

1996 2683 2055 2739 II
2094 2684 2290 2739 Paral.
2323 2697 2455 2737 xvn.
2479 2680 2608 2736 Fuit
2644 2668 2908 2734 Dominus
2943 2695 3066 2734 eum
3098 2678 3417 2750 Josaphatn,
3444 2694 3508 2734 ac

1919 2792 2015 2847 per
2050 2793 2271 2832 ntanum
2320 2778 2472 2832 illius
2522 2789 2746 2844 regnum
2809 2784 2958 2827 recte
2992 2773 3410 2833 administravit.
3444 2788 3510 2828 ao

1921 2869 1972 2920 in
2011 2868 2117 2921 vita
2154 2883 2256 2923 sua
2309 2873 2506 2921 auctus
2553 2874 2637 2921 est
2671 2861 3012 2933 Josaphatus
3053 2879 3224 2934 usque
3258 2863 3324 2918 ad
3358 2879 3510 2919 sum-

1920 2971 2090 3010 mum.

1997 3051 2142 3105 Ρδιιι.
2181 3067 2273 3105 xx.
2305 3048 2552 3103 Potentia
2584 3056 2693 3114 tua,
2727 3046 2976 3114 Domine,
3016 3046 3292 3102 lietabitur
3317 3062 3429 3112 rex,
3453 3052 3510 3100 et

1921 3145 2096 3202 salute
2123 3158 2286 3213 quam
2317 3141 2435 3207 das,
2466 3139 2768 3194 exsultabit
2798 3139 2978 3195 valde.

1998 3325 2150 3380 Psal.
2183 3341 2335 3379 Lut.
2372 3323 2536 3385 Deus.
2558 3321 2828 3391 judicium
2864 3332 3015 3376 tuum
3064 3321 3174 3392 regi
3211 3321 3299 3386 da,
3328 3329 3382 3375 et
3417 3320 3507 3390 ju-y

1926 3419 2132 3474 Stitiam
2163 3429 2309 3472 tuam
2339 3417 2450 3470 lilio
2484 3417 2651 3487 regis,
2679 3426 2735 3469 nt
2765 3431 2890 3469 cum
2923 3415 3183 3484 teqnitate
3209 3429 3306 3470 res
3321 3413 3507 3485 populi

1919 3510 2148 3580 judicet,
2184 3519 2237 3564 et
2271 3524 2569 3579 pauperum
2602 3516 2818 3561 tuorum
2843 3522 2967 3560 eum
2999 3505 3228 3576 judicio.

2002 3689 2164 3746 Prov.
2203 3704 2318 3744 xw.
2353 3685 2738 3747 Exsecrandus
2765 3695 2850 3740 est
2885 3685 3022 3755 regi,
3054 3684 3145 3753 qui
3182 3684 3319 3738 male
3357 3684 3507 3750 facit,

1930 3784 2091 3857 124
2120 3783 2246 3854 quia
2273 3796 2399 3838 cum
2435 3778 2654 3850 justitia
2685 3777 2885 3836 solium
2931 3777 3284 3848 magistratus
3323 3777 3506 3832 firma-

1927 3890 2034 3933 ιιιτ.

1999 3970 2156 4025 Prov.
2199 3985 2314 4024 xlv.
2346 3969 2579 4038 Accepta
2637 3977 2767 4022 sunt
2789 3964 2904 4034 regi
2960 3962 3106 4021 labia
3155 3961 3344 4032 iusta;
3380 3977 3506 4017 nam

1924 4048 2207 4116 sermones
2233 4070 2410 4116 rectos
2452 4059 2654 4129 diligit.

1998 4154 2056 4208 In
2088 4153 2440 4207 multitudine
2473 4151 2651 4220 gentis
2685 4150 2857 4220 gloria
2889 4150 3033 4218 regis
3065 4165 3080 4203 :
3120 4157 3175 4202 at
3211 4147 3254 4201 si
3287 4146 3507 4201 defece-

1925 4245 1994 4302 rit
2021 4244 2273 4314 populus,
2305 4242 2566 4312 principis
2592 4241 2861 4310 pernicies
2883 4250 2984 4296 est.

2002 4336 2162 4391 Prov.
2216 4351 2311 4389 xx.
2346 4332 2651 4388 Ventilator
2689 4331 2984 4400 impiorum
3033 4343 3126 4389 rex
3169 4329 3410 4398 sapiens,
3455 4335 3511 4382 et

1926 4432 1999 4486 in.
2021 4445 2147 4502 rege
2183 4438 2300 4484 rota
2331 4429 2602 4498 ipsorum.

1996 4523 2139 4578 Ibid.
2174 4538 2266 4577 xx.
2297 4519 2432 4576 Cum
2463 4519 2650 4592 justus
2683 4533 2777 4573 rex
2817 4516 2872 4570 in
2905 4515 3045 4572 solio
3076 4513 3346 4578 considet,
3371 4511 3506 4570 nihil

229 4620 334 4674 οὐκ
368 4620 713 4676 ἐναντιοῦται
744 4625 802 4678 ὲν
827 4623 1134 4695 ὀφθαλμοῖς
1168 4625 1336 4679 αὐτοῦ
1369 4628 1522 4686 οὐδὲν
1554 4631 1816 4701 πονηρόν.

1956 4615 2238 4685 mprobum
2289 4613 2618 4667 adversatur
2646 4611 2702 4666 in
2732 4609 2906 4664 oculis
2936 4609 3079 4679 ejus.

299 4709 507 4772 Δικτδς
541 4711 756 4782 βασιλεῖ
786 4714 1068 4786 ὑπηρέτης
1095 4717 1338 4787 νοήμων.

316 4801 700 4872 Ἐλεημοσὺνη
756 4806 852 4860 καὶ
905 4806 1137 4877 ἀλήθεια
1181 4807 1399 4880 φυλακὴ
1443 4809 1675 4876 βασιλεῖ,
1727 4812 1823 4865 καὶ

231 4892 751 4964 περικυκλώσουσιν
801 4896 860 4951 δν
892 4896 1214 4968 δικαιοσύνῃ
1263 4897 1356 4950 τὸν
1388 4897 1578 4968 θρόνον
1624 4899 1818 4961 αὑτοῦ,

303 4985 574 5056 Μάχαιρα
604 4987 828 5056 γλῶσσα
859 4989 1150 5058 βασιλέως,
1180 4991 1274 5044 καὶ
1301 4990 1364 5042 οὐ
1397 4991 1654 5062 σαρκίνη.

300 5078 400 5148 Μὴ
430 5078 760 5142 ἁλαζονεύου
797 5079 1032 5134 ἐνώπιον
1061 5080 1349 5150 βασιλέως,
1381 5081 1515 5152 μηδὲ
1546 5085 1605 5137 ἐν
1629 5085 1819 5148 τόποις

233 5169 521 5225 δυναστῶν
582 5172 871 5240 ὑφιστασο.
933 5173 1202 5244 Κρεῑσσον
1263 5173 1371 5243 γάρ
1437 5191 1520 5226 σοι
1549 5175 1810 5245 ῥηθῆναι,

245 5258 540 5314 ’Δνὰϐαινε
589 5263 726 5332 πρός
760 5279 852 5332 με,
888 5261 921 5332 ἢ
957 5261 1296 5316 ταπεινῶσαι
1345 5278 1406 5314 σε
1451 5261 1508 5313 ὲν
1545 5260 1822 5333 προσώπῳ

231 5354 538 5410 δυναστῶν.

307 5445 587 5509 Βασιλέως
617 5445 674 5498 ὲν
708 5445 938 5520 ἀληθείᾳ
965 5448 1248 5519 κρίνοντος
1271 5447 1545 5517 πτωχοὺς,
1576 5445 1605 5498 ὁ
1632 5443 1821 5518 θρόνος

235 5535 402 5591 αὐτοῦ
435 5538 516 5601 είς
554 5538 861 5610 μαρτύριον
901 5540 1400 5610 κατασταθήσεται.

313 5630 502 5702 Θυμδς
526 5630 792 5702 βασιλέως
825 5631 1056 5702 ἅγγελος
1095 5634 1356 5700 θανάτου,
1387 5635 1526 5709 ἀνὴρ
1571 5637 1628 5691 δὲ
1658 5635 1822 5705 σοφὸς

238 5721 592 5788 ὲξιλάσκεται
629 5725 813 5780 αὐτόν.

310 5814 588 5880 Βασιλέως
632 5817 830 5888 ἀπειλὴ
881 5818 1044 5888 ὁμοία
1075 5819 1306 5890 βρυγμῷ
1349 5820 1604 5888 λέοντος-ο
1655 5825 1731 5890 ὡς
1763 5825 1821 5880 δὲ

240 5905 434 5975 δρόσος
464 5907 558 5960 ἐπὶ
589 5907 806 5980 χόρτον,
838 5909 1011 5974 οὕτως
1041 5911 1100 5962 τὸ
1131 5910 1318 5982 ἱλαρὸν
1351 5912 1537 5968 αὐτοῦ.

1999 4706 2141 4762 Ibid.
2175 4720 2285 4759 xxi.
2321 4706 2590 4772 Acceptus
2619 4701 2731 4772 regi
2777 4700 3024 4754 minister
3054 4698 3395 4766 intelligens.

1999 4798 2143 4860 Ibid.
2184 4814 2276 4855 xx.
2315 4792 2687 4856 Misericordia
2738 4802 2793 4848 et
2821 4793 3027 4850 veritas
3074 4791 3339 4846 custodia:
3379 4797 3508 4844 sunt

1928 4894 2063 4964 regi,
2091 4901 2146 4946 et
2175 4890 2371 4946 solium
2404 4888 2523 4956 ejus
2549 4902 2674 4942 cum
2708 4885 2966 4954 aequitate
3001 4884 3442 4939 circunulabunt.

2001 4985 2204 5054 Lingua
2233 4966 2622 5051 regis'gladius
2649 4977 2873 5032 minime
2904 4991 3174 5048 carueus.

1999 5073 2143 5130 Ibid.
2177 5089 2302 5127 xxv.
2335 5071 2414 5125 Ne
2445 5071 2523 5125 sis
2550 5083 2816 5136 arrogans
2841 5084 3026 5123 coram
3059 5084 3205 5138 rege,
3238 5083 3335 5121 nec
3361 5066 3506 5135 prin-

1924 5168 2105 5238 cipum
2155 5166 2274 5222 loca
2323 5171 2634 5232 occupato;
2698 5159 2893 5215 melius
2945 5169 3028 5214 est
3086 5160 3230 5214 enim
3290 5169 3347 5212 ut
3407 5159 3505 5213 tibi

1923 5262 2180 5316 dicatur:
2215 5256 2463 5311 Ascende
2528 5252 2595 5308 ad
2643 5268 2746 5320 me,
2802 5268 2965 5324 quam
3023 5261 3084 5308 ut
3126 5252 3398 5323 abjiciaris
3449 5251 3504 5308 in

1927 5353 2104 5410 oculis
2136 5349 2466 5423 potentium.

2003 5443 2135 5502 Ibid.
2167 5457 2317 5498 xxtx.
2349 5440 2512 5511 Regis
2532 5453 2731 5495 causas
2762 5451 3064 5507 pauperum
3097 5450 3226 5490 vere
3253 5433 3505 5505 judican-

1925 5539 1996 5592 tis
2023 5537 2220 5592 solium
2259 5535 2315 5588 in
2345 5531 2660 5586 testimonio
2697 5528 2856 5584 firmo
2883 5527 3070 5581 stabit.

1999 5626 2139 5682 Ibid.
2167 5641 2278 5681 xw.
2313 5626 2396 5678 ira
2430 5622 2575 5695 regis
2610 5620 2807 5677 mortis
2841 5617 3026 5672 nuntia
3057 5625 3152 5671 :at
3176 5615 3259 5671 \‘ir
3284 5616 3504 5686 sapiens

1923 5721 2162 5792 placabit
2191 5719 2368 5775 illum.

1991 5811 2158 5867 Ibid.1
2181 5827 2290 5867 xix.
2353 5811 2510 5882 Regis
2556 5809 2714 5864 minae
2749 5804 2925 5862 leonis
2983 5803 3189 5874 rugitui
3267 5799 3502 5868 similes;

1928 5906 2107 5977 qualis
2147 5913 2330 5961 autem
2385 5911 2470 5960 est
2522 5916 2615 5958 ros
2659 5899 2838 5955 herba
2887 5897 3150 5964 insidens,
3186 5894 3308 5952 talis
3359 5893 3506 5950 illius

1929 5998 2198 6055 hilaritas.
