3928 6554
358 351 496 416 1007
521 383 524 386 ~

1613 351 1872 412 ANTON
1887 353 1941 413 ll
1987 356 2036 414 Μ
2052 355 2328 416 ELISSE

3465 359 3588 423 1(08

352 472 534 524 virere
564 449 758 522 debeat
793 467 898 521 sub
949 477 1216 536 potestate
1253 510 1267 536 ,
1311 469 1772 540 quemaomodum
1825 469 1932 538 igni

2082 477 2280 548 Ξουσίᾳ,
2315 476 2418 546 ἔφη
2447 492 2458 506 ·
2488 475 2753 547 Καθάπερ
2805 476 2958 544 πυρὶ,
2993 476 3127 545 μήτε
3173 475 3297 528 λίαν
3335 476 3493 541 ἐγγὶς
3522 476 3591 530 εί-

353 558 616 616 utendum
653 572 775 612 esse
817 558 977 628 129
1012 561 1316 630 respondit,
1357 578 1529 632 neque
1566 562 1728 616 nimis
1765 577 1932 632 pr0pe

351 649 746 724 accedendum,
767 665 839 705 ne
859 651 1124 718 exiiraris,
1156 667 1332 723 neque
1365 654 1595 708 nimium
1626 653 1835 723 procul,
1867 667 1934 707 ne

353 744 555 811 rigens.
1057 730 1060 734 ί

424 834 614 903 Cyrus.
649 835 944 904 imperium
997 850 1104 890 non
1151 837 1404 892 convenit
1431 837 1480 890 ei
1512 839 1604 907 qui
1649 837 1822 891 nihilo
1871 836 1937 891 iis

353 941 442 993 qui
481 935 607 979 sunt
639 927 742 981 sub
773 927 1004 996 imperio
1028 936 1111 982 est
1134 929 1497 997 prastantior.

423 1016 608 1072 Solon.
659 1017 895 1086 impera,
949 1018 992 1071 si
1030 1019 1182 1087 prius
1233 1033 1421 1086 parere
1463 1018 1759 1086 didiceris;
1813 1032 1936 1072 nam

355 1123 550 1175 parere
574 1110 664 1176 qui
694 1107 908 1168 didicit,
947 1108 1250 1177 imperandi
1283 1110 1390 1162 erit
1422 1109 1651 1177 peritus.

431 1200 532 1264 Qui
563 1199 744 1253 multis
768 1200 1092 1254 metuendus
1121 1209 1224 1264 est,
1254 1201 1457 1255 multos
1491 1201 1703 1255 metuit.

437 1289 764 1344 Aristotelis.
795 1291 897 1355 Qui
949 1300 1270 1360 potestatem
1323 1303 1536 1362 gerunt,
1565 1294 1612 1348 si
1667 1295 1940 1364 Sapientes

355 1393 502 1448 sunt,
543 1381 741 1439 debent
779 1399 886 1439 non
918 1394 1139 1453 propter
1167 1384 1544 1453 magistratus,
1587 1386 1679 1440 sed
1718 1397 1941 1455 propter

356 1477 586 1530 virtutes
619 1490 742 1530 cum
784 1475 1155 1530 admiratione
1195 1477 1432 1540 laudari,
1463 1487 1520 1532 ut
1557 1477 1777 1532 fortuna
1816 1493 1939 1532 mu-
1972 1491 1976 1494 ·

359 1577 466 1620 tata
503 1567 694 1620 iisdem
721 1567 972 1620 laudibus
1001 1568 1149 1637 digni
1176 1568 1514 1637 judicentur.

431 1657 710 1712 Isocratis.
741 1656 1025 1713 Emulare
1054 1674 1162 1712 non
1197 1674 1294 1715 eos
1320 1660 1410 1730 qui
1447 1660 1743 1713 maximum
1775 1661 1940 1731 impe-

357 1754 497 1809 rium
527 1755 907 1824 acquisierint,
946 1756 1041 1810 sed
1073 1771 1168 1812 eos
1209 1758 1302 1828 qui
1338 1757 1543 1827 optime
1580 1747 1940 1826 prmséntibus

359 1847 440 1902 usi
471 1846 690 1902 fuerint.

419 1937 574 1990 Idem
621 1939 920 2006 pessimum
957 1941 1344 2008 imperatorem
1396 1956 1517 1998 esse
1559 1943 1793 2011 dicebat,
1843 1942 1936 2013 qui

359 2027 463 2082 sibi
496 2027 610 2095 ipse
645 2029 914 2094 imperare
951 2046 1058 2085 non
1097 2043 1303 2099 posset.

433 2117 663 2187 Suscipe
690 2133 878 2172 curam
922 2122 1317 2185 multitudinis,
1347 2131 1400 2176 et
1427 2122 1732 2191 jucundum
1764 2123 1939 2192 impe-

2036 591 2144 636 vzz,
2173 573 2256 625 ἵνα
2292 572 2366 641 μὴ
2408 573 2680 640 κατακαῇ,
2728 571 2862 638 μήτε
2902 570 3106 640 πόρρω,
3147 568 3234 621 ἵνα
3271 569 3344 638 μὴ
3375 569 3586 640 ριγὼσῃ.

2109 840 2335 909 Ἀρχειν
2384 837 2572 907 μηδενὶ
2609 838 2897 908 προσήκει,
2931 836 2990 901 ὃς
3035 836 3154 890 οὐδὲ
3197 834 3457 904 κρείττων
3485 835 3587 886 ἐστὶ

2037 933 2146 985 τῶν
2183 932 2519 1001 ἀρχομένων.

2113 1022 2281 1093 Ἀρχε
2340 1023 2552 1092 πρῶτον
2603 1020 2789 1090 μαθὼν
2839 1021 3137 1091 ἄρχεσθαιο
3183 1020 3446 1091 ἄρχεσθαι
3493 1019 3588 1089 γὰρ

2043 1115 2255 1186 μαθὼν,
2289 1115 2479 1184 ἄρχειν
2510 1114 2800 1192 ἐπιστήσῃ.

2123 1206 2182 1261 ’0
2213 1207 2426 1269 πολλοῖς
2458 1205 2686 1276 φοϐερὸς
2723 1206 2798 1257 ὢν
2825 1205 3050 1269 πολλοὺς
3086 1205 3352 1275 φοϐεῖται.

2112 1301 2204 1352 Δεῖ
2229 1301 2350 1362 τοὺς
2385 1299 2509 1352 νοῦν
2552 1299 2773 1368 ἔχοντας
2813 1298 2921 1351 τῶν
2939 1299 3370 1352 δυναστευόντων
3398 1299 3470 1369 μὴ
3513 1299 3589 1352 διὰ

2040 1391 2139 1453 τὰς
2167 1393 2362 1462 ἀρχὰς,
2401 1390 2538 1443 ἀλλά
2562 1390 2650 1442 διὰ
2697 1390 2795 1451 τάς
2842 1393 3041 1457 ἀρετὰς
3073 1389 3466 1459 θαυμάζεσθαι,
3514 1393 3591 1443 ἵνα

2041 1483 2140 1551 τῆς
2199 1483 2368 1552 τύχης
2427 1481 2845 1551 μεταπεσούσης
2900 1481 3008 1534 τῶν
3066 1481 3245 1535 αὐτῶν
3318 1483 3592 1552 ἐγκωμίων

2041 1574 2323 1639 ἀξιῶνται.

2113 1665 2287 1736 Ζήλου
2315 1665 2390 1734 μὴ
2414 1667 2540 1728 τοὺς
2568 1666 2832 1737 μεγίστην
2853 1665 3026 1735 ἀρχὴν
3049 1666 3451 1734 κτησαμένους,
3475 1664 3596 1717 ἀλλά

2046 1759 2170 1820 τοὺς
2202 1758 2399 1828 ἄριστα
2438 1761 2550 1823 τοῖς
2583 1758 2816 1829 παροῦσι
2860 1759 3259 1829 χρησαμένους.

2117 1944 2178 1993 '0
2219 1943 2381 2006 αὐτὸς
2417 1943 2680 1996 κάκιστον
2730 1941 2916 2006 ἔλεγεν
2947 1939 3184 2009 ἄρχοντα
3232 1934 3371 1990 εἶναι
3399 1935 3489 1989 τδν
3517 1937 3600 2004 ἄρ-

2039 2052 2158 2104 χειν
2190 2033 2389 2088 ἐαυτοῦ
2425 2033 2499 2104 μὴ
2533 2034 2851 2101 δυνάμενον.

2112 2127 2334 2182 Μελέτω
2381 2143 2464 2178 σοι
2495 2124 2590 2178 τοῦ
2628 2124 2886 2192 πλήθους,
2925 2121 3018 2176 καὶ
3057 2121 3182 2192 περὶ
3214 2118 3411 2180 παντὸς
3461 2115 3606 2170 ποιοῦ

363 2209 503 2264 rium
534 2212 793 2265 omnibus
841 2213 1004 2268 rebus
1035 2223 1328 2283 antepono,
1362 2215 1672 2285 intelligens
1724 2225 1778 2270 et
1818 2229 1939 2269 eam

2082 2219 2456 2289 εχαρισμένως
2489 2217 2671 2278 αὐτοῖς
2703 2215 2917 2285 ἄρχειν,
2961 2213 3250 2282 γινώσκων
3280 2212 3364 2264 ὅτι
3389 2209 3482 2262 καὶ
3509 2207 3607 2260 τῶν

366 2301 596 2356 formam
640 2303 956 2374 reipublica:
993 2305 1044 2358 in
1077 2322 1181 2374 qua
1214 2307 1370 2376 pauci
1405 2308 1697 2376 imperant,
1730 2317 1782 2361 et
1813 2307 1942 2360 aliu-

366 2409 486 2447 rum
519 2396 1043 2466 rerumpublicarum
1075 2397 1196 2451 illas
1247 2398 1557 2453 diutissime
1604 2399 1939 2464 conservari,

364 2502 482 2556 quae
508 2488 911 2542 multitudinem
971 2498 1164 2543 curant
1197 2497 1250 2544 et
1282 2491 1469 2543 colunt
1499 2489 1724 2559 optime.
1762 2489 1942 2542 Bonus

364 2592 545 2633 autem
579 2581 690 2635 eris
721 2581 906 2651 populi
939 2583 1133 2636 ductor
1161 2591 1216 2638 et
1259 2593 1504 2647 curator,
1558 2582 1601 2635 si
1652 2596 1752 2636 nec
1797 2581 1942 2636 allici

366 2671 564 2740 injuria
597 2672 811 2728 turbam
853 2673 1082 2742 patiere,
1115 2690 1214 2729 nec
1252 2674 1450 2743 injuria
1487 2672 1734 2728 alfectam
1766 2673 1946 2743 negli-

365 2777 478 2832 ges.
504 2763 603 2818 sed
626 2763 677 2816 id
711 2764 952 2827 curabis,
989 2773 1048 2818 ut
1072 2765 1258 2834 optimi
1295 2765 1496 2836 quique
1529 2765 1766 2820 honores
1804 2763 1947 2820 θοαῖς

367 2852 540 2923 piant,
570 2855 748 2908 caeteri
787 2855 932 2908 nulla
983 2853 1289 2910 afficiantur
1319 2855 1534 2923 injuria.

439 2946 698 3014 Corporis
730 2948 804 3000 tui
827 2945 1136 3002 custodiam
1168 2947 1497 3003 tutissimam
1527 2947 1780 3004 existima
1817 2961 1945 3003 esse
1981 2953 1986 2956 ’

370 3036 670 3091 amicorum
720 3037 994 3100 virtutem,
1045 3046 1101 3092 et
1140 3037 1370 3094 aliarum
1417 3038 1946 3108 rerumpublicarum

372 3129 800 3184 beniuolentiam
829 3168 845 3195 ,
903 3139 1167 3200 tuamque
1219 3132 1388 3200 ipsius
1438 3131 1815 3200 prudentiam;
1865 3131 1950 3186 his

369 3222 511 3277 enim
553 3221 712 3278 rebus
753 3232 807 3278 et
834 3223 1149 3278 conservari
1189 3231 1244 3279 et
1286 3225 1464 3294 parari
1510 3238 1675 3294 regna
1715 3221 1984 3279 Inarime"

359 3319 616 3384 .pOssunt.

434 3406 640 3463 Gravis
685 3415 739 3462 et
777 3411 1108 3466 metuendus
1147 3408 1236 3470 fac
1279 3409 1534 3476 videare;
1588 3410 1722 3466 nihil
1761 3424 1949 3465 eorum
1981 3399 1984 3404 ’

372 3507 493 3564 qua:
550 3493 707 3560 fiunt,
762 3496 1162 3567 irresploratum
1221 3499 1586 3568 relinquendo
1641 3517 1656 3553 :
1710 3499 1952 3556 clemens

375 3597 578 3652 autem,
609 3589 812 3646 leviora
837 3591 1054 3649 delictis
1077 3593 1340 3664 supplicia
1363 3594 1678 3650 statuendo.

445 3679 490 3734 Γ
496 3697 560 3736 ac
606 3681 743 3736 velis
795 3682 1025 3752 imperio
1078 3683 1279 3753 dignus
1311 3698 1434 3740 esse
1480 3699 1594 3740 non
1631 3686 1948 3753 acerbitate,

377 3788 556 3842 neque
593 3775 831 3841 graviter
876 3775 1172 3844 puniendo,
1212 3777 1307 3832 sed
1342 3775 1629 3832 efﬁciendo
1661 3787 1722 3831 ut
1763 3793 1951 3833 omnes

381 3873 707 3934 superentur
751 3875 840 3919 tua
909 3874 1092 3920 mente
1136 3877 1192 3921 et
1245 3867 1629 3938 intelligentia,
1679 3868 1952 3922 arbitren-
1989 3895 1992 3898 ~

381 3966 581 4026 torque
643 3963 698 4011 te
736 3955 936 4012 melius
971 3971 1140 4027 quam
1173 3957 1320 4029 ipsos
1354 3974 1454 4030 pro
1487 3974 1584 4016 sua
1625 3960 1799 4014 salute
1822 3974 1952 4015 con-

381 4049 605 4103 sultare.

451 4139 689 4197 Diodori.
737 4141 907 4198 Nemo
959 4157 1150 4200 eorum
1201 4145 1294 4216 qui
1351 4145 1588 4216 aliquam
1632 4145 1950 4216 dignitatem

383 4237 617 4290 assecuti
655 4242 805 4301 sunt,
835 4236 888 4290 si
916 4235 1267 4292 vehementer
1293 4239 1563 4308 peccarit,
1594 4247 1774 4306 speret
1799 4252 1860 4293 se
1885 4239 1952 4292 ad

385 4339 690 4404 extremum
722 4329 842 4383 sine
873 4329 1300 4396 reprehensione
1327 4331 1500 4386 latere
1524 4344 1707 4400 posse.
1741 4329 1952 4385 Etenim

385 4421 430 4477 si
457 4421 510 4474 in
535 4421 766 4475 vitasua
799 4418 1052 4488 cll‘ugerit
1084 4419 1559 4491 reprehensionem
1581 4420 1952 4484 etinfamiam,

2039 2308 2371 2379 ὀλιγαρχιῶν
2409 2310 2502 2360 καὶ
2557 2307 2666 2360 τῶν
2717 2307 2891 2360 ἄλλων
2943 2303 3228 2357 πολιτειῶν
3259 2295 3418 2355 αὗται
3471 2300 3609 2352 πλεῖ-

2045 2418 2170 2454 στον
2227 2400 2420 2470 χρόνον
2477 2399 2908 2468 παραμένουσιν,
2959 2397 3160 2457 αἵτινες
3209 2394 3274 2448 ἂν
3324 2394 3523 2462 ἄριστα
3556 2390 3614 2442 τὺ

2045 2492 2250 2561 πλῆθος
2287 2491 2690 2561 θεραπεύσωσι.
2727 2489 2922 2550 Καλῶς
2963 2488 3016 2541 δέ
3070 2486 3521 2555 δημαγωγήσεις,
3551 2483 3614 2534 ἂν

2049 2588 2187 2657 μήτε
2218 2585 2310 2639 τὸν
2334 2585 2492 2655 δχλον
2524 2584 2769 2654 ὑϐρίζειν
2806 2583 2920 2653 ἐᾷς,
2957 2582 3090 2651 μήτε
3127 2577 3482 2649 ὑϐριζὸμενον
3525 2589 3616 2624 πε·

2049 2679 2255 2749 ριορᾷς,
2291 2677 2427 2730 ἀλλά
2483 2677 2704 2739 σκοπεῖς
2759 2676 2906 2735 ὅπως
2958 2673 3007 2726 οἱ
3061 2671 3325 2742 βέλτιστοι
3378 2667 3478 2736 μὲν
3520 2667 3612 2728 τὰς

2046 2771 2214 2839 τιμὰς
2242 2769 2478 2836 ἕξουσιν,
2504 2769 2552 2820 oi
2585 2766 2641 2820 δέ
2670 2765 2820 2820 ἄλλοι
2855 2763 3022 2834 μηδὲν
3051 2761 3497 2832 ἁδικηθήσονται.

2119 2945 2374 3017 Φυλακὴν
2427 2945 2844 3016 ἀσφαλεστάτην
2875 2939 3012 3013 ήγοῦ
3056 2937 3150 2993 τοῦ
3181 2937 3434 3006 σώματος
3482 2926 3613 2986 εῖναι

2049 3042 2150 3111 τήν
2177 3055 2238 3093 τε
2263 3039 2373 3092 τῶν
2410 3037 2576 3106 φίλων
2612 3034 2833 3106 ἀρετὴν,
2893 3032 2989 3086 καὶ
3019 3030 3118 3100 τὴν
3157 3027 3267 3081 τῶν
3313 3024 3491 3080 ἄλλων
3521 3042 3614 3076 πο-

2053 3132 2270 3187 λιτειῶν
2301 3129 2538 3196 εὔνοιαν,
2569 3128 2663 3183 καὶ
2683 3128 2782 3200 τὴν
2816 3122 3042 3179 σεαυτοῦ
3071 3122 3358 3193 φρόνησιν.
3387 3117 3489 3172 Διά
3517 3117 3617 3184 γὰρ

2059 3229 2264 3282 τούτων
2291 3228 2384 3282 καὶ
2419 3224 2613 3290 σώζειν
2641 3225 2737 3277 καὶ
2782 3220 3014 3277 κτᾶσθαι
3045 3220 3143 3282 τὰς
3171 3213 3494 3286 τυραννίδας
3526 3211 3620 3282 μά-

2057 3322 2214 3375 λιστα
2244 3320 2312 3374 ἄν
2338 3337 2423 3383 τις
2449 3317 2694 3372 δύναται.

2130 3413 2312 3474 Δεινὺς
2349 3410 2451 3479 μὲν
2505 3409 2719 3477 φαίνου,
2753 3403 2830 3474 τῷ
2875 3402 3042 3473 μηδέν
3097 3417 3156 3453 σε
3204 3395 3493 3451 λανθάνειν
3521 3395 3620 3446 τῶν

2057 3504 2381 3572 γινομένων,
2433 3501 2606 3570 πρᾶος
2653 3499 2730 3561 δέ,
2782 3496 2863 3565 τῷ
2908 3493 3006 3556 τὰς
3049 3490 3321 3563 τιμωρίας
3375 3487 3621 3547 ἐλάττους

1985 3648 2002 3663 .
2060 3589 2331 3644 ποιεῖσθαι
2361 3589 2470 3640 τῶν
2509 3584 2998 3660 ἁμαρτανομένων.

2099 3682 2395 3753 .⁹Αρχικδς
2445 3677 2586 3733 εῖναι
2643 3663 2832 3748 βούλου
2874 3678 2948 3746 μή
3001 3673 3330 3746 χαλεπότητι
3386 3667 3518 3739 μηδέ
3550 3666 3622 3730 τῷ

2062 3774 2267 3843 σφόδρα
2297 3769 2568 3837 κολάζειν,
2605 3773 2739 3826 ἀλλὰ
2761 3770 2837 3840 τῷ
2871 3769 3080 3829 πάντας
3109 3763 3374 3835 ἡττᾶσθαι
3405 3763 3504 3831 τῆς
3531 3759 3622 3824 si;

2059 3864 2317 3929 διανοίας,
2372 3864 2466 3917 καὶ
2517 3863 2759 3934 νομίζειν
2795 3861 2936 3932 ὑπὲρ
2981 3859 3080 3930 τῆς
3125 3856 3305 3912 αὐτῶν
3356 3853 3622 3924 σωτηρίας

2060 3957 2283 4027 ἄμεινόν
2311 3973 2371 4010 σε
2407 3954 2782 4026 βουλεύεσθαι.

2133 4136 2340 4206 Μηδεὶς
2387 4134 2656 4200 ἐλπιζέτω
2689 4133 2800 4186 τῶν
2843 4132 3114 4204 τυχόντων
3145 4129 3426 4199 ὑπεροχῆς
3467 4143 3622 4192 τινος,

2063 4231 2130 4285 ἂν
2161 4230 2515 4300 ἐξαμαρτάνῃ
2544 4227 2777 4298 μεγάλα,
2807 4224 3069 4296 λήσεσθαι
3114 4223 3202 4277 διὰ
3231 4223 3421 4284 τέλους
3449 4222 3623 4274 ἀνεπι-

2062 4323 2312 4394 τίμητος.
2345 4323 2455 4376 Καὶ
2474 4321 2582 4391 γὰρ
2612 4319 2678 4375 ἂν
2702 4322 2758 4374 ἐν
2787 4319 2865 4386 τῷ
2896 4317 3018 4372 καθ’
3047 4317 3236 4370 ἐαυτδν
3259 4314 3361 4384 βίῳ
3394 4312 3625 4382 διαφύγῃ

2060 4415 2151 4468 τὸν
2185 4417 2292 4468 ἀπὸ
2318 4413 2418 4484 τῆς
2467 4414 2839 4484 ἐπιτιμήσεως
2878 4411 3054 4480 λόγον,
3101 4409 3328 4476 ὕστερον
3359 4407 3514 4479 ἥξειν
3543 4403 3623 4458 ἐπ’

389 4517 510 4575 post
533 4517 713 4563 tamen
737 4509 1100 4575 exspectanda
1125 4512 1172 4564 ei
1198 4520 1281 4564 est
1308 4510 1508 4563 veritas
1531 4525 1656 4564 cum
1677 4509 1953 4576 libertate,

2082 4508 2224 4562 ιῦτὶον
2255 4505 2644 4576 προσδέχεσθαι
2694 4505 2792 4576 τὴν
2825 4503 3087 4574 ἀλήθειαν
3124 4501 3262 4571 μετά
3316 4497 3623 4570 παρρησίας

388 4615 511 4669 quae
539 4600 756 4656 occulta
785 4599 915 4654 olim
950 4599 1172 4654 silentio
1206 4600 1542 4669 praedicabit.

460 4691 656 4758 Regem
681 4691 815 4744 bene
848 4689 1288 4757 fungentem'suo
1319 4702 1546 4743 munere
1574 4689 1730 4743 decet
1752 4689 1960 4758 justum

389 4792 446 4836 et
468 4780 879 4850 magnanimum
917 4787 974 4833 et
1029 4779 1304 4836 sincerum
1347 4789 1400 4834 et
1445 4778 1722 4834 liberalem
1770 4780 1824 4834 in
1859 4780 1964 4833 lar-

393 4872 592 4944 giendo
617 4887 760 4936 esse,
793 4888 856 4927 ac
885 4871 1078 4942 quavis
1104 4871 1400 4940 cupiditate
1431 4872 1691 4942 majorem
1712 4889 1728 4941 ;
1761 4873 1966 4943 suppli-

394 4966 477 5021 cia
514 4965 716 5019 leviora
750 4965 974 5031 delicto,
1004 4964 1236 5034 gratiam
1282 4973 1462 5020 autem
1504 4965 1768 5020 benelicio
1797 4963 1968 5034 liiajo-

396 5074 510 5113 rem
543 5056 767 5122 referre,
807 5057 965 5128 13o
998 5067 1108 5111 tum
1147 5057 1412 5128 subjectis
1441 5066 1553 5112 tum
1585 5057 1797 5114 amicis.
1933 5045 1950 5065 ¹

469 5149 661 5205 Nullus
690 5149 940 5219 princeps
969 5149 1189 5220 longius
1227 5150 1282 5204 in
1328 5151 1454 5205 vitia
1485 5150 1820 5221 provehitur,
1860 5147 1965 5204 nisi

399 5242 754 5312 cupiditatum
791 5241 1078 5296 ministros
1115 5242 1332 5298 habeat.

473 5335 784 5404 Agathonis.
819 5332 947 5388 Tria
983 5333 1298 5388 meminisse
1338 5333 1494 5388 decet
1553 5335 1922 5405 magistratum
1951 5353 1965 5390 :

405 5426 636 5494 primum
667 5440 726 5480 se
759 5423 1076 5480 hominibus
1123 5423 1394 5493 imperare
1421 5441 1435 5489 ;
1468 5424 1694 5478 alterum
1740 5440 1807 5478 ex
1836 5424 1973 5494 legi-

407 5521 505 5574 bus
541 5517 852 5588 imperare;
887 5515 1130 5582 tertium,
1177 5529 1236 5576 se
1268 5530 1375 5570 non
1418 5529 1633 5585 semper
1677 5516 1972 5586 imperatu-

408 5625 528 5664 nun
558 5625 702 5666 esse.
1215 5623 1218 5628 ’

478 5702 747 5772 Antigoni.
777 5703 1082 5773 Antigonus
1124 5715 1217 5755 rex
1268 5698 1485 5754 cuidam
1514 5699 1639 5752 anui
1668 5713 1727 5755 se
1755 5699 1971 5756 beatum

408 5794 744 5864 praedicanti,
781 5794 1066 5858 Siﬁsoires,
1116 5786 1314 5864 inquit;
1345 5803 1380 5849 o‘
1408 5802 1602 5857 mater,
1637 5805 1797 5862 quam
1835 5794 1973 5848 mul-

1986 4649 1988 4652 ,
2065 4601 2438 4674 κηρύττουσαν
2467 4599 2535 4651 τὰ
2580 4598 2746 4652 πάλαι
2779 4597 3130 4666 σιωπώμενα.

2139 4695 2232 4745 Δεῖ
2268 4692 2357 4745 τὸν
2389 4689 2570 4752 καλῶς
2589 4689 2975 4783 ,βασιλεύοντα
3023 4688 3234 4740 δίκαιον
3278 4684 3376 4738 καὶ
3411 4682 3629 4753 μεγαλὸ-

2066 4787 2256 4858 ψυχον,
2295 4787 2390 4839 καί
2427 4774 2616 4853 ἀληθῆ
2638 4785 2732 4836 καὶ
2768 4782 3118 4850 μεταδοτικδν
3144 4774 3305 4841 εἶναι,
3335 4779 3433 4832 καὶ
3465 4777 3630 4843 πάσης

2069 4877 2365 4947 ἐπιθυμίας
2393 4876 2678 4946 κρείττονα
2701 4891 2717 4908 ο
2739 4876 2830 4928 καὶ
2855 4874 2951 4936 τὰς
2982 4873 3077 4941 μὲν
3095 4872 3362 4942 τιμωρίας
3390 4871 3631 4930 ἐλάττους

2071 4971 2173 5034 τῆς
2203 4969 2382 5035 ἀξίας,
2415 4969 2512 5031 τὰς
2540 4969 2597 5022 δὲ
2640 4968 2866 5038 χάριτας
2929 4967 3147 5036 μείζους
3172 4964 3274 5034 τῆς
3319 4963 3632 5033 εὐεργεσίας

2071 5064 2380 5118 ἀποδιδόναι
2413 5065 2524 5122 τοῖς
2571 5044 2831 5132 ὕπήκόοις
2861 5063 2957 5120 καὶ
2989 5060 3184 5128 φίλοις.

2139 5152 2332 5217 Οὐδεὶς
2383 5153 2476 5205 ἐπὶ
2533 5151 2718 5204 πλεῖον
2766 5149 2965 5212 κακίας
3015 5147 3300 5224 προϐαίνει
3351 5147 3632 5217 δυνάστης,

2071 5243 2169 5298 ἐὰν
2201 5243 2276 5313 μή
2305 5243 2430 5306 τοὺς
2461 5243 2907 5314 ὑπηρετήσοντας
2935 5242 3035 5314 ἔχῃ
3063 5243 3185 5306 ταῖς
3215 5241 3556 5312 ἐπιθυμίαις.
3641 5235 3644 5238 ’

2151 5336 2256 5390 Τὸν
2285 5336 2522 5406 ἄρχοντα
2567 5335 2736 5406 τριῶν
2765 5335 2847 5388 δεῖ
2901 5334 3235 5404 μεμνῆσθαι,
3267 5334 3483 5404 πρῶτον
3517 5334 3636 5403 μιν,

2071 5426 2154 5480 ὅτι
2204 5425 2507 5495 ἀνθρώπων
2555 5425 2749 5496 ἄρχει·
2796 5426 3068 5494 δεύτερον,
3126 5424 3207 5479 ὅτι
3240 5425 3384 5477 κατά
3444 5424 3640 5491 νόμους

2075 5518 2234 5590 ἄρχει
2255 5533 2270 5549 ο
2300 5519 2502 5588 τρίτον,
2536 5519 2618 5571 ὅτι
2651 5517 2750 5572 οὐκ
2782 5517 2870 5571 ἀεὶ
2911 5517 3088 5588 ἄρχει.

2156 5700 2457 5766 Ἀντίγονος
2498 5698 2526 5751 ὁ
2562 5698 2815 5768 βασιλεὺς
2866 5697 3002 5769 πρός
3049 5713 3173 5750 τινα
3233 5694 3638 5766 μακαρίζουσιν

2077 5792 2238 5849 αὐτὸν
2262 5789 2459 5862 γραῦν,
2495 5792 2556 5844 ΕΞ
2589 5791 2758 5862 ᾔδεις,
2809 5790 2933 5861 ἔφη,
2980 5785 3026 5844 ὦ
3056 5790 3252 5858 μῆτερ,
3293 5790 3433 5844 ὅσων
3465 5786 3646 5853 κακῶν
