3890 6602
201 463 314 537 1οὮ

995 459 1164 522 LOCI
1197 418 1635 522 COMMUNES.
1667 481 1738 496 υ-
1781 456 1978 519 rans
2005 456 2087 519 η.
2122 453 2381 518 SERMO
2419 456 2548 517 vn.

3256 449 3392 516 1034

248 591 348 645 Τῶν
373 582 643 638 πολιτικῶν
673 583 768 636 ἐὰν
792 583 888 648 τάς
931 583 1061 649 ὕλας
1091 583 1318 656 ἀφέλῃς,
1343 580 1500 638 κενὸν
1538 579 1706 647 τάφον
1737 570 1762 628 Δ

1884 577 1939 632 Si
1975 577 2103 633 viris
2131 575 2522 647 rempublicam
2575 570 3091 628 administrantibus
3119 573 3381 626 materias

190 686 417 755 abpijsesr,
445 676 560 730 νοῦν
592 676 693 730 οὐκ
732 675 942 747 ἔχοντα.

245 865 389 915 Ὀταν
454 858 631 929 ἄρχων
705 860 930 931 ἀπογνῷ
994 860 1056 914 τὸ
1115 860 1376 916 δύνασθαι
1439 864 1706 932 κρατεῖν,

1809 678 1863 725 et
1889 680 2186 740 apparatus
2235 667 2525 729 detrahas,
2580 665 2739 720 inane
2791 662 3101 734 sepulcrum
3158 663 3401 734 reperies

1813 773 1996 818 mente
2030 777 2249 818 carens.

1881 858 1936 913 Si
1966 856 2319 928 magistratus
2367 857 2660 923 desperant
2701 865 2762 906 se
2812 848 3100 920 imperium
3160 846 3426 924 retinere

187 959 363 1022 ἀνάγκη
406 953 524 1013 τοὺς
570 949 848 1022 ὑπηκόους
884 952 1047 1018 εὐθὺς
1092 954 1439 1025 ἅφηνιάζειν,
1478 954 1573 1009 καὶ
1605 956 1711 1023 μά-

1865 970 1996 1020 )sse,
2039 954 2316 1023 subjectos
2353 949 2536 1007 statim
2595 946 2860 1004 rebellare
2913 957 3138 1001 necesse
3195 951 3299 1005 est,
3334 955 3399 996 ac

184 1055 311 1105 λιστα
346 1048 458 1109 τοὺς
486 1047 546 1099 ὲκ
575 1047 786 1116 μικρῶν
815 1048 906 1102 καὶ
950 1049 1058 1102 τῶν
1097 1050 1372 1120 τυχόντων
1397 1049 1712 1120 πεφυκότας

1865 1064 1910 1104 ιε
1954 1047 2045 1116 qui
2076 1061 2143 1101 ex
2213 1043 2470 1100 tenuibus
2518 1050 2571 1097 et
2607 1039 2922 1111 vulgaribus
2970 1036 3219 1110 prognati
3275 1040 3408 1093 sunt

186 1139 566 1213 ἀνερεθίζεσθαι.

749 1257 964 1312 ΛΟΓΟΣ
1020 1257 1094 1313 Ζ’.

181 1373 293 1452 Περί
319 1369 606 1452 δικαστῶν
627 1371 1000 1452 ἀδεκάοςτων.
1034 1373 1133 1452 καί
1159 1377 1426 1452 καθαρὰς
1451 1376 1718 1444 ἐχόντων

233 1447 323 1507 τὰς
359 1443 572 1510 χεῖρας.
606 1444 704 1496 καὶ
759 1444 938 1508 κρίμα
978 1443 1081 1499 καὶ
1147 1443 1548 1511 δικαιοσύνην
1583 1463 1711 1499 ποι·

234 1517 469 1569 ούντων·
500 1511 607 1584 καί
630 1513 718 1566 ὅτι
747 1513 1083 1583 εὐάρεστον
1115 1514 1193 1582 τῷ
1211 1513 1332 1580 Θεῷ
1357 1517 1590 1584 εὐθείας
1613 1518 1720 1583 τὰς

232 1585 437 1653 κρίσεις
464 1583 762 1653 ἐκφέρειν.

242 1699 424 1755 ’Ᾱθῶον
443 1699 530 1752 καὶ
556 1699 765 1754 δίκαιον
793 1702 894 1753 οὐκ
923 1705 1267 1772 ἀποκτενεῖς,
1293 1704 1390 1759 καὶ¹
1415 1705 1476 1759 οὐ
1499 1703 1724 1760 δικαιώ-

175 1809 269 1856 σεις
292 1793 375 1846 τὶν
403 1791 573 1861 ἀσεϐῆ
611 1793 801 1848 ἕνεκεν
830 1795 1042 1868 δώρων.

225 1969 366 2040 Δῶρα
395 1967 452 2022 οὐ
476 1968 661 2039 λήψει.
693 1971 774 2024 Τά
800 1973 910 2044 γὰρ
940 1973 1090 2045 δῶρα
1116 1975 1377 2045 ὲκτὺφλοῖ
1404 1977 1717 2049 ὀφθαλμοὺς

170 2062 462 2133 βλεπᾶντων,
498 2062 598 2114 καὶ
630 2061 954 2131 λυμαίνεται
984 2068 1207 2138 ῥήματα
1241 2067 1446 2124 δίκαια.

226 2153 420 2222 Πένητα
445 2153 553 2206 οὐκ
583 2154 827 2227 ὲλεήσεις
862 2157 919 2208 ὲν
946 2159 1149 2227 κρίσει.

222 2245 287 2298 Οὐ
315 2245 661 2316 διαστρέψεις
691 2249 863 2316 κρίμα
891 2251 1123 2322 πένητος
1151 2252 1210 2306 ὲν
1244 2253 1423 2325 κρίσει
1455 2254 1645 2309 αὐτοῦ.

217 2430 282 2483 Οὐ
313 2431 566 2502 ποιήσεις
599 2432 784 2488 ἄδικον
814 2434 872 2488 ὲν
901 2436 1102 2506 κρίσει,
1135 2436 1195 2488 οὐ
1245 2435 1390 2508 λήψῃ
1423 2436 1720 2507 πρόσωπον

160 2521 370 2594 πτωχοῦ,
405 2523 528 2579 οὐδὲ
567 2526 642 2597 μὴ
673 2526 965 2598 θαυμάσῃς
995 2530 1289 2598 πρόσωπον
1317 2529 1604 2584 δυνάστου.
1627 2527 1721 2583 Ἐν

159 2617 446 2690 δικαιοσύνη
490 2619 707 2690 κρινεῖς
739 2620 832 2674 τὸν
873 2620 1104 2692 πλησίον
1138 2639 1260 2678 σου.

213 2799 279 2853 Οὐ
317 2798 478 2869 λήψει
528 2798 708 2869 λύτρα
739 2799 878 2871 ὑπὲρ
908 2800 1010 2869 τῆς
1045 2799 1232 2871 ψυχῆς
1273 2801 1368 2855 τοῦ
1418 2801 1720 2870 φονεύσαν-

153 2909 248 2955 τος,
279 2893 370 2946 τοῦ
412 2894 609 2963 ἐνὸχου
657 2894 810 2958 ovato;
860 2894 1243 2965 ἀναιρεθῆναι,
1279 2895 1497 2964 θανάτῳ
1553 2892 1720 2947 θανα-

152 2986 324 3050 τώσεις
353 2986 548 3042 αὐτόν.

212 3079 316 3134 Οὐκ
363 3080 658 3153 ἐπι-γνώσῃ
705 3082 999 3150 πρέσωπον
1053 3081 1112 3134 ὲν
1171 3080 1375 3152 κρίσει.
1414 3080 1573 3134 Κατὰ
1629 3081 1722 3135 τὸν

151 3172 327 3241 μικρὸν
375 3174 474 3226 καὶ
531 3174 677 3227 κατὰ
729 3175 823 3226 τὸν
876 3175 1050 3242 μέγαν
1082 3178 1311 3244 κρινεῖς.
1345 3177 1422 3230 Οὐ
1484 3175 1558 3248 μὴ
1589 3176 1721 3229 ὑπο.

1815 1141 2052 1196 maxime
2079 1139 2304 1196 irritari.

2260 1255 2490 1313 θεοΜο
2529 1254 2618 1310 vn
2645 1253 2744 1328 [αι.
2767 1249 2972 1324 cvm].

1825 1381 1898 1436 De
1925 1379 2198 1450 judicibgus
2231 1374 2556 1450 incorruptis
2583 1382 2632 1426 et
2669 1386 2830 1450 puras
2853 1367 3164 1450 habentibus
3195 1379 3406 1450 martyr,

1891 1435 2082 1520 altique
2113 1435 2679 1520 justitiamcagercent.
2725 1440 2794 1494 Et
2843 1447 3112 1509 acceptum
3153 1452 3266 1492 esse
3295 1435 3404 1490 Deo

1892 1515 2026 1577 recte
2051 1515 2266 1588 vereque
2305 1515 2515 1590 judicia
2537 1528 2798 1569 exercere.

1897 1701 2072 1758 Exod.
2107 1717 2261 1757 χχιιι.
2297 1697 2646 1754 lnnocentem
2687 1704 2742 1751 et
2770 1695 2977 1763 justum
3015 1706 3125 1747 non
3165 1687 3409 1752 occides,

1827 1809 1926 1851 nec
1963 1806 2022 1848 ut
2077 1793 2281 1863 justum
2328 1790 2579 1848 absolves
2613 1788 2842 1858 impium
2902 1786 2974 1840 ob
3027 1796 3257 1838 munera
3311 1795 3409 1834 ac-

1749 1913 1795 1970 B
1828 1895 2005 1956 cepta.

1896 1979 2119 2035 Munera
2157 1992 2225 2032 ne
2255 1974 2512 2046 accipito,
2550 1973 2678 2042 quia
2709 1983 2936 2026 munera
2964 1973 3245 2023 excaecant
3275 1979 3406 2020 ocu-

1823 2073 1910 2128 los
1943 2069 2329 2142 aspicientium
2357 2076 2412 2122 et
2438 2064 2599 2121 verba
2627 2063 2773 2133 justa
2800 2061 3155 2116 labefactant.

1894 2163 2155 2234 Pauperis
2181 2163 2232 2216 in
2260 2161 2471 2228 judicio
2503 2174 2570 2214 ne
2606 2158 2914 2213 miseretor.

1891 2256 2168 2312 Judicium
2217 2253 2471 2325 pauperis
2521 2253 2575 2307 in
2632 2250 2803 2320 ipsius
2870 2263 3039 2304 causa
3090 2263 3158 2305 ne
3189 2262 3410 2321 perver-

1824 2351 1947 2406 tito.

1893 2441 2060 2497 Lavit.
2096 2455 2213 2494 ιιι.
2260 2436 2404 2493 Nihil
2443 2445 2634 2492 contra
2671 2434 2762 2506 jus
2819 2435 2872 2488 in
2921 2433 3134 2503 judicio
3194 2433 3404 2489 facito:

1823 2535 2080 2606 pauperis
2111 2545 2362 2603 persona:
2386 2530 2656 2585 rationem
2701 2541 2808 2582 non
2843 2526 3066 2596 habeto,
3107 2541 3209 2582 nec
3241 2528 3408 2580 mira-

1823 2636 1907 2682 tor
1936 2639 2225 2696 personam
2250 2622 2518 2690 potentis;
2549 2636 2613 2678 ex
2641 2619 2766 2690 jure
2799 2634 3022 2675 causam
3055 2619 3289 2689 proximi
3320 2618 3408 2688 ju-

1823 2722 2024 2776 dicato.

1894 2813 2136 2868 Pretium
2192 2824 2260 2864 ne
2305 2808 2538 2878 accipito
2566 2806 2638 2862 ob
2689 2805 3063 2862 redimendum
3093 2803 3256 2877 144.
3283 2819 3408 2860 eum

1823 2907 1915 2976 qui
1953 2907 2150 2960 eaedem
2179 2902 2386 2958 fecerit.
2439 2902 2496 2956 Si
2546 2901 2828 2956 convictus
2865 2899 3027 2955 fuerit
3071 2899 3269 2969 dignus
3311 2900 3411 2967 qui

1824 2997 2046 3053 tollatur
2069 2995 2135 3050 de
2170 2994 2373 3059 medio,
2406 3007 2530 3048 eum
2561 3000 2616 3046 tu
2652 2991 2845 3048 mortis
2869 2991 3136 3061 supplicio
3180 2989 3407 3046 aliicito.

1897 3089 2053 3144 Deut.
2097 3103 2244 3144 xxrv.
2283 3085 2401 3142 Non
2450 3099 2712 3156 agnosces
2751 3099 3037 3154 personam
3083 3084 3134 3138 in
3175 3083 3408 3154 judicio,

1825 3192 1940 3238 tum
1967 3197 2135 3254 parvo
2168 3190 2281 3236 tum
2315 3194 2511 3249 magno
2539 3178 2824 3249 aequaliter
2855 3177 3125 3249 judicium
3157 3177 3397 3244 reddes;

148 3264 312 3337 στείλῃ
371 3267 679 3337 πρόσωπον
743 3265 1068 3336 ἀνθρώπου,
1134 3268 1219 3322 ὅτι
1283 3269 1316 3339 ἡ
1380 3268 1562 3338 κρίσις
1626 3253 1762 3322 τοῦ⁴

1867 3291 1936 3332 on
1986 3273 2262 3331 verebcris
2300 3287 2364 3328 os
2417 3273 2738 3342 cujusquam
2766 3308 2782 3334 ,
2823 3270 2952 3341 quia
3003 3268 3270 3337 judicium
3307 3269 3411 3325 Dei

143 3357 265 3411 Θεοῦ
297 3361 470 3415 ἐστιν.

211 3454 318 3507 Οὐκ
348 3454 632 3519 ὲκκλινεῖς
659 3457 839 3526 κρίσιν
865 3455 1208 3528 προσηλύτου
1237 3455 1333 3510 καὶ
1368 3454 1610 3525 ὀρφανοῦ
1631 3455 1726 3509 καὶ

140 3551 323 3621 χήρας,
354 3549 452 3603 καὶ
484 3550 595 3604 οὐκ
624 3551 1002 3620 ὲνεχυριάαεις
1035 3549 1254 3620 ἱμάτιον
1285 3551 1484 3620 χήρας,

199 3666 576 3736 Δικαιοσύνην
625 3663 974 3730 ἐνεδεδύκειν,
1017 3663 1385 3734 ἠμφιασάμην
1431 3664 1486 3717 δὲ
1528 3665 1722 3736 κρίμα,

139 3761 220 3813 ἴσα
249 3760 517 3814 διπλοῖδι.

201 3849 464 3921 καθαρὸς
513 3849 708 3919 χερσὶν
765 3843 1030 3900 ἀναλάϐοι
1072 3844 1274 3916 Θάρσος
1301 3862 1315 3876 ο

136 3942 346 4010 ἀνόμων
379 3939 783 4008 καταγελάσει.

1374 3843 1575 3899 ἀδίκων
1633 3844 1731 3898 καὶ

202 4054 546 4125 Ἄνθρωπον
583 4053 642 4105 οὗ
690 4051 765 4121 μὴ
796 4050 1071 4120 αἱσχυνθῶ
1095 4064 1110 4079 ο
1141 4045 1280 4102 ἀλλὰ
1326 4047 1432 4118 μὴν
1453 4047 1575 4101 οὐδὲ
1609 4046 1733 4117 βρο-

134 4145 219 4198 τὶν
265 4147 328 4199 οὐ
387 4144 471 4216 μὴ
519 4141 798 4214 ἃντραπῶ.
842 4140 918 4194 Οὐ
963 4140 1071 4209 γὰρ
1102 4141 1402 4208 ἐπίσταμαι
1451 4137 1732 4206 θαυμάσαι

133 4240 432 4309 πρόσωπον
456 4255 473 4270 ο
505 4238 558 4290 εί
587 4236 644 4288 δὲ
677 4234 774 4304 μὴ,
803 4233 897 4286 καὶ
930 4232 1029 4302 ἐμὲ
1059 4231 1222 4300 σῆτες
1251 4230 1484 4283 ἔδονται.

196 4331 360 4400 Δῶρα
397 4329 499 4382 ἐπ’
540 4327 738 4389 ἀθώοις
765 4327 866 4379 οὐκ
895 4323 1108 4377 ἔλαϐον.
1146 4322 1205 4376 ’0
1255 4322 1428 4375 ποιῶν
1471 4322 1645 4376 ταῦτα
1672 4321 1732 4374 οὐ

127 4422 550 4493 σαλευθήσεται
575 4421 658 4482 είς
683 4417 776 4471 τὸν
805 4416 1004 4472 αἰῶνα.

195 4512 498 4582 Μακάριοι
559 4511 610 4565 oi
661 4509 1024 4580 φυλάσσοντες
1071 4508 1278 4580 κρίσιν,
1307 4508 1403 4561 καὶ
1451 4505 1736 4569 ποιοῦντες

121 4606 496 4676 δικαιοσύνην
528 4606 586 4659 ὲν
617 4605 781 4658 παντὶ
818 4601 1018 4675 καιρῷ.

190 4724 434 4791 ’Δνοιγε
491 4721 590 4774 σὸν
642 4719 816 4790 στόμα
847 4719 991 4789 λόγῳ
1022 4717 1182 4782 Θεοῦ,
1216 4716 1310 4770 καὶ
1348 4715 1501 4787 κρίνε
1553 4716 1732 4769 πάντα

116 4814 312 4884 ὑγιῶς.
355 4816 601 4882 Ἀνοιγε
633 4811 724 4865 σὺν
758 4810 954 4882 στόμα,
977 4811 1070 4864 καὶ
1101 4809 1253 4879 κρίνε
1279 4808 1454 4862 πάντα
1485 4806 1732 4869 δικαίως.

181 4992 554 5065 Εὐφροσύνη
585 4990 811 5044 δικαίων
846 4989 1018 5042 ποιεῖν
1049 4987 1312 5055 κρίματα.

178 5107 408 5175 Κτῆμα
439 5104 638 5174 τίμιον
668 5102 810 5173 ἀνὴρ
839 5102 1098 5170 καθαρός.

172 5197 504 5253 Αίδετσθαι
536 5195 825 5266 πρόσωπον
849 5194 907 5246 ὲν
932 5195 1114 5246 κοίσει
1142 5195 1202 5246 οὐ
1235 5193 1422 5249 καλόν.

170 5397 331 5452 Eius
390 5397 622 5467 Κύριος
672 5396 810 5466 πρὸς
878 5391 1132 5461 Σολομῶν
1173 5407 1186 5424 ·
1239 5391 1382 5446 ’Δνθ’
1430 5388 1505 5448 ὧν
1549 5393 1740 5464 ᾐτήσω

93 5491 234 5561 παρ’
288 5490 456 5561 ἐμοῦ
523 5487 584 5540 τὸ
634 5487 784 5558 ῥῆμα
830 5484 1010 5547 τοῦτο,
1049 5484 1142 5536 καὶ
1184 5483 1284 5536 οὐκ
1328 5485 1516 5555 ᾐτήσω
1566 5484 1742 5554 ἑαυτῷ

87 5581 332 5652 ἡμέραε
363 5577 620 5639 πολλὰς,
647 5577 738 5628 καὶ
768 5576 867 5628 οὐκ
906 5575 1094 5645 ᾐτήσω
1124 5572 1372 5637 πλοῦτον,
1411 5573 1533 5627 οὐδὲ
1561 5575 1739 5644 ψυχὰς

86 5675 327 5745 ἐχθρῶν
410 5687 552 5737 σου,
597 5669 712 5724 ἀλλ’
769 5668 956 5738 ᾐτήσω
1014 5666 1232 5720 σύνεσιν
1289 5666 1380 5719 τοῦ
1436 5667 1741 5720 εἰσακούειν

79 5767 309 5837 κρίμα,
404 5764 541 5817 ἰδοὺ
612 5761 823 5815 δέδωκά
881 5777 961 5811 σοι
1034 5757 1262 5826 καρδίαν
1307 5757 1580 5828 φρονίμην
1649 5757 1742 5809 καὶ

81 5860 352 5926 συνετὴν
381 5872 402 5887 ο
441 5854 534 5916 ὼς
564 5855 646 5918 σὺ,
673 5854 732 5907 οὐ
758 5851 978 5920 γέγονεν
1006 5851 1314 5920 ἔμπροσθέν
1341 5867 1454 5914 σου,
1483 5851 1575 5905 καὶ
1603 5850 1742 5921 μετὰ

75 5955 139 6007 σὲ
177 5952 300 6007 οὐκ
345 5950 750 6019 ἀναστήσεται
771 5946 953 6016 ὅμοιός
995 5961 1099 5998 σοι.

531 6047 800 6105 Ρηιιυι..
840 6042 956 6103 Gn.
999 6039 1309 6125 QXXXVI.

1826 3377 1935 3425 est.

1899 3459 2018 3515 Non
2054 3458 2272 3529 rejieies
2303 3473 2524 3514 cattsam
2571 3460 2814 3527 advenae,
2858 3475 2959 3516 nec
2984 3457 3173 3530 pupilli
3202 3470 3302 3513 nec
3329 3455 3412 3510 vi-

1827 3555 1947 3610 duae
1969 3573 1982 3621 ;
2008 3569 2108 3610 nec
2135 3553 2346 3626 pignori
2378 3554 2616 3625 accipies
2645 3553 2825 3610 vidua:
2851 3563 3083 3610 vestem.

1897 3663 1999 3719 Job
2032 3680 2185 3719 XXIX.
2239 3663 2459 3720 Justitia
2507 3681 2594 3722 me
2630 3664 2944 3731 induebam,
2973 3672 3027 3722 et
3060 3662 3263 3735 judicio
3288 3667 3416 3718 uteé

1831 3757 1930 3812 bar
1970 3766 2230 3826 tanquam
2263 3757 2524 3827 diploide.

1902 3847 2001 3916 Qui
2044 3851 2300 3906 manibus
2327 3861 2412 3906 est
2455 3851 2607 3919 puris
2661 3850 2916 3907 ﬁduciam
2950 3851 3140 3916 sumit,
3173 3848 3412 3919 injustos

1831 3951 1886 3996 et
1919 3941 2137 4012 iniquos
2165 3943 2439 3998 deridens.

1901 4053 1998 4108 Job
2026 4069 2202 4109 xrxrt.
2254 4054 2453 4110 Coram
2501 4055 2725 4110 homine
2773 4071 2885 4110 non
2919 4053 3124 4111 alliciar
3178 4053 3414 4125 pudore,

1835 4156 2010 4212 neque
2041 4144 2265 4199 verebor
2299 4144 2608 4200 mortalem.
2641 4144 2763 4200 Non
2794 4145 2939 4199 enim
2978 4146 3102 4200 novi
3153 4145 3417 4199 admirari

1834 4251 2162 4308 personam;
2191 4237 2235 4292 si
2268 4249 2448 4292 autem
2503 4253 2632 4304 non,
2683 4251 2851 4294 etme
2892 4239 3054 4295 tineae
3105 4239 3414 4303 comedent,

1898 4325 2048 4379 Psal.
2083 4342 2191 4379 xtv.
2226 4325 2448 4381 Munera
2494 4327 2757 4383 adversus
2801 4330 3120 4384 innocentes
3162 4343 3271 4382 non
3308 4342 3403 4383 ac-

1838 4420 1954 4488 cepi
1983 4432 1998 4471 :
2025 4417 2118 4487 qui
2173 4415 2303 4472 facit
2339 4417 2451 4471 haec
2497 4432 2602 4471 non
2647 4415 2987 4471 concutietur
3034 4417 3089 4470 in
3126 4417 3414 4471 saeculum.

1909 4510 2057 4567 Beati
2083 4511 2174 4582 qui
2197 4510 2489 4566 observant
2515 4509 2805 4578 justitiam,
2838 4516 2892 4564 et
2927 4507 3122 4588 quovis
3158 4515 3414 4579 tempore

1766 4607 1814 4663 D
1842 4621 1960 4660 eam
1989 4612 2268 4660 exercent.

1917 4716 2194 4772 Salomon.
2251 4716 2413 4786 Aperi
2448 4729 2510 4770 os
2547 4726 2696 4770 tuum
2749 4714 2963 4771 Domini
3021 4715 3208 4781 verbo,
3261 4724 3316 4772 et
3343 4715 3412 4771 do

1839 4809 2297 4877 omnibusjudica
2332 4810 2536 4880 integre
2560 4824 2575 4862 :
2600 4808 2746 4878 aperi
2769 4823 2830 4865 os
2857 4816 3034 4874 tuum,
3055 4816 3109 4863 et
3135 4808 3201 4863 de
3238 4807 3420 4864 omni-

1841 4905 1944 4958 bus
1978 4903 2124 4972 juste
2160 4901 2365 4970 judica.

1911 4991 2118 5047 Laetitia
2139 4991 2410 5060 iustorum
2437 5001 2516 5045 est
2542 5005 2664 5045 cum
2693 4990 2903 5059 judicia
2939 4990 3193 5046 reddunt.

1915 5106 2131 5176 Regum.
2172 5103 2279 5160 Res
2312 5104 2492 5173 magni
2524 5102 2684 5172 pretii
2717 5103 2803 5157 vir
2828 5117 3021 5173 purus.

1912 5198 2169 5254 Revereri
2207 5210 2495 5265 personam
2525 5192 2850 5266 cujusquam
2885 5197 2941 5250 in
2973 5196 3204 5268 judicio,
3243 5199 3416 5254 bone-

1842 5304 1984 5351 stum
2016 5309 2126 5349 non
2158 5302 2266 5348 est.

1911 5386 2187 5443 Salomoni
2252 5385 2562 5453 Dominus,
2613 5385 2792 5455 Quia,
2847 5387 3048 5458 inquit,
3099 5399 3131 5440 a
3187 5397 3272 5438 me
3309 5381 3418 5439 hoc

1842 5480 2069 5550 petiisti,
2101 5492 2204 5533 nec
2239 5476 2441 5535 multos
2469 5492 2642 5534 armos
2670 5478 2790 5533 dari
2825 5478 2924 5534 tibi
2959 5476 3273 5547 posmlasti,
3309 5489 3414 5530 nec

1841 5571 2196 5642 opulentiam,
2238 5585 2342 5627 nec
2370 5571 2610 5627 hostium
2640 5577 2860 5627 tuorum
2897 5569 3097 5639 capita,
3130 5567 3224 5623 sed
3251 5567 3416 5624 intel-

1841 5665 2116 5736 ligentiam
2145 5672 2199 5720 et
2234 5665 2590 5735 sagacitatem
2642 5664 2708 5718 ad
2769 5663 3151 5738 dijudicandas
3183 5676 3409 5728 causas,

1841 5774 1907 5813 en
1942 5757 2012 5812 do
2044 5756 2142 5811 tibi
2173 5771 2268 5813 cor
2301 5756 2540 5828 prudens
2566 5763 2620 5810 ct
2650 5769 2838 5824 sagax,
2875 5761 2930 5808 et
2973 5761 3032 5806 ut
3074 5751 3255 5806 nullus
3284 5758 3414 5806 ante

1841 5863 1892 5908 te
1929 5850 2093 5906 fuerit
2141 5851 2321 5922 qualis
2347 5859 2428 5917 tu,
2474 5864 2575 5906 nec
2623 5857 2748 5920 post
2774 5855 2827 5904 te
2857 5846 3090 5902 exsistet
3120 5845 3411 5917 quisquam

1844 5949 1917 6002 tui
1945 5943 2158 6002 similis.

3021 6035 3095 6101 33
