3928 6578
485 417 620 479 1035

1779 403 2095 468 ANTONII
2133 392 2476 470 mussat

3573 410 3685 469 1036

551 525 718 594 Soph.
753 537 814 579 tt.
843 523 1382 579 Judiciumexerccte
1408 531 1458 576 et
1479 521 1748 591 justitiam
1780 523 2008 592 quaerite
2039 536 2055 588 ;

2236 527 2426 598 Κρίμα
2483 524 2808 594 ὲργάσασθε,
2877 521 2970 576 καὶ
3030 522 3298 592 ζητήσατε
3357 520 3680 592 δικαιοσύνην,

484 619 705 690 quaerite
739 617 1238 681 mansuetudinem,
1264 625 1321 670 ut
1359 615 1410 669 in
1440 615 1528 672 die
1588 617 1680 670 irae
1745 616 1958 670 Domini
2002 616 2056 669 in

495 719 612 764 tuto
651 709 796 765 sitis.

560 800 724 856 Zach.
759 816 852 857 νιι.
885 798 1159 855 Iudicium
1192 797 1400 868 justum
1429 805 1701 852 exercete.

548 894 746 948 Jercm.
779 909 912 947 χιιι.
951 891 1075 946 llaec
1099 891 1226 944 dicit
1253 889 1549 943 Dominus:
1589 886 1770 943 Facite
1795 887 2056 957 judicium

481 998 532 1041 ct
567 988 855 1058 justitiam,
897 995 950 1041 et
989 983 1178 1054 eripite
1223 983 1514 1052 spoliatum
1558 981 1623 1034 de
1657 996 1816 1033 manu
1862 979 2058 1050 injuria

483 1079 765 1134 :iilicicntis
804 1079 992 1143 illum;
1026 1085 1078 1129 et
1107 1079 1392 1135 advenam.
1444 1074 1658 1127 viduam
1696 1083 1748 1126 et
1796 1072 2056 1142 pupillum

483 1189 548 1225 nc
581 1170 925 1239 opprimatis,
955 1168 1088 1222 nihil
1125 1166 1286 1236 impie
1322 1168 1514 1236 agatis,
1549 1177 1599 1221 et
1624 1168 1940 1234 sanguinem
1977 1166 2060 1217 in-

485 1265 706 1316 noxium
736 1278 803 1315 ne
841 1259 1203 1330 profundatis.

550 1356 677 1411 Hinc
702 1355 835 1410 dicit
862 1354 1161 1409 Dominus:
1197 1350 1409 1407 Judicia
1433 1352 1579 1422 justa
1614 1349 2058 1420 exercete,justi-

481 1449 551 1501 tia
584 1447 820 1502 utimini.
859 1445 1058 1501 Beatus
1102 1445 1192 1515 qui
1230 1445 1347 1499 haec
1384 1444 1517 1512 agit,
1550 1441 1634 1494 Itis
1666 1441 1971 1506 adhaerens,
2005 1448 2057 1492 et

481 1556 676 1597 manus
706 1555 834 1596 suas
868 1538 1153 1594 abstinens
1187 1538 1253 1592 ab
1284 1536 1480 1606 injuria
1505 1533 1768 1590 facienda.

553 1717 661 1772 Isa.
700 1735 738 1772 ι.
791 1717 1071 1788 Exquirite
1117 1715 1318 1785 judicia
1349 1756 1364 1780 ,
1412 1714 1638 1770 liberate
1676 1711 1873 1780 injuria
1926 1710 2056 1765 alie-

479 1821 652 1873 ctum.
699 1810 969 1880 judicium
1029 1807 1256 1864 reddite
1294 1807 1518 1876 pupillo,
1554 1806 1770 1859 viduam
1816 1803 2056 1858 absolvi-

479 1913 608 1966 tote,
638 1913 691 1957 et
719 1904 896 1958 venite
925 1909 981 1956 et
1010 1900 1408 1970 disceptemus,
1440 1899 1617 1968 inquit
1653 1898 1938 1952 Domiuus.

547 1995 746 2049 ,ιρι-ειη.
779 2009 893 2048 xxt.
928 1991 1053 2047 Haec
1081 1992 1217 2046 dicit
1250 1991 1552 2046 Dominus:
1588 1989 1835 2046 Judicate
1875 2005 2052 2052 mane,

479 2096 532 2141 et
564 2096 714 2142 recta
746 2086 956 2140 ratione
986 2084 1236 2154 dirigite:
1263 2083 1452 2152 eripite
1500 2082 1790 2152 spoliatqu
1815 2093 1866 2135 et
1891 2096 2054 2135 vexa~

479 2190 592 2233 tum
635 2180 700 2234 de
720 2194 882 2233 manu
930 2177 1104 2249 ipsum
1139 2174 1339 2243 injuria
1371 2173 1681 2237 allicientis,
1711 2186 1779 2227 ne
1813 2172 1892 2226 ira
1935 2185 2055 2225 mea

477 2283 738 2341 tanquam
775 2271 916 2342 ignis
970 2268 1332 2326 succendatur
1363 2278 1417 2323 et
1454 2266 1799 2333 exardescat,
1845 2279 1946 2319 nec
1986 2263 2056 2317 sit

479 2366 572 2428 qui
607 2365 777 2434 possit
806 2365 1181 2432 exstinguere.

554 2456 711 2530 145
751 2455 944 2510 Ezech.
979 2472 1054 2510 vr.
1099 2451 1425 2523 lnjustitiam
1466 2458 1520 2506 et
1555 2450 1919 2506 calamitatem
1957 2462 2050 2502 au-

485 2552 646 2615 ferte,
672 2549 938 2620 judicium
973 2557 1026 2602 et
1068 2546 1338 2616 justitiam
1374 2551 1648 2605 exercete,
1700 2542 1923 2597 eximite
1971 2549 2054 2610 ty-

481 2643 758 2698 rannidem
787 2658 816 2698 e
845 2641 1043 2712 popqu
1074 2655 1216 2702 meo,
1250 2639 1382 2693 dicit
1417 2636 1680 2692 Dominus
1707 2635 1867 2688 Deus.

552 2732 724 2785 Eccli.
763 2747 835 2785 tv.
893 2730 1193 2786 Personam
1243 2728 1482 2797 potentis
1532 2742 1601 2781 ne
1651 2726 1932 2792 respicite,
1988 2724 2053 2777 ad

483 2833 711 2879 mortem
758 2839 936 2893 usque
986 2837 1085 2892 pro
1129 2821 1356 2875 veritate
1413 2827 1640 2884 certato,
1697 2826 1749 2872 et
1793 2816 2057 2872 Dominus

483 2916 821 2986 prmliabitur
853 2931 949 2986 pro
983 2926 1054 2969 te.

553 3029 834 3086 Adversus
864 3029 1100 3083 animam
1148 3038 1294 3083 tuam
1328 3041 1617 3099 personam
1663 3039 1734 3079 ne
1773 3019 2052 3091 respicite.

553 3122 806 3193 lujuriosi
841 3136 1086 3192 personae
1118 3137 1187 3176 ne
1223 3122 1519 3192 assurgito.

555 3237 694 3294 Tum
727 3236 957 3296 summis
990 3245 1102 3290 tum
1129 3233 1332 3289 inlimis
1361 3233 1451 3305 jus
1477 3230 1645 3287 dicito
1679 3227 1984 3298 aequaliter.

557 3353 759 3423 lujuria
804 3351 1056 3407 affectum
1101 3350 1167 3404 de
1209 3365 1372 3403 manu
1422 3345 1619 3415 injuria
1648 3341 1930 3397 aﬂicientis
1953 3339 2067 3394 cxi~

488 3445 640 3510 mito,
666 3457 766 3500 nec
807 3444 860 3500 in
905 3444 1027 3514 jure
1073 3441 1311 3498 dicundo
1355 3439 1432 3495 sis
1467 3436 1854 3508 pusillanimis.

562 3559 720 3616 Prius
755 3573 918 3630 quam
953 3557 1269 3627 inquisieris
1301 3571 1366 3611 ne
1398 3570 1626 3610 accuses
1655 3553 1930 3624 :primum
1970 3565 2061 3605 co-

487 3653 758 3721 gnoscito,
791 3660 906 3704 tum
928 3650 1161 3717 denique
1185 3648 1499 3718 objurgato.

558 3743 691 3798 Sine
715 3743 926 3811 judicio
957 3743 1090 3796 nihil
1123 3742 1418 3811 quidquam
1451 3739 1667 3795 feceris.

557 3835 735 3890 Nolite
758 3850 824 3889 ex
854 3841 1078 3903 aspectu
1108 3842 1164 3888 et
1191 3833 1342 3886 vultu
1363 3830 1635 3902 judicare,
1671 3832 1765 3886 sed
1795 3831 1948 3901 justo
1969 3829 2060 3898 ju-

485 3927 628 3984 dicio
650 3926 916 3997 judicate.

556 4019 659 4088 Qui
691 4016 1110 4088 lacitjustitiam
1139 4016 1322 4086 justus
1351 4024 1458 4072 est.

553 4110 699 4168 Iusti
732 4110 902 4168 animi
934 4109 1097 4166 inde:
1123 4117 1208 4170 est
1235 4109 1521 4177 integritas
1547 4107 1602 4162 in
1629 4105 1949 4176 iudicando.

551 4287 632 4342 Ad
663 4283 1099 4358 cognoscendam
1128 4297 1309 4338 veram
1343 4281 1612 4353 justitiam
1647 4280 1892 4350 profecto
1935 4293 2056 4334 ma-

484 4398 589 4450 gno
633 4394 770 4452 opus
800 4387 884 4435 est
913 4379 1130 4448 ingenio
1159 4386 1210 4432 et
1237 4383 1417 4430 mente
1460 4374 1882 4444 pecfectissima.
1910 4371 2056 4428 Fieri

482 4474 629 4528 cnim
656 4487 764 4527 non
796 4477 974 4540 potest
1013 4476 1072 4523 ut
1103 4467 1191 4537 qui
1229 4481 1336 4520 non
1369 4474 1455 4520 est
1509 4465 1561 4518 in
1587 4465 1712 4533 jure
1738 4464 2044 4531 institutus,

484 4562 887 4618 controversias
931 4558 1102 4629 possit
1153 4565 1300 4611 recte
1341 4553 1664 4624 dijudieare.
1719 4554 1821 4620 Qui
1872 4563 2050 4609 autem
2091 4593 2136 4650 υ

488 4668 673 4710 Veram
703 4653 805 4708 scit
831 4649 1123 4718 justitiatn,
1169 4662 1233 4700 ac
1274 4660 1371 4716 per
1393 4659 1512 4698 eam
1541 4659 1700 4698 suum
1736 4644 1934 4715 cuique
1961 4646 2054 4700 tri-

487 4748 651 4800 buere
685 4743 891 4808 didicit,
927 4740 974 4795 is
1008 4737 1213 4807 optime
1264 4743 1438 4806 potest
1467 4735 1668 4804 judicia
1721 4735 1955 4805 dirigere
2007 4744 2060 4790 et

486 4833 889 4889 administrare.
908 4827 1375 4897 Quemadmodum
1402 4826 1800 4898 sagittariusad
1834 4841 2057 4898 sc0pum

486 4927 670 4997 dirigit
718 4926 842 4991 tela,
913 4939 1086 4993 neque
1140 4920 1470 4993 superando,
1502 4935 1678 4996 neque
1734 4920 2060 4975 submitten-

488 5022 576 5086 do,
600 5033 778 5087 neque
804 5018 856 5072 in
907 5016 1173 5071 utramvis
1202 5027 1406 5086 partem
1443 5011 1829 5079 convertendo,
1857 5011 2058 5065 frustra

487 5111 738 5182 sagittam
781 5110 999 5174 emittit,
1028 5108 1124 5164 sed
1175 5107 1455 5172 coliimat;
1488 5105 1566 5158 sic
1598 5103 1764 5171 judex
1806 5101 1897 5170 jus
1945 5110 2060 5154 tra-

487 5211 618 5269 ctat,
652 5216 833 5272 neque
881 5214 1145 5270 personas
1192 5197 1513 5268 respiciens,
1551 5209 1728 5265 neque
1757 5193 2053 5263 quidquam

489 5298 702 5352 faciens
744 5294 1068 5367 cujusquam
1112 5291 1329 5346 hortatu
1378 5299 1432 5344 et
1468 5287 1808 5353 invitatione,
1845 5287 1936 5341 sed
1975 5300 2058 5340 re-

487 5401 608 5444 ctas
668 5398 721 5443 et
782 5388 1003 5441 minime
1059 5390 1337 5438 contortas
1387 5379 1667 5450 proferens
1727 5379 2047 5434 sententias.

487 5480 555 5534 Et
608 5477 823 5533 duobus
850 5473 1186 5546 litigantibus
1240 5478 1345 5525 stat
1389 5469 1442 5524 in
1486 5470 1670 5525 medio
1695 5468 1858 5539 judex
1917 5484 2058 5524 exa-

491 5588 689 5643 qnans,
739 5579 793 5626 et
852 5579 1062 5624 tantum
1119 5562 1412 5620 detrahens
1469 5562 1520 5618 ei
1567 5563 1657 5633 qui
1705 5562 1827 5630 plus
1867 5562 2050 5626 habet,

486 5673 749 5734 quantum
788 5661 991 5724 invenit
1052 5661 1364 5729 ademptum
1426 5657 1477 5712 ei
1538 5655 1868 5724 cuiinjuria
1914 5655 2056 5712 facta

486 5762 577 5813 sit.

560 5850 676 5904 Non
727 5859 810 5904 est
849 5847 988 5918 εεψή
1032 5845 1232 5918 judicis
1291 5857 1447 5914 pares
1503 5841 1728 5912 paribus
1759 5841 2054 5918 decernere

2164 619 2433 689 ζητήσατε
2496 617 2802 688 πραΰτητα,
2851 615 2998 678 ὅπως
3043 613 3384 684 σκεπασθῆτε
3437 617 3487 667 ἐν
3535 614 3688 686 ἡμέρα

2162 711 2331 780 ὀργῆς
2363 709 2590 779 Κυρίου.

2234 803 2275 854 Κ
2289 801 2426 872 ρίμα
2455 801 2660 856 δίκαιον
2687 801 2933 872 κρίνατε.

2233 893 2370 944 Τάδε
2416 893 2562 960 λέγει
2610 891 2855 962 Κύριος·
2908 891 3118 943 Ποιεϊτε
3170 892 3350 961 κρίσιν
3399 890 3490 942 καὶ
3516 890 3689 943 δικαιο-

2164 986 2348 1053 σύνην,
2390 985 2484 1038 καὶ
2533 985 2774 1051 ἐξέλεσθε
2819 984 3232 1054 διηρπασμὲνον
3276 983 3337 1034 ὲκ
3387 983 3554 1052 χειρὸς
3597 983 3691 1037 ἁδι-

2162 1075 2383 1140 κοῦντος
2419 1079 2576 1130 αὐτὸν
2601 1119 2614 1142 ,
2663 1085 2756 1134 καὶ
2789 1080 3128 1150 προσήλυτον
3201 1080 3295 1132 καὶ
3319 1080 3488 1148 χήραν
3511 1079 3594 1130 καὶ
3617 1080 3691 1147 ὀρ-

2164 1172 2330 1238 φανὸν
2387 1170 2460 1240 μὴ
2512 1173 3031 1235 καταδυναστεύετε,
3067 1173 3162 1225 καὶ
3213 1174 3286 1242 μὴ
3335 1169 3583 1233 ἀσεϐεῖτε,
3617 1173 3691 1222 καὶ

2163 1258 2298 1331 αἷμα
2331 1264 2509 1317 ἀθῶον
2543 1265 2614 1334 μὴ
2654 1266 2891 1331 ὲκγὲετε.

2233 1356 2370 1410 Τάδε
2409 1355 2558 1426 λέγει
2609 1358 2808 1427 Κύριος
2835 1374 2850 1390 ο
2906 1359 3173 1426 Ποιήσατε
3225 1357 3428 1427 κρίσιν,
3467 1356 3692 1423 ποιήσατε

2159 1447 2526 1518 δικαιοσύνην.
2575 1448 2863 1518 Μακάριος
2907 1451 2934 1503 6
2981 1448 3156 1502 ποιῶν
3180 1447 3353 1503 ταῦτα
3394 1445 3482 1500 καὶ
3513 1446 3696 1513 ἀντεχό-

2157 1557 2322 1608 μενος
2373 1540 2571 1604 αύτῶν,
2604 1540 2700 1595 καὶ
2751 1541 3023 1611 διατηρῶν
3077 1541 3176 1604 τὰς
3221 1539 3411 1610 χεῖρας
3462 1534 3609 1589 αὑτοῦ
3636 1536 3693 1605 μὴ

2161 1634 2335 1686 ποιεῖν
2368 1632 2550 1689 ἄδικα.

2240 1725 2606 1798 Ἐκζητήσατε
2637 1727 2840 1796 κρίσιν,
2895 1727 3131 1800 ῥύσασθε
3178 1721 3547 1794 ἀδικούμενον,
3594 1721 3693 1790 κρίι

2159 1835 2286 1871 νατε
2311 1819 2556 1889 ὀρφανῷ,
2583 1821 2676 1873 καὶ
2701 1819 3032 1873 δικαιώσατε
3067 1819 3265 1890 χήραν,
3306 1817 3403 1869 καὶ⁵
3436 1815 3593 1877 δεῦτε,
3623 1814 3698 1866 καὶ

2084 1877 2128 1933 Β
2157 1877 2555 1981 διαλεχθύιμενξ
2579 1913 2727 1980 λέγει
2764 1912 2844 1965 Κύ
2861 1930 2994 1985 ριος.

2229 2002 2367 2056 Τάδε
2407 2003 2554 2072 λέγει
2598 2003 2836 2072 Κύριος’
2904 2003 3140 2075 Κρίνατε
3186 2002 3372 2074 πρωῒ,
3425 2003 3514 2056 καὶ
3539 2017 3700 2054 κατευ·

2161 2095 2386 2149 θύνατε·
2424 2097 2517 2148 καὶ
2545 2095 2788 2160 ὲξέλεσθε
2837 2097 3244 2167 διηρπασμένον
3298 2098 3364 2148 ὲκ
3397 2094 3567 2166 χειρὸς
3604 2093 3698 2144 ἀδι-

2160 2187 2378 2252 κοῦντος
2405 2188 2588 2254 αὑτὸν,
2618 2190 2766 2253 ὅπως
2793 2190 2866 2260 μὴ
2902 2190 3112 2260 ἀναφθῇ
3137 2192 3213 2250 ὼς
3240 2188 3356 2259 πῦρ
3379 2190 3412 2259 ἡ
3445 2185 3572 2258 ὀργή
3594 2203 3694 2255 μου,

2159 2285 2253 2337 καὶ
2285 2284 2636 2354 καυθήσεται,
2675 2285 2768 2336 καὶ
2799 2285 2899 2337 οὐκ
2933 2284 3086 2336 ἔσται
3114 2285 3142 2336 6
3173 2283 3410 2336 σϐἑσων.

2240 2463 2481 2516 ’Λδικίαν
2533 2463 2627 2516 καὶ
2675 2461 3052 2527 ταλαιπωρίαν
3091 2456 3382 2526 ἀφέλεσθε,
3418 2454 3579 2525 κρίμα
3621 2452 3695 2504 καὶ

2159 2553 2506 2622 δικαιοσύνην
2541 2554 2826 2624 ποιήσατε,
2881 2551 3109 2622 ἐξάρατε
3162 2547 3609 2602 καταδυναστείαν
3654 2545 3703 2596 ἐκ

2159 2645 2250 2697 τοῦ
2273 2644 2405 2698 λαοῦ
2443 2662 2562 2713 μου,
2599 2645 2748 2711 λέγει
2778 2642 2980 2713 Κύριος
3011 2643 3038 2691 6
3069 2640 3222 2700 Θεός.

2229 2737 2319 2808 Μὴ
2385 2736 2557 2807 λάϐῃς
2624 2737 2913 2804 πρόσωπον
2978 2731 3266 2794 δυνάστου,
3331 2730 3438 2792 ἕως
3502 2726 3697 2782 θανίτου

2157 2828 2421 2897 ἀγώνισαι
2456 2831 2582 2899 περὶ
2624 2830 2722 2897 τῆς
2751 2824 3029 2898 ἀληθείας,
3065 2823 3158 2876 καὶ
3192 2821 3402 2890 Κύριος
3440 2819 3703 2888 πολεμήσει

2160 2922 2298 2990 ὑπὲρ
2328 2921 2444 2974 σοῦ.

2230 3037 2320 3103 Μὴ
2355 3035 2525 3105 λάϐῃς
2553 3033 2848 3103 πρόσωπον
2878 3031 3021 3087 κατὰ
3046 3033 3222 3101 ψυχῆς
3257 3047 3379 3084 σου.

2229 3128 2320 3196 Μὴ
2349 3126 2646 3194 ἐξαναστῇς
2676 3125 2782 3178 ἀπὸ
2813 3123 3105 3195 προσώπου
3131 3118 3418 3192 ὑϐριστοῦ.

2092 3227 2136 3286 c
2240 3241 2537 3294 Δικαίωσον
2573 3242 2756 3311 μικρῷ
2787 3242 2880 3293 καὶ
2913 3238 3134 3307 μεγάλῳ
3158 3236 3388 3308 ὁμοίως.

2251 3356 2466 3420 Ἐξελοῦ
2494 3356 2847 3425 ἀδικούμενον
2871 3355 2931 3406 ἐκ
2961 3352 3143 3422 χειρὸς
3177 3347 3517 3411 ἀδικοῦντος,
3537 3344 3620 3399 καὶ
3639 3339 3700 3414 μὴ

2165 3449 2566 3518 ὀλιγοψυχήσῃς
2591 3449 2648 3500 ἐν
2692 3447 2767 3516 τῷ
2793 3444 3001 3515 κρίνειν
3030 3459 3110 3496 σε.

2239 3560 2376 3629 Πρὶν
2421 3559 2704 3630 ἑξετάσῃς,
2742 3555 2816 3629 μὴ
2864 3556 3080 3628 μέμψῃ.
3115 3553 3329 3625 Νόησον
3375 3554 3602 3624 πρῶτον,
3628 3549 3704 3603 καὶ

2161 3653 2284 3706 τότε
2317 3650 2566 3716 ἐπιτίμα.

2238 3738 2396 3789 Ἀνευ
2427 3735 2662 3804 κρίσεως
2701 3736 2776 3805 μὴ
2815 3737 3050 3808 ποιήσῃς
3085 3737 3271 3809 μηδὲν.

2232 3829 2322 3899 Μὴ
2353 3831 2566 3900 κρίνετε
2615 3830 2737 3884 κατ’
2784 3831 2925 3900 ὄψιν,
2977 3831 3109 3884 ἀλλὰ
3151 3832 3252 3901 τὴν
3296 3830 3516 3885 δικαίαν
3554 3827 3707 3900 κρίσιν

2162 3924 2402 3992 κρίνατε.
2435 3975 2437 3978 ,

2245 4012 2304 4066 '0
2327 4012 2496 4068 ποιῶν
2522 4012 2623 4082 τὴν
2649 4013 2993 4084 δικαιοσύνην
3012 4015 3218 4078 δίκαιός
3243 4016 3420 4069 ἐστιν.

2234 4107 2495 4176 Ἔλεγχος
2531 4108 2630 4176 τῆς
2685 4106 2782 4160 τοῦ
2833 4108 3041 4162 δικαίου
3090 4107 3394 4172 διαθέσεως
3438 4108 3470 4178 ἡ
3519 4104 3636 4175 περὶ
3657 4103 3710 4155 τὸ

2163 4196 2367 4267 κρίνειν
2396 4198 2644 4268 ὀρθότης.

2230 4289 2302 4343 Τὸ
2330 4289 2518 4359 νοῆσαι
2560 4291 2658 4358 τὴν
2702 4291 2874 4360 ἀληθῆ
2906 4289 3251 4360 δικαιοσύνην
3287 4291 3533 4360 μεγάλης
3567 4290 3713 4348 ὅντως

2160 4379 2396 4442 διανοίας
2451 4380 2542 4433 καὶ
2577 4381 2771 4450 φρενὸς
2800 4381 3144 4449 τελειοτάτης
3185 4382 3386 4435 δεῖται.
3429 4383 3711 4450 Ἀμήχανον

2160 4472 2268 4540 γὰρ
2305 4471 2380 4540 μὴ
2429 4473 2893 4543 προπαιδευθέντα
2941 4473 3035 4528 τοῦ
3084 4474 3294 4527 δικαίου
3347 4473 3600 4528 δύνασθαι
3630 4470 3712 4528 si;

2159 4563 2597 4633 ἀμφισϐητήσεις
2635 4565 2811 4636 ὀρθῶς
2842 4566 3162 4634 διακρίνειν.
3214 4566 3272 4618 '0
3309 4568 3426 4633 γὰρ
3457 4563 3604 4624 εἰδὼς
3629 4562 3714 4625 τὴν

2161 4655 2335 4724 ἀληθῆ
2381 4655 2750 4727 δικαιοσύνην,
2794 4660 2889 4710 καὶ
2929 4658 2996 4710 δι’
3036 4657 3206 4722 αὐτῆς
3244 4656 3520 4726 διδαχθεὶς
3563 4653 3618 4705 τὸ
3651 4649 3716 4702 ot-

2163 4748 2308 4799 κεῖον
2338 4748 2634 4817 ἀπονέμειν
2667 4749 2905 4814 ἑκάστῳ,
2933 4743 3090 4811 οὗτος
3127 4748 3356 4801 δύναται
3391 4744 3714 4800 κατευθύνειν

2162 4839 2356 4908 κρίμα·
2400 4839 2609 4910 Ὠσπερ
2653 4843 2680 4894 ὀ
2727 4841 2951 4911 τοξότης
2992 4841 3129 4911 πρὸς
3181 4841 3274 4893 τὸν
3318 4841 3529 4893 σκοπὸν
3574 4840 3716 4892 ἀπευ-

2163 4932 2310 4986 θύνει
2355 4932 2417 4985 τδ
2471 4933 2642 5002 βέλος,
2676 4932 2799 4989 οὔτε
2846 4933 3197 5005 ὑπερϐολαῖς,
3231 4932 3363 4987 οὔτε
3419 4932 3712 5000 ἐλλείψεων.

2161 5023 2286 5077 ούτε
2315 5026 2436 5088 ταῖς
2465 5026 2551 5094 ἐφ’
2595 5027 2834 5094 ἑκάτεραι
2866 5029 3228 5096 περιτροπαῖς
3272 5024 3602 5078 ἀποπλανῶν
3630 5019 3714 5090 τὴν

2159 5117 2391 5182 τοξείαν*
2423 5116 2596 5180 οὕτως
2619 5119 2647 5171 ὀ
2672 5117 2862 5187 κριτὴς
2891 5117 2984 5170 τοῦ
3008 5116 3213 5170 δικαίου
3242 5115 3716 5184 καταστοχάζεται,

2161 5209 2282 5262 οὔτε
2321 5207 2587 5278 πρόσωπα
2612 5209 2924 5278 λαμϐάνων,
2960 5207 3085 5261 οὔτε
3114 5208 3285 5260 ποιῶν
3314 5225 3371 5259 τι
3403 5208 3542 5260 κατὰ
3570 5204 3718 5276 1:965-

2161 5299 2370 5368 κλησιν,
2398 5299 2514 5352 ἀλλ’
2541 5300 2755 5362 εὐθείας
2788 5300 2882 5353 καὶ
2909 5301 3306 5369 ἀδιαστρόφους
3342 5301 3595 5368 ἐκφέρων
3634 5297 3718 5355 τὰς

2162 5391 2391 5461 κρίσεις.
2425 5391 2530 5443 Καὶ
2561 5390 2654 5444 δύο
2700 5392 3038 5461 κρινομένων
3084 5389 3215 5460 παρ’
3251 5391 3406 5460 αὐτῷ
3457 5385 3721 5457 ἔστηκενὸ

2162 5483 2353 5552 κριτὴς
2386 5483 2658 5535 ὲπανισῶν
2695 5483 2893 5546 αὐτοὺς
2918 5484 3058 5552 πρὸς
3093 5482 3382 5550 ἀλλήλους,
3418 5484 3514 5534 καὶ
3554 5475 3722 5532 τοσοῦο

2160 5592 2251 5628 τον
2297 5573 2545 5646 ὑφαιρῶν
2585 5561 2704 5626 τοιτ
2727 5574 3104 5645 ὑπερέχοντος,
3151 5574 3276 5627 ὅσον
3345 5570 3720 5640 ἐλαττούμενον

2163 5665 2403 5736 εὑρίσκει
2441 5665 2533 5716 τὸν
2559 5664 2930 5734 ἀδικούμενον.

2231 5842 2345 5895 Οὐκ
2383 5839 2496 5894 ἔστι
2533 5841 2741 5895 δικαίου
2777 5841 2985 5914 κριτοῦ,
3025 5842 3145 5908 ίσας
3187 5842 3321 5913 πρὸς
3372 5845 3497 5905 ἴσας
3537 5835 3720 5909 ὁρίζειν
