3890 6572
253 503 364 574 1041

1075 502 1247 564 LOCI
1287 503 1728 572 COMMUNES.
1770 533 1841 548 -
1882 511 2080 574 PARS
2122 516 2210 580 II.
2247 516 2505 580 SERMO
2547 519 2658 582 IX.

3326 525 3470 589 1042

307 614 452 669 Ξένια
497 609 586 664 καὶ
623 608 766 681 δῶρα
809 608 1069 680 mmor
1108 611 1426 686 ὀφθαλμοὺς
1454 616 1658 686 σοφῶν,
1693 617 1788 673 καὶ

1965 625 2134 682 Eccli.
2165 644 2254 683 xx.
2285 627 2458 683 Xenia
2486 637 2541 685 et
2566 645 2796 685 munera
2820 642 3091 688 exerceant
3136 635 3323 690 oculos
3375 653 3467 691 sa-

246 708 310 772 ὥς
333 705 481 776 φιμὸς
503 705 560 757 ἐν
588 702 662 773 τῷ
699 702 929 774 στόματι
957 703 1293 775 ἀποστρέφει
1327 707 1618 778 ἐλεγμούς.

306 885 475 937 Ἔστιν
512 881 789 936 ἀπολλύων
838 883 935 950 τὴν
979 885 1159 958 ψυχὴν
1191 887 1356 941 αὐτοῦ
1389 888 1457 942 δι’
1489 889 1778 962 αἰσχύνην,

245 981 321 1033 καὶ
349 975 447 1030 ἀπὸ
473 974 680 1045 λήψεως
709 974 1003 1045 προσώπου
1038 977 1231 1032 ἀπολεῖ
1261 979 1452 1050 αὑτήν.

304 1071 358 1124 Εί
383 1067 906 1138 προσωποληπτεῖτε,
928 1070 1204 1140 ἁμαρτίαν
1223 1073 1544 1142 ἐργάζεσθε,
1563 1074 1780 1146 ἔλεγχό-

244 1178 373 1234 μενοι
397 1162 456 1213 ὲκ
485 1159 575 1213 τοῦ
607 1159 775 1230 νόμου
806 1160 880 1225 ὡς
912 1161 1253 1232 παραϐάται.

301 1340 379 1392 Διὸ
407 1338 804 1409 ἀναπολόγητος
850 1336 917 1406 εί,
960 1334 1004 1395 ὧ
1041 1342 1319 1414 ἄνθρωπε,
1353 1347 1462 1409 πᾶς
1491 1347 1517 1400 ό
1549 1347 1776 1416 κρίνων.

250 1430 325 1482 Ἐν
367 1420 408 1495 ᾧ
453 1427 557 1498 γὰρ
607 1428 840 1498 κρίματι
893 1430 1102 1500 κρίνεις
1152 1433 1245 1485 τὸν
1297 1432 1506 1502 ἕτερον,
1551 1435 1779 1488 σεαυτὸν

241 1520 572 1592 κατακρίνεις.
602 1520 684 1574 Τά
710 1522 822 1593 γὰρ
852 1521 993 1578 αὑτά
1032 1524 1300 1594 πράσσεις
1327 1527 1355 1579 ὁ
1387 1525 1610 1595 κρίνων.

301 1701 498 1764 Ἄδικος
519 1699 780 1772 δικαστὴς
809 1701 1198 1774 μεμολυσμένη
1228 1704 1558 1775 συνείδησις.

302 1884 356 1937 '0
381 1882 473 1954 τὴν
499 1881 676 1953 ἀληθῆ
705 1881 1056 1954 δικαιοσύνην
1087 1885 1162 1956 μὴ
1196 1886 1336 1956 ἔχων
1379 1903 1776 1956 προεναποκει-

238 1977 384 2048 μίνην
408 1976 563 2029 αὺτοῦ
590 1978 656 2046 τῇ
684 1976 854 2047 ψυχῇ,
872 1977 988 2030 ἀλλ’
1017 1979 1050 2047 ἥ
1081 1979 1328 2049 χρήμασι
1355 1978 1772 2048 διεφθαρμένος.

233 2069 262 2137 ἦ
310 2066 449 2136 φιλίᾳ
501 2067 886 2136 χαριζόμενος,
946 2068 978 2137 ἢ
1036 2066 1238 2138 ἔχθραν
1305 2069 1675 2138 ἀμυνόμενος.
1739 2069 1773 2138 ἢ

235 2160 518 2214 δυναστείαν
553 2161 1000 2232 δυσωπούμενος,
1029 2161 1090 2216 τδ
1121 2163 1296 2232 κρίμα
1326 2163 1683 2216 κατευθύνειν
1714 2164 1774 2217 οὐ

234 2252 443 2307 δῦναται.
1225 2279 1262 2302 ρρ

292 2345 351 2398 Δί
384 2345 530 2414 παρά
559 2345 792 2416 ἄρχουσι
825 2347 1037 2418 κρίσεις
1062 2347 1184 2402 οὐδὲ
1214 2347 1314 2420 τὴν
1354 2349 1515 2420 νίκην
1545 2349 1778 2419 ἀζήμιον

235 2437 482 2506 φέρουσιν.

292 2524 360 2580 Οὐ
391 2525 521 2595 πρὸς
560 2525 776 2582 δικαίου
826 2527 1017 2597 ἀνδρὸς
1055 2531 1238 2600 σιωπῇ
1277 2529 1378 2594 τάς
1425 2529 1782 2601 παρανομίας

233 2617 606 2672 ἐπικαλύπτειν.

291 2711 358 2780 Τῇ
401 2709 504 2762 τῶν
543 2711 880 2776 δικαζόντων
931 2714 1289 2786 μακροθυμίᾳ
1340 2717 1388 2770 οῑ
1444 2717 1566 2773 λίαν
1605 2717 1781 2771 ἄδικοι

233 2802 555 2874 σκληρότεροι
595 2805 753 2859 αὐτοὶ
799 2805 1010 2859 ἑαυτῶν
1045 2807 1290 2876 γίνονται
1339 2809 1481 2863 κατὰ
1526 2809 1588 2862 τὺ
1622 2810 1782 2863 ἀπει-

232 2895 345 2950 θεῖν.
371 2896 473 2950 Καὶ
515 2897 598 2951 δεῖ
646 2897 738 2951 τὸν
783 2898 980 2969 κριτὴν
1026 2901 1251 2966 ειδέναι,
1285 2901 1366 2954 ὅτι
1420 2901 1605 2972 κρίσει
1641 2899 1780 2954 Θεοῦ

230 2986 483 3056 ὕπηρετεϊ,
515 2990 608 3042 καὶ
657 2989 718 3042 οὐ
759 2990 952 3060 κύριός
1003 2992 1154 3044 ἐστιν
1200 2990 1277 3056 ὡς
1325 2990 1579 3060 βούλεται
1626 2992 1782 3059 ἄγειν

229 3089 282 3131 το
323 3079 509 3149 κρίμα,
548 3079 696 3133 ὥστε
752 3085 849 3134 καὶ
901 3081 1229 3154 χαρίζεσθαι
1277 3087 1390 3148 τοῖς
1439 3083 1783 3158 κρινομένοις

229 3193 482 3245 ταγματα.

1888 717 2154 787 pientum,
2207 727 2264 774 et
2285 720 2443 789 quasi
2500 719 2716 775 frenum
2770 720 2823 776 in
2873 737 2968 779 ore
3017 725 3468 793 reprehensiones

1888 821 2164 866 avertunt.

1954 901 2050 958 Est
2083 903 2174 974 qui
2208 907 2400 974 perdat
2428 905 2668 961 animam
2695 922 2849 963 suam
2884 922 2982 978 per
3039 908 3465 976 turpitudinem,

1886 1004 1938 1052 et
1970 1006 2251 1066 respectus
2302 1013 2663 1068 personarum
2687 1000 2866 1070 perdit
2897 1015 3040 1056 eam.

1965 1089 2126 1161 148
2161 1089 2276 1145 Jac.
2308 1106 2367 1147 ιι.
2404 1091 2460 1148 Si
2517 1107 2804 1161 personam
2857 1094 3156 1164 respicitis,
3185 1109 3468 1166 peccatum

1885 1179 2175 1237 admittitis
2208 1199 2222 1236 :
2253 1183 2715 1253 reprehendimini
2743 1186 2888 1240 enim
2938 1201 2967 1240 a
3017 1186 3138 1257 lege
3202 1195 3468 1258 tauquam

1886 1272 2204 1327 violatores.

1960 1363 2118 1420 Rom.
2150 1381 2212 1421 ιι.
2253 1366 2434 1434 Quare
2477 1369 2888 1427 excusationem
2928 1386 3038 1427 non
3089 1371 3283 1441 habes,
3313 1386 3346 1427 o
3374 1371 3470 1428 ho-

1885 1471 1995 1521 mo,
2027 1457 2278 1528 quisquis
2307 1473 2365 1514 es
2394 1460 2484 1529 qni
2511 1459 2724 1528 iudicas
2757 1477 2905 1532 :qno
2928 1463 3072 1518 enim
3126 1463 3339 1534 iudicio
3399 1464 3469 1518 de

1885 1548 2053 1602 altero
2065 1548 2308 1618 iudicas,
2324 1551 2552 1621 teipsum
2574 1553 3139 1623 condcmnas;eadem
3162 1556 3305 1611 enim
3331 1554 3468 1612 facis

1884 1639 1976 1710 qui
2002 1641 2236 1710 iudicas.

1958 1731 2018 1788 S.
2055 1731 2274 1788 Basilii.
2321 1733 2548 1805 Iniquus
2590 1737 2764 1806 iudex
2787 1741 3162 1796 contaminata
3187 1742 3465 1799 conscien-

1888 1824 1984 1880 tia.
2035 1844 2038 1848 ’

1809 1947 1850 2002 Β
1953 1915 2054 1984 Qui
2085 1922 2551 1992 veramiustitiam
2593 1924 2646 1978 in
2680 1923 2864 1978 animo
2895 1923 3047 1994 prius
3076 1923 3311 1979 deﬁxam
3356 1938 3479 1978 non.

1879 2007 2064 2074 habet,
2093 2010 2189 2066 sed
2221 2011 2309 2067 “vel
2343 2014 2575 2083 pecunia
2624 2014 3015 2084 corrumpitur,
3065 2014 3150 2067 vel
3207 2014 3463 2070 amicitiae

1877 2101 2213 2168 gratiﬁcatur
2234 2113 2288 2159 et
2335 2105 2552 2176 placere
2592 2106 2795 2168 studet.
2833 2105 2916 2162 vel
2948 2105 3289 2162 inimicitiam
3325 2106 3467 2162 ulci-

1877 2191 2067 2262 scitur,
2096 2195 2178 2251 vel
2199 2198 2454 2266 potentiae
2488 2199 2691 2269 praebet
2727 2199 3072 2270 obsequium,
3094 2199 3141 2255 is
3160 2199 3470 2272 recteiudi-

1877 2283 1959 2337 cia
1982 2299 2235 2342 exercere
2263 2303 2372 2344 non
2397 2298 2601 2358 potest.

1947 2375 2160 2434 Judicia
2187 2380 2332 2448 apud
2385 2381 2740 2452 magistratus
2795 2397 2866 2439 ne
2919 2383 3202 2440 victoriam
3245 2386 3468 2456 quidem

1881 2468 2000 2525 sine
2025 2469 2224 2524 damno
2248 2481 2550 2541 reportant.

1958 2561 2218 2634 Theologi.
2252 2561 2366 2620 Viri
2399 2567 2522 2621 boni
2582 2581 2688 2622 non
2746 2578 2830 2624 est
2878 2568 3203 2640 iniquitates
3246 2569 3483 2627 silentio.

1887 2660 2206 2724 contegere.

1955 2747 2204 2816 Iniuriosi
2235 2762 2401 2818 supra
2434 2750 2651 2808 modum
2693 2752 2785 2822 qui
2813 2763 2966 2819 sunt,
3018 2753 3268 2825 iudicum
3327 2753 3469 2809 leni-

1887 2843 1999 2892 tate
2037 2838 2171 2892 llunt
2207 2842 2650 2898 contumaciores
2677 2843 2745 2898 ad
2779 2860 2884 2898 non
2922 2845 3227 2915 parendum
3285 2855 3343 2900 et
3368 2844 3468 2899 de-

1885 2928 2232 2983 trectandum
2267 2931 2581 3001 imperium.
2611 2933 2933 3004 Etiudicem
2962 2936 3106 2991 seire
3163 2945 3380 3007 oportet
3409 2954 3481 2995 se.

1887 3017 1981 3073 Dei
2006 3018 2061 3072 in
2092 3017 2301 3088 iudicio
2335 3019 2644 3077 ministrum
2674 3037 2816 3091 esse,
2849 3039 2956 3080 non
2989 3041 3118 3083 vero
3143 3015 3482 3096 dominum,

1886 3111 1980 3182 qui
2011 3111 2355 3185 litigantibus
2380 3113 2526 3185 leges
2544 3113 2742 3186 etiura
2785 3119 3099 3191 prescripta
3151 3123 3478 3180 condonare

1887 3207 2086 3276 possit.

284 3268 437 3331 Φόϐος
491 3268 630 3322 Θεοῦ
695 3268 1003 3340 ἀνθρώπων
1057 3273 1354 3351 σωτήριος,
1417 3273 1647 3338 σπάνιος
1698 3272 1778 3327 δέ.

1954 3295 2128 3353 Metus
2152 3297 2245 3354 Dei
2284 3300 2597 3358 hominibus
2623 3302 2882 3360 salutans
2927 3313 3032 3373 est,
3066 3310 3160 3363 sed
3201 3307 3341 3363 idem
3376 3324 3466 3363 ra-

230 3358 372 3412 Ὃθεν
393 3359 452 3413 οὐ
486 3361 594 3432 χρὴ
631 3361 937 3433 θαυμάζειν
963 3365 1257 3434 ἀφορῶντα
1281 3364 1419 3435 πρός
1444 3381 1504 3418 τε
1533 3364 1776 3436 πένητας

230 3454 768 3525 συκοφαντουμένους,
822 3456 918 3509 καὶ
967 3457 1105 3526 πρὸς
1164 3457 1428 3520 δικαστὰς
1477 3455 1776 3526 παραλογι-

229 3543 482 3614 ζομένους.

289 3635 354 3688 Τδ
391 3635 574 3706 νέμειν
610 3638 704 3693 τσα
753 3639 863 3704 τοῖς
912 3638 1120 3704 ἀνίσοις
1173 3639 1274 3711 τῆς
1311 3641 1579 3710 μεγίστης
1625 3637 1776 3694 ἐστὶν

228 3730 438 3796 ἀδικίας.

817 3849 1037 3904 ΛΟΓΟΣ
1085 3847 1162 3902 8'.

229 3969 348 4036 Περί
375 3969 596 4038 γονέων⁴
635 3964 940 4038 χρηστῶν,
973 3967 1071 4023 καὶ
1107 3968 1197 4022 ὅτι
1231 3967 1468 4036 χρὴδιὰ
1500 3967 1780 4035 σπουδῆς

288 4037 391 4092 καί
413 4039 841 4108 προσηκόντως
879 4037 986 4104 τὰς
1033 4040 1154 4094 τῶν
1189 4039 1416 4094 τέκνων
1470 4039 1780 4109 ἀναγωγὰς

288 4110 595 4176 ποιεῖσθαι,

290 4219 416 4278 Eine
456 4225 683 4296 Κύριος,
741 4225 817 4278 Οὐ
864 4223 939 4295 μὴ
988 4223 1183 4294 κρύψω
1232 4222 1343 4291 ἐγὼ
1385 4225 1490 4276 ἀπὸ
1535 4222 1782 4292 ’Λθραάμ

230 4319 312 4374 τοῦ
332 4323 509 4387 παιδός
533 4339 638 4394 μου
663 4322 699 4377 ἀ
729 4321 846 4392 ἐγὼ
871 4323 1032 4406 ποιῶ.
1066 4323 1253 4395 ¹ᾙδειν
1282 4323 1392 4394 γὰρ
1416 4323 1497 4376 ὅτι
1528 4322 1780 4388 συντάξει

237 4413 469 4488 ’Δόραάμ
510 4416 625 4479 τοῖς
651 4415 786 4477 υἱοῖς
823 4414 988 4468 αὐτοῦ
1017 4415 1111 4467 καὶ
1151 4412 1229 4485 τῷ
1268 4414 1402 4483 οἴκῳ
1445 4414 1610 4468 αὑτοῦ
1664 4415 1781 4484 μετ’

226 4505 389 4573 αὐτὸν,
413 4508 506 4562 καὶ
533 4505 833 4577 φυλάξουσι
860 4507 960 4570 τὰς
999 4506 1152 4570 ὁδοὺς
1206 4507 1438 4577 Κυρίου,
1484 4508 1661 4560 ποιεῖν
1703 4506 1780 4559 δι-

225 4598 497 4670 καιοσύνην
530 4601 623 4654 καὶ
651 4600 853 4667 κρίσιν,
875 4599 1022 4662 ὅπως
1053 4599 1119 4652 ἂν
1142 4599 1394 4669 ἐπαγάγῃ
1439 4599 1467 4651 ὁ
1512 4597 1642 4662 Θεὸς
1689 4598 1779 4651 ἐπὶ
1803 4625 1858 4688 D

234 4687 469 4760 Ἀϐραὰμ
495 4693 677 4746 πάντα
706 4694 808 4747 ὅσα
829 4691 1059 4762 ἑλάλησε
1083 4692 1219 4762 πρὸς
1261 4691 1445 4746 αὐτόν.

293 4782 639 4840 ’Δπέστελλεν
677 4783 821 4853 Ἰὼϐ,
863 4784 956 4838 καὶ
983 4782 1276 4853 ἐκαθάριζε
1307 4781 1374 4836 τά
1397 4783 1564 4836 τέκνα
1586 4780 1777 4846 αὑτοῦ,

223 4873 567 4946 ἀνιστάμενος
587 4877 665 4948 τῷ
690 4876 855 4947 πρωῒ,
893 4875 990 4930 καὶ
1033 4874 1361 4945 προσφέρων
1412 4874 1546 4944 περὶ
1601 4873 1780 4928 αὐτῶν

225 4964 402 5032 θυσίας
432 4969 570 5024 κατά
615 4970 707 5024 τὸν
759 4969 993 5040 ἀριθμὸν
1038 4967 1236 5030 αὐτῶν,
1295 4967 1390 5019 καὶ
1442 4966 1640 5036 μόσχον
1685 4965 1780 5018 ἕνα

225 5057 344 5126 περὶ
363 5059 654 5132 ἁμαρτίας,
681 5062 810 5131 περὶ
838 5061 944 5114 τῶν
983 5059 1170 5130 ψυχῶν
1210 5057 1409 5111 αὐτῶν.
1447 5057 1642 5125 Ἔλεγε
1669 5057 1779 5126 γὰρ

237 5148 346 5202 Ἰὼϐ
372 5166 388 5183 ο
413 5151 498 5224 Μή
531 5170 663 5207 ποτε
686 5153 736 5206 οί
762 5151 872 5205 υίοί
931 5169 1034 5220 μου
1081 5151 1228 5206 κακά
1275 5150 1568 5219 ὲνενόησαν
1615 5150 1673 5202 ὲν
1712 5152 1778 5221 τῇ

225 5239 416 5316 διανοίᾳ
438 5246 618 5299 αὐτῶν
647 5245 785 5316 πρὸς
820 5245 972 5300 Θεόν.

287 5332 510 5387 Παίδευε
537 5335 672 5402 υἱὸν,
706 5334 801 5389 καὶ
835 5335 1111 5405 ἀγαπήσει
1142 5350 1224 5400 σε,
1260 5331 1354 5385 καὶ¹
1385 5330 1545 5386 δώσει
1571 5331 1776 5403 κόσμον

219 5427 280 5496 τῇ
299 5424 437 5497 ψυχῇ
469 5444 586 5481 σου⁹

284 5519 474 5584 Καλῶς
498 5521 752 5592 ἐκτρέφει
787 5517 968 5589 πατὴρ
1000 5517 1224 5576 δίκαιος.
1265 5517 1388 5571 Ἐπὶ
1410 5517 1466 5570 δὲ
1509 5517 1606 5588 υίῷ
1631 5517 1778 5588 σοφῷ

222 5610 554 5681 εὐφραίνεται
580 5614 611 5685 ἡ
639 5612 786 5685 ψυχὴ
811 5609 998 5668 αὑτοῦ.

293 5701 350 5757 Ὀ
381 5705 609 5774 ἀγαπῶν
648 5703 926 5774 ἐπιμελῶς
981 5703 1242 5756 παιδεύει.

286 5793 375 5860 Μὴ
401 5797 632 5868 ἀπόσχες
656 5797 852 5867 νήπιον
904 5795 1178 5850 παιδεύειν
1209 5811 1224 5824 ·
1253 5795 1332 5848 ὃτι
1381 5795 1477 5849 ἐὰν
1533 5795 1777 5866 πατάξῃς

224 5884 371 5939 αὐτὸν
403 5887 713 5958 ράϐδῳ,ούκ
744 5885 1115 5942 ἀποθανεῖται.
1147 5886 1217 5939 Σὺ
1249 5887 1348 5956 μὲν
1378 5887 1485 5956 γὰρ
1517 5886 1779 5953 πατάξεις

226 5976 376 6033 αὐτὸν
404 5979 606 6052 ῥάϐδῳ,
627 5982 726 6052 τὴν
752 5981 806 6036 δὲ
826 5981 1006 6052 ψυχὴν
1026 5979 1187 6033 αὐτοῦ
1212 5980 1272 6033 ἐκ
1295 5979 1524 6040 θανάτου
1551 5978 1716 6050 ῥύσῃ.

1880 3391 2179 3460 rus:qnod
2215 3392 2526 3448 mirandum
2582 3408 2690 3449 non
2742 3404 2827 3452 est
2869 3397 2914 3452 si
2974 3397 3290 3453 consideres
3348 3406 3466 3452 tuin

1879 3497 2150 3552 pauperes
2214 3483 2506 3541 calumniis
2571 3500 2885 3556 oppressos,
2932 3488 3281 3560 tumiudices
3322 3491 3465 3545 falso

1876 3570 2204 3638 iudicantes.

1952 3663 2200 3720 Maxima:
2231 3673 2313 3721 est
2343 3665 2632 3737 iniustitiae
2664 3670 2816 3739 paria
2845 3671 3150 3740 imparibus
3198 3673 3460 3729 tribuere.

2277 3862 2516 3919 SERMO
2562 3864 2627 3920 ix
2661 3863 2758 3938 [αι.
2814 3866 3076 3940 cxxvu.

1883 3979 1959 4036 De
1976 3981 2282 4051 parentibus
2301 3981 2470 4044 bonis,
2491 3992 2536 4057 et
2560 3985 2699 4054 quod
2723 3995 2960 4052 oporteat
2979 3987 3169 4040 liberos
3188 3988 3463 4057 diligenter

2374 4068 2436 4105 ac
2472 4055 2709 4108 decenter
2738 4057 2968 4112 institui.

1953 4230 2083 4286 Gen.
2140 4243 2300 4285 xvnt.
2337 4230 2456 4285 Non
2500 4231 2712 4298 celabo,
2759 4232 2933 4302 inquit
2967 4232 3250 4300 Dominus,
3292 4235 3462 4290 Abra-

1882 4321 2004 4376 ham
2037 4321 2304 4376 famulnm
2336 4335 2540 4385 meum,
2569 4337 2692 4392 qua:
2723 4321 2972 4378 facturus
2999 4325 3124 4381 εἰιιι.
3154 4323 3281 4379 Scio
3310 4325 3458 4379 enim

1882 4411 2028 4482 quod
2070 4420 2440 4483 praecepturus
2489 4413 2564 4468 sit
2629 4413 2756 4469 [iliis
2808 4415 2922 4470 suis
2957 4431 3022 4470 ac
3077 4415 3297 4470 fatniiize
3345 4431 3463 4494 sua:

1881 4503 2078 4560 futurae
2096 4512 2221 4575 post
2246 4503 2448 4574 ipsum,
2481 4513 2539 4558 ut
2571 4503 2869 4578 observent
2887 4506 3012 4583 Lvias
3042 4507 3276 4570 Domini,
3299 4508 3462 4576 iusti-

1886 4595 2014 4651 tiam
2044 4605 2100 4652 et
2125 4595 2396 4668 iudicium
2419 4605 2765 4664 exercentes,
2789 4605 2848 4653 ut
2867 4597 3103 4654 adducat
3129 4597 3270 4655 Deus
3298 4615 3489 4674 super:

1882 4689 2154 4746 Abraham
2182 4704 2524 4760 quaecunque
2553 4689 2770 4745 locutus
2799 4689 2983 4767 estad
3010 4690 3198 4766 illum.
3292 4755 3321 4763 η,
3399 4753 3404 4758 δ

1953 4781 2056 4838 Job
2083 4797 2121 4838 ι.
2146 4782 2294 4839 Misit
2349 4788 2570 4839 nuntios
2603 4782 2711 4840 .Iob
2740 4783 2808 4839 ad
2842 4784 3079 4854 Libuos,
3104 4795 3188 4858 et,
3211 4785 3495 4856 purgavit,

1884 4891 2002 4943 eos,
2053 4891 2322 4948 maneque
2370 4892 2603 4947 surgens
2634 4891 2734 4947 pro
2789 4877 2896 4933 illis
2937 4876 3207 4942 sacriﬁcia
3239 4878 3495 4953 ουιιιιίι,,,

1886 4981 2114 5023 numero
2147 4968 2300 5038 paria
2332 4967 2523 5024 liberis
2555 4986 2572 5024 :
2605 4969 2842 5038 itemque
2880 4967 3113 5024 vitulum
3152 4985 3464 5040 unumpro
3487 5015 3495 5035 ,η

1885 5069 2112 5132 peccato
2139 5076 2205 5117 ac
2232 5061 2452 5117 illorum
2504 5061 2704 5115 animis
2735 5076 2750 5114 :
2791 5061 2874 5118 sic
2902 5064 3047 5116 enim
3091 5077 3284 5118 secum
3317 5066 3464 5133 cogi-

1888 5156 2036 5209 tabat
2077 5170 2092 5209 :
2131 5151 2311 5209 Liberi
2364 5153 2472 5208 mei
2507 5152 2648 5208 forte
2677 5152 2818 5207 mala
2850 5152 3160 5224 cogitarunt
3185 5154 3462 5211 mentibus

1885 5246 2001 5303 suis
2024 5246 2292 5304 adversus
2323 5247 2515 5301 Deum.
3423 5303 3430 5311 γ

1957 5338 2186 5409 Corrige
2225 5337 2422 5404 ﬁlium,
2451 5348 2508 5394 et
2535 5345 2589 5394 te
2649 5338 2863 5410 diliget,
2927 5339 3225 5408 aderetque
3294 5352 3461 5393 orna-

1885 5442 2129 5488 mentum
2168 5431 2365 5487 animae
2382 5440 2508 5488 tuae.

1956 5523 2117 5578 Pater
2144 5523 2345 5594 probus
2375 5524 2514 5580 bene
2541 5525 2739 5581 educat
2789 5525 2948 5589 lilios,
3001 5524 3218 5580 animus
3274 5532 3460 5580 autem

1885 5614 2004 5685 eius
2026 5614 2136 5670 ﬁlio
2171 5617 2418 5686 sapiente
2459 5616 2748 5673 laetabitur.

1956 5705 2060 5773 Qui
2092 5707 2287 5775 diligit,
2319 5708 2610 5778 diligenter
2632 5709 2831 5766 erudit.

1955 5797 2222 5855 Infantem
2254 5801 2526 5870 castigare
2565 5817 2632 5856 ne
2695 5812 2948 5856 recusato
2980 5821 2992 5856 :
3031 5818 3154 5858 nam
3204 5804 3248 5858 si
3314 5804 3460 5873 virga

1883 5905 2007 5946 cum
2033 5891 2324 5956 cecideris,
2383 5907 2491 5947 non
2547 5893 2833 5947 morietur.
2891 5895 2972 5948 Tu
3030 5895 3248 5964 quidem
3311 5897 3461 5965 virga

1885 5999 2008 6042 eum
2036 5987 2234 6057 caedes,
2271 5987 2512 6072 animam
2543 5999 2670 6044 vero
2701 5986 2876 6058 ipsius
2907 6005 2938 6046 e
2970 5997 3148 6048 morte
3174 5989 3460 6047 liberabis.
