3928 6590
423 452 561 522 1043

1714 460 2027 522 ΑΝΤΟΝΙΙ
2065 462 2408 526 MELISSA!

3530 472 3644 536 1044

491 566 761 622 Juvenum
799 567 1051 638 gloriatio
1073 577 1254 638 patres
1320 583 1555 624 eorum:
1603 567 1762 640 149
1822 570 1988 641 plaga:

2167 572 2447 646 Καύχημα
2469 575 2602 631 νέων
2637 577 2874 650 πατέρες
2899 579 3094 635 αὐτῶν.
3139 581 3357 652 Πληγαὶ
3387 585 3476 636 καὶ
3519 586 3644 654 ξλεγ.

417 668 474 716 et
495 661 948 732 reprehensiones
977 661 1109 717 dant
1159 662 1503 732 sapientiam.

490 755 649 811 Prov.
691 773 806 812 nx.
843 755 1068 810 Erudito
1125 755 1294 809 lilium
1326 765 1475 810 tuum
1519 775 1531 808 :
1565 757 1646 810 sic
1667 757 1812 811 enim
1843 756 1998 811 bona:

417 849 533 920 spei
573 848 792 903 futurus
821 861 927 902 est.

488 939 655 994 Eccli.
691 956 784 994 vn.
825 938 881 994 Si
918 939 1009 995 tibi
1043 947 1169 995 sunt
1205 940 1400 1004 liberi,
1441 942 1711 999 instituito
1748 947 1889 1011 illos,
1929 957 1976 1000 et

413 1032 526 1102 jam
555 1032 678 1087 inde
721 1033 791 1086 ab
831 1030 1193 1087 adolescentia
1231 1033 1475 1101 ipsorum
1518 1038 1658 1091 colla
1699 1037 1984 1093 inﬂectito.

2101 681 2185 735 χοι
2215 665 2418 720 διδόασι
2479 670 2692 736 σοφίαν.

2171 758 2399 812 Παίδευε
2431 761 2545 813 υἱόν
2577 778 2693 814 σου·
2721 761 2894 826 οὕτως
2918 765 3025 834 γὰρ
3058 765 3206 819 ἔσται
3227 766 3463 830 εὔελπις.

2170 938 2348 994 Τέκνα
2379 940 2461 992 σοί
2491 942 2628 1006 ἐστι,
2657 943 2949 998 παίδευσον
2995 945 3153 1011 αὐτὰ,
3215 947 3315 1000 καὶ
3356 947 3557 1017 κάμψον
3593 952 3646 1004 ἐκ

2101 1029 2349 1101 νεότητος
2373 1034 2465 1084 τὸν
2496 1035 2769 1104 τράχηλον
2803 1037 3001 1094 αὐτῶν.

2187 1123 2248 1177 Ὀ
2273 1123 2503 1192 ἀγαπῶν
2532 1126 2622 1178 τὸν
2652 1129 2764 1181 υἱὸν
2795 1130 2962 1183 αὑτοῦ
3013 1130 3339 1202 ὲνδελεχίσει
3407 1135 3648 1202 μάστιγας

2100 1215 2271 1286 αὐτῷ.

2181 1307 2240 1361 '0
2305 1311 2576 1365 παιδεύων
2647 1311 2737 1365 τὸν
2795 1311 2910 1366 υίὸν
2973 1313 3137 1368 αὑτοῦ
3221 1314 3536 1385 διαζηλὼσει
3569 1319 3643 1372 τὸν

2101 1397 2296 1470 ἐχθρόν
2331 1418 2344 1430 ·
2371 1403 2464 1456 καὶ
2485 1403 2668 1457 ἔναντι
2696 1405 2863 1474 φίλων
2894 1406 2981 1458 ἐπ’
3024 1405 3172 1476 αὐτῷ
3203 1408 3592 1476 ἀγαλλιάσεται.

2184 1491 2242 1543 ’0
2270 1491 2541 1546 παιδεύων
2576 1493 2670 1546 τὸν
2700 1494 2817 1548 υἱὸν
2867 1495 3034 1549 αὐτοῦ
3090 1497 3522 1569 εὐφρανθήσεται
3572 1503 3642 1556 ἐπ’

2101 1580 2246 1652 αὐτῷ
2277 1596 2291 1611 ·
2322 1583 2413 1634 καὶ
2439 1583 2539 1636 άνὰ
2576 1587 2741 1654 μέσον
2775 1585 3071 1658 γνωρίμων
3106 1587 3192 1640 ἐπ’
3225 1588 3377 1660 αὑτῷ
3404 1593 3643 1662 καυχήσεο

2099 1687 2212 1727 ται.

2170 1766 2234 1819 Οἱ
2258 1769 2514 1839 πατέρες,
2545 1769 2620 1839 μὴ
2651 1772 3018 1841 παροργίζετε
3051 1773 3118 1826 τὰ
3146 1773 3318 1829 τέκνα
3349 1775 3515 1844 ὑμῶν,
3543 1777 3641 1830 ἀλλ’

2101 1855 2395 1927 ἐκτρέφετε
2419 1859 2559 1914 αὐτὰ.
2589 1861 2645 1914 ὲν
2677 1860 2897 1934 παιδείᾳ
2921 1865 3016 1917 καὶ
3050 1865 3313 1939 νουθεσίᾳ
3340 1868 3558 1938 Κυρίου.

488 1123 650 1178 Prov.
689 1140 807 1180 xm.
837 1123 940 1192 Qui
981 1124 1155 1194 diligit
1205 1125 1373 1180 [ilium
1418 1143 1602 1192 suum,
1646 1132 1998 1185 continenter

414 1231 538 1272 eum
582 1217 832 1289 flagellet.

490 1309 658 1362 Eccli.
690 1327 819 1364 xxx.
849 1309 952 1375 Qui
983 1309 1152 1364 [illum
1181 1326 1340 1365 suum
1378 1311 1554 1380 docet,
1592 1313 1995 1368 aemulationem

415 1402 643 1456 inimico
675 1417 774 1456 suo
811 1413 1012 1468 movet,
1044 1412 1098 1458 et
1121 1405 1262 1472 apud
1293 1404 1501 1460 amicos
1530 1420 1593 1459 eo
1628 1405 1920 1460 laetabitur.

486 1495 655 1548 Eccli.
692 1512 821 1549 xxx.
866 1494 968 1562 Qui
1017 1495 1186 1550 lilium
1221 1513 1379 1550 suum
1411 1498 1658 1570 castigat,
1697 1512 1763 1552 eo
1793 1497 1998 1552 laetabi-

411 1599 520 1655 tur,
548 1596 600 1643 et
646 1587 789 1644 inter
821 1587 1122 1643 familiares
1156 1603 1218 1644 ac
1253 1596 1409 1644 notos
1451 1590 1519 1644 de
1555 1604 1620 1644 eo
1647 1590 1992 1661 gloriabitur.

486 1765 682 1839 Ephes.
705 1783 779 1821 vt.
804 1762 1002 1833 Nolite,
1025 1777 1230 1838 patres,
1257 1767 1458 1822 liberos
1479 1775 1688 1825 vestros
1712 1784 1788 1822 Ira
1817 1776 1994 1825 vestra

410 1875 734 1932 provocare,
791 1861 885 1916 sed
926 1875 1022 1916 eos
1071 1859 1123 1914 in
1166 1860 1474 1916 eruditione
1521 1867 1575 1916 et
1624 1861 1996 1916 admonitione

408 1956 628 2013 Domini
657 1956 905 2010 educate.
1655 2009 1672 2026 ,
2018 1932 2063 1990 Β

481 2048 710 2103 Liberos
727 2055 960 2114 vestros,
987 2055 1193 2116 patres,
1227 2061 1293 2102 ne
1317 2047 1564 2114 irritetis,
1583 2055 1640 2104 ut
1667 2063 1732 2103 ne
1748 2049 1988 2103 animum

408 2139 808 2209 despondeant.

486 2231 545 2287 S.
583 2231 792 2288 Basilii.
839 2230 909 2288 Ut
948 2241 1201 2304 parentes
1249 2233 1478 2304 singulis
1509 2231 1695 2289 liberis
1736 2249 1802 2288 ex
1835 2248 1990 2303 mquo

407 2323 658 2396 corporis
682 2327 972 2380 essentiam
1010 2325 1271 2396 impertiti
1305 2334 1449 2393 sunt,
1478 2326 1558 2380 sic
1579 2321 1782 2380 eisdem
1809 2339 1990 2394 mqua-

407 2422 532 2477 liter
577 2424 806 2492 parique
843 2420 1159 2475 conditione
1203 2434 1324 2490 qum
1375 2420 1440 2472 ad
1475 2420 1637 2473 vitam
1689 2418 1988 2491 degendam

408 2514 686 2582 pertinent
709 2513 833 2583 jure
863 2512 1070 2581 optimo
1104 2511 1346 2582 praebere
1373 2511 1591 2567 debent.

479 2604 743 2675 Theoloyi.
775 2603 997 2659 Patrum
1031 2604 1114 2658 lex
1146 2613 1230 2658 est
1261 2602 1447 2659 liberis
1477 2604 1594 2659 suis
1632 2618 1876 2672 parcere.

476 2698 804 2768 Legitimum
833 2699 1070 2753 maxime
1094 2705 1145 2753 et
1169 2697 1542 2767 aequissimum
1569 2707 1672 2762 est,
1699 2709 1757 2752 ut
1789 2698 1989 2754 libero-

406 2807 530 2846 rum
569 2792 710 2846 bona
756 2799 908 2860 pater
933 2790 1263 2860 cogitatione
1304 2791 1636 2845 consideret.

479 2882 536 2939 S.
572 2881 843 2952 Chrysost.
884 2881 1208 2936 Liberorum
1251 2880 1571 2952 modestiam
1603 2887 1658 2936 ct
1689 2889 1990 2948 temperan-

406 2978 540 3031 tiam
578 2949 758 3045 patres
805 2988 913 3028 non
959 2980 1216 3028 curantes
1275 2949 1573 3026 liberorum
1615 2971 1992 3028 interfectores

407 3073 562 3130 sunt,
593 3075 755 3134 atque
788 3063 1009 3134 gravius
1050 3072 1277 3132 peccant
1305 3077 1466 3133 quam
1509 3061 1606 3129 illi,
1644 3070 1850 3132 quanto
1876 3063 1989 3118 sci-

404 3159 537 3214 licet
566 3157 761 3211 animae
792 3153 1028 3225 perditio
1059 3162 1112 3209 et
1145 3168 1293 3209 mors
1327 3153 1541 3224 gravior
1564 3162 1645 3208 est
1680 3169 1840 3225 quam
1872 3169 1991 3209 cor-

404 3252 602 3354 ”°'Li?'..
678 3343 690 3354 .
775 3340 813 3354 Α
1430 3341 1444 3354 .
1545 3339 1557 3354 .
1823 3341 1834 3353 .
2017 3294 2063 3354 c

479 3343 737 3398 Philonis.
772 3338 927 3408 Quod
961 3339 1102 3396 Deus
1149 3349 1233 3393 est
1280 3341 1506 3403 mundo,
1545 3339 1648 3395 hoc
1681 3340 1868 3397 liberis
1899 3356 1992 3410 pa-
2018 3332 2066 3357 “⁴

2167 2044 2230 2096 Οἱ
2263 2043 2522 2115 πατέρες,
2557 2044 2634 2116 μὴ
2662 2046 2938 2116 ἐρεθίζετε
2957 2049 3023 2104 τὰ
3055 2049 3222 2105 τέκνα
3245 2049 3425 2120 ὑμῶν,
3459 2049 3539 2105 ἴνα
3582 2050 3648 2121 μὴ.

2097 2133 2375 2206 ἁθυμῶσι.

2165 2227 2386 2282 Δίκαιόν
2416 2231 2528 2282 ἐστι
2551 2231 2662 2294 τοῖς
2690 2231 2957 2299 γονεῦσιν,
2986 2234 3077 2287 ἵνα
3131 2233 3327 2304 ὥσπερ
3354 2234 3410 2301 ἐξ
3436 2234 3544 2289 ἴσου
3568 2251 3648 2302 με*

2097 2319 2463 2375 ταδεδώκασιν
2486 2323 2705 2394 ἑκάστῳ
2730 2323 2839 2378 τῶν
2872 2326 3078 2379 παίδων
3109 2326 3204 2380 τοῦ
3229 2321 3395 2388 εἶναι.
3423 2324 3642 2380 οὕτωκαὶ

2096 2412 2196 2474 τὰς
2225 2413 2362 2484 πρὸς
2386 2414 2446 2467 τὸ
2476 2414 2576 2486 ζῇν
2605 2417 2862 2487 ἀφορμὰς
2892 2416 3023 2481 ἴσως
3056 2418 3242 2482 αὐτοτς
3277 2419 3371 2472 καὶ
3397 2417 3644 2488 ὀμοτίμως

2099 2507 2384 2576 παρέχωσι

2171 2599 2381 2652 Παίδων
2403 2600 2682 2666 φείδεσθαι
2735 2605 2999 2674 πατρικὸς
3029 2604 3215 2672 νόμος.

2167 2689 2248 2743 Τὰ
2274 2691 2382 2742 τῶν
2410 2692 2616 2746 παίδων
2638 2693 2718 2764 τῷ
2761 2697 2931 2766 πατρὶ
2957 2693 3276 2763 λογίζεσθαι
3313 2691 3420 2748 τῶν
3445 2695 3644 2762 ἐννομω-

2096 2782 2274 2837 τάτων
2300 2802 2360 2838 τε
2403 2787 2496 2839 καὶ
2521 2786 2898 2844 δικαιοτάτων.

2169 2873 2233 2926 Οί
2254 2874 2352 2944 τῆς
2378 2875 2485 2929 τῶν
2512 2877 2720 2931 παίδων
2745 2877 3100 2948 κοσμιότητός
3124 2893 3180 2930 τε
3203 2877 3303 2930 καὶ
3328 2874 3644 2946 σωφροσύνης

2097 2963 2436 3034 ἀμελοῦντες
2490 2969 2726 3039 πατέρες
2777 2969 3120 3024 παιδοκτόνοι
3166 2969 3517 3038 τυγχάνουσι,
3569 2968 3648 3022 καὶ,

2097 3056 2533 3131 χαλεπώτερονῆ
2566 3061 2784 3126 ἐκεῖνοι,
2811 3063 2922 3131 ὅσῳ
2947 3062 3041 3115 καὶ
3063 3061 3198 3131 πρὸς
3231 3061 3412 3132 ψυχὴν
3439 3064 3471 3134 ἡ
3519 3059 3644 3115 ἀπώ-

2097 3150 2216 3206 λεια
2246 3152 2340 3205 καὶ
2369 3153 2395 3205 ὁ
2431 3152 2681 3217 Θάνατος.

2170 3331 2375 3405 Ὅπερ,
2402 3328 2582 3399 οἶμαι,
2611 3333 2744 3398 Θεὸς
2777 3336 2916 3406 πρὸς
2947 3335 3174 3406 κόσμον,
3209 3333 3373 3389 τοῦτο
3407 3334 3528 3404 πρὸς
3568 3333 3640 3387 τέ·

406 3445 592 3492 rentes
628 3449 750 3490 esse
784 3433 1059 3497 arbitror;
1093 3446 1218 3486 nam
1261 3441 1320 3485 ut
1349 3432 1437 3486 ille
1471 3432 1616 3502 quod
1649 3448 1756 3487 non
1789 3443 1906 3488 erat
1937 3442 1988 3488 ut

2111 3442 2199 3480 ινα
2243 3426 2443 3493 γονεῖς,
2501 3426 2688 3497 ἐπειδὴ
2744 3427 2820 3489 ὡς
2868 3429 3076 3492 ἐκεῖνος
3135 3427 3214 3497 τῷ
3253 3427 3336 3499 μὴ
3379 3429 3638 3497 ὑπάρχοντι

405 3529 716 3595 exsisteret,
763 3525 940 3580 eﬂ‘ecit
975 3541 988 3578 :
1023 3526 1103 3579 sic
1135 3532 1190 3579 et
1222 3525 1273 3578 hi
1305 3524 1600 3590 imitantes,
1647 3524 1827 3593 quoad
1875 3525 1988 3579 lieri

2111 3514 2332 3584 ὓπαρξιν
2359 3515 2781 3586 κατειργάσατο,
2837 3518 2930 3571 καὶ
2960 3513 3110 3573 οὗτοι
3167 3517 3494 3588 μιμούμενοι
3537 3513 3638 3568 καθ’

407 3629 610 3692 potest,
653 3620 798 3674 illius
830 3617 1145 3688 potentiam,
1182 3631 1354 3686 genus
1391 3616 1700 3670 immortale
1733 3617 1987 3671 reddunt.

2111 3608 2218 3661 ἱσον
2246 3601 2359 3661 οἷόν
2381 3625 2440 3661 τε
2466 3608 2564 3680 τὴν
2591 3609 2802 3662 ἐκείνου
2836 3609 3089 3678 δύναμιν,
3119 3610 3178 3663 τδ
3207 3611 3365 3677 γένος
3413 3606 3634 3663 ἀθανατί-

2094 3696 2297 3761 ζουσιν.

2164 3789 2303 3851 Τοὺς
2339 3791 2487 3853 υἱούς
2521 3809 2613 3844 σου
2647 3790 2915 3856 σπούδαζε
2954 3793 3424 3864 πεπαιδευμένους
3465 3792 3633 3863 μᾶλλον

2091 3883 2124 3953 ἢ
2164 3881 2452 3945 πλουσίους
2504 3884 2845 3938 καταλιπεῖν.
2909 3886 3209 3956 Κρείττους
3256 3888 3368 3957 γάρ
3413 3888 3536 3939 εἰσιν
3585 3885 3630 3938 oi

2091 3975 2199 4026 τῶν
2221 3976 2670 4048 πεπαιδευμένων
2701 3977 2916 4042 ἐλπίδες
2944 3977 2977 4051 ἢ
3012 3978 3040 4030 δ
3071 3979 3180 4032 τῶν
3206 3979 3441 4049 ἀμαθῶν
3492 3975 3627 4030 πλοῦς

2090 4083 2196 4129 τος.
2388 4086 2408 4100 ⁵
2924 4087 2926 4092 ’

2167 4160 2377 4228 nam;
2405 4159 2642 4233 [ἰατροῦ]
2667 4161 2823 4232 ὕϐρις
2852 4161 2949 4233 ἡδὺ
2972 4162 3280 4233 φάρμακον.

480 3803 736 3874 Epicteti.
767 3801 905 3855 Cura
942 3809 1001 3854 ut
1027 3799 1169 3853 tilios
1197 3806 1320 3852 tuos
1347 3797 1593 3853 ermlitos
1627 3798 1799 3869 magis
1824 3815 1989 3866 quam

409 3896 698 3967 opulentos
738 3894 1028 3962 ,relinquas
1080 3908 1095 3944 :
1145 3898 1405 3960 praestant
1449 3891 1592 3944 enim
1645 3893 1988 3947 eruditorum

409 3987 862 4059 exspectationes,
897 3999 1056 4056 quam
1090 3983 1431 4038 indoctorum
1471 3983 1692 4037 divitire.

479 4165 668 4221 Medici
697 4161 1026 4220 contumelia
1051 4161 1355 4232 jucundum
1391 4159 1696 4215 remedium
1739 4163 1838 4233 (Ι).

475 4255 614 4313 Filia
649 4256 826 4311 aliena
861 4249 1136 4325 possessio
1165 4253 1302 4321 patri
1341 4262 1444 4309 est.

477 4350 657 4406 Solon.
690 4347 903 4404 Liberis
939 4363 1005 4402 ne
1052 4346 1323 4411 arrideas,
1367 4354 1428 4400 ut
1480 4346 1535 4400 in
1578 4357 1857 4417 postermn
1921 4366 1987 4406 ne

403 4448 556 4502 ﬂeas.

475 4536 706 4608 Synesii.
737 4533 874 4589 Filio
895 4543 948 4589 et
981 4533 1100 4588 tilia:
1127 4533 1350 4588 bonesta
1379 4533 1649 4604 gloriatio,
1673 4535 1862 4591 laudes
1893 4553 1987 4608 ρι-

403 4636 594 4681 ternae.

483 4715 711 4770 Virtutes
744 4715 1011 4769 Philonis.
1046 4714 1225 4768 Patris
1256 4722 1309 4768 et
1357 4716 1547 4769 matris
1588 4718 1982 4786 appellationes

404 4823 746 4872 communes,
775 4808 868 4862 sed
901 4805 1154 4876 potentiae
1179 4805 1490 4862 differentes
1516 4818 1667 4862 sunt.
1698 4809 1851 4864 illum
1888 4812 1985 4882 igi-

404 4905 493 4949 tur
527 4894 619 4964 qui
654 4895 794 4948 hanc
827 4896 1238 4950 universitatem
1275 4897 1491 4953 molitus
1538 4908 1620 4953 est
1663 4901 1928 4956 artiﬁcem
1962 4947 1976 4968 ,

2009 4644 2068 4703 D

2166 4251 2425 4322 Θυγάτηρ
2455 4255 2734 4326 ἀλλότριον
2762 4257 2946 4324 κτῆμα
2973 4256 3207 4327 ὑπάρχει
3230 4257 3306 4327 τῷ
3338 4255 3510 4327 πατρί.

2155 4343 2271 4412 Υίῷ
2329 4346 2419 4396 καὶ
2485 4344 2711 4415 θυγατρὶ
2775 4345 2851 4417 μὴ
2915 4349 3385 4421 προσμειδιάσῃς,
3435 4348 3510 4400 tv:
3562 4342 3625 4413 μὴ

2092 4435 2318 4505 ὕστερον
2347 4436 2643 4509 δακρύσῃς.

2161 4528 2379 4592 Τέκνοις
2404 4530 2682 4601 αἰδέσιμον
2706 4529 2963 4604 καύχημα
3000 4532 3204 4605 πατρὸς
3233 4535 3472 4600 ἔπαινος.

2158 4711 2368 4782 Πατρὸς
2393 4714 2486 4764 καὶ
2513 4714 2716 4782 μητρὸς
2743 4715 2923 4767 κοιναὶ
2958 4714 3056 4785 μὲν
3083 4716 3137 4768 αἱ
3161 4715 3400 4786 κλήσεις,
3417 4717 3627 4783 διάφοροι

2087 4801 2142 4855 δὲ
2167 4803 2447 4870 δυνάμεις.
2473 4803 2578 4856 Τὸν
2614 4805 2743 4873 γοῦν
2769 4805 2828 4859 τὸ
2850 4808 2957 4860 πᾶν
2995 4809 3110 4861 τόδε
3169 4810 3530 4878 ἐργασάμενον
3556 4806 3628 4872 trp

2091 4899 2353 4969 μιουργὸν
2381 4899 2515 4969 ὁμοῦ
2551 4900 2649 4952 καὶ
2690 4902 2900 4974 πατέρα
2931 4899 3072 4956 εἶναι
3103 4902 3197 4956 τοῦ
3247 4905 3510 4973 γεγονότος
3558 4899 3626 4950 εὑ-

402 4987 566 5041 simul
598 4993 650 5040 et
684 4995 895 5057 patrem
939 4988 1023 5043 sui
1059 4988 1239 5057 operis
1279 4998 1424 5044 recte
1450 4989 1710 5061 justeque
1741 4993 1985 5062 appella-

402 5092 526 5131 mus
554 5093 568 5130 :
601 5087 826 5131 matrem
860 5087 1066 5144 autem,
1100 5080 1273 5150 ipsius
1301 5079 1649 5138 fabricatoris
1673 5084 1979 5152 scientiam,

403 5182 528 5220 cum
558 5182 664 5235 qua
693 5182 1018 5239 congressus
1047 5172 1208 5239 Deus,
1257 5189 1361 5227 non
1407 5190 1557 5230 more
1589 5179 1851 5240 humano,
1887 5188 1982 5244 ge-

406 5259 631 5314 nerandi
664 5262 871 5316 semina
915 5264 1128 5331 insevit,
1155 5266 1357 5336 quibus
1392 5266 1480 5320 illa
1525 5267 1733 5322 Domini
1765 5269 1986 5325 semini-

410 5357 511 5409 bus
546 5354 706 5426 150
736 5354 968 5424 acceptis
1013 5355 1256 5426 perfecto
1283 5367 1338 5412 et
1387 5357 1778 5415 fecundissimo
1825 5369 1982 5429 partu

407 5447 695 5502 amabilem
728 5459 782 5503 et
813 5449 916 5502 sub
963 5461 1160 5502 sensus
1192 5449 1474 5502 cadentem
1515 5450 1681 5503 tilium
1746 5453 1980 5520 peperit.

811 5561 1042 5616 δεπΜο
1081 5560 1127 5616 x
1166 5560 1262 5636 [αι.
1295 5562 1576 5637 cxxvn].

405 5656 482 5711 De
506 5654 810 5727 parentibus
857 5654 1138 5707 liberorum
1175 5655 1538 5734 educationem
1584 5655 1853 5727 negleclim
1890 5674 1983 5711 cu-

1065 5729 1326 5780 rantibus.

477 5819 503 5872 Ι
535 5818 659 5889 Reg.
684 5837 742 5874 ll.
776 5821 1100 5875 Renuntiavi
1129 5821 1178 5875 ei
1209 5820 1553 5874 mculturnm
1585 5819 1844 5873 fatniliam
1867 5819 1986 5889 ejus

2087 4990 2186 5055 Οὓς
2215 4994 2270 5044 ὲν
2302 4992 2424 5064 δίκῃ
2459 4993 2723 5063 φήσωμεν
2755 5009 2769 5025 ο
2808 4996 3019 5066 μητέρα
3044 4995 3098 5048 δὲ
3125 4996 3222 5066 τὴν
3249 4997 3340 5048 τοῦ
3372 4990 3625 5062 πεποιηκὸ-

2086 5101 2176 5147 τος
2210 5085 2520 5156 ἐπιστήμην
2553 5103 2567 5117 ο
2605 5076 2637 5159 ᾗ
2683 5085 2856 5140 συνὼν
2904 5087 3035 5150 Θεὸς
3083 5089 3180 5158 οὑχ
3231 5089 3308 5152 ὡς
3361 5088 3623 5156 ἇνϐρωττσς.

2089 5176 2312 5246 ἔσπειρε
2339 5177 2552 5244 γένεσιν
2583 5193 2596 5207 ⁶
2641 5181 2672 5248 ἡ
2699 5178 2755 5231 δὲ
2787 5180 3204 5251 παραδεξαμένη
3233 5180 3301 5233 τά
3333 5179 3418 5233 τοῦ
3451 5175 3623 5244 Κυρίου

2091 5268 2407 5339 σπέρματα,
2431 5269 2779 5338 τελεσφόροις
2804 5271 2957 5324 ὠδῖσι
2991 5273 3081 5325 τὸν
3113 5273 3394 5343 ἀγαπητὸν
3427 5269 3507 5323 καὶ
3551 5265 3623 5318 εἰ·

2091 5361 2287 5432 σθητδν
2320 5361 2436 5414 υίδν
2471 5362 2763 5418 ἀπέτεκεν.

2722 5566 2937 5618 ΛΟΓΟΣ
2990 5563 3043 5618 l'.

2093 5656 2237 5726 Περὶ
2271 5657 2495 5728 γονέων
2545 5657 3070 5725 καταφρονητικῶς
3105 5657 3373 5728 ἐχόντων
3404 5656 3492 5720 τὰς
3523 5648 3622 5707 τῶν

2586 5728 2813 5780 τέκνων
2841 5727 2953 5780 ἀνα
2965 5727 3168 5796 γωγάς,

2176 5819 2529 5890 Ἀπήγγελκα
2574 5820 2744 5890 αὐτῷ,
2770 5821 2850 5873 ὅτι
2887 5819 3082 5873 ἐκδικῶ
3114 5820 3224 5889 ἐγὼ
3258 5823 3349 5875 ἐπὶ
3375 5819 3454 5874 τὸν
3498 5809 3619 5869 οἷκον

477 5935 555 6009 (1)
589 5936 804 5992 Cra'cus
842 5939 1003 5992 codex
1039 5938 1212 6006 habet,
1251 5938 1430 6011 ἰατρὸς
1461 5938 1580 6010 (sic)
1612 5936 1768 6009 ὕϐρις
1819 5937 1916 6008 ἡδὺ
1965 5955 1988 6008 (ί

2111 5955 2279 5992 ιακον.
