3928 6570
252 463 387 528 1045

1115 465 1286 526 LOCI
1326 460 1772 526 COMMUNES.
1798 487 1864 496 -
1898 463 2095 524 PARS
2138 462 2222 524 II.
2260 462 2520 524 SERMO
2552 465 2660 525 XI.

3377 467 3396 529 1
3410 469 3512 533 ῡᾶϐ

245 577 409 636 αὑτοῦ
437 578 544 642 ἓως
598 578 795 643 αἰῶνος
826 595 839 608 °
899 578 979 632 ὅτι
1021 579 1386 646 ἐκακολόγουν
1429 578 1560 630 Θεὸν
1612 578 1660 628 οἱ
1714 576 1821 628 υἱοὶ

1964 591 2096 647 sque
2149 575 2205 629 in
2257 575 2514 630 saeculum
2567 592 2582 630 :
2627 575 2752 646 quia
2805 573 2898 630 lilii
2953 575 3073 646 ejus
3121 575 3509 634 malediccbaut

246 672 436 734 αὐτοῦ,
467 672 562 724 καὶ
605 671 712 724 οὐκ
758 670 1029 725 ἐνουθέτει
1089 671 1308 734 αὐτούς.
1347 672 1455 723 Καὶ
1508 670 1602 738 οὐχ
1652 667 1825 730 οὕτως

243 760 435 832 ὤμοσα
459 763 536 831 τῷ
563 761 696 832 οῖκῳ
734 762 903 826 Ἠλεὶ,
932 761 980 814 εί
1020 761 1438 830 ὲξιλασθήσεται
1461 759 1656 813 ἀδικία,
1677 759 1825 812 οἴκου

254 856 407 908 Ἠλεὶ
429 857 487 907 ἐν
509 856 811 926 θυμιάματι
839 854 933 906 κα)⁵
963 854 1019 905 ὲν
1043 852 1255 916 θυσίαις
1283 853 1447 905 αὐτοῦ
1477 853 1582 915 ἓως
1612 852 1824 914 αἰῶνος.

323 952 422 1011 ’ος
466 949 708 1018 φείδεται
759 950 857 1020 τῆς
915 946 1110 1000 ἑαυτοῦ
1169 947 1492 1018 βακτηρίας,
1545 947 1696 1015 μισεῖ
1737 945 1827 999 τὸν

243 1044 362 1094 υῑὶν
400 1041 589 1095 αὑτοῦ.
832 1043 834 1046 ’

315 1137 492 1206 Πατρὶ
515 1136 706 1188 ἀσεϐεῖ
734 1135 1006 1207 μέμψεται
1037 1134 1224 1202 τέκνα,
1249 1135 1333 1188 ὅτι
1386 1135 1452 1187 δι’
1485 1133 1647 1188 αὑτὸν
1684 1133 1824 1185 ὀνει-

243 1230 618 1298 δισθήσονται.

315 1324 518 1386 Ἵππος
573 1323 885 1392 ἀδάμαστος
919 1323 1203 1377 ἀποϐαίνει
1259 1322 1492 1391 σκληρός
1527 1336 1541 1352 ·
1572 1321 1668 1374 καὶ
1712 1321 1828 1384 υίὸς

241 1415 532 1485 ἀνειμένος
587 1415 829 1468 ἐκϐαίνει
885 1416 1153 1485 προαλής.
1201 1413 1505 1484 Τιθήνησον
1561 1415 1653 1467 τὸν
1713 1414 1826 1466 υἱόν

244 1523 362 1571 σου,
392 1505 487 1560 καὶ
517 1505 856 1576 ἐκθαμϐήσει
881 1519 961 1570 σε,
996 1506 1092 1558 καὶ
1141 1504 1218 1575 μὴ
1268 1503 1608 1574 συγγελάσῃς
1652 1501 1824 1576 αὐτῷ,

239 1596 328 1649 ἵνα
364 1594 442 1667 μὴ
473 1570 847 1668 συλλυήθῇς,
874 1597 968 1650 καὶ
991 1597 1077 1650 ἐπ’
1105 1570 1676 1667 ἐσχάτων-γομφιάσεῖ
1698 1570 1824 1661 τούς

239 1687 464 1748 ὀδόντας
499 1704 616 1742 σου.
638 1688 730 1759 Μὴ
763 1687 851 1751 δὸς
885 1687 1034 1758 αὕτῷ
1059 1688 1306 1753 ἐξουσίαν
1337 1689 1394 1741 ὲν
1443 1689 1680 1759 νεότητι,
1733 1689 1824 1742 καὶ

242 1776 322 1847 μὴ
341 1778 578 1849 παρίδῃς
600 1778 696 1841 τάς
727 1778 954 1845 ἀγνοίας
981 1777 1167 1837 αὑτοῦ.
1199 1777 1432 1850 Κάμψσν
1472 1779 1564 1832 τὸν
1620 1779 1824 1850 τράχη-

239 1870 330 1922 λον
359 1871 528 1924 αὐτοῦ
553 1875 611 1926 ὲν
631 1873 865 1942 νεότητι.
895 1872 1104 1927 Θλάσον
1131 1874 1232 1936 τὰς
1263 1872 1502 1941 πλευρὰς
1533 1872 1718 1937 αὑτοῦ,
1749 1871 1824 1935 ὡς

1930 667 2062 735 Deo,
2089 683 2189 723 nee
2219 669 2340 724 illos
2365 667 2671 740 castigavit,
2711 667 2917 722 idcirco
2937 667 3115 736 juravi
3145 666 3364 722 familiae
3407 669 3510 733 Eli,

1929 761 2071 828 quod
2110 775 2211 816 non
2248 761 2497 830 expietur
2534 759 2792 829 iniquitas
2823 759 3018 814 domus
3067 759 3187 828 ejus
3239 762 3291 814 in
3334 761 3506 816 suﬂ‘u-

1931 851 2226 921 migatione
2255 861 2308 904 et
2339 851 2622 905 sacriliciis
2652 864 2826 920 usque
2858 850 2912 903 in
2946 850 3233 906 saeculum.

2003 941 2276 998 Salomon.
2329 941 2431 1007 Qui
2482 945 2653 1012 parcit
2707 944 2820 999 suis
2873 944 3121 1011 baculis,
3181 945 3352 1000 lilium
3398 949 3510 1002 o.lit

1931 1051 2116 1092 suum.

2005 1125 2169 1180 Eccli.
2205 1127 2331 1180 ΜΛ.
2389 1124 2604 1179 Patrem
2651 1125 2877 1196 impium
2924 1128 3262 1183 accusabunt
3308 1128 3462 1184 liberi
3500 1171 3512 1192 ,

1929 1217 2056 1286 quia
2089 1223 2310 1286 pr0pter
2344 1217 2517 1284 ipsum
2552 1217 2770 1285 probris
2811 1217 3135 1275 adlicientur.

2002 1306 2144 1361 Ibid.
2193 1322 2320 1360 xxx.
2364 1305 2553 1376 Equus
2593 1306 2892 1364 indomitus
2923 1323 3018 1365 ore
3067 1310 3124 1366 fit
3165 1311 3325 1379 duro,
3365 1312 3514 1367 ﬁlius

1930 1401 2280 1471 indulgenter
2346 1407 2613 1456 traCtatus
2664 1401 2724 1456 lit
2771 1405 3092 1458 temerarius
3132 1413 3186 1458 ct
3248 1419 3513 1474 praeceps.

1930 1493 2159 1562 lndulge
2201 1493 2311 1547 tilio
2345 1501 2474 1561 tuo,
2521 1498 2574 1548 et
2615 1493 2730 1564 ipse
2777 1494 3049 1550 territabit
3092 1505 3184 1563 te;
3235 1512 3302 1552 ne
3354 1498 3516 1551 simul

1930 1601 2055 1642 cum
2082 1587 2177 1641 illo
2204 1586 2404 1652 rideas,
2445 1594 2504 1640 ut
2534 1600 2602 1640 ne
2628 1586 2792 1640 simul
2821 1601 2944 1642 cum
2974 1588 3069 1644 illo
3098 1589 3335 1646 tristeris
3358 1599 3412 1646 et
3446 1593 3513 1645 ad

1931 1687 2237 1734 extremum
2291 1679 2546 1735 dentibus
2597 1680 2704 1735 tuis
2752 1679 3084 1735 inl'rendeas.
3131 1679 3210 1736 Ne
3240 1683 3332 1737 des
3361 1682 3409 1736 ei
3459 1685 3514 1738 iu

1925 1770 2213 1842 juventute
2239 1771 2541 1838 licentiam,
2563 1780 2616 1826 et
2646 1770 3021 1841 ignorationes
3051 1773 3169 1841 ejus
3197 1788 3264 1828 ne
3289 1781 3513 1842 praeter-

1932 1865 2134 1920 mittas.
2171 1865 2229 1919 In
2262 1864 2546 1935 juventute
2599 1865 2864 1920 cervicem
2908 1866 3030 1934 ejus
3075 1865 3320 1921 llectlto:
3352 1876 3405 1920 et
3437 1867 3516 1920 la-'-

239 1962 355 2015 ἐστι
385 1964 602 2033 νήπιος,
647 1965 721 2034 μή
747 1933 878 2018 ποτε
912 1933 1264 2035 σκληρυνθεις
1287 1933 1562 2036 enatam
1599 1933 1713 2028 oet,
1732 1933 1826 2017 mi.

1955 1971 2047 2010 era
2081 1955 2250 2024 ipsius
2279 1953 2499 2010 tundite
2563 1955 2692 2010 dum
2724 1955 2904 2013 adhuc
2935 1971 3072 2027 puer
3099 1966 3204 2024 est,
3251 1974 3317 2012 ne
3349 1945 3510 2012 robu-

240 2056 398 2108 εσται
431 2073 514 2108 σοι
541 2056 601 2120 ἐξ
631 2057 795 2110 αὐτοῦ
825 2057 986 2128 ὀδύνη
1017 2057 1220 2128 ψυχῆς.
1254 2056 1553 2110 Παίδευσον
1585 2057 1675 2110 τὸν
1704 2055 1820 2109 υἱόν

1955 2058 2050 2103 tus
2085 2047 2265 2103 factus
2308 2048 2446 2104 nolit
2477 2047 2572 2103 tibi
2615 2062 2829 2118 parere,
2865 2057 3031 2120 atque
3057 2064 3118 2103 ex
3146 2063 3212 2104 eo
3243 2059 3370 2104 tuus
3397 2050 3516 2104 ani-

242 2161 361 2208 σου,
394 2147 490 2199 καὶ
515 2147 744 2217 ἔργασαι
769 2149 825 2200 ὲν
860 2147 1026 2219 αὐτῷ,
1059 2147 1147 2200 ἵνα
1182 2149 1259 2219 μὴ
1285 2149 1340 2200 ὲν
1367 2149 1433 2219 τῇ
1468 2145 1826 2218 ἀσχημοσύνῃ

1955 2154 2052 2192 nus
2081 2139 2326 2194 dolorem
2363 2140 2543 2210 capiat
2580 2141 2904 2196 maximum.
2956 2141 3176 2200 Filium,
3204 2149 3355 2195 tuum
3388 2156 3516 2198 eru-

242 2235 413 2288 αὐτοῦ
457 2237 799 2311 προσκόψῃς.

317 2413 496 2468 Τέκνα
523 2414 785 2484 βδελυκτά
814 2417 1024 2486 γίνεται
1056 2419 1223 2472 τέκνα
1281 2418 1646 2488 ἁμαρτωλῶν.

318 2596 563 2663 Ἐγγονα
597 2593 809 2647 ἀσεϐῶν
839 2595 902 2646 οὐ
923 2594 1186 2664 πληθυνεῖ
1209 2594 1456 2661 κλάδους,
1524 2595 1619 2649 καὶ
1677 2596 1826 2666 ῥίζαι

242 2691 548 2762 ἀκάθαρτοι
581 2689 640 2754 ἐξ
667 2690 975 2758 ἀκροτόπου
996 2689 1223 2756 πέτρας.

325 2785 420 2840 Ἐκ
454 2785 770 2853 σπέρματος
801 2781 982 2852 ὄφεων
1028 2781 1370 2846 ἐξελεύσεται
1417 2783 1614 2851 ἔκγονα
1666 2782 1828 2835 ἀσπί-

239 2881 350 2935 δων
377 2896 391 2909 '
426 2879 493 2933 τὰ
523 2879 579 2932 δὲ
624 2879 825 2946 ἔκγονα
855 2879 1036 2931 αὐτῶν
1065 2877 1218 2947 ὄφεις
1265 2877 1576 2946 πετόμενοι.

327 2971 688 3033 Ἀδικώτατος
721 2971 848 3039 περὶ
875 2968 975 3040 τὴν
1031 2971 1138 3022 τῶν
1185 2970 1427 3037 ἐγγόνων
1486 2969 1759 3040 ἐκτροφὴν
1799 2971 1828 3021 ό

241 3061 424 3124 ἀετός.
449 3060 552 3112 Δύο
570 3061 680 3130 γὰρ
709 3057 1000 3127 ἐξαγαγὼν
1032 3059 1299 3120 νεοττοὺς,
1318 3058 1410 3110 τὸν
1439 3057 1625 3128 ἕτερον
1646 3057 1827 3110 αὐτῶν

241 3155 323 3216 εις
345 3151 446 3222 τὴν
471 3154 576 3221 γῆν
611 3153 1050 3224 καταρρήγνυσι,
1073 3152 1191 3212 ταῖς
1219 3139 1458 3220 πληγαῖς
1487 3149 1595 3202 τῶν
1627 3147 1827 3217 πτερύ-

241 3261 354 3312 γων
375 3243 766 3312 ἀπωθούμενος
797 3259 812 3274 ο
843 3244 936 3296 τὸν
965 3244 1021 3296 δὲ
1047 3243 1132 3296 ἕτε
1144 3259 1236 3311 ρον
1260 3242 1422 3312 μόνον
1455 3239 1635 3294 λαϐὼν
1657 3243 1827 3292 οἰκει-
1848 3263 1894 3328 c

241 3335 420 3402 οῦται,
443 3338 532 3388 διὰ
557 3334 616 3388 τὸ
644 3335 744 3405 τῆς
797 3335 1008 3404 τροφῆς
1065 3333 1344 3403 ἐπίμονον,
1389 3331 1822 3402 ἀποποιούμενος

240 3426 301 3479 ὃν
333 3428 643 3498 ἐγέννησεν.
672 3427 915 3480 Τοιοῦτοι
941 3427 1048 3480 τῶν
1071 3426 1272 3494 γονέων
1303 3424 1442 3477 εἰσιν
1487 3423 1535 3475 οἱ
1567 3425 1660 3475 ἐπὶ
1695 3439 1824 3492 προ-

244 3521 408 3590 φάσει
434 3520 627 3582 πενίας
650 3519 988 3588 ἐκτιθέμενοι
1015 3521 1081 3572 τὰ
1107 3521 1302 3588 νήπια,
1327 3518 1378 3571 οἳ
1411 3518 1503 3570 καὶ
1533 3517 1590 3567 ἐν
1625 3519 1684 3584 τῇ
1709 3514 1824 3568 δια-

244 3617 384 3688 νομῇ
412 3615 509 3668 τοῦ
537 3616 738 3686 κλήρου
770 3616 1095 3668 ἀνισὼτατοι
1131 3615 1269 3684 πρὸς
1295 3611 1363 3665 τὰ
1388 3611 1608 3679 ἔγγονα.

325 3793 530 3864 Ἱερεὺς
558 3789 628 3862 ἦν
673 3793 703 3844 ό
762 3791 932 3857 Ἠλεὶ,
985 3790 1082 3845 καὶ
1139 3791 1250 3852 τοῖς
1299 3791 1490 3842 παισὶν
1532 3785 1822 3840 ἀσεϐοῦσιν

244 3885 549 3954 ἐπέπληττε
581 3884 704 3954 μὲν,
729 3885 812 3937 ὅτι
845 3883 901 3936 δὲ
935 3883 1010 3953 μὴ
1074 3881 1318 3954 σφοδρῶς
1377 3881 1665 3951 ἐνεκλήθη,
1730 3882 1822 3933 καὶ

243 3978 398 4048 δίκην
423 3977 622 4048 ὑπέσχε
653 3976 832 4048 πατὴρ
868 3975 1101 4046 εὐλαϐὴς
1132 3976 1340 4029 παίδων
1371 3975 1742 4044 παρανομίας.

315 4157 737 4227 Καταγέλαστον
771 4155 1062 4226 ἀνθρώπῳ,
1100 4156 1178 4224 τῷ
1230 4157 1340 4209 τῶν
1398 4155 1546 4208 ἰδίων
1593 4156 1821 4226 ἀφειδῆ.

247 4269 422 4317 σαντι,
459 4250 740 4304 παιδεύειν
775 4248 955 4313 ξένους
991 4247 1385 4318 ἐπιχειροῦντι.

854 4365 1074 4419 ΛΟΓΟΣ
1105 4366 1206 4419 ιΑο.

246 4461 383 4532 Περὶ
413 4461 645 4518 παίδων
670 4461 969 4531 τιμώντων
1026 4475 1246 4532 rorem,
1296 4458 1413 4532 xai
1454 4457 1569 4532 ὅσα
1621 4457 1823 4512 ἕπεται

492 4533 681 4600 ἀγαθὰ
725 4529 863 4597 ’τοῖς
899 4531 1316 4584 ὑπακούουσιν
1347 4529 1573 4593 αὐτοῖς.

1929 2232 2043 2284 dito
2075 2246 2138 2286 ac
2169 2231 2462 2302 perpolita,
2497 2240 2555 2287 ut
2583 2234 2635 2288 in
2661 2233 3001 2302 turpitudine
3025 2235 3173 2290 illius
3204 2251 3311 2290 non
3343 2235 3514 2290 oll'en-

1927 2324 2104 2378 daris.
2395 2324 2401 2329 ’

1999 2417 2362 2473 Abominandi
2392 2427 2519 2474 sunt
2541 2417 2699 2473 liberi
2727 2416 3099 2487 improborum
3130 2427 3185 2475 et
3212 2421 3512 2476 sceleribus

1931 2509 2237 2564 inlamium.

2001 2601 2295 2670 lmpiorum
2331 2605 2529 2673 posteri
2569 2620 2675 2658 non
2728 2602 3173 2673 multiplicabth
3221 2615 3422 2670 ramos,
3455 2612 3512 2657 et

1930 2693 2140 2750 radices
2169 2710 2233 2749 ex
2268 2697 2588 2752 acutissimo
2629 2712 2764 2753 saxo
2798 2698 3046 2766 impurae.

2004 2787 2078 2840 Ex
2109 2787 2318 2842 semine
2356 2797 2671 2860 serpentum
2729 2789 3027 2860 prodibunt
3058 2787 3307 2857 aspidum
3341 2785 3507 2852 fetus,

1929 2875 2071 2932 fetus
2103 2886 2282 2932 autem
2317 2879 2559 2949 ipsarum
2591 2886 2875 2949 serpentes
2907 2888 3068 2933 erunt
3095 2877 3362 2932 volantes.

1991 2965 2472 3024 Incerti'auctoris.
2511 2970 2906 3026 Crudelissima
2950 2979 3037 3024 est
3069 2969 3122 3023 in
3166 2969 3329 3038 pullis
3375 2969 3512 3023 edu-

1930 3061 2118 3116 candis
2149 3063 2372 3130 aquila;
2413 3062 2549 3117 duos
2601 3062 2744 3116 enim
2784 3076 2910 3115 cum
2943 3061 3175 3115 ediderit
3206 3061 3402 3128 pullos,
3436 3059 3517 3112 al-

1929 3158 2105 3204 terum
2160 3150 2264 3206 alis
2314 3151 2603 3221 impellens
2656 3153 2713 3206 in
2757 3161 2961 3206 terram
2994 3151 3262 3222 deiectum
3299 3151 3510 3216 allidit,

1930 3243 2162 3297 alterum
2206 3251 2482 3298 retentum
2512 3244 2896 3298 tantummodo
2919 3257 3018 3312 pro
3048 3258 3150 3298 suo
3181 3252 3232 3297 et
3264 3243 3512 3311 legitimo

1927 3335 2110 3400 habet,
2163 3337 2322 3390 taedio
2376 3336 2760 3391 nutricationis
2818 3350 2978 3405 quem
3043 3335 3346 3404 procrearit
3396 3334 3513 3403 ipsa

1926 3429 2220 3498 repudians
2260 3437 2314 3483 et
2373 3428 2658 3483 abdicans.
2717 3427 2876 3483 Tales
2936 3438 3060 3482 sunt
3116 3434 3370 3496 parentes
3419 3426 3513 3494 qui

1927 3521 2262 3591 paupertatis
2298 3525 2484 3590 specie
2512 3534 2645 3575 suos
2683 3535 2885 3590 pueros
2919 3519 3155 3574 infantes
3181 3520 3507 3588 expouuut‘,

1925 3614 2017 3684 qui
2065 3622 2117 3668 et
2169 3615 2285 3669 suis
2341 3614 2575 3684 posteris
2620 3613 2672 3666 iu
2722 3612 3058 3668 hmreditatis
3118 3611 3510 3668 distributione

1932 3705 2268 3776 iniquissimi
2303 3716 2453 3761 sunt.

2000 3798 2026 3852 I
2051 3796 2175 3867 Reg.
2208 3812 2265 3851 ιι.
2291 3795 2560 3852 Sacerdos
2585 3796 2689 3851 fuit
2714 3795 2816 3864 Eli,
2851 3811 2913 3852 ac
2943 3796 3082 3852 ﬁlios
3115 3810 3245 3851 suos
3269 3795 3431 3865 impie
3454 3809 3514 3851 se

1938 3893 2188 3954 gerentes
2235 3883 2588 3954 reprehendit
2631 3886 2874 3956 quidem,
2908 3886 3004 3941 sed
3038 3887 3168 3955 quia
3217 3901 3325 3941 non
3375 3885 3512 3940 satis

1927 3977 2274 4031 vehementer
2333 3976 2690 4047 objurgavit,
2747 3988 2907 4049 pater
2959 3979 3248 4049 religiosus
3292 3990 3508 4047 pcenam

1927 4069 2160 4123 ﬁliorum
2196 4073 2516 4126 temeritatis
2543 4083 2596 4128 et
2624 4072 2930 4140 iniquitatis
2962 4071 3082 4126 luit.

2001 4159 2264 4230 Diogenis.
2303 4159 2608 4216 Ridiculum
2654 4173 2736 4216 est
2779 4177 2902 4217 eum
2964 4163 3059 4232 qui
3105 4162 3218 4218 suis
3284 4170 3506 4230 parcat,»

1927 4251 2135 4306 alienos
2167 4255 2434 4322 castigare
2461 4253 2620 4311 velle.

2301 4367 2532 4422 SEllMO
2576 4366 2643 4421 XI
2686 4365 2783 4440 [αι.
2825 4365 3131 4438 CXXVIII].

1928 4457 2002 4513 De
2033 4457 2210 4512 liberis
2243 4469 2484 4528 parentes
2517 4458 2922 4525 honorantibus,
2964 4467 3015 4512 et
3050 4475 3165 4529 qua:
3197 4458 3333 4514 bona
3378 4472 3506 4512 cou-

2210 4537 2502 4598 sequantur
2531 4531 2623 4599 qui
2659 4530 2766 4584 illis
2793 4529 3221 4600 obtemperarint.

313 4626 466 4696 Τίμα
493 4626 584 4677 τὸν
615 4625 827 4694 πατέρα
860 4639 953 4674 σου
977 4625 1074 4675 καὶ
1097 4622 1196 4690 τὴν
1254 4620 1464 4690 μητέρα
1505 4637 1617 4685 σου,
1653 4621 1736 4673 ἵνα
1761 4620 1820 4673 εὖ

1998 4618 2172 4674 Exod.
2206 4637 2297 4675 xx.
2330 4619 2544 4676 Honora
2579 4629 2785 4690 patrem
2816 4629 2868 4677 et
2903 4631 3127 4676 matrem
3157 4628 3302 4674 tuam
3329 4628 3388 4674 ut
3411 4619 3511 4675 tibi

248 4735 329 4772 σοι
353 4720 605 4786 γένηται,
636 4717 732 4770 καὶ
793 4715 1184 4784 μακροχρόνιος
1214 4714 1310 4785 ἔσῃ
1336 4715 1427 4766 ἐπὶ
1455 4715 1555 4782 τῆς
1585 4713 1708 4783 γῆς.

318 4811 596 4871 Ἕκαστος
617 4805 830 4878 πατέρα
859 4806 1024 4862 αὑτοῦ
1052 4810 1145 4860 καὶ
1171 4808 1383 4876 μητέρα
1416 4805 1710 4876 φοϐείσθω.

315 4984 436 5050 Υἱὲ,
462 4984 706 5054 φύλασσε
735 4985 932 5054 νόμους
954 4986 1161 5056 πατρός
1197 5000 1312 5048 σου,
1345 4984 1439 5038 καὶ
1489 4984 1566 5054 μὴ
1623 4984 1821 5057 ἀπώσῃ

247 5076 481 5148 θεσμοὺς
516 5081 722 5149 μητρός
747 5095 863 5141 σου,
895 5078 1110 5147 ἄφαψαι
1137 5076 1192 5129 δὲ
1231 5077 1426 5138 αὐτοὺς
1455 5075 1548 5128 ἐπὶ
1602 5078 1668 5146 σῇ
1720 5075 1821 5146 ψυ-

245 5174 312 5241 χῇ
342 5172 659 5234 διαπαντὸς,
707 5172 801 5224 καὶ
852 5172 1175 5238 ὲγκλοίωσαι
1222 5169 1350 5239 περὶ
1411 5170 1490 5236 σῷ
1539 5168 1817 5238 τραχήλῳ.

246 5264 516 5332 Στέφανον
549 5262 655 5333 γὰρ
687 5263 925 5332 χαρίτων
975 5261 1102 5332 δέξῃ
1137 5263 1203 5330 σῇ
1232 5261 1465 5330 κορυφῇ,
1494 5261 1588 5312 καὶ
1639 5260 1822 5313 κλοιὸν

247 5353 476 5423 χρύσεον
503 5356 629 5424 περὶ
655 5352 730 5423 σῷ
764 5351 1039 5424 τραχήλῳ,

321 5445 548 5508 Ἄκουε,
586 5445 694 5508 υἱὲ,
725 5443 931 5512 πατρὸς
958 5441 1052 5495 τοῦ
1091 5442 1452 5512 γεννήσαντάς
1486 5458 1569 5508 σε,
1617 5442 1711 5494 καὶ
1745 5440 1820 5512 μὴ

248 5535 602 5604 καταφρόνει,
633 5537 716 5587 ὅτι
740 5537 1021 5602 γεγήρακέ
1066 5550 1158 5585 σου
1187 5536 1220 5603 ἡ
1259 5535 1463 5603 μήτηρ.

315 5627 443 5690 Υἱὸς
473 5625 940 5694 δοξάζειπατέρα.
1009 5625 1116 5677 Καὶ
1164 5627 1210 5678 εἰ
1270 5626 1461 5696 Πατήρ
1519 5627 1634 5693 εἰμι
1687 5622 1817 5692 ἐγὼ,

244 5717 344 5771 ποῦ
377 5720 524 5771 ἐστιν
554 5719 588 5787 ἡ
629 5718 755 5782 δόξα
805 5732 947 5784 μου;

322 5811 385 5864 '0
416 5810 598 5879 τιμῶν
634 5811 852 5880 πατέρα
909 5808 1075 5862 αὑτοῦ
1128 5807 1472 5873 ὲξιλάσκεται
1520 5807 1816 5877 ἁμαρτίας.

246 5903 353 5956 Καὶ
374 5903 450 5966 ὡς
482 5902 512 5955 ὁ
533 5901 1014 5972 ἀποθησαυρίζων,
1047 5903 1073 5954 ὁ
1101 5899 1340 5963 δοξάζων
1373 5900 1587 5970 μητέρα
1613 5899 1773 5952 αὑτοῦ
1800 5913 1814 5929 ·

1929 4706 2068 4763 bene
2105 4710 2194 4776 sit,
2229 4720 2282 4765 et
2315 4711 2482 4781 longo
2503 4718 2748 4781 tempore
2780 4711 2835 4765 in
2867 4719 3011 4766 terra
3042 4710 3219 4764 vivas.

2007 4803 2160 4874 151
2202 4802 2363 4859 Levii.
2406 4819 2517 4858 χιχ.
2557 4803 2772 4859 Patrem
2807 4819 2964 4860 suum
3001 4801 3234 4873 quisque
3280 4816 3345 4856 ac
3392 4815 3507 4854 mae

1925 4910 2059 4953 trem
2104 4904 2330 4950 metuat.
2467 4877 2483 4890 ⁸

1994 4989 2123 5054 Fili,
2155 5003 2286 5044 cave
2335 4987 2505 5042 violes
2553 5002 2581 5039 a
2619 4995 2772 5056 patre
2805 4985 2903 5041 tibi
2934 4987 3222 5057 impositas
3253 4988 3422 5061 leges,
3454 5001 3510 5045 et

1927 5082 2120 5136 matris
2166 5080 2371 5135 monita
2408 5093 2475 5132 ne
2515 5078 2783 5147 repellito,
2825 5077 2922 5135 sed
2963 5079 3235 5150 applicato
3291 5097 3510 5152 semper

1927 5185 2109 5225 animo
2139 5178 2253 5235 tuo,
2281 5179 2334 5224 et
2379 5169 2520 5224 collo
2555 5177 2651 5224 tuo
2698 5169 2964 5238 alligato;
3015 5172 3312 5240 gratiarum
3359 5173 3504 5227 enim

1925 5276 2183 5317 coronam
2217 5261 2270 5315 in
2295 5260 2553 5316 verticem
2580 5261 2780 5331 capitis
2811 5264 3064 5334 recipies,
3096 5272 3150 5320 et
3180 5262 3380 5319 monile
3402 5279 3505 5319 au-

1926 5365 2075 5407 reum
2105 5351 2161 5406 in
2197 5351 2396 5406 collum
2438 5344 2613 5407 tuum.

1994 5442 2158 5508 Audi,
2187 5443 2283 5507 fili,
2320 5454 2523 5513 patrem
2560 5445 2653 5514 qui
2703 5453 2755 5500 te
2786 5445 3107 5513 procreavit,
3143 5458 3240 5500 nec
3274 5452 3503 5502 matrem

1931 5550 2118 5590 senem
2151 5537 2511 5591 contemnito.

1996 5626 2234 5683 Malae/4.
2272 5644 2308 5683 ι.
2344 5628 2512 5684 Filius
2541 5633 2726 5702 gloria:
2755 5632 2858 5685 erit
2889 5629 3054 5700 patri.
3083 5629 3241 5696 Quod
3273 5631 3320 5687 si
3342 5631 3506 5690 Pater

1923 5734 2045 5776 sum
2077 5734 2198 5790 ego,
2230 5720 2322 5775 ubi
2350 5721 2713 5791 gloria,mea?

1994 5809 2164 5865 Eccli.
2193 5825 2274 5866 Ill.
2313 5813 2416 5878 Qui
2455 5821 2668 5883 patrem
2708 5828 2866 5868 suum
2895 5811 3104 5868 honore
3141 5812 3326 5878 allicit.
3363 5814 3508 5870 delet

1925 5912 2171 5973 peccata.
2209 5904 2396 5972 Qualis
2423 5917 2504 5963 est
2537 5906 2630 5977 qui
2661 5906 2950 5964 thesauros
2976 5909 3243 5974 recondit,
3277 5909 3398 5965 talis
3427 5919 3508 5962 ist
