3928 6600
442 473 580 542 1047
1684 462 2004 526 ANTONII
2048 462 2397 524 MELISSzE
3557 463 3676 528 1043

439 591 532 660 qni
565 593 793 644 matrem
825 599 980 642 suam
1003 580 1177 656 gloria
1203 578 1364 636 allicit
1394 599 1406 647 ;
1440 578 1531 650 qui
1561 588 1766 650 patrem
1793 580 1990 636 honora

2126 580 2348 650 ὁτιμῶν
2373 579 2588 652 πατέρα
2620 578 3056 652 εὐφρανθήσετάι
3089 576 3192 631 ὑπὸ
3244 578 3467 646 τέκνων,
3495 580 3585 632 καὶ
3629 584 3677 633 ὲν

441 699 472 738 a
506 681 634 737 ﬁliis
661 679 849 736 laetitia
883 677 1168 743 alﬁcietur,
1199 684 1252 729 et
1301 673 1569 728 orationis
1615 688 1728 730 sua:
1775 681 1988 742 tempor

2127 674 2313 746 ἡμέρα
2344 674 2657 746 προσευχῆς
2693 671 2856 726 αὑτοῦ
2893 670 3402 740 είσακουσθήσεεαι.
3442 671 3501 725 '0
3546 671 3677 735 δοξά-

439 777 552 830 voti
587 775 680 828 lict
731 785 976 842 compos.
1014 768 1118 835 Qui
1154 777 1363 838 patrem
1400 765 1571 836 gloria
1606 764 1870 830 aliccerit,
1906 766 1990 819 lon

2126 763 2234 828 ζων
2258 766 2468 835 πατέρα
2495 763 2979 835 μακροημερεύσει
3005 779 3018 794 ⁸
3051 762 3146 815 καὶ
3174 765 3201 816 ὁ
3237 763 3447 816 ἀκούων
3493 763 3677 832 Κυρίου

442 881 626 938 gaevus
678 865 788 920 erit
821 904 835 928 ,
863 873 918 917 et
957 861 1050 930 qui
1083 859 1232 913 audit
1269 858 1555 912 Dominum
1590 865 1818 910 matrem
1866 872 1993 913 suan

2127 859 2436 912 ἀναπαύσει
2468 857 2680 927 μητέρα
2713 855 2903 921 αὑτοῦ,
2933 856 3027 909 καὶ
3061 855 3136 917 ὡς
3169 854 3455 916 δεσπόταις
3479 854 3678 907 δουλεύ-

442 958 730 1022 rccreabil,
778 965 831 1012 et
873 968 1128 1024 tanquam
1163 949 1400 1006 dominis
1445 950 1646 1004 serviet
1698 949 1766 1004 iis
1815 952 1911 1020 qui
1965 967 1990 1005 s

2129 967 2212 1003 σει
2240 951 2353 1013 τοῖς
2385 951 2716 1020 γεννήσασιν
2747 950 2932 1003 αὐτόν.
2978 950 3066 1002 Ἐν
3091 949 3237 1018 ἔργῳ
3270 948 3362 1000 καὶ
3395 947 3532 1016 λόγῳ
3561 947 3677 1014 τίμα

443 1051 809 1124 procrearint.
857 1047 1039 1103 Verbo
1083 1054 1137 1100 et
1180 1058 1344 1115 Opera
1389 1051 1593 1112 patrem
1637 1043 1819 1108 colito,
1855 1053 1913 1098 ut
1957 1059 1994 1097 a.

2127 1045 2217 1096 τὸν
2268 1043 2482 1114 πατέρα
2513 1059 2633 1108 σου,
2669 1045 2756 1096 ἶνα
2791 1042 2996 1114 ἐπέλθῃ
3028 1059 3107 1095 σοι
3165 1041 3389 1108 εὐλογία.
3437 1039 3559 1109 παρ’
3600 1041 3678 1093 αὑ-

438 1144 532 1198 illo
567 1143 663 1196 tibi
697 1133 1000 1195 benedictio
1033 1134 1260 1192 accidat.
1289 1131 1467 1187 Patris
1490 1131 1800 1187 benedictio
1831 1133 1989 1187 domo

2127 1134 2243 1187 τοῦ.
2285 1132 2521 1201 Εὐλογία
2551 1132 2662 1203 γὰρ
2689 1131 2895 1203 πατρὸς
2932 1132 3178 1202 στηρίξει
3227 1130 3410 1192 οἴκους
3459 1130 3675 1184 τέκνων*

435 1235 739 1289 liberorum
797 1233 1014 1297 ﬁrmat;
1057 1237 1112 1283 at
1154 1225 1346 1282 matris
1399 1225 1706 1280 exsecratio
1762 1225 1986 1280 radicilu

1656 1225 1706 1279 i0
1762 1225 2025 1282 radicitus
2128 1226 2340 1296 κατάρα
2373 1225 2429 1279 δὲ
2461 1225 2665 1297 μητρὸς
2695 1227 2908 1297 ὲκριζοῖ
2953 1225 3203 1296 θεμέλια.

436 1326 791 1382 fundamenta
817 1323 1030 1380 evertit.

510 1417 654 1472 Ibid.
683 1414 810 1482 Fili,
844 1415 1154 1471 succurrito
1184 1414 1324 1484 patri
1361 1411 1694 1475 senescenti,
1725 1419 1779 1466 et
1809 1409 1857 1465 si
1887 1408 2026 1462 ami-

2199 1407 2423 1471 Τέκνον,
2453 1407 2740 1462 ἁντιλαδοῦ
2770 1409 2828 1460 ἐν
2853 1407 3001 1478 γήρᾳ
3038 1405 3244 1476 πατρός
3290 1423 3405 1468 σου,
3459 1403 3550 1458 καὶ
3600 1403 3678 1455 ἐὰν

433 1510 572 1564 serit
622 1507 1065 1578 intelligentiam,
1114 1505 1330 1562 veniam
1391 1513 1701 1571 mereatur,
1765 1515 1866 1558 nec
1915 1501 1984 1554 ull

2126 1500 2373 1572 ἀπολίπῃ
2423 1499 2662 1566 σύνεσιν,
2704 1500 3038 1570 συγγνώμην
3095 1499 3286 1570 ἐχέτω,
3325 1497 3418 1550 καὶ
3461 1496 3532 1566 μὴ
3579 1499 3674 1548 ἀτι-

431 1598 736 1670 ignominia
772 1598 908 1654 allici
953 1599 1128 1669 ipsum
1161 1598 1371 1668 patiare
1399 1612 1500 1668 pro
1529 1595 1788 1652 omnibus
1815 1593 1982 1648 viribu

2129 1595 2308 1666 pdoﬁ;
2331 1595 2495 1648 αὐτὸν
2530 1596 2587 1647 ὲν
2634 1595 2784 1666 πάσῃ
2824 1594 2970 1665 ἰσχύϊ
2999 1609 3112 1647 σου.
3165 1590 3537 1662 Ἐλεημοσύνη
3587 1588 3677 1658 γὰρ

435 1690 570 1746 tuis.
602 1689 785 1746 Patris
818 1692 963 1744 enim
998 1687 1375 1744 misericordia
1417 1701 1526 1741 non
1580 1684 1759 1740 veniet
1788 1681 1844 1738 in
1879 1680 1986 1736 obli

2127 1688 2335 1758 πατρὸς
2372 1686 2470 1740 οὐκ
2494 1686 2924 1758 ὲπιλησθήσεται
2955 1703 2970 1716 ο
3003 1685 3099 1740 καὶ
3121 1685 3197 1748 ὡς
3221 1685 3378 1738 εὐδία
3423 1684 3478 1735 ὲν
3527 1697 3675 1748 παγεο

432 1782 691 1848 vionem;
728 1790 784 1837 ct
815 1789 874 1836 ut
902 1782 1171 1839 serenitas
1205 1780 1433 1852 glaciem
1466 1776 1770 1848 liquefacit,
1799 1775 1880 1832 sic
1902 1789 1983 1846 per

1909 1788 2022 1846 pec-
2125 1779 2224 1849 τῷ,
2250 1778 2422 1844 οὕτως
2452 1780 2890 1850 ἀναλυθήσονταί
2922 1796 3016 1833 σου
3046 1779 3101 1832 αἰ
3131 1774 3419 1848 ἁμαρτίαι.
3458 1814 3460 1817 .

432 1885 556 1932 cata
585 1883 678 1930 tua
712 1875 1105 1932 dissolventur.

505 1966 587 2022 Ex
613 1975 725 2024 toto
765 1968 950 2022 animo
981 1976 1098 2032 tuo,
1133 1977 1192 2022 ut
1227 1967 1402 2021 honor
1457 1973 1511 2021 et
1545 1964 1732 2035 gloriae
1765 1963 1842 2020 sis
1873 1961 2017 2034 patri
2045 1943 2056 2005 Ῑ

2206 1963 2292 2016 Ἐν
2321 1962 2418 2034 ὅλῃ
2443 1961 2640 2032 καρδίᾳ
2670 1975 2764 2014 σου
2799 1958 3021 2026 δόξασον
3049 1961 3141 2014 τὸν
3172 1957 3388 2028 πατέρα
3438 1973 3552 2020 σου,
3599 1957 3675 2009 καὶ

430 2067 646 2124 curato,
697 2075 798 2114 nec
851 2061 1042 2115 matris
1080 2067 1185 2112 tua:
1231 2058 1477 2114 dolorum
1513 2055 1870 2112 obliviscitor.
1908 2052 1981 2109 Re

2125 2055 2333 2127 μητρὸς
2360 2054 2566 2110 ὠδίνων
2597 2054 2674 2124 μὴ
2704 2054 2962 2123 ἐπιλάϐῃ.
2995 2052 3284 2125 Μνήσοητι
3311 2053 3393 2104 ὅτι
3423 2051 3490 2107 δι’
3519 2050 3676 2102 αὐτῶν

431 2152 664 2208 rordare
696 2160 746 2207 te
779 2153 847 2206 ab
893 2150 999 2206 illis
1026 2165 1148 2206 esse
1177 2161 1525 2222 procreatum
1563 2165 1578 2202 :
1621 2157 1676 2205 et
1718 2147 1848 2219 quid
1903 2146 1982 2203 illi

2122 2147 2419 2217 εγεννήθης
2441 2163 2456 2178 ·
2489 2147 2583 2200 καὶ
2609 2145 3086 2209 τίὰνταποδώσεις
3119 2146 3324 2214 αὐτοῖς,
3372 2142 3550 2207 καθὼς
3593 2143 3673 2196 αύ-

428 2244 648 2308 reddes,
678 2244 839 2314 quale
879 2244 982 2315 ipsi
1015 2243 1284 2299 dederunt
1323 2243 1458 2298 tibi?
2121 2241 2204 2292 τοι
2239 2238 2363 2306 σοί,

507 2337 726 2392 Honore
761 2335 960 2390 allieito
992 2346 1203 2406 patrem
1237 2343 1292 2391 et
1324 2345 1550 2389 matrem
1586 2340 1733 2388 tuam
1763 2369 1778 2397 ,
1807 2341 1860 2386 et
1894 2339 2018 2387 tan-

2196 2333 2342 2404 Τίμα
2365 2333 2456 2387 τὸν
2485 2333 2698 2404 πατέρα
2732 2349 2826 2388 σου
2879 2333 2975 2388 καὶ
3030 2331 3130 2402 τὴν
3176 2331 3391 2402 μητέρα
3439 2346 3546 2398 σου,
3591 2332 3669 2382 καὶ

434 2444 604 2498 quam
637 2430 869 2499 teipsurn
908 2427 1216 2498 proximum
1245 2425 1472 2495 diligite.

2121 2425 2312 2492 ἀγάπα
2339 2424 2432 2478 τὸν
2460 2425 2688 2496 πλησίον
2722 2443 2818 2480 σου
2847 2426 2921 2490 ὡς
2957 2427 3204 2483 σεαυτόν.

504 2519 698 2590 Eplies.
727 2537 798 2575 vr.
829 2518 1029 2585 Liberi,
1059 2519 1380 2588 parentibus
1401 2517 1600 2573 vestris
1625 2516 1839 2572 obedite
1863 2515 1916 2570 in
1936 2530 2020 2569 re-

2193 2519 2394 2584 Τέκνα,
2432 2517 2739 2573 ὑπακούετε
2771 2522 2884 2583 τοίς
2907 2517 3159 2588 γονεῦσιν
3188 2519 3344 2590 ὑμῶν
3371 2519 3505 2574 κατὰ
3549 2517 3669 2574 πάνυ

437 2612 546 2667 bus
577 2611 834 2668 omnibus
860 2652 875 2676 ,
918 2611 1187 2682 siquidem
1222 2611 1322 2666 hoc
1357 2609 1588 2664 Domino
1625 2617 1932 2677 pergratum
1969 2621 1988 2661 ε

1830 2617 1932 2661 tum
1969 2616 2024 2661 Cl
2119 2631 2208 2668 τα.
2237 2612 2407 2668 Τοῦτο
2434 2614 2543 2686 γάρ
2572 2616 2721 2670 ἔστιν
2747 2614 3039 2686 εὐάρεστον
3057 2613 3135 2685 τῷ
3167 2614 3381 2685 Κυρίῳ.

432 2715 719 2774 acceptum
750 2709 856 2757 est.

502 2791 563 2848 S.
583 2792 798 2848 Basilii.
818 2793 1163 2848 Ciconiarnm
1182 2809 1305 2863 erga
1329 2803 1583 2863 parentes
1608 2808 1765 2848 senes
1790 2792 2020 2848 benevo—

2201 2797 2269 2859 Ἦ
2294 2796 2425 2868 περὶ
2452 2798 2578 2860 τοὺς
2626 2799 2977 2869 γηράσαντας
3031 2799 3140 2853 τῶν
3183 2799 3474 2872 πελαργῶν
3516 2800 3682 2855 εὔνοια

427 2882 596 2938 lentia
637 2885 773 2939 satis
813 2893 991 2954 potest
1038 2886 1240 2941 liberos
1273 2893 1514 2949 nostros,
1557 2886 1606 2941 si
1645 2885 1808 2940 modo
1840 2895 1978 2941 atteu

2121 2885 2346 2957 ἐξαρκεί
2368 2887 2495 2950 τοὺς
2531 2888 2724 2952 παῖδας
2759 2890 2936 2958 ἡμῶν,
2973 2892 3022 2942 εἰ
3056 2891 3350 2962 προσέχειν
3401 2891 3666 2961 βούλοιντο,

435 2976 569 3031 dare
590 2975 782 3041 velint,
811 2975 982 3046 patris
1013 2983 1262 3030 amantes
1288 2975 1503 3031 ellicere
1529 2992 1544 3042 ;
1585 2990 1743 3030 nemo
1764 2985 1848 3032 est
1867 2976 1986 3032 enin

2121 2979 2498 3052 φιλοπάτορας
2526 2981 2892 3051 καταστῆσαι.
2921 2983 3143 3047 Πάντως
3169 2984 3280 3054 γὰρ
3306 2985 3481 3048 οὐδεὶς
3527 2985 3669 3048 οὕτως

431 3069 572 3126 adeo
605 3070 900 3142 prudentia
938 3071 1261 3135 destitutus,
1289 3075 1382 3140 qui
1413 3086 1520 3126 non
1544 3071 1867 3142 pudendum
1895 3084 1982 3126 es

2121 3072 2390 3127 ἐλλείπων
2427 3071 2570 3126 κατὰ
2595 3073 2694 3142 τὴν
2725 3074 3012 3144 φρόνησιν,
3042 3074 3118 3139 ὡς
3148 3076 3224 3146 μὴ
3261 3076 3518 3146 αἰσχύνης
3549 3076 3669 3140 άξιον

424 3163 630 3234 iudicet
667 3166 737 3217 ab
771 3163 962 3219 avibus
995 3164 1223 3218 rationis
1254 3166 1570 3233 expertibus
1601 3163 1798 3218 virtute
1857 3177 1975 3233 supr

2123 3160 2263 3218 εἰναι
2295 3162 2522 3232 κρίνειν,
2569 3165 2679 3217 τῶν
2736 3164 2951 3233 ἀλόγων
2998 3165 3228 3232 ὀρνίθων
3280 3168 3526 3240 ὑστερεῖν
3573 3167 3671 3221 κατ’

427 3260 575 3323 rari;
609 3257 698 3312 ille
731 3259 876 3312 enim
908 3269 1114 3328 patrem
1136 3273 1246 3327 prae.
1285 3267 1565 3313 senectute
1594 3273 1801 3326 pennas
1825 3257 1978 3314 dimit

2120 3255 2344 3325 ἀρετήν.
2365 3252 2595 3310 Ἐκεῖνοι
2617 3255 2750 3326 γὰρ,
2775 3257 2865 3310 τὸν
2896 3260 3108 3328 πατέρα
3133 3259 3237 3312 ὑπὸ
3261 3262 3449 3330 γήρως
3475 3261 3669 3330 πτερορ-

427 3359 634 3405 tentent
659 3350 712 3404 in
735 3349 924 3404 orbein
951 3349 1334 3416 circumstant,
1353 3365 1416 3405 ac
1441 3349 1638 3422 pennis
1663 3350 1779 3406 suis
1802 3349 1978 3404 fovent

2127 3350 2412 3420 ρυήσαντα
2439 3349 2797 3418 περιστάντες
2832 3351 2890 3404 ὲν
2915 3350 3126 3422 κύκλῳ,
3155 3353 3270 3416 τοῖς
3301 3354 3520 3416 οἰκείοις
3565 3370 3669 3407 πτε-

428 3443 687 3497 alintenta
747 3441 970 3512 copiose
1017 3442 1474 3512 suppeditantes,
1523 3450 1791 3513 quantum
1849 3442 1975 3496 etiai

2124 3441 2239 3509 ροῖς
2270 3439 2689 3510 περιθάλπουσι,
2719 3442 2812 3494 καὶ
2849 3442 2947 3504 τὰς
2979 3444 3189 3513 τροφὰς
3232 3445 3480 3514 ἀφθόνως
3519 3463 3669 3516 παρα-

425 3534 925 3604 ]ιοεευηινοιιιιυιη
960 3534 1079 3604 ejus
1111 3533 1395 3603 adjuvant,
1431 3535 1642 3604 placide
1670 3533 1866 3604 pennis
1897 3536 1976 3588 sui

2124 3531 2506 3597 σκευάζοντες,
2543 3532 2643 3602 τὴν
2667 3532 2899 3603 δυνατὴν
2933 3535 3024 3587 καὶ
3058 3537 3117 3588 έν
3165 3539 3232 3608 τῇ
3276 3537 3472 3607 πτήσει
3521 3537 3665 3602 παρέ-

429 3627 691 3696 utrinque
723 3626 1045 3681 allevantes.
1081 3625 1261 3696 Atque
1292 3627 1374 3682 sic
1400 3626 1792 3682 beneﬁciorum
1828 3641 1980 3681 remn

2121 3637 2305 3690 χονται
2337 3621 2610 3692 βοήθειαν,
2641 3625 2824 3695 ἠρέμα
2854 3627 2964 3680 τῶν
2994 3628 3284 3697 πτερύγων
3324 3630 3664 3697 ἐπικουφίζον-

431 3717 777 3772 nerationetn
808 3717 1282 3785 ἀντιπελάργωσιν
1312 3718 1620 3783 norninant,
1666 3718 1823 3788 quasi
1859 3716 1979 3773 dica

2119 3730 2209 3777 τες
2236 3715 2600 3786 ἑκατέρωθεν.
2633 3718 2740 3776 Καὶ
2768 3717 2942 3783 οὕτως
2970 3719 3070 3790 τὴν
3099 3721 3209 3775 τῶν
3245 3721 3663 3794 εὐεργετημάτων

430 3808 945 3862 reciéoniationem.

2120 3808 2395 3864 ἀντίδοσιν
2415 3810 2893 3880 ἁντιπελάργωσιν
2925 3813 3305 3884 ὀνομάζουσιν.

499 3899 655 3954 Grati
689 3899 845 3955 liberi
883 3913 1075 3968 magna
1109 3899 1317 3953 faciunt
1346 3908 1562 3968 patrum
1595 3902 1865 3955 encomia.

2192 3900 2547 3971 Εύγνώμονες
2570 3903 2763 3968 παῖδες
2786 3904 3004 3974 μεγάλα
3037 3907 3253 3962 ποιοῦσι
3283 3908 3350 3961 τὰ
3391 3907 3493 3962 τῶν
3521 3908 3658 3962 πατέρ

2122 4011 2230 4065 ρων
2252 3993 2524 4067 ἐγκώμια.

504 4075 662 4147 152
689 4076 956 4148 T/ieotogi.
985 4077 1140 4147 Quod
1163 4081 1450 4136 honestum
1478 4090 1562 4137 est
1585 4094 1861 4150 exerceto,
1885 4083 2010 4152 quia

2193 4087 2468 4158 Ἔργασαι
2492 4090 2552 4142 τὸ
2582 4089 2766 4156 καλὸν,
2793 4090 2874 4144 ὅτι
2907 4092 3070 4146 καλὸν
3091 4091 3169 4163 τῷ
3193 4094 3361 4164 πατρί
3377 4093 3627 4147 πείθεσθαι
3646 4106 3657 4122 ·

423 4173 716 4226 honestum
746 4179 826 4226 est
857 4171 995 4240 patri
1039 4186 1228 4243 parere
1256 4188 1273 4239 ;
1322 4173 1537 4230 etiamsi
1573 4173 1707 4228 nihil
1741 4176 1886 4229 aliud
1912 4175 1974 4230 til

2119 4179 2214 4231 καί
2247 4179 2299 4236 ετ
2329 4197 2412 4233 σοι
2458 4181 2628 4249 μηδὲν
2677 4181 2900 4238 ἔσεσθαι
2953 4185 3161 4254 μέλλοι,
3219 4186 3376 4240 τοῦτο
3419 4187 3538 4240 αὐτὸ
3585 4201 3657 4254 μι-

425 4280 784 4321 accessurum
823 4275 988 4332 esset,
1025 4265 1128 4321 hoc
1157 4266 1335 4336 ipsum
1363 4281 1575 4324 merces
1599 4277 1682 4324 est
1714 4268 1856 4338 patri
1887 4284 1976 4339 gra

1391 4281 1575 4324 heroes
1599 4277 1682 4324 est
1714 4268 1856 4338 patri
1887 4284 2008 4339 gra-
2120 4268 2268 4334 σΘὸς,
2304 4271 2365 4324 τὸ
2397 4273 2568 4342 πατρὶ
2601 4273 2942 4344 χαρίζεσθαι.

426 4356 645 4412 tiﬁcari.

499 4448 558 4503 S.
591 4447 869 4520 Chrysost.
910 4448 1048 4515 Quia
1086 4447 1276 4503 eadem
1312 4463 1592 4518 mensura,
1627 4455 1688 4502 ut
1713 4447 1789 4502 ait
1821 4447 2008 4504 Domi-

2201 4450 2290 4516 Ὦς
2312 4453 2422 4517 τοῖς
2456 4453 2638 4517 αὐτοῖς
2671 4453 2914 4526 μέτροις,
2941 4455 3084 4509 κατὰ
3108 4457 3205 4528 τὴν
3230 4457 3323 4511 τοῦ
3354 4457 3541 4528 Κυρίου
3560 4473 3652 4525 φω-

422 4555 552 4603 nus,
583 4541 636 4595 in
685 4556 906 4611 quaque
946 4555 1004 4596 re
1041 4539 1277 4611 gerenda
1310 4542 1466 4595 nobis
1501 4542 1771 4608 redditur,
1805 4556 1973 4611 paren

2115 4544 2232 4616 νὴν,
2265 4543 2351 4614 ἐφ’
2381 4544 2597 4616 ἑκάστῳ
2623 4545 2732 4600 τῶν
2761 4547 3150 4616 πραττομένων
3190 4550 3553 4619 μετρούμενοι,
3575 4547 3655 4616 μά-

422 4643 508 4688 tes
533 4640 794 4702 tanquam
829 4632 1086 4688 dominos
1117 4632 1394 4687 honorare
1433 4631 1736 4700 discamus,
1775 4641 1836 4687 ut
1883 4642 1940 4689 et

2122 4636 2306 4709 θωμεν
2339 4637 2415 4702 ὡς
2447 4639 2716 4703 δεσπότας
2740 4639 2906 4710 τιμᾷν
2931 4643 3129 4708 γονεῖς,
3167 4641 3256 4696 ἵνα
3279 4645 3375 4696 καὶ
3425 4642 3521 4696 ὑπὸ
3566 4640 3654 4692 τῶν

425 4721 638 4778 nostris
674 4722 921 4792 ipsorum
957 4721 1162 4776 honore
1195 4718 1500 4775 aﬂiciamur
1530 4719 1740 4788 liberis,
1769 4730 1824 4778 et
1851 4736 1882 4776 a
1909 4720 1976 4778 Dc

2122 4727 2266 4781 ίδίων
2299 4727 2623 4800 τιμηθῶμεν
2658 4730 2883 4796 παίδων,
2915 4733 3010 4784 καὶ
3037 4732 3129 4785 τὸν
3161 4735 3313 4804 παρὰ
3361 4732 3452 4790 τοῦ
3478 4731 3648 4803 Κυρίου

427 4813 580 4869 mino
607 4815 661 4868 in
699 4812 806 4868 hac
835 4827 894 4868 re
922 4810 1201 4867 deﬁnitam
1229 4810 1537 4867 mercedem
1583 4813 1818 4884 amplam
1874 4814 1978 4870 reci

2116 4821 2420 4893 ὡρισμένον
2447 4822 2540 4878 ἐπὶ
2570 4822 2744 4892 τούτῳ
2778 4823 3034 4880 πλούσιον
3060 4825 3258 4896 μισθὸν
3308 4827 3649 4896 ἁπολάδωμεν.

424 4920 665 4976 piamus.

501 5021 787 5090 Tanquam
837 5035 1002 5076 verna
1039 5020 1382 5092 genitoribus
1420 5021 1529 5078 tuis
1576 5023 1780 5078 servito
1814 5039 1830 5076 :
1881 5023 2014 5091 quid

2203 5022 2293 5088 Ὠς
2313 5025 2532 5096 οἰκέτης
2557 5028 2850 5084 δούλευσον
2877 5034 2990 5096 τοῖς
3019 5034 3320 5105 γεννησασί
3354 5050 3434 5091 σε.
3466 5033 3526 5087 Τί
3569 5031 3654 5104 γὰρ

427 5111 578 5170 enim
605 5111 716 5168 illis
739 5111 848 5167 tale
868 5113 1084 5177 reddas,
1127 5114 1291 5185 quale
1320 5115 1389 5169 ab
1423 5115 1530 5170 illis
1558 5114 1847 5185 accepisti?
1879 5115 1978 5170 Nat

2119 5119 2526 5183 ἁνταποδώσεις
2552 5122 2734 5188 αὐτοῖς
2763 5119 2852 5177 οἷα
2907 5126 3063 5180 αὐτοὶ
3121 5127 3243 5194 σοίς
3312 5130 3657 5202 ἁντιγεννῆσαι

432 5205 674 5267 vicissim
709 5219 968 5276 generare
999 5205 1121 5262 illos
1177 5221 1275 5263 rnn
1311 5207 1460 5262 licet.

1177 5221 1275 5263 rma
1311 5207 1460 5262 licet.
2117 5209 2226 5278 γάρ
2251 5211 2452 5275 αὐτοὺς
2481 5212 2577 5267 οὐκ
2607 5215 2705 5270 ενι.

501 5323 727 5378 Δνίδιοι,
769 5321 1010 5395 Equum
1045 5332 1129 5378 est
1180 5331 1240 5377 ut
1288 5322 1432 5378 lilius
1463 5324 1654 5394 .patris
1705 5325 1777 5379 sit
1822 5339 2016 5379 servus

2187 5327 2308 5399 Χρὴ
2339 5327 2430 5381 τὸν
2459 5328 2570 5382 υἰὸν
2600 5329 2785 5382 δοῦλον
2835 5325 2978 5385 εἶναι
3011 5330 3106 5384 τοῦ
3153 5333 3361 5401 πατρὸς
3406 5335 3437 5405 ἦ
3477 5335 3558 5387 τὸν
3597 5331 3661 5384 oi-

434 5413 610 5481 magis
637 5427 803 5482 quam
841 5427 1048 5480 verna;
1079 5412 1168 5467 ille
1198 5412 1341 5465 enim
1367 5421 1560 5467 natura
1585 5413 1752 5482 patris
1781 5420 1867 5469 est
1896 5428 1985 5468 ser

2118 5419 2304 5488 κέτην.
2351 5419 2409 5472 '0
2438 5419 2538 5495 μὲν
2560 5420 2669 5492 γὰρ
2693 5421 2851 5492 φύσει
2871 5423 2963 5476 τοῦ
2993 5423 3199 5495 πατρδς
3227 5425 3414 5492 δοῦλός
3452 5429 3600 5492 ἐστιν,
3639 5426 3662 5477 ὁ

433 5517 552 5574 vus,
578 5505 668 5562 hic
696 5505 830 5575 lege.

819 5544 830 5559 -
2117 5511 2171 5563 δὲ
2203 5510 2370 5579 νόμῳ.

506 5622 782 5679 Isocratis.
842 5621 1028 5675 Talem
1080 5629 1130 5674 te
1193 5629 1388 5690 praesta
1434 5619 1776 5690 parentibus,
1818 5622 2012 5693 quales

2191 5617 2444 5684 Τοιοῦτος
2475 5621 2625 5690 γίνου
2663 5626 2791 5694 περὶ
2840 5625 2967 5690 τοὺς
3003 5630 3203 5694 γονεῖς,
3244 5630 3391 5692 οἴους
3416 5629 3477 5683 ἂν
3505 5628 3661 5694 εὔξαιο

430 5725 589 5787 optas
623 5716 719 5770 tibi
754 5714 1053 5784 morigeros
1087 5711 1204 5768 fore
1236 5712 1459 5767 liberos.
1791 5739 1794 5742 ~

2119 5715 2248 5786 περὶ
2275 5716 2503 5769 σεαυτὸν
2535 5717 2789 5784 γενέσθαι
2812 5720 2937 5782 τοὺς
2965 5720 3164 5775 σαυτοῦ
3199 5724 3413 5787 παῖδαςι

503 5823 808 5878 Alexander
847 5837 942 5878 rex
975 5837 1100 5877 eum
1137 5822 1587 5892 interrogaretur,
1615 5835 1798 5880 utrum
1837 5826 2013 5898 magis

2199 5827 2546 5900 Ἀλέξανδρος
2574 5831 2602 5883 ὁ
2644 5830 2919 5901 βασιλεὺς,
2953 5832 3276 5904 ἐρωτηθεὶς,
3339 5838 3457 5890 τίνα
3489 5833 3659 5905 μᾶλλον

430 5916 772 5977 desideraret
825 5928 1037 5988 patrem
1086 5913 1429 5988 Philippum,
1485 5934 1553 5974 an
1605 5920 1956 5978 Aristotelem

2117 5920 2291 5988 ποθεῖ,
2326 5919 2418 5976 τὸν
2447 5921 2657 5991 πατέρα
2686 5922 2950 5978 Φίλιππον
2983 5923 3016 5994 ἢ
3058 5923 3456 5998 Ἀριστοτέλην,
3481 5925 3575 5980 Τὸν
3597 5923 3659 5976 διη
