3928 6544
314 517 456 582 1049

1139 515 1314 577 LOCI
1355 508 1800 575 COMMUNES.
1835 529 1902 542 ·-
1943 505 2132 567 PARS
2167 504 2250 568 II.
2292 500 2551 563 SERMO
2593 498 2763 560 XIII.

3443 495 3580 561 105⁸)

309 625 606 693 δάσκαλον,
645 625 747 698 ἔφη
781 643 796 656 ·
831 628 860 680 6
903 626 1004 698 μὲν
1051 625 1161 696 γὰρ
1207 623 1300 678 τοῦ
1331 621 1608 692 γενέσθαι,
1646 618 1674 669 6
1712 616 1767 669 δὲ
1808 612 1900 667 τοῦ

2057 613 2351 684 agistrum,
2396 611 2572 680 inquit
2602 626 2617 676 ;
2650 609 2741 664 ille
2786 609 2931 664 enim
2961 617 3020 664 ut
3049 621 3245 669 essem,
3279 605 3364 660 hic
3397 614 3578 658 autem

311 721 494 783 καλῶς
529 722 781 788 γενέσθαι
814 721 1008 784 αἴτιος.

397 810 456 864 '0
490 812 653 875 αὐτὸς
692 812 832 882 βαρύ
852 830 904 866 τι
928 809 1324 879 ἐπιταττούσης
1350 806 1498 877 αὐτῷ
1524 805 1621 870 τῆς
1688 799 1893 870 μητρὸς

323 903 713 972 Ὀλυμπιάδος,
750 904 893 979 ἔφη’
930 899 999 956 Ὦ
1047 905 1242 974 μῆτερ,
1303 900 1501 970 πικρόν
1545 914 1613 967 με
1661 895 1894 948 ἐνοίκιον

308 996 409 1062 τῆς
435 995 836 1067 ὲννεαμηναίου
873 997 1148 1057 ἀπαιτεῖς.

383 1089 546 1152 Οἴους
578 1088 644 1142 ἂν
675 1090 896 1159 ἐράνους
921 1089 1153 1159 ἐνέγκῃς
1184 1088 1293 1148 τοῖς
1323 1083 1566 1153 γονεῦσι,
1620 1077 1894 1139 τοιούτους

311 1183 475 1246 αὐτὸς
524 1185 582 1236 ὲν
633 1182 712 1253 τῷ
763 1184 914 1254 γήρᾳ
961 1182 1114 1252 παρὰ
1171 1180 1280 1233 τῶν
1328 1176 1594 1231 τεκόντων
1638 1169 1893 1245 [τέκνων]

313 1271 638 1342 προσδέχου.

312 1373 510 1434 Ὅστις
541 1372 598 1425 δὲ
625 1373 752 1435 τοὺς
784 1371 1047 1432 τεκόντας
1078 1371 1136 1422 ἐν
1163 1367 1264 1439 βίῳ
1296 1366 1468 1431 σέόει,

323 1465 384 1517 '0
416 1463 462 1517 δ’
491 1465 606 1518 ἐστὶ
633 1464 730 1517 καὶ
773 1464 884 1529 ζῶν
919 1463 1011 1516 καὶ
1043 1461 1222 1516 θανὼν
1253 1459 1388 1513 Θεοῦ
1418 1458 1592 1529 φίλος.

313 1557 430 1610 Οὐκ
456 1557 574 1611 ἔστι
610 1559 768 1610 παισὶ
803 1557 993 1609 τούτου
1025 1553 1246 1608 κάλλιον
1276 1554 1468 1624 γέρας,

317 1650 388 1701 Ἦ
422 1648 627 1720 πατρὸς
649 1647 841 1701 ἐσθλοῦ
869 1645 1114 1715 κάγαθοῦ
1169 1643 1499 1714 πεφυκέναι,

313 1740 428 1794 Καὶ
455 1743 568 1803 τοῖς
595 1739 851 1794 τεκοῦσιν
883 1739 1038 1807 ἀξίαν
1066 1738 1233 1810 τιμὴν
1263 1736 1467 1806 νέμειν.

384 1917 569 1970 Σόλων
601 1917 901 1988 ἐρωτηθεὶς
931 1915 1072 1968 διατί
1107 1912 1248 1966 κατά
1280 1913 1393 1965 τῶν
1421 1909 1735 1965 τυπτόντων
1766 1911 1894 1973 τοὺς

1995 715 2052 759 ιιι
2083 706 2343 774 praeclare
2375 704 2658 759 institutus
2691 717 2868 758 essem
2900 710 3090 756 auctor
3122 701 3244 756 fuit.

2068 797 2210 852 Idem
2243 813 2362 852 cum
2399 806 2574 851 mater
2605 795 2885 868 Olympias
2911 795 2960 850 ei
2995 794 3198 862 aliquid
3234 791 3453 862 gravius
3481 789 3582 842 im-

1994 898 2260 960 peraret:
2315 890 2608 954 Acerbam,
2658 906 2691 944 ο
2741 897 2934 954 mater,
2990 887 3185 958 inquit,
3233 899 3330 953 pro
3385 895 3578 937 novem

1996 983 2267 1037 mensium
2318 997 2484 1036 onere
2521 982 2826 1036 mercedem
2855 982 3050 1049 exigis.

2070 1072 2298 1127 Melesii.
2330 1071 2525 1138 Qualia
2556 1073 2608 1127 in
2647 1083 2896 1144 parentes
2944 1071 3246 1128 contuleris
3274 1067 3578 1135 beneficia,

1999 1163 2124 1218 talia
2161 1165 2213 1218 iu
2246 1174 2530 1220 senectute
2560 1180 2588 1218 a
2622 1165 2813 1220 liberis
2844 1173 3122 1236 exspecta.

2073 1343 2276 1398 Vivens
2308 1355 2564 1411 parentes
2593 1343 2688 1414 qui
2717 1343 2869 1410 colit,

2072 1435 2313 1492 Futurus
2339 1447 2424 1492 est
2463 1447 2649 1508 gratus
2681 1439 2786 1491 Deo
2818 1438 2973 1489 vivus
3004 1434 3275 1502 simulque
3311 1439 3578 1486 mortuus.

2068 1527 2176 1583 Nec
2218 1529 2499 1599 prmmium
2533 1528 2702 1582 ullum
2734 1539 2817 1582 est
2838 1527 3022 1581 liberis
3049 1525 3360 1585 honestius,

2067 1623 2243 1687 Quam
2285 1625 2328 1676 si
2357 1623 2528 1693 probo
2557 1631 2856 1676 nascantur
2885 1629 2940 1673 et
2971 1619 3201 1672 honesto
3236 1623 3407 1684 patre,

2074 1715 2371 1788 Dignisque
2398 1724 2653 1785 parentes
2686 1712 2923 1767 alliciant
2959 1709 3281 1764 honoribus.

2624 1804 2967 1878 (Euripidis)

2074 1902 2240 1958 Solon
2277 1903 2673 1972 interrogatus,
2709 1913 2810 1954 cur
2863 1896 3041 1950 nullas
3083 1905 3274 1963 pcenas
3320 1888 3584 1944 adversus

311 2008 560 2077 πατέρας
585 1970 862 2077 ἐπιτίμιον
881 1970 988 2076 ὀὐχ
1011 2003 1233 2075 ὥρισεν,
1267 2002 1370 2074 ἔφη
1392 2017 1409 2034 ⁶
1446 2001 1572 2056 Ὀτι
1627 2001 1725 2071 οὐχ
1756 1970 1894 2053 ὐπέί-
1922 1971 1929 2030 ί

2054 2011 2096 2052 ιε
2151 1993 2246 2065 qui
2279 1997 2465 2064 patres
2500 1970 2887 2047 verberasseut
2936 1984 3315 2040 constituisset
3365 1997 3379 2035 :
3427 1978 3582 2046 Quod

309 2101 478 2154 λαῦον
506 2101 788 2163 τοιούτους
826 2100 977 2163 τινὰς
1009 2097 1251 2151 ἔσεσθαι.

383 2193 645 2264 Γαμόροῦ
675 2196 704 2246 6
734 2193 833 2263 μὲν
864 2190 1140 2262 ἐπιτυχὼν
1170 2187 1330 2261 εὗρεν
1364 2189 1501 2254 υίὺν,
1535 2188 1564 2241 6
1609 2186 1666 2240 δὲ
1695 2187 1898 2241 ἀποτυ-

312 2288 426 2359 χὼν
456 2285 709 2340 ἀπώλεσε
735 2285 826 2338 καὶ
855 2287 1151 2353 θυγατέρα.

387 2383 516 2444 Τοῖς
544 2379 798 2450 γονεῦσιν
827 2380 948 2439 ἴσας
980 2377 1114 2446 πρὸς
1155 2378 1277 2434 ἴσας
1326 2373 1617 2428 ἀποδοῦναι
1667 2373 1900 2443 χάριτας

313 2473 423 2528 τῶν
445 2472 746 2528 ἀδυνάτων.
790 2469 1202 2539 Ἀντιγεννῆσαι
1224 2468 1333 2539 γὰρ
1367 2467 1466 2536 οὐχ
1501 2462 1613 2519 οἷόν
1639 2480 1721 2517 τε.

913 2675 1132 2730 ΛΟΓΟΣ
1196 2671 1297 2727 ΙΒ’.

315 2775 458 2844 Περὶ
495 2769 875 2842 κατραλοιῶν
913 2764 1449 2844 καί-μητραλοιῶν.
1480 2764 1578 2820 καὶ
1610 2763 1728 2818 ὅσα
1756 2763 1901 2832 ἕψε-

849 2857 944 2894 ται
965 2838 1170 2903 αὐτοῖς
1193 2837 1371 2891 κακά.

390 2939 488 3002 ’ος
516 2937 710 2991 τύπτει
742 2935 958 3006 πατέρα
989 2929 1178 2997 αὐτοῦ,
1211 2929 1426 2999 θανάτῳ
1460 2926 1839 2983 θανατούσθω.

399 3121 460 3174 Ὀ
493 3117 808 3186 κακολογῶν
842 3115 1058 3186 πατέρα
1089 3114 1257 3168 αὐτοῦ
1292 3113 1324 3184 ἤ
1360 3111 1576 3184 μητέρα
1606 3109 1772 3163 αὐτοῦ
1806 3109 1904 3164 0a-

315 3219 465 3286 νάτῳ
498 3215 825 3268 τελευτάτω.

401 3308 838 3376 Ἐπικατάρατος
868 3305 975 3366 πᾶς
1005 3305 1033 3357 6
1060 3300 1342 3372 ἀτιμάζων
1375 3299 1589 3369 πατέρα
1637 3298 1806 3352 αὐτοῦ
1865 3298 1899 3370 ἢ

321 3406 536 3477 μητέρα
559 3401 724 3456 αὐτοῦ
756 3417 768 3430 ·
801 3397 897 3452 καὶ
920 3398 1034 3468 ὲρεῐ
1059 3397 1167 3459 πᾶς
1183 3395 1212 3447 6
1237 3395 1386 3459 λαδ;,
1408 3393 1645 3459 Γένοιτο,
1669 3392 1898 3461 γένοιτο.

389 3586 518 3648 Υἱὸς
545 3582 774 3652 ἀνήκοος
807 3580 862 3632 ὲν
887 3575 1134 3645 ἀπωλείᾳ
1160 3573 1334 3627 ἔσται.

402 3681 460 3733 Ὀ
489 3675 768 3746 ἀτιμάζων
794 3671 1004 3742 πατέρα
1030 3667 1219 3733 αὐτοῦ,
1244 3666 1338 3720 καὶ
1363 3663 1755 3734 ἀπωθούμενος
1787 3681 1891 3734 μην

318 3775 456 3842 τέρα
517 3767 706 3833 αὐτοῦ,
768 3763 1320 3834 καταισχυνθήσεται,
1385 3759 1477 3814 καὶ
1535 3758 1902 3820 ἐπονείδιστος

320 3866 494 3917 ἔσται.

396 3948 843 4020 Κακολογοῦντος
896 3945 1111 4014 πατέρα
1167 3943 1202 4014 ἢ
1265 3941 1477 4012 μητέρα
1535 3937 1901 4010 σϐεσθήσεται

321 4045 584 4116 λαμπτὴρ
610 4059 625 4075 ·
653 4043 712 4097 αἱ
737 4041 794 4096 δὲ
827 4040 989 4112 κόραι
1027 4038 1136 4091 τῶν
1165 4034 1463 4106 ὀφθαλμῶν
1487 4031 1651 4087 αὐτοῦ
1681 4031 1901 4102 ὄψονται

325 4138 540 4200 σκότος.

400 4233 499 4292 Ὃς
523 4225 892 4284 ἀποόἀλλεται
918 4221 1136 4292 πατέρα
1160 4219 1194 4290 ἢ
1227 4217 1464 4289 μητέρα,
1519 4215 1618 4269 καὶ
1648 4213 1797 4280 δοκεῖ
1827 4213 1904 4285 μὴ

323 4321 686 4395 ἁμαρτάνειν,
726 4309 883 4378 οὖτος
911 4311 1167 4374 κοινωνός
1197 4310 1346 4362 ἐστιν
1372 4307 1564 4377 ἀνδρὸς
1595 4304 1850 4366 ἀσεϐοῦς.

394 4413 514 4471 Οὐκ
544 4407 900 4481 εὐφραίνεται
930 4403 1113 4474 πατὴρ
1146 4401 1241 4456 ἐπὶ
1281 4399 1385 4470 υἱῷ
1412 4397 1746 4469 ἀπαιδεύτῳ.
1775 4397 1906 4462 Υἱὸς

321 4508 379 4562 δὲ
410 4505 672 4576 φρόνιμος
700 4498 984 4570 εὐφραίνει
1011 4495 1225 4568 μητέρα
1255 4490 1445 4548 αὐτοῦ.

396 4598 570 4670 Ὀργὴ
595 4597 766 4666 πατρὶ
796 4593 911 4656 υίὸς
938 4591 1154 4661 ἄφρων,
1194 4587 1290 4641 καὶ
1341 4583 1503 4656 ὀδύνη
1543 4584 1612 4655 τῇ
1669 4578 1905 4653 τεκούσῃ

324 4693 511 4749 αὐτόν.

405 4785 498 4848 Ὠς
529 4780 852 4853 βλάσφημος
903 4777 932 4830 6
984 4769 1398 4844 ἐγκαταλείπων
1454 4767 1671 4838 πατέρα
1714 4763 1904 4832 αὐτοῦ,

327 4877 420 4931 καὶ
461 4871 845 4944 κατηραμένος
879 4864 986 4921 ὐπὸ
1021 4861 1226 4936 Κυρίου
1263 4863 1291 4915 6
1322 4859 1678 4931 παροργίζων
1738 4855 1908 4928 μητέιη

328 4986 397 5040 pa
452 4963 643 5021 αὐτοῦ.

396 5058 492 5129 Μὴ
520 5057 745 5124 δοξάζου
777 5055 835 5108 ὲν
863 5050 1060 5121 ἀτιμίᾳ
1092 5045 1301 5118 πατρός
1329 5060 1447 5098 σου.
1493 5040 1563 5096 Ἦ
1612 5039 1720 5111 γὰρ
1781 5037 1909 5104 δόξα

327 5150 636 5219 ἀνθρώπων
659 5149 722 5200 ὲκ
741 5145 909 5216 τιμῆς
937 5142 1144 5212 πατρὸς
1171 5137 1378 5195 αὐτῶν.

399 5245 466 5298 Ol.
492 5241 695 5311 γονέων
731 5235 1054 5305 ἀλογοῦντες
1099 5231 1371 5300 ἑκατέρας
1403 5224 1621 5297 μερίδος
1652 5222 1792 5278 είσὶν
1820 5223 1911 5293 έχ-

332 5335 470 5407 θροὶ,
504 5335 597 5386 καὶ
631 5331 729 5400 τῆς
760 5328 896 5398 πρὸς
931 5326 1066 5379 Θεὸν
1089 5325 1190 5378 καὶ
1218 5324 1316 5393 τῆς
1343 5320 1481 5392 πρὸς
1502 5317 1846 5388 ἀνθρώπους.

935 5507 1155 5563 ΛΟΓΟΣ
1213 5503 1313 5557 ll".

828 5602 967 5670 Περὶ
1032 5601 1163 5656 υἱοῦ
1193 5595 1414 5669 σοφοῦ.

401 5698 531 5760 Υἱὸς
563 5697 724 5766 σοφὸς
747 5695 1029 5766 εὐφραίνει
1076 5692 1287 5762 πατέρα
1311 5689 1502 5744 αὐτοῦ.
1555 5685 1682 5750 Υίδς
1727 5683 1912 5755 φρόνι-

338 5805 436 5859 μος
459 5788 744 5859 εὐφραίνει
779 5786 992 5856 μητέρα
1041 5783 1229 5840 αὐτοῦ.

408 5881 798 5952 Εὐφραινέσθω
823 5881 850 5932 6
883 5880 1064 5951 πατὴρ
1097 5879 1250 5948 καὶὴ
1287 5876 1472 5948 μήτηρ
1502 5873 1596 5929 ἐπὶ
1633 5870 1714 5925 σοί
1739 5885 1754 5901 ⁸
1817 5869 1909 5924 καὶ

337 5975 572 6047 χαιρέτω
603 5977 634 6046 ἡ
665 5972 898 6031 τεκοῦσά
951 5990 1028 6028 σε.

1998 2087 2420 2155 nullos,inquit,
2455 2084 2594 2139 tales
2627 2082 2931 2137 exstiluros
2961 2077 3374 2132 existimabam.

2069 2179 2342 2235 Generum
2377 2185 2592 2243 nactus,
2624 2174 2792 2228 tilium
2843 2169 3050 2227 invenit
3093 2183 3106 2221 :
3157 2175 3213 2221 at
3245 2166 3340 2236 qui
3382 2164 3584 2219 malum

1999 2283 2196 2328 nactus
2226 2280 2331 2337 est,
2366 2267 2602 2339 perdidit
2631 2275 2687 2320 et
2715 2264 2904 2318 tiliam.

2073 2365 2336 2420 Philonis.
2371 2360 2697 2417 Parentibus
2727 2372 2826 2427 par
2853 2353 3027 2425 gratia
3062 2350 3215 2406 reddi
3243 2348 3392 2403 nullo
3423 2346 3586 2400 modo

2002 2465 2184 2527 potest
2220 2472 2236 2508 :
2271 2469 2398 2509 nam
2455 2449 2693 2506 vicissim
2743 2458 2839 2501 eos
2891 2455 3156 2515 generare
3199 2438 3425 2495 omnino
3475 2449 3583 2490 non

2000 2550 2150 2605 licet.

2395 2654 2630 2713 SERMO
2670 2652 2769 2707 xu
2809 2644 3192 2727 [61.CXXIXJ.

2007 2760 2080 2814 De
2108 2755 2388 2817 natricidis
2420 2761 2469 2808 et
2503 2749 2826 2869 matricidisl,
2855 2755 2906 2800 et
2932 2758 3049 2814 qua:
3074 2756 3161 2794 eos
3205 2745 3449 2792 secutura
3477 2732 3585 2787 sint

2707 2835 2793 2869 ma
2822 2835 2874 2869 a.

2707 2835 2874 2872 mata.

2077 2919 2252 2974 Exod.
2284 2932 2394 2972 xxi.
2443 2913 2547 2981 Qui
2607 2919 2818 2982 patrem
2866 2918 3027 2960 suum
3078 2901 3352 2966 verberat,
3413 2904 3588 2952 morte

2004 3013 2292 3065 multetur.

2074 3103 2245 3158 Leuit.
2275 3118 2365 3156 xx.
2401 3099 2505 3165 Qui
2535 3095 2677 3166 patri
2708 3102 2796 3149 aut
2833 3089 2995 3146 matri
3043 3083 3342 3148 maledicit,
3391 3079 3584 3134 mortis

2005 3198 2276 3270 supplicio
2303 3193 2589 3250 adiciatur.

2080 3268 2234 3344 Deut.
2287 3299 2457 3339 xxvu.
2508 3276 2890 3336 Exsecrandus
2941 3269 3195 3342 quisquis
3235 3274 3440 3337 patrem
3491 3268 3586 3314 aut

2007 3389 2232 3436 matrem
2261 3374 2560 3447 ignominia
2590 3370 2754 3425 allicit
2791 3385 2804 3421 :
2839 3372 3072 3422 cunctus
3100 3370 3279 3416 autem
3317 3356 3578 3428 p0pulus,

2005 3474 2149 3538 Fiat,
2193 3470 2422 3540 inquiet,
2455 3466 2565 3519 ﬁat.

2083 3564 2252 3618 Filius
2281 3559 2503 3615 rebellis
2533 3556 2730 3610 misere
2765 3549 2984 3621 peribit.

2082 3655 2238 3710 Prov.
2267 3670 2340 3709 vi.
2375 3651 2478 3718 Qui
2508 3659 2714 3720 patrem
2748 3657 2908 3700 suum
2937 3638 3251 3699 dedecorat,
3280 3641 3334 3688 et
3356 3636 3583 3685 matrem

2005 3765 2165 3808 suam
2196 3745 2430 3818 repellit,
2468 3741 2870 3815 ignominiosus
2899 3741 2954 3790 ct
2981 3731 3279 3804 probrosus
3318 3728 3444 3781 erit.

2077 3951 2282 4007 Lumen
2317 3946 2698 4016 cxstinguetur
2727 3941 2866 4012 ejus,
2895 3939 2986 4010 qui
3015 3939 3068 3994 in
3103 3937 3259 4008 153
3293 3944 3498 4006 patrem
3531 3942 3585 3989 et

2005 4051 2240 4098 matrem
2290 4039 2577 4094 maledicta
2623 4033 3004 4105 congesserit,
3045 4043 3098 4087 et
3139 4029 3425 4086 oculorum
3462 4028 3582 4098 ejus

2008 4133 2227 4208 pupillae
2259 4129 2513 4185 tenebras
2543 4126 2835 4196 aspicient.

2078 4226 2179 4293 Qui
2211 4232 2419 4295 patrem
2464 4229 2557 4273 aut
2588 4224 2821 4272 matrem
2852 4213 3052 4284 reiicit,
3091 4220 3148 4268 et
3187 4218 3343 4283 putat
3379 4224 3438 4265 se
3471 4225 3580 4263 non

2007 4333 2260 4392 peccare,
2288 4314 2335 4369 is
2363 4321 2447 4369 est
2479 4310 2582 4367 viri
2616 4309 2768 4379 impii
2809 4307 3017 4362 socius.

2079 4408 2222 4465 Filio
2268 4404 2549 4461 inerudito
2577 4411 2632 4458 et
2667 4417 2777 4456 non
2801 4398 3068 4468 castigato
3102 4404 3395 4468 pater‘non
3428 4393 3580 4449 laeta-

2009 4505 2197 4568 bitur;
2233 4510 2288 4555 at
2321 4498 2563 4571 prudens
2597 4494 2742 4548 ﬁlius
2783 4490 2971 4546 laetitia
3005 4487 3201 4541 adiciet
3234 4497 3488 4541 matrem.

2077 4593 2254 4650 Filius
2281 4587 2554 4660 insipiens
2595 4593 2788 4639 auctor
2829 4589 2914 4635 est
2954 4589 3012 4634 ut
3049 4590 3266 4650 semper
3307 4575 3582 4632 irascatur

1934 4685 1980 4742 D
2011 4696 2190 4760 pater,
2230 4692 2286 4738 et
2316 4679 2555 4753 genitrix
2587 4676 2782 4733 dolore
2813 4671 3103 4728 adiciatur.

2082 4774 2252 4829 Eccli.
2292 4787 2377 4826 ιιι.
2418 4768 2524 4835 Qui
2557 4775 2769 4838 patrem
2812 4777 2972 4820 suum
3013 4755 3243 4821 deserit,
3277 4755 3478 4812 similis
3499 4763 3584 4811 est

2007 4865 2213 4925 summi
2239 4863 2337 4919 Dei
2366 4857 2768 4922 conviciatori;
2813 4864 2869 4910 et
2919 4853 3012 4921 qui
3061 4855 3291 4904 matrem
3337 4847 3406 4904 ad
3448 4848 3584 4903 iram

2010 4965 2297 5031 provocat,
2332 4953 2561 5008 Domino
2595 4945 2968 5005 exsecrandus
3002 4951 3109 4998 est.

2084 5049 2354 5106 Philonis.
2399 5045 2458 5100 ln
2502 5042 2675 5114 patris
2711 5037 3014 5110 ignominia
3064 5049 3175 5091 non
3210 5043 3296 5090 est
3343 5033 3588 5103 glorian-

2010 5143 2141 5199 dum
2171 5159 2186 5196 :
2223 5154 2324 5196 sua
2353 5136 2498 5192 cnim
2522 5132 2722 5204 cuique
2745 5129 2922 5200 gloria
2945 5143 3012 5184 ex
3037 5128 3212 5197 patris
3243 5126 3457 5182 honore
3478 5131 3585 5180 est.

2086 5232 2270 5288 Liberi
2342 5234 2634 5298 parentum
2702 5221 2974 5277 rationem
3033 5234 3143 5274 non
3203 5216 3467 5271 habentes
3531 5213 3586 5265 in

2013 5335 2302 5391 utramque
2349 5329 2587 5390 partem,
2626 5324 2745 5371 tum
2795 5317 2905 5370 Deo
2951 5323 3066 5367 tum
3100 5306 3418 5364 hominibus
3458 5315 3588 5360 sinit

2011 5413 2212 5472 odiosi.

2372 5499 2603 5558 SERMO
2663 5499 2778 5554 xui
2836 5497 2935 5571 [αι.
2989 5490 3233 5565 CXXX].

2532 5594 2609 5649 De
2648 5594 2760 5661 ﬁlio
2793 5592 3046 5657 sapiente.

2092 5687 2257 5742 Prov.
2298 5701 2389 5742 xv.
2431 5685 2606 5740 Filius
2657 5682 2878 5753 sapiens
2914 5687 3126 5750 patrem
3179 5673 3344 5731 allicit
3373 5671 3586 5729 laetitia.

2019 5778 2192 5835 Filius
2224 5778 2466 5850 prudens
2497 5777 2660 5831 allicit
2716 5775 2899 5828 latitia
2941 5782 3194 5826 matrem.

2088 5870 2330 5925 Lictctur
2358 5866 2425 5924 de
2462 5878 2510 5923 te
2546 5876 2704 5938 pater
2737 5876 2788 5919 et
2827 5873 3022 5930 mater,
3058 5872 3113 5920 ct
3140 5877 3264 5935 qua:
3297 5871 3348 5918 te
3375 5857 3590 5934 peperi:

2019 5963 2271 6036 gaudeat.
