3928 6596
323 508 458 576 1051

400 617 513 672 Viri
545 614 871 686 sapientiam
901 614 1140 671 amantis
1168 611 1440 668 laetabitur
1465 621 1647 680 pater.

401 710 459 765 Si
511 709 736 779 sapiens
773 707 968 775 fueris,
1022 706 1119 773 lili,
1157 705 1254 760 tibi
1306 704 1410 774 ipsi
1450 707 1559 757 eris
1592 699 1814 772 sapiens
1858 708 1913 754 et

1548 498 1871 566 ANTONII
1907 499 2256 563 MELISS/E

1929 612 1977 671 Δ

3456 499 3581 565 i052

2089 608 2310 679 Ἀνδρὸς
2343 605 2627 679 φιλοῦντος
2661 608 2859 678 σοφίαν
2889 608 3246 681 εὐφραίνεται
3302 610 3331 663 ὁ
3381 614 3559 682 πατήρ

2088 700 2204 765 Υίὲ,
2236 699 2332 754 ἐὰν
2368 700 2531 766 σοφὸς
2583 700 2738 773 γένῃ,
2774 701 2986 773 σεαυτῷ
3019 702 3184 772 σοφὸς
3216 700 3316 775 ἔσῃ
3366 702 3462 756 καὶ
3510 705 3581 773 τῷ

331 803 502 856 aliis:
543 799 631 854 sin
684 810 866 855 autem
920 799 1096 853 malus
1142 808 1198 853 et
1255 795 1535 858 indoctus,
1586 792 1738 849 solus
1768 789 1914 846 feres

2078 794 2244 863 .ησίον
2268 809 2281 824 ·
2317 793 2414 847 ὲάν
2440 794 2495 846 δὲ
2526 794 2696 859 κακὸς
2736 795 2973 867 ἀποὸῇς,
3006 795 3172 867 μόνος
3204 795 3492 867 ἀντλήσεις
3519 798 3581 850 τά

333 898 495 952 Inala.
1322 932 1343 947 .

408 986 635 1055 Propter
665 985 834 1038 lilium
870 982 1169 1053 sapientem
1200 978 1420 1035 animus
1450 985 1709 1047 paternus
1770 972 1911 1029 laeti-

336 1075 408 1127 tia
465 1074 735 1128 allii-itur.

294 1164 321 1189 ’
404 1163 635 1220 Juvenis
667 1164 890 1233 probus,
925 1176 1136 1232 pauper
1160 1169 1213 1216 et
1242 1159 1487 1228 sapiens,
1517 1156 1799 1213 antecellit
1831 1169 1916 1211 re-

335 1276 454 1329 grm
487 1260 758 1313 seniorem
800 1267 855 1311 et
882 1257 1249 1326 insipientem.

411 1351 578 1406 Eccli.
630 1366 741 1405 xu.
796 1348 968 1405 Filius
1027 1364 1169 1404 unus
1225 1347 1433 1417 probus
1497 1354 1717 1419 praestat
1768 1345 1917 1403 mille

336 1462 544 1501 ItttDIIS.

419 1462 544 1515 pus.

408 1536 588 1592 Liberi
618 1537 672 1592 in
704 1536 812 1590 vita
844 1534 1076 1591 honeste
1114 1542 1404 1591 versantes
1431 1548 1661 1591 suorum
1687 1534 1906 1606 genito-

334 1642 455 1682 rum
491 1627 893 1696 ignobilitatem
936 1635 1140 1696 tegent.

412 1715 680 1789 Thcologi.
733 1716 889 1772 Unus
925 1726 1009 1771 est
1050 1718 1345 1771 liberorum
1392 1715 1675 1771 felicitatis
1721 1715 1910 1770 termi-

334 1827 457 1877 nus,
503 1826 696 1880 nempe
742 1812 935 1876 virtus,
976 1819 1030 1864 et
1058 1810 1101 1863 si
1147 1809 1203 1864 in
1248 1810 1418 1866 rebus
1471 1808 1761 1864 laudandis
1815 1822 1919 1879 pa-

334 1912 552 1955 rentum
587 1901 1005 1956 similitudinem
1044 1899 1337 1967 referant.,

407 1993 741 2049 Liberorum
778 1995 957 2050 virtus
987 1993 1126 2063 patri
1170 1992 1358 2063 gloria:
1390 1999 1494 2051 est.

409 2086 670 2141 Philonis.
725 2085 874 2141 Satis
906 2086 1043 2141 bene
1089 2084 1305 2140 fecundi
1358 2094 1508 2150 sunt,
1535 2084 1628 2153 qui
1657 2083 1922 2139 bonitatis

340 2186 395 2233 et
427 2178 723 2249 probitatis
759 2185 890 2233 sunt
921 2177 1106 2247 periti.

722 2267 954 2324 SERMO
987 2267 1106 2323 xxv
1143 2268 1242 2342 [αι.
1277 2265 1544 2340 cxxxu.

500 2363 581 2418 De
611 2362 724 2433 ﬁlio
765 2363 1063 2433 insipiente,
1102 2364 1340 2431 improbo
1373 2371 1423 2416 et
1462 2361 1746 2417 inerudito.

415 2455 579 2510 I’rov.
621 2456 759 2510 Filio
792 2455 1068 2511 inerudito
1105 2440 1212 2510 non
1244 2454 1516 2511 laetabitur
1548 2463 1724 2523 pater.

406 2547 579 2604 Filius
618 2550 891 2618 insipiens
926 2558 1129 2619 patrem
1167 2549 1383 2602 deridet
1404 2562 1588 2601 suum.

408 2642 682 2710 l-usipiens
734 2642 878 2696 illius
924 2652 1133 2711 patrem
1166 2641 1235 2696 ad
1281 2642 1420 2694 iram
1468 2645 1820 2704 commovet,
1868 2648 1921 2693 et

334 2733 656 2805 genitricem
690 2734 879 2788 dolore
918 2733 1109 2787 afﬁcit.

409 2823 532 2877 Mali
561 2823 717 2877 liberi
760 2834 967 2893 patrem
991 2831 1373 2889 exsecrantur,
1405 2831 1460 2877 et
1495 2821 1655 2875 matri
1689 2836 1798 2876 non
1826 2822 1921 2875 be-

338 2915 629 2971 nedicunt.

412 3008 539 3073 Mali
568 3006 722 3061 liberi
758 3006 918 3063 elatis
950 3018 1082 3061 sunt
1124 3007 1322 3072 oculis,
1357 3020 1411 3059 et
1450 3006 1735 3076 palpebras
1770 3022 1920 3063 scm-

339 3117 437 3172 per
462 3102 742 3157 motitant.

412 3190 585 3248 Eccli.
617 3209 753 3246 xm.
789 3193 1051 3247 Dedecori
1088 3203 1171 3248 est
1206 3194 1347 3264 patri
1379 3194 1562 3263 proles
1616 3192 1919 3276 inerudite.

410 3283 747 3341 Vitiosoruin
804 3288 1104 3341 liberarunt
1159 3286 1450 3342 ltaereditas
1487 3285 1649 3358 155
1695 3286 1916 3356 peribit,

340 3386 395 3431 et
425 3376 479 3431 in
513 3381 835 3447 posteritate
866 3394 1058 3434 eorum
1088 3380 1509 3433 continuabitur
1546 3380 1828 3447 probrum.

414 3468 733 3525 Liberorum
771 3470 1179 3525 multitudinem
1217 3471 1493 3525 inutilium
1546 3486 1615 3525 ne
1653 3473 1919 3539 concupi-

343 3576 490 3625 scas.
554 3578 655 3616 nec
713 3563 901 3636 liberis
951 3562 1137 3633 impiis
1165 3561 1461 3615 laetandum
1496 3560 1593 3616 tibi
1618 3569 1726 3616 est.
1775 3562 1922 3615 Prae-

342 3665 450 3709 stat
482 3656 604 3709 sine
636 3655 827 3709 liberis
862 3670 892 3708 a
922 3658 1036 3709 vita
1070 3653 1364 3721 decedere,
1390 3667 1557 3725 quam
1591 3652 1788 3710 impios
1824 3656 1918 3708 lia-

343 3747 473 3802 bere
503 3747 724 3802 liberos.

415 3837 595 3892 Liberi
627 3839 940 3909 insipientia
973 3847 1027 3893 et
1063 3838 1334 3907 imperitia
1375 3837 1678 3907 gloriantes
1715 3850 1920 3907 cogna-

344 3930 517 3987 tionis
551 3946 663 3986 sua:
689 3931 1073 3986 contaminant
1100 3930 1465 3985 nobilitatem.

730 4018 963 4077 SERMO
994 4021 1084 4076 XV
1121 4021 1218 4094 [(ιΙ.
1257 4020 1544 4093 CXXXII].

705 4117 784 4170 De
820 4118 937 4187 ﬁlia
978 4117 1195 4170 honesta
1225 4125 1273 4170 et
1314 4118 1570 4170 modesta.

421 4205 588 4265 Leuit.
629 4224 742 4264 ιιι.
795 4208 987 4264 Filiam
1013 4218 1164 4263 tuam
1197 4223 1267 4263 ne
1297 4208 1606 4278 profanato,
1634 4222 1735 4264 nec
1763 4222 1922 4279 scor-

347 4300 455 4354 tari
485 4300 673 4364 sinito,
710 4316 808 4356 nec
840 4301 1064 4371 patieris
1090 4315 1215 4356 esse
1249 4302 1639 4356 scortationem
1667 4302 1723 4355 in
1752 4310 1921 4368 terra,

349 4407 418 4447 ne
444 4393 787 4463 compleatur
818 4395 1135 4464 iniquitate.

425 4485 593 4539 Ecclt’.
633 4502 781 4541 xxv-1.
820 4486 877 4540 Si
923 4486 1018 4540 tibi
1054 4493 1186 4539 sunt
1218 4483 1364 4550 filim,
1398 4499 1629 4554 corpora
1676 4483 1922 4555 ipsarum

350 4585 598 4641 servato,
630 4593 730 4631 nec
761 4579 993 4631 hilarem
1034 4577 1244 4629 vultum
1280 4585 1437 4629 tuum
1486 4575 1597 4628 illis
1628 4577 1917 4632 ostendito.

2014 887 2183 940 κακά.

2101 979 2225 1035 Ἐπὶ
2259 980 2360 1051 υἰῷ
2391 979 2539 1050 σοφῷ
2567 981 2923 1054 εὐφραίνεται
2952 982 3099 1054 ψυχὴ
3149 982 3385 1055 πατρός.

2093 1163 2320 1231 Ἀγαθδς
2352 1165 2502 1230 παῖς,
2556 1163 2727 1234 πένης
2786 1164 2883 1218 καὶ
2941 1163 3125 1234 σοφὸς,
3180 1162 3320 1235 ὑπὲρ
3372 1161 3586 1233 βασιλέα

2017 1272 2121 1326 πρε
2133 1254 2389 1327 σσύτερον
2419 1260 2514 1311 καὶ⁵
2543 1258 2774 1327 ἄφρονα.

2096 1348 2363 1418 Κρεῖσσον
2392 1345 2472 1414 είς
2501 1351 2613 1415 υίὸς
2638 1352 2844 1415 δίκαιος
2866 1352 2901 1421 ἢ
2927 1352 3126 1423 χίλιϐοι
3147 1354 3254 1409 υἱοὶ
3283 1351 3520 1414 ἀσεϐεῖς.

2090 1529 2268 1583 Τέκνα
2292 1528 2348 1581 ἐν
2378 1531 2561 1602 ἀγαθῇ
2604 1529 2717 1601 ζωῇ
2748 1531 2848 1602 τὴν
2877 1532 3225 1604 ἀναστροφὴν
3255 1532 3448 1604 ἔχοντα
3485 1534 3589 1589 τῶν

2023 1621 2168 1675 ίδίων
2196 1626 2546 1695 γεννητόρων
2576 1626 2846 1695 κρύῲουσι
2900 1626 3246 1697 δυσγένειαν.

2094 1705 2190 1775 Εἷς
2223 1713 2508 1779 εὐτεκνίας
2540 1714 2685 1786 ὅρος,
2722 1715 2916 1789 ἀρετὴ,
2953 1718 3046 1773 καὶ
3074 1721 3108 1790 ἠ
3143 1720 3284 1789 πρὸς
3309 1719 3374 1775 τὸ
3422 1722 3592 1793 κρεῖτη

2021 1819 2115 1856 τον
2149 1804 2432 1875 ὁμοίωσις.

1944 1978 1991 2035 Β
2091 1989 2311 2042 Τέχνων
2339 1988 2507 2062 ἀρετὴ
2533 1989 2662 2057 δόξα
2694 1991 2970 2063 πατέρων.

2092 2080 2364 2146 Εὐπαιδες
2392 2083 2442 2135 σί
2471 2082 2580 2138 τῶν
2618 2084 2804 2138 καλῶν
2836 2088 2931 2139 καὶ
2956 2084 3181 2156 ἀγαθῶν
3207 2085 3594 2160 ιπιστήμονας.

2620 2259 2857 2322 [ΛΟΓΟΣ
2887 2259 2987 2314 IA'.

2024 2354 2162 2424 Περὶ
2192 2355 2325 2410 υἱοῦ
2346 2354 2630 2425 ἄφρονος.
2652 2355 2751 2409 καί
2774 2356 3067 2424 πονηροῦ,
3093 2357 3192 2411 καί
3218 2356 3598 2415 ἀπαιδεύτου.

2099 2450 2213 2503 Οὐκ
2240 2448 2589 2519 εὐφραίνεται
2620 2450 2806 2517 πατὴρ
2831 2450 2922 2503 ἐπὶ
2947 2450 3050 2520 υἱῷ
3087 2452 3425 2522 ἀπαιδεύτῳ.

2100 2543 2227 2604 Υἱὸς
2244 2543 2434 2611 ἀφρων
2463 2542 2789 2612 μυκτηρίζει
2818 2547 3031 2615 πατέρα
3059 2545 3251 2600 αὐτοῦ.

2108 2634 2277 2705 Ὀργὴ
2306 2636 2474 2707 πατρὶ
2509 2636 2624 2701 υίδς
2653 2637 2864 2707 ἀφρων,
2899 2638 2996 2692 καὶ
3021 2637 3180 2711 ὀδύνη
3238 2642 3305 2712 τῇ
3372 2640 3600 2714 τεκούσῃ

2023 2728 2208 2782 αὐτόν.

2091 2820 2355 2887 Ἕγγονον
2388 2820 2558 2874 κακὸν
2590 2823 2802 2893 πατέρα
2837 2825 3146 2896 καταρᾶται
3198 2824 3298 2894 τὴν
3328 2825 3387 2879 δὲ
3442 2826 3603 2897 μητέ-

2027 2932 2099 2985 ρα
2126 2916 2225 2967 οὐκ
2252 2915 2487 2983 εὐλογεῖ.
3046 2974 3051 2979 ο

2102 3007 2366 3074 Ἕγγονον
2395 3006 2563 3061 κακὸν
2592 3008 2831 3080 ὑψηλοὺς
2859 3008 3175 3081 ὀφθαλμοὺς
3228 3010 3368 3083 ἔχει,
3392 3012 3504 3074 τοῖς
3548 3010 3603 3064 ει

2027 3099 2319 3170 βλεφάροις
2349 3100 2517 3155 αὐτοῦ
2546 3102 2865 3173 σπαίρεται.

2098 3195 2343 3265 Δίσχύνη
2373 3197 2583 3266 πατρὸς
2612 3199 2668 3251 ὲν
2695 3198 2999 3269 γεννήματι
3025 3198 3365 3271 ἀπαιδευτφ.

2109 3288 2331 3343 Τέκνων
2373 3288 2718 3361 ἁμαρτωλῶν
2782 3291 3066 3346 ἀπολεῖται
3120 3293 3477 3362 κληρονομία,
3518 3291 3601 3345 καὶ

2032 3382 2173 3453 μετά
2193 3382 2287 3435 τοῦ
2318 3383 2635 3451 σπέρματος
2668 3383 2850 3437 αὐτῶν
2880 3383 3173 3455 ὲνδελεχιεῖ
3203 3384 3429 3448 ὄνειδος.

2107 3476 2199 3546 Μὴ
2228 3473 2580 3546 ἐπιθυμήσῃς
2604 3474 2810 3544 πλῆθος
2867 3475 3076 3528 τέκνων
3109 3475 3401 3544 ἀχρήστων
3427 3492 3442 3508 ·
3472 3474 3593 3545 μηδὲ

2029 3567 2326 3637 εὐφραίνου
2370 3567 2464 3619 ἐπὶ
2519 3567 2656 3629 υἱοῖς
2694 3566 2939 3623 ἀσεϐέσι,
2997 3567 3266 3635 Κρεῖσσον
3317 3566 3593 3620 ἀποθανεῖν

2028 3661 2274 3721 ἄτεκνον,
2299 3659 2333 3730 ἢ
2377 3660 2523 3729 ἔχειν
2549 3662 2718 3714 τέκνα
2749 3661 2940 3732 ἀσεϐῆ.

2100 3839 2279 3892 Τέκνα
2303 3839 2359 3891 ὲν
2382 3841 2784 3910 καταφρονήσει
2808 3839 2905 3893 καὶ
2941 3840 3269 3913 ἀπαιδευσίᾳ
3293 3840 3591 3914 γαυριὼμσο

2030 3949 2099 3985 να
2122 3930 2444 4000 συγγενείας
2479 3931 2688 3984 ἑαυτῶν
2722 3931 2945 4000 μολύνει
2979 3933 3296 4003 εὐγένειαν.»

2663 4022 2883 4078 ΛΟΓΟΣ
2916 4023 3017 4080 lE'.

2243 4118 2385 4185 Περὶ
2416 4119 2708 4189 θυγατρός
2730 4117 2962 4186 σεμνῆς
2991 4118 3087 4172 καὶ
3118 4120 3400 4189 κοσμίας.

2103 4210 2179 4262 Οὐ
2227 4209 2557 4279 βιῦηλώσεις
2611 4207 2706 4277 τὴν
2757 4206 3035 4279 θυγατέρα
3091 4225 3186 4263 σου
3247 4212 3594 4281 ὲκπορνεῦσιι

2031 4300 2223 4368 αὐτὴν,
2257 4298 2352 4352 καὶ
2376 4299 2475 4352 οὐκ
2505 4297 2868 4368 ἐκπορνεύσει
2902 4298 2935 4369 ἠ
2970 4298 3066 4368 γῆ,
3105 4300 3199 4353 καὶ
3234 4301 3597 4373 πλησθήσεται

2030 4391 2280 4461 ἀνομίας.

2103 4483 2414 4551 Θυγατέρες
2454 4480 2539 4535 σοί
2570 4482 2699 4547 εἰσι,
2737 4484 2972 4553 πρόσεχε
3026 4484 3105 4553 τῷ
3147 4482 3363 4554 σώματι.
3409 4485 3594 4548 αὐτῶν,

2031 4577 2127 4631 καὶ
2166 4576 2240 4644 μὴ
2292 4574 2571 4647 ίλαρώσῃς
2625 4576 2761 4646 πρὸς
2816 4576 2986 4638 αὐτὰς
3034 4576 3096 4629 τὸ
3145 4577 3450 4646 πρόσωπω
3486 4594 3593 4631 σου.

352 4669 515 4723 Elaea
544 4669 730 4732 tiliam,
752 4677 805 4720 et
839 4682 951 4720 rem
985 4682 1235 4734 magnam
1263 4664 1597 4736 perfeceris;
1623 4675 1787 4736 atque
1808 4670 1917 4723 viro

2078 4667 2233 4720 Εκδου
2262 4666 2565 4738 θυγατέρα,
2617 4666 2710 4719 καὶ
2744 4664 2840 4737 ἔσῃ
2892 4667 3191 4730 τετελεκὼς
3233 4668 3399 4740 ἔργον
3444 4672 3597 4737 μέγα,

351 4761 535 4836 βίηςοοὶ
569 4760 623 4812 in
657 4758 1066 4811 matrimonium
1102 4758 1254 4811 dato.

423 4851 566 4904 Ibid.
606 4866 738 4903 mi.
775 4848 908 4902 Filia
947 4851 1119 4919 patris
1154 4848 1362 4903 occulta
1390 4856 1475 4903 est
1501 4848 1706 4920 vigilia,
1738 4858 1792 4905 et
1819 4849 1931 4905 sol-

352 4946 581 5000 1ἰ‹·ῑιιι‹Ιο
610 4949 677 4997 de
705 4945 822 5013 ipsa
857 4944 1021 5012 eripit
1064 4958 1316 4997 somnum
1346 4942 1507 5013 patri,
1557 4958 1622 4997 ac
1654 4944 1708 4996 in
1734 4943 1931 5012 juven-

354 5049 472 5091 tute
505 5037 752 5104 quidem,
784 5051 849 5088 ue
881 5035 1207 5090 deﬂoreseat
1238 5035 1441 5101 forma,
1493 5044 1547 5091 et
1585 5050 1708 5089 cum
1759 5042 1930 5104 nupta

2032 4761 2128 4813 καὶ
2156 4760 2313 4827 ἀνδρὶ
2343 4758 2549 4827 συνετῷ
2581 4757 2827 4827 δώρησαι
2851 4758 3043 4829 αὐτήν.

2106 4850 2366 4927 Θυγάτηρ
2401 4851 2567 4920 πατρὶ
2621 4850 2944 4918 ἀπόκρυφος
2980 4851 3278 4919 ἀγρυπνία.
3307 4851 3465 4920 καὶὴ
3514 4852 3601 4922 μέ-

2035 4959 2207 5012 ρτμνα
2253 4942 2420 5010 αὐτῆς
2471 4943 2681 5013 ἀφιστᾷ
2744 4940 2912 4995 ὕπνον
2943 4958 2957 4973 ·
2994 4944 3052 4995 ἐν
3086 4942 3325 5014 νεότητι,
3361 4946 3436 5017 μή
3482 4961 3600 4997 ποτε

2034 5030 2377 5102 παρακμάσῃ
2405 5046 2420 5061 ο
2448 5032 2547 5083 καὶ
2583 5033 2982 5100 παρφκηιιυῖα,
3038 5033 3112 5102 μή
3179 5049 3313 5085 ποτε
3361 5035 3558 5105 μισηθῇ
3583 5049 3598 5062 '

356 5137 463 5190 est,
499 5145 567 5180 ne
618 5126 717 5181 flat
748 5128 974 5193 odiosa;
1017 5129 1068 5181 in
1100 5129 1437 5199 virginitate,
1468 5146 1539 5183 ne
1592 5128 1840 5192 vitietur,
1876 5136 1917 5181 el

2078 5142 2090 5173 ρ
2117 5124 2408 5192 παρθενίᾳ,
2434 5125 2509 5193 μή
2539 5140 2669 5177 ποτε
2704 5123 3009 5194 βεδηλωθῇ,
3047 5125 3143 5178 καὶ
3172 5126 3233 5180 ἒν
3267 5129 3383 5189 τοῖς
3414 5143 3595 5192 πατριο

359 5221 416 5283 in
445 5220 657 5275 aedibus
689 5220 933 5288 paternis
977 5235 1263 5291 pra‘gnans
1299 5214 1425 5287 liat;
1462 5228 1516 5276 et
1547 5222 1757 5276 elocata
1790 5222 1927 5285 viro,

360 5330 431 5371 ne
461 5313 607 5382 leges
638 5313 974 5367 matrimonii
1013 5314 1206 5367 violet.

432 5404 577 5459 Ibid.
614 5421 746 5459 un.
802 5402 1056 5459 Prudens
1115 5404 1226 5457 lilia
1281 5404 1399 5459 viro
1429 5414 1513 5461 est
1551 5406 1671 5461 vice
1704 5402 1930 5458 haeredi-

359 5499 512 5552 tatis.

428 5590 618 5646 Puella
654 5591 852 5659 pudica
890 5592 1053 5645 etiam
1100 5591 1274 5645 virum
1315 5587 1677 5643 reverebitur.

428 5684 456 5746 Ι
513 5682 652 5739 Tim.
689 5701 742 5740 ν.
794 5685 924 5739 Volo
959 5686 1127 5755 igitur
1166 5684 1418 5752 iuniores
1461 5680 1694 5745 nubere,
1730 5678 1929 5734 liberos

2032 5214 2149 5276 κοῖς
2179 5212 2352 5282 αὐτῆς
2374 5212 2570 5280 ἔγκυος
2602 5215 2825 5283 γένηται
2851 5228 2868 5246 ⁸
2905 5214 3001 5267 καὶ
3032 5217 3170 5284 μετὰ
3201 5216 3399 5287 ἀνδρὸς
3452 5216 3596 5278 οὐσα,

2038 5305 2112 5375 μή
2144 5320 2275 5357 ποτε
2307 5306 2554 5375 παραόῇ.

2106 5395 2364 5465 Θυγάτηρ
2389 5395 2632 5466 φρονίμη
2655 5393 3060 5466 κληρονομήσει
3083 5396 3254 5468 ἄνδρα
3279 5399 3467 5469 αὐτῆς.

2097 5578 2355 5648 Θυγάτηρ
2379 5578 2673 5647 εὐσχήμων
2696 5575 2789 5628 καὶ
2834 5574 2927 5627 τὸν
2957 5575 3132 5646 ἄνδρα
3185 5576 3594 5646 ἐντραπήσεται,

2100 5670 2375 5741 Βούλομαι
2394 5670 2502 5741 ⁸οὐν
2533 5668 2805 5737 νεωτέρας
2850 5669 3073 5736 γαμεῖν,
3131 5668 3487 5730 τεκνοποιεῖν,
3528 5664 3597 5715 οῖ-

356 5790 669 5846 procreare,
726 5790 844 5830 rem
909 5775 1234 5830 familiarem
1282 5774 1686 5837 administrare,
1722 5772 1917 5826 nullam

2078 5766 2400 5827 aSsanoraiv,
2432 5761 2704 5833 μηδεμίαν
2729 5760 2988 5831 ἀφορμὴν
3016 5761 3219 5814 διδόναι
3269 5760 3348 5830 τῷ
3373 5762 3595 5814 ἀντικαθ-

360 5866 681 5922 adversario
716 5866 1065 5921 conviciandi
1094 5865 1441 5921 occasionem
1479 5860 1749 5933 prmbere.

422 5957 668 6032 Epicteti.
706 5952 838 6013 Filia
874 5959 1012 6030 patri
1048 5959 1221 6015 aliena
1256 5956 1527 6029 possrssio
1573 5961 1681 6010 est.

2034 5856 2182 5929 μένῳ
2210 5854 2472 5924 λοιδορίας
2504 5852 2685 5923 χάριν.

2115 5948 2379 6019 Θυγάτηρ
2408 5947 2688 6018 ἀλλότριον
2724 5946 2912 6017 κτῆμα
2938 5944 3177 6016 ὑπάρχει
3203 5942 3279 6014 τῷ
3311 5941 3497 6015 πατρί.
