3890 6552
226 491 355 555 1053

1071 496 1243 557 LOCI
1277 494 1716 555 COMMUNES-
1757 517 1826 531 -·
1860 491 2075 556 PARS.
2116 493 2201 555 II.
2246 494 2502 554 SERMO
2540 494 2726 555 XVII.

3336 495 3474 559 1054

285 604 550 675 Γαμϐροῦ
576 607 607 662 ὁ
632 607 733 679 μιν
760 609 1037 681 ὲπιτυχὼν
1061 602 1221 682 εὗρεν
1247 610 1385 677 υἱὸν,
1415 611 1443 664 ὁ
1467 610 1526 664 δὲ
1577 610 1792 667 ἀποτυ-

1967 602 2199 661 Solonis.
2228 606 2503 663 Generum
2546 617 2763 674 nactus,
2793 606 2962 661 tilium
2995 603 3202 661 invenit
3231 623 3246 661 :
3273 615 3471 662 nactus

224 694 328 766 χὼν
354 699 611 754 ἀπώλεσε
634 702 730 755 καὶ
753 701 1050 773 Θυγατέρα.

816 794 1039 853 ituros
1093 794 1212 862 ις’.

383 884 527 950 Περί
555 887 849 955 θυγατρὸς
888 888 1161 956 ἀσέμνου
1192 888 1293 944 καί
1335 888 1630 957 ἀκόσμου.

303 971 435 1025 Ἐπὶ
487 972 718 1044 θυγατρὶ
764 973 1113 1045 ἁδιατρέπτῳ
1168 976 1471 1046 στερέωτον
1524 974 1793 1045 φυλακὴν,

224 1063 438 1131 μήποτε
473 1066 683 1137 ποιήσῃ
718 1083 777 1118 σε
808 1067 1095 1137 ὲπίχαρμα
1124 1066 1357 1137 ἐχθρῶν.

290 1154 553 1227 Θυγάτηρ
592 1158 686 1212 ἐπὶ
715 1158 1013 1213 ἐλαττώσει
1042 1159 1276 1227 γίνεται.

292 1337 519 1407 Πατέρα
566 1340 659 1394 καὶ
713 1340 882 1412 ἄνδρα
927 1341 1281 1411 καταισχύνει
1337 1342 1370 1411 ή
1420 1339 1650 1411 Θρασεϊα
1701 1340 1800 1395 καὶ

219 1426 329 1481 ὑπὸ
353 1430 686 1501 ἀμφοτέρων
711 1432 1165 1505 ἁτιμασθήσεται.

292 1521 560 1594 Θυγάτηρ
589 1525 861 1596 ἀσχήμων
892 1526 1123 1595 ἀτιμίαν
1142 1523 1513 1596 κατατρίψει.

827 1640 1048 1693 ΛΟΓΟΣ
1088 1639 1186 1694 IZ'.

217 1730 364 1800 Περί
396 1731 696 1801 γερόντων
738 1732 808 1786 ἐν
854 1732 1037 1857 ἀρεέζῖ
1081 1733 1181 1787 καί
1233 1731 1487 1788 συνέσει
1535 1747 1799 1802 κοσμουι

778 1845 782 1849 .
912 1823 950 1857 ιι
986 1821 1129 1857 νων.

778 1845 782 1849 .
907 1821 1129 1872 μενων.

300 1895 442 1950 Ἀπὸ
488 1894 785 1966 προσώπου
839 1895 1027 1949 πολιοῦ
1075 1895 1447 1968 ἐξαναστήσῃ,
1503 1895 1599 1949 καὶ
1631 1898 1798 1967 τιμή·

216 2002 340 2050 σεις
369 1986 664 2058 πρόσωπον
701 1988 1099 2059 πρεσϐυτέρου.

297 2076 687 2149 Ἐπερώτήσον
721 2079 815 2133 τδν
836 2081 1052 2150 πατέρα
1086 2097 1205 2147 σου,
1235 2080 1329 2135 καὶ
1358 2080 1654 2150 ἀναγγελεῖ
1684 2097 1792 2147 σοι,

213 2169 350 2232 τοὺς
380 2171 792 2243 πρεσϐυτέρους
821 2189 937 2237 σου,
969 2175 1064 2227 κα)⁸
1092 2173 1279 2247 ἐροῦσι
1307 2190 1412 2228 σοι.

304 2261 612 2334 Ἐλάλησαν
651 2267 700 2317 oi
751 2265 1115 2334 πρεσϐύτεροι
1165 2267 1302 2334 πρὸς
1377 2266 1654 2336 Ῥοϐοὰμ,
1712 2266 1797 2320 λέ-

212 2356 412 2423 γοντές
459 2357 547 2410 oi'
582 2357 672 2411 Ἐν
719 2362 783 2427 τῇ
841 2359 1027 2429 ἡμέρᾳ
1092 2358 1264 2432 ταύτῃ
1331 2359 1429 2431 ἔσῃ
1478 2358 1666 2422 δοῦλος
1717 2358 1796 2429 τῷ

211 2448 339 2520 λαῷ
385 2449 584 2518 τούτῳ,
639 2452 736 2505 καὶ
776 2451 1084 2516 δουλεύσεις
1128 2453 1340 2516 αὐτοῖς,
1392 2453 1487 2505 καὶ
1538 2452 1798 2522 λαλήσεις

214 2541 364 2612 πρὸς
396 2543 596 2607 αὐτοὺς
624 2523 818 2613 λόγους
856 2544 1101 2612 ἀγαθούς
1123 2562 1140 2578 ο
1179 2546 1274 2598 καὶ
1302 2546 1518 2599 ἔσονταί
1569 2562 1650 2598 σοι
1680 2544 1798 2598 δοῦ-

213 2633 302 2687 λοι
353 2634 539 2698 πάσας
569 2636 668 2698 τὰς
733 2636 967 2707 ἡμέρας.
1002 2639 1111 2693 Καὶ
1173 2637 1504 2707 ἐγκατέλιπε
1563 2636 1798 2708 Ῥοϐοὰμ

209 2726 315 2797 τὴν
348 2726 547 2797 βουλὴν
578 2727 688 2782 τῶν
718 2730 1127 2802 πρεσϐυτέρων.

303 2820 584 2891 ’Δσφαλὴς
640 2822 751 2876 τῶν
814 2825 1207 2895 πρεσϐυτέρων
1268 2828 1301 2896 ή
1380 2826 1694 2895 εἰσήγησις,
1729 2828 1795 2896 τῇ

217 2909 403 2982 πολλῇ
433 2912 527 2966 τοῦ
561 2914 679 2983 βίου
711 2915 809 2968 καὶ
842 2915 951 2969 τῶν
981 2917 1331 2987 πραγμάτων
1372 2918 1537 2987 πείρα
1575 2916 1799 2988 βοηθου-

217 3003 389 3073 μένῃ.

300 3096 396 3150 Ἐν
430 3096 613 3167 πολλῷ
649 3096 826 3168 χρόνῳ
863 3098 1046 3168 σοφία,
1090 3099 1149 3152 ἐν
1185 3099 1240 3153 δὲ
1291 3100 1488 3171 μακρῷ
1522 3099 1623 3171 βίῳ
1668 3101 1791 3153 ἐπιο

213 3189 319 3259 στή
332 3205 433 3259 μη·

293 3280 578 3349 Στέφανος
613 3278 939 3350 καυχήσεως
986 3279 1188 3351 γῆρας,
1229 3282 1292 3334 ἐν
1338 3280 1395 3334 δὲ
1426 3281 1565 3335 ὁδοῖο
1599 3282 1803 3336 δικαιο-
1834 3321 1880 3383 c

214 3372 394 3442 σύνής
423 3371 764 3442 εὑρίσκεται.

292 3462 439 3530 Δόξα
467 3462 856 3535 πρεσϐυτέρων
892 3461 1097 3519 πολιαί.

298 3557 579 3624 Στέφανος
610 3558 885 3628 γερόντων
918 3555 1084 3609 τέκνα
1112 3554 1344 3612 τέκνων.

292 3647 474 3701 Πολιά
520 3650 637 3701 ἔστι
677 3648 940 3717 φρόνησις
984 3647 1320 3717 ἀνθρώποις,
1350 3648 1442 3702 καὶ
1476 3648 1666 3719 ἡλικία
1697 3664 1802 3721 γή-

223 3756 341 3812 ρως
374 3738 486 3809 βίος
517 3739 877 3808 ἀκήλίδωτος.

300 3830 493 3902 Γῆρας
520 3829 750 3883 λεόντων
781 3830 1035 3900 κρεῖσσον
1063 3828 1321 3900 ἀκμαίων
1356 3829 1591 3902 νεϐρῶν,

309 4019 407 4072 Ἐν
443 4016 636 4087 πλήθει
663 4015 1055 4089 πρεσϐυτέρων
1090 4015 1248 4083 στῆθι
1266 4032 1284 4050 υ
1314 4015 1409 4069 καὶ
1436 4014 1489 4068 εί
1509 4031 1594 4078 τις
1615 4013 1800 4081 σοφὸς,

221 4109 673 4183 προσκολλήθήτι
707 4108 879 4179 αὐτῷ.

303 4200 403 4270 Μή
429 4199 648 4269 ἀστόχει
686 4197 1028 4269 διηγήματος
1054 4195 1327 4264 γερόντιον
1352 4208 1368 4224 ⁸
1387 4193 1483 4246 καὶ
1508 4189 1622 4261 γὰρ
1647 4188 1803 4244 αὐτοὶ

221 4292 436 4362 ἔμαθον
466 4292 618 4360 παρὰ
649 4288 760 4343 τῶν
789 4290 1047 4360 πατέρων
1073 4286 1274 4341 αὐτῶν.
1419 4290 1423 4295 ’

293 4382 393 4452 Μὴ
439 4382 715 4453 ἀτιμάσῃς
756 4379 928 4449 ἄνδρα
954 4379 1012 4433 ἐν
1040 4377 1189 4448 γήρᾳ
1228 4373 1420 4440 αὑτοῦ,
1449 4375 1542 4428 καὶ
1572 4374 1682 4445 γὰρ
1709 4374 1804 4428 καὶ

220 4475 286 4543 ἐξ
311 4478 347 4547 ή
355 4474 475 4544 μῶν
508 4472 907 4544 γηράσκουσιν.
1397 4550 1401 4555 γ

300 4565 582 4635 Στέφανος
608 4564 882 4634 γερόντων
913 4560 1263 4629 πολυπειρία,
1312 4557 1497 4614 καὶτὸ
1538 4557 1804 4627 καύχημα

224 4658 416 4713 αὐτῶν
446 4656 605 4726 φόϐος
636 4655 869 4726 Κυρίου.

312 4751 407 4811 Ὠς
461 4749 660 4818 ὡραῖον
719 4747 933 4809 πολιαῖς
989 4743 1196 4817 κρίσις,
1256 4744 1353 4797 καὶ
1409 4740 1803 4812 πρεσϐυτέροις

223 4841 532 4910 ἐπιγνῶναι
568 4839 804 4911 βουλήνί
844 4838 934 4900 Ὧς
969 4836 1145 4907 ὡραία
1192 4835 1463 4904 γερόντων
1498 4832 1657 4887 σοφία
1709 4831 1802 4884 καὶ

221 4934 641 5003 δεδοξασμένοις
669 4931 1009 5003 διανοήματα
1038 4929 1230 5001 βουλῆς
1260 4929 1275 4982 l
1430 4952 1433 4955 ·

300 5137 438 5190 Ὅτε
481 5131 549 5208 ἦς
596 5135 883 5203 νεώτερος,
931 5130 1198 5196 ἐζώννυες
1243 5126 1471 5181 σεαυτόν
1503 5137 1517 5153 ·
1572 5124 1703 5178 ὅταν
1752 5123 1810 5177 δὲ

222 5229 523 5300 γηράσῃς,
572 5225 812 5289 ἐκτενεῖς
858 5222 957 5287 τὰς
1007 5223 1199 5294 χεῖράς
1250 5237 1369 5285 σου,
1424 5218 1519 5271 καὶ
1552 5216 1707 5279 ἄλλος
1746 5229 1806 5267 σε

225 5320 425 5385 ζώσει.

306 5416 423 5467 Πᾶν
448 5424 511 5462 το
542 5409 860 5481 ἀρχαιότητι
891 5407 1149 5480 διαφέρον
1177 5405 1484 5476 αἰδέσιμον.

308 5593 481 5648 Πλέον
527 5590 603 5663 τῷ
666 5591 783 5645 δντι
832 5593 931 5663 τῆς
990 5592 1082 5645 ἐπὶ
1135 5590 1282 5661 θριξὶ
1339 5590 1669 5660 λευκότητος
1727 5589 1806 5652 είς

225 5684 639 5755 πρεσϐυτέρους
702 5682 877 5738 ἅπασι
935 5682 995 5737 τὸ
1053 5684 1109 5737 ὲν
1168 5679 1435 5752 φρονήσει
1496 5678 1808 5751 πρεσϐυτε-

271 5778 409 5833 ικόν.

271 5798 409 5833 ικον.

226 5798 263 5849 ρ
303 5869 568 5941 Διαφέρει
608 5870 705 5923 τοῦ
753 5870 952 5942 νηπίου
994 5868 1110 5924 καθ’
1147 5867 1367 5923 ἡλικίαν
1416 5867 1570 5921 οὐδὲν
1614 5869 1643 5921 ὁ
1692 5866 1811 5929 ταῖς

227 5963 399 6035 φρεσὶ
424 5963 730 6045 tumis!-

1899 706 2079 754 autem
2109 701 2310 753 malum
2338 715 2618 769 generum,
2650 699 2814 754 tiliam
2846 700 3010 753 etiam
3044 698 3300 766 perdidit.

2237 789 2479 847 δίζιίΜο
2516 791 2633 846 XVI
2675 791 2777 863 [σί.
2805 790 3123 863 CXXXIII].

2107 883 2182 938 De
2206 884 2322 952 ﬁlia
2360 886 2571 938 minime
2605 884 2824 939 honesta
2852 895 2899 938 et
2933 884 3264 939 immodesla.

1973 971 2137 1028 Eccli.
2173 991 2306 1029 an.
2371 973 2522 1031 Filiae
2581 977 2839 1048 inquieta:
2889 990 3028 1046 pone
3061 977 3365 1039 custodem,
3407 992 3472 1032 ne

1900 1066 2099 1135 gaudio
2137 1067 2342 1124 allieias
2372 1070 2626 1125 inimicos
2654 1079 2802 1125 tuos.

1970 1155 2109 1213 Filia
2161 1158 2321 1230 (alios
2363 1163 2580 1215 additur
2631 1163 2804 1235 fatua)
2846 1161 3074 1218 minoris
3129 1162 3279 1215 venit
3316 1160 3467 1215 :eati-

1901 1250 2126 1310 manda.

1970 1341 2112 1398 Ibid.
2146 1344 2337 1398 Audax
2369 1355 2425 1399 et
2456 1346 2743 1415 impudens
2777 1356 2987 1417 patrem
3013 1355 3068 1401 et
3095 1345 3273 1400 virum
3302 1344 3474 1398 dede-

1902 1447 2076 1501 corat,
2109 1448 2165 1491 et
2198 1438 2266 1492 ab
2298 1448 2534 1509 utroque
2572 1442 2993 1510 vituperabitnr.

1970 1526 2110 1582 Ibid.
2145 1544 2276 1585 χχιι.
2298 1530 2434 1585 Filia
2451 1533 2568 1586 sine
2592 1530 2919 1586 verecundia
2939 1530 3219 1586 infamiam
3248 1528 3474 1585 delebit.

2293 1641 2526 1697 SEltMO
2559 1640 2721 1698 xvu.
2749 1642 2847 1716 [αι.
2880 1643 3088 1716 cum.

2082 1733 2157 1789 De
2193 1733 2399 1789 senibus
2448 1736 2637 1788 virtute
2671 1744 2718 1787 et
2745 1736 3025 1805 prudentia
3067 1735 3293 1789 ornatis.

1972 1891 2097 1951 Lee.
2131 1909 2242 1949 xix.
2275 1893 2426 1949 Cano
2455 1894 2853 1961 assurgemlum
2887 1897 3012 1959 est,
3057 1899 3110 1945 et
3131 1891 3337 1947 seniori
3383 1890 3479 1945 lto-

1902 2002 2006 2042 nor
2033 1987 2317 2042 ltabendus
2341 1996 2448 2052 est,

1972 2080 2133 2134 Deut.
2184 2081 2455 2150 Interroga
2511 2087 2717 2150 patrem
2762 2089 2937 2145 tuum,
2986 2088 3047 2134 et
3098 2074 3479 2140 annnntiabit,

1903 2174 2151 2229 seniores
2185 2183 2332 2239 tuos,
2364 2182 2419 2229 et
2451 2173 2638 2228 dicent
2669 2174 2792 2228 tibi.

1975 2264 2041 2320 ΙΙ
2072 2265 2200 2337 Reg.
2236 2283 2311 2332 ll;
2368 2265 2434 2319 ΙΙ
2486 2266 2678 2320 Paral.
2739 2283 2791 2320 ιι.
2840 2264 3031 2320 Locuti
3064 2274 3188 2318 sunt
3245 2261 3312 2316 ad
3366 2261 3480 2315 ῐῖο⁴

1905 2359 2064 2415 boam
2109 2363 2354 2416 seniores
2389 2361 2442 2415 in
2492 2361 2640 2414 hunc
2676 2361 2895 2413 modum
2928 2376 2944 2413 :
2995 2358 3051 2412 Si
3097 2357 3363 2411 hodierno
3391 2355 3482 2409 die

1905 2452 2078 2508 fueris
2112 2469 2306 2508 servus
2339 2453 2519 2523 populi
2557 2452 2738 2521 hujus,
2780 2453 2944 2521 eique
2977 2451 3265 2513 servieris.
3295 2458 3347 2502 et
3383 2449 3479 2502 bo-

1866 2593 1869 2596 .
1906 2546 1992 2601 nis
2024 2558 2077 2600 et
2115 2546 2475 2600 humanitatis
2502 2545 2679 2615 plenis
2710 2545 2892 2601 verbis
2918 2547 3133 2600 locutus
3167 2543 3356 2605 fueris,
3403 2544 3478 2596 illi

1909 2635 2073 2690 futuri
2117 2645 2243 2690 sunt
2278 2637 2331 2690 in
2365 2644 2685 2705 perpetuum
2719 2636 2863 2692 servi
2890 2636 2989 2691 tui.
3032 2635 3140 2690 Sed
3178 2633 3334 2704 155
3375 2632 3483 2687 Bo~

1904 2725 2063 2779 boum
2099 2726 2388 2780 consilium
2424 2726 2708 2781 seniorum
2741 2740 2849 2779 non
2891 2733 2975 2779 est
3001 2732 3248 2779 secutus.

1944 2818 2245 2875 ‘Scholion.
2289 2819 2430 2875 Tuta
2462 2832 2544 2875 est
2599 2820 2876 2874 seniorum
2913 2819 3186 2884 doctrinm,
3229 2826 3284 2872 et
3330 2832 3480 2872 con-

1908 2914 2087 2968 silium
2119 2914 2276 2985 longo
2307 2915 2427 2968 vita:
2454 2922 2508 2968 et
2545 2928 2730 2969 rerum
2768 2928 2873 2968 usu
2904 2913 3151 2982 adjutum
3187 2920 3241 2966 et
3277 2911 3470 2965 ﬁrma-

1910 3014 2049 3060 tum.

1978 3095 2075 3150 Job
2121 3110 2217 3151 xu.
2256 3095 2314 3150 In
2360 3095 2723 3150 diuturnitate
2783 3094 3046 3163 temporis
3098 3094 3390 3166 sapientia,
3423 3102 3477 3147 at

1913 3193 1968 3242 in
2004 3188 2162 3258 longa
2196 3189 2303 3241 vita
2338 3188 2566 3241 scientia
2599 3195 2705 3241 est.

1986 3276 2145 3332 Prov.
2187 3295 2293 3333 xvi.
2327 3277 2683 3334 Gloriutionis
2719 3292 2925 3334 corona
2956 3285 3235 3344 senectus,
3272 3294 3393 3350 qua:
3420 3280 3477 3334 in

1911 3369 2015 3426 viis
2037 3369 2266 3439 justitise
2298 3372 2591 3440 reperitur.
3116 3388 3119 3389 ν

1977 3460 2165 3517 Gloria
2194 3477 2387 3517 senum
2420 3461 2541 3517 cani
2570 3470 2722 3517 sunt.

1984 3552 2200 3610 Corona
2232 3569 2425 3608 senum
2451 3554 2610 3609 liberi
2644 3554 2964 3608 liberorum.

1980 3645 2112 3716 ευρ.
2159 3662 2234 3701 ιν.
2286 3644 2533 3701 Canities
2568 3655 2652 3700 est
2700 3646 2990 3718 prudentia
3038 3645 3394 3717 hominibus;
3427 3657 3483 3703 et

1908 3741 2097 3797 senilis
2131 3748 2285 3805 tetas,
2327 3739 2435 3794 vita
2467 3740 2613 3793 nulla
2647 3739 2770 3795 labe
2804 3741 3199 3796 contaminata.

1989 3832 2392 3903 Ilippotltontis.
2447 3830 2649 3888 Leonis
2698 3841 2952 3889 senectus
2998 3834 3350 3904 praestantior
3397 3844 3484 3889 est

1910 3928 2265 3982 liinnulorum
2294 3927 2547 3996 juventa.

1974 4019 2188 4076 Sirach.
2238 4019 2577 4076 Multitudini
2604 4034 2797 4076 senum
2831 4019 3147 4089 acquiesce‘,
3196 4035 3262 4077 ac
3309 4020 3358 4076 ei
3394 4020 3487 4091 qni

1909 4113 2135 4186 sapiens
2163 4121 2249 4169 est
2280 4115 2646 4184 agglutinare.

1974 4204 2057 4261 Ne
2096 4205 2388 4275 repudiato
2436 4204 2785 4261 narrationes
2836 4205 3109 4276 majorum
3146 4215 3313 4273 natu;
3358 4223 3482 4262 nam

1907 4296 1983 4352 illi
2016 4312 2046 4352 a
2078 4298 2326 4367 patribus
2361 4296 2480 4353 suis
2518 4295 2852 4352 didicerunt.

1976 4386 2098 4442 Noli
2119 4396 2475 4443 contemnere
2492 4401 2825 4458 quemquam
2850 4386 2906 4441 in
2931 4395 3257 4455 senectute;
3282 4388 3482 4444 etenim

1906 4494 1974 4536 ex
2004 4479 2161 4535 vobis
2190 4480 2355 4535 etiam
2388 4488 2518 4534 sunt
2542 4480 2634 4550 qui
2671 4478 2840 4533 futuri
2871 4481 2983 4534 sint
3016 4494 3201 4536 Senes.

1977 4568 2193 4624 Corona
2235 4584 2430 4625 senum
2466 4583 2696 4640 magnus
2721 4583 2901 4625 rerum
2949 4584 3118 4635 usus,
3150 4581 3204 4624 et
3239 4569 3490 4640 gloriatio

1834 4669 1877 4726 (ι
1908 4661 2154 4732 Ipsorqu
2191 4664 2283 4718 Dei
2318 4673 2516 4718 metus.

1978 4750 2151 4823 Quam
2176 4751 2432 4808 decorum
2456 4761 2540 4809 est
2564 4751 2781 4808 canitiei
2799 4753 3089 4825 judicium,
3109 4761 3165 4809 et
3190 4753 3490 4822 maioribus

1916 4855 2049 4899 natu
2079 4861 2240 4900 nosse
2258 4846 2517 4901 consilia!
2554 4848 2724 4912 Quam
2751 4849 2976 4917 pulchra
3037 4858 3119 4901 est
3170 4862 3363 4902 senum
3397 4864 3484 4902 sa-

1916 4936 2121 5007 pientia
2145 4976 2161 5002 ,
2190 4947 2245 4991 et
2268 4945 2430 4992 astate
2462 4947 2682 4992 evectos
2722 4953 2887 5008 quam
2948 4938 3106 4993 decet
3132 4939 3488 5000 consiliorum

1916 5029 2281 5099 intelligentia
2302 5031 2316 5083 l
2405 5029 2409 5032 ’

1983 5121 2141 5176 Joan.
2176 5137 2290 5177 xxi.
2322 5121 2454 5176 Cum
2513 5120 2734 5191 juvenis
2764 5137 2943 5190 esses,
2986 5123 3241 5195 cingebas
3290 5125 3493 5194 teipse;

1918 5229 2042 5270 cum
2069 5223 2252 5269 autem
2285 5213 2557 5280 senueris,
2585 5214 2846 5271 extendes
2869 5230 3067 5271 manus
3097 5226 3239 5282 tuas,
3268 5226 3322 5271 et
3347 5217 3491 5272 alius

1922 5318 1974 5363 te
2004 5307 2205 5379 cinget.

2002 5398 2062 5456 S.
2107 5398 2321 5456 Basilii.
2356 5398 2635 5471 Quidquid
2689 5412 2965 5461 vetustate
3012 5400 3231 5460 excellit
3261 5416 3492 5456 venera-

1920 5490 2029 5545 bile
2056 5498 2161 5545 est.

1988 5580 2190 5637 Senilis
2225 5582 2393 5637 animi
2448 5582 2671 5642 habitus
2704 5593 2757 5640 et
2809 5594 3021 5640 matura
3066 5583 3358 5656 prudentia
3411 5598 3494 5637 re.

1918 5690 2047 5731 vera
2100 5676 2451 5745 praestantior
2485 5677 2567 5732 vel
2609 5676 2930 5748 capillorum
2984 5675 3210 5744 canitie,
3246 5689 3373 5746 qua:
3436 5674 3490 5728 in

1921 5768 2179 5824 omnibus
2212 5779 2374 5823 aetate
2408 5771 2677 5839 prevectis
2715 5768 3008 5838 reperitur.

1984 5860 2126 5915 Nibil
2167 5861 2394 5915 interest
2449 5861 2595 5914 inter
2647 5869 2807 5917 aatate
2856 5876 3087 5933 puerum
3136 5870 3191 5919 et
3221 5876 3349 5918 eum
3396 5856 3493 5935 qui

1921 5967 2100 6010 mente
2129 5968 2331 6025 pueros
2360 5953 2625 6008 imitatur;
