3890 6552
425 477 566 546 1055
1697 470 2020 535 ANTON‘II
2065 473 2412 536 namss-1:
3531 487 3641 555 ,οεγῑ

491 589 766 660 Theologi.
796 589 985 644 Melior
1021 597 1106 644 est
1131 587 1363 644 canities
1385 601 1513 643 cum
1550 583 1840 657 prudentia
1863 601 1996 642 con-
2023 641 2027 653 γ

2173 588 2446 660 Κρεῐσσον
2485 589 2647 645 πολιά
2679 587 2818 662 μετά
2851 591 3172 662 φρονήσεως
3205 589 3523 646 ἀπαιδεύτου
3549 604 3640 652 νεό.

415 686 630 756 jum-ta,
665 699 827 753 quam
855 683 1113 752 juventus
1149 680 1440 736 inerudita.
2097 695 2284 751 τητος.

482 780 734 847 Magnum
773 793 932 832 usum
984 791 1168 831 rerum
1199 787 1251 829 et
1300 773 1698 844 experientiam
1750 779 1998 842 tempore

2171 772 2382 846 Πολλὴν
2428 774 2725 846 εμπειρίαν
2771 775 2850 847 τῷ
2882 775 3063 847 χρόνῳ
3094 775 3479 847 συνελέξαμεν,
3517 781 3567 843 ἐξ
3587 777 3640 852 ἧς

418 872 764 940 collegimus,
797 885 863 923 ex
895 885 1003 938 qua
1031 869 1275 922 nascitur
1307 866 1598 935 sapientia.

983 885 1003 922 ω
1031 869 1275 922 nascitur
1307 866 1598 935 sapientia.
2100 866 2262 934 σοφία
2288 866 2519 934 γίνεται.

489 964 607 1018 Non
644 962 844 1017 decent
871 975 1029 1015 senes
1054 960 1284 1030 puerilia
1323 958 1554 1012 ludicra.

2171 958 2282 1028 Οὐχ
2311 958 2513 1029 ὡραῖον
2544 959 2690 1031 γήρᾳ
2723 960 2934 1015 παίδων
2966 959 3281 1032 ἀθύρματα.

483 1054 542 1110 S.
573 1052 843 1124 (ἀνέμου.
870 1063 918 1106 et
953 1049 1082 1121 Sap.
1115 1067 1186 1105 iv.
1221 1050 1462 1106 Canities
1522 1065 1630 1104 non
1660 1047 1840 1119 capilli
1865 1049 1996 1120 albi,

1949 1050 1996 1120 ιί,
2172 1049 2338 1104 Πολιά
2363 1051 2422 1103 ού
2452 1049 2639 1121 τρίχες
2665 1052 2879 1117 λευκαὶ,
2909 1053 3045 1106 ἀλλὰ
3075 1052 3256 1124 ψυχῆς
3291 1055 3485 1123 ἀρετή.

418 1149 514 1203 sed
549 1148 718 1202 animi
755 1148 950 1201 virtus.

483 1240 593 1294 Nec
620 1240 876 1308 juvenem
906 1237 1224 1299 criminare,
1253 1251 1431 1305 neque
1454 1250 1639 1291 senem
1669 1237 1867 1298 lauda;
1903 1254 1999 1292 ne-

2169 1232 2259 1300 Μὴ
2307 1231 2399 1286 τὸν
2447 1233 2565 1286 νέον
2622 1233 2918 1302 διάϐαλλε,
2979 1236 3116 1305 μηδὲ
3165 1233 3259 1288 τὸν
3314 1236 3639 1303 γεγηρακότα

416 1347 524 1400 que
560 1329 702 1383 enim
733 1329 786 1382 in
812 1328 1009 1394 aetatis,
1043 1329 1134 1382 sed
1169 1327 1224 1382 in
1258 1326 1428 1380 animi
1463 1326 1768 1382 dill'erentia
1821 1327 1952 1382 virtt

2105 1324 2307 1378 ἐπαίνει
2331 1343 2346 1358 ο
2383 1325 2507 1378 οὔτε
2537 1325 2647 1398 γὰρ
2675 1328 2734 1380 ὲν
2764 1330 2830 1397 τῇ
2859 1327 3097 1398 διαφορᾷ
3123 1327 3227 1398 τῆς
3253 1324 3472 1399 ἡλικίας
3498 1328 3641 1401 ἀρετὴ

415 1432 470 1476 ct
500 1421 691 1474 vitium
724 1417 996 1474 consistit.

2098 1418 2193 1471 xui.
2225 1418 2415 1482 κακία,
2452 1417 2568 1472 ἀλλ’
2601 1420 2660 1472 ὲν
2689 1422 2755 1490 τῇ
2784 1420 3019 1490 διαφορᾷ
3046 1421 3144 1487 τῆς
3179 1417 3429 1488 γνώμης.

483 1509 600 1564 Non
668 1519 892 1564 aetatum
959 1509 1332 1564 dillerentiam
1397 1509 1549 1565 novit
1613 1509 1993 1564 universitatis

2167 1511 2285 1564 Ούκ
2330 1510 2472 1564 οἶδεν
2521 1511 2738 1581 ἡλικίας
2787 1512 3052 1583 διαφορὰν
3089 1510 3254 1564 ὁτῶν
3304 1511 3445 1563 ὅλων
3495 1509 3635 1574 Θεός·

414 1603 590 1670 Deus;
643 1602 736 1657 sed
775 1601 1027 1670 pietatem
1086 1602 1260 1657 solam
1341 1610 1398 1656 et
1444 1617 1626 1656 rerum
1685 1603 1950 1656 divinarul

2103 1599 2211 1652 ἀλλ’
2261 1600 2547 1656 εὐσέϐειαν
2599 1603 2770 1675 μόνην
2826 1603 2923 1657 καὶ
2981 1601 3261 1673 φιλοθεῖαν
3317 1599 3506 1672 ζητεῖ,
3554 1603 3639 1656 κάν

413 1695 651 1750 studium
684 1710 713 1748 a
748 1693 907 1750 nobis
940 1695 1208 1765 requirit:
1246 1694 1395 1764 quod
1429 1696 1473 1749 si
1523 1695 1640 1749 haec
1687 1695 1740 1748 in
1787 1694 1949 1763 juven

2104 1689 2229 1761 εὕρῃ
2260 1693 2466 1765 ταύτην
2493 1695 2552 1749 ὲν
2583 1695 2707 1764 νέῳ,
2756 1694 2967 1750 πολλῶν
3004 1694 3168 1750 τοῦτο
3209 1693 3503 1766 προτίθησι
3532 1713 3640 1766 πρε-

412 1786 699 1856 repererit,
733 1787 918 1842 multis
955 1788 1100 1842 hunc
1132 1796 1422 1858 anteponit
1448 1787 1691 1842 senibus.
2097 1781 2399 1856 σϐυτέρων.

475 1877 744 1934 Senectus
772 1888 826 1934 et
880 1887 1170 1950 paupertas
1237 1880 1347 1934 duo
1424 1887 1554 1933 sunt
1603 1886 1799 1934 curatu
1845 1875 1989 1933 dim-

2165 1876 2348 1948 Γῆρας
2381 1877 2476 1931 καὶ
2506 1878 2667 1934 πενία
2696 1877 2790 1932 δύο
2819 1878 3121 1950 πράγματα
3150 1877 3576 1949 δυσθεράπευτα.

411 1968 558 2023 cilia.
2021 1969 2069 2028 Β

479 2061 748 2116 Philonis.
805 2059 966 2132 156
1026 2058 1167 2115 Vere
1225 2074 1388 2114 senex
1438 2074 1546 2114 non
1592 2073 1660 2113 ex
1718 2059 1984 2129 temporis

2175 2053 2234 2107 '0
2281 2052 2513 2126 ἀληθείᾳ
2561 2053 2938 2126 πρεσϐύτερος
2988 2055 3092 2108 ούκ
3135 2055 3194 2108 ὲν
3242 2053 3414 2125 μήκει
3442 2051 3636 2124 χρόνον,

411 2150 853 2222 longinquitate,
903 2149 1000 2205 sed
1046 2164 1112 2205 ex
1158 2149 1422 2204 laudabili
1472 2156 1527 2204 et
1580 2147 1823 2218 perfecta
1877 2148 1947 2202 vit

1883 2148 1988 2202 vita
2090 2145 2206 2201 ἀλλ’
2237 2147 2296 2200 δν
2327 2146 2605 2218 ἐπαινετῷ
2631 2148 2728 2201 καὶ
2755 2148 2946 2219 τελείῳ
2977 2147 3077 2219 βίῳ
3109 2147 3419 2218 θεωρεῖται.

413 2247 720 2310 spectatur.

479 2332 717 2389 Juvenili
771 2332 894 2403 vita;
938 2345 1063 2400 quae
1107 2330 1160 2384 in
1212 2344 1400 2386 rerum
1457 2329 1675 2386 actione
1709 2337 1986 2397 versatur,

2159 2323 2314 2381 Μετά
2363 2325 2455 2378 τὸν
2504 2325 2586 2380 ἐν·
2616 2327 2832 2398 νεότητι
2883 2324 3186 2396 πρακτικὸν
3216 2325 3336 2396 βίον
3371 2326 3400 2379 6
3431 2325 3487 2380 ὲν
3512 2327 3635 2398 γήρᾳ

411 2425 602 2480 senilis
660 2423 908 2479 succedit
965 2421 1421 2492 praestantissima
1491 2430 1548 2476 et
1592 2423 1947 2477 sacratissim:

2101 2419 2422 2490 θεωρητικὸς
2472 2419 2586 2490 βίος
2636 2420 2862 2488 ἄριστος
2915 2421 3012 2474 καὶ
3065 2420 3365 2490 ίερώτατος
3394 2434 3409 2449 °
3459 2419 3516 2473 ὃν
3561 2416 3637 2475 οἷα

408 2532 584 2586 eaque
611 2517 663 2570 in
695 2530 880 2569 rerum
912 2513 1374 2583 contemplatione
1409 2514 1676 2579 cernitur,
1709 2515 1796 2569 cui
1829 2528 1944 2584 qua:

2098 2513 2432 2584 κυϐερνήτην
2479 2513 2864 2582 παραπέμψας
2910 2515 2939 2566 6
2985 2513 3142 2576 Θεὸς,
3185 2514 3486 2583 ἐνεχείρισε
3529 2515 3634 2578 τοὺς

415 2609 768 2680 gubernatori
794 2624 824 2662 a
855 2621 914 2663 se
943 2607 1112 2662 misso
1139 2605 1281 2661 Deus
1305 2605 1674 2677 gubernacula
1706 2606 1761 2660 in
1795 2622 1951 2660 manu

2098 2605 2300 2672 οἴακας,
2352 2604 2428 2668 ὡς
2483 2604 2670 2658 ίκανὸν
2701 2605 3085 2675 πηδαλιουχεῖν
3114 2606 3184 2658 τὰ
3216 2605 3459 2673 ἐπίγειον
3487 2606 3634 2674 χωρὶς

409 2700 657 2763 tradidit,
681 2711 938 2771 tanquam
970 2699 1170 2753 idoneo
1201 2699 1292 2768 qui
1326 2698 1499 2769 possit
1534 2705 1748 2753 terrena
1787 2699 1945 2768 guliet

2101 2697 2196 2768 γὰρ
2225 2697 2460 2766 θεωρίας
2483 2698 2919 2768 ὲπιστημονικῆς
2949 2698 3101 2752 οὐδὲν
3127 2697 3238 2752 τῶν
3266 2698 3637 2768 πραττομένων

424 2791 622 2846 nacula
657 2800 878 2854 tenere;
914 2805 1038 2843 nam
1075 2788 1191 2843 sine
1223 2788 1688 2858 contemplatione
1726 2798 1781 2845 et
1807 2791 1988 2844 scien-
2090 2791 2276 2845 καλόν.

417 2885 494 2940 tia
524 2883 656 2937 nihil
686 2883 738 2936 in
777 2883 936 2937 rebus
965 2880 1188 2951 agendis
1225 2880 1517 2936 honestum
1549 2888 1654 2936 est.
2054 2873 2060 2881 ’

489 2974 731 3044 Evagrii.
767 2973 905 3028 Tum
940 2972 1178 3027 ﬂorescit
1207 2973 1428 3027 animus
1455 2971 1523 3026 ad
1555 2972 1839 3026 scientiam
1867 2987 1989 3042 per-

2175 2970 2351 3025 ’Δνθεῖ
2387 2971 2522 3041 πρὸς
2558 2971 2870 3042 ἐπιστήμην
2903 2971 3075 3042 ψυχὴ,
3103 2970 3266 3024 ὁπότε
3302 2971 3368 3026 ἐκ
3412 2969 3502 3025 τοῦ
3548 2969 3636 3025 σώ-

407 3069 740 3138 cipiendam,
787 3084 910 3121 eum
965 3065 1134 3121 robur
1163 3065 1410 3136 corporis
1443 3064 1807 3121 diuturnitate
1850 3073 1941 3119 tcn

1783 3081 1807 3121 Β
1850 3073 1987 3120 tcm-
2092 3077 2262 3130 ματος
2292 3061 2469 3130 ἀκμαὶ
2499 3062 2692 3132 χρόνου
2730 3062 2899 3133 μήκει
2933 3061 3319 3132 μαραίνονται.

408 3162 558 3232 poris
593 3159 910 3213 marcescit.

485 3251 621 3306 Nili.
669 3251 915 3321 Capillus
953 3251 1112 3305 albus
1146 3248 1326 3305 factus
1359 3250 1596 3304 animam
1650 3251 1777 3305 hinc
1807 3250 1984 3305 obitu-

2161 3237 2296 3309 Θρὶξ
2321 3238 2732 3310 λελευκασμένη
2765 3239 2865 3310 τὴν
2895 3238 3148 3293 ἐντεῦθεν
3181 3239 3283 3310 τῆς
3310 3238 3485 3311 ψυχῆς
3517 3239 3635 3293 ἀπο-

408 3361 527 3400 ram
562 3352 796 3398 testatur
828 3351 882 3398 et
911 3345 1128 3397 clamat.

2017 3325 2062 3386 C
2091 3329 2293 3399 δημίαν
2327 3329 2424 3400 βοᾷ
2452 3333 2544 3384 καὶ
2577 3331 3031 3402 διαμαρτύρεται.

495 3437 744 3506 Symeon.
779 3433 968 3504 Neque
995 3435 1171 3488 cuivis
1202 3433 1318 3487 seni
1364 3433 1635 3488 iidendnm
1671 3443 1775 3499 est,
1801 3448 1983 3503 neque

2162 3419 2303 3474 Οὔτε
2336 3424 2481 3476 πάνυ
2514 3423 2662 3494 γήρα
2694 3425 2939 3496 θαρρεῖν,
2967 3422 3093 3477 οὔτε
3123 3424 3354 3495 νεότητα
3383 3425 3485 3495 χρὴ
3513 3440 3635 3476 παν-

407 3529 591 3598 qus'vis
643 3529 870 3582 omnino
918 3527 1142 3596 juvenis
1193 3525 1587 3594 repudiandus.
1643 3525 1784 3579 Fieri
1840 3526 1943 3580 eui:

2098 3515 2328 3568 τάπασιν
2363 3515 2812 3586 ἀποδοκιμάζειν.
2853 3517 2971 3570 "Evr
3019 3520 3150 3586 γάρ,
3182 3514 3361 3587 οἶμαι,
3409 3519 3498 3571 καὶ
3542 3534 3634 3568 σω-

407 3608 612 3694 potest,
649 3633 700 3678 ut
735 3623 955 3693 opinor,
991 3630 1048 3676 ut
1079 3629 1131 3676 et
1164 3621 1426 3690 juventus
1463 3630 1773 3690 temperans
1803 3622 1896 3688 sit,
1931 3641 1943 3676 ι

2097 3612 2309 3678 φρονεῖν
2353 3609 2452 3680 τὴν
2505 3612 2756 3680 νεότητα,
2785 3611 2882 3665 καὶ
2914 3610 3088 3681 γῆρας
3123 3613 3386 3676 πολλάκις
3426 3629 3522 3664 που
3551 3608 3633 3664 τοῦ

409 3727 664 3773 senectus
700 3731 841 3785 saepe
868 3714 1110 3769 oilicium
1143 3713 1402 3783 negligat.

1161 3713 1402 3783 negligat,
2089 3697 2425 3766 καθήκοντος
2454 3701 2697 3770 ἀμελεῖν.

480 3809 758 3864 Plutarch.
811 3807 994 3862 Hiems
1040 3814 1436 3876 tegumentum,
1487 3815 1746 3864 senectus
1780 3805 1986 3866 doloris

2175 3791 2232 3846 '0
2272 3792 2371 3861 μὲν
2420 3791 2627 3863 χειμὼν
2684 3795 2918 3862 σκέπης,
2977 3793 3036 3848 τὸ
3084 3793 3141 3848 δὲ
3193 3795 3371 3866 γῆρας
3415 3793 3630 3854 ἀλυπίας

407 3900 737 3956 ναευῖιαιειιι
786 3897 1036 3968 requirit.

786 3897 1036 3968 requirit.
2088 3884 2274 3940 δεῖται.

475 3993 661 4048 Solon.
696 3990 862 4044 Solon
900 3998 1238 4044 senectutem
1289 3998 1508 4058 portum
1545 3989 1815 4046 malorum
1863 4005 1986 4049 esse

2159 3979 2340 4032 Σόλων
2384 3979 2447 4032 τὸ
2485 3981 2664 4050 γῆρας
2709 3979 2894 4049 ἔλεγεν
2945 3981 3116 4052 ὅρμον
3164 3977 3306 4035 εἶναι
3334 3979 3522 4043 κακῶν,
3549 3976 3627 4038 εἷς

409 4082 648 4145 dicebat,
686 4081 829 4150 quod
864 4079 932 4134 ad
957 4095 1074 4135 eam
1112 4080 1296 4156 omnia
1330 4080 1676 4151 confugiant.

1483 4082 1676 4151 .gianL
2087 4070 2252 4124 αὐτὸν
2285 4069 2414 4138 γοῦν
2446 4073 2620 4124 πάντα
2653 4072 3011 4142 καταφεύγει.

471 4173 782 4227 Phavorini.
807 4169 908 4238 Qui
941 4173 1047 4228 sibi
1077 4173 1408 4242 voluptatem
1437 4174 1710 4243 reprimit,
1741 4174 1982 4244 sapiens,

2168 4162 2396 4231 Ἡδονῆς
2428 4165 2456 4216 6
2494 4164 2596 4234 μὲν
2630 4163 2954 4234 εἰργόμενος
2981 4165 3144 4233 σοφός
3165 4180 3181 4197 ⁸
3215 4169 3245 4218 6
3272 4166 3328 4219 δὲ
3355 4166 3429 4238 μὴ
3455 4165 3621 4235 δεόμε-

409 4266 504 4337 qui
534 4268 884 4335 repressione
915 4279 1021 4318 non
1050 4263 1283 4334 indiget,
1328 4265 1522 4320 beatus
1576 4275 1694 4320 est:
1727 4276 1945 4319 seuectu

1866 4276 1984 4320 crus
2087 4271 2174 4318 νος
2207 4255 2480 4326 μακάριος
2502 4272 2516 4288 ·
2551 4254 2612 4309 τὸ
2640 4255 2695 4310 δὲ
2721 4255 2903 4327 γῆρας
2931 4257 3069 4327 πρὸς
3098 4257 3402 4329 ἀμφότερα.

409 4361 477 4415 ad
531 4368 828 4428 utrumque
881 4357 997 4427 (vel
1058 4357 1119 4412 in
1171 4365 1462 4414 senectute
1513 4366 1597 4414 est
1629 4354 1980 4428 utrumque).

409 4449 651 4523 (Desunt
677 4449 921 4520 quaedam
943 4449 983 4518 .j

968 4580 1201 4636 SERMO
1235 4579 1423 4636 XVIII.

2685 4572 2902 4628 ΛΟΓΟΣ
2947 4572 3054 4629 IH'.

609 4698 690 4754 De
717 4698 926 4754 senibus
955 4696 1238 4750 inhonestis
1268 4705 1316 4749 et
1345 4695 1780 4764 imprudentibus.
2009 4659 2056 4718 ι)
2133 4692 2145 4742 l

2031 4661 2056 4716 δ
2133 4685 2276 4755 Περὶ
2305 4687 2600 4757 γερόντων
2619 4667 2699 4744 ’ἐν
2727 4691 2904 4761 ἀνοιᾳ
2935 4691 3036 4746 καὶ
3067 4692 3250 4760 κακίᾳ
3271 4694 3567 4758 βιούντων.

479 4816 648 4871 Eccli.
683 4830 809 4870 xxv.
835 4813 1035 4868 Senem
1061 4810 1370 4866 adulterum
1396 4811 1675 4867 intellectu
1700 4825 1976 4870 carentem

2166 4802 2462 4874 Ἐμίσησεν
2489 4805 2524 4875 ἠ
2553 4803 2702 4876 ψυχή
2753 4821 2857 4875 μου
2891 4809 3124 4874 γέροντα
3169 4807 3382 4876 μοιχὸν,
3402 4805 3613 4862 ἐλαττού-

408 4925 472 4965 ex
507 4908 695 4964 animo
721 4906 834 4961 odi.

2087 4912 2246 4966 μενον
2274 4895 2509 4951 σύνεσιν.

479 4998 507 5052 I
535 4996 661 5053 Cor.
697 5011 807 5050 xiv.
846 4993 1090 5060 Fratres,
1137 5008 1206 5048 ne
1251 4993 1372 5051 sitis
1419 4994 1617 5066 puerili
1645 5007 1840 5064 mente,
1885 4999 1980 5054 sed

2172 4987 2441 5057 ’Δδελφοὶ,
2490 4989 2564 5060 μὴ
2600 4990 2792 5046 παιδία
2834 4993 3057 5062 γίνεσθε
3096 4997 3221 5058 ταῖς
3269 4997 3476 5066 φρεσὶν,
3505 4993 3613 5047 ἀλλὰ

409 5088 561 5143 vitiis
595 5099 797 5157 pueros
826 5082 1144 5148 imitamini,
1177 5090 1236 5138 at
1295 5091 1480 5139 mente
1513 5083 1736 5155 perfecti
1781 5097 1945 5144 estote

2083 5080 2148 5149 τῇ
2181 5079 2350 5151 κακίᾳ
2379 5080 2696 5150 νηπιάζετε,
2731 5085 2850 5146 ταῖς
2879 5084 2936 5138 δὲ
2971 5085 3134 5156 φρεσὶ
3180 5085 3379 5140 τέλειοι
3412 5084 3611 5154 γίνεσθε.

482 5178 647 5233 Hebr.
673 5192 728 5234 ν.
760 5175 922 5231 Tardi
949 5174 1079 5228 facti
1127 5175 1263 5230 estis
1293 5175 1360 5230 ad
1386 5177 1736 5235 audiendum.
1765 5180 1976 5237 Etenim

2154 5170 2374 5242 Νωοροὶ
2398 5173 2662 5241 γεγόνατε
2694 5176 2814 5239 ταῖς
2837 5177 3051 5240 ἀκοαῖς.
3077 5177 3189 5230 Καὶ
3214 5179 3326 5250 γὰρ
3351 5179 3613 5245 ὀφείλοντες

407 5271 498 5343 qui
529 5277 747 5342 propter
803 5267 1216 5323 diuturnitatem
1253 5269 1513 5338 temporis
1544 5271 1812 5330 debuistis
1854 5289 1942 5329 ess

2082 5258 2222 5317 εἶναι
2252 5263 2563 5320 διδάσκαλοι
2596 5267 2684 5321 διά
2713 5267 2806 5322 τὸν
2839 5269 3052 5340 χρόνον,
3086 5270 3250 5324 πάλιν
3281 5273 3467 5342 χρείαν
3493 5271 3613 5338 ἔχετε

408 5363 676 5433 magistri,
711 5374 904 5415 rursus
934 5359 1155 5413 doctore
1188 5358 1382 5429 egetis,
1410 5360 1500 5431 qui
1533 5375 1627 5416 vos
1652 5362 1944 5436 doceatqu:

2081 5356 2177 5410 τοῦ
2225 5356 2578 5411 διδάσκεσθαι
2625 5359 2790 5428 ὑμᾶς,
2828 5362 2953 5414 τίνα
2987 5361 3055 5414 τὰ
3082 5365 3324 5432 στοιχεῖα
3356 5364 3445 5430 τῆς
3470 5362 3610 5430 ἀρχῆς

416 5457 526 5509 sint
556 5454 874 5508 divinorum
919 5451 1264 5505 oraculorum
1298 5453 1566 5522 principia
1603 5462 1658 5508 et
1686 5455 1952 5511 elementa

2081 5449 2190 5501 τῶν
2220 5448 2416 5518 λογίων
2445 5450 2539 5503 τοῦ
2573 5451 2727 5518 Θεοῦ,
2765 5454 2859 5506 καὶ
2890 5454 3152 5522 γεγόνατε
3204 5457 3396 5523 χρείαν
3437 5455 3611 5521 ἔχοντες

406 5547 652 5613 talesque
687 5545 819 5598 estis
858 5541 954 5612 qui
1010 5540 1152 5596 laete
1180 5543 1413 5613 egeatis,
1465 5558 1569 5597 non
1602 5544 1767 5598 etiam
1801 5547 1939 5600 solid

2080 5540 2376 5608 γάλακτος,
2412 5544 2503 5596 καὶ
2530 5544 2590 5596 ού
2641 5547 2867 5615 στερεᾶς
2895 5549 3102 5617 τροφῆς
3131 5564 3146 5578 ο
3181 5550 3290 5611 πᾶς
3325 5549 3428 5618 γάρ
3453 5552 3478 5600 6
3509 5562 3611 5615 μετ-

405 5637 531 5692 cibo
576 5662 587 5691 ;
616 5635 871 5706 quisquis
905 5644 1083 5689 autem
1115 5634 1252 5690 lacte
1284 5633 1456 5688 utitur
1478 5633 1706 5700 iustitiae
1752 5639 1941 5692 rationi

2080 5631 2220 5703 ἔχων
2253 5633 2526 5702 γάλακτος
2567 5636 2795 5706 ἄπειρος
2837 5638 2997 5707 λόγου
3045 5640 3392 5709 δικαιοσύνης
3418 5657 3430 5670 ο
3455 5647 3610 5709 νήπιος

407 5728 697 5797 imperitus
743 5735 843 5790 est,
879 5725 1022 5794 quod
1056 5741 1190 5794 puer
1235 5726 1330 5779 sit.
1382 5725 1601 5781 Solidus
1645 5741 1771 5782 vero
1817 5727 1940 5783 cibo

2079 5726 2188 5796 γάρ
2217 5728 2354 5781 ἐστι.
2389 5727 2622 5782 Τελείων
2661 5730 2716 5784 δὲ
2755 5733 2787 5802 ἡ
2823 5734 3021 5802 στερεά
3053 5739 3251 5804 τροφὴ,
3282 5733 3390 5786 τῶν
3433 5733 3513 5785 διά
3533 5730 3608 5796 τὴν

404 5830 492 5876 est
544 5819 912 5889 perfecturum
965 5819 1058 5888 qui
1114 5833 1211 5887 per
1255 5817 1504 5872 habitum
1553 5834 1750 5875 sensus
1779 5820 1940 5879 habet

2079 5817 2194 5885 ἕξιν
2246 5823 2315 5872 τὰ
2361 5820 2694 5892 αίσθητήρια
2747 5831 3180 5896 γεγυμνασμένα
3237 5826 3460 5898 ἑχόντων
3505 5821 3607 5891 πρὸς

403 5910 733 5968 exercitatos
766 5912 831 5967 ad
861 5909 1280 5966 discernendmn
1307 5910 1448 5964 mala
1485 5925 1514 5966 a
1545 5910 1721 5967 bonis.

1485 5925 1514 5966 a
1545 5910 1721 5967 bonis.
2080 5914 2354 5970 διάκρισιν
2389 5915 2557 5969 καλοῦ
2594 5934 2650 5969 τε
2691 5923 2779 5970 καὶ
2822 5919 3013 5972 κακοῦ.
