3890 6578
267 460 382 530 1057

324 564 559 636 Διαφέρει
603 555 695 612 τοῦ
736 552 936 626 νηπίου
974 549 1096 607 καθ’
1127 549 1348 622 ἡλικίαν
1395 546 1550 602 οὐδὲν
1596 548 1626 602 δ
1673 545 1795 610 ταῖς
1823 550 1873 609 Δ

265 679 406 738 φρεσι
436 651 726 726 νηπιάζων.

322 751 438 809 οἶδά
464 762 612 808 τινας
643 744 700 796 έν
733 757 949 812 νεοτητι
997 737 1136 810 πρὸς
1177 736 1248 790 τὰ
1280 736 1378 806 τῆς
1413 736 1617 806 σαρκὸς
1644 732 1796 804 πάθη

263 841 745 908 κατολισθήσαντας,
771 834 866 888 καὶ
897 832 1064 902 μέχρι
1093 829 1287 892 πολιᾶς
1319 828 1488 897 αὐτῆς
1515 826 1602 881 διὰ
1635 825 1801 897 συνή-

263 940 396 992 θειαν
419 931 508 985 τοῦ
539 925 708 981 κακοῦ
743 925 861 986 ταῖς
889 923 1194 992 ἁμαρτίαις
1224 919 1703 991 παραμείναντας.

320 1021 536 1093 Αίσχρὸν
563 1019 660 1087 τὴν
692 1015 792 1086 μὲν
821 1014 1040 1084 ἠλικίαν
1084 1012 1476 1085 παρακμάσαι,
1515 1009 1592 1080 μή
1620 1024 1802 1079 παρα-

264 1119 448 1191 κμάσαι
479 1114 531 1167 δὲ
562 1111 662 1180 τὴν
688 1108 1000 1176 ἀσέλγειαν.

323 1201 625 1260 Παιδεύεταί
655 1217 707 1253 τι
738 1198 833 1253 καὶ
875 1198 1060 1262 πολιὰ,
1088 1199 1188 1253 καὶ
1223 1197 1284 1250 ού
1317 1194 1484 1250 παντὶ
1511 1194 1574 1248 τὸ
1601 1193 1801 1264 γῆρας,

265 1303 327 1364 ὡς
356 1298 538 1358 ἔοικεν,
571 1293 652 1356 είς
685 1290 904 1345 σύνεσιν
932 1290 1271 1358 ἀξιόπιστον.

326 1483 480 1536 ὀταν
515 1471 608 1532 οὖν
639 1475 740 1532 καὶ
789 1476 975 1548 γέρων
1021 1474 1094 1528 τὰ
1131 1473 1384 1544 νεότητος
1430 1473 1585 1542 νοσῇ,
1634 1472 1804 1540 ὑπερ-

264 1575 378 1645 ϐολὴ
418 1572 613 1633 κακίας
659 1567 778 1622 ἔστί
802 1584 818 1602 ⁸
871 1567 963 1621 καὶ
994 1567 1116 1620 οὐδὲ
1148 1567 1205 1618 ὲν
1234 1566 1450 1634 νεότητι
1484 1557 1641 1627 οὗτος
1674 1564 1811 1617 ἀποο

261 1669 429 1735 λογίαν
456 1663 563 1734 ἔχει
587 1676 602 1690 ·
633 1661 698 1713 οὐ
728 1663 838 1728 γὰρ
864 1658 1088 1721 δυνατὸς
1122 1656 1326 1724 λέγειν⁸
1371 1655 1672 1725 Ἀμαρτίας
1701 1653 1814 1706 νεό-

1078 439 1246 502 LOCI
1285 435 1822 501 COMMUNES.-‘
1861 435 2055 497 PARS
2094 435 2182 497 II.
2225 434 2485 495 SERMO
2519 436 2682 497 XIX.

3329 429 3468 494 1058

1969 543 2029 599 8.
2065 542 2277 599 Basilii.
2313 543 2456 597 Nihil
2499 543 2731 598 interest
2763 541 2905 597 inter
2935 551 3148 598 aetatem
3206 545 3474 614 puerilem

1905 641 1960 687 et
1993 640 2229 686 mentem
2263 647 2462 700 pueros
2492 632 2823 690 imitantem.

1976 721 2110 776 Novi
2163 724 2428 792 quosdam
2460 723 2555 794 qui
2605 738 2731 778 cum
2782 725 2834 778 in
2864 723 3152 794 iuventute
3199 724 3254 779 in
3297 727 3480 783 carnis

1907 812 2035 867 vitia
2067 813 2307 884 prolapsi
2339 823 2546 878 essent,
2578 816 2632 870 in
2657 816 2740 871 eis
2772 826 2995 886 propter
3021 815 3481 872 consuetudinem

1906 907 1973 959 ad
2006 920 2176 961 canos
2205 921 2376 976 usque
2400 918 2825 977 perseverarunt

1979 995 2250 1068 Theologi.
2281 996 2465 1068 Turpe
2502 1007 2586 1054 est
2615 1001 2794 1056 artatis
2842 999 3084 1070 vigorem
3120 996 3486 1064 deferbuisse,

1908 1087 2192 1144 lididinem
2225 1100 2411 1144 autem
2446 1105 2556 1146 non
2590 1091 2956 1148 deferbuisse.

1981 1179 2040 1235 S.
2087 1181 2361 1252 Chrysost.
2414 1181 2581 1238 Discit
2632 1185 2837 1254 aliquid
2887 1185 3050 1240 etiam
3098 1184 3349 1250 canities,
3387 1196 3488 1237 nec

1912 1271 2157 1340 cujusvis
2190 1281 2450 1329 senectus
2482 1274 2787 1343 prudentia:
2812 1277 2948 1332 satis
2981 1284 3143 1332 nacta
3167 1292 3288 1333 esse
3311 1277 3488 1332 videri

1913 1364 2101 1420 debet.

1993 1456 2151 1527 157
2182 1453 2241 1511 δα
2273 1454 2552 1528 C/trysost.
2608 1459 2749 1530 Ergo
2780 1475 2903 1516 cum
2940 1474 3105 1515 senex
3150 1460 3339 1516 iisdem
3366 1458 3492 1530 qui-

1919 1551 2020 1606 bus
2053 1551 2314 1619 juventus
2338 1553 2541 1609 morbis
2579 1553 2809 1620 laborat,
2844 1553 3139 1606 maximum
3165 1553 3357 1606 vitium
3385 1559 3492 1617 est,

1921 1656 1984 1696 ac
2019 1658 2088 1698 ne
2117 1645 2184 1700 de
2229 1646 2515 1715 juventute
2577 1645 2795 1713 quidem
2839 1644 3251 1697 excusationem
3307 1641 3494 1706 habet,

260 1733 406 1826 τητός
437 1771 536 1824 μου
565 1753 663 1805 καὶ
693 1751 918 1820 ἀγνοίας
947 1767 1049 1818 μου
1087 1751 1162 1819 μή
1207 1748 1474 1818 μνησθῇς.
1509 1747 1600 1815 Μὴ
1633 1746 1816 1799 τοίνυν

1968 1747 2100 1803 eque
2133 1743 2276 1790 enim
2315 1735 2402 1790 illa
2439 1744 2616 1806 potest
2656 1736 2876 1793 dicere:
2911 1733 3139 1790 Peccata
3187 1734 3497 1803 iuventutis

262 1825 338 1902 δια
375 1847 475 1901 τῶν
517 1847 574 1897 ἐν
608 1848 758 1915 γήρᾳ
792 1842 1100 1912 γινομένων
1149 1841 1536 1912 ἀποστερήσῃς
1589 1838 1816 1892 σεαυτὸν
1851 1902 1856 1915 1

1968 1841 2059 1880 lea:
2080 1839 2133 1881 et
2162 1828 2528 1897 ignorationes
2559 1845 2704 1884 meas
2739 1845 2805 1883 ue
2857 1829 3196 1884 memineris.
3230 1825 3368 1881 Vide
3399 1826 3498 1895 igi-

369 1936 464 2006 τῆς
493 1934 600 1986 τῶν
620 1901 977 2004 enimuero-1t
1009 1901 1429 2002 ἁμαρτημάτων
1463 1901 1815 1999 συγγνώμης.
1850 1902 1856 1955 1

1968 1933 2013 1972 ιι·
2039 1934 2102 1973 ne
2140 1930 2360 1990 propter
2389 1922 2580 1977 senilia
2616 1922 2756 1976 facta
2783 1921 3108 1992 juvenilinm
3140 1929 3498 1992 peccatorum

321 2115 451 2178 Τοὺς
479 2113 659 2167 αίῶνα
701 2111 875 2166 πολὺν
917 2111 1217 2182 τρίψαντας
1248 2111 1306 2163 ὲν
1350 2112 1418 2180 τῇ
1458 2109 1596 2180 μετᾶ
1631 2109 1820 2178 σώμα-

261 2224 341 2270 τος
369 2205 477 2276 ζωῇ
522 2203 652 2273 δίχα
703 2203 1135 2270 καλοκαγαθίας,
1183 2202 1574 2272 πολυχρονίους
1624 2201 1821 2263 παῖδας

260 2301 482 2364 λεκτέον,
527 2296 836 2368 μαθήματα
879 2295 1073 2360 πολιᾶς
1106 2294 1235 2360 ἄξια
1275 2295 1550 2364 μηδέποτε
1594 2294 1818 2347 παιδευ-

261 2388 459 2451 θέντας.

322 2480 496 2550 Μέχρι
525 2479 675 2543 τίνος
701 2480 866 2551 ἡμεῖς
896 2480 946 2532 oi
974 2476 1231 2549 γέροντες
1258 2477 1340 2532 ἐτι
1385 2479 1578 2542 παῖδές
1610 2481 1819 2550 ἐσμεν,

259 2578 322 2630 τὰ
355 2575 450 2646 μὲν
479 2574 716 2646 σώματα
740 2575 938 2646 χρόνου
972 2576 1140 2645 μήκει
1165 2575 1408 2644 παλαιοὶ,
1437 2577 1536 2641 τὰς
1559 2577 1616 2630 δὲ
1647 2577 1824 2648 ψυχὰς

261 2669 345 2724 ὑπ’
367 2667 731 2738 ἀναισθησίας
767 2669 965 2740 κομιδῆ
996 2669 1184 2739 νήπιοι
1207 2685 1225 2736 ;

323 2852 503 2924 Γέρων
532 2852 788 2923 ἀνόητος,
813 2849 1003 2922 ὥσπερ
1038 2851 1245 2923 τρίϐων
1276 2851 1529 2916 παλαιὸς,
1561 2853 1642 2916 είς
1671 2851 1828 2907 οὐδέν
1854 2899 1858 2902 ,

260 2947 396 3001 ἐστιν
425 2945 676 3009 εὔθετος.

321 3039 578 3106 Διογένης
626 3035 755 3091 ίδὼν
791 3035 967 3106 γραῦν
997 3033 1508 3115 καλλωπιζομένην,
1541 3027 1695 3088 εἶπεν
1717 3053 1733 3068 ·
1769 3034 1830 3088 El

262 3131 351 3200 μὲν
375 3131 511 3200 πρὸς
541 3129 675 3192 τοὺς
705 3129 938 3194 ζῶντας,
971 3128 1347 3201 πεπλάνησαιο
1377 3129 1426 3183 εί
1457 3127 1513 3183 δὲ
1538 3127 1678 3199 πρὸς
1703 3129 1832 3192 τοὺς

260 3223 503 3292 νεκροὺς,
535 3222 612 3293 μή
645 3221 902 3292 βράδυνε.

325 3315 481 3368 Ἔστι
505 3332 616 3368 που
647 3313 870 3375 σύνεσις
903 3312 1066 3375 νέων,
1090 3310 1188 3363 καὶ
1215 3309 1489 3379 γερόντων
1528 3308 1829 3363 ἀσυνεσίαο

257 3410 442 3479 χρόνος
492 3409 606 3478 γὰρ
645 3407 709 3461 ού
755 3405 999 3459 διδάσκει
1029 3403 1316 3474 φρόνησιν,
1346 3403 1486 3458 ἀλλὰ
1533 3398 1700 3474 φύσις
1731 3401 1832 3455 καὶ

257 3500 387 3573 ὀρθὴ
416 3501 626 3556 δίαιτα.

859 3585 1080 3641 ΛΟΓΟΣ
1133 3586 1237 3642 18'.

273 3683 410 3752 Περὶ
443 3682 609 3737 νέων
643 3680 883 3747 παιδείᾳ
921 3685 1020 3734 καὶ
1049 3679 1301 3734 συνέσει
1336 3679 1792 3750 κοσμουμένων.

335 3777 395 3832 '0
431 3776 491 3830 δὲ
532 3773 750 3844 Ἰησοῦς
801 3771 920 3826 υίοῦ
969 3771 1131 3843 Ναυῆ
1169 3771 1290 3836 νέος
1325 3773 1427 3826 οὐκ
1477 3771 1836 3826 διεπορεύετο

256 3867 316 3920 ἐκ
341 3866 441 3935 τῆς
470 3864 686 3935 σκηνῆς
713 3862 808 3916 τοῦ
841 3862 1169 3934 μαρτυρίου.

322 4037 436 4094 Καί
459 4054 553 4106 γε,
575 4034 845 4107 νεώτερος
871 4032 900 4086 ύ
909 4031 1024 4103 μῶν
1052 4031 1148 4098 ὢν,
1169 4032 1270 4087 οὐκ
1292 4033 1407 4103 εἰμὶ
1435 4031 1840 4104 ἀσυνετώτερος

257 4129 430 4198 ὑμῶν.
465 4127 762 4196 Νεώτερος
795 4125 896 4196 μέν
936 4125 1052 4194 είμι
1095 4123 1175 4194 τῷ
1206 4125 1404 4194 χρόνῳ,
1437 4124 1597 4195 ὑμεῖς
1627 4125 1684 4178 δέ
1715 4128 1840 4178 ἐστε

254 4218 635 4289 πρεσϐύτεροι
663 4233 679 4250 ο
731 4215 814 4270 διδ
872 4213 1120 4284 ἡσύχασα
1147 4253 1164 4280 ,
1199 4214 1458 4284 φοϐηθεὶς
1519 4214 1843 4281 ἀναγγεῖλαι

257 4312 384 4382 ὑμῖν
443 4312 552 4380 τὴν
611 4307 806 4361 ἑαυτοῦ
858 4307 1191 4376 ἐπιστήμην.
1238 4303 1379 4358 Elim
1427 4306 1507 4371 δὲ,
1552 4307 1636 4359 δτι
1671 4306 1768 4377 οὐχ
1817 4307 1845 4360 ὁ

255 4404 449 4474 χρόνος
483 4403 644 4456 ἐστὶν
671 4401 700 4454 ὁ
728 4398 906 4452 λαλῶν
927 4415 943 4431 ο
975 4400 1034 4452 έν
1066 4397 1282 4460 πολλοῖς
1315 4396 1375 4451 δὲ
1417 4396 1598 4450 ἔτεσιν
1625 4398 1726 4451 οὐκ
1768 4399 1846 4452 οτ-

256 4495 378 4548 δασι
417 4493 625 4562 σοφίαν
648 4507 665 4526 ·
709 4489 847 4545 ἀλλὰ
875 4487 1097 4558 πνεῦμά
1128 4491 1279 4542 ἐστιν
1328 4491 1387 4540 ὲν
1440 4488 1670 4559 βροτοῖς,
1707 4488 1846 4559 πνοή

1927 2010 2083 2064 venia
2122 2021 2173 2065 te
2199 2014 2404 2081 privos.

1996 2101 2250 2158 Philonis.
2291 2104 2392 2170 Qui
2437 2105 2666 2160 multum
2708 2106 2806 2160 aevi
2860 2107 2914 2160 in
2939 2108 3048 2160 vita
3094 2108 3343 2175 corporis
3373 2120 3504 2161 con-

1927 2193 2179 2250 triverint
2229 2196 2349 2250 sine
2383 2197 2491 2249 nlla
2545 2198 2747 2251 virtute
2797 2209 2851 2252 et
2895 2199 3185 2267 probitate,
3216 2214 3311 2254 eos
3358 2197 3504 2267 longi

1927 2289 2190 2356 temporis
2227 2303 2427 2358 pueros
2492 2291 2768 2360 appellare
2813 2291 2960 2353 licet,
3010 2301 3068 2345 nt
3103 2292 3197 2363 qui
3231 2291 3395 2348 nullis
3424 2289 3506 2346 di-

1926 2381 2176 2449 sciplinis
2203 2381 2407 2435 eruditi
2439 2382 2552 2436 sint
2603 2393 2884 2438 senectute
2912 2384 3115 2454 dignis.

1999 2473 2294 2544 Quousque
2324 2474 2542 2528 tandem
2585 2490 2684 2531 nos
2741 2491 2902 2531 senes
2953 2477 3135 2531 adhuc
3186 2477 3340 2546 pueri
3397 2477 3508 2533 eri-

1926 2581 2069 2629 mus,
2100 2568 2420 2637 corporibus
2451 2566 2671 2637 quidem
2713 2577 2936 2639 propter
2973 2570 3238 2640 temporis
3291 2572 3508 2642 longin-

1927 2657 2188 2727 quitatem
2207 2665 2438 2724 veteres,
2459 2659 2654 2713 animis
2674 2669 2850 2713 autem
2872 2669 3096 2730 propter
3110 2660 3510 2732 ignorationem

1928 2761 1981 2806 et
2019 2749 2398 2805 hebetudinem
2427 2751 2716 2806 admodum
2743 2753 2896 2822 pueri
2919 2753 2943 2807 2

2001 2841 2304 2896 Plutarchi.
2333 2843 2513 2899 Senex
2540 2845 2762 2909 stultus,
2805 2845 3268 2913 quemadmodum
3294 2849 3513 2906 lacerna

1929 2943 2165 3000 vetusta,
2198 2934 2330 2988 nulli
2366 2936 2444 2990 rei
2474 2945 2556 2990 est
2580 2947 2762 3006 aptus.

2002 3024 2282 3096 Diogenes.
2304 3027 2594 3097 Diogenes,
2626 3043 2791 3083 anum
2821 3039 3094 3100 comptam
3128 3035 3479 3106 conspicatus
3499 3074 3518 3103 ,

1935 3117 2013 3183 Si,
2046 3118 2248 3188 inquit,
2291 3119 2358 3174 ad
2384 3120 2553 3186 vivos,
2590 3121 2725 3176 falsa
2754 3137 2843 3190 es;
2882 3126 2969 3180 sin
3016 3124 3083 3180 ad
3125 3137 3401 3196 mortuos,
3452 3147 3518 3185 ne

1859 3240 1904 3300 α
1939 3222 2220 3268 cuuctare.

2012 3302 2360 3360 Philemonis.
2395 3305 2762 3376 Reperiuntur
2787 3309 3079 3381 aliquando
3104 3311 3335 3381 juvenes
3361 3327 3519 3384 saga-

1941 3411 2052 3465 ces,
2097 3407 2151 3453 et
2201 3415 2363 3455 senes
2421 3401 2680 3465 hebetes;
2717 3411 2931 3472 tempus
2983 3404 3131 3460 enim
3169 3405 3520 3475 prudentiam

1940 3505 2049 3546 non
2083 3490 2260 3558 docet,
2289 3496 2382 3548 sed
2415 3505 2608 3548 natura
2653 3506 2707 3549 et
2747 3505 2898 3550 recta
2940 3498 3234 3554 institutio.

2363 3583 2596 3640 SERMO
2635 3585 2753 3640 XIX
2798 3586 2900 3660 [a’.
2936 3589 3042 3644 CLI
3050 3590 3093 3662 J.

2049 3674 2128 3730 De
2151 3676 2433 3746 juvenibus
2475 3679 2775 3733 eruditione
2802 3690 2851 3734 et
2875 3682 3153 3748 prudentia
3190 3687 3414 3744 ornatis.

2015 3765 2181 3821 Num.
2212 3783 2400 3835 xxv";
2432 3768 2602 3824 Eccli.
2638 3771 3148 3838 xcvt.Jesus,Nave
3177 3775 3520 3846 ﬁlius,]uve-

1943 3857 2031 3914 nis
2060 3873 2184 3913 cum
2207 3868 2371 3926 esset,
2429 3874 2536 3915 non
2573 3862 2959 3931 egrediebatur
3008 3866 3076 3920 de
3113 3868 3410 3923 testimonii
3443 3878 3528 3923 ta-

1945 3949 2264 4005 bernaculo.

2017 4039 2118 4094 Job
2168 4055 2346 4096 χχιιι.
2386 4042 2497 4096 Etsi
2554 4042 2708 4100 vobis
2749 4059 2869 4099 sum
2907 4045 3136 4115 jnnior,
3199 4063 3308 4105 non
3343 4058 3522 4106 tamen

1950 4134 2214 4191 hebetior.
2245 4135 2440 4192 Junior
2469 4152 2591 4194 sum
2623 4147 2892 4210 tempore,
2913 4157 3008 4195 vos
3028 4151 3210 4197 autem
3242 4146 3524 4211 seniores;

1949 4227 2135 4296 itaque
2167 4244 2254 4284 me
2298 4231 2589 4295 continui,
2641 4233 2851 4288 veritus
2899 4235 3055 4290 vobis
3097 4238 3373 4308 explicare
3407 4257 3528 4309 qua:

1950 4319 2214 4374 sciebam.
2243 4319 2376 4376 Illud
2403 4330 2584 4376 autem
2625 4324 2960 4394 cogitabam,
2993 4336 3206 4396 tempus
3239 4345 3346 4384 non
3377 4331 3528 4402 loqui

1951 4407 2157 4477 solere,
2188 4422 2349 4482 atque
2391 4429 2497 4468 non
2525 4415 2579 4468 in
2620 4414 2804 4470 multis
2838 4417 2997 4473 annis
3020 4418 3150 4472 sciri
3179 4421 3531 4489 sapientiam,

1955 4503 2048 4558 sed
2075 4519 2196 4560 esse
2241 4505 2494 4575 spiritum
2543 4507 2599 4562 in
2645 4508 2989 4574 mortalibus,
3029 4511 3535 4584 aspirationemque

253 4585 308 4640 δὲ
340 4581 804 4654 Παντοκράτορός
842 4582 990 4634 εστιν
1053 4581 1087 4650 ή
1135 4579 1466 4633 διδάσκουσα
1497 4597 1586 4650 με.
1632 4580 1707 4634 Οὐ
1737 4580 1846 4651 γὰρ

1968 4594 2354 4666 )mnipotentis
2404 4613 2527 4654 esse
2576 4613 2694 4667 quae
2730 4615 2814 4654 me
2869 4600 3060 4656 doceat
3082 4579 3106 4670 ξ
3167 4619 3341 4674 neque
3385 4609 3534 4661 enim

253 4681 304 4732 οί
355 4675 719 4749 πολυχρόνιοι
749 4677 856 4729 είσι
909 4673 1088 4741 σοφοὶ,
1130 4672 1252 4726 οὐδὲ
1297 4674 1349 4726 οί
1383 4675 1635 4745 γέροντες
1673 4673 1848 4728 οἴδασι

254 4770 458 4841 κρίμα.

336 4865 430 4916 Ἐν
481 4863 601 4916 τίνι
644 4858 986 4931 κατορθώσει
1035 4872 1300 4928 νεωτερος
1340 4858 1443 4930 τὴν
1493 4858 1609 4912 ὀδδν
1642 4858 1843 4929 αὐτοῦς

267 4957 356 5010 Ἐν
384 4957 471 5026 τῷ
524 4955 869 5024 φυλάξασθαι
893 4953 1020 5016 τοὺς
1049 4953 1236 5021 λόγους
1269 4967 1385 5005 σου.

324 5051 567 5121 Κόσμος
605 5048 845 5110 νεανίαις
881 5046 1064 5115 σοφία.

325 5144 685 5214 Εὐφραίνου,
736 5140 1011 5203 νεανίσκε,
1052 5140 1110 5192 ἐν
1151 5140 1386 5209 ἡμέραις
1433 5138 1686 5210 νεότητός
1731 5155 1848 5204 σου,

254 5239 349 5288 καὶ
382 5235 732 5304 ἀγαθυνάτω
764 5248 825 5284 σε
855 5231 888 5300 ἡ
920 5229 1116 5299 καρδία
1148 5247 1242 5283 σου
1267 5245 1280 5259 ⁸
1312 5230 1408 5283 καὶ
1439 5233 1734 5298 περιπάτει
1795 5230 1854 5281 ὲν

247 5332 396 5393 ὁδοῖς
446 5329 684 5399 καρδίας
721 5344 814 5380 σου
870 5327 1122 5395 ἄμωμος,
1161 5326 1256 5378 καὶ
1312 5326 1369 5376 ὲν
1406 5324 1597 5394 ὁράσει
1649 5325 1852 5393 ὀφθαλ-

253 5423 375 5490 μῶν
412 5437 544 5474 σου⁸
579 5422 671 5474 καὶ
703 5417 872 5486 γνῶθι
902 5419 987 5472 δτι
1019 5417 1113 5470 ἐπὶ
1145 5415 1280 5469 πᾶσι
1314 5415 1527 5478 τούτοις
1578 5414 1697 5479 ἄξει
1732 5431 1789 5466 σε
1827 5415 1854 5466 ὁ

250 5513 392 5576 Θεὸς
429 5513 521 5575 είς
562 5510 768 5582 κρίσιν.

322 5601 512 5658 Εἶπον
542 5605 594 5656 οῖ
620 5602 983 5671 πρεσϐύτεροι
1015 5600 1149 5672 πρὸς
1178 5599 1399 5671 Δανιήλο
1427 5598 1599 5672 Δεῦρο
1627 5601 1853 5654 κάθισον

251 5697 312 5748 ὲν
350 5696 524 5766 μέσῳ
558 5694 739 5764 ήμῶν,
784 5694 879 5747 καὶ
930 5691 1266 5760 ἀπάγγειλον
1297 5693 1452 5762 ἡμῖν,
1486 5693 1567 5745 ὅτι
1593 5708 1684 5753 ,σοι
1719 5692 1855 5744 ἐδω-

249 5805 352 5840 κεν
385 5790 417 5841 ὁ
452 5787 601 5850 Θεὸς
631 5788 692 5839 τὸ
724 5786 1146 5856 πρεσϐυτέριον,

323 5881 580 5950 Τέκνον,
629 5881 688 5934 ἐν
739 5878 952 5948 νεότητί
1008 5893 1102 5931 σου
1154 5877 1401 5946 ἑπίλεξαι
1433 5878 1706 5944 παιδείαν,
1756 5879 1855 5932 καὶ

1959 4689 2186 4760 longaevi
2219 4690 2310 4761 qui
2341 4702 2489 4755 sunt,
2521 4692 2684 4747 iidem
2735 4695 3012 4765 sapientes
3041 4708 3190 4762 sunt,
3246 4712 3346 4754 nec
3377 4714 3538 4758 senes

1959 4779 2296 4847 diiudicandi
2328 4783 2593 4838 rationem
2628 4795 2851 4840 norunt.

2031 4873 2145 4937 Qua
2178 4873 2231 4926 in
2269 4889 2324 4928 re
2351 4875 2808 4932 adolescentiores
2837 4877 2959 4934 vitae
3005 4881 3309 4936 institutum
3348 4897 3541 4940 emen-

1959 4963 2196 5018 dabunt?
2226 4963 2283 5020 Si
2317 4966 2426 5021 tuis
2463 4970 2807 5024 sermonibus
2831 4973 3115 5038 parebunt.

2032 5055 2474 5111 Adolescentinm
2503 5070 2734 5114 ornatus
2753 5062 3020 5131 sapientia
3041 5075 3146 5120 est.

2033 5147 2304 5205 Solomon.
2342 5149 2544 5210 Eccles.
2596 5168 2656 5208 ιι.
2693 5152 2825 5207 Dum
2868 5156 3085 5222 juvenis
3129 5173 3214 5226 es,
3252 5159 3455 5225 laetare,
3489 5167 3545 5216 et

1963 5244 2146 5296 animo
2176 5253 2265 5297 tuo
2290 5244 2617 5315 obsequere,
2667 5247 2916 5302 instituta
2951 5249 3136 5306 cordis
3171 5253 3244 5305 tui
3297 5253 3418 5307 sine
3445 5268 3544 5306 cu-

1958 5332 2155 5402 jusque
2208 5335 2651 5402 reprehensione,
2704 5347 2761 5391 et
2804 5354 2925 5408 quae
2970 5340 3203 5393 viderint
3251 5341 3390 5394 oculi
3439 5343 3539 5405 tui,

1963 5441 2212 5494 sequere.
2249 5425 2354 5480 Sed
2389 5425 2514 5480 illud
2547 5429 2687 5481 scito
2725 5427 2860 5494 fore,
2919 5437 2975 5482 ut
3027 5430 3092 5484 de
3145 5427 3230 5485 bis
3288 5432 3544 5489 omnibus

1965 5514 2106 5568 Dens
2133 5523 2184 5568 te
2213 5513 2552 5584 injudicium
2591 5525 2745 5570 vocet
2767 5531 2947 5570 suum.

2036 5605 2172 5659 Dan.
2223 5622 2343 5661 xm.
2405 5607 2664 5661 Dixerunt
2699 5610 2941 5663 seniores
2976 5607 3182 5662 Danieli
3212 5626 3225 5661 :
3257 5610 3389 5676 Age.
3415 5623 3516 5665 con

1966 5698 2083 5752 side
2117 5699 2168 5751 in
2216 5698 2393 5751 medio
2435 5713 2704 5764 nosmim,
2747 5715 2810 5754 ac
2842 5700 3056 5753 declara
3093 5701 3250 5756 nobis
3283 5713 3545 5772 quantam

1966 5787 2061 5840 tibi
2091 5785 2315 5841 senilem
2343 5787 2685 5857 prudentiam
2718 5787 2943 5856 largitus
2974 5788 3044 5844 sit
3077 5788 3238 5845 Dens.

2036 5877 2224 5935 Sirach
2256 5895 2328 5937 vr.
2364 5879 2491 5947 Fili,
2520 5882 2570 5935 in
2612 5888 2769 5936 aetate
2804 5878 3034 5950 juvenili
3062 5882 3254 5956 collige
3284 5882 3548 5944 eruditio-
