3928 6574
418 413 556 474 105‘)

1672 402 1990 465 ANTONII
2029 400 2376 464 MELISSA!

3526 404 3652 468 1060

411 547 552 594 tlellt,
592 537 646 585 et
685 528 838 599 quasi
887 542 1051 584 arans
1096 532 1152 582 et
1201 540 1388 582 serens
1427 525 1492 581 ad
1521 539 1638 581 eam
1669 526 1887 592 accede,
1919 522 1982 577 il-

2112 521 2159 583 b;
2187 520 2455 591 ἀροτριῶν
2484 521 2580 576 καὶ
2611 519 2852 590 σπείρων
2888 518 3154 590 πρόσελθε
3186 519 3324 589 αὐτῇ
3354 534 3370 550 ο
3408 519 3506 572 καὶ
3536 521 3656 575 ἀνά·

412 622 618 688 liusque
654 620 891 689 optimos
924 617 1133 672 fructus
1169 616 1332 686 158
1361 624 1702 684 exspectato.

482 713 611 779 Fili,
653 712 837 765 ﬂorem
869 710 1044 764 aetatis
1068 717 1170 763 tua:
1206 720 1372 762 tutum
1401 716 1747 762 conservato.

480 805 709 874 lgnatii;
743 803 1033 872 'l'lteopltori
1059 801 1158 872 (l).
1193 799 1409 854 Samuel
1437 814 1560 852 cum
1589 800 1765 852 adhuc
1791 814 1991 869 parvus

415 907 585 960 esset,
643 897 832 949 videns
868 904 951 949 est
1005 903 1227 948 vocatus
1263 906 1323 944 ac
1360 891 1413 944 in
1456 890 1845 962 prophetarqu
1888 904 1992 944 nu-

418 1004 621 1044 merum
663 999 967 1056 cooptatus.
1024 986 1208 1038 Daniel
1238 985 1417 1038 adhuc
1461 982 1678 1054 juvenis
1721 999 1988 1039 consertes

419 1083 684 1152 quosdam
712 1081 928 1151 judicio,
957 1078 1255 1142 damnavit,
1311 1091 1518 1147 eosque
1567 1092 1677 1132 non
1724 1078 1991 1142 seniores,

418 1175 509 1230 scd
545 1172 1098 1242 perditeJihidinosos
1123 1186 1242 1225 esse
1289 1171 1707 1227 demonstravit.
1731 1169 1993 1227 Jeremias

419 1280 537 1317 cum
571 1262 875 1331 juventutis
907 1277 1070 1314 causa
1098 1275 1216 1314 eam
1258 1276 1419 1329 quant
1459 1260 1601 1313 Deus
1632 1260 1682 1314 ei
1718 1259 1991 1324 tradebat,

419 1355 775 1423 prOphctanni
831 1352 1167 1420 provinciam
1203 1361 1498 1414 recusaret,
1545 1367 1572 1404 a
1627 1352 1736 1405 Deo
1769 1352 1860 1405 illa
1890 1367 1990 1405 au-

419 1449 498 1502 dit
530 1464 543 1500 :
574 1445 648 1499 'l'e
677 1445 949 1515 juniorcm
1000 1459 1120 1499 eSse
1159 1443 1228 1498 ne
1286 1445 1456 1498 dicito
1489 1461 1502 1509 ;
1539 1444 1606 1498 ad
1638 1458 1993 1513 quoscunque

419 1538 562 1590 enim
597 1545 644 1588 te
675 1535 896 1596 misero,
937 1533 1320 1600 prolicisceris.
1367 1533 1628 1586 Salomon
1678 1541 1856 1586 autem
1903 1532 1995 1585 ille

421 1629 638 1698 sapiens
682 1642 806 1680 cum
845 1625 1128 1679 duodecim
1193 1625 1416 1678 haberet
1478 1639 1672 1687 annos.
1739 1638 1992 1694 magnam

419 1720 769 1790 tjuzestionetu
815 1716 882 1771 de
942 1717 1284 1786 ignoratione
1339 1716 1625 1770 mulierum
1661 1731 1766 1768 non
1823 1728 1993 1786 agno-

420 1813 684 1868 scentium
767 1825 901 1865 suos
967 1811 1168 1864 liberos
1235 1807 1576 1878 dijudicavit.
1653 1806 1822 1860 David
1876 1822 1996 1875 pro-

421 1905 582 1974 pheta
637 1901 803 1956 simul
869 1911 922 1956 et
979 1916 1075 1954 rex
1124 1899 1572 1954 adolescentulus
1623 1897 1860 1953 adhuca
1895 1897 1994 1952 Sa-
2027 1879 2073 1938 Β

420 1997 598 2050 muele
627 1997 691 2049 ad
721 1995 964 2049 futurum
999 2010 1222 2065 regnum
1261 1994 1503 2064 ungitur.

484 2092 511 2142 I
534 2088 680 2144 Petr.
701 2088 980 2152 iuniores,
1007 2087 1236 2154 subjecti
1258 2096 1431 2142 estote
1459 2085 1786 2140 senioribus.

493 2179 550 2234 S.
585 2179 789 2232 Basilii.
813 2179 930 2232 Non
961 2179 1104 2232 enim
1135 2187 1289 2233 aetate
1314 2176 1550 2245 juvenis,
1580 2175 1675 2231 sed
1709 2176 1799 2246 qui
1819 2175 2001 2232 animo

423 2269 744 2338 imperfecto
773 2277 854 2322 est
875 2269 1057 2336 junior
1082 2269 1298 2324 dicitur.

496 2361 762 2430 'l‘lieologi.
794 2360 848 2414 Si
885 2361 1250 2430 quisjuvenis
1289 2371 1391 2428 est,
1435 2361 1710 2418 adversus
1737 2361 2003 2432 cupidita-

2097 631 2222 684 μενε
2249 615 2375 676 τοὺς
2407 613 2650 680 ἀγαθοὺς
2682 612 2926 682 καρποὺς
2965 613 3156 681 αὐτῆς.

2164 706 2386 769 Τέκνον,
2417 706 2602 775 ἀκμὴν
2633 704 2848 775 ἡλικίας
2877 721 2970 758 σου
3005 705 3350 775 συντήρησον
3381 705 3622 775 ἀσφαλῆ.

2176 799 2236 851 Ὀ
2269 799 2554 868 Σαμουὴλ,
2591 797 2876 865 παιδάριον
2898 797 2993 863 ὢν,
3027 800 3054 850 6
3083 797 3294 866 βλέπων
3318 797 3547 867 ἐκλήθη,
3574 796 3660 850 καὶ

2092 890 2169 960 τῷ
2214 889 2358 960 χορῷ
2403 890 2511 942 τῶν
2545 889 2841 960 προφητῶν
2889 889 3281 958 ἐγκατελέχθη.
3313 889 3516 959 Δανιὴλ
3550 889 3660 952 νέος

2093 982 2189 1043 ὢν,
2225 981 2441 1051 ἔκρινεν
2494 983 2862 1050 ὀμογέροντάς
2894 998 3070 1045 τινας,
3103 981 3285 1046 δείξας
3319 981 3541 1045 ἐξώλεις
3573 983 3661 1032 αὖ·

2093 1074 2217 1136 τοὺς
2259 1075 2351 1126 καὶ
2381 1075 2440 1126 ού
2496 1074 2901 1142 πρεσϐυτέρους
2952 1071 3110 1130 εἶναι.
3152 1077 3429 1146 Ἱερεμίας
3473 1076 3561 1128 δια
3606 1075 3661 1127 τὸ

2096 1165 2215 1218 νέον
2263 1166 2696 1236 παραιτούμενος
2726 1166 2825 1235 τὴν
2861 1165 3310 1236 ὲγχειριζομένην
3341 1166 3494 1234 αὐτῷ
3521 1167 3662 1236 παρὰ

2094 1254 2189 1306 τοῦ
2223 1256 2358 1307 Θεοῦ
2407 1257 2766 1325 προφητείαν,
2807 1258 2996 1308 ἀκούει
3025 1274 3038 1287 ’
3080 1277 3098 1307 ι
3147 1257 3240 1326 Μὴ
3273 1259 3417 1324 λέγε,
3460 1257 3659 1308 Nerine-

2101 1351 2192 1416 ρὸς
2240 1351 2393 1416 εἰμι·
2427 1349 2560 1400 διότι
2612 1350 2749 1417 πρὸς
2791 1351 2999 1411 πάντας
3045 1349 3138 1410 οὓς
3185 1351 3278 1402 ἑὸν
3326 1347 3660 1412 ἐξαποστελώ

2100 1458 2179 1501 σε,
2233 1439 2498 1510 πορεύσῃ.
2557 1459 2576 1491 ι
2627 1441 2882 1508 Σολομῶν
2927 1441 2984 1493 δὲ
3036 1443 3063 1493 6
3116 1443 3297 1510 σοφὸς,
3339 1440 3659 1492 δυοκαίδεκα

2097 1529 2380 1598 τυγχάνων
2438 1530 2594 1592 ἐτῶν,
2630 1530 2830 1598 συνῆκε
2859 1530 2916 1582 τὸ
2951 1533 3092 1600 μέγα
3125 1530 3225 1599 τῆς
3258 1530 3536 1596 ἀγνωσίας
3565 1526 3663 1580 τῶν

2099 1624 2376 1688 γυναικῶν
2407 1624 2500 1676 ἐπὶ
2525 1626 2637 1686 τοῖς
2668 1626 2950 1693 σφετέροις
2979 1627 3190 1687 τέκνοις
3211 1625 3452 1694 ζήτημα.
3484 1623 3661 1691 Δαυΐό,

2097 1717 2125 1768 6
2175 1717 2460 1785 προφήτης
2499 1716 2633 1785 ὁμοῦ
2671 1719 2763 1770 καὶ
2812 1718 3086 1786 βασιλεὺς,
3120 1719 3408 1788 μειράκιον
3459 1717 3662 1788 χρίεται

2101 1809 2205 1860 ὑπὸ
2237 1809 2492 1878 Σαμουὴλ
2525 1810 2602 1871 είς
2639 1809 2890 1878 βασιλέα.

2162 2080 2465 2149 ηΝεώτεροι,
2494 2081 2804 2150 ὑποτάγητε
2841 2081 3256 2153 πρεσϐυτέροις.

2171 2176 2248 2230 Οὐ
2289 2175 2398 2245 γὰρ
2427 2175 2526 2243 τὴν
2558 2175 2774 2243 ἡλικίαν
2813 2177 2950 2241 νέος,
2984 2176 3098 2231 ἀλλ’
3125 2177 3153 2230 6
3187 2175 3286 2246 τὴν
3315 2172 3498 2245 ψυχὴν
3535 2175 3652 2228 ἀτε-

2102 2267 2217 2337 λὴς,
2254 2268 2514 2339 νεώτερος
2545 2269 2784 2336 λέγεται.

2173 2360 2312 2422 Νέος
2352 2360 2431 2422 τίς
2461 2362 2609 2426 ὲστις
2649 2363 2789 2414 κατὰ
2821 2363 2928 2414 τῶν
2959 2360 3143 2414 παθῶν
3183 2358 3538 2428 άνδριζέσθω,
3572 2359 3654 2411 καὶ

422 2464 500 2506 tes
524 2465 578 2507 et
639 2453 1072 2522 perturbationes
1117 2451 1271 2507 lortis
1317 2453 1406 2516 sit,
1447 2462 1766 2524 tantumque
1795 2469 1858 2509 ex
1885 2453 1997 2522 ipsa

2112 2451 2356 2505 τοσοῦτον
2386 2454 2713 2507 ἀπολαυέτω
2746 2453 2844 2515 τῆς
2877 2453 3148 2522 νεότητος,
3184 2454 3246 2505 τὸ
3284 2451 3360 2520 μὴ
3388 2449 3653 2518 νεωτέρων

416 2543 706 2613 juventute
750 2545 929 2613 capiat
955 2544 1222 2608 utilitatis,
1295 2553 1353 2598 ut
1400 2543 1680 2611 iuniorum
1719 2545 1997 2614 perturba-

2112 2542 2334 2611 παθεῖν,
2379 2546 2513 2602 ἀλλὰ
2576 2547 2950 2618 πρεσϐυτικὴν
3025 2547 3286 2617 φρόνησιν
3333 2545 3394 2597 ἐν
3451 2543 3656 2614 ἀκμαίῳ

422 2636 669 2688 tionibus
720 2650 830 2689 non
880 2636 1107 2701 serviat,
1138 2636 1230 2690 sed
1271 2635 1496 2690 senilem
1545 2637 1892 2705 prudentiam
1944 2637 2000 2692 in

426 2728 629 2796 vigenti
671 2742 900 2796 corpore
939 2737 1213 2792 exerceat,
1247 2738 1301 2782 et
1340 2729 1392 2782 id
1429 2729 1534 2782 erit
1563 2729 1734 2798 gratia
1769 2729 1996 2800 dignum

421 2818 651 2887 majore,
682 2833 844 2889 quam
885 2819 977 2887 qui
1017 2819 1068 2870 in
1105 2819 1364 2899 Olympiis
1401 2829 1758 2875 coronantur.

493 2909 767 2980 Optimum
833 2919 918 2965 est
963 2909 1216 2979 juvenem
1268 2909 1349 2966 vel
1396 2920 1522 2967 ante
1553 2922 1763 2982 tempus
1806 2923 2008 2983 tempe-

420 3012 632 3070 rantem
675 3016 813 3055 esse.

491 3090 713 3147 Juvenis
740 3109 819 3157 es,
851 3102 934 3149 sta
975 3101 1166 3147 contra
1213 3105 1392 3147 motus
1422 3094 1587 3148 animi
1618 3097 2003 3165 perturbatos;

2105 2636 2182 2703 τῷ
2237 2638 2448 2709 σώματι
2498 2639 2833 2705 ὲξασκείτω,
2884 2638 2980 2693 καὶ
3031 2641 3191 2710 χάρις
3241 2639 3399 2692 ἔσται
3431 2640 3498 2708 τῇ
3548 2637 3657 2707 νίκῃ

2107 2731 2269 2784 πλέον
2303 2732 2334 2802 ἢ
2369 2733 2427 2784 ὲν
2457 2731 2775 2802 Ὀλυμπίοις
2810 2731 3261 2803 στεφανούμενοι.

2178 2909 2482 2980 Κράτιστον
2512 2910 2600 2963 τὸν
2630 2910 2748 2965 νέον
2782 2911 2877 2964 καὶ⁵
2906 2910 3013 2981 πρὸ
3046 2909 3199 2980 ὥρας
3224 2909 3574 2979 σωφρονεῖν.-

2179 3090 2318 3156 Νέος
2356 3088 2442 3159 ei;
2475 3095 2793 3163 στῆθικατὰ
2835 3094 2943 3148 τῶν
2989 3094 3217 3149 παθῶν·
3272 3093 3413 3165 μετὰ
3437 3094 3530 3164 τῆς
3572 3091 3653 3145 τοῦ

415 3202 544 3242 cum
579 3185 916 3254 baptismatis
980 3186 1186 3239 auxilio
1220 3186 1269 3239 in
1335 3187 1429 3241 Dei
1459 3188 1630 3241 aciem
1699 3188 1781 3242 fac
1835 3191 1997 3243 adnu-

2112 3185 2488 3256 βαπτίσματος
2537 3190 2854 3260 συμμαχίας
2888 3189 2966 3251 είς
2996 3189 3130 3242 Θεοῦ
3193 3187 3494 3257 παράταξιν
3519 3186 3649 3254 ἀριθ-

421 3279 684 3346 mereris;
704 3287 887 3332 contra
911 3277 1122 3334 Goliath
1139 3293 1262 3349 gere
1284 3286 1335 3333 te
1358 3279 1601 3348 fortiter;
1627 3295 1846 3336 assume
1861 3281 2010 3337 mille

421 3381 517 3425 aut
544 3371 730 3426 decem
767 3370 983 3424 millia:
1018 3371 1085 3425 ad
1139 3370 1284 3425 hunc
1326 3369 1546 3426 modum
1602 3373 1835 3429 fructum
1889 3387 2010 3443 per-

420 3463 587 3531 cipilo
617 3461 875 3532 juventae.

492 3553 792 3607 Plutarchi.
821 3552 1148 3608 Plutarchus
1167 3551 1392 3623 juvenes
1425 3553 1744 3608 hortabatur
1773 3563 1831 3609 ut
1892 3555 2008 3610 haec

419 3645 524 3698 tria
569 3644 766 3698 habere
799 3654 1056 3699 curarent
1099 3660 1114 3698 :
1153 3645 1202 3696 in
1245 3645 1428 3698 animo
1460 3648 1896 3714 temperantiam,
1939 3649 1996 3705 in

423 3735 607 3804 lingua
639 3736 938 3800 silentium,
977 3737 1028 3789 in
1064 3750 1160 3790 ore
1193 3744 1373 3789 autent
1405 3735 1698 3804 pudorem.

851 3845 1082 3902 εει).Μο
1122 3846 1218 3900 xx
1252 3847 1352 3918 [aL
1395 3845 1580 3918 CLII].

426 3939 502 3994 De
515 3939 798 4008 juvenibus
826 3941 879 3993 in
913 3939 1266 4006 imprudentia
1294 3947 1342 3992 et
1372 3939 1700 4008 ignoratione
1731 3939 1889 3994 vitam
1919 3942 2010 3997 de-

1076 4009 1376 4080 gentilibus.

493 4098 588 4154 ΙΙΙ
625 4099 752 4170 Reg.
782 4115 876 4154 xu.
905 4098 1230 4154 Deliberavit
1259 4099 1501 4155 ltoboam
1537 4116 1664 4156 cum
1691 4102 2008 4158 adolescen-

421 4192 550 4246 tnlis
573 4193 874 4260 aequalibus
899 4191 1034 4254 suis,
1056 4193 1147 4261 qui
1176 4190 1601 4247 circumstabant
1626 4193 1772 4246 illum
1800 4209 1814 4246 :
1843 4192 2004 4260 Quid,

423 4286 620 4354 inquit,
655 4284 786 4338 mihi
807 4284 1114 4346 consulitis,
1141 4292 1200 4337 ut
1233 4285 1591 4352 respondeam
1629 4285 1755 4340 huic
1783 4287 2002 4354 populo,

416 4388 474 4432 et
513 4377 619 4432 illis
645 4378 734 4446 qui
779 4376 882 4430 hac
927 4376 1174 4430 oratione
1209 4375 1351 4445 apud
1381 4391 1464 4430 me
1494 4387 1757 4430 utentur:
1792 4376 1998 4448 Jugum

418 4471 562 4537 quod
600 4480 750 4539 pater
785 4478 912 4524 tuus
963 4469 1120 4522 nobis
1151 4466 1432 4536 imposuit,
1471 4467 1643 4523 levius
1671 4469 1875 4522 facito?
1917 4469 1997 4524 illi

423 4561 800 4628 respondent:
837 4556 936 4612 His
959 4557 1166 4622 verbis,
1193 4557 1448 4625 inquiunt
1498 4557 1614 4622 isti,
1659 4559 1860 4627 populo
1917 4576 2001 4615 re-

417 4651 754 4718 spondebis:
785 4648 1028 4703 Parvitas
1063 4663 1179 4702 mea
1221 4648 1406 4702 lumbo
1435 4651 1604 4715 patris
1633 4650 1735 4704 mei
1759 4637 1999 4706 crassior

415 4757 498 4796 (εει
524 4757 539 4807 ;
566 4751 619 4794 et
646 4755 791 4795 nunc
820 4751 972 4808 pater
998 4755 1153 4794 meus
1184 4740 1329 4810 gravi
1356 4739 1489 4809 jttgo
1508 4740 1659 4796 vobis
1681 4742 1995 4810 imperavit,

417 4852 522 4906 ego
556 4837 774 4904 gravius
829 4833 1105 4902 imponam
1149 4832 1338 4900 vobis;
1377 4843 1534 4902 pater
1588 4828 1756 4889 meus'
1777 4834 1998 4907 ﬂagellis

417 4945 517 4984 vos
549 4925 872 4996 castigavit,
898 4939 998 4996 ego
1027 4939 1124 4981 vos
1154 4925 1535 4994 scorpionibus
1556 4927 1861 4997 castigabo.

484 5189 778 5247 Scholinm.
835 5188 1039 5244 Audaci
1072 5197 1236 5256 atque
1287 5188 1526 5258 superbo
1558 5187 1793 5243 consilio
1838 5187 1997 5255 juve-

412 5301 544 5340 uum
589 5283 752 5354 159
791 5283 918 5338 dum
974 5291 1128 5351 paret
1160 5281 1430 5346 Roboam,
1485 5281 1760 5350 subjectos
1796 5281 1859 5337 ad
1901 5282 1995 5338 de-

413 5379 707 5432 liciendum
741 5384 794 5430 et
821 5373 1190 5430 rebellandum
1217 5373 1561 5442 praaparavit.

491 5467 652 5523 Prov.
679 5482 814 5521 mi.
839 5455 1086 5521 Stultitia
1111 5479 1344 5534 appensa
1385 5473 1468 5518 est
1514 5463 1664 5517 cordi
1691 5463 1988 5534 juvenum,

411 5563 560 5632 virga
584 5569 767 5614 autem
796 5568 850 5612 et
875 5557 1160 5628 castigatio
1187 5567 1317 5611 sunt
1349 5556 1540 5624 procul
1575 5555 1643 5610 ab
1674 5557 1775 5612 eis.

485 5651 662 5706 Eccle.
705 5665 765 5706 tt.
803 5647 1064 5704 Iuventus
1093 5656 1147 5701 et
1186 5646 1446 5716 iniquitas
1491 5646 1621 5700 nihil
1673 5646 1819 5703 aliud
1865 5655 1992 5704 sunt

404 5762 569 5818 quam
607 5743 836 5798 vanitas.

477 5860 553 5930 (l)
583 5859 625 5914 ιι
673 5857 832 5928 epist.
868 5857 931 5911 ad
969 5855 1368 5924 Magnesianos.

2116 3276 2359 3348 μήθητιο
2418 3279 2740 3349 ἁρίστευσον
2793 3283 2934 3334 κατὰ
2982 3281 3077 3333 τοῦ
3126 3279 3356 3334 Γολιὰθ·
3406 3279 3529 3334 λάϐε
3569 3280 3650 3339 τὰς

2111 3371 2378 3441 χιλιάδας,
2426 3372 2460 3443 ἦ
2506 3374 2604 3435 τὰς
2654 3374 2946 3444 μυριάδας.
2977 3372 3140 3426 Οὕτω
3174 3373 3270 3443 τῆς
3301 3373 3511 3442 ἡλικίας
3535 3373 3649 3425 ἁπό-

2111 3465 2210 3518 λαυ
2219 3483 2327 3520 σον.

2187 3559 2528 3628 Πλούταρχος
2563 3557 2960 3628 παρεκελεύετο
2993 3561 3106 3622 τοῖς
3143 3559 3308 3622 νέοις,
3345 3560 3468 3629 τρία
3495 3558 3640 3610 ταῦτα

2110 3653 2253 3721 ἔχειν
2283 3665 2300 3681 *
2348 3650 2440 3703 ἐπὶ
2477 3651 2576 3718 μὲν
2603 3650 2703 3720 τῆς
2757 3651 2982 3720 γνώμης
3024 3653 3340 3722 σωνρρονεῖν,
3375 3653 3463 3704 ἐπὶ
3487 3649 3537 3703 δὲ
3558 3650 3639 3719 τῆς

2110 3743 2361 3812 γλώσσης
2394 3742 2580 3809 σιγὴν,
2614 3743 2706 3794 ἐπὶ
2731 3743 2789 3796 δὲ
2818 3743 2914 3796 τοῦ
2943 3742 3238 3812 προσώπου
3269 3742 3420 3797 αίδὼ.

2713 3851 2931 3905 ΛΟΓΟΣ
2983 3853 3068 3909 κ’.

2175 3936 2312 4007 Περὶ
2342 3940 2494 3992 νέων
2521 3941 2592 3994 ἐν
2623 3941 2939 4014 ἀφροσύνῃ
2975 3946 3073 4000 καὶ
3101 3948 3318 4018 ἀγνοίᾳ
3354 3947 3585 4009 ζώντων.

2179 4096 2646 4154 Συνεόουλεύσατο
2707 4099 2947 4171 Ῥοσοὰμ
3010 4106 3149 4171 μετὰ
3211 4105 3322 4159 τῶν
3377 4105 3644 4174 παιδαρίων

2107 4187 2215 4240 τῶν
2265 4190 2651 4260 ἐκτραφέντων
2691 4192 2811 4262 μετ’
2848 4195 3036 4259 αὐτοῦ,
3090 4195 3198 4249 τῶν
3249 4196 3642 4267 παρεστηκότοιν

2107 4280 2213 4349 πρὸ
2246 4281 2536 4348 προσώπου
2567 4283 2755 4350 αὐτοῦ,
2785 4286 2909 4338 ius!
2961 4285 3114 4341 εἶπεν
3145 4289 3333 4353 αὖτοῖς
3354 4306 3368 4321 ο
3402 4291 3463 4342 Τί
3509 4290 3644 4356 ὑμεῖς

2109 4371 2508 4439 συμϐουλεύσατέ
2563 4392 2692 4444 μοι;
2732 4379 2826 4431 καὶ
2863 4379 3149 4450 ἀποκριθῶ
3198 4382 3278 4452 τῷ
3329 4383 3441 4451 λαῷ
3491 4382 3640 4452 τούτῳ

2106 4462 2200 4517 καὶ
2229 4466 2336 4528 τοῖς
2367 4464 2587 4519 λαλοῦσι
2617 4469 2756 4538 πρός
2781 4484 2872 4539 με’
2901 4472 3175 4540 Κούφισον
3209 4473 3317 4528 ἀπὸ
3346 4475 3439 4528 τοῦ
3463 4472 3644 4535 κλοιοῦ,

2101 4551 2164 4610 οῦ
2211 4555 2413 4612 ἔδωκεν
2452 4561 2481 4611 6
2524 4563 2709 4631 πατήρ
2748 4579 2841 4616 σου
2882 4565 2971 4631 ἐφ’
3017 4567 3185 4634 ἡμᾶς.
3241 4567 3353 4620 Καὶ
3408 4568 3646 4637 ἐλάλησαν

2099 4648 2238 4717 πρὸς
2271 4649 2435 4703 αὑτὸν
2466 4652 2739 4721 λέγοντες·
2767 4655 2905 4710 Τάδε
2935 4657 3190 4728 λαλήσεις
3222 4659 3300 4729 τῷ
3334 4659 3444 4731 λαῷ
3472 4661 3644 4727 τούτῳ⁸

2113 4739 2178 4799 '[l
2212 4741 2480 4811 μικρότης
2511 4761 2614 4812 μου
2648 4748 2932 4816 παχυτέρα
2979 4750 3077 4818 τῆς
3104 4750 3308 4817 ὀσφύος
3341 4751 3432 4805 τοῦ
3465 4750 3642 4821 πατρός

2102 4829 2206 4902 μού
2238 4833 2353 4886 ἐστι
2386 4848 2402 4865 ·
2451 4837 2548 4889 καὶ
2577 4836 2669 4889 νῦν
2711 4841 2739 4892 6
2771 4841 2955 4912 πατήρ
2988 4861 3091 4912 μου
3122 4844 3427 4897 ἐπέτασσεν
3457 4844 3571 4913 ὑμῖν
3597 4845 3642 4894 ὲν

2103 4921 2268 4990 κλοιῷ
2298 4923 2475 4992 βαρεῖ,
2519 4926 2675 4994 κάγὼ
2704 4933 3000 5000 προσθήσω
3038 4934 3132 4984 ἐπὶ
3166 4937 3260 4986 τὸν
3288 4935 3462 4988 κλοιὸν
3495 4934 3639 5003 ὑμῶν.

2115 5011 2178 5064 Ὀ
2211 5017 2393 5084 πατήρ
2438 5033 2542 5085 μου
2573 5019 2894 5072 ἐπαίδευσεν
2934 5023 3080 5091 ὑμᾶς
3123 5025 3181 5077 ὲν
3223 5026 3464 5095 μάστιξι,
3511 5023 3641 5090 κάγὼ

2104 5105 2380 5160 παιδεύσω
2411 5107 2553 5177 ὑμᾶς
2587 5112 2645 5163 ἐν
2683 5114 2986 5182 σκορπίοις.

2173 5196 2252 5266 Τῇ
2304 5199 2533 5272 θρασείᾳ
2563 5203 2656 5256 καὶ
2687 5204 3024 5277 ὑπερηφάνῳ
3064 5207 3370 5280 συμϐουλία
3400 5207 3499 5261 τῶν
3523 5205 3638 5259 νέων

2104 5290 2350 5353 πεισθεὶς
2405 5291 2669 5362 Ῥοὸοαμ,
2720 5297 3019 5365 ἀφηνιάσαι
3047 5299 3145 5368 τῆς
3185 5298 3460 5369 βασιλείας
3497 5310 3639 5365 παρε-

2098 5384 2333 5436 σκεύασε
2363 5386 2490 5449 τοὺς
2525 5387 2822 5457 ὑπηκόους.

2189 5473 2368 5545 Ἀνοίᾳ
2393 5475 2627 5544 ἐξῆπται
2659 5480 2856 5548 καρδία
2883 5481 3004 5534 νέου
3028 5497 3041 5511 ·
3073 5481 3271 5552 ῥάϐδος
3315 5482 3368 5536 δὲ
3411 5483 3497 5536 καὶ
3530 5493 3639 5532 παν

2099 5565 2216 5618 δεία
2254 5566 2471 5637 μακρὰν
2503 5567 2600 5621 ἀπ’
2627 5570 2814 5627 αὐτοῦ.

2185 5657 2248 5710 Ἥ
2285 5661 2470 5732 νεότης
2497 5664 2650 5733 καὶὴ
2687 5664 2885 5736 ἀνομία
2921 5668 3243 5738 ματαιότης.
