3890 6576
248 398 370 467 1061

1046 396 1218 460 LOCI
1246 396 1695 465 COMMUNES.
1740 424 1809 436 -·’
1847 400 2043 463 PARS
2083 401 2172 465 Il.
2212 399 2477 463 SERMO
2513 403 2675 464 XXI.

3362 402 3511 472 1062

302 509 462 563 Φύσει
489 505 836 580 ἀρρώστημα
867 505 1025 562 τοῦτο
1053 509 1217 575 νέοις,
1250 510 1550 581 κουφότητι
1581 511 1806 582 γνώμης

1986 511 2045 567 S.
2071 510 2287 567 Basilii.
2325 510 2637 569 Iuventutis
2668 513 2918 571 naturale
2943 513 3134 572 vitium
3175 516 3283 574 hoc
3308 528 3417 584 est,
3450 530 3512 571 ut

243 608 377 674 ἔχειν
407 600 827 673 ῆδψνομίζουσι
865 599 933 654 τὰ
967 601 1293 656 ἐλπισθέντα.
1316 618 1330 631 ·
1365 603 1494 657 ὅταν
1528 604 1635 675 γάρ
1677 622 1807 659 ποτε

244 695 467 765 ἡσυχίας
496 692 759 758 λάϐωσιν,
795 693 827 764 ῆ
885 694 1123 764 ἐρημίας
1155 696 1503 765 νυκτερινῆς,
1533 696 1811 753 ἀναπλάτ-

247 804 415 840 τουσιν
444 786 661 848 ἑαυτοῖς
688 786 989 854 φαντασίας
1025 787 1455 852 ἀνυποστάτους,
1488 790 1554 859 τῇ
1587 789 1812 860 εὐκολίᾳ

242 880 329 946 τῆς
377 875 606 947 γνώμης
657 877 749 931 ἐπὶ
802 877 981 931 πάντα
1036 879 1367 947 φερόμενοι,
1425 879 1813 948 ὑποτιθέμενοι

241 970 597 1040 περιφανείας
646 967 787 1040 βίον,
848 969 1063 1040 γάμους
1109 970 1420 1045 λαμπροὺς,
1471 972 1810 1039 εὐπαιδείαν,

241 1065 409 1132 γῆρας
450 1061 609 1132 βαθὺ,
635 1061 736 1126 τὰς
784 1063 935 1131 παρὰ
968 1061 1191 1119 πάντων
1223 1062 1386 1134 τιμάς
1414 1080 1428 1094 ⁸
1480 1060 1601 1117 εἶτα
1638 1064 1813 1134 μηδα-

241 1154 337 1228 μοῦ
390 1157 585 1225 στῆναι
635 1155 751 1218 τοῖς
799 1153 1084 1227 λογισμοῖς
1127 1158 1444 1226 δυνάμενοι,
1489 1157 1816 1229 ὐποφυσῶν-

240 1266 344 1311 ται,
393 1246 489 1300 καὶ
543 1245 650 1299 ὑπὸ
694 1246 794 1316 τῆς
841 1247 1031 1310 ἀνοίας
1080 1248 1381 1303 ἀπολαύειν
1433 1249 1657 1303 δοκοῦσι
1707 1251 1816 1302 τῶν

239 1340 622 1408 ἐλπισθέντων,
650 1339 724 1404 ώς
754 1340 856 1412 ῆδη
885 1342 1195 1412 παρόντων,
1223 1343 1322 1396 καὶ
1352 1346 1412 1398 ἐν
1462 1343 1593 1397 ποσὶ
1627 1343 1818 1414 κειμέ-

240 1449 340 1485 νων
371 1433 583 1495 αὐτοῖς.

302 1611 522 1683 Κοῦιρον
556 1615 586 1685 ἡ
636 1614 848 1682 νεότης,
891 1615 985 1667 καὶ
1015 1615 1303 1688 εὐκίνητον
1353 1616 1490 1688 πρὸς
1518 1618 1587 1671 τὰ
1616 1619 1817 1688 φαῦλα,

239 1705 527 1777 ἐπιθυμίαι
574 1706 955 1774 δυσκάθεκτοι,
1008 1706 1176 1779 ὀργαὶ
1229 1707 1558 1778 θηριώδεις,
1612 1713 1822 1781 προπέ-

240 1815 399 1862 τειαι,
432 1797 609 1867 ὖὸρις,
635 1796 1033 1870 ὑπερηφανίαι,
1064 1802 1159 1851 καὶ
1189 1799 1510 1868 φυσιώσεις,
1538 1802 1821 1872 σύντροφα

1914 612 2142 672 pr0pter
2178 603 2459 658 levitatem
2493 603 2706 659 consilii
2766 620 2828 659 ea
2875 620 2935 658 se
2974 607 3176 660 habere
3213 607 3325 678 jam
3356 608 3510 663 arbi-

1924 702 2143 750 trentur
2169 710 2289 764 quae
2349 711 2445 766 spe
2489 696 2926 767 concupierunt;
2981 714 3104 753 cum
3138 701 3280 752 enim
3331 701 3513 764 quies-

1912 796 2080 853 cunt,
2151 798 2246 843 aut
2307 798 2470 845 noctu
2545 789 2641 844 soli
2708 800 2871 853 sunt,
2941 790 3151 860 fingunt
3220 789 3331 845 sibi
3393 791 3511 845 visa

1912 893 2035 948 qua:
2116 892 2386 947 nusquam
2444 887 2592 944 sunt,
2636 878 2891 934 facilitate
2969 880 3169 950 ingenii
3226 894 3324 949 per
3397 893 3515 932 οιιισ-

1914 970 2004 1025 nia
2051 969 2438 1042 cogitationem
2487 971 2976 1033 circumferentes.
3038 971 3352 1042 splendidas
3397 959 3511 1027 sibi

1916 1062 2042 1118 vita“:
2091 1060 2443 1118 conditiones
2492 1075 2850 1135 proponunt,
2900 1063 3217 1135 magnificas
3252 1063 3507 1131 nuptias,

1916 1155 2214 1212 liberorum
2258 1156 2469 1211 felicem
2520 1159 2978 1226 procreationem,
3013 1165 3353 1212 senectutem
3392 1155 3509 1209 lon-

1917 1265 2082 1321 gam,
2117 1265 2179 1305 ac
2235 1251 2472 1304 honores
2527 1247 2631 1304 sibi
2680 1249 2749 1304 ab
2792 1248 3047 1305 omnibus
3098 1248 3428 1304 deferendos
3485 1263 3501 1303 :

1917 1341 2119 1395 deinde
2151 1356 2277 1395 cum
2334 1356 2604 1413 nusquam
2655 1340 2983 1408 cogitatione
3026 1341 3334 1394 consistere
3383 1354 3512 1409 pns-

1918 1433 2073 1501 sint,
2108 1433 2386 1498 inﬂantur,
2417 1448 2479 1487 ac
2527 1447 2635 1502 prae
2665 1431 2892 1488 stultitia
2923 1432 3151 1501 speratis
3185 1446 3244 1489 se
3274 1431 3376 1485 frui
3406 1447 3511 1502 pu-

1922 1535 2062 1591 tant,
2099 1535 2362 1595 tanquam
2398 1524 2762 1594 prasentibus
2782 1534 2838 1579 et
2874 1533 3000 1580 ante
3027 1525 3192 1595 pedes
3224 1525 3439 1594 positis.

2000 1616 2272 1672 Juventus
2307 1625 2392 1670 est
2428 1614 2564 1670 levis
2591 1623 2643 1668 et
2672 1615 2739 1669 ad
2763 1615 3166 1685 improbitatem
3220 1616 3509 1684 proclivis;

1922 1708 2189 1779 cupiditas
2220 1707 2506 1772 effrenata,
2537 1707 2843 1761 belluarum
2882 1706 2984 1771 ira,
3031 1708 3328 1771 temeritas,
3364 1709 3511 1774 inju-

1924 1799 2028 1862 ria,
2086 1800 2341 1868 superbia
2370 1839 2384 1863 ,
2423 1808 2476 1852 et
2514 1799 2851 1860 inﬂationes.
2904 1800 3192 1871 magnique
3258 1801 3509 1870 spiritus.

241 1892 295 1958 τῇ
325 1888 546 1958 νεότητι
575 1888 748 1958 πάθη,
786 1890 973 1958 φθόνοι
1018 1890 1155 1960 πρὸς
1179 1890 1240 1943 τὸ
1272 1890 1559 1963 ὑπερέχον,
1595 1892 1819 1962 ὑπιψίαι

1946 1891 2214 1962 :ongenita
2266 1902 2322 1945 et
2367 1892 2562 1946 coalita
2601 1893 2738 1946 mala
2787 1894 3098 1960 juventutis
3160 1890 3272 1946 haec
3326 1902 3454 1946 sunt
3497 1909 3511 1944 :

236 1980 372 2049 πρὸς
414 1981 475 2033 τὸ
501 1980 706 2034 οἰκεῖον
731 1997 744 2010 ·
784 1980 994 2053 μυρίων
1028 1981 1219 2036 κακῶν
1256 1984 1425 2053 ἐσμὸς
1461 1985 1819 2051 συνέζευκται

241 2074 295 2143 τῇ
324 2073 546 2144 νεότητι
573 2089 587 2105 ⁸
620 2067 696 2126 ὦν
732 2074 1203 2144 πάντων.ἀνάγκη
1233 2076 1531 2130 ἀπολαύειν
1561 2080 1686 2141 τοὺς
1717 2079 1818 2146 ἀρ-

236 2163 523 2233 χομένους,
568 2164 704 2218 διότι
748 2165 817 2219 τὰ
861 2165 968 2220 τῶν
1034 2166 1310 2239 ἀρχόντων
1359 2170 1503 2223 κακᾶ
1561 2172 1817 2240 συμφορὰ

237 2257 345 2318 τοῖς
378 2257 709 2327 ἀρχομένοις
745 2258 982 2325 γίνεται.

1928 1983 2143 2038 invidiae
2172 1983 2435 2037 adversus
2484 1999 2595 2037 rem
2622 1983 2976 2038 excellentem
3001 2024 3017 2047 ,
3067 1982 3415 2052 suspiciones
3445 1981 3517 2035 de

1930 2076 2319 2132 familiaribus.
2363 2076 2604 2146 Denique
2641 2075 2910 2129 malorum
2965 2084 3225 2142 tanquam
3283 2089 3511 2127 examen

1929 2165 2202 2240 iuventuti
2239 2181 2553 2221 connexum
2581 2174 2635 2218 et
2660 2163 2974 2233 copulatum
3004 2170 3110 2222 est,
3137 2176 3367 2230 quorum
3400 2176 3517 2213 omo

1931 2260 2082 2313 nium
2123 2259 2364 2315 lructum
2394 2272 2623 2315 necesse
2651 2266 2737 2312 est
2761 2257 2818 2311 in
2839 2257 3118 2326 subjectos
3151 2251 3465 2309 redundare
3495 2292 3512 2318 ,

236 2364 526 2424 uroptcrea
554 2355 699 2425 quod
732 2356 1154 2425 magistratuum
1188 2356 1315 2411 vitia
1348 2354 1610 2426 Snbjectis
1641 2356 1937 2426 importent
1969 2355 2357 2411 calamitatem.

300 2450 642 2517 Εὐρίπιστον
677 2452 710 2521 ὴ
741 2451 952 2519 νεότης,
982 2453 1076 2505 καὶ
1108 2453 1307 2521 ῥᾳδίως
1334 2457 1456 2515 ταῖς
1486 2454 1674 2517 κεναῖς
1702 2453 1813 2505 τῶν

237 2542 473 2597 ἐλπίδων
522 2543 1015 2614 μετεωριζόμενον.
1053 2546 1112 2598 Ei
1142 2545 1196 2598 δὲ
1230 2546 1325 2598 καὶ
1351 2545 1599 2610 ἐξουσίας
1647 2546 1819 2610 ὑπερ⁸

238 2637 326 2704 ολὴ
373 2636 630 2708 προσείη,
680 2636 884 2706 μείζων
933 2638 1032 2706 μὲν
1064 2639 1096 2709 ἡ
1134 2619 1425 2709 κουφότης,
1459 2638 1540 2700 είς
1592 2636 1817 2707 μείζονα.

237 2727 287 2781 δὲ
314 2727 513 2782 ἄνοιαν
544 2728 641 2781 καὶ
673 2728 899 2793 πτῶσιν,
929 2727 1004 2791 ὡς
1031 2729 1099 2782 τὰ
1130 2729 1302 2782 πολλὰ
1335 2729 1636 2799 προχωρεῖ.

307 2818 646 2889 Εὐρίπιστος
689 2821 725 2891 ἡ
765 2821 978 2891 νεότης,
1014 2822 1110 2875 καὶ
1161 2821 1297 2891 πρὸς
1344 2821 1545 2875 κακίαν
1594 2819 1823 2893 ὀξύρρο-

238 2930 333 2976 πος
361 2928 381 2945 ο
429 2911 711 2984 διαφόροις
751 2914 861 2984 γὰρ
903 2914 1247 2985 παθημάτων
1290 2914 1681 2984 περικλύζεται
1726 2914 1824 2967 κύ-

237 3024 401 3077 μασι.
434 3008 616 3061 Δεῖται
648 3006 829 3063 τοίνυν
859 3007 954 3062 τοῦ
986 3008 1374 3079 ποδηγοῦντος,
1408 3007 1500 3060 καὶ
1528 3008 1666 3078 πρὸς
1693 3008 1821 3072 τοὺς

237 3100 473 3170 λιμένας
504 3098 901 3163 διευθύνοντος.

302 3192 375 3245 Τί
412 3191 613 3263 σαρκὸς
642 3191 993 3265 εὐπαθούσης
1022 3192 1118 3249 καὶ
1153 3194 1411 3265 νεότητος
1448 3192 1823 3266 περιφερομέο

237 3303 330 3356 me
365 3284 770 3355 ἀφρονέστερον
794 3302 811 3352 ;

305 3470 526 3537 Νεότης
558 3468 851 3541 βράσματα
880 3467 1103 3539 χρόνου.

310 3564 468 3628 Πρὸς
524 3561 697 3635 θυμὸν
752 3561 847 3616 καὶ
905 3563 1041 3635 πρὸς
1101 3559 1400 3630 ἐπιθυμίας
1462 3557 1823 3628 εὖεμπτωτος

240 3656 454 3725 μᾶλλόν
507 3656 653 3707 ἐστιν
699 3654 729 3706 ὁ
779 3654 940 3717 νέος⁶
988 3654 1069 3707 διὸ
1112 3653 1203 3706 καὶ
1250 3652 1496 3714 πλείονος
1526 3653 1698 3704 δεῖται
1730 3653 1830 3720 τῆς

240 3747 527 3819 φυλακῆς,
577 3746 936 3819 σφοδροτέρου
984 3764 1077 3803 του
1112 3746 1357 3818 χαλινοῦ,
1415 3743 1829 3814 ἀσφαλεστέρου

238 3840 338 3895 τοῦ
368 3842 579 3911 τωχὶου
616 3838 710 3893 καὶ
730 3837 832 3893 τοῦ
865 3839 1212 3911 κωλύματος.

326 3932 401 3985 Ἡ
447 3929 610 3985 πολιὰ
656 3931 776 3982 τότε
808 3929 955 3984 ἐστὶν
988 3931 1287 3999 αἰδέσιμος,
1324 3931 1454 3984 ὅταν
1484 3930 1552 3984 τὰ
1580 3928 1680 3998 τῆς
1736 3941 1835 3980 πο-

239 4025 366 4085 λιᾶς
401 4022 636 4093 πράττη·
670 4020 796 4074 ὅταν
829 4018 884 4072 δὲ
915 4021 1214 4093 νεωτερίζῃ
1238 4022 1304 4075 τὰ
1333 4020 1441 4073 τῶν
1476 4019 1637 4086 νέων,
1660 4033 1836 4071 κατα-

240 4110 619 4180 γελαστοτέρα
656 4109 830 4164 ἔσται.

332 4290 466 4345 Ἐπὶ
496 4290 697 4354 παντὸς
722 4290 799 4354 ώς
837 4290 932 4344 ἐπὶ
964 4288 1102 4343 πολὺ
1147 4288 1478 4359 πράγματος
1525 4284 1836 4357 ἐπισφαλὴς

245 4382 563 4455 σύμσουλος
593 4383 625 4451 ἡ
659 4382 872 4452 νεότης,
902 4381 997 4434 καὶ
1042 4380 1143 4434 οὐκ
1195 4380 1262 4434 ἀν
1303 4396 1388 4443 τις
1437 4378 1589 4448 εὖροι
1639 4394 1838 4444 κατορο

1995 2448 2289 2504 Juventute
2314 2448 2449 2503 nihil
2482 2449 2762 2511 mobilius,
2794 2458 2850 2502 et
2890 2446 3048 2501 facile
3073 2463 3209 2502 vana
3243 2462 3339 2515 spe
3358 2445 3520 2500 θην-ι’-

1930 2555 2019 2599 tur
2078 2560 2092 2597 :
2152 2544 2297 2613 quod
2353 2543 2399 2599 si
2461 2552 2790 2614 potestatem
2833 2559 3105 2599 summam
3154 2543 3516 2612 adipiscatur.

1930 2646 2041 2692 tum
2075 2637 2269 2693 levitas
2299 2635 2471 2705 major
2509 2635 2566 2689 fit
2589 2676 2605 2702 ,
2634 2644 2749 2690 tum
2799 2636 2853 2689 in
2895 2635 3162 2704 majorem
3232 2635 3520 2693 stultitiam

1928 2739 1983 2785 et
2008 2729 2225 2783 ruinam
2257 2727 2372 2783 fere
2394 2727 2768 2798 progreditur.

1995 2818 2349 2874 Mobilissima
2380 2820 2661 2887 juventus,
2694 2828 2749 2873 et
2791 2818 2858 2873 ad
2909 2820 3035 2873 vitia
3087 2833 3394 2889 propensa;
3426 2820 3521 2877 di-

1923 2912 2097 2965 versis
2123 2911 2270 2965 enim
2302 2910 2774 2980 perturbationum
2806 2910 3065 2966 ﬂuctibus
3083 2912 3347 2979 agitatur.
3383 2910 3522 2984 Eget

1923 2997 2092 3069 igitur
2118 3000 2364 3067 ductore,
2401 2999 2496 3070 qui
2525 2998 2593 3055 ad
2625 3008 2841 3070 portum
2875 3008 3025 3055 recta
3053 3001 3306 3061 deducat.

1997 3174 2263 3248 Tlieologi.
2297 3176 2437 3243 Quid
2491 3176 2845 3248 insipientius
2872 3190 3099 3246 corpore
3129 3176 3268 3231 bene
3315 3175 3524 3232 consti-

1931 3276 2045 3322 tuto
2082 3283 2145 3323 ac
2188 3269 2403 3324 deliciis
2434 3269 2733 3325 afﬂuente?
2762 3281 2858 3325 aut
2893 3270 3183 3339 juventute
3206 3279 3428 3326 errante
3461 3277 3520 3325 et

1929 3361 2096 3417 nullis
2117 3364 2284 3417 certis
2314 3364 2537 3419 sedibus
2560 3362 2954 3420 consistente?

1999 3452 2266 3509 Iuventus
2293 3456 2555 3524 temporis
2588 3465 2673 3509 est
2704 3465 2892 3511 aestus.

2000 3545 2059 3601 S.
2096 3547 2371 3616 Chrysost.
2425 3547 2506 3601 Ira
2535 3558 2586 3602 et
2646 3548 3036 3619 cupiditatibus
3066 3547 3519 3615 faciliusjuvenes

1929 3638 2205 3693 ducuntur
2228 3647 2283 3694 et
2333 3638 2628 3693 vincuntur
2669 3657 2685 3694 :
2726 3655 2890 3710 quare
2920 3640 3179 3709 majorem
3226 3641 3517 3708 quamdam

1930 3729 2237 3783 custodiam
2273 3729 2587 3800 requirnnt,
2617 3746 2681 3787 ac
2718 3733 2932 3787 frenum
2963 3731 3175 3796 durius,
3201 3731 3441 3803 parietes
3461 3742 3518 3787 et

1932 3820 2174 3876 claustra
2210 3820 2432 3876 tutiora.
2491 3850 2497 3857 -

2004 3910 2139 3966 Cani
2175 3921 2289 3966 tum
2324 3913 2541 3968 demum
2568 3915 2913 3971 venerabiles
2933 3914 3204 3972 exsistunt
3243 3931 3363 3971 cum
3395 3931 3519 3985 qua)

1934 4000 2087 4056 canis
2119 4000 2282 4072 digna
2337 4012 2492 4068 sunt,
2534 4004 2672 4060 fiunt
2705 4022 2720 4060 ε
2750 4020 2874 4060 cum
2907 4015 3089 4060 autem
3119 4007 3435 4077 juveniliter
3458 4023 3522 4061 se

1935 4102 2138 4161 gerunt
2197 4108 2395 4157 senes,
2454 4097 2664 4163 majore
2719 4096 2836 4151 risu
2890 4112 3053 4167 quam
3100 4097 3332 4167 juvenes
3373 4096 3521 4168 digni

1937 4193 2126 4236 erunt.

2013 4272 2172 4345 Greg.
2205 4274 2377 4342 Nyss.
2402 4273 2458 4329 ln
2490 4276 2639 4331 omni
2675 4276 2786 4332 fere
2821 4281 3038 4349 negotio
3070 4281 3369 4351 periculosa
3391 4289 3522 4334 sunt

1944 4363 2105 4434 160
2138 4364 2573 4420 adolescentium
2622 4366 2853 4421 consilia
2877 4411 2893 4434 ,
2935 4384 3039 4424 nec
3090 4369 3247 4423 facile
3279 4370 3528 4436 reperias

244 4471 431 4525 θωθέν
486 4487 538 4524 τι
589 4470 784 4542 ῥᾳδίως
818 4469 926 4523 τῶν
978 4467 1215 4539 σπουδῆς
1268 4467 1458 4534 ἀξίων,
1507 4460 1553 4536 ᾧ
1614 4466 1689 4537 μὴ
1743 4462 1824 4517 καπ

1946 4456 2031 4523 ηιιί
2069 4455 2273 4523 aliquid
2315 4465 2461 4511 recte
2496 4459 2763 4527 gesserint
2804 4476 2981 4515 rerum
3024 4476 3362 4532 magnarum.
3398 4462 3521 4530 qui-

243 4560 420 4614 πολιὰ
471 4560 911 4630 συμπαρελήφθη
963 4558 1102 4629 πρὸς
1160 4558 1449 4612 κοινωνίαν
1499 4554 1594 4609 τοῦ
1666 4555 1824 4624 σκέμι

1952 4547 2054 4599 bus
2084 4548 2207 4599 cani
2252 4554 2368 4600 non
2430 4545 2635 4602 fuerint
2670 4550 2736 4602 ad
2782 4553 3240 4607 consideratiouis
3270 4569 3519 4607 commu-

330 4670 450 4707 τος.

330 4672 450 4707 τοτ.

244 4672 541 4814 μαΝεότης
578 4742 702 4814 μετ’
756 4742 1005 4809 ἐξουσίας
1040 4741 1410 4812 αὑτοκρατοῦς
1448 4741 1646 4812 ὁρμαῖς
1698 4739 1836 4792 ἀκα-

242 4838 474 4900 θέκτοις
502 4837 785 4910 χρωμένη,
811 4836 983 4891 κακὸν
1011 4835 1291 4908 δύσμαχον
1322 4835 1560 4904 γίνεται.

318 5014 538 5084 Νεότης
590 5015 776 5067 πονεῖν
812 5011 912 5067 οὐκ
942 5012 1226 5080 ἐθέλουσα,
1258 5012 1397 5084 πρὸς
1424 5012 1484 5067 τὸ
1519 5013 1695 5084 γῆρας
1734 5030 1835 5068 κα-

242 5108 560 5176 κοπραγεῖ.

845 5197 1062 5251 ΛΟΓΟΣ
1117 5198 1249 5250 KA'.

634 5288 777 5356 Περὶ
816 5288 1132 5343 δεσποτῶν
1164 5288 1464 5357 χρηστῶν.

328 5377 401 5432 El
427 5376 698 5446 ἐφαύλισα
728 5378 903 5449 κρίμα
932 5378 1265 5449 θεράποντος
1298 5394 1401 5447 μου
1432 5379 1464 5448 ἢ
1496 5378 1836 5449 θεραπαίνης

241 5469 609 5541 κρινομένων
636 5466 815 5522 αὐτῶν
846 5468 978 5538 παρ’
1016 5468 1175 5537 ἐμοί’
1213 5468 1438 5539 πότερον
1469 5468 1566 5539 οὐχ
1612 5469 1686 5531 ὡς
1723 5470 1836 5538 ἐγὼ

240 5556 537 5631 ἐγενόμην
571 5564 629 5615 ἓν
661 5561 879 5633 γαστρὶ,
914 5561 1009 5615 καὶ
1044 5562 1241 5615 ἐκεῖνοι
1288 5561 1616 5629 γεγόνασιν;
1669 5563 1836 5631 Γεγό-

240 5676 438 5732 ναμεν
478 5659 535 5713 δὲ
567 5661 624 5713 ὲν
653 5662 721 5733 τῇ
752 5661 890 5734 αὐτῇ
922 5660 1120 5730 κοιλίᾳ.
1156 5661 1217 5714 Ei
1248 5659 1304 5712 δὲ
1349 5658 1445 5711 καὶ
1472 5655 1734 5718 πολλάκις
1766 5652 1840 5709 εῖ-

242 5767 369 5804 πον
401 5750 456 5803 a!
484 5749 812 5820 θεράπαιναι
841 5767 944 5821 μου
967 5764 980 5780 °
1016 5749 1113 5813 Τίς
1144 5749 1210 5803 ἂν
1254 5747 1366 5819 δῴη
1396 5749 1532 5818 ἡμῖν
1560 5746 1668 5800 τῶν
1707 5764 1841 5815 σαρ-

242 5844 384 5896 κῶν
424 5842 586 5898 αὐτοῦ
630 5843 1049 5915 ὲμπλησθῆναι;
1080 5842 1200 5895 λίαν
1236 5859 1337 5911 μου
1379 5837 1617 5910 χρηστοῦ
1646 5839 1839 5903 αὐταῖς

241 5939 447 5992 ὕντος.

1944 4637 2160 4691 nionem
2181 4639 2434 4693 adhibiti.

2018 4727 2280 4785 Philonis.
2310 4729 2539 4787 Juvcuis
2567 4749 2836 4789 summam
2868 4744 3194 4806 potestatem
3243 4736 3475 4806 adeptus
3497 4777 3519 4802 ,

1941 4821 2326 4889 cupiditatibus
2375 4836 2534 4880 utens
2584 4826 2882 4893 ell‘renatis,
2936 4828 3137 4882 malum
3197 4831 3257 4884 lit
3291 4830 3523 4900 inexpu-

1949 4916 2190 4984 gnabile.

2010 5006 2237 5062 Iuvenis
2279 5009 2513 5064 laborem
2539 5025 2803 5066 recusans
2837 5011 2888 5067 in
2920 5024 3202 5071 senectute
3262 5015 3429 5072 miser
3463 5023 3521 5072 et

1942 5099 2297 5155 calamitosus
2324 5111 2429 5158 est.

2352 5195 2587 5251 SERMO
2630 5194 2751 5251 XXI
2783 5196 2882 5268 [αι.
2911 5197 3118 5271 CXVI].

2283 5288 2360 5343 De
2404 5291 2551 5345 bonis
2583 5299 2632 5343 et
2666 5288 2900 5360 benignis
2925 5291 3171 5344 dominis.

2020 5388 2119 5443 Job
2153 5400 2306 5443 xxxi.
2343 5382 2400 5438 Si
2461 5383 2698 5451 perverti
2732 5382 2996 5452 judicium
3028 5383 3168 5438 servi
3192 5392 3286 5438 aut
3310 5398 3478 5439 servae
3502 5425 3518 5449 ,

1942 5496 2066 5537 cmn
2097 5477 2240 5548 apud
2270 5492 2357 5530 me
2375 5476 2667 5545 litigarem,
2688 5488 2756 5528 an
2790 5489 2896 5527 non
2935 5481 2992 5528 ut
3042 5488 3142 5542 ego
3165 5473 3217 5528 in
3246 5484 3396 5531 utero
3419 5476 3518 5540 tui,

1943 5573 2022 5629 sic
2052 5570 2125 5625 illi
2146 5567 2411 5623 fuerunt?
2441 5565 2669 5620 Fuimus
2694 5572 2875 5618 autem
2903 5563 2954 5616 in
2991 5562 3179 5617 eodem
3206 5571 3386 5619 utero.
3419 5564 3517 5620 Sin

1944 5672 2120 5716 autem
2149 5674 2293 5729 saepe
2335 5657 2498 5713 etiam
2532 5657 2786 5710 dixerunt
2810 5653 3020 5708 ancilla:
3056 5668 3188 5709 mea:
3226 5654 3400 5723 :Quis
3425 5655 3519 5712 det

1944 5755 2104 5809 nobis
2141 5762 2199 5806 ut
2227 5752 2488 5806 carnibus
2522 5749 2641 5817 ejus
2670 5746 3033 5815 expleamur?
3062 5761 3186 5802 cum
3223 5746 3334 5806 illis
3358 5749 3521 5805 value

1944 5862 2122 5904 essem
2148 5844 2469 5900 commodus
2493 5852 2545 5897 et
2576 5841 2837 5895 clemens.
