3928 6554
278 425 423 489 1065

333 540 562 594 ouem
594 542 749 611 σοφοὶ
782 542 944 606 ἰδίους
970 544 1243 610 ’δεσπότας
1271 547 1630 604 δανείσουσιν.

337 631 551 694 Γλυκὺς
591 635 618 686 6
646 632 812 698 ὕπνος
841 634 935 690 τοῦ
967 636 1174 704 δούλου,
1204 639 1319 693 εἴτε
1362 636 1566 708 ὀλίγον,
1602 642 1710 694 εἴτε
1745 644 1839 695 καὶ

265 719 401 773 πολὺ
431 721 687 790 φάγεται.

331 810 425 883 Μὴ
458 812 720 888 κακώσῃς
743 816 964 888 οἰκέτην
987 819 1369 890 ιργαζόμενον
1385 823 1446 877 ὲν
1476 823 1727 896 ἀληθείᾳ.

328 988 564 1058 Οἰκέτην
618 992 841 1046 συνετὸν
898 993 1168 1062 ἀγαπάτω
1200 1012 1296 1051 σου
1342 999 1377 1068 ἡ
1414 1000 1584 1070 ψυχὴ,
1627 1000 1721 1053 καὶ
1758 1000 1834 1070 μὴ

258 1080 537 1155 στερήσῃς
563 1082 728 1137 αὐτὸν
755 1084 1090 1154 ἐλευθερίας.
1638 1081 1643 1085 ’

328 1169 530 1240 Οἱκέτῃ
557 1170 766 1243 συνετῷ
798 1174 1073 1245 ἐλεύθεροι
1104 1176 1565 1250 ὑπουργήσουσιν.

327 1260 394 1313 Oi
412 1260 614 1328 δοῦλοι,
629 1265 881 1334 ἀγαπᾶτε
901 1268 1029 1332 τοὺς
1050 1270 1194 1324 κατά
1212 1270 1387 1343 σάρκα
1409 1274 1633 1339 κυρίους
1653 1275 1830 1344 ὑμῶν,

255 1351 398 1417 μετά
429 1352 597 1420 φόϐου
627 1355 721 1409 καὶ
748 1357 976 1427 τρόμου,
1003 1361 1062 1414 ὲν
1086 1361 1353 1433 ἁπλότητι
1392 1365 1621 1436 καρδίας
1649 1366 1828 1436 ὑμῶν,

252 1440 588 1511 φοϐούμενοι
641 1446 733 1500 τὸν
780 1449 1005 1520 Κύριον,
1038 1454 1133 1508 καὶ
1179 1453 1254 1524 μὴ
1297 1457 1420 1509 κατ’
1458 1458 1831 1529 ὀφθαλμοδου-

250 1530 432 1620 λείαν,
460 1535 536 1599 ὡς
569 1537 1040 1611 ἀνθρωπάρεσκοι,
1071 1544 1188 1598 ἀλλ’
1214 1548 1292 1609 ὡς
1333 1547 1511 1603 δοῦλοι
1557 1551 1823 1620 Χριστοῦ,

248 1618 538 1693 ποιοῦντες
570 1630 633 1685 τὸ
658 1632 872 1703 θέλημα
916 1636 1010 1692 τοῦ
1041 1638 1181 1695 Θεοῦ
1215 1641 1281 1695 ὲκ
1315 1640 1517 1713 ψυχῆς,
1569 1618 1691 1714 μετ’
1733 1618 1825 1700 ea;

246 1717 425 1786 νοίας,
479 1720 823 1788 δουλεύοντες
868 1727 948 1798 τῷ
990 1730 1183 1801 Κυρίῳ
1228 1733 1323 1787 καὶ
1359 1734 1461 1788 οὑκ
1489 1735 1822 1806 ἀνθρώποις,

245 1808 457 1873 εἰδότες
510 1812 597 1866 δτι
648 1813 878 1881 ἕκαστος
935 1818 967 1872 δ
1023 1822 1241 1889 ποιήσει
1285 1824 1511 1893 ἀγαθὸν,
1545 1827 1703 1882 τοῦτο
1731 1846 1825 1885 κο-

1053 434 1236 496 ⁸[Οίῖῐ
1274 434 1716 499 COMMUNES.
1764 456 1838 474 ε·-
1880 434 2076 497 PARS
2116 438 2203 498 ΙΙ.
2246 438 2503 500 SERMO
2544 440 2754 500 XXIV.

1872 557 1915 612 Α
2017 550 2174 606 Servi
2199 552 2478 622 sapientes
2504 552 2757 608 dominos
2777 566 2910 608 suos
2937 553 3099 607 utiles
3130 551 3235 608 sibi
3264 551 3517 607 reddunt.

3390 436 3525 502 1066

2013 640 2196 697 Dulcis
2217 657 2445 699 somnus
2475 644 2617 699 servi
2639 651 2742 710 est,
2769 644 2885 700 sive
2909 659 3123 715 parum,
3153 644 3269 699 sive
3290 644 3518 697 multum

1942 733 2049 787 cibi
2075 737 2394 805 sumpserit.

2011 824 2177 882 Eccli.
2212 844 2405 884 χχχιιι.
2433 826 2685 884 Servum'
2708 828 2921 884 sincere
2944 844 3082 899 opus
3102 828 3384 885 facientem
3446 841 3516 882 ne

1940 917 2081 972 male
2131 928 2385 976 tractato.

2009 1009 2336 1068 Prudentem
2361 1000 2579 1073 serVum
2614 1034 2678 1075 ex
2713 1022 2897 1075 animo
2942 1017 3174 1089 diligite,
3223 1030 3325 1068 nec
3381 1024 3509 1066 eum

1935 1099 2183 1158 libertate
2203 1103 2473 1163 fraudato.

2009 1190 2198 1261 Sagaci
2224 1211 2383 1253 servo
2435 1199 2591 1257 liberi
2640 1205 3045 1260 ministrabnnt.

2006 1281 2202 1351 Ephes.
2229 1301 2307 1342 vt.
2342 1289 2519 1357 Servi,
2546 1294 2799 1351 dominos
2833 1307 3038 1350 vestros
3063 1293 3358 1347 secumlum
3389 1304 3511 1343 car-

1932 1391 2053 1431 nem
2090 1376 2320 1449 diligite,
2353 1393 2659 1441 metuentes
2695 1386 2982 1443 Dominum
3031 1401 3154 1440 cum
3216 1384 3410 1435 timore
3451 1382 3507 1433 et

1932 1475 2170 1527 tremore
2203 1473 2259 1529 in
2284 1477 2467 1533 cordis
2502 1482 2665 1535 vestri
2692 1482 3081 1551 simplicitate;
3114 1493 3222 1533 non
3259 1476 3497 1547 quidem.

1930 1570 1990 1615 ut
2012 1564 2102 1631 qui
2138 1574 2347 1621 tantum
2372 1572 2615 1627 serviunt
2645 1574 2817 1629 oculis
2845 1572 3071 1637 domini,
3104 1580 3166 1626 ut
3188 1568 3502 1625 hominibus

1928 1650 2204 1722 placeatis,
2229 1657 2323 1713 sed
2368 1669 2428 1713 ut
2475 1659 2678 1717 Christi
2744 1665 2884 1718 servi
2939 1662 3197 1718 facientes
3249 1658 3501 1713 volunta-

1926 1751 2031 1797 tem
2092 1744 2287 1802 Deiex
2320 1751 2519 1819 anima,
2574 1769 2696 1808 cum
2732 1755 3097 1809 benevolentia
3150 1751 3397 1814 Domino,
3448 1756 3502 1802 et

1928 1847 2035 1888 non
2067 1835 2375 1895 hominibus
2428 1843 2728 1899 servientes
2756 1859 2772 1911 ;
2803 1845 3036 1900 scientes
3066 1843 3209 1909 quod
3268 1842 3499 1910 (ιιιῖετιιιο

248 1904 464 1970 μιεῖται
488 1906 639 1976 παρά
669 1907 898 1979 Κυρίου,
921 1911 1033 1967 εῖτε
1058 1914 1266 1985 δοῦλος,
1299 1920 1409 1974 εἴτε
1441 1920 1749 1993 ἐλεύθερος.

1932 1921 2054 1976 boni
2086 1925 2296 1990 fecerit,
2333 1928 2387 1984 id
2440 1945 2469 1983 a
2506 1930 2731 1987 Domino
2756 1948 2880 1988 eum
2915 1941 3345 2003 reportaturum,
3382 1930 3498 1985 sive

322 2082 388 2135 Ol
411 2082 607 2147 δοῦλοι.
632 2087 940 2147 ὑπακούετε
964 2097 1075 2160 τοῖς
1098 2099 1241 2152 κατά
1272 2100 1454 2170 σάρκα
1479 2104 1708 2174 κυρίοις,
1746 2106 1822 2175 μὴ

244 2174 311 2265 εν
359 2176 904 2253 όφθαλμοδουλείαις,
961 2186 1038 2250 ὡς
1092 2189 1567 2265 ἀνθρωπάρεσκοι,
1618 2196 1734 2252 ἀλλ’
1764 2174 1821 2252 ἐν

239 2264 517 2337 ἁπλότητι
540 2272 788 2340 καρδίας,
818 2277 1142 2348 φοϐούμενοι
1171 2282 1262 2337 τδν
1287 2264 1492 2355 Κύριον
1510 2302 1527 2321 ο
1559 2290 1654 2341 καὶ
1676 2289 1704 2343 ὃ
1728 2290 1821 2344 ἐὰν

237 2358 459 2427 ποιῆτε,
485 2365 555 2436 ἐκ
581 2363 762 2435 ψυχῆς
782 2367 1107 2437 ἐργάζεσθε,
1143 2372 1221 2435 ὥς
1255 2374 1333 2445 τῷ
1365 2377 1556 2449 Κυρίῳ
1586 2380 1680 2432 καὶ
1721 2381 1820 2433 οὑκ

237 2453 576 2546 ἀνθρώποις,
610 2461 815 2524 εἰδότες
860 2462 943 2517 ὅτι
989 2467 1144 2537 παρά
1186 2469 1391 2541 Κυρίου
1432 2472 1671 2543 λήψεσθε
1717 2476 1819 2546 τὴν

234 2545 514 2601 ἀντίδοσιν
541 2550 643 2621 τῆς
671 2552 1039 2626 κληρονομίας
1069 2558 1247 2630 ὑμῶν.

310 2726 377 2778 οι
434 2726 666 2792 οἰκέται,
728 2731 1157 2805 ὑποτασσόμενοι
1206 2739 1264 2793 ἐν
1315 2742 1479 2797 παντὶ
1520 2743 1672 2814 φόϐῳ
1701 2746 1816 2809 τοῖς

229 2813 553 2885 δεσπόταις,
603 2822 662 2874 οὐ
717 2822 879 2891 μόνον
917 2828 1031 2889 τοῖς
1078 2829 1304 2896 ἀγαθοῖς
1350 2834 1442 2885 καὶ
1486 2813 1809 2902 ἐπιεικέσιν,

227 2907 375 2999 ἀλλά
405 2911 499 2963 καὶ
532 2914 643 2976 τοῖς
668 2915 920 2981 σκολιοῖς.
954 2919 1125 2974 Τοῦτο
1165 2923 1274 2993 γὰρ
1304 2925 1464 2994 χάρις
1487 2930 1638 2998 παρά
1667 2929 1808 2999 Θεῷ,

227 3001 281 3050 εί
339 2998 428 3052 διά
459 3002 767 3076 συνείδησιν
813 3010 1028 3082 ἀγαθὴν
1083 3012 1348 3088 ὑποφέρει
1391 3035 1475 3082 τις
1501 3018 1679 3084 λύπας
1700 2998 1809 3075 πά-

1925 2029 2118 2072 servus
2143 2020 2238 2082 sit,
2271 2021 2385 2075 sive
2417 2021 2569 2078 liber.

1993 2104 2174 2174 Servi,
2203 2108 2420 2166 obedite
2442 2112 2678 2170 dominis
2705 2114 2904 2170 vestris
2924 2116 3224 2169 secundum
3253 2124 3492 2170 caulem.

1923 2211 2033 2251 non
2068 2198 2172 2256 illis
2195 2202 2262 2255 ad
2300 2202 2519 2258 orulum
2553 2206 2877 2272 servientes,
2908 2205 3062 2276 quasi
3110 2205 3205 2275 qui
3252 2203 3493 2258 homini-

1924 2291 2022 2346 bus
2041 2293 2214 2347 velitis
2237 2294 2473 2362 placere,
2496 2297 2590 2351 sed
2616 2297 2848 2367 simplici
2877 2298 3041 2353 corde
3069 2297 3352 2351 Dominum
3383 2310 3492 2350 me-

1920 2389 2137 2437 tuentes
2167 2404 2179 2437 :
2204 2394 2259 2439 et
2289 2387 2552 2457 quidquid
2578 2387 2841 2457 feceritis,
2872 2389 2924 2443 id
2950 2404 3018 2443 ex
3048 2390 3230 2442 animo
3284 2386 3488 2441 facien-

1917 2474 2045 2528 dum
2076 2476 2356 2546 suscipite,
2380 2485 2641 2548 tanquam
2670 2480 2896 2533 Domino
2914 2490 2967 2534 et
2990 2495 3097 2533 non
3133 2479 3485 2533 hominibus:

1917 2564 2048 2620 illud
2091 2582 2199 2621 non
2250 2568 2566 2639 ignorantes
2599 2570 2735 2635 fore,
2775 2578 2833 2625 ut
2876 2585 2904 2624 a
2933 2569 3165 2626 Domino
3210 2571 3490 2641 recipiatis

1916 2658 2416 2714 remunerationem
2440 2662 2774 2716 haereditetis
2803 2669 3022 2716 vestrae.

1984 2747 2017 2801 1
2055 2748 2201 2805 Patr.
2260 2759 2321 2805 ιι.
2360 2750 2537 2814 Servi,
2592 2752 2822 2822 subjecti
2877 2760 3053 2808 estote
3100 2750 3152 2805 in
3212 2755 3359 2807 omni
3425 2753 3495 2802 ιε-

1913 2853 2064 2893 more
2094 2840 2328 2897 dominis
2359 2843 2578 2908 vestris,
2613 2858 2718 2897 non
2750 2843 2927 2897 solum
2957 2843 3115 2897 bonis
3141 2852 3195 2896 et
3250 2841 3495 2895 clemen-

1912 2927 2080 2996 tibus,
2110 2929 2206 2986 sed
2236 2931 2401 2986 etiam
2430 2933 2757 3001 importunis
2796 2951 2811 3001 ;
2850 2936 2951 2988 hoc
2968 2933 3116 2987 enim
3168 2941 3384 3002 gratum
3404 2942 3490 2984 est

1910 3019 2166 3086 Domino,
2204 3024 2252 3078 si
2273 3024 2400 3092 quis
2431 3023 2571 3079 bona
2591 3026 2925 3081 conscientia
2952 3025 3229 3080 molestias
3255 3030 3310 3079 et
3331 3023 3487 3078 dolo-

228 3107 384 3159 σχων
439 3093 659 3157 ἀδίκως.
707 3098 867 3153 Ποῖον
915 3102 1023 3174 γὰρ
1066 3106 1240 3176 κλέος,
1291 3110 1341 3163 οἰ
1397 3110 1809 3182 ἁμαρτάνοντες

1932 3126 1998 3166 'es
2026 3113 2266 3182 patiatur
2316 3115 2610 3171 immerito.
2673 3116 2811 3183 Quid
2867 3117 3010 3173 enim
3066 3117 3228 3172 habet
3277 3130 3340 3170 ea
3397 3130 3486 3169 res

226 3187 329 3236 καὶ
385 3184 826 3259 κολαφιζόμενοι,
888 3193 1222 3265 ὑπομένετες
1306 3203 1449 3256 Ἀλλ’
1494 3205 1544 3257 οἰ
1603 3206 1804 3274 ἀγαθο-

1932 3201 2113 3267 gloriae,
2145 3203 2192 3259 si
2227 3215 2452 3275 propter
2479 3219 2700 3275 peccata
2735 3206 2984 3275 colaphis
3004 3206 3132 3262 caesi
3192 3205 3439 3275 patimini
3463 3203 3489 3256 ί

223 3275 515 3340 ποιοῦντες
557 3281 652 3331 καὶ
712 3283 1035 3355 πάσχοντες,
1087 3291 1411 3363 ὑπομένετε,
1438 3296 1598 3350 τοῦτο
1639 3297 1799 3369 χάρις

1932 3293 2013 3348 ied
2044 3294 2088 3348 si
2122 3294 2348 3350 honeste
2376 3303 2430 3351 et
2454 3308 2642 3352 sancte
2667 3299 2911 3352 viventes
2944 3296 3192 3368 patimini
3249 3305 3303 3351 et
3368 3296 3486 3350 sul-

222 3368 385 3435 παρά
410 3367 549 3439 Θεῷ.
842 3407 887 3447 ,ι
1644 3367 1670 3368 δέ
1716 3367 1725 3369 -

1932 3386 2082 3453 ertis,
2117 3388 2219 3443 hoc
2247 3391 2463 3443 demum
2498 3388 2610 3443 Deo
2642 3396 2724 3444 est
2753 3400 2988 3460 gratum.

296 3460 365 3512 Οῖ
392 3462 570 3516 δοῦλοι
606 3465 681 3536 μὴ
710 3469 997 3539 ἐράτωσαν
1023 3474 1132 3528 ἀπὸ
1155 3474 1249 3528 τοῦ
1272 3477 1456 3532 κοινοῦ
1485 3478 1802 3550 ἐλευθεροῦ-

1972 3476 2188 3548 lgnatii.
2219 3478 2367 3534 Servi
2399 3496 2505 3535 non
2531 3491 2775 3552 quatrant
2797 3482 3126 3536 mundanam
3155 3481 3483 3544 libertatem,

194 3552 355 3606 ¹σθαι
375 3567 394 3585 ο
429 3555 545 3609 ἀλλ’
573 3559 654 3622 εἰς
686 3560 845 3626 δόξαν
877 3564 1012 3619 Θεοῦ
1039 3566 1203 3657 πλέον
1248 3567 1669 3638 δουλευέτωσαν,
1712 3573 1801 3627 ἵνα

1932 3570 2000 3625 ed
2039 3571 2218 3640 pctius
2251 3573 2302 3625 iu
2357 3573 2513 3643 162
2545 3572 2635 3628 Dei
2668 3573 2893 3642 gloriam
2926 3575 3185 3640 serviant,
3214 3583 3271 3628 ut
3301 3572 3489 3658 melio"

222 3646 541 3716 κρείττονος
573 3648 889 3723 ἐλευθερίας
915 3656 1025 3710 ἀπὸ
1054 3646 1190 3713 Θεου
1222 3660 1478 3733 τύχωσιν.

1933 3675 2063 3715 ema
2095 3661 2325 3717 Domino
2346 3662 2749 3733 consequantur
2781 3665 3109 3721 libertatem.

336 3738 400 3790 0i
427 3737 482 3791 δὲ
509 3742 741 3820 οίκὲται,
773 3746 868 3799 καὶ
898 3746 1133 3817 μάλιστα
1156 3751 1206 3804 οἰ
1234 3752 1393 3820 Θεοῦ,

2047 3753 2182 3809 Cum
2215 3770 2424 3820 omnes,
2457 3767 2569 3811 tum
2603 3759 2833 3812 maxime
2869 3756 2960 3812 Dci
2994 3757 3134 3813 servi

334 3831 429 3902 Μὴ
458 3816 812 3903 φευγέτωσαν
841 3816 1047 3897 εὐνοεῖν
1076 3846 1189 3909 τοῖς
1222 3816 1534 3913 δεσπόταις.

2045 3846 2338 3905 Elaborare
2366 3848 2564 3905 debent
2593 3859 2651 3906 ut
2679 3850 2886 3906 Domini
2925 3850 3350 3906 benevolentiam

352 4014 651 4089 Ελεύθερον
680 4021 771 4073 καὶ
796 4021 983 4078 δοῦλον
1015 4027 1042 4079 6
1064 4027 1268 4097 τρόπος
1294 4030 1520 4101 γράφει.

333 4107 443 4160 Καὶ
468 4109 704 4181 Χριστὸς
725 4110 880 4184 ὤφθη
903 4114 1112 4185 δοῦλος,
1140 4119 1260 4175 ἀλλ’
1284 4123 1601 4194 ἠλευθέρου.

293 4380 531 4437 Γλυκεῖα
586 4385 788 4443 δούλων
838 4391 1030 4454 ἀκοαῖς
1099 4394 1443 4454 δεσποτικῶν
1499 4400 1798 4476 θαυμάτων

217 4471 500 4542 διήγησις.

2970 3940 3405 4005 lconsectcntur.

2046 4031 2302 4087 Liberum
2333 4042 2388 4087 et
2429 4048 2642 4088 servum
2685 4049 2861 4089 mores
2895 4035 3211 4098 ostendunt,

2049 4122 2259 4178 Etenim
2289 4123 2544 4180 Christus
2579 4127 2725 4179 visus
2751 4136 2836 4179 est
2862 4140 3074 4189 servus,
3117 4125 3209 4180 sed
3249 4125 3446 4180 liberos

3133 4239 3228 4275 nos
3258 4222 3402 4277 fecit.

2970 4314 3284 4388 (Theologi

1976 4400 2038 4458 S.
2082 4401 2358 4474 ϐίη-μεσπι.
2408 4402 2712 4461 Jucundum
2763 4416 2845 4461 est
2897 4408 3118 4461 auribus
3164 4424 3471 4477 servorum,

1902 4494 1949 4550 si
1983 4495 2111 4564 quid
2143 4495 2461 4553 admirabile
2495 4498 2561 4552 de
2592 4500 2826 4553 dominis
2850 4508 3120 4554 narretur.

291 4566 569 4632 Μέγιστον
594 4568 869 4639 ἐγκώμιον
909 4574 1124 4632 οἰκέτου
1158 4579 1388 4651 μηδενὸς
1412 4576 1489 4639 ὧν
1521 4585 1590 4641 ἂν
1622 4605 1795 4660 προσ-

1975 4585 2238 4642 Plu'lom's.
2312 4587 2600 4644 Maximum
2646 4601 2727 4645 est
2776 4592 2916 4646 servi
2960 4594 3268 4648 cnconnum
3341 4597 3473 4650 nihil

222 4658 382 4724 τάξει
413 4659 441 4711 6
468 4660 876 4735 οἰκοδεσπότης,
913 4666 1221 4742 ὀλιγωρεῖν,
1258 4673 1469 4741 ἀόκνως
1498 4676 1556 4732 δὲ
1581 4658 1675 4733 καί
1708 4697 1800 4749 φι-

215 4749 463 4814 λοπόνως
490 4754 632 4845 ὑπὲρ
662 4755 891 4830 δύναμιν
920 4762 1099 4818 πάντα
1127 4767 1446 4835 σπουδάζειν
1470 4773 1633 4845 αἰσίῳ
1660 4775 1799 4844 γνώ-

220 4856 297 4912 μῃ
334 4843 660 4915 κατορθοῦν.

295 5286 504 5343 ’ἰδοῦσα
534 5293 714 5366 Ἅγαρ
743 5296 826 5351 ὅτι
851 5299 911 5351 ὲν
940 5302 1137 5373 γαστρὶ
1161 5302 1296 5374 ἔχει,
1325 5307 1601 5378 ήτιμὰσθη
1637 5313 1668 5382 ἡ
1699 5331 1794 5367 κυ-

216 5380 309 5447 ρία
359 5382 533 5451 αὐτῆς
585 5385 819 5443 ἐνώπιον
876 5390 1067 5462 αὐτῆς.
1121 5390 1256 5450 Εἷπε
1319 5397 1376 5451 δὲ
1424 5400 1612 5472 2άρρα
1654 5380 1791 5475 πρὸς

224 5470 522 5545 Ἁϐραάμ·
591 5478 908 5551 Ἀδικοῦμαι
955 5485 1020 5539 ὲκ
1074 5487 1190 5541 σοῦ.
1250 5490 1389 5560 Ἐγὼ
1433 5470 1640 5547 δέδωκα
1692 5470 1788 5568 τὴν

213 5564 512 5635 παιδίσκην
548 5584 651 5636 μου
677 5574 756 5635 είς
788 5573 879 5627 τὸν
914 5576 1110 5631 κόλπον
1141 5597 1233 5633 σου
1260 5597 1276 5613 ο
1309 5582 1490 5638 ἰδοῦσα
1523 5587 1577 5640 δὲ
1620 5589 1702 5641 ὅτι
1729 5591 1788 5642 ὲν

210 5660 412 5726 γαστρὶ
462 5658 593 5729 ἔχει,
634 5663 946 5738 ἠτιμάσθην
1001 5670 1244 5725 ἐναντίον
1288 5673 1483 5745 αὐτῆς.
1540 5679 1786 5750 Κρινεῖό

206 5747 342 5812 Θεὸς
375 5750 479 5804 ἀνὰ
504 5753 667 5822 μέσον
688 5756 823 5825 ἐμοῦ
849 5761 940 5813 καὶ
966 5763 1080 5815 σοῦ.
1109 5758 1243 5818 Eine
1270 5766 1324 5819 δὲ
1348 5769 1485 5841 αὐτῇ
1506 5747 1781 5842 Ἀϐραάμ·

220 5838 349 5894 Ἰδοὺ
382 5844 415 5914 η
450 5843 709 5917 παιδίσκη
744 5865 838 5901 σου
872 5851 928 5904 ἐν
956 5856 1080 5915 ταῖς
1110 5857 1267 5924 χερσί
1311 5874 1424 5913 σου.
1456 5838 1585 5930 Κρῶ
1609 5838 1779 5934 αὐτῇ,

501 5938 770 6004 Parnm.
800 5944 922 6040 .GR.
956 5948 1277 6010 CXXXVI.

1905 4694 2092 4734 eorum
2143 4696 2263 4750 qua:
2294 4682 2686 4751 pt'arscripserit
2726 4683 2771 4736 ei
2804 4683 3469 4752 dominus-contemnere,

1903 4772 1996 4827 sed
2032 4773 2258 4844 impigre
2280 4784 2335 4828 et
2367 4774 2628 4830 induatric
2654 4791 2818 4845 supra
2849 4777 2990 4831 vires
3030 4776 3315 4847 diligenter
3358 4795 3476 4834 om-

1902 4868 1990 4921 nia
2048 4881 2263 4935 curare,
2319 4876 2377 4921 ut
2412 4866 2555 4921 bono
2611 4867 2840 4921 consilio
2894 4868 3162 4931 absolvat,
3212 4882 3269 4926 et
3327 4884 3474 4929 recte

1898 4957 2264 5014 administret.

2275 5092 2487 5148 SERll.
2521 5092 2684 5148 χχιιι
2736 5094 2835 5166 [aL
2872 5096 3085 5169 CXIX].

2382 5207 2453 5259 De
2482 5209 2645 5261 servis
2678 5209 2953 5275 improbis.

1965 5318 2095 5376 Gen.
2133 5337 2242 5375 xvn.
2266 5320 2400 5373 Cum
2434 5318 2655 5374 vidisset
2684 5321 2827 5388 Agar
2855 5339 2913 5379 se
2932 5333 3293 5396 praegnantem
3319 5340 3460 5394 esse,

1893 5409 2107 5479 probris
2142 5408 2321 5479 aﬂecit
2366 5409 2639 5464 dominam
2681 5425 2857 5477 suam,
2886 5428 2946 5466 ac
2976 5428 3083 5481 prae
3113 5427 3171 5466 sc
3220 5425 3464 5469 contem-

1894 5501 2016 5571 psit.
2058 5499 2193 5555 Sara
2242 5510 2421 5556 autem
2447 5501 2587 5571 apud
2617 5502 2982 5556 Ahrahamum
3028 5503 3275 5569 queritur
3318 5506 3396 5558 sic
3443 5521 3458 5560 :

1891 5593 2087 5663 lnjuria
2119 5592 2324 5650 allicior
2361 5595 2457 5649 abs
2489 5604 2562 5650 te.
2602 5596 2713 5668 Ego
2740 5597 2876 5649 hanc
2905 5595 3131 5662 put-llam
3182 5597 3233 5649 in
3282 5599 3457 5652 sinum

1890 5697 2040 5741 tuum
2067 5684 2358 5751 collocavi;
2390 5698 2443 5740 at
2496 5698 2777 5757 postquam
2808 5700 2869 5739 se
2928 5698 3293 5756 prmgnantcm
3342 5703 3465 5745 esse

1888 5775 2045 5840 vidit,
2073 5776 2332 5843 probrosa
2353 5776 2430 5831 illi
2462 5778 2575 5832 visa
2609 5791 2750 5831 sum.
2787 5771 3001 5831 Judicct
3038 5777 3178 5829 Deus
3211 5777 3349 5830 inter
3376 5794 3461 5833 me

1886 5877 1940 5921 et
1968 5875 2040 5920 te.
2074 5864 2417 5924 Abrahamus
2455 5873 2634 5922 autem
2669 5881 2684 5919 :
2722 5864 2954 5926 Ancilla,
2991 5867 3185 5935 inquit,
3219 5874 3319 5924 sub
3364 5880 3455 5927 tua

2874 5953 2948 6017 34
