3928 6556
455 407 594 471 1067
1400 442 1406 447 -
1713 408 2006 471 ΛΝΤΟΝῘ

2108 409 2174 469 [Ε
2183 408 2409 469 LISS/E
3539 408 3659 478 1068

450 534 613 575 manu
643 525 746 586 est,
794 527 968 577 tracta
996 533 1116 577 eam
1148 531 1207 577 ut
1246 520 1346 576 tibi
1381 519 1676 576 videbitur.
1713 520 1851 575 Sara
1882 519 2001 575 mali

2125 520 2201 582 ὡς
2232 521 2301 575 ἀν
2335 538 2418 574 σοι
2453 519 2687 592 ἀρεστὸν
2833 520 2946 575 Καὶ
2981 519 3257 575 ἐκάκωσεν
3283 519 3453 591 αὐτὴν
3477 521 3658 597 Σάρρα.

451 613 620 682 εωρίι
644 620 904 681 tractare,
937 614 1010 669 ita
1045 622 1106 670 ut
1133 614 1408 685 aufugerit
1434 629 1465 668 ε
1488 622 1784 682 conspectu
1806 613 1947 682 eius.

1597 622 1784 682 spectu
1806 613 1947 682 ejus.
2129 615 2221 666 καὶ
2255 612 2466 682 ἀπέδρα
2495 613 2605 667 ἀπὸ
2636 611 2929 683 προσώπου
2958 612 3148 682 αὐτῆς.

521 702 678 758 Prov.
704 720 856 761 xxtx.
889 706 1091 763 Servus
1125 707 1297 762 durus
1331 718 1385 762 et
1426 705 1673 776 pertinax
1698 705 1882 760 verbis
1915 719 2022 759 non

2200 701 2396 769 Λόγοις
2447 703 2510 755 οὐ
2543 702 2966 770 παιδευθήσεται
3009 700 3226 769 οἰκέτης
3264 699 3515 770 σκληρός.
3554 702 3663 754 Ἐὰν

443 796 765 862 erndietur;
797 812 924 852 nam
954 797 1058 854 etsi
1093 798 1379 869 intelligat,
1405 814 1512 854 non
1561 810 1745 852 tamen
1783 795 1994 852 ohediet

1718 813 1745 851 η
1783 795 2021 852 ohediet.
2129 794 2237 864 γὰρ
2271 793 2362 847 καὶ
2395 795 2583 866 νοήσῃ,
2614 794 2729 848 ἀλλ’
2753 794 2852 864 οὐχ
2881 791 3269 847 ὑπακούσεται.

513 887 632 944 Non
667 892 999 946 conveniunt
1049 891 1322 960 insipienti
1387 892 1632 947 deliciae:
1666 890 1786 946 etsi
1833 903 2026 946 servus

2202 884 2278 936 Οὐ
2310 885 2576 954 συμφέρει
2604 886 2800 956 ἀφρονι
2821 883 3002 955 τρυφή
3019 897 3034 912 ⁸
3058 881 3152 935 καὶ
3171 880 3268 934 ἐὰν
3288 882 3501 953 οἰκέτης
3523 883 3660 954 ἀρε-ει.

447 972 773 1052 magistratu
810 983 1087 1054 fungatur,
1117 983 1384 1054 iniuriose
1404 984 1680 1055 potestate
1715 991 1919 1038 utetur.

1311 1000 1384 1039 ise
1404 984 1680 1055 potestate
1715 991 1919 1038 utetur.
2136 972 2254 1040 μιθ“
2288 972 2498 1044 ὕϐρεως
2524 973 2862 1028 δυναστεύει.

518 1071 680 1128 Prov.
733 1088 879 1126 xxvt.
943 1070 1237 1140 Flagellum
1289 1087 1452 1140 equo,
1514 1071 1771 1127 stimulus
1813 1071 2022 1126 asino,

2204 1065 2416 1131 Μάστιξ
2460 1065 2632 1135 ἵππῳ,
2667 1065 2764 1119 καὶ
2797 1063 3021 1134 κέντρον
3052 1063 3181 1133 δνῳ,
3210 1063 3406 1134 ῥάϐδος
3427 1063 3486 1118 δὲ
3507 1064 3666 1136 οἰκέτῃ

449 1165 598 1230 virga
629 1178 788 1218 servo
815 1163 1117 1233 insipienti.

904 1163 1117 1233 ipienti.
2132 1156 2350 1226 ἄφρονι.
2420 1172 2455 1209 ο

527 1253 699 1308 Eccli.
733 1267 904 1308 xxxtt.
935 1251 1161 1316 Pabula,
1199 1252 1375 1322 virga,
1407 1259 1462 1306 et
1489 1265 1657 1306 onera
1685 1250 1900 1306 asinum
1928 1249 2024 1305 de-

2206 1247 2574 1316 Χορτάσματα
2600 1249 2695 1300 καὶ
2722 1248 2916 1319 ρἀδος
2936 1250 3032 1302 καὶ
3058 1250 3255 1322 φορτία
3289 1248 3428 1318 ὄνῳσ
3456 1249 3605 1319 ἀρτος
3623 1249 3669 1302 δὲ

439 1355 618 1401 cent:
655 1359 872 1399 servum
899 1351 1105 1405 autem,
1149 1341 1328 1411 panis.
1368 1341 1675 1410 castigatio,
1722 1348 1956 1409 etopus.

1481 1341 1675 1410 .igatio,
1722 1348 1776 1395 et
1796 1354 1956 1409 opus.
2136 1339 2232 1393 καὶ
2257 1338 2473 1392 παιδεία
2507 1339 2602 1392 καὶ
2633 1339 2795 1410 ἔργον
2826 1340 3032 1412 οἰκέτῃ.

519 1438 659 1491 Cura
682 1445 742 1492 ut
763 1451 954 1492 servus
977 1451 1114 1506 opus
1137 1435 1317 1500 faciat,
1333 1445 1387 1489 et
1411 1434 1645 1503 requiem
1679 1433 1922 1490 invenies
1946 1433 2029 1489 :si

2210 1428 2482 1498 Ἐργασαι
2505 1431 2565 1482 ἑν
2600 1430 2775 1495 παιδὶ,
2807 1431 2905 1484 καὶ
2924 1431 3179 1502 εὑρήσεις
3203 1431 3540 1486 ἀνάπαυσιν·
3568 1429 3671 1492 avt;

451 1529 730 1585 remiseris
758 1544 977 1584 manum
1005 1528 1103 1591 illi,
1132 1537 1336 1598 queret
1351 1526 1676 1582 libertatem.

2137 1523 2295 1592 χεῖρα
2331 1522 2501 1592 αὐτῷ,
2537 1524 2631 1578 καὶ
2659 1525 2883 1595 ζητήσει
2907 1524 3245 1594 ἐλευθερίαν.

522 1622 694 1678 Servo
712 1619 958 1691 improbo
972 1636 1040 1675 ne
1069 1631 1281 1677 veretor
1297 1619 1438 1675 latus
1461 1619 1528 1673 ad
1551 1615 1868 1688 sanguinem
1897 1623 1956 1671 tu
1969 1632 2033 1671 n-

2209 1612 2406 1685 Οίκέτῃ
2436 1612 2658 1692 πονηρῷ
2682 1614 2759 1687 μὴ
2785 1615 3083 1687 αἰσχυνθῇς
3113 1615 3358 1685 πλευρὰν
3385 1615 3616 1684 αἱμάξαι.

451 1714 604 1770 dere.

518 1809 716 1878 iugum
746 1813 804 1865 et
828 1808 1005 1864 lorum
1036 1806 1301 1861 cervicem
1332 1800 1573 1877 [duram]
1598 1801 1890 1869 inﬂectent,
1921 1815 2069 1878 ser-3

2211 1792 2383 1861 Ζυγδς
2436 1794 2530 1848 καὶ
2578 1794 2709 1864 ιμάς
2759 1792 3034 1865 τράχηλον
3087 1793 3440 1863 κάμψουσιν,
3487 1791 3675 1857 οἰκέτην

451 1917 578 1956 vum
591 1865 772 1956 autem
789 1899 1086 1971 malignum
1103 1865 1370 1953 tormenta
1383 1865 1788 1967 etqttéstiones.
1804 1865 1885 1948 Ad
1899 1908 2002 1962 opu

2140 1884 2446 1955 κακοῦργον
2492 1886 2746 1958 πρέσλαι
2803 1886 2902 1940 καὶ
2952 1884 3196 1954 βάσανοι.
3254 1882 3499 1951 Ἐμσαλε
3540 1884 3677 1935 αὐτὴν

453 1991 761 2054 faciendum
807 1989 1136 2060 compellito,
1167 2004 1238 2044 ne
1287 1989 1382 2043 ﬂat
1424 1987 1730 2042 desidiosus
1777 1993 1832 2041 et
1881 1985 2004 2054 igna

2142 1976 2226 2037 είς
2278 1977 2568 2046 ἐργασίαν,
2615 1977 2702 2030 ἵνα
2761 1978 2836 2047 μὴ
2893 1978 3070 2046 ἀργῇ·
3125 1975 3331 2044 πολλὴν
3364 1974 3471 2042 γὰρ
3513 1974 3679 2026 zaxizv

453 2096 557 2138 vus
576 2099 592 2138 :
611 2082 778 2139 multa
801 2081 946 2138 enim
964 2080 1094 2136 vitia
1119 2080 1511 2136 docuitotium.
1541 2077 1598 2134 In
1629 2093 1690 2133 ea
1715 2091 1846 2148 ergo
1864 2091 2004 2147 oper:

2143 2067 2380 2132 ἐδίδαξεν
2429 2070 2461 2139 ή
2511 2070 2703 2138 ἀργία.
2750 2069 2846 2132 El;
2884 2067 3022 2138 ἔργα
3065 2067 3415 2138 κατάστησον
3449 2065 3597 2118 αὑτὸν
3619 2064 3679 2125 ὡς

456 2173 729 2243 applicato
756 2188 904 2234 eum,
932 2187 1055 2243 quae
1102 2171 1180 2227 illi
1230 2168 1768 2240 conveniunt:quod
1819 2169 1866 2226 si
1924 2183 2007 2224 nul

2144 2158 2347 2230 πρίπει
2393 2160 2577 2230 αὐτῷ’
2614 2161 2710 2214 καὶ
2764 2159 2864 2213 ὲάν
2913 2159 2990 2230 μὴ
3019 2157 3312 2228 πειθαρχῇ,
3347 2157 3568 2226 βάρυνον
3601 2157 3679 2215 τὰς

457 2269 675 2334 pareat,
705 2262 985 2334 graviores
1006 2261 1171 2333 injice
1219 2261 1294 2316 illi
1350 2261 1662 2331 compedes.

980 2261 1171 2333 sinjice
1219 2261 1294 2316 illi
1350 2261 1662 2331 compedes.
2145 2251 2312 2312 πέδας
2345 2249 2531 2307 αὐτοῦ.

528 2353 791 2426 Theologi.
810 2353 934 2411 Mali
961 2354 1106 2411 enim
1124 2354 1268 2410 servi
1284 2366 1368 2410 est
1383 2353 1664 2408 dominum
1707 2351 2033 2407 arridentem

1993 2366 2033 2404 [η
2215 2337 2415 2394 Δούλου
2442 2340 2614 2396 κακοῦ
2644 2341 2751 2412 γὰρ
2780 2339 3166 2411 προσγελῶντα
3191 2338 3292 2409 μὲν
3323 2339 3507 2393 σέϐειν
3527 2354 3544 2370 ·

1735 2441 1962 2514 holere,

533 2536 922 2609 Objurgantem
942 2545 1122 2593 autem
1141 2546 1196 2594 et
1221 2537 1574 2606 castigantem
1604 2535 1804 2590 malum
1826 2543 2032 2605 putare.

1988 2552 2032 2590 ε,
2214 2522 2319 2577 Τὸν
2347 2522 2613 2593 δεσπότην
2643 2522 2950 2592 πλήττοντα
2984 2521 3032 2574 δ’
3070 2521 3322 2592 ήγεῑσθαι
3356 2519 3539 2574 κακόν.

537 2628 670 2684 Illud
711 2637 796 2684 est
837 2629 1118 2700 proprium
1153 2630 1417 2684 malorum
1453 2642 1734 2683 servorum
1763 2637 1822 2682 ut
1877 2628 2036 2682 heros

2215 2619 2430 2672 Δούλων
2469 2618 2704 2690 ὑπάρχει
2741 2617 2931 2671 κακῶν
2976 2617 3189 2671 ἀθετεῖν
3229 2613 3563 2676 δεσποτείαν,
3601 2612 3677 2663 καὶ

465 2735 598 2778 suos
625 2721 893 2791 rejiciant,
918 2731 973 2776 et
1014 2721 1251 2777 dominis
1291 2722 1564 2782 resistant,
1586 2727 1639 2775 et
1680 2719 1881 2775 liberos
1908 2733 2016 2772 con

2145 2709 2536 2764 ἐπανίστασθαι
2557 2725 2624 2762 κν
2632 2710 2863 2780 ριότητι,
2879 2708 2975 2762 καὶ
2995 2706 3284 2778 ὁμόδουλον
3305 2705 3519 2767 ἑαυτοῖς
3539 2704 3678 2756 ποιεῖ-

465 2830 655 2871 scrvos
711 2815 957 2870 reddent.

2145 2802 2269 2856 σθαι
2298 2800 2358 2854 τὸ
2384 2799 2682 2868 ἐλεύθερον.

539 2906 799 2965 Philonis.
812 2905 983 2962 Nemo
999 2915 1108 2962 tam
1128 2906 1350 2972 insanit,
1370 2920 1532 2976 quam
1544 2905 1659 2976 qui,
1677 2920 1864 2962 servus
1881 2892 2037 2977 163

2213 2891 2402 2954 Οὐδεὶς
2433 2888 2574 2943 οὕτω
2602 2890 2864 2960 μέμηνεν,
2899 2889 2976 2953 ώς
3001 2888 3185 2952 δοῦλος
3226 2887 3305 2942 ὢν
3331 2886 3679 2943 ἐναντιοῦσθαι

468 3011 593 3052 cum
611 2996 704 3062 sit,
739 2996 961 3052 domino
1002 2996 1341 3052 adversatur.

850 2996 961 3052 tino
1002 2996 1341 3052 adversatur.
2143 2984 2401 3055 δεσπότῃ·

542 3086 791 3159 Hermog.
849 3087 1053 3144 Natura
1110 3090 1255 3143 enim
1305 3087 1446 3143 servi
1507 3085 1852 3142 dominorum
1905 3097 2034 3144 sunt

1955 3097 2034 3144 tnt
2212 3075 2375 3131 Φύσει
2397 3073 2506 3146 γάρ
2528 3072 2721 3144 ἑχθρδν
2745 3072 2806 3126 τι
2831 3071 3014 3127 δοῦλον
3044 3073 3156 3132 τοῖς
3189 3071 3506 3132 δεσπόταις.

471 3194 697 3235 ιηιηιιοι.

2060 3225 2103 3282 C

861 3379 1092 3436 δεηΜο
1145 3379 1285 3434 xxv
1318 3378 1416 3452 [al.
1465 3378 1622 3448 an.

1583 3381 1622 3448 1.
2730 3361 2947 3416 ΛΟΓΟΣ
2985 3361 3127 3414 κε’.

906 3497 979 3550 De
1011 3493 1184 3564 probis
1213 3494 1584 3548 creditoribus.

2493 3477 2635 3545 Περὶ
2684 3473 3022 3530 δανειστῶν
3051 3469 3355 3541 χρηστῶν.

546 3610 722 3668 Exod.
758 3626 892 3665 χχιι.
941 3609 997 3663 Si
1036 3607 1322 3679 pecuniam
1370 3606 1708 3662 mutuaveris
1753 3605 1910 3662 fratri
1947 3614 2042 3660 tuo

2225 3593 2354 3648 Ἐἀν
2415 3592 2678 3663 ἀργύριον
2726 3589 3042 3660 ὲκδανείσῃς
3091 3586 3168 3656 τῷ
3220 3584 3443 3654 ἀδελφῷ
3492 3600 3576 3637 σου
3619 3580 3681 3651 τῷ

479 3705 728 3778 pauperi,
765 3704 857 3773 qui
881 3673 1112 3772 apud-te
1141 3708 1417 3766 versatur,
1443 3714 1568 3755 eum
1594 3714 1771 3770 neque
1800 3699 2030 3769 ut'gebis1

2147 3685 2337 3755 πένητι
2367 3683 2445 3754 τῷ
2469 3683 2621 3753 παρά
2651 3683 2757 3745 σοὶ,
2789 3679 2890 3733 οὒκ
2919 3679 3018 3750 ἔσῃ
3045 3677 3192 3746 αὑτῷ
3218 3675 3577 3744 κατεπείγων,
3601 3673 3685 3726 οὐκ

483 3811 660 3866 neque
691 3811 912 3850 usuram
945 3795 1012 3848 ab
1039 3807 1106 3848 eo
1128 3791 1335 3860 exiges.

2147 3777 2432 3848 ἐπιθήσεις
2461 3775 2550 3829 ἐπ’
2573 3771 2720 3842 αὑτῷ
2748 3774 2929 3828 τόκον.

551 3888 720 3943 Leuit.
748 3902 876 3941 xxv.
903 3883 1108 3941 Tecum
1133 3857 1278 3940 vivet
1304 3884 1498 3938 fratrer
1521 3893 1668 3947 tuus,
1699 3896 1801 3937 nec
1817 3881 1864 3938 ei
1895 3881 2048 3937 dabis

2219 3869 2455 3938 Ζήσεται
2484 3865 2512 3919 ὁ
2536 3863 2762 3932 ἀδελφός
2793 3882 2887 3917 σου
2917 3863 3056 3932 μετά
3079 3860 3195 3915 σοῦ.
3225 3860 3300 3914 Τὸ
3329 3857 3584 3928 ἀργύριόν
3608 3870 3686 3906 σου

482 3981 768 4051 pecuniam
808 3989 954 4033 tuam
989 3978 1056 4034 ad
1106 3992 1354 4042 usuram,
1383 3991 1483 4031 nec
1546 3983 1605 4029 ut
1649 3975 1774 4044 plus
1817 3972 2033 4041 recipias

2151 3963 2214 4016 οὐ
2247 3960 2442 4023 δώσεις
2489 3956 2640 4028 αὐτῷ
2671 3956 2766 4008 ἐπὶ
2812 3956 2981 4027 τόκῳ,
3034 3956 3130 4008 καὶ
3168 3954 3263 4006 ἐπὶ
3301 3946 3614 4018 πλεονασμῷ
3636 3946 3686 3997 οὗ

481 4045 637 4125 dabis
668 4069 716 4124 ei
749 4066 816 4125 de
845 4067 1117 4123 alimentis
1153 4067 1282 4123 tuis.

2151 4053 2344 4114 δώσεις
2377 4049 2522 4118 αὐτῷ
2548 4048 2617 4101 τά
2649 4045 2914 4118 βρώματά
2943 4062 3058 4101 σου.

553 4161 716 4234 Deut.
748 4165 902 4217 xxnt.
933 4160 1176 4216 Mutuum
1209 4159 1338 4216 dato
1359 4159 1605 4229 proximo
1627 4168 1741 4224 tuo,
1776 4167 2043 4229 quantum

2225 4143 2444 4198 Δάνειον
2469 4143 2672 4204 δανιεῖς
2714 4139 2793 4211 τῷ
2825 4139 3050 4209 πλησίον
3083 4155 3199 4199 σου,
3231 4136 3358 4190 ὅσου
3411 4133 3684 4187 ἐπιδέεται·

485 4255 532 4313 ei
581 4270 717 4326 opus
749 4265 853 4320 est,
889 4269 991 4310 nec
1018 4263 1240 4325 gravate
1285 4263 1380 4309 aut
1425 4269 1548 4306 cum
1589 4252 1757 4306 animi
1814 4267 2036 4306 mcerort

2155 4237 2249 4290 καὶ
2283 4235 2343 4288 οὐ
2375 4234 2668 4305 λυπηθήσῃ
2698 4234 2765 4303 τῇ
2798 4230 2996 4302 καρδίᾳ
3024 4247 3117 4282 σου
3147 4229 3381 4288 διδόντος
3409 4244 3501 4279 σου
3529 4222 3658 4287 αὗτῷ
3677 4235 3690 4251 ⁸

485 4315 675 4415 dabis;
709 4363 834 4409 nam
884 4347 956 4402 ob
989 4315 1145 4402 istam
1191 4362 1414 4404 causam
1448 4343 1751 4399 fortunabit
1785 4342 1879 4396 tibi
1914 4343 2036 4396 Deus

2155 4329 2237 4381 ὅτι
2265 4327 2353 4380 διὰ
2377 4327 2451 4391 ,τὸ
2484 4325 2638 4396 ῥῆμα
2665 4324 2826 4376 τοῦτο
2859 4321 3146 4405 ευλογήσει
3180 4336 3241 4373 σε
3286 4319 3492 4390 Κύριος
3516 4319 3542 4370 ὁ
3581 4315 3691 4374 Θεός

485 4443 669 4498 omnia
700 4457 862 4512 opera
897 4451 1011 4497 tua.

2160 4437 2251 4474 σου
2284 4423 2341 4474 ἐν
2370 4422 2505 4473 πᾶσι
2535 4421 2647 4480 τοῖς
2679 4416 2861 4488 ἔργοις
2901 4431 3020 4468 σου.

555 4534 672 4589 Νοη
726 4501 1085 4589 fmneraberis
1137 4531 1289 4587 fratri
1345 4541 1440 4585 tuo
1494 4528 1721 4593 cibaria,
1778 4537 1872 4582 aut
1906 4528 2106 4617 aliudI

2233 4515 2346 4567 Οὐκ
2399 4512 2666 4571 ὲκτοκιεϊς
2711 4506 2790 4578 τῷ
2819 4503 3034 4576 ἀδελφῷ
3065 4521 3157 4556 σου
3207 4503 3368 4556 τόκον
3399 4501 3691 4572 βρωμάτων.

2230 4607 2242 4617 .
2333 4606 2346 4617 .
2641 4601 2655 4617 ε
2747 4616 2776 4617 ,,
2803 4616 2810 4617 ,
2832 4599 2927 4617 ι...Δ
2948 4614 3027 4617 ___
3049 4613 3064 4617 _
3119 4589 3173 4617 ,θ’
3213 4595 3306 4617 1L.
3354 4594 3591 4617 1,.r--._3-
3631 4587 3691 4617 -Z.

488 4627 810 4697 quidquam,
847 4629 990 4700 quod
1029 4624 1184 4678 fratri
1220 4632 1316 4678 tuo
1347 4623 1702 4688 mutuaveris.

2159 4607 2254 4663 καὶ
2287 4606 2446 4660 τόκον
2495 4601 2696 4665 παντὸς
2740 4599 3086 4670 πράγματος,
3115 4589 3176 4650 οὗ
3210 4595 3308 4650 ἐὰν
3351 4594 3591 4664 ἑκδανιῇς
3631 4587 3693 4656 τῷ

2159 4699 2372 4770 ἀδελφῷ
2405 4714 2520 4752 σου.

565 4805 662 4861 Job
714 4803 1261 4876 xxx1.Syngrapham
1326 4816 1489 4870 quant
1560 4799 1821 4854 habebam
1867 4809 2054 4855 contra

2229 4787 2558 4861 Συγγραφὴν
2585 4787 2652 4857 ἦν
2692 4781 2834 4856 εἶχον
2865 4783 3006 4838 κατά
3053 4798 3219 4845 τινος,
3251 4780 3339 4832 ἐπ’
3369 4778 3532 4847 ώμοις
3559 4789 3691 4840 περι-

491 4897 802 4968 quempiam
827 4895 1072 4952 humeris
1093 4894 1488 4951 circumdatam
1513 4900 1771 4962 tanquam
1794 4907 2042 4946 coronan‘

2160 4887 2411 4952 θέμενος,
2438 4882 2514 4944 ώς
2563 4879 2826 4950 στέφανον
2868 4876 3258 4944 ἀνεγίνωσκον,
3295 4871 3390 4924 καὶ
3429 4868 3590 4938 ῥήξας
3620 4864 3695 4915 αὖ·

493 4955 759 5060 lcgebam,
789 5000 844 5043 et
875 5003 993 5042 eam
1026 5003 1055 5042 a
1106 5001 1192 5042 me
1219 4986 1445 5042 fractam
1474 4955 1705 5051 reddidi,
1730 4983 1867 5039 nihil
1918 4982 2044 5038 acci-

2160 4978 2258 5048 τὴν
2294 4974 2574 5038 ἀπέδωκα,
2626 4970 2794 5042 μηδὲν
2834 4964 3170 5038 παραλαϐὼν
3208 4963 3361 5033 παρὰ
3402 4955 3694 5031 χρεωφειλέ-

496 5085 651 5154 piens
676 5099 705 5138 a
724 5081 979 5154 debitore
1008 5097 1150 5136 meo.

862 5091 979 5136 tore
1008 5097 1150 5136 meo.
2160 5085 2256 5122 του
2287 5083 2411 5137 μου.

569 5139 870 5229 Ρεαιθχιν.
897 5175 1194 5242 Argentum
1240 5190 1348 5231 non
1395 5173 1544 5230 dedit
1591 5170 1807 5235 faenori,
1845 5177 1900 5224 et
1944 5184 2063 5222 mu-

2235 5135 2308 5211 Τδ
2363 5155 2626 5228 ἀργύριον
2675 5151 2840 5207 αὐτοῦ
2891 5150 2993 5204 οὐκ
3046 5148 3247 5202 ἔδωκεν
3299 5148 3392 5200 ἐπὶ
3434 5145 3591 5210 τόκῳ,
3621 5135 3698 5241 καλ

501 5281 632 5322 nera
655 5274 846 5322 contra
875 5267 1195 5319 innocentes
1220 5283 1328 5321 non
1356 5266 1564 5337 accepit
1590 5283 1604 5320 :
1641 5263 1735 5334 qui
1763 5262 1879 5317 haec
1899 5274 2052 5315 exer-

2164 5252 2315 5323 δῶρα
2360 5251 2448 5302 ἐπ’
2484 5248 2681 5310 ἀθώοις
2721 5247 2819 5299 οὐκ
2875 5242 3087 5297 ἔλαϐεν.
3129 5241 3188 5294 Ὀ
3238 5239 3408 5292 ποιῶν
3449 5233 3613 5288 ταῦτα
3650 5227 3699 5277 οὗ

501 5367 623 5427 cet,‘
649 5375 754 5415 non
785 5359 1244 5429 conquassabitur
1276 5359 1390 5415 ullo
1420 5369 1684 5426 tempore.

1474 5372 1684 5426 mpore.
2169 5341 2564 5410 σαλευθήσεται
2599 5339 2679 5401 εἰς
2709 5338 2800 5392 τὸν
2829 5337 3025 5390 αἰῶνα.

573 5451 667 5507 Vir
701 5456 876 5509 bonus
932 5460 1015 5506 est
1066 5452 1112 5506 is
1145 5451 1238 5521 qui
1290 5449 1582 5506 miseretur
1633 5457 1686 5503 et
1732 5444 2063 5506 commodat,

2186 5505 2192 5511 .
2241 5435 2490 5506 Χρηστὺς
2521 5431 2660 5504 ἀνὴρ
2693 5433 2722 5484 ὁ
2768 5429 3052 5506 οἰκτεῖρων
3092 5427 3188 5482 καὶ
3235 5424 3471 5496 κιχρῶν·
3527 5417 3708 5469 οἰκονο-

502 5546 743 5615 disponit
773 5527 1056 5601 sermones
1088 5557 1216 5599 suos
1248 5543 1302 5596 in
1331 5541 1558 5613 judicio.

2176 5530 2340 5602 μήσει
2366 5527 2491 5589 τοὺς
2521 5524 2714 5592 λόγους
2749 5520 2915 5576 αὐτοῦ
2951 5525 3008 5574 ἐν
3038 5520 3237 5588 κρίσει.

572 5637 760 5694 Justus
797 5639 1083 5694 miseretur
1112 5646 1166 5692 et
1189 5636 1520 5692 commodat.

2249 5621 2465 5680 Δίκαιος
2498 5613 2756 5683 οἰκτείρει
2793 5614 2888 5666 καὶ
2915 5612 3097 5681 κιχρᾷ.

577 5727 848 5784 Solomon.
880 5729 1218 5784 Creditnrem
1254 5728 1419 5781 simul
1473 5735 1528 5781 et
1597 5724 1894 5780 debitorem
1945 5735 2072 5777 eon-

2253 5707 2542 5762 Δανειστοῦ
2594 5707 2687 5759 καὶ
2738 5703 3137 5775 χρεωφειλέτου
3174 5696 3418 5764 ἀλλήλοις
3458 5677 3707 5739 συνελθόν·

508 5821 670 5876 cordc
700 5821 939 5878 viventes
971 5822 1187 5892 inspicit
1229 5820 1508 5875 Dominus.

2183 5821 2310 5866 των,
2341 5798 2642 5870 ἐπισκοπὴν
2674 5797 2997 5870 ἀμφοτέρων
3037 5795 3271 5848 ποιεῖται
3311 5787 3525 5857 Κύριος.
