3928 6568
225 422 357 487 1υ69

990 425 1164 487 LOCI
1202 425 1743 491 COMMUNES.--
1788 431 1985 491 rans
2025 430 2100 495 εἰ.
2145 405 2411 496 sanna
2434 437 2647 497 xxvr.

3262 416 3265 421 ’
3336 437 3472 503 1070

284 534 528 609 [Ὅστις]
577 536 949 608 ἱνεχυρασμόν
995 541 1302 609 οφείλοντος
1360 541 1654 609 ἀποδώσει,
1695 543 1788 596 καὶ

1964 548 2155 603 Ezech.
2185 563 2279 611 vn,
2317 538 2483 603 xvm.
2501 547 2606 615 Qui
2634 548 2908 615 debitoris
2927 547 3121 619 pignus
3149 548 3469 614 reddiderit,

220 631 280 686 τὸ
305 630 567 702 ἀργύριον
616 631 783 686 αὑτοῦ
837 634 930 685 ἐπὶ
969 637 1116 703 τόκῳ
1156 635 1220 687 οὐ
1267 632 1451 700 δώσει,
1484 635 1580 689 καὶ
1630 635 1790 689 πλεο.

221 725 420 796 νασμόν
467 726 530 780 οὐ
582 725 852 796 λήψεται,
886 727 1090 788 δίκαιος
1120 720 1280 791 οὗτός
1306 729 1442 788 ἐστι,
1474 728 1587 798 ζωῇ
1631 730 1792 798 ζήσε-

219 835 326 879 ται,
362 818 512 885 λέγει
552 817 775 888 Κύριος.

300 908 357 963 Ὀ
380 909 551 962 ποιῶν
572 908 721 972 ἔλεος
740 909 912 962 δανιεί
940 910 1019 979 τῷ
1058 909 1290 978 πλησίον
1305 926 1324 943 ο
1344 910 1440 964 καὶ
1464 911 1494 963 ὀ
1518 910 1793 978 ἑπισχύων

221 1003 282 1071 τῇ
322 1002 469 1071 χειρὶ
495 1000 661 1055 αὐτοῦ
691 1004 850 1073 τηρεῖ
887 1003 1127 1066 ἀντολάς.

288 1183 380 1251 Τῷ
417 1183 658 1238 αἰτοῦντί
691 1201 750 1237 σε
798 1185 966 1248 δίδου,
1018 1187 1115 1242 καὶ
1145 1188 1235 1241 τόν
1282 1187 1519 1243 θέλοντω
1551 1189 1660 1243 ἀπὸ
1695 1188 1791 1244 σοῦ

220 1273 570 1329 δανείσασθαι
603 1277 678 1346 μὴ
714 1277 1098 1348 ἀποστραφῇς.

300 1367 433 1421 Ἐὰν
464 1367 747 1433 δανείζετε
771 1369 903 1440 παρ’
931 1364 1007 1425 ὧν
1039 1369 1287 1434 ἐλπίζετε
1314 1370 1632 1435 ἀπολαϐεῖν,
1661 1371 1792 1425 ποία

222 1460 349 1525 ὑμῖν
382 1459 542 1529 χάρις
589 1460 744 1526 teri;
796 1463 890 1514 καὶ
932 1462 1042 1531 γὰρ
1081 1460 1399 1532 ἁμαρτωλοὶ
1445 1462 1793 1532 ἁμαρτωλοῖς

220 1550 576 1617 δανείζουσιν,
609 1553 696 1606 ῖνα
728 1553 1043 1608 ἀπολάϐωσι
1087 1554 1155 1608 τὰ
1203 1554 1319 1609 ίσα.
1352 1554 1500 1624 Πλὴν
1539 1553 1792 1621 ἀγαπᾶτε

219 1645 344 1706 τοὺς
362 1643 457 1713 ὲχθ
467 1644 592 1712 pob;
618 1644 795 1714 ὑμῶν,
811 1645 907 1698 καὶ
931 1646 1329 1711 ἀγαθοποιεῖτε,
1356 1645 1453 1701 καὶ
1471 1645 1745 1710 δανείζετε
1775 1685 1790 1707 ,

224 1737 392 1806 μηδὲν
417 1737 834 1805 ἀπελπίζοντες,
863 1738 958 1792 καὶ
983 1739 1140 1792 ἔσται
1164 1741 1193 1792 ὀ
1225 1738 1416 1806 μισθὸς
1438 1737 1598 1809 ὐμῶν
1625 1738 1793 1801 πολὺς

218 1830 275 1880 ὲν
305 1830 425 1892 τοῖς
465 1829 737 1899 οὐρανοῖς.

1894 643 1947 689 et
1980 646 2264 706 argentum
2315 653 2475 694 suum
2522 638 2718 693 {teneri
2772 654 2883 692 non
2937 637 3175 705 dederit,
3226 638 3472 709 nihilque

1894 729 2036 782 ultra
2087 738 2288 785 sortem
2329 732 2616 802 receperit,
2663 730 2710 785 is
2753 731 2838 784 vir
2883 730 3060 786 bonus
3106 738 3214 796 est,
3245 718 3323 785 ait
3358 730 3467 786 Do-

1896 817 2096 882 minus,
2129 829 2182 874 ct
2211 836 2375 890 quam
2412 820 2721 878 diutissime
2751 819 2913 876 vivet.
3512 818 3515 819 ⁷

1967 908 2132 965 Eccli.
2172 928 2323 967 xxix.
2372 912 2478 979 Qui
2528 912 2965 968 misericordiam
3023 911 3287 983 impertit,
3338 926 3469 982 pro-

1893 1001 2044 1055 ximo
2075 1015 2323 1058 mutuum
2354 1005 2507 1059 dabit
2532 1021 2546 1059 :
2571 1010 2628 1060 et
2667 1004 2761 1074 qui
2791 1016 2959 1060 manu
3000 1019 3099 1060 sua
3128 1002 3468 1071 corroborat,

1897 1101 2165 1165 praecepta
2198 1105 2403 1153 servat.

1971 1182 2095 1237 Luc.
2123 1199 2194 1239 vi.
2222 1182 2433 1241 Petenti
2478 1186 2576 1242 abs
2639 1196 2693 1243 te
2719 1186 2884 1254 dato;
2917 1193 2973 1242 et
3003 1184 3072 1241 ab
3098 1199 3166 1241 eo
3213 1182 3310 1255 qui
3355 1183 3473 1241 vult

1893 1275 1990 1331 abs
2017 1285 2067 1331 te
2103 1285 2351 1333 mutuum
2382 1293 2620 1345 sumere,
2645 1293 2717 1335 ne
2749 1279 3039 1336 avertaris.
3458 1346 3463 1351 δ

1970 1369 2028 1423 Si
2079 1380 2330 1427 mutuum
2371 1371 2513 1428 datis
2554 1387 2582 1428 a
2611 1372 2813 1442 quibus
2859 1371 3092 1443 speratis
3131 1385 3231 1426 vos
3274 1384 3468 1440 recep-

1894 1470 2069 1524 turos,
2100 1478 2218 1532 quae
2244 1463 2397 1519 vobis
2424 1465 2596 1531 gratia
2646 1462 2765 1519 est?
2792 1464 2992 1519 etenim
3042 1463 3306 1519 seelerosi
3348 1480 3469 1518 mn-

1894 1567 2045 1609 tuom
2071 1554 2202 1608 dant
2231 1554 2539 1619 scelerosis,
2573 1563 2632 1611 ut
2658 1554 2808 1625 paria
2836 1553 2936 1610 sibi
2972 1553 3323 1611 referantur:
3361 1554 3475 1610 imo

1895 1662 2024 1702 vero
2073 1646 2278 1717 diligite
2324 1647 2577 1703 inimicos
2610 1655 2848 1714 vestros,
2890 1661 2956 1702 ac
2996 1645 3324 1709 benefacitc,
3358 1661 3479 1699 nm-

1894 1748 2158 1807 tuumque
2202 1737 2329 1793 date
2362 1737 2497 1792 nihil
2540 1738 2668 1793 inde
2698 1731 3002 1805 sperantes,
3034 1747 3087 1792 ct
3117 1739 3222 1791 erit
3260 1753 3471 1793 merces

1896 1842 2071 1884 vestra
2102 1830 2156 1884 in
2188 1830 2344 1886 caelis
2372 1831 2619 1899 copiosa.

286 1921 448 1990 Μήτε
483 1895 574 1975 τθξν
619 1921 840 1976 θέλοντα
875 1922 1227 1977 δανείσασθαι
1269 1922 1652 1995 ἀποστραφῇς,
1699 1923 1793 1977 καὶ

1969 1921 2027 1977 S.
2072 1922 2284 1977 Basilii.
2332 1895 2521 1993 Neque
2550 1923 2821 1977 volentem
2868 1921 2968 1976 abs
2995 1929 3046 1975 te
3094 1928 3342 1975 mutuum
3376 1934 3478 1974 su-

216 2013 276 2065 τό
302 2013 573 2084 ἀργύριόν
625 2030 720 2067 σου
756 2014 817 2066 οὐ
867 2013 1059 2078 δώσεις
1099 2013 1190 2068 ἐπὶ
1241 2014 1386 2085 τόκῳ
1411 2032 1426 2044 ·
1463 2014 1550 2070 ἴνα
1590 2015 1654 2068 ὲκ
1690 2015 1797 2068 Πα-

217 2102 379 2168 λαιᾶς
412 2113 506 2158 καὶ
531 2105 678 2169 Νέας
722 2105 997 2177 Διαδήκης
1024 2108 1095 2160 τὰ
1123 2107 1478 2178 συμφέροντα
1514 2107 1793 2179 διδαχθῇς,

220 2194 365 2264 μετὰ
390 2195 608 2265 ἀγαθῆς
637 2195 852 2260 ἐλπίδος
876 2199 1011 2268 πρὸς
1034 2198 1168 2251 Θεὸν
1192 2198 1383 2273 ἀπίῃς,
1412 2200 1530 2253 ἐκεῖ
1547 2199 1676 2261 τοὺς
1708 2200 1797 2254 τό-

223 2301 353 2348 κους
389 2285 501 2338 τῶν
539 2286 759 2354 ἀγαθῶν
789 2287 965 2359 ἐςγων
1002 2288 1440 2359 ἀποληψόμενος.

288 2377 357 2429 EI
393 2375 575 2446 βούλει
600 2376 692 2432 τόν
720 2378 956 2448 Χριστὸν
987 2377 1131 2448 ἔχειν
1157 2380 1311 2449 φίλον
1342 2380 1629 2450 διηνεκῶς,
1662 2381 1796 2434 πολ⁴

217 2467 323 2522 λῶν
345 2469 515 2522 αὑτὸν
536 2469 879 2541 κατάστησον
904 2470 1203 2542 χρεώστην.
1230 2472 1365 2527 Οὐδὲ
1385 2473 1494 2545 γὰρ
1512 2472 1654 2528 οὕτω
1676 2473 1798 2545 χαίο

222 2578 304 2613 οει
363 2561 651 2626 δανειστὴς
681 2562 966 2631 ὀφειλέτας
1009 2563 1152 2634 ἔχων
1179 2583 1194 2598 ο
1247 2567 1338 2620 καὶ
1369 2561 1451 2629 οἷς
1495 2567 1596 2635 μὲν
1624 2566 1795 2637 μηδὲν

214 2652 452 2721 ὀφείλει,
482 2652 703 2717 τούτους
729 2655 826 2709 καὶ
858 2654 1187 2724 ἀποφεύγει·
1217 2651 1298 2719 οἷς
1323 2655 1379 2711 δὲ
1408 2655 1640 2725 ὀφείλει,
1668 2655 1792 2708 τού-

216 2761 331 2807 τοις
360 2746 457 2799 καὶ
490 2745 793 2817 ἐπιτρέχει.

804 2838 1022 2892 Λονοε
1058 2838 1200 2906 Kq'.

570 2932 709 2999 Περὶ
749 2931 1081 2987 δανειστῶν
1106 2932 1446 3001 μοχθηρῶν.

285 3022 539 3093 Πρέπεχε
569 3024 803 3094 σεαυτῷ,
838 3025 914 3095 μὴ
960 3024 1183 3094 γένηται
1214 3026 1367 3095 ῥῆμα
1404 3021 1645 3093 κρυπτὸν
1671 3023 1796 3076 ἀνό-

219 3135 297 3188 μη
312 3134 388 3184 μα
416 3118 475 3169 ὲν
504 3118 572 3188 τῇ
603 3117 800 3191 καρδίᾳ
835 3135 949 3184 σου,
993 3117 1150 3185 λέγον
1173 3133 1189 3148 ·
1234 3115 1473 3184 Ἐγγίζει
1498 3115 1559 3168 τδ
1585 3114 1706 3175 ἔτος
1732 3113 1794 3167 τὸ

212 3210 453 3278 ἕϐδομον
494 3209 591 3279 τῆς
624 3209 894 3279 ἀφέσεως.
942 3208 1050 3262 Καὶ
1098 3206 1496 3278 πονηρεύσεται
1523 3207 1552 3260 ὀ
1586 3206 1794 3274 ὀφθαλ-
1820 3254 1863 3313 c

220 3300 329 3366 μός
360 3316 455 3353 σου
488 3298 567 3370 τῷ
600 3300 812 3369 ἀδελφῷ
844 3317 938 3353 σου
974 3299 1052 3370 τῷ
1081 3300 1434 3370 ἐπιδεομένῳ,
1468 3297 1563 3352 καὶ
1595 3297 1656 3351 οὐ
1686 3298 1792 3367 δῷς

219 3390 397 3462 αὐτῷ,
450 3394 547 3447 καὶ
597 3391 856 3462 βοήσεται
888 3394 1032 3446 κατὰ
1083 3391 1179 3447 σοῦ
1236 3392 1373 3464 πρὸς
1431 3391 1659 3462 Κύριον,
1702 3390 1798 3444 καὶ

217 3485 380 3539 ἔσται
412 3501 495 3539 σοι
523 3486 773 3555 ἁμαρτία
815 3485 1048 3557 μεγάλη.

288 3576 533 3641 Πλοῦτος
563 3577 764 3642 ἀδίκως
796 3578 1164 3648 συναγόμενος
1207 3576 1629 3648 ὲξεμηθήσεται.

288 3668 592 3739 Πληθύνων
646 3669 738 3721 τὸν
789 3667 1022 3722 πλοῦτον
1064 3668 1229 3721 αὑτοῦ
1283 3669 1424 3739 μετὰ
1476 3667 1654 3722 τόκων
1698 3666 1797 3721 καὶ

217 3761 611 3829 πλεονασμῶν,
638 3759 718 3831 τῷ
745 3760 984 3814 ὲλεούντι
1012 3761 1264 3832 πτωχοὺς
1290 3760 1515 3830 συνάγει
1539 3760 1720 3815 αὐτόν.

293 3941 580 4010 ’Ὑπαρξις
632 3939 1147 4012 ὲπισπουδαζομένη
1179 3942 1320 4011 μετά
1364 3941 1593 4010 ἀνομίας
1635 3941 1798 3995 ἐλάσ-

221 4051 333 4088 σων
357 4034 592 4101 γίνεται.

292 4126 457 4191 Δόσις
480 4127 718 4198 ἄφρονος
744 4128 806 4181 οὐ
834 4127 1182 4197 λυσιτελήσει
1218 4144 1301 4181 σοι
1329 4127 1567 4182 λαϐόντι.
1595 4129 1658 4180 Ol
1689 4128 1798 4196 γὰρ

214 4218 498 4288 ὀφθαλμοὶ
524 4218 689 4274 αὐτοῦ
716 4218 838 4274 ἀνθ’
863 4219 986 4286 ἑνός
1009 4221 1090 4284 είς
1116 4222 1176 4274 τὸ
1196 4220 1382 4273 λαϐεῖν
1405 4219 1576 4273 πολλά
1599 4236 1612 4250 ·
1640 4219 1799 4284 ὀλίγα

216 4308 409 4375 δώσει,
442 4309 539 4363 καὶ
571 4309 743 4363 πολλά
794 4309 1049 4364 ὀνειδίσει
1072 4325 1090 4342 ⁸
1122 4310 1217 4363 καὶ
1273 4296 1475 4374 ἀνοίξει
1508 4309 1570 4362 τὸ
1623 4309 1798 4377 στόμα

219 4402 391 4455 αὐτοῦ
425 4402 504 4464 ὡς
547 4402 741 4472 κῆρυξ.
773 4402 1023 4473 Σήμερον
1062 4402 1254 4468 δανιεῖ,
1288 4401 1380 4455 καὶ
1409 4399 1598 4471 αὔριον
1627 4402 1796 4453 ἁπαι-

218 4489 324 4540 τεῖ.
353 4487 603 4558 Μισητός
633 4488 824 4559 Κυρίῳ
853 4491 946 4542 καὶ
976 4489 1289 4561 ἀνθρώποις
1317 4492 1345 4544 ὀ
1373 4489 1636 4553 τοιοῦτος.

306 4666 578 4733 eadem
604 4668 661 4721 δὲ
689 4668 718 4720 ὀ
753 4667 940 4732 δοῦλος
979 4670 1207 4735 ἐκεῖνος,
1234 4663 1392 4741 εὗρεν
1418 4672 1514 4726 ἕνα
1537 4675 1646 4727 τῶν
1676 4692 1801 4726 συν-

214 4758 435 4813 δούλων
466 4758 652 4824 αὖτοῦ,
685 4759 744 4824 δς
766 4758 1003 4828 ὤφειλεν
1029 4762 1180 4835 αὐτῷ
1202 4764 1398 4819 ἑκατὸν
1414 4766 1642 4838 δηνάρια
1663 4784 1676 4798 ο
1706 4770 1799 4821 καὶ

216 4852 515 4922 κρατήσας
544 4853 731 4919 αὐτὸν,
759 4854 949 4923 Επνιγε
981 4855 1157 4922 λέγων
1179 4872 1196 4887 ·
1237 4856 1460 4922 ’Δπόδος
1489 4859 1515 4912 ὀ
1547 4876 1600 4912 τι
1647 4861 1797 4928 ὀφεί-

213 4942 358 5007 λεις,
394 4944 584 4998 καὶτὰ
625 4945 774 5015 ἑξῆς.

303 5036 438 5091 Ἐἀν
480 5038 884 5110 χρεωφειλέτην
920 5041 1095 5114 λάϐῃς
1128 5042 1565 5113 προσπίπτοντα,
1616 5044 1797 5095 πᾶσαν

215 5128 559 5198 συγγραφὴν
595 5127 782 5183 ἄδικον
832 5129 1132 5185 διάσπασον
1159 5147 1174 5162 ·
1226 5130 1498 5202 μνήσθητι
1540 5133 1652 5184 τῶν
1700 5148 1798 5200 μυ-

216 5220 362 5289 ρίων
393 5220 703 5286 ταλάντων,
730 5215 807 5277 ὧν
837 5211 921 5277 σοι
949 5223 1184 5293 Χριστὸς
1214 5222 1547 5294 ἐδωρήσατο,
1594 5222 1688 5276 καὶ
1722 5222 1797 5293 μὴ

211 5313 356 5383 γένῃ
383 5315 653 5384 πράκτωρ
684 5314 881 5384 πικρὸς
916 5314 1012 5370 τοῦ
1043 5316 1327 5379 ἐλάττονος
1359 5314 1583 5387 χρέους.

289 5404 384 5473 Τῴ
416 5404 531 5457 δντι
553 5405 857 5478 ὑπερϐολὴν
879 5407 1275 5477 ἀπανθρωπίας
1304 5406 1415 5477 ἔχει
1446 5407 1538 5461 τὸν
1567 5407 1667 5477 μὲν
1689 5407 1798 5460 τῶν

209 5495 543 5563 ὁιαγκαίων
596 5498 788 5563 ἐνδεῶς
834 5497 1028 5569 ἔχοντα
1079 5499 1268 5570 ζητεῖν
1315 5501 1395 5561 είς
1447 5498 1799 5570 παραμυθίαν

214 5604 318 5637 ευυ
359 5586 496 5654 βίου,
544 5586 635 5639 τὸν
681 5587 738 5641 δὲ
773 5585 848 5658 μὴ
897 5587 1186 5656 ἀρκεῖσθαι
1235 5587 1312 5658 τῷ
1348 5588 1645 5657 κεφαλαίῳ,
1683 5587 1799 5641 ἀλλ’

212 5678 461 5731 tamen:
519 5681 583 5731 ἐκ
616 5680 722 5732 τῶν
755 5680 1051 5751 συμφορῶν
1081 5678 1177 5733 τοῦ
1231 5680 1463 5751 πένητος
1502 5680 1796 5752 προσόδους

216 5769 409 5839 ἑαυτῷ
438 5770 533 5825 καὶ
560 5772 824 5842 εὐπορίας
862 5773 1186 5843 προσάγειν.

297 5880 381 5951 (l)
417 5882 482 5935 Id
517 5893 618 5950 est,
655 5898 918 5940 novarum
960 5885 1286 5950 tabularum,

1901 2031 2051 2070 mere
2093 2016 2363 2085 repellite,
2411 2031 2513 2071 nec
2542 2021 2829 2087 argentum
2863 2022 3016 2068 tuom
3059 2015 3156 2069 des
3189 2008 3386 2069 [teneri
3418 2021 3476 2064 ot

1896 2122 1963 2159 ex
2022 2104 2202 2160 Veteri
2251 2114 2306 2160 et
2353 2104 2507 2160 Novo
2560 2106 2916 2160 Testamento
2956 2118 3078 2172 qua:
3134 2103 3289 2158 utilia
3350 2111 3477 2157 snzt

1897 2198 2101 2259 discas.
2129 2198 2381 2267 bonaque
2412 2212 2508 2264 spe
2534 2198 2767 2264 accedas
2799 2197 2866 2252 ad
2906 2195 3099 2261 Deum,
3148 2196 3238 2251 ubi
3277 2211 3476 2252 usuras

1901 2290 2169 2342 bonorum
2202 2305 2430 2358 operum
2457 2299 2776 2360 recepturus
2806 2305 2886 2347 es.

1970 2380 2025 2432 Si
2062 2380 2144 2434 vis
2167 2379 2451 2435 Christum
2478 2381 2827 2436 continenter
2854 2382 3091 2437 amicum
3116 2388 3172 2435 et
3196 2379 3471 2436 faventem

1898 2470 2156 2535 retinere,
2191 2471 2484 2525 inuitat-um
2525 2472 2684 2544 164
2730 2490 2911 2527 rerum
2946 2473 3151 2528 efﬁcite
3191 2472 3341 2528 illum
3380 2475 3475 2527 dc-

1897 2564 2165 2627 bilorem;
2201 2579 2379 2633 neque
2422 2565 2568 2619 enim
2601 2572 2712 2617 tam
2745 2565 2944 2636 gaudet
2989 2563 3286 2620 faenerator
3318 2563 3476 2619 debi-

1895 2660 2110 2713 toribus
2139 2675 2153 2713 :
2189 2667 2243 2710 et
2274 2656 2476 2725 quibus
2512 2657 2648 2711 nihil
2677 2656 2861 2721 debet,
2889 2671 2986 2712 eos
3017 2657 3243 2727 refugit,
3268 2655 3477 2728 quibus

1786 2782 1793 2799 ι
1898 2763 2082 2807 autem
2117 2750 2302 2809 debet.
2336 2749 2401 2804 ad
2437 2750 2539 2804 hos
2570 2750 2833 2805 accurrit.

2277 2842 2509 2899 SERMO
2537 2841 2704 2897 XXVI
2737 2841 2832 2913 [aL
2885 2839 3090 2911 LXIII].

2145 2936 2219 2990 De
2251 2937 2428 2991 avaris
2474 2934 2799 3003 etimprobis
2863 2932 3233 2988 creditoribus.

1965 3031 2127 3088 Deut.
2143 3028 2454 3086 Cavendum
2477 3027 2573 3082 tibi
2597 3035 2707 3091 est,
2725 3026 2939 3095 nequid
2959 3025 3168 3080 occulte
3183 3023 3403 3092 impium
3425 3025 3478 3075 in

1896 3123 2084 3177 animo
2125 3124 2334 3177 volutes
2381 3120 2483 3175 ista
2537 3119 2765 3182 ratione,
2799 3132 2907 3187 qua
2967 3117 3119 3171 dicas
3177 3116 3475 3184 septimum

1898 3227 2101 3267 annum
2139 3210 2579 3281 appropinquare
2622 3207 3165 3277 condouationisU),
3195 3216 3361 3276 atque
3400 3205 3475 3261 ob

1895 3321 2015 3364 eam
2044 3318 2264 3359 cauSam
2292 3301 2370 3357 sis
2392 3301 2629 3370 iniquior
2652 3298 2806 3353 fratri
2833 3307 2927 3353 tuo
2947 3297 3151 3368 egenti,
3176 3311 3281 3352 nec
3302 3296 3398 3352 des
3420 3297 3475 3352 ei

1896 3398 2239 3469 quidquam;
2272 3393 2366 3450 ille
2398 3391 2657 3448 clamabit
2712 3388 2785 3446 ad
2830 3389 3141 3454 Dominum,
3197 3395 3476 3458 peccatum

1896 3484 2079 3541 autem
2112 3491 2266 3539 tuum
2296 3497 2555 3551 maguum
2611 3479 2741 3535 erit.

1963 3575 2065 3632 Job
2100 3591 2192 3631 ax.
2236 3574 2448 3630 Divitia
2480 3571 2683 3643 injuria
2738 3579 3065 3628 coacervata)
3120 3579 3468 3627 evomentur.

1966 3667 2173 3730 Solam.
2224 3663 2544 3732 axvm.Qui
2592 3662 2886 3733 amplilicat
2917 3678 3003 3719 res
3047 3662 3375 3719 suasusuris
3407 3669 3465 3718 et

1897 3768 2089 3829 prater
2149 3765 2352 3815 sortem
2420 3754 2848 3821 accessionibus,
2874 3753 2921 3809 is
2978 3752 3311 3822 impertienti
3375 3753 3479 3808 mi-

1896 3851 2251 3917 scricordiam
2287 3849 2617 3921 pauperibus
2641 3863 2734 3903 eas
2772 3832 3078 3902 coacervat.

1968 3942 2136 3999 Oseaz.
2159 3943 2369 3997 Divitiae
2393 3957 2487 4011 per
2517 3939 2773 4009 injuriam
2797 3948 3126 4008 comparatae
3143 3937 3465 4003 minuentur

1970 4125 2025 4180 Si
2061 4124 2192 4195 quid
2222 4122 2451 4192 largitus
2472 4122 2543 4177 sit
2570 4120 2855 4190 insipiens,
2887 4135 2990 4174 noo
3010 4117 3252 4188 proderit
3302 4116 3350 4170 ei
3387 4115 3479 4186 qui

1899 4217 2212 4285 acceperit;
2262 4213 2404 4269 oculi
2469 4212 2613 4267 enim
2683 4211 2861 4283 ipsius
2922 4218 3083 4264 erunt
3118 4225 3216 4278 pro
3251 4222 3382 4270 uno,
3416 4217 3480 4260 ut

1902 4309 2071 4364 multa
2105 4305 2373 4374 accipiat;
2405 4319 2575 4373 pauca
2603 4303 2771 4362 dabit.
2815 4309 2867 4355 ct
2902 4302 3067 4355 multa
3098 4300 3481 4370 exprobrabit;

1899 4412 1954 4457 et
1986 4401 2066 4456 sic
2086 4400 2287 4470 aperiet
2312 4413 2374 4452 os
2396 4413 2578 4460 suum,
2610 4397 3068 4466 quemadmodum
3101 4407 3280 4464 praeco
3311 4393 3475 4448 solet.

1902 4494 2075 4549 Hodie
2128 4502 2376 4545 imituum
2409 4489 2581 4551 dabit,
2606 4497 2663 4545 et
2688 4503 2811 4543 cras
2840 4495 3133 4556 reposcet:
3164 4483 3478 4541 istiusmodi

1828 4604 1873 4657 ι)
1900 4585 1995 4657 (ιιιί
2026 4594 2129 4648 cst,
2191 4592 2303 4638 tum
2345 4582 2453 4636 Deo
2500 4591 2615 4637 tum
2659 4579 2972 4635 hominibus
3021 4577 3244 4632 odiosus
3270 4586 3374 4632 est.

1973 4675 2167 4729 Matth.
2196 4674 2462 4745 Egressus
2515 4680 2697 4727 autem
2731 4686 2924 4727 servus
2951 4670 3042 4726 ille
3076 4670 3287 4724 invenit
3311 4683 3481 4723 unum

1899 4784 1964 4822 ex
2000 4768 2274 4822 conservis
2335 4765 2468 4827 suis,
2495 4765 2588 4834 qui
2651 4772 2868 4818 centum
2911 4761 3169 4818 denarios
3219 4760 3479 4819 debebat.

1901 4858 2412 4928 apprehensumque
2438 4871 2563 4910 eum
2598 4854 2847 4925 urgebat,
2897 4867 2961 4907 ac
3007 4853 3224 4907 dicebat
3259 4866 3275 4906 :
3304 4850 3488 4905 Redde

1901 4950 2046 5019 quod
2079 4950 2265 5016 debes,
2305 4957 2359 5003 et
2388 4963 2509 5017 quze
2538 4945 2825 5018 deinceps.

1978 5041 2247 5110 Theologi.
2282 5040 2338 5095 Si
2371 5040 2671 5095 debitorem
2698 5036 3125 5106 deprehenderis
3160 5034 3485 5104 supplicem,

1903 5143 2072 5189 totam
2112 5132 2477 5204 syngrapham
2538 5129 2784 5199 iniquam
2829 5129 3167 5200 discerpito;
3203 5127 3486 5181 recordare

1911 5227 2100 5282 decem
2148 5225 2318 5279 millia
2360 5223 2709 5288 talentorum,
2745 5236 2867 5292 quae
2899 5223 2999 5276 tibi
3052 5220 3303 5276 Christus
3355 5231 3489 5271 con-

1907 5318 2176 5383 donavit;
2214 5332 2315 5373 ncc
2367 5315 2445 5371 sis
2495 5314 2727 5369 acerbus
2776 5322 2999 5369 exactor
3031 5312 3192 5367 debiti
3235 5309 3484 5361 minoris.

1974 5408 2034 5467 S.
2072 5407 2284 5464 Basilii.
2331 5407 2599 5462 Extrema)
2646 5404 2890 5478 profecto
2939 5401 3353 5460 inhumanitatis
3406 5408 3490 5454 est

1904 5502 2142 5558 subsidia
2159 5501 2281 5555 vitae
2297 5513 2541 5570 quaerere
2572 5498 2642 5554 ab
2663 5512 2729 5553 eo
2750 5498 2836 5552 cui
2863 5494 3167 5552 necessaria
3193 5493 3389 5559 desint,
3410 5492 3488 5549 illi

1908 5608 2036 5648 vero
2081 5603 2284 5648 sortem
2337 5606 2447 5647 non
2478 5590 2612 5646 satis
2640 5604 2785 5653 esse,
2848 5588 2940 5643 sed
2973 5602 3036 5640 ex
3083 5585 3490 5642 calamitatibus

1906 5685 2160 5756 pauperis
2199 5683 2406 5740 reditus
2435 5682 2620 5753 copias
2651 5680 2759 5737 sibi
2801 5691 2994 5749 parare
3021 5678 3290 5747 cegitare.
