3890 6552
439 373 568 440 1071

437 582 702 634 minatum
732 590 836 644 est,
871 597 970 636 nec
995 583 1213 637 aliunde
1245 599 1259 638 :
1291 583 1374 637 vel
1409 585 1643 637 fortasse
1671 585 1869 638 dicitur
1920 585 2021 641 fu:-

439 691 542 731 nus
572 687 790 745 propter
833 675 1087 729 tristitias
1109 685 1163 728 et
1183 675 1397 729 dolores
1423 676 1626 744 quibus
1657 676 1793 732 allici
1849 678 2023 733 solent

439 769 606 825 animi
651 785 839 824 eorum
888 768 981 838 qui
1072 778 1389 823 mutuantur
1449 785 1478 823 α
1543 767 2019 826 imiteratoribus:

442 863 658 918 utenim
691 863 848 918 dolor
869 863 1122 933 parienti,
1157 862 1235 916 sic
1285 861 1400 916 dies
1429 870 1614 917 certus
1649 862 1891 916 obaerato
1945 863 2027 916 in-

445 959 594 1013 cidit.
622 958 825 1012 Faenus
844 958 1179 1012 cumulatum
1212 956 1438 1019 fmnore.
1463 974 1527 1012 ex
1549 957 1813 1026 improbis
1831 972 2029 1028 paren-

447 1051 590 1107 tibus
644 1051 875 1119 improbi
941 1051 1115 1103 liberi.
1173 1047 1463 1104 anorum
1524 1052 1665 1106 fetus
1720 1053 2027 1120 viperarum

450 1143 628 1213 proles
654 1153 801 1197 recte
824 1142 928 1196 diei
965 1154 1231 1210 possunt;
1290 1151 1520 1197 narrant
1566 1152 1748 1198 autem
1786 1145 2025 1214 viperas,

449 1252 605 1290 erosa
635 1237 823 1290 matris
854 1236 998 1300 τιΙνυ,
1022 1236 1074 1288 in
1110 1235 1282 1290 lucem
1302 1236 1408 1301 edi,
1438 1247 1488 1292 et
1513 1238 1720 1291 {canora
1753 1237 2030 1294 devoratis

451 1327 756 1382 debitorum
782 1326 1033 1382 domibus
1071 1338 1444 1395 procreantur.

523 1506 653 1572 Quae
679 1507 854 1576 exigis
880 1522 1041 1559 omne
1075 1508 1496 1562 inlmmanitatis
1533 1524 1703 1577 genus
1727 1519 1986 1578 superant
2016 1528 2030 1564 :

459 1612 520 1652 ex
562 1600 924 1656 incommodis
953 1601 1178 1655 alterius
1207 1600 1363 1672 165
1397 1611 1486 1654 tua
1525 1616 1684 1669 paras
1723 1605 2034 1668 commoda,

463 1710 526 1750 ex
555 1695 810 1766 lacrymis
841 1707 1123 1764 argentum
1160 1696 1388 1767 colligis,
1431 1697 1630 1752 nudum
1653 1696 1890 1767 iugulas.
1913 1715 2037 1752 esu-

453 1787 684 1842 rientem
724 1787 1022 1841 verberas:
1065 1787 1207 1841 nulla
1231 1803 1461 1858 usquam
1512 1790 1882 1844 misericordia
1927 1801 2031 1853 est,

455 1897 632 1954 neque
691 1881 1034 1954 cognationis
1099 1883 1216 1949 ejus
1274 1883 1366 1952 qui
1419 1887 1683 1952 premitur
1729 1887 2034 1942 recordatio
2070 1855 2111 1912 Β

456 1978 585 2032 ulla.

526 2068 780 2138 Agricola
816 2084 940 2124 cum
974 2068 1140 2124 semel
1208 2068 1413 2135 spicam
1466 2071 1692 2125 seminis
1741 2074 2034 2142 reet-perit,

457 2161 654 2216 iterum
683 2160 783 2216 sub
807 2159 988 2215 radice
1013 2161 1243 2216 scrutari
1279 2176 1384 2214 non
1406 2163 1573 2215 solet:
1605 2171 1657 2212 tu
1687 2178 1816 2215 vero
1841 2172 1894 2218 et
1924 2163 2036 2216 l’ru-

458 2267 578 2312 ctus
608 2256 794 2317 babes,
823 2255 1034 2310 nectibi
1061 2268 1298 2322 unquam
1323 2268 1444 2307 sors
1465 2254 1812 2308 diminuitur.
1852 2253 2038 2308 Incer-

459 2357 574 2403 tum
593 2358 679 2407 est
698 2348 786 2404 cui
803 2363 1122 2410 coacerves;
1145 2355 1328 2403 certus
1350 2356 1433 2402 est
1455 2346 1546 2414 qui
1568 2346 1873 2401 tumoribus
1891 2363 2040 2415 pres-

459 2458 554 2498 sus
577 2442 936 2511 lacrymatur,
971 2450 1026 2496 at
1058 2441 1150 2511 qui
1181 2441 1450 2495 fruiturus
1469 2440 1666 2496 sitisto
1690 2441 1850 2497 modo
1881 2456 2040 2496 com-

459 2536 667 2607 paratis
697 2536 895 2604 opibus
918 2534 1235 2604 ambiguum
1262 2544 1369 2590 est.

527 2651 706 2708 Canes
737 2653 781 2706 si
813 2651 941 2722 quid
977 2651 1288 2720 acceperint
1348 2651 1669 2706 cicurantur
1705 2671 1718 2706 :
1754 2659 1809 2705 at
1874 2650 2045 2706 [tene-

461 2758 616 2805 rator
641 2747 934 2817 accipiens,
969 2747 1132 2800 etiam
1165 2747 1418 2802 irritatur
1448 2765 1464 2813 ς
1511 2762 1620 2802 non
1661 2748 1804 2801 enim
1843 2747 2046 2804 desinit

464 2841 685 2900 latrare,
725 2852 789 2892 ac
814 2837 935 2906 plus
969 2835 1202 2906 plusque
1259 2835 1559 2906 inquirere.
1597 2834 1653 2890 Si
1708 2837 1884 2908 iuras,
1938 2854 2044 2892 non

464 2931 639 2986 credit
674 2947 688 2984 :
720 2945 841 2999 qum
866 2929 1011 2983 intus
1042 2936 1192 2996 sunt,
1230 2936 1534 2994 scrutatur,
1573 2930 1626 2983 in
1663 2930 2043 2986 contractibus

466 3023 697 3076 multum
730 3034 909 3090 opera:
961 3020 1168 3091 ponit:
1229 3021 1275 3076 si
1325 3035 1356 3076 e
1403 3021 1736 3076 domuncula
1783 3022 2043 3089 prodeas,

467 3117 639 3172 trahit
674 3115 741 3171 ad
774 3131 832 3170 se
857 3126 911 3171 et
945 3115 1149 3170 scindit
1204 3113 1527 3170 vestimenta
1557 3127 1574 3166 :
1627 3112 1713 3168 sin
1761 3126 1939 3168 autem
1999 3125 2049 3168 te

1670 377 1712 432 Α
1723 376 1925 434 NTON
1939 375 1993 434 lI
2031 374 2378 436 MELISSE
2455 369 2460 376 ’

509 491 732 554 Fumus,
770 498 828 542 ut
887 488 1110 559 opinor.
1175 503 1203 543 a
1236 488 1524 560 multiplici
1587 489 1695 544 fetu
1742 493 1867 546 mali
1927 500 2099 554 no—A

3573 381 3677 451 107?.

2201 491 2392 556 Τόκος,
2443 487 2644 562 οἶμαι,
2711 494 2799 548 διὰ
2853 496 2954 566 τὴν
3006 499 3336 566 πολυγονίαν
3386 497 3486 550 τοῦ
3542 511 3676 562 κακοῦ

2125 587 2556 658 προσηγόρειται
2585 607 2599 622 ο
2635 589 2801 643 πόθεν
2834 591 3096 655 ἅλλοθεν;
3135 594 3167 664 ἦ
3201 595 3343 662 τάχα
3371 595 3533 656 τόκος
3557 596 3678 666 λέγε-

2124 698 2216 733 ται
2243 681 2332 734 διὰ
2361 682 2460 743 τὰς
2487 682 2678 747 ὀδύνας
2703 686 2799 738 καὶ
2825 685 3004 749 λύπας
3059 687 3125 750 ἃς
3159 689 3414 754 ἐμποιεῖν
3453 691 3571 752 ταῖς
3605 695 3680 761 de.

2125 775 2250 841 χαῖς
2281 773 2392 826 τῶν
2428 775 2836 846 δανεισαμένων
2868 777 3134 847 πέφυκεν.
3159 780 3372 849 Ὠσπερ
3398 780 3509 850 γὰρ
3533 781 3566 852 ἡ
3586 783 3682 848 ὠδὶς

2127 869 2192 936 τῇ
2224 867 2514 939 τικτούσῃ,
2561 868 2732 930 οὕτως
2766 871 3078 939 προθεσμία
3125 873 3204 940 τῷ
3246 874 3506 942 ὐπόχρεῳ
3549 880 3684 945 mp!-

2131 977 2347 1014 σταται.
2385 961 2556 1024 Τόκος
2593 963 2685 1016 ἐπὶ
2723 963 2890 1031 τόκῳ,
2929 965 3182 1033 πονηρῶν
3217 969 3426 1033 γονέων
3483 970 3684 1036 πονηῴν

2131 1051 2326 1119 ἔγγυον
2516 1054 2786 1126 ἔγγονονῙ.
2849 1055 3037 1108 Ταῦτα
3095 1057 3344 1124 λεγέσθω
3402 1059 3684 1127 γεννήματα

2131 1146 2379 1216 ἐχιδνῶν,
2437 1148 2505 1200 τὰ
2541 1149 2649 1200 τῶν
2676 1149 2854 1201 τόκων
2907 1151 3301 1218 ἀποκυήματα.
3345 1150 3459 1211 Τὰς
3509 1151 3684 1218 ἐχίδνας

2134 1243 2289 1307 φασὶ,
2321 1245 2421 1300 τὰς
2447 1243 2725 1309 γαστέρας
2761 1244 2857 1310 τῆς
2897 1243 3105 1309 μητρὸς
3144 1243 3511 1306 διεσθιούσας,
3543 1246 3686 1298 τίκτε-

2136 1336 2283 1389 σθαισ
2317 1339 2412 1390 καὶ
2437 1337 2487 1389 oi
2507 1337 2677 1398 τόκοι,
2700 1336 2825 1398 τούς
2852 1335 3034 1397 οἴκους
3055 1335 3162 1387 τῶν
3187 1336 3515 1403 ὀφειλόντων
3547 1339 3686 1405 ἐκφα-

2136 1429 2346 1496 γόντες,
2387 1430 2814 1498 ἀπογεννῶνται.

2215 1524 2281 1576 Ἀ
2312 1523 2636 1592 λαμϐάνεις,
2670 1525 3088 1595 μισανθρωπίας
3120 1524 3430 1594 ὑπερϐολὴν
3465 1524 3688 1593 οὐδεμίαν

2137 1615 2446 1670 ἀπολεὲπει.
2486 1615 2620 1669 ’Δπδ
2646 1616 2944 1687 συμφορῶν
2978 1617 3308 1685 κερδαίνεις,
3339 1615 3452 1667 ἀπὸ
3473 1614 3689 1683 δακρύων

2139 1707 2553 1778 ἀργυρολογεῖς,
2593 1709 2687 1762 τὸν
2741 1710 2951 1777 γυμνὸν
3004 1711 3214 1780 ἄγχεις,
3250 1710 3343 1762 τὸν
3378 1708 3691 1777 λιμώττοντα

2143 1803 2387 1862 τύπτεις.
2419 1801 2609 1862 Ἔλεος
2637 1800 2898 1870 οὐδαμοῦ,
2933 1801 3108 1854 ἔννοια
3139 1802 3239 1871 τῆς
3271 1799 3589 1868 συγγενείας
3617 1799 3691 1851 τοῦ

2139 1893 2441 1964 πάσχοντος
2473 1893 2719 1962 οὐδεμία.
3333 1897 3339 1903 ’

2221 2079 2281 2130 ’0
2337 2079 2582 2148 γεωργὸς
2622 2079 2713 2131 τὸν
2762 2080 2969 2148 στᾶχυν
3003 2077 3188 2130 λαϐὼν
3239 2076 3336 2129 τοῦ
3388 2074 3692 2146 σπέρματος,

2139 2172 2307 2226 πάλιν
2346 2175 2451 2226 ὐπὸ
2501 2174 2601 2244 τὴν
2637 2175 2793 2242 ῥίζαν
2847 2175 2945 2225 οὐκ
2980 2174 3213 2242 ἐρευνᾷο
3250 2173 3316 2225 σύ
3346 2170 3406 2224 δὲ
3460 2172 3547 2223 καὶ
3589 2171 3695 2233 τοὺς

2143 2265 2392 2343 καρποὺς
2444 2266 2612 2332 ἔχεις,
2668 2266 2763 2316 καὶ
2808 2265 2907 2317 οὐκ
2949 2265 3244 2330 ἀφίστασαι
3304 2263 3414 2314 τῶν
3461 2261 3692 2330 ἀρχαίων.

2148 2356 2377 2425 ’Δδηλον
2405 2355 2509 2408 τίνι
2543 2356 2816 2421 συνάγεις.
2865 2355 2923 2408 '0
2956 2357 3053 2424 μὲν
3086 2354 3338 2425 δακρύων
3371 2353 3464 2406 ἐπὶ
3501 2356 3602 2414 τοῖς
3621 2353 3694 2404 τό·

2147 2466 2263 2511 κοις
2302 2449 2568 2517 πρόδηλος
2595 2465 2610 2480 ο
2649 2451 2677 2501 δ
2703 2450 2759 2501 δὲ
2784 2448 3082 2502 ἀπολαύειν
3109 2447 3322 2517 μέλλων
3345 2445 3447 2517 τῆς
3474 2446 3572 2499 ἀπὸ
3596 2445 3693 2498 τού-

2145 2557 2254 2593 των
2287 2541 2604 2609 περιουσίας
2639 2541 2982 2611 ἀμφίϐολος.’

2221 2653 2397 2716 Κύνες
2427 2654 2682 2716 λαϐόντες
2723 2655 3097 2724 ἡμεροῦνται·
3129 2655 3156 2706 δ
3183 2653 3240 2706 δὲ
3275 2651 3552 2719 δανειστὴς
3581 2650 3693 2718 λαμο

2149 2742 2331 2796 ϐανων
2383 2745 2854 2816 προσερεοίζεται.
2892 2746 2965 2798 Oti
3015 2744 3123 2813 γὰρ
3167 2747 3404 2797 παύεται
3459 2741 3693 2803 ὑλακτῶν,

2149 2837 2244 2888 καὶ
2295 2837 2356 2888 τὸ
2415 2836 2576 2889 πλέον
2631 2837 2926 2903 ἐπιζητῶν.
2994 2836 3120 2890 Ἐὰν
3170 2837 3416 2908 ὀμνύῃς,
3470 2835 3694 2886 ἀπιστεῖ·

2150 2930 2352 3000 ἐρευνᾷ
2381 2935 2448 2982 τὰ
2474 2929 2620 2982 ἔνδον
2648 2946 2661 2960 ο
2703 2930 2769 2981 τε
2807 2929 3233 2998 συναλλάγματά
3267 2946 3361 2981 σου
3417 2927 3696 2994 πολύπραγ-

2157 3026 2328 3093 μονεῖ.
2378 3024 2504 3075 Ἐὰν
2541 3024 2734 3095 προῒῃς
2787 3023 2880 3075 τοῦ
2933 3024 3231 3092 δωματίου,
3265 3024 3411 3075 ἕλκει
3445 3023 3567 3092 πρὸς
3593 3021 3697 3073 Enu-

2152 3118 2244 3169 τὸν
2295 3121 2390 3172 καὶ
2448 3119 2768 3186 κατασύρει.
2821 3117 2944 3168 Ἐὰν
2997 3118 3053 3169 δῖε
3106 3118 3300 3170 ἑαυτὴν
3354 3115 3693 3186 γατακρύᾴῃς.

467 3213 583 3282 ipse
601 3209 983 3278 eccultaveris,
1031 3216 1174 3264 astat
1203 3208 1258 3262 in
1282 3207 1554 3264 vestibulo
1579 3216 1636 3262 et
1667 3207 1871 3262 ostium
1926 3207 2046 3276 pul-

2155 3211 2419 3281 ἐφέστηκε
2457 3215 2518 3282 τῇ
2555 3211 2751 3281 αὐλαία
2778 3214 2866 3262 κΣι
2905 3213 3316 3282 Ουρυκρουστεῖ.

468 3315 572 3362 sat.

541 3394 600 3452 S.
637 3394 906 3466 Chrysost.
941 3391 1684 3449 Cuminvencrintdebitores
1717 3403 1867 3456 suos,
1893 3404 2049 3459 quas:

471 3485 710 3559 praedam
750 3485 895 3541 nacti
944 3484 1023 3540 sic
1076 3483 1351 3548 laetantur,
1381 3497 1447 3538 ac
1505 3481 1688 3536 omnia
1754 3479 1963 3535 faciunt
1996 3489 2054 3534 ut

473 3591 646 3637 totum
679 3587 950 3650 repetant.
975 3578 1133 3646 Quod
1167 3579 1210 3632 si
1249 3577 1430 3631 minus
1462 3575 1514 3630 id
1555 3583 1788 3646 possunt
1829 3582 2049 3643 propter

473 3691 663 3734 eorum
701 3675 790 3744 qui
822 3673 1024 3727 debent
1054 3669 1320 3740 inapiam,
1350 3671 1488 3724 iram
1515 3669 1759 3739 pecunia:
1783 3682 1948 3722 causa
1971 3667 2056 3719 in-

475 3770 802 3824 ﬂammatam
833 3766 887 3820 in
944 3777 1380 3820 :erumnosorum
1400 3775 1601 3832 corpus
1623 3770 1896 3824 exercent,
1927 3773 2057 3813 con-

479 3863 765 3918 tumeliose
789 3859 970 3930 ﬂagris
996 3857 1290 3923 caedentes,
1326 3866 1382 3913 et
1409 3855 1790 3919 verberantes,
1824 3862 1878 3907 et
1907 3851 2057 3906 mille

478 3959 599 4014 aliis
624 3955 981 4012 incommodis
1012 3953 1329 4009 adicientes.

870 4091 1104 4148 SERth
1138 4089 1330 4147 xxvn
1386 4087 1488 4161 [αι.
1537 4085 1672 4158 LX].

483 4194 558 4250 De
595 4192 660 4246 iis
695 4191 784 4261 qui
809 4197 1120 4261 mutuantur
1162 4194 1211 4238 et
1279 4183 1417 4252 quod
1467 4195 1671 4248 a'quum
1719 4185 1795 4232 est
1835 4176 2063 4229 credito-

1018 4258 1164 4311 ribus
1195 4265 1374 4325 gratos
1399 4268 1528 4306 esse.

557 4359 831 4416 Salomon.
858 4353 1170 4409 Prudentize
1202 4359 1284 4406 est
1325 4360 1658 4416 cognoscere
1701 4360 1728 4395 a
1763 4357 1873 4410 quo
1903 4339 2064 4409 proii-

486 4451 726 4508 ciscatur
747 4449 917 4518 gratia
947 4447 1022 4516 (id
1060 4455 1168 4507 est,
1196 4444 1490 4514 gratuitum
1531 4433 1885 4506 beneﬁcium).

559 4543 771 4600 Sirach.
806 4541 1044 4596 Gratiam
1062 4537 1348 4594 hominum
1370 4547 1624 4604 tanquam
1645 4529 1902 4602 pupillam
1928 4541 2064 4582 ocu-

491 4643 522 4695 li
547 4645 892 4697 conservato.

560 4734 661 4801 Qui
695 4732 922 4803 gratiam
949 4729 1147 4793 reddit,
1173 4725 1483 4781 futurorum
1513 4718 1838 4780 meminit,et
1870 4728 2076 4786 tempo-

490 4844 550 4884 re
588 4841 703 4882 suae
734 4822 1065 4878 calamitatis
1098 4817 1340 4874 inveniet
1370 4810 1826 4870 stabilimentum.

565 5006 621 5062 S.
657 5004 871 5060 Basilii.
904 5002 1007 5070 Qui
1035 5001 1102 5056 de
1151 4996 1313 5053 nobis
1356 4995 1494 5048 bene
1569 4991 1746 5044 meriti
1797 4998 1946 5050 sunt,
1998 4985 2066 5039 iis

494 5113 714 5153 omnem
745 5091 1178 5151 benevolentiam
1199 5094 1458 5158 praestare
1483 5081 1768 5138 debemus.

569 5191 838 5260 leologi.
879 5184 1193 5242 Reddamus
1213 5182 1380 5252 igitur
1409 5194 1534 5233 cum
1567 5177 1776 5231 rumore
1832 5172 2075 5227 debitum
2143 5249 2145 5251 ι

499 5287 544 5342 si
569 5283 731 5340 modo
754 5291 960 5336 tantum
991 5277 1271 5349 possidere
1301 5274 1607 5328 videamur.

570 5376 830 5434 Philonis.
854 5371 994 5427 Nihil
1025 5378 1109 5426 est
1147 5367 1292 5439 quod
1350 5366 1563 5421 facilius
1619 5361 2061 5418 benevolentiam

506 5470 804 5526 conciliare
860 5465 1051 5535 possit,
1114 5475 1279 5530 quam
1316 5458 1436 5528 ipsa
1487 5455 1874 5510 beneficiorum
1926 5459 2081 5524 grata

507 5557 983 5620 conuuemoratio.

905 5670 1136 5727 saeuo
1161 5669 1380 5726 xxvm
1415 5668 1516 5741 [αι.
1545 5665 1703 5738 LXI].

732 5768 807 5822 De
838 5767 1064 5836 ingratis
1091 5781 1205 5820 cum
1241 5773 1482 5818 mutuum
1516 5759 1851 5826 sumpserint.

588 5861 772 5917 David.
839 5859 1113 5914 Mutuatur
1141 5857 1441 5930 improbus,
1480 5870 1578 5910 nec
1603 5865 1842 5922 unquam
1895 5845 2092 5902 reddit.

2244 3395 2498 3448 Ἐπειδὰν
2546 3394 2750 3464 εὖρωσι
2806 3394 2932 3455 τοὺς
2973 3393 3288 3459 ὀφείλοντας
3341 3392 3390 3442 oi
3440 3387 3692 3456 ἄνθρωποι,

2161 3489 2350 3558 ὥσπερ
2380 3488 2603 3556 θήραμα
2629 3487 2902 3555 εὑρόντες,
2934 3484 3108 3542 οὑτως
3133 3482 3423 3552 γεγήθασι,
3446 3484 3532 3532 καὶ
3551 3479 3694 3530 πάντα

2163 3583 2410 3635 ποιοῦσιν
2462 3582 2611 3644 ὅπως
2643 3581 2702 3633 τὸ
2739 3581 2847 3635 πᾶν
2895 3578 3243 3648 ἁπαιτήσωσι
3270 3593 3284 3607 ·

2165 3676 2296 3729 Οῶσι
2325 3675 2412 3728 διὰ
2438 3675 2536 3746 τὴν
2572 3675 2760 3728 πενίαν
2799 3674 2907 3728 τῶν
2939 3672 3293 3742 ὀφειλόντων,
3325 3670 3422 3738 τὴν
3455 3667 3578 3734 ὑπὲρ
3605 3666 3692 3715 τῶν

2165 3768 2466 3838 χρημάτων
2527 3766 2697 3836 ὀργὴν
2747 3767 2828 3828 εἰς
2877 3765 2939 3817 τδ
2992 3762 3338 3831 ταλαίπωρον
3390 3759 3492 3811 τῶν
3528 3756 3690 3809 ἀθλίων

2167 3861 2350 3931 σῶμα,
2386 3859 2727 3930 αἰκιζόμενοι
2761 3855 2859 3910 καὶ
2892 3854 3187 3916 τύπτοντες
3217 3854 3315 3906 καὶ¹
3351 3847 3512 3921 μυρία
3547 3847 3690 3906 αὐτοῖς

2167 3953 2533 4022 διατιθέμενοι
2565 3969 2630 4004 κα
2641 3951 2734 4017 κὰ,
2774 3950 3086 4019 ὲναφιᾶσιν.

2769 4087 2989 4140 ΛΟΓΟΣ
3025 4083 3156 4139 ΚΖ’.

2171 4183 2308 4250 Περὶ
2337 4180 2788 4249 δανειζομένων,
2813 4179 2910 4233 καὶ
2939 4179 3027 4231 ὅτι
3056 4177 3171 4246 χρὴ
3203 4173 3584 4244 εὐγνωμονεῖν
3600 4167 3693 4233 τοῖς

2758 4249 3151 4319 κυριοχρέοις.

2245 4349 2565 4416 Φρονὴσεως
2590 4347 2649 4399 τὸ
2680 4345 2882 4398 εἰδέναι
2906 4343 3048 4424 τίνος
3077 4347 3110 4412 ἡ
3142 4343 3327 4411 χάρις.

3320 3574 3420 3626 κᾶν
3456 3574 3523 3642 μὴ
3562 3575 3692 3639 δυνη-

2252 4507 2428 4600 Χάρθιν
2457 4528 2748 4597 ἀνθρωπου
2779 4524 2854 4587 ὡς
2883 4523 3053 4593 κόρην
3081 4518 3364 4590 ὀφθαλμοῦ
3395 4516 3692 4584 συντήρησον.

2258 4711 2320 4762 '0
2354 4706 2742 4769 ἀνταποδιδοὺς
2784 4703 3034 4774 χάριτας,
3073 4699 3352 4770 μέμνηται
3394 4693 3472 4754 είς
3510 4691 3570 4742 τὰ
3598 4686 3696 4757 μετὰ

2179 4800 2353 4858 ταῦτα
2377 4815 2391 4829 ⁸
2425 4799 2522 4852 καὶ
2548 4799 2607 4850 ὲν
2653 4795 2832 4867 καιρῷ
2880 4795 3140 4854 πτώσεως
3168 4787 3337 4843 αὐτοῦ
3386 4784 3587 4852 εὑρήσει
3610 4779 3696 4844 στή-

2186 4911 2379 4967 ριγμα-
3029 4977 3049 4980 α
3260 4978 3268 4980 _
3366 4974 3379 4980 _
3497 4971 3519 4980 _
3599 4963 3680 4980 ,ν

2257 4991 2380 5052 Τοῖς
2415 4987 2732 5057 εὐεργέταις
2764 4984 2947 5036 πᾶσαν
2995 4977 3211 5032 εὔνοιαν
3255 4971 3551 5049 ὲκπληροὺν
3590 4967 3701 5033 ὀφεί-

2184 5083 2372 5152 λομεν.

2271 5171 2669 5240 ’Δποδὼσωμεν
2714 5167 2895 5220 τοίνυν
2943 5164 3040 5218 σὺν
3068 5161 3213 5232 τόκῳ
3244 5161 3305 5214 τὸ
3347 5159 3517 5230 χρέος,
3549 5153 3604 5207 ἂν
3626 5151 3704 5216 ἄρα

2187 5265 2444 5321 τοσοῦτον
2481 5259 2842 5330 εὐποροῦντες
2873 5257 3154 5326 φανῶμεν.

2261 5356 2428 5411 Οὐδὲν
2454 5354 2628 5416 οὑτως
2658 5351 2942 5417 εὐάγωγον
2959 5349 3038 5410 εἰς
3063 5345 3303 5410 εὑνοιαν,
3324 5345 3398 5408 ὡς
3424 5344 3455 5412 ἡ
3481 5341 3572 5394 τῶν
3594 5337 3709 5399 εὐερ-

2189 5465 2322 5520 γετη
2330 5449 2517 5520 μάτων
2539 5444 2805 5514 εὐφημία.

2791 5647 3011 5703 ΛΟΓΟΣ
3050 5646 3185 5700 κη’.

2343 5744 2482 5814 Περὶ
2515 5740 2944 5812 δανειζομένων
2973 5739 3067 5791 καὶ
3103 5729 3596 5804 ἀγνωμονούντων.

2277 5837 2590 5899 Δανείζεται
2629 5837 2656 5888 ὁ
2690 5830 3036 5904 ἁμαρτωλὸς,
3068 5830 3163 5881 καὶ
3200 5826 3298 5880 οὐκ
3329 5817 3566 5876 ἀποτίσει.
