3890 6572
182 454 321 519 1073

1002 457 1174 518 LOCI
1218 454 1663 519 COMMUNES.
1701 484 1770 496 -
1800 457 1996 519 PARS
2045 459 2118 520 ΙΙ.
2169 457 2423 519 SERMO
2460 460 2639 520 XXX.

3324 462 3462 527 1074

246 573 342 643 Μὴ
397 571 540 625 ἔστω
577 574 608 643 ἠ
650 572 772 643 χείρ
802 588 896 626 σου
931 574 1270 646 ἐκτεταμένη
1315 575 1395 639 εις
1444 575 1503 628 τὸ
1548 574 1751 640 λαϐεῖν,

1918 575 2116 632 .Eccli.
2148 593 2221 632 iv.
2259 578 2338 631 Ne
2368 578 2441 632 sit
2478 593 2673 634 manus
2711 585 2801 630 tua
2835 578 2900 630 ad
2921 577 3308 647 accipiendum
3329 597 3457 652 por-

175 670 273 722 καὶ
308 671 366 721 ἐν
397 668 474 737 τῷ
505 665 818 720 ἀποδιδόναι
854 669 1288 740 συνεσταλμένη.

245 761 444 814 Πολλοὶ
470 759 547 824 ὡς
574 758 798 832 εὕρημα
824 762 1088 831 ἐνόμισαν
1116 763 1296 832 δάνος,
1343 763 1442 818 καὶ
1480 763 1758 834 παρέσχον

175 853 382 914 κόπους
418 852 534 915 τοῖς
567 851 898 924 βοηθήσασιν
927 854 1131 920 αὐτοῖς.

247 1031 564 1100 Ἀγρηστος
593 1031 652 1084 ἐν
683 1031 893 1104 διανοίᾳ
932 1033 1320 1106 ἐγκαταλείψει
1353 1035 1682 1108 ῥυσάμενον.

241 1213 340 1283 Μὴ
394 1213 556 1283 μόνον
615 1213 960 1284 λαμϐάνοντα
1016 1215 1245 1269 σεαυτὸν
1294 1215 1427 1279 νόει,
1475 1216 1612 1269 ἀλλὰ
1660 1215 1757 1270 καὶ

171 1305 602 1374 ἀπαιτούμενον.
635 1303 702 1358 Τί
755 1306 1083 1377 πολυπλόκῳ
1131 1307 1308 1379 θηρίῳ
1359 1308 1552 1363 ἐαυτὸν
1579 1326 1754 1379 παρα-

170 1397 458 1463 ζευγνύεις
477 1412 494 1462 ;

259 1487 320 1541 '0
347 1489 534 1552 τόκοις
560 1489 755 1544 ἐαυτὸν
788 1489 1096 1544 ὕπεύθυνον
1125 1493 1501 1564 καταστήσας,
1539 1487 1616 1546 ὧν
1655 1489 1756 1562 τὴν

171 1599 374 1649 κτησιν
408 1582 509 1652 οὐχ
543 1583 860 1652 ὑφίσταται,
894 1583 1140 1639 δουλείαν
1184 1585 1507 1657 αὐθαίρετον
1533 1583 1756 1650 ἐδέξατο

170 1675 264 1727 διὰ
303 1674 443 1743 βίου.

162 1816 171 1825 .
256 1769 512 1837 Ὀρῶμεν
543 1769 667 1838 οὐχὶ
697 1769 828 1834 τοὺς
857 1769 964 1824 τῶν
1002 1771 1316 1837 ἀναγκαίων
1353 1774 1550 1836 ἐνδεεῖς
1601 1775 1756 1845 ἐρχο-

174 1859 376 1928 μένους
398 1861 492 1912 ἐπὶ
511 1861 570 1913 τὸ
591 1860 822 1916 δάνειον⁹
839 1863 959 1916 ούδέ
981 1863 1086 1936 γὰρ
1119 1865 1302 1934 ἔχουσι
1327 1867 1452 1930 τοὺς
1475 1869 1756 1920 πιστεύον-

170 1967 310 2012 τας·
361 1952 503 2005 ἀλλὰ
546 1953 884 2018 δανείζονται
942 1935 1222 2024 ἄνθρωποι
1282 1959 1554 2023 δαπάναις
1606 1960 1754 2013 ἁνει-
1785 1935 1831 1994 Β

174 2045 398 2112 μέναις,
430 2045 526 2099 καὶ
574 2045 948 2109 πολυτελείαις
979 2049 1256 2118 ἀκάρποις
1311 2050 1539 2114 ἑαυτοὺς
1577 2052 1756 2106 ἐπιδι-

169 2138 381 2193 δόντες.

244 2193 406 2285 Εἶδον
457 2231 570 2301 ἐγὼ
634 2234 868 2287 ἐλεεινὸν
923 2234 1127 2304 θέαμα,
1180 2236 1374 2300 παῖδας
1435 2237 1757 2306 ἐλευθέρους

165 2323 318 2395 ὑπὲρ
369 2325 549 2397 χρεῶν
607 2329 890 2398 πατρικῶν
919 2329 1249 2400 ἑλκομένους
1297 2331 1378 2394 είς
1423 2331 1485 2384 τὸ
1537 2335 1756 2402 πρατήρ

168 2436 310 2485 ριον.

238 2539 322 2592 Οὐ
359 2539 555 2604 νύκτες
593 2541 671 2612 τῷ
705 2543 954 2618 χρεώστῃ
987 2545 1298 2599 ἀνάπαυσιν
1343 2544 1620 2615 φέρουσιν,
1659 2546 1756 2616 οὐχ

164 2636 364 2705 ἡμέρα
396 2635 620 2706 φαιδρὰ,
649 2637 747 2708 οὔχ
781 2639 932 2709 ἥλιος
959 2640 1214 2710 τερπνὸς,
1244 2639 1382 2692 ἀλλὰ
1412 2639 1756 2708 δυσχεραίνει

159 2729 257 2780 τὸν
295 2727 438 2797 βὶον,
490 2732 641 2796 μισεῖ
666 2729 766 2794 τὰς
815 2731 1029 2801 ἡμέρας
1079 2730 1217 2800 πρὸς
1269 2731 1368 2800 τὴν
1413 2731 1755 2802 προθεσμίαν

162 2821 567 2889 ὲπειγομένας,
602 2820 851 2890 φοϐεῖται
892 2823 1021 2886 τοὺς
1075 2823 1248 2892 μῆνας
1277 2827 1354 2886 ὼς
1383 2825 1567 2877 τόκων.
1586 2828 1756 2876 πατέ-

164 2933 296 2985 ρας.
330 2915 453 2968 Κᾶν
504 2913 764 2987 καθεύδῃ,
793 2913 1047 2969 ἐνύπνιον
1091 2915 1278 2986 βλέπει
1308 2917 1400 2970 τὸν
1443 2916 1755 2987 δανειστὴν,

159 3009 343 3060 κακὸν
377 3008 506 3077 ὄναρ
531 3011 597 3078 τῇ
627 3009 837 3078 κεφαλῇ
868 3008 1277 3080 παριστάμενον
1301 3025 1316 3039 ο
1343 3009 1448 3062 κᾶν
1477 3011 1751 3082 γρηγορῇ,

160 3101 353 3154 ἔννοια
382 3098 532 3170 αὐτῷ
564 3101 661 3152 καὶ
687 3100 910 3172 φροντὶς
938 3102 966 3154 6
1007 3101 1162 3164 τόκος
1187 3101 1327 3156 ἐστί.

1877 683 2046 734 recta,
2074 679 2126 725 et
2148 673 2213 724 ad
2245 672 2583 726 reddendum
2618 681 2919 728 contracta.

1938 763 2018 817 Ib.
2046 779 2196 818 xxxx.
2228 763 2380 818 Multi
2445 774 2696 820 mutuum
2769 765 2926 836 quasi
2975 765 3254 821 inventum
3303 768 3454 822 testi-

1867 865 2040 921 mant,
2069 856 2442 927 exhibentque
2474 858 2759 914 molestias
2791 859 2873 914 eis
2911 859 3004 930 qui
3063 858 3197 928 ipsis
3254 859 3473 915 subirem

1867 948 2069 1022 perint.

1949 1042 2110 1112 166
2141 1041 2354 1098 Stultus
2379 1051 2433 1097 et
2464 1043 2711 1112 ingratus
2741 1059 2866 1098 eum
2917 1059 3084 1114 aquo
3139 1043 3312 1099 fuerit
3349 1045 3449 1098 ali-

1867 1134 2090 1205 quando
2129 1133 2422 1198 liberatus,
2461 1133 2702 1190 deseret.

1937 1225 2058 1282 Non
2117 1227 2296 1280 solum
2338 1237 2426 1281 est
2452 1227 2809 1296 cogitandum
2848 1228 2946 1282 tibi
2997 1241 3121 1282 esse
3172 1227 3484 1296 accipien-'

1867 1319 2141 1385 dum,sed
2183 1318 2346 1374 etiam
2392 1319 2752 1385 reddendum,
2811 1336 2936 1374 cum
2994 1329 3271 1387 repetetur
3299 1319 3443 1390 quod

1866 1411 2174 1480 acceperis;
2215 1426 2316 1465 cur
2339 1419 2391 1464 te
2423 1426 2546 1466 cum
2581 1412 2758 1467 bestia
2796 1412 3000 1466 nodosa
3042 1410 3374 1481 eoojungis?

1937 1504 2042 1570 Qui
2093 1520 2156 1560 se
2213 1502 2522 1558 faenoribus
2583 1503 2894 1570 subjectum
2951 1503 3152 1568 reddit,
3205 1517 3440 1572 quorum

1865 1595 2269 1666 possessionem
2309 1611 2421 1650 non
2459 1603 2632 1658 tenet,
2675 1595 3041 1650 voluntariam
3094 1602 3445 1666 perpetuam-

1869 1706 1974 1760 que
2001 1689 2236 1759 suscipit
2265 1690 2608 1744 servitutem.

1936 1781 2055 1838 Non
2087 1781 2332 1836 videmus
2388 1795 2482 1836 eos
2531 1780 2729 1850 quibus
2776 1783 3087 1835 necessaria
3134 1779 3334 1835 desunt
3374 1779 3443 1834 ad

1863 1884 2115 1930 mutuum
2152 1873 2476 1930 sumendum
2528 1873 2826 1937 accedere;
2882 1887 2991 1926 non
3039 1873 3185 1928 enim
3239 1871 3457 1927 habent

1860 1968 1953 2038 qui
2011 1966 2147 2037 ipsis
2211 1966 2488 2033 credant;
2535 1966 2632 2020 sed
2713 1965 2748 2018 ii
2799 1965 2900 2019 soli
2949 1963 3292 2027 mutuantur,
3345 1966 3436 2034 qui

1859 2059 2169 2130 sumptibus
2220 2058 2463 2132 profusis
2487 2068 2542 2113 et
2572 2057 2724 2112 luxui
2758 2057 3097 2112 infructuose
3131 2073 3187 2112 se
3220 2057 3446 2112 dedide-

1859 2159 2008 2206 runt.

1931 2240 2066 2296 Bent
2129 2242 2499 2297 miserabilem
2553 2243 2835 2313 spectavi,
2891 2240 3096 2295 liberos
3154 2237 3437 2302 homines,

1859 2349 2089 2402 quorum
2124 2335 2450 2404 patrimonia
2479 2343 2666 2391 essent
2699 2335 2960 2395 obserata,
2988 2331 3079 2402 qui
3136 2331 3439 2384 traheban-

1865 2434 1955 2480 tur
1988 2429 2048 2478 ut
2087 2424 2369 2480 uenirent.

1948 2542 2007 2599 S.
2039 2543 2252 2600 Basilii.
2310 2543 2429 2599 Non
2494 2555 2683 2600 noctes
2733 2543 2965 2600 debitori
3015 2543 3251 2613 quietem
3310 2539 3444 2594 πσε-

1861 2648 2013 2699 runt,
2042 2653 2148 2692 non
2181 2638 2297 2693 dies
2327 2640 2376 2695 ei
2401 2638 2667 2706 jucunda.
2702 2655 2808 2692 non
2864 2639 2946 2693 sol
2985 2637 3304 2699 delectans;
3343 2633 3436 2688 sed

1861 2747 1955 2800 per
1984 2747 2199 2785 omnem
2236 2733 2405 2786 vitam
2458 2740 2513 2787 in
2553 2732 2781 2786 tristitia
2818 2738 3073 2784 versatur
3104 2745 3120 2782 :
3154 2729 3271 2782 dies
3302 2727 3439 2790 odit,

1859 2824 1951 2893 qui
2002 2823 2069 2878 ad
2126 2826 2511 2896 prwscriptum
2569 2831 2783 2893 tempus
2834 2830 3169 2893 properant;
3227 2835 3445 2873 menses

1861 2915 2142 2980 formidat,
2180 2918 2340 2985 quasi
2379 2933 2674 2971 usurarum
2709 2916 3017 2986 genitores;
3060 2917 3104 2968 si
3133 2912 3443 2975 durmierit,

1861 3012 1914 3064 in
1957 3013 2168 3067 somnis
2197 3013 2344 3066 videt
2395 3014 2780 3069 faeneratorem
2823 3011 2988 3079 capiti
3043 3010 3440 3073 imminentem,

1860 3100 2163 3156 infaustum
2225 3103 2539 3167 somnium;
2604 3103 2684 3156 sin
2748 3102 3010 3172 vigilarit,
3075 3099 3343 3167 c0gitatio
3391 3107 3446 3151 et

1860 3193 2177 3247 sollicitudo
2208 3193 2275 3248 de
2304 3195 2490 3249 usuris
2529 3203 2633 3248 cst.

234 3279 504 3333 Τοιοῦτον
531 3281 564 3350 ἡ
600 3279 680 3343 εἰς
711 3279 838 3342 τοὺς
869 3279 1200 3349 ἀχαρίστους
1248 3277 1428 3349 χάρις.
1473 3277 1619 3332 ’Λντὶ
1645 3276 1751 3346 γὰρ

1931 3283 2066 3340 Tale
2095 3286 2352 3356 quiddam
2391 3287 2444 3340 in
2480 3287 2728 3356 ingratos
2756 3286 2916 3341 edicit
2946 3285 3197 3340 beneficii
3229 3283 3440 3356 graliat

158 3369 235 3429 ὧν
272 3375 665 3444 ὠφελήθησαν,
719 3373 1024 3445 παρέχουσι
1070 3375 1168 3436 τὰς
1224 3375 1490 3442 μεγίστας
1543 3373 1753 3442 ζημίας

155 3470 276 3532 τοῖς
316 3468 770 3536 εὖεργετήσασιν.

776 3605 998 3659 ΛΟΓΟΣ
1031 3603 1159 3658 ΚΘ’.

157 3723 316 3792 Περὶ
357 3719 867 3790 ἐκμισθουμένων,
899 3718 1030 3787 ἤτοι
1075 3719 1401 3792 κυριέργων
1449 3716 1749 3788 χρηστῶν,

615 3793 714 3845 καὶ
732 3792 991 3858 μισθίων
1023 3791 1326 3858 χρηστῶν.

231 3907 380 3964 Eine
409 3907 594 3961 Λάϐαν
624 3903 702 3974 τῷ
732 3902 928 3957 Ἰακὼϐ
948 3918 962 3932 ⁸
999 3903 1121 3955 Ὀτι
1149 3902 1257 3972 γὰρ
1304 3901 1531 3969 ἀδελφός
1565 3919 1665 3969 μου
1707 3897 1758 3954 εἴ

157 4008 250 4070 σὺ,
289 4004 355 4058 ού
392 4000 704 4062 δουλεύσεις
733 4015 823 4068 μοι
869 3995 1078 4063 δωρεάν
1101 4011 1115 4026 ⁸
1168 3996 1487 4064 ἀνὰγγειλόν
1524 4013 1615 4065 μοι
1647 3997 1674 4048 ὅ
1703 4013 1755 4047 τι

156 4115 258 4150 σου
302 4097 332 4148 6
362 4093 556 4164 μισθός
585 4093 728 4144 ἐστι.

231 4187 321 4242 Οὐ
344 4183 746 4254 κοιμηθήσεται
778 4182 806 4235 6
835 4181 1025 4252 μισθὸς
1050 4178 1145 4233 τοῦ
1187 4177 1460 4250 μισθωτοῦ
1495 4177 1645 4247 παρὰ
1675 4177 1757 4231 σοὶ

153 4285 268 4347 ἕως
305 4283 481 4354 πρωῒ.

233 4375 361 4428 Ούκ
389 4371 750 4442 ἀπαδικήσεις
796 4369 988 4441 μισθὸν
1017 4369 1250 4434 πένητος
1294 4365 1393 4420 καὶ
1425 4363 1640 4426 ἐνδεοῦς
1693 4364 1756 4416 ἐκ

150 4472 273 4522 τῶν
303 4468 552 4535 ἀδελφῶν
578 4483 696 4530 σου,
723 4463 755 4534 ἢ
781 4467 843 4517 ἐκ
874 4462 982 4518 τῶν
1008 4460 1386 4533 προσηλύτων,
1418 4461 1524 4511 τῶν
1555 4459 1611 4510 ἐν
1638 4459 1756 4519 ταῖς

154 4560 362 4614 πόλεσί
387 4575 501 4610 σου.
532 4555 852 4627 Αύθημερδν
876 4553 1176 4615 ἀποδώσεις
1212 4552 1304 4606 τὸν
1339 4549 1532 4621 μισθὸν
1565 4546 1755 4601 αὑτοῦ.

1857 3391 1956 3446 pro
1988 3376 2056 3431 iis
2083 3377 2227 3431 enim
2277 3377 2558 3433 beneficiis
2605 3379 2804 3449 quibus
2850 3377 3019 3448 adjuti
3065 3387 3214 3440 sunt,
3257 3376 3452 3430 multis

1857 3467 2074 3524 damnis
2105 3469 2346 3524 alliciunt
2378 3471 2445 3525 de
2473 3486 2533 3525 se
2569 3471 2709 3526 bene
2745 3471 2992 3526 meritos.

2245 3604 2480 3660 SERMO
2514 3605 2687 3662 xxnx
2723 3607 2826 3680 [αι.
2857 3607 3047 3674 cxxt.

1857 3722 1936 3776 De
1963 3721 2198 3776 mercede
2220 3719 2652 3777 conducentibus.
2680 3737 2770 3774 seu
2803 3725 3182 3789 operariorum
3207 3718 3456 3772 dominis

2549 3791 2748 3858 probis.

1931 3903 2063 3959 Gen.
2103 3918 2258 3957 xm.
2297 3902 2442 3957 Dixit
2512 3903 2767 3958 Labanus
2818 3903 3063 3959 Jacobo:
3092 3902 3446 3970 Quandoqui-

1859 3996 1979 4050 dem
2034 4010 2189 4050 meus
2255 3994 2423 4052 frater
2471 4011 2553 4061 es,
2618 3995 2750 4050 mibi
2805 3997 2978 4067 gratis
3029 4012 3133 4050 non
3199 3996 3442 4062 servies;

1857 4087 2074 4142 declara
2109 4086 2271 4150 mihi,
2303 4102 2465 4155 quam
2506 4089 2808 4142 mercedem
2845 4089 3128 4160 postulas?

1928 4175 2102 4231 Leuit.
2140 4191 2254 4230 xxx.
2291 4177 2410 4231 Non
2466 4179 2816 4247 pernoctabit
2861 4181 3196 4236 mercenarii
3233 4195 3456 4237 merces

1859 4269 2002 4339 apud
2039 4281 2090 4325 te
2126 4285 2300 4339 usque
2336 4270 2390 4324 in
2421 4271 2748 4326 crastinum.

1934 4361 2049 4416 Non
2117 4347 2760 4439 fraudabis'pauperem
2837 4381 2937 4422 sua
2999 4367 3292 4434 mercede',
3343 4383 3446 4424 nec

1861 4463 2113 4524 egentem
2148 4472 2214 4510 ex
2248 4455 2515 4511 fratribus
2541 4458 2652 4514 tuis
2677 4467 2770 4513 aut
2802 4460 3054 4525 advenis,
3080 4463 3172 4530 qui
3211 4479 3450 4519 versan-

1863 4559 1950 4604 tur
1970 4551 2023 4604 in
2046 4548 2154 4607 tuis
2172 4552 2524 4619 civitatibus;
2548 4568 2613 4608 eo
2639 4556 2756 4624 ipso
2781 4555 2870 4610 die
2898 4559 3203 4612 mercedem
3227 4557 3446 4620 reddes,

151 4658 283 4708 Οᾷκ
333 4651 648 4704 ἐπιδύσεται
697 4652 724 4702 6
755 4650 903 4720 ἥλιος
959 4647 1046 4700 ἐπ’
1081 4646 1250 4716 αὐτῷ,
1283 4645 1365 4699 ὅτι
1413 4645 1582 4714 πένης
1614 4641 1751 4706 ἐστὶ,

1890 4657 1962 4695 ree
1995 4643 2207 4697 occidet
2257 4643 2340 4698 sol
2389 4659 2554 4714 super
2599 4661 2706 4713 ea;
2751 4662 2958 4718 pauper
2993 4647 3141 4704 enim
3175 4658 3258 4706 est
3292 4657 3349 4705 et
3385 4652 3454 4706 in-

149 4749 254 4801 καὶ
288 4745 381 4800 ἐπ’
413 4744 562 4812 αύτῷ
592 4744 702 4813 ἔχει
727 4742 826 4812 τὴν
853 4740 1064 4794 ἐλπίδα.

228 4841 333 4906 Μὴ
385 4836 643 4908 κακώσῃς
703 4835 923 4902 οἰκέτην
980 4829 1346 4901 ἐργαζόμενον
1406 4831 1464 4882 ἐν
1501 4826 1752 4897 ἀληθείᾳ,

152 4926 308 5000 μηδὲ
338 4925 556 4996 μίσθιον
578 4925 786 4978 διδόντα
810 4923 908 4993 τὴν
938 4922 1114 4992 ψυχὴν
1144 4921 1330 4975 αὐτοῦ.

225 5018 330 5087 Τῷ
359 5015 715 5087 ἐργαζομένῳ
742 5017 769 5068 ὁ
795 5014 984 5085 μισθὸς
1009 5013 1069 5066 ού
1097 5012 1370 5080 λογίζεται
1403 5011 1545 5064 κατὰ
1569 5010 1749 5080 χάριν,

145 5113 304 5167 ἀλλὰ
340 5111 488 5164 κατὰ
523 5110 827 5178 ὀφείλημα.

810 5243 1030 5298 ΛΟΓΟΣ
1054 5246 1136 5298 A'.

143 5363 305 5434 Περὶ
349 5361 866 5432 ἐκμισθουμένων,
899 5359 1032 5429 ἢτοι
1076 5341 1404 5429 κυριέργων
1447 5357 1748 5426 πονηρῶν.

225 5551 333 5619 Μὴ
369 5547 782 5618 καταϐοήσηται
814 5543 958 5597 κατὰ
993 5540 1089 5595 σοῦ
1140 5541 1169 5594 6
1206 5541 1418 5612 μίσθιος
1468 5541 1604 5612 πρὸς
1634 5540 1750 5593 Κύ-

145 5662 307 5704 οιον,
345 5641 440 5694 καὶ
462 5641 614 5694 ἔσται
645 5641 705 5693 ἐν
739 5639 820 5692 σοὶ
847 5637 1112 5708 ἁμαρτία.

225 5736 682 5804 Ἐπικατάρατος
732 5735 762 5786 6
810 5732 1056 5802 ὑστερῶν
1083 5732 1273 5802 μισθὸν
1309 5731 1618 5803 μισθωτοῦ·
1656 5730 1748 5782 καί

141 5835 278 5903 ἐρεῖ
308 5832 418 5894 πᾶς
451 5831 478 5882 6
501 5829 651 5895 λαὸς,
686 5828 922 5894 Γένοιτο,
951 5826 1183 5896 γένοιτο.
1671 5829 1678 5836 “

1863 4751 1923 4788 ea
1966 4734 2079 4800 ipsa
2115 4751 2273 4804 spem
2309 4736 2500 4792 habet.

1937 4825 2106 4883 Eccli.
2139 4843 2230 4881 vn.
2261 4828 2490 4884 Servum
2519 4846 2658 4901 Opus
2685 4847 2812 4887 vere
2869 4834 3161 4891 Dicicntem
3206 4853 3272 4890 ne
3303 4839 3445 4895 male

1867 4929 2126 4987 tractato,
2162 4937 2262 4977 nec
2300 4925 2700 4978 mercenarium
2738 4927 2830 4995 qui
2867 4929 2958 4979 dat
2988 4927 3227 4981 animam
3265 4946 3441 4984 suam.

1942 5014 2093 5067 Rom.
2144 5030 2216 5070 Iv.
2249 5013 2399 5084 Opus
2462 5016 2682 5070 facienti
2741 5033 2952 5072 merces
3007 5037 3112 5073 non
3170 5020 3443 5083 beneficii,

1863 5108 1956 5162 sed
1997 5107 2164 5162 debiti
2195 5108 2316 5161 loco
2345 5106 2671 5163 aestimatur.

2252 5242 2483 5298 SERMO
2521 5244 2666 5300 xxx
2702 5245 2802 5317 [αι.
2835 5247 3049 5320 cqu.

1861 5357 1939 5412 De
1968 5357 2203 5412 mercede
2234 5356 2667 5422 conducentibus,
2699 5375 2790 5413 seu
2825 5363 3187 5429 operariorum
3211 5361 3434 5416 dominis

2415 5492 2434 5504 .
2513 5429 2786 5498 improbis.

1937 5542 2102 5596 Levii.
2137 5557 2250 5596 XIX.
2290 5541 2424 5596 Vide
2456 5555 2526 5596 ne
2554 5542 2926 5597 mercenarius
2964 5551 3090 5597 tuus
3123 5543 3320 5598 clamet
3367 5545 3432 5597 ad

1863 5636 2150 5690 Dominum
2185 5644 2376 5690 contra
2437 5643 2510 5700 te,
2567 5643 2620 5688 et
2666 5644 2946 5704 peccatum
2988 5635 3040 5689 in
3094 5642 3148 5690 te
3193 5637 3288 5690 sit.

1931 5727 2089 5780 Deut.
2129 5741 2300 5780 xxvn.
2367 5725 2697 5780 Exsecratus
2741 5724 2832 5788 sit,
2875 5725 2969 5794 qui
3033 5726 3436 5783 mercenarium

1864 5821 2020 5890 167
2059 5821 2311 5874 mercede
2363 5817 2718 5877 fraudaverit.
2772 5825 2825 5873 et
2887 5819 3048 5875 dicat
3071 5831 3304 5878 cunctus
3338 5838 3433 5894 po-

1860 5916 2042 5985 puius,
2074 5911 2216 5978 Fiat,
2256 5912 2368 5967 fiat.
