3928 6544
275 385 414 449 ῙΟΠ

1087 380 1256 439 LOCl
1292 379 1735 443 COMMUNES.
1774 401 1843 415 -
1882 380 2074 439 PARS
2114 380 2197 439 ll.
2241 377 2499 439 SEBMO
2534 374 2751 439 XXXI.

3366 366 3501 431 1018

249 499 611 570 ἐπιγνώσεται
642 497 817 564 αὑτάς
846 498 983 552 διότι
1007 498 1215 552 εὐθεῖαι
1238 500 1293 552 αἱ
1324 498 1435 551 ὁδοὶ
1467 498 1698 567 Κυρίου,
1727 498 1818 552 καὶ

1998 501 2111 554 haec
2141 497 2441 569 agnoscet?
2467 495 2611 567 quod
2636 505 2799 551 rectae
2817 502 2944 547 sunt
2975 490 3183 546 Domini
3221 490 3340 552 viae,
3362 504 3507 557 quas

252 594 451 645 δίκαιοι
482 590 853 660 πορεύσονται
886 592 944 645 ἐν
973 591 1189 655 αὐταῖς.

322 685 530 737 Δίκαιοι
566 684 648 749 είς
677 684 769 737 τὸν
808 685 984 739 αίῶνα
1031 682 1190 751 ζῶσι,
1221 684 1316 737 καὶ
1344 688 1403 737 ἐν
1448 684 1642 754 Κυρίῳ
1672 687 1698 737 6
1733 701 1823 753 μι-

254 774 376 838 σθὸς
408 775 609 842 αὐτῶν,
658 777 817 847 καὶή
870 775 1091 846 φροντὶς
1137 774 1319 855 ριύτῶν
1346 774 1516 844 παρὰ
1557 774 1822 845 ’Υψίστῳ.

253 868 352 919 Διὰ
379 867 534 921 τοῦτο
570 868 836 936 λήψονται
889 868 952 920 τὸ
996 866 1270 936 βασίλειον
1320 866 1420 931 τῆς
1470 866 1824 938 εὐπρεπείας,

252 960 348 1012 καὶ
372 958 434 1011 τὸ
467 959 707 1030 διάδημα
746 960 839 1013 τοῦ
882 959 1113 1022 κάλλους
1160 958 1225 1011 ἐκ
1257 958 1440 1030 χειρὸς
1473 960 1711 1030 Κυρίου*
1746 960 1828 1012 ὅτι

252 1054 320 1121 τῇ
353 1050 500 1121 δεξιᾷ
530 1052 697 1105 αὐτοῦ
731 1053 996 1107 σκεπάσει
1039 1050 1261 1116 αὐτοὺς,
1311 1051 1410 1106 καὶ
1453 1050 1533 1120 τῷ
1581 1049 1828 1122 βραχίονι

254 1145 357 1198 ὐπε
367 1147 591 1213 ρασπιεῖ
626 1144 829 1200 αὐτῶν.

323 1238 543 1302 Δίκαιος
604 1238 700 1293 ἐάν
746 1238 929 1311 φθάσῃ
978 1240 1346 1312 τελευτῆσαι,
1408 1238 1468 1292 ἐν
1520 1232 1830 1291 ἀναπαύσει

254 1330 432 1384 ἔσται.

322 1425 501 1494 Χάρις
523 1425 620 1478 καὶ
644 1425 793 1489 ἔλεος
815 1425 875 1479 ἐν
905 1427 1018 1489 τοῖς
1045 1427 1323 1492 ἐκλεκτοῖς
1354 1423 1549 1493 αὐτοῦ,
1580 1424 1680 1479 καὶ
1709 1422 1832 1479 ἐπι-

257 1518 438 1586 σκοπὴ
470 1518 527 1568 ἐν
559 1518 673 1580 τοῖς
705 1519 877 1581 ὁσίοις
912 1517 1103 1571 αὑτοῦ.

335 1607 546 1675 Ἀγαθὰ
584 1609 698 1671 τοῖς
729 1607 956 1676 ἀγαθοῖς
1007 1608 1261 1664 ἔκτισται
1311 1609 1407 1663 ἀπ’
1455 1608 1656 1679 ἀρχῆς,
1689 1605 1832 1663 οὕτω

251 1703 368 1765 τοῖς
400 1703 753 1774 ἁμαρτωλοῖς
782 1704 951 1757 κακά.

332 1796 397 1851 '0
450 1797 654 1865 ἀγαθὸς
698 1798 988 1868 ἄνθρωπος
1041 1798 1107 1849 ἐκ
1152 1795 1247 1850 τοῦ
1293 1794 1504 1865 ἀγαθοῦ
1551 1793 1829 1866 θησαυροῦ

253 1890 356 1960 τῆς
381 1890 608 1960 καρδίας
633 1890 801 1945 αὐτοῦ
833 1892 1101 1963 προφέρει
1130 1890 1334 1958 ἀγαθά.

320 1983 535 2053 Δικαίῳ
567 1984 730 2054 νόμος
764 1984 824 2036 οὐ
859 1987 1063 2038 κεῖται.

334 2078 401 2130 '0
437 2078 641 2145 ἀγαθὸς
669 2078 889 2146 ἀγαθῶν
917 2080 1035 2130 ἐστι
1067 2078 1426 2147 παρεκτικός.

335 2170 562 2235 Ῥάόδος
610 2171 822 2224 δικαίου
853 2170 1127 2242 κρείσσων
1153 2170 1187 2242 ἢ
1219 2170 1355 2241 τιμὴ
1388 2170 1582 2257 κακοῦε

322 2355 391 2408 Οἱ
419 2353 529 2423 γὰρ
564 2353 776 2424 ἄριστοι
803 2352 896 2407 καὶ
924 2354 1122 2421 ξείνοις
1151 2353 1429 2408 τελέθουσι
1455 2352 1782 2423 προσηνέες.

272 2592 279 2593 ί
332 2532 444 2586 Τοῦ
480 2532 590 2601 γὰρ
617 2531 821 2599 ἀγαθοῦ
852 2531 947 2586 καὶ
990 2530 1052 2584 τὸ
1096 2532 1270 2601 τραχὺ
1310 2531 1580 2603 προσηνὲς
1610 2529 1697 2585 διὰ
1732 2531 1836 2597 τὴν

259 2625 533 2693 ὠφέλειαν
555 2641 567 2653 ·
612 2622 707 2678 τοῦ
734 2625 793 2677 δὲ
824 2624 1066 2696 πονηροῦ
1108 2626 1205 2679 καὶ
1242 2623 1303 2678 τὸ
1328 2624 1562 2694 χρηστὸν
1592 2622 1836 2676 ὕποπτον

258 2719 350 2772 διὰ
379 2718 438 2770 τὸ
468 2717 757 2787 κακόηθες.

334 2808 530 2872 υὺδεὶς
574 2809 797 2877 ἀγαθὸς,
853 2810 900 2861 εἰ
942 2808 1017 2878 μὴ
1052 2807 1212 2877 μόνος
1245 2808 1273 2860 6
1326 2808 1495 2872 Θεός’

262 2901 490 2970 ἀγαθὸν,
521 2902 676 2970 φησὶ,
709 2900 870 2968 μόνου
906 2901 1065 2953 Θεοῦ.

333 2995 444 3047 Τὸν
475 2993 846 3058 πνευματικὸν
883 2995 979 3046 καὶ
1012 2994 1289 3064 ἀπόνηρον
1337 2988 1480 3047 εῖναι
1521 2995 1603 3047 δεῖ
1632 2994 1839 3047 ἁπλοῦν

264 3089 363 3143 καὶ
412 3088 623 3151 ἄδολον,
670 3087 923 3157 καθάπερ
967 3089 995 3141 6
1030 3088 1265 3156 Χριστός
1301 3105 1505 3158 φησιν·
1562 3106 1581 3139 ι
1623 3086 1731 3141 Εάν
1766 3089 1838 3158 μὴ

266 3180 574 3251 στραφῆτε,
608 3182 703 3232 καὶ
732 3180 960 3249 γένησθε
1007 3181 1082 3243 ὠς
1112 3181 1177 3232 τὰ
1212 3182 1423 3248 παιδία,
1453 3181 1515 3234 οὐ
1549 3182 1624 3252 μὴ
1666 3180 1842 3233 εἰσέλ-

265 3275 399 3344 θητε
434 3276 518 3335 είς
547 3273 645 3342 τὴν
674 3272 950 3341 βασιλείαν
977 3272 1086 3324 τῶν
1114 3273 1382 3342 οὐρανῶν.
1428 3293 1446 3326 ι

350 3366 466 3420 ’Δεῖ
515 3366 614 3435 μὲν
650 3364 742 3418 οῦν
770 3366 874 3435 χρὴ
923 3365 1222 3435 θαυμάζειν
1246 3366 1344 3437 τὴν
1373 3368 1526 3436 ἰσχὺν
1569 3367 1679 3420 τῶν
1711 3386 1845 3437 μετ-

1538 2809 1600 2861 τὸ
1651 2809 1837 2877 ἄκρως

269 3462 460 3512 ιόντων
506 3459 605 3529 τὴν
645 3459 870 3529 ἀρετὴν,
906 3460 1142 3529 μάλιστα
1180 3460 1236 3513 δέ
1269 3460 1396 3514 ὅταν
1434 3461 1644 3514 πολλῶν
1676 3462 1847 3533 αὐτὴν

264 3551 671 3618 ἀπολιπόντων,
696 3551 965 3623 εὑρεθῶσί
995 3570 1142 3616 τινες
1172 3554 1346 3623 αὐτῆς
1394 3554 1770 3624 ἀντεχόμενοι.

351 3736 415 3789 Ὀ
447 3738 511 3805 τῇ
548 3733 707 3802 φύσει
730 3733 932 3803 ἀγαθὸς
960 3734 1059 3788 καὶ
1086 3735 1309 3804 ἀγαθῶν
1331 3735 1552 3790 πάντων
1586 3753 1849 3807 παρεκτι-

268 3827 365 3889 κὸς
396 3828 628 3895 γίνεται.

344 3920 558 3988 Ὥσπερ
594 3920 665 3973 τά
703 3919 875 3991 εὐώδη
906 3919 1016 3975 τῶν
1061 3920 1373 3990 ἀρωμάτων
1428 3922 1527 3992 τῆς
1565 3922 1700 3985 ἰδίας
1753 3922 1849 3981 εὐξ-

269 4013 467 4075 πνοίας
496 4013 587 4065 τὸν
615 4012 1023 4084 παρακείμενον
1070 4013 1207 4083 ἀέρα
1251 4013 1434 4085 πλήρη
1476 4015 1642 4079 ποιεῖ,
1675 4012 1850 4078 οὕτως

270 4102 465 4171 ἀνδρὸς
490 4102 698 4172 ἀγαθοῦ
728 4104 999 4174 παρουσία
1032 4104 1159 4166 τοὺς
1191 4105 1368 4169 πέλας
1396 4105 1659 4177 ὀνίνησιν.

350 4195 514 4249 ἰδιον
543 4197 745 4262 παντὸς
767 4196 973 4266 ἀγαθοῦ
997 4196 1059 4250 τὸ
1085 4196 1334 4267 ὠφελεῖν.

352 4380 535 4434 Ἔστω
567 4378 767 4449 (ἔσται)
802 4396 904 4433 που
932 4378 1152 4439 πάντως
1179 4377 1605 4448 γνωριμώτατος
1634 4380 1661 4431 6
1689 4378 1853 4448 φιλά-

277 4489 452 4541 ρετος,
511 4473 603 4525 καὶ
653 4473 894 4540 ἀρίστων
950 4471 1396 4541 ἐπιτηδευμάτων
1460 4471 1848 4541 άποτελεστής.

1926 590 2081 659 probi
2118 589 2521 658 ingredientur.

1995 680 2126 751 Sap.
2157 681 2271 736 Viri
2310 681 2435 735 boni
2479 680 2661 733 vivent
2688 688 2979 740 aeternum,
3011 688 3242 743 quorum
3292 686 3517 726 merces.

1927 768 1980 822 in
2010 769 2240 823 Domino
2273 781 2379 835 est,
2409 777 2464 822 et
2490 784 2620 824 cura
2657 766 2797 836 apud
2827 765 3217 829 celsissimum,
3244 762 3313 816 ob
3340 776 3522 831 quam~

1928 872 2147 913 causam
2171 875 2392 929 regnum
2419 861 2675 913 decorum
2702 857 3099 925 adipiscentur,
3120 860 3173 907 et
3212 851 3509 921 pulcherri-

1929 964 2075 1003 mum
2106 949 2351 1004 diadema
2384 951 2635 1005 manibus
2662 948 2882 1005 Domini
2903 947 2984 1002 eis
3012 946 3343 1014 imponetur,
3376 942 3528 1011 quia.

1928 1040 2150 1095 dextera
2180 1056 2276 1096 sua
2304 1049 2448 1112 teget
2482 1057 2599 1108 eos,
2633 1049 2687 1096 et
2718 1039 2944 1095 brachio
2982 1053 3083 1093 suo
3121 1035 3397 1091 defendet.

1998 1218 2193 1276 Justus
2218 1220 2264 1275 si
2304 1236 2369 1275 ex
2398 1220 2500 1275 hac
2527 1220 2635 1275 vita
2664 1216 2986 1281 decesserit,
3036 1216 3089 1269 in
3124 1213 3313 1284 requie
3360 1209 3511 1265 futu-

1930 1328 2026 1369 rus
2057 1322 2160 1369 est.
2252 1318 2255 1319 ⁷

2001 1406 2189 1462 Gratia
2214 1417 2268 1461 et
2298 1402 2677 1460 misericordia
2705 1402 2760 1457 in
2786 1401 2979 1459 electis
3009 1402 3154 1472 ejus,
3187 1412 3241 1459 et
3268 1404 3521 1461 visitatio

1931 1500 1986 1553 in
2016 1498 2223 1553 sanctis
2253 1498 2395 1567 ejus.

2002 1589 2173 1645 Eccli.
2206 1607 2390 1645 xxxix.
2426 1588 2493 1645 Ut
2533 1590 2671 1646 bona
2717 1592 2880 1649 bonis
2929 1609 2960 1649 a
3002 1592 3270 1665 principio
3320 1600 3531 1660 paratam

1931 1693 2080 1749 sunt,
2104 1684 2183 1738 sic
2207 1685 2348 1739 mala
2384 1685 2557 1742 malis.

1999 1776 2133 1831 Luc.
2163 1794 2235 1832 vi.
2283 1778 2386 1844 Qui
2446 1779 2623 1835 bonus
2653 1787 2735 1835 est
2764 1794 2829 1835 ex
2862 1780 3007 1834 bono
3052 1776 3236 1834 cordis
3270 1776 3357 1832 sui
3394 1776 3515 1831 tlte-

1859 1885 1904 1943 Β
1936 1885 2099 1927 sauro
2128 1872 2268 1926 bona
2301 1875 2521 1942 promit.

2004 1962 2144 2015 Tim.
2174 1979 2213 2017 ι.
2244 1964 2403 2019 Justo
2430 1968 2575 2021 nulla
2609 1966 2692 2022 lex
2726 1967 2983 2035 imposita
3018 1973 3121 2020 est.

2004 2054 2063 2110 8.
2096 2058 2309 2112 Basilii.
2338 2058 2522 2113 Bonus
2546 2061 2814 2116 bonorum
2847 2070 2933 2115 est
2963 2059 3212 2130 largitor.

2009 2150 2272 2220 Thcologi.
2312 2150 2473 2222 Virga
2508 2152 2633 2210 boni
2665 2155 2769 2208 viri
2820 2155 3012 2208 melior
3050 2164 3157 2221 est,
3183 2167 3345 2223 quam
3386 2154 3531 2208 maliv

1936 2243 2206 2296 laudatio.

2006 2336 2203 2403 Optimi
2243 2335 2386 2390 enim
2437 2336 2679 2393 externis
2725 2338 2890 2392 etiam
2936 2345 3067 2392 sunt
3121 2337 3273 2393 lenes
3318 2345 3374 2391 et
3411 2337 3511 2390 hu-

1937 2430 2101 2483 mani.

2012 2521 2141 2577 Boni
2190 2524 2337 2577 enim
2384 2524 2487 2577 viri
2534 2523 2620 2579 vel
2653 2524 2922 2594 asperitas
2956 2525 3094 2579 lenis
3136 2532 3242 2585 est.
3299 2532 3518 2593 propter

1938 2616 2251 2682 utilitatem,
2278 2632 2441 2685 qnam
2487 2617 2727 2670 continet
2757 2634 2771 2671 :
2799 2616 2924 2671 mali
2953 2624 3133 2669 autem
3168 2616 3329 2670 etiam
3368 2616 3531 2670 benio

1937 2710 2115 2779 gnitas
2145 2719 2396 2779 suspecta
2428 2720 2648 2780 propter
2676 2726 2884 2763 morum
2917 2710 3344 2780 improbitatem.

2020 2803 2214 2858 Nullus
2263 2804 2438 2857 bonus
2472 2804 2573 2856 nisi
2626 2804 2776 2857 solas
2823 2802 3001 2863 Dens;
3050 2803 3135 2856 his
3167 2803 3346 2856 verbis
3382 2800 3536 2870 ψιοῦ

1939 2904 2152 2945 summe
2196 2890 2398 2944 bonum
2433 2898 2518 2945 est
2550 2892 2818 2946 asseritur
2855 2891 2945 2945 Dei
2985 2892 3155 2946 solius
3186 2909 3328 2947 esse.

2011 2983 2069 3036 8.
2109 2985 2378 3054 Chrysou.
2420 2985 2733 3054 Spiritualis
2768 2987 2917 3038 oumi
2966 2986 3169 3039 malitia
3204 3003 3394 3041 carere
3426 2987 3537 3041 de--

1943 3076 2051 3137 bet,
2078 3078 2277 3130 astutia
2302 3088 2354 3130 et
2378 3077 2525 3140 dolo,
2565 3077 3288 3145 quemadmodumChristus
3315 3080 3524 3147 inquit:

1948 3185 1965 3216 ι
2002 3164 2118 3220 Nisi
2150 3170 2545 3222 convertamini
2575 3179 2630 3223 et
2655 3170 2830 3225 eﬂ'ecli
2865 3170 3079 3225 fueritis
3103 3172 3309 3224 similes
3338 3173 3539 3243 parvis-

1950 3261 2155 3328 pncris,
2193 3270 2300 3313 non
2338 3261 2634 3317 introibitis
2671 3278 2896 3331 regnum
2931 3263 3174 3317 creleste.
3220 3280 3237 3314 ι

2023 3353 2201 3419 Atque
2230 3352 2396 3405 robur
2424 3355 2642 3421 quidem
2694 3367 2884 3406 eorum
2915 3353 3027 3421 [qni
3076 3353 3325 3406 virtutem
3367 3368 3526 3407 exer-

1950 3453 2103 3510 cent,
2137 3445 2498 3500 admiratione
2527 3456 2783 3515 perpetua
2818 3446 3038 3515 dignum
3068 3454 3190 3510 est;
3225 3448 3542 3514 prmsertim-

1953 3552 2081 3592 vero
2113 3552 2236 3592 cum
2276 3538 2462 3593 multis
2504 3553 2622 3593 eam
2674 3540 3057 3595 deserentibus
3102 3540 3345 3594 nonnulli
3380 3557 3531 3608 repe-

1950 3631 2169 3684 riuntur
2200 3632 2289 3700 qui
2333 3631 2517 3686 virtuti
2547 3631 2943 3688 adhzerescant.

2023 3720 2180 3794 Greg.
2212 3722 2375 3793 Ny“.
2405 3724 2510 3790 Qui
2535 3734 2729 3781 natura
2757 3728 2935 3784 bonus
2964 3737 3068 3795 est,
3102 3727 3244 3784 idem
3286 3730 3350 3784 ad
3389 3729 3537 3784 bona

1951 3817 2134 3870 omnia
2170 3815 2449 3886 largienda
2484 3834 2791 3889 propensus
2824 3831 2929 3878 est.

2026 3904 2092 3959 Ut
2127 3905 2426 3977 fragrantia
2458 3919 2699 3965 aromata
2751 3928 2854 3967 suo
2902 3915 3076 3969 odore
3120 3915 3515 3971 circumfusum

1950 3999 2224 4070 complent
2260 4016 2467 4068 aerem,
2512 4003 2596 4059 sic
2625 4004 2752 4059 boni
2783 4005 2883 4060 viri
2921 4009 3209 4075 praesentia
3247 4011 3526 4077 ιιιυκίιιιο.

1945 4092 2121 4162 juvat.

2021 4184 2080 4239 8.
2118 4185 2325 4257 Cyriili.
2362 4189 2648 4259 Proprium
2700 4199 2787 4245 est
2837 4192 3103 4248 bonorum
3132 4197 3377 4250 omnium
3412 4197 3553 4251 aliis»

1950 4280 2234 4348 prodesse.

2025 4369 2140 4423 Erit
2170 4385 2301 4427 sane
2327 4373 2563 4429 maxime
2594 4374 2828 4447 insignis
2850 4377 3070 4433 virtutis
3093 4379 3291 4440 enitor,
3317 4392 3371 4434 ct
3401 4397 3547 4450 prato

1954 4463 2383 4522 clarissimorum
2410 4483 2633 4536 operum
2660 4479 2873 4525 auctor.
2893 4470 3364 4537 Quemadmodum
3388 4477 3532 4529 enim

277 4566 487 4635 Ὃνπερ
510 4565 619 4632 γὰρ
656 4564 857 4632 τρόπον
886 4563 955 4616 τὰ
988 4563 1096 4616 τῶν
1146 4563 1455 4634 ἀρωμάτων
1505 4564 1840 4634 εὐοσμότατα

1983 4553 2334 4613 νάοι-ειὶεείιιιε
2388 4568 2636 4615 aromata
2692 4572 2746 4616 et
2786 4562 3021 4629 eximia,
3069 4564 3280 4619 etiamsi
3313 4567 3365 4620 in
3396 4582 3527 4622 vase

277 4654 372 4705 καὶ
398 4652 675 4722 ἐξαίρετα,
705 4654 810 4713 κᾶν
851 4654 908 4705 ἐν
940 4652 1149 4722 ἀγγείῳ
1180 4653 1532 4723 κρύπτοιντο,
1565 4655 1665 4725 τῆς
1705 4654 1855 4709 ἐνού-

279 4764 379 4815 σης
414 4747 597 4809 αὐτοῖς
623 4746 891 4815 εὐοσμίας
921 4745 1231 4814 ἐμπίπλησι
1262 4746 1364 4815 τὴν
1410 4746 1682 4816 αἴσθησιν,
1730 4746 1857 4817 οὐχὶ

278 4839 336 4889 δέ
361 4853 463 4890 που
492 4836 673 4907 μόνοις
699 4837 812 4898 τοῖς
843 4835 1037 4903 ἐγγὺς,
1062 4834 1199 4888 ἀλλὰ
1223 4835 1331 4906 γὰρ
1360 4839 1453 4888 καὶ
1476 4839 1589 4897 τοῖς
1616 4838 1853 4907 μακράνο

279 4927 451 4990 οὕτως
491 4928 615 4981 ὁσία
639 4926 791 4997 ψυχὴ
826 4928 922 4980 καὶ⁵
950 4926 1242 4995 φιλάρετος
1263 4967 1277 4993 ,
1330 4929 1425 4980 καὶ
1458 4927 1569 4980 τῶν
1600 4929 1682 4991 είς
1705 4927 1858 4981 εὐσέ-

282 5018 431 5071 ϐειαν
462 5019 975 5087 ἀνδραγαθημάτων
1027 5018 1228 5089 ἔχουσα
1280 5018 1463 5086 λόγον,
1499 5019 1600 5072 κᾶν
1638 5020 1858 5090 λεληθό-

281 5131 408 5182 τως,
451 5117 628 5185 πάντη
654 5131 713 5168 τε
737 5116 830 5168 καὶ
860 5114 1079 5179 πάντως
1110 5114 1264 5170 ἔσται
1292 5117 1713 5187 γνωριμωτάτη.

349 5293 735 5365 Φιλάνθρωπος
766 5295 795 5346 6
824 5296 1040 5359 ἀστεῖος
1072 5296 1170 5348 καὶ
1196 5294 1451 5366 εὐμενὴς,
1487 5297 1581 5349 καὶ
1613 5296 1857 5366 συγγνώ-

288 5404 423 5454 μων,
473 5385 652 5438 οὐδενὶ
700 5386 1054 5457 μνησικακῶν
1109 5385 1170 5438 τὸ
1206 5388 1492 5456 παράπαν,
1531 5386 1667 5440 ἀλλά
1700 5391 1858 5459 νικᾷν

284 5481 407 5541 τοὺς
440 5477 671 5550 ἐχθροὺς
711 5477 901 5545 ἀξιῶν,
934 5479 995 5532 ἐν
1025 5477 1103 5549 τῷ
1135 5481 1312 5532 ποιεῖν
1338 5477 1399 5531 εὖ
1432 5478 1636 5546 μᾶλλον
1664 5480 1698 5551 ἢ
1726 5479 1857 5550 βλά-

284 5584 459 5621 πτειν.

356 5662 481 5723 Τοῖς
514 5660 741 5729 ἀγαθοῖς
798 5659 1015 5729 ἀγαθὰς
1066 5660 1291 5732 ὑπέχειν
1324 5661 1548 5733 γνώμας
1603 5664 1783 5718 ἔοικεν
1827 5668 1856 5719 6

286 5753 436 5816 Θεὸς,
460 5752 528 5804 δι’
558 5748 632 5806 ὧν
658 5752 995 5822 ὠφελοῦντες
1024 5752 1494 5823 ὠφεληθήσονται.

358 5844 585 5912 Ἄνδρες
608 5845 826 5912 ἀγαθοὶ,
856 5845 1263 5915 τροπικώτερον
1294 5845 1495 5912 εἰπεῖν,
1520 5844 1697 5923 κίονές
1720 5852 1846 5916 εἰσι,

1966 4648 2184 4705 condita
2210 4652 2338 4719 sint,
2376 4652 2671 4724 fragrantia
2699 4671 2796 4710 sua
2825 4668 3003 4711 tamen
3028 4660 3248 4727 explent
3270 4641 3539 4713 odorand5

1965 4754 2208 4807 sensum,
2250 4744 2408 4815 169
2432 4762 2536 4800 non
2565 4748 2738 4803 solum
2763 4764 2950 4803 eormn
2978 4749 3071 4820 qui
3104 4764 3272 4820 ιιι-ονε
3300 4751 3553 4813 adstant,

1965 4836 2061 4887 sed
2087 4835 2251 4889 etiam
2278 4852 2466 4891 eorum
2498 4840 2591 4908 qui
2621 4840 2839 4908 longius
2868 4842 3068 4896 semoti
3094 4853 3221 4896 sunt
3253 4858 3268 4895 :
3313 4844 3385 4896 ita
3417 4858 3541 4897 san-

1965 4931 2086 4978 ctus
2119 4925 2338 4979 animus
2374 4935 2427 4980 et
2462 4928 2681 4983 virtutis
2717 4929 2951 4998 cupidus
2972 4970 2986 4991 .
3029 4939 3084 4985 et
3114 4931 3344 4987 honeste
3373 4933 3553 4988 faeto—

1966 5032 2086 5071 rum
2114 5027 2167 5071 et
2191 5018 2256 5072 ad
2287 5020 2541 5089 pietatem
2570 5022 2959 5091 pertinentium
2991 5024 3258 5080 rationem
3309 5024 3536 5087 habens.

1966 5108 2048 5160 vel
2080 5108 2218 5162 nihil
2250 5109 2354 5163 tale
2393 5110 2662 5180 cogitans,
2689 5112 2947 5168 omnibus
2976 5114 3152 5169 modis
3182 5116 3289 5169 erit
3316 5116 3540 5169 nobilisu

1964 5200 2141 5256 simus
2177 5210 2230 5256 et
2260 5201 2624 5258 clarissimus.

2042 5296 2298 5351 Philonis.
2342 5295 2628 5353 Humanus
2660 5298 2905 5355 urbanus
2931 5309 2985 5354 et
3016 5302 3192 5353 comis
3211 5309 3265 5353 et
3290 5300 3357 5352 ad
3393 5300 3547 5369 igno-

1965 5389 2227 5441 scendum
2260 5402 2581 5457 propensus,
2607 5390 2811 5445 nullius
2840 5391 3067 5446 omnino
3090 5388 3305 5458 injuriae
3333 5405 3545 5445 memor

1964 5488 2069 5543 est,
2104 5480 2199 5535 sed
2233 5481 2451 5538 vincere
2493 5483 2682 5539 hostes
2713 5486 2867 5555 cupit
2898 5480 3317 5549 benefaciendo,
3370 5485 3565 5553 magis

1964 5588 2126 5643 quam
2155 5573 2423 5629 decndo.

2037 5664 2202 5721 Bonis
2244 5666 2388 5723 Deus
2416 5670 2557 5723 bona
2586 5668 2898 5739 suppeditat
2941 5674 2998 5720 et
3038 5665 3232 5720 inserit
3279 5665 3549 5731 consilia,

1966 5759 2189 5829 quibus,
2220 5776 2343 5815 cum
2378 5762 2503 5815 aliis
2526 5763 2760 5831 prosint,
2789 5760 2887 5830 ipsi
2909 5760 3143 5813 maxime
3166 5759 3451 5828 juvantur.

2041 5852 2149 5907 Viri
2184 5854 2332 5920 boni,
2375 5868 2431 5908 ιιι
2472 5855 2702 5927 figurate
2727 5854 2928 5913 dicam.
2960 5853 3224 5907 columnae
3249 5862 3394 5918 sunt,
3440 5866 3533 5920 po.
