  <div class='ocr_page' id='page_1' title='image "/cluster/home/n/w/nwhite01/storage/ocr_20150623/136/hvd.32044019208305/548.png"; bbox 0 0 3890 6560; ppageno 0'>
   <div class='ocr_carea' id='block_1_1' title="bbox 138 419 254 491">
    <p class='ocr_par' dir='ltr' id='par_1_1' title="bbox 138 419 254 491">
     <span class='ocr_line' id='line_1_1' title="bbox 138 419 254 491; baseline -0.078 0"><span class='ocrx_word' id='word_1_1' title='bbox 138 419 254 491; x_wconf 80' lang='grc'><strong>1081</strong></span> 
     </span>
    </p>
   </div>
   <div class='ocr_carea' id='block_1_2' title="bbox 879 410 2567 479">
    <p class='ocr_par' dir='ltr' id='par_1_2' title="bbox 879 410 2567 479">
     <span class='ocr_line' id='line_1_2' title="bbox 879 410 2567 479; baseline 0 -3"><span class='ocrx_word' id='word_1_2' title='bbox 879 415 1046 476; x_wconf 87' lang='lat' dir='ltr'><strong>LOCI</strong></span> <span class='ocrx_word' id='word_1_3' title='bbox 1079 412 1522 479; x_wconf 85' lang='lat' dir='ltr'><strong>COMMUNES.</strong></span> <span class='ocrx_word' id='word_1_4' title='bbox 1557 440 1630 452; x_wconf 91' lang='grc'><strong><em>-</em></strong></span> <span class='ocrx_word' id='word_1_5' title='bbox 1660 416 1856 478; x_wconf 83' lang='lat' dir='ltr'><strong>PARS</strong></span> <span class='ocrx_word' id='word_1_6' title='bbox 1893 412 1977 478; x_wconf 89' lang='grc' dir='ltr'><strong>Ιῐ.</strong></span> <span class='ocrx_word' id='word_1_7' title='bbox 2022 410 2280 476; x_wconf 83' lang='lat' dir='ltr'><strong>SERMO</strong></span> <span class='ocrx_word' id='word_1_8' title='bbox 2318 412 2567 476; x_wconf 80' lang='lat' dir='ltr'><strong>XXXII.</strong></span> 
     </span>
    </p>
   </div>
   <div class='ocr_carea' id='block_1_3' title="bbox 3239 413 3374 479">
    <p class='ocr_par' dir='ltr' id='par_1_3' title="bbox 3239 413 3374 479">
     <span class='ocr_line' id='line_1_3' title="bbox 3239 413 3374 479; baseline 0.022 -3"><span class='ocrx_word' id='word_1_9' title='bbox 3239 413 3256 476; x_wconf 90' lang='lat' dir='ltr'><strong>l</strong></span> <span class='ocrx_word' id='word_1_10' title='bbox 3267 413 3374 479; x_wconf 77' lang='grc'><strong>032</strong></span> 
     </span>
    </p>
   </div>
   <div class='ocr_carea' id='block_1_4' title="bbox 205 529 1691 604">
    <p class='ocr_par' dir='ltr' id='par_1_4' title="bbox 205 530 1691 603">
     <span class='ocr_line' id='line_1_4' title="bbox 205 530 1691 603; baseline -0.003 -15"><span class='ocrx_word' id='word_1_11' title='bbox 205 536 294 596; x_wconf 87' lang='grc' dir='ltr'>’ος</span> <span class='ocrx_word' id='word_1_12' title='bbox 325 533 532 587; x_wconf 86' lang='grc' dir='ltr'>δίκαιον</span> <span class='ocrx_word' id='word_1_13' title='bbox 552 532 738 603; x_wconf 84' lang='grc' dir='ltr'>’κρίνει</span> <span class='ocrx_word' id='word_1_14' title='bbox 789 530 881 586; x_wconf 81' lang='grc' dir='ltr'>τδν</span> <span class='ocrx_word' id='word_1_15' title='bbox 919 531 1125 597; x_wconf 77' lang='grc' dir='ltr'>ἄδικον,</span> <span class='ocrx_word' id='word_1_16' title='bbox 1144 533 1328 588; x_wconf 81' lang='grc' dir='ltr'>ἄδικον</span> <span class='ocrx_word' id='word_1_17' title='bbox 1363 531 1420 585; x_wconf 75' lang='grc' dir='ltr'>δὲ</span> <span class='ocrx_word' id='word_1_18' title='bbox 1470 531 1562 584; x_wconf 85' lang='grc' dir='ltr'>τδν</span> <span class='ocrx_word' id='word_1_19' title='bbox 1618 531 1691 584; x_wconf 84' lang='grc' dir='ltr'>δί-</span> 
     </span>
    </p>
   </div>
   <div class='ocr_carea' id='block_1_5' title="bbox 1829 529 3378 604">
    <p class='ocr_par' dir='ltr' id='par_1_5' title="bbox 1875 529 3378 603">
     <span class='ocr_line' id='line_1_5' title="bbox 1875 529 3378 603; baseline 0.001 -20"><span class='ocrx_word' id='word_1_20' title='bbox 1875 531 1976 599; x_wconf 86' lang='lat' dir='ltr'><strong>Qui</strong></span> <span class='ocrx_word' id='word_1_21' title='bbox 2027 531 2234 600; x_wconf 82' lang='lat' dir='ltr'><strong>justum</strong></span> <span class='ocrx_word' id='word_1_22' title='bbox 2285 529 2554 600; x_wconf 81' lang='lat' dir='ltr'><strong>injuslum</strong></span> <span class='ocrx_word' id='word_1_23' title='bbox 2600 529 2852 600; x_wconf 63' lang='lat' dir='ltr'><strong>jttilicat:</strong></span> <span class='ocrx_word' id='word_1_24' title='bbox 2891 531 3230 599; x_wconf 66' lang='lat' dir='ltr'><strong>etinittstum</strong></span> <span class='ocrx_word' id='word_1_25' title='bbox 3289 536 3378 603; x_wconf 82' lang='lat' dir='ltr'><strong>jn-</strong></span> 
     </span>
    </p>
   </div>
   <div class='ocr_carea' id='block_1_6' title="bbox 133 623 1479 698">
    <p class='ocr_par' dir='ltr' id='par_1_6' title="bbox 133 623 1479 698">
     <span class='ocr_line' id='line_1_6' title="bbox 133 623 1479 698; baseline -0.008 -14"><span class='ocrx_word' id='word_1_26' title='bbox 133 646 296 692; x_wconf 75' lang='lat' dir='ltr'><strong>ttatov,</strong></span> <span class='ocrx_word' id='word_1_27' title='bbox 325 627 631 698; x_wconf 76' lang='grc' dir='ltr'><strong>ἀκάθαρτος</strong></span> <span class='ocrx_word' id='word_1_28' title='bbox 656 625 753 680; x_wconf 81' lang='grc' dir='ltr'>καὶ</span> <span class='ocrx_word' id='word_1_29' title='bbox 784 623 1070 696; x_wconf 86' lang='grc' dir='ltr'>βδελυκτὸς</span> <span class='ocrx_word' id='word_1_30' title='bbox 1093 626 1244 695; x_wconf 87' lang='grc' dir='ltr'><strong>παρά</strong></span> <span class='ocrx_word' id='word_1_31' title='bbox 1267 623 1479 694; x_wconf 81' lang='grc' dir='ltr'>Κυρίῳ.</span> 
     </span>
    </p>
   </div>
   <div class='ocr_carea' id='block_1_7' title="bbox 195 794 1691 870">
    <p class='ocr_par' dir='ltr' id='par_1_7' title="bbox 195 794 1691 870">
     <span class='ocr_line' id='line_1_7' title="bbox 195 794 1691 870; baseline -0.003 -18"><span class='ocrx_word' id='word_1_32' title='bbox 195 801 329 854; x_wconf 78' lang='grc' dir='ltr'>Τάδε</span> <span class='ocrx_word' id='word_1_33' title='bbox 382 801 530 868; x_wconf 83' lang='grc' dir='ltr'>λέγει</span> <span class='ocrx_word' id='word_1_34' title='bbox 588 798 794 870; x_wconf 84' lang='grc' dir='ltr'>Κύριος</span> <span class='ocrx_word' id='word_1_35' title='bbox 839 797 1271 868; x_wconf 78' lang='grc' dir='ltr'>παντοκράτωρ⁶</span> <span class='ocrx_word' id='word_1_36' title='bbox 1328 795 1494 848; x_wconf 78' lang='grc' dir='ltr'>Αὐτοὶ</span> <span class='ocrx_word' id='word_1_37' title='bbox 1542 794 1691 848; x_wconf 74' lang='grc' dir='ltr'>οἰκο-</span> 
     </span>
    </p>
   </div>
   <div class='ocr_carea' id='block_1_8' title="bbox 139 887 1694 963">
    <p class='ocr_par' dir='ltr' id='par_1_8' title="bbox 139 887 1694 963">
     <span class='ocr_line' id='line_1_8' title="bbox 139 887 1694 963; baseline -0.005 -18"><span class='ocrx_word' id='word_1_38' title='bbox 139 894 460 963; x_wconf 72' lang='grc' dir='ltr'>εομήσουσι,</span> <span class='ocrx_word' id='word_1_39' title='bbox 507 891 662 962; x_wconf 85' lang='grc' dir='ltr'><strong>κάγὼ</strong></span> <span class='ocrx_word' id='word_1_40' title='bbox 722 890 1112 962; x_wconf 65' lang='grc' dir='ltr'>καταστρέφω·</span> <span class='ocrx_word' id='word_1_41' title='bbox 1175 888 1274 944; x_wconf 74' lang='grc' dir='ltr'>καὶ</span> <span class='ocrx_word' id='word_1_42' title='bbox 1328 887 1694 956; x_wconf 78' lang='grc' dir='ltr'>ἐπικληθήσε-</span> 
     </span>
    </p>
   </div>
   <div class='ocr_carea' id='block_1_9' title="bbox 133 977 1690 1054">
    <p class='ocr_par' dir='ltr' id='par_1_9' title="bbox 133 977 1690 1054">
     <span class='ocr_line' id='line_1_9' title="bbox 133 977 1690 1054; baseline -0.004 -17"><span class='ocrx_word' id='word_1_43' title='bbox 133 1003 212 1038; x_wconf 83' lang='grc' dir='ltr'><strong>ται</strong></span> <span class='ocrx_word' id='word_1_44' title='bbox 247 981 433 1046; x_wconf 76' lang='grc' dir='ltr'>αὐτοῖς</span> <span class='ocrx_word' id='word_1_45' title='bbox 477 983 599 1054; x_wconf 84' lang='grc' dir='ltr'>ὅρια</span> <span class='ocrx_word' id='word_1_46' title='bbox 651 981 901 1052; x_wconf 84' lang='grc' dir='ltr'>ἀνομίας,</span> <span class='ocrx_word' id='word_1_47' title='bbox 940 982 1038 1037; x_wconf 72' lang='grc' dir='ltr'>καὶ</span> <span class='ocrx_word' id='word_1_48' title='bbox 1065 979 1195 1044; x_wconf 79' lang='grc' dir='ltr'>λαὸς</span> <span class='ocrx_word' id='word_1_49' title='bbox 1228 980 1314 1048; x_wconf 79' lang='grc' dir='ltr'><strong>ἐφ’</strong></span> <span class='ocrx_word' id='word_1_50' title='bbox 1343 981 1402 1033; x_wconf 84' lang='grc' dir='ltr'><strong>ὃν</strong></span> <span class='ocrx_word' id='word_1_51' title='bbox 1445 977 1690 1048; x_wconf 77' lang='grc' dir='ltr'>παρατέο</span> 
     </span>
    </p>
   </div>
   <div class='ocr_carea' id='block_1_10' title="bbox 133 1069 1691 1144">
    <p class='ocr_par' dir='ltr' id='par_1_10' title="bbox 133 1069 1691 1144">
     <span class='ocr_line' id='line_1_10' title="bbox 133 1069 1691 1144; baseline -0.002 -21"><span class='ocrx_word' id='word_1_52' title='bbox 133 1091 320 1127; x_wconf 69' lang='grc' dir='ltr'>τακται</span> <span class='ocrx_word' id='word_1_53' title='bbox 360 1074 567 1144; x_wconf 81' lang='grc' dir='ltr'>Κύριος</span> <span class='ocrx_word' id='word_1_54' title='bbox 628 1073 734 1136; x_wconf 80' lang='grc' dir='ltr'>ἓως</span> <span class='ocrx_word' id='word_1_55' title='bbox 785 1071 1004 1138; x_wconf 77' lang='grc' dir='ltr'>αἰῶνος,</span> <span class='ocrx_word' id='word_1_56' title='bbox 1055 1073 1117 1125; x_wconf 83' lang='grc' dir='ltr'>οὐ</span> <span class='ocrx_word' id='word_1_57' title='bbox 1153 1071 1228 1142; x_wconf 81' lang='grc' dir='ltr'>μὴ</span> <span class='ocrx_word' id='word_1_58' title='bbox 1266 1070 1429 1142; x_wconf 77' lang='grc' dir='ltr'>μείνῃ</span> <span class='ocrx_word' id='word_1_59' title='bbox 1481 1073 1563 1133; x_wconf 76' lang='grc' dir='ltr'>εἰς</span> <span class='ocrx_word' id='word_1_60' title='bbox 1598 1069 1691 1121; x_wconf 83' lang='grc' dir='ltr'><strong>τὸν</strong></span> 
     </span>
    </p>
   </div>
   <div class='ocr_carea' id='block_1_11' title="bbox 133 1163 1061 1234">
    <p class='ocr_par' dir='ltr' id='par_1_11' title="bbox 133 1163 1061 1234">
     <span class='ocr_line' id='line_1_11' title="bbox 133 1163 1061 1234; baseline 0.002 -16"><span class='ocrx_word' id='word_1_61' title='bbox 133 1167 294 1218; x_wconf 62' lang='grc' dir='ltr'>αίῶνα</span> <span class='ocrx_word' id='word_1_62' title='bbox 320 1163 512 1233; x_wconf 84' lang='grc' dir='ltr'>χρόνου</span> <span class='ocrx_word' id='word_1_63' title='bbox 546 1164 770 1234; x_wconf 82' lang='grc' dir='ltr'>σπέρμα</span> <span class='ocrx_word' id='word_1_64' title='bbox 804 1165 1061 1234; x_wconf 81' lang='grc' dir='ltr'>πονηρόν.</span> 
     </span>
    </p>
   </div>
   <div class='ocr_carea' id='block_1_12' title="bbox 203 1251 1691 1325">
    <p class='ocr_par' dir='ltr' id='par_1_12' title="bbox 203 1251 1691 1325">
     <span class='ocr_line' id='line_1_12' title="bbox 203 1251 1691 1325; baseline -0.003 -17"><span class='ocrx_word' id='word_1_65' title='bbox 203 1254 299 1308; x_wconf 84' lang='grc' dir='ltr'>Ἐκ</span> <span class='ocrx_word' id='word_1_66' title='bbox 329 1256 641 1325; x_wconf 80' lang='grc' dir='ltr'>σπέρματος</span> <span class='ocrx_word' id='word_1_67' title='bbox 688 1254 867 1324; x_wconf 73' lang='grc' dir='ltr'>ὄφεως</span> <span class='ocrx_word' id='word_1_68' title='bbox 896 1255 1241 1322; x_wconf 79' lang='grc' dir='ltr'>ἐξελεύσεται</span> <span class='ocrx_word' id='word_1_69' title='bbox 1282 1255 1482 1325; x_wconf 77' lang='grc' dir='ltr'>ἔγγονα</span> <span class='ocrx_word' id='word_1_70' title='bbox 1524 1251 1691 1307; x_wconf 83' lang='grc' dir='ltr'>ἀσπί-</span> 
     </span>
    </p>
   </div>
   <div class='ocr_carea' id='block_1_13' title="bbox 128 1346 1414 1418">
    <p class='ocr_par' dir='ltr' id='par_1_13' title="bbox 128 1346 1414 1418">
     <span class='ocr_line' id='line_1_13' title="bbox 128 1346 1414 1418; baseline 0.006 -24"><span class='ocrx_word' id='word_1_71' title='bbox 128 1347 222 1396; x_wconf 78' lang='grc' dir='ltr'><strong>δων</strong></span> <span class='ocrx_word' id='word_1_72' title='bbox 249 1384 267 1408; x_wconf 90' lang='grc'><strong>,</strong></span> <span class='ocrx_word' id='word_1_73' title='bbox 301 1347 368 1398; x_wconf 84' lang='grc' dir='ltr'><strong>τά</strong></span> <span class='ocrx_word' id='word_1_74' title='bbox 406 1347 460 1399; x_wconf 83' lang='grc' dir='ltr'>δὲ</span> <span class='ocrx_word' id='word_1_75' title='bbox 495 1346 691 1415; x_wconf 77' lang='grc' dir='ltr'>ἔγγονα</span> <span class='ocrx_word' id='word_1_76' title='bbox 717 1347 898 1399; x_wconf 86' lang='grc' dir='ltr'>αὐτῶν</span> <span class='ocrx_word' id='word_1_77' title='bbox 923 1349 1074 1416; x_wconf 80' lang='grc' dir='ltr'>δφεις</span> <span class='ocrx_word' id='word_1_78' title='bbox 1104 1347 1414 1418; x_wconf 83' lang='grc' dir='ltr'><strong>πετόμενοι.</strong></span> 
     </span>
    </p>
   </div>
   <div class='ocr_carea' id='block_1_14' title="bbox 194 1437 1694 1515">
    <p class='ocr_par' dir='ltr' id='par_1_14' title="bbox 194 1437 1694 1515">
     <span class='ocr_line' id='line_1_14' title="bbox 194 1437 1694 1515; baseline 0.006 -26"><span class='ocrx_word' id='word_1_79' title='bbox 194 1437 274 1490; x_wconf 84' lang='grc' dir='ltr'><strong>Τά</strong></span> <span class='ocrx_word' id='word_1_80' title='bbox 305 1438 679 1509; x_wconf 82' lang='grc' dir='ltr'>ἁμαρτήματα</span> <span class='ocrx_word' id='word_1_81' title='bbox 712 1440 870 1509; x_wconf 83' lang='grc' dir='ltr'>ἡμῶν</span> <span class='ocrx_word' id='word_1_82' title='bbox 904 1440 1170 1509; x_wconf 80' lang='grc' dir='ltr'><strong>διίστησιν</strong></span> <span class='ocrx_word' id='word_1_83' title='bbox 1202 1441 1305 1495; x_wconf 81' lang='grc' dir='ltr'><strong>ἀνὰ</strong></span> <span class='ocrx_word' id='word_1_84' title='bbox 1337 1444 1501 1512; x_wconf 86' lang='grc' dir='ltr'><strong>μέσον</strong></span> <span class='ocrx_word' id='word_1_85' title='bbox 1534 1443 1694 1515; x_wconf 82' lang='grc' dir='ltr'>ήμῶν</span> 
     </span>
    </p>
   </div>
   <div class='ocr_carea' id='block_1_15' title="bbox 126 1529 1695 1604">
    <p class='ocr_par' dir='ltr' id='par_1_15' title="bbox 126 1529 1695 1604">
     <span class='ocr_line' id='line_1_15' title="bbox 126 1529 1695 1604; baseline 0.005 -23"><span class='ocrx_word' id='word_1_86' title='bbox 126 1533 210 1581; x_wconf 69' lang='grc' dir='ltr'>καὶ</span> <span class='ocrx_word' id='word_1_87' title='bbox 258 1530 355 1582; x_wconf 79' lang='grc' dir='ltr'><strong>τοῦ</strong></span> <span class='ocrx_word' id='word_1_88' title='bbox 402 1529 535 1583; x_wconf 82' lang='grc' dir='ltr'>Θεοῦ</span> <span class='ocrx_word' id='word_1_89' title='bbox 563 1572 578 1596; x_wconf 93' lang='grc'><strong>,</strong></span> <span class='ocrx_word' id='word_1_90' title='bbox 642 1533 736 1584; x_wconf 78' lang='grc' dir='ltr'>καὶ</span> <span class='ocrx_word' id='word_1_91' title='bbox 778 1531 866 1583; x_wconf 79' lang='grc' dir='ltr'><strong>διὰ</strong></span> <span class='ocrx_word' id='word_1_92' title='bbox 902 1531 1000 1594; x_wconf 84' lang='grc' dir='ltr'><strong>τὰς</strong></span> <span class='ocrx_word' id='word_1_93' title='bbox 1045 1533 1277 1602; x_wconf 80' lang='grc' dir='ltr'><strong>ἀνομίας</strong></span> <span class='ocrx_word' id='word_1_94' title='bbox 1333 1534 1492 1604; x_wconf 78' lang='grc' dir='ltr'>ἡμῶν</span> <span class='ocrx_word' id='word_1_95' title='bbox 1557 1536 1695 1589; x_wconf 82' lang='grc' dir='ltr'>ἀπέ-</span> 
     </span>
    </p>
   </div>
   <div class='ocr_carea' id='block_1_16' title="bbox 126 1620 1684 1700">
    <p class='ocr_par' dir='ltr' id='par_1_16' title="bbox 126 1620 1684 1700">
     <span class='ocr_line' id='line_1_16' title="bbox 126 1620 1684 1700; baseline 0.007 -29"><span class='ocrx_word' id='word_1_96' title='bbox 126 1620 320 1692; x_wconf 77' lang='grc' dir='ltr'>στρεψε</span> <span class='ocrx_word' id='word_1_97' title='bbox 351 1621 413 1675; x_wconf 85' lang='grc' dir='ltr'>τὸ</span> <span class='ocrx_word' id='word_1_98' title='bbox 444 1623 736 1695; x_wconf 84' lang='grc' dir='ltr'>πρόσωπον</span> <span class='ocrx_word' id='word_1_99' title='bbox 764 1624 928 1678; x_wconf 75' lang='grc' dir='ltr'>αὑτοῦ</span> <span class='ocrx_word' id='word_1_100' title='bbox 962 1625 1055 1696; x_wconf 81' lang='grc' dir='ltr'>ἀφ’</span> <span class='ocrx_word' id='word_1_101' title='bbox 1092 1625 1270 1696; x_wconf 83' lang='grc' dir='ltr'>ἡμῶν,</span> <span class='ocrx_word' id='word_1_102' title='bbox 1298 1625 1393 1678; x_wconf 76' lang='grc' dir='ltr'>τοῦ</span> <span class='ocrx_word' id='word_1_103' title='bbox 1427 1627 1502 1698; x_wconf 81' lang='grc' dir='ltr'>μὴ</span> <span class='ocrx_word' id='word_1_104' title='bbox 1534 1627 1684 1700; x_wconf 83' lang='grc' dir='ltr'>ὲλεῆ·</span> 
     </span>
    </p>
   </div>
   <div class='ocr_carea' id='block_1_17' title="bbox 128 1733 226 1768">
    <p class='ocr_par' dir='ltr' id='par_1_17' title="bbox 128 1733 226 1768">
     <span class='ocr_line' id='line_1_17' title="bbox 128 1733 226 1768; baseline 0.02 -2"><span class='ocrx_word' id='word_1_105' title='bbox 128 1733 226 1768; x_wconf 82' lang='grc' dir='ltr'>σαι.</span> 
     </span>
    </p>
   </div>
   <div class='ocr_carea' id='block_1_18' title="bbox 185 1805 1690 1878">
    <p class='ocr_par' dir='ltr' id='par_1_18' title="bbox 185 1805 1690 1878">
     <span class='ocr_line' id='line_1_18' title="bbox 185 1805 1690 1878; baseline 0.003 -21"><span class='ocrx_word' id='word_1_106' title='bbox 185 1805 310 1860; x_wconf 71' lang='grc' dir='ltr'>Υἱοὶ</span> <span class='ocrx_word' id='word_1_107' title='bbox 336 1805 568 1875; x_wconf 77' lang='grc' dir='ltr'>ἄφρονές</span> <span class='ocrx_word' id='word_1_108' title='bbox 602 1806 731 1869; x_wconf 75' lang='grc' dir='ltr'>εἰσι,</span> <span class='ocrx_word' id='word_1_109' title='bbox 764 1806 858 1858; x_wconf 71' lang='grc' dir='ltr'>καὶ</span> <span class='ocrx_word' id='word_1_110' title='bbox 888 1806 950 1858; x_wconf 67' lang='grc' dir='ltr'>οὗ</span> <span class='ocrx_word' id='word_1_111' title='bbox 1007 1808 1241 1872; x_wconf 71' lang='grc' dir='ltr'>συνετοὶ,</span> <span class='ocrx_word' id='word_1_112' title='bbox 1270 1806 1424 1878; x_wconf 82' lang='grc' dir='ltr'>σοφοὶ</span> <span class='ocrx_word' id='word_1_113' title='bbox 1454 1807 1549 1864; x_wconf 77' lang='grc' dir='ltr'>τοῦ</span> <span class='ocrx_word' id='word_1_114' title='bbox 1587 1827 1690 1864; x_wconf 88' lang='grc' dir='ltr'>κα-</span> 
     </span>
    </p>
   </div>
   <div class='ocr_carea' id='block_1_19' title="bbox 121 1897 1523 1969">
    <p class='ocr_par' dir='ltr' id='par_1_19' title="bbox 121 1897 1523 1969">
     <span class='ocr_line' id='line_1_19' title="bbox 121 1897 1523 1969; baseline 0.004 -19"><span class='ocrx_word' id='word_1_115' title='bbox 121 1899 406 1967; x_wconf 73' lang='grc' dir='ltr'>κοποιῆσαι</span> <span class='ocrx_word' id='word_1_116' title='bbox 427 1915 443 1930; x_wconf 91' lang='grc'><strong>·</strong></span> <span class='ocrx_word' id='word_1_117' title='bbox 473 1898 532 1950; x_wconf 80' lang='grc' dir='ltr'>τὸ</span> <span class='ocrx_word' id='word_1_118' title='bbox 565 1898 622 1950; x_wconf 81' lang='grc' dir='ltr'>δὲ</span> <span class='ocrx_word' id='word_1_119' title='bbox 655 1897 835 1962; x_wconf 83' lang='grc' dir='ltr'>καλῶς</span> <span class='ocrx_word' id='word_1_120' title='bbox 867 1897 1088 1969; x_wconf 84' lang='grc' dir='ltr'>ποιῆσαι</span> <span class='ocrx_word' id='word_1_121' title='bbox 1116 1898 1214 1952; x_wconf 74' lang='grc' dir='ltr'>οὐκ</span> <span class='ocrx_word' id='word_1_122' title='bbox 1250 1899 1523 1968; x_wconf 74' lang='grc' dir='ltr'>ἔγνωσαν.</span> 
     </span>
    </p>
   </div>
   <div class='ocr_carea' id='block_1_20' title="bbox 180 1975 1689 2061">
    <p class='ocr_par' dir='ltr' id='par_1_20' title="bbox 180 1975 1689 2061">
     <span class='ocr_line' id='line_1_20' title="bbox 180 1975 1689 2061; baseline 0.005 -20"><span class='ocrx_word' id='word_1_123' title='bbox 180 1990 263 2041; x_wconf 74' lang='grc' dir='ltr'><strong>Τὰ</strong></span> <span class='ocrx_word' id='word_1_124' title='bbox 298 1991 436 2058; x_wconf 77' lang='grc' dir='ltr'>ἔργα</span> <span class='ocrx_word' id='word_1_125' title='bbox 469 1990 650 2043; x_wconf 80' lang='grc' dir='ltr'>αὐτῶν</span> <span class='ocrx_word' id='word_1_126' title='bbox 683 1991 820 2061; x_wconf 80' lang='grc' dir='ltr'>ἔργα</span> <span class='ocrx_word' id='word_1_127' title='bbox 851 1991 1064 2061; x_wconf 77' lang='grc' dir='ltr'>ἄνομαο</span> <span class='ocrx_word' id='word_1_128' title='bbox 1097 1992 1191 2046; x_wconf 78' lang='grc' dir='ltr'>καὶ</span> <span class='ocrx_word' id='word_1_129' title='bbox 1235 1994 1284 2044; x_wconf 79' lang='lat' dir='ltr'><strong>oi</strong></span> <span class='ocrx_word' id='word_1_130' title='bbox 1314 1993 1472 2057; x_wconf 83' lang='grc' dir='ltr'>πόδες</span> <span class='ocrx_word' id='word_1_131' title='bbox 1507 1975 1689 2049; x_wconf 80' lang='grc' dir='ltr'>αὐτῶν</span> 
     </span>
    </p>
   </div>
   <div class='ocr_carea' id='block_1_21' title="bbox 119 2083 772 2152">
    <p class='ocr_par' dir='ltr' id='par_1_21' title="bbox 119 2083 772 2152">
     <span class='ocr_line' id='line_1_21' title="bbox 119 2083 772 2152; baseline 0.005 -19"><span class='ocrx_word' id='word_1_132' title='bbox 119 2084 191 2143; x_wconf 79' lang='grc' dir='ltr'><strong>εἰς</strong></span> <span class='ocrx_word' id='word_1_133' title='bbox 226 2083 434 2135; x_wconf 82' lang='grc' dir='ltr'>κακίαν</span> <span class='ocrx_word' id='word_1_134' title='bbox 460 2083 772 2152; x_wconf 85' lang='grc' dir='ltr'>τρέχουσιν.</span> 
     </span>
    </p>
   </div>
   <div class='ocr_carea' id='block_1_22' title="bbox 180 2172 1690 2247">
    <p class='ocr_par' dir='ltr' id='par_1_22' title="bbox 180 2172 1690 2247">
     <span class='ocr_line' id='line_1_22' title="bbox 180 2172 1690 2247; baseline 0.003 -21"><span class='ocrx_word' id='word_1_135' title='bbox 180 2172 240 2226; x_wconf 79' lang='grc' dir='ltr'><strong>Εἰ</strong></span> <span class='ocrx_word' id='word_1_136' title='bbox 277 2173 570 2238; x_wconf 55' lang='lat' dir='ltr'><strong>amem:</strong></span> <span class='ocrx_word' id='word_1_137' title='bbox 599 2173 794 2242; x_wconf 78' lang='grc' dir='ltr'>Αίθίοψ</span> <span class='ocrx_word' id='word_1_138' title='bbox 822 2174 883 2227; x_wconf 79' lang='grc' dir='ltr'>τὸ</span> <span class='ocrx_word' id='word_1_139' title='bbox 915 2174 1091 2245; x_wconf 79' lang='grc' dir='ltr'>δέρμα</span> <span class='ocrx_word' id='word_1_140' title='bbox 1124 2173 1312 2240; x_wconf 83' lang='grc' dir='ltr'>αὐτοῦ,</span> <span class='ocrx_word' id='word_1_141' title='bbox 1344 2177 1442 2229; x_wconf 78' lang='grc' dir='ltr'>καὶ</span> <span class='ocrx_word' id='word_1_142' title='bbox 1483 2177 1690 2247; x_wconf 83' lang='grc' dir='ltr'>πάρδα-</span> 
     </span>
    </p>
   </div>
   <div class='ocr_carea' id='block_1_23' title="bbox 116 2264 1688 2341">
    <p class='ocr_par' dir='ltr' id='par_1_23' title="bbox 116 2264 1688 2341">
     <span class='ocr_line' id='line_1_23' title="bbox 116 2264 1688 2341; baseline 0.006 -25"><span class='ocrx_word' id='word_1_143' title='bbox 116 2266 188 2326; x_wconf 78' lang='grc' dir='ltr'><strong>λις</strong></span> <span class='ocrx_word' id='word_1_144' title='bbox 223 2264 296 2317; x_wconf 74' lang='grc' dir='ltr'>τὰ</span> <span class='ocrx_word' id='word_1_145' title='bbox 338 2267 675 2336; x_wconf 77' lang='grc' dir='ltr'><strong>ποικίλματα</strong></span> <span class='ocrx_word' id='word_1_146' title='bbox 707 2269 901 2338; x_wconf 68' lang='grc' dir='ltr'>αὐτῆς,</span> <span class='ocrx_word' id='word_1_147' title='bbox 948 2269 1042 2321; x_wconf 78' lang='grc' dir='ltr'>καὶ</span> <span class='ocrx_word' id='word_1_148' title='bbox 1086 2267 1245 2338; x_wconf 76' lang='grc' dir='ltr'>ὑμεῖς</span> <span class='ocrx_word' id='word_1_149' title='bbox 1283 2269 1581 2341; x_wconf 80' lang='grc' dir='ltr'>δυνήσεσθε</span> <span class='ocrx_word' id='word_1_150' title='bbox 1629 2267 1688 2326; x_wconf 82' lang='grc' dir='ltr'>εὖ</span> 
     </span>
    </p>
   </div>
   <div class='ocr_carea' id='block_1_24' title="bbox 117 2358 933 2430">
    <p class='ocr_par' dir='ltr' id='par_1_24' title="bbox 117 2358 933 2430">
     <span class='ocr_line' id='line_1_24' title="bbox 117 2358 933 2430; baseline 0.004 -21"><span class='ocrx_word' id='word_1_151' title='bbox 117 2358 335 2425; x_wconf 78' lang='grc' dir='ltr'>ποιῆσαι</span> <span class='ocrx_word' id='word_1_152' title='bbox 374 2358 758 2430; x_wconf 76' lang='grc' dir='ltr'>μεμαθηκότες</span> <span class='ocrx_word' id='word_1_153' title='bbox 786 2358 933 2412; x_wconf 82' lang='grc' dir='ltr'><strong>κακά</strong></span> 
     </span>
    </p>
   </div>
   <div class='ocr_carea' id='block_1_25' title="bbox 178 2451 1473 2523">
    <p class='ocr_par' dir='ltr' id='par_1_25' title="bbox 178 2451 1473 2523">
     <span class='ocr_line' id='line_1_25' title="bbox 178 2451 1473 2523; baseline 0.002 -21"><span class='ocrx_word' id='word_1_154' title='bbox 178 2451 399 2513; x_wconf 84' lang='grc' dir='ltr'>Πτῶσις</span> <span class='ocrx_word' id='word_1_155' title='bbox 425 2451 577 2520; x_wconf 87' lang='grc' dir='ltr'><strong>κακῷ</strong></span> <span class='ocrx_word' id='word_1_156' title='bbox 604 2451 746 2505; x_wconf 79' lang='grc' dir='ltr'>κατὰ</span> <span class='ocrx_word' id='word_1_157' title='bbox 776 2452 1013 2523; x_wconf 81' lang='grc' dir='ltr'>σπουδὴν</span> <span class='ocrx_word' id='word_1_158' title='bbox 1043 2451 1184 2523; x_wconf 75' lang='grc' dir='ltr'>ἥξει.</span> <span class='ocrx_word' id='word_1_159' title='bbox 1467 2495 1473 2504; x_wconf 81' lang='lat'><strong><em>,</em></strong></span> 
     </span>
    </p>
   </div>
   <div class='ocr_carea' id='block_1_26' title="bbox 185 2542 1689 2613">
    <p class='ocr_par' dir='ltr' id='par_1_26' title="bbox 185 2542 1689 2613">
     <span class='ocr_line' id='line_1_26' title="bbox 185 2542 1689 2613; baseline 0.006 -19"><span class='ocrx_word' id='word_1_160' title='bbox 185 2542 342 2604; x_wconf 76' lang='grc' dir='ltr'>Ὁδὸς</span> <span class='ocrx_word' id='word_1_161' title='bbox 386 2543 728 2612; x_wconf 78' lang='grc' dir='ltr'>ἁμαρτωλῶν</span> <span class='ocrx_word' id='word_1_162' title='bbox 775 2544 1136 2613; x_wconf 78' lang='grc' dir='ltr'>ὡμαλισμὲνη</span> <span class='ocrx_word' id='word_1_163' title='bbox 1175 2545 1286 2597; x_wconf 83' lang='grc' dir='ltr'>ἀπὸ</span> <span class='ocrx_word' id='word_1_164' title='bbox 1339 2545 1525 2613; x_wconf 83' lang='grc' dir='ltr'>λίθων,</span> <span class='ocrx_word' id='word_1_165' title='bbox 1591 2550 1689 2603; x_wconf 71' lang='grc' dir='ltr'><strong>καὶ</strong></span> 
     </span>
    </p>
   </div>
   <div class='ocr_carea' id='block_1_27' title="bbox 116 2634 1098 2709">
    <p class='ocr_par' dir='ltr' id='par_1_27' title="bbox 116 2634 1098 2709">
     <span class='ocr_line' id='line_1_27' title="bbox 116 2634 1098 2709; baseline 0.005 -23"><span class='ocrx_word' id='word_1_166' title='bbox 116 2634 195 2686; x_wconf 76' lang='grc' dir='ltr'><strong>ἐπ’</strong></span> <span class='ocrx_word' id='word_1_167' title='bbox 227 2635 480 2709; x_wconf 73' lang='grc' dir='ltr'>ἐσχάτων</span> <span class='ocrx_word' id='word_1_168' title='bbox 505 2635 678 2703; x_wconf 76' lang='grc' dir='ltr'>αὐτῆς</span> <span class='ocrx_word' id='word_1_169' title='bbox 718 2636 908 2707; x_wconf 77' lang='grc' dir='ltr'>βόθρος</span> <span class='ocrx_word' id='word_1_170' title='bbox 948 2637 1098 2708; x_wconf 78' lang='grc' dir='ltr'>ᾇδου.</span> 
     </span>
    </p>
   </div>
   <div class='ocr_carea' id='block_1_28' title="bbox 178 2724 1691 2798">
    <p class='ocr_par' dir='ltr' id='par_1_28' title="bbox 178 2724 1691 2798">
     <span class='ocr_line' id='line_1_28' title="bbox 178 2724 1691 2798; baseline 0.003 -20"><span class='ocrx_word' id='word_1_171' title='bbox 178 2724 289 2778; x_wconf 81' lang='grc' dir='ltr'><strong>Τὸν</strong></span> <span class='ocrx_word' id='word_1_172' title='bbox 338 2725 722 2794; x_wconf 66' lang='grc' dir='ltr'>ἁμαρτάνοντα</span> <span class='ocrx_word' id='word_1_173' title='bbox 767 2729 842 2790; x_wconf 84' lang='grc' dir='ltr'><strong>είς</strong></span> <span class='ocrx_word' id='word_1_174' title='bbox 896 2729 994 2797; x_wconf 86' lang='grc' dir='ltr'><strong>τὴν</strong></span> <span class='ocrx_word' id='word_1_175' title='bbox 1040 2727 1222 2798; x_wconf 82' lang='grc' dir='ltr'>ψυχὴν</span> <span class='ocrx_word' id='word_1_176' title='bbox 1268 2729 1435 2782; x_wconf 75' lang='grc' dir='ltr'>αὐτοῦ</span> <span class='ocrx_word' id='word_1_177' title='bbox 1480 2730 1563 2794; x_wconf 89' lang='grc' dir='ltr'><strong>τίς</strong></span> <span class='ocrx_word' id='word_1_178' title='bbox 1611 2730 1691 2783; x_wconf 74' lang='grc' dir='ltr'><strong>διο</strong></span> 
     </span>
    </p>
   </div>
   <div class='ocr_carea' id='block_1_29' title="bbox 111 2817 388 2884">
    <p class='ocr_par' dir='ltr' id='par_1_29' title="bbox 111 2817 388 2884">
     <span class='ocr_line' id='line_1_29' title="bbox 111 2817 388 2884; baseline 0 -14"><span class='ocrx_word' id='word_1_179' title='bbox 111 2817 342 2871; x_wconf 87' lang='grc' dir='ltr'>καιώσει</span> <span class='ocrx_word' id='word_1_180' title='bbox 371 2835 388 2884; x_wconf 90' lang='lat'><strong>;</strong></span> 
     </span>
    </p>
   </div>
   <div class='ocr_carea' id='block_1_30' title="bbox 179 2910 1477 2985">
    <p class='ocr_par' dir='ltr' id='par_1_30' title="bbox 179 2910 1477 2985">
     <span class='ocr_line' id='line_1_30' title="bbox 179 2910 1477 2985; baseline 0.002 -20"><span class='ocrx_word' id='word_1_181' title='bbox 179 2911 368 2966; x_wconf 82' lang='grc' dir='ltr'>Τέκνα</span> <span class='ocrx_word' id='word_1_182' title='bbox 401 2912 657 2982; x_wconf 78' lang='grc' dir='ltr'>βδελυκτᾶ</span> <span class='ocrx_word' id='word_1_183' title='bbox 686 2910 892 2980; x_wconf 85' lang='grc' dir='ltr'>γίνεται</span> <span class='ocrx_word' id='word_1_184' title='bbox 918 2914 1081 2964; x_wconf 78' lang='grc' dir='ltr'>τέκνα</span> <span class='ocrx_word' id='word_1_185' title='bbox 1105 2912 1477 2985; x_wconf 82' lang='grc' dir='ltr'>ἁμαρτωλῶν.</span> 
     </span>
    </p>
   </div>
   <div class='ocr_carea' id='block_1_31' title="bbox 180 3003 1690 3086">
    <p class='ocr_par' dir='ltr' id='par_1_31' title="bbox 180 3003 1690 3086">
     <span class='ocr_line' id='line_1_31' title="bbox 180 3003 1690 3086; baseline 0.001 -28"><span class='ocrx_word' id='word_1_186' title='bbox 180 3006 405 3086; x_wconf 58' lang='grc' dir='ltr'>Ὀνοωι</span> <span class='ocrx_word' id='word_1_187' title='bbox 449 3003 756 3074; x_wconf 79' lang='grc' dir='ltr'>ἀνθρώπων</span> <span class='ocrx_word' id='word_1_188' title='bbox 837 3005 1180 3074; x_wconf 78' lang='grc' dir='ltr'>ἁμαρτωλῶν</span> <span class='ocrx_word' id='word_1_189' title='bbox 1239 3005 1690 3077; x_wconf 80' lang='grc' dir='ltr'>ἐξαλειφθήσεται</span> 
     </span>
    </p>
   </div>
   <div class='ocr_carea' id='block_1_32' title="bbox 187 3094 1688 3168">
    <p class='ocr_par' dir='ltr' id='par_1_32' title="bbox 187 3094 1688 3168">
     <span class='ocr_line' id='line_1_32' title="bbox 187 3094 1688 3168; baseline 0 -18"><span class='ocrx_word' id='word_1_190' title='bbox 187 3098 252 3154; x_wconf 85' lang='grc' dir='ltr'>Ὀ</span> <span class='ocrx_word' id='word_1_191' title='bbox 300 3097 538 3167; x_wconf 85' lang='grc' dir='ltr'>πονηρὸς</span> <span class='ocrx_word' id='word_1_192' title='bbox 573 3095 855 3163; x_wconf 78' lang='grc' dir='ltr'>ἄνθρωπος</span> <span class='ocrx_word' id='word_1_193' title='bbox 899 3096 962 3146; x_wconf 80' lang='grc' dir='ltr'>ὲκ</span> <span class='ocrx_word' id='word_1_194' title='bbox 997 3094 1089 3148; x_wconf 85' lang='grc' dir='ltr'><strong>τοῦ</strong></span> <span class='ocrx_word' id='word_1_195' title='bbox 1123 3097 1363 3165; x_wconf 76' lang='grc' dir='ltr'>πονηροῦ</span> <span class='ocrx_word' id='word_1_196' title='bbox 1410 3097 1688 3168; x_wconf 82' lang='grc' dir='ltr'>θησαυροῦ</span> 
     </span>
    </p>
   </div>
   <div class='ocr_carea' id='block_1_33' title="bbox 1795 621 3376 692">
    <p class='ocr_par' dir='ltr' id='par_1_33' title="bbox 1795 621 3376 692">
     <span class='ocr_line' id='line_1_33' title="bbox 1795 621 3376 692; baseline 0.002 -14"><span class='ocrx_word' id='word_1_197' title='bbox 1795 632 1962 685; x_wconf 87' lang='lat' dir='ltr'><strong>stum,</strong></span> <span class='ocrx_word' id='word_1_198' title='bbox 1998 621 2310 692; x_wconf 87' lang='lat' dir='ltr'><strong>isitnpurus</strong></span> <span class='ocrx_word' id='word_1_199' title='bbox 2361 622 2505 692; x_wconf 89' lang='lat' dir='ltr'><strong>apud</strong></span> <span class='ocrx_word' id='word_1_200' title='bbox 2564 621 2856 676; x_wconf 87' lang='lat' dir='ltr'><strong>Dominum</strong></span> <span class='ocrx_word' id='word_1_201' title='bbox 2888 631 2943 677; x_wconf 90' lang='lat' dir='ltr'><strong>et</strong></span> <span class='ocrx_word' id='word_1_202' title='bbox 2985 623 3376 681; x_wconf 80' lang='lat' dir='ltr'><strong>abominandus</strong></span> 
     </span>
    </p>
   </div>
   <div class='ocr_carea' id='block_1_34' title="bbox 1779 723 1898 793">
    <p class='ocr_par' dir='ltr' id='par_1_34' title="bbox 1779 723 1898 793">
     <span class='ocr_line' id='line_1_34' title="bbox 1779 723 1898 793; baseline -0.008 -23"><span class='ocrx_word' id='word_1_203' title='bbox 1779 723 1898 793; x_wconf 57' lang='grc' dir='ltr'>ρει.</span> 
     </span>
    </p>
   </div>
   <div class='ocr_carea' id='block_1_35' title="bbox 1865 807 3375 877">
    <p class='ocr_par' dir='ltr' id='par_1_35' title="bbox 1865 807 3375 877">
     <span class='ocr_line' id='line_1_35' title="bbox 1865 807 3375 877; baseline -0.003 -15"><span class='ocrx_word' id='word_1_204' title='bbox 1865 808 2104 864; x_wconf 79' lang='lat' dir='ltr'><strong>Malaclt.</strong></span> <span class='ocrx_word' id='word_1_205' title='bbox 2138 808 2404 864; x_wconf 84' lang='lat' dir='ltr'><strong>Dominus</strong></span> <span class='ocrx_word' id='word_1_206' title='bbox 2437 807 2790 877; x_wconf 84' lang='lat' dir='ltr'><strong>omnipotens</strong></span> <span class='ocrx_word' id='word_1_207' title='bbox 2827 807 2909 862; x_wconf 90' lang='lat' dir='ltr'><strong>sic</strong></span> <span class='ocrx_word' id='word_1_208' title='bbox 2967 808 3209 876; x_wconf 89' lang='lat' dir='ltr'><strong>loquitur</strong></span> <span class='ocrx_word' id='word_1_209' title='bbox 3251 826 3264 861; x_wconf 92' lang='lat'>:</span> <span class='ocrx_word' id='word_1_210' title='bbox 3300 809 3375 861; x_wconf 87' lang='lat' dir='ltr'><strong>Illi</strong></span> 
     </span>
    </p>
   </div>
   <div class='ocr_carea' id='block_1_36' title="bbox 1794 901 3376 970">
    <p class='ocr_par' dir='ltr' id='par_1_36' title="bbox 1794 901 3376 970">
     <span class='ocr_line' id='line_1_36' title="bbox 1794 901 3376 970; baseline -0.003 -12"><span class='ocrx_word' id='word_1_211' title='bbox 1794 903 2161 966; x_wconf 71' lang='lat' dir='ltr'><strong>aediﬁcabunt,</strong></span> <span class='ocrx_word' id='word_1_212' title='bbox 2192 917 2293 970; x_wconf 79' lang='lat' dir='ltr'><strong>ego</strong></span> <span class='ocrx_word' id='word_1_213' title='bbox 2337 916 2467 956; x_wconf 90' lang='lat' dir='ltr'><strong>vero</strong></span> <span class='ocrx_word' id='word_1_214' title='bbox 2495 901 2733 966; x_wconf 89' lang='lat' dir='ltr'><strong>diruam,</strong></span> <span class='ocrx_word' id='word_1_215' title='bbox 2772 912 2832 956; x_wconf 89' lang='lat' dir='ltr'><strong>ut</strong></span> <span class='ocrx_word' id='word_1_216' title='bbox 2860 910 3130 956; x_wconf 81' lang='lat' dir='ltr'><strong>vocemur</strong></span> <span class='ocrx_word' id='word_1_217' title='bbox 3160 902 3376 956; x_wconf 81' lang='lat' dir='ltr'><strong>termini</strong></span> 
     </span>
    </p>
   </div>
   <div class='ocr_carea' id='block_1_37' title="bbox 1794 979 3375 1065">
    <p class='ocr_par' dir='ltr' id='par_1_37' title="bbox 1794 979 3375 1065">
     <span class='ocr_line' id='line_1_37' title="bbox 1794 979 3375 1065; baseline -0.003 -15"><span class='ocrx_word' id='word_1_218' title='bbox 1794 996 2119 1063; x_wconf 90' lang='lat' dir='ltr'><strong>iniquitatis,</strong></span> <span class='ocrx_word' id='word_1_219' title='bbox 2152 1006 2208 1049; x_wconf 83' lang='lat' dir='ltr'><strong>et</strong></span> <span class='ocrx_word' id='word_1_220' title='bbox 2248 979 2482 1065; x_wconf 84' lang='lat' dir='ltr'><strong>populus</strong></span> <span class='ocrx_word' id='word_1_221' title='bbox 2518 996 2605 1050; x_wconf 89' lang='lat' dir='ltr'><strong>cui</strong></span> <span class='ocrx_word' id='word_1_222' title='bbox 2640 995 2908 1050; x_wconf 85' lang='lat' dir='ltr'><strong>Dominus</strong></span> <span class='ocrx_word' id='word_1_223' title='bbox 2954 1011 3011 1050; x_wconf 90' lang='lat' dir='ltr'><strong>se</strong></span> <span class='ocrx_word' id='word_1_224' title='bbox 3043 1003 3277 1064; x_wconf 84' lang='lat' dir='ltr'><strong>opponet</strong></span> <span class='ocrx_word' id='word_1_225' title='bbox 3321 995 3375 1046; x_wconf 93' lang='lat' dir='ltr'><strong>in</strong></span> 
     </span>
    </p>
   </div>
   <div class='ocr_carea' id='block_1_38' title="bbox 1795 1087 3380 1156">
    <p class='ocr_par' dir='ltr' id='par_1_38' title="bbox 1795 1087 3380 1156">
     <span class='ocr_line' id='line_1_38' title="bbox 1795 1087 3380 1156; baseline -0.001 -14"><span class='ocrx_word' id='word_1_226' title='bbox 1795 1089 2056 1143; x_wconf 80' lang='lat' dir='ltr'><strong>saeculum</strong></span> <span class='ocrx_word' id='word_1_227' title='bbox 2106 1107 2120 1143; x_wconf 89' lang='lat'><strong>:</strong></span> <span class='ocrx_word' id='word_1_228' title='bbox 2173 1104 2280 1143; x_wconf 89' lang='lat' dir='ltr'><strong>non</strong></span> <span class='ocrx_word' id='word_1_229' title='bbox 2316 1103 2576 1144; x_wconf 87' lang='lat' dir='ltr'><strong>mansura</strong></span> <span class='ocrx_word' id='word_1_230' title='bbox 2607 1101 2690 1143; x_wconf 79' lang='grc' dir='ltr'><strong>εει</strong></span> <span class='ocrx_word' id='word_1_231' title='bbox 2731 1087 2790 1143; x_wconf 87' lang='lat' dir='ltr'><strong>in</strong></span> <span class='ocrx_word' id='word_1_232' title='bbox 2819 1087 3080 1143; x_wconf 67' lang='lat' dir='ltr'><strong>saeculum</strong></span> <span class='ocrx_word' id='word_1_233' title='bbox 3112 1087 3380 1156; x_wconf 85' lang='lat' dir='ltr'><strong>temporis</strong></span> 
     </span>
    </p>
   </div>
   <div class='ocr_carea' id='block_1_39' title="bbox 1793 1179 2521 1250">
    <p class='ocr_par' dir='ltr' id='par_1_39' title="bbox 1793 1179 2521 1250">
     <span class='ocr_line' id='line_1_39' title="bbox 1793 1179 2521 1250; baseline -0.003 -16"><span class='ocrx_word' id='word_1_234' title='bbox 1793 1179 2057 1250; x_wconf 88' lang='lat' dir='ltr'><strong>improba</strong></span> <span class='ocrx_word' id='word_1_235' title='bbox 2095 1181 2404 1250; x_wconf 81' lang='lat' dir='ltr'><strong>progenies.</strong></span> <span class='ocrx_word' id='word_1_236' title='bbox 2504 1231 2521 1242; x_wconf 70' lang='grc'><strong>,</strong></span> 
     </span>
    </p>
   </div>
   <div class='ocr_carea' id='block_1_40' title="bbox 1864 1268 3374 1340">
    <p class='ocr_par' dir='ltr' id='par_1_40' title="bbox 1864 1268 3374 1340">
     <span class='ocr_line' id='line_1_40' title="bbox 1864 1268 3374 1340; baseline 0 -17"><span class='ocrx_word' id='word_1_237' title='bbox 1864 1268 1982 1325; x_wconf 79' lang='lat' dir='ltr'><strong>ha.</strong></span> <span class='ocrx_word' id='word_1_238' title='bbox 2009 1286 2120 1326; x_wconf 82' lang='lat' dir='ltr'><strong>th.</strong></span> <span class='ocrx_word' id='word_1_239' title='bbox 2150 1270 2229 1324; x_wconf 77' lang='lat' dir='ltr'><strong>Ex</strong></span> <span class='ocrx_word' id='word_1_240' title='bbox 2264 1269 2475 1324; x_wconf 86' lang='lat' dir='ltr'><strong>semine</strong></span> <span class='ocrx_word' id='word_1_241' title='bbox 2503 1270 2774 1340; x_wconf 73' lang='lat' dir='ltr'><strong>serpentis</strong></span> <span class='ocrx_word' id='word_1_242' title='bbox 2807 1270 3103 1340; x_wconf 86' lang='lat' dir='ltr'><strong>prodibunt</strong></span> <span class='ocrx_word' id='word_1_243' title='bbox 3127 1269 3374 1338; x_wconf 80' lang='lat' dir='ltr'><strong>aspidum</strong></span> 
     </span>
    </p>
   </div>
   <div class='ocr_carea' id='block_1_41' title="bbox 1795 1361 3376 1431">
    <p class='ocr_par' dir='ltr' id='par_1_41' title="bbox 1795 1361 3376 1431">
     <span class='ocr_line' id='line_1_41' title="bbox 1795 1361 3376 1431; baseline -0.004 -13"><span class='ocrx_word' id='word_1_244' title='bbox 1795 1363 1985 1430; x_wconf 80' lang='lat' dir='ltr'><strong>catuli,</strong></span> <span class='ocrx_word' id='word_1_245' title='bbox 2011 1370 2067 1416; x_wconf 90' lang='lat' dir='ltr'><strong>at</strong></span> <span class='ocrx_word' id='word_1_246' title='bbox 2099 1362 2316 1418; x_wconf 90' lang='lat' dir='ltr'><strong>illarum</strong></span> <span class='ocrx_word' id='word_1_247' title='bbox 2347 1361 2552 1431; x_wconf 85' lang='lat' dir='ltr'><strong>posteri</strong></span> <span class='ocrx_word' id='word_1_248' title='bbox 2584 1361 2834 1417; x_wconf 85' lang='lat' dir='ltr'><strong>volantes</strong></span> <span class='ocrx_word' id='word_1_249' title='bbox 2862 1367 3143 1430; x_wconf 82' lang='lat' dir='ltr'><strong>serpentes</strong></span> <span class='ocrx_word' id='word_1_250' title='bbox 3188 1369 3376 1414; x_wconf 90' lang='lat' dir='ltr'><strong>erunt.</strong></span> 
     </span>
    </p>
   </div>
   <div class='ocr_carea' id='block_1_42' title="bbox 1865 1453 3376 1522">
    <p class='ocr_par' dir='ltr' id='par_1_42' title="bbox 1865 1453 3376 1522">
     <span class='ocr_line' id='line_1_42' title="bbox 1865 1453 3376 1522; baseline -0.005 -11"><span class='ocrx_word' id='word_1_251' title='bbox 1865 1455 2099 1512; x_wconf 85' lang='lat' dir='ltr'><strong>Peccata</strong></span> <span class='ocrx_word' id='word_1_252' title='bbox 2124 1465 2313 1512; x_wconf 88' lang='lat' dir='ltr'><strong>nostra</strong></span> <span class='ocrx_word' id='word_1_253' title='bbox 2338 1457 2639 1511; x_wconf 86' lang='lat' dir='ltr'><strong>dissociant</strong></span> <span class='ocrx_word' id='word_1_254' title='bbox 2678 1469 2781 1509; x_wconf 91' lang='lat' dir='ltr'><strong>nos</strong></span> <span class='ocrx_word' id='word_1_255' title='bbox 2815 1467 2844 1506; x_wconf 92' lang='lat' dir='ltr'><strong>a</strong></span> <span class='ocrx_word' id='word_1_256' title='bbox 2879 1453 3012 1518; x_wconf 89' lang='lat' dir='ltr'><strong>Deo,</strong></span> <span class='ocrx_word' id='word_1_257' title='bbox 3041 1460 3376 1522; x_wconf 82' lang='lat' dir='ltr'><strong>propterque</strong></span> 
     </span>
    </p>
   </div>
   <div class='ocr_carea' id='block_1_43' title="bbox 1797 1545 3372 1620">
    <p class='ocr_par' dir='ltr' id='par_1_43' title="bbox 1797 1545 3372 1620">
     <span class='ocr_line' id='line_1_43' title="bbox 1797 1545 3372 1620; baseline -0.004 -16"><span class='ocrx_word' id='word_1_258' title='bbox 1797 1549 2118 1620; x_wconf 73' lang='lat' dir='ltr'><strong>iniquitates</strong></span> <span class='ocrx_word' id='word_1_259' title='bbox 2145 1557 2363 1605; x_wconf 89' lang='lat' dir='ltr'><strong>nostras</strong></span> <span class='ocrx_word' id='word_1_260' title='bbox 2413 1547 2612 1604; x_wconf 81' lang='lat' dir='ltr'><strong>avertit</strong></span> <span class='ocrx_word' id='word_1_261' title='bbox 2645 1562 2676 1602; x_wconf 88' lang='lat' dir='ltr'><strong>a</strong></span> <span class='ocrx_word' id='word_1_262' title='bbox 2728 1545 2892 1603; x_wconf 84' lang='lat' dir='ltr'><strong>nobis</strong></span> <span class='ocrx_word' id='word_1_263' title='bbox 2924 1546 3134 1600; x_wconf 88' lang='lat' dir='ltr'><strong>vultum</strong></span> <span class='ocrx_word' id='word_1_264' title='bbox 3167 1559 3328 1601; x_wconf 85' lang='lat' dir='ltr'><strong>suum</strong></span> <span class='ocrx_word' id='word_1_265' title='bbox 3353 1582 3372 1604; x_wconf 88' lang='lat'><strong>.</strong></span> 
     </span>
    </p>
   </div>
   <div class='ocr_carea' id='block_1_44' title="bbox 1794 1640 2350 1698">
    <p class='ocr_par' dir='ltr' id='par_1_44' title="bbox 1794 1640 2350 1698">
     <span class='ocr_line' id='line_1_44' title="bbox 1794 1640 2350 1698; baseline -0.004 -1"><span class='ocrx_word' id='word_1_266' title='bbox 1794 1651 1856 1697; x_wconf 88' lang='lat' dir='ltr'><strong>ut</strong></span> <span class='ocrx_word' id='word_1_267' title='bbox 1871 1657 1979 1698; x_wconf 92' lang='lat' dir='ltr'><strong>non</strong></span> <span class='ocrx_word' id='word_1_268' title='bbox 2001 1640 2350 1698; x_wconf 87' lang='lat' dir='ltr'><strong>misereatur.</strong></span> 
     </span>
    </p>
   </div>
   <div class='ocr_carea' id='block_1_45' title="bbox 1862 1817 3370 1889">
    <p class='ocr_par' dir='ltr' id='par_1_45' title="bbox 1862 1817 3370 1889">
     <span class='ocr_line' id='line_1_45' title="bbox 1862 1817 3370 1889; baseline -0.003 -14"><span class='ocrx_word' id='word_1_269' title='bbox 1862 1819 2193 1889; x_wconf 88' lang='lat' dir='ltr'><strong>lnsipientes</strong></span> <span class='ocrx_word' id='word_1_270' title='bbox 2217 1829 2347 1874; x_wconf 90' lang='lat' dir='ltr'><strong>sunt</strong></span> <span class='ocrx_word' id='word_1_271' title='bbox 2377 1832 2479 1874; x_wconf 89' lang='lat' dir='ltr'><strong>nec</strong></span> <span class='ocrx_word' id='word_1_272' title='bbox 2507 1831 2751 1888; x_wconf 80' lang='lat' dir='ltr'><strong>sagaces,</strong></span> <span class='ocrx_word' id='word_1_273' title='bbox 2778 1817 2922 1873; x_wconf 84' lang='lat' dir='ltr'><strong>docti</strong></span> <span class='ocrx_word' id='word_1_274' title='bbox 2953 1818 3018 1871; x_wconf 91' lang='lat' dir='ltr'><strong>ad</strong></span> <span class='ocrx_word' id='word_1_275' title='bbox 3046 1817 3370 1872; x_wconf 84' lang='lat' dir='ltr'><strong>malcticieu-</strong></span> 
     </span>
    </p>
   </div>
   <div class='ocr_carea' id='block_1_46' title="bbox 1725 1892 2826 1981">
    <p class='ocr_par' dir='ltr' id='par_1_46' title="bbox 1725 1892 2826 1981">
     <span class='ocr_line' id='line_1_46' title="bbox 1725 1892 2826 1981; baseline -0.004 -12"><span class='ocrx_word' id='word_1_276' title='bbox 1725 1892 1765 1948; x_wconf 75' lang='grc' dir='ltr'><strong><em>Β</em></strong></span> <span class='ocrx_word' id='word_1_277' title='bbox 1795 1915 1947 1981; x_wconf 89' lang='lat' dir='ltr'><strong>dum,</strong></span> <span class='ocrx_word' id='word_1_278' title='bbox 1985 1915 2214 1968; x_wconf 82' lang='lat' dir='ltr'><strong>honeste</strong></span> <span class='ocrx_word' id='word_1_279' title='bbox 2242 1913 2428 1967; x_wconf 75' lang='lat' dir='ltr'><strong>facere</strong></span> <span class='ocrx_word' id='word_1_280' title='bbox 2454 1927 2564 1967; x_wconf 90' lang='lat' dir='ltr'><strong>non</strong></span> <span class='ocrx_word' id='word_1_281' title='bbox 2597 1920 2826 1966; x_wconf 87' lang='lat' dir='ltr'><strong>norunt.</strong></span> 
     </span>
    </p>
   </div>
   <div class='ocr_carea' id='block_1_47' title="bbox 1867 2001 3374 2074">
    <p class='ocr_par' dir='ltr' id='par_1_47' title="bbox 1867 2001 3374 2074">
     <span class='ocr_line' id='line_1_47' title="bbox 1867 2001 3374 2074; baseline -0.005 -14"><span class='ocrx_word' id='word_1_282' title='bbox 1867 2006 2040 2074; x_wconf 86' lang='lat' dir='ltr'><strong>Opera</strong></span> <span class='ocrx_word' id='word_1_283' title='bbox 2073 2005 2310 2070; x_wconf 90' lang='lat' dir='ltr'><strong>illorum,</strong></span> <span class='ocrx_word' id='word_1_284' title='bbox 2337 2017 2503 2073; x_wconf 89' lang='lat' dir='ltr'><strong>opera</strong></span> <span class='ocrx_word' id='word_1_285' title='bbox 2538 2004 2765 2073; x_wconf 72' lang='lat' dir='ltr'><strong>iniusta,</strong></span> <span class='ocrx_word' id='word_1_286' title='bbox 2799 2010 2854 2056; x_wconf 89' lang='lat' dir='ltr'><strong>et</strong></span> <span class='ocrx_word' id='word_1_287' title='bbox 2889 2001 3052 2073; x_wconf 86' lang='lat' dir='ltr'><strong>pedes</strong></span> <span class='ocrx_word' id='word_1_288' title='bbox 3097 2017 3283 2055; x_wconf 88' lang='lat' dir='ltr'><strong>eorum</strong></span> <span class='ocrx_word' id='word_1_289' title='bbox 3319 2003 3374 2055; x_wconf 88' lang='lat' dir='ltr'><strong>iu</strong></span> 
     </span>
    </p>
   </div>
   <div class='ocr_carea' id='block_1_48' title="bbox 1792 2097 2396 2152">
    <p class='ocr_par' dir='ltr' id='par_1_48' title="bbox 1792 2097 2396 2152">
     <span class='ocr_line' id='line_1_48' title="bbox 1792 2097 2396 2152; baseline 0 -2"><span class='ocrx_word' id='word_1_290' title='bbox 1792 2097 2119 2152; x_wconf 82' lang='lat' dir='ltr'><strong>maleﬁcium</strong></span> <span class='ocrx_word' id='word_1_291' title='bbox 2146 2104 2396 2151; x_wconf 88' lang='lat' dir='ltr'><strong>currunt.</strong></span> 
     </span>
    </p>
   </div>
   <div class='ocr_carea' id='block_1_49' title="bbox 1862 2169 3381 2253">
    <p class='ocr_par' dir='ltr' id='par_1_49' title="bbox 1862 2169 3381 2253">
     <span class='ocr_line' id='line_1_49' title="bbox 1862 2169 3381 2253; baseline -0.002 -12"><span class='ocrx_word' id='word_1_292' title='bbox 1862 2186 2062 2241; x_wconf 81' lang='lat' dir='ltr'><strong>Jerem.</strong></span> <span class='ocrx_word' id='word_1_293' title='bbox 2105 2169 2222 2241; x_wconf 71' lang='lat' dir='ltr'><strong>xm.</strong></span> <span class='ocrx_word' id='word_1_294' title='bbox 2255 2185 2311 2239; x_wconf 88' lang='lat' dir='ltr'><strong>Si</strong></span> <span class='ocrx_word' id='word_1_295' title='bbox 2349 2184 2577 2239; x_wconf 86' lang='lat' dir='ltr'><strong>mutabit</strong></span> <span class='ocrx_word' id='word_1_296' title='bbox 2607 2183 2861 2253; x_wconf 66' lang='lat' dir='ltr'><strong>Ethiops</strong></span> <span class='ocrx_word' id='word_1_297' title='bbox 2894 2193 3070 2238; x_wconf 88' lang='lat' dir='ltr'><strong>cutem</strong></span> <span class='ocrx_word' id='word_1_298' title='bbox 3106 2198 3287 2250; x_wconf 88' lang='lat' dir='ltr'><strong>suam,</strong></span> <span class='ocrx_word' id='word_1_299' title='bbox 3323 2192 3381 2238; x_wconf 80' lang='lat' dir='ltr'><strong>et</strong></span> 
     </span>
    </p>
   </div>
   <div class='ocr_carea' id='block_1_50' title="bbox 1794 2274 3380 2348">
    <p class='ocr_par' dir='ltr' id='par_1_50' title="bbox 1794 2274 3380 2348">
     <span class='ocr_line' id='line_1_50' title="bbox 1794 2274 3380 2348; baseline -0.003 -16"><span class='ocrx_word' id='word_1_300' title='bbox 1794 2280 2036 2348; x_wconf 87' lang='lat' dir='ltr'><strong>pardalis</strong></span> <span class='ocrx_word' id='word_1_301' title='bbox 2065 2278 2359 2332; x_wconf 86' lang='lat' dir='ltr'><strong>varietates</strong></span> <span class='ocrx_word' id='word_1_302' title='bbox 2394 2291 2549 2342; x_wconf 89' lang='lat' dir='ltr'><strong>suas,</strong></span> <span class='ocrx_word' id='word_1_303' title='bbox 2574 2285 2627 2330; x_wconf 88' lang='lat' dir='ltr'><strong>et</strong></span> <span class='ocrx_word' id='word_1_304' title='bbox 2653 2290 2751 2330; x_wconf 88' lang='lat' dir='ltr'><strong>vos</strong></span> <span class='ocrx_word' id='word_1_305' title='bbox 2783 2274 3032 2345; x_wconf 85' lang='lat' dir='ltr'><strong>poteritis</strong></span> <span class='ocrx_word' id='word_1_306' title='bbox 3061 2275 3380 2329; x_wconf 79' lang='lat' dir='ltr'><strong>benefacere</strong></span> 
     </span>
    </p>
   </div>
   <div class='ocr_carea' id='block_1_51' title="bbox 1792 2369 2440 2426">
    <p class='ocr_par' dir='ltr' id='par_1_51' title="bbox 1792 2369 2440 2426">
     <span class='ocr_line' id='line_1_51' title="bbox 1792 2369 2440 2426; baseline -0.005 0"><span class='ocrx_word' id='word_1_307' title='bbox 1792 2385 1913 2426; x_wconf 85' lang='lat' dir='ltr'><strong>cum</strong></span> <span class='ocrx_word' id='word_1_308' title='bbox 1944 2370 2082 2424; x_wconf 91' lang='lat' dir='ltr'><strong>mala</strong></span> <span class='ocrx_word' id='word_1_309' title='bbox 2115 2369 2440 2424; x_wconf 84' lang='lat' dir='ltr'><strong>didiceritis.</strong></span> 
     </span>
    </p>
   </div>
   <div class='ocr_carea' id='block_1_52' title="bbox 1863 2461 2941 2533">
    <p class='ocr_par' dir='ltr' id='par_1_52' title="bbox 1863 2461 2941 2533">
     <span class='ocr_line' id='line_1_52' title="bbox 1863 2461 2941 2533; baseline -0.004 -17"><span class='ocrx_word' id='word_1_310' title='bbox 1863 2463 2040 2517; x_wconf 85' lang='lat' dir='ltr'><strong>Ruina</strong></span> <span class='ocrx_word' id='word_1_311' title='bbox 2077 2462 2310 2533; x_wconf 88' lang='lat' dir='ltr'><strong>improbi</strong></span> <span class='ocrx_word' id='word_1_312' title='bbox 2342 2477 2465 2517; x_wconf 88' lang='lat' dir='ltr'><strong>sero</strong></span> <span class='ocrx_word' id='word_1_313' title='bbox 2493 2462 2706 2517; x_wconf 84' lang='lat' dir='ltr'><strong>tandem</strong></span> <span class='ocrx_word' id='word_1_314' title='bbox 2741 2461 2941 2516; x_wconf 89' lang='lat' dir='ltr'><strong>veniet.</strong></span> 
     </span>
    </p>
   </div>
   <div class='ocr_carea' id='block_1_53' title="bbox 1862 2553 3376 2624">
    <p class='ocr_par' dir='ltr' id='par_1_53' title="bbox 1862 2553 3376 2624">
     <span class='ocr_line' id='line_1_53' title="bbox 1862 2553 3376 2624; baseline -0.001 -13"><span class='ocrx_word' id='word_1_315' title='bbox 1862 2557 1960 2612; x_wconf 81' lang='lat' dir='ltr'><strong>Via</strong></span> <span class='ocrx_word' id='word_1_316' title='bbox 1991 2555 2390 2610; x_wconf 88' lang='lat' dir='ltr'><strong>scelerosorum</strong></span> <span class='ocrx_word' id='word_1_317' title='bbox 2440 2555 2710 2624; x_wconf 87' lang='lat' dir='ltr'><strong>elapidata</strong></span> <span class='ocrx_word' id='word_1_318' title='bbox 2743 2563 2796 2609; x_wconf 89' lang='lat' dir='ltr'><strong>et</strong></span> <span class='ocrx_word' id='word_1_319' title='bbox 2847 2555 3192 2624; x_wconf 90' lang='lat' dir='ltr'><strong>complanata</strong></span> <span class='ocrx_word' id='word_1_320' title='bbox 3220 2592 3235 2619; x_wconf 92' lang='lat'><strong>,</strong></span> <span class='ocrx_word' id='word_1_321' title='bbox 3277 2553 3376 2610; x_wconf 83' lang='lat' dir='ltr'><strong>sed</strong></span> 
     </span>
    </p>
   </div>
   <div class='ocr_carea' id='block_1_54' title="bbox 1793 2645 2914 2714">
    <p class='ocr_par' dir='ltr' id='par_1_54' title="bbox 1793 2645 2914 2714">
     <span class='ocr_line' id='line_1_54' title="bbox 1793 2645 2914 2714; baseline -0.003 -12"><span class='ocrx_word' id='word_1_322' title='bbox 1793 2647 1847 2702; x_wconf 92' lang='lat' dir='ltr'><strong>in</strong></span> <span class='ocrx_word' id='word_1_323' title='bbox 1877 2655 2121 2701; x_wconf 81' lang='lat' dir='ltr'><strong>extrema</strong></span> <span class='ocrx_word' id='word_1_324' title='bbox 2161 2646 2277 2714; x_wconf 83' lang='lat' dir='ltr'><strong>ipsa</strong></span> <span class='ocrx_word' id='word_1_325' title='bbox 2308 2645 2608 2700; x_wconf 78' lang='lat' dir='ltr'><strong>inferorum</strong></span> <span class='ocrx_word' id='word_1_326' title='bbox 2637 2654 2718 2698; x_wconf 88' lang='lat' dir='ltr'><strong>est</strong></span> <span class='ocrx_word' id='word_1_327' title='bbox 2745 2645 2914 2712; x_wconf 82' lang='lat' dir='ltr'><strong>fossa.</strong></span> 
     </span>
    </p>
   </div>
   <div class='ocr_carea' id='block_1_55' title="bbox 1862 2735 3204 2804">
    <p class='ocr_par' dir='ltr' id='par_1_55' title="bbox 1862 2735 3204 2804">
     <span class='ocr_line' id='line_1_55' title="bbox 1862 2735 3204 2804; baseline -0.002 -10"><span class='ocrx_word' id='word_1_328' title='bbox 1862 2738 2184 2794; x_wconf 76' lang='lat' dir='ltr'><strong>Peccantem</strong></span> <span class='ocrx_word' id='word_1_329' title='bbox 2217 2739 2272 2792; x_wconf 90' lang='lat' dir='ltr'><strong>in</strong></span> <span class='ocrx_word' id='word_1_330' title='bbox 2305 2739 2540 2792; x_wconf 83' lang='lat' dir='ltr'><strong>animant</strong></span> <span class='ocrx_word' id='word_1_331' title='bbox 2574 2752 2730 2793; x_wconf 76' lang='lat' dir='ltr'><strong>Suam</strong></span> <span class='ocrx_word' id='word_1_332' title='bbox 2760 2738 2883 2804; x_wconf 77' lang='lat' dir='ltr'><strong>quis</strong></span> <span class='ocrx_word' id='word_1_333' title='bbox 2917 2735 3204 2791; x_wconf 79' lang='lat' dir='ltr'><strong>absolvet?</strong></span> 
     </span>
    </p>
   </div>
   <div class='ocr_carea' id='block_1_56' title="bbox 1865 2915 3276 2986">
    <p class='ocr_par' dir='ltr' id='par_1_56' title="bbox 1865 2915 3276 2986">
     <span class='ocr_line' id='line_1_56' title="bbox 1865 2915 3276 2986; baseline -0.006 -10"><span class='ocrx_word' id='word_1_334' title='bbox 1865 2918 2045 2977; x_wconf 87' lang='lat' dir='ltr'><strong>Liberi</strong></span> <span class='ocrx_word' id='word_1_335' title='bbox 2073 2917 2424 2975; x_wconf 86' lang='lat' dir='ltr'><strong>abominandi</strong></span> <span class='ocrx_word' id='word_1_336' title='bbox 2458 2927 2588 2974; x_wconf 87' lang='lat' dir='ltr'><strong>sunt</strong></span> <span class='ocrx_word' id='word_1_337' title='bbox 2613 2932 2676 2971; x_wconf 79' lang='lat' dir='ltr'><strong>ex</strong></span> <span class='ocrx_word' id='word_1_338' title='bbox 2709 2915 2968 2986; x_wconf 86' lang='lat' dir='ltr'><strong>improbis</strong></span> <span class='ocrx_word' id='word_1_339' title='bbox 3000 2918 3276 2986; x_wconf 77' lang='lat' dir='ltr'><strong>prognati.</strong></span> 
     </span>
    </p>
   </div>
   <div class='ocr_carea' id='block_1_57' title="bbox 1865 3005 3120 3063">
    <p class='ocr_par' dir='ltr' id='par_1_57' title="bbox 1865 3005 3120 3063">
     <span class='ocr_line' id='line_1_57' title="bbox 1865 3005 3120 3063; baseline -0.002 -2"><span class='ocrx_word' id='word_1_340' title='bbox 1865 3010 2069 3063; x_wconf 75' lang='lat' dir='ltr'><strong>Nomen</strong></span> <span class='ocrx_word' id='word_1_341' title='bbox 2101 3007 2490 3063; x_wconf 87' lang='lat' dir='ltr'><strong>sceleratorum</strong></span> <span class='ocrx_word' id='word_1_342' title='bbox 2519 3006 2796 3059; x_wconf 87' lang='lat' dir='ltr'><strong>hominum</strong></span> <span class='ocrx_word' id='word_1_343' title='bbox 2825 3005 3120 3059; x_wconf 88' lang='lat' dir='ltr'><strong>delebitur.</strong></span> 
     </span>
    </p>
   </div>
   <div class='ocr_carea' id='block_1_58' title="bbox 1866 3096 3380 3155">
    <p class='ocr_par' dir='ltr' id='par_1_58' title="bbox 1866 3096 3380 3155">
     <span class='ocr_line' id='line_1_58' title="bbox 1866 3096 3380 3155; baseline -0.002 -1"><span class='ocrx_word' id='word_1_344' title='bbox 1866 3101 2058 3154; x_wconf 77' lang='lat' dir='ltr'><strong>Matth.</strong></span> <span class='ocrx_word' id='word_1_345' title='bbox 2100 3115 2174 3155; x_wconf 74' lang='lat' dir='ltr'><strong>xu</strong></span> <span class='ocrx_word' id='word_1_346' title='bbox 2208 3109 2261 3154; x_wconf 88' lang='lat' dir='ltr'><strong>et</strong></span> <span class='ocrx_word' id='word_1_347' title='bbox 2291 3097 2422 3154; x_wconf 87' lang='lat' dir='ltr'><strong>Luc.</strong></span> <span class='ocrx_word' id='word_1_348' title='bbox 2465 3098 2544 3152; x_wconf 87' lang='lat' dir='ltr'><strong>vi.</strong></span> <span class='ocrx_word' id='word_1_349' title='bbox 2583 3097 2757 3151; x_wconf 78' lang='lat' dir='ltr'><strong>Malus</strong></span> <span class='ocrx_word' id='word_1_350' title='bbox 2806 3112 2870 3151; x_wconf 79' lang='lat' dir='ltr'><strong>ex</strong></span> <span class='ocrx_word' id='word_1_351' title='bbox 2907 3096 3084 3152; x_wconf 84' lang='lat' dir='ltr'><strong>cordis</strong></span> <span class='ocrx_word' id='word_1_352' title='bbox 3116 3097 3199 3150; x_wconf 90' lang='lat' dir='ltr'><strong>sui</strong></span> <span class='ocrx_word' id='word_1_353' title='bbox 3237 3098 3380 3151; x_wconf 81' lang='lat' dir='ltr'><strong>malo</strong></span> 
     </span>
    </p>
   </div>
   <div class='ocr_carea' id='block_1_59' title="bbox 110 3184 1691 3286">
    <p class='ocr_par' dir='ltr' id='par_1_59' title="bbox 110 3184 1688 3260">
     <span class='ocr_line' id='line_1_59' title="bbox 110 3184 1688 3260; baseline 0 -20"><span class='ocrx_word' id='word_1_354' title='bbox 110 3191 205 3258; x_wconf 78' lang='grc' dir='ltr'>τῆς</span> <span class='ocrx_word' id='word_1_355' title='bbox 239 3188 480 3258; x_wconf 84' lang='grc' dir='ltr'>καρδίας</span> <span class='ocrx_word' id='word_1_356' title='bbox 526 3185 694 3238; x_wconf 82' lang='grc' dir='ltr'>αὑτοῦ</span> <span class='ocrx_word' id='word_1_357' title='bbox 743 3184 1008 3255; x_wconf 72' lang='grc' dir='ltr'>προφέρει</span> <span class='ocrx_word' id='word_1_358' title='bbox 1057 3185 1125 3238; x_wconf 83' lang='grc' dir='ltr'><strong>τὰ</strong></span> <span class='ocrx_word' id='word_1_359' title='bbox 1161 3187 1393 3257; x_wconf 81' lang='grc' dir='ltr'>πονηρά.</span> <span class='ocrx_word' id='word_1_360' title='bbox 1437 3188 1534 3240; x_wconf 86' lang='grc' dir='ltr'>Ἐκ</span> <span class='ocrx_word' id='word_1_361' title='bbox 1578 3189 1688 3260; x_wconf 82' lang='grc' dir='ltr'>γὰρ</span> 
     </span>
    </p>
   </div>
   <div class='ocr_carea' id='block_1_60' title="bbox 1829 3184 3373 3286">
    <p class='ocr_par' dir='ltr' id='par_1_60' title="bbox 1829 3189 3373 3262">
     <span class='ocr_line' id='line_1_60' title="bbox 1829 3189 3373 3262; baseline 0 -17"><span class='ocrx_word' id='word_1_362' title='bbox 1829 3193 2057 3247; x_wconf 83' lang='lat' dir='ltr'><strong>hesauro</strong></span> <span class='ocrx_word' id='word_1_363' title='bbox 2094 3206 2216 3262; x_wconf 73' lang='lat' dir='ltr'><strong>qua:</strong></span> <span class='ocrx_word' id='word_1_364' title='bbox 2265 3191 2405 3245; x_wconf 90' lang='lat' dir='ltr'><strong>mala</strong></span> <span class='ocrx_word' id='word_1_365' title='bbox 2455 3198 2603 3256; x_wconf 86' lang='lat' dir='ltr'><strong>sunt,</strong></span> <span class='ocrx_word' id='word_1_366' title='bbox 2658 3189 2858 3259; x_wconf 87' lang='lat' dir='ltr'><strong>promit</strong></span> <span class='ocrx_word' id='word_1_367' title='bbox 2889 3208 2904 3245; x_wconf 87' lang='lat'><strong>:</strong></span> <span class='ocrx_word' id='word_1_368' title='bbox 2937 3204 3003 3244; x_wconf 78' lang='lat' dir='ltr'><strong>ex</strong></span> <span class='ocrx_word' id='word_1_369' title='bbox 3037 3189 3373 3246; x_wconf 83' lang='lat' dir='ltr'><strong>abundantia</strong></span> 
     </span>
    </p>
   </div>
   <div class='ocr_carea' id='block_1_61' title="bbox 110 3277 1582 3351">
    <p class='ocr_par' dir='ltr' id='par_1_61' title="bbox 110 3277 1582 3351">
     <span class='ocr_line' id='line_1_61' title="bbox 110 3277 1582 3351; baseline 0 -18"><span class='ocrx_word' id='word_1_370' title='bbox 110 3279 200 3333; x_wconf 75' lang='grc' dir='ltr'>τοῦ</span> <span class='ocrx_word' id='word_1_371' title='bbox 239 3277 689 3351; x_wconf 72' lang='grc' dir='ltr'>περισσεύματος</span> <span class='ocrx_word' id='word_1_372' title='bbox 716 3281 816 3348; x_wconf 82' lang='grc' dir='ltr'><strong>τῆς</strong></span> <span class='ocrx_word' id='word_1_373' title='bbox 853 3279 1078 3347; x_wconf 86' lang='grc' dir='ltr'>καρδίας</span> <span class='ocrx_word' id='word_1_374' title='bbox 1112 3278 1264 3330; x_wconf 88' lang='grc' dir='ltr'><strong>λαλεῖ</strong></span> <span class='ocrx_word' id='word_1_375' title='bbox 1290 3279 1351 3330; x_wconf 85' lang='grc' dir='ltr'><strong>τὸ</strong></span> <span class='ocrx_word' id='word_1_376' title='bbox 1383 3279 1582 3348; x_wconf 80' lang='grc' dir='ltr'>στόμα.</span> 
     </span>
    </p>
   </div>
   <div class='ocr_carea' id='block_1_62' title="bbox 178 3372 1690 3444">
    <p class='ocr_par' dir='ltr' id='par_1_62' title="bbox 178 3372 1690 3444">
     <span class='ocr_line' id='line_1_62' title="bbox 178 3372 1690 3444; baseline 0 -16"><span class='ocrx_word' id='word_1_377' title='bbox 178 3373 363 3428; x_wconf 77' lang='grc' dir='ltr'>Τοῦτο</span> <span class='ocrx_word' id='word_1_378' title='bbox 392 3374 449 3426; x_wconf 84' lang='grc' dir='ltr'>δὲ</span> <span class='ocrx_word' id='word_1_379' title='bbox 479 3374 799 3442; x_wconf 82' lang='grc' dir='ltr'>γινώσκετε,</span> <span class='ocrx_word' id='word_1_380' title='bbox 819 3373 899 3425; x_wconf 82' lang='grc' dir='ltr'>ὄτι</span> <span class='ocrx_word' id='word_1_381' title='bbox 933 3375 990 3425; x_wconf 86' lang='grc' dir='ltr'><strong>ὲν</strong></span> <span class='ocrx_word' id='word_1_382' title='bbox 1008 3374 1128 3434; x_wconf 82' lang='grc' dir='ltr'>ταῖς</span> <span class='ocrx_word' id='word_1_383' title='bbox 1152 3372 1407 3444; x_wconf 76' lang='grc' dir='ltr'>ἐσχάταις</span> <span class='ocrx_word' id='word_1_384' title='bbox 1434 3375 1690 3443; x_wconf 82' lang='grc' dir='ltr'>ἡμέραις,</span> 
     </span>
    </p>
   </div>
   <div class='ocr_carea' id='block_1_63' title="bbox 110 3464 1695 3536">
    <p class='ocr_par' dir='ltr' id='par_1_63' title="bbox 110 3464 1695 3536">
     <span class='ocr_line' id='line_1_63' title="bbox 110 3464 1695 3536; baseline 0.003 -20"><span class='ocrx_word' id='word_1_385' title='bbox 110 3468 472 3536; x_wconf 72' lang='grc' dir='ltr'>ἐνστήσονται</span> <span class='ocrx_word' id='word_1_386' title='bbox 505 3465 690 3532; x_wconf 74' lang='grc' dir='ltr'>καιροὶ</span> <span class='ocrx_word' id='word_1_387' title='bbox 711 3464 959 3535; x_wconf 85' lang='grc' dir='ltr'>χαλεποί.</span> <span class='ocrx_word' id='word_1_388' title='bbox 994 3465 1250 3518; x_wconf 84' lang='grc' dir='ltr'>Ἔσονται</span> <span class='ocrx_word' id='word_1_389' title='bbox 1280 3464 1388 3536; x_wconf 84' lang='grc' dir='ltr'>γὰρ</span> <span class='ocrx_word' id='word_1_390' title='bbox 1414 3468 1461 3519; x_wconf 81' lang='lat' dir='ltr'><strong>oi</strong></span> <span class='ocrx_word' id='word_1_391' title='bbox 1484 3466 1695 3536; x_wconf 84' lang='grc' dir='ltr'>ἄνθρω-</span> 
     </span>
    </p>
   </div>
   <div class='ocr_carea' id='block_1_64' title="bbox 111 3555 944 3626">
    <p class='ocr_par' dir='ltr' id='par_1_64' title="bbox 111 3555 944 3626">
     <span class='ocr_line' id='line_1_64' title="bbox 111 3555 944 3626; baseline 0.002 -17"><span class='ocrx_word' id='word_1_392' title='bbox 111 3576 201 3609; x_wconf 75' lang='grc' dir='ltr'><strong>ποι</strong></span> <span class='ocrx_word' id='word_1_393' title='bbox 241 3557 501 3625; x_wconf 75' lang='grc' dir='ltr'>φίλαυτοι</span> <span class='ocrx_word' id='word_1_394' title='bbox 528 3597 542 3621; x_wconf 97' lang='grc'><strong>,</strong></span> <span class='ocrx_word' id='word_1_395' title='bbox 577 3557 673 3609; x_wconf 75' lang='grc' dir='ltr'>καὶ</span> <span class='ocrx_word' id='word_1_396' title='bbox 701 3555 769 3608; x_wconf 77' lang='grc' dir='ltr'>τὰ</span> <span class='ocrx_word' id='word_1_397' title='bbox 798 3556 944 3626; x_wconf 75' lang='grc' dir='ltr'>ἑξῆς.</span> 
     </span>
    </p>
   </div>
   <div class='ocr_carea' id='block_1_65' title="bbox 185 3647 1690 3722">
    <p class='ocr_par' dir='ltr' id='par_1_65' title="bbox 185 3647 1690 3722">
     <span class='ocr_line' id='line_1_65' title="bbox 185 3647 1690 3722; baseline 0.001 -20"><span class='ocrx_word' id='word_1_398' title='bbox 185 3649 285 3702; x_wconf 82' lang='grc' dir='ltr'>Ἐν</span> <span class='ocrx_word' id='word_1_399' title='bbox 332 3647 588 3716; x_wconf 75' lang='grc' dir='ltr'>ἁμίλλαις</span> <span class='ocrx_word' id='word_1_400' title='bbox 644 3649 911 3718; x_wconf 81' lang='grc' dir='ltr'>πονηρίας</span> <span class='ocrx_word' id='word_1_401' title='bbox 972 3649 1300 3721; x_wconf 84' lang='grc' dir='ltr'>ἀθλιώτερος</span> <span class='ocrx_word' id='word_1_402' title='bbox 1350 3650 1378 3702; x_wconf 82' lang='grc' dir='ltr'><strong>ό</strong></span> <span class='ocrx_word' id='word_1_403' title='bbox 1427 3652 1690 3722; x_wconf 82' lang='grc' dir='ltr'>νικήσας,</span> 
     </span>
    </p>
   </div>
   <div class='ocr_carea' id='block_1_66' title="bbox 107 3740 1515 3813">
    <p class='ocr_par' dir='ltr' id='par_1_66' title="bbox 107 3740 1515 3813">
     <span class='ocr_line' id='line_1_66' title="bbox 107 3740 1515 3813; baseline 0.003 -20"><span class='ocrx_word' id='word_1_404' title='bbox 107 3743 242 3794; x_wconf 70' lang='grc' dir='ltr'>διότι</span> <span class='ocrx_word' id='word_1_405' title='bbox 277 3743 584 3813; x_wconf 82' lang='grc' dir='ltr'>ἀπέρχεται</span> <span class='ocrx_word' id='word_1_406' title='bbox 611 3741 670 3794; x_wconf 83' lang='grc' dir='ltr'><strong>τὸ</strong></span> <span class='ocrx_word' id='word_1_407' title='bbox 703 3740 886 3793; x_wconf 88' lang='grc' dir='ltr'>πλεῖον</span> <span class='ocrx_word' id='word_1_408' title='bbox 915 3741 1055 3812; x_wconf 75' lang='grc' dir='ltr'>ἔχων</span> <span class='ocrx_word' id='word_1_409' title='bbox 1080 3741 1181 3810; x_wconf 83' lang='grc' dir='ltr'>τῆς</span> <span class='ocrx_word' id='word_1_410' title='bbox 1217 3742 1515 3812; x_wconf 83' lang='grc' dir='ltr'>ἁμαρτίας.</span> 
     </span>
    </p>
   </div>
   <div class='ocr_carea' id='block_1_67' title="bbox 173 3921 1692 3994">
    <p class='ocr_par' dir='ltr' id='par_1_67' title="bbox 173 3921 1692 3994">
     <span class='ocr_line' id='line_1_67' title="bbox 173 3921 1692 3994; baseline 0.004 -20"><span class='ocrx_word' id='word_1_411' title='bbox 173 3924 253 3975; x_wconf 85' lang='grc' dir='ltr'><strong>Τὸ</strong></span> <span class='ocrx_word' id='word_1_412' title='bbox 285 3922 516 3992; x_wconf 76' lang='grc' dir='ltr'>ἔσχατον</span> <span class='ocrx_word' id='word_1_413' title='bbox 555 3923 612 3976; x_wconf 81' lang='grc' dir='ltr'><strong>ἐν</strong></span> <span class='ocrx_word' id='word_1_414' title='bbox 663 3922 904 3994; x_wconf 77' lang='grc' dir='ltr'>πονηρίᾳ</span> <span class='ocrx_word' id='word_1_415' title='bbox 934 3923 1025 3976; x_wconf 76' lang='grc' dir='ltr'>καὶ</span> <span class='ocrx_word' id='word_1_416' title='bbox 1072 3921 1208 3992; x_wconf 79' lang='grc' dir='ltr'>πρὸς</span> <span class='ocrx_word' id='word_1_417' title='bbox 1236 3921 1415 3992; x_wconf 79' lang='grc' dir='ltr'>ἑαυτῷ</span> <span class='ocrx_word' id='word_1_418' title='bbox 1446 3925 1595 3979; x_wconf 78' lang='grc' dir='ltr'>ἐστιν</span> <span class='ocrx_word' id='word_1_419' title='bbox 1627 3926 1692 3980; x_wconf 87' lang='grc' dir='ltr'>ἀ-</span> 
     </span>
    </p>
   </div>
   <div class='ocr_carea' id='block_1_68' title="bbox 108 4016 431 4084">
    <p class='ocr_par' dir='ltr' id='par_1_68' title="bbox 108 4016 431 4084">
     <span class='ocr_line' id='line_1_68' title="bbox 108 4016 431 4084; baseline 0.003 -18"><span class='ocrx_word' id='word_1_420' title='bbox 108 4016 431 4084; x_wconf 75' lang='grc' dir='ltr'>σύμφωνον.</span> 
     </span>
    </p>
   </div>
   <div class='ocr_carea' id='block_1_69' title="bbox 180 4107 1697 4183">
    <p class='ocr_par' dir='ltr' id='par_1_69' title="bbox 180 4107 1697 4183">
     <span class='ocr_line' id='line_1_69' title="bbox 180 4107 1697 4183; baseline 0.002 -21"><span class='ocrx_word' id='word_1_421' title='bbox 180 4108 387 4162; x_wconf 80' lang='grc' dir='ltr'>Πολλοί</span> <span class='ocrx_word' id='word_1_422' title='bbox 436 4109 543 4161; x_wconf 78' lang='grc' dir='ltr'>εἰσι</span> <span class='ocrx_word' id='word_1_423' title='bbox 585 4107 683 4170; x_wconf 73' lang='grc' dir='ltr'><strong>τὰς</strong></span> <span class='ocrx_word' id='word_1_424' title='bbox 725 4109 974 4179; x_wconf 81' lang='grc' dir='ltr'>πονηρὰς</span> <span class='ocrx_word' id='word_1_425' title='bbox 1019 4110 1252 4178; x_wconf 79' lang='grc' dir='ltr'>πράξεις</span> <span class='ocrx_word' id='word_1_426' title='bbox 1281 4112 1697 4183; x_wconf 86' lang='grc' dir='ltr'>ἀποδεχόμενοι,</span> 
     </span>
    </p>
   </div>
   <div class='ocr_carea' id='block_1_70' title="bbox 109 4191 1697 4270">
    <p class='ocr_par' dir='ltr' id='par_1_70' title="bbox 109 4191 1697 4270">
     <span class='ocr_line' id='line_1_70' title="bbox 109 4191 1697 4270; baseline 0.002 -19"><span class='ocrx_word' id='word_1_427' title='bbox 109 4205 205 4252; x_wconf 73' lang='grc' dir='ltr'>καὶ</span> <span class='ocrx_word' id='word_1_428' title='bbox 237 4201 508 4269; x_wconf 67' lang='grc' dir='ltr'>χαρίεντα</span> <span class='ocrx_word' id='word_1_429' title='bbox 555 4197 772 4268; x_wconf 82' lang='grc' dir='ltr'>μὲντδν</span> <span class='ocrx_word' id='word_1_430' title='bbox 816 4199 1156 4270; x_wconf 82' lang='grc' dir='ltr'>εὐτράπελον</span> <span class='ocrx_word' id='word_1_431' title='bbox 1201 4191 1478 4270; x_wconf 80' lang='grc' dir='ltr'>λέγοντες,</span> <span class='ocrx_word' id='word_1_432' title='bbox 1522 4203 1613 4255; x_wconf 81' lang='grc' dir='ltr'><strong>τὸν</strong></span> <span class='ocrx_word' id='word_1_433' title='bbox 1639 4201 1697 4254; x_wconf 78' lang='grc' dir='ltr'>δὲ</span> 
     </span>
    </p>
   </div>
   <div class='ocr_carea' id='block_1_71' title="bbox 107 4291 1698 4364">
    <p class='ocr_par' dir='ltr' id='par_1_71' title="bbox 107 4291 1698 4364">
     <span class='ocr_line' id='line_1_71' title="bbox 107 4291 1698 4364; baseline 0.001 -21"><span class='ocrx_word' id='word_1_434' title='bbox 107 4313 133 4343; x_wconf 78' lang='lat' dir='ltr'><strong>o</strong></span> <span class='ocrx_word' id='word_1_435' title='bbox 149 4292 478 4362; x_wconf 67' lang='grc' dir='ltr'>ἰςχρολόγον</span> <span class='ocrx_word' id='word_1_436' title='bbox 508 4292 786 4345; x_wconf 86' lang='grc' dir='ltr'>πολιτικόν</span> <span class='ocrx_word' id='word_1_437' title='bbox 807 4308 822 4323; x_wconf 75' lang='grc' dir='ltr'><strong><em>ο</em></strong></span> <span class='ocrx_word' id='word_1_438' title='bbox 852 4292 944 4346; x_wconf 80' lang='grc' dir='ltr'><strong>τὸν</strong></span> <span class='ocrx_word' id='word_1_439' title='bbox 973 4291 1174 4362; x_wconf 74' lang='grc' dir='ltr'>πικρὸν</span> <span class='ocrx_word' id='word_1_440' title='bbox 1200 4293 1297 4346; x_wconf 82' lang='grc' dir='ltr'>καὶ</span> <span class='ocrx_word' id='word_1_441' title='bbox 1319 4293 1537 4364; x_wconf 85' lang='grc' dir='ltr'>ὀργίλον</span> <span class='ocrx_word' id='word_1_442' title='bbox 1561 4294 1698 4346; x_wconf 89' lang='grc' dir='ltr'>ἀκα-</span> 
     </span>
    </p>
   </div>
   <div class='ocr_carea' id='block_1_72' title="bbox 106 4383 1697 4454">
    <p class='ocr_par' dir='ltr' id='par_1_72' title="bbox 106 4383 1697 4454">
     <span class='ocr_line' id='line_1_72' title="bbox 106 4383 1697 4454; baseline 0.003 -21"><span class='ocrx_word' id='word_1_443' title='bbox 106 4402 219 4452; x_wconf 76' lang='grc' dir='ltr'><strong>ταφ</strong></span> <span class='ocrx_word' id='word_1_444' title='bbox 232 4385 462 4453; x_wconf 79' lang='grc' dir='ltr'>ρόνητον</span> <span class='ocrx_word' id='word_1_445' title='bbox 491 4383 757 4452; x_wconf 74' lang='grc' dir='ltr'>ὀνομάζον</span> <span class='ocrx_word' id='word_1_446' title='bbox 767 4399 842 4437; x_wconf 88' lang='grc' dir='ltr'>σι·</span> <span class='ocrx_word' id='word_1_447' title='bbox 865 4383 955 4436; x_wconf 81' lang='grc' dir='ltr'><strong>τὸν</strong></span> <span class='ocrx_word' id='word_1_448' title='bbox 978 4383 1239 4454; x_wconf 78' lang='grc' dir='ltr'>φειδωλὸν</span> <span class='ocrx_word' id='word_1_449' title='bbox 1266 4383 1360 4438; x_wconf 75' lang='grc' dir='ltr'><strong>καὶ</strong></span> <span class='ocrx_word' id='word_1_450' title='bbox 1391 4384 1697 4454; x_wconf 84' lang='grc' dir='ltr'>ἀκοινώνη-</span> 
     </span>
    </p>
   </div>
   <div class='ocr_carea' id='block_1_73' title="bbox 105 4473 1702 4542">
    <p class='ocr_par' dir='ltr' id='par_1_73' title="bbox 105 4473 1702 4542">
     <span class='ocr_line' id='line_1_73' title="bbox 105 4473 1702 4542; baseline 0.004 -18"><span class='ocrx_word' id='word_1_451' title='bbox 105 4492 201 4525; x_wconf 79' lang='grc' dir='ltr'>τον</span> <span class='ocrx_word' id='word_1_452' title='bbox 235 4473 319 4536; x_wconf 81' lang='grc' dir='ltr'>ὡς</span> <span class='ocrx_word' id='word_1_453' title='bbox 348 4475 691 4542; x_wconf 78' lang='grc' dir='ltr'>οἰκονομικὸν</span> <span class='ocrx_word' id='word_1_454' title='bbox 731 4475 1015 4528; x_wconf 77' lang='grc' dir='ltr'>ἐπαινοῦσι</span> <span class='ocrx_word' id='word_1_455' title='bbox 1037 4492 1053 4507; x_wconf 77' lang='grc' dir='ltr'><strong><em>ο</em></strong></span> <span class='ocrx_word' id='word_1_456' title='bbox 1092 4475 1184 4530; x_wconf 78' lang='grc' dir='ltr'><strong>τὸν</strong></span> <span class='ocrx_word' id='word_1_457' title='bbox 1206 4476 1416 4531; x_wconf 75' lang='grc' dir='ltr'>ἄσωτον</span> <span class='ocrx_word' id='word_1_458' title='bbox 1442 4476 1516 4540; x_wconf 85' lang='grc' dir='ltr'><strong>ὡς</strong></span> <span class='ocrx_word' id='word_1_459' title='bbox 1549 4477 1702 4531; x_wconf 74' lang='grc' dir='ltr'>ἐλεύ-</span> 
     </span>
    </p>
   </div>
   <div class='ocr_carea' id='block_1_74' title="bbox 1797 3283 2536 3350">
    <p class='ocr_par' dir='ltr' id='par_1_74' title="bbox 1797 3283 2536 3350">
     <span class='ocr_line' id='line_1_74' title="bbox 1797 3283 2536 3350; baseline -0.007 -11"><span class='ocrx_word' id='word_1_460' title='bbox 1797 3285 1938 3339; x_wconf 90' lang='lat' dir='ltr'><strong>enim</strong></span> <span class='ocrx_word' id='word_1_461' title='bbox 1969 3283 2150 3338; x_wconf 89' lang='lat' dir='ltr'><strong>cordis</strong></span> <span class='ocrx_word' id='word_1_462' title='bbox 2179 3300 2242 3338; x_wconf 86' lang='lat' dir='ltr'><strong>os</strong></span> <span class='ocrx_word' id='word_1_463' title='bbox 2273 3283 2536 3350; x_wconf 88' lang='lat' dir='ltr'><strong>loquitur.</strong></span> 
     </span>
    </p>
   </div>
   <div class='ocr_carea' id='block_1_75' title="bbox 1867 3372 3373 3446">
    <p class='ocr_par' dir='ltr' id='par_1_75' title="bbox 1867 3372 3373 3446">
     <span class='ocr_line' id='line_1_75' title="bbox 1867 3372 3373 3446; baseline 0.001 -16"><span class='ocrx_word' id='word_1_464' title='bbox 1867 3377 1892 3430; x_wconf 85' lang='grc'><em>1</em></span> <span class='ocrx_word' id='word_1_465' title='bbox 1930 3375 2067 3431; x_wconf 84' lang='lat' dir='ltr'><strong>Tim.</strong></span> <span class='ocrx_word' id='word_1_466' title='bbox 2100 3391 2181 3430; x_wconf 87' lang='lat' dir='ltr'><strong>ttt.</strong></span> <span class='ocrx_word' id='word_1_467' title='bbox 2210 3375 2348 3430; x_wconf 83' lang='lat' dir='ltr'><strong>illud</strong></span> <span class='ocrx_word' id='word_1_468' title='bbox 2374 3384 2551 3430; x_wconf 88' lang='lat' dir='ltr'><strong>autem</strong></span> <span class='ocrx_word' id='word_1_469' title='bbox 2576 3374 2948 3444; x_wconf 78' lang='lat' dir='ltr'><strong>cognoscitote</strong></span> <span class='ocrx_word' id='word_1_470' title='bbox 2970 3372 3108 3441; x_wconf 86' lang='lat' dir='ltr'><strong>fore,</strong></span> <span class='ocrx_word' id='word_1_471' title='bbox 3133 3385 3188 3429; x_wconf 91' lang='lat' dir='ltr'><strong>ut</strong></span> <span class='ocrx_word' id='word_1_472' title='bbox 3213 3375 3373 3446; x_wconf 76' lang='lat'><strong>171</strong></span> 
     </span>
    </p>
   </div>
   <div class='ocr_carea' id='block_1_76' title="bbox 1797 3463 3376 3537">
    <p class='ocr_par' dir='ltr' id='par_1_76' title="bbox 1797 3463 3376 3537">
     <span class='ocr_line' id='line_1_76' title="bbox 1797 3463 3376 3537; baseline 0.002 -21"><span class='ocrx_word' id='word_1_473' title='bbox 1797 3463 1850 3516; x_wconf 91' lang='lat' dir='ltr'><strong>in</strong></span> <span class='ocrx_word' id='word_1_474' title='bbox 1883 3463 2088 3520; x_wconf 87' lang='lat' dir='ltr'><strong>ultimis</strong></span> <span class='ocrx_word' id='word_1_475' title='bbox 2109 3464 2518 3520; x_wconf 87' lang='lat' dir='ltr'><strong>diebusinstent</strong></span> <span class='ocrx_word' id='word_1_476' title='bbox 2541 3465 2736 3516; x_wconf 90' lang='lat' dir='ltr'><strong>acerba</strong></span> <span class='ocrx_word' id='word_1_477' title='bbox 2761 3473 2810 3516; x_wconf 91' lang='lat' dir='ltr'><strong>et</strong></span> <span class='ocrx_word' id='word_1_478' title='bbox 2839 3463 3082 3519; x_wconf 79' lang='lat' dir='ltr'><strong>difﬁcilia</strong></span> <span class='ocrx_word' id='word_1_479' title='bbox 3106 3474 3376 3537; x_wconf 87' lang='lat' dir='ltr'><strong>tempora.</strong></span> 
     </span>
    </p>
   </div>
   <div class='ocr_carea' id='block_1_77' title="bbox 1798 3555 2998 3622">
    <p class='ocr_par' dir='ltr' id='par_1_77' title="bbox 1798 3555 2998 3622">
     <span class='ocr_line' id='line_1_77' title="bbox 1798 3555 2998 3622; baseline 0.001 -12"><span class='ocrx_word' id='word_1_480' title='bbox 1798 3555 1971 3610; x_wconf 85' lang='lat' dir='ltr'><strong>Erunt</strong></span> <span class='ocrx_word' id='word_1_481' title='bbox 2015 3556 2160 3610; x_wconf 89' lang='lat' dir='ltr'><strong>enim</strong></span> <span class='ocrx_word' id='word_1_482' title='bbox 2199 3557 2446 3612; x_wconf 86' lang='lat' dir='ltr'><strong>homines</strong></span> <span class='ocrx_word' id='word_1_483' title='bbox 2479 3560 2565 3614; x_wconf 90' lang='lat' dir='ltr'><strong>sui</strong></span> <span class='ocrx_word' id='word_1_484' title='bbox 2593 3569 2855 3622; x_wconf 88' lang='lat' dir='ltr'><strong>amantes,</strong></span> <span class='ocrx_word' id='word_1_485' title='bbox 2892 3567 2998 3614; x_wconf 89' lang='lat' dir='ltr'><strong>etc.</strong></span> 
     </span>
    </p>
   </div>
   <div class='ocr_carea' id='block_1_78' title="bbox 1869 3644 3372 3718">
    <p class='ocr_par' dir='ltr' id='par_1_78' title="bbox 1869 3644 3372 3718">
     <span class='ocr_line' id='line_1_78' title="bbox 1869 3644 3372 3718; baseline 0.003 -19"><span class='ocrx_word' id='word_1_486' title='bbox 1869 3644 1930 3700; x_wconf 92' lang='lat' dir='ltr'><strong>S.</strong></span> <span class='ocrx_word' id='word_1_487' title='bbox 1962 3645 2174 3703; x_wconf 78' lang='lat' dir='ltr'><strong>Basilii.</strong></span> <span class='ocrx_word' id='word_1_488' title='bbox 2223 3645 2284 3702; x_wconf 90' lang='lat' dir='ltr'><strong>In</strong></span> <span class='ocrx_word' id='word_1_489' title='bbox 2337 3649 2707 3718; x_wconf 86' lang='lat' dir='ltr'><strong>improbitatis</strong></span> <span class='ocrx_word' id='word_1_490' title='bbox 2755 3649 3053 3705; x_wconf 88' lang='lat' dir='ltr'><strong>certamine</strong></span> <span class='ocrx_word' id='word_1_491' title='bbox 3118 3648 3372 3705; x_wconf 86' lang='lat' dir='ltr'><strong>miserior</strong></span> 
     </span>
    </p>
   </div>
   <div class='ocr_carea' id='block_1_79' title="bbox 1797 3740 3380 3812">
    <p class='ocr_par' dir='ltr' id='par_1_79' title="bbox 1797 3740 3380 3812">
     <span class='ocr_line' id='line_1_79' title="bbox 1797 3740 3380 3812; baseline 0 -16"><span class='ocrx_word' id='word_1_492' title='bbox 1797 3741 1992 3807; x_wconf 87' lang='lat' dir='ltr'><strong>victor,</strong></span> <span class='ocrx_word' id='word_1_493' title='bbox 2029 3756 2193 3810; x_wconf 91' lang='lat' dir='ltr'><strong>quam</strong></span> <span class='ocrx_word' id='word_1_494' title='bbox 2227 3741 2426 3809; x_wconf 87' lang='lat' dir='ltr'><strong>victus,</strong></span> <span class='ocrx_word' id='word_1_495' title='bbox 2477 3755 2766 3812; x_wconf 86' lang='lat' dir='ltr'><strong>propterea</strong></span> <span class='ocrx_word' id='word_1_496' title='bbox 2797 3741 2944 3812; x_wconf 85' lang='lat' dir='ltr'><strong>quod</strong></span> <span class='ocrx_word' id='word_1_497' title='bbox 2990 3740 3082 3796; x_wconf 90' lang='lat' dir='ltr'><strong>ille</strong></span> <span class='ocrx_word' id='word_1_498' title='bbox 3127 3741 3380 3811; x_wconf 87' lang='lat' dir='ltr'><strong>pluribus</strong></span> 
     </span>
    </p>
   </div>
   <div class='ocr_carea' id='block_1_80' title="bbox 1799 3830 2611 3900">
    <p class='ocr_par' dir='ltr' id='par_1_80' title="bbox 1799 3830 2611 3900">
     <span class='ocr_line' id='line_1_80' title="bbox 1799 3830 2611 3900; baseline 0.004 -16"><span class='ocrx_word' id='word_1_499' title='bbox 1799 3830 2035 3900; x_wconf 88' lang='lat' dir='ltr'><strong>peccatis</strong></span> <span class='ocrx_word' id='word_1_500' title='bbox 2075 3840 2310 3887; x_wconf 90' lang='lat' dir='ltr'><strong>onustus</strong></span> <span class='ocrx_word' id='word_1_501' title='bbox 2353 3831 2611 3887; x_wconf 88' lang='lat' dir='ltr'><strong>discedit.</strong></span> 
     </span>
    </p>
   </div>
   <div class='ocr_carea' id='block_1_81' title="bbox 1857 3923 3380 3994">
    <p class='ocr_par' dir='ltr' id='par_1_81' title="bbox 1857 3923 3380 3994">
     <span class='ocr_line' id='line_1_81' title="bbox 1857 3923 3380 3994; baseline 0.001 -16"><span class='ocrx_word' id='word_1_502' title='bbox 1857 3923 2060 3978; x_wconf 88' lang='lat' dir='ltr'><strong>Ultima</strong></span> <span class='ocrx_word' id='word_1_503' title='bbox 2084 3924 2138 3978; x_wconf 92' lang='lat' dir='ltr'><strong>in</strong></span> <span class='ocrx_word' id='word_1_504' title='bbox 2159 3924 2508 3994; x_wconf 86' lang='lat' dir='ltr'><strong>improbitate</strong></span> <span class='ocrx_word' id='word_1_505' title='bbox 2525 3925 2685 3980; x_wconf 87' lang='lat' dir='ltr'><strong>etiam</strong></span> <span class='ocrx_word' id='word_1_506' title='bbox 2706 3937 2892 3981; x_wconf 90' lang='lat' dir='ltr'><strong>secum</strong></span> <span class='ocrx_word' id='word_1_507' title='bbox 2910 3924 3027 3994; x_wconf 89' lang='lat' dir='ltr'><strong>ipsa</strong></span> <span class='ocrx_word' id='word_1_508' title='bbox 3049 3923 3380 3994; x_wconf 88' lang='lat' dir='ltr'><strong>discrepant.</strong></span> 
     </span>
    </p>
   </div>
   <div class='ocr_carea' id='block_1_82' title="bbox 1869 4106 3380 4177">
    <p class='ocr_par' dir='ltr' id='par_1_82' title="bbox 1869 4106 3380 4177">
     <span class='ocr_line' id='line_1_82' title="bbox 1869 4106 3380 4177; baseline -0.003 -14"><span class='ocrx_word' id='word_1_509' title='bbox 1869 4107 2190 4176; x_wconf 89' lang='lat' dir='ltr'><strong>Complures</strong></span> <span class='ocrx_word' id='word_1_510' title='bbox 2217 4117 2368 4173; x_wconf 85' lang='lat' dir='ltr'><strong>sunt,</strong></span> <span class='ocrx_word' id='word_1_511' title='bbox 2411 4107 2505 4177; x_wconf 92' lang='lat' dir='ltr'><strong>qui</strong></span> <span class='ocrx_word' id='word_1_512' title='bbox 2543 4106 2786 4163; x_wconf 89' lang='lat' dir='ltr'><strong>actiones</strong></span> <span class='ocrx_word' id='word_1_513' title='bbox 2818 4121 3017 4176; x_wconf 88' lang='lat' dir='ltr'><strong>pravas</strong></span> <span class='ocrx_word' id='word_1_514' title='bbox 3051 4107 3380 4177; x_wconf 87' lang='lat' dir='ltr'><strong>approbent,</strong></span> 
     </span>
    </p>
   </div>
   <div class='ocr_carea' id='block_1_83' title="bbox 1801 4197 3383 4268">
    <p class='ocr_par' dir='ltr' id='par_1_83' title="bbox 1801 4197 3383 4268">
     <span class='ocr_line' id='line_1_83' title="bbox 1801 4197 3383 4268; baseline -0.001 -16"><span class='ocrx_word' id='word_1_515' title='bbox 1801 4212 1866 4252; x_wconf 91' lang='lat' dir='ltr'><strong>ac</strong></span> <span class='ocrx_word' id='word_1_516' title='bbox 1902 4199 2170 4253; x_wconf 89' lang='lat' dir='ltr'><strong>urbanum</strong></span> <span class='ocrx_word' id='word_1_517' title='bbox 2202 4199 2422 4268; x_wconf 88' lang='lat' dir='ltr'><strong>quidem</strong></span> <span class='ocrx_word' id='word_1_518' title='bbox 2453 4197 2755 4268; x_wconf 74' lang='lat' dir='ltr'><strong>gratiosum</strong></span> <span class='ocrx_word' id='word_1_519' title='bbox 2790 4197 3160 4263; x_wconf 84' lang='lat' dir='ltr'><strong>nominantes,</strong></span> <span class='ocrx_word' id='word_1_520' title='bbox 3203 4204 3259 4252; x_wconf 87' lang='lat' dir='ltr'><strong>et</strong></span> <span class='ocrx_word' id='word_1_521' title='bbox 3281 4199 3383 4253; x_wconf 59' lang='lat' dir='ltr'><strong>obo</strong></span> 
     </span>
    </p>
   </div>
   <div class='ocr_carea' id='block_1_84' title="bbox 1803 4288 3385 4354">
    <p class='ocr_par' dir='ltr' id='par_1_84' title="bbox 1803 4288 3385 4354">
     <span class='ocr_line' id='line_1_84' title="bbox 1803 4288 3385 4354; baseline -0.003 -7"><span class='ocrx_word' id='word_1_522' title='bbox 1803 4291 2078 4347; x_wconf 86' lang='lat' dir='ltr'><strong>scenitate</strong></span> <span class='ocrx_word' id='word_1_523' title='bbox 2109 4292 2398 4347; x_wconf 87' lang='lat' dir='ltr'><strong>verborum</strong></span> <span class='ocrx_word' id='word_1_524' title='bbox 2427 4297 2690 4354; x_wconf 91' lang='lat' dir='ltr'><strong>utentem,</strong></span> <span class='ocrx_word' id='word_1_525' title='bbox 2714 4288 2932 4344; x_wconf 84' lang='lat' dir='ltr'><strong>civilem</strong></span> <span class='ocrx_word' id='word_1_526' title='bbox 2975 4305 2992 4343; x_wconf 91' lang='lat'><strong>:</strong></span> <span class='ocrx_word' id='word_1_527' title='bbox 3034 4289 3290 4348; x_wconf 84' lang='lat' dir='ltr'><strong>acerbum</strong></span> <span class='ocrx_word' id='word_1_528' title='bbox 3328 4299 3385 4343; x_wconf 90' lang='lat' dir='ltr'><strong>ct</strong></span> 
     </span>
    </p>
   </div>
   <div class='ocr_carea' id='block_1_85' title="bbox 1802 4378 3385 4447">
    <p class='ocr_par' dir='ltr' id='par_1_85' title="bbox 1802 4378 3385 4447">
     <span class='ocr_line' id='line_1_85' title="bbox 1802 4378 3385 4447; baseline -0.004 -10"><span class='ocrx_word' id='word_1_529' title='bbox 1802 4381 2122 4438; x_wconf 89' lang='lat' dir='ltr'><strong>iracundum</strong></span> <span class='ocrx_word' id='word_1_530' title='bbox 2196 4381 2423 4436; x_wconf 84' lang='lat' dir='ltr'><strong>minime</strong></span> <span class='ocrx_word' id='word_1_531' title='bbox 2457 4378 2918 4434; x_wconf 87' lang='lat' dir='ltr'><strong>contemnendum</strong></span> <span class='ocrx_word' id='word_1_532' title='bbox 2963 4388 3162 4433; x_wconf 90' lang='lat' dir='ltr'><strong>vocant</strong></span> <span class='ocrx_word' id='word_1_533' title='bbox 3205 4393 3221 4431; x_wconf 88' lang='lat'><strong>:</strong></span> <span class='ocrx_word' id='word_1_534' title='bbox 3259 4393 3385 4447; x_wconf 83' lang='lat' dir='ltr'><strong>par-</strong></span> 
     </span>
    </p>
   </div>
   <div class='ocr_carea' id='block_1_86' title="bbox 1802 4469 3386 4542">
    <p class='ocr_par' dir='ltr' id='par_1_86' title="bbox 1802 4469 3386 4542">
     <span class='ocr_line' id='line_1_86' title="bbox 1802 4469 3386 4542; baseline -0.004 -13"><span class='ocrx_word' id='word_1_535' title='bbox 1802 4489 1923 4530; x_wconf 91' lang='lat' dir='ltr'><strong>cum</strong></span> <span class='ocrx_word' id='word_1_536' title='bbox 1963 4482 2018 4528; x_wconf 87' lang='lat' dir='ltr'><strong>et</strong></span> <span class='ocrx_word' id='word_1_537' title='bbox 2053 4473 2288 4528; x_wconf 88' lang='lat' dir='ltr'><strong>alienum</strong></span> <span class='ocrx_word' id='word_1_538' title='bbox 2323 4487 2353 4527; x_wconf 90' lang='lat' dir='ltr'><strong>a</strong></span> <span class='ocrx_word' id='word_1_539' title='bbox 2391 4472 2716 4528; x_wconf 85' lang='lat' dir='ltr'><strong>liberalitate</strong></span> <span class='ocrx_word' id='word_1_540' title='bbox 2771 4469 2927 4542; x_wconf 90' lang='lat' dir='ltr'><strong>quasi</strong></span> <span class='ocrx_word' id='word_1_541' title='bbox 2974 4471 3051 4524; x_wconf 83' lang='lat' dir='ltr'><strong>rei</strong></span> <span class='ocrx_word' id='word_1_542' title='bbox 3100 4469 3386 4524; x_wconf 76' lang='lat' dir='ltr'><strong>familiaris</strong></span> 
     </span>
    </p>
   </div>
   <div class='ocr_carea' id='block_1_87' title="bbox 107 4563 1691 4638">
    <p class='ocr_par' dir='ltr' id='par_1_87' title="bbox 107 4565 1691 4638">
     <span class='ocr_line' id='line_1_87' title="bbox 107 4565 1691 4638; baseline 0.003 -21"><span class='ocrx_word' id='word_1_543' title='bbox 107 4569 278 4636; x_wconf 76' lang='grc' dir='ltr'>θερον</span> <span class='ocrx_word' id='word_1_544' title='bbox 304 4582 319 4596; x_wconf 79' lang='grc' dir='ltr'><strong>ο</strong></span> <span class='ocrx_word' id='word_1_545' title='bbox 365 4566 460 4619; x_wconf 82' lang='grc' dir='ltr'><strong>τὸν</strong></span> <span class='ocrx_word' id='word_1_546' title='bbox 490 4567 692 4636; x_wconf 86' lang='grc' dir='ltr'>πόρνον</span> <span class='ocrx_word' id='word_1_547' title='bbox 740 4567 836 4620; x_wconf 82' lang='grc' dir='ltr'>καὶ</span> <span class='ocrx_word' id='word_1_548' title='bbox 875 4565 1085 4638; x_wconf 85' lang='grc' dir='ltr'>ἀσελγῆ</span> <span class='ocrx_word' id='word_1_549' title='bbox 1135 4567 1531 4623; x_wconf 85' lang='grc' dir='ltr'>ἀπολαυστικόν</span> <span class='ocrx_word' id='word_1_550' title='bbox 1573 4586 1691 4623; x_wconf 87' lang='grc' dir='ltr'>τινα</span> 
     </span>
    </p>
   </div>
   <div class='ocr_carea' id='block_1_88' title="bbox 1829 4563 3382 4638">
    <p class='ocr_par' dir='ltr' id='par_1_88' title="bbox 1829 4563 3382 4634">
     <span class='ocr_line' id='line_1_88' title="bbox 1829 4563 3382 4634; baseline -0.004 -14"><span class='ocrx_word' id='word_1_551' title='bbox 1829 4565 2252 4620; x_wconf 72' lang='lat' dir='ltr'><strong>idtninistranda:</strong></span> <span class='ocrx_word' id='word_1_552' title='bbox 2281 4565 2512 4634; x_wconf 85' lang='lat' dir='ltr'><strong>peritum</strong></span> <span class='ocrx_word' id='word_1_553' title='bbox 2547 4564 2811 4632; x_wconf 86' lang='lat' dir='ltr'><strong>laudant;</strong></span> <span class='ocrx_word' id='word_1_554' title='bbox 2857 4563 3145 4634; x_wconf 72' lang='lat' dir='ltr'><strong>prodigum</strong></span> <span class='ocrx_word' id='word_1_555' title='bbox 3171 4601 3187 4626; x_wconf 88' lang='lat'><strong>,</strong></span> <span class='ocrx_word' id='word_1_556' title='bbox 3224 4564 3382 4630; x_wconf 88' lang='lat' dir='ltr'><strong>quasi</strong></span> 
     </span>
    </p>
   </div>
   <div class='ocr_carea' id='block_1_89' title="bbox 103 4659 1702 4732">
    <p class='ocr_par' dir='ltr' id='par_1_89' title="bbox 103 4659 1702 4732">
     <span class='ocr_line' id='line_1_89' title="bbox 103 4659 1702 4732; baseline 0.003 -23"><span class='ocrx_word' id='word_1_557' title='bbox 103 4660 209 4711; x_wconf 75' lang='grc' dir='ltr'>καὶ</span> <span class='ocrx_word' id='word_1_558' title='bbox 259 4659 569 4726; x_wconf 82' lang='grc' dir='ltr'>ἀνειμένον.</span> <span class='ocrx_word' id='word_1_559' title='bbox 607 4660 670 4712; x_wconf 81' lang='lat' dir='ltr'><strong>Oi</strong></span> <span class='ocrx_word' id='word_1_560' title='bbox 716 4659 952 4713; x_wconf 81' lang='grc' dir='ltr'>τοιοῦτοι</span> <span class='ocrx_word' id='word_1_561' title='bbox 1011 4659 1089 4730; x_wconf 79' lang='grc' dir='ltr'><strong>τῷ</strong></span> <span class='ocrx_word' id='word_1_562' title='bbox 1138 4661 1368 4729; x_wconf 89' lang='grc' dir='ltr'>στόματι</span> <span class='ocrx_word' id='word_1_563' title='bbox 1413 4661 1515 4732; x_wconf 76' lang='grc' dir='ltr'>μὲν</span> <span class='ocrx_word' id='word_1_564' title='bbox 1553 4661 1702 4714; x_wconf 87' lang='grc' dir='ltr'>εὐλο-</span> 
     </span>
    </p>
   </div>
   <div class='ocr_carea' id='block_1_90' title="bbox 105 4750 1704 4825">
    <p class='ocr_par' dir='ltr' id='par_1_90' title="bbox 105 4750 1704 4825">
     <span class='ocr_line' id='line_1_90' title="bbox 105 4750 1704 4825; baseline 0.004 -23"><span class='ocrx_word' id='word_1_565' title='bbox 105 4752 307 4815; x_wconf 71' lang='grc' dir='ltr'>γοῦσι,</span> <span class='ocrx_word' id='word_1_566' title='bbox 340 4754 407 4821; x_wconf 85' lang='grc' dir='ltr'>τῇ</span> <span class='ocrx_word' id='word_1_567' title='bbox 440 4750 498 4803; x_wconf 86' lang='grc' dir='ltr'>δὲ</span> <span class='ocrx_word' id='word_1_568' title='bbox 535 4753 734 4823; x_wconf 76' lang='grc' dir='ltr'>καρδίᾳ</span> <span class='ocrx_word' id='word_1_569' title='bbox 792 4751 1167 4822; x_wconf 82' lang='grc' dir='ltr'>καταρῶνται.</span> <span class='ocrx_word' id='word_1_570' title='bbox 1207 4753 1296 4806; x_wconf 87' lang='grc' dir='ltr'><strong>Ἐν</strong></span> <span class='ocrx_word' id='word_1_571' title='bbox 1331 4753 1443 4824; x_wconf 81' lang='grc' dir='ltr'><strong>γὰρ</strong></span> <span class='ocrx_word' id='word_1_572' title='bbox 1490 4757 1558 4825; x_wconf 79' lang='grc' dir='ltr'><strong>τῇ</strong></span> <span class='ocrx_word' id='word_1_573' title='bbox 1592 4755 1704 4808; x_wconf 88' lang='grc' dir='ltr'>τῶν</span> 
     </span>
    </p>
   </div>
   <div class='ocr_carea' id='block_1_91' title="bbox 105 4846 1704 4918">
    <p class='ocr_par' dir='ltr' id='par_1_91' title="bbox 105 4846 1704 4918">
     <span class='ocr_line' id='line_1_91' title="bbox 105 4846 1704 4918; baseline 0.004 -24"><span class='ocrx_word' id='word_1_574' title='bbox 105 4846 391 4915; x_wconf 72' lang='grc' dir='ltr'>ῥημάτων</span> <span class='ocrx_word' id='word_1_575' title='bbox 425 4846 674 4917; x_wconf 67' lang='grc' dir='ltr'>εὐφημίᾳ.</span> <span class='ocrx_word' id='word_1_576' title='bbox 705 4848 888 4900; x_wconf 81' lang='grc' dir='ltr'>πᾶσαν</span> <span class='ocrx_word' id='word_1_577' title='bbox 915 4848 1159 4918; x_wconf 83' lang='grc' dir='ltr'>κατάραν</span> <span class='ocrx_word' id='word_1_578' title='bbox 1195 4846 1494 4914; x_wconf 81' lang='grc' dir='ltr'>ἐπάγουσιν</span> <span class='ocrx_word' id='word_1_579' title='bbox 1526 4849 1704 4902; x_wconf 81' lang='grc' dir='ltr'>αὐτῶν</span> 
     </span>
    </p>
   </div>
   <div class='ocr_carea' id='block_1_92' title="bbox 103 4935 1701 5009">
    <p class='ocr_par' dir='ltr' id='par_1_92' title="bbox 103 4935 1701 5009">
     <span class='ocr_line' id='line_1_92' title="bbox 103 4935 1701 5009; baseline 0.004 -24"><span class='ocrx_word' id='word_1_580' title='bbox 103 4941 176 5001; x_wconf 68' lang='grc' dir='ltr'>τῇ</span> <span class='ocrx_word' id='word_1_581' title='bbox 239 4935 389 5008; x_wconf 79' lang='grc' dir='ltr'>ζωῇ,</span> <span class='ocrx_word' id='word_1_582' title='bbox 426 4937 714 5000; x_wconf 82' lang='grc' dir='ltr'>ὑποδίκους</span> <span class='ocrx_word' id='word_1_583' title='bbox 752 4938 950 5000; x_wconf 72' lang='grc' dir='ltr'>αὐτοὺς</span> <span class='ocrx_word' id='word_1_584' title='bbox 996 4942 1062 5009; x_wconf 83' lang='grc' dir='ltr'>τῇ</span> <span class='ocrx_word' id='word_1_585' title='bbox 1112 4938 1318 5007; x_wconf 74' lang='grc' dir='ltr'>αἰωνίῳ</span> <span class='ocrx_word' id='word_1_586' title='bbox 1357 4940 1701 5009; x_wconf 85' lang='grc' dir='ltr'>κατακρίσει,</span> 
     </span>
    </p>
   </div>
   <div class='ocr_carea' id='block_1_93' title="bbox 104 5024 1134 5096">
    <p class='ocr_par' dir='ltr' id='par_1_93' title="bbox 104 5024 1134 5096">
     <span class='ocr_line' id='line_1_93' title="bbox 104 5024 1134 5096; baseline 0.006 -19"><span class='ocrx_word' id='word_1_587' title='bbox 104 5024 172 5078; x_wconf 78' lang='grc' dir='ltr'>δι’</span> <span class='ocrx_word' id='word_1_588' title='bbox 210 5024 298 5081; x_wconf 80' lang='grc' dir='ltr'>ὧν</span> <span class='ocrx_word' id='word_1_589' title='bbox 327 5027 707 5096; x_wconf 80' lang='grc' dir='ltr'>ἀποδέχονται,</span> <span class='ocrx_word' id='word_1_590' title='bbox 744 5029 1134 5095; x_wconf 85' lang='grc' dir='ltr'>καθιστῶντες.</span> 
     </span>
    </p>
   </div>
   <div class='ocr_carea' id='block_1_94' title="bbox 192 5291 1706 5363">
    <p class='ocr_par' dir='ltr' id='par_1_94' title="bbox 192 5291 1706 5363">
     <span class='ocr_line' id='line_1_94' title="bbox 192 5291 1706 5363; baseline -0.001 -14"><span class='ocrx_word' id='word_1_591' title='bbox 192 5298 420 5356; x_wconf 80' lang='grc' dir='ltr'>Ὄντως</span> <span class='ocrx_word' id='word_1_592' title='bbox 465 5291 853 5361; x_wconf 87' lang='grc' dir='ltr'>ἀσυλλόγιστόν</span> <span class='ocrx_word' id='word_1_593' title='bbox 900 5309 954 5346; x_wconf 88' lang='grc' dir='ltr'><strong>τι</strong></span> <span class='ocrx_word' id='word_1_594' title='bbox 1011 5295 1248 5362; x_wconf 77' lang='grc' dir='ltr'>πρᾶγμα</span> <span class='ocrx_word' id='word_1_595' title='bbox 1298 5293 1333 5363; x_wconf 78' lang='grc' dir='ltr'><strong>ἡ</strong></span> <span class='ocrx_word' id='word_1_596' title='bbox 1395 5291 1706 5363; x_wconf 85' lang='grc' dir='ltr'>μοχθηρία,</span> 
     </span>
    </p>
   </div>
   <div class='ocr_carea' id='block_1_95' title="bbox 99 5384 1710 5456">
    <p class='ocr_par' dir='ltr' id='par_1_95' title="bbox 99 5384 1710 5456">
     <span class='ocr_line' id='line_1_95' title="bbox 99 5384 1710 5456; baseline -0.004 -12"><span class='ocrx_word' id='word_1_597' title='bbox 99 5392 212 5444; x_wconf 74' lang='grc' dir='ltr'>καὶ</span> <span class='ocrx_word' id='word_1_598' title='bbox 268 5388 427 5440; x_wconf 72' lang='grc' dir='ltr'>οὐδέν</span> <span class='ocrx_word' id='word_1_599' title='bbox 479 5387 626 5438; x_wconf 70' lang='grc' dir='ltr'>ἐστιν</span> <span class='ocrx_word' id='word_1_600' title='bbox 676 5384 705 5438; x_wconf 79' lang='grc' dir='ltr'><strong>ό</strong></span> <span class='ocrx_word' id='word_1_601' title='bbox 751 5385 879 5447; x_wconf 83' lang='grc' dir='ltr'>τοὺς</span> <span class='ocrx_word' id='word_1_602' title='bbox 933 5389 1204 5455; x_wconf 78' lang='grc' dir='ltr'>πονηροὺς</span> <span class='ocrx_word' id='word_1_603' title='bbox 1255 5385 1503 5455; x_wconf 82' lang='grc' dir='ltr'>βελτίους</span> <span class='ocrx_word' id='word_1_604' title='bbox 1551 5386 1710 5456; x_wconf 80' lang='grc' dir='ltr'>ποιή-</span> 
     </span>
    </p>
   </div>
   <div class='ocr_carea' id='block_1_96' title="bbox 102 5499 302 5536">
    <p class='ocr_par' dir='ltr' id='par_1_96' title="bbox 102 5499 302 5536">
     <span class='ocr_line' id='line_1_96' title="bbox 102 5499 302 5536; baseline 0 0"><span class='ocrx_word' id='word_1_605' title='bbox 102 5499 302 5536; x_wconf 78' lang='grc' dir='ltr'>σειεν.</span> 
     </span>
    </p>
   </div>
   <div class='ocr_carea' id='block_1_97' title="bbox 181 5569 1705 5644">
    <p class='ocr_par' dir='ltr' id='par_1_97' title="bbox 181 5569 1705 5644">
     <span class='ocr_line' id='line_1_97' title="bbox 181 5569 1705 5644; baseline -0.01 -15"><span class='ocrx_word' id='word_1_606' title='bbox 181 5573 526 5644; x_wconf 72' lang='grc' dir='ltr'>Εὺζήλωτον</span> <span class='ocrx_word' id='word_1_607' title='bbox 560 5570 745 5640; x_wconf 82' lang='grc' dir='ltr'>μέντοι</span> <span class='ocrx_word' id='word_1_608' title='bbox 773 5571 870 5624; x_wconf 73' lang='grc' dir='ltr'>καὶ</span> <span class='ocrx_word' id='word_1_609' title='bbox 909 5569 1204 5642; x_wconf 85' lang='grc' dir='ltr'>πρόχειρον</span> <span class='ocrx_word' id='word_1_610' title='bbox 1240 5571 1478 5641; x_wconf 83' lang='grc' dir='ltr'>πρᾶγμα</span> <span class='ocrx_word' id='word_1_611' title='bbox 1519 5573 1552 5637; x_wconf 76' lang='grc' dir='ltr'><strong>ἡ</strong></span> <span class='ocrx_word' id='word_1_612' title='bbox 1603 5589 1705 5643; x_wconf 81' lang='grc' dir='ltr'><strong>μο.</strong></span> 
     </span>
    </p>
   </div>
   <div class='ocr_carea' id='block_1_98' title="bbox 95 5663 1710 5742">
    <p class='ocr_par' dir='ltr' id='par_1_98' title="bbox 95 5663 1710 5742">
     <span class='ocr_line' id='line_1_98' title="bbox 95 5663 1710 5742; baseline -0.002 -21"><span class='ocrx_word' id='word_1_613' title='bbox 95 5668 358 5742; x_wconf 72' lang='grc' dir='ltr'>χ’)ηρία,</span> <span class='ocrx_word' id='word_1_614' title='bbox 385 5666 480 5720; x_wconf 77' lang='grc' dir='ltr'>καὶ</span> <span class='ocrx_word' id='word_1_615' title='bbox 510 5665 664 5718; x_wconf 81' lang='grc' dir='ltr'>οὐδὲν</span> <span class='ocrx_word' id='word_1_616' title='bbox 701 5663 842 5718; x_wconf 77' lang='grc' dir='ltr'>οὕτω</span> <span class='ocrx_word' id='word_1_617' title='bbox 887 5665 1072 5735; x_wconf 76' lang='grc' dir='ltr'>ῥᾴδιον</span> <span class='ocrx_word' id='word_1_618' title='bbox 1117 5665 1193 5728; x_wconf 87' lang='grc' dir='ltr'>ὡς</span> <span class='ocrx_word' id='word_1_619' title='bbox 1228 5665 1289 5718; x_wconf 80' lang='grc' dir='ltr'><strong>τὸ</strong></span> <span class='ocrx_word' id='word_1_620' title='bbox 1322 5666 1581 5734; x_wconf 80' lang='grc' dir='ltr'>γενέσθαι</span> <span class='ocrx_word' id='word_1_621' title='bbox 1607 5683 1710 5718; x_wconf 84' lang='grc' dir='ltr'>κα-</span> 
     </span>
    </p>
   </div>
   <div class='ocr_carea' id='block_1_99' title="bbox 97 5766 241 5822">
    <p class='ocr_par' dir='ltr' id='par_1_99' title="bbox 97 5766 241 5822">
     <span class='ocr_line' id='line_1_99' title="bbox 97 5766 241 5822; baseline -0.014 -5"><span class='ocrx_word' id='word_1_622' title='bbox 97 5766 241 5822; x_wconf 73' lang='grc' dir='ltr'>κός.</span> 
     </span>
    </p>
   </div>
   <div class='ocr_carea' id='block_1_100' title="bbox 189 5850 1704 5922">
    <p class='ocr_par' dir='ltr' id='par_1_100' title="bbox 189 5850 1704 5922">
     <span class='ocr_line' id='line_1_100' title="bbox 189 5850 1704 5922; baseline -0.002 -17"><span class='ocrx_word' id='word_1_623' title='bbox 189 5851 528 5906; x_wconf 73' lang='grc' dir='ltr'>Δύσληπτον</span> <span class='ocrx_word' id='word_1_624' title='bbox 576 5851 673 5916; x_wconf 70' lang='grc' dir='ltr'><strong>μὲν</strong></span> <span class='ocrx_word' id='word_1_625' title='bbox 700 5851 760 5905; x_wconf 74' lang='grc' dir='ltr'>τὸ</span> <span class='ocrx_word' id='word_1_626' title='bbox 798 5851 1006 5920; x_wconf 74' lang='grc' dir='ltr'>ἀγαθὸν</span> <span class='ocrx_word' id='word_1_627' title='bbox 1048 5853 1116 5922; x_wconf 75' lang='grc' dir='ltr'><strong>τῇ</strong></span> <span class='ocrx_word' id='word_1_628' title='bbox 1151 5850 1468 5922; x_wconf 71' lang='grc' dir='ltr'>ἀνθρωπίνη</span> <span class='ocrx_word' id='word_1_629' title='bbox 1521 5850 1704 5918; x_wconf 61' lang='grc' dir='ltr'>φύσει,</span> 
     </span>
    </p>
   </div>
   <div class='ocr_carea' id='block_1_101' title="bbox 1804 4651 3383 4723">
    <p class='ocr_par' dir='ltr' id='par_1_101' title="bbox 1804 4651 3383 4723">
     <span class='ocr_line' id='line_1_101' title="bbox 1804 4651 3383 4723; baseline -0.006 -13"><span class='ocrx_word' id='word_1_630' title='bbox 1804 4655 2127 4723; x_wconf 89' lang='lat' dir='ltr'><strong>liberalem;</strong></span> <span class='ocrx_word' id='word_1_631' title='bbox 2173 4664 2536 4712; x_wconf 88' lang='lat' dir='ltr'><strong>scortatorem</strong></span> <span class='ocrx_word' id='word_1_632' title='bbox 2591 4655 2967 4721; x_wconf 84' lang='lat' dir='ltr'><strong>libidinosum,</strong></span> <span class='ocrx_word' id='word_1_633' title='bbox 3017 4651 3383 4721; x_wconf 77' lang='lat' dir='ltr'><strong>voluptarium</strong></span> 
     </span>
    </p>
   </div>
   <div class='ocr_carea' id='block_1_102' title="bbox 1805 4740 3385 4815">
    <p class='ocr_par' dir='ltr' id='par_1_102' title="bbox 1805 4740 3385 4815">
     <span class='ocr_line' id='line_1_102' title="bbox 1805 4740 3385 4815; baseline -0.002 -18"><span class='ocrx_word' id='word_1_634' title='bbox 1805 4746 2095 4815; x_wconf 82' lang='lat' dir='ltr'><strong>quemdam</strong></span> <span class='ocrx_word' id='word_1_635' title='bbox 2145 4753 2199 4799; x_wconf 89' lang='lat' dir='ltr'><strong>et</strong></span> <span class='ocrx_word' id='word_1_636' title='bbox 2245 4745 2644 4800; x_wconf 87' lang='lat' dir='ltr'><strong>remissiorem.</strong></span> <span class='ocrx_word' id='word_1_637' title='bbox 2702 4742 3016 4800; x_wconf 88' lang='lat' dir='ltr'><strong>Istiusmodi</strong></span> <span class='ocrx_word' id='word_1_638' title='bbox 3067 4740 3385 4797; x_wconf 87' lang='lat' dir='ltr'><strong>laudatores</strong></span> 
     </span>
    </p>
   </div>
   <div class='ocr_carea' id='block_1_103' title="bbox 1808 4836 3386 4909">
    <p class='ocr_par' dir='ltr' id='par_1_103' title="bbox 1808 4836 3386 4909">
     <span class='ocr_line' id='line_1_103' title="bbox 1808 4836 3386 4909; baseline -0.004 -16"><span class='ocrx_word' id='word_1_639' title='bbox 1808 4839 1914 4895; x_wconf 90' lang='lat' dir='ltr'><strong>illis</strong></span> <span class='ocrx_word' id='word_1_640' title='bbox 1935 4853 2030 4894; x_wconf 88' lang='lat' dir='ltr'><strong>ore</strong></span> <span class='ocrx_word' id='word_1_641' title='bbox 2057 4837 2278 4909; x_wconf 89' lang='lat' dir='ltr'><strong>quidem</strong></span> <span class='ocrx_word' id='word_1_642' title='bbox 2306 4838 2446 4892; x_wconf 90' lang='lat' dir='ltr'><strong>bene</strong></span> <span class='ocrx_word' id='word_1_643' title='bbox 2472 4847 2783 4907; x_wconf 88' lang='lat' dir='ltr'><strong>precantur,</strong></span> <span class='ocrx_word' id='word_1_644' title='bbox 2817 4845 2872 4890; x_wconf 89' lang='lat' dir='ltr'><strong>at</strong></span> <span class='ocrx_word' id='word_1_645' title='bbox 2903 4836 3068 4891; x_wconf 91' lang='lat' dir='ltr'><strong>corde</strong></span> <span class='ocrx_word' id='word_1_646' title='bbox 3094 4849 3386 4889; x_wconf 78' lang='lat' dir='ltr'><strong>exsecran-</strong></span> 
     </span>
    </p>
   </div>
   <div class='ocr_carea' id='block_1_104' title="bbox 1808 4928 3390 4998">
    <p class='ocr_par' dir='ltr' id='par_1_104' title="bbox 1808 4928 3390 4998">
     <span class='ocr_line' id='line_1_104' title="bbox 1808 4928 3390 4998; baseline -0.003 -14"><span class='ocrx_word' id='word_1_647' title='bbox 1808 4941 1914 4984; x_wconf 89' lang='lat' dir='ltr'><strong>tur.</strong></span> <span class='ocrx_word' id='word_1_648' title='bbox 1951 4929 2086 4985; x_wconf 86' lang='lat' dir='ltr'><strong>Nam</strong></span> <span class='ocrx_word' id='word_1_649' title='bbox 2139 4932 2191 4984; x_wconf 95' lang='lat' dir='ltr'><strong>in</strong></span> <span class='ocrx_word' id='word_1_650' title='bbox 2243 4930 2330 4984; x_wconf 87' lang='lat' dir='ltr'><strong>illa</strong></span> <span class='ocrx_word' id='word_1_651' title='bbox 2378 4932 2668 4984; x_wconf 89' lang='lat' dir='ltr'><strong>verborum</strong></span> <span class='ocrx_word' id='word_1_652' title='bbox 2719 4928 2946 4998; x_wconf 89' lang='lat' dir='ltr'><strong>pulchra</strong></span> <span class='ocrx_word' id='word_1_653' title='bbox 2990 4942 3390 4984; x_wconf 89' lang='lat' dir='ltr'><strong>commemora-</strong></span> 
     </span>
    </p>
   </div>
   <div class='ocr_carea' id='block_1_105' title="bbox 1811 5019 3387 5078">
    <p class='ocr_par' dir='ltr' id='par_1_105' title="bbox 1811 5019 3387 5078">
     <span class='ocr_line' id='line_1_105' title="bbox 1811 5019 3387 5078; baseline -0.003 -2"><span class='ocrx_word' id='word_1_654' title='bbox 1811 5024 1958 5077; x_wconf 81' lang='lat' dir='ltr'><strong>tione</strong></span> <span class='ocrx_word' id='word_1_655' title='bbox 2015 5037 2231 5078; x_wconf 91' lang='lat' dir='ltr'><strong>omnem</strong></span> <span class='ocrx_word' id='word_1_656' title='bbox 2260 5021 2702 5076; x_wconf 79' lang='lat' dir='ltr'><strong>exsecrationem</strong></span> <span class='ocrx_word' id='word_1_657' title='bbox 2747 5020 2802 5075; x_wconf 92' lang='lat' dir='ltr'><strong>in</strong></span> <span class='ocrx_word' id='word_1_658' title='bbox 2842 5021 3058 5076; x_wconf 89' lang='lat' dir='ltr'><strong>illorum</strong></span> <span class='ocrx_word' id='word_1_659' title='bbox 3103 5023 3266 5074; x_wconf 84' lang='lat' dir='ltr'><strong>vitam</strong></span> <span class='ocrx_word' id='word_1_660' title='bbox 3301 5019 3387 5072; x_wconf 88' lang='lat' dir='ltr'><strong>in-</strong></span> 
     </span>
    </p>
   </div>
   <div class='ocr_carea' id='block_1_106' title="bbox 1809 5108 3388 5177">
    <p class='ocr_par' dir='ltr' id='par_1_106' title="bbox 1809 5108 3388 5177">
     <span class='ocr_line' id='line_1_106' title="bbox 1809 5108 3388 5177; baseline -0.003 -10"><span class='ocrx_word' id='word_1_661' title='bbox 1809 5122 2036 5177; x_wconf 81' lang='lat' dir='ltr'><strong>ducunt,</strong></span> <span class='ocrx_word' id='word_1_662' title='bbox 2074 5114 2184 5166; x_wconf 87' lang='lat' dir='ltr'><strong>inm</strong></span> <span class='ocrx_word' id='word_1_663' title='bbox 2224 5109 2320 5168; x_wconf 83' lang='lat' dir='ltr'><strong>eos</strong></span> <span class='ocrx_word' id='word_1_664' title='bbox 2347 5121 2569 5167; x_wconf 65' lang='lat' dir='ltr'><strong>aeternae</strong></span> <span class='ocrx_word' id='word_1_665' title='bbox 2597 5111 2940 5166; x_wconf 87' lang='lat' dir='ltr'><strong>damnationi</strong></span> <span class='ocrx_word' id='word_1_666' title='bbox 2969 5112 3238 5167; x_wconf 76' lang='lat' dir='ltr'><strong>obnoxios</strong></span> <span class='ocrx_word' id='word_1_667' title='bbox 3269 5108 3388 5165; x_wconf 77' lang='lat' dir='ltr'><strong>citi-</strong></span> 
     </span>
    </p>
   </div>
   <div class='ocr_carea' id='block_1_107' title="bbox 1809 5205 2716 5274">
    <p class='ocr_par' dir='ltr' id='par_1_107' title="bbox 1809 5205 2716 5274">
     <span class='ocr_line' id='line_1_107' title="bbox 1809 5205 2716 5274; baseline -0.003 -14"><span class='ocrx_word' id='word_1_668' title='bbox 1809 5209 1981 5270; x_wconf 81' lang='lat' dir='ltr'><strong>ciunt,</strong></span> <span class='ocrx_word' id='word_1_669' title='bbox 2028 5207 2141 5274; x_wconf 85' lang='lat' dir='ltr'><strong>ipsa</strong></span> <span class='ocrx_word' id='word_1_670' title='bbox 2171 5205 2299 5258; x_wconf 85' lang='lat' dir='ltr'><strong>vitia</strong></span> <span class='ocrx_word' id='word_1_671' title='bbox 2330 5205 2716 5272; x_wconf 83' lang='lat' dir='ltr'><strong>approbantes.</strong></span> 
     </span>
    </p>
   </div>
   <div class='ocr_carea' id='block_1_108' title="bbox 1887 5295 3390 5367">
    <p class='ocr_par' dir='ltr' id='par_1_108' title="bbox 1887 5295 3390 5367">
     <span class='ocr_line' id='line_1_108' title="bbox 1887 5295 3390 5367; baseline -0.007 -16"><span class='ocrx_word' id='word_1_672' title='bbox 1887 5298 2158 5367; x_wconf 80' lang='lat' dir='ltr'><strong>Theologi.</strong></span> <span class='ocrx_word' id='word_1_673' title='bbox 2191 5297 2443 5350; x_wconf 78' lang='lat' dir='ltr'><strong>Profecto</strong></span> <span class='ocrx_word' id='word_1_674' title='bbox 2474 5309 2564 5350; x_wconf 89' lang='lat' dir='ltr'><strong>res</strong></span> <span class='ocrx_word' id='word_1_675' title='bbox 2595 5303 2681 5350; x_wconf 89' lang='lat' dir='ltr'><strong>est</strong></span> <span class='ocrx_word' id='word_1_676' title='bbox 2712 5297 2939 5352; x_wconf 83' lang='lat' dir='ltr'><strong>rationis</strong></span> <span class='ocrx_word' id='word_1_677' title='bbox 2963 5310 3156 5365; x_wconf 64' lang='lat' dir='ltr'><strong>erpch</strong></span> <span class='ocrx_word' id='word_1_678' title='bbox 3191 5295 3390 5361; x_wconf 78' lang='lat' dir='ltr'><strong>impro-</strong></span> 
     </span>
    </p>
   </div>
   <div class='ocr_carea' id='block_1_109' title="bbox 1812 5383 3394 5455">
    <p class='ocr_par' dir='ltr' id='par_1_109' title="bbox 1812 5383 3394 5455">
     <span class='ocr_line' id='line_1_109' title="bbox 1812 5383 3394 5455; baseline -0.006 -12"><span class='ocrx_word' id='word_1_679' title='bbox 1812 5389 2000 5443; x_wconf 85' lang='lat' dir='ltr'><strong>bitas:</strong></span> <span class='ocrx_word' id='word_1_680' title='bbox 2039 5401 2144 5440; x_wconf 87' lang='lat' dir='ltr'><strong>nec</strong></span> <span class='ocrx_word' id='word_1_681' title='bbox 2187 5386 2486 5455; x_wconf 85' lang='lat' dir='ltr'><strong>quidquam</strong></span> <span class='ocrx_word' id='word_1_682' title='bbox 2520 5393 2604 5440; x_wconf 89' lang='lat' dir='ltr'><strong>est</strong></span> <span class='ocrx_word' id='word_1_683' title='bbox 2655 5384 2804 5454; x_wconf 90' lang='lat' dir='ltr'><strong>quod</strong></span> <span class='ocrx_word' id='word_1_684' title='bbox 2849 5386 3127 5455; x_wconf 87' lang='lat' dir='ltr'><strong>improbos</strong></span> <span class='ocrx_word' id='word_1_685' title='bbox 3174 5383 3394 5438; x_wconf 70' lang='lat' dir='ltr'><strong>efficere</strong></span> 
     </span>
    </p>
   </div>
   <div class='ocr_carea' id='block_1_110' title="bbox 1811 5479 2292 5551">
    <p class='ocr_par' dir='ltr' id='par_1_110' title="bbox 1811 5479 2292 5551">
     <span class='ocr_line' id='line_1_110' title="bbox 1811 5479 2292 5551; baseline -0.004 -17"><span class='ocrx_word' id='word_1_686' title='bbox 1811 5479 1986 5551; x_wconf 89' lang='lat' dir='ltr'><strong>possit</strong></span> <span class='ocrx_word' id='word_1_687' title='bbox 2023 5479 2292 5533; x_wconf 89' lang='lat' dir='ltr'><strong>meliores.</strong></span> 
     </span>
    </p>
   </div>
   <div class='ocr_carea' id='block_1_111' title="bbox 1884 5565 3392 5642">
    <p class='ocr_par' dir='ltr' id='par_1_111' title="bbox 1884 5565 3392 5642">
     <span class='ocr_line' id='line_1_111' title="bbox 1884 5565 3392 5642; baseline -0.003 -15"><span class='ocrx_word' id='word_1_688' title='bbox 1884 5572 2209 5642; x_wconf 75' lang='lat' dir='ltr'><strong>[inprobitas</strong></span> <span class='ocrx_word' id='word_1_689' title='bbox 2241 5570 2402 5624; x_wconf 81' lang='lat' dir='ltr'><strong>facile</strong></span> <span class='ocrx_word' id='word_1_690' title='bbox 2436 5570 2524 5627; x_wconf 90' lang='lat' dir='ltr'><strong>sui</strong></span> <span class='ocrx_word' id='word_1_691' title='bbox 2573 5570 2815 5626; x_wconf 90' lang='lat' dir='ltr'><strong>studium</strong></span> <span class='ocrx_word' id='word_1_692' title='bbox 2846 5569 3067 5632; x_wconf 79' lang='lat' dir='ltr'><strong>excitat,</strong></span> <span class='ocrx_word' id='word_1_693' title='bbox 3114 5575 3277 5637; x_wconf 85' lang='lat' dir='ltr'><strong>atque</strong></span> <span class='ocrx_word' id='word_1_694' title='bbox 3333 5565 3392 5622; x_wconf 88' lang='lat' dir='ltr'><strong>in</strong></span> 
     </span>
    </p>
   </div>
   <div class='ocr_carea' id='block_1_112' title="bbox 1814 5660 3393 5740">
    <p class='ocr_par' dir='ltr' id='par_1_112' title="bbox 1814 5660 3393 5740">
     <span class='ocr_line' id='line_1_112' title="bbox 1814 5660 3393 5740; baseline -0.002 -22"><span class='ocrx_word' id='word_1_695' title='bbox 1814 5674 2064 5736; x_wconf 86' lang='lat' dir='ltr'><strong>promptu</strong></span> <span class='ocrx_word' id='word_1_696' title='bbox 2110 5672 2218 5729; x_wconf 89' lang='lat' dir='ltr'><strong>est,</strong></span> <span class='ocrx_word' id='word_1_697' title='bbox 2269 5664 2514 5736; x_wconf 89' lang='lat' dir='ltr'><strong>nihilque</strong></span> <span class='ocrx_word' id='word_1_698' title='bbox 2568 5671 2679 5740; x_wconf 74' lang='lat' dir='ltr'><strong>tam</strong></span> <span class='ocrx_word' id='word_1_699' title='bbox 2727 5661 2891 5718; x_wconf 76' lang='lat' dir='ltr'><strong>facile</strong></span> <span class='ocrx_word' id='word_1_700' title='bbox 2938 5671 3045 5728; x_wconf 75' lang='lat' dir='ltr'><strong>est,</strong></span> <span class='ocrx_word' id='word_1_701' title='bbox 3077 5675 3240 5731; x_wconf 87' lang='lat' dir='ltr'><strong>quam</strong></span> <span class='ocrx_word' id='word_1_702' title='bbox 3277 5660 3393 5715; x_wconf 60' lang='lat' dir='ltr'><strong>ﬁeri</strong></span> 
     </span>
    </p>
   </div>
   <div class='ocr_carea' id='block_1_113' title="bbox 1815 5756 2041 5810">
    <p class='ocr_par' dir='ltr' id='par_1_113' title="bbox 1815 5756 2041 5810">
     <span class='ocr_line' id='line_1_113' title="bbox 1815 5756 2041 5810; baseline -0.004 0"><span class='ocrx_word' id='word_1_703' title='bbox 1815 5756 2041 5810; x_wconf 84' lang='lat' dir='ltr'><strong>malum.</strong></span> 
     </span>
    </p>
   </div>
   <div class='ocr_carea' id='block_1_114' title="bbox 1890 5830 3456 5922">
    <p class='ocr_par' dir='ltr' id='par_1_114' title="bbox 1890 5830 3456 5922">
     <span class='ocr_line' id='line_1_114' title="bbox 1890 5830 3456 5922; baseline -0.001 -22"><span class='ocrx_word' id='word_1_704' title='bbox 1890 5848 2184 5904; x_wconf 77' lang='lat' dir='ltr'><strong>Ditticititcr</strong></span> <span class='ocrx_word' id='word_1_705' title='bbox 2211 5850 2414 5906; x_wconf 82' lang='lat' dir='ltr'><strong>bonum</strong></span> <span class='ocrx_word' id='word_1_706' title='bbox 2451 5847 2934 5922; x_wconf 78' lang='lat' dir='ltr'><strong>comprehenditur</strong></span> <span class='ocrx_word' id='word_1_707' title='bbox 2967 5863 3001 5904; x_wconf 74' lang='grc' dir='ltr'><strong>α</strong></span> <span class='ocrx_word' id='word_1_708' title='bbox 3046 5858 3240 5903; x_wconf 68' lang='lat' dir='ltr'><strong>natura</strong></span> <span class='ocrx_word' id='word_1_709' title='bbox 3292 5849 3393 5900; x_wconf 74' lang='lat' dir='ltr'><strong>ho-</strong></span> <span class='ocrx_word' id='word_1_710' title='bbox 3449 5830 3456 5836; x_wconf 72' lang='grc'><em>’</em></span> 
     </span>
    </p>
   </div>
  </div>
