3928 6560
513 423 657 488 1083
1789 415 2104 477 ANTONll
2143 419 2488 480 MELISSAE
2789 396 2800 402 ’
3646 420 3756 482 tusi

511 547 742 610 minuat,
801 538 1260 611 quemadmodum
1297 537 1477 608 ignem
1528 549 1636 588 non
1666 535 1906 604 concipit
1931 537 2056 590 hum

2216 539 2408 610 ὥσπερ
2439 537 2532 592 καὶ
2586 536 2648 590 τὸ
2695 537 2807 608 πῦρ
2856 536 2955 608 ὖλῃ
3009 539 3076 608 τῇ
3129 537 3438 607 ὑγροτέρᾳ·
3475 535 3673 604 ἐτοιμοι
3713 540 3757 592 δὲ

509 639 630 691 dior
655 636 937 689 materies.
987 634 1056 686 At
1084 630 1260 702 parati
1317 628 1384 684 ad
1415 627 1741 683 maleﬁcium
1799 628 2018 698 plurimi
2057 658 2060 675 ι

2217 633 2354 704 πρὸς
2387 633 2486 702 τὴν
2511 632 2604 685 τοῦ
2635 631 2808 684 κακοῦ
2852 630 3114 701 ἐργασίαν
3154 629 3204 682 οί
3243 629 3489 682 πλεῖστοι
3535 632 3626 682 καὶ
3663 631 3761 684 ἐπι·

510 729 786 798 diSpositi.

2213 729 2439 798 τήδειοι.

585 746 595 783 ι
637 729 786 783 ositi.

585 748 783 874 hilalnm
825 819 1039 874 facilius
1065 826 1120 873 et
1149 814 1461 888 promptius
1491 813 1806 882 improbum
1837 814 2105 882 sequitur,

2213 746 2244 782 τ
2285 729 2440 782 δειοι.

2249 729 2582 891 ήιῐρόχειρον
2631 820 2663 888 ἠ
2701 817 2938 889 πονηρία
2984 815 3064 886 τῷ
3108 814 3268 886 κακῷ
3307 813 3511 886 μᾶλλον
3564 814 3760 868 ἀκολου-

512 932 678 987 quam
720 922 1045 967 coerce-amr
1075 925 1102 963 a
1146 909 1392 963 meliore.

2100 981 2106 988 ι
2216 911 2350 977 θεῖν,
2379 911 2412 982 ἢ
2448 911 2551 964 ὑπὸ
2573 909 2668 965 τοῦ
2701 913 3010 982 κρείττονος
3036 909 3464 964 ἀνακόπτεσθαι.

586 1008 799 1061 Animis
833 1002 1075 1074 profanis
1109 1001 1246 1054 nihil
1283 997 1500 1053 honesti
1546 996 1681 1052 satis
1705 996 1931 1066 dignum
1962 993 2114 1048 vide-

2284 1005 2504 1076 Ψυχαῖς
2537 1004 2786 1077 βεϐήλοις
2813 1005 2970 1058 οὐδὲν
2998 1005 3108 1059 τῶν
3131 1003 3314 1060 καλῶν
3341 1004 3669 1071 ἀξιόπιστον.

515 1109 628 1162 tur,
663 1099 750 1151 cui
783 1093 1193 1164 persuadettdos
1224 1106 1286 1147 se
1328 1091 1628 1160 prabeant.

587 1192 645 1247 S.
687 1191 966 1261 Chrysost.
1018 1188 1119 1254 Qui
1169 1202 1312 1256 saepe
1358 1195 1587 1256 peccant
1633 1199 1733 1239 nec
1781 1181 2110 1254 puniuntur,

2285 1187 2351 1242 ()ί
2384 1185 2556 1241 πολλὰ
2607 1187 2890 1250 πταίοντες
2924 1188 3018 1240 καὶ
3068 1185 3145 1258 μὴ
3197 1183 3553 1256 κολαζόμενοι
3605 1187 3755 1253 φοϐεῖ.

520 1295 767 1338 metuere
799 1295 858 1336 et
888 1279 1061 1335 vereri
1096 1280 1333 1341 debent;
1366 1285 1638 1347 augentur
1666 1276 1812 1330 enim
1847 1275 1954 1329 illis
1981 1289 2071 1342 sur

2217 1283 2341 1336 σθαι
2368 1282 2463 1336 καὶ
2494 1281 2793 1336 δεδοικέναι
2830 1280 3166 1349 ὀφείλουσιν.
3193 1279 3430 1344 Αύξεται
3462 1279 3569 1348 γὰρ
3605 1280 3755 1342 αὐτοῖς

516 1375 677 1442 plicia
727 1387 821 1440 per
885 1369 1138 1440 supplicii
1187 1368 1504 1421 tarditatem
1544 1375 1600 1422 et
1643 1366 1884 1420 divinam
1919 1366 2067 1419 lenit:

2213 1377 2282 1429 τὰ
2315 1377 2414 1445 τῆς
2447 1375 2720 1446 τιμωρίας
2749 1374 2842 1427 διὰ
2885 1374 2984 1445 τῆς
3015 1373 3400 1444 ἁτιμωρησίας
3431 1372 3530 1424 καὶ
3557 1373 3644 1442 τῆς
3675 1389 3752 1442 μα-

519 1478 651 1520 ιού.

2216 1469 2385 1538 κροθυ
2394 1467 2522 1537 μίας
2549 1467 2645 1520 τοῦ
2674 1466 2830 1522 Θεοῦ.

595 1556 714 1611 Non
758 1563 970 1609 tantum
1007 1554 1043 1608 ii
1077 1553 1172 1622 qui
1220 1553 1485 1609 scelerate
1514 1550 1719 1621 aliquid
1753 1549 1985 1614 faciunt,
2022 1564 2113 1604 ve-

2287 1560 2400 1630 Ούχ
2447 1561 2497 1613 οἱ
2549 1560 2618 1614 τὰ
2662 1560 2843 1630 φαῦλα
2893 1561 3234 1627 πράσσοντες
3274 1558 3458 1630 μόνον,
3506 1555 3635 1611 ἀλλὰ
3683 1558 3753 1608 καὶ

519 1665 641 1704 rum
692 1649 855 1703 etiam
897 1647 988 1716 qui
1026 1647 1161 1701 istos
1213 1645 1467 1700 laudibus
1508 1641 1760 1707 ell'erunt,
1793 1641 2070 1696 eorumdet

2217 1650 2267 1701 οί
2299 1649 2526 1712 τούτους
2559 1648 3029 1719 ἐγκωμιάζοντες,
3055 1649 3154 1718 τῆς
3197 1647 3369 1719 αὐτῆς
3400 1647 3601 1712 αὐτοῖς,
3629 1646 3753 1716 ﬂaui

519 1761 644 1799 cum
673 1745 781 1798 illis
813 1743 893 1797 vel
929 1743 1092 1797 etiam
1119 1740 1429 1811 graviorum
1463 1739 1762 1810 participes
1790 1745 1954 1792 erunt
1980 1749 2070 1805 sup

1844 1745 1954 1790 'uut
1980 1749 2113 1805 ευρ·
2218 1743 2630 1815 χαλεπωτέρας,
2664 1748 3057 1816 κοινωνήσουσι
3097 1743 3395 1805 κολάσεως.

520 1837 836 1908 pliciorum.

598 1930 831 1984 Sanctos
859 1927 1079 1998 quidem
1110 1923 1277 1980 lucidi
1308 1931 1529 1980 servant
1562 1921 1742 1993 angeli
1769 1961 1782 1983 ,
1835 1918 2113 1989 improbos
2146 1911 2149 1964 Ῐ

2288 1925 2427 1988 Τοὺς
2456 1925 2554 1994 μὲν
2581 1926 2768 1996 ἁγίους
2801 1927 3130 1996 φωταγωγοὶ
3152 1926 3526 1997 φυλάσσουσιν
3547 1923 3752 1992 ἄγγελοι,

525 2035 708 2079 autem
745 2019 1046 2074 tenebrosi.

2219 2012 2344 2076 τοὺς
2368 2013 2425 2066 δὲ
2460 2013 2700 2083 φαύλους
2732 2017 3020 2071 σκοτεινοί.

597 2114 944 2169 Abumlantia
995 2109 1328 2181 cognitionis
1386 2107 1667 2178 sapientiae
1715 2105 1876 2162 nobis
1914 2105 2118 2158 multos

2291 2105 2526 2168 Πλοῦτος
2559 2108 2816 2175 γνώσεως
2856 2110 3050 2176 σοφίας
3081 2109 3442 2180 προστίθησιν
3469 2113 3596 2181 ἡμῖν
3619 2113 3753 2180 ἀγγέ-

525 2207 781 2261 coneiliat
809 2205 1037 2270 angelos
1076 2218 1089 2255 :
1127 2203 1376 2272 impurus
1405 2211 1587 2256 autem
1643 2201 1808 2256 etiam
1838 2201 1904 2254 ab
1933 2214 1999 2253 eo
2025 2213 2075 2268 ιιι

2219 2199 2346 2263 λούς
2372 2199 2600 2264 πολλούς
2631 2215 2647 2231 ⁶
2678 2203 2708 2254 ὀ
2734 2201 2789 2255 δέ
2820 2202 3130 2271 ἀκάθαρτος
3174 2203 3262 2256 καὶ
3297 2206 3406 2256 ἀπὸ
3439 2205 3534 2258 τοῦ
3555 2205 3757 2267 δοθέντος

523 2301 626 2370 ipsi
668 2316 696 2352 a
730 2312 902 2366 puero
929 2298 1095 2350 datus
1126 2305 1231 2359 est,
1262 2303 1574 2364 separatur.

1488 2309 1574 2347 ttr.
2220 2293 2368 2362 αύτῷ
2392 2294 2458 2346 ἐκ
2494 2293 2685 2358 παιδος
2720 2295 3036 2364 χωρίζεται.

600 2391 861 2446 Philonis.
896 2390 1189 2459 Improbus
1224 2388 1372 2442 aliud
1408 2389 1596 2452 sentit,
1628 2385 1774 2440 aliud
1834 2384 2114 2456 loquitur;

2290 2386 2397 2440 Τοῦ
2435 2389 2640 2455 φαύλου
2684 2388 2852 2461 ἐτερα
2899 2390 2999 2460 μὲν
3039 2390 3108 2443 τά
3150 2389 3407 2460 ἐνθύμια,
3441 2390 3672 2460 ἓτεραδὶ
3707 2392 3758 2442 τὰ

525 2488 647 2540 aliae
681 2486 843 2540 etiam
874 2494 1004 2538 sunt
1033 2482 1151 2547 eius
1199 2481 1448 2536 actiones
1483 2498 1498 2535 :
1538 2481 1776 2550 denique
1821 2480 2033 2535 diversa
2065 2496 2076 2532 ι

2224 2480 2469 2550 ῥήματα.
2502 2479 2660 2534 ἄλλαι
2686 2481 2744 2534 δέ
2779 2482 2835 2534 αἱ
2869 2481 3122 2552 πράξεις,
3152 2481 3386 2553 διάφορα
3416 2483 3472 2534 δέ
3506 2485 3597 2536 καὶ
3624 2483 3759 2552 μαχό-

526 2581 830 2633 ctornnino
865 2577 1160 2646 pugnantia
1193 2584 1325 2630 sunt
1356 2575 1578 2639 omnia;
1617 2589 1723 2628 non
1757 2574 1901 2626 enim
1939 2571 2077 2641 loqui

2225 2589 2361 2640 μενα
2392 2571 2752 2625 παντάπασι·
2814 2573 2964 2643 λέγει
2997 2556 3104 2646 γάρ
3137 2577 3236 2646 οὐχ
3259 2576 3296 2630 ἃ.
3327 2579 3538 2647 φρονεῖ,
3583 2580 3664 2631 καί
3687 2578 3758 2645 βεσ

529 2680 640 2731 tnr,
692 2687 815 2738 qua:
847 2673 1042 2731 sentit,
1085 2678 1140 2722 et
1167 2668 1447 2723 contraria
1504 2667 1743 2721 decrevit
1778 2667 1866 2731 iis,
1910 2679 2033 2734 quae
2060 2679 2080 2718 ε

2222 2665 2508 2717 ϐούλευται
2566 2667 2824 2720 τάναντία
2873 2663 2957 2731 οἷς
3014 2669 3258 2737 διέξεισι,
3315 2671 3415 2723 καὶ
3457 2672 3672 2739 πράττει
3707 2674 3760 2722 τὰ

531 2763 992 2834 1721'acturum
1033 2773 1239 2823 narrat,
1287 2777 1387 2815 nec
1421 2761 1504 2814 his
1543 2772 1914 2814 consentanea
1946 2772 2081 2812 exse

2221 2756 2431 2820 τούτοις
2467 2756 2542 2828 μὴ
2575 2759 2874 2829 συνᾴδοντα
2897 2778 2911 2792 ο
2951 2760 3120 2828 ὥστε,
3153 2766 3361 2833 κυρίως
3406 2763 3599 2826 εἰπεῖν,
3629 2764 3654 2814 ὁ
3685 2763 3759 2816 τοῦ

529 2859 739 2926 quitur,
770 2864 828 2906 nt
869 2856 1085 2924 proprie
1113 2854 1298 2908 dicere
1342 2852 1524 2919 liceat,
1566 2853 1794 2920 improbi
1828 2852 1993 2903 rilam
2026 2865 2080 2904 se

1342 2852 1524 2919 liccat,
1566 2853 1794 2920 improbi
1828 2852 1993 2903 rilam
2026 2865 2117 2904 se-
2224 2850 2430 2918 φαύλου
2463 2851 2577 2921 βίος
2603 2853 2883 2922 πολέμιος.

528 2965 652 3001 curn
683 2949 882 3001 bellum
916 2963 1126 3017 gerere.

613 3040 878 3109 Improbis
901 3039 1043 3090 nulla
1075 3054 1132 3091 re
1161 3036 1396 3111 gaudere
1418 3051 1739 3091 concessum
1772 3046 1854 3088 est
1884 3050 1902 3088 .'
1931 3050 2121 3103 quem.

2295 3036 2400 3092 Τὸν
2438 3035 2645 3106 φαῦλον
2695 3038 2872 3092 οὐδενὶ
2905 3038 3119 3108 χαίρειν
3176 3039 3414 3108 ἐφίεται.
3461 3025 3691 3112 καθάπερ
3720 3040 3765 3092 ἐν

540 3135 836 3189 admodum
863 3133 917 3186 in
965 3131 1302 3202 propheticis
1331 3133 1548 3184 canitur
1573 3128 1811 3184 oraculis
1839 3127 2090 3183 :Gauder

2225 3131 2593 3198 προφητικαῖς
2629 3128 2815 3200 ᾄδεται
2865 3131 3056 3200 ρήσεσι
3080 3145 3094 3160 ⁸
3132 3130 3360 3200 Χαίρειν
3405 3132 3506 3186 οὐκ
3549 3133 3653 3186 ἐστι
3678 3135 3763 3192 τοῖς

530 3244 642 3282 non
681 3226 804 3280 licet
839 3226 1049 3294 impiis,
1087 3223 1225 3278 Dens
1285 3223 1379 3277 ait.
1431 3224 1626 3277 Sermo
1687 3223 1830 3276 enim
1877 3220 2081 3283 divinus

2226 3222 2500 3286 ἀσεϐέσιν,
2541 3219 2697 3276 εἶπεν
2736 3223 2764 3274 ὁ
2794 3222 2947 3286 Θεός.
2992 3223 3161 3290 Λόγος
3192 3229 3302 3295 γὰρ
3336 3225 3506 3289 ὅντως
3535 3228 3620 3280 καὶ
3659 3226 3765 3296 χρή-

530 3336 690 3376 verus
723 3329 778 3375 et
813 3320 962 3373 utilis
997 3327 1079 3372 est
1103 3359 1118 3384 ,
1157 3317 1400 3372 tetricam
1468 3326 1524 3371 et
1574 3317 1804 3370 tristitiae
1844 3316 2078 3370 deditam

2236 3315 2395 3385 σιμός
2449 3317 2564 3368 ἐστι
2621 3315 2808 3378 θεῖος’
2870 3313 3192 3383 σκυθρωπὸν
3251 3318 3341 3368 καὶ
3401 3318 3651 3370 ἐπίλυπον
3694 3319 3767 3369 καὶ

529 3431 597 3469 ac
639 3413 989 3468 infelicitatis
1019 3411 1232 3483 plenam
1268 3426 1391 3466 esse
1435 3409 1828 3480 improbissimi
1857 3411 2080 3480 cujuqu

2237 3407 2431 3478 μεστὸν
2463 3408 2893 3479 βαρυδαιμονίας
2946 3405 3087 3463 εἶναι
3143 3409 3236 3461 τὸν
3271 3412 3477 3474 παντὸς
3529 3407 3765 3481 μοχθηροῦ

537 3507 730 3560 vitam.

2236 3499 2368 3570 βίον.

615 3595 904 3651 instabiles
937 3607 1066 3650 sunt
1098 3593 1367 3649 malorum
1402 3594 1686 3648 hominum
1719 3610 1864 3663 spes,
1896 3595 1988 3664 qui
2019 3595 2124 3649 sibi

2317 3591 2595 3645 Ἀϐέϐαιοι
2632 3593 2686 3644 al
2715 3591 2825 3645 τῶν
2859 3593 3112 3662 πονηρῶν
3138 3595 3446 3666 ἀνθρώπων
3469 3596 3680 3658 ἐλπίδες,
3704 3592 3763 3646 εί-

537 3690 758 3761 qnidetu
813 3689 1102 3743 commoda
1151 3697 1464 3759 proponunt
1503 3688 1863 3756 cogitatione,
1927 3687 2088 3756 qnibu

2235 3683 2514 3748 καζόντων
2547 3686 2646 3752 μὲν
2678 3687 2747 3737 τὰ
2772 3687 3137 3759 χρηστότερα,
3166 3689 3235 3742 τὰ
3263 3689 3321 3743 δέ
3353 3689 3672 3759 παλίμφημα
3689 3687 3764 3739 καὶ

526 3793 714 3838 tamen
735 3780 961 3833 adversa
991 3791 1043 3833 et
1078 3780 1184 3833 illis
1213 3779 1373 3849 digna
1403 3777 1750 3848 contingunt.

2234 3771 2309 3830 ὦν
2339 3775 2488 3840 ἄξιον
2512 3775 2804 3846 τυγχάνειν
2843 3778 2972 3840 eici,
3010 3779 3351 3850 πασχόντων.

609 3873 960 3928 Amisi/renis.
991 3872 1350 3926 Antisthenes
1377 3887 1502 3926 cum
1530 3872 1597 3925 ab
1621 3872 1880 3940 improbis
1903 3871 2130 3941 quibus-

2321 3868 2668 3938 Ἀντισθένης
2711 3869 3109 3940 ἐπαινούμενος
3141 3871 3248 3926 ὑπὸ
3301 3872 3558 3944 πονηρῶν
3597 3869 3770 3938 ἀνθρὼ-

534 3970 662 4023 dnn
695 3967 1032 4028 laudaretur,
1092 3962 1316 4027 Vereor,
1349 3964 1547 4034 inquit,
1577 3966 1798 4033 nequid
1841 3965 1968 4018 mali
1991 3981 2020 4018 a
2043 3981 2085 4018 Ill

2236 3979 2378 4026 πων,
2406 3961 2678 4028 Ἀγωνιῶ,
2729 3961 2856 4030 ἔφη,
2891 3962 2967 4032 μή
2998 3978 3050 4015 τι
3080 3961 3250 4015 κακὸν
3277 3962 3564 4034 εῐργασταί
3591 3977 3688 4031 μοι,
3707 3961 3771 4011 ὅτι

538 4063 884 4131 designatum
917 4062 1007 4121 sit,
1049 4058 1192 4128 quod
1230 4057 1353 4112 istis
1396 4058 1606 4127 placeo.

1230 4057 1353 4112 istis
1396 4058 1606 4127 placeo.
2235 4053 2504 4119 τοιούτοις
2533 4055 2779 4128 ἀρέσκω.

610 4155 734 4209 Mali
765 4153 1173 4208 adulationibus
1201 4166 1328 4204 cum
1363 4141 1726 4218 deliniuntur,
1762 4151 1977 4221 pejores
2001 4168 2129 4206 eva-

2015 4168 2129 4206 ava-
2307 4147 2485 4202 Κακοὶ
2517 4147 2940 4220 κολακευόμενοι
2963 4149 3274 4222 κακώτεροι
3307 4150 3566 4220 γίνονται.

539 4248 697 4303 dunt.

613 4334 812 4390 Senem
874 4342 1188 4404 peccantem
1243 4349 1310 4388 ne
1356 4349 1626 4402 moneas;
1682 4345 1918 4390 veterem
1983 4337 2127 4391 enim

2309 4327 2396 4397 Μὴ
2430 4329 2671 4384 νουθέτει
2701 4330 2935 4403 γέροντα
2981 4332 3393 4404 ἁμαρτάνοντα.
3443 4332 3655 4401 Δένδρον
3685 4331 3771 4398 γὰρ

537 4426 786 4482 arborem
822 4429 1226 4495 transplantare
1259 4425 1481 4480 diilieilc
1515 4437 1619 4480 est.

2110 4495 2112 4498 ν
2237 4421 2471 4476 παλαιὸν
2503 4425 2912 4493 μεταφυτεῦσαι
2941 4424 3200 4480 δύσκολόν
3232 4429 3407 4483 ἐστιν.

611 4517 892 4586 Diogenes.
923 4517 1190 4586 Diogenes
1210 4519 1516 4586 improbum
1537 4521 1829 4586 quemdam
1854 4520 2126 4586 monebat,

2309 4515 2572 4584 Διογένης
2594 4516 2870 4572 ἐνουθέτει
2906 4520 3029 4572 τινὰ
3067 4523 3342 4590 πονηρόν·
3376 4518 3702 4590 ἐρωτώμενος
3727 4513 3771 4568 δὲ

542 4610 911 4679 interrogatus
963 4616 1146 4661 autem
1203 4609 1336 4677 quid
1387 4619 1614 4677 ageret:
1667 4607 1978 4678 Aﬂthiopetn
2016 4613 2093 4681 (in

2226 4608 2332 4662 ὑπό
2369 4626 2536 4674 τινος,
2559 4610 2624 4662 Τί
2654 4609 2814 4664 τοῦτο
2871 4613 3085 4678 ποιείς;
3143 4611 3285 4683 ἔφηι·
3321 4613 3548 4667 Αἰθίοπα
3592 4613 3767 4680 σμήχω.

547 4701 687 4773 quit)
720 4707 993 4769 abstergo,
1031 4710 1087 4752 ut
1118 4698 1410 4751 candidum
1444 4699 1686 4752 reddam.

1269 4698 1410 4750 idum
1444 4699 1686 4752 reddam.
2237 4701 2322 4755 ἴνα
2360 4701 2553 4757 λευκὸν
2588 4704 2820 4774 ποιήσω.

613 4793 811 4847 Medici
845 4793 1053 4844 amaris
1089 4791 1507 4845 medicamentis
1553 4807 1674 4862 qua:
1725 4791 1979 4861 lingendo
2044 4809 2134 4850 su-

2307 4795 2370 4847 Ol
2407 4796 2508 4863 μὲν
2538 4797 2715 4868 ἰατροὶ
2752 4801 2852 4860 τὰς
2881 4797 2994 4853 τῶν
3047 4797 3349 4852 ἐκλεικτῶν
3391 4797 3673 4868 φαρμάκων
3698 4809 3767 4843 πει

545 4895 790 4949 ιιιιιιιιιιι·,
819 4882 998 4936 mellis
1030 4881 1288 4936 nonnihil
1324 4881 1612 4948 adhibent,
1663 4895 1720 4937 ut
1765 4885 2007 4938 dulciora
2059 4888 2096 4939 fa

2237 4887 2396 4956 κρίας
2441 4886 2663 4955 μέλιτι,
2696 4889 2745 4940 οί
2795 4888 2852 4940 δὲ
2903 4889 3062 4956 σοφοὶ
3107 4889 3208 4953 τὰς
3248 4889 3361 4944 τῶν
3402 4888 3768 4953 δυσκολωτέρων

546 4977 745 5029 ciant:
789 4975 870 5028 sic
924 4974 1198 5043 ingeniosi
1251 4972 1624 5030 difﬁciliorum
1679 4976 1964 5030 hominum
2003 4993 2097 5032 con

2003 4993 2134 5032 con-
2236 4977 2541 5048 ἀνθρώπων
2564 4981 2784 5049 ὁμιλίας
2821 4980 3105 5053 ίλαρότητι
3134 4983 3538 5052 γλυκαίνουσιν.

549 5069 858 5136 gressioucs
895 5067 1168 5122 hilaritate
1202 5069 1474 5124 ntolliuttt.

625 5156 696 5212 Ex
730 5159 888 5213 factis
929 5161 1098 5230 magis
1128 5177 1292 5230 quant
1333 5179 1402 5218 ex
1441 5164 1620 5218 verbis
1654 5164 1890 5217 hominis
1925 5164 2139 5231 perieu-

2311 5164 2515 5233 Πεῖραν
2538 5165 2833 5235 ἀνθρώπου
2887 5169 2953 5220 ἐκ
2982 5169 3090 5222 τῶν
3118 5169 3302 5240 ἔργων
3335 5170 3572 5241 λάμϐανε
3604 5165 3771 5238 μᾶλλον

551 5251 662 5306 lum
696 5251 898 5318 facito;
927 5254 1083 5306 ntulti
1117 5257 1258 5308 enim
1288 5271 1412 5309 cum
1453 5258 1615 5308 vitam
1648 5255 1899 5308 vitiosam
1937 5265 2100 5326 agant

2239 5255 2272 5324 ἢ
2309 5257 2372 5306 ἐκ
2419 5257 2529 5309 τῶν
2562 5257 2757 5325 λόγων.
2809 5259 3006 5315 Πολλοὶ
3056 5261 3168 5334 γάρ
3205 5263 3307 5335 βίῳ
3361 5264 3461 5334 μέν
3487 5264 3587 5317 sict
3618 5258 3767 5319 κακοὶ.

554 5345 800 5400 oratione
827 5347 981 5398 suavi
1013 5354 1068 5398 et
1100 5346 1166 5400 ad
1195 5347 1625 5416 persuadendum
1655 5351 1851 5402 valenti
1887 5359 2104 5402 ntuutut

1618 5366 1625 5398 I
1655 5351 1851 5402 valenti
1887 5359 2135 5402 utuntur.
2240 5346 2382 5418 λόγῳ
2418 5349 2474 5401 δὲ
2506 5350 2747 5406 πιθανοί.
3167 5387 3169 5390 ‹

874 5458 1107 5514 SERMO
1148 5458 1363 5514 XXXIII
1407 5459 1506 5532 [ιιί.
1551 5460 1812 5533 CXXIII].

1666 5461 1812 5533 un].
2843 5466 3064 5520 ΛΟΓΟΣ
3094 5466 3217 5522 Al".

692 5555 770 5611 De
799 5558 1018 5612 muliere
1047 5557 1202 5625 forti,
1232 5567 1282 5611 et
1335 5559 1673 5626 temperanti,
1700 5568 1749 5612 et
1781 5575 1996 5628 sagace.

2315 5555 2454 5624 Περὶ
2491 5557 2779 5626 γυναικὸς
2812 5557 3116 5640 ἀνδρείας,
3146 5563 3246 5614 καὶ
3288 5562 3606 5632 σώφρονος,
3630 5555 3712 5613 καὶ

2884 5646 3172 5687 συνετιις.

625 5713 756 5770 Gen.
795 5732 931 5770 χχχιι
983 5717 1185 5772 Rachel
1230 5727 1283 5770 et
1316 5716 1408 5772 Lia
1449 5717 1842 5787 respondentes
1913 5717 2138 5782 .iacobo.

2884 5651 3172 5698 συνετιις.

2327 5722 2741 5792 ’Λποκριθεῖσαι
2783 5721 2980 5794 Ῥαχὴλ
3013 5725 3105 5776 καὶ
3135 5726 3258 5788 Δία,
3295 5721 3454 5780 εῖπαν
3481 5727 3552 5797 τῷ
3591 5718 3761 5777 Ἰακώϐ·

555 5809 720 5876 Nunt,
765 5809 1042 5878 inquiunt,
1067 5826 1192 5880 pars
1222 5809 1400 5865 adhuc
1424 5811 1581 5865 nobis
1609 5822 1692 5865 est
1721 5821 1815 5865 aut
1847 5813 2106 5867 haeredita

2245 5815 2335 5883 Μή
2363 5815 2511 5867 ἐστιν
2544 5815 2678 5882 ἡμῖν
2708 5815 2885 5884 μερὶς,
2911 5816 2944 5886 ἢ
2983 5817 3323 5890 κληρονομία
3354 5823 3412 5873 ἐν
3445 5820 3518 5890 τῷ
3548 5819 3663 5883 οἴκῳ
3690 5807 3759 5862 τοῦ

553 5901 608 5956 in
643 5901 808 5956 domo
847 5903 1016 5973 patris
1053 5902 1263 5958 nostri?
1307 5900 1501 5960 Nonne
1546 5903 1734 5959 alienae
1771 5905 1860 5977 ab,
1892 5906 1988 5961 illo
2021 5907 2104 5962 exi

2247 5906 2452 5977 πατρὸς
2507 5905 2696 5976 ἠξιῶνὶ
2750 5910 2863 5961 οὐκ
2916 5909 3195 5982 ἀλλότριαι
3244 5912 3587 5983 λελογίσμεοα
3613 5906 3760 5961 αὐτὼ
