3928 6568
222 428 360 494 1085

961 435 1133 494 LOCI
1171 433 1612 500 COMMUNES.
1640 463 1711 475 -
1741 439 1934 500 PARS
1977 439 2060 500 Π.
2085 437 2342 498 SEllMO
2384 440 2662 502 XXXiII.

3335 443 3474 509 1086'

218 545 478 612 Πὲπρακε
524 545 633 614 γὰρ
682 547 851 616 ἡμᾶς,
895 547 990 601 καὶ
1033 549 1308 617 κατέφαγε
1357 551 1700 622 καταϐρὼσει
1729 553 1784 604 τὸ

1914 557 2124 612 .timatae
2153 557 2384 612 sumus?
2424 555 2664 610 vendidit
2703 553 2847 611 enim
2883 569 3002 621 uos,
3029 564 3084 612 et
3109 556 3266 627 plane
3303 559 3470 616 devo-

217 636 481 706 ἁργύριον
501 637 684 707 ἡμῶν.

294 731 566 796 ’Πγγισεν
607 730 894 802 Ἀσιμέλεχ
940 731 1044 796 ἕως
1071 734 1172 800 τῆς
1199 734 1506 804 πύληςγτοῦ
1554 735 1786 806 πύργου,

216 819 506 891 ἐμπρῆσαι
535 822 710 893 αὐτὴν
770 824 830 876 ἐν
875 823 1028 894 πυρί.
1080 825 1188 878 Καὶ
1243 826 1436 898 ἔρριψε
1493 827 1630 897 γυνὴ
1692 827 1791 897 μία

215 914 439 984 κλάσμα
499 914 670 984 μύλου
728 915 826 968 ἐπὶ
879 916 979 987 τὴν
1031 917 1272 988 κεφαλὴν
1335 918 1641 988 ’Δσιμέλεχ,
1696 919 1791 971 καὶ

216 1005 415 1076 ἐόόησε
442 1008 580 1076 ταχὺ
610 1007 746 1077 πρὸς
785 1007 846 1060 τὸ
874 1009 1160 1078 παιδάριον
1209 1011 1270 1062 τὸ
1307 1007 1464 1079 αίρον
1509 1011 1578 1063 τά
1621 1009 1788 1079 σκεύη

215 1097 407 1161 αὑτοῦ,
442 1099 536 1150 καὶ
561 1093 716 1152 εἶπεν
750 1098 898 1169 αύτῷ
922 1113 938 1129 ·
987 1100 1205 1152 Σπάσαι
1240 1101 1340 1171 τὴν
1367 1101 1641 1171 ῥομφαίαν
1672 1116 1790 1165 σου,

215 1191 310 1245 καὶ
350 1190 662 1244 θανάτωσόν
700 1208 788 1260 με,
831 1194 903 1262 μή
936 1209 1066 1245 ποτε
1099 1193 1348 1255 εἴπωσιν,
1394 1193 1476 1246 ὅτι
1507 1193 1645 1262 γυνὴ
1686 1193 1790 1244 ἀπ-

213 1280 458 1334 έκτεινεν
487 1283 672 1336 αὐτόν.
704 1284 812 1337 Καὶ
837 1286 1194 1354 ἐξεκέντησεν
1233 1283 1396 1337 αὐτὸν
1421 1284 1484 1336 τὸ
1503 1284 1790 1355 παιδάριον

212 1371 406 1438 αὑτοῦ,
431 1375 526 1426 καὶ
548 1374 837 1430 ἀπέθανεν.

297 1462 616 1532 ’Δνήγγειλε
657 1463 738 1534 τῷ
772 1463 936 1520 Δαυῖδ
965 1466 1178 1536 Μελχὸλ
1214 1468 1248 1538 ἡ
1297 1468 1437 1536 γυνὴ
1488 1466 1656 1520 αὑτοῦ
1699 1467 1789 1521 λέ.

208 1571 390 1623 γουσα
412 1569 427 1583 ’
467 1556 594 1609 Ἐάν
629 1559 706 1628 μὴ
747 1557 813 1611 σὺ
847 1557 1151 1630 σώσῃςτὴν
1180 1560 1360 1630 ψυχὴν
1406 1561 1640 1614 σεαυτοῦ
1689 1563 1790 1631 τὴν

207 1645 386 1700 νύκτα
444 1646 674 1717 ταύτην,
711 1646 899 1718 αὔριον
953 1649 1340 1722 θανατωθήσῃ.
1399 1651 1508 1705 Καὶ
1559 1653 1787 1721 κατάγει

206 1737 442 1808 Μελχὼλ
472 1741 567 1793 τὸν
598 1741 764 1795 Δαυῒδ
795 1742 885 1795 διὰ
913 1743 1010 1812 τῆς
1041 1743 1274 1813 θυρίδος,
1298 1744 1396 1798 καὶ
1425 1744 1661 1814 ἀπῆλθε,
1693 1744 1787 1797 καὶ

208 1830 407 1899 ἔφυγε,
429 1833 524 1886 καὶ
556 1833 760 1905 ἐσώθη.

1898 651 2036 703 ravit
2059 641 2342 720 argentum
2370 655 2648 704 nostrum.

1962 739 2145 797 Judic.
2185 741 2542 821 lx..Accessit
2576 740 2962 798 Abimelecbus
3001 759 3175 814 usque
3201 747 3267 800 ad
3303 749 3472 801 turris

1892 842 2130 900 portam,
2166 842 2223 884 ut
2257 846 2380 886 eam
2408 832 2754 904 iuceuderetg
2791 833 2989 890 mulier
3020 845 3200 889 autem
3223 838 3470 906 quaedam

1894 921 2252 991 fragmentum
2296 924 2454 978 molae
2484 924 2537 977 in
2571 932 2737 992 caput
2765 924 2885 994 ejus
2914 925 3152 993 conjecit
3191 941 3207 978 :
3257 937 3312 980 et
3358 935 3473 982 sta-

1895 1015 1990 1066 tim
2028 1015 2274 1069 clamans
2305 1016 2542 1069 accersit
2579 1029 2830 1084 puerum,
2864 1017 2959 1085 qui
2994 1031 3143 1070 arma
3173 1016 3345 1084 ipsius
3373 1033 3469 1086 ge-

1895 1106 2066 1157 rebat.
2099 1103 2222 1167 Cui,
2279 1107 2451 1167 Educ,
2483 1108 2676 1175 inquit,
2707 1106 2947 1177 gladium
2984 1117 3158 1170 tuum,
3185 1118 3241 1162 et
3276 1125 3360 1161 me
3387 1110 3473 1161 in-

1895 1193 2101 1261 tcrfice,
2138 1211 2207 1250 ne
2234 1197 2416 1251 dicant
2438 1197 2596 1268 vulgo
2631 1213 2718 1253 me
2747 1213 2777 1252 a
2820 1199 3048 1254 muliere
3093 1199 3468 1257 interfectum.

1897 1285 1963 1340 Et
1991 1302 2128 1356 puer
2153 1287 2272 1354 ejus
2302 1289 2532 1358 pupugit
2563 1304 2709 1355 eum,
2744 1301 2800 1346 et
2834 1300 3082 1347 mortuus
3116 1302 3219 1347 est.
3309 1350 3312 1354 ,

1965 1465 1993 1519 Ι
2036 1464 2165 1536 Reg.
2190 1484 2303 1522 xix.
2330 1469 2560 1524 Melchol
2593 1485 2732 1525 uxor
2763 1470 3005 1536 Davidis,
3029 1471 3365 1528 renuntiavit
3391 1473 3466 1538 ei,

1891 1558 2081 1614 dicens
2118 1577 2132 1612 :
2157 1558 2275 1614 Nisi
2305 1561 2404 1616 hac
2433 1572 2594 1618 nocte
2619 1563 2926 1618 servaveris
2952 1564 3116 1617 vitam
3141 1573 3312 1630 tuam,
3345 1580 3469 1620 cras

1893 1662 2063 1707 morte
2093 1653 2344 1711 aﬂicieris
2369 1672 2385 1723 ;
2412 1667 2464 1710 et
2491 1657 2697 1710 dimisit
2728 1658 2984 1710 maritum
3017 1672 3176 1712 suum
3206 1657 3464 1711 Davidem

1889 1759 1988 1813 per
2026 1745 2341 1801 fenestram.
2379 1747 2581 1819 Sicque
2612 1748 2702 1802 ille
2731 1749 2886 1814 exiit,
2919 1750 3154 1820 aufugit,
3188 1758 3243 1804 et
3273 1763 3466 1804 serva-

1892 1844 1978 1890 tus
2009 1848 2116 1892 est.

285 1924 386 1986 Τίς
427 1925 595 1980 ἔδωκε
627 1927 871 1995 γυναιξὶν
917 1929 1242 2000 ὑφάσματος
1280 1931 1495 2002 σοφίαν,
1545 1929 1637 1984 καὶ
1667 1943 1784 1982 ποις

1953 1927 2077 1984 J-ob.
2119 1929 2251 1996 Quis
2275 1931 2424 1987 dedit
2454 1931 2774 1988 mulieribus
2823 1935 3038 1989 texendi
3095 1935 3417 2004 sapientiam
3443 1970 3462 1998 ,

206 2013 461 2084 κιλτικὴν
493 2017 808 2090 ἐπιστήμην
833 2035 849 2086 ;

281 2106 427 2175 Γυνὴ
453 2107 676 2178 ἀνδρεία
708 2111 970 2179 στέφανος
993 2112 1070 2182 τῷ
1099 2113 1252 2184 ἀνδρὶ
1273 2114 1466 2186 αὐτῆς.

279 2198 429 2268 Γυνὴ
453 2200 778 2271 εὐχάριστος
813 2207 1022 2275 ἐγείρει
1049 2206 1205 2277 ἀνδρὶ
1231 2207 1411 2273 δόξαν.

286 2293 385 2354 Ὃς
407 2291 536 2364 εὗρε
574 2297 809 2362 γυναῖκα
837 2298 1072 2370 ἀγαθὴν,
1103 2293 1226 2370 εὗρε
1257 2301 1509 2373 χάριτας,
1543 2303 1702 2362 ἔλασε
1727 2309 1786 2364 δέ

204 2382 366 2453 παρὰ
396 2383 602 2453 Κυρίου
637 2385 952 2458 ἱλαρότητα.

285 2477 383 2537 Ὃς
409 2477 664 2531 ἐκϐάλλει
693 2483 932 2548 γυναῖκα
969 2482 1202 2554 ἀγαθὴν,
1229 2485 1482 2542 ἐκϐάλλει
1511 2491 1692 2560 ἀγαθά
1719 2494 1786 2546 ἐκ

205 2564 302 2616 τοῦ
333 2567 488 2619 οἴκου
517 2568 707 2622 αὑτοῦ.
882 2572 885 2574 ’

291 2660 464 2726 Σοφαὶ
492 2666 750 2729 γυναῖκες
770 2665 1127 2738 ᾠκςδόμησαν
1152 2671 1367 2738 οίκους’
1408 2677 1440 2747 ἠ
1490 2677 1547 2730 δὲ
1594 2681 1784 2750 ἄφρων

207 2752 529 2820 κατέσκαψε
560 2757 682 2818 ταῖς
710 2762 895 2828 χερσὶν
925 2761 1121 2831 αὐτῆς.

279 2845 524 2899 Γυναῖκα
579 2850 832 2920 ἀνδρείαν
881 2851 965 2916 τίς
1013 2855 1273 2926 εὑρήσει;
1319 2863 1623 2932 τιμιωτέρα
1667 2864 1782 2917 ἐστὶ

202 2934 375 2989 λίθων
403 2938 710 2993 πολυτελῶν
743 2942 776 3007 ἠ
806 2943 1050 3014 τοιαύτη.
1074 2945 1278 3016 Θαρσετ
1301 2949 1389 3003 ἐπ’
1418 2952 1553 3022 αὐτῇ
1584 2955 1616 3022 ή
1649 2970 1782 3023 καρ-

202 3025 296 3077 δία
327 3026 423 3078 τοῦ
448 3029 640 3098 ἀνδρὸς
668 3029 858 3098 αὐτῆς.
896 3033 961 3086 Ἢ
986 3036 1206 3104 τοιαύτη
1236 3039 1419 3092 καλῶν
1448 3042 1661 3096 σκύλων
1682 3047 1784 3098 οὐκ

204 3119 502 3189 ἀπορήσει.
543 3123 786 3195 Ἐνεργεῖ
811 3125 889 3195 τῷ
920 3125 1075 3198 ἀνδρὶ
1130 3130 1331 3198 ἀγαθὰ,
1367 3134 1462 3185 καὶ
1506 3135 1569 3188 ού
1613 3138 1780 3191 κακά.

1889 2029 1942 2075 et
1975 2030 2146 2075 artem
2179 2038 2281 2078 acu
2315 2026 2598 2081 variandi?

1960 2113 2117 2183 173
2150 2112 2311 2169 Prov.
2335 2131 2432 2170 xu.
2466 2116 2610 2171 Uxor
2647 2117 2808 2174 fortis
2860 2134 3064 2175 corona
3095 2129 3178 2176 est
3207 2121 3307 2175 viri
3358 2121 3465 2180 sui.

1961 2201 2114 2259 Uxor
2141 2215 2293 2275 grata
2321 2208 2528 2262 excitat
2552 2210 2671 2264 viro
2708 2212 2966 2281 gloriam.

1956 2293 2058 2359 Qui
2098 2304 2294 2352 nactus
2350 2309 2435 2352 est
2484 2314 2711 2355 uxorem
2767 2303 2990 2370 bonam,
3024 2304 3070 2360 is
3122 2304 3333 2375 gratias
3380 2315 3467 2363 est

1884 2385 2138 2454 adeptus,
2173 2395 2229 2442 et
2263 2403 2293 2442 a
2319 2389 2553 2445 Domino
2582 2395 2793 2462 accepit
2825 2394 3182 2450 hilaritatem.

1953 2475 2054 2544 Qui
2081 2479 2229 2549 ejicit
2259 2496 2481 2536 uxorem
2507 2483 2750 2553 probam,
2772 2485 2919 2555 ejicit
2941 2485 3130 2542 bona-e
3153 2487 3318 2543 domo
3335 2502 3462 2545 sua.

1957 2657 2117 2714 Prov.
2148 2675 2263 2717 xiv.
2291 2659 2501 2718 Uxores
2525 2663 2802 2732 sapientes
2820 2665 3230 2722 :ediflcaveruut
3247 2668 3462 2734 domos;

1891 2761 1948 2806 at
1980 2753 2246 2822 insipiens
2266 2755 2383 2808 suis
2405 2757 2656 2810 manibus
2685 2757 2940 2811 demolila
2972 2767 3077 2813 est.

1957 2840 2116 2898 Prov.
2151 2859 2302 2898 xxxi.
2335 2843 2566 2900 Uxorem
2619 2845 2817 2900 fortem
2865 2851 2988 2917 quis
3020 2849 3257 2904 inveniet
3283 2833 3308 2905 τί
3339 2850 3464 2907 talis

1886 2933 2058 3004 pluris
2087 2943 2170 2990 est
2194 2937 2509 2990 aestimanda
2528 2951 2690 3003 quam
2719 2938 2921 3006 lapides
2949 2940 3209 3009 pretiosi;
3247 2955 3310 2996 ea
3335 2955 3467 2996 cou-

1885 3025 2112 3080 fiditcor
2132 3027 2264 3094 viri;
2286 3027 2400 3082 haec
2425 3029 2614 3098 spoliis
2640 3031 2888 3099 pulchris
2914 3047 3021 3085 non
3042 3031 3286 3099 carebit;
3306 3031 3465 3087 bonis

1884 3118 2048 3171 allicit
2072 3118 2245 3171 virum
2270 3133 2454 3183 suum,
2483 3137 2590 3175 non
2625 3121 2810 3176 malis.
2838 3121 3057 3176 Viruon
3078 3133 3162 3179 est
3193 3124 3464 3179 sollicitus

205 3211 283 3264 Οὐ
335 3211 613 3283 φροντίζει
662 3215 768 3268 τῶν
797 3215 856 3267 ἐν
886 3217 1020 3286 οἴκῳ
1064 3217 1203 3288 ἀνὴρ
1231 3219 1422 3289 αὐτῆς.
1457 3221 1624 3275 Ὅταν
1678 3242 1780 3278 που

1914 3212 1953 3266 Ie
1977 3212 2141 3266 rebus
2169 3213 2509 3278 domesticis,
2535 3214 2708 3268 sicubi
2734 3226 2912 3271 autem
2959 3217 3164 3272 diutius
3216 3229 3463 3275 moratus

201 3303 456 3376 χρονίζῃ,
500 3304 689 3368 δισσάς
719 3306 947 3376 χλαίνας
998 3309 1223 3380 ἐποίησε
1267 3310 1347 3380 τῷ
1391 3312 1544 3383 ἀνδρὶ
1590 3315 1782 3383 αὐτῆς.

214 3394 412 3448 Ἢνίκα
453 3393 520 3449 ἂν
551 3396 750 3468 καθίσῃ
780 3398 837 3450 ὲν
865 3398 1133 3469 συνεδρίῳ
1167 3401 1308 3469 μετά
1334 3402 1442 3454 τῶν
1480 3402 1783 3472 πρεσϐυτέ-

205 3504 344 3558 ρων,
383 3487 560 3555 στόμα
586 3487 756 3557 αὐτῆς
786 3488 1021 3558 διήνοιξε
1057 3491 1439 3560 προσεχόντως
1487 3494 1583 3546 καὶ⁵
1635 3496 1784 3548 ἐννό-

205 3596 350 3648 μως,
383 3579 477 3633 καὶ
511 3579 666 3646 τάξω
690 3581 998 3634 ἐνετείλατο
1039 3584 1104 3653 τῇ
1151 3581 1375 3654 γλώσσῃ
1411 3583 1600 3654 αὐτῆς.
1653 3585 1782 3638 Σιε-

203 3671 295 3722 ναὶ
321 3670 379 3722 δὲ
407 3670 685 3742 διατριὸαὶ
729 3675 894 3727 οίκων
941 3672 1135 3743 αὐτῆς,
1171 3675 1294 3728 σῖτα
1333 3674 1392 3728 δέ
1421 3675 1635 3747 ὀκνηρά
1679 3676 1782 3730 οὐκ

203 3760 438 3830 ἔφαγεν.

278 3854 482 3908 Πολλαὶ
547 3854 842 3927 θυγατέρες
901 3857 1198 3927 ἐκτήσαντο
1268 3858 1517 3926 πλοῦτον,
1584 3859 1783 3916 πολλαὶ

203 3946 471 4017 ἐποίησαν
499 3947 729 4016 δύναμιν
751 3963 766 3979 ο
795 3949 860 4001 σὺ
894 3948 951 4001 δὲ
993 3949 1318 4017 ὑπέρκεισαι
1360 3951 1454 4003 καὶ
1501 3951 1781 4021 ὑπερῆρας

205 4039 407 4100 πάσας.
449 4040 679 4104 Ψευδεῖς
707 4041 993 4112 ἀρέσκειαι
1047 4044 1142 4094 καὶ
1178 4043 1404 4111 μάταιον
1451 4043 1647 4106 κάλλος
1681 4044 1781 4098 οὐκ

204 4130 350 4183 ἐστιν
373 4134 431 4185 ἐν
471 4132 574 4187 σοί.

276 4223 417 4293 Γυνὴ
444 4224 640 4295 συνετὴ
667 4225 1006 4294 εὐλογεῖται,
1035 4227 1198 4297 φόϐος
1252 4227 1307 4278 δέ
1361 4227 1566 4296 Κυρίου
1611 4227 1782 4296 αὐτὴν

206 4318 448 4372 αἰνείτω.
471 4319 598 4372 Δότε
621 4321 758 4392 αὐτῇ
793 4321 900 4374 ἀπὸ
930 4321 1158 4390 καρπῶν
1195 4319 1418 4390 χειλέων
1451 4320 1642 4391 αὐτῆς.
1687 4321 1782 4373 καὶ

208 4409 462 4463 αίνείσθω
484 4410 545 4464 ἐν
569 4410 767 4484 πύλαις
799 4412 829 4464 ό
853 4413 994 4484 ἀνὴρ
1026 4413 1217 4481 αὐτῆς.

274 4500 368 4570 Μὴ
395 4501 614 4572 άστόχει
660 4504 918 4572 γυναικὸς
959 4505 1128 4574 σοφῆς
1165 4503 1264 4556 καὶ
1314 4503 1528 4574 ἀγαθῆς
1551 4517 1568 4534 ⁸
1609 4503 1644 4573 ἡ
1672 4504 1782 4574 γὰρ

205 4594 365 4661 χάρις
399 4593 571 4666 αὐτῆς
599 4595 742 4664 ὑπὲρ
774 4597 837 4650 τὸ
866 4597 1112 4668 χρυσίον.

274 4683 452 4752 Χάρις
505 4685 598 4737 ἐπὶ
645 4685 832 4756 χάριτι
879 4686 1019 4755 γυνὴ
1085 4687 1325 4754 σιγηρά·
1378 4686 1474 4738 καὶ
1515 4683 1618 4737 οὐκ
1660 4681 1777 4734 ἐστι

137 4829 156 4842 ,
207 4776 447 4846 σταθμὸς
477 4776 627 4844 ἄξιος
654 4776 956 4847 ἐγκρατοῦς
980 4777 1162 4847 ψυχῆς
1181 4776 1371 4846 αὐτῆς.

275 4963 541 5025 Γυναικδς
584 4961 796 5033 ἀγαθῆς
831 4973 1099 5033 μακάριος
1146 4961 1175 5012 ὁ
1214 4958 1376 5029 ἀνὴρ,
1412 4959 1504 5012 καὶ
1551 4959 1782 5029 ἀριθμὸς

206 5059 311 5112 τῶν
344 5055 569 5127 ἡμερῶν
599 5055 764 5110 αὐτοῦ
793 5055 1096 5113 διπλάσιος.
1129 5053 1273 5123 Γυνὴ
1295 5050 1521 5121 ἀνδρεία
1550 5051 1779 5121 εὐφραίο

207 5167 286 5204 νει
320 5151 413 5203 τὸν
442 5148 614 5220 ἄνδρα
647 5147 840 5217 αὐτῆς,
867 5149 962 5201 καὶ
989 5148 1058 5200 τὰ
1083 5146 1181 5215 ἐτη
1214 5143 1382 5198 αὑτοῦ
1414 5143 1695 5215 πληρώσει
1728 5145 1786 5196 ἐν

207 5243 418 5313 εἰρήνῃ.
451 5240 594 5311 Γυνὴ
622 5238 803 5307 ἀγαθὴ
844 5239 1002 5308 μερὶς
1031 5236 1211 5306 ἀγαθή
1231 5250 1247 5267 ⁸
1276 5235 1371 5288 καὶ
1394 5236 1452 5288 ἐν
1479 5233 1663 5306 μερίδι
1693 5251 1786 5300 φο-

209 5335 302 5386 6ου
310 5333 494 5402 μένων
524 5331 730 5402 Κύριον
761 5330 1068 5401 δοθήσεται.

274 5426 450 5494 Χάρις
472 5426 730 5493 γυναικὸς
752 5422 1034 5494 εὐφραίνει
1066 5422 1157 5486 τὸν
1185 5421 1356 5492 ἄνδρα
1374 5420 1568 5490 αὐτῆς,
1595 5418 1690 5473 καὶ
1714 5420 1781 5472 τά

207 5519 340 5572 ὀττᾶ
372 5518 539 5572 αὑτοῦ
568 5519 774 5572 πιαίνει
803 5519 838 5588 ὴ
872 5520 1150 5588 ἐπιστήμη
1179 5518 1372 5589 αὐτῆς.

209 5612 244 5662 Γ
249 5611 471 5674 υναικὸς
499 5611 639 5682 ἀνὴρ
666 5609 837 5681 χρῆμ’
863 5609 1014 5664 οὐδὲν
1043 5609 1293 5681 ληῖζεται

211 5705 444 5760 Κάλλιον
470 5704 692 5774 ἐσθλῆς,
720 5702 912 5775 ὥσπερ
934 5704 1056 5757 οὐδὲ
1085 5707 1267 5774 χεῖρον
1285 5703 1386 5773 τῆς
1413 5704 1656 5765 ἐναντίας
1675 5702 1775 5774 (Ι).

1888 3301 2074 3369 fuerit,
2103 3304 2220 3372 ipsa
2257 3306 2466 3360 interea
2523 3307 2770 3376 geminas
2814 3307 3049 3363 confecit
3076 3316 3274 3364 vestes.
3325 3311 3460 3365 Cum

1883 3405 2064 3450 autem
2105 3398 2157 3451 in
2189 3412 2449 3454 consessu
2475 3398 2756 3454 seniorum
2779 3400 3048 3466 considet,
3069 3402 3182 3471 ipsa
3202 3417 3268 3458 os
3302 3419 3461 3458 suum

1883 3489 2059 3557 aperit
2087 3497 2290 3544 attente
2318 3498 2372 3544 et
2396 3490 2653 3558 legitime,
2681 3505 2746 3545 ac
2772 3492 3017 3547 ordinem
3041 3495 3121 3547 ori
3151 3509 3252 3549 suo
3275 3505 3462 3550 tenen-

1882 3577 2009 3632 dum
2033 3580 2352 3648 prmscribit.
2381 3578 2692 3636 Taciturnae
2713 3590 2898 3638 autem
2935 3593 3065 3638 sunt
3124 3585 3318 3640 domus
3338 3587 3462 3657 ejus

1883 3671 2328 3739 exercitationes,
2368 3671 2552 3728 cibum
2578 3673 2756 3730 otiosa
2790 3690 2897 3729 non
2921 3677 3089 3746 capit.

1951 3853 2133 3911 Multae
2161 3855 2284 3911 filiae
2307 3855 2524 3914 divitias
2546 3865 2604 3913 et
2653 3859 2954 3926 potentiam
2989 3873 3460 3930 comparaverunt,

1883 3955 1940 4002 tu
1967 3957 2149 4001 autem
2180 3948 2447 4016 superasti
2471 3963 2684 4013 omnes.
2705 3957 2761 4006 et
2788 3965 2955 4018 super
2977 3952 3097 4005 illas
3119 3961 3170 4006 te
3189 3953 3458 4022 extulisti;

1883 4038 2021 4094 falsa
2055 4037 2344 4094 aﬂ‘abilitas
2377 4049 2430 4095 et
2461 4041 2642 4098 inanis
2665 4043 3013 4112 pulchritudo
3045 4061 3149 4099 non
3186 4054 3270 4100 est
3300 4046 3352 4100 in
3384 4055 3460 4101 te.

1953 4216 2148 4273 Mulier
2176 4232 2342 4288 sagax
2371 4217 2734 4282 benedicitur,
2760 4219 2853 4274 sed
2879 4231 3052 4276 metus
3081 4221 3292 4277 Domqu
3336 4240 3459 4279 eam

1885 4311 2264 4374 commendet;
2292 4311 2417 4365 date
2451 4309 2503 4365 ei
2533 4309 2601 4364 de
2618 4307 2890 4367 fructibus
2911 4312 3173 4367 labiorum
3209 4330 3459 4381 suetum,

1883 4410 1938 4456 et
1969 4403 2051 4456 vir
2074 4402 2191 4470 ejus
2215 4401 2470 4457 laudetur
2500 4401 2558 4456 in
2590 4401 2785 4471 portis.

1955 4493 2122 4549 Eccli.
2157 4509 2253 4550 vn.
2307 4495 2442 4550 Vide
2474 4509 2543 4549 ne
2597 4495 2822 4550 excidas
2875 4510 3046 4550 uxore
3100 4499 3350 4567 sapiente
3402 4509 3459 4556 et

1811 4597 1858 4654 ι)
1886 4583 2024 4639 bona
2046 4602 2062 4652 ;
2089 4601 2214 4642 nam
2239 4587 2411 4656 gratia
2439 4587 2560 4654 ejus
2579 4600 2716 4641 auro
2741 4595 2985 4657 praestat.

1956 4676 2142 4732 Gratia
2186 4676 2456 4747 duplicata
2489 4677 2686 4733 mulier
2727 4679 2993 4733 taciturna
3015 4677 3177 4750 [alias
3210 4679 3454 4752 pudica],

1889 4783 1987 4822 nec
2008 4777 2091 4823 est
2115 4769 2411 4839 quidquam
2433 4771 2579 4839 quod
2614 4783 2740 4826 cum
2760 4770 2946 4825 animo
2976 4771 3118 4825 illius
3144 4772 3459 4829 continente

1887 4861 2190 4929 comparari
2226 4860 2415 4929 possit.

1961 4950 2098 5006 Ibid.
2131 4950 2320 5007 Proba:
2351 4952 2594 5007 mulieris
2625 4953 2708 5006 vir
2727 4963 2811 5008 est
2833 4954 3048 5018 beatus,
3086 4964 3141 5008 et
3197 4971 3469 5010 numerus

1887 5042 2096 5098 dierum
2150 5045 2271 5113 ejus
2332 5043 2718 5112 duplicabitur.
2770 5042 2917 5098 Uxor
2975 5044 3134 5101 fortis
3193 5047 3462 5101 exhilarat

1889 5139 2067 5192 virum
2097 5152 2278 5199 suum,
2305 5145 2360 5191 et
2389 5150 2561 5189 annos
2619 5134 2740 5205 ejus
2779 5152 2904 5190 cum
2963 5153 3100 5207 pace
3148 5139 3455 5208 t-OIuplebil.

1882 5232 2076 5286 Mulier
2104 5233 2273 5302 proba
2310 5228 2490 5299 portio
2522 5228 2663 5282 bona
2695 5239 2779 5284 est
2809 5248 2827 5296 ;
2854 5241 2910 5284 et
2944 5230 2998 5284 in
3028 5242 3182 5300 parte
3209 5241 3460 5286 metuen-

1886 5325 2018 5376 tium
2047 5321 2330 5375 Duminum
2359 5320 2602 5376 dabitur.

1961 5411 2160 5468 Uxoris
2210 5415 2385 5484 gratia
2431 5413 2608 5469 virum
2639 5412 2928 5480 exhilarat,
2981 5420 3038 5468 et
3065 5411 3292 5467 scientia
3337 5411 3459 5480 ejus

1895 5519 2023 5558 ossa
2059 5505 2161 5559 viri
2195 5507 2430 5574 saginat.

1955 5597 2216 5667 Theologi.
2248 5595 2344 5652 Vir
2370 5596 2580 5652 nullam
2609 5613 2720 5653 rem
2744 5595 3028 5667 acquirere
3061 5603 3242 5664 potest
3288 5609 3461 5651 uxore

1883 5691 2052 5759 proba
2082 5689 2470 5757 honestiorem,
2497 5686 2957 5762 quemadmodum
2990 5686 3198 5744 nullam
3223 5687 3459 5744 deterio-

1888 5798 1997 5838 rem
2028 5781 2294 5851 improha.

280 5884 358 5957 (Ι)
393 5883 601 5944 Versus
631 5887 906 5945 constabit
947 5889 991 5943 si
1024 5886 1194 5957 legas,
1227 5883 1462 5940 Κάλλιον
1488 5884 1708 5951 ἐσθλῆς,
1731 5882 1784 5933 o'.

1914 5880 2072 5948 ;εἶρον
2104 5877 2320 5931 ἐναντία
2334 5893 2375 5937 ς.
