3928 6562
476 419 612 486 1087

1745 425 2068 485 ΑΝΤΟΝΙΙ
2101 376 2449 487 ΜΕΙᾸΞδλΕ

3582 427 3700 497 1083

547 537 606 592 S.
642 537 851 607 (ΙΨ-ἰαί.
911 537 1173 595 Muliebre
1227 554 1394 611 genus
1426 537 1827 610 quodammodo
1876 540 2052 607 lacry-

2225 539 2520 612 Φιλόδακρύ
2555 559 2668 604 πως
2704 541 2788 595 ἀεὶ
2839 541 2900 595 τδ
2942 543 3074 614 θῆλυ
3123 545 3298 612 γένος,
3337 547 3429 599 καὶ
3474 546 3565 600 τὸν
3596 550 3700 603 νοῦν

475 646 688 684 marum
717 645 910 686 amans
934 639 1019 687 est
1071 639 1126 687 et
1148 633 1334 688 animo
1367 635 1435 687 ad
1465 629 1901 688 misericordiam
1957 629 2042 684 fa-

474 722 562 776 cili
591 723 895 790 praeditum.

548 810 741 866 Mulier
782 814 914 868 vitat
962 829 1152 869 omnes
1209 811 1607 869 calumniarum
1657 812 2046 880 suspiciones;

480 906 523 955 si
551 919 727 972 neque
754 920 814 960 se
844 915 1043 971 comat,
1065 920 1244 975 neque
1271 914 1426 959 ornet
1448 919 1614 972 supra
1641 903 1888 970 modum,
1920 921 2051 973 pre-

475 995 783 1050 cationibus
817 1004 871 1050 et
893 995 1366 1065 deprecationibus
1389 993 1684 1049 attentione
1718 1009 1932 1049 summa
1955 1008 2048 1047 va-

478 1103 628 1140 caus.

555 1178 818 1235 Philonis.
848 1176 1084 1232 Narrant
1148 1176 1356 1248 physici
1407 1175 1662 1231 feminam
1709 1175 1844 1230 nihil
1897 1175 2047 1231 aliud

479 1286 598 1324 e.-sc
619 1287 779 1340 quam
808 1270 1181 1339 imperfectum
1225 1284 1450 1323 marem.

549 1359 854 1414 lntirmiura
886 1359 1293 1428 quodammodo
1331 1367 1460 1414 sunt
1489 1357 1775 1411 mulierum
1799 1357 2049 1422 consilia,

482 1466 580 1506 nec
631 1461 782 1504 extra
844 1467 931 1506 res
955 1466 1075 1520 quae
1102 1450 1202 1505 sub
1255 1464 1451 1504 sensus
1484 1453 1710 1513 cadunt,
1754 1449 2050 1518 quidquam

481 1553 709 1613 possunt
731 1557 919 1597 eorum
952 1557 1074 1611 quae
1124 1550 1330 1597 tantum
1365 1541 1468 1598 sub
1503 1541 1915 1611 intelligentiam
1957 1557 2053 1596 ca-

481 1635 636 1698 dunt,
667 1631 1155 1702 comprehendere.
1643 1687 1652 1694 ,

561 1727 721 1799 174
751 1726 999 1782 Philonis
1029 1740 1167 1782 uxor
1218 1724 1274 1780 in
1320 1725 1682 1795 complurium
1728 1723 2051 1778 feminarum

2147 634 2225 693 εἰς
2256 632 2404 684 ἔλεον
2434 633 2829 704 εὑδιὰθρυπτον
2859 635 3002 706 ἔχον.

2234 808 2574 862 Ἀνύποπτον
2605 813 2685 875 είς
2706 811 2960 883 διαϐολὴν
2986 813 3228 866 δείκνυσι
3253 817 3491 882 γυναῖκα
3547 817 3604 866 τὲ
3626 819 3700 887 Δμὴ

2149 902 2609 969 καλλωπίζεσθαι,
2679 904 2818 974 μήτε
2883 905 2991 974 μὴν
3043 906 3366 972 κοσμεῖσθαι
3429 907 3574 976 πέρα

2151 995 2472 1063 πρέποντος,
2520 997 2707 1066 εὐχαῖς
2751 998 2848 1050 καὶ
2889 996 3108 1068 δεήσεσι
3142 998 3583 1068 προσανέχουσαν
3625 1002 3700 1052 ὲκ-

2150 1103 2336 1149 τενως.

2221 1180 2452 1248 Λέγεται
2483 1183 2588 1236 ὑπὸ
2617 1184 2866 1251 φυσικῶν
2905 1185 3114 1257 ἀνδρῶν
3159 1187 3314 1242 οὐδὲν
3359 1189 3547 1260 ἓτερον
3582 1185 3698 1243 εἶναι

2153 1270 2288 1342 θῆλυ
2318 1272 2350 1340 ἦ
2381 1274 2569 1338 ἀτελὲς
2596 1276 2786 1346 ἄρρεν.

2233 1364 2646 1438 Ἀσθενέστεραί
2683 1370 2802 1432 πῶς
2831 1371 2970 1425 εἰσιν
3019 1374 3076 1425 αί
3110 1374 3322 1443 γνῶμαι
3376 1377 3487 1439 τῶν
3531 1395 3701 1446 γυναι·

2152 1457 2283 1524 κῶν,
2319 1459 2423 1524 ἐξω
2444 1460 2552 1514 τῶν
2571 1461 2846 1532 αἰσθητῶν
2881 1463 3048 1536 μηδὲν
3092 1465 3372 1537 ίσχύουσαι.
3404 1471 3590 1540 νοητὸν
3615 1488 3698 1523 za-

2153 1550 2431 1608 ταλαὸεῖν.

2237 1732 2300 1785 Ἥ
2323 1733 2559 1799 Φίλωνος
2589 1737 2728 1808 γυνὴ
2762 1738 3098 1810 ἐρωτηθεῖσα
3127 1744 3185 1797 ἐν
3219 1744 3425 1816 συνόδῳ
3457 1745 3700 1799 πλειόνων

484 1833 628 1874 οσειιι
660 1823 1013 1888 interrogata,
1057 1835 1157 1874 cur
1191 1817 1306 1873 sola
1335 1832 1398 1871 ex
1435 1818 1689 1872 omnibus
1725 1831 1894 1870 aureo
1942 1830 2049 1869 non

2166 1827 2454 1894 γυναικῶν,
2491 1829 2634 1884 διατι
2675 1833 2812 1904 μόνη
2859 1835 2967 1889 τῶν
3010 1836 3186 1891 ἄλλων
3215 1839 3276 1890 οὗ
3305 1841 3463 1910 φορεῖ
3486 1841 3702 1908 χρυσοῦν

486 1922 735 1966 uteretur
772 1921 968 1965 ornatu
1003 1928 1016 1963 :
1063 1909 1211 1965 Satis
1244 1909 1469 1980 (inquit)
1515 1909 1667 1962 uxori
1700 1922 1930 1977 magnus
1963 1922 2053 1962 or-

2166 1918 2381 1988 ιιόσμον,
2409 1920 2512 1991 ἔφη
2533 1937 2550 1953 ⁸
2581 1903 2874 1997 Αὐτάρκης
2905 1928 3110 1998 κόσμος
3139 1931 3256 1984 ἐστὶ
3560 1934 3592 2003 ἡ
3624 1933 3700 1986 τοῦ

488 2015 650 2058 natus
680 2004 776 2055 viri
814 2004 896 2056 sui
939 2004 1116 2055 virtus
1146 2009 1247 2055 est.

2166 2009 2347 2081 ὶνδρὸς
2377 2013 2574 2083 ἀρετή.

556 2096 865 2164 Aristippus
906 2094 1187 2147 n-ulierem
1223 2107 1467 2162 parvam,
1499 2092 1593 2146 sed
1622 2093 1901 2161 pulchram
1924 2106 2053 2146 con-

2239 2105 2595 2174 Ἀρίστιππος
2653 2111 2884 2176 γυναῖκα
2933 2111 3104 2185 καλὴν
3158 2116 3363 2185 μικρὰν
3411 2117 3567 2184 ἰδὼν,
3606 2119 3700 2171 Μι-

487 2190 732 2258 spieatus
771 2204 784 2238 :
840 2186 1096 2248 Parvum,
1149 2186 1356 2254 inquit,
1390 2184 1611 2246 malum,
1656 2183 1750 2239 sed
1795 2197 2053 2252 magnum

2166 2197 2287 2267 κρὸν
2310 2199 2479 2252 κακὸν
2502 2200 2619 2271 μὲν,
2650 2203 2870 2271 μέγα⁶δὲ
2895 2183 3076 2272 καλδνς
3103 2183 3227 2276 ἔφη.
3253 2183 3341 2263 Al.
3375 2211 3580 2280 Μικρὸν
3615 2213 3699 2279 μὲν

488 2281 775 2350 pulchrum
809 2280 924 2348 (Ι).

2166 2287 2340 2352 καλὸν,
2372 2291 2517 2358 μέγα
2557 2291 2616 2368 δὲ
2652 2293 2844 2349 κακόν.

561 2397 794 2452 Uxorem
854 2405 1243 2467 temperantem
1321 2394 1589 2463 quaerito,
1627 2408 1726 2448 nec
1766 2392 2058 2448 formosio-

485 2505 622 2555 rem;
646 2489 776 2542 illud
796 2488 939 2543 enim
961 2501 1043 2544 est
1067 2489 1361 2543 thesaurus
1386 2489 1476 2556 qui
1501 2486 1698 2556 surripi
1720 2502 1825 2540 non
1850 2493 2054 2557 potest,

488 2582 591 2636 hoc
621 2591 798 2634 autem
835 2581 1000 2634 animi
1037 2581 1217 2648 opinio
1249 2581 1364 2636 sive
1394 2578 1699 2649 persuasio.

2227 2399 2466 2454 Γυναῖκα
2509 2402 2763 2475 σώφρονα
2799 2409 2971 2479 ζήτει,
3024 2411 3119 2464 καὶ
3179 2411 3254 2482 μὴ
3304 2412 3593 2482 εὔμορφον.
3638 2415 3700 2466 Τὸ

2159 2495 2260 2564 μὲν
2293 2494 2401 2563 γὰρ
2441 2493 2714 2567 θησαυρὸς
2748 2502 3122 2569 ἀνέκλειπτος,
3163 2505 3223 2558 τὺ
3251 2505 3311 2559 δὲ
3349 2506 3551 2575 ὑποψία
3583 2506 3698 2575 γνὼ-

2160 2603 2292 2656 μης.

2228 2679 2441 2750 Σεμνῆς
2474 2684 2728 2752 γυναικὸς
2759 2688 2850 2741 καὶ
2876 2689 3089 2761 ἀγαθῆς
3119 2691 3246 2746 ὅταν
3272 2693 3466 2768 τύχῃς,
3495 2695 3582 2749 τὸν
3601 2697 3697 2768 βέον

2156 2770 2363 2826 ἄλυπον
2387 2773 2671 2840 διατελεῖς.

555 2674 842 2743 Protagor.
896 2671 1190 2727 llonestam
1227 2687 1448 2727 uxorem
1501 2680 1553 2725 et
1612 2671 1806 2724 bonam
1855 2670 1898 2726 si
1944 2670 2056 2725 eris

489 2775 795 2830 assecutus,
830 2765 992 2818 vitam
1030 2763 1215 2817 dolore
1246 2771 1526 2816 vacantem
1561 2762 1745 2831 deges.

825 2898 1058 2954 SERMO
1099 2895 1313 2952 χχχιι(
1349 2897 1452 2966 [αι.
1477 2893 1736 2968 cxxw].

530 3038 604 3093 De
639 3037 890 3107 improbis
920 3033 1231 3156 mulieribus,
1256 3041 1315 3115 et.
1337 3031 1594 3087 adulteris
1626 3034 1869 3101 omnique
1898 3032 2026 3086 vitio

1179 3121 1210 3156 υ
1233 3121 1364 3156 eius.

1179 3121 1364 3174 ptems.

566 3221 722 3276 Prov.
756 3237 808 3282 v,
846 3234 943 3272 vu.
983 3217 1192 3272 Mulieri
1230 3216 1489 3284 improbae
1525 3229 1596 3272 ne
1631 3222 1866 3268 mentem
1900 3213 2057 3268 adhi-
2085 3240 2132 3301 ο

496 3312 661 3378 beto;
715 3310 817 3364 mel
845 3310 984 3364 enim
1021 3323 1088 3362 ex
1125 3306 1425 3361 meretricis
1473 3319 1570 3360 ore
1599 3303 1740 3369 ﬂuit,
1800 3303 1945 3374 quod
1987 3305 2054 3360 ad

490 3415 704 3472 tempus
739 3401 892 3472 ungit
937 3408 1145 3471 guttur,
1189 3407 1371 3467 postea
1414 3407 1594 3452 tamen
1643 3398 1766 3453 felle
1812 3400 2052 3454 σηιξη-ειη

487 3497 752 3561 invenies,
785 3505 838 3548 et
867 3493 1047 3562 gladio
1080 3491 1303 3561 ancipiti
1341 3491 1572 3546 acutius.

554 3673 632 3729 Ne
662 3675 758 3729 des
787 3671 1000 3727 mulieri
1024 3684 1156 3740 opes
1181 3678 1326 3726 tuas.

558 3765 683 3831 Fili,
727 3777 884 3818 serva
917 3762 1172 3816 mandata
1201 3775 1343 3823 mea,
1372 3766 1428 3815 et
1451 3758 1623 3826 vives,
1653 3769 1714 3813 ut
1747 3768 1799 3814 te
1835 3770 2054 3817 servent

487 3875 514 3912 a
543 3860 827 3926 peregrina
860 3853 1093 3908 muliere
1126 3859 1180 3907 et
1205 3851 1474 3921 improba.

557 3949 747 4003 Mulier
777 3945 1043 4016 pretiosas
1073 3945 1312 3998 virorum
1341 3942 1552 3999 animas
1582 3943 1870 4014 praedatur.

496 4051 506 4062 '
557 4042 796 4110 Tempus
825 4045 911 4092 est
944 4035 1275 4105 ignominiaa,
1305 4033 1500 4088 mulier
1523 4048 1643 4102 quas
1662 4034 1778 4090 odit
1807 4034 2053 4089 honesta.

559 4134 715 4189 Prov.
769 4147 848 4186 ιιι.
902 4128 1094 4184 Mulier
1129 4127 1396 4197 insipiens
1443 4134 1499 4181 et
1547 4127 1724 4182 audax
1769 4126 1894 4180 cibo
1938 4142 2049 4198 quo

483 4229 658 4281 alatur
696 4221 924 4288 carebit,
965 4234 1088 4291 quae
1143 4218 1359 4275 scilicet
1389 4219 1772 4274 verecundiam
1809 4232 1916 4271 non
1958 4231 2052 4270 co-

485 4319 717 4387 guoscit.

560 4412 698 4464 Ibid.
741 4425 814 4464 xi.
856 4406 924 4463 Ut
949 4407 1157 4461 inauris
1179 4405 1233 4459 in
1266 4418 1400 4459 nare
1445 4404 1582 4470 suis,
1616 4404 1696 4460 sic
1737 4403 1790 4456 in
1821 4401 2047 4456 muliere

486 4506 754 4560 malitiosa
783 4499 1150 4573 pulchritudo.

557 4597 658 4661 Qui
693 4593 996 4648 adulteram
1027 4588 1247 4652 retinet,
1271 4585 1543 4652 insipiens
1573 4592 1628 4638 et
1660 4583 1856 4652 impius
1885 4591 1988 4638 est.
2071 4603 2127 4664 D

555 4683 750 4739 Melius
785 4691 869 4736 est
888 4681 1135 4734 habitare
1165 4678 1218 4730 in
1249 4675 1567 4736 solitudine,
1589 4688 1751 4743 quam
1781 4689 1906 4728 cum
1933 4691 2047 4728 mu-

487 4781 615 4834 liere
647 4790 890 4846 pugnace
917 4785 969 4826 et
999 4772 1246 4841 liuguace
1279 4778 1331 4823 et
1356 4768 1636 4821 iracunda.

567 4865 808 4920 Malach.
855 4863 1041 4933 proph.
1086 4865 1126 4912 A
1181 4859 1413 4929 conjuge
1469 4867 1561 4912 tua
1609 4857 1710 4912 tibi
1753 4871 1917 4926 cave;
1961 4875 2061 4915 nec

483 4961 625 5030 quod
660 4958 899 5011 facturus
927 4969 1008 5019 es,
1047 4954 1121 5009 illi
1158 4953 1385 5023 aperito.

557 5049 744 5102 Sirach
776 5061 852 5102 lx.
893 5044 972 5100 Ne
1011 5045 1193 5099 tradas
1227 5044 1434 5098 mulieri
1469 5045 1705 5100 animam
1740 5055 1912 5113 tuam;
1939 5060 2056 5100 me-

488 5139 771 5196 retricibus
814 5137 1029 5191 obviam
1075 5152 1143 5190 ne
1177 5137 1288 5203 ito;
1324 5152 1392 5190 ne
1442 5137 1724 5206 psaltriam
1772 5148 2050 5191 canentem

485 5236 866 5300 frequentata;
893 5228 1160 5295 virginem
1195 5240 1260 5280 ne
1290 5227 1677 5293 considerato;
1705 5237 1889 5282 averte
1910 5241 2044 5283 ocu-

487 5323 569 5375 Ius
600 5331 723 5374 tuos
754 5333 784 5371 a
842 5316 1070 5371 muliere
1121 5314 1400 5380 formosa;
1436 5331 1560 5370 cum
1615 5332 1787 5371 uxore
1821 5316 2048 5371 alterius

483 5415 704 5469 omnino
735 5425 802 5465 ne
826 5409 1049 5473 sedete;
1109 5406 1281 5461 forma
1333 5408 1482 5460 enim
1539 5416 1594 5462 et
1638 5407 2048 5477 pulchritudine

485 5503 740 5561 muliebri
762 5491 1072 5572 complures
1099 5499 1308 5553 seducti
1333 5509 1483 5554 sunt.

556 5594 753 5649 Vinum
781 5601 838 5649 et
890 5584 1154 5647 mulieres
1211 5589 1279 5645 ad
1341 5588 1702 5646 deficiendum
1766 5589 2048 5662 impellunt

479 5685 642 5739 etiam
675 5685 972 5755 sapientes.

2759 2897 2979 2952 ΛΟΓΟΣ
3005 2903 3128 2956 ΛΔ’.

2161 3030 2298 3098 Περὶ
2324 3031 2619 3101 γυναικῶν
2641 3034 2923 3102 πονηρῶν
2945 3036 3040 3089 καὶ
3067 3039 3461 3107 μοιχαλίδων,
3492 3043 3582 3098 καί
3606 3045 3696 3098 πά-

2487 3119 2606 3171 σης
2634 3108 2848 3170 κακίας
2872 3109 3368 3176 πεπληρωμένων.

2229 3212 2318 3283 Μὴ
2345 3215 2581 3284 πρόσεχε
2611 3217 2787 3288 φαύλῃ
2832 3221 3070 3286 γυναικί.
3102 3221 3243 3275 Μέλι
3284 3224 3392 3292 γὰρ
3425 3223 3692 3280 ἀποστάσει

2161 3303 2269 3358 ἀπὸ
2293 3306 2519 3374 χειλέων
2565 3311 2821 3376 γυναικὸς
2877 3313 3101 3382 πόρνης,
3152 3317 3183 3385 ἢ
3228 3317 3364 3385 πρὸς
3406 3321 3584 3389 καιρὸν
3626 3321 3689 3371 1:-

2161 3398 2342 3452 παίνει
2392 3401 2484 3454 σὺν
2532 3403 2810 3472 φάρυγγα,
2875 3403 3100 3477 ὕστερον
3158 3410 3339 3475 μέντοι
3402 3414 3692 3481 πικρότερον

2164 3488 2362 3559 σχολῆς
2395 3492 2676 3564 εὑρήσεις,
2705 3496 2796 3550 καὶ
2831 3498 3170 3570 ἠκονημένον
3207 3503 3414 3572 μᾶλλον
3451 3506 3692 3576 μαχαίρας

2159 3581 2435 3653 διστόμου.

2230 3674 2324 3745 Μὴ
2357 3675 2462 3746 δῷς
2488 3679 2709 3745 γυναικί
2741 3680 2834 3736 τὸν
2872 3681 2966 3736 σὺν
2995 3683 3244 3741 πλοῦτον.

2230 3767 2349 3830 Υίὲ,
2369 3767 2608 3837 φύλασσε
2638 3771 2778 3841 ἐμὰς
2805 3774 3041 3840 ἐντολὰς,
3061 3777 3155 3830 καὶ
3174 3779 3414 3849 βιώσεις,
3440 3783 3519 3836 (va
3543 3800 3593 3837 σε
3611 3800 3686 3852 τη·

2163 3855 2404 3926 ρήσωσιν
2436 3861 2544 3914 ἀπὸ
2574 3862 2832 3930 γυναικὸς
2857 3864 3143 3937 ἀλλοτρίας
3174 3870 3269 3924 καὶ
3301 3876 3552 3944 πονηρᾶς.

2228 3950 2373 4019 Γυνὴ
2395 3951 2583 4022 τιμίας
2603 3953 2782 4026 ψυχὰς
2801 3958 3010 4032 ἀνδρῶν
3028 3959 3274 4032 ἀγρεύει.

2230 4039 2438 4111 Χρόνος
2459 4043 2684 4114 ἀτιμίας
2707 4047 2842 4116 γυνὴ
2868 4048 3101 4116 μισοῦσα
3128 4049 3335 4106 δίκαια.

2229 4131 2372 4204 Γυνὴ
2393 4133 2583 4204 ἄφρων
2607 4137 2702 4190 καὶ
2723 4137 2950 4208 θρασεῖα
2981 4141 3168 4212 ἐνδεὴς
3190 4143 3388 4213 ψωμοῦ
3419 4145 3623 4214 γίνεται,
3653 4143 3682 4214 ἦ

2156 4226 2257 4280 οὐκ
2288 4228 2582 4284 ἐπίσταται
2609 4231 2899 4303 αἰσχύνην.

2228 4402 2438 4473 Ὥσπερ
2467 4403 2686 4458 ἐνώτιον
2716 4405 2773 4458 ἑν
2817 4406 2926 4475 ῥινὶ
2957 4407 3067 4474 ὑὸς,
3089 4407 3264 4474 οὕτως
3295 4413 3505 4481 γυναικὶ
3538 4413 3675 4463 κακό-

2155 4509 2314 4565 φρονι
2343 4495 2558 4560 κάλλος.

2236 4585 2294 4639 ’0
2323 4588 2567 4658 κατέχων
2597 4590 2883 4660 μοιχαλίδα
2909 4591 3098 4662 ἄφρων
3128 4594 3224 4646 καὶ
3251 4594 3471 4666 ἀσεσής.

2225 4681 2493 4751 Κρεῖσσον
2515 4684 2684 4736 οἰκεῖν
2714 4686 2772 4736 ἐν
2812 4686 3004 4755 ἐρήμῳ
3038 4686 3070 4756 ἢ
3103 4686 3244 4755 μετὰ
3272 4691 3515 4758 γυναικὸς
3543 4686 3676 4758 μαχί-

2156 4789 2262 4841 μου
2294 4776 2384 4825 καὶ
2417 4773 2768 4842 γλωσσώδους
2801 4777 2894 4828 καὶ
2920 4777 3162 4847 ὀργίλου.

2238 4864 2370 4917 Ἀπὸ
2398 4865 2497 4935 τῆς
2527 4867 2816 4935 συγκοίτου
2863 4885 2958 4922 σου
3009 4869 3246 4939 φύλαξαι
3294 4872 3386 4927 τοῦ
3424 4870 3673 4926 ἀναθέσθαι

2156 4953 2319 5025 αὐτῇ,
2353 4957 2408 5010 τὶ
2435 4957 2622 5013 ποιῶν.

2227 5047 2318 5118 Μὴ
2347 5047 2453 5118 δῷς
2478 5053 2698 5119 γυναικὶ
2721 5053 2821 5124 τὴν
2848 5055 3030 5127 ψυχήν
3053 5074 3147 5110 σου
3170 5072 3186 5087 ⁸
3221 5059 3296 5129 μὴ
3334 5060 3532 5113 ὑπάντα
3553 5057 3674 5109 ἑται-

2161 5139 2442 5213 ριζομένῃ.
2485 5145 2625 5213 μετά
2643 5145 2951 5219 emam;
2975 5151 3050 5222 μὴ
3083 5151 3408 5222 ὲνδελίχιζε.
3439 5149 3674 5219 Παρθένον

2159 5229 2234 5297 μὴ
2263 5233 2666 5298 καταμάνθανε.
2697 5235 3069 5310 Ἀπόστρεψον
3097 5242 3220 5306 τοὺς
3266 5241 3562 5311 ὀφθαλμούς
3599 5253 3674 5288 σου

2153 5319 2262 5373 ἀπὸ
2297 5327 2555 5390 γυναικὸς
2583 5327 2881 5398 εὐμόρφου.
2929 5332 3083 5386 Μετὰ
3132 5333 3408 5403 ὑπάνδρου
3456 5329 3674 5401 γυναικὸς

2157 5411 2232 5480 μὴ
2267 5414 2434 5468 κάθου
2467 5418 2528 5470 τὸ
2559 5418 2802 5476 σύνολον.
2835 5423 2924 5478 Ἐν
2951 5424 3135 5479 κάλλει
3162 5429 3270 5496 γὰρ
3301 5429 3544 5497 γυναικὸς
3573 5423 3674 5476 πο).-

2153 5503 2238 5556 λοὶ
2253 5506 2676 5579 ἐπλανήθησαν.

2226 5589 2383 5661 Οἷνος
2415 5599 2506 5651 καὶ
2528 5603 2786 5669 γυναῖκες
2815 5603 3190 5676 ἁποστήσουσι
3219 5608 3490 5670 συνετούς.

554 5817 634 5891 (1,)
664 5816 900 5891 Videtur
925 5811 1523 5891 potiusAinvertendumr
1565 5819 1625 5891 ut
1651 5810 1722 5865 sit
1761 5829 1775 5865 :
1814 5809 2044 5866 Parrum
2077 5809 2284 5880 quidem
2313 5812 2613 5883 pulchrum,
2643 5834 2891 5891 magnum
2925 5830 3106 5878 autem
3158 5825 3356 5880 malum
3376 5842 3396 5891 ;
3441 5823 3584 5880 καλὸν
3624 5822 3666 5876 cl

486 5883 656 5941 κακὸν
686 5885 827 5955 apud
862 5884 1080 5940 Graecos
1119 5883 1276 5938 facile
1316 5883 1615 5952 permutari
1649 5892 1904 5952 possunt.
