3928 6550
515 321 639 387 1091

1744 327 1988 388 ΑΝΤΟΝ
2005 329 2056 387 ll
2103 329 2445 388 MELISSE

3627 341 3740 402 1092

519 435 761 490 maxime
790 433 835 489 si
871 433 1043 491 .l‘uerit
1081 436 1471 509 intemperans;
1520 438 1646 508 quia
1678 442 1822 493 enim
1865 441 2066 496 consci:

2191 444 2388 505 ειδότος
2421 446 2846 520 μαλακικωτέρα
2872 449 2933 521 [Ι.
2967 451 3353 524 μαχλικωτέρα
3384 458 3469 509 νει
3506 471 3741 524 μαλακω-

519 527 626 582 sibi
660 538 746 583 est
788 528 948 597 hujus
985 529 1128 595 vitii,
1163 531 1377 584 mollior
1405 530 1642 585 subinde
1671 531 1933 586 redditur.

594 622 688 674 Sui
723 636 914 674 amans
945 631 1027 676 est
1073 623 1288 688 mulier,
1336 633 1390 678 et
1439 625 1683 694 zelotypa
1730 625 2085 679 immoderate

519 727 581 766 ac
619 712 754 766 mire
783 714 1070 776 industria,
1103 724 1162 766 ut
1195 715 1364 783 possit
1405 717 1504 769 viri
1539 732 1718 771 mores
1752 729 2083 788 pervertere.

588 804 858 874 Diogenis.
909 806 1170 875 Diogenes
1219 807 1567 875 Conspicatus
1636 809 1898 864 mulieres
1947 811 2090 864 inter

521 913 579 947 se
631 899 1045 965 colloquentes:
1081 897 1266 965 Aspis,
1306 901 1502 968 inquit,
1539 915 1567 952 a
1600 899 1779 969 vipera
1811 917 2082 957 venenum

515 997 818 1042 Ittttlttalllt'.

589 1082 866 1152 Aristippi.
890 1083 1195 1153 Aristippus
1215 1084 1941 1157 Cyrenaicis’philosopltus,a
1958 1105 2090 1157 quo-

513 1174 658 1240 piam
693 1175 1078 1242 interrogatus,
1111 1191 1178 1228 an
1201 1176 1300 1229 sibi
1333 1177 1530 1231 ducere
1550 1195 1772 1233 uxorem
1789 1181 2085 1250 expediret,

510 1267 745 1332 negavit.
789 1265 844 1318 Si
887 1267 1030 1320 enim
1086 1269 1308 1323 duxeris
1369 1269 1696 1339 (inquiebat)
1768 1273 2085 1338 formosam,

510 1356 734 1409 habebis
757 1374 1098 1412 communem
1123 1376 1136 1422 ;
1176 1361 1260 1414 sin
1287 1371 1467 1414 autem
1497 1362 1817 1423 deformem.
1849 1379 2082 1432 pmnam.

577 1446 771 1501 Mulier
801 1465 862 1503 os
897 1465 1171 1505 exornans
1212 1455 1451 1506 animum
1511 1454 1807 1508 deformem
1857 1455 2082 1510 indicat.

574 1626 818 1680 Democr.
850 1625 988 1680 Cum
1022 1625 1388 1681 Democritum
1421 1630 1641 1698 quidam
1687 1641 2076 1698 percunctare-

504 1727 614 1783 tur,
645 1734 741 1772 cur
769 1733 1000 1788 magnus
1029 1734 1151 1770 cum
1171 1730 1346 1786 esset,
1396 1736 1614 1787 parvam
1661 1724 1904 1778 dtixisset
1936 1739 2072 1778 uxo-

503 1829 618 1866 rem
665 1828 681 1867 :
733 1810 868 1880 Ego,
898 1813 1094 1879 inquit,
1142 1813 1193 1864 in
1233 1813 1375 1866 malo
1415 1813 1690 1884 eligendo,
1735 1819 1878 1884 quod
1913 1818 2074 1870 mini-

508 1919 652 1956 mum
687 1914 825 1968 erat,
861 1904 1016 1971 elegi.

580 1995 839 2049 Socratis.
881 1996 1014 2050 Cum
1059 2005 1110 2050 te
1139 1995 1363 2066 diligere
1407 2009 1460 2053 et
1497 2009 1752 2068 appetere
1789 2009 1841 2054 te
1877 2001 2074 2056 dixerit

508 2087 726 2148 mulier,
776 2097 888 2140 tum
938 2089 1005 2142 ab
1037 2087 1126 2142 illa
1181 2090 1352 2155 magis
1410 2093 1755 2146 metuendum
1827 2093 1925 2148 tibi
1986 2103 2074 2148 est

508 2195 672 2247 quam
714 2195 836 2232 cum
867 2180 1233 2235 conviciatur.

575 2269 904 2341 Protagorw.
959 2270 1283 2338 Protagoras
1368 2275 1734 2344 interrogatus
1781 2276 1853 2329 ob
1906 2291 2070 2344 quam

497 2379 718 2416 causam
755 2363 979 2418 inimico
1011 2365 1176 2418 tiliam
1207 2377 1436 2434 nuptum
1464 2366 1703 2421 dedisset
1735 2383 1750 2420 :
1783 2365 1949 2432 Quia,
1987 2370 2072 2424 ln-

498 2456 638 2522 quit,
676 2455 806 2507 nihil
831 2455 881 2509 ei
911 2455 1041 2510 dare
1074 2467 1318 2524 poteram
1349 2458 1526 2526 pejus.

569 2546 709 2599 Idem
740 2562 862 2600 cum
895 2547 1114 2602 vidisset
1138 2564 1303 2602 anum
1348 2557 1672 2605 exornatam
1702 2569 1717 2604 :
1753 2549 1837 2620 Si,
1875 2553 2070 2623 inquit,

506 2640 660 2707 viris,
696 2639 938 2706 falleris;
973 2639 1020 2694 si
1059 2643 1336 2709 sepulcro,
1369 2651 1561 2695 ornata
1595 2659 1675 2698 es.
1981 2655 1986 2664 ‘

567 2818 828 2874 Socratis.
880 2818 1135 2873 Socrates
1169 2821 1351 2874 dicere
1394 2822 1644 2885 solebat,
1691 2824 1792 2878 tria
1837 2827 2072 2884 seruata

495 2922 829 2977 assecutum,
851 2913 1288 2982 grammaticam,
1313 2923 1685 2982 paupertatem
1718 2925 1773 2970 et
1801 2917 2071 2985 pernicio-

492 3018 610 3058 sam
641 3017 862 3056 uxorem
887 3018 900 3068 ;
929 3017 1161 3071 quorum
1191 3006 1302 3056 duo
1322 3019 1443 3057 cum
1469 3005 1770 3076 ell‘ugisset,
1803 3010 2072 3078 pernicio-

494 3109 610 3150 sam
647 3109 870 3150 uxorem
906 3093 1142 3165 ell‘ugere
1170 3110 1276 3149 non
1311 3099 1570 3164 potuisse.

566 3187 710 3241 Idem
762 3202 820 3240 se
869 3185 1288 3242 consulentibus
1347 3188 1417 3244 de
1465 3191 1679 3246 ratione
1727 3193 2064 3250 matrimonii

491 3279 874 3344 contrahendi,
904 3278 1044 3333 dixit
1077 3297 1092 3333 :
1128 3277 1597 3345 Quemadmodum
1631 3285 1833 3352 pisces,
1871 3300 1904 3340 ο
1934 3286 2068 3342 ado-

2091 3154 2138 3213 Ο

2192 535 2350 608 τέρα]
2379 541 2609 606 γίνεται.

2259 631 2522 685 Φίλαυτον
2545 635 2705 705 γυνὴ,
2734 638 2823 689 καὶ
2854 637 3156 704 ζηλότυπον
3183 640 3244 693 οὐ
3273 641 3514 712 μετρίως
3540 645 3635 698 καὶ
3654 645 3745 698 δει-

2193 723 2283 774 νὸν
2317 727 2628 795 παραλῦσαι
2659 727 2762 800 ἥϐη
2796 731 3007 801 ἀνδρός.

2260 819 2517 888 Διογένης
2573 820 3052 892 κοινολογουμένας
3095 829 3360 893 γυναῖκας
3401 827 3739 900 θεασάμενος,

2191 909 2293 979 ἔφη
2319 926 2334 941 ο
2380 911 2572 975 Ἀσπὶς
2607 917 2738 985 παρ’
2766 917 2983 988 ἐχίδνης
3010 920 3302 990 φάρμακον
3325 920 3648 986 δανείζεται.

2275 1095 2626 1164 Ἀρίστιππος
2680 1099 2708 1149 ὁ
2758 1101 3066 1169 Κυρηναῖος
3117 1103 3428 1170 φιλόσοφος,
3464 1105 3735 1173 ὲρωτηθετς

2192 1185 2298 1237 ὑπό
2325 1204 2472 1248 τινος
2518 1192 2566 1242 εί
2600 1191 2862 1260 συμφέρει
2897 1194 3046 1263 αὑτῴ
3073 1195 3270 1264 γῆμαι,
3296 1193 3448 1248 εἶπεν
3467 1213 3482 1228 ·
3518 1195 3630 1249 Οὔκ
3654 1216 3664 1227 ·
3692 1200 3731 1250 εἰ

2193 1279 2293 1347 μὲν
2329 1282 2436 1350 γὰρ
2472 1283 2662 1353 καλὴν,
2697 1286 2884 1355 κοινὴν
2913 1285 3084 1351 ἕξεις·
3117 1290 3163 1340 εί
3193 1289 3249 1342 δὲ
3272 1289 3503 1361 φαύλην,
3540 1294 3724 1359 ποινήν.

2254 1459 2394 1528 Γυνὴ
2441 1460 2518 1530 τῷ
2575 1461 2852 1534 προσώπῳ
2905 1467 3275 1534 κοσμουμένη,
3313 1469 3416 1538 τὴν
3449 1469 3546 1539 τῆς
3570 1469 3722 1540 ψυχῆς

2187 1551 2463 1619 ἀμορφίαν
2498 1553 2774 1621 ἐμφαίνει.

2251 1647 2578 1713 Δημοκρίτῳ
2607 1643 2709 1714 ἔφη
2740 1661 2845 1706 τις*
2879 1647 3052 1707 Διατί,
3086 1647 3257 1718 μέγας
3278 1647 3374 1710 ὢν.
3397 1653 3592 1720 μικρὰν
3617 1655 3715 1722 ἔγη-

2187 1752 2294 1804 μας
2327 1739 2603 1803 γυναῖκας
2655 1740 2922 1802 Κάκεῖνος
2962 1739 3112 1793 εἶπε·
3148 1741 3253 1794 Τοῦ
3298 1745 3470 1796 κακοῦ
3515 1748 3714 1815 ἐκλογὴν

2183 1826 2533 1896 ποιούμενος,
2568 1827 2630 1880 τὸ
2657 1829 2944 1899 ἐλάχιστον
2976 1829 3328 1902 ἐξελεξάμην.

2251 2013 2422 2067 Ὅταν
2453 2015 2642 2068 ποθεῖν
2671 2033 2730 2068 σε
2774 2019 2870 2068 καὶ
2913 2017 3162 2086 στέργειν
3206 2017 3337 2090 λέγῃ
3381 2021 3540 2089 γυνὴ,
3574 2021 3712 2088 φοθοῦ

2177 2105 2308 2176 παρ’
2333 2107 2506 2176 αὐτῆς
2541 2110 2723 2173 πλέον,
2750 2103 2824 2163 ῶν
2855 2110 3005 2177 λέγει
3037 2113 3202 2167 κακά.

2249 2283 2620 2352 Πρωταγόρας
2638 2281 2956 2352 ἐρωτηθεὶς,
2985 2284 3083 2336 Διὰ
3105 2285 3225 2336 τίνα
3251 2285 3435 2339 αἰτίαν
3455 2288 3620 2358 ἐχθρῷ
3637 2293 3713 2358 τὴν

2175 2370 2454 2441 θυγατέρα
2509 2372 2750 2434 δέδωκας
2804 2373 2942 2440 πρὸς
2971 2374 3174 2444 γάμον,
3209 2372 3366 2430 εἶπεν
3389 2393 3406 2407 ·
3457 2380 3566 2432 Οὐκ
3592 2377 3712 2450 εἶχον

2172 2466 2283 2535 γὰρ
2316 2465 2467 2534 αὑτῷ
2494 2461 2786 2520 δεδωκέναί
2822 2469 3025 2537 χεῖρον.

2248 2555 2317 2611 ’Ὀ
2345 2556 2535 2624 αὐτὸς,
2563 2555 2829 2628 ἑωρακὼς
2856 2562 3278 2632 κεκοσμημένην
3304 2566 3499 2634 γραῦν,
3531 2565 3644 2634 ἔφη’
3663 2567 3708 2618 ΕΞ

2177 2647 2276 2719 μὲν
2321 2647 2460 2720 πρὸς
2519 2648 2741 2720 ἄνδρας,
2797 2649 3140 2724 ἐπλανήθηςο
3182 2655 3231 2706 εί
3261 2655 3320 2708 δὲ
3367 2657 3501 2726 πρὸς
3545 2657 3705 2724 τάφον,

2171 2739 2511 2808 ὲκοσμήθης.

2244 2832 2543 2900 Σωκράτης
2591 2832 2720 2903 ἔφη,
2766 2832 2945 2903 Τριῶν
2983 2837 3169 2892 κακῶν
3206 2840 3522 2909 τέτευγμαι,
3552 2859 3704 2909 γραμ-

2177 2923 2433 2992 ματικῆς,
2463 2921 2658 2993 πενίης
2719 2927 2814 2978 καὶ
2847 2927 3142 3000 οὐλομένης
3182 2935 3469 2998 γυναικός·
3508 2935 3607 2985 τῶν
3632 2935 3707 2986 δύο

2173 3015 2458 3085 ἐξέφυγον,
2515 3018 2816 3088 οὐλομένης
2874 3024 3131 3088 γυναικὸς
3176 3023 3440 3096 ἐκφυγεῖν
3483 3027 3575 3079 οὑκ
3609 3028 3705 3080 ἐδυ-

2173 3109 2366 3180 νήθην.

2250 3203 2311 3257 '0
2345 3205 2507 3268 αὐτὸς
2533 3208 2668 3275 πρὸς
2695 3207 2822 3271 τοὺς
2849 3210 3014 3263 αὐτὸν
3048 3212 3580 3284 συμϐουλευομένους
3599 3216 3703 3284 περὶ

2165 3293 2261 3348 τοῦ
2297 3296 2498 3366 γῆμαι,
2531 3298 2672 3369 ἔφηζο
2709 3301 2920 3371 Ὠσπερ
2954 3305 3002 3356 ot
3043 3303 3246 3374 ἰχθύες,
3273 3300 3318 3360 ὦ
3362 3308 3638 3371 νεανίσκοι,
3661 3307 3701 3359 oi

492 3371 798 3438 lescentuli,
844 3372 937 3442 qui
982 3369 1224 3426 nondum
1271 3374 1411 3426 intra
1455 3388 1646 3428 nassas
1696 3387 1848 3440 sunt,
1879 3377 2066 3432 volunt

2180 3387 2298 3456 περὶ
2327 3390 2458 3452 τοὺς
2485 3391 2743 3460 κύρτους,
2775 3395 2825 3446 οι
2861 3369 2962 3464 μιν
2991 3369 3190 3461 sane»
3251 3397 3404 3461 ὄντες
3456 3369 3698 3466 βούλονται

493 3465 721 3530 intrare,
765 3464 859 3533 qui
894 3471 1078 3518 autem
1124 3464 1233 3533 jam
1287 3465 1434 3518 intus
1478 3474 1627 3532 sunt,
1651 3468 1844 3522 volunt
1876 3468 2061 3536 exire;

2180 3483 2453 3552 ιίσελθεῖν,
2497 3486 2550 3540 oi
2578 3485 2636 3540 δὲ
2669 3487 2816 3542 ἔνδον
2844 3487 2994 3552 ὄντες
3028 3488 3311 3558 βούλονται
3342 3464 3600 3558 ἐξελθεῖν*
3621 3489 3697 3542 οὖ·

493 3555 574 3612 sic
605 3563 660 3610 et
693 3570 786 3608 vos
816 3571 883 3608 ne
918 3555 1059 3608 idem
1093 3553 1247 3609 vobis
1273 3555 1483 3609 accidat
1512 3557 1714 3612 videte.

569 3643 713 3698 Idem
750 3643 1092 3712 Xanthippen
1122 3652 1372 3697 ornatam
1404 3652 1460 3698 et
1488 3644 1552 3697 ad
1584 3643 1892 3714 spectacula
1929 3661 2065 3700 eun-

2164 3590 2276 3638 τως
2303 3575 2361 3630 δὲ
2386 3577 2547 3646 ὑμεῖς
2573 3579 2760 3650 ὁρᾶτε,
2795 3579 2873 3651 μὴ
2903 3580 2964 3634 τὸ
2992 3583 3123 3635 αὐτὸ
3153 3582 3390 3654 πάθητε.

2245 3667 2308 3720 '0
2339 3668 2525 3736 αὐτὸς,
2559 3667 2882 3754 Ξανθίππην
2910 3675 3335 3746 κεκοσμημένην
3366 3676 3459 3730 καὶ
3485 3677 3568 3728 ἐπὶ
3591 3675 3693 3728 θέον

492 3744 602 3789 tem
637 3736 986 3805 conspicatus
1022 3753 1036 3788 :
1069 3733 1191 3789 Non
1224 3735 1424 3804 inquit,
1456 3746 1515 3790 ut
1557 3746 1796 3806 spectes,
1830 3751 1864 3791 ο
1899 3752 2061 3804 uxor,

2180 3733 2548 3827 πορευομένην
2581 3760 2724 3823 ἰδὼν.
2755 3733 2892 3834 εφῆ·
2926 3764 3037 3834 Οὐχ
3069 3733 3378 3840 έναῖθεαὲη,
3412 3770 3581 3836 γύναι,
3613 3783 3691 3818 πο-

494 3826 632 3886 exis,
663 3825 758 3879 sed
786 3835 844 3878 ut
873 3825 1155 3894 specteris.

573 3914 878 3968 Philoxeni.
933 3914 1270 3970 Philoxenus
1313 3924 1468 3984 poeta
1505 3931 1627 3970 cum
1662 3917 1883 3986 quidam
1935 3932 2058 3972 eum

498 4016 969 4076 percunctaretur,
1024 4007 1381 4075 quamobrem
1420 4007 1720 4078 Sophocles
1763 4011 1930 4064 bonas
1975 4011 2058 4063 in-

492 4099 744 4152 troducat
776 4096 1026 4163 fetutinas,
1088 4097 1203 4166 ipse
1226 4107 1410 4152 autem
1443 4100 1611 4156 malas
1636 4118 1650 4154 :
1675 4099 1836 4166 Quia,
1863 4101 2059 4171 inquit,

488 4289 622 4342 vero
659 4283 848 4354 quales
885 4295 1032 4338 sunt.

559 4376 799 4432 Catonis.
859 4375 1061 4431 Omnes
1112 4375 1362 4434 homines
1422 4378 1685 4434 uxoribus
1743 4380 2058 4448 imperant,

486 4483 588 4523 nos
620 4467 879 4523 omnibus
912 4465 1250 4530 hominibus,
1287 4468 1446 4523 nobis
1475 4479 1656 4523 autem
1695 4484 1914 4523 uxores.

901 4660 1136 4715 SERMO
1175 4659 1368 4714 xxxv
1415 4659 1517 4733 [αι.
1551 4662 1639 4735 x1.

489 4775 563 4828 De
609 4773 1011 4844 congregatione
1044 4771 1300 4844 (tonorum
1327 4773 1592 4836 virorum;
1639 4785 1688 4828 et
1721 4779 2055 4844 praestantis-

592 4842 741 4897 simi:
789 4842 1166 4896 adltwrendum
1218 4859 1348 4911 esse,
1381 4859 1482 4897 non
1516 4847 1640 4898 item
1674 4842 1946 4915 improbis.

566 4997 721 5066 177
770 4995 928 5050 Prov.
964 5012 1084 5051 xm.
1118 4997 1369 5063 Quicum
1399 4998 1732 5066 sapientibus
1764 5015 2054 5057 conversa-

486 5097 596 5151 tur,
626 5100 684 5140 sa
692 5085 846 5155 piens
877 5088 1091 5142 evadet.

555 5175 610 5231 Si
645 5176 850 5232 videris
881 5192 1129 5246 sagacem
1184 5192 1247 5233 ac
1301 5179 1647 5248 prudentem,
1689 5197 1845 5236 mane
1899 5183 2050 5238 illum

481 5268 652 5335 adito,
685 5282 738 5323 et
763 5269 948 5323 limina
987 5271 1275 5340 januarum
1309 5273 1432 5340 ejus
1476 5272 1706 5341 pedibus
1748 5274 1858 5328 tuis
1900 5276 2051 5330 dete-

479 5369 606 5414 nlo.

551 5455 607 5507 In
649 5453 994 5508 multitudine
1046 5454 1322 5507 seniorum
1373 5462 1534 5520 stato,
1565 5465 1617 5508 et
1657 5457 1702 5510 si
1761 5458 1882 5527 quis
1943 5462 2046 5513 erit

480 5547 720 5613 sapiens,
764 5545 886 5598 huic
919 5553 969 5597 te
1004 5543 1302 5614 adjungito.
1630 5564 1637 5569 ·

549 5635 899 5689 Narrationes
928 5636 1234 5705 sapientum
1268 5651 1336 5690 ne
1369 5649 1711 5702 contemnas,
1745 5650 1798 5695 et
1831 5640 1885 5695 in
1917 5656 2043 5711 pro-

473 5728 670 5783 verbiis
704 5727 917 5780 illorum
945 5727 1202 5782 verseris.

2169 3847 2325 3919 ρεύῃ,
2360 3851 2479 3902 ἀλλ’
2506 3853 2590 3905 ἵνα
2626 3852 2846 3924 θεαθῇς.

2233 3941 2511 4007 Φιλόξενος
2547 3945 2577 3996 ὁ
2617 3947 2866 4016 ποιητὴς,
2887 3948 3134 4013 εἰπόντος
3161 3950 3330 4015 τινος,
3357 3951 3452 4004 Διά
3473 3951 3522 4002 τί
3556 3950 3692 4012 Σοφο-

2162 4031 2299 4102 κλῆς
2339 4033 2583 4104 χρηστὰς
2634 4039 2962 4107 παρεισάγει
3017 4041 3118 4104 τὰς
3161 4045 3450 4110 γυναῖκας,
3483 4043 3624 4104 αὐτὸς
3647 4042 3693 4092 is

2161 4121 2392 4189 φαύλας,
2417 4118 2602 4178 εἶπενο
2637 4126 2756 4180 ’Ότι
2787 4129 3061 4200 Σοφοκλῆς
3094 4133 3194 4200 μὲν
3216 4133 3333 4196 οἵας
3362 4134 3440 4188 δεῖ
3460 4132 3586 4188 εἶναι
3610 4134 3690 4192 τὰς

491 4193 680 4261 quales
697 4201 912 4262 oportet
939 4206 1062 4248 esse
1084 4189 1316 4248 feminas
1344 4192 1640 4264 Sephocles
1664 4196 1928 4261 ostendit,
1951 4211 2053 4267 ego

2180 4216 2424 4280 Γυναῖκες
2454 4216 2622 4287 λέγει,
2651 4218 2763 4289 ἐγὼ
2781 4221 2840 4275 δὲ

2864 4218 2977 4277 οἶαι
3003 4223 3165 4278 εἰσίν.

2229 4393 2437 4458 Πάντες
2502 4397 2552 4450 ot
2617 4398 2894 4469 ἄνθρωποι
2955 4403 3064 4456 τῶν
3119 4409 3396 4472 γυναικῶν
3445 4408 3689 4477 ἄρχουῖιν.

2091 4492 2134 4544 ι)
2160 4485 2319 4555 ἡμεῖς
2373 4487 2429 4539 δὲ
2491 4489 2792 4562 ἀνθρώπων
2859 4493 3137 4562 ἁπάντων,
3195 4499 3355 4566 mai-LV
3409 4498 3462 4551 δὲ
3509 4501 3560 4552 αί
3603 4515 3683 4564 γυ-

2159 4595 2362 4641 ναικες.

2751 4697 2968 4749 ΛΟΓΟΣ
3007 4700 3128 4755 AE'.

2158 4780 2684 4864 ﬂepl'avrartoyﬁc
2717 4788 2998 4864 χρηστῶν
3018 4790 3265 4864 ξίν-δρῶν
3292 4810 3306 4825 ·
3355 4798 3450 4849 καί
3487 4797 3564 4849 ὅτι
3583 4793 3679 4864 χρὴ
3739 4797 3756 4816 ⁸

2226 4852 2495 4928 ἀρίστοις
2541 4852 2822 4921 ἀνδράσιν
2850 4852 3207 4928 κολλᾶσθαι,
3266 4867 3366 4918 καὶ
3405 4865 3484 4935 μὴ
3527 4852 3682 4931 ποῖηλ

2218 4937 2374 4986 pate.

2237 5032 2301 5087 Ὀ
2334 5036 2809 5106 συμπορευόμενος
2844 5045 3026 5109 σοφοῖς
3059 5045 3220 5113 σοφὸς
3260 5048 3435 5104 ἔσται.

2237 5199 2361 5254 Ἐὰν
2405 5202 2521 5274 ίδῃς
2551 5205 2790 5270 συνετὸν,
2820 5205 3040 5276 ὅρθριζε
3074 5210 3211 5281 πρὸς
3243 5214 3423 5282 αὑτὸν,
3453 5218 3537 5269 καὶ
3567 5212 3676 5282 βαθ-

2158 5290 2292 5358 μοὺς
2316 5290 2496 5363 θυρῶν
2527 5295 2694 5347 αὑτοῦ
2718 5297 3016 5367 ὲκτριὸἐτω
3045 5301 3072 5352 ὁ
3109 5303 3246 5365 πούς
3276 5321 3391 5357 σου.

2233 5461 2322 5515 Ἐν
2370 5465 2565 5534 πλήθει
2603 5468 2991 5540 πρεσϐυτέρων
3029 5473 3221 5544 στῆθι’
3279 5479 3373 5531 καὶ
3420 5479 3570 5540 εἴτις
3601 5493 3693 5528 σο·-

2150 5552 2270 5622 φὺς,
2304 5556 2738 5627 προσκολλήθητι
2772 5562 2940 5632 αὐτῷ.

2221 5645 2311 5714 Μὴ
2350 5647 2580 5719 παρίδῃς
2613 5649 2860 5722 διήγημα
2893 5656 3093 5725 σοφῶν,
3129 5659 3225 5714 καὶ
3259 5662 3318 5715 ὲν
3365 5664 3477 5727 ταῖς
3508 5675 3666 5731 παροι-

2148 5737 2300 5804 μίαις
2333 5738 2509 5790 αὐτῶν
2535 5743 2899 5812 ἁναστρέφου.
