3928 6550
161 336 300 400 1093

223 455 382 522 Λόγῳ
411 452 562 524 σοφῷ
589 453 874 526 παράϐαλε
904 456 995 509 σὺν
1029 455 1143 520 οὓς.

229 547 464 618 Ἄνδρες
491 547 691 603 δίκαιοι
721 547 964 602 ἔστωσαν
992 549 1301 603 σύνδειπνοι
1330 566 1447 606 σου.

223 639 380 694 Μετὰ
406 639 600 710 ἀνδρὸς
628 639 890 704 εὐσεϐοῦς
925 642 1251 712 ἐνδελέχιζε.

228 729 459 783 Πετεινὰ
501 731 640 800 πρὸς
678 733 747 786 τὰ
775 732 937 800 ὃμοια
977 734 1267 787 καταλύειο
1299 734 1606 803 λειτουργοὶ
1633 736 1730 788 αἰ·-

935 339 1104 404 ιΟιζῐ
1145 341 1580 403 COMMUNES.
1620 369 1690 386 -—
1714 343 1908 403 PARS
1942 343 2032 405 II.
2085 343 2342 403 SERMO
2377 343 2649 406 XXXVI.

3281 334 3418 402 ιοῡι

1752 459 1798 513 Α
1900 457 2154 512 Sermoni
2187 458 2451 527 sapientis
2484 472 2649 514 aures
2694 455 3133 512 accommodato.

1904 549 2020 606 Viri
2052 552 2328 619 sapientes
2357 551 2470 606 sint
2501 550 2579 606 tui
2616 550 2880 605 convivae.

1906 642 2039 698 Viro
2068 645 2157 713 pio
2187 643 2418 698 multum
2455 642 2790 713 assidueque
2821 642 3011 698 utitor.
3078 696 3097 716 ο

1910 735 2174 792 Volucres
2202 737 2267 791 ad
2305 752 2462 805 pares
2489 736 2776 792 divertunt
2811 755 2824 792 :
2860 733 3120 800 ministri,
3144 741 3202 788 et
3221 747 3414 788 omnes

156 821 274 924 τοξ,
307 823 413 924 καὶ
435 826 586 929 κατὰ.
609 825 1029 929 τδνεήγούμενον
1062 827 1160 896 τῆς
1186 827 1414 893 πόλεως,
1443 833 1645 892 πάντες
1679 832 1728 882 οἱ

1880 829 1930 883 ni
1960 830 2148 883 urbem
2185 828 2456 895 incolunt,
2489 828 2732 929 preteeti
2765 843 2946 883 mores
2990 825 3304 884 imitantur.

158 899 540 976 κατοικοῦντες
569 917 629 968 ὲν
660 918 824 986 αὐτῇ.

238 1003 710 1074 ’Δποστυγοῢντες
765 1008 827 1061 τὸ
890 1008 1169 1080 πονηρὸν,
1243 1008 1574 1079 κολλώμενοι
1652 1012 1730 1080 τῷ

155 1095 368 1162 ἀγαθῷ.

229 1187 449 1258 Ὠσπερ
481 1189 531 1242 οί
561 1186 846 1260 ζωγράφοι
871 1189 1000 1244 ὃταν
1027 1192 1137 1246 ἀπὸ
1159 1193 1366 1257 εἰκόνος
1384 1193 1572 1250 είκόνα
1596 1196 1733 1265 γρά-

159 1296 328 1347 φωσι,
379 1281 560 1334 πυκνά
603 1281 744 1352 πρὸς
777 1284 853 1346 ,τὸ
897 1285 1258 1357 παράδειγμα
1295 1285 1609 1356 βλέποντες,
1640 1286 1732 1340 τὸν

159 1371 375 1424 ἐκείνου
432 1373 762 1446 χαρακτῆρα
819 1373 959 1446 πρὸς
1003 1377 1067 1430 τὸ
1099 1376 1313 1430 ἑαυτῶν
1367 1377 1732 1442 σπουδάζουσι

161 1463 480 1530 μεταθεῖναι
509 1465 914 1537 φιλοτέχνημα,
945 1467 1090 1523 οὕτω
1115 1468 1179 1539 δὴ
1211 1469 1309 1523 καὶ
1344 1469 1438 1523 τὸν
1465 1470 1735 1524 ἐσπουδα-

159 1556 294 1609 κότα
325 1557 522 1611 ἑαυτὸν
549 1560 686 1612 πᾶσι
713 1560 829 1623 τοῖς
882 1560 1077 1632 μέρεσι
1105 1562 1204 1632 τῆς
1251 1563 1452 1634 ἀρετῆς
1488 1562 1734 1633 ἀπεργά-

161 1648 363 1702 σασθαι
412 1650 644 1714 τέλειον,
682 1650 846 1706 οἱονεὶ
883 1653 1022 1723 πρὸς
1063 1654 1358 1725 ἀγάλματά
1387 1673 1512 1711 τινα
1549 1656 1734 1712 κινού-

1914 1004 2064 1060 Rom.
2101 1022 2196 1060 xu.
2225 1005 2365 1062 Odio
2391 1006 2462 1061 sit
2495 1007 2650 1062 vobis
2678 1006 2883 1062 malum
2911 1024 2925 1062 :
2953 1013 3009 1060 at
3042 1006 3189 1062 bono
3218 1005 3414 1075 agglu-

1835 1099 2107 1154 tinamini.

1909 1190 1966 1247 S.
1999 1191 2194 1247 Basilii
2227 1191 2326 1264 (ί).
2358 1191 2832 1259 Quemadmodum
2864 1191 3103 1263 pictores
3131 1206 3253 1246 cum
3279 1191 3418 1245 ima-

1833 1285 2014 1354 ginem
2073 1285 2144 1338 ab
2193 1285 2428 1354 imagine
2459 1287 2712 1355 pingunt,
2750 1284 3044 1340 identidem
3084 1284 3412 1352 exemplaria

1835 1383 2170 1446 spectantes,
2236 1375 2453 1430 illorum
2490 1375 2839 1430 lineamenta
2881 1372 2950 1427 ad
2997 1388 3154 1429 suum
3207 1371 3411 1442 opiﬁcii

1836 1483 1992 1524 usum
2019 1467 2320 1523 transferre
2348 1467 2572 1522 student
2619 1485 2636 1524 :
2692 1467 2774 1522 sic
2803 1466 2899 1538 qui
2931 1465 3115 1522 studet
3141 1481 3201 1522 se
3234 1465 3416 1521 omni-

1835 1561 1940 1616 bus
2004 1560 2226 1618 virtutis
2277 1560 2529 1632 partibus
2591 1559 2893 1632 perfectum
2943 1560 3197 1626 edicere,
3257 1558 3420 1614 debet

1835 1652 2140 1720 elaborare,
2185 1662 2245 1709 ut
2292 1655 2448 1724 quasi
2485 1653 2552 1710 ad
2600 1654 2895 1710 simulacra
2921 1662 3072 1708 motu
3100 1665 3156 1708 et
3197 1651 3420 1707 actione

161 1758 302 1810 μενα
334 1741 431 1796 καὶ
460 1741 776 1813 ἔμπρακτα,
809 1744 940 1808 τοὺς
974 1745 1125 1816 βίους
1157 1747 1266 1803 τῶν
1295 1748 1468 1817 ἁγίων
1502 1749 1734 1805 ἀποϐλέ-

1881 1747 2096 1812 rasdita,
2121 1747 2264 1802 vitas
2291 1747 2416 1804 dico
2444 1754 2786 1813 sanctorum,
2838 1761 2983 1817 saepe
3027 1746 3220 1802 oculos
3246 1745 3415 1800 animi

158 1848 288 1886 πειν
318 1832 448 1904 χρὴ.
502 1835 598 1888 καὶ
627 1835 691 1889 τὸ
727 1836 957 1893 ἐκείνων
985 1837 1188 1907 ἀγαθὸν
1219 1840 1422 1896 οἰκεῖον
1459 1843 1732 1899 ποιεῖσθαι
1765 1832 1808 1852 “’
1837 1848 2139 1898 convertat.

157 1925 248 1978 διὰ
280 1927 569 1997 μιμήσεως

240 2016 373 2072 Ἐὰν
393 2019 508 2090 ἴδῃς
542 2021 774 2085 ὲθνικδν,
826 2022 942 2093 βίου
985 2023 1258 2093 σώφρονος
1293 2026 1385 2078 καὶ
1413 2024 1511 2094 τῆς
1539 2024 1735 2095 λοιπῆς

157 2111 308 2164 κατά
327 2112 390 2164 τὸ
419 2107 554 2182 ἦθος
579 2115 835 2178 εὐταξίας
868 2117 1262 2186 ἐπιλαϐόμενον
1291 2116 1451 2169 πλέον
1482 2115 1734 2184 σεαυτοῦ,

155 2204 218 2256 τὸ
251 2205 542 2260 σπουδαῖον
581 2210 871 2264 ἐπίτεινον.

269 2381 334 2434 Ei
360 2385 475 2446 τοῖς
509 2385 696 2446 καλοῖς
732 2384 886 2440 ἕποιο
917 2388 1361 2460 νουθετούμενος,

265 2476 384 2527 Οὐκ
414 2476 732 2549 ὲντραπήσῃ
761 2480 874 2541 τοῖς
897 2481 1087 2543 κακοῖς
1121 2480 1451 2551 γελώμενος.

268 2566 461 2636 Σοφῶν
492 2567 664 2640 θύρας
696 2569 937 2640 ἔκτριϐε,
970 2571 1241 2627 πλουσίων
1273 2573 1331 2628 δὲ
1361 2575 1462 2646 μή.

229 2746 327 2817 Μὴ
379 2747 604 2821 κλείσῃς
651 2748 720 2802 τὰ
762 2742 875 2802 ὦτα
899 2749 1042 2820 πρὸς
1104 2750 1350 2804 παιδείαν
1395 2750 1603 2823 Κυρίου
1641 2754 1740 2808 καὶ⁵

158 2841 472 2907 νουθεσίαν,
501 2839 576 2904 ώς
606 2843 771 2904 ἀσπὶς
802 2842 937 2910 πρὸς
964 2843 1277 2914 ὲπᾴτματα.

234 2931 316 2985 Οὐ
353 2931 551 3001 μικρὸν
579 2935 692 2996 τοῖς
737 2933 1053 2996 σπουδαίοις
1086 2938 1183 2990 κα)⁸
1213 2936 1388 3007 μικρά
1423 2936 1534 2992 τῶν
1580 2939 1738 3010 μεγί-

162 3040 308 3077 στων
337 3028 372 3096 ὴ
406 3025 663 3096 μίμησις.

1909 2024 1967 2081 Si
2008 2025 2214 2082 videris
2248 2025 2553 2088 ethnicum,
2605 2025 2776 2081 vitam
2830 2030 3190 2089 temperatam
3239 2029 3294 2075 et
3327 2034 3417 2074 re-

1838 2119 2046 2189 liquam
2117 2119 2172 2174 in
2244 2119 2487 2172 moribus
2554 2115 2986 2171 moderationem
3057 2111 3416 2182 diligentius,

1841 2227 2005 2282 quam
2046 2211 2305 2280 teipsum,
2341 2223 2686 2270 conservare,
2721 2207 2810 2264 fac
2839 2215 2901 2262 ut
2922 2204 3165 2262 studium
3191 2212 3342 2258 tuum
3365 2207 3421 2255 et

1842 2303 2180 2378 diligentiam
2213 2303 2361 2358 circa
2386 2302 2576 2358 eadem
2609 2315 2834 2371 augeas.

2055 2393 2114 2449 Si
2145 2395 2407 2450 boneStos
2440 2393 2687 2464 sequeris
2721 2390 2985 2453 monitus,

2061 2485 2182 2542 Non
2213 2486 2511 2542 erubesces
2547 2499 2576 2538 a
2609 2484 2767 2540 malis
2793 2482 3032 2536 derisus.

2054 2580 2209 2638 Ostia
2236 2580 2567 2650 sapientum,
2602 2592 2711 2632 non
2741 2576 2978 2630 divitum
3007 2571 3200 2627 terito.

2994 2661 3313 2736 (Theologi.)

1910 2767 1992 2824 Ad
2035 2765 2398 2824 eruditionem
2446 2773 2502 2819 et
2560 2761 2916 2818 munitionem
2979 2755 3192 2810 Domini
3227 2769 3296 2810 ne
3323 2753 3420 2808 ob-

1839 2868 2022 2917 turato
2053 2874 2233 2923 aures,
2260 2867 2322 2913 ut
2344 2857 2490 2925 aspis
2518 2855 2584 2908 ad
2623 2853 3054 2908 incantamenta.

1911 2952 2032 3009 Non
2087 2951 2342 3019 exiguum
2383 2945 2513 3018 quid
2553 2946 2767 3000 videtur
2808 2943 3002 3010 bonis,
3047 2937 3179 2994 licet
3224 2935 3421 3006 exigua

1857 3048 2221 3103 maximarum
2253 3059 2433 3099 rerum
2466 3042 2722 3098 imitatio.

235 3117 512 3186 Κρείσσον
551 3117 782 3190 δεύτερα
819 3119 966 3191 ἔχειν
1019 3123 1271 3193 μεγάλων
1302 3124 1334 3194 ἦ
1364 3124 1560 3196 πρῶτα
1594 3143 1740 3181 πενι-

1915 3135 2146 3190 Praestat
2177 3144 2502 3202 magnorum
2535 3138 2720 3197 partes
2755 3123 3057 3187 secundas,
3090 3133 3252 3190 quam
3293 3130 3424 3186 par-

286 3227 339 3264 ν.

286 3227 339 3264 ν.

162 3226 391 3356 χρἔιλεί
420 3301 558 3374 πρὸς
586 3303 685 3367 τὰς
710 3307 1060 3378 ἀναστροφὰς
1091 3307 1159 3360 τὰ
1182 3306 1289 3378 seu
1317 3307 1705 3381 ρυθμίζεσθαι.

239 3477 509 3548 Ἔλεγχος
547 3479 739 3550 ἀνδρὸς
777 3481 940 3553 ἢθους
985 3482 1018 3552 ἡ
1053 3480 1192 3550 μετά
1220 3482 1331 3534 τῶν
1374 3483 1594 3536 τοιῶνδε
1622 3501 1746 3536 συν-

165 3570 366 3625 ουσία·
413 3571 443 3624 ὅ
491 3588 551 3625 τε
598 3573 709 3644 γὰρ
741 3573 945 3640 φαῦλος
975 3572 1034 3638 ἐξ
1082 3572 1332 3640 ἀνάγκης
1372 3576 1484 3638 τοῖς
1535 3575 1745 3643 ὁμοίοις

170 3663 431 3718 συνέσται
452 3680 467 3696 ο
494 3666 523 3718 ὅ
552 3682 611 3716 τε
645 3666 691 3718 δ’
725 3662 790 3720 αὖ
829 3665 989 3717 πάλιν
1031 3665 1266 3734 σώφρων
1307 3665 1400 3731 καὶ
1435 3669 1600 3735 σοφὸς
1632 3671 1745 3731 τοῖς

167 3763 240 3815 τὰ
268 3760 498 3818 τοιαῦτα
535 3760 830 3830 μετιοῦσιν.

243 3853 426 3906 Καλὸν
452 3853 539 3907 ἀεὶ
577 3853 654 3920 τῷ
686 3853 960 3922 κρείττονι
994 3854 1054 3907 τὸ
1101 3858 1284 3926 χεῖρον
1313 3853 1628 3909 ἀκολουθεῖν
1656 3851 1746 3906 διὰ

172 3944 513 4014 βελτιώσεως
545 3944 757 4000 ἐλπίδα.

764 4061 983 4114 ΛΟΓΟΣ
1011 4063 1150 4129 AG".

178 4172 315 4241 Περὶ
365 4173 728 4240 συνατωτῆς
783 4171 985 4227 κακῶν
1038 4171 1296 4241 ἀνδρῶν’
1345 4170 1445 4225 καί
1482 4169 1574 4224 ὅτι
1629 4171 1747 4241 χρὴ

243 4189 315 4241 ιρι
365 4189 728 4251 συνατωτης
783 4189 985 4227 κακων
1038 4189 1296 4296 αγσὲωτμ
1345 4189 1445 4225 και
1482 4189 1574 4224 οτι
1619 4189 1747 4296 ἔβη

243 4243 492 4310 φεύγειν
519 4243 625 4306 τὰς
654 4259 771 4295 των
793 4246 1116 4312 μοχθηρῶν
1177 4242 1457 4309 ταιρείας,
1504 4241 1586 4307 ώς
1652 4245 1751 4296 λε·

247 4315 393 4380 θρον
428 4312 871 4378 προξενούσας.

259 4402 586 4471 ’Διρανίσατε
609 4405 703 4456 τὸν
727 4404 965 4476 πονηρὸν
993 4405 1050 4470 ἐξ
1079 4403 1234 4473 ὑμῶν
1262 4401 1464 4458 αὐτῶν.

246 4495 318 4547 Τὸ
343 4495 647 4565 ἀπέχεσθαι
673 4496 782 4549 ἀπὸ
811 4496 996 4550 κακῶν
1029 4499 1178 4550 ἐστιν
1201 4498 1499 4567 ἐπιστήμη.

247 4672 538 4742 Μακάριος
563 4673 726 4744 ἀνὴρ,
750 4673 808 4738 ὃς
833 4673 933 4728 οὐκ
959 4673 1226 4745 ἐπορεύθη
1245 4678 1303 4729 ὲν
1327 4675 1494 4748 βουλῇ
1515 4675 1750 4744 ἀσεϐῶν,

177 4763 269 4815 καὶ
300 4766 360 4814 ἐν
389 4761 494 4832 ὀδῷ
529 4763 872 4832 ἁμαρτωλῶν
909 4763 1010 4818 οὐκ
1039 4764 1192 4834 ἔστη,
1227 4766 1323 4819 καὶ
1352 4764 1446 4819 ἐπὶ
1478 4765 1752 4836 καθέδραν

134 4837 156 4857 ’
176 4854 383 4923 λοιμῶν
414 4854 515 4908 οὐκ
559 4853 837 4910 ἐκάθισεν.

248 4947 367 5000 Οὐκ
417 4945 647 5000 ἐκάθισα
693 4949 835 5016 μετά
877 4948 1157 5018 συνεδρίου
1209 4948 1596 5020 ματαιότητος,
1656 4951 1753 5003 καὶ

183 5037 322 5106 μετά
349 5037 816 5108 παρανομούντων
843 5040 906 5092 οὐ
945 5040 1023 5110 μὴ
1073 5038 1325 5095 εἰσέλθω.

252 5129 362 5197 ’Λφ
373 5145 481 5200 ρων
504 5129 681 5199 ἑαυτῷ
708 5128 990 5194 πεποιθὼς
1024 5129 1281 5200 μίγνυται
1306 5130 1515 5202 ἀνόμῳ.

251 5307 374 5373 Υἱὲ,
412 5309 490 5378 μή
547 5326 607 5363 σε
653 5309 1028 5380 πλανήσουσιν
1083 5311 1277 5382 ἄνδρες
1324 5312 1562 5377 ἀσεϐεῖς,
1615 5315 1755 5384 μήτε

184 5400 456 5472 πορευθῇς
480 5403 540 5456 ὲν
567 5402 672 5472 6δῷ
697 5404 814 5473 μετ’
842 5405 1046 5458 αὐτῶν.
1078 5405 1364 5459 Ἕκκλινον
1387 5408 1480 5459 τὸν
1506 5405 1638 5458 πόδα
1662 5423 1754 5457 σου

183 5493 288 5544 ἀπὸ
315 5493 425 5546 τῶν
454 5492 659 5564 τρίϐων
675 5493 876 5548 αὐτῶν.
898 5495 974 5548 Οὐ
1010 5495 1120 5568 γὰρ
1155 5499 1229 5567 μὴ
1266 5498 1630 5564 ὕπνώσουσιν,
1663 5499 1757 5552 ἐὰν

187 5585 260 5656 μὴ
312 5589 782 5657 κακοποιήσωσιν.

258 5777 330 5844 (t)
373 5775 428 5829 In
462 5776 626 5842 epist.
659 5773 723 5827 ad
779 5771 939 5842 Greg.
974 5771 1048 5824 L‘e
1079 5773 1179 5824 vita
1211 5772 1471 5825 solitaria.

1847 3240 2039 3280 vorum
2070 3224 2277 3294 primas
2319 3232 2525 3278 tenere.

1917 3317 2108 3372 Solent
2135 3314 2205 3370 ad
2236 3315 2502 3368 rationem
2535 3307 2976 3367 conversationis
3003 3300 3422 3362 conviventium

1845 3423 2028 3465 mores
2059 3406 2332 3476 componi.

1918 3499 2202 3568 Cujusque
2229 3496 2506 3568 ingenium
2549 3494 2713 3565 quale
2769 3493 2846 3552 sit
2888 3506 2955 3548 ex
3001 3486 3424 3547 conversatione

1846 3594 2121 3661 arguitur;
2153 3591 2370 3662 ‘etenim
2430 3587 2710 3658 improbus
2781 3583 3096 3641 necessario
3160 3595 3282 3632 eum
3335 3578 3420 3632 sui

1846 3685 2117 3740 similibus
2144 3681 2497 3746 versabitur;
2536 3687 2733 3734 contra
2784 3686 2968 3731 autem
3026 3681 3339 3739 temperans
3369 3677 3426 3722 et

1847 3777 2062 3846 sapiens
2091 3789 2214 3828 cum
2247 3774 2315 3828 iis
2338 3771 2432 3840 qui
2461 3771 2648 3827 eadem
2677 3774 2952 3824 exercent.

1921 3866 2188 3921 Philonis.
2223 3866 2435 3920 Bonum
2463 3871 2550 3918 est
2596 3874 2814 3928 semper
2857 3867 2919 3913 ut
2953 3855 3258 3925 improbior
3311 3866 3428 3906 me.

1848 3960 2041 4016 liorem
2079 3966 2372 4028 sequatur,
2405 3963 2620 4025 prapter
2665 3950 3068 4006 emendationis
3107 3962 3283 4017 spem.

2219 4064 2452 4122 SERMO
2483 4061 2705 4118 xxxv:
2745 4061 2843 4134 [αι.
2877 4058 3026 4132 XX].

1854 4183 1926 4236 De
1955 4175 2643 4250 congregationemalorum
2668 4174 2939 4250 virorum;
2969 4181 3018 4224 et
3058 4171 3200 4250 quod
3222 4180 3426 4238 oportet

2023 4242 2334 4304 sodalitates
2359 4245 2718 4313 improborum
2751 4242 3003 4296 exitiosus
3035 4242 3252 4295 evitare.

1923 4407 2072 4460 Deut.
2109 4419 2148 4457 ι.
2177 4403 2438 4456 Amovete
2468 4414 2532 4454 ex
2566 4398 2718 4452 vobis
2747 4395 3080 4466 improbum.

1779 4489 1823 4545 1)
1923 4495 2106 4551 ICor.
2154 4512 2204 4552 ν.
2257 4495 2328 4547 Se
2391 4492 2664 4549 abstinere
2721 4492 2789 4544 ab
2843 4488 3108 4558 improbis
3167 4485 3322 4552 viris,
3371 4484 3429 4539 id

1851 4589 2069 4642 demunt
2097 4585 2326 4641 scicntia
2359 4592 2466 4637 est.

1920 4675 2072 4731 Psal.
2104 4691 2145 4729 ι.
2177 4673 2374 4728 Beatus
2396 4670 2487 4741 qui
2514 4671 2568 4724 in
2601 4669 2836 4726 concilio
2860 4668 3150 4738 impiorum
3176 4681 3285 4722 non
3311 4683 3432 4722 am-

1849 4767 2024 4831 bulat,
2060 4779 2161 4820 nec
2204 4764 2256 4816 in
2292 4762 2384 4817 via
2439 4761 2844 4817 scelerosorum
2879 4759 3042 4831 178
3072 4768 3203 4825 stat,
3233 4775 3335 4816 nec
3367 4759 3424 4815 in

1850 4857 1979 4913 sede
2012 4854 2394 4925 pestiferorum
2431 4853 2593 4907 sedit.

1929 4947 2047 5002 Non
2078 4944 2197 5001 sedi
2257 4944 2313 5000 in
2372 4956 2638 5000 consessu
2691 4941 2970 5010 vanitatis,
3004 4955 3108 4998 nec
3153 4941 3430 5016 ingrediar

1855 5054 1979 5097 cum
2007 5034 2313 5106 exlegibus.

1935 5127 2208 5185 Solomon.
2271 5125 2542 5196 insipiens
2585 5123 2927 5181 confidenter
2976 5142 3034 5182 se
3069 5142 3194 5182 cum
3243 5125 3428 5195 exlege

1854 5223 2195 5279 commiscet.

1930 5315 2056 5382 Fili,
2101 5317 2226 5371 vide
2264 5331 2329 5372 ne
2369 5327 2421 5373 te
2475 5319 2740 5375 seducunt
2790 5300 2967 5387 impii,
3018 5329 3120 5369 nec
3176 5311 3427 5380 sequaris

1856 5424 2046 5464 eorum
2085 5410 2360 5465 instituta.
2397 5409 2628 5466 Deﬂecte
2660 5425 2690 5465 a
2718 5409 2820 5464 viis
2848 5409 3064 5462 illorum
3092 5423 3105 5468 ;
3143 5419 3248 5457 non
3277 5403 3421 5454 enim

1857 5514 2109 5555 somnum
2157 5514 2356 5570 capere
2386 5510 2637 5571 possunt,
2684 5501 2790 5557 nisi
2847 5498 3172 5552 malelicium
3208 5494 3425 5563 aliquod

1858 5592 2254 5648 commiserint.
