3928 6560
536 347 687 415 Δ11295
1845 346 2156 407 ΑΝΤΟΝῘΙ
2198 346 2544 407 ΜΕΙΛδΞΕ
3654 344 3760 413 i096

614 466 733 521 Noli
796 466 1040 522 aemulari
1093 466 1352 537 cxleges;
1409 465 1720 534 ubicunque
1787 471 1969 518 castra
2021 470 2165 520 suat

2298 463 2391 533 Μὴ
2425 458 2678 535 ζηλώσῃς
2708 462 2862 526 ὁδοὺς
2893 460 3109 533 ἀνόμων
3135 475 3151 491 ⁸
3180 459 3239 512 ἐν
3267 451 3313 528 ᾧ
3361 460 3430 514 ἄν
3457 462 3599 533 τόπῳ
3625 483 3760 535 στρα.

544 557 855 629 posuerim,
909 573 975 613 eo
1031 559 1117 613 fac
1168 574 1240 613 ne
1290 558 1547 622 accedas;
1596 555 1809 611 declina
1866 555 1990 610 illos
2056 570 2095 607 at

2221 555 2615 617 τοπεδεύσωσι,
2652 553 2727 622 μὴ
2750 552 2988 626 ὲπέλθῃς
3019 553 3167 606 ἐκεῖ·
3198 553 3445 607 ἔκκλινον
3498 555 3588 608 ἀπ’
3610 560 3756 613 αὐτῶν

546 650 760 720 pra-teri
791 666 807 715 ;
840 665 953 706 non
986 649 1132 705 enim
1180 664 1433 705 somnum
1478 648 1720 719 capient,
1753 648 1858 704 nisi
1910 646 2085 701 malcli

2220 649 2318 703 καὶ
2348 646 2716 719 παράλλαξον.
2743 647 2819 701 Οὐ
2852 646 2962 718 γάρ
2993 644 3070 718 μὴ
3098 645 3462 713 ύπνώσουσιν,
3485 647 3573 701 ὲάν
3593 650 3661 718 μὴ
3682 671 3758 705 κα.

540 743 688 797 cium
725 743 1123 797 commiserint.

1065 751 1123 796 tt.
2219 740 2616 809 κοποιήσωσιν.

614 834 773 891 Viam
807 836 1097 905 impiorum
1122 850 1192 890 ne
1216 834 1565 919 ingrediaris,
1600 850 1703 891 nec
1735 834 1978 906 exlegum
2002 832 2119 888 viis

2303 829 2488 893 Ὀδοὺς
2519 828 2736 883 ἀσεϐῶν
2762 825 2840 900 μὴ
2877 825 3133 900 ἑπέλθῃς,
3181 826 3318 897 μηδὲ
3356 823 3592 902 ζητήσῃς
3632 831 3755 896 ὁδοὺς

543 928 851 995 σιιιιεεὶοτίε.
1240 916 1257 919 ⁷
2218 923 2579 993 παρανόμων.
3148 916 3153 925 ’

617 1020 723 1084 Qui
752 1035 876 1073 cum
917 1020 1308 1090 insipientibus
1330 1022 1703 1090 congreditur,
1730 1027 2078 1088 agnoscetur.

2052 1032 2078 1071 '.
2300 1016 2360 1069 Ὀ
2390 1015 2938 1085 συμπεριφερόμενος
2976 1014 3177 1083 ἄφροσι
3207 1013 3603 1083 γνωσθήσεται.

618 1110 744 1175 Fili,
776 1114 947 1167 malos
978 1115 1125 1167 viros
1154 1130 1221 1168 ne
1248 1115 1538 1178 mmineris,
1567 1130 1665 1169 nec
1698 1114 1911 1167 illormn
1939 1120 2116 1167 enatus

2290 1106 2409 1174 Υίὲ,
2440 1108 2515 1181 μὴ
2541 1107 2792 1179 ζηλώσῃς
2815 1107 3018 1167 κακοὺς
3044 1106 3264 1173 ἄνδρας,
3293 1107 3429 1177 μηδὲ
3452 1103 3750 1179 ἐπιθυμήσῃς

545 1213 822 1274 appetas:
858 1204 993 1259 falsa
1050 1206 1197 1259 enim
1256 1206 1551 1260 meditatur
1610 1220 1705 1258 cor
1760 1204 1998 1267 illorum,
2063 1220 2093 1258 e

2217 1196 2359 1255 εἶναι
2385 1197 2504 1270 μετ’
2531 1201 2735 1254 αὐτῶν.
2758 1199 2949 1269 Ψευδῆ
2968 1200 3078 1268 γὰρ
3104 1198 3355 1270 μελετᾷή
3380 1200 3573 1269 καρδία
3588 1202 3747 1266 αὐτῶν,

544 1294 773 1348 molesta
804 1294 942 1348 labia
975 1295 1293 1349 eormndem
1337 1294 1653 1364 loquuntur.

2215 1292 2312 1346 καὶ
2334 1293 2531 1355 πόνους
2556 1292 2625 1345 τά
2654 1289 2806 1362 χείλη
2845 1289 3028 1347 αὐτῶν
3055 1290 3225 1345 λαλεῖ.

617 1385 779 1440 Prov.
815 1400 1010 1439 xxxiii.
1037 1383 1116 1440 Ne
1147 1395 1199 1439 te
1225 1385 1493 1457 adjungas
1542 1386 1784 1441 sodalem
1823 1384 2105 1450 iracundo,

2288 1383 2380 1453 Μὴ
2410 1381 2522 1435 ἴσθι
2555 1384 2770 1452 ἑταῖρος
2809 1381 2968 1451 ἀνδρὶ
2998 1381 3262 1453 θυμώδει,
3306 1381 3442 1453 μηδὲ
3473 1382 3749 1439 συναυλίζου

542 1486 636 1530 aut
667 1475 845 1531 amico
874 1478 1142 1533 iracundo
1169 1478 1641 1544 contubernalem,
1684 1493 1753 1533 ne
1791 1478 1970 1533 discas
1999 1489 2093 1532 tan

2214 1478 2355 1550 φίλῳ
2382 1479 2606 1550 ὀργίλῳ,
2638 1479 2845 1549 μήποτε
2877 1477 3055 1551 μάθῃς
3078 1477 3189 1530 τῶν
3211 1476 3347 1530 ὁδῶν
3378 1476 3563 1543 αὐτοῦ,
3581 1478 3660 1533 καὶ
3680 1478 3750 1531 λά-

540 1568 665 1625 dem
704 1570 852 1626 illius
888 1571 1027 1635 vias,
1062 1581 1117 1625 et
1147 1571 1400 1639 laqueum
1433 1570 1619 1638 capias
1648 1570 1842 1624 anima:
1881 1578 2006 1624 tuae.

1433 1570 1619 1638 capias
1648 1570 1842 1624 anima:
1881 1578 2006 1624 tuae.
2216 1574 2318 1643 ϐῃς
2354 1572 2582 1643 βρόχους
2612 1575 2678 1641 τῇ
2716 1576 2780 1643 σῇ
2813 1572 2981 1642 ψυχῇ.

612 1661 725 1717 Isa.
752 1663 981 1718 A-bsline
1021 1662 1091 1717 ab
1128 1664 1355 1732 injuste,
1403 1670 1459 1718 et
1504 1676 1612 1717 non
1663 1663 1974 1728 terreberis,
2012 1676 2113 1718 nec

2295 1666 2351 1719 Ἀ
2363 1667 2527 1735 πέχου
2556 1663 2651 1719 τοῦ
2678 1664 2887 1730 ἀδίκου,
2920 1664 3015 1718 καὶ
3035 1664 3096 1718 ού
3119 1661 3432 1735 φοϐηθήσῃ,
3466 1660 3563 1715 καὶ
3588 1662 3750 1732 τρόμος

540 1764 748 1811 tremor
776 1755 1236 1827 appropinquabit
1267 1756 1382 1811 tibi.

1085 1756 1236 1810 uabit
1267 1756 1382 1811 tibi.
2144 1800 2187 1860 Β
2213 1759 2315 1812 οὐκ
2341 1759 2518 1826 ἑγγιεῐ
2535 1776 2636 1813 σοι.

606 1847 637 1901 Ι
665 1846 845 1901 Thess.
879 1865 930 1902 v.
985 1846 1342 1917 Praecipimus
1397 1847 1576 1913 vobis,
1631 1846 1850 1912 fratres,
1888 1849 2109 1905 nomine
2144 1846 2157 1860 '

2287 1851 2751 1923 Παραγγέλλομεν
2777 1851 2927 1921 ύμῖν,
2960 1849 3200 1917 ἀδελφοὶ,
3227 1850 3283 1902 ἐν
3303 1849 3525 1918 ὀνόματι
3554 1848 3638 1901 τοῦ
3664 1849 3749 1900 Kr-

540 1938 752 1994 Dontitti
799 1940 971 1994 nostri
1017 1938 1147 1994 Jesu
1181 1940 1412 2002 Christi,
1462 1948 1522 1995 ut
1553 1940 1823 1996 secedatis
1866 1943 1935 1996 ab
1968 1960 2091 1996 unn-

2216 1944 2333 2017 ρίου
2362 1944 2523 2017 ἡμῶν
2558 1942 2734 2013 Ἰησοῦ
2758 1943 3021 2008 Χριστοῦ,
3049 1942 3334 1994 στέλλεσθε
3355 1942 3497 2008 ὑμᾶς
3522 1941 3623 1993 ἀπὸ
3650 1958 3749 1992 παι-

536 2047 760 2102 quoque
810 2033 979 2087 fratre
1036 2033 1399 2088 immoderate
1451 2044 1508 2088 et
1559 2032 1679 2088 sine
1708 2032 1899 2089 ordine
1930 2051 1988 2090 se
2019 2053 2087 2105 go

2337 2034 2575 2105 ἀδελφοῦ
2605 2036 2857 2098 ἀτάκτως
2910 2032 3366 2103 περιπατοῦντος,
3394 2033 3493 2085 καὶ
3524 2031 3598 2103 μὴ
3636 2033 3747 2083 κατὰ

532 2133 712 2185 rente,
739 2132 793 2178 et
831 2138 939 2179 non
989 2138 1050 2178 ea
1097 2126 1311 2180 ratione
1345 2139 1510 2196 quam
1563 2141 1593 2180 a
1643 2125 1802 2182 nobis
1852 2129 2083 2184 traditan

1922 2129 2107 2185 Iditam
2191 2128 2312 2199 ’τὴν
2344 2127 2647 2195 παράδοσιν
2673 2125 2742 2198 ἢν
2768 2122 3113 2193 παρελάϐετε
3149 2119 3280 2190 παρ’
3317 2120 3473 2192 ἐμοῦ.

537 2214 892 2281 αοοιερειοιὶε.

608 2302 801 2369 Fingite
834 2306 1168 2362 imitationes
1207 2307 1717 2363 condemnatorum.

2280 2311 2519 2380 Φεύγετε
2548 2310 2649 2373 τὰς
2681 2310 2945 2379 μιμήσεις
2980 2306 3087 2359 τῶν
3122 2304 3604 2373 κατεγνωσμένων.

602 2395 633 2449 I
669 2394 790 2451 Cor.
828 2414 878 2451 v.
910 2398 969 2452 Si
1003 2400 1156 2468 quis,
1180 2399 1350 2455 frater
1394 2410 1521 2455 cum
1557 2401 1887 2466 nominetur,
1944 2402 2109 2458 fuerit

2295 2404 2421 2458 Ἐάν
2450 2420 2537 2467 τις
2562 2399 2789 2469 ἁδελφὸς
2812 2397 3212 2470 ὀνομαζόμενος
3316 2396 3537 2467 πόρνος,
3562 2397 3593 2465 ἦ
3623 2396 3745 2449 εἰδω-

539 2491 624 2541 vel
661 2499 957 2555 scortator,
988 2492 1073 2545 vel
1098 2490 1523 2545 simulacrorum
1567 2489 1770 2554 cultor,
1807 2491 1891 2545 vel
1923 2493 2090 2545 convi

2211 2494 2567 2570 λρλάτρης,ἥ
2612 2493 2939 2566 λοίδορος,ἢ
2998 2491 3208 2565 ἅρπαξ,
3238 2489 3319 2561 τῷ
3366 2492 3590 2560 τοιούτῳ
3636 2492 3744 2560 μηδὲ

534 2581 734 2645 ciator,
770 2579 853 2634 vel
873 2595 1063 2650 rapax,
1095 2595 1221 2635 cum
1251 2580 1522 2650 ejusmodi
1573 2595 1642 2635 ne
1672 2580 1855 2635 cibum
1887 2584 2085 2651 quidcn

2214 2589 2521 2643 συνεσθίειν
2552 2602 2568 2620 ·
2633 2583 2867 2658 ἐξάρατε
2914 2585 3007 2639 τὸν
3062 2584 3301 2653 πονηρὸν
3366 2583 3427 2648 ἐξ
3485 2582 3627 2652 ὑμῶν
3664 2582 3741 2635 αύ-

533 2672 766 2738 sumite;
811 2673 984 2728 tollite
1017 2689 1085 2727 ex
1121 2673 1274 2729 vobis
1305 2673 1638 2742 improbum.
2211 2683 2342 2734 τῶν.
3475 2745 3479 2749 ,

608 2763 823 2818 Sirach.
851 2764 986 2820 Cum
1019 2764 1309 2834 disciplina
1351 2766 1666 2821 carentibus
1717 2780 1788 2822 ne
1833 2765 2103 2826 colludas.

2282 2770 2376 2840 Μὴ
2403 2767 2714 2841 πρόσπαιζε
2764 2765 3135 2834 ἀπαιδεύτοις,
3177 2768 3267 2822 ἵνα
3296 2767 3374 2838 μὴ
3419 2766 3745 2838 ἀτιμάζωνται

537 2869 603 2908 ne
639 2863 894 2923 parentes
918 2857 996 2910 tui
1030 2856 1230 2924 probro
1259 2856 1582 2913 afﬁciantur.

1067 2856 1230 2911 robro
1259 2856 1582 2913 afﬁciantur.
2210 2867 2262 2919 oi
2296 2867 2473 2933 γονεῖς
2502 2881 2618 2917 σου.

607 2945 667 3001 S.
704 2946 915 3003 Basilii.
937 2946 1267 3005 Perniciosa:
1305 2959 1433 3006 sunt
1472 2951 1738 3006 malorum
1766 2951 2109 3022 congressio-

2214 2958 2217 2961 ’
2282 2955 2556 3023 Βλαϐεραὶ
2581 2953 2637 3006 αἱ
2671 2951 2810 3022 πρὸς
2841 2949 2968 3013 τοὺς
3003 2949 3210 3011 κακοὺς
3242 2949 3523 3001 συνουσίαι
3546 2965 3560 2979 ·
3590 2949 3743 3015 ἐπειδὴ

530 3055 627 3095 nes
647 3055 662 3094 :
682 3039 949 3109 siquidem
971 3040 1087 3095 Itaac
1103 3049 1185 3096 est
1208 3041 1460 3096 amicitia:
1478 3043 1561 3097 lex
1586 3057 1649 3099 ac
1667 3044 2025 3112 consuetudo,
2048 3062 2081 3099 ιι

2206 3050 2369 3120 νόμος
2396 3043 2550 3112 οὗτος
2576 3045 2759 3116 φιλίας
2782 3042 2852 3097 δι’
2871 3042 3187 3112 ὁμοιότητος
3205 3040 3502 3109 πεφυκέναι
3524 3040 3626 3102 τοῖς
3644 3057 3743 3091 suv-

534 3147 634 3202 per
672 3132 1082 3189 similitudinem
1118 3133 1463 3204 ingeneretur
1488 3136 1821 3205 conjunctis.
1852 3133 1925 3191 Ut
1952 3137 2085 3193 enitr

2204 3140 2533 3212 απτομὲνοις
2576 3134 2913 3205 ἐγγίνεσθαι.
2948 3134 3040 3196 Ὠς
3078 3132 3185 3201 γὰρ
3228 3133 3285 3184 ὲν
3339 3134 3455 3194 τοῖς
3486 3132 3744 3190 νοσοποιοῖς

536 3227 589 3280 in
633 3226 1022 3297 peetilentibus
1049 3226 1184 3281 locis
1216 3226 1479 3295 paulatim
1508 3240 1603 3282 aer
1649 3227 1931 3284 immissus
1952 3244 2087 3284 mor-

2214 3233 2436 3307 χωρίοις
2455 3229 2598 3284 κατά
2634 3229 2800 3298 μέρος
2831 3224 3289 3294 ἀναπεμπόμενος
3317 3224 3345 3275 ὁ
3364 3222 3471 3292 ἀήρ
3496 3221 3744 3276 λανθάνου-

532 3319 662 3372 ltum
695 3318 909 3376 occulte
954 3319 1068 3375 illic
1105 3320 1429 3391 degentibus
1461 3321 1720 3388 immittit,
1776 3323 1857 3378 sic
1902 3322 2079 3392 impro

2214 3342 2315 3378 σαν
2347 3321 2504 3375 νόσον
2533 3321 2647 3380 τοῖς
2663 3314 3101 3385 ἑνδιαιτωμένοις
3118 3312 3523 3381 ὲναποτίθησιν,
3549 3311 3740 3378 οὓτωςή

534 3410 727 3464 horum
775 3411 1131 3467 consuetudo
1174 3412 1342 3466 multa
1401 3413 1540 3467 mala
1594 3412 2085 3482 importat,etiam-

2212 3415 2351 3486 πρὸς
2379 3413 2506 3475 τοὺς
2532 3409 2771 3480 φαύλους
2806 3407 3065 3460 συνουσία
3101 3403 3314 3474 μεγάλα
3363 3403 3508 3456 κακὰ
3530 3406 3638 3465 ταῖς
3658 3401 3740 3470 ψυ-

534 3496 581 3549 si
615 3498 895 3555 calamitas
921 3499 977 3563 in
1002 3502 1290 3571 praesentia
1319 3502 1512 3557 oculos
1551 3502 1737 3573 fugiat.

2210 3508 2333 3578 χαῖς
2362 3502 2640 3571 ὲναφίησι,
2667 3498 2772 3552 κᾶν
2797 3497 2897 3569 τὴν
2928 3495 3245 3566 παραυτίκα
3266 3494 3517 3563 αἴσθησιν
3549 3493 3603 3546 τὸ
3638 3491 3741 3562 βλα-

2212 3596 2376 3668 ϐερὸν
2403 3592 2693 3664 διαφεύγῃ.

682 3678 860 3735 Bonos
893 3694 1000 3735 non
1043 3680 1206 3737 bonis
1230 3695 1451 3751 semper
1479 3686 1820 3754 anteponito.

2295 3687 2409 3742 Ἀεὶ
2434 3684 2680 3756 προτίμα
2707 3684 2835 3745 τοὺς
2867 3680 3070 3743 καλοὺς
3104 3678 3215 3733 τῶν
3254 3677 3329 3749 μὴ
3366 3677 3498 3733 καλᾶ

676 3768 812 3824 Nam
834 3769 880 3825 si
905 3785 1031 3826 cum
1052 3770 1209 3827 malis
1228 3773 1489 3840 verseris,
1511 3776 1685 3831 malus
1707 3775 1929 3831 omnino
1960 3774 2074 3832 fies.

1960 3774 2074 3832 αρε·
2282 3782 2492 3845 Κακοῖς
2515 3778 2562 3832 δ’
2581 3775 2787 3849 ὁμιλῶν
2806 3774 2900 3830 καὶ
2930 3773 3100 3836 κακδς
3133 3773 3353 3835 πάντως
3382 3770 3496 3842 ἔσῃ.

528 3912 555 3925 ε.
1643 3869 1663 3932 (
1671 3864 1961 3938 Theologt'.)

608 3954 670 4010 S.
706 3955 982 4027 Chrysost.
1018 3953 1292 4013 Delicatos
1320 3965 1377 4013 et
1405 3957 1709 4015 dissolutos
1740 3973 1804 4015 ac
1830 3959 2105 4030 improbos

2277 3959 2450 4029 Φεῦγε
2478 3957 2603 4021 τοὺς
2629 3953 2836 4026 βλάκας
2863 3952 2959 4007 καὶ
2991 3949 3250 4013 ἐκλύτους
3274 3947 3471 4023 ἄνδρας
3486 3944 3574 4000 καὶ
3594 3957 3734 4011 πονη-

535 4051 735 4115 vitato,
768 4063 834 4104 ac
857 4047 1021 4104 etiam
1057 4062 1155 4105 ens
1189 4048 1282 4119 qui
1326 4058 1509 4105 scorta
1543 4049 1786 4107 ductant.

1370 4058 1509 4105 torta
1543 4049 1786 4107 ductant.
2211 4054 2362 4126 ροὺς,
2393 4052 2487 4105 καὶ⁵
2527 4049 2921 4121 ήταιρηκότας.

607 4141 669 4198 8.
699 4142 958 4198 Albanas.
986 4140 1104 4198 Non
1134 4143 1294 4199 modo
1331 4158 1362 4197 a
1412 4143 1554 4199 vitiis
1584 4158 1777 4200 cavere
1819 4143 2102 4214 debemus,

2279 4145 2373 4198 Δεῖ
2401 4141 2476 4213 μὴ
2516 4141 2678 4210 μόνον
2711 4138 3014 4208 ἀπέχεσθαι
3070 4135 3179 4189 τῶν
3230 4133 3443 4198 κακῶν,
3495 4129 3619 4186 ἀλλὰ
3658 4126 3737 4182 καὶ

537 4252 601 4292 ac
654 4253 719 4292 ea
743 4236 937 4303 vitare,
998 4251 1190 4293 verum
1237 4236 1404 4293 etiam
1440 4250 1537 4293 eos
1581 4240 1673 4308 qui
1718 4238 1848 4293 talia
1894 4237 2088 4294 faciunt

1975 4240 2103 4294 :iunt
2205 4238 2334 4301 τοὺς
2359 4236 2431 4290 τά
2455 4233 2679 4288 τοιαῦτα
2707 4231 3051 4300 πράσσοντας
3065 4225 3526 4298 ἀποστρέφεσθαι.

530 4326 797 4380 aversari.

607 4374 864 4490 VS.
897 4418 1107 4489 Cyrilli.
1137 4418 1409 4491 improbis
1434 4374 1747 4487 connivere,
1779 4428 1832 4477 et
1876 4422 2097 4477 noxium

2279 4413 2354 4467 Τὸ
2380 4404 2931 4485 συνδιαιτᾶσθαιάτοῐς
2962 4407 3189 4477 φαύλοις
3216 4403 3505 4470 ὲπιϐλαϐἒς
3530 4403 3613 4459 καὶ
3638 4402 3733 4454 ἐπί-

529 4523 613 4565 est
642 4521 697 4566 et
728 4510 1127 4580 vituperatione
1147 4510 1392 4581 dignum.

845 4510 1127 4580 peratione
1147 4510 1392 4581 dignum.
2135 4514 2183 4575 υ
2207 4508 2394 4579 ψογον.

601 4600 905 4657 Clementis.
925 4601 968 4657 Α
990 4602 1273 4660 sceleratis
1301 4603 1543 4667 liberari,
1575 4610 1659 4657 est
1683 4600 1843 4657 saluti
1873 4602 2099 4660 initiari.

2286 4599 2353 4652 Ἦ
2400 4598 2508 4651 τῶν
2563 4596 2752 4651 κακῶν
2796 4593 3094 4663 ἀπαλλαγὴ
3140 4591 3413 4663 σωτηρίας
3436 4589 3576 4644 ἐστὶν
3596 4584 3726 4656 ἀρχή.

602 4693 742 4751 Nili.
777 4694 940 4750 Probi
965 4695 1065 4750 viri
1116 4696 1182 4750 ad
1220 4697 1496 4768 improbos
1552 4702 1871 4757 accedentes
1932 4698 2103 4755 multo

2275 4688 2546 4754 Πολλάκις
2588 4688 2779 4757 ἄνδρες
2828 4684 3046 4761 ἁγαθοὶ,
3081 4685 3273 4768 κακοῖς
3323 4678 3722 4752 προσγενόμενοι.

532 4784 745 4842 facilius
771 4787 897 4842 vitia
921 4787 1164 4853 trahunt,
1192 4803 1355 4858 quam
1389 4790 1641 4848 virtutem
1676 4793 2009 4863 impertiant.

2207 4780 2385 4853 πολλῷ
2418 4780 2611 4834 θᾶττον
2638 4779 2835 4841 κακίας
2894 4773 3211 4846 μέτελαϐον,
3257 4772 3294 4844 ἢ
3331 4771 3605 4843 μετέδοσαν
3626 4768 3723 4835 ἁρε-
3742 4806 3758 4823 .

2200 4889 2318 4946 της·

605 4963 864 5021 Plrilonis.
896 4962 1220 5021 Perniciosa:
1260 4978 1389 5021 sunt
1435 4968 1727 5023 stultorum
1763 4970 2101 5039 congressio-

2272 4960 2691 5034 Βλαϐεραὶτῶν
2731 4961 2977 5032 ἀνοήτων
3023 4959 3081 5014 αἱ
3130 4957 3445 5011 συνουσίαν
3489 4954 3573 5008 καὶ
3596 4947 3718 5004 ami-

533 5071 632 5113 nes
669 5073 684 5110 :
718 5065 774 5111 et
815 5056 997 5112 animo
1058 5073 1201 5128 saepe
1256 5060 1493 5114 audienti
1554 5061 1770 5115 illorum
1819 5060 2084 5117 dementia

2198 5077 2335 5115 ουσα
2380 5055 2640 5120 πολλάκις
2693 5053 2861 5126 ψυχὴ,
2910 5051 3012 5123 τῆς
3061 5052 3288 5106 ἐκείνων
3354 5041 3718 5119 φρενοϐλαϐεὲας

530 5148 821 5204 simulacra
853 5150 1260 5219 imprimuntur.

2199 5150 2503 5221 ἀπομάττει
2530 5146 2830 5203 τὰέῐδωλα.
3440 5215 3449 5223 α

597 5240 715 5297 Νοιι
758 5257 855 5297 rus
892 5241 1188 5311 improbos,
1240 5261 1345 5300 non
1390 5245 1519 5299 urbs
1562 5248 1731 5301 bonos
1769 5242 1958 5311 eﬂicit,
2006 5245 2098 5301 sed

2272 5241 2350 5295 Ού
2379 5241 2528 5294 ποιεῖ
2559 5237 2729 5307 ἀγρὸς
2780 5236 3041 5307 φαύλους,
3091 5233 3211 5287 οὐδὲ
3241 5235 3378 5289 ἄστυ
3424 5225 3712 5284 σπουδαίους.

527 5331 717 5391 talium
745 5333 1107 5391 consuetudo.

2198 5330 2314 5386 ἀλλ’
2339 5332 2376 5404 ἡ
2408 5328 2546 5402 μετά
2576 5327 2688 5383 τῶν
2718 5327 2941 5382 τοιῶνδε
2971 5325 3344 5394 συνδιατριϐή.

917 5448 1149 5528 sentio
1184 5449 1416 5506 xxxvu
1455 5451 1546 5524 [αί.
1582 5451 1726 5528 xu].

1619 5452 1726 5528 ιιι].
2786 5439 3007 5496 ΛΟΓΟΣ
3051 5439 3170 5494 ΛΖν.

627 5544 699 5600 De
728 5544 836 5601 illis
859 5544 949 5617 qui
972 5524 1198 5614 optimos
1231 5554 1279 5598 et
1307 5523 1522 5599 sanctos
1544 5523 1699 5600 virosv
1715 5551 1997 5602 honorant.

2200 5537 2342 5606 "cpi
2393 5535 2511 5591 τῶν
2564 5535 2708 5603 τοὺς
2734 5534 3025 5617 ἀρίστρυς
3071 5529 3170 5583 καὶ
3193 5529 3400 5601 ἁγίους
3437 5523 3634 5592 ἄνδρας
3653 5530 3712 5570 τι-

2848 5602 3118 5673 μώντων.

600 5700 732 5754 Gen.
760 5717 851 5756 xx.
881 5699 1264 5755 Abimelecbus
1309 5699 1454 5753 mille
1495 5699 1809 5753 didraclnua
1862 5698 2096 5771 argenti,

2272 5702 2384 5756 Καὶ
2411 5700 2602 5755 ἐλαϐεν
2647 5696 2938 5765 Ἀϐιμέλεχ
2984 5694 3135 5765 χίλια
3166 5692 3436 5763 δίδραχμα
3466 5680 3706 5771 ἀργυρέονι

528 5809 682 5853 oves.
714 5792 931 5857 vitulos,
956 5806 1156 5856 pueros
1180 5798 1234 5848 et
1264 5792 1472 5862 puellas
1504 5793 1811 5848 Abrahamo
1834 5793 2054 5848 donavit
2078 5838 2079 5843 η

2201 5790 2297 5846 καὶ
2347 5789 2616 5859 πρόϐατα,
2666 5786 2761 5841 καὶ
2808 5786 3064 5855 μόσχους,
3094 5781 3190 5835 καὶ
3226 5780 3418 5841 παῖδας
3459 5775 3544 5828 καὶ
3573 5767 3707 5821 παιδί-
