3928 6554
289 461 430 530 1105

1086 471 1256 532 LOCI
1299 470 1744 533 COMMUNES.
1777 465 2063 527 —PARS
2107 469 2189 531 li.
2233 472 2488 535 SERMO
2537 474 2726 536 XLII.

3403 478 3534 544 1106

263 585 372 639 ,τοῦ
437 586 770 655 μετανοῆσαι
829 588 1128 660 θεραπείας
1182 594 1376 648 ἑαυτὸν
1428 594 1807 664 ἀπεστέρησεν
1839 607 1851 620 ·

1977 587 2184 644 licium.
2212 591 2315 658 Qui
2346 593 2488 648 enim
2512 595 2836 665 probitatem
2861 596 3065 664 laudat,
3093 597 3138 651 is
3165 613 3221 653 se
3243 600 3535 670 pmuilcndi

276 677 418 733 ὥστε
449 681 674 756 sitconp;
697 681 856 735 τοῦτο
881 683 1091 738 ἐκείνου
1137 685 1524 756 χαλεπώτερον
1556 688 1586 740 ὁ
1643 684 1855 750 Παῦλος

274 765 417 825 εἶναι
449 753 830 844 ἐνομοθέτησε.
858 775 958 828 Διὰ
979 753 1145 829 τοῦτο
1160 753 1266 848 οὐχ
1302 779 1352 832 οί
1378 753 1446 831 τά
1466 777 1648 848 φαῦλα
1674 777 1855 849 πράτ-

277 876 467 925 σοντες
503 863 686 930 μόνον,
721 865 862 919 ἀλλά
896 868 990 922 καὶ
1016 869 1063 920 οί
1117 868 1343 933 τούτους
1387 871 1854 942 ἐγκωμιάζοντες,

274 955 377 1023 τῆς
405 957 580 1027 αὐτῆς
605 959 638 1029 ἦ
667 959 760 1014 καὶ
785 959 1172 1034 χαλεπωτέρας
1195 965 1429 1027 ἐκείνοις
1459 968 1852 1020 κοινωνίησουσι

275 1048 552 1114 κολάσεως
573 1090 589 1105 .

247 1178 262 1186 -
359 1142 817 1217 Ἐπιχαιρεκακία
869 1150 1149 1224 ἀλλότριον
1179 1158 1382 1226 σοφῶν.

859 1324 1079 1380 ΛΟΓΟΣ
1124 1329 1259 1382 MA'.

686 1418 826 1485 Περὶ
877 1423 1145 1478 πολιτῶν
1177 1425 1437 1495 ἀγαθῶν.

348 1500 514 1558 Εἶπεν
559 1505 808 1580 Ἀδραάμ
849 1514 985 1583 πρὸς
1047 1517 1268 1588 Κύριονο
1311 1520 1438 1572 Ἐὰν
1485 1515 1588 1575 ὦσι
1654 1524 1852 1594 πεντή-

1960 684 2244 738 curatione
2277 685 2475 752 privat,
2500 695 2557 739 ut
2589 688 2786 742 merito
2817 686 3021 743 Paulus
3054 690 3158 745 hoc
3176 691 3279 746 illo
3317 695 3536 762 gravius

1955 787 2081 828 esse
2110 773 2396 844 judicarit.
2444 775 2636 846 Itaque
2684 795 2788 834 non
2833 781 2992 835 modo
3027 781 3122 849 qui
3165 780 3411 851 improbe
3461 784 3534 837 fa-

1951 865 2136 931 'ciunt,
2170 867 2266 922 sed
2301 869 2464 923 etiam
2526 871 2644 940 qui;
2674 872 2810 926 istos
2859 872 3104 935 laudant,
3159 873 3400 945 ejusdem
3456 877 3535 930 vel

1958 957 2124 1011 etiam
2163 957 2466 1016 acerbioris
2512 961 2805 1032 participes
2830 972 2992 1018 erunt
3022 963 3535 1021 animadversionis.

2034 1137 2300 1195 Philonis.
2336 1140 2712 1198 Malevolentia
2761 1159 2824 1199 ac
2863 1155 3082 1216 propter
3127 1146 3255 1200 vitia
3303 1144 3535 1200 delecta-

1955 1231 2029 1286 tio
2065 1231 2226 1304 185.
2249 1248 2278 1288 a
2308 1235 2642 1304 sapientibus
2667 1235 2841 1291 aliena
2868 1246 2973 1292 est.
3019 1293 3028 1301 ,

2416 1325 2648 1382 SER!th
2677 1326 2789 1380 xu
2823 1329 2919 1394 lal.
2957 1327 3074 1400 XI].

2488 1415 2566 1470 De
2599 1417 2746 1472 bonis
2777 1419 2996 1474 civibus.

2023 1505 2152 1561 Gen.
2186 1521 2339 1562 xvm.
2379 1509 2520 1562 uixit
2551 1508 2852 1564 Abraatnus
2885 1513 2950 1564 ad
2987 1511 3264 1566 Dominum
3292 1530 3305 1566 :
3334 1511 3389 1567 Si
3416 1511 3535 1566 fue-

278 1611 448 1650 κοντα
478 1597 678 1654 δίκαιοι
727 1601 786 1653 ἐν
829 1606 895 1674 τῇ
943 1605 1118 1671 πόλει,
1159 1609 1450 1674 ἀπολέσεις
1485 1614 1678 1677 αὐτούς
1706 1631 1720 1682 ;
1749 1618 1848 1669 οὐκ

1977 1599 2061 1652 int
2106 1599 2498 1670 quinquaginta
2544 1599 2678 1670 justi
2732 1602 2782 1655 in
2835 1602 3078 1670 civitate,
3141 1607 3337 1674 perdes
3400 1607 3537 1660 eos?

281 1688 508 1757 ἀνήσεις
540 1692 713 1744 πάντα
744 1693 837 1746 τὸν
869 1696 1033 1751 τόπον
1063 1699 1226 1753 ἕνεκα
1269 1702 1379 1754 τῶν
1413 1705 1746 1774 πεντήκοντα
1774 1709 1850 1760 δι-

274 1781 453 1834 καίων
470 1799 484 1848 ;
544 1785 810 1855 μηδαμῶς
849 1789 910 1843 οὐ
945 1793 1197 1861 ποιήσεις
1251 1795 1312 1848 τὸ
1368 1795 1521 1868 ῥῆμα
1569 1799 1726 1851 τοῦτο
1756 1800 1847 1853 τοῦ

275 1872 622 1930 ἀποκτείναι-
659 1877 870 1934 δίκαιον
927 1883 1063 1952 μετά
1110 1884 1363 1952 ἀσεϐοῦς,
1395 1890 1492 1943 καὶ
1523 1889 1677 1945 ἔσται
1706 1892 1732 1944 ὁ
1771 1889 1848 1944 δί-

1952 1706 2136 1745 nonue
2184 1692 2523 1747 eundonabis
2593 1701 2815 1762 propter
2861 1695 3256 1765 quinquaginta
3308 1697 3536 1767 juslos?

1954 1778 2308 1849 Nequaquam
2347 1781 2493 1836 istud
2523 1784 2858 1848 committas,
2895 1785 3177 1855 utjustum
3215 1803 3336 1841 cum
3368 1787 3535 1856 impio

1957 1872 2280 1940 interﬁcias,
2311 1874 2491 1944 sitque
2515 1875 2705 1929 eadem
2736 1876 3052 1932 conditione
3080 1879 3262 1946 justus
3290 1894 3409 1934 eum
3435 1879 3536 1933 int-

273 1967 542 2031 thOg‘dl;
574 1970 602 2021 ὀ
630 1971 836 2043 ἀσεϐὴς
865 1950 1156 2044 μήδαμῶς.
1210 1977 1268 2030 '0
1300 1950 1502 2048 κρίνων
1533 1983 1715 2036 πᾶσαν
1753 1984 1851 2055 τὴν

1977 1967 2048 2035 )ἱο
2085 1984 2100 2022 :
2134 1982 2502 2038 nequaquam,
2531 1970 2622 2040 qui
2661 1969 2876 2038 judieas
2927 1972 3240 2026 universam
3288 1979 3532 2036 terram,

273 2055 380 2123 γῆν
432 2058 492 2108 οὐ
549 2062 798 2131 ποιήσεις
874 2066 1086 2134 κρίσινς
1149 2063 1282 2122 Elite
1342 2070 1399 2123 δὲ
1455 2071 1688 2142 Κύριος
1729 2074 1852 2128 Ἐὰν

275 2147 426 2216 εὕρω
458 2153 542 2206 ἐν
593 2152 848 2223 Σοδόμοις
894 2159 1240 2230 πεντήκοντα
1289 2161 1555 2228 δικαίους,
1583 2167 1683 2220 οὐκ
1719 2168 1852 2222 ἀπο-

274 2241 421 2298 λέσω
453 2244 615 2300 ἕνεκα
651 2249 760 2303 τῶν
797 2256 1164 2322 πεντήκοντα·
1199 2257 1294 2308 καὶ
1321 2257 1389 2312 τά
1423 2259 1572 2329 ἑξῆς.

365 2338 455 2392 Ἐν
483 2340 709 2408 ἀγαθοῖς
736 2343 964 2400 δικαίων
991 2349 1440 2422 κατωρθὼθησαν
1465 2354 1671 2418 πόλεις.

363 2517 458 2571 Ἐν
487 2519 763 2586 εὐλογίαις
790 2523 1018 2580 δικαίων
1044 2527 1390 2601 ὑψωθήσεται
1428 2532 1601 2596 πόλις.

364 2608 653 2672 Ἐπαύλεις
681 2611 908 2669 δικαίων
937 2617 1312 2687 εὐλογοῦνται.

365 2699 502 2755 ’Δπὸ
535 2703 655 2769 ἑνὸς
685 2709 910 2762 συνετοῦ
947 2713 1423 2784 συνοικισθήσεται
1459 2717 1639 2781 πόλις.

348 2883 460 2936 Καί
517 2900 578 2952 γε
619 2886 777 2943 τοῦτο
820 2886 981 2956 εἶδον,
1033 2895 1224 2964 σοφίαν
1277 2897 1382 2950 ὐπὸ
1409 2898 1501 2952 τὸν
1528 2899 1700 2970 ἥλιον.
1741 2903 1852 2956 Καὶ

278 2974 496 3042 μεγάλη
538 2977 657 3030 εστὶ
704 2979 841 3048 πρός
894 2999 962 3051 με
994 2984 1147 3047 πόλις
1188 2988 1382 3057 μικρὰ,
1433 2988 1528 3042 καὶ
1568 2991 1760 3062 ἄνδρες
1791 2993 1850 3044 ἐν

275 3067 416 3138 αὐτῇ
458 3067 670 3136 ὀλίγοιο
715 3074 812 3128 καὶ
845 3073 975 3147 ἔλθῃ
1015 3077 1103 3130 ἐπ’
1137 3079 1306 3148 αὐτὴν
1358 3081 1614 3149 βασιλεὺς
1651 3085 1848 3153 μέγας,

277 3159 374 3212 καὶ⁵
425 3160 702 3217 κυκλώσει
761 3166 950 3238 αὐτὴν,
1009 3170 1104 3224 καὶ
1157 3172 1502 3242 οἰκοδομήσει
1543 3175 1630 3228 ἐπ’
1679 3177 1848 3248 αὐτὴν

271 3247 528 3319 χάρακας
555 3255 844 3321 μεγάλους·
891 3259 985 3311 καὶ
1020 3257 1156 3330 εὐρῃ
1189 3260 1246 3312 ὲν
1268 3261 1404 3332 αὐτῇ
1441 3261 1609 3332 ἄνδρα
1639 3247 1848 3335 πένητα

271 3343 372 3394 καὶ
419 3345 628 3412 σοφὸν,
663 3348 760 3401 καὶ
809 3349 1053 3422 διασώσῃ
1104 3352 1267 3416 αὐτὸς
1323 3354 1422 3424 τὴν
1469 3355 1624 3410 πόλιν
1669 3359 1730 3411 ὲν
1782 3361 1847 3430 τῇ

272 3436 444 3508 σοφίᾳ
488 3441 674 3496 αὐτοῦ.

348 3530 566 3602 Ὠσπερ
614 3534 688 3589 τὰ
733 3535 907 3609 εὐώδη
949 3539 1058 3593 τῶν
1100 3542 1413 3612 ἀρωμάτων
1443 3545 1546 3610 τῆς
1593 3546 1733 3610 ίδίας
1763 3548 1854 3602 εὐο

268 3619 472 3683 πνοίας
501 3623 592 3675 τὸν
623 3627 1027 3697 παρακείμενον
1055 3631 1195 3702 ἀέρα
1228 3634 1425 3705 ,πλήρη
1481 3639 1645 3704 ποιεῖ,
1677 3637 1850 3702 οὕτως

265 3711 470 3782 ἀνδρὸς
500 3715 708 3784 ἀγαθοῦ
738 3723 1009 3792 παρουσία
1036 3725 1162 3787 τούς
1185 3726 1349 3790 πέλας
1375 3729 1636 3799 ὀνίνησιν.

357 3807 503 3875 Ἐγὼ
531 3810 660 3864 ὅταν
688 3812 811 3868 τινὰ
855 3815 966 3868 τῶν
996 3819 1299 3874 σπουδαίων
1346 3822 1702 3894 διαιτώμενον
1729 3828 1849 3879 κατ’

265 3897 514 3970 οἰκίανῆ
555 3900 709 3955 πόλιν
752 3903 1055 3974 θεάσωμαι,
1111 3907 1210 3980 τὴν
1251 3912 1432 3965 οίκίαν
1480 3913 1513 3981 ἢ
1551 3913 1650 3984 τὴν
1695 3915 1851 3970 πόλιν
1885 3955 1890 3960 ι

267 3990 500 4060 εκείνην
524 3991 909 4062 εὐδαιμονίζω,
943 3997 1038 4050 καὶ
1073 3993 1232 4068 οἴμαι
1262 4001 1362 4071 τήν
1407 4019 1465 4056 τε
1505 4004 1613 4056 τῶν
1643 4006 1848 4074 παρόν-

261 4099 384 4136 των
412 4083 636 4150 ἀγαθῶν
665 4087 969 4140 ἀπόλαυσιν
1002 4089 1248 4160 βεϐαίαν,
1288 4093 1382 4146 καὶ
1422 4093 1520 4164 τὴν
1543 4095 1652 4151 τῶν
1687 4099 1851 4152 ἀπόν-

261 4192 383 4228 των
419 4177 751 4245 προσδοκίαν
779 4181 1284 4256 τελεσφορουμένην
1309 4189 1558 4258 σχήσειν,
1587 4189 1680 4243 τοῦ
1709 4191 1846 4246 Θεοῦ

261 4272 364 4323 τξν
405 4271 790 4342 ἀπεριόριστον
837 4277 933 4329 καὶ
990 4279 1372 4349 ἀπερίγραφον
1421 4281 1652 4336 πλοῦτον
1679 4285 1847 4340 αὐτοῦ

262 4362 364 4416 διὰ
397 4362 526 4426 τοὺς
565 4364 752 4431 ἀξίους
789 4368 884 4421 καὶ
925 4369 1054 4433 τοὺς
1083 4371 1336 4436 ἀναξίους
1361 4371 1734 4444 δωρουμένου.

341 4453 802 4525 βύδαιμονιστέον
834 4458 934 4526 μὲν
983 4462 1078 4514 καὶ
1130 4461 1317 4531 χώραν
1343 4463 1438 4516 καὶ
1483 4464 1688 4530 οἰκίαν,
1714 4465 1846 4519 ὅταν

261 4541 371 4614 ἔχῃ
404 4546 530 4598 τινὰ
559 4548 867 4602 σπουδαῖονο
915 4551 1432 4622 κακοδαιμονιστέον
1456 4553 1533 4622 δὲ,
1564 4555 1693 4610 ὅταν
1719 4556 1846 4628 ἔρη-

263 4653 375 4705 μος
487 4639 752 4696 τοιούτου.

343 4727 558 4784 Ἕνεκα
611 4733 712 4802 μὲν
737 4733 849 4788 τῶν
880 4736 1102 4804 φαύλων
1129 4738 1359 4807 οὐδεμία
1394 4739 1547 4800 πόλις
1587 4739 1851 4810 ἠρὲμισεν

260 4827 356 4884 ἄν’
391 4827 708 4896 διαμένουσι
750 4828 810 4881 δὲ
842 4830 1189 4884 ἀστασίαστοι
1246 4831 1313 4885 δι’
1346 4833 1464 4895 ἑνὸς
1505 4833 1538 4902 ἢ
1595 4833 1851 4902 δευτέρου

264 4918 675 4987 συνοικοῦντος,
701 4920 761 4974 οῦ
787 4923 820 4992 ἡ
843 4922 1011 4991 ἀρετὴ
1033 4923 1129 4982 τὰς
1153 4921 1434 4985 πολιτικὰς
1464 4924 1652 4983 νόσους
1681 4925 1851 4990 ίᾶται,

259 5013 448 5082 γέρας
481 5012 848 5084 ἀπονέμοντος
891 5013 982 5069 τοῦ
1017 5015 1310 5085 φιλαρέτου
1347 5013 1484 5068 Θεοῦ
1539 5016 1854 5084 καλοκαγα-

262 5105 419 5168 θίας,
475 5104 535 5158 τὸ
572 5106 645 5177 μὴ
683 5108 846 5175 μόνον
887 5107 1076 5174 αὐτὸν,
1114 5108 1246 5162 ἀλλά
1300 5108 1395 5162 καὶ
1441 5109 1570 5170 τοὺς
1615 5111 1852 5179 πλησιά-

265 5194 479 5257 ζοντας
513 5195 765 5262 ὠφελεῖν.

347 5287 586 5356 ’Ἄνδρες
637 5291 875 5357 ἀγαθοὶ,
931 5291 1338 5361 τροπικὼτερον
1385 5291 1564 5344 είπεῖν
1597 5332 1610 5357 ,
1672 5291 1850 5355 κίονές

259 5379 405 5440 aiat,
444 5377 620 5446 δῆμον
651 5379 774 5432 ὅλον
801 5380 1203 5451 ὑπερείδοντες,
1233 5379 1502 5451 καθάπερ
1537 5380 1718 5446 οἰκίας
1754 5397 1849 5451 με-

264 5471 475 5540 γάλας,
509 5470 607 5534 τὰς
642 5470 826 5535 πόλεις
854 5473 949 5526 καὶ
984 5473 1080 5534 τὰς
1113 5472 1423 5535 πολιτείας.

211 5554 228 5567 '
633 5555 636 5558 ’
876 5559 1096 5616 ΛΟΓΟΣ
1118 5563 1253 5617 MB'.

683 5654 822 5723 Περὶ
851 5654 1114 5708 πολιτῶν
1133 5653 1477 5723 μοχθηρῶν.

338 5751 412 5805 υἱ
447 5748 725 5819 ἄνθρωποι
749 5749 801 5801 οί
834 5749 892 5800 tv
914 5748 1165 5816 Σοδόμοις
1194 5747 1510 5819 ἁμαρτωλοὶ
1566 5750 1661 5805 καὶ
1693 5767 1850 5822 πονη-

264 5846 350 5913 ρό-
395 5840 641 5894 ὲναντίον
669 5839 762 5894 τοῦ
790 5839 927 5894 Θεοῦ
959 5841 1184 5910 σφόδρα.

337 5935 422 5986 Οὐ
459 5927 698 6005 πορεύσῃ
727 5931 915 5996 δολίως
939 5935 996 5987 ἐν
1022 5931 1098 6000 τῷ
1132 5931 1272 5987 ἔθνει
1306 5947 1421 5986 σου.

1955 2072 2062 2112 non
2095 2057 2262 2113 facias
2289 2058 2584 2128 judicium.
2614 2060 2879 2116 Dominus
2914 2073 3095 2116 autem
3131 2078 3145 2115 :
3191 2061 3274 2128 Si,
3332 2062 3534 2132 inquit,

1954 2149 2218 2206 invenero
2239 2151 2494 2209 Sodomis
2516 2154 2912 2226 quinquaginta
2931 2155 3132 2223 jnstos.
3162 2163 3384 2226 propter
3415 2155 3536 2210 illos

1954 2245 2347 2315 quinquaginta
2377 2261 2484 2300 non
2519 2249 2740 2316 perdam
2771 2265 2785 2314 ;
2831 2257 2885 2303 et
2920 2249 3151 2319 reliqua.

2027 2335 2184 2392 Prov.
2212 2353 2270 2393 tt.
2313 2338 2541 2408 Pr0pter
2576 2339 2872 2395 bonitatem
2917 2339 3192 2409 justorum
3242 2340 3535 2396 fortunata:

1955 2430 2177 2484 fuerunt
2213 2430 2486 2486 civitates.

2024 2520 2082 2574 lu
2116 2521 2590 2578 benedictionibus
2633 2521 2910 2591 justorum
2945 2524 3276 2579 exaltabitur
3316 2528 3533 2584 civitas.

2028 2611 2401 2668 Habitatiunes
2428 2613 2701 2684 justorum
2744 2615 3031 2670 fortunata:
3065 2625 3117 2671 et
3147 2616 3354 2672 felices.

2029 2705 2131 2759 Per
2173 2707 2333 2760 unius
2379 2709 2590 2776 sagacis
2625 2708 2861 2762 hominis
2895 2708 3242 2779 prudentiam
3277 2709 3535 2780 frequens

1953 2799 2059 2853 erit
2088 2800 2281 2854 incolis
2314 2801 2524 2854 civitas.

2027 2893 2199 2948 Eccle.
2234 2893 2343 2948 lloe
2390 2895 2559 2948 etiam
2604 2894 2732 2963 vidi,
2784 2895 3104 2964 sapientiam
3155 2896 3257 2951 sub
3303 2895 3439 2958 sole,
3489 2905 3540 2950 et

1957 3000 2149 3055 magna
2185 2994 2270 3042 est
2301 2988 2444 3056 apud
2481 3003 2567 3043 me
2599 3003 2762 3058 parva
2804 2989 3015 3052 civitas,
3067 2997 3119 3043 et
3165 2989 3320 3057 pauci
3370 2990 3422 3043 in
3473 3005 3537 3045 ea

1956 3077 2080 3142 viri,
2122 3079 2392 3134 adversus
2423 3095 2586 3149 quam
2616 3081 2768 3135 venit
2801 3096 2892 3134 rex
2929 3095 3180 3148 magnus,
3213 3080 3540 3149 obseditque

1955 3179 2008 3224 et
2041 3185 2265 3240 magnos
2291 3187 2516 3241 aggeres
2539 3172 2802 3226 adversus
2829 3187 2948 3226 eam
2978 3171 3258 3240 congessit
3282 3181 3334 3226 et
3354 3171 3539 3224 obval-

1959 3257 2106 3312 lavit.
2154 3257 2410 3315 Iuventus
2431 3268 2611 3313 autem
2641 3268 2723 3314 est
2755 3274 2957 3328 panper
2979 3259 3038 3325 in
3065 3261 3145 3324 ea,
3173 3259 3264 3311 sed
3295 3258 3536 3327 sapiens,

1954 3352 2045 3422 qui
2083 3367 2202 3408 eam
2237 3353 2428 3408 urbem
2464 3352 2668 3408 salvam
2709 3350 2963 3422 praestitit
2994 3365 3092 3406 sua
3119 3343 3406 3420 sapientia.

2024 3534 2094 3592 Ut
2124 3546 2371 3593 aromata
2406 3537 2631 3594 odorata
2667 3535 2962 3607 fragrantia
2997 3549 3094 3589 sua
3145 3533 3553 3590 circumfusum.

1953 3641 2130 3682 aerem
2189 3627 2486 3695 complent,
2519 3628 2601 3682 sic
2633 3628 2733 3680 viri
2776 3624 2900 3681 boni
2933 3623 3222 3695 praesentia
3263 3626 3552 3694 proximis.

1954 3717 2217 3774 utilitates
2248 3718 2426 3773 adfert
2450 3717 2737 3788 plurimas.
3207 3721 3212 3726 ’

2026 3808 2286 3864 Philonis.
2329 3808 2466 3864 Cum
2499 3809 2678 3864 virum
2715 3810 2948 3880 aliquem
2983 3806 3186 3868 bonum
3236 3813 3321 3868 vel
3361 3813 3418 3866 in
3443 3811 3543 3867 fa.-

1953 3902 2099 3956 milia
2123 3900 2306 3972 aliqua
2334 3902 2417 3956 vel
2443 3902 2496 3956 in
2519 3903 2743 3957 civitate
2771 3906 2975 3959 versari
3004 3903 3400 3970 animadverto,
3420 3919 3541 3959 eam

1952 3995 2218 4050 familiam
2253 4004 2347 4050 aut
2372 3996 2652 4051 civitatem
2699 3997 2909 4052 beatam
2944 3999 3202 4067 praedico,
3249 3998 3542 4054 existimo-

1950 4101 2057 4157 que
2079 4101 2199 4141 eam
2231 4095 2285 4142 et
2318 4087 2688 4158 pratsentibus
2723 4089 2888 4144 bonis
2937 4089 3144 4159 perfrui
3203 4091 3453 4155 firmiter,
3489 4103 3543 4146 et

1951 4193 2136 4234 eorum
2171 4194 2294 4249 qum
2321 4180 2520 4232 desunt
2549 4181 2854 4249 exspectari
2902 4197 3007 4236 non
3050 4181 3260 4241 frustra
3291 4183 3503 4253 copiam
3525 4223 3544 4249 ,

1950 4285 2071 4324 cum
2102 4270 2242 4325 Dens
2269 4270 2536 4324 infinitam
2567 4281 2618 4326 et
2647 4271 3177 4343 incircumscriptam
3208 4275 3541 4344 opulentiam

1949 4375 2106 4414 suam
2135 4372 2352 4430 propter
2380 4361 2574 4428 dignos
2608 4362 2844 4432 indignis
2872 4366 3036 4419 etiam
3071 4365 3255 4437 largiri
3287 4368 3480 4422 soleat.

2020 4450 2170 4509 Felix
2201 4452 2435 4523 judicari
2462 4463 2705 4508 meretur
2725 4462 2780 4510 et
2805 4456 2996 4512 civitas
3024 4465 3078 4512 et
3115 4458 3268 4529 regio
3294 4469 3349 4513 et
3381 4459 3541 4512 fami-

1953 4545 2046 4611 lia,
2078 4560 2203 4600 cum
2238 4545 2475 4616 aliquem
2512 4545 2711 4601 virtute
2737 4548 3024 4616 praeditum
3057 4549 3308 4606 habuerit
3340 4565 3354 4603 :
3393 4551 3531 4605 infe-

1877 4663 1927 4726 υ
1953 4638 2026 4693 lix
2059 4646 2263 4705 autem,
2305 4653 2430 4694 cum
2459 4639 2553 4693 tali
2598 4639 2716 4694 viro
2751 4642 3014 4696 caruerit.

2028 4729 2410 4801 Improborum
2435 4731 2656 4797 quidem
2683 4746 2847 4787 causa
2875 4733 3022 4788 nulla
3057 4733 3366 4803 respublica
3398 4743 3546 4788 tran~

1957 4824 2126 4894 quilla
2177 4831 2344 4888 esset,
2407 4823 2499 4878 sed
2561 4823 2681 4896 sine
2733 4822 3003 4878 seditione
3061 4823 3262 4878 durant
3316 4834 3543 4894 propter

1957 4931 2124 4971 unum
2183 4923 2276 4969 aut
2319 4914 2552 4969 alterum
2610 4914 2806 4979 civem,
2857 4915 3013 4984 cujus
3066 4917 3240 4971 virtus
3287 4917 3541 4972 civilibus

1956 5007 2165 5064 morbis
2201 5005 2467 5069 medetur,
2499 5004 2608 5060 Deo
2642 5005 2754 5074 (cui
2786 5005 2960 5061 virtus
2986 5013 3040 5060 et
3075 5006 3317 5075 probitas
3346 5007 3544 5076 placet)

1957 5100 2062 5154 hoc
2094 5101 2374 5168 pratmium
2403 5098 2624 5152 virtutis
2656 5098 2855 5152 cultori
2905 5098 3199 5163 tribuente,
3238 5107 3295 5153 ut
3336 5099 3392 5154 itl
3434 5116 3541 5155 non

1963 5191 2138 5246 solum
2180 5191 2447 5259 seipsum,
2487 5190 2578 5243 sed
2612 5189 2774 5244 etiam
2806 5190 3084 5258 proximos
3113 5190 3351 5258 adjuvet.

2031 5283 2163 5336 Boni
2197 5282 2298 5334 viri
2341 5283 2425 5351 (ut
2461 5281 2745 5350 ﬁguratius
2764 5281 2966 5348 dicam)
2993 5281 3256 5336 columnae
3285 5290 3412 5334 sunt
3446 5295 3541 5348 po-

1959 5377 2148 5444 pulum
2174 5383 2349 5429 totum
2383 5374 2742 5437 sustinentes,
2763 5383 3022 5444 tanquam
3053 5386 3278 5441 magnas
3309 5372 3496 5428 domos
3521 5415 3536 5438 ,

1958 5468 2210 5522 civitates
2244 5474 2299 5521 et
2339 5466 2699 5534 respublicas.

2357 5556 2592 5613 SERMO
2624 5555 2762 5610 xut
2801 5552 3154 5629 [al.oxxu].

2444 5647 2521 5702 De
2550 5648 2746 5703 civibus
2778 5645 3051 5714 improbis.

2031 5741 2188 5812 185
2216 5740 2344 5794 Gen.
2397 5755 2508 5792 nx.
2561 5739 2721 5794 Cives
2769 5736 3130 5791 Sodomorum
3187 5732 3447 5790 seelcrosi
3480 5743 3531 5790 et

1956 5834 2192 5906 improbi
2221 5832 2271 5886 itt
2301 5841 2599 5899 conspectu
2639 5829 2728 5882 Dei
2771 5829 3143 5883 vehementer.

2029 5926 2196 5983 Levii.
2229 5941 2337 5980 χιχ.
2377 5923 2433 5978 lu
2473 5921 2666 5992 pepulo
2696 5928 2788 5974 tuo
2817 5934 2882 5974 ne
2909 5919 3100 5976 dolose
3139 5919 3302 5990 agito.
