3928 6552
491 381 621 452 1111

1770 399 2090 468 ΑΝΤΟΝΙΙ
2138 408 2484 472 ΜΕιιεεΑι

3621 426 3726 492 1112

485 510 637 569 sunt,
665 502 761 574 qui
833 503 988 563 Vobis
1037 509 1368 566 annuntiant
1403 513 1642 570 divinum
1702 532 2012 576 sermonem

2170 524 2342 596 λησαν
2374 525 2505 599 ὗμτν
2545 527 2639 584 τὸν
2663 528 2825 601 λόγον
2867 529 2960 587 τοῦ
2991 527 3265 606 Θεοῦὴῶν
3299 535 3716 612 ἀναθεωροῦντες

478 608 712 663 quorum
753 588 1184 670 centemplantes
1206 604 1645 666 conversationis
1666 613 1874 667 exitum
1902 612 2062 669 fidem

477 684 796 743 imitamini.

548 777 742 837 Parete
771 783 1099 843 ductoribus
1155 792 1375 857 vestris,
1436 793 1715 860 cteedite,
1781 795 1885 865 ipsi
1918 798 2060 853 enim

471 855 703 938 .Vtgilant
728 889 827 944 pro
861 876 1060 934 animis
1091 881 1307 937 vestris.

547 961 718 1020 Nemo
774 967 1014 1024 militans
1072 972 1307 1042 negotiis
1359 989 1458 1044 pro
1516 978 1662 1033 victu
1717 978 2057 1048 implicatur,

483 1062 544 1109 ut
581 1057 628 1109 ci
659 1057 750 1127 qui
786 1074 845 1115 se
877 1061 930 1116 in
963 1062 1205 1118 militiam
1241 1068 1881 1142 at-cersiverit.fplaceat:
1915 1075 2060 1145 quod

475 1144 522 1199 si
545 1147 670 1217 quis
691 1157 888 1218 certet,
913 1169 1020 1208 non
1043 1167 1342 1214 coronatur
1362 1162 1650 1230 continuo,
1683 1163 1790 1221 nisi
1815 1165 2058 1237 legitime

424 1264 436 1288 ι
474 1241 786 1296 certaverit.

541 1327 728 1386 Videte
771 1348 841 1388 ne
886 1335 1129 1405 perdatis
1172 1354 1235 1395 ea
1280 1342 1396 1411 ipsa
1428 1359 1547 1415 qua:
1579 1345 1909 1418 perfecistis,
1963 1355 2058 1412 sed

469 1425 530 1473 ut
569 1419 782 1488 plenam
814 1425 1116 1480 mercedem
1155 1428 1459 1498 accipiatis.

540 1507 602 1565 S.
635 1509 846 1567 Basilii.
875 1512 1125 1570 Certator
1149 1519 1347 1584 bonus,
1379 1523 1470 1591 qui
1510 1528 1678 1582 semel
1733 1528 1800 1584 ad
1832 1531 2054 1600 pietatis

467 1603 806 1656 curriculum
839 1614 1039 1663 exutus
1100 1617 1204 1673 est,
1243 1610 1458 1670 fortiter
1505 1627 1560 1673 et
1589 1635 1852 1690 generose
1911 1623 2056 1681 ferre

467 1692 632 1748 debet
655 1694 798 1752 ictus
864 1699 1338 1772 adversariorum,
1369 1721 1468 1778 spe
1502 1725 1833 1769 coronarum
1879 1716 2054 1790 laudis

463 1783 850 1872 adipiscenuim.
889 1791 1100 1848 Etenim
1124 1794 1176 1849 in
1211 1801 1477 1868 gymnicis
1511 1805 1906 1864 certaminibus
1956 1783 2048 1879 qui

2169 619 2270 686 τὴν
2323 618 2556 675 ἔκϐασιν
2603 621 2705 692 τῆς
2762 623 3160 699 ἀναστροφῆς,
3196 630 3460 700 μιμεῖσθε
3513 633 3610 706 τήν
3653 636 3721 688 πί-

2170 722 2287 762 στιν

2241 805 2506 862 Πείθεσθε
2559 811 2674 874 τοϊς
2732 810 3058 883 ήγουμένοις
3107 815 3285 883 ὑμῶν,
3319 815 3418 870 καὶ
3457 814 3720 875 ὑπείκετε·

2166 896 2322 950 αὐτοὶ
2353 897 2465 969 γάρ
2498 901 2881 970 ἀγρυπνοῦσιν
2913 903 3056 975 ὑπὲρ
3090 906 3199 960 τῶν
3228 907 3423 979 ψυχῶν
3466 909 3636 982 ὑμῶν.

2236 983 2430 1052 Οὐδεὶς
2465 991 2900 1063 στρατευόμενος
2945 993 3288 1065 ἐμπλέκεται
3339 1001 3460 1063 ταῖς
3504 1000 3593 1055 τοῦ
3623 1002 3714 1072 βίου

2165 1081 2606 1149 πραγματείαις,
2638 1084 2729 1137 ἵνα
2761 1086 2837 1154 τῷ
2865 1088 3369 1162 στρατολογήσαντι
3396 1093 3582 1170 Ῐάρέσῃ
3603 1114 3617 1130 ο
3641 1098 3717 1152 liv

2162 1165 2220 1220 δὲ
2272 1169 2365 1223 καὶ
2399 1171 2537 1244 ἀθλῇ
2571 1186 2678 1241 τις,
2711 1177 2772 1230 οὐ
2808 1179 3212 1249 στεφανοῦται,
3245 1184 3347 1239 ἐὰν
3382 1185 3462 1257 μὴ
3491 1165 3714 1260 νομίμως

2161 1259 2401 1336 ἀθλήσῃ.

2230 1353 2470 1412 Βλέπετε
2505 1359 2770 1430 ἑαυτοὺς,
2809 1365 2896 1420 ἵνα
2935 1365 3014 1438 μὴ
3056 1368 3367 1442 ἀπολέσητε
3398 1372 3434 1426 ἃ.
3480 1374 3708 1444 εἰργάσα-

2161 1445 2281 1508 σθε,
2314 1448 2431 1502 ἀλλ’
2457 1450 2544 1506 ἵνα
2581 1453 2775 1523 μισθὸν
2811 1457 2996 1527 πλήρη
3027 1459 3253 1531 λάϐητε.

2229 1537 2335 1594 Τὸν
2378 1542 2690 1617 ἀγωνιστήν
2733 1547 2826 1602 τὸν
2864 1552 3033 1605 καλδν
3063 1552 3212 1621 ἅπαξ
3243 1556 3336 1609 ἐπὶ
3369 1559 3428 1611 τὸ
3460 1560 3558 1627 τῆς
3582 1561 3712 1614 εὐσε-

2157 1630 2313 1696 ϐείας
2360 1633 2578 1690 στάδιον
2616 1638 2979 1710 ἀποδυθέντα,
3013 1646 3200 1717 φέρειν
3233 1647 3313 1702 δεῖ
3338 1649 3600 1719 γενναίως
3628 1654 3710 1716 τὰς

2155 1721 2371 1794 πληγὰς
2400 1725 2510 1779 τῶν
2559 1727 2873 1784 ἀντιπάλων
2915 1733 3089 1789 ἑλπίδι
3129 1737 3226 1806 τῆς
3277 1738 3438 1809 δόξης
3483 1741 3579 1810 τῆς
3617 1743 3708 1795 ἀπὸ

2153 1813 2264 1867 τῶν
2315 1818 2620 1886 στεφάνων.
2651 1820 2760 1877 Καὶ
2794 1824 2905 1896 γὰρ
2937 1826 2998 1878 ὲν
3025 1829 3142 1893 τοῖς
3187 1834 3482 1902 γυμνικοῖς
3524 1832 3707 1902 ἀγῶσιν

463 1880 757 1937 assuefacti
793 1893 924 1940 sunt
945 1887 1214 1955 paizestra:
1246 1891 1546 1960 laboribus,
1581 1914 1689 1953 non
1715 1909 2029 1959 coutrabun

2150 1906 2200 1958 οί
2240 1909 2383 1962 κατὰ
2421 1880 2519 1976 τὰς
2555 1880 2899 1989 παλαίστρας
2941 1922 3056 1983 τοῖς
3099 1880 3285 1984 ξένὀᾆξ
3344 1880 3706 1994 προσεθιισθένο

468 1982 557 2027 tur
593 1975 658 2029 ad
700 1977 939 2038 dolorem
971 1981 1274 2051 plagarum,
1309 1987 1403 2042 sed
1446 1991 1743 2057 cupiditate
1774 1995 2046 2052 laudatio-

461 2060 548 2116 nis
575 2079 696 2133 quae
729 2081 757 2119 a
788 2082 1041 2136 pracone
1071 2071 1153 2139 fit,
1187 2090 1310 2128 cum
1363 2079 1817 2141 coiluctatoribus
1848 2087 2039 2158 pedem

460 2154 593 2209 conf
624 2167 770 2222 runt,
798 2162 1087 2229 prasentia
1115 2167 1298 2223 omnia
1326 2168 1712 2242 despicientes.

527 2326 782 2390 Vineulis
841 2337 1194 2397 aﬂectiouum
1283 2353 1336 2399 ιι
1396 2351 1866 2416 perturbationum
1918 2355 2044 2410 vita:

455 2426 710 2482 humana:
736 2429 870 2484 solvi
904 2432 1085 2501 debet,
1121 2435 1213 2505 qui
1237 2453 1362 2492 vere
1392 2437 1557 2494 Deum
1575 2443 1728 2512 sequi
1757 2458 1824 2500 ex
1855 2448 2042 2504 animo

454 2521 721 2588 decrevit,
766 2521 816 2577 id
842 2526 988 2594 quod
1038 2540 1134 2596 per
1169 2543 1446 2584 secessum
1500 2534 1660 2600 piune
1733 2536 2032 2606 perfectum

452 2621 508 2667 et
536 2623 776 2669 veterum
809 2631 1023 2672 morum
1062 2617 1392 2676 oblivionem
1430 2632 1574 2680 recte
1611 2639 1872 2695 paratur;
1910 2647 2036 2687 nam

451 2707 562 2761 nisi
611 2717 724 2762 eta
773 2712 1105 2781 cognatione
1163 2715 1678 2788 prepiuquitateque
1723 2723 1954 2788 carnali,
1983 2733 2037 2778 et

451 2797 576 2853 vita:
605 2802 1002 2857 communione
1035 2819 1133 2860 uos
1157 2807 1305 2876 ipsos
1338 2809 1854 2879 abalienaverimus,
1877 2818 2031 2885 quasi

449 2887 504 2942 in
553 2889 785 2944 alterum
811 2892 1102 2961 quemdam
1136 2897 1398 2950 mundum
1421 2901 1812 2959 exercitatione
1841 2915 1894 2960 et
1922 2923 2036 2962 me-

444 2979 715 3037 ditatione
762 2983 1085 3055 migrantes,
1112 2986 1233 3058 ejus
1261 2991 1553 3046 consilium
1589 3009 1900 3066 sequentes,
1940 3004 2032 3071 qui

443 3067 584 3125 dixit
618 3088 632 3124 :
673 3090 693 3124 ο
734 3073 930 3130 Nostra
959 3086 1141 3132 autem
1171 3084 1516 3136 conversatio
1561 3084 1613 3138 in
1647 3088 1801 3144 cmlis
1855 3099 1956 3157 est,
2003 3109 2021 3144 ι

444 3163 669 3218 omnino
700 3163 819 3220 fieri
862 3168 1072 3237 nequit,
1101 3180 1160 3225 ut
1182 3176 1545 3247 scopum,qui
1577 3189 1660 3233 est
1692 3180 1798 3237 ileo
1826 3185 2032 3252 gratiﬁ-

439 3253 620 3323 candi,
663 3255 1193 3328 attingamus:cum
1249 3267 1514 3325 Dominus
1578 3271 1799 3329 definite
1867 3277 2026 3332 dixe-

437 3342 514 3397 rit
546 3359 560 3397 :
594 3361 615 3396 ι
653 3346 978 3419 Quicunque
1018 3366 1085 3406 ex
1136 3353 1292 3410 vobis
1321 3372 1428 3412 non
1459 3361 1642 3416 valere
1662 3363 1818 3431 jubet
1842 3366 2025 3422 omnia

439 3449 559 3497 sua,
589 3451 696 3492 non
729 3448 909 3508 potest
938 3457 1061 3498 esse
1085 3443 1388 3517 discipulus
1417 3466 1588 3507 meus.
1628 3473 1648 3506 ι

510 3526 609 3583 Est
641 3539 822 3586 autem
855 3541 1133 3602 postrema
1171 3539 1433 3597 salutatio
1467 3545 1733 3601 bonorum
1771 3565 1800 3603 e
1860 3553 2026 3609 corde

435 3620 700 3689 profecta,
729 3638 853 3678 eum
887 3626 954 3680 ad
1019 3629 1295 3686 cmlestem
1345 3634 1510 3706 188
1552 3642 2024 3700 conversationem

434 3720 491 3767 et
521 3713 1054 3772 administrationem
1085 3735 1144 3774 se
1174 3725 1468 3780 convertit.

507 3802 912 3860 Continentiam
938 3809 1175 3868 dicimus
1197 3829 1310 3868 non
1347 3818 1573 3874 omnino
1607 3823 1786 3878 omnis
1807 3826 2022 3894 generis

435 3892 684 3948 ciborum
749 3896 1136 3954 abstinentiam
1194 3903 1334 3972 (haec
1377 3907 1520 3961 enim
1553 3921 1636 3965 est
1671 3892 1905 3970 violenta
1939 3918 2020 3972 \i-

431 3994 500 4038 ιω
523 3984 856 4060 dissolutio),
881 3990 975 4047 sed
997 4010 1117 4050 eam
1139 3996 1404 4054 duntaxat
1424 4016 1544 4071 qua:
1571 4007 1826 4074 puritatis
1851 4024 2019 4068 causa

431 4075 755 4147 suscipitur.
1542 4091 1546 4095 ’

499 4165 848 4226 Coutinentia
881 4180 965 4228 est
1000 4178 1204 4241 peccati
1265 4178 1548 4252 detractio,
1607 4189 1676 4242 ab
1732 4190 2015 4252 aﬂertibus

428 4259 783 4332 abalienatio,
825 4269 1072 4337 corporis
1095 4272 1394 4332 exstinctio
1417 4294 1591 4350 usque
1619 4282 1685 4337 ad
1720 4287 2015 4354 perturba-

427 4353 605 4410 tiones
634 4356 797 4412 etiam
823 4361 1105 4417 naturales
1135 4373 1189 4420 et
1212 4367 1563 4437 cupiditates.

495 4445 814 4505 lnstitutum
843 4461 898 4508 et
938 4455 1156 4524 pietatis
1204 4461 1547 4530 propositum
1605 4481 1712 4520 non
1747 4470 2008 4529 debemus

422 4537 741 4596 existimare
778 4545 871 4598 otii
897 4555 1218 4614 pratextum
1239 4551 1552 4608 autlaboris
1582 4561 2005 4633 recusationem,

423 4631 518 4685 sed
541 4644 929 4702 argumentum
952 4641 1274 4697 certationis
1297 4653 1352 4697 et
1378 4647 1616 4713 plurium
1646 4650 1916 4717 laborum.
1946 4671 2009 4714 ac

424 4719 481 4774 in
512 4720 902 4780 afﬂictionibus
934 4728 1230 4796 patientiae.

469 4813 579 4868 'Ad
617 4813 764 4871 hunc
787 4818 1008 4874 modum
1066 4814 1158 4878 Dei
1213 4826 1471 4895 templum
1531 4830 1818 4904 eﬂicirnur,
1881 4855 2006 4897 ettm

404 4905 572 4970 curis
601 4907 832 4964 terrenis
867 4915 1148 4970 contentio
1177 4921 1457 4976 memoriae
1493 4933 1754 4995 perpetua
1788 4945 1897 4986 non
1928 4933 2009 4988 iu-

403 4997 806 5068 ‘terrumpitur,
841 5017 964 5059 cum
1018 5010 1597 5085 mensiinexspcmatis
1647 5023 2009 5090 perturbatio-

399 5088 587 5160 fnibus
611 5105 718 5146 non
755 5094 1009 5151 turbatur
1041 5116 1054 5153 :
1090 5101 1185 5156 sed
1219 5103 1337 5160 haec
1385 5109 1568 5163 omnia
1598 5088 1722 5166 cum
1757 5113 2008 5187 eii'ugerit

318 5233 356 5243 ,τ
419 5180 733 5238 divinarum
779 5199 966 5241 rerum
1013 5192 1262 5260 cupidus,
1309 5198 1374 5250 ad
1430 5196 1598 5254 Deum
1649 5206 1825 5273 ipsum
1851 5223 2006 5265 sece-

417 5274 524 5343 dit;
549 5291 613 5332 ac
641 5278 916 5350 depellens
953 5299 1014 5340 ea
1071 5301 1191 5355 quas
1229 5291 1294 5344 ad
1359 5293 1482 5350 vitia
1539 5296 1790 5368 incitant,
1823 5303 1877 5360 in
1939 5306 2006 5360 iis

418 5378 632 5426 tantum
659 5371 983 5432 immoratur
1010 5377 1202 5436 ofﬁciis
1220 5391 1272 5437 et
1291 5389 1631 5459 muneribus,
1651 5408 1771 5465 quae
1797 5395 1863 5450 ad
1896 5397 1999 5452 vir-

420 5468 593 5517 tutem
621 5463 848 5523 ducunt.

487 5552 548 5609 S.
582 5553 812 5624 Iguau'i.
847 5559 904 5614 Si
930 5561 1104 5619 bonos
1145 5575 1200 5620 et
1242 5567 1506 5626 honesms
1565 5580 1779 5631 tantum
1837 5580 2006 5635 disci-
2042 5639 2049 5647 ,

417 5645 574 5713 pulos
599 5646 803 5718 diligis,
835 5653 982 5706 nulla
1007 5656 1103 5710 tibi
1137 5658 1574 5726 gratiadebetur.
1622 5667 1797 5740 Magis
1829 5673 2003 5726 rebel-

415 5738 495 5790 les
539 5737 766 5797 leuitate
820 5751 1054 5804 tractare
1105 5749 1291 5815 debes,
1351 5765 1413 5808 ut
1463 5737 1819 5827 erudiantur;
1895 5782 2002 5820 non

415 5829 561 5883 enim
596 5847 760 5889 omne
788 5839 990 5894 vulnus
1019 5843 1210 5896 eodem
1245 5848 1540 5916 emplastro
1568 5865 1814 5912 curatur.
1865 5857 2001 5913 Exas

415 5922 769 5984 (orbationes
793 5931 1206 6000 perfusionibus
1244 5941 1390 5995 setla.

2150 2019 2241 2067 τες
2279 2007 2340 2058 οὐ
2377 2010 2516 2076 πρὸς
2549 2009 2608 2065 τὸ
2638 2010 2888 2077 ἀλγεινὸν
2932 2016 3316 2071 συστέλλονται
3343 2019 3444 2088 τῆς
3492 2020 3702 2090 πληγῆς,

2147 2095 2265 2148 ἀλλ’
2322 2099 2490 2168 ὁμόσε
2573 2101 2813 2175 χωροῦσι
2883 2108 2997 2171 τοῖς
3051 2109 3408 2176 ἀντιπάλοις,
3467 2109 3705 2179 ἐπιθυμία

2149 2187 2215 2260 [ι’.
2245 2191 2546 2262 ἐπιθυμίαν
2579 2193 2663 2268 δὲ]
2701 2196 2801 2267 τήν
2857 2201 2958 2270 τῆς
3005 2201 3366 2274 ἀναρρήσεως
3417 2203 3527 2257 τῶν
3577 2221 3702 2274 παρ·

2152 2283 2580 2342 αυτίκαπάντων
2609 2289 3017 2362 ὑπερορῶντες.

2215 2375 2462 2448 Λυθῆναι
2505 2380 2588 2434 δεῖ
2641 2382 2753 2438 τῶν
2793 2383 3011 2455 δεσμῶν
3061 2387 3158 2457 τῆς
3192 2389 3564 2459 προσπαθείας
3619 2387 3696 2443 τοῦ

2143 2467 2262 2536 βίου
2308 2470 2402 2525 τδν
2444 2473 2716 2544 ἀληθινῶς
2745 2477 2836 2545 τῷ
2853 2479 2971 2550 Θεῷ
3001 2481 3372 2552 άκολουθῆναι
3416 2484 3694 2554 μέλλονταο

2141 2559 2300 2614 τοῦτο
2350 2561 2408 2616 δὲ
2461 2561 2551 2618 διὰ
2599 2567 2901 2633 παντελοῦς
2947 2572 3350 2642 ἀναχωρήσεως
3402 2574 3498 2628 καὶ
3548 2574 3695 2645 λήθης

2138 2653 2248 2707 τῶν
2289 2653 2536 2711 παλαιῶν
2585 2659 2735 2730 ἠθῶν
2769 2663 3173 2735 κατορθοῦται·
3221 2668 3298 2731 ὼς
3332 2668 3380 2722 εί
3416 2669 3491 2739 μὴ
3524 2670 3696 2735 ἀποξεο

2141 2744 2419 2818 νῶσαιμεν
2467 2750 2698 2816 ἑαυτοὺς
2737 2754 2834 2808 καὶ
2885 2758 3212 2825 συγγενείας
3261 2760 3576 2830 σαρκικῆς,
3615 2762 3692 2815 καὶ

2139 2839 2431 2904 κοινωνίας
2464 2842 2604 2913 βίου,
2635 2845 2801 2900 οἱονεὶ
2853 2848 2991 2918 πρὸς
3029 2849 3220 2921 ἕτερον
3255 2854 3464 2922 κόσμον
3493 2854 3576 2908 διὰ
3607 2855 3691 2922 τῆς

2138 2929 2428 3002 ἀσκήσεως
2462 2934 2824 3004 μεταϐάντες,
2863 2941 3008 2998 κατὰ
3055 2943 3148 2995 τὸν
3180 2942 3434 3007 είπόντα,
3458 2962 3477 2995 ι
3518 2941 3689 3014 Ἥμῶν

2137 3021 2194 3075 δὲ
2228 3024 2288 3076 τὸ
2319 3023 2622 3099 πολίτευμα
2671 3032 2728 3083 ὲν
2766 3031 3025 3102 οὐρανοῖς
3075 3031 3340 3106 ὑπάρχει,
3381 3054 3402 3088 ι
3437 3036 3690 3107 ἀμήχανον

2139 3113 2289 3184 ἡμᾶς
2325 3121 2716 3190 περιγενέσθαι
2739 3123 2832 3176 τοῦ
2862 3126 3067 3180 σκοποῦ
3107 3129 3206 3198 τῆς
3251 3129 3388 3197 πρὸς
3431 3128 3559 3182 Θεὸν
3583 3129 3688 3179 εὐα-

2080 3263 2099 3283 ,
2140 3211 2487 3279 ρεστήσεως·
2532 3213 2625 3268 τοῦ
2681 3215 2889 3287 Κυρίου
2953 3221 3252 3290 ὁριστικῶς
3306 3222 3570 3285 εἰπόντος,
3617 3221 3685 3273 ὅτι

2139 3319 2162 3352 τ
2208 3301 2323 3366 Πᾶς
2381 3303 2441 3369 ἐξ
2495 3303 2674 3376 ὑμῶν,
2735 3308 2794 3370 ὅς
2841 3309 2943 3362 οὐκ
2981 3313 3357 3367 ἀποτάσσεται
3401 3315 3512 3377 τοῖς
3539 3310 3681 3370 αὑτοῦ

2132 3392 2496 3465 ὑπάρχουσιν,
2549 3401 2611 3453 οὐ
2655 3400 2882 3456 δύναταί
2914 3421 3016 3474 μου
3050 3402 3195 3461 εἶναι
3241 3407 3512 3480 μαθητής.
3539 3426 3558 3461 ι

2227 3585 2491 3642 Λποταγη
2531 3590 2648 3627 ..στι
2677 3592 2909 3646 καρο.ας
2939 3578 3300 3651 ανθρωπίνης
3337 3581 3473 3652 πρὸς
3515 3579 3601 3652 τὴν
3627 3580 3677 3634 ἐν

2125 3660 2382 3732 οὐρανοῖς
2428 3666 2712 3723 πολιτείαν
2759 3668 3081 3740 μετάθεσις.

2208 3844 2576 3918 Ἐγκράτειαν
2596 3847 2841 3921 ,λέγομεν
2879 3853 2942 3908 οὐ
2975 3851 3195 3918 πάντως
3227 3855 3328 3928 τὴν
3372 3854 3452 3921 είς
3475 3854 3530 3909 τὸ
3559 3870 3677 3908 παν-

2121 3936 2280 4000 τελὲς
2321 3939 2538 4012 ἀποχὴν
2586 3943 2696 3996 τῶν
2727 3945 3062 4017 βρωμάτων,
3094 3948 3252 4002 τοῦτο
3285 3950 3396 4020 γὰρ
3441 3948 3579 4020 βιαία
3603 3949 3674 4011 τίς

2121 4029 2236 4082 ἐστι
2266 4030 2511 4096 διάλυσις
2532 4036 2630 4106 τῆς
2657 4036 2822 4109 ζωῆς,
2858 4039 2996 4095 ἀλλὰ
3027 4044 3126 4113 τήν
3165 4041 3259 4094 ἐπὶ
3284 4041 3564 4115 καθάρσει.

2201 4207 2529 4280 Ἐγκράτειά
2583 4211 2731 4267 ἔστιν
2782 4213 3063 4286 ἁμαρτίας
3116 4217 3448 4290 ἀναίρεσις,
3499 4217 3670 4272 παθῶν

2117 4295 2483 4369 άλλοτρίωσις
2511 4341 2527 4368 ,
2563 4303 2816 4375 σώματος
2866 4309 3134 4379 νέκρωσις
3171 4313 3338 4382 μέχρι
3391 4313 3483 4366 καὶ
3513 4311 3672 4365 αὐτῶν

2113 4389 2225 4444 τῶν
2253 4393 2502 4460 φυσικῶν
2532 4396 2878 4466 παθημάτων
2903 4417 2964 4454 τε
2992 4403 3087 4456 καὶ
3112 4404 3445 4475 ἐπιθυμιῶν.

2185 4482 2259 4536 Οὐ
2301 4484 2578 4555 πρόφασιν
2617 4488 2839 4559 ἀργίας,
2869 4492 2990 4546 οὐδὲ
3039 4495 3332 4568 ἀποφυγήν
3382 4498 3556 4563 πόνου,
3588 4498 3671 4552 τὸν

2044 4615 2086 4670 D
2115 4579 2214 4649 τῆς
2261 4581 2550 4648 εὐσεϐείας
2585 4584 2789 4639 σκοπὸν
2819 4587 3072 4656 ήγετσθαι
3111 4588 3257 4660 χρή,
3292 4588 3410 4644 ἀλλ’
3435 4589 3669 4644 ὑπόθεσιν

2113 4670 2417 4743 ἀθλήσεως,
2452 4675 2548 4730 καὶ
2581 4675 2760 4732 πόνων
2791 4682 3242 4751 περισσοτέρων,
3276 4684 3373 4738 καὶ
3415 4683 3669 4754 ὑπομονῆς

2111 4762 2208 4835 τῆς
2235 4765 2292 4816 ὲν
2319 4764 2584 4836 θλίψεσιν.

2179 4856 2337 4912 Οὕτω
2363 4860 2625 4932 γινόμεθα
2655 4861 2783 4928 ναὸς
2815 4864 2973 4933 Θεοῦ,
3007 4867 3136 4922 ὅταν
3177 4868 3257 4940 μὴ
3290 4869 3530 4941 φροντίσι
3554 4868 3664 4937 mi-

2108 4969 2228 5015 ναις
2261 4952 2321 5006 τὸ
2346 4955 2572 5026 συνεχὲς
2607 4957 2707 5029 τῆς
2741 4960 2966 5030 μνήμης
3006 4961 3397 5034 διακόπτηται·
3437 4964 3556 5018 ὅταν
3594 4961 3662 5032 μὴ

2108 5045 2220 5106 τοῖς
2253 5045 2688 5120 ἀπροσδοκήτοις
2745 5052 2980 5107 πάθεσιν
3019 5053 3048 5106 ὁ
3084 5052 3211 5118 νοῦς
3259 5055 3662 5125 ὲκταράττηται,

2107 5135 2244 5189 ἀλλὰ
2277 5141 2457 5194 πάντα
2509 5142 2698 5210 φυγὼν
2729 5143 2756 5195 ὁ
2803 5144 3076 5214 φιλόθεος,
3124 5147 3219 5201 ἐπὶ
3262 5148 3357 5202 τὸν
3391 5149 3518 5203 Θεὸν
3545 5148 3664 5201 ἀνι·

2107 5233 2302 5302 χωρῇ,
2346 5234 2442 5288 καὶ
2479 5236 2784 5302 ἐξελαύνων
2841 5240 2912 5295 τά
2966 5240 3106 5311 πρὸς
3159 5243 3400 5309 κακίαν,
3440 5245 3547 5306 τοῖς
3592 5242 3664 5302 εὶς

2108 5318 2309 5392 ἀρετὴν
2342 5323 2567 5394 ἄγουσιν
2596 5330 3030 5404 ἐπιτηδεύμασιν
3063 5335 3404 5410 ἐνδιατρίϐῃ.

2181 5590 2392 5651 Καλοὺς
2427 5591 2678 5662 μαθητὰς
2710 5595 2806 5648 ἐάν
2851 5596 3037 5670 φιλῇς,
3071 5600 3236 5672 χάρις
3285 5621 3368 5658 σοι
3397 5605 3492 5659 οὐκ
3520 5603 3619 5658 ἔστι
3644 5617 3658 5643 ε

2110 5683 2314 5754 μᾶλλον
2349 5685 2475 5748 τοὺς
2519 5686 2949 5759 ἀπειθεστέρους
2980 5693 3040 5745 ὲν
3077 5696 3353 5770 πραΰτητι
3383 5699 3652 5754 ὑπότασσε.

2105 5777 2191 5850 ΟΣ).
2218 5778 2327 5830 πᾶν
2355 5777 2578 5847 τραῦμα
2623 5782 2689 5850 τῇ
2744 5782 2884 5854 αὐτῇ
2921 5787 3259 5862 ἐμπλάστρῳ
3300 5791 3656 5865 θεραπεύεται.

2107 5872 2245 5939 Ἰὀῦς
2285 5873 2673 5946 παροξυσμοὺς
2704 5874 3007 5951 ὲμὸροχοιῖς
3033 5882 3192 5940 παῦε.
