3928 6558
176 455 312 522 1113

907 453 1077 514 LOtIl
1119 445 1558 514 COMMUNES.
1590 474 1659 484 -
1699 449 1892 512 P-tllS
1934 453 2015 514 ῐῐ.
2057 451 2317 510 SERMO
2355 451 2577 518 XLIII.

3293 451 3428 518 illi

251 561 722 634 Ὕπιτασσώμιθα
753 562 850 615 καὶ
887 561 1027 632 Θεῷ,
1059 563 1155 616 καὶ
1186 560 1463 632 ἀλλήλοις,
1496 561 1592 613 καὶ
1625 562 1740 615 τοῖς

1923 563 2584 634 Tlt‘eofogl.Subjici’amut‘
2624 566 2740 618 tum
2782 562 3045 628 Deo,tum
3093 563 3250 618 nobis
3298 566 3432 619 luvi-

173 659 263 713 ktl
315 657 416 727 γῆς
451 655 702 725 ἄρχουσιο
731 653 851 723 Θεῷ
886 653 973 706 διὰ
1002 654 1200 708 πάντα“
1232 652 1322 706 διὰ
1355 652 1452 723 τὴν
1497 651 1744 720 φιλαδελ-

173 753 302 822 φίαν
330 749 582 818 ἀλλήλοις
604 763 620 779 °
655 747 723 799 δι’
755 745 1010 810 εὐταξίαν
1055 749 1164 810 τοῖς
1200 745 1430 815 ἄρχουσι
1457 759 1472 775 ⁸
1519 746 1614 797 καὶ
1655 761 1744 796 τοο

176 844 366 897 σοῦτον
400 842 626 912 μᾶλλον,
657 841 882 911 ὅσῳπερ
932 841 997 894 ἂν
1053 834 1185 892 ὦσιν
1245 839 1595 909 ἡμερώτεροι
1649 836 1741 890 καὶ

173 935 536 1006 χρηστότεροι
567 932 761 1004 (δεινὸν
797 935 905 1002 γὰρ
961 932 1264 985 ἐπιείκειαν
1299 931 1610 998 δαπανῆσαι
1658 927 1736 999 τῷ

175 1029 390 1097 συνεχεῖ
419 1028 518 1094 τῆς
557 1026 935 1096 συγγνώμης).
971 1025 1058 1077 ἵνα
1109 1023 1184 1094 μή
1231 1025 1327 1077 καὶ
1369 1025 1472 1093 τῆς
1520 1023 1747 1076 ἐκείνων

173 1121 511 1192 τραχύτητος
536 1118 858 1182 αὖτοὶδίκας
883 1117 1298 1188 ἀπαιτηθῶμεν,
1321 1118 1562 1185 γαλήνην
1582 1115 1748 1169 πνεύ-

175 1209 624 1279 ματιλὺσαντες,
679 1211 773 1263 καὶ
825 1211 962 1278 φωτὶ
1025 1207 1189 1278 ζόφον
1235 1208 1535 1276 ἐπάγοντες
1572 1246 1588 1271 ,
1652 1209 1748 1261 καὶ

173 1301 353 1370 μέλιτι
389 1300 826 1371 καταμιγνύντες
862 1300 1135 1370 ἀψίνθιον.

241 1482 306 1536 Ol
344 1482 556 1552 κόσμου
585 1481 913 1552 χωρίζοντες
962 1479 1192 1545 ἑαυτοὺς
1214 1521 1230 1546 ,
1263 1481 1360 1534 καὶ
1409 1481 1508 1551 τὴν
1540 1479 1749 1552 ἔρημον

171 1569 570 1640 ἀσπαζόμενοι,
609 1570 746 1634 ζῶσι
777 1569 918 1640 Θεῷ,
968 1574 1186 1626 πάντων
1239 1570 1443 1638 μᾶλλον
1475 1571 1749 1641 τρεφομέο

171 1678 275 1712 νων
299 1662 360 1712 ἐν
393 1660 609 1732 σώματι
637 1677 649 1690 ·
678 1662 728 1714 oi
777 1661 937 1730 μόνον
966 1663 1055 1713 τὶν
1087 1661 1266 1730 πάντη
1307 1661 1604 1730 μοναδικὸν
1635 1660 1750 1715 δια-

171 1752 433 1816 θλοῦντες
458 1752 630 1822 ζβίον,
663 1753 878 1816 ἑαυτοῖς
921 1739 1104 1821 μόνοις
1142 1752 1586 1822 προσλαλοῦντες
1644 1755 1742 1806 καὶ

169 1843 245 1911 τῷ
269 1843 420 1912 Θεῷ,
444 1845 542 1897 καὶ
569 1842 730 1896 τοῦτο
757 1844 917 1914 μόνον
948 1844 1157 1914 κόσμου
1191 1844 1413 1908 εἰδότες,
1441 1846 1564 1898 ὅσον
1593 1845 1650 1898 ἐν
1680 1847 1744 1915 τῇ

169 1935 386 2006 ἐρημίᾳ
413 1935 764 2004 γνωρίζουσι·
797 1937 912 1999 τοῖς
952 1937 1052 2007 μὲν
1082 1937 1269 1999 ἄλλοις
1298 1937 1624 2008 τεθνηκότες
1661 1939 1753 1991 ἀν-

171 2024 444 2094 θρώποις,
487 2027 582 2078 καὶ
613 2028 966 2096 πράγμασιν,
995 2028 1097 2082 ὅσα
1141 2031 1200 2082 ιν
1236 2029 1386 2099 μὲσῳ
1433 2030 1749 2099 στρέφεται,

174 2116 513 2186 στροδοῦντά
545 2134 604 2170 τε
634 2119 728 2172 καὶ
773 2119 1166 2188 στροϐούμενα.
1195 2119 1291 2174 καὶ
1325 2119 1586 2185 παίζοντα
1609 2123 1754 2192 ἡμᾶς

171 2209 289 2269 ταῖς
353 2207 742 2278 ἀγχιστρόφοις
823 2209 1191 2279 μεταϐολαῖςο
1247 2210 1504 2278 ἀλλήλοις
1553 2211 1610 2263 δὲ
1663 2213 1754 2264 κό-

175 2315 311 2367 σμος
369 2299 553 2368 ὄντες,
589 2301 684 2356 καὶ
723 2303 791 2372 τῇ
850 2302 1151 2370 παραθέσει
1208 2306 1276 2374 τῇ
1327 2303 1495 2374 ἀρετῇ
1555 2302 1750 2373 θήγον-

171 2408 282 2455 τις.

240 2487 320 2539 re
363 2487 620 2555 μονάζειν
662 2488 722 2540 ἐν
771 2489 836 2557 τῇ
887 2487 1183 2558 εὐσταθείᾳ.
1229 2487 1325 2540 τοῦ
1375 2486 1582 2559 τρόπου
1616 2489 1753 2558 μᾶλ-

171 2577 260 2630 λον
319 2576 358 2646 ἦ
394 2579 460 2648 τῇ
503 2577 598 2631 τοῦ
652 2577 908 2650 σώματος
949 2580 1300 2650 ἀναχωρήσει
1351 2581 1756 2651 χαρακτηρίζε-

170 2682 284 2724 ται.

249 2763 427 2833 Ὁρᾷς
469 2763 597 2827 τοὺς
650 2761 840 2826 ἀϐίους
905 2763 1137 2826 τούτους
1195 2762 1291 2817 καὶ
1335 2763 1625 2828 ἀνεστίους
1657 2764 1754 2819 καὶ

174 2853 478 2923 ἀσάρκους,
512 2855 742 2924 μικροὺς
781 2855 877 2908 καὶ
936 2856 1261 2924 ἀναίμονας,
1322 2856 1416 2909 καὶ
1455 2855 1576 2926 Θέᾦ
1609 2857 1755 2910 κατά

171 2943 340 2996 τοῦτο
397 2941 824 3014 πλησιάζοντας,
875 2945 1004 3008 τοὺς
1039 2946 1454 3011 ἀνιπτόποδας,
1506 2949 1604 3000 καὶ
1655 2964 1754 3018 χα-

175 3035 472 3104 μαιεύνας,
503 3037 632 3100 τοὺς
679 3036 830 3090 κάτω
891 3037 988 3090 καὶ
1037 3037 1177 3107 ὑπὲρ
1225 3036 1294 3090 τὰ
1328 3038 1501 3100 κάτω,
1529 3037 1657 3102 τοὺς
1696 3041 1754 3091 ιν

170 3125 490 3195 ἀνθρώποις
520 3128 615 3180 καὶ
641 3127 784 3198 ὑπὲρ
810 3127 880 3181 τὰ
907 3127 1248 3198 ἀνθρώπινα,
1276 3129 1404 3193 τοὺς
1435 3129 1756 3198 δεδεμένους

171 3217 264 3270 καὶ
298 3217 650 3315 ἐλευθέρους,
709 3219 838 3284 τοὺς
879 3221 1327 3292 κεκρατημένους
1380 3223 1474 3277 καὶ
1506 3224 1748 3315 ἀκρατῆ·
1780 3256 1824 3315 c

171 3322 320 3369 sou,“
356 3301 432 3359 ὧν
467 3309 616 3363 οὐδὲν
666 3312 724 3363 ὲν
776 3312 990 3382 κόσμῳ,
1046 3317 1140 3365 καὶ
1173 3313 1350 3365 πάντα
1391 3316 1458 3366 τὰ
1488 3311 1630 3382 ὑπὲρ
1658 3312 1753 3367 κό-

172 3409 337 3465 σμον·
389 3390 466 3449 ὢν
490 3396 712 3451 διπλοῦν
747 3399 806 3452 τὸ
840 3397 964 3471 ζῇν,
991 3400 1050 3454 τὸ
1079 3400 1179 3470 μὲν
1209 3401 1658 3473 ὑπερορώμενον,
1690 3405 1753 3458 τὸ

170 3488 226 3540 δὲ
278 3488 729 3558 σπουδαζόμενον
753 3508 768 3523 ·
809 3493 938 3555 τοὺς
965 3492 1055 3547 διὰ
1090 3494 1191 3562 τὴν
1231 3493 1502 3566 νέκρωσιν
1547 3497 1753 3552 ἀθανά-

168 3595 318 3642 τους.
349 3580 474 3642 τοὺς
506 3582 596 3634 διὰ
644 3581 799 3636 λύσιν
858 3582 978 3653 Θεῷ
1019 3586 1428 3654 συνημμένους,
1474 3587 1604 3652 τοὺς
1647 3587 1752 3654 ἔξω

171 3670 365 3736 πόθου,
401 3674 497 3722 καὶ
532 3657 670 3741 μετὰ
711 3671 858 3725 θείου
908 3675 1002 3726 καὶ
1047 3674 1294 3738 ἀπαθοῦς
1330 3675 1554 3746 ἔρωτος·
1595 3672 1672 3732 ὧν
1696 3679 1750 3732 αί

170 3763 354 3831 πηγαὶ
395 3762 490 3815 τοῦ
529 3764 730 3832 φωτὸς,
786 3766 884 3818 καὶ
942 3758 1018 3820 ὧν
1063 3766 1165 3836 ήδη
1198 3767 1265 3820 τὰ
1295 3768 1747 3840 ἀπαυγάσματα·

167 3845 244 3907 ὧν
282 3855 345 3908 αἱ
386 3855 680 3924 ἀγγελικαὶ
725 3855 1058 3926 ψαλμῳδίαι,
1089 3859 1184 3911 καὶ
1231 3859 1286 3912 αἱ
1333 3860 1590 3930 πάννυχοι
1619 3861 1749 3914 στά-

173 3961 310 4010 σεις,
352 3946 452 3999 καὶ
498 3947 530 4016 ὴ
584 3945 675 3998 τοῦ
727 3945 820 4000 νοῦ
864 3947 998 4018 πρὸς
1029 3948 1162 4001 Θεὸν
1195 3949 1432 4020 ὲκδημία
1462 3968 1751 4021 προαρπα-

171 4036 440 4108 ζομένου·
491 4033 568 4092 ὧν
604 4039 637 4108 ἡ
673 4038 943 4110 κάθαρσις
968 4079 984 4106 ,
1033 4039 1130 4092 καὶ
1162 4033 1236 4092 ὧν
1268 4040 1331 4094 τὸ
1364 4039 1746 4112 καθαίρεσθαι.

241 4219 318 4271 Τὸ
349 4216 664 4286 φιλοσοφεῖν
698 4218 824 4270 ὅσον
861 4218 1143 4287 μέγιστον,
1169 4217 1428 4293 τοσοῦτον
1456 4221 1551 4274 καὶ
1587 4221 1719 4292 χαλε
1738 4250 1750 4262 -

172 4309 448 4380 πώτερον,
489 4309 588 4363 καὶ
611 4310 672 4364 οὐ
705 4309 920 4362 πολλῶν
963 4311 1024 4363 τὸ
1072 4310 1405 4380 ἐγχείρημα,
1442 4311 1474 4382 ἢ
1507 4312 1614 4366 τῶν
1645 4314 1749 4367 ὑπὸ

171 4400 273 4472 τῆς
313 4401 471 4464 θείας
506 4400 866 4471 κεκλημένων
914 4401 1298 4469 μεγαλονοίας,
1339 4404 1373 4474 ἡ
1411 4405 1524 4467 τοῖς
1575 4420 1750 4478 προῃ-

174 4495 444 4564 ρημένοις
471 4493 655 4557 καλῶς
694 4495 855 4564 χεῖρα
888 4493 1124 4548 δίδωσιν.

1856 669 2006 721 cem;
2036 665 2148 710 tum
2189 656 2274 710 his
2301 656 2461 727 quiin
2480 667 2621 710 terra
2653 663 2972 719 potestatem
3007 666 3221 724 gerunt,
3244 672 3306 710 ac
3327 657 3434 710 Deo

1857 747 2075 817 quidem
2101 746 2587 812 onmibusmodis;
2619 747 2850 804 invicem
2888 757 3105 816 propter
3132 750 3430 801 fraternam

1860 834 2178 891 t'ltat'itatem
2207 845 2260 890 et
2290 837 2638 901 societatem;
2667 835 3072 906 magistratibus
3099 846 3320 906 propter
3349 852 3437 890 or.

1860 928 2001 983 diuis
2031 929 2521 992 conservationem,
2543 941 2716 998 eoque
2747 928 2943 996 magis,
2973 927 3019 981 si
3053 927 3256 982 fuerint
3284 944 3436 983 nian-

1858 1020 2126 1073 sueliores
2152 1030 2207 1074 et
2233 1021 2599 1091 benigniores.
2630 1021 2964 1089 (Improbum
2990 1021 3134 1075 enim
3159 1029 3241 1074 est
3268 1021 3440 1089 tequi-

1860 1120 2022 1164 tatem
2056 1126 2383 1167 consumere
2407 1122 2673 1183 perpetuo
2703 1112 3063 1188 ignoscendo)
3096 1122 3154 1167 ut
3179 1128 3244 1166 ne
3268 1118 3432 1166 etiam

1857 1203 2072 1257 illorum
2106 1203 2414 1271 asperitatis
2437 1204 2539 1273 ipsi
2573 1219 2762 1273 pinnas
2805 1206 3036 1270 luamus,
3073 1205 3437 1275 tranquillita-

1859 1302 1964 1348 tem
2003 1294 2249 1348 immisso
2272 1305 2432 1351 vento
2453 1297 2747 1360 solventes,
2783 1307 2839 1352 et
2873 1300 2979 1353 luci
3034 1300 3316 1354 teneliram
3349 1301 3434 1352 iu-

1861 1388 2208 1452 ducentes,et
2225 1389 2382 1444 melle
2404 1389 2819 1445 commiscenles
2838 1391 3192 1446 absinthium.

1932 1480 2034 1546 Qui
2063 1479 2230 1550 seipsi
2284 1495 2312 1533 a
2351 1482 2556 1535 mundo
2604 1493 2947 1548 separarum,
2980 1490 3035 1536 et
3084 1481 3430 1536 solitud'nem

1864 1575 2286 1640 amplectuntur,
2319 1573 2426 1627 Deo
2490 1574 2696 1636 vivunt,
2750 1572 2998 1628 omnium
3051 1578 3282 1626 maxime
3338 1572 3432 1642 qui

1862 1677 2092 1729 corpore
2118 1665 2335 1718 aluntur
2360 1682 2375 1717 :
2397 1665 2488 1733 qui
2518 1667 2862 1719 solummodo
2887 1679 3110 1734 prorsus
3131 1665 3428 1718 solitariam

1863 1753 2210 1822 p-zel‘ereutes
2237 1757 2398 1809 vitam
2431 1759 2614 1810 secum
2647 1765 2698 1810 et
2731 1772 2853 1811 cum
2883 1757 2991 1811 Deo
3017 1759 3427 1826 colloquuntur,

1859 1846 1987 1900 illud
2021 1855 2230 1901 tantum
2259 1848 2326 1903 de
2359 1849 2563 1903 mundo
2611 1857 3023 1918 cegnoscentes,
3077 1861 3340 1918 quantum
3377 1851 3429 1903 iu

1860 1939 1976 2007 ipsa
2001 1940 2298 1994 solitudine
2341 1952 2668 2010 agnoscunt,
2698 1941 2818 1994 aliis
2851 1941 3068 2011 quidem
3102 1944 3299 1994 mortui
3335 1943 3433 1994 lto-

1864 2031 2122 2095 miuibus,
2159 2041 2211 2086 et
2239 2033 2404 2088 rebus
2431 2048 2550 2103 qua:
2574 2034 2626 2088 in
2661 2034 2841 2088 medio
2888 2034 3168 2087 hominum
3212 2049 3433 2088 versan-

1858 2133 1946 2178 tur
1973 2133 2083 2179 tum
2111 2125 2547 2194 agitantes,'tum
2579 2127 2796 2195 agitata:
2828 2127 2881 2180 in
2925 2141 3144 2179 omnem
3199 2139 3429 2195 partem,

1858 2224 1970 2270 tum
2005 2230 2106 2272 nos
2135 2217 2481 2274 ludiﬁcantes
2514 2217 2844 2273 volubilibus
2871 2219 3258 2273 mutationibus
3285 2237 3298 2272 :
3327 2219 3431 2272 sibi

1857 2303 2089 2360 invicem
2135 2321 2266 2362 vero
2324 2308 2567 2364 mundus
2620 2316 2768 2373 sunt,
2818 2316 2876 2364 et
2909 2319 3095 2363 mutua
3145 2310 3433 2364 collatione

1855 2395 2107 2450 virtutem
2139 2407 2365 2452 acuunt.

1927 2485 2113 2541 Solum
2141 2503 2282 2553 esse,
2314 2505 2523 2543 morum
2555 2490 2727 2561 magis
2755 2492 3056 2544 constantia
3085 2491 3245 2561 139
3267 2507 3430 2560 quam

1856 2579 2102 2648 corporis
2136 2596 2353 2636 secessu
2387 2580 2656 2636 formatur
2684 2599 2746 2638 ae
2771 2583 3119 2650 exprimitur.

1937 2761 2100 2818 Vides
2135 2764 2269 2817 istos
2302 2760 2496 2832 opibus
2543 2770 2599 2818 et
2651 2761 2904 2818 domibus
2929 2771 3197 2823 carentes.
3235 2775 3428 2817 excar-

1857 2869 1978 2919 ncs,
2011 2852 2184 2908 exiles
2212 2861 2267 2907 et
2309 2868 2639 2924 exsangues,
2692 2853 2855 2907 etiam
2909 2853 3018 2907 Deo
3065 2853 3168 2908 hac
3218 2853 3426 2908 ratione

1853 2947 2378 3016 appropinquantes,
2405 2945 2570 3000 illotis
2599 2945 2828 3014 pedibus
2861 2955 2914 3000 et
2945 2945 3093 2999 humi
3123 2946 3422 3002 cubantes:

1856 3037 1950 3108 qui
1978 3037 2118 3092 infra
2153 3053 2275 3092 cum
2313 3039 2447 3100 sint,
2478 3038 2735 3093 inferiora
2764 3047 3045 3107 superant,
3083 3049 3138 3092 et
3167 3039 3308 3093 inter
3334 3039 3426 3093 lto-

1854 3131 2031 3186 mines
2055 3145 2218 3200 supra
2239 3130 2528 3184 humanam
2559 3129 2924 3185 conditionem
2954 3140 3104 3196 sunt,
3128 3133 3334 3186 vinctos
3371 3139 3425 3188 ct
3501 3115 3504 3120 I

1855 3219 2088 3283 liberos;
2121 3220 2371 3274 detentos
2430 3226 2486 3272 et
2515 3229 2694 3273 tamen
2731 3234 2840 3272 non
2874 3219 3081 3286 teneri;
3111 3235 3340 3289 quorum
3372 3221 3424 3273 in

1858 3311 2062 3365 mundo
2083 3309 2219 3364 nihil
2249 3318 2352 3374 est,
2371 3317 2425 3364 et
2447 3293 2630 3364 omnia
2664 3323 2830 3380 supra
2861 3311 3122 3364 mundum
3147 3325 3163 3376 ;
3191 3324 3424 3379 quorum

1854 3403 2050 3471 duplex
2109 3409 2195 3457 est
2234 3401 2370 3469 vita,
2427 3416 2534 3455 una
2577 3417 2697 3470 quae
2753 3400 3067 3470 despicitur,
3099 3401 3268 3456 altera
3303 3413 3424 3470 qua:

1853 3492 2159 3562 appetitur;
2192 3491 2283 3560 qui
2317 3504 2413 3559 per
2439 3489 2916 3544 mortiﬁcationem
2963 3499 3093 3546 sunt
3135 3490 3425 3544 immorta-

1855 3582 1974 3649 les;
2009 3582 2100 3651 qui
2137 3597 2234 3652 per
2262 3582 2589 3637 solutionem
2617 3580 2726 3636 Deo
2761 3581 2999 3650 copulati
3026 3591 3078 3635 et
3109 3582 3219 3651 apti
3251 3591 3421 3648 sunt;

1853 3676 1944 3744 qui
1967 3681 2156 3730 carent
2183 3675 2386 3730 amoris
2409 3673 2695 3738 desiderio,
2720 3684 2774 3727 et
2813 3674 2868 3727 itt
2903 3672 3088 3726 divino
3119 3683 3173 3727 et
3205 3679 3422 3743 pertur—

1853 3766 2092 3821 bationis
2122 3775 2342 3836 experte
2370 3764 2664 3834 cupidine;
2698 3780 2932 3834 quorum
2967 3775 3095 3819 sunt
3126 3763 3302 3820 forites
3338 3767 3426 3819 lu-

1853 3859 1955 3920 cis,
1979 3868 2030 3912 et
2061 3873 2297 3928 quorum
2324 3856 2437 3927 jam
2464 3867 2594 3913 sunt
2618 3855 3000 3910 irradiationes
3021 3872 3038 3923 δ
3061 3871 3296 3926 quorum
3327 3873 3424 3912 an-

1851 3950 2036 4021 gelicae
2072 3950 2406 4018 psalmodize,
2427 3957 2479 4004 et
2507 3958 2798 4018 pernoctes
2829 3948 3116 4013 stationes,
3145 3957 3197 4002 et
3227 3950 3422 4004 mentis

1851 4042 1916 4096 ad
1969 4042 2134 4096 Deum
2207 4050 2374 4108 raptae
2428 4041 2828 4111 peregrinatio;
2891 4055 3122 4110 quorum
3186 4038 3424 4112 denique

1852 4134 2121 4203 purgatio,
2156 4147 2502 4202 quorumque
2535 4134 2821 4202 repurgari
2852 4141 2957 4189 est.

1923 4224 2302 4293 Philosopliari
2326 4231 2532 4294 quanto
2556 4233 2638 4279 est
2662 4225 2861 4293 majus,
2898 4233 3049 4280 tanto
3086 4227 3250 4282 etiam
3278 4229 3421 4282 ditii-

1851 4318 2036 4382 cilius,
2068 4315 2212 4386 quod
2249 4330 2355 4370 non
2406 4315 2564 4370 multi
2615 4314 2796 4370 facere
2826 4325 3118 4382 conantur,
3171 4320 3276 4373 nisi
3324 4337 3420 4388 per

1849 4407 2044 4460 divinae
2085 4403 2281 4460 metuis
2323 4404 2620 4458 invitentur
2664 4402 3063 4467 excelsitatem,
3117 4420 3239 4474 qua:
3288 4405 3415 4459 boni

1851 4495 2126 4565 quippiam
2159 4493 2590 4564 proponentibus
2617 4506 2838 4546 manum
2872 4493 3115 4562 porrigit.

241 4581 341 4649 Οἷς
385 4587 506 4638 ἐστι
540 4585 719 4656 τρυφὴ
758 4587 1082 4654 ἐγκράτεια,
1115 4586 1212 4640 καὶ
1253 4586 1455 4655 πρᾶξις
1491 4587 1526 4658 ἡ
1558 4588 1743 4660 ἀπρα-

1919 4588 2134 4657 Gregor.
2169 4584 2323 4656 Nyss.
2344 4585 2552 4652 Quibus
2584 4583 2792 4640 delicia:
2811 4593 2939 4638 sunt
2973 4586 3332 4651 continentia,
3363 4595 3419 4642 et

169 4679 282 4748 ξία,
324 4681 421 4732 καὶ
450 4677 576 4744 δόξα
604 4678 664 4731 τὸ
693 4677 770 4748 μὴ
798 4676 1189 4746 γινώσκεσθαι.

240 4772 427 4825 Καλὸν
456 4771 488 4841 η
522 4769 760 4841 ἄσκησις
792 4769 932 4840 μετὰ
968 4769 1313 4839 συμμετρίας
1358 4769 1455 4824 καὶ
1491 4770 1748 4842 γνώσεως

171 4860 436 4933 ἀληθοῦς.

243 4955 434 5016 Οὕτως
465 4953 668 5019 ὀφείλει
719 4954 747 5005 ὁ
797 4950 1032 5022 μοναχδς
1071 4950 1336 5007 πάντοθεν
1364 4953 1560 5009 ἑαυτὸν
1595 4973 1749 5027 περι-

173 5047 424 5110 σκοπεῖν,
461 5044 556 5097 καὶ
593 5043 851 5113 ἀκίνητον
879 5042 1027 5112 ἔχειν
1058 5042 1194 5112 πρὸς
1225 5044 1324 5113 τὴν
1351 5045 1544 5099 ἑαυτοῦ
1571 5049 1748 5116 φυλα-

169 5139 280 5208 κὴν
308 5136 370 5190 τὸ
399 5137 499 5206 τῆς
521 5133 700 5206 ψυχῆς
746 5133 922 5205 ὄμμα,
954 5131 1028 5196 ὡς
1062 5135 1122 5188 ὲν
1177 5135 1329 5206 μέσῳ
1361 5138 1607 5207 παγίδων
1635 5137 1746 5192 διο-

167 5230 341 5283 δεύων
377 5227 487 5283 ἀεί.

241 5412 311 5464 Ol
366 5410 466 5478 μὲν
518 5407 795 5477 μάρτυρες
846 5404 1108 5468 πολλάκις
1146 5407 1242 5460 καὶ
1293 5406 1352 5458 ἐν
1406 5407 1506 5476 μιᾷ
1551 5405 1746 5476 καιροῦ

170 5505 318 5574 ῥοπῇ
371 5500 776 5570 ἀγωνισάμενοι
820 5494 1214 5567 ἐτελειώθησαν
1240 5512 1254 5527 ⁸
1292 5498 1325 5568 ἡ
1356 5496 1414 5550 δὲ
1441 5497 1550 5550 τῶν
1582 5514 1750 5567 μονα-

169 5597 287 5667 χῶν
335 5593 577 5648 πολιτεία
603 5631 620 5658 ,
654 5589 779 5646 καθ’
809 5589 1050 5660 ἑκάστην
1102 5588 1321 5658 ἡμέραν
1377 5588 1622 5644 ἀθλοῦσα
1658 5589 1747 5643 ea

169 5688 270 5739 τον
323 5684 581 5757 Χριστὸν,
625 5681 931 5754 μαρτυρεῖ,
984 5680 1046 5732 οὐ
1082 5680 1218 5750 πρὸς
1269 5676 1409 5748 αἷμα
1443 5680 1539 5733 καὶ
1571 5679 1750 5750 σάρκα

172 5777 667 5848 παρατασσομένη,
722 5773 860 5828 ἀλλὰ
923 5773 1059 5843 πρὸς
1095 5771 1192 5833 τὰς
1233 5770 1429 5843 ἀρχὰς,
1469 5771 1607 5841 πρὸς
1652 5773 1750 5836 τὰς

174 5861 437 5943 lamnis;
465 5909 480 5936 ,
521 5867 658 5940 πρὸς
705 5865 833 5932 τοὺς
870 5863 1316 5953 κοσμοκρᾴξορας
1364 5862 1459 5950 τοῦ
1498 5863 1749 5947 σκότους,

1851 4682 1996 4738 aetio
2027 4680 2222 4744 otium,
2253 4687 2306 4734 et
2337 4677 2506 4748 gloria
2539 4691 2569 4731 a
2603 4674 2818 4731 nemine
2846 4675 3131 4746 cognosci.

1919 4949 1977 5006 S.
2018 4947 2317 5004 Athanasii.
2348 4946 2586 5003 Honesta
2619 4960 2704 5001 res
2737 4953 2823 5001 est
2883 4945 3227 5009 exercitatio,
3290 4960 3416 5001 cum

1851 5040 2221 5096 moderatione
2257 5049 2313 5094 et
2361 5037 2670 5105 cognitione
2721 5051 2871 5092 vera.
2913 5035 3005 5092 Sic
3037 5037 3198 5092 debet
3231 5051 3418 5092 mona-

1849 5133 1987 5189 chus
2019 5131 2260 5202 undique
2285 5130 2522 5198 seipsum
2564 5127 3010 5198 circumspicere,
3069 5138 3122 5183 et
3169 5127 3418 5182 immobia

1850 5225 1955 5280 lem
1987 5233 2169 5280 tenere
2195 5221 2361 5276 animi
2384 5221 2604 5275 oculum
2627 5218 2694 5274 ad
2727 5218 2884 5275 suam
2907 5221 3234 5284 custodiam,
3259 5220 3414 5287 quasi

1849 5331 1948 5388 per
1977 5315 2186 5371 medios
2214 5315 2437 5384 laqueos
2467 5327 2682 5380 semper
2713 5313 2956 5370 incedat.

1921 5409 2188 5480 Martyres
2227 5407 2448 5478 quidem
2501 5420 2645 5474 saepe
2697 5407 2779 5461 vel
2843 5421 2953 5461 uno
2993 5403 3252 5473 temporis
3297 5418 3414 5457 mo-

1851 5510 2033 5558 mento
2049 5515 2172 5555 cum
2204 5507 2531 5562 certassent,
2558 5496 2946 5569 perfectionem
2982 5494 3212 5550 assecuti
3250 5505 3413 5560 sunt;

1851 5601 1906 5647 at
1943 5591 2336 5646 monachorum
2371 5589 2481 5644 vita
2519 5589 2749 5658 singulis
2779 5587 2976 5643 diebus
3008 5601 3102 5654 per
3133 5584 3417 5640 Christum

1851 5691 2070 5737 certans
2121 5688 2325 5751 martyr
2369 5687 2488 5746 est,
2527 5679 2578 5733 id
2642 5689 2746 5741 est,
2794 5677 3167 5734 testimonium
3199 5674 3418 5731 Christo

1852 5773 2007 5836 dicit,
2039 5785 2148 5827 non
2173 5770 2437 5826 adversus
2464 5772 2784 5838 sanguinem
2832 5775 2886 5823 et
2926 5783 3150 5823 carnem
3206 5767 3260 5823 in
3295 5769 3417 5825 acie

1854 5866 2140 5933 instructa,
2185 5863 2278 5920 sed
2313 5863 2574 5920 adversus
2620 5858 2984 5932 principatus,
3025 5858 3288 5920 adversus
3315 5875 3415 5928 po-
