3890 6568
513 424 652 485 1115

1745 415 2070 482 ANTONiI
2116 421 2461 483 MELISS/E

3591 417 3698 484 ιιιι

505 544 750 598 testatos.
776 533 1034 590 adversus
1058 533 1244 591 mundi
1269 533 1522 590 dominos
1551 541 1794 590 rectores
1821 525 2072 588 {Eil'ebra-

2207 537 2313 606 :pb;
2365 537 2435 590 τὰ
2467 533 2816 603 πνευματικὰ
2866 530 2965 601 τῆς
3020 532 3306 601 πονηρίας,
3355 530 3459 592 ἕως
3508 532 3697 604 texam;

509 641 652 690 rum,
675 625 940 680 adversus
958 625 1269 696 spirituales
1289 624 1518 680 astutias
1540 639 1711 693 usque
1734 623 1800 678 ad
1827 624 2076 678 ultimum

2179 629 2454 698 ἀναπνοῆς
2503 627 2602 697 τὴν
2649 626 2826 696 πάλην
2861 625 3084 694 ἔχουσα,
3122 624 3216 678 καὶ
3246 621 3401 674 ἀθλεί
3440 624 3526 676 καὶ
3551 642 3704 694 στεφα-

507 719 763 787 spiritum
805 731 1085 772 certamen
1112 719 1342 786 habens,
1373 726 1428 774 et
1471 727 1648 776 certat
1696 729 1752 776 et
1781 731 2078 775 coronatur

2209 718 2400 785 οῦται,
2440 719 2538 792 τὴν
2578 718 2884 774 πανοπλίαν
2927 714 3023 769 τοῦ
3080 714 3216 768 θεοῦ
3257 714 3477 785 ἔχουσα.

509 818 790 863 armatura
820 808 914 863 Dei
944 809 1151 864 induta.

581 901 644 957 S.
675 899 1002 970 Serapionis.
1029 900 1343 956 Continenti
1369 901 1625 958 convenit
1652 901 1846 958 turbas
1867 901 2074 976 fugere,

508 1002 568 1045 ut
603 1002 840 1046 tuentem
893 1007 1002 1046 non
1041 991 1364 1046 distractam
1410 994 1646 1048 retineat
1705 1001 1758 1047 et
1798 995 2082 1063 perturba-

396 1151 404 1160 _
509 1082 656 1135 tione
674 1095 923 1148 vacuam;
937 1080 1106 1160 multa
1121 1081 1267 1136 enim
1286 1093 1370 1137 est
1395 1081 1448 1135 in
1467 1082 1642 1138 turbis
1660 1083 2023 1152 perturbatio.

579 1171 697 1228 Non
746 1157 1136 1227 dormientium
1184 1183 1239 1227 et
1285 1172 1694 1230 desidiosorum
1739 1184 1823 1232 est
1851 1191 2080 1247 regnum

509 1263 627 1331 Dei,
674 1265 766 1319 sed
823 1265 1045 1321 violenti
1102 1265 1320 1335 rapiunt
1368 1266 1530 1322 illud.
1563 1266 1695 1323 Haec
1739 1277 1920 1324 autem
1967 1269 2079 1325 sola

511 1355 766 1410 violentia
797 1356 1022 1412 honesta
1051 1368 1162 1422 est,
1201 1359 1312 1414 Deo
1344 1359 1452 1412 vim
1492 1358 1710 1426 afferre,
1753 1360 1823 1416 ab
1857 1361 2083 1418 eodem-

510 1463 620 1517 que
657 1448 825 1503 vitam
867 1464 1078 1518 rapere.
1126 1450 1220 1506 llic
1249 1466 1380 1506 vero
1413 1466 1752 1522 cognoscens
1787 1451 2081 1518 violentos,

512 1539 596 1593 vel
625 1541 805 1609 potius
833 1543 1098 1596 tenaciter
1126 1543 1180 1596 iu
1215 1544 1495 1612 proposito
1523 1543 1810 1609 durantes,
1840 1545 1922 1602 eis
1950 1559 2083 1600 con-

511 1629 702 1685 cedere
734 1631 890 1685 solet.
927 1631 1138 1686 Gaudet
1166 1633 1311 1691 enim
1344 1632 1490 1690 Deus
1521 1649 1582 1690 se
1609 1635 1712 1689 hac
1743 1634 1798 1689 in
1827 1650 1886 1691 re
1913 1635 2084 1691 vinci.

587 1721 748 1790 19o
778 1719 980 1776 Justini
1009 1721 1326 1792 philosophi.
1359 1721 1513 1778 Finis
1539 1739 1702 1795 quem
1751 1725 1854 1781 sibi
1891 1739 2088 1796 propo-

2281 900 2520 974 Λρμόζει
2561 901 2638 970 τῷ
2673 899 2931 970 ἐγκρατεῖ
2976 899 3072 952 καὶ
3122 897 3246 959 τοὺς
3289 894 3480 965 ὄχλους
3505 895 3706 964 φεύγειν,

2183 992 2271 1047 La.
2291 992 2382 1045 τὸν
2406 989 2530 1044 νοῦν
2551 988 2963 1060 ἀπερίσπαστον
2987 985 3108 1058 ἔχῃ,
3135 987 3229 1039 καὶ
3249 984 3347 1054 τὴν
3372 983 3590 1037 διάνοιαν
3607 986 3708 1039 dti-

2185 1101 2367 1156 ραχονσ
2400 1083 2575 1152 πολλὴ
2607 1083 2715 1150 γὰρ
2749 1083 2809 1133 ὲν
2841 1081 2954 1142 τοῖς
2994 1079 3173 1148 ὄχλοις
3200 1077 3233 1149 ἡ
3262 1075 3501 1145 ταραχή.

2255 1175 2330 1228 Οὐ
2375 1174 2486 1228 τῶν
2516 1171 2883 1227 καθευδόντων
2913 1171 3006 1224 καὶ
3036 1169 3408 1244 βλακευόντων
3444 1167 3480 1235 ἡ
3509 1164 3709 1234 βασιλεία

2182 1264 2276 1319 τοῦ
2312 1265 2446 1318 Θεοῦ
2469 1281 2484 1298 ο
2519 1264 2633 1319 ἀλλ’
2671 1264 2722 1317 οι
2756 1262 2974 1333 βιασταὶ
3010 1257 3350 1332 ἁρπάζουσιν
3390 1256 3581 1326 αὑτήνο
3604 1260 3709 1329 αὕτη

2184 1357 2296 1428 γὰρ
2329 1359 2464 1428 μόνη
2503 1357 2536 1428 ἡ
2570 1355 2662 1426 βία
2713 1354 2898 1426 καλὴ,
2953 1352 3072 1424 Θεῷ
3125 1348 3440 1422 βιάσασθαι,
3473 1349 3560 1401 καὶ
3591 1352 3709 1419 καρᾶ

2185 1450 2322 1504 Θεοῦ
2361 1450 2506 1520 ζωὴν
2542 1448 2813 1522 ἁρπάσαι.
2850 1449 2910 1502 '0
2941 1447 2996 1501 δὲ
3021 1445 3183 1517 γνοὺς
3216 1443 3340 1507 τοὺς
3374 1441 3588 1513 βιαίους,
3616 1444 3715 1510 μᾶλ-

2185 1545 2277 1598 λον
2315 1543 2373 1598 δὲ
2407 1543 2642 1614 βεόαίως
2665 1541 3086 1614 ἀντεχομένους,
3122 1537 3478 1608 συνεχώρησε
3504 1535 3588 1589 καὶ
3613 1526 3714 1604 εἶξε.

2187 1634 2386 1704 Χαίρει
2416 1635 2525 1706 γὰρ
2557 1636 2586 1688 ὁ
2614 1634 2748 1719 Θερς
2777 1635 2846 1688 τὸ.
2879 1631 3105 1687 τοιαῦτα
3131 1629 3466 1702 ἡττώμενος.

2261 1726 2427 1791 Τέλος
2480 1726 2560 1797 τῷ
2605 1725 2989 1797 φιλοσοφοῦντι
3033 1725 3069 1795 ἡ
3128 1723 3263 1794 πρὸς
3322 1720 3458 1775 Θεὸν
3511 1719 3717 1789 ὁμοίωσις

512 1813 596 1867 nit
625 1815 718 1882 qui
771 1814 1214 1885 philosophatur,
1247 1827 1352 1882 est,
1389 1822 1450 1869 ut
1487 1813 1583 1870 Dei
1632 1815 1866 1883 similis,
1898 1816 2084 1889 quoad

2207 1820 2332 1876 ιατά
2362 1820 2423 1875 τὸ
2453 1817 2699 1874 δυνατόν.

509 1902 630 1974 ejus
661 1903 775 1957 iicri
806 1915 1003 1972 potest,
1053 1904 1128 1960 sit

582 1995 852 2051 Philonis.
888 1995 1160 2069 luaaquale
1189 1998 1449 2069 quiddam
1475 2010 1672 2056 natura
1693 2007 1782 2058 est
1805 1998 2085 2057 meditatio

509 2096 565 2142 et
609 2090 952 2156 exercitatio,
1006 2091 1166 2146 modo
1219 2092 1366 2147 enim
1416 2092 1470 2147 in
1517 2092 1686 2148 altum
1736 2093 2084 2159 conscendit,

510 2185 674 2241 modo
703 2185 759 2242 in
800 2187 1140 2242 contrarium
1173 2197 1404 2243 remeat.
1435 2189 1502 2243 Et
1538 2190 1676 2246 alias
1736 2187 2091 2260 quemadmo-

507 2279 638 2333 dum
684 2278 843 2334 navis
888 2278 1028 2336 bona
1060 2287 1114 2335 et
1160 2279 1304 2336 felici
1341 2280 1687 2352 navigatiOne
1766 2282 1914 2344 vitae,
1952 2279 2090 2334 alias

510 2378 690 2424 autem
725 2367 931 2424 infelici
970 2378 1128 2426 utens
1157 2369 1543 2425 meditaturum
1585 2371 1693 2427 vita
1737 2370 1993 2436 alternat,
2029 2379 2090 2426 ut

509 2461 733 2532 quidam
774 2461 872 2526 ait,
902 2460 1177 2516 interdum
1207 2461 1396 2516 vivens
1417 2468 1472 2515 et
1508 2461 1762 2532 vigilans,
1809 2460 2083 2516 interdum

511 2567 640 2607 vero
676 2560 890 2606 mortua
922 2561 1016 2606 aut
1047 2551 1345 2608 dormiens.
1369 2551 1559 2623 Neque
1589 2567 1719 2608 vero
1760 2553 1876 2607 hac
1905 2568 1934 2606 a
1965 2566 2091 2624 pro-

513 2649 696 2717 posito
729 2646 1043 2700 aberrantia
1073 2644 1352 2700 dicuntur.
1403 2645 1696 2714 Sapientes
1725 2644 1868 2736 enim
1901 2644 2090 2698 huma-

517 2755 646 2795 num
673 2737 854 2795 locum
876 2737 1196 2794 sortitisunt
1212 2743 1272 2792 ut
1291 2735 1848 2800 habitarent,sursum
1869 2735 2091 2791 tendere

523 2843 742 2899 semper
772 2830 974 2884 assueti
1009 2844 1024 2883 :
1062 2825 1192 2882 mali
1257 2836 1441 2881 autem
1489 2825 1788 2882 inferorum
1837 2841 2090 2882 secessus

517 2929 575 2977 et
619 2919 847 2990 angulos
905 2926 1118 2988 petunt,
1177 2932 1209 2973 a
1265 2917 1536 2988 principio
1586 2915 1657 2973 ad
1703 2917 1865 2974 linem
1917 2931 2092 2986 usque

517 3013 658 3069 mori
690 3010 1008 3076 assuefacti,
1043 3021 1098 3066 et
1125 3011 1179 3066 in
1227 3017 1563 3066 senectutem
1595 3025 1627 3066 a
1657 3009 1944 3066 cunabulis
1971 3024 2094 3065 cor-

515 3103 766 3176 ruptiuni
802 3103 1107 3162 familiares
1139 3101 1316 3158 eil'ecti
1367 3118 1382 3156 :
1432 3110 1488 3156 at
1538 3101 1889 3158 meditatores
1929 3099 2091 3155 medii

513 3206 648 3252 sunt
695 3196 838 3251 inter
871 3205 1144 3263 extrema,
1193 3204 1249 3250 et
1297 3207 1516 3250 sursum
1564 3207 1632 3249 ac
1675 3193 1934 3251 deorsum
1981 3192 2093 3250 ire-

513 3297 748 3359 quenter
772 3288 930 3358 quasi
954 3289 1006 3342 in
1034 3287 1292 3359 gradibus
1319 3294 1473 3352 eunt,
1499 3285 1582 3342 vel
1609 3285 1836 3342 meliore
1860 3287 2096 3357 quodam

517 3379 631 3434 tato
657 3395 875 3434 sursum
901 3380 1142 3444 attracti,
1170 3378 1255 3434 vel
1283 3378 1469 3449 pejore
1491 3377 1914 3443 retracti,donec
1931 3378 2098 3449 huius

515 3469 836 3527 certaminis
857 3478 911 3524 et
941 3485 1134 3540 pugna:
1161 3468 1451 3540 praefectus
1476 3467 1621 3525 Deus
1660 3466 1852 3524 reddat
1875 3470 2097 3538 praemia

514 3562 889 3632 praestantiori
919 3562 1080 3633 parti,
1125 3561 1461 3618 contrariam
1505 3561 1563 3617 in
1603 3560 1918 3618 universum
1965 3562 2100 3618 abo-

517 3649 662 3704 iens.

897 3761 1128 3819 SERMO
1180 3761 1343 3818 XLIV
1386 3762 1485 3837 [αι.
1526 3762 1726 3836 xxn].

521 3851 596 3908 l’e
649 3851 914 3909 morrarhis
971 3855 1390 3976 ἕηεοηειαιιιζίὶιιε
1441 3863 1491 3909 ει
1522 3852 1591 3908 ad
1653 3855 1781 3908 vitia
1840 3863 2101 3911 reverten-

1259 3934 1298 3976 ti
1338 3941 1422 3976 us.

1259 3934 1422 3980 tibus.

589 4013 780 4068 David.
815 4012 1159 4070 Deciinantes
1183 4013 1250 4069 ad
1299 4013 1520 4070 fraudes
1561 4013 1792 4071 abducet
1827 4013 2097 4072 Dominus

519 4122 644 4161 cum
674 4106 742 4162 iis
769 4101 860 4175 qui
891 4107 1109 4176 exieges
1137 4120 1286 4162 sunt.

597 4197 753 4252 Prov.
801 4212 949 4251 xxvt.
1003 4195 1074 4253 Ut
1117 4198 1270 4255 cauis
1329 4213 1452 4254 cum
1519 4197 1662 4254 redit
1713 4199 1782 4254 ad
1833 4199 2096 4256 vomitum

520 4304 679 4344 suum
727 4289 954 4346 odiosus
1002 4297 1106 4358 est,
1161 4290 1242 4346 sic
1297 4289 1560 4360 insipiens
1611 4289 1681 4344 ad
1711 4289 1900 4346 vitium
1934 4305 2096 4346 suum

521 4396 798 4438 reversus.

594 4471 775 4530 Eccle.
801 4486 898 4527 vn.
930 4471 1305 4528 Animadverti
1335 4473 1547 4543 justum
1583 4483 1906 4544 pereuntem
1937 4477 2094 4532 vani-

521 4571 632 4617 tate
657 4579 778 4630 sua,
819 4572 982 4634 atque
1014 4563 1070 4618 id
1103 4564 1324 4634 quidem
1355 4566 1571 4622 vanitas
1597 4572 1703 4621 est.

593 4655 824 4710 Zachar.
857 4672 973 4711 vm.
1001 4654 1334 4726 lngredienti
1359 4663 1416 4712 et
1467 4657 1688 4713 exeunti
1733 4671 1846 4714 non
1877 4666 1962 4715 est
1991 4672 2097 4730 pax

521 4748 592 4801 ab
631 4745 943 4802 aﬂlnctione.

600 4839 717 4895 Isa.
780 4837 987 4892 Deiecit
1047 4849 1279 4892 currens
1331 4834 1484 4892 velut
1554 4850 1733 4908 equus
1797 4837 2098 4897 binniendo

524 4935 724 4989 iussas.

599 5019 799 5073 Eaech.
838 5030 1032 5071 xxxnr.
1067 5012 1126 5069 Si
1155 5013 1338 5085 justus
1367 5014 1648 5071 deﬂexerit
1679 5031 1710 5071 ιι
1733 5016 1948 5088 iustitia
1973 5032 2094 5084 sua,

526 5114 839 5183 injusteque
886 5108 1079 5164 iecerit
1131 5109 1200 5162 ad
1251 5109 1499 5179 exempla
1546 5121 1918 5179 peccatoru,
1978 5127 2102 5181 quae

526 5203 880 5260 conmiittunt
897 5202 1136 5271 exlegcs,
1162 5199 1282 5270 ejus
1309 5216 1500 5258 omnes
1521 5201 1798 5271 iniustitia:
1827 5204 1878 5258 in
1903 5204 2102 5274 quibus

525 5307 652 5352 ante
685 5310 744 5353 se
774 5294 1101 5358 exercuerit,
1146 5293 1202 5347 in
1228 5291 1555 5348 oblivionem
1604 5293 1824 5348 venient
1871 5307 2101 5366 propter

523 5398 770 5446 erratum
793 5390 985 5460 ipsius,
1005 5401 1116 5458 quo
1147 5385 1335 5456 lapsus
1362 5385 1550 5454 fuerit,
1578 5399 1644 5442 ac
1668 5386 1722 5441 in
1750 5385 1884 5456 ipsis
1911 5401 2104 5456 pecca-

525 5485 598 5539 tis
617 5494 742 5555 qua:
772 5480 1055 5538 admiserit
1084 5477 1378 5535 morietur.

595 5573 810 5630 Justum
849 5586 958 5626 non
987 5571 1185 5642 eripiet
1213 5586 1246 5626 e
1273 5569 1417 5624 malo
1465 5583 1566 5626 sua
1605 5568 1840 5639 iustitia,
1879 5582 1991 5640 quo
2013 5567 2104 5626 die

528 5669 645 5736 ipse
688 5663 1061 5720 aberraverit:
1110 5672 1165 5719 et
1225 5663 1450 5730 impium
1490 5661 1781 5731 iniquitate
1834 5676 1936 5718 sua
1981 5677 2094 5718 non

526 5758 731 5830 niiiiget
776 5771 888 5829 quo
939 5757 1028 5814 die
1065 5756 1134 5811 ab
1179 5753 1470 5823 iniquitate
1509 5769 1608 5810 sua
1664 5755 1998 5811 discesserit.
2042 5754 2101 5811 in

528 5851 645 5903 suis
691 5863 964 5920 quemque
988 5848 1092 5906 viis
1121 5856 1176 5902 et
1211 5845 1476 5902 institutis
1513 5845 1789 5916 iudicabo,
1835 5861 1868 5903 o
1898 5846 2097 5906 domus

533 5943 846 6002 israelitica.

2275 1999 2582 2074 ’Δνώμαλον
2620 1997 2782 2070 φύσει
2814 1998 2853 2070 ἡ
2897 1997 3156 2070 ἄσκησις,
3186 1996 3320 2051 ποτὲ
3368 1991 3472 2065 μὶν
3516 1995 3588 2058 είς
3617 1992 3720 2064 ὕψος

2196 2095 2369 2159 ἰοῦσα.
2407 2094 2536 2149 ποτε
2575 2092 2636 2148 δὶ
2661 2090 3083 2164 ὕποστρέφουσα
3123 2088 3261 2161 πρὸς
3293 2087 3619 2152 τούναντίον,
3647 2090 3719 2139 καὶ

2193 2188 2324 2241 ποτὶ
2360 2185 2460 2257 μὶν
2493 2183 2769 2257 (καθάπερ
2791 2181 2946 2254 ναῦς)
2967 2179 3198 2252 εὐπλοίᾳ
3231 2182 3298 2250 τῇ
3329 2179 3424 2233 τοῦ
3460 2180 3594 2248 {ii-Iw,
3618 2178 3720 2230 ποτὲ

2191 2280 2248 2334 δὲ
2289 2277 2554 2351 δυσπλοίᾳ
2575 2277 2854 2349 χρωμένη,
2885 2274 3220 2346 ἐτερήμερος
3255 2273 3356 2342 (ὼς
3386 2271 3494 2339 ἔφη
3523 2270 3615 2339 τις)
3639 2270 3721 2321 τῶν

2194 2373 2451 2446 ἀσκητῶν
2481 2376 2510 2428 ὁ
2538 2373 2652 2446 βίος
2677 2388 2694 2405 ·
2724 2371 2912 2428 ἀλλοτε
2949 2370 3049 2441 μὶν
3098 2367 3207 2433 ζῶν
3257 2367 3358 2421 καὶ
3413 2363 3718 2436 ιτρηγορὼε,

2195 2465 2386 2522 ἄλλοτε
2429 2464 2488 2519 δι
2547 2461 2827 2534 τεθνηκὼς
2874 2462 2910 2534 ἢ
2949 2459 3311 2534 κοιμώμενος.
3357 2457 3472 2513 Καὶ
3523 2456 3630 2510 τάδε
3648 2456 3726 2510 οὐκ

2194 2556 2304 2612 ἀπὸ
2335 2554 2544 2612 σκοποῦ
2570 2554 2815 2625 λέγεται·
2848 2553 3006 2624 σοφοὶ
3038 2553 3139 2624 μὲν
3165 2551 3272 2624 γάρ
3300 2549 3394 2604 τδν
3426 2547 3726 2617 ἀνθρώπινον

2197 2649 2376 2720 χῶρον
2407 2646 2602 2718 ῑλαχον
2627 2645 2826 2710 οἰκεῖν,
2858 2645 2972 2700 ἀνω
3006 2644 3203 2716 φοιτᾷν
3231 2642 3321 2698 ἀεὶ
3371 2641 3726 2712 μεμαθηκρης,

2197 2739 2360 2796 κακοὶ
2384 2739 2441 2794 δὲ
2467 2741 2594 2802 τοὺς
2629 2738 2688 2794 ιν
2713 2737 2818 2810 ᾂδη
2854 2737 3085 2808 μυχοὺς,
3117 2735 3178 2802 ιξ
3221 2734 3398 2806 ἀρχῆς
3431 2734 3559 2804 ἄχρι
3582 2733 3731 2792 τέλους

2197 2831 2572 2901 ἀποθνήσκειν
2608 2828 3018 2901 μεμαθηκότες,
3049 2828 3146 2882 καὶ
3192 2827 3273 2890 είς
3301 2825 3478 2894 γῆρας
3506 2825 3568 2876 ἐκ
3591 2838 3732 2892 σπαρο

2197 2923 2376 2993 τίνων
2422 2921 2627 2993 φθορᾶς
2657 2919 2847 2982 εθάδες
2883 2919 3038 2984 ὄντες
3065 2936 3080 2952 ·
3111 2920 3163 2972 oi
3193 2919 3237 2973 δ’
3260 2917 3498 2986 ἀσκηταὶ
3524 2914 3736 2987 μεθόριοι

2195 3011 2305 3065 τῶν
2353 3010 2542 3080 ἄκρων
2569 3009 2730 3074 είσὶν,
2765 3009 2880 3065 ἀνω
2938 3007 3037 3062 καὶ
3089 3007 3244 3062 κάτω
3279 3005 3544 3068 πολλάκις
3569 3003 3635 3065 ὡς
3662 3002 3733 3054 ἐπὶ

2199 3101 2464 3172 κλίμακος
2504 3101 2846 3173 βαδίζουσιν,
2877 3100 2912 3174 ἢ
2964 3097 3071 3154 ιτει
3099 3100 3198 3172 τῆς
3236 3099 3548 3170 κρείττονος
3574 3098 3735 3168 μοίρας

2201 3193 2583 3263 ἀνελκόμενοι,
2607 3192 2642 3264 ἢ
2673 3192 2782 3248 ὑπὸ
2809 3193 2911 3262 τῆς
2940 3191 3183 3264 χείρονος
3210 3190 3628 3259 ἀνασπώμενοι,
3659 3188 3735 3255 μέ·

2197 3300 2321 3356 ιρις
2351 3284 2420 3340 ἂν
2465 3285 2495 3338 ὁ
2528 3285 2626 3356 τῆς
2676 3285 2916 3356 ἁμίλλης
2967 3285 3062 3340 καὶ
3099 3283 3373 3352 διαμάχης
3409 3280 3601 3347 ταύτης
3629 3279 3734 3348 {ipso

2197 3377 2396 3448 σευτὴς
2439 3377 2572 3441 Θεὸς
2619 3376 2812 3450 ἀναδῷ
2838 3377 2908 3432 τά
2946 3376 3175 3448 βραδεῖα
3225 3375 3379 3442 τάξει
3417 3375 3482 3444 τῇ
3515 3371 3732 3442 βελτίονι.

2197 3468 2296 3540 τὴν
2330 3469 2580 3527 ἐναντίαν
2610 3469 2690 3534 εις
2719 3469 2868 3527 ἀπαν
2899 3467 3169 3526 καθελών.

2785 3765 3004 3832 ΛΟΓΟΣ
3050 3760 3182 3820 MA'.

2199 3867 2338 3934 Περι
2381 3876 2668 3935 porasz
2705 3859 3096 3935 παλιμᾷόλων
3125 3855 3247 3935 ’καί
3297 3851 3740 3924 aula-dmoen-

2725 3925 2968 3994 των-ἐίς
2998 3925 3236 3981 κακίαν.

2265 4023 2408 4088 Τοὺς
2462 4020 2814 4083 ικκλίνοντας
2867 4020 2949 4083 είς
2993 4017 3092 4081 τὰς
3144 4015 3514 4086 πραγγαλιάς
3560 4014 3740 4082 ἀπάξει

2197 4113 2403 4186 Κύριος
2429 4111 2567 4184 μετά
2596 4111 2704 4165 τῶν
2725 4107 3107 4181 ἐργαζομένων
3137 4108 3237 4176 τὴν
3267 4108 3518 4177 ἀνομίαν.

2268 4206 2480 4275 Ὠσπερ
2503 4202 2652 4280 κύων
2681 4203 2810 4256 ὅταν
2855 4199 3060 4272 ἀπέλθῃ
3104 4197 3199 4252 ἐπὶ
3227 4199 3322 4252 τὸν
3349 4197 3535 4252 ἑαυτοῦ
3566 4197 3740 4264 ἔμετον

2198 4297 2425 4372 μισητδς
2473 4296 2687 4368 γίνεται
2713 4334 2730 4361 ,
2786 4290 2960 4355 οὕτως
3015 4291 3208 4360 ἄφρων
3252 4292 3320 4360 τῇ
3371 4286 3556 4344 ἑαυτοῦ
3593 4287 3741 4354 κακίᾳ

2195 4388 2538 4460 ἀναστρέψας
2596 4386 2689 4438 ἐπὶ
2718 4385 2783 4456 τῇ
2809 4381 3002 4438 ἑαυτοῦ
3029 4381 3294 4452 ἁμαρτία.

2266 4475 2419 4534 Εἶδον
2445 4477 2652 4530 δίκαιον
2684 4473 3059 4542 ἀπολλύμενον
3087 4472 3146 4524 έν
3185 4473 3253 4541 τῇ
3306 4469 3613 4541 ματαιότητι
3651 4465 3740 4521 αὖ·

2123 4575 2172 4636 D
2196 4570 2313 4642 τοῦ,
2345 4571 2438 4626 καί
2465 4585 2531 4639 γε
2559 4566 2718 4622 τοῦτο
2748 4563 3069 4635 ματαιότης.

2268 4664 2360 4735 Τῷ
2391 4658 2829 4733 είσπορευομένῳ
2863 4658 2960 4711 καὶ
3009 4656 3430 4727 ἐκπορευομένῳ
3467 4653 3556 4708 οὐκ
3598 4652 3736 4705 ἐστιν

2199 4759 2392 4829 είρήνη
2425 4754 2534 4807 ἀπὸ
2568 4751 2670 4822 τῆς
2702 4749 2954 4820 θλίψεως.

2269 4847 2519 4902 Διέλιπεν
2544 4844 2572 4896 ὁ
2610 4843 2845 4914 τρέχων,
2872 4842 2947 4905 ὡς
2979 4840 3144 4904 ῐππος
3174 4840 3434 4911 κάθιδρος
3465 4840 3518 4892 ιν
3546 4851 3736 4907 χρεμε-

2199 4937 2380 5010 τισμῷ
2405 4935 2590 4991 αὑτοῦ.

2283 5029 2374 5082 Ἐν
2412 5027 2488 5096 τῷ
2529 5022 2854 5095 ἐπιπρέψαι
2909 5021 3119 5076 δίκαιον
3165 5021 3231 5074 ὲκ
3283 5020 3386 5089 τῆς
3424 5013 3737 5080 δικαιοσύνης
3787 5041 3811 5058 ι

2203 5119 2393 5185 αὐτοῦ,
2437 5121 2530 5173 καὶ
2581 5117 2805 5186 ποιῆσαι
2851 5115 3067 5170 ἀδικίαν
3103 5113 3256 5168 κατὰ
3307 5113 3486 5176 πάσας
3511 5112 3590 5172 τὰς
3623 5111 3742 5160 ἀνο-

2177 5214 2334 5284 μίας
2387 5213 2452 5276 ἃς
2498 5209 2756 5279 ἐποίησεν
2795 5209 2823 5261 ὁ
2866 5207 3090 5276 ἄνομος,
3121 5207 3296 5259 πᾶσαι
3331 5206 3389 5258 αί
3439 5199 3742 5258 δικαιοσύναι

2203 5301 2370 5357 αὑτοῦ
2409 5301 2477 5365 ἃς
2533 5300 2809 5371 ἐποίησεν,
2840 5299 2902 5351 οὐ
2955 5296 3031 5368 μὴ
3083 5295 3400 5367 μνησθιῖηιν
3447 5298 3502 5348 έν
3546 5291 3610 5360 τῷ
3644 5305 3740 5340 παι

2207 5391 2530 5466 ραπτώματι
2561 5389 2751 5456 αὐτοῦ,
2790 5380 2836 5458 ᾧ
2864 5392 3146 5457 παρέπεσε
3166 5403 3182 5421 ο
3213 5387 3307 5441 καὶ
3345 5387 3403 5440 ὲν
3431 5387 3540 5447 ταῖς
3567 5384 3734 5450 ἁμαρ·

2203 5485 2348 5548 τίαις
2381 5481 2545 5536 αὑτοῦ
2580 5480 2646 5544 ἃς
2671 5481 2941 5550 ἥμαρτεν,
2971 5477 3031 5533 ἐν
3064 5477 3244 5541 αὐτοῖς
3271 5476 3620 5532 ἀποθαιιεῖται.

2277 5573 2596 5644 Δικαιοσύνη
2643 5548 2858 5626 δικαίου
2906 5569 2969 5624 οὐ
3024 5569 3102 5640 μὴ
3139 5568 3394 5637 ἐξέληται
3429 5568 3590 5628 αὐτὸν,
3619 5548 3733 5633 ἐνῇ

2203 5668 2270 5724 ἀν
2305 5668 2489 5739 ἡμέρᾳ
2525 5664 2776 5736 πλανηθῇ
2801 5679 2818 5695 ·
2847 5663 2942 5718 καὶ
2982 5661 3184 5733 ἀνομία
3212 5660 3441 5724 ἀσεσοῦς
3485 5658 3539 5712 οὖ
3565 5651 3733 5706 κακώ-

2207 5775 2291 5813 σει
2315 5757 2504 5821 αὑτδν,
2531 5757 2591 5812 ἑν
2617 5748 2652 5828 ᾗ
2675 5755 2742 5809 ἂν
2778 5755 2960 5828 ἡμέρᾳ
2999 5753 3329 5824 ἀποστραφῇ
3377 5750 3480 5804 ἀπὸ
3514 5747 3594 5815 τῆς
3619 5744 3733 5796 ἀνο-

2210 5853 2340 5923 μίας
2385 5849 2573 5904 αὑτοῦ.
2614 5851 2882 5904 Ἐκαστον
2937 5851 2998 5904 ἑν
3045 5851 3164 5912 ταῖς
3223 5845 3360 5909 ὁδοῖς
3407 5840 3551 5898 αἰτοῦ
3573 5834 3734 5909 κρινῶ

2205 5945 2368 6011 ὑμᾶς,
2404 5938 2546 6006 οἶκος
2585 5941 2820 6010 Ἰσραήλ.
