3928 6554
154 452 283 521 ltt‘i

965 454 1129 514 [θοι
1171 452 1615 515 COMMUNES.
1654 453 1937 512 ~PARS
1972 450 2028 512 ΙΙ
2080 450 2333 512 SERle
2375 448 2579 512 XLIV.

3249 450 3389 510 1118

228 570 549 635 Ἐπανὰγων
596 569 701 621 ἀπὸ
727 564 1075 633 δικαιοσύνης
1104 566 1182 627 εἰς
1212 563 1511 634 ἁμαρτίαν,
1543 562 1571 615 ὁ
1602 559 1713 615 K'J-
1741 605 1750 621 ι

1886 561 1990 627 Qui
2039 577 2071 616 a
2123 562 2329 628 iustitia
2382 560 2448 614 ad
2488 558 2691 627 ﬂagitia
2725 556 2995 624 .deﬂectit,
3029 556 3075 612 ei
3134 556 3401 612 Dominus

150 677 261 734 ριος
292 658 574 729 ἑτοιμάσει
603 659 880 728 ῥομφαίαν
912 656 1060 726 αῦτῷ

216 754 311 825 Μὴ
341 751 801 822 καταδεσμεύσεις
824 750 1011 811 δισσάς
1041 748 1314 821 ἁμαρτίας
1335 766 1349 781 ο
1378 748 1499 819 οὖθὲ
1531 748 1639 818 γὰρ
1666 749 1725 802 έν

151 849 247 919 μιᾷ
282 846 609 917 ἀθωωθήστι-
1316 848 1324 858 “

219 1021 626 1093 Βαπτιξόμενος
802 1022 1025 1091 νεκροῦ,
1056 1023 1149 1074 καὶ
1202 1021 1365 1075 πάλιν
1417 1019 1724 1088 ἁπτόμενος

150 1113 340 1181 αὑτοῦ,
375 1116 427 1168 τί
460 1114 745 1185 ὠφέλησεν
792 1114 849 1166 ἐν
900 1113 978 1183 τῷ
1024 1110 1234 1183 λουτρῷ
1279 1112 1489 1175 αὐτοῦς
1541 1109 1726 1171 Οὕτως

68 1247 77 1269 .
150 1209 437 1278 ἄνθρωπος
482 1208 758 1279 νηστεύων
799 1210 892 1260 ἐπὶ
925 1205 1033 1259 τῶν
1088 1205 1372 1275 ἁμαρτιῶν
1406 1202 1593 1266 αὑτοῦ,
1630 1201 1726 1255 καὶ

149 1300 315 1352 πάλιν
344 1301 732 1371 πορευόμενος,
758 1297 853 1352 καὶ
874 1298 942 1351 τὰ
970 1296 1109 1350 αὐτὰ
1138 1295 1333 1359 ποιῶν,
1365 1294 1465 1363 τῆς
1496 1310 1729 1363 προσευ-

148 1393 250 1462 χῆς
283 1393 449 1445 αὐτοῦ
478 1393 558 1452 τίς
586 1389 965 1445 εἰσακούσεται
991 1400 1006 1456 3
1046 1390 1143 1443 καὶ
1168 1388 1222 1441 τί
1248 1385 1531 1456 ὠφέλησεν
1560 1385 1621 1437 ὲν
1646 1384 1724 1455 τῷ

150 1485 553 1553 ταπεινωθῆναι
579 1484 742 1537 αὐτόν
764 1499 781 1551 ;

223 1574 735 1643 Οὑδε“ις,έπι6αλὼν
772 1574 871 1646 τὴν
921 1575 1079 1645 χεῖρα
1121 1571 1289 1627 αὑτοῦ
1339 1570 1426 1625 ἐπ’
1473 1571 1726 1641 ἄροτρον,

154 1668 247 1721 καὶ
298 1669 555 1739 στραφεὶς
586 1670 667 1731 εἰς
727 1666 797 1720 τά
848 1666 1045 1732 ὀπίσω,
1089 1664 1307 1729 εὔθετός
1360 1665 1508 1719 ἐστιν
1552 1664 1611 1715 ὲν
1657 1664 1724 1733 τῇ

152 1759 405 1832 βασιλεία
436 1759 541 1813 τῶν
578 1758 846 1829 οὐρανῶν.

222 1854 285 1906 Εἰ
319 1853 427 1923 γάρ
454 1853 830 1920 ἀποφυγόντες
858 1852 930 1906 τά
970 1851 1254 1921 μιάσματα
1302 1850 1401 1905 τοῦ
1438 1849 1644 1920 κόσμου
1672 1849 1727 1901 ὲν

152 1942 445 2012 ἐπιγνώσει
488 1944 581 1998 τοῦ
631 1944 836 2014 Κυρίου
893 1945 986 1997 καὶ
1041 1944 1292 2014 Σωτῆρος
1343 1943 1500 2012 ἡμῶν
1549 1939 1725 2011 Ἰησοῦ

154 2033 415 2104 Χριστοῦ,
442 2037 651 2098 τούτοις
697 2035 755 2089 δὲ
802 2035 965 2089 πάλιν
1002 2034 1397 2104 ἐμπλακέντες,
1436 2034 1722 2104 ἥττηνται,

152 2127 379 2193 γέγονεν
427 2124 609 2186 αὐτοῖς
665 2125 731 2178 τὰ
779 2125 979 2194 ἔσχατα
1032 2125 1251 2193 χείρονα
1306 2124 1416 2176 τῶν
1471 2123 1724 2191 πρώτων.

155 2219 421 2287 Κρεῖττον
471 2230 579 2285 γαρ
618 2212 687 2286 ἦν
721 2217 905 2278 αὐτοῖς
946 2216 1021 2287 μὴ
1064 2216 1439 2285 ἐπεγνωκέναι
1468 2215 1566 2284 τὴν
1603 2214 1725 2267 ὁδὸν

152 2314 249 2377 τῆς
283 2308 721 2380 δικαιοσύνης,ῆ
767 2309 1080 2379 ἐπιγνοῦσιν
1124 2310 1206 2370 είς
1250 2308 1319 2363 τά
1366 2307 1542 2361 ὀπίσω
1590 2308 1723 2360 ὐπο-

156 2402 390 2471 στρέψαι
418 2404 481 2456 ἐκ
508 2401 603 2470 τῆς
639 2401 1040 2472 παραδοθείσης
1069 2402 1251 2465 αὐτοῖς
1290 2400 1449 2471 ἀγίας
1482 2399 1721 2470 ἐντολῆς.

152 2495 478 2565 Συμσὲϐηκε
528 2495 586 2548 δὲ
631 2494 814 2558 αὐτοῖς
857 2494 917 2549 τὸ
962 2494 1061 2564 τῆς
1106 2494 1342 2563 ἀληθοῦς
1396 2492 1721 2563 παροιμίας,

150 2589 316 2643 Κύων
367 2588 700 2660 έπιστρέψας
758 2590 851 2643 ἐπὶ
911 2588 972 2640 τὸ
1024 2587 1156 2642 ἴδιον
1213 2586 1602 2657 ἐξέραμαικαὶ
1658 2578 1721 2648 ὗς

148 2674 463 2749 λουσαμένη
492 2681 571 2742 είς
586 2680 837 2750 εκύλισμα
868 2679 1159 2750 βορϐόρου.

229 2770 498 2826 Ἐλεεινὸν
538 2770 741 2840 θέαμα,
778 2770 917 2840 μετὰ
973 2771 1248 2840 νηστείαν,
1281 2774 1420 2842 μετά
1468 2776 1719 2846 σκληρα-

149 2864 383 2933 γωγίαν,
443 2864 579 2932 μετά
644 2861 953 2933 προσευχὴν
1013 2864 1228 2933 ἐκτενῆ,
1283 2868 1424 2934 μετά
1482 2866 1721 2939 δάκρυον

1830 656 2158 726 praeparabit
2196 654 2464 726 gladium.

1901 748 1978 802 Ne
2017 754 2310 802 connectas
2372 744 2587 815 gemina
2636 748 2900 812 peccata;
2952 755 3074 794 nam
3107 756 3171 793 ne
3207 739 3259 793 in
3293 754 3405 792 ttno

1829 840 2051 909 quidem
2082 838 2345 905 innocens
2366 838 2478 893 eris
2507 837 2582 907 (id
2612 844 2713 901 εει,
2740 832 2896 905 quasi
2925 832 3186 887 innocens
3220 832 3402 884 absol‘

1828 932 2023 1001 veris).

1904 1022 2075 1077 Eccli.
2102 1037 2288 1077 xxxiv.
2326 1023 2383 1076 Ei
2418 1022 2509 1093 qui
2538 1038 2596 1078 se
2621 1022 2812 1077 laverit
2831 1021 2900 1076 ob
2924 1032 3126 1075 tactum
3151 1020 3401 1085 cadaver,

1831 1126 1885 1171 et
1935 1117 2134 1171 iterum
2193 1115 2335 1171 idem
2384 1114 2575 1185 tangit,
2631 1114 2760 1181 quid
2802 1114 3024 1182 prodest
3076 1111 3403 1166 lavacrum?

1828 1202 2029 1262 Eadem
2068 1216 2154 1263 est
2208 1207 2348 1262 ratio
2401 1206 2522 1277 ejus
2570 1204 2723 1275 191
2775 1205 2866 1274 qui
2916 1204 3131 1274 jejunat
3187 1211 3408 1272 propter

1830 1309 2057 1367 peccata
2087 1315 2209 1364 sua,
2241 1308 2297 1354 et
2326 1299 2523 1353 iterum
2553 1297 2783 1353 reditad
2810 1297 3037 1364 eadem;
3070 1296 3191 1367 quis
3226 1297 3408 1351 istius‘

1831 1390 1978 1444 modi
2010 1389 2380 1459 precationem
2416 1386 2646 1443 audiet?
2674 1396 2729 1440 et
2758 1384 2887 1456 quid
2920 1385 2996 1439 illi
3026 1383 3231 1455 profuit
3260 1382 3400 1450 qqu

1829 1496 1889 1537 se
1919 1478 2289 1535 humiliaverit
2313 1480 2337 1534 τ

1894 1568 2027 1625 Luc.
2053 1586 2125 1625 tx.
2156 1570 2324 1625 Nemo
2352 1585 2474 1626 cum
2516 1584 2737 1624 manum
2780 1583 2931 1622 suam
2965 1577 3148 1622 aratro
3182 1565 3347 1619 admo
3371 1594 3401 1604 ο

1828 1660 1988 1727 verit,
2037 1671 2093 1717 et
2125 1660 2193 1716 ad
2242 1663 2549 1731 posteriora
2578 1675 2639 1717 se
2669 1658 2998 1715 converterit
3032 1667 3195 1727 aptus
3224 1664 3308 1711 est
3334 1655 3403 1710 ad

1831 1766 2059 1821 regnum
2096 1753 2349 1808 caeleste.

1898 1840 1954 1897 ΙΙ
2001 1842 2150 1898 Petr.
2186 1856 2248 1898 ιι.
2296 1840 2433 1896 Nam
2466 1841 2534 1908 si,
2569 1850 2923 1911 posteaquam
2956 1838 3274 1909 refugerunt
3320 1836 3408 1890 in-

1829 1936 2183 2005 quinamenta
2213 1934 2403 1989 mundi
2442 1949 2537 2005 per
2570 1933 2902 2003 agnitionem
2947 1931 3156 1987 Domini
3183 1940 3238 1983 et
3278 1928 3407 1981 Ser—

1830 2027 2032 2082 vatoris
2067 2027 2239 2083 nostri
2270 2024 2397 2081 Jesu
2418 2026 2647 2090 Christi,
2688 2039 2876 2079 rursus
2904 2033 3084 2078 tamen
3120 2022 3201 2076 his
3228 2021 3406 2090 impli-

1828 2121 1943 2185 citi,
1982 2120 2220 2189 superati
2272 2119 2497 2185 fuerint,
2528 2119 2634 2173 illis
2674 2127 2948 2188 postrema
2986 2116 3168 2185 pejora
3216 2114 3406 2182 primis

1826 2214 2162 2277 acciderunt.
2207 2212 2401 2268 Melius
2429 2214 2573 2268 enim
2611 2213 2717 2267 illis
2749 2212 2947 2267 fuisset
2974 2226 3081 2265 non
3112 2209 3405 2278 agnovisse
3454 2238 3481 2256 κ

1829 2306 1968 2359 viam
1993 2306 2239 2374 iustitiae,
2264 2321 2426 2375 quam
2454 2320 2518 2359 ea
2549 2304 2733 2370 agnita
2760 2312 3060 2359 retrorsum
3090 2300 3402 2363 revertisse,

1824 2408 1879 2452 et
1912 2412 1942 2450 ιι
1976 2405 2167 2452 sancto
2201 2398 2293 2452 illo
2326 2407 2598 2466 praecepto
2647 2396 2783 2465 ipsis
2829 2394 3029 2449 tradito
3077 2390 3404 2456 deﬂexisse;

1826 2489 2028 2543 accidit
2056 2490 2201 2544 enim
2236 2491 2344 2545 illis
2378 2488 2522 2560 quod
2554 2503 2687 2543 vero
2718 2486 3005 2554 proverbio
3050 2484 3157 2539 dici
3206 2482 3345 2537 solet
3387 2498 3401 2534 :

1822 2580 1989 2636 Canis
2026 2596 2282 2637 reversus
2333 2582 2400 2637 ad
2441 2596 2600 2636 suum
2648 2579 2936 2643 vomitum,
2967 2584 3023 2633 et
3063 2591 3160 2633 sus
3196 2575 3305 2630 lota
3332 2573 3401 2627 ad

1822 2673 2167 2727 volutabrum
2201 2674 2368 2728 caeni.

1892 2764 1950 2819 S.
1972 2764 2183 2821 Basilii.
2206 2764 2592 2836 Spectaculum
2613 2765 2946 2828 miserabile,
2968 2772 3088 2832 post
3111 2759 3376 2831 jejunium
3400 2806 3407 2821 .

1823 2866 1943 2927 post
1974 2858 2165 2912 duram
2207 2858 2650 2913 exercitationem
2677 2897 2692 2923 ,
2726 2869 2852 2929 post
2885 2864 3231 2930 precationes
3261 2862 3405 2913 assi-

149 2953 391 3025 ὂαψιλὲς.
433 2954 570 3023 μετά
602 2954 926 3023 ἐγκράτειαν
958 2955 1097 3009 ἐτῶν
1139 2955 1314 3009 εἴκοσί
1360 2970 1464 3011 που
1499 2956 1532 3031 ἢ
1569 2964 1722 3031 τριάιι

1848 2947 1994 3014 luas,
2024 2960 2141 3018 post
2178 2951 2381 3004 multas
2417 2958 2473 3005 et
2503 2950 2756 3019 copiosas
2793 2954 3081 3024 Iacrytnas,
3118 2965 3241 3025 post
3268 2972 3409 3011 ron-

151 3061 339 3111 κοντα,
374 3045 438 3098 δι’
467 3043 797 3114 ἀπροσεξίαν
842 3044 1017 3114 ψυχῆς
1070 3045 1161 3097 καὶ
1189 3045 1479 3114 ἀμέλειαν,
1511 3052 1721 3121 γυμνὸν

1848 3041 2105 3096 incutiam
2162 3054 2431 3097 annorum
2458 3044 2649 3113 viginti
2689 3044 2919 3100 fortasse
2957 3048 3040 3101 vel
3091 3050 3255 3102 etiam
3306 3051 3409 3105 tri-

152 3138 259 3191 ἀπὸ
302 3135 522 3190 πάντων
574 3135 986 3207 ἀποδειχθῆναι,
1016 3137 1107 3189 καὶ
1156 3138 1539 3209 παραπλήσιον
1567 3144 1717 3209 γενέ-

1848 3133 1971 3197 :inta
1990 3148 2085 3199 per
2108 3133 2521 3201 incogitantiam
2547 3143 2603 3190 et
2633 3136 3046 3206 negligentiam,
3072 3139 3406 3195 denudatum

153 3228 276 3282 σθαι
305 3230 373 3296 τῇ
405 3228 636 3297 ἐργασίᾳ
666 3228 774 3281 τῶν
803 3226 1033 3282 ἐντολῶν
1061 3227 1458 3298 εὐθηνούμενον
1487 3233 1714 3304 ὲμπῦρῳ
1747 3261 1750 3284 l

1848 3225 2082 3279 minibus
2145 3225 2406 3290 ostendi,
2470 3240 2535 3281 ac
2594 3237 2987 3297 praeceptorum
3066 3232 3406 3299 perfectione

152 3320 259 3372 τινὶ
310 3318 758 3389 μεγαλοπλούτῳ,
790 3318 849 3382 ὃς
900 3320 979 3391 τῷ
1016 3320 1211 3390 πλήθει
1258 3321 1368 3374 τῶν
1418 3323 1722 3394 ἀγωγίμων

1848 3316 2195 3370 tbuudantem
2231 3316 2466 3372 similem
2500 3331 2623 3372 esse
2668 3322 2953 3375 mercatori
2989 3322 3148 3376 alicui
3177 3325 3408 3392 opulen-

155 3407 619 3477 έπαγαλλόμενος,
653 3409 711 3473 ἐξ
763 3409 951 3479 οὐρίας
990 3398 1142 3481 αὑτῷ
1179 3411 1279 3481 τῆς
1329 3411 1456 3483 νηὸς
1488 3414 1724 3483 φερομέ-

154 3515 273 3566 νης,
311 3498 382 3552 τὰ
432 3499 639 3569 φοϐερά
696 3499 907 3570 πελάγη
960 3500 1298 3572 διαδραμὼν,
1344 3504 1484 3573 πρὸς
1542 3506 1725 3570 αὐτοῖς

157 3592 267 3653 τοῖς
297 3590 480 3661 λιμέσι
505 3592 935 3663 διαρμγγέντος
974 3591 1069 3646 τοῦ
1100 3593 1313 3659 πλοίου,
1349 3596 1570 3650 πάντων
1596 3596 1726 3670 ἔρη-

161 3698 262 3753 μῦς
296 3684 506 3753 ἀθρόως
550 3684 844 3753 ἀπεδείχθη
874 3700 888 3717 ·
921 3685 1017 3739 ἐὰν
1065 3687 1160 3742 καὶ
1191 3680 1346 3752 οὗτος
1393 3690 1463 3742 τὰ
1507 3690 1726 3761 μυρίοις

160 3778 348 3839 πᾶνοις
391 3777 660 3848 κτηθέντα
709 3778 811 3849 μιᾷ
848 3777 1121 3849 προσσολῇ
1152 3779 1405 3849 δαίμονος
1453 3782 1724 3855 ἀπολέσῃ,

159 3870 351 3939 ὥσπερ
392 3870 500 3923 τινὶ
550 3870 719 3942 ἀγρία
767 3870 990 3923 λαίλαπι
1035 3874 1103 3943 τῇ
1152 3872 1399 3944 ἁμαρτίᾳ
1428 3873 1724 3944 βυθισθείς.

162 3962 458 4030 Πρέπουσα
491 3962 641 4033 φωνὴ
685 3960 763 4032 τῷ
795 3964 975 4015 πᾶσαν
1002 3962 1141 4033 ὁμοῦ
1182 3964 1282 4034 τὴν
1312 3962 1528 4035 ’ἀρετὴν
1561 3984 1729 4019 ναυα-

160 4052 417 4121 γήσαντι,
460 4046 664 4105 Ἦλθον
713 4053 793 4113 είς
838 4053 907 4105 τὰ
959 4052 1098 4124 βάθη
1136 4051 1235 4123 τῆς
1282 4054 1578 4127 θαλάσσης,
1634 4058 1730 4110 καὶ

164 4142 419 4209 καταιγὶς
453 4141 810 4196 κατεπόντισὲ
846 4159 937 4210 με.

241 4229 304 4283 Ὀ
356 4232 415 4283 ὲν
464 4234 715 4301 προκοπῇ
764 4231 1053 4302 γενόμενος
1100 4233 1321 4301 ἀγαθῶν
1362 4234 1563 4305 ἔργων,
1613 4236 1734 4291 εἶτα

163 4321 602 4393 παλινδρομήσας
648 4322 785 4395 πρὸς
844 4322 946 4395 τὴν
995 4325 1228 4395 ἀρχαίαν
1282 4328 1610 4397 συνήθειαν,
1665 4329 1729 4383 οὐ

168 4413 329 4480 μόνον
354 4414 446 4465 τὸν
471 4415 563 4465 ἐπὶ
592 4416 703 4476 τοῖς
734 4415 1137 4485 πεπονημένοις
1187 4417 1379 4486 μισθὸν
1423 4418 1729 4490 ἐζημιώθη,

163 4505 302 4560 ἀλλά
335 4505 429 4559 καὶ
469 4502 775 4575 βαρυτέρας
811 4504 1061 4571 ἀξιοῦται
1091 4506 1189 4577 τῆς
1221 4510 1624 4580 κατακρίσεως.

236 4682 305 4737 Et
361 4698 445 4735 σοι
490 4682 654 4751 μηδὲν
679 4681 944 4751 ἠλπίζετο
980 4684 1264 4756 δυσχερὲς,
1302 4689 1461 4759 ἡνίκα
1489 4691 1555 4761 τῇ
1582 4691 1737 4761 φιλοο

168 4776 334 4845 σοφία
365 4775 720 4845 προσέϐαλες,
753 4776 1080 4845 ἀφιλόσοφος
1111 4779 1145 4848 ἡ
1178 4780 1317 4850 ἀρχή
1342 4797 1357 4811 ο
1386 4782 1437 4835 εί
1469 4782 1527 4836 δὲ
1579 4784 1738 4855 ηλπίο

169 4870 311 4932 ζετο,
350 4868 399 4921 εί
442 4869 543 4938 μέν
579 4869 679 4924 οὐκ
738 4870 1041 4939 ἀπήντησε,
1078 4870 1155 4939 τῷ
1201 4871 1322 4941 Θεῷ
1358 4874 1555 4944 χάρις’
1596 4877 1646 4929 εί
1682 4876 1740 4932 δι

171 4961 511 5031 ἀπήντησεν,
542 4961 587 5031 ἢκ
608 4962 862 5032 καρτέρει
915 4962 1219 5035 πάσχων,ἢ
1259 4964 1367 5018 ίσθι
1395 4966 1741 5039 ψευσάμενος

170 5052 268 5123 τὴν
294 5052 611 5122 ὑπόσχεσιν.

243 5145 421 5199 Ἔνιοι
484 5142 861 5216 προκόψαντες
921 5148 1008 5201 ἐπ’
1067 5149 1292 5221 ἀρετὴν,
1360 5151 1741 5223 ὑπενόστησαν

173 5235 306 5305 πρὶν
336 5235 372 5305 ἢ
419 5235 708 5304 ἐφικέσθαι
746 5236 845 5291 τοῦ
895 5240 1107 5309 τέλους,
1135 5242 1239 5311 τὴν
1288 5242 1415 5308 ἄρτι
1463 5245 1743 5315 φυομένην

173 5327 600 5398 ἀριστοκρατίαν
647 5330 707 5381 ὲν
756 5330 823 5400 τῇ
871 5329 1016 5403 ψυχῇ
1076 5332 1415 5403 καθελούσης
1456 5336 1554 5405 τῆς
1592 5337 1746 5406 ὀχλοο

176 5417 445 5485 κρατίας,
491 5418 525 5489 ἢ
588 5420 729 5489 πρὸς
797 5420 979 5488 ὀλίγον
1044 5422 1411 5493 ἠρεμήσασα,
1466 5425 1631 5480 πάλιν
1685 5428 1745 5495 έξ

173 5506 425 5579 ὑπαρχῆς
456 5511 596 5579 μετά
629 5510 872 5575 πλείονος
902 5511 1187 5582 δυνάμεως
1217 5514 1567 5569 ἁντεπέθετο.

245 5688 439 5743 Πολλοὶ
482 5689 722 5760 ἀσκηταὶ
765 5691 1047 5762 γενόμενοι
1090 5692 1185 5746 Uti.
1232 5694 1327 5749 τοῦ
1372 5694 1560 5760 τέλους
1590 5700 1746 5768 μετέ-

180 5778 338 5833 ϐαλον
379 5780 477 5851 τῆς
523 5780 727 5852 ἀρετῆς
760 5780 825 5853 [Ῑ.
854 5784 953 5851 τὴν
998 5783 1225 5857 ἀρετήν]
1250 5801 1264 5816 ·
1294 5782 1339 5857 ᾧ
1367 5787 1425 5841 δὲ
1459 5790 1691 5860 παρέχει
1720 5792 1749 5845 ὁ

178 5870 303 5933 Θεδς
340 5872 652 5939 ἐπιστήμην
690 5873 934 5944 βεόαἴαν,
971 5876 1143 5947 τούτῳ
1191 5878 1406 5935 δίδωσιν
1436 5881 1744 5955 ἀμφότερα,

1824 3407 2065 3471 tissituo,
2084 3408 2179 3478 qui
2205 3409 2361 3478 c0pia
2390 3409 2655 3463 mercium
2677 3410 3088 3465 advectitiarum
3103 3416 3407 3479 exsultans.

1826 3500 1948 3553 navi
1979 3501 2235 3556 secundis
2264 3501 2643 3573 progrediente
2673 3504 2871 3570 ventis,
2900 3504 3208 3574 periculosa
3236 3509 3406 3561 maria

1826 3601 2237 3664 praetervectus,
2260 3594 2314 3649 in
2346 3595 2466 3663 ipso
2499 3596 2715 3651 laudent
2745 3605 2903 3667 portu
2928 3598 3051 3652 navi
3083 3597 3255 3653 fracta
3288 3600 3408 3654 uni-

1826 3686 2004 3742 versis
2032 3686 2140 3741 illis
2168 3687 2328 3741 simul
2358 3689 2601 3755 privatur
2632 3704 2647 3742 :
2674 3688 2817 3759 quod
2852 3689 2939 3745 hic
2983 3706 3199 3759 quoque
3232 3692 3408 3746 inlini-

1830 3772 1900 3835 lis
1929 3778 2209 3836 laboribus
2238 3788 2552 3849 comparata
2614 3797 2728 3835 uno
2753 3781 2955 3837 diaboli
2987 3783 3188 3851 impetu
3226 3784 3410 3853 perdat

1828 3882 1926 3940 per
1957 3881 2263 3938 peccatum,
2301 3871 2458 3940 quasi
2511 3886 2610 3941 per
2640 3874 2935 3942 procellam
2973 3877 3267 3943 quamdam
3306 3878 3410 3943 im;

1829 3972 2045 4013 manem
2069 3961 2409 4017 submersus.
2447 3960 2576 4018 Haec
2598 3979 2703 4019 vox
2728 3966 2778 4019 ei
2803 3967 3058 4022 convenit
3080 3968 3171 4037 qui
3194 3983 3409 4023 omnem

1830 4050 1994 4107 simul
2030 4052 2284 4107 virtutem
2316 4052 2602 4123 naufragio
2637 4055 2888 4113 amiserit
2917 4073 2934 4113 :
2984 4058 3116 4113 Vetti
3151 4060 3202 4113 in
3240 4063 3407 4114 altum

1832 4155 2004 4206 mare,
2037 4150 2090 4195 et
2118 4143 2355 4211 procella
2382 4143 2681 4200 submersit
2712 4160 2820 4204 me.

1902 4224 1990 4281 Id.
2023 4227 2079 4279 in
2111 4226 2365 4283 Oratione
2396 4239 2582 4283 contra
2610 4232 2805 4289 ebrios.
2836 4233 2939 4300 Qui
2977 4250 3318 4306 progressum
3354 4239 3408 4292 in

1831 4318 1992 4375 bonis
2017 4320 2326 4376 actionibus
2372 4321 2585 4389 iecerit,
2611 4323 2808 4380 deinde
2834 4328 2903 4382 ad
2940 4329 3224 4398 pristinam
3273 4345 3410 4384 cun-

1834 4410 2177 4466 suetudinem
2226 4427 2483 4469 reversus
2543 4414 2746 4483 fuerit,
2800 4434 2905 4472 non
2959 4420 3121 4475 modo
3164 4422 3407 4477 laborum

1835 4503 2237 4572 praeteritorum
2262 4505 2510 4567 mercede
2538 4508 2804 4577 privatur,
2826 4512 2919 4566 sed
2940 4513 3102 4569 etiam
3124 4517 3413 4571 acerbiore

1763 4585 1811 4646 Β
1838 4594 2291 4652 condemnatione
2322 4596 2519 4665 dignus
2543 4598 2840 4669 iudicatur.

1911 4683 2176 4756 Theologi.
2208 4685 2264 4742 Si
2296 4696 2355 4743 tu
2394 4689 2493 4745 tibi
2524 4690 2658 4744 nihil
2697 4693 3067 4749 molestiarum
3104 4696 3219 4753 fore
3253 4710 3411 4771 puta-

1840 4777 1939 4833 bas
1961 4793 2083 4832 cum
2104 4779 2169 4834 ad
2196 4780 2594 4851 philosophiam
2628 4785 2931 4849 accessisti,
2964 4785 3199 4843 alienum
3232 4806 3262 4845 a
3291 4792 3413 4862 phi-

1842 4868 2092 4938 losophia
2130 4870 2232 4925 fuit
2265 4870 2507 4929 initium.
2538 4872 2636 4928 Sin
2684 4876 2916 4942 putabas
2944 4887 2998 4931 et
3031 4894 3139 4934 non
3172 4884 3367 4937 accidit
3394 4925 3413 4949 ,

1846 4960 1958 5016 Deo
1992 4963 2168 5032 gratia
2203 4970 2289 5018 est
2319 4963 2567 5019 habenda
2605 4976 2620 5018 :
2652 4964 2736 5019 sin
2769 4968 3050 5036 acciderit,
3076 4980 3171 5027 aut
3199 4976 3413 5044 patien-

1845 5059 1927 5106 ter
1963 5051 2121 5119 [ει-ιο,
2149 5060 2245 5107 aut
2272 5053 2557 5123 promissis
2586 5054 2737 5109 scias
2771 5063 2823 5110 te
2859 5072 2966 5113 non
2995 5061 3237 5120 stetisse.

1915 5138 2179 5197 Philonis.
2214 5142 2469 5199 Nonnulli
2495 5158 2620 5200 eum
2654 5146 2710 5200 in
2766 5147 2966 5203 virtute
3010 5153 3370 5222 proiecissent
3394 5195 3412 5221 ,

1846 5232 2182 5289 deﬂuxerunt
2209 5244 2263 5290 et
2292 5247 2682 5294 revocaverunt
2709 5254 2769 5296 se
2796 5243 3114 5313 priusquam
3146 5247 3213 5300 ad
3248 5248 3414 5302 {litem

1850 5329 2243 5396 pervenissent.
2268 5325 2481 5383 Etenim
2514 5329 2775 5398 Optimam
2805 5333 3017 5390 vivendi
3053 5338 3314 5393 rationem
3344 5354 3410 5395 ex

1848 5418 2033 5473 animo
2063 5420 2303 5475 detrahit
2351 5422 2666 5478 turbulenta
2714 5432 2771 5479 et
2816 5429 3048 5494 pessima
3095 5430 3260 5496 ratio,
3293 5447 3409 5499 quat

1858 5525 1983 5566 cum
2019 5512 2296 5582 paulisper
2325 5514 2525 5583 quierit
2553 5515 2620 5571 de
2647 5516 2855 5587 integro
2883 5518 3178 5588 majoribus
3210 5524 3412 5581 viribus

1853 5602 2126 5659 renititur.

1919 5696 2243 5769 Complures
2268 5702 2764 5766 meditatorescum
2791 5715 2992 5769 essent,
3021 5707 3085 5761 ad
3114 5720 3411 5765 extremum

1850 5789 2104 5845 virtutem
2154 5804 2453 5850 mutarunt.
2496 5796 2652 5866 192
2681 5800 2747 5851 At
2774 5798 2861 5851 cui
2896 5797 3035 5854 Deus
3069 5800 3276 5855 lirtnam
3314 5803 3409 5855 lar-

1852 5882 2340 5955 giturscientiatn,
2372 5888 2497 5943 huic
2538 5899 2765 5957 utraque
2801 5890 3053 5961 largitur,
3099 5902 3152 5949 et
3185 5902 3413 5952 Vit-tuter
