3928 6536
559 453 698 520 1119
1780 447 2104 510 ANTONII
2146 434 2492 506 MELISSE
3647 427 3756 489 ιιεο

540 580 841 653 iexercere,
881 571 936 620 et
986 563 1055 620 ab
1097 562 1290 619 iisdem
1348 575 1628 630 nunquam
1688 560 1961 621 deiicere.
2015 573 2091 612 se.

2214 551 2539 626 ἐργάζεσθαί
2594 565 2653 604 τε
2710 549 2810 611 τὰς
2858 546 3081 616 ἀρετᾶς,
3133 542 3228 597 καὶ
3287 540 3551 611 μηδέποτε
3609 541 3755 592 οὔτῶν

552 672 769 727 smuper
805 655 1126 720 recondere,
1171 661 1226 710 et
1272 666 1714 722 unamquamque
1748 665 1964 720 semper
1993 663 2103 704 cou-

2224 646 2596 718 ἀφίστασθαι,
2665 642 2780 698 ἀλλ’
2841 640 2931 694 ἀεὶ
2998 635 3289 708 ταμιεύειν
3351 633 3445 686 καὶ
3506 631 3758 702 φυλάττειν

553 767 676 808 εει-ν
699 767 796 806 .re.

2223 737 2487 804 ἑκάστην.

620 844 737 900 iam
769 843 988 915 quidam
1018 854 1278 896 novarqu
1303 851 1489 892 rerum
1527 833 1710 904 cupidi
1741 841 1794 888 et
1827 832 2120 898 fastidiosi,

2297 829 2436 896 Ίὶδη
2470 826 2615 887 τινὲς
2664 823 2942 894 ἁψίκοροι,
2991 820 3318 891 γευσάμενοι
3367 818 3760 887 καλοκαγαθίας,

553 953 677 993 cum
723 903 1042 1006 probitatem
1094 931 1492 1002 degustassenl,
1525 942 1587 982 ac
1608 903 1766 996 spem
1800 932 1977 980 status
2018 938 2104 978 me

2223 922 2317 976 καὶ
2340 919 2530 974 ἐλπίδα
2555 918 2925 988 παρασχόντες
2951 913 3266 984 ύγείας,ἐίς
3293 903 3394 982 τήν
3414 910 3577 981 αὐτὴν
3598 911 3761 964 ἐπανέ-

555 1027 708 1082 lioris
737 1026 1031 1090 dedissem,
1071 1023 1124 1076 in
1155 1021 1410 1075 eumdem
1445 1018 1684 1072 recidere
1718 1015 1991 1069 morbum.

1155 1021 1410 1075 eumdem
1445 1018 1684 1072 recidere
1718 1015 1991 1069 morbum.
2226 1010 2465 1082 στρεψαν
2497 1010 2675 1063 νόσον.

907 1133 1139 1192 senuo
1174 1131 1310 1188 XLV
1338 1131 1437 1204 ιηι.
1469 1125 1780 1200 LXXXIX].

1652 1125 1780 1200 .IX].
2819 1119 3038 1175 ΛΟΓΟΣ
3068 1118 3203 1175 ME'.

541 1213 634 1303 :De
663 1233 730 1285 iis
780 1231 878 1303 qui,
923 1244 1051 1294 opus
1110 1224 1648 1303 libenterchiuntft
1683 1221 1937 1303 studiose:
1989 1215 2092 1303 Iter

2225 1217 2365 1287 Περί
2399 1213 2700 1287 φιλεργῶν
2723 1213 3245 1303 ,καὶσπουδμίωῖο
3279 1211 3370 1264 ὅτι
3404 1209 3521 1279 χρὴ
3565 1212 3760 1277 πονεῖν,

623 1283 971 1356 laborandum
996 1313 1128 1363 esse,
1155 1301 1291 1366 quod
1335 1283 1486 1347 labor
1516 1291 1806 1345 utilitate»:
1841 1288 2054 1342 habeat.

1771 1305 1806 1340 tu
1841 1288 2054 1342 habeat.
2304 1283 2318 1287 ⁷
2400 1283 2414 1287 ⁷
2536 1283 2546 1285 ’
2584 1283 2593 1286 ⁷
2705 1283 3003 1354 ὠφέλειαν
3035 1285 3144 1352 γὰρ
3171 1283 3322 1350 ἔχει.

623 1394 750 1450 Cen.
779 1406 856 1446 ιιι.
889 1391 1024 1446 Cum
1055 1389 1254 1442 sudore
1282 1386 1393 1439 oris
1421 1384 1551 1438 edes
1585 1395 1777 1452 panem
1807 1390 1982 1434 tuum.

2313 1380 2401 1432 ’Ev
2435 1377 2618 1448 ἱδρῶτι
2651 1377 2747 1430 τοῦ
2790 1376 3084 1447 προσώπου
3135 1377 3285 1447 φάγῃ
3337 1375 3437 1426 σὺν
3464 1374 3622 1444 ἄρτον
3673 1392 3763 1428 σου.

622 1485 686 1540 II
721 1483 906 1539 Paret.
938 1497 1064 1534 xxv.
1095 1477 1325 1534 Robusti
1353 1485 1548 1538 estote,
1580 1488 1678 1527 nec
1702 1473 1995 1540 fatigentur
2020 1481 2131 1522 tua-

2313 1474 2611 1543 ’ἰσχύσατε,
2645 1471 2737 1524 καὶ
2775 1470 2849 1541 μὴ
2883 1467 3264 1523 ἐκλυέσθωσαν
3312 1468 3368 1521 αἱ
3401 1470 3580 1539 χεῖρες
3617 1468 3764 1537 ὑμῶν,

553 1595 656 1635 nus
692 1587 903 1640 vestrae,
933 1572 1059 1642 quia
1086 1580 1174 1646 est
1200 1582 1409 1622 merces
1437 1580 1617 1634 opera:
1650 1575 1861 1618 vestrm.

1838 1586 1861 1617 ’.
2227 1565 2363 1620 διότι
2403 1566 2520 1617 ἐστὶ
2560 1562 2753 1630 μισθὸς
2778 1561 2878 1632 τῆς
2911 1561 3175 1632 ἐργασίας
3213 1560 3389 1629 ὑμῶν.

619 1666 742 1720 Job.
778 1664 854 1718 Ex
900 1657 1261 1717 sollicitudine
1295 1663 1350 1711 et
1394 1669 1523 1710 cura
1562 1654 1658 1708 tibi
1690 1653 1965 1706 exorietur
2000 1665 2124 1720 pax.

2317 1658 2413 1712 Ἐκ
2448 1655 2718 1725 μερίμνης
2750 1653 2842 1706 καὶ
2868 1653 3151 1723 φροντίδος
3200 1651 3564 1721 ἀναφανεῖται
3597 1667 3670 1703 σοι
3704 1652 3766 1704 εί-

2307 1766 2394 1815 νη.

541 1907 544 1915 .
619 1837 764 1894 Psal.
799 1851 896 1892 cu.
927 1831 1104 1888 Exibit
1136 1833 1298 1886 homo
1326 1829 1391 1883 ad
1423 1843 1561 1898 opus
1591 1841 1750 1884 suum
1773 1868 1789 1896 ,
1826 1835 1880 1882 et
1909 1824 1974 1880 ad
2003 1824 2091 1880 cui

2307 1766 2333 1798 ν
2380 1787 2394 1801 .

2235 1751 2684 1903 ρῆἹέξελεύσετιιι
2715 1833 3003 1900 ἄνθρωπος
3055 1833 3147 1886 ἐπὶ
3174 1833 3237 1886 τὸ
3272 1833 3434 1903 ἔργον
3463 1831 3646 1899 αὑτοῦ,
3692 1832 3767 1884 καὶ

541 1907 733 1982 ἰαί-ξιιμ
761 1941 914 1982 suam
947 1938 1120 1993 usque
1146 1921 1210 1976 ad
1251 1931 1558 1990 vesperam.
1776 1894 1782 1896 ὴ

2160 1894 2200 1950 Β
2230 1930 2322 1984 ἐπὶ
2349 1894 2450 1998 rip;
2481 1927 2745 1998 ἐργασίαν
2778 1894 2944 1980 αύτοῦ
2975 1894 3079 1988 ἓως
3117 1894 3380 1994 ἑσπέρας.

628 2019 863 2072 Labores
914 2014 1185 2068 fructuum
1233 2022 1450 2066 tuorum
1498 2009 1650 2075 edes,
1703 2008 1895 2064 beatus
1951 2022 2033 2069 es.
2076 2014 2132 2061 et

2299 2022 2441 2084 Τοὺς
2471 2020 2665 2082 πόνους
2693 2019 2800 2072 τῶν
2836 2017 3068 2089 καρπῶν
3109 2034 3202 2071 σου
3240 2017 3504 2087 φάγεσαι,
3539 2017 3765 2086 μακάριος

560 2106 696 2159 bene
724 2104 818 2158 tibi
841 2103 963 2158 erit.

2230 2109 2302 2178 εἴ,
2333 2114 2428 2165 καὶ
2459 2112 2639 2176 καλῶς
2673 2127 2756 2164 σοι
2784 2110 2958 2163 ἔσται.

634 2197 793 2251 Prov.
825 2211 900 2251 vi.
940 2195 995 2248 Si
1036 2193 1265 2263 impiger
1317 2191 1524 2255 fueris,
1569 2190 1748 2245 veniet
1793 2189 1958 2244 veluti
2008 2187 2131 2243 fons

2313 2204 2442 2257 Ἐὰν
2475 2205 2670 2266 ἄοκνος
2693 2197 2782 2275 ᾗς,
2803 2199 2924 2273 ἥξει
2949 2199 3136 2269 ὥσπερ
3183 2200 3335 2272 πηγὴ
3371 2201 3399 2252 ὁ
3429 2200 3631 2269 ἀμητός
3660 2214 3766 2250 σου*

557 2287 754 2341 messis
789 2292 913 2352 tua;
954 2281 1249 2352 indigentia
1273 2289 1453 2336 autem
1479 2279 1622 2335 velut
1649 2279 1902 2350 egregius
1935 2293 2108 2336 curam

2229 2296 2264 2366 ὴ
2300 2296 2356 2350 δὲ
2387 2295 2564 2349 ἔνδεια
2598 2294 2787 2365 ὥσπερ
2842 2293 3009 2358 καλὸς
3047 2293 3281 2364 δρομεὺς
3341 2291 3766 2361 ἀπαυτομολήσει.

553 2376 792 2446 effugiet;

627 2469 820 2524 Marius
857 2465 1082 2522 fortium
1108 2465 1469 2536 locupletarit.

2301 2479 2498 2549 Χεῐρες
2519 2477 2779 2547 ἀνδρείων
2812 2475 3217 2540 πλουτίζουσιν.

628 2561 684 2614 In
724 2560 872 2615 omni
904 2559 1139 2617 sollicite
1176 2556 1443 2630 cogitanti
1491 2556 1637 2614 inest
1689 2554 1895 2628 aliquid
1930 2556 2130 2614 redun-

1972 2556 2130 2614 tdun-
2313 2573 2404 2628 Ἐν
2438 2572 2600 2626 παντὶ
2635 2569 2978 2642 μεριμνῶντι
3023 2568 3202 2624 ἔνεστι
3237 2570 3523 2642 περισσόν.

553 2653 712 2710 dans.

626 2744 730 2811 Qui
760 2744 1076 2800 accumulat
1115 2743 1218 2800 sibi
1249 2758 1372 2799 cum
1399 2743 1620 2814 pietate,
1653 2742 2092 2814 locupletabitur.

2311 2749 2372 2803 '0
2408 2747 2662 2815 συνάγων
2713 2745 2893 2816 ἑαυτῷ
2947 2743 3070 2816 μετ’
3109 2743 3399 2809 εὐσεϐείας
3428 2744 3767 2815 πληθυνθήσε-

2230 2857 2344 2897 ται.

627 2922 788 2978 Prov.
817 2935 970 2976 xxxi.
999 2919 1252 2976 Porrexit
1281 2919 1504 2975 brachia
1539 2934 1640 2976 sua
1666 2921 1732 2976 ad
1759 2935 1920 2991 opus,
1951 2936 2016 2978 ac
2048 2923 2134 2977 in.
2168 2995 2178 3007 .

2306 2933 2534 3001 Ἤρεισε
2550 2929 2674 2991 τοὺς
2705 2929 2995 2999 βραχῖονας
3018 2927 3190 2998 αὐτῆς
3217 2929 3297 2990 είς
3321 2927 3506 2997 ἔργον,
3535 2929 3623 2982 καὶ
3643 2927 3769 2992 ἐγεύ-

557 3017 764 3072 tellexit
812 3015 1103 3070 honestum
1144 3027 1266 3068 esse
1302 3013 1556 3083 operari,
1588 3022 1643 3068 et
1692 3021 1860 3068 totam
1915 3025 2108 3071 nocten

2235 3041 2365 3078 σατο
2393 3025 2475 3077 ὅτι
2505 3022 2671 3075 καλόν
2708 3023 2830 3075 ἑστι
2865 3020 2927 3073 τὸ
2970 3021 3301 3091 ἐργάζεσθαι
3327 3036 3340 3050 ’
3380 3022 3473 3075 καὶ
3531 3020 3590 3073 οὗ
3635 3036 3770 3074 κατα-

557 3110 783 3164 luccrua
822 3105 994 3177 ipsius
1031 3120 1138 3160 non
1171 3106 1556 3176 exstinguitur.

2236 3114 2526 3168 σϐέννυται
2554 3115 2581 3166 ὁ
2597 3112 2795 3184 λύχνος
2825 3112 2996 3184 αὐτῆς
3011 3113 3143 3182 ὅλην
3166 3112 3265 3182 τὴν
3295 3113 3485 3168 νύκτα.

623 3200 1018 3256 Condemnabit
1042 3198 1227 3269 justus
1261 3197 1514 3253 laborans
1545 3197 1790 3255 viventes
1828 3198 2048 3269 impios.
2152 3220 2174 3277 ε

2304 3207 2638 3274 Κατακρινεῖ
2683 3204 2892 3268 δίκαιος
2928 3201 3125 3274 καμὼν
3157 3205 3283 3266 τοὺς
3318 3203 3528 3268 ζῶντας
3567 3202 3765 3260 ἀσεϐεῖς.

630 3293 906 3348 Bonorum
940 3293 1186 3346 laborum
1217 3290 1430 3344 fructus
1455 3289 1642 3360 gloriae
1667 3295 1997 3362 conjunctus
2026 3301 2130 3349 est.

1729 3295 1997 3362 injunctus
2026 3301 2130 3349 est.
2319 3294 2564 3363 Ἀγαθῶν
2586 3293 2766 3348 πόνων
2791 3291 3004 3361 καρπὸς
3027 3291 3280 3362 εὐκλεής.

625 3385 796 3441 Ercli.
832 3384 890 3441 in
939 3384 1199 3440 omnibus
1244 3383 1507 3454 operibus
1558 3385 1668 3440 tuis
1707 3385 1959 3442 assiduus
1987 3395 2128 3456 esto,

2317 3385 2406 3438 Ἐν
2430 3385 2566 3438 πᾶσι
2595 3386 2710 3447 τοῖς
2743 3382 2929 3455 ἔργοις
2957 3399 3054 3436 σου
3086 3382 3239 3451 γίνου
3263 3381 3543 3452 ιντρεχὴς,
3572 3380 3656 3434 καὶ
3681 3380 3763 3432 πᾶν

558 3487 614 3534 et
642 3478 822 3533 utilius
849 3486 898 3530 te
927 3475 1150 3531 morbus
1171 3475 1454 3544 corripiet.

2235 3475 2574 3550 ἀρρώστημα
2603 3477 2665 3530 οὐ
2701 3477 2775 3547 μή
2805 3493 2865 3529 σε
2897 3476 3209 3547 ἀπαντήσῃ.

638 3569 814 3624 Eccle.
855 3584 913 3622 ιι.
941 3567 1114 3622 Crede
1159 3565 1390 3622 Domino
1415 3607 1430 3633 ,
1459 3575 1515 3621 et
1556 3567 1786 3636 persiste
1838 3567 1894 3622 in
1946 3569 2134 3626 labore

2306 3571 2538 3623 Πίστευι
2565 3567 2644 3638 τῷ
2676 3567 2868 3639 Κυρίῳ
2911 3569 3005 3621 καὶ
3049 3565 3256 3637 ἔμμενε
3287 3567 3367 3638 τῷ
3405 3566 3553 3638 πόνῳ
3579 3582 3680 3626 σου,
3701 3564 3765 3616 ὅτι

559 3672 653 3717 ιιιο
684 3679 697 3714 :
727 3662 855 3731 quia
889 3659 1002 3714 leve
1028 3665 1111 3714 est
1135 3657 1190 3711 in
1221 3657 1395 3713 oculis
1439 3657 1649 3713 Domini
1698 3667 1919 3729 repente
1951 3659 2110 3714 ditari

2238 3660 2442 3728 κοῦφον
2488 3661 2546 3714 ὲν
2600 3660 2900 3730 ὀφθαλμοῖς
2948 3660 3156 3731 Κυρίου
3210 3659 3472 3731 ἐξαπίνης
3523 3659 3765 3711 πλουτίσαι

560 3766 878 3824 pauperem.

2241 3755 2472 3824 πένητα.

633 3843 803 3898 Eccli.
828 3858 903 3897 LI.
933 3840 1117 3898 Facite
1166 3857 1303 3911 opus
1345 3849 1585 3897 vestrum
1628 3849 1758 3898 ante
1809 3851 2044 3914 tempus,
2078 3850 2134 3898 et

2317 3846 2652 3916 Ἐργάζεσοε
2703 3846 2764 3900 τὸ
2794 3844 2957 3914 ἔργον
2986 3841 3144 3915 ὑμῶν
3190 3842 3297 3915 πρὸ
3345 3843 3562 3914 καιροῦ,
3592 3839 3673 3895 καὶ
3693 3837 3772 3890 δὸ-

562 3935 713 3989 dabit
740 3934 893 3988 vobis
924 3932 1226 3987 mercedem
1253 3934 1308 3986 in
1336 3942 1580 4001 tempore
1609 3948 1738 3989 suo.

2236 3953 2319 3993 σει
2353 3939 2448 3991 τὸν
2475 3939 2667 4008 μισθὸν
2698 3937 2854 3999 ὑμῶν
2887 3938 2947 3989 ὲν
2988 3936 3066 4005 τῷ
3097 3935 3278 4006 καιρῷ
3310 3934 3497 3988 αὑτοῦ.

635 4026 860 4082 Praestat
902 4023 995 4095 qui
1051 4023 1107 4078 in
1156 4026 1411 4080 omnibus
1463 4025 1669 4095 aliquid
1726 4023 1913 4090 operis
1976 4023 2131 4090 facit,

2309 4030 2576 4098 Κρείσσον
2632 4026 3000 4098 ἐργαζόμενος
3037 4026 3095 4080 ὲν
3147 4026 3339 4091 πᾶσιν,
3373 4024 3408 4096 ἢ
3455 4020 3771 4091 δοξαζόμενος

565 4135 728 4192 quam
767 4117 859 4187 qui
895 4116 1066 4186 gloria
1097 4115 1350 4182 aﬂicitur,
1380 4117 1539 4187 panis
1573 4117 1846 4190 indigens.

1257 4132 1350 4182 .ur,
1380 4117 1539 4187 panis
1573 4117 1846 4190 indigens.
2236 4119 2330 4175 καὶ
2349 4119 2570 4190 ἀπορῶν
2616 4119 2808 4188 ἄρτου.

633 4211 691 4265 In
724 4225 888 4280 opere
915 4218 1009 4265 tuo
1033 4210 1429 4265 consenescito.

2318 4210 2408 4263 Ἐν
2434 4209 2510 4279 τῷ
2547 4208 2695 4280 ἔργῳ
2718 4226 2810 4262 σου
2838 4206 3199 4278 παλαιώθητι.

631 4302 712 4357 Ad
773 4301 962 4356 horam
1033 4300 1405 4371 praescriptam
1469 4299 1718 4372 surgite,
1783 4313 1889 4355 nec
1945 4296 2136 4356 tardus

2113 4313 2136 4356 Ι
2318 4299 2408 4355 Ἐν
2437 4303 2505 4374 τῇ
2547 4299 2670 4371 ὥρα
2699 4315 2792 4353 σου
2816 4295 3117 4368 ἐξεγείρου,
3156 4297 3252 4352 καὶ
3279 4298 3357 4370 μὴ
3391 4296 3664 4371 βραδύνῃς.

559 4407 701 4454 esto.

628 4485 791 4540 Joan.
839 4500 892 4540 v.
935 4483 1094 4539 Pater
1135 4498 1292 4539 meus
1348 4481 1529 4538 adhuc
1581 4489 1858 4552 operatur,
1918 4491 1977 4538 et
2032 4495 2135 4553 ego

2315 4485 2376 4539 '0
2398 4483 2589 4553 Πατήρ
2626 4499 2728 4554 μου
2757 4483 2862 4547 ἕως
2889 4483 3015 4555 ἄρτι
3042 4480 3361 4553 ἐργάζεται,
3399 4481 3552 4551 κάγὼ
3582 4478 3773 4550 ἐργάζο-

558 4592 775 4647 operor.

2169 4569 2214 4627 Ι)
2244 4593 2366 4648 μαι.

631 4667 822 4722 Matth.
853 4679 980 4720 xxv.
1016 4663 1190 4719 Hotuo
1235 4663 1457 4734 quidam
1511 4678 1740 4735 peregre
1791 4665 2137 4735 profecturus

2318 4665 2636 4738 ’Ἄνθρωπός
2707 4683 2792 4730 τις
2839 4667 3145 4736 ἀποδημῶν
3185 4669 3413 4722 ἐκάλεσε
3463 4667 3588 4729 τοὺς
3639 4666 3772 4723 ίόἕους

562 4759 769 4814 vocatis
818 4756 995 4813 servis
1023 4756 1140 4812 suis
1164 4755 1315 4811 dedit
1355 4771 1454 4811 sua
1483 4756 1658 4820 bona,
1692 4757 1782 4811 alii
1809 4758 2028 4827 quidem
2056 4767 2108 4812 ta

2241 4757 2484 4823 δούλους,
2519 4759 2614 4812 καὶ
2639 4758 2958 4828 παρέδωκεν
2982 4759 3170 4824 αὐτοῖς
3194 4759 3265 4813 τὰ
3285 4761 3596 4830 ὑπάρχοντα
3617 4753 3768 4811 αὑτοῦ·

561 4847 705 4904 lenta
742 4852 1003 4918 quinque,
1035 4847 1195 4902 alteri
1251 4854 1429 4901 autem
1466 4849 1596 4910 duo,
1641 4848 1792 4902 alteri
1838 4863 2029 4913 unum,
2075 4864 2112 4903 at

2241 4851 2335 4905 καὶ
2368 4843 2413 4918 ᾧ
2447 4849 2546 4920 μὲν
2573 4849 2740 4903 ἐδωκε
2767 4851 2934 4904 πέντε
2965 4851 3226 4919 τάλαντα,
3259 4845 3305 4919 ᾧ
3334 4851 3394 4904 δὲ
3439 4852 3547 4918 δύο,
3569 4843 3608 4916 ᾧ
3633 4850 3681 4900 δὲ
3705 4846 3767 4907 ἓν,

565 4955 666 5009 pro
700 4939 957 4996 facultate
985 4939 1206 5009 cuique,
1247 4945 1302 4995 et
1353 4953 1576 5012 peregre
1609 4939 1887 5010 profectus
1926 4949 2045 5007 est,
2087 4957 2115 4996 e

2243 4941 2457 5011 ἑκάστῳ
2485 4941 2626 4994 κατὰ
2650 4939 2752 5012 τὴν
2803 4941 2942 4996 ἰδίαν
2991 4939 3226 5010 δύναμιν
3249 4955 3266 4972 ⁶
3311 4944 3411 4996 καὶ
3459 4942 3770 5010 ἀπεδήμησεν

565 5032 794 5101 reliqua.
1767 5053 1774 5059 ·

1767 5053 1774 5059 α
2239 5033 2465 5099 εὐθέως,
2493 5033 2588 5087 καὶ
2607 5033 2676 5086 τὰ
2707 5033 2856 5103 ἑξῆς.

634 5125 756 5180 Act.
806 5139 898 5178 xx.
950 5123 1053 5193 Ipsi
1100 5125 1272 5179 nostis
1323 5139 1519 5180 manus
1565 5124 1664 5179 bas
1713 5127 2139 5183 necessitatibus

2311 5121 2478 5175 Αὐτοὶ
2531 5121 2838 5189 γινώσκετε
2867 5123 2950 5178 ὅτι
2999 5124 3121 5188 ταῖς
3167 5123 3387 5195 χρείαις
3437 5141 3534 5196 μου
3561 5120 3771 5178 καὶτοῖς

567 5218 724 5274 ιιιιείε
758 5224 814 5272 et
865 5230 1054 5270 eorum
1114 5214 1210 5284 qui
1262 5230 1473 5270 mecum
1527 5224 1685 5270 erant
1732 5217 2074 5273 ministrasse

2237 5210 2358 5269 οὖσι
2395 5211 2512 5283 μετ’
2543 5212 2676 5282 έμοῦ
2701 5214 3060 5287 ὑπηρέτησαν
3087 5215 3144 5270 αί
3178 5218 3365 5287 χεῖρες
3426 5216 3602 5270 αὗται.
3639 5209 3771 5264 ’Υπὲ-

565 5309 814 5379 exemplo
845 5307 1212 5365 demonstravi
1250 5305 1406 5376 193
1435 5307 1612 5370 vobis,
1649 5308 1730 5364 sic
1776 5309 2116 5364 laborandun

2239 5305 2390 5372 δειξα
2420 5306 2516 5362 οὖν
2545 5307 2694 5378 ὑμῖν,
2739 5308 2823 5361 δτι
2849 5306 3025 5371 οὕτως
3071 5308 3385 5370 κοπιῶντας
3416 5308 3496 5361 δεῖ
3546 5303 3775 5366 ἀντιλαμ-

564 5419 711 5468 esse,
748 5414 808 5458 ut
837 5401 1090 5456 ialirmis.
1115 5400 1507 5464 subveniatur;
1557 5401 1832 5455 recordari
1865 5403 2008 5455 enim
2040 5402 2115 5456 de

2242 5398 2506 5452 ϐἀνεσοαι
2533 5399 2642 5452 τῶν
2674 5399 3070 5466 ἀσθενούντων,
3107 5399 3470 5470 μνημονεύειν
3500 5413 3556 5448 τε
3590 5393 3689 5446 τῶν
3707 5389 3773 5441 λό-

567 5494 707 5550 betis
751 5495 915 5550 verba
966 5491 1200 5558 Domini,
1250 5505 1376 5546 eum
1410 5489 1526 5561 ipse
1565 5492 1804 5546 dixerit:
1850 5510 1868 5544 ι
1902 5491 2118 5550 Felicia:

2241 5507 2351 5560 γων
2378 5491 2474 5544 τοῦ
2508 5491 2716 5562 Κυρίου
2762 5490 2958 5561 Ἰησοῦ,
2989 5492 3073 5544 ὅτι
3107 5492 3273 5554 αὐτὸς
3321 5485 3442 5544 εἷπε
3467 5503 3481 5520 ⁸
3522 5485 3771 5553 Μακάρων

563 5596 651 5644 est
680 5587 833 5652 dare,
872 5600 1034 5657 quam
1073 5584 1340 5655 accipere.
1367 5602 1387 5636 ι

2239 5581 2299 5633 τὸ
2326 5579 2524 5634 διδόναι
2565 5580 2764 5649 μᾶλλον
2791 5580 2823 5651 ἢ
2852 5580 3169 5651 λαμϐάνειν.

639 5677 671 5734 1
721 5679 903 5735 Thess.
955 5695 1031 5736 tv.
1083 5676 1377 5733 Hortamur
1431 5683 1613 5734 autem
1663 5693 1784 5746 vos,
1815 5677 2048 5743 fratres,
2079 5686 2139 5734 ut

2311 5671 2749 5743 Παρακαλοῦμεν
2803 5671 2862 5725 δὲ
2922 5671 3089 5742 ὑμᾶς,
3162 5671 3404 5739 ἀδελφοὶ,
3469 5663 3770 5740 περισσεύειν

568 5770 996 5827 abundantiores
1039 5768 1182 5834 sitis,
1213 5776 1269 5823 et
1299 5767 1560 5824 studeatis
1587 5769 1798 5838 quieti,
1834 5779 1889 5824 ct
1929 5769 2119 5837 privat:

2243 5766 2447 5838 μᾶλλον
2497 5765 2596 5820 καὶ
2650 5765 3054 5838 φιλοτιμεῖσθαι
3109 5766 3424 5836 ἡσυχάζειν,
3486 5765 3573 5818 καὶ
3623 5760 3771 5830 πρᾶσ-

569 5877 736 5934 opera
769 5861 1002 5929 faciatis,
1026 5860 1384 5935 manibusque
1407 5861 1603 5919 vestris
1632 5875 1768 5931 opus
1795 5859 2120 5918 conﬁciatis:

2247 5876 2360 5923 σειν
2389 5858 2456 5920 τὰ
2510 5857 2637 5927 ἴδια,
2675 5858 2810 5932 χαὶ,
2840 5857 3172 5928 ἐργάζεσθαι
3217 5859 3338 5922 ταῖς
3395 5858 3570 5927 χερσὶν
3624 5850 3767 5922 ὑμῶν,
