3928 6550
197 366 334 440 1125

988 377 1156 439 LOCI
1202 377 1641 441 COMMUNES.
1674 380 1979 455 ~PARS
2017 379 2095 445 II.
2126 379 2386 443 SERMO
2424 383 2630 447 XLVI.

3305 364 3440 450 1126

188 486 262 553 ὡς
290 484 497 557 σεμνὴν
538 488 797 555 ποιεῖται,
844 484 911 559 ἧς
959 492 1087 555 τοὺς
1121 493 1320 556 πόνους
1376 492 1621 564 βασιλεῖς
1673 493 1771 547 καὶ

1923 496 2227 554 )lendidum
2256 497 2471 564 efllciat,
2499 499 2659 569 cujus
2693 496 2976 556 laboribus
3007 508 3115 556 tum
3147 516 3304 573 reges
3328 517 3441 561 tum

192 578 402 633 ἰδιῶται
430 582 571 650 πρὸς
597 581 784 649 ὑγείαν
838 584 1262 653 προσφέρονται.
1297 585 1524 659 Ποθεινὴ
1556 588 1613 641 δέ
1652 589 1769 641 ἐστι

192 671 323 724 πᾶσι
354 673 451 726 καὶ
492 674 759 742 ἐπίδοξος,
808 677 1010 749 καίπερ
1037 678 1173 733 οὖσα
1212 682 1277 751 τῇ
1316 680 1475 753 ῥώμῃ
1536 681 1773 752 ἀσθενὴς

194 762 310 831 (τὴν
334 766 527 832 σοφίαν
546 769 680 839 τιμή
691 785 826 824 σασα
852 770 1149 842 προήχθη).
1181 771 1330 835 Ἕως
1360 774 1513 839 πότε,
1537 774 1763 845 ὀκνηρὲ,

191 855 550 920 κατάκεισαις
594 859 736 937 πότε,
772 859 827 913 δὲ
863 860 921 924 ἐξ
952 860 1121 914 ὕπνου
1173 862 1484 936 ἐγερθήσῃ;
1560 864 1771 932 Ὀλίγον

193 946 527 1016 μὲνὺπνοτς,
554 948 734 1015 ὀλίγον
756 951 811 1005 δὲ
845 951 1108 1022 κάθησαι,
1140 954 1336 1023 μικρὸν
1362 956 1418 1008 δὲ
1458 955 1769 1023 νυστάζεις,

190 1037 373 1104 ὀλίγον
414 1039 469 1092 δὲ
505 1040 835 1115 ὲναγκαλίζῃ
889 1047 1047 1114 χερσὶ
1097 1048 1293 1118 στήθη.
1319 1043 1452 1102 Εἶτα
1470 1048 1770 1118 παραγίνε-

190 1132 282 1183 ταί
304 1132 617 1205 σοι,’ὥσπερ
636 1136 835 1201 ἀγαθὸς
860 1138 1116 1208 δρομεὺς,
1142 1139 1176 1209 ἡ
1210 1140 1389 1206 πενία,
1423 1141 1516 1192 καὶ
1540 1142 1572 1210 ή
1595 1138 1772 1196 ἔνδεια

192 1222 386 1296 ὥσπερ
410 1226 574 1290 καλὸς
611 1229 917 1299 ὁδοιπόρος.

266 1318 507 1372 Πλούτου
547 1319 775 1390 ὀκνηροὶ
812 1323 1013 1388 ἐνδεεῖς
1046 1322 1313 1392 γίνονται.

280 1411 370 1462 Ἐν
404 1410 723 1481 ἐπιθυμίαις
752 1413 869 1466 ἐστὶ
897 1416 1006 1479 πᾶς
1057 1417 1279 1485 ἀεργός.

280 1499 424 1552 Ὀδοὶ
459 1501 677 1570 ἀεργῶν
708 1504 1058 1573 ὲστρωμέναι
1089 1506 1378 1571 ἀκάνθαις.

274 1590 435 1662 Ψυχὴ
469 1592 671 1661 ἀεργοῦ
698 1596 965 1652 πεινάσει.

194 1773 317 1834 δης.

270 1791 317 1834 ς.

227 1788 262 1843 η
282 1864 708 1938 Ὀνειδιζόμενος
737 1870 969 1940 ὀκνηρδς
992 1874 1093 1930 οὐκ
1138 1876 1477 1947 αἰσχύνεται.
1511 1878 1775 1945 ὡσαύτως

194 1957 296 2012 καὶ
319 1957 349 2010 ὁ
371 1957 756 2031 δανειζόμενος
784 1966 936 2018 σῖτον
974 1968 1032 2020 ὲν
1064 1968 1282 2040 ἀμητῷ.

288 2141 612 2210 Ἐπιθυμίαι
642 2144 875 2215 ὀκνηρὸν
897 2145 1309 2202 ἀποκτενοῦσιν·
1334 2150 1397 2203 ού
1427 2150 1535 2224 γὰρ
1562 2151 1777 2222 αἱροῦν-

198 2250 292 2288 ται
325 2236 385 2289 ai
413 2238 598 2307 χεῖρες
627 2238 791 2291 αὐτοῦ
824 2242 1006 2295 ποιεῖν
1033 2257 1108 2297 τι.

274 2326 686 2399 Προφασίζεται
734 2332 829 2385 καὶ
882 2331 1033 2400 λέγει
1073 2333 1328 2407 ὀκνηρόςο
1360 2336 1529 2393 Λέων
1570 2340 1631 2394 ἐν
1658 2342 1779 2407 ταῖς

198 2422 367 2485 ὁδοῖς,
397 2422 459 2475 ἐν
487 2423 545 2477 δὲ
572 2426 692 2487 ταῖς
717 2424 1001 2489 πλατείαις
1036 2429 1318 2496 φονευταί.

282 2514 379 2577 ’ος
432 2518 772 2586 καταφρονεῐ
821 2515 1173 2590 πράγματος,
1230 2524 1779 2598 καταφρονηθήσεται

202 2603 301 2657 ὑπ’
324 2606 515 2662 αὑτοῦ.

277 2699 599 2772 Σοφώτερος
625 2703 805 2776 ἑαυτῷ
826 2708 1080 2772 φαίνεται
1104 2708 1361 2779 ὀκνηρός.

280 2793 497 2865 Ὠσπερ
525 2796 667 2867 θύρα
706 2800 999 2869 στρέφεται
1046 2802 1138 2856 ἐπὶ
1169 2800 1265 2857 τοῦ
1295 2801 1644 2873 στρόφιγγος,
1694 2805 1784 2860 οὖ-

207 2900 320 2948 τως
346 2884 582 2956 ὀκνηρὸς
615 2890 710 2943 ἐπὶ
759 2894 857 2963 τῆς
880 2894 1069 2965 κοίτης
1097 2894 1286 2949 αὑτοῦ.

290 2975 437 3030 Ὀδοὶ
469 2984 955 3053 καταφρονούντων
996 2988 1054 3041 ὲν
1083 2987 1352 3059 ἀπωλείᾳ.

1873 589 2071 657 privati
2128 598 2356 646 utuntur
2403 590 2468 645 ad
2509 590 2876 646 valetudinem
2916 606 2928 640 :
2971 600 3024 646 et
3074 593 3143 646 ab
3192 596 3447 651 omnibus

1876 690 2094 736 amatur
2121 692 2176 738 et
2220 683 2547 749 celebratur,
2582 697 2894 753 quanquam
2930 683 3000 739 sit
3039 686 3236 741 robore
3289 685 3446 741 inlir.

1876 789 1965 829 mo
1999 792 2014 831 :
2044 774 2322 846 sapientia:
2345 777 2489 830 enim
2517 777 2719 840 dedita,
2749 776 3037 832 honestnta
3084 788 3187 834 est.
3235 778 3448 847 Quous-

1876 879 2004 936 que,
2026 867 2201 935 piger,
2230 867 2793 938 decumbeslquando
2824 867 3041 923 tandem
3071 884 3100 923 e
3131 885 3325 926 somno
3354 888 3449 925 ex-

1878 956 2172 1012 citaberis?
2215 959 2500 1029 Paulisper
2529 960 2757 1027 dormis,
2795 961 3071 1031 paulisper
3100 962 3280 1027 sedes,
3311 979 3445 1032 pnn-

1876 1048 2049 1103 lulum
2091 1049 2376 1117 dormitas,
2421 1053 2678 1109 admoves
2722 1067 2918 1107 manus
2971 1053 3197 1121 pectori,
3255 1055 3449 1108 deinde

1876 1152 2171 1212 paupertas
2212 1143 2359 1198 velut
2413 1144 2665 1214 egregius
2719 1159 2913 1200 cursor
2963 1144 3032 1199 ad
3078 1153 3130 1199 te
3172 1146 3338 1209 venit,
3396 1156 3451 1201 et

1873 1234 2058 1301 inopia
2096 1235 2239 1289 velut
2268 1236 2410 1290 celer
2446 1236 2639 1293 vialor.

1942 1326 2087 1395 Pigri
2124 1327 2434 1381 divitiarutn
2464 1339 2589 1382 sunt
2617 1329 2824 1397 inopes.

1870 1442 1871 1445 η
1940 1420 1993 1473 ln
2031 1419 2421 1489 cupiditatibus
2462 1430 2709 1476 versatur
2738 1410 2912 1480 omnis
2946 1426 3180 1482 otiosus.

1948 1510 2061 1567 Viae
2096 1513 2397 1568 otiosorum
2433 1514 2604 1582 spinis
2643 1524 2832 1570 stratae
2864 1524 3013 1572 sunt.

1946 1607 2141 1660 Anima
2171 1608 2332 1661 otiosi
2372 1608 2598 1663 esuriet.

287 1681 571 1739 Ἐνδύεται
619 1685 999 1759 διερῤηγμένα
1033 1691 1128 1746 καὶ
1176 1694 1399 1765 ῥακώδη
1426 1694 1534 1760 πᾶς
1589 1695 1772 1750 ύπνώο

1956 1696 2234 1754 Vestietur
2263 1699 2479 1755 detritis
2508 1701 2704 1770 pannis
2742 1701 3165 1758 somniculosus.

1949 1878 2109 1951 Piger
2139 1880 2358 1951 probris
2387 1897 2510 1938 cum
2540 1880 2791 1947 afﬁcitur,
2823 1897 2928 1937 non
2957 1882 3230 1938 erubescit
3254 1899 3272 1954 ;
3296 1883 3453 1940 simi-

1879 1973 2112 2042 literque
2139 1973 2232 2044 qui
2264 1973 2612 2029 commodato
2646 1975 2845 2046 accipit
2882 1973 3212 2030 frumentum
3258 1980 3454 2033 messis

1879 2074 1985 2122 lem
1995 2082 2147 2135 pore.

1946 2160 2286 2231 Cupitlitates
2316 2163 2527 2233 pigrum
2556 2162 2915 2229 interﬁeient;
2949 2178 3055 2219 non
3091 2163 3234 2219 enim
3260 2176 3453 2217 manus

1877 2252 1997 2324 ejus
2026 2254 2216 2308 volunt
2253 2255 2552 2324 quidquam
2589 2254 2783 2311 facere.

1952 2345 2227 2400 Causatur
2251 2355 2305 2401 et
2334 2346 2468 2402 dicit
2497 2347 2672 2418 piger,
2697 2347 2909 2403 leonem
2934 2362 3058 2404 esse
3083 2348 3135 2403 in
3164 2347 3289 2413 viis,
3314 2355 3367 2403 et
3395 2346 3453 2401 iu

1880 2452 2016 2493 \‘ICiS
2050 2452 2301 2494 SICM‘IOS.

1954 2530 2056 2598 Qui
2091 2547 2205 2586 rem
2242 2532 2555 2599 contemnit,
2595 2540 2971 2587 contemnetur
2999 2531 3066 2587 ah
3096 2531 3235 2602 ipsa.

1955 2708 2115 2780 Piger
2144 2710 2248 2766 sibi
2287 2709 2506 2765 videtur
2534 2709 2996 2781 sapientissimus.

1962 2801 2028 2857 Ut
2063 2800 2259 2858 ostium
2288 2801 2527 2857 volvitur
2552 2801 2607 2858 in
2647 2803 2889 2869 cardine,
2921 2804 3000 2859 sic
3040 2802 3192 2873 piger
3219 2800 3276 2857 in
3314 2800 3457 2857 lecto

1886 2907 2009 2948 suo.

1960 2981 2073 3038 Vize
2112 2984 2246 3038 nihil
2283 2983 2587 3039 curantium
2626 2984 2681 3041 in
2708 2983 3033 3055 perditiOne.

292 3069 381 3121 Ἐν
410 3070 645 3144 ὀκνηρίᾳ
675 3076 1149 3147 ταπεινωθήσεται
1189 3080 1445 3149 δὸκωσις,
1482 3084 1577 3138 καὶ
1602 3086 1660 3138 ὲν
1689 3086 1786 3156 ἀρ-

1959 3076 2181 3146 l’igritia
2208 3076 2493 3147 dejicietnr
2514 3084 2567 3131 et
2587 3076 2835 3131 diruotur
2864 3085 3091 3140 tectum,
3121 3081 3174 3129 et
3200 3072 3313 3129 otio
3342 3085 3459 3125 ma-

210 3157 309 3229 γίᾳ
339 3162 539 3230 χειρῶν
584 3164 770 3231 crees.
802 3167 972 3223 οἰκία.

284 3253 377 3322 Μὴ
403 3255 558 3321 γίνου
583 3260 752 3328 ταχὺς
782 3258 839 3312 ὲν
879 3261 1099 3335 γλώσσῃ
1139 3281 1257 3328 σου,
1315 3268 1410 3320 καὶ
1443 3267 1650 3339 νωθρὸς
1695 3271 1791 3323 καὶ

210 3347 551 3414 παρειμένος
580 3351 637 3401 ὲν
666 3352 778 3414 τοῖς
807 3351 989 3421 ἔργοις
1024 3372 1139 3413 σου.

290 3438 500 3508 Πολλὴν
530 3443 734 3495 κακίαν
765 3443 1003 3510 ἐδίδαξεν
1035 3449 1067 3519 ή
1101 3449 1289 3518 ἀργία.

300 3530 390 3582 Ἐν
417 3534 634 3602 νεότητί
654 3551 749 3587 σου
779 3538 839 3591 ού
881 3540 1254 3612 συναγήοχας,
1310 3544 1408 3598 καὶ
1456 3544 1572 3609 πῶς
1605 3544 1673 3599 ἂν
1703 3545 1793 3599 ε’ύ-

216 3640 336 3692 ροις
366 3626 423 3677 ὲν
455 3630 602 3699 γήρᾳ
633 3645 727 3682 σου
754 3646 769 3695 ς
990 3636 995 3641 ’

302 3717 393 3769 Ἐν
418 3720 588 3789 ἀργίᾳ
615 3721 911 3786 ἐλάττωσις
943 3724 1134 3796 πολλή·
1171 3727 1353 3799 μήτηρ
1381 3729 1530 3785 ἐστὶν
1567 3730 1599 3801 ἡ
1624 3731 1793 3801 ἀργία

215 3808 312 3863 τοῦ
344 3809 529 3879 λιμοῦ,
557 3812 758 3883 ἀδελφὴ
786 3814 843 3867 δὲ
874 3815 975 3884 τῆς
1004 3817 1234 3887 κλοπῆς.

289 3902 381 3970 Τῷ
414 3902 590 3972 ἔχοντι
624 3906 786 3956 παντὶ
816 3894 1125 3976 δοθήσεται,
1156 3912 1249 3963 καὶ
1275 3913 1791 3982 περισσευθήσεται·

218 3993 330 4046 ἀπὸ
360 3993 417 4046 δὲ
452 3996 547 4047 τοῦ
573 3994 647 4067 μὴ
680 3995 898 4066 ἔχοντος
930 3999 1027 4052 καὶ
1068 3998 1097 4053 ὃ
1126 4002 1275 4056 δοκεῖ
1295 4002 1439 4074 ἔχειν
1493 4003 1796 4076 ἀρθήσεται

218 4088 318 4143 ἀπ’
334 4088 526 4146 αὑτοῦ.

294 4179 364 4233 Et
379 4197 463 4243 τις
486 4182 548 4234 ού
574 4180 721 4238 θέλει
754 4182 1114 4255 ἐργάζεσθαι,
1142 4185 1278 4257 μηδὲ
1322 4185 1573 4239 ἐσθιέτωο
1607 4186 1798 4240 ἀκούο-

225 4290 326 4341 μεν
357 4276 465 4344 γάρ
498 4291 652 4338 τινας
675 4277 733 4330 ὲν
764 4277 894 4347 ύμῖν
926 4277 1660 4348 ἀτάκτωςπεριπατοῦντας.
1694 4296 1799 4349 μη-

1893 3186 2055 3225 nnum
2097 3170 2322 3224 stillabit
2352 3168 2548 3224 domus
2580 3169 2679 3239 (ί).

1966 3259 2126 3330 196
2156 3258 2233 3312 Ne
2260 3259 2338 3313 sis
2370 3259 2551 3328 lingua
2580 3256 2765 3319 celeri.
2797 3264 2850 3311 et
2873 3254 2927 3309 in
2954 3252 3211 3325 operibus
3242 3249 3460 3323 langui-

1892 3353 1996 3409 dzts
2031 3368 2093 3405 ac
2133 3351 2417 3405 remissus.

1964 3444 2206 3497 Plurima
2236 3443 2362 3495 vitia
2399 3441 2559 3494 docet
2614 3439 2810 3493 otium.

1966 3534 2134 3589 Eccli.
2180 3549 2368 3589 χχχιιι.
2402 3530 2457 3585 1η
2486 3531 2772 3600 juventute
2819 3541 2940 3581 cum
2971 3523 3106 3579 nihil
3161 3519 3459 3594 collegeris,
3544 3572 3547 3573 ν

1894 3628 2172 3700 quomodo
2202 3627 2447 3680 invenias
2478 3623 2531 3678 in
2564 3627 2841 3677 senectute
2870 3630 2961 3674 tua

1973 3718 2170 3776 Tobiw.
2237 3718 2293 3772 In
2323 3716 2433 3772 otio
2466 3714 2652 3770 multae
2683 3728 2772 3767 res
2809 3711 3253 3768 imminuuntur:
3287 3706 3459 3763 otium

1896 3821 2071 3868 mater
2101 3819 2183 3865 est
2213 3808 2372 3865 famis
2398 3816 2449 3862 et
2481 3806 2648 3861 frater
2679 3804 2831 3860 furti.
3225 3806 3229 3809 '

1969 3903 2163 3958 Matth.
2192 3915 2318 3956 'xm.
2345 3899 2505 3954 Omni
2561 3898 2650 3966 qui
2686 3898 2848 3952 habet
2875 3892 3111 3955 dabitur,
3163 3899 3217 3945 et
3245 3886 3461 3945 aliiuel:

1897 3996 1966 4052 ab
1994 4010 2059 4050 eo
2092 4004 2275 4049 autem
2312 3992 2407 4063 qui
2437 3980 2544 4047 non
2575 3990 2758 4055 habet,
2787 3995 2841 4043 et
2871 3983 3018 4057 quod
3052 3981 3270 4039 videtur
3298 3978 3464 4034 habeo

1898 4100 1978 4153 re,
2007 4085 2305 4141 auferetur.

1968 4177 2024 4234 II
2054 4176 2237 4230 Thess.
2272 4189 2353 4229 ιιι.
2388 4172 2443 4228 Si
2472 4171 2595 4243 quis
2632 4168 2849 4242 operari
2908 4174 3147 4226 recusat,
3171 4164 3217 4218 is
3250 4172 3467 4230 quoque

1903 4272 2041 4328 nihil
2065 4271 2228 4327 edat:
2257 4267 2512 4323 audimus
2548 4262 2694 4319 enim
2720 4262 2985 4332 quosdam
3030 4258 3175 4312 inter
3205 4267 3306 4309 vos
3369 4249 3465 4321 qui

222 4365 312 4418 δὲν
330 4366 756 4437 ἐργαζομένους,
788 4344 925 4423 ἀλλά
971 4344 1527 4440 περιεργαξομίνους.
1576 4344 1715 4434 Τοὺς
1743 4344 1790 4424 di

1929 4362 2265 4417 mmoderate
2298 4374 2357 4414 se
2392 4362 2607 4428 gerant,
2635 4353 2772 4410 nihil
2796 4351 2974 4420 operis
3003 4347 3108 4418 ipsi
3171 4344 3465 4405 facientes,

224 4454 506 4518 τοιούτους
564 4459 1024 4530 παραγγέλλομεν
1096 4461 1192 4514 καὶ
1251 4461 1684 4532 παρακαλοῦμεν
1742 4464 1790 4516 ὲν

1923 4456 2000 4511 sed
2026 4453 2079 4508 in
2110 4452 2285 4506 aliena
2310 4463 2473 4519 opera
2502 4447 2717 4501 curiose
2764 4442 3141 4511 inquirentes:
3169 4448 3306 4505 quos
3351 4446 3469 4532 nro-

226 4546 443 4616 Κυρίῳ,
491 4548 671 4615 Ἰησοῦ
706 4550 794 4603 ἵνα
820 4551 960 4620 μετὰ
1000 4552 1233 4623 ἡσυχίας
1290 4552 1652 4625 ἐργαζόμενοι
1713 4554 1803 4608 τὸν

227 4637 441 4693 ἑαυτῶν
463 4640 629 4709 ἄρτον
674 4642 956 4698 ἐσθίωσιν.

311 4731 510 4801 Ἀργία
538 4735 877 4804 κακουργίας
906 4735 1074 4806 ἀρχή.

304 4822 467 4875 Ἶδιον
532 4822 694 4876 τοῦτο
744 4824 1090 4897 ἀρρώστημα
1149 4824 1330 4897 ἀργῆς
1386 4826 1482 4880 καὶ
1557 4827 1806 4901 ῥᾳθύμου

228 4912 431 4981 τυχῆς,
462 4912 691 4966 ἐνύπνια
729 4914 950 4983 βλέπειν
986 4918 1355 4986 ἐγρηγορότας
1402 4917 1497 4971 τοῦ
1531 4920 1804 4983 σώματος.

307 5004 431 5070 Τίς,
464 5004 522 5055 ὲν
546 5005 726 5073 καιρῷ
761 5008 968 5076 σπορᾶς
999 5006 1138 5058 οἴκοι
1165 5005 1496 5076 καθήμενος,
1523 5008 1811 5073 ἐνστάντος

229 5096 325 5149 τοῦ
361 5096 629 5167 θερισμοῦ
652 5097 743 5151 τὸν
775 5099 976 5153 κόλπον
993 5100 1282 5170 ἐπλήρωσε
1303 5100 1411 5153 τῶν
1440 5100 1771 5170 δραγμάτων
1793 5119 1808 5169 ;

232 5186 316 5249 τίς
348 5187 660 5256 ἀτρύγησεν
690 5188 1013 5257 ἀμπελῶνα,
1040 5189 1134 5242 τὸν
1170 5188 1244 5260 μὴ
1280 5189 1411 5259 παρ’
1443 5189 1609 5243 αὐτοῦ
1634 5207 1810 5260 πεφυ-

234 5278 538 5346 τευμένον;
576 5279 839 5331 Ἐκείνων
888 5281 936 5332 οἱ
986 5280 1194 5351 καρποὶ
1221 5275 1297 5335 ὧν
1332 5280 1427 5334 καὶ
1457 5282 1505 5333 oi
1541 5282 1716 5337 πόνοι.
1742 5283 1808 5336 Ai

234 5372 397 5440 τιμαὶ
440 5372 539 5423 καὶ
589 5374 636 5424 οἱ
691 5372 947 5440 στέφανοι
982 5372 1093 5425 τῶν
1118 5372 1486 5444 νενικηκότων
1531 5374 1659 5427 εἰσί.
1716 5375 1812 5437 Τίς

240 5463 501 5528 στείρανοί
538 5476 669 5513 ποτε
700 5462 790 5515 τὸν
826 5461 963 5533 μηδὲ
993 5462 1265 5515 ἀποδύντα
1306 5463 1442 5534 πρὸς
1469 5463 1558 5517 τὸν
1586 5463 1813 5517 ἀντίπα-

239 5552 329 5605 λον
357 5571 373 5619 ;
408 5555 570 5607 ὁπότε
606 5556 667 5609 ού
698 5555 923 5624 νικῆσαι
952 5558 1114 5626 μόνον
1136 5556 1238 5624 δεῖ,
1276 5557 1413 5612 ἀλλά
1438 5559 1532 5611 καὶ
1564 5557 1815 5627 νομίμως

240 5643 500 5714 ἀθλῆσαι,
536 5649 679 5702 κατά
704 5648 796 5701 τὸν
832 5648 1179 5702 Ἀπόστολον.

1912 4562 2106 4602 nemus
2134 4552 2187 4601 et
2217 4545 2498 4598 hortamur
2527 4553 2619 4608 per
2653 4535 2948 4590 Dominum
2976 4528 3187 4593 Jesum,
3209 4534 3268 4581 ut
3291 4523 3474 4595 quiete

1910 4641 2197 4705 cperantes
2235 4646 2393 4685 suum
2423 4629 2524 4698 ipsi
2583 4640 2778 4696 panem
2827 4622 3011 4677 edant.

1985 4725 2194 4781 Basilii.
2248 4721 2429 4777 Otium
2461 4720 2708 4775 maleﬁcii
2740 4715 3092 4787 principium.

1984 4814 2211 4885 Propria
2243 4827 2324 4869 est
2352 4815 2470 4868 haec
2498 4810 2761 4882 aegritudo
2791 4806 2951 4863 otiosi
2981 4814 3033 4860 et
3071 4797 3332 4858 desidiosi
3362 4796 3481 4852 aui-

1916 4912 2012 4975 mi,
2053 4918 2116 4963 ut
2147 4906 2407 4977 vigilante
2441 4917 2667 4972 corpore
2699 4900 2911 4956 somnia
2941 4899 3139 4954 videat.

1986 5001 2140 5068 Quis,
2194 4994 2456 5051 sementis
2501 5003 2741 5061 tempore
2783 4988 2930 5043 domi
2963 4987 3185 5050 sedens,
3246 4984 3483 5041 instante

1914 5102 2101 5150 aestate
2129 5092 2307 5146 sinum
2340 5101 2497 5141 suum
2520 5080 2813 5151 manipulis
2833 5076 3254 5149 ituplevithuis
3287 5077 3482 5129 vindev

1919 5187 2107 5243 tniavit
2136 5184 2371 5243 vineam,
2405 5193 2567 5249 quam
2598 5178 2711 5244 ipse
2763 5190 2868 5230 non
2904 5168 3258 5228 conseverit?
3289 5180 3481 5223 eorum

1919 5288 2048 5336 Sttnl.
2081 5277 2312 5338 fructus,
2340 5286 2572 5342 quorum
2608 5268 2826 5322 fuerunt
2847 5266 3087 5320 labores.
3145 5258 3392 5313 Honores
3425 5264 3482 5309 et

1919 5382 2135 5426 coronae
2162 5379 2374 5426 eorum,
2401 5360 2491 5431 qui
2521 5358 2803 5413 victoriam
2829 5352 3186 5415 obtinuerint,
3218 5361 3342 5401 esse
3390 5361 3483 5401 so-

1920 5464 2053 5519 lent.
2086 5458 2217 5526 Quis
2253 5467 2492 5525 unquam
2520 5450 2893 5505 coronandum
2918 5442 3126 5514 putavit
3152 5452 3276 5494 eum
3299 5437 3390 5507 qui
3413 5437 3480 5491 ad

1920 5550 2238 5606 certandum
2266 5559 2389 5599 eum
2413 5539 2730 5595 adversario
2762 5551 2829 5590 ne
2879 5548 2939 5590 se
2972 5528 3186 5586 exuerit
3213 5527 3436 5597 quidem
3462 5526 3487 5584 ἲ

1922 5635 2145 5706 quando
2165 5647 2271 5686 non
2294 5630 2469 5684 solum
2496 5625 2825 5683 vincendum
2859 5632 2963 5690 est,
2989 5618 3082 5676 sed
3102 5617 3295 5686 etiam,
3326 5623 3388 5672 υι
3410 5613 3487 5673 ait

1923 5724 2235 5797 Apostolus,
2294 5721 2530 5792 legitime
2589 5718 2925 5776 certandum.

316 5854 394 5919 (ι)
429 5851 495 5909 Id
535 5864 649 5919 est,
690 5854 979 5911 stillicidiis
1013 5853 1171 5925 plena
1219 5850 1323 5907 erit
1373 5857 1590 5922 propter
1629 5825 1832 5901 otiosas
1864 5855 2078 5897 manus.
