3928 6546
245 455 380 516 “29

831 568 1049 621 ΛΟΓΟΣ
1080 568 1224 622 Μιίν.

656 686 794 752 Περὶ
839 686 1391 753 ἀναισθητοῦντων.

321 799 449 852 Ἐὰν
486 801 776 867 μαστιγοῖς
820 798 912 851 τὸν
948 799 1162 869 ἄφρονα
1199 801 1258 852 ἐν
1295 800 1447 870 μέσῳ
1501 801 1810 871 συνεδρίου,

237 890 297 943 οὐ
322 890 399 962 μὴ
425 890 693 960 περιέλῃς
731 891 1020 959 ἀτιμάζων
1054 890 1152 962 τὴν
1190 891 1511 964 ἀφροσύνην
1547 893 1743 949 αὑτοῦ.

311 1066 542 1135 Ἀφρων
584 1065 956 1136 μαστιγωθεὶς
988 1067 1090 1119 οὐκ
1121 1068 1461 1125 αἰσθάνεται.

319 1157 725 1229 ᾙσχύνθησαν,
757 1160 854 1214 καὶ
883 1160 983 1230 τὴν
1017 1159 1245 1229 ἀτιμίαν
1279 1160 1464 1214 αὐτῶν
1494 1164 1596 1215 οὐκ
1639 1162 1814 1230 εγνωο

238 1265 362 1310 σαν,
396 1251 492 1301 καὶ
528 1249 628 1320 οὐχ
655 1250 730 1313 ὠς
763 1251 1225 1321 κατῃσχυμμένοι
1263 1249 1633 1322 ᾐσχύνθησαν.

313 1427 408 1491 Ὠς
446 1427 476 1480 ὁ
511 1426 804 1496 ἐξεγείρων
850 1423 1214 1486 καθεύδοντας
1273 1425 1338 1478 ἐκ
1377 1424 1568 1493 βαθέος
1618 1422 1810 1489 ὕπνου,

228 1522 258 1574 ὁ
284 1520 652 1590 διηγούμενος
681 1519 899 1587 ἄφρονι,
932 1518 1029 1570 καὶ
1053 1515 1146 1569 ἐπὶ
1174 1515 1317 1570 τέλει
1340 1516 1478 1600 ipsi,
1517 1516 1582 1570 Tt
1605 1513 1804 1582 τοῦτοί

231 1612 332 1665 καὶ
374 1614 468 1664 ἐπὶ
497 1610 785 1681 συντελείᾳ
817 1611 954 1680 ἐρεῖ,
989 1609 1033 1661 Τ
1039 1609 1055 1661 ι
1093 1607 1397 1678 πρότερον;

305 1786 467 1840 Μετὰ
490 1786 725 1856 ἄφρονος
752 1787 826 1856 μὴ
856 1785 1111 1853 πορεύου,
1141 1784 1492 1856 ἀναισθητῶν
1517 1785 1629 1855 γὰρ
1658 1784 1814 1850 ἐξου-

1099 453 1268 512 LUCI
1303 415 1752 511 COMMUNES.
1787 475 1854 486 --
1883 452 2078 512 PARS
2123 451 2206 513 II.
2235 447 2494 510 bEl’tMO
2529 449 2617 507 LI.

3360 445 3492 510 1130

2235 567 2476 624 SERMO
2536 564 2746 621 XLVIII
2787 563 2883 636 [αι.
2937 563 3148 634 XXIX].

2041 729 2047 734 .
2130 681 2209 735 De
2243 681 2387 735 nullo
2420 695 2575 734 senm
2603 686 2694 731 aut
2728 675 2992 731 intellectu
3025 674 3282 743 prazditis.

1998 793 2272 848 Salomon.
2301 790 2356 846 Si
2401 789 2584 860 ﬂagris
2615 786 2959 855 insipientem
2991 783 3254 839 cecideris
3286 781 3340 835 in
3382 795 3493 835 me-

1919 889 2007 942 dio
2073 885 2331 951 concilio,
2394 882 2469 936 illi
2535 896 2642 936 non
2679 877 2982 934 detraxeris
3037 876 3140 930 lIac
3185 874 3492 943 ignominia

1919 977 2312 1048 insipientiam.

1989 1068 2203 1123 Stultus
2232 1066 2415 1136 ﬂagris
2456 1079 2632 1120 caesus
2661 1078 2768 1118 non
2799 1063 2958 1131 sapit.

1987 1159 2184 1214 Jerem.
2257 1157 2627 1219 Erubuerunt,
2687 1163 2742 1210 et
2798 1153 3077 1208 infamiam
3160 1165 3317 1207 suam
3381 1161 3489 1202 non

1916 1256 2271 1321 agnoverunt,
2319 1261 2420 1302 nec
2480 1255 2538 1300 ut
2582 1244 2852 1301 dedecore
2915 1241 3098 1298 aﬁecti
3134 1237 3488 1297 verecundati

1915 1350 2064 1400 sunt.

1989 1433 2151 1488 Velut
2183 1433 2274 1502 qui
2306 1433 2509 1488 excitat
2540 1429 2876 1485 dormientes
2897 1443 2963 1482 ex
3012 1427 3122 1480 alto
3143 1438 3362 1488 somno,
3409 1421 3491 1479 sic

1915 1525 2008 1594 qui
2034 1525 2201 1580 stulto
2220 1523 2424 1594 aliquid
2454 1531 2644 1577 narrat
2666 1537 2680 1574 :
2701 1519 2796 1589 qui
2829 1519 3044 1574 tandem
3085 1517 3152 1570 ad
3179 1526 3489 1570 extremum

1914 1617 2092 1671 dicet:
2127 1614 2272 1681 Quid
2303 1613 2446 1669 istud
2476 1612 2601 1668 est?
2629 1619 2684 1665 et
2709 1611 2762 1664 in
2794 1606 3289 1671 consummatione,
3344 1603 3488 1670 Quid

1913 1709 2065 1780 prius
2084 1708 2108 1761 ?

1988 1800 2128 1855 Cum
2167 1799 2336 1854 stulto
2363 1812 2432 1852 ne
2469 1796 2839 1868 congreditur,
2874 1806 3001 1847 nam
3044 1803 3170 1845 cum
3205 1801 3370 1842 sensu
3400 1800 3495 1841 ca-

231 1883 386 1935 θενεῖ
415 1900 510 1935 σου
548 1883 618 1935 τὰ
646 1883 824 1936 πάντα
849 1896 864 1912 ⁸
900 1881 1137 1952 φύλαξαι
1165 1879 1260 1937 ἀπ’
1280 1880 1472 1945 αὑτοῦ,
1498 1881 1586 1936 ἵνα
1623 1881 1699 1952 μὴ
1726 1881 1816 1935 κό-

1965 1899 2065 1958 :at,
2097 1889 2280 1944 omnia
2313 1898 2404 1943 tua
2430 1887 2734 1943 contemnit
2757 1902 2774 1940 ι
2801 1897 2935 1940 cave
2980 1881 3160 1947 illum,
3221 1892 3288 1932 ne
3318 1875 3490 1931 mole-

169 1968 184 1986 ⁶
232 1991 344 2026 πον
368 1973 468 2028 ira
481 1992 524 2028 :.

313 1993 344 2025 ν
368 1991 393 2026 ε
481 1992 524 2028 :.

311 1991 644 2133 Συξὲολλῶν
681 2064 952 2134 ὄστρακον
983 2067 1012 2118 ὁ
1043 2063 1313 2120 διδάσκων
1346 2065 1551 2119 αωοόν.

827 2179 1046 2234 ΛΟΓΟΣ
1080 2179 1208 2234 MO'.

285 2293 435 2361 Περὶ
484 2294 775 2364 ὀνόματος
807 2295 1079 2365 χρηστοῦ
1127 2294 1228 2349 καὶ
1265 2296 1444 2366 χάριν
1480 2295 1754 2364 ἔχοντος.

304 2399 419 2460 Ἦν
453 2409 659 2478 Κύριος
689 2411 828 2480 μετὰ
872 2409 1091 2477 Ἰωσὴφ,
1125 2407 1220 2462 καὶ
1260 2411 1519 2478 κατέχεεν
1548 2409 1636 2464 ἐπ’
1665 2405 1816 2478 αὐτῷ

229 2495 411 2560 ἔλεος,
442 2500 538 2552 καὶ
560 2501 761 2554 ἔδωκεν
784 2499 933 2566 αὕτῷ
965 2499 1126 2570 χάριν
1151 2499 1333 2553 ἔναντι
1363 2496 1458 2553 τοῦ
1489 2498 1817 2569 ἀρχιδεσμο-

231 2590 504 2661 φύλακος.

306 2684 684 2755 Αἱρετώτερον
718 2684 883 2754 ὄνομα
910 2683 1076 2737 καλὸν
1109 2683 1142 2752 ἢ
1173 2683 1402 2748 πλοῦτος
1432 2684 1604 2748 πολύς
1623 2700 1636 2716 ·
1674 2683 1816 2750 ὑπὲρ

225 2778 288 2830 δὲ
327 2776 599 2848 ἀργύριον
629 2778 726 2832 καὶ
749 2777 976 2848 χρυσίον
1001 2777 1163 2848 χάρις
1192 2775 1392 2844 ἀγαθή.

307 2960 488 3026 Χάρις
519 2960 613 3012 καὶ
659 2959 813 3029 φιλία
861 2957 1158 3028 ἐλευθεροῖ,
1201 2954 1270 3020 ἃς
1296 2956 1540 3028 τήρησον
1580 2958 1815 3029 σεαυτῷ,

229 3051 315 3121 μὴ
339 3053 701 3115 ἐπονείδιστος
730 3053 884 3126 γένῃ.

307 3145 679 3213 Περιποξησαι
713 3145 873 3216 χάριν
909 3146 1005 3199 καὶ
1033 3144 1244 3199 ἔννοιαν
1272 3141 1489 3214 ἀγαθὴν
1524 3142 1584 3194 ὲν
1619 3139 1818 3212 ὀφθαλ-

231 3239 361 3303 μοῖς
391 3236 530 3288 Θεοῦ
562 3236 659 3288 καὶ
685 3236 1007 3308 ἀνθρώπων.

317 3327 550 3395 Ἀγαθὸν
579 3329 745 3398 ὄνομα
771 3329 913 3396 ὑπὲρ
942 3328 1120 3382 ἔλαιον
1145 3327 1375 3395 ἀγαθόν.

309 3419 609 3486 Φρόντισον
640 3417 770 3488 περὶ
810 3418 1093 3488 ὀνόματος·
1128 3417 1262 3472 αὐτὸ
1295 3417 1404 3487 γάρ
1447 3431 1528 3469 σοι
1561 3431 1819 3486 παραμε-

236 3515 323 3565 νεῖ
359 3512 393 3583 ἢ
430 3512 591 3582 χίλιοι
630 3511 858 3582 μεγάλοι
890 3510 1170 3582 θησαυροί.

317 3600 491 3670 Χάρις
520 3607 595 3666 ὡς
621 3603 952 3674 παράδεισος
978 3601 1253 3671 εὐλογίας.

326 3692 563 3760 Ἀγαθῆς
587 3695 730 3764 ζωῆς
759 3693 993 3767 ἀριθμὸς
1022 3693 1268 3766 ἡμερῶν,
1302 3693 1398 3749 καὶ
1419 3693 1622 3764 ἀγαθὸν
1641 3694 1810 3765 ὄνομα

233 3783 318 3844 εἰς
345 3781 439 3835 τὸν
466 3780 638 3835 αῐῶνα
671 3785 852 3848 μένει.

306 3873 488 3944 Χάρις
518 3871 614 3968 ναὶ
641 3873 791 3939 ἔλεος
826 3875 884 3928 ἐν
909 3877 1020 3940 τοῖς
1043 3875 1214 3940 ὁσίοις
1239 3873 1432 3931 αὑτοῦ.

844 3993 1066 4048 ΛΟΓΟΣ
1114 3990 1198 4048 Ν’.

237 4106 379 4178 Περὶ
413 4109 708 4177 ὀνόματος
739 4109 1010 4178 πονηροῦ
1050 4107 1148 4162 καὶ
1183 4107 1364 4176 χάριν
1408 4103 1496 4175 μὴ
1535 4102 1813 4173 ἔχοντος.

321 4223 539 4295 Ὀνομα
587 4223 824 4296 πονηρὸν
865 4223 1130 4294 αἰσχύνην
1175 4222 1274 4277 καὶ
1317 4218 1520 4282 ὄνειδος
1554 4218 1818 4288 κληρονο-

324 4336 383 4371 σε
393 4335 430 4372 ι.
1317 4351 1328 4371 \

324 4335 430 4372 σει.
1317 4351 1328 4371 κ

235 4320 646 4482 μή’Ἀνθρωπος
673 4409 870 4479 ἄχαρις
909 4406 1076 4478 μῦθος
1105 4405 1354 4476 ἄκαιρος.

320 4503 537 4569 Ὀνομα
568 4499 873 4569 ἀνθρώπων
899 4499 1001 4552 οὐκ
1032 4499 1255 4567 ἀγαθῶν
1283 4495 1750 4566 ἐξαλειφθήσεται.

1916 1983 2076 2038 etiam
2106 1979 2396 2050 suscipias.

1990 2071 2302 2145 Agglutinat
2330 2079 2524 2125 teatam
2557 2068 2650 2139 qui
2676 2069 2906 2121 stultum
2939 2065 3121 2120 docet.

2272 2183 2505 2240 SERMO
2566 2180 2734 2236 XLIX
2789 2179 2891 2253 [αι.
2926 2177 3139 2250 CXIII].

2155 2301 2230 2356 De
2253 2299 2460 2354 nomine
2490 2298 2625 2352 bono
2663 2305 2712 2351 et
2746 2293 2977 2368 gratiam
3005 2293 3244 2347 habente.

1989 2413 2122 2470 Gen.
2152 2429 2342 2468 XXXIX.
2367 2411 2493 2466 Fuit
2515 2408 2778 2464 Dominus
2817 2421 2940 2460 cum
2985 2403 3245 2473 Joseplto,
3277 2411 3333 2458 cl.
3390 2400 3494 2456 imo

1919 2509 2103 2579 pertiit
2124 2507 2176 2560 ei
2206 2503 2664 2566 misericordiam,
2693 2497 2950 2566 deditque
2990 2495 3040 2550 ei
3085 2496 3312 2564 gratiam
3345 2494 3488 2562 apud

1919 2599 2229 2670 praefectum
2277 2594 2536 2652 carceris.

1989 2691 2148 2746 Prov.
2184 2705 2324 2744 χιιι.
2381 2686 2553 2758 Magis
2603 2682 2967 2755 expetendum
3021 2688 3106 2736 est
3159 2692 3354 2734 nomen
3389 2675 3493 2732 bo-

1920 2791 2160 2848 nestum,
2191 2797 2353 2853 quam
2373 2779 2576 2836 divitiae
2598 2780 2816 2833 multa}:
2845 2783 3068 2846 argento
3099 2770 3332 2841 et198
3357 2780 3494 2827 auro

1917 2875 2266 2947 praestantior
2296 2884 2383 2929 est
2431 2874 2575 2929 bona
2605 2871 2802 2940 gratia.

1991 2967 2177 3022 Gratia
2207 2974 2260 3021 et
2281 2963 2522 3021 amicitia
2546 2963 2776 3018 liberum
2810 2957 3038 3015 faciunt.
3076 2956 3184 3012 llas
3202 2954 3370 3026 igitur
3404 2954 3496 3010 iac

1919 3073 2103 3114 serves
2131 3057 2252 3124 tibi,
2283 3072 2352 3111 ne
2413 3056 2489 3112 sis
2528 3054 2848 3125 probrosus.

1991 3151 2261 3219 Compara
2282 3149 2512 3220 gratiam
2543 3157 2599 3202 et
2619 3146 2868 3202 notitiam
2894 3147 3090 3201 bonam
3121 3145 3173 3199 in
3199 3142 3372 3199 oculis
3394 3141 3493 3196 Dei

1843 3238 1888 3321 (ᾖ
1919 3250 1974 3296 et
1999 3241 2303 3294 hominum.

1995 3327 2174 3383 Eccte.
2200 3344 2299 3383 vn.
2362 3327 2574 3383 Bonum
2619 3341 2816 3382 nomen
2845 3325 3140 3397 pretiosius
3165 3325 3309 3380 bono
3348 3317 3507 3379 oleo.‘

1993 3418 2150 3476 Cura:
2185 3419 2369 3475 sittibi
2400 3418 2637 3474 nominis
2669 3417 2849 3486 fama;
2881 3417 2992 3484 ipsa
3023 3417 3164 3469 enim
3195 3415 3288 3469 tibi
3319 3417 3493 3482 magis

1922 3511 2178 3581 proderit,
2211 3526 2372 3580 quam
2399 3509 2545 3565 mille
2597 3508 2783 3579 magni
2831 3507 3098 3563 thesauri.

1989 3603 2176 3658 Gratia
2211 3613 2294 3658 est
2312 3603 2480 3658 veluti
2511 3602 2800 3672 paradisus
2823 3599 3250 3655 benedictionis.

1987 3693 2242 3750 Honestas
2273 3695 2398 3750 vitae
2429 3709 2691 3750 numerus
2719 3694 2928 3750 dierum
2954 3712 2966 3748 :
2991 3700 3046 3748 et
3069 3693 3298 3748 honesta
3348 3687 3495 3746 fama

1915 3795 2174 3846 aeternum
2235 3785 2413 3841 durat.

1987 3877 2170 3932 Gratia
2197 3886 2254 3932 et
2295 3876 2669 3934 misericordia
2701 3877 2753 3931 in
2794 3875 3002 3932 sanctis
3038 3875 3206 3930 illius.

2340 3992 2573 4046 SERMO
2605 3991 2643 4043 I.
2696 3990 2794 4061 [αι.
2854 3988 3066 4059 CXIII].

2068 4108 2143 4162 De
2183 4108 2388 4160 nomine
2417 4105 2560 4158 malo
2593 4112 2642 4158 et
2691 4103 2922 4174 gratiam
2957 4119 3058 4155 non
3113 4101 3355 4159 habente.

1991 4219 2206 4276 Sirach.
2232 4217 2443 4272 Nomen
2470 4217 2777 4287 improbum
2836 4214 3224 4283 turpitudinem
3263 4221 3319 4270 et
3335 4211 3499 4270 dede-

1920 4329 2018 4369 cus
2042 4311 2448 4368 lIaeredltarium
2474 4319 2862 4381 consequetur.

1994 4403 2169 4460 llomo
2192 4402 2364 4474 gratia
2393 4417 2610 4468 carens,
2660 4402 3072 4473 intempestivus
3104 4413 3313 4456 sermo.

1989 4494 2196 4551 Nomen
2227 4495 2467 4551 virorum
2488 4508 2598 4549 non
2625 4493 2893 4550 bonorum
2919 4492 3210 4549 delabitur.

308 4591 513 4662 Μωρὸς
545 4592 690 4661 ὲρεῖο
713 4590 824 4660 Οὐχ
855 4589 1091 4660 ὑπάρχει
1123 4605 1214 4659 μοι
1238 4588 1418 4658 φίλος,
1444 4588 1538 4641 καὶ
1565 4585 1666 4642 οὐκ
1697 4584 1814 4640 ἐστι

1993 4586 2204 4642 Stultus
2266 4596 2526 4657 queretur
2581 4585 2791 4640 nullum
2826 4586 2929 4640 sibi
2963 4598 3084 4640 esse
3136 4586 3395 4649 amicum,
3432 4590 3488 4638 et

235 4681 403 4752 χάρις
427 4683 540 4746 τοῖς
568 4680 794 4763 ἀγαθοῖς
829 4697 954 4751 μου.

837 4811 1057 4868 ΛΟΓΟΣ
1094 4813 1222 4867 NA'.

265 4921 409 4990 "api
451 4920 659 4992 ζυγῶν,
702 4924 801 4977 καὶ
825 4923 1129 4993 σταθμῶν,
1154 4923 1251 4978 καὶ
1275 4926 1508 4993 μέτρων
1530 4924 1777 4982 ἀδίκων.

306 5037 389 5091 Οὐ
425 5037 672 5106 ποιήσεις
704 5036 886 5091 ἄδικον
912 5037 1095 5107 κρίσιν
1147 5037 1205 5089 ἐν
1245 5037 1485 5106 μέτροις,
1515 5037 1609 5090 καὶ
1641 5036 1808 5090 σταθ-

236 5129 388 5197 μοῖς,
440 5129 535 5180 καὶ
567 5126 771 5196 ξυγοτς.
823 5127 972 5197 Ζυγὰ
1019 5126 1238 5192 δίκαια,
1267 5127 1364 5180 καὶ
1398 5127 1571 5197 μέτρα
1608 5127 1812 5195 δίκαια,

232 5221 332 5270 καὶ
357 5217 488 5285 χοῦς
515 5217 722 5282 δίκαιος
756 5219 908 5274 ἔσται
935 5219 1085 5288 ὑμῖν.

229 5331 279 5375 τι
306 5309 425 5362 Οὐκ
465 5306 616 5364 ἔσται
648 5315 706 5364 ὲν
753 5311 832 5380 τῷ
884 5312 1143 5383 μαρσὶπῳ
1178 5327 1273 5365 σου
1313 5310 1583 5382 σταθμιον
1615 5311 1814 5384 μικρὸν

1918 4679 2125 4734 nullam
2154 4693 2277 4735 esse
2331 4679 2560 4750 gratiam
2593 4678 2645 4730 in
2673 4677 2829 4731 bonis
2855 4675 2991 4731 suis.

2370 4813 2604 4871 δεξιΜο
2628 4812 2694 4868 Ll
2718 4813 2819 4887 [αι.
2852 4813 3038 4885 XLII].

2172 4928 2246 4982 De
2274 4927 2612 4997 ponderibus,
2647 4927 2862 4995 steteris
2887 4935 2934 4978 et
2966 4926 3244 4980 mensuris.

1990 5040 2154 5096 Lavit.
2178 5058 2289 5096 xIx.
2315 5040 2661 5110 Nihiliuique
2692 5039 2884 5095 feceris
2924 5039 2977 5093 in
3005 5039 3229 5106 judicio,
3259 5039 3310 5092 in
3333 5053 3491 5092 men-

1917 5139 2084 5204 suris,
2117 5133 2335 5192 stateris
2377 5142 2430 5188 ct
2458 5132 2824 5203 ponderibus;
2879 5132 3117 5201 pondera
3175 5132 3331 5187 vobis
3381 5130 3490 5185 sint

1912 5230 2083 5300 justa,
2117 5236 2170 5283 et
2187 5238 2454 5282 mensura:
2473 5233 2526 5278 et
2552 5224 2778 5294 congius
2805 5223 3006 5293 justus.

1990 5319 2147 5372 Deut.
2186 5330 2312 5368 xxv.
2339 5311 2457 5367 Non
2479 5313 2583 5367 erit
2611 5311 2666 5368 in
2708 5313 2991 5382 marsupio
3016 5320 3109 5365 tuo
3138 5309 3349 5379 pondus
3368 5323 3490 5377 par-

233 5401 330 5455 καὶ
375 5399 524 5469 μέγα
549 5413 562 5428 ⁸
599 5399 698 5453 οὐκ
743 5405 893 5459 ἔσται
929 5407 986 5458 ὲν
1013 5405 1078 5475 τῇ
1110 5403 1261 5474 οἰκίᾳ
1310 5421 1402 5456 σου
1439 5405 1638 5475 μέτρον
1670 5405 1816 5476 μέγα

1965 5425 2044 5465 um
2079 5416 2133 5464 et
2185 5419 2440 5475 magnum
2467 5445 2481 5469 ,
2541 5417 2643 5458 nec
2687 5418 2948 5459 mensura
3004 5415 3196 5470 magna
3241 5408 3298 5454 et
3322 5413 3486 5468 parva

230 5498 333 5548 καὶ
361 5492 870 5563 μικρόν.Σταθμίον
891 5493 1144 5563 ἀληθινδν
1166 5498 1260 5548 καὶ
1287 5493 1495 5549 δίκαιον
1528 5495 1680 5550 ἔσται
1708 5513 1810 5561 σοι,

231 5587 325 5638 ἴνα
357 5584 705 5652 πολυήμερος
730 5588 864 5653 γένῃ
901 5584 992 5636 ἐπὶ
1023 5585 1117 5650 τῆς
1140 5586 1263 5654 γῆς.

303 5674 582 5745 Σταθμίον
609 5673 816 5727 δίκαιον
844 5673 1036 5728 δεκτδν
1063 5678 1273 5747 Κυρίῳ.

306 5762 485 5831 Ζυγδς
514 5761 745 5827 δίκαιος,
774 5764 870 5817 καὶ
915 5764 1116 5837 μέτρον
1149 5768 1379 5839 δίκαιον,
1420 5771 1514 5827 καὶ
1541 5771 1713 5843 χοῖνιξ
1741 5771 1816 5826 δί-

232 5872 392 5920 καιος
421 5853 573 5908 ἔσται
601 5855 750 5923 ὑμῖν.

564 5947 834 6012 Paeon.
883 5952 996 6014 Gn.
1046 5951 1383 6017 CXXXVI.

1918 5501 2064 5557 domi
2092 5509 2216 5554 tuae.
2235 5495 2456 5550 Pondus
2479 5508 2672 5549 verum
2707 5503 2764 5549 et
2790 5493 2998 5564 justum
3025 5489 3130 5544 erit
3160 5487 3282 5554 tibi,
3309 5495 3368 5541 ut
3394 5488 3484 5543 diu

1916 5594 2068 5646 vivas
2088 5590 2142 5643 in
2172 5597 2336 5643 terra.

1972 5681 2192 5738 Pondus
2226 5694 2438 5750 :equum
2471 5678 2701 5734 Domino
2730 5685 2815 5733 est
2833 5682 3135 5744 acceptum.

1989 5773 2182 5827 Ezech.
2215 5788 2344 5827 xxv.
2372 5771 2562 5827 Bilanx
2597 5783 2774 5838 aqua,
2806 5767 3048 5838 itemque
3107 5779 3367 5822 mensura
3429 5771 3490 5822 et

1920 5863 2140 5920 choenix
2163 5876 2320 5933 aequa
2357 5863 2512 5919 vobis
2543 5861 2673 5917 sint.

3015 5950 3094 6014 36
