3928 6554
258 395 399 456 “33

1083 396 1249 456 LOCI
1279 396 1602 456 COMMUN
1610 397 1719 458 ES.
1756 420 1823 432 -
1850 396 2044 458 PARS
2066 396 2146 461 II.
2178 396 2434 458 SERMO
2472 398 2600 459 LII.

3361 401 3502 465 1134

246 514 303 566 aI
332 515 389 566 δὲ
422 512 684 584 λοιδορίαι
717 514 929 585 πληγάς
952 531 966 547 ο
1003 515 1205 585 πληγαὶ
1233 514 1287 567 δὲ
1316 512 1606 584 τραύματα
1629 530 1641 543 ⁸
1678 514 1741 567 ἐκ
1770 513 1825 566 δὲ

1977 514 2180 569 auricia
2215 514 2381 578 ictus,
2418 512 2560 569 ictus
2584 513 2828 579 vulnera,
2851 521 2903 569 et
2928 526 3068 583 saepe
3098 512 3324 569 vulnera
3355 530 3504 571 mors

246 598 582 674 τραυμάτων
613 607 871 670 πολλάκις
905 607 1142 660 θάνατοι.

314 701 498 769 eum;
535 701 797 765 Βασιλέως
830 702 1061 771 ἄγγελος
1095 700 1325 775 θανάτου
1354 716 1368 731 ·
1405 696 1542 769 ἀνὴρ
1565 696 1622 751 δὲ
1658 695 1822 765 σοφὸς

249 790 489 866 ἑξιλάσει
527 793 709 849 αὑτὸν.

317 885 500 956 Θυμός
543 890 657 940 ἐστι
689 886 836 950 ζέσις
886 885 980 939 τοῦ
1035 886 1161 956 περὶ
1208 884 1435 950 καρδίαν
1478 883 1739 951 αἵματος,
1766 881 1825 946 ἐξ

251 978 668 1047 ἀναθυμιάσεως
704 978 813 1031 τῶν
868 979 1060 1048 χυμῶν
1106 976 1530 1046 συνιστάμενος·
1579 976 1722 1044 ὀργὴ
1765 974 1824 1028 δέ

250 1073 399 1122 ἐστιν
431 1069 612 1140 ὄρεξις
638 1070 1061 1138 ἀντιλυπήσεως.
1099 1069 1263 1123 ’Ὥστε
1294 1070 1321 1120 ὁ
1356 1068 1454 1134 μὲν
1496 1066 1676 1132 ὀξεῖαν
1711 1064 1825 1133 ἔχει

247 1164 343 1217 τοῦ
375 1164 585 1227 πάθους
622 1163 721 1230 τὴν
749 1164 999 1231 κίνησινο
1035 1165 1066 1231 ἡ
1095 1162 1149 1214 δὲ
1176 1162 1554 1232 μονιμωτέραν
1584 1160 1680 1212 καὶ
1718 1176 1826 1210 παι-

252 1255 630 1326 ρατεταμένῃν
665 1255 918 1326 ἐμφαίνει
950 1255 1050 1325 τὴν
1077 1254 1170 1308 ἐπὶ
1197 1253 1296 1325 τὴν
1328 1251 1507 1323 λύπην
1533 1251 1824 1324 ἐκπλήρω-

251 1362 357 1399 σιν.

316 1434 457 1489 Οὔτε
490 1438 743 1504 στέφανοι
775 1454 945 1507 χωρίς
994 1437 1434 1502 ανταγωνιστῶν,
1466 1436 1590 1489 οὔτε
1622 1435 1826 1507 πτῶμα

245 1545 327 1599 χω
334 1531 420 1597 ρὶς
455 1528 780 1583 ἀντιπάλου.

318 1618 532 1689 Τυφ).δν
559 1621 587 1672 ὁ
636 1620 804 1689 θυμὸς
837 1619 931 1673 καὶ
989 1618 1269 1687 ἐπίλυπον,
1304 1619 1399 1672 καὶ
1429 1618 1663 1690 μάλιστα
1695 1619 1824 1675 ὅταν

246 1714 309 1767 τὸ
348 1714 575 1776 δικαίως
607 1715 939 1782 ἀγανακτεῖν
979 1715 1152 1783 παρῇ.

319 1805 471 1857 Πάνυ
511 1804 568 1857 δὲ
598 1804 705 1876 χρὴ
752 1804 923 1873 θυμοῦ
964 1803 1264 1871 φείδεσθαι,
1299 1805 1395 1856 καὶ
1431 1803 1506 1873 μὴ
1543 1803 1624 1865 εἰς
1651 1802 1823 1874 ὀργὴν

247 1893 551 1964 προθύμως
604 1895 1031 1965 καταφέρεσθαι,
1082 1889 1221 1966 ⁴ᾗτινι
1270 1895 1503 1964 ἄφρονες
1539 1893 1825 1949 δουλεύου-

248 2001 358 2039 σιν.

319 2074 490 2127 Οὐδὲν
515 2072 657 2127 οὕτω
681 2073 1029 2146 καθαρότητα
1080 2074 1173 2129 νοῦ
1208 2078 1302 2132 καὶ
1337 2078 1396 2130 τὸ
1441 2077 1636 2141 διειδὲς
1682 2075 1831 2131 θολοῖ

1932 610 2308 679 consequitur.
3584 635 3592 683 ε

2001 701 2161 772 Regis
2191 705 2267 758 ira
2296 704 2486 760 ntortis
2519 700 2705 756 uuutia
2738 716 2751 754 :
2789 700 2883 754 scd
2916 699 3132 770 sapiens
3167 698 3401 769 placabit
3432 701 3504 755 il-
3584 697 3591 736 τ

1930 795 2062 849 lum.

2000 896 2284 954 Iracundia
2315 906 2398 953 est
2426 896 2607 951 fervor
2637 886 2945 965 sanguinis,
2985 888 3078 959 qui
3116 882 3494 942 circumfusus

1926 997 2010 1043 est
2039 990 2211 1055 cordi,
2241 1005 2306 1045 cx
2332 988 2719 1058 evaporatione
2747 997 3039 1041 succorum
3072 986 3335 1035 constans
3372 993 3386 1031 :
3421 976 3504 1028 ira

1927 1088 2109 1136 autem
2147 1090 2233 1137 est
2279 1082 2445 1136 libido
2495 1078 2814 1141 ulciscendi,
2853 1086 2907 1130 et
2945 1072 3188 1129 vicissim
3240 1065 3503 1123 molesdis

1925 1172 2213 1230 alliciendi.
2242 1174 2428 1243 Itaque
2452 1172 2545 1226 illa
2577 1170 2804 1226 celerem
2841 1166 3004 1222 habet
3041 1159 3501 1233 perturbationem

1924 1273 1979 1323 et
2008 1266 2323 1330 motionem,
2359 1265 2475 1321 haec
2504 1273 2684 1319 autem
2728 1258 3149 1317 diuturniorem.

2000 1441 2266 1514 Theologi:
2290 1441 2402 1498 Nec
2418 1456 2622 1498 corona
2644 1442 2806 1496 datur
2818 1440 2937 1496 sine
2955 1435 3307 1499 adversariis,
3324 1446 3503 1503 neque

1925 1546 2088 1588 casus
2120 1543 2176 1588 et
2207 1533 2393 1603 lapsus
2423 1534 2544 1589 sine
2571 1531 2887 1589 adversario
2918 1531 3292 1586 colluetatore.

1994 1619 2152 1677 Czeca
2183 1629 2269 1677 est
2292 1623 2395 1685 ira,
2419 1629 2473 1676 et
2511 1621 2887 1676 molestiarum
2946 1620 3125 1688 plena,
3161 1628 3215 1672 et
3266 1615 3505 1671 maxime

1924 1727 2047 1768 cum
2100 1728 2264 1769 causa
2290 1714 2604 1784 indiguandi
2634 1714 2782 1781 iusta
2840 1712 3052 1767 subest.

1995 1805 2097 1858 Irae
2126 1804 2360 1858 maxime
2390 1803 2718 1874 parcendum
2753 1811 2858 1864 est.
2887 1816 2984 1856 nec
3007 1801 3168 1872 200
3191 1799 3374 1876 statim
3398 1797 3505 1853 de-

1925 1905 2012 1951 cet
2036 1896 2089 1950 in
2126 1897 2285 1952 bilem
2315 1894 2467 1959 ferri,
2493 1894 2652 1966 cujus
2679 1894 2830 1951 stulti
2861 1893 3002 1948 servi
3035 1901 3186 1947 sunt.

2009 2080 2280 2150 Chrysost.
2314 2076 2464 2132 Nihil
2496 2089 2651 2147 aeque
2682 2073 2884 2128 mentis
2930 2070 3219 2141 puritatem
3251 2075 3303 2122 et
3334 2064 3504 2122 animi

246 2167 359 2223 τῶν
391 2167 624 2238 φρενῶν,
656 2167 732 2230 ὡς
755 2167 924 2238 θυμὸς
946 2167 1180 2230 ἄτακτος
1207 2168 1300 2223 καὶ
1335 2168 1473 2238 μετὰ
1500 2168 1702 2239 πολλῆς
1727 2167 1826 2235 τῆς

1977 2174 2293 2231 nceritatcm
2319 2171 2523 2233 turbat,
2554 2181 2618 2223 ac
2649 2164 3009 2222 immoderata
3035 2162 3138 2225 ira,
3163 2173 3283 2229 quae
3308 2171 3505 2227 magno

248 2259 436 2355 ῥύμης
468 2261 787 2333 φερόμενος.
1190 2316 1205 2355 κ

334 2352 397 2405 Ὀ
448 2353 614 2422 θυμὸς
642 2353 766 2421 ὀξύς
796 2355 912 2408 ἐστι
966 2353 1061 2407 καὶ
1096 2350 1464 2424 ὀλιγοχρόνιος
1489 2370 1502 2383 ·
1540 2354 1573 2424 ἡ
1604 2352 1662 2407 δὲ
1689 2350 1829 2424 ὀργὴ

246 2440 554 2514 βραδυτέρα
581 2443 701 2514 μὲν,
736 2446 1083 2516 μονιμωτέρα
1114 2444 1194 2500 δέ.

320 2535 427 2588 Δύο
447 2536 503 2587 ὲν
524 2537 657 2605 ἡμῖν
686 2537 879 2604 γενικᾶ
898 2537 1066 2606 πάθη,
1099 2534 1450 2606 φυσικώτερα
1483 2535 1593 2589 τῶν
1624 2534 1826 2600 ἄλλων,

246 2628 423 2697 θυμὸς
455 2630 547 2682 καὶ
573 2627 857 2699 ἐπιθυμία.

320 2722 417 2790 Μὴ
447 2721 712 2792 ἀποδέχου
742 2721 1096 2792 ἐγκράτειαν,
1130 2721 1473 2792 διωκομένης
1497 2720 1825 2791 πραότητος.

320 2812 709 2882 Εὐτονωτέρας
739 2812 833 2864 ἐπὶ
866 2812 965 2881 τῆς
1011 2811 1181 2882 ὀργῆς
1231 2812 1506 2884 χρῄζομεν
1534 2811 1633 2881 τῆς
1669 2828 1833 2863 σπου-

243 2904 367 2973 δῆς.
398 2903 732 2970 Τυραννικδν
758 2903 864 2973 γάρ
907 2903 970 2957 τὸ
998 2904 1194 2968 πάθος,
1225 2907 1319 2958 καὶ
1355 2904 1618 2967 πολλάκις
1650 2920 1830 2971 παρα-

251 2994 412 3064 σύρει
444 2995 570 3058 τοὺς
598 2994 674 3065 μὴ
701 2996 990 3064 νήφοντας,
1021 2996 1116 3048 καὶ
1140 2996 1277 3065 πρὸς
1310 2995 1371 3049 τὸ
1392 2995 1670 3067 βάραθρον
1697 2994 1832 3048 αὐτὸ

251 3089 488 3156 κατάγει
523 3089 623 3158 τῆς
661 3088 959 3153 ἀπωλείας.

323 3180 623 3250 Πρόχειρον
674 3182 748 3243 ὡς
777 3182 866 3233 ἐπὶ
902 3181 1036 3235 πολὺ
1099 3181 1252 3252 παρὰ
1287 3180 1468 3234 πάντα
1501 3179 1591 3234 τὸν
1622 3178 1736 3251 βίον
1768 3179 1828 3232 τὸ
1855 3222 1899 3252 ρ

249 3268 398 3321 κατὰ
429 3270 528 3338 τὴν
558 3270 730 3340 ὀργήν
759 3273 906 3323 ἐστιν
932 3271 1297 3341 ἀρρώστημα.

324 3361 575 3429 Ὀργίλος
635 3357 715 3427 εἷς
772 3362 865 3414 ἔσο
914 3362 1055 3415 κατὰ
1102 3361 1211 3414 τῶν
1264 3361 1678 3432 ἁμαρτημάτων
1724 3359 1832 3414 τῶν

249 3453 455 3507 σαυτοῦ
508 3453 788 3518 τοιοῦτος’
845 3453 1143 3522 ἐπίπληττε
1171 3455 1237 3523 τῇ
1286 3452 1456 3523 ψυχῇ,
1495 3452 1724 3520 μάστιζε
1771 3451 1833 3504 τὸ

250 3542 321 3611 Π.
350 3545 451 3615 τὴν
488 3545 818 3618 συνείδησιν]
855 3547 1138 3615 συνειδήσε
1175 3561 1291 3598 σου.
1323 3544 1558 3614 Σφοδρὸς
1592 3543 1683 3596 ἔσο
1709 3559 1834 3615 κρι-

253 3635 382 3705 τὴς,
413 3639 508 3692 καὶ
541 3641 735 3709 πικρὸς
770 3640 1030 3708 δικαστὴς
1057 3640 1169 3700 τοῖς
1197 3636 1419 3699 οἰκείοις
1448 3636 1830 3706 ἁμαρτήμασι.

252 3726 434 3779 Τοῦτο
478 3730 573 3794 τῆς
603 3730 773 3800 ὀργῆς
819 3732 882 3782 τὸ
930 3722 1119 3801 κέρδος
1156 3729 1300 3791 ἐστὶ,
1344 3729 1431 3782 διὰ
1487 3729 1644 3782 τοῦτο
1696 3728 1833 3798 ἡμῖν

255 3816 433 3888 αὐτὴν
465 3818 722 3889 ἐνέθηκεν
752 3823 782 3875 ὁ
810 3821 965 3886 Θεός.
1683 3816 1699 3836 ⁸

332 3909 578 3981 Καθαροί
605 3905 957 3981 θυμοῦ’ὧμεν
976 3926 991 3944 ⁸
1015 3912 1076 3966 οὗ
1104 3912 1214 3983 γὰρ
1240 3914 1487 3968 κατοικεῖ
1516 3911 1578 3965 τδ
1604 3911 1829 3981 Πνεῦμα

252 4003 319 4059 τὸ
347 4004 524 4073 ἅγιον,
557 4002 684 4057 ἔνθα
710 4003 900 4072 θυμός.

329 4096 395 4150 Οἱ
453 4095 637 4164 θυμοὶ,
696 4094 942 4164 καθάπερ
988 4094 1044 4148 αἱ
1094 4094 1277 4158 κύνες,
1327 4093 1503 4162 τυφλά
1556 4092 1832 4146 τίκτουσιν

252 4189 426 4258 ὲγκλή
436 4204 596 4258 ματα.

329 4282 393 4334 ΟΞ
425 4282 525 4351 μὲν
552 4282 774 4350 τραχεῖς
804 4280 961 4333 ἵπποι
1010 4280 1122 4342 τοῖς
1180 4280 1445 4348 χαλινοῖς,
1493 4275 1542 4329 oi
1595 4275 1653 4328 δὲ
1687 4273 1831 4340 ὀξεῖς

253 4376 421 4444 θυμοὶ
449 4374 779 4444 μετάγονται
804 4376 915 4436 τοῖς
947 4373 1249 4442 λογισμοῖς.

321 4466 398 4520 re
433 4465 533 4535 μὲν
564 4464 830 4535 εὔκρατον
858 4464 1001 4534 ὕδωρ
1029 4463 1128 4527 τὰς
1150 4461 1486 4532 φλεγμονὰς.
1521 4462 1549 4514 ὁ
1577 4458 1633 4513 δὲ
1656 4460 1829 4513 ἐπιει-

251 4555 355 4627 κὴς
383 4556 541 4622 λόγος
567 4555 665 4614 τὰς
694 4553 865 4624 ὀργάς
892 4551 1116 4606 διαλύει.

335 4644 428 4706 Ὦς
454 4643 561 4713 γὰρ
591 4645 619 4696 ὁ
655 4643 877 4706 καικίας
910 4644 980 4695 τὰ
1010 4644 1169 4712 νέφη,
1199 4642 1291 4695 καὶ
1314 4644 1341 4695 ὁ
1370 4642 1569 4710 φαῦλος
1600 4642 1716 4712 βίος
1739 4641 1825 4710 ἐφ’

252 4734 447 4790 ἑαυτὸν
478 4735 626 4789 ἕλκει
654 4736 752 4799 τὰς
779 4735 1069 4805 λοιδορίας.

1920 2270 2095 2325 fertur
2126 2267 2353 2336 impetu.

1990 2357 2278 2413 Iracundia
2329 2365 2414 2412 est
2440 2354 2634 2411 celeris
2665 2368 2729 2410 ac
2776 2351 3006 2408 brevis:
3040 2350 3120 2405 ira
3174 2357 3356 2402 autem
3389 2354 3504 2400 tarv

1920 2451 2039 2506 dior
2070 2450 2315 2521 quidem,
2344 2448 2439 2503 sed
2473 2445 2812 2501 diuturnior.

1992 2543 2120 2597 Duae
2151 2543 2202 2596 in
2227 2542 2384 2597 nobis
2411 2538 2836 2609 sunt’generales
2865 2532 3327 2607 perturbationes.
3345 2537 3505 2586 natu-

1920 2637 2064 2691 rales
2087 2635 2261 2705 magis
2290 2648 2454 2704 quam
2487 2632 2629 2695 aliae,
2661 2632 2739 2686 ira
2771 2639 2827 2684 et
2858 2626 3157 2696 cupiditas.

1992 2724 2406 2780 Coutinentiam
2439 2738 2508 2778 ne
2533 2722 2754 2793 probes,
2786 2720 2876 2775 ubi
2906 2716 3196 2773 clementia
3226 2713 3499 2784 rcjieitur.

1988 2816 2047 2870 In
2066 2815 2470 2871 vehementiore
2500 2813 2578 2867 ira
2610 2827 2882 2869 summum
2903 2809 3272 2867 adhibendum
3292 2814 3374 2862 est
3394 2815 3511 2860 stu~

1923 2908 2069 2963 dium
2097 2916 2152 2961 ct
2189 2907 2406 2971 cautio;
2429 2914 2514 2960 est
2533 2908 2678 2960 enim
2713 2904 2942 2959 aﬂectus
2973 2901 3309 2973 tyrannicus.
3349 2897 3506 2964 Stepe

1923 3000 2069 3056 enim
2112 3015 2219 3053 non
2255 2998 2471 3053 sobrios
2498 2998 2780 3067 pervertit,
2814 3007 2866 3051 et
2896 2997 2948 3050 in
2998 2994 3312 3048 barathrum
3358 2988 3509 3044 exitii

1923 3091 2184 3148 detrahit.

2004 3182 2259 3250 Promth
2293 3180 2409 3237 fere
2441 3194 2536 3250 per
2561 3190 2781 3234 omnem
2804 3175 2972 3230 vitam
3000 3173 3094 3228 irae
3110 3180 3195 3226 est
3218 3167 3508 3238 aegritudo.

2006 3358 2310 3418 Iracundus
2346 3372 2408 3414 es
2432 3356 2604 3412 ?Esto
2634 3355 2688 3409 iu
2720 3361 2940 3425 peccata
2971 3359 3064 3406 tua
3088 3348 3248 3404 talis:
3276 3345 3511 3415 objurga

1934 3456 2180 3511 animum
2202 3459 2380 3514 tuum,
2400 3447 2586 3518 ﬂagris
2606 3445 2751 3502 caede
2771 3441 3189 3506 conscientiam,
3215 3437 3512 3493 vehemens

1933 3556 2051 3604 esto
2094 3545 2263 3617 iudex
2318 3552 2371 3598 ct
2410 3539 2640 3595 acerbus
2686 3538 2740 3592 in
2802 3534 3035 3605 propriis
3088 3529 3361 3602 peccatis;
3405 3526 3511 3582 hoc

1932 3640 2079 3693 enim
2100 3616 2192 3692 est
2214 3636 2309 3689 ine.
2345 3634 2584 3699 lucrum,
2619 3631 2690 3685 ob
2724 3628 2865 3684 hanc
2894 3639 3116 3682 causam
3173 3621 3317 3684 Deus
3351 3616 3511 3674 nobis

1932 3742 2052 3784 eam
2088 3725 2297 3782 indidit.

2003 3907 2176 3964 Alieni
2209 3903 2279 3960 ab
2332 3903 2412 3957 ira
2460 3900 2633 3956 simus
2665 3915 2681 3966 ;
2708 3911 2815 3953 non
2849 3892 2995 3952 enim
3060 3890 3152 3947 ubi
3195 3889 3275 3943 ira
3326 3884 3512 3951 fuerit,

1934 3999 2144 4055 habitat
2171 3994 2406 4064 Spiritus
2453 3998 2700 4047 sanctus.

2013 4083 2308 4139 Plutarchi.
2348 4079 2465 4145 Irae,
2499 4077 2960 4149 quemadmodum
2993 4088 3184 4138 canes,
3214 4083 3389 4128 caecas
3411 4081 3513 4138 pa-

1933 4181 2079 4235 riuut
2102 4176 2533 4231 criminationes.

2005 4268 2145 4337 Equi
2170 4267 2292 4323 duri
2358 4266 2550 4329 frenis,
2576 4271 2631 4317 at
2652 4263 2748 4318 ira“:
2803 4256 3244 4315 vehementiores
3301 4250 3515 4307 ratione

1932 4365 2209 4418 ducuntur
2237 4367 2293 4414 et
2319 4365 2608 4428 reguntur.

2007 4453 2074 4509 Ut
2102 4468 2241 4523 aqua
2286 4450 2463 4521 tepida
2508 4445 2988 4510 inﬂammationes,
3042 4442 3123 4497 sic
3172 4438 3352 4494 oratio
3411 4436 3512 4490 hu-

1853 4555 1905 4615 D
1933 4544 2207 4601 manitatis
2244 4542 2400 4614 plena
2432 4542 2569 4596 iram
2593 4537 2903 4607 restinguit.

2009 4638 2075 4693 Ut
2105 4637 2251 4693 enim
2283 4635 2479 4693 cmcias
2529 4633 2722 4699 nubes,
2767 4632 2849 4686 sic
2898 4628 3150 4699 improba
3200 4624 3313 4679 vita
3357 4621 3413 4675 iu
3455 4634 3515 4676 se

1934 4730 2178 4786 convicia
2214 4727 2462 4782 attrahit.

320 4829 618 4899 Euripidis.
642 4829 908 4885 Nimirum
940 4830 992 4884 in
1019 4830 1271 4884 oumibus
1295 4830 1613 4886 hominibus
1642 4829 1854 4884 habitat
1907 4827 2030 4881 ira:
2078 4839 2202 4878 nam
2243 4823 2337 4892 qui
2385 4820 2628 4892 jucunda
2685 4818 2942 4882 audierit,
2983 4814 3259 4883 voluptate
3313 4820 3512 4878 corpus

252 4922 440 4994 implet
469 4941 482 4976 :
517 4924 610 4994 qui
642 4934 823 4979 autem
861 4924 1133 4979 contraria
1159 4922 1419 4987 audierit,
1439 4934 1654 4977 tumore
1685 4919 2042 4990 afficitur“).

324 5015 548 5070 Πλάτων
576 5016 929 5086 ὀργιζόμενός
961 5031 1090 5067 ποτε
1120 5015 1199 5083 τῷ
1232 5014 1441 5086 οἰκέτῃ,
1499 5015 1827 5076 ἐπιστάντος

252 5108 647 5179 Ξενοκράτους,
682 5108 900 5174 Λαϐὼν,
934 5108 1058 5178 ἔφη,
1088 5108 1276 5160 τοῦτον
1316 5106 1692 5175 μαστίγωσον·
1723 5103 1834 5175 ἐγὼ

252 5200 361 5269 γὰρ
383 5200 695 5269 ὀργίζομαι.

357 5288 566 5353 Κόλαζε
595 5290 813 5361 κρίνων,
844 5289 978 5343 ἀλλὰ
1004 5290 1080 5360 μὴ
1108 5290 1475 5360 θυμούμενος.

371 5376 539 5447 Ἀνὴρ
571 5379 876 5449 κακοῦργος
910 5383 1085 5452 πρᾶον
1120 5382 1456 5435 ὑπεισελθὼν
1483 5379 1686 5451 σχῆμα,

294 5621 311 5629 _
365 5551 738 5621 Κεκρυμμένη
770 5552 1055 5621 πρόκειται
1084 5558 1251 5623 παγὶς
1282 5560 1393 5621 τοῖς
1416 5557 1660 5629 πλησίον.

357 5645 472 5697 Οὐκ
492 5644 636 5697 ἔστιν
664 5644 855 5714 ὀργῆς,
880 5644 956 5706 ὡς
982 5644 1177 5712 ἔοικεν,
1209 5649 1499 5717 φάρμακον

322 5823 402 5895 (I)
435 5823 610 5881 Locus
646 5827 746 5882 iste
786 5825 936 5882 deest
964 5828 1018 5884 iu
1058 5828 1265 5888 Grtcco.

2006 5008 2191 5063 Plato.
2222 5007 2400 5069 Plato,
2426 5019 2584 5061 servo
2614 5003 2808 5064 iratus,
2836 4999 3035 5055 astauti
3058 4996 3373 5062 Xenocrati,
3404 4995 3506 5051 Ac-

1933 5102 2072 5171 cipe,
2107 5097 2379 5169 iuquit,et
2412 5096 2597 5165 ﬂagris
2622 5096 2768 5149 hunc
2796 5091 2990 5147 caedito
3017 5106 3030 5155 ;
3070 5102 3169 5158 ego
3195 5088 3339 5143 enim
3372 5085 3511 5140 iras-

1936 5209 2053 5249 COI‘.

2001 5282 2304 5338 Democriti.
2330 5279 2546 5350 Castiga
2573 5275 2807 5347 judicio,
2838 5288 2947 5329 non
2977 5273 3057 5325 ira
3094 5267 3358 5322 adhibita.

2003 5374 2099 5430 Vir
2125 5372 2406 5444 improbus
2424 5378 2478 5426 et
2498 5376 2772 5424 veterator
2794 5363 3093 5422 clementiae
3108 5358 3379 5427 obrepens
3409 5356 3509 5411 Ita-

3271 5450 3435 5522 [sum

2000 5556 2276 5613 Proximis
2309 5554 2467 5627 quasi
2497 5554 2724 5623 laqueus
2750 5549 2998 5606 occultus
3031 5543 3407 5617 praetenditur.

1998 5648 2215 5705 Nullum
2247 5655 2351 5715 est,
2383 5654 2444 5704 ut
2468 5644 2703 5710 videtur,
2733 5645 2825 5698 ira:
2846 5639 3146 5697 remedium
