3890 6574
262 480 400 545 i137

1072 485 1726 558 LOCI‘COMMUNES.
1765 507 1835 520 -
1863 481 2060 544 PARS
2103 485 2164 545 ΙΙ
2223 483 2481 545 SERMO
2514 483 2663 546 LIV.

3377 475 3522 558 1138—

251 607 331 658 δεῖ
356 601 669 672 μεμνῆσθαι
699 601 856 670 μόνον
877 616 891 632 °
937 602 1004 656 ἂν
1042 603 1151 656 τῶν
1183 604 1400 657 οἰκείων
1439 603 1828 674 μνημονεύσω-

1946 603 2250 659 meminisse
2272 603 2532 661 debemus
2558 603 2734 659 solum
2759 618 2773 656 :
2815 601 2962 671 quod
2989 602 3033 656 si
3058 610 3366 656 nostrorum
3401 618 3507 657 mc-
3589 607 3592 609 λ

257 710 377 763 μεν,
411 693 668 746 οὐδέποτε
721 694 786 746 τὰ
812 694 1072 762 ἀλλότρια
1106 695 1462 765 λογιούμεθα.

325 786 424 837 Ἂν
452 785 627 854 ἀφῆτε
655 788 765 848 τοῖς
801 787 1018 858 ἐχθροῖς
1073 789 1250 856 ὑμῶν,
1309 783 1643 858 ἀφεθήσεται
1678 790 1826 858 ὑμῖν.

257 875 430 943 "Aras;
451 876 679 934 δουλικὰ
711 879 1116 949 ἁμαρτήματα,
1154 879 1243 933 ἴνα
1271 879 1444 952 λάϐῃς
1481 877 1833 950 συγχώρησιν

254 967 580 1037 δεσποτικὴν
618 971 1059 1039 ἁμαρτημάτων.
1100 972 1163 1025 Εί
1209 972 1266 1026 δὲ
1304 973 1516 1043 μεγάλα
1545 971 1832 1042 ἠδίκησεν,

252 1059 474 1130 ὅσῳπερ
511 1061 578 1113 ἂν
612 1062 840 1132 μείζονα
895 1064 1064 1134 ἀφῇς,
1116 1065 1359 1136 τοσούτῳ
1423 1064 1645 1135 μείζονα
1685 1063 1832 1135 λήψῃ

247 1149 348 1217 τὴν
381 1149 750 1222 συγχώρησιν.
789 1153 888 1208 Διά
912 1157 1020 1225 γὰρ
1050 1156 1208 1210 τοῦτο
1241 1157 1597 1227 ἐδιδάχθημεν
1625 1157 1829 1224 λέγειν’

253 1244 429 1312 Ἄφες
459 1248 592 1316 ἡμῖν
635 1249 816 1312 καθὼς
865 1251 1100 1321 ἀφίεμεν
1127 1269 1140 1283 ⁸
1190 1252 1277 1306 ἵνα
1329 1252 1594 1324 μάθωμεν
1646 1254 1727 1312 ὅτι
1770 1252 1832 1305 τὸ

252 1337 457 1407 μέτρον
511 1342 609 1408 τῆς
648 1342 894 1407 ἀφέσεως
951 1345 1264 1416 παρ’ἡμῶν
1312 1348 1528 1417 πρῶτον
1562 1348 1832 1416 λαμϐάνει

247 1425 350 1493 τὴν
403 1427 600 1497 ἀρχήν.
639 1430 800 1486 Ὥστε
839 1434 1060 1505 ὅσῳπερ
1109 1436 1177 1488 ἂν
1217 1439 1244 1490 ὁ
1281 1438 1472 1507 ἐχθρὸς
1499 1440 1828 1508 ἐργάσηται,

248 1516 346 1569 καὶ
375 1519 616 1590 τοσούτῳ
646 1524 909 1591 μειζόνως
943 1527 1242 1597 εὐεργετεῖ.
1293 1530 1624 1598 Σπεύδωμεν
1653 1531 1830 1596 τοίνυν

245 1607 343 1657 καὶ
369 1608 724 1680 ἐπειγώμεθα
759 1615 1224 1672 καταλλάττεσθαι
1256 1620 1390 1690 πρὸς
1422 1621 1547 1686 τοὺς
1583 1622 1828 1689 λελυπη-

247 1700 442 1768 κότας,
471 1703 535 1756 ἄν
575 1720 630 1756 τε
659 1705 905 1769 δικαίως,
936 1708 1001 1762 ἀν
1029 1726 1086 1762 τε
1111 1710 1311 1776 ἀδίκως
1343 1712 1694 1780 ὀργίζωνται.
1731 1713 1830 1764 “Av

247 1788 358 1855 μὲν
387 1791 496 1860 γάρ
527 1794 765 1849 ἐνταῦθα
802 1797 1181 1869 καταλλαγῇς,
1225 1803 1552 1873 ἀπηλλάγης
1582 1804 1683 1873 τῆς
1715 1806 1832 1857 ἐκεῖ

243 1887 520 1955 κρίσεως·
579 1890 646 1942 ἂν
692 1891 749 1946 δὲ
785 1895 988 1962 μεταξὺ
1023 1895 1292 1966 μενούσης
1322 1898 1420 1966 τῆς
1475 1897 1695 1968 ἔχθρας,
1732 1899 1822 1952 θά-

244 1993 410 2040 νατος
445 1979 672 2043 ἐπιστὰς
706 1983 996 2056 ἀπαγάγῃ.
1048 1986 1147 2056 τὴν
1195 1987 1490 2056 ἀπέχθειαν
1523 1989 1829 2059 μεσολαϐή-

243 2063 371 2130 σας,
427 2067 506 2131 είς
536 2069 595 2122 τὺ
640 2071 990 2144 δικαστήριον
1033 2076 1223 2130 λοιπὸν
1269 2079 1445 2130 ἐκεῖνο
1476 2080 1536 2131 τὸ
1594 2079 1828 2149 φοϐερὸν

236 2158 569 2240 εἰσαχθῆναι
628 2163 728 2230 τὴν
783 2164 938 2234 δίκην
987 2167 1244 2237 ἀνάγκη·
1308 2170 1402 2222 καὶ
1460 2170 1559 2239 τὴν
1590 2173 1828 2241 ἐσχᾲτην

237 2247 442 2312 δώσεις
465 2251 620 2321 δίκην
641 2255 731 2306 ἐπὶ
752 2258 816 2325 τῇ
847 2256 1013 2326 ψήφῳ
1038 2259 1132 2310 τοῦ
1154 2259 1412 2323 δικαστοῦ
1441 2261 1649 2325 πᾲντας
1685 2263 1831 2325 ὲκεί-

239 2357 366 2394 νου.
400 2340 510 2394 Καὶ
547 2342 848 2414 ἀμφότεροι
881 2349 1152 2419 τιμωρίαν
1177 2352 1546 2420 ὑποστήσεσθε
1577 2356 1824 2424 ἀπαραί-

236 2448 430 2500 τητον,
463 2435 491 2486 ὁ
528 2435 625 2502 μὲν
652 2437 852 2499 ἀδέκως
883 2439 1240 2509 ὀργιζόμενος
1267 2444 1356 2497 διά
1388 2445 1564 2510 τοῦτο,
1599 2448 1680 2513 ὅτι
1717 2450 1829 2510 ἀδί-

239 2537 384 2586 κως,
408 2523 438 2576 ὁ
469 2522 525 2576 δὲ
554 2523 776 2588 δικαξως
799 2526 889 2581 διὰ
917 2528 1077 2588 τοῦτο
1106 2531 1259 2593 αὐτὸ.
1291 2533 1373 2586 ὅτι
1406 2534 1631 2600 δικαίως
1655 2537 1794 2607 ὲμνη
1812 2567 1826 2576 -

241 2612 574 2681 σικάκησεν.

322 2793 395 2846 Ὀ
425 2794 606 2847 τοίνυν
632 2793 718 2858 διά
746 2801 1020 2868 νηστείας,
1054 2799 1147 2858 καὶ
1169 2800 1440 2872 ὀδυρμῶν,
1477 2803 1574 2864 καὶ
1629 2806 1825 2876 εὐχῶν.

237 2882 346 2936 καὶ
372 2884 598 2951 σάκκου,
625 2887 718 2947 καὶ
760 2889 982 2952 σποδοῦ,
1017 2892 1113 2944 καὶ
1140 2892 1342 2964 μυρίας
1383 2876 1827 2964 ἐξομολογήσῶ

238 2974 406 3044 μόλις
435 2975 612 3047 ἕτεροι
641 2980 992 3054 κατορθοῦσι,
1027 2983 1089 3040 τὸ
1118 2984 1185 3038 τά
1210 2985 1586 3056 ἁμαρτήματα
1616 2988 1828 3054 ἐξαλεί-

238 3081 374 3132 φειν
406 3063 551 3132 λέγω
601 3067 668 3121 τὰ
702 3068 933 3137 ἑαυτῶν,
991 3075 1150 3126 τοῦτο
1195 3073 1404 3138 ἔξεστιν
1447 3078 1581 3146 ἡμῖν
1625 3078 1827 3148 ῥᾳδίως

236 3155 428 3213 ποιεῖν
479 3157 650 3225 χωρὶς
707 3158 918 3213 σάκκου
971 3160 1067 3222 καὶ
1092 3163 1291 3226 σποδοῦ
1324 3165 1418 3225 καὶ
1446 3167 1722 3234 νηστείας,
1759 3167 1826 3221 ἂν

1935 712 2116 751 mores
2151 696 2378 762 erimus,
2412 712 2692 768 nunquam
2740 695 2916 750 aliena
2955 695 3392 764 supputabimus.

2007 788 2064 854 Si
2110 788 2552 856 condouaveritis
2606 787 2845 843 inimicis
2876 785 3094 851 vestris,
3127 785 3278 850 vobis
3309 785 3507 838 condo-

1937 881 2188 944 nabitur.
2249 880 2475 950 ignosce
2527 894 2813 944 servorum
2857 881 3059 942 erratis
3090 917 3106 941 ,
3134 887 3248 938 uta
3281 876 3510 932 Domino

1933 975 2148 1032 veniam
2193 977 2449 1043 impetres
2475 975 2640 1044 .202
2666 981 3039 1044 peccatorum.
3067 970 3225 1036 Quod
3250 969 3294 1024 si
3327 969 3514 1039 gravi-

1935 1073 2019 1130 ter
2041 1066 2300 1142 peccarit,
2323 1073 2378 1124 et
2401 1065 2690 1129 tolmserit»,
2720 1073 2928 1142 quanto
2959 1063 3168 1131 majora
3199 1063 3521 1126 remiseris.

1936 1167 2087 1214 tanto
2151 1158 2412 1228 majorem
2471 1156 2784 1226 impetrabis
2815 1157 3079 1211 'veniam.
3126 1154 3335 1210 Idcirco
3364 1154 3513 1213 cnim-

1933 1251 2194 1308 docemur
2226 1251 2410 1310 dicere
2442 1268 2456 1304 :
2488 1249 2724 1308 Remitte
2769 1250 2928 1306 nobis
2976 1248 3118 1311 sicut
3145 1247 3504 1310 remittimus,

1937 1353 1996 1397 ut
2024 1343 2392 1413 intelligamus
2426 1341 2773 1398 remissionis
2824 1349 2878 1400 et
2927 1340 3352 1404 condonationis
3387 1353 3508 1394 mo-

1936 1435 2061 1493 dum
2113 1448 2144 1491 ιι
2203 1433 2370 1494 nobis
2421 1433 2660 1503 primum
2695 1433 2914 1492 initium
2939 1447 3156 1503 capere.
3186 1432 3373 1502 itaque
3401 1428 3506 1492 ini-

1935 1526 2152 1588 micus,
2195 1532 2402 1593 quanto
2455 1524 2647 1594 majori
2709 1525 2953 1580 aﬂ‘ecerit
3011 1524 3302 1588 maleficio,
3356 1529 3539 1576 tantoa

1935 1613 2129 1684 majori
2177 1612 2342 1676 allicit
2388 1613 2675 1676 beneficio.
2711 1613 3060 1678 Festinemus
3091 1613 3258 1683 igitur
3287 1627 3352 1666 ac
3386 1625 3506 1681 pro-

1938 1720 2208 1774 peremus,
2244 1714 2304 1768 ut
2334 1720 2430 1766 eos
2463 1705 2556 1775 qui
2591 1706 2841 1768 molestia
2874 1714 2930 1764 et
2967 1706 3157 1764 dolore
3188 1719 3289 1760 nos
3315 1701 3506 1764 alicce-

1937 1794 2075 1858 rint,
2135 1793 2252 1848 sive
2293 1794 2418 1864 jure
2468 1795 2582 1849 sive
2629 1794 2829 1862 injuria
2879 1794 3223 1858 irascantur,
3258 1792 3506 1846 reconci-

1934 1885 2150 1954 liemus,
2182 1884 2238 1939 Si
2269 1885 2417 1944 enim
2450 1884 2538 1940 hic
2571 1885 2960 1952 reconciliatus
2981 1881 3522 1950 fueris.iilicjudicii

1933 1975 2388 2044 condemnatione
2429 1975 2786 2046 liberaberis:
2821 1975 2906 2030 sin
2937 1985 3121 2039 autem
3151 1975 3355 2037 interea
3393 1987 3528 2026 ma-v

1932 2074 2097 2121 neute
2146 2069 2252 2142 ira,
2306 2083 2458 2123 mors
2503 2068 2728 2122 adstans
2761 2083 2862 2124 suo
2906 2067 3215 2122 interventu
3255 2064 3514 2126 abducet,:

1932 2156 2305 2219 interveniens
2351 2158 2652 2226 simultati,
2683 2159 2735 2211 in
2776 2156 3042 2230 judicium
3086 2156 3215 2210 illud
3258 2165 3506 2209 metuen-

1931 2247 2081 2314 dum,
2113 2247 2258 2316 quod
2313 2248 2578 2317 reliquum
2627 2256 2731 2312 est,
2773 2250 2996 2302 causam
3043 2246 3240 2301 adduci
3287 2259 3507 2302 necesse

1930 2346 2035 2403 est,
2093 2349 2146 2398 et
2199 2347 2446 2399 extremo
2495 2337 2745 2398 allicieris
2798 2337 3069 2407 supplicio
3118 2352 3182 2392 ex
3235 2336 3512 2392 sententia

1931 2430 2079 2487 illius
2101 2433 2344 2486 omnium
2367 2431 2588 2498 judieis.
2617 2429 2677 2484 Et
2709 2431 2873 2488 ambo
2895 2429 3224 2502 supplicium
3251 2426 3510 2492 subibitis

1933 2523 2268 2587 inevitabile,
2289 2524 2424 2578 alter
2448 2523 2648 2592 injuste
2683 2522 2874 2585 iratus,
2909 2522 3032 2596 quia
3066 2519 3306 2590 injustus
3331 2537 3348 2577 :
3372 2521 3517 2586 alter

1933 2631 2063 2671 vero
2108 2616 2254 2685 justc
2287 2625 2510 2684 propter
2555 2615 2748 2683 ipsam,
2787 2626 3061 2684 utcunque
3092 2613 3325 2684 justam,
3367 2613 3505 2682 inju-

1933 2707 2029 2761 ria:
2047 2721 2136 2760 um
2167 2707 2504 2766 memoriam.

2002 2797 2157 2864 Quod
2205 2799 2371 2870 igitur
2409 2799 2618 2876 jejunio
2646 2807 2700 2853 et
2729 2799 3004 2864 lamentis,
3037 2799 3314 2868 precibus,
3345 2811 3506 2860 sacco

1931 2900 1986 2946 et
2011 2891 2195 2948 cinere
2235 2899 2290 2946 et
2332 2890 2544 2955 inﬁnita
2569 2890 2864 2956 conﬁtendi
2892 2890 3106 2947 ratione
3130 2891 3216 2944 vix
3254 2889 3344 2946 alii
3379 2903 3503 2958 per-

1932 2983 2144 3050 ﬁciunt,
2187 2991 2246 3038 ut
2277 2993 2500 3053 peccata
2556 2985 2902 3054 abstergeant
2951 2999 3076 3051 sua,
3103 2983 3156 3039 id
3188 2983 3347 3040 nobis
3383 2984 3512 3037 licet-

1929 3072 2092 3128 facile
2138 3073 2355 3143 assequi
2417 3075 2540 3129 sine
2601 3089 2786 3137 sacco,
2843 3073 3030 3129 cinere
3077 3083 3130 3128 et
3184 3072 3413 3142 jejunio,
3459 3072 3505 3130 si

1929 3165 2090 3218 modo
2147 3179 2213 3220 ex
2279 3165 2447 3223 animi
2512 3166 2848 3234 cogitatione
2905 3168 3044 3220 iram
3101 3165 3404 3230 deleamus,
3453 3174 3520 3217 et.

237 3241 414 3343 μόνον
443 3244 551 3296 ἀπὸ
581 3246 679 3314 τῆς
704 3247 942 3312 διανοίας
975 3249 1353 3322 ἐξαλείψωμεν
1373 3255 1474 3324 τὴν
1504 3257 1693 3328 ὀργὴν,
1733 3260 1823 3325 καὶ

1946 3256 2156 3310 )mnino
2187 3271 2256 3311 ex
2309 3256 2495 3310 animo
2544 3257 2613 3311 iis
2658 3257 2753 3327 qui
2801 3255 2958 3314 nobis
2993 3255 3250 3326 injuriam
3281 3254 3505 3319 fecerint

236 3333 393 3402 μετά
433 3335 784 3407 είλικρινείας
814 3341 1044 3412 ἀφῶμεν
1074 3346 1185 3407 τοῖς
1217 3345 1534 3417 ἠδικηκόσιν
1567 3351 1735 3420 ἡμᾶς.

316 3425 533 3491 Παντὸς
560 3429 958 3502 ἁμαρτήματος
983 3435 1043 3486 τὸ
1074 3440 1436 3504 μνησικακεῖν
1471 3441 1677 3510 χεῖρον.

314 3604 663 3677 Συγγνώμην
721 3609 1038 3679 αἰτούμενος
1069 3612 1506 3684 ἁμαρτημάτων,
1555 3617 1823 3684 συγγίνω-

239 3709 350 3744 σκε
381 3695 476 3747 καὶ
500 3696 659 3758 αὐτὸς
687 3700 797 3760 τοῖς
827 3698 906 3761 είς
946 3701 1002 3753 σὲ
1031 3700 1455 3772 πλημμελοῦσιν
1475 3721 1488 3737 °
1514 3707 1598 3759 ὅτι
1631 3708 1823 3776 ἀφέσει

233 3785 576 3839 ἁντιδῖδοται
630 3789 840 3857 ᾇφεσις,
894 3791 992 3844 καὶ
1045 3793 1079 3862 ἡ
1143 3795 1279 3864 πρὸς
1325 3797 1452 3860 τοὺς
1496 3799 1824 3869 ὁμοδούλους

235 3875 410 4036 29.62.!
470 3878 786 3960 καταλλαγὴ
842 3882 943 3951 τῆς
977 3883 1125 3948 θείας
1164 3883 1335 3960 ὀργῆς
1397 3887 1608 3956 γίνεται
1652 3891 1826 3954 ἀπαλ-

269 3985 348 4034 αγ
399 4006 415 4022 .

311 3985 415 4034 γη.

328 4057 424 4110 Ἐν
471 4053 552 4123 οἷς
590 4063 845 4134 πλήττειν
875 4068 1069 4133 ἄλλους
1106 4069 1334 4138 ἐθέλεις,
1371 4073 1427 4125 ἐν
1454 4074 1664 4138 τούτοις
1694 4074 1823 4146 βλά-

234 4149 351 4218 6ην
377 4149 562 4216 ἔλπιζε
587 4154 686 4225 τὴν
718 4159 960 4226 μείζονα.

327 4246 558 4320 Ἐχθροῦ
584 4250 868 4323 δεηθέντος
904 4256 978 4328 μὴ
1017 4258 1382 4332 ἀποστραφῇς
1414 4263 1513 4334 τὴν
1547 4253 1822 4328 ’ἀξίωσινο

234 4339 392 4411 πλὴν
416 4341 716 4412 ἀσφαλίζου
744 4351 992 4439 σεαυτόν,
1033 4353 1206 4407 Οὐδὲν
1227 4355 1334 4427 γὰρ
1364 4360 1522 4423 κυνὸς
1553 4359 1818 4430 διαφέρει.

309 4519 593 4589 Σπούδαζε
621 4527 718 4590 τὰς
749 4528 848 4596 μὲν
878 4529 1077 4601 ἔχθρας
1102 4533 1497 4605 ὀλιγοχρονίους
1524 4541 1818 4606 ποιεῖσθαι,

159 4681 165 4684 _
227 4611 342 4673 τὰς
366 4611 423 4666 δὲ
443 4613 663 4682 ἀγάπας
687 4619 1096 4688 πολυχρονίους.
1719 4617 1736 4624 Η

230 4791 384 4858 κὼό,
411 4794 503 4847 τὸν
537 4797 704 4853 Ἦσαῦ
747 4799 977 4871 δόμασιν
1012 4806 1256 4863 ὑπελθὼν
1309 4812 1450 4880 μετά
1489 4816 1823 4882 τριακοσίων

226 4887 320 4950 είς
354 4886 658 4958 ἀπάντησιν
684 4893 986 4958 ἐξελθόντα.
1034 4899 1175 4953 Ἀλλ’
1210 4901 1370 4971 ἡμεῖς
1409 4905 1638 4977 πένητες
1666 4905 1821 4972 ὄντες

225 4980 493 5055 τραπέζῃ
523 4981 620 5052 τὴν
650 4986 838 5054 χρείαν
873 4987 1269 5066 πληρώσωμεν.

320 5157 384 5210 '0
411 5159 631 5226 δαίμοσι
665 5169 1020 5234 μνησικακῶν
1044 5169 1350 5240 ἀνθρώποις
1370 5173 1431 5226 οὐ
1458 5179 1812 5244 μνησικακεῖ·

223 5254 512 5324 εἰρηνεύει
545 5257 602 5311 δὲ
637 5261 772 5328 μετά
807 5263 1080 5332 δαιμόνων
1105 5266 1132 5318 ὁ
1155 5266 1232 5336 τῷ
1262 5267 1475 5348 ἀδελ.φῴ
1504 5272 1737 5340 μηνιῶν.

308 5428 548 5494 Κροῖσος
571 5430 648 5499 τῷ
681 5435 983 5506 παιδοφόνῳ
1004 5440 1100 5507 τὴν
1125 5440 1296 5512 ὀργὴν
1326 5444 1544 5512 ἀφεῖναι
1571 5445 1810 5513 λέγεται,

220 5517 429 5569 ἑαυτὸν
461 5522 755 5591 παραδόντι
783 5527 862 5588 εἰς
902 5530 1170 5598 τιμωρίαν
1190 5571 1206 5596 ,
1241 5519 1336 5594 καὶ
1367 5534 1547 5604 Κῦρος
1582 5538 1609 5589 ὁ
1639 5537 1811 5606 μέγας

218 5611 385 5678 αὐτῷ
411 5613 584 5685 τούτῳ
610 5617 686 5687 τῷ
717 5619 938 5690 Κροίσῳ
969 5623 1118 5690 φίλος
1141 5625 1391 5692 γενέσθαι
1441 5631 1582 5698 μετά
1607 5632 1706 5702 τὴν
1734 5632 1809 5686 νί-

216 5711 356 5766 κην.

1934 3353 2308 3428 ignoscamus.

2003 3445 2208 3512 Quovis
2261 3456 2486 3517 peccato
2539 3445 2866 3516 injuriarum
2941 3443 3218 3503 memoria.
3261 3441 3505 3507 deterior

1931 3539 2037 3586 est.

2001 3622 2136 3684 Cum
2165 3624 2487 3684 delictorum
2517 3625 2727 3688 veniam
2768 3625 2934 3702 petis,
2973 3623 3060 3684 fac
3091 3624 3210 3695 ipse
3247 3622 3514 3694 ignoscas»

1932 3717 2000 3772 iis
2034 3717 2124 3787 qui
2155 3717 2212 3771 in
2245 3726 2297 3772 te
2331 3717 2642 3785 peccarint,
2679 3717 2810 3788 quia
2840 3716 3175 3772 condonatio
3221 3714 3501 3780 condona-

1935 3808 2083 3862 tionc
2132 3819 2555 3872 remuneratur,
2616 3823 2682 3864 ac
2733 3823 3126 3874 conservorum
3192 3816 3504 3866 nostrorum

1930 3901 2244 3968 conciliatio
2272 3902 2430 3957 nobis
2462 3901 2520 3965 iit
2549 3917 2583 3962 .a
2619 3901 2803 3969 divina
2829 3902 2910 3957 ira
2937 3900 3215 3957 liberatio.

2003 4076 2350 4134 Moschionis.
2387 4072 2674 4156 ln'quibus
2705 4075 2844 4140 alios
2885 4076 3418 4157 repreliendcresis,
3450 4078 3500 4131 in

1931 4169 1998 4224 iis
2023 4168 2412 4226 detrimentum
2442 4167 2616 4237 majus
2644 4182 2767 4222 csse
2788 4168 3123 4222 existimato.

2001 4258 2240 4334 Epicuri.
2271 4257 2426 4311 liosti
2463 4257 2708 4326 precanti
2743 4273 2812 4312 ne
2841 4259 3104 4326 denegata
3157 4258 3300 4326 quod
3333 4259 3502 4327 petit:

1931 4351 2022 4406 scd
2060 4363 2111 4404 te
2145 4350 2261 4419 ipse
2315 4349 2525 4408 munito
2587 4346 2853 4408 adversus
2889 4348 3061 4404 illum.
3113 4346 3258 4412 Nihil
3289 4348 3435 4402 enim
3473 4364 3512 4400 a.

1930 4454 2067 4494 cane
2097 4437 2297 4496 diﬂ‘crt.

2004 4529 2324 4599 Theopompi
2369 4529 2444 4582 Da
2489 4543 2705 4604 operam
2761 4535 2821 4583 ut
2869 4526 3184 4590 inimicitias
3237 4527 3501 4595 suscipias

1849 4618 1901 4676 υ
1928 4622 2141 4688 breves,
2175 4621 2445 4676 amicitias
2481 4629 2660 4682 autem
2687 4619 3075 4689 sempiternas.

311 4704 703 4774 Μνησικακίαν
732 4709 980 4766 σϐέννυσι
1013 4714 1194 4785 δῶρα·
1231 4718 1324 4771 καὶ
1354 4719 1586 4774 πειθέτω
1624 4739 1683 4783 σε
1719 4724 1824 4778 Ἰα-
1875 4767 1883 4773 .

2000 4712 2243 4783 Evagrii.
2297 4711 2626 4780 lnjuriarum
2676 4712 2996 4776 memoriam
3031 4725 3256 4772 munera
3288 4711 3498 4772 exstin-

1925 4815 2121 4877 guunt,
2159 4805 2210 4860 id
2237 4805 2380 4873 quod
2435 4820 2502 4860 ex
2551 4801 2761 4860 Iacobo
2792 4805 3004 4868 discere
3043 4805 3189 4865 licet.
3223 4803 3313 4874 qui
3343 4820 3402 4860 se
3442 4804 3496 4858 in

1923 4898 2152 4966 gratiam
2186 4896 2327 4951 Esau
2353 4897 2539 4961 fratris
2564 4897 2650 4952 sui
2678 4897 2995 4960 muneribus
3027 4895 3347 4960 insinuavit,
3375 4911 3498 4952 cum

1924 4988 2180 5044 trecentis
2201 4987 2416 5044 obviam
2442 4988 2805 5052 occurrentis.
2834 4986 2942 5044 Sed
2964 5002 3070 5042 nos
3090 5002 3356 5060 pauperes
3377 5002 3499 5054 cujn

1921 5079 2093 5134 simus
2120 5094 2240 5148 qua:
2263 5077 2460 5133 desunt
2485 5093 2685 5134 mensce
2713 5079 3112 5146 compleamus.

1991 5169 2218 5232 Martini
2245 5177 2601 5234 anachoreta,
2651 5170 2752 5238 Qui
2792 5187 3001 5232 memor
3034 5180 3118 5226 est
3149 5168 3362 5240 injurim
3389 5168 3496 5222 da:-

1921 5275 2166 5326 monum,
2201 5275 2305 5314 non
2342 5260 2590 5315 meminit
2621 5260 2837 5336 injuria:
2863 5261 3142 5314 hominum
3179 5276 3194 5322 ;
3228 5269 3282 5314 ct
3305 5273 3492 5328 pacem

1917 5365 2038 5404 cum
2071 5350 2410 5407 daemonibus
2444 5351 2576 5422 agit,
2609 5352 2702 5421 qui
2731 5351 2879 5405 fratri
2907 5354 3182 5405 irascitur.

2193 5443 2430 5502 (irwsus.
2480 5444 2704 5512 Crmsus
2755 5445 2847 5510 lilii
2898 5439 3276 5505 interfectori,
3309 5440 3400 5508 qui
3434 5455 3493 5493 se

1914 5537 1983 5590 ad
2032 5535 2354 5605 supplicium
2407 5535 2690 5602 oliercbat,
2725 5534 2941 5590 dedisse
2970 5533 3182 5592 veniam
3233 5533 3434 5586 dicitur
3471 5548 3484 5584 :

1912 5641 1967 5688 et
2015 5631 2141 5685 huic
2184 5631 2286 5700 ipsi
2331 5630 2522 5686 Croeso
2569 5646 2797 5701 magnus
2826 5630 2915 5694 ille
2947 5629 3119 5700 Cyrus
3151 5637 3271 5698 post
3296 5627 3468 5682 vieto--

1914 5725 2050 5779 riam
2082 5722 2294 5780 amicus
2328 5723 2507 5780 iactus
2530 5739 2650 5779 esse
2684 5723 2877 5777 fertur.
