3974 6556
460 390 610 452 1113

468 595 718 650 meliores
753 593 966 652 edicere
990 610 1084 652 eos
1115 596 1208 666 qui
1233 596 1492 668 injuriam
1537 597 1772 668 faciunt,
1809 599 1941 655 dum
1970 604 2049 656 too

469 685 712 740 leramus
741 685 1026 756 patiendo.

429 778 440 802 '
545 773 942 846 Unusquisque
987 786 1233 832 nostrum
1262 779 1470 848 aliquid
1505 777 1686 847 debet,
1719 787 1774 834 et
1797 778 2051 836 Christus

472 865 646 920 multa
702 865 832 922 facil.
866 867 1125 922 nomina.
1170 867 1394 925 Veniam
1419 871 1635 935 demns,
1683 879 1743 925 ut
1769 871 1926 928 nobis
1957 887 2049 929 reo

473 956 743 1011 mittatur.

551 1047 612 1101 Si
643 1047 753 1102 Deo
787 1048 921 1102 nihil
949 1049 1202 1118 supplicii
1231 1050 1395 1108 debes
1417 1092 1433 1118 ,

542 1137 665 1209 Ipse
695 1127 928 1209 quoque’
948 1140 1086 1195 nihil
1136 1140 1392 1198 aﬂiciaris
1432 1143 1745 1200 debentium
1787 1143 2048 1212 miseriis;

547 1312 645 1368 Sin
691 1322 872 1370 autem
909 1316 1020 1373 scis
1071 1329 1125 1374 te
1172 1318 1395 1388 debere,
1433 1329 1490 1376 tu
1523 1322 1671 1389 prior
1717 1323 1914 1378 exhibe
1943 1322 2052 1378 clu-

1665 1411 1975 1486 [mentiam.

549 1495 656 1553 Pro
685 1497 1062 1556 misericordia
1088 1499 1233 1556 enim
1264 1501 1350 1556 vel
1379 1501 1522 1572 apud
1549 1504 1716 1558 Deum
1744 1504 1920 1573 ipsum
1950 1503 2051 1558 nii-

1285 1592 1605 1664 [sericordia
1642 1596 1976 1665 rependitur.

549 1678 701 1737 Satis
733 1689 818 1738 est
844 1683 1146 1740 moderatis
1177 1684 1397 1754 quidem
1433 1687 1730 1756 injuriosos
1773 1699 1918 1744 metu
1966 1691 2050 1744 af-

473 1771 588 1838 ﬁci,
614 1782 777 1842 atque
832 1789 897 1829 ea
937 1786 1257 1844 exspectare
1303 1778 1506 1847 quibus
1541 1789 1671 1833 sunt
1701 1780 1849 1850 digni
1881 1797 1899 1848 ;
1929 1796 2051 1851 (iure

473 1864 620 1920 enim
683 1865 808 1935 quis
863 1876 1123 1935 tanquam
1175 1882 1528 1936 perpessurus
1575 1872 1807 1938 metuit,
1860 1874 2047 1929 eadem
2082 1851 2123 1910 Β

475 1955 709 2024 patitur,
739 1955 956 2010 etiamsi
982 1971 1090 2010 non
1114 1957 1375 2026 patiatur,
1397 1966 1453 2012 et
1477 1957 1620 2013 forte
1645 1960 1767 2029 plus
1802 1976 1833 2016 a
1859 1963 2047 2034 seipso

475 2047 723 2115 punitur,
762 2061 924 2116 quam
953 2051 1023 2103 ab
1050 2049 1115 2102 iis
1147 2050 1240 2118 qui
1273 2051 1570 2108 cruciaturi
1594 2062 1800 2108 essent.

549 2137 698 2194 Satis
729 2153 853 2194 esse
884 2141 1204 2196 existimare
1253 2141 1547 2206 debemus.
1582 2144 1630 2199 si
1685 2144 1918 2203 faciendi
1952 2163 2052 2216 po-

475 2232 729 2280 testatem
763 2226 1051 2282 habemus.

549 2316 696 2374 Satis
737 2317 868 2371 mihi
925 2317 1179 2388 supplicii
1215 2328 1298 2374 est
1329 2320 1594 2378 adversus
1637 2307 1731 2380 eos
1777 2326 1873 2395 qui
1904 2328 2047 2400 inju-

474 2408 615 2462 riam
651 2408 954 2475 intulerint,
978 2410 1025 2464 si
1059 2409 1359 2466 ulciscendi
1393 2422 1634 2481 potestas
1664 2415 1847 2472 fuerit.

547 2499 614 2554 Et
657 2516 1035 2570 smpenumero
1075 2502 1151 2572 (l)
1183 2505 1516 2560 mentionem
1549 2506 1689 2562 facio
1716 2509 1887 2565 venia
1917 2512 2052 2566 dan-

473 2593 586 2662 de,
614 2603 673 2648 ut
717 2610 838 2664 qua:
867 2594 935 2648 ad
986 2595 1218 2650 salutem
1269 2597 1477 2666 pudore
1517 2598 1767 2655 allectum
1797 2618 1920 2657 eum
1952 2605 2048 2674 qui

473 2685 730 2754 injuriam
764 2685 1014 2740 intulerit
1047 2726 1062 2754 ,
1112 2687 1356 2753 reducat,
1387 2696 1440 2742 et
1472 2698 1618 2743 metu
1660 2691 1942 2747 liberatam
1979 2700 2047 2748 ad

475 2789 721 2830 amorem
760 2777 963 2831 alliciat
999 2785 1234 2832 mentem
1269 2794 1391 2847 quae
1423 2795 1530 2834 non
1569 2796 1796 2850 prorsus
1824 2778 2064 2854 desipit.'

543 2867 714 2922 Multo
744 2877 826 2922 est
858 2869 1054 2924 melius
1080 2869 1268 2924 dolore
1319 2872 1516 2942 exiguo
1553 2887 1871 2944 comparare
1899 2878 2048 2930 utili-

472 2967 613 3015 tates
640 2960 930 3026 maximas,
965 2977 1124 3030 quam
1159 2961 1466 3031 voluptates
1499 2965 1778 3034 sequendo
1814 2979 2043 3023 summa:

469 3055 640 3106 iouus
672 3053 927 3106 damnum
969 3051 1193 3108 inferre.

539 3143 710 3199 Bonis
738 3144 950 3214 praediti
991 3145 1236 3202 moribus
1259 3146 1325 3203 ad
1352 3147 1565 3202 veniam
1597 3149 1831 3205 dandam
1869 3154 2045 3222 parati
2073 3187 2121 3251 ε

469 3242 621 3288 sunt.

544 3326 908 3394 ignoscamus
937 3328 1132 3385 alienis
1184 3329 1241 3385 in
1291 3345 1392 3386 nos
1422 3333 1697 3401 peccatis,
1733 3345 1794 3390 ut
1835 3346 1891 3391 et
1937 3335 2044 3406 ipsi

469 3418 686 3474 veniam
722 3419 1103 3489 impetremus.

537 3507 618 3566 Ne
657 3520 710 3565 te
769 3512 921 3567 fallat
963 3514 1142 3570 inanis
1190 3523 1244 3571 et
1291 3524 1456 3570 stulta
1494 3519 1758 3589 cogitatio
1809 3530 1871 3576 ut
1903 3523 2048 3591 jusle

469 3605 730 3674 persequi
763 3605 995 3660 crimine
1025 3620 1217 3662 vacare
1254 3608 1418 3678 206
1455 3610 1666 3675 credas,
1697 3621 1753 3666 et
1785 3613 2047 3682 injurium

465 3693 682 3766 legibus
719 3698 932 3752 tradere
964 3699 1323 3766 puniendum.

542 3785 610 3843 Ut
646 3803 769 3842 cum
808 3791 1025 3846 ratione
1059 3793 1302 3857 vincere,
1333 3792 1413 3847 sic
1443 3803 1496 3847 et
1533 3793 1760 3849 honeste
1790 3796 1934 3851 vinci
1965 3798 2048 3852 di-

468 3876 726 3932 dicimus.

539 3965 601 4022 S.
631 3965 910 4037 Chrysost.
965 3968 1182 4034 Quanto
1209 3969 1402 4025 fortior
1426 3970 1620 4037 fueris,
1646 3981 1804 4029 tanto
1835 3976 2046 4044 aequius

464 4068 550 4115 est
581 4069 633 4114 te
667 4060 1084 4117 imbecilliorem
1139 4062 1306 4119 ferre.
1367 4062 1485 4120 Non
1533 4065 1680 4121 enim
1735 4068 1837 4123 sibi
1866 4069 2044 4123 solum

465 4153 628 4209 fortis
661 4171 782 4211 esse
800 4155 960 4210 debet
989 4157 1079 4226 qui
1102 4157 1295 4212 robore
1324 4160 1585 4228 praeditus
1613 4169 1719 4227 est,
1756 4163 1850 4217 sed
1881 4163 2044 4216 etiam

459 4246 606 4302 aliis.
634 4248 790 4314 Quod
813 4249 860 4304 si
889 4249 1028 4304 dicis
1053 4258 1104 4305 te
1121 4251 1316 4306 fortem
1346 4266 1489 4317 esse,
1521 4262 1576 4308 et
1606 4253 1756 4310 illius
1804 4255 2047 4311 imbecil-

460 4340 665 4396 litatem
725 4344 1058 4408 contemnis,
1098 4345 1370 4414 duplicem
1404 4345 1562 4401 dabis
1599 4362 1814 4416 pinnam
1854 4367 1868 4402 :
1913 4365 2038 4404 nam

463 4434 844 4504 unusquisque
887 4449 1139 4492 nosuum
1181 4439 1248 4494 de
1278 4437 1453 4492 salute
1499 4439 1731 4508 proximi
1771 4441 2043 4499 soliicitus

1669 393 1992 455 ANTONII
2033 396 2382 460 MELISSE

535 503 748 558 Bonum
785 512 868 560 est
914 504 1330 560 mansuetudine
1377 505 1660 562 audaciam
1690 507 1930 574 vincere,
1976 518 2031 565 et
2060 518 2108 576 Α

2220 515 2450 582 ’Λγαοδν
2497 518 2830 590 χρηστότητι
2878 521 3033 592 νικᾷν
3079 521 3420 592 θρασύτητα,
3449 523 3543 574 καὶ
3591 523 3694 590 ﬁei-

2151 606 2298 670 τίους
2327 610 2501 664 ποιεῖν
2525 609 2651 674 τοὺς
2681 611 3001 676 ἀδικοῦντας
3019 653 3036 679 ,
3081 609 3164 676 οἷς
3205 612 3579 684 καρτεροῦμεν
3609 615 3696 667 πά·

2154 713 2400 766 σχοντες.

2223 787 2494 853 Ἕκαστος
2517 792 2675 860 ἡμῶν
2705 795 2856 848 ἐστιν
2879 797 2942 850 ὲν
2961 797 3276 866 ἐπιτιμίοις,
3307 798 3404 851 καὶ
3427 799 3566 868 ὀχοῖς
3592 798 3698 871 [L6

2151 879 2412 953 Χριστὸς]
2446 884 2620 938 πολλὰ
2641 886 2798 954 φέρει
2827 888 2894 942 τά
2920 889 3057 958 ὁφλή
3069 907 3234 958 ματα.
3267 891 3699 960 Συγχωρήσωμιν

2149 966 2266 1038 οὖν,
2297 972 2385 1027 ἵνα
2413 977 2862 1048 συηωρηοῶμεν
2894 995 2909 1010 ο
2952 981 3206 1049 ἀφῶμεν,
3239 982 3329 1036 ἴνα
3361 982 3535 1054 ἀφεθῇ
3559 984 3696 1054 ἡμῖν.

2258 1065 2322 1118 El
2348 1066 2517 1137 μηδὲν
2546 1068 2729 1137 δφλεις
2761 1071 2840 1140 τῷ
2860 1071 2982 1142 Θεῷ
3015 1074 3291 1142 τιμωρίας
3314 1114 3330 1139 ,

2253 1157 2393 1226 Μηδ’
2418 1159 2577 1222 αὐτὸς
2605 1159 2712 1214 ἴσθι
2731 1164 2843 1225 τοῖς
2866 1163 3143 1232 ὀφείλουσι
3159 1166 3468 1236 ⁵σιψιπαῦἡς
3489 1164 3548 1237 [ί.
3573 1169 3703 1236 ὀφείο
3737 1144 3756 1170 ⁹

3127 1255 3278 1307 lous’
3307 1254 3604 1325 ὲμπαθήςΓ

2258 1340 2320 1392 ει
2343 1339 2386 1392 δ’
2421 1335 2565 1404 οἶδας
2594 1341 2797 1409 δφλων,
2835 1343 2932 1396 καλ
2956 1344 3269 1414 πρόχρησον
3295 1345 3357 1398 τὸ
3384 1346 3577 1413 πρᾶον.

2259 1521 2443 1590 Οίκτῳ
2471 1526 2579 1590 γὰρ
2613 1517 2795 1586 οἶκτος
2826 1522 2919 1576 καὶ
2943 1521 3063 1592 Θεῷ
3091 1521 3478 1591 σταθμίζεται.

2223 1702 2503 1774 Αΰταρκες
2531 1706 2642 1766 τοῖς
2694 1722 2757 1770 γε
2791 1705 3034 1772 μετρίοις
3079 1705 3139 1758 τὸ
3186 1705 3295 1758 τῶν
3338 1704 3701 1774 λελυπηκὸτων

2151 1794 2292 1860 δέος,
2321 1796 2415 1847 καὶ
2472 1796 2531 1848 τὸ
2580 1796 2948 1866 προσδοκῆσαι
2992 1797 3161 1850 ταῦτα
3214 1795 3432 1860 παθεῖν,
3467 1788 3541 1848 ὦν
3575 1797 3702 1848 εἰσιν

2162 1884 2322 1949 ἄξιοι.
2361 1885 2425 1938 Ἃ
2452 1884 2560 1955 γάρ
2586 1901 2666 1948 τις
2696 1884 2770 1948 ὡς
2805 1885 3127 1955 πεισόμενος
3152 1885 3386 1947 etiam,
3433 1885 3599 1938 causa
3628 1886 3706 1935 πύ-

2167 1976 2354 2037 πονθε,
2385 1977 2489 2029 κᾶν
2519 1975 2594 2046 μὴ
2623 1977 2794 2048 πάθῃ,
2827 1979 2919 2032 καὶ
2958 1978 3125 2030 πλείω
3159 1977 3292 2048 παρ’
3321 1977 3516 2029 ἂαυτοῦ
3548 1977 3703 2044 τυχὶν,

2168 2068 2200 2139 ἢ
2233 2068 2340 2133 τῶν
2373 2067 2683 2138 δρασάντων
2713 2069 3021 2128 κολάζεται.

2233 2157 2514 2230 Αῠταρκες
2566 2160 2821 2231 ἡγεῖσθαι
2865 2160 3045 2231 χρεὼν
3070 2160 3171 2231 τὴν
3213 2159 3312 2213 τοῦ
3356 2159 3530 2210 ποιεῖν
3577 2155 3707 2223 {Ecu-

2167 2253 2309 2309 σίαν.

2241 2346 2531 2416 Αὐτάρκης
2584 2363 2674 2415 μοι
2709 2345 2947 2414 τιμωρία
2997 2347 3139 2398 κατὰ
3187 2345 3297 2397 τῶν
3331 2343 3650 2400 ἀδικούντων
3679 2343 3706 2412 ίι

2163 2440 2257 2494 τοῦ
2291 2439 2543 2509 ἀντιδρᾷν
2575 2438 2696 2504 ὲξου
2705 2439 2814 2494 σία.

2241 2535 2349 2586 Καὶ
2377 2530 2437 2584 τὸ
2469 2531 2794 2600 συγγνῶμον
2820 2529 3078 2592 πολλάκις
3100 2529 3264 2596 λέγω,
3296 2529 3430 2598 πρὸς
3457 2527 3708 2597 σωτηρίαν

2165 2624 2306 2678 αίδοῖ
2353 2625 2646 2690 κατεῖργον
2696 2622 2788 2675 τὸν
2837 2620 3196 2690 ἀδικήσαντα,
3242 2622 3336 2674 καὶ
3387 2622 3613 2688 μετάγον
3641 2619 3704 2679 είς

2167 2715 2388 2785 φίλτρον
2424 2715 2487 2767 ἐκ
2518 2713 2685 2782 φόϐου
2721 2715 2819 2784 τὴν
2848 2713 3262 2783 ἀσφαλεστέραν
3292 2713 3525 2767 ἔννοιαν.

2237 2806 2423 2876 [Ιολλῷ
2468 2805 2676 2876 βέλτιον
2729 2807 2901 2876 μικρὰ
2956 2805 3276 2875 λυπήσαντα
3325 2807 3560 2876 μέγιστα
3587 2804 3706 2872 ὤιξε·

2166 2900 2354 2969 λῆσαι,
2385 2901 2418 2969 ἢ
2449 2898 2510 2950 τὸ
2542 2897 2676 2966 πρὸς
2705 2897 2899 2967 ἡδονὴν
2927 2896 3194 2950 διώκοντα
3224 2897 3505 2967 ζημιῶσαι
3537 2899 3608 2966 τῷ
3630 2912 3703 2949 κε·

2161 2991 2402 3061 φαλαίῳ.

2224 3175 2489 3244 Ἐτοιμον
2513 3172 2572 3226 τὸ
2603 3172 2841 3242 χρηστὸν
2868 3172 2948 3234 είς
2982 3170 3342 3244 συγγνώμην.

2224 3352 2683 3424 Συγχωρήσωμεν
2704 3347 2773 3403 τὰ
2804 3346 2884 3410 είς
2916 3347 3084 3417 ἡμᾶς,
3119 3349 3207 3405 ἵνα
3243 3351 3339 3405 καὶ
3369 3352 3525 3408 αὐτοὶ
3545 3352 3698 3423 τύχω-

2156 3463 2255 3517 μεν
2286 3445 2709 3515 συγχωρήσεως.

2223 3538 2314 3608 Μή
2347 3553 2411 3591 σε
2443 3537 2710 3591 ἀπατάτω
2739 3539 2969 3608 μάταιος
2999 3537 3283 3608 λογισμὸς,
3304 3539 3470 3592 ὅτιτὸ
3501 3538 3696 3596 δικαίως

2151 3628 2400 3682 ἐπελθεῖν
2444 3629 2740 3684 ἀνεύθυνόν
2793 3633 2930 3699 ὲστι,
2986 3631 3082 3684 καὶ
3132 3631 3195 3686 τὸ
3245 3629 3578 3701 παραδοῦναι
3602 3631 3697 3688 τοῖς

2151 3722 2340 3791 νόμοις
2374 3722 2466 3775 τὸν
2499 3723 2862 3792 ἀδικήσαντα.

2224 3816 2438 3886 Ὥσπερ
2466 3816 2566 3869 σὺν
2609 3815 2753 3887 λόγῳ
2778 3819 2959 3888 νικᾷν,
2989 3817 3166 3880 οὕτως
3213 3818 3312 3871 καὶ
3341 3815 3584 3872 νικᾶσθαι
3612 3831 3697 3866 κα-

2150 3909 2257 3971 λῶς
2289 3925 2352 3979 με
2361 3908 2582 3980 μαθήκα
2591 3926 2714 3980 μεν.

2224 3999 2485 4071 Ὀσῳπερ
2519 3999 2587 4053 ἂν
2629 4001 2983 4073 ἰσχυρότερος
3005 3999 3094 4076 ᾖς,
3127 4004 3370 4075 τοσούτῳ
3393 4003 3697 4073 δικαιότερος

2149 4083 2216 4139 ἂν
2249 4084 2367 4154 εἴης
2403 4086 2494 4138 τὸν
2521 4087 2912 4155 ἀσθενέστερον
2938 4089 3325 4158 διαϐαστάξαι.
3358 4092 3433 4145 Οὐ
3462 4092 3561 4161 γὰρ
3585 4091 3698 4144 seu-

2147 4175 2224 4244 τῷ
2263 4176 2446 4244 μόνον,
2493 4177 2629 4231 ἀλλὰ
2677 4181 2771 4232 καὶ
2801 4181 3010 4250 ἑτέροις
3058 4182 3278 4252 ἰσχυρὸν
3312 4178 3452 4236 εἶναι
3480 4183 3574 4255 χρὴ
3607 4183 3686 4234 τὸν

2149 4268 2423 4337 ἰσχύοντα.
2473 4271 2538 4325 ΕΞ
2569 4271 2648 4336 δὲ,
2697 4271 2873 4341 λέγων
2905 4273 3135 4343 ἰσχύειν,
3182 4275 3281 4344 τὴν
3317 4276 3586 4329 ἀσθένειαν
3610 4275 3697 4342 τὴν

2147 4360 2358 4414 ἐκείνου
2390 4364 2677 4433 περιορᾷς,
2710 4363 2906 4435 διπλῆν
2934 4365 3130 4430 δώσεις
3163 4365 3346 4436 δίκην.
3391 4367 3694 4426 ’Υπεύϐυνος

2146 4453 2254 4523 γάρ
2287 4453 2514 4518 ἕκαστος
2547 4455 2708 4526 ἡμῶν
2734 4459 2832 4526 τῆς
2865 4456 2966 4512 τοῦ
2997 4458 3228 4527 πλησίον
3258 4461 3524 4528 σωτηρίας
3553 4457 3692 4510 ἐστί·

456 4539 578 4581 esse
605 4525 730 4595 jure
751 4526 912 4581 debet
932 4545 947 4580 :
967 4529 1152 4598 itaque
1177 4543 1285 4582 non
1313 4538 1523 4583 tantum
1543 4532 1826 4585 commoda
1853 4542 2036 4590 nostra

2154 4542 2232 4595 se:
2261 4542 2422 4596 τοῦτο
2447 4545 2567 4615 οὐχὶ
2608 4545 2680 4598 τὰ
2727 4547 2937 4600 ἑαυτῶν
2969 4550 3192 4601 σκοπεῖν
3240 4550 3427 4618 μόνον,
3456 4548 3580 4602 ἀλλὰ
3608 4545 3694 4597 καὶ

457 4628 710 4686 spectare
741 4627 794 4671 et
821 4632 1013 4685 parare
1045 4619 1184 4686 juesi
1211 4635 1426 4684 sumus,
1452 4621 1546 4674 sed
1577 4623 1739 4674 etiam
1773 4626 2046 4692 proximo-

456 4723 602 4762 rum.
630 4707 811 4763 Pretio
840 4712 1009 4778 empti
1043 4724 1274 4778 sumus;
1300 4711 1394 4779 qui
1430 4720 1611 4765 autem
1649 4710 1752 4769 nos
1789 4718 2039 4785 redemit,

455 4798 566 4854 hoc
601 4800 941 4868 praescripsit
973 4801 1040 4855 ad
1077 4816 1423 4857 communem
1455 4786 1701 4859 omnium
1728 4808 2039 4865 utilitatem.

529 4889 647 4945 Non
675 4891 999 4962 simpliciter
1029 4893 1097 4948 ad
1118 4893 1441 4950 delictorum
1476 4897 1700 4953 modum
1727 4900 2037 4959 adhibenda

2141 4634 2209 4686 ri:
2239 4634 2350 4686 τῶν
2381 4635 2550 4697 πέλα,
2584 4636 3009 4707 ἐκελεύσοημεν.
3043 4639 3222 4707 Τιμῆς
3251 4640 3648 4710 ἡγοράσθημεν·
3669 4637 3694 4689 ὁ

2138 4724 2194 4778 δὲ
2230 4725 2509 4795 ἀγοράσας
2559 4727 2709 4796 ἡμᾶς
2755 4727 2914 4783 τοῦτο
2948 4729 3284 4800 προσέταξεν
3317 4729 3414 4783 ἐπὶ
3445 4731 3505 4801 τῇ
3551 4729 3686 4794 κοινῇ

2139 4816 2358 4869 πάντων
2389 4819 2724 4888 λυσιτελείᾳ.

2213 4907 2327 4978 Οὐχ
2366 4908 2550 4973 ἁπλῶς
2581 4910 2719 4980 πρὸς
2761 4910 2821 4962 τὸ
2861 4909 2968 4964 τῶν
3003 4913 3474 4982 παραπτωμάτων
3515 4914 3688 4980 μέτρον

455 4993 542 5038 est
569 4983 909 5053 objurgatio,
959 4985 1043 5040 vel
1087 4987 1413 5056 castigatio:
1453 4991 1547 5045 sed
1597 4991 2034 5062 delinquentium

2154 4997 2219 5050 5εἰ
2243 5000 2344 5069 τὴν
2376 5001 2698 5071 ἐπιτίμησιν
2718 5003 2967 5072 ἐπάγειν,
2989 5005 3126 5058 ἀλλὰ
3159 5006 3255 5058 καὶ
3286 5009 3385 5075 τῆς
3407 5004 3510 5058 τῶν
3531 5005 3688 5071 ἁμαρο

453 5074 740 5128 consilium
788 5076 950 5130 etiam
991 5081 1448 5138 considerandum
1475 5092 1590 5139 est:
1621 5101 1686 5139 ne
1715 5086 1844 5140 dum
1861 5088 2043 5143 dissu-

2154 5089 2414 5144 τανόντων
2470 5095 2827 5163 στοχάζεσθαι
2887 5099 3282 5168 προαιρέσεως,
3323 5099 3399 5168 μή
3456 5111 3589 5158 ποτε,
3636 5091 3689 5143 τὸ

455 5175 570 5221 tum
594 5181 864 5224 consuerc
896 5169 1003 5237 vis,
1035 5169 1360 5229 deteriorem
1396 5175 1606 5233 efﬁcias
1637 5186 1947 5248 rupturam.

2154 5183 2440 5253 Ξιερρωγὸς
2499 5185 2672 5256 ῥάψαι
2738 5189 3102 5257 βουλόμενος,
3165 5193 3352 5261 χεῖρον
3404 5191 3462 5243 τὸ
3508 5187 3688 5257 σχίσμα

2141 5276 2399 5345 ποιήσῃς.

524 5347 751 5406 Difficile
782 5366 900 5407 esse
935 5350 1177 5406 arbitror
1213 5363 1266 5407 ut
1295 5356 1389 5424 qui
1427 5355 1652 5414 futurus
1693 5366 1775 5414 est
1807 5360 2036 5415 aliorum

450 5443 815 5511 reprehensor
839 5454 893 5499 et
922 5445 1243 5515 castigator,
1284 5449 1525 5502 animum
1568 5466 1728 5506 suum
1763 5453 1832 5507 ab
1857 5453 2031 5506 auda-

447 5537 532 5590 cia
563 5548 620 5591 et
656 5540 912 5607 superbia
956 5541 1275 5607 longissime
1305 5542 1578 5609 abducat,
1616 5553 1669 5599 et
1705 5546 1886 5601 verbis
1911 5557 2032 5599 tan-

449 5640 587 5694 tum,
620 5647 726 5685 non
760 5635 1077 5688 verberibus
1110 5648 1252 5705 agat.

2212 5369 2394 5421 Δεινὸν
2425 5366 2578 5440 οἶμαι
2622 5373 2713 5426 τὸν
2743 5374 3003 5443 μέλλοντα
3034 5377 3353 5446 ἐλεγκτικὸν
3383 5373 3536 5440 εἶναι,
3568 5371 3686 5443 091'

2135 5459 2362 5527 σύτητος
2391 5465 2626 5531 μάλιστα
2658 5468 2752 5522 καὶ
2776 5469 3039 5534 ἀπονοίας
3074 5472 3412 5540 πορρωτάτω
3443 5472 3529 5538 τὴν
3562 5467 3684 5518 ἐαυ-

2133 5551 2226 5606 τοῦ
2259 5554 2438 5626 ψυχὴν
2469 5558 2727 5627 ἀπάγειν,
2765 5564 2861 5614 καὶ
2902 5560 2964 5614 τὸ
2996 5561 3331 5632 δραστήριον
3367 5565 3424 5616 ὲν
3451 5564 3508 5631 τῇ
3538 5557 3683 5625 φύσει

2132 5643 2241 5696 τῶν
2271 5648 2555 5717 ῥημάτων,
2587 5653 2681 5705 καὶ
2719 5652 2799 5724 μὴ
2846 5653 2956 5709 τῶν
3009 5656 3355 5725 πραγμάτων
3406 5654 3595 5705 ἐπιδίκ
3631 5667 3679 5696 υ-

2135 5738 2252 5791 σοαι
2287 5739 2470 5810 μόνον.

515 5833 592 5904 (l)
637 5835 904 5895 Videntur
934 5839 1047 5896 haec
1077 5839 1350 5910 iungenda
1383 5845 1712 5916 praecedenti
1746 5848 1956 5903 versui.
