3890 6562
211 472 349 541 1149

1020 461 1194 523 LOCI
1234 456 1675 521 communes.
1711 480 1776 491 -
1821 454 2010 516 mas
2043 453 2128 518 ιι.
2170 450 2430 513 saeuo
2476 449 2684 512 LVIII.

3322 437 3462 503 1150

277 584 571 654 Πρέπουσα
615 576 922 647 δοξολογίας
978 573 1235 637 ὑπόθεσις
1263 573 1296 643 ἡ
1327 573 1436 626 τῶν
1485 571 1776 641 εὐεργετη-

1956 566 2017 623 S.
2043 565 2256 622 Basilii.
2297 564 2690 622 Beneficiorum
2725 567 3076 629 acceptorum
3132 566 3445 609 commento

206 677 390 748 μάτων
417 674 693 743 διήγησις.

268 770 401 843 Τοῖς,
422 765 745 837 εὐεργέταις
770 759 1037 825 ἑκουσίως
1064 759 1247 814 πᾶσαν
1272 757 1485 811 εὔνοιαν
1530 749 1770 822 ἀποπλη-

330 879 409 914 εν.

202 881 666 1016 ρωῗέξδώσομεν
713 944 896 998 τοίνυν
929 943 1027 996 σύν
1054 912 1198 1011 τόκῳ
1232 938 1293 992 τδ
1338 936 1517 1008 χρέοςι
1571 937 1637 991 ἂν
1670 935 1780 1007 ἄρα

198 1037 454 1092 τοσοῦτον
484 1036 841 1108 εὐποροῦντες
862 1037 1142 1104 φανῶμεν.

282 1130 505 1201 Ἐπειδὴ
534 1130 657 1182 ὅσον
679 1127 965 1197 ὀφείλομεν
997 1129 1077 1189 εἰς
1119 1123 1474 1197 εὐχαριστίαν
1514 1121 1670 1193 ὐμῶν
1702 1118 1778 1172 εί-

200 1225 323 1277 πεῖν
352 1223 456 1276 οὐκ
497 1221 777 1291 ίσχύομεν,
813 1219 1045 1289 λέγομεν
1074 1219 1197 1271 ὅσον
1223 1214 1524 1284 δυνάμεθα.

280 1399 454 1453 Οὐδὲν
481 1399 655 1463 οὕτως
683 1399 963 1467 εὐάγωγον
992 1399 1070 1462 εἰς
1100 1395 1337 1462 εὔνοιαν,
1361 1395 1436 1459 ὡς
1453 1393 1611 1467 ἡτῶν
1628 1394 1785 1463 εὐερ-

198 1492 533 1562 γετημάτων
561 1489 826 1562 εὐφημία.

794 1758 1014 1814 ΛΟΓΟΣ
1051 1755 1189 1814 NH'.

303 1897 452 1969 Περὶ
479 1896 988 1969 ἀγνωμονούντων
1025 1893 1124 1949 καὶ
1158 1891 1673 1962 ἁχαριστούντων.

282 2032 740 2087 Ἀνταπεδίδοσάν
771 2049 864 2102 μοι
897 2032 1112 2104 πονηρά
1131 2031 1251 2085 ἀντὶ
1272 2029 1518 2099 ἀγαθῶν.

284 2214 440 2267 ’Δντὶ
485 2212 579 2266 τοῦ
640 2213 862 2284 ἀγαπᾷν
909 2230 977 2284 με
1030 2211 1373 2268 ἔνδιέϐαλλόν
1428 2227 1533 2282 με·
1587 2210 1701 2281 ἐγὼ
1727 2210 1784 2263 δὲ

199 2305 631 2376 προσηυχόιιην,
664 2306 756 2358 καὶ
790 2304 974 2358 ἔθεντο
1014 2303 1136 2358 κατ’
1156 2303 1292 2374 ἐμοῦ
1322 2303 1468 2357 κακά
1498 2302 1620 2356 ἀντὶ
1651 2303 1787 2369 ἀγα-

199 2397 340 2462 θῶν,
369 2396 465 2450 καὶ
498 2399 647 2466 μῖσος
672 2396 792 2450 ἀντὶ
818 2396 919 2467 τῆς
944 2392 1275 2465 ἀγαπήσεώς
1312 2412 1433 2462 μου.

276 2492 381 2554 Ὃς
404 2489 698 2544 ἀποδίδωσι
733 2488 879 2541 κακά
904 2488 1026 2541 ἀντὶ
1065 2484 1306 2555 ἀγαθῶν,
1342 2486 1403 2539 οὐ
1432 2484 1786 2558 κινηθήσεται

198 2582 357 2637 κακά
388 2582 453 2635 ἐκ
485 2579 582 2635 τοῦ
614 2579 766 2635 οἴκου
798 2579 988 2634 αὐτοῦ.

273 2675 419 2728 Οὐαὶ
451 2674 657 2738 αὐτοῖς,
706 2673 789 2726 ὅτι
822 2672 1183 2741 ἀπεπήδησαν
1233 2671 1329 2724 ἀπ’
1356 2669 1494 2740 ἐμοῦ
1514 2686 1531 2703 ·
1564 2668 1786 2723 δείλαιοι

198 2764 366 2831 εἰσιν,
396 2765 479 2818 ὅτι
521 2763 800 2835 ἠσέϐησαν
852 2765 931 2825 εἰς
978 2762 1098 2831 ἐμέ.
1151 2761 1294 2829 Ἐγὼ
1334 2760 1443 2830 γὰρ
1474 2760 1787 2829 ὲλυτρωσά-

202 2876 319 2928 μην
352 2858 576 2920 αὐτοὺς,
600 2857 750 2909 αὐτοὶ
777 2855 833 2909 δὲ
864 2855 1239 2924 κατελάλησαν
1270 2853 1391 2907 κατ’
1427 2851 1559 2924 ἐμοῦ
1589 2851 1785 2922 ψευδῆ.

276 2951 510 3015 ’Δκουε,
556 2948 777 3019 οὐρανὲ,
813 2947 908 3002 καὶ
957 2945 1257 3011 ὲνωτίζου,
1305 2945 1397 3015 γῆ,
1452 2946 1535 3003 ὅτι
1583 2943 1785 3014 Κύριος

199 3042 513 3112 ἐλάλησεν
564 3060 582 3092 ι
623 3040 780 3103 riui);
833 3041 1099 3108 ἐγέννησα
1143 3039 1234 3090 καὶ
1274 3036 1489 3106 ῦψωσα,
1542 3036 1698 3090 αὐτοὶ⁹
1731 3034 1789 3088 δὲ

203 3134 273 3205 μὲ
306 3134 606 3204 ἠθέτησαν.
637 3132 820 3200 Ἔγνω
864 3130 987 3200 βοῦς
1017 3131 1107 3182 τὸν
1131 3130 1497 3200 κτησάμενον,
1534 3127 1627 3181 καὶ
1667 3126 1787 3190 ὄνος

1812 1919 1862 1981 Β

1885 659 2025 713 ratio
2062 658 2291 715 honesta
2323 667 2409 713 est
2438 653 2695 712 laudandi
2741 650 2978 707 occasio.

1956 750 2101 806 Bene
2142 749 2350 805 meritis
2387 747 2528 803 ultro
2574 746 2833 800 debemus
2877 753 3092 795 omnem
3139 736 3469 792 benevolen-

1885 842 2015 895 tiam
2042 850 2322 911 priestare.

1957 928 2224 1000 Tlteologi.
2259 929 2566 985 Reddamus
2606 928 2771 999 igitur
2801 939 2922 980 cum
2966 922 3151 977 fenore
3207 918 3472 979 debitum,

1886 1021 1933 1076 si
1956 1023 2116 1077 modo
2150 1031 2298 1077 tanta
2339 1020 2492 1089 copia
2531 1018 2809 1074 abundare
2837 1016 3149 1070 videamur.

1959 1114 2019 1169 S.
2054 1113 2322 1184 Cltrysost.
2358 1112 2587 1178 Quando
2620 1118 2881 1179 quantum
2935 1106 3198 1160 debemus
3244 1101 3314 1156 ad
3345 1115 3471 1171 gra-

1891 1206 2016 1259 tiam
2041 1204 2195 1260 vobis
2215 1204 2558 1259 referendam
2586 1202 2768 1255 dicere
2800 1215 2907 1254 nou
2939 1198 3206 1261 valemus,
3236 1193 3471 1248 dicimus

1889 1309 2149 1371 quantum
2178 1316 2487 1370 possumus.

1969 1395 2226 1450 Philonis.
2259 1393 2403 1447 Nihil
2426 1402 2533 1447 tam
2564 1391 2710 1447 valet
2755 1390 2824 1446 ad
2867 1387 3305 1445 benevolentiam
3336 1398 3470 1439 cono

1837 1514 1842 1522 κ
1891 1490 2177 1545 eiliaudam
2239 1501 2400 1556 quam
2462 1484 2856 1540 beneﬁciorum
2932 1478 3321 1552 depraedicatio
3378 1489 3473 1531 ac-

1893 1593 2194 1654 capturum.

2282 1761 2515 1819 διεκιιο
2551 1757 2826 1834 ινιιηαι.
2872 1756 3080 1831 xw].

2035 1899 2111 1957 De
2139 1901 2361 1971 ingratis
2394 1909 2442 1954 et
2478 1898 2727 1969 beneﬁcia
2769 1912 2876 1951 non
2907 1895 3329 1966 agnoscentibus.

1962 2035 2112 2092 Psat.
2151 2052 2335 2091 xxxrr.
2390 2034 2557 2106 209
2606 2033 2742 2088 Mala
2773 2046 2876 2103 pro
2915 2030 3078 2085 bouis
3111 2028 3241 2083 mihi
3292 2024 3477 2082 reddi-

1887 2127 2106 2184 derunt.

1959 2218 2443 2275 Calumniabantur
2472 2231 2582 2281 me,
2606 2230 2729 2269 cum
2765 2212 3048 2282 diligerem
3092 2223 3207 2264 eos.
3237 2204 3352 2277 Ego
3377 2219 3483 2258 au-

1890 2322 1995 2366 tem
2024 2310 2286 2381 precabar
2311 2319 2362 2364 et
2397 2309 2534 2362 mala
2561 2322 2662 2378 pro
2691 2305 2854 2361 bonis
2904 2301 3040 2357 mihi
3072 2304 3396 2372 posuerunt,
3426 2302 3480 2349 et

1887 2401 2071 2456 odium
2105 2417 2202 2472 pro
2226 2400 2516 2456 dilectione
2545 2413 2687 2453 mea.

1961 2493 2127 2549 Prov.
2174 2510 2308 2550 xm.
2356 2493 2458 2561 Qui
2490 2492 2628 2547 mala
2665 2507 2764 2561 pro
2798 2489 2956 2545 bonis
3005 2484 3204 2552 reddit,
3242 2497 3310 2538 ex
3358 2481 3483 2553 eius

1889 2583 2089 2638 lamilia
2116 2583 2258 2637 mala
2279 2598 2387 2637 non
2413 2582 2799 2636 movebuntur.

1957 2674 2103 2732 Osca:
2146 2692 2238 2731 vn.
2265 2673 2358 2731 Vae
2391 2674 2518 2737 illis,
2544 2673 2670 2744 quia
2698 2672 3009 2727 resilierunt
3031 2684 3060 2725 a
3088 2684 3207 2737 me;
3232 2668 3481 2725 infelices

1889 2781 2040 2834 sunt,
2065 2770 2191 2839 quia
2230 2767 2380 2837 impii
2407 2766 2461 2820 in
2490 2779 2576 2819 me
2610 2763 2854 2819 fuerunt.
2893 2762 3003 2833 Ego
3027 2761 3173 2817 enim
3225 2761 3477 2815 redeme-

1888 2877 2001 2915 ram
2032 2875 2150 2925 eos,
2178 2859 2278 2926 ipsi
2305 2872 2437 2912 vero
2469 2855 2710 2910 oblocuti
2746 2864 2875 2909 sunt
2905 2854 3034 2907 mihi
3069 2852 3226 2908 falso.

1959 2950 2070 3006 Isa.
2099 2966 2138 3005 ι.
2166 2948 2584 3015 Audi,cmlum;
2619 2948 2841 3001 auribus
2878 2946 3120 3015 percipe.
3152 2953 3323 2999 terra.
3351 2956 3481 3012 qua

1892 3044 2153 3098 Dominus
2180 3040 2427 3110 loquitur
2461 3056 2476 3094 :
2518 3039 2685 3094 Filios
2736 3039 3013 3108 procreavi
3077 3045 3133 3091 et
3167 3034 3344 3098 erexi,
3375 3033 3478 3102 ipsi

1888 3136 2125 3205 verolme
2153 3135 2484 3203 reiecerunt.
2505 3133 2761 3203 Agnoscit
2782 3132 2880 3185 bos
2897 3143 3269 3200 possessorem
3295 3142 3478 3192 suum,

199 3227 305 3297 τὴν
344 3227 556 3297 φάτνην
599 3223 694 3277 τοῦ
750 3224 944 3293 κυρίου
991 3222 1159 3277 αὐτοῦ
1195 3238 1208 3251 ·
1252 3222 1464 3292 Ἰσραὴλ
1497 3216 1553 3274 δὲ
1591 3220 1659 3291 μὲ
1686 3220 1786 3272 οὐκ

1937 3228 2167 3283 Lasinus
2218 3240 2461 3297 praesepe
2515 3224 2720 3279 domini
2786 3225 2910 3288 sui;
2984 3222 3145 3276 Israel
3178 3230 3357 3276 autem
3393 3236 3477 3276 me

200 3318 377 3386 ἔγνω,
408 3318 503 3371 καὶ
533 3318 557 3369 ί
590 3315 720 3378 λαός
752 3331 856 3385 μου
885 3316 946 3367 οὐ
979 3312 1233 3383 συνῆκεν.

287 3408 625 3479 ’Δχαρίστου
654 3406 808 3468 ἐλπὶς
831 3406 907 3468 ὡς
937 3405 1220 3476 χειμέριος
1256 3404 1433 3475 πάχνη
1463 3404 1788 3474 τακησεται,

202 3500 307 3556 καὶ
334 3501 602 3572 ρυήσεται
623 3497 697 3562 ὡς
721 3497 864 3568 ὕδωρ
896 3497 1189 3568 ἄχρηστον.

291 3590 618 3663 Ἀχάριστος
646 3592 704 3643 ὲν
734 3590 944 3660 διανοίᾳ
971 3586 1359 3658 ἐγκαταλείψει
1391 3586 1719 3659 ῥυσάμενον.

272 3778 491 3841 Ξενιεϊς
522 3776 616 3830 καὶ
648 3779 855 3839 ποτιείς
882 3750 1203 3845 ἀχάριστον,
1236 3774 1330 3828 καὶ
1359 3775 1500 3847 πρὸς
1550 3774 1641 3828 ἐπὶ
1668 3773 1795 3828 τού-

206 3890 336 3936 τοις
388 3873 563 3941 μικρά
616 3869 859 3941 ἀκούσῃο
896 3869 1156 3923 διπλάσια
1216 3869 1326 3939 γὰρ
1360 3868 1511 3923 κακὰ
1568 3869 1794 3940 εὑρήσει

208 3983 299 4020 σοι
338 3966 396 4018 έν
428 3965 598 4018 πᾶσιν
625 3965 871 4034 ἀγαθοῖς,
901 3955 984 4026 οἷς
1015 3964 1109 4017 ἐὰν
1147 3965 1308 4031 ποιῇς
1338 3962 1510 4031 αὐτῷ.

284 4170 476 4226 Δεινδν
530 4170 624 4227 τὸν
678 4169 1134 4239 εὐεργετηθέντα,
1180 4171 1276 4224 καὶ
1326 4172 1447 4233 ταῖς
1506 4170 1795 4240 μεγίσταις

211 4266 509 4337 ὑπόχρεων
572 4265 796 4336 χάρισι,
832 4264 968 4334 πρὸς
1030 4262 1107 4334 τῷ
1177 4261 1482 4334 ἀχαρίστῳ,
1549 4263 1633 4316 ἔτι
1701 4267 1797 4319 καὶ

211 4351 435 4422 ῦὸρεως
466 4351 563 4406 καὶ
589 4353 813 4423 ἀτιμίας
842 4352 1113 4422 κατάρξαι
1132 4366 1148 4381 ⁸
1175 4352 1346 4405 δεινὴν
1372 4351 1471 4421 μὲν
1491 4395 1507 4418 ,
1553 4354 1688 4409 ἀλλά
1721 4355 1801 4427 τῷ

212 4442 468 4498 ποιοῦντι
501 4445 685 4514 μεῖζόν
712 4445 830 4499 ἐστι
854 4445 1042 4511 κακὸν,
1067 4443 1102 4516 ἢ
1125 4445 1204 4516 τῷ
1234 4445 1520 4515 πάσχοντι.

293 4738 363 4793 Δί
396 4737 683 4813 ἀχάριστοι
710 4736 881 4809 ψυχαὶ
909 4738 965 4791 ὲν
995 4739 1065 4806 τῇ
1106 4736 1458 4807 ἀλλοτριώσει
1494 4741 1604 4793 τῶν
1662 4740 1811 4807 ἀγα-⁸

218 4831 339 4885 θῶν
403 4830 505 4899 τῆς
555 4830 937 4901 παρελθούσης
984 4831 1206 4901 χάριτος
1245 4832 1671 4886 ὲπαισθάνεσθαι
1704 4852 1801 4886 πε-

219 4922 485 4991 φύκασιν.
518 4923 648 4976 Ὅτε
671 4923 780 4991 γάρ
808 4922 1081 4977 ἀπέλαυον
1113 4922 1222 4976 τῶν
1270 4926 1675 4995 χρηστοτέρων,
1711 4930 1801 4981 οὐ·

219 5014 420 5083 δεμίαν
452 5014 614 5085 χάριν
666 5015 745 5085 τῷ
791 5016 1047 5069 δεδωκότι
1090 5016 1472 5082 γινώσκοντες,
1528 5021 1668 5089 μετά
1702 5021 1803 5092 τὴν

224 5105 488 5176 στέρησιν
520 5104 579 5158 τὸ
610 5105 877 5174 παρελθὸν
911 5105 1327 5176 μακαρίζουσιν.

312 5214 623 5285 ’Υπερϐολὴ
648 5214 804 5269 τοῦτό
832 5234 895 5285 γε
922 5218 1336 5289 ἀγνωμοσύνης,
1368 5219 1470 5291 τὴν
1499 5221 1808 5289 φιλανθρω-

227 5307 367 5362 πίαν
401 5307 497 5363 τοῦ
527 5309 819 5379 εὐεργέτου
849 5311 1103 5382 ἀφορμὴν
1130 5312 1453 5382 ἀχαριστίας
1482 5312 1777 5369 ποιεῖσθαι.

302 5509 347 5562 Τ
349 5511 379 5563 δ
402 5509 511 5563 τῶν
538 5510 1056 5582 δυσαρεστουμένων
1091 5515 1393 5584 πάσχουσιν
1423 5518 1471 5570 oi
1517 5517 1722 5579 πολλοὶ.
1749 5521 1811 5573 τὸ

234 5602 339 5673 μὲν
365 5604 543 5674 παρὸν
578 5604 956 5671 ἀτιμάζοντες,
989 5606 1095 5658 τῶν
1119 5608 1174 5659 δὲ
1198 5608 1449 5662 ἀπόντων
1480 5611 1812 5682 ἐπιθυμοῦν-

234 5712 349 5758 τες.
380 5696 455 5749 Οὐ
489 5695 598 5767 γὰρ
646 5701 771 5760 τοὺς
803 5698 1224 5770 ὑποδεεστέρους
1253 5702 1435 5754 αὐτῶν
1458 5704 1809 5774 ἀπαριθμοῦ-

237 5805 391 5858 μενοι
418 5789 515 5858 τὴν
549 5789 689 5857 ὑπὲρ
707 5784 780 5844 ὧν
803 5791 1016 5861 ἔχουσιν
1045 5793 1399 5863 εὐχαριστίαν
1426 5796 1809 5866 ἀποπληροῦσι

235 5879 314 5949 τῷ
341 5881 611 5956 Δεσπότῃ,
648 5881 779 5936 άλλὰ
825 5886 890 5955 τῇ
926 5884 1060 5951 πρὸς
1092 5885 1165 5962 τὸ
1221 5885 1484 5955 ὑπερέχον
1520 5889 1807 5957 συγκρίσει

1899 3336 2008 3377 non
2040 3318 2306 3392 agnoscit,
2361 3324 2417 3371 et
2455 3319 2689 3385 populus
2716 3329 2872 3369 meus
2911 3329 3019 3369 non
3053 3313 3341 3369 intellexit.

1973 3410 2105 3482 Sap.
2135 3427 2248 3466 xw.
2290 3409 2489 3480 Ingrati
2541 3425 2668 3479 spes
2698 3417 2755 3463 ut
2786 3408 3014 3463 hiberna
3064 3408 3254 3477 pruina
3308 3408 3483 3477 lique-

1901 3512 2034 3568 SL'et,
2069 3512 2123 3557 et
2142 3503 2342 3559 deﬂuat
2375 3514 2434 3557 ut
2464 3501 2668 3556 inutilis
2688 3515 2850 3570 aqua.

1972 3593 2161 3649 Sirach
2193 3610 2306 3648 xu.
2372 3594 2586 3664 Ingrata
2616 3609 2769 3649 mens
2799 3593 3014 3649 deseret
3042 3610 3164 3650 eum
3198 3609 3227 3649 a
3250 3611 3358 3666 quo
3378 3597 3482 3651 ali-
3554 3576 3565 3590 1

1901 3688 2119 3759 quando
2144 3685 2308 3741 fuerit
2328 3686 2579 3741 liberata.

1974 3778 2114 3833 Ibid.
2157 3774 2406 3848 Hospitio
2439 3787 2494 3831 et
2521 3789 2651 3847 potu
2701 3778 2946 3847 cxcipies
2979 3777 3273 3847 ingratum,
3301 3786 3358 3832 et
3391 3777 3479 3832 in-

1904 3887 2066 3942 super
2122 3871 2319 3925 acerba
2375 3870 2587 3924 audies.
2646 3868 2890 3939 Duplicia
2941 3870 3085 3925 enim
3148 3871 3287 3924 mala
3330 3885 3484 3925 com-

1906 3965 2123 4036 parabis
2154 3964 2246 4018 tibi
2277 3979 2371 4033 prn
2398 3962 2653 4018 omnibus
2688 3964 2846 4019 bonis
2894 3979 3016 4034 quae
3046 3963 3099 4017 in
3136 3977 3259 4018 eum
3286 3972 3487 4019 contu-

1907 4059 2055 4114 leris.

1976 4170 2036 4228 S.
2079 4172 2290 4228 Basilii.
2360 4174 2586 4240 Indigna
2619 4188 2710 4228 res
2735 4215 2749 4237 ,
2815 4187 2940 4227 eum
2983 4171 3075 4240 qui
3110 4171 3183 4225 sit
3221 4171 3489 4229 beneﬁcio

1906 4267 2152 4345 aii'etuus,
2196 4267 2277 4323 rel
2312 4267 2565 4323 maximis
2609 4267 3087 4337 oppigneratorum
3145 4264 3489 4320 remissioni-

1906 4361 2008 4416 bus
2036 4370 2092 4414 et
2119 4359 2631 4421 eondonatiouibus.
2664 4367 3022 4427 praeterquam
3062 4359 3206 4425 quod
3239 4355 3489 4425 ingratus

1894 4453 1998 4520 .sit,
2029 4452 2192 4507 etiam
2221 4451 2419 4519 injuria
2451 4464 2503 4505 et
2533 4450 2830 4520 ignominia
2857 4449 3161 4515 lacessere;
3194 4445 3479 4516 indignum

1911 4543 2123 4612 quidem
2157 4544 2209 4598 id
2233 4554 2336 4611 est,
2369 4545 2462 4600 sed
2493 4543 2714 4599 facienti
2748 4542 2937 4611 majori
2958 4549 3042 4597 est
3065 4541 3287 4607 damno,
3320 4553 3485 4609 quam

1840 4615 1884 4671 θ
1914 4637 2159 4707 patienti.

1986 4749 2189 4819 ingrati
2214 4748 2383 4803 animi
2411 4748 2469 4803 in
2502 4748 2834 4803 alienatione
2866 4746 3134 4802 bonorum
3161 4743 3492 4815 prmteritam

1915 4841 2144 4912 gratiam
2179 4841 2385 4896 sentire
2428 4847 2853 4895 consueverunt.
2902 4838 3038 4893 Cum
3067 4840 3213 4892 enim
3263 4850 3495 4906 accepe-

1918 4933 2029 4984 rint
2055 4947 2084 4985 a
2116 4931 2545 4997 Iiberalioribus,
2590 4930 2793 4985 nullam
2826 4930 3072 5001 largienti
3122 4929 3327 4985 habent
3370 4943 3497 4998 gra-

1917 5022 2067 5086 tiam,
2101 5022 2296 5091 privati
2326 5029 2511 5076 autem
2536 5020 2811 5091 prmterita
2843 5020 2995 5075 beata
3027 5020 3350 5091 praedicant.

1992 5223 2324 5279 Admiranda
2352 5222 2443 5276 illa
2467 5222 2686 5293 quidem
2720 5222 3057 5293 ingratitudo
3084 5231 3185 5287 est,
3217 5237 3338 5291 quae
3360 5221 3500 5277 bene

1923 5318 2187 5373 merentis
2212 5315 2650 5371 benevolentiam
2707 5314 3117 5385 ingratitudinis
3144 5314 3493 5368 occasionem

1925 5409 2076 5464 facit.

2001 5523 2260 5579 Permulti
2310 5533 2440 5581 sunt
2489 5523 2724 5579 morosis
2796 5517 3105 5577 hominibus
3154 5515 3401 5579 similes,
3449 5511 3507 5570 id

1927 5619 2071 5688 quod
2098 5619 2253 5673 adest
2291 5624 2725 5680 contemnentes,
2750 5623 2805 5669 et
2836 5628 2957 5684 quze
2995 5611 3193 5666 absunt
3226 5609 3508 5677 requiren-

1930 5720 2033 5765 tes.
2062 5709 2201 5766 Non
2237 5711 2384 5765 enim
2416 5708 2804 5780 iudigentiores
2831 5705 2965 5775 ipsis
2991 5701 3381 5765 enumerando,
3410 5711 3511 5766 pro

1929 5801 1996 5855 iis
2027 5817 2149 5870 qua:
2182 5801 2462 5871 possident
2493 5799 2698 5870 gratias
2729 5803 2896 5865 agunt
2924 5794 3154 5847 Domino
3183 5806 3199 5860 ;
3229 5789 3324 5845 sed
3356 5804 3511 5843 com-

1933 5904 2185 5959 parantes
2245 5909 2344 5949 sua
2410 5907 2535 5949 cum
2597 5885 3092 5951 excellentissimis,
3135 5896 3188 5941 et
3244 5891 3509 5953 quantum
