3974 6554
339 417 471 483 1161

1007 421 1181 492 LOCI
1221 431 1656 493 COMMUNES.
1699 456 1762 468 -
1803 430 1997 492 PARS
2036 431 2119 494 II.
2159 428 2417 493 SERMO
2463 431 2730 495 LXVIII.

3435 430 3572 499 1162
3623 383 3626 389 ’

1648 545 1882 604 SERMO
1911 544 2099 603 LXVII
2128 547 2225 620 (l).

1290 643 1366 697 De
1395 642 1678 706 charilate,
1712 656 1859 709 pace,
1890 641 2168 696 concordia
2197 646 2247 694 et
2271 639 2528 710 paciﬁcis.

894 760 1117 816 ΛΟΓΟΣ
1154 763 1278 818 EH'.

295 841 440 912 Περὶ
470 849 696 917 μίσους
727 855 824 908 καὶ
880 854 1103 980 ἕχθρὲις
1151 860 1251 912 καὶ
1299 859 1417 913 τῶν
1447 861 1645 930 μάχας
1694 876 1879 916 συνα-

943 944 1019 980 πτ
1063 946 1240 980 ντων.

943 944 1240 984 πτοντων.

377 1010 724 1070 Ἀπέστειλεν
757 1019 968 1088 Ἰεφθάε
1003 1023 1268 1092 ἀγγέλους
1318 1026 1455 1094 πρὸς
1488 1024 1714 1094 βασιλέα
1745 1024 1880 1079 υίῶν

307 1101 558 1173 Ἀμμὼν,
619 1107 809 1177 λέγων,
857 1112 923 1166 Τί
971 1112 1094 1182 ἐμοὶ
1137 1117 1232 1169 καὶ
1298 1115 1400 1179 σοὶ,
1458 1116 1541 1170 ὅτι
1587 1117 1744 1187 ἥκεις
1788 1117 1878 1171 ἐπ’

293 1193 418 1260 ἐμὲ,
452 1197 764 1269 πολεμῆσαί
803 1219 870 1271 με
903 1205 962 1257 ἐν
1006 1207 1074 1275 τῇ
1108 1208 1178 1277 γῇ
1214 1225 1358 1275 μου;
1417 1208 1526 1276 ἐγὼ
1554 1209 1651 1279 οὐχ
1689 1210 1876 1279 ἥμαρ-

291 1285 385 1337 τόν
410 1304 518 1353 σοι,
553 1295 646 1348 καὶ
679 1293 743 1345 σὺ
773 1296 948 1358 ποιεῖς
972 1298 1088 1364 μετ’
1121 1299 1253 1367 ἐμοῦ
1294 1299 1561 1370 πονηρίαν
1588 1300 1681 1353 τοῦ
1714 1299 1875 1355 πολε-

294 1378 471 1446 μῆσαι
499 1384 557 1434 ἐν
587 1383 727 1452 ἐμοί.
767 1387 966 1455 Κρίναι
999 1390 1204 1460 Κύριος
1242 1394 1270 1444 ό
1320 1393 1541 1461 κρίνων,
1578 1394 1683 1448 ἀνὰ
1715 1394 1877 1464 μέσον

292 1471 430 1523 υίῶν
478 1474 719 1546 Ἰσραὴλ,
774 1481 871 1532 καὶ
915 1481 1018 1534 ἀνὰ
1069 1484 1233 1550 μέσον
1279 1485 1409 1537 υίῶν
1457 1485 1705 1555 Ἀμμών.
1766 1488 1877 1541 Καὶ

289 1561 392 1650 οὐκ
451 1567 738 1650 εἰσήκουσε
800 1572 1051 1642 βασιλεὺς
1082 1578 1216 1632 υἱῶν
1252 1581 1482 1650 Ἀμμὼν
1531 1582 1641 1635 τῶν
1699 1581 1874 1648 λόγων

303 1647 539 1743 Σίειρθάε,
565 1648 640 1709 ὧν
663 1660 952 1716 ἀπέστειλε
988 1665 1126 1736 πρὸς
1155 1647 1336 1734 αὐτὸν,
1368 1647 1465 1724 καὶ
1493 1671 1758 1743 ἐγεννήθη
1776 1647 1875 1726 ἐπὶ

302 1734 515 1808 Ἰεφθάε
544 1746 766 1817 Πνεῦμα
796 1734 1044 1821 Κυρίου,
1076 1756 1171 1808 καὶ
1199 1755 1349 1828 διέϐη
1383 1761 1520 1828 πρὸς
1534 1734 1685 1824 τοὺς
1720 1734 1872 1823 υἱοὺς

303 1831 551 1902 Ἀμμὼν,
579 1837 674 1892 τοῦ
699 1841 1009 1914 πολεμῆσαι
1038 1847 1258 1912 αὐτούς.
1291 1850 1400 1903 Καὶ
1431 1853 1744 1922 παρέδωκεν
1769 1854 1872 1909 αὖ·

288 1925 417 1988 τοὺς
452 1928 658 2000 Κύριος
687 1935 746 1987 ἐν
774 1936 922 2009 χειρὶ
968 1940 1136 1995 αὐτοῦ
1157 1985 1172 2009 ,
1209 1946 1302 1998 καὶ
1354 1947 1624 2013 ἐπάταξεν
1654 1950 1736 2012 είς
1770 1951 1871 2005 αὖ·

287 2015 419 2110 τοίις
448 2019 620 2074 είκοσι
645 2024 850 2093 πόλεις,
887 2030 978 2083 καὶ
1002 2030 1383 2104 ἐνετράπησαν
1413 2038 1461 2090 οἱ
1488 2038 1596 2091 υίοὶ
1637 2038 1871 2110 Ἀμμὼν

287 2105 399 2160 ἀπὸ
426 2112 718 2180 προσώπου
749 2118 878 2172 υἱῶν
908 2121 1151 2192 Ἰσραήλ.
1707 2105 1717 2108 -
1750 2105 1793 2121 Ἴ

365 2201 580 2294 Παιΰσαι
624 2205 734 2262 ἀπὸ
783 2209 976 2281 ὀργῆς,
1009 2214 1106 2267 καὶ
1137 2218 1475 2284 ἐγκατάλιπε
1532 2220 1749 2291 θυμόν·
1794 2222 1872 2294 μὴ

285 2293 612 2386 παραζηλου
644 2297 786 2353 ὥστε
813 2305 1214 2376 πονηρεύεσθαι
1240 2325 1254 2340 ⁸
1285 2310 1368 2366 ὅτι
1397 2312 1449 2365 οἱ
1491 2293 1870 2386 πονηρευόμε-

287 2398 370 2436 νοι
405 2385 973 2465 ἐξολοθρευθήσονται.

355 2479 762 2554 Διασκόρπισον
796 2489 926 2561 ἔθνη
965 2494 1033 2548 τὰ
1066 2494 1196 2560 τοὺς
1224 2477 1508 2568 πολέμους
1547 2499 1797 2557 θέλοντα.

355 2570 533 2636 Mica;
566 2575 772 2646 ἐγείρει
801 2583 1001 2645 νεῖκος.

353 2657 431 2718 Οὗ
453 2666 549 2719 ἐὰν
581 2669 796 2744 είσέλθη
833 2672 1012 2747 ὕϐρις,
1036 2677 1154 2733 ἐκεῖ
1177 2681 1270 2734 καὶ
1299 2682 1512 2753 άτιμίοι.

353 2844 520 2918 Ἀνὴρ
556 2847 815 2923 θυμώδης
845 2859 1262 2928 παρασκευάζει
1291 2860 1497 2932 μάχας.

350 2934 688 3010 ’Λντιλογίας
719 2945 924 3016 ἐγείρει
951 2950 1062 3013 πᾶς
1093 2952 1296 3016 κακός*
1327 2953 1356 3006 ό
1386 2953 1443 3007 δὲ
1476 2954 1682 3027 Κύριος
1701 2955 1867 3028 ἆγγέ-

276 3025 370 3081 λον
403 3029 743 3105 ἀνελεήμονα
773 3040 1051 3111 ἐκπέμπει
1079 3043 1249 3114 αὐτῷ.

354 3123 807 3201 Φιλαμαρτήμων
827 3135 1010 3205 χαίρει
1042 3137 1268 3208 μάχαις.

345 3214 522 3285 Λόγος
548 3219 795 3294 λυπηρὸς
820 3226 1024 3298 ἐγείρει
1051 3228 1246 3300 ὀργάς.

347 3308 441 3372 Μὴ
471 3311 724 3385 ἐπίχαιρε
771 3317 868 3373 καὶ
903 3321 1220 3390 πρόσπιπτε
1273 3326 1355 3390 είς
1386 3326 1568 3399 μάχην
1618 3327 1831 3400 ταχέως
1846 3366 1863 3395 ν

157 3476 164 3482 .
277 3402 368 3456 ἵνα
397 3405 474 3476 μὴ
500 3408 887 3481 μεταμεληθῂς
913 3413 1002 3466 ἐπ’
1029 3414 1279 3486 ἐσχάτων
1303 3434 1422 3472 σου.

2125 761 2482 833 216-213
2517 758 2748 831 ειμιΜο
2777 759 2983 818 vaIII
3022 760 3118 834 [αι.
3147 760 3401 833 LXXVI].

2091 854 2170 910 De
2196 855 2317 910 odio
2347 865 2396 910 et
2443 855 2760 923 inimicitiis,
2792 863 2841 910 et
2895 872 3100 927 pugnas
3145 857 3461 911 urentibus.

2052 1032 2236 1089 Judic.
2266 1048 2326 1088 II.
2353 1030 2588 1104 Jephtha
2635 1035 2857 1091 nuntius
2908 1034 3059 1090 misit
3095 1034 3162 1089 ad
3219 1049 3397 1105 regem
3427 1035 3565 1089 Am-

1981 1124 2334 1188 monitarum,
2367 1139 2494 1180 cum
2550 1125 2865 1196 huiusmodi
2918 1126 3191 1182 mandatis
3227 1143 3244 1182 :
3277 1126 3418 1193 Quid
3466 1126 3563 1182 tibi

1979 1232 2192 1273 mecum
2237 1218 2314 1272 rei
2363 1226 2467 1283 est,
2513 1219 2659 1289 quod
2712 1219 2868 1276 venis
2918 1221 2975 1274 in
3030 1221 3166 1276 lines
3218 1220 3336 1290 agri
3383 1219 3564 1274 nostri

1979 1309 2278 1365 bellatum?
2305 1311 2442 1366 nihil
2477 1312 2529 1366 in
2565 1320 2614 1365 te
2648 1313 2889 1382 peccavi,
2969 1324 3022 1367 et
3057 1321 3112 1367 tu
3144 1326 3359 1366 mecum
3404 1310 3565 1365 mali-

1977 1400 2116 1457 tiose
2137 1402 2278 1470 agis.
2345 1404 2438 1473 qui
2481 1403 2616 1458 mihi
2648 1404 2848 1460 bellum
2895 1402 3086 1458 infers.
3129 1400 3346 1457 Judicet
3377 1399 3564 1455 Domi-

1977 1508 2083 1548 nus
2121 1493 2187 1549 de
2224 1509 2387 1549 causa
2433 1494 2806 1551 lsraelitarum
2857 1501 2913 1550 et
2941 1495 3404 1550 Ammonitarum.
3444 1491 3563 1547 Rex

1979 1592 2159 1636 autem
2243 1583 2681 1640 Ammonitarum
2772 1599 2881 1639 non
2967 1584 3244 1653 acquievit
3323 1581 3562 1639 orationi

1973 1670 2244 1743 Jephthae,
2269 1691 2376 1744 qua
2429 1691 2527 1744 per
2553 1676 2776 1732 nuntios
2804 1676 2948 1746 apud
2984 1677 3134 1730 illum
3167 1690 3300 1732 usus
3325 1683 3443 1730 erat
3464 1690 3479 1727 :
3503 1681 3562 1728 et

1974 1765 2244 1836 corripuit
2287 1765 2581 1838 Jcphtham
2619 1769 2859 1840 Spiritus
2896 1770 3202 1835 Domini,et
3233 1782 3558 1840 progressus

1973 1866 2058 1912 est
2097 1857 2162 1911 ad
2193 1857 2394 1913 bellum
2442 1860 2785 1916 inferendum
2819 1863 2946 1918 filiis
2970 1863 3272 1927 Ammonis,
3307 1859 3559 1916 tradidit-

1974 1965 2080 2020 qnc
2106 1965 2203 2006 eos
2232 1952 2498 2009 Dominus
2533 1954 2589 2007 in
2637 1970 2837 2010 manus
2873 1955 2945 2020 ei,
2981 1954 3326 2024 vastavitque
3363 1950 3559 2023 viginti

1974 2043 2136 2101 urbes
2166 2063 2181 2101 :
2217 2055 2274 2101 et
2303 2045 2630 2102 Ammonita:
2663 2047 2969 2104 timuerunt
3005 2047 3303 2104 lsraelitas.

2045 2225 2241 2281 David.
2266 2224 2405 2281 Seda
2438 2225 2800 2294 iracundiam,
2827 2233 2882 2282 et
2912 2224 3048 2280 iram
3087 2224 3308 2290 omitte;
3342 2222 3452 2278 noli
3484 2221 3561 2277 ita

1973 2318 2218 2373 aemulari
2263 2327 2324 2372 ut
2356 2318 2606 2389 improbe
2644 2333 2818 2389 agas:
2849 2316 2978 2388 quia
3032 2316 3267 2387 improbi
3313 2313 3559 2372 funditus

1972 2409 2251 2480 peribunt.

2045 2500 2305 2572 Disperge
2336 2511 2523 2573 gentes
2551 2517 2673 2573 quae
2704 2502 2848 2560 bella
2878 2502 3094 2560 volunt.

2045 2592 2241 2649 Odium
2269 2593 2472 2649 excitat
2493 2593 2921 2651 contentionem.

2041 2686 2384 2760 Quocunque
2414 2685 2660 2756 ingressa
2699 2686 2870 2744 fuerit
2901 2685 3262 2752 contumelia,
3293 2697 3362 2740 e0
3389 2681 3555 2739 etiam

1972 2778 2293 2850 ignominia.

2051 2868 2138 2927 Vir
2169 2872 2472 2930 iracundus
2505 2879 2780 2945 praeparat
2816 2886 3048 2944 pugnas.

2038 2964 2518 3022 Contradictiones
2549 2965 2756 3022 excitat
2795 2965 2978 3022 omnis
3029 2963 3251 3021 malus:
3286 2961 3557 3020 Dominus

1971 3066 2151 3113 autem
2184 3057 2264 3112 illi
2295 3059 2474 3113 mittet
2504 3059 2754 3127 angelum
2780 3055 3302 3113 immisericordem.

2039 3149 2307 3206 Peccandi
2339 3151 2571 3219 cupidus
2602 3149 2800 3220 pugnis
2831 3148 3054 3220 gaudet.

2039 3240 2267 3298 Molesta
2297 3242 2476 3298 oratio
2500 3242 2708 3298 excitat
2742 3256 2874 3299 Irae.

2037 3333 2118 3390 Ne
2171 3334 2401 3390 insultes
2433 3343 2529 3390 aut
2567 3335 2745 3392 irruas
2793 3336 2848 3392 in
2892 3333 3141 3407 praelium
3188 3337 3322 3404 cito,
3373 3353 3442 3394 ne
3485 3338 3555 3395 ad

1967 3434 2275 3484 extremum
2317 3437 2371 3484 te
2402 3428 2525 3497 ejus
2555 3429 2838 3500 paeniteat.

347 3498 577 3570 Σίδηρος
613 3502 835 3576 σίδηρον
863 3504 1078 3571 όξύνειο
1110 3509 1253 3580 ἀνὴρ
1275 3512 1332 3566 δὲ
1365 3512 1662 3582 παροξύνει
1688 3514 1862 3585 πρόσ-

2042 3521 2108 3577 UI
2143 3520 2352 3576 ferrum
2388 3521 2538 3577 acuit
2581 3521 2811 3592 ferrum,
2848 3520 2930 3580 sic
2964 3522 3132 3579 homo
3167 3507 3447 3580 hominem
3479 3524 3555 3580 ir-

274 3605 428 3643 ωπον
454 3592 667 3663 ἐτέρου.

344 3681 440 3751 Μὴ
467 3682 860 3757 φιλεχθρήσεις
888 3687 1027 3760 πρὸς
1071 3688 1360 3761 ἄνθρωπον
1405 3684 1609 3766 μάτην,
1659 3696 1749 3752 ἵνα
1786 3697 1863 3770 μή

271 3787 326 3826 τι
360 3772 441 3836 είς
473 3774 534 3827 σὲ
573 3777 879 3848 ἐργάσηται
922 3780 1113 3838 κακόν.

347 3864 677 3938 Σύντριμμα
719 3871 818 3925 καὶ
863 3872 1209 3946 ταλαιπωρία
1245 3878 1306 3932 ἐν
1333 3882 1457 3945 ταῖς
1489 3881 1630 3946 ὁδοῖς
1656 3882 1859 3950 αὐτῶν,

271 3959 368 4012 καὶ
391 3961 512 4014 όδδν
540 3963 768 4034 εἰρήνης
793 3966 896 4020 οὐκ
931 3966 1198 4037 ἔγνωσαν,
1251 3973 1348 4026 καὶ
1372 3975 1473 4028 οὐκ
1519 3975 1635 4029 ἐστι
1679 3976 1863 4046 κρίσις

271 4051 332 4104 ἐν
355 4056 474 4117 ταῖς
493 4055 633 4121 όδοίς
655 4057 857 4115 αὐτῶν.
891 4062 959 4115 Ai
984 4063 1095 4135 γὰρ
1123 4065 1305 4135 τρίὸοι
1329 4067 1512 4120 αὐτῶν
1563 4068 1864 4140 διεστραμ-

275 4145 436 4216 μέναι
463 4147 530 4211 ἃς
559 4151 827 4218 ὁδεύουσι,
857 4156 953 4208 καὶ
985 4157 1087 4210 οὐκ
1119 4159 1326 4214 οἴδασιν
1372 4163 1650 4234 εἰρήνην.’

346 4239 461 4300 Πᾶς
487 4241 516 4294 ό
561 4237 710 4305 οῐκος
744 4243 965 4319 Ἰσραὴλ
1008 4249 1309 4319 φιλόνεικοι
1368 4253 1464 4307 καὶ¹
1515 4253 1864 4328 σκληροκάρ-

274 4328 395 4386 διοι.

341 4423 511 4495 Ἀνὴρ
544 4426 869 4497 ἁμαρτωλὸς
899 4434 1194 4504 παροξύνει
1231 4436 1440 4504 φίλους,
1473 4440 1570 4494 καὶ
1615 4441 1720 4495 ἀνὰ
1762 4441 1862 4513 μέ-

273 4530 365 4567 σον
398 4518 795 4588 είρηνευόντων
827 4522 1012 4592 βάλλει
1033 4525 1313 4598 διαϐολήν.

347 4605 507 4674 Ἔρις
555 4613 1052 4686 κατασπευδομένη
1103 4620 1318 4672 ἐκκαίει
1383 4620 1516 4692 πῦρ,
1568 4622 1664 4675 καὶ¹
1710 4624 1860 4695 μάχη

271 4702 765 4775 κατασπευδομὲνη
800 4707 980 4774 ἐκχέει
1021 4705 1182 4778 αἷμα.

347 4794 502 4847 Πᾶσα
535 4796 805 4866 βασιλεία,
847 4803 1168 4871 μερισθεῖσα
1194 4805 1316 4858 καθ’
1367 4799 1591 4877 ἑαυτὴν,
1617 4809 1858 4879 ἐρημοῦ-

269 4899 394 4936 ται·
424 4888 518 4939 καὶ
554 4890 701 4941 πᾶσι
738 4892 893 4956 πόλις
925 4895 1017 4948 καὶ
1040 4896 1208 4961 οίκία,
1239 4897 1565 4967 μερισθεῖσα
1587 4900 1712 4954 καθ’
1740 4901 1862 4953 ἐαυ-

271 4978 394 5050 τὴν.
422 4981 482 5033 οὐ
517 4981 826 5039 καθίσεται.

342 5073 444 5125 Διὰ
490 5072 552 5125 τὸ
609 5075 989 5149 πληθυνθῆναι
1036 5082 1136 5153 τὴν
1180 5082 1418 5152 ἀνομίαν
1469 5084 1779 5156 ψυγήσεται
1827 5088 1862 5157 ἠ

269 5165 460 5235 ἀγάπη
489 5167 598 5219 τῶν
639 5170 876 5225 πολλῶν.

342 5258 409 5310 El
435 5276 521 5324 τις
541 5261 690 5315 δοκεῖ
716 5265 1019 5333 φιλόνεικος
1048 5262 1209 5332 εἶναι,
1231 5269 1391 5339 ἡμεῖς
1410 5270 1670 5341 τοιαύτην
1699 5275 1862 5346 συνή-

269 5351 426 5406 θειαν
456 5353 556 5406 οὑκ
578 5355 795 5425 ἔχομεν,
823 5357 946 5410 οὐδὲ
979 5359 1270 5430 ἐκκλησίαι
1305 5362 1398 5416 τοῦ
1426 5363 1586 5417 Θεοῦ.

354 5542 414 5597 Ὅ
451 5545 742 5615 ταράσσων
805 5547 951 5618 ὑμᾶς
1008 5546 1170 5612 αὐτὸς
1229 5548 1490 5618 βαστάσει
1549 5548 1609 5602 τὸ
1658 5549 1858 5621 κρίμα,

266 5639 417 5703 ὅστις
447 5639 513 5692 ἂν

340 5785 418 5855 (l)
451 5783 645 5840 Sermo
692 5781 792 5837 iste
825 5784 960 5837 nihil
995 5783 1106 5838 fere
1156 5765 1572 5854 continetqund
1627 5802 1732 5839 non
1772 5787 1847 5842 le-

267 5869 426 5921 gatur
458 5855 512 5926 in
545 5869 797 5926 sermone
822 5855 891 5907 26
932 5858 1100 5926 partis
1125 5856 1334 5924 primm,
1375 5857 1612 5926 ejusdem
1638 5865 1721 5911 est
1761 5873 1847 5912 ar-

278 5925 538 5996 ,uIIIenti,
571 5924 646 5977 De
683 5926 944 5979 charitate
997 5925 1205 5981 scilicet
1237 5942 1328 5979 seu
1359 5924 1656 5994 dilectione,
1687 5944 1838 5999 pace,

587 6021 856 6085 PATBOL.
912 6022 1009 6084 Gn
1085 6022 1428 6086 CXXXVI.

1966 3612 2119 3669 ritat.

2034 3703 2154 3763 Noli
2195 3708 2317 3763 sine
2342 3722 2506 3765 causa
2543 3707 2864 3764 inimicitias
2895 3721 3020 3764 cum
3049 3717 3328 3780 qucquam
3374 3708 3556 3768 susci-

1964 3814 2116 3870 pere,
2152 3813 2224 3855 ne
2252 3801 2383 3873 quid
2416 3800 2470 3856 in
2501 3811 2556 3856 te
2584 3800 2708 3856 mali
2735 3802 3029 3872 excogitet.

2034 3891 2152 3948 ιω.
2199 3909 2312 3948 LIx.
2345 3893 2619 3949 Contritio
2678 3902 2735 3949 et
2781 3893 3005 3950 miseria
3055 3894 3113 3950 in
3171 3895 3277 3952 viis
3329 3909 3548 3960 eorum,

1963 3999 2070 4041 nec
2100 3985 2244 4040 viam
2283 3986 2434 4056 pacis
2465 3993 2693 4052 norunt,
2722 4001 2825 4042 nec
2853 3995 2939 4044 est
2989 3987 3044 4042 in
3084 3987 3190 4044 viis
3245 4002 3441 4044 eorum
3468 3988 3558 4057 iu-

1966 4077 2210 4142 dicium;
2248 4078 2350 4132 viae
2378 4078 2526 4132 enim
2559 4093 2699 4148 quas
2728 4078 3141 4149 ingrediuntur,
3178 4095 3362 4150 prava:
3398 4089 3552 4145 sunt,

1964 4185 2067 4226 nec
2096 4185 2283 4240 pacem
2315 4179 2611 4226 noverunt.

2035 4261 2232 4318 EzecII.
2265 4261 2400 4317 Tota
2471 4262 2677 4318 familia
2724 4263 3023 4321 lsraelitica
3071 4278 3137 4320 ex
3192 4262 3554 4320 contentiosis

1963 4355 2128 4425 219
2159 4368 2214 4411 et
2242 4355 2623 4426 pervicacibus
2655 4366 2891 4412 constat.

2031 4447 2323 4517 Improbus
2352 4447 2649 4504 exacerbat
2677 4448 2908 4515 amicos,
2943 4456 3000 4505 et
3029 4455 3173 4502 Inter
3197 4443 3550 4502 concordi-ter

1964 4539 2211 4596 viventes
2241 4541 2416 4612 injicit
2444 4541 2796 4598 calumniam.

2039 4630 2210 4685 Eccli.
2247 4647 2437 4687 xvaII.
2465 4631 2756 4687 Contentio
2803 4630 3058 4688 festinata
3104 4631 3306 4687 enIittit
3342 4631 3545 4702 ignem,

1964 4731 2020 4778 et
2049 4738 2230 4792 pugna
2258 4724 2560 4779 accelerata
2591 4723 2822 4779 effundit
2857 4715 3200 4793 sanguinem.

2039 4812 2237 4867 Matth.
2268 4829 2365 4868 xu.
2411 4810 2586 4868 Omne
2639 4829 2869 4884 regnum
2907 4828 3097 4869 secum
3147 4812 3422 4868 dissidens
3453 4812 3552 4866 de-

1965 4903 2198 4968 solatur,
2253 4904 2495 4973 itemque
2532 4902 2729 4958 civitas
2784 4904 2966 4959 omnis
3007 4917 3072 4958 ac
3113 4901 3323 4958 familia
3376 4904 3551 4959 divisa

1963 4996 2228 5051 adversus
2264 4997 2522 5065 seipsam,
2557 5012 2663 5051 non
2700 4996 2892 5051 stabit.

2034 5088 2172 5154 Quia
2202 5089 2650 5159 multiplicabitur
2679 5088 2964 5160 iniquitas,
2998 5089 3256 5161 frigescct
3287 5088 3531 5145 Charitas

1967 5182 2291 5237 multorum.

2038 5278 2068 5332 Ι
2089 5277 2213 5334 Cor.
2245 5292 2322 5332 χι.
2355 5275 2410 5332 Si
2437 5275 2561 5345 quis
2602 5275 2822 5330 videtur
2853 5279 3233 5333 contentiosus
3269 5291 3413 5339 esse,
3444 5289 3547 5329 nos

1972 5373 2134 5426 talem
2169 5367 2626 5425 consuetudinem
2677 5383 2785 5424 non
2839 5370 3123 5433 habemus,
3157 5385 3255 5424 nec
3301 5369 3547 5424 ecclesia:

1965 5464 2083 5518 Dei.

2033 5557 2135 5623 Qui
2169 5557 2459 5614 conturbat
2515 5572 2636 5625 vos,
2668 5554 3076 5610 damnationem
3137 5552 3395 5622 portabit,
3424 5552 3546 5622 qui-

1961 5665 2174 5722 cunque
2204 5653 2295 5708 sit.

1953 5792 2231 5846 concordia
2257 5802 2304 5846 et
2333 5791 2587 5864 paciﬁcis.
2625 5791 2793 5863 Igitur
2819 5805 2881 5845 ex
2916 5787 3132 5845 duobus
3174 5804 3347 5844 unum
3409 5792 3543 5847 feci-

1951 5879 2094 5919 mus.
2409 5884 2413 5888 ”
3445 5886 3456 5900 ⁰

3109 6020 3188 6082 37
