3974 6572
338 402 474 470 1169

1078 412 1247 477 LOCI
1291 413 1733 482 COMMUNES.
1761 444 1831 454 —
1868 418 2062 482 PARS
2103 420 2186 485 ιι.
2226 419 2487 480 SERMO
2538 370 2746 481 Lxxr.

3459 419 3610 486 ιιτσ

335 520 498 583 σθούς
516 536 531 552 ο
559 519 656 575 τοῦ
684 522 741 578 δὲ
768 523 867 597 τὴν
896 525 1078 582 αίτίαν
1111 528 1443 601 πυθομένου,
1469 530 1610 587 Ἕνα
1641 533 1738 605 μὲν
1764 532 1918 606 (ἔφη)

2061 550 2258 607 umque
2306 534 2397 591 ille
2448 548 2669 590 causam
2726 541 3215 604 percunctaretur:
3254 529 3453 603 Unam,
3509 538 3599 591 in-

334 613 421 666 ἴνα
455 612 641 667 λαλεῖν
673 616 874 689 μάθῃς.
904 620 996 673 τὸν
1022 620 1078 674 δὲ
1104 622 1313 693 ἕτερον,
1344 624 1433 679 ῖνα
1465 626 1645 697 σιγᾷν.

413 706 481 759 Ὀ
523 707 603 779 μὴ
641 708 817 773 θέλεις
856 713 1095 777 ἀκούειν,
1140 714 1277 785 μηδὲ
1318 714 1516 789 εἴπῃςθ
1554 717 1583 771 ὃ
1626 717 1701 789 μὴ
1741 716 1915 782 θέλεις
1976 734 1979 735 ⁷

338 798 539 866 λέγειν,
568 800 705 870 μηδὲ
731 801 917 859 ἄκουε.
943 805 1118 859 Ὠτων
1143 806 1235 862 καὶ
1260 806 1515 880 γλώσσης
1543 809 1714 880 μέγας
1743 810 1773 863 6
1801 807 1913 863 κίν-

330 890 507 954 δυνος.

402 992 669 1061 Κρεῖττόν
699 993 816 1046 ἐστι
846 992 925 1064 τῷ
964 992 1090 1047 ποδὶ
1127 994 1455 1050 ὀλισθαίνειν
1488 994 1521 1066 ἢ
1553 995 1622 1066 τῇ
1664 992 1910 1067 γλώσσῃ.

407 1082 697 1152 Πλεονεξία
722 1085 783 1140 τὸ
814 1088 993 1142 πάντα
1018 1086 1202 1158 λέγειν
1220 1127 1238 1156 ,
1273 1088 1409 1161 μηδὲ
1437 1088 1657 1145 ἀκούειν
1682 1089 1910 1146 ἐθέλειν.

407 1256 712 1327 Πολυλογία
761 1258 934 1326 πολλά
984 1261 1282 1335 σφάλματα
1331 1263 1482 1335 ἔχει,
1532 1262 1594 1318 τὸ
1639 1261 1697 1317 δὲ
1750 1261 1913 1333 σιγᾷν

334 1347 599 1417 ἀσφαλές.

334 1534 363 1601 ξ
412 1442 478 1495 Ἀ
510 1442 693 1513 λόγοις
724 1444 1099 1521 ἀμάρτωμεν,
1130 1446 1314 1523 ἔργοις
1342 1447 1443 1521 τὴν
1472 1447 1747 1522 τιμωρίαν
1780 1444 1914 1521 ὑφέ-

365 1551 523 1601 ομεν.

365 1551 523 1605 ομεν.

921 1776 1146 1835 ΛΟΓΟΣ
1197 1774 1322 1833 OA'.

2019 627 2158 698 quit,
2190 637 2251 681 ut
2279 626 2425 699 loqui
2462 625 2668 690 discas,
2699 625 2923 681 alteram
2952 634 3129 680 autem
3158 636 3215 679 ut
3250 635 3451 680 tacere.

2102 718 2381 775 Clitore/ii.
2408 719 2541 786 Quae
2589 720 2732 774 nolls
2765 717 2973 779 audire.
3020 732 3084 772 ea
3110 733 3180 771 ne
3213 718 3380 773 dicito
3411 736 3427 773 :
3476 734 3596 789 quae

2019 812 2163 868 nolis
2190 812 2399 879 dicere,
2424 827 2488 868 ea
2524 828 2595 868 ne
2628 811 2816 867 audito
2845 810 3087 881 quidem.
3119 811 3351 866 Aurium
3373 813 3515 867 enim
3545 822 3599 868 et

2017 904 2218 974 linguae
2248 919 2509 975 magnum
2553 913 2637 960 est
2662 903 2991 974 periculum.

2093 997 2323 1053 Praestat
2340 997 2477 1068 pede
2497 1013 2661 1070 quam
2690 998 2875 1068 lingua
2900 998 3030 1053 labi.

2086 1087 2350 1144 Socratis.
2381 1088 2701 1160 Arrogantia
2749 1100 2837 1145 est
2888 1090 3072 1147 omnia
3100 1090 3305 1157 dicere,
3336 1089 3471 1144 nihil
3499 1104 3600 1143 au-

2017 1195 2127 1243 tem
2155 1181 2344 1236 audire
2368 1181 2531 1239 velle.

2088 1272 2481 1344 Tlteophylucti.
2512 1273 2910 1345 Multiloquium
2950 1276 3178 1330 multum
3201 1277 3386 1330 damni
3419 1277 3599 1344 alien,

2014 1364 2110 1421 sed
2145 1374 2325 1420 tacere
2360 1374 2530 1420 totum
2558 1378 2663 1422 est.

2086 1456 2390 1513 Simoenta.
2420 1459 2550 1526 Qum
2574 1460 2754 1516 verbis
2779 1462 3147 1530 peccarimus,
3162 1476 3353 1519 eorum
3387 1462 3602 1534 suppli-

2014 1548 2161 1607 cium
2188 1549 2349 1605 factis
2383 1550 2646 1609 feremus.

2371 1774 2605 1834 SERMO
2632 1771 2801 1833 LXXI
2831 1773 2931 1850 [αι.
2979 1772 3243 1849 LXXIX].

387 1888 528 1959 Περὶ
560 1891 927 1964 ἀντιλογίας,
957 1893 1054 1949 καί
1082 1893 1477 1963 θρασύτητος.
1509 1892 1608 1948 καί
1638 1892 1854 1962 ἔριδος.

2099 1870 2178 1943 DQ
2222 1888 2652 1959 contradictione,
2707 1897 2758 1944 et
2791 1889 3044 1955 audacia,
3100 1896 3150 1945 et
3179 1888 3523 1946 contentione.

404 2006 480 2061 Σὺ
502 1986 589 2070 τίς
614 2001 684 2073 ετ,
714 2009 743 2062 6
768 2006 1301 2079 ἀνταποκρινόμενος
1319 2007 1395 2080 τῷ
1412 2007 1530 2079 Θεῷ
1552 2024 1567 2077 ;
1604 2007 1681 2079 μὴ
1705 2007 1823 2078 ἐρεῖ
1849 2006 1911 2062 τὸ

334 2100 563 2171 πλάσμα
589 2100 670 2171 τῷ
718 2100 1011 2169 πλάσαντι,
1046 2100 1114 2156 Τί
1164 2119 1235 2173 με
1275 2101 1541 2171 ἐποίησας
1599 2100 1812 2167 οὖτως;
1876 2099 1910 2171 ἢ

330 2189 436 2244 οὒκ
460 2188 574 2261 ἔχει
597 2190 849 2256 ἐξουσίαν
878 2192 906 2245 6
944 2195 1223 2263 κεραμεὺς
1243 2191 1339 2245 τοῦ
1387 2191 1587 2262 πηλοῦ,
1611 2191 1676 2245 ὲκ
1697 2190 1792 2245 τοῦ
1818 2191 1914 2245 αύ-

333 2283 431 2337 τοῦ
479 2284 805 2356 φυράματος
836 2285 1082 2357 ποιῆσαι,
1110 2284 1139 2340 δ
1190 2287 1293 2356 μὲν
1324 2286 1405 2350 είς
1435 2286 1605 2356 τιμὴν
1639 2285 1854 2351 σκεῦος,
1883 2282 1914 2337 δ

331 2375 390 2429 δὲ
422 2377 502 2440 είς
530 2377 756 2448 ἀτιμίαν
776 2396 792 2446 ;
1532 2430 1535 2431 ,

411 2468 642 2539 Σίδηρος
667 2467 1094 2542 σίδηρονξόξύνει
1115 2482 1132 2502 ·
1159 2468 1297 2541 ἀνὴρ
1325 2466 1383 2523 δὲ
1417 2466 1710 2545 παροξύνει
1736 2467 1912 2540 πρόσ-

332 2576 487 2613 ωπον
516 2559 731 2632 ἑτάρου.

415 2654 530 2724 Πρὸ
557 2654 735 2725 πυρὸς
756 2653 920 2724 ἀτμὶς
953 2652 1185 2724 καμίνου
1219 2652 1315 2708 καὶ
1341 2652 1587 2717 καπνόςο
1621 2650 1766 2708 οὕτω
1805 2651 1916 2725 πρὸ

336 2746 589 2816 αἱμάτων
618 2746 900 2815 λοιδορίαι.

396 2841 569 2911 ,Ἔρις
623 2837 1112 2910 κατασπευδομένη
1145 2838 1360 2894 ἐκκαίει
1411 2837 1559 2910 πῦρ,
1608 2839 1706 2894 καὶ
1759 2836 1911 2909 μάχη

336 2930 793 2988 κατασπεύδουσα
814 2932 995 3005 ὲκχέει
1025 2927 1189 3003 αἷμα.

412 3028 741 3097 Ἀντιλογίαν
768 3026 1001 3097 πραΰνει
1032 3029 1142 3093 πᾶς
1168 3028 1415 3100 σιγηρός.

413 3095 749 3190 ’Δντιλογίας
778 3095 981 3192 ἐγείρει
1011 3122 1118 3185 πᾶς
1150 3095 1321 3183 κακός
1339 3134 1355 3151 ο
1383 3120 1412 3173 6
1436 3118 1492 3173 δὲ
1518 3118 1722 3192 Κύριος
1748 3119 1916 3191 ἀγγε-
1992 3095 2008 3129 ⁷

1945 3234 1989 3295 c
2025 3216 2133 3264 tem
2169 3209 2247 3263 illi
2281 3210 2533 3279 angelum
2564 3209 3057 3265 immiscricordem
3090 3209 3275 3264 mittit.

334 3215 429 3267 λον
461 3214 801 3285 ἀνελεήμονα
830 3214 1112 3283 ἐκπέμπει
1144 3213 1317 3283 αύτῷ.

430 3304 747 3378 Ἄνθρωπος
790 3306 1207 3376 συνεθιζόμενος
1257 3304 1439 3374 λόγοις
1489 3304 1823 3377 όνειδισμοῦ,
1858 3305 1917 3361 ιν

335 3402 543 3463 πάσαις
585 3402 705 3462 ταῖς
731 3401 970 3471 ἡμέραις
1000 3401 1166 3454 αὐτοῦ
1199 3399 1261 3453 ού
1296 3399 1373 3470 μὴ
1403 3398 1697 3469 παιδευθῇ.

416 3489 588 3545 Ὅπου
614 3490 828 3562 ἔχθραι,
860 3493 1029 3563 ἕρεις,
1060 3492 1243 3563 θυμοὶ,
1276 3494 1629 3563 φιλονεικίαι,
1651 3492 1918 3565 θορύδους

332 3584 633 3653 ἀσιγήτους
663 3587 785 3649 ταῖς
813 3584 1013 3655 ψυχαῖς
1060 3585 1411 3654 ἐμποιοῦσαι,
1440 3587 1555 3639 ἐκεῖ
1601 3585 1665 3640 τὸ
1695 3586 1919 3657 πνεῦμα

330 3676 435 3744 τῆς
466 3676 773 3747 πραότητος
800 3676 901 3730 οὐκ
931 3675 1297 3735 ἀναπαύεται.

423 3768 488 3821 Ἦ
517 3767 799 3837 ἀντιλογία
827 3770 890 3823 τδ
913 3768 1376 3841 αὐτοκρατορικδν
1414 3770 1510 3824 καὶ
1534 3769 1917 3826 ἀνυπότακτον

329 3858 597 3922 δείκνυσι,
631 3858 734 3913 κᾶν
753 3860 812 3913 ιν
837 3859 1076 3932 σχήματι
1110 3862 1336 3932 γένηται
1364 3864 1770 3927 ταπεινώσεως.

406 4031 560 4087 Φιλεῖ
603 4032 712 4102 γάρ
762 4033 834 4088 τά
892 4035 1116 4102 γενναῖα
1171 4037 1495 4109 φρονήματα
1550 4036 1689 4109 πρὸς
1717 4038 1778 4092 τό
1826 4037 1918 4111 βίᾳ

335 4127 577 4195 κρατοῦν
611 4126 994 4193 αύθαδίζεσθαι
1019 4169 1037 4196 ,
1069 4128 1165 4183 καὶ
1204 4129 1457 4201 καθάπερ
1486 4130 1619 4200 φλὸξ
1651 4131 1743 4184 ὑπ’
1787 4132 1917 4185 ἀνι-

336 4236 443 4287 μου
474 4220 800 4293 ριπιζομάνη
822 4261 838 4288 ,
885 4224 1128 4294 τοσούτῳ
1156 4222 1362 4293 μᾶλλον
1391 4223 1752 4289 ἀνάπτεσθαι,
1779 4223 1919 4294 ὅσῳ-

334 4328 443 4381 περ
468 4310 537 4366 ἂν
557 4313 915 4385 σφοδρότερον
944 4316 1344 4388 καταπνέηται.

412 4405 476 4459 Et
504 4404 661 4470 τέλος
687 4406 937 4471 παιδείας
955 4407 1016 4462 τὸ
1050 4409 1243 4462 ἑαυτὸν
1271 4408 1645 4479 αἰσχύνεσθαι,
1679 4409 1916 4481 ἒσχάτης

335 4497 693 4562 ἀπαιδευσίας
724 4498 786 4552 τὸ
810 4499 946 4570 μηδὲ
976 4500 1105 4564 τοὺς
1132 4500 1323 4564 ἄλλους
1351 4501 1730 4572 αἰσχύνεσθαι.

2088 2001 2243 2061 Rom.
2270 2019 2348 2060 Ix.
2389 2003 2471 2060 Tu
2498 2004 2623 2076 quis
2653 2020 2735 2072 es,
2793 2005 2887 2076 qui
2922 2020 2989 2060 ex
3045 2005 3274 2059 adverso
3304 2005 3601 2073 respondes

2020 2093 2169 2152 Deo?
2210 2094 2351 2152 Num
2416 2096 2561 2152 dicet
2617 2096 3144 2167 ﬁgmentumtictori
3172 2111 3276 2152 suo
3325 2095 3486 2151 :Cur
3511 2109 3600 2149 me

2019 2186 2101 2246 sic
2156 2187 2381 2244 fecisti?
2420 2204 2602 2245 annon
2638 2189 2799 2244 habet
2847 2198 3173 2258 potestatem
3248 2188 3599 2269 ﬁgulusluti,

2018 2296 2087 2338 ex
2115 2283 2305 2340 eadem
2360 2298 2543 2339 massa
2610 2282 2846 2339 faciendi
2900 2283 3049 2339 aliud
3080 2297 3176 2339 vas
3209 2283 3601 2348 honoriﬁcum,

2018 2374 2162 2430 aliud
2197 2375 2627 2432 dedecorosum?

2092 2467 2254 2524 Prov.
2277 2483 2445 2525 xxvn.
2471 2468 2696 2525 Ferrum
2713 2466 3104 2535 acuitferrum,
3130 2467 3295 2523 homo
3314 2467 3592 2523 hominem

2019 2570 2328 2633 exasperat.

2092 2654 2165 2712 Ut
2193 2663 2319 2711 ante
2347 2654 2526 2725 ignem
2557 2667 2733 2724 vapor
2761 2650 2961 2708 camini
3012 2659 3067 2709 et
3099 2650 3282 2709 fumus
3312 2651 3486 2722 praeit,
3519 2650 3600 2706 sic

2022 2754 2149 2801 ante
2165 2747 2391 2801 vulnera
2418 2747 2741 2820 sanguinem
2765 2748 3033 2807 courtcia.

2099 2840 2267 2897 Eccli.
2302 2857 2496 2898 xxvm.
2564 2841 2856 2898 Contentio
2882 2842 3185 2899 accelerata
3207 2841 3386 2912 ignem
3410 2855 3603 2896 accen-

2022 2931 2119 2997 dit,
2149 2932 2309 3004 223
2334 2942 2388 2988 et
2412 2949 2592 3004 pugna
2620 2934 2887 2991 festinans
2922 2933 3250 3004 sanguinem
3283 2933 3529 2989 ctlundit.

2097 3026 2497 3081 Dissensionem
2530 3028 2684 3082 sedat
2711 3029 2891 3082 omnis
2917 3028 3247 3082 taciturnus.

2104 3114 2485 3174 Dissensiones
2514 3119 2719 3174 excitat
2739 3118 2917 3174 omnis
2943 3119 3123 3174 malus
3160 3137 3174 3172 :
3211 3117 3474 3172 Dominus
3499 3132 3600 3171 au-

2092 3301 2454 3357 ‘Assuefactus
2483 3300 2666 3357 verbis
2695 3300 2975 3370 probrosis
3010 3300 3066 3355 in
3098 3300 3355 3355 omnibus
3409 3298 3602 3355 diebus

2022 3393 2139 3452 suis
2162 3410 2267 3449 non
2299 3393 2682 3465 castigabitur.

2093 3486 2153 3543 S.
2188 3486 2404 3542 Basilii.
2439 3484 2540 3542 Ubi
2573 3485 2721 3552 odia,
2750 3485 2893 3551 lites,
2925 3483 3041 3547 irze.
3064 3484 3466 3549 contentiones,
3490 3498 3606 3538 ma-

2021 3593 2160 3650 gnos
2190 3578 2459 3634 tumultus
2490 3578 2544 3633 in
2578 3578 2779 3634 animis
2802 3576 3071 3645 excitant,
3097 3575 3169 3632 ibi
3202 3575 3416 3647 Spirius
3448 3590 3604 3629 man-

2021 3670 2330 3729 suetudinis
2364 3685 2471 3725 non
2501 3669 2819 3741 requiescit.

2091 3762 2211 3832 ipsa
2240 3762 2606 3819 contradictio
2636 3762 3055 3833 imperatorium
3111 3762 3369 3835 quiddam
3421 3766 3476 3817 et
3515 3775 3608 3819 vo-

2020 3856 2288 3913 luntatem
2322 3855 2458 3911 nulli
2489 3872 2549 3912 se
2580 3856 2911 3927 subiiciendi
2986 3856 3214 3927 indicat,
3277 3857 3490 3915 etiamsi
3550 3860 3606 3916 in

2021 3947 2215 4003 humili
2243 3947 2409 4003 fuerit
2438 3948 2650 4003 habitu.

2091 4038 2356 4111 Theolagi.
2407 4038 2593 4096 Solent
2676 4043 2822 4098 enim
2900 4057 3099 4114 magno
3122 4042 3319 4113 spiritu
3396 4042 3606 4113 praediti

2020 4130 2274 4186 violentis
2334 4134 2735 4188 contumaciter
2785 4135 3181 4205 pr'nfracteque
3210 4135 3493 4196 resistere.
3550 4143 3608 4191 et

2018 4221 2474 4291 quemadmodum
2506 4222 2722 4278 flamma
2762 4239 2792 4279 a
2823 4235 2982 4280 vento
3021 4226 3277 4291 excitata,
3310 4208 3456 4279 tanto
3489 4241 3608 4279 ma-

2019 4315 2101 4386 gis
2127 4314 2374 4381 accendi,
2408 4324 2616 4380 quanto
2640 4315 3019 4373 vehementius
3046 4318 3316 4374 suﬂlatur.

2092 4406 2151 4464 S.
2185 4406 2378 4479 Chrys.
2409 4407 2467 4463 Si
2505 4409 2626 4464 linis
2660 4409 2923 4465 doctrinae
2955 4418 3041 4464 est
3062 4409 3299 4477 seipsum
3331 4409 3600 4473 revereri,

2018 4510 2279 4555 extremae
2298 4509 2382 4554 est
2404 4499 2710 4568 imperitiae,
2743 4516 2810 4553 ne
2851 4498 2986 4553 alios
3028 4499 3248 4569 quidem
3278 4498 3529 4552 revereri.

422 4589 804 4659 ’Δναισχυντία
855 4590 960 4660 μιν
1012 4592 1146 4646 ίδιον
1191 4592 1421 4663 φαύλου,
1456 4594 1622 4658 αἰδὼς
1661 4594 1719 4648 δὲ
1750 4610 1920 4646 σπου-

2105 4588 2371 4645 Philonis.
2401 4588 2745 4661 lmpudentia
2774 4599 2860 4645 est
2915 4590 3132 4661 propria
3179 4590 3601 4656 sceleratorum,

336 4680 494 4736 δαίου
516 4697 532 4712 ο
556 4680 617 4735 τὸ
642 4681 697 4736 δὲ
730 4684 871 4754 μήτε
903 4683 1280 4754 αἰσχύνεσθαι,
1342 4686 1486 4755 μήτε
1519 4686 1921 4756 ἀναισχυντεῖν,

338 4771 439 4826 τοῦ
465 4772 868 4845 άκαταλήπτως
902 4775 1124 4846 ἔχοντος
1148 4777 1246 4832 καὶ
1271 4777 1750 4848 ἀσυγκαταθέτως.

415 4950 795 5023 Ἀριστοτέλης
823 4954 1316 5027 βλασφημούμενος
1338 4956 1433 5010 ἀπ’
1460 4956 1750 5027 ἀνθρώπου
1766 4955 1927 5010 ἀσελ-

338 5044 496 5115 γοῦς,
529 5046 632 5117 ἔφη
653 5061 668 5077 ο
704 5048 776 5099 Σὺ
809 5046 908 5117 μὲν
928 5046 1147 5109 ἀκούεις
1186 5048 1254 5102 τά
1281 5049 1427 5103 κακά
1466 5048 1691 5118 ῥᾳδίως,
1721 5050 1815 5101 καὶ
1840 5047 1925 5101 λέ-

338 5157 464 5209 γεις
482 5141 724 5213 εὐχερῶς
744 5157 759 5173 ο
792 5144 914 5214 ἐμοὶ
941 5144 997 5198 δὲ
1022 5144 1119 5198 καὶ
1147 5143 1328 5214 λέγειν
1348 5144 1538 5216 ἀηθες,
1570 5144 1665 5198 καὶ
1696 5142 1921 5198 ἀκούειν

335 5234 526 5290 ἀηδές.

415 5251 473 5288 οε
507 5272 526 5290 .

379 5251 505 5381 HT:
522 5326 599 5399 μὴ
624 5328 978 5401 αἰσχύνεσθαι
1004 5327 1177 5385 κακὸν
1200 5327 1330 5384 ὄντα
1358 5326 1557 5390 κακίας
1584 5327 1885 5399 ὑπερδολή.

414 5508 643 5584 Γλώσσῃ
673 5510 903 5586 θρασείᾳ
937 5512 1013 5584 μὴ
1070 5512 1347 5585 χρῆσθαιο
1396 5512 1656 5579 πολλάκις
1704 5515 1813 5586 γάρ
1862 5516 1924 5568 τὸ

341 5600 549 5669 θράσος
596 5603 691 5658 καὶ
716 5604 886 5676 αὐτὴν
915 5604 1140 5659 διώλεσε
1173 5605 1272 5673 τὴν
1301 5606 1566 5677 κεφαλήν.

416 5692 623 5762 Θράσει
678 5696 778 5766 μὲν
818 5696 992 5762 οὐδεὶς
1024 5696 1257 5764 οὐδέπω,
1296 5700 1443 5769 πόνῳ
1470 5700 1526 5753 δὲ
1558 5700 1651 5755 καὶ
1676 5702 1921 5768 γενναιό-

340 5801 468 5841 τητι
500 5786 595 5840 καὶ
616 5786 886 5861 ὶπιεικείᾳ
914 5788 1117 5863 ἀρετὴν
1144 5790 1506 5862 ἐπεκτήσατο.

2030 4686 2209 4753 pudor
2240 4695 2423 4740 autem
2460 4684 2751 4739 bonorum.
2782 4682 2990 4738 Neutro
3021 4691 3200 4737 autem
3242 4683 3437 4736 horum
3471 4681 3607 4736 διιε-

2029 4787 2219 4841 ctuum
2245 4780 2472 4846 moveri,
2514 4793 2703 4833 eorum
2729 4786 2814 4834 est
2857 4780 2951 4850 qui
3007 4777 3142 4831 nihil
3186 4775 3456 4831 atlirmant
3513 4786 3609 4830 aut

2028 4867 2433 4923 assentiuntur.

2102 4965 2425 5020 Aristotelis.
2460 4964 2784 5020 Aristotoles
2801 4979 2925 5019 cum
2950 4965 3018 5019 ab
3036 4965 3348 5035 impudente
3373 4967 3606 5035 quodam

2027 5055 2291 5113 conviciis
2325 5056 2675 5111 lacesseretur
2706 5072 2722 5112 :
2750 5055 2854 5123 Tu,
2889 5056 3084 5127 inquit,
3118 5071 3175 5111 et
3200 5058 3447 5111 convicia
3475 5055 3606 5112 faci-

2026 5147 2079 5202 le
2110 5147 2265 5201 audis
2297 5158 2349 5200 et
2372 5146 2604 5201 libenter
2625 5146 2763 5203 dicis
2792 5163 2807 5201 :
2852 5148 2983 5202 milii
3016 5163 3147 5203 vero
3179 5157 3234 5202 et
3264 5147 3446 5200 dicere
3496 5162 3603 5199 non

2027 5250 2371 5305 consuetum,
2393 5249 2447 5294 et
2478 5238 2668 5295 audire
2692 5239 3075 5311 iniucundum.

2104 5330 2161 5386 Si
2192 5331 2314 5395 quis
2344 5331 2522 5386 malus
2552 5345 2677 5386 cum
2726 5333 2802 5388 sit
2849 5347 2958 5387 non
2992 5328 3287 5392 erubescit,
3320 5328 3607 5398 insigniter

2030 5424 2317 5494 improbus
2342 5433 2447 5480 est.

2102 5516 2361 5571 Socratis.
2402 5515 2609 5588 Lingua
2656 5515 2916 5588 petulanti
2955 5530 3062 5570 non
3128 5512 3414 5568 utendum.
3450 5512 3607 5585 Smpe

2027 5608 2169 5663 enim
2200 5607 2425 5663 audacia
2448 5608 2626 5679 ipsum
2646 5607 2880 5680 perdidit
2901 5615 3084 5675 caput.

2097 5698 2393 5767 Euripidis.
2450 5699 2688 5756 Audacia
2740 5698 2959 5768 quidem
3014 5711 3175 5752 nemo
3220 5695 3400 5751 adhuc
3430 5696 3601 5751 virtu-

2026 5799 2134 5844 tem
2168 5793 2526 5862 comparavit,
2562 5792 2656 5849 scd
2684 5788 2971 5855 industria,
2998 5789 3360 5859 generositate
3394 5794 3447 5844 ct
3490 5786 3604 5845 cle-

2026 5893 2249 5937 mentta.
