3974 6548
235 426 370 492 1177

997 434 1166 494 LOCI
1209 433 1649 498 COMMUNES.
1694 462 1765 474 —
1794 437 1991 500 PARS
2023 440 2099 503 [1.
2137 439 2396 502 SERMO
2436 439 2714 499 LXX-III.

3361 436 3503 502 1178

304 548 397 618 Μὴ
425 547 493 601 τά
531 548 712 620 ὑψηλὰ
742 529 1003 621 φρονῆτε,
1033 550 1172 606 ἀλλά
1195 554 1307 616 τοῖς
1351 553 1631 615 ταπεινοῖς
1677 569 1803 606 συν-

1992 553 2187 611 Videte
2218 572 2286 611 ne
2320 570 2418 610 vos
2445 553 2587 609 elate
2616 549 2844 624 geratis,
2878 549 2968 606 sed
2996 548 3223 619 abjcctis
3248 557 3300 604 ct
3325 548 3506 604 humi-

229 641 537 707 απάγεσθε.

303 735 385 806 Τῇ
413 736 887 809 ταπεινοφροσύνῃ
929 738 1194 808 ἀλλήλους
1243 739 1465 810 ἡγεῖσθε
1515 739 1812 812 ὑπερέχον-

229 845 330 889 τας
356 827 588 894 ἑαυτῶν,
627 829 703 900 μὴ
734 830 800 883 τά
829 831 1039 885 ἑαυτῶν
1067 831 1424 900 σκοποῦντες,
1458 832 1596 888 ἀλλὰ
1621 834 1714 887 καὶ
1745 831 1812 886 τὰ

221 917 458 990 ἐτέρων.

317 1009 377 1064 Ὀ
414 1011 544 1076 Θεὸς
572 1013 720 1082 ἡμᾶς
749 1013 875 1078 τοὺς
906 1015 1241 1080 ἀποστόλους
1284 1017 1549 1088 ἐσχάτους
1597 1017 1812 1071 ἀπέδει-

232 1105 344 1169 ξεν,
385 1106 463 1169 ὼς
487 1105 910 1171 ἐπιθανατίους·
951 1109 1033 1163 ὅτι
1081 1109 1308 1178 θέατρον
1354 1110 1699 1182 ἐγενήθημεν
1731 1109 1810 1181 τῷ

231 1199 449 1269 κόσμῳ,
489 1203 585 1253 καὶ
613 1199 894 1268 ἀγγέλοις,
924 1202 1020 1255 καὶ
1050 1201 1385 1270 ἀνθρώποις.

321 1288 414 1354 Ὠς
473 1291 938 1362 περικαθάρματα
993 1293 1336 1364 ἐγενήθημεν
1387 1295 1480 1347 τοῦ
1555 1293 1806 1364 κόσμου,

227 1381 453 1435 πάντων
483 1381 772 1451 περίψημα
797 1381 904 1446 ἕως
926 1382 1071 1452 ἄρτι.

302 1472 689 1543 Ταπεινώθητε
724 1472 957 1527 ἐνώπιον
993 1474 1222 1544 Κυρίου,
1257 1475 1353 1529 καὶ
1403 1475 1608 1545 ὑψώσει
1642 1477 1807 1546 ὑμᾶς.

314 1561 376 1615 Ὀ
406 1562 539 1626 Θεὸς
585 1556 956 1635 ὑπερηφάνοις
998 1565 1407 1632 ἀντιτάσσεται,
1440 1567 1719 1628 ταπεινοῖς
1751 1566 1809 1621 δέ

228 1653 418 1708 δίδωσι
464 1654 649 1725 χάριν.
679 1654 1066 1725 Ταπεινώθητε
1101 1654 1196 1710 οὖν
1248 1657 1353 1711 ὑπὸ
1399 1659 1502 1728 τὴν
1536 1657 1809 1727 κραταιὰν

229 1749 391 1818 χεῖρα
429 1746 524 1800 τοῦ
558 1745 714 1813 Θεοῦ,
745 1746 835 1801 ἵνα
866 1747 1012 1819 ὑμᾶς
1040 1747 1236 1821 ὑψώσῃ
1278 1751 1336 1802 ἐν
1371 1747 1548 1821 καιρῷ
1586 1749 1810 1802 ἐπισκο-

231 1857 363 1909 πης.

1914 646 2057 702 libus
2077 663 2174 702 vos
2204 646 2646 702 accommodate.

1989 734 2227 805 Philipp.
2262 751 2321 790 tt.
2349 733 2454 791 Per
2479 735 2845 789 humilitatem
2877 733 3044 787 animi
3074 733 3240 787 aliutn
3271 730 3503 802 quisque

1915 825 2022 882 sibi
2054 825 2384 880 antecellere
2435 826 2752 881 existimato
2779 863 2794 888 ,
2835 839 2942 880 non
2997 837 3173 879 vestra
3217 823 3501 880 commoda

1914 929 2177 988 spectate,
2205 919 2301 974 sed
2330 919 2497 973 etiam
2531 918 2790 973 aliorum.

1988 1007 2017 1064 Ι
2055 1010 2182 1064 Cor.
2213 1024 2288 1065 Iv.
2327 1008 2469 1064 Deus
2519 1025 2618 1065 nos
2663 1009 2937 1080 apostolos
2985 1018 3291 1077 postremos
3333 1008 3455 1062 fecit
3485 1052 3500 1073 ,

1918 1102 2080 1171 quasi
2126 1102 2286 1155 morti
2341 1101 2615 1166 addictos,
2676 1101 2804 1169 quia
2845 1101 3218 1168 spectaculum
3255 1100 3377 1155 facti
3414 1116 3502 1153 su-

1914 1208 2038 1247 mus
2075 1193 2279 1245 mundo
2311 1201 2364 1246 et
2401 1193 2613 1261 angelis
2641 1202 2694 1246 ct
2729 1193 3062 1247 hominibus.

1989 1285 2160 1352 Quasi
2200 1285 2388 1339 mundi
2439 1294 2794 1354 purgamenta
2831 1286 2952 1339 facti
2985 1301 3174 1340 smnus
3200 1323 3216 1350 ,
3253 1285 3497 1338 omnium

1913 1375 2215 1443 peripscma
2250 1388 2422 1442 usque
2453 1373 2653 1427 adhuc.

1981 1462 2102 1518 Jac.
2138 1463 2514 1518 llumiliainini
2545 1480 2728 1520 coram
2766 1466 3025 1531 Domino,
3056 1475 3110 1519 et
3135 1466 3496 1520 cxtollctvos.

1987 1561 2019 1613 Ι
2045 1558 2190 1612 Petr.
2227 1573 2280 1614 ν.
2316 1557 2579 1640 Superbis
2619 1559 2763 1615 Deus
2789 1561 3018 1624 resistit,
3056 1560 3354 1614 humilibus
3395 1575 3496 1612 au-

1913 1658 2020 1704 tem
2071 1651 2164 1705 dat
2212 1650 2476 1720 gratiam.
2510 1649 2884 1706 llumiliamini
2925 1651 3091 1720 igitur
3133 1651 3234 1706 sub
3288 1649 3493 1718 potenti

1913 1758 2080 1798 manu
2123 1741 2242 1809 Dei,
2273 1750 2333 1798 ut
2372 1758 2470 1799 vos
2493 1744 2698 1798 exaltet
2723 1743 2776 1797 in
2816 1752 3060 1813 tempore
3084 1743 3438 1798 visitationis.
3489 1767 3491 1770 ·

207 1945 214 1966 ι
295 1897 626 1998 ’ίὰμήχανον
653 1929 760 1999 ξτδν
792 1931 866 2002 μὴ
912 1929 1344 2002 καταδεξάμενον
1389 1931 1449 1985 τὸ
1499 1930 1634 2003 πρὸς
1669 1931 1803 1986 πάν-

1990 1921 2050 1978 S.
2083 1921 2300 1978 Basilii.
2334 1922 2476 1978 Fieri
2527 1939 2632 1978 non
2670 1934 2891 1994 potest,
2923 1933 2982 1978 ut
3016 1925 3059 1980 is
3096 1925 3184 1993 qui
3223 1940 3332 1978 non
3371 1924 3493 1977 infi-

229 2036 329 2081 τας
360 2019 586 2082 ὑποδεὲς
636 2023 731 2076 καὶ
774 2021 1024 2091 ἔσχατον,
1071 2023 1367 2094 δυνηθῆναί
1411 2040 1540 2078 ποτε
1574 2024 1606 2093 ἢ
1645 2024 1803 2077 λοιδο-

1934 2031 2062 2071 nam
2095 2028 2147 2072 et
2175 2026 2512 2088 postremam
2561 2029 2763 2074 sortem
2791 2020 2892 2074 sibi
2916 2035 3072 2090 aequo
3102 2019 3284 2073 animo
3310 2019 3496 2075 fereu-

231 2111 517 2181 ρούμενον,
567 2112 740 2183 θυμοῦ
785 2114 1078 2190 κρατῆσαι,
1124 2115 1159 2186 ἢ
1209 2114 1545 2183 θλιόόμενον,
1581 2115 1669 2170 διὰ
1705 2133 1809 2186 μα-

228 2205 538 2275 κροθυμίας
577 2205 967 2276 περιγενέσθαι
997 2206 1107 2260 τῶν
1140 2205 1489 2278 πειρασμῶν.

197 2388 199 2390 ’
297 2385 606 2457 Γυμνάσιον
645 2383 1164 2457 ταπεινοφροσύνης,
1195 2386 1229 2457 ἡ
1256 2387 1314 2440 ἐν
1353 2389 1467 2452 τοῖς
1496 2387 1809 2442 εὐτελεστέ-

229 2494 345 2548 ροις
399 2475 690 2546 πράγμασι
738 2475 1011 2547 διατριϐὴ,
1037 2476 1118 2546 {sb
1151 2477 1323 2542 πάθος
1355 2481 1455 2550 τῆς
1501 2478 1807 2550 φιλοδοξίας

227 2567 631 2637 θεραπεύουσα.

295 2659 582 2713 Δείκνυσιν
634 2658 768 2730 ἡμῖν
794 2659 822 2712 ό
853 2656 1061 2729 Κύριος
1103 2658 1331 2731 ἀρίστην
1384 2659 1504 2715 ὁδὸν
1547 2658 1807 2730 ὑψώσεως

225 2750 326 2820 τὴν
361 2752 714 2806 ταπείνωσιν.

308 2842 680 2898 1’δ““ταπειτὸν
744 2843 886 2916 μετὰ
938 2845 1040 2917 τῆς
1106 2842 1348 2911 εὐδοξίας
1398 2845 1512 2917 ἔχει
1564 2845 1659 2901 κα)⁸
1705 2845 1806 2918 τὴν

223 2936 550 3002 ἀσφάλειαν.

298 3029 571 3097 Κρεῖσσον
603 3027 734 3083 ὄντα
789 3027 953 3099 σοφὸν
999 3027 1256 3099 ὑφίεσθαι
1301 3027 1372 3082 δι’
1412 3029 1734 3097 ἐπιείκειαν,
1767 3031 1801 3102 ἢ

219 3120 456 3192 ἀμαθῶς
485 3119 680 3191 ἔχοντα
703 3120 792 3174 διὰ
811 3121 1010 3192 θράσος
1041 3121 1546 3192 ὑπερεκτείνεσθαι.

295 3301 390 3371 Μὴ
422 3301 478 3354 ἐν
505 3299 697 3370 ἐσθῆτι
716 3300 776 3354 sb
797 3299 1051 3354 ταπεινὸν
1081 3299 1299 3372 ἔχωμεν
1332 3300 1518 3370 μόνον,
1547 3299 1684 3354 ἀλλὰ
1708 3300 1804 3354 καὶ

223 3393 286 3446 ἐν
335 3391 516 3462 ψυχῆς
570 3391 982 3463 καταστήματι·
1032 3392 1167 3463 μηδὲ
1215 3392 1413 3464 θρύψις
1467 3392 1718 3462 αὐχένος,
1767 3392 1801 3462 ἢ

222 3485 414 3552 φωνῆς
441 3480 713 3551 ὕφεσις,ἢ
745 3481 1039 3554 προσώπου
1071 3483 1277 3548 νεῦσις,
1303 3483 1336 3554 ἢ
1369 3483 1532 3554 βάθος
1562 3484 1800 3554 ὑπήνης,

221 3574 256 3645 ἢ
321 3572 652 3644 βαδίσματος
704 3569 837 3645 ἦθος
881 3574 943 3627 τὸ
1005 3575 1261 3630 ταπεινὸν
1317 3576 1684 3648 ὑποκρίνοιτο,
1737 3579 1805 3632 τά

223 3665 366 3735 πρὸς
409 3663 590 3732 ὀλίγον
637 3665 986 3735 τυπούμενα,
1036 3667 1130 3721 καὶ
1172 3667 1400 3737 τάχιστα
1451 3669 1801 3738 ἐλεγχόμενα.

225 3759 346 3812 Πᾶν
373 3757 484 3828 γὰρ
517 3757 546 3811 δ
584 3759 956 3831 προσποιητόν
1003 3759 1124 3813 οὐδὲ
1170 3761 1425 3830 μόνιμον.
1474 3761 1615 3815 Ἀλλ’
1651 3754 1804 3832 ὦμεν

224 3849 424 3919 ὑψηλοὶ
458 3849 559 3919 μὲν
585 3849 665 3920 τῷ
709 3851 833 3922 βίῳ,
861 3851 1106 3905 ταπεινοὶ
1133 3851 1189 3906 δὲ
1213 3851 1292 3923 τῷ
1325 3853 1668 3922 φρονήματι·
1707 3851 1804 3906 καὶ

222 3941 329 4011 τὴν
361 3940 462 4011 μέν
501 3942 703 4013 ἀρετὴν
757 3942 1066 4014 ἀπρόσιτοι,
1113 3943 1214 4015 τὴν
1266 3945 1555 3999 συνουσίαν
1600 3945 1658 3998 δὲ
1705 3945 1802 4000 καὶ

221 4034 348 4086 λίαν
387 4033 726 4104 εὑπρόσοδοι.
786 4033 1073 4088 Πολιτικοῦ
1122 4034 1224 4105 μὲν
1269 4036 1380 4106 γάρ
1441 4036 1603 4106 ἔργον
1657 4031 1802 4090 εἶναι

225 4125 294 4199 [Ῑ.
322 4121 710 4198 οῐμαι]’πάντα
749 4127 922 4179 ποιεῖν
953 4127 1050 4180 καὶ
1076 4125 1280 4195 λέγειν,
1310 4128 1369 4193 ἐξ
1398 4121 1475 4182 ὧν
1511 4127 1803 4199 εὐδοκιμή-

227 4235 315 4271 σει
346 4217 501 4288 παρὰ
531 4215 624 4270 τοῦ
676 4215 741 4289 [ί.
772 4215 904 4290 τῶν]
935 4216 1168 4283 ἔξωθεν·
1205 4217 1578 4287 πνευματικοῦ
1620 4218 1676 4271 δὲ
1707 4217 1802 4272 καὶ

224 4307 326 4362 τοῦ
351 4307 476 4361 καθ’
499 4309 650 4379 ἡμᾶς
673 4307 806 4379 πρὸς
835 4308 894 4360 ἓν
926 4308 1087 4378 μόνον
1107 4307 1354 4378 βλέπειν,
1383 4309 1484 4380 τὴν
1503 4310 1798 4380 σωτηρίαν,

223 4403 260 4472 ἦ
288 4417 350 4454 τε
386 4400 649 4472 ἁπλότης,
679 4401 775 4457 καὶ
797 4401 856 4455 τὸ
880 4401 976 4456 τοῦ
1000 4401 1170 4474 ήθους
1198 4400 1384 4458 ᾶδολόν
1414 4417 1475 4457 τε
1501 4404 1597 4457 καὶ
1621 4405 1801 4476 ἀμνη-

228 4494 481 4552 σίκακον.

301 4781 470 4836 Οὑδέν
504 4779 677 4845 οὕτως
699 4779 777 4850 τῷ
801 4779 919 4849 Θεῷ
947 4779 1120 4849 φίλον,
1143 4778 1222 4844 ὡς
1249 4777 1310 4832 τὸ
1335 4777 1474 4850 μετὰ
1501 4778 1612 4833 τῶν
1639 4776 1803 4847 ἐσχά-

224 4895 336 4931 των
358 4875 554 4929 ἐαυτδν
575 4872 902 4943 ἀριθμῆσαι.

298 4992 414 5060 Οὐχ
443 4989 614 5052 οὕτως
648 4990 739 5042 τὸν
767 4987 1170 5058 ἁμαρτάνοντα,
1200 4986 1276 5049 ὡς
1309 4985 1401 5041 τὸν
1428 4983 1800 5058 κατορθοῦντα

225 5082 334 5154 χρὴ
361 5081 698 5152 μετριάζειν.

299 5193 784 5265 Ταπεινοφροσύνη
819 5197 936 5248 ἐστὶ
969 5194 1029 5248 τὸ
1061 5193 1262 5265 ὑψηλὸν
1287 5194 1419 5248 ὄντα
1464 5192 1576 5248 ἀπὸ
1600 5208 1800 5262 κατορ-

223 5289 498 5358 θωμάτων
528 5289 815 5341 ταπεινοῦν
841 5287 1005 5341 αὑτὸν
1037 5287 1145 5340 ἀπὸ
1181 5286 1443 5349 διανοίας.

301 5402 512 5473 Μηδεὶς
538 5405 737 5456 ἄπονον
767 5402 964 5456 οἰέσθω
999 5404 1093 5455 καὶ
1137 5402 1277 5472 μετὰ
1321 5402 1605 5474 ῥᾳστώνης
1635 5401 1801 5454 ἐκπο-

223 5498 514 5568 ριζόμενον
540 5497 602 5548 τὸ
621 5495 718 5565 τῆς
745 5495 1247 5565 ταπεινοφροσύνης
1270 5494 1624 5564 κατόρθωμα.
1670 5493 1801 5561 ἐμ-

219 5590 440 5657 πὶφυκε
470 5588 578 5656 γάρ
610 5588 671 5640 τὸ
711 5588 851 5641 κατὰ
881 5589 976 5656 τὴν
1010 5587 1240 5656 ἔπαρσιν
1264 5587 1435 5649 πάθος
1465 5587 1628 5640 παντὶ
1660 5600 1786 5654 σχεο

218 5682 312 5734 δὸν
342 5678 420 5748 τῷ
445 5678 714 5732 κοινοῦντι
745 5679 844 5747 τῆς
889 5678 1233 5749 ἀνθρωπίνης
1262 5678 1499 5748 φύσεως.
1534 5679 1628 5730 Διδ
1661 5677 1795 5731 πάν-

218 5789 334 5824 των
369 5771 477 5822 τῶν
527 5769 646 5823 κατ’
674 5771 874 5843 ἀρετὴν
919 5772 1389 5843 ἐπιτηδευομένων
1442 5769 1600 5824 τοῦτό
1643 5772 1798 5824 ἐστιν

225 5858 654 5930 ἐπιπονώτερον.

1919 2110 2044 2164 dam
2101 2125 2400 2180 persuasus
2447 2111 2583 2174 sit,‘
2620 2122 2715 2166 aut
2767 2111 2810 2167 si
2864 2112 3169 2167 convicium
3227 2111 3328 2180 ipsi
3379 2110 3492 2174 fiat.

1914 2200 2049 2255 iram
2083 2202 2434 2272 comprimat,
2493 2211 2588 2257 aut
2631 2203 2675 2259 si
2705 2214 3007 2273 prematur,
3035 2202 3295 2273 patientia
3320 2202 3494 2256 victor

1911 2291 2128 2348 evadat.

1984 2382 2322 2440 Exercitatio
2375 2386 2708 2442 humilitatis
2735 2395 2860 2454 est,
2901 2389 2955 2443 in
2990 2387 3275 2443 vilioribus
3323 2386 3494 2441 rebus

1918 2476 2124 2532 versari
2150 2493 2166 2544 ;
2204 2478 2286 2534 sic
2314 2478 2460 2534 enim
2499 2479 2683 2551 gloria:
2715 2479 2988 2549 cupiditas
3008 2487 3321 2536 coercetur.

1979 2655 2252 2726 Optimam
2286 2656 2569 2728 dignitatis
2605 2657 2748 2712 viam
2803 2657 3036 2712 ostendit
3069 2656 3352 2724 Dominus,
3388 2655 3491 2710 hu-

1907 2749 2198 2804 militatem
2232 2749 2378 2804 dico.

1983 2840 2277 2898 ilumilitas
2317 2857 2440 2898 cum
2483 2842 2716 2898 honesta
2749 2841 2892 2896 fama
2940 2840 3104 2897 habet
3136 2850 3189 2897 et
3219 2841 3491 2897 securita-

1908 2945 2015 2990 tem
2026 2975 2041 2988 .

1975 3026 2206 3081 Prasstat
2247 3025 2465 3081 doctum
2500 3027 2567 3083 de
2617 3043 2715 3083 suo
2742 3027 2867 3098 jure
2905 3029 3100 3085 cedere
3144 3026 3435 3083 clementia
3466 3071 3482 3094 ,

1905 3134 2069 3187 quam
2096 3119 2410 3189 imperitum
2439 3134 2536 3190 per
2567 3121 2854 3176 audaciam
2888 3121 3118 3174 nimium
3152 3121 3268 3176 alas
3295 3130 3484 3177 exten-

1905 3211 2051 3266 dere.

1983 3303 2100 3358 Non
2134 3304 2186 3358 in
2217 3312 2368 3359 veste
2412 3303 2587 3359 solum
2617 3314 2840 3360 utamur
2878 3307 3165 3371 modestia,
3197 3307 3289 3361 sed
3321 3307 3484 3362 etiam

1909 3397 1962 3452 in
1999 3398 2166 3452 animi
2224 3399 2653 3466 constitutione;
2716 3414 2894 3470 neque
2935 3399 3078 3454 enim
3127 3400 3359 3456 cervicis
3388 3401 3485 3454 de-

1904 3486 2094 3558 jectio,
2127 3497 2223 3544 aut
2273 3490 2426 3546 vocis
2477 3491 2753 3558 remissio,
2787 3499 2882 3546 aut
2931 3492 3127 3560 capitis
3158 3500 3339 3557 nutus,
3391 3501 3486 3547 aut

1908 3581 2077 3636 barba
2130 3582 2424 3650 promissa,
2456 3592 2548 3638 aut
2605 3583 2853 3639 incessus
2901 3584 3239 3653 compositus
3299 3584 3490 3638 mode-

1906 3673 2066 3728 stiam
2097 3683 2244 3729 recte
2281 3676 2618 3745 exprimunt,
2647 3685 2833 3746 utpote
2861 3691 2983 3745 qua;
3028 3677 3091 3730 ad
3124 3685 3340 3745 tempus
3384 3677 3495 3729 tin-

1907 3771 2133 3833 guntur,
2171 3765 2267 3821 sed
2301 3766 2589 3821 celerrime
2628 3765 2764 3821 falsa
2795 3766 3302 3836 deprehenduntur;
3327 3766 3488 3836 quid-

1905 3855 2038 3926 quid
2091 3865 2273 3912 autem
2314 3864 2400 3914 est
2427 3857 2637 3924 fictum,
2679 3857 2824 3912 idem
2861 3873 2967 3913 non
3007 3859 3328 3912 diuturnum
3356 3858 3491 3912 erit.

1907 3947 2095 4004 Simus
2149 3949 2318 4020 igitur
2343 3950 2453 4004 vita
2484 3949 2703 4018 quidem
2727 3949 2854 4004 elati
2879 3988 2895 4012 ,
2942 3953 3036 4005 sed
3080 3953 3272 4020 spiritu
3300 3950 3490 4005 humi-

1906 4040 2010 4105 les,
2043 4052 2096 4096 et
2126 4043 2331 4096 virtute
2361 4042 2576 4112 quidem
2609 4042 3040 4107 inaccessibiles,
3067 4043 3494 4098 conversatione-

1904 4140 2087 4186 autem
2115 4131 2411 4187 facillimus
2446 4133 2519 4187 sit
2554 4133 2621 4187 ad
2653 4148 2751 4188 nos
2778 4134 2977 4188 aditus.
3013 4135 3104 4188 Est
3134 4136 3277 4189 enim
3309 4134 3484 4188 homi-

1904 4223 1990 4280 nis
2021 4223 2200 4280 civilis
2247 4223 2510 4292 ofﬁcium,
2545 4233 2604 4279 ut
2661 4225 2846 4278 omnia
2891 4225 3055 4279 faciat
3105 4235 3159 4279 et
3205 4225 3351 4279 dieat
3416 4239 3480 4278 ex

1902 4316 2105 4387 quibus
2169 4317 2238 4371 ab
2315 4315 2440 4372 aliis
2496 4315 2726 4386 gloriam
2775 4324 3187 4386 consequatur:
3219 4316 3479 4384 spiritalis

1902 4419 2085 4464 autem
2116 4417 2174 4465 et
2203 4408 2324 4479 ejus
2359 4407 2453 4480 qui
2480 4409 2774 4464 nobiscum
2813 4408 3004 4475 sentit,
3030 4407 3083 4461 in
3119 4407 3336 4461 unicam
3363 4422 3485 4462 rem

1901 4508 2152 4568 spectare
2173 4540 2190 4565 ,
2229 4499 2491 4554 nimirum
2521 4500 2754 4555 salutem
2779 4540 2796 4567 ,
2825 4513 2947 4569 quae
2974 4507 3059 4554 est
3103 4499 3156 4553 in
3208 4499 3481 4568 simplici-

1831 4582 2045 4657 Dtate,
2083 4601 2138 4646 et
2188 4591 2438 4648 moribus
2486 4592 2715 4648 minime
2767 4591 2996 4658 dolosis,
3032 4604 3097 4646 ac
3153 4589 3486 4661 iniuriarum

1907 4682 2204 4740 oblivione.

1975 4794 2038 4851 S.
2088 4795 2362 4867 Chrysosf.
2400 4795 2545 4852 Nihil
2592 4806 2680 4854 est
2724 4807 2832 4853 tam
2868 4799 2979 4855 Deo
3025 4807 3238 4870 gratum
3266 4842 3281 4869 ,
3311 4815 3486 4872 quam

1905 4885 2147 4956 seipsum
2177 4902 2304 4941 cum
2338 4888 2634 4957 postremis
2667 4904 2978 4945 numerare.

1972 4998 2094 5054 Non
2130 5009 2239 5054 tam
2277 5009 2612 5069 peccantem,
2647 5016 2810 5070 quam
2848 5013 2993 5058 recte
3022 5003 3336 5073 facientem,
3379 5007 3480 5062 de-

1903 5100 1989 5148 cet
2019 5092 2239 5147 modum
2263 5106 2488 5148 servare
2521 5104 2575 5147 et
2597 5094 3049 5151 mediocritatem.

1973 5204 2241 5260 Modestis
2276 5213 2382 5274 est,
2433 5204 2648 5260 fortiter
2695 5205 2855 5262 factis
2903 5217 2958 5263 et
2987 5209 3154 5282 228
3181 5211 3480 5269 virtutibus

1901 5295 2176 5353 excelsum
2214 5298 2401 5353 animo
2429 5296 2672 5366 seipsum
2697 5298 2952 5368 dejicere.

1973 5409 2144 5465 Nemo
2175 5411 2361 5465 credat
2403 5409 2592 5464 labore
2624 5426 2848 5476 carere,
2890 5423 2985 5466 aut
3018 5413 3176 5468 facile
3221 5420 3473 5484 praestari

1899 5517 2064 5574 posse
2092 5502 2372 5558 modestia:
2393 5511 2448 5556 et
2476 5503 2801 5560 humilitatis
2823 5505 3080 5559 oﬂicium.
3113 5506 3359 5561 lunatum
3388 5517 3474 5564 est

1900 5594 2046 5651 enim
2081 5594 2353 5664 superbiae
2382 5595 2574 5650 vitium
2598 5596 2853 5651 omnibus
2873 5597 2985 5651 lere
3009 5605 3199 5652 natura
3230 5599 3474 5658 humana

1902 5685 2235 5741 constitutis.
2273 5687 2458 5752 Quare
2500 5686 2601 5743 hoc
2641 5702 2705 5743 ex
2738 5687 2997 5744 omnibus
3031 5690 3256 5748 virtutis
3287 5692 3474 5764 operi-

1901 5776 2004 5832 bus
2037 5775 2414 5832 difﬁcillimum
2434 5787 2517 5834 cst
