3964 6554
258 408 392 475 118.3

979 410 1140 473 LOCI
1189 411 1619 475 COMMUNES.
1651 438 1722 450 --
1746 413 1940 477 PARS
1978 416 2062 477 II.
2098 415 2353 478 SERMO
2380 416 2606 483 LXXV.

3368 413 3504 479 ll86

319 521 411 573 Δεῖ
439 518 549 573 τῶν
571 521 707 575 νέων
734 519 1148 592 ἐκπνευματοῦν
1179 524 1238 574 τδ
1264 522 1454 593 οἴημα,
1484 524 1581 576 καὶ
1606 523 1697 577 τὸν
1725 525 1790 579 τῦ
1814 560 1819 565 ε

1999 523 2574 584 Pfatonis.Exhanrire
2603 538 2818 599 oportet
2883 546 2946 586 ex
2975 531 3176 587 animis
3227 533 3495 602 jttvcnutn

246 631 366 684 φον,
400 612 478 677 ὡς
506 613 617 667 τῶν
647 612 833 667 ἀσκῶν
861 612 954 667 τὸν
980 614 1117 686 ἀέρα
1150 617 1273 679 τοὺς
1327 615 1537 685 έκχέειν
1586 632 1640 668 τι
1698 616 1824 686 βου-

246 704 506 775 λομένους
563 705 1033 776 χρήσιμον·είδὲ
1079 704 1463 777 μὴ,γέμοντες
1513 706 1679 776 δγκου
1728 707 1826 761 καὶ

246 799 589 869 φυσήματος,
620 797 683 850 ού
718 796 1130 869 προσδέχονται.

314 888 455 952 Τοὺς
491 887 592 958 μὲν
625 886 829 952 ἀσκοὺς
883 889 945 941 τὸ
999 887 1222 959 πνεῦμα
1276 886 1539 961 διίστησι,
1587 890 1714 955 τοὺς
1764 889 1826 945 δι

244 981 511 1050 ἀνοήτους
546 978 873 1051 ἀνθρώπους
903 978 965 1034 τὸ
994 978 1186 1052 οἴημα.

324 1070 387 1125 ὐ
440 1070 630 1141 τῦφος,
647 1069 846 1142 ’ὥσπερ
879 1070 1105 1143 ποιμὴν,
1132 1065 1193 1125 οὒ
1227 1070 1369 1126 ϐέλει
1418 1070 1544 1136 τοὺς
1580 1070 1825 1137 πολλοὺς

243 1164 391 1234 ἀγει.
1706 1166 1719 1179 ’

326 1256 677 1328 Ἀλέξανδρος
706 1260 939 1328 νοσήσας
988 1257 1211 1329 μακρὰν
1261 1258 1438 1325 νόσον,
1473 1259 1550 1323 ὡς
1580 1259 1825 1334 ἀνέρρω-

244 1366 360 1414 σεν,
414 1350 566 1403 οὐδὲν
610 1349 715 1419 έφη
773 1347 1089 1421 διατεθῆναι
1142 1352 1342 1421 χεῖρον’
1374 1350 1659 1421 ὑπέμνησε
1708 1352 1821 1424 γὰρ

240 1443 392 1513 ἡμᾶς
427 1444 460 1512 ἡ
486 1444 638 1507 νόσος
668 1441 747 1513 μὴ
778 1441 922 1513 μέγα
951 1444 1170 1513 φρονεῖν
1203 1441 1435 1515 θνητοὺς
1460 1442 1643 1507 ϐντας.
1682 1508 1689 1520 1

320 1623 453 1680 Ἐὰν
489 1625 604 1699 ἴδῃς
633 1626 869 1699 πονηρὸν
900 1627 979 1691 είς
1026 1626 1161 1698 ὕψος
1192 1627 1501 1697 αἰρόμενον,

308 1718 566 1790 Λαμπρῷ
595 1736 655 1772 τε
688 1718 902 1789 πλούτῳ
935 1720 1027 1772 καὶ
1060 1718 1197 1791 τύχῃ
1228 1717 1629 1789 γαυρούμενον,

323 1811 533 1881 Ὀφρύν
563 1829 623 1864 τε
687 1811 873 1881 μεῖζον
903 1812 1001 1879 τῆς
1028 1813 1201 1882 τύχης
1231 1810 1526 1882 ἐπαίροντα
1551 1826 1565 1841 ο

309 1900 520 1955 Τούτου
550 1902 736 1971 τάχιον
775 1900 1077 1973 μεταϐολὴν
1106 1900 1405 1971 προσδόκα,

319 1992 642 2064 Ἐπαξρεται
669 1993 777 2064 γὰρ
804 1993 1006 2062 μεῖξον,
1043 1991 1131 2048 ἴνα
1161 1996 1254 2047 καὶ
1288 1991 1473 2062 μεῖξον
1500 1993 1673 2066 πέσῃ.

306 2080 379 2137 Ὠ
429 2085 758 2155 τρισάθλιοι,
785 2083 984 2147 πάντες
1021 2082 1072 2137 οἱ
1114 2083 1394 2152 φυσῶντες
1451 2085 1663 2149 ἑαυτοῖς
1720 2099 1815 2155 με-

234 2174 384 2244 γάλα
409 2176 424 2231 ι

303 2267 478 2323 Αὐτοὶ
504 2268 613 2338 γὰρ
637 2266 738 2321 οὐκ
769 2266 951 2322 ίσασιν
986 2266 1277 2339 ἀνθρώπου
1307 2267 1491 2339 φύσιν.

322 2359 703 2435 Ἀριστοτέλης
726 2358 1065 2430 θεασάμενος
1087 2359 1369 2413 νεανίσκον
1397 2361 1815 2432 κατωφρυωμέ-

231 2473 353 2524 νον,
387 2454 553 2526 μηδὲν
582 2453 640 2507 δὲ
665 2451 1053 2522 ἐπιστάμενον,
1087 2450 1382 2519 Νεανίσκε,
1427 2450 1555 2522 ἔφη,
1580 2447 1690 2515 οἶός
1722 2470 1812 2524 μοι

226 2551 415 2613 δοκεῖς
456 2548 619 2611 αὐτὸς
666 2542 828 2612 εἶναι,
862 2545 974 2614 ἐγὼ
1014 2540 1279 2614 γενοίμην
1301 2559 1316 2574 ⁸
1352 2537 1464 2608 οἷος
1498 2543 1555 2597 δὲ
1587 2545 1655 2615 τῇ
1677 2544 1814 2615 ἀλη-

229 2643 364 2715 θείᾳ
393 2641 679 2712 ὑπάρχεις,
713 2637 952 2693 τοιοῦτοί
987 2655 1077 2707 μοι
1103 2637 1155 2691 0i
1190 2636 1379 2709 ἐχθροὶ
1400 2637 1665 2704 γένοιντο.

316 2817 383 2873 Ὀ
432 2816 593 2880 αὐτὸς
645 2814 988 2886 κατανοήσας
1036 2812 1322 2884 μειράκιον
1358 2812 1452 2865 ἐπὶ
1488 2811 1816 2884 πολυτελείᾳ

225 2914 335 2981 τῆς
365 2908 635 2981 χλαμύδος
659 2909 1079 2978 σεμνυνόμενον,
1104 2904 1179 2958 Οὐ
1214 2902 1439 2971 παύσει,
1460 2902 1586 2977 ἔφη,
1616 2903 1813 2975 μειρά-

228 3022 378 3070 κιον,
400 3000 795 3073 ιπὶπροϐἀτου
829 2999 964 3070 δορᾷ
990 2996 1421 3068 σεμνυνόμενοςς

835 3091 1056 3146 ΛΟΓΟΣ
1092 3089 1216 3147 OE'.

758 3184 900 3252 Περὶ
939 3183 1287 3253 φιλαυτίας.

314 3281 380 3337 '0
408 3279 581 3350 φιλῶν
613 3278 713 3350 τὴν
745 3276 925 3348 ψυχὴν
956 3276 1123 3331 αὑτοῦ
1175 3274 1437 3329 ἀπολέσει
1484 3274 1654 3345 αὐτήν
1680 3287 1696 3304 ’
1720 3274 1816 3327 καὶ

224 3374 255 3427 0
288 3374 473 3445 μισῶν
499 3372 670 3442 αὐτὴν
698 3371 757 3423 έν
781 3369 860 3442 τῷ
889 3368 1082 3439 κόσμῳ
1106 3366 1283 3437 τούτῳ
1306 3368 1386 3430 είς
1420 3366 1566 3436 ζωὴν
1593 3364 1817 3420 αἰώνιον

227 3464 467 3537 φυλάξει
496 3464 691 3533 αὐτήν.
1780 3536 1781 3539 η

308 3558 424 3628 οὐχ
478 3557 506 3610 0
552 3554 747 3609 ἑαυτὸν
802 3552 1088 3620 συνιστῶν,
1137 3554 1343 3619 ἐκεῖνός
1401 3554 1519 3607 ἐστι
1569 3551 1814 3625 δόκιμος,

225 3648 353 3708 ἀλλ’
382 3652 443 3705 δν
472 3653 501 3704 0
536 3649 740 3719 Κύριος
774 3647 1108 3718 συνίστησιν.

308 3746 374 3801 Οί
406 3746 600 3807 πάντες
622 3743 691 3796 τὰ
715 3740 925 3796 ἑαυτῶν
954 3737 1226 3810 ζητοῦσιν,
1254 3739 1314 3792 οὐ
1340 3738 1409 3794 τὰ
1432 3737 1525 3793 τοῦ
1554 3737 1816 3811 Χριστοῦ.

314 3929 435 3990 Πᾶς
462 3926 603 3997 ἀνὴρ
636 3923 886 3996 φαίνεται
921 3922 1101 3994 ἑαυτῷ
1131 3921 1360 3987 δίκαιος·
1398 3920 1719 3978 κατευθύνει
1754 3920 1814 3976 δι

227 4019 470 4091 καρδίας
500 4016 730 4088 Κύριος.
846 4038 851 4041 -

322 4131 754 4204 Ἐγκωμιαζέτω
782 4148 841 4185 σε
883 4132 911 4184 0
938 4128 1133 4194 πέλας,
1164 4129 1260 4184 καὶ
1293 4127 1371 4201 μὴ
1403 4127 1463 4183 τὸ
1491 4127 1583 4183 σὸν
1613 4127 1812 4198 στόμα,

224 4228 515 4297 ἀλλότρια,
550 4229 644 4277 καὶ
675 4223 751 4294 μὴ
776 4223 845 4278 τὰ
869 4223 939 4278 σά
968 4220 1145 4293 χείλη.

308 4338 519 4401 Πάντες
569 4335 673 4407 μὲν
702 4334 945 4399 εὐσεϐεῖς
976 4332 1036 4399 ἐξ
1077 4333 1199 4398 Mc
1240 4331 1338 4387 τοῦ
1375 4330 1812 4402 καταγινώσκειν

226 4433 485 4503 ἀλλήλων
512 4429 787 4483 ἀσέϐειαν*
832 4428 867 4500 ἢ
918 4426 1030 4481 τῶν
1083 4427 1183 4496 μιν
1216 4424 1364 4480 ίδίων
1397 4426 1561 4498 πρᾶοι
1600 4423 1812 4496 κριταὶ,

225 4525 347 4579 τῶν
368 4523 425 4575 δὲ
456 4516 752 4592 ἀλλοτρίων
781 4518 1035 4592 ἀκριϐεῖς
1064 4516 1378 4585 ἐξετασταί.

307 4725 566 4795 Συνῶμεν
590 4720 845 4793 ἀλλήλοις
884 4718 1292 4791 πνευματικῶς,
1331 4717 1619 4791 γενώμεθα
1652 4698 1808 4791 φιλά-

222 4818 418 4888 δελφοι
447 4815 649 4888 μᾶλλον
682 4812 716 4885 ἢ
746 4811 1018 4881 φίλαυτοι.

316 4932 379 4984 '0
410 4930 486 5000 μὴ
546 4925 985 4995 καταδεχόμενος
1044 4922 1145 4994 τὴν
1211 4925 1364 4993 παρά
1424 4922 1519 4978 τοῦ
1578 4923 1812 4994 ἀδελφοῦ

1929 614 2121 671 falsam
2155 618 2467 689 opinionem
2498 628 2552 674 et
2594 620 2817 687 fastum,
2853 622 2995 677 sicut
3028 638 3207 678 aerem
3252 639 3319 679 ex
3358 625 3503 678 utri-

1927 706 2028 762 bus
2056 708 2187 763 utile
2215 707 2494 781 quippiam
2523 710 2757 768 infusuri
2793 721 3066 785 exsugunt
3096 731 3111 770 :
3141 729 3301 771 secus
3358 717 3506 772 enim

1930 798 2210 857 inﬂatione
2246 810 2300 858 et
2328 802 2521 870 spiritu
2549 811 2829 875 turgentes
2862 805 2998 860 nihil
3037 805 3358 861 admittunt.

1996 891 2257 947 Socratis.
2302 891 2467 951 Utres
2517 909 2613 952 aer
2672 895 2960 965 distendit,
3008 896 3259 953 homines
3322 906 3503 952 autem

1924 983 2121 1041 stultos
2139 985 2345 1057 Opinio.

1926 1164 1958 1220 ὁ
2002 1074 2270 1147 Diogenis.
2306 1076 2504 1137 Fastus
2541 1078 2705 1139 sicuti
2751 1088 2960 1155 pastor,
2981 1096 3094 1154 quo
3131 1082 3259 1138 libet
3306 1082 3510 1137 multos

1965 1164 2100 1220 ucit.

1965 1164 2100 1221 ucit.

1997 1256 2153 1313 Alex.
2178 1260 2485 1318 Alexander
2525 1263 2786 1319 diuturno
2840 1264 3033 1321 morbo
3096 1262 3411 1326 alliietatus.
3444 1272 3507 1318 ut

1927 1351 2225 1419 convaluit,
2251 1356 2474 1425 negavit
2518 1370 2578 1411 se
2634 1356 2790 1426 pejus
2819 1370 2940 1411 esse
2992 1354 3285 1421 affectum,-
3323 1355 3511 1410 admo-

1926 1451 2022 1497 net
2057 1444 2202 1499 enim
2260 1461 2360 1503 nos
2414 1448 2705 1519 :rgritudn,
2748 1448 3005 1504 mortales
3048 1463 3172 1503 cum
3215 1449 3409 1514 simus,
3442 1462 3510 1503 ne

1926 1535 2216 1606 magnifice
2254 1539 2319 1594 de
2350 1541 2509 1597 nobis
2540 1541 2866 1597 sentiamus.

1926 1627 1985 1685 Si
2016 1631 2218 1689 videris
2272 1634 2580 1705 improbum
2638 1636 2689 1691 in
2727 1636 2897 1691 altum
2948 1637 3176 1709 gradum
3229 1643 3508 1702 evectum,

1925 1721 2242 1794 Magnisqtte
2304 1726 2500 1797 opibus
2530 1718 2828 1784 etfortuna
2885 1731 3267 1796 exsultantem,

1926 1813 2337 1889 Supcrciliaque
2369 1834 2532 1889 supra
2575 1819 2846 1876 fortunam
2886 1822 3238 1877 extollentem
3262 1862 3281 1891 ,

1943 1867 1955 1869 _
1990 1867 2087 1886 τ--
2111 1867 2335 1889 _-___1_-
2369 1867 2532 1889 --τη
2890 1867 3162 1877 -_.....-....

1847 1867 1892 1926 Β
1922 1904 2056 1976 Ejus
2096 1908 2437 1966 celerrimam
2466 1921 2721 1980 exspecta
2756 1914 3111 1970 mutationem
3146 1934 3162 1982 ;

1925 1993 2161 2051 Tollitur
2192 1998 2338 2053 enim
2365 2000 2645 2067 altissime,
2673 2010 2732 2057 ut
2765 2003 2960 2073 majori
2995 2020 3123 2058 casu
3155 2014 3296 2060 ruat.

1988 2084 2294 2142 Menandri.
2330 2086 2374 2144 0
2422 2098 2505 2146 ter
2554 2091 2763 2158 miseri,
2823 2103 3088 2166 quotquot
3130 2093 3340 2164 magnis
3373 2099 3506 2149 sunt

1917 2176 2087 2233 inﬂati
2122 2182 2286 2236 rebus
2308 2183 2320 2237 l

1986 2269 2093 2339 Ipsi
2162 2273 2304 2326 enim
2342 2273 2580 2330 hominis
2633 2284 2884 2331 naturam
2921 2291 3027 2331 non
3066 2284 3290 2333 norunt.

1986 2363 2149 2417 Arist.
2170 2363 2485 2421 Aristoteles
2502 2367 2964 2424 adolescentulum
3001 2369 3303 2440 superciliis
3318 2368 3504 2427 subla-

1918 2452 1988 2510 tis
2012 2457 2413 2525 superbientem
2433 2460 2805 2532 conspicalus,
2827 2463 2921 2518 sed
2947 2463 3094 2517 nulla
3120 2463 3344 2518 scientia
3365 2478 3503 2534 prae-

1914 2544 2092 2600 ditum
2129 2545 2615 2612 :Adolescentule.
2639 2551 2837 2622 inquit,
2872 2554 3077 2607 utinam
3136 2554 3258 2608 talis
3303 2568 3502 2622 essent,

1914 2635 2095 2706 qualis
2125 2636 2242 2708 ipse
2285 2639 2379 2695 tibi
2420 2640 2645 2708 videris,
2689 2642 2871 2714 qualis
2923 2650 3105 2699 autem
3162 2657 3350 2701 revera
3417 2659 3502 2710 es,

1915 2727 2050 2784 tales
2080 2727 2211 2783 fiant
2243 2730 2433 2786 hostes
2474 2731 2605 2787 mei.

1983 2817 2132 2873 Idem
2172 2836 2295 2876 cum
2349 2823 2822 2879 animadvertisset
2846 2833 3167 2894 sumptuosa
3217 2823 3504 2895 chlamyde

1914 2908 2381 2967 adolescentulum
2413 2928 2472 2970 se
2505 2914 2841 2984 iactantem:
2878 2915 2992 2969 Non
3019 2916 3264 2980 desines,
3292 2917 3498 2988 inquit,

1914 3001 2334 3067 adolescentule,
2365 3006 2482 3060 ovis
2518 3008 2653 3075 pelle
2679 3007 2897 3077 gloriari
2924 3006 2949 3061 i

2192 3097 2353 3168 232
2384 3096 2619 3155 SERMO
2646 3097 2837 3154 LXXV
2880 3098 2977 3171 [αι.
3009 3098 3278 3175 LXXXI].

2484 3190 2562 3245 De
2592 3208 2773 3246 amore
2799 3195 2886 3246 sui
2907 3231 2922 3248 .

1992 3281 2156 3338 Joau.
2183 3298 2282 3338 xu.
2318 3281 2421 3350 Qui
2460 3292 2607 3338 amat
2646 3283 2887 3338 animam
2914 3299 3098 3350 suam,
3126 3286 3315 3357 perdet
3339 3299 3498 3343 eam:

1920 3380 1974 3427 et
1997 3372 2092 3443 qui
2131 3373 2248 3427 odit
2279 3388 2398 3427 eam
2436 3373 2490 3427 in
2533 3374 2639 3428 hoc
2669 3372 2877 3429 mundo
2902 3414 2919 3442 ,
2974 3375 3029 3430 in
3080 3377 3247 3431 vitam
3297 3378 3498 3449 sculpi-

1919 3474 2129 3520 teruam
2163 3463 2436 3519 custodiet
2464 3480 2611 3521 eam.

1991 3555 2053 3611 11
2089 3542 2217 3614 σοι’.
2249 3573 2302 3611 x.
2334 3557 2454 3612 Non
2487 3559 2583 3629 qui
2632 3558 2813 3630 seipse
2839 3559 3213 3629 commendat,
3246 3562 3333 3619 hic
3370 3576 3498 3634 pro-

1919 3647 2087 3706 batus
2112 3660 2222 3717 est,
2254 3648 2351 3705 sed
2387 3666 2553 3721 quem
2583 3652 2727 3708 Deus
2756 3654 3104 3710 commendat

1986 3739 2191 3798 Omnes
2242 3755 2364 3814 quae
2391 3756 2492 3800 sua
2551 3753 2681 3802 sunt
2728 3754 3000 3817 quarunt,
3051 3761 3158 3805 non
3203 3762 3327 3822 qua
3371 3756 3500 3809 sunt

1892 3896 1897 3899 ,
1917 3830 2147 3890 Christi.

1986 3923 2262 3985 Salomon.
2315 3927 2507 3996 Quivis
2554 3926 2662 3986 sibi
2719 3929 2936 3987 videtur
2982 3928 3192 4001 justus,
3242 3930 3340 3989 sed
3398 3944 3498 3989 cor

1916 4009 2183 4068 Dominus
2211 4014 2425 4089 dirigit.

1987 4120 2255 4193 Theologt'.
2275 4108 2482 4179 Laudat
2516 4134 2567 4181 te
2592 4127 2900 4196 proximus,
2926 4144 3035 4186 non
3063 4145 3126 4187 os
3155 4140 3329 4197 tuum,
3353 4130 3496 4188 labia

1914 4212 2089 4269 aliena
2104 4255 2120 4283 ,
2161 4229 2270 4270 non
2307 4223 2417 4269 tua.

1984 4324 2188 4382 Omnes
2232 4326 2490 4384 videntur
2530 4327 2610 4399 pii
2659 4329 2715 4384 in
2771 4329 2877 4386 hoc
2904 4345 3038 4399 uno,
3081 4332 3497 4392 condemnanda

1916 4417 2175 4476 videlicet
2220 4420 2313 4475 alii
2345 4420 2482 4477 alios
2511 4421 2850 4492 impietatis:
2882 4438 3112 4479 suorum
3142 4435 3493 4495 peccatorum

1841 4552 1885 4611 υ
1918 4524 2110 4582 parum
2161 4514 2337 4569 severi
2383 4512 2618 4583 iudices,
2648 4514 2953 4572 alienorum
3008 4525 3190 4572 autem
3243 4521 3490 4578 accurati

1912 4605 2339 4661 examinatores.

1981 4718 2381 4773 Conversemur
2403 4718 2495 4774 alii
2534 4719 2658 4776 aliis
2692 4721 3069 4792 spiritualiter,
3098 4732 3151 4781 et
3182 4721 3355 4780 simus
3385 4721 3496 4781 fra-

1910 4818 2057 4867 trum
2089 4811 2265 4881 magis
2294 4826 2460 4882 quam
2491 4813 2664 4869 nostri
2691 4822 2968 4870 amantes.

1985 4926 2046 4982 S.
2075 4924 2348 4997 Cltrysost.
2376 4926 2478 4992 Qui
2534 4941 2643 4983 non
2684 4926 2870 4983 fratris
2916 4929 3242 4996 obsequium
3298 4930 3494 5001 accipit

226 5021 537 5095 θεραπείαν
567 5017 992 5090 προσαγομένην
1023 5014 1173 5085 αὐτῷ
1205 5016 1536 5085 ἁσύμφωνός
1567 5018 1684 5070 ἐστι
1712 5020 1809 5069 καὶ

1958 5020 2063 5075 uod
2088 5019 2176 5073 ille
2202 5018 2377 5086 oll‘ert,
2404 5033 2587 5074 secum
2622 5019 2737 5090 ipse
2759 5020 3031 5079 dissentit.
3052 5018 3221 5077 Nemo
3261 5023 3492 5091 amicus,

226 5119 398 5177 αὑτὶς
419 5114 616 5186 ἑαυτῷ.
640 5112 831 5174 Οὐδεὶς
856 5110 1029 5180 φίλος,
1050 5109 1225 5172 οὐδεὶς
1246 5108 1492 5179 ἀδελφός’
1514 5112 1582 5163 τὰ
1604 5110 1815 5165 ἑαυτῶν

1955 5127 2081 5167 emo
2098 5110 2288 5175 frater,
2315 5111 2433 5165 suis
2456 5109 2691 5180 quisque
2721 5113 2890 5166 servit
2912 5112 3239 5180 commodis,
3258 5114 3491 5181 ideoque

229 5212 550 5280 σκοποῦμεν
577 5208 831 5270 ἕκαστος,
862 5204 953 5257 διὰ
989 5201 1151 5255 τοῦτο
1186 5203 1280 5255 καὶ
1312 5203 1381 5255 τὰ
1415 5203 1625 5255 ἑαυτῶν
1660 5202 1815 5255 κολο-

1955 5218 2016 5258 ua
2047 5204 2282 5274 quisque
2309 5201 2547 5256 minuit:
2573 5212 2627 5256 et
2668 5202 2871 5257 infirmi
2923 5215 2971 5259 et
3000 5204 3270 5261 debellato
3306 5204 3493 5258 futiles

226 5305 461 5376 ϐοὖμενο
519 5302 616 5357 καὶ
677 5299 954 5363 ἀσθενεῖς,
1018 5298 1115 5352 καὶ¹
1178 5296 1648 5363 εύκαταγών.στοι
1720 5296 1816 5349 καὶ

1955 5311 2027 5350 tm
2062 5294 2401 5361 hominibus,
2433 5303 2549 5349 tum
2572 5288 2796 5350 diabolo
2820 5310 3033 5362 sumus,
3058 5297 3201 5369 quod
3239 5294 3330 5350 alii
3350 5295 3490 5350 alios

225 5393 546 5464 ἀνθρώποις
588 5392 685 5446 καὶ
729 5388 964 5459 διαϐόλῳ
990 5386 1160 5453 ὲσμὲν
1189 5388 1256 5441 ὲκ
1288 5386 1382 5441 τοῦ
1436 5386 1512 5458 μὴ
1552 5386 1818 5442 συνασπί-

1959 5402 2027 5442 οη
2052 5385 2412 5442 delendimus.
2442 5384 2576 5441 Nam
2609 5388 2772 5447 etiam
2806 5387 2861 5443 in
2894 5405 3070 5459 pugna
3098 5398 3151 5444 et
3192 5387 3308 5443 acie
3336 5388 3494 5442 miles

226 5488 350 5553 ζειν
383 5472 654 5555 ἀλλήλοις.
697 5482 809 5537 Καὶ
834 5481 943 5552 γὰρ
974 5482 1032 5534 ὲν
1068 5478 1293 5551 πολέμῳ
1318 5481 1413 5534 καὶ
1442 5480 1749 5553 παρατάξει
1779 5482 1809 5534 0

1955 5480 2006 5535 ui
2046 5495 2197 5536 suam
2233 5480 2405 5537 solius
2446 5480 2685 5535 salutem
2742 5480 2796 5535 in
2847 5482 3031 5536 animo
3081 5482 3241 5536 habet
3275 5480 3489 5536 caeteris

229 5578 373 5649 πρὸς
412 5574 573 5629 τοῦτο
608 5573 770 5644 μόνον
817 5572 962 5645 ὁρῶν
1007 5572 1368 5642 στρατιώτης,
1420 5572 1567 5636 ὅπως
1617 5572 1811 5627 ἑαυτὸν

1961 5587 2138 5643 uoque
2164 5572 2397 5643 proripit
2443 5579 2497 5628 et
2542 5572 2737 5643 perdit.
2771 5571 2813 5625 E
2836 5581 3025 5628 contra
3052 5573 3135 5630 vir
3168 5572 3322 5628 fortis
3348 5583 3403 5629 et
3433 5585 3494 5631 se

234 5668 479 5741 διασώσῃ
507 5665 720 5736 φυγὼν,
746 5664 844 5719 καὶ
868 5664 997 5728 τοὺς
1026 5663 1225 5728 ἀλλους
1261 5663 1383 5734 μεθ’
1418 5662 1611 5717 ἑαυτοῦ
1639 5680 1811 5735 προσο

1955 5674 1974 5721 ι
2007 5665 2146 5722 alios
2166 5662 2371 5720 servat.

236 5768 552 5823 ,ιπόλλυσινο
596 5763 785 5836 ὤσπερ
864 5758 959 5820 οὖν
1008 5764 1038 5819 0
1088 5764 1361 5835 γενναῖος,
1430 5763 1526 5821 καὶ
1569 5764 1712 5837 ὑπὲρ
1763 5764 1876 5820 τῶν
1910 5763 2088 5820 ἀλλων
2134 5765 2204 5821 τὰ
2261 5761 2405 5847 ὅπλα
2459 5762 2763 5838 τιθέμενος,
2807 5761 2957 5835 μετά
3010 5760 3119 5820 τῶν
3168 5761 3345 5820 ἄλλων
3373 5762 3494 5843 ,καὶ

243 5878 332 5916 satu
341 5860 427 5915 τὸν
460 5855 738 5922 διασώζει.
