3964 6550
502 366 645 435 1191

1762 355 2082 443 ΛΝΤΟΝΙΙ
2110 355 2457 418 MELISSAE

3616 344 3743 420 1192

504 477 572 534 ad
627 477 681 532 id
729 475 1035 531 faciendum
1118 476 1359 544 spatium
1405 485 1514 526 non
1567 468 1817 530 haberet,
1860 476 2086 538 propter

2220 471 2344 523 οῦτο
2372 469 2563 535 ποιεῖν,
2585 468 2672 522 διὰ
2703 467 2763 523 τδ
2791 466 2993 539 πλῆθος
3018 465 3128 520 τῶν
3155 463 3559 536 περισπώντων
3587 483 3743 537 πραγο

504 570 912 627 multitudinem
967 566 1389 621 distralientium
1425 563 1789 633 negotiorum.

577 660 807 731 Sapiens
834 657 1071 728 quietem
1102 664 1157 711 et
1179 656 1352 712 otium
1400 652 1772 725 persequitur,
1808 658 1866 704 ut
1889 664 2073 705 rerum

501 754 810 814 divinarum
837 758 1145 821 opportune
1165 761 1389 816 compos
1416 746 1530 800 ﬁat.
1557 744 1789 815 Sapiens
1814 742 2079 813 demigrat

502 853 558 898 et
613 841 911 908 transfugit
962 856 990 895 a
1044 839 1156 894 vita
1215 835 1448 893 confusa
1519 845 1576 891 et
1637 832 1953 904 perturbata
2006 832 2077 888 ad

502 938 712 993 beatam
745 934 909 989 vitam
940 942 994 989 et
1027 930 1267 1003 paciﬁcis
1292 928 1732 985 convenientem.

576 1027 688 1083 Res
716 1026 962 1098 profecto
988 1031 1248 1080 constans
1279 1030 1333 1077 et
1368 1036 1491 1077 vera
1526 1018 1743 1076 exsistit
1770 1017 2077 1090 sapientia‘;

466 1190 471 1196 ι
508 1122 605 1191 qui
637 1129 785 1174 amat
814 1119 959 1173 illam
1005 1114 1221 1185 sapiens
1258 1112 1510 1178 exsistit;
1544 1126 1782 1182 cumque
1824 1110 1949 1166 talis
1981 1109 2074 1176 sit,

509 1221 690 1266 tamen
725 1225 827 1265 nos
858 1208 1138 1279 improbos
1194 1204 1484 1276 praeterit:
1512 1203 1715 1259 bonum
1764 1202 1908 1258 enim
1941 1200 2083 1257 male

504 1303 823 1359 comitatum
859 1315 981 1355 esse
1020 1314 1127 1355 non
1160 1297 1297 1353 vult.

576 1392 833 1447 Socratis.
871 1390 1128 1445 Socrates
1180 1388 1550 1458 interrogatus
1576 1424 1591 1451 ,
1652 1382 1747 1454 qui
1804 1383 1923 1437 sine
1960 1396 2105 1465 per-1

504 1484 819 1542 turbatione
873 1482 1119 1537 viverent
1154 1495 1169 1533 :
1224 1478 1352 1545 Qui,
1396 1476 1595 1548 inquit,
1623 1474 1760 1530 nihil
1797 1473 1903 1531 sibi
1948 1488 2085 1529 cou-

505 1574 693 1632 sciunt
731 1571 880 1626 mali.

576 1667 738 1739 235
772 1666 1056 1735 Aristippi.
1111 1664 1421 1735 Aristippus
1478 1678 1602 1719 cum
1635 1661 1859 1734 quidam
1894 1657 1945 1714 ei
1978 1655 2085 1712 ob-

500 1765 723 1835 jiceret,
760 1779 824 1818 ac
850 1765 1088 1818 diceret:
1113 1760 1344 1833 Propter
1374 1771 1426 1817 te
1453 1776 1582 1832 ager
1611 1759 1809 1833 periit;
1846 1757 1926 1812 An
1953 1769 2085 1821 non,

2186 562 2392 633 μάτων.

2241 654 2301 707 '0
2326 651 2490 721 σοφὸς
2507 650 2745 723 ἠρεμίαν
2763 651 2857 705 καὶ
2876 649 3309 722 ἀπραγμοσύνην
3326 648 3535 712 διώκει,
3554 648 3637 703 ῖνα
3654 650 3745 706 τῶν

2179 744 2339 798 θείων
2369 744 2427 797 ἐν
2456 742 2707 815 εὐκαιρίᾳ
2729 742 2985 813 ἐπιτύχῃ.
3009 741 3180 809 Exeo;
3206 740 3457 811 μέτοικος
3479 741 3571 794 καὶ
3598 757 3742 811 μετα-

2178 834 2378 905 νάστης
2411 834 2560 889 ἐστιν
2593 837 2658 889 ἐκ
2684 833 2779 888 τοῦ
2809 832 3158 904 πεφυρμένου
3208 833 3324 904 βίου
3356 836 3495 905 πρὸς
3522 835 3617 906 τὴν
3653 854 3743 908 μι-

2180 925 2381 997 καρίαν
2417 926 2511 980 καὶ
2539 925 2832 999 είρηναίοις
2859 925 3176 995 πρέπουσαν
3204 925 3374 997 ζωήν.

2260 1044 2421 1097 Ἐστι
2450 1044 2553 1114 μιν
2580 1042 2862 1114 ὗπαρκτδν
2883 1042 3123 1112 πρᾶγμα
3157 1042 3353 1112 σοφίας
3374 1056 3391 1075 ⁸
3444 1043 3560 1098 εστι
3583 1045 3635 1097 δὲ
3662 1047 3743 1101 καὶ

2182 1136 2213 1189 δ
2243 1133 2481 1205 ἐραστὴς
2525 1134 2698 1201 αὐτῆς
2749 1132 2933 1204 σοφός.
2981 1132 3264 1202 ’Υπάρχον
3304 1131 3363 1186 δέ
3403 1133 3576 1203 ὅμως,
3614 1138 3743 1205 ἡμᾶς

2182 1225 2311 1289 τοὺς
2357 1224 2597 1295 φαύλους
2661 1224 3013 1296 διελήλυθεν
3046 1223 3254 1292 ἀγαθὸν
3296 1224 3408 1296 γὰρ
3468 1225 3567 1281 οὐκ
3596 1227 3745 1282 ἐθέλει

2184 1317 2378 1381 κακοῖς
2409 1316 2535 1370 συνέ
2544 1316 2792 1387 ρχεσθαι.

2256 1408 2556 1479 Σωκράτης
2609 1408 2913 1481 ἐρωτηθεὶς
2955 1410 3102 1477 τίνες
3148 1412 3443 1483 ἀταράχως
3488 1412 3663 1481 ζῶσιν,
3690 1415 3745 1469 οι

2188 1497 2359 1571 μηδέν
2388 1498 2623 1565 ἑαυτοῖς,
2661 1492 2837 1565 εἷπεν,
2884 1499 3092 1555 ἄτοπον
3126 1500 3455 1565 συνειδότες.

2269 1655 2645 1729 Ἀρίστιππος,
2678 1655 2933 1725 λέγοντος
2960 1656 3108 1729 αὐτῷ
3132 1674 3299 1723 τινος,
3327 1658 3429 1714 Διά
3461 1658 3524 1713 σι
3557 1659 3744 1715 ἀπόλω-

2190 1748 2283 1803 λεν
2331 1750 2360 1802 ό
2412 1748 2624 1819 ἀγρὸς,
2682 1745 2920 1815 Οὐκοῦν,
2951 1747 3080 1820 ἔφη,
3134 1747 3355 1803 κάλλιον
3405 1747 3477 1803 δι’
3528 1748 3626 1819 ἐμὲ
3673 1748 3750 1803 τὸν

507 1853 706 1925 inquit,
739 1853 941 1909 melius
992 1869 1078 1909 me
1121 1862 1347 1925 propter
1390 1867 1611 1924 agrum,
1655 1865 1818 1923 quam
1868 1854 2090 1922 propter

2215 1841 2365 1913 ιγρὸν
2387 1840 2422 1911 ἢ
2451 1840 2543 1895 διὰ
2566 1838 2658 1894 τὸν
2688 1838 2857 1911 ἀγρὸν
2888 1840 2988 1911 ἐμέ
3015 1856 3032 1907 ;

507 1963 596 2003 me
622 1963 813 2017 agrum
849 1945 1070 2016 perire?

585 2040 981 2097 Demosthenes
1016 2052 1143 2093 cum
1181 2037 1409 2108 quidam
1462 2037 1671 2093 diceret
1722 2049 1847 2091 eum
1897 2046 2090 2106 agrum

508 2133 811 2203 negligere,
848 2133 1028 2203 ipsum
1081 2145 1262 2186 autem
1300 2144 1359 2185 se
1404 2145 1597 2185 curare
1630 2146 1645 2184 :
1680 2126 1755 2184 Ea
1802 2125 1973 2194 enim,
2009 2126 2097 2182 iu-

509 2226 656 2297 quit,
684 2242 820 2281 curo
848 2235 1071 2296 propter
1105 2240 1228 2295 qua:
1260 2240 1446 2295 agrum
1483 2238 1819 2294 comparatu.

585 2317 839 2375 Severini.
883 2318 1168 2375 Thaletem
1216 2320 1270 2373 in
1325 2317 1525 2372 cmlum
1575 2313 2007 2385 suspicientem.
2043 2318 2101 2367 et

512 2407 728 2478 lapsum
760 2407 811 2462 in
842 2406 1162 2464 barathrum
1194 2408 1393 2465 ancilla
1434 2406 1775 2477 conspicata,
1819 2403 2011 2460 merito
2044 2402 2100 2459 id

510 2500 587 2556 illi
615 2498 879 2555 accidisse
916 2499 1151 2569 dicebat,
1187 2501 1303 2574 qui,
1335 2515 1461 2556 cum
1491 2513 1608 2570 qua!
1638 2505 1766 2552 ante
1793 2498 1956 2567 pedes
2006 2509 2098 2552 es-

511 2601 636 2650 sent
678 2594 981 2667 ignoraret.
1013 2594 1215 2651 ciuium
1261 2592 1727 2665 contemplaretur
1779 2600 1841 2647 ut
1888 2604 2098 2663 cogno-

511 2696 717 2743 sceret.

589 2776 853 2833 Euclidis.
885 2777 1090 2835 Valens
1117 2784 1346 2850 aegrotat
1377 2776 1560 2835 omnis
1591 2776 1866 2842 curiosus,
1918 2774 2099 2833 aliena

510 2871 753 2927 sollicite
777 2888 1003 2928 curans.

584 2963 945 3019 Demonactis.
983 2962 1120 3018 Cum
1156 2961 1376 3034 quidam
1425 2961 1798 3034 exquirerent,
1823 2977 1892 3018 an
1934 2977 2097 3019 mun-

516 3054 622 3110 dus
659 3063 807 3110 esset
841 3055 1136 3118 animatus.
1175 3063 1232 3109 et
1280 3069 1496 3119 rursus,
1530 3069 1597 3109 an
1631 3054 1891 3124 globosus
1922 3071 1937 3110 :
1968 3054 2096 3121 Vos,

514 3145 697 3214 inquit
718 3145 1020 3210 Demonax,
1040 3145 1106 3200 de
1133 3145 1337 3199 mundo
1358 3144 1582 3200 solliciti
1605 3146 1762 3211 estis,
1789 3152 2096 3203 atvestram

516 3237 765 3308 ipsorum
796 3236 1197 3299 immnnditiem
1229 3249 1337 3291 non
1371 3230 1601 3294 Curatis.

843 3326 1077 3384 SERMO
1109 3326 1348 3384 LXXVII
1388 3329 1488 3402 [al.
1520 3328 1785 3403 XXXVI].

658 3420 737 3477 De
770 3421 1099 3492 negotiorum
1130 3420 1490 3483 sollicitudine
1517 3431 1568 3478 et
1597 3423 1958 3480 distractione.

586 3512 723 3569 Tota
754 3503 903 3583 impii
934 3513 1041 3569 vita
1073 3512 1127 3568 in
1163 3513 1538 3569 sollicitudine
1569 3520 1674 3570 est.

584 3602 707 3661 Job.
745 3601 845 3660 Odi
876 3604 1133 3675 equidem
1160 3605 1477 3661 universum
1506 3604 1778 3672 laborem,
1817 3619 1979 3675 quem
1998 3604 2103 3664 sub

515 3696 633 3753 sole
668 3696 934 3760 sustineo,
966 3695 1097 3767 quia
1163 3695 1417 3764 relinquo
1458 3710 1585 3752 eum
1633 3705 1757 3769 post
1802 3712 1890 3753 me
1921 3697 2102 3755 futuro

517 3786 725 3843 haeredi
762 3796 861 3842 :et
891 3785 1019 3858 quis
1074 3786 1228 3843 novit
1271 3786 1566 3859 sapiensne
1608 3802 1677 3843 an
1713 3788 1980 3860 insipiens
2011 3788 2101 3847 iu-

517 3888 677 3935 turus
705 3878 817 3934 sit?

593 3972 846 4028 Peccanti
877 3971 1029 4028 dedit
1069 3969 1366 4026 distentam
1400 3971 1736 4027 anxietatem
1779 3972 2012 4046 augendi
2047 3981 2103 4031 et

518 4065 909 4132 coacervandi,
942 4072 1005 4120 ut
1034 4064 1128 4121 det
1149 4062 1298 4120 bono
1322 4062 1379 4119 in
1412 4071 1711 4132 conspectu
1741 4061 1859 4121 Dei.

599 4236 764 4294 Eccli.
796 4255 867 4295 iv.
901 4238 1029 4307 Fili,
1060 4239 1146 4296 {ac
1177 4254 1246 4296 ne
1276 4239 1442 4298 variis
1479 4240 1789 4299 actionibus
1826 4240 2103 4297 distraha-

520 4328 616 4383 ris.
648 4327 705 4384 Si
736 4329 883 4384 enim
912 4339 1109 4386 auctus
1135 4329 1328 4396 fueris,
1357 4347 1463 4388 non
1517 4332 1628 4388 eris
1685 4331 1951 4390 innocens
1974 4349 1988 4386 :
2010 4332 2104 4404 qui

519 4419 765 4490 sequitur
796 4430 1097 4490 quaestum,
1136 4421 1503 4492 implicabitur
1530 4423 1742 4481 litibus.

590 4512 701 4568 Cor
738 4513 1075 4569 malitiosum
1105 4514 1429 4569 onerabitur
1459 4514 1762 4572 laboribus.

591 4601 721 4658 Luc.
755 4620 866 4659 xlv.
895 4601 1073 4659 Homo
1118 4603 1344 4675 quidam
1377 4605 1505 4661 fecit
1535 4620 1749 4662 ccenam
1797 4620 2049 4678 magnam
2078 4648 2095 4675 ,

518 4695 836 4765 multosque
888 4694 1123 4759 vocavit,
1175 4702 1230 4750 et
1275 4695 1425 4751 misit
1473 4712 1692 4753 servum
1744 4714 1905 4755 suum
1963 4699 2097 4755 hora

517 4801 716 4853 ccenae,
749 4786 840 4856 qui
885 4784 1106 4854 iuberet
1154 4786 1411 4844 invitatos
1442 4788 1649 4855 venire,
1680 4790 1826 4860 quod
1864 4790 1979 4861 jam
2009 4806 2101 4861 pa-

521 4886 637 4933 rata
667 4885 856 4933 essent
889 4878 1095 4934 omnia.
1131 4878 1198 4932 Et
1230 4888 1515 4949 coeperunt
1560 4880 1763 4950 pariter
1804 4896 1998 4938 omnes
2042 4896 2103 4937 se

518 4984 818 5037 excusare;
850 4983 914 5024 ac
944 4969 1156 5039 primus
1205 4972 1343 5026 dixit
1377 4987 1435 5027 se
1478 4987 1668 5043 agrum
1727 4974 1948 5038 eruisse,
1992 4982 2100 5031 etc.

523 5057 658 5113 Dico
689 5058 861 5125 vobis,
895 5058 1171 5114 neminem
1202 5060 1422 5115 illorum
1452 5059 1521 5118 de
1552 5075 1711 5119 caua
1756 5076 1875 5118 mea
1910 5073 2103 5133 gusta-

522 5158 729 5206 turum.
1392 5138 1399 5157 ’

595 5239 837 5311 Philipp.
872 5256 931 5295 ιι.
968 5238 1169 5297 Omnes
1205 5241 1273 5298 de
1305 5242 1420 5299 suis
1458 5244 1622 5299 rebus
1655 5244 1881 5301 solliciti
1931 5256 2102 5315 sunt,

450 5338 451 5341 “
522 5326 728 5389 non’de
752 5333 822 5389 iis
860 5348 981 5404 quae
1010 5334 1284 5404 pertinent
1316 5334 1383 5389 ad
1417 5334 1721 5391 Christum.

600 5422 662 5480 S.
689 5425 906 5481 Basilii.
926 5425 1071 5480 Fieri
1097 5440 1203 5480 non
1234 5432 1428 5495 potest.
1456 5434 1516 5481 ut
1539 5428 1781 5496 potiatur
1802 5428 2000 5499 aliquis
2027 5430 2104 5485 la-

530 5515 749 5572 boriosa
778 5532 961 5571 rerum
990 5516 1302 5570 divinarum
1334 5514 1709 5582 meditatione,
1757 5518 1900 5575 inter
1934 5520 2105 5577 animi

531 5607 919 5662 distractiones
966 5612 1022 5661 et
1092 5604 1481 5675 occupationes
1538 5622 1720 5662 rerum
1774 5607 1840 5662 ad
1900 5608 2105 5665 victum

528 5696 938 5768 pertinentium.

607 5786 679 5844 Ut
709 5787 767 5844 in
801 5787 1023 5853 speculo
1074 5802 1182 5844 nou
1229 5798 1517 5858 repurgato
1547 5790 1695 5848 cerui
1732 5807 1840 5847 non
1876 5803 2103 5861 possunt

2267 2016 2649 2089 Δημοσθένης,
2677 2015 2931 2086 λέγοντος
2969 2015 3119 2088 αὐτῷ
3146 2032 3312 2083 τινος,
3341 2017 3425 2071 δτι
3469 2015 3576 2073 Τοῦ
3602 2017 3752 2089 ἀγροῦ

2196 2106 2444 2179 ἀμελεῖς,
2489 2104 2668 2176 ἐαυτῷ
2712 2106 2771 2161 δέ
2820 2106 3125 2178 σχολάζεις,
3187 2107 3413 2163 τούτων
3470 2109 3596 2180 γὰρ,
3640 2108 3751 2181 ἔφη,

2198 2196 2590 2269 ἐπιμελοῦμαι,
2616 2197 2686 2252 δι’
2710 2194 2788 2254 ὧν
2818 2201 2914 2253 καὶ
2941 2200 3034 2255 τὸν
3064 2199 3237 2270 ἀγρὸν
3264 2200 3601 2270 ἐκτησάμην.

2264 2287 2447 2359 Θάλην
2471 2289 2554 2352 είς
2583 2288 2674 2342 τὸν
2703 2288 2934 2359 οὐρανὸν
2961 2288 3175 2361 δρῶντα
3205 2290 3303 2344 καὶ
3357 2290 3657 2358 ἐμπεσόντα
3678 2291 3749 2355 είς

2201 2377 2480 2451 βάραθρον
2509 2377 2820 2451 θεράπαινα
2846 2377 3156 2452 θεωροῦσα,
3191 2380 3380 2435 δίκαια
3422 2380 3607 2435 παθεῖν
3629 2382 3752 2452 ἔφη,

2200 2471 2261 2537 δς
2288 2473 2357 2526 τά
2398 2472 2553 2542 παρὰ
2588 2474 2750 2528 ποσὶν
2783 2472 3020 2543 ἀγνοῶν,
3060 2474 3129 2528 τὰ
3172 2474 3233 2528 ἐν
3276 2472 3494 2545 οὐρανῷ
3534 2474 3752 2530 ἐσκόπει.

2283 2780 2582 2853 ’Υγιαίνων
2636 2781 2786 2837 νοσεῖ
2817 2781 2927 2847 πᾶς
2980 2780 3297 2853 περίεργος,
3346 2784 3377 2834 ό
3419 2782 3490 2836 τὰ
3526 2780 3760 2851 ἀλλότρια

2200 2872 2701 2944 πολυπραγμονῶν.

2276 2966 2489 3021 ’Δλλων
2536 2964 2903 3031 ἐξεταζόντων
2953 2965 3005 3020 εί
3045 2965 3076 3020 ό
3122 2966 3330 3032 κόσμος
3374 2964 3631 3038 ἐμψυχος,
3675 2969 3759 3021 καὶ

2202 3057 2360 3124 αὖθις
2405 3059 2457 3113 εί
2504 3058 2874 3130 σφαιροειδὴς,
2918 3058 3132 3128 Ὑμεῖς,
3167 3053 3291 3114 εῖπε
3324 3059 3611 3127 Δημῶναξ,
3646 3058 3763 3128 περὶ

2121 3193 2168 3259 C
2204 3152 2306 3221 μέν
2361 3151 2457 3207 τοῦ
2505 3153 2717 3222 κόσμου
2762 3152 3278 3224 πολυπραγμονεῖτε
3306 3154 3344 3219 ,Ἴ
3371 3153 3504 3224 περὶ
3562 3152 3645 3237 δέή
3672 3152 3763 3223 τῆς

2198 3244 2410 3302 ἑαυτῶν
2436 3246 2709 3318 ἀκοσμίας
2728 3247 2792 3301 οὐ
2820 3246 3163 3319 φροντίζετε.

2800 3338 3027 3394 ΛΟΓΟΣ
3060 3336 3182 3395 OZ'.

2200 3429 2344 3498 Περὶ
2406 3428 2689 3500 συνοχῆς
2742 3430 3103 3501 πραγμάτων
3172 3430 3275 3486 καὶ
3331 3427 3761 3502 περισκασμοῦ.

2270 3520 2387 3586 Πᾶς
2415 3523 2444 3577 ό
2466 3521 2582 3593 βίος
2614 3521 2850 3588 ἀσεϐοῦς
2873 3523 2932 3577 ἐν
2960 3522 3225 3595 φροντίδι.

2286 3613 2559 3684 Ἐμίσησα
2611 3613 2725 3683 ἐγὼ
2786 3615 3083 3686 σύμπαντα
3142 3614 3343 3687 μόχθον
3392 3632 3522 3686 μου,
3567 3614 3623 3670 δν
3664 3613 3761 3684 ἐγὼ

2205 3703 2394 3774 μοχθῶ
2425 3704 2531 3759 ὑπὸ
2573 3704 2669 3760 τὸν
2696 3704 2885 3777 ἣλιονο
2935 3705 3023 3761 ὅτι
3054 3705 3261 3778 ἀφίημι
3294 3706 3463 3762 αὐτὸν
3507 3706 3762 3779 ἀνθρώπῳ

2205 3793 2285 3865 τῷ
2322 3792 2442 3866 μετ’
2472 3795 2575 3867 ἐμὲ
2595 3811 2609 3828 ·
2638 3799 2734 3852 καὶ
2756 3796 2844 3862 τίς
2872 3792 3014 3853 εῖδεν
3041 3798 3091 3853 εί
3119 3799 3285 3871 copo;
3310 3799 3525 3871 ισταιῆ
3558 3801 3761 3873 ἄφρωνς

2278 3972 2372 4044 Τῷ
2406 3972 2780 4044 ἁμαρτάνοντι
2798 3974 2966 4030 ἔδωκε
2994 3976 3378 4047 περισπασμδν
3406 3977 3502 4033 τοῦ
3536 3978 3769 4057 προσθεῖ-

2206 4083 2295 4120 ναι
2330 4066 2429 4121 καὶ
2456 4064 2554 4119 τοῦ
2599 4069 2953 4137 συναγαγεῖν,
2980 4067 3077 4121 τοῦ
3106 4067 3287 4125 δοῦναι
3331 4070 3413 4141 τῷ
3458 4071 3640 4144 ἀγαθῷ
3669 4072 3768 4143 πρὸ

2207 4158 2504 4231 προσώπου
2537 4157 2632 4213 τοῦ
2659 4157 2819 4220 Θεοῦ.

2281 4250 2510 4316 Τέκνον,
2544 4251 2623 4322 μὴ
2660 4253 2793 4321 περὶ
2832 4249 3006 4306 πολλὰ
3046 4250 3295 4306 ἔστωσαν
3320 4252 3376 4306 αί
3414 4253 3636 4324 πράξεις
3661 4271 3767 4308 σου.

2220 4341 2347 4396 Ἐὰν
2386 4342 2496 4413 γὰρ
2536 4342 2841 4415 πληθύνῃς,
2871 4343 2972 4398 οὐκ
3017 4342 3195 4409 eoeo;
3222 4342 3345 4417 ἔσῃ.
3375 4345 3595 4401 Διὼκων
3621 4349 3771 4417 ἐργο-

2206 4434 2431 4490 λάσειαν
2463 4436 2790 4506 ἐμπεσεῖται
2817 4437 2898 4501 είς
2921 4436 3158 4508 κρίσεις.

2128 4538 2177 4596 υ
2276 4525 2493 4597 Καρδία
2528 4527 2741 4599 πονηρὰ
2773 4527 3174 4599 βαρυνθὴσεται
3204 4532 3407 4598 πόνοις.

2274 4617 2601 4689 ⁸Ἄνθρωπός
2630 4636 2714 4683 τις
2734 4619 2960 4691 ἐποίησε
2990 4620 3207 4677 δεῖπνον
3243 4623 3406 4694 μέγα,
3434 4624 3529 4678 καὶ
3560 4623 3772 4679 ἐκάλεσε

2200 4707 2453 4775 πολλοὺς,
2514 4709 2608 4764 καὶ
2643 4709 2935 4764 ἀπέστειλε
2987 4712 3081 4765 τὸν
3124 4712 3314 4767 δοῦλον
3351 4714 3518 4770 αὑτοῦ
3563 4717 3628 4785 τῇ
3665 4714 3775 4784 ὥρᾳ

2200 4799 2297 4853 τοῦ
2331 4799 2574 4865 δείπνου,
2624 4800 2803 4855 εἰπεῖν
2836 4803 2950 4866 τοῖς
2996 4805 3357 4874 κεκλημένοις
3395 4805 3672 4877 ἔρχεσθαι,
3700 4806 3775 4858 ὅτι

2202 4891 2401 4963 ἕτοιμά
2449 4894 2566 4947 ἐστι
2612 4892 2814 4949 πάντα.
2856 4893 2971 4947 Καὶ
3010 4893 3248 4965 ἤρξαντο
3292 4895 3400 4950 ἀπὸ
3430 4898 3563 4965 μιᾶς
3589 4911 3774 4964 παραι-

2204 4983 2416 5038 τεῖσθαι
2448 4985 2650 5049 πάντες
2669 5001 2686 5017 ο
2728 4985 2758 5038 ὀ
2787 4985 3005 5057 πρῶτος
3033 4980 3190 5041 εἶπεν
3216 4986 3390 5056 αὐτῷ,
3430 4987 3627 5058 ’Δγρδν
3657 4986 3773 5056 ὴγό-

2203 5089 2389 5150 ρασα·
2446 5076 2542 5131 καὶ
2590 5077 2663 5132 τὰ
2712 5078 2899 5134 λοιπά.
2934 5078 3095 5148 Λέγω
3144 5079 3274 5149 ὑμῖν
3323 5079 3407 5133 ὅτι
3455 5081 3629 5144 οὐδεὶς
3680 5080 3774 5133 τῶν

2206 5168 2416 5239 ἀνδρῶν
2447 5170 2670 5225 ἐκείνων
2697 5170 2951 5238 γεύσεταί
2977 5188 3088 5242 μου
3117 5169 3214 5225 τοῦ
3241 5170 3487 5226 δείπνου.

2275 5261 2342 5315 Οῖ
2371 5261 2575 5326 πάντες
2594 5262 2666 5317 τὰ
2694 5262 2911 5318 ἐαυτῶν
2944 5263 3316 5343 μεριμνῶσιν,
3343 5264 3407 5318 οὐ
3439 5264 3507 5317 τὰ
3538 5263 3631 5318 τοῦ
3658 5264 3775 5334 Χρι-

2208 5369 2359 5409 στου.

2284 5443 2375 5497 Ἐν
2417 5446 2531 5509 τοῖς
2560 5443 2779 5499 ἐλκουσι
2824 5446 2924 5516 τὴν
2953 5446 3155 5518 ψυχὴν,
3196 5450 3293 5505 καὶ
3317 5448 3572 5520 ἀσχολίας
3606 5448 3777 5519 βιωτι-

2208 5534 2311 5598 κὰς
2340 5534 2652 5606 ἐμποιοῦσι,
2684 5538 3072 5608 περιγενέσθαι
3114 5539 3212 5609 τῆς
3263 5541 3524 5595 ἐπιπόνου
3552 5540 3776 5611 μελέτης

2206 5628 2316 5682 τῶν
2335 5628 2429 5682 τοῦ
2466 5626 2601 5683 Θεοῦ
2631 5628 2935 5701 ἀμήχανον.

2277 5792 2413 5848 Οὔτε
2460 5792 2756 5865 κατόπτρῳ
2808 5796 3053 5864 ῥυπῶντι
3111 5796 3340 5854 δυνατόν
3390 5800 3494 5855 τῶν
3539 5800 3773 5857 εἰκόνων.
