3964 6566
300 402 436 468 H97

431 519 601 571 Ὅταν
626 518 684 572 δὲ
715 524 922 593 κρηπὶς
959 526 1039 596 μὴ
1070 527 1390 598 καταϐληθῇ
1422 530 1615 597 γένους

444 602 670 679 Ὀρθῶς,
696 615 915 686 ἀνᾶγκη
941 618 1227 688 δυπυχιῖν
1255 622 1381 683 τοὺς
1413 622 1698 688 ἐκγόνους.

443 708 550 759 Φεῦ
584 708 712 778 φεῦ,
739 712 970 775 παλαιὸς
1004 709 1154 778 αἶνος
1187 718 1248 769 οὐ
1280 718 1463 781 καλῶς
1492 719 1605 789 ἔχει
1634 736 1646 750 ⁸

443 800 563 854 Οὐκ
601 801 667 855 ἂν
700 803 912 872 γένοιτο
942 808 1179 877 χρηστὸς
1206 811 1269 863 ὲκ
1301 812 1474 865 κακοῦ
1509 815 1741 886 πατρός.

357 976 619 1049 Εὔγενεῖς
667 980 809 1041 εἶναι
863 990 1052 1060 νόμιζε
1109 994 1183 1064 μὴ
1236 997 1364 1060 τοὺς
1418 1001 1483 1051 ἐκ
1531 999 1643 1052 τῶν
1681 999 1863 1054 καλῶν

285 1074 382 1128 καὶ
420 1077 641 1144 ἀγαθῶν
689 1087 1165 1155 γεγεννημένους.
1221 1090 1359 1145 ἀλλὰ
1403 1091 1531 1157 τοὺς
1580 1094 1722 1148 καλὰ
1768 1097 1863 1148 καὶ

283 1167 467 1233 ἁγαθά
499 1174 989 1241 προαιρουμένους.

367 1261 491 1315 Ἐπὶ
561 1266 844 1334 προγόνων
911 1270 1164 1344 εὐγενείᾳ
1233 1275 1425 1342 μηδεὶς
1456 1278 1859 1347 ὲ-γκαυχάσθω·

284 1353 457 1421 πηλὸν
512 1355 619 1423 γὰρ
669 1356 854 1428 ἔχουσι
900 1363 1104 1425 πάντες
1152 1365 1245 1418 τοῦ
1278 1369 1473 1433 γένους
1513 1371 1857 1443 προπάτορα,

280 1446 379 1495 καὶ
427 1445 478 1497 oi
525 1449 584 1499 ὲν
620 1451 881 1520 πορφύρᾳ
922 1454 1017 1507 καὶ
1051 1454 1236 1528 βύσσῳ
1266 1460 1614 1531 τρεφόμενοι,
1663 1465 1761 1518 καὶ
1810 1466 1859 1518 οἱ

277 1536 340 1587 ἐν
370 1538 533 1608 πενίᾳ
562 1540 783 1613 ἀσύσσῳ
816 1543 1220 1614 δαπανώμενοι.

422 1631 672 1688 Πολλοῖσι
703 1635 914 1707 θνητῶν
941 1638 979 1708 ἡ
1012 1640 1112 1709 μὲν
1142 1642 1264 1713 ὄψις
1296 1645 1545 1721 εὐγενὴς,

431 1817 495 1872 '0
522 1820 647 1887 νοῦς
671 1822 718 1876 δ’
744 1826 805 1878 ὲν
838 1826 976 1899 αὐτῇ
1006 1828 1274 1903 δυσγενὴς
1302 1833 1644 1906 εὑρίσκεται.
1714 1882 1725 1895 .
1812 1834 1817 1843 ⁷

423 2002 520 2068 Τίς
560 2006 666 2074 γὰρ
707 2009 1000 2083 κατόπτρῳ
1041 2014 1132 2071 καὶ
1172 2017 1360 2088 τυφλῷ
1412 2021 1704 2095 κοινωνίας

342 2093 666 2168 Σώστρατος
687 2103 715 2153 ὁ
736 2103 995 2174 αὐλητὴς,
1024 2106 1422 2179 ὀνειδιζόμενος
1448 2113 1556 2167 ὐπό
1584 2093 1730 2180 τινος
1759 2116 1852 2171 ἐπὶ

267 2186 351 2258 τῷ
381 2190 584 2253 γονέων
608 2193 837 2264 ἀσήμων
870 2192 1032 2264 εἶναι,
1072 2194 1248 2254 εἷπεψ
1282 2202 1390 2256 Καὶ
1424 2205 1529 2275 μὴν
1560 2206 1649 2261 διὰ
1692 2209 1851 2263 τοῦτο

271 2282 480 2349 μᾶλλον
508 2283 740 2354 ὤφειλον
763 2287 1169 2361 θαυμάζεσθαι,
1203 2293 1287 2349 δτι
1315 2296 1412 2350 ἀπ’
1439 2299 1576 2369 ἐμοῦ
1602 2301 1662 2354 τδ
1695 2305 1851 2371 γένος

265 2392 524 2446 αρχεται.

340 2536 710 2633 Σεμνύνεσθαι
764 2571 863 2639 μὲν
894 2571 1098 2643 ὥσπερ
1131 2574 1277 2644 ἄλλῳ
1331 2577 1441 2632 τινὶ
1498 2579 1608 2633 τῶν
1666 2581 1850 2634 καλῶν

261 2656 359 2708 ἐπ’
385 2657 635 2729 εὐγενείᾳ
668 2662 769 2714 οὑκ
808 2663 1035 2727 ἀπεικός
1063 2666 1215 2720 ἐστιν
1239 2685 1252 2698 ·
1296 2669 1408 2737 ²εγὼ
1454 2670 1514 2724 δὲ
1555 2670 1685 2741 μίαν
1716 2674 1845 2744 ἀρε-

259 2747 368 2816 τὴν
396 2744 536 2813 οἰδα,
564 2751 631 2803 τὰ
672 2751 719 2804 δ’
766 2753 903 2808 ἄλλα
962 2758 1138 2810 πάντα
1176 2761 1367 2830 τύχην.
1402 2761 1513 2816 Καὶ
1546 2764 1749 2831 γένοιτ’
1782 2765 1871 2819 ἂν»

258 2841 296 2892 ὁ
331 2840 433 2908 μὲν
468 2844 531 2895 ἐκ
560 2844 779 2912 φαύλων
810 2846 1013 2915 ἀγαθὸς
1046 2852 1141 2902 καὶ
1182 2851 1451 2920 βασιλέων
1502 2858 1597 2910 καὶ
1629 2858 1848 2913 πάντων

258 2934 659 3001 εὖγενέστατος
682 2982 697 3007 ,
725 2940 753 2992 δ
782 2940 837 2993 δὲ
879 2940 938 3005 ἐξ
962 2944 1188 3011 ἀγαθῶν
1223 2946 1449 3017 φαῦλος,
1485 2950 1648 3014 αὐτὸς
1681 2953 1852 3008 αὐτοῦ

257 3028 363 3081 καὶ
392 3029 501 3083 τῶν
526 3032 955 3086 ’ταπεινοτάτων
987 3035 1047 3089 δυ
1059 3039 1441 3105 σγενέστατος.
1473 3041 1636 3097 Ὥστε
1665 3042 1846 3113 ψυχῆς

254 3123 491 3178 ἔπαινον
525 3126 703 3197 αὔχει,
739 3129 817 3200 μὴ
862 3134 1148 3201 προγόνων
1179 3134 1504 3203 τεθνηκυῖαν
1536 3138 1619 3200 είς
1663 3136 1847 3203 ἀδοξο-

251 3217 322 3268 τέ
330 3233 462 3287 ρους
489 3219 792 3288 εὐγένειαν.

331 3397 397 3452 '0
415 3395 476 3465 ἐξ
490 3399 691 3471 ἀρετῆς
707 3401 1011 3471 γεννηθεὶς,
1031 3402 1237 3467 ἐκεῖνος
1250 3403 1482 3477 εὐγενὴς
1496 3404 1844 3470 είκονίζεται.

879 3493 1101 3545 ΛΟΓΟΣ
1142 3494 1222 3548 Π’.

618 3586 758 3650 Περὶ
789 3586 1117 3652 συνηθείας
1151 3574 1249 3640 καὶ
1283 3586 1483 3653 ἔθους.

326 3674 525 3745 Χρόνῳ
554 3676 855 3745 κρατυνθὲν
902 3677 962 3729 τὸ
997 3677 1195 3742 ἀσεϐὲς
1251 3678 1373 3744 ἔθος
1405 3680 1482 3744 ὡς
1533 3681 1697 3751 νόμος
1732 3681 1845 3736 διε-

255 3764 535 3836 φυλάχθη.

328 3862 503 3917 Οὐδὲν
535 3861 708 3925 οὕτως
739 3861 1094 3933 ἐπιθυμητὸν,
1134 3847 1210 3925 ὣς
1240 3863 1317 3933 μὴ
1347 3864 1414 3933 τῇ
1454 3864 1711 3935 συνεχείᾳ
1736 3865 1837 3935 τῆς

1042 417 1214 478 LOCI
1255 414 1694 481 COMMUNES.
1728 442 1791 459 -··
1828 421 2025 484 PARS
2059 425 2138 488 I-l.
2179 425 2440 489 SERMO
2483 432 2722 492 LXXX.
3038 500 3049 511 δ

1894 542 1935 594 Α
2050 534 2206 601 Quod
2243 538 2288 592 si
2319 540 2537 609 generis
2561 541 2714 610 origo
2744 540 2877 595 bene
2905 542 3047 612 iacta
3078 559 3184 600 non
3215 544 3398 609 fuerit,

3418 431 3557 501 1198

2047 630 2301 687 Posteros
2336 633 2388 685 in
2425 633 2734 690 calamitate
2764 637 2965 690 versari
3000 651 3225 693 necesse
3259 648 3369 693 est.

2037 722 2154 776 Non
2194 735 2338 779 recte
2364 740 2419 778 se
2447 726 2606 781 habet
2632 738 2790 783 vetus
2820 728 2931 783 inec
2962 730 3268 785 sententia:

2039 811 2112 864 Ex
2145 813 2291 867 malo
2326 823 2479 884 patre
2508 832 2786 889 nunquam
2820 830 3079 875 nascetur
3112 820 3308 876 bonus.

2873 910 3177 978 (Euripidis
3189 914 3226 980 .)

2037 997 2392 1072 Tlceopemptt'.
2432 1002 2740 1060 Generosos
2767 1006 3078 1060 existimato
3124 1020 3230 1060 non
3260 1019 3358 1060 eos
3379 1006 3469 1075 qui
3491 1022 3557 1061 ex

1962 1090 2121 1147 bonis
2153 1102 2207 1149 et
2240 1095 2427 1164 probis
2456 1096 2567 1151 nati
2604 1110 2753 1164 sunt,
2784 1100 2878 1152 sed
2916 1097 3009 1168 qui
3042 1093 3269 1153 honesta
3316 1105 3370 1152 et
3415 1098 3556 1154 bona

1964 1186 2242 1249 sequenda
2276 1188 2379 1242 sibi
2415 1199 2748 1259 proponunt.

2039 1275 2333 1345 Thespidis.
2365 1279 2632 1352 Maiorum
2666 1283 2950 1337 nobilitate
3000 1297 3161 1336 nemo
3192 1283 3416 1353 gloriari
3454 1283 3559 1338 de-

1964 1370 2050 1422 bet
2082 1386 2095 1420 :
2131 1386 2322 1426 omnes
2346 1373 2492 1427 enim
2529 1373 2733 1429 habent
2767 1375 2981 1443 generis
3033 1374 3299 1445 originem
3336 1375 3507 1429 lutum
3535 1413 3555 1439 ,

1965 1467 2074 1511 tum
2112 1460 2148 1513 ii
2176 1462 2265 1531 qui
2309 1464 2361 1517 in
2399 1479 2638 1535 purpura
2668 1474 2722 1521 et
2771 1466 2937 1537 bysso
2974 1467 3336 1533 nutriuntur,
3367 1477 3479 1521 tum
3514 1466 3553 1521 ii

1965 1550 2057 1616 qui
2099 1551 2151 1605 in
2183 1566 2500 1621 paupertate
2531 1574 2726 1627 magna
2763 1560 2972 1613 vivunt.

1964 1642 2195 1700 Sclerite.
2231 1644 2387 1700 Multi
2424 1649 2735 1705 mortalium
2765 1664 2876 1719 pra:
2902 1664 2961 1705 se
2993 1648 3175 1705 ferunt
3204 1650 3546 1705 nobilitatem

3170 1742 3248 1815 [in
3287 1743 3461 1805 Vultu,

1961 1830 2206 1894 Quorum
2264 1838 2446 1884 tamen
2514 1833 2730 1888 animus
2793 1833 3047 1905 ignobilis
3096 1845 3151 1889 et
3202 1836 3555 1906 ingenerosus

3167 1924 3483 1995 [reperitur.

1960 2017 2100 2083 Quid
2133 2017 2277 2071 enim
2311 2032 2459 2073 careo
2489 2034 2617 2074 cum
2660 2023 2925 2089 speculo?
3392 2018 3395 2021 ’

2032 2109 2286 2165 Sostrati.
2344 2108 2632 2167 Sostratus
2666 2114 2866 2169 tibicen
2888 2157 2903 2181 ,
2962 2133 3085 2172 cum
3119 2119 3339 2188 quidam
3373 2119 3421 2175 ei
3451 2115 3554 2170 oh-

1954 2202 2207 2269 jectaret,
2240 2204 2383 2274 quod
2434 2220 2501 2259 ex
2546 2205 2884 2281 ignobilibus
2918 2219 3216 2281 prognatus
3262 2220 3411 2265 esset
3455 2226 3551 2277 pa-

1961 2298 2210 2351 rentibus
2244 2315 2258 2351 :
2290 2298 2480 2367 Atqui.
2517 2299 2715 2370 inquit,
2750 2302 2820 2358 ob
2872 2302 3110 2373 idipsum
3163 2303 3328 2357 debui
3379 2301 3553 2369 magis

1961 2391 2196 2454 laudari,
2239 2391 2377 2445 etin
2410 2390 2775 2449 admiratione
2803 2409 2949 2461 esse,
2978 2396 3125 2466 quod
3173 2409 3203 2449 a
3251 2410 3337 2450 me
3380 2410 3553 2465 genus

1956 2481 2171 2537 initium
2210 2486 2374 2554 cepit.
2508 2550 2509 2553 η

2025 2574 2354 2633 Phalaridis.
2417 2577 2710 2637 Nobilitate
2775 2579 3233 2651 quemadmodum
3286 2580 3390 2636 alia
3446 2580 3551 2634 ali-

1955 2684 2063 2738 qua
2090 2685 2147 2725 re
2192 2670 2422 2728 honesta
2472 2672 2695 2742 gloriari
2748 2689 2856 2729 non
2908 2673 3227 2731 indecorum
3273 2685 3379 2728 est.
3430 2671 3545 2741 Ego

1955 2778 2088 2817 vero
2122 2779 2286 2817 unam
2321 2764 2577 2820 virtutem
2614 2767 2763 2829 novi,
2793 2776 2986 2821 caetera
3010 2768 3203 2821 omnia
3226 2766 3543 2820 tribuuntur

1954 2854 2204 2911 fortunae.
2231 2856 2296 2912 Et
2317 2857 2431 2912 ﬁeri
2455 2868 2651 2929 potest,
2673 2869 2731 2913 ut
2756 2858 2851 2929 qui
2878 2873 2942 2913 ex
2973 2858 3238 2928 improbis
3263 2858 3355 2919 sit.
3374 2857 3547 2913 bonus

1957 2950 2067 3011 liat,
2102 2957 2159 3005 et
2186 2966 2376 3021 regum
2410 2958 2465 3006 et
2493 2953 2737 3007 omnium
2765 2953 3230 3022 generosissimus
3256 2969 3269 3004 :
3292 2968 3359 3007 ex
3386 2950 3546 3005 bonis

1955 3053 2137 3097 autem
2173 3054 2498 3114 prognatus;
2536 3045 2821 3114 improbus
2855 3046 2969 3109 ﬁat,
3006 3056 3060 3101 et
3090 3046 3271 3116 sbipso
3300 3043 3544 3099 deterior

1955 3146 2009 3189 et
2042 3136 2368 3192 humillimis
2399 3137 2714 3207 quibusque
2751 3138 3064 3209 ignobilior.
3097 3137 3280 3204 Quare
3312 3136 3529 3191 laudem

1956 3228 2119 3283 animi
2160 3229 2397 3300 gloriose
2413 3230 2584 3301 jacta,
2617 3246 2726 3284 non
2756 3231 2921 3285 etiam
2956 3230 3224 3299 majorum
3260 3246 3355 3299 per
3381 3230 3544 3298 igno-

1951 3320 2175 3377 biliores
2200 3333 2447 3392 posteros
2473 3335 2779 3378 emortuam
2816 3324 3180 3377 nobilitatem.

2023 3415 2103 3470 Ex
2131 3416 2334 3473 virtute
2360 3429 2703 3488 procreatus,
2743 3432 3043 3484 generosus
3073 3416 3369 3490 elﬁngilur.

2370 3507 2605 3564 SERMO
2638 3507 2831 3562 LXXX
2867 3507 2965 3580 [αι.
2997 3506 3134 3583 Cll].

2359 3603 2437 3659 De
2474 3604 2851 3657 consuetudine
2883 3613 2932 3657 et
2959 3603 3130 3655 'more.

2020 3693 2300 3750 Salomon.
2342 3695 2610 3765 Tempore
2645 3697 2967 3749 conﬁrmata
2993 3694 3157 3765 impia
3193 3693 3536 3749 consuetudo

1946 3797 2010 3843 ut
2044 3788 2128 3842 lex
2169 3799 2443 3843 servatur.

2016 3878 2164 3937 Nihil
2197 3888 2283 3936 est
2319 3891 2426 3934 tam
2459 3879 2824 3949 appetendum
2859 3879 2986 3948 quin
3010 3889 3278 3948 perpetuo
3300 3877 3534 3936 fruendo

252 3954 614 4017 ἀπολαύσεως
636 3954 1110 4025 εὐκαταφρόνητον
1130 3955 1402 4024 γίνεσθαι.
1422 3948 1523 4008 Ὧν
1544 3955 1601 4009 δὲ
1641 3957 1841 4017 σπανία

1978 3972 2353 4042 ontemptibile
2389 3948 2672 4028 reddatur.
2720 3971 2966 4039 Quorum
3012 3981 3196 4032 autem
3229 3973 3405 4029 rarior
3428 3982 3517 4030 est

252 4048 286 4116 ἢ
325 4045 547 4114 κτῆσις,
588 4044 1055 4115 περισπούδαστος
1090 4046 1123 4114 ἡ
1163 4046 1484 4109 ἀπόλαυσις.

328 4136 651 4190 Παλαιωθὲν
682 4137 790 4206 γὰρ
821 4136 1040 4207 τραῦμα
1069 4135 1271 4207 ψυχῆς,
1306 4142 1401 4190 καὶ
1434 4139 1603 4194 κακοῦ
1638 4141 1843 4216 μελέτη

1942 4066 2240 4135 possessio,
2274 4066 2572 4135 jucundior
2600 4076 2684 4123 est
2723 4082 2881 4122 usus.

2009 4156 2370 4210 lnveteratum
2427 4157 2626 4211 vulnus
2686 4156 2898 4223 animi,
2958 4162 3032 4221 et}
3062 4159 3190 4213 mali
3254 4158 3537 4215 meditatio

252 4229 437 4297 χρόνῳ
473 4228 851 4299 βεϐαιωθείσα,
905 4228 1153 4290 δυσίατός
1207 4229 1375 4293 ἐστιν,
1422 4230 1454 4301 ἢ
1505 4233 1600 4285 καὶ
1636 4246 1838 4285 παντε-

1978 4264 2187 4320 ampore
2232 4250 2553 4305 conﬁrmata
2604 4248 2893 4304 difficiliter
2940 4261 3191 4314 curatur,
3240 4253 3321 4305 vel
3355 4251 3535 4319 potius

249 4324 365 4385 λὼς
388 4319 626 4385 ἀνίατος,
657 4320 733 4384 ὡς
760 4321 828 4373 τὰ
868 4319 1037 4374 πολλὰ
1091 4322 1189 4391 τῆς
1224 4320 1389 4387 ἕξεως
1431 4322 1514 4387 εἰς
1544 4324 1709 4392 φύσιν
1741 4338 1839 4393 με·

243 4412 611 4484 θισταμένης.
1770 4472 1773 4475 ,

326 4506 529 4567 Ἐθους
585 4505 862 4575 χωρισμὸς
891 4505 988 4558 καὶ
1012 4507 1124 4568 τοῖς
1160 4507 1379 4576 ἀλόγοις
1408 4509 1526 4562 ἐστὶ
1556 4511 1835 4581 δυσφορώ-

1944 4359 2053 4398 non
2092 4353 2319 4398 curatur
2357 4343 2606 4406 olnuino,
2633 4343 2775 4413 quod
2810 4344 3028 4397 habitus
3062 4358 3446 4414 saepenumero
3476 4346 3530 4400 iu

1944 4446 2194 4490 naturam
2242 4443 2508 4489 mutatur.
2562 4494 2567 4497 ν

2014 4528 2094 4582 Ab
2126 4526 2368 4583 assuetis
2398 4526 2637 4598 disjungi
2672 4529 2758 4582 vel
2793 4525 3029 4582 rationis
3054 4530 3376 4597 expertibus
3398 4530 3535 4585 ditii-

242 4618 437 4663 τατος.
488 4600 596 4652 Καί
651 4615 779 4653 ποτε
829 4592 968 4653 εἶδον
1014 4596 1126 4665 ἐγὼ
1182 4599 1313 4670 βοῦν
1366 4603 1459 4655 ἐπὶ
1492 4604 1700 4674 φάτνης
1737 4605 1831 4659 δα-

1978 4619 2037 4675 ile
2067 4629 2120 4672 et
2161 4618 2450 4675 molesrum
2504 4629 2611 4674 est.
2656 4618 2777 4687 ipse
2826 4618 3122 4688 aliquando
3170 4621 3529 4675 animadverti

246 4695 515 4764 κρύοντα,
545 4693 639 4746 τοῦ
670 4693 934 4763 συννόμου
969 4693 1134 4747 αὐτοῦ
1180 4696 1275 4747 καὶ
1322 4694 1597 4766 ὁμοζύγου
1648 4698 1829 4749 τελευ-

241 4790 538 4856 τήσαντος.

325 4881 489 4953 Ῥᾷον
551 4878 660 4951 γὰρ
710 4880 806 4933 ἀπ’
859 4880 1036 4950 ἀρχῆς
1074 4878 1148 4949 μὴ
1200 4877 1442 4931 ἐνδοῦναι
1494 4880 1682 4951 κακίᾳ,
1737 4883 1832 4936 καὶ

1942 4713 2137 4769 bovem
2165 4712 2259 4783 qui
2288 4717 2352 4769 ad
2388 4727 2633 4782 praesepe
2656 4712 2865 4768 socium
2896 4713 3092 4768 bovem
3120 4724 3173 4768 et
3202 4714 3258 4767 in
3291 4725 3447 4783 pastu
3477 4727 3531 4771 et

1943 4805 1997 4859 in
2019 4807 2156 4877 jugo
2188 4805 2497 4871 subeundo,
2534 4814 2809 4860 mortuum
2841 4807 3014 4861 ﬂeret.

2009 4896 2172 4968 239
2205 4896 2472 4966 Tlteologi.
2495 4897 2733 4952 Facilius
2765 4909 2845 4971 est
2876 4914 2905 4951 a
2932 4899 3207 4970 principio
3233 4916 3337 4955 non
3362 4917 3421 4960 se
3449 4902 3531 4956 vi-

240 4975 548 5047 προϊοῦσαν
572 4974 881 5043 διαφυγεῖν,
910 4973 943 5042 ἢ
968 4971 1374 5040 προϐαίνουσαν
1402 4972 1701 5044 ἀνακίψαι,
1734 4974 1830 5029 καὶ

1979 5006 2012 5046 o
2042 4992 2263 5055 dedere,
2288 4999 2341 5045 et
2385 4989 2620 5060 eii‘ugere
2659 5006 2911 5055 nascens,
2941 5008 3108 5059 quam
3173 4992 3523 5050 fortiﬁcatum

239 5067 485 5136 φανῆναι
536 5064 740 5135 ταύτης
788 5063 962 5117 ἀνώτε
970 5080 1085 5134 ρος.

320 5157 538 5228 Δικτύῳ
563 5158 815 5228 κομίζειν
846 5156 1011 5228 ὕδωρ,
1043 5156 1136 5208 καὶ
1161 5156 1381 5211 πλίνθον
1416 5157 1638 5211 πλύνειν
1666 5160 1830 5213 εὐπε-

236 5251 594 5322 τέστερον,ἢ
649 5250 849 5303 κακίαν
908 5249 1269 5318 φυτευθεῖσαν
1304 5251 1479 5321 χρόνῳ
1528 5252 1712 5322 πολλῷ
1769 5255 1828 5307 ὲν

239 5338 539 5414 ἀνθρώπου
569 5342 718 5413 ψυχῇ
749 5341 977 5406 ἐξελεῖν.

314 5438 485 5492 Οὐδὲν
523 5436 695 5500 οὕτως
747 5434 969 5506 ἰσχυρὸν
997 5435 1148 5504 παρὰ
1176 5434 1506 5507 ἀνθρώποις,
1548 5434 1625 5501 ὡς
1659 5454 1827 5507 συνητ

236 5533 393 5594 θείας
423 5530 657 5592 παλαιᾶς
684 5531 963 5598 τυραννίς.

315 5624 473 5686 Τινὲς
504 5624 613 5677 τῶν
643 5623 842 5689 ἔξωθεν
891 5624 1149 5694 δευτέραν
1183 5621 1347 5692 φύσιν
1392 5622 1493 5693 τὴν
1529 5623 1823 5693 συνήθειαν

232 5716 509 5770 ὲκαλεσαν

280 5843 285 5847 ~
313 5812 496 5864 Δεινὸν
523 5814 556 5881 ή
590 5811 848 5883 συνήθεια
875 5813 1173 5882 κατασχεῖν
1197 5812 1334 5883 πρὸς
1360 5814 1581 5887 ἑαυτὴν,
1621 5818 1714 5871 καὶ⁵
1742 5818 1818 5888 μὴ

1936 5083 2267 5149 rescindere,
2293 5092 2457 5152 atque
2483 5096 2553 5137 eo
2579 5084 2921 5151 superiorem
2946 5086 3082 5140 ﬁeri.

2006 5176 2249 5233 Reticqu
2269 5190 2465 5245 aquam
2488 5174 2631 5230 ferre
2655 5185 2709 5230 et
2732 5177 2957 5233 laterem
2984 5180 3166 5234 lavare
3186 5179 3402 5234 facilius
3419 5188 3525 5245 est,

1933 5285 2096 5339 quam
2128 5268 2321 5323 vitium
2348 5268 2399 5321 in
2428 5266 2665 5323 hominis
2686 5268 2873 5327 animo
2894 5285 2961 5324 ex
2987 5279 3232 5339 tempore
3257 5269 3520 5325 diuturno

1934 5362 2234 5429 plautatum
2267 5360 2526 5413 eximere.
3089 5372 3098 5380 ·

1998 5453 2058 5508 8.
2102 5452 2376 5521 Chrytost.
2412 5450 2560 5507 Nihil
2593 5460 2704 5507 tam
2734 5453 2952 5508 iirrmrm
2985 5462 3069 5508 est
3113 5454 3166 5509 in
3206 5455 3369 5511 rebus
3416 5430 3559 5511 Ιιιι-⁵

1922 5545 2132 5611 manis,
2165 5560 2330 5615 quam
2370 5544 2570 5600 veteris
2604 5545 3021 5600 consuetudinis
3056 5546 3323 5617 tyrannis.

2005 5640 2232 5693 Externi
2269 5638 2495 5708 quidam
2523 5637 2977 5693 consuetudinem
3010 5640 3519 5721 alteram‘natut‘am

1928 5743 2054 5782 esse
2077 5728 2357 5782 dixerunt.

1998 5818 2132 5873 Mire
2150 5819 2338 5875 elﬁcax
2366 5831 2450 5876 est
2474 5820 2810 5877 consuetudo
2835 5823 3086 5890 retinere,
3110 5832 3164 5878 ct
3187 5838 3291 5877 non
3316 5824 3427 5892 pati
3459 5830 3519 5880 ut

236 5903 600 5974 συγχωρῆσαι
635 5903 799 5960 πάλιν
822 5902 1172 5975 διαναστῆναι
1204 5905 1297 5958 ἐπὶ
1321 5903 1420 5975 τὴν
1444 5904 1672 5978 πρώτην
1705 5908 1817 5973 ἕξιν

1978 5916 1994 5972 l
2026 5916 2318 5987 pristinum
2354 5916 2573 5973 virtutis
2604 5916 2843 5973 habitum
2874 5915 3070 5987 aliquis
3102 5927 3429 5974 revertatur.

230 5997 347 6070 τῆς
376 5998 592 6069 ἀρετῆς.
