3974 6562
450 387 592 449 1199
1704 390 1802 450 AN
1815 389 2029 450 TONII
2077 386 2418 450 MELISSE
3527 384 3654 448 1200

523 497 779 555 Philonis.
809 499 1108 557 Diuturnus
1138 515 1255 556 mos
1286 510 1480 570 natura
1508 502 1622 572 ipsa
1659 502 1867 556 lirmior
1895 512 2000 564 est,
2031 514 2080 572 Α

2191 498 2534 571 Ἐγχρονίζον
2553 493 2683 569 ἦθος
2706 498 2918 567 φύσεως
2944 494 3327 567 κραταιότερόν
3354 495 3505 548 ἐστιν
3527 510 3543 528 ·
3567 499 3655 546 καὶ

447 593 504 640 et
541 586 743 641 leviora
774 600 1011 658 precata.
1047 591 1092 644 si
1127 607 1229 644 non
1275 591 1586 658 prohibeas,
1636 591 1865 646 subinde
1910 605 2008 644 na-

2114 591 2288 660 μικρὰ
2327 590 2403 661 μὴ
2433 591 2755 659 κωλυόμενοι
2781 590 3153 659 ἁμαρτήματα
3188 588 3382 656 φύεται
3413 586 3509 640 καὶ
3540 588 3655 640 ἐπι-

450 689 675 733 scuntur
704 692 755 734 et
786 682 1208 752 magnitudinem
1239 693 1626 753 assequuntur.

1618 721 1626 736 .
2111 683 2308 736 δίδοται
2342 683 2477 752 πρὸς
2508 683 2734 753 μέγεθος
2772 680 3187 744 συναυξάνοντα.

522 771 781 827 Naturam
817 790 1073 829 accusare
1111 791 1216 830 non
1252 775 1532 835 debemus.
1558 788 1681 828 cum
1712 771 2010 843 jucundam

2181 773 2463 843 Μηδαμῶς
2497 774 2595 844 τὴν
2643 773 2803 842 φύσιν
2833 771 3165 842 αἰτιώμεθα·
3198 770 3378 826 πάντα
3420 771 3530 840 γὰρ
3556 768 3659 838 βεον

453 873 546 916 aut
580 864 928 932 injucundam
961 865 1124 919 vitam
1156 879 1369 918 omnem
1410 863 1605 918 eiliciat
1649 862 2010 918 consuetudo.

1448 863 1605 918 lliciat
1649 862 2010 918 consuetudo.
2115 865 2245 932 ἡδὺν
2275 864 2306 935 ἢ
2335 865 2472 935 ἀηδῆ
2501 866 2534 934 ἠ
2567 865 2820 934 συνήθεια
2851 865 3017 917 ποιεῖ.

525 952 806 1008 (.‘Imriclis.
841 953 914 1008 Ex
944 955 1196 1011 omnibus
1218 955 1360 1009 enim
1389 956 1736 1025 passionibus
1763 970 1884 1025 quae
1903 954 2013 1009 cito

2187 953 2362 1016 ῐιάθος
2415 955 2524 1027 γὰρ
2562 953 2732 1017 ἅπαν,
2777 954 2838 1006 τὸ
2894 953 2995 1024 μὲν
3049 953 3215 1020 ὀξέως
3265 951 3659 1019 γινωσκόμενον

457 1046 876 1116 percipitur,-ei
932 1045 1092 1101 facile
1139 1048 1437 1101 remedium
1489 1047 1736 1102 adhiberi
1788 1056 2013 1116 potest:

2119 1044 2466 1114 εὐϐοήθητον,
2498 1045 2557 1098 τὸ
2609 1046 2665 1098 δὲ
2697 1045 2874 1116 χρόνῳ
2921 1045 3452 1116 παραπεμπόμενον,
3504 1043 3661 1112 ἐγγὺς

462 1153 582 1205 quae
608 1125 737 1192 vero
763 1140 922 1211 longo
955 1150 1192 1208 tempore
1224 1139 1405 1192 innata
1437 1141 1619 1202 I‘ucrit,
1645 1156 1809 1212 prope
1831 1149 1915 1194 est
1937 1140 2014 1193 in-
2117 1134 2352 1188 ἀνίατον.

459 1229 741 1282 curabilis.

527 1318 778 1374 Choricii.
814 1317 976 1374 Nacta
1038 1319 1206 1375 semel
1241 1318 1458 1376 delicias
1489 1328 1680 1374 natura
1716 1318 1799 1371 vix
1842 1317 1908 1371 ad
1940 1315 2015 1369 la-

2184 1313 2470 1384 Λαόομένη
2496 1314 2639 1380 ἅπαξ
2683 1312 3013 1382 ἡδυπαθείας
3042 1315 3076 1383 ὴ
3103 1313 3262 1382 φύσις
3294 1312 3450 1381 μόλις
3503 1312 3665 1364 ἐθέλει

457 1411 614 1464 bores
641 1411 753 1464 vult
784 1412 1002 1464 reverti.
1465 1434 1471 1440 ι

1465 1434 1471 1440 η
2119 1405 2255 1474 πρὸς
2281 1407 2475 1467 πόνους
2505 1407 2723 1476 χωρεῖν.

527 1499 781 1554 Socratis.
831 1498 977 1552 Nihil
1031 1509 1224 1554 natura
1271 1499 1572 1571 jucundum
1626 1511 1718 1554 aut
1768 1499 2019 1567 injucun-

2190 1499 2355 1551 Οὐδὲν
2395 1497 2565 1561 οὕτως
2599 1500 2697 1569 ἡδὺ
2731 1499 2764 1568 ἢ
2811 1498 2973 1569 ἀηδὲς
3034 1499 3099 1568 τῇ
3130 1498 3289 1566 φύσει
3329 1498 3662 1568 ὕφέστηκενυ

456 1591 604 1653 dum,
639 1591 731 1644 sed
759 1589 940 1644 omnia
971 1591 1097 1644 talia
1141 1591 1537 1646 consuetudine
1587 1571 1699 1645 ﬁeri
1751 1593 2018 1645 videmus.

1450 1591 1537 1645 ine
1587 1571 1699 1645 fieri
1751 1593 2018 1645 videmus.
2121 1592 2295 1644 πάντα
2323 1590 2379 1643 δὲ
2407 1593 2470 1660 τῇ
2501 1591 2759 1662 συνηθείᾳ
2786 1591 3011 1659 γίνεται.

525 1680 796 1750 Optimum
818 1681 940 1735 vita:
967 1697 1139 1750 genus
1168 1682 1261 1736 tibi
1298 1683 1580 1753 proponito
1603 1700 1618 1747 ;
1650 1685 1748 1738 hoc
1772 1683 1913 1738 enim
1935 1683 2021 1752 ju-

2195 1683 2318 1734 Biov
2341 1681 2500 1752 αἱροῦ
2531 1682 2620 1734 τὸν
2645 1683 2886 1753 ἄριστον.
2915 1682 3119 1736 Τοῦτον
3147 1683 3254 1752 γὰρ
3289 1683 3418 1753 ἡδὺν
3450 1685 3484 1752 ἡ
3515 1681 3665 1751 συνή-

458 1776 694 1829 cuttthttn
731 1774 923 1828 efﬁciet
954 1776 1312 1830 consuetudo.

954 1776 1312 1830 consuetudo.
2122 1774 2241 1827 θεια
2274 1773 2510 1844 ποιήσει.

1317 1927 1319 1930 ς
1342 1863 1667 1920 Perdiﬂicile
1697 1874 1778 1918 est
2047 1861 2097 1922 Β
3127 1867 3430 1936 Ἀμήχανον

534 1956 604 2012 Ut
638 1959 794 2028 longa
848 1959 1184 2013 consuetudo
1212 1956 1356 2012 brevi
1390 1965 1631 2035 tempore
1679 1957 1949 2010 solvatur:

2258 1956 2492 2028 Μακρὰν
2523 1958 2811 2029 συνήθειαν
2840 1959 2898 2012 ὲν
2927 1958 3120 2030 βραχεί
3149 1959 3308 2012 λῦσαι
3337 1957 3530 2028 χρόνῳ.

532 2050 804 2104 Consueta
828 2051 972 2105 enim
1001 2051 1418 2120 haudquaquam
1454 2048 1804 2118 despicienda
1830 2056 1974 2104 sunt.

1830 2056 1974 2104 sunt.
2262 2049 2336 2100 Τὸ
2377 2049 2487 2119 γὰρ
2522 2049 2753 2121 σύνηθες
2786 2049 3022 2120 οὐδαμοῦ
3065 2052 3394 2121 παροπτέον.

536 2166 800 2239 Polymni.
834 2168 1184 2245 Consuetudo
1218 2183 1248 2222 a
1279 2168 1462 2238 parvis
1497 2167 1712 2222 initium
1735 2167 1898 2239 capit,
1928 2182 2023 2224 ne-

2196 2163 2356 2228 Ἕθος
2391 2161 2620 2235 ἄρχεται
2657 2164 2756 2234 μὲν
2801 2163 2909 2218 ἀπὸ
2941 2163 3175 2238 μικρῶν,
3225 2160 3582 2232 ἀμελούμενον
3607 2161 3659 2213 δὲ

461 2262 637 2329 glecta
668 2270 854 2315 autem
882 2261 989 2314 vim
1024 2261 1317 2315 maximam
1346 2259 1566 2328 accipit.

1408 2259 1566 2328 :cipit.
2121 2254 2222 2326 τὴν
2250 2254 2404 2326 ἰσχὺν
2438 2255 2662 2324 μείζονα
2690 2256 2977 2327 λαμϐάνει.

745 2373 981 2428 SERMO
1011 2369 1224 2427 LXXXI
1270 2373 1364 2443 [aL
1393 2372 1746 2446 CXXXVIII].
2699 2367 2916 2422 ΛΟΓΟΣ
2957 2365 3080 2420 IIA'.

1017 2484 1095 2538 De
1127 2485 1473 2539 conscientia.

2637 2478 2775 2547 Περὶ
2803 2479 3163 2546 ἐλευθερίας.

531 2598 699 2654 Nemo
733 2599 869 2653 liber
893 2608 995 2662 est,
1025 2597 1118 2666 qui
1149 2597 1325 2667 seipse
1353 2615 1459 2651 non
1488 2599 1748 2653 continet.

1735 2638 1748 2652 .
2197 2594 2384 2658 Οὐδεὶς
2419 2594 2706 2664 ἐλεύθερος
2735 2595 2927 2648 ἑαυτὸν
2958 2595 3032 2666 μὴ
3064 2595 3303 2665 κρατῶν.

539 2690 782 2744 Libertas
819 2689 1088 2758 impotens
1118 2696 1172 2743 et
1201 2687 1554 2743 immoderata
1614 2688 1775 2743 facile
1823 2687 2028 2741 amitti-

2210 2683 2523 2757 Ἐλευθερία
2591 2684 2844 2754 ἀκρατῶς
2915 2685 3010 2739 καὶ
3077 2687 3332 2757 ἀμέτρως
3407 2687 3663 2759 φερομένη

465 2792 577 2837 tur.

2114 2774 2505 2844 ἐὐαφαίρετος.

536 2873 678 2928 Fieri
707 2889 812 2927 non
844 2880 1022 2941 potest
1051 2879 1110 2925 ut
1131 2870 1180 2926 is
1220 2871 1358 2927 liber
1381 2872 1472 2937 sit,
1495 2872 1587 2942 qui
1621 2868 2033 2941 perturbationi-

2213 2866 2529 2938 Ἐλεύθερον
2555 2866 2817 2922 ἀδύνατον
2845 2867 2982 2924 εἶναι
3007 2871 3098 2924 τὸν
3119 2871 3315 2925 πάθεσι
3344 2867 3667 2935 δουλεύοντα,

468 2967 568 3021 bus
604 2965 787 3028 servit,
818 2973 873 3019 et
899 2979 930 3019 a
967 2963 1465 3034 perturbationibus
1495 2963 1747 3018 vincitur.

1427 2979 1465 3019 ιε
1495 2963 1747 3018 vincitur.
2129 2953 2226 3006 καὶ
2253 2953 2358 3008 ὑπὸ
2388 2955 2577 3009 παθῶν
2606 2955 2996 3030 κρατούμενον.

537 3050 766 3106 Praestat
795 3050 999 3108 servire
1023 3051 1302 3116 decenter,
1329 3067 1492 3122 quam
1540 3051 1784 3105 libertate
1823 3049 1896 3104 ut‘
1930 3050 2033 3103 im-
2068 3113 2072 3122 ι

2207 3047 2465 3114 ’Ἄμεινον
2521 3047 2791 3103 δουλεύειν
2850 3051 3124 3118 ἐπιεικῶς,
3185 3052 3219 3123 ἢ
3285 3043 3666 3124 ἐλευθεριάζειν

463 3141 745 3210 pudenter.

2133 3141 2527 3210 ἀναισχύντως.

1803 3227 2033 3285 SERMO
2072 3229 2335 3288 LXXXII.

1769 3325 1861 3393 [De
1899 3327 2219 3380 conscientia
2265 3328 2365 3398 (I).

540 3423 786 3494 Epicteti.
820 3422 1086 3480 Parentes
1116 3424 1408 3495 paedagogo
1433 3437 1631 3492 pueros
1661 3438 1761 3477 nos
1811 3421 2172 3489 tradiderunt,
2201 3425 2296 3493 qui
2331 3425 2529 3496 ubique
2561 3427 2874 3482 observaret
2900 3442 2968 3482 ne
2993 3427 3141 3497 quidf
3160 3428 3482 3483 laederemur
3504 3445 3518 3482 :
3541 3427 3664 3481 Deus

469 3535 650 3578 autem
679 3522 789 3591 jam
817 3521 966 3575 viros
993 3519 1174 3575 insita:
1202 3519 1548 3574 conscientia:
1576 3516 1967 3572 custodiendos
1994 3517 2184 3580 tradit,
2215 3535 2337 3587 quae
2365 3521 2586 3591 quidem
2613 3525 2856 3578 custodia
2887 3534 2942 3578 et
2970 3523 3313 3579 conservatio
3346 3539 3660 3595 nequaquam

467 3614 858 3670 cmttcntnenda
890 3621 996 3676 est,
1061 3612 1316 3681 quoniam
1345 3617 1398 3665 et
1430 3608 1536 3664 Deo
1569 3609 1902 3677 displiceret,
1930 3617 1985 3661 et
2019 3611 2374 3667 conscientia:
2405 3613 2507 3683 ipsi
2535 3625 2734 3668 nostrae
2764 3615 2948 3668 hostes
2971 3629 3238 3670 essemus.

785 3705 1016 3761 SERMO
1049 3701 1309 3758 LXXXIII
1354 3699 1453 3772 [αι.
1486 3701 1711 3774 XCVII].
2059 3707 2106 3766 ο
2477 3705 2479 3710 ’
2725 3707 2940 3761 ΛΟΓΟΣ
2981 3703 3102 3761 III".

1015 3795 1101 3849 'De
1137 3794 1474 3864 benignitate.

2606 3801 2744 3870 Περὶ
2784 3803 3213 3870 χρηστότητος.

536 3889 701 3960 240
725 3888 852 3942 Luc.
884 3903 956 3941 vt.
995 3886 1296 3940 Beuel'acite
1329 3894 1381 3936 et
1423 3892 1677 3938 mutuum
1722 3883 1864 3945 date,
1895 3883 2032 3938 nihil

2215 3891 2614 3959 ’Δγαθοποιεῐτε
2659 3893 2749 3944 καὶ
2773 3891 3062 3955 δανείζετε,
3089 3891 3256 3962 μηδὲν
3276 3889 3653 3954 ἀπελπίζοντες,

471 3984 595 4037 inde
627 3990 911 4050 sperantes
941 3995 956 4031 :
982 3985 1036 4033 et
1064 3977 1169 4032 erit
1203 3991 1411 4030 merces
1453 3985 1630 4032 vestra
1677 3976 1880 4042 ampla,
1931 3975 2035 4028 eri-

2132 3983 2228 4035 καὶ
2250 3981 2404 4034 ἔσται
2424 3984 2452 4035 ὁ
2477 3981 2666 4050 μισθὸς
2691 3982 2845 4052 ὑμῶν
2869 3982 3054 4045 πολὺς,
3080 3983 3170 4034 καὶ
3192 3980 3382 4034 ἔσεσθε
3408 3982 3512 4034 υἱοὶ
3537 3981 3659 4048 Ὑψί-

467 4076 645 4144 tisque
678 4073 775 4128 lilii
806 4069 1110 4136 Altissimi;
1151 4068 1279 4138 quia
1325 4067 1440 4138 ipse
1471 4066 1526 4121 in
1570 4066 1812 4138 ingratos
1843 4073 1897 4120 et
1928 4065 2032 4119 im-

2134 4089 2262 4125 στου
2283 4087 2300 4102 ο
2334 4072 2416 4125 ὅτι
2450 4072 2607 4137 αὐτὸς
2642 4074 2873 4145 χρηστός
2907 4077 3053 4127 ἐστιν
3084 4072 3175 4127 ἐπὶ
3205 4073 3332 4138 τοὺς
3365 4072 3660 4144 ἀχαρίστους

460 4168 666 4238 probos
701 4163 969 4234 benignus
993 4171 1096 4218 est.

993 4171 1096 4218 est.
2135 4165 2232 4216 καὶ
2263 4163 2553 4234 πονηρούς.

540 4257 731 4329 Ephes.
760 4273 833 4312 tv.
854 4257 1038 4311 Estote
1054 4253 1272 4323 benigni
1302 4254 1535 4308 invicem
1558 4261 1612 4308 et
1633 4251 2032 4316 misericordes.

2205 4255 2423 4310 Γίνεσθε
2470 4258 2549 4320 είς
2590 4256 2853 4328 ἀλλήλους
2896 4257 3124 4330 χρηστοὶ
3166 4259 3260 4312 καὶ
3304 4256 3661 4327 εὔσπλαγχνοι,

459 4355 837 4406 condonantos
908 4357 1134 4410 mutuo,
1183 4345 1637 4416 quemadmodum
1715 4345 1830 4415 ipse
1895 4344 2028 4401 Deus

2135 4346 2481 4418 χαριζόμενοι
2521 4349 2732 4413 ἑαυτοῖς
2757 4390 2772 4414 ,
2806 4349 2987 4414 καθὼς
3023 4350 3120 4405 καὶ
3155 4352 3183 4404 ό
3215 4350 3349 4415 Θεὸς
3384 4351 3440 4402 ἐν
3472 4343 3660 4418 Χριστῷ

463 4444 622 4499 vobis
650 4459 744 4512 per
772 4441 1047 4495 Christum
1072 4437 1420 4492 condonavit.

1038 4456 1047 4491 ι
1072 4437 1420 4492 condonavit.
2135 4439 2426 4510 ἐχαρίσατο
2458 4441 2607 4510 ὑμῖν.

539 4535 748 4588 Induite
770 4533 978 4585 viscera
1006 4525 1399 4586 miserationis.
1427 4523 1838 4595 benignitatem,
1868 4525 2034 4580 animi

2215 4533 2537 4588 Ἐνδύσασθε
2609 4534 2892 4605 σπλάγχνα
2951 4534 3273 4606 οἰκτιρμοῦ,
3316 4533 3658 4604 χρηστότητα.

464 4625 850 4685 humilitatem,
886 4619 1186 4683 lenitatem,
1217 4615 1581 4672 clementiam.

2133 4627 2653 4697 ταπεινοφροσύνην,
2688 4626 3090 4698 μακροθυμίαν,
3122 4627 3421 4698 πραότητα.

532 4713 590 4770 S.
620 4711 835 4768 Basilii.
869 4707 1165 4777 Imaginem
1217 4707 1415 4769 habeo.
1460 4704 1590 4758 dum
1635 4704 1864 4760 rationis
1911 4723 2032 4762 sum

2205 4719 2278 4771 Τὸ
2305 4717 2422 4772 κατ’
2447 4719 2630 4774 εἰκόνα
2659 4719 2765 4790 ἔχω
2790 4721 2847 4770 ὲν
2869 4718 2948 4789 τῷ
2969 4718 3183 4787 λογικὸς
3207 4714 3347 4770 εἶναι
3367 4733 3380 4746 ·
3404 4716 3461 4769 τὸ
3484 4711 3662 4767 δὲκαθ’

465 4806 738 4874 particeps
773 4825 786 4858 ;
820 4801 887 4856 ad
916 4799 1337 4855 similitudinem
1370 4804 1549 4852 autem
1585 4797 1675 4862 Ilo,
1721 4797 1850 4852 dum
1879 4798 2034 4854 beni-

1832 4814 1850 4851 1
1879 4798 2036 4854 υϐηί·
2135 4811 2393 4883 ὁμοίωσιν
2422 4812 2644 4882 γίνομαι
2674 4813 2732 4866 ιν
2759 4812 2839 4880 τῷ
2867 4812 3102 4883 χρηστὸς
3131 4809 3401 4878 γενέσθαι.

466 4903 725 4973 gnitatem
756 4895 900 4950 colo.

541 4989 808 5060 Theologi.
851 4988 1117 5044 Bonitatis
1152 4987 1314 5042 habet
1355 4986 2036 5092 laudemmmansuetudine
2066 5035 2109 5092 Β

2088 5037 2109 5090 )
2217 4988 2445 5059 Ἀγαθὸν
2482 4988 2810 5088 χρηστότητι
2851 4991 3005 5060 νικᾷν
3045 4987 3389 5058 θρασύτητα,
3429 4983 3519 5036 καὶ
3557 4979 3657 5092 βελ-

467 5084 740 5138 ieritatetn
775 5081 1013 5146 vincere,
1053 5091 1104 5136 et
1143 5081 1196 5134 in
1246 5079 1502 5134 meliores
1536 5077 1744 5133 edicere
1779 5078 2033 5145 iujuriam

2088 5067 2108 5090 ⁷
2138 5083 2283 5142 τίους
2319 5082 2492 5134 ποιεῖν
2523 5067 2655 5143 τοὺςΙ
2685 5077 3038 5146 ἀδικοῦντας,
3071 5075 3152 5142 οἷς
3185 5073 3544 5147 καρτεροῦμεν
3572 5067 3657 5122 τάο

404 5171 408 5174 ’
465 5176 752 5237 facientes,
787 5174 1050 5241 patienter
1093 5172 1317 5227 ferendo
1363 5188 1485 5242 qua:
1517 5169 2037 5226 uobis‘iuieruutur.
2140 5188 2380 5245 οχοντες.

539 5268 808 5324 Omnibus
835 5275 957 5319 esto
993 5263 1283 5333 benignus.
1332 5265 1421 5317 sed
1457 5264 1690 5317 maxime
1741 5261 2027 5331 proximis.

1980 5277 2027 5318 s.
2213 5263 2351 5315 Πᾶπι
2385 5261 2483 5330 μὲν
2515 5262 2622 5314 ἴσθι
2652 5259 2905 5332 χρηστὸς,
2936 5259 3096 5312 πλέον
3124 5258 3179 5311 δὲ
3208 5259 3319 5320 τοῖς
3349 5256 3549 5324 ἔγγιστο·

536 5360 729 5427 Quaere
762 5358 854 5412 tibi
887 5355 981 5410 Dei
1028 5353 1439 5423 benignitatem,
1473 5355 1518 5407 si
1552 5353 1817 5422 benignus
1843 5365 1922 5404 es.

1843 5365 1922 5404 cs.
2215 5354 2374 5422 Ζήτει
2402 5352 2538 5405 Θεοῦ
2571 5370 2652 5404 σοι
2681 5353 3024 5422 χρηστότητα
3057 5351 3287 5421 χρηστὸς
3311 5346 3406 5403 ὧν.

537 5451 822 5516 Quodnam
888 5448 1078 5518 dogma
1145 5446 1446 5500 charitatiS'
1479 5445 1730 5515 dogmate
1787 5441 2042 5499 brevius?

1787 5441 2042 5499 brevius?
2215 5445 2281 5496 Ti
2308 5445 2672 5515 χρηστότητος
2701 5443 2875 5512 δόγμα
2908 5441 3349 5512 συντομώτερον;

537 5543 723 5598 Talem
759 5553 812 5594 te
837 5540 1074 5610 praebeas
1103 5539 1293 5592 amicis
1317 5548 1371 5591 et
1399 5537 1677 5608 proximis,

2220 5536 2471 5598 Τοιοῦτος
2499 5535 2606 5586 ἴσθι
2634 5536 2748 5596 τοῖς
2777 5533 2949 5600 φίλοις
2981 5535 3073 5588 καὶ
3097 5535 3206 5596 τοῖς
3237 5533 3422 5598 πέλας,

536 5637 733 5705 Quales
758 5655 882 5709 erga
923 5648 974 5694 te
1005 5633 1124 5690 illos
1150 5647 1272 5690 esse
1305 5631 1408 5687 vis.

2225 5627 2384 5691 Οἶους
2414 5625 2619 5696 σεαυτῷ
2646 5625 2830 5679 τούσδε
2856 5624 3146 5696 τυγχάνειν
3170 5623 3362 5686 θέλεις.

542 5839 616 5909 (I)
649 5801 831 5891 Crmca
873 5837 1088 5891 dcsunt.
