3964 6558
343 410 471 474 1201

1042 421 1214 481 ωσι
1250 422 1786 486 COMMUNES.’-—
1833 427 2027 488 PARS
2058 431 2147 494 II.
2174 422 2425 500 SERMO
2465 444 2778 506 LXXXIV.

3440 446 3572 509 1202

397 528 514 581 Οὐκ
545 529 850 600 εὐεργετῶν
887 531 1080 602 μόνον,
1114 534 1251 589 άλλὰ
1283 536 1380 590 καὶ
1412 538 1656 604 κολάζων
1686 541 1884 609 ἀγαθός

2072 545 2188 603 Non
2220 552 2397 608 solum
2451 556 2599 613 Deus-
2640 559 2872 629 benigne
2902 572 2955 617 et
2990 564 3296 619 humaniter
3334 581 3434 618 nos
3461 574 3574 618 tra-

330 620 442 673 ὲστι
478 621 575 675 καὶ
605 620 987 694 φιλάνθρωπος
1017 628 1046 679 ὁ
1080 625 1229 690 Θεός.
1263 630 1375 683 Καὶ
1406 632 1517 702 γάρ
1550 632 1605 686 ai
1638 634 1889 699 κολάσεις

330 713 492 767 αὐτοῦ
536 714 630 767 καὶ
672 716 728 768 αῖ
765 718 1026 788 τιμωρίαι
1067 718 1325 789 μέγιστον
1366 724 1683 795 εὐεργεσίας
1725 727 1889 796 μέρος

328 803 487 856 είσίνο
519 804 645 859 ἐπεὶ
672 808 765 859 καὶ
800 808 1116 891 ἰατρὸς,οὐχ
1140 808 1272 867 ὅταν
1298 816 1381 878 είς
1408 817 1768 887 παραδείσους
1794 821 1890 874 καὶ.

326 896 595 962 λειμῶνας
632 898 799 970 ἐξάγῃ
830 902 921 955 τὸν
957 906 1233 973 κάμνοντα
1276 906 1473 975 μόνον,
1510 911 1615 965 οὐδ’
1641 913 1772 966 ὅταν
1806 915 1887 979 είς

327 986 581 1055 βαλανεῖα
620 992 714 1043 καὶ
756 991 1136 1065 κολυμϐήθρας
1179 997 1403 1066 ὑδάτων,
1445 1000 1584 1056 ἀλλά
1624 1006 1717 1059 καὶ
1757 1004 1888 1058 ὅταν

323 1077 511 1130 ἄσιτον
552 1079 747 1151 κελεύῃ
795 1081 1092 1153 διαμεῖναι,
1137 1088 1267 1143 ὅταν
1310 1088 1505 1163 τέμνῃ,
1545 1094 1671 1147 ὅταν
1717 1096 1888 1165 πικρὰ

324 1170 580 1243 προσάγῃ
619 1173 908 1245 φάρμακα,
947 1178 1067 1233 τότε
1112 1182 1209 1235 καὶ
1255 1185 1436 1256 ἰατρός
1476 1187 1625 1240 ἐστιν
1665 1187 1886 1256 ὁμοίως,

324 1262 418 1313 καὶ
446 1262 547 1331 τὴν
577 1264 741 1317 αὐτοῦ
771 1268 1180 1340 φιλανθρωπίαν
1200 1277 1542 1347 ¹ἐπιδείκνυσι
1579 1280 1762 1335 πλέον.

406 1354 565 1499 Ὀότῇ
607 1358 768 1428 φύσει
832 1362 1035 1428 ἀγαθὸς
1096 1367 1192 1420 καὶ
1238 1370 1459 1438 ἀγαθῶν
1492 1374 1710 1440 πάντως
1744 1392 1888 1448 παρ·

406 1463 481 1499 ιικ
513 1464 566 1499 ς.

322 1459 566 1510 εκτικος.

393 1540 556 1596 Ἵδιον
582 1545 782 1619 παντὸς
808 1544 1014 1613 ἀγαθοῦ
1044 1546 1102 1601 τὸ
1128 1549 1380 1620 ὠφελεῖν.

395 1633 472 1685 Οὐ
498 1636 753 1693 τοσοῦτον
782 1640 811 1694 ὁ
840 1640 1017 1710 λόγος,
1045 1644 1169 1698 ὅσον
1199 1646 1432 1716 χρηστὸς
1450 1648 1653 1720 τρόπος
1679 1652 1893 1707 πείθειν

318 1725 572 1782 δύναται.

395 1813 550 1872 οἷσιν
576 1822 604 1873 ὁ
631 1823 829 1893 τρόπος
857 1826 1010 1884 ἐστὶν
1034 1829 1317 1902 εῠτακτος,
1353 1838 1620 1892 τουτέοισι
1650 1840 1744 1894 καὶ
1774 1840 1888 1912 βίος

321 1914 714 1970 συντέτακται.
857 1958 863 1966 .

396 2001 572 2075 Τέχνη
601 2008 699 2075 μὲν
723 2010 1032 2082 γνωρίμους
1056 2014 1374 2085 ἐκτησάμην

398 2095 651 2164 Πολλοὺς,
675 2101 764 2153 διὰ
787 2103 884 2156 τὸν
902 2106 1103 2175 τρόπον
1130 2108 1186 2162 δὲ
1212 2109 1337 2172 τοὺς
1367 2110 1652 2175 πλείστους
1680 2115 1888 2181 φίλους.

394 2188 771 2265 Θεμιστοκλῆς
809 2198 1008 2266 χωρίον
1040 2200 1236 2255 πωλῶν
1268 2202 1521 2256 ἐκέλευσε
1562 2204 1887 2276 κηρύττειν,

315 2280 405 2333 ὅτι
435 2284 529 2338 καὶ
559 2284 773 2353 γείτονα
803 2289 1039 2359 χρηστὸν
1065 2290 1198 2361 ἔχει.

912 2474 1130 2528 ΛΟΓΟΣ
1169 2475 1291 2529 ΠΝ.

605 2561 744 2631 Περί
781 2566 1111 2633 πραΰτητος
1138 2566 1236 2621 καί
1261 2570 1596 2635 εὐλαϐείας.

399 2652 660 2717 Εὐλαὸεῖς
695 2659 899 2709 ποιεῖτε
927 2658 1052 2720 τοὺς
1084 2659 1233 2723 υἱοὺς
1260 2659 1503 2730 Ἰσραήλ.

407 2744 467 2798 Ὀ
496 2744 782 2813 ἅνθρωπος
808 2749 1016 2819 Μωσῆς
1055 2750 1233 2820 πραῢς
1266 2752 1471 2822 σφόδρα
1498 2753 1649 2823 παρὰ
1680 2755 1886 2818 πάντας

314 2836 669 2905 ἀνθρώπους,
700 2840 828 2903 τοὺς
860 2840 1023 2904 ὄντας
1047 2843 1140 2896 ἐπὶ
1167 2845 1265 2911 τῆς
1297 2844 1427 2912 γῆς.

404 2927 694 3005 ’(ξδηγήσει
746 2935 944 3002 πραεῖς
971 2934 1031 2986 ὲν
1054 2934 1254 3006 κρίσει,
1286 2936 1490 3002 διδάξει
1517 2942 1712 3011 πραεῖς
1732 2941 1884 3006 ὁδοὺς

308 3021 509 3076 αὑτοῦ.

392 3114 458 3168 0!
494 3115 550 3169 δὲ
589 3120 782 3187 πραεῖς
810 3119 1279 3194 κληρονομήσουσι
1312 3126 1439 3197 γῆν,
1483 3130 1576 3183 καὶ
1609 3146 1885 3203 κατατρυ-

311 3208 590 3273 φήσουσιν
620 3208 714 3261 ἐπὶ
736 3207 931 3280 πλήθει
969 3212 1216 3283 εἰρήνης.

405 3299 827 3371 Ἀναλαμῦάνων
858 3307 1057 3372 πραεῖς
1078 3308 1107 3360 ό
1131 3307 1334 3378 Κύριος
1357 3350 1371 3375 ,
1402 3310 1607 3380 ὑψώσει
1650 3316 1806 3382 πρεῖς
1828 3315 1887 3368 ὲν

310 3395 588 3464 σωτηρίᾳ.

396 3486 725 3556 Πραΰθυμος
751 3487 891 3559 ἀνὴρ
919 3489 1090 3559 ταχὺς
1116 3491 1322 3561 ἱατρός.

390 3578 657 3646 Κρεῖσσον
701 3578 1027 3648 πραῢθυμος
1093 3583 1231 3652 μετὰ
1286 3588 1692 3653 ταπεινώσεως,
1743 3590 1775 3660 ἢ
1828 3591 1886 3655 ὃς

306 3667 605 3739 διαιρεῖται
636 3668 806 3722 σκῦλα
833 3671 970 3738 μετὰ
998 3670 1229 3741 ὕϐρεως.

392 3762 701 3830 Μακάριος,
733 3762 794 3825 ὃς
835 3767 1211 3833 καταπτήσσει
1249 3768 1427 3822 πάντα
1450 3771 1521 3822 δι’
1557 3773 1844 3828 εὐλάϐειαν
1868 3793 1883 3808 ο

307 3855 337 3906 ὁ
364 3853 425 3907 δὲ
456 3852 687 3924 σκληρὸς
716 3853 814 3924 τὴν
841 3856 1065 3925 καρδίαν
1090 3860 1413 3927 ἐμπεσεῖται
1438 3866 1645 3928 κακοῖς.

402 3946 721 4014 Ἀπόκρισις
755 3947 1142 4003 ὑποπίπτουσα
1182 3952 1515 4023 ἀποστρέφει
1549 3956 1737 4026 θυμόν.

395 4044 492 4105 ὐς
540 4040 781 4110 φείδεται
841 4042 991 4112 ῥῆμα
1028 4045 1297 4113 προέσθαι
1354 4048 1610 4120 σκληρὸν,
1653 4052 1883 4121 ἐπιγνώ-

313 4150 465 4202 μων.

387 4222 561 4290 Λόγος
594 4223 836 4294 μαλακὸς
869 4226 1128 4295 συγκλάει
1182 4229 1346 4282 ὀστᾶο
1384 4230 1559 4300 πραῢς
1616 4232 1756 4285 ἔστω
1782 4252 1885 4301 μα-

392 4333 515 4370 της.

392 4333 422 4369 τ
500 4354 515 4370 .

310 4315 614 4473 χηἰἰἓξινον,
658 4402 717 4460 ὲν
757 4408 1033 4478 πραΰτητι
1065 4410 1135 4463 τὰ
1170 4410 1308 4482 ἔργα
1333 4428 1425 4465 σου
1450 4411 1759 4482 διεξάγαγε,
1789 4416 1881 4469 καὶ

311 4499 426 4553 ὑπὸ
464 4498 751 4568 ἀνθρώπου
776 4499 971 4553 δεκτοῢη
996 4501 1354 4575 ἁγαπηθήσῃ.

386 4589 541 4643 Γίνου
570 4591 742 4660 πρᾶος
772 4590 831 4642 ὲν
864 4591 1152 4662 ἀποκρίσει
1179 4593 1362 4660 λόγου,
1395 4594 1483 4647 ἵνα
1507 4595 1768 4665 συνήσης.

399 4678 491 4731 Ἐν
520 4678 873 4748 μακροθυμίᾳ
914 4678 1152 4747 φθέγγου
1206 4684 1519 4754 ἀπόκρισιν.
1550 4684 1611 4737 Ei
1646 4685 1761 4738 ἐστι
1796 4702 1879 4738 σοι

234 4826 239 4829 χ
312 4771 556 4835 σύνεσις,
592 4771 920 4842 ἁποκρίθητι
957 4772 1035 4842 τῷ
1062 4773 1311 4843 πλησίον.

386 4861 612 4928 Τέκνον,
635 4863 699 4917 ἑν
725 4864 1001 4934 πραΰτητι
1023 4865 1122 4935 τὴν
1142 4866 1322 4937 ψυχήν
1351 4884 1446 4923 σου
1471 4868 1703 4936 δίδαξον.

390 5040 580 5104 Ῥίζας
640 5039 814 5095 ἐθνῶν
873 5041 1119 5095 καθεῖλεν
1165 5044 1194 5095 ὁ
1225 5041 1447 5112 Κύριος,
1480 5044 1575 5096 καὶ
1612 5043 1877 5113 ἐφύτευσε

312 5135 510 5203 πραεῖς
539 5135 656 5187 ἀντ’
682 5134 885 5189 αὐτῶν.

387 5224 669 5296 Μακάριοι
725 5226 773 5277 οἱ
810 5226 1026 5295 πραεῖς,
1075 5224 1158 5278 ὅτι
1211 5225 1363 5279 αὐτοὶ
1408 5225 1879 5299 κληρονομήσουσι

318 5314 410 5382 τὴν
440 5314 566 5383 γῆν.

387 5407 591 5473 ’Ἄρατε
634 5406 726 5459 τὸν
754 5407 917 5475 ζυγόν
951 5424 1054 5478 μου
1087 5409 1171 5483 ἐφ’
1198 5407 1364 5477 ὑμᾶς,
1415 5407 1509 5460 καὶ
1545 5408 1745 5475 μάθετε
1781 5410 1876 5463 ἀπ’

315 5495 446 5563 ἐμοῦ
479 5498 561 5549 ὃτι
613 5498 788 5567 πρᾶός
841 5500 957 5568 εἰμι
1000 5500 1094 5550 καὶ
1142 5499 1396 5561 ταπεινὸς
1419 5501 1487 5569 τῇ
1531 5499 1750 5571 καρδία.
1782 5501 1875 5555 καὶ

314 5586 576 5655 εὑρήσετε
603 5588 916 5643 ἀνάπαυσιν
937 5592 1057 5653 ταῖς
1091 5590 1291 5660 ψυχαῖς
1323 5591 1498 5659 ὑμῶν.

396 5681 456 5733 '0
482 5680 641 5751 λόγος
695 5682 848 5753 ὑμῶν
874 5684 1107 5736 πάντοτε
1156 5686 1213 5737 ἐν
1260 5682 1467 5753 χάριτι,
1500 5683 1659 5736 ἆλατι
1707 5686 1876 5753 ὴρτυο

314 5771 496 5839 μένος,
528 5774 723 5828 είδέναι
772 5772 888 5838 πῶς
918 5775 998 5829 δεῖ
1028 5776 1173 5846 ὑμᾶς
1204 5776 1286 5829 ἐνὶ
1313 5774 1532 5843 ἑκάστῳ
1578 5774 1869 5845 ἀποκρίνε-

313 5863 460 5920 σθαπ

2005 649 2114 694 ctat
2141 642 2266 698 dum
2301 647 2579 704 beneﬁciis
2620 667 2719 707 nos
2769 654 2951 720 allicit,
3001 672 3189 711 verum
3224 659 3398 712 etiam
3442 658 3569 711 dum

2004 735 2179 801 punit.
2216 736 2428 794 Etenim
2488 743 2990 802 animadversiones
3054 750 3171 818 ejus
3213 758 3267 801 et
3310 749 3570 816 supplicia

2013 823 2260 881 beneficii
2294 840 2419 885 sunt
2441 846 2565 901 pars
2587 836 3091 907 maxima,'quando
3113 850 3168 893 et
3197 841 3440 896 medicus
3464 856 3570 894 non

2006 919 2181 971 solum
2218 935 2341 974 cum
2377 921 2430 975 in
2458 923 2646 981 hortos
2679 936 2733 981 et
2767 937 2918 998 prata
2952 931 3135 984 educit
3164 940 3449 999 a'grottnn,
3479 943 3574 985 aut

2004 1007 2057 1060 in
2095 1008 2318 1066 balneas
2343 1022 2396 1067 et
2426 1029 2700 1085 aquarum
2738 1019 2997 1087 piscinas,
3049 1020 3139 1074 sed
3188 1020 3350 1073 etiam
3383 1035 3506 1073 cum
3543 1037 3572 1074 a

2004 1100 2129 1154 ciho
2155 1100 2430 1160 abstinere
2457 1109 2630 1177 jubet,
2662 1127 2785 1166 cum
2828 1125 3001 1177 serat,
3039 1128 3162 1167 cum
3198 1129 3384 1167 amara
3420 1115 3573 1167 adhi-

2006 1192 2097 1246 bet
2124 1195 2539 1263 medicamenta,
2575 1208 2691 1254 tum
2731 1218 2949 1273 quoque
2995 1215 3148 1272 reque
3193 1212 3276 1258 est
3306 1202 3569 1266 medicus,

2001 1301 2267 1356 suamque
2298 1292 2472 1360 magis
2511 1293 2749 1347 declarat
2780 1295 3191 1349 humanitatem.
3402 1295 3411 1306 '

2073 1374 2230 1446 Greg.
2270 1377 2436 1449 Nyss.
2468 1381 2568 1447 Qui
2600 1391 2794 1438 natura
2839 1385 3014 1440 bonus
3051 1393 3177 1447 est,
3225 1384 3365 1439 idem
3395 1392 3451 1438 et
3475 1385 3573 1438 bo-

2001 1477 2194 1519 norum
2224 1467 2447 1538 largitor
2475 1472 2697 1526 omnino
2729 1482 2833 1528 est.

2075 1557 2358 1628 Proprium
2395 1561 2663 1619 bonorum
2701 1566 2943 1620 omnium
2993 1576 3078 1622 est
3126 1567 3385 1637 prodesse
3425 1568 3567 1627 aliis.

2071 1649 2189 1706 Non
2217 1662 2329 1709 tam
2380 1657 2567 1724 verba,
2596 1659 2775 1730 [quam
2829 1663 2955 1716 honi
3005 1678 3186 1718 mores
3237 1663 3568 1733 persuadere

2002 1755 2253 1813 possunt.

2072 1834 2367 1907 Posidippi.
2399 1839 2640 1905 Quorum
2666 1856 2848 1898 mores
2878 1852 3006 1897 sunt
3034 1844 3320 1912 moderati,
3347 1861 3569 1903 eorum-

1995 1927 2119 1983 dem
2149 1938 2261 1985 tota
2287 1931 2395 1985 vita
2424 1932 2561 1988 bene
2585 1935 2887 2005 composita
2920 1946 3022 1990 est.

2092 2023 2221 2077 Arte
2245 2025 2446 2080 multos
2470 2026 2601 2079 mihi
2637 2026 2948 2089 familiares,
3039 2010 3047 2018 ’

2093 2113 2335 2169 Moribus
2367 2128 2546 2171 autem
2579 2119 2844 2186 plurimos
2884 2121 3092 2177 amicos
3121 2123 3459 2192 comparavi.

2064 2202 2448 2261 Themistoclis.
2490 2197 2888 2264 Themistocles
2926 2212 3188 2280 praedium
3226 2213 3563 2267 venditurus-

1982 2294 2150 2363 jussit
2178 2299 2441 2366 praeconis
2474 2311 2609 2353 voce
2647 2301 2995 2372 promulgari,
3043 2303 3209 2357 etiam
3248 2304 3448 2359 bonum
3484 2305 3564 2358 vi-

1987 2382 2167 2436 cinum
2200 2385 2251 2438 id
2293 2386 2511 2440 habere.

2288 2477 2520 2535 SERMO
2560 2480 2822 2541 Lxxxtv
2863 2481 2963 2554 [αι.
3006 2483 3262 2557 xcvuq.

2363 2572 2437 2625 De
2465 2573 2743 2628 clementia
2774 2584 2823 2628 et
2853 2577 3188 2631 verecundia.

2059 2664 2219 2718 Levit.
2254 2662 2518 2718 Verentcs
2543 2674 2596 2719 et
2627 2673 2933 2720 metuentes
2966 2666 3128 2722 facite
3152 2668 3292 2722 ﬁlios
3324 2668 3562 2726 lsraelis.

2060 2754 2224 2808 Num.
2260 2771 2356 2809 xu.
2395 2755 2573 2809 Moses
2617 2764 2941 2813 mansuetus
2970 2772 3134 2826 supra
3163 2772 3353 2813 omnes
3385 2760 3563 2813 homi-

1986 2864 2084 2904 nes
2111 2848 2204 2917 qui
2234 2859 2363 2904 sunt
2392 2849 2444 2901 in
2482 2848 2661 2903 terris.
2756 2827 2771 2842 ’

2056 2940 2206 2995 Psal.
2246 2955 2393 2994 χχιιι.
2436 2940 2670 2997 Deducet
2715 2950 2771 2996 et
2804 2948 3123 2997 mansuetos
3167 2941 3481 3013 injudicio,
3506 2953 3565 3000 et

1986 3034 2200 3090 docebit
2240 3037 2532 3090 clementes
2564 3036 2680 3089 vias
2711 3050 2864 3091 suas.

2057 3126 2214 3182 Miles
2252 3138 2432 3181 autem
2484 3126 2879 3182 hzereditabunt
2929 3138 3163 3192 terram,
3219 3127 3375 3199 24],
3409 3138 3464 3184 et
3508 3130 3559 3185 in

1912 3232 1956 3293 ο
1990 3234 2201 3273 summa
2228 3234 2362 3288 pace
2390 3219 2553 3273 vitam
2581 3229 2738 3290 agent
2768 3236 2891 3273 cum
2928 3221 3223 3289 voluptate.

2063 3311 2349 3379 Excipiens
2380 3313 2674 3368 clementes
2715 3313 2978 3369 Dominus
3029 3313 3271 3376 extollet,
3303 3321 3357 3367 et
3384 3315 3535 3369 saluo

1990 3412 2094 3457 tem
2126 3402 2294 3457 dabit.

2068 3494 2162 3549 Vir
2192 3497 2293 3549 leni
2324 3496 2579 3566 praeditus
2613 3496 2793 3549 animo
2820 3497 2965 3551 celer
2992 3505 3077 3551 est
3110 3499 3368 3553 medicus.

2073 3586 2231 3642 Prov.
2264 3604 2373 3645 xvt.
2406 3585 2638 3642 Pra'stat
2672 3588 2774 3641 leui
2805 3604 2926 3643 esse
2957 3590 3140 3643 animo
3172 3607 3293 3644 cum
3327 3589 3549 3644 humili-

1989 3689 2116 3742 tate,
2155 3696 2317 3749 quam
2349 3681 2593 3735 dividere
2616 3681 2786 3750 spolia
2819 3696 2940 3736 cum
2971 3683 3322 3736 contumelia.

2062 3772 2257 3825 Beatus
2285 3772 2378 3840 qui
2426 3771 2722 3842 prudenter
2753 3773 2935 3825 omnia
2967 3772 3159 3829 timet:
3191 3773 3328 3827 duro
3359 3781 3542 3827 autem

1986 3866 2149 3919 corde
2181 3866 2437 3933 prmdittls
2472 3864 2670 3921 incidet
2697 3866 2750 3921 in
2783 3866 2945 3920 mala.

2062 3955 2217 4011 Prov.
2245 3973 2335 4011 xv.
2366 3957 2667 4029 Responsio
2694 3957 2965 4013 submissa
2990 3957 3123 4011 iram
3157 3956 3375 4013 avertit.

2055 4049 2157 4113 Qui
2211 4060 2360 4103 cavet
2409 4064 2519 4118 quo
2572 4049 2752 4103 minus
2797 4048 3019 4105 verbum
3073 4049 3284 4104 emittat
3329 4049 3546 4109 durum,

1988 4141 2224 4209 prudens
2249 4150 2353 4192 est.

2067 4230 2182 4283 Jocl
2204 4240 2258 4284 et
2284 4230 2437 4283 Prov.
2469 4223 2596 4285 xxv.
2628 4229 2802 4285 Mollis
2829 4234 3007 4286 oratio
3047 4232 3345 4301 confringit
3378 4225 3544 4295 ossa';

1985 4324 2131 4376 mitis
2157 4333 2274 4376 esto
2303 4333 2587 4392 pugnator.

2062 4412 2228 4465 Ereti.
2268 4412 2390 4472 Fili.
2424 4413 2475 4466 in
2507 4412 2724 4467 lenitate
2756 4412 2839 4467 fac
2861 4428 3022 4483 opera
3051 4421 3141 4467 tua
3186 4413 3455 4482 perﬁcias,
3488 4422 3544 4466 et

1985 4505 2052 4559 ab
2089 4506 2308 4557 homine
2336 4515 2581 4571 spectato
2608 4504 2872 4571 diligeris.

1916 4563 1961 4619 υ
2060 4596 2188 4651 Esto
2214 4597 2349 4650 lenis
2378 4597 2429 4648 in
2458 4596 2831 4665 responsione,
2855 4605 2913 4650 ut
2938 4595 3228 4663 intelligas.

2049 4688 2183 4743 Cum
2233 4688 2494 4756 sapientia
2532 4690 2600 4750 da,
2654 4703 2991 4757 responsum.
3048 4687 3103 4742 Si
3135 4687 3548 4757 intelligentiam

1982 4779 2171 4839 habes,
2220 4780 2483 4845 responde
2515 4779 2777 4847 proximo.

2049 4868 2210 4923 Ecrli.
2242 4886 2295 4926 κ.
2321 4869 2444 4936 Fili,
2471 4871 2524 4924 in
2556 4871 2774 4925 lenitate
2791 4873 3030 4927 animum
3052 4881 3204 4927 tuum
3227 4881 3549 4927 monstrato.

1982 4962 2179 5031 (Alias,
2204 4961 2445 5025 δόξασον,
2471 4962 2521 5015 id
2552 4972 2635 5016 est
2656 4963 2942 5032 gloriﬁca.)

2049 5050 2188 5106 Ibid.
2216 5051 2443 5106 Radices
2462 5054 2703 5122 gentium
2731 5054 2967 5109 detraxit
2993 5053 3276 5120 Dominus,
3306 5064 3359 5109 et
3392 5056 3449 5109 in
3468 5055 3550 5110 lo-

1979 5154 2100 5194 cum
2126 5139 2339 5192 illarum
2368 5141 2628 5206 plantavit
2658 5151 2994 5198 mansuetos.

2060 5231 2245 5286 Matth.
2282 5246 2332 5285 v.
2382 5232 2528 5286 Beati
2577 5236 2891 5301 clementes,
2944 5236 3202 5305 quoniam
3253 5236 3352 5304 ipsi
3384 5242 3543 5289 terra:

1979 5322 2349 5376 haireditatem
2393 5322 2629 5389 capient.
3126 5391 3138 5405 .

2054 5413 2245 5468 Matth.
2285 5430 2359 5467 XI.
2418 5415 2659 5485 Accipite
2705 5416 2894 5485 jugum
2925 5430 3102 5469 meum
3139 5431 3301 5480 super
3329 5430 3448 5480 vos,
3478 5432 3540 5471 ac

1975 5523 2040 5559 ex
2078 5522 2161 5559 me
2195 5506 2406 5567 discite,
2439 5508 2691 5574 quoniam
2718 5508 2864 5561 mitis
2883 5522 3002 5559 sum
3031 5516 3085 5559 et
3107 5508 3325 5561 humilis
3353 5508 3536 5573 corde,

1975 5608 2028 5650 et
2063 5597 2257 5648 animis
2284 5597 2477 5665 vestris
2511 5599 2808 5667 requietem
2837 5598 3139 5652 invenietis.

2046 5684 2248 5741 Coloss.
2296 5704 2369 5742 tv.
2418 5689 2609 5743 Sermo
2659 5696 2838 5743 vester
2869 5702 3083 5755 semper
3126 5689 3177 5742 iu
3211 5692 3536 5757 gratia,Salc

1973 5777 2246 5840 conditus,
2293 5789 2350 5833 ut
2382 5779 2836 5846 quemadmodum
2876 5779 3169 5850 unicuique
3202 5784 3534 5852 respondere

1972 5870 2244 5933 convenit,
2268 5870 2475 5925 sciatis.
