3974 6558
316 408 447 471 1205

1078 407 1245 467 LOCI
1274 406 1710 469 COMMUNES.
1732 432 1799 441 -·
1822 408 2014 467 PARS
2040 407 2124 469 II.
2166 405 2420 467 SERMO
2453 406 2771 471 LXXXVI.

3410 405 3546 469 1206

379 524 487 578 Καὶ
513 516 581 591 ἦν
618 520 854 589 Ἐφραῖμ
887 519 961 581 ὼς
995 518 1291 588 περιστερὰ
1322 519 1507 582 ἄνους,
1534 518 1617 589 μὴ
1660 519 1866 589 ἔχουσα

2036 518 2167 574 Osee
2220 534 2321 575 vn.
2355 508 2418 573 Et
2446 529 2564 574 erat
2592 501 2848 589 Ephraim
2880 515 3025 571 velut
3058 515 3309 574 coiomba
3340 521 3541 577 stolida

313 616 557 681 καρδίαν.

378 702 595 758 Γίνεσθε
633 704 885 773 φρόνιμοι
927 704 1003 767 ὡς
1038 705 1090 757 οἱ
1136 702 1313 774 ὄφεις,
1372 701 1464 755 καὶ
1501 701 1758 769 ἀκέραιοι
1790 701 1865 762 ὡς

313 797 363 849 ai
395 796 735 866 περιστεραί.

388 887 449 940 ’0
484 886 673 956 λύχνος
716 886 810 941 τοῦ
842 886 1091 956 σώματός
1137 886 1285 938 ἐστιν
1319 886 1348 938 ό
1392 884 1699 955 ὀφθαλμός.
1742 882 1869 939 Ἐὰν

311 974 403 1032 οὖν
430 980 460 1032 ό
510 979 785 1047 ὀφθαλμός
816 996 909 1033 σου
946 975 1148 1040 ἁπλοῦς
1203 973 1260 1050 ᾖ.
1307 975 1428 1030 ὅλον
1460 975 1523 1029 τὸ
1574 974 1733 1045 σῶμα
1774 990 1871 1027 σου

311 1070 567 1138 φωτεινὸν
594 1069 766 1125 ἔσται.

374 1160 577 1225 Διττῶς
602 1162 829 1231 νοοῦμεν
857 1161 954 1233 τὴν
978 1163 1213 1218 ἀκακίαν
1231 1179 1247 1192 ·
1275 1163 1309 1233 ἢ
1341 1162 1449 1231 γὰρ
1478 1161 1620 1215 κατὰ
1636 1160 1735 1231 τὴν
1762 1160 1873 1213 ἀπὸ

310 1255 404 1324 τῆς
430 1254 705 1324 ἁμαρτίας
754 1254 1105 1323 ἀλλοτρίωσιν
1132 1253 1378 1324 λογισμῷ
1407 1251 1871 1322 κατορθουμένην,

310 1345 402 1398 καὶ
423 1345 510 1398 διὰ
548 1347 765 1415 μακρᾶς
798 1346 1072 1417 προσοχῆς
1124 1347 1219 1399 καὶ
1246 1346 1478 1415 μελέτης
1505 1344 1615 1398 τῶν
1652 1344 1874 1413 ἀγαθῶν

308 1433 471 1486 οίονεὶ
497 1434 595 1504 τὴν
647 1434 803 1504 ῥίζαν
858 1439 955 1505 τῆς
996 1435 1195 1499 κακίας
1246 1436 1608 1505 ἐκτεμόντεςο
1647 1434 1680 1504 ἢ
1734 1434 1875 1491 κατὰ

310 1526 567 1596 στέρησιν
598 1528 769 1599 αὑτῆς
818 1527 1079 1597 παντελῆ,
1108 1529 1205 1598 τὴν
1234 1528 1328 1582 τοῦ
1364 1529 1575 1583 ἀκάκου
1604 1544 1878 1599 προσηγο-

302 1615 437 1686 ρίαν
464 1615 747 1686 δεχόμεθα.
784 1618 888 1670 Καὶ
912 1618 1072 1672 πάλιν
1111 1618 1314 1672 ἀκακία
1342 1619 1491 1671 ἐστὶν
1521 1619 1554 1687 ἡ
1582 1614 1875 1688 μήπωτοῦ

306 1707 483 1761 κακοῦ
521 1709 802 1780 ἐμπειρία,
836 1711 923 1763 διὰ
968 1710 1195 1779 νεότητα
1225 1710 1492 1774 πολλάκις
1515 1711 1549 1780 ἢ
1582 1709 1700 1779 βίου
1734 1709 1877 1774 τινὸς

302 1802 676 1870 ἐπιτήδευσιν,
708 1803 950 1874 ἀπείρως
987 1802 1154 1856 τινῶν
1182 1803 1318 1873 πρός
1346 1819 1505 1879 τινας.
1533 1804 1734 1867 κακίας
1763 1803 1878 1857 δια-

1973 619 2029 663 et
2064 626 2123 661 ra
2133 626 2259 664 rens
2297 612 2477 665 corde.

2053 700 2247 757 Matth.
2279 717 2336 756 Χ.
2386 703 2573 757 Estote
2624 703 2921 773 prudentes
2957 703 3105 760 sicut
3152 711 3459 773 serpentes,
3491 714 3547 758 ct

1974 793 2251 862 simplices
2279 803 2337 849 ut
2372 796 2655 851 columbae.

2048 886 2237 941 Matth.
2298 904 2373 941 vr.
2419 886 2665 944 Lucerna
2698 888 2950 958 corporis
3000 889 3079 945 tui
3112 898 3200 961 est.
3242 888 3457 945 oculus.
3488 890 3546 943 Si

1976 978 2141 1050 igitur
2198 980 2392 1035 oculus
2424 990 2551 1036 tuus
2601 981 2829 1050 sime
2886 982 3071 1047 fuerit,
3106 989 3285 1039 talum
3342 996 3546 1050 corpus

1976 1083 2129 1129 tuum
2162 1072 2397 1127 lucidum
2427 1075 2555 1128 erit.

2044 1162 2107 1221 8.
2154 1164 2370 1220 Basilii.
2401 1164 2698 1234 Dupliciter
2734 1165 3100 1222 innocentiam
3157 1164 3548 1235 intelligimus;

1977 1264 2073 1311 aut
2115 1255 2262 1309 enim
2296 1256 2365 1310 ab
2396 1255 2722 1312 alienatione
2768 1271 2802 1311 a
2838 1266 3064 1326 peccato
3090 1297 3105 1319 ,
3154 1272 3279 1326 quae
3332 1256 3548 1310 ratione

1979 1347 2254 1419 dirigitur,
2294 1363 2358 1402 ac
2388 1364 2484 1418 per
2535 1350 2746 1419 longam
2802 1350 3162 1405 attentionem
3202 1359 3256 1404 et
3285 1347 3551 1401 exercita-

1981 1438 2181 1494 tionem
2215 1439 2480 1495 bonorum
2513 1443 2670 1511 quasi
2705 1442 2885 1497 radice
2918 1441 3175 1496 vitiorum
3200 1440 3422 1505 excisa;
3454 1448 3551 1492 aut

1981 1546 2045 1587 ex
2071 1533 2381 1590 omnimodo
2410 1534 2628 1589 malitia:
2660 1534 2970 1605 privatione
3017 1533 3282 1600 simplicis
3309 1543 3362 1589 et
3388 1534 3549 1586 inno-

1984 1622 2157 1677 centis
2190 1622 2611 1691 appellationem
2662 1624 2978 1693 accipimus.
3012 1623 3080 1677 Et
3122 1636 3332 1684 rursus.
3389 1620 3550 1675 inno-

1983 1711 2164 1765 centia
2196 1719 2279 1765 est
2302 1726 2366 1765 ea
2392 1727 2511 1781 qua:
2540 1712 2664 1766 mali
2689 1713 2935 1783 imperita
2956 1723 3060 1779 est.
3084 1722 3144 1771 ut
3166 1702 3308 1783 saepe
3331 1720 3552 1781 propter

1985 1810 2193 1856 aetatem
2219 1802 2533 1871 iuvenilem,
2564 1814 2659 1859 aut
2680 1816 2899 1874 propter
2929 1805 3052 1860 vitae
3081 1821 3254 1874 genus
3298 1806 3549 1860 nonnulli

309 1895 603 1962 κειμένων,
638 1889 749 1947 οἷον
791 1897 820 1948 ὁ
870 1897 998 1957 παῖς
1021 1894 1118 1949 οὑκ
1164 1891 1308 1948 οἶδεν
1349 1894 1749 1965 ὑπερηφανίαν,
1778 1895 1880 1949 οὑκ

2012 1894 2213 1963 mperiti
2240 1894 2699 1965 .suntaiiquarum
2731 1896 3144 1964 improbitatum
3168 1907 3224 1950 et
3252 1895 3507 1950 vitiorqu
3532 1913 3549 1955 :

308 1982 423 2039 οἶδε
453 1986 602 2041 δόλον
642 1987 675 2056 ἢ
717 1988 1088 2058 ῥᾳδιουργίαν.
1124 1986 1266 2050 Τοὺς
1315 1986 1595 2050 τοιούτους
1640 1987 1885 2049 ἀκάκους

309 2076 567 2147 λέγομεν.
595 2079 692 2148 οὑχ
720 2077 794 2140 ὡς
821 2080 884 2131 ὲκ
922 2079 1295 2150 προαιρέσεως
1324 2078 1522 2141 κακίας
1546 2078 1888 2148 κεχωρισμέ-

306 2184 464 2231 νους,
513 2168 627 2221 ἀλλ’
652 2171 726 2231 ὡς
757 2170 922 2238 μήπω
955 2172 1031 2232 εἰς
1063 2170 1260 2237 πεῖραν
1300 2169 1401 2241 τῆς
1430 2169 1673 2241 πονηρᾶς
1720 2168 1889 2233 ἕξεως

315 2260 676 2329 ἀφιγμένους.
709 2262 1115 2333 Χαρακτηρίζει
1149 2263 1241 2317 οὑν
1272 2262 1366 2317 τὸν
1410 2263 1616 2318 ἄκακον
1648 2264 1683 2333 ἡ
1718 2264 1886 2317 ἁπλό-

324 2370 429 2425 της
459 2352 554 2406 τοῦ
586 2354 809 2423 τρόπου.

394 2537 469 2589 Τὸ
502 2535 703 2589 ἁπλοῦν
726 2536 823 2589 καὶ
864 2535 1048 2589 ἄδολον
1080 2536 1174 2590 τοῦ
1206 2536 1371 2607 ἤθους
1426 2535 1664 2599 εὐκόλως
1699 2534 1893 2603 ἐξαγο-

320 2629 476 2701 ρεύει
500 2629 568 2683 τὰ
594 2630 881 2699 ἀπόρρητα
911 2629 1009 2699 τῆς
1038 2629 1245 2698 ψυχῆς.

377 2760 380 2763 τ
415 2719 751 2786 Ἀφὺλακτον
779 2721 813 2787 ή
865 2718 1120 2789 ἁπλότης,
1174 2720 1265 2771 καὶ⁵
1296 2718 1496 2789 ἥκιστα
1540 2717 1737 2773 κακίαν
1766 2719 1896 2787 ὑφο-

325 2810 489 2880 ρᾶται
514 2809 576 2863 τὸ
601 2810 796 2871 κακίας
826 2810 1130 2878 ἐλεύθερον.

398 2901 573 2971 Βραδὺ
598 2902 733 2972 πρὸς
758 2902 1010 2956 ὑπόνοιαν
1042 2888 1213 2955 κακοῦ
1238 2902 1297 2953 τὸ
1322 2901 1456 2971 πρὸς
1476 2900 1678 2956 κακίαν
1710 2900 1897 2953 δυσκί-

324 3012 517 3063 νητον.
1384 3046 1387 3051 ,

404 3087 478 3139 Τὸ
510 3087 591 3151 εἰς
621 3086 818 3140 κακίαν
847 3090 945 3158 οὑχ
1003 3086 1220 3155 ἕτοιμον
1248 3084 1369 3138 οὑδὲ
1404 3086 1485 3147 είς
1519 3084 1775 3137 ὑπόνοιαν
1808 3082 1900 3135 εὑ·-

328 3178 518 3247 χερές.

1990 1996 2049 2041 ut
2075 2000 2211 2056 puer
2233 2000 2343 2043 non
2367 1988 2518 2042 novit
2541 1988 2873 2057 superbiam,
2910 2004 3020 2043 non
3069 1989 3219 2042 novit
3247 1987 3432 2041 dolum
3459 1996 3553 2040 aut

1989 2078 2305 2135 versutiam.
2334 2077 2494 2134 Tales
2544 2079 2820 2147 simplices
2875 2080 3058 2135 dicere
3115 2080 3392 2143 solemus,
3445 2094 3553 2134 non

1991 2169 2134 2237 quod
2162 2184 2225 2223 ex
2250 2170 2501 2226 instituto
2527 2186 2557 2225 a
2605 2171 2751 2227 male
2779 2179 2833 2226 et
2865 2170 2996 2225 vitio
3023 2172 3137 2225 sint
3158 2170 3424 2240 separati,
3459 2172 3554 2226 sed

1991 2261 2131 2331 quod
2188 2266 2428 2317 nondum
2481 2262 2755 2319 senserint
2810 2271 2905 2318 aut
2943 2263 3155 2332 experti
3188 2263 3298 2318 sint
3352 2263 3551 2318 malam

1991 2354 2155 2408 animi
2184 2352 2544 2412 adactionem.
2574 2355 2796 2412 Fermat
2846 2353 3011 2426 26.3
3060 2355 3230 2427 igitur
3257 2354 3556 2424 simplicem

1994 2458 2204 2499 morum
2242 2446 2585 2515 simplicitas.
2957 2514 2963 2521 _

2067 2537 2394 2609 Simplicitas
2421 2550 2474 2595 et
2520 2555 2700 2595 mores
2736 2540 2960 2595 minime
3001 2539 3174 2595 dolosi
3204 2539 3361 2595 facile
3390 2538 3558 2597 animi

1994 2641 2201 2686 secreta
2229 2633 2537 2687 enilmtiant.

2068 2721 2338 2793 Tlteologi.
2404 2724 2624 2779 lncauta
2684 2733 2767 2779 est
2831 2725 3193 2792 simplicitas,
3227 2722 3559 2792 minimeque

1996 2818 2122 2872 mali
2151 2818 2449 2887 quidquam
2481 2820 2814 2889 suSpicatur,
2848 2820 2940 2889 qui
2972 2834 3003 2873 ιι
3039 2819 3181 2873 malo
3217 2819 3351 2873 liber
3372 2827 3482 2873 est.

1984 2944 1988 2949 -
2067 2910 2277 2966 Tardus
2307 2920 2391 2964 est
2436 2912 2500 2965 ad
2532 2911 2659 2965 mali
2695 2912 3088 2981 suspicionem,
3131 2911 3224 2981 qui
3262 2910 3337 2965 ad
3358 2908 3562 2965 malum

1997 3018 2140 3071 agre
2177 3000 2493 3071 impellitur.

2068 3093 2168 3160 Qui
2194 3095 2265 3148 ad
2298 3094 2499 3149 uitulum
2531 3095 2936 3165 suscipiendum
2972 3105 3196 3163 paratus
3230 3109 3336 3148 non
3380 3101 3484 3159 est,
3516 3093 3563 3146 is

1999 3200 2068 3239 ne
2097 3185 2163 3239 ad
2193 3184 2318 3237 mali
2351 3184 2567 3253 quidem
2598 3184 2966 3254 suspicionem
2999 3184 3178 3240 facilis
3193 3192 3300 3240 cst.

410 3232 492 3321 IT
508 3267 705 3331 κακίας
734 3267 1019 3340 ἐλεύθερον
1049 3268 1144 3321 καὶ
1178 3267 1482 3337 ὑφορᾶσθαι
1511 3269 1710 3323 κακίαν
1734 3268 1889 3340 ἀργό-

2012 3232 2067 3239 __
2098 3232 2163 3239 η
2193 3232 2318 3237 -__--
2355 3232 2567 3253 την--
2598 3232 2966 3254 -__,------_---
3001 3232 3177 3240 -_--"-
3203 3232 3300 3240 ..η

2078 3275 2140 3332 S.
2177 3273 2447 3345 Chrysost.
2476 3275 2577 3343 Qui
2609 3292 2643 3330 a
2673 3276 2817 3330 malo
2867 3276 3002 3330 liber
3025 3287 3139 3344 est,
3165 3278 3209 3331 is
3244 3278 3310 3331 ad
3360 3276 3559 3331 n‘talum

326 3376 511 3429 τερον.

412 3453 816 3522 Χαρακτηρίζει
847 3453 939 3505 τὸν
971 3453 1176 3506 ἄκακον
1204 3453 1237 3523 ἡ
1270 3452 1511 3521 ἁπλότης
1533 3452 1628 3506 τοὺ
1662 3453 1843 3521 λόγου.

419 3543 487 3597 Ἤ
537 3544 773 3615 ἁπλότης
819 3545 1123 3614 τιμιωτέρα
1142 3548 1288 3612 παρὰ
1329 3543 1469 3613 Θεῷ.
1513 3543 1588 3597 Τὸ
1618 3544 1725 3613 γὰρ
1769 3560 1905 3597 παν-

332 3636 559 3706 οῦργον,
616 3638 665 3689 εἰ
688 3638 782 3689 καὶ
810 3635 998 3689 δεκτόν
1028 3652 1157 3688 ποτε
1191 3636 1251 3687 ἐν
1277 3637 1390 3696 τοῖς
1424 3636 1563 3688 κατὰ
1585 3633 1717 3687 Θεὸν
1741 3650 1906 3686 σπου-

335 3730 635 3797 δάσμασιν,
667 3726 783 3781 ἀλλ’
806 3727 1055 3796 οὐδαμῶς
1080 3731 1159 3791 εἰς
1192 3727 1393 3797 ἀρετῆς
1428 3726 1655 3782 εὐωδίαν
1680 3725 1905 3780 καταλο-

336 3821 703 3892 γισθήσεταιν

922 3955 1139 4010 ΛυΓΟΣ
1180 3953 1318 4022 [ις’.

345 4054 489 4162 Ῑίερὶ
537 4094 906 4162 πανούργου,
961 4091 1342 4214 καὶόδολιόυ,
1367 4090 1465 4143 καὶ
1510 4088 1767 4144 σκολιοῦ
1800 4089 1908 4142 τὸν

1002 4178 1070 4214 το
1109 4176 1246 4214 πον.

1002 4176 1246 4229 τροπον,

433 4276 832 4345 Ἐξολοθρεὺσει
861 4273 1064 4340 Κὺριος
1094 4274 1274 4328 πάντα
1312 4275 1382 4327 τὰ
1427 4274 1585 4345 χείλη
1639 4274 1707 4327 τὰ
1735 4275 1905 4338 δόλια.

344 4372 601 4439 γλῶσσαν
632 4368 943 4441 μεγαλοῤῥὴ
954 4384 1105 4433 μονα.

423 4463 498 4515 Τὸ
527 4462 700 4529 στόμα
736 4478 829 4513 σου
880 4457 1171 4511 ἐπλεόνασε
1210 4456 1432 4520 κακίας.
1478 4457 1570 4510 καὶ
1602 4459 1633 4525 ἡ
1690 4458 1912 4523 γλῶσσά

351 4574 449 4609 σου
482 4553 809 4623 περιέπλεκε
843 4551 927 4603 δολ
939 4553 1173 4619 ιότητας.

431 4648 655 4711 Ἀνδρες
703 4646 950 4714 αἱμάτων
1000 4644 1096 4696 καὶ
1143 4641 1446 4713 δολιότητος
1474 4643 1534 4695 οὑ
1575 4641 1651 4712 μὴ
1686 4642 1911 4713 ὴμισεὺ-

357 4756 495 4793 σωσι
523 4738 621 4799 τὰς
655 4735 870 4805 ἡμέρας
905 4735 1108 4788 αὑτῶν.

2006 3367 2392 3434 suspicandum
2429 3367 2655 3420 tardior.

2078 3453 2355 3511 Orationis
2382 3456 2708 3525 simplicilas
2735 3457 3035 3528 simplicem
3058 3459 3322 3517 declarat.

2078 3547 2138 3602 S.
2167 3547 2373 3617 Cyrilli.
2403 3547 2617 3602 Maximi
2643 3560 2727 3604 est
2749 3550 2904 3618 pretii
2946 3552 3087 3619 apud
3118 3552 3280 3606 Deum
3305 3555 3569 3625 simplici-

2002 3653 2125 3705 tas;
2160 3656 2284 3695 nam
2319 3641 2419 3696 etsi
2450 3642 2688 3696 versutia
2732 3642 3018 3712 aliquoties
3060 3660 3170 3698 non
3195 3645 3439 3715 rejicitur
3493 3648 3551 3702 in

2007 3748 2189 3786 rerum
2262 3733 2569 3787 divinarum
2647 3733 2864 3799 studiis,
2909 3734 3326 3804 haudquaquam
3384 3746 3561 3793 tamen

2009 3824 2062 3879 in
2092 3824 2306 3879 virtutis
2326 3824 2688 3880 suaveolentis
2714 3841 3006 3881 nummum
3036 3837 3350 3898 reponetur.

2337 3958 2567 4014 SERMO
2630 3958 2893 4013 LXXXVI
2930 3959 3036 4032 [αι.
3062 3959 3257 4034 κγηπ

2010 4094 2086 4149 De
2122 4106 2350 4159 versuto,
2373 4103 2420 4146 et
2448 4095 2646 4159 doloso,
2682 4106 2727 4147 et
2756 4098 3010 4164 perversis
3046 4099 3273 4152 moribus
3323 4100 3569 4169 praedito.

2081 4275 2229 4331 Psal.
2271 4290 2346 4329 ιιι.
2390 4274 2670 4345 Disperdet
2701 4274 3157 4332 Dominusomnia
3188 4277 3329 4332 labia
3380 4280 3565 4335 dolosa

2010 4377 2065 4421 et
2095 4367 2331 4435 linguam
2356 4366 2638 4434 magniﬁca
2670 4364 2999 4433 loquentem.

2082 4457 2156 4514 Os
2192 4469 2344 4513 tuum
2385 4459 2589 4513 malitia
2622 4458 2965 4524 redundavit,
2995 4466 3050 4513 et
3084 4456 3267 4531 lingua
3300 4470 3389 4515 tua
3414 4461 3571 4517 dolus

1939 4562 1993 4622 ι)
2016 4551 2331 4605 connexuit.
2676 4593 2685 4601 .

2052 4682 2055 4689 ς
2090 4643 2197 4696 Viri
2220 4642 2549 4712 sanguinarii
2580 4651 2635 4697 ct
2663 4643 2840 4699 dolosi
2873 4643 3156 4699 dimidium
3204 4644 3329 4698 vita:
3356 4654 3570 4714 tempus

2021 4751 2124 4787 non
2156 4736 2478 4804 implebunt.

434 4827 622 4897 Κὺριε,
655 4827 815 4896 ῥῦσαι
842 4824 941 4894 τὴν
991 4825 1172 4895 ψυχήν
1201 4842 1303 4893 μου
1332 4823 1439 4877 ἀπὸ
1466 4823 1688 4893 χειλέων
1717 4824 1918 4877 ἀδίκων

360 4920 459 4972 καλ⁵
487 4919 594 4972 ἀπὸ
617 4917 866 4987 γλώσσης
910 4916 1111 4976 δολίας.

433 5012 845 5078 Διεστραμμένη
877 5006 1074 5074 καρδία
1107 5005 1445 5059 τεκταίνεται
1483 5006 1659 5058 κακά’
1690 5006 1747 5057 ὲν
1778 5021 1919 5056 παν-

362 5106 419 5157 τ¹ι
456 5101 634 5170 καιρῴ
661 5103 690 5153 ὁ
717 5100 956 5160 τοιοῦτος
985 5097 1227 5167 ταραχὰς
1276 5095 1557 5163 συνίστησι
1606 5096 1759 5149 πόλει
1786 5110 1801 5123 ”
1834 5098 1922 5150 διὰ

362 5193 523 5247 τοῦτο
548 5192 804 5256 ἐξαπίνης
833 5191 1048 5259 ἔρχεται
1075 5189 1109 5259 ὴ
1141 5186 1385 5241 ἀπώλεια
1420 5186 1607 5252 αὑτοῦ,
1638 5188 1719 5238 ὃτι
1743 5186 1923 5257 χαίρει

366 5288 535 5339 πᾶσιν
560 5280 641 5345 οἷς
679 5283 828 5351 μισεί
852 5281 880 5331 ό
908 5280 1061 5342 Θεός.

440 5378 603 5443 Λόγοι
628 5372 838 5425 ἀσεϐῶν
868 5373 1051 5427 δόλιοι.

438 5465 623 5534 Ψυχαὶ
651 5463 871 5517 δικαίων
907 5462 1211 5515 πλανῶνται
1247 5464 1306 5515 ὲν
1329 5461 1650 5530 ἁμαρτίαις.

449 5560 510 5631 '_O
540 5556 751 5621 σκολιὸς
778 5555 872 5608 ἐπὶ
900 5557 961 5608 τὸ
990 5554 1187 5608 ἑαυτοῦ
1226 5555 1400 5624 στόμα
1441 5554 1597 5622 φορεῖ
1627 5552 1727 5622 τὴν
1780 5550 1928 5604 ἀπώ-

365 5651 539 5703 λειαν.

452 5741 617 5811 Ἀνὴρ
649 5737 859 5802 σκολιὸς
893 5737 1263 5807 διαπέμπεται
1294 5736 1466 5802 κακὰ,
1492 5734 1585 5788 καὶ
1612 5732 1927 5804 διαχωρίζει

372 5850 577 5905 φιλους.

2091 4828 2306 4893 Libera,
2343 4828 2590 4897 Domine,
2616 4847 2645 4885 a
2680 4830 2837 4884 labiis
2871 4829 3074 4898 iniquis
3106 4829 3340 4883 animam
3382 4847 3580 4896 meam,

2021 4929 2074 4973 et
2104 4935 2133 4973 a
2162 4919 2337 4990 lingua
2368 4921 2579 4975 dolosa.

2092 5010 2412 5066 Salomonis.
2461 5012 2781 5066 Perversum
2831 5026 2926 5066 cor
2972 5011 3355 5067 arcliitectatur
3387 5013 3525 5065 mala
3560 5028 3580 5067 :

2023 5103 2079 5156 in
2131 5104 2275 5155 omni
2332 5112 2573 5170 tempore
2622 5104 2746 5157 talis
2809 5104 3000 5159 turbas
3066 5104 3298 5158 suscitat
3345 5104 3583 5171 civitati,

2025 5195 2377 5271 quamobrem
2407 5204 2628 5261 repente
2654 5194 2829 5247 aderit
2853 5184 3151 5249 internecio
3186 5194 3326 5264 ejus,
3359 5194 3502 5264 quod
3532 5195 3582 5249 is

2024 5285 2278 5343 omnibus
2301 5284 2595 5338 delet-tetur
2620 5301 2740 5354 quae
2768 5287 2881 5339 odit
2915 5286 3079 5340 Deus.

2098 5374 2387 5427 Sermones
2425 5373 2713 5441 impiorum
2751 5374 3019 5430 insidiosi.

2097 5463 2276 5516 Animi
2304 5463 2572 5533 jnslorum
2597 5474 2781 5533 errant
2808 5462 2862 5516 iu
2893 5463 3146 5530 peccatis.

2105 5555 2313 5609 Pravus
2342 5553 2397 5607 in
2420 5570 2515 5625 ore
2544 5569 2646 5608 suo
2669 5553 2774 5608 fert
2797 5553 3039 5608 exitium.

2030 5713 2039 5721 ’
2107 5731 2199 5787 Vir
2233 5748 2429 5803 pravus
2463 5730 2699 5786 immittit
2728 5729 2887 5794 rnala,
2910 5738 2963 5783 et
2993 5729 3255 5785 dissociat
3283 5727 3510 5785 amicos.
