3964 6558
461 397 598 462 1201

536 515 946 588 i’ravisyravas
976 515 1093 572 vias
1115 516 1281 571 mittit
1307 515 1470 571 Deus.

527 697 819 754 Sermones
834 699 1200 763 :adnlatorum
1229 700 1438 764 molles,
1467 699 1563 754 sed
1595 699 1818 755 intimas
1850 712 2032 768 partes

457 786 678 845 feriunt.

525 881 813 938 Tortuosis
844 883 948 940 viis
965 883 1249 938 ambulans
1273 882 1662 952 implicabitur.

529 973 660 1033 Luc.
687 992 800 1032 xvr.
844 975 965 1032 Filii
1026 977 1190 1050 bujus
1241 977 1427 1034 saeculi
1461 976 1514 1030 in
1551 990 1753 1048 genere
1779 992 1883 1033 suo
1906 978 2033 1033 tlliis

456 1066 595 1123 lucis
624 1077 756 1123 sunt
792 1069 1196 1138 prudentiores.

463 1197 466 1202 -
522 1155 582 1214 8.
615 1156 830 1212 Basilii.
859 1156 977 1212 Duo
1002 1157 1273 1230 signiﬁcat
1299 1158 1466 1212 astuti
1490 1157 1814 1212 vocabulum
1846 1175 1861 1210 :
1894 1155 2034 1210 alter

455 1252 599 1307 enim
632 1252 700 1307 ad
722 1251 1026 1307 nocendum
1061 1251 1183 1306 aliis
1229 1251 1450 1305 solertia
1482 1249 1689 1320 ingenii
1735 1257 1896 1305 utens
1927 1249 2034 1317 im:

453 1345 655 1414 probus
710 1353 794 1400 est
842 1344 1019 1400 :alter
1051 1343 1209 1398 laude
1239 1343 1459 1412 dignus,
1509 1344 1600 1413 qui
1631 1352 1793 1397 acute
1819 1352 1874 1398 et
1904 1357 2031 1410 pru-

452 1438 647 1492 denter
673 1436 779 1491 sibi
809 1438 1276 1491 accommodatum
1311 1437 1512 1490 bonum
1569 1436 1790 1506 reperit,
1841 1434 2028 1490 dolosa

452 1540 632 1585 autem
671 1540 728 1585 et
754 1528 1012 1584 insidiosa
1059 1528 1404 1583 incommoda
1437 1539 1489 1583 et
1546 1528 1874 1584 detrimenta
1906 1543 2030 1599 qua:

452 1625 521 1680 ab
552 1625 672 1680 aliis
719 1623 1040 1685 atteruntur.
1095 1622 1350 1677 declinat.
1401 1620 1643 1678 Observa
1701 1622 1869 1693 igitur
1897 1620 2027 1676 dili-

452 1725 640 1784 genter
663 1717 876 1772 astutia:
901 1714 1255 1776 vocabulum.
1284 1731 1346 1769 ac
1369 1714 1613 1769 medium
1643 1713 1933 1783 quemdam
1975 1713 2026 1766 id

454 1811 658 1866 habere
681 1810 920 1866 habitum
943 1809 1216 1879 intellige;
1243 1823 1348 1878 qua
1372 1807 1466 1878 qui
1507 1822 1576 1862 ex
1613 1806 1868 1863 instituto
1892 1821 2024 1860 sano

1723 402 2044 464 ANTONII
2083 403 2427 465 MELISSE

2063 525 2109 578 -Α
2214 520 2354 587 Πρὸς
2382 537 2509 585 τους
2557 521 2804 584 σκολιοὺς
2853 520 3073 584 σκολιὰς
3115 519 3275 580 ὀδοὺς
3310 519 3638 573 ἀποστέλλει
3683 521 3707 573 ὁ

3580 400 3706 465 1208

2143 612 2296 676 Θεὸς.

2207 707 2370 774 Λόγοι
2401 709 2706 778 κερκὼπων
2736 707 2999 778 μαλακοίο
3033 699 3185 762 οὗτοι
3215 703 3273 759 δὲ
3303 702 3602 758 τύπτουσιν
3638 707 3710 766 είς
3764 769 3767 773 _

2134 800 2339 866 ταμεῖα
2366 799 2711 871 σπλάγχνων.

2217 891 2281 948 ’0
2312 893 2552 958 σκολιαῖς
2601 895 2745 956 ὁδοῖς
2778 893 3225 964 ἐμπορευόμενος
3275 890 3707 959 ἐμπλακήσεται.

2205 987 2270 1041 οι
2303 986 2411 1040 υἱοὶ
2437 985 2534 1040 τοῦ
2555 987 2754 1050 αίῶνος
2776 984 2970 1039 τούτου
2995 982 3402 1056 φρονιμώτεροι
3431 981 3574 1051 ὑπὲρ
3593 983 3709 1044 τοὺς

2135 1076 2285 1140 υἱοὺς
2311 1073 2405 1128 τοῦ
2441 1073 2619 1145 φωτὸς
2650 1075 2732 1139 είς
2755 1075 2856 1145 τὴν
2883 1075 3080 1143 γενεάν
3119 1074 3300 1128 αὐτῶν
3336 1074 3508 1126 εἰσιν.

2206 1167 2312 1222 Δύο
2357 1168 2614 1237 σημαίνει
2640 1168 2675 1238 ἡ
2704 1166 2801 1220 τοῦ
2846 1168 3201 1234 πανούργου
3248 1163 3617 1236 προσηγορία.
3657 1165 3706 1218 ὐ

2137 1261 2236 1332 μὲν
2271 1261 2381 1332 γὰρ
2413 1261 2504 1315 ἐπὶ
2540 1260 2714 1334 βλάϐῃ
2747 1259 2956 1332 ἐτέρων
2991 1264 3061 1331 τῇ
3088 1258 3304 1329 ἐπινοίᾳ
3340 1258 3704 1328 κεχρημένος,

2132 1355 2370 1424 πονηρός
2397 1369 2412 1385 ο
2443 1356 2472 1407 ὁ
2504 1354 2562 1407 δέ
2589 1353 2876 1418 ἐπαινετὸς
2897 1352 3228 1424 πανοῦργος
3259 1351 3427 1419 ὀξέως
3465 1349 3564 1403 καὶ
3594 1365 3707 1404 συν-

2130 1449 2266 1512 ετῶς
2296 1449 2358 1502 τὸ
2396 1450 2598 1502 οἰκεῖον
2624 1447 2835 1516 ἀγαθὸν
2861 1446 3220 1517 ἐξευρίσκων,
3255 1446 3351 1499 καὶ
3383 1445 3488 1506 τὰς
3525 1443 3705 1506 δολίως

2130 1539 2226 1592 καὶ
2247 1537 2552 1603 ἐπιϐούλως
2580 1538 2712 1609 παρ’
2746 1538 2951 1609 ἐτέρων
2981 1536 3191 1608 βλάϐας
3222 1535 3378 1606 αὐτῷ
3403 1551 3705 1605 σκευωρου-

2134 1634 2302 1702 μένας
2333 1632 2774 1704 ἀποδιδράσκων.
2803 1631 3049 1703 Πρόσεχε
3110 1627 3206 1685 οὖν
3232 1629 3483 1699 ἀκριϐῶς
3515 1627 3597 1698 τῷ
3616 1628 3703 1696 τῆς

2131 1724 2470 1793 πανουργίας
2497 1723 2749 1794 ὀνόματι,
2773 1724 2866 1776 καὶ
2890 1723 3129 1791 γίνωσκε
3161 1721 3242 1775 ὅτι
3269 1721 3409 1792 μέση
3442 1719 3530 1781 τίς
3559 1721 3698 1772 ἐστιν

2131 1815 2280 1880 ἕξις·
2338 1815 2460 1870 καθ’
2509 1817 2577 1886 ἣν
2625 1817 2654 1869 ὁ
2717 1817 2816 1886 μὲν
2863 1816 2930 1868 ἐκ
2959 1812 3336 1884 προαιρέσεως
3381 1809 3576 1879 ὑγιοῦς
3619 1809 3698 1862 ἐπ’

453 1903 522 1958 ad
562 1901 845 1958 utilitatem
896 1900 1131 1972 proximi
1164 1899 1251 1955 sui
1304 1915 1434 1956 usus
1468 1899 1652 1964 fuerit,
1707 1897 2028 1969 probandus

2157 1910 2374 1984 ὺφελείᾳ
2399 1911 2508 1966 τῶν
2532 1880 2769 1982 πλησίον
2795 1910 2930 1982 αὐτῇ
2961 1880 3307 1981 κεχρημένος
3332 1905 3695 1967 ἁπόδεκτος,ὁ

454 2007 582 2053 est:
628 2005 683 2051 at
708 1993 804 2066 qui
840 1994 910 2050 ad
955 1993 1330 2064 proximorum
1384 1991 1679 2062 perniciem
1716 2005 1838 2046 eam
1872 2004 2028 2046 exer-

455 2098 564 2148 cet.
625 2086 1093 2149 condemnandus,
1139 2083 1286 2154 quod
1317 2098 1380 2138 ea
1412 2090 1530 2139 arte
1555 2089 1820 2153 tanquam
1847 2081 2029 2152 perdi-

456 2180 623 2234 tionis
651 2177 815 2250 244
844 2176 1137 2232 occasione
1165 2185 1219 2232 et
1249 2175 1473 2231 materia
1511 2185 1719 2230 utatur.

527 2268 672 2339 Fuge
696 2273 1009 2324 varietatem
1039 2277 1095 2322 et
1145 2266 1597 2336 multiplicitatem
1624 2265 1824 2335 ingenii
1851 2305 1865 2318 .
1900 2263 2030 2319 Ser-

457 2378 592 2433 pens
625 2361 772 2416 enim
811 2359 1002 2416 varius
1037 2359 1110 2416 ob
1143 2359 1198 2415 id
1240 2359 1308 2414 ad
1357 2358 1690 2429 serpendum
1739 2361 2031 2414 damnatus

535 2549 700 2605 Dolus
725 2561 809 2604 est
836 2549 1130 2606 curiositas
1156 2545 1355 2602 vitiosa
1390 2545 1457 2600 ad
1491 2545 1766 2616 parandas
1797 2543 2029 2600 insidias
2103 2578 2128 2627 χ

456 2651 684 2717 parata.
730 2658 855 2698 cum
894 2642 1019 2712 quis
1059 2640 1185 2694 boni
1222 2637 1425 2708 aliquid
1458 2653 1568 2708 prae
1611 2652 1670 2692 se
1701 2637 1841 2702 l'ert,
1871 2637 2032 2709 idque

455 2735 613 2807 quasi
646 2749 828 2791 escam
877 2729 1165 2803 praetendit
1195 2737 1256 2785 ut
1287 2728 1513 2783 insidias
1543 2735 1744 2784 struat.

526 2912 753 2970 Occulta
774 2909 980 2968 malitia
1007 2918 1090 2966 est
1111 2909 1472 2980 perniciosior
1513 2923 1678 2980 quam
1711 2919 1920 2980 aperta.

527 3095 794 3151 Philonis.
819 3093 1029 3161 Quibus
1060 3092 1204 3146 vires
1250 3089 1451 3146 desunt
1479 3088 1778 3160 tyrannicis
1807 3090 1960 3155 viris,
1996 3091 2030 3144 ii

457 3206 571 3248 rem
603 3199 726 3246 astu
768 3200 824 3244 et
851 3186 1066 3244 insidiis
1093 3186 1415 3241 moliuntur.

707 3323 941 3382 SERMO
996 3320 1288 3380 LXXXVII
1340 3321 1441 3395 [αι.
1484 3317 1781 3389 LXXXII].

458 3463 537 3519 De
563 3478 697 3534 pttro
727 3462 883 3516 corde
907 3471 955 3534 et
985 3457 1415 3534 cogitationibus,
1447 3465 1500 3534 et
1531 3455 1596 3509 de
1631 3453 1697 3506 iis
1725 3453 1814 3524 qui
1844 3469 2036 3522 puram

936 3531 1128 3585 habent
1162 3530 1570 3584 conscientiam.

525 3646 630 3703 Job
689 3661 862 3704 xxv".
912 3643 1031 3700 Non
1068 3646 1364 3717 loquentur
1422 3647 1566 3702 labia
1626 3662 1744 3702 mea
1805 3645 1905 3717 legi
1945 3645 2040 3698 ad-

458 3755 644 3804 versa,
671 3756 773 3798 nec
810 3740 993 3796 anima
1025 3740 1226 3812 iniusta
1259 3739 1648 3795 meditabitur.

528 3832 736 3890 Purum
775 3849 872 3890 cor
901 3848 1086 3889 meum
1124 3832 1331 3900 verbis,
1363 3842 1419 3888 et
1459 3834 1733 3904 sagacitas
1770 3831 2036 3888 labiorum

460 3943 707 3983 meorum
741 3941 878 3998 pura
913 3925 1201 3995 intelliget.

535 4019 687 4076 Paat.
721 4035 906 4078 xxxvr.
943 4019 1339 4077 Laudabuntur
1368 4035 1561 4077 omnes
1592 4019 1688 4090 qui
1719 4019 1885 4074 corde
1909 4024 2036 4072 sunt

459 4123 634 4170 recto.

532 4206 644 4262 Res
672 4205 912 4278 pretiosa
943 4206 1025 4262 vir
1056 4207 1284 4280 integer.

528 4297 690 4354 Prov.
742 4315 818 4355 Iv.
865 4297 1028 4356 Omni
1074 4299 1336 4356 cautione
1382 4317 1480 4357 cor
1533 4309 1754 4358 servato
1788 4319 1803 4356 :
1835 4317 1902 4358 ex
1933 4301 2040 4357 hoc

462 4392 608 4448 enim
646 4404 778 4449 sunt
809 4393 997 4450 exitus
1030 4395 1180 4449 vitae.

529 4485 638 4542 Cor
670 4486 772 4542 viri
800 4502 956 4559 aqua
987 4487 1209 4558 cogitet,
1245 4497 1306 4543 ut
1339 4502 1370 4542 a
1400 4485 1510 4541 Deo
1540 4501 1767 4558 gressus
1789 4485 1923 4557 ejus
1953 4484 2040 4541 di-

459 4580 738 4649 rigantur.

524 4671 900 4744 Cogitationes
931 4673 1203 4744 justorum
1234 4674 1444 4745 judicia
1478 4685 1630 4730 sunt.

528 4763 600 4819 Ut
623 4764 886 4832 probatur
905 4775 1194 4835 argentum
1217 4776 1270 4824 et
1301 4783 1494 4824 aurum
1523 4769 1576 4822 in
1622 4765 1843 4820 fornace
1872 4764 2036 4833 ignis,

461 4857 542 4915 sic
571 4857 740 4912 corda
762 4857 934 4914 electa
965 4859 1110 4927 apud
1144 4861 1342 4916 Deum.

529 4950 972 5020 ﬂagitationibus
1008 4953 1127 5010 suis
1156 4954 1469 5024 implebitur
1501 4972 1585 5010 νιν
1617 4955 1829 5010 bonus.

531 5131 646 5188 Viae
675 5133 818 5201 vitae,
848 5132 1076 5191 consilia
1105 5136 1400 5207 sapientis.

532 5221 721 5296 Diligit
763 5223 1026 5280 Dominus
1055 5226 1224 5282 corda
1256 5243 1412 5299 pura,
1445 5243 1510 5284 ac
1543 5228 1622 5284 illi
1653 5225 1865 5294 accepti
1916 5233 2042 5280 sunt

461 5328 674 5378 omnes,
710 5315 804 5384 qui
836 5316 971 5372 tales
995 5329 1123 5372 sunt
1161 5327 1222 5374 ut
1255 5319 1579 5388 reprehendi
1619 5333 1726 5372 non
1757 5317 1989 5387 possint.

535 5405 703 5461 Eccli.
737 5422 800 5462 lt.
851 5409 1083 5464 Ambula
1131 5410 1188 5464 in
1229 5408 1413 5464 cordis
1448 5410 1524 5464 tui
1570 5409 1656 5464 via
1691 5408 1813 5463 sine
1850 5422 2039 5477 repre-

464 5497 744 5564 heusioue,
778 5508 833 5552 et
865 5499 1005 5557 scito
1038 5501 1170 5556 tein
1207 5501 1469 5557 omnibus
1513 5501 1598 5556 his
1637 5501 1934 5556 adductum
1970 5499 2037 5554 iri

463 5609 494 5647 a
530 5592 756 5648 Omnino
789 5594 841 5649 in
870 5595 1164 5664 judicium.

531 5685 708 5743 Eccli..
737 5705 962 5746 xxxvm.
993 5690 1230 5746 Remove
1260 5691 1402 5748 iram
1435 5707 1466 5748 a
1495 5690 1661 5748 corde
1687 5699 1806 5754 tuo.
1837 5702 1894 5748 et
1925 5705 2038 5745 ηιειο

467 5776 635 5832 titiam
670 5779 874 5850 repelle
906 5796 936 5835 a
965 5796 1128 5837 carne
1155 5793 1270 5838 tua.

539 5871 738 5929 Beatus
760 5887 924 5942 quem
953 5889 1088 5931 suus
1123 5875 1338 5934 animus
1367 5891 1476 5935 non
1509 5877 1872 5937 condemnat.

2135 2003 2191 2056 δέ
2237 2003 2331 2056 ἐπὶ
2373 2002 2547 2077 βλάϐῃ
2588 2003 2699 2058 τῶν
2740 2004 2914 2065 πέλας
2967 2001 3490 2073 μεταχειριζόμενος
3541 1996 3699 2066 αὐτὴν

2137 2094 2613 2162 κατεγνωσμένος,
2649 2093 2877 2165 ἀφορμῇ
2929 2091 3067 2163 πρὸς
3095 2090 3376 2148 ἀπώλειαν
3408 2088 3493 2159 τῷ
3521 2089 3699 2158 ἐπιτη-

2137 2184 2367 2254 δεύματι
2395 2185 2699 2256 χρώμενος.

2205 2277 2378 2347 Φιῦγε
2409 2277 2472 2330 τὸ
2526 2275 2867 2331 παντοδαπὸν
2914 2275 3012 2329 καὶ
3037 2272 3384 2340 πολλαπλοῦν
3444 2273 3540 2327 τοῦ
3582 2274 3695 2341 epi-

2139 2385 2263 2422 που.
2309 2368 2367 2422 '0
2393 2368 2516 2436 ὅτις
2554 2366 2798 2432 ποικίλος
2828 2367 2918 2420 διὰ
2943 2367 3100 2420 τοῦτο
3129 2366 3222 2420 καὶ
3262 2365 3460 2436 ἐρπειν
3502 2366 3694 2419 κατεδι-

2140 2461 2339 2531 κάσθη.

2207 2553 2368 2618 Δόλος
2396 2554 2512 2607 ἐστὶ
2547 2554 2610 2608 τὸ
2637 2555 2703 2608 ἐκ
2751 2553 2953 2618 κακίας
2991 2554 3130 2625 πρὸς
3161 2553 3467 2624 ἐπιϐουλὴν
3482 2553 3693 2624 περίερ-

2143 2662 2240 2715 γον
2263 2661 2278 2676 ο
2311 2647 2438 2699 ὅταν
2467 2662 2550 2708 τις
2576 2646 2783 2715 ἀγαθόν
2815 2663 2871 2698 τι
2897 2645 3406 2716 σχηματισάμενος,
3440 2647 3529 2697 καὶ
3557 2644 3698 2696 τοῦτο

2138 2737 2326 2808 ὥσπερ
2356 2737 2548 2805 δέλεάρ
2581 2754 2634 2790 τι
2666 2737 2910 2810 προθεὶς,
2937 2737 3026 2790 διὰ
3052 2735 3211 2790 τοῦτο
3251 2736 3320 2790 τὰ
3363 2735 3464 2806 τῆς
3489 2734 3693 2788 ἐπιϐουο

2138 2830 2238 2901 λῆς
2265 2830 2700 2901 κατεργάσηται.

2210 2922 2561 2978 Λανθάνουσα
2592 2925 2826 2996 πονηρία
2874 2924 2978 2996 τῆς
3017 2937 3551 2996 προκεκηρυγμενης
3580 2921 3698 2991 βλαο

2139 3020 2442 3090 ϐερωτέρα.
2617 3029 2626 3039 ·

2209 3107 2306 3174 Οἷς
2339 3113 2493 3182 laxi);
2529 3113 2591 3165 οὗ
2625 3112 2889 3181 πρόσεστι
2927 3111 3038 3165 τῶν
3085 3110 3186 3174 τὰς
3236 3109 3433 3180 φύσεις
3463 3125 3696 3179 τυραννι·

2141 3205 2272 3270 κῶν,
2297 3204 2658 3274 πανουργίαις
2685 3207 2782 3268 τὰς
2811 3204 3110 3268 ἐπιϐουλὰς
3142 3199 3530 3274 κατορθοῦσιν.

2739 3343 2958 3397 ΛΟΓΟΣ
3006 3342 3126 3395 ΠΖ’.

2140 3487 2280 3556 Περὶ
2315 3486 2578 3552 καθαρᾶς
2627 3483 2897 3556 καρδίας,
2938 3482 3035 3536 καὶ
3069 3481 3210 3556 τῶν
3247 3475 3569 3556 ᾂογισμῶν,
3603 3473 3682 3529 καί

2397 3557 2516 3611 τῶν
2553 3551 2841 3621 συνειδὸς
2867 3551 3131 3624 καθαρὸν
3157 3552 3447 3622 ἐχόντων.

2210 3672 2285 3726 Uti
2313 3671 2540 3744 λαλήσει
2566 3670 2637 3724 τὰ
2668 3669 2820 3742 χείλη
2853 3685 2956 3740 μου
2983 3668 3189 3740 ἄνομα,
3212 3664 3336 3720 οὐδέ
3361 3665 3394 3733 η
3429 3661 3564 3732 ψυχή
3595 3676 3680 3729 μου

2143 3766 2432 3836 μελετήσει
2471 3765 2655 3820 ἄδικα.

2210 3857 2445 3929 Καθαρά
2485 3857 2685 3928 καρδία
2730 3875 2832 3928 μου
2870 3857 3106 3928 ῥήμασι,
3143 3854 3364 3917 σύνεσις
3401 3853 3458 3907 δὲ
3486 3846 3676 3920 χειλέων

2142 3969 2244 4023 μου
2274 3951 2492 4020 καθαρά
2522 3951 2731 4022 νοήσει.

2222 4045 2712 4116 Ἐπαινεθήσονται
2741 4045 2944 4108 πάντες
2973 4045 3022 4098 οἱ
3053 4044 3232 4107 εὐθείς
3255 4047 3324 4116 τῇ
3357 4045 3562 4116 καρδίᾳ.

2209 4226 2413 4298 κτῆμα
2442 4225 2628 4298 τίμιον
2657 4224 2798 4296 ἀνὴρ
2824 4224 3093 4295 καθαρός.

2212 4318 2369 4391 [Idan
2397 4317 2614 4388 φυλακῇ
2654 4317 2814 4389 τήρει
2843 4315 2943 4387 τὴν
2984 4315 3240 4388 καρδίανο
3271 4315 3338 4369 ἐκ
3371 4316 3478 4388 γὰρ
3508 4314 3690 4385 ταύτης

2140 4409 2311 4476 εεοδοι
2339 4411 2511 4482 ζωῆς.

2213 4501 2428 4573 Καρδία
2477 4502 2672 4574 ἀνδρὸς
2721 4503 3024 4572 λογιζέσθω
3053 4503 3262 4570 δίκαια,
3309 4504 3396 4558 ἵνα
3446 4503 3550 4556 ἀπὸ
3574 4498 3693 4555 Θεοῦ

2075 4609 2118 4665 ι)
2143 4585 2414 4660 διορθωθῇ
2447 4590 2516 4644 τά
2541 4589 2862 4662 διαδήματα
2883 4593 3078 4648 αὑτοῦ.

2212 4684 2483 4754 Λογισμοὶ
2521 4685 2748 4738 δικαίων
2775 4685 3044 4754 κρίματα.

2215 4776 2430 4846 ’Ὥσπερ
2455 4775 2816 4847 δοκιμάζεται
2851 4779 2910 4830 ἐν
2939 4779 3159 4848 καμίνῳ
3193 4779 3434 4850 ἄργυρος
3459 4781 3551 4836 καὶ
3580 4797 3693 4853 χρυ-

2144 4867 2257 4932 σὸς,
2283 4864 2456 4922 οὕτως
2481 4867 2742 4920 ὲκλεκταὶ
2775 4866 2993 4932 καρδίαι
3025 4868 3177 4936 παρὰ
3202 4867 3344 4938 Θεῷ.

2226 4955 2361 5009 Ἀπὸ
2385 4955 2496 5008 τῶν
2532 4955 2918 5027 διανοημάτων
2949 4958 3116 5012 αὐτοῦ
3164 4959 3536 5029 πλησθήσεται
3567 4960 3685 5030 ἀνὴρ

2140 5045 2365 5115 ἀγαθός.

2225 5139 2370 5193 Ὀδοί⁹
2405 5137 2551 5206 ζωῆς
2577 5137 2927 5208 διανοήματα
2961 5137 3154 5208 σοφοῦ.

2158 5283 2160 5286 ,
2225 5231 2445 5303 Ἀγαπᾷ
2478 5230 2682 5302 Κύριος
2735 5231 2889 5296 ὁσίας
2935 5229 3190 5301 καρδίας·
3239 5231 3421 5285 δεκτοὶ
3465 5231 3520 5284 δὲ
3564 5229 3689 5298 αὐτῷ

2142 5325 2342 5388 πάντες
2367 5323 2612 5396 ἄμωμοι.

2213 5417 2513 5485 Περιπάτει
2568 5417 2628 5469 ἐν
2683 5415 2826 5479 ὁδοῖς
2872 5415 3100 5486 καρδίας
3164 5433 3259 5469 σου
3316 5416 3559 5488 ἄμωμος,
3608 5412 3690 5468 καὶ

2142 5509 2314 5578 γνῶθι
2348 5509 2430 5561 ὅτι
2462 5509 2555 5561 ἐπὶ
2593 5511 2729 5562 πᾶσι
2773 5507 2985 5572 τούτοις
3013 5507 3133 5575 ἄξει
3165 5526 3224 5562 σε
3249 5511 3280 5562 ὁ
3309 5509 3441 5572 Θεὸς
3487 5511 3558 5572 εκ
3589 5506 3688 5577 κρί-

2143 5620 2248 5654 σιν.

2225 5695 2563 5762 Ἀπὸστησον
2595 5694 2769 5764 θυμὸν
2799 5695 2910 5750 ἀπὸ
2954 5697 3186 5768 καρδίας
3220 5714 3338 5767 σου,
3371 5692 3468 5751 καῖ
3497 5695 3687 5764 πάραγε

2148 5787 2415 5856 πονηρίαν
2445 5785 2554 5857 άπὸ
2587 5786 2792 5857 σαρκός
2823 5803 2942 5842 σου.

2214 5881 2526 5952 Μακάριος,
2551 5873 2612 5936 οὗ
2640 5879 2702 5935 οὐ
2732 5882 2983 5952 κατέγνω
3006 5886 3042 5957 ἠ
3068 5885 3216 5958 ψυχή
3248 5883 3439 5944 αὐταῦ.
