3964 6562
330 409 456 469 1209

324 617 451 671 Θεὸν
478 614 719 685 ὄψονται.

404 708 467 761 Ἠ
498 708 767 778 καύχησις
797 708 956 778 ἡμῶν
995 706 1133 779 αὕτη
1179 709 1315 773 ἐστὶ,
1360 708 1420 763 τὸ
1450 709 1750 781 μαρτύριον
1776 712 1878 780 τῆς

325 800 681 868 συνειδήσεως
709 799 888 869 ἡμῶν,
933 800 1016 854 ὅτι
1046 802 1104 853 tv
1145 800 1394 871 ἁγιότητι
1435 802 1528 865 καὶ
1555 800 1878 872 είλικρινείᾳ

321 892 477 956 Θεοῦ,
508 892 608 946 οὐκ
655 894 714 946 tv
742 892 905 961 σοφίᾳ
950 893 1206 963 σαρκικῇ,
1253 891 1387 945 ἀλλὰ.
1427 894 1487 945 tv
1527 894 1711 964 χάριτι
1740 895 1875 949 Θεοῦ

322 986 740 1058 ἀνεστράφημεν
771 986 831 1039 tv
862 983 940 1056 τῷ
969 985 1181 1055 κόσμῳ,
1216 985 1620 1055 περισσοτέρως
1654 987 1710 1041 δὲ
1739 988 1878 1059 πρὸς

321 1078 486 1146 ὑμᾶς.

404 1168 670 1234 Ἀδελφοὶ,
710 1168 1079 1240 προσεύχεσθε
1131 1173 1261 1239 περὶ
1309 1173 1486 1242 ἡμῶν,
1531 1170 1878 1240 Πεποίθαμεν

321 1262 430 1328 γὰρ
461 1261 543 1314 ὅτι
590 1259 762 1330 καλὴν
800 1261 1107 1332 συνείδησιν
1153 1263 1373 1341 ἔχομεν,
1417 1264 1477 1319 tv
1507 1264 1644 1319 πᾶσι
1695 1259 1879 1327 καλῶς

319 1352 564 1416 θέλοντες
592 1353 1046 1423 ἀναστρέφεσθαι.

400 1444 529 1498 Ἐἀν
559 1445 591 1513 ή
620 1444 817 1515 καρδία
843 1444 1000 1515 ἡμῶν
1026 1445 1100 1518 μὴ
1125 1446 1507 1518 καταγινώσκῃ
1538 1445 1718 1517 ἡμῶν,
1742 1447 1883 1518 παῤ-

319 1535 517 1603 ρησίαν
555 1535 748 1605 ἔχομεν
795 1535 933 1607 πρὸς
975 1536 1067 1590 τὸν
1093 1536 1246 1605 Θεὸν,
1290 1538 1381 1591 καὶ
1413 1537 1443 1592 6
1473 1538 1570 1591 ἐὰν
1615 1538 1877 1601 αίτῶμεν,

318 1626 673 1697 λαμὸἀνομεν
720 1626 854 1697 παρ’
906 1627 1096 1694 αὐτοῦ,
1144 1630 1227 1683 ὅτι
1281 1629 1381 1695 τάς
1437 1628 1659 1691 ἐντολὰς
1715 1627 1879 1683 αὑτοῦ

318 1717 620 1786 τηροῦμεν,
653 1718 748 1772 καὶ
788 1717 858 1772 τὰ
895 1719 1104 1789 ἀρεστὰ
1135 1718 1367 1773 ἐνώπιον
1399 1718 1563 1772 αὐτοῦ
1593 1718 1878 1787 ποιοῦμεν.

328 1799 331 1806 ’
397 1810 621 1878 Πρῶτον
656 1810 993 1879 μακαριστὸν
1022 1810 1171 1877 τὸσὲν
1201 1812 1265 1881 τῇ
1294 1810 1505 1881 διανοίᾳ
1535 1811 1691 1880 ἡμῶν
1713 1810 1881 1863 καθα-

324 1898 444 1969 ρὸν,
479 1900 669 1971 ἐπειδὴ
700 1900 825 1970 ῥίζα
867 1900 977 1955 τῶν
1022 1903 1113 1956 διά
1164 1902 1260 1956 τοῦ
1304 1901 1553 1973 σώματος
1588 1903 1879 1972 ἐνεργειῶν

318 1990 381 2043 τὸ
405 1991 463 2044 tv
488 1993 553 2061 τῇ
587 1991 784 2064 καρδίᾳ
812 1992 1111 2063 βούλευμα.

392 2080 651 2152 Καθαρὸς
699 2085 766 2154 τῇ
800 2085 998 2156 καρδίᾳ
1043 2085 1192 2146 ἐστὶν
1248 2087 1278 2140 6
1334 2085 1410 2156 μὴ
1469 2084 1882 2157 λαμϐανόμενος

317 2174 520 2229 ἑαυτοῦ
552 2175 645 2229 ἐπὶ
672 2177 892 2247 ἐντολῆς
919 2177 1053 2232 Θεοῦ
1084 2179 1366 2250 ἀθετήσει.

392 2267 509 2321 Οὐκ
552 2268 613 2320 tv
641 2271 860 2341 μικροῖς
888 2268 951 2324 τὸ
997 2270 1247 2337 εὐσεϐὲς,
1289 2271 1412 2327 οὐδὲ
1443 2275 1503 2328 tv
1534 2272 1613 2345 τῷ
1645 2275 1884 2343 κατηφεῖ

314 2359 378 2411 τὸ
414 2359 722 2429 φιλόσοφον,
750 2361 864 2415 ἀλλ’
886 2362 946 2417 tv
968 2362 1146 2434 ψυχῆς
1172 2367 1511 2438 στερρότητι,
1532 2367 1628 2419 καὶ
1647 2366 1884 2430 διανοίας

315 2450 684 2520 καθαρότητι,
721 2454 815 2507 καὶ
860 2454 1063 2527 γνησίᾳ
1090 2458 1155 2526 τῇ
1195 2456 1337 2526 πρὸς
1386 2458 1447 2511 τὸ
1475 2457 1641 2513 καλὸν
1675 2456 1880 2512 νεύσει.

392 2633 559 2686 Οὐδὲν
585 2632 756 2698 οὕτως
789 2635 938 2705 ἡμᾶς
967 2633 1277 2703 εὐφραίνειν
1308 2630 1521 2701 είωθεν,
1546 2635 1621 2700 ὡς
1647 2636 1885 2702 συνειδὸς

311 2724 563 2797 καθαρὸν
593 2727 688 2779 καὶ¹
716 2726 930 2789 ἐλπίδες
958 2723 1192 2794 ἀγαθαί.

393 2816 467 2871 Τὸ
499 2818 736 2881 συνειδὸς
786 2817 1161 2889 ἀγαλλόμενον
1213 2820 1656 2888 συγκαλλωπίζει
1703 2820 1882 2893 ἑαυτῷ

312 2908 418 2962 καὶ
464 2908 526 2962 τὸ
558 2908 873 2980 πρόσωπον,
905 2910 999 2962 καὶ
1060 2910 1215 2980 άρδει
1270 2912 1369 2975 τάς
1403 2914 1637 2983 παρειὰς
1695 2913 1731 2983 ἡ
1782 2913 1885 2983 τῆς

313 2997 503 3067 ψυχῆς
549 2998 840 3069 εὐρωστία,
877 3001 969 3052 καὶ
1017 2999 1114 3069 οὐχ
1144 3001 1330 3064 ἁπλῶς
1361 3000 1574 3073 εἴρηται
1602 3004 1680 3074 τῷ
1712 3005 1880 3076 σοφῷο

315 3090 566 3161 Καρδίας
596 3091 1028 3162 εὐφραινομὲνης
1053 3092 1342 3159 πρόσωπον
1372 3094 1575 3149 θάλλει.

1016 407 1180 465 LOCI
1208 407 1640 499 CODMUNES.
1677 434 1747 446 -
1786 410 1976 471 PARS
2010 410 2085 473 II.
2129 360 2382 471 SEIIMO
2421 409 2812 472 LXXXVIII.

391 522 665 593 Μακάριοι
715 522 766 576 οι
797 522 1031 593 καθαροὶ
1084 526 1153 595 τῇ
1183 525 1405 596 καρδίᾳ,
1456 526 1540 580 ὅτι
1576 528 1729 581 αὐτοὶ
1782 528 1875 583 τὸν
1902 532 1951 589 Α

3402 412 3539 477 1210
3610 496 3618 507 .

2042 526 2237 585 Matth.
2270 543 2320 582 ν.
2376 526 2524 583 Beati
2575 542 2710 598 puro
2731 526 2918 593 corde,
2952 527 3078 598 quia
3119 528 3220 598 ipsi
3260 529 3426 585 Deum
3459 531 3536 583 vi-

1977 618 2203 675 debunt.
2693 688 2699 694 ᾳ
3374 665 3386 678 .

2047 710 2079 765 Ι
2087 710 2111 766 1
2142 712 2268 768 Cor.
2299 727 2340 768 ι.
2376 710 2639 767 Gloriatio
2666 719 2848 765 nostra
2880 711 2993 765 hmo
3020 719 3125 774 est,
3164 712 3535 768 testimonium

1978 804 2322 862 conscientiae
2354 812 2578 865 nostrae,
2616 802 2758 868 quod
2787 803 2841 857 in
2877 804 3171 858 sanctitate
3198 812 3253 857 et
3302 804 3538 859 sinceri-

1977 906 2085 953 tate
2117 896 2236 962 Dei,
2271 895 2466 951 nonin
2511 894 2778 967 sapientia
2830 895 3059 959 carnali,
3113 895 3206 950 sed
3253 896 3309 949 in
3358 896 3531 964 gratia

1976 988 2072 1045 Dei
2118 990 2171 1044 in
2224 987 2428 1043 mundo
2476 987 2676 1044 versati
2727 1002 2947 1054 sumus,
2997 986 3096 1043 sed
3149 988 3320 1042 multo
3367 989 3539 1058 magis

1977 1081 2122 1150 apud
2155 1096 2274 1136 vos.

2048 1171 2290 1240 Fratres,
2322 1171 2625 1241 precamini
2675 1188 2775 1243 pro
2818 1172 2997 1228 nobis.
3038 1171 3372 1229 Conlidimus
3399 1172 3540 1227 enim

1962 1280 2076 1319 .nos
2102 1266 2295 1319 bonam
2328 1265 2723 1321 conscientiam
2748 1265 2969 1331 habere,
2991 1266 3046 1321 in
3078 1265 3332 1321 omnibus
3364 1265 3536 1341 hone-

1977 1364 2060 1410 ste
2094 1355 2304 1411 versari
2333 1356 2603 1413 volentes.

2046 1444 2210 1500 'Joan.
2260 1446 2320 1502 Si
2348 1462 2446 1502 cor
2478 1456 2724 1504 nostrum
2772 1463 2878 1503 non
2925 1447 3256 1503 condemnat
3312 1465 3432 1515 nos,
3469 1451 3534 1504 ad

1980 1536 2149 1592 Deum
2202 1538 2371 1594 libere
2413 1540 2749 1606 accedimus,
2796 1551 2849 1596 et
2886 1543 3143 1613 quidquid
3182 1542 3435 1611 petimus,
3476 1544 3543 1597 ab

1981 1626 2071 1681 illo
2098 1628 2397 1697 accipimus
2423 1647 2438 1685 :
2464 1630 2593 1700 quia
2618 1642 2890 1701 praecepta
2915 1632 3036 1702 ejus
3064 1648 3366 1699 servamus,
3392 1649 3544 1703 quae-

1981 1730 2086 1785 que
2115 1715 2193 1771 illi
2228 1727 2381 1787 grata
2414 1729 2567 1785 sunt,
2595 1718 2854 1776 facimus.

2053 1809 2115 1866 S.
2154 1809 2365 1867 Basilii.
2398 1811 2636 1868 Primum
2674 1813 3157 1881 beatissimumque
3195 1822 3280 1869 est
3314 1813 3457 1883 quod
3489 1815 3540 1867 in
3654 1806 3655 1811 “

1981 1899 2140 1971 245
2169 1904 2332 1956 corde
2363 1914 2548 1958 nostro
2577 1920 2769 1973 purum
2805 1922 2820 1959 :
2849 1906 2974 1973 quia
3016 1905 3167 1959 radix
3194 1915 3277 1960 est
3300 1906 3538 1959 omnium

1980 1989 2226 2058 corporis
2253 1992 2532 2046 actionum
2561 1993 2744 2049 cordis
2781 1995 3099 2050 consilium.

2054 2079 2201 2136 Puro
2251 2083 2416 2138 corde
2470 2092 2555 2137 est
2590 2085 2637 2138 is
2684 2084 2861 2153 quise
2889 2084 3067 2154 ipsum
3117 2098 3225 2139 non
3271 2084 3544 2141 convincit

1981 2181 2371 2242 praeceptorum
2401 2172 2494 2226 Dei
2525 2181 2861 2242 contemptu.
2992 2230 2993 2233 η

2052 2261 2316 2334 Theologi.
2346 2264 2465 2320 Non
2497 2274 2583 2321 est
2640 2265 2836 2334 pietas-
2868 2265 2923 2319 in
2986 2280 3150 2320 rebus
3213 2265 3414 2335 parvis,
3451 2280 3548 2318 nec
3618 2330 3621 2331 γ

1983 2355 2324 2427 philosopha
2375 2357 2429 2412 in
2466 2358 2648 2413 vultus
2676 2358 3025 2424 demissione,
3056 2357 3153 2414 sed
3175 2356 3231 2412 in
3255 2357 3418 2411 animi
3452 2356 3545 2410 lir-

1983 2448 2172 2503 mitate
2201 2457 2256 2504 et
2285 2449 2630 2519 cogitationis
2679 2449 2912 2519 puritate
2951 2457 3007 2504 et
3047 2463 3171 2504 vera
3217 2448 3285 2504 ad
3322 2464 3407 2504 res
3452 2451 3549 2503 bo-

1981 2547 2166 2595 nestas
2194 2540 2595 2620 propensiones

2052 2629 2197 2685 Nihil
2217 2640 2301 2687 est
2325 2631 2470 2702 quod
2501 2630 2580 2687 sic
2626 2646 2725 2688 nos
2761 2631 3032 2687 delectare
3081 2631 3274 2695 soleat,
3314 2638 3373 2684 ut
3401 2645 3534 2686 con-

1981 2720 2211 2778 scientia
2241 2737 2376 2792 pura
2398 2734 2453 2778 et
2481 2738 2604 2794 spes
2626 2723 2790 2778 bona.

2056 2812 2406 2869 Conscientia
2446 2813 2566 2868 lazta
2602 2823 2657 2868 et
2683 2814 2963 2869 exsultans
3013 2812 3114 2867 sibi
3140 2812 3301 2867 etiam
3340 2811 3548 2866 vultum

1983 2902 2215 2959 hilarem
2240 2904 2437 2967 reddit,
2464 2920 2526 2960 ac
2551 2919 2717 2974 genas
2742 2904 2882 2974 rigat
2908 2902 3077 2959 animi
3109 2902 3251 2957 bona
3278 2902 3549 2964 valetudo.

1984 3008 2084 3047 nec
2133 2993 2253 3049 sine
2314 3007 2478 3049 causa
2521 2993 2728 3048 dictum
2778 2999 2862 3048 est
2913 3009 2942 3046 a
2976 2992 3274 3062 sapiente:
3324 2989 3427 3047 Ubi
3460 3006 3552 3046 cor

1985 3091 2199 3145 laetatur
2230 3090 2414 3146 vultus
2446 3088 2703 3146 ﬂorescit.

396 3181 461 3234 Οἱ
505 3181 748 3250 λαμπροὶ
778 3180 877 3251 τὴν
926 3180 1229 3252 συνείδησιν
1265 3183 1371 3238 υἱοὶ
1409 3186 1586 3256 φωτὸς
1627 3187 1723 3240 καὶ
1747 3187 1880 3258 ἠμέ-

2016 3182 2145 3253 ireg.
2180 3181 2345 3253 Nyss.
2403 3180 2506 3247 Qui
2560 3181 2815 3252 praeclara
2859 3188 2988 3235 sunt
3027 3178 3387 3242 conscientia,
3446 3177 3543 3232 lilii

315 3291 426 3344 ρας
456 3274 902 3345 ἀναγορεύονται.

394 3366 507 3437 Οὐχ
539 3368 573 3436 ἡ
617 3367 726 3421 τῶν
756 3369 1005 3439 πράξεων
1040 3371 1219 3443 ἀποχὴ
1267 3370 1469 3424 δικαιοί
1523 3368 1616 3422 τὸν
1667 3369 1883 3438 πιστὸν,

312 3457 440 3511 ἀλλ’
470 3458 502 3529 ἡ
530 3459 640 3513 τῶν
669 3459 889 3515 ὲννοιῶν
939 3462 1133 3531 ἁγνεία
1177 3461 1273 3517 καὶ
1319 3459 1641 3531 εἰλικρίνεια
1684 3461 1884 3531 ἀκραι-

312 3548 479 3619 φνήςο
1330 3552 1335 3561 ‘

394 3642 503 3696 Καὶ
531 3640 684 3712 λόγος
722 3642 981 3714 καθαρὸς,
1024 3646 1117 3697 καὶ
1149 3645 1261 3716 βίος
1291 3645 1647 3716 ἀκηλίδωτος,
1692 3645 1853 3716 θρόνο

312 3738 415 3789 καὶ
436 3736 565 3800 ναός
592 3736 739 3790 ἐστιν
764 3735 1016 3807 ἀληθινὸς
1041 3738 1136 3792 τοῦ
1165 3737 1324 3794 Θεοῦ.
1850 3760 1856 3767 ε

406 3827 657 3883 ’Δπαθῶν
686 3832 779 3883 καὶ
805 3831 1059 3901 καθαρῶν
1089 3833 1237 3887 ἐστιν
1267 3834 1299 3903 ἡ
1332 3832 1600 3903 σωτηρία.

392 4003 636 4073 Σώφρων
667 4005 864 4075 καρδία
895 4005 1060 4079 λιμὴν
1094 4008 1499 4080 θεωρημάτων.

395 4097 510 4150 Οὐκ
552 4097 854 4177 ἐκριζωτὴς
886 4098 995 4154 τῶν
1044 4100 1255 4167 παθῶν,
1311 4102 1426 4157 ἀλλ’
1456 4104 1887 4177 ’ἀνταγωνιστής

315 4188 475 4241 ἐστιν
503 4189 532 4241 6
562 4176 843 4260 λογισμός.
1784 4176 1795 4195 Ι

409 4276 737 4349 Ἐπειδήπερ
780 4277 1030 4351 ἀοράτως
1076 4281 1154 4341 είς
1203 4280 1296 4333 τὸν
1345 4281 1445 4353 τῆς
1476 4281 1653 4353 ψυχῆς
1708 4282 1886 4354 χῶρον

315 4368 591 4423 εἰσδύεται
617 4372 645 4423 6
675 4369 828 4435 Θεὸς,
861 4369 1375 4441 παρασκευάζωμεν
1409 4373 1502 4426 τὸν
1531 4375 1697 4427 τόπον
1741 4377 1885 4427 ὲκεί-

315 4476 414 4513 νον
434 4459 505 4522 ῶς
533 4460 707 4515 ἔνεστι
733 4461 1036 4524 κάλλιστον,
1063 4462 1380 4533 ἀξιόχρεων,
1406 4464 1726 4536 ἐνδιαίτημα
1748 4465 1884 4519 Θεοῦ

1986 3274 2125 3331 lucis
2143 3281 2198 3329 et
2224 3273 2330 3328 diei
2359 3273 2745 3345 praedicantur.

2052 3365 2167 3420 Non
2194 3364 2497 3420 facinorum
2530 3363 2861 3419 abstinentia
2886 3361 3096 3417 ﬁdelem
3131 3358 3410 3431 justiﬁeat,
3457 3358 3551 3414 sed

1981 3454 2371 3527 cogitationum
2392 3454 2615 3511 castitas
2639 3463 2692 3510 et
2712 3468 2847 3525 pura
2870 3450 3177 3508 sinceritas.

2052 3630 2240 3687 Oratio
2292 3641 2466 3697 casta,
2522 3641 2577 3687 et
2628 3633 2738 3687 vita
2792 3630 2939 3685 nulla
3012 3629 3134 3683 labe
3183 3627 3549 3683 contaminata

1986 3724 2216 3779 thronus
2256 3732 2310 3778 et
2338 3738 2523 3779 verum
2554 3722 2647 3777 Dei
2693 3723 2955 3793 templum
2982 3705 3092 3779 cst.

2058 3813 2292 3887 Evagrii.
2346 3815 2507 3871 Salus
2557 3826 2858 3870 esteorum
2905 3814 2998 3885 qui
3049 3809 3553 3884 perturbationibus

1985 3918 2170 3964 carent
2192 3920 2245 3964 et
2274 3909 2395 3978 puri
2426 3915 2577 3963 sunt.

2053 4001 2286 4070 Iosephi.
2332 3999 2440 4055 Cor
2476 4009 2783 4069 temperans
2807 3995 3171 4051 doctrinarum
3227 4004 3417 4066 portus
3447 4001 3549 4048 est.

2053 4091 2170 4147 Non
2188 4091 2532 4161 exstirpatrix
2556 4089 3027 4160 perturbationum
3055 4097 3163 4155 est,
3188 4089 3281 4143 sed
3302 4086 3553 4141 adversa-

1985 4187 2089 4240 trix
2125 4183 2284 4237 ratio.

2057 4273 2323 4327 Philonis.
2365 4271 2502 4338 Quia
2564 4271 2718 4324 nobis
2767 4285 2877 4323 non
2930 4267 3241 4322 videntibus
3293 4268 3345 4321 in
3384 4266 3549 4319 animi

1986 4367 2164 4422 locum
2190 4366 2353 4419 intrat
2384 4362 2551 4425 Dens,
2579 4375 2943 4431 pra‘paretnus
2973 4359 3148 4413 locum
3183 4356 3358 4418 illum,
3389 4372 3550 4423 quam

1989 4459 2114 4512 licet
2152 4453 2580 4525 pulcherrimum
2622 4460 2675 4506 et
2705 4452 2957 4505 idoneum
3005 4448 3263 4511 maxime,
3311 4449 3552 4499 futurum

314 4551 709 4622 γενησόμενον.
762 4550 827 4605 Et
873 4552 930 4608 δὲ
981 4553 1080 4625 μὴ,
1135 4554 1358 4625 λήσεται
1408 4534 1755 4626 μεταναστὰς
1806 4561 1883 4621 εἰς

2016 4548 2090 4602 )ei
2114 4545 2505 4600 habitaculum.
2534 4541 2630 4596 Sin
2656 4554 2835 4602 secus,
2859 4538 3022 4594 nobis
3047 4552 3155 4592 non
3190 4534 3555 4591 sentientibus

315 4644 512 4712 ἕτερον
540 4638 690 4696 οἷκον
720 4644 748 4695 6
782 4641 935 4707 Θεός.

399 4725 561 4795 Οἶκος
586 4732 720 4786 Θεοῦ
765 4732 931 4802 σοφοῦ
975 4734 1202 4790 διάνοιαο
1248 4734 1439 4809 τούτου
1474 4737 1719 4791 καλεῖται
1755 4737 1886 4798 Θεὸς

323 4824 475 4887 ἰδίως
502 4825 532 4877 6
574 4825 685 4877 τῶν
716 4827 1069 4896 συμπάντων,
1103 4827 1178 4891 ὥς
1211 4846 1375 4899 φησιν
1403 4829 1433 4881 ὁ
1464 4830 1772 4900 προφήτης,
1812 4829 1886 4890 ὡς

322 4915 460 4979 Θεὸς
486 4917 855 4987 ὲμπεριπατεϊ
885 4914 976 4973 οἶα
1003 4917 1284 4989 βασιλείῳ.

410 4996 737 5077 Ὀφθαλμοῖς
771 5008 872 5079 μὲν
916 5009 987 5062 τά
1035 5011 1094 5063 tv
1124 5011 1341 5081 φανερῷ
1366 5012 1462 5064 καὶ
1510 5013 1579 5065 τά
1628 5013 1685 5064 ἐν
1734 5014 1891 5083 χερσὶ

324 5097 827 5168 καταλαμϐάνεται⁹
875 5099 1135 5169 λογισμὸς
1164 5099 1221 5152 δὲ
1262 5101 1521 5171 ἀκέραιος
1555 5100 1746 5170 φθάνει
1799 5104 1890 5154 καὶ

324 5191 467 5260 πρὸς
489 5190 560 5244 τὰ
586 5191 787 5261 ἀόρατα
817 5192 911 5246 καὶ
950 5191 1230 5263 μέλλοντα.

918 5369 1134 5423 ΛΟΓΟΣ
1176 5370 1303 5422 llH'.

326 5503 469 5571 Περὶ
519 5502 765 5571 καρδίας
818 5476 1253 5572 πονηρᾶςξκαὶ
1286 5502 1637 5570 συνειδότος
1683 5502 1888 5559 κακοῦ.

415 5640 509 5692 Ἐκ
550 5638 659 5691 τῶν
713 5638 959 5711 κρυφίων
1014 5656 1116 5707 μου
1147 5638 1444 5709 καθάρισόν
1498 5655 1590 5709 με,
1641 5639 1736 5691 καὶ
1787 5640 1892 5693 ἀπὸ

332 5729 627 5798 ἀλλοτρίων
661 5731 847 5796 φεῖσαι
876 5725 970 5781 τοῦ
1001 5728 1188 5782 δούλου
1219 5746 1333 5783 σου.

406 5821 822 5891 Διεστραμμένη
848 5821 1044 5891 καρδία
1073 5822 1410 5877 τεκταίνεται
1442 5824 1606 5876 κακά.

1990 4641 2043 4694 in
2085 4638 2246 4693 aliam
2277 4636 2501 4691 domum
2526 4632 2668 4689 Deus
2699 4630 2978 4701 migrabit.

2059 4730 2264 4785 Domus
2294 4727 2391 4783 Dei
2425 4724 2686 4799 cogitatio
2713 4723 3004 4795 sapientis,
3034 4735 3099 4776 ac
3131 4718 3297 4789 hujus
3333 4721 3553 4789 proprie

1991 4832 2213 4878 vocatur
2240 4821 2408 4887 Deus,
2439 4820 2533 4909 qui
2559 4820 2945 4874 universorum
2975 4823 3059 4870 est
3080 4814 3171 4893 .(ut
3198 4814 3374 4882 inquit
3434 4828 3556 4882 pro-

1988 4916 2200 4986 pheta),
2226 4914 2370 4985 quod
2398 4905 2541 4968 Deus
2570 4922 2823 4980 tanquam
2856 4908 2907 4963 in
2938 4908 3083 4978 regia
3120 4907 3172 4960 in
3203 4921 3265 4960 ea
3297 4905 3554 4959 ambulet.

2059 5006 2248 5064 Oculis
2297 5021 2418 5076 quae
2464 5013 2649 5073 aperta
2698 5010 2846 5068 sunt,
2902 5014 3130 5069 qumque
3186 4999 3241 5052 in
3305 4999 3555 5052 manibus

1991 5109 2137 5164 sunt,
2156 5079 2739 5167 comprehenduntur}
2768 5093 2861 5148 sed
2889 5093 3029 5147 ratio
3064 5093 3278 5147 sincera
3304 5100 3556 5161 penetrat

1992 5193 2156 5248 etiam
2185 5206 2307 5261 qua:
2336 5190 2439 5243 sub
2469 5188 2659 5242 oculos
2696 5201 2805 5239 non
2837 5187 3038 5239 cadunt
3064 5195 3116 5239 et
3147 5183 3326 5237 futura
3360 5192 3507 5236 sunt.

2247 5364 2479 5421 SERMO
2512 5363 2822 5420 LXXXVIII
2858 5364 2960 5437 [αι.
3004 5359 3312 5434 LXXXIII].

2136 5504 2213 5558 De
2244 5503 2402 5557 corde
2436 5514 2663 5571 versuto,
2688 5502 2851 5572 deque
2902 5500 3043 5554 mala
3075 5500 3415 5555 conscientia.

2072 5637 2223 5692 Psal.
2277 5653 2427 5692 xvm.
2475 5637 2551 5692 Ex
2591 5636 2824 5692 occultis
2876 5634 3012 5689 meis
3055 5649 3222 5705 purga
3255 5650 3363 5703 me,
3402 5634 3555 5690 etab

1997 5729 2191 5783 alienis
2220 5744 2383 5800 parce
2404 5745 2560 5784 servo
2582 5740 2695 5784 tuo.

2063 5812 2224 5876 Prov.
2261 5838 2335 5879 vr.
2364 5820 2664 5877 Distortum
2687 5831 2781 5875 cor
2801 5815 3010 5879 Derlicit
3036 5814 3200 5870 mala.
