  <div class='ocr_page' id='page_1' title='image "/cluster/home/n/w/nwhite01/storage/ocr_20150623/136/hvd.32044019208305/617.png"; bbox 0 0 3964 6552; ppageno 0'>
   <div class='ocr_carea' id='block_1_1' title="bbox 1983 278 1997 314">
    <p class='ocr_par' dir='ltr' id='par_1_1' title="bbox 1983 278 1997 314">
     <span class='ocr_line' id='line_1_1' title="bbox 1983 278 1997 314; baseline 0 0"><span class='ocrx_word' id='word_1_1' title='bbox 1983 278 1997 314; x_wconf 71' lang='lat' dir='ltr'><strong>l</strong></span> 
     </span>
    </p>
   </div>
   <div class='ocr_carea' id='block_1_2' title="bbox 457 433 591 497">
    <p class='ocr_par' dir='ltr' id='par_1_2' title="bbox 457 433 591 497">
     <span class='ocr_line' id='line_1_2' title="bbox 457 433 591 497; baseline -0.03 -1"><span class='ocrx_word' id='word_1_2' title='bbox 457 433 591 497; x_wconf 76' lang='lat' dir='ltr'><strong>l‘2l5</strong></span> 
     </span>
    </p>
   </div>
   <div class='ocr_carea' id='block_1_3' title="bbox 1686 417 2383 483">
    <p class='ocr_par' dir='ltr' id='par_1_3' title="bbox 1686 417 2383 483">
     <span class='ocr_line' id='line_1_3' title="bbox 1686 417 2383 483; baseline -0.006 -3"><span class='ocrx_word' id='word_1_3' title='bbox 1686 421 1999 483; x_wconf 81' lang='lat' dir='ltr'><strong>ANTONII</strong></span> <span class='ocrx_word' id='word_1_4' title='bbox 2039 417 2383 480; x_wconf 67' lang='lat' dir='ltr'><strong>MELISSB</strong></span> 
     </span>
    </p>
   </div>
   <div class='ocr_carea' id='block_1_4' title="bbox 3540 408 3681 471">
    <p class='ocr_par' dir='ltr' id='par_1_4' title="bbox 3540 408 3681 471">
     <span class='ocr_line' id='line_1_4' title="bbox 3540 408 3681 471; baseline -0.007 0"><span class='ocrx_word' id='word_1_5' title='bbox 3540 408 3681 471; x_wconf 74' lang='lat'><strong>1216</strong></span> 
     </span>
    </p>
   </div>
   <div class='ocr_carea' id='block_1_5' title="bbox 451 522 2017 617">
    <p class='ocr_par' dir='ltr' id='par_1_5' title="bbox 451 538 2001 617">
     <span class='ocr_line' id='line_1_5' title="bbox 451 538 2001 617; baseline -0.008 -14"><span class='ocrx_word' id='word_1_6' title='bbox 451 548 752 617; x_wconf 69' lang='lat' dir='ltr'><strong>pUSIuIante</strong></span> <span class='ocrx_word' id='word_1_7' title='bbox 777 543 1072 600; x_wconf 71' lang='lat' dir='ltr'><strong>occultabit</strong></span> <span class='ocrx_word' id='word_1_8' title='bbox 1099 556 1378 598; x_wconf 84' lang='lat' dir='ltr'><strong>sermones</strong></span> <span class='ocrx_word' id='word_1_9' title='bbox 1426 556 1578 606; x_wconf 85' lang='lat' dir='ltr'><strong>suos,</strong></span> <span class='ocrx_word' id='word_1_10' title='bbox 1622 547 1675 594; x_wconf 90' lang='lat' dir='ltr'><strong>et</strong></span> <span class='ocrx_word' id='word_1_11' title='bbox 1709 538 2001 592; x_wconf 87' lang='lat' dir='ltr'><strong>multorum</strong></span> 
     </span>
    </p>
   </div>
   <div class='ocr_carea' id='block_1_6' title="bbox 2136 522 3682 617">
    <p class='ocr_par' dir='ltr' id='par_1_6' title="bbox 2136 522 3682 601">
     <span class='ocr_line' id='line_1_6' title="bbox 2136 522 3682 601; baseline -0.006 -16"><span class='ocrx_word' id='word_1_12' title='bbox 2136 535 2294 601; x_wconf 86' lang='grc' dir='ltr'>όγους</span> <span class='ocrx_word' id='word_1_13' title='bbox 2317 527 2504 594; x_wconf 80' lang='grc' dir='ltr'>αὑτοῦ,</span> <span class='ocrx_word' id='word_1_14' title='bbox 2535 527 2630 582; x_wconf 80' lang='grc' dir='ltr'>καὶ</span> <span class='ocrx_word' id='word_1_15' title='bbox 2658 525 2814 597; x_wconf 87' lang='grc' dir='ltr'>χείλη</span> <span class='ocrx_word' id='word_1_16' title='bbox 2848 523 3060 577; x_wconf 84' lang='grc' dir='ltr'><strong>πολλῶν</strong></span> <span class='ocrx_word' id='word_1_17' title='bbox 3094 522 3482 593; x_wconf 79' lang='grc' dir='ltr'>έκδιηγήσεται</span> <span class='ocrx_word' id='word_1_18' title='bbox 3519 523 3682 576; x_wconf 79' lang='grc' dir='ltr'>σύνε-</span> 
     </span>
    </p>
   </div>
   <div class='ocr_carea' id='block_1_7' title="bbox 448 633 1468 706">
    <p class='ocr_par' dir='ltr' id='par_1_7' title="bbox 448 633 1468 706">
     <span class='ocr_line' id='line_1_7' title="bbox 448 633 1468 706; baseline -0.01 -10"><span class='ocrx_word' id='word_1_19' title='bbox 448 641 610 696; x_wconf 77' lang='lat' dir='ltr'><strong>labiis</strong></span> <span class='ocrx_word' id='word_1_20' title='bbox 642 637 983 694; x_wconf 85' lang='lat' dir='ltr'><strong>enarrabitur</strong></span> <span class='ocrx_word' id='word_1_21' title='bbox 1014 634 1298 706; x_wconf 77' lang='lat' dir='ltr'><strong>prudentia</strong></span> <span class='ocrx_word' id='word_1_22' title='bbox 1329 633 1468 701; x_wconf 86' lang='lat' dir='ltr'><strong>ejus.</strong></span> 
     </span>
    </p>
   </div>
   <div class='ocr_carea' id='block_1_8' title="bbox 527 727 2015 800">
    <p class='ocr_par' dir='ltr' id='par_1_8' title="bbox 527 727 2015 800">
     <span class='ocr_line' id='line_1_8' title="bbox 527 727 2015 800; baseline -0.008 -12"><span class='ocrx_word' id='word_1_23' title='bbox 527 735 630 800; x_wconf 80' lang='lat' dir='ltr'><strong>Qui</strong></span> <span class='ocrx_word' id='word_1_24' title='bbox 660 742 905 787; x_wconf 91' lang='lat' dir='ltr'><strong>metuunt</strong></span> <span class='ocrx_word' id='word_1_25' title='bbox 938 731 1247 790; x_wconf 87' lang='lat' dir='ltr'><strong>Dominum,</strong></span> <span class='ocrx_word' id='word_1_26' title='bbox 1284 735 1585 797; x_wconf 69' lang='lat' dir='ltr'><strong>prmparant</strong></span> <span class='ocrx_word' id='word_1_27' title='bbox 1631 727 1842 780; x_wconf 84' lang='lat' dir='ltr'><strong>animas</strong></span> <span class='ocrx_word' id='word_1_28' title='bbox 1867 737 2015 785; x_wconf 88' lang='lat' dir='ltr'><strong>suas,</strong></span> 
     </span>
    </p>
   </div>
   <div class='ocr_carea' id='block_1_9' title="bbox 451 817 2020 894">
    <p class='ocr_par' dir='ltr' id='par_1_9' title="bbox 451 817 2020 894">
     <span class='ocr_line' id='line_1_9' title="bbox 451 817 2020 894; baseline -0.007 -15"><span class='ocrx_word' id='word_1_29' title='bbox 451 843 517 882; x_wconf 86' lang='lat' dir='ltr'><strong>ac</strong></span> <span class='ocrx_word' id='word_1_30' title='bbox 549 829 601 880; x_wconf 89' lang='lat' dir='ltr'><strong>in</strong></span> <span class='ocrx_word' id='word_1_31' title='bbox 632 834 921 894; x_wconf 88' lang='lat' dir='ltr'><strong>conspectu</strong></span> <span class='ocrx_word' id='word_1_32' title='bbox 949 823 1064 892; x_wconf 87' lang='lat' dir='ltr'><strong>ejus</strong></span> <span class='ocrx_word' id='word_1_33' title='bbox 1111 819 1472 875; x_wconf 88' lang='lat' dir='ltr'><strong>humiliabunt</strong></span> <span class='ocrx_word' id='word_1_34' title='bbox 1514 817 1725 872; x_wconf 85' lang='lat' dir='ltr'><strong>animas</strong></span> <span class='ocrx_word' id='word_1_35' title='bbox 1769 829 1920 881; x_wconf 87' lang='lat' dir='ltr'><strong>suas,</strong></span> <span class='ocrx_word' id='word_1_36' title='bbox 1965 828 2020 874; x_wconf 79' lang='lat' dir='ltr'><strong>et</strong></span> 
     </span>
    </p>
   </div>
   <div class='ocr_carea' id='block_1_10' title="bbox 459 905 2016 984">
    <p class='ocr_par' dir='ltr' id='par_1_10' title="bbox 459 905 2016 984">
     <span class='ocr_line' id='line_1_10' title="bbox 459 905 2016 984; baseline -0.01 -9"><span class='ocrx_word' id='word_1_37' title='bbox 459 921 679 976; x_wconf 89' lang='lat' dir='ltr'><strong>leuitate</strong></span> <span class='ocrx_word' id='word_1_38' title='bbox 703 927 920 973; x_wconf 88' lang='lat' dir='ltr'><strong>utentur</strong></span> <span class='ocrx_word' id='word_1_39' title='bbox 955 929 1127 984; x_wconf 89' lang='lat' dir='ltr'><strong>usque</strong></span> <span class='ocrx_word' id='word_1_40' title='bbox 1169 913 1234 966; x_wconf 86' lang='lat' dir='ltr'><strong>ad</strong></span> <span class='ocrx_word' id='word_1_41' title='bbox 1270 921 1483 981; x_wconf 79' lang='lat' dir='ltr'><strong>tempus</strong></span> <span class='ocrx_word' id='word_1_42' title='bbox 1524 907 1851 965; x_wconf 81' lang='lat' dir='ltr'><strong>visitationis</strong></span> <span class='ocrx_word' id='word_1_43' title='bbox 1879 905 2016 974; x_wconf 86' lang='lat' dir='ltr'><strong>ejus.</strong></span> 
     </span>
    </p>
   </div>
   <div class='ocr_carea' id='block_1_11' title="bbox 514 1088 2021 1178">
    <p class='ocr_par' dir='ltr' id='par_1_11' title="bbox 514 1088 2021 1178">
     <span class='ocr_line' id='line_1_11' title="bbox 514 1088 2021 1178; baseline -0.011 -17"><span class='ocrx_word' id='word_1_44' title='bbox 514 1105 678 1178; x_wconf 62' lang='lat'><strong>248</strong></span> <span class='ocrx_word' id='word_1_45' title='bbox 707 1102 828 1164; x_wconf 84' lang='lat' dir='ltr'><strong>Fili.</strong></span> <span class='ocrx_word' id='word_1_46' title='bbox 854 1101 901 1156; x_wconf 88' lang='lat' dir='ltr'><strong>si</strong></span> <span class='ocrx_word' id='word_1_47' title='bbox 917 1101 1118 1156; x_wconf 90' lang='lat' dir='ltr'><strong>servire</strong></span> <span class='ocrx_word' id='word_1_48' title='bbox 1137 1095 1366 1152; x_wconf 89' lang='lat' dir='ltr'><strong>Domino</strong></span> <span class='ocrx_word' id='word_1_49' title='bbox 1386 1092 1646 1157; x_wconf 92' lang='lat' dir='ltr'><strong>instituis,</strong></span> <span class='ocrx_word' id='word_1_50' title='bbox 1670 1091 1738 1146; x_wconf 87' lang='lat' dir='ltr'><strong>ad</strong></span> <span class='ocrx_word' id='word_1_51' title='bbox 1771 1088 2021 1145; x_wconf 87' lang='lat' dir='ltr'><strong>tentatio-</strong></span> 
     </span>
    </p>
   </div>
   <div class='ocr_carea' id='block_1_12' title="bbox 448 1181 2018 1263">
    <p class='ocr_par' dir='ltr' id='par_1_12' title="bbox 448 1181 2018 1263">
     <span class='ocr_line' id='line_1_12' title="bbox 448 1181 2018 1263; baseline -0.011 -10"><span class='ocrx_word' id='word_1_52' title='bbox 448 1215 568 1254; x_wconf 89' lang='lat' dir='ltr'><strong>nem</strong></span> <span class='ocrx_word' id='word_1_53' title='bbox 595 1199 835 1252; x_wconf 86' lang='lat' dir='ltr'><strong>animum</strong></span> <span class='ocrx_word' id='word_1_54' title='bbox 877 1203 1027 1249; x_wconf 93' lang='lat' dir='ltr'><strong>tuum</strong></span> <span class='ocrx_word' id='word_1_55' title='bbox 1067 1197 1363 1263; x_wconf 65' lang='lat' dir='ltr'><strong>praeparato</strong></span> <span class='ocrx_word' id='word_1_56' title='bbox 1394 1203 1411 1244; x_wconf 88' lang='lat'>:</span> <span class='ocrx_word' id='word_1_57' title='bbox 1442 1198 1646 1242; x_wconf 89' lang='lat' dir='ltr'><strong>rectum</strong></span> <span class='ocrx_word' id='word_1_58' title='bbox 1677 1199 1774 1240; x_wconf 91' lang='lat' dir='ltr'><strong>cor</strong></span> <span class='ocrx_word' id='word_1_59' title='bbox 1800 1181 2018 1244; x_wconf 86' lang='lat' dir='ltr'><strong>habeto.</strong></span> 
     </span>
    </p>
   </div>
   <div class='ocr_carea' id='block_1_13' title="bbox 445 1290 833 1346">
    <p class='ocr_par' dir='ltr' id='par_1_13' title="bbox 445 1290 833 1346">
     <span class='ocr_line' id='line_1_13' title="bbox 445 1290 833 1346; baseline -0.015 0"><span class='ocrx_word' id='word_1_60' title='bbox 445 1300 499 1346; x_wconf 93' lang='lat' dir='ltr'><strong>et</strong></span> <span class='ocrx_word' id='word_1_61' title='bbox 524 1290 833 1346; x_wconf 83' lang='lat' dir='ltr'><strong>perdurato.</strong></span> 
     </span>
    </p>
   </div>
   <div class='ocr_carea' id='block_1_14' title="bbox 520 1307 2010 1442">
    <p class='ocr_par' dir='ltr' id='par_1_14' title="bbox 520 1307 2010 1442">
     <span class='ocr_line' id='line_1_14' title="bbox 560 1307 833 1342; baseline -0.004 -1"><span class='ocrx_word' id='word_1_62' title='bbox 560 1307 833 1342; x_wconf 64' lang='grc' dir='ltr'>ιξτιιιιηιο.</span> 
     </span>
     <span class='ocr_line' id='line_1_15' title="bbox 520 1307 2010 1442; baseline -0.012 -8"><span class='ocrx_word' id='word_1_63' title='bbox 520 1307 646 1434; x_wconf 53' lang='lat' dir='ltr'><strong>side</strong></span> <span class='ocrx_word' id='word_1_64' title='bbox 671 1395 737 1433; x_wconf 90' lang='lat' dir='ltr'><strong>ne</strong></span> <span class='ocrx_word' id='word_1_65' title='bbox 773 1377 994 1434; x_wconf 82' lang='lat' dir='ltr'><strong>festines</strong></span> <span class='ocrx_word' id='word_1_66' title='bbox 1021 1383 1264 1442; x_wconf 89' lang='lat' dir='ltr'><strong>tempore</strong></span> <span class='ocrx_word' id='word_1_67' title='bbox 1303 1367 1626 1426; x_wconf 82' lang='lat' dir='ltr'><strong>calamitatis</strong></span> <span class='ocrx_word' id='word_1_68' title='bbox 1657 1384 1673 1432; x_wconf 89' lang='lat'><strong>;</strong></span> <span class='ocrx_word' id='word_1_69' title='bbox 1699 1372 2010 1435; x_wconf 78' lang='lat' dir='ltr'><strong>exspectato</strong></span> 
     </span>
    </p>
   </div>
   <div class='ocr_carea' id='block_1_15' title="bbox 449 1457 2016 1542">
    <p class='ocr_par' dir='ltr' id='par_1_15' title="bbox 449 1457 2016 1542">
     <span class='ocr_line' id='line_1_16' title="bbox 449 1457 2016 1542; baseline -0.011 -16"><span class='ocrx_word' id='word_1_70' title='bbox 449 1473 713 1542; x_wconf 83' lang='lat' dir='ltr'><strong>patienter</strong></span> <span class='ocrx_word' id='word_1_71' title='bbox 744 1472 931 1532; x_wconf 83' lang='lat' dir='ltr'><strong>Deum,</strong></span> <span class='ocrx_word' id='word_1_72' title='bbox 957 1482 1020 1522; x_wconf 91' lang='lat' dir='ltr'><strong>ac</strong></span> <span class='ocrx_word' id='word_1_73' title='bbox 1039 1465 1115 1520; x_wconf 89' lang='lat' dir='ltr'><strong>illi</strong></span> <span class='ocrx_word' id='word_1_74' title='bbox 1139 1461 1515 1527; x_wconf 64' lang='lat' dir='ltr'><strong>adhaerescito,</strong></span> <span class='ocrx_word' id='word_1_75' title='bbox 1539 1469 1597 1514; x_wconf 87' lang='lat' dir='ltr'><strong>ut</strong></span> <span class='ocrx_word' id='word_1_76' title='bbox 1623 1457 1688 1514; x_wconf 91' lang='lat' dir='ltr'><strong>ad</strong></span> <span class='ocrx_word' id='word_1_77' title='bbox 1714 1465 2016 1514; x_wconf 79' lang='lat' dir='ltr'><strong>extremum</strong></span> 
     </span>
    </p>
   </div>
   <div class='ocr_carea' id='block_1_16' title="bbox 427 1545 912 1618">
    <p class='ocr_par' dir='ltr' id='par_1_16' title="bbox 427 1545 912 1618">
     <span class='ocr_line' id='line_1_17' title="bbox 427 1545 912 1618; baseline -0.008 0"><span class='ocrx_word' id='word_1_78' title='bbox 427 1545 583 1618; x_wconf 46' lang='lat' dir='ltr'><strong>&#39;bcne</strong></span> <span class='ocrx_word' id='word_1_79' title='bbox 613 1563 708 1616; x_wconf 87' lang='lat' dir='ltr'><strong>tibi</strong></span> <span class='ocrx_word' id='word_1_80' title='bbox 737 1562 912 1616; x_wconf 82' lang='lat' dir='ltr'><strong>cedat.</strong></span> 
     </span>
    </p>
   </div>
   <div class='ocr_carea' id='block_1_17' title="bbox 525 1647 1461 1723">
    <p class='ocr_par' dir='ltr' id='par_1_17' title="bbox 525 1647 1461 1723">
     <span class='ocr_line' id='line_1_18' title="bbox 525 1647 1461 1723; baseline -0.009 -15"><span class='ocrx_word' id='word_1_81' title='bbox 525 1653 768 1709; x_wconf 88' lang='lat' dir='ltr'><strong>Lenitate</strong></span> <span class='ocrx_word' id='word_1_82' title='bbox 800 1654 853 1708; x_wconf 86' lang='lat' dir='ltr'><strong>in</strong></span> <span class='ocrx_word' id='word_1_83' title='bbox 880 1649 1255 1723; x_wconf 87' lang='lat' dir='ltr'><strong>respondendo</strong></span> <span class='ocrx_word' id='word_1_84' title='bbox 1279 1647 1461 1703; x_wconf 87' lang='lat' dir='ltr'><strong>utitor.</strong></span> 
     </span>
    </p>
   </div>
   <div class='ocr_carea' id='block_1_18' title="bbox 520 1734 1638 1816">
    <p class='ocr_par' dir='ltr' id='par_1_18' title="bbox 520 1734 1638 1816">
     <span class='ocr_line' id='line_1_19' title="bbox 520 1734 1638 1816; baseline -0.01 -16"><span class='ocrx_word' id='word_1_85' title='bbox 520 1746 949 1816; x_wconf 80' lang='lat' dir='ltr'><strong>Haudquaquam</strong></span> <span class='ocrx_word' id='word_1_86' title='bbox 983 1742 1216 1797; x_wconf 80' lang='lat' dir='ltr'><strong>tardabit</strong></span> <span class='ocrx_word' id='word_1_87' title='bbox 1252 1738 1511 1809; x_wconf 83' lang='lat' dir='ltr'><strong>patientia</strong></span> <span class='ocrx_word' id='word_1_88' title='bbox 1543 1734 1638 1806; x_wconf 87' lang='lat' dir='ltr'><strong>pii.</strong></span> 
     </span>
    </p>
   </div>
   <div class='ocr_carea' id='block_1_19' title="bbox 527 1825 2020 1904">
    <p class='ocr_par' dir='ltr' id='par_1_19' title="bbox 527 1825 2020 1904">
     <span class='ocr_line' id='line_1_20' title="bbox 527 1825 2020 1904; baseline -0.009 -12"><span class='ocrx_word' id='word_1_89' title='bbox 527 1838 686 1892; x_wconf 81' lang='lat' dir='ltr'><strong>Eccli.</strong></span> <span class='ocrx_word' id='word_1_90' title='bbox 716 1855 770 1892; x_wconf 71' lang='grc' dir='ltr'><strong>κ.</strong></span> <span class='ocrx_word' id='word_1_91' title='bbox 803 1836 904 1902; x_wconf 87' lang='lat' dir='ltr'><strong>Qui</strong></span> <span class='ocrx_word' id='word_1_92' title='bbox 939 1835 1334 1904; x_wconf 81' lang='lat' dir='ltr'><strong>perseverarint</strong></span> <span class='ocrx_word' id='word_1_93' title='bbox 1355 1845 1524 1900; x_wconf 88' lang='lat' dir='ltr'><strong>usque</strong></span> <span class='ocrx_word' id='word_1_94' title='bbox 1544 1828 1598 1883; x_wconf 93' lang='lat' dir='ltr'><strong>in</strong></span> <span class='ocrx_word' id='word_1_95' title='bbox 1638 1825 1820 1891; x_wconf 84' lang='lat' dir='ltr'><strong>finem,</strong></span> <span class='ocrx_word' id='word_1_96' title='bbox 1855 1825 1902 1879; x_wconf 88' lang='lat' dir='ltr'><strong>is</strong></span> <span class='ocrx_word' id='word_1_97' title='bbox 1934 1838 2020 1880; x_wconf 88' lang='lat' dir='ltr'><strong>sa-</strong></span> 
     </span>
    </p>
   </div>
   <div class='ocr_carea' id='block_1_20' title="bbox 455 1931 1064 1996">
    <p class='ocr_par' dir='ltr' id='par_1_20' title="bbox 455 1931 1064 1996">
     <span class='ocr_line' id='line_1_21' title="bbox 455 1931 1064 1996; baseline -0.003 -12"><span class='ocrx_word' id='word_1_98' title='bbox 455 1931 623 1984; x_wconf 81' lang='lat' dir='ltr'><strong>lutem</strong></span> <span class='ocrx_word' id='word_1_99' title='bbox 681 1936 1064 1996; x_wconf 78' lang='lat' dir='ltr'><strong>consequetur.</strong></span> 
     </span>
    </p>
   </div>
   <div class='ocr_carea' id='block_1_21' title="bbox 524 2004 2016 2082">
    <p class='ocr_par' dir='ltr' id='par_1_21' title="bbox 524 2004 2016 2082">
     <span class='ocr_line' id='line_1_22' title="bbox 524 2004 2016 2082; baseline -0.006 -14"><span class='ocrx_word' id='word_1_100' title='bbox 524 2016 653 2069; x_wconf 82' lang='lat' dir='ltr'><strong>an.</strong></span> <span class='ocrx_word' id='word_1_101' title='bbox 688 2032 800 2070; x_wconf 76' lang='lat' dir='ltr'><strong>xxi.</strong></span> <span class='ocrx_word' id='word_1_102' title='bbox 823 2013 1085 2070; x_wconf 77' lang='lat' dir='ltr'><strong>Patientia</strong></span> <span class='ocrx_word' id='word_1_103' title='bbox 1115 2023 1290 2070; x_wconf 85' lang='lat' dir='ltr'><strong>vestra</strong></span> <span class='ocrx_word' id='word_1_104' title='bbox 1319 2012 1573 2079; x_wconf 85' lang='lat' dir='ltr'><strong>nitentes,</strong></span> <span class='ocrx_word' id='word_1_105' title='bbox 1602 2009 1872 2082; x_wconf 85' lang='lat' dir='ltr'><strong>possidete</strong></span> <span class='ocrx_word' id='word_1_106' title='bbox 1892 2004 2016 2061; x_wconf 84' lang='lat' dir='ltr'><strong>ani-</strong></span> 
     </span>
    </p>
   </div>
   <div class='ocr_carea' id='block_1_22' title="bbox 452 2117 817 2163">
    <p class='ocr_par' dir='ltr' id='par_1_22' title="bbox 452 2117 817 2163">
     <span class='ocr_line' id='line_1_23' title="bbox 452 2117 817 2163; baseline 0 -1"><span class='ocrx_word' id='word_1_107' title='bbox 452 2124 567 2162; x_wconf 89' lang='lat' dir='ltr'><strong>mas</strong></span> <span class='ocrx_word' id='word_1_108' title='bbox 591 2117 817 2163; x_wconf 72' lang='lat' dir='ltr'><strong>VL‘Sll&#39;aS.</strong></span> 
     </span>
    </p>
   </div>
   <div class='ocr_carea' id='block_1_23' title="bbox 523 2190 2015 2265">
    <p class='ocr_par' dir='ltr' id='par_1_23' title="bbox 523 2190 2015 2265">
     <span class='ocr_line' id='line_1_24' title="bbox 523 2190 2015 2265; baseline -0.003 -15"><span class='ocrx_word' id='word_1_109' title='bbox 523 2198 712 2265; x_wconf 79' lang='lat' dir='ltr'><strong>Ephes.</strong></span> <span class='ocrx_word' id='word_1_110' title='bbox 747 2215 818 2252; x_wconf 84' lang='lat' dir='ltr'><strong>IV.</strong></span> <span class='ocrx_word' id='word_1_111' title='bbox 855 2195 1091 2253; x_wconf 89' lang='lat' dir='ltr'><strong>Obsecro</strong></span> <span class='ocrx_word' id='word_1_112' title='bbox 1119 2211 1236 2262; x_wconf 89' lang='lat' dir='ltr'><strong>vos,</strong></span> <span class='ocrx_word' id='word_1_113' title='bbox 1265 2195 1486 2259; x_wconf 88' lang='lat' dir='ltr'><strong>fratres,</strong></span> <span class='ocrx_word' id='word_1_114' title='bbox 1512 2206 1612 2262; x_wconf 93' lang='lat' dir='ltr'><strong>ego</strong></span> <span class='ocrx_word' id='word_1_115' title='bbox 1636 2191 1727 2260; x_wconf 87' lang='lat' dir='ltr'><strong>qui</strong></span> <span class='ocrx_word' id='word_1_116' title='bbox 1770 2190 2015 2260; x_wconf 87' lang='lat' dir='ltr'><strong>captivus</strong></span> 
     </span>
    </p>
   </div>
   <div class='ocr_carea' id='block_1_24' title="bbox 447 2281 2017 2348">
    <p class='ocr_par' dir='ltr' id='par_1_24' title="bbox 447 2281 2017 2348">
     <span class='ocr_line' id='line_1_25' title="bbox 447 2281 2017 2348; baseline -0.008 -4"><span class='ocrx_word' id='word_1_117' title='bbox 447 2306 564 2344; x_wconf 88' lang='lat' dir='ltr'><strong>sum</strong></span> <span class='ocrx_word' id='word_1_118' title='bbox 592 2296 644 2342; x_wconf 89' lang='lat' dir='ltr'><strong>et</strong></span> <span class='ocrx_word' id='word_1_119' title='bbox 676 2289 887 2342; x_wconf 83' lang='lat' dir='ltr'><strong>vinctus</strong></span> <span class='ocrx_word' id='word_1_120' title='bbox 915 2285 1126 2341; x_wconf 85' lang='lat' dir='ltr'><strong>Domini</strong></span> <span class='ocrx_word' id='word_1_121' title='bbox 1150 2288 1389 2348; x_wconf 90' lang='lat' dir='ltr'><strong>nomine,</strong></span> <span class='ocrx_word' id='word_1_122' title='bbox 1423 2291 1502 2346; x_wconf 85' lang='lat' dir='ltr'><strong>ut,</strong></span> <span class='ocrx_word' id='word_1_123' title='bbox 1551 2281 1710 2335; x_wconf 87' lang='lat' dir='ltr'><strong>sicuti</strong></span> <span class='ocrx_word' id='word_1_124' title='bbox 1741 2285 1828 2334; x_wconf 86' lang='lat' dir='ltr'><strong>est</strong></span> <span class='ocrx_word' id='word_1_125' title='bbox 1855 2292 2017 2332; x_wconf 84' lang='lat' dir='ltr'><strong>voca-</strong></span> 
     </span>
    </p>
   </div>
   <div class='ocr_carea' id='block_1_25' title="bbox 447 2370 2012 2449">
    <p class='ocr_par' dir='ltr' id='par_1_25' title="bbox 447 2370 2012 2449">
     <span class='ocr_line' id='line_1_26' title="bbox 447 2370 2012 2449; baseline -0.008 -14"><span class='ocrx_word' id='word_1_126' title='bbox 447 2382 592 2435; x_wconf 89' lang='lat' dir='ltr'><strong>tiuue</strong></span> <span class='ocrx_word' id='word_1_127' title='bbox 623 2389 793 2434; x_wconf 82' lang='lat' dir='ltr'><strong>vestra</strong></span> <span class='ocrx_word' id='word_1_128' title='bbox 817 2379 1060 2449; x_wconf 82' lang='lat' dir='ltr'><strong>dignum,</strong></span> <span class='ocrx_word' id='word_1_129' title='bbox 1089 2375 1374 2430; x_wconf 88' lang='lat' dir='ltr'><strong>ambuletis</strong></span> <span class='ocrx_word' id='word_1_130' title='bbox 1395 2387 1519 2430; x_wconf 90' lang='lat' dir='ltr'><strong>cum</strong></span> <span class='ocrx_word' id='word_1_131' title='bbox 1547 2371 1694 2426; x_wconf 92' lang='lat' dir='ltr'><strong>omni</strong></span> <span class='ocrx_word' id='word_1_132' title='bbox 1723 2370 2012 2434; x_wconf 88' lang='lat' dir='ltr'><strong>modestia,</strong></span> 
     </span>
    </p>
   </div>
   <div class='ocr_carea' id='block_1_26' title="bbox 450 2463 2014 2538">
    <p class='ocr_par' dir='ltr' id='par_1_26' title="bbox 450 2463 2014 2538">
     <span class='ocr_line' id='line_1_27' title="bbox 450 2463 2014 2538; baseline -0.006 -12"><span class='ocrx_word' id='word_1_133' title='bbox 450 2471 861 2526; x_wconf 71' lang='lat' dir='ltr'><strong>lnunsnetudine</strong></span> <span class='ocrx_word' id='word_1_134' title='bbox 906 2478 959 2526; x_wconf 90' lang='lat' dir='ltr'><strong>et</strong></span> <span class='ocrx_word' id='word_1_135' title='bbox 989 2470 1233 2538; x_wconf 84' lang='lat' dir='ltr'><strong>lenitate,</strong></span> <span class='ocrx_word' id='word_1_136' title='bbox 1265 2468 1500 2524; x_wconf 86' lang='lat' dir='ltr'><strong>ferentes</strong></span> <span class='ocrx_word' id='word_1_137' title='bbox 1538 2479 1634 2520; x_wconf 83' lang='lat' dir='ltr'><strong>vos</strong></span> <span class='ocrx_word' id='word_1_138' title='bbox 1674 2463 1902 2518; x_wconf 83' lang='lat' dir='ltr'><strong>invicem</strong></span> <span class='ocrx_word' id='word_1_139' title='bbox 1960 2463 2014 2517; x_wconf 88' lang='lat' dir='ltr'><strong>in</strong></span> 
     </span>
    </p>
   </div>
   <div class='ocr_carea' id='block_1_27' title="bbox 449 2568 732 2619">
    <p class='ocr_par' dir='ltr' id='par_1_27' title="bbox 449 2568 732 2619">
     <span class='ocr_line' id='line_1_28' title="bbox 449 2568 732 2619; baseline -0.011 0"><span class='ocrx_word' id='word_1_140' title='bbox 449 2568 732 2619; x_wconf 73' lang='lat' dir='ltr'><strong>clxaritate.</strong></span> 
     </span>
    </p>
   </div>
   <div class='ocr_carea' id='block_1_28' title="bbox 521 2642 2015 2709">
    <p class='ocr_par' dir='ltr' id='par_1_28' title="bbox 521 2642 2015 2709">
     <span class='ocr_line' id='line_1_29' title="bbox 521 2642 2015 2709; baseline -0.006 -3"><span class='ocrx_word' id='word_1_141' title='bbox 521 2653 705 2707; x_wconf 89' lang='lat' dir='ltr'><strong>Facite</strong></span> <span class='ocrx_word' id='word_1_142' title='bbox 725 2668 790 2706; x_wconf 92' lang='lat' dir='ltr'><strong>ne</strong></span> <span class='ocrx_word' id='word_1_143' title='bbox 813 2659 1042 2707; x_wconf 82' lang='lat' dir='ltr'><strong>vestram</strong></span> <span class='ocrx_word' id='word_1_144' title='bbox 1069 2651 1124 2705; x_wconf 89' lang='lat' dir='ltr'><strong>in</strong></span> <span class='ocrx_word' id='word_1_145' title='bbox 1147 2648 1378 2704; x_wconf 85' lang='lat' dir='ltr'><strong>dicendo</strong></span> <span class='ocrx_word' id='word_1_146' title='bbox 1396 2647 1700 2703; x_wconf 86' lang='lat' dir='ltr'><strong>libertatem</strong></span> <span class='ocrx_word' id='word_1_147' title='bbox 1725 2642 2015 2709; x_wconf 83' lang='lat' dir='ltr'><strong>amittatis,</strong></span> 
     </span>
    </p>
   </div>
   <div class='ocr_carea' id='block_1_29' title="bbox 450 2729 2006 2815">
    <p class='ocr_par' dir='ltr' id='par_1_29' title="bbox 450 2729 2006 2815">
     <span class='ocr_line' id='line_1_30' title="bbox 450 2729 2006 2815; baseline -0.006 -16"><span class='ocrx_word' id='word_1_148' title='bbox 450 2762 570 2815; x_wconf 71' lang='lat' dir='ltr'><strong>qum</strong></span> <span class='ocrx_word' id='word_1_149' title='bbox 591 2740 835 2813; x_wconf 86' lang='lat' dir='ltr'><strong>magnam</strong></span> <span class='ocrx_word' id='word_1_150' title='bbox 863 2743 1023 2798; x_wconf 86' lang='lat' dir='ltr'><strong>habet</strong></span> <span class='ocrx_word' id='word_1_151' title='bbox 1043 2743 1369 2798; x_wconf 86' lang='lat' dir='ltr'><strong>mercedem.</strong></span> <span class='ocrx_word' id='word_1_152' title='bbox 1396 2729 1659 2796; x_wconf 82' lang='lat' dir='ltr'><strong>Patientia</strong></span> <span class='ocrx_word' id='word_1_153' title='bbox 1685 2734 2006 2793; x_wconf 68' lang='lat' dir='ltr'><strong>enim‘vobis</strong></span> 
     </span>
    </p>
   </div>
   <div class='ocr_carea' id='block_1_30' title="bbox 453 2827 2020 2906">
    <p class='ocr_par' dir='ltr' id='par_1_30' title="bbox 453 2827 2020 2906">
     <span class='ocr_line' id='line_1_31' title="bbox 453 2827 2020 2906; baseline -0.007 -16"><span class='ocrx_word' id='word_1_154' title='bbox 453 2852 590 2906; x_wconf 78' lang='lat' dir='ltr'><strong>Opus</strong></span> <span class='ocrx_word' id='word_1_155' title='bbox 609 2846 710 2899; x_wconf 84' lang='lat' dir='ltr'><strong>est,</strong></span> <span class='ocrx_word' id='word_1_156' title='bbox 736 2847 796 2890; x_wconf 87' lang='lat' dir='ltr'><strong>ut</strong></span> <span class='ocrx_word' id='word_1_157' title='bbox 819 2836 1076 2892; x_wconf 77' lang='lat' dir='ltr'><strong>voluntati</strong></span> <span class='ocrx_word' id='word_1_158' title='bbox 1099 2835 1292 2890; x_wconf 71' lang='lat' dir='ltr'><strong>divina:</strong></span> <span class='ocrx_word' id='word_1_159' title='bbox 1313 2833 1765 2902; x_wconf 88' lang='lat' dir='ltr'><strong>obtemperantes,</strong></span> <span class='ocrx_word' id='word_1_160' title='bbox 1789 2827 2020 2898; x_wconf 86' lang='lat' dir='ltr'><strong>promis-</strong></span> 
     </span>
    </p>
   </div>
   <div class='ocr_carea' id='block_1_31' title="bbox 455 2927 963 2997">
    <p class='ocr_par' dir='ltr' id='par_1_31' title="bbox 455 2927 963 2997">
     <span class='ocr_line' id='line_1_32' title="bbox 455 2927 963 2997; baseline 0 -15"><span class='ocrx_word' id='word_1_161' title='bbox 455 2929 635 2982; x_wconf 77' lang='lat' dir='ltr'><strong>siones</strong></span> <span class='ocrx_word' id='word_1_162' title='bbox 664 2927 963 2997; x_wconf 86' lang='lat' dir='ltr'><strong>accipiatis.</strong></span> 
     </span>
    </p>
   </div>
   <div class='ocr_carea' id='block_1_32' title="bbox 525 3012 2016 3080">
    <p class='ocr_par' dir='ltr' id='par_1_32' title="bbox 525 3012 2016 3080">
     <span class='ocr_line' id='line_1_33' title="bbox 525 3012 2016 3080; baseline -0.005 -6"><span class='ocrx_word' id='word_1_163' title='bbox 525 3020 718 3074; x_wconf 81' lang='lat' dir='ltr'><strong>Certus</strong></span> <span class='ocrx_word' id='word_1_164' title='bbox 763 3030 847 3075; x_wconf 85' lang='lat' dir='ltr'><strong>est</strong></span> <span class='ocrx_word' id='word_1_165' title='bbox 888 3033 1110 3074; x_wconf 88' lang='lat' dir='ltr'><strong>sermo:</strong></span> <span class='ocrx_word' id='word_1_166' title='bbox 1143 3018 1186 3074; x_wconf 88' lang='lat' dir='ltr'><strong>si</strong></span> <span class='ocrx_word' id='word_1_167' title='bbox 1224 3015 1548 3073; x_wconf 87' lang='lat' dir='ltr'><strong>commortui</strong></span> <span class='ocrx_word' id='word_1_168' title='bbox 1596 3030 1807 3080; x_wconf 89' lang='lat' dir='ltr'><strong>sumus,</strong></span> <span class='ocrx_word' id='word_1_169' title='bbox 1825 3012 2016 3068; x_wconf 88' lang='lat' dir='ltr'><strong>convi-</strong></span> 
     </span>
    </p>
   </div>
   <div class='ocr_carea' id='block_1_33' title="bbox 454 3105 2016 3182">
    <p class='ocr_par' dir='ltr' id='par_1_33' title="bbox 454 3105 2016 3182">
     <span class='ocr_line' id='line_1_34' title="bbox 454 3105 2016 3182; baseline -0.004 -18"><span class='ocrx_word' id='word_1_170' title='bbox 454 3127 643 3166; x_wconf 87' lang='lat' dir='ltr'><strong>vemus</strong></span> <span class='ocrx_word' id='word_1_171' title='bbox 690 3110 898 3166; x_wconf 88' lang='lat' dir='ltr'><strong>etiam:</strong></span> <span class='ocrx_word' id='word_1_172' title='bbox 956 3111 1000 3165; x_wconf 91' lang='lat' dir='ltr'><strong>si</strong></span> <span class='ocrx_word' id='word_1_173' title='bbox 1045 3109 1281 3182; x_wconf 86' lang='lat' dir='ltr'><strong>patimur</strong></span> <span class='ocrx_word' id='word_1_174' title='bbox 1346 3108 1645 3180; x_wconf 88' lang='lat' dir='ltr'><strong>patienter,</strong></span> <span class='ocrx_word' id='word_1_175' title='bbox 1702 3121 1808 3161; x_wconf 88' lang='lat' dir='ltr'><strong>una</strong></span> <span class='ocrx_word' id='word_1_176' title='bbox 1851 3105 2016 3159; x_wconf 89' lang='lat' dir='ltr'><strong>etiam</strong></span> 
     </span>
    </p>
   </div>
   <div class='ocr_carea' id='block_1_34' title="bbox 455 3203 823 3272">
    <p class='ocr_par' dir='ltr' id='par_1_34' title="bbox 455 3203 823 3272">
     <span class='ocr_line' id='line_1_35' title="bbox 455 3203 823 3272; baseline -0.003 -15"><span class='ocrx_word' id='word_1_177' title='bbox 455 3203 823 3272; x_wconf 80' lang='lat' dir='ltr'><strong>reguabimus.</strong></span> 
     </span>
    </p>
   </div>
   <div class='ocr_carea' id='block_1_35' title="bbox 2122 625 2425 681">
    <p class='ocr_par' dir='ltr' id='par_1_35' title="bbox 2122 625 2425 681">
     <span class='ocr_line' id='line_1_36' title="bbox 2122 625 2425 681; baseline -0.01 0"><span class='ocrx_word' id='word_1_178' title='bbox 2122 645 2208 681; x_wconf 92' lang='grc' dir='ltr'><strong>σιν</strong></span> <span class='ocrx_word' id='word_1_179' title='bbox 2237 625 2425 680; x_wconf 82' lang='grc' dir='ltr'>αὑτοῦ.</span> 
     </span>
    </p>
   </div>
   <div class='ocr_carea' id='block_1_36' title="bbox 2189 713 3684 791">
    <p class='ocr_par' dir='ltr' id='par_1_36' title="bbox 2189 713 3684 791">
     <span class='ocr_line' id='line_1_37' title="bbox 2189 713 3684 791; baseline -0.009 -14"><span class='ocrx_word' id='word_1_180' title='bbox 2189 725 2253 777; x_wconf 81' lang='lat' dir='ltr'><strong>Ol</strong></span> <span class='ocrx_word' id='word_1_181' title='bbox 2285 720 2608 791; x_wconf 77' lang='grc' dir='ltr'>φοϐούμενοι</span> <span class='ocrx_word' id='word_1_182' title='bbox 2651 718 2742 772; x_wconf 82' lang='grc' dir='ltr'><strong>τδν</strong></span> <span class='ocrx_word' id='word_1_183' title='bbox 2783 717 2986 788; x_wconf 79' lang='grc' dir='ltr'><strong>Κύριον</strong></span> <span class='ocrx_word' id='word_1_184' title='bbox 3043 715 3392 783; x_wconf 83' lang='grc' dir='ltr'>έτοιμάσουσι</span> <span class='ocrx_word' id='word_1_185' title='bbox 3427 713 3528 776; x_wconf 76' lang='grc' dir='ltr'><strong>τάς</strong></span> <span class='ocrx_word' id='word_1_186' title='bbox 3579 713 3684 781; x_wconf 80' lang='grc' dir='ltr'><strong>ψυ-</strong></span> 
     </span>
    </p>
   </div>
   <div class='ocr_carea' id='block_1_37' title="bbox 2119 803 3684 886">
    <p class='ocr_par' dir='ltr' id='par_1_37' title="bbox 2119 803 3684 886">
     <span class='ocr_line' id='line_1_38' title="bbox 2119 803 3684 886; baseline -0.011 -16"><span class='ocrx_word' id='word_1_187' title='bbox 2119 817 2218 886; x_wconf 84' lang='grc' dir='ltr'>χὰς</span> <span class='ocrx_word' id='word_1_188' title='bbox 2253 814 2469 875; x_wconf 82' lang='grc' dir='ltr'>αὐτῶν,</span> <span class='ocrx_word' id='word_1_189' title='bbox 2517 812 2613 864; x_wconf 76' lang='grc' dir='ltr'>καὶ</span> <span class='ocrx_word' id='word_1_190' title='bbox 2667 809 2897 862; x_wconf 73' lang='grc' dir='ltr'>ἐνώπιον</span> <span class='ocrx_word' id='word_1_191' title='bbox 2929 805 3096 860; x_wconf 81' lang='grc' dir='ltr'>αὑτοῦ</span> <span class='ocrx_word' id='word_1_192' title='bbox 3141 803 3542 858; x_wconf 86' lang='grc' dir='ltr'>ταπεινὼσουσι</span> <span class='ocrx_word' id='word_1_193' title='bbox 3585 803 3684 865; x_wconf 77' lang='grc' dir='ltr'>τὰς</span> 
     </span>
    </p>
   </div>
   <div class='ocr_carea' id='block_1_38' title="bbox 2117 895 3683 976">
    <p class='ocr_par' dir='ltr' id='par_1_38' title="bbox 2117 895 3683 976">
     <span class='ocr_line' id='line_1_39' title="bbox 2117 895 3683 976; baseline -0.01 -17"><span class='ocrx_word' id='word_1_194' title='bbox 2117 905 2295 976; x_wconf 74' lang='grc' dir='ltr'>ψυχᾶς</span> <span class='ocrx_word' id='word_1_195' title='bbox 2328 903 2528 967; x_wconf 81' lang='grc' dir='ltr'>αὐτῶν,</span> <span class='ocrx_word' id='word_1_196' title='bbox 2559 901 2654 956; x_wconf 78' lang='grc' dir='ltr'>καὶ</span> <span class='ocrx_word' id='word_1_197' title='bbox 2684 900 3200 972; x_wconf 82' lang='grc' dir='ltr'>μακροθυμήσουσιν</span> <span class='ocrx_word' id='word_1_198' title='bbox 3230 897 3335 958; x_wconf 75' lang='grc' dir='ltr'><strong>ἕως</strong></span> <span class='ocrx_word' id='word_1_199' title='bbox 3379 895 3683 962; x_wconf 74' lang='grc' dir='ltr'>ἐπισκοπῆς</span> 
     </span>
    </p>
   </div>
   <div class='ocr_carea' id='block_1_39' title="bbox 2119 995 2305 1051">
    <p class='ocr_par' dir='ltr' id='par_1_39' title="bbox 2119 995 2305 1051">
     <span class='ocr_line' id='line_1_40' title="bbox 2119 995 2305 1051; baseline -0.005 0"><span class='ocrx_word' id='word_1_200' title='bbox 2119 995 2305 1051; x_wconf 79' lang='grc' dir='ltr'>αὐτοῦ.</span> 
     </span>
    </p>
   </div>
   <div class='ocr_carea' id='block_1_40' title="bbox 2189 1075 3683 1155">
    <p class='ocr_par' dir='ltr' id='par_1_40' title="bbox 2189 1075 3683 1155">
     <span class='ocr_line' id='line_1_41' title="bbox 2189 1075 3683 1155; baseline -0.01 -16"><span class='ocrx_word' id='word_1_201' title='bbox 2189 1087 2410 1148; x_wconf 87' lang='grc' dir='ltr'>Τέκνον,</span> <span class='ocrx_word' id='word_1_202' title='bbox 2453 1087 2502 1139; x_wconf 89' lang='grc' dir='ltr'><strong>εί</strong></span> <span class='ocrx_word' id='word_1_203' title='bbox 2540 1086 2816 1155; x_wconf 83' lang='grc' dir='ltr'><strong>προσέρχῃ</strong></span> <span class='ocrx_word' id='word_1_204' title='bbox 2865 1081 3137 1135; x_wconf 73' lang='grc' dir='ltr'>δουλεύειν</span> <span class='ocrx_word' id='word_1_205' title='bbox 3176 1079 3256 1149; x_wconf 81' lang='grc' dir='ltr'>τῷ</span> <span class='ocrx_word' id='word_1_206' title='bbox 3290 1077 3506 1146; x_wconf 80' lang='grc' dir='ltr'>Κυρίῳ,</span> <span class='ocrx_word' id='word_1_207' title='bbox 3535 1075 3683 1126; x_wconf 79' lang='grc' dir='ltr'>ὲτοί·</span> 
     </span>
    </p>
   </div>
   <div class='ocr_carea' id='block_1_41' title="bbox 2123 1167 3686 1250">
    <p class='ocr_par' dir='ltr' id='par_1_41' title="bbox 2123 1167 3686 1250">
     <span class='ocr_line' id='line_1_42' title="bbox 2123 1167 3686 1250; baseline -0.009 -17"><span class='ocrx_word' id='word_1_208' title='bbox 2123 1195 2293 1250; x_wconf 88' lang='grc' dir='ltr'>μασον</span> <span class='ocrx_word' id='word_1_209' title='bbox 2328 1178 2426 1248; x_wconf 85' lang='grc' dir='ltr'>τὴν</span> <span class='ocrx_word' id='word_1_210' title='bbox 2475 1179 2655 1248; x_wconf 80' lang='grc' dir='ltr'>ψυχήν</span> <span class='ocrx_word' id='word_1_211' title='bbox 2689 1195 2782 1232; x_wconf 91' lang='grc' dir='ltr'><strong>σου</strong></span> <span class='ocrx_word' id='word_1_212' title='bbox 2838 1177 2918 1238; x_wconf 86' lang='grc' dir='ltr'><strong>είς</strong></span> <span class='ocrx_word' id='word_1_213' title='bbox 2952 1175 3288 1246; x_wconf 81' lang='grc' dir='ltr'>πειρασμόνο</span> <span class='ocrx_word' id='word_1_214' title='bbox 3324 1170 3550 1226; x_wconf 77' lang='grc' dir='ltr'>εὔθυνον</span> <span class='ocrx_word' id='word_1_215' title='bbox 3581 1167 3686 1236; x_wconf 78' lang='grc' dir='ltr'>τὴν</span> 
     </span>
    </p>
   </div>
   <div class='ocr_carea' id='block_1_42' title="bbox 2118 1269 3011 1339">
    <p class='ocr_par' dir='ltr' id='par_1_42' title="bbox 2118 1269 3011 1339">
     <span class='ocr_line' id='line_1_43' title="bbox 2118 1269 3011 1339; baseline 0 -16"><span class='ocrx_word' id='word_1_216' title='bbox 2118 1269 2346 1339; x_wconf 79' lang='grc' dir='ltr'><strong>καρδίαν</strong></span> <span class='ocrx_word' id='word_1_217' title='bbox 2385 1286 2503 1332; x_wconf 85' lang='grc' dir='ltr'>σου,</span> <span class='ocrx_word' id='word_1_218' title='bbox 2529 1269 2625 1324; x_wconf 79' lang='grc' dir='ltr'>καὶ</span> <span class='ocrx_word' id='word_1_219' title='bbox 2649 1269 3011 1338; x_wconf 82' lang='grc' dir='ltr'>καρτέρησον.</span> 
     </span>
    </p>
   </div>
   <div class='ocr_carea' id='block_1_43' title="bbox 2190 1350 3688 1434">
    <p class='ocr_par' dir='ltr' id='par_1_43' title="bbox 2190 1350 3688 1434">
     <span class='ocr_line' id='line_1_44' title="bbox 2190 1350 3688 1434; baseline -0.009 -18"><span class='ocrx_word' id='word_1_220' title='bbox 2190 1363 2283 1434; x_wconf 82' lang='grc' dir='ltr'><strong>Μὴ</strong></span> <span class='ocrx_word' id='word_1_221' title='bbox 2315 1364 2560 1433; x_wconf 81' lang='grc' dir='ltr'>σπεύσῃς</span> <span class='ocrx_word' id='word_1_222' title='bbox 2616 1363 2674 1415; x_wconf 81' lang='grc' dir='ltr'><strong>έν</strong></span> <span class='ocrx_word' id='word_1_223' title='bbox 2733 1361 2915 1430; x_wconf 81' lang='grc' dir='ltr'><strong>καιρῷ</strong></span> <span class='ocrx_word' id='word_1_224' title='bbox 2969 1358 3310 1426; x_wconf 77' lang='grc' dir='ltr'>ἐπαγωγῆςο</span> <span class='ocrx_word' id='word_1_225' title='bbox 3367 1356 3550 1422; x_wconf 82' lang='grc' dir='ltr'>μεῖνον</span> <span class='ocrx_word' id='word_1_226' title='bbox 3589 1350 3688 1419; x_wconf 60' lang='grc' dir='ltr'><strong>τὴν</strong></span> 
     </span>
    </p>
   </div>
   <div class='ocr_carea' id='block_1_44' title="bbox 2117 1443 3689 1525">
    <p class='ocr_par' dir='ltr' id='par_1_44' title="bbox 2117 1443 3689 1525">
     <span class='ocr_line' id='line_1_45' title="bbox 2117 1443 3689 1525; baseline -0.01 -15"><span class='ocrx_word' id='word_1_227' title='bbox 2117 1455 2418 1525; x_wconf 78' lang='grc' dir='ltr'>ἀναμονὴν,</span> <span class='ocrx_word' id='word_1_228' title='bbox 2451 1455 2546 1507; x_wconf 83' lang='grc' dir='ltr'>καὶ</span> <span class='ocrx_word' id='word_1_229' title='bbox 2606 1453 2901 1522; x_wconf 83' lang='grc' dir='ltr'>κολλήθητι</span> <span class='ocrx_word' id='word_1_230' title='bbox 2959 1451 3127 1520; x_wconf 80' lang='grc' dir='ltr'>αὐτῷ,</span> <span class='ocrx_word' id='word_1_231' title='bbox 3163 1449 3256 1502; x_wconf 76' lang='grc' dir='ltr'><strong>καὶ</strong></span> <span class='ocrx_word' id='word_1_232' title='bbox 3290 1447 3369 1516; x_wconf 78' lang='grc' dir='ltr'>μὴ</span> <span class='ocrx_word' id='word_1_233' title='bbox 3418 1443 3689 1511; x_wconf 80' lang='grc' dir='ltr'>ἀποστῇς,</span> 
     </span>
    </p>
   </div>
   <div class='ocr_carea' id='block_1_45' title="bbox 2121 1543 3156 1615">
    <p class='ocr_par' dir='ltr' id='par_1_45' title="bbox 2121 1543 3156 1615">
     <span class='ocr_line' id='line_1_46' title="bbox 2121 1543 3156 1615; baseline -0.005 -16"><span class='ocrx_word' id='word_1_234' title='bbox 2121 1546 2211 1601; x_wconf 83' lang='grc' dir='ltr'><strong>ῐνα</strong></span> <span class='ocrx_word' id='word_1_235' title='bbox 2262 1543 2504 1615; x_wconf 78' lang='grc' dir='ltr'>αὑξηθῇς</span> <span class='ocrx_word' id='word_1_236' title='bbox 2534 1543 2620 1597; x_wconf 76' lang='grc' dir='ltr'><strong>ἐπ’</strong></span> <span class='ocrx_word' id='word_1_237' title='bbox 2647 1546 2892 1613; x_wconf 77' lang='grc' dir='ltr'><strong>ἐσχάτων</strong></span> <span class='ocrx_word' id='word_1_238' title='bbox 2935 1559 3056 1595; x_wconf 91' lang='grc' dir='ltr'>σου.</span> <span class='ocrx_word' id='word_1_239' title='bbox 3151 1569 3156 1576; x_wconf 69' lang='grc' dir='ltr'><strong>ι</strong></span> 
     </span>
    </p>
   </div>
   <div class='ocr_carea' id='block_1_46' title="bbox 2202 1635 3308 1709">
    <p class='ocr_par' dir='ltr' id='par_1_46' title="bbox 2202 1635 3308 1709">
     <span class='ocr_line' id='line_1_47' title="bbox 2202 1635 3308 1709; baseline -0.005 -17"><span class='ocrx_word' id='word_1_240' title='bbox 2202 1639 2294 1692; x_wconf 84' lang='grc' dir='ltr'>Ἐν</span> <span class='ocrx_word' id='word_1_241' title='bbox 2329 1637 2688 1709; x_wconf 78' lang='grc' dir='ltr'><strong>μακροθυμίᾳ</strong></span> <span class='ocrx_word' id='word_1_242' title='bbox 2716 1636 2955 1704; x_wconf 78' lang='grc' dir='ltr'><strong>φθέγγου</strong></span> <span class='ocrx_word' id='word_1_243' title='bbox 2991 1635 3308 1704; x_wconf 81' lang='grc' dir='ltr'>ἀπόκρισιν.</span> 
     </span>
    </p>
   </div>
   <div class='ocr_carea' id='block_1_47' title="bbox 2190 1724 3395 1801">
    <p class='ocr_par' dir='ltr' id='par_1_47' title="bbox 2190 1724 3395 1801">
     <span class='ocr_line' id='line_1_48' title="bbox 2190 1724 3395 1801; baseline -0.007 -15"><span class='ocrx_word' id='word_1_244' title='bbox 2190 1732 2266 1786; x_wconf 81' lang='grc' dir='ltr'><strong>Οὐ</strong></span> <span class='ocrx_word' id='word_1_245' title='bbox 2309 1729 2382 1801; x_wconf 80' lang='grc' dir='ltr'>μὴ</span> <span class='ocrx_word' id='word_1_246' title='bbox 2411 1729 2794 1801; x_wconf 80' lang='grc' dir='ltr'>καθυστερήσῃ</span> <span class='ocrx_word' id='word_1_247' title='bbox 2826 1727 3075 1798; x_wconf 80' lang='grc' dir='ltr'>ὑπομονὴ</span> <span class='ocrx_word' id='word_1_248' title='bbox 3115 1724 3395 1787; x_wconf 77' lang='grc' dir='ltr'>εὐσεϐοῦς.</span> 
     </span>
    </p>
   </div>
   <div class='ocr_carea' id='block_1_48' title="bbox 2203 1815 3472 1895">
    <p class='ocr_par' dir='ltr' id='par_1_48' title="bbox 2203 1815 3472 1895">
     <span class='ocr_line' id='line_1_49' title="bbox 2203 1815 3472 1895; baseline -0.004 -16"><span class='ocrx_word' id='word_1_249' title='bbox 2203 1823 2262 1878; x_wconf 87' lang='lat'><strong>&#39;0</strong></span> <span class='ocrx_word' id='word_1_250' title='bbox 2289 1822 2592 1895; x_wconf 81' lang='grc' dir='ltr'>ὑπομείνας</span> <span class='ocrx_word' id='word_1_251' title='bbox 2627 1824 2708 1885; x_wconf 84' lang='grc' dir='ltr'><strong>είς</strong></span> <span class='ocrx_word' id='word_1_252' title='bbox 2747 1821 2924 1886; x_wconf 85' lang='grc' dir='ltr'>τέλος,</span> <span class='ocrx_word' id='word_1_253' title='bbox 2963 1815 3117 1881; x_wconf 72' lang='grc' dir='ltr'>οὗτος</span> <span class='ocrx_word' id='word_1_254' title='bbox 3141 1820 3472 1890; x_wconf 77' lang='grc' dir='ltr'>σωθήσεται.</span> 
     </span>
    </p>
   </div>
   <div class='ocr_carea' id='block_1_49' title="bbox 2194 1999 3681 2076">
    <p class='ocr_par' dir='ltr' id='par_1_49' title="bbox 2194 1999 3681 2076">
     <span class='ocr_line' id='line_1_50' title="bbox 2194 1999 3681 2076; baseline -0.003 -20"><span class='ocrx_word' id='word_1_255' title='bbox 2194 2003 2282 2056; x_wconf 84' lang='grc' dir='ltr'>Ἑν</span> <span class='ocrx_word' id='word_1_256' title='bbox 2299 2005 2366 2076; x_wconf 75' lang='grc' dir='ltr'>τῇ</span> <span class='ocrx_word' id='word_1_257' title='bbox 2396 2004 2642 2074; x_wconf 76' lang='grc' dir='ltr'>ὑπομονῇ</span> <span class='ocrx_word' id='word_1_258' title='bbox 2667 2001 2822 2072; x_wconf 85' lang='grc' dir='ltr'>ὑμῶν</span> <span class='ocrx_word' id='word_1_259' title='bbox 2843 1999 3118 2072; x_wconf 79' lang='grc' dir='ltr'>κτήσασθε</span> <span class='ocrx_word' id='word_1_260' title='bbox 3147 2002 3246 2063; x_wconf 73' lang='grc' dir='ltr'>τὰς</span> <span class='ocrx_word' id='word_1_261' title='bbox 3277 2001 3461 2071; x_wconf 67' lang='grc' dir='ltr'>ψυχὰς</span> <span class='ocrx_word' id='word_1_262' title='bbox 3493 2001 3681 2070; x_wconf 82' lang='grc' dir='ltr'>ὑμῶν.</span> 
     </span>
    </p>
   </div>
   <div class='ocr_carea' id='block_1_50' title="bbox 2187 2175 3683 2250">
    <p class='ocr_par' dir='ltr' id='par_1_50' title="bbox 2187 2175 3683 2250">
     <span class='ocr_line' id='line_1_51' title="bbox 2187 2175 3683 2250; baseline -0.003 -16"><span class='ocrx_word' id='word_1_263' title='bbox 2187 2179 2501 2250; x_wconf 79' lang='grc' dir='ltr'>Παρακαλῶ</span> <span class='ocrx_word' id='word_1_264' title='bbox 2527 2179 2695 2244; x_wconf 78' lang='grc' dir='ltr'>ὑμᾶς,</span> <span class='ocrx_word' id='word_1_265' title='bbox 2735 2175 2976 2244; x_wconf 82' lang='grc' dir='ltr'>ἀδελφοὶ,</span> <span class='ocrx_word' id='word_1_266' title='bbox 2999 2175 3109 2244; x_wconf 77' lang='grc' dir='ltr'><strong>ἐγὼ</strong></span> <span class='ocrx_word' id='word_1_267' title='bbox 3135 2179 3163 2229; x_wconf 84' lang='grc' dir='ltr'><strong>ό</strong></span> <span class='ocrx_word' id='word_1_268' title='bbox 3201 2176 3426 2244; x_wconf 77' lang='grc' dir='ltr'><strong>δέσμιος</strong></span> <span class='ocrx_word' id='word_1_269' title='bbox 3467 2177 3525 2227; x_wconf 82' lang='grc' dir='ltr'>ἐν</span> <span class='ocrx_word' id='word_1_270' title='bbox 3566 2177 3683 2229; x_wconf 80' lang='grc' dir='ltr'><strong>Κυ-</strong></span> 
     </span>
    </p>
   </div>
   <div class='ocr_carea' id='block_1_51' title="bbox 2119 2264 3679 2344">
    <p class='ocr_par' dir='ltr' id='par_1_51' title="bbox 2119 2264 3679 2344">
     <span class='ocr_line' id='line_1_52' title="bbox 2119 2264 3679 2344; baseline -0.003 -17"><span class='ocrx_word' id='word_1_271' title='bbox 2119 2274 2240 2344; x_wconf 84' lang='grc' dir='ltr'>ρίῳ,</span> <span class='ocrx_word' id='word_1_272' title='bbox 2285 2271 2853 2343; x_wconf 77' lang='grc' dir='ltr'>ἀξίως¹περιπατῆσαι</span> <span class='ocrx_word' id='word_1_273' title='bbox 2888 2270 2985 2339; x_wconf 82' lang='grc' dir='ltr'>τῆς</span> <span class='ocrx_word' id='word_1_274' title='bbox 3016 2270 3263 2340; x_wconf 83' lang='grc' dir='ltr'><strong>κλήσεως</strong></span> <span class='ocrx_word' id='word_1_275' title='bbox 3299 2264 3367 2340; x_wconf 83' lang='grc' dir='ltr'>ἧς</span> <span class='ocrx_word' id='word_1_276' title='bbox 3395 2269 3679 2338; x_wconf 74' lang='grc' dir='ltr'>ἐκλήθητε,</span> 
     </span>
    </p>
   </div>
   <div class='ocr_carea' id='block_1_52' title="bbox 2119 2360 3682 2435">
    <p class='ocr_par' dir='ltr' id='par_1_52' title="bbox 2119 2360 3682 2435">
     <span class='ocr_line' id='line_1_53' title="bbox 2119 2360 3682 2435; baseline -0.004 -17"><span class='ocrx_word' id='word_1_277' title='bbox 2119 2365 2258 2435; x_wconf 85' lang='grc' dir='ltr'><strong>μετά</strong></span> <span class='ocrx_word' id='word_1_278' title='bbox 2303 2367 2485 2430; x_wconf 83' lang='grc' dir='ltr'>πάσης</span> <span class='ocrx_word' id='word_1_279' title='bbox 2546 2360 3050 2430; x_wconf 77' lang='grc' dir='ltr'>ταπεινοφροσύνης</span> <span class='ocrx_word' id='word_1_280' title='bbox 3097 2361 3191 2414; x_wconf 81' lang='grc' dir='ltr'><strong>καὶ</strong></span> <span class='ocrx_word' id='word_1_281' title='bbox 3229 2360 3556 2430; x_wconf 84' lang='grc' dir='ltr'>πραότητος,</span> <span class='ocrx_word' id='word_1_282' title='bbox 3585 2377 3682 2428; x_wconf 80' lang='grc' dir='ltr'>με·</span> 
     </span>
    </p>
   </div>
   <div class='ocr_carea' id='block_1_53' title="bbox 2114 2451 3685 2528">
    <p class='ocr_par' dir='ltr' id='par_1_53' title="bbox 2114 2451 3685 2528">
     <span class='ocr_line' id='line_1_54' title="bbox 2114 2451 3685 2528; baseline -0.004 -16"><span class='ocrx_word' id='word_1_283' title='bbox 2114 2458 2185 2512; x_wconf 79' lang='grc' dir='ltr'><strong>τά</strong></span> <span class='ocrx_word' id='word_1_284' title='bbox 2229 2456 2643 2528; x_wconf 86' lang='grc' dir='ltr'>μακροθυμίας,</span> <span class='ocrx_word' id='word_1_285' title='bbox 2684 2454 3009 2524; x_wconf 79' lang='grc' dir='ltr'>ἀνεχόμενοι</span> <span class='ocrx_word' id='word_1_286' title='bbox 3055 2451 3305 2521; x_wconf 80' lang='grc' dir='ltr'>ἀλλήλων</span> <span class='ocrx_word' id='word_1_287' title='bbox 3357 2453 3418 2504; x_wconf 82' lang='grc' dir='ltr'>ἐν</span> <span class='ocrx_word' id='word_1_288' title='bbox 3469 2453 3685 2524; x_wconf 69' lang='grc' dir='ltr'>ἀγάπῃ.</span> 
     </span>
    </p>
   </div>
   <div class='ocr_carea' id='block_1_54' title="bbox 2187 2627 3685 2706">
    <p class='ocr_par' dir='ltr' id='par_1_54' title="bbox 2187 2627 3685 2706">
     <span class='ocr_line' id='line_1_55' title="bbox 2187 2627 3685 2706; baseline -0.014 -15"><span class='ocrx_word' id='word_1_289' title='bbox 2187 2637 2278 2706; x_wconf 78' lang='grc' dir='ltr'><strong>Μὴ</strong></span> <span class='ocrx_word' id='word_1_290' title='bbox 2303 2635 2618 2706; x_wconf 80' lang='grc' dir='ltr'>ἀποσάλητε</span> <span class='ocrx_word' id='word_1_291' title='bbox 2644 2633 2746 2702; x_wconf 87' lang='grc' dir='ltr'><strong>τὴν</strong></span> <span class='ocrx_word' id='word_1_292' title='bbox 2768 2627 3080 2700; x_wconf 75' lang='grc' dir='ltr'>παρρησίαν</span> <span class='ocrx_word' id='word_1_293' title='bbox 3102 2627 3278 2696; x_wconf 76' lang='grc' dir='ltr'>ὑμῶν,</span> <span class='ocrx_word' id='word_1_294' title='bbox 3295 2629 3420 2698; x_wconf 83' lang='grc' dir='ltr'>ἥτις</span> <span class='ocrx_word' id='word_1_295' title='bbox 3451 2630 3567 2699; x_wconf 80' lang='grc' dir='ltr'>ἔχει</span> <span class='ocrx_word' id='word_1_296' title='bbox 3595 2647 3685 2698; x_wconf 79' lang='grc' dir='ltr'>με-</span> 
     </span>
    </p>
   </div>
   <div class='ocr_carea' id='block_1_55' title="bbox 2115 2717 3689 2798">
    <p class='ocr_par' dir='ltr' id='par_1_55' title="bbox 2115 2717 3689 2798">
     <span class='ocr_line' id='line_1_56' title="bbox 2115 2717 3689 2798; baseline -0.006 -14"><span class='ocrx_word' id='word_1_297' title='bbox 2115 2729 2290 2798; x_wconf 83' lang='grc' dir='ltr'>γάλην</span> <span class='ocrx_word' id='word_1_298' title='bbox 2324 2726 2770 2798; x_wconf 69' lang='grc' dir='ltr'>μισθαποδοσίαν.</span> <span class='ocrx_word' id='word_1_299' title='bbox 2806 2717 3118 2790; x_wconf 84' lang='grc' dir='ltr'>Ὕπομονῆς</span> <span class='ocrx_word' id='word_1_300' title='bbox 3143 2719 3253 2789; x_wconf 76' lang='grc' dir='ltr'><strong>γὰρ</strong></span> <span class='ocrx_word' id='word_1_301' title='bbox 3283 2719 3439 2790; x_wconf 75' lang='grc' dir='ltr'>ἔχετε</span> <span class='ocrx_word' id='word_1_302' title='bbox 3469 2721 3689 2791; x_wconf 79' lang='grc' dir='ltr'>χρείαν,</span> 
     </span>
    </p>
   </div>
   <div class='ocr_carea' id='block_1_56' title="bbox 2116 2813 3691 2889">
    <p class='ocr_par' dir='ltr' id='par_1_56' title="bbox 2116 2813 3691 2889">
     <span class='ocr_line' id='line_1_57' title="bbox 2116 2813 3691 2889; baseline -0.002 -17"><span class='ocrx_word' id='word_1_303' title='bbox 2116 2820 2208 2874; x_wconf 80' lang='grc' dir='ltr'><strong>ἴνα</strong></span> <span class='ocrx_word' id='word_1_304' title='bbox 2237 2820 2298 2873; x_wconf 90' lang='grc' dir='ltr'><strong>τὸ</strong></span> <span class='ocrx_word' id='word_1_305' title='bbox 2329 2819 2539 2889; x_wconf 80' lang='grc' dir='ltr'>θέλημα</span> <span class='ocrx_word' id='word_1_306' title='bbox 2563 2817 2660 2871; x_wconf 79' lang='grc' dir='ltr'>τοῦ</span> <span class='ocrx_word' id='word_1_307' title='bbox 2692 2815 2829 2870; x_wconf 78' lang='grc' dir='ltr'>Θεοῦ</span> <span class='ocrx_word' id='word_1_308' title='bbox 2858 2813 3213 2884; x_wconf 80' lang='grc' dir='ltr'>ποιήσαντες,</span> <span class='ocrx_word' id='word_1_309' title='bbox 3243 2813 3549 2886; x_wconf 73' lang='grc' dir='ltr'>κομίσησθε</span> <span class='ocrx_word' id='word_1_310' title='bbox 3585 2816 3691 2878; x_wconf 78' lang='grc' dir='ltr'>τὰς</span> 
     </span>
    </p>
   </div>
   <div class='ocr_carea' id='block_1_57' title="bbox 2115 2912 2473 2980">
    <p class='ocr_par' dir='ltr' id='par_1_57' title="bbox 2115 2912 2473 2980">
     <span class='ocr_line' id='line_1_58' title="bbox 2115 2912 2473 2980; baseline 0.011 -16"><span class='ocrx_word' id='word_1_311' title='bbox 2115 2912 2473 2980; x_wconf 77' lang='grc' dir='ltr'>ἐπαγγελίας.</span> 
     </span>
    </p>
   </div>
   <div class='ocr_carea' id='block_1_58' title="bbox 2189 3005 3691 3078">
    <p class='ocr_par' dir='ltr' id='par_1_58' title="bbox 2189 3005 3691 3078">
     <span class='ocr_line' id='line_1_59' title="bbox 2189 3005 3691 3078; baseline -0.002 -19"><span class='ocrx_word' id='word_1_312' title='bbox 2189 3005 2386 3068; x_wconf 77' lang='grc' dir='ltr'>Πιστὸς</span> <span class='ocrx_word' id='word_1_313' title='bbox 2425 3008 2454 3060; x_wconf 90' lang='grc' dir='ltr'><strong>ό</strong></span> <span class='ocrx_word' id='word_1_314' title='bbox 2501 3008 2678 3076; x_wconf 81' lang='grc' dir='ltr'>λόγος.</span> <span class='ocrx_word' id='word_1_315' title='bbox 2727 3005 2792 3060; x_wconf 78' lang='lat' dir='ltr'><strong>Et</strong></span> <span class='ocrx_word' id='word_1_316' title='bbox 2821 3006 2932 3078; x_wconf 86' lang='grc' dir='ltr'>γὰρ</span> <span class='ocrx_word' id='word_1_317' title='bbox 2957 3007 3432 3073; x_wconf 80' lang='grc' dir='ltr'>συναπεθάνομεν,</span> <span class='ocrx_word' id='word_1_318' title='bbox 3461 3005 3562 3057; x_wconf 73' lang='grc' dir='ltr'>καὶ</span> <span class='ocrx_word' id='word_1_319' title='bbox 3598 3021 3691 3057; x_wconf 76' lang='lat' dir='ltr'><strong>cu-</strong></span> 
     </span>
    </p>
   </div>
   <div class='ocr_carea' id='block_1_59' title="bbox 2117 3097 3581 3171">
    <p class='ocr_par' dir='ltr' id='par_1_59' title="bbox 2117 3097 3581 3171">
     <span class='ocr_line' id='line_1_60' title="bbox 2117 3097 3581 3171; baseline -0.01 -9"><span class='ocrx_word' id='word_1_320' title='bbox 2117 3099 2376 3170; x_wconf 71' lang='grc' dir='ltr'>ζήσομενο</span> <span class='ocrx_word' id='word_1_321' title='bbox 2416 3102 2466 3156; x_wconf 80' lang='grc' dir='ltr'><strong>εί</strong></span> <span class='ocrx_word' id='word_1_322' title='bbox 2491 3101 2858 3171; x_wconf 80' lang='grc' dir='ltr'>ὑπομένομεν,</span> <span class='ocrx_word' id='word_1_323' title='bbox 2895 3102 2992 3154; x_wconf 79' lang='grc' dir='ltr'><strong>καὶ</strong></span> <span class='ocrx_word' id='word_1_324' title='bbox 3038 3097 3581 3171; x_wconf 79' lang='grc' dir='ltr'>συμϐασιλεύσομεν.</span> 
     </span>
    </p>
   </div>
   <div class='ocr_carea' id='block_1_60' title="bbox 523 3266 2017 3364">
    <p class='ocr_par' dir='ltr' id='par_1_60' title="bbox 523 3266 2016 3364">
     <span class='ocr_line' id='line_1_61' title="bbox 523 3266 2016 3364; baseline -0.006 -15"><span class='ocrx_word' id='word_1_325' title='bbox 523 3266 696 3349; x_wconf 68' lang='grc' dir='ltr'>διηηε</span> <span class='ocrx_word' id='word_1_326' title='bbox 721 3293 970 3364; x_wconf 84' lang='lat' dir='ltr'><strong>gaudium</strong></span> <span class='ocrx_word' id='word_1_327' title='bbox 996 3292 1319 3356; x_wconf 80' lang='lat' dir='ltr'><strong>existimate,</strong></span> <span class='ocrx_word' id='word_1_328' title='bbox 1343 3291 1539 3348; x_wconf 76' lang='lat' dir='ltr'><strong>fratres</strong></span> <span class='ocrx_word' id='word_1_329' title='bbox 1573 3288 2016 3360; x_wconf 69' lang='lat' dir='ltr'><strong>mei&#39;prtedilecti,</strong></span> 
     </span>
    </p>
   </div>
   <div class='ocr_carea' id='block_1_61' title="bbox 2136 3266 3686 3364">
    <p class='ocr_par' dir='ltr' id='par_1_61' title="bbox 2200 3275 3686 3349">
     <span class='ocr_line' id='line_1_62' title="bbox 2200 3275 3686 3349; baseline -0.003 -18"><span class='ocrx_word' id='word_1_330' title='bbox 2200 3279 2384 3332; x_wconf 81' lang='grc' dir='ltr'>Πᾶσαν</span> <span class='ocrx_word' id='word_1_331' title='bbox 2413 3279 2591 3348; x_wconf 85' lang='grc' dir='ltr'>χαράν</span> <span class='ocrx_word' id='word_1_332' title='bbox 2632 3278 2936 3349; x_wconf 80' lang='grc' dir='ltr'>ἡγήσασθε,</span> <span class='ocrx_word' id='word_1_333' title='bbox 2973 3277 3196 3347; x_wconf 86' lang='grc' dir='ltr'>ἀδελφοί</span> <span class='ocrx_word' id='word_1_334' title='bbox 3232 3295 3334 3346; x_wconf 83' lang='grc' dir='ltr'><strong>μου</strong></span> <span class='ocrx_word' id='word_1_335' title='bbox 3382 3275 3686 3347; x_wconf 81' lang='grc' dir='ltr'>ἀγαπητοὶ,</span> 
     </span>
    </p>
   </div>
   <div class='ocr_carea' id='block_1_62' title="bbox 459 3379 2020 3450">
    <p class='ocr_par' dir='ltr' id='par_1_62' title="bbox 459 3379 2020 3450">
     <span class='ocr_line' id='line_1_63' title="bbox 459 3379 2020 3450; baseline -0.004 -11"><span class='ocrx_word' id='word_1_336' title='bbox 459 3385 506 3439; x_wconf 87' lang='lat' dir='ltr'><strong>si</strong></span> <span class='ocrx_word' id='word_1_337' title='bbox 543 3385 594 3439; x_wconf 92' lang='lat' dir='ltr'><strong>in</strong></span> <span class='ocrx_word' id='word_1_338' title='bbox 623 3386 946 3440; x_wconf 84' lang='lat' dir='ltr'><strong>teutationes</strong></span> <span class='ocrx_word' id='word_1_339' title='bbox 977 3384 1153 3440; x_wconf 87' lang='lat' dir='ltr'><strong>varias</strong></span> <span class='ocrx_word' id='word_1_340' title='bbox 1195 3382 1513 3448; x_wconf 86' lang='lat' dir='ltr'><strong>incideritis,</strong></span> <span class='ocrx_word' id='word_1_341' title='bbox 1556 3382 1688 3438; x_wconf 90' lang='lat' dir='ltr'><strong>illud</strong></span> <span class='ocrx_word' id='word_1_342' title='bbox 1724 3395 1830 3434; x_wconf 86' lang='lat' dir='ltr'><strong>non</strong></span> <span class='ocrx_word' id='word_1_343' title='bbox 1864 3379 2020 3450; x_wconf 72' lang='lat' dir='ltr'><strong>igno-</strong></span> 
     </span>
    </p>
   </div>
   <div class='ocr_carea' id='block_1_63' title="bbox 456 3472 2022 3546">
    <p class='ocr_par' dir='ltr' id='par_1_63' title="bbox 456 3472 2022 3546">
     <span class='ocr_line' id='line_1_64' title="bbox 456 3472 2022 3546; baseline -0.004 -15"><span class='ocrx_word' id='word_1_344' title='bbox 456 3487 638 3532; x_wconf 79' lang='lat' dir='ltr'><strong>rantes</strong></span> <span class='ocrx_word' id='word_1_345' title='bbox 666 3517 682 3540; x_wconf 92' lang='lat'><strong>,</strong></span> <span class='ocrx_word' id='word_1_346' title='bbox 743 3475 1112 3546; x_wconf 90' lang='lat' dir='ltr'><strong>probationem</strong></span> <span class='ocrx_word' id='word_1_347' title='bbox 1157 3475 1280 3530; x_wconf 86' lang='lat' dir='ltr'><strong>fidei</strong></span> <span class='ocrx_word' id='word_1_348' title='bbox 1326 3483 1518 3530; x_wconf 68' lang='lat' dir='ltr'><strong>vestra:</strong></span> <span class='ocrx_word' id='word_1_349' title='bbox 1555 3473 1826 3545; x_wconf 64' lang='lat' dir='ltr'><strong>patientia:</strong></span> <span class='ocrx_word' id='word_1_350' title='bbox 1863 3472 2022 3526; x_wconf 71' lang='grc' dir='ltr'>οπεο-</span> 
     </span>
    </p>
   </div>
   <div class='ocr_carea' id='block_1_64' title="bbox 454 3561 2023 3636">
    <p class='ocr_par' dir='ltr' id='par_1_64' title="bbox 454 3561 2023 3636">
     <span class='ocr_line' id='line_1_65' title="bbox 454 3561 2023 3636; baseline -0.004 -16"><span class='ocrx_word' id='word_1_351' title='bbox 454 3568 645 3622; x_wconf 89' lang='lat' dir='ltr'><strong>tricem</strong></span> <span class='ocrx_word' id='word_1_352' title='bbox 695 3579 816 3622; x_wconf 84' lang='lat' dir='ltr'><strong>esse</strong></span> <span class='ocrx_word' id='word_1_353' title='bbox 867 3583 886 3621; x_wconf 91' lang='lat'><strong>:</strong></span> <span class='ocrx_word' id='word_1_354' title='bbox 935 3566 1192 3636; x_wconf 88' lang='lat' dir='ltr'><strong>patientia</strong></span> <span class='ocrx_word' id='word_1_355' title='bbox 1241 3575 1418 3620; x_wconf 88' lang='lat' dir='ltr'><strong>autem</strong></span> <span class='ocrx_word' id='word_1_356' title='bbox 1469 3563 1768 3634; x_wconf 88' lang='lat' dir='ltr'><strong>perfectum</strong></span> <span class='ocrx_word' id='word_1_357' title='bbox 1829 3561 2023 3615; x_wconf 83' lang='lat' dir='ltr'><strong>habeat</strong></span> 
     </span>
    </p>
   </div>
   <div class='ocr_carea' id='block_1_65' title="bbox 455 3652 2018 3727">
    <p class='ocr_par' dir='ltr' id='par_1_65' title="bbox 455 3652 2018 3727">
     <span class='ocr_line' id='line_1_66' title="bbox 455 3652 2018 3727; baseline -0.006 -14"><span class='ocrx_word' id='word_1_358' title='bbox 455 3674 616 3727; x_wconf 86' lang='lat' dir='ltr'><strong>opus,</strong></span> <span class='ocrx_word' id='word_1_359' title='bbox 645 3667 697 3711; x_wconf 93' lang='lat' dir='ltr'><strong>ut</strong></span> <span class='ocrx_word' id='word_1_360' title='bbox 731 3657 955 3726; x_wconf 79' lang='lat' dir='ltr'><strong>perfecti</strong></span> <span class='ocrx_word' id='word_1_361' title='bbox 980 3656 1103 3711; x_wconf 87' lang='lat' dir='ltr'><strong>sitis</strong></span> <span class='ocrx_word' id='word_1_362' title='bbox 1123 3665 1180 3711; x_wconf 92' lang='lat' dir='ltr'><strong>et</strong></span> <span class='ocrx_word' id='word_1_363' title='bbox 1203 3656 1418 3726; x_wconf 79' lang='lat' dir='ltr'><strong>integri,</strong></span> <span class='ocrx_word' id='word_1_364' title='bbox 1446 3654 1587 3708; x_wconf 89' lang='lat' dir='ltr'><strong>nulla</strong></span> <span class='ocrx_word' id='word_1_365' title='bbox 1611 3669 1670 3707; x_wconf 91' lang='lat' dir='ltr'><strong>re</strong></span> <span class='ocrx_word' id='word_1_366' title='bbox 1696 3652 2018 3721; x_wconf 79' lang='lat' dir='ltr'><strong>indigentes.</strong></span> 
     </span>
    </p>
   </div>
   <div class='ocr_carea' id='block_1_66' title="bbox 527 3744 2019 3818">
    <p class='ocr_par' dir='ltr' id='par_1_66' title="bbox 527 3744 2019 3818">
     <span class='ocr_line' id='line_1_67' title="bbox 527 3744 2019 3818; baseline -0.004 -16"><span class='ocrx_word' id='word_1_367' title='bbox 527 3749 722 3804; x_wconf 87' lang='lat' dir='ltr'><strong>Beatus</strong></span> <span class='ocrx_word' id='word_1_368' title='bbox 751 3748 842 3818; x_wconf 88' lang='lat' dir='ltr'><strong>qui</strong></span> <span class='ocrx_word' id='word_1_369' title='bbox 875 3757 1114 3803; x_wconf 87' lang='lat' dir='ltr'><strong>tentatur</strong></span> <span class='ocrx_word' id='word_1_370' title='bbox 1163 3756 1217 3802; x_wconf 92' lang='lat' dir='ltr'><strong>et</strong></span> <span class='ocrx_word' id='word_1_371' title='bbox 1252 3745 1522 3817; x_wconf 88' lang='lat' dir='ltr'><strong>patienter</strong></span> <span class='ocrx_word' id='word_1_372' title='bbox 1550 3744 1652 3798; x_wconf 84' lang='lat' dir='ltr'><strong>fert</strong></span> <span class='ocrx_word' id='word_1_373' title='bbox 1685 3761 1700 3797; x_wconf 87' lang='lat'><strong>:</strong></span> <span class='ocrx_word' id='word_1_374' title='bbox 1739 3745 1862 3814; x_wconf 85' lang='lat' dir='ltr'><strong>quia</strong></span> <span class='ocrx_word' id='word_1_375' title='bbox 1894 3756 2019 3811; x_wconf 85' lang='lat' dir='ltr'><strong>pro-</strong></span> 
     </span>
    </p>
   </div>
   <div class='ocr_carea' id='block_1_67' title="bbox 457 3833 2017 3904">
    <p class='ocr_par' dir='ltr' id='par_1_67' title="bbox 457 3833 2017 3904">
     <span class='ocr_line' id='line_1_68' title="bbox 457 3833 2017 3904; baseline -0.004 -11"><span class='ocrx_word' id='word_1_376' title='bbox 457 3841 616 3895; x_wconf 88' lang='lat' dir='ltr'><strong>batus</strong></span> <span class='ocrx_word' id='word_1_377' title='bbox 657 3855 780 3895; x_wconf 81' lang='lat' dir='ltr'><strong>cum</strong></span> <span class='ocrx_word' id='word_1_378' title='bbox 841 3839 1024 3902; x_wconf 89' lang='lat' dir='ltr'><strong>fuerit,</strong></span> <span class='ocrx_word' id='word_1_379' title='bbox 1074 3839 1198 3892; x_wconf 61' lang='lat' dir='ltr'><strong>vita:</strong></span> <span class='ocrx_word' id='word_1_380' title='bbox 1247 3852 1505 3893; x_wconf 90' lang='lat' dir='ltr'><strong>coronam</strong></span> <span class='ocrx_word' id='word_1_381' title='bbox 1555 3833 1806 3904; x_wconf 89' lang='lat' dir='ltr'><strong>accipiet,</strong></span> <span class='ocrx_word' id='word_1_382' title='bbox 1855 3848 2017 3904; x_wconf 91' lang='lat' dir='ltr'><strong>quam</strong></span> 
     </span>
    </p>
   </div>
   <div class='ocr_carea' id='block_1_68' title="bbox 460 3929 1614 4002">
    <p class='ocr_par' dir='ltr' id='par_1_68' title="bbox 460 3929 1614 4002">
     <span class='ocr_line' id='line_1_69' title="bbox 460 3929 1614 4002; baseline -0.005 -17"><span class='ocrx_word' id='word_1_383' title='bbox 460 3930 604 3987; x_wconf 88' lang='lat' dir='ltr'><strong>Deus</strong></span> <span class='ocrx_word' id='word_1_384' title='bbox 635 3932 705 3987; x_wconf 90' lang='lat' dir='ltr'><strong>iis</strong></span> <span class='ocrx_word' id='word_1_385' title='bbox 736 3930 1004 4002; x_wconf 87' lang='lat' dir='ltr'><strong>promisit,</strong></span> <span class='ocrx_word' id='word_1_386' title='bbox 1035 3930 1128 4002; x_wconf 90' lang='lat' dir='ltr'><strong>qui</strong></span> <span class='ocrx_word' id='word_1_387' title='bbox 1159 3929 1387 3998; x_wconf 88' lang='lat' dir='ltr'><strong>diligunt</strong></span> <span class='ocrx_word' id='word_1_388' title='bbox 1415 3929 1614 3998; x_wconf 88' lang='lat' dir='ltr'><strong>ipsum.</strong></span> 
     </span>
    </p>
   </div>
   <div class='ocr_carea' id='block_1_69' title="bbox 527 4101 2018 4173">
    <p class='ocr_par' dir='ltr' id='par_1_69' title="bbox 527 4101 2018 4173">
     <span class='ocr_line' id='line_1_70' title="bbox 527 4101 2018 4173; baseline 0.001 -17"><span class='ocrx_word' id='word_1_389' title='bbox 527 4101 588 4156; x_wconf 84' lang='grc'><strong><em>11</em></strong></span> <span class='ocrx_word' id='word_1_390' title='bbox 649 4103 791 4157; x_wconf 83' lang='lat' dir='ltr'><strong>Petr.</strong></span> <span class='ocrx_word' id='word_1_391' title='bbox 857 4102 1063 4159; x_wconf 77' lang='grc' dir='ltr'>ιι.11‹›ο</span> <span class='ocrx_word' id='word_1_392' title='bbox 1091 4104 1263 4173; x_wconf 87' lang='lat' dir='ltr'><strong>gratia</strong></span> <span class='ocrx_word' id='word_1_393' title='bbox 1322 4110 1424 4168; x_wconf 90' lang='lat' dir='ltr'><strong>est,</strong></span> <span class='ocrx_word' id='word_1_394' title='bbox 1493 4102 1540 4158; x_wconf 91' lang='lat' dir='ltr'><strong>si</strong></span> <span class='ocrx_word' id='word_1_395' title='bbox 1570 4102 1710 4156; x_wconf 87' lang='lat' dir='ltr'><strong>bona</strong></span> <span class='ocrx_word' id='word_1_396' title='bbox 1738 4103 2018 4158; x_wconf 87' lang='lat' dir='ltr'><strong>conscien-</strong></span> 
     </span>
    </p>
   </div>
   <div class='ocr_carea' id='block_1_70' title="bbox 458 4193 2014 4267">
    <p class='ocr_par' dir='ltr' id='par_1_70' title="bbox 458 4193 2014 4267">
     <span class='ocr_line' id='line_1_71' title="bbox 458 4193 2014 4267; baseline 0.001 -18"><span class='ocrx_word' id='word_1_397' title='bbox 458 4196 528 4249; x_wconf 86' lang='lat' dir='ltr'><strong>tia</strong></span> <span class='ocrx_word' id='word_1_398' title='bbox 561 4196 685 4266; x_wconf 85' lang='lat' dir='ltr'><strong>quis</strong></span> <span class='ocrx_word' id='word_1_399' title='bbox 711 4195 923 4253; x_wconf 89' lang='lat' dir='ltr'><strong>dolores</strong></span> <span class='ocrx_word' id='word_1_400' title='bbox 949 4195 1186 4267; x_wconf 83' lang='lat' dir='ltr'><strong>patiatur</strong></span> <span class='ocrx_word' id='word_1_401' title='bbox 1227 4196 1432 4265; x_wconf 88' lang='lat' dir='ltr'><strong>inique.</strong></span> <span class='ocrx_word' id='word_1_402' title='bbox 1478 4193 1611 4262; x_wconf 70' lang='lat' dir='ltr'><strong>Quae</strong></span> <span class='ocrx_word' id='word_1_403' title='bbox 1655 4195 1798 4250; x_wconf 89' lang='lat' dir='ltr'><strong>enim</strong></span> <span class='ocrx_word' id='word_1_404' title='bbox 1846 4196 2014 4264; x_wconf 79' lang='lat' dir='ltr'><strong>gloria</strong></span> 
     </span>
    </p>
   </div>
   <div class='ocr_carea' id='block_1_71' title="bbox 454 4287 2016 4361">
    <p class='ocr_par' dir='ltr' id='par_1_71' title="bbox 454 4287 2016 4361">
     <span class='ocr_line' id='line_1_72' title="bbox 454 4287 2016 4361; baseline -0.002 -18"><span class='ocrx_word' id='word_1_405' title='bbox 454 4299 560 4353; x_wconf 86' lang='lat' dir='ltr'><strong>est,</strong></span> <span class='ocrx_word' id='word_1_406' title='bbox 623 4291 667 4345; x_wconf 80' lang='lat' dir='ltr'><strong>si</strong></span> <span class='ocrx_word' id='word_1_407' title='bbox 721 4299 1009 4361; x_wconf 83' lang='lat' dir='ltr'><strong>peccantes</strong></span> <span class='ocrx_word' id='word_1_408' title='bbox 1051 4288 1296 4359; x_wconf 91' lang='lat' dir='ltr'><strong>colaphis</strong></span> <span class='ocrx_word' id='word_1_409' title='bbox 1337 4288 1606 4344; x_wconf 69' lang='lat' dir='ltr'><strong>caadimini</strong></span> <span class='ocrx_word' id='word_1_410' title='bbox 1645 4297 1699 4342; x_wconf 91' lang='lat' dir='ltr'><strong>et</strong></span> <span class='ocrx_word' id='word_1_411' title='bbox 1731 4287 2016 4356; x_wconf 82' lang='lat' dir='ltr'><strong>patimini?</strong></span> 
     </span>
    </p>
   </div>
   <div class='ocr_carea' id='block_1_72' title="bbox 453 4377 2016 4448">
    <p class='ocr_par' dir='ltr' id='par_1_72' title="bbox 453 4377 2016 4448">
     <span class='ocr_line' id='line_1_73' title="bbox 453 4377 2016 4448; baseline -0.001 -13"><span class='ocrx_word' id='word_1_412' title='bbox 453 4380 558 4435; x_wconf 80' lang='lat' dir='ltr'><strong>Sed</strong></span> <span class='ocrx_word' id='word_1_413' title='bbox 584 4382 628 4436; x_wconf 90' lang='lat' dir='ltr'><strong>si</strong></span> <span class='ocrx_word' id='word_1_414' title='bbox 652 4381 1052 4437; x_wconf 84' lang='lat' dir='ltr'><strong>benefacientes</strong></span> <span class='ocrx_word' id='word_1_415' title='bbox 1070 4379 1299 4434; x_wconf 91' lang='lat' dir='ltr'><strong>cruciati</strong></span> <span class='ocrx_word' id='word_1_416' title='bbox 1322 4379 1586 4448; x_wconf 86' lang='lat' dir='ltr'><strong>patienter</strong></span> <span class='ocrx_word' id='word_1_417' title='bbox 1609 4377 1785 4442; x_wconf 87' lang='lat' dir='ltr'><strong>fertis,</strong></span> <span class='ocrx_word' id='word_1_418' title='bbox 1805 4377 1857 4432; x_wconf 89' lang='lat' dir='ltr'><strong>id</strong></span> <span class='ocrx_word' id='word_1_419' title='bbox 1883 4392 2016 4433; x_wconf 86' lang='lat' dir='ltr'><strong>sane</strong></span> 
     </span>
    </p>
   </div>
   <div class='ocr_carea' id='block_1_73' title="bbox 451 4472 936 4544">
    <p class='ocr_par' dir='ltr' id='par_1_73' title="bbox 451 4472 936 4544">
     <span class='ocr_line' id='line_1_74' title="bbox 451 4472 936 4544; baseline 0 -16"><span class='ocrx_word' id='word_1_420' title='bbox 451 4483 663 4544; x_wconf 81' lang='lat' dir='ltr'><strong>gratum</strong></span> <span class='ocrx_word' id='word_1_421' title='bbox 691 4481 776 4529; x_wconf 82' lang='lat' dir='ltr'><strong>est</strong></span> <span class='ocrx_word' id='word_1_422' title='bbox 804 4472 936 4528; x_wconf 88' lang='lat' dir='ltr'><strong>Deo.</strong></span> 
     </span>
    </p>
   </div>
   <div class='ocr_carea' id='block_1_74' title="bbox 524 4560 2089 4659">
    <p class='ocr_par' dir='ltr' id='par_1_74' title="bbox 524 4560 2089 4659">
     <span class='ocr_line' id='line_1_75' title="bbox 524 4560 2089 4659; baseline -0.003 -40"><span class='ocrx_word' id='word_1_423' title='bbox 524 4564 580 4619; x_wconf 90' lang='lat' dir='ltr'><strong>Si</strong></span> <span class='ocrx_word' id='word_1_424' title='bbox 608 4565 786 4633; x_wconf 85' lang='lat' dir='ltr'><strong>justus</strong></span> <span class='ocrx_word' id='word_1_425' title='bbox 815 4565 907 4618; x_wconf 80' lang='lat' dir='ltr'><strong>vix</strong></span> <span class='ocrx_word' id='word_1_426' title='bbox 935 4561 1165 4618; x_wconf 87' lang='lat' dir='ltr'><strong>salutem</strong></span> <span class='ocrx_word' id='word_1_427' title='bbox 1213 4561 1587 4631; x_wconf 88' lang='lat' dir='ltr'><strong>consequitur,</strong></span> <span class='ocrx_word' id='word_1_428' title='bbox 1631 4560 1930 4617; x_wconf 87' lang='lat' dir='ltr'><strong>sceleratus</strong></span> <span class='ocrx_word' id='word_1_429' title='bbox 1957 4568 2013 4616; x_wconf 91' lang='lat' dir='ltr'><strong>et</strong></span> <span class='ocrx_word' id='word_1_430' title='bbox 2043 4602 2089 4659; x_wconf 63' lang='grc' dir='ltr'><strong>Β</strong></span> 
     </span>
    </p>
   </div>
   <div class='ocr_carea' id='block_1_75' title="bbox 455 4653 1177 4724">
    <p class='ocr_par' dir='ltr' id='par_1_75' title="bbox 455 4653 1177 4724">
     <span class='ocr_line' id='line_1_76' title="bbox 455 4653 1177 4724; baseline -0.006 -14"><span class='ocrx_word' id='word_1_431' title='bbox 455 4655 654 4724; x_wconf 88' lang='lat' dir='ltr'><strong>impius</strong></span> <span class='ocrx_word' id='word_1_432' title='bbox 685 4655 775 4709; x_wconf 87' lang='lat' dir='ltr'><strong>ubi</strong></span> <span class='ocrx_word' id='word_1_433' title='bbox 805 4653 1177 4723; x_wconf 80' lang='lat' dir='ltr'><strong>comparebit?</strong></span> 
     </span>
    </p>
   </div>
   <div class='ocr_carea' id='block_1_76' title="bbox 524 4736 2010 4815">
    <p class='ocr_par' dir='ltr' id='par_1_76' title="bbox 524 4736 2010 4815">
     <span class='ocr_line' id='line_1_77' title="bbox 524 4736 2010 4815; baseline 0.001 -16"><span class='ocrx_word' id='word_1_434' title='bbox 524 4736 582 4800; x_wconf 80' lang='lat' dir='ltr'><strong>S.</strong></span> <span class='ocrx_word' id='word_1_435' title='bbox 603 4745 821 4815; x_wconf 84' lang='lat' dir='ltr'><strong>Ignatii.</strong></span> <span class='ocrx_word' id='word_1_436' title='bbox 838 4743 1094 4798; x_wconf 87' lang='lat' dir='ltr'><strong>Firmiter</strong></span> <span class='ocrx_word' id='word_1_437' title='bbox 1113 4744 1242 4798; x_wconf 91' lang='lat' dir='ltr'><strong>dum</strong></span> <span class='ocrx_word' id='word_1_438' title='bbox 1263 4743 1510 4808; x_wconf 68' lang='lat' dir='ltr'><strong>caederis.</strong></span> <span class='ocrx_word' id='word_1_439' title='bbox 1535 4751 1595 4798; x_wconf 93' lang='lat' dir='ltr'><strong>ut</strong></span> <span class='ocrx_word' id='word_1_440' title='bbox 1643 4745 1801 4801; x_wconf 91' lang='lat' dir='ltr'><strong>incus</strong></span> <span class='ocrx_word' id='word_1_441' title='bbox 1846 4754 2010 4800; x_wconf 89' lang='lat' dir='ltr'><strong>stato.</strong></span> 
     </span>
    </p>
   </div>
   <div class='ocr_carea' id='block_1_77' title="bbox 453 4832 2013 4891">
    <p class='ocr_par' dir='ltr' id='par_1_77' title="bbox 453 4832 2013 4891">
     <span class='ocr_line' id='line_1_78' title="bbox 453 4832 2013 4891; baseline 0 -1"><span class='ocrx_word' id='word_1_442' title='bbox 453 4834 712 4890; x_wconf 84' lang='lat' dir='ltr'><strong>Generosi</strong></span> <span class='ocrx_word' id='word_1_443' title='bbox 742 4843 825 4886; x_wconf 89' lang='lat' dir='ltr'><strong>est</strong></span> <span class='ocrx_word' id='word_1_444' title='bbox 853 4833 1070 4887; x_wconf 69' lang='lat' dir='ltr'><strong>athletae</strong></span> <span class='ocrx_word' id='word_1_445' title='bbox 1096 4832 1227 4888; x_wconf 68' lang='grc' dir='ltr'>ειεόί</span> <span class='ocrx_word' id='word_1_446' title='bbox 1253 4841 1308 4888; x_wconf 85' lang='lat' dir='ltr'><strong>et</strong></span> <span class='ocrx_word' id='word_1_447' title='bbox 1339 4833 1587 4889; x_wconf 88' lang='lat' dir='ltr'><strong>vincere:</strong></span> <span class='ocrx_word' id='word_1_448' title='bbox 1620 4837 1854 4890; x_wconf 76' lang='lat' dir='ltr'><strong>tnaxiine</strong></span> <span class='ocrx_word' id='word_1_449' title='bbox 1883 4851 2013 4891; x_wconf 88' lang='lat' dir='ltr'><strong>vero</strong></span> 
     </span>
    </p>
   </div>
   <div class='ocr_carea' id='block_1_78' title="bbox 450 4923 2010 4995">
    <p class='ocr_par' dir='ltr' id='par_1_78' title="bbox 450 4923 2010 4995">
     <span class='ocr_line' id='line_1_79' title="bbox 450 4923 2010 4995; baseline 0.003 -19"><span class='ocrx_word' id='word_1_450' title='bbox 450 4927 673 4994; x_wconf 83' lang='lat' dir='ltr'><strong>propter</strong></span> <span class='ocrx_word' id='word_1_451' title='bbox 705 4924 872 4978; x_wconf 86' lang='lat' dir='ltr'><strong>Deum</strong></span> <span class='ocrx_word' id='word_1_452' title='bbox 926 4924 1084 4990; x_wconf 78' lang='lat' dir='ltr'><strong>nobis</strong></span> <span class='ocrx_word' id='word_1_453' title='bbox 1115 4923 1298 4979; x_wconf 89' lang='lat' dir='ltr'><strong>omnia</strong></span> <span class='ocrx_word' id='word_1_454' title='bbox 1357 4923 1574 4980; x_wconf 86' lang='lat' dir='ltr'><strong>ferenda</strong></span> <span class='ocrx_word' id='word_1_455' title='bbox 1607 4936 1754 4990; x_wconf 85' lang='lat' dir='ltr'><strong>sunt,</strong></span> <span class='ocrx_word' id='word_1_456' title='bbox 1791 4936 1849 4980; x_wconf 89' lang='lat' dir='ltr'><strong>ut</strong></span> <span class='ocrx_word' id='word_1_457' title='bbox 1892 4926 2010 4995; x_wconf 85' lang='lat' dir='ltr'><strong>ipse</strong></span> 
     </span>
    </p>
   </div>
   <div class='ocr_carea' id='block_1_79' title="bbox 451 5012 730 5068">
    <p class='ocr_par' dir='ltr' id='par_1_79' title="bbox 451 5012 730 5068">
     <span class='ocr_line' id='line_1_80' title="bbox 451 5012 730 5068; baseline 0 0"><span class='ocrx_word' id='word_1_458' title='bbox 451 5029 550 5068; x_wconf 85' lang='lat' dir='ltr'><strong>uos</strong></span> <span class='ocrx_word' id='word_1_459' title='bbox 577 5012 730 5068; x_wconf 88' lang='lat' dir='ltr'><strong>ferat.</strong></span> 
     </span>
    </p>
   </div>
   <div class='ocr_carea' id='block_1_80' title="bbox 523 5105 2010 5176">
    <p class='ocr_par' dir='ltr' id='par_1_80' title="bbox 523 5105 2010 5176">
     <span class='ocr_line' id='line_1_81' title="bbox 523 5105 2010 5176; baseline 0.001 -15"><span class='ocrx_word' id='word_1_460' title='bbox 523 5105 802 5161; x_wconf 86' lang='lat' dir='ltr'><strong>Patienter</strong></span> <span class='ocrx_word' id='word_1_461' title='bbox 843 5105 935 5160; x_wconf 91' lang='lat' dir='ltr'><strong>alii</strong></span> <span class='ocrx_word' id='word_1_462' title='bbox 967 5106 1103 5161; x_wconf 90' lang='lat' dir='ltr'><strong>alios</strong></span> <span class='ocrx_word' id='word_1_463' title='bbox 1134 5122 1254 5161; x_wconf 90' lang='lat' dir='ltr'><strong>cum</strong></span> <span class='ocrx_word' id='word_1_464' title='bbox 1288 5105 1701 5162; x_wconf 86' lang='lat' dir='ltr'><strong>mansuetudine</strong></span> <span class='ocrx_word' id='word_1_465' title='bbox 1741 5106 2010 5176; x_wconf 86' lang='lat' dir='ltr'><strong>patimini,</strong></span> 
     </span>
    </p>
   </div>
   <div class='ocr_carea' id='block_1_81' title="bbox 452 5196 1450 5267">
    <p class='ocr_par' dir='ltr' id='par_1_81' title="bbox 452 5196 1450 5267">
     <span class='ocr_line' id='line_1_82' title="bbox 452 5196 1450 5267; baseline -0.003 -13"><span class='ocrx_word' id='word_1_466' title='bbox 452 5208 512 5255; x_wconf 92' lang='lat' dir='ltr'><strong>ut</strong></span> <span class='ocrx_word' id='word_1_467' title='bbox 533 5213 749 5267; x_wconf 88' lang='lat' dir='ltr'><strong>semper</strong></span> <span class='ocrx_word' id='word_1_468' title='bbox 779 5196 919 5254; x_wconf 89' lang='lat' dir='ltr'><strong>Deus</strong></span> <span class='ocrx_word' id='word_1_469' title='bbox 946 5213 1043 5253; x_wconf 85' lang='lat' dir='ltr'><strong>vos</strong></span> <span class='ocrx_word' id='word_1_470' title='bbox 1069 5198 1264 5252; x_wconf 88' lang='lat' dir='ltr'><strong>leniter</strong></span> <span class='ocrx_word' id='word_1_471' title='bbox 1293 5198 1450 5252; x_wconf 89' lang='lat' dir='ltr'><strong>ferat.</strong></span> 
     </span>
    </p>
   </div>
   <div class='ocr_carea' id='block_1_82' title="bbox 521 5289 2010 5361">
    <p class='ocr_par' dir='ltr' id='par_1_82' title="bbox 521 5289 2010 5361">
     <span class='ocr_line' id='line_1_83' title="bbox 521 5289 2010 5361; baseline 0.002 -16"><span class='ocrx_word' id='word_1_472' title='bbox 521 5290 580 5346; x_wconf 87' lang='lat' dir='ltr'><strong>S.</strong></span> <span class='ocrx_word' id='word_1_473' title='bbox 613 5289 821 5344; x_wconf 78' lang='lat' dir='ltr'><strong>Basilii.</strong></span> <span class='ocrx_word' id='word_1_474' title='bbox 857 5289 960 5356; x_wconf 86' lang='lat' dir='ltr'><strong>Qui</strong></span> <span class='ocrx_word' id='word_1_475' title='bbox 979 5291 1306 5346; x_wconf 80' lang='lat' dir='ltr'><strong>detnissione</strong></span> <span class='ocrx_word' id='word_1_476' title='bbox 1327 5290 1492 5344; x_wconf 88' lang='lat' dir='ltr'><strong>animi</strong></span> <span class='ocrx_word' id='word_1_477' title='bbox 1510 5304 1637 5344; x_wconf 86' lang='lat' dir='ltr'><strong>suas</strong></span> <span class='ocrx_word' id='word_1_478' title='bbox 1656 5289 2010 5361; x_wconf 90' lang='lat' dir='ltr'><strong>cogitationes</strong></span> 
     </span>
    </p>
   </div>
   <div class='ocr_carea' id='block_1_83' title="bbox 451 5383 2008 5454">
    <p class='ocr_par' dir='ltr' id='par_1_83' title="bbox 451 5383 2008 5454">
     <span class='ocr_line' id='line_1_84' title="bbox 451 5383 2008 5454; baseline 0.001 -18"><span class='ocrx_word' id='word_1_479' title='bbox 451 5383 840 5454; x_wconf 68' lang='lat' dir='ltr'><strong>praemunierit,</strong></span> <span class='ocrx_word' id='word_1_480' title='bbox 875 5384 1015 5453; x_wconf 92' lang='lat' dir='ltr'><strong>apud</strong></span> <span class='ocrx_word' id='word_1_481' title='bbox 1049 5385 1215 5439; x_wconf 88' lang='lat' dir='ltr'><strong>Deum</strong></span> <span class='ocrx_word' id='word_1_482' title='bbox 1249 5383 1426 5437; x_wconf 88' lang='lat' dir='ltr'><strong>minus</strong></span> <span class='ocrx_word' id='word_1_483' title='bbox 1453 5383 1738 5438; x_wconf 88' lang='lat' dir='ltr'><strong>dedecoris</strong></span> <span class='ocrx_word' id='word_1_484' title='bbox 1767 5383 2008 5440; x_wconf 88' lang='lat' dir='ltr'><strong>inveniet</strong></span> 
     </span>
    </p>
   </div>
   <div class='ocr_carea' id='block_1_84' title="bbox 448 5476 2005 5545">
    <p class='ocr_par' dir='ltr' id='par_1_84' title="bbox 448 5476 2005 5545">
     <span class='ocr_line' id='line_1_85' title="bbox 448 5476 2005 5545; baseline 0.001 -16"><span class='ocrx_word' id='word_1_485' title='bbox 448 5493 609 5545; x_wconf 81' lang='lat' dir='ltr'><strong>quam</strong></span> <span class='ocrx_word' id='word_1_486' title='bbox 654 5491 837 5532; x_wconf 84' lang='lat' dir='ltr'><strong>revera</strong></span> <span class='ocrx_word' id='word_1_487' title='bbox 867 5477 1062 5531; x_wconf 88' lang='lat' dir='ltr'><strong>habeat</strong></span> <span class='ocrx_word' id='word_1_488' title='bbox 1093 5494 1106 5530; x_wconf 88' lang='lat'><strong>:</strong></span> <span class='ocrx_word' id='word_1_489' title='bbox 1140 5492 1206 5532; x_wconf 87' lang='lat' dir='ltr'><strong>ac</strong></span> <span class='ocrx_word' id='word_1_490' title='bbox 1229 5490 1295 5530; x_wconf 81' lang='lat' dir='ltr'><strong>ex</strong></span> <span class='ocrx_word' id='word_1_491' title='bbox 1323 5476 1579 5544; x_wconf 88' lang='lat' dir='ltr'><strong>patientia</strong></span> <span class='ocrx_word' id='word_1_492' title='bbox 1611 5476 1716 5531; x_wconf 88' lang='lat' dir='ltr'><strong>sibi</strong></span> <span class='ocrx_word' id='word_1_493' title='bbox 1748 5491 2005 5530; x_wconf 88' lang='lat' dir='ltr'><strong>coronam</strong></span> 
     </span>
    </p>
   </div>
   <div class='ocr_carea' id='block_1_85' title="bbox 2118 3366 3688 3439">
    <p class='ocr_par' dir='ltr' id='par_1_85' title="bbox 2118 3366 3688 3439">
     <span class='ocr_line' id='line_1_86' title="bbox 2118 3366 3688 3439; baseline -0.004 -16"><span class='ocrx_word' id='word_1_494' title='bbox 2118 3370 2246 3424; x_wconf 80' lang='grc' dir='ltr'>ὅταν</span> <span class='ocrx_word' id='word_1_495' title='bbox 2268 3370 2597 3439; x_wconf 85' lang='grc' dir='ltr'>πειρασμοῖς</span> <span class='ocrx_word' id='word_1_496' title='bbox 2650 3369 2992 3438; x_wconf 81' lang='grc' dir='ltr'>περιπέσητε</span> <span class='ocrx_word' id='word_1_497' title='bbox 3055 3366 3345 3427; x_wconf 84' lang='grc' dir='ltr'>ποικίλοις,</span> <span class='ocrx_word' id='word_1_498' title='bbox 3386 3367 3688 3432; x_wconf 82' lang='grc' dir='ltr'>γινώσκον-</span> 
     </span>
    </p>
   </div>
   <div class='ocr_carea' id='block_1_86' title="bbox 2119 3457 3688 3532">
    <p class='ocr_par' dir='ltr' id='par_1_86' title="bbox 2119 3457 3688 3532">
     <span class='ocr_line' id='line_1_87' title="bbox 2119 3457 3688 3532; baseline -0.003 -18"><span class='ocrx_word' id='word_1_499' title='bbox 2119 3479 2213 3526; x_wconf 85' lang='grc' dir='ltr'>τες</span> <span class='ocrx_word' id='word_1_500' title='bbox 2255 3463 2342 3516; x_wconf 86' lang='grc' dir='ltr'>ὂτι</span> <span class='ocrx_word' id='word_1_501' title='bbox 2381 3462 2626 3532; x_wconf 80' lang='grc' dir='ltr'>δοκίμιον</span> <span class='ocrx_word' id='word_1_502' title='bbox 2659 3460 2814 3531; x_wconf 84' lang='grc' dir='ltr'>ὑμῶν</span> <span class='ocrx_word' id='word_1_503' title='bbox 2855 3461 2951 3530; x_wconf 83' lang='grc' dir='ltr'>τῆς</span> <span class='ocrx_word' id='word_1_504' title='bbox 2993 3458 3229 3519; x_wconf 86' lang='grc' dir='ltr'>πίστεως</span> <span class='ocrx_word' id='word_1_505' title='bbox 3279 3457 3688 3525; x_wconf 73' lang='grc' dir='ltr'>κατεργάζεται</span> 
     </span>
    </p>
   </div>
   <div class='ocr_carea' id='block_1_87' title="bbox 2119 3549 3687 3624">
    <p class='ocr_par' dir='ltr' id='par_1_87' title="bbox 2119 3549 3687 3624">
     <span class='ocr_line' id='line_1_88' title="bbox 2119 3549 3687 3624; baseline -0.003 -19"><span class='ocrx_word' id='word_1_506' title='bbox 2119 3554 2434 3624; x_wconf 72' lang='grc' dir='ltr'>ὑπομονὴν,</span> <span class='ocrx_word' id='word_1_507' title='bbox 2496 3554 2529 3624; x_wconf 80' lang='grc' dir='ltr'>ἡ</span> <span class='ocrx_word' id='word_1_508' title='bbox 2580 3554 2638 3607; x_wconf 83' lang='grc' dir='ltr'>δὲ</span> <span class='ocrx_word' id='word_1_509' title='bbox 2693 3553 2942 3623; x_wconf 81' lang='grc' dir='ltr'>ὑπομονὴ</span> <span class='ocrx_word' id='word_1_510' title='bbox 2998 3553 3162 3622; x_wconf 77' lang='grc' dir='ltr'>ἔργον</span> <span class='ocrx_word' id='word_1_511' title='bbox 3210 3550 3420 3603; x_wconf 86' lang='grc' dir='ltr'>τέλειον</span> <span class='ocrx_word' id='word_1_512' title='bbox 3467 3549 3687 3618; x_wconf 81' lang='grc' dir='ltr'>ἐχέτω,</span> 
     </span>
    </p>
   </div>
   <div class='ocr_carea' id='block_1_88' title="bbox 2120 3641 3689 3720">
    <p class='ocr_par' dir='ltr' id='par_1_88' title="bbox 2120 3641 3689 3720">
     <span class='ocr_line' id='line_1_89' title="bbox 2120 3641 3689 3720; baseline -0.004 -19"><span class='ocrx_word' id='word_1_513' title='bbox 2120 3648 2208 3702; x_wconf 80' lang='grc' dir='ltr'>ἵνα</span> <span class='ocrx_word' id='word_1_514' title='bbox 2256 3645 2356 3720; x_wconf 80' lang='grc' dir='ltr'>ἦτε</span> <span class='ocrx_word' id='word_1_515' title='bbox 2406 3649 2600 3702; x_wconf 81' lang='grc' dir='ltr'>τέλειοι</span> <span class='ocrx_word' id='word_1_516' title='bbox 2651 3650 2748 3702; x_wconf 78' lang='grc' dir='ltr'>καὶ</span> <span class='ocrx_word' id='word_1_517' title='bbox 2798 3647 3103 3718; x_wconf 80' lang='grc' dir='ltr'>ὁλόκληροι,</span> <span class='ocrx_word' id='word_1_518' title='bbox 3161 3651 3219 3700; x_wconf 76' lang='grc' dir='ltr'><strong>έν</strong></span> <span class='ocrx_word' id='word_1_519' title='bbox 3273 3645 3470 3716; x_wconf 82' lang='grc' dir='ltr'>μηδενὶ</span> <span class='ocrx_word' id='word_1_520' title='bbox 3497 3641 3689 3695; x_wconf 76' lang='grc' dir='ltr'>λειπό·</span> 
     </span>
    </p>
   </div>
   <div class='ocr_carea' id='block_1_89' title="bbox 2121 3754 3606 3809">
    <p class='ocr_par' dir='ltr' id='par_1_89' title="bbox 2121 3754 3606 3809">
     <span class='ocr_line' id='line_1_90' title="bbox 2121 3754 3606 3809; baseline -0.001 -20"><span class='ocrx_word' id='word_1_521' title='bbox 2121 3754 2294 3809; x_wconf 88' lang='grc' dir='ltr'>μενοι.</span> <span class='ocrx_word' id='word_1_522' title='bbox 3595 3801 3606 3807; x_wconf 84' lang='lat'>_</span> 
     </span>
    </p>
   </div>
   <div class='ocr_carea' id='block_1_90' title="bbox 2189 3827 3702 3901">
    <p class='ocr_par' dir='ltr' id='par_1_90' title="bbox 2189 3827 3702 3901">
     <span class='ocr_line' id='line_1_91' title="bbox 2189 3827 3702 3901; baseline -0.004 -17"><span class='ocrx_word' id='word_1_523' title='bbox 2189 3828 2475 3900; x_wconf 83' lang='grc' dir='ltr'>Μακάριος</span> <span class='ocrx_word' id='word_1_524' title='bbox 2501 3829 2642 3901; x_wconf 79' lang='grc' dir='ltr'>ἀνὴρ</span> <span class='ocrx_word' id='word_1_525' title='bbox 2675 3831 2732 3894; x_wconf 80' lang='grc' dir='ltr'>ὃς</span> <span class='ocrx_word' id='word_1_526' title='bbox 2764 3833 3029 3899; x_wconf 86' lang='grc' dir='ltr'>ὑπομένει</span> <span class='ocrx_word' id='word_1_527' title='bbox 3063 3829 3394 3901; x_wconf 86' lang='grc' dir='ltr'>πειρασμόν·</span> <span class='ocrx_word' id='word_1_528' title='bbox 3425 3829 3503 3880; x_wconf 84' lang='grc' dir='ltr'>ὅτι</span> <span class='ocrx_word' id='word_1_529' title='bbox 3532 3827 3702 3879; x_wconf 80' lang='grc' dir='ltr'>δόκι-.</span> 
     </span>
    </p>
   </div>
   <div class='ocr_carea' id='block_1_91' title="bbox 2132 3918 3678 3993">
    <p class='ocr_par' dir='ltr' id='par_1_91' title="bbox 2132 3918 3678 3993">
     <span class='ocr_line' id='line_1_92' title="bbox 2132 3918 3678 3993; baseline -0.01 -8"><span class='ocrx_word' id='word_1_530' title='bbox 2132 3937 2229 3989; x_wconf 82' lang='grc' dir='ltr'>μσς</span> <span class='ocrx_word' id='word_1_531' title='bbox 2255 3921 2557 3990; x_wconf 83' lang='grc' dir='ltr'>,γενόμενος</span> <span class='ocrx_word' id='word_1_532' title='bbox 2582 3921 2810 3993; x_wconf 81' lang='grc' dir='ltr'>λήψεται</span> <span class='ocrx_word' id='word_1_533' title='bbox 2839 3923 2928 3976; x_wconf 81' lang='grc' dir='ltr'><strong>τὸν</strong></span> <span class='ocrx_word' id='word_1_534' title='bbox 2959 3924 3219 3988; x_wconf 69' lang='grc' dir='ltr'>στέφανον</span> <span class='ocrx_word' id='word_1_535' title='bbox 3263 3925 3365 3992; x_wconf 83' lang='grc' dir='ltr'>τῆς</span> <span class='ocrx_word' id='word_1_536' title='bbox 3407 3921 3568 3990; x_wconf 78' lang='grc' dir='ltr'>ζωῆς,</span> <span class='ocrx_word' id='word_1_537' title='bbox 3614 3918 3678 3972; x_wconf 79' lang='grc' dir='ltr'>ὃν</span> 
     </span>
    </p>
   </div>
   <div class='ocr_carea' id='block_1_92' title="bbox 2117 4012 3378 4082">
    <p class='ocr_par' dir='ltr' id='par_1_92' title="bbox 2117 4012 3378 4082">
     <span class='ocr_line' id='line_1_93' title="bbox 2117 4012 3378 4082; baseline 0.002 -18"><span class='ocrx_word' id='word_1_538' title='bbox 2117 4012 2484 4081; x_wconf 80' lang='grc' dir='ltr'>ἐπηγγείλατο</span> <span class='ocrx_word' id='word_1_539' title='bbox 2521 4017 2549 4068; x_wconf 88' lang='grc' dir='ltr'><strong>ό</strong></span> <span class='ocrx_word' id='word_1_540' title='bbox 2575 4014 2706 4078; x_wconf 75' lang='grc' dir='ltr'>Θεὸς</span> <span class='ocrx_word' id='word_1_541' title='bbox 2736 4016 2849 4077; x_wconf 89' lang='grc' dir='ltr'>τοῖς</span> <span class='ocrx_word' id='word_1_542' title='bbox 2879 4015 3166 4082; x_wconf 81' lang='grc' dir='ltr'>ἀγαπῶσιν</span> <span class='ocrx_word' id='word_1_543' title='bbox 3196 4015 3378 4067; x_wconf 74' lang='grc' dir='ltr'>αὐτόν.</span> 
     </span>
    </p>
   </div>
   <div class='ocr_carea' id='block_1_93' title="bbox 2200 4104 3683 4177">
    <p class='ocr_par' dir='ltr' id='par_1_93' title="bbox 2200 4104 3683 4177">
     <span class='ocr_line' id='line_1_94' title="bbox 2200 4104 3683 4177; baseline -0.001 -19"><span class='ocrx_word' id='word_1_544' title='bbox 2200 4104 2374 4159; x_wconf 86' lang='grc' dir='ltr'>Τοῦτο</span> <span class='ocrx_word' id='word_1_545' title='bbox 2424 4107 2613 4177; x_wconf 82' lang='grc' dir='ltr'>χάρις,</span> <span class='ocrx_word' id='word_1_546' title='bbox 2651 4106 2700 4159; x_wconf 83' lang='grc' dir='ltr'><strong>εί</strong></span> <span class='ocrx_word' id='word_1_547' title='bbox 2757 4105 2866 4159; x_wconf 79' lang='grc' dir='ltr'>διά’</span> <span class='ocrx_word' id='word_1_548' title='bbox 2903 4106 3202 4174; x_wconf 88' lang='grc' dir='ltr'>συνείδησιν</span> <span class='ocrx_word' id='word_1_549' title='bbox 3269 4107 3481 4173; x_wconf 78' lang='grc' dir='ltr'>ἀγαθὴν</span> <span class='ocrx_word' id='word_1_550' title='bbox 3549 4107 3683 4159; x_wconf 82' lang='grc' dir='ltr'>ὑπο-</span> 
     </span>
    </p>
   </div>
   <div class='ocr_carea' id='block_1_94' title="bbox 2117 4197 3682 4268">
    <p class='ocr_par' dir='ltr' id='par_1_94' title="bbox 2117 4197 3682 4268">
     <span class='ocr_line' id='line_1_95' title="bbox 2117 4197 3682 4268; baseline -0.003 -16"><span class='ocrx_word' id='word_1_551' title='bbox 2117 4199 2271 4268; x_wconf 81' lang='grc' dir='ltr'>φέρει</span> <span class='ocrx_word' id='word_1_552' title='bbox 2325 4215 2412 4262; x_wconf 88' lang='grc' dir='ltr'><strong>τις</strong></span> <span class='ocrx_word' id='word_1_553' title='bbox 2472 4197 2689 4260; x_wconf 83' lang='grc' dir='ltr'>λύπας,</span> <span class='ocrx_word' id='word_1_554' title='bbox 2745 4197 2968 4266; x_wconf 83' lang='grc' dir='ltr'>πάσχων</span> <span class='ocrx_word' id='word_1_555' title='bbox 3037 4197 3258 4260; x_wconf 79' lang='grc' dir='ltr'>ἀδίκως.</span> <span class='ocrx_word' id='word_1_556' title='bbox 3319 4199 3475 4249; x_wconf 84' lang='grc' dir='ltr'>Ποῖον</span> <span class='ocrx_word' id='word_1_557' title='bbox 3550 4197 3682 4265; x_wconf 82' lang='grc' dir='ltr'>ὑμῖν</span> 
     </span>
    </p>
   </div>
   <div class='ocr_carea' id='block_1_95' title="bbox 2115 4289 3682 4360">
    <p class='ocr_par' dir='ltr' id='par_1_95' title="bbox 2115 4289 3682 4360">
     <span class='ocr_line' id='line_1_96' title="bbox 2115 4289 3682 4360; baseline -0.002 -16"><span class='ocrx_word' id='word_1_558' title='bbox 2115 4290 2290 4356; x_wconf 77' lang='grc' dir='ltr'>κλέος,</span> <span class='ocrx_word' id='word_1_559' title='bbox 2325 4290 2374 4342; x_wconf 84' lang='grc' dir='ltr'><strong>εί</strong></span> <span class='ocrx_word' id='word_1_560' title='bbox 2420 4289 2822 4360; x_wconf 79' lang='grc' dir='ltr'>ἁμαρτάνοντες</span> <span class='ocrx_word' id='word_1_561' title='bbox 2856 4289 2949 4341; x_wconf 75' lang='grc' dir='ltr'><strong>καὶ</strong></span> <span class='ocrx_word' id='word_1_562' title='bbox 3000 4289 3417 4358; x_wconf 74' lang='grc' dir='ltr'>κολαφιζόμενοι</span> <span class='ocrx_word' id='word_1_563' title='bbox 3473 4290 3682 4358; x_wconf 83' lang='grc' dir='ltr'>ὑπομέ-</span> 
     </span>
    </p>
   </div>
   <div class='ocr_carea' id='block_1_96' title="bbox 2115 4380 3677 4452">
    <p class='ocr_par' dir='ltr' id='par_1_96' title="bbox 2115 4380 3677 4452">
     <span class='ocr_line' id='line_1_97' title="bbox 2115 4380 3677 4452; baseline 0 -17"><span class='ocrx_word' id='word_1_564' title='bbox 2115 4397 2276 4448; x_wconf 86' lang='grc' dir='ltr'>νετε;</span> <span class='ocrx_word' id='word_1_565' title='bbox 2321 4380 2460 4434; x_wconf 82' lang='grc' dir='ltr'>Ἀλλ’</span> <span class='ocrx_word' id='word_1_566' title='bbox 2495 4382 2545 4434; x_wconf 83' lang='grc' dir='ltr'><strong>εί</strong></span> <span class='ocrx_word' id='word_1_567' title='bbox 2603 4380 3060 4448; x_wconf 80' lang='grc' dir='ltr'>ἀγαθοποιοῦντες</span> <span class='ocrx_word' id='word_1_568' title='bbox 3092 4383 3185 4435; x_wconf 79' lang='grc' dir='ltr'><strong>καὶ</strong></span> <span class='ocrx_word' id='word_1_569' title='bbox 3214 4382 3514 4452; x_wconf 85' lang='grc' dir='ltr'>πάσχοντες</span> <span class='ocrx_word' id='word_1_570' title='bbox 3545 4385 3677 4435; x_wconf 83' lang='grc' dir='ltr'>ὑπο-</span> 
     </span>
    </p>
   </div>
   <div class='ocr_carea' id='block_1_97' title="bbox 2117 4471 3077 4542">
    <p class='ocr_par' dir='ltr' id='par_1_97' title="bbox 2117 4471 3077 4542">
     <span class='ocr_line' id='line_1_98' title="bbox 2117 4471 3077 4542; baseline -0.001 -16"><span class='ocrx_word' id='word_1_571' title='bbox 2117 4471 2334 4542; x_wconf 83' lang='grc' dir='ltr'>μένετε,</span> <span class='ocrx_word' id='word_1_572' title='bbox 2375 4471 2535 4527; x_wconf 82' lang='grc' dir='ltr'>τοῦτο</span> <span class='ocrx_word' id='word_1_573' title='bbox 2565 4473 2726 4542; x_wconf 83' lang='grc' dir='ltr'>χάρις</span> <span class='ocrx_word' id='word_1_574' title='bbox 2756 4473 2906 4541; x_wconf 72' lang='grc' dir='ltr'>παρὰ</span> <span class='ocrx_word' id='word_1_575' title='bbox 2938 4471 3077 4542; x_wconf 84' lang='grc' dir='ltr'>Θεῷ.</span> 
     </span>
    </p>
   </div>
   <div class='ocr_carea' id='block_1_98' title="bbox 2196 4560 3674 4633">
    <p class='ocr_par' dir='ltr' id='par_1_98' title="bbox 2196 4560 3674 4633">
     <span class='ocr_line' id='line_1_99' title="bbox 2196 4560 3674 4633; baseline 0.003 -19"><span class='ocrx_word' id='word_1_576' title='bbox 2196 4562 2260 4616; x_wconf 85' lang='lat' dir='ltr'><strong>Et</strong></span> <span class='ocrx_word' id='word_1_577' title='bbox 2313 4561 2344 4615; x_wconf 80' lang='grc' dir='ltr'>ὁ</span> <span class='ocrx_word' id='word_1_578' title='bbox 2373 4561 2582 4625; x_wconf 87' lang='grc' dir='ltr'>δίκαιος</span> <span class='ocrx_word' id='word_1_579' title='bbox 2628 4561 2782 4630; x_wconf 87' lang='grc' dir='ltr'>μόλις</span> <span class='ocrx_word' id='word_1_580' title='bbox 2841 4560 3096 4626; x_wconf 74' lang='grc' dir='ltr'>σώζεται,</span> <span class='ocrx_word' id='word_1_581' title='bbox 3146 4562 3175 4613; x_wconf 88' lang='grc' dir='ltr'>ὁ</span> <span class='ocrx_word' id='word_1_582' title='bbox 3225 4563 3553 4633; x_wconf 82' lang='grc' dir='ltr'>ἁμαρτωλὸς</span> <span class='ocrx_word' id='word_1_583' title='bbox 3583 4567 3674 4618; x_wconf 60' lang='grc' dir='ltr'><strong>καὶ⁵</strong></span> 
     </span>
    </p>
   </div>
   <div class='ocr_carea' id='block_1_99' title="bbox 2112 4653 2764 4724">
    <p class='ocr_par' dir='ltr' id='par_1_99' title="bbox 2112 4653 2764 4724">
     <span class='ocr_line' id='line_1_100' title="bbox 2112 4653 2764 4724; baseline -0.003 -16"><span class='ocrx_word' id='word_1_584' title='bbox 2112 4653 2317 4724; x_wconf 77' lang='grc' dir='ltr'>ἀσεσὴς</span> <span class='ocrx_word' id='word_1_585' title='bbox 2343 4653 2448 4707; x_wconf 83' lang='grc' dir='ltr'>ποῦ</span> <span class='ocrx_word' id='word_1_586' title='bbox 2475 4655 2724 4722; x_wconf 85' lang='grc' dir='ltr'>φανεῖται</span> <span class='ocrx_word' id='word_1_587' title='bbox 2747 4671 2764 4720; x_wconf 88' lang='lat'><strong>;</strong></span> 
     </span>
    </p>
   </div>
   <div class='ocr_carea' id='block_1_100' title="bbox 2201 4744 3668 4816">
    <p class='ocr_par' dir='ltr' id='par_1_100' title="bbox 2201 4744 3668 4816">
     <span class='ocr_line' id='line_1_101' title="bbox 2201 4744 3668 4816; baseline 0.002 -18"><span class='ocrx_word' id='word_1_588' title='bbox 2201 4745 2376 4812; x_wconf 85' lang='grc' dir='ltr'>Στῆκε</span> <span class='ocrx_word' id='word_1_589' title='bbox 2405 4744 2480 4808; x_wconf 79' lang='grc' dir='ltr'>ὡς</span> <span class='ocrx_word' id='word_1_590' title='bbox 2519 4744 2713 4814; x_wconf 74' lang='grc' dir='ltr'>ἄκμων</span> <span class='ocrx_word' id='word_1_591' title='bbox 2755 4747 3112 4816; x_wconf 82' lang='grc' dir='ltr'>τυπτόμενος.</span> <span class='ocrx_word' id='word_1_592' title='bbox 3149 4748 3405 4813; x_wconf 76' lang='grc' dir='ltr'>Μεγάλου</span> <span class='ocrx_word' id='word_1_593' title='bbox 3437 4747 3668 4816; x_wconf 81' lang='grc' dir='ltr'>ἀθλητοῦ</span> 
     </span>
    </p>
   </div>
   <div class='ocr_carea' id='block_1_101' title="bbox 2115 4835 3666 4908">
    <p class='ocr_par' dir='ltr' id='par_1_101' title="bbox 2115 4835 3666 4908">
     <span class='ocr_line' id='line_1_102' title="bbox 2115 4835 3666 4908; baseline 0.001 -21"><span class='ocrx_word' id='word_1_594' title='bbox 2115 4835 2236 4888; x_wconf 73' lang='grc' dir='ltr'>ἐστι</span> <span class='ocrx_word' id='word_1_595' title='bbox 2265 4835 2522 4908; x_wconf 87' lang='grc' dir='ltr'>δέρεσθαι</span> <span class='ocrx_word' id='word_1_596' title='bbox 2573 4839 2670 4889; x_wconf 83' lang='grc' dir='ltr'>καὶ</span> <span class='ocrx_word' id='word_1_597' title='bbox 2701 4838 2856 4908; x_wconf 79' lang='grc' dir='ltr'>νικᾷν</span> <span class='ocrx_word' id='word_1_598' title='bbox 2879 4854 2894 4868; x_wconf 78' lang='grc' dir='ltr'><strong>ο</strong></span> <span class='ocrx_word' id='word_1_599' title='bbox 2942 4837 3178 4905; x_wconf 80' lang='grc' dir='ltr'>μάλιστα</span> <span class='ocrx_word' id='word_1_600' title='bbox 3215 4839 3272 4890; x_wconf 78' lang='grc' dir='ltr'>δὲ</span> <span class='ocrx_word' id='word_1_601' title='bbox 3319 4841 3507 4891; x_wconf 73' lang='grc' dir='ltr'>ἕνεκεν</span> <span class='ocrx_word' id='word_1_602' title='bbox 3538 4840 3666 4890; x_wconf 76' lang='grc' dir='ltr'>Θεοῦ</span> 
     </span>
    </p>
   </div>
   <div class='ocr_carea' id='block_1_102' title="bbox 2115 4927 3663 5000">
    <p class='ocr_par' dir='ltr' id='par_1_102' title="bbox 2115 4927 3663 5000">
     <span class='ocr_line' id='line_1_103' title="bbox 2115 4927 3663 5000; baseline 0.001 -21"><span class='ocrx_word' id='word_1_603' title='bbox 2115 4927 2294 4980; x_wconf 84' lang='grc' dir='ltr'>πάντα</span> <span class='ocrx_word' id='word_1_604' title='bbox 2343 4929 2490 4997; x_wconf 80' lang='grc' dir='ltr'>ἡμᾶς</span> <span class='ocrx_word' id='word_1_605' title='bbox 2547 4928 2838 4999; x_wconf 78' lang='grc' dir='ltr'>ὑπομένειν</span> <span class='ocrx_word' id='word_1_606' title='bbox 2885 4927 2986 4993; x_wconf 89' lang='grc' dir='ltr'>δεῖ,</span> <span class='ocrx_word' id='word_1_607' title='bbox 3043 4929 3129 4982; x_wconf 79' lang='grc' dir='ltr'><strong>ἵνα</strong></span> <span class='ocrx_word' id='word_1_608' title='bbox 3182 4930 3276 4982; x_wconf 82' lang='grc' dir='ltr'><strong>καὶ</strong></span> <span class='ocrx_word' id='word_1_609' title='bbox 3330 4931 3492 4992; x_wconf 78' lang='grc' dir='ltr'>αὐτὸς</span> <span class='ocrx_word' id='word_1_610' title='bbox 3526 4933 3663 5000; x_wconf 68' lang='grc' dir='ltr'>ἡμᾶς</span> 
     </span>
    </p>
   </div>
   <div class='ocr_carea' id='block_1_103' title="bbox 2119 5017 2408 5090">
    <p class='ocr_par' dir='ltr' id='par_1_103' title="bbox 2119 5017 2408 5090">
     <span class='ocr_line' id='line_1_104' title="bbox 2119 5017 2408 5090; baseline 0.007 -20"><span class='ocrx_word' id='word_1_611' title='bbox 2119 5017 2408 5090; x_wconf 76' lang='grc' dir='ltr'>ὑπομείνῃ.</span> 
     </span>
    </p>
   </div>
   <div class='ocr_carea' id='block_1_104' title="bbox 2197 5108 3662 5182">
    <p class='ocr_par' dir='ltr' id='par_1_104' title="bbox 2197 5108 3662 5182">
     <span class='ocr_line' id='line_1_105' title="bbox 2197 5108 3662 5182; baseline 0.002 -21"><span class='ocrx_word' id='word_1_612' title='bbox 2197 5108 2618 5177; x_wconf 84' lang='grc' dir='ltr'>Μακροθυμεῖτε</span> <span class='ocrx_word' id='word_1_613' title='bbox 2675 5108 2796 5178; x_wconf 85' lang='grc' dir='ltr'>μετ’</span> <span class='ocrx_word' id='word_1_614' title='bbox 2837 5109 3079 5179; x_wconf 80' lang='grc' dir='ltr'>ἀλλήλων</span> <span class='ocrx_word' id='word_1_615' title='bbox 3114 5113 3172 5162; x_wconf 82' lang='grc' dir='ltr'>ὲν</span> <span class='ocrx_word' id='word_1_616' title='bbox 3207 5113 3501 5182; x_wconf 75' lang='grc' dir='ltr'>πραΰτητι,</span> <span class='ocrx_word' id='word_1_617' title='bbox 3534 5111 3605 5174; x_wconf 75' lang='grc' dir='ltr'>ὡς</span> <span class='ocrx_word' id='word_1_618' title='bbox 3635 5115 3662 5164; x_wconf 82' lang='grc' dir='ltr'><strong>ὁ</strong></span> 
     </span>
    </p>
   </div>
   <div class='ocr_carea' id='block_1_105' title="bbox 2115 5196 2943 5270">
    <p class='ocr_par' dir='ltr' id='par_1_105' title="bbox 2115 5196 2943 5270">
     <span class='ocr_line' id='line_1_106' title="bbox 2115 5196 2943 5270; baseline 0.005 -19"><span class='ocrx_word' id='word_1_619' title='bbox 2115 5196 2245 5261; x_wconf 86' lang='grc' dir='ltr'>Θεὸς</span> <span class='ocrx_word' id='word_1_620' title='bbox 2284 5199 2404 5267; x_wconf 85' lang='grc' dir='ltr'>μεθ’</span> <span class='ocrx_word' id='word_1_621' title='bbox 2437 5199 2598 5270; x_wconf 81' lang='grc' dir='ltr'>ήμῶν</span> <span class='ocrx_word' id='word_1_622' title='bbox 2629 5199 2943 5261; x_wconf 82' lang='grc' dir='ltr'>διαπαντός.</span> 
     </span>
    </p>
   </div>
   <div class='ocr_carea' id='block_1_106' title="bbox 2200 5290 3665 5366">
    <p class='ocr_par' dir='ltr' id='par_1_106' title="bbox 2200 5290 3665 5366">
     <span class='ocr_line' id='line_1_107' title="bbox 2200 5290 3665 5366; baseline 0.003 -23"><span class='ocrx_word' id='word_1_623' title='bbox 2200 5290 2262 5343; x_wconf 87' lang='lat'><strong>&#39;0</strong></span> <span class='ocrx_word' id='word_1_624' title='bbox 2321 5293 2388 5364; x_wconf 81' lang='grc' dir='ltr'>τῇ</span> <span class='ocrx_word' id='word_1_625' title='bbox 2451 5296 2922 5366; x_wconf 73' lang='grc' dir='ltr'>ταπεινοφροσύνῃ</span> <span class='ocrx_word' id='word_1_626' title='bbox 2959 5299 3084 5360; x_wconf 76' lang='grc' dir='ltr'>τοὺς</span> <span class='ocrx_word' id='word_1_627' title='bbox 3121 5295 3316 5349; x_wconf 78' lang='grc' dir='ltr'>ἑαυτοῦ</span> <span class='ocrx_word' id='word_1_628' title='bbox 3377 5296 3665 5366; x_wconf 77' lang='grc' dir='ltr'>λογισμοὺς</span> 
     </span>
    </p>
   </div>
   <div class='ocr_carea' id='block_1_107' title="bbox 2110 5381 3664 5456">
    <p class='ocr_par' dir='ltr' id='par_1_107' title="bbox 2110 5381 3664 5456">
     <span class='ocr_line' id='line_1_108' title="bbox 2110 5381 3664 5456; baseline 0.004 -25"><span class='ocrx_word' id='word_1_629' title='bbox 2110 5381 2515 5450; x_wconf 69' lang='grc' dir='ltr'>ιπροκατασχὼν</span> <span class='ocrx_word' id='word_1_630' title='bbox 2548 5383 2731 5434; x_wconf 79' lang='grc' dir='ltr'>πᾶσαν</span> <span class='ocrx_word' id='word_1_631' title='bbox 2761 5385 2987 5454; x_wconf 86' lang='grc' dir='ltr'>ἀτιμίαν</span> <span class='ocrx_word' id='word_1_632' title='bbox 3031 5386 3290 5439; x_wconf 69' lang='grc' dir='ltr'>ἐλάττονα</span> <span class='ocrx_word' id='word_1_633' title='bbox 3324 5387 3546 5456; x_wconf 80' lang='grc' dir='ltr'>εὑρήσει</span> <span class='ocrx_word' id='word_1_634' title='bbox 3571 5387 3664 5455; x_wconf 79' lang='grc' dir='ltr'>τῆς</span> 
     </span>
    </p>
   </div>
   <div class='ocr_carea' id='block_1_108' title="bbox 2111 5470 3666 5550">
    <p class='ocr_par' dir='ltr' id='par_1_108' title="bbox 2111 5470 3666 5550">
     <span class='ocr_line' id='line_1_109' title="bbox 2111 5470 3666 5550; baseline 0.005 -27"><span class='ocrx_word' id='word_1_635' title='bbox 2111 5470 2415 5540; x_wconf 76' lang='grc' dir='ltr'>ἀληθείαςο</span> <span class='ocrx_word' id='word_1_636' title='bbox 2451 5474 2546 5527; x_wconf 80' lang='grc' dir='ltr'>καὶ</span> <span class='ocrx_word' id='word_1_637' title='bbox 2589 5475 2682 5528; x_wconf 81' lang='grc' dir='ltr'><strong>τὸν</strong></span> <span class='ocrx_word' id='word_1_638' title='bbox 2733 5476 2842 5528; x_wconf 79' lang='grc' dir='ltr'><strong>ἀπὸ</strong></span> <span class='ocrx_word' id='word_1_639' title='bbox 2886 5479 2986 5546; x_wconf 89' lang='grc' dir='ltr'>τῆς</span> <span class='ocrx_word' id='word_1_640' title='bbox 3035 5478 3320 5549; x_wconf 79' lang='grc' dir='ltr'>ὑπομονῆς</span> <span class='ocrx_word' id='word_1_641' title='bbox 3352 5479 3666 5550; x_wconf 77' lang='grc' dir='ltr'>προξενήσει</span> 
     </span>
    </p>
   </div>
   <div class='ocr_carea' id='block_1_109' title="bbox 446 5563 2017 5646">
    <p class='ocr_par' dir='ltr' id='par_1_109' title="bbox 446 5569 2010 5640">
     <span class='ocr_line' id='line_1_110' title="bbox 446 5569 2010 5640; baseline 0.001 -17"><span class='ocrx_word' id='word_1_642' title='bbox 446 5571 680 5640; x_wconf 87' lang='lat' dir='ltr'><strong>parabit,</strong></span> <span class='ocrx_word' id='word_1_643' title='bbox 712 5570 937 5625; x_wconf 86' lang='lat' dir='ltr'><strong>alterius</strong></span> <span class='ocrx_word' id='word_1_644' title='bbox 964 5571 1228 5624; x_wconf 88' lang='lat' dir='ltr'><strong>insaniam</strong></span> <span class='ocrx_word' id='word_1_645' title='bbox 1251 5583 1364 5622; x_wconf 72' lang='lat' dir='ltr'><strong>suae</strong></span> <span class='ocrx_word' id='word_1_646' title='bbox 1396 5569 1704 5624; x_wconf 86' lang='lat' dir='ltr'><strong>securitatis</strong></span> <span class='ocrx_word' id='word_1_647' title='bbox 1733 5578 1788 5623; x_wconf 91' lang='lat' dir='ltr'><strong>et</strong></span> <span class='ocrx_word' id='word_1_648' title='bbox 1811 5569 2010 5638; x_wconf 87' lang='lat' dir='ltr'><strong>quietis</strong></span> 
     </span>
    </p>
   </div>
   <div class='ocr_carea' id='block_1_110' title="bbox 2136 5563 3664 5646">
    <p class='ocr_par' dir='ltr' id='par_1_110' title="bbox 2136 5563 3664 5646">
     <span class='ocr_line' id='line_1_111' title="bbox 2136 5563 3664 5646; baseline 0.003 -30"><span class='ocrx_word' id='word_1_649' title='bbox 2136 5563 2288 5646; x_wconf 76' lang='grc' dir='ltr'>αυτῷ</span> <span class='ocrx_word' id='word_1_650' title='bbox 2320 5564 2583 5632; x_wconf 87' lang='grc' dir='ltr'>στέφανον</span> <span class='ocrx_word' id='word_1_651' title='bbox 2613 5606 2628 5630; x_wconf 98' lang='grc'><strong>,</strong></span> <span class='ocrx_word' id='word_1_652' title='bbox 2679 5566 2779 5636; x_wconf 79' lang='grc' dir='ltr'>τὴν</span> <span class='ocrx_word' id='word_1_653' title='bbox 2816 5567 3007 5638; x_wconf 76' lang='grc' dir='ltr'>ἑτέρου</span> <span class='ocrx_word' id='word_1_654' title='bbox 3065 5569 3266 5636; x_wconf 84' lang='grc' dir='ltr'>μανίαν</span> <span class='ocrx_word' id='word_1_655' title='bbox 3299 5572 3556 5641; x_wconf 77' lang='grc' dir='ltr'>ἀφορμὴν</span> <span class='ocrx_word' id='word_1_656' title='bbox 3589 5569 3664 5621; x_wconf 81' lang='lat' dir='ltr'><strong>ot-</strong></span> 
     </span>
    </p>
   </div>
   <div class='ocr_carea' id='block_1_111' title="bbox 447 5663 924 5718">
    <p class='ocr_par' dir='ltr' id='par_1_111' title="bbox 447 5663 924 5718">
     <span class='ocr_line' id='line_1_112' title="bbox 447 5663 924 5718; baseline 0.004 -2"><span class='ocrx_word' id='word_1_657' title='bbox 447 5677 671 5717; x_wconf 84' lang='lat' dir='ltr'><strong>causam</strong></span> <span class='ocrx_word' id='word_1_658' title='bbox 700 5663 924 5718; x_wconf 87' lang='lat' dir='ltr'><strong>faciens.</strong></span> 
     </span>
    </p>
   </div>
   <div class='ocr_carea' id='block_1_112' title="bbox 520 5751 2003 5823">
    <p class='ocr_par' dir='ltr' id='par_1_112' title="bbox 520 5751 2003 5823">
     <span class='ocr_line' id='line_1_113' title="bbox 520 5751 2003 5823; baseline 0 -16"><span class='ocrx_word' id='word_1_659' title='bbox 520 5753 654 5807; x_wconf 88' lang='lat' dir='ltr'><strong>Cum</strong></span> <span class='ocrx_word' id='word_1_660' title='bbox 693 5753 856 5822; x_wconf 86' lang='lat' dir='ltr'><strong>igitur</strong></span> <span class='ocrx_word' id='word_1_661' title='bbox 884 5753 949 5805; x_wconf 88' lang='lat' dir='ltr'><strong>ad</strong></span> <span class='ocrx_word' id='word_1_662' title='bbox 979 5751 1220 5806; x_wconf 86' lang='lat' dir='ltr'><strong>convicia</strong></span> <span class='ocrx_word' id='word_1_663' title='bbox 1252 5751 1514 5818; x_wconf 88' lang='lat' dir='ltr'><strong>incitaris,</strong></span> <span class='ocrx_word' id='word_1_664' title='bbox 1545 5753 1714 5819; x_wconf 89' lang='lat' dir='ltr'><strong>teipse</strong></span> <span class='ocrx_word' id='word_1_665' title='bbox 1761 5754 1815 5807; x_wconf 88' lang='lat' dir='ltr'><strong>in</strong></span> <span class='ocrx_word' id='word_1_666' title='bbox 1855 5754 2003 5823; x_wconf 86' lang='lat' dir='ltr'><strong>judi-</strong></span> 
     </span>
    </p>
   </div>
   <div class='ocr_carea' id='block_1_113' title="bbox 445 5841 2008 5914">
    <p class='ocr_par' dir='ltr' id='par_1_113' title="bbox 445 5841 2008 5914">
     <span class='ocr_line' id='line_1_114' title="bbox 445 5841 2008 5914; baseline 0.002 -17"><span class='ocrx_word' id='word_1_667' title='bbox 445 5841 590 5897; x_wconf 88' lang='lat' dir='ltr'><strong>cium</strong></span> <span class='ocrx_word' id='word_1_668' title='bbox 631 5842 920 5897; x_wconf 86' lang='lat' dir='ltr'><strong>adductum</strong></span> <span class='ocrx_word' id='word_1_669' title='bbox 961 5841 1268 5898; x_wconf 74' lang='lat' dir='ltr'><strong>existimato</strong></span> <span class='ocrx_word' id='word_1_670' title='bbox 1301 5860 1316 5898; x_wconf 90' lang='lat'><strong>:</strong></span> <span class='ocrx_word' id='word_1_671' title='bbox 1349 5855 1529 5899; x_wconf 88' lang='lat' dir='ltr'><strong>utrum</strong></span> <span class='ocrx_word' id='word_1_672' title='bbox 1578 5842 1654 5897; x_wconf 86' lang='lat' dir='ltr'><strong>ad</strong></span> <span class='ocrx_word' id='word_1_673' title='bbox 1692 5843 1858 5899; x_wconf 84' lang='lat' dir='ltr'><strong>Deum</strong></span> <span class='ocrx_word' id='word_1_674' title='bbox 1911 5861 2008 5914; x_wconf 87' lang='lat' dir='ltr'><strong>per</strong></span> 
     </span>
    </p>
   </div>
   <div class='ocr_carea' id='block_1_114' title="bbox 2110 5655 2971 5728">
    <p class='ocr_par' dir='ltr' id='par_1_114' title="bbox 2110 5655 2971 5728">
     <span class='ocr_line' id='line_1_115' title="bbox 2110 5655 2971 5728; baseline 0.01 -22"><span class='ocrx_word' id='word_1_675' title='bbox 2110 5655 2264 5717; x_wconf 89' lang='grc' dir='ltr'>κείας</span> <span class='ocrx_word' id='word_1_676' title='bbox 2296 5656 2598 5724; x_wconf 85' lang='grc' dir='ltr'>ἀσφαλείας</span> <span class='ocrx_word' id='word_1_677' title='bbox 2629 5658 2971 5728; x_wconf 84' lang='grc' dir='ltr'>ποιούμενος.</span> 
     </span>
    </p>
   </div>
   <div class='ocr_carea' id='block_1_115' title="bbox 2199 5746 3658 5840">
    <p class='ocr_par' dir='ltr' id='par_1_115' title="bbox 2199 5746 3658 5840">
     <span class='ocr_line' id='line_1_116' title="bbox 2199 5746 3658 5840; baseline 0.005 -40"><span class='ocrx_word' id='word_1_678' title='bbox 2199 5748 2263 5801; x_wconf 86' lang='lat'>&#39;0</span> <span class='ocrx_word' id='word_1_679' title='bbox 2323 5746 2387 5818; x_wconf 81' lang='lat' dir='ltr'><strong>[f.</strong></span> <span class='ocrx_word' id='word_1_680' title='bbox 2445 5748 2599 5819; x_wconf 80' lang='grc' dir='ltr'>ὅτανι</span> <span class='ocrx_word' id='word_1_681' title='bbox 2661 5749 2754 5803; x_wconf 77' lang='grc' dir='ltr'><strong>οὖν</strong></span> <span class='ocrx_word' id='word_1_682' title='bbox 2807 5768 2889 5805; x_wconf 91' lang='grc' dir='ltr'><strong>σοι</strong></span> <span class='ocrx_word' id='word_1_683' title='bbox 2935 5753 3128 5824; x_wconf 84' lang='grc' dir='ltr'>κινηθῇ</span> <span class='ocrx_word' id='word_1_684' title='bbox 3176 5757 3204 5806; x_wconf 85' lang='grc' dir='ltr'><strong>ὁ</strong></span> <span class='ocrx_word' id='word_1_685' title='bbox 3252 5756 3350 5825; x_wconf 83' lang='grc' dir='ltr'>τῆς</span> <span class='ocrx_word' id='word_1_686' title='bbox 3398 5753 3658 5840; x_wconf 80' lang='grc' dir='ltr'>λοιδορίας</span> 
     </span>
    </p>
   </div>
   <div class='ocr_carea' id='block_1_116' title="bbox 2112 5843 3658 5915">
    <p class='ocr_par' dir='ltr' id='par_1_116' title="bbox 2112 5843 3658 5915">
     <span class='ocr_line' id='line_1_117' title="bbox 2112 5843 3658 5915; baseline 0.006 -23"><span class='ocrx_word' id='word_1_687' title='bbox 2112 5844 2442 5911; x_wconf 80' lang='grc' dir='ltr'>πειρασμὸς,</span> <span class='ocrx_word' id='word_1_688' title='bbox 2499 5843 2686 5914; x_wconf 74' lang='grc' dir='ltr'>νόμιζε</span> <span class='ocrx_word' id='word_1_689' title='bbox 2725 5844 3003 5914; x_wconf 77' lang='grc' dir='ltr'>κρίνεσθαι</span> <span class='ocrx_word' id='word_1_690' title='bbox 3064 5849 3257 5901; x_wconf 74' lang='grc' dir='ltr'>ἑαυτὸν</span> <span class='ocrx_word' id='word_1_691' title='bbox 3307 5851 3531 5915; x_wconf 74' lang='grc' dir='ltr'>πότερον</span> <span class='ocrx_word' id='word_1_692' title='bbox 3580 5849 3658 5902; x_wconf 79' lang='grc' dir='ltr'><strong>δια</strong></span> 
     </span>
    </p>
   </div>
  </div>
