3964 6568
276 381 405 446 121⁸1

972 386 1140 447 LOCI
1178 385 1615 451 COMMUNES.
1652 410 1725 425 -··
1760 388 1955 450 PARS
1998 390 2081 450 [Ι.
2116 388 2371 452 SERMO
2412 391 2734 456 LXXXIX.

3356 396 3498 463 1218

275 495 653 568 μακροθυμίας
689 501 1087 571 προσχωρήσῃς
1114 498 1193 569 τῷ
1224 500 1363 571 Θεῷ,
1401 500 1434 570 ἢ
1463 500 1552 555 διὰ
1597 501 1696 570 τῆς
1738 500 1829 571 ὀρ-

1949 502 2215 559 lenitatem
2262 519 2585 560 accessurus
2628 506 2729 573 sis,
2783 521 2852 561 an
2906 522 3005 577 per
3049 508 3382 567 iracundiam
3430 513 3495 567 al

271 589 368 658 γῆς
398 590 705 661 ἀποτρέχῃς
738 593 871 662 πρὸς
903 590 998 645 τὸν
1024 592 1339 647 ἀντίπαλον.

359 680 486 740 Τοῖς
519 679 807 733 εὐσεϐέσιν
825 684 1149 747 ἀγωνισταῖς
1176 682 1465 754 προλαϐὼν
1488 684 1514 736 6
1543 684 1829 754 προφήτης

274 771 556 838 ὑπέδειξεν
587 773 645 825 ὲν
676 774 817 845 ἀρχῇ
846 774 941 845 τρῦ
981 773 1201 845 ψαλμοῦ
1251 774 1313 828 τὸ
1350 774 1616 845 μακάριον
1650 777 1826 843 τέλος,

270 866 358 918 ἵνα
394 867 481 937 ’τῇ
538 866 714 919 ἐλπίδι
753 867 859 919 τῶν
890 868 1272 937 ἀποκειμένων
1322 868 1544 936 ἀγαθῶν
1604 868 1829 933 ἀλύπως

270 958 365 1011 τοῦ
416 958 531 1029 βίου
575 959 644 1012 τὰ
675 960 896 1027 ἀλγεινὰ
927 960 1202 1030 φέρωμεν·
1233 959 1376 1014 οὕτω
1403 961 1498 1015 καὶ
1523 962 1829 1034 ὁδοιπόροις

269 1054 532 1122 τραχεῖαν
561 1052 684 1106 ὁδον
717 1054 1108 1124 πορευομένοις
1137 1057 1229 1107 καὶ
1275 1052 1544 1107 δύσϐατον
1581 1054 1828 1123 κουφίζει

267 1144 359 1193 τόν
389 1143 606 1213 μόχθον,
639 1144 947 1212 ἐπιτήδειον
999 1144 1184 1207 αὐτοῖς
1231 1144 1604 1214 προσδοκηθὲν
1657 1162 1829 1199 κατα-

268 1234 490 1302 γώγιον.
528 1234 620 1287 Διὸ
656 1236 750 1288 καὶ
775 1238 803 1288 6
842 1236 1018 1298 κοινὸς
1049 1238 1141 1289 τοῦ
1173 1223 1637 1309 βίου’διορθωτὴς,
1670 1241 1697 1291 6
1725 1239 1826 1310 μὲ-

266 1343 368 1393 γας
409 1326 749 1389 διδάσκαλος,
783 1328 843 1379 τὸ
874 1327 1094 1396 Πνεῦμα
1140 1327 1238 1397 τῆς
1291 1328 1548 1399 ἀληθείας
1578 1371 1594 1395 ,
1631 1330 1812 1398 σοφῶς

265 1418 362 1468 καὶ
395 1418 654 1487 ἐντέχνως
689 1419 815 1480 τοὺς
859 1419 1085 1487 μισθοὺς
1143 1420 1496 1491 προεϐάλετο,
1531 1422 1620 1474 ἵνα
1654 1423 1825 1492 ὑπερ-

265 1507 570 1571 κύπτοντες
592 1510 717 1571 τοὺς
744 1510 801 1560 ὲν
829 1510 992 1579 χερσὶ
1042 1509 1266 1577 πόνους,
1309 1514 1373 1582 τῇ
1422 1512 1635 1583 διανοίᾳ
1679 1514 1818 1583 πρὸς

262 1601 365 1669 τὴν
410 1601 708 1656 ἀπόλαυσιν
741 1604 847 1655 τῶν
896 1603 1128 1656 αἰωνίων
1178 1605 1399 1671 ἀγαθῶν
1452 1597 1825 1677 ἐπειγώμεθα.

336 1695 415 1746 Οὐ
440 1697 548 1765 γὰρ
569 1698 595 1747 6
619 1697 840 1765 ἀπορῶν
862 1696 969 1749 τῶν
997 1697 1309 1766 ἀναγκαίων
1335 1700 1679 1767 καρτερικὸς,
1712 1700 1826 1753 ἀλλ’

1928 595 2302 650 adversarium
2332 613 2605 653 recurras.

2011 685 2173 756 249
2194 686 2303 742 Piis
2351 690 2709 744 certatoribus
2776 690 3040 761 Propheta
3102 693 3225 749 inde
3274 711 3302 749 a
3349 696 3504 765 prin-

1937 777 2077 845 cipio
2104 777 2306 833 Psalmi
2340 780 2693 836 beatitudinis
2726 782 2883 838 ﬁnem
2917 785 3176 853 ostendit,
3234 796 3290 839 ut
3335 788 3505 842 bono-

1929 885 2045 924 rum
2070 885 2163 938 spe
2192 870 2496 926 futurorum
2534 875 2806 931 molestias
2834 877 2955 931 vitae
3009 891 3117 931 non
3170 889 3390 950 gravate
3427 880 3505 935 fe-

1937 978 2142 1017 ramus.
2195 962 2287 1018 Sic
2318 975 2370 1019 et
2400 965 2502 1020 iter
2561 965 2874 1024 facientium
2923 970 3162 1026 laborem
3207 988 3409 1042 asperae
3450 985 3505 1028 et
3616 1002 3624 1009 ~

1928 1055 2216 1110 salebrosa:
2245 1056 2341 1111 viae
2367 1057 2508 1112 levat
2536 1061 2805 1115 commodi
2836 1065 3167 1132 exspectatio
3188 1064 3499 1121 diversorii.

1928 1142 2195 1209 Quocirca
2232 1149 2537 1203 communis
2562 1150 2685 1204 vitae
2710 1152 2904 1217 rector,
2949 1164 3004 1209 et
3037 1171 3264 1226 magnus
3314 1157 3505 1211 doctor

1930 1234 2168 1305 Spiritus
2198 1239 2287 1294 ille
2309 1240 2574 1306 veritatis,
2596 1244 2869 1312 sapienter
2895 1256 2949 1300 et
2976 1260 3091 1302 arte
3121 1248 3352 1317 maxima
3368 1264 3506 1319 prae.

1929 1332 2035 1383 mia
2068 1333 2368 1402 proposuit,
2398 1343 2458 1388 ut
2490 1334 2629 1389 ultra
2663 1336 2875 1393 labores
2893 1350 2949 1393 et
2963 1340 3176 1395 dolores
3205 1350 3505 1411 praesentes

1930 1423 2345 1492 prospicientes,
2362 1426 2694 1495 cogitatione
2715 1446 3065 1502 properemus
3088 1434 3154 1489 ad
3175 1435 3505 1505 sempiterna

1926 1516 2067 1571 bona
2103 1515 2445 1586 perfruenda.

1996 1699 2113 1755 Non
2131 1699 2272 1755 enim
2293 1717 2473 1757 rerum
2492 1705 2916 1761 necessariarum
2936 1721 3101 1778 egens
3122 1710 3334 1778 patiens
3380 1718 3460 1765 est
3483 1751 3501 1777 ,

263 1790 291 1841 ό
342 1791 403 1840 ὲν
456 1788 689 1858 ἀφθονία
743 1787 844 1859 τῆς
896 1789 1246 1852 ἀπολαύσεως
1301 1791 1656 1861 ὲγκαρτερῶν
1712 1794 1826 1856 τοῖς

1949 1789 2027 1846 ιρὰ
2051 1789 2145 1861 qui
2178 1790 2231 1845 in
2265 1791 2596 1848 abundantia
2655 1795 2991 1866 voluptatum
3019 1797 3221 1867 perfert
3279 1798 3500 1854 malum.

265 1881 320 1933 δε
333 1885 487 1945 ινοῖς.

337 1976 639 2045 Σωφρόνων
686 1973 894 2044 ἀνδρῶν
938 1974 1000 2029 τὸ
1050 1975 1125 2046 μὴ
1169 1976 1434 2040 κινδύνοις
1488 1979 1834 2051 ἐπιρῤίπτειν

265 2067 522 2131 ἑαυτούς’
554 2065 819 2134 γενναίων
849 2064 907 2118 δὲ
948 2067 1043 2121 καὶ
1072 2066 1374 2136 φιλοσόφων
1404 2068 1465 2123 τὸ
1493 2072 1833 2140 ἐμπεσόντας

268 2164 466 2232 φέρειν
495 2159 776 2227 γενναίως.

348 2253 510 2307 Ἔστι
542 2271 596 2306 τι
627 2254 779 2324 παρά
800 2251 881 2320 ,τῷ
915 2252 1069 2323 μύθῳ
1088 2254 1271 2321 φυτὸν,
1303 2254 1331 2306 ὃ
1362 2254 1543 2310 θάλλει
1566 2258 1833 2326 τεμνόμε-

158 2374 161 2377 ι
263 2363 387 2409 νον,
424 2347 519 2400 καὶ
572 2346 708 2415 πρὸς
756 2345 847 2398 τὸν
881 2343 1097 2415 σίδηρον
1132 2347 1482 2416 ἀγωνίζεται,
1520 2350 1615 2405 καὶ
1649 2351 1720 2423 (εί
1752 2352 1833 2406 δεῖ

263 2439 514 2508 ποιητῶν
571 2437 890 2509 μεμνῆσθαι
936 2438 1118 2509 λόγου)
1156 2438 1369 2509 Θανάτῳ
1416 2440 1506 2511 ζῇ,
1560 2445 1655 2498 καὶ
1688 2447 1831 2515 τομῇ

262 2531 489 2597 φύεται,
524 2530 619 2583 καὶ
676 2527 901 2595 αὔξεται
947 2528 1357 2598 δαπανώμενον.
1411 2531 1597 2587 Ταῦτα
1645 2534 1742 2605 μὲν
1804 2536 1832 2589 6

266 2622 463 2685 μῦθος,
511 2620 605 2674 καὶ
646 2622 679 2689 ή
729 2620 1027 2691 αὐτονομία
1081 2622 1174 2675 τοῦ
1228 2622 1543 2692 πλάσματος
1576 2643 1589 2657 σ
1624 2627 1745 2697 ἐμοὶ
1773 2628 1831 2683 δὲ

259 2710 418 2762 δοκεῖ
454 2710 639 2777 σαφῶς
668 2710 880 2763 τοιοῦτο
913 2707 1058 2765 εἷναί
1083 2727 1136 2765 τι
1170 2710 1199 2763 6
1240 2713 1552 2781 φιλόσοφος,
1584 2716 1643 2779 ὃς
1680 2718 1828 2771 εὐδο-

266 2804 430 2870 κιμεῖ
479 2804 592 2865 τοῖς
652 2802 873 2865 πάθεσι,
925 2802 1017 2855 καὶ
1069 2801 1201 2873 ὕλην
1260 2805 1461 2874 ἀρετῆς
1505 2810 1739 2861 ποιεῖται
1762 2808 1831 2861 τὰ

258 2895 523 2964 λυπηρὰ,
563 2893 661 2948 καὶ
704 2897 819 2957 τοῖς
867 2895 1130 2957 ἐναντίοις
1183 2897 1672 2965 ἑγκαλλωπίξεται,
1727 2900 1831 2972 μή·

246 3004 315 3059 ¹τε
369 2989 481 3049 τοῖς
520 2986 712 3051 δεξιοῖς
745 2984 931 3048 ὅπλοις
977 2987 1076 3056 τῆς
1125 2986 1473 3056 δικαιοσύνης
1503 2989 1817 3060 αἰρόμενος,

262 3078 561 3145 μήτε.τοῖς
588 3078 898 3145 ἀριστεροῖς
926 3080 1335 3147 καμπτόμενος·
1370 3081 1486 3133 ἀλλ’
1515 3084 1543 3136 6
1576 3084 1736 3145 αὐτὸς
1770 3088 1826 3139 ἐν

2005 1967 2444 2035 Temperantium
2470 1980 2551 2027 est
2579 1988 2686 2027 non
2722 1989 2781 2029 se
2804 1975 2858 2029 in
2915 1976 3154 2046 pericula
3205 1979 3500 2049 conjicere,

1937 2059 2031 2115 sed
2065 2060 2283 2116 fortium
2307 2071 2359 2118 et
2386 2064 2827 2136 philosophorum
2843 2077 2947 2133 est,
2967 2068 3013 2125 si
3030 2069 3336 2137 inciderint,
3360 2069 3503 2129 ferre

1935 2148 2163 2206 fortiter.
2308 2228 2311 2231 _

2013 2243 2274 2316 Theologt'.
2302 2246 2399 2302 Est
2423 2248 2477 2303 in
2510 2248 2744 2320 fabulis,
2777 2251 3011 2321 plantam
3045 2253 3335 2324 quamdam
3363 2269 3504 2314 esse.

1932 2347 2052 2402 quae
2083 2350 2204 2388 cum
2236 2337 2496 2393 inciditur
2558 2341 2839 2410 germinet,
2891 2358 3121 2415 quaeque
3173 2361 3297 2400 cum
3356 2345 3503 2401 ferro

1933 2435 2142 2480 certare
2176 2429 2407 2498 dicatur,
2440 2445 2505 2485 ac
2538 2432 2582 2485 si
2634 2443 2909 2501 poetarum
2949 2438 3118 2493 'more
3166 2437 3312 2507 loqui
3345 2438 3496 2499 licet.

1932 2533 2049 2588 quae
2084 2527 2253 2572 morte
2286 2521 2448 2585 vivat,
2474 2532 2526 2576 et
2550 2521 2811 2578 incisione
2831 2536 3105 2587 nascatur.
3154 2538 3206 2581 et
3249 2542 3503 2582 consum-

1936 2611 2125 2679 ptione
2159 2595 2443 2683 augeatur.
2474 2613 2621 2669 Talis
2655 2616 2781 2670 mihi
2804 2618 3012 2673 videtur
3060 2634 3182 2675 esse
3203 2623 3420 2691 sapiens
3450 2632 3505 2675 et

1933 2701 2304 2771 pliilosOplius,
2341 2704 2433 2774 qni
2456 2705 2508 2759 in
2533 2707 3027 2773 perturbationibus
3048 2710 3348 2766 claritatem
3368 2725 3503 2765 con-

1930 2793 2177 2858 sequitur
2215 2808 2233 2859 ;
2262 2793 2348 2848 cui
2378 2795 2592 2851 virtutis
2628 2798 2848 2850 materia
2890 2778 2972 2852 est
3002 2799 3270 2865 molestia,
3322 2811 3379 2855 et
3402 2801 3503 2854 ad-

1929 2883 2102 2937 versis
2134 2885 2376 2939 ornatior
2408 2885 2665 2951 redditur,
2702 2902 2802 2943 nec
2819 2888 3297 2959 dexterisjustitize
3331 2892 3501 2947 armis

1930 2973 2165 3039 tollitun,
2215 2991 2316 3032 nec
2362 2978 2601 3034 sinistris
2660 2979 2890 3036 ﬂectitur
2944 2991 3036 3036 aut
3085 2981 3367 3050 dejicitnr,
3406 2986 3500 3039 sed

1930 3065 2072 3122 idem
2096 3082 2309 3138 semper
2336 3080 2514 3125 manet
2538 3087 2642 3127 non
2676 3072 2888 3137 iisdem,
2908 3084 3001 3129 ant
3019 3074 3180 3131 etiam
3199 3076 3498 3146 probatior,

258 3171 382 3231 τοῖς
413 3170 514 3222 οὐκ
546 3170 727 3230 αὐτοῖς
758 3169 1027 3239 διαμένων
1074 3172 1185 3235 ἀεὶ,
1233 3172 1265 3239 ἢ
1314 3178 1410 3226 καὶ¹
1437 3173 1824 3246 δοκιμώτερος,

1949 3160 2382 3230 |uemadmodum
2411 3177 2601 3218 aurum
2655 3164 2710 3219 in
2738 3164 2973 3222 fornace.

194 3256 201 3261 ’
257 3259 457 3329 ῶσπερ
488 3261 546 3311 ἐν
573 3260 787 3330 καμίνῳ
814 3261 1032 3332 χρυσὸς,
1066 3263 1478 3333 εὑρισκόμενος.

330 3352 553 3406 Βέλτιον
583 3352 676 3405 τοῦ
711 3354 908 3422 τάχους
946 3356 979 3424 ἡ
1018 3354 1372 3426 μακροθυμία
1396 3397 1414 3427 ,
1456 3358 1551 3412 καὶ
1597 3358 1698 3427 τῆς
1732 3360 1829 3414 αύ-

258 3444 484 3507 θαδείας
514 3445 547 3513 ἡ
576 3446 1007 3513 συγκατάϐασις.

352 3539 587 3608 Ἀγαθὸν
616 3539 949 3609 χρηστότητι
995 3541 1151 3611 νικᾷν
1182 3542 1494 3611 θρασύτητα
1520 3584 1536 3607 ,
1575 3543 1667 3597 καὶ
1705 3542 1830 3614 βελ-
1926 3596 1929 3599 .

258 3612 415 3694 τίους
442 3634 619 3685 ποιεῖν
640 3632 768 3693 τοὺς
799 3630 1140 3696 ἀδικοῦντας,
1175 3627 1257 3697 οἷς
1301 3634 1677 3706 καρτεροῦμεν
1707 3612 1820 3691 πά-

216 3764 223 3770 .
259 3739 513 3793 σχοντες.

333 3812 507 3866 Οὐδὲν
540 3813 889 3884 ἰσχυρότερον
921 3813 1031 3867 τῶν
1064 3815 1245 3869 πάντα
1275 3816 1468 3886 φέρειν
1497 3817 1753 3888 ἑτοίμων.

344 3907 605 3975 ’Λργοῦσι
654 3907 748 3959 καὶ
791 3907 840 3959 οί
886 3896 965 3977 τῷ
1014 3908 1205 3977 κόσμῳ
1249 3910 1703 3977 προστετηκότες,
1733 3911 1828 3966 καὶ

255 3999 447 4069 πολλῷ
504 3998 666 4052 πλέον
716 3998 793 4069 τῷ
846 3999 966 4069 Θεῷ
1004 3999 1364 4072 δουλευόντων
1410 4015 1427 4030 ο
1455 4000 1589 4055 ἀλλά
1639 4002 1827 4071 μισθὸς

255 4093 450 4155 αὐτοῖς
477 4093 537 4144 τὸ
564 4091 768 4159 ἀλγείν’
802 4092 934 4162 ἡμῖν
968 4091 1024 4145 δὲ
1050 4091 1147 4146 καὶ
1174 4092 1236 4146 τὸ
1268 4093 1500 4163 πάσχειν
1531 4094 1822 4163 ἔμμισθον,

255 4188 391 4241 ὅταν
419 4185 506 4238 διὰ
541 4185 633 4238 τὸν
659 4185 791 4238 Θεδν
818 4182 1207 4254 καρτερῶμεν.

347 4279 439 4348 Μὴ
474 4276 759 4346 γενώμεθα
786 4276 962 4329 δοῦλοι
992 4274 1174 4337 κακοὶ,
1223 4274 1547 4343 ἀγαθύνοντι
1583 4275 1682 4344 μὲν
1711 4275 1824 4341 ἑξο-

260 4369 659 4442 μολογούμενοι
679 4368 756 4436 τῷ
781 4369 1025 4439 Δεσπότῃ
1049 4384 1062 4396 '
1096 4366 1403 4420 παιδεύοντι
1432 4366 1510 4430 δὲ,
1545 4370 1619 4437 μὴ
1652 4384 1823 4438 προσ-

2002 3337 2189 3395 Melior
2220 3341 2418 3398 lenitas
2439 3343 2735 3413 celeritate,
2760 3355 2815 3401 et
2842 3360 3141 3403 consensus
3171 3361 3333 3418 quam
3361 3363 3494 3405 con-

1928 3434 2190 3487 tumacia.

2002 3524 2140 3582 Utile
2170 3538 2254 3582 est
2285 3528 2566 3587 audaciam
2599 3530 3018 3588 mansuetudine
3038 3531 3280 3598 vincere,
3306 3542 3359 3588 et
3380 3549 3494 3589 me-

1928 3618 2087 3674 liores
2116 3620 2338 3675 reddere
2371 3622 2625 3690 injuriam
2653 3621 2930 3691 facientes,
2968 3640 3090 3697 quae
3142 3626 3302 3681 nobis
3326 3628 3492 3693 'infe-

1891 3782 1895 3785 _
1935 3718 2131 3764 runtur
2156 3712 2424 3781 patienter
2454 3712 2697 3768 ferendo.

1993 3800 2140 3857 Nihil
2171 3811 2253 3857 est
2280 3803 2472 3859 fortius
2504 3804 2569 3858 iis
2601 3805 2693 3874 qui
2717 3804 2863 3860 ferre
2891 3806 3071 3860 omnia
3102 3808 3273 3874 parati
3336 3818 3484 3865 sunt.

1995 3893 2185 3949 Dolent
2208 3897 2370 3949 etiam
2406 3896 2495 3964 qui
2530 3897 2645 3951 orbi
2676 3897 2912 3967 praefecti
2935 3907 3157 3963 sunt,ac
3186 3901 3353 3955 multo
3376 3916 3492 3956 ma-

1925 3986 2008 4056 gis
2036 4002 2197 4056 quam
2237 3986 2330 4057 qni
2363 3986 2471 4041 Deo
2494 3989 2758 4053 serviunt,
2791 3991 2883 4045 sed
2915 3990 3193 4059 prannium
3245 3992 3351 4048 illis
3406 4000 3491 4050 est

1926 4079 2079 4134 dolor
2115 4098 2129 4135 :
2159 4082 2319 4136 nobis
2351 4095 2477 4135 vero
2507 4081 2671 4135 etiam
2705 4084 2837 4152 pati,
2876 4098 2984 4140 non
3012 4095 3163 4142 caret
3216 4089 3490 4154 mercede,

1927 4172 2221 4225 dummodo
2256 4182 2477 4243 propter
2509 4172 2672 4227 Deum
2702 4175 2995 4244 patiamur.

1995 4261 2296 4317 Videndum
2324 4272 2407 4318 est
2435 4280 2503 4320 ne
2526 4266 2668 4320 servi
2731 4267 2855 4321 mali
2911 4269 3083 4325 simus
3117 4286 3133 4326 :
3162 4279 3216 4326 et
3260 4272 3490 4343 benigne

1925 4355 2143 4425 quidem
2173 4354 2393 4412 facienti
2428 4356 2656 4413 Domino
2689 4359 2874 4429 gratia:
2902 4375 2932 4414 a
2964 4361 3122 4418 nobis
3154 4372 3281 4417 sunt
3328 4354 3492 4435 agen-

259 4463 563 4532 τιθέμενοι.
594 4460 788 4513 Καίτοι
844 4458 973 4512 ποτὲ
1033 4461 1280 4528 κρεῖσσον
1303 4458 1489 4526 ὑγείας
1520 4461 1700 4526 πόνος,
1731 4460 1826 4515 καὶ

1949 4449 2007 4504 Ia:
2038 4466 2055 4516 ;
2083 4457 2138 4505 et
2160 4449 2462 4521 castigante
2491 4453 2651 4504 etiam
2683 4466 2767 4514 eo,
2789 4467 2895 4508 non
2918 4469 3054 4525 aegre
3074 4455 3351 4511 ferendum
3382 4468 3487 4517 est.

269 4550 524 4621 ὑπομονὴ
560 4549 820 4610 ἀνέσεως.
851 4548 943 4600 καὶ
978 4547 1268 4616 ἐπίσκεψις
1298 4547 1577 4616 ἀμελείας.

331 4730 500 4782 Οὐδὲν
531 4724 703 4790 οὕτως
748 4725 1064 4797 αἰδεσίμους
1117 4726 1283 4791 ποιεῖ,
1322 4725 1397 4790 ὡς
1435 4725 1828 4797 ὑϐριζομένους

258 4825 473 4892 φέρειν.

336 4914 605 4981 Καθάπερ
626 4911 738 4974 τοῖς
768 4910 1117 4980 μετανοοῦσιν
1157 4911 1190 4981 ὴ
1220 4909 1312 4963 τοῦ
1373 4910 1509 4965 Θεοῦ
1547 4911 1824 4983 μακροθυ-

263 5008 367 5078 μία
404 5007 706 5075 ὠφὲλιμος,
757 5002 903 5056 οῦτω
953 5004 1065 5066 τοῖς
1109 5002 1408 5065 ἀνενδότοις
1441 5004 1536 5057 καὶ
1569 5003 1827 5075 σκληροῖς

264 5099 531 5168 μειζόνων
562 5096 773 5164 γίνεται
808 5084 1083 5149 κολάσεων
1110 5095 1405 5165 πρόφασις.

340 5191 503 5250 Ἔθος
551 5190 627 5260 τῷ
666 5189 783 5258 Θεῷ
817 5188 891 5258 μὴ
939 5190 1002 5240 ὲκ
1052 5187 1354 5257 προοιμίων
1382 5188 1449 5240 τά
1480 5187 1628 5241 δεινὰ
1660 5203 1827 5241 κατα-

259 5286 436 5347 λύειν,
471 5282 583 5337 ὰλλ*
624 5284 750 5335 ὅταν
784 5282 1076 5353 κορυφωθῇ
1128 5281 1159 5351 ἢ
1196 5280 1427 5352 αὐξηθῇ,
1474 5284 1603 5335 ὅταν
1640 5280 1825 5349 σχεδὸν

264 5378 433 5449 μηδὲν
478 5374 897 5443 ὑπολελειμένον
1016 5374 1112 5443 τῆς
1162 5372 1271 5425 τῶν
1314 5374 1692 5443 πολεμούντων
1722 5390 1825 5427 κα-

268 5470 422 5535 κίας,
459 5470 584 5521 τότε
619 5466 830 5537 ἀθρόως
872 5466 1045 5519 πάντα
1082 5465 1406 5534 μεταϐάλλει
1441 5466 1532 5519 ἐπὶ
1560 5466 1619 5519 τὸ
1656 5465 1827 5539 γαλη-

262 5561 394 5626 νὸν,
443 5562 537 5615 καὶ
592 5559 729 5629 πρὸς
780 5556 1225 5627 ἀπροσδοκήτους
1277 5557 1427 5621 τινὰς
1462 5559 1826 5623 καταστάσεις

264 5654 406 5708 αὐτὰ
434 5653 775 5724 πραγμάτων
805 5652 952 5719 ἄγει.

342 5746 511 5799 Ὅταν
543 5762 626 5807 τις
675 5743 980 5815 ἐπηρεάζῃ,
1033 5740 1107 5812 μὴ
1152 5740 1288 5810 πρὸς
1320 5741 1486 5795 αὐτὸν
1515 5740 1653 5813 ἴδῃς,
1687 5742 1823 5797 ἀλλά

271 5837 413 5902 πρὸς
443 5836 533 5890 τὸν
569 5834 824 5891 κινοῦντα
852 5832 1100 5903 δαίμονα,
1135 5832 1230 5884 καὶ
1259 5831 1357 5899 τὴν
1390 5829 1557 5901 ὀργὴν
1602 5830 1823 5886 ἃπασαν

1928 4540 2135 4596 Etenim
2178 4550 2399 4612 praestat
2450 4541 2735 4612 aliquoties
2794 4545 3085 4599 valetudini
3136 4547 3379 4614 morbus,
3435 4560 3490 4605 et

1928 4632 2185 4704 patientia
2217 4634 2549 4698 remissioni,
2578 4643 2632 4689 et
2663 4635 2830 4689 animi
2865 4635 3092 4691 intentio
3124 4638 3484 4708 negligentiae.

1998 4722 2061 4779 S.
2086 4722 2360 4793 Chrysost.
2385 4721 2543 4779 Nulla
2576 4739 2661 4780 res
2682 4741 2833 4796 mque
2863 4726 2995 4782 facit
3022 4729 3375 4795 venerabiles,
3403 4739 3488 4789 at-

1927 4828 2029 4883 que
2051 4813 2302 4883 injuriam
2327 4816 2618 4871 sustinere.
3404 4887 3415 4900 θ

1998 4904 2459 4971 Quemadmodum
2491 4906 2884 4977 paenitentibus
2928 4908 3110 4964 divina
3142 4911 3359 4980 prodest
3414 4912 3488 4968 le-

1927 4998 2094 5058 nitas.
2125 4997 2205 5052 sic
2231 4996 2520 5052 obstinatis
2546 5007 2601 5053 et
2630 4988 3002 5068 pertinacﬁius
3029 5005 3275 5070 graviora
3336 5004 3489 5058 ali‘ert

1927 5089 2210 5159 supplicia.

1999 5180 2147 5236 Solet
2180 5182 2323 5238 Deus
2350 5197 2459 5236 non
2495 5197 2524 5236 a
2553 5182 2825 5254 principio
2877 5185 3020 5240 mala
3071 5196 3333 5252 avertere,
3390 5186 3483 5241 sed

1926 5289 2052 5328 cum
2081 5289 2251 5343 usque
2275 5275 2342 5329 ad
2368 5290 2637 5337 summum
2656 5276 2974 5334 venerintet
3026 5279 3309 5344 creverint,
3364 5293 3486 5332 cum

1928 5366 2038 5422 fere
2063 5367 2199 5420 nihil
2244 5366 2568 5421 intentatum
2591 5366 2757 5422 fuerit
2777 5369 2846 5423 ab
2872 5369 3149 5433 hostibus,
3168 5379 3276 5423 tum
3328 5369 3490 5424 simul

1928 5458 2107 5513 omnia
2136 5458 2190 5512 in
2241 5473 2506 5514 summam
2542 5460 2988 5530 tranquillitatem
3021 5459 3301 5524 convertit,
3329 5459 3490 5531 250

1927 5565 1992 5606 ac
2017 5560 2206 5620 praeter
2258 5553 2501 5607 omnium
2529 5553 2985 5623 exspectationem
3007 5567 3095 5607 res
3118 5552 3265 5623 ipsas
3286 5555 3489 5623 Optime

1928 5641 2211 5697 constituit
2235 5649 2288 5695 et
2310 5641 2509 5700 firmat.

1995 5731 2130 5787 Cum
2160 5732 2280 5803 quis
2327 5742 2377 5789 te
2421 5733 2663 5797 oll’endit,
2721 5734 2829 5789 noli
2879 5732 2947 5788 ad
2997 5734 3171 5803 ipsum
3224 5734 3490 5805 aspicere,

1929 5826 2022 5881 sed
2052 5825 2124 5882 ad
2157 5827 2449 5883 dcetnonem
2484 5826 2868 5897 impellentem,
2897 5834 2950 5885 et
2979 5827 3114 5885 iram
3151 5834 3314 5883 totam
3347 5829 3399 5883 in
3429 5828 3490 5884 il-
