3974 6552
513 392 646 456 1219

1743 385 2053 446 ANTONII
2094 386 2432 453 MELISSI‘E

3584 388 3719 454 130

503 520 611 567 Imn
644 508 923 572 etlandito,
956 507 1100 562 iliius
1126 514 1303 563 autem
1331 507 1587 563 miserere
1616 505 1708 575 qui
1742 521 1770 559 a
1808 506 2051 560 (tantone

2170 496 2281 559 ιαεὲ
2304 507 2513 560 ἐκείνου
2565 506 2801 561 κένωσον
2826 521 2842 539 σ
2872 507 3034 563 αὐτὸν
3081 505 3139 560 δὲ
3194 504 3287 559 καὶ
3316 504 3365 558 ι)
3378 503 3458 559 ἐει
3496 504 3592 559 τὸν
3626 506 3725 560 ὕπ’

502 605 812 675 impellitur.

573 699 691 753 Non
721 700 864 753 enim
897 699 1077 755 solum
1106 698 1228 750 dum
1269 692 1396 748 boni
1424 689 1625 759 aliquid
1660 688 1912 751 facimus,
1963 684 2056 740 sed

501 793 661 847 etiam
694 792 823 845 dum
859 792 981 845 mali
1011 790 1243 861 patimur
1295 784 1521 853 aliquid,
1585 795 1777 849 magna
1836 778 2055 848 pnemia

502 894 813 956 exspectare
847 884 1103 939 debemus
1134 898 1148 935 :
1177 882 1229 935 id
1263 879 1409 949 quod
1448 875 1617 930 Jobus
1669 873 1927 935 ostendit,
1964 871 2055 938 qui

504 996 569 1035 ex
602 978 757 1032 malis
784 976 1013 1031 etrebns
1028 973 1267 1029 adversis
1286 970 1454 1041 magis
1472 983 1635 1039 quam
1656 982 1687 1022 a
1711 974 1855 1020 recte
1878 963 2056 1029 factis,

504 1074 686 1128 clarus
718 1071 912 1127 evasit.

580 1166 735 1221 Nulla
766 1163 1003 1233 profecto
1040 1176 1125 1215 res
1153 1170 1257 1223 est,
1291 1169 1412 1226 quae
1455 1164 1563 1208 tam
1625 1148 1945 1217 splendidos
1984 1145 2063 1200 ef-

506 1260 653 1314 ficiat
680 1267 731 1312 et
762 1254 1059 1310 imitatione
1084 1252 1297 1321 dignos,
1334 1263 1395 1302 ac
1444 1246 1600 1301 bonis
1652 1251 1707 1299 et
1764 1238 2061 1297 commodis

507 1351 705 1405 aﬂiciat
727 1346 1046 1411 innumeris,
1078 1357 1241 1413 quam
1272 1338 1450 1395 multae
1470 1347 1522 1393 et
1545 1337 1711 1390 varia
1736 1332 2062 1388 tentationes

507 1452 561 1497 et
591 1439 932 1503 aﬂlictiones‘,
963 1435 1223 1507 pericula,
1264 1432 1506 1493 labores,
1539 1427 1776 1483 tristitiae
1799 1432 1853 1479 et
1882 1423 2060 1478 conti—

507 1546 695 1591 nenter
722 1534 933 1590 insidiis
962 1530 1137 1602 appeti
1161 1528 1242 1584 vel
1258 1528 1323 1582 ab
1342 1528 1406 1581 iis
1428 1525 1520 1596 qui
1538 1522 1756 1577 minime
1772 1518 2057 1582 debebant,

504 1632 598 1686 sed
630 1630 811 1684 omnia
842 1626 1035 1681 leniter
1060 1623 1223 1677 ferre.

576 1718 848 1790 Quidquid
882 1717 1026 1772 enim
1055 1728 1083 1767 a
1107 1723 1427 1784 quocunque
1451 1707 1646 1776 injuste
1678 1703 1935 1773 patimur,
1968 1704 2062 1753 aut

506 1816 573 1868 ad
596 1820 945 1883 peccatorum
974 1805 1347 1861 remissionem
1398 1799 1541 1853 Deus
1589 1796 1749 1851 nobis
1804 1794 2059 1862 injuriam

505 1908 649 1962 illam
679 1906 933 1975 imputat,
968 1908 1057 1952 aut
1087 1897 1150 1950 ad
1212 1892 1484 1949 mercedis
1539 1887 2055 1943 rentunerationem.

573 1999 671 2065 Qui
703 1995 988 2051 meditatas
1014 1992 1171 2044 habet
1187 1986 1530 2047 aﬂlictioues,
1554 1996 1660 2036 non
1677 1979 1916 2035 fastidiet
1935 1992 2056 2034 cum

504 2092 859 2160 Opprimetur.

577 2182 632 2237 S.
673 2178 809 2241 Nili.
837 2176 1191 2232 Contemnere
1220 2180 1273 2225 et
1330 2168 1473 2223 nolle
1529 2166 1638 2236 pati
1701 2162 2035 2219 calamitates

506 2288 711 2342 magnae
734 2281 790 2325 et
816 2268 974 2323 variat
995 2273 1077 2320 est
1101 2260 1424 2331 insipientia:
1453 2257 1751 2329 proprium.

578 2366 913 2437 Pythagora.
964 2360 1204 2429 Magnam
1236 2369 1355 2409 eam
1416 2352 1660 2421 peritiam
1718 2346 2047 2413 existimato,

507 2474 600 2529 per
624 2470 788 2526 quam
825 2452 965 2507 ferre
993 2448 1166 2519 possis
1198 2445 1546 2514 imperitiam.

573 2544 837 2616 Glyconis.
872 2540 1028 2596 Notio
1051 2538 1143 2595 Dei
1176 2552 1266 2606 per
1293 2534 1563 2591 lenitatem
1578 2541 1630 2586 et
1646 2529 1985 2585 clementiam
2007 2528 2062 2584 in

508 2640 752 2692 homines
774 2633 1102 2689 declaratur.

576 2727 878 2785 Metrodori.
898 2725 1063 2796 Spera
1072 2740 1125 2778 re
1142 2736 1245 2776 non
1258 2720 1420 2776 debes
1435 2727 1494 2774 ut
1505 2734 1565 2773 ea
1578 2734 1698 2789 qua:
1712 2718 1869 2786 fiunt,
1885 2724 2065 2789 quem‘

507 2822 792 2876 admodum
849 2818 986 2871 velis
1043 2814 1175 2869 ﬁant
1239 2831 1254 2868 :
1317 2812 1411 2868 sed
1460 2812 1918 2884 quemadmodum
1977 2826 2063 2866 res

508 2915 638 2985 ipsa:
662 2910 931 2972 accidunt,
965 2908 1035 2961 ita
1070 2906 1314 2975 accipere
1338 2904 1522 2958 debes.

575 3002 805 3071 Joseplti.
833 2999 977 3053 Nihil
1030 3006 1136 3049 tam
1186 2996 1368 3066 plagas
1424 2993 1699 3063 reprimit,
1756 3008 1917 3063 quam
1971 3008 2065 3050 eas

508 3097 648 3151 ferre
676 3113 689 3147 :
716 3104 768 3148 et
799 3092 1049 3160 injuriam
1078 3086 1451 3156 accipientium
1472 3084 1727 3154 patientia
1750 3087 1934 3154 quieta
1983 3087 2067 3141 in-

504 3184 703 3253 iuriam
742 3180 1069 3237 facientibus
1097 3177 1353 3247 pudorem
1380 3174 1553 3229 aﬂ'ert.

889 3288 1118 3348 saeuo
1168 3286 1687 3362 xctpLLxxnu.

614 3387 691 3442 De
738 3404 839 3441 non
868 3384 1183 3455 patientibus
1218 3391 1265 3436 e:
1296 3382 1472 3435 animo
1498 3398 1659 3451 parvo
1694 3381 1956 3450 praeditis.

577 3546 850 3602 Salomon.
888 3542 1057 3598 Parvo
1089 3541 1266 3595 animo
1290 3537 1547 3611 praeditus
1590 3539 1745 3595 valde
1790 3547 1880 3594 est
1922 3539 2059 3596 insi-

508 3640 681 3711 piens.

576 3729 756 3786 Animi
784 3728 959 3782 virum
1009 3724 1219 3793 angusti
1250 3725 1373 3795 quis
1404 3723 1540 3778 ferat
1568 3722 1593 3776 ἲ

581 3825 750 3885 Eccli.
779 3838 836 3877 ιι.
874 3821 966 3876 Va:
993 3822 1146 3875 vobis
1194 3820 1284 3888 qui
1334 3820 1648 3889 patientiam
1700 3817 2012 3888 perdidistis
2046 3820 2061 3873 ἰ

508 3918 637 3988 quid
675 3915 881 3972 facietis
904 3928 1023 3969 cum
1050 3912 1308 3967 Dominus
1336 3910 1403 3965 ad
1433 3925 1517 3965 res
1560 3908 1927 3982 inspiciendas
1969 3926 2060 3968 ve-

511 4010 621 4063 ttiet
655 4008 679 4061 ἲ

576 4100 635 4156 8.
660 4098 867 4154 Basilii.
888 4097 943 4153 Si
971 4095 1220 4152 irasceris
1242 4091 1584 4159 convicianti,
1607 4092 1849 4149 convicia
1876 4108 2070 4164 appro-

510 4194 666 4247 basti.
716 4191 852 4257 Quid
892 4189 1035 4244 enim
1070 4190 1149 4242 ira
1199 4182 1707 4258 insipientiusIS‘m
1748 4201 1876 4241 vero
1932 4186 2069 4240 nihil

509 4283 743 4339 moveris
764 4283 918 4348 iram,
951 4281 1200 4351 injuriam
1230 4278 1513 4335 facientem
1580 4277 1787 4348 pudore
1818 4276 2065 4345 aﬂ‘ecisti,

516 4379 695 4445 reipsa
748 4374 1155 4445 temperantiam
1178 4369 1556 4426 manifestans.

575 4468 927 4522 Evidenttbus
950 4462 1279 4533 argumentis
1305 4462 1564 4517 Dominus
1592 4472 1778 4518 noster
1794 4461 2070 4533 patientia:

2157 598 2362 651 ἐκείνου
2403 597 2742 667 κινούμενον.

2228 690 2301 742 Οὐ
2335 690 2443 757 γὰρ
2478 689 2538 741 τὸ
2584 689 2809 759 ποιῆσαί
2863 705 2915 741 τι
2968 688 3204 758 χρηστὸν
3246 689 3431 758 μόνον,
3463 688 3601 743 ἀλλὰ
3632 690 3725 747 καὶ

2156 781 2219 834 σεδ
2249 782 2443 835 παθεῖν
2474 798 2528 834 τι
2558 782 2727 835 κακδν
2787 782 2989 845 πολλὰς
3034 782 3147 851 ἔχει
3190 781 3291 847 τὰς
3316 780 3598 849 ιάμοιδᾶςσ
3634 782 3725 832 καὶ

2157 872 2426 928 δείκνυσιν
2459 873 2603 938 Ἰὼϐ,
2646 875 2756 927 ἀπὺ
2782 875 2891 927 τῶν
2923 875 3267 944 παθημάτων
3300 874 3511 944 μᾶλλον
3545 874 3578 944 ἢ
3616 874 3725 927 ἀπὸ

2158 965 2269 1018 τῶν
2296 965 2738 1037 κατορθωμάτων
2770 967 3152 1037 εὐδοκιμήσας.

2232 1150 2396 1204 Οὐδὲν
2412 1151 2519 1218 γὰρ
2540 1149 2682 1203 οὕτω
2700 1150 2985 1222 λαμπροὺς
3012 1151 3159 1204 ποιεῖ
3182 1151 3275 1203 καὶ
3301 1148 3607 1218 ζηλωτοὺς,
3636 1148 3726 1199 καὶ

2167 1241 2378 1313 μυρίων
2425 1241 3037 1313 ἐμπίπλησιν-ἀγαθῶν
3060 1281 3077 1307 ,
3116 1240 3189 1305 ὡς
3226 1239 3555 1311 πειρασμῶν
3593 1240 3727 1308 πλῆ-

2163 1335 2277 1396 θος,
2311 1338 2402 1387 καὶ
2447 1334 2725 1399 κίνδυνοι,
2777 1338 2872 1389 καὶ
2905 1335 3082 1397 πόνοι,
3115 1336 3211 1387 καὶ
3254 1334 3511 1402 ἀθυμίαι,
3540 1334 3637 1385 καὶ
3670 1334 3726 1385 τὺ

2163 1427 2427 1496 διηνεκῶς
2489 1426 2979 1492 ἐπιϐουλεύεσθαι,
3035 1428 3133 1480 καὶ
3170 1427 3301 1498 παρ’
3354 1419 3435 1480 ὧν
3474 1424 3727 1494 οὐδαμῶς

2164 1520 2351 1591 ἐχρῆν,
2388 1520 2481 1573 καὶ
2520 1519 2713 1591 πράως
2744 1520 2960 1575 ἅπαντα
2988 1520 3199 1590 φέρειν.

2236 1706 2412 1774 Ὅπερ
2462 1704 2569 1775 γὰρ
2599 1703 2665 1757 ἂν
2716 1702 2975 1773 πάθωμεν
3007 1702 3206 1765 ἀδίκως
3245 1699 3381 1766 περ*
3406 1696 3659 1761 ὁτουοῦν,
3691 1696 3721 1766 ἢ

2166 1799 2248 1859 είς
2280 1797 2695 1865 ἁμαρτημάτων
2738 1796 2979 1851 διάλυσιν
3030 1798 3059 1849 δ
3102 1794 3233 1857 Θεὶς
3269 1794 3402 1862 ἡμῖν
3450 1791 3724 1859 λογίζεται

2164 1891 2265 1959 τὴν
2291 1889 2503 1944 ἀδικίαν
2530 1888 2770 1959 ἐκείνην,
2803 1888 2836 1958 ἢ
2872 1889 2953 1951 είς
2988 1885 3186 1955 μισθοῦ
3219 1886 3511 1939 ἀντίδοσιν.

2246 1981 2306 2037 '0
2334 1980 2723 2053 μεμελετηκὼς
2776 1980 3059 2035 θλίϐεσθαι
3110 1979 3233 2033 οὐδὲ
3284 1975 3721 2045 ἀποδυσπετήσει

2165 2076 2301 2143 πρὸς
2328 2074 2387 2127 τὸ
2418 2073 2719 2137 πιέζεσθαι.

2237 2168 2311 2221 Τὸ
2338 2168 2621 2235 ὀλιγωρεῖν
2653 2167 2749 2220 καὶ
2781 2168 2858 2239 μὴ
2882 2165 3065 2220 θελειν
3097 2165 3398 2234 ὑπομένειν
3433 2168 3722 2237 συμφοράς

2171 2260 2411 2330 μεγάλης
2442 2260 2538 2313 καὶ
2564 2259 2815 2327 ποικίλης
2852 2258 3170 2329 ἀφροσύνης
3210 2258 3367 2311 ῐδιον.

2235 2350 2499 2420 Μεγάλην
2528 2350 2775 2404 παιδείαν
2832 2350 3044 2419 νόμιζε,
3081 2350 3149 2405 δι’
3188 2344 3255 2422 ἧς
3282 2350 3505 2420 δυνήσει
3533 2350 3719 2419 φέρειν

2166 2443 2545 2498 ἀπαιδευσίαν.

2238 2535 2443 2598 nam;
2473 2535 2605 2589 Θεοῦ
2632 2534 2720 2589 διά
2745 2534 3125 2607 μακροθυμίας
3163 2535 3258 2587 καὶ
3287 2532 3600 2603 πραότητος
3643 2534 3717 2595 εἰς

2169 2627 2337 2699 ἀνδρα
2377 2627 2730 2698 γνωρίζεται.
3182 2612 3187 2621 ’

2237 2721 2329 2791 Μὴ
2359 2721 2509 2792 ζήτει
2541 2721 2790 2789 γενέσθαι
2819 2720 2889 2776 τά
2931 2720 3195 2791 γινόμενα
3224 2720 3301 2783 ὡς
3342 2717 3547 2784 θέλεις,
3593 2716 3722 2772 ἀλλά

2170 2812 2293 2867 θέλε
2338 2813 2415 2878 ὡς
2459 2811 2528 2868 ἂν
2564 2814 2635 2867 τά
2677 2813 2936 2884 γινόμενα
2960 2812 3203 2883 γίνηται.

2239 2992 2407 3047 Οὐδὲν
2459 2992 2601 3048 οὕτω
2644 2994 2746 3058 τὰς
2792 2992 3009 3065 πληγάς
3042 2992 3376 3057 ἀναστέλλει,
3410 2992 3491 3055 ὥς
3537 2992 3599 3045 re
3635 2992 3722 3060 φέ-

2175 3100 2309 3155 ρειν’
2360 3084 2460 3137 καὶ
2509 3084 2570 3138 τὸ
2622 3086 2733 3140 τῶν
2778 3086 3149 3157 ἀδικουμὲνων
3177 3084 3407 3157 ἡσύχιον
3458 3087 3575 3147 τοῖς
3603 3085 3717 3137 ἀδι-

2094 3208 2140 3268 c
2172 3175 2329 3231 κοῦσι
2358 3176 2566 3246 γίνεται
2597 3176 2885 3249 διατροπή.

2780 3295 2999 3350 ΛΟΓΟΣ
3051 3300 3110 3363 μ.

2164 3385 2305 3453 Περὶ
2347 3385 2469 3439 τῶν
2494 3384 2581 3455 μή
2626 3387 3071 3456 ὑπομενόντων,
3106 3387 3245 3443 ἀλλ’
3282 3387 3718 3460 ὁλιτοψυχούνο

2878 3473 3019 3512 των.

2248 3545 2596 3617 ὀλιγόψυχος
2635 3546 2847 3618 ίσχυρδς
2871 3547 3082 3618 ἀφρων.

2246 3723 2594 3794 Ὀλιγόψυχον
2623 3725 2789 3795 ἀνδρα
2816 3727 2899 3789 τίς
2925 3728 3137 3783 ὑποίσει
3172 3747 3187 3797 ;

2236 3816 2372 3871 Οὐαὶ
2414 3817 2543 3886 ύμῖν
2570 3819 2681 3883 τοῖς
2709 3819 3078 3874 ἀπολωλεκόσι
3109 3822 3207 3890 τὴν
3247 3822 3595 3894 ύπομοντήνί
3627 3825 3718 3877 καὶ

2165 3905 2223 3956 τί
2250 3905 2528 3975 ποιήσετε,
2556 3907 2683 3961 ὅταν
2712 3909 3109 3979 ίπισκέπτηται
3138 3911 3377 3982 Κύριοςς

2248 4084 2376 4139 Ἐἀν
2407 4085 2667 4158 ὀργισθῇς
2694 4088 2839 4143 κατὰ
2863 4088 2956 4143 τοῦ
2986 4089 3418 4161 λοιδορήσαντος,
3470 4094 3726 4149 ἐϐεϐαίω-

2169 4192 2264 4239 σας
2301 4176 2370 4229 τά
2401 4176 2601 4246 ὀνείδη.
2648 4177 2713 4230 Τί
2749 4178 2858 4249 γὰρ
2902 4179 3069 4251 ὀργῆς
3113 4181 3553 4254 ἀφρονέστερονς
3606 4186 3727 4239 Ἐὰν

2167 4268 2229 4322 δὲ
2256 4271 2443 4342 μείνῃς
2475 4271 2766 4342 ἀόργητος,
2796 4272 3039 4343 ᾔσχυνας
3071 4274 3161 4328 τὸν
3210 4275 3536 4347 ὑϐρίσαντα,
3586 4280 3726 4350 ἔργῳ

2167 4364 2267 4433 τὴν
2292 4363 2647 4436 σωφροσύνην
2672 4366 3100 4437 ἐπιδειξάμενος.

2238 4451 2317 4505 Δι’
2343 4454 2591 4523 ἐναργῶν
2615 4456 3030 4527 ὑποδειγμάτων
3070 4459 3098 4510 δ
3142 4457 3342 4526 Κύριος
3385 4459 3546 4530 ημῶν
3572 4462 3723 4512 imi-

512 4558 653 4610 viam
690 4557 851 4610 nobis
877 4553 1220 4617 monstravit,
1256 4552 1448 4607 leniter
1504 4563 1893 4621 mansueteque
1942 4566 2062 4622 per-

2170 4544 2353 4600 δευσεν
2395 4548 2546 4617 ἡμᾶς
2592 4548 2691 4619 τὴν
2736 4548 2835 4619 τῆς
2887 4549 3167 4621 ὑπομονῆς
3220 4551 3357 4615 ὁδὸν,
3399 4552 3593 4622 πράως
3635 4559 3721 4606 καί

507 4647 795 4700 cutientem
829 4643 1027 4706 ferens,
1060 4642 1302 4711 nihilque
1338 4656 1399 4696 se
1428 4654 1801 4695 commovens.
1825 4640 2065 4697 Elfector

508 4736 651 4788 enim
683 4733 803 4787 coeli
832 4740 1100 4801 terraeque
1132 4741 1187 4785 et
1216 4731 1480 4787 Dominus
1515 4730 1584 4784 ab
1610 4730 1864 4786 omnibus
1915 4747 2067 4787 crea-

512 4826 580 4880 tis
606 4822 933 4887 adorandus,
967 4824 1057 4891 qui
1089 4821 1242 4875 fulcit
1271 4821 1453 4877 omnia
1480 4820 1646 4876 verbo
1675 4822 1891 4879 virtutis
1930 4828 2064 4889 suae,

508 4932 629 4970 eum
654 4930 683 4969 ε
706 4930 813 4984 quo
832 4917 985 4985 alapa
1011 4930 1185 5011 cmpos
1209 4912 1403 4979 fuerat,
1438 4912 1851 4984 haudquaquam
1879 4916 2062 4971 vivum

510 5010 576 5061 ad
602 5005 757 5076 251
791 5004 1105 5061 inferendos
1126 5007 1439 5061 dehiscente
1483 5014 1627 5059 terra
1682 5004 1921 5073 demisit,
1969 5006 2064 5063 sed

515 5101 727 5154 monuit
754 5107 811 5152 et
833 5097 1041 5161 docuit,
1068 5098 1292 5153 dicens:
1336 5096 1427 5152 «Si
1459 5098 1605 5151 male
1657 5111 1779 5151 sum
1833 5097 2062 5164 locutus,

514 5198 713 5244 testare
743 5188 813 5243 de
840 5188 985 5242 malo
1020 5204 1034 5240 :
1060 5188 1143 5241 sin
1180 5197 1360 5242 autem
1390 5188 1545 5250 bene,
1578 5201 1679 5241 cur
1702 5202 1788 5243 me
1811 5188 1975 5244 caedis
2005 5190 2059 5243 τι

511 5281 569 5337 Si
603 5282 747 5336 enim
798 5278 1131 5336 assuefactus
1154 5277 1318 5332 fueris
1338 5281 1580 5332 omnium
1598 5289 1900 5348 postremus
1922 5294 2064 5346 esse,

512 5372 963 5443 quemadmodum
994 5376 1317 5441 praceptum
1364 5377 1446 5422 est
1488 5368 1722 5435 Domini,
1784 5386 2061 5440 nunquam

513 5450 899 5534 indignaberis,
930 5464 1085 5535 quasi
1116 5468 1305 5532 prazter
1319 5459 1633 5529 dignitatem
1663 5463 1758 5518 tibi
1786 5464 2064 5532 contingat

513 5558 734 5625 injuria.

584 5644 846 5716 Theologi.
881 5643 959 5700 Ex
986 5644 1051 5699 iis
1079 5642 1172 5713 qui
1203 5650 1502 5708 tentantur,
1527 5642 1617 5697 alii
1646 5642 1779 5696 mihi
1810 5642 2062 5698 ridentur

515 5738 569 5792 in
596 5752 800 5791 morem
830 5736 1227 5791 levissimorum
1249 5733 1553 5805 lapillorum
1577 5741 1633 5789 et
1661 5734 1905 5788 inanium
1934 5749 2064 5789 con-

512 5826 795 5882 chularum
824 5826 961 5896 rapi,
991 5841 1053 5881 ac
1079 5840 1147 5881 ne
1171 5825 1237 5883 ad
1266 5824 1649 5883 brevissimum
1680 5825 1896 5897 quidem
1917 5832 2061 5881 tem-

2166 4638 2435 4707 ἀκινήτως
2494 4638 2748 4710 ἐχόμενος
2800 4639 2895 4693 τοῦ
2950 4640 3263 4704 τύπτοντος.
3312 4642 3370 4697 Ὀ
3406 4643 3518 4713 γάρ
3565 4644 3718 4713 ούραο

2166 4728 2256 4783 νοῦ
2288 4729 2378 4783 καὶ
2405 4730 2507 4799 γῆς
2540 4730 2764 4801 ποιητὴς
2797 4734 2891 4785 καὶ
2929 4732 3226 4801 Δεσπότης,
3270 4732 3300 4786 δ
3346 4734 3499 4804 παρά
3548 4736 3719 4803 πάσης

2163 4823 2262 4891 τῆς
2294 4821 2525 4884 κτίσεως
2550 4824 3046 4894 προσκυνούμενος,
3074 4826 3101 4877 ὁ
3126 4826 3304 4897 φέρων
3331 4829 3402 4879 τά
3435 4829 3612 4881 πάντα
3644 4826 3716 4893 τῷ

2168 4913 2372 4983 ῥήματι
2404 4916 2505 4984 τῆς
2548 4913 2828 4985 δυνάμεως
2878 4915 3067 4982 αὐτοῦ,
3116 4916 3238 4986 οὐχί
3294 4916 3473 4980 ζῶντα
3510 4917 3711 4987 ἔπεμψε

2165 5004 2258 5056 τὸν
2283 5004 2591 5074 ῥαπίσαντα
2611 5007 2690 5066 είς
2718 5007 2810 5059 τὸν
2839 5005 2993 5078 ᾅδην,
3025 5006 3128 5076 τῆς
3158 5008 3259 5077 γῆς
3293 5008 3705 5079 ὑπορραγείσηςο

2165 5095 2280 5148 ἀλλ’
2306 5096 2576 5150 ἐνουθέτει
2602 5098 2697 5150 καὶ
2724 5099 2992 5164 ἐδίδασκε,
3031 5099 3227 5167 λέγων·
3260 5119 3279 5151 ι
3307 5100 3375 5154 Εί
3403 5084 3506 5171 μὶν
3541 5101 3705 5163 κακῶς

2165 5184 2421 5257 ἐλάλησα,
2451 5186 2799 5259 μαρτύρησον
2838 5191 2966 5260 περὶ
2989 5190 3081 5244 τοῦ
3118 5189 3314 5245 κακοῦ·
3342 5193 3390 5243 εί
3422 5193 3481 5245 δὲ
3516 5192 3701 5254 καλῶς,

2164 5279 2217 5331 τί
2253 5296 2320 5348 με
2349 5280 2523 5351 δέρεις
2550 5296 2568 5347 ;
2604 5298 2623 5330 ι
2673 5281 2798 5334 Ἐὰν
2828 5282 2938 5351 γὰρ
2968 5281 3188 5353 ἐθισθῇς
3233 5286 3451 5337 πάντων
3494 5285 3699 5354 ἔσχατος

2164 5364 2324 5435 εἶναι,
2370 5371 2509 5424 κατά
2536 5370 2635 5443 τὴν
2652 5372 2868 5443 ἐντολὴν
2916 5372 3008 5427 τοῦ
3031 5375 3253 5444 Κυρίου,
3298 5375 3494 5429 οὔποτε
3544 5380 3695 5443 ἀγαν-

2162 5462 2439 5530 ακτήσεις,
2472 5462 2547 5527 ὡς
2590 5465 2718 5533 παρ’
2778 5464 2937 5529 ἀξίαν
2984 5466 3086 5530 τῆς
3116 5466 3323 5539 ὖσρεως
3362 5467 3690 5536 ἀπαντὼπης.

2229 5642 2351 5696 Τῶν
2377 5644 2783 5714 πειραζομένων
2810 5647 2860 5699 al.
2890 5647 2990 5716 μὲν
3020 5647 3242 5701 ἐδόκουν
3281 5665 3370 5715 μοι
3397 5647 3471 5708 ὡς
3497 5647 3558 5698 τὰ
3584 5658 3691 5696 κου-

2163 5734 2369 5802 φότατα
2396 5736 2491 5787 καὶ
2551 5734 2727 5789 ἅπνοα
2778 5736 2890 5789 τῶν
2935 5737 3244 5809 καχλήκων,
3286 5739 3381 5791 καί
3412 5739 3519 5790 τῶν
3547 5750 3691 5803 κηρυ-

2166 5827 2299 5881 κίων
2326 5827 2758 5898 παρασύρεσθαι,
2790 5832 2884 5883 καὶ
2915 5830 3034 5883 οὐδὲ
3064 5832 3261 5898 μικρὸν
3289 5829 3532 5901 ἀντέχειν
3566 5826 3682 5893 πρὸς
