3964 6544
275 384 404 451 12ὶί

1086 391 1254 453 LOCI
1293 392 1729 454 COMMUNES.
1767 392 2039 453 —PAllS
2071 394 2151 454 ΙῘ.
2194 396 2449 485 SERMQ
2484 396 2635 463 XCI.

3387 390 3522 455 1232

270 501 365 562 τὰς
392 499 657 575 ἐπηρείας
675 498 968 570 δυνάμενω
1003 501 1124 554 οὐδὲ
1151 502 1263 573 γὰρ
1289 501 1507 573 ἔχουσιν
1531 504 1590 557 ιν
1620 502 1830 565 ἑαυτοῖς
1856 552 1865 566 ,

1965 519 2035 559 ιιιε
2068 504 2331 560 insultum
2363 506 2638 561 sustinere
2671 519 2828 575 posse
2860 520 2875 557 :
2934 518 3113 573 neque
3168 501 3315 557 enim
3371 503 3427 555 in
3463 516 3524 553 se

272 590 612 660 στερρότητα
638 592 735 645 καὶ
764 592 929 663 βάρος
953 593 1215 662 λογισμοῦ
1245 594 1521 665 σώφρονος
1547 594 1641 648 καὶ
1668 612 1839 666 προσ.

270 683 559 737 πίπτουσιν
583 683 1002 748 ἀντιϐαίνοντος.
1022 687 1086 739 Oi
1114 687 1172 739 δὲ
1191 681 1355 741 ιείναι
1378 687 1579 755 πέτρα,
1610 688 1706 755 τῆς
1734 689 1834 740 πέ-

269 790 402 844 τρας
436 772 654 844 ἐκείνης
692 772 859 840 ἄξιοι,
897 774 982 840 ἐφ’
1010 767 1080 845 ἧς
1127 773 1469 845 βεϐήκαμεν,
1492 775 1591 827 καὶ
1632 773 1700 844 ἢν
1746 772 1841 826 λα-

270 863 559 935 τρεύομεν⁸
594 866 711 920 ὅσοι
741 865 1022 937 φιλοσόφῳ
1055 866 1331 937 χρώμενοι
1367 866 1643 937 λόγῳμώ⁵
1674 865 1843 936 ὑπερ-

276 957 679 1029 αναὸεὸηκότες
701 960 808 1027 τὴν
830 958 947 1013 τῶν
985 958 1198 1013 πολλῶν
1239 958 1627 1025 ταπεινότητα,
1660 957 1839 1011 πάντα

270 1051 532 1121 φέρουσιν
581 1049 850 1113 ἀσείστως
903 1053 998 1105 καὶ
1043 1051 1373 1114 ἀτινὼιτως,
1416 1051 1511 1103 καὶ
1543 1047 1836 1117 διαγελῶσι

273 1144 547 1215 lanuuii
582 1143 794 1198 δλεοῦσι
817 1143 947 1207 τοὺς
980 1143 1316 1213 σεωμένους,
1344 1142 1405 1197 τὸ
1432 1145 1531 1213 μὲν
1563 1143 1667 1196 ὑπὸ
1691 1141 1841 1210 φιλο-

273 1237 485 1305 σοφίας,
528 1237 588 1290 τὸ
617 1237 676 1291 δὲ
699 1237 805 1291 ὑπὸ
834 1237 1265 1308 φιλανθρωπίας.
1295 1237 1461 1291 Αὐτοὶ
1496 1236 1555 1290 δὲ
1578 1235 1688 1289 τῶν
1719 1237 1841 1288 αἰσ-

269 1327 420 1399 χρῶν
466 1328 706 1382 τίθενται
751 1328 965 1382 ἀπόντα
1024 1329 1125 1399 μὲν
1175 1329 1242 1382 τά
1277 1329 1423 1383 δεινά
1466 1328 1837 1397 περιφρονεῖν,

272 1420 478 1490 μᾶλλον
500 1420 555 1474 δὲ
584 1420 752 1491 μηδὲν
774 1419 1004 1483 οἴεσθαι,
1032 1420 1317 1489 παρόντων
1346 1420 1405 1474 δὲ
1431 1420 1723 1490 ἡττᾶσθαι,
1746 1418 1839 1471 καὶ

269 1512 447 1567 ταῦτά
480 1530 645 1568 τινων
688 1514 800 1567 τῶν
842 1513 1313 1585 παρερχομένων·
1348 1515 1443 1567 καὶ
1498 1512 1595 1567 τοῦ
1644 1512 1839 1584 καιροῦ

272 1606 375 1675 μὲν
402 1606 508 1672 ἔξω
538 1606 872 1675 φιλοσοφεῖν,
904 1606 961 1657 ὲν
991 1603 1049 1658 δὲ
1078 1608 1197 1669 ταῖς
1231 1603 1446 1674 χρείαις
1479 1603 1841 1673 ἀφιλοσόφους

271 1698 584 1766 φαίνεσθαι·
633 1699 824 1769 ῶσπερ
871 1698 945 1754 ἂν
991 1699 1046 1754 ει
1093 1716 1178 1762 τις
1228 1699 1423 1753 ἐαυτὸν
1470 1699 1679 1766 νομίζει
1730 1698 1840 1750 τῶν

269 1788 545 1860 ἀθλητῶν,
582 1790 719 1861 μηδὲ
744 1790 1092 1845 καταϐαίνων
1115 1791 1196 1856 είς
1224 1791 1286 1843 τὸ
1315 1791 1547 1857 στάδιον,
1571 1791 1605 1862 ἢ
1644 1788 1841 1857 κυϐερ-

1945 594 2227 664 possident
2256 596 2484 653 rationis
2517 604 2826 666 temperatze
2858 594 3183 647 soliditatem
3235 600 3289 647 et
3341 591 3521 661 gravi-

1947 696 2134 753 tatem,
2167 703 2287 757 quae
2311 690 2532 744 casibus
2565 687 2903 743 irruentibus
2959 687 3209 740 obsistat.
3242 685 3345 737 Alii
3397 698 3526 735 vero

1946 780 2157 836 similes
2190 782 2445 837 videntur
2476 792 2664 853 petra,
2697 782 2785 835 illa
2822 789 2971 850 petra
3006 780 3149 849 digni
3182 779 3235 832 in
3270 794 3375 847 qua
3409 788 3523 829 sta-

1942 888 2085 935 mus,
2116 890 2389 944 quamque
2417 875 2671 939 colimus,
2711 875 3028 944 quicunque
3052 872 3264 925 ratione
3311 876 3525 924 utentes

1942 964 2225 1031 sapientiae
2246 964 2511 1027 studiosa.
2541 966 2689 1035 vulgi
2719 965 2997 1019 excellant
3053 961 3436 1019 humilitatem.
3470 969 3524 1012 et

1941 1056 2120 1109 omnia
2155 1056 2340 1110 ferunt
2376 1072 2537 1121 aequo
2567 1058 2752 1110 animo
2810 1065 2864 1109 et
2924 1053 3181 1115 infracto,
3229 1068 3292 1107 ac
3348 1052 3526 1106 rident

1941 1148 2134 1217 magis,
2170 1164 2338 1218 quam
2370 1150 2702 1205 miserentur
2741 1149 2901 1214 alios,
2932 1151 3025 1221 qui
3054 1155 3322 1202 vexantur
3350 1161 3369 1197 :
3394 1143 3524 1197 illud

1941 1255 2037 1310 per
2071 1241 2496 1309 philosophiam,
2534 1243 2634 1296 hoc
2663 1256 2792 1294 vero
2825 1256 2919 1309 per
2967 1240 3379 1296 humanitatem.
3422 1237 3523 1305 ipsi

1940 1340 2119 1385 autem
2140 1340 2295 1402 turpe
2312 1334 2644 1400 existimant,
2659 1350 2782 1404 quae
2798 1335 2993 1388 absunt
3015 1333 3252 1401 pericula
3283 1339 3526 1384 eontem-

1943 1437 2071 1475 nere
2101 1432 2154 1476 et
2188 1424 2343 1477 nihili
2368 1426 2667 1487 astimare.
2726 1424 3086 1494 praesentibus
3142 1420 3412 1491 superari.
3472 1426 3526 1472 et

1943 1515 2242 1582 praesertim
2278 1517 2764 1583 praetereuntibus:
2791 1527 2844 1571 et
2869 1518 3046 1570 nonin
3077 1524 3318 1582 tempore
3353 1512 3528 1581 philo-

1943 1607 2188 1675 Sophari,
2218 1607 2273 1659 in
2302 1605 2426 1675 ipso
2469 1617 2649 1662 autem
2712 1626 2813 1663 usu
2864 1607 3225 1678 philosophiae
3273 1613 3524 1675 expertes

1943 1696 2296 1765 deprehendi,
2333 1708 2599 1766 tanquam
2629 1702 2673 1754 si
2705 1703 2831 1770 quis
2862 1716 2920 1754 se
2955 1700 3085 1753 velit
3118 1698 3374 1752 athletam
3426 1712 3522 1751 ox-

1946 1789 2203 1853 istimari,
2239 1791 2333 1860 qui
2376 1806 2650 1859 nunquam
2690 1794 2743 1846 in
2778 1793 3011 1847 stadium
3039 1790 3403 1848 deScenderit,
3430 1798 3524 1842 aut

270 1882 443 1951 νήτην
476 1883 585 1936 τῶν
614 1884 939 1954 εὐδοκίμων,
973 1886 1037 1938 ἐν
1061 1883 1163 1954 μὲν
1192 1885 1312 1946 ταῖς
1343 1882 1545 1945 εὐδίαις
1568 1884 1634 1951 τῇ
1670 1880 1836 1951 τέχνη

1965 1882 2213 1951 :gregium
2249 1881 2664 1952 gubernatorem
2700 1886 2789 1953 qui
2823 1885 2876 1937 in
2954 1885 3244 1938 serenitate
3300 1896 3524 1951 magnos

271 1976 808 2047 μεγαλοφρονοῦντα,
842 1980 900 2033 ἰν
924 1978 984 2032 δι
1011 1979 1132 2041 ταῖς
1179 1976 1373 2043 ζάλαις
1420 1973 1675 2046 μεθιέντα
1707 1974 1836 2038 τοὺς

271 2069 495 2135 οίακας.

341 2165 420 2217 Τὸ
445 2164 731 2236 ὀλιγωρεῖν
760 2167 861 2221 καὶ
892 2165 969 2235 μὴ
1015 2163 1195 2219 θέλειν
1225 2163 1520 2232 ὑπομένειν
1549 2160 1839 2232 συμφορὰς

270 2259 521 2329 μεγάλης
548 2264 647 2313 καὶ
678 2259 931 2330 ποικίλης
951 2242 1272 2327 ἀφροσύνης
1309 2256 1465 2311 ῐδιον.

868 2351 1093 2407 ΛΟΓΟΣ
1126 2353 1243 2419 ιε’.

446 2446 587 2517 Περι
614 2448 919 2512 πολιτείας
946 2445 1179 2518 σεμνῆς
1212 2446 1309 2501 καί
1333 2443 1635 2511 ὑπακοῆς.

358 2542 659 2599 Ἠκούσατε
692 2544 773 2598 ὅτι
806 2543 1010 2616 ιρρέοη
1048 2545 1163 2606 τοῖς
1201 2542 1487 2611 ἀρχαίοις·
1532 2537 1843 2611 Ὀφθαλμὸν

267 2637 399 2691 ἀντὶ
439 2636 740 2707 ὀφθαλμοῦ,
779 2637 873 2690 καὶ
905 2636 1095 2689 ὀδόντα
1146 2634 1264 2687 ἀντὶ
1316 2632 1547 2696 ὀδόντος.
1588 2630 1731 2698 Ἐγῶ
1784 2630 1841 2683 δὶ

267 2732 423 2800 λέγω
450 2732 598 2802 ὑμῖν,
632 2731 707 2801 μὴ
748 2730 1064 2798 ἀντιστῆναι
1111 2728 1191 2797 τῷ
1221 2725 1448 2798 πονηρῷ
1474 2741 1489 2757 ο
1530 2723 1647 2778 ἀλλ’
1691 2724 1841 2788 ὅστις

269 2842 336 2877 σε
371 2824 591 2891 ῥαπίσει
646 2825 729 2887 είς
774 2825 875 2891 τὴν
901 2820 1083 2887 δεξιὰν
1128 2820 1379 2888 σιαγόνα.
1411 2817 1643 2887 στρέψον
1692 2816 1841 2886 αὐτῷ

270 2920 376 2971 καὶ
408 2917 511 2985 τὴν
531 2916 697 2987 ἀλλην
719 2932 737 2946 ⁸
772 2916 867 2969 καὶ
889 2914 964 2985 τῷ
997 2914 1206 2967 θέλοντί
1236 2930 1319 2966 σοι
1348 2911 1605 2979 κριθῆναι
1629 2911 1724 2964 καὶ
1749 2909 1846 2963 τὸν

269 3008 483 3080 χιτῶνά
512 3026 607 3064 σου
660 3008 845 3061 λαδείν
878 3006 1014 3075 ἄφες
1046 3003 1195 3074 αὑτῷ
1239 2996 1334 3057 καὶ
1370 3002 1432 3056 τδ
1464 3002 1717 3073 ίμάτιονο
1748 3003 1844 3055 καὶ

228 3150 231 3163 ,
271 3103 431 3166 ὅστις
479 3118 538 3154 σε
589 3100 922 3170 ἀγγαρεύσει
972 3099 1150 3168 μίλιον
1183 3097 1262 3159 ἓν,
1299 3095 1478 3163 ῦπαγε
1526 3094 1647 3165 μετ’
1675 3094 1845 3147 αὐτοῦ

1939 1976 2009 2029 ob
2026 1983 2198 2028 artem
2219 1973 2323 2027 sibi
2348 1984 2530 2029 sumat
2557 1974 2810 2044 spiritus,
2852 1974 3327 2045 intempestatibus
3343 1983 3522 2029 autem

1939 2068 2305 2137 gubernacula
2329 2067 2568 2122 deserat.

2009 2157 2290 2227 Proprium
2309 2169 2392 2214 est
2420 2157 2649 2229 insignis
2679 2159 2943 2219 stultitim,
2967 2156 3229 2213 adversas
3248 2171 3337 2211 res
3358 2154 3510 2227 parvi

1940 2248 2206 2315 facere,ct
2236 2251 2376 2307 nolle
2400 2267 2523 2306 cum
2546 2253 2801 2307 accidunt
2824 2255 2953 2321 pati.

2407 2343 2639 2399 SERMO
2693 2343 2801 2399 xc:
2827 2345 2924 2416 [aL
2946 2343 3033 2416 σε.

2120 2434 2194 2490 De
2251 2437 2519 2504 republica
2565 2440 2805 2504 honesta,
2859 2450 2908 2493 et
2943 2439 3009 2492 de
3034 2437 3347 2492 obedientia.

2015 2528 2207 2581 Matth.
2246 2545 2298 2583 ν.
2328 2531 2570 2585 Audistis
2632 2534 2835 2584 dictum
2887 2546 3013 2584 esse
3061 2528 3300 2598 antiquis
3340 2524 3525 2581 :Ocu-

1942 2623 2055 2676 lum
2089 2637 2191 2693 pro
2220 2622 2399 2687 oculo,
2428 2633 2481 2676 et
2514 2623 2731 2678 dentem
2762 2638 2859 2689 pro
2901 2622 3083 2676 dente.
3115 2624 3183 2691 At
3238 2635 3337 2690 ego
3394 2619 3520 2672 dico

1943 2715 2116 2776 vobis,
2140 2730 2246 2767 non
2284 2730 2404 2769 esse
2437 2716 2580 2770 malo
2612 2715 3014 2779 resistendum;
3047 2715 3140 2767 sed
3166 2712 3260 2783 qui
3309 2712 3521 2780 alapam

1945 2806 2038 2860 tibi
2073 2808 2362 2866 incusserit
2388 2808 2441 2861 in
2468 2809 2661 2861 malam
2698 2808 2969 2869 dextram,
3032 2806 3303 2859 obvertito
3354 2805 3403 2857 ci
3463 2814 3517 2856 et

1943 2897 2168 2951 alteram
2201 2912 2217 2963 ;
2250 2897 2553 2967 volentique
2583 2906 2764 2951 tecum
2799 2908 3011 2951 certare
3047 2907 3099 2951 et
3134 2896 3377 2949 tunicam
3424 2908 3529 2947 au-

1947 2990 2087 3043 ierre
2130 3000 2295 3053 tuam,
2331 2989 2583 3059 permitte
2610 2999 2664 3042 et
2696 2989 2915 3057 pallium
2949 3005 2963 3045 :
2993 2998 3048 3042 et
3084 2988 3128 3041 si
3164 2988 3285 3054 quis
3319 2998 3369 3039 te
3396 2989 3525 3039 ade-

1947 3080 2087 3149 gerit
2120 3080 2197 3133 ire
2238 3080 2449 3134 miliare
2478 3094 2667 3139 nutum,
2701 3094 2827 3132 cum
2860 3095 2927 3133 eo
2984 3078 3093 3132 duo
3153 3065 3404 3146 pergito:
3440 3090 3530 3143 pe-

273 3195 377 3249 δύο
404 3210 422 3225 ο
450 3194 530 3263 τῷ
574 3191 814 3247 αἰτοῦντί
846 3210 909 3245 σε
941 3192 1107 3254 δίδου,
1140 3192 1235 3245 καὶ
1263 3188 1343 3261 τῷ
1365 3189 1574 3242 θέλοντι
1606 3188 1715 3241 ἀπὸ
1750 3185 1847 3241 σοῦ

1965 3174 2082 3229 .enti
2119 3188 2151 3224 ε
2178 3183 2230 3226 te
2262 3173 2410 3237 dato,
2446 3180 2502 3226 et
2537 3171 2809 3225 volentem
2839 3171 2935 3225 abs
2958 3178 3010 3225 te
3034 3180 3287 3223 mutuum
3312 3182 3529 3222 sumere

272 3288 653 3355 δανείσασθαι,
683 3290 758 3358 μὴ
787 3288 1172 3358 ἀποστραφῇς.

368 3380 498 3435 Ἐάν
530 3378 615 3443 τίς
647 3396 714 3450 με
743 3379 956 3450 ἀγαπᾷ,
985 3379 1077 3431 τὸν
1108 3378 1264 3446 λόγον
1297 3394 1398 3446 μου
1455 3378 1710 3445 τηρήσει,
1750 3374 1847 3428 καί¹

274 3476 304 3529 ὀ
343 3474 537 3544 Πατήρ
566 3489 666 3542 μου
697 3473 975 3542 ἀγαπήσει
1018 3472 1199 3534 αὑτὸν,
1231 3472 1327 3525 καὶ
1356 3472 1493 3541 πρὸς
1516 3471 1678 3525 αὑτὸν
1699 3471 1848 3523 ἐλευ-

275 3565 511 3637 σόμεθα,
535 3567 631 3620 καὶ
672 3565 840 3635 μονὴν
872 3566 1007 3634 παρ’
1041 3563 1191 3634 αὐτῷ
1216 3565 1536 3634 ποιήσομεν.

355 3658 541 3713 Ταῦτα
563 3658 767 3711 ποιεῐτε
790 3658 956 3727 χωρὶς
981 3656 1309 3725 γογγυσμῶν
1331 3658 1424 3708 καὶ
1453 3652 1845 3725 διαλογισμῶν,

280 3751 459 3824 μηδὲν
488 3750 611 3805 κατ’
635 3750 903 3821 ἐριθείαν,
927 3749 960 3818 ἢ
995 3748 1321 3815 κενοδοξίαν.

353 3938 447 4007 Μὴ
478 3934 857 4006 γογγύζωμεν,
896 3932 1081 3996 καθώς
1112 3947 1256 3996 τινες
1288 3928 1468 3984 αὐτῶν
1509 3927 1842 3997 ὀγόγγυσαν,

278 4034 383 4086 καὶ
412 4029 697 4083 ἀπώλοντο
720 4027 824 4079 ὑπὸ
854 4026 949 4079 τοῦ
982 4025 1326 4097 ὀλοθρευτοῦ.

363 4126 425 4177 Al
456 4124 734 4192 γυναῖκες.
758 4119 1127 4173 ὑποτάσσεσθε
1159 4119 1273 4182 τοῖς
1300 4117 1583 4190 ἀνδράσιν,
1612 4116 1688 4181 ῶς
1718 4116 1851 4188 ἀνῆ-

278 4236 381 4273 κεν
420 4218 478 4269 ὲν
513 4214 728 4285 Κυρίῳ.
764 4212 829 4268 Οί
877 4211 1091 4283 ἄνδρες.
1125 4212 1375 4278 ἀγαπᾶτε
1408 4212 1506 4275 τὰς
1554 4212 1847 4279 γυναῖκας,

283 4310 386 4364 καὶ
440 4311 515 4378 μὴ
553 4305 919 4377 πικραίνησθε
953 4303 1088 4375 πρὸς
1135 4303 1325 4368 αὑτάς.
1358 4303 1440 4356 Τὰ
1468 4304 1657 4368 τέκνα,
1713 4303 1853 4356 ὑπα-

284 4401 483 4456 κούετε
516 4402 629 4463 τοῖς
662 4396 882 4465 γονεῦσι
914 4397 1057 4451 κατά
1110 4396 1318 4450 πάντα·
1352 4396 1509 4449 τοῦτο
1542 4395 1652 4464 γάρ
1704 4397 1851 4447 ἐστιν

286 4494 590 4564 εὐάρεστον
618 4491 699 4561 τῷ
752 4490 961 4561 Κυρίῳ.
993 4489 1053 4543 Οί
1085 4487 1341 4557 πατέρες,
1378 4489 1452 4559 μὴ
1481 4486 1755 4557 ιρεθίξετε
1783 4485 1853 4540 τά

1956 3282 2022 3322 ne
2047 3275 2352 3321 aversatur.

2023 3360 2235 3430 Siquis
2276 3375 2365 3414 ure
2392 3356 2587 3427 diligit,
2649 3369 2961 3411 sermonem
3020 3368 3201 3407 meum
3266 3351 3527 3413 servabit,

1953 3466 2008 3510 et
2040 3453 2200 3509 Pater
2231 3468 2385 3508 meus
2431 3451 2616 3520 diliget
2644 3460 2862 3517 eum,et
2890 3448 2956 3503 ad
2983 3462 3106 3503 eum
3138 3445 3440 3509 veniemus,
3477 3455 3533 3500 et

1954 3550 2091 3617 apud
2116 3562 2239 3601 eum
2270 3544 2628 3600 manebimus.

2028 3639 2263 3709 Philipp.
2301 3656 2366 3693 ιι.
2399 3638 2523 3692 Ha-c
2554 3638 2715 3693 facile
2739 3638 2857 3692 sine
2893 3632 3325 3689 murmuratione
3352 3630 3533 3685 etdis—

1955 3736 2258 3805 putatione,
2281 3733 2415 3788 nihil
2441 3748 2537 3803 per
2586 3730 3016 3794 contentionem,
3041 3737 3138 3782 aut
3167 3726 3385 3781 inanem
3416 3721 3531 3793 glo-

1876 3878 1879 3879 ,
1958 3827 2118 3880 riam.

2032 3919 2106 3973 Ne
2140 3931 2564 3979 niurtnuremus,
2589 3917 2729 3969 sicut
2754 3914 2978 3984 quidam
3005 3912 3225 3967 illorum
3288 3922 3532 3963 murmu-

1958 4022 2215 4065 raverunt
2257 4020 2314 4065 et
2339 4008 2529 4078 perditi
2549 4019 2675 4064 sunt
2706 4023 2734 4061 a
2768 4009 3049 4077 perdente.

2028 4098 2254 4162 Uxores,
2279 4100 2538 4167 subjectae
2567 4100 2700 4152 viris
2733 4108 2925 4159 estote,
2954 4095 3113 4151 sicuti
3135 4095 3288 4149 decet
3316 4100 3535 4161 propter

1961 4190 2421 4256 Dominum.Viri,
2452 4190 2662 4258 diligite
2691 4188 2852 4259 252
2872 4203 3092 4248 uxores.
3124 4202 3224 4241 nec
3251 4201 3378 4254 erga
3411 4184 3532 4237 illas

1959 4284 2139 4342 acerbi
2172 4285 2307 4341 sitis.
2336 4282 2533 4341 Liberi.
2561 4282 2775 4335 obedite
2806 4279 3122 4350 parentibus
3152 4279 3205 4332 in
3233 4276 3488 4331 omnibus
3514 4315 3530 4339 ,

1958 4380 2084 4451 quia
2124 4379 2229 4432 hoc
2274 4375 2502 4430 Domino
2532 4382 2842 4445 pergratum
2875 4381 2981 4428 est.
3014 4373 3223 4434 Patres,
3249 4370 3414 4423 nolite
3462 4368 3531 4423 li-

1958 4474 2122 4528 beros
2154 4479 2365 4525 vestros
2391 4467 2625 4531 irritare.
2656 4481 2724 4521 ne
2766 4466 2841 4519 illi
2866 4462 3233 4534 despondeant
3263 4463 3525 4515 animum.

281 4556 453 4640 τέκνα
477 4576 650 4653 ὑμῶν,
669 4556 769 4637 -τνα
804 4556 878 4653 μη
906 4556 1207 4648 ἀθυμῶσιν.
1234 4556 1296 4634 Οἱ
1321 4556 1525 4641 δοῦλοι,
1544 4577 1851 4632 ὑπακούετε

1965 4568 2130 4632 Seni,
2160 4565 2387 4635 subjecti
2415 4563 2653 4620 dominis
2676 4560 2893 4616 carneis
2926 4568 3124 4623 estote,
3152 4572 3259 4611 non
3291 4556 3357 4609 ad
3398 4568 3532 4609 ocu—

287 4676 439 4732 κατά
470 4677 577 4731 πάν
599 4678 781 4740 τατοῖς
800 4674 942 4729 κατὰ
957 4676 1137 4745 σάρκα
1166 4671 1483 4745 κυρίοις,μὴ
1511 4672 1633 4727 κατ’
1654 4672 1858 4742 ὀφθαλ-

291 4768 630 4840 μοδουλείαν,
691 4768 766 4831 ὼς
822 4766 1314 4837 ἀνθρωπάρεσκοι,
1362 4764 1477 4820 ἀλλ’
1509 4766 1567 4818 ὲν
1594 4765 1857 4833 ἁπλότητι

288 4861 541 4933 καρδίας.
578 4859 904 4930 φοϐούμενοι
958 4859 1049 4911 τὸν
1099 4858 1267 4911 Θεόψ
1323 4858 1421 4911 καὶ
1473 4859 1586 4911 πᾶν
1631 4856 1659 4909 ὅ
1691 4873 1745 4910 τι
1789 4855 1856 4910 ἂν

296 4957 513 5027 ποιῆτε,
542 4957 606 5009 ὲκ
628 4954 807 5025 ψυχῆς
829 4953 1153 5024 ἐργάζεσθε,
1184 4953 1261 5015 ὡς
1289 4951 1364 5022 τῷ
1401 4951 1612 5022 Κυρίῳ,
1637 4952 1732 5005 καὶ
1755 4949 1857 5003 οὐκ

291 5048 625 5120 ἀνθρώποις.
664 5048 866 5109 εἰδότες
909 5050 992 5102 ὃτι
1036 5047 1187 5116 παρά
1220 5043 1313 5100 τοῦ
1364 5043 1572 5113 Κυρίου
1620 5041 1856 5112 λήψεσθε

232 5174 249 5189 ι
290 5128 393 5212 τὴν
424 5139 780 5194 ἀνταπόδοσιν
822 5140 921 5209 τῆς
951 5139 1334 5211 κληρονομίας.
1367 5136 1430 5191 Ol
1463 5135 1665 5205 κύριοι,
1687 5133 1749 5188 τὸ
1781 5133 1856 5188 δί-

292 5224 449 5289 καιον
479 5235 571 5287 καὶ
596 5234 696 5303 τὴν
725 5232 946 5304 ίσότητα
972 5235 1086 5296 τοῖς
1111 5231 1314 5290 δούλοις
1338 5228 1626 5299 παρέχετε,
1660 5227 1859 5291 εἰδότες

294 5328 377 5381 ὅτι
407 5324 502 5379 καὶ
536 5323 693 5394 ὑμεῖς
718 5322 869 5393 ἔχετε
904 5321 1109 5394 Κύριον
1136 5321 1193 5375 ὲν
1210 5320 1484 5390 οὐρανοῖς.

373 5414 593 5469 ’Δδικον
630 5412 781 5467 οὐδὲν
815 5408 884 5484 ἦν
924 5413 982 5466 ἐν
1012 5411 1171 5484 χερσί
1201 5427 1324 5483 μου,
1376 5408 1513 5480 εὐχὴ
1537 5406 1594 5462 δέ
1630 5422 1734 5477 μου
1763 5422 1862 5459 κα-

301 5509 467 5577 θσρά.

375 5606 437 5659 Ol
471 5602 737 5675 ὀφθαλμοί
771 5617 864 5655 σου
892 5598 1029 5671 ὀρθὰ
1054 5596 1421 5667 βλεπέτωσαν,
1447 5592 1516 5647 τὰ
1534 5591 1592 5646 δὲ
1621 5588 1864 5663 βλέφαρά

308 5712 401 5749 σου
430 5696 633 5750 νευέτω
665 5693 870 5749 δίκαια.
1768 5687 1777 5695 ’

380 5789 477 5853 ’ος
506 5786 902 5857 ἀναστρέφεται
949 5784 1179 5854 ἄμωμος
1224 5782 1281 5838 ὲν
1314 5778 1653 5859 δικαιοσύνῃ,
1687 5791 1862 5848 μακα-

310 5880 453 5948 ρίους
480 5881 607 5946 τούς
629 5880 824 5943 παῖδας
853 5874 1191 5945 καταλείψει.

1959 4660 2070 4714 lum
2104 4659 2420 4721 servientes,
2452 4656 2609 4726 quasi
2643 4653 2735 4722 qui
2770 4651 3085 4707 hominibus
3142 4649 3356 4717 placere
3415 4654 3533 4701 stu-

1958 4751 2153 4815 deatis,
2178 4749 2275 4805 sed
2305 4748 2358 4803 in
2391 4746 2736 4817 simplicitate
2770 4743 2952 4799 cordis
2986 4741 3150 4796 Deum
3186 4748 3531 4795 metuentes:

1958 4852 2013 4899 et
2042 4841 2303 4913 quidquid
2340 4839 2538 4902 facitis,
2571 4838 2623 4892 id
2663 4852 2727 4892 ex
2765 4836 2952 4890 animo
3012 4833 3237 4902 exsequi
3290 4830 3528 4892 debetis,

1960 4937 2119 5007 quasi
2152 4936 2207 4990 iu
2244 4940 2537 5003 conspectu
2592 4928 2828 4992 Domini,
2887 4941 2992 4981 non
3044 4925 3348 4985 hominum.
3420 4938 3530 4977 non

1961 5028 2280 5098 ignorantes
2316 5024 2560 5077 futurum
2594 5036 2735 5082 esse,
2774 5028 2832 5075 ut
2867 5034 2895 5073 a
2931 5018 3160 5073 Domino
3210 5032 3530 5072 remunera-

1959 5122 2164 5176 tionem
2200 5115 2531 5172 haaredltatis
2563 5112 2833 5183 accepturi
2862 5112 3002 5167 sitis.
3036 5111 3189 5179 Quod
3229 5112 3435 5180 justum
3460 5117 3530 5178 κει

1958 5226 2174 5282 :rquum
2240 5216 2346 5274 est,
2396 5206 2625 5269 domini,
2683 5205 2857 5260 servis
2894 5206 3133 5270 tribuite,
3167 5203 3310 5274 quod
3341 5201 3533 5258 sciatis

1959 5320 2058 5361 vos
2091 5304 2292 5357 habere
2321 5299 2605 5354 Dominum
2638 5297 2691 5351 in
2739 5296 2913 5351 caelis.

2030 5393 2135 5448 Job
2171 5408 2322 5448 xm.
2353 5390 2601 5460 Iniquum
2648 5388 2783 5443 nihil
2816 5388 2920 5443 fuit
2974 5389 3024 5441 in
3080 5385 3336 5440 manibus
3372 5386 3528 5453 meis,

1962 5487 2205 5559 precatio
2255 5493 2433 5538 autem
2497 5497 2612 5536 mea
2638 5495 2791 5552 pura.

2035 5578 2193 5634 Prov.
2248 5592 2327 5630 tv.
2368 5573 2520 5629 Oculi
2554 5573 2629 5628 tui
2662 5579 2807 5628 recte
2848 5570 3137 5640 aspiciant,
3174 5581 3228 5626 et
3260 5572 3530 5643 palpebra

1968 5684 2073 5730 tua:
2093 5689 2247 5742 aequa
2283 5684 2493 5731 nutent.

2039 5768 2140 5835 Qui
2168 5769 2283 5824 sine
2312 5771 2733 5841 reprehensione
2763 5770 2819 5827 in
2853 5768 3066 5842 justitia
3095 5773 3361 5831 versatur,
3394 5764 3532 5819 libe-

1969 5875 2060 5921 ros
2089 5862 2358 5935 relinquet
2380 5864 2584 5919 beatos.
