3964 6566
433 387 566 452 129.3

1697 388 2020 453 ANTONII‘
2064 388 2403 450 MELISSE

3530 387 3668 454 1224

502 499 761 556 Senectus
779 512 1056 569 nonorata,
1085 518 1190 558 non
1213 518 1332 574 quae
1355 503 1557 560 multos
1597 502 1758 558 habet
1787 515 1983 564 annos,

2163 502 2343 572 Γῆρας
2391 501 2571 571 τίμιον
2607 502 2669 554 οὐ
2721 504 2782 555 τὸ
2839 502 3214 572 πολυχρόνιον,
3254 499 3378 556 οὐδὲ
3438 503 3667 574 ἀριθμῷ

428 608 527 670 nec
560 609 788 648 numero
818 609 1082 650 annorum
1116 598 1381 653 metienda
1437 607 1538 658 est.
1611 597 1705 652 sed
1755 597 1863 652 vita
1909 596 1992 650 in-

430 686 728 741 tamiuata.»

501 777 563 833 S.
586 778 796 834 Basilii.
831 779 1150 851 Facldiscas.
1183 796 1216 836 o
1241 781 1424 848 homo,
1454 796 1519 837 ac
1550 781 1796 838 docearis
1821 795 1988 836 evan-

429 870 653 940 gelicam
681 873 1168 936 conversationem,
1193 873 1468 929 oculorum
1491 873 1991 939 eruditionem,lin-

433 976 551 1030 gum
573 963 988 1028 continentiam,
1010 966 1254 1034 corporis
1296 966 1634 1033 servitutem,
1670 968 1836 1022 animi
1885 969 1990 1022 hu-

433 1053 735 1124 militatem,
753 1054 1037 1124 puritatem
1058 1057 1273 1121 utentis,
1290 1059 1382 1112 ira:
1395 1059 1832 1114 exstinctionem.
1855 1060 1990 1116 Cum

431 1123 635 1215 aliquid
686 1146 785 1201 abs
813 1155 863 1201 te
909 1146 1161 1214 exigitur,
1193 1150 1355 1204 etiam
1406 1150 1638 1220 amplius
1665 1153 1832 1208 adde:
1867 1169 1989 1208 cum

433 1236 716 1293 fraudatus
735 1237 926 1300 fueris,
951 1231 1230 1307 judicium
1250 1254 1319 1293 ne
1334 1242 1530 1311 petito:
1553 1242 1598 1297 si
1631 1252 1680 1298 te
1701 1244 1824 1312 quis
1854 1246 1990 1310 odit,

431 1337 642 1386 amato:
665 1328 709 1382 si
745 1330 1106 1400 persequitur,
1139 1330 1437 1387 sustinelo:
1463 1333 1508 1387 si
1538 1335 1802 1390 conviciis
1863 1351 1991 1406 pro-

429 1418 652 1480 scindit,
683 1419 988 1478 obsecrato.
1975 1424 1980 1429 ’

502 1509 725 1566 Factum
757 1514 982 1570 tacitum
1015 1515 1160 1572 dicto
1207 1527 1426 1588 praestat
1451 1517 1674 1576 iniecto.

502 1603 675 1660 Nemo
707 1605 824 1661 sine
844 1608 1060 1665 actione
1085 1611 1256 1666 adhuc
1287 1612 1546 1681 probatus
1569 1623 1672 1679 est,

499 1698 570 1750 At
603 1697 807 1768 absque
827 1699 1005 1755 verbis
1025 1710 1212 1772 argute
1232 1703 1456 1772 prolatis
1485 1720 1645 1774 quam
1679 1704 1918 1776 plurimi.

501 1787 620 1844 Non
640 1791 782 1845 enim
807 1792 1168 1861 loquentibus,
1197 1795 1290 1850 sed
1323 1805 1470 1851 recte
1497 1797 1801 1853 viventibus
1819 1797 1990 1867 gratia

1646 1886 1864 1960 [debetu
1875 1903 1920 1945 r.

511 1969 614 2025 Ubi
663 1985 756 2028 res
812 1971 941 2044 ipsae
967 1985 1302 2043 comparent,
1334 1976 1491 2049 longa
1537 1987 1876 2048 supervacua
1911 1987 2004 2034 est

431 2073 630 2116 oratio.

505 2153 568 2208 S.
601 2153 877 2226 Clirysost.
912 2153 1033 2211 Vita
1091 2159 1364 2229 potentior
1404 2161 1651 2215 oratione
1711 2160 2001 2228 verbisque

437 2263 649 2312 mores,
676 2259 728 2302 et
764 2263 988 2317 operum
1049 2249 1443 2308 demonstratio
1479 2253 1768 2309 verborum
1801 2255 2001 2311 doctri-

435 2354 520 2392 nae
541 2338 892 2408 praeponitur.

509 2428 736 2499 Philipp.
769 2446 844 2498 n;
877 2431 1025 2488 Psal.
1051 2450 1112 2490 ll.
1149 2434 1291 2492 Audi
1329 2434 1650 2507 Apostolum
1703 2437 1996 2505 dicentem,

439 2517 580 2573 Cum
605 2522 800 2576 timore
829 2531 880 2576 et
923 2533 1158 2579 tremore
1200 2537 1432 2581 vestram
1475 2528 1713 2596 ipsorum
1766 2530 1996 2585 salutem

437 2611 662 2667 eﬂicite:
694 2612 874 2667 omnia
901 2613 1060 2670 facile
1085 2617 1204 2671 sine
1244 2619 1763 2675 nturmurationibus
1784 2630 1836 2676 et
1883 2621 2000 2676 dis-

437 2685 830 2773 putationibus,
866 2715 922 2760 ut
952 2708 1075 2764 sitis
1124 2701 1400 2778 simplices
1433 2725 1498 2764 ac
1539 2710 1674 2766 tales
1703 2710 1772 2766 de
1795 2713 1997 2781 quibus

437 2795 694 2864 conqueri
732 2800 902 2865 possit
928 2813 1109 2862 nemo,
1141 2798 1234 2854 ﬁlii
1267 2801 1358 2854 Dei
1389 2802 1508 2856 sine
1547 2804 1995 2874 reprehensione.

439 2884 579 2948 Quin
624 2885 784 2940 etiam
814 2898 984 2948 ,vates
1023 2887 1212 2956 David,
1239 2891 1472 2959 Servite,
1506 2893 1706 2963 inquit,
1771 2894 2000 2950 Domino

438 2992 558 3029 cum
597 2987 762 3043 metu,
803 2981 930 3050 quia
954 2981 1152 3053 ubique
1175 2993 1259 3039 est
1290 2983 1454 3051 Deus,
1474 2987 1620 3042 audit
1651 2988 1856 3049 omnia.
1886 3003 2000 3042 om-

440 3071 528 3122 nia
558 3069 722 3136 videt,
769 3088 875 3127 non
903 3075 1062 3131 modo
1118 3091 1182 3132 ea
1216 3093 1336 3148 qua:
1381 3090 1616 3150 aguntur
1644 3090 1696 3136 et
1724 3081 1998 3146 dicuntur,

441 3177 626 3217 verum
645 3164 808 3220 etiam
839 3182 902 3221 ea
923 3167 1104 3223 oninia
1135 3185 1253 3239 quae
1284 3171 1336 3225 in
1370 3172 1626 3229 cordibus
1661 3167 1996 3237 volutantur,

2098 593 2236 647 ἑτῶν
2262 597 2560 665 μετρεῖται,
2583 594 2717 648 ἀλλά
2753 595 2865 665 βίος
2890 595 3239 665 ἀκηλίδωτος.

2175 774 2354 838 Μάθε,
2375 773 2654 843 ἄνθρωπε,
2684 773 2964 844 διδάχθητι
2989 773 3089 844 τὴν
3109 773 3481 845 εὐαγγελικην
3513 773 3667 828 πολιο

2097 868 2271 934 τιίαν,
2323 866 2619 938 ὀφθαλμῶν
2669 866 2982 939 ἀκρίϐειαν,
3008 865 3266 938 γλώσσης
3311 867 3666 937 ἐγκράτειαν,

2100 957 2352 1028 σώματος
2393 959 2786 1028 δουλαγωγίαν,
2839 959 3096 1031 φρόνημα
3120 959 3406 1023 ταπεινόν,
3453 961 3667 1023 ἑννοίας

2101 1049 2482 1120 καθαρότητα,
2544 1052 2718 1122 ὀργῆς
2793 1053 3122 1122 ἀφανισμόν.
3186 1050 3668 1123 ’Λγγαρσυόμενος

2098 1141 2258 1196 πλέον
2291 1143 2476 1206 ἐπίθες
2503 1183 2518 1206 ,
2549 1142 2909 1214 ἀπατώμενος
2939 1145 3016 1216 μὴ
3047 1145 3298 1211 δικάζου,
3331 1143 3671 1214 μισούμενος

2097 1232 2311 1299 ἀγάπα,
2342 1234 2665 1306 διωκόμενος
2705 1235 2923 1307 ἀνέχου,
2954 1236 3446 1308 βλασφημούμενος
3485 1253 3672 1306 παρα·

2095 1325 2273 1383 κάλει.

2241 1509 2490 1577 Ἀφωνον
2513 1507 2674 1578 ἔργον
2697 1511 2949 1578 κρεῖσσον
2977 1511 3256 1582 ἀπράκτου
3285 1511 3472 1580 λόγου.

2236 1598 2362 1653 Βίου
2399 1601 2500 1665 μὲν
2529 1600 2704 1664 οὐδείς
2739 1601 2950 1658 πώποθ’
2990 1603 3180 1674 ὑψώθη
3207 1604 3328 1674 δίχα
3353 1618 3368 1633 ⁶

2234 1694 2408 1760 Λόγου
2439 1693 2496 1748 δὲ
2522 1695 2705 1748 πολλοὶ
2733 1694 2830 1748 τοῦ
2855 1695 3035 1760 καλῶς
3069 1695 3441 1766 ψοφουμένου.

2238 1787 2315 1840 Οὐ
2343 1787 2453 1858 γὰρ
2480 1787 2808 1855 λαλούντων,
2839 1788 2899 1842 εὖ
2933 1787 3192 1856 βιούντων
3216 1789 3262 1843 δ’
3287 1792 3321 1861 ἡ
3354 1792 3543 1861 χάρις.

2751 1867 2762 1885 ⁸
2898 1865 3206 1951 (ΤΙιεοίοθί.)

2175 1971 2520 2041 Φαινομένων
2551 1972 2728 2043 ῐργων
2753 1972 3010 2038 περιττόν
3043 1975 3163 2027 ἐστι
3189 1973 3564 2044 μακρολογία.

2173 2155 2298 2220 Bia;
2349 2155 2510 2224 λόγου
2563 2154 2955 2221 δυνατώτερος.
2995 2156 3092 2211 καὶ
3149 2157 3346 2227 τρόποι
3375 2156 3670 2225 ῥημάτων,

2101 2248 2198 2301 καὶ
2233 2250 2266 2318 ἡ
2301 2249 2391 2303 διὰ
2425 2248 2532 2302 τῶν
2584 2248 2762 2320 ἔργων
2791 2247 3052 2314 ἐπίδειξις
3087 2250 3187 2320 τῆς
3215 2249 3307 2303 διὰ
3339 2248 3450 2303 τῶν
3492 2250 3667 2318 λόγων

2098 2339 2472 2404 διδασκαλίας.
3035 2375 3040 2380 -

2176 2435 2448 2489 ’Δκουσον
2495 2434 2588 2490 τοῦ
2622 2435 2947 2490 ’Δποστόλου
2996 2433 3246 2505 λέγοντος
3267 2449 3284 2467 ⁶
3355 2436 3510 2492 Μετά
3571 2435 3672 2502 φό-

2098 2526 2195 2580 σου
2241 2527 2335 2581 καὶ
2362 2527 2566 2596 τρόμου
2604 2526 2702 2598 τὴν
2750 2526 2962 2581 ἑαυτῶν
3001 2529 3281 2596 σωτηρίαν
3310 2525 3666 2596 κατεργάζιο

2107 2619 2201 2673 σθε
2225 2633 2240 2650 ⁶
2275 2619 2452 2675 πάντα
2475 2621 2677 2672 ποιεῖτε
2701 2621 2865 2688 χωρὶς
2895 2618 3225 2688 γογγυσμῶν
3270 2619 3366 2672 καὶ
3427 2617 3672 2685 διαλογιο

2107 2712 2286 2782 σμῶν,
2335 2713 2424 2766 ἵνα
2470 2713 2697 2781 γένησθε
2742 2712 3022 2782 ἄμεμπτοι
3064 2710 3160 2766 καὶ
3178 2711 3452 2782 ἀκέραιοι,
3504 2711 3672 2762 τέκνα

2097 2804 2231 2858 Θεοῦ
2291 2806 2586 2876 ἀμώμητοι.
2667 2803 2828 2858 Ἀλλὰ
2891 2807 2987 2860 καὶ
3043 2805 3074 2858 ό
3145 2803 3436 2866 θεσπέσιος
3505 2801 3673 2855 Διυῖδ

2098 2914 2264 2967 φησι·
2307 2897 2633 2951 Δουλεύσατε
2660 2897 2736 2967 τῷ
2791 2898 2981 2968 Κυρίῳ
3033 2898 3097 2950 ἂν
3149 2896 3319 2967 φόϐῳ.
3379 2893 3672 2964 [lautaon

2097 2988 2206 3060 γὰρ
2235 2987 2500 3059 πάρεστιν
2556 2991 2584 3044 ό
2613 2990 2766 3054 Θεδς,
2802 2990 2985 3044 πάντα
3026 2986 3238 3056 ἀκούει,
3265 2988 3444 3042 πάντα
3470 2987 3582 3057 δρᾷ
3611 2989 3672 3040 οὐ

2095 3081 2167 3135 τὰ
2195 3083 2544 3154 πραττόμενα
2583 3084 2748 3153 μόνον
2805 3084 2900 3137 καὶ
2934 3081 3223 3152 λεγόμενα.
3276 3079 3412 3135 ἀλλὰ
3467 3080 3667 3133 καὶτὰ
3715 3155 3720 3157 _

2097 3175 2156 3229 ιν
2184 3174 2431 3244 καρδίαις
2473 3173 2718 3238 ἅπαντα,
2749 3174 2846 3228 καὶ
2890 3173 2960 3228 τὰ
2991 3174 3051 3228 ιν
3082 3173 3160 3243 τῷ
3190 3171 3344 3242 βάθει
3375 3173 3481 3242 τῆς
3521 3188 3661 3242 καρι-

441 3254 524 3310 vel
561 3271 684 3325 qua
727 3267 854 3312 sunt
885 3259 937 3314 in
972 3261 1138 3316 fundo
1165 3264 1385 3320 cordis:
1411 3265 1525 3335 ipse
1577 3265 1722 3320 enim
1778 3276 1864 3322 est
1907 3283 2000 3322 cu-

2114 3267 2240 3324 Ξίας.
2275 3267 2536 3338 Κριτικὸς
2585 3267 2695 3337 γάρ
2727 3267 2875 3320 ἐστιν
2911 3265 3263 3338 ἐνθυμήσεων
3301 3266 3400 3320 καὶ
3450 3263 3668 3317 ἐννοιῶν

447 3347 733 3415 piditatum
785 3361 840 3408 et
883 3353 1269 3425 cogitationum
1324 3356 1697 3426 cordisjudex
1723 3367 1777 3422 et
1809 3359 2000 3430 cogni-

443 3448 549 3495 ων.

515 3533 675 3608 253
713 3533 771 3592 S.
833 3533 973 3592 Nili.
1007 3536 1486 3598 Praestantiaribus
1529 3541 1834 3614 subiectum
1879 3558 2004 3600 esse

448 3628 790 3684 utilissimum
846 3643 952 3688 est.

470 3733 477 3743 ·
521 3719 732 3775 ιηίίηἰια
761 3733 887 3777 sunt
919 3723 1059 3779 mala
1089 3740 1210 3794 quae
1237 3727 1638 3782 commaculant
1669 3729 1936 3793 animum,
1974 3743 2006 3784 a

447 3813 644 3881 quibus
665 3829 728 3869 ex
737 3817 954 3886 purgari
978 3825 1033 3871 et
1053 3818 1163 3873 elui
1189 3818 1412 3873 omnino
1435 3833 1541 3874 non
1575 3820 1732 3876 licet:
1759 3838 2010 3879 necessa-

356 3937 361 3946 -
449 3909 535 3961 rio
567 3905 709 3961 enim
753 3907 1130 3976 relinquuntur
1159 3910 1333 3964 cuivis
1359 3911 1570 3966 mortali
1630 3915 1838 3982 sordes,
1890 3930 2011 3985 qua

449 3999 679 4055 leviores
733 3997 847 4055 lieri
905 4013 1070 4070 posse
1137 4000 1409 4071 videntur,
1440 4005 1554 4061 tolli
1579 4018 1760 4064 autem
1786 4011 2009 4066 omnino

450 4104 560 4145 non
596 4101 841 4161 possunt.

525 4179 1053 4253 Obedientiajuncta
1100 4184 1450 4242 continentiae
1479 4186 1562 4242 vel
1594 4186 1799 4246 bestias
1854 4190 2010 4246 subi-

453 4276 548 4343 git.

900 4385 1131 4443 SERMO
1177 4387 1313 4444 xcn
1376 4386 1474 4461 [αι.
1504 4388 1591 4462 c1.

460 4502 530 4556 De
560 4502 828 4571 republica
847 4505 1210 4572 vituperanda,
1239 4514 1287 4556 et
1310 4503 1716 4557 inobedientibur
1746 4520 1809 4556 ac
1840 4506 2009 4560 rebel-

525 4574 686 4654 libus,
714 4573 874 4644 deque
927 4575 990 4628 iis
1019 4574 1107 4641 qui
1138 4573 1365 4627 moribus
1397 4574 1753 4640 improbandis
1794 4576 2010 4643 pra-diti
2039 4596 2084 4654 ι)

523 4652 671 4698 sunt.

528 4735 668 4803 Quia
694 4735 992 4791 noluerunt
1022 4749 1140 4789 mea
1171 4734 1325 4805 sequi
1370 4735 1616 4804 consilia,
1640 4737 1733 4793 sed
1769 4737 2010 4810 increpa-

424 4882 426 4884 ,
460 4831 634 4885 tiones
659 4841 808 4885 meas
842 4827 1172 4893 deriserunt,
1191 4827 1292 4882 viae
1305 4843 1416 4884 suae
1447 4826 1708 4888 fructibus
1740 4831 2008 4900 fruentur,

462 4930 517 4974 et
560 4917 950 4990 cupiditatibus
972 4916 1088 4975 suis
1113 4917 1488 4988 explebuntur.

533 5097 731 5154 larem.
773 5095 981 5168 Populo
1012 5093 1138 5150 huic
1187 5094 1292 5150 fuit
1327 5109 1421 5151 cor
1470 5095 1782 5153 inobediens
1825 5107 1879 5153 et
1930 5112 2013 5155 re-

470 5193 643 5247 helle:
674 5205 861 5247 omnes
922 5189 1288 5247 inobedientes
1338 5199 1466 5248 sunt
1505 5200 1560 5246 et
1609 5206 1707 5261 per
1764 5194 2012 5264 ambages

467 5285 859 5358 ingrediuntur.

537 5378 618 5434 Ad
663 5393 820 5448 quem
876 5377 1067 5450 loquar
1098 5388 1153 5448 et
1200 5379 1455 5442 testabor,
1517 5386 1572 5430 ut
1622 5375 1844 5432 audiat?
1880 5375 2015 5433 Ecce

473 5485 634 5524 aures
693 5485 880 5525 eorum
938 5471 1337 5528 incircumcisae
1404 5480 1552 5536 sunt,
1623 5485 1722 5524 nec
1791 5479 2017 5542 possunt

471 5562 680 5616 audire.
886 5549 890 5554 ’

544 5649 735 5716 Ειεείι.
769 5667 852 5708 ιιι.
884 5652 988 5718 Qui
1016 5651 1166 5707 audit
1195 5667 1303 5720 me,
1341 5654 1556 5719 audiat;
1586 5663 1640 5708 et
1668 5654 1759 5724 qui
1786 5669 1890 5711 non
1917 5669 2016 5725 pa-

475 5754 576 5806 ret,
625 5757 692 5798 ne
733 5753 940 5813 pareat.

545 5831 752 5889 Basilii.
781 5833 887 5891 Ubi
907 5832 1221 5900 inimicitiae,
1278 5833 1422 5903 lites,
1467 5836 1582 5900 irae.
1621 5837 2008 5902 contentiones.

2104 3359 2354 3433 καρδίας.

2180 3543 2255 3597 Τὸ
2296 3542 2686 3598 ὑποτάττεσθαι
2715 3543 2826 3607 τοῖς
2859 3541 3167 3613 κρείττοσιν
3211 3537 3664 3609 ὠφελιμώτατον.

2185 3725 2420 3794 Ἀπειρα
2469 3723 2538 3777 τά
2568 3720 3078 3793 καταρρυπαίνοντα
3109 3720 3210 3792 τὴν
3258 3719 3441 3791 ψυχὴν
3501 3721 3660 3782 κακὰ,

2107 3812 2252 3884 ἅπερ
2280 3811 2597 3882 ἐκνίψασθαι
2629 3813 2723 3866 καὶ
2775 3809 3176 3864 ἀπολούσασθαι
3210 3809 3520 3869 παντελῶς
3554 3809 3648 3860 οὐκ

2109 3906 2314 3960 ἔνεστιν
2332 3919 2348 3937 ο
2379 3903 2763 3958 ἀπολείπονται
2792 3904 2900 3973 γάρ
2924 3901 2984 3966 ἐξ
3011 3901 3257 3971 ἀνάγκης
3298 3903 3458 3954 παντὶ
3479 3899 3647 3970 θνητῷ

2109 3996 2300 4068 κῆρες.
2339 3997 2604 4066 Δωφῆσαι
2665 3995 2764 4067 μὲν
2812 3995 2922 4067 γὰρ
2977 3990 3153 4059 εἰκὸς,
3196 3993 3549 4065 ἀναιρεθῆναι
3601 3991 3656 4044 δὲ

2110 4089 2342 4157 εἰσάπαξ
2374 4089 2672 4160 ἀμήχανον.

2191 4179 2440 4252 Ὑπακοὴ
2503 4181 2643 4252 μετά
2699 4177 3021 4248 ἐγκρατείας
3078 4178 3377 4232 ὑποτάσσει
3421 4179 3515 4229 καὶ
3569 4178 3656 4246 θη-

2114 4276 2223 4346 pia.

2695 4388 2912 4441 ΛΟΓΟΣ
2948 4384 3064 4453 ιιΒ’.

2110 4487 2250 4556 Περὶ
2280 4485 2582 4551 πολιτείας
2625 4483 2874 4556 ψῃτῆς.
2921 4481 3019 4556 καὶ
3072 4477 3530 4556 ᾀνυποτὰκτωγί,
3563 4476 3654 4556 καί

2181 4547 2527 4624 ἆπόὸλητον
2558 4547 2952 4625 ’τὸ’ἦθοςί’καί
3001 4548 3142 4615 τοὺς
3189 4547 3445 4618 τρόπους
3491 4547 3655 4616 ἐχόν-

2179 4643 2316 4681 των.

2191 4738 2410 4809 Ἐπειδὴ
2464 4739 2562 4792 οὐκ
2615 4737 2806 4810 ἠθελον
2867 4737 3029 4806 ἐμαῖς
3084 4733 3375 4806 προσέχειν
3428 4732 3652 4804 βουλαῖς,

2110 4833 2482 4902 ἐμυκτήρισαν
2507 4831 2564 4884 δὲ
2605 4831 2771 4900 ἐμοὺς
2811 4829 3066 4898 ἐλέγχους
3085 4843 3105 4861 ο
3138 4825 3428 4896 τοιγαροῦν
3454 4824 3651 4879 ἔδονται

2111 4921 2208 4992 τῆς
2237 4921 2446 4975 ἑαυτῶν
2473 4920 2592 4976 ὀδοῦ
2615 4921 2742 4985 τοὺς
2770 4923 3036 4990 καρποὺς,
3065 4919 3160 4973 καὶ
3185 4918 3283 4989 τῆς
3317 4916 3528 4972 ἑαυτῶν
3546 4919 3649 4970 ἑπι-

2113 5012 2310 5083 θυμίας
2347 5012 2774 5084 πλησθήσονται.

2181 5106 2274 5176 Τῷ
2302 5105 2413 5174 λαῷ
2433 5105 2608 5177 τούτῳ
2631 5105 2861 5177 ἐγενήθη
2893 5105 3087 5176 καρδία
3116 5104 3349 5173 ἀνήκοος
3395 5104 3490 5156 καὶ
3514 5102 3628 5156 ἀπει
3690 5162 3701 5174 .

2115 5196 2212 5267 θής
2236 5212 2252 5228 ο
2284 5197 2482 5260 πάντες
2515 5197 2755 5267 ἀνήκοοι,
2788 5195 3142 5266 πορευόμενοι
3181 5194 3435 5255 σκολιῶς.

2183 5378 2328 5450 Πρὸς
2353 5380 2473 5433 τίνα
2497 5379 2713 5448 λαλήσω
2740 5383 2835 5434 καὶ
2864 5379 3351 5452 διαμαρτύρωμαι,
3384 5382 3478 5434 καὶ
3507 5379 3634 5434 ἀκού

2115 5487 2305 5539 σεται;
2347 5471 2477 5525 Ἰδοὺ
2509 5472 2858 5544 ἀπερίτμητα
2889 5473 2957 5526 τὰ
2981 5467 3094 5527 ὦτα
3122 5473 3328 5537 αὐτῶν,
3359 5476 3453 5526 καὶ
3477 5473 3533 5525 οὐ
3567 5472 3644 5525 δύ-

2115 5578 2301 5617 νανται
2339 5559 2578 5615 ἀκούειν.
2685 5561 2688 5565 ’

2201 5653 2260 5708 '0
2312 5654 2522 5708 ἀκούων
2555 5670 2658 5725 μου
2710 5654 2972 5720 ἀκουέτω,
3017 5655 3112 5709 καὶ
3153 5656 3180 5708 ό
3227 5653 3470 5708 ἀπειθῶν
3511 5653 3642 5705 amt-

2115 5746 2297 5802 θείτω.

2185 5838 2360 5895 Ὅπου
2394 5838 2600 5904 ἔχθραι,
2639 5837 2808 5903 έοεις,
2863 5837 3045 5902 θυμοὶ.
3100 5837 3469 5903 φιλονειγεῖαι,
3503 5834 3638 5901 θορύο
