3974 6562
149 809 184 821 ο

249 409 381 472 12Ῐ3

1074 417 1234 477 1.0(‘1
1282 422 1718 487 COMMUNES.
1751 452 1814 461 -·-
1849 429 2041 490 PARS
2073 432 2152 492 II.
2196 435 2452 496 SEBMO
2494 439 2658 498 XCV.

327 520 390 571 Ἢ
429 519 484 572 δὲ
519 521 723 592 ἀληθὴς
759 523 853 576 καὶ
883 526 1062 579 τελεία
1098 529 1314 599 ὑπακοὴ
1347 531 1453 582 τῶν
1487 533 1812 603 ὑποχειρίων
1843 542 1884 596 Α

248 613 385 680 πρὸς
421 614 512 665 τὸν
547 615 959 684 καθηγούμενον
994 620 1052 672 ἐν
1087 620 1260 691 τούτῳ
1294 622 1573 678 δείκνυται
1596 667 1609 691 ,
1648 628 1708 679 ὲν
1741 627 1819 696 τῷ

247 706 322 773 μὴ
357 705 516 774 μόνον
535 705 646 758 τῶν
666 707 883 760 ἀτόπων
906 709 1045 763 κατά
1069 711 1169 782 τὴν
1198 715 1514 786 συμϐουλὴν
1538 717 1635 770 τοῦ
1661 736 1823 788 προε-

247 798 451 860 στῶτος
479 799 804 866 ἀπέχεσθαι,
832 802 966 855 ἀλλὰ
998 804 1132 873 μηδὲ
1161 807 1300 860 αὐτὰ
1331 809 1398 862 τὰ
1426 810 1688 864 ἐπαινετά
1718 830 1822 880 χω·

194 941 198 947 .
243 887 330 956 ρἰς
369 894 468 960 τῆς
510 891 723 945 ἐκείνου
766 893 991 964 γνώμης
1033 900 1228 952 ποιεῖν.
1266 901 1330 952 Ἦ
1372 900 1480 970 γάρ
1523 905 1821 972 ἐγκράτεια

188 973 200 1042 ἓ

187 1045 199 1075 ι

243 984 342 1036 καὶ
377 987 528 1038 πᾶσα
564 986 597 1054 ἠ
635 988 923 1058 σωματικὴ
985 991 1329 1044 κακοπάθεια
1376 994 1511 1062 πρός
1539 1011 1592 1046 τι
1628 997 1823 1064 χρησί-

245 1092 365 1143 μως
395 1075 509 1146 ἔχει
533 1093 548 1107 ο
577 1077 694 1131 ἀλλ’
718 1078 814 1131 ὲάν
839 1097 921 1142 τις
947 1084 1067 1144 ταῖς
1097 1083 1253 1146 ίδίαις
1281 1086 1481 1154 ὁρμαῖς
1509 1086 1820 1139 ἀκολουθῶν

243 1167 571 1235 τὸ·ἀρέσκον
600 1169 750 1238 αὑτῷ
781 1175 930 1242 ποιῇ,
965 1174 1062 1226 κει)⁸
1091 1176 1517 1237 συμϐουλεύοντι
1546 1179 1621 1246 τῷ
1656 1195 1820 1250 προε-

247 1259 417 1310 στῶτί
461 1277 513 1311 τι
566 1261 640 1330 μὴ
688 1262 966 1331 πείθηται,
1017 1267 1200 1333 μεῖζον
1252 1268 1345 1320 τοῦ
1396 1269 1819 1340 κατορθώματος

242 1351 400 1402 ἔσται
428 1350 488 1402 τὸ
517 1352 1026 1424 πλημμελούμενον.
1053 1358 1110 1412 Ὀ
1136 1359 1243 1428 γὰρ
1272 1362 1727 1432 ἀντιτασσόμενος
1754 1370 1818 1436 τῇ

246 1442 471 1514 ἐξουσίᾳ
498 1450 563 1516 τῇ
597 1450 689 1501 τοῦ
722 1449 858 1502 Θεοῦ
891 1451 1123 1523 διαταγῇ
1159 1455 1461 1525 ἀνθέστηκε
1487 1474 1501 1488 ο
1540 1459 1632 1510 καὶ
1664 1461 1692 1511 ὁ
1722 1461 1821 1529 τῆς

244 1532 499 1602 ὑπακοῆς
545 1541 733 1604 μισθὸς
783 1540 988 1609 μείζων
1029 1545 1125 1598 τοῦ
1172 1547 1314 1600 κατά
1355 1549 1455 1620 τὴν
1495 1551 1820 1620 ἐγκράτειαν

247 1627 273 1678 ὲ
285 1645 316 1677 π
327 1629 795 1700 ικατορθώματος.

329 1721 395 1774 Ἦ
427 1723 656 1795 ἄσκησις
685 1727 784 1796 τῆς
818 1729 957 1783 κατά
992 1731 1052 1783 τὸ
1088 1732 1422 1800 Εὐαγγέλιον
1452 1735 1544 1788 τοῦ
1579 1737 1818 1807 Χριστοῦ

244 1811 383 1881 πρὶς
413 1812 504 1865 τὸν
535 1815 670 1867 Θεὸν
700 1818 1115 1891 εὐαρεστήσεως
1143 1825 1201 1876 ἐν
1232 1827 1295 1896 τῇ
1329 1828 1678 1898 ἀναχωρήσει
1709 1831 1819 1883 τῶν

241 1906 532 1974 μεριμνῶν
560 1908 654 1962 τοῦ
687 1911 893 1978 κόσμου
916 1953 930 1976 ,
962 1913 1057 1968 καὶ
1081 1918 1147 1985 τῇ
1180 1917 1436 1970 παντελεῖ
1461 1919 1817 1990 ἀλλοτριώσει

236 1996 350 2048 τῶν
375 1998 700 2069 πειρασμῶν
725 2004 856 2072 ἡμῖν
883 2006 1266 2075 κατορθοῦται.
1299 2009 1389 2072 Ὠς
1415 2011 1462 2062 εί
1495 2012 1567 2081 μή
1594 2029 1657 2080 γε
1686 2013 1818 2065 ἀπο-

237 2092 578 2162 ξενώσαιμεν
613 2097 840 2160 ἑαυτοὺς
879 2100 973 2152 καὶ
1009 2102 1337 2167 συγγενείας
1372 2106 1680 2174 σαρκικῆς,
1717 2106 1815 2158 καὶ

234 2185 530 2250 κοινωνίας
568 2185 716 2254 βίου,
752 2188 918 2242 οἱονεὶ
965 2191 1101 2262 πρὸς
1141 2192 1329 2262 ἕτερον
1364 2196 1568 2265 κόσμον
1599 2198 1687 2250 διὰ
1720 2197 1816 2263 τῆς

237 2275 484 2343 σχέσεως
515 2279 870 2347 μεταϐάντες,
904 2283 1043 2336 κατά
1071 2284 1160 2337 τὸν
1191 2288 1464 2340 εἰπόνταί
1487 2289 1680 2357 ’Πμῶν
1706 2291 1816 2358 γάρ

235 2371 296 2420 τὶ
334 2369 636 2439 πολίτευμα
671 2373 730 2425 ὲν
759 2375 1008 2443 οὐρανοῖς
1039 2377 1334 2447 ὑπάρχειν»
1361 2380 1645 2450 ἀμήχανον
1671 2383 1818 2449 ἡμᾶς

237 2463 633 2530 περιγενέσθαι
665 2464 761 2516 τοῦ
801 2467 1006 2519 σκοποῦ
1037 2469 1136 2536 τῆς
1173 2471 1309 2540 πρὸς
1345 2470 1483 2524 Θεὸν
1515 2473 1815 2540 εὐαρεστή-

236 2569 379 2610 eam;
402 2595 416 2613 ,
449 2555 545 2608 τοῦ
581 2557 790 2625 Κυρίου
825 2561 1119 2630 ὁριστικῶς
1154 2563 1403 2627 εἰπόντος
1428 2607 1442 2626 ,
1475 2566 1554 2618 ὄτι
1591 2585 1609 2616 ι
1651 2559 1817 2625 Οὗτος

234 2645 352 2707 πᾶς
379 2647 438 2712 ἐξ
470 2647 642 2715 ὑμῶν,
672 2650 729 2713 ὃς
757 2653 855 2704 οὐκ
883 2653 1252 2708 ἀποτάσσεται
1279 2659 1394 2719 τοῖς
1425 2645 1618 2711 ἑαυτοῦ
1646 2658 1820 2725 ὑπάρ-

235 2753 450 2802 χουσιν,
482 2739 543 2791 οὐ
574 2740 798 2794 δύναταί
830 2761 930 2809 μου
963 2740 1103 2799 εῖναι
1137 2749 1387 2817 μαθητής
1415 2766 1428 2778 ·
1473 2768 1492 2801 ι
1530 2750 1625 2804 καὶ
1651 2749 1820 2803 ἀλλα-

234 2825 364 2893 χοῦ,
399 2847 418 2879 ι
454 2829 521 2882 Et
544 2849 626 2895 τις
657 2833 805 2886 θέλει
835 2836 1008 2890 ὀπίσω
1039 2857 1139 2907 μου
1171 2841 1371 2905 ἐλθεῖν,
1399 2843 1812 2914 ἀπαρνησάσθω

232 2921 457 2977 ἑαυτόν.
500 2946 520 2979 ι
553 2927 817 2998 ’Δρνησις
845 2931 899 2986 δέ
930 2931 1079 2986 ἐστιν
1109 2935 1306 2989 ἑαυτοῦ
1337 2938 1370 3006 ἡ
1405 2937 1674 3004 παντελὴς
1701 2937 1814 2989 τῶν

234 3017 623 3082 παρελθόντων
667 3022 827 3092 λήθη,
877 3026 964 3078 καὶ
1021 3028 1054 3096 ἡ
1099 3029 1210 3082 τῶν
1254 3030 1582 3100 θελημάτων
1626 3030 1820 3084 ἑαυτοῦ

232 3111 620 3180 ἀναχώρησις.

1852 1874 1893 1929 Β

3371 438 3501 499 Ῑιὲῗῖηί

1985 544 2253 598 (ἰαιιενιιιιι
2290 561 2417 600 vera
2464 557 2520 602 et
2565 546 2804 615 perfecta
2841 547 3208 615 subiectorum
3241 563 3367 617 erga
3396 549 3498 601 dir

1922 643 2134 689 ctorem
2167 637 2478 691 obedientia
2516 639 2567 692 in
2601 640 2703 692 hoc
2731 639 3056 706 ostenditur,
3100 647 3159 694 ut
3191 655 3298 694 non
3321 638 3496 694 solum
3546 699 3555 708 υ

1920 725 1986 778 ab
2005 726 2274 790 absurdis,
2297 727 2538 795 praefecti
2567 728 2806 782 eonsrlio
2829 729 3294 799 obtemperantes,
3327 729 3499 783 absti-

1924 826 2110 883 neant,
2141 821 2237 873 sed
2260 821 2425 874 etiam
2475 830 2535 874 ut
2566 836 2632 874 ne
2665 821 2755 876 illa
2782 822 3002 892 tptidem
3047 837 3168 891 qua:
3204 820 3497 875 laudabilia

1924 920 2055 965 sunt
2110 910 2230 966 sine
2285 911 2429 966 illius
2478 915 2710 968 consilio
2755 914 3082 982 suspiciant.
3136 914 3489 968 Cnntinentia

1921 1004 2064 1054 enim
2101 1020 2166 1056 at:
2196 1004 2401 1073 quaevis
2430 1007 2734 1076 corporalis
2762 1006 2984 1060 alliictio
3012 1005 3079 1060 ad
3115 1005 3319 1074 aliquid
3352 1005 3502 1059 utilis

1923 1105 2006 1148 est
2044 1115 2057 1150 :
2095 1097 2188 1150 sed
2219 1098 2263 1150 si
2296 1097 2438 1165 quis,
2491 1099 2741 1168 proprios
2774 1098 3046 1166 appetitus
3063 1113 3320 1166 sequens,
3353 1095 3497 1164 quod

1923 1188 2025 1244 sibi
2059 1189 2255 1258 placet,
2282 1190 2447 1260 258
2472 1190 2657 1255 faciat,
2682 1198 2734 1244 et
2756 1188 3010 1257 prazl'ecto
3033 1188 3318 1243 consilium
3344 1188 3500 1242 danti

1925 1298 2030 1336 non
2062 1283 2424 1349 obtemperet,
2475 1285 2650 1350 majus
2682 1283 2787 1337 crit
2833 1291 3138 1352 peceatum,
3177 1294 3338 1348 quam
3383 1278 3498 1331 olli-

1929 1377 2100 1430 cinm.
2157 1372 2255 1438 Qui
2291 1376 2434 1429 enim
2466 1376 2665 1430 resistit
2699 1375 2971 1444 potestati,
3026 1373 3115 1426 Dei
3150 1371 3494 1424 .ordinatioui

1924 1466 2129 1519 resistit
2162 1481 2175 1520 :
2206 1481 2270 1518 ac
2298 1466 2624 1521 obedientia:
2660 1467 2938 1538 praemium
2968 1481 3129 1536 quam
3157 1463 3501 1519 continenter

1923 1559 2050 1615 laeti
2089 1558 2268 1628 majus
2293 1569 2394 1614 est.

1995 1742 2328 1797 Exercitatio
2355 1745 2478 1796 vitae
2501 1757 2566 1796 ex
2593 1740 2885 1810 Evangelio
2913 1738 3115 1794 Christi
3146 1737 3407 1790 institutae
3438 1745 3500 1786 nt

1927 1837 2032 1890 Deo
2055 1837 2260 1904 accepti
2288 1834 2481 1897 simus,
2509 1834 2623 1888 bazc
2652 1844 2732 1887 est
2753 1873 2769 1898 ,
2805 1841 2862 1884 ιιι
2889 1831 3207 1886 seeedamns
3232 1829 3299 1881 ab
3323 1827 3498 1879 mutii-

1924 1931 2020 1982 bus
2065 1928 2248 1982 mundi
2279 1927 2742 1993 solicitmlinihus,
2794 1934 2848 1979 et
2878 1923 3106 1978 omnino
3160 1937 3204 1973 a»
3240 1919 3497 1973 tentatio-

1922 2022 2082 2076 nibus
2117 2021 2278 2075 alieni
2323 2021 2515 2075 simus.
2554 2018 2685 2072 Nam
2728 2019 2831 2072 nisi
2874 2017 3214 2070 abducamus
3249 2014 3502 2080 nosipsos

1921 2115 1988 2168 ab
2030 2113 2178 2166 onini
2227 2113 2410 2166 carnis
2439 2112 2770 2182 cognatione
2814 2119 2868 2163 et
2915 2109 3042 2162 vitae
3090 2106 3501 2169 communione,

1920 2207 2078 2274 quasi
2109 2205 2174 2258 ad
2209 2204 2440 2259 alterum
2474 2204 2734 2256 mundum
2781 2204 3081 2266 migrantes
3145 2214 3237 2267 per
3272 2195 3502 2249 medita-

1923 2300 2148 2365 tionem,
2199 2306 2494 2366 sequentes
2564 2295 2854 2350 consilium
2931 2293 3096 2351 illius,
3164 2291 3258 2359 qui
3315 2287 3498 2341 dixit:

1926 2412 1944 2444 ι
1989 2391 2186 2446 Nostra
2217 2392 2361 2444 enim
2407 2387 2754 2442 conversatio
2789 2387 2840 2438 in
2887 2386 3042 2438 caalis
3073 2390 3178 2442 est,
3223 2400 3240 2432 ι
3279 2380 3502 2432 omnino

1922 2486 2038 2538 tieri
2075 2484 2287 2552 nequit,
2337 2490 2394 2536 ut
2427 2481 2756 2552 propositum
2791 2489 3068 2533 teneamus
3113 2489 3222 2544 quo
3250 2473 3503 2555 volumus

1926 2578 2033 2630 Deo
2059 2577 2267 2643 accepti
2303 2590 2447 2640 esse,
2483 2589 2607 2625 enim
2639 2571 2902 2624 Dominus
2931 2566 3149 2622 delinite
3199 2565 3347 2618 dicat
3375 2562 3453 2615 sic
3485 2579 3499 2612 :

1930 2688 1948 2719 ι
1990 2667 2314 2736 Quicunque
2357 2683 2421 2720 ex
2472 2664 2624 2718 vobis
2674 2679 2780 2716 non
2828 2662 3009 2715 valere
3051 2657 3280 2728 jusserit
3320 2654 3500 2709 omnia

1923 2774 2045 2820 sua,
2100 2774 2206 2811 non
2245 2766 2425 2825 potest
2457 2769 2610 2808 lllt‘llS
2643 2768 2764 2807 esse
2791 2749 3120 2818 discipulus.
3167 2766 3186 2798 ι
3227 2746 3289 2798 Et
3323 2744 3447 2797 alibi
3485 2762 3500 2798 :

1931 2869 1949 2901 ι
1992 2850 2046 2903 Si
2102 2849 2229 2917 quis
2262 2864 2347 2901 me
2390 2847 2541 2914 sequi
2593 2843 2730 2908 vult,
2776 2842 3006 2910 abneget
3054 2835 3433 2903 semetipsum.
3479 2851 3496 2883 ι

1923 2941 2224 3010 Abnegatio
2267 2948 2445 2992 autem
2479 2937 2563 2991 sni
2613 2934 2784 3003 ipsius
2831 2941 2916 2986 est
2965 2931 3205 2997 perfecta
3258 2925 3507 2997 pneterio

1925 3043 2101 3088 turum
2136 3031 2363 3099 oblixio,
2409 3038 2463 3084 et
2506 3047 2533 3083 a
2569 3045 2664 3083 sua
2701 3028 2982 3081 voluntate
3028 3026 3252 3078 omnino
3307 3021 3506 3075 abalie-

1925 3127 2096 3181 natio.

310 3212 388 3262 Τὸ
434 3209 615 3273 μέντοι
658 3227 722 3276 γε
766 3212 1192 3280 ἐπιτεταγμένον
1233 3218 1294 3266 οὗ
1339 3216 1446 3284 χρὴ
1490 3216 1816 3282 ἀντιλέγειν.

1992 3217 2146 3282 Quod
2184 3217 2512 3285 imperatum
2549 3213 2710 3266 fuerit
2755 3220 2804 3266 et
2841 3210 3242 3278 praescriptum,
3281 3222 3384 3256 non
3423 3214 3508 3256 est

247 3302 314 3356 Ἢ
350 3302 458 3370 γὰρ
489 3303 701 3373 ὑπακοὴ
733 3303 894 3374 μέχρι
927 3305 1162 3360 θανάτου
1192 3308 1306 3376 ἔχει
1334 3309 1426 3361 τὸν
1455 3308 1598 3376 ὅρον.

321 3479 524 3549 Ἀρετὴ
571 3479 879 3549 ἀρχομένου
931 3481 1026 3534 καὶ
1068 3483 1200 3554 τιμὴ
1243 3487 1304 3538 τὸ
1352 3489 1538 3554 μένειν
1581 3489 1676 3540 ἐπὶ
1721 3491 1818 3558 τῆς
1855 3518 1857 3520 -

234 3573 264 3622 ὕ
279 3570 511 3638 πακοῆς.

323 3663 452 3715 Ἐὰν
479 3662 576 3734 ἔχῃ
609 3647 692 3726 τις
728 3666 918 3720 πίστιν
949 3668 1029 3730 είς
1058 3669 1180 3721 τινὰ
1203 3710 1218 3732 ,
1251 3671 1345 3723 καὶ
1377 3671 1593 3726 δίδωσιν
1625 3675 1820 3730 ἑαυτὸν

234 3757 582 3821 ὑποταγῆναι
610 3758 778 3829 αὐτῷ,
805 3759 866 3812 οὗ
899 3759 1090 3828 χρείαν
1117 3761 1229 3830 ἔχει
1262 3764 1550 3835 προσέχειν
1579 3768 1821 3833 ἐντολαῖς

232 3848 400 3909 Θεοῦ,
431 3849 565 3902 ἀλλὰ
592 3850 668 3920 τῷ
700 3850 872 3921 πατρὶ
900 3852 1066 3904 αὐτοῦ
1100 3858 1406 3924 συγχωρεῖν
1440 3858 1502 3911 τά
1537 3858 1820 3928 θελήματα

231 3941 430 4003 αὐτοῦ,
461 3941 551 3994 καὶ
582 3940 835 4010 ἔγκλημα
861 3942 959 3994 οὐκ
994 3943 1108 4010 ἔχει
1141 3947 1290 4013 παρά
1318 3946 1478 4000 Θεοῦ.

321 4034 668 4088 Ἀνάπαυσον
713 4035 806 4088 τὸν
855 4037 1068 4102 πατέρα
1122 4056 1254 4102 σου,
1305 4040 1391 4092 ἵνα
1435 4042 1566 4094 ὅταν
1609 4045 1822 4118 ἀπέλθῃ

234 4125 380 4191 πρὸς
409 4125 642 4191 Κύριον.
675 4127 1039 4198 παρακαλέσῃ
1071 4130 1213 4196 ὑπὲρ
1243 4131 1336 4182 σοῦ
1358 4171 1373 4195 ,
1404 4134 1496 4184 καὶ
1527 4130 1588 4187 εὖ
1622 4153 1704 4188 σοι
1734 4139 1824 4203 γέ-

233 4231 424 4278 νηται.

310 4305 530 4373 Σφόδρα
558 4305 818 4375 ζηλοῦσιν
845 4309 893 4361 oi
922 4308 1174 4376 δαίμονες
1203 4309 1329 4372 τοὺς
1356 4311 1412 4362 ὲν
1440 4311 1688 4385 ὑποταγῇ
1720 4334 1822 4368 πα-

233 4398 366 4462 τρὸς
402 4398 820 4467 ἀστράπτοντας
841 4441 858 4464 ,
893 4402 988 4454 καὶ
1018 4402 1299 4470 τρίζουσιν
1332 4404 1454 4455 κατ’
1479 4406 1661 4459 αὐτῶν
1695 4409 1821 4470 τοὺς

161 4540 169 4547 ,
229 4491 476 4554 ὀδόντας,
505 4492 586 4544 ὅτι
613 4494 672 4545 ὲν
694 4495 762 4558 τῇ
797 4495 1045 4564 ὑποταγῇ
1073 4496 1171 4562 τὴν
1194 4497 1477 4566 ἀποταγὴν
1500 4500 1820 4570 ἀμερίμνως

233 4577 553 4643 ἑζόγωσαν,
587 4581 710 4635 καθ’
730 4575 806 4634 ὧν
833 4585 929 4636 καὶ
961 4586 1262 4654 προφάσεις
1292 4588 1784 4656 ἀκριϐολογοῦντες
1803 4636 1816 4654 ,

235 4671 596 4739 παροξυσμὸν
619 4673 902 4741 ἀρτύουσι,
931 4679 1024 4729 καὶ
1048 4681 1113 4746 τῇ
1143 4681 1520 4752 συμϐαινούση
1552 4681 1690 4750 ὀργῇ
1720 4684 1818 4751 τὴν

235 4761 408 4831 μῆνιν
447 4763 847 4832 ὲγγλὺφουσιν,
888 4766 1080 4820 ἔπειτα
1124 4769 1182 4821 δὲ
1224 4774 1316 4825 καὶ
1363 4772 1515 4838 μῖσος
1557 4771 1693 4839 πρὸς
1733 4774 1822 4825 τὸν

231 4851 452 4922 πατέρα
478 4853 536 4905 τὸ
565 4857 686 4908 κατ’
707 4855 886 4923 ὀλίγον
913 4857 1170 4926 ἕψουσιν,
1199 4859 1274 4923 ὡς
1301 4861 1396 4914 ἅτε
1428 4862 1592 4929 δῆθεν
1619 4864 1820 4928 ἀδίκως

230 4943 708 5012 ἐπιπλήττοντος.
755 4948 849 5000 καὶ
891 4950 1036 5002 κατά
1081 4951 1377 5019 πρόσωπον
1421 4955 1818 5022 προσέχοντος,

230 5036 322 5086 ἵνα
359 5036 422 5086 ἐκ
458 5035 732 5102 διαφόρων
767 5037 987 5106 τρόπων
1023 5039 1121 5109 τὴν
1155 5041 1332 5112 ψυχὴν
1370 5046 1820 5115 περιτινάξαντες

228 5127 344 5179 τοῖιν
373 5130 659 5196 πατρικῶν
690 5131 949 5198 ἀγκαλῶν
979 5136 1343 5205 σκορπίσωσι.

323 5309 380 5361 Ὀ
421 5309 630 5376 βάλλων
674 5311 866 5362 ἑαυτὸν
912 5315 988 5376 εἰς
1016 5307 1284 5386 ⁴ὑπακοὴν
1328 5322 1578 5392 πατέρων
1621 5324 1818 5392 ἀμερι-

233 5397 402 5464 μνίαν
433 5401 529 5452 καὶ
556 5402 866 5455 ἀνάπαυσιν
897 5404 1031 5473 ἔχει.

816 5497 1035 5550 ΛΟΓΟΣ
1069 5504 1200 5568 me

727 5589 866 5656 Περὶ
926 5593 1324 5660 προεστῶτος.

309 5677 646 5734 ’Υπεὺθυνοξ
687 5677 781 5734 οὖν
822 5685 970 5737 ἐστιν
1024 5687 1052 5738 ό
1097 5690 1340 5754 ἐφεστὼς
1379 5695 1442 5760 τῇ
1491 5695 1814 5766 ἀδελφότητι

229 5767 533 5835 ἀγρυπνεῖν
561 5770 698 5840 ὑπὲρ
728 5771 834 5823 τῶν
862 5774 1054 5844 ψυχῶν
1084 5779 1282 5842 αὐτῶν,
1319 5784 1408 5834 καὶ
1441 5790 1712 5855 μερεμνᾷν
1744 5789 1810 5841 τὰ

231 5858 370 5923 πρὸς
424 5861 695 5932 σωτηρέιν
744 5865 944 5934 αὐτῶν,
983 5869 1055 5932 ὡς
1113 5871 1271 5940 λόγον
1324 5875 1654 5931 ἀποῦώσωνι
1717 5882 1810 5934 καὶ

1924 3307 2285 3362 recusandum
2324 3325 2337 3360 :
2374 3321 2496 3358 nam
2528 3303 2838 3358 ohedientia
2869 3303 2950 3356 vel
2976 3301 3042 3353 ad
3079 3308 3306 3353 mortem
3334 3312 3504 3364 usque

1922 3401 2254 3455 extenditur.

2000 3493 2059 3545 S.
2094 3493 2370 3560 Clu'ysost.
2411 3490 2597 3544 Virtus
2625 3489 2855 3558 subjecti
2886 3498 2940 3540 et
2972 3487 3142 3541 honor
3175 3495 3260 3539 est
3291 3487 3343 3538 in
3378 3486 3510 3540 obe-

1921 3585 2123 3637 dientia
2161 3583 2480 3650 persistere.
2757 3644 2763 3651 ,

1996 3675 2050 3728 Si
2083 3676 2206 3743 quis
2241 3676 2398 3728 Iidem
2427 3676 2588 3728 habet
2621 3675 2674 3728 in
2704 3675 2962 3738 aliquem.
2991 3691 3054 3728 ac
3080 3673 3319 3741 seipsnm
3345 3671 3508 3724 tradit

1926 3766 1998 3818 illi
2029 3764 2454 3832 subjiciendum,
2490 3765 2622 3816 nihil
2651 3766 2698 3818 ei
2731 3775 2810 3817 est
2838 3781 2996 3833 opus,
3025 3775 3084 3817 ut
3107 3761 3378 3815 mandatis
3412 3760 3504 3812 Dei

1925 3865 2157 3910 tuentem
2187 3856 2480 3921 adhibeat,
2509 3856 2599 3910 sed
2634 3867 2691 3908 nt
2715 3857 2848 3926 patri
2880 3874 2980 3909 sun
3013 3871 3173 3910 omne
3207 3850 3503 3905 vnluutitis

1925 3964 2035 4003 sum
2060 3948 2303 4002 studium
2325 3948 2555 4012 deferat,
2575 3954 2632 4019 et
2651 3947 2789 4014 apud
2822 3949 2987 4000 Deum
3015 3944 3243 3998 crimine
3270 3941 3506 3994 vacabit.

1994 4040 2178 4094 Reﬁce
2210 4049 2417 4107 patrem
2453 4049 2628 4104 tuum,
2669 4049 2726 4093 nt
2762 4056 2886 4093 eum
2923 4041 2990 4091 ad
3029 4039 3316 4092 Dominum
3353 4035 3506 4088 abiev

1925 4134 2016 4197 rit,
2048 4147 2143 4199 pro
2175 4140 2224 4186 te
2253 4141 2426 4200 roget,
2463 4139 2518 4185 et
2552 4132 2644 4184 tibi
2678 4133 2815 4184 bene
2845 4132 2938 4185 sit.

1997 4311 2358 4366 Vehementer
2395 4311 2631 4365 oderunt
2659 4311 2935 4364 ιιςειιιιιιιες
2962 4326 3054 4362 ros
3087 4309 3178 4377 qui
3214 4311 3264 4358 in
3297 4305 3508 4368 subit-c-

1927 4406 2074 4458 tione
2123 4403 2294 4472 patris
2349 4402 2616 4467 eminent,
2668 4410 2722 4453 rt
2777 4401 3043 4453 adversus
3099 4415 3195 4451 eos
3252 4396 3508 4449 dentibus

1929 4496 2203 4559 frendeut,
2263 4497 2408 4564 quod
2475 4512 2598 4548 cum
2673 4491 2976 4547 nbediuntia
3049 4489 3508 4546 renuutiationem

1927 4589 2344 4658 copttlaverunt,
2413 4587 2576 4655 idque
2639 4585 2784 4639 omni
2859 4584 3208 4638 solicitudine
3287 4581 3505 4648 posita:

1926 4680 2186 4735 adversus
2220 4696 2380 4749 quos,
2405 4679 2691 4734 meditatas
2737 4678 2976 4730 rationes
3004 4675 3505 4736 coniminiseentes,

1929 4772 2295 4825 irritationem
2352 4774 2664 4834 instituunt,
2708 4787 2770 4825 ac
2804 4770 2894 4823 irae
2938 4769 3046 4837 jam
3084 4769 3282 4822 innatze
3312 4765 3506 4833 adjun-

1925 4872 2060 4933 gunt
2103 4863 2475 4939 iracundiam,
2513 4863 2710 4916 deinde
2755 4863 2917 4914 etiam
2968 4861 3152 4912 odium
3201 4859 3256 4925 in
3299 4867 3504 4928 patrem

1925 4958 2186 5028 paulatim
2237 4968 2502 5025 coquunt,
2534 4958 2692 5025 quasi
2740 4965 2893 5023 pater
2927 4954 3114 5022 inique
3147 4953 3419 5021 objurget,
3453 4958 3506 5001 et

1924 5066 2214 5119 personam
2247 5049 2533 5115 respiciat,
2594 5060 2650 5102 nt
2701 5066 2764 5103 ex
2808 5047 3204 5102 dissidentibus
3258 5044 3503 5098 moribus

1923 5145 2167 5196 animum
2219 5141 2476 5210 agitatum
2509 5157 2573 5194 ex
2621 5142 2766 5196 ulnis
2800 5140 3044 5209 paternis
3077 5147 3349 5193 extortum
3394 5134 3503 5187 dis-

1923 5235 2126 5302 sipeut.

1995 5327 2267 5383 Dorothei.
2303 5328 2407 5392 Qui
2438 5343 2496 5380 se
2528 5327 2581 5380 in
2616 5333 2828 5394 patrum
2855 5323 3219 5378 obedientiam
3248 5317 3500 5373 commit-

1923 5420 2006 5482 tit,
2042 5434 2234 5474 secure
2263 5429 2316 5472 et
2335 5419 2516 5487 quiete
2546 5419 2700 5472 vivit.

2266 5510 2498 5566 SERMO
2537 5513 2688 5566 XCVI
2748 5512 2844 5584 [αι.
2879 5507 3153 5578 CLXXII}.

2533 5606 2603 5658 De
2632 5610 2892 5675 pra'ferlo.

1993 5694 2052 5747 S.
2089 5693 2298 5750 Basilii.
2355 5695 2426 5749 Ex
2485 5698 2682 5751 oﬂiirio
2740 5699 3001 5750 ίιιοιιιιιΙιὶι
3068 5699 3320 5765 pra-lecto
3393 5698 3502 5750 fra-

1921 5798 2060 5841 trum
2087 5789 2382 5856 sodalitati,
2413 5802 2470 5843 ut
2505 5791 2682 5857 vigilet
2731 5805 2824 5856 pro
2870 5791 3066 5843 animis
3099 5810 3142 5843 ιιι
3166 5804 3309 5855 rum,
3339 5807 3400 5843 ac
3431 5792 3498 5846 de

1917 5881 2088 5936 indute
2119 5885 2358 5950 ipsorum
2389 5885 2457 5938 sit
2491 5883 2758 5950 sollcitos,
2792 5884 2944 5950 quasi
2980 5885 3070 5952 qui
3107 5885 3382 5941 ratiouent
3422 5887 3490 5942 sit
