3964 6558
456 455 600 522 1943
1706 451 1954 516 ANTUN
1969 452 2021 512 ll

2154 452 2412 513 ZLISSRE
3598 445 3718 506 liii

459 589 571 640 tus,
597 575 804 647 quique
830 575 1090 646 Spiritum
1117 575 1307 648 gratiae.
1364 573 1697 630 contumelia
1753 571 1995 628 atl‘ccerit
2023 572 2037 626 l

2154 575 2370 645 [ἀριτος
2394 571 2686 646 ἀνυὸρίσας
2707 594 2720 640 ;
2747 575 2984 645 Οἴδαμεν
3007 572 3115 644 γὰρ
3135 571 3230 626 τδν
3253 569 3501 628 είπὸντα,
3530 583 3548 616 ι
3571 563 3718 634 ἰ-Σμοὶ

454 666 723 722 Novimus
738 667 884 722 enim
907 682 1034 722 cum
1055 667 1152 738 qui
1174 666 1346 722 dixit:
1377 683 1396 718 ι
1424 664 1540 719 Mea
1561 673 1646 719 est
1661 662 1922 725 vindicta,
1943 675 2042 729 ego

2154 668 2450 738 ἐκδίκησις,
2487 666 2599 735 ἐγὼ
2642 668 3023 722 ἀνταποδώσω
3047 709 3062 732 ,
3099 684 3119 716 ι
3170 663 3322 730 λέγει
3357 661 3598 729 Κύριοςο
3633 658 3719 710 καὶ

459 760 784 824 retribuam,
809 760 944 815 dicit
975 761 1258 816 Dominus.
1289 777 1308 812 ι
1346 761 1424 813 Ac
1450 772 1687 812 rursus:
1725 775 1745 809 ι
1785 754 2042 809 Dominus

2154 761 2333 824 πάλιν,
2365 779 2384 812 ι
2420 760 2626 832 Κύριος
2655 761 2836 832 κρινεῖ
2862 759 2958 813 τὸν
3001 757 3132 811 λαὸν
3160 753 3332 811 αὐτοῦ
3353 771 3370 785 ⁸
3401 751 3638 821 φοδερδν
3664 747 3720 802 τὸ

463 852 732 920 iudicabit
774 853 1032 924 populum
1081 867 1242 908 suum
1275 869 1289 907 :
1322 851 1571 908 terribile
1598 859 1682 907 est
1710 848 1953 904 incidere
1986 847 2041 902 in

467 958 662 999 manus
689 943 782 998 Dei
813 943 1070 1000 viventis.
1111 960 1130 996 ι

537 1033 596 1089 8.
621 1033 835 1090 Basilii.
874 1033 1153 1101 impurum
1200 1033 1638 1104 appropinquare
1688 1031 1896 1087 sanctis
1924 1047 2045 1102 my-

469 1127 659 1182 steriis
705 1127 784 1180 vel
817 1142 880 1180 ex
917 1125 1099 1181 Veteri
1140 1125 1495 1180 Testamento
1546 1125 1880 1180 horrendum
1925 1139 2046 1178 esse

458 1217 725 1286 judicium
761 1218 1038 1271 docemur.
1067 1215 1224 1282 Quod
1259 1215 1305 1270 si
1340 1215 1574 1284 amplius
1592 1224 1673 1270 est
1700 1215 1788 1269 hic
1816 1213 2042 1282 templo,

464 1310 816 1378 perspicuum
869 1317 954 1362 est
1007 1309 1182 1378 magis
1227 1308 1559 1363 horrendum
1619 1323 1764 1368 esse,
1815 1307 1867 1360 id
1901 1305 2043 1373 quod

461 1400 620 1452 docet
650 1413 748 1452 nos
778 1397 1074 1467 Apostolus
1108 1400 1298 1454 dicens
1332 1414 1347 1452 :
1398 1418 1415 1450 ι
1447 1399 1552 1464 Qui
1580 1399 1693 1453 edit
1721 1408 1772 1453 et
1805 1398 1939 1451 bibit
1965 1399 2047 1450 in-

460 1492 645 1559 digne.
677 1490 943 1553 judicium
973 1491 1075 1545 sibi
1101 1491 1214 1545 edit
1245 1503 1298 1546 et
1331 1492 1492 1545 bihit.
1534 1509 1552 1542 ι

531 1581 592 1635 S.
627 1580 901 1651 Chrysost.
954 1580 1197 1650 Tempus
1249 1583 1656 1636 communionis
1714 1597 1822 1636 non
1877 1581 2046 1634 festus

457 1673 577 1727 dies
596 1681 649 1726 ct
678 1673 931 1739 celebris,
960 1674 1052 1728 sed
1079 1674 1413 1730 conscientia
1444 1689 1599 1744 pura.
1632 1683 1686 1728 et
1719 1674 1829 1728 vita
1860 1673 2048 1728 crimio

459 1765 624 1819 nibus
653 1765 846 1819 libera.
879 1766 940 1819 Et
974 1767 1434 1836 qttemadmmlum
1472 1781 1596 1822 eum
1633 1767 1727 1837 qui
1773 1768 1877 1823 sibi
1913 1767 2046 1820 nihil

460 1857 602 1911 male
638 1859 875 1922 conscit,
915 1858 1073 1912 decet
1107 1859 1355 1927 quOtidlo
1392 1859 1656 1914 accedere
1689 1875 1702 1913 :
1737 1859 1816 1914 sic
1850 1873 2041 1930 peceao

461 1949 534 2003 tis
572 1961 1038 2019 prmoccupatum,
1069 1962 1173 2003 nec
1205 1950 1522 2018 paenitentia
1555 1959 1844 2015 mutatum,
1881 1967 1948 2005 nc
1990 1951 2042 2004 in

460 2040 599 2095 festo
627 2041 846 2110 quidem
871 2041 960 2095 die
990 2049 1166 2094 tutum
1195 2051 1278 2094 est
1307 2041 1589 2096 accedere.
1616 2040 1746 2095 Nam
1780 2053 1840 2096 ut
1869 2043 2048 2097 semel

461 2130 517 2186 in
551 2147 692 2186 anno
743 2132 869 2185 licet
922 2148 1044 2186 cum
1070 2131 1338 2201 dignitate
1376 2133 1660 2196 accedere,
1687 2149 1794 2186 non
1850 2133 2046 2188 liberat

459 2238 562 2278 nos
605 2238 637 2278 a
681 2224 924 2293 peccatis
956 2239 970 2277 :
1003 2223 1075 2276 ita
1107 2225 1205 2277 hoe
1243 2225 1419 2292 ipsum
1469 2226 1642 2292 magis
1673 2226 2044 2290 condemnat,

455 2314 603 2378 quod
640 2315 808 2368 semel
831 2325 1044 2371 tantum
1075 2315 1399 2369 accedentes
1422 2330 1487 2367 ne
1517 2326 1630 2368 tum
1660 2315 1882 2384 quidem
1911 2333 2046 2386 pure

460 2408 514 2461 id
565 2408 855 2462 faciamus.
900 2409 1269 2473 Quamobrem
1303 2423 1402 2463 vos
1447 2423 1639 2463 munes
1687 2410 1940 2476 obsecro,
1976 2427 2045 2466 ne

457 2499 778 2569 simpliciter
810 2509 1033 2570 propter
1063 2501 1186 2554 festi
1219 2501 1604 2554 necessitatem
1656 2503 1866 2559 adeatis
1895 2520 1909 2558 :
1948 2506 2043 2559 sed

458 2593 504 2645 si
533 2591 754 2660 quando
787 2591 953 2660 hujus
1005 2601 1210 2646 sancta:
1256 2593 1554 2662 participes
1601 2595 1896 2652 oblationis
1923 2615 2046 2654 esse

456 2680 662 2745 velitis,
706 2680 879 2732 multo
907 2689 1035 2734 ante
1078 2695 1176 2734 vos
1231 2679 1380 2749 ipsos
1418 2695 1652 2748 purgare
1699 2681 1910 2739 debetis
1951 2699 2047 2752 per

458 2771 857 2840 paenitentiam,
910 2772 1278 2841 precationem
1318 2785 1372 2826 et
1415 2771 1838 2844 eleemosynam,
1875 2786 1928 2829 et
1959 2791 2042 2832 re-

460 2879 583 2916 rum
629 2861 962 2929 spiritalium
999 2863 1206 2926 studio,
1263 2879 1364 2918 nec
1413 2879 1606 2920 rursus
1651 2867 1854 2922 reverti
1893 2870 2047 2924 cauis

460 2955 569 3010 ritu
598 2955 667 3012 ad
699 2954 980 3026 proprium
1013 2957 1300 3012 vomitum.

529 3134 613 3188 Ad
642 3131 824 3189 divina
851 3134 1050 3190 Christi
1087 3135 1345 3206 mysteria
1407 3136 2042 3207 negligenter-accedere,

2146 853 2412 923 ἐμπεσεῖν
2436 855 2519 919 είς
2551 855 2738 924 χεῖρας
2767 851 2905 906 Θεοῦ
2937 851 3162 918 ζῶντος.
3199 866 3219 902 ι

2219 1032 2293 1085 Τὸ
2322 1032 2380 1084 ἐν
2410 1029 2725 1100 ἀκαθαρσία
2781 1027 2912 1081 ὅντα
2953 1027 3077 1081 τινὰ
3123 1025 3368 1093 ἐγγίζειν
3397 1023 3512 1086 τοῖς
3542 1021 3717 1089 ἀγίοις

2152 1123 2478 1194 μυστηρίοις
2526 1125 2621 1176 καί
2671 1125 2736 1175 ἐκ
2758 1121 2855 1192 τῆς
2908 1119 3153 1181 Παλαιᾶς
3189 1117 3470 1185 Διαθήκης
3500 1114 3722 1182 φοϐερδν

2148 1217 2516 1285 διδασκόμεθα
2545 1216 2608 1268 τὸ
2641 1215 2842 1286 κρίμα.
2874 1212 2938 1266 Et
2964 1213 3022 1266 δὲ
3063 1212 3225 1264 πλέον
3264 1209 3362 1262 τοῦ
3406 1207 3556 1277 ἱεροῦ
3602 1200 3716 1267 ὧδε,

2151 1307 2532 1379 φοϐερώτερον
2571 1307 2754 1375 δῆλον,
2789 1307 2818 1359 ὅ
2849 1322 2903 1359 τι
2953 1303 3234 1357 παιδεύσει
3261 1302 3415 1371 ἡμᾶς
3441 1301 3472 1352 ὁ
3503 1299 3721 1353 ἀπόστο-

2149 1399 2239 1462 λος
2269 1396 2437 1450 εἰπών
2466 1414 2480 1429 ο
2519 1416 2539 1450 ι
2579 1397 2640 1452 '0
2673 1396 2867 1450 ἐσθίων
2918 1396 3014 1450 καὶ
3064 1393 3238 1447 πίνων
3285 1391 3528 1455 ἀναξίως
3560 1389 3721 1458 κρίμα

2151 1488 2334 1558 ἐαυτῷ
2363 1489 2534 1542 ἐσθίει
2559 1489 2654 1542 καὶ
2685 1487 2855 1540 πίνει.
2899 1503 2918 1538 ι
3633 1521 3636 1526 -

2219 1583 2429 1654 Καιρὸς
2460 1581 2749 1644 κοινωνίας
2782 1581 2883 1650 οὐχ
2915 1578 3077 1648 ἑορτὴ
3099 1576 3192 1629 καὶ
3224 1576 3564 1642 πανήγυρις,
3595 1572 3720 1626 ἀλλὰ

2150 1675 2394 1736 συνειδὸς
2422 1674 2683 1742 καθαρὸν,
2716 1672 2811 1726 καὶ
2841 1671 2954 1738 βίος
2979 1668 3350 1738 ἐγκλημάτων
3372 1663 3722 1734 arquapr

2148 1785 2259 1830 vo;.
2297 1767 2407 1821 Καὶ
2438 1765 2693 1836 καθάπερ
2724 1765 2817 1818 τὸν
2843 1763 2996 1816 οὐδὲν
3041 1761 3220 1830 ἐαυτῷ
3276 1757 3560 1812 συνειδότα
3595 1754 3724 1821 φαῦ-

2149 1861 2239 1911 λον
2265 1858 2388 1913 καθ’
2435 1857 2674 1928 ἑκάστην
2706 1857 2788 1909 δεῖ
2825 1855 3108 1926 προσιέναι
3160 1852 3260 1922 τὴν
3313 1852 3559 1923 ἡμέραν,
3589 1846 3724 1900 οὕτω

2148 1951 2332 2005 τδνέν
2363 1951 2734 2022 ἁμαρτήμασι
2765 1947 3336 2018 προκατειλημμένον,
3387 1943 3485 1995 καὶ
3533 1943 3608 2011 μὴ
3636 1956 3724 2009 με·

2147 2049 2442 2104 τανοοῦντα
2466 2091 2479 2107 .
2517 2050 2640 2103 οὐδὲ
2679 2051 2739 2100 ἐν
2789 2047 2952 2117 ἐορτῇ
2989 2044 3280 2114 προσιέναι
3337 2043 3608 2112 ἀσφαλές.
3656 2042 3724 2094 Ob

2147 2138 2257 2206 γὰρ
2279 2139 2343 2208 δὴ
2364 2139 2425 2191 τὸ
2453 2138 2600 2206 ἆπαξ
2622 2139 2716 2192 τοῦ
2746 2137 3000 2191 ἐνιαυτοῦ
3026 2137 3370 2190 ἀπαλλάττει
3401 2135 3514 2188 τῶν
3538 2134 3727 2205 ἐγκλη·

2149 2228 2335 2296 μάτων
2389 2230 2574 2298 ἡμᾶς,
2627 2227 2865 2294 ἀναξίως
2932 2228 2999 2296 If.
3025 2228 3091 2282 ἂν
3135 2225 3326 2297 ἀξίως]
3379 2226 3723 2294 προσίωμεν·

2147 2320 2276 2373 αὐτὸ
2324 2320 2387 2390 δὴ
2417 2320 2481 2392 ll.
2531 2320 2614 2391 δέ]
2643 2321 2799 2373 τοῦτο
2866 2319 3132 2388 μειζόνως
3195 2316 3587 2382 καταδικάζει,
3649 2319 3726 2370 ὅτι

2148 2412 2294 2478 ἅπαξ
2341 2419 2680 2480 προσιόντες,
2714 2415 2835 2466 ούδέ
2892 2415 3012 2466 τότε
3087 2411 3348 2480 καθαρῶς
3395 2410 3728 2481 πρσσ’ωμεν.

2147 2506 2245 2559 Διά
2299 2505 2460 2558 τοῦτο
2517 2506 2822 2575 παρακαλῶ
2877 2507 3084 2567 πάντας
3118 2506 3262 2574 ὑμᾶς
3293 2503 3370 2574 μὴ
3404 2503 3592 2566 ἁπλῶς
3646 2503 3727 2554 εει

2146 2598 2248 2667 τὴν
2284 2599 2382 2666 τῆς
2409 2597 2603 2667 ἑορτῆς
2629 2595 2878 2666 ἀνάγκην
2908 2597 3016 2649 τῶν
3050 2597 3210 2649 θείων
3236 2597 3505 2651 ἅπτεσθαι
3531 2613 3726 2666 μυστη-

2148 2690 2299 2758 ρίων,
2352 2689 2468 2742 ἀλλ’
2513 2688 2696 2742 εἴποτε
2747 2688 2990 2758 μέλλοιτε
3041 2690 3140 2756 τῆς
3187 2688 3348 2756 ἀγίας
3397 2688 3606 2756 ταύτης
3642 2706 3731 2756 με.

2147 2781 2320 2846 θέξειν
2353 2785 2692 2853 προσφορᾶς,
2741 2784 2847 2852 πρὸ
2907 2781 3118 2835 πολλῶν
3168 2782 3397 2850 ἡμερῶν
3447 2781 3725 2835 διακαθαί-

2151 2893 2264 2944 ρειν
2290 2875 2376 2928 διὰ
2406 2876 2696 2944 μετανοίας
2736 2877 2830 2928 καὶ
2881 2874 3044 2943 εὐχῆς
3077 2873 3170 2926 καὶ
3209 2873 3605 2944 ἐλεημοσύνης,
3640 2875 3730 2928 καὶ

2146 2971 2245 3038 τῆς
2263 2971 2388 3039 περὶ
2416 2971 2482 3022 τι
2525 2970 2874 3039 πνευματικά
2907 2970 3127 3040 σχολῆς,
3159 2970 3251 3022 καὶ
3293 2971 3368 3037 μὴ
3407 2969 3572 3021 πάλιν
3605 2972 3725 3022 ἐπι.

2150 3063 2475 3131 στρέψεσθαι
2520 3065 2774 3134 καθάπερ
2819 3064 2965 3117 κύων
2991 3065 3083 3118 ἐπὶ
3117 3066 3209 3116 τὸν
3241 3063 3375 3116 ῐδιον
3401 3063 3621 3132 ἔμετον.

2219 3155 2294 3208 Τὸ
2332 3154 2591 3228 ῥᾳθύμως
2633 3155 2919 3226 προσιέναι
2970 3157 3085 3218 τοῖς
3136 3155 3307 3219 θείοις
3348 3155 3461 3214 τοῦ,
3494 3155 3726 3224 Χριστοῦ

457 3225 789 3296 supplicium
821 3225 1168 3280 intolerabile
1208 3235 1450 3281 meretur
1487 3244 1501 3280 :
1533 3229 1652 3284 etsi
1684 3229 1764 3284 vel
1793 3233 1958 3285 semel
1987 3233 2038 3285 iu

2155 3225 2486 3318 μυστηρίοις
2509 3225 2733 3303 κόλασιν
2783 3251 3066 3319 ἀφόρητον
3100 3248 3235 3320 ἔχει’
3287 3249 3393 3302 κᾶν
3443 3247 3594 3316 ἅπαξ
3638 3249 3726 3302 τοῦ

457 3332 602 3373 anno
650 3318 754 3374 hoc
804 3319 928 3388 quis
1000 3319 1219 3386 audeat,
1248 3318 1391 3389 ignis
1435 3321 1740 3390 spiritualis
1771 3324 1925 3394 plena
1957 3334 2039 3379 est

460 3411 580 3480 ipsa
619 3426 834 3467 mensa.
866 3411 935 3465 Et
959 3412 1422 3481 quemadmodqu
1458 3413 1624 3486 265
1669 3416 1845 3472 fontes
1885 3426 2044 3472 natu-

461 3503 650 3558 raliter
676 3520 822 3572 aqua
849 3506 1184 3571 seaturiunt,
1211 3507 1289 3560 sic
1320 3518 1374 3561 et
1397 3508 1509 3562 haec
1550 3524 1738 3563 mensa
1768 3509 2039 3566 ﬂammam

458 3597 755 3666 quamdam
796 3597 1127 3652 int-ﬂabilem
1183 3597 1348 3653 fovet.
1395 3599 1541 3655 Cave
1593 3602 1762 3672 igitur
1813 3607 2043 3658 accedas

459 3707 584 3744 cum
608 3690 831 3760 stipula,
861 3691 1023 3761 lignis
1047 3700 1104 3745 et
1135 3691 1304 3753 ίωιιο.
1336 3707 1403 3746 ne
1428 3693 1606 3762 majus
1629 3694 1831 3751 etlicias
1857 3699 2044 3751 incen-

458 3785 636 3848 dium,
681 3793 737 3838 et
771 3785 1014 3838 animum
1054 3783 1148 3850 qui
1198 3784 1258 3839 lit
1304 3785 1425 3855 ejus
1473 3787 1768 3858 particeps,
1820 3806 2041 3846 exuras.

459 3875 660 3944 Regem
697 3884 1027 3943 exeepturus
1055 3891 1113 3930 es
1138 3891 1236 3946 per
1257 3881 1699 3934 communionem
1724 3896 1740 3948 ;
1777 3883 1918 3950 [tege
1948 3901 2046 3936 att-

458 3975 569 4024 tcm
601 3967 924 4020 inanimum
975 3968 1231 4032 intrante,
1267 3983 1460 4038 magna
1506 3984 1630 4026 esse
1681 3972 1848 4057 debet
1892 3981 2044 4026 tran-

458 4059 724 4128 quillitas,
775 4072 968 4128 magna
1023 4059 1202 4126 quies,
1238 4061 1348 4114 alta
1393 4075 1717 4133 summaque
1754 4065 2043 4133 COgitatiu-

458 4166 588 4209 num
621 4165 747 4219 pax.

528 4239 808 4308 Migraturi
836 4239 967 4296 hinc
996 4241 1042 4296 si
1073 4244 1462 4313 mysteriorum
1497 4243 1695 4303 fuerint
1726 4251 2040 4322 participes,

457 4348 592 4400 pura
623 4332 982 4396 conscientia,
1010 4349 1138 4388 cum
1187 4346 1497 4393 extremum
1543 4342 1745 4396 edituri
1778 4356 1905 4398 sunt
1933 4347 2042 4416 spié-

459 4426 651 4487 ritum,
688 4425 981 4492 stipatores
1018 4426 1220 4480 habent
1277 4432 1523 4498 angelos,
1556 4434 1650 4503 qui
1708 4435 1858 4506 ipsos
1907 4453 2038 4508 pro-

458 4526 575 4581 pter
605 4514 655 4567 id
693 4515 835 4580 quod
863 4528 1238 4585 sumpserunt,
1274 4521 1402 4576 hinc
1435 4523 1739 4581 deducunt.

2150 3342 2399 3396 ἐνιαυτοῦ
2433 3343 2591 3395 τοῦτο
2622 3343 2796 3414 τολμᾷ
2818 3360 2924 3409 τις,
2958 3343 3128 3412 πυρὸς
3158 3342 3298 3413 αῦτη
3335 3343 3494 3413 γέμει
3523 3346 3556 3413 ἡ
3598 3345 3727 3412 τρία

2148 3433 2288 3496 πεζα
2310 3431 2582 3501 πνεύματι
2607 3433 2834 3502 Κυρίου.
2869 3435 2978 3488 Καὶ
3007 3433 3259 3501 καθάπερ
3281 3434 3336 3485 αί
3364 3435 3539 3501 πηγαὶ
3568 3435 3722 3501 φύσει

2147 3525 2340 3588 ὕδατος
2389 3527 2802 3591 ἐνασλύζουσιν,
2863 3525 3007 3580 οὕτω
3056 3521 3158 3580 καὶ
3205 3526 3348 3598 αῦτη
3390 3529 3566 3596 φλόγα
3607 3529 3724 3582 τινά

2146 3617 2259 3686 ἔχει
2291 3616 2554 3688 ἄρρητον.
2591 3616 2682 3687 Μὴ
2716 3617 2900 3670 τοίνυν
2936 3616 3243 3689 προσέλθῃς
3275 3620 3533 3688 καλάμην
3565 3618 3720 3688 ἔχων,

2147 3709 2281 3776 ξύλα
2310 3711 2406 3763 καὶ
2453 3712 2668 3780 χόρτον,
2716 3709 2804 3762 ἵνα
2853 3711 2928 3779 μὴ
2988 3711 3214 3764 πλείονα
3263 3711 3364 3782 τὴν
3395 3714 3722 3782 ἐμπρησμὸν

2145 3803 2378 3874 ἐργάσῃ,
2413 3804 2508 3856 καὶ
2540 3804 2898 3874 κατακαύσῃς
2933 3804 3032 3874 τὴν
3062 3805 3596 3878 μεταλαμσάνουσαν
3619 3805 3718 3874 dpu-

2148 3895 2272 3964 χήν,
2316 3895 2554 3948 Βασιλέα
2597 3896 2961 3965 ὑποδέχεσθαι
3017 3897 3235 3966 μέλλεις
3265 3898 3354 3952 διὰ
3391 3899 3490 3969 τῆς
3535 3918 3715 3952 κοινω.

2145 3986 2286 4048 νίας⁰
2326 3985 2594 4055 βασιλέως
2635 3987 2694 4040 δέ
2745 3987 3118 4052 ἐπιϐαίνοντος
3148 3990 3246 4058 τὴν
3271 3990 3476 4060 ψυχὴν,
3523 3991 3716 4064 πολλὴν

2146 4075 2289 4130 εἶναι
2315 4076 2399 4131 δεῖ
2427 4077 2527 4148 τὴν
2554 4076 2817 4149 γαλήνην,
2848 4078 3051 4150 πολλὴν
3087 4079 3187 4150 τὴν
3217 4081 3471 4152 ἡσυχίαν,
3502 4083 3717 4153 βαθεῖαν

2143 4169 2254 4222 ’τῶν
2288 4169 2566 4240 λογισμῶν
2595 4171 2694 4238 τὴν
2725 4172 2970 4242 εἰρήνην.

2220 4262 2283 4314 Oi
2335 4261 2622 4332 μέλλοντες
2679 4265 2892 4318 ἐνθένδε
2936 4266 3234 4338 ἀπαίρειν,
3270 4268 3338 4323 ἃν
3377 4269 3581 4339 τύχωσι
3615 4272 3716 4324 uim

2149 4355 2467 4426 μυστηρίων
2495 4357 2858 4426 μετασχόντες
2885 4360 2940 4410 ἐν
2970 4358 3190 4432 καθαρᾷ
3228 4362 3562 4431 συνειδήσει,
3591 4364 3715 4420 ὅταν

2146 4447 2447 4502 ἀποπνέειν
2471 4447 2731 4517 μέλλωσι,
2763 4450 3194 4521 δορυφοροῦντες
3224 4453 3423 4516 αὐτοὺς
3447 4453 3517 4506 δι’
3548 4457 3715 4510 ἐκεῖνο

2144 4540 2204 4594 τὸ
2235 4539 2463 4608 ληφθὲν,
2495 4539 2802 4608 ἀπάγουσιν
2833 4542 3048 4596 ἐνθένδε
3079 4544 3326 4612 ἄγγελοι.

533 4603 585 4659 S.
637 4606 940 4660 Athanasii.
1013 4607 1068 4662 Si
1122 4611 1247 4680 quis
1311 4613 1605 4679 gulositate
1649 4629 1742 4673 aut
1792 4627 2034 4691 turpium

2219 4603 2386 4693 Ei'irt;
2417 4603 2522 4682 ὑπὸ
2551 4603 3018 4701 γαστριμαργίας,
3053 4633 3086 4703 ἢ
3121 4603 3576 4702 σύγκαταθέσεως
3598 4637 3715 4688 aia-

457 4712 725 4750 couscnsu
780 4699 1196 4767 cogitationum,
1257 4705 1416 4772 quasi
1473 4706 1588 4763 luto
1628 4714 2036 4772 contaminatus

458 4799 560 4852 est,
597 4791 642 4845 si
671 4792 794 4861 quis
825 4794 952 4849 odio
991 4806 1046 4852 et
1089 4797 1414 4868 injuriarum
1451 4806 1833 4865 recordatione
1879 4817 2034 4882 quasi

459 4883 722 4953 vertigine
751 4885 978 4942 aﬂ‘cctus
1007 4899 1114 4958 est,
1178 4893 1223 4947 si
1265 4894 1389 4963 quis
1421 4896 1623 4953 invidia
1654 4913 1748 4957 aut
1797 4903 1876 4957 ira
1915 4922 2037 4974 per-

458 4976 708 5029 turbatus
743 4987 845 5042 est,
883 4980 928 5034 si
980 4982 1104 5051 quis
1135 4988 1390 5055 superbia
1426 5003 1477 5045 et
1509 4996 1822 5066 arrogantia
1856 4999 2034 5053 victus

457 5076 688 5132 leuetur,
724 5068 769 5122 is
803 5069 870 5123 ad
903 5071 1085 5127 divina
1138 5087 1191 5130 et
1235 5094 1366 5149 pura
1412 5081 1526 5138 haec
1567 5087 1828 5156 mysteria
1878 5105 2036 5146 acce-

454 5160 582 5212 dere
613 5175 680 5214 ne
711 5162 876 5225 ausit,
911 5166 1231 5236 priusquam
1280 5188 1376 5240 per
1427 5177 1807 5242 pmniteutiam
1839 5197 2035 5239 conre-

453 5250 691 5304 nieutem
723 5253 916 5308 eluerit
955 5265 1008 5311 et
1040 5263 1286 5330 purgarit
1315 5266 1551 5338 seipsum
1582 5270 1650 5326 ab
1674 5273 1822 5328 Omni
1847 5277 2032 5334 carnis

453 5353 506 5396 et
528 5345 753 5410 spiritus
782 5346 1222 5418 inquinamento.

2143 4723 2289 4795 χρῶν
2325 4723 2604 4791 λογισμῶν
2636 4724 3061 4794 βεόορεόρωται,
3091 4727 3146 4779 εί
3181 4743 3263 4789 τις
3311 4727 3421 4780 ὑπὸ
3449 4729 3640 4796 μίσους
3662 4727 3712 4797 ζῆ

2145 4815 2510 4886 μνησικακίας
2546 4817 2871 4882 ἐσκότωται,
2896 4818 2949 4870 εί
2975 4834 3058 4883 τις
3089 4819 3193 4871 ὑπὸ
3225 4820 3424 4888 φθόνου
3469 4822 3503 4890 ἢ
3540 4821 3708 4891 ὀργῆς

2140 4909 2456 4973 τεθόλωται,
2513 4908 2568 4960 εί
2612 4925 2696 4972 τις
2756 4909 2862 4962 ὑπὸ
2903 4910 3283 4980 ὑπερηφανίας
3321 4912 3354 4980 ἦ
3391 4913 3708 4978 ἀλαζονείας

2140 5003 2500 5072 κεκράτηται,
2533 5000 2608 5072 μὴ
2638 5001 2886 5074 τολμήσῃ
2929 5003 3248 5074 προσελθεῖν
3276 5007 3389 5068 τοῖς
3419 5007 3590 5069 θείοις
3620 5010 3710 5062 καὶ

2140 5095 2426 5165 ἀκράντοις
2487 5097 2852 5167 μυστηρίοις,
2905 5096 3036 5168 πρὶν
3086 5099 3120 5168 ἢ
3175 5098 3263 5152 διὰ
3321 5101 3706 5170 προσηκούσης

2143 5187 2431 5256 μετανοίας
2466 5189 2876 5259 ἀπονιψάμενος
2908 5189 3185 5263 καθαρίσῃ
3214 5193 3410 5246 ἑαυτὸν
3444 5193 3554 5246 ἀπ’»
3584 5210 3712 5246 παν-

2139 5281 2226 5344 τὸς
2260 5280 2540 5352 μολυσμοῦ
2571 5282 2772 5353 σαρκδς
2807 5285 2900 5338 καὶ
2941 5283 3277 5356 πνεύματος.
