3974 6572
298 354 430 424 1257

1039 476 1115 529 Z'.

365 562 452 631 ni:
476 562 658 631 αὐτῷ.
681 565 790 627 Τὰς
814 564 909 619 νῦν
933 565 1248 633 καλάνδας
1275 563 1715 636 πανηγυρίζουσι
1738 562 1873 617 πάν-

290 674 402 723 τις,
446 654 529 722 οἷς
576 659 646 713 τά
705 659 998 730 Ῥωμαίων
1038 658 1429 729 πρεσϐεύεται,
1480 658 1574 712 καὶ
1634 657 1745 737 τῶν
1790 657 1871 719 εἰς

291 751 575 823 χαρμονὴν
615 751 984 805 συντελουσῶν
1008 751 1237 822 ἡμερῶν
1286 752 1409 814 ταῖς
1453 750 1743 822 μεγίσταις
1773 749 1871 815 ἐγ-

294 845 543 912 κρίνουσι
570 858 587 877 ⁸
616 843 711 897 καὶ
740 844 841 897 ούκ
872 842 986 896 ἐσθ’
1015 842 1074 907 ὃς
1119 842 1293 906 αὐτάς
1327 842 1427 895 οὐκ
1458 842 1583 911 ἄγει
1610 840 1872 911 γλυκεῖαν

293 935 508 1007 ἑορτὴν,
550 937 598 989 εί
629 935 704 1006 μὴ
738 934 987 1005 βούλεται
1013 936 1110 990 καὶ
1143 933 1315 998 αὐτὸς
1342 935 1565 1007 ἥδυσμά
1608 950 1663 987 τι
1693 948 1876 1001 παραρ

294 1028 513 1082 κεῖσθαι
545 1030 610 1097 τῇ
646 1026 980 1100 πανηγύρει,
1012 1027 1108 1083 καὶ
1154 1029 1222 1099 τῇ
1257 1026 1367 1080 τῶν
1406 1026 1718 1097 ἐσρταστῶν
1754 1025 1872 1077 ίλα-

298 1122 486 1191 ρότητι
535 1120 879 1192 παραρτύειν
913 1121 1005 1175 τὸν
1032 1119 1250 1189 γέλωτα
1273 1135 1289 1151 ⁶
1326 1118 1489 1183 αὐτὸς
1529 1118 1630 1189 μὲν
1668 1133 1873 1187 σεμνυ-

294 1215 525 1286 νόμενος
550 1214 646 1267 καὶ
684 1214 937 1282 συνάγων
970 1216 1052 1277 είς
1081 1212 1521 1283 σκυθρωπότητα
1544 1213 1644 1274 τὰς
1673 1209 1870 1280 ὀφρῦς,

292 1310 405 1368 τοῖς
437 1305 495 1360 δὲ
524 1305 828 1377 θεωμένοις
861 1306 1008 1361 καθά
1043 1323 1146 1359 που
1193 1307 1430 1369 καὶτοῖς
1462 1304 1691 1375 Ἕλλησι
1736 1302 1873 1373 Θερ-

294 1398 448 1468 σίτης
498 1400 631 1452 ποτὲ
668 1400 878 1454 πλατὺν
924 1399 1240 1470 ὑπανοίγων
1274 1399 1367 1452 τὸν
1415 1397 1764 1468 καγχασμὺν,
1794 1398 1873 1459 ὼς

292 1491 349 1543 ἐν
376 1490 549 1561 θιάσῳ
584 1492 737 1562 μέσῳ
766 1492 1115 1563 χορευόντων
1134 1491 1478 1563 χαρμόσυνα,
1503 1489 1872 1544 ἐπίκλαυστον

292 1584 437 1655 ᾅδων
467 1584 647 1649 αὐτὸς,
688 1586 766 1647 ῶς
806 1585 1193 1656 ἀνεόρταστος,
1220 1583 1297 1647 ῶς
1324 1582 1624 1654 ἀνέραστος
1651 1580 1745 1635 τοῦ
1771 1592 1875 1636 κά-

290 1676 409 1740 λοῦ,
443 1676 519 1740 ῶς
549 1677 813 1749 ἄντικρυς
842 1680 1204 1749 ἀχαρίτωτος,
1237 1677 1449 1747 πέτρας
1478 1676 1634 1751 (εῐπῃ
1666 1693 1750 1740 τις
1780 1674 1871 1743 ἂν)

1080 353 1502 419 EUSTATHII
1542 347 2303 415 THESSALONICENSIS
2326 348 2745 416 EPISTOLIE.

1080 471 1115 528 ο,
1900 468 1951 531 Α
1979 469 2078 539 τῆς
2117 470 2377 541 χάριτος,
2431 472 2545 526 εῖτε
2617 472 2726 543 μὴν
2784 472 3153 545 ἀντιχάριτος·
3183 476 3350 547 ἡμεῖς
3397 479 3454 533 δέ
3503 480 3556 534 οῖ

3422 356 3560 423 1258

1978 561 2167 632 λόγου,
2194 564 2245 617 εί
2298 565 2374 635 μὴ
2412 565 2486 636 τῷ
2518 564 2634 620 όντι
2672 566 3085 637 θεραπευτικοὶ,
3116 570 3450 642 θεράποντες
3503 572 3562 628 δὲ

1974 656 2148 725 ὅμως,
2176 656 2319 727 τάχα
2362 663 2420 711 δε
2450 660 2548 712 καὶ
2571 660 2804 731 ὀτρηροὶ
2848 660 2947 732 τὴν
2975 663 3164 731 τιμίαν
3205 682 3263 719 σε
3314 666 3560 737 κεφαλὴν
3640 735 3647 741 ⁸

1975 749 2072 800 καὶ
2106 748 2203 802 τοῦ
2240 750 2444 815 παντὸς
2479 750 2641 817 ἀξίαν
2671 751 2749 822 τῷ
2771 754 2906 825 παρ’
2937 756 3071 826 ἡμῖν
3100 758 3270 828 τιμίῳ
3300 759 3560 827 δεξιωσό-

1977 839 2118 910 μεθα
2168 841 2335 912 λόγῳ,
2389 845 2678 909 συνθέντες
2734 847 2928 902 τοῦτον
2980 850 3089 903 έσω
3138 852 3406 907 πίπτοντα
3456 852 3555 908 τοῦ

1975 933 2169 1003 καιροῦ
2192 949 2207 965 ο
2238 932 2436 989 οὔκουν
2464 937 2605 992 κατά
2642 939 2735 993 τὸν
2767 940 3054 1013 σοφιστὴν,
3090 943 3149 996 6v
3187 943 3218 996 6
3255 944 3413 1013 λόγος
3444 947 3558 1000 ἀνω

1976 1041 2058 1078 σοι
2088 1027 2493 1096 παρεστήσατο.
2536 1031 2639 1084 Ἦν
2679 1033 2787 1102 γάρ
2826 1036 3035 1098 ἐκεῖνος
3069 1035 3321 1090 ἐϐάδισεν
3346 1077 3361 1101 ,
3393 1038 3561 1103 αὐτὸς

1974 1118 2177 1187 τεμὼν,
2210 1120 2397 1191 ἔτριψε
2435 1124 2618 1192 μόνος.
2650 1126 2712 1180 Ol
2742 1127 2788 1180 δ’
2828 1128 2981 1183 ἄλλοι
3027 1130 3172 1184 δοκῶ
3221 1148 3314 1201 μοι
3363 1131 3431 1186 6v
3462 1132 3562 1201 τὴν

1973 1214 2231 1286 τοιαύτην
2279 1216 2587 1289 ὀκνήσωσιν
2617 1221 2905 1292 ἀτραπόν·
2938 1224 2999 1277 οὐ
3048 1225 3159 1295 γὰρ
3206 1226 3364 1280 ἐσται
3405 1229 3560 1296 σφίσι

1976 1312 2095 1359 κατ’
2130 1306 2276 1378 ἴχνος
2333 1310 2543 1381 βαίνειν
2574 1312 2670 1367 τοῦ
2703 1316 2958 1386 ῥήτορος.
3020 1316 3316 1389 Γράφομεν
3342 1318 3399 1374 δέ
3430 1321 3557 1375 κατ’

1975 1398 2165 1467 ἔφοδον
2194 1401 2383 1475 ἀλλην,
2418 1405 2486 1460 δι’
2517 1400 2588 1479 ἦς
2618 1407 2687 1461 16
2731 1409 2830 1479 τῆς
2869 1411 3018 1482 ῶριις
3050 1413 3151 1467 οὐκ
3182 1414 3560 1487 ἐκφράσομεν,

1975 1492 2113 1547 ἀλλά
2142 1495 2451 1566 φράσομεν,
2489 1500 2606 1563 τοῖς
2638 1501 2853 1555 ἑαυτῶν
2880 1503 2980 1575 τὴν
3011 1505 3232 1577 ἡμέραν
3262 1507 3558 1577 σεμνύνον-

1976 1602 2090 1649 τες,
2117 1587 2213 1641 καὶ
2235 1588 2314 1657 τῷ
2344 1592 2474 1659 περὶ
2502 1592 2828 1649 καλανδῶν
2862 1595 3007 1666 λόγῳ
3040 1598 3412 1670 ἐξοσιούμενοι
3458 1602 3560 1671 τὴν

1976 1677 2101 1731 κατ’
2142 1678 2357 1744 ἐκείνας
2401 1685 2739 1757 πανήγυριν.
2791 1688 2989 1743 Ἔσται
3031 1689 3088 1743 δέ
3139 1708 3224 1745 σοι
3254 1692 3560 1748 κάντεῦθέν

289 1769 647 1843 ἀ[γ]ελάστου
677 1772 822 1826 κατά
844 1771 941 1840 τὴν
963 1770 1267 1843 παροιμίαν
1293 1770 1619 1840 ἀπόκομμα.
1641 1771 1870 1836 Ἀγουσι
1907 1778 1949 1837 Β
1976 1785 2032 1822 τι
2080 1767 2256 1841 βραχὺ
2306 1776 2721 1847 προσωφέλημα
2741 1794 2756 1811 ο
2788 1778 2893 1833 κᾶν
2946 1781 2995 1834 εἰ
3044 1783 3140 1837 καὶ
3191 1784 3359 1853 μηδὲν
3411 1784 3561 1853 ἀλλο,

293 1865 397 1934 μέν
428 1862 522 1916 οὖν
549 1863 651 1926 τὰς
678 1862 992 1930 καλάνδας
1023 1865 1085 1917 ἐν
1130 1864 1275 1934 λόγῳ
1306 1863 1676 1935 πανηγύρεως
1702 1861 1876 1917 ἀπαν-

288 1972 386 2019 τες
406 1971 421 1986 ·
454 1956 650 2023 ἄγουσι
678 1956 735 2010 δέ
776 1954 913 2010 ἀλλα
960 1955 1134 2020 ἄλλοι,
1168 1956 1246 2021 ῶς
1288 1955 1523 2019 ἕκαστος
1552 1950 1695 2009 οῐδεν
1728 1953 1877 2025 ἔχειν

293 2047 329 2118 ἡ
369 2046 469 2101 τοῦ
505 2046 815 2118 βούλεσθαι,
843 2047 877 2118 ἡ
908 2046 1003 2101 τοῦ
1026 2046 1311 2103 δύνασθαι.
1342 2047 1453 2101 Καὶ
1482 2047 1669 2102 ὁποῖόν
1696 2064 1751 2100 τι
1779 2047 1877 2101 καὶ

291 2139 483 2209 ἡλίκον
516 2142 636 2203 ταῖς
667 2138 1003 2208 καλάνδαις
1031 2143 1175 2195 κατά
1201 2141 1310 2194 τῶν
1336 2138 1516 2195 ἀλλων
1545 2140 1771 2211 ἡμερῶν
1814 2140 1878 2192 τὸ

293 2230 591 2301 ἐκνίκημα,
626 2233 655 2285 ό
687 2231 858 2301 Σῦρος
885 2232 999 2303 ἔχει
1021 2231 1378 2303 παραστῆσαι
1406 2248 1489 2285 σοι
1518 2230 1798 2301 σοφιστής,
1832 2222 1877 2299 ᾧ

292 2323 399 2394 τὴν
424 2322 621 2392 κλῆσιν
648 2323 986 2379 ἐπέπνευσεν
1010 2326 1038 2379 6
1071 2324 1387 2397 πυρίπνους
1414 2323 1683 2393 ἐγχώριος
1710 2322 1879 2378 Λίϐα-

295 2434 412 2482 νος,
453 2418 483 2471 6
510 2418 610 2486 τῆς
640 2418 753 2471 τῶν
800 2418 993 2487 Σύρων
1034 2419 1137 2489 γῆς
1173 2416 1543 2488 ύπερτέλλων,
1577 2416 1675 2472 καὶ
1727 2417 1879 2473 κάτω

292 2526 405 2563 που
434 2509 651 2565 κεῖσθαι
686 2509 857 2581 αὐτὴν
888 2512 947 2565 ἐν
977 2508 1144 2581 κοίλῳ
1167 2510 1349 2579 ἀφείς.
1394 2508 1560 2563 Ἀλλά
1586 2508 1640 2564 τί
1674 2525 1756 2563 σοι
1782 2527 1879 2563 πε-

297 2600 585 2673 ριπλέκειν
623 2601 768 2656 δοκῶ
802 2602 1162 2672 περιφράζων
1187 2603 1283 2657 τὸν
1314 2603 1543 2673 ῥήτορα,
1590 2603 1687 2657 καὶ⁵
1717 2619 1878 2672 σοφι-

296 2692 503 2757 στικῶς
530 2691 630 2764 τὴν
659 2693 756 2747 τοῦ
787 2693 1054 2764 ὀνόματος
1088 2693 1453 2765 παρωνυμίαν
1502 2691 1881 2765 μεταχειριζό-

300 2800 468 2852 μενος
494 2800 511 2851 ;
542 2785 639 2840 καὶ
664 2785 787 2849 πῶς
813 2785 1120 2858 παρασύρω
1148 2786 1239 2841 τὸν
1256 2785 1425 2858 ἀνδρα
1453 2786 1531 2856 τῷ
1558 2784 1777 2857 Λιϐάνῳ
1801 2784 1880 2855 τῷ

292 2874 442 2946 ϐρει,
472 2875 568 2929 καὶ
613 2876 715 2930 οὐκ
742 2876 926 2945 ἐξάγω
955 2876 1057 2947 τῆς
1110 2877 1342 2950 λόχμης,
1369 2878 1464 2931 καί
1508 2895 1589 2932 σοι
1626 2876 1879 2949 παριστῶ

295 2966 395 3022 16v
422 2968 598 3024 δεινὸν
619 2969 881 3040 σοφιστὴν
904 2968 997 3023 16v
1022 2968 1284 3024 Λιϐἀνιον
1310 2986 1327 3038 ;
1353 2963 1559 3042 ⁴Ιόράιῖει
1583 2971 1715 3040 γοῦν
1740 2972 1881 3025 ἐκεῖ·

296 3078 415 3129 νος,
460 3060 520 3115 εὖ
558 3061 705 3131 μάλα
756 3062 897 3116 κατά
942 3061 1143 3135 τέχνην
1190 3062 1652 3136 περιηγούμενος,
1701 3063 1876 3117 ὁπόσα

294 3154 409 3208 τῶν
438 3154 620 3209 καλῶν
644 3154 1067 3226 τελοῦνταιπερὶ
1090 3155 1281 3220 αύτάς,
1308 3157 1436 3220 τοὺς
1484 3157 1735 3227 κρότους,
1753 3157 1879 3222 τοὺς

297 3245 531 3317 ὕμνους,
585 3248 710 3312 τοὺς
761 3251 1020 3315 παιᾶνας,
1056 3249 1126 3302 τά
1168 3248 1342 3320 δῶρα,
1386 3248 1562 3303 τᾶλλα
1591 3249 1691 3319 τῆς
1740 3249 1865 3319 ἡμέ

300 3356 406 3410 ρας
458 3339 665 3408 ἀγαθά,
698 3341 735 3396 6
795 3341 970 3413 στόμα
1028 3342 1289 3397 Λιϐανίου
1342 3342 1605 3412 τεχνικῶς
1651 3330 1883 3411 διαμασέ

298 3431 621 3501 σησάμενον
666 3432 856 3485 ἐλέανέ
885 3449 946 3486 τε
996 3432 1093 3487 καὶ
1119 3432 1331 3504 τροφήν
1366 3431 1581 3485 ἐνέθετο
1609 3432 1723 3494 τοῖς
1751 3448 1884 3502 προ-

296 3520 651 3592 τελουμένοις
704 3523 786 3577 ἐτι
816 3524 912 3577 καὶ
943 3522 1480 3596 βρεφοκομουμένοις
1523 3518 1636 3577 οἷον
1685 3522 1753 3577 16
1801 3526 1885 3586 είς

301 3615 634 3686 ῥητορικήν.
674 3616 773 3670 Ἐν
797 3616 861 3686 δή
890 3633 944 3670 τι
966 3616 1075 3669 τῶν
1102 3615 1203 3685 τῆς
1230 3616 1444 3687 ἡμέρας
1468 3616 1675 3687 ταύτης
1704 3616 1884 3669 καλῶν

300 3707 403 3759 καὶ
430 3705 494 3758 τὸ
526 3705 823 3776 δωρεῖσθαι
856 3708 951 3761 καὶ
978 3705 1233 3779 ἀλλήλοις
1259 3725 1313 3761 τι
1344 3706 1638 3773 συντελεῖν,
1666 3708 1727 3761 ού
1755 3708 1884 3774 τοὺς

298 3798 505 3862 αὐτοὺς
529 3800 646 3863 τοῖς
678 3799 866 3863 αὐτοῖς
890 3799 1274 3870 (συνάλλαγμα
1299 3801 1410 3872 γάρ
1440 3800 1601 3855 τοῦτο
1634 3798 1884 3854 τοιοῦτον

299 3890 406 3943 οὐκ
434 3889 679 3958 εὐγενὲς,
714 3891 913 3960 φρενὸς
946 3891 1250 3960 κερδαλέας
1296 3895 1574 3962 τέχνασμα
1604 3908 1623 3926 θ
1656 3892 1885 3961 κέρδους

298 3981 571 4050 ἀγεννοῦς
588 3982 938 4052 ἐμπόρευμα,
953 3982 1133 4053 ψυχῆς
1152 3982 1215 4036 οὐ
1236 3983 1426 4051 φιλικά
1449 3981 1755 4054 φρονούσης
1785 3984 1883 4052 ἐμ-

301 4075 575 4145 πόλημα),
608 4073 724 4127 ἀλλ’
752 4073 945 4145 ἀλλους
965 4076 1148 4139 ἄλλοις
1176 4089 1191 4106 ·
1225 4074 1321 4128 καὶ
1361 4076 1572 4139 πάντας
1595 4076 1881 4146 ἀλλήλοις,

299 4166 467 4221 ἄλλον
506 4166 637 4221 ἀλλο
665 4183 720 4220 τι
766 4166 1109 4238 χαρίζεσθαι⁹
1137 4166 1211 4228 ῶς
1238 4165 1353 4220 ἐστι
1389 4165 1490 4234 μὶν
1515 4159 1578 4220 οὗ
1605 4165 1702 4237 τὴν
1724 4166 1886 4237 χάριν

298 4258 713 4327 ἀνακάμπτειν,
741 4258 837 4311 καὶ
865 4258 1003 4327 πρὸς
1030 4256 1128 4325 τὴν
1149 4256 1504 4327 κατάρξασαν
1527 4257 1882 4325 στρέφεσθαι·

300 4351 422 4404 ἐστι
454 4350 501 4404 δ’
523 4351 613 4404 ὅτε
642 4354 738 4404 καὶ
759 4348 1145 4420 εὐθυωροῦσαν
1172 4348 1492 4419 προϐαίνειν
1514 4348 1638 4403 κατ’
1665 4347 1886 4403 εὐθεῖαν

1978 1862 2095 1916 ἀλλ’
2135 1864 2217 1917 ὅτι
2248 1881 2379 1936 περ,
2419 1867 2453 1921 6
2483 1868 2701 1935 πολλοῖς
2735 1871 2978 1941 ἐδαφίοις
3020 1872 3221 1944 βίϐλων
3250 1875 3567 1947 κατέσπαρ-

1978 1969 2096 2022 ται,
2119 1955 2286 2026 ἡμεῖς
2322 1957 2755 2031 ἀποτεμόμενοι,
2791 1964 3053 2037 καθάπερ
3084 1967 3223 2039 ἀδρά
3243 1985 3366 2023 τινα
3397 1969 3567 2040 δράγ-

1982 2061 2153 2116 ματα,
2181 2048 2258 2112 ῶς
2285 2050 2370 2113 είς
2392 2050 2613 2121 εὐρεῖαν
2642 2053 2882 2126 πανδεχῆ
2912 2057 3080 2111 καλοῦ
3110 2060 3313 2123 παντὸς
3331 2059 3564 2127 αὔλακα,

1980 2138 2078 2209 τὴν
2133 2140 2233 2211 σὴν
2290 2142 2579 2213 φιλολόγον
2654 2146 2838 2219 ψυχὴν
2889 2148 3148 2220 φέροντες
3201 2152 3565 2222 ἐντιθέαμεν,

1981 2229 2141 2302 θέρος
2202 2248 2287 2287 σοι
2339 2233 2499 2289 τοῦτο
2536 2238 2937 2308 ’σχεδιάζοντες
2990 2241 3249 2314 εὔδαιμον
3306 2245 3366 2299 ἐν
3421 2246 3562 2319 μέσῃ

1980 2324 2252 2395 χειμῶνος
2278 2324 2420 2397 ὥρᾳ·
2455 2326 2484 2380 6
2521 2327 2585 2381 σὺ
2619 2329 2742 2401 τάχ’
2769 2330 2837 2385 ἂν
2873 2333 2971 2388 καὶ
3024 2335 3104 2399 είς
3137 2336 3378 2406 χρυσοῦν
3406 2336 3565 2409 θέρος

1980 2416 2269 2490 ἐγγράψας
2300 2419 2600 2485 εἰκάσειας⁸
2644 2423 2744 2492 οὐχ
2788 2423 2871 2477 ὅτι
2903 2424 3138 2494 τοιοῦτο,
3171 2427 3292 2481 ἀλλ’
3338 2428 3421 2483 ὄτι
3458 2447 3565 2500 περ

1980 2510 2125 2564 οὕτω
2177 2527 2263 2564 σοι
2306 2510 2706 2567 ταλαντεύεται
2761 2515 2830 2568 τά
2870 2515 3156 2588 ἡμέτερα,
3207 2520 3303 2573 καὶ
3339 2522 3565 2592 τιμᾶται

1981 2598 2202 2655 πολλοῦ.
2250 2601 2501 2671 Δέγομεν
2552 2598 2648 2657 οὖν
2700 2603 2857 2659 ἐνθεν
2884 2605 3120 2672 ἑλόντες,
3173 2606 3294 2682 [ῶς]
3338 2611 3439 2665 οὐκ
3484 2615 3566 2677 είς

1980 2691 2079 2745 ἕνα
2124 2692 2246 2746 τινὰ
2284 2694 2479 2764 καιρὸν
2518 2692 2588 2748 τό
2627 2694 2736 2764 τῆς
2782 2697 3095 2767 καλάνδης
3125 2700 3330 2769 ἀγαθὸν
3379 2720 3565 2757 στενο-

1981 2782 2329 2854 χωρούμενον
2362 2788 2795 2858 περιγράφεται·
2828 2792 3316 2862 συνεπιμερίςεται
3366 2794 3422 2848 δέ
3450 2796 3567 2861 τοῖς

1980 2872 2187 2929 δώδεκα
2220 2876 2479 2947 μεγάλοις
2508 2879 2699 2948 τμὴσα
2715 2896 2767 2932 σι
2803 2878 2899 2933 τοῦ
2946 2881 3221 2946 ἐνιαυτοῦ,
3247 2883 3284 2937 6
3315 2884 3568 2955 κινούμε-

1982 2981 2070 3029 νος
2099 2966 2252 3036 ἥλιος
2295 2967 2393 3022 καὶ
2447 2968 2807 3041 παρελαύνων
2856 2971 2917 3025 τὸ
2954 2970 3050 3026 τοῦ
3098 2971 3372 3036 ζωδιακοῦ
3409 2975 3566 3042 λοξοῦ

1981 3056 2184 3110 κύκλου
2243 3059 2725 3131 δωδεκατημόριον
2778 3062 3012 3118 ἕκαστον
3063 3065 3252 3135 τέμνει
3278 3082 3293 3097 ’
3330 3065 3426 3120 καὶ
3475 3067 3569 3120 τὸν

1983 3147 2232 3202 ἐνιαυτοῦ
2274 3150 2540 3220 στέφανον
2568 3151 2712 3206 οὕτω
2744 3155 3029 3223 περιάγων
3056 3195 3071 3219 ,
3107 3156 3310 3225 γράφει
3349 3158 3441 3212 τὸν
3471 3158 3568 3212 κύ-

1983 3239 2113 3293 κλον
2150 3239 2394 3313 ὁλοτελῆο
2424 3243 2521 3296 καὶ
2570 3244 2695 3297 ὅσαι
2733 3246 3022 3314 νεομηνίαι
3052 3246 3562 3318 ύπανακύπτουσιν,

1984 3333 2162 3403 ἀρχάς
2196 3333 2501 3388 ἐνδιδοῦσαι
2546 3334 2642 3388 τοῦ
2697 3336 2969 3406 χρονικῶς
3013 3338 3231 3409 τρέχειν
3279 3342 3401 3405 ταῖς
3440 3342 3570 3410 ἐφα-

1985 3424 2106 3495 ξῆς,
2154 3425 2419 3481 τοσαῦται
2466 3428 2563 3481 καὶ
2592 3429 2892 3484 καλάνδαι
2923 3433 3406 3499 συνεκπίπτουσιν,
3437 3435 3571 3489 ἐκά-

1988 3534 2117 3571 στου
2150 3520 2259 3573 τῶν
2301 3520 2490 3590 μηνῶν
2521 3521 2987 3591 προεξάρχουσαι.
3027 3523 3138 3578 Καὶ
3182 3525 3326 3595 τάχα
3356 3528 3443 3589 είς
3467 3544 3569 3579 πο-

1985 3609 2303 3681 λυωνυμίαν
2357 3610 2421 3665 τὸ
2471 3610 2579 3665 τῶν
2635 3611 2837 3677 λέξεων
2867 3614 3061 3685 χρῆμα
3110 3615 3445 3683 συνάγεταιο
3474 3620 3571 3673 καὶ

1986 3703 2103 3758 ἐστι
2127 3704 2327 3758 ταυτὸν
2348 3706 2427 3769 εἰς
2454 3705 2783 3776 πράγματος
2808 3707 2997 3776 φύσιν,
3026 3708 3337 3777 καλάνδας
3374 3726 3443 3767 τε
3474 3712 3571 3765 καὶ

1985 3796 2321 3866 νουμηνίας
2355 3796 2393 3866 ἣ
2426 3798 2773 3867 ἱερομηνίας
2804 3801 3005 3854 εἰπεῖν’
3032 3801 3220 3875 ὥσπερ
3244 3802 3307 3873 δή
3346 3820 3449 3857 που
3473 3804 3570 3859 καὶ

1986 3890 2272 3946 ἐνιαυτὸν
2298 3892 2390 3945 καὶ
2420 3892 2577 3958 ἔτος,
2613 3892 2716 3963 ἡδη
2757 3892 2814 3947 δὲ
2842 3894 2938 3946 καὶ
2968 3895 3211 3962 χρόνον,
3243 3895 3318 3958 ῶς
3353 3896 3386 3966 ἡ
3418 3896 3571 3951 κάτω

1987 3983 2219 4053 κειμένη
2261 3984 2356 4036 καὶ
2386 3983 2619 4037 ταπεινά
2637 3983 2989 4056 φθεγγομένη
3029 3984 3314 4051 διάλεκτος
3337 3989 3405 4042 ἂν
3438 3988 3574 4043 61:0-

1989 4070 2322 4143 φθέγξηται.
2352 4072 2464 4142 Οὐχ
2493 4072 2860 4127 ύποπέπτωκε
2892 4074 2950 4127 δέ
2972 4075 3197 4148 τοιαύτη
3232 4078 3376 4143 λέξις
3396 4078 3564 4151 ἀρχῇ,

1987 4159 2097 4213 οὐδ’
2126 4160 2241 4212 ἐστι
2279 4161 2649 4231 πρωτόθετος·
2678 4161 2795 4214 ἀλλ’
2829 4164 2892 4215 ἐκ
2922 4164 3013 4216 τοῦ
3041 4165 3273 4229 καλεῖν,
3302 4163 3393 4222 οἷά
3421 4185 3568 4234 τινος

1988 4252 2192 4323 ἀρχῆς,
2224 4255 2341 4307 εῖτε
2404 4254 2517 4323 μὴν
2572 4252 2705 4323 ὕλης
2751 4255 3045 4325 ἀρχεγόνου
3081 4257 3415 4329 παράγεται.
3457 4262 3571 4317 Καὶ

1990 4344 2108 4398 ἐστι
2153 4347 2254 4414 μὲν
2302 4345 2521 4417 ἀληθῶς
2576 4346 2826 4401 Λατίνων
2866 4348 3132 4419 ἐγχώριος
3186 4352 3223 4422 ἡ
3266 4351 3445 4423 φωνὴ,
3474 4356 3570 4408 καὶ

303 4442 596 4513 μετάδοσιν
626 4479 643 4505 ,
696 4439 895 4495 οὔκουν
946 4441 1220 4495 ἀντίδοσιν
1240 4458 1254 4472 ο
1283 4441 1381 4496 καὶ
1433 4440 1731 4513 πῳρῤέειν
1783 4441 1883 4506 τὰς
1916 4456 1962 4513 υ
1989 4437 2096 4505 ἔξω
2143 4455 2250 4491 που
2280 4438 2382 4510 τῆς
2427 4439 2699 4511 Ἐλλήνων
2724 4439 2893 4511 αὐλῆς
2920 4442 3206 4513 θυραυλεῖ.
3235 4444 3345 4497 Καὶ
3376 4444 3569 4500 εἰδεῖεν

300 4535 566 4605 χάριτας,
590 4534 665 4602 πῆ
698 4533 798 4604 μιν
835 4534 941 4587 ἀνά
967 4533 1191 4599 κύκλον,
1217 4535 1313 4587 καὶ
1363 4534 1459 4603 (ὡς
1486 4534 1688 4604 εἰπεῖν)
1712 4534 1885 4605 ἀψορ-

304 4625 495 4693 ρόους,
532 4624 611 4693 πῆ
643 4622 691 4675 δ’
743 4622 828 4677 ίθύ
883 4641 1002 4687 πως
1030 4623 1122 4677 τὸν
1155 4623 1283 4695 ῥοῦν
1318 4623 1622 4696 εὗθύρῤουν
1649 4623 1887 4697 προϐάλ-

300 4714 520 4770 λεσθαι.
553 4713 665 4784 Τὴν
691 4714 802 4786 γὰρ
834 4715 1216 4786 παροιμιακὴν
1238 4716 1487 4788 ἀνάγκην
1515 4716 1885 4788 διαγραπτέον

299 4806 561 4873 ἐνταῦθα,
594 4807 706 4873 Δός
729 4824 786 4860 τι
835 4806 933 4861 καί
961 4806 1111 4862 λάϐε
1151 4825 1229 4875 τι,
1258 4808 1547 4878 λέγουσαν.
1593 4808 1884 4879 Ἐξοστρα-

298 4901 498 4962 κιστέα
522 4897 633 4970 γάρ
669 4898 834 4969 αὕτη,
865 4900 1146 4964 πολιτείας
1192 4900 1554 4971 ὑγιαινούσης
1601 4901 1665 4955 τὸ
1709 4901 1884 4970 ἀνεμ-

300 4991 574 5059 πόρευτον
618 4991 938 5046 κοινωνικὸν
976 4992 1304 5063 ἀναιροῦσα,
1337 4993 1433 5047 καὶ¹
1457 4992 1560 5063 τὴν
1594 4993 1781 5063 φιλίαν
1828 4992 1887 5058 ἐξ

299 5083 602 5155 ἀνθρώπου
673 5085 964 5155 βάλλουσα.
1039 5086 1233 5154 Ἡμεῖς
1293 5085 1386 5140 οὖν
1451 5085 1731 5156 ἀπέχομεν
1784 5084 1885 5156 ήδη

305 5180 480 5251 μυρία
525 5179 638 5233 τῶν
679 5179 790 5232 σῶν
817 5179 1042 5248 ἀγαθῶν
1072 5216 1090 5243 ,
1139 5178 1176 5232 6
1210 5179 1532 5244 καταντλεῖς
1563 5180 1724 5250 ήμῶν
1756 5181 1888 5250 όση-

304 5272 495 5342 μέραι·
522 5270 603 5323 δεῖ
638 5272 696 5323 δὲ
729 5274 824 5324 καὶ
858 5273 1011 5341 ἡμᾶς
1038 5270 1181 5324 κατά
1214 5271 1313 5335 τὰς
1345 5273 1403 5324 ἐν
1438 5271 1722 5341 συμϐόλων
1750 5287 1888 5342 γρα-

302 5366 434 5434 φαῖς
490 5364 836 5434 ὑμνουμένας
893 5366 1123 5436 χάριτας
1168 5364 1279 5419 τῶν
1333 5364 1445 5419 σῶν
1514 5366 1886 5435 ἐπιστρόφους

300 5454 559 5524 γενέσθαι
582 5456 845 5526 χαρίτων,
870 5459 931 5511 ού
957 5458 1226 5524 διδόντας,
1257 5458 1396 5512 ἀλλά
1431 5459 1687 5529 μεγάλων
1718 5460 1891 5531 προῦ-

301 5546 634 5615 παρξάντων
670 5548 1035 5612 ἀντιδιδόντας
1074 5550 1277 5620 μικρά’
1314 5552 1411 5603 καὶ
1458 5552 1647 5621 χεῖρας
1697 5550 1888 5620 χερσὶν

300 5638 585 5707 ἐμϐαλεῖν,
619 5641 715 5692 καὶ
746 5640 914 5695 καλοῦ
943 5641 1135 5696 τούτου
1161 5642 1366 5697 κύκλου
1392 5643 1608 5714 χορείας
1631 5644 1888 5714 Χαρίτων

300 5730 713 5799 κατάρξασθαι.
774 5736 886 5787 Καὶ
930 5734 997 5803 δὴ
1026 5735 1234 5803 γίνεται
1272 5737 1434 5789 τοῦτο
1466 5736 1604 5807 πρὸς
1636 5736 1884 5805 δύναμιν.

306 5822 498 5877 ’Δλλοι
529 5824 631 5895 μὲν
664 5824 760 5878 οῦν
782 5826 958 5889 ἄλλως
992 5827 1449 5896 ἀφοσιούσθωσαν
1480 5827 1560 5899 τῷ
1611 5827 1793 5899 καιρῴ
1816 5813 1897 5883 τά

637 5921 911 5988 Ρεταοι..
950 5924 1068 5987 Gn.
1098 5925 1439 5989 CXXXVI.

1990 4531 2057 4585 6v
2087 4530 2333 4601 ἀκριϐῶς
2387 4532 2591 4586 ἐκεῖνοι
2650 4534 2709 4585 τὸ
2738 4532 2913 4604 ῥῆμα,
2956 4534 2985 4587 6
3029 4534 3084 4587 τί
3120 4551 3251 4590 ποτε
3296 4532 3566 4606 βούλεται.

1984 4620 2217 4691 Φέρεται
2255 4621 2302 4675 δ’
2337 4621 2494 4691 ὅμως
2543 4621 2719 4690 λόγος,
2755 4622 2830 4686 ὡς
2878 4624 2987 4693 ἀρα
3034 4623 3101 4678 τὸ
3152 4624 3365 4680 καλεῖν
3399 4626 3571 4696 ὄνομα

1984 4713 2084 4777 τὰς
2133 4713 2444 4781 καλάνδας
2474 4715 2824 4785 παρήγαγεν.
2863 4716 2926 4769 '0
2974 4716 3087 4787 γάρ
3119 4733 3201 4772 τοι
3231 4747 3302 4761 —-
3338 4720 3449 4775 εἴτε
3474 4721 3570 4775 καὶ

1986 4803 2265 4870 Λατῖνος,
2291 4805 2402 4857 εἴτε
2423 4805 2521 4858 καὶ⁵
2555 4804 2860 4876 Ῥωμαῖος,
2902 4805 3085 4876 βούλει
3114 4808 3294 4878 λέγειν
3317 4812 3572 4882 -ἱερεὺς

1986 4895 2044 4948 ἐν
2075 4896 2266 4959 αὑταῖς
2300 4894 2647 4965 περικαλῶν
2682 4898 2773 4951 τὸν
2796 4899 2955 4969 όχλον
3000 4899 3349 4971 κηρύγματι,
3379 4904 3476 4967 τάς
3509 4920 3569 4957 τε

1986 4989 2216 5053 νόννας
2246 4986 2343 5042 τοῦ
2377 4989 2575 5061 μηνὸς,
2607 4990 2815 5061 πηνίκα
2848 4993 2956 5065 χρὴ
2998 4994 3154 5063 ἀγειν
3177 5034 3193 5061 ,
3232 4994 3445 5064 ἐξεϐόα,
3479 4998 3573 5050 κα)⁸

1988 5081 2083 5144 τὰς
2115 5080 2318 5146 είὸοῦς
2376 5081 2435 5135 δέ
2488 5082 2896 5155 προανέκραζε.
2930 5086 3090 5152 Τίνες
3142 5088 3200 5142 δὲ
3228 5083 3389 5143 αὗταί
3435 5090 3569 5155 εἰσι,

1990 5172 2307 5244 βουλομένῳ
2338 5173 2489 5228 ἐστιν
2516 5173 2774 5231 ἀκοῦσαιο
2822 5179 2959 5243 τέως
2981 5178 3027 5233 δ’
3053 5182 3347 5250 ἀναμένειν
3369 5180 3571 5251 χρεῶν.

2001 5267 2236 5336 Ἤγοντο
2273 5268 2373 5338 μὲν
2417 5263 2514 5323 οὖν
2545 5270 2720 5325 πᾶσαι
2769 5271 3067 5327 καλάνδαι
3112 5272 3201 5327 διά
3249 5272 3440 5343 τιμῆς,
3476 5274 3572 5328 καὶ

1992 5361 2135 5427 ιεραὶ
2163 5352 2307 5427 ἦσαν
2341 5357 2572 5430 ἡμέραι,
2615 5360 2707 5415 ὅτε
2764 5364 2861 5416 καὶ
2911 5361 3215 5433 νεομηνίαι’
3245 5361 3343 5415 καὶ
3374 5362 3437 5417 16
3469 5364 3571 5435 τῆς

1993 5449 2163 5520 ἀρχῆς
2196 5449 2340 5503 οὕτω
2393 5449 2538 5506 θεῖον
2591 5451 2895 5523 ἀνέφαινον.
2949 5451 3137 5517 Ἐδοξέ
3188 5451 3246 5509 δέ
3301 5462 3420 5518 πως
3470 5456 3571 5520 τὰς

2002 5544 2401 5614 Ἰαννουαρίους
2443 5546 2760 5612 καλάνδας
2804 5546 3063 5617 προέχειν
3106 5546 3217 5600 τῶν
3247 5546 3445 5616 ἀλλων,
3475 5551 3573 5602 καὶ⁵

1989 5639 2051 5691 τὸ
2100 5638 2211 5694 τῶν
2243 5638 2450 5694 λοιπῶν
2494 5640 2801 5712 πρεσϐεῖον
2848 5638 3284 5708 ἐξιδιώσασθαι,.
3310 5640 3406 5695 καὶ⁵
3434 5641 3575 5694 ἀπο⁶

1990 5734 2198 5807 κρύψαι
2228 5735 2327 5801 τὰς
2357 5736 2525 5800 ἀλλας
2569 5736 2648 5805 τῷ
2695 5736 2940 5804 θαύματι
2965 5748 2980 5764 ο
3007 5732 3083 5797 ῶς
3118 5737 3214 5789 καὶ
3246 5734 3576 5806 σεσιγῆσθαι

1987 5828 2090 5894 τάς
2138 5829 2329 5893 λοιπὰς
2352 5870 2368 5897 ,
2430 5829 2525 5883 καὶ
2585 5828 2709 5899 μηδ’
2762 5827 2935 5899 δνομα
2987 5825 3119 5897 γοῦν
3170 5826 3481 5897 καλάνδης
3518 5828 3579 5881 ἐν
