3974 6570
317 414 456 486 I265

1097 417 1515 480 EUSTATHII
1553 417 1844 480 THESSA
1855 415 2037 479 1.0NI
2043 418 2314 480 CENSIS
2364 413 2781 477 EPISTOL‘E.

3447 411 3583 480 1266

308 534 380 586 τὰ
409 533 545 589 ἀλλα
572 534 733 590 καλά.
765 536 828 590 El
859 537 914 593 δέ
941 541 1032 594 καὶ
1071 539 1210 610 πρὸς
1255 536 1388 606 ὕλην
1433 535 1748 598 ἀπονεύεις,
1783 535 1893 589 ἰδοὺ
1926 546 1974 603 Α
2000 539 2146 608 νήσῳ
2190 536 2541 608 διατρίϐοντα
2583 539 2919 610 προσφωνεῖ,
2966 540 3063 593 καὶ
3103 536 3394 611 ὑπερόριον
3437 539 3583 594 οὕτω

322 626 614 696 σταφυλῶν
653 621 800 684 0610-.
843 633 1067 702 βότρυες
1117 631 1229 686 τῶν
1266 647 1349 684 σοι
1387 629 1752 700 φιλουμένων,
1801 626 1907 681 λύο

313 735 412 787 γου
437 719 853 792 ἀπῃωρημένοι.
884 723 1068 794 Σωρὺς
1104 727 1204 795 μὲν
1227 717 1382 787 οὗτος
1418 719 1500 786 εἷς
1530 720 1608 791 τῷ
1629 719 1901 792 καλλίστῳ

318 812 614 882 Κομνηνῷ,
645 815 724 885 τῷ
775 816 874 887 τὴν
925 816 1068 887 ἐμὴν
1114 817 1323 885 ταύτην
1371 815 1530 883 δίκην
1560 809 1620 868 e6
1671 812 1904 883 ἀγορεύ-

318 918 475 957 σαντι
501 921 515 935 ο
551 904 739 975 ἕτερος
761 907 816 962 δέ
847 907 924 979 τῷ
955 907 1254 980 ὑπερκάλῳ
1280 907 1484 978 Δούκᾳ,
1515 905 1613 960 ἐὰν
1655 905 1791 974 ἡμῖν
1822 902 1905 967 εἰς

315 992 375 1044 ἐν
407 996 703 1070 συμϐαίνῃ,
755 999 853 1054 καὶ
887 1001 1097 1071 ἀπολύῃ
1137 1003 1236 1072 τῆς
1290 999 1574 1071 μέμψεως,
1605 997 1777 1069 πρινὴ
1813 995 1908 1051 τὸν

317 1087 584 1161 δικαστὴν
621 1092 1030 1162 ἀποφήνασθαι,
1069 1094 1160 1157 Ὦς
1225 1095 1340 1162 είγε
1400 1093 1475 1164 μὴ
1542 1092 1700 1146 τοῦτο
1754 1100 1903 1154 ποιεῖ

320 1180 488 1251 (τάχα
525 1181 584 1236 δέ
631 1183 693 1239 06
728 1187 914 1240 ποιεῖ·
948 1187 1010 1240 οὐ
1049 1185 1242 1257 λέληθε
1271 1186 1379 1257 γὰρ
1399 1185 1510 1240 οὐδ’
1543 1184 1713 1240 αὐτὸν
1735 1183 1908 1251 τάλη-

323 1273 459 1340 θὲς).
488 1275 637 1331 ἔσται
671 1295 755 1338 σοι
785 1281 882 1334 καὶ
901 1279 1062 1334 τοῦτο
1085 1280 1145 1334 τδ
1172 1279 1546 1350 βοτρυηφόρον
1577 1277 1908 1348 καμακίδιον

322 1367 404 1429 είς
433 1367 708 1439 ἐπιθήκην
744 1369 960 1437 μισθοῦ.
991 1371 1057 1424 Τί
1089 1371 1198 1438 γὰρ
1227 1371 1310 1424 δεῖ
1349 1370 1623 1441 ψωμίζειν
1653 1368 1750 1422 καὶ
1777 1367 1908 1430 τοὺς

326 1459 554 1530 ἐχθρούς
578 1460 741 1526 ;·⁹Ίνα
768 1462 824 1516 δὲ
853 1461 1017 1532 μάθοι
1038 1463 1068 1515 ό
1094 1462 1477 1534 λαμπρότατος
1499 1461 1596 1517 καὶ
1621 1461 1907 1525 κάλλιστος

325 1553 420 1605 καὶ
473 1554 846 1620 συνετώτατος
879 1555 1114 1621 Δούκας,
1140 1557 1235 1609 καὶ
1259 1556 1410 1619 ὅπως
1453 1554 1567 1624 ἐγὼ
1619 1555 1749 1619 τοὺς
1771 1553 1907 1623 γαύ-

329 1664 455 1717 ρους
482 1647 803 1720 ἀνθρώπους
846 1651 988 1720 μισῶ
1023 1654 1115 1704 καὶ
1154 1651 1291 1714 τοῦς
1322 1649 1618 1713 ὀκνοῦντας
1644 1649 1708 1704 τὸ
1732 1665 1908 1719 προσ-

326 1743 533 1806 κυνεῖν,
568 1740 922 1811 ὐπανάγνωθι
955 1742 1106 1812 αὐτῷ
1133 1742 1292 1807 λόγον
1318 1743 1461 1797 κατά
1480 1742 1594 1796 τῶν
1620 1741 1906 1809 τοιούτων,

327 1830 389 1886 ὃν
428 1833 538 1899 ἐγὼ
567 1833 694 1904 ἀρτι
729 1835 937 1908 παλαιᾷ
983 1837 1188 1906 μυθικῇ
1221 1835 1369 1906 ζύμῃ
1407 1835 1779 1906 ἐφυρασάμην
1800 1850 1814 1864 ·
1847 1832 1908 1898 ὃς

2007 630 2228 701 γραφὴν
2269 629 2664 701 διαπέμπεται.
2724 630 2838 686 Καὶ
2888 631 3128 700 ἀληθῶς,
3169 632 3406 706 αὐθέντη
3456 649 3584 701 μου,

2009 721 2274 786 πολλάκις
2307 724 2403 791 μὲν
2437 724 2531 776 καὶ
2573 721 2791 786 πολλοῖς
2823 721 2922 777 οὐκ
2945 723 3195 795 ἐνδήμοις
3237 725 3412 794 φίλοις
3457 725 3584 778 ἐπιο

2012 815 2216 868 στολῶν
2250 813 2445 883 λόγους
2495 816 2759 886 ἐπαφῆκα
2782 830 2797 846 ⁶
2854 815 3011 869 οὔπω
3067 814 3125 868 δέ
3155 834 3254 886 μοι·
3291 818 3457 886 μέχρι
3487 815 3588 871 καὶ

2009 907 2198 980 ἐσάρτι
2224 908 2252 961 ό
2287 908 2566 978 πτερωτὸς
2586 901 2741 974 οὗτος
2757 907 2969 981 Ἑρμῆς
3002 909 3318 982 δολιχεύσας
3351 911 3434 974 είς
3482 929 3587 981 μαι

2009 1003 2269 1074 κρότερον
2299 1002 2458 1057 ἐλυσε
2479 1003 2543 1058 τδ
2580 1001 2802 1074 πτερόν,
2866 1003 2933 1057 οὐ,
2967 1003 3113 1058 κατὰ
3159 1003 3251 1056 τὸν
3284 1002 3587 1072 Ὁμηρικὸν

2019 1095 2232 1167 Ἑρμῆν
2254 1097 2312 1160 ἐς
2339 1095 2438 1166 τὴν
2459 1095 2559 1166 τῆς
2579 1094 2874 1165 Καλυψοῦς
2898 1095 3146 1166 πλαστὴν
3178 1094 3342 1164 νῆσον
3372 1094 3588 1148 στελλό-

2013 1205 2196 1260 μενος,
2221 1189 2280 1243 ὂν
2321 1188 2492 1258 μῦθος
2523 1188 2810 1258 ποιητικὸς
2859 1189 2940 1253 είς
2991 1187 3187 1244 λευκὸν
3232 1189 3383 1258 ὄρνιν
3419 1205 3589 1260 μετα-

2010 1281 2226 1345 πλάσας
2272 1281 2526 1352 ἐπαφῆκε
2585 1282 2701 1344 τοῖς
2733 1283 2975 1351 κύμασιν
2999 1297 3015 1314 ο
3049 1281 3167 1336 ἀλλῖ
3196 1282 3356 1337 ἀλλον
3384 1282 3588 1354 τρόπον

2008 1372 2087 1442 τῷ
2107 1371 2289 1442 λευκῷ
2316 1371 2490 1440 τούτῳ
2538 1371 2730 1444 βιϐλίῳ
2755 1367 2847 1427 οἷά
2876 1389 2984 1426 τινι
3045 1373 3330 1445 πορθμείῳ
3365 1373 3590 1444 ἐμϐιϐα-

2008 1467 2258 1536 ζόμενος,
2293 1468 2388 1521 καὶ
2429 1464 2569 1537 πρὸς
2597 1465 2696 1536 τὴν
2743 1466 2831 1520 διὰ
2877 1467 2938 1520 σέ
2988 1465 3328 1536 όλϐιωτάτην
3377 1468 3585 1536 ταύτην

2008 1561 2170 1632 νῆσον
2196 1558 2322 1630 ἄρτι
2348 1559 2730 1631 πεμπόμενος.
2758 1560 3011 1632 Ζηλωτὸν
3041 1563 3141 1630 μὲν
3176 1561 3286 1632 γάρ
3313 1580 3368 1616 τι
3393 1563 3586 1631 χρῆμα

2007 1648 2076 1725 ἦν
2102 1653 2190 1707 ὅτε
2218 1653 2252 1724 ἡ
2301 1652 2469 1722 νῆσος
2505 1651 2670 1724 αὕτη,
2702 1655 2799 1710 καὶ⁴
2827 1657 3095 1723 γενναίων
3123 1655 3336 1723 ἀνδρῶν
3357 1656 3586 1726 οἰκητή-

2013 1763 2128 1817 ριον
2152 1761 2169 1777 ⁶
2204 1745 2253 1799 εί
2282 1744 2340 1799 δέ
2385 1745 2480 1798 καὶ
2509 1747 2829 1818 λῃστρικὸν,
2861 1746 2976 1818 ἔχει
3015 1749 3112 1801 καὶ
3142 1746 3298 1801 τοῦτο
3333 1747 3590 1818 ποικίλην

2012 1840 2257 1912 ἱστορίας
2290 1839 2510 1910 τριϐήν.
2569 1839 2767 1908 Γέγονε
2822 1839 2879 1892 δέ
2911 1857 3041 1894 ποτε
3094 1839 3188 1894 καὶ
3241 1840 3319 1908 τῷ
3369 1840 3432 1892 ἐκ
3463 1841 3588 1904 Διὸς

329 1925 412 1988 είς
439 1899 703 1996 μειδίαμα
727 1945 778 1980 τι
808 1899 1004 1980 λεπτὸν
1035 1928 1130 1982 καὶ
1162 1899 1683 1998 σέᾑπρονκαλέσεταιξ
1702 1899 1777 1980 ’έὸ
1799 1927 1906 1999 γὰρ
1941 1899 1986 1956 Β
2021 1899 2285 2004 Ἠρακλεῖ
2328 1899 2740 2002 περῖμάχητος,
2772 1931 2862 1986 ὅτε
2909 1933 3008 1988 καὶ
3060 1933 3189 1996 τοὺς
3239 1899 3591 1996 ἐνοικοῦντας

331 2019 636 2088 ἀκραιφνὲς
669 2019 762 2072 τοῦ
812 2020 1050 2087 γέλωτος
1096 2019 1178 2090 τῷ
1233 2019 1570 2093 πολυημέρῳ
1616 2019 1716 2091 τῆς
1749 2018 1909 2073 νόσου

332 2111 641 2180 ἀπέσϐηκε.
685 2113 944 2182 Παρῆγεν
973 2115 1002 2167 ό
1033 2113 1366 2183 Προμηθεὺς
1395 2112 1705 2182 ἄνθρωπον,
1731 2112 1826 2166 καὶ
1850 2110 1912 2165 τὺ

333 2202 494 2272 σῶμᾶ
523 2203 753 2257 ἔπλαττε
789 2204 890 2275 μὲν
923 2205 1031 2259 ἀπ’)
1058 2205 1162 2275 γῆς
1183 2220 1199 2236 ⁸
1237 2205 1360 2276 θείᾳ
1393 2204 1448 2258 δέ
1479 2205 1664 2276 ἔχριεν
1686 2204 1909 2276 ἀλοιφῇ.

334 2297 446 2350 Καὶ
471 2296 629 2351 τοῦτο
647 2293 714 2371 ἦν
749 2299 780 2365 ἠ
808 2298 982 2369 ψυχή.
1015 2298 1158 2354 Ὅσα
1190 2297 1247 2351 δέ
1281 2297 1377 2351 καὶ
1407 2297 1538 2365 θείῳ
1593 2297 1910 2368 πράγματι,

334 2387 414 2458 τῷ
462 2390 647 2444 σκεύει
688 2387 781 2445 τοῦ
837 2390 1121 2461 σώματος,
1175 2391 1405 2445 ἐνετίθει
1449 2391 1545 2443 καὶ
1591 2390 1911 2461 φρονήσεως

335 2480 668 2552 ἀμϐροσίαν.
706 2484 816 2537 Καὶ
873 2484 1075 2552 ὥριζεν
1105 2487 1186 2546 εἰς
1220 2486 1419 2554 μέτρον
1441 2485 1503 2538 τδ
1537 2484 1912 2554 πολυτίμητον

334 2572 498 2628 τοῦτο
548 2574 737 2644 ὑγρόν.
764 2576 875 2630 Καὶ
919 2577 1027 2630 ἔδει
1068 2578 1191 2640 τοὺς
1221 2576 1548 2646 δεχομένους
1599 2575 1914 2645 πεπλῆσθαι

335 2663 432 2716 τοῦ
464 2665 830 2736 ἐντιθεμένου,
861 2668 892 2734 ἢ
920 2667 1055 2721 ἀλλά
1085 2668 1180 2721 καί
1212 2686 1266 2720 τι
1291 2669 1476 2720 πλεῖον
1517 2668 1704 2730 αὐτοῖς
1735 2684 1910 2738 προσ-

336 2756 658 2822 επιστάζειν
723 2756 818 2810 τοῦ
865 2758 1010 2812 θείου
1058 2759 1246 2830 ὑγροῦ.
1298 2760 1471 2814 Πᾶσιν
1514 2754 1609 2813 οὖν
1663 2760 1760 2829 τῆς
1819 2759 1913 2813 τοῦ

339 2851 562 2919 φρονεῖν
601 2850 910 2922 ἀμϐροσίας
951 2855 978 2906 ό
1033 2852 1363 2924 Προμηθεὺς
1403 2854 1760 2923 ἐγχεάμενος,
1796 2848 1916 2907 εἶτα

339 2941 554 3007 καθίζει
581 2943 772 2998 ἑαυτὸν
803 2944 1206 3013 ἐσκευασμένος
1235 2945 1315 3010 είς
1343 2945 1402 2998 τὸ
1431 2946 1759 3016 σεμνότερον
1781 2961 1794 2975 ·
1823 2943 1916 2999 καὶ

344 3035 738 3104 μετακαλεῖιαι
771 3039 896 3101 τοὺς
930 3039 990 3090 τὸ
1022 3038 1322 3108 ἀμϐρόσιον
1352 3039 1530 3092 ἐκεῖνο
1559 3033 1917 3105 δεδεγμένους

343 3127 533 3199 ὑγρόν.
564 3129 676 3184 Καὶ
715 3127 786 3202 ῆν
819 3130 1058 3198 ἀνάγκη,
1089 3129 1319 3183 ἕκαστον
1369 3128 1745 3182 ἐπικύπτοντα
1768 3129 1917 3181 δεικ-

2011 2025 2413 2096 ἀνδρικὼτερον
2435 2026 2646 2088 ἐκεῖνος
2676 2024 3002 2096 ἐπιθέμενος
3031 2025 3387 2095 ἐχειρώσατο.
3412 2026 3595 2096 Μέρο-

2013 2137 2115 2181 πες
2141 2120 2198 2174 δέ
2237 2121 2287 2174 οἱ
2323 2119 2538 2189 ἄνδρες,
2567 2116 2710 2173 οὕτω
2735 2121 2874 2190 πρὸς
2907 2118 3101 2187 κλῆσιν
3143 2117 3366 2189 ἐθνικὴν
3396 2135 3594 2187 γνωρι-

2014 2215 2258 2285 ζόμενοι,
2291 2213 2389 2266 καὶ¹
2431 2212 2492 2266 τὸ
2555 2212 2757 2284 προσὸν
2806 2212 2991 2278 αὐτοῖς
3043 2212 3241 2283 σεμνὸν
3287 2212 3381 2265 ἐπὶ
3429 2211 3595 2266 πλέον

2012 2307 2156 2363 οὕτω
2182 2306 2586 2379 προσαύξοντες
2608 2322 2624 2338 ο
2677 2304 2780 2374 τῆν
2814 2306 2926 2375 γὰρ
2975 2305 3268 2377 ἀνθρώπου
3295 2305 3498 2369 παντὸς
3535 2307 3598 2359 ἐν

2013 2399 2182 2471 κοινῷ
2216 2399 2417 2470 κλῆσιν
2456 2399 2536 2463 είς
2574 2396 2806 2460 ἑαυτοὺς
2855 2397 3303 2468 μεθειλκύσαντο.
3342 2399 3450 2452 Καὶ
3479 2398 3598 2468 ἅμα

2013 2509 2096 2554 τις
2127 2491 2281 2559 ἐλεγε
2317 2491 2546 2557 Κῶους,
2570 2490 2665 2543 καὶ
2695 2487 2951 2545 ἐπεκάλει
2980 2490 3109 2554 τοὺς
3141 2489 3423 2558 Μέροπας
3445 2504 3461 2519 ·
3497 2489 3596 2544 καί

2017 2600 2122 2637 που
2150 2582 2252 2651 τῆς
2279 2581 2469 2651 κοινῆς
2497 2582 2606 2635 τῶν
2638 2581 2892 2652 μερόπων
2950 2579 3259 2651 ἀνθρώπων
3293 2580 3596 2645 κατεξανα-

2018 2677 2264 2739 στάντες,
2298 2675 2374 2738 ὼς
2404 2673 2472 2729 ἀν
2498 2692 2582 2738 τις
2618 2673 2772 2745 εἴπῃ,
2803 2672 3216 2744 προσωνυμίας,
3258 2672 3596 2744 ἐλῄστευσαν

2023 2763 2124 2817 καλ⁵
2151 2762 2322 2833 αὐτὴν
2370 2758 2484 2816 οἷον
2513 2761 2610 2816 καὶ
2650 2759 3021 2826 ἐξιδιώσαντο.
3065 2759 3126 2815 Εἰ
3174 2761 3232 2814 δὲ
3293 2764 3387 2814 καὶ
3415 2762 3602 2832 ἀγαθὴ

2017 2857 2251 2910 ἐνοικεῖν
2299 2856 2333 2924 ἡ
2367 2855 2438 2926 γῆ
2473 2853 2635 2926 αὕτη,
2675 2853 2919 2924 Ὀμήρου
2950 2853 3299 2921 ἀναλεκτέον,
3330 2852 3401 2910 εὖ
3429 2873 3597 2910 ναιο-

2020 2947 2211 3017 μένην
2246 2947 2614 3016 πεποιηκότος
2646 2945 2841 3015 αὐτήν.
2894 2946 2954 2998 Εί
2995 2945 3053 2999 δέ
3088 2944 3183 3000 καὶ
3223 2948 3472 3016 καρποὺς
3503 2947 3604 3012 φέ-

2023 3056 2140 3110 ρειν
2171 3039 2320 3092 ἐστὶν
2343 3037 2572 3106 εὐφυὴς,
2608 3037 2702 3089 καὶ
2745 3032 2902 3100 ζώων
2932 3035 3157 3104 γόνιμος
3209 3036 3472 3104 εὐγενῶν,
3508 3037 3604 3091 ἀλ-

2018 3131 2131 3192 λοις
2163 3131 2398 3198 ἱστορεῖν
2431 3127 2623 3198 δίδωμι
2649 3143 2664 3158 ·
2694 3131 2746 3180 οῖ
2774 3125 2874 3198 τὴν
2905 3127 3226 3198 Μεροπηωα
3279 3127 3486 3196 ταύτην
3506 3129 3606 3197 νῆ-

342 3217 494 3272 νύειν
523 3218 582 3272 τὸ
605 3218 895 3287 σκεῦος,τδ
934 3221 1112 3288 σῶμα.
1142 3220 1228 3273 διὰ
1249 3219 1347 3280 τῆς
1372 3217 1642 3288 κορυφῆς.
1666 3218 1773 3270 εἴτε
1821 3234 1920 3286 με·
1949 3250 1995 3310 c
2027 3239 2120 3275 σον
2149 3222 2249 3291 τὴν
2283 3219 2380 3273 Κῶ
2413 3219 2602 3289 αὐχεῖν
2633 3215 2787 3272 εἷπον
2810 3219 2903 3272 καὶ
2936 3216 3198 3288 τοῦνομα,
3242 3217 3331 3270 διὰ
3356 3219 3416 3271 τὸ
3439 3218 3606 3287 τυχὸν

345 3312 500 3379 στὸν,
523 3313 632 3366 εἴτε
650 3311 743 3365 καὶ
761 3312 933 3375 ἄλλως
951 3313 1073 3382 ἔχον
1095 3310 1452 3374 ἐστὶν.”οσοις
1477 3309 1575 3380 μέν
1594 3308 1686 3363 οὖν
1707 3308 1922 3362 ἐπιστε-

347 3404 455 3473 φὴς
474 3404 794 3476 φρονήσεως
821 3405 854 3473 ἡ
881 3402 1092 3473 κεφαλὴ
1113 3445 1127 3467 ,
1150 3401 1495 3455 κατέκυπτον
1519 3399 1922 3462 ἐπιδεικνύντες

348 3497 572 3560 ἑαυτοὺς
623 3496 886 3559 ἀνενδεῶς
936 3496 1160 3567 ἐχοντας
1187 3512 1201 3526 ⁸
1250 3495 1347 3550 καὶ
1397 3491 1466 3564 ἦν
1494 3493 1654 3548 τοῦτο
1682 3510 1924 3562 προσκυ-

349 3591 486 3653 νεῖν,
517 3590 611 3642 καὶ
659 3589 750 3642 τὸν
810 3588 1110 3660 εὐεργέτην
1164 3587 1463 3658 Προμηθέα
1511 3586 1707 3656 φιλεῖν.
1766 3587 1828 3638 Οἱ
1866 3585 1924 3639 δὲ

351 3682 522 3752 μήπω
575 3681 785 3752 μεστοὶ,
832 3680 952 3735 ἀλλ’
987 3681 1223 3744 ἐπιδεεῖς
1270 3679 1575 3752 ἀμϐροσίου
1631 3678 1922 3750 ἐπιρροῆς,

349 3775 563 3838 ἀτενεῖς
584 3769 747 3846 ἦσαν.
786 3775 880 3829 καὶ
933 3773 1170 3838 ἀκλινῶς
1207 3768 1373 3843 εἶχον,
1405 3773 1500 3826 καὶ
1541 3765 1653 3826 οἷον
1696 3773 1927 3825 ἀνεσταο

349 3863 542 3920 λοῦντο
573 3866 654 3930 είς
686 3865 892 3936 ϐρθιον.
927 3865 1038 3919 Καὶ
1069 3861 1138 3937 ἦν
1169 3863 1328 3918 τοῦτο
1349 3862 1804 3929 ἀλαζονεύεσθαι,
1828 3863 1928 3916 καὶ

352 3958 454 4012 οὐκ
479 3951 678 4012 ειδέναι
723 3957 886 4029 χάριν
910 3956 988 4028 τῷ
1016 3956 1076 4011 εὖ
1112 3957 1419 4028 ποιήσαντι.
1467 3956 1708 4011 Ἐκεῖθεν
1746 3957 1929 4010 τοίνυν

354 4049 450 4102 καὶ
476 4049 558 4112 είς
579 4050 730 4120 ἡμᾶς
765 4049 830 4102 τὸ
860 4048 961 4119 μὲν
989 4047 1090 4120 τὴν
1117 4049 1360 4119 κεφαλὴν
1395 4049 1452 4101 ἐν
1491 4048 1667 4101 δέοντι
1698 4047 1926 4114 κλίνειν,

357 4139 676 4208 φρονήσεως
714 4137 884 4208 αὐτὴν
924 4139 1115 4208 γέμειν
1150 4138 1454 4208 περιδηλοῖ,
1482 4138 1576 4191 καὶ
1602 4138 1681 4201 είς
1723 4138 1930 4206 εὐγνω-

358 4231 598 4301 μοσύνης
662 4231 888 4296 ἔνδειξιν
939 4231 1226 4286 τάττεταιτ
1278 4231 1339 4284 τὸ
1386 4231 1445 4284 δὲ
1493 4232 1589 4285 ἐπὶ
1647 4232 1927 4302 σχήματος

357 4321 633 4383 ἴστασθαι,
673 4321 769 4374 καὶ
797 4319 898 4390 τὴν
927 4319 1104 4373 κλίσιν
1149 4319 1330 4374 ὀκνεῖν
1361 4319 1464 4389 τῆς
1514 4319 1780 4390 κεφαλῆς,
1816 4337 1931 4391 μω-

361 4413 481 4485 ρίας
513 4411 730 4484 γραφὴν
757 4412 1116 4483 ἀποφέρεται,
1147 4415 1242 4466 καὶ
1278 4414 1356 4476 είς
1379 4411 1706 4485 ἀχαριστίαν
1723 4413 1931 4483 ἐγγρά-

359 4525 426 4578 φε
441 4525 540 4562 ται.

1104 4598 1186 4654 8'.

431 4694 748 4757 Διαπόντιός
785 4711 866 4747 σοι
900 4693 960 4759 ἐξ
1008 4695 1167 4764 ἡμῶν
1199 4695 1338 4765 αὕτη
1383 4693 1668 4763 ἐπιστολή.
1725 4693 1838 4748 Καὶ
1884 4692 1935 4745 εί

365 4791 462 4858 μὲν
493 4790 797 4844 ἀποδεκτᾶα
824 4789 916 4843 καί¹
938 4790 1066 4858 φίλη
1093 4794 1161 4861 τῇ
1185 4793 1251 4861 σῇ
1283 4791 1758 4861 μεγαλοδοξότητι,
1781 4788 1937 4842 οὖπω

362 4883 699 4954 θαρρήσαιμι)
731 4883 796 4936 ἂν
824 4882 1305 4953 διισχυρισάμενος
1331 4883 1718 4954 ἀποφήνασθαι
1739 4899 1751 4913 ’
1778 4884 1826 4935 εί
1861 4883 1938 4951 μὴ

362 4975 459 5028 καὶ
490 4971 830 5043 ἀντιγραφὴν
862 4973 1241 5043 χειρισαίμην,
1263 4973 1358 5026 καὶ
1385 4973 1535 5036 ὅπως
1565 4973 1702 5042 αὐτῇ
1733 4989 1940 5040 προσηο

364 5066 588 5137 νέχθης,
624 5065 840 5119 ἐκεῖθεν
874 5065 1126 5136 μάθοιμι.
1155 5066 1276 5118 Ὀτι
1303 5065 1359 5118 δὲ
1390 5067 1453 5119 ἐκ
1480 5066 1637 5132 φίλου
1668 5065 1730 5117 τδ
1756 5065 1940 5134 γράμ-

369 5175 470 5228 μα,
499 5157 657 5210 τοῦτο
680 5157 738 5212 δέ
771 5174 835 5226 γε
864 5159 966 5211 οὐκ
988 5158 1100 5225 ἐγὼ
1127 5159 1288 5228 μόνος
1326 5155 1674 5228 θαρρούντως
1704 5158 1944 5226 ἀπισχυ-

371 5252 612 5322 ρίζομαι,
655 5251 795 5306 ἀλλά
821 5251 959 5322 πρὸς
995 5252 1209 5322 μυρίοις
1232 5251 1436 5314 ἀλλοις,
1466 5252 1610 5312 ὅσοις
1642 5251 1738 5304 καὶ⁹
1781 5252 1946 5314 αὐτὸς

368 5342 470 5413 ῆδη
520 5343 1036 5414 πεπληροφόρησαι.
1100 5343 1260 5398 Ἀλλά
1307 5359 1410 5396 που
1464 5340 1654 5409 θαῦμά
1718 5359 1778 5394 σε
1841 5343 1945 5412 ῆδη

369 5436 747 5506 περιέρχεται,
804 5436 895 5488 καί
922 5454 974 5489 τι
1026 5435 1200 5503 γλυκὺ
1252 5436 1346 5491 καὶ
1394 5434 1576 5504 ίλαρδν
1610 5436 1942 5506 ἐπιμειδιᾷς,

373 5527 468 5580 ἐὰν
499 5529 526 5580 ό
554 5529 621 5580 τὰ
646 5527 819 5580 πολλά
854 5527 1023 5594 σιγῶν
1055 5527 1369 5590 Εὐστάθιος,
1399 5531 1427 5580 ὁ
1455 5527 1556 5590 τάς
1607 5528 1828 5598 γραφὰς
1857 5527 1950 5581 ὀκ-

373 5618 502 5681 νῶν,
529 5621 556 5671 ό
581 5620 677 5671 καὶ
708 5620 848 5689 προς
898 5621 1024 5683 τοὺς
1055 5622 1225 5687 ἐγγὺς
1256 5621 1540 5691 ἐχέμυθος,
1573 5620 1640 5673 δι’
1675 5621 1817 5674 οὓτω
1846 5639 1948 5690 μα·-

375 5710 643 5780 κροτάτου
672 5711 1036 5782 διαστήματος
1063 5714 1363 5782 φθέγγεται
1392 5727 1407 5742 ο
1437 5712 1531 5766 καὶ
1572 5712 1632 5764 ὂν
1663 5713 1720 5764 ἐν
1749 5714 1815 5780 τῇ
1847 5712 1951 5764 Νι-

378 5801 660 5870 κομηδέων
687 5802 787 5872 τὴν
816 5803 1073 5874 δουκικὴν
1112 5804 1337 5873 ἔναγχός
1373 5821 1474 5855 που
1511 5803 1952 5872 περιεζωσμένον

377 5894 552 5968 ἀρχὴν
585 5896 646 5949 οὐ
689 5899 956 5970 προσεῖπε
1006 5898 1244 5969 γράψας,
1285 5897 1379 5952 νῦν
1425 5897 1484 5951 ἐν
1519 5898 1589 5965 τῇ
1639 5892 1746 5949 τῶν
1779 5893 1952 5952 Κώων

2032 3315 2174 3370 πάνυ
2213 3331 2266 3367 τι
2301 3311 2582 3376 πολύζωον
2625 3311 2720 3364 καὶ
2773 3308 3234 3380 ἀγαθοθρέμμονα
3263 3309 3453 3377 (κῶον.
3495 3309 3606 3380 γὰρ

2030 3406 2172 3462 κατά
2209 3405 2488 3459 διάλεκτον
2510 3401 2574 3456 τὸ
2606 3401 2884 3472 πρόϐατον
2922 3395 3063 3454 εἶναι
3086 3400 3389 3468 τίθενται)·
3426 3400 3520 3453 καὶ
3542 3399 3609 3470 δὴ

2032 3499 2125 3552 καὶ
2155 3496 2254 3566 τὴν
2284 3495 2448 3564 νῆσον
2476 3493 2705 3563 ταύτην,
2749 3493 2826 3556 ῶς
2854 3491 3121 3554 τοιούτοις
3174 3489 3334 3555 ζώοις
3385 3490 3610 3562 ἐνευθηο

2031 3588 2324 3657 νουμένην,
2381 3586 2483 3654 τὴν
2543 3586 2682 3654 πρὸς
2737 3582 2799 3635 τὸ
2861 3582 3002 3646 ζῶον
3068 3580 3393 3651 ὁμωνυμίαν
3422 3580 3610 3636 λαϐεῖν

2034 3681 2338 3753 βούλονται.
2371 3677 2529 3733 Καλά
2559 3678 2657 3747 μὲν
2678 3671 2772 3730 οῦν
2801 3674 2947 3728 οὕτω
2977 3676 3071 3729 καὶ
3100 3673 3269 3728 τᾶλλα
3293 3675 3392 3745 τῆς
3417 3675 3609 3743 νήσου.

2034 3777 2159 3828 Ὀτι
2182 3774 2238 3828 δέ
2283 3789 2341 3826 σε
2373 3771 2603 3824 πλουτεῖ
2657 3769 2903 3839 εὐτυχῶς
2941 3767 3050 3821 τῶν
3085 3767 3206 3820 κατ’
3242 3766 3415 3837 αὐτὴν
3450 3766 3614 3837 ἐξάρ-

2035 3865 2396 3941 χοντα,οὐδέν
2431 3864 2496 3918 ἂν
2545 3863 2890 3931 εὐδαιμονίας
2933 3860 3046 3930 ἔχοι
3103 3860 3454 3930 λειπόμενον.
3501 3861 3618 3914 Καὶ

2036 3954 2555 4030 προσεπιγράψεται
2588 3955 2726 4022 αὐτῇ
2784 3951 2924 4021 μετά
2969 3950 3078 4002 τῶν
3111 3949 3292 4003 ἄλλοιν
3328 3951 3419 4002 καὶ
3455 3949 3617 4004 τοῦτο

2041 4053 2186 4122 μέγα
2227 4048 2429 4102 καλόν*
2463 4047 2556 4099 καὶ
2592 4045 2935 4114 λαμπρυνεῖς
2965 4043 3134 4113 αὐτὴν
3170 4045 3234 4113 τῇ
3279 4043 3616 4116 σελασφορίᾳ

2037 4145 2136 4213 τῆς
2167 4140 2269 4208 σῆς
2321 4138 2610 4206 καλλονῆς,
2647 4137 2746 4206 οὐχ
2777 4130 2939 4205 ἦττον
2973 4133 3006 4204 ἦ
3039 4135 3132 4186 καὶ
3157 4137 3184 4188 ὁ
3215 4135 3378 4198 καλὸς
3415 4135 3610 4198 Ἥλιος

2037 4237 2136 4304 τὴν
2195 4229 2528 4302 περίπυστον
2566 4227 2768 4291 Ῥόδον,
2821 4226 2961 4295 αὐτῇ
3025 4227 3617 4296 ἐπιφημιζόμενος,....

2051 4324 2194 4381 Ἀλλ’
2238 4322 2393 4377 οὔπω
2430 4321 2530 4391 μὲν
2555 4319 2715 4390 (ὅπερ
2753 4316 2912 4388 ἔφην)
2960 4317 3372 4386 ἐπιστολιμαῖον
3407 4317 3619 4388 Ἑρμῆν

2038 4418 2210 4481 οὕτως
2239 4415 2532 4484 ὑπερόριον
2573 4412 2764 4482 ἀφῆκα
2819 4410 3104 4482 φέρεσθαι,
3149 4409 3466 4479 φειδόμενός
3527 4428 3618 4481 μοι

2039 4511 2134 4564 τοῦ
2168 4512 2427 4580 κήρυκος.
2482 4505 2592 4560 Νῦν
2645 4505 2704 4559 δὲ
2757 4503 3167 4573 διεπεμψάμην,
3216 4502 3622 4574 λογισάμενος,

1966 4603 2116 4668 θὼς
2141 4601 2303 4664 αὐτός
2348 4617 2409 4653 τε
2465 4597 2620 4669 σχοίη
2672 4597 2740 4651 ἀν
2790 4596 3011 4659 πάντως
3052 4595 3432 4666 πτερύξασθαι
3484 4595 3622 4666 πρὸς

2039 4696 2140 4768 τὴν
2177 4695 2276 4766 σὴν
2318 4693 2804 4765 μεγαλοδοξότητα,
2835 4693 3082 4762 καὶὴμῖν
3121 4692 3178 4746 δέ
3206 4708 3289 4755 τις
3313 4692 3500 4764 ἕτερος
3529 4693 3628 4746 αὐ·-

2043 4789 2200 4842 τόθεν
2225 4786 2703 4855 ἀντιπτερύξεται,
2735 4786 2830 4838 καὶ
2871 4784 3091 4851 διδάξει,
3116 4785 3502 4855 περιγενέσθαι
3528 4785 3625 4839 καὶ

2045 4881 2180 4953 πρὸς
2216 4880 2274 4934 σέ
2301 4878 2595 4948 ἀφικέσθαι
2625 4878 2717 4931 τὸν
2743 4878 3014 4947 ἡμέτερον
3038 4876 3228 4931 τοῦτον
3265 4877 3503 4948 Ἑρμῆν,
3529 4878 3627 4931 καὶ

2048 4975 2124 5046 μὴ
2156 4972 2284 5042 περί
2309 4989 2412 5024 που
2436 4970 2601 5040 μέσον
2637 4969 2730 5023 τδν
2766 4967 2933 5022 πλοῦν
2977 4973 3314 5024 καταπεσεῖν
3375 4971 3627 5040 καμόντα

2045 5066 2146 5137 τὴν
2179 5063 2402 5133 πτῆσιν,
2442 5060 2588 5114 καθά
2642 5077 2746 5112 που
2783 5059 2941 5129 λόγος
2978 5059 3094 5132 ἔχει
3151 5061 3244 5114 τὸν
3285 5060 3530 5129 Ἴκαρον,
3561 5055 3626 5114 οὗ

2048 5155 2338 5225 περίθετον
2368 5154 2433 5206 ἐκ
2474 5149 2646 5222 κηροῦ
2676 5151 2769 5205 καὶ
2794 5151 2939 5222 ἡλίῳ.
2985 5151 3146 5205 λυτὸν
3180 5151 3241 5203 τὸ
3282 5151 3516 5220 πτερόν·
3552 5149 3630 5212 ὡς

2050 5250 2098 5302 εί
2132 5248 2208 5318 μὴ
2240 5247 2404 5301 τοῦτο
2455 5241 2545 5316 ἦν,
2584 5244 2684 5297 οὐκ
2731 5243 2796 5296 ἂν
2833 5242 3114 5315 ἐθάρρησα
3159 5241 3261 5311 τὴν
3314 5241 3625 5310 ἐπιστολήν.

2051 5342 2162 5395 Καὶ
2187 5340 2364 5402 ἄλλως
2393 5337 2450 5391 δέ
2477 5337 2570 5390 τὸν
2596 5336 2696 5407 μὲν
2728 5334 2889 5390 ἄλλον
2942 5335 3136 5405 καιρὸν
3169 5335 3300 5404 ῥᾷον
3327 5331 3455 5401 ἐνῆν
3493 5333 3629 5403 ἡμῖν

2056 5433 2248 5502 μαθεῖν
2278 5432 2346 5485 τὰ
2395 5428 2536 5484 κατὰ
2565 5429 2664 5500 τὴν
2697 5429 2796 5500 σὴν
2833 5426 3317 5501 μεγαλοδοξότητα,
3353 5425 3624 5496 διαχειρι-

2055 5526 2294 5594 ζομένην
2329 5522 2426 5584 τὰς
2451 5522 2629 5591 ἀρχὰς
2665 5520 2901 5590 ἀγχιστα
2933 5518 3030 5586 τῆς
3060 5516 3510 5585 Μεγαλοπόλεως,
3535 5519 3632 5568 καὶ

2051 5617 2205 5669 οὐδὲν
2232 5616 2339 5668 ἔδει
2376 5616 2497 5667 τότε
2530 5612 2760 5683 γραφῶν
2783 5626 2798 5641 ο
2827 5611 3049 5680 είχομεν
3079 5611 3188 5681 γὰρ
3221 5609 3466 5672 αὐτόθεν,
3491 5609 3633 5679 ὅπερ

2055 5711 2346 5780 ἠθέλομεν.
2380 5706 2493 5760 Νῦν
2527 5705 2584 5759 δὲ
2616 5701 2821 5774 ἀχανὴς
2876 5702 3079 5772 μεταξὺ
3124 5703 3282 5772 χύσις
3317 5701 3590 5767 θαλάσσης
3615 5713 3629 5728 '

2055 5800 2350 5855 κάντεῦθεν
2379 5801 2510 5870 ἡμῖν
2539 5799 2572 5868 ἡ
2600 5795 2728 5864 περὶ
2759 5792 2855 5846 σοῦ
2893 5794 3053 5865 φήμη
3086 5795 3297 5864 ἀνίσχει
3334 5793 3570 5865 βράδιον,
3597 5793 3631 5861 ἢ

2055 5897 2084 5948 ό
2115 5891 2246 5961 παρ’
2285 5892 2516 5958 Ἡσιόδῳ
2543 5890 2652 5953 τοῖς
2687 5887 3022 5952 Πανέλλησιν
3047 5887 3218 5951 ἥλιος.
3245 5888 3368 5943 ’Ότι
3414 5886 3506 5942 06v
3539 5901 3635 5940 1:0-
