3974 6616
344 434 487 494 ιεττι

1159 443 1579 507 EUSTATHII
1622 443 2378 514 THESSALONICENSIS
2415 451 2831 514 EPISTOUE.

3467 448 3596 515 1274

339 553 666 620 μαγειρεῖαν
691 554 982 620 ἐϐάπτετο,
1021 559 1117 612 zeal
1147 560 1197 613 οί
1224 560 1479 631 ὄρτυγες,
1520 564 1615 628 οὓς
1641 566 1910 637 ἐξηγορα-
1946 576 1988 630 Α
2020 569 2116 620 καὶ
2161 568 2290 640 περὶ
2340 568 2514 622 μέσην
2542 585 2646 622 που
2683 570 2785 639 τὴν
2811 566 2931 621 666v
2976 568 3075 631 τῆς
3111 565 3364 629 πτήσεως
3394 567 3596 620 παύον.

339 641 521 711 σάμην
559 660 663 705 σοι.
698 648 1096 719 ὲπτερύσσοντο
1145 653 1285 707 κατά
1332 656 1430 725 τῆς
1482 656 1785 728 τραπέζης,
1814 660 1911 713 καὶ

339 734 496 799 αὐτὸς
541 738 776 792 ἐνταῦθα
827 741 856 795 6
906 742 1110 807 01:av6;
1166 744 1420 817 Ἰωάννης
1451 747 1528 810 ὡς
1576 748 1638 813 ἐξ
1689 749 1913 820 ἐνέδρας

244 854 249 859 ~
339 844 431 895 μοι
467 830 778 898 ἐπιφύεται,
808 836 903 888 zeal
947 837 1145 906 δριμὺς
1187 840 1484 905 ἐπιπεσὼν,
1514 841 1567 894 τί
1616 842 1907 914 ἐποίησαςς

339 920 548 993 ἀναϐοᾷ
572 940 588 954 ο
622 923 712 978 διά
742 925 795 979 τί
826 926 919 982 τὸν
967 928 1176 985 Δούκαν
1208 932 1269 985 ού
1319 933 1755 1004 προσεφθέγξως
1799 934 1911 1005 ἐγὼ

338 1011 396 1065 δὲ
428 1014 529 1081 (μά
560 1015 659 1086 τὴν
690 1019 935 1090 κεφαλήν
974 1039 1090 1089 σου,
1128 1026 1223 1078 zeal
1261 1025 1339 1093 μὰ
1371 1027 1470 1097 τὴν
1503 1028 1785 1097 σωτηρίαν
1809 1026 1910 1098 τῆς

336 1104 519 1175 ψυχῆς
564 1110 695 1179 μου)
754 1111 922 1176 εὐθὺς
969 1115 1287 1187 ἐπατάχθην
1330 1116 1408 1181 ὡς
1447 1117 1539 1170 ἐπὶ
1583 1117 1907 1173 καινοτάτου

338 1198 706 1270 ἀκούσματος.
742 1204 853 1257 Kal
900 1206 1002 1269 τάς
1048 1224 1109 1261 τε
1161 1210 1349 1279 χεῖρας
1398 1210 1625 1280 ἐσχασα.
1657 1210 1750 1265 καὶ
1793 1210 1909 1275 ἔξε-

336 1290 554 1361 πλάγην
588 1295 681 1347 ἐπὶ
705 1299 770 1367 τῇ
807 1298 967 1370 ἀκοῇ.
1003 1300 1112 1354 Καὶ
1145 1300 1256 1354 ίδοὺ
1300 1300 1492 1371 δέομαί
1521 1319 1634 1366 σου,
1676 1302 1911 1374 ζητῆσαί

337 1398 433 1452 μοι
482 1387 834 1459 καταλλαγὴν
891 1392 985 1444 zeal
1034 1392 1407 1460 συμπάθειαν,
1461 1395 1558 1446 καὶ
1607 1394 1909 1449 σπουδάσαι

334 1477 543 1547 ταύτην
593 1498 685 1548 μοι
730 1483 1213 1553 καταπράξασθαι.
1250 1485 1478 1555 Μάρτυς
1529 1485 1636 1555 γάρ
1671 1487 1700 1539 6
1728 1484 1861 1549 Θεός
1887 1497 1906 1515 ⁸

335 1572 645 1645 ἐϐαρύνθη-ι
694 1575 832 1646 πρὸς
883 1577 1141 1646 ἐμαυτὸν,
1178 1578 1261 1631 ὃτι
1325 1577 1499 1642 οὕτως
1552 1578 1910 1649 ἀπροσέκτως

337 1663 497 1733 ἔσχον
522 1666 611 1718 ἐπὶ
639 1667 716 1737 τῷ
746 1667 1054 1739 πράγματι.
1088 1670 1235 1739 Πλὴν
1266 1670 1327 1723 οὗ
1378 1671 1519 1725 πάνυ
1550 1670 1807 1739 ἐπταισα,
1838 1671 1908 1726 δι’

334 1753 403 1818 ἃς
432 1754 587 1813 εἶπον
612 1758 815 1824 αἰτίας,
839 1762 935 1816 zeal
966 1761 1101 1816 διότι
1128 1762 1189 1815 οὐ
1224 1763 1564 1834 συχνοτέρως
1587 1765 1907 1835 ἐντυγχάνω

336 1851 450 1913 τοῖς
510 1849 710 1919 ἄλλοις,
739 1851 878 1906 ὥστε
935 1854 1029 1908 zeal
1077 1855 1505 1927 ἀκριϐεστέρους
1557 1857 1746 1925 φέρειν
1779 1856 1908 1920 τοὺς

2018 675 2130 712 ται.

2761 772 2858 828 ΙΘ’.

2020 907 2111 976 Τῷ
2186 907 2359 980 κριτῇ
2427 908 2537 963 τοῦ
2607 906 3078 1048 βὶτζνξρῗιίόχέιυρίφ
3150 907 3201 959 Γ
3195 909 3457 975 ρητορίῳ
3516 903 3597 970 τῷ

2092 1114 2154 1170 Τί
2179 1111 2333 1183 δῆτα
2358 1115 2471 1169 οὐκ
2520 1113 2600 1169 ἂν
2625 1113 2949 1183 ἐργάσαιτο
2983 1112 3329 1181 ἄνθρωποςς
3362 1111 3596 1173 Παλαιὸς

2016 1207 2073 1262 ἐν
2105 1205 2182 1277 τῷ
2203 1205 2435 1261 καθόλου
2461 1206 2558 1261 καὶ
2583 1207 2685 1260 οὐκ
2712 1207 2843 1276 ἐμὸς
2879 1208 2908 1260 6
2933 1207 3092 1274 λόγος
3124 1199 3303 1269 οὗτος.
3331 1198 3501 1268 Οὗτός
3529 1221 3594 1274 γε

2019 1296 2128 1366 μὴν
2150 1296 2303 1365 ἐμὸς,
2324 1297 2386 1350 οὐ
2410 1297 2551 1367 πρὸς
2578 1296 2807 1368 γνώμην
2839 1297 2984 1369 (κατ’
3009 1299 3265 1367 ἐκεῖνον),
3291 1298 3406 1352 ἀλλ’
3438 1298 3595 1360 τδιος·

2013 1388 2069 1442 τί
2096 1388 2197 1443 ούκ
2238 1389 2305 1445 ἂν
2338 1393 2371 1461 ή
2407 1390 2630 1461 ἐνεργὸς
2687 1391 2934 1460 γλῶσσα,
2969 1393 3002 1461 ή
3060 1392 3325 1461 ἐντρεχὴς
3357 1390 3522 1461 φρὴν,
3566 1392 3595 1444 6

2016 1483 2193 1544 zeoev6;
2227 1482 2434 1552 ἀγαθὸς
2461 1484 2700 1554 ἑταῖρος,
2720 1484 2748 1537 6
2769 1482 2959 1554 κύριος
2981 1483 3201 1555 Μιχαὴλ
3224 1484 3590 1554 καταπράξη-

2013 1589 2135 1638 ταις
2177 1575 2241 1629 Εἰ
2272 1575 2329 1629 δὲ
2359 1576 2504 1643 κάμὲ
2534 1577 2726 1647 ἴσχυσε
2757 1578 2967 1640 πεῖσαι,
2995 1577 3097 1646 τὴν
3122 1578 3344 1647 γραφὴν
3371 1576 3584 1646 ταύτην

2015 1665 2336 1737 θαρρῆσαι,
2399 1668 2496 1721 zeal
2549 1668 2749 1737 μένους
2807 1667 2901 1722 zeal
2967 1668 3206 1738 θάρσους
3266 1667 3593 1737 ὑποπλήσας

2012 1756 2170 1810 ὄκνον
2246 1756 2392 1813 οὕτω
2468 1759 2635 1830 βαθὺν
2704 1760 3075 1832 ἐρριζωμένον
3143 1760 3417 1825 ἐξέσπασε
3493 1761 3593 1828 τῆς

2012 1850 2214 1920 ψυχῆς,
2273 1850 2369 1905 καὶ
2418 1852 2849 1913 ἀναπεπτωκότα
2904 1852 3222 1924 ἐπιρρώσας
3270 1851 3591 1914 ἐπέσπασε,

336 1939 447 1993 τῶν
492 1939 668 2010 ὄψεων
694 1942 1083 2014 χαρακτῆραςο
1113 1944 1190 2010 ὡς
1219 1945 1382 2010 εὐθὺς
1411 1947 1529 2016 ἃμα
1577 1949 1642 2017 τῇ
1672 1946 1773 2019 θέᾳ
1816 1951 1912 2003 καὶ
1945 1945 1986 2004 Β
2015 1942 2109 1994 zeal
2154 1940 2602 2012 ἀναϐεϐλημένον
2645 1944 2949 2013 ἐπώτρυνε,
3004 1943 3205 2013 μᾶλλον
3237 1943 3337 2013 μὲν
3384 1938 3477 1996 οῦν
3506 1942 3591 1995 δε-

333 2031 400 2085 ἐκ
458 2031 684 2103 πρώτης
743 2036 999 2106 εἰσϐολῆς
1059 2038 1501 2109 καταλαμϐάνειν
1570 2041 1632 2094 :6
1689 2038 1906 2094 θεαθέν.

337 2123 639 2193 Προσκυνῶ
695 2125 812 2191 οῦν,
863 2129 960 2184 zeal
1019 2129 1209 2200 τίθημι
1261 2132 1572 2201 μετάνοιαν,
1613 2133 1709 2187 zeal
1762 2131 1911 2203 ζητῶ

336 2215 692 2283 συγγνώμην.
728 2216 908 2271 Ἔστω
955 2216 1011 2271 δὲ
1048 2222 1113 2290 τῇ
1160 2223 1520 2291 πανσεϐάστῳ
1572 2240 1664 2276 σου
1698 2222 1909 2289 ἐνδοξό-

333 2320 457 2374 τητι
489 2310 905 2379 μεσιτευτήριον
930 2311 1125 2382 δῶρον,
1161 2312 1227 2366 τά
1261 2314 1405 2382 μῆλα
1450 2314 1624 2369 ταῦτα
1652 2315 1719 2368 τά
1760 2316 1904 2387 Περ-

335 2395 485 2458 σικά,
503 2396 564 2450 τὸ
589 2397 720 2466 ἐμόν
747 2401 1008 2474 κήπευμα
1029 2420 1047 2440 ⁸
1070 2398 1144 2458 ὧν
1168 2404 1532 2477 ἀπομερίσαις
1556 2408 1625 2462 ἂν
1642 2409 1710 2462 τά
1731 2407 1906 2478 ἡμίση

330 2491 412 2561 τῷ
458 2492 725 2563 παγκάλῳ
777 2495 957 2569 Δούκᾳ
1004 2497 1086 2562 είς
1138 2497 1402 2569 μείλιγμα
1433 2499 1527 2553 καὶ
1562 2500 1908 2570 συμπάθειαν

329 2586 494 2657 ἐμήν.

1059 2682 1167 2739 IH'.

410 2771 690 2845 Διέτριϐεν
735 2773 984 2840 ἐκτεθεὶς
1011 2778 1147 2847 πρὸς
1192 2775 1466 2847 Ἐλλήνων
1500 2777 1630 2848 περί
1669 2795 1775 2831 που
1804 2777 1906 2849 τήν

330 2866 584 2937 Λημνίαν
615 2868 983 2939 ἀπάνθρωπον
1025 2870 1235 2941 ἔρημον
1263 2870 1621 2941 Φιλοκτήτης,
1647 2872 1676 2925 6
1706 2872 1905 2926 Ποίαν-

328 2975 442 3023 τος.
475 2960 588 3015 Kal
634 2959 766 3032 ᾤκει
798 2961 897 3032 μὲν
945 2961 1153 3032 πέτραν
1209 2962 1535 3034 αὐτόροφον,
1565 2963 1906 3034 ὑπετρέφετο

330 3052 390 3108 δὲ
421 3054 522 3108 ὅσα
551 3056 646 3108 zeal
670 3053 776 3126 θήρ
795 3072 808 3086 °
843 3055 985 3126 ὕδωρ
1011 3056 1068 3110 δὲ
1097 3057 1283 3128 διῴκει
1310 3056 1503 3111 τοῦτον
1531 3058 1633 3111 οὐκ
1673 3058 1904 3112 άένναον

328 3144 438 3197 οὐδ’
470 3145 798 3217 ἀπόρρυτον,
832 3146 948 3200 ἀλλ’
973 3146 1183 3217 ὄμϐρου
1214 3148 1469 3219 λείψανον
1496 3152 1757 3220 σεσηπὸς.
1790 3150 1901 3221 γῆς

331 3234 698 3304 ἐναπομεῖναν
727 3235 1030 3307 κοιλώματι
1060 3240 1156 3292 zeal
1186 3238 1424 3311 κηρίοις,
1460 3241 1610 3304 δσοις
1648 3242 1900 3307 έπάλαιε,

2015 2032 2164 2087 διότα
2191 2034 2514 2105 ἐθάρρυνεν.
2543 2031 2618 2089 Ἦ
2658 2036 2768 2105 γὰρ
2795 2037 2895 2090 οὐκ
2939 2035 3157 2105 ἐφίλουν
3187 2034 3276 2087 ἀεὶ⁵
3301 2039 3392 2088 τὸν
3421 2034 3591 2088 πολὺν

2015 2124 2149 2196 ἐμόν
2173 2143 2232 2179 σε
2262 2126 2565 2200 Γρηγόριον
2591 2132 2605 2193 ;
2638 2127 2873 2198 Μισοίην
2898 2132 2964 2182 ἂν
2985 2127 3224 2198 ἐμαυτὸν
3239 2128 3310 2197 (εί
3332 2127 3387 2180 δὲ
3412 2127 3589 2192 τοῦτο,

2014 2220 2109 2274 καὶ
2141 2220 2481 2291 μαινοίμην),
2512 2221 2609 2273 ἐάν
2637 2220 2813 2285 ἄλλως
2855 2223 3012 2293 ἔσχον
3047 2224 3143 2276 ἐπί
3198 2239 3281 2276 σοι
3313 2222 3594 2290 διακείμε-

2014 2327 2126 2374 νος.
2175 2311 2290 2367 Οὐκ
2345 2307 2492 2384 εἶχον
2527 2313 2585 2365 ἐν
2612 2314 2767 2383 ψυχῇ
2814 2330 2876 2366 σε
2929 2314 3280 2382 ἀνάγραπτον
3332 2314 3390 2366 ἐν
3426 2312 3593 2381 μοίρᾳ.

2013 2402 2330 2470 κρείττονι;
2380 2401 2760 2474 Ἐξαλειφείην
2806 2404 2905 2475 τῆς
2961 2405 3071 2458 τῶν
3124 2406 3341 2471 ζώντων
3382 2403 3590 2474 βίϐλου,

2014 2494 2062 2544 εἰ
2095 2493 2178 2546 00‘:
2214 2493 2289 2565 μή
2317 2495 2501 2549 πᾶσαν
2549 2493 2732 2566 πτύχα
2764 2494 2863 2565 τῆς
2908 2496 3138 2566 καρδίας
3182 2494 3416 2561 ἀνέῳξα.
3452 2493 3591 2546 Πότε

2016 2601 2108 2654 μοι
2137 2586 2232 2639 τοῦ
2266 2587 2535 2657 στόματος
2579 2590 2609 2642 6
2639 2588 2782 2659 ὑπέρ
2816 2605 2911 2643 σου
2944 2569 3104 2658 λόγος
3151 2588 3411 2655 ἀπέπτη;
3453 2589 3592 2641 Πότε

2012 2680 2080 2735 τά
2120 2678 2219 2749 τῆς
2264 2680 2487 2752 μνήμης
2535 2682 2810 2749 ἁπέλιπε;
2857 2683 2994 2736 Τίνα
3040 2681 3173 2736 ποτε
3222 2680 3333 2733 τῶν
3370 2678 3499 2750 περὶ
3531 2676 3590 2730 οὲ

2011 2774 2357 2845 ἀφιξομένων
2385 2774 2632 2846 συνήθων
2654 2775 2801 2838 ίδὼν,
2835 2775 2937 2828 οὐκ
2975 2774 3137 2837 εὐθὺς
3166 2773 3291 2837 τοὺς
3320 2775 3450 2844 περὶ
3483 2770 3580 2824 σοῦ

2011 2868 2205 2937 λόγους
2242 2867 2588 2939 διακινήσας,
2622 2868 2682 2921 τό
2714 2885 2773 2921 τε
2806 2869 3022 2939 χαίρειν
3055 2852 3467 2937 διεπεμψάμην,
3497 2865 3594 2919 καὶ

2010 2960 2105 3012 τὸν
2150 2957 2438 3029 διάκτορον
2472 2958 2892 3031 ἐξεπεμψάμην,
2928 2959 2990 3013 :6
3028 2958 3230 3028 πτερὸν
3268 2960 3456 3029 ἀέριον
3499 2957 3595 3009 λύ-

2013 3066 2185 3104 σαντα
2212 3065 2227 3117 ;
2271 3048 2569 3122 Ἐπίδημος
2593 3049 2686 3117 ὢν,
2715 3051 2816 3122 τὴν
2842 3053 2985 3121 ἐμὴν
3007 3051 3187 3121 ψυχήν
3213 3049 3358 3119 ἔχεις
3385 3047 3551 3102 οίκῶν
3568 3064 3589 3081 ο

2008 3140 2321 3209 ἀποδημίαν
2355 3140 2732 3210 στειλάμενος,
2766 3143 2823 3195 ἐν
2866 3141 2991 3210 ἐμοὶ
3030 3142 3399 3211 ἐναπέμεινας
3425 3156 3439 3171 ·
3494 3140 3590 3193 καί

2010 3247 2129 3293 πως
2144 3231 2325 3303 ψυχὴν
2356 3233 2677 3303 νεμόμενος,
2709 3233 2854 3304 ἔχεις
2875 3235 2936 3286 :6
2967 3234 3170 3304 ἐνζέμοί
3204 3232 3390 3301 νοερὸν
3423 3248 3592 3305 κατα-

331 3326 444 3388 τοῖς
463 3327 658 3391 δεινοῖς
679 3345 694 3361 ’
725 3305 910 3393 ἄλλως
929 3348 992 3385 τε
1018 3331 1126 3385 οὐδ’
1156 3305 1424 3403 ἀρτίπους
1461 3332 1558 3398 ὣν,
1591 3333 1731 3399 ἀλλά,
1759 3305 1901 3388 κατά
1929 3305 1974 3365 c
2011 3324 2236 3393 γὼγιον-
2281 3325 2425 3381 Ἀλλ’
2451 3328 2601 3396 ὅμως
2631 3328 2726 3379 καὶ
2752 3325 3009 3383 τοιοῦτοι
3027 3327 3156 3380 ὅντα
3188 3343 3249 3379 σε
3274 3325 3404 3395 παρ⁴
3435 3326 3585 3393 ἐμοὶ.

330 3418 440 3489 γῆς
467 3418 676 3490 ἕρπων,
711 3421 803 3474 καὶ
827 3422 986 3475 τοῦτο
1012 3422 1076 3494 δὴ
1107 3423 1168 3479 :6
1223 3425 1389 3495 μέρος
1426 3425 1527 3497 τὴν
1562 3426 1904 3482 ἐκδακοῦσαν

328 3511 523 3566 τοῦτον
553 3512 897 3584 μιμούμενος
926 3513 1159 3584 ἔχιδναν.
1202 3515 1348 3571 Ἀλλ’
1377 3517 1527 3587 ὅμως
1557 3516 1687 3594 οὔτε
1716 3518 1780 3571 :6
1803 3518 1905 3588 τῆς

328 3604 541 3677 τροφῆς
586 3605 776 3660 τοῦτον
806 3606 997 3661 ἐλύπει
1034 3607 1417 3677 δυσπόριστον,
1446 3610 1569 3666 οὔτε
1617 3612 1679 3665 :6
1707 3612 1904 3666 0:a:6v

329 3701 497 3771 ὕδωρ,
522 3698 646 3754 οὔτε
671 3699 732 3752 :6
756 3698 859 3769 τῆς
882 3698 1095 3771 ἐχίδνης
1126 3703 1310 3770 φόνιον
1330 3702 1619 3773 χάραγμα.
1652 3703 1906 3757 Ἐπειδὰν

326 3792 385 3846 δέ
430 3809 515 3857 τις
549 3792 762 3862 χρόνιον
823 3790 1135 3863 ἐνδημήσας
1197 3798 1490 3864 προσείποι
1551 3796 1654 3868 μεν
1694 3798 1902 3850 ἐκεῖνον

327 3883 423 3937 καὶ
458 3882 803 3952 δεξιώσαιτο,
839 3886 932 3938 καὶ
987 3885 1142 3951 τέλος
1183 3887 1528 3959 ἀναγόμενος
1579 3888 1902 3960 πιστευθείη

332 3977 432 4047 μὲν
461 3977 600 4046 πρὸς
650 3978 843 4048 ἀνδρὸς
897 3978 1187 4050 ἐπιστολήν
1219 3979 1295 4044 ώς
1342 3983 1470 4046 τοὺς
1515 3983 1774 4049 οἰκείους,
1803 3980 1904 4039 εἴτ’

327 4068 597 4140 ἀμελήσοι
648 4098 716 4111 --
766 4069 881 4125 ἀλλ’
909 4066 980 4143 ἦν
1019 4072 1181 4126 τοῦτο
1210 4073 1287 4144 τῷ
1331 4075 1633 4147 Φιλοκτήτῃ
1683 4064 1903 4131 πάντων

326 4160 646 4232 δεινότερον.
681 4162 916 4229 Ἔγνως,
938 4164 967 4218 6
997 4164 1164 4234 λέγω,
1202 4166 1295 4220 καὶ
1321 4166 1535 4235 φθάσας
1558 4168 1685 4232 τοὺς
1709 4168 1903 4236 λόγους

327 4255 684 4325 ἀφήρπασας.
719 4253 875 4311 Οῦτω
935 4273 1017 4310 σοι
1071 4256 1194 4320 νοῦς
1246 4257 1506 4323 ὀξύτατος
1534 4274 1549 4289 ο
1586 4261 1678 4314 καὶ
1714 4263 1764 4314 εί
1826 4260 1902 4331 μὴ

326 4347 579 4417 κωμικὸς
606 4343 674 4419 ἦν
711 4348 741 4402 6
767 4348 946 4417 λόγος,
970 4350 1204 4419 κυνηδὸν
1236 4352 1303 4405 ἂν
1330 4351 1499 4421 φαίην
1531 4368 1591 4405 σε
1623 4351 1715 4406 τδν
1744 4353 1905 4421 λόγον

330 4440 675 4510 σιτήσασθαι.
706 4442 818 4497 Kal
844 4443 950 4513 γάρ
983 4459 1065 4496 τοι
1103 4444 1199 4497 zeal
1227 4442 1390 4506 κύνες
1419 4444 1627 4514 πτῶμα
1671 4445 1903 4515 ριπτούο

330 4550 493 4604 μενον
542 4534 748 4605 ἀέριον,
783 4535 949 4603 πρινὴ
1012 4536 1154 4589 κατὰ
1206 4535 1310 4606 γῆς
1369 4537 1579 4603 πεσεῖν,
1634 4537 1902 4605 φθάνουσι

324 4630 688 4696 καταφαγεῖν.
733 4626 895 4691 Ἀλλ’,
932 4622 977 4680 ὢ
1017 4627 1288 4698 δαιμόνιε,
1332 4628 1495 4683 ἔασον
1530 4630 1654 4683 ὂλον
1703 4647 1773 4701 με
1808 4630 1903 4684 τὸν

323 4715 482 4785 λόγον
542 4718 739 4773 εἰπεῖν.
768 4719 948 4771 Λυπεῖ
997 4718 1092 4773 καὶ
1146 4719 1297 4789 ήμᾶς
1350 4719 1412 4773 :6
1461 4719 1562 4789 τῆς
1617 4719 1901 4792 ἡμετέρας

324 4810 534 4879 ἐρήμου
585 4810 912 4881 ἀπόκροτον,
947 4809 1044 4864 καὶ
1076 4810 1137 4864 :6
1196 4811 1296 4880 τῆς
1353 4811 1560 4881 τροφῆς
1616 4829 1902 4884 μεμετρη-

326 4900 511 4970 μένον,
537 4905 636 4956 zeal
667 4903 737 4955 τὰ
784 4905 887 4971 τῆς
915 4900 1043 4956 καθ’
1093 4903 1245 4973 ἡμᾶς
1282 4903 1499 4973 ἐχίδνης
1529 4904 1899 4976 χαράγματα·

323 4993 438 5047 ἀλλ’
466 4994 623 5047 ἔδακε
673 4995 833 5049 πλέον
864 4993 1073 5049 τούτων
1117 4997 1286 5067 ἡμᾶς,
1315 4995 1399 5048 ὅτι
1441 4996 1572 5067 περὶ
1610 4997 1711 5059 τὰς
1762 4999 1904 5069 πρός

325 5103 386 5140 σε
437 5085 815 5156 δυστυχοῦμεν
870 5087 1111 5157 γραφάς,
1141 5087 1237 5142 καὶ
1281 5087 1590 5156 γράφοντες
1634 5088 1903 5160 δοκοῦμεν

328 5175 405 5248 μή
434 5176 690 5247 γράφειν.
720 5176 914 5231 Καίτοι
962 5177 1069 5231 τίνι
1106 5177 1251 5249 άλλῳ
1278 5176 1394 5247 ῖτὴν
1428 5179 1567 5245 πρός
1596 5195 1656 5231 σε
1684 5182 1904 5250 γραφὴν

323 5268 821 5337 ἐνεπιστιιυσάμην,
852 5268 886 5339 ἢ
920 5268 998 5339 τῷ
1025 5268 1121 5323 τοῦ
1148 5270 1413 5324 δεσπότου
1441 5270 1535 5323 τοῦ
1563 5271 1891 5326 διδασκάλου

319 5357 536 5426 ἀδελφῷ
573 5359 668 5412 zeal
698 5358 827 5429 θείῳ
870 5359 977 5430 σῷ;
1024 5362 1167 5415 Ἀλλ’
1197 5360 1295 5431 (ὡς
1356 5360 1532 5427 ἔοικε)
1561 5361 1792 5434 δεύτερα
1831 5364 1902 5417 τὰ

318 5452 573 5522 ήμέτερα
627 5449 877 5522 θέμενος,
925 5453 1017 5507 τὸν
1062 5455 1248 5509 οῖκαδε
1302 5454 1502 5524 ήπειγε
1559 5453 1755 5521 πλοῦν,
1812 5455 1902 5509 ἵνα

319 5543 456 5612 ἡμῖν
504 5544 534 5596 6
579 5544 689 5606 πᾶς
744 5543 833 5614 εἴη
882 5545 1037 5612 λόγος
1090 5546 1445 5617 τραγῳδικός.
1484 5543 1673 5607 Οὕτως
1733 5546 1901 5616 ήμεῖς

316 5636 836 5707 δυστυχοῦμεν,ἐφ’
889 5634 971 5702 οἷς
1018 5639 1378 5710 εὐτυχοῦμεν.
1418 5640 1511 5709 Μὴ
1565 5638 1697 5707 γοῦν
1748 5640 1898 5709 ἡμᾶς

322 5725 545 5795 μέμφου
576 5744 591 5757 ο
642 5730 1016 5794 κατατοξάζου
1049 5731 1105 5785 δὲ
1131 5732 1232 5800 τῆς
1259 5730 1404 5785 οὕτω
1441 5732 1665 5802 βαρείας
1699 5731 1895 5800 τύχης,

316 5816 388 5870 6:‘
422 5820 489 5888 ἣν
541 5821 674 5891 ήμῖν
701 5822 891 5876 οὐκέτι
939 5822 1052 5876 οὐδ’
1086 5826 1133 5877 οί
1173 5822 1323 5891 λόγοι
1373 5823 1715 5893 πτερόεντες,
1759 5822 1899 5876 άλλά

319 5909 660 5983 βραχύτερον
726 5913 1135 5985 πτερυξάμενοι
1200 5911 1639 5986 πτερορρυοῦσιν
1714 5909 1893 5982 αὖθις,

2014 3418 2197 3487 ὀλίγον
2230 3421 2533 3491 προσεῖπον
2580 3421 2639 3474 ἐν
2682 3420 3012 3491 γράμμασι·
3058 3421 3153 3473 καί
3208 3434 3294 3473 σοι
3344 3418 3591 3489 μετρητὰ

2011 3527 2134 3565 τινα
2180 3511 2401 3582 γράψας
2434 3513 2493 3565 ἐν
2545 3513 2733 3567 πίνακι
2777 3513 2959 3583 τυκτῷ
3002 3514 3158 3583 (εἴπῃ
3210 3513 3277 3566 ἂν
3310 3510 3588 3581 Ὅμηρος)

2012 3603 2307 3671 δξέστειλα.
2337 3607 2436 3661 Διά
2469 3606 2522 3659 τί
2551 3623 2684 3661 ποτε
2713 3605 2927 3675 αίτιον;
2971 3608 3071 3661 Διά
3096 3605 3322 3671 δειλίαν,
3351 3606 3419 3676 ἢν
3452 3605 3590 3674 φθά-

2014 3713 2208 3763 σαντες
2239 3729 2308 3743 --
2341 3693 2377 3753 δ’
2394 3699 2551 3768 λόγος
2586 3700 2687 3771 μὲν
2712 3699 3228 3771 ἀνθωμολογήσατο,
3261 3701 3289 3752 ό
3318 3699 3372 3752 δὲ
3399 3698 3590 3768 κύριος

2011 3791 2232 3864 Μιχαὴλ
2256 3794 2355 3865 τῆς
2403 3793 2585 3864 ψυχῆς
2614 3812 2713 3865 μοι
2745 3794 3026 3850 ἀπώσατο.
3072 3794 3235 3851 ⁹Αλλά
3279 3793 3364 3857 τίς
3403 3795 3438 3865 ή
3474 3794 3527 3846 δε
3541 3811 3590 3845 ι-

2011 3886 2142 3953 λίας
2176 3887 2298 3941 Ὀτι
2346 3888 2375 3941 6
2404 3888 2505 3958 μὲν
2533 3889 2613 3951 είς
2651 3888 2789 3959 ἀέρα
2821 3888 3082 3959 χεόμενος
3130 3886 3311 3956 λόγος,
3355 3886 3451 3940 καὶ
3484 3885 3591 3939 ὑπὸ

2011 3977 2278 4043 διακόνοις
2308 3979 2519 4049 ἑτέροις
2567 3980 3015 4050 διαπεμπόμενος
3049 3978 3334 4049 στόμασιν,
3387 3977 3448 4030 ού
3484 3978 3589 4046 ρᾳ-

2011 4067 2140 4131 δίως
2187 4068 2431 4138 ἐλέγχειν
2470 4069 2617 4123 θέλει
2667 4072 2798 4133 τοὺς
2845 4070 3162 4134 στέλλοντας
3195 4086 3210 4103 ·
3244 4068 3384 4123 ἀλλά
3435 4068 3530 4121 zeal
3560 4068 3590 4121 6

2012 4160 2180 4223 πολὺς
2198 4161 2293 4215 καὶ
2318 4163 2347 4213 6
2366 4162 2576 4224 ἀστεῖος
2597 4161 2831 4217 ἐνταῦθά
2864 4179 2929 4231 γε
2958 4162 3020 4216 :6
3052 4163 3165 4217 ἴσον
3192 4163 3585 4232 ἀποφέρονται,

2011 4252 2167 4322 παρά
2203 4252 2459 4306 τοσοῦτον
2489 4253 2867 4325 διαφέροντες,
2899 4255 3031 4324 παρ’
3056 4255 3181 4308 ὅσον
3220 4255 3405 4325 έχουσι
3447 4258 3588 4325 μνή-

2013 4360 2123 4414 μης
2153 4342 2185 4414 ἢ
2215 4345 2310 4397 καὶ
2335 4343 2591 4415 λεκτικῆς
2620 4347 2935 4415 ἐπιστήμης
2968 4348 3019 4401 οί
3068 4347 3585 4418 καθυπουργοῦντες

2013 4435 2165 4503 σφίσι
2193 4436 2292 4490 καὶ¹
2311 4437 2702 4509 ἀναφέροντες.
2727 4438 2839 4493 Kal
2863 4439 3011 4492 ἐστιν
3038 4439 3272 4495 ἐνταῦθα
3295 4443 3449 4511 παρά
3470 4442 3583 4504 τοῖς

2009 4527 2357 4586 διακονοῦσιν
2409 4531 2442 4602 ἢ
2500 4530 2560 4585 τὸ
2590 4531 3112 4604 διακινδυνεῦσαι,ἢ
3161 4535 3223 4588 :6
3270 4537 3488 4605 τυχεῖν·
3521 4536 3589 4601 τὸ¹

1936 4668 1979 4724 D
2009 4623 2120 4690 γάρ
2149 4623 2248 4692 τῆς
2284 4629 2729 4697 προσφωνήσεως
2771 4626 2946 4692 δεξιὸν
2976 4628 3089 4681 εῐτε
3137 4628 3233 4681 zeal
3279 4628 3355 4698 μή
3395 4629 3583 4693 αὐτοῖς

2008 4715 2427 4785 ἐπιγράφονται.
2459 4717 2565 4773 Kal
2593 4721 2621 4773 6
2646 4720 2747 4790 μέν
2769 4721 2869 4787 τὴν
2898 4718 3233 4789 προσλαλιάν
3270 4720 3582 4785 ἐπιστείλας

2003 4799 2301 4881 ἀμάρτυρα
2347 4811 2486 4882 ἔχει,
2537 4814 2660 4868 ὅποι
2710 4813 2843 4867 ποτὲ
2892 4815 3000 4885 ἀρα
3045 4815 3142 4869 καὶ
3173 4815 3333 4869 πέσοι
3378 4815 3447 4870 τά
3481 4815 3582 4886 τῆς

2003 4907 2409 4973 προσαγορείας
2429 4922 2445 4939 ο
2473 4909 2501 4960 6
2530 4906 2589 4961 δέ
2615 4907 2759 4977 δρῶν
2780 4907 2858 4977 τῷ
2888 4909 3357 4979 προσαγορεύοντι
3381 4909 3441 4963 τὸ
3471 4910 3579 4963 πᾶν

2002 4999 2083 5060 εἰς
2120 4997 2311 5051 ἐαυτὸν
2355 4998 2664 5064 ἀνεδέξατο.
2698 5001 2808 5053 Kal
2852 4999 3079 5054 τοιαῦτα
3126 5003 3229 5071 μὲν
3263 5001 3473 5055 ἐκεῖνα.
3520 4999 3579 5054 ’0

2001 5091 2058 5144 δέ
2096 5107 2161 5158 γε
2197 5093 2257 5144 ἐν
2294 5093 2596 5161 σωματίοις
2635 5093 2887 5163 κείμενος
2930 5092 3091 5161 λόγος
3128 5094 3309 5148 οὐκέθ’
3346 5093 3448 5148 ὑπὸ
3476 5093 3580 5160 ἀγ-

2001 5184 2163 5251 γέλου
2218 5184 2525 5255 προάγεται
2574 5186 2827 5255 στόματι,
2876 5186 2990 5239 οὐδ’
3024 5188 3083 5241 ἐν
3134 5188 3336 5257 ἐτέρων
3372 5185 3575 5254 χείλεσι

2000 5276 2464 5331 διακινδυνεύεται
2488 5291 2506 5309 ·
2533 5276 2649 5329 ἀλλ’
2684 5277 2801 5331 ἐστι
2831 5277 3013 5349 ψυχῆς
3060 5279 3162 5348 τῆς
3190 5277 3577 5346 ἐπιστειλάσης

1999 5367 2262 5437 ἄντικρυς
2292 5367 2504 5438 κύημα,
2533 5366 2630 5422 τοῦ
2674 5369 2731 5422 δὲ
2765 5370 3165 5440 ὑποδεξαμένου
3196 5368 3425 5432 κώδικος
3454 5370 3578 5438 μαί-

2001 5473 2166 5526 ευμα,
2225 5458 2674 5529 σπαργανοῦντος
2711 5456 2826 5517 οἷον
2859 5461 3043 5526 αὐτὸν,
3094 5460 3189 5513 καὶ
3247 5454 3358 5523 οἷος
3411 5460 3575 5530 ἐξέφυ

2004 5546 2522 5615 περιφυλάττοντος,
2555 5552 2649 5605 zeal
2677 5551 2759 5622 τῷ
2795 5550 2938 5620 φίλῳ
2971 5550 3466 5621 παρακομίζοντος,
3499 5552 3577 5616 ὡς

2004 5638 2190 5692 εἰκόνα
2219 5638 2318 5693 τοῦ
2370 5642 2704 5706 στείλαντος.
2746 5641 2810 5696 El
2842 5640 2899 5696 δὲ
2947 5642 3180 5696 τοιαῦτα
3224 5641 3477 5697 δύνανται
3507 5645 3579 5699 τά

1999 5728 2110 5783 τῶν
2160 5731 2484 5799 ἐπιστολῶν,
2537 5734 2633 5788 καὶ
2678 5728 3013 5802 κατηγορεῖν
3059 5729 3172 5786 οἶδε
3204 5733 3295 5787 τὸν
3335 5734 3547 5787 ἐπιστεί

2001 5820 2189 5886 λαντα,
2229 5816 2341 5887 οἷος
2376 5827 2447 5880 τά
2502 5827 2560 5889 ἐς
2613 5825 2808 5893 λόγους
2841 5824 3072 5890 ἐκεῖνος.
3119 5825 3216 5879 καὶ
3245 5820 3332 5879 οἲα
3359 5826 3429 5879 τὰ
3472 5826 3577 5898 τῆς

1995 5913 2177 5987 ψυχῆς
2210 5916 2361 5989 αὐτῷ
2389 5918 2508 5973 ἐστι
2554 5922 2897 5989 γεννήματα,
2936 5919 3055 5985 πῶς
3084 5918 3152 5976 ἂν
3190 5917 3355 5985 αὐτὸς
3388 5918 3576 5979 εὐτόλ-
