3964 6588
362 387 498 454 1275

1763 407 1804 465 Α
1825 405 2158 468 ΒΟΕΝΒΑ.

3476 397 3620 476 1276'

359 519 479 570 μως
525 501 724 572 Ξχοιμι,
751 531 754 534 ~
782 504 879 562 τὰς
931 507 1073 578 ἐμάς
1127 512 1420 584 πιθηκίδας
1481 516 1618 587 πρός
1649 533 1707 570 σε
1753 521 1938 572 τὸνέν
1967 522 2010 580 Δ
2043 539 2133 582 τες
2185 520 2469 591 ηττὴμεθα
2493 537 2508 550 ·
2543 523 2638 574 καί
2685 524 2853 592 ἐσμεν
2880 552 2948 564 -
2980 524 3009 576 6
3040 523 3141 592 μέν
3185 541 3282 578 σου
3312 523 3376 578 τό
3425 526 3618 579 δευτε-

359 597 671 667 ῥητορείαις
729 602 934 657 αίθωνα
981 606 1169 660 λέοντα
1221 611 1481 678 προάγων
1532 615 1929 683 περιγυμνοῦν,

358 690 580 758 καὶτῆς
611 691 750 762 ὲμῆς
793 695 1082 763 ἀγροικίας
1117 700 1597 770 ἐνδαψιλεύεσθαις
1629 705 1742 758 Οὐκ
1786 707 1935 760 ἀντι-

359 780 614 850 λέγομεν,
645 786 1005 856 ἐγχειριδίους
1035 791 1130 843 καὶ
1163 794 1486 863 κειμηλίους
1515 794 1772 868 ἐλέγχους
1799 799 1932 852 ἁπο-

361 875 616 931 τίθεσθαι
664 882 781 944 τοῖς
831 882 968 946 τέως
1013 885 1116 939 οὐκ
1150 887 1318 940 εἰδόσι
1351 889 1418 942 τὰ
1472 890 1789 961 καθ’ήμᾶς,
1839 894 1933 947 καὶ

358 970 699 1040 κατηγορίας
745 973 1106 1044 ἐγχαράττειν
1153 978 1278 1033 καθ’
1323 981 1481 1051 ημῶν
1512 983 1714 1051 αὐτῶν,
1745 986 1822 1049 ὡς
1867 987 1935 1040 ἂν

359 1063 592 1126 καὶτοῖς
621 1065 896 1134 ἐπιγόνοις
923 1066 1145 1139 ἔχοιμεν
1175 1071 1777 1144 περιδειγματίζεσθαι.
1807 1077 1935 1134 Ἀλ-

361 1153 476 1218 λοις
510 1157 613 1225 μέν
648 1157 742 1214 οὕν
772 1175 885 1214 τισι
932 1163 1076 1232 τάχα
1105 1162 1173 1218 ἂν
1203 1167 1436 1234 γράφων
1464 1167 1806 1240 τεθάρῥηκα,
1835 1172 1938 1226 καὶ

360 1245 460 1314 οὐχ
493 1247 805 1320 θπεστάλην
835 1251 904 1305 ἂν
937 1253 1007 1307 τὰ
1037 1254 1141 1322 τῆς
1171 1255 1485 1327 ἐπιστολῆς.
1520 1257 1666 1328 Πρδς
1693 1259 1754 1313 σέ
1787 1259 1845 1313 δέ
1866 1289 1938 1304 ~—

359 1336 498 1392 ἀλλὰ
534 1339 629 1392 καὶ
654 1338 754 1394 νῦν
781 1340 922 1408 δέος,
957 1344 1034 1414 μὴ
1065 1346 1134 1399 τὰ
1163 1346 1262 1416 τῆς
1299 1349 1518 1418 γραφῆς
1560 1348 1770 1419 δργανα
1799 1351 1940 1421 σχάδ

362 1444 554 1494 σαντα,
593 1431 656 1484 τὸ
707 1432 868 1504 ἔργον
917 1435 1108 1500 ἀτελές
1141 1454 1230 1506 μοι
1279 1438 1643 1510 προλίπωσιν.
1685 1439 1846 1496 Οὕτω
1875 1459 1938 1495 σε

359 1519 592 1588 τέθηπα,
645 1523 786 1578 οὕτω
815 1543 911 1579 σου
951 1528 1014 1584 τὸ
1042 1528 1142 1598 τῆς
1187 1531 1485 1600 ῥητορικῆς
1535 1531 1806 1602 ἐμπῦριον
1833 1534 1946 1586 πέο-

2040 615 2204 684 ρεῖον,
2233 615 2260 666 ὁ
2294 613 2370 675 δὲ,
2427 613 2456 666 ὅ
2485 632 2538 668 τι
2575 615 2729 683 τύχοι
2777 616 2877 685 τῆς
2920 616 3014 668 ἐπὶ
3042 615 3162 668 τόδε
3191 616 3496 686 φερόμενος
3517 617 3620 671 τά·

2037 722 2197 769 σεως.
2267 706 2332 758 Ὢ
2402 705 2576 776 λόγων
2641 707 2807 777 ἄκρον
2871 709 3190 778 γάργαρον·
3253 701 3300 762 ὦ
3382 707 3623 770 πλοῦτος

2036 800 2457 870 ἐπιχειρήσεων,
2500 801 2642 854 κατὰ
2684 799 2842 870 χύσιν
2886 800 3075 871 ἄμμου
3126 801 3491 870 ἐκνενημένος
3518 817 3534 830 ο
3575 794 3626 853 ὦ

2036 889 2272 963 ἀριθμὸς
2323 889 2730 960 ἐνθυμημάτων
2765 892 2999 945 ἀστείων
3038 890 3346 961 πολύχους·
3385 884 3432 942 ὧ
3481 889 3626 956 πλη-

2037 978 2246 1049 θυσμδς
2293 978 2516 1050 ὑψηλῶν
2545 979 2858 1050 νοημάτων,
2883 981 3131 1052 ἀστέρων
3171 981 3331 1051 δίκην
3364 981 3446 1044 εἰς
3475 981 3624 1048 πλῆ-

2037 1071 2130 1135 θος
2161 1071 2643 1142 ἐμπλατυνόμενος
2673 1075 2770 1127 καὶ
2800 1074 2882 1136 εἰς
2928 1074 3293 1144 λαμπρότητα
3319 1073 3621 1145 δᾳδουῃῦν,

2038 1163 2184 1219 κατὰ
2215 1164 2458 1235 δμϐρους
2511 1165 2711 1232 ὑψόθεν
2737 1163 2851 1220 οἷον
2893 1165 3424 1237 καταρῥηγνύμενος
3455 1166 3534 1226 ὡς
3564 1166 3625 1218 ἐν

2037 1256 2409 1327 κατακλυσμῷ
2439 1289 2505 1300 —-
2524 1258 2640 1329 δᾷδ’
2679 1258 2744 1313 ἂν
2774 1259 2905 1330 είπῃ
2940 1290 3009 1302 —-
3035 1257 3247 1311 ὑδάτων
3281 1258 3508 1311 πολλῶν
3537 1273 3553 1288 ’
3579 1251 3626 1309 ὦ

2043 1345 2224 1418 ῥεῦμα
2259 1348 2418 1416 λόγου
2449 1348 2692 1417 δαψιλὲς,
2723 1350 2983 1422 ἐπιρῥέον
3015 1349 3112 1402 ἇτε
3145 1349 3348 1401 πόντου
3397 1347 3628 1416 κύματα

2050 1436 2330 1507 Ἰκαρίοιο,
2360 1439 2497 1493 ἔπεα
2543 1439 2863 1509 νιφάδεσσιν
2897 1441 3134 1494 ἐοικότα.
3175 1440 3400 1493 Ἐπεισί
3439 1457 3534 1509 μοι
3566 1439 3630 1492 τὸ

2035 1531 2136 1599 τῆς
2161 1531 2534 1600 Συρακουσίου
2561 1533 2785 1604 Μούσης
2825 1536 3025 1598 εἰπεῖν,
3059 1534 3208 1600 ὅσος
3237 1534 3448 1602 ὄχλος,
3472 1535 3631 1602 μύρ-

359 1629 552 1682 φρικα.
600 1616 712 1670 Καὶ
752 1617 1006 1690 Ῥωμαίῳ
1058 1621 1158 1692 μὲν
1188 1623 1340 1693 ἀνδρὶ
1374 1623 1705 1696 (Ἀντωνίῳ,
1755 1620 1934 1695 οἶμαι)
2031 1641 2225 1692 μηκες
2249 1626 2582 1695 ἀνάριθμοι,
2616 1629 2796 1681 εῐτουν
2842 1629 3135 1698 μυρμηκιὰ
3183 1627 3364 1696 λόγων
3416 1625 3626 1692 σοφῶν.

359 1705 520 1774 λόγος
546 1709 748 1780 ἐῤῥέθη
780 1712 964 1779 ποθέν,
988 1713 1067 1774 ὡς
1089 1714 1199 1784 ἄρα
1222 1718 1251 1770 6
1280 1716 1492 1786 δαίμων
1517 1717 1666 1786 αὕτῷ
1697 1718 1789 1770 τὸν
1815 1719 1936 1771 ἐτί-

362 1815 457 1868 ρου
496 1799 642 1864 τινὸς
673 1803 981 1874 πεφόϐηται
1023 1806 1254 1874 δαίμονα
1275 1824 1290 1839 ο
1323 1809 1458 1878 ἡμῖν
1498 1809 1556 1862 δὲ
1586 1809 1798 1878 δαίμων
1837 1811 1935 1880 μὲν

2040 1711 2174 1770 Εἶτα
2205 1715 2474 1785 θυρύϐους
2507 1718 2809 1788 προϐάλλῃ,
2844 1718 2940 1772 καὶ
2972 1723 3320 1787 πραγμάτων
3365 1719 3634 1784 ἐπίχυσιν

2040 1810 2133 1863 καὶ
2165 1809 2280 1878 βίου
2311 1810 2597 1879 σύγχυσιν,
2624 1813 2719 1864 καὶ
2747 1812 2950 1883 βλάϐας
2977 1813 3096 1874 οἵας
3118 1812 3213 1865 καὶ
3231 1811 3441 1878 τύρϐας
3468 1811 3630 1874 ὅσας,

362 1891 618 1961 φοϐερὸς,
669 1893 849 1948 είτουν
896 1896 1032 1966 τύχη
1084 1899 1568 1970 μορμολυττομένη
1610 1903 1671 1954 τὸ
1718 1904 1929 1970 ὅμοιον,
1963 1887 2010 1948 Β
2039 1896 2130 1965 ὕφ’
2161 1891 2236 1951 ὧν
2265 1899 2361 1951 τοῦ
2396 1900 2551 1967 φίλου
2597 1901 2756 1968 λόγου
2791 1902 3246 1972 περικεκίνησαις
3282 1902 3390 1953 Καὶ
3434 1900 3631 1953 οὐκέτι

359 1980 481 2034 οὕτι
511 1981 849 2049 δεδόξασται.
885 1987 1011 2051 Πῶς
1039 1989 1148 2057 γὰρ
1182 1989 1249 2043 ἂν
1271 1993 1371 2045 καὶ
1413 1991 1496 2062 εῐη
1526 1993 1754 2063 τοιαύτη
1791 1992 1930 2063 τύχη

363 2076 494 2143 παρ’
524 2077 683 2145 ἡμίν,
717 2073 799 2140 οἷς
825 2079 886 2132 τὺ
928 2082 1036 2134 πᾶν
1068 2084 1096 2135 6
1123 2082 1256 2147 Θεός
1283 2100 1301 2151 ;
1351 2085 1487 2138 ὅπου
1520 2085 1629 2138 τῶν
1662 2086 1934 2154 Ἐλλήνων

362 2168 479 2222 ὅσοι
511 2171 810 2239 σοφώτεροι
847 2171 1060 2227 εὕνοιαν
1086 2177 1368 2247 θειοτέραν
1399 2177 1501 2245 τὴν
1527 2177 1699 2248 τύχην
1727 2178 1936 2248 ὁρίζον-

361 2282 476 2330 ται,
511 2269 604 2320 καὶ
632 2269 713 2325 εἰς
740 2269 938 2322 ταυτὸν
961 2269 1133 2339 αὐτὴν
1157 2271 1234 2342 τῷ
1266 2271 1418 2342 καλῷ
1449 2274 1545 2342 τῆς
1584 2271 1940 2340 εὐδαιμονίας

361 2360 680 2426 συνάγουσι.
719 2360 866 2432 Τύχη
920 2364 1019 2431 μὲν
1072 2359 1166 2419 οὕν
1210 2365 1346 2434 ἡμῖν
1386 2364 1512 2420 οὕτε
1545 2365 1696 2419 ἐστὶν
1738 2365 1934 2430 οὕτως,

359 2449 485 2506 οὕτε
516 2453 846 2524 πεφόϐηταί.
898 2457 959 2509 Ὀ
983 2455 1040 2508 δέ
1076 2473 1166 2526 μοι
1212 2455 1370 2524 λόγος
1413 2456 1629 2527 φρίττει
1667 2458 1761 2511 τὸν
1795 2457 1888 2510 σόν
1917 2474 1933 2490 ο

361 2545 456 2597 καί
489 2563 594 2598 που
645 2549 961 2617 περιτυχὼν
1010 2549 1178 2619 αὐτῷ,
1222 2550 1510 2612 συσταλεὶς
1558 2549 1936 2604 καταδύεται·

362 2638 458 2690 καὶ
488 2637 636 2691 καθά
677 2655 780 2692 που
824 2639 985 2706 λόγος
1021 2640 1160 2710 ἔχει,
1194 2642 1469 2710 σωμάτων
1503 2641 1745 2705 κτύπους
1784 2643 1938 2706 τινὰς

361 2729 569 2800 ἑτέροις
600 2731 794 2796 εἴκειν,
826 2733 922 2786 καὶ
946 2735 1153 2786 τούτων
1178 2733 1454 2803 ἠχούντων
1480 2735 1722 2794 ἐκείνους
1754 2735 1934 2804 σιγᾷν,

359 2823 462 2875 οὐκ
503 2823 725 2891 ιχοντας
751 2825 1033 2895 ἀντηχεῖν.
1064 2825 1211 2880 οὕτω
1253 2826 1370 2891 καὶ,
1398 2827 1494 2882 τοῦ
1527 2828 1692 2897 σοφοῦ
1723 2829 1938 2899 Γρηγο-

363 2913 483 2984 ρίου
515 2914 578 2966 τὸ
631 2915 883 2970 σύντονον
917 2919 976 2970 ἐν
1003 2921 1315 2988 ῥητορείαις
1358 2921 1598 2992 ᾄδοντος,
1631 2921 1665 2991 ἡ
1712 2919 1806 2973 τοῦ
1836 2921 1938 2973 Εὕ-

363 3008 587 3063 σταθίου
618 3007 778 3063 λαλιὰ
801 3010 912 3064 οὐδ’
938 3014 1020 3074 εἰς
1049 3015 1288 3068 τονιαῖόν
1311 3031 1362 3066 τι
1387 3015 1574 3084 ἁπήχη
1584 3031 1660 3082 μα
1693 3013 1940 3082 ὑποψαλ-

359 3102 536 3156 λεται.
585 3102 708 3158 Ἔτι
755 3120 846 3171 μοι
877 3103 980 3173 τῆς
1034 3104 1327 3175 ἐπιστολῆς
1375 3104 1594 3174 ἐκείνης
1636 3104 1938 3174 ἰνδάλματα

361 3199 658 3269 προτρέχει
685 3200 798 3253 τῶν
843 3199 1162 3270 ὀφθαλμῶν,
1193 3201 1262 3269 ῆν
1300 3199 1361 3252 οὕ
1405 3199 1513 3269 πρὸ
1558 3197 1756 3251 πολλοῦ
1798 3197 1938 3268 μετὰ

285 3274 296 3284 Χ
361 3286 575 3362 χείρας’
604 3291 840 3361 ηὕχουνο
875 3292 972 3345 καί
1009 3309 1076 3362 με
1119 3291 1213 3346 τοῦ
1258 3292 1490 3362 γράφειν
1539 3289 1795 3361 ἐκκρούει
1841 3291 1936 3344 ἐκ·

365 3385 626 3458 θροοῦντα
648 3387 745 3456 οὐχ
767 3381 1005 3458 ἦττον,η
1033 3387 1124 3440 τὸν
1153 3385 1550 3457 θρυλλούμενον
1572 3384 1939 3456 άντιφέροντα

360 3481 432 3534 τὰ
482 3479 696 3535 ἐκείνου
752 3478 1183 3549 ἐκδειματοῖωτα
1245 3477 1571 3547 ίνδάλματα.
1620 3478 1744 3531 Ἔτι
1801 3493 1871 3548 με
1908 3477 1938 3530 6

361 3572 572 3636 γλυκὺς
603 3573 814 3636 ἐκεῖνος
858 3571 1066 3642 ῥυθμὸς
1101 3572 1419 3642 ἐπικροτείο
1456 3569 1537 3624 ἔτι
1579 3587 1646 3639 με
1680 3569 1939 3641 περιάγει

361 3665 424 3718 τδ
453 3664 650 3728 κάλλος
670 3679 686 3698 °
717 3665 780 3719 τὸ
819 3666 930 3719 τῶν
963 3665 1256 3736 νοημάτων
1289 3661 1448 3731 ὕψος,
1489 3664 1522 3732 ἠ
1575 3656 1869 3733 πυκνότης,
1903 3663 1938 3732 ἡ

365 3758 706 3828 στρυφνότης
726 3773 742 3790 ⁸
771 3759 809 3828 ἡ
855 3758 1049 3820 αὕταίς
1093 3757 1520 3828 άνακεκραμένη
1550 3755 1829 3826 γλυκύτης
1852 3772 1867 3787 ·
1899 3756 1936 3827 ἡ

360 3853 460 3921 τῆς
491 3851 709 3917 λέξεως»
739 3853 902 3923 χάρις
927 3868 943 3884 ο
980 3852 1016 3922 ἡ
1055 3853 1114 3904 ἐν
1156 3850 1406 3921 σχήμασι
1453 3849 1733 3904 ποικιλία·
1765 3847 1940 3903 τᾶλλα

363 3946 544 4002 πάντα
567 3943 735 4008 καλὰ,
784 3944 871 3997 ἵνα
913 3943 986 4016 μὴ
1017 3943 1114 3997 καὶ
1159 3943 1393 4012 φορυτόν
1439 3942 1616 4003 ἄλλως
1651 3939 1938 4011 ὀνομάτων

363 4036 721 4105 ἐπισυνάγειν
747 4035 984 4105 δόξαιμι.
1023 4034 1186 4089 Ἀλλά
1205 4035 1260 4088 τί
1286 4053 1377 4104 μοι
1403 4033 1692 4102 ἐπιπολῆς
1719 4031 1940 4101 ἐκείνης

361 4133 463 4200 τῆς
499 4131 652 4200 μιᾶς,
703 4129 752 4182 εἰ
779 4130 875 4181 καὶ
916 4127 1036 4180 λίαν
1074 4127 1284 4196 καλῆς;
1311 4128 1378 4182 Τί
1419 4127 1494 4196 μὴ
1527 4125 1618 4180 τὸν
1650 4124 1816 4194 σοφὸν
1838 4125 1940 4195 τὴν

361 4224 523 4292 χεῖρα
553 4222 913 4292 Πρωτογένην
939 4220 1040 4274 οὐκ
1069 4220 1277 4281 ἐκτῶν
1307 4217 1565 4288 μεγάλων
1597 4216 1797 4288 ἔργων,
1819 4217 1938 4271 ἀλλ’

363 4316 430 4368 ὲκ
479 4313 575 4367 τοῦ
621 4313 905 4385 παρέργου
963 4299 1442 4383 καλοῦ,,πέρδικος
1504 4309 1759 4378 ἐπαινῶ;
1812 4308 1940 4363 Ἐπὶ

362 4404 489 4461 νοῦν
519 4404 784 4474 λαμϐάνω
812 4404 911 4475 τὴν
943 4403 1044 4473 σὴν
1070 4400 1510 4474 καλλιγραφικὴν
1543 4400 1935 4472 λογογραφίαν,

363 4498 504 4572 [καὶ]
539 4498 830 4568 θαυμάσας
867 4498 944 4561 ὠς
999 4497 1078 4550 ἐνι
1129 4495 1386 4567 μάλιστα,
1427 4497 1520 4549 καὶ
1555 4494 1754 4548 ἑαυτοῦ
1795 4495 1934 4548 ἀπο-

361 4591 547 4660 γνοὺς,
574 4593 917 4660 σχασάμενος
941 4589 1042 4661 τὴν
1069 4589 1410 4658 σοφιστικὴν,
1431 4588 1614 4650 ἄλλοις
1644 4585 1940 4652 ἀντεπεξάο

360 4682 554 4751 γεσθαι
579 4682 714 4753 πρὸς
731 4681 834 4752 τὴν
857 4683 957 4752 σὴν
982 4683 1052 4749 (εἰ
1075 4681 1372 4752 βούλοιντο)
1394 4679 1686 4751 ῥητορείαν
1709 4678 1934 4749 ἀφίημι.

362 4776 473 4829 Καὶ
515 4773 708 4846 ἧθελον
760 4775 894 4829 ίδείν
939 4777 1064 4838 τοὺς
1109 4775 1408 4838 τοιούτους,
1443 4774 1640 4837 οἵτινες
1685 4773 1793 4844 ἄρα
1843 4774 1942 4828 καὶ

361 4863 476 4921 εἷεν
497 4884 511 4898 ο
541 4867 617 4929 ὡς
651 4868 720 4922 ἂν
752 4863 897 4938 εἰχον
927 4867 1203 4938 εὐθύμως,
1243 4867 1366 4920 ἰδὼν
1410 4867 1722 4937 ἡττώμενόν
1755 4883 1815 4918 σε
1846 4867 1941 4920 τὸν

359 4961 488 5030 ἐμοὶ
539 4960 791 5030 φοϐερόν.
819 4961 883 5014 Οί
925 4960 981 5014 δέ
1008 4990 1080 5002 —-
1121 4960 1258 5014 ἀλλὰ
1313 4961 1407 5015 καὶ
1447 4960 1604 5015 αὐτοὶ
1643 4959 1719 5022 ὡς
1748 4959 1939 5012 λέοντα

364 5052 608 5124 μηκάδες
656 5047 814 5120 αἶγες
845 5053 1207 5124 πεφόϐηνται.
1261 5053 1375 5107 Καὶ
1406 5053 1472 5106 σῦ
1530 5052 1630 5122 μὲν
1675 5051 1818 5103 κατὰ
1845 5051 1940 5104 τὸν

373 5143 674 5214 Ὁμηρικὸν
697 5143 942 5214 Ἕκτορα
966 5147 1180 5206 πάντας
1201 5143 1442 5207 καθίζων
1468 5143 1598 5205 τοὺς
1618 5141 1940 5212 ῥητορεύειν

358 5235 590 5302 δεινοὺς,
635 5230 756 5290 εἶτα
781 5236 876 5289 τὸν
928 5236 1229 5289 ἀντίπαλον
1281 5234 1591 5304 μονομάχον
1625 5232 1846 5304 ζητεῖςο
1886 5234 1938 5286 οἰ

361 5331 421 5386 δέ
452 5329 723 5394 σιωπῶσι,
759 5330 854 5382 καί⁵
887 5329 948 5383 οὕ
981 5328 1247 5399 θαῤῥοῦσι
1282 5327 1383 5398 τὴν
1415 5327 1780 5392 ἐπεξέλευσιν.
1818 5327 1936 5381 Κάν

359 5439 445 5486 τις
477 5424 662 5484 αὐτοῖς
699 5422 824 5476 καθ’
855 5422 1106 5490 ’Όμηρον
1137 5419 1279 5474 ἀλλ’
1331 5419 1504 5486 ὑμεῖς
1545 5418 1663 5488 μὲν
1710 5420 1938 5486 πάντες

361 5513 520 5582 ὕδωρ
563 5511 664 5567 καί
696 5510 836 5584 γαῖα
879 5511 1159 5582 γένοισθε
1208 5510 1630 5583 ἐπιφθέγξηται,
1671 5513 1720 5566 εί
1753 5511 1818 5584 δὴ
1845 5514 1937 5566 τὸν

361 5606 462 5659 ἕνα
499 5603 688 5659 τοῦτον
722 5603 1028 5658 δεδίττεσθε
1057 5603 1234 5665 αὐτοὶ,
1266 5602 1379 5657 οὐδ’
1406 5602 1582 5666 οὕτως
1613 5605 1694 5667 εἰς
1725 5605 1938 5675 τόλμαν

364 5695 667 5761 όξύνονται,
697 5694 802 5748 οὐδ’
832 5696 992 5748 ἐννέα
1022 5694 1224 5757 πάντες
1248 5694 1603 5750 ἀνθίστανται
1643 5712 1727 5749 σοι
1755 5712 1770 5728 ·
1799 5697 1939 5765 ἀγα-

368 5788 541 5858 πητὸν
571 5788 704 5857 γὰρ,
739 5788 790 5840 εἰ
825 5788 918 5840 καί
951 5805 1074 5840 τινα
1107 5788 1226 5853 ἕνα,
1253 5787 1348 5842 καὶ
1393 5786 1557 5839 αὑτὸν
1585 5787 1645 5840 ού
1677 5789 1820 5841 κατὰ
1844 5790 1937 5843 τὸν

378 5880 558 5950 μέγαν
582 5879 810 5945 Δίαντα,
838 5879 1119 5952 ἐγεροῦσιν
1143 5882 1459 5953 ἁντίμαχον.
1487 5879 1644 5936 Οὕτω
1678 5897 1770 5935 σου
1801 5883 1945 5946 πάνπ

2040 1991 2142 2063 φῂς
2173 1993 2295 2046 οὕτε
2322 1996 2440 2058 ταῖς
2470 1996 2638 2050 πάλαι
2668 1996 2798 2049 ποτέ
2819 1998 3010 2060 λάλαις
3039 2000 3224 2066 ὃμοια,
3251 1995 3377 2050 οὕτε
3414 1996 3634 2065 βίϐλοις

2041 2086 2505 2154 προστετηκέναι,
2552 2086 2668 2140 οὕθ’
2699 2087 2839 2152 ὅλως
2873 2089 3049 2142 ἐκεῖνο
3074 2084 3238 2152 εἶναι,
3260 2089 3322 2142 ὃν
3359 2090 3527 2159 ἡμεῖς
3552 2087 3634 2139 οἷ-

2039 2176 2252 2246 δαμενς
2288 2178 2354 2231 Ὢ
2381 2180 2482 2250 τῆς
2509 2179 2635 2234 καθ’
2663 2181 2824 2250 ἡμῶν
2859 2183 3089 2251 σκηνῆς.
3121 2183 3192 2234 Ἣ
3228 2177 3634 2252 σκη[νοϐα]τήο

2043 2288 2127 2325 σοι
2149 2271 2178 2325 6
2197 2272 2355 2340 λόγος
2381 2288 2398 2339 ;
2428 2272 2886 2343 Ἐσχημάτισται,
2916 2272 3192 2343 ἧνθισται.
3230 2274 3634 2344 Ἐπικρύπτεις

2041 2366 2175 2434 ἡμῖν
2231 2364 2482 2429 σεαυτὸν,
2517 2364 2618 2418 οὕκ
2661 2363 2760 2418 οἶδ’
2810 2365 2921 2418 εἴτε
2971 2365 3118 2420 κατὰ
3176 2366 3270 2418 τὸν
3319 2365 3635 2436 Ὁμηρικὸν

2054 2459 2337 2524 Ὀδυσσέα,
2370 2459 2403 2530 ἢ
2447 2461 2500 2512 εί
2529 2475 2611 2519 τις
2659 2459 2781 2513 κατ’
2811 2461 3022 2513 ἐκεῖνον
3049 2458 3149 2531 τὴν
3184 2460 3381 2514 ἑαυτοῦ
3417 2459 3636 2530 κρύψιν

2043 2552 2484 2622 ἐσκηνοϐάτησεν
2506 2568 2520 2584 ο
2554 2553 2662 2606 εἴτε
2711 2553 2855 2606 κατὰ
2881 2554 2972 2606 τὸν
3005 2556 3062 2606 ἐν
3098 2554 3432 2622 σοφίσμασιν
3461 2557 3636 2622 ἐγκε-

2041 2646 2414 2715 καλυμμένον,
2439 2646 2513 2710 ὡς
2541 2645 2605 2700 ἂν
2631 2644 2856 2716 ὕστερον
2879 2646 3125 2716 ἐκφήνας
3154 2647 3222 2700 τὰ
3246 2647 3388 2700 κατά
3423 2664 3513 2708 σε,
3548 2648 3634 2711 είς

2042 2738 2387 2806 ἀντιφάσεως
2451 2737 2760 2808 μοχθηρίαν
2820 2739 3126 2810 συνελάσῃς
3183 2740 3354 2809 ἡμᾶς,
3412 2739 3635 2801 εἰδότας

2042 2831 2159 2901 ἅμα
2189 2831 2281 2884 καὶ
2305 2833 2406 2884 οὐκ
2434 2831 2644 2894 εἰδότας
2666 2849 2748 2887 σε.
2782 2833 2846 2885 Ὦ
2871 2834 2971 2901 τῆς
2990 2831 3278 2902 εἰρωνείας
3305 2833 3319 2885 ἰ
3356 2830 3638 2900 Μυκτῆρα

2044 2924 2153 2993 γὰρ
2184 2924 2360 2978 εἰπεῖν
2384 2923 2444 2977 τὸ
2473 2925 2733 2994 πρᾶγμα,
2763 2919 2922 2994 οἶμαι
2953 2924 3052 2977 οὐκ
3079 2922 3354 2992 ἀσφαλέςο
3387 2923 3484 2975 καὶ
3521 2922 3640 2992 μὴν

2040 3017 2164 3072 oka
2211 3015 2486 3086 ἀκκισμὸς
2522 3016 2555 3087 ἢ
2593 3015 2789 3086 θρύψις
2856 3016 2919 3069 τὸ
2970 3015 3141 3078 πάθος
3193 3014 3332 3071 ἐστί.
3381 3014 3544 3084 Τάχα
3575 3013 3637 3067 δὲ

2042 3109 2277 3162 κάκείνα
2334 3107 2706 3176 διαγραπτέον
2760 3123 2872 3178 μοι,
2930 3108 3026 3160 καὶ
3075 3107 3268 3179 πόῤῥω
3307 3106 3403 3161 τοῦ
3459 3107 3638 3174 λόγου

2045 3201 2269 3255 θετέον·
2318 3201 2606 3253 κατειπεῖν
2661 3200 2772 3271 γάρ
2819 3217 2914 3254 σου
2953 3199 3190 3270 φορτικὰ
3245 3198 3379 3269 πρὸς
3440 3200 3635 3270 ῥῆσιν,

2046 3293 2188 3346 πάνυ
2223 3290 2383 3362 βαρύ.
2415 3289 2557 3347 Οὕτε
2583 3291 2695 3363 γὰρ
2721 3292 2782 3345 τὸ
2807 3292 3084 3362 σκηνικῶς
3109 3292 3324 3361 όμιλεῐν
3352 3295 3410 3346 ἐν
3440 3292 3636 3346 τοιού-

2045 3402 2157 3450 τοις
2191 3387 2478 3440 σπουδαῖον
2525 3386 2798 3456 κρίνεται,
2831 3387 2928 3438 καὶ
2969 3387 3038 3439 τὰ
3083 3385 3189 3455 τῆς
3238 3385 3532 3454 εἰρωνείας
3571 3385 3637 3439 δὲ

2045 3479 2103 3531 ἐν
2132 3477 2332 3551 κακίας
2364 3477 2530 3549 μοίρᾳ
2556 3476 2838 3548 βέϐληται.
2871 3478 2937 3529 Ὦ
2964 3479 3146 3532 τοίνυν
3176 3475 3272 3530 τοῦ
3307 3477 3592 3540 ἐπιεικοῦς
3615 3491 3638 3508 ⁸

2045 3570 2092 3622 ὦ
2126 3569 2336 3639 καθυφέ
2346 3587 2503 3636 σεως,
2521 3571 2603 3633 είς
2619 3570 2686 3641 ἢν
2719 3571 2747 3622 6
2764 3569 2968 3641 ὑψηλὸς
2986 3571 3082 3623 καὶ
3110 3571 3278 3633 πολὺς
3294 3570 3395 3639 τὴν
3427 3571 3640 3639 σοφίαν

2045 3662 2392 3732 κατήνεγκας
2444 3663 2692 3718 σεαυτόν.
2737 3664 2801 3714 Ὢ
2845 3662 2942 3716 τοῦ
2979 3663 3202 3733 μετρίου
3251 3663 3635 3732 φρονήματος,

2047 3754 2137 3821 ὕφ’
2158 3747 2221 3810 οὕ
2251 3754 2608 3824 περιμετρεῖς
2637 3754 2862 3807 σεαυτὸν
2883 3755 2998 3814 τοῖς
3019 3753 3254 3817 πολλοῖς.
3287 3753 3523 3822 σημεῖον
3549 3753 3640 3815 εἰς·

2047 3845 2212 3916 βάθος
2243 3845 2340 3899 καὶ
2367 3847 2448 3908 είς
2483 3844 2619 3914 ὕψος
2647 3844 2809 3900 ἄλλον
2836 3845 3040 3917 τρόπον
3073 3846 3170 3898 καὶ
3200 3843 3360 3906 αὐτὸς
3395 3843 3641 3908 αἰτησά-

2047 3953 2210 4008 μενος
2243 3938 2339 3991 καὶ
2364 3937 2545 3991 λαϐὼν
2571 3939 2635 3991 ἐκ
2661 3937 2798 3991 Θεοῦ
2825 3953 2840 3970 ο
2871 3937 3056 4009 βάθος,
3084 3938 3146 3990 τὸ
3175 3938 3264 3991 διὰ
3290 3936 3640 3990 ταπείνωσιν

2044 4034 2196 4087 κάτω
2219 4048 2235 4064 ·
2275 4030 2432 4103 ὕψος,
2477 4030 2578 4104 τὴν
2619 4031 2765 4086 κατὰ
2808 4031 3002 4100 λόγους
3046 4030 3332 4086 ἀνάϐασιν.
3371 4029 3519 4098 Ἐγὼ
3568 4028 3640 4084 δὲ

2045 4124 2234 4196 ἠξίουν
2259 4125 2486 4181 σεαυτὸν
2511 4125 2734 4191 εἰδέναι,
2769 4127 2865 4179 καὶ
2889 4126 2964 4196 μὴ
2991 4125 3220 4179 τοιαῦτα
3241 4124 3640 4194 καταγράφειν

2049 4213 2300 4272 σεαυτοῦ.
2329 4216 2404 4268 Οὐ
2451 4217 2560 4288 γὰρ
2594 4216 2656 4270 τδ
2688 4217 2917 4271 παλαιὸν
2945 4219 3126 4270 ἐκεῖνο
3167 4217 3400 4287 γράμμα
3433 4234 3640 4270 στενο-

2045 4311 2230 4380 χωρῶ,
2245 4311 2326 4375 τὸ,
2351 4310 2547 4368 Γνῶθι
2567 4311 2820 4377 σαυτὸν,
2844 4311 2960 4364 ἀλλ’
2975 4313 3056 4374 εἰς
3070 4311 3280 4375 πάντας
3301 4312 3642 4382 ἀνθρώπους

2047 4399 2321 4464 πλατύνω,
2354 4400 2452 4455 καὶ
2513 4401 2927 4470 συνεπιμερίζω
2974 4401 3035 4454 τὸ
3077 4401 3245 4472 ῥητὸν
3292 4403 3404 4464 τοῖς
3454 4402 3644 4455 καθέ-

2046 4505 2263 4545 κασταο
2292 4492 2371 4554 ὡς
2422 4491 2542 4547 δέον
2583 4491 2665 4556 ὃν,
2715 4493 2951 4546 ἕκαστον
2989 4493 3183 4548 ἑαυτὸν
3234 4493 3434 4547 εἰδέναι
3463 4511 3483 4528 ο
3535 4495 3640 4549 ἵνα.

1969 4618 2014 4672 D
2049 4585 2190 4654 μήτε
2218 4589 2247 4639 6
2269 4584 2329 4639 τὸ
2357 4585 2526 4655 μηδὲν
2555 4587 2628 4639 ὢν
2653 4585 2876 4656 ὕψιστόν
2895 4604 2948 4640 τι
2983 4588 3182 4658 φρονῇ,
3224 4588 3359 4658 μήτε
3383 4591 3411 4641 ὁ
3447 4588 3638 4659 ὕπερ-

2045 4676 2252 4746 ύψηλος
2312 4677 2460 4732 οὕτω
2517 4678 2656 4747 πρὸς
2709 4681 2814 4748 γῆν
2865 4679 3061 4734 ἑαυτὸν
3116 4681 3394 4751 κατασπᾷ.
3459 4681 3644 4735 Ἀλλὰ

2043 4767 2218 4822 ταῦτα
2257 4768 2357 4839 μὲν
2407 4767 2574 4838 ἄλλην
2609 4769 2723 4840 ἔχει
2768 4770 2989 4842 τριϐὴν,
3031 4771 3134 4824 εἶθ’
3159 4770 3306 4825 οὕτω
3344 4772 3641 4842 ποιητέον,

1991 4890 2000 4898 -
2042 4863 2152 4915 είτε
2179 4863 2272 4915 καὶ
2299 4863 2397 4934 μή.
2429 4863 2500 4916 Σὺ
2529 4863 2586 4917 δέ
2624 4863 2676 4916 τί
2705 4881 2838 4917 ποτε
2865 4865 2995 4936 φῂς,
3041 4865 3252 4936 ἀνδρῶν
3283 4865 3590 4934 λογιώτατε
3615 4884 3638 4932 ;

2041 4954 2316 5019 δυστόκως
2348 4956 2496 5025 ἔχεις
2529 4956 2660 5019 περὶ
2684 4957 2974 5028 νοημάτων
3002 4961 3163 5025 γονάς
3181 4975 3200 5022 ς
3236 4959 3330 5011 καὶ
3361 4958 3422 5010 ὃν
3455 4959 3637 5028 ἱδρὼς

2044 5047 2275 5118 συνεχὴς
2324 5051 2419 5104 καὶ
2469 5047 2741 5118 θερμότης
2768 5049 3030 5120 ἐντρεχὴς
3060 5052 3156 5104 καὶ
3186 5052 3371 5113 ἔννους
3402 5052 3486 5113 εἰς
3536 5069 3642 5104 κο-

2043 5140 2171 5192 πίδα
2191 5140 2660 5210 φιλοσοφουμένην
2681 5143 3016 5210 ἐστόμωσεν,
3037 5143 3331 5195 ἀντιτυπία
3355 5143 3643 5212 πραγμά-

2039 5248 2150 5285 των
2179 5233 2494 5302 ἐπήμϐλυνε
2517 5249 2533 5301 ;
2559 5234 2815 5304 νενίκηκέ
2845 5251 2905 5286 σε
2939 5233 3111 5305 τύρϐη
3145 5236 3476 5302 φροντίδων;
3524 5253 3640 5290 πε-

2043 5326 2291 5396 ριγέγονέ
2363 5343 2503 5394 σονς
2569 5327 2789 5380 καθεῖλε
2853 5325 2948 5380 τοῦ
3008 5327 3213 5396 ὕψουςς
3291 5327 3630 5393 ἀπέσπασες

2041 5419 2496 5488 καταϐέϐληκεν;
2548 5420 2742 5474 οὑκέτ’
2791 5422 3002 5484 ἐκεῖνος
3048 5415 3099 5474 εἰ
3129 5424 3156 5475 6
3194 5421 3361 5476 πάλαι
3410 5422 3642 5492 Γρηγό-

2043 5527 2156 5581 ριος
2183 5525 2198 5575 ;
2224 5510 2282 5572 ες
2317 5513 2410 5563 καὶ
2447 5512 2829 5583 καταλογάδην
2869 5514 3213 5584 περιπτύσας
3255 5532 3308 5568 τι
3347 5513 3557 5581 λόγιον,
3592 5516 3639 5587 ἦ

2039 5603 2134 5656 καὶ
2194 5602 2553 5673 παραρῥίψας
2615 5606 2876 5674 στιχίδιον
2929 5607 3160 5675 σχέδιον,
3205 5608 3288 5670 είς
3336 5607 3642 5677 ἀμίμητον

2038 5697 2290 5750 αὐτὸκαὶ
2329 5699 2470 5765 μέγα
2509 5700 2621 5760 τοῖς
2667 5699 2985 5770 ῥητορεύειν
3025 5701 3268 5754 θέλουσιν
3316 5703 3637 5774 ἐλεπτούρ-

2039 5806 2214 5857 γησας
2273 5791 2562 5859 οκάριφον.
2598 5791 2785 5854 Οὕτως
2829 5795 2887 5847 ἐν
2946 5795 3126 5862 λόγοις
3170 5794 3400 5864 ἄπειρος
3455 5795 3582 5866 εἴην
3615 5813 3637 5828 ο

2043 5880 2334 5952 πεινῴμην
2352 5881 2497 5937 οὕτω
2530 5885 2723 5954 σοφίας
2743 5899 2762 5915 λ’
2800 5887 3022 5942 τοιαύτη
3075 5904 3141 5958 με
3174 5887 3329 5954 λάχοι
3380 5889 3506 5952 περὶ
3535 5886 3640 5940 λό-
