3974 6552
195 405 335 465 12Ἱῖ

980 406 1400 469 EUSTATHII
1440 408 1539 468 ΤΗ
1552 405 2200 470 ESSA'LONICENSIS
2240 407 2657 470 EPISTOLAS.

3318 408 3483 483 1278‘

192 534 331 587 γους
388 516 585 574 ἔνδεια.
619 515 692 574 Ὦ
725 520 1047 592 πράγματα,
1094 523 1314 581 λάϐοιτέ
1352 543 1449 597 με’
1477 519 1521 580 ὦ
1556 526 1774 595 φροντίο
1806 534 1850 591 Α
1872 529 2076 601 κλῆσις
2105 528 2206 599 τὴν
2238 528 2517 584 θάλασσαν
2548 527 2913 584 ἐπιλέλοιπεν.
2947 530 3105 584 Οῦτω
3129 528 3184 584 δὲ
3216 528 3324 599 ἀρα
3358 533 3455 585 καὶ

191 611 307 672 δες,
337 611 519 680 ἔχοιτέ
552 629 616 681 με
640 630 654 646 ο
700 609 745 667 ὦ
792 615 993 684 τύρϐαι
1028 619 1123 671 καί⁵
1160 618 1331 688 ὄχλοι,
1364 619 1512 688 ἀμφί
1542 637 1632 689 μοι
1680 619 1773 687 γέ-

192 704 381 756 νοισθε
433 705 641 776 κύκλῳ,
670 709 719 761 εἰ
765 708 908 763 οὕτω
960 711 1053 765 καὶ
1100 712 1327 782 τεκνοῦν
1365 711 1546 766 οἴδατε
1592 712 1687 766 καὶ
1718 713 1776 765 ἐν

194 796 511 852 καθεστῶτι
544 799 837 866 φυλάττειν
867 802 995 866 τοὺς
1031 805 1291 874 ῥήτορας.
1328 792 1520 867 Ι’Λλλος
1548 805 1646 874 μὲν
1683 804 1779 858 οῦν

191 905 301 951 τις,
340 890 504 958 μέσος
531 892 932 967 ἐναποληφθείς
961 896 1307 967 πραγμάτων
1326 895 1471 951 οῦτω
1499 897 1772 967 μεγάλων,

192 980 405 1036 ἔπαθεν
458 982 527 1040 ἂν
580 986 817 1056 ἀληθῶς,
860 989 1004 1057 άπερ
1043 991 1145 1044 οὐκ
1199 990 1418 1061 ἀληθῶς
1462 990 1625 1053 αὐτὸς
1658 994 1778 1045 ἐπι-

191 1076 396 1146 γράψω
429 1077 614 1149 σαυτῷ
640 1095 656 1111 ⁸
682 1080 780 1150 οὐχ
812 1076 924 1143 οἷος
952 1081 1141 1154 εῐ[ης],
1171 1082 1543 1153 προσθέμενος
1565 1083 1773 1151 λέγειν,

192 1170 316 1224 ἀλλ’
368 1166 483 1234 οἷος
530 1172 596 1226 άν
635 1189 719 1233 τις
770 1172 1004 1240 γένοιτο,
1046 1175 1393 1245 τηλικούτοις
1452 1176 1776 1245 πράγμασιν

190 1262 498 1331 ἐνσχεθείς.
551 1265 625 1318 Σὺ
661 1260 755 1318 οὖν
813 1264 1013 1321 οὔκουν
1060 1267 1300 1331 τοιοῦτος
1342 1268 1467 1322 οὔτε
1518 1270 1771 1337 γέγονας,

190 1353 317 1406 ἀλλ’
364 1355 485 1409 οὐδὲ
547 1356 836 1427 μελλήσεις
887 1358 1133 1414 ἔσεσθαι.
1182 1359 1367 1414 Αίτιον
1399 1359 1470 1425 δ’,
1511 1362 1593 1414 δτι
1638 1361 1774 1431 1198;

195 1445 481 1517 ὑπεροχὴν
520 1448 620 1517 τῆς
650 1451 710 1503 ἐν
744 1450 924 1518 λόγοις
971 1451 1235 1521 ἐλήλυθας
1271 1452 1466 1516 ἕξεως,
1498 1453 1593 1505 καὶ
1638 1450 1775 1521 πρὸς

191 1539 512 1610 ἐπιστήμης
537 1543 691 1604 τέλος
745 1545 1042 1613 ἐλήλακας.
1089 1543 1299 1597 υύκοῦν
1342 1546 1423 1606 είς
1460 1544 1631 1615 ἀκρον
1690 1562 1773 1599 σοι

193 1630 393 1700 σοφίας
430 1635 619 1704 ἥκοντι
651 1636 811 1707 ῥᾳδία
836 1638 1028 1690 ἔπειτα
1052 1637 1178 1690 καθ’
1208 1638 1476 1701 Ἡσίοδον,
1513 1639 1546 1709 ἦ
1582 1638 1774 1708 πρῴην

191 1726 411 1796 χαλεπὴ
445 1728 641 1795 γέγονε
663 1744 681 1759 θ
730 1731 822 1783 καί
862 1747 945 1783 σοι
973 1731 1060 1784 διά
1081 1730 1256 1785 ταῦτα
1306 1731 1506 1795 ἄπονος
1539 1732 1571 1800 ἡ
1619 1731 1774 1799 ἐνέρ-

190 1834 343 1886 γεια,
376 1818 471 1872 καὶ
516 1820 584 1872 τά
617 1820 717 1889 τῆς
757 1824 1187 1893 μεταχειρίσεως
1226 1822 1465 1892 ἀμοχθα.
1515 1822 1625 1875 Καὶ
1658 1822 1773 1893 ἔχει

1880 623 1945 676 σὺ
1972 621 2032 675 18
2052 621 2146 674 τοῦ
2181 621 2273 677 νοῦ
2311 652 2380 662 —
2418 622 2529 675 εἴτε
2579 622 2743 685 κύτος
2776 621 2942 690 φάναι
2971 623 3099 693 χρὴ,
3141 624 3253 677 εἴτε
3282 624 3453 678 0600-

1881 729 1994 774 σον,
2021 712 2138 765 είτε
2166 718 2260 767 καὶ
2290 715 2421 785 χάος
2458 713 2547 766 διά
2586 713 2649 766 18
2675 712 2771 767 τοῦ
2807 712 2995 781 νοεροῦ
3015 712 3208 767 τούτου
3249 715 3451 784 χωρίου

1879 804 2213 874 πολυχανδὲς
2262 831 2333 846 η-
2378 806 2461 869 εἰς
2508 804 2778 876 ὑποδοχὴν
2821 807 3004 871 πάσης
3055 807 3453 876 χρηστοηθείας

1878 898 2088 965 ἐξέθου,
2122 897 2219 951 καλ⁸
2257 897 2321 964 δὴ
2351 899 2531 960 πάσας
2559 897 2720 965 λόγου
2753 900 2937 968 πηγάς
2973 899 3068 951 καὶ
3117 897 3321 959 πάντας
3359 917 3454 951 πο-

1876 993 2087 1061 ταμοὺς
2120 990 2399 1056 εἰσεδέξω.
2437 992 2547 1045 Καὶ
2591 990 2791 1045 οὔκουν
2828 994 2910 1055 εἰς
2958 989 3235 1045 θάλασσαν
3279 992 3453 1061 πέρας

1878 1084 2103 1150 εἰδυῖαν,
2138 1085 2259 1138 ἀλλ’
2308 1084 2390 1147 εἰς
2430 1083 2685 1139 ὠκεανόν
2720 1101 2810 1154 μοι
2843 1084 2913 1138 τὰ
2943 1083 3085 1138 καλὰ
3115 1082 3287 1139 ταῦτα
3329 1101 3452 1138 συν-

1878 1178 2148 1251 έρῤευσαν
2203 1177 2478 1247 χεύματα,
2534 1177 2629 1231 καὶ
2661 1178 2852 1231 τοῦτον
2902 1177 3197 1248 ἀψόρῤοον,
3230 1178 3325 1230 καὶ
3371 1177 3453 1239 εἰς

1877 1268 2069 1323 ἐαυτὸν
2102 1269 2246 1323 κατά
2282 1269 2480 1340 νοεράν
2523 1269 2800 1323 κύκλωσιν
2830 1268 3144 1332 ἐπανιόντα,
3182 1268 3278 1322 καὶ
3306 1269 3449 1322 κατά

1876 1379 1996 1415 τινα
2027 1362 2268 1431 στροφὴν
2298 1362 2585 1429 ἀκάματον
2617 1359 2982 1431 ἐλιττόμενον,
3016 1361 3111 1413 καὶ
3142 1361 3241 1412 οὐκ
3270 1358 3449 1411 εἰδότα

1877 1454 2073 1523 πέρας.
2112 1452 2325 1507 Οὔκουν
2376 1453 2438 1507 τὸ
2489 1453 2672 1523 χεῦμα
2699 1454 2858 1506 τοῦτο
2889 1451 3034 1505 λίποι
3076 1451 3143 1505 ἀν
3188 1449 3250 1502 σέ
3291 1466 3442 1515 ποτε,

1876 1546 1985 1600 οὐδ’
2026 1547 2089 1609 ,εἰ
2147 1544 2403 1615 βούλοιο,
2452 1544 2605 1611 ἅπαξ
2678 1545 2979 1613 ἐνδόσιμον.
3044 1543 3117 1595 Τὸ
3177 1542 3450 1594 κινεῖσθαι

1874 1636 2056 1691 λαϐὼν
2086 1639 2114 1691 8
2147 1637 2396 1708 οὐρανὸς,
2442 1639 2505 1689 οὐ
2556 1639 2720 1689 παύει
2765 1636 2864 1704 τὴν
2897 1634 3136 1704 κίνησιν.
3179 1633 3336 1687 Οὕτω
3387 1634 3446 1686 δέ

1875 1733 1970 1785 καὶ
2016 1732 2045 1784 8
2105 1730 2197 1793 08;
2247 1731 2501 1800 οὐράνιος
2530 1728 2655 1791 νοῦς
2694 1729 2755 1781 οὐ
2804 1728 3074 1781 παύσεται
3106 1728 3448 1795 κινούμενος,

1878 1825 1985 1878 κᾶν
2009 1824 2161 1896 πάθῃ
2187 1823 2332 1877 κατά
2355 1824 2453 1893 τὴν
2480 1823 2741 1877 ἀνωτάτω
2764 1821 2896 1874 ποτέ
2919 1822 3156 1890 σφαῖραν
3190 1818 3449 1891 βραχεῖαν

191 1911 418 1978 φύσεως
472 1912 616 1967 οὕτω
670 1914 731 1967 18
794 1918 1046 1985 πρᾶγμα.
1088 1915 1203 1969 Οὐκ
1251 1916 1422 1981 ἐστιν,
1468 1915 1569 1969 οὐκ
1619 1915 1766 1968 ἐστιν
1801 1919 1841 1971 Β
1870 1917 2249 1987 ἀντίκρουσιν·
2283 1914 2420 1969 ἀλλά
2450 1914 2665 1985 μικρὸν,
2693 1916 2789 1968 καλ⁵
2809 1914 3018 1982 γίνεται
3038 1912 3145 1967 τῶν
3166 1913 3448 1982 προτέρων

191 2001 415 2073 ἐδραῖόν
446 2021 569 2057 τινα
606 2005 727 2058 κατ’
758 2007 1070 2076 ἐπιστήμην
1112 2007 1432 2077 γενόμενον,
1470 2023 1770 2077 μετακινη-

192 2095 356 2164 θῆναι
391 2096 486 2151 τοῦ
518 2098 751 2167 ἀγαθοῦ.
793 2100 913 2152 Ἐπ’
937 2100 1153 2165 οὐδενὸς
1183 2100 1318 2169 τῶν,
1351 2101 1464 2155 ὅσοι
1498 2101 1635 2171 πρὸς
1657 2102 1772 2166 ἕξιν

188 2185 498 2256 ἐληλάκασι
534 2189 694 2257 λόγου
739 2192 831 2243 καὶ
860 2191 1174 2260 τελειότητα
1204 2192 1573 2261 πραγμάτων,
1614 2192 1773 2262 ἐπιρο

190 2276 293 2347 ῥοὴ
342 2278 445 2347 τὴν
482 2279 743 2350 τοιαύτην
785 2279 1065 2348 ἀπήλλαξε
1094 2283 1193 2350 τῆς
1243 2279 1444 2350 ψυχῆς.
1483 2278 1645 2332 Ἀλλά
1695 2279 1769 2349 μή

192 2387 284 2440 μοι
315 2371 421 2441 τὴν
462 2371 826 2442 Ἑρμογένους
859 2374 1104 2444 πρόφερε
1131 2375 1278 2444 κῆρα
1308 2387 1322 2403 ⁸
1358 2373 1392 2435 ἢ
1420 2371 1475 2426 εί
1497 2388 1582 2436 τις
1612 2371 1772 2435 ἀλλος

189 2463 313 2516 κατ’
340 2465 552 2517 ἐκεῖνον
590 2467 655 2535 τῇ
690 2467 771 2531 εἰς
815 2464 984 2530 ἀκρον
1018 2466 1205 2536 εὐεξία
1236 2466 1463 2535 σφαλεὶς
1510 2465 1771 2537 ἐξεκρού-

188 2556 293 2627 σθη
323 2557 421 2611 τοῦ
470 2558 692 2624 εἰδέναι,
722 2559 816 2613 καὶ
848 2559 919 2612 δι’
956 2560 1189 2630 ὀξύτητα
1221 2559 1438 2627 φύσεως
1479 2560 1617 2628 ταχὺ
1677 2560 1772 2613 καὶ

188 2649 399 2721 ἧνθησε
432 2653 530 2704 καὶ
586 2653 889 2723 ἀπήνθησε.
922 2651 1005 2707 Τά
1047 2652 1157 2723 γάρ
1186 2653 1411 2709 τοιαῦτα
1449 2655 1561 2707 τῶν
1611 2671 1772 2722 περι-

187 2744 510 2815 δειγμάτων
549 2748 646 2799 καὶ
700 2748 921 2813 σπάνια,
978 2749 1072 2801 καὶ
1119 2749 1231 2802 οὐδ’
1287 2750 1629 2818 ἀσυμφανεῖς
1670 2748 1771 2812 τάς

190 2838 379 2901 αἰτίας
427 2839 750 2908 ἐσχήκασιν.
790 2839 1003 2894 Οὐκοῦν
1020 2839 1147 2894 τκκαὶ
1178 2840 1340 2903 αὐτὸς
1383 2842 1466 2903 είς
1516 2839 1772 2893 τοσοῦτον

188 2929 360 2994 ἕξεως
409 2930 589 3002 ἥκων,
647 2937 742 2985 καὶ
792 2931 1087 2987 δευσοποιὰ
1118 2935 1185 3001 τῇ
1236 2932 1381 3002 ψυχῇ
1424 2932 1494 2985 τὰ
1544 2933 1644 3003 τῆς
1687 2951 1775 2987 σο-

190 3022 322 3089 φίας
356 3022 589 3092 ἐντήξας
631 3024 921 3094 χρώματα,
973 3026 1358 3079 ἀναπόπλυτον
1400 3025 1545 3094 ἔχεις
1583 3026 1646 3078 τὸ
1679 3026 1774 3080 ἀν-

190 3115 281 3177 θος
316 3119 413 3171 καὶ
451 3116 707 3188 λαμπρὸν
744 3112 857 3172 οἶον
903 3119 1232 3191 προλάμπον
1266 3117 1593 3187 ποικίλμασι
1632 3117 1773 3187 γνώ-

1871 2005 2049 2072 αὖθις,
2081 2011 2180 2064 καί
2210 2008 2665 2080 όξυρροπώτερον
2714 2010 2958 2077 φέρεται.
2994 2005 3260 2058 Γινώσκει
3300 2004 3392 2057 καὶ
3424 2005 3451 2055 ὁ

1873 2104 1965 2166 08;
1991 2104 2143 2173 ἥλιος
2170 2104 2298 2167 νοῦς
2341 2103 2497 2156 δύσιν
2544 2102 2676 2157 ποτέ
2708 2099 2875 2171 (κατά
2903 2098 2996 2152 180
3029 2098 3286 2167 αἰσθητὸν
3311 2097 3451 2166 ψάλο

1872 2195 1988 2248 λειν
2041 2194 2223 2259 Δαυῖδ)
2257 2194 2351 2247 καὶ
2383 2193 2594 2258 δύεται,
2631 2193 2713 2256 είς
2764 2190 2959 2246 ἐαυτὸν
3008 2189 3262 2253 σταλείς·
3312 2188 3451 2241 ἀλλά

1876 2289 1995 2358 μετ’
2026 2287 2088 2341 ού
2142 2288 2279 2341 πολὺ
2332 2288 2551 2356 ἀνέσχε,
2602 2286 2698 2339 καὶ
2753 2285 2857 2356 τὴν
2917 2282 3199 2353 προτέραν
3251 2279 3453 2350 φαῦσιν

1872 2381 2166 2437 ἀπέλαϐεν.
2201 2377 2273 2433 Ὦ
2298 2382 2484 2450 ἡμεῖς,
2514 2377 2601 2442 οῖς
2629 2379 2848 2449 βράδιον
2876 2376 3120 2450 τοιοῦτρς
3148 2375 3302 2445 ἥλιος
3327 2371 3454 2442 φαί-

1872 2496 1976 2543 νει,
1998 2479 2095 2532 καὶ
2122 2477 2490 2547 πολυμήνους,
2520 2476 2716 2531 οὔκουν
2743 2474 3052 2543 ἑξαμήνους
3087 2471 3186 2531 τὰς
3236 2470 3443 2526 νύκτας

1872 2572 2054 2625 τελεῖο
2086 2571 2182 2625 καί
2233 2590 2289 2625 τι
2342 2571 2515 2641 βραχὺ
2559 2566 2913 2636 ἀναλάμψας,
2965 2564 3060 2617 καὶ
3093 2564 3217 2615 ὅσον
3265 2561 3332 2613 ἂν
3372 2560 3452 2620 εἰς

1872 2665 2085 2735 Θούλην
2112 2665 2395 2736 χειμέριος
2429 2661 2586 2728 αὖθις
2615 2662 2819 2718 δύεται.
2858 2659 2931 2712 Σὺ
2959 2658 3014 2710 δὲ
3053 2654 3165 2724 (ἵνα
3197 2652 3296 2721 τὴν
3327 2668 3453 2719 τρο-

1875 2761 2172 2829 πολογικὴν
2206 2757 2518 2828 σκευωρίαν
2554 2756 2734 2825 ἀφεὶς,
2784 2753 2970 2814 αὐτοῖς
3001 2747 3181 2818 ψιλοῖς
3208 2742 3453 2796 ἐπιϐάλω

1873 2854 1987 2916 τοῖς
2034 2851 2346 2923 πράγμασι)
2398 2852 2491 2905 καὶ
2545 2848 2796 2902 σπεύδων
2840 2848 2957 2907 τοῖς
3008 2846 3229 2907 ἄλλοις,
3273 2840 3455 2910 μένεις

1873 2943 2241 3013 ἀξύμϐλητος,
2283 2943 2380 2996 καὶ
2410 2940 2694 3012 ῥᾳστώνην
2725 2939 2872 3002 άγων
2903 2937 3173 3006 ἀήττητος
3202 2948 3218 2963 ·
3257 2930 3351 2984 καὶ
3373 2929 3455 2989 εἰς

1874 3038 2037 3108 ἔργον
2063 3037 2235 3107 ἥκων,
2271 3038 2381 3090 εῖτε
2417 3036 2526 3105 μὴν
2554 3035 2618 3087 ἐκ
2657 3032 2940 3102 παρέργου
2983 3047 3036 3083 τι
3069 3024 3309 3096 μετρῶν,
3344 3021 3455 3074 τῶν

1874 3131 2052 3187 ἄλλων
2075 3132 2403 3199 ὑπέρκειται
2428 3145 2443 3161 ο
2478 3143 2666 3190 σαυτῳ
2694 3125 2880 3194 μέντοι
2923 3116 3452 3190 περιμετρούμενος,

188 3224 355 3271 σεως.
421 3210 609 3279 Ἔχεις
668 3211 980 3281 κρατῆρας.
1036 3211 1329 3283 ῥητορικοῦ
1392 3212 1567 3282 πυρὸς
1608 3210 1772 3281 μένος
1797 3267 1843 3292 η
1877 3221 2223 3292 ὑπεραίρεις,
2255 3216 2337 3283 οἷς
2375 3219 2717 3283 σπουδάζεις,
2749 3215 2817 3268 τὰ
2844 3215 3122 3283 πάρεργα.
3150 3210 3241 3277 Μὴ
3274 3206 3454 3260 τοίνυν

184 3301 494 3367 ἀφιένταςο
527 3302 620 3355 καὶ
645 3303 745 3357 οὐκ
782 3304 933 3358 ἔστιν
972 3304 1171 3367 αὐτοὺς
1204 3304 1495 3369 ἐπιλιπεῖν,
1528 3304 1631 3359 κάν
1664 3318 1767 3355 που

185 3393 389 3457 δόξωσι
451 3393 746 3450 διαλιπεῖν.
792 3393 954 3449 Ἀλλὰ
1000 3394 1063 3448 18
1118 3394 1308 3465 νοερὸν
1348 3393 1505 3458 αὖθις
1551 3392 1771 3461 πνεῦμα

186 3484 540 3556 προσϐάλλον
570 3487 758 3552 αὐτοῖς
785 3488 992 3559 ἀνίησι,
1039 3488 1134 3543 καὶ
1163 3490 1244 3551 εἰς
1283 3488 1563 3558 ποταμοὺς
1596 3487 1769 3557 πυρὸς

185 3580 409 3650 ἐκφυσᾷ
452 3580 708 3649 λαμπρὸν
740 3583 1055 3649 ἐπιλάμπον
1091 3599 1174 3636 σοι
1207 3580 1302 3635 τοῦ
1337 3581 1498 3651 λόγου
1536 3582 1598 3636 18
1627 3580 1768 3652 φῶς.

196 3671 490 3726 Ἐντεῦθεν
537 3674 657 3727 οὐδέ
702 3692 787 3728 σοι
840 3676 1250 3746 (παροιμιακῶς
1299 3677 1499 3747 εἰπεῖν)
1537 3679 1565 3731 ό
1613 3677 1772 3744 λόγος

185 3763 503 3820 σϐέννυται.
529 3765 729 3830 Στῦλος
751 3767 923 3837 11098;
952 3767 981 3820 8
1005 3768 1161 3835 λόγος
1183 3769 1475 3840 προτρέχει
1498 3770 1593 3824 σοῦ
1611 3785 1628 3803 ο
1654 3771 1774 3834 πῶς

186 3861 257 3915 ἂν
277 3857 380 3915 οὖν
413 3860 520 3914 ὑπὸ
542 3860 725 3913 σκότει
756 3862 969 3930 γένοιο;
1005 3862 1124 3932 Πῦρ
1153 3864 1216 3917 ού
1241 3864 1386 3919 κατά
1419 3864 1478 3918 18
1507 3867 1567 3919 ἐν
1611 3864 1775 3935 Ἀθή-

184 3972 311 4017 ναις
347 3955 614 4025 μυστικὸν
643 3956 914 4013 ἄσϐεστον
956 3956 1260 4028 ταμιεύεις,
1306 3959 1558 4026 ’Δττικῆς
1595 3959 1653 4011 δέ
1683 3975 1773 4012 σο-

182 4047 320 4115 φίας
345 4048 525 4114 άλλως
551 4051 909 4119 ἐμπύρευμα,
934 4054 1038 4107 κᾶν
1060 4053 1125 4124 δὴ
1145 4054 1242 4108 καὶ
1267 4052 1553 4122 διακοπείη
1579 4069 1674 4106 σου
1703 4051 1774 4106 τά

177 4144 289 4212 τῆς
321 4143 583 4213 φαύσεως
603 4160 621 4177 ο
660 4145 877 4217 ἀνάγκη
911 4151 1021 4216 γάρ
1046 4163 1177 4200 ποτε
1220 4147 1498 4217 ἀνθρώπῳ
1531 4163 1597 4214 γε
1630 4145 1770 4200 δντι.

191 4236 348 4290 ⁹Δλλ’
398 4238 501 4291 οὐκ
558 4237 642 4300 εἰς
691 4238 847 4301 τέλος
898 4240 1075 4292 ἐκεῖνο
1125 4238 1187 4293 τὸ
1237 4238 1351 4310 πῦρ
1398 4239 1769 4293 ἀπέσϐεσται·

180 4330 540 4397 ὐποσώζεται
574 4331 633 4385 δὲ
675 4331 1128 4402 ζωπυρούμενον,
1160 4332 1257 4385 καί
1290 4348 1435 4394 τινος
1470 4332 1648 4403 ἀρχῆς
1676 4332 1772 4387 λα-

180 4426 423 4494 ϐόμενον
471 4423 843 4494 ἐπεγείρεται,
886 4428 979 4477 καὶ
1015 4424 1342 4487 ἀνάπτεται,
1377 4427 1472 4477 καὶ
1502 4426 1583 4488 εἰς
1630 4426 1771 4496 λαμ-

178 4517 328 4588 11980
374 4516 586 4587 πυρσὸν
618 4516 858 4586 αἴρεται.
894 4514 1132 4570 Τοιαῦτα
1162 4518 1311 4586 πυρά
1344 4518 1534 4584 πολλὰ,
1574 4519 1772 4583 ἐξυπο-

1796 3267 1843 3330 C

1871 3313 2100 3368 τοιαῦτα
2125 3313 2324 3383 γράφε,
2354 3308 2469 3366 ἀλλ’
2491 3309 2641 3377 ἀφίει
2686 3307 2785 3375 τὴν
2814 3304 3097 3372 γλῶττανο
3128 3300 3452 3366 πλήμμυρε,
3564 3362 3569 3367 Ι

1871 3408 1900 3460 8
1938 3406 2208 3476 ἡμέτερος
2250 3401 2522 3461 ὠκεανός·
2574 3400 2790 3466 λάμπε,
2835 3398 2864 3450 ὁ
2892 3393 3015 3449 καθ’
3066 3393 3213 3463 ἡμᾶς
3257 3388 3408 3459 ἥλιος
3434 3400 3451 3416 ⁸

1871 3499 1971 3553 καὶ
2024 3497 2170 3552 ποίει
2225 3496 2294 3550 τὰ
2333 3492 2586 3549 σεαυτοῦ.
2622 3492 2814 3553 Ὅστις
2875 3487 2931 3543 δέ
2982 3502 3115 3541 ποτε
3150 3481 3221 3547 εἷ,
3274 3482 3339 3534 σὺ
3375 3477 3455 3548 μὴ

1872 3592 2033 3658 λέγε*
2086 3588 2273 3660 ἐροῦσι
2320 3587 2376 3641 δὲ
2408 3585 2579 3646 ἄλλοι,
2634 3584 2729 3637 καὶ
2771 3582 2892 3637 οὐδὲ
2923 3581 3022 3642 τὰς
3051 3578 3270 3648 ψήφους
3299 3573 3456 3627 δικάο

1874 3697 2093 3735 συυσινο
2130 3680 2318 3750 ἐροῦσι
2359 3678 2440 3740 δὲ,
2471 3677 2554 3729 ὅτι
2596 3672 2742 3728 κατά
2771 3671 2991 3725 πάντων
3026 3666 3274 3737 ρητόρων
3307 3660 3450 3733 (ἀλλ’

1873 3776 2098 3829 ἀπέστω
2133 3773 2351 3842 φθόνος)
2381 3770 2571 3840 φέρεις
2608 3767 2678 3821 τά
2706 3763 3022 3835 νικητήρια.
3054 3760 3127 3813 Σὺ
3158 3757 3269 3828 γὰρ
3288 3755 3349 3810 οὖ
3385 3771 3453 3823 με

1871 3869 2129 3942 ἀρέσκεις
2150 3880 2166 3898 ⁶
2193 3864 2309 3919 ἀλλ’
2328 3864 2450 3918 ούδέ
2472 3862 2680 3922 πείθεις
2704 3875 2794 3928 με,
2817 3854 3044 3909 τοιαῦτα
3063 3853 3267 3922 κρίνων
3291 3850 3436 3904 κατὰ

1874 3941 2098 4015 σαυτοῦ.
2120 3959 2192 4011 Ἦ
2236 3957 2561 4026 ’Δνάχαρσις
2590 3953 2711 4022 μὲν,
2733 3950 2991 4019 λαμπρὸν
3017 3944 3332 4009 ἀττικίζων,
3362 3941 3453 3995 τὸν

1873 4052 2092 4115 Σκύθην
2119 4050 2251 4118 περί⁵
2280 4048 2393 4108 τοῖς
2415 4044 2679 4099 ἀκούουσι
2707 4041 2965 4111 ψεύδεται
2985 4052 3000 4067 ⁸
3037 4037 3341 4106 Γρηγόριος
3369 4033 3452 4100 δὲ,

1873 4141 2215 4213 ὕπερφωνῶν
2243 4140 2369 4200 τοὺς
2399 4139 2507 4208 ὅπη
2553 4135 2687 4190 ποτέ
2723 4136 2979 4205 ῥήτορας,
3009 4131 3100 4183 180
3145 4129 3247 4182 οὐκ
3272 4128 3450 4181 εἰδότα

1872 4236 1935 4290 οὐ
1981 4231 2244 4303 ψεύσεται
2268 4247 2284 4299 ;
2318 4230 2360 4284 Τ
2363 4231 2423 4284 80
2458 4229 2726 4298 Τυρταῖον
2756 4228 2789 4295 ἡ
2817 4219 3299 4294 καλλιρρημοσύνη
3325 4235 3452 4287 μετ-

1873 4326 2087 4399 έγραψε
2139 4325 2236 4378 καὶ
2297 4321 2560 4393 μετέθετο
2582 4322 2685 4387 (ei;
2717 4318 3062 4385 Θεόφραστον
3082 4329 3097 4344 ο
3144 4312 3237 4364 καὶ
3265 4313 3293 4363 ό
3325 4309 3454 4379 βοὴν

1874 4416 2080 4486 ἀγαθὸς
2128 4414 2431 4483 Γρηγόριος
2483 4412 2565 4474 εἰς
2611 4409 2830 4480 άφωνον
2872 4405 3034 4475 βάτον
3084 4400 3448 4471 γεγράψεται,

1874 4510 1973 4562 καλ⁸
2009 4508 2040 4560 ὁ
2081 4506 2374 4567 καλλιϐόας
2425 4505 2483 4557 ἐν
2519 4502 2737 4571 ἀφώνου
2775 4499 2942 4569 μοίρᾳ
2983 4495 3307 4562 τετάξεταις
3342 4492 3455 4545 Καὶ

179 4584 498 4679 σμύχοντα,
530 4584 930 4678 ἀναλάμποντα
951 4625 965 4641 ο
1002 4608 1059 4675 ἐξ
1091 4603 1165 4662 ὧν
1198 4584 1331 4677 ἡμῖν
1378 4609 1649 4664 ἀπόθετον
1690 4611 1769 4681 τῷ
1803 4604 1848 4658 D
1875 4599 1959 4663 τίς
1986 4599 2054 4653 ἂν
2083 4597 2214 4670 εἴπῃ
2243 4596 2438 4660 ταῦτα,
2460 4596 2557 4649 καὶ
2584 4596 2698 4656 τοῖς
2730 4590 2907 4654 οὕτως
2935 4589 3153 4681 ἀτίμως
3188 4584 3456 4681 συνθῖὶῖμ

178 4699 336 4767 λόγῳ
389 4698 699 4765 φυλακτέον
746 4699 848 4769 τὴν
902 4699 1156 4762 τίτανον,
1219 4700 1365 4771 ἥπερ
1418 4700 1769 4773 ἐπιχυθέντος

178 4788 384 4851 ὓδατος
417 4789 802 4858 ἐνεργεῖκατά
834 4787 966 4860 πῦρ.
1000 4786 1320 4859 Λέγεταιδέ
1351 4791 1446 4844 καί
1477 4808 1563 4854 τις
1603 4791 1769 4861 τέχνη

174 4879 283 4943 τάς
325 4880 623 4949 παπύρους
673 4878 793 4948 ἅμα
845 4896 906 4932 τε
971 4879 1050 4942 εἰς
1106 4878 1251 4950 ὕδωρ
1308 4879 1615 4950 βάπτουσα,
1675 4883 1771 4936 καὶ

175 4972 440 5043 ἀχρόνως
492 4973 577 5035 εἰς
628 4971 741 5042 πῦρ
793 4971 1133 5025 ἀνάπτουσαι.
1185 4970 1295 5024 Καί
1351 4989 1444 5040 μοι
1478 4974 1580 5041 τὴν
1627 4972 1770 5037 τέως

176 5065 461 5119 ἀπόθετον
511 5064 733 5117 τίτανον
781 5063 838 5116 ἐν
878 5063 954 5133 τῷ
1006 5061 1143 5132 πρὸς
1184 5063 1516 5132 αἰτιολογίαν
1565 5064 1764 5132 λαϐὼν,

180 5158 614 5227 μεταχείρισαιο
668 5155 855 5225 ἐκείνη
912 5155 1019 5224 γὰρ
1054 5154 1452 5224 ύποκαθημένη
1505 5156 1678 5220 ἐντὸς,
1708 5156 1771 5211 18

178 5249 301 5319 πῦρ
336 5247 503 5301 τοῦτο
530 5246 676 5300 κατά
707 5262 828 5298 τινα
870 5243 1117 5314 μηχανὴν
1145 5245 1267 5305 ταῖς
1296 5244 1576 5313 παπύροις
1606 5245 1771 5314 ἀφίη-

178 5354 291 5390 σιν.
332 5333 498 5388 Οῦτω
536 5333 593 5385 δὲ
627 5332 719 5385 καί
747 5349 809 5385 σε
840 5333 932 5385 τὸν
954 5332 1225 5404 ἐμπύριον
1257 5334 1465 5405 ῥήτορα
1499 5334 1772 5405 βραχύτα-

173 5423 273 5475 τόν
329 5436 387 5475 τι
445 5420 555 5491 χρὴ
613 5420 907 5489 ἐνιδρῶσαι
938 5420 1018 5490 τῷ
1047 5420 1225 5491 λόγῳ·
1257 5426 1350 5476 καὶ
1382 5425 1414 5492 ἡ
1451 5428 1597 5487 νοτὶς
1631 5425 1772 5496 αὕτη

172 5514 434 5584 αἰθέριον
484 5512 580 5565 180
629 5515 728 5565 τοῦ
761 5511 922 5577 λόγου
958 5514 1167 5583 πυρσόν
1213 5530 1296 5568 σοι
1342 5515 1556 5570 ἔνδοθέν
1607 5520 1773 5574 ποθεν

177 5604 591 5659 ἀνεκαλέσατο.
646 5604 981 5673 Μεσορῥαγῆ
1015 5606 1278 5670 κενεώνες
1314 5607 1418 5675 γῆς
1461 5607 1773 5679 διασχόντες

174 5695 247 5769 ἦν
275 5700 372 5750 ὅτε
420 5693 621 5760 ῦῧατος
667 5695 1091 5750 ἐνεκολπίσαντο
1117 5698 1398 5767 χάσματα,
1434 5702 1528 5754 καὶ
1568 5704 1645 5764 εἰς
1673 5702 1774 5754 θα-

173 5793 394 5853 λάσσας
446 5789 873 5859 ὑπτιάσθησαν’
919 5790 1012 5842 καὶ
1064 5790 1123 5843 τὸ
1171 5791 1425 5845 ἐντεῦθεν
1470 5794 1664 5857 αἰῶνες
1715 5793 1776 5859 ἐξ

176 5888 321 5955 ὅλοι,
364 5884 466 5939 καὶ
516 5883 578 5937 18
619 5884 760 5954 ὑπὲρ
794 5883 1018 5953 αὐτοὺς,
1057 5885 1150 5940 καὶ
1177 5882 1299 5939 οὔτε
1336 5885 1396 5939 τὸ
1424 5880 1564 5942 εἶναι
1593 5885 1708 5940 οὔθ’
1741 5888 1772 5957 ἡ

1877 4708 2010 4759 ται;
2051 4690 2250 4758 Ἔλεγέ
2286 4704 2418 4742 ποτε
2469 4687 2562 4741 καὶ
2614 4684 2936 4754 Σωκράτης,
2992 4680 3191 4733 εἰδέναι
3249 4675 3455 4747 μηδέν·

1879 4786 2141 4854 προσεῖχε
2194 4783 2251 4836 δὲ
2302 4782 2477 4845 οὐδεὶς
2514 4780 2712 4847 ἐκείνῳ
2744 4778 2838 4831 τὸν
2868 4774 3016 4830 νοῦν.
3052 4771 3322 4839 Διάπειρα
3345 4769 3461 4838 γὰρ

1880 4876 2162 4946 ἐξήλεγχε,
2198 4874 2365 4942 σοφὸν
2395 4874 2799 4942 ἀποφαίνουσα.
2830 4868 2908 4924 Ού
2954 4864 3186 4928 λέληθας
3226 4859 3319 4917 οῦν
3345 4860 3460 4914 οὐδ’

1881 4968 2065 5032 αὐτὸς,
2112 4967 2192 5029 είς
2242 4964 2499 5034 τοιαύτην
2548 4963 2765 5016 πίπτων
2813 4959 3027 5028 σοφίαν.
3073 4955 3287 5025 Ἐρμῆς
3324 4954 3458 5023 ἡμῖν

1882 5058 2010 5112 ἄνευ
2036 5058 2208 5129 ψόγου
2235 5056 2577 5124 τετράγωνος
2614 5055 2855 5124 ἵδρυσαι.
2882 5052 2974 5120 Μὴ
3007 5049 3136 5119 γοῦν
3167 5048 3329 5102 δέδιθι
3355 5047 3460 5113 τὴν

1887 5153 2275 5223 μετάπτωσιν·
2320 5153 2499 5221 μενεῖς
2543 5151 2651 5219 γὰρ
2692 5148 2772 5210 εἰς
2805 5147 2867 5201 18
2918 5146 3028 5199 πᾶν
3076 5144 3311 5212 ἐδραῖος,
3358 5137 3459 5190 καὶ

1882 5244 1983 5297 οὐκ
2012 5243 2498 5314 εὐμετακύλιστος.
2532 5240 2763 5294 Μουσῶν
2797 5240 3115 5309 οἰκητήριον
3149 5232 3197 5287 εἰ
3219 5249 3231 5261 ·
3264 5231 3363 5283 οὐκ
3387 5230 3458 5283 ἂν

1879 5332 1973 5392 οὖν
2020 5353 2081 5389 σε
2131 5335 2472 5405 προλίποιεν,
2520 5332 3048 5400 ἐπαναπεπαυμέναι
3096 5320 3350 5385 καθάπαξ
3399 5323 3466 5375 ἐν

1883 5429 1986 5484 σοί.
2016 5431 2088 5483 Ἢ
2135 5427 2402 5481 Ἑλικῶνα
2447 5426 2543 5492 μὲν
2578 5426 2676 5479 καὶ
2723 5422 3081 5495 Λειϐηθρίους
3116 5418 3217 5471 οὐκ
3266 5416 3463 5487 ἧθελον

1882 5522 2174 5591 προλιπεῖν
2197 5560 2212 5583 ,
2263 5522 2363 5574 οὐκ
2402 5520 2529 5584 ἀξια
2572 5519 2733 5587 λόγου
2775 5517 2973 5588 χωρία,
2997 5512 3243 5575 Μούσαις
3268 5513 3465 5563 ἐπονο-

1886 5614 2204 5687 μαζόμενασ
2258 5613 2317 5665 σὲ
2362 5612 2439 5677 δέ,
2476 5613 2642 5665 καλὸν
2669 5610 2811 5664 οὕτω
2840 5609 2999 5674 λόγου
3030 5604 3230 5675 χωρίον
3266 5602 3463 5672 εὑροῦ-

1886 5724 2000 5769 σαι,
2036 5704 2423 5776 προλείψουσιν
2450 5723 2465 5773 ;
2498 5706 2633 5775 Οὐχὶ
2665 5702 2914 5763 πάντως’
2938 5698 3080 5753 ἀλλά
3113 5696 3205 5750 καί
3240 5698 3462 5765 μένοντι

1886 5796 2405 5869 συμπαραμενόῦσι,
2432 5799 2529 5853 καὶ
2551 5791 2927 5864 ἀποδημοῦντι
2952 5789 3458 5858 συνεκδημὴσουσι,

1886 5893 1977 5947 καί
2018 5909 2079 5946 σε
2125 5892 2240 5957 τοῖς
2288 5892 2453 5949 πάλαι
2486 5890 2616 5946 ποτέ
2659 5887 2841 5958 σοφοῖς
2892 5886 2998 5943 κάν
3034 5882 3149 5948 τοῖς
3195 5880 3463 5950 τοιούτοις
