3974 6542
216 424 373 495 ‘12s!

992 415 1417 481 EUSTATHII
1445 414 1602 482 ΤΗΕ
1614 402 2207 484 εεΑιοΝῐοῑιΝειε
2246 422 2674 491 EPISTOLRE.

3351 423 3489 491 1282

229 555 325 592 τον
362 535 601 605 σώματι.
640 527 704 584 ’Π
734 528 792 583 δὶ
823 527 1151 599 στιλπνότης
1184 528 1498 582 ἀπολείϐειν
1532 530 1584 599 (δ
1617 529 1813 601 φασιν)
1841 533 1890 594 Α
1918 537 2084 605 eam;
2105 536 2214 607 γὰρ
2242 535 2303 590 οὐ
2329 536 2484 601 νόσος
2508 535 2771 607 ἀντεδόθη
2787 536 2926 608 πρὸς
2949 539 3195 604 κόλασιν,
3221 538 3336 593 ἀλλ’
3354 537 3493 606 ἐξω-

229 628 411 682 ἐδόκει
448 624 613 695 ύγρδν
658 622 862 676 ἔλαιον.
908 620 1019 674 Kal
1048 620 1265 675 ἔκειντο
1302 622 1493 693 χρῆμα
1515 622 1684 677 καλὸν
1719 624 1815 677 ἐπὶ
1911 627 2132 698 τερικοῦ
2164 627 2378 697 κόσμου
2410 629 2720 698 ἀφαίρεσις.
2750 629 2980 698 Μήποτε
3007 630 3066 685 δὲ
3088 632 3184 685 καὶ
3212 630 3289 695 ὡς
3319 626 3410 686 οἷά
3438 648 3495 685 τι

231 717 386 787 καλῷ
436 714 515 787 τῷ
548 711 832 783 στρώματι
876 711 936 765 al
965 712 1222 777 σινδόνες,
1254 711 1680 783 δυσωπούμεναι
1720 714 1815 769 τδν

234 807 460 879 θεατήν,
492 806 683 876 πόρρω
708 822 812 859 που
841 805 1048 875 μένειν,
1071 804 1148 869 ὼς
1183 804 1259 876 μὴ
1307 805 1390 860 δτι
1438 821 1505 874 γε
1543 806 1818 876 ιγκαθευ.

233 900 420 969 δῆσαι,
458 897 591 952 ἀλλὰ
626 897 761 970 μηδὲ
795 899 874 961 είς
902 898 966 951 τδ
996 898 1105 951 πᾶν
1133 897 1365 969 ψαῦσαι,
1412 898 1489 970 μὴ
1523 901 1616 953 καὶ
1643 917 1815 971 χραν-

236 994 361 1061 θείη
389 993 461 1047 τά
490 992 635 1045 οὕτω
661 991 840 1062 τίμια.
875 991 948 1043 Τὸ
981 990 1038 1044 δὲ
1066 991 1441 1062 ἐπικείμενον,
1462 993 1573 1047 εἴτε
1589 992 1816 1057 δάπιδος

236 1086 372 1140 αὐτὸ
394 1087 503 1139 εἴτε
534 1087 627 1138 καὶ
653 1084 851 1147 κοινῶς
896 1083 1232 1153 ἀπλώματος
1272 1086 1508 1155 νοήματι
1547 1084 1817 1155 σεμνῦναι

235 1179 372 1247 χρὴ,
397 1178 497 1231 οὐκ
532 1177 598 1231 ἂν
627 1177 756 1247 ἄχρι
780 1176 1004 1247 ταχεῖαν
1027 1176 1318 1247 τέκφρασιν⁸
1345 1179 1526 1232 ἐκεῖνο
1558 1177 1617 1232 δὲ
1640 1180 1817 1233 εἰπεῖν

235 1272 423 1341 ἀρκεῖ,
444 1271 520 1335 ὡς
546 1270 681 1341 ἀρα,
699 1270 759 1323 δν
775 1271 978 1341 τρόπον
996 1270 1236 1341 ὕπερθεν
1254 1270 1365 1326 τῶν
1388 1272 1591 1325 λοιπῶν
1610 1271 1816 1338 ἔκειτο,

1914 722 2083 793 φυτὸν
2112 721 2436 793 ἀχαριστίας
2472 722 2582 774 τῶν
2617 721 2997 777 ἐπανθοῦντων
3031 724 3359 795 περιθέτων.
3388 727 3495 779 ὅσα

1916 817 2010 870 καὶ
2040 814 2277 885 φύλλων,
2318 814 2796 887 ἀπογεγύμνωμαι
2820 832 2835 847 ο
2888 815 2921 887 ἦ
2959 819 3056 872 καὶ
3088 816 3265 879 ἄλλως
3293 818 3492 881 είπεῖν,

1918 904 2238 978 φυλλορῤοῶ
2261 906 2362 977 τὴν
2389 904 2645 959 εὐκλειαν
2667 923 2681 937 ο
2710 904 2851 976 τάχα
2885 907 2980 959 xal
3032 908 3109 970 ὡς
3159 907 3495 977 παραδείσου

1915 1001 2133 1072 τρυφῆς
2187 999 2339 1067 ἄξιος
2389 1001 2666 1053 ἐκπεσεῖν.
2736 1000 2850 1070 Τὴν
2909 1001 3201 1072 παροῦσαν
3255 1001 3500 1070 ἐπέγνων

1918 1092 2237 1163 γύμνωσιν*
2303 1091 2379 1161 μή
2442 1108 2535 1161 μοι
2586 1090 2644 1144 δὲ
2687 1093 2900 1159 γένοιτο
2932 1094 3027 1145 καὶ
3078 1092 3161 1155 είς
3181 1091 3240 1146 τὸ
3273 1093 3498 1165 ἀρχαῖον

1920 1185 2395 1247 ἀποκατάστασις.
2465 1184 2671 1247 Πένθος
2726 1183 2853 1253 χθὲς
2905 1185 3001 1238 καὶ
3035 1180 3169 1256 ἦχος
3197 1186 3499 1239 κλαιόντων

1919 1282 2017 1332 καὶ
2050 1277 2363 1348 βαρυθυμία
2390 1293 2406 1310 ·
2439 1276 2736 1331 καὶταῦτα
2769 1277 2901 1344 περὶ
2937 1276 3070 1347 ὃλην
3098 1280 3200 1350 τὴν
3242 1280 3336 1331 τοῦ
3361 1278 3499 1333 Θεοῦ

236 1364 386 1416 οὕτω
412 1364 506 1416 καὶ
540 1365 648 1416 τῶν
680 1362 885 1417 λοιπῶν
914 1363 1259 1434 ύπερέκειτο.
1284 1364 1460 1436 Σκεύη
1490 1366 1581 1419 ἐπὶ
1606 1366 1819 1432 τούτοις
1922 1371 2219 1440 ἐκκλησίαν
2242 1386 2255 1401 ·
2315 1372 2410 1424 καὶ
2470 1372 2503 1441 ἡ
2560 1371 2895 1436 κατάστασις
2942 1372 3087 1442 αὕτη
3114 1373 3207 1425 καὶ
3237 1373 3498 1443 σήμερον.

238 1457 308 1509 τὰ
334 1456 436 1525 μὲν
467 1457 573 1509 ἀπὸ
624 1455 836 1524 γυμνοῦ
884 1456 1111 1526 χαλκοῦ,
1145 1458 1213 1511 τὰ
1240 1458 1297 1512 δὲ
1331 1456 1428 1512 καὶ
1450 1459 1817 1530 γεγανωμένα
1936 1462 2099 1517 Ἀλλά
2115 1462 2210 1515 καὶ
2235 1463 2315 1524 είς
2342 1464 2556 1531 μακρὸν
2582 1460 2665 1515 ἔτι
2696 1464 3030 1533 παραμενεῖ.
3058 1463 3167 1515 Καὶ
3208 1464 3370 1533 ἡμεῖς
3401 1464 3502 1533 μὲν

242 1550 565 1613 καττιτέρου
596 1550 879 1620 φανότητι,
913 1550 1117 1604 καὶτὸν
1158 1551 1400 1622 ἄργυρον
1422 1553 1824 1623 καθυποκρινό-
1922 1554 1982 1607 ὲν
2010 1554 2260 1623 τρυφαῖς.
2288 1552 2382 1616 οὓς
2409 1553 2515 1607 ἔδει
2543 1552 2667 1608 λίαν
2698 1553 2927 1615 ἄξεσθαι
2970 1554 3259 1621 δάκρυσιν.
3291 1554 3501 1608 Οὐκοῦν

245 1660 407 1710 μενα.
441 1640 610 1696 Εἶπεν
635 1643 702 1696 ἀν
728 1642 935 1714 όόρῶν,
950 1644 1135 1707 αὐτοῖς
1157 1645 1517 1716 ὲναπομένειν
1545 1645 1645 1718 τὴν
1672 1645 1819 1715 ξψιν.
1923 1647 2147 1708 ἐνδίκως
2181 1647 2215 1716 ἡ
2238 1644 2358 1715 δίκη
2390 1643 2660 1715 μετῆλθεν
2708 1647 2879 1715 ἡμᾶς.
2932 1645 3127 1699 Κεῖται
3175 1648 3315 1717 ἀνὴρ
3344 1648 3505 1701 αὐτό-

248 1735 541 1789 Ἔστιλϐον
558 1734 665 1805 γάρ
684 1736 779 1789 καὶ
809 1736 951 1806 ὑπὲρ
973 1736 1116 1791 αὐτά
1138 1739 1619 1810 κάτοπτρα.Θήκη
1642 1740 1818 1810 μύρου
1924 1755 2115 1811 χρημα
2152 1737 2317 1807 σοφία
2352 1737 2447 1791 καὶ
2474 1735 2780 1808 ἀγιωσύνη,
2806 1736 2867 1790 οὐ
2901 1737 2962 1790 τὺ
2997 1737 3285 1807 μεγαλεῖον
3310 1739 3372 1792 οὐ
3406 1740 3506 1809 μόο

244 1828 506 1890 στακτοῦ,
538 1829 721 1881 ὁποῖόν
750 1845 813 1881 τε
847 1828 1139 1893 ἀποϐλύζει
1179 1831 1368 1902 ῥόδων,
1391 1831 1488 1885 καὶ
1517 1832 1655 1902 ὅπερ
1676 1826 1822 1897 οῐνος
1851 1891 1893 1902 _
1926 1847 2018 1884 νον
2051 1831 2132 1894 είς
2158 1828 2550 1902 ἀρχιεριτικδν
2581 1829 2771 1900 θρόνον
2807 1829 3187 1899 ἀνυψωθέντος
3240 1829 3498 1899 ἐξεφάνη,

246 1922 521 1993 σκευωρεῖ
545 1924 1007 1994 φαρματτόμενος
1024 1891 1250 1980 εὐώδεσι
1272 1891 1563 1996 μίγμασιν.
1596 1891 1824 1998 ’ἀνάφοξ
1851 1891 1897 1950 Β
1925 1923 2061 1978 ἀλλὰ
2083 1891 2180 1977 καὶ
2200 1891 2508 1992 ἀὐτοῦ
2530 1891 2630 1993 τὴν
2659 1891 2990 1993 οἰκουμένην
3011 1923 3149 1994 ὲπλή
3161 1891 3297 1992 ῥουξ
3319 1891 3431 1976 Kal

248 2032 343 2087 ρον
370 2015 536 2070 καλὸν
558 2017 708 2084 ίδεῖν,
745 2016 921 2072 πλατῦ
949 2019 1221 2090 χωρῆσαι,
1254 2020 1365 2075 Καὶ
1401 2015 1472 2092 ἦν
1519 2020 1653 2076 αὐτὸ
1675 2021 1824 2092 θήκη
1928 2015 2030 2088 μὲν
2068 2014 2218 2070 ἄλλοι
2268 2012 2608 2083 ἐννοούμενοι
2655 2013 2717 2067 τὺ
2768 2013 2938 2076 πάθος
2967 2014 3199 2086 δάκρυσι
3224 2013 3500 2079 λούονται,

246 2108 500 2179 χιτῶνος,
522 2109 581 2164 δν
611 2111 714 2163 οὐκ
755 2109 823 2164 ἀν
862 2106 985 2164 εἶπέ
1009 2129 1094 2176 τις
1126 2115 1310 2183 χεῖρας
1341 2115 1575 2184 καμεῖν..
1593 2114 1688 2168 καὶ
1719 2115 1825 2184 ὐφ-

248 2202 511 2272 ασμάτων
536 2201 592 2255 δὲ
618 2200 825 2256 λασίων
855 2201 958 2273 (ὡς
985 2201 1052 2257 ἀν
1073 2203 1270 2272 εἰπεῖν)
1300 2204 1379 2276 τῷ
1396 2204 1503 2260 ἀπὸ
1529 2203 1678 2259 λίνου
1706 2223 1828 2277 τρι-

246 2294 489 2366 χῶματι,
505 2294 542 2349 ἃ
563 2294 671 2366 χρὴ
695 2296 787 2349 τδν
822 2294 926 2367 ήδη
958 2296 1300 2367 λουσάμενον
1322 2297 1726 2369 περιτίθεσθαι,
1746 2298 1826 2362 ὡς

248 2388 667 2459 ἀπομάττεσθαι
698 2388 827 2458 τὴν
854 2388 1152 2460 ὑγρότητα.
1205 2389 1362 2444 Καλά
1387 2391 1458 2443 τὰ
1489 2390 1695 2455 πάντα,
1730 2392 1827 2446 καὶ

248 2480 418 2553 τιμὴν
459 2481 662 2554 πολλὴν
706 2482 1054 2553 εὑρίσκοντα.
1094 2510 1163 2522 -
1204 2482 1391 2537 Ταῦτα
1432 2482 1829 2556 ιπιλεξάμενος

252 2572 463 2642 (πολλά
491 2574 549 2627 δέ
580 2591 671 2644 μοι
695 2574 1054 2645 παράκειται,
1081 2574 1180 2630 καὶ
1201 2574 1340 2629 αὐτά
1380 2576 1704 2647 τεραστίως,
1731 2576 1828 2631 καὶ

250 2665 332 2730 ὡς
360 2666 462 2721 οὐκ
492 2667 558 2722 ἂν
587 2665 873 2737 ἡλπιζον),
901 2668 1132 2739 είχόμην
1158 2670 1261 2739 τὴν
1300 2669 1383 2732 είς
1427 2669 1490 2722 τὸ
1522 2669 1826 2740 βαλανεῖον.

254 2760 367 2813 Kal
396 2758 535 2823 τέως
561 2760 596 2829 ἡ
624 2758 747 2823 όδδς
776 2759 982 2825 εὐθεῖα,
1014 2760 1111 2814 καὶ
1134 2754 1252 2831 εῐχέ
1285 2776 1353 2829 με
1391 2759 1453 2814 τὸ
1474 2760 1824 2832 κατάντημα·

255 2852 352 2906 καὶ
375 2850 551 2922 σωρὸς
575 2849 687 2905 τῶν
717 2850 929 2906 σκευῶν
952 2849 1164 2907 ἔκειτο·
1190 2852 1286 2906 καὶ
1317 2851 1530 2924 [αὐ]τδς
1550 2853 1829 2908 ἀποδυσά-

258 2958 442 3014 μενος,
473 2944 572 2997 καὶ
605 2943 709 3015 τήν
733 2942 956 3014 στοιϐἡν
977 2942 1312 3014 ἑπαυξήσας,
1360 2940 1445 3009 οἷς
1474 2944 1830 3016 προσεθέμην

252 3035 325 3091 τά
344 3035 441 3090 τοῦ
473 3035 795 3107 ἱματισμοῦ,
859 3035 1105 3107 ἐχώρουν
1160 3036 1297 3097 ἔσω.
1349 3038 1446 3093 καὶ
1477 3037 1587 3093 τῶν
1610 3039 1831 3109 θερμῶν

254 3124 467 3180 ὑδάτων
496 3125 742 3197 γίνομαι.
778 3124 890 3181 Kal
906 3125 1001 3180 τὸν
1033 3125 1206 3198 ῥύπον
1231 3128 1517 3199 ἀποσύρας
1540 3167 1557 3194 ,
1615 3130 1711 3185 καὶ
1750 3131 1831 3194 είς

1926 2106 2022 2162 καὶ
2051 2108 2143 2160 τὸν
2176 2104 2540 2177 πενθητήριον
2576 2104 2829 2177 ᾄδουσινο
2862 2107 3022 2176 ἡμεῖς
3053 2106 3112 2161 δὲ
3159 2108 3219 2161 τὸ
3262 2107 3503 2177 ἔμπαλιν

1927 2201 2267 2262 σπεύσαντες
2333 2197 2598 2271 αίσχύνην
2650 2197 2910 2268 δφλομεν.
2982 2200 3327 2271 Ἐδράμομεν
3384 2201 3502 2272 βίου

1925 2293 2064 2355 όδδν,
2112 2292 2199 2361 ὐφ’
2324 2290 2424 2343 οὐκ
2459 2289 2610 2344 ἔστιν
2658 2290 2717 2354 δς
2766 2291 2867 2343 οὐκ
2903 2290 2972 2344 ἂν
3002 2294 3333 2363 νεμεσήσειε
3358 2308 3375 2325 ·
3409 2294 3503 2347 καὶ

1929 2383 2181 2455 βραϐεῖον
2205 2381 2483 2453 ἡράμεθα,
2512 2384 2607 2436 καὶ⁸
2629 2383 2721 2436 τὸν
2752 2384 3101 2453 ἀγωνοθέτην
3130 2385 3390 2456 περιόντα
3412 2384 3503 2440 διὰ

1927 2474 2206 2545 θαύματος
2241 2475 2449 2545 ἤγομεν
2468 2492 2483 2506 ·
2518 2474 2593 2536 ὼς
2614 2474 2671 2529 δὲ
2701 2475 2914 2544 ἀπῆλθε
2948 2476 3204 2540 λυθέντος
3231 2476 3326 2531 τοῦ
3367 2477 3501 2531 θεά-

1926 2586 2057 2640 τρου
2082 2569 2314 2632 ἐκεῖνος,
2360 2565 2753 2637 ἑξελαθόμεθα.
2800 2568 3015 2622 Οὐκοῦν
3076 2568 3307 2639 θέατρον
3361 2570 3504 2637 γινό⁴

1931 2661 2075 2733 μεθα
2122 2660 2219 2715 ἐπὶ
2267 2660 2487 2729 γέλωτι,
2537 2660 2635 2714 καὶ
2662 2661 2936 2730 γυμνικὸν
2966 2656 3079 2715 οἷον
3112 2657 3281 2715 ἆθλον
3306 2661 3503 2716 τοῦτον

1929 2754 2322 2827 ἀσχημοσύνης
2354 2753 2615 2826 ἀνύομεν.
2646 2748 2718 2807 Ὠ
2746 2753 2976 2824 ἡμερῶν
3028 2755 3275 2820 ἐκείνων,
3322 2756 3379 2809 έν
3413 2750 3503 2819 αἷς

1927 2844 2073 2919 ἦμεν
2098 2846 2452 2917 περίϐλεπτοι
2480 2846 2557 2917 τῷ
2578 2846 2716 2917 λαῷ,
2744 2848 2858 2911 τοῖς
2896 2845 2994 2899 τοῦ
3022 2845 3174 2917 ίεροῦ
3219 2845 3506 2915 συλλόγου,

1930 2943 2040 3003 τοῖς
2064 2940 2123 2993 ὲν
2148 2939 2327 3006 ἀξίαις
2357 2939 2665 3011 βασιλικαῖς
2681 2956 2697 2972 ο
2720 2939 2782 2993 τὸ
2807 2940 2915 2994 πᾶν
2942 2940 3139 3005 εἰπεῖν,
3164 2940 3277 3003 τοῖς
3301 2938 3505 2993 ἀπασι.

1930 3036 2047 3091 Νῦν
2075 3035 2131 3091 δὶ
2158 3035 2259 3089 οὐκ
2287 3035 2434 3090 ἐστιν
2466 3034 2663 3101 είπεῖν,
2701 3036 2826 3089 ὅσον
2861 3034 3413 3106 περιπεφρονὴμεθα.
3435 3027 3510 3085 Ὠ

1932 3129 2133 3202 χρυσὸς
2157 3130 2364 3194 ἐκεῖνος
2396 3130 2426 3183 δ
2456 3129 2818 3199 καθημέριος,
2848 3127 3030 3191 ἔοικας
3052 3128 3152 3199 ήδη
3190 3129 3369 3183 θέλειν
3391 3130 3513 3183 επι-

254 3215 525 3288 καλλονὴν
573 3216 855 3281 καταστὰς
882 3215 1021 3289 ἡλίῳ
1067 3218 1383 3289 ἀντίμιμον,
1433 3219 1493 3283 δς
1541 3221 1636 3274 καὶ
1666 3209 1829 3285 αὐτίς
1856 3237 1903 3300 c
1931 3223 2140 3278 λείπειν
2168 3224 2200 3293 ἡ
2210 3223 2336 3293 μᾶς.
2386 3220 2577 3291 Ἡμεῖς
2607 3222 2664 3275 δὲ
2688 3222 2864 3285 ἄλλως
2885 3221 2987 3291 τῆς
3017 3221 3234 3284 ἐλπίδος
3258 3222 3501 3292 εἴχομεν.

251 3309 512 3380 λαμπρὸν
551 3312 852 3381 παμφαίνει
878 3310 1125 3367 ὠκεανοῦ
1153 3312 1445 3382 λουόμενος
1474 3312 1680 3380 ὕδασιν,
1706 3314 1831 3384 ἑξή-

252 3419 382 3457 τουν
409 3402 663 3457 ἀναδῦναι
694 3403 799 3473 μὲν
818 3402 917 3460 τοῦ
940 3403 1088 3459 ἔνδον
1119 3404 1433 3477 ἀλαμποῦς,
1465 3407 1746 3462 ἀνατεῖλαι
1771 3407 1827 3461 δὲ

252 3491 368 3549 οἷον
388 3496 741 3566 φαυστήριος.
778 3497 892 3552 Kal
919 3498 1079 3552 τοῦτο
1111 3497 1209 3567 μὲν
1232 3494 1379 3568 εῖχον
1402 3499 1613 3556 αὐτόθι.
1642 3501 1825 3573 Ζητη-

255 3585 349 3641 θὲν
378 3588 434 3641 δὲ
465 3588 526 3641 τὸ
549 3586 857 3659 λουτήριον,
898 3587 962 3641 τὸ
982 3588 1325 3659 περίϐλημα,
1369 3589 1519 3645 εστιν
1543 3591 1782 3662 οὐδαμοῦ
1809 3608 1825 3625 ο

252 3679 395 3732 ἀλλά
423 3679 519 3733 καὶ
559 3679 692 3734 αὐτδ
728 3681 988 3750 ἄφαντον,
1022 3685 1115 3734 καὶ
1143 3681 1178 3750 ἡ
1227 3681 1390 3753 λοιπὴ
1426 3684 1485 3738 δὲ
1514 3684 1824 3757 ἀποαευὴ.

254 3770 321 3824 Τί
353 3771 419 3843 δή
477 3770 687 3840 ταῦτα;
744 3772 916 3826 Πόθεν
952 3788 1045 3843 μοι
1076 3774 1137 3827 τὸ
1163 3776 1365 3843 κακόν;
1401 3776 1673 3849 Ἅρπυιαι
1701 3779 1829 3832 ἀνεο

257 3862 539 3933 ρείψαντο,
564 3864 659 3918 καὶ
684 3865 786 3919 οὐκ
807 3866 874 3919 ἂν
902 3868 1183 3937 πτερωταὶ
1202 3868 1570 3938 παρεισδῦσαι
1600 3870 1829 3924 ἐλάνθα-

254 3974 383 4011 νον·
417 3957 554 4011 ἀλλά
606 3957 850 4029 χανοῦσα
908 3960 980 4031 γῆ
1013 3960 1339 4026 ὑπεδέξατο.
1372 3963 1481 4017 Kal
1526 3964 1625 4033 οὐχ
1653 3963 1831 4029 οὕτως

254 4050 417 4121 ἡμεῖς
443 4050 537 4104 τοῦ
573 4052 713 4105 κατά
753 4050 978 4122 σεισμὸν
1010 4052 1218 4115 πάθους
1262 4053 1619 4125 δυσαίσθητοι
1641 4072 1657 4086 ο
1689 4055 1829 4111 ἀλλά

255 4138 372 4211 πῦρ
399 4142 668 4208 ἀνάλωσε,
699 4143 793 4197 καὶ
826 4144 1057 4216 ἤλεγχεν
1090 4145 1158 4200 ἂν
1179 4144 1358 4217 τέφρα
1387 4146 1449 4199 τὸ
1499 4145 1596 4201 τοῦ
1653 4149 1828 4218 πυρὸς

253 4236 441 4305 ἔργον.
474 4237 539 4289 Τί
569 4236 626 4290 δὲ
649 4236 788 4291 ἀλλά
818 4237 1002 4309 φῶρες
1025 4238 1280 4304 λαθόντες
1316 4241 1611 4312 ἀπήγαγον
1641 4242 1710 4296 τὰ
1736 4245 1833 4313 ζη-

253 4330 533 4400 τούμενα;
563 4331 680 4395 πῶς
707 4330 766 4385 δὲ
796 4331 865 4386 ἀν
892 4332 1127 4397 κλοπεύς
1173 4333 1430 4388 τοσοῦτον
1480 4334 1647 4405 ἄχθος
1689 4335 1833 4391 οὕτω

253 4421 438 4477 λαθὼν
474 4423 649 4494 μέσης
683 4424 895 4496 ἡμέρας
918 4426 1139 4495 ἀροιτος
1185 4427 1484 4498 Ἀπαγωγὴ
1504 4427 1565 4481 τὸ
1595 4429 1833 4498 πρᾶγμα

254 4515 544 4588 λῃστρικὴ,
596 4519 792 4588 ἐφόδου
837 4519 1150 4590 πολεμικῆς
1210 4520 1463 4585 ἔνδειξις,
1527 4521 1830 4593 θαρῤαλέου

255 4606 554 4679 ἅρπαγμα.
593 4610 669 4664 Οὐ
690 4610 865 4664 ταῦτα
907 4611 1079 4676 δόλος,
1127 4612 1190 4667 οὐ
1224 4612 1463 4685 λαθραία
1508 4613 1831 4684 ὐφαίρεσιςσ

253 4698 393 4751 ἀλλὰ
430 4699 655 4770 μελέτη,
708 4703 847 4757 ἀλλά
898 4702 1156 4774 σκέμμαο
1212 4705 1307 4759 καὶ
1366 4705 1559 4777 ἡβίας
1592 4705 1835 4777 ἔργον,ἡ

256 4790 533 4859 παίγνιον.
561 4794 873 4865 Σκοπητέον
892 4810 909 4827 ⁸
934 4795 1031 4849 καὶ
1054 4795 1119 4866 δή
1154 4797 1229 4865 μὴ
1261 4797 1442 4864 μόνον,
1468 4797 1633 4851 πόθεν
1661 4814 1751 4868 μοι
1774 4798 1837 4851 τὸ

256 4883 450 4944 κακὸν,
482 4884 621 4938 ἀλλά
669 4885 765 4939 καὶ
808 4887 873 4939 τὸ
902 4886 1100 4943 αίτιον.
1132 4916 1204 4929 --
1226 4890 1295 4942 Ὠ
1326 4905 1453 4958 μοι’
1493 4890 1707 4961 συνῆκα
1738 4889 1834 4943 τοῦ

253 4976 632 5048 ἀτοπήματος,
660 4978 783 5031 ὅθεν
804 4977 1143 5050 βέϐλαμμαι.
1167 4980 1282 5050 Πρὸ
1304 4980 1601 5051 ὀφθαλμῶν
1629 4984 1657 5035 ό
1682 4982 1837 5050 ελεγ-

254 5084 374 5139 χος.
406 5069 620 5139 Γυμνδν
654 5070 844 5141 ὥσπερ
878 5088 969 5141 μοι
1018 5071 1079 5124 τὸ
1111 5072 1299 5142 σῶμα,
1342 5070 1487 5133 οῖιτω
1518 5075 1614 5127 καὶ
1646 5074 1710 5127 τὸ
1738 5074 1837 5139 τῆς

257 5160 441 5233 ψυχῆς
473 5162 861 5231 πταῖσμα,καὶ
880 5166 914 5234 ἡ
937 5161 1203 5234 καταδίκη
1238 5162 1344 5224 ἔξω
1375 5164 1835 5235 μίμψεως.’Δγα-

256 5253 458 5323 πητδν,
493 5254 544 5307 εί
578 5254 656 5322 μὴ
707 5254 971 5325 προοίμια
1003 5256 1177 5310 ταῦτα
1230 5256 1379 5310 κακά
1413 5256 1666 5325 μεγάλων
1694 5257 1839 5325 ἀγώ-

258 5362 389 5401 νων.
437 5346 737 5417 Ἀγαπῴην
768 5346 854 5410 ἂν,
886 5350 935 5401 εί
970 5348 1131 5419 μέχρι
1164 5347 1355 5401 τούτου
1392 5366 1484 5418 μοι
1513 5348 1749 5420 ὥρισται
1776 5350 1837 5403 τὸ

259 5438 457 5493 κακόν.
488 5439 624 5507 Δίκη
658 5439 725 5493 τά
780 5440 1027 5509 παρόντα
1069 5440 1296 5495 θεόθενο
1345 5441 1441 5495 τοῦ
1488 5442 1836 5497 πλεονεκτεῖν

259 5532 613 5601 ἀνταπόδομα
632 5547 647 5563 ⁸
677 5533 855 5603 ψυχῆς
879 5532 979 5587 οὐκ
1006 5533 1332 5604 εὐχαρίστου
1373 5534 1533 5603 ποινή
1556 5550 1573 5566 ·
1622 5533 1837 5597 ἀδικίας

253 5624 602 5689 ἀντέκτισιςθ
636 5625 817 5695 ψυχῆς
837 5624 1123 5697 χ[ὡλωμαΙ
1148 5628 1472 5697 εφαμάρτου
1499 5626 1833 5697 ὀξύρροπον,

254 5714 335 5779 ὡς
355 5715 424 5769 τὰ
457 5715 625 5768 πολλὰ
668 5715 783 5785 ἔχει
817 5714 916 5787 τὴν
948 5715 1217 5770 κάκωσιν.
1256 5716 1365 5769 Kal
1411 5715 1543 5770 αὐτὸ
1587 5715 1687 5785 μὲν
1734 5714 1837 5768 οὐκ

253 5808 396 5879 όρθά
429 5808 657 5880 βαδίζει,
697 5809 758 5863 τὸ
790 5808 847 5867 δὲ
876 5809 1038 5880 σῶμα
1084 5807 1461 5879 σφαλλόμενον
1494 5806 1790 5861 σκύλλεται
1817 5822 1832 5839 ⁶

250 5901 376 5957 ἀλλ’
398 5901 527 5973 ἐμοὶ
555 5901 1048 5977 φιλανθρωποτίρα
1067 5903 1102 5975 ἡ
1139 5900 1508 5971 επεξέλευσις.
1555 5898 1839 5972 ’ἀγνωμος

1925 3312 2000 3369 Ὦ
2026 3316 2187 3385 τιμαὶ
2209 3316 2303 3369 καὶ
2331 3314 2539 3384 θρόνων
2562 3315 2991 3386 παραχωρήσεις
3020 3314 3117 3366 καὶ
3157 3311 3295 3366 ὁδῶν
3332 3314 3509 3368 {max-

1930 3408 2172 3472 στάσεις,
2201 3409 2296 3462 καὶ
2319 3407 2465 3470 ὅσοις
2485 3407 2667 3470 ἄλλοις
2691 3409 2857 3477 ἡμεῖς
2884 3406 3015 3477 χθές
3041 3423 3146 3458 που
3175 3408 3271 3460 καὶ
3303 3404 3507 3477 πρῴην

1925 3497 2070 3573 ἦμεν
2107 3501 2485 3571 ὲμπρὲποντες
2504 3516 2520 3531 ⁸
2544 3500 2645 3554 οὐκ
2673 3501 2803 3571 ὲκλη
2814 3499 3200 3571 ρονομήσαμεν
3224 3499 3404 3570 ὐμῶν.
3432 3499 3510 3552 Οὐ

1928 3594 2301 3664 παρεμείνατε
2355 3594 2453 3649 καὶ
2516 3594 2595 3656 είς
2639 3592 2818 3657 τέλος,
2846 3591 2963 3646 ἀλλ’
2996 3593 3100 3663 ἡδη
3140 3594 3511 3662 ἀναχωρεῖτε,

1928 3684 2067 3740 ἀλλά
2093 3685 2449 3753 δραπετεύειν
2475 3684 2713 3736 ιοίκατε.
2739 3683 2855 3738 Νῦν
2882 3682 3123 3753 ἐμαυτοῦ
3150 3683 3349 3751 γέγονα
3373 3698 3386 3713 ·
3414 3681 3514 3736 νῦν

1929 3778 2233 3847 ἐπανῆλθον
2258 3779 2338 3842 είς
2357 3777 2504 3833 νοῦν.
2537 3778 2706 3842 Μόλις
2739 3776 2931 3845 ἔγνων,
2963 3777 3081 3830 οἴου
3114 3775 3321 3843 ἀγαθοῦ
3353 3776 3512 3829 ἐστέ-

1932 3887 2130 3944 ρημαι,
2156 3871 2276 3932 οἵας
2325 3871 2616 3941 εὐετηρίας
2657 3871 3015 3925 ὲκπέπτωκα.
3049 3869 3254 3924 Οὐκέτι
3286 3868 3517 3924 ἀποϐλέη

1916 3979 2108 4033 “πομαι
2129 3979 2146 3996 ο
2191 3962 2387 4033 μενοῦν
2414 3979 2479 4030 γε
2509 3964 2606 4017 καὶ
2633 3962 3064 4034 περιϐλέπομαι.
3106 3959 3305 4018 Είλκον
3338 3963 3513 4017 πολλά

1928 4056 2040 4109 τῶν
2072 4054 2371 4125 ἀλλοτρίων
2415 4056 2546 4126 περὶ
2593 4054 2727 4125 ἐμέ·
2765 4053 2861 4108 νῦν
2920 4056 2977 4109 δὲ
3012 4056 3105 4109 καὶ
3159 4056 3227 4108 τά
3264 4056 3510 4127 παρόντα

1930 4148 2157 4218 οῖχεται.
2196 4146 2619 4215 Γυμνοτέρους
2653 4147 2882 4215 ὑπέρου
2917 4147 3075 4215 λόγος
3126 4148 3359 4212 παλαιός
3408 4166 3513 4219 φη-

1934 4258 2022 4295 σιν
2042 4258 2060 4275 ο
2098 4241 2260 4311 ἡμεῖς
2287 4239 2345 4294 δὲ
2365 4240 2465 4293 οὐκ
2507 4237 2623 4292 οῖδα
2680 4241 2729 4293 εί
2758 4240 2853 4293 καὶ
2885 4239 3042 4294 αὐτοὶ
3091 4240 3400 4311 κεισόμεθα
3432 4244 3517 4305 είς

1933 4335 2253 4404 παροιμίαν,
2288 4332 2434 4387 οὕτω
2451 4332 2921 4402 καταπαιχθὲντες
2953 4332 3034 4395 είς
3057 4332 3361 4402 γύμνωσιν.
3396 4335 3516 4389 Ka-

1931 4426 2024 4481 λδν
2077 4424 2111 4499 ἡ
2172 4424 2379 4480 παλαιά
2439 4424 2601 4495 ἡμῶν
2668 4424 2966 4493 γυμνιτεία
3020 4426 3374 4496 μακαρισμοῦ
3399 4421 3519 4496 εἶχε

1934 4520 2163 4591 πλάσμα
2184 4534 2201 4551 ο
2235 4516 2584 4589 εχρωμάτιζε
2610 4517 2703 4570 τὸν
2728 4518 2787 4569 ιν
2823 4515 2925 4586 βίῳ
2975 4515 3256 4587 σπουδαίῳ
3285 4518 3518 4589 ἀπέριτ-

1864 4594 1913 4655 D
1937 4629 2052 4667 τον.
2095 4611 2160 4665 Ἦ
2193 4610 2248 4665 δὲ
2269 4609 2554 4681 γύμνωσις
2584 4607 2726 4679 αὕτη
2760 4608 2905 4675 κατά
2935 4609 3035 4679 τὴν
3068 4609 3132 4662 ὲκ
3165 4608 3379 4673 κοιλίας
3409 4628 3520 4680 μηο

1941 4704 2100 4776 τέρος
2142 4702 2493 4757 καθίσταται.
2550 4701 2692 4773 Ἤδη
2744 4718 2832 4765 τις
2871 4702 2967 4755 καὶ
2993 4703 3522 4772 γυμνοσοφιστεύειν

1942 4795 2089 4864 ἡμᾶς
2128 4793 2538 4864 μυκτηρίσειεν.
2606 4793 2800 4847 Ἔστιν
2855 4792 2983 4864 ἄρτι
3047 4796 3243 4864 καιρὸς
3301 4792 3518 4864 λέγειν’

1941 4885 2283 4955 ὲξεδυσάμην
2326 4884 2398 4937 τά
2446 4884 2642 4955 ίμάτιά
2688 4898 2824 4955 μου’
2878 4883 2997 4947 πῶς
3019 4884 3519 4955 ινδύσομαιαύτά;

1939 4976 2146 5040 Φαῦλος
2170 4974 2361 5039 οίωνδς
2380 4974 2448 5028 τά
2478 4974 2750 5046 παρόντα,
2799 4974 2874 5046 μὴ
2929 4976 3026 5031 καῖ
3080 4977 3163 5041 είς
3191 4977 3293 5046 τὴν
3322 4976 3519 5048 λοιπήν

1940 5069 2129 5123 οὐσίαν
2178 5085 2271 5139 μοι
2326 5068 2388 5120 τὺ
2426 5066 2597 5120 κακὸν
2653 5066 3000 5137 διαϐήσεται,
3034 5070 3127 5123 καὶ
3154 5069 3298 5141 ἀρχὴ
3345 5068 3520 5121 ταῦτα

1943 5161 2211 5234 μειζόνων
2240 5162 2395 5217 ἔσται
2422 5159 2633 5214 κακῶν.
2683 5160 2883 5232 Ἰωσήφ
2940 5160 3398 5233 ὲγυμνοῦτο-μὲν,
3426 5159 3520 5214 ἀλ-

1938 5258 2031 5307 λον
2062 5253 2120 5306 δι
2155 5254 2356 5324 τρόπον
2375 5249 2707 5322 ἐσεμνύνετο
2726 5268 2741 5283 ·
2773 5252 2902 5323 ἐμοὶ
2933 5252 2990 5305 δὲ
3018 5254 3119 5305 οὐκ
3140 5250 3239 5304 οἶδ’
3271 5252 3419 5313 ὅπως
3452 5250 3520 5303 ἀν

1939 5344 2001 5397 τδ
2024 5343 2196 5406 πάθος
2236 5360 2320 5405 τις
2362 5341 2733 5412 ὲγγράψηται.
2769 5342 2991 5396 Χιτῶνα
3032 5340 3396 5410 πολυτίμητον
3427 5340 3522 5393 εὐ-

1940 5436 2218 5507 φροσύνης
2272 5433 2705 5507 περιετιθιμην·
2764 5435 2883 5491 ἀλλ’
2917 5436 2999 5488 ὅτι
3047 5432 3140 5486 τὸν
3172 5430 3520 5500 ἑξυφάναντα

1942 5529 2429 5607 περιπεφρόνηκα,
2460 5528 2544 5581 ὅτι
2568 5531 2750 5598 γυμνῇ
2777 5530 2843 5597 τῇ
2863 5526 3071 5596 κεφαλῇ
3104 5526 3153 5595 (ὃ
3170 5524 3357 5595 φασιν)
3382 5526 3522 5596 ἀπῃ-

1942 5622 2334 5690 ναιδευσάμην,
2365 5619 2560 5692 πάσχω
2588 5620 2687 5691 τήν
2730 5621 2785 5673 εν
2810 5618 3007 5687 γελοίῳ
3046 5618 3258 5688 ταύτην
3292 5616 3519 5686 γύμνω-

1943 5729 2053 5768 σιν.
2117 5710 2316 5784 Ἐχρῆν
2368 5712 2427 5767 δὲ
2479 5712 2591 5783 ἀρα
2643 5712 2735 5766 τὸν
2772 5709 3076 5763 σπεύδοντα
3123 5707 3369 5779 πληροῦν
3393 5704 3520 5770 τούς

1940 5806 2195 5870 κόλπους,
2226 5802 2303 5860 ὧν
2337 5806 2413 5878 μὴ
2446 5807 2636 5877 ιχρῆν,
2694 5802 2886 5867 αὐτοῖς
2915 5800 3140 5865 κόλποις
3172 5800 3271 5869 τὴν
3298 5799 3521 5855 ἃπασαν

1937 5896 2124 5953 ὀλέσαι
2167 5898 2403 5969 σκέπην,
2455 5899 2551 5953 καὶ
2593 5897 2677 5963 είς
2705 5894 2865 5952 τοῦτο
2899 5895 3247 5958 καταστῆναι
3297 5888 3523 5956 γυμνώ-
