3974 6590
249 395 379 463 1285

979 385 1409 451 EUSTATIIII
1452 384 2214 472 THESSALONICENSIS
2257 384 2670 448 EPISTﬂL/E.

3359 386 3499 454 1286

241 514 450 589 γλυκύ.
469 509 588 566 Νῦν
613 510 668 565 δὲ
687 507 748 563 οῦ
777 525 868 579 μοι
895 507 1067 582 θυμὸς
1092 507 1336 572 τοιοῦτος
1365 507 1566 578 ἐνίησι.
1597 523 1811 580 μεμνη-
1845 504 1891 570 Δ
1918 505 2084 575 λῆρος
2108 507 2263 572 οὗτος
2301 507 2555 580 Ὅμηρος
2577 522 2593 538 ·
2639 509 2738 562 καὶ
2779 500 2850 578 ἦν
2883 507 2996 580 ἄρα
3027 507 3241 576 γελοῖον
3282 463 3504 579 ἀληθῶς

244 613 386 684 μένῳ
445 607 556 662 τῶν
599 605 889 660 ἀποθέτων
949 603 1281 673 κρατήρων,
1335 598 1430 664 οὓς
1479 599 1811 668 ἐπιστεφέας

237 704 568 779 ¹φερομένους
593 699 868 756 ὰναπολῶ.
905 697 961 752 Ὀ
983 697 1180 751 ἐνδύων
1206 697 1278 750 τὰ
1305 694 1467 766 κρίνα
1491 692 1584 748 τοῦ
1614 691 1810 762 ἀγροῦ,

241 773 292 853 τί
313 773 405 866 ⁷μὴ
436 794 530 848 καὶ
555 793 706 863 ἡμᾶς
755 789 1052 856 ἐπενδύεις,
1085 787 1224 843 ἀλλὰ
1244 787 1496 856 ἀνάγκην
1534 784 1810 851 ἐπιτίθης,
1858 773 1867 780 ’

240 888 480 958 δαπανᾷν
518 886 780 956 χρήματα
836 884 915 947 εἰς
971 880 1305 954 ίματισμόν,
1339 880 1526 938 καὶτὸ
1583 877 1814 943 ζωτικὸν

241 977 514 1044 ἐκκενοῦν,
547 978 643 1031 καλ⁵
662 976 762 1046 τὴν
785 974 964 1046 ψυχὴν
1001 974 1239 1046 ἐκχέειν,
1287 975 1383 1027 καὶ
1415 973 1444 1026 6
1463 972 1709 1044 τορρέειν
1737 971 1814 1036 ὡς

239 1079 316 1139 εἰς
345 1073 586 1142 φθοράνς
620 1069 934 1137 Ἄνθρωπε,
983 1070 1134 1133 ὅστις
1164 1067 1296 1122 ποτὲ
1341 1062 1413 1131 εἴ,
1449 1069 1475 1121 6
1505 1065 1816 1138 λωποδυτῂ-

241 1180 334 1224 σας
363 1161 508 1228 ἡμᾶς
577 1154 730 1226 οἶμαι
767 1157 846 1219 δὲ,
893 1151 1034 1210 εἶναί
1064 1173 1123 1209 σε
1156 1156 1266 1210 τῶν
1300 1157 1393 1210 καὶ
1430 1155 1684 1223 μεγάλων
1716 1153 1813 1206 καὶ

238 1253 342 1307 τῶν
370 1251 464 1304 τοῦ
487 1249 771 1320 βήματος·
821 1247 966 1304 οὕτω
1010 1247 1121 1319 γὰρ
1171 1247 1552 1318 ὑποψιθυρίζει
1603 1244 1664 1298 τδ
1711 1245 1812 1314 τῆς

239 1348 423 1416 φήμης
452 1343 676 1413 στόμα),
723 1342 911 1396 δίκαια
939 1340 1114 1397 ταῦτα
1140 1357 1157 1408 ;
1198 1343 1376 1412 Ἐρεῖς
1410 1341 1530 1409 μὲν,
1566 1334 1708 1403 οἶδα,
1737 1338 1813 1391 δί-

239 1456 366 1492 καια
386 1455 398 1468 ο
430 1436 541 1504 ἐγὼ
574 1437 629 1490 δὲ
651 1435 788 1490 ἀλλὰ
811 1437 988 1489 εἰπεῖν
1017 1435 1116 1505 μὲν
1139 1433 1316 1496 ἄλλως
1345 1433 1466 1487 οὐδὲ
1491 1432 1651 1496 αὐτὸς
1674 1431 1810 1502 ἔχω,

237 1530 603 1602 ταμιεύσομαι
657 1529 712 1583 δὲ
774 1530 924 1599 ὅμως
980 1529 1218 1597 ἄμυναν.
1277 1526 1487 1595 Μικρὸν
1521 1526 1673 1588 ὅσον,
1717 1523 1813 1578 καὶ

235 1622 403 1691 ψῆφοι
438 1622 534 1674 καὶ
579 1617 1105 1688 πολυπραγμοσύναι
1145 1616 1236 1671 καὶ
1269 1617 1406 1688 βίων
1446 1617 1701 1688 πράσεις,
1736 1609 1812 1669 ὧν

236 1714 343 1782 ἐγὼ
369 1711 425 1767 δὲ
459 1711 595 1766 ἄλλα
620 1712 790 1764 εἰπεῖν
814 1711 918 1780 μὲν
943 1709 1120 1772 ἄλλως
1151 1709 1273 1763 οὐδὲ
1317 1709 1480 1773 αὐτὸς
1539 1707 1668 1778 ἔχω,
1708 1725 1814 1760 τα-

236 1807 534 1877 μιεύσομαι
562 1805 618 1858 δὲ
651 1805 799 1874 ὅμως
820 1804 1057 1873 ἄμυναν.
1089 1803 1303 1872 Μικρὸν
1335 1800 1480 1866 ὅσον,
1511 1799 1606 1853 καὶ
1639 1799 1811 1870 ψῆφοι

234 1899 330 1952 καὶ
376 1895 904 1966 πολυπραγμοσύναι
948 1894 1045 1948 καὶ
1095 1892 1227 1964 βίων
1287 1892 1542 1963 πράσεις,
1581 1883 1656 1946 ὧν
1699 1889 1812 1960 ἐγὼ

235 1991 609 2062 ὐπερίσταμαι
635 2004 651 2020 ·
683 1991 779 2043 καὶ
805 1987 1033 2060 ζήτησις
1053 1985 1148 2041 τοῦ
1177 1986 1268 2040 τὸν
1295 1986 1439 2056 ἱερὸν
1473 1982 1815 2056 ἀναϐησομέη

231 2103 322 2139 νον
356 2085 550 2155 θρόνον
572 2098 586 2114 ·
623 2084 715 2136 καὶ
746 2082 847 2136 οὐκ
884 2079 1123 2152 ἔναρθρα
1151 2080 1270 2152 μὲν,
1305 2080 1578 2150 βοήσομαι
1620 2078 1668 2132 δ’
1696 2065 1813 2141 οὖν,

232 2178 476 2249 ῥήματα,
505 2176 714 2238 ὁποίοις
748 2173 1126 2245 ἐντέθραμμαι
1147 2189 1164 2206 ·
1197 2171 1610 2244 καταϐοήσομαι
1632 2184 1648 2202 ο
1673 2185 1816 2239 συμ-

232 2268 464 2340 φορήσω
519 2265 926 2337 συκοφαντίας·
963 2265 1134 2336 ψεύδη
1186 2264 1598 2337 συμπλάσομαι.
1647 2261 1817 2316 ’ἰδιω-

230 2359 374 2412 τεύιυ
407 2359 512 2429 μὲν
543 2358 731 2423 τᾶλλα,
762 2358 881 2413 οὐδὲ
910 2356 1230 2428 Λειϐηθριοι
1255 2356 1427 2420 οὕτως
1448 2357 1554 2422 ἔξω
1586 2356 1776 2425 σοφίας
1795 2370 1811 2386 ⁶

229 2454 327 2524 οὐχ
360 2451 510 2506 οὕτω
555 2451 970 2523 βαρϐαρόφωνοι
1005 2453 1192 2522 Κᾶρες
1237 2451 1290 2505 οἰ
1323 2451 1813 2522 περιλαλούμενοι·

228 2546 330 2599 οὐκ
358 2543 658 2616 ἐμμούσως
685 2543 795 2614 ἔχω
821 2543 921 2613 τῆς
947 2541 1197 2614 γλώττης
1215 2558 1230 2575 ·
1255 2541 1391 2598 ἀλλὰ
1415 2543 1483 2596 τὰ
1509 2546 1611 2614 μέν
1631 2542 1818 2597 τοιαῦ-

226 2649 296 2685 τα
328 2633 647 2702 σοφίσσμαι.
666 2627 736 2684 Ὦ
758 2631 906 2702 δεινὴ
932 2631 1092 2703 τύχη,
1123 2631 1350 2704 τοιούτῳ
1377 2633 1531 2704 κακῷ
1559 2651 1628 2702 με
1661 2651 1820 2706 περι-

229 2722 498 2777 ϐαλοῦσα.
534 2723 645 2776 Καὶ
673 2722 949 2778 κυϐιστῶν
985 2741 1114 2778 ποτε
1157 2723 1450 2795 ἄνθρωπος
1501 2726 1817 2798 ὑφαιρεῖται

225 2816 289 2868 τὸ
321 2816 560 2886 ἄμφιον,
587 2815 685 2868 καὶ
727 2814 971 2870 κίνδυνον
1013 2816 1146 2888 ἔχει,
1191 2818 1529 2888 ἀμφοτέραις
1580 2803 1815 2888 ἐπικρύ-

228 2927 411 2975 πτειν,
443 2909 484 2964 ἃ
516 2910 593 2981 μὴ
627 2910 852 2965 θεᾶσθαι
884 2912 1035 2977 ἄξιον
1063 2928 1077 2943 ·
1137 2911 1254 2966 ἀλλ’
1289 2911 1400 2965 οὐδ’
1431 2910 1598 2975 αὐτὸς
1633 2911 1819 2976 αἰδοῦς

224 3001 506 3074 τοσαύτης
541 3003 948 3074 ἐμπέπλησται.
972 3001 1043 3059 Ὦ
1069 3007 1118 3060 οἰ
1147 3009 1275 3078 περὶ
1302 3005 1402 3075 ἐμὲ
1438 3000 1583 3061 οὗτοι
1611 3006 1818 3076 ἄνθρω·

227 3114 344 3165 ποι,
380 3099 438 3152 τί
483 3097 547 3167 δή
586 3115 716 3151 ποτε
750 3098 1003 3162 τοσοῦτος
1041 3099 1198 3171 δχλος
1235 3100 1657 3154 ἑπισυνίστασθε
1702 3118 1818 3170 μω-

1917 601 1979 655 τδ
2008 602 2265 674 πρᾶγμα.
2292 601 2503 672 Βρέφος
2534 601 2830 670 ἐγενόμην.
2860 603 2954 654 καὶ
2987 601 3130 672 τάχα
3159 597 3226 673 ἦν
3259 619 3352 667 μοι
3378 600 3500 654 τότε

1916 697 2194 752 λούεσθαι.
2230 695 2613 768 Ὑπερανέϐην
2667 696 2765 766 τὴν
2802 695 3070 766 βρεφικὴν
3115 695 3353 766 ἡλικίαν,
3402 695 3500 748 καὶ

1915 791 2122 857 οὐκέτι,
2157 791 2273 845 ἀλλ’
2304 793 2353 844 εἰ
2391 791 2505 861 ἄρα
2535 791 2594 842 ἐν
2628 793 2914 860 ποταμοῖς.
2957 791 3270 859 ’11κμαζον,
3300 790 3393 843 καὶ
3428 783 3500 858 ἦν

1915 886 1976 950 ἐν
2005 887 2120 950 τοῖς
2149 883 2336 947 αὐτοῖς
2360 898 2377 916 ⁸
2407 880 2593 937 εἷλκον
2628 882 2770 937 οὕτω
2796 882 2887 936 τδν
2917 881 3033 951 βίον
3063 881 3304 951 ὁμαλῶς.
3345 881 3503 950 Ὠμί-

1915 979 2059 1050 λησα
2105 978 2190 1048 τῷ
2219 978 2462 1048 ,ὑστέρῳ
2523 976 2644 1046 βίῳ.
2704 974 2997 1036 Πακτωλδς
3043 972 3166 1036 ὅλος
3212 975 3342 1042 περὶ
3372 972 3498 1041 ἐμὲ,

1915 1072 2104 1144 χρυσῷ
2133 1071 2296 1142 ῥέων.
2340 1070 2640 1139 Ἐγενόμην
2699 1071 2812 1130 τοῖς
2864 1066 3097 1136 ἀγαθοῖς
3142 1064 3501 1136 ὑπέραντλος,

1914 1166 2132 1221 καὶτοῦ
2160 1164 2352 1220 λοιποῦ
2397 1165 2559 1235 κόρον
2617 1163 2718 1216 οὐκ
2746 1157 2892 1232 εἶχον
2940 1160 3034 1214 τοῦ
3074 1157 3497 1214 καταλούεσθαι.

1909 1259 2128 1324 ,Οὐκοῦν
2179 1257 2362 1322 καλῶς
2400 1255 2630 1327 αἰσχύνη
2692 1272 2795 1324 μου
2843 1252 3197 1324 καταχέεται.
3232 1252 3500 1306 Εὐκταῖον

1913 1356 1977 1426 δή
2012 1372 2127 1424 μοι,
2157 1355 2320 1424 μέχρι
2347 1349 2608 1406 τοσούτου
2634 1348 2826 1417 στῆναι
2848 1348 2914 1401 τὰ
2942 1346 3163 1417 λυπηρὰ
3197 1345 3292 1418 (ὡς
3319 1346 3498 1413 ἔγωγε

1913 1448 2012 1504 καὶ
2043 1445 2104 1500 τὸ
2129 1446 2298 1499 εἰσέτι
2329 1444 2526 1514 μέλλον
2556 1440 2948 1512 φαντάζομαι),
2982 1438 3057 1510 μὴ
3089 1438 3185 1492 καὶ
3214 1437 3498 1506 περιάγων

1919 1557 1988 1607 με
2025 1540 2054 1592 6
2085 1537 2180 1592 τοῦ
2212 1537 2329 1606 βίου
2365 1537 2561 1606 τροχὸς
2594 1535 2676 1598 εἰς
2711 1535 2907 1588 ταυτὸν
2947 1532 3148 1601 ἀγάγοι
3193 1531 3365 1593 πάθος
3415 1529 3496 1598 τῷ

1915 1630 2302 1702 θρυλλουμένῳ
2344 1629 2548 1696 Ἰξίονι.
2586 1627 2780 1683 Πολλοὶ
2833 1625 2957 1680 κατ’
2985 1624 3122 1694 ἐμοῦ
3170 1623 3392 1693 δαψιλὲς
3437 1622 3499 1674 τὸ

1915 1727 2073 1794 μῖσος
2129 1721 2471 1793 ἐθρέψαντο·
2523 1719 2739 1782 πολλοῖς
2794 1715 3205 1786 ἐνειργασάμην
3267 1714 3497 1786 πικρίαν

1915 1818 2157 1888 ἄκρατον
2178 1828 2196 1848 ο
2224 1812 2326 1866 οὐκ
2357 1811 2560 1880 ὀλίγοις
2592 1808 2857 1878 ἐπετέθην
2891 1807 3062 1878 βαρύς
3085 1822 3100 1838 ·
3139 1806 3353 1870 οὐδενὸς
3386 1805 3497 1860 τῶν

1916 1906 2175 1962 ἁπάντων
2224 1901 2556 1972 ἐλογιζόμην
2597 1894 2739 1958 εἶναι
2768 1898 3039 1970 δεύτερος.
3069 1898 3132 1952 Ol
3165 1899 3359 1967 γένους
3393 1896 3498 1950 αὐ-

1916 1999 2142 2072 χοῦντες
2194 1995 2560 2067 λαμπρότητα
2611 1989 2886 2062 μισθωτοῦ
2926 1990 3087 2058 δίκην
3119 1988 3498 2054 ἑξουθενοῦντό

1920 2104 2055 2162 μοι·
2113 2087 2405 2154 ἀπηξίουν,
2457 2085 2689 2155 ἐντίμως
2746 2085 2858 2146 τοῖς
2906 2083 2966 2136 ὲν
3022 2081 3204 2148 ἀξίαις
3257 2080 3500 2151 προσφέ-

1909 2181 2132 2252 ρεσθαι.
2175 2178 2372 2247 Λογίου
2422 2176 2478 2230 δὲ
2527 2174 2766 2230 ἀκοῦσαι
2799 2175 3148 2245 φωνήματος.
3187 2174 3325 2230 ἀλλὰ
3349 2171 3498 2227 τοῦθ’

1910 2276 2104 2346 ὅμοιον
2130 2269 2260 2344 παρ’
2283 2269 2430 2340 ἐμοὶ,
2455 2267 2588 2322 ὡσεὶ
2607 2267 2700 2322 καὶ
2728 2267 2896 2320 ἵππου
2926 2265 3316 2338 χρεμετισμός.
3337 2266 3501 2334 Στερ-

1917 2367 2076 2421 κτέον
2105 2363 2222 2429 οὖν,
2252 2364 2300 2416 εἰ
2334 2360 2412 2433 μὴ
2443 2361 2501 2415 τὸ
2543 2360 2760 2431 ἰμάτιον
2799 2359 3215 2430 ἀποδυσάμενος
3241 2359 3498 2426 ἕκαστος,

1916 2457 2188 2528 εὐσταλὴς
2218 2454 2395 2519 ἔσται,
2417 2453 2600 2516 λίθους
2657 2453 2952 2522 ἐπαφιέναι
3010 2469 3123 2522 μοι,
3155 2451 3252 2505 καὶ
3290 2449 3500 2521 χιτῶνα

1916 2551 2108 2624 τοῦτον
2138 2549 2188 2621 (6
2220 2549 2284 2620 δὴ
2309 2549 2554 2618 λέγεται)
2588 2544 2870 2600 ἐνδύσουσί
2912 2561 2980 2614 με
3012 2545 3247 2598 λίθινον·
3284 2543 3382 2598 καὶ
3409 2561 3498 2598 νο-

1920 2644 2160 2718 μιστέον,
2188 2644 2268 2707 είς
2294 2641 2498 2711 ἀγαθόν
2532 2657 2624 2710 μοι
2655 2639 2725 2693 τὰ
2752 2638 2996 2708 παρόντα
3023 2637 3306 2708 γενέσθαι.
3345 2637 3502 2708 Οἰχε-

1917 2755 2009 2792 ται
2057 2737 2126 2790 τὰ
2170 2733 2403 2806 λαμπρὰ
2433 2732 2765 2803 στρώματα·
2809 2731 2906 2785 καὶ
2948 2729 3150 2793 καλῶς.
3199 2729 3427 2800 Οίχεται
3471 2729 3501 2781 6

1921 2828 2250 2900 ἰματισμός·
2293 2825 2370 2890 ώς
2431 2824 2628 2894 εῦγε.
2683 2823 2841 2878 Οῦτω
2873 2821 2982 2892 γὰρ
3016 2820 3232 2890 κούφως
3260 2817 3500 2892 δραμοῦ-

1923 2939 2044 2992 μαι,
2077 2921 2175 2974 καὶ
2205 2918 2386 2974 λαθὼν
2425 2916 2787 2987 διαφεύξομαι
2830 2915 2866 2987 ἢ
2897 2914 3104 2982 οἴκαδε,
3134 2914 3169 2987 ἢ
3200 2911 3320 2967 ἀλλ’
3339 2913 3420 2976 εἰς
3443 2909 3504 2965 τδ

1921 3015 2220 3087 βάραθρον.

2657 3098 2760 3157 18⁸.

226 3191 573 3260 κησόμενοι;
611 3189 678 3242 Τί
715 3206 804 3260 μοι
840 3190 938 3262 τὴν
979 3189 1160 3262 θλίψιν
1203 3192 1470 3259 ἐπαύξετε
1489 3208 1507 3259 ;
1553 3192 1688 3246 Τίνα
1726 3193 1815 3246 δο-
1843 3191 1886 3250 C
1991 3195 2059 3250 Τί
2086 3195 2188 3263 ὅτι,
2223 3192 2499 3263 ἁγιώτατέ
2533 3211 2634 3264 μου
2673 3193 2930 3252 δέσποτα,
2967 3191 3045 3260 τῷ
3077 3190 3331 3262 μύρμηκι
3357 3189 3504 3243 λέον-

227 3284 381 3335 κεῖτε
421 3280 649 3352 βλέπειν
669 3296 686 3347 ;
721 3281 792 3333 Ἦ
826 3279 900 3343 ώς
931 3281 1029 3334 ἐπὶ
1057 3281 1187 3336 θέαν
1221 3282 1408 3352 ἥκετε,
1435 3282 1817 3355 δραμούμενον

226 3373 524 3446 γυμνικῶς
557 3372 880 3442 θεασόμενοι
900 3388 918 3442 ;
951 3373 1273 3442 Ἀνθρωπος
1303 3373 1416 3443 ἐγὼ
1459 3375 1585 3446 χθὲς
1624 3377 1724 3444 μὲν
1760 3377 1818 3429 ἐν

226 3469 424 3538 τιμαῖς
457 3465 822 3536 περίϐλεπτος
845 3481 859 3495 ⁸
889 3466 946 3519 αἰ
974 3465 1033 3520 δὲ
1059 3461 1200 3538 ἦσαν
1227 3466 1287 3520 οὑ
1315 3469 1498 3536 φύσει.
1538 3467 1680 3521 Ἀλλ’
1707 3466 1818 3534 ἐγὼ

222 3559 575 3630 ἡπατώμην.
613 3559 721 3610 Καὶ
755 3556 936 3611 τοίνυν
991 3557 1048 3611 αἰ
1093 3560 1193 3628 μέν
1239 3555 1355 3612 οἷον
1410 3558 1818 3629 πτερυξὰμεναι

224 3651 500 3719 οῑχονται,
562 3648 722 3710 αὐτὸς
773 3647 832 3700 δὲ
882 3646 1478 3717 παραδειγματίζομαι.
1519 3643 1590 3701 Ὦ
1631 3649 1682 3701 οἱ
1727 3649 1818 3702 τὸν

227 3741 543 3816 ἰματισμὺν
587 3741 677 3793 τὸν
719 3739 1002 3812 ἀλλότριον
1035 3741 1416 3811 μερισάμενοι,
1453 3740 1647 3795 σποδὸν
1695 3741 1819 3794 ἀντὶ

224 3835 403 3904 ἄρτου
433 3831 666 3901 φάγοιτε
691 3848 707 3864 ·
738 3830 903 3900 χολῆς
947 3830 1233 3900 γεύσοισθε
1257 3845 1274 3862 ⁶
1307 3832 1502 3902 πικρία
1541 3834 1612 3888 τά
1662 3831 1820 3904 βρώ-

228 3943 382 3996 ματα
413 3925 496 3994 τῷ
528 3924 683 3994 ὑμῶν
713 3925 797 3993 εἴη
831 3921 1088 3994 λάρυγγι.
1127 3925 1191 3978 Τί
1223 3925 1330 3994 γὰρ
1363 3926 1485 3995 ἐμοὶ
1517 3925 1611 3980 καὶ
1642 3927 1816 3997 ήμῖνς

227 4019 455 4088 Πτωχοί
485 4018 609 4070 ἐστε
633 4031 648 4047 ·
684 4014 930 4071 σκελετοὶ
953 4015 1194 4084 γένεσθε.
1230 4017 1545 4086 Διμώττετε
1565 4034 1581 4052 ο
1617 4018 1694 4089 μὴ
1725 4017 1819 4071 κό-

227 4127 327 4184 ρος
355 4111 496 4179 ὐμῖν
529 4125 661 4162 ποτε
693 4107 903 4176 γένοιτο
933 4105 1211 4177 βρώσεως.
1237 4108 1668 4178 Γυμνητεύοιτε·
1706 4107 1820 4180 περ

226 4206 262 4272 ἢ
290 4201 540 4270 παγετὸν
566 4199 896 4253 ἐνδύσοισθε.
935 4199 1024 4253 Ἐν
1049 4199 1264 4268 φυλακῇ
1291 4200 1414 4252 ἐστε
1435 4215 1450 4231 ο
1477 4199 1820 4270 βυθισθείητε

226 4298 328 4351 καὶ
388 4298 476 4361 εἰς
521 4294 804 4365 τέταρτον.
840 4291 930 4363 Μὴ
972 4293 1080 4362 γὰρ
1123 4291 1190 4346 ἂν
1232 4290 1359 4360 ἐμοὶ
1403 4292 1645 4362 ἀρέσκοι,
1677 4293 1822 4362 ὑμᾶς

223 4383 673 4455 ἐπισκέψασθαι.
714 4382 878 4451 ’Υμῖν
920 4379 1393 4450 ἐγλισχρευόμην·
1430 4379 1560 4448 ύμῖν
1588 4377 1823 4449 ἐθησιύ-

227 4481 388 4550 ριζον
413 4493 429 4507 ·
466 4476 598 4545 ὑμῖν
626 4473 1012 4544 ἐμισθάρνουν.
1039 4469 1192 4540 Μηδὲ
1224 4468 1335 4539 ἐγὼ
1360 4469 1504 4536 ὑμᾶς
1531 4469 1818 4537 ἐγέννησα.

225 4571 498 4642 Οῖχεσθε,
535 4566 605 4619 τὰ
634 4565 744 4636 ἐμὰ
774 4563 1252 4626 κατασπάσαντες.
1287 4557 1419 4615 Εἶτα
1449 4563 1476 4614 6
1505 4559 1818 4629 κατάρατος

226 4666 514 4738 βαλανεὺς
548 4663 644 4716 καὶ
671 4660 734 4713 τὸ
768 4658 900 4728 ἐμὸν
932 4655 1110 4727 λοῦμα
1151 4653 1566 4727 ψηφηφορησει,
1602 4652 1696 4705 καὶ
1723 4667 1824 4705 κα-

222 4749 556 4826 λαμήσεταί
615 4766 682 4819 με
728 4745 952 4810 ὀϐολοὺς
1010 4746 1422 4816 προσαπαιτῶν.
1479 4740 1675 4807 ’Λλλος
1701 4759 1706 4762 ’
1732 4758 1822 4811 μοι

223 4847 396 4902 τ.ῦτο
466 4842 721 4902 θάνατος.
759 4839 986 4908 Ὀμοιον
1027 4837 1157 4908 γὰρ,
1209 4833 1584 4890 ἀποϐαλέσθαι
1611 4831 1819 4904 ψυχὴν,

226 4939 333 4994 καὶ
385 4933 802 4992 καταϐαλέσθαι
836 4931 1110 5002 δραχμήν.
1151 4927 1294 4998 Ἐγὼ
1329 4927 1386 4981 δὲ
1435 4927 1826 4994 ἀνταπαιτήσω

225 5030 360 5100 μὲν,
402 5027 442 5082 ἃ
477 5026 528 5078 οἰ
554 5023 739 5086 κακῶς
769 5025 828 5076 ἐν
854 5022 1070 5093 φυλακῇ
1095 5021 1344 5091 ὀλόμενοι
1371 5017 1821 5089 κατεϐρόχθισαν·
1916 5038 1920 5043 λ

223 5124 254 5174 6
288 5122 348 5176 δέ
388 5136 503 5172 που
531 5116 626 5171 καὶ
657 5115 872 5186 πληγὰς
908 5116 1049 5169 κατὰ
1083 5115 1253 5184 κόρης
1293 5111 1536 5183 ἐντρίψει
1571 5129 1684 5182 μοι.
1729 5111 1826 5163 Φι-

223 5215 424 5284 λητδν,
456 5209 508 5262 εἰ
541 5209 617 5280 μὴ
652 5206 1084 5278 προσαπαιτοίη,
1114 5205 1211 5258 καὶ
1241 5201 1319 5258 ών
1346 5205 1561 5274 φθάσας
1595 5203 1822 5274 ἐστέρη-

223 5323 348 5360 ται.
379 5301 561 5363 ’Όλας
586 5299 674 5354 ἀεὶ
699 5298 997 5368 δεξαμενὰς
1020 5295 1238 5367 θερμῶν
1263 5293 1473 5348 ὑδάτων
1494 5289 1825 5364 ἀπηντλουν·

223 5396 332 5452 καὶ
382 5396 414 5449 6
465 5394 568 5464 μὲν
609 5391 787 5463 ἐξῄτει
824 5390 1015 5461 μισθὸν
1043 5389 1138 5443 τοῦ
1166 5388 1459 5460 λούματος,
1488 5384 1599 5455 ἐγὼ
1644 5384 1700 5438 δὲ
1736 5382 1828 5436 καὶ

180 5473 192 5488 ’
223 5491 482 5562 χάριτας
506 5485 814 5552 ἐποφείλειν
836 5501 926 5554 μοι
953 5482 1162 5555 ἧθελον.
1191 5482 1304 5535 Νῦν
1329 5480 1388 5535 δὲ
1417 5481 1584 5551 μέσος
1608 5478 1824 5548 ἔχομαι,

226 5579 333 5634 καὶ
366 5580 456 5639 εἰς
485 5575 719 5644 εὐθύνην
737 5582 1066 5643 πρόκειμαι.
1101 5571 1160 5626 Ὀ
1190 5571 1246 5624 δὲ
1274 5571 1587 5642 σκώμματα
1617 5567 1829 5638 ἐπαφή-

226 5689 317 5726 σει
358 5684 489 5740 μοι,
527 5665 805 5737 κωμῳδῶν
833 5665 916 5728 εἰς
942 5663 1005 5717 τὺ
1029 5661 1380 5735 φιλόλουτρον
1402 5679 1418 5696 ·
1459 5663 1555 5718 καί
1599 5680 1703 5717 που
1732 5663 1827 5717 καὶ

223 5767 311 5828 εἰς
349 5763 533 5815 ἵππον
565 5758 762 5812 στατόν
788 5759 1117 5830 παραϐαλεῖ,
1144 5757 1374 5812 εἰωθότα
1402 5757 1636 5829 ποταμῷ
1669 5757 1824 5810 λούε-

225 5854 385 5910 σθαι.
443 5849 769 5922 Ὁμηρικὸς,
803 5850 991 5923 φησίν,
1029 5842 1184 5914 οὗτος
1225 5850 1412 5917 ἵππος,
1443 5852 1592 5915 ὅστις
1641 5851 1770 5904 ποτὲ
1801 5853 1827 5905 6

1918 3307 2009 3353 τος
2036 3287 2446 3358 προσπλάττεις
2477 3286 2688 3356 ἀλκήν;
2719 3285 2750 3356 ἢ
2781 3284 2858 3354 τῷ
2904 3284 3150 3353 σκώληκι
3197 3281 3503 3353 ταχύτητος

1917 3383 2161 3456 ἀρετήν;
2194 3380 2414 3436 Μᾶλλον
2446 3379 2549 3448 μὲν
2573 3375 2690 3443 οῦν,
2722 3375 2866 3432 ἰνατί
2891 3377 2981 3430 τὸν
3007 3375 3266 3446 σκώληκα
3289 3375 3502 3436 τάττεις

1917 3476 1997 3538 εἰς
2025 3473 2336 3543 ἄνθρωπον,
2374 3471 2468 3525 καὶ
2497 3471 2559 3523 τὸ
2592 3469 2762 3540 μηδὲν
2792 3471 2873 3531 εἰς
2905 3469 3020 3522 ἴσον
3049 3468 3203 3536 άγεις
3232 3465 3310 3537 τῷ
3342 3465 3498 3528 όντις

1917 3567 2020 3640 ἠδη
2047 3565 2107 3620 δὲ
2141 3564 2235 3618 καὶ
2264 3564 2469 3634 τιμίοις
2503 3561 2936 3631 ἐγκατατάττεις
2965 3560 3058 3613 τὸν
3087 3558 3301 3622 οὐδενὸς
3333 3558 3500 3626 λόγου

1918 3660 2274 3729 τιμώμενον;
2339 3653 2531 3726 λογίζῃ
2587 3653 2682 3706 καὶ
2743 3652 2890 3722 ἡμᾶς
2959 3649 3099 3721 μετὰ
3153 3648 3502 3719 άνθρώπωνς

1919 3749 2176 3822 ἀριθμεῖς
2224 3745 2365 3818 μετὰ
2406 3746 2516 3798 τῶν
2577 3743 2744 3810 ἀξίων
2781 3743 2942 3811 λόγου
2990 3741 3174 3809 τινός;
3207 3739 3413 3808 ἀγαθόν
3447 3755 3502 3793 τι

1920 3842 2170 3912 φαντάζῃ
2208 3841 2337 3911 περὶ
2368 3839 2400 3908 ἡ
2411 3837 2530 3907 μῶν
2553 3853 2571 3908 ;
2602 3837 2694 3906 Μὴ
2725 3834 2791 3889 σύ
2819 3852 2908 3906 γε.
2945 3831 3216 3902 άγιώτατε
3244 3831 3500 3885 δέσποτα·

1920 3937 2038 3990 ἀλλ’
2069 3937 2232 4006 εὔχου
2265 3936 2428 4004 μόνον
2465 3931 2605 4002 ὑπὲρ
2633 3929 2812 4000 ἡμῶν.
2851 3928 3029 3997 Ἠμᾶς
3057 3926 3137 3991 δὲ,
3171 3918 3275 3978 οἷοί
3311 3925 3501 3993 ἐσμεν,

1920 4021 2028 4080 οίδε
2061 4024 2160 4096 μὲν
2195 4025 2222 4076 6
2251 4022 2383 4084 Θεός
2407 4037 2420 4051 ’
2465 4014 2573 4073 οἶδε
2604 4019 2662 4072 δὲ
2695 4018 2790 4072 καὶ
2834 4019 2863 4071 6
2891 4015 3023 4086 παρ’
3055 4017 3186 4086 ἡμῖν
3223 4013 3435 4086 κριτὴς,
3466 4015 3503 4084 ὴ

1924 4117 2253 4183 συνείδησις.
2306 4113 2380 4166 06
2430 4110 2770 4178 λανθάνομεν
2818 4107 2873 4162 δὲ
2926 4107 3046 4161 οὐδὲ
3092 4108 3220 4168 τοὺς
3249 4105 3504 4183 ἀκριϐεῖς

1922 4181 2220 4274 ἐξεταστὰς
2265 4202 2372 4256 τῶν
2421 4199 2544 4254 καθ’
2570 4200 2742 4271 ἡμᾶς.
2773 4227 2844 4240 --
2867 4198 3014 4251 Ὅσα
3051 4197 3108 4250 δὲ
3140 4181 3509 4266 ἐψυχαγώγη-

1923 4299 2050 4370 θην,
2073 4297 2172 4370 τὴν
2194 4293 2415 4365 γραφὴν
2446 4293 2740 4362 δεξάμενος
2761 4293 2859 4361 τῆς
2891 4290 2991 4360 σῆς
3017 4289 3332 4358 ἁγιότητος,
3361 4282 3510 4341 οἶδεν

1921 4396 1952 4448 6
1983 4391 2163 4446 πάντα
2190 4388 2346 4453 εἰδὼς
2375 4387 2529 4450 Θεός.
2561 4386 2859 4456 ’Δντικρυς
2893 4385 3003 4454 γὰρ
3039 4383 3176 4452 αὐτῇ
3216 4382 3372 4447 ἔδοξα
3417 4382 3506 4434 ἐν·

1924 4482 2107 4550 τυχεῖν
2170 4481 2238 4550 τῇ
2300 4477 2578 4549 ἁγιωσύνῃ
2629 4493 2745 4541 σου,
2796 4474 2892 4528 καί
2926 4475 3027 4544 τῆς
3058 4473 3322 4542 γλυκείας
3369 4472 3508 4526 ἀπο-

1925 4572 2114 4626 λαύειν
2143 4571 2271 4633 θέας
2303 4587 2361 4622 τε
2409 4569 2505 4623 καὶ
2555 4567 2742 4640 φωνῆς
2761 4582 2778 4600 ·
2807 4562 2875 4640 ἦς
2905 4565 3176 4637 ἐπιϐραχὺ
3228 4563 3506 4629 καταξιω-

1926 4663 2059 4730 θείς,
2096 4663 2447 4734 ἀνάγραπτον
2501 4661 2672 4730 αὐτὴν
2725 4660 2881 4713 ἐσαεὶ
2919 4658 3071 4729 φέρω
3121 4661 3180 4713 ἐν
3216 4659 3281 4727 τῇ
3331 4656 3506 4726 ψυχῇ.

1913 4755 2083 4814 ,Ποίει
2108 4749 2202 4808 οὖν
2232 4752 2430 4820 οὕτως,
2470 4751 2592 4822 am
2639 4752 2896 4817 δέσποτα,
2929 4753 3024 4805 καὶ
3057 4747 3376 4820 ψυχαγώγει
3416 4748 3510 4802 διὰ

1924 4847 2185 4917 γραφῶν·
2216 4845 2289 4908 ώς
2325 4844 2392 4898 ἂν
2439 4845 2525 4914 εἰη
2578 4848 2674 4898 καὶ
2728 4845 2887 4897 τοῦτο
2935 4841 3176 4916 ἡμῖντό
3227 4840 3392 4894 καλὸν
3440 4843 3510 4894 ἐκ

1925 4937 2085 5002 Θεοῦ,
2118 4936 2208 5007 ὑφ’
2242 4935 2304 4989 οῦ
2341 4936 2514 5007 μυρία
2539 4931 2976 5006 εύεργετήμεοα.

2681 5026 2768 5079 K'.

1999 5117 2168 5178 Εἶπον
2197 5121 2265 5177 ἂν
2301 5119 2483 5176 ὀκνεῖν
2528 5117 2591 5172 τδ
2637 5119 2893 5189 γράφειν,
2929 5114 3237 5190 ήγιασμένε
3292 5131 3382 5185 μοι
3420 5111 3509 5164 δέ.

1930 5219 2127 5284 σπότα,
2158 5215 2208 5269 εί
2251 5215 2326 5287 μὴ
2373 5214 2472 5286 την
2513 5211 2717 5283 πολλήν
2747 5229 2842 5265 σου
2876 5211 3062 5281 φιλίαν
3090 5207 3234 5278 εἶχον
3271 5203 3505 5274 ἐποτρύ-

1929 5309 2132 5364 νουσαν
2163 5325 2253 5379 με,
2281 5307 2378 5360 καὶ
2407 5304 2545 5373 πρὸς
2591 5303 2689 5374 τὴν
2736 5301 2955 5373 γραφὴν
2989 5299 3360 5373 ἐρεθίζουσαν.
3394 5289 3506 5348 Ἦν

1927 5403 1974 5458 δ’
2005 5404 2069 5458 άν
2103 5419 2195 5472 μοι
2223 5397 2317 5454 τοῦ
2348 5399 2509 5452 ῦκνου
2537 5397 2832 5467 πρόφασις,
2861 5396 2943 5449 ὅτι
2987 5392 3063 5464 μὴ
3107 5390 3202 5444 τοῦ
3245 5387 3504 5460 τυχόντος

1929 5495 2025 5548 νῦν
2055 5487 2216 5561 λόγου
2243 5492 2396 5562 παρὰ
2423 5489 2520 5559 τῆς
2552 5490 2650 5560 σῆς
2682 5487 2994 5558 ἁγιωσύνης
3017 5485 3248 5556 ἠξίωται
3277 5481 3346 5536 τά
3379 5479 3505 5534 καθ’

1930 5587 2116 5657 ἡμᾶς·
2167 5585 2306 5654 ὅπερ
2357 5582 2406 5636 εί
2458 5578 2518 5636 εὖ
2570 5581 2706 5651 ἔχει,
2745 5578 2896 5649 παρά
2947 5592 3034 5630 σοι
3069 5571 3272 5630 κείσθω
3316 5573 3502 5643 κριτῇ.

1941 5676 2085 5731 ’Δλλ’
2111 5673 2228 5731 οῖδα
2275 5679 2332 5730 ἐν
2367 5677 2549 5738 κενοῖς
2581 5671 2986 5741 ὑπογογγύσας,
3021 5669 3116 5722 καὶ
3142 5667 3234 5721 τὸν
3260 5664 3506 5720 ἀναίτιον

1929 5769 2334 5836 αἰτιασάμενος.
2367 5765 2534 5820 Οὐδὲν
2565 5763 2775 5826 καινὸν,
2811 5761 3052 5816 δέσποτά
3092 5777 3219 5830 μου,
3261 5757 3504 5824 πεποίη-

1932 5877 2031 5933 κας
2087 5859 2120 5930 ἦ
2187 5861 2485 5925 πέπονθας.
2532 5857 2675 5927 Ἐγὼ
2722 5859 2832 5930 γὰρ
2880 5857 3064 5924 αὐτὸς,
3094 5858 3192 5912 ἐὰν
3229 5848 3504 5911 τοσούτοις
