3974 6594
477 396 611 465 1287

1874 394 2265 459 ADDENDA.

3609 396 3751 465 1288

472 515 669 587 ἔτυχον
720 517 1117 591 έναπειλῆφθαι
1170 517 1518 594 πράγμασιν,
1570 517 1743 574 ὁπόσα
1798 516 1901 590 τὴν
1956 517 2056 588 σὴν
2082 510 2136 571 Α
2158 514 2258 570 οὐκ
2287 514 2405 569 εστι
2429 512 2542 569 τῶν
2576 514 2705 587 περὶ
2735 512 2949 583 λόγους·
2974 508 3070 568 xu!
3100 513 3154 567 τί
3201 511 3341 583 πρὸς
3368 510 3527 581 κῦμα
3573 512 3758 565 πολλὰ

475 610 792 683 ἁγιωσύνην
824 615 1265 687 περιειλήφασιν,
1300 614 1639 685 ἐξελαθόμην
1664 613 1733 668 ἂν
1762 614 1856 668 xu!
1887 611 2054 668 αὐτοῦ

478 698 577 755 τοῦ
606 701 891 773 ὀνόματος.
913 706 1125 759 Οὐκοῦν
1155 707 1573 777 καινοπραγεῖς,
1608 704 1745 760 ἀλλά
1771 704 2059 775 συνεκτρέ-
2102 758 2113 768 ,

480 808 593 863 κεις
624 795 692 863 τῇ
722 795 884 862 φύσει
915 796 1009 850 τοῦ
1034 798 1382 867 πράγματος.
1429 797 1671 864 Ὑγίαινε
1696 789 1791 850 οὖν
1808 811 1824 827 ·
1848 789 1907 850 εὖ
1931 794 2054 863 ἔχε·

483 879 612 946 μένε
663 881 869 947 ἄλυπος
895 900 908 915 ο
942 884 1002 938 εὐ
1035 904 1117 939 σοι
1149 886 1397 940 πιπτέτω
1442 886 1509 941 τά
1539 886 1649 941 τῶν
1688 886 2057 956 πραγμάτων.

494 971 660 1042 Ἡμῖν
689 974 745 1027 δὲ
775 978 959 1046 ἀρκεῖ,
992 979 1059 1032 ἂν
1093 982 1152 1031 έν
1178 980 1422 1053 ζωπύρῳ
1460 983 1556 1036 xu!
1594 980 1741 1051 μόνῳ
1772 978 2061 1046 φυλαττοί-

488 1066 628 1134 μεθα
660 1070 809 1138 παρὰ
838 1073 902 1140 τῇ
931 1071 1033 1141 τῆς
1061 1076 1158 1143 σῆς
1179 1073 1360 1145 ψυχῆς
1390 1074 1564 1145 ἑστίᾳ,
1590 1072 1683 1127 xu!
1716 1073 1875 1144 μόνον
1914 1071 2062 1125 ἔστιν

481 1161 571 1213 ὅτε
602 1160 691 1214 διὰ
727 1164 948 1235 μνήμης
978 1166 1298 1236 φεροίμεθα.
1333 1196 1404 1209 -—
1436 1168 1569 1238 nep!
1611 1165 1708 1221 τοῦ
1761 1165 1928 1219 καλοῦ
1969 1166 2058 1234 φί-

482 1250 599 1318 λου,
626 1253 721 1309 τοῦ
754 1254 1089 1324 λογιωτάτου
1115 1259 1310 1329 κυρίου
1337 1259 1635 1327 Γεωργίου,
1672 1260 1756 1312 ὅτι
1795 1260 1893 1328 μὲν
1917 1258 2065 1313 δεινά

485 1348 763 1417 ἐνόσησεν,
801 1350 1006 1417 ἔμαθον
1029 1365 1044 1380 ⁸
1096 1356 1146 1404 εί
1180 1351 1236 1406 δὲ
1282 1354 1379 1407 xu!
1416 1350 1710 1423 ἀπηλλάγη
1738 1352 1832 1406 τοῦ
1865 1351 2061 1418 κακοῦ,

485 1440 690 1506 ἔμαθον
722 1442 902 1497 οὐδέν.
928 1444 1020 1498 Διδ
1050 1446 1143 1498 xu!
1167 1445 1512 1516 συμμερίτης
1539 1445 1736 1515 ἐκείνῳ
1764 1443 1858 1498 τοῦ
1885 1443 2063 1499 δεινοῦ

487 1531 709 1602 γίνομαι
742 1535 829 1588 διά
858 1535 1061 1606 λύπην,
1096 1538 1189 1589 xu!
1222 1536 1399 1598 άλλως
1430 1538 1490 1590 οὐ
1523 1536 1664 1591 καλά
1698 1536 1925 1606 πάσχων
1957 1536 2064 1590 οὐδ’

486 1625 650 1688 αὐτὸς
683 1627 771 1680 διὰ
802 1626 959 1682 νόσον
986 1629 1128 1697 ἐμὴν
1155 1629 1335 1699 δεινήν
1361 1646 1421 1684 τε
1449 1631 1544 1684 xu!
1576 1629 1929 1701 πολυήμερον
1952 1645 1967 1662 ·
1997 1622 2067 1701 ἧς

488 1718 647 1788 μόλις
674 1720 985 1792 ἀνασφῆλαι
1014 1721 1335 1793 δεδύνημαι.

1213 1815 1347 1869 KA'.

2159 608 2422 679 λαλητέον
2465 607 2691 677 κωφόν;
2732 607 2766 679 ἢ
2803 606 3068 669 πολλάκις
3115 605 3394 676 ἐπεστάλη
3432 604 3623 676 αὐτῷ*
3659 604 3759 658 καὶ

2160 703 2213 755 τί
2233 702 2313 755 δεῖ
2332 702 2499 757 πάλιν
2528 704 2620 757 καὶ
2647 701 2812 755 πάλιν
2840 701 3075 772 γράφειν
3098 716 3115 768 ;
3140 701 3210 753 Ἦ
3232 699 3528 771 δεξάμενος
3552 699 3759 767 συχνάς

2160 794 2261 857 τὰς
2285 793 2602 861 ἐπιστολάς,
2645 794 2708 848 οὐ
2738 793 2836 865 τήν
2880 796 3004 864 ῖσην
3046 793 3388 865 ἀντιγραφὴν
3423 793 3515 846 xu!
3548 789 3755 853 αὐτόςύ

2161 890 2214 944 τί
2248 890 2380 959 γοῦν
2412 892 2493 944 δεῖ
2520 891 2751 961 κάμνειν
2777 890 2878 962 τήν
2906 891 3065 959 χεῖρα
3097 890 3405 958 γράφοντα,
3450 888 3550 941 xu!
3580 902 3761 955 προσ-

2162 980 2345 1036 λαλεῖν
2374 983 2465 1037 τδν
2504 984 2641 1054 μηδὲ
2691 982 2798 1053 γρῦ
2836 982 3374 1052 ἀντιφθεγγόμενονς
3428 978 3759 1050 Προσάγαγε

2163 1076 2277 1138 τοῖς
2316 1075 2442 1129 καθ’
2466 1076 2614 1145 ἡμᾶς
2642 1077 2744 1147 τὴν
2773 1075 3063 1147 διαίρεσιν.
3096 1073 3184 1145 Μὴ
3220 1071 3487 1142 ἔγραψας,
3520 1073 3625 1125 οὐκ
3667 1072 3762 1123 άν-

2166 1167 2524 1239 τεγράψαμεν
2556 1171 2650 1238 δέ;
2691 1171 2762 1224 Ἣ
2821 1169 2952 1241 φῂς,
3003 1168 3079 1233 ὡς
3134 1166 3259 1220 οὔτε
3303 1165 3575 1235 ἔγραψας,
3634 1163 3759 1218 οὔτε

2167 1260 2415 1331 ἔγραψας
2462 1262 2574 1316 Ku!
2628 1262 2825 1335 ψεύδῃ.
2875 1260 3073 1331 Τρίτον
3121 1260 3230 1330 γάρ
3287 1258 3561 1330 ἡμέτερον
3604 1255 3762 1309 τοῦτο

2166 1354 2406 1425 γράμμα
2433 1354 2569 1425 πρὸς
2595 1355 2676 1410 σέ.
2722 1355 3075 1417 Ἐπέστειλας
3109 1353 3389 1424 συχνάκις,
3435 1352 3534 1405 xu!
3575 1350 3761 1416 λέγειν

2168 1449 2431 1518 ναρκεῖς;
2468 1450 2576 1501 Καὶ
2608 1447 2725 1512 πῶς
2763 1446 2792 1500 ό
2841 1447 2980 1517 μηδὲ
3010 1449 3072 1503 τὸ
3107 1451 3209 1518 τῆς
3259 1443 3459 1515 Ἠχοῦς
3520 1442 3763 1513 μιμησά-

2173 1556 2333 1609 μενος
2351 1540 2763 1612 ὐστερόφωνονς
2798 1540 2943 1595 Ἀλλ’
2969 1540 3030 1593 οὐ
3057 1540 3167 1593 τῶν
3192 1541 3319 1610 περὶ
3339 1538 3537 1605 λόγους
3554 1536 3757 1605 ήμεῖςς

2184 1632 2324 1687 Ἀλλ’
2356 1630 2401 1687 ὦ
2433 1635 2608 1701 λόγοι,
2640 1636 2735 1688 xu!
2769 1634 2991 1701 μοῦσαι,
3022 1634 3119 1687 xu!
3148 1632 3353 1704 χρόνοι,
3386 1629 3480 1684 xu!
3510 1628 3755 1699 ἱδρῶτες

2172 1731 2269 1783 καὶ
2299 1728 2394 1783 ἐπὶ
2442 1728 2631 1790 πᾶσιν,
2675 1719 2721 1779 ὦ
2766 1726 3102 1790 διδάσκαλοι,
3152 1724 3405 1793 σύμφατε
3453 1722 3534 1790 τῷ
3580 1718 3761 1789 κυρίῳ

2173 1818 2432 1890 Γεωργίῳ
2464 1818 2557 1873 xu!
2588 1820 2772 1889 ὑμεῖς.
2812 1819 2909 1871 Ἐν
2941 1818 3022 1871 ἔτι
3053 1818 3163 1871 τῶν
3194 1814 3458 1869 δισκελῶν
3484 1813 3587 1882 τῆς
3615 1811 3757 1866 διαι⁶

557 1907 709 1960 Δοκῶ
761 1924 853 1978 μοι
899 1907 1120 1977 βλέπειν
1158 1907 1258 1978 τὴν
1288 1907 1605 1978 ἁγιωσύνην
1643 1923 1763 1974 σου,
1788 1906 1916 1976 ἁγιέ
1957 1924 2061 1978 μου
2099 1892 2140 1947 Β
2172 1914 2374 1985 ρέσεως
2406 1913 2679 1967 λείπεται.
2723 1910 3017 1980 Φιλοῦμεν,
3062 1909 3157 1964 xu!
3178 1908 3239 1962 οὐ
3270 1905 3600 1977 φιλούμεθα.
3646 1905 3761 1956 Ἐν-

488 2002 743 2066 δέσποτα,
774 1999 911 2070 μηδὲ
952 2000 1140 2053 λαϐεῖν
1180 2000 1273 2053 ἐπὶ
1307 2002 1466 2070 χεῖρα
1496 2000 1760 2053 θέλουσαν
1796 1998 1896 2070 τὴν
1930 2000 2067 2070 ἐμὴν

487 2092 694 2161 ταύτην
724 2092 942 2163 γραφὴν
968 2092 1042 2156 ὡς
1086 2091 1377 2161 όψίσασαν,
1406 2092 1502 2146 xu!
1546 2092 1682 2161 μετά
1712 2092 1881 2145 πολὺν
1924 2091 2068 2146 οὕτω

487 2186 682 2257 καιρὸν
714 2188 1015 2255 γενομένην
1047 2186 1198 2257 παρά
1249 2188 1315 2256 τῇ
1377 2187 1442 2256 οῇ
1505 2186 1777 2256 ἁγιότητι.
1826 2184 1933 2239 Καί
1963 2202 2068 2239 που

488 2279 584 2331 xu!
618 2278 839 2347 γραφὴν
885 2278 980 2331 τοῦ
1016 2278 1318 2348 ἁμνηστεῖν
1370 2276 1554 2346 φιλίας
1588 2278 1875 2350 ὲπιγράφῃ
1903 2279 2067 2349 ἡμῖν’

486 2371 581 2424 καὶ
611 2368 755 2423 οὕτω
783 2368 1157 2440 διατιθέμενος
1187 2368 1355 2440 ἔχεις,
1388 2369 1463 2433 ὡς
1499 2368 1649 2432 εῖκδς
1680 2368 1773 2423 τὸν
1810 2370 1904 2423 ἐπὶ
1934 2369 2069 2422 πολὺ

488 2464 629 2534 πρός
657 2482 752 2519 του
781 2462 892 2516 τῶν
916 2463 1089 2531 φίλων
1121 2461 1554 2534 ἀπροσφώνητον
1588 2462 1868 2532 μείναντα.
1909 2461 2072 2516 ’Δλλὰ

492 2559 591 2629 μὴ,
624 2556 749 2625 ἁγιέ
810 2574 912 2627 μου
963 2555 1239 2610 δέσποτα·
1289 2556 1540 2627 συνήθως
1595 2555 1652 2609 δὲ
1700 2554 2072 2626 άμνησικάκει

489 2651 587 2705 xu!
640 2648 736 2703 νῦν
788 2650 959 2720 ἡμῖν*
1011 2647 1108 2702 xu!
1170 2646 1356 2717 μαθὼν
1398 2648 1498 2720 τὴν
1535 2647 1739 2714 αῖτίαν,
1775 2648 1851 2717 μὴ
1893 2646 1976 2699 ὅτι
2006 2660 2070 2714 γε

490 2742 663 2813 ἁχθου
721 2741 849 2795 καθ’
900 2740 1083 2811 ἡμῶν,
1141 2740 1279 2795 ἀλλά
1338 2742 1433 2794 xu!
1483 2739 1889 2811 σκυθρώπασον
1932 2738 2074 2809 ὑπὲρ

494 2837 681 2905 ἡμῶν,
717 2837 811 2889 καὶ
862 2829 1013 2898 εὖξαι
1048 2834 1135 2888 διά
1178 2832 1268 2887 τὸν
1311 2832 1466 2888 Θεόν.
1507 2832 1729 2894 Ἰούλιος
1772 2832 1879 2902 μὴν
1914 2829 2075 2886 κατό-

494 2925 678 2980 κλινεν
710 2925 859 2995 ἡμᾶς
882 2939 897 2954 ·
934 2924 1028 2977 xu!
1056 2922 1213 2977 οΰπω
1242 2924 1403 2994 μέχρι
1436 2923 1534 2976 xu!
1569 2923 1812 2993 σήμερον
1844 2922 1981 2992 (ἔστι
2014 2920 2074 2976 δὲ

495 3017 643 3087 ἁρχὴ
684 3016 781 3070 τοῦ
818 3013 1145 3085 όκτωδρίου)
1170 3012 1417 3084 καθαρὰν
1445 3012 1635 3080 ὑγείαν
1663 3011 1899 3082 εἴδομεν.
1918 3011 2075 3076 Τίνος

493 3109 588 3165 οὖν
608 3110 733 3174 οῖει,
768 3109 1039 3175 ἁγιώτατε
1079 3106 1345 3172 δέσποτα,
1381 3106 1531 3177 ἡμᾶς
1578 3108 1639 3159 ἐν
1683 3103 1921 3175 τοσούτῳ
1951 3104 2074 3158 lm-

2169 2004 2367 2061 τεῦθεν
2402 2006 2713 2076 γράφομεν,
2742 2006 2837 2058 xu!
2868 2006 2897 2057 ό
2927 2002 3283 2075 ἀντιγράφων
3313 2000 3509 2063 οὐδείς.
3554 1996 3762 2051 Λαλοῦ-

2174 2116 2297 2169 μεν,
2334 2098 2427 2153 xu!
2456 2100 2518 2152 οὐ
2564 2095 3062 2169 προσφωνοῦμεθα.
3099 2094 3165 2148 Τί
3195 2091 3287 2146 οὖν
3316 2091 3475 2145 σκιάν
3513 2088 3756 2152 διώκεις,

2173 2192 2442 2246 Εὐστάθιε
2469 2206 2485 2259 ;
2511 2192 2579 2244 Τί
2595 2192 2721 2254 τοὺς
2746 2193 2955 2262 χάρτας
2981 2191 3037 2243 έν
3064 2190 3240 2253 κενοῖς
3264 2187 3515 2250 άναλοῖςς
3550 2182 3760 2255 Σχάσον

2170 2285 2232 2339 τὸ
2257 2287 2543 2356 γραφεῖονο
2582 2283 2659 2356 μὴ
2692 2281 2998 2354 στὼμυλλε.
3050 2282 3167 2336 Κάν
3200 2296 3302 2333 που
3351 2277 3629 2350 γράφοντί
3653 2292 3757 2328 τινι

2172 2375 2425 2447 ἐντύχῃς,
2463 2374 2675 2427 ἐκείνου
2711 2375 2812 2444 τὴν
2846 2370 3138 2441 ἐπιστολὴν
3168 2368 3388 2423 έπιδύου
3420 2367 3520 2422 xu!
3558 2366 3755 2429 αὐτός’

2173 2470 2268 2521 καὶ
2303 2464 2732 2537 προσαγορεύων
2766 2464 2927 2536 μόνον
2959 2462 3157 2533 ἀρκοῦ.
3193 2463 3259 2516 Τί
3288 2462 3398 2531 γάρ
3428 2460 3628 2522 ἄλλους
3664 2459 3759 2530 μὲν

2173 2560 2500 2623 λακωνίζειν
2540 2560 2670 2630 χρὴ,
2700 2559 2759 2611 σὲ
2786 2558 2844 2612 δὲ
2879 2558 3125 2628 μακροὺς
3152 2554 3499 2609 κατατείνειν
3528 2554 3757 2624 λόγουςς

2176 2653 2287 2707 Ku!
2324 2651 2558 2724 ἀρκτέον
2606 2650 2858 2705 ἐντεῦθεν
2882 2665 2897 2680 ·
2931 2649 3361 2718 προσαγορεύω
3394 2665 3477 2711 σε,
3527 2647 3761 2717 αὐθέντη

2178 2763 2306 2818 μου.

2902 2835 3033 2890 Kl".

2248 2930 2475 2998 Ὅμοιον
2509 2927 2619 3000 ἐρῶ
2672 2944 2757 2981 σοι
2803 2925 3107 2995 αίνίγματι.
3154 2924 3243 2977 Ἐν
3291 2920 3478 2993 ταυτῷ
3520 2922 3764 2995 ῆττημαι

2176 3023 2269 3080 xu!
2303 3022 2590 3091 νενίκηκα’
2624 3018 2855 3072 κατόπιν
2886 3017 2961 3071 ῶν
2991 3016 3303 3087 ἔμπροσθεν
3332 3016 3561 3085 γέγονα.
3607 3015 3764 3068 Λύσω

2178 3131 2260 3169 σοι
2306 3114 2366 3166 τὸ
2413 3112 2669 3180 αῖνιγμα.
2716 3110 3005 3180 Ἠττημαι
3059 3107 3156 3161 τοῦ
3208 3106 3400 3178 κυρίου
3449 3106 3764 3177 Δημητρίου

496 3202 824 3273 στρέφεσθαι
848 3200 956 3253 τῶν
988 3200 1045 3254 ἓν
1081 3198 1179 3271 βίῳ
1205 3197 1494 3270 πράξεωνς
1528 3194 1606 3251 Ἦ
1635 3196 1826 3251 τούτου
1852 3195 2071 3258 πάντως
2095 3224 2142 3287 C
2175 3203 2468 3274 έπιστολῆς
2494 3202 2685 3256 κάλλει
2717 3218 2777 3254 τε
2826 3202 2921 3256 xu!
2962 3200 3143 3270 τάχει.
3202 3198 3460 3268 Κατῆρξε
3495 3200 3609 3266 γὰρ
3640 3198 3768 3267 γρά-

494 3296 589 3348 xu!
623 3293 786 3363 μόνου
823 3290 941 3357 τοῦ,
974 3292 1091 3354 πῶς
1110 3291 1176 3346 ἂν
1211 3292 1634 3360 ἁνασφήλωμεν,
1668 3289 1762 3343 xu!
1784 3288 1946 3360 ἡμῶν
1978 3289 2073 3341 αὐ-

498 3390 606 3444 τῶν
652 3388 940 3459 γενώμεθα
968 3404 984 3420 ο
1038 3387 1068 3440 δ
1123 3390 1219 3443 xu!
1249 3386 1460 3454 γίνεται
1509 3385 1598 3440 διὰ
1630 3383 1739 3438 τῶν
1763 3383 1873 3436 σῶν
1902 3381 2075 3451 ἁγίων

498 3482 695 3553 εὐχῶν.
737 3482 836 3534 Διά
883 3478 1057 3534 ταῦτα
1103 3476 1468 3551 ἐμεμνήμεθα
1504 3475 1604 3546 μὶν
1637 3475 1790 3528 ἐσαεὶ
1837 3474 1937 3543 τῆς
1976 3474 2075 3541 σῆς

499 3575 808 3643 ἁγιότητος,
841 3574 938 3627 xu!
964 3572 1065 3641 τὴν
1088 3571 1197 3626 τῶν
1223 3572 1331 3624 σῶν
1357 3570 1529 3637 ἁγίων
1556 3567 1732 3638 εὐχῶν
1758 3564 2077 3637 ἐπικουρίαν

499 3663 893 3736 άνεζητοῦμεν,
926 3664 1001 3729 ὼς
1031 3666 1127 3719 xu!
1158 3663 1188 3717 ὁ
1211 3661 1376 3726 καλὸς
1405 3657 1517 3715 οἶδε
1549 3659 1910 3731 Δομέστικοςο
1940 3657 2079 3725 γράο

501 3777 624 3829 φειν
653 3759 711 3811 δὲ
740 3758 840 3811 οὐκ
866 3758 1111 3827 εἴχομεν,
1145 3756 1229 3810 ὅτι
1284 3754 1418 3825 μηδὲ
1470 3752 1571 3825 ζῇν
1622 3751 1902 3823 καθαρῶς.
1945 3751 2082 3804 Συν-

500 3852 707 3919 έγνως,
782 3845 921 3915 οἶδα,
987 3850 1150 3919 ἡμῖν,
1215 3846 1341 3914 ἅγιε
1405 3845 1675 3909 δέσποτα*
1751 3842 2078 3913 ῑλσρύνθης⁶

503 3943 707 3998 ἀπέθου
736 3944 834 4011 τὴν
861 3940 982 3994 καθ’
1015 3941 1171 4011 ἡμῶν
1201 3937 1665 4009 σκυθρωπότητα·
1692 3937 1789 3990 xu!
1828 3935 1956 4001 δόξα
2002 3934 2081 4005 τῷ

500 4034 641 4102 Θεῷ.
673 4032 847 4104 Εὐχου
891 4033 1071 4086 τοίνυν
1120 4032 1191 4085 τά
1244 4028 1383 4100 ὑπὲρ
1427 4027 1609 4099 ήμῶν,
1649 4030 1746 4083 xu!
1788 4027 2082 4099 γενήσεται

502 4129 637 4198 ήμῖν
686 4122 746 4181 εὖ
798 4124 888 4179 διά
932 4125 1031 4193 τῆς
1062 4124 1159 4195 σῆς
1194 4123 1489 4178 θεοκλύτου
1526 4121 1716 4193 εὐχῆς,
1748 4120 1901 4192 λιτῆς
1930 4136 2081 4189 γενο-

507 4221 677 4291 μένης
706 4220 792 4273 διά
824 4220 1132 4289 παρουσίας
1156 4217 1256 4288 τῆς
1282 4217 1525 4289 μεγάλης
1559 4214 1871 4286 ἁγιωσύνης
1894 4210 2083 4277 αὐτοῦ,

500 4314 591 4367 οἴα
623 4314 879 4368 οὐδέποτε
907 4312 1152 4382 γέγονεν.
1211 4313 1268 4365 Ὀ
1296 4311 1502 4381 κόσμος
1529 4328 1588 4363 τε
1618 4311 1730 4379 γάρ
1759 4307 1858 4373 (ὡς
1886 4306 2084 4376 εἰπεῖν)

501 4405 624 4467 ὅλος
649 4404 849 4474 παρῆν,
883 4404 957 4465 ὼς
980 4404 1076 4457 xu!
1114 4400 1294 4456 πάντα
1324 4399 1784 4471 στενοχωρεῖσθαι
1811 4395 1888 4466 τῷ
1920 4396 2083 4467 ὄχλῳ,

503 4495 601 4551 καί
631 4512 781 4558 τινας
813 4495 910 4546 xu!
944 4492 1189 4545 ἐκλιπεῖν
1230 4490 1310 4561 τῷ
1337 4489 1517 4562 πολλῷ
1550 4488 1643 4543 τοῦ
1671 4486 1939 4559 σφιγμοῧ.
1976 4487 2084 4541 Καὶ

2176 3297 2306 3369 ψας,
2341 3298 2437 3352 xu!
2484 3295 2701 3367 γράψας
2734 3294 2966 3364 ἔλαμψε.
3013 3291 3301 3361 Νενίκηκά
3335 3307 3393 3344 σε
3436 3289 3629 3344 κάλλει
3675 3289 3768 3358 μὲν

2177 3393 2396 3462 γραφῆς
2429 3388 2489 3442 οὐ
2526 3388 2632 3460 (μὴ
2667 3386 2811 3441 οὕτω
2857 3386 3106 3457 μανείην,
3148 3384 3281 3438 ὥσθ’
3321 3382 3469 3438 οὕτω
3502 3382 3763 3453 φρονεῖν),

2178 3486 2337 3553 τάχει
2365 3483 2445 3536 δέ.
2475 3479 2738 3551 Κατῆρξα
2771 3480 2902 3547 γάρ.
2940 3478 3186 3532 Κατόπιν
3236 3472 3402 3548 ἦλθον
3450 3476 3546 3530 τοῦ
3596 3476 3768 3547 γράμ-

2184 3586 2354 3640 ματος
2380 3568 2615 3622 έκείνου·
2649 3568 2838 3636 φθάνω
2873 3569 2932 3621 τὸ
2984 3565 3097 3621 σόν.
3148 3566 3293 3636 Ὅρα
3340 3564 3499 3633 γοῦν,
3556 3567 3633 3636 μή
3689 3582 3767 3618 σοι

2179 3661 2368 3733 δεήσοι
2403 3657 2757 3729 περιπλοκῶν
2782 3658 2860 3728 τῷ
2888 3658 3203 3726 γράμματι,
3242 3656 3290 3709 εί
3323 3654 3397 3727 μὴ
3430 3656 3577 3709 κατά
3609 3658 3767 3719 πόδας

2180 3757 2517 3827 επιστείλης,
2545 3757 2640 3810 xu!
2672 3754 2774 3810 κᾶν
2816 3753 2946 3822 γοῦν
2978 3753 3239 3824 δευτέρας
3264 3753 3425 3824 ἔλθῃς
3449 3771 3464 3786 ’
3500 3753 3583 3817 ῶς
3616 3755 3765 3824 ήμεῖς

2182 3865 2246 3918 γε
2276 3848 2371 3901 xu!
2396 3848 2741 3916 πλατυτέραν
2771 3846 3031 3916 δευτέραν
3059 3845 3179 3915 μετ’
3207 3845 3266 3897 οὐ
3294 3845 3429 3899 πολῦ
3462 3845 3561 3898 xz!
3583 3847 3763 3916 τρίτην

2186 3955 2267 3992 σοι
2295 3938 2590 4009 πελοῦμεν
2618 3940 2838 4009 γραφήν
2864 3951 2878 3967 ·
2914 3936 2989 4000 ὡς
3022 3935 3276 3990 ἐντεῦθεν
3320 3936 3579 4007 δεύτερόν
3628 3955 3685 3991 σε
3730 3939 3761 4010 ἢ

2182 4032 2366 4102 τρίτον
2399 4031 2733 4095 διεκπεσεῖν,
2762 4031 2789 4084 δ
2817 4031 2879 4085 σὺ
2914 4029 2990 4101 μὴ
3016 4031 3249 4103 ἀνάσχῃ.
3292 4029 3355 4084 Et
3392 4029 3452 4082 δὲ
3486 4030 3587 4102 μῆ,
3624 4031 3760 4101 τόπῳ

2184 4122 2574 4195 περιγραπτην
2602 4122 2712 4193 ἐρῶ
2745 4122 2843 4195 τὴν
2868 4121 3074 4192 φιλίανο
3110 4123 3207 4177 xu!
3244 4119 3508 4178 τοσοῦτον
3551 4121 3763 4195 om;

2188 4216 2565 4288 πεπαύσομαι.

2915 4308 3042 4365 KA'.

2258 4404 2532 4460 Κάλλιστε
2582 4402 2678 4457 xu!
2714 4403 3063 4458 πανσέϐαστέ
3112 4422 3216 4476 μου
3263 4406 3521 4476 αὐθέντη.
3571 4406 3761 4478 Ἥμᾶς,

2187 4497 2263 4560 ὡς
2292 4496 2491 4562 ἔοικεν,
2520 4496 2622 4550 οὐκ
2651 4494 2799 4550 ἔστιν
2830 4494 3112 4550 ἐπιλιπεῖν
3144 4513 3275 4551 ποτε
3308 4498 3377 4551 τά
3416 4498 3678 4568 δυσχερῆ·
3702 4499 3764 4551 τά

500 4589 719 4658 δάκρυα
746 4586 889 4641 κατά
920 4585 1163 4653 ποταμὸν
1190 4583 1466 4654 ἐχύθησαν
1488 4598 1503 4614 ⁹
1527 4582 1623 4636 καὶ
1648 4580 1872 4651 νηστεία
1894 4579 2088 4633 δπετά·
2120 4597 2164 4651 D
2195 4590 2296 4661 μὲν
2322 4589 2506 4651 αὐτοῖς
2535 4589 2668 4658 ἡμῖν
2715 4586 3101 4658 ἐπιγινόμενα,
3126 4588 3195 4641 τά
3240 4588 3297 4640 δὲ
3350 4589 3447 4641 xu!
3497 4593 3613 4653 τοῖς
3644 4591 3762 4644 ἀνα·

505 4680 611 4750 χθη
643 4696 703 4731 τε
730 4680 824 4731 καὶ
851 4675 1230 4746 κατεπράχθη,
1262 4675 1359 4729 xu!
1389 4675 1570 4729 πάντα
1599 4671 1835 4745 προέὸη,
1857 4672 1958 4725 ὅσα
1987 4672 2083 4724 xu!

505 4774 597 4825 ἐπὶ
629 4767 940 4833 Νινευῖταις
971 4770 1256 4841 ἱστόρηται
1276 4783 1291 4799 ·
1315 4769 1513 4823 ταυτὸν
1537 4767 1595 4821 δὲ
1622 4766 1820 4833 είπεῖν,
1851 4759 1932 4831 οἷς
1968 4764 2081 4830 ἐξι-

503 4863 723 4917 λεοῦται
747 4863 901 4926 Θεὸς.

1225 4950 1356 5004 KB‘.

587 5046 685 5112 Ὠς
705 5045 776 5111 ἐξ
796 5045 966 5114 ἡμῶν
986 5046 1093 5100 τὸν
1111 5045 1303 5100 δεῖνα·
1335 5045 1467 5101 εῖπὲ
1486 5043 1568 5111 τῷ
1588 5045 1758 5101 δεῖνα
1784 5056 2087 5113 προσαγο-

498 5138 771 5208 ρευθήτω
818 5141 851 5193 ὁ
892 5138 1083 5194 δεῖνα.
1127 5138 1283 5193 Οὕτω
1322 5139 1629 5210 γράφουσιν
1673 5139 1723 5191 οῖ
1776 5137 2083 5207 γράφοντες

505 5232 692 5300 λόγον’
717 5229 860 5285 οὕτω
883 5232 1317 5301 μνημονεύουσιν
1339 5231 1389 5283 οί
1417 5231 1695 5298 φιλοῦντες
1718 5228 1890 5298 φίλον’
1910 5227 2087 5293 οὕτως

506 5322 565 5374 ἐν
596 5320 816 5392 γραφῆς
847 5323 1112 5392 παρέργῳ
1141 5320 1334 5373 τοῦτον
1364 5320 1606 5375 τιθέασιν
1652 5320 1685 5391 ἢ
1722 5321 1803 5383 είς
1835 5319 2082 5385 ἀντλίαν,

507 5413 541 5483 ή
572 5418 650 5477 είς
680 5413 908 5483 πρῶραν
940 5413 1081 5466 κατά
1106 5412 1193 5464 τὸν
1225 5413 1282 5464 ὲν
1313 5415 1378 5483 τῇ
1418 5413 1694 5484 τραγῳδίᾳ
1726 5412 2084 5484 Φιλοκτήτην.

507 5505 631 5573 Μνη
642 5506 791 5559 στέον
811 5507 881 5573 γά
890 5521 920 5573 ρ
935 5506 994 5557 ὲν
1012 5501 1188 5574 καιρῷ
1212 5502 1346 5572 πρὸς
1364 5503 1456 5556 τὸν
1473 5504 1542 5556 τά
1568 5504 1757 5574 φιλικά
1776 5504 2090 5574 χωλεύοντά

509 5612 592 5650 σε.
627 5597 690 5648 Εί
714 5597 770 5649 δὲ
804 5598 897 5649 καὶ
939 5597 967 5648 ὁ
998 5595 1537 5666 προσαγορευόμενος
1591 5596 1796 5667 Ἑρμοῦ
1834 5597 2087 5668 θεράπων

514 5689 720 5759 λογίου,
753 5688 916 5759 βαϐαὶ
942 5688 1041 5757 τῆς
1066 5686 1372 5759 ὕϐρεως.-
1398 5686 1556 5757 Φέρε,
1588 5687 1855 5758 διέλωμαί
1886 5706 1968 5743 σοι
1989 5693 2089 5760 τὴν

521 5781 918 5854 προσηγορίαν.
958 5779 1019 5835 '0
1064 5779 1606 5851 προσαγορευόμενος
1655 5778 1689 5848 ἦ
1742 5779 1802 5833 οὐ
1849 5781 1991 5834 πάνυ
2038 5798 2090 5834 τι

522 5877 781 5947 φιλεῖται,
810 5874 905 5929 xu!
932 5874 1094 5945 ἀρκεῖ
1131 5873 1278 5946 αὑτῷ
1303 5873 1365 5927 τὸ
1405 5870 1537 5942 γοῦν
1564 5871 1755 5942 μνείας
1786 5874 1998 5943 τυχεῖνο
2051 5874 2086 5945 ἢ

2185 4682 2455 4753 γράπτοις
2485 4682 2619 4751 ήμῖν
2650 4680 2730 4744 είς
2769 4679 2974 4749 ψυγήνο
3004 4680 3091 4749 ἐφ’
3125 4673 3205 4743 οἷς
3237 4678 3332 4734 καὶ
3360 4680 3549 4744 αὐτοῖς
3579 4682 3652 4745 ὡς
3683 4680 3766 4734 ἐπὶ

2185 4772 2476 4845 ἡμετέροις
2524 4774 2718 4834 κακοῖς
2751 4770 3124 4837 διετιθέμεθα,
3181 4773 3276 4826 xu!
3324 4772 3645 4844 λυπούμεθα
3694 4772 3765 4841 μά

2184 4865 2285 4935 τὴν
2305 4863 2551 4934 κεφαλήν
2582 4880 2700 4926 σου,
2724 4861 2792 4933 ἣν
2819 4862 2920 4916 οὐκ
2949 4861 3015 4916 ἂν
3039 4862 3245 4931 ὀμόσας
3270 4862 3590 4934 ψευσαίμην
3620 4864 3759 4918 ποτέ.

2187 4953 2406 5028 Μικροῦ
2457 4955 2566 5009 δεῖν
2601 4957 2629 5008 ό
2682 4954 2896 5025 χάρτης
2930 4954 3189 5025 ἀπερρύη
3253 4972 3355 5024 μου
3415 4957 3525 5009 τῶν
3572 4954 3760 5025 χειρῶν

2193 5048 2406 5102 ἑπιόντι
2441 5064 2534 5117 μοι
2571 5049 2666 5101 xu!
2694 5046 3083 5117 άναλεγομένῳ
3116 5047 3185 5099 τά
3223 5047 3281 5099 έν
3305 5046 3480 5117 αὐτῷ.
3510 5048 3619 5101 Καὶ
3646 5047 3759 5100 οὐαὶ

2187 5140 2264 5211 τῷ
2294 5139 2495 5210 φθόνῳ*
2535 5139 2597 5192 οὐ
2630 5142 2738 5208 γάρ
2768 5136 2836 5191 ἂν
2871 5137 3000 5191 άλλο
3037 5154 3092 5189 τι
3124 5136 3365 5193 τοιοῦτον
3411 5138 3753 5208 αίτιάσωμαι.

2182 5234 2266 5287 ’Ἦ
2295 5233 2352 5287 δὲ
2381 5231 2635 5286 αὐθεντία
2674 5248 2768 5283 σου
2796 5228 3189 5301 εὐχαριστείτω
3223 5230 3316 5282 ἐπὶ
3354 5231 3488 5283 πᾶσι
3516 5229 3594 5298 τῷ
3626 5228 3758 5297 θεῷ,

2190 5327 2284 5380 xu!
2318 5324 2480 5387 αὐτὸς
2512 5324 2730 5393 ποιήσει
2757 5352 2827 5361 -
2856 5320 2955 5390 ὀψὲ
2992 5319 3114 5391 μέν*
3142 5319 3258 5373 ἀλλ’
3286 5315 3382 5375 οὖν
3409 5322 3573 5391 ἡμεῖς
3606 5336 3762 5390 προσ-

2189 5416 2463 5487 κυνοῦμεν
2506 5414 2604 5486 τῆν
2649 5412 2940 5483 ἁντῖληψίν
2994 5428 3126 5474 σου,
3183 5412 3516 5479 ὑγιαίνοντες
3573 5414 3761 5485 μόνον,

2189 5512 2391 5581 ὁμοίως
2423 5510 2518 5563 xu!
2546 5507 2749 5571 πάντες
2783 5509 2831 5560 οῖ
2859 5505 2950 5559 τοῦ
2986 5506 3197 5558 κελλίου
3232 5522 3358 5576 μου.

2925 5590 3053 5649 KE'.

2268 5692 2511 5761 Μεγάλε,
2570 5689 2972 5759 έπιφανέστατέ
3027 5705 3133 5758 μου
3191 5687 3448 5742 αὐθέντα.
3496 5687 3762 5758 Γλίσχρυς

2197 5786 2306 5856 ἔχω
2335 5785 2404 5836 τά
2437 5785 2494 5848 ές
2525 5782 2844 5853 ἐπιστολήν,
2880 5781 2976 5835 καὶ
3011 5782 3153 5835 κατὰ
3187 5782 3308 5844 τοὺς
3358 5780 3619 5849 ἀτέχνους
3660 5778 3759 5832 τῶν

2159 5877 2506 5950 ’ζωγράφων
2551 5877 2875 5947 διάκειμαι*
2908 5876 2959 5930 οῖ
3003 5875 3103 5930 οὐκ
3151 5873 3217 5930 ἂν
3244 5872 3543 5946 γράφοιεν,
3594 5874 3640 5925 εί
3689 5870 3759 5939 μὴ
