3964 6552
306 414 445 478 ῙΞἯ

1067 407 1493 471 EUSTATHII
1530 406 2289 470 THESSALONICENSIS
2330 407 2741 471 EPISTOLIE.

3316 385 3323 393 ’
3419 408 3553 474 1291

302 528 626 597 στενοχωρεῖ
657 542 749 596 μοι
780 524 876 594 τὴν
901 523 1176 592 γλῶσσαν,
1197 520 1523 590 ἐκπηδῶντα
1547 522 1646 589 τῆς
1668 521 1872 591 ψυχῆς,
1910 538 1950 586 Α
1983 519 2057 574 T6
2094 521 2194 591 μὲν
2244 519 2353 592 γὰρ
2375 490 2660 589 ’ἡμέτερον
2712 518 2821 571 ίδοὺ
2862 517 3110 589 βέϐαιοψ
3154 520 3216 575 16
3245 520 3303 575 δέ
3335 521 3432 576 ἀπ’
3458 525 3554 577 a6-

301 623 396 673 καὶ
428 620 516 672 διὰ
576 617 684 671 τῶν
734 615 959 686 χειλέων
999 615 1099 668 ὅσα
1149 612 1254 666 καὶ
1279 613 1462 682 θυρῶν
1497 615 1752 680 προϊέναι
1781 611 1873 665 θέ-

297 712 479 765 λοντα.
528 708 688 763 Ἀλλά
721 724 788 775 με
819 707 981 777 τυχδν
1020 706 1334 775 μονόστιχον
1365 705 1393 756 6
1422 703 1624 756 καθένα
1663 702 1878 755 ἐπιστό-

298 804 413 854 λιον
449 800 805 868 ἀπαιτήσετε,
838 800 912 861 ὡς
961 798 1056 849 καὶ
1088 798 1265 849 ἐκεῖνο
1302 793 1511 865 ἀρκοῦν
1550 792 1875 861 ἀποπλῆσαι

301 896 396 962 τὴν
434 894 535 961 τῆς
576 890 907 963 προσλαλιᾶς
946 889 1171 958 ἔφεσιν;
1206 888 1303 942 καὶ
1351 886 1432 950 είς
1471 885 1670 940 ταυτὸν
1710 885 1875 954 ἥκετε

307 986 481 1040 πάλιν.
526 985 761 1053 Ἀνάγκη
791 983 899 1053 γάρ
936 999 1004 1050 με
1030 981 1141 1034 τῶν
1182 980 1359 1035 ἄλλων
1392 980 1668 1048 ἀφέμενον
1712 977 1875 1047 μόνου

297 1078 391 1131 τοῦ
443 1078 572 1146 ὑμῖν
618 1077 711 1130 καὶ
744 1074 888 1128 οὕτω
914 1073 1148 1144 γράφειν
1175 1070 1442 1139 γίνεσθαι,
1479 1070 1565 1123 ὅτι
1603 1068 1699 1123 καὶ
1730 1069 1877 1137 ὑμᾶς

301 1174 383 1233 είς
440 1171 601 1239 χορὸν
648 1171 683 1239 ἡ
739 1166 895 1236 φιλία
956 1164 1345 1235 πολυχῶρητον
1391 1161 1746 1217 ἀπεκύλισεν.
1804 1160 1876 1212 Ἢ

301 1263 391 1315 ἐπ’
436 1261 611 1315 ἄλλων
662 1261 763 1330 μὲν
811 1258 1081 1328 σωμάτων
1134 1255 1329 1325 μικρὸν
1383 1254 1476 1307 ἐπὶ
1523 1251 1744 1321 σμικρῷ
1792 1268 1878 1313 τις

300 1352 453 1423 θαμά
477 1352 904 1422 κατατιθέμενος
942 1349 1076 1421 ταχὺ
1108 1348 1253 1418 μέγα
1292 1348 1517 1418 ἐποίησε
1548 1347 1608 1398 16
1646 1344 1876 1398 ἐπισύν-

303 1445 455 1513 θημα
479 1460 493 1474 ·
532 1442 765 1497 ἐνταῦθα
798 1443 854 1496 δέ
893 1443 961 1496 τά
990 1442 1087 1511 τῆς
1137 1443 1407 1511 ἐπιθήκης
1449 1440 1623 1503 άλλως
1657 1438 1871 1510 έχουσι.

302 1540 411 1592 Καὶ
454 1538 561 1608 μὴν
593 1540 688 1591 καὶ
713 1539 761 1590 οί
809 1537 1077 1607 στιχηροὶ,
1109 1529 1183 1589 ὧν
1214 1535 1539 1604 γράμματα,
1574 1534 1686 1587 εἴτε
1714 1531 1880 1602 ὄρχα-

302 1645 406 1689 τοι,
439 1632 549 1683 εῖτ(
598 1629 760 1697 ὄγμοι
798 1629 944 1694 (καθῗ
975 1628 1120 1695 ὑμᾶς
1169 1628 1391 1694 εἰπεῖν),
1427 1627 1554 1688 106;
1599 1625 1699 1694 τῆς
1730 1625 1878 1678 Καλ-

302 1719 493 1789 λιόπης
535 1750 555 1763 -
585 1748 609 1759 ς
647 1720 844 1772 πυκνοὶ
893 1718 1364 1785 ἐπισυντιθέμενοι
1421 1744 1474 1755 αι·
1530 1718 1763 1787 μικροὺς
1797 1717 1877 1787 βί-

303 1814 445 1865 ϐλων
493 1812 766 1881 λειμῶνας
820 1810 1161 1881 ἡπλώσαντο.
1212 1806 1283 1861 Ὦ
1343 1808 1658 1879 Καλλίμαχε
1713 1808 1873 1861 πολέ-

305 1920 505 1973 μαρχε,
537 1904 610 1967 ὡς
669 1903 818 1956 οὐδὲν
859 1903 969 1972 ἄρα
1025 1896 1093 1971 ἧς
1143 1904 1293 1969 παρά
1327 1899 1591 1963 τοιούτοις
1642 1903 1878 1971 κριταῖς,

303 1996 474 2050 πολλὰ
509 1998 607 2065 μὲν
638 1997 771 2065 βέλη
800 1996 936 2065 πρὸς
970 1994 1080 2048 τῶν
1124 1994 1417 2065 βαρϐάρων
1449 1994 1761 2064 δεξάμενος,
1800 1995 1875 2061 ὡς

303 2092 352 2143 εί
378 2092 473 2143 καὶ
509 2091 643 2159 πρὸς
666 2089 988 2158 δουροδόκην
1009 2090 1131 2142 τινὰ
1158 2089 1190 2160 ἢ
1221 2089 1498 2156 φαρέτραν
1543 2086 1876 2153 ἐστέλλοντο,

307 2182 380 2251 μὴ
409 2180 648 2234 τοσαῦτα
675 2181 731 2233 δέ
761 2180 923 2241 αὐτὸς
953 2179 1183 2240 ἐκείνοις
1203 2177 1562 2244 ἀντεπαφείς.
1593 2178 1879 2247 Ἀχιλλεὺς

300 2274 361 2326 δέ
388 2274 566 2337 ὁποῖός
604 2289 688 2335 τις
721 2272 785 2325 ἂν
815 2274 930 2333 τοῖς
958 2270 1225 2332 τοιούτοις
1262 2269 1613 2339 κριθήσεται,
1647 2269 1879 2335 νιφάδας

306 2365 478 2435 βελῶν
538 2363 1054 2433 καταπεμπομένων
1123 2360 1359 2431 βλέπων,
1415 2361 1577 2422 αὐτὸς
1634 2361 1692 2413 66
1748 2359 1880 2429 μίαν

304 2458 501 2529 μελίαν
547 2458 903 2527 ἀντιπέμπων
933 2456 1138 2517 αὑτοῖς.
1174 2452 1309 2510 Εἶτα
1344 2456 1408 2509 σὺ
1460 2458 1582 2525 μὲν,
1632 2457 1660 2508 6
1710 2455 1876 2520 δεῖνα,

306 2552 401 2603 καὶ
434 2550 619 2621 ἕτερός
660 2568 767 2613 τις,
801 2549 898 2603 καὶ
936 2550 1121 2619 τρίτος
1167 2548 1350 2614 ἄλλος,
1389 2551 1485 2604 καὶ
1525 2550 1704 2604 λοιποί
1735 2568 1883 2614 τινες

298 2644 331 2695 6
359 2642 561 2695 καθένα
607 2642 780 2711 βραχύ
825 2657 876 2693 τι
910 2640 1223 2712 γράψαντες
1272 2642 1658 2698 ἀναπαύσεσθε
1686 2660 1701 2677 ο
1735 2645 1883 2713 ἡμᾶς

298 2735 357 2787 δὲ
385 2732 646 2797 ἀξιώσετε
684 2732 771 2787 διὰ
822 2732 937 2802 βίου
971 2734 1272 2798 κυπτάζειν
1306 2736 1437 2805 περὶ
1491 2735 1735 2805 γραφάς.
1772 2736 1882 2790 Καὶ

304 2828 462 2894 ὑμεῖς
504 2826 603 2895 μὲν
637 2826 1001 2880 λακωνίσετεο
1034 2830 1197 2897 ἡμεῖς
1228 2828 1281 2880 δὲ
1313 2828 1506 2897 λόγους
1551 2829 1886 2883 κατατενοῦ-

305 2936 405 2990 μεν
437 2918 700 2990 μακρούς.
727 2919 792 2971 Τί
823 2919 878 2972 66
913 2919 991 2991 μὴ
1027 2921 1119 2972 καὶ
1150 2920 1307 2990 ὑμεῖς
1339 2921 1415 2984 ὡς
1462 2920 1571 2974 ἀπὸ
1600 2924 1885 2995 συνθὴμα·
1915 2940 1920 2946 ·

300 3030 392 3073 τος
449 3010 523 3071 τά
567 3012 808 3081 γραφεῖα
856 3012 1231 3083 χειρισάμενοι
1289 3013 1515 3081 πάντες,
1544 3015 1641 3069 καὶ
1677 3015 1884 3085 τόμους

302 3106 604 3161 ἐπιστολῶν
632 3105 1085 3175 καταρτίσαντες,
1109 3101 1230 3160 εἷτα
1260 3107 1341 3170 είς
1371 3109 1573 3180 φόρτον
1602 3112 1880 3162 σκευασά-

1980 611 2075 667 τοῦ
2111 613 2256 682 τάχα
2284 613 2313 665 6
2337 611 2511 666 ἐλθὼν
2542 612 2623 675 είς
2658 612 2809 681 ἡμᾶς
2849 611 3150 678 ἐπλάσατο,
3178 612 3554 683 οἰκειούμενος

1980 700 2159 773 ἐαυτῷ
2242 702 2483 771 μεγάλου
2563 703 2853 772 ἀνθρώπου
2909 704 3341 774 γνωριμότητος.
3385 705 3443 758 '0
3497 705 3555 758 66

1976 791 2168 863 ἕτερος
2196 794 2388 864 κύριος
2420 795 2747 865 Γρηγόριος,
2773 797 2866 848 καὶ
2896 795 3068 848 ταῦτα
3109 794 3341 849 Μουσῶν
3376 797 3559 850 Ἀττι-

1979 885 2090 938 κῶν
2118 884 2338 955 ἔκγονος
2362 885 2438 939 ὢν
2472 887 2565 941 καὶ
2593 886 2719 957 γῆς,
2749 886 2807 951 ἐξ
2835 882 2903 959 ἧς
2925 888 2974 940 οί
2995 885 3170 954 λόγοι,
3190 872 3404 950 οὑδενδς
3434 886 3557 939 οὑδέ

1978 976 2222 1031 τοιούτου
2261 979 2409 1049 ἡμᾶς
2432 976 2668 1053 ἠξίωσεν
2695 978 2819 1032 οὑδὲ
2854 980 2916 1032 ἐν
2960 979 3341 1048 προσχήματι.
3361 976 3558 1047 Ἦμεῖς

1978 1068 2035 1122 δέ
2069 1070 2431 1141 ἀσπαζόμεθα
2486 1072 3038 1142 προσαγορευτικῶςο
3095 1071 3298 1137 ὁμοίως
3337 1069 3432 1122 καλ.
3462 1071 3557 1123 τὸν

1978 1155 2151 1215 δεῖνα.
2177 1158 2522 1230 Προσείπατε
2550 1163 2645 1214 καὶ
2689 1162 2819 1222 τοὺς
2847 1162 3143 1225 ἐλάττονας
3168 1160 3554 1230 δομεστίκους,

1978 1247 2071 1299 16v
2101 1247 2249 1301 δεῖνα
2279 1250 2377 1303 καὶ
2409 1248 2577 1304 δεῖνα.
2604 1250 2717 1304 Καὶ
2754 1243 2913 1312 οὗτος
2962 1251 3063 1321 μὲν
3091 1250 3359 1309 πολλάκις
3390 1249 3561 1318 ἐγρα-

1977 1337 2079 1408 ψεν
2107 1340 2261 1409 ἡμῖν,
2310 1341 2405 1394 καὶ
2451 1342 2761 1413 μεμνῆσθαι
2794 1343 2952 1413 ἡμῶν
2998 1342 3201 1407 ἔδειξε⁹
3228 1344 3353 1407 ,καὶ
3404 1343 3559 1412 τύχοι

1984 1429 2206 1500 μνήμης
2238 1431 2387 1493 Θείας
2442 1433 2531 1486 ἐπ’
2585 1435 2796 1506 ἀγαθῷο
2831 1436 3052 1505 ἐλεήσαι
3103 1437 3267 1491 αὑτὸν
3312 1438 3342 1490 6
3377 1437 3513 1499 Θεός
3539 1451 3556 1466 ·

1979 1525 2075 1578 καὶ
2106 1528 2365 1597 γραφέτω
2410 1529 2574 1583 πάλιν
2625 1529 2768 1600 ἔχων
2820 1531 3025 1596 καλῶς,
3056 1531 3558 1603 πεπληροφορημέ-

1981 1637 2091 1686 νος,
2125 1620 2209 1672 δτι
2237 1621 2337 1673 οὑκ
2369 1623 2735 1693 ἐπιλήσμονες
2765 1625 2952 1693 φιλίας
2978 1626 3167 1694 ἡμεῖς,
3198 1624 3280 1689 ὡς
3304 1624 3560 1690 διαδείξει

1980 1712 2173 1783 καιρός
2196 1730 2211 1746 ·
2245 1715 2273 1767 6
2316 1714 2371 1767 66
2407 1715 2597 1783 ἔτερος
2625 1720 2722 1770 καὶ
2751 1718 3124 1789 ὀνειδισθὴτω,
3164 1714 3254 1773 οἷα
3286 1724 3561 1786 μηδέποτε

1985 1804 2248 1872 μνησθεὶς
2278 1806 2456 1875 ἡμῶν.
2490 1808 2551 1861 Et
2579 1809 2635 1861 66
2663 1810 2751 1864 διὰ
2779 1813 2940 1866 τοῦτο
2978 1815 3140 1882 ἡμεῖς
3180 1817 3390 1882 ἀνάξιοι
3424 1821 3561 1886 μνή-
3653 1845 3656 1848 ~

1989 1912 2117 1967 μης,
2149 1898 2233 1950 δτι
2269 1898 2345 1969 μή
2376 1899 2498 1953 κατ’
2525 1902 2733 1956 ἐκεῖνον
2785 1906 2876 1958 16v
2927 1907 3035 1977 πρδ
3090 1908 3249 1978 ἡμῶν
3288 1910 3562 1980 μακάριον

1984 1992 2247 2061 ἀρχιερέα
2283 1991 2546 2063 βρίθομεν
2572 1998 2693 2059 ταῖς
2725 2000 2937 2068 χερσῖν,
2973 1999 3088 2052 ἀλλ’
3127 2002 3558 2075 ἀναμνησθήτω,

1982 2085 2065 2139 ὅτι
2107 2084 2449 2150 παλαίτατος
2495 2088 2592 2157 ἀφ’
2623 2087 2684 2142 06
2720 2091 2914 2159 χρόνος
2945 2092 3039 2146 καὶ
3070 2094 3218 2163 ἡμᾶς
3264 2096 3323 2147 ἂν
3355 2099 3421 2166 τῇ
3454 2114 3564 2149 τοι-

1983 2176 2120 2249 αύτῃ
2154 2179 2503 2251 ἀνομοιότητι
2532 2182 2628 2236 καὶ
2658 2183 2935 2254 ἠσπάζετο
2965 2185 3057 2238 καὶ
3085 2186 3375 2256 ἐγνώριζε.
3411 2188 3477 2241 Τί
3499 2188 3564 2261 δὴ

1980 2269 2103 2337 νῦν,
2140 2273 2189 2325 εί
2225 2272 2300 2343 μὴ
2330 2274 2475 2345 λύπη
2512 2292 2593 2337 τις
2624 2275 3027 2347 ὑποσμύχεται,
3065 2278 3157 2331 τὸν
3181 2278 3329 2332 δεῖνα
3362 2281 3563 2353 μικροῦ

1985 2359 2051 2412 ἂν
2100 2360 2439 2433 ἐξελαθόμην
2471 2368 2868 2437 προσφωνῆσαι
2894 2386 2907 2436 ;
2941 2370 3096 2423 Διατί
3121 2387 3136 2437 ;
3162 2371 3290 2425 Ὅτι
3329 2372 3428 2425 καὶ
3462 2373 3559 2425 αὑ-

1984 2452 2077 2515 16;
2108 2453 2279 2522 ἡμᾶς.
2309 2455 2590 2527 Κατάρχω
2623 2459 2681 2512 δὲ
2714 2459 2867 2529 ὅμως
2890 2498 2907 2525 ,
2960 2460 3282 2529 αἰδούμενος
3315 2463 3432 2518 ἀντ’
3464 2464 3565 2516 a6-

1984 2545 2102 2597 106'
2131 2547 2456 2619 ἠγγάρευσα
2510 2549 2567 2603 δέ
2613 2549 2680 2604 ἂν
2708 2551 2871 2606 αὑτὸν
2902 2554 3098 2609 λαλιὰν
3123 2554 3181 2619 ἐξ
3205 2554 3360 2624 ὑμῶν
3385 2573 3564 2624 προσ-

1987 2639 2360 2709 αγορευτικὴν
2414 2640 2642 2711 κομίσαι
2668 2644 2765 2695 καὶ
2825 2642 2901 2714 τῷ
2959 2646 3147 2718 οἰκείῳ
3197 2645 3435 2718 ἀδελφῷ,
3487 2646 3566 2716 τῷ

1986 2727 2302 2799 λογιωτάτῳ
2352 2732 2447 2785 καὶ
2497 2735 2876 2806 ἐνεργεστάτῳ
2934 2738 3027 2791 καὶ
3075 2738 3349 2810 καλλίστῳ
3399 2742 3565 2812 φίλῳ.

2000 2821 2143 2874 Ἀλλ’
2175 2823 2202 2875 6
2243 2823 2347 2891 μὲν
2374 2819 2491 2876 οἴδα
2519 2826 2594 2889 ὼς
2622 2828 2844 2894 ὀκνήσει
2882 2830 3268 2900 ἀκκιζόμενοςο
3298 2835 3393 2888 καὶ
3431 2830 3569 2904 (οἷος

1987 2913 2171 2984 αὑτὸς)
2226 2917 2297 2968 τά
2357 2917 2530 2969 πολλὰ
2584 2920 2970 2989 παραιωρήσει
3031 2922 3174 2992 μὲν,
3229 2924 3329 2987 τάς
3377 2928 3569 2997 χεῖρας

1987 3006 2257 3060 ὑποσείων
2283 3009 2469 3079 ἡρέμα
2503 3011 2563 3062 ἐν
2614 3010 2692 3079 τῷ
2722 3012 2984 3081 βαδίζειν.
3021 3016 3353 3087 παρακλινεῖ
3382 3018 3440 3071 δέ
3472 3022 3570 3075 καὶ

1986 3096 2087 3168 τὴν
2119 3099 2362 3168 κεφαλὴν
2400 3100 2472 3163 ὡς
2503 3095 2592 3154 οἷα
2624 3106 3118 3176 τρυφερευόμενος,
3153 3110 3249 3162 καὶ
3286 3113 3570 3184 παραδρα-

305 3216 455 3268 μενοι
501 3197 904 3265 διαπέμπεσθε,
934 3198 1023 3251 ἵνα
1076 3198 1174 3252 κα)⁵
1218 3200 1384 3269 ἡμεῖς
1427 3201 1880 3264 ἀνταποδιδόντες
1910 3247 1954 3277 ι,
1994 3190 2172 3259 μεῖται
2201 3190 2298 3243 καὶ
2322 3190 2486 3245 αὐτὸν
2512 3193 2605 3245 τδν
2632 3195 2883 3261 ἀδελφόν·
2926 3199 3121 3268 Ὑμεῖς
3147 3202 3204 3255 δὲ
3230 3205 3566 3277 ἀναπληρώ-

301 3290 371 3344 τά
398 3292 490 3345 ῐσα
527 3292 608 3353 εἰς
642 3290 709 3343 τά
739 3291 902 3357 ὃμοια
929 3289 1377 3361 διασκευάζωμεν
1402 3292 1665 3359 ἐαυτούς;
1694 3295 1881 3348 Ἕοικε

301 3384 360 3437 66
388 3384 516 3453 ὑμῖν
568 3384 665 3453 μὲν
698 3383 913 3437 κεῖσθαι
966 3384 1149 3454 νόμος,
1185 3384 1421 3437 ἕκαστον
1479 3385 1538 3437 ἐν
1575 3386 1733 3457 μέρει
1791 3387 1886 3441 λα-

305 3476 439 3541 λεῖν,
480 3477 569 3530 ὅτε
636 3477 733 3529 καὶ
790 3476 1068 3547 βούλοιτο·
1115 3477 1263 3547 ἡμᾶς
1325 3477 1383 3531 δέ
1436 3478 1523 3531 ἀεὶ
1588 3480 1683 3532 καὶ
1746 3480 1884 3549 πρὸς

309 3569 520 3632 πάντας
573 3569 827 3638 γράφειν,
867 3575 960 3623 καὶ
1021 3570 1103 3633 είς
1155 3569 1344 3623 λαλιὰν
1401 3568 1620 3641 μακράν
1671 3572 1886 3642 γυμνά-

303 3661 537 3725 ζεσθαιο
599 3662 649 3714 εί
703 3661 760 3715 66
829 3661 905 3733 μὴ
977 3658 1123 3714 οὑτω
1189 3663 1493 3733 ποιοῦμεν,
1565 3665 1881 3735 μιμεῖσθαι.

317 3757 573 3809 ’Δκούετε
617 3755 924 3825 ὀνομάτων,
957 3750 1038 3819 οἷς
1076 3756 1275 3828 ῥᾳδίως
1310 3760 1603 3828 μετρητοῖς
1634 3760 1701 3812 ἐκ
1752 3759 1885 3813 πολ-

308 3849 467 3911 λάκις
512 3847 783 3902 τοσούτων
831 3848 938 3901 ἔδει
985 3849 1087 3910 τάς
1138 3849 1552 3919 ἀπαιτουμένας
1586 3853 1883 3918 ἐπιστολὰς

305 3940 727 4011 διαπέμπεσθαι.
761 3940 1272 4013 Προσαγορευθὴτω
1304 3943 1401 4012 ἀφ’
1438 3944 1599 4014 ἡμῶν
1630 3947 1659 3999 6
1688 3964 1884 4001 πανεν-

303 4033 595 4102 τιμότατος
614 4033 643 4084 6
672 4032 838 4099 δεῖνα,
874 4032 934 4085 δν
960 4034 1060 4086 οὑκ
1084 4029 1224 4099 οἴδα,
1256 4034 1358 4087 ποῦ
1397 4054 1529 4090 ποτε
1559 4040 1884 4107 ἐντρανίσας

303 4125 822 4195 ἀναλαμϐανόμενον
865 4124 1115 4195 ὅψομαι⁹
1150 4125 1229 4179 616
1277 4126 1398 4179 0666
1432 4130 1532 4198 τὴν
1563 4128 1754 4199 κλῆσιν
1787 4130 1883 4200 τῆς

303 4224 387 4286 είς
434 4219 601 4291 τιμὴν
652 4218 971 4281 ἀναϐάσεως
1020 4218 1308 4290 ἐξεθέμην,
1342 4220 1556 4290 ἀγνοῶν
1609 4221 1710 4292 τήν
1755 4224 1885 4275 ἀνύ-

305 4313 501 4383 ψωσιν.
572 4311 799 4381 Ὀμοίας
864 4312 1269 4381 προσαγορείας
1340 4312 1718 4378 καταξιώσατε
1791 4317 1886 4369 καὶ

308 4405 400 4459 16v
428 4404 716 4458 κάλλιστον
748 4406 806 4455 ἐν
851 4403 1028 4470 φίλοις
1065 4403 1157 4454 16v
1190 4403 1339 4456 δεῖνα
1363 4419 1377 4435 ο
1413 4404 1472 4467 ὃς
1516 4400 1636 4458 οῖδα
1669 4409 1769 4476 μέν
1809 4408 1884 4472 ὼς

303 4495 666 4566 δυσχεραίνει,
700 4495 773 4566 μὴ
804 4494 1226 4563 προσφωνηθεὶς
1272 4495 1639 4560 ἐπιστολικῶς
1664 4512 1679 4529 ο
1726 4499 1883 4571 στέρ-

1992 3297 2123 3334 σατε
2163 3282 2442 3334 κάνταῦθα
2480 3286 2539 3336 16
2574 3285 2739 3338 αὑτοῦ
2780 3289 2879 3355 μὲν
2931 3289 3206 3363 ἔλλειμμα
3235 3296 3329 3348 καὶ
3361 3298 3567 3367 ἡμέτε-

1992 3390 2085 3438 ρον
2116 3372 2349 3445 θέλημα.
2378 3376 2593 3441 Οἴδατε,
2640 3373 2751 3443 οἷος
2780 3381 2933 3449 φίλος
2973 3385 3108 3452 ἡμῖν
3148 3387 3175 3440 6
3205 3368 3375 3443 δεῖναλ
3403 3390 3485 3445 ὅτι
3512 3393 3569 3446 δέ

1988 3465 2086 3517 καὶ
2110 3467 2275 3535 γέμει
2304 3469 2413 3520 τῶν
2442 3472 2747 3524 πιττακίων
2775 3474 2938 3528 αὑτοῦ
2978 3476 3006 3527 6
3040 3478 3315 3551 ἡμέτερος
3345 3484 3568 3551 κόλπος,

1991 3558 2102 3611 ίδοὺ
2163 3560 2555 3633 άναδιδάχθητε
2611 3566 2708 3618 καὶ
2754 3566 2904 3624 αὑτό.
2965 3571 3076 3624 Καὶ
3128 3572 3277 3642 ὅμως
3339 3575 3570 3645 ἀρκέσει

1989 3652 2160 3721 αὐτῷ,
2194 3657 2704 3727 προσαγορευθῆναι
2745 3660 2837 3728 ὑφ’
2867 3663 3044 3733 ἡμῶν.
3079 3666 3252 3719 Αἶτιοι
3283 3668 3340 3722 δὲ
3383 3670 3567 3740 ὑμεῖς,

1988 3747 2049 3800 τδ
2078 3748 2178 3819 τῆς
2208 3749 2428 3819 γραφῆς
2460 3750 2667 3823 πλῆρες
2712 3754 2792 3815 είς
2828 3754 3057 3820 ἑαυτοὺς
3103 3759 3566 3829 καθελκύσαντες.

1988 3838 2053 3891 Τί
2084 3839 2138 3893 66
2184 3839 2212 3892 6
2245 3841 2412 3905 δεῖνα,
2441 3844 2468 3896 6
2500 3843 2572 3896 τά
2604 3844 2785 3905 πάντα
2814 3847 2978 3911 καλός
3004 3864 3021 3915 ;
3072 3848 3100 3901 6
3139 3852 3307 3917 καλὸς
3338 3859 3566 3924 παπᾶς;

1988 3934 2017 3986 6
2049 3934 2215 3997 καλὸς
2251 3936 2473 4006 ρήτωρς
2518 3939 2546 3990 6
2577 3936 2890 4007 πάνσοφος;
2942 3942 3132 3995 Πόσων
3172 3948 3400 4017 γραφῶν
3431 3950 3568 4020 ἡμε-

1989 4023 2166 4092 τέρων
2200 4024 2370 4089 ἄξιος,
2402 4027 2484 4078 ὅτι
2524 4027 2618 4078 καὶ
2668 4028 2834 4090 αὐτὸς
2885 4030 2984 4082 οὑκ
3041 4032 3269 4101 ἀνῆκεν,
3305 4037 3383 4098 εἰς
3416 4037 3567 4107 ἡμᾶς

1987 4114 2142 4168 τοῦτο
2187 4116 2397 4182 ποιῶν;
2451 4115 2592 4169 Ἀλλ’
2644 4120 2723 4180 είς
2776 4122 3056 4191 ἡμετέραν
3112 4126 3341 4197 πομπὴν
3392 4130 3571 4183 εἰπεῖν

1990 4211 2083 4262 καὶ
2112 4211 2277 4262 ταυτδ
2305 4211 2591 4280 θρίαμϐον,
2626 4214 2953 4283 ἀρκεσθήτω
2988 4222 3560 4292 προσαγορευόμενος·

1993 4303 2068 4373 μὴ
2098 4307 2191 4358 καὶ
2221 4306 2377 4367 ὄκνος
2409 4307 2463 4359 δὲ
2496 4308 2662 4360 αὑτοῦ
2702 4311 2983 4363 καθίκοιτο
3020 4314 3383 4380 ἐπιστέλλειν,
3417 4318 3564 4371 καθά

1990 4395 2084 4447 καὶ⁵
2135 4397 2420 4466 πρότερον.
2475 4398 2623 4459 Τέως
2678 4402 2777 4467 μὲν
2831 4402 2939 4467 γάρ
2998 4408 3561 4477 προσηγορεύσαμεν·

1991 4488 2180 4543 ἄλλοτε
2207 4488 2264 4549 66
2295 4488 2392 4541 καὶ
2439 4490 2614 4542 πλατὺ
2655 4493 2966 4561 γράψομεν.
2999 4496 3103 4549 Τὸν
3134 4497 3442 4568 ὑπέρκαλον
3480 4502 3569 4572 φί-

304 4607 423 4662 γειν
451 4590 509 4643 66
537 4588 695 4655 ἀξιῶ,
725 4588 866 4641 καθά
897 4589 991 4641 καὶ
1034 4590 1217 4659 ἡμεῖς.
1254 4588 1437 4655 Ἀπαξ
1477 4590 1588 4661 γάρ
1629 4591 1883 4663 ἐλάλησε,
1920 4586 1963 4640 Ι)
1992 4580 2083 4633 λον
2116 4580 2296 4651 ἡμῶν.
2326 4576 2370 4633 ὦ
2410 4582 2763 4652 Κυριωάννη,
2798 4585 2889 4637 τὸν
2923 4586 3190 4655 αὐθέντην
3223 4607 3341 4650 σουν
3390 4591 3571 4647 ἀσπι-

304 4681 403 4735 καὶ
447 4678 597 4745 ἅπαξ
636 4679 889 4748 ἡκουσεν.
934 4676 1121 4747 Ἡμεῖς
1165 4678 1222 4730 δὲ
1273 4680 1324 4730 οί
1377 4680 1634 4750 γέροντες
1666 4682 1729 4735 16
1760 4684 1883 4747 ἔθος

304 4771 403 4841 οὑχ
442 4771 816 4841 ὑπερέϐημεν,
874 4769 987 4823 ἀλλ’
1051 4769 1497 4839 ὑπερανέσημεν.
1568 4773 1883 4845 Πρόσρησις

306 4863 497 4935 φιλικὴ
542 4863 784 4930 γενέσθω
830 4863 1091 4934 καὶπρὸς
1145 4866 1235 4917 τὸν
1283 4865 1706 4921 θεοσεϐέστατον
1740 4868 1885 4922 ἔκδι-

306 4970 402 5008 κον
449 4956 541 5007 τὸν
595 4953 768 5018 δεῖνα,
808 4951 866 5015 ὃς
915 4940 1008 5007 καὶ
1052 4954 1339 5028 ἀξιωθὴτω
1384 4955 1545 5025 ἡμῶν
1591 4958 1888 5031 ὑπερεύχε-

310 5043 456 5098 σθαι.
519 5042 890 5113 Χαιρετισμόν
944 5043 1013 5095 δι’
1076 5044 1230 5113 ὑμῶν
1281 5045 1600 5100 ἀποστέλλω
1655 5052 1753 5105 καὶ
1807 5049 1887 5121 τῷ

306 5136 631 5208 ἡγιασμένῳ
692 5136 928 5205 δεσπότῃ
981 5152 1083 5204 μου
1135 5138 1213 5209 τῷ
1277 5140 1432 5206 δεῖνι,
1490 5146 1617 5212 περὶ
1669 5137 1731 5196 06
1794 5147 1889 5198 καὶ

308 5232 503 5301 μαθεῖν
550 5227 750 5297 ἀξιῶῆ
803 5226 862 5291 ἐξ
909 5228 1140 5291 ἐκείνου,
1179 5230 1210 5301 ἡ
1244 5231 1338 5298 ἀφ’
1388 5233 1567 5301 ἡμῶν,
1602 5232 1719 5296 πῶς
1756 5250 1889 5286 ποτε

306 5321 447 5392 ἔχων
512 5320 649 5374 ἐστί.
714 5318 838 5371 Τῶν
902 5318 1249 5386 λογιωτάτων
1320 5325 1733 5393 γραμματέων,
1790 5321 1887 5377 τοῦ

308 5413 616 5481 ἀγιωτάτου
656 5411 942 5478 δεσπότου,
989 5413 1097 5464 τῶν
1127 5414 1399 5483 φιλτάτων
1447 5432 1539 5484 μοι
1571 5416 1889 5487 Γρηγορίων

306 5508 335 5559 6
369 5506 468 5574 μὲν
516 5497 616 5567 εἷς,
640 5497 683 5570 ᾧ
718 5502 815 5556 καὶ
842 5502 1025 5554 πλεῖόν
1058 5505 1111 5557 τί
1148 5507 1318 5573 ἐσμεν
1375 5507 1751 5576 προσήκοντες
1800 5508 1893 5560 διά

307 5595 372 5648 τὸ
427 5595 694 5659 ἐντόπιον,
758 5594 959 5663 ἠξίωσε
1021 5595 1163 5663 τάχα
1228 5598 1378 5665 ἡμᾶς
1431 5597 1590 5662 λόγου
1652 5598 1889 5668 βραχέος

308 5687 783 5756 διαμηνυσάμενος
812 5688 1045 5757 γράφειν
1089 5688 1258 5757 αὑτῷ,
1296 5688 1391 5742 καὶ
1438 5691 1608 5742 ταῦτα
1641 5690 1889 5744 ὀκνοῦντι

310 5776 534 5845 ποιῆσαι
574 5778 632 5829 16
679 5777 892 5845 ὅμοιονο
927 5779 1088 5849 ἡμεῖς
1134 5778 1190 5830 δὲ
1238 5778 1642 5849 προσαγορείας
1681 5781 1889 5848 ταύτης

310 5867 376 5923 δι’
413 5866 570 5939 ὑμῶν
602 5868 963 5934 ἀπαξιοῦμεν
1013 5869 1194 5939 αὑτὸν,
1242 5869 1429 5939 μεῖζόν
1484 5886 1536 5923 τι
1576 5871 1883 5936 ποιοῦντες.

1994 4690 2083 4725 σαι
2116 4673 2208 4740 ἀφ’
2246 4673 2421 4744 ἡμῶν,
2471 4675 2568 4728 καὶ
2597 4675 2828 4741 ἀξίωσον
2886 4679 3200 4748 μεμνῆσθαι
3260 4683 3442 4754 ἡμῶν*
3473 4688 3570 4739 καὶ

1994 4766 2058 4818 σὺ
2106 4766 2164 4820 δέ
2229 4768 2319 4820 16v
2384 4770 2602 4836 οίκεῖον,
2635 4764 2679 4823 ὦ
2715 4771 2821 4843 κῦρ
2855 4773 3126 4840 Βασίλειε,
3178 4776 3271 4830 τὸν
3303 4777 3575 4848 δεσπότην

1994 4877 2120 4930 μου,
2172 4861 2263 4913 τὸν
2321 4861 2471 4915 δεῖνα
2532 4863 2827 4931 μαΐστορα.
2858 4865 2922 4918 Et
2969 4867 3069 4934 μὲν
3120 4868 3215 4919 καλ⁵
3244 4869 3570 4925 ὀνειδίσεται

1990 4950 2089 5021 τῆς
2135 4953 2214 5015 είς
2252 4954 2399 5023 ἡμᾶς
2432 4956 2763 5025 ἀμνηστίας,
2802 4959 2863 5009 οὐ
2894 4956 3174 5027 λυπήσετε
3223 4961 3405 5030 ἡμᾶς·
3445 4962 3574 5014 κάλ-

1991 5041 2108 5096 λιον
2159 5043 2216 5096 δὲ
2265 5045 2546 5112 ποιήσετε,
2588 5048 2982 5114 προσειπόντες
3036 5050 3105 5102 τά
3156 5052 3387 5122 συνήθη.
3424 5053 3574 5105 Θέλω

1990 5136 2048 5188 δὲ
2101 5137 2246 5206 ὑμᾶς
2304 5135 2540 5199 ἐξειπεῖν
2588 5139 2654 5208 τῇ
2690 5138 2855 5189 αὑτοῦ
2893 5139 3119 5211 ἀγάπῃ,
3171 5141 3254 5193 ὃτι
3305 5145 3571 5211 φορτικὸν

1992 5221 2149 5293 οἶμαι
2197 5224 2257 5277 16
2305 5225 2381 5295 μὴ
2431 5226 2648 5297 γραφῆς
2700 5227 2885 5293 ἀξιοῦν
2931 5230 3023 5282 τὸν
3082 5231 3573 5300 μεγαλοδοξότατον

1991 5315 2201 5369 Δούκαν
2230 5318 2408 5386 ἡμῶν,
2441 5319 2530 5370 τὸν
2563 5321 2715 5388 φίλον
2748 5322 2937 5375 αὐτοῦ.
2973 5323 3101 5374 Ἐὰν
3148 5324 3203 5375 δὲ
3236 5326 3396 5394 τυχὸν
3441 5328 3576 5401 εἰπῃ

1992 5408 2136 5462 οὕτω
2185 5412 2381 5475 ποιεῖν,
2436 5413 2558 5464 τότε
2616 5413 2681 5483 δὴ
2746 5413 2937 5485 βαρεῖς
2993 5416 3150 5483 ὑμεῖς
3211 5418 3575 5482 ἐπιπεσόντες

1991 5501 2141 5572 αὑτῷ
2202 5503 2547 5573 ἐμπλέξατε,
2606 5506 2700 5559 καὶ
2739 5504 3048 5560 πλατύνατε
3100 5508 3192 5561 τὸν
3242 5509 3574 5580 ὀνειδισμὸν,

1994 5592 2254 5662 φάμενοι,
2290 5593 2433 5646 διατί
2481 5595 2557 5665 μὴ
2609 5598 2704 5649 καὶ
2754 5599 2781 5649 ὁ
2830 5597 3236 5670 Θεσσαλονίκης
3267 5601 3427 5655 τοῦτο
3459 5604 3575 5671 ἐγί-

1993 5702 2223 5740 νωσκεν.
2268 5686 2565 5749 Ἐγίνωσκε
2622 5688 2681 5741 δὲ
2738 5689 2977 5751 ἂνμέἀν
3030 5693 3094 5744 σὺ
3140 5695 3243 5760 μὲν
3292 5693 3430 5764 πρὸς
3481 5696 3574 5746 τὸν

1994 5776 2146 5846 φίλον
2174 5777 2434 5849 ἔγραφες,
2464 5779 2626 5841 αὑτὸς
2661 5778 2719 5831 δὲ
2746 5780 2804 5842 ἐξ
2840 5782 3051 5836 ἐκείνου
3084 5784 3241 5838 τοῦτο
3272 5786 3569 5855 ἐμάνθανε.

1994 5869 2110 5926 Νῦν
2152 5864 2207 5925 66
2248 5870 2282 5942 ἢ
2314 5874 2372 5925 o6
2410 5874 2641 5943 γράφεις
2676 5870 2754 5943 τῷ
2784 5874 2945 5944 φίλῳ,
2992 5877 3089 5929 καὶ
3134 5878 3303 5933 κακὸν
3334 5879 3572 5947 πρᾶγμα
