3974 6574
400 387 538 450 1295

1840 371 2199 433 ΑΟΒΕΝΒΑ

3527 369 3666 436 1296

397 503 596 561 ποιεῖς·
626 497 660 567 ἡ
681 495 916 566 ⁴γράφων
961 491 1261 562 ἀμνηστεῖς
1289 489 1382 544 τοῦ
1413 487 1845 556 Θεσσαλονίκης·
1879 487 1976 538 καὶ
2006 495 2048 547 Α
2075 487 2262 550 τάτοις
2288 484 2580 550 δεσπόταις
2617 503 2744 555 μου,
2773 488 2851 557 τῷ
2881 487 3014 540 δεῖνι
3041 485 3138 540 καὶ
3166 486 3321 552 δεῖνι,
3355 486 3671 541 διαλείπειν

394 594 516 648 οὐδὲ
555 589 716 644 τοῦτο
741 585 930 641 καλόν.
979 583 1037 638 ’0
1087 583 1390 650 Περατικδς
1426 581 1601 653 μέγας
1637 579 1828 642 παπᾶς
1863 595 1975 648 μα-

396 685 561 747 θέτω,
615 683 765 751 ἡμᾶς
816 680 917 749 μὶν
971 675 1154 738 καλῶς
1201 675 1374 744 ἐχειν,
1424 673 1516 726 τὸν
1569 673 1626 725 δέ
1669 670 1785 724 υἱὸν
1813 669 1980 724 αὑτοῦ

395 773 844 846 περιαρρωστεῖν
872 785 888 800 ·
945 769 1040 822 καὶ
1072 767 1324 838 εὐχέσθω
1381 766 1524 836 ὑπέρ
1571 781 1632 817 τε
1683 761 1844 833 ἡμῶν
1884 759 1980 814 καὶ

394 867 629 922 ἐκείνου.
671 865 734 917 Et
767 864 825 917 δὲ
869 861 1038 915 θέλων
1068 860 1251 914 ἐλθεῖν
1301 858 1380 921 είς
1425 857 1576 926 ἡμᾶς
1634 855 1884 908 πτοεῖται
1915 851 1978 904 τὸ

393 959 495 1027 τῆς
524 955 804 1025 θαλάσσης
829 953 1035 1020 δχημα,
1072 951 1236 1020 ἡμεῖς
1275 949 1411 1003 ἄλλο
1444 965 1498 1002 τι
1522 947 1584 1001 τό
1607 964 1671 1017 γε
1695 945 1791 998 νῦν
1813 944 1976 1010 ποιῆ-

397 1065 490 1101 σαι
528 1048 630 1100 οὑκ
659 1045 881 1116 ἔχομεν.
915 1043 1021 1106 ἐως
1054 1041 1120 1095 ἂν
1156 1039 1488 1111 τεκτὴνηταί
1521 1056 1606 1102 τις
1637 1039 1773 1110 ἡμῖν
1803 1037 1978 1090 ῑππον

393 1141 660 1210 δούρειον,
690 1139 725 1210 ῆ
757 1139 853 1191 καὶ
878 1137 958 1199 εἰς
984 1136 1260 1205 τέτρωρον
1290 1133 1602 1203 ἐλεφάντων
1654 1131 1980 1201 εὐπορήσω-

397 1250 524 1302 μεν.
566 1233 628 1286 '0
663 1229 758 1285 τοῦ
801 1229 952 1283 δεῖνα
1005 1227 1189 1298 πατὴρ
1244 1225 1356 1281 είθε
1383 1226 1648 1295 ὑγιαίνω.
1683 1224 1798 1278 Καὶ¹
1835 1224 1975 1278 ἀνα-

393 1326 717 1398 διδαχθήτω,
748 1322 921 1386 οὑτως
956 1320 1104 1392 ἔχειν
1134 1320 1229 1373 καὶ
1251 1319 1423 1390 ἡμᾶς,
1449 1316 1590 1371 Θεοῦ
1619 1315 1972 1387 βοηθοῦντος.

395 1421 534 1482 Τοὺς
591 1416 933 1488 σοφωτάτους
1013 1415 1468 1484 θεοφιλεστάτους
1526 1429 1629 1482 μου
1707 1409 1975 1476 ἀδελφοὺς

395 1511 711 1584 προσκυνῶ,
741 1509 837 1563 τὸν
877 1510 1025 1564 δεῖνα
1060 1509 1152 1562 καὶ
1180 1507 1331 1561 δεῖνα
1376 1505 1578 1575 (ποίοις
1622 1503 1680 1557 δὲ
1711 1503 1820 1556 τῶν
1851 1503 1974 1556 δνο-

396 1603 584 1674 μάτων
632 1600 922 1672 ἀγορεύσω
953 1600 1176 1666 αὑτοὺς,
1209 1597 1393 1668 ἀγνοῶ
1414 1614 1428 1629 ·
1467 1595 1880 1667 άναδιδαχθείην
1913 1595 1970 1649 δὲ

393 1694 463 1748 τά
493 1693 819 1764 κάλλιστα)·
855 1692 1122 1755 ὡσαύτως
1169 1691 1266 1746 καὶ
1314 1691 1408 1743 τὸν
1455 1691 1620 1744 καλόν
1673 1689 1778 1758 μού
1837 1706 1968 1742 ποτε

2086 577 2211 648 άρτι
2243 577 2343 646 τὴν
2372 578 2428 630 ἐν
2459 579 2526 649 τῇ
2557 577 2940 646 Μεγαλοπόλει
2993 579 3301 650 διατριϐὴν,
3334 579 3670 649 στοχαζόμε-

2083 686 2172 731 νος
2207 669 2302 737 άφ⁹
2328 662 2404 724 ὦν
2434 668 2602 733 εἰκός·
2635 672 2684 723 εί
2713 670 2770 724 δέ
2797 669 2911 740 εχει
2945 670 3170 734 τούτους
3205 672 3238 738 ἡ
3291 670 3530 741 μεγίστη
3559 672 3673 724 τῶν

2072 761 2316 827 πόλεων,
2371 761 2666 831 προσκυνῶ
2722 762 2820 814 καὶ
2891 761 3170 833 δηλοποιῶ
3213 761 3285 816 δι’
3322 762 3500 832 ὑμῶν,
3532 763 3674 831 ὅπερ

2090 855 2250 910 αὐτοὶ
2281 855 2367 908 διὰ
2395 857 2495 926 τῆν
2521 857 2662 908 κατὰ
2701 856 2832 909 Θεδν
2872 856 3095 925 ἀγάπην
3129 854 3270 926 ὑπὲρ
3295 855 3453 926 ἡμῶν
3481 855 3676 925 εὔχον-

2080 965 2172 1002 ται
2192 988 2208 1014 ,
2239 949 2336 1017 τῆν
2379 949 2440 1000 ἐν
2487 946 2781 1010 τοσαύταις
2817 949 3111 1018 μερίμναις
3133 947 3230 1001 καὶ
3257 946 3451 1009 κόποις
3477 947 3672 1001 θεόθεν

2081 1042 2268 1110 ὑγείαν
2317 1044 2412 1095 καὶ
2443 1043 2746 1112 ὑπομονήν.
2783 1040 2931 1096 Ἀλλ’
2957 1044 3116 1112 ἡμεῖς
3151 1043 3526 1114 πλεονάζομεν
3557 1041 3672 1094 ἰδοὺ

2079 1133 2490 1206 κάνταῦθαστὴν
2515 1133 2725 1203 φιλίαν,
2753 1135 2848 1187 καὶ
2894 1133 3306 1203 προσλαλοῦμεν
3329 1134 3424 1188 τδν
3451 1131 3670 1201 ἄφιλον.

2079 1225 2230 1279 Είσὶν
2282 1227 2414 1296 ἡμῖν
2465 1227 2560 1279 καὶ
2596 1227 2781 1296 ἐτεροι
2833 1223 3232 1294 Ἀσκληπιάδαι
3275 1225 3446 1292 φίλοι.
3499 1225 3667 1279 Ἀλλά

2076 1317 2287 1372 τούτων
2323 1319 2352 1370 6
2385 1317 2484 1387 μιν
2508 1317 2731 1380 δικαίως
2760 1317 3235 1388 προσαγορεύεται
3257 1319 3392 1388 παρ’
3423 1317 3606 1388 ήμιῖιν,
3647 1321 3677 1370 6

2072 1409 2240 1464 δεῖνα·
2275 1410 2537 1473 πολλάκις
2564 1410 2667 1479 μὲν
2683 1410 2792 1480 γάρ
2826 1410 3087 1481 ἔγραψεν.
3124 1410 3184 1465 '0
3216 1410 3276 1464 δέ
3320 1410 3468 1464 δεῖνα
3497 1413 3555 1474 ἐς
3582 1413 3675 1463 κδ-

2085 1518 2282 1572 ρακας,
2309 1502 2341 1555 6
2364 1502 2554 1565 κακός·
2585 1501 2707 1555 οὑδὲ
2741 1502 2872 1570 γάρ,
2902 1503 2982 1556 ὅτι
3031 1501 3098 1573 ζῇ
3117 1540 3134 1565 ,
3160 1501 3465 1573 ἀνέμνησεν
3499 1504 3672 1573 ἡμᾶς,

2073 1593 2225 1662 Τάχα
2263 1593 2340 1660 δέ,
2369 1593 2417 1647 εί
2454 1593 2638 1664 παρῆν
2663 1597 2691 1649 6
2725 1593 2865 1658 θεῖος
2898 1592 3087 1660 αὑτοῦ,
3122 1591 3339 1662 ὢθησεν
3386 1596 3455 1648 ἂν
3485 1593 3674 1648 αὑτόν.

2072 1678 2181 1736 Ἢν
2224 1685 2279 1737 δὲ
2331 1685 2426 1740 καὶ
2461 1686 2582 1739 τότε
2636 1686 2806 1757 χωρὶς
2846 1687 3063 1756 ἐκείνῳ.
3121 1687 3221 1739 ’ον
3250 1687 3441 1754 ἀφῆκα
3493 1685 3675 1754 θεοφιο

394 1785 796 1856 άρχιδιάκονον.
833 1785 947 1839 Οὑκ
1011 1785 1077 1837 ἂν
1126 1784 1184 1838 δέ
1243 1784 1477 1837 ἐνταῦθα
1531 1783 1800 1854 λαθοίμην
1845 1782 1968 1836 οὐδὲ
2009 1843 2045 1856 λ
2080 1778 2339 1832 λέστατον
2382 1779 2729 1844 διδάσκαλον,
2763 1778 2856 1831 τὸν
2889 1779 3171 1849 Ῥαδηνδν,
3199 1775 3677 1852 οἷμαικαταμέμο

339 1913 345 1920 .
393 1877 487 1930 τοῦ
520 1876 976 1947 θαυμασιωτάτου
1003 1875 1440 1946 δευτερεύοντος,
1474 1874 1614 1929 ἀλλὰ
1654 1874 1970 1946 προσκύνη-

395 1986 479 2020 σιν
511 1968 606 2022 καὶ
644 1967 792 2038 αὑτῷ
817 1968 883 2020 δι’
910 1967 1069 2038 ὑμῶν
1101 1967 1513 2038 διαπέμπομαι.
1550 1967 1776 2036 Φιλικῆς
1809 1983 1974 2038 προσ-

396 2060 611 2128 ρήσεως
661 2060 1014 2130 ἀναμνήσατε
1067 2059 1164 2112 καὶ
1218 2060 1311 2112 τὸν
1481 2060 1687 2131 ἀρρηη
1723 2059 1972 2130 βινδηνδν

393 2152 531 2222 (εἴθε
586 2152 681 2204 καὶ
720 2151 796 2222 μὴ
839 2150 994 2204 λύσοι
1048 2150 1149 2222 τὴν
1205 2151 1489 2219 γλῶσσαν,
1532 2155 1623 2205 καὶ
1669 2152 1793 2206 οῦτε
1824 2155 1972 2224 ἡμᾶς

390 2243 594 2313 ἀφήσει
625 2243 721 2296 τοῦ
757 2243 1126 2309 κατακλύσαι,
1166 2244 1263 2297 καὶ
1313 2245 1475 2314 ἡμεῖς
1525 2244 1969 2315 αἰσθησόμεθα)⁶

389 2333 594 2404 ὁμοίως
642 2334 862 2387 καὶτὸν
909 2334 1141 2403 ἀδελφὺν
1190 2335 1287 2390 καί
1339 2352 1472 2390 ποτε
1528 2335 1832 2407 σύντροφόν
1867 2354 1971 2406 μου

391 2428 482 2480 τὸν
510 2427 698 2492 δεῖνα,
740 2427 834 2480 τὸν
871 2429 965 2481 καὶ
1001 2427 1167 2482 αὑτὸν
1215 2429 1280 2481 ἐκ
1331 2429 1430 2494 τῆς
1483 2429 1778 2500 ἑϐδομάδος
1826 2447 1930 2500 μου
1955 2445 1969 2459 ⁸

392 2517 473 2570 ἐτι
511 2517 618 2587 γὰρ
646 2517 957 2586 οίκειοῦμαι
992 2519 1162 2589 αὑτὴν
1188 2559 1204 2584 ,
1252 2519 1348 2573 καὶ
1400 2519 1522 2573 οὐδὲ
1576 2520 1862 2591 παύσομαι
1891 2522 1973 2574 οί-

391 2607 713 2676 κειούμενος
739 2645 755 2671 ,
787 2607 882 2659 καὶ
923 2604 1011 2659 ἐπ’
1041 2607 1182 2677 αὑτῇ
1221 2606 1608 2677 καυχώμενος.
1640 2607 1974 2680 Προσφωνή-

393 2715 521 2752 σατε
546 2697 744 2768 δικαίῳ
774 2696 933 2768 ἡμῶν
963 2698 1062 2751 καὶ
1099 2699 1230 2761 τοὺς
1259 2698 1355 2752 τοῦ
1383 2699 1692 2769 μακαρίτου
1717 2700 1970 2770 Λήμνου·

393 2791 489 2845 καὶ
531 2791 662 2852 τοὺς
693 2791 898 2854 καλούς
952 2790 1058 2859 μού
1115 2806 1250 2845 ποτε
1289 2792 1653 2864 συντρόφους,
1696 2794 1828 2856 τοὺς
1872 2793 1975 2864 τῆς

395 2881 737 2951 εὐεργέτιδός
769 2899 872 2951 μου
907 2881 1070 2950 άγίας
1106 2882 1398 2953 Εὐφημίας
1429 2883 1754 2953 κληρικούςο
1787 2884 1838 2938 οῖ
1881 2888 1977 2940 καὶ

394 2972 817 3041 γινωσκέτωσαν
841 3010 857 3036 ,
905 2972 988 3025 ὅτι
1017 3011 1033 3035 ,
1072 2971 1262 3043 ὥσπερ
1326 2976 1428 3028 οὑκ
1481 2975 1721 3044 ἐμαυτοῦ
1747 3018 1764 3043 ,
1801 2976 1978 3044 οὕτως

393 3063 517 3118 οὑδέ
565 3063 751 3117 αὑτῶν
806 3063 1260 3134 ἐπιλανθάνομαι.
1315 3066 1376 3118 Et
1434 3065 1490 3120 δέ
1551 3069 1628 3138 μῆ
1687 3068 1782 3120 καὶ
1840 3070 1976 3139 πρὸς

2076 1871 2269 1938 φεσθαι
2303 1872 2481 1941 ἡμῶν,
2512 1874 2572 1925 τὸ
2609 1873 2686 1942 μὴ
2723 1872 2926 1942 γράψαι
2959 1873 3134 1944 αὑτῷ.
3181 1873 3329 1929 Ἀλλ’
3362 1875 3532 1936 αὑτὸς
3561 1876 3668 1946 μὲν

2075 1962 2481 2034 ἀναμνησθεὶς,
2508 1964 2593 2018 ὅτι
2621 1964 2685 2018 οὑ
2715 1963 2961 2028 τοιοῦτος
2991 1965 3071 2028 είς
3113 1966 3285 2034 ἡμᾶς,
3319 1965 3522 2019 παύσει
3561 1966 3665 2035 τὴν

2076 2056 2308 2127 μέμψινο
2333 2059 2496 2127 ἡμεῖς
2515 2057 2571 2111 δὲ
2595 2057 2930 2122 καινίζοντες
2958 2057 3057 2129 τὴν
3081 2057 3328 2129 ἀγάπην,
3361 2058 3660 2126 ποιοῦμεν,

2073 2149 2210 2218 ὅπερ
2259 2149 2360 2202 οὐκ
2410 2150 2639 2214 ἐκεῖνος,
2693 2150 3206 2222 προσαγορεύοντες
3260 2151 3449 2205 αὑτόν.
3521 2150 3669 2202 Ἀλλ’

2072 2234 2186 2302 οἶός
2228 2256 2297 2308 με
2330 2238 2619 2307 διεξέφυγε
2673 2241 2826 2310 παρὰ
2873 2239 3048 2311 βραχὺ
3109 2239 3385 2310 ⁹ι³αδηνὺς,
3420 2243 3451 2295 6
3483 2239 3672 2295 πάλλε.

2077 2348 2204 2395 στος
2231 2332 2409 2402 φίλος,
2443 2333 2472 2385 6
2502 2333 2598 2385 καὶ
2635 2333 2846 2401 γλυκὺς
2891 2335 3090 2400 εἰπεῖν,
3125 2335 3221 2390 καὶ
3251 2334 3460 2406 πρᾶξαι
3490 2335 3668 2403 ταχὺς

2075 2425 2174 2476 καί⁵
2205 2425 2474 2495 ἐπιτυχής
2499 2441 2512 2454 °
2550 2425 2579 2478 6
2613 2425 2816 2497 θερμὸς
2883 2426 3267 2495 εὐεργετῆσαι,
3311 2430 3410 2483 καὶ
3442 2430 3526 2490 εἰς
3561 2428 3663 2480 άν-

2075 2514 2406 2587 τιληπτικὴν
2443 2516 2819 2588 χειραγωγὶαν
2844 2517 3132 2588 εῦδρομος.
3193 2518 3332 2573 Ἀλλ’
3361 2518 3444 2582 είς
3470 2519 3671 2573 τοῦτον

2076 2607 2228 2662 οὐδὲν
2257 2609 2365 2680 χρὴ
2391 2611 2715 2676 κοπωθῆναι
2731 2611 2901 2681 ἡμᾶς.
2950 2612 3092 2666 Ἀλλ’
3113 2614 3142 2666 6
3162 2612 3359 2684 κύριος
3383 2612 3667 2679 Στέφανος

2075 2701 2176 2772 τὴν
2231 2700 2633 2774 ἐξαδελφότητα
2688 2704 3064 2773 δυσωπηθεὶς,
3123 2703 3344 2774 ἀμυδρᾷ
3404 2703 3511 2771 μέν
3570 2706 3668 2759 καὶ

2078 2793 2372 2864 φειδομένῃ
2431 2797 2497 2864 τῇ
2552 2797 2730 2866 φωνῇ,
2795 2795 3234 2866 προσαγορεύσει
3290 2795 3340 2848 δ’
3390 2790 3508 2858 οὖν,
3572 2794 3670 2864 ἀφ’

2077 2888 2238 2958 ἡμῶν
2276 2887 2584 2954 ἀπαγαγὼν
2615 2888 2715 2956 τὴν
2745 2889 2904 2958 χεῖρα
2941 2887 3116 2958 βραχύ
3146 2905 3202 2940 τι
3235 2886 3332 2942 τοῦ
3366 2888 3668 2956 πόματος.

2091 2977 2154 3034 Ὀ
2189 2978 2553 3049 ’Δντιοχείτης
2581 2979 2662 3041 είς
2689 2979 3062 3049 μελαντηρίαν
3093 2979 3188 3032 ἐπὶ
3217 2978 3433 3042 τούτοις
3459 2978 3670 3048 βάπτεο

2079 3089 2192 3139 ται,
2220 3071 2390 3126 πολὺν
2421 3073 2864 3145 προϐεϐλημένος
2885 3073 2976 3129 τοῦ
3007 3075 3306 3147 προσώπου
3343 3077 3436 3130 τὸν
3457 3069 3665 3146 ὦχρον.

391 3157 626 3226 πρᾶγμα
681 3156 965 3225 ἐκφαίνειν
1014 3157 1174 3210 τοῦτο
1206 3157 1524 3228 δεδύνημαι,
1576 3161 1731 3214 οὐδὲν
1763 3161 1973 3233 θαῦμα·
2005 3187 2052 3246 α
2081 3164 2176 3218 καὶ
2205 3164 2332 3227 τοὺς
2361 3164 2679 3236 ὀφθαλμοὺς
2711 3167 2900 3236 άγριοῖ
2932 3171 3180 3237 συνάγων
3231 3170 3310 3232 είς
3341 3170 3541 3238 ὀργὴν,
3572 3171 3669 3222 καὶ

391 3247 545 3303 οῦπω
597 3249 705 3318 γάρ
746 3249 959 3319 καιρός.
1006 3249 1111 3302 Τὸν
1185 3251 1652 3319 πανεντιμότατον
1711 3253 1979 3324 δεσπότην

395 3358 500 3410 μου
535 3341 628 3394 τὸν
668 3342 960 3394 σακελλίου
993 3343 1087 3394 καὶ
1121 3342 1318 3413 παρὼν
1346 3343 1718 3416 ἐσεόαζόμην,
1750 3347 1848 3400 καὶ
1879 3348 1976 3401 νῦν

397 3433 502 3486 οὐκ
525 3433 702 3495 ἄλλως
725 3433 1033 3502 διάκειμαι.
1071 3433 1364 3501 Δηλώσατε
1397 3431 1491 3489 οὖν
1520 3435 1684 3488 τοῦτο
1709 3441 1776 3510 τῇ
1806 3438 1975 3492 αὑτοῦ

395 3526 676 3598 τιμιότητι
709 3526 1186 3596 προσκυνητικῶς.
1223 3527 1555 3581 Γινωσκέτω
1586 3528 1668 3592 δὲ,
1699 3530 1806 3596 ὅτι,
1839 3531 1970 3600 περὶ

393 3609 458 3669 οῦ
493 3615 984 3686 παρηγγέλθημεν,
1044 3615 1336 3685 ζητοῦντες
1389 3619 1491 3670 οὑκ
1553 3619 1975 3688 άναπίπτομεν·

390 3709 422 3762 δ
468 3710 526 3764 δέ
561 3710 814 3777 θέλομεν,
864 3711 964 3780 οὑχ
1017 3711 1357 3782 εὑρίσκομεν
1383 3726 1398 3742 ⁶
1433 3712 1568 3766 άλλά
1603 3712 1828 3776 ἐλπίδας
1879 3713 1979 3782 μὲν

392 3801 456 3855 οὑ
507 3801 779 3870 σταθεράς
831 3801 1030 3871 ἔχομεν
1089 3801 1458 3874 ἐξευρίσκειν,
1508 3803 1886 3872 ἐντελὲστερον
1915 3804 1974 3858 δέ

391 3891 548 3946 οὑτιω
609 3893 761 3946 οὐδὲν
815 3892 1036 3962 ἔχομεν.
1084 3891 1144 3944 '0
1195 3891 1529 3958 λογιώτατος
1579 3891 1901 3955 διδάσκαλος
1949 3893 1980 3946 ό

392 3987 546 4039 δεῖνα
602 3986 648 4037 εί
683 3982 778 4036 καὶ
815 3981 1341 4050 κατανωτισάμενος
1371 3983 1522 4053 ἡμᾶς
1573 3981 1742 4044 ἔοικε,
1794 3981 1978 4048 λέγειν

395 4075 563 4139 αἰδὼς
601 4076 661 4127 ἐν
691 4073 1014 4143 ὀφθαλμοῖς·
1038 4071 1159 4127 ἀλλ’
1181 4073 1340 4144 ὑμεῖς
1372 4074 1654 4145 ἡμετέραν
1677 4073 1826 4144 αὑτῷ
1857 4074 1978 4128 δια·-

395 4163 700 4236 κομίσασθε
733 4164 1055 4235 πρόσρησιν,
1111 4163 1230 4235 ἅμα
1269 4165 1366 4218 καὶ
1414 4163 1811 4230 ὑπολαλοῦντες
1840 4165 1978 4218 ὀνει-

394 4257 810 4328 διστικώτερον,
845 4257 928 4310 ὃτι
960 4256 1062 4310 οὑκ
1096 4255 1239 4310 εἶναι
1268 4256 1450 4327 πάντη
1493 4256 1692 4327 ψευδὲς
1744 4258 1889 4310 ἔοικε
1917 4257 1980 4309 τδ

394 4350 488 4404 τοῦ
546 4349 858 4404 Εὑσταθίου
919 4348 1239 4419 ὑπονόημα,
1297 4350 1382 4402 ότι
1415 4349 1485 4403 τὰ
1539 4349 1834 4402 τελευταῖα
1878 4349 1977 4402 τοῦ

395 4442 552 4512 φίλου
585 4442 871 4511 ἀποθύμια
896 4435 1042 4511 ἦσαν
1075 4438 1247 4510 αὐτῷ’
1274 4440 1335 4493 οὑ
1362 4440 1473 4511 γάρ
1505 4441 1573 4493 ἂν
1603 4441 1686 4506 είς
1719 4440 1978 4494 τοσοῦτον

2083 3257 2424 3324 παραδλέπει
2457 3260 2560 3329 τὴν
2591 3261 2908 3330 ἐπιστολὴν,
2945 3262 3050 3315 ποῦ
3085 3280 3218 3317 ποτε
3249 3263 3422 3333 αὑτῆς
3456 3267 3667 3318 κεῖται.

2082 3351 2190 3404 Καὶ
2225 3351 2336 3406 ίδοὺ
2385 3353 2481 3407 καὶ
2514 3353 2678 3417 αὑτὸς
2715 3357 2811 3406 καὶ
2856 3355 3026 3425 ἐχέτω
3055 3356 3259 3419 καλῶς,
3294 3357 3667 3428 βοηθούμενος

2081 3443 2146 3494 ἐκ
2174 3442 2338 3507 Θεοῦ,
2377 3445 2469 3496 καὶ
2497 3445 2799 3516 μεμνήσθω
2829 3446 3011 3516 ἡμῶν.
3061 3448 3190 3500 Ἐάν
3218 3447 3275 3500 δέ
3301 3451 3666 3519 προσκυνήσῃ

2080 3532 2176 3602 ἀφ’
2208 3534 2366 3603 ἡμῶν
2396 3533 2488 3587 τὸν
2521 3535 2941 3604 παναγιώτατόν
2978 3546 3079 3603 μου
3108 3537 3401 3607 δεσπότην,
3433 3537 3530 3590 τὸν
3555 3557 3663 3590 παι

2080 3625 2359 3695 τριάρχην
2398 3625 2760 3694 θεουπόλεως,
2791 3627 2890 3679 καὶ
2929 3626 3287 3698 ἐξαιτήσηται
3310 3628 3446 3699 ἡμῖν
3471 3629 3666 3698 εὐχὴν,

2081 3716 2516 3788 εὐχαριστοῦμεν
2562 3718 2732 3788 αὑτῷ,
2787 3717 2862 3781 ὡς
2915 3717 3038 3772 ἀντὶ
3078 3718 3429 3789 βραχυτάτης
3457 3720 3667 3790 ταύτης

2081 3809 2376 3878 ἐπιστολῆς
2416 3809 2710 3881 ἐπιστολὴν
2735 3810 3006 3866 ἀντιδόντι
3057 3812 3358 3883 ἁγιασμοὺ.
3389 3814 3664 3884 Πραγμὰ-

2079 3901 2268 3954 τευσαί
2318 3919 2406 3970 μοι
2452 3903 2550 3955 καὶ
2597 3903 2685 3966 σὺ,
2735 3897 2780 3956 ὦ
2813 3903 2969 3975 κύριε
3029 3905 3272 3976 Ἰωάννη,
3303 3907 3475 3976 εὑχὴν
3503 3907 3664 3973 ἁγίου

2081 3991 2300 4061 ἀνδρὸς,
2358 3991 2453 4045 τοῦ
2517 3993 2957 4064 Τετραγωνίτου,
2989 3993 3078 4050 διά
3133 3996 3304 4065 μέσον
3351 3996 3450 4050 τοῦ
3484 3998 3665 4068 φίλου,

2079 4083 2177 4138 τοῦ
2233 4083 2480 4157 μαθητοῦ
2530 4086 2748 4141 ἐκείνου
2774 4105 2789 4121 ·
2826 4089 2886 4141 δν
2919 4089 3014 4142 καὶ
3044 4091 3315 4160 πρόσειπε
3347 4092 3443 4161 ἀφ’
3478 4096 3665 4162 ἡμῶν.

2083 4177 2240 4231 Οὑτω
2268 4178 2327 4233 δέ
2356 4183 2452 4232 καὶ
2490 4179 2582 4233 τδν
2611 4181 2909 4250 γενόμενόν
2930 4200 3062 4236 ποτε
3083 4183 3374 4247 Ξανθείαςο
3407 4186 3665 4255 εὑρήσεις

2080 4269 2192 4341 γάρ
2218 4286 2322 4324 που
2350 4272 2447 4324 καὶ
2474 4271 2660 4336 αὑτὸν,
2690 4275 2784 4328 καὶ
2811 4273 3174 4343 άναδιδάξεις,
3203 4277 3286 4331 ὅτι
3319 4278 3666 4348 ὑγιαίνομεν,

2083 4364 2428 4433 μεμνημένοι
2473 4365 2662 4432 αὑτοῦ,
2699 4366 2838 4438 ὅπερ
2885 4368 2971 4420 διά
3004 4370 3224 4439 γραφῆς
3249 4371 3527 4440 ἡμετέρας
3561 4391 3666 4440 μα-

2082 4454 2194 4508 θεῖν
2227 4455 2481 4524 ἡξίωσεν.
2535 4457 2598 4510 Εἰ
2646 4458 2703 4512 δέ
2752 4459 2846 4512 καὶ
2889 4459 2981 4512 τὸν
3033 4461 3186 4513 δεῖνα
3244 4461 3496 4532 ίσχύσεις
3558 4482 3664 4516 που

394 4535 642 4604 ἐσίγησεν
675 4534 776 4587 καὶ
827 4533 921 4586 τδν
970 4534 1119 4624 πξνυ
1154 4532 1441 4604 γνώριμον
1464 4531 1636 4624 γοῦτω
1661 4533 1800 4624 ταχὺ
1841 4535 1975 4586 ἀπέ·
2001 4548 2052 4608 ι)
2081 4547 2232 4614 ίδεῖν,
2266 4548 2342 4617 μὴ
2374 4549 2616 4622 ὀκνήσῃς
2647 4555 2992 4620 προσειπεῖν,
3021 4551 3104 4605 ὃτι
3137 4552 3270 4624 μηδέ
3289 4531 3451 4618 αὑτὸς
3481 4554 3666 4623 ὤκνη-

397 4625 592 4694 μαθεν.
636 4624 789 4678 Ἔδει
827 4640 895 4692 με
949 4621 1046 4675 τοῦ
1104 4638 1241 4675 ποτε
1287 4624 1346 4674 ἐν
1397 4623 1512 4685 τοῖς
1566 4623 1808 4693 πρώτοις
1866 4624 1975 4676 τῶν

395 4715 588 4784 φίλων,
647 4715 743 4768 τοῦ
798 4715 1136 4782 λογιωτάτου
1198 4715 1368 4777 δεῖνος
1399 4754 1413 4778 ,
1455 4714 1591 4784 μηδέ
1653 4716 1970 4787 μνησθῆναι

394 4808 456 4860 τὸ
497 4807 744 4872 σύνολον,
784 4807 1019 4875 πρᾶγμα
1075 4806 1341 4868 παθόντος
1394 4805 1426 4875 ἢ
1489 4808 1586 4860 καὶ
1639 4809 1976 4877 ποιήσαντος

396 4902 527 4968 ⁴ἡμῖν
577 4899 1032 4969 άκαραδόκητον,
1088 4900 1189 4969 τὴν
1249 4899 1330 4962 είς
1380 4896 1641 4956 τοσοῦτον
1674 4901 1846 4973 λήθην
1881 4901 1977 4956 καὶ

396 4991 666 5062 τοσαύτην
697 4993 856 5063 σιγὴν
886 4992 982 5044 καὶ
1015 4993 1352 5046 ἁνάπτωσιν.
1387 4993 1453 5046 Τί
1490 4995 1599 5065 γὰρ
1629 4998 1724 5048 καὶ
1758 4995 1976 5067 προϐα-

395 5083 593 5151 λείται,
623 5082 673 5135 εί
721 5082 798 5153 μὴ
835 5084 996 5152 τυχὸν
1020 5085 1120 5153 τῆς
1151 5083 1590 5153 Μεγαλοπόλεως
1616 5086 1850 5155 γέγονεν
1885 5085 1977 5138 ἔκ-

396 5176 570 5246 δημος
597 5191 612 5241 ;
645 5175 816 5228 Τοῦτο
847 5175 954 5245 γὰρ
983 5175 1082 5228 καὶ
1127 5179 1288 5243 μόνον
1321 5177 1474 5247 αὑτῷ
1507 5178 1646 5247 πρὸς
1675 5178 1976 5246 ἀπολογίαν

400 5269 588 5322 ἱκανὸν
636 5270 968 5322 ἐκκείσεται.
1011 5267 1155 5322 Ἀλλ’
1197 5267 1309 5336 ἐγὼ
1342 5271 1663 5339 μέμνημαι,
1709 5273 1808 5323 καὶ
1856 5271 1978 5324 οὑδέ

397 5360 682 5430 παύσομαι
711 5359 854 5413 οὕτω
887 5358 1082 5413 ποιῶνο
1124 5360 1222 5412 καὶ
1247 5360 1491 5427 γενέσθω
1517 5359 1678 5414 τοῦτο
1716 5361 1875 5431 δῆλον
1909 5364 1976 5432 τῇ

396 5456 591 5522 ἀγάπῃ
618 5450 810 5506 αὑτοῦ.
843 5448 1103 5505 Ἀκούετὲ
1132 5466 1234 5504 που
1260 5451 1391 5520 περί
1432 5467 1542 5504 που
1577 5451 1646 5504 τὰ
1676 5451 1771 5503 τοῦ
1807 5451 1976 5522 φόρου

396 5545 647 5612 νοτάριον
696 5543 788 5596 τὸν
840 5543 1017 5610 δεῖνα,
1071 5541 1349 5612 γνώριμον
1409 5544 1540 5613 ἡμῖν
1603 5545 1666 5596 ἐκ
1717 5541 1973 5599 παλαιοῦ.

398 5629 565 5698 Οὗτος
622 5635 723 5686 οὑκ
788 5633 1008 5706 ὤκνησε
1095 5634 1164 5686 δι’
1227 5633 1520 5703 ἐπιστολῆς
1581 5635 1976 5704 προσφωνῆσαι

395 5730 569 5796 ἡμᾶς.
615 5728 988 5799 Ἀμειὸόμεθα
1040 5727 1135 5782 οὑν
1180 5729 1276 5781 καὶ
1307 5729 1466 5798 ἡμεῖς
1499 5727 1661 5780 αὑτὸν
1696 5729 1807 5790 τοῖς
1842 5729 1978 5791 ἴσοις

395 5823 481 5874 διὰ
515 5821 608 5892 τῆς
643 5823 910 5892 ὑμετέρας
956 5821 1196 5891 ἀγάπης.
1233 5821 1459 5893 Νομίζω
1485 5862 1499 5889 ,
1542 5823 1656 5887 τοῖς
1695 5838 1971 5893 πανιερω-

2081 4651 2173 4691 σεν
2235 4637 2530 4706 ἐγγράφως
2579 4637 2893 4708 μεμνῆσθαι
2935 4639 3116 4710 ἡμῶν.
3183 4644 3450 4712 Ὀκνεῖτε,
3482 4640 3666 4715 οἶμαι,

2077 4728 2176 4789 τὰς
2220 4727 2522 4797 άγγαρείας
2556 4729 2760 4792 ταύτας
2787 4768 2803 4792 ,
2829 4724 2875 4784 ὦ
2913 4732 3348 4797 σπουδαιότατοι,
3383 4738 3483 4790 καὶ
3525 4739 3665 4791 ἀνα-

2079 4821 2332 4872 πίπτετε⁹
2367 4825 2460 4873 καὶ
2488 4821 2664 4874 ταῦτα
2717 4822 2844 4877 οῦτε
2877 4824 3116 4890 σταδίοις
3154 4825 3280 4882 οὔτε
3314 4829 3522 4900 μιλίοις
3551 4833 3667 4901 δρι-

2079 4911 2339 4977 ζομένας,
2368 4912 2507 4967 ἀλλὰ
2541 4915 2639 4977 τὰς
2670 4915 2893 4981 πλείους
2956 4918 3193 4983 ἐνοδίους
3251 4925 3658 4994 γενησομένας.

2091 5002 2215 5057 Ἐὰν
2262 5002 2318 5056 δέ
2354 5005 2515 5073 ὑμεῖς
2562 5003 2737 5073 οὑτω,
2779 5007 2864 5072 τίς
2898 5008 2966 5062 ἂν
2998 5011 3086 5081 εἴη
3134 5013 3163 5065 6
3211 5014 3348 5084 πρὸς
3375 5017 3666 5078 τοσούτους

2083 5095 2293 5165 μέλλων
2321 5098 2685 5186 ἐγχαράττειν
2717 5101 2937 5170 γραφάς
2968 5119 2984 5169 ;
3010 5103 3173 5162 Ἐμοὶ
3205 5105 3262 5158 δὲ
3289 5105 3446 5160 οὑπω
3491 5109 3664 5176 πέρας

2078 5187 2149 5240 τά
2180 5187 2372 5255 φιλικά
2426 5189 2668 5257 ὀνόματα
2699 5191 2877 5261 ἔσχεν,
2909 5193 3026 5246 ἀλλ’
3052 5195 3301 5264 ἐπιρρέει
3346 5197 3447 5268 οὑχ
3502 5193 3666 5268 ἦττον

2079 5281 2114 5349 ἦ
2143 5281 2221 5350 τῷ
2264 5278 2551 5350 Ὁμηρικῴ
2595 5283 2904 5354 Λαερτιάδη
2935 5284 3006 5337 τά
3062 5287 3164 5354 τῆς
3193 5291 3413 5352 νεκυίας
3445 5291 3664 5344 εἴδωλαο

2080 5371 2279 5426 εἴδωλα
2325 5372 2434 5442 γάρ
2486 5391 2605 5437 πως
2636 5375 2732 5428 καὶ
2784 5375 2949 5438 αὑτὸς
2979 5375 3082 5446 τῆς
3113 5377 3224 5430 τῶν
3273 5380 3447 5446 φίλων
3474 5381 3665 5447 οὑσίας

2079 5463 2233 5516 καλῶ
2281 5466 2351 5518 τὰ
2378 5465 2642 5533 ὀνόματα.
2675 5467 2889 5520 Οὐκοῦν
2950 5468 3072 5521 κατ’
3120 5472 3331 5524 ἐκεῖνον
3383 5473 3532 5526 ἕλκω
3570 5478 3667 5530 καὶ

2079 5554 2239 5618 αὐτὸς
2266 5555 2326 5608 τὸ
2353 5554 2503 5624 ξίφος
2522 5556 2583 5608 τὸ
2612 5560 2875 5626 τμητικὸν
2895 5559 2995 5628 τῆς
3016 5561 3330 5631 ἐπιστολῆς,
3348 5565 3444 5615 καὶ
3463 5565 3665 5617 ἀποσο-

2080 5643 2159 5695 ϐῶ
2204 5645 2271 5697 τὰ
2319 5646 2688 5716 ἐπερχόμενα,
2726 5646 2821 5700 καὶ
2863 5647 3024 5700 παύω
3055 5649 3196 5718 ὑμᾶς
3224 5649 3318 5702 τοῦ
3350 5651 3662 5720 ἀσχάλλειν.

2081 5737 2184 5790 Καὶ
2212 5735 2320 5805 ἐγὼ
2355 5737 2458 5807 μέν
2490 5736 2634 5791 οὑτω
2657 5738 2932 5805 ,δεδοικὼς
2968 5742 3066 5813 τὴν
3099 5743 3369 5812 ὑμετέραν
3411 5746 3664 5815 Κίρκην,

2081 5829 2200 5899 ἣτις
2249 5829 2446 5902 ῥᾳδίως
2489 5829 2632 5885 οῦτω
2677 5833 2802 5899 τοὺς
2831 5833 3154 5903 ἀνθρώπους
3183 5834 3510 5902 άποθηριοῖ,
3548 5838 3666 5892 ὅσοι
