3964 6552
306 434 440 497 1297

1084 432 1510 516 EUSTATHII
1550 456 2316 519 THESSALONICENSIS
2350 459 2768 524 EPISTOL/E.

3429 468 3556 536 1298

294 559 371 624 μὴ
410 558 888 627 προσφθέγγονται
920 563 1113 632 ἡμᾶς’
1153 566 1256 635 ήδη
1288 568 1347 621 δὲ
1389 569 1485 622 καὶ
1612 571 1782 636 δεῖνα,
1808 574 1867 627 ὃν
1897 590 1938 641 Α
1970 572 2133 640 ήμεῖς
2164 572 2215 625 οί
2246 572 2436 643 μικροὶ
2461 574 2679 644 ἔχομεν,
2715 574 2852 630 ἀλλά
2914 578 3009 633 καὶ
3059 580 3198 650 μετὰ
3241 581 3428 652 δώρων
3462 601 3557 652 με-

287 650 449 718 ὐμεῖς
483 651 605 705 κατ’
648 654 865 724 ἐκείνην
915 655 1011 725 τὴν
1068 657 1237 712 πάλαι
1272 660 1351 727 τῷ
1406 651 1724 732 καθ”ὐμᾶς
1766 684 1863 719 κυ-

283 742 451 794 κεῶνι
504 744 588 805 είς
638 747 821 815 χοῖρον
874 738 1336 815 μετεσκευάσατε.
1375 753 1571 808 Ἀλλον
1596 756 1705 826 γάρ
1740 774 1861 811 τινα

284 833 395 885 τῶν
428 833 730 906 ὑμετέρων,
772 836 847 907 μή
898 837 1111 906 γένοιτ)
1164 842 1314 913 ὑμῖν.
1358 845 1701 915 Ἀρκούντως
1751 849 1862 920 γὰρ

280 927 332 978 οἱ
365 926 543 979 λοιποὶ
589 928 649 980 τὸ
696 929 791 982 τοῦ
834 931 1037 1001 Ἑρμοῦ
1071 934 1224 1001 μῶλυ
1256 935 1485 1007 φέρουσι
1510 941 1727 1007 φωνὴν,
1765 944 1861 994 καὶ

284 1021 447 1082 αὐτὸς
482 1022 882 1104 ἀναλαμῇἀνει.
922 1028 1031 1083 Καὶ
1060 1030 1120 1081 οὐ
1168 1031 1307 1084 κατὰ
1355 1033 1446 1085 τὸν
1492 1033 1732 1104 Γρύλλον
1761 1036 1857 1090 τοῦ

284 1113 611 1181 Χαιρωνέως
643 1090 830 1184 σοξοοῦ,
869 1116 1002 1171 άλλά
1034 1122 1173 1174 κατά
1223 1122 1317 1174 τὸν
1359 1090 1548 1188 ὅντως⁸
1571 1126 1859 1199 ἄνθρωπον

283 1203 579 1272 φθέγξεται
602 1220 616 1236 °
647 1206 743 1261 xu}.
769 1207 860 1261 τὸν
891 1210 1138 1264 κυκεῶνα
1190 1213 1320 1282 ἡμῖν
1375 1217 1710 1287 περιτρίψει,
1764 1223 1859 1273 καὶ

281 1300 520 1368 ποιήσει,
567 1302 641 1370 μὴ
687 1302 912 1358 τοιαῦτα
961 1305 1127 1359 αὐτοῦ
1178 1309 1692 1379 καταφθέγγεσθαι.
1743 1316 1855 1368 Καὶ

290 1391 542 1461 (νομίζω)
575 1392 802 1463 εῦξησθε
832 1396 918 1460 ἂν,
958 1400 1117 1466 σιγᾷν
1146 1401 1310 1453 αὐτὸν
1335 1401 1422 1454 διὰ
1454 1402 1652 1476 βίου,ἢ
1685 1405 1858 1460 θέλειν

281 1478 542 1547 γράφειν.
609 1478 763 1536 Εἶδον
821 1484 930 1554 γὰρ
992 1485 1153 1540 αὐτὸν
1232 1490 1377 1543 κατά
1416 1490 1513 1560 τὴν
1568 1495 1859 1565 κωμῳδίαν

277 1572 540 1634 ὸξιλάλον
597 1573 784 1628 ὀδόντα
855 1577 1136 1647 θήγοντα,
1203 1585 1296 1634 καὶ
1359 1582 1537 1652 θυμοῦ
1591 1587 1848 1642 πνέοντα.

292 1662 352 1716 Ὀ
394 1663 527 1725 Θεὸς
580 1665 814 1733 φυλάξαι
873 1670 1018 1739 ὑμᾶς
1066 1671 1239 1740 ὑγιεῖς
1297 1675 1392 1727 καὶ
1429 1677 1632 1741 παντὸς
1683 1680 1857 1734 κακοῦ

277 1754 529 1814 ἀπαθεῖς.
583 1757 689 1810 Καὶ
741 1759 1130 1831 ἀντιγράψοιτε
1164 1764 1327 1833 ἡμῖν,·
1356 1763 1411 1817 εί
1443 1783 1498 1819 τι
1533 1766 1698 1821 καλόν
1720 1784 1733 1798 '
1760 1771 1857 1823 καὶ

281 1844 388 1915 πρὸ
418 1847 637 1901 πάντων
668 1851 749 1913 είς
788 1852 993 1916 πλάτος
1022 1852 1090 1907 τά
1131 1853 1226 1908 τοῦ
1266 1855 1533 1925 κραταιοῦ
1565 1861 1661 1913 καὶ
1694 1861 1853 1928 ἁγίου

1970 662 2176 733 μνήσῃ,
2196 664 2514 720 καὶτούτων
2546 668 2989 740 μεγαλοπρεπῶν
3020 675 3112 727 καὶ
3130 674 3297 740 ἀξίων
3319 675 3515 730 πολλοῦ
3537 692 3552 708 ο

1967 753 2061 806 καὶ
2087 754 2347 808 οὐδέποτε
2379 756 2591 830 παύσῃ,
2624 760 2734 813 τῶν
2773 761 3066 818 Εὐϐοιόθεν
3098 765 3318 835 ὡραίων
3348 769 3551 836 καρπί-

1968 861 2105 913 μων,
2150 848 2251 902 ὄσα
2298 850 2416 914 τοῖς
2464 852 2605 906 κατά
2650 854 2749 925 τὴν
2800 854 3076 921 Βύζαντος
3260 860 3545 930 τιμῶνται,

1962 939 2098 1006 ἡμῖν
2130 941 2272 995 κατά
2307 945 2587 1014 ποταμοὺς
2622 947 2926 1003 ἐπαντλῶν.
2963 950 3151 1016 Οὕτως
3182 953 3547 1024 εὐδαιμονοῦ-

1966 1044 2070 1097 μεν
2092 1031 2255 1100 ήμείς
2280 1033 2366 1087 διὰ
2392 1035 2453 1088 σέ
2470 1051 2487 1067 θ
2517 1034 2690 1101 οὕτως
2717 1039 3059 1112 ἀναπληροῖς
3084 1045 3220 1113 ἡμῖν
3240 1044 3302 1097 τὸ
3329 1046 3505 1100 ἐνδέον
3524 1062 3545 1081 ο

1961 1121 2139 1185 οὕτως
2180 1125 2262 1188 είς
2309 1125 2546 1181 Εὔϐοιαν
2597 1134 3032 1199 μετασκευάζεις
3080 1138 3175 1190 καί⁵
3226 1144 3545 1207 μεταποιεῖς

1959 1213 2165 1284 ταύτην
2191 1215 2290 1286 τὴν
2323 1217 2451 1270 καθ’
2471 1220 2623 1289 ήμᾶς
2649 1239 2663 1254 ·
2697 1223 2841 1277 οὔτω
2873 1225 2971 1289 τὰς
3002 1227 3289 1298 ἀποθήκας
3320 1232 3549 1302 ἀνευρύο

1960 1321 2125 1374 νομεν
2155 1305 2242 1358 διά
2276 1308 2374 1373 σὲ,
2409 1311 2504 1363 καὶ
2537 1312 2735 1383 ἔχομέν
2770 1332 2829 1367 σε
2864 1317 3126 1389 ἀντικρυς
3158 1320 3372 1392 ἐτήσιον
3404 1324 3542 1393 ἄφε-

1961 1414 2072 1461 νος,
2116 1399 2149 1468 ἢ
2194 1401 2484 1471 Δήμητρος
2528 1407 2859 1477 καινοτάτην
2902 1409 3100 1477 ἀκτήν.
3139 1406 3368 1485 Ού’,μήν
3404 1416 3543 1471 ἀλλά

1958 1490 2056 1542 καὶ
2101 1490 2460 1558 Κυκλώπειος
2500 1495 2707 1567 ὄμϐρος
2748 1498 2914 1571 ῶριος
2954 1503 3087 1572 ἡμῖν
3130 1506 3536 1578 ἐπιῤῥήγνυταί

1958 1598 2065 1644 σοι,
2094 1582 2355 1654 ἄσπαρτα
2381 1587 2474 1639 καὶ
2500 1588 2741 1659 ἀνήροτα
2770 1592 2929 1645 πάνθ’
2954 1596 3082 1664 ἡμῖν
3109 1597 3340 1651 αὐτόθεν
3367 1601 3540 1664 ἀνιεὶς

1956 1673 2025 1725 τὰ
2061 1674 2268 1742 ἀγαθά.
2305 1677 2370 1728 Τί
2415 1694 2506 1747 μοι
2546 1681 2575 1732 6
2614 1682 2954 1754 καθημέριος
2987 1690 3087 1757 τῆς
3130 1689 3405 1758 ποιήσεως
3450 1692 3539 1762 βό-

1955 1781 2091 1831 τρυς
2116 1782 2131 1827 ;
2170 1765 2229 1818 ὃν
2258 1765 2496 1838 ἀλλαχοῦ
2525 1788 2584 1823 τε
2615 1772 2718 1842 γῆς
2753 1773 3074 1842 βλαστάνειν
3103 1780 3132 1832 6
3158 1781 3337 1850 γέρων
3368 1783 3539 1852 μῦθος

1959 1859 2298 1925 σεμνολογεῖ,
2332 1862 2426 1912 καὶ
2460 1864 2549 1914 ναὶ
2585 1864 2649 1933 δὴ
2685 1867 2779 1919 καὶ
2816 1869 2945 1939 περὶ
2979 1871 3183 1942 ταύτην
3215 1869 3284 1945 ἦν
3316 1876 3403 1928 ὅτε
3437 1877 3537 1944 τὴν

276 1939 436 2008 ἡμῶν
471 1940 742 2010 βασιλέως
795 1943 1178 2014 ἀριστεύματα
1206 1961 1222 1979 ·
1269 1946 1305 2001 ἀ
1342 1950 1689 2020 περιᾲδονται
1726 1955 1846 2023 μὲν,
1882 1958 1925 2011 Β
1956 1950 2103 2039 κατάί
2122 1949 2203 2013 σὲ.
2231 1951 2325 2019 ἀφ’
2346 1946 2517 2024 οὗπερ
2542 1954 2815 2028 ὁσημέραι
2842 1962 3073 2026 σπονδὰς
3100 1939 3149 2017 (³ἐ
3178 1939 3432 2036 ἐγχώριοι
3455 1939 3536 2039 τλῖ)

272 2034 377 2085 οὐκ
428 2034 509 2097 είς
557 2034 958 2105 εὐδιάρθρωτον
1001 2039 1056 2092 δέ
1112 2040 1246 2109 ἡμῖν
1295 2041 1374 2095 ἔτι
1431 2046 1849 2115 περιηχοῦνται.

272 2123 522 2177 Φθονεῖτε
582 2126 690 2196 γὰρ
751 2127 886 2196 ήμῖν
937 2124 1137 2199 (οἶμαι)
1186 2131 1281 2185 τοῦ
1333 2134 1531 2200 καλοῦ,
1571 2136 1658 2191 ἵνα
1695 2138 1851 2208 μόνοι

274 2216 747 2271 καταπολαύοιτε·
795 2220 895 2273 οὐκ
932 2220 1156 2285 ειδότες,
1209 2223 1291 2278 ὅτι
1356 2227 1452 2280 καὶ
1503 2227 1658 2298 ὑμῶν
1691 2230 1852 2285 ἀκόν-

274 2325 385 2361 των
410 2309 549 2363 αὐτά
586 2311 1063 2382 περιηχησόμεθα,
1095 2316 1193 2369 καὶ
1230 2316 1363 2389 ὑμῖν
1394 2320 1555 2390 χάριν
1592 2322 1849 2390 οὐδεμίαν

275 2401 397 2454 οὐδὲ
448 2403 703 2456 ἐντεῦθεν
761 2404 1039 2473 εἰσόμεθα.
1076 2410 1143 2462 Ὠ
1194 2428 1284 2481 μοι
1313 2415 1412 2483 τῆς
1441 2413 1640 2485 λήμης,
1674 2416 1719 2470 ῶ
1755 2433 1846 2487 μοι

274 2493 377 2559 τῆς
420 2495 799 2564 παροράσεως,
850 2498 944 2552 ἐὰν
992 2501 1175 2565 ἀλλοις
1218 2504 1317 2573 μὲν
1358 2508 1467 2560 τῶν
1511 2505 1681 2576 φίλων
1728 2513 1847 2564 ἐνε-

267 2586 536 2653 τράνισα,
573 2588 665 2640 τὸν
697 2587 753 2642 δὲ
793 2589 1129 2657 λογιώτατον
1163 2594 1312 2651 δεῖνα
1352 2601 1540 2671 ἀφῆκα
1581 2604 1712 2659 ίδεῖν
1737 2619 1753 2634 ⁸
1787 2604 1847 2659 ὃν

259 2675 428 2746 Δὑμεῖς
455 2679 558 2749 ἠΰν
587 2698 641 2732 τε
676 2681 850 2751 μέγαν
876 2701 936 2737 τε
969 2690 1421 2756 προσφωνοῦντες
1451 2695 1510 2748 οὐ
1541 2695 1805 2765 ψεύδεσθε
1828 2716 1842 2731 ⁸

265 2771 471 2835 ὅμοιον,
499 2770 571 2833 ὡς
602 2773 697 2825 ἐὰν
722 2776 814 2828 καὶ
842 2777 933 2829 ἐπὶ
958 2779 1067 2832 τῶν
1093 2783 1226 2850 παρ’
1256 2782 1485 2854 Ὁμήρῳ
1520 2788 1844 2858 Παναχαιῶν

264 2865 390 2926 τοὺς
433 2867 532 2934 μὲν
564 2867 758 2929 ἄλλους
793 2872 1137 2940 προσέϐλεπέ
1171 2893 1284 2941 τις,
1318 2878 1346 2929 6
1379 2878 1436 2931 δὲ
1474 2880 1679 2948 μείζων
1709 2884 1843 2947 Δίας

264 2961 426 3014 αὐτὸν
458 2963 738 3020 ἐλάνθανε.
770 2966 882 3020 Καὶ
910 2968 1052 3038 τάχα
1090 2970 1445 3043 παρέδραμεν
1479 2973 1545 3027 ἀν
1577 2975 1672 3027 καὶ
1706 2977 1840 3043 ἐμὲ,

262 3053 409 3107 καθᾶ
451 3056 542 3108 καὶ
582 3057 639 3109 ἐν
678 3061 743 3127 τῇ
783 3060 989 3132 περαίᾳ
1025 3062 1128 3131 τῆς
1169 3062 1443 3139 βασιλίδος
1481 3066 1590 3118 τῶν
1633 3068 1841 3121 πόλεων

263 3145 391 3208 τοὺς
435 3150 859 3215 τιτυσκομένους
902 3154 1025 3205 κατ’
1053 3153 1254 3214 αὐτοῦ,
1301 3156 1350 3207 εί
1400 3157 1475 3227 μὴ
1519 3162 1587 3227 τῇ
1629 3159 1839 3231 διανοίᾳ

262 3240 816 3309 καταστοχασάμενος
856 3244 1022 3297 αὐτοῦ
1067 3245 1277 3318 ἔτυχον.
1320 3250 1432 3303 Καὶ
1473 3249 1584 3304 ίδού
1625 3252 1839 3321 κατέχω

1955 2038 2192 2107 Διονύσῳ
2222 2040 2537 2097 ἀπέθλιϐον.
2570 2045 2709 2099 Ἀλλ’
2734 2048 2961 2113 ἐκεῖνος,
2992 2053 3047 2104 εί
3073 2070 3126 2105 τι
3156 2056 3251 2108 καὶ
3283 2038 3536 2111 πειστέον

1954 2128 2032 2200 τῷ
2068 2129 2249 2201 μύθῳ,
2285 2131 2479 2202 βότρυς
2512 2129 2600 2207 ῆν,
2636 2140 2730 2191 καὶ
2767 2137 2963 2210 βότρυς
2991 2137 3097 2210 εἷς,
3128 2145 3223 2198 καὶ
3255 2137 3410 2211 οὗτος
3438 2166 3538 2203 τυ-

1953 2224 2047 2294 χὸν
2085 2225 2113 2276 6
2154 2225 2434 2296 ὀμφακίας
2461 2245 2475 2258 ·
2513 2230 2606 2283 καὶ
2640 2231 2703 2284 τὸ
2738 2233 2950 2287 ἐκεῖθεν
2983 2234 3302 2306 θλιϐόμενόν
3334 2258 3393 2294 τε
3439 2243 3538 2296 καὶ

1953 2316 2248 2389 ἀπορῤέον,
2280 2320 2406 2373 ὅσον
2434 2320 2501 2375 ἂν
2534 2323 2868 2391 ἀποστάξειε
2905 2328 3100 2397 βότρυς
3121 2346 3136 2363 ο
3168 2332 3241 2393 ὡς
3279 2333 3437 2401 μόλις
3468 2334 3536 2388 ἂν

1950 2408 2010 2459 τὸ
2042 2410 2252 2464 ἐκεῖθεν
2280 2413 2695 2483 ἐκπιεζόμενον,
2726 2420 2780 2471 εί
2805 2437 2888 2483 τις
2919 2421 3003 2489 ἐφ’
3026 2422 3146 2475 ὅλον
3177 2423 3297 2488 ἔτος
3325 2428 3404 2489 εἰς
3434 2427 3532 2494 ἀγ.

1950 2516 2047 2567 γος
2091 2502 2157 2554 ἂν
2198 2504 2552 2573 ἐπισυνάγειν
2594 2507 2791 2575 ἐθέλοι,
2833 2512 2965 2581 μίαν
3010 2514 3260 2586 ἐπιχειλῆ
3300 2519 3531 2589 ποιήσα-

1950 2591 2077 2645 σθαι
2120 2592 2370 2663 λάγυνον.
2418 2597 2489 2651 Σύ
2531 2598 2578 2651 δ’
2603 2599 2758 2664 ὅλους
2802 2602 2935 2674 ἡμῖν
2975 2604 3205 2660 αὐτόθεν
3252 2607 3528 2680 ἀμφορεῖς

1947 2685 2189 2758 Διονύσῳ
2228 2689 2586 2760 τελουμένους
2625 2695 2834 2765 όσῶραι
2875 2701 3289 2756 ναυστολεῖσθαι
3331 2707 3525 2767 ποιεῖς,

1947 2779 2042 2831 καὶ
2072 2779 2300 2844 τούτους
2335 2783 2601 2855 νέκταρος
2642 2787 2877 2858 ἐρυθροῦ
2918 2791 3041 2843 καθ’
3067 2791 3318 2863 Ὅμηρον
3355 2795 3526 2864 ἀπορ-

1947 2871 2165 2940 ῥῶγας,
2196 2874 2293 2927 καὶ
2324 2875 2420 2928 τοῦ
2459 2876 2814 2949 ’1σμαρικοῦ,
2846 2880 2904 2943 ὃς
2938 2883 3029 2935 καὶ
3053 2883 3142 2938 τδν
3169 2886 3364 2955 ἄγριον
3392 2872 3527 2939 ὑπέ-

1946 2977 2073 3015 σανε
2122 2962 2434 3034 Κύκλωπα,
2484 2968 2653 3037 μηδὲν
2695 2971 3045 3036 ἀποδέοντας.
3098 2976 3244 3043 Σιγῶ
3289 2977 3389 3041 τὰς
3437 2995 3528 3031 κο-

1942 3051 2261 3124 λυμβάδας·
2304 3057 2379 3112 ἐῶ
2425 3060 2492 3113 τὰ
2535 3059 2752 3126 ὀξωτάο
2794 3064 2863 3119 τὰ
2906 3065 2984 3135 τῷ
3029 3068 3223 3138 κιτρίῳ
3268 3067 3327 3121 εὖ
3380 3070 3525 3139 μᾶλα

1942 3146 2329 3215 κατηρτυμὲνα
2364 3150 2457 3202 καὶ
2491 3153 2629 3222 πρὸς
2666 3155 2858 3226 ἡδονὴν
2890 3158 3320 3230 ὲσκευωρημένα
3358 3178 3522 3214 σκευ-

1943 3236 2098 3305 άρια.
2130 3237 2195 3289 Τί
2236 3241 2345 3307 γάρ
2388 3259 2477 3309 μοι
2512 3242 2722 3308 τούτοις
2762 3247 3159 3317 ἐνδιατρίϐειν,
3194 3250 3314 3317 ἐξὸν
3350 3252 3468 3304 ἐκεῖ
3497 3272 3524 3306 ο

260 3330 426 3383 αἰτδν
466 3335 529 3401 τῇ
577 3334 748 3403 ψυχῇ,
792 3339 887 3389 καὶ
934 3338 1147 3407 χαίρειν
1193 3343 1519 3410 προσφωνῶ,
1563 3343 1662 3397 καὶ
1703 3344 1840 3410 ἀξιῶ
1867 3341 1914 3400 ο
1944 3326 2157 3391 εἰπεῖν,
2189 3329 2271 3381 ὅτι
2300 3347 2405 3402 περ
2433 3333 2798 3389 ἀποπλουτείς
2826 3336 2989 3405 ἡμῖν,
3026 3339 3122 3392 καὶ⁷
3150 3339 3231 3392 ὅτι
3262 3340 3402 3393 κατὰ
3433 3342 3523 3392 τδν

262 3425 487 3493 μνήμην
519 3424 663 3495 ἔχειν
697 3428 876 3496 ἡμῶν,
917 3431 1153 3485 στέλλων
1208 3435 1301 3486 καὶ
1363 3435 1736 3509 προσκύνησιν
1770 3438 1841 3492 δι⁹

260 3518 426 3572 αὐτοῦ
460 3520 538 3590 τῷ
576 3523 1031 3594 πανεντιμοτάτῳ
1070 3526 1228 3581 δεῖνι.
1262 3529 1537 3598 Πρόσθετε
1572 3533 1638 3601 τῇ
1676 3532 1840 3602 όμάδι

257 3613 367 3664 τῶν
398 3617 956 3684 προσαγορευομένων
983 3616 1227 3685 ἀδελφῶν
1257 3620 1355 3673 καὶ
1382 3620 1475 3675 τὸν
1506 3621 1837 3690 λογιώτατον

254 3705 437 3765 δεῖνα,
471 3705 562 3759 τὸν
596 3708 759 3760 καλὸν
794 3710 923 3777 ἡμῖν
959 3709 1122 3780 μέχρι
1158 3711 1583 3783 Θεσσαλονίκης.
1617 3715 1689 3768 Τὸ
1726 3716 1837 3783 γὰρ

259 3798 513 3851 ἐντεῦθεν
552 3802 955 3869 συνταξάμενος
997 3802 1186 3876 ὠσπερ
1226 3806 1436 3875 ἀφῆκεν
1475 3809 1644 3878 ἡμᾶς.
1674 3810 1841 3862 Ἤθε-

256 3889 350 3941 λον
378 3888 434 3940 δέ
457 3930 471 3954 ,
503 3890 552 3942 εί
581 3893 902 3963 ἐπεστράφη
934 3896 1030 3949 καὶ
1062 3897 1436 3969 προσέϐλεψεν
1461 3915 1478 3932 ο
1509 3902 1573 3955 οὐ
1604 3901 1714 3973 γάρ
1743 3902 1838 3973 δή.

259 3996 365 4035 που
392 3981 628 4035 δέδοικεν
657 3983 1080 4057 όξαλατισθῆναι
1108 3991 1174 4060 τῇ
1206 3991 1536 4064 ἐπιστροφῇ.

1006 4081 1085 4135 Λ’.

542 4168 627 4232 Τῷ
656 4170 1037 4237 Αὐτωρειανῷ
1069 4174 1252 4241 κυρίῳ
1282 4175 1544 4241 Μιχαὴλ,

322 4252 435 4323 ‘Qc
477 4258 703 4327 ἀγαθόν
742 4261 956 4327 ἐστιν,χ
977 4264 1323 4333 ἐπωνυμίας
1364 4270 1605 4332 πολλὰς
1644 4268 1830 4337 ἔχειν,

254 4344 429 4410 εἶπεν,
458 4349 517 4401 δν
545 4347 713 4411 οἶδας.
751 4353 876 4406 Ἐπὶ
904 4354 959 4407 δέ
993 4356 1055 4422 γέ
1090 4374 1174 4409 σοι
1204 4358 1262 4409 τὸ
1290 4358 1533 4413 τοιοῦτον
1559 4362 1833 4431 ἀποϐῆναι

254 4440 334 4501 εἷς
364 4440 461 4492 οὐκ
492 4440 691 4507 ἀγαθὸν
719 4441 915 4497 ἔοικεν.
946 4445 1090 4507 Ἕως
1125 4462 1225 4512 μεν
1252 4448 1362 4515 γὰρ
1391 4450 1830 4521 πρωτονοτάριος

250 4525 341 4600 ἧς,
370 4529 526 4595 ἄλλος
557 4534 691 4603 ἡμῖν
719 4535 942 4602 ἐφαίνου
968 4552 984 4566 ·
1018 4536 1143 4589 ἐπεὶ
1171 4537 1227 4591 δὲ
1260 4538 1396 4607 πρὸς
1426 4539 1642 4611 ἑτέραις
1669 4541 1832 4609 ἀξιώ.

253 4639 371 4675 σεσι
405 4623 496 4677 καὶ
526 4624 586 4677 τδ
620 4626 1001 4695 ἐκπροσωπιῖν
1031 4629 1240 4702 έχρωσέ
1273 4648 1333 4684 σε
1365 4632 1501 4702 πρὸς
1530 4634 1591 4687 τὸ
1631 4638 1827 4704 σεμνό-

1959 3415 2311 3489 Ἀλεξάνδρου
2351 3421 2475 3491 ὅρον
2508 3422 2682 3477 ἔοικεν
2714 3426 2774 3477 ἐν
2811 3426 2897 3480 σοὶ
2938 3429 3150 3482 κεῖσθαι
3190 3431 3321 3500 ἡμῖν
3351 3433 3380 3486 ό
3422 3434 3521 3501 θη-

1945 3511 2186 3580 σιυρός;
2223 3512 2355 3582 Είην
2385 3513 2452 3567 ἀν
2483 3514 2592 3583 ἐγὼ
2627 3520 2923 3588 προσήκων
2960 3522 3182 3591 μᾶλλον,
3220 3524 3364 3595 ῆπερ
3398 3529 3519 3579 Διο-

1946 3601 2124 3673 μήδης
2156 3605 2397 3671 ἐκεῖνος,
2434 3608 2835 3675 σεμνύνεσθαι,
2868 3612 2901 3683 ἥ
2945 3614 2973 3666 6
3002 3614 3198 3668 τούτου
3234 3615 3519 3685 δορύξενος

1940 3695 2183 3763 Γλαῦκος
2203 3739 2218 3764 ,
2248 3701 2330 3754 ὅτι
2364 3719 2420 3755 σε
2452 3703 2623 3769 ξεῖνον
2653 3706 2809 3774 φίλον
2837 3709 3079 3763 τοιοῦτον
3106 3711 3207 3765 οὐκ
3237 3713 3293 3765 ἐν
3321 3714 3518 3781 Ἀργει

1945 3788 2099 3856 μέσῳ
2122 3830 2137 3854 ,
2166 3788 2281 3841 ἀλλ’
2306 3791 2364 3844 ἐν
2396 3792 2609 3847 Ἐλλάδι
2642 3797 2782 3870 μέσῃ
2810 3799 3116 3873 ηὐτύχησα.
3156 3803 3347 3873 Ἡμεῖς
3375 3804 3432 3857 δέ
3464 3805 3516 3856 τί

1942 3896 2025 3933 σοι
2080 3882 2216 3951 πρὸς
2255 3884 2465 3953 ταῦτα;
2514 3889 2579 3941 Τί
2625 3889 2669 3943 δ’
2696 3891 2762 3945 ἂν
2808 3894 3071 3965 σχοίημεν
3116 3898 3512 3969 ἀντιμετρῆσαι

1941 3973 2057 4037 τοῖς
2097 3974 2322 4041 ἀγαθοῖς
2360 3995 2490 4046 σους
2528 3981 2721 4052 Ἡμεῖς
2767 3986 2865 4053 μὲν
2898 3989 3149 4058 οὐδαμῶς
3174 4006 3187 4020 ο
3224 3991 3251 4043 ό
3293 3992 3349 4043 δέ
3373 3991 3509 4055 Θεός

1939 4080 2022 4117 σοι
2060 4065 2294 4135 ἁντιδοίη
2327 4067 2398 4120 τά
2433 4065 2508 4122 ὦν
2538 4072 2686 4136 ἄξιος
2724 4070 2792 4128 εῐ.
2831 4073 2898 4131 Εἴ
2932 4079 2989 4132 δέ
3022 4081 3114 4133 τοῦ
3157 4082 3380 4147 παντὸς,
3414 4085 3512 4137 ἁν-

1938 4154 2174 4225 θρώπων
2208 4157 2430 4213 πάντων
2462 4161 2746 4226 κάλλιστος
2780 4165 2855 4220 ῶν
2891 4169 2982 4220 καὶ.
3017 4171 3474 4241 ἐλευθεριώτατος
3495 4213 3511 4237 ,

1936 4249 2030 4300 καὶ
2060 4248 2153 4301 τὸν
2184 4248 2399 4320 ἑταῖρον
2434 4254 2506 4323 μὴ
2539 4253 2869 4326 ψευδόμενος
2892 4276 2906 4290 ’
2939 4263 3033 4314 καὶ
3062 4263 3115 4314 τί
3148 4264 3289 4333 γάρ,
3324 4265 3355 4334 ἢ
3394 4265 3513 4336 Ἐρ-

1940 4336 2043 4407 μοῦ
2079 4341 2230 4403 παῖς,
2262 4342 2358 4393 καὶ
2391 4344 2622 4400 Μουσῶν
2653 4348 2959 4421 ὑποφήτης,
2992 4353 3086 4405 καὶ
3119 4355 3374 4425 Χαρίτων
3406 4374 3512 4408 πμ.-

1935 4429 2046 4482 σῶν
2071 4430 2309 4501 μέλημα,
2333 4434 2428 4487 καὶ
2448 4438 2545 4506 τῆς
2570 4437 2895 4508 Ἑλληνικῆς
2918 4444 3128 4513 ἐκείνης
3150 4445 3257 4514 τῆς
3271 4445 3509 4511 παλαιᾶς

1935 4522 2216 4590 εὐγενείας
2260 4525 2534 4596 σπινθήρς
2571 4528 2767 4599 Ἡμεῖς
2799 4531 2855 4585 δέ
2890 4530 2970 4585 σοι
3006 4536 3181 4588 ἐκεῖνο
3221 4554 3508 4609 προσεπα-

1934 4611 2139 4683 σόμεοα
2165 4656 2178 4680 ,
2210 4614 2240 4668 6
2274 4618 2369 4670 καὶ⁵
2404 4618 2569 4672 πάλαι
2603 4637 2686 4684 τις
2720 4622 2827 4675 τῶν
2859 4624 3383 4697 ὐπεραντλουμένων
3416 4631 3507 4684 εὐ-

250 4730 439 4782 ,890.“
484 4717 576 4769 καὶ
612 4716 871 4787 ὀνόμασιν
912 4719 1239 4791 “and”;
1278 4722 1688 4795 λαμπροτέροις
1730 4726 1825 4778 καὶ
1860 4706 1903 4729 ν
1930 4706 2139 4774 τυχίαις
2175 4707 2485 4778 ἀνέκραγε,
2522 4715 2717 4781 μικρὸν
2748 4716 3267 4786 παραποιήσαντες³
3304 4717 3506 4790 στῆσόν

253 4805 486 4871 πλείοσι,
516 4808 727 4875 δέομαι,
759 4810 839 4862 ὃτι
871 4811 934 4863 ἐκ
967 4812 1265 4881 προσώπου
1294 4830 1386 4868 σου
1416 4815 1642 4885 ἐξῆλθεν
1672 4818 1705 4886 ή
1738 4834 1825 4884 φι-

249 4899 342 4951 λία
381 4900 559 4967 ἡμῶν.
597 4899 663 4953 Τί
704 4902 1070 4971 σκυθρωποὺς
1109 4908 1240 4976 ἡμῖν
1278 4907 1662 4975 παραυγάζεις
1696 4911 1827 4973 τούς

247 4988 597 5060 όφθαλμούς;
626 4992 678 5045 τί
705 4992 766 5044 τὸ
795 4995 1089 5064 πρόσωπον
1120 5001 1436 5066 συννεφοῖς;
1467 5001 1665 5054 Οὐκέτι
1693 5002 1823 5071 ἀλη-

249 5081 360 5146 θῶς
387 5082 542 5147 τίθης
569 5084 718 5152 ἡμᾶς
742 5087 800 5141 ἐν
828 5085 975 5157 λόγῳ
1000 5088 1078 5157 τῷ
1110 5089 1263 5160 πρίν.
1293 5092 1405 5145 Καὶ
1433 5092 1482 5145 εί
1512 5093 1613 5162 μὲν
1642 5093 1730 5146 διὰ
1757 5094 1825 5148 τά

246 5170 547 5225 ἐκλαϐόντι
576 5188 635 5224 σε
667 5174 994 5242 πράγματα,
1021 5175 1179 5229 τοῦτό
1207 5194 1289 5231 σοι
1315 5179 1457 5248 τάχα
1484 5179 1663 5242 αἰτίας
1688 5182 1823 5234 ἀπό-

246 5261 402 5324 λυσις
421 5278 439 5294 ο
467 5264 516 5316 εί
544 5262 600 5316 δὲ
628 5262 755 5317 ἀλλο
783 5281 830 5318 τι
861 5266 921 5318 τὸ
950 5265 1260 5335 ἀπαλεῖψαν
1282 5268 1433 5338 ἡμᾶς
1462 5272 1560 5339 τῆς
1590 5270 1690 5338 σῆς
1720 5271 1823 5341 ψυ-

247 5353 374 5422 χῆς.
400 5353 514 5407 ἀλλ’
540 5354 650 5421 ἐγὼ
675 5355 798 5409 οὐτε
827 5357 1046 5411 σύνοιδα
1071 5358 1305 5420 πταίσας
1324 5376 1338 5391 ο
1367 5360 1461 5415 καὶ
1486 5363 1568 5416 ὅτι
1594 5362 1653 5415 δέ
1678 5366 1822 5433 ἀπη-

244 5444 431 5514 λὶφην,
476 5445 738 5516 ὲξέδραμέ
790 5465 883 5517 μοι
924 5449 1020 5502 τοῦ
1070 5450 1339 5523 στόματος
1382 5452 1500 5506 οὐτι
1547 5472 1649 5509 που
1696 5456 1822 5510 καθ’

246 5540 595 5593 ἐκούσιον.οὐ
633 5542 876 5596 πιστεύω
902 5545 1011 5615 γὰρ
1038 5544 1181 5598 οὕτω
1205 5548 1418 5612 παθεῖν,
1439 5551 1489 5603 εί
1516 5550 1591 5621 μὴ
1607 5550 1703 5604 καὶ
1722 5551 1822 5621 τῆς

248 5630 435 5702 βίϐλου
469 5630 577 5685 τῶν
613 5631 832 5697 ζώντων
857 5635 1037 5707 πολλῷ
1068 5639 1333 5710 πρότερον
1373 5641 1817 5713 ἀπαλιφήσομαι.

967 5727 1095 5784 AA'.

520 5813 603 5880 Τῷ
632 5816 798 5882 καλῷ
828 5818 1021 5887 Καιρῷ
1049 5819 1129 5886 τῷ
1158 5821 1228 5885 ἐξ
1257 5824 1547 5892 Εὐρίπου.

329 5906 443 5964 Ἀεὶ
478 5907 542 5965 οὐ
580 5908 643 5963 οὐ
684 5910 850 5981 μόνον
889 5913 1141 5987 μεμνήσῃ
1184 5914 1379 5987 ἡμῶν,
1419 5916 1448 5969 δ
1486 5916 1629 5973 πάνυ
1669 5917 1814 5989 μέγα

1928 4811 2059 4848 ποτε
2100 4798 2201 4868 τήν
2240 4800 2400 4871 χεῖρα
2424 4817 2438 4834 ·
2484 4801 2603 4866 ἀλις
2645 4804 2778 4873 ήμῖν
2816 4807 2915 4874 τῆς
2962 4808 3062 4879 σῆς
3106 4811 3501 4881 ἀγαθοχυσίας.

1929 4887 2095 4945 Ὅσον
2123 4891 2232 4961 γὰρ
2260 4892 2394 4961 ήμῖν
2426 4892 2791 4970 ἐπιδαψιλεύῃ
2818 4900 2917 4962 τὰς
2949 4901 3180 4971 χάριτας
3198 4945 3213 4969 ,
3246 4904 3502 4959 τοσοῦτον

1924 4981 2026 5053 τὴν
2060 4985 2092 5052 ή
2105 4984 2217 5052 μῶν
2252 4983 2589 5052 στηλιτεύεις
2624 4986 2919 5045 οὐθένειαν.
2956 4992 3092 5044 Οὐδέ
3124 4995 3233 5065 γὰρ
3266 4995 3462 5067 ἔχομεν
3483 5034 3500 5059 ,

1924 5073 1953 5125 ὃ
1982 5090 2035 5125 τι
2067 5075 2166 5139 τῆς
2203 5074 2340 5144 πρὸς
2373 5076 2521 5147 ἡμᾶς
2558 5094 2650 5131 σου
2675 5082 2917 5153 χρηστῆς
2939 5084 3231 5151 διαθέσεως
3264 5087 3498 5154 ἐνδειξά-

1927 5164 2067 5236 μεθα
2097 5166 2261 5233 ἀξιον.

2650 5266 2768 5322 AB'.

2449 5355 2535 5422 Τῷ
2570 5361 2981 5427 οίκουμενικῷ.

1992 5446 2195 5505 *Ηλθόν
2230 5466 2318 5518 μοι
2348 5450 2651 5521 πρόσφατοι
2678 5452 2813 5507 Θεοῦ
2845 5455 3019 5520 φωναί
3043 5469 3057 5485 ·
3083 5453 3385 5526 θεόφθογγα
3417 5458 3493 5522 ὡς

1922 5543 1981 5611 ἐξ
2011 5544 2242 5614 οὐρανοῦ
2280 5538 2370 5613 μοι
2400 5544 2868 5616 κατιπέμφθησαν
2898 5547 3142 5617 ῥήματα.
3175 5549 3367 5603 Μάννα
3401 5566 3491 5621 μοι

1921 5636 2232 5709 ἐπεϐρέχθη
2287 5636 2452 5701 θεῖον,
2497 5639 2590 5690 καὶ
2628 5637 2786 5691 τοῦτο
2828 5641 3026 5709 συχνὸν
3070 5640 3166 5694 καὶ
3208 5642 3337 5696 ἄλλο
3403 5643 3494 5696 ἐπ’

1920 5732 2083 5802 ἄλλῳ,
2115 5732 2206 5784 καὶ
2232 5731 2332 5804 τὴν
2359 5730 2551 5802 πρώην
2579 5733 2767 5786 πεῖναν
2794 5733 3050 5803 ἠκέσατο.
3082 5737 3380 5799 Φωτειανός
3408 5752 3492 5799 τις

1918 5819 2048 5897 ἦλθε
2067 5863 2082 5888 ,
2120 5825 2304 5895 φέρων
2336 5840 2426 5894 μοι
2456 5824 2714 5894 τοιαύτην
2744 5826 3111 5899 παραψυχὴν,
3142 5830 3379 5901 γράμμα
3410 5827 3496 5880 δε-

1922 5916 2123 5971 σπότου
2147 5929 2163 5946 ⁸
2197 5917 2257 5970 ἐν
2288 5909 2332 5984 ᾧ
2368 5916 2460 5970 καὶ⁷
2495 5915 2857 5988 προσταχθεὶς
2891 5920 3023 5991 περὶ
3055 5919 3307 5990 όφφικίου
3329 5958 3344 5985 ,
3378 5917 3493 5988 ἅμα
