3964 6552
373 417 511 482 1299

1824 424 2183 484 ADDENDA

3487 410 3628 476 1300

377 522 607 590 ἑπῆὶθον
654 523 750 586 τὰς
801 529 927 596 περὶ
971 529 1159 582 τούτου
1210 531 1591 600 προσκυνητὰς
1641 530 1946 598 συλλαϐάς,
1973 535 2024 595 Α
2049 531 2297 600 δόμενον.
2329 528 2394 582 Τί
2423 528 2485 598 δὴ
2518 527 2747 598 πάσχειν
2778 526 2878 596 ἐμέ
2905 525 3082 591 είκδς,
3113 525 3208 580 τοῦ
3239 526 3361 594 ἐμοὶ
3390 524 3624 579 δεόντως

371 613 464 665 καὶ
493 614 690 668 αὐτίκα
720 616 899 688 (ἔτυχε
929 617 1038 689 γὰρ
1068 619 1254 692 ῶσπερ
1285 623 1424 675 κατά
1454 623 1598 675 θεῖον
1627 624 1940 693 σφραγίδων

369 707 629 760 τοιούτων
657 711 866 780 καιρὸς)
899 712 1190 784 ἐπλήρωσα
1218 715 1278 766 τι
1317 715 1678 785 προσταχθὲν,
1711 720 1790 779 εἰς
1821 715 1946 770 ὅσον

370 797 598 866 δύναμις
619 817 632 831 ⁸
663 799 867 872 θατέρᾳ
899 806 1000 872 μὲν
1021 807 1142 856 ταῖν
1168 808 1350 875 χεροῖν
1375 805 1515 876 όχῶν
1543 807 1622 860 ἔτι
1649 808 1741 860 τὸν
1767 808 1947 875 τίμιον

371 890 583 960 χάρτην
612 895 690 955 είς
723 893 1042 963 βάσταγμα,
1075 895 1282 968 θατέρᾳ
1311 896 1366 948 δέ
1396 897 1496 967 τὴν
1529 899 1796 968 σφραγῖδα
1829 900 1935 953 διαο

370 983 732 1050 τυπούμενος.
778 987 988 1052 Μικρὸν
1033 990 1125 1040 καὶ
1172 987 1356 1058 ἕτερος
1401 988 1629 1056 ἄγγελος
1673 985 1806 1060 ἦ).θέ
1857 1007 1948 1058 μοι

374 1076 656 1145 χαρμονῆς
677 1117 692 1139 ,
725 1077 753 1129 6
790 1079 1075 1142 σύνδουλός
1111 1097 1211 1149 μου
1245 1080 1273 1134 6
1307 1082 1800 1151 ἐκκλησιαστικὸς,
1833 1082 1948 1136 διά-

376 1185 531 1232 κονος
556 1171 583 1222 6
609 1170 754 1224 δεῖνα
776 1188 788 1200 ⁸
823 1174 917 1224 καὶ
941 1173 1001 1224 τὸ
1031 1191 1067 1240 μ
1086 1176 1208 1226 Ξεννα
1236 1177 1333 1243 τῆς
1363 1174 1557 1243 ἡδονῆς
1587 1173 1946 1243 ἐπληθύνετο.

377 1262 713 1324 Κάντεῦθεν,
746 1265 797 1317 εῐ
825 1264 929 1316 πού
965 1283 1048 1328 τις
1081 1266 1279 1334 πικρία
1310 1265 1474 1333 ὑπῆν,
1504 1265 1685 1318 οὐκέτι
1713 1261 1802 1336 ἦν.
1837 1266 1952 1319 Σώ-

379 1354 494 1418 ζοιό
529 1372 620 1421 μοι
652 1356 741 1416 ὲπὲ
778 1358 990 1424 μακρὸν
1012 1397 1028 1419 ,
1059 1358 1277 1426 ούράνιε
1302 1397 1318 1422 ,
1352 1357 1446 1429 τὴν
1483 1358 1684 1428 ἀρετὴν
1716 1360 1948 1423 πανάγιε

378 1447 611 1498 δέσποτα
634 1465 647 1476 ⁸
674 1447 768 1500 καὶ
794 1448 1107 1518 ἐπιὸρέχοις
1131 1450 1261 1520 ήμῖν
1285 1451 1352 1502 τὰ
1375 1451 1558 1516 ἀγαθά
1577 1466 1590 1479 ⁸
1616 1451 1665 1504 εί
1690 1451 1752 1520 δὴ
1777 1448 1951 1503 τοιοῦ-

377 1555 470 1590 τυν
501 1539 687 1608 χάρμα
715 1538 792 1608 τῷ
823 1539 991 1610 δούλῳ
1025 1558 1118 1593 σου
1149 1542 1209 1594 τὸ
1238 1539 1659 1609 ὀλιγοσύλλαὸον
1687 1541 1786 1611 τῆς
1816 1557 1953 1610 γρ).-

379 1628 508 1700 φῆς,
536 1629 761 1698 πηλίκον
784 1629 846 1684 τδ
871 1631 1218 1700 πολύστιχον;
1243 1631 1454 1695 Πλὰκες
1480 1649 1570 1700 μοι
1591 1632 1762 1684 ταῦτα
1789 1631 1949 1686 θεῖαι.

378 1719 592 1775 Ἐκεῖνο
620 1722 824 1791 βιϐλίον
850 1723 918 1775 τά
950 1722 1069 1775 θεῖα
1097 1723 1342 1792 ψωμίζον
1373 1741 1440 1792 με
1463 1739 1475 1753 ⁸
1505 1721 1822 1792 ἀναψύξεως
1852 1723 1950 1790 δμ-

379 1810 504 1878 εροι
541 1827 633 1881 μοι
669 1811 847 1868 τοῦτο.
886 1813 1092 1866 Ἐκεῖνο
1127 1814 1380 1882 Χαρίτων
1416 1813 1658 1875 ὠκεανός
1689 1830 1701 1844 ⁸
1737 1815 1826 1865 τὸν
1859 1813 1948 1865 ἐπὶ

2053 619 2247 686 ἐφετοῦ
2295 619 2744 688 ἀποτυγχάνοντα
2790 617 2862 688 (εἰ
2914 618 2989 686 μὴ
3040 619 3326 681 ἐκπίπτω,
3375 613 3627 685 λογισμῷ

2047 709 2402 779 ἀδιοίκητος),
2433 710 2467 781 ἢ
2505 710 2724 773 πάντως
2755 709 2984 778 πάσχειν
3010 709 3189 779 λύπην
3213 709 3312 778 τὴν
3339 699 3433 762 ἐπὶ
3467 707 3631 774 μάλι-

2050 817 2152 854 στα
2184 817 2199 868 ;
2233 802 2419 854 Πᾶσαν
2452 801 2552 870 μὲν
2582 800 2801 870 γραφὴν
2822 837 2839 862 ,
2871 799 2939 870 ήν
2970 797 3035 852 ἀν
3065 798 3131 850 ἐκ
3158 798 3356 868 χειρῶν
3386 798 3631 867 ἀπέρχε-

2050 893 2174 946 σθαι
2207 893 2433 963 ἀφήσω,
2468 892 2696 959 ἐφίεμαι
2727 889 3012 956 ἀπελθεῖν,
3045 889 3177 945 ἔνθα
3205 889 3458 943 ἔσταλται
3482 906 3496 918 ⁸
3527 890 3630 958 οὐχ

2048 987 2250 1056 ἥκιστα
2276 985 2357 1048 δέ,
2383 985 2449 1054 ἢν
2473 983 2756 1052 τολμήσας
2783 981 3102 1052 ἐντελοῦμαι
3128 981 3464 1051 πορευθῆναι
3492 982 3634 1050 πρὶς

2048 1081 2146 1142 τὴν
2177 1077 2439 1145 μεγίστην
2470 1074 2780 1144 ἁγιωσύνην
2810 1091 2926 1128 σου.
2955 1074 3063 1128 Kal
3090 1067 3342 1139 οῦλέγω,
3372 1073 3633 1141 καθάπερ

2050 1171 2098 1224 εί
2131 1168 2226 1222 καὶ
2257 1166 2479 1237 τοξότης
2510 1167 2661 1238 βέλος
2688 1166 2847 1235 ἀφεὶς
2875 1167 3089 1235 ἐφίεται
3122 1165 3301 1234 βαλεῖν
3329 1164 3475 1218 κατά
3504 1181 3634 1216 σκο-

2049 1264 2154 1317 ποῦ
2187 1257 2268 1334 (τὸ
2301 1263 2409 1331 γὰρ
2442 1261 2690 1315 τοιοῦτον
2725 1259 2880 1314 οὔπω
2911 1277 2966 1314 τι
3004 1259 3150 1328 μέγα
3186 1259 3434 1321 βούλεται
3459 1275 3474 1289 ⁸
3510 1257 3632 1310 ἀλλ’

2051 1356 2239 1427 ὥσπερ
2281 1357 2309 1408 6
2353 1355 2643 1424 εὐχόμενος
2686 1355 2766 1416 είς
2815 1353 2945 1408 Θεδν
2981 1353 3078 1422 τὴν
3113 1350 3422 1422 προσευχὴν
3457 1351 3636 1403 ἐθέλε-

2051 1446 2504 1510 κατευθύνεσθαι,
2557 1448 2651 1500 καὶ
2703 1446 2779 1516 μὴ
2829 1445 3188 1514 κενεμϐατεῖν
3236 1444 3506 1498 ἀτέλεστα
3551 1445 3637 1505 είς

2055 1542 2226 1611 μόνην
2256 1539 2466 1594 λαλιάν.
2504 1539 2614 1592 Kal
2650 1539 2778 1607 ἐμοὶ
2814 1529 2912 1607 μὲν
2947 1536 3119 1600 οὕτως
3153 1536 3300 1590 ἐστὶν
3335 1535 3592 1601 ἐφίεσθαι
3618 1549 3633 1564 ⁸

2056 1632 2238 1702 βλέπω
2267 1632 2345 1698 δὲ,
2373 1631 2447 1694 ὼς
2473 1630 2749 1684 διαπίπτω
2773 1632 2840 1682 τά
2869 1629 3044 1681 πολλὰ
3069 1628 3162 1682 τοῦ
3193 1629 3336 1682 κατά
3363 1627 3640 1696 ὀρθότητα

2053 1723 2306 1795 όρεκτοῦ.
2345 1725 2456 1777 Kal
2496 1721 2637 1790 ἐγὼ,
2654 1723 2752 1791 μέν
2786 1723 2990 1789 ἀνοίγω
3033 1725 3208 1789 στόμα
3248 1721 3385 1791 πρὸς
3425 1722 3638 1785 ἀναφο-

2060 1818 2157 1886 ρὰν
2182 1832 2197 1845 ⁸
2233 1816 2327 1870 καὶ
2361 1815 2446 1868 ἴνα
2481 1816 2557 1882 μὴ
2595 1813 3053 1882 κατακαυχῶνται
3081 1813 3384 1880 Ἅρπυιαι,
3418 1812 3501 1872 είς
3536 1809 3644 1862 αῦο

377 1904 446 1972 τῇ
485 1904 674 1976 εἰσόδῳ
713 1907 810 1974 τῆ;
849 1910 1102 1977 νηστείας
1142 1907 1300 1974 λόγον
1343 1907 1509 1978 φημί.
1533 1909 1596 1960 Ὢ
1633 1907 1746 1960 οἴου
1784 1906 1952 1960 καλοῦ
1986 1933 2029 1987 Β
2061 1927 2160 1979 ραν
2213 1909 2657 1980 ἀναῤῥίπτουσαι
2705 1907 2766 1960 τὸ
2811 1908 2910 1975 τῆς
2959 1905 3146 1974 φωνῆς
3197 1904 3494 1958 λεπταλέον
3541 1903 3644 1955 καὶ

381 1996 645 2065 ἄγευστος
685 1998 832 2068 ἐγώί
871 1998 915 2052 ὣ
949 2003 1066 2064 οἵας
1103 2000 1295 2071 σοφίας
1329 2002 1696 2072 ἀνήκουστοςί
1723 1996 1831 2055 Ἦν
1867 2003 1956 2054 ὅτε

383 2089 572 2161 καιρὸς
593 2132 606 2153 ,
639 2091 726 2143 ὅτε
760 2086 851 2143 καλ⁵
882 2093 1237 2161 ἀνθρωπίνως
1266 2094 1491 2147 ἐλάλουν
1510 2137 1525 2158 ,
1555 2095 1623 2148 τά
1651 2093 1760 2163 ἐμὰ
1792 2094 1956 2164 φθεγ-

383 2181 612 2248 γόμενος
640 2199 653 2211 ⁸
693 2183 828 2238 ἀλλά
875 2187 966 2237 καὶ
1013 2187 1251 2252 ἀγγέλου
1292 2184 1510 2255 γλώσσῃ
1556 2185 1804 2243 ἐλάλουν,
1849 2188 1958 2246 τοῖς

381 2271 481 2326 τοῦ
507 2275 765 2343 μεγίστου
810 2275 1008 2346 δηλαδὴ
1050 2278 1352 2346 ἀρχιερέως
1394 2278 1748 2348 ὑποφητεύων
1778 2278 1957 2344 διδάγι

385 2382 538 2433 μασι.
570 2365 681 2419 Νῦν
707 2367 764 2419 δέ
817 2369 876 2419 τὸ
907 2370 1007 2438 μὲν
1050 2370 1182 2438 ἐμὸν
1207 2371 1308 2422 οὐκ
1333 2366 1449 2424 οῖδα
1476 2373 1524 2424 εί
1550 2369 1960 2439 περιλέλειπταί

387 2476 477 2527 μοι
499 2478 518 2522 ,·
545 2458 606 2512 τδ
635 2459 690 2512 δέ
723 2460 1012 2530 ἀγγελικέν
1041 2463 1346 2518 ἐπιλέλοιπε
1380 2462 1614 2534 φώνημα
1638 2479 1653 2494 ⁸
1689 2465 1782 2516 καὶ
1809 2464 1960 2533 ὅμως

388 2552 752 2621 μακαρίζεταί
784 2571 874 2624 μοι
905 2555 969 2607 τὰ
997 2553 1092 2608 τοῦ
1121 2555 1303 2611 λαλεῖν
1326 2533 1564 2626 ὄργανα,
1594 2555 1664 2608 δι’
1685 2552 1760 2610 ῶν
1786 2533 2005 2609 ἐκεῖνο.

383 2641 445 2694 τδ
481 2644 640 2712 μέλος
667 2645 825 2716 ἐρῤεε
855 2647 914 2698 τὸ
945 2647 1120 2715 γλυκὺ
1140 2689 1154 2713 ,
1183 2646 1259 2713 ὡς
1287 2649 1382 2702 ἐὰν
1416 2649 1510 2702 καὶ
1545 2635 1763 2718 σωλῆνά
1793 2663 1873 2711 τις
1905 2649 1964 2700 ἐν

393 2738 733 2808 μακαρισμῷ
767 2739 940 2810 τιθείη
967 2782 978 2801 ,
1017 2738 1169 2794 διὀὗ
1209 2741 1372 2794 καλὸν
1409 2741 1553 2812 ὕδωρ
1591 2739 1960 2811 διωχετεύετο.

388 2833 608 2887 Γένοιτό
637 2851 727 2902 μοι
754 2835 943 2886 πεσεῖν
970 2838 1063 2887 καὶ
1090 2838 1148 2889 τὸ
1173 2835 1411 2890 τοιοῦτον
1438 2836 1604 2889 καλὸν
1629 2837 1721 2889 ἐπὶ
1745 2838 1929 2906 χεῖρας
1947 2875 1961 2894 .

388 2930 482 2979 καὶ
510 2925 839 2996 ἀγιασθῆναί
869 2945 957 2996 μοι
984 2929 1044 2981 τὸ
1071 2928 1180 2981 πᾶν
1199 2944 1213 2958 ⁸
1243 2930 1339 2990 τὰς
1367 2931 1555 2999 χεῖρας
1580 2927 1966 2988 ἀνελιττούσας

392 3024 489 3069 καὶ
517 3016 944 3086 διαψηλαφὼσας
975 3018 1034 3070 τὸ
1066 3019 1219 3085 ἀγιον
1245 3035 1257 3048 ⁸
1289 3021 1358 3072 τά
1388 3017 1615 3087 ὃμματα
1648 3017 1929 3086 περιιόντα
1948 3058 1962 3082 ,

392 3111 490 3163 καὶ
521 3109 696 3164 ταῦτα
729 3111 997 3180 ἑκατέρας
1032 3109 1243 3174 ἐννοίας
1268 3126 1283 3140 ⁸
1325 3107 1386 3163 τὸ
1429 3111 1528 3180 μέν
1560 3112 1625 3182 τῇ
1662 3110 1804 3164 κατά
1837 3110 1967 3165 ἀνά-

391 3219 593 3270 γνωσιν
621 3200 905 3256 ἐπελεύσει
934 3203 1002 3256 τὰ
1031 3201 1209 3266 ἐκτὸς,
1243 3203 1312 3256 τὰ
1340 3202 1384 3255 δ’
1409 3203 1560 3267 ἐντὸς
1589 3203 1665 3272 τῷ
1699 3204 1838 3270 φωτὶ
1867 3203 1966 3270 τῆς

393 3296 544 3360 θείας
572 3295 944 3366 ἐναυγάζομαι
977 3297 1232 3366 γνώσεως
1253 3314 1269 3329 ⁸
1300 3297 1369 3351 τὰ
1399 3298 1554 3368 χείλη
1585 3297 1963 3366 πτυσσόμενα,

394 3389 490 3442 Jul
536 3391 607 3446 αῦ
653 3392 793 3463 πρὸς
841 3391 1107 3461 ὑποδοχὴν
1152 3391 1434 3462 ἀγιασμοῦ
1478 3390 1812 3459 ἀνοιγόμενα
1840 3403 1856 3420 ⁸
1906 3392 1967 3444 τὸ

395 3484 574 3555 στόμα
616 3483 996 3554 πληρούμενον
1039 3483 1133 3538 τοῦ
1181 3484 1389 3538 ἐκεῖθεν
1432 3483 1823 3552 γλυκάσματος
1870 3485 1969 3537 καὶ

393 3577 492 3646 τῆς
533 3576 625 3627 ἐπὶ
657 3574 834 3646 τούτῳ
871 3576 1128 3639 αἰνέσεως
1152 3592 1168 3607 ⁸
1203 3574 1312 3648 τίδι
1347 3573 1518 3648 ὃλ[ον]
1559 3575 1708 3637 ἐντὸς
1730 3612 1748 3641 ,
1776 3575 1840 3628 τὸ
1879 3574 1969 3627 διὰ

396 3663 597 3730 παντὸς
641 3665 809 3720 αὐτοῦ
852 3665 1118 3720 ίκνεῖσθαι
1157 3666 1225 3722 τά
1268 3669 1366 3737 τῆς
1406 3666 1759 3728 διδασκαλίας
1803 3665 1966 3720 καλά.

401 3759 510 3812 Kal
559 3757 720 3811 τοῦτο
771 3758 868 3829 μέν
915 3758 1191 3829 ἐπετάχθη
1246 3759 1636 3830 γραμματικὸς
1684 3757 1970 3822 σύνδουλός

402 3868 492 3920 μοι
513 3865 528 3881 ⁸
557 3850 618 3904 εὖ
643 3845 784 3918 οἶδα,
811 3852 907 3906 καὶ
933 3850 1166 3920 γίνεται.
1195 3853 1304 3906 Kal
1329 3852 1438 3920 ἐγὼ
1463 3850 1661 3914 είδείην
1686 3850 1754 3906 ἂν
1780 3849 1973 3920 ἐκείνῳ

399 3941 560 4011 χάριν
589 3941 772 4009 ήματα
801 3943 1003 4004 πάντα,
1031 3942 1110 4002 είς
1138 3943 1381 3995 τοιοῦτόν
1410 3959 1502 4012 μοι
1533 3941 1734 4011 ἀγαθὸν
1760 3943 1969 4012 ὑπουρ-

398 4032 655 4100 γήσαντι.
686 4030 828 4098 Ἐγὼ
854 4031 910 4084 δὲ
939 4034 1033 4084 καὶ
1065 4030 1144 4084 ἐτι
1170 4030 1386 4100 τολμῶν
1410 4032 1625 4102 δέομαι.
1659 4031 1782 4086 Ἐπί
1809 4049 1974 4087 τινων

401 4123 510 4193 πρὸ
553 4122 688 4190 ἐμοῦ
725 4121 818 4175 τοῦ
858 4124 1215 4200 ἁχρειοτάτου
1254 4123 1428 4191 ἁγίων
1461 4122 1766 4195 ἀρχιερέων
1799 4138 1974 4192 παρε-

400 4214 731 4285 χωρήθησαν
777 4213 1021 4284 Ἐὀραῖοι
1072 4205 1447 4285 πλατυνθῆναι
1478 4231 1493 4246 ⁸
1545 4215 1646 4270 οὐκ
1694 4209 1816 4279 οἷδ’,
1862 4215 1976 4268 εἴτε

399 4309 544 4362 κατὰ
574 4307 766 4380 λήθην,
797 4309 908 4361 είτε
939 4309 1034 4362 καὶ
1061 4308 1202 4362 κατά
1227 4307 1433 4377 εἴδησιν
1460 4308 1707 4373 ἐκείνων,
1739 4307 1850 4361 εἴτε
1880 4309 1975 4363 καὶ

401 4402 542 4456 κατὰ
577 4401 728 4456 θείαν
756 4403 880 4456 τινά
913 4401 1181 4456 κέλευσιν.
1215 4400 1385 4453 Τοῦτο
1415 4400 1472 4452 δέ
1504 4401 1604 4470 οὐχ
1635 4399 1974 4469 εὑρίσκεται.

400 4495 515 4549 Kal
542 4495 768 4567 ᾤκησαν
798 4493 847 4547 οί
882 4494 982 4563 μέν
1010 4495 1068 4546 ἐν
1096 4493 1500 4562 ἐρειποτοπίοις
1531 4492 1940 4560 Χριστιανικοῖς
1958 4529 1976 4558 ,

1995 3267 2038 3323 C

2060 2001 2449 2068 πνευματικὸν,
2481 1997 2849 2070 κατασαρύνω
2873 1998 3091 2068 ταύτην,
3125 1999 3206 2060 είς
3232 1997 3356 2049 ὅσον
3383 1996 3642 2064 δύναμις,

2062 2092 2316 2164 παχύνων
2348 2093 2429 2156 είς
2461 2094 2622 2160 σῶμα
2642 2132 2658 2156 ,
2693 2094 2788 2148 καὶ
2819 2094 3078 2161 κατάγων
3107 2092 3185 2154 είς
3216 2090 3361 2161 ἁφὴν
3382 2131 3399 2153 ,
3433 2090 3533 2143 xal
3559 2089 3645 2140 δι-

2061 2185 2286 2254 φθέραις
2320 2184 2554 2247 ἐντιθείς
2581 2200 2595 2214 ⁸
2628 2185 2704 2248 ὡς
2738 2185 2804 2238 ἀν
2839 2183 3070 2252 ἐκφύγοι
3109 2182 3207 2252 μὲν
3236 2183 3297 2236 τὸ
3331 2181 3645 2250 ἀνωφορεῖο

2065 2281 2207 2344 σθαι,
2250 2280 2343 2333 καὶ
2386 2279 2466 2341 είς
2509 2278 2643 2349 ἀέρα
2687 2277 3066 2342 σκεδάζεσθαι,
3114 2275 3332 2346 φέροιτο
3370 2274 3429 2327 δὲ
3474 2272 3647 2325 tam-

2062 2375 2190 2437 νὼς,
2233 2373 2267 2442 ἦ
2309 2372 2406 2426 καὶ
2449 2373 2663 2426 πέτοιτο
2709 2371 2851 2426 κατά
2888 2371 2987 2441 τὴν
3027 2369 3421 2439 ἱστορουμένην
3461 2363 3643 2438 [ποτὲ]

2062 2467 2400 2537 Θετταλικὴν
2442 2465 2633 2537 μελίαν
2675 2467 2757 2528 είς
2797 2466 2896 2526 τὰς
2943 2463 3374 2533 μακαριωτάτας
3415 2465 3604 2531 χεῖρας
3628 2497 3646 2524 ,

2063 2560 2130 2613 δι’
2151 2553 2225 2614 ῶν
2255 2561 2350 2614 καὶ
2383 2561 2506 2631 ἐμοὶ
2536 2561 2688 2615 πᾶσα
2718 2557 2941 2626 εύλογὶα
2974 2555 3070 2610 καὶ
3096 2556 3178 2624 τῷ
3207 2554 3400 2624 κόσμῳ
3428 2554 3491 2606 τδ
3523 2553 3646 2606 θεόο

2065 2652 2156 2710 θεν
2205 2656 2497 2724 ἐξίλασμα.
2550 2655 2664 2708 Οὐκ
2711 2653 2821 2724 ἔχω
2867 2651 2924 2706 δέ
2973 2650 3061 2703 διὰ
3107 2649 3327 2710 τέλους,
3377 2647 3406 2700 δ
3460 2647 3647 2700 θέλω·

2065 2749 2202 2802 ἀλλά
2229 2749 2296 2800 τὰ
2329 2747 2501 2800 πλείω
2535 2746 2836 2813 πλάζομαι.
2865 2741 3183 2812 Τεκμήριον
3214 2740 3270 2792 δέ
3301 2741 3331 2792 6
3365 2737 3653 2797 σύνδουλός

2069 2857 2172 2908 μου
2215 2840 2308 2892 καί
2351 2855 2482 2890 ποτε
2525 2836 2895 2898 συνδιάκονος,
2933 2835 2962 2887 6
3001 2833 3185 2885 δεῖνα·
3229 2832 3362 2898 ἐμὸν
3403 2827 3652 2898 θρέμμα,

2066 2935 2162 2985 καὶ
2195 2913 2400 2998 ἀγαθδς
2435 2928 2930 2999 ύπογραμματεὺς,
2969 2924 3124 2994 φίλου
3163 2923 3494 2976 πιστοτάτου
3532 2921 3657 2972 ἀνε-

2066 3025 2188 3096 ψιός
2213 3041 2228 3056 ⁸
2267 3025 2326 3080 6v
2365 3027 2393 3077 6
2439 3021 2818 3094 φιλάνθρωπος
2863 3020 3042 3086 ζῶντα
3085 3019 3186 3090 μέν
3223 3018 3302 3078 είς
3345 3013 3658 3086 ἡγούμενον

2069 3121 2300 3177 ἐκάλεσε
2325 3160 2341 3183 ,
2399 3117 2628 3172 θανόντα
2681 3117 2739 3171 δὲ
2790 3118 2848 3168 ἐν
2905 3113 3133 3184 σκηναῖς
3183 3109 3358 3178 ἁγίων
3414 3107 3659 3178 (πεποι-

2071 3215 2178 3279 θὼς
2218 3215 2396 3280 λέγω)
2441 3211 2775 3266 ἀνέπαυσεν.
2819 3207 2995 3275 Οὗτος
3037 3205 3104 3276 δὴ
3143 3205 3172 3257 6
3217 3199 3507 3263 σύνδουλός
3555 3216 3658 3266 μου

2072 3305 2383 3378 προεκλήθη
2431 3305 2500 3358 δι’
2529 3302 2706 3374 εὐχῶν
2753 3302 2854 3370 τῆς
2905 3297 3150 3370 μεγάλης
3199 3297 3517 3363 ἁγιωσύνης
3563 3309 3660 3344 σου

2071 3406 2153 3467 είς
2205 3401 2382 3472 δνομα
2433 3381 2677 3469 ὕψηλδν,
2728 3395 2912 3464 ψήφου
2967 3392 3120 3455 θείας
3173 3387 3511 3460 μνησθείσης
3561 3385 3663 3438 αὑ-

2070 3494 2166 3551 τοῦ
2205 3495 2284 3557 είς
2321 3492 2642 3546 ἐπίσκοπον.
2672 3489 2796 3541 Ὀτι
2836 3486 2892 3540 δέ
2933 3485 3033 3538 οὒκ
3071 3482 3242 3553 ἐχρῆν
3279 3479 3457 3542 άλλως
3496 3477 3665 3530 αὑτὸν

2071 3582 2540 3655 τελεσφορηθῆναι
2576 3580 2668 3649 ὑφ’
2714 3577 2896 3648 ήμῶν.
2930 3578 2977 3628 εί
3013 3575 3089 3644 μὴ
3117 3573 3212 3627 καὶ
3248 3572 3348 3644 τήν
3397 3570 3664 3635 τοιαύτην

2071 3679 2207 3748 ήμῖν
2239 3671 2648 3742 τελεσιουργίαν
2678 3668 3025 3735 εύλογήσασα
3058 3666 3090 3734 ἡ
3125 3663 3339 3732 μεγάλη
3377 3661 3664 3730 ἀγιωσύνη

2076 3784 2176 3821 σου
2207 3766 2378 3820 πλείω
2427 3764 2518 3816 τὸν
2554 3758 2828 3828 ἁγιασμόν
2886 3755 3192 3826 ἐπιπέμψει
3249 3753 3423 3823 αὐτῷ,
3475 3751 3665 3805 καὶτὸ

2075 3860 2169 3913 ἐπὶ
2206 3857 2451 3927 κεφαλῆς
2495 3852 2669 3924 μύρον
2701 3849 3009 3918 καταϐῆναι
3059 3847 3278 3914 ποιήσει
3319 3842 3663 3912 πλημμῦρον

2077 3952 2170 4006 ἐπὶ
2205 3949 2448 4018 πώγωνα
2488 3947 2585 4000 καὶ
2617 3945 2711 3997 ἐπὶ
2764 3941 2902 4006 πᾶν,
2930 3940 2958 3992 6
3007 3939 3072 4008 δὴ
3100 3937 3294 3990 τούτου
3350 3934 3663 3987 πέπλασται

2077 4044 2347 4106 δεκτικὸν,
2383 4037 2767 4107 ἀνηνέγκαμεν
2813 4031 3106 4103 δεητικῶς.
3164 4027 3305 4082 Ἀλλ’
3335 4028 3390 4080 al
3423 4026 3662 4095 δεήσεις,

2079 4136 2218 4205 τάχα
2251 4133 2392 4187 κατά
2426 4132 2523 4194 τὰς
2557 4123 3023 4196 λογοποιουμένας
3046 4120 3199 4185 λιτάς
3231 4120 3406 4191 χωλαὶ
3436 4118 3534 4172 καὶ
3564 4117 3666 4170 αῦ-

2080 4228 2173 4282 ταὶ
2199 4225 2508 4288 διεκσᾶσαι,
2525 4219 2827 4274 κατέπεσον
2859 4235 2986 4287 μου,
3016 4217 3112 4270 καὶ
3131 4214 3232 4268 οὐκ
3261 4213 3418 4282 ἔσχον
3443 4211 3669 4275 ἐξικνεῖ-

2083 4317 2231 4381 σθαι,
2261 4316 2372 4386 ὄπη
2429 4310 2562 4383 παρ’
2596 4309 2757 4380 ἡμῶν
2791 4305 3182 4377 ἐπέμφθησαν.
3244 4304 3359 4358 Kal
3414 4301 3530 4370 ἐγὼ
3567 4301 3666 4370 μὲν

2082 4413 2223 4482 ὑπὲρ
2266 4409 2456 4462 τούτου
2504 4407 2625 4476 τρὶς
2670 4403 2763 4456 τδν
2818 4401 3012 4471 κύριόν
3059 4418 3185 4469 μου,
3249 4395 3668 4465 παναγιὼτατον

2081 4504 2370 4568 δεσπότην,
2420 4495 2774 4570 παρεκάλεσα
2797 4511 2811 4525 ⁸
2858 4496 2907 4547 οί
2940 4494 2998 4546 δέ
3047 4492 3120 4562 (τί
3150 4492 3215 4544 ἂν
3242 4490 3384 4542 εἴπω
3404 4489 3448 4556 ;)
3481 4489 3676 4540 διακοι

399 4588 790 4640 ἀνοικισθείσιν
817 4585 910 4640 ὑπ’
933 4585 1112 4639 αὐτῶν
1135 4601 1150 4616 ⁸
1185 4587 1233 4637 οι
1264 4585 1319 4637 δέ
1357 4584 1451 4636 καὶ
1478 4585 1539 4636 ἐν
1566 4583 1886 4653 οἰκήμασιν,
1919 4584 1978 4636 ἐν
2009 4603 2056 4662 ι)
2083 4595 2302 4656 νοῦντές
2337 4609 2439 4661 μου
2488 4593 2608 4653 ταῖς
2638 4590 2911 4661 δεήσεσιν,
2951 4586 3176 4656 ἀφῆκαν
3211 4581 3539 4652 καραδοκεῖν
3572 4580 3670 4646 τὴν

401 4673 481 4742 οἷς
507 4678 684 4750 ᾤκουν
709 4677 1028 4751 Χριστιανοί
1048 4692 1064 4706 ⁸
1090 4670 1167 4731 ῶν
1190 4677 1512 4743 οἰκημάτων
1540 4676 1664 4730 τινὰ
1690 4675 1786 4728 καὶ
1815 4675 1981 4739 θείοις

400 4771 781 4841 είκονίσμασιν
814 4769 1137 4840 ηγλαϊζοντο
1169 4770 1265 4823 καὶ
1297 4767 1591 4842 ἐψάλλοντο
1616 4785 1631 4800 ⁸
1668 4768 1766 4821 καὶ
1807 4765 1985 4830 οὐδεὶς

399 4860 469 4934 ἦν
497 4863 601 4926 ἐως
634 4863 727 4916 καὶ
756 4861 882 4932 χθὲς
909 4863 937 4914 6
965 4860 1167 4916 λαλῶν.
1196 4861 1359 4932 ’Δρτι
1387 4860 1445 4913 δέ
1475 4858 1540 4915 ἐκ
1564 4876 1709 4924 τινος
1741 4858 1986 4930 ἐριθείας

401 4955 640 5026 ἐλαλήθη
662 4955 726 5009 τὸ
748 4956 978 5024 πρᾶγμα
998 4969 1011 4983 ⁸
1038 4954 1134 5006 καὶ
1156 4952 1292 5022 ἐμοῦ
1314 4951 1375 5004 τὸ
1399 4951 1649 5006 ἐντεῦθεν
1671 4949 1986 5020 ἀναγκαίως

403 5051 837 5117 ὑποκινήσαντος
858 5085 878 5110 ,
909 5045 1068 5113 ἐδόθη
1107 5047 1245 5116 πρός
1278 5061 1444 5098 τινων
1479 5043 1576 5098 καὶ
1609 5042 1943 5113 κατάστιχον
1966 5057 1982 5073 ⁸

405 5144 501 5194 καὶ
528 5144 714 5212 έχουσι
739 5138 966 5194 τοιαῦτα
992 5140 1052 5191 οὐ
1083 5139 1245 5207 μόνον
1274 5140 1305 5208 ή
1336 5136 1699 5208 μητρόπολις,
1727 5134 1865 5188 ἀλλὰ
1893 5137 1986 5188 καὶ

404 5238 572 5305 ἕτερα
598 5235 892 5306 πρόσωπα.
913 5233 1039 5287 Ὅτι
1065 5230 1196 5299 γοῦν
1220 5230 1344 5299 ἐμοὶ
1371 5229 1470 5281 οὐκ
1493 5227 1883 5294 ἐκγενήσεται,
1905 5226 1986 5286 είς

403 5331 465 5382 το
496 5331 607 5383 πᾶν
636 5326 1022 5398 κατορθῶσαι,
1053 5324 1104 5377 εί
1135 5323 1214 5394 μή
1243 5323 1306 5375 ἐκ
1334 5323 1433 5392 τῆς
1466 5318 1714 5390 μεγάλης
1744 5317 1989 5386 ἁγιωσύ-

405 5441 504 5490 νης
547 5439 641 5476 σου
685 5419 1026 5482 συνετισθῶ,
1075 5417 1165 5471 ἵνα
1209 5417 1306 5469 καὶ
1345 5412 1712 5481 ὑπακούωμαι
1738 5428 1754 5445 ⁸
1799 5412 1988 5482 τολμῶ

407 5516 505 5570 ml
547 5515 759 5588 ἐρωτῶ,
806 5514 860 5567 τί
903 5511 1108 5582 ὀφείλω
1153 5509 1415 5579 nation;
1465 5507 1553 5562 ἵνα
1607 5505 1990 5576 προσκυνήσας

407 5609 717 5679 ἐγχείρήσω
747 5607 841 5661 καὶ
869 5603 1145 5658 τελειώσω
1173 5603 1250 5664 είς
1281 5599 1509 5667 ἀγαθόν.

1143 5694 1259 5748 Al".

484 5793 594 5848 Kal
624 5791 825 5854 παντὸς
855 5790 954 5860 μὲν
977 5787 1163 5849 τέλους
1188 5786 1459 5856 ἀποτυχία
1482 5785 1643 5837 λυπεῖ
1663 5785 1954 5856 ἄνθρωπον
1972 5803 1988 5819 ⁸

415 5888 452 5958 ή
479 5885 533 5940 δὲ
563 5883 657 5938 τοῦ
693 5882 898 5954 ἀγαθοῦ
931 5881 1023 5936 καὶ
1055 5880 1294 5952 μάλιστα
1322 5879 1412 5934 τὸν
1443 5878 1543 5933 ούκ
1573 5875 1677 5942 ἔξω
1709 5881 1822 5942 v06;
1857 5881 1992 5952 ῥεμ-

2084 4685 2261 4751 λύσιν,
2286 4683 2387 4736 οῦκ
2416 4677 2534 4735 οἶδα
2563 4679 2767 4750 πηνίκα
2807 4677 3172 4746 ἐλευσομένην
3201 4691 3292 4744 μοι
3311 4690 3326 4705 ⁸
3359 4671 3670 4744 ὅμοιονς-ὼς

2086 4779 2136 4832 εί
2168 4779 2264 4831 καὶ
2296 4774 2574 4842 ἐξανοίξας
2605 4791 2692 4836 τις
2724 4773 2785 4825 τὸ
2833 4771 3008 4840 στόμα
3031 4770 3110 4829 είς
3132 4767 3366 4832 ἔνθεσιν,
3391 4760 3516 4818 εἶτα
3553 4765 3672 4818 διαο

2085 4870 2282 4944 τριϐὴν
2327 4867 2422 4920 τοῦ
2451 4863 2814 4935 ἐλπιζομένου
2863 4859 3146 4932 δυστυχῶν
3183 4858 3442 4929 κάθηται,
3475 4858 3672 4927 διαχά-

2088 4982 2237 5018 σκων
2270 4964 2352 5024 είς
2375 4961 2595 5030 ἀνεμον,
2635 4959 2668 5028 ἢ
2705 4958 2801 5012 καὶ
2821 4957 2921 5027 τὴν
2953 4953 3196 5024 κεφαλὴν
3257 4952 3547 5020 ὑποκύψας
3579 4950 3671 5002 καὶ

2089 5053 2449 5124 ἀνακαλύψας
2477 5055 2552 5114 είς
2580 5049 2832 5118 εὐλογίας
2880 5047 3170 5118 ὑποδοχήν.
3217 5045 3340 5098 Ἐπὶ
3372 5043 3589 5114 μακρὸν
3613 5041 3670 5094 δέ
3726 5051 3731 5056 ’

2088 5149 2296 5218 ταύτην
2346 5144 2488 5214 ὁρῶν
2532 5142 2967 5212 διαμέλλουσαν,
3019 5140 3172 5209 μένει
3230 5139 3324 5190 ἐπὶ
3360 5137 3670 5206 σχήματος,

2089 5241 2363 5310 ἀφέμενος
2395 5238 2505 5306 τῆς
2538 5236 2852 5306 ὀρθότητος.
2894 5232 3035 5286 Ἀλλ’
3075 5232 3183 5285 ίδοὺ
3239 5231 3334 5284 καὶ
3364 5233 3399 5300 ή
3437 5229 3670 5297 ἐλεημο-

2091 5334 2226 5402 σύνη
2261 5331 2352 5386 τοῦ
2385 5329 2696 5398 ἀγιωτάτου
2736 5327 2998 5382 αὑθέντου
3043 5327 3139 5378 καὶ
3176 5323 3471 5393 εὐεργέτου
3499 5321 3670 5389 πολλὴ

2089 5424 2218 5495 περὶ
2247 5423 2372 5492 ἐμέ.
2403 5420 2513 5475 Kal
2542 5421 2594 5474 τί
2622 5419 2689 5490 δὴ
2717 5417 2940 5482 κωλύει,
2987 5416 3085 5469 καὶ
3115 5415 3353 5486 τέταρτα
3412 5411 3670 5482 δεηθῆναί

2093 5533 2200 5586 με;
2231 5515 2406 5586 Τυχὸν
2427 5514 2488 5566 ού
2513 5509 2776 5584 ψεύσεταί
2801 5527 2890 5580 με.
2935 5508 2998 5562 Ὀ
3024 5506 3157 5576 γοῦν
3184 5505 3388 5577 ταύτην
3428 5501 3670 5574 κομίζων

2090 5602 2189 5673 τὴν
2242 5601 2428 5670 δέησιν
2463 5602 2753 5670 γενήσεται
2784 5600 2915 5668 ήμῖν
2945 5596 3006 5650 τὸ
3039 5596 3234 5650 καλόν·
3261 5595 3358 5648 καὶ
3391 5595 3487 5648 ἐπὶ
3508 5593 3670 5648 πλέον

2090 5695 2191 5748 οὐκ
2231 5692 2671 5764 ἀναρτησόμεθα.
2707 5690 2934 5761 Τολμῶν
2964 5685 3059 5744 οὖν
3103 5695 3198 5742 καὶ
3231 5688 3393 5742 πάλιν
3431 5706 3528 5742 σου
3555 5689 3671 5741 δέο-

2095 5803 2214 5857 μαι,
2252 5785 2482 5839 ἀκοῦσαι
2517 5783 2798 5837 σύνδουλόν
2850 5801 2954 5854 μου
3015 5784 3075 5837 τὸ
3125 5775 3527 5850 εὐλόγήθητιο
3578 5782 3672 5834 καὶ

2094 5880 2247 5933 ἔσται
2272 5879 2656 5951 εὐλογημένος,
2690 5880 2765 5944 είς
2793 5879 2858 5952 ἦν
2894 5877 3028 5950 πρὸς
3049 5876 3185 5931 Θεοῦ
3213 5875 3418 5948 ἐκλήθη
3448 5877 3674 5930 ἐπισκο-
