3974 6550
397 414 490 470 zeal
518 414 618 487 τῆς
639 415 852 473 ἐκείνου
891 419 1018 487 θίας
1049 423 1145 479 καὶ
1176 425 1472 499 θεραπείας
1519 431 1819 503 ἀξιωθεῖσι,
1851 457 1968 494 κοι-

395 508 504 572 νῶς
558 509 710 580 ἡμᾶς
767 511 1122 580 ἀφοσιοῦσθαι
1170 521 1240 576 τά
1277 522 1386 576 τῶν
1435 526 1632 596 εὐχῶν.
1685 530 1782 595 Τίς
1811 531 1870 587 δέ
1905 534 1970 588 ἂν

394 602 688 673 προσήκων
739 606 826 675 εἴη
879 609 1144 675 τοιούτοις
1193 618 1412 684 σεμνοῖς
1441 619 1678 690 ῦπεροεν
1727 625 1828 693 τῆς
1865 628 1967 697 σῆς

389 690 755 763 ἀντιλήψεωςς
795 697 953 770 εἴπερ
992 703 1018 754 6
1042 704 1332 772 κράτιστος
1362 708 1521 778 ήμῶν
1548 690 1827 780 βασιλεὺς.
1861 690 1970 773 ὥσ·-

389 799 492 853 περ
525 783 730 841 ἐκεῖνον
761 789 914 858 Θεὸς,
949 792 1092 848 οῦτω
1131 797 1226 851 καὶ
1255 799 1416 863 αὐτὸς
1461 801 1668 876 εὕρηκε
1706 807 1766 861 σέ
1803 808 1966 879 θερα-

389 876 578 931 πεύειν
631 879 691 933 τὸ
725 881 890 936 αὐτοῦ
936 885 1120 942 ἔνθεον
1169 890 1541 949 ίκανώτατον’
1593 897 1670 963 ὡς
1726 901 1819 954 τὸν
1867 876 1970 973 μὲν

387 965 760 1038 αὐτοκράτορα
804 972 1073 1042 βασιλίων
1096 978 1405 1051 ὑπερῆρθαι
1441 986 1682 1054 πάντων,
1722 991 1818 1055 οὓς
1856 965 1967 1048 ἐσω

387 1057 625 1126 μεγάλου
651 1057 928 1134 θαύματος
947 1068 976 1121 6
1011 1069 1221 1139 μακρὸς
1246 1073 1440 1142 χρόνος
1474 1077 1636 1147 ἐθηκε
1655 1095 1669 1109 ’
1703 1082 1762 1134 τὸ
1787 1082 1842 1136 δέ
1873 1085 1966 1141 σὸν

387 1150 728 1221 μεγαλοφυὲς
761 1156 1120 1228 ὑπερκεῖσθαι
1151 1164 1399 1232 πάντων,
1444 1169 1605 1235 ὅσους
1643 1173 1694 1226 οῖ
1729 1176 1964 1245 πατέρες

386 1244 533 1314 ἡμᾶς
557 1245 822 1314 ἐδίδαξαν,
859 1252 954 1304 καὶ
985 1247 1066 1315 οἷς
1089 1254 1364 1328 ὀφθαλμὸς
1393 1262 1675 1336 αὐτόπτης
1702 1244 1960 1324 ἐπέϐαλε.

385 1335 494 1387 Καὶ
524 1336 665 1427 οῌῦτω
708 1340 809 1409 μέν
842 1343 974 1412 ἡμῖν
1003 1345 1182 1401 ἐκεῖνο
1207 1350 1418 1418 γίνεται
1451 1353 1512 1408 τὸ
1540 1355 1604 1409 ἐκ
1630 1335 1725 1412 τοῦ
1757 1360 1961 1427 κοινοῦ,

383 1424 479 1478 καὶ
510 1418 623 1480 οἷον
651 1431 826 1482 εἰπεῖν
851 1433 910 1486 τὸ
939 1436 1079 1490 κατά
1119 1439 1415 1510 περίληψιν
1440 1444 1542 1514 τῆς
1575 1446 1763 1516 εὐχῆς.
1801 1450 1874 1503 Τὸ
1903 1418 1965 1505 δέ

384 1515 586 1583 ίδιάζον
634 1521 833 1594 ἔχομεν
879 1525 1030 1614 αὐτοὶ
1057 1528 1123 1583 ἐκ
1162 1530 1272 1584 τῶν
1317 1537 1396 1596 είς
1433 1537 1579 1606 ήμᾶ,
1611 1515 1833 1607 ἀγαθῶν
1862 1543 1964 1614 τῆς

382 1609 484 1680 σῆς
510 1611 851 1684 ἀντιλήψεως
876 1633 890 1649 ο
927 1609 1004 1672 ὧν
1033 1621 1166 1692 ἡμῖν
1190 1624 1250 1678 τὸ
1284 1625 1488 1696 ῥεῦμα,
1521 1629 1596 1693 ώς
1617 1632 1711 1684 καὶ
1735 1635 1814 1697 είς
1839 1609 1964 1690 ἀέν-

380 1720 506 1756 ναον
534 1705 811 1777 ἐξαρκεῖν,
841 1710 1299 1785 ἐπεπλήμμυρεν.
1343 1719 1507 1774 Ἀλλά
1538 1723 1703 1778 τοῦτο
1751 1726 1851 1794 μέν
1895 1727 1960 1782 τὸ

1819 321 2184 390 ΑΟΟΕΝΒᾹ

2075 539 2213 592 κατά
2277 543 2452 613 στόμα
2503 552 2971 623 προσυπαντῆσαν
3039 556 3241 611 παύσει
3300 561 3400 632 τῆς
3434 539 3656 638 βορότηο

2070 647 2182 694 τος.

2781 743 2906 798 AZ'.

2638 850 2723 916 Τῷ
2778 854 3080 922 Μυστικῷ.
3133 890 3140 895 -

2153 957 2212 1012 ’0
2237 957 2392 1025 Θεὸς,
2418 963 2447 1015 6
2475 963 2601 1026 τοὺς
2621 963 2810 1032 ἁγίους
2837 967 2993 1036 ἡμῶν
3022 968 3260 1038 βασιλεῖς
3286 976 3382 1029 zeal
3416 979 3646 1048 στερεώ⁴

2071 1067 2172 1114 σας
2201 1054 2296 1105 καὶ⁵
2333 1054 2589 1122 στερεῶν,
2640 1057 2739 1110 zeal
2771 1059 2860 1112 ἀεὶ
2905 1061 3128 1132 άνυψῶν
3177 1067 3273 1120 καὶ
3332 1069 3644 1136 ἐαιτιιιυξάνιιιη⁹
3695 1102 3705 1108 -

2065 1144 2166 1215 τὴν
2195 1144 2377 1199 ἔνθεον
2408 1145 2686 1216 βασιλείαν
2716 1150 2918 1215 αὐτῶν,
2969 1145 3044 1206 ὧν
3070 1156 3134 1208 σὺ
3178 1155 3431 1225 θεράπων
3494 1164 3646 1231 ἐγγίδ

2067 1234 2177 1299 ζων
2205 1253 2263 1289 τε
2296 1237 2390 1290 zeal
2423 1240 2769 1306 πιστότατος,
2810 1245 3018 1310 ἐκεῖνος
3083 1251 3348 1322 προσθείη
3403 1257 3641 1322 μακροὺς

2065 1328 2288 1396 χρόνους
2313 1332 2377 1401 τῇ
2405 1333 2472 1400 σῇ
2503 1330 2617 1404 ζωῇ
2643 1348 2658 1366 ο
2697 1333 2784 1388 ῖνα
2815 1335 2914 1410 ἔχῃ
2947 1355 3007 1391 σε
3037 1340 3067 1393 6
3091 1342 3297 1410 κόσμος
3327 1346 3408 1408 εἰς
3465 1346 3642 1402 κοινὸν

2064 1419 2394 1484 ἀγαθὸν,καὶ
2447 1422 2757 1490 ἀξιωθείης.
2821 1427 3012 1500 ῶσπερ
3065 1433 3301 1488 ἐνταῦθα
3369 1439 3641 1505 μεγίστων

2061 1505 2258 1572 τιμῶν,
2289 1507 2431 1560 οὕτω
2461 1510 2554 1562 zeal
2609 1512 2668 1564 ἐν
2717 1513 2796 1580 τῷ
2854 1516 2972 1570 ἐκεῖ
3011 1518 3168 1571 αἰῶνι
3211 1525 3312 1588 τῆς
3372 1525 3512 1591 πρὸς
3554 1527 3640 1581 τὸν

2061 1598 2416 1664 παμδασ·λέα
2471 1601 2606 1655 Θεὸν
2633 1606 2962 1677 ἐγγύτητοςο
2995 1610 3130 1681 ὅπερ
3165 1614 3258 1665 zeal
3299 1615 3492 1687 θάρόει
3549 1619 3640 1674 σὺν

2059 1689 2204 1756 Θεῷ.
2236 1692 2430 1765 Είγὰρ
2457 1697 2548 1746 zeal
2595 1696 2776 1760 ἄλλοις
2828 1700 3070 1764 κίνδυνος
3122 1702 3348 1758 ὕπεστιν
3389 1707 3640 1773 ἀκοῦσαι,

385 1795 477 1867 τῆς
502 1797 668 1869 εὐχῆς
697 1801 871 1868 οὕτως
921 1780 1375 1877 εῑσαέιγίζρεται,
1407 1814 1502 1866 καὶ
1549 1815 1668 1869 οὐδὲ
1695 1780 1956 1889 λήξειγζ.
1987 1805 2028 1861 Β
2060 1780 2272 1889 ff".
2300 1783 2492 1889 ἀγξαθά
2543 1800 2662 1889 fw”
2715 1789 2792 1889 ἐν
2836 1789 2940 1889 ,τῆ
2986 1791 3113 1889 ζωῇ,
3150 1809 3269 1849 σου
3320 1797 3640 1866 ἀπέλαϐες.

378 1889 620 1957 νόμενον,
644 1891 750 1956 ἕως
793 1893 862 1949 ἂν
893 1897 987 1951 zeal
1015 1900 1045 1953 6
1095 1901 1220 1965 νοῦς
1260 1903 1320 1956 ἐν
1348 1904 1426 1974 τῷ
1461 1906 1759 1962 καθεστῶτι
1790 1913 1952 1985 μένῃ,

377 1981 558 2036 καὶτὸ
583 1985 759 2055 στόμα
785 1988 923 2057 πρὸς
951 1990 1150 2060 λόγους
1171 1994 1480 2067 ἀνοίγηται.
1511 2000 1638 2056 Erae
1671 2002 1729 2055 δὲ
1759 1997 1828 2074 ἦν
1858 1981 1952 2058 mh

377 2075 468 2128 ἐπὶ
516 2076 641 2131 τάδε
677 2078 770 2134 τοῦ
803 2082 996 2151 χρόνου
1041 2085 1200 2140 τοῦτο
1247 2088 1512 2155 γίνεσθαι.
1553 2092 1718 2161 Ἡμῖν
1767 2094 1843 2160 δέ,
1869 2099 1952 2152 ὃτι

338 2167 343 2174 ’
375 2167 669 2238 γράμμασι
698 2176 1204 2245 προσκυνήσαντες,
1235 2181 1330 2234 καὶ
1361 2182 1452 2236 διὰ
1510 2183 1820 2253 προσώπων
1849 2188 1953 2244 οὐκ

375 2258 478 2324 ἔξω
505 2261 665 2331 λόγου
717 2269 1029 2322 πιπτόντων
1077 2271 1284 2341 ὁμοίως
1329 2279 1814 2348 προσενεχθέντες,
1849 2283 1950 2337 οὐκ

374 2353 604 2427 ἐσχομεν
658 2357 875 2428 μαθεῖν,
907 2363 956 2414 εἰ
989 2362 1050 2416 τὸ
1099 2364 1256 2434 ἡμῶν
1280 2363 1498 2436 ἀξίωμα
1531 2369 1782 2440 εἰσῆλθεν
1811 2374 1948 2428 ἐνώ-

375 2463 503 2502 πιον
549 2451 649 2522 τῆς
677 2449 778 2522 σῆς
810 2453 1176 2526 ἀντιλήψεως,
1215 2457 1564 2515 εὐλαϐεῖσθαι
1595 2467 1948 2534 περιγίνεται

374 2543 466 2596 zeal
503 2543 564 2598 τὸ
591 2545 724 2601 πολὺ
751 2547 846 2602 τοῦ
883 2549 1108 2621 θαρῤεῖν
1135 2553 1526 2628 ὑποτέμνεται,
1551 2561 1766 2632 μήποτε
1792 2563 1947 2634 παρὰ

373 2633 544 2706 Θύρας
573 2635 624 2707 (6
671 2633 857 2710 φασιν)
916 2640 1125 2712 ῆκομεν
1153 2645 1251 2716 τῆς
1286 2648 1388 2718 σῆς
1419 2652 1584 2721 ἁγίας
1616 2652 1818 2726 ψυχῆς,
1852 2633 1947 2709 καὶ

370 2728 449 2822 είς
478 2728 821 2800 ἀποθυμίους
845 2736 1117 2810 πίπτομεν
1139 2760 1154 2775 ·
1174 2744 1312 2815 ὅπερ
1341 2747 1418 2818 μὴ
1446 2751 1599 2820 ἡμῖν,
1627 2750 1784 2822 κύριέ
1817 2769 1946 2820 μου,

633 2837 650 2852 ο
681 2823 758 2892 μὴ
790 2825 946 2896 ἡμῖν,
981 2830 1316 2907 ἀντιλῆπτόρ
1345 2816 1451 2904 μου
1466 2816 1498 2871 ’ί
1546 2840 1686 2912 πρὸς
1704 2816 1829 2910 ⁷τῆς
1847 2816 1946 2912 σῆς

368 2907 530 2974 ἀγίας
556 2910 906 2987 ψυχῆς·πρὸς
925 2920 1020 2972 τοῦ
1057 2921 1299 2991 πλάτους
1317 2927 1417 2998 τῆς
1445 2929 1544 3000 σῆς
1581 2907 1943 3000 ἀγαθότητοξ,

367 3000 434 3070 ἢν
456 3001 558 3056 οὐκ
602 3002 722 3058 ἐστι
775 3013 1329 3085 στενοχωρήσασθαιο
1367 3020 1505 3088 πρὸς
1556 3023 1654 3092 τῆς
1692 3025 1941 3094 μνήμης.

378 3093 520 3152 ’Δλλ⁹
543 3091 590 3151 ὦ
621 3115 737 3168 μοι,
767 3101 822 3155 τί
853 3102 1079 3174 ἔπαθον,
1116 3107 1198 3162 ὅτι
1247 3110 1508 3182 τοιαύτην
1533 3091 1760 3185 μνήμην
1788 3091 1942 3172 οὔπω
1966 3151 2010 3210 c

364 3188 479 3245 δέον
504 3188 564 3244 ὃν
591 3191 958 3264 κεκλήρωται,
989 3197 1048 3252 δν
1075 3199 1188 3254 ἔδει
1201 3201 1378 3266 ζῶντα
1398 3206 1513 3267 τοῖς
1544 3205 1647 3275 μὲν
1671 3208 1935 3279 ἐντυγχά-

364 3296 545 3337 νουσιν
571 3286 857 3348 ἀσπασίως
885 3287 1204 3358 βλέπεσθαι,
1230 3296 1345 3358 τοῖς
1375 3296 1433 3349 δέ
1462 3296 1666 3362 λοιποῖς
1693 3299 1782 3356 διά
1807 3301 1936 3368 γλυ-

363 3372 519 3438 κείας
551 3377 772 3451 μνήμης
815 3383 1099 3454 φέρεσθαι,
1127 3386 1496 3456 καραδοκοῦσι
1525 3391 1626 3460 τῆν
1653 3392 1728 3455 εἰς
1761 3395 1934 3449 νέωτα

361 3467 637 3539 ιντευξιν;
685 3475 778 3545 Μὴ
837 3477 988 3546 ἡμῖν,
1041 3479 1177 3550 πρὸς
1221 3480 1322 3548 τῆς
1383 3485 1661 3554 μακαρίας
1710 3487 1934 3557 μνήμης

359 3561 572 3618 ἐκείνου
597 3566 696 3620 τοῦ
725 3566 1225 3644 θντοςμακαρίτου
1251 3575 1580 3646 ἀρχιερέως,
1610 3578 1706 3632 τοῦ
1740 3580 1936 3634 δεσπό-

358 3667 455 3708 του
507 3671 643 3722 μου·
675 3649 738 3712 οὗ
771 3660 912 3714 κατὰ
937 3662 1098 3732 σῶμα
1125 3665 1224 3735 μὲν
1251 3670 1426 3736 τάφος
1468 3660 1582 3732 εἷς’
1619 3671 1678 3723 al
1702 3670 1760 3724 δὲ
1794 3670 1932 3724 πάνυ

359 3756 468 3795 των
500 3742 701 3815 ψυχαὶ,
726 3741 808 3812 οἷς
836 3749 1077 3816 ἐγνωστο
1111 3754 1377 3824 (ἐγνωστο
1409 3757 1578 3828 δέ⁶⁶“)
1611 3759 1933 3831 ἐγκείμενον

359 3831 634 3904 φέρουσιν,
669 3838 766 3908 οὐχ
791 3838 881 3895 οἶά
929 3859 1051 3896 τινα
1085 3846 1316 3914 κενήρια
1372 3847 1470 3902 καὶ
1499 3852 1695 3919 μέχρις
1731 3851 1932 3922 ὀνόμα-

356 3939 447 3988 τος
476 3944 489 3957 ·
522 3926 660 3982 ἀλλά
688 3930 982 4003 θειότερον,
1029 3935 1114 3990 ὅτι
1147 3937 1288 4007 πρὸς
1319 3940 1554 4010 πρᾶγμα
1576 3941 1671 3996 καὶ
1707 3944 1928 4014 νοερῶς.

367 4018 532 4074 Ἀλλά
553 4019 606 4073 τί
623 4021 686 4093 δή
713 4039 842 4077 ποτε
871 4025 1021 4097 αὐτῷ
1057 4029 1158 4098 μέν
1184 4028 1308 4099 ἐμοὶ
1335 4029 1641 4104 ἐξευρίσκω
1674 4036 1930 4108 μηχανὴν

357 4111 690 4183 παρήγορον,
721 4116 812 4169 τὸν
837 4116 896 4170 δέ
947 4118 1203 4175 ἐλεοῦντα
1259 4123 1477 4196 ἐκτήκω
1506 4127 1621 4192 τοῖς
1667 4128 1927 4199 δάκρυσι,

360 4203 550 4276 μνήμη
613 4207 872 4274 φιλτάτου
926 4211 1224 4281 ὀνόματος;
1258 4210 1319 4270 οὗ
1373 4219 1687 4288 στερεῖσθαι
1732 4223 1927 4275 ταυτὸν

356 4293 424 4347 ἂν
449 4297 535 4365 εἴη
575 4297 652 4367 τῷ
683 4301 1041 4372 μεμνημένῳ,
1072 4303 1148 4365 ώς
1197 4306 1295 4358 ἐάν
1323 4307 1417 4360 zeal
1441 4307 1643 4379 ψυχῆς.
1671 4310 1737 4362 Τί
1767 4310 1827 4364 δέ
1865 4313 1926 4364 τὸ

355 4387 494 4455 πρὸς
541 4389 732 4460 ῆδονῆς
778 4393 901 4463 ἐμοὶ
933 4393 1268 4466 θηρώμενος,
1299 4398 1360 4452 τὸ
1381 4400 1520 4470 πρὸς
1551 4400 1926 4474 ἐλεημοσύνην

2059 1871 2196 1926 ἀλλά
2223 1873 2308 1938 σὺ,
2354 1874 2430 1940 ώς
2483 1879 2664 1933 πάντα
2713 1881 2771 1934 ἐν
2828 1883 2951 1954 Θεῷ
3005 1886 3282 1954 πράττων,
3351 1889 3447 1944 καὶ
3503 1892 3639 1962 πρὸς

2059 1965 2268 2020 ἐκεῖνον
2296 1969 2541 2040 ἀφορῶν.
2574 1975 2665 2025 καὶ
2711 1976 2811 2043 τῆς
2841 1977 2958 2030 ἐκεῖ
2985 1979 3148 2048 δόξης
3205 1981 3520 2051 ἐφιέμενος,
3572 1987 3638 2042 δι’

2055 2055 2124 2126 ῆν
2163 2059 2257 2110 καῖ
2283 2059 2462 2123 πάντα
2493 2065 2666 2126 ποιεῖς
2698 2063 2765 2118 τά
2808 2067 2944 2136 πρὸς
2977 2067 3279 2138 θεραπείαν
3331 2073 3470 2127 Θεοῦ
3495 2090 3509 2104 ·
3543 2079 3640 2130 καὶ

2056 2143 2156 2203 ὦδε
2184 2150 2252 2203 τὰ
2288 2151 2345 2214 ἐξ
2374 2153 2581 2206 ἐκείνου
2608 2153 2754 2222 ἔχεις
2791 2156 2997 2223 άγαθά,
3047 2161 3141 2213 καὶ
3189 2162 3307 2215 ἐκεῖ
3359 2165 3415 2217 δέ
3474 2168 3637 2220 ἀκού-

2054 2259 2166 2305 σεις
2191 2259 2207 2275 ⁸
2230 2243 2506 2308 Εῖσελθε,
2526 2245 2732 2309 δοῦλε.
2757 2249 2848 2314 εις
2889 2251 3005 2315 τὴν
3036 2253 3230 2320 χαρὰν
3273 2255 3384 2310 τοῦ
3413 2261 3637 2326 Κυρίου

2050 2349 2187 2392 σου.
2227 2334 2288 2392 '0
2359 2338 2812 2409 θαυμασιώτατος
2879 2344 3291 2416 καθηγούμενος
3335 2352 3365 2403 6
3407 2351 3578 2416 δεῖνα,
3607 2355 3636 2404 ό

2052 2429 2357 2493 ἐνδιάθετος
2398 2431 2496 2485 καὶ
2525 2431 2857 2501 θερμότατός
2887 2453 2985 2489 σου
3019 2439 3247 2508 εὺχέτης
3304 2441 3401 2493 zeal
3459 2442 3635 2512 κῆρυξ

2053 2520 2164 2574 τῶν
2222 2521 2334 2574 σῶν
2382 2523 2765 2595 άγαθουργιῶν
2825 2527 3166 2598 διαπρύσιος,
3207 2531 3485 2603 ἐπηύξησέ
3544 2553 3633 2603 μοι

2045 2611 2145 2682 τὴν
2167 2613 2538 2683 εὐχαριστίαν,
2565 2617 2886 2684 ἀναδιδάξας
2919 2637 3011 2688 με,
3044 2621 3128 2675 ὅτι
3153 2623 3217 2676 ἐκ
3245 2624 3382 2678 Θεοῦ
3406 2627 3633 2696 ὁδηγίας

2047 2704 2334 2774 ἐμνήσθης
2365 2705 2503 2774 πρὸς
2532 2707 2696 2761 αὑτὸν
2729 2708 2832 2776 τῆς
2880 2709 3023 2779 ἐμῆς
3083 2715 3497 2783 ταπεινότητος.
3542 2719 3632 2771 Διὸ

2045 2796 2139 2848 καὶ
2167 2795 2450 2867 θαρρήσας
2477 2799 2781 2867 περικαλῶ,
2817 2801 2905 2855 ῖνα
2933 2802 3021 2857 διὰ
3061 2803 3153 2858 τὸν
3187 2805 3340 2872 Θεὸν,
3364 2807 3424 2860 δν
3455 2808 3630 2877 ὕπερ-

2044 2885 2347 2952 6αλλόντως
2375 2890 2581 2954 ποθεῖς,
2617 2891 2712 2945 καὶ
2744 2893 2833 2947 διὰ
2865 2894 2926 2947 τὸ
2981 2895 3213 2963 δίκαιον,
3249 2897 3310 2950 οῦ
3372 2899 3627 2969 ὑπερμα-

2044 2980 2177 3047 χεῖς,
2229 2980 2327 3034 ἐάν
2349 2999 2435 3044 τις
2466 2983 2575 3036 τῶν
2598 2982 2692 3036 τοῦ
2725 2983 2939 3038 κελλίου
2999 3003 3104 3055 μου
3159 2989 3298 3059 ἔχων
3332 2991 3628 3046 δυσκολίαν

2045 3069 2103 3135 ἐξ
2135 3069 2346 3134 ἀδικίας
2371 3074 2752 3144 προσκαλῆται
2781 3078 2864 3139 είς
2895 3077 3152 3149 βοήθειαν
3195 3081 3295 3149 τὴν
3339 3081 3627 3152 ἀντίληψίν

2044 3177 2160 3226 σου,
2187 3163 2509 3236 ἐμπαρέχῃς
2531 3167 2680 3235 αὐτῷ
2711 3167 2811 3238 τὴν
2839 3169 2934 3222 ἐπὶ
2976 3170 3172 3238 δικαίῳ
3204 3171 3484 3241 βοήθειαν.
3515 3175 3626 3227 Kal

2043 3254 2260 3317 πάντως
2292 3253 2453 3308 δώσει
2501 3259 2529 3310 6
2573 3256 2706 3321 Θεὸς
2749 3259 2842 3313 zeal
2877 3259 3018 3331 ὑπὲρ
3066 3260 3259 3316 τούτου
3306 3263 3407 3334 τῆν
3460 3264 3625 3348 ἀξίαν

2043 3345 2278 3416 ἀμοιϐὴν
2301 3350 2368 3418 τῇ
2404 3348 2686 3420 ἀντιλήψει
2723 3368 2843 3407 σου.

2761 3445 2889 3501 AH'.

2643 3558 2728 3624 Τῷ
2762 3561 3022 3630 Σερῤῶν.

2123 3660 2500 3733 Ἐπεθύμησα,
2528 3664 2724 3735 ὥσπερ
2752 3668 2846 3722 τοῦ
2879 3671 3010 3724 ίδεῖν
3069 3690 3155 3739 σε,
3183 3674 3328 3729 οὕτω
3385 3677 3480 3730 καὶ
3521 3677 3619 3730 τοῦ

2036 3753 2128 3807 διὰ
2153 3755 2372 3826 γραφῆς
2408 3762 2729 3827 προσειπεῖν
2757 3761 2856 3832 τὴν
2900 3764 3002 3836 σὴν
3033 3767 3319 3838 ἀγιότητα.
3353 3771 3464 3822 Kal
3522 3769 3616 3824 τοῦ

2040 3842 2142 3912 μὲν
2165 3845 2385 3916 πρώτου
2411 3847 2578 3903 αῖτιοι
2629 3849 2754 3904 οὔτε
2780 3852 2912 3921 ἐγὼ,
2939 3853 3062 3908 οὔτε
3095 3856 3205 3926 μὴν
3251 3861 3285 3928 ῆ
3332 3858 3616 3927 άγιωσύνη

2038 3951 2134 3988 σου
2157 3951 2176 3968 ·
2229 3937 2294 3990 οὐ
2321 3937 2429 4009 γὰρ
2447 3939 2704 4008 θαμίζειν
2724 3944 2864 4014 πρὸς
2883 3944 3148 4018 ἀλλήλους
3183 3948 3402 4018 ἔχομεν.
3430 3951 3540 4005 Τοῦ
3560 3952 3613 4004 δὲ

2034 4030 2345 4105 δευτέρουή
2373 4033 2472 4104 μὲν
2500 4036 2782 4108 ἀγιωσύνη
2808 4057 2904 4094 σου
2949 4041 3068 4105 πῶς
3087 4042 3156 4097 ἀν
3187 4059 3204 4109 ;
3235 4044 3377 4114 τάχα
3407 4047 3465 4100 δέ
3491 4046 3612 4099 οὐδὲ

2035 4123 2168 4192 ἐγὼ,
2205 4125 2344 4180 ἀλλὰ
2375 4127 2444 4180 τὰ
2483 4129 2614 4194 περὶ
2643 4130 2745 4198 ἐμέ
2775 4132 3106 4201 πράγματα.
3154 4135 3609 4206 Πληροφορήθητι

2034 4215 2164 4283 γάρ,
2209 4216 2291 4267 ὅτι
2340 4215 2595 4280 τοσοῦτος
2654 4218 2812 4288 δχλος
2859 4221 3159 4290 φροντίδων
3208 4225 3458 4292 ἀμφέπει
3517 4243 3609 4296 με,

2033 4305 2108 4366 ὡς
2137 4306 2246 4359 ἀπὸ
2271 4305 2524 4377 φυλακῆς
2549 4311 2769 4379 πρωῖας
2796 4311 2901 4375 ἕως
2936 4313 3031 4366 καὶ
3058 4315 3140 4378 είς
3171 4315 3322 4386 ῆλιον
3345 4317 3408 4370 οὐ
3435 4334 3607 4371 κατα-

2031 4395 2200 4450 δύντα
2229 4397 2414 4467 μόνον,
2443 4398 2579 4454 ἀλλά
2624 4402 2722 4454 καὶ
2759 4406 2873 4468 τοῖς
2907 4403 3014 4457 ὑπὸ
3040 4406 3152 4482 ⁸γῆν
3201 4407 3607 4477 ἐμδαθύναντα,

351 4480 707 4552 ἐπίστροφον,
761 4485 1019 4555 κρατῆρα
1065 4487 1243 4560 λύπης
1271 4489 1556 4561 ἐπιστέφω
1599 4493 1680 4564 τῷ
1710 4494 1930 4564 ἐνδαψι-
1955 4497 2010 4560 D
2033 4493 2314 4564 τρίϐεσθαι
2352 4495 2434 4560 είς
2463 4497 2718 4569 ἐντυχίας
2767 4480 3184 4570 πραγματικάς,
3213 4494 3290 4557 ὧν
3311 4487 3605 4576 ’ἀμελῆσαι

351 4569 629 4646 λευομένῳ
681 4574 773 4630 τὸν
817 4577 992 4643 ἔλεον,
1037 4579 1380 4652 άντιμετρῶν
1413 4583 1514 4638 οὐκ
1561 4585 1769 4654 ἀγαθά,
1801 4589 1926 4644 οὐδέ

349 4664 460 4718 τῶν
509 4665 836 4736 κρειττόνων
871 4669 1509 4744 ἀντικαταλλασσόμενος
1549 4677 1749 4746 ὃμοιας
1784 4679 1925 4750 Φέρε

349 4757 414 4828 δὴ
445 4759 836 4830 περιμετρήσω
862 4758 944 4830 τῷ
973 4759 1206 4816 θλίόοντι
1235 4765 1304 4818 τά
1348 4764 1509 4835 ίλαρά
1533 4781 1548 4798 ο
1581 4765 1924 4841 ψυχαγωγή-

350 4862 432 4905 tuo
471 4847 566 4905 τὸν
600 4847 800 4918 μικροῦ
840 4851 934 4906 zeal
972 4852 1296 4909 ἐκλείποντα
1323 4871 1338 4885 ’
1374 4847 1685 4929 ἀπιστήσω
1709 4859 1770 4912 τὸ
1802 4860 1925 4930 τέρ-

349 4938 561 5010 πον.τῷ
613 4940 880 5012 λυπηρῷ·
939 4946 1371 5017 άντισταθμήσω
1423 4947 1486 5001 τὸ
1534 4949 1810 5017 γλυκάζον
1845 4953 1924 5024 τῷ

347 5033 714 5104 πικραίνοντι,
760 5034 859 5088 zeal
912 5038 1106 5110 μνήμη
1151 5039 1492 5108 γλυκυτάτου
1523 5041 1789 5111 ὀνόματος
1823 5061 1923 5098 κα-

348 5128 641 5198 τακεράσω
667 5127 730 5182 τὸ
747 5127 1016 5198 πικράζον
1036 5131 1234 5198 ἐκεῖνο,
1258 5133 1353 5186 zeal
1377 5133 1761 5200 ἀνασκευάσω,
1781 5136 1922 5208 πρὸς

347 5219 483 5290 ὅπερ
505 5219 696 5292 ἐχρῆν.
740 5222 884 5292 Πρὸς
917 5221 1016 5292 τῆς
1048 5221 1230 5274 ἐνθέου
1265 5226 1359 5277 zeal
1417 5225 1726 5295 ἁγιωτάτης
1757 5226 1918 5293 βασι-

345 5309 502 5380 λικῆς
534 5313 795 5382 κεφαλῆς,
822 5312 913 5385 ὑφ’
941 5308 1008 5388 ἧς
1036 5313 1097 5367 τὸ
1132 5314 1239 5368 πᾶν
1256 5315 1352 5385 τῆς
1382 5317 1709 5387 οἰκουμένης
1757 5317 1920 5386 σῶμα

347 5401 444 5455 zeal
469 5402 754 5472 συνέχεται
777 5405 873 5460 zeal
898 5404 1174 5474 ἀνέχεται,
1204 5405 1492 5462 εἰσελθέτω
1543 5409 1774 5463 ἐνώπιόν
1818 5426 1918 5469 σου

347 5489 387 5560 ἡ
409 5490 593 5560 δέησίς
627 5509 733 5559 μου
758 5507 774 5525 ⁶
803 5494 1099 5564 δηλωσάτω
1130 5495 1262 5564 ἡμῖν
1291 5496 1320 5549 6
1345 5496 1405 5548 τὸ
1429 5498 1668 5569 γράμμα
1695 5515 1920 5572 περικο-

349 5579 524 5652 μίζων
558 5583 659 5652 τῆς
706 5584 864 5652 ἡμῶν
904 5587 1295 5656 ταπεινότητος
1348 5585 1409 5640 τὸ
1434 5589 1531 5658 τῆς
1556 5591 1654 5662 σῆς
1699 5592 1920 5663 ἀντιλή·

344 5675 492 5743 ψεως
514 5675 645 5745 περὶ
683 5677 833 5746 ἡμᾶς
877 5676 1123 5746 εὐμενὲς,
1163 5680 1257 5731 zeal
1279 5679 1588 5750 ζησόμεθα·
1632 5683 1706 5746 ὡς
1737 5685 1830 5738 νῦν
1854 5702 1916 5752 γε

347 5767 778 5842 παρατρώγεταί
806 5787 858 5821 τι
908 5770 1004 5846 τῆς
1035 5769 1181 5842 ζωῆς
1236 5775 1388 5853 ἡμῖν,
1439 5776 1532 5834 zeal
1575 5775 1912 5856 δεδοίκαμεν,

2033 4584 2135 4654 μὲν
2172 4585 2274 4640 οὐκ
2313 4586 2726 4660 ἀρχιερατικὸν,
2757 4591 3161 4662 ἐπιμεληθῆναι
3189 4593 3246 4647 δέ
3269 4595 3437 4648 καλὸν
3465 4597 3567 4666 μέν
3589 4612 3605 4628 ·

2027 4680 2146 4737 ἀλλ’
2173 4683 2444 4754 άπογείης
2482 4685 2545 4738 οὐ
2576 4685 2738 4758 μόνον
2762 4685 3146 4756 ἀναγνώσεως,
3178 4688 3316 4744 ἀλλά
3361 4691 3458 4744 zeal
3508 4692 3604 4759 τῆς

2026 4771 2108 4833 είς
2129 4770 2256 4835 τοθς
2281 4771 2574 4841 φιλοῦντας
2602 4778 3062 4848 προσφωνήσεως.
3107 4777 3172 4830 Ἦ
3195 4778 3326 4846 γοῦν
3351 4779 3606 4851 παροῦσα

2026 4862 2239 4934 γραφὴ,
2272 4864 2511 4934 πρωτθεν
2536 4865 2968 4940 ὑπισχνουμένη,
3001 4869 3316 4938 παρέτεινεν
3368 4871 3476 4934 ἕως
3505 4874 3599 4927 zeal

2027 4952 2110 5015 είς
2161 4953 2306 5024 ἀέρα
2370 4953 2614 5025 λαμπάδι
2670 4958 3002 5026 φωτίζεσθαι
3058 4959 3301 5016 θέλοντα.
3355 4963 3450 5016 Διὸ
3504 4964 3601 5016 καὶ

2027 5045 2421 5110 ἁπεστένωται,
2453 5048 2548 5101 zeal
2579 5048 2786 5121 βραχέα
2812 5050 2964 5103 λαλεῖ
2985 5067 3000 5083 ο
3045 5052 3237 5123 καίρια
3293 5053 3479 5122 μέντοι
3506 5071 3592 5122 γε,

2023 5138 2116 5192 καὶ
2144 5132 2220 5194 ὧν
2247 5141 2410 5209 ἡμεῖς
2434 5141 2720 5210 ἐφιέμεθα.
2751 5141 3014 5209 ’Υγίαίνε,
3045 5144 3138 5196 zeal
3160 5141 3411 5213 μέμνησο
3439 5144 3597 5213 ἡμῶν

2023 5231 2081 5284 ἐν
2113 5233 2234 5295 ταῖς
2255 5231 2392 5301 πρὸς
2421 5233 2556 5286 Θεὸν
2580 5233 2818 5300 ἀγωγοῖς
2847 5250 2952 5292 σου
2970 5234 3297 5300 ἐντεύξεσιν,
3326 5235 3596 5304 ὑγιαινόν-

2019 5338 2131 5376 των
2158 5323 2254 5376 zeal
2288 5323 2471 5378 αὐτῶν
2493 5325 2616 5388 ταῖς
2641 5325 2761 5387 σαῖς
2799 5325 2969 5394 ίεραῖς
3000 5325 3205 5396 εὐχαῖς,
3256 5328 3352 5382 καὶ
3397 5329 3589 5380 ἐπικα-

2019 5415 2298 5483 λουμένων
2329 5417 2428 5487 τὴν
2449 5416 2705 5469 ἐντεῦθεν
2730 5415 2914 5470 θεόθεν
2937 5416 3224 5488 βοήθειαν.
3248 5418 3352 5469 Τὸν
3378 5417 3588 5487 θαυμα-

2019 5507 2282 5561 σιώτατόν
2314 5524 2406 5578 μοι
2433 5508 2609 5578 φίλον,
2635 5509 2730 5562 τὸν
2775 5509 3163 5580 γραμματικὸν
3196 5511 3296 5579 τῆς
3347 5509 3585 5576 ἀγιωσύ-

2017 5616 2115 5671 νης
2139 5616 2256 5667 σου,
2303 5600 2697 5672 προσαγορεύω
2732 5617 2748 5632 ο
2784 5599 2842 5662 δς
2891 5600 3071 5654 ἀδικεῖ
3123 5600 3245 5669 μὲν,
3287 5600 3380 5654 καὶ
3420 5600 3584 5654 αὐτοῦ

2017 5693 2332 5763 καθείργων
2373 5694 2454 5756 είς
2480 5693 2722 5761 ἀφωνίαν
2742 5692 2840 5761 τὴν
2878 5693 3128 5760 γλῶσσαν
3152 5694 3245 5747 καὶ
3275 5693 3369 5743 τοῦ
3429 5695 3582 5762 ρητοο

2022 5785 2201 5852 ρεύειν
2251 5786 2558 5855 ἀπείργων,
2598 5785 2672 5851 ὡς
2716 5788 2765 5839 εί
2827 5786 2918 5839 καὶ
2969 5788 3127 5864 σιγᾷν
3177 5785 3580 5862 κατεκέκριτο·
