3964 6574
305 363 440 429 Ηοὸ

1112 364 1525 428 EUSTATHII
1565 366 2748 430 THESSALONICENSIS'EPISTOL/E.

3436 365 3569 431 1306

192 474 195 475 ν
298 476 479 533 ἀδικεῖ
502 473 559 529 δὲ
579 475 681 557 καί
724 475 895 557 ἡμᾶς,
933 438 1009 549 μῆ
1033 477 1368 547 γλυκαίνων,
1391 476 1476 543 οἷς
1534 479 1757 550 γράφει,
1781 478 1881 543 τὰς
1910 484 1957 541 Α
1985 481 2265 549 οἰκήσεις⁸
2295 483 2393 535 καὶ
2417 481 2681 545 πολλάκις
2714 480 2905 545 καιρὸς
2956 479 3266 551 πολύμηνος
3294 481 3567 550 διήρχετο,

299 566 490 629 ἀκοάς.

1036 664 1125 717 ΔΘ

797 757 882 822 Τῷ
914 759 1386 825 Μετρητοπώλῳ.

382 849 510 904 ῐίίθε
550 852 627 923 μὴ
658 851 906 921 ἔγραψας
932 853 1086 920 ἡμῖν,
1136 854 1271 923 μηδὲ
1332 855 1526 917 ἔδακες
1573 855 1731 923 ἡμῶν
1780 854 1882 922 τὴν

301 942 477 1013 ψυχὴν
527 944 615 999 διά
673 944 773 1014 τῆς
825 946 1065 1014 γραφῆς.
1124 946 1323 1015 Ἤρκει
1379 946 1491 1017 γάρ
1562 946 1882 1017 μεμνῆσθαι

303 1033 461 1104 ἡμῶν
487 1035 589 1107 τὴν
618 1035 839 1106 ἀγάπην
875 1052 993 1099 σου,
1033 1038 1127 1090 καὶ
1179 1038 1605 1109 ὑπερεύχεσθαι.
1656 1038 1883 1109 Μάρτυς

302 1128 329 1178 6
361 1127 592 1198 Θεὸς,ή
638 1129 904 1199 ἀλήθεια⁸
941 1129 1058 1199 ἅμα
1092 1130 1296 1199 ἔμαθον
1353 1132 1445 1186 τὸν
1499 1132 1729 1186 Θάνατον
1786 1128 1881 1184 τοῦ

305 1217 595 1274 καλλίστου
647 1236 742 1272 σου
777 1219 1055 1291 γαμϐροῦ,
1110 1222 1205 1276 καὶ
1262 1220 1436 1286 οὑτως
1497 1221 1763 1291 διετέθην,
1806 1221 1885 1285 ὡς

305 1308 398 1361 ἐάν
430 1308 704 1364 ἀπέθανεν
751 1312 873 1381 ἐμοὶ
907 1314 1130 1383 γνήσιος
1161 1316 1453 1385 συγγενής.
1482 1310 1555 1368 Ὦ
1576 1315 1743 1369 καλόν
1779 1332 1880 1385 μου

309 1399 548 1466 παιδίον,
617 1395 662 1455 ῶ
689 1402 974 1474 ἀγαπητόν
1000 1420 1018 1437 ⁸
1048 1398 1093 1457 ὦ
1124 1404 1448 1475 Θαυμάσιον.
1480 1401 1551 1459 Ὦ
1581 1407 1880 1477 περιμυθία

307 1490 398 1544 τοῦ
428 1490 597 1545 καλοῦ
641 1510 743 1561 μου
777 1495 970 1564 κυρίου
1016 1495 1263 1551 Ἰωάννου
1284 1514 1298 1527 ⁸
1339 1497 1383 1552 ὦ
1413 1499 1575 1563 ἄνθος
1603 1501 1882 1569 μαρανθὲν

304 1580 502 1648 ἄωρον.
549 1582 923 1653 Ἑνθυμοῦμαι
990 1587 1090 1654 τὴν
1160 1587 1370 1641 ἐκείνου
1420 1590 1725 1655 παίδευσιν,
1782 1592 1882 1661 τὴν

304 1671 659 1735 κατάστασιν,
692 1674 792 1744 τὴν
826 1676 965 1744 πρὸς
997 1678 1057 1730 σὲ
1092 1679 1259 1748 τιμὴν
1290 1679 1384 1733 καὶ
1419 1681 1665 1749 ἀγάπην,
1692 1681 1754 1735 τδ
1781 1681 1878 1735 τοῦ

306 1761 422 1830 βίου
486 1765 867 1833 προνοητικὸν,
900 1769 996 1837 τὴν
1042 1770 1390 1837 γεροντιαίαν
1422 1772 1481 1824 ἐν
1512 1773 1727 1843 νεότητι
1753 1775 1885 1844 φρό-

307 1868 479 1920 νησιν,
509 1854 569 1906 τὸ
595 1855 690 1907 τοῦ
719 1855 885 1924 ἤθους
919 1858 1173 1929 γαληνὸν,
1196 1861 1264 1915 τά
1290 1862 1424 1915 ἄλλα
1446 1864 1625 1917 πάντα
1647 1865 1715 1919 τά
1742 1866 1882 1935 ὑπὲρ
1918 1854 1931 1885 ⁸

308 1944 403 2014 τὴν
432 1946 643 2000 ἐκείνου
696 1946 950 2017 ἠλικίαν⁸
1002 1950 1100 2004 καὶ
1144 1952 1412 2021 δάκνομαι
1456 1957 1556 2025 μέν
1585 1958 1678 2011 καὶ
1717 1959 1882 2022 αὐτὸς

307 2036 400 2104 τὴν
415 2036 613 2107 ψυχὴν,
644 2038 983 2109 ἐνθυμοῦμαι
1004 2042 1058 2095 δὲ
1082 2048 1176 2101 καὶ
1204 2047 1286 2111 σὲ,
1308 2045 1361 2097 τί
1381 2048 1598 2116 μέλλεις
1626 2050 1878 2121 πάσχειν⁸

309 2131 399 2180 καὶ
441 2129 688 2196 διπλάζω
716 2133 815 2204 τὴν
850 2135 1053 2208 λύπην,
1094 2139 1190 2191 καὶ
1243 2138 1520 2202 ταλανίζω
1581 2141 1672 2193 τὸν
1726 2142 1880 2212 βίον·

309 2221 398 2271 καὶ
425 2221 525 2285 τὰς
564 2225 790 2289 ἐλπίδας
831 2228 987 2297 ἡμῶν
1009 2229 1380 2301 ἐννοούμενος,
1413 2227 1499 2285 οἷα
1539 2251 1640 2300 μεν
1672 2235 1887 2301 ἐλπίζο-

310 2330 431 2382 μεν,
450 2312 537 2367 οἷα
568 2316 623 2369 δὲ
659 2317 718 2383 ἐξ
748 2319 1050 2387 ἀποτυχίας
1085 2322 1391 2394 πάσχομεν.
1443 2323 1669 2392 Ἔδοξας
1733 2328 1889 2383 εὐτυ-

311 2406 473 2475 χῆσαι
508 2407 603 2461 καὶ
633 2412 878 2481 ἐντυχεῖν
901 2411 1192 2482 εὑρέματι,
1220 2415 1310 2468 ὅτε
1338 2414 1436 2486 τὴν
1496 2416 1671 2488 ἀρχὴν
1727 2412 1885 2489 εὗρες

311 2498 550 2552 τοιοῦτον
576 2503 825 2572 γαμϐρόν
851 2520 867 2536 ⁸
901 2506 997 2559 καὶ
1030 2503 1175 2578 εἶχεν
1203 2506 1346 2561 οὕτω
1374 2509 1438 2563 τὸ
1463 2513 1721 2581 πρᾶγμα.
1774 2515 1887 2569 Νῦν

311 2588 366 2642 δι
395 2584 507 2643 οἷον
527 2591 746 2658 ἔπαθες,
775 2592 955 2663 ὀλίγον
977 2597 1314 2666 γευσάμενος
1345 2597 1440 2651 τοῦ
1481 2600 1726 2653 τοιούτου
1759 2602 1889 2670 γλυ-

312 2680 568 2746 κυτάτου,
598 2679 721 2737 εἶτα
746 2684 832 2739 διὰ
858 2685 959 2755 τῆς
988 2689 1297 2761 στερήσεως
1358 2693 1523 2747 αὑτοῦ
1564 2696 1890 2764 πικρανθεὶς

312 2773 540 2827 πλείονα
566 2791 583 2807 ⁸
620 2777 713 2829 καὶ
739 2778 801 2831 ού
835 2777 982 2847 λέγω
1015 2780 1104 2835 διά
1137 2784 1199 2835 τὸ
1231 2781 1400 2855 βάρος
1421 2789 1521 2856 τῆς
1556 2789 1767 2859 τροφῆς
1789 2790 1890 2860 τῆς

314 2862 505 2928 ἀθλίας
526 2866 737 2921 ἐκείνου
772 2870 1032 2937 γυναικὸς
1082 2874 1175 2926 καὶ
1236 2876 1337 2944 τῆς
1381 2878 1490 2932 τῶν
1552 2879 1891 2951 βρεφυλλίοιν

314 2958 647 3030 ἀνατροφῆς,
683 2961 820 3016 ἀλλά
848 2963 936 3018 διὰ
968 2964 1068 3035 τὴν
1117 2966 1329 3021 ἐκείνου
1365 2970 1647 3042 στέρησιν.
1680 2975 1889 3045 Λυπεῖ-

317 3046 439 3100 σθαι
476 3049 576 3119 μὲν
601 3046 696 3104 οὖν
730 3069 789 3105 σε
819 3053 905 3108 διά
934 3054 995 3108 τὸ
1042 3057 1209 3110 αὑτοῦ
1242 3060 1529 3130 στέρεσθαι
1551 3063 1613 3117 ού
1661 3065 1736 3136 μὴ
1781 3083 1892 3121 κω-

1983 574 2076 627 καὶ
2110 577 2136 628 6
2164 573 2352 645 κύριος
2387 575 2793 635 Κωνσταντῖνος
2819 573 2983 626 ὤκνει
3010 574 3110 641 τὴν
3132 575 3214 637 είς
3246 573 3338 626 τὸν
3356 573 3570 627 Ema-

1984 665 2100 718 θιον
2128 665 2414 719 ἐπέλευσιν
2446 683 2459 697 ⁸
2499 666 2592 719 καὶ
2626 665 3003 736 ἐρωτώμενος.
3040 665 3185 719 διατί
3213 666 3371 719 τοῦτο
3399 668 3567 731 ποιεῖ,

1983 757 2167 813 ἐλάλει
2209 759 2278 812 τὰ
2327 759 2537 821 είκότα,
2571 758 2664 812 καὶ
2702 758 2915 813 ἔπειθε.
2968 757 3089 819 Πῶς
3134 758 3213 828 δὴν
3250 757 3346 811 νῦν
3405 759 3571 821 αὑτδς

1981 848 2083 902 οὑκ
2104 848 2367 901 ἐννοεῖται
2399 851 2529 915 περὶ
2562 848 2717 917 ἡμῶν
2767 848 2836 901 τὰ
2885 849 3064 913 ὅμοια.
3092 849 3289 915 ἐπικλᾷ
3333 849 3389 902 δὲ
3438 851 3573 918 ἡμῖν

1984 942 2294 1011 ἀμνηστίας
2325 943 2600 1006 αίτίασιν;
2648 943 2842 1009 Ἡμεῖς
2880 941 3180 1012 ἐδοκοῦμεν
3226 944 3568 1011 ἀντιγραφῆς

1984 1034 2172 1104 ἀρκεῖν
2202 1035 2297 1088 καὶ
2325 1035 2424 1097 τὰς
2475 1036 2900 1105 προσηγορείας,
2950 1034 3016 1099 ἃς
3076 1032 3332 1104 μυριάκις
3379 1035 3566 1087 ἐστέλ-

1982 1124 2165 1194 λομεν.
2212 1124 2338 1178 Ἐὰν
2371 1124 2426 1179 δὲ
2454 1126 2737 1191 ἐσιγῶντο,
2769 1126 2937 1193 ψόγος
2970 1127 3085 1187 τοῖς
3113 1125 3526 1195 ἁμαρτάνουσιν
3551 1140 3567 1156 ⁸

1985 1218 2147 1287 ἡμεῖς
2168 1217 2226 1271 δὲ
2251 1217 2652 1271 ἀκαταιτίατοι.
2686 1220 2819 1289 Περὶ
2866 1220 2975 1273 τῶν
3016 1219 3126 1272 σῶν
3170 1219 3272 1271 οὑκ
3324 1216 3573 1287 ἔγραψας

1985 1307 2140 1377 ἡμῖν,
2170 1307 2318 1371 ὅπως
2352 1307 2556 1378 ἔχουσι.
2592 1310 2700 1362 Καὶ
2729 1311 2777 1362 εί
2813 1310 2912 1379 μὲν
2943 1309 3026 1374 εῦ,
3076 1310 3139 1364 οὑ
3175 1310 3355 1374 καλῶς
3387 1310 3576 1377 ἐποίη-

1990 1416 2115 1463 σας,
2167 1399 2242 1468 μὴ
2274 1399 2446 1454 θέλων
2477 1401 2823 1472 συμμερίτας
2856 1403 2987 1470 ἡμῖν
3014 1401 3157 1471 ἔχειν
3206 1400 3307 1469 τῆς
3354 1404 3531 1471 χαρᾶς
3556 1418 3572 1434 ⁸

1985 1491 2035 1542 εί
2063 1490 2119 1543 δέ
2153 1490 2351 1559 άλλως,
2384 1493 2521 1563 ὅπερ
2577 1493 2953 1564 ἀπευχόμεθα,
2990 1493 3054 1546 σὺ
3108 1493 3207 1560 μὲν
3252 1493 3428 1555 είποις
3482 1492 3572 1555 ἃν,

1985 1580 2191 1635 ὅτιούκ
2229 1582 2574 1645 ἐπέστειλας,
2609 1579 2699 1635 οἷα
2730 1581 2806 1651 μὴ
2852 1580 3024 1635 θέλων
3056 1581 3263 1636 θλίϐειν
3290 1584 3414 1645 ταῖς
3469 1600 3575 1637 κα-

1986 1674 2305 1744 καγγελίαις
2333 1674 2504 1746 ἡμᾶς.
2546 1674 2737 1743 Ἡμεῖς
2769 1674 2825 1728 δὲ
2880 1674 3002 1728 οὑδὲ
3058 1673 3230 1736 οὕτως
3280 1675 3576 1736 αίτιάσεως

1986 1767 2337 1836 άπολύσομέν
2365 1783 2448 1832 σε,
2489 1767 2564 1830 ὡς
2598 1766 2676 1839 μὴ
2702 1767 2802 1837 τὴν
2830 1767 3021 1839 κοινὴν
3056 1768 3252 1821 πείναν
3295 1768 3397 1836 τῆς
3421 1767 3579 1821 εὑκο-

1985 1860 2107 1923 λίας
2132 1858 2192 1913 εὖ
2218 1858 2586 1929 διακρίνοντα.

2721 1952 2857 2006 MA'.
3468 2016 3475 2021 _

1993 2062 2077 2128 Τῷ
2119 2063 2530 2132 πανσεόάστῳ
2581 2063 2860 2189 σεσὲστῷ
2904 2064 3003 2118 καί
3047 2064 3291 2134 μεγάλῳ
3335 2063 3583 2131 ἑταιρει-

2730 2154 2866 2189 mm.

2726 2154 2866 2204 m-

2059 2229 2175 2283 Μία
2200 2228 2426 2299 χελιδὼν
2482 2229 2569 2298 ἐφ’
2614 2231 2767 2301 ἡμᾶς
2808 2226 2997 2300 γραφὴ
3062 2226 3440 2289 πανσέὸαστος
3482 2227 3583 2294 τῆς

1997 2318 2098 2386 σῆς
2147 2318 2493 2389 ἀντιλήψεως
2523 2320 2637 2388 (καὶ
2662 2318 2801 2388 αὑτὴ
2859 2320 2921 2372 οὑ
2981 2318 3280 2388 δυσαχθὴς,
3314 2319 3395 2371 ὅτι
3450 2319 3584 2387 μηδὲ

1992 2407 2151 2472 λάλος
2179 2425 2195 2440 ⁸
2231 2410 2326 2463 καὶ
2356 2410 2479 2463 οὐδὲ
2501 2411 2592 2464 οἵα
2622 2412 2766 2464 κατὰ
2798 2410 2895 2479 τὴν
2925 2409 3437 2480 παροιμιαζομένην
3472 2427 3583 2476 φω-

1990 2502 2104 2554 νεῖν
2135 2499 2425 2571 βάρϐαρα⁸
2465 2502 2861 2571 μεμετρημένη
2910 2501 2966 2554 δέ
3015 2502 3116 2571 τὴν
3174 2501 3436 2568 γλυκεῖαν
3483 2501 3584 2553 λα-

1989 2593 2136 2659 λιάν,
2166 2596 2347 2655 ὁποῖος
2375 2587 2530 2656 οὗτος
2578 2595 2742 2662 νόμος
2774 2589 3093 2665 ἐπιστολῆς,
3138 2594 3232 2647 καὶ
3261 2592 3398 2662 πρὸς
3467 2593 3587 2645 Έλ-

1989 2686 2202 2758 ληνίδος
2227 2688 2479 2759 γλώσσης
2510 2686 2856 2757 ἀπεξεσμένη
2909 2684 3215 2755 εὐγένειαν)
3249 2715 3319 2728 -
3351 2686 3451 2753 μία
3486 2684 3587 2754 μὲν

1990 2777 2109 2844 οῦν,
2172 2780 2312 2850 ὅπερ
2370 2780 2531 2850 ἔφην,
2596 2778 2739 2848 αὕτη
2795 2778 3021 2850 χελιδὼν
3076 2776 3354 2845 ἐπετάσθη
3414 2776 3586 2844 ἡμῖν’

1991 2870 2419 2941 ἀλλάίθριάζον
2468 2870 2566 2940 ἔαρ
2616 2871 2865 2939 ἐποίησε.
2913 2870 2980 2921 Τί
3029 2868 3109 2930 δὲ,
3173 2868 3271 2921 ἐάν
3326 2867 3457 2920 ποτέ
3500 2883 3586 2929 τις

1992 2962 2228 3032 δευτέρα
2263 2960 2555 3029 ἐπιφανείη
2581 2975 2597 3025 ;
2634 2953 2711 3011 Ἤ
2747 2959 2967 3019 πάντως
3000 2956 3239 3028 χρυσοῦν
3294 2956 3452 3028 θέρος
3488 2972 3586 3024 τη-

1995 3051 2231 3106 νικαῦτα
2263 3052 2499 3120 μηνύσει
2530 3051 2811 3120 ἐσόμενον.
2849 3049 3033 3103 Ἔλθοι
3066 3050 3270 3112 τοίνυν,
3303 3047 3398 3101 καὶ
3428 3048 3589 3115 ἡμεῖς

317 3139 486 3206 λύσω,
544 3141 631 3194 ἵνα
691 3142 769 3213 μὴ
819 3143 956 3212 δόξω
986 3146 1355 3218 ἀπάνθρωπος
1404 3151 1499 3203 καὶ
1551 3154 1897 3225 ἀνάλγητοςο
1927 3152 1971 3212 c
2003 3146 2104 3199 οὐκ
2128 3145 2435 3214 όκνήσομεν
2465 3144 2534 3196 τὰ
2564 3144 2771 3214 συνήθη
2826 3141 3127 3211 ἐπιμὲλψαι
3184 3141 3348 3211 αὐτῇ.
3398 3138 3591 3191 Τοιοῦ-

316 3230 451 3281 ὃπου
469 3246 534 3298 γε
563 3232 657 3285 καὶ
692 3233 853 3298 αὐτὸς
870 3234 982 3303 ἐγὼ
1000 3237 1062 3289 ού
1094 3237 1276 3307 μόνον,
1304 3239 1599 3309 δεξάμενος
1627 3242 1727 3314 τὴν
1754 3260 1894 3314 γρα-

319 3320 428 3391 φήν
463 3340 580 3385 σου,
611 3324 707 3376 καὶ
735 3326 1030 3387 ἀναμαθὼν
1063 3329 1155 3381 τὸν
1186 3332 1398 3384 ἐκείνου
1457 3333 1708 3401 θάνατον,
1741 3336 1894 3403 ἀφωο

319 3429 409 3474 νος
465 3414 655 3481 ἔμεινα
716 3416 801 3483 ἐφ’
858 3418 1067 3484 ίκανδν,
1125 3420 1260 3473 ἀλλά
1313 3422 1405 3474 καὶ
1462 3426 1654 3487 εἰσέτι,
1706 3427 1896 3488 ὁσάκις

320 3504 529 3557 ἐκεῖνον
559 3506 869 3575 ἐνθυμηθῶ,
921 3510 990 3562 τὰ
1031 3510 1194 3575 ὁμοῖα
1260 3514 1453 3584 πάσχω
1483 3531 1497 3546 ⁸
1530 3517 1624 3567 καὶ
1679 3517 1770 3567 ἐπὶ
1829 3517 1897 3570 τὰ

324 3596 540 3664 ἐξῆςδὲ
574 3597 832 3651 οὐδέποτε
895 3600 1060 3653 αὐτοῦ
1125 3603 1477 3673 ἐπιλήσομαι.
1534 3606 1682 3659 Διότι
1739 3606 1899 3674 ἐγγε-

322 3689 644 3758 γραμμένον
688 3687 834 3760 εἶχον
890 3692 1053 3747 αὐτὸν
1106 3696 1186 3757 είς
1240 3694 1421 3765 ψυχὴν
1470 3696 1545 3756 ὡς
1591 3696 1895 3772 [πλείστου]

324 3780 498 3846 ἄξιον.
543 3782 785 3847 ’Δξιώσω
833 3784 890 3837 δέ
946 3801 1030 3851 σε,
1067 3786 1144 3858 μὴ
1202 3788 1482 3849 παντελῶς
1537 3790 1784 3845 ἐνδοῦναι
1830 3794 1897 3862 τῇ

324 3872 495 3944 λύπῃ,
532 3873 629 3926 καὶ
684 3872 1007 3943 βυθισθῆναι
1034 3875 1140 3929 ὑπὸ
1181 3875 1291 3929 τῶν
1331 3876 1588 3947 θλίψεων,
1624 3879 1740 3933 ἀλλ’
1798 3882 1900 3934 ὑπ-

325 3965 539 4035 ανέχειν
565 3964 791 4019 σεαυτὸν
833 3968 927 4019 καὶ
954 3967 1440 4038 ἀνακουφίζεσθαι.
1505 3971 1755 4041 Ἀρκέσει
1818 3990 1900 4027 σοι

328 4054 437 4127 γὰρ
470 4057 500 4108 6
532 4054 887 4127 ἐλευσόμενος
908 4058 1100 4128 καιρὸς
1133 4062 1212 4121 είς
1240 4059 1303 4112 τὸ
1323 4059 1624 4116 θλίϐεσθαι.
1658 4063 1903 4132 Περιμυ-

330 4145 427 4199 θοῦ
463 4146 523 4200 δέ
553 4148 648 4201 καὶ
674 4147 776 4218 τὴν
829 4148 1068 4217 ἐλεεινὴν
1121 4150 1331 4204 ἐκείνου
1383 4156 1620 4219 γυναῖκα
1678 4155 1902 4225 τρόποις

329 4238 512 4303 ἄλλοις
531 4257 613 4305 τε,
671 4243 768 4296 καὶ
819 4241 908 4294 διά
953 4241 1047 4297 τοῦ
1100 4243 1393 4310 φαίνεσθαί
1444 4261 1505 4298 σε
1546 4247 1622 4315 μὴ
1670 4248 1903 4301 πάντοτε

329 4333 585 4386 κλαίοντα
614 4332 709 4386 καὶ
734 4333 1095 4403 λυπούμενον.
1117 4334 1274 4391 Οὕτω
1316 4338 1427 4409 γὰρ
1458 4339 1555 4393 καὶ
1584 4340 1768 4412 ἐκείνη
1805 4359 1904 4395 πε-

333 4426 589 4497 ριμυθίαν
618 4427 737 4479 τινὰ
770 4426 833 4493 λή
842 4426 1019 4497 ψεται.

1073 4522 1166 4580 Μ’.

412 4612 781 4681 Ὕγιαίνοντες
835 4615 904 4683 τῇ
970 4613 1063 4668 τοῦ
1123 4614 1260 4668 Θεοῦ
1321 4618 1567 4687 βοηθείᾳ,
1635 4619 1909 4687 εύχόμεθα

332 4701 599 4770 ὑγιαίνειν
630 4702 726 4755 καὶ
762 4702 861 4774 τὴν
891 4703 1113 4774 ἀγάπην
1146 4723 1241 4760 σου
1266 4723 1280 4738 ⁸
1316 4706 1346 4759 6
1371 4707 1435 4779 δὴ
1492 4709 1588 4764 καὶ
1644 4709 1912 4779 μανθάνο-

336 4812 459 4863 μεν.
492 4794 619 4846 Ἐἀν
643 4794 699 4847 δὲ
734 4795 957 4865 θλιδερά
982 4796 1067 4849 σοί
1096 4814 1218 4852 τινα
1249 4799 1625 4867 ἐπιγίνωνται,
1657 4801 1815 4854 τοῦτο
1843 4803 1912 4871 τῇ

334 4885 429 4938 τοῦ
460 4886 576 4956 βίου
610 4886 968 4956 προσλογίξου
996 4889 1307 4961 ἀνωμαλίᾳ.
1345 4891 1480 4944 Οὐδὲ
1522 4894 1630 4960 γὰρ
1657 4892 1909 4956 δυνατὸν,

334 4975 625 5046 ἄνθρωπον
656 4977 715 5031 ἐν
759 4978 858 5048 βίῳ
886 4980 1227 5049 τυγχάνοντα
1252 4980 1560 5050 διαφυγεῖν,
1589 4982 1778 5053 ὥσπερ
1819 4984 1914 5035 ού-

335 5068 389 5120 δέ
416 5068 515 5130 τάς
553 5068 846 5138 μερίμνας,
874 5069 1048 5133 οὕτως
1072 5071 1192 5124 οὐδέ
1225 5070 1323 5134 τὰς
1378 5071 1576 5135 λύπας.
1612 5071 1715 5126 Καὶ
1761 5073 1915 5126 τοῦτο

339 5159 437 5227 μὲν
456 5157 558 5211 οὐκ
586 5159 701 5227 ἔχει
727 5176 781 5211 τι
810 5159 1133 5230 παράδοξον.
1171 5163 1247 5215 Τὸ
1276 5163 1335 5216 δὲ
1364 5163 1777 5230 ὑπολαμϐάνειν
1833 5182 1914 5229 σε,

338 5249 418 5301 ’ὁτι
448 5248 828 5318 ἐπελαθόμεθά
861 5267 975 5313 σου,
1007 5254 1101 5305 καὶ
1121 5252 1201 5305 ὅτι
1232 5253 1307 5325 μὴ
1329 5254 1606 5322 φιλοῦντες
1631 5254 1691 5307 οὑ
1709 5254 1917 5323 γράφο-

341 5355 461 5406 μεν,
484 5338 643 5391 τοῦτο
673 5340 975 5410 παράδοξον
1005 5341 1141 5411 ἡμῖν
1174 5342 1319 5407 ἔδοξε
1345 5343 1435 5396 διά
1462 5360 1521 5396 τε
1553 5343 1688 5396 ἄλλα
1720 5345 1915 5406 πολλὰ,

341 5428 433 5481 καὶ
470 5429 604 5482 διότι
623 5430 684 5482 τὸ
719 5430 817 5500 μὲν
838 5434 1073 5504 γράφειν
1104 5432 1202 5487 καὶ
1233 5434 1455 5503 βλέπειν
1498 5434 1762 5506 ἀλλήλους
1799 5437 1917 5490 ἐστι

346 5536 444 5571 που
474 5520 655 5588 φιλίας
679 5521 1029 5577 ἐνδεικτικόν·
1062 5524 1163 5578 οὐκ
1184 5525 1288 5596 ἥδη
1331 5526 1388 5579 δὲ
1427 5526 1488 5579 τὸ
1526 5526 1601 5597 μὴ
1662 5528 1917 5597 γράφειν,

1997 3238 2096 3290 τόν
2121 3251 2178 3289 τι
2210 3236 2305 3288 καὶ
2336 3235 2487 3305 παρά
2535 3240 2649 3298 τοῖς
2688 3236 2857 3289 πάλαι
2900 3230 2970 3303 ἦν
2999 3235 3284 3303 γινόμενον
3307 3248 3321 3263 ⁸
3360 3233 3454 3284 καὶ
3500 3231 3590 3283 διε

1997 3327 2120 3382 κατ’
2173 3329 2351 3399 ἀρχὴν
2412 3330 2533 3388 ταῖς
2582 3328 2818 3398 χελιδόσι
2872 3326 2968 3379 τοῦ
3030 3327 3318 3394 φαίνεσθαι
3367 3321 3437 3397 ἦν
3487 3326 3589 3393 τὴν

1999 3420 2278 3493 πρώτηνῆ
2304 3421 2401 3473 καὶ
2453 3421 2740 3490 δευτέραν,
2784 3418 2967 3487 λόγοις
3009 3418 3311 3484 ἐδεξιοῦντο
3367 3434 3591 3485 συγκει-

2001 3512 2181 3580 μένοις
2215 3511 2351 3581 πρὸς
2382 3512 2704 3581 ἐμμέλειαν.
2736 3510 2931 3565 Ἔσται
2964 3509 3058 3563 οὖν
3108 3510 3268 3563 τοῦτο
3310 3508 3406 3562 καὶ
3432 3510 3588 3579 ἡμῖν,

1999 3605 2051 3657 οἳ
2085 3602 2211 3656 οὔτε
2240 3601 2336 3656 νῦν
2387 3604 2769 3675 ὴμελήσαμεν,
2822 3603 2939 3657 ἀλλ’
2989 3602 3445 3673 ἐπεκροτήσαμεν
3496 3603 3591 3653 καὶ

1999 3695 2216 3767 ᾠδικῶς
2264 3698 2697 3767 ὲσκιρτήσαμεν,
2746 3697 2843 3750 καὶ
2883 3696 3076 3763 ὑγείαν
3114 3697 3212 3749 καὶ
3254 3696 3365 3748 πᾶν
3405 3694 3592 3762 ἕτερον

2000 3788 2207 3857 ἀγαθὸν
2252 3790 2320 3859 τῇ
2373 3788 2657 3860 ἀντιλήψει
2704 3804 2800 3841 σου
2851 3787 3211 3857 ἐπηυξάμεθα
3249 3787 3342 3840 καὶ
3395 3786 3475 3846 είς
3528 3785 3591 3836 τὸ

2002 3881 2155 3933 ἐπιὸν
2176 3879 2234 3933 δέ
2255 3879 2488 3934 τοιοῦτοι
2509 3879 2750 3949 ἐσόμεθα
2772 3895 2789 3910 ⁸
2816 3879 2890 3941 ὡς
2916 3879 3102 3948 τάχιον
3126 3878 3193 3930 ἂν
3220 3878 3589 3930 διεκπεσεῖται

2003 3972 2138 4041 ἡμῖν
2160 3973 2196 4041 ὴ
2246 3973 2465 4040 γλῶσσα
2490 3971 2585 4025 τοῦ
2619 3973 2899 4038 στόματος.
2933 3971 3078 4042 ἥπερ
3128 3970 3296 4039 αὐτὴν
3326 3968 3594 4039 ἐπιλείψει

2002 4060 2274 4114 λαλοῦσαν
2302 4064 2331 4115 6
2361 4062 2520 4130 λόγος
2559 4064 2589 4115 6
2616 4064 2743 4130 περὶ
2774 4061 2876 4131 τῆς
2908 4063 3006 4130 σῆς
3040 4061 3403 4130 ἀντιλήψεως.
3433 4061 3507 4114 T6
3535 4060 3592 4113 δὲ

2004 4151 2189 4205 λοιπὸν
2221 4151 2317 4205 τοῦ
2345 4154 2539 4223 καιροῦ
2572 4155 2649 4216 εἰς
2681 4153 2859 4223 ψυχὴν
2910 4152 3081 4221 αὐτὴν
3131 4153 3486 4222 ἀνάγραπτον
3534 4170 3593 4205 σε

2009 4239 2250 4311 φέρομεν
2276 4257 2292 4272 ⁸
2323 4239 2552 4295 καὶτῶν
2587 4257 2645 4293 τε
2668 4240 2845 4309 εὐχῶν
2879 4244 2971 4293 καὶ
3001 4239 3102 4308 τῆς
3144 4239 3338 4308 λοιπῆς
3370 4242 3591 4309 μνήμης

2008 4329 2193 4400 φέροις
2216 4330 2346 4400 παρ’
2391 4331 2526 4401 ἡμῖν
2550 4332 2621 4385 τὰ
2650 4332 2974 4402 πρωτόλεια.
3024 4330 3317 4384 Ἐπακούοι
3347 4330 3403 4384 δέ
3440 4332 3593 4390 Θεός.

2752 4419 2887 4475 MB’.

1938 4521 1985 4577 ι)
2018 4507 2102 4573 Τῷ
2129 4508 2596 4577 φιλανθρωπίνῳ
2611 4512 2941 4577 undatim),
2970 4512 3155 4580 κυρίῳ
3194 4508 3468 4579 Ἰωάννῃ,
3516 4508 3598 4575 τῷ

2374 4603 2469 4655 καί
2499 4602 2761 4671 ὕστερον
2786 4606 3233 4675 καθηγουμένφ.

2083 4692 2202 4746 Νῦν
2233 4693 2430 4763 ἔγνων,
2458 4698 2654 4767 ὅτιπερ
2685 4698 2742 4747 ἐν
2766 4695 2908 4749 οὑτω
2935 4698 3123 4762 καλοῖς
3156 4700 3217 4751 τὸ
3250 4699 3381 4769 ἐμὸν
3432 4698 3595 4761 ἄλσος

2014 4788 2213 4852 κεῖται,
2247 4788 2342 4840 καὶ
2373 4787 2610 4855 δένδροις
2643 4790 2890 4857 εύγενέσι
2943 4791 3112 4861 κομᾷ,
3167 4792 3259 4845 καὶ
3319 4791 3596 4860 θαύματος

2012 4875 2185 4943 ἀξίοις
2214 4880 2585 4950 ἐνευθηνεῖται
2616 4884 2871 4952 καρποῖς,
2910 4883 3005 4935 καὶ
3036 4882 3251 4945 πολλοῖς
3280 4882 3464 4935 θάλλει
3487 4885 3600 4945 τοῖς

2014 4970 2241 5038 ἀγαθοῖς
2272 4987 2286 5001 ⁸
2320 4972 2415 5024 καὶ
2443 4971 2648 5042 ἐξαίρω
2678 4972 2789 5026 τῶν
2822 4972 2998 5029 ἀλλων
3044 4974 3106 5027 τὸ
3135 4974 3267 5042 ἐμὸν
3314 4974 3472 5028 τοῦτο
3504 4991 3602 5026 καο

2014 5062 2128 5129 λδν,
2153 5064 2245 5115 καὶ
2267 5061 2372 5132 γῆν
2415 5062 2548 5116 αὐτὸ
2582 5064 2755 5134 κρίνω
2805 5064 3073 5134 μακάρων
3097 5082 3112 5097 ⁸
3145 5067 3233 5121 ὅτε
3267 5067 3447 5118 καὶτὸ
3501 5067 3601 5135 τῆς

2016 5152 2117 5223 σῆς
2149 5154 2458 5224 ἁγιωσύνης
2489 5154 2762 5224 μακάριον
2791 5158 2871 5218 είς
2904 5157 3065 5209 πόθον
3114 5157 3472 5223 ἐξεκαλέσατο
3497 5172 3513 5188 ⁸
3543 5144 3625 5217 ὃς¹

2018 5261 2079 5312 γε
2109 5246 2205 5299 καὶ
2235 5246 2611 5309 κατασκόπους
2635 5247 2993 5316 ὲπιπέμπεις,
3034 5251 3142 5301 τῶν
3180 5248 3331 5317 ἐμῶν
3382 5248 3603 5314 ἀγαθῶν

2014 5356 2069 5391 τι
2098 5338 2531 5411 προδώσονταςῆ
2559 5341 2653 5393 καὶ
2683 5341 3172 5411 περισυλήσοντα·,
3207 5340 3301 5393 δύο
3357 5340 3600 5405 τούτους,

2016 5431 2225 5495 δεινοὺς
2248 5431 2663 5496 ἐπιϐουλεῦσαι,
2715 5436 2915 5501 σοφοὺς
2960 5430 3352 5499 τεχνάσασοαι,
3394 5427 3599 5494 δεξιοὺς

2017 5522 2491 5592 κατασκέψασθαι.
2520 5522 2677 5576 Οὑτω
2709 5524 2841 5577 ποτὲ
2870 5525 2963 5577 καὶ
2995 5523 3222 5591 Ἰησοῦς,
3247 5526 3275 5576 6
3297 5523 3390 5575 τοῦ
3418 5523 3600 5592 Ναυῆ,

346 5611 478 5680 μηδέ
506 5614 587 5674 είς
617 5613 873 5683 ἐντυχίαν
889 5615 1170 5685 ἔρχεσθαι,
1195 5616 1418 5685 ἀφιλίας
1444 5618 1719 5687 λογίζεται
1754 5620 1922 5693 ἐνδει-
2021 5617 2120 5685 τῆς
2174 5615 2523 5685 ὑμνουμένης
2581 5615 2930 5687 Ἱεριχοῦντος
2975 5614 3391 5684 ἐπιϐαλόμενος,
3433 5631 3602 5667 κατα-

346 5702 446 5763 ξις.
511 5702 902 5773 Ἑνθυμήθητι,
936 5706 1041 5773 ὅτι,
1102 5707 1340 5777 ὁπηνίκα
1395 5704 1536 5776 ἦμεν
1586 5709 1807 5778 ἐνδημοι
1850 5712 1917 5781 τῇ
2022 5710 2258 5770 σκόπους
2281 5705 2549 5773 ἐξέστειλε
2570 5706 2696 5761 δύο·
2729 5705 2780 5758 οῖ
2827 5705 2923 5759 καὶ
2955 5706 3421 5777 παρεισπεσόντες
3452 5703 3601 5757 ἔνδον

346 5795 743 5871 Μεγαλοπόλει,
776 5800 950 5879 βραχὺ
999 5802 1276 5881 διάστημα
1306 5804 1577 5879 ἐμέσαςεν
1632 5804 1766 5879 ἡμῖν
1820 5805 1917 5873 τὰς
2023 5801 2121 5871 τῆς
2149 5799 2377 5867 πόλεως,
2407 5801 2501 5855 καὶ
2522 5802 2652 5868 πᾶν,
2682 5799 2819 5870 ὅπερ
2847 5797 3145 5865 ἐϐούλοντο,
3211 5799 3345 5873 πρὶς
3392 5797 3591 5869 τέχνην
