3974 6570
353 415 488 482 1211

1775 409 2034 474 ADDEN
2048 410 2138 472 DA

3473 409 3618 477 ιεετ

350 532 428 592 είς
459 529 680 597 εύγενές
711 531 990 595 εὐσταλῶς
1032 532 1264 601 μέγεθος
1310 497 1652 602 διαστήσασα
1673 545 1689 562 ο
1721 523 1842 583 εἶτα
1869 527 1926 580 δέ
1955 523 2005 586 Α
2028 525 2141 578 τῶν
2172 523 2466 596 χαρτιδίων
2499 524 2767 595 φήσομεν,
2815 525 2865 579 el
2915 525 3044 598 περὶ
3077 524 3250 581 ταῦτα
3302 525 3399 578 καὶ
3429 525 3509 595 τῷ
3532 528 3617 578 τι·

352 619 447 673 καὶ
470 620 660 692 κόσμῳ
692 617 807 674 οἷον
836 622 1052 694 χρυσέῳ
1075 621 1154 693 τῷ
1181 621 1426 692 λαμπρῷ
1449 620 1546 674 τοῦ
1576 618 1788 690 καρποῦ
1817 636 1936 672 στο-

351 711 810 782 λισθήσεταιοὼς
864 714 960 770 νῦν
993 733 1056 784 γε
1111 716 1213 769 οὑκ
1271 716 1494 784 ἐξαρκεῖ
1540 715 1604 767 τὸ
1654 713 1934 781 νεοτήσιον

349 801 510 855 τοῦτο
544 803 641 856 τοῦ
685 803 906 874 δένδρου
937 805 1135 869 κάλλος
1182 805 1504 878 μερίζεσθαι
1551 803 1688 874 πρὸς
1739 805 1931 872 πολλὰ,

356 894 467 947 οὐδ’
493 895 787 966 αὐτάρκως
814 897 925 967 εχει
956 897 1169 965 φύσεως
1197 898 1333 967 πρός
1361 914 1423 950 τε
1451 897 1766 961 διαστάσεις
1791 897 1938 963 ἀξιο-

355 986 550 1053 λόγους
582 988 1070 1058 καταμερίζεσθαι,
1101 990 1197 1044 καὶ
1225 990 1302 1061 τῷ
1327 989 1525 1060 καρπῷ
1557 988 1736 1058 πολλῷ
1770 1005 1939 1042 κατα-

357 1077 661 1146 ϐρὶθεσθαι.
699 1080 808 1134 Καὶ
843 1081 876 1150 ἡ
917 1081 1062 1132 αίτία
1097 1080 1248 1149 παρά
1297 1081 1391 1133 τὸν
1447 1083 1661 1149 χρόνον.
1701 1078 1776 1132 ού
1825 1081 1937 1149 γὰρ

356 1167 512 1236 ἡλίου
565 1170 789 1234 πολλαῖς
835 1172 1350 1228 ἀποκαταστάσεσιν
1381 1175 1416 1243 ἠ
1472 1173 1666 1227 τούτου
1721 1175 1938 1241 γένεσις

361 1261 846 1334 συμμεμέτρηται,
877 1265 1014 1318 ἀλλά
1039 1264 1295 1335 πέμπτον
1319 1267 1353 1336 ἢ
1385 1266 1544 1320 ῖκτον
1574 1266 1693 1329 ἔτος
1719 1265 1782 1318 τὸ
1817 1265 1938 1320 τού-

359 1369 458 1408 του
489 1355 649 1418 θάλος
684 1357 896 1426 μετρεῖ.
931 1359 1119 1428 Ἔχεις
1165 1354 1280 1425 οῦν,
1312 1361 1616 1432 τιμιωτάτη
1646 1359 1793 1431 ψυχὴ
1841 1361 1932 1414 καὶ

361 1445 458 1500 τοῦ
506 1447 708 1512 παντὸς
749 1449 875 1515 ἀξία
926 1466 1016 1516 μοι
1068 1449 1306 1522 κεφαλὴ,
1337 1451 1400 1505 τὸ
1449 1449 1508 1504 ἐν
1550 1452 1645 1505 καὶ
1677 1453 1786 1504 πᾶν
1838 1452 1938 1522 τῆς

361 1539 504 1608 ἐμῆς
536 1539 802 1610 κηπαίας,
837 1541 932 1594 τὸν
975 1543 1255 1614 ιγγυητήν
1307 1561 1398 1614 μοι
1429 1543 1532 1614 τῆς
1565 1543 1844 1614 εὐφορίας,
1878 1544 1938 1599 τδ

361 1630 530 1683 καλόν
584 1648 679 1702 μοι
723 1633 782 1685 ἐν
824 1632 1000 1687 ἐλπίδι
1053 1634 1432 1706 πληροφορίας
1476 1635 1804 1706 ἀρχέτυπον,
1844 1637 1939 1690 τὸν

360 1723 464 1792 τῆς
491 1723 741 1789 είσαῦθις
782 1728 1168 1797 καρποφορίας
1203 1745 1294 1795 μοι
1333 1727 1664 1799 πρόδρομον.
1697 1728 1938 1796 Φύλαξον

360 1815 456 1869 οὖν
478 1817 643 1871 αὐτὸν
677 1817 962 1883 ἀπόθετον,
995 1821 1094 1874 καὶ
1129 1819 1205 1884 ὡς
1237 1819 1414 1892 ἀρχὴν
1449 1820 1704 1894 περίεπε,
1735 1822 1833 1875 καὶ
1860 1822 1936 1886 ῶς

361 1907 649 1979 κειμήλιον
673 1909 886 1980 σύνεχε,
919 1912 1016 1964 καὶ
1038 1912 1116 1974 ὡς
1145 1913 1424 1984 ἐγγυητὴν
1447 1930 1514 1966 πε
1524 1911 1764 1983 ρίστελλε
1788 1929 1804 1946 ο
1833 1914 1934 1985 ἤδη

360 1998 420 2050 δέ
445 1998 542 2052 καὶ
577 1998 651 2063 ῶς
687 1999 912 2071 ἔλεγχον
956 2000 1296 2072 σύγκρυπτε.
1325 2004 1433 2056 Καί
1476 2021 1570 2073 μοι
1605 2006 1743 2076 πρὸς
1773 2005 1936 2060 αὐτὸν

362 2093 421 2145 ἐν
451 2091 632 2164 καιρῷ
684 2094 984 2164 συγκρίνας
1025 2097 1083 2150 τὸ
1119 2095 1380 2163 ἐσόμενον
1427 2097 1522 2152 τοῦ
1553 2097 1791 2170 καρποῦ,
1842 2099 1939 2152 καὶ

366 2181 578 2251 μαθὼν,
607 2184 657 2237 εί
693 2184 990 2256 ψεύσομαι,
1024 2187 1326 2257 ἀπέλεγξόν
1367 2206 1428 2243 τε
1461 2191 1555 2244 καὶ
1585 2193 1934 2264 ἐπιτίμησον.

365 2271 430 2326 Et
459 2273 518 2326 δὶ
549 2276 641 2328 καὶ
673 2277 1001 2345 μεταλαϐεῖν
1039 2279 1206 2336 αὐτοῦ
1249 2283 1460 2355 βούλοιο
1494 2283 1634 2356 (οῖδα
1662 2287 1794 2358 γὰρ,
1823 2283 1938 2340 οἷον

362 2367 459 2420 τοῦ
483 2368 701 2438 καρποῦ
722 2369 785 2424 τδ
813 2371 1146 2445 ἐπαγωγὸν),
1174 2379 1310 2449 μήτε
1340 2379 1502 2449 μόνος
1526 2381 1588 2433 τὸ
1609 2380 1776 2436 καλὸν
1803 2383 1940 2437 ἀπο-

362 2459 542 2514 λαϐὼν
568 2461 680 2532 ιχε,
732 2463 867 2532 μήτε
898 2467 1101 2540 ἄθρουν
1138 2473 1199 2525 τὸ
1233 2471 1376 2541 μέγα
1417 2458 1577 2528 τοῦτο
1623 2477 1936 2546 προσφέρου

361 2555 516 2629 (τί[ς]
546 2559 658 2630 γὰρ,
686 2560 755 2615 ἀν
783 2561 956 2628 οὕτως
1002 2563 1168 2619 αὐτοῦ
1213 2569 1730 2641 κατακαυχήσηται,
1761 2573 1810 2626 εί
1861 2573 1935 2644 μὴ

360 2651 494 2704 αὐτὸ
542 2654 702 2708 τοῦτο
733 2654 1015 2725 βουθοίνας
1062 2658 1153 2728 είη
1209 2659 1507 2730 ἐκεῖνος;)·
1555 2664 1835 2736 κατάτεμε
1881 2666 1938 2720 δέ

361 2747 706 2814 κερματίσας
741 2752 821 2813 εῖς
851 2753 1044 2819 πλείω,
1090 2756 1186 2810 καὶ
1215 2760 1328 2821 τοῖς
1356 2760 1417 2813 τὸ
1451 2761 1618 2815 καλὸν
1647 2763 1814 2817 είδόσι
1843 2765 1936 2819 καὶ

362 2838 581 2907 φιλοῦσι
626 2841 924 2912 διάνειμαι.
981 2847 1314 2922 Ἀποχρήσει
1367 2855 1478 2922 γὰρ
1516 2849 1636 2907 οἶδα
1669 2856 1936 2922 τοιούτοις

359 2930 576 2996 πολλοῖς
598 2948 616 2965 ⁸
645 2933 696 2985 ει
724 2935 818 2987 καὶ
851 2935 925 3006 μὴ
955 2939 1173 3004 πάντως
1204 2944 1340 3010 πρὸς
1371 2944 1582 3015 τροφὴν
1626 2947 1934 3017 πλησμίαν,

361 3021 502 3076 ἀλλά
524 3039 588 3090 γε
617 3025 832 3096 τρυφήν
856 3042 871 3058 ’
904 3029 952 3081 εί
983 3027 1060 3098 μὴ
1093 3030 1228 3098 πρδς
1273 3031 1453 3103 κόρον,
1492 3033 1627 3087 ἀλλά
1673 3037 1808 3105 πρὸς
1839 3037 1937 3106 χά-

369 3131 455 3183 ριν
477 3130 494 3147 ο
521 3115 570 3168 εῖ
607 3115 681 3187 μὴ
716 3116 853 3186 πρὸς
887 3118 1232 3187 πανδαισίαν,
1262 3121 1395 3176 ἀλλά
1422 3123 1561 3192 πρὸς
1587 3123 1806 3193 ἥδιστον
1833 3127 1936 3198 ἀρ-

2036 617 2296 686 μιωτάτῳ
2323 615 2564 687 δεσπότῃ
2609 632 2712 686 μου
2741 617 2821 688 τῷ
2848 616 2999 684 δεῖνι,
3035 619 3131 671 καὶ
3162 617 3240 688 τῷ
3272 618 3424 687 καλῷ
3458 619 3614 672 δεῖνι.

2036 709 2146 762 Καὶ
2172 709 2304 772 ἴσως
2338 708 2438 762 οὐκ
2469 709 2850 762 ἐπαινέσονταί
2888 727 2970 771 σε,
3004 703 3080 764 ῶν
3116 714 3288 774 ποιεῖς
3311 727 3326 741 ·
3354 714 3404 764 εί
3449 712 3505 764 δὲ
3532 713 3619 764 εύ-

2033 799 2329 871 λογήσουσί
2379 816 2462 864 σε,
2509 801 2720 870 σχάσας
2762 802 2863 870 τὴν
2899 802 3164 872 γραφίδα.
3196 804 3325 870 μένε
3376 803 3614 871 ἄφωνος.

2761 893 2888 949 MA'.

2289 984 2374 1052 Τῷ
2403 985 2559 1040 νέων
2588 985 2839 1056 Πατρῶν
2865 988 3050 1057 κυρίῳ
3071 987 3367 1057 Εὐθυμίῳ.
3550 1061 3554 1065 ⁶

2111 1081 2496 1151 ῐῐανιερώτατε
2527 1082 2652 1150 ἀγιέ
2685 1098 2788 1150 μου
2835 1081 3068 1135 δέσποτα
3088 1096 3102 1112 ο
3135 1081 3258 1135 οὐδὲ
3290 1084 3360 1136 τά
3385 1081 3522 1136 ἄλλα
3551 1077 3613 1134 εὖ

2037 1173 2318 1243 πράττων,
2343 1171 2647 1240 δυσπραγῶ
2675 1171 2976 1238 κάνταῦθα,
2999 1172 3080 1226 ὅτι
3108 1173 3287 1244 λύπην
3306 1173 3426 1226 κατ’
3446 1175 3619 1241 ἐμαυο

2034 1263 2132 1318 τοῦ
2173 1263 2396 1334 τρέφειν
2445 1263 2544 1333 τὴν
2584 1263 2684 1335 σὴν
2730 1263 3046 1335 ἁγιωσύνην
3087 1265 3613 1337 πεπληροφόρημαι.

2038 1356 2150 1408 Καὶ
2179 1355 2375 1426 ἤθελον
2407 1356 2507 1426 μὲν
2537 1357 2612 1427 μὴ
2662 1357 2864 1427 λέγειν,
2897 1359 2980 1412 ὅτι
3020 1357 3084 1412 οὑ
3118 1358 3300 1421 καλῶς
3327 1374 3344 1390 ο
3369 1358 3474 1410 οὐκ
3507 1358 3616 1426 ἐχω

2035 1448 2094 1502 δέ
2141 1449 2218 1520 μὴ
2252 1451 2449 1504 είπεῖν.
2501 1450 2610 1504 Καὶ
2659 1451 2778 1514 πῶς
2822 1451 2932 1522 γὰρ
2979 1451 3046 1504 ἂν
3098 1449 3311 1516 καλῶς;
3349 1449 3469 1518 εῖγε
3522 1450 3616 1502 τὸν

2037 1542 2280 1596 ἀναίτιον
2318 1543 2378 1596 ἐν
2409 1542 2560 1614 αίτίᾳ
2585 1542 2828 1596 τίθεσθαι
2859 1543 3084 1614 κρίνεις,
3115 1543 3212 1594 καὶ
3251 1541 3614 1609 άποστέργεις

2037 1635 2133 1689 τὸν
2161 1635 2397 1688 πνέοντά
2429 1651 2512 1699 σε,
2543 1636 2638 1688 καὶ
2669 1636 3044 1704 ἀπραγμόνως
3071 1635 3496 1700 ἀποδοκιμάζεις
3523 1634 3616 1685 τὸν

2039 1729 2105 1782 ἐκ
2130 1728 2346 1798 μακροῦ
2391 1727 2635 1797 δόκιμον.
2671 1729 2732 1782 Et
2765 1728 2830 1792 δ’,
2859 1727 2941 1781 ὃτι
2967 1727 3042 1799 μὴ
3086 1725 3390 1780 ἐπιστέλλω
3418 1727 3615 1793 συχνὰ,

2037 1819 2200 1875 τοῦτό
2230 1837 2293 1874 σε
2322 1821 2612 1891 δοκιμάζει
2641 1821 2764 1874 καθ’
2800 1822 2979 1892 ἡμῶν,
3009 1820 3154 1891 εἶχον
3191 1823 3290 1892 μὲν
3323 1820 3420 1874 καὶ
3453 1817 3617 1880 αὐτὸς

2041 1912 2450 1980 ἀντεπαγαγεῖν
2474 1928 2528 1964 τι
2556 1911 2797 1966 τοιοῦτον
2820 1929 2835 1945 ο
2868 1915 2941 1984 μή
2975 1931 3067 1984 μοι
3098 1914 3155 1966 δέ
3185 1913 3413 1980 γένοιτο.
3457 1911 3533 1963 Τό
3555 1926 3616 1962 τε

2038 2005 2149 2075 γάρ
2173 2007 2232 2060 ἐν
2260 2009 2374 2070 τοῖς
2399 2007 2664 2071 τοιούτοις
2691 2007 2989 2077 ἀμυντικὸν
3020 2007 3082 2060 ού
3113 2007 3251 2074 πρὸς
3289 2005 3499 2074 ἀγαθοῦ
3525 2005 3619 2057 ἀν-

2037 2097 2188 2169 δρὸς,
2233 2100 2329 2154 καὶ
2359 2099 2481 2153 οὐδὲ
2507 2099 2807 2170 τεκμήριον
2849 2089 3121 2170 σταθηρὲίν
3164 2100 3226 2152 τὸ
3258 2098 3490 2169 γράμμα
3530 2113 3619 2164 φι-

2037 2192 2182 2256 λίας.
2227 2193 2390 2245 Ἀλλά
2430 2192 2596 2248 καλὸν
2626 2193 2747 2263 μιν,
2781 2195 2830 2245 εί
2869 2192 3140 2258 πέμποιτο
3163 2209 3178 2224 ο
3215 2193 3292 2262 μὴ
3325 2190 3621 2258 στελλόμεο

2038 2299 2131 2337 νον
2152 2281 2210 2337 δέ
2237 2283 2327 2339 διά
2355 2301 2408 2338 τι
2429 2285 2818 2355 παρεμπίπτον
2844 2285 3109 2356 ἀνάγκης,
3133 2284 3289 2337 οὐδὲν
3311 2282 3413 2354 τὴν
3435 2282 3618 2353 φιλίαν

2039 2376 2333 2445 ἐλύπησεν,
2393 2377 2514 2431 οὐδὲ
2569 2378 3022 2447 παρενεπόδισεν.
3069 2378 3186 2430 Οὐκ
3232 2375 3620 2444 ἀντεπάγομεν

2039 2467 2134 2524 οὖν
2165 2469 2256 2523 διά
2286 2469 2459 2524 ταῦτα
2487 2469 2550 2522 τὸ
2600 2470 2717 2524 ῖσον
2746 2471 2846 2539 τῆς
2881 2467 3195 2529 αίτιάσεως.
3213 2467 3620 2536 ’Δπολογοῦμαι

2038 2569 2117 2631 δέ,
2153 2566 2513 2637 ύποφητεύων
2557 2568 2619 2636 τῇ
2662 2565 2930 2638 ἀληθείᾳ·
2966 2565 3061 2618 καὶ
3114 2563 3353 2618 πέποιθα
3377 2603 3393 2627 ,
3448 2564 3525 2633 μὴ
3554 2565 3623 2616 ἂν

2040 2661 2245 2715 ἁλῶναι
2292 2659 2548 2730 ψεύδους,
2576 2657 2662 2726 ἐφ’
2716 2653 2797 2721 οἷς
2831 2657 2964 2729 ἐρῶ.
2997 2658 3114 2710 Οὐκ
3169 2655 3495 2718 ἐπιστέλλω,
3534 2655 3624 2708 δὲ-

2041 2771 2239 2819 σποτα,
2290 2752 2378 2805 διά
2425 2753 2554 2814 τοὺς
2601 2751 2820 2820 φαύλως
2858 2750 3242 2813 διακονοῦντας
3286 2752 3402 2812 τοῖς
3440 2752 3626 2818 γράμ-

2041 2864 2197 2917 μασι,
2233 2847 2330 2898 καὶ
2357 2845 2447 2899 τδν
2489 2845 2667 2898 κοινὸν
2705 2843 3026 2906 ἀδικοῦντας
3063 2842 3273 2914 Ἑρμῆν
3296 2860 3311 2874 ·
3347 2843 3400 2895 οῖ
3448 2845 3624 2912 χειρί-

2040 2940 2235 2993 σασθαι
2272 2938 2372 3008 μέν
2399 2935 2701 2990 ἐπιστολῶν
2751 2936 2901 2989 ἀετοὶ
2929 2935 3232 2998 ῶκυπετεῖς
3269 2935 3624 3003 ἐφίπτανται,

2037 3031 2265 3102 κομίσαι
2293 3030 2350 3083 δέ
2392 3029 2472 3100 τῷ
2519 3029 2658 3100 φίλῳ
2685 3029 2780 3081 καὶ
2803 3027 2942 3097 ὑπὲρ
2970 3028 3098 3089 τοὺς
3135 3027 3291 3090 δνους
3319 3024 3626 3094 νωθρεύον-

2037 3140 2150 3180 ται.
2174 3122 2463 3193 Κερδαλέοι
2519 3123 2688 3188 τινὲς,
2735 3119 2913 3192 οἶμαι,
2958 3116 3104 3174 οῦτοι
3159 3121 3459 3192 ἀνθρωττοι,
3519 3121 3625 3189 πρὸ

361 3224 531 3276 τυμα.
573 3207 686 3261 Καὶ
729 3209 881 3262 ισται
913 3211 1030 3273 τοῖς
1075 3211 1176 3279 μέν
1219 3212 1529 3282 φιλοκάλοις
1557 3213 1634 3276 ὡς
1677 3214 1897 3284 ἥδυσμα
1921 3233 1934 3248 ⁸
1965 3211 2010 3271 C
2041 3216 2209 3288 ἐργου
2241 3215 2536 3287 τιθέμενοι,
2582 3216 2857 3285 χαρτάρια
2899 3215 3258 3284 ἐπισωρεύειν
3275 3216 3492 3296 συχνὰ,
3531 3217 3624 3267 καὶ

244 3292 248 3300 ’
356 3301 476 3364 τοῖς
517 3301 576 3354 δί
611 3301 910 3372 ὀψοφάγοις
953 3305 1031 3368 ὡς
1069 3304 1222 3374 δψον,
1254 3305 1379 3376 ἔχον
1415 3323 1468 3362 τι
1505 3307 1749 3378 χάριτος.
1795 3307 1938 3372 Τούς

358 3407 425 3458 γε
479 3391 590 3464 μὴν
643 3395 1034 3465 χαριεστέρους
1091 3397 1325 3466 λυπήσει
1382 3397 1736 3469 κατατμηθὲν
1795 3399 1940 3453 οὕτω

358 3483 520 3537 τοῦτο
563 3487 624 3539 τδ
673 3487 856 3554 τίμιον
900 3488 1198 3560 κάρπιμον.
1243 3489 1592 3560 Θεωρήσουσι
1643 3491 1752 3561 γὰρ
1779 3490 1940 3544 τοῦτο

361 3578 504 3630 κατά
529 3594 594 3646 γε
623 3577 750 3642 τοὺς
780 3579 894 3634 ἀνω
929 3579 1119 3648 λόγους
1142 3581 1236 3635 καὶ
1264 3581 1340 3646 ὡς
1365 3584 1564 3653 ἀρχὴν,
1595 3584 1691 3637 καὶ
1720 3583 1797 3648 ὡς
1825 3602 1964 3664 κει-⁸

361 3673 579 3743 μήλιον,
603 3673 696 3727 καὶ
724 3673 800 3736 ὡς
846 3673 1122 3745 ἐγγυητήν
1146 3689 1163 3706 ο
1195 3666 1272 3728 ῶν
1299 3675 1514 3739 οὐδενός
1554 3677 1724 3746 ἐσμεν
1753 3677 1939 3731 ἀνεπί-

360 3781 585 3836 στροφοι
637 3764 935 3836 ἀνθρωποι.
977 3765 1052 3819 Ἥ
1096 3783 1157 3819 τε
1210 3766 1321 3836 γάρ
1377 3767 1520 3838 ἀρχὴ
1581 3769 1639 3822 ἐν
1687 3771 1939 3839 τιμητοῖς

363 3857 700 3923 σπουδαίοις,
736 3859 830 3912 καὶ
855 3859 917 3912 τδ
950 3859 1235 3928 κειμήλιον
1269 3861 1572 3931 συνέχεται,
1602 3862 1696 3916 καὶ
1725 3866 1752 3916 ό
1785 3864 1940 3931 ἐξεγ-

361 3946 645 4016 γυώμενος
689 3949 1034 4019 περιέπεται.
1080 3951 1440 4022 Μεμνήσεται
1469 3951 1528 4008 δέ
1557 3956 1588 4008 ό
1625 3953 1722 4008 τοῦ
1769 3955 1940 4010 καλοῦ

360 4039 553 4094 τούτου
580 4041 772 4110 φαγὼν
799 4041 898 4111 τῆς
928 4041 1211 4115 ἠδύτητος,
1238 4045 1315 4109 ὡς
1341 4046 1390 4100 εί
1423 4047 1520 4102 καὶ
1549 4047 1725 4104 λωτοῦ
1753 4050 1939 4122 ἐνεφο-

364 4131 531 4202 ρήθη,
559 4131 672 4187 εῐτε
705 4132 816 4206 μὴν
845 4135 1156 4206 ἀμϐροσίας
1184 4138 1281 4191 καὶ
1314 4137 1578 4211 νέκταρος

1086 4227 1220 4284 ΜΡ.

925 4316 1009 4383 Τῷ
1045 4318 1376 4390 δισυπάτῳ.

437 4405 599 4462 ’Δλλο
626 4409 686 4463 ού
738 4410 1013 4481 γράφειςς
1045 4412 1247 4467 Οὐκέτι
1274 4415 1498 4483 λαλεῖςς
1538 4417 1710 4473 τοῦτο
1740 4421 1938 4475 κατάν-

358 4513 512 4567 τημα
545 4501 654 4554 τῶν
683 4503 896 4574 συχνῶν
924 4507 1149 4561 ἐκείνων
1187 4507 1387 4576 λόγων,
1413 4509 1473 4562 τὸ
1502 4510 1627 4582 μηδ’
1674 4511 1813 4577 ὅλως
1842 4514 1937 4568 λα-

264 4646 267 4649 .
359 4589 516 4656 λεῖνῖ
575 4590 774 4664 Ἐχρῆν
802 4595 894 4650 ἀσί
923 4594 1138 4670 [γητον]
1189 4598 1433 4666 λιάζειν,
1490 4602 1586 4655 καὶ
1644 4601 1732 4656 ἀεὶ
1780 4601 1938 4657 τοῦτο

359 4681 555 4742 ποιεῖν,
604 4681 750 4752 ἢπερ
799 4683 1072 4755 ἀλάμενον
1120 4688 1314 4742 τοσάδε
1353 4689 1561 4760 (θετέον
1606 4688 1672 4756 δ’,
1705 4691 1787 4746 ὄτι
1841 4691 1937 4744 καὶ

361 4769 594 4840 μακρὰ),
628 4767 749 4827 εῐτα
781 4776 1216 4848 συμποδισθῆναι
1257 4779 1352 4834 καὶ
1387 4780 1723 4852 ἀκινητίζειν
1751 4782 1834 4846 είς
1877 4783 1938 4835 τὸ

359 4859 488 4914 πᾶν.
522 4862 632 4916 Καὶ
660 4864 754 4917 τοῦ
782 4869 1018 4940 σωλῆνος
1057 4871 1223 4926 καλὸν
1253 4873 1312 4926 τὸ
1344 4871 1639 4945 σύστομον,
1673 4873 1751 4939 ὡς
1780 4874 1847 4928 ἂν
1876 4875 1939 4927 τὸ

359 4953 620 5028 ἐπιρρέον
670 4955 814 5029 ὕδωρ
849 4961 1180 5032 πνιγόμενον
1221 4965 1322 5036 ῥέῃ
1369 4967 1722 5036 παράμονον·
1757 4967 1852 5018 ἐὰν
1880 4964 1938 5019 δέ

357 5043 534 5100 πλατὺ
560 5047 720 5121 χαίνῃ
751 5048 1168 5127 [ἀνεῳγμέ]νον,
1192 5054 1256 5110 τὸ
1269 5059 1381 5112 πᾶν
1405 5056 1657 5129 ἐξήμεσε,
1685 5059 1781 5111 καὶ
1803 5058 1930 5111 οὒκ-

357 5135 435 5190 έτ⁶
459 5140 664 5204 ἐκεῖνος
705 5141 1028 5216 εὔχρηστος.
1056 5148 1420 5220 Συρφετώδης
1469 5149 1590 5222 μέν,
1615 5149 1716 5204 οὑκ
1739 5149 1938 5222 ἄχαρις

355 5224 415 5279 δὲ
460 5228 634 5297 λόγος,
668 5231 727 5296 ὃς
760 5235 910 5304 φιλεῖ
933 5236 1100 5292 καλὸν
1132 5239 1193 5293 τὸ
1220 5240 1406 5309 ὀλίγον
1448 5243 1544 5296 καὶ
1586 5241 1838 5295 πάντοτε.
1871 5241 1938 5296 Et

355 5309 414 5364 δὲ
461 5314 522 5366 τὸ
573 5317 884 5375 Δωδωναῖόν
943 5339 1034 5393 μοι
1092 5325 1419 5396 περιφέρεις
1473 5326 1747 5398 χαλκεῖον,
1799 5327 1936 5381 ἀλλά

356 5403 597 5476 φλύαρος
625 5411 829 5473 ἐκεῖνος
855 5413 884 5465 ὁ
913 5411 1071 5484 ἦχος,
1109 5418 1204 5468 καὶ
1230 5418 1382 5470 οὐδέν
1415 5434 1467 5472 τι
1505 5421 1776 5490 προσήκει
1815 5423 1937 5481 ταῖς

357 5495 709 5568 φιλουμέναις
730 5503 1060 5570 ἐπιστολαῖς.
1097 5509 1159 5560 El
1187 5508 1244 5560 δέ
1281 5508 1357 5578 μὴ
1387 5510 1638 5580 θαμίζειν
1665 5514 1723 5574 ἐς
1751 5509 1933 5579 φίλου,

358 5589 496 5658 μηδὲ
529 5592 700 5663 συχνά
741 5594 900 5649 τοῦτο
929 5601 1126 5666 ποιεῖν,
1152 5603 1180 5654 ὁ
1205 5600 1264 5666 ἐξ
1309 5603 1517 5672 ἀγορᾶς
1545 5603 1704 5672 λόγος
1745 5602 1895 5656 λαλεῖ
1917 5617 1934 5634 ο

358 5679 478 5737 ἀλλ’
514 5681 638 5736 οῦτε
671 5687 803 5757 περὶ
827 5689 936 5742 τῶν
969 5691 1044 5750 ὡς
1077 5692 1293 5762 ἀληθῶς
1322 5693 1495 5762 φίλων
1527 5696 1558 5764 ἡ
1594 5693 1810 5764 γνώμη,
1841 5698 1936 5750 καὶΙ

357 5773 481 5826 οὐδὲ⁹
515 5779 712 5831 ταυτὸν
743 5779 870 5832 ποσὶ
897 5779 1150 5851 θαμίζειν
1179 5786 1278 5838 καὶ
1307 5786 1623 5857 γράμμασι.
1651 5788 1804 5857 Τάχα
1827 5787 1934 5841 τοί-

361 5884 458 5925 νυν
491 5868 829 5941 ἀπέστερξας
875 5873 1022 5947 ἡμᾶς
1046 5889 1065 5907 ο
1099 5875 1159 5927 ού
1195 5878 1300 5948 γὰρ
1345 5875 1516 5948 δήπου
1563 5877 1842 5948 φείδεσθαί
1871 5896 1934 5934 σε

2046 3309 2127 3373 είς
2183 3307 2554 3380 ὀψαρτυτικὴν
2624 3308 2896 3377 ἐμπορίαν
2963 3306 3360 3377 φορτίζεσθαι*
3409 3306 3624 3376 τρυφῆς

2043 3401 2307 3472 ἐπιϐολὴν
2353 3400 2698 3471 εὐπόριστον,
2748 3399 2991 3470 ἐμπολὴν
3031 3401 3266 3469 τρυφαῖς
3311 3397 3622 3469 ἀγώγιμον,

2045 3493 2119 3558 ὡς
2155 3494 2221 3548 ἄν
2259 3495 2434 3564 ἔχοιεν
2466 3495 2576 3555 τοῖς
2605 3492 2756 3563 ϐψοις
2795 3493 3084 3564 ἡδύσματα
3128 3491 3620 3550 καταλλάττεσθαι.

2050 3586 2122 3639 Ἦ
2168 3586 2222 3639 τί
2273 3587 2368 3639 καὶ
2401 3583 2715 3654 βουλόμενοι
2760 3584 2952 3653 ἕτερον
2997 3584 3263 3655 φορυτοὺς
3318 3586 3624 3639 ἐπιστολῶν

2045 3679 2330 3749 ἀγείρουσι
2364 3677 2486 3747 μὶν,
2533 3677 2794 3749 ἐπέχουσι
2825 3677 2915 3744 δέ;
2956 3677 3027 3733 '0
3059 3677 3115 3731 δὲ
3145 3677 3242 3732 τοῦ
3293 3678 3623 3748 πράγματος

2045 3768 2472 3841 φορτικώτατον,
2520 3769 2698 3822 ἐκεῖνό
2753 3771 2925 3834 ἐστιν,
2965 3768 3053 3822 ὅτι
3102 3767 3290 3821 πολλοὶ
3342 3768 3454 3821 τῶν
3504 3771 3623 3832 ταῖς

2045 3864 2286 3933 γραφαῖς
2340 3863 2761 3933 ὑπουργούντων
2804 3862 2900 3915 καὶ
2949 3862 3008 3915 ἐν
3049 3861 3334 3928 ἀξιώσεως
3377 3862 3622 3916 τίθενται

2047 3954 2204 4025 μέρει
2217 3953 2278 4006 τδ
2295 3954 2552 4024 πρᾶγμα,
2572 3956 2670 4008 καὶ
2684 3951 2993 4017 λιτάζονται
3010 3952 3617 4023 χειρίσεσθαιγράμμα,

2045 4046 2141 4098 καὶ
2195 4043 2474 4115 ἐξαίρουσι
2517 4042 2594 4114 τῷ
2647 4043 2793 4114 λόγῳ
2827 4043 2920 4097 τὸν
2957 4043 3260 4114 ἀπόδημον,
3317 4045 3416 4098 καὶ
3469 4045 3622 4113 φίλον

2045 4137 2259 4206 ἑταῖρον
2292 4135 2692 4206 ἐπιγράφονται
2720 4151 2738 4167 ο
2770 4135 2866 4190 καὶ
2893 4130 2929 4207 ἧ
2968 4136 3076 4207 μὴν
3105 4135 3241 4207 παρ’
3281 4137 3449 4190 αὐτὸν
3483 4138 3621 4190 κατὰ

2000 4241 2022 4259 ⁸
2047 4227 2286 4298 σπουδὴν
2324 4226 2497 4280 ἐλθεῖν
2528 4226 2892 4298 βεϐαιοῦνται,
2922 4227 3000 4290 ὡς
3031 4228 3096 4281 ἐκ
3128 4229 3401 4296 πελάγους
3434 4233 3515 4292 είς
3543 4230 3620 4280 λι-

2049 4319 2206 4387 μένα,
2236 4315 2332 4372 καὶ
2362 4317 2421 4384 ἐξ
2452 4315 2762 4385 ὁδοιπορίας
2790 4317 3012 4386 μακρᾶς
3033 4317 3114 4380 είς
3137 4317 3485 4372 ἀνάπαυλαν.
3515 4319 3620 4373 Καὶ

2045 4411 2212 4480 ἡμεῖς
2242 4407 2545 4480 τηνικαῦτα
2572 4409 2711 4477 πρὸς
2740 4408 2925 4472 αὐτοῖς
2969 4407 3167 4480 ἔχομεν
3211 4409 3308 4463 τὸν
3339 4410 3490 4474 νοῦν,
3528 4415 3621 4464 καὶ

2043 4497 2308 4568 δοκοῦμεν
2337 4497 2554 4568 ἐρμαίῳ
2579 4499 2839 4569 ἐντυχεῖν,
2874 4497 2968 4553 καὶ
2997 4499 3361 4569 ἐπιτρέχομεν
3391 4501 3472 4572 τῷ
3497 4518 3620 4570 φαι-

1967 4565 2014 4620 D
2042 4565 2277 4660 νομὲνιρ.
2311 4565 2475 4644 Τάνδδ
2516 4565 2660 4662 ἦσαν
2692 4565 2868 4658 οῦδὲν,
2915 4590 3033 4645 ἀλλ’
3064 4591 3096 4662 ἢ
3132 4565 3292 4662 χάρις
3340 4565 3615 4663 γλῶσσης,

2041 4682 2137 4735 καὶ
2170 4683 2253 4744 είς
2292 4681 2430 4752 ἀέρα
2484 4681 2676 4752 ψόφος,
2713 4684 2809 4736 καὶ
2841 4681 3056 4752 κόμπος
3103 4684 3277 4746 κενός.
3324 4685 3435 4738 Καὶ
3468 4685 3618 4737 αὐτοὶ

2045 4772 2145 4843 μιν
2165 4775 2451 4844 γράφομεν
2477 4773 2548 4826 τά
2568 4773 2853 4838 δοκοῦντα,
2877 4773 2971 4827 καὶ
3003 4775 3104 4828 ὅσα
3131 4775 3273 4828 είσὶν
3296 4778 3355 4828 ἐν
3381 4777 3618 4848 ἀνάγκη,

2041 4864 2444 4937 τεθαρρηκότες
2509 4868 2577 4936 τῇ
2633 4865 3043 4938 ἐπιπολαζούσῃ
3096 4867 3176 4938 τῷ
3233 4869 3620 4941 ἀγγελιαφόρῳ

2043 4957 2377 5029 χρηστότητι
2400 4972 2418 4989 ο
2444 4959 2472 5010 ό
2497 4956 2553 5011 δέ
2582 4957 2652 5010 τά
2677 4956 2852 5012 πολλά
2882 4959 3066 5013 ἐκεῖνα
3093 4958 3290 5029 λόγους
3319 4963 3515 5023 κενοὺς
3547 4959 3618 5014 εξ.

2039 5065 2130 5103 ναι
2191 5048 2536 5120 πραγμάτων
2594 5049 2778 5119 ἀφεὶς,
2826 5049 3262 5122 ἀτελεσφόρητον
3308 5050 3468 5106 ιθετο
3521 5053 3619 5124 τὴν

2038 5141 2230 5194 ἐλπίδα
2259 5140 2340 5212 τῷ
2367 5141 2660 5197 στείλαντι.
2706 5141 2766 5196 '0
2802 5141 2903 5213 μέν
2933 5144 3044 5213 γάρ
3072 5145 3130 5197 ἐν
3157 5143 3333 5197 ἐλπίδι
3363 5145 3523 5216 φέρει
3553 5147 3618 5198 τά

2037 5231 2143 5302 τῆς
2178 5233 2422 5304 γραφῆς,
2469 5233 2571 5302 τὴν
2601 5232 2866 5304 φιλτάτην
2895 5233 3022 5305 ὄψιν
3062 5234 3252 5288 αὐτόθι
3294 5235 3618 5305 καραδοκῶν

2037 5317 2151 5377 οἷον
2188 5323 2611 5395 ἐνοπτρίσασθαι
2637 5341 2653 5358 ο
2695 5325 2758 5379 τὸ
2785 5324 2833 5379 δ’
2873 5325 3050 5390 ἄλλως
3095 5328 3311 5381 πίπτει.
3350 5328 3462 5380 Καὶ
3493 5326 3616 5379 οὔτε

2036 5417 2101 5470 τὸ
2152 5415 2487 5488 ποθούμενον
2525 5417 2764 5486 γίνεται,
2820 5418 2915 5473 καὶ
2953 5419 2988 5491 ἡ
3043 5419 3198 5489 φιλία
3244 5419 3614 5474 διαϐάλλεται.

2037 5510 2159 5565 Τίνι
2188 5509 2324 5579 γοῦν
2343 5509 2472 5574 τοὺς
2512 5510 2791 5575 τοιούτους
2822 5514 3197 5582 τιμησάμενός
3223 5529 3310 5577 τις
3357 5513 3521 5585 κρίνῃ
3551 5513 3616 5566 ἂν

2039 5603 2336 5668 εὐθύτατα,
2366 5603 2400 5674 ἢ
2433 5602 2575 5674 τάχα
2603 5603 2672 5658 ἂν
2700 5604 2918 5677 θανάτῳ
2947 5621 2964 5674 ;
2998 5605 3110 5660 Καὶ
3154 5607 3262 5677 μὴν
3292 5607 3393 5677 οὐχ
3431 5608 3615 5668 ἱκανὸς

2037 5695 2198 5767 ἀνδρὶ
2225 5695 2457 5768 τοιούτῳ
2504 5697 2733 5761 θάνατος
2771 5693 2876 5764 εἷς,
2906 5699 3051 5754 οὕτω
3081 5699 3210 5764 τοὺς
3237 5701 3424 5769 φίλους
3468 5701 3602 5770 διχά-

2040 5785 2210 5852 ζοντι.
2254 5788 2563 5843 Ἐπίϐουλοι
2593 5790 2778 5860 φιλίας
2807 5791 2874 5844 οῖ*
2895 5791 3150 5857 τοιοῦτοι,
3181 5791 3437 5863 ἀληθείας
3472 5794 3611 5862 ἱερά·

2041 5879 2214 5946 συλοι,
2236 5880 2517 5950 κακόξενοι
2541 5895 2558 5914 ⁸
2583 5881 2832 5938 ἀδικοῦσι
2853 5882 2946 5939 τὸν
2977 5881 3297 5950 Ἐταιρεῖον,
3323 5883 3610 5952 ψεύδονται
