3974 6584
330 415 467 482 1:513

1139 417 1559 478 EUoTATIIlI
1596 413 2349 477 THESSALONICENSIS
2369 411 2776 479 EPISTULE.

3450 414 3586 483 13M

319 536 413 587 τὶν
451 532 681 601 Ἑρμῆν,
711 531 772 583 τὸ
804 532 899 601 τῆς
927 531 1186 599 ἀγγελίας
1218 529 1600 603 κιϐδηλεύουσι
1624 532 1886 602 καθαρόν.
1917 534 1969 594 Α
1994 533 2200 597 κακῶς.
2244 532 2358 586 Ούκ
2389 532 2497 602 ἔχω
2539 532 2716 600 φιλεῖν
2764 532 2886 586 οὐδὲ
2906 532 2996 585 τὸν
3052 532 3493 605 Βελλεροφῶντα,
3522 533 3586 600 ὃς

324 624 490 677 υὺδὲν
523 625 656 687 ὅλως
713 625 853 677 εἰσὶν
886 624 1076 692 ύγιές’
1110 624 1159 677 οἳ
1208 624 1302 678 καὶ
1356 625 1489 695 ἡμῖν
1536 625 1608 678 τὰ
1654 627 1903 695 παρόντα.

323 717 626 786 ἐπήγειραν
675 716 1000 788 πράγματα,
1050 716 1219 769 πολλὰ
1255 716 1355 785 μὲν
1405 716 1665 779 λαϐόντες
1718 716 1901 787 γράμ-

330 827 477 879 ματα
513 810 648 879 πρὸς
686 810 786 880 τὴν
815 810 913 882 σὴν
942 809 1206 881 άγιότητα
1235 808 1369 877 παρ’
1395 808 1578 880 ήμῶν,
1609 809 1903 873 ἀποδόντες

322 901 377 953 δὲ
410 900 527 953 οὐδὲ
555 900 634 963 ἓν,
660 902 753 953 καὶ
784 900 870 954 διὰ
895 899 1053 953 τοῦτο
1081 901 1289 972 ναρκᾷν
1313 900 1404 953 ἐπὶ
1431 902 1539 964 τοῖς
1567 898 1767 969 ἐφεξῆς
1802 916 1906 953 πε-

326 995 616 1062 ποιηκότες
655 993 825 1062 ἡμᾶς,
857 993 934 1056 ὡς
967 993 1034 1045 τὰ
1061 995 1162 1063 τῆς
1209 994 1653 1065 προσφωνήσεως
1687 993 1819 1063 ήμῖν
1848 994 1903 1045 ὲν

324 1081 507 1150 ψιλαῖς
547 1081 643 1134 καὶ
671 1081 860 1151 μόναις
889 1081 1102 1136 κεῖσθαι
1140 1084 1644 1155 προσαγορεύσεσιν
1668 1099 1683 1114 ⁸
1708 1084 1763 1139 ετ
1797 1084 1901 1139 πού

324 1190 406 1234 τις
443 1172 677 1226 ἐνταῦθα
708 1172 837 1241 γοῦν
870 1172 1053 1230 δίδωσι
1084 1173 1151 1226 τὰ
1175 1178 1363 1238 πιστὰ,
1402 1176 1475 1239 ὡς
1508 1174 1684 1245 ἔγωγε
1724 1172 1900 1247 οἶμαι,

325 1263 432 1315 οὐδ’
482 1265 548 1316 ἂν
594 1262 751 1316 τοῦτό
790 1282 881 1334 μοι
914 1269 1215 1335 συμπεσεῖν
1251 1266 1515 1336 εὐτυχῶς.
1571 1268 1759 1322 Ἔοικε
1790 1271 1900 1338 γὰρ

326 1352 445 1405 οὐδὲ
482 1353 856 1425 προσκύνησίς
885 1356 1049 1408 ποθεν
1074 1355 1193 1408 οὐδὲ
1214 1355 1371 1422 λόγος
1391 1356 1901 1421 όστισοῦννὲξικνεῖ-

331 1444 451 1496 σθαί
489 1462 570 1498 σοι
605 1446 700 1513 ἀφ’
732 1447 887 1517 ήμῶν
911 1464 926 1479 ·
960 1448 1019 1500 ού
1065 1448 1173 1517 γὰρ
1200 1448 1268 1501 ἂν
1297 1446 1470 1513 οὕτως
1505 1449 1653 1518 ἡμᾶς
1679 1449 1902 1520 διέγρα-

327 1555 426 1604 φες
472 1538 573 1607 τῆς
610 1538 805 1610 ψυχῆς.
839 1539 1135 1611 Μάρτυρες
1186 1540 1245 1593 δέ
1298 1558 1392 1611 μοι
1449 1542 1640 1595 τούτου
1673 1573 1743 1585 -
1774 1544 1901 1607 τοὺς

331 1634 431 1704 μὲν
458 1635 649 1699 ἄλλους
679 1635 730 1688 τί
779 1635 877 1689 καὶ
925 1636 1105 1705 λέγειν
1133 1636 1346 1709 ὲχρῆνς
1392 1637 1421 1691 6
1461 1637 1518 1691 δὲ
1571 1637 1902 1707 τιμιώτατος

331 1728 518 1797 κύριος
553 1728 831 1796 Ἰωάννης,
862 1729 890 1781 6
936 1729 1275 1801 δευτερεύων
1310 1728 1528 1792 πάντως
1558 1730 1653 1784 καὶ
1681 1731 1899 1801 ἀπαράο

327 1838 569 1891 γραπτος
595 1839 609 1853 ο
642 1822 701 1886 ὃς
729 1823 1018 1892 διαφόρους
1048 1823 1186 1894 εμὰς
1220 1822 1440 1892 γραφὰς
1481 1822 1898 1892 ἀναδεξάμενος.

330 1913 596 1976 ὲξέστειλε
628 1914 847 1986 γράψας
885 1914 978 1969 καὶ
1008 1914 1190 1976 αύτός.
1236 1913 1374 1968 Ἀλλ’
1398 1912 1523 1967 οὔτε
1552 1913 1713 1975 αὐτὸς
1738 1914 1905 1985 ῆνυσε

326 2008 395 2060 τά
427 2006 521 2060 τοῦ
554 2007 778 2075 σκοποῦ,
810 2009 903 2061 καὶ
934 2010 1093 2078 ήμεῖς
1136 2007 1595 2077 συνεξεπέσομεν.
1629 2006 1784 2078 Ἔχει
1809 2009 1905 2061 καὶ

327 2099 490 2163 αὐτὸς
516 2100 972 2172 ἀπαριθμεῖσθαι,
1004 2102 1149 2156 πόσα
1171 2101 1415 2172 ἔγραψεν
1443 2103 1730 2166 ὲν-κενοῖς,
1762 2097 1904 2152 καθὰ

327 2191 421 2244 καὶ
447 2195 631 2263 ἡμεῖς.
657 2192 827 2247 Τοῦτό
852 2210 945 2263 μοι
977 2193 1038 2246 τὸ
1064 2193 1158 2247 τοῦ
1191 2194 1267 2263 μὴ
1294 2194 1529 2264 γράφειν
1559 2194 1757 2258 αἴτιον,
1781 2194 1904 2264 άγιέ

331 2301 434 2353 μου
465 2284 701 2340 δέσποτα
727 2301 742 2316 ·
792 2285 891 2350 ὡς,
924 2285 977 2340 εί
1005 2303 1070 2355 γε
1111 2285 1407 2358 θαρροῦντι
1451 2304 1541 2356 μοι
1570 2283 1661 2357 ἦν,
1693 2286 1767 2358 μὴ
1806 2287 1902 2340 τοῦ

334 2375 673 2445 ποθουμένου
728 2378 1042 2444 ἐκπίπτειν,
1092 2378 1368 2448 δυσχερῶς
1416 2380 1483 2433 ἂν
1518 2378 1713 2450 ἔφερες
1747 2379 1903 2450 ὄχλον

329 2468 576 2537 πάσχων,
625 2465 706 2533 οἷς
752 2464 898 2540 εἶχον
944 2470 1181 2540 γράφειν
1216 2471 1408 2540 συχνά.
1462 2470 1670 2524 Οῦκουν
1711 2471 1778 2525 ἂν
1828 2472 1907 2525 δι-

332 2563 505 2623 καίως
537 2563 716 2615 αἰτίαν
752 2562 994 2634 ἔχοιμεν,
1042 2560 1121 2627 οἷς
1153 2566 1213 2619 ού
1260 2567 1569 2638 γράφομεν.
1602 2568 1677 2623 Τὸ
1705 2568 1762 2621 δὲ
1809 2572 1904 2624 καὶ

327 2654 629 2722 ὀνειδίζειν,
658 2657 826 2725 τῦφον
855 2660 1006 2729 ἡμᾶς
1033 2659 1251 2725 παθεῖν,
1278 2659 1367 2731 ἐφ’
1390 2657 1473 2724 οἷς
1495 2661 1574 2733 τῷ
1606 2663 1903 2733 σοφιστικῷ

330 2746 529 2816 βαθμῷ
564 2749 938 2820 προσέδημεν,
971 2751 1048 2821 μὴ
1077 2751 1142 2807 σύ
1184 2770 1249 2821 γε
1288 2752 1391 2809 ἔτι.
1431 2753 1538 2807 Τοῦ
1568 2755 1769 2820 παντὸς
1794 2756 1903 2826 γὰρ

329 2842 525 2910 δέομεν
580 2842 821 2896 τοιοῦτόν
869 2860 920 2897 τι
970 2843 1201 2898 παθεῖν·
1235 2844 1291 2898 οῖ
1338 2861 1400 2913 γε
1450 2847 1546 2899 καὶ
1582 2847 1903 2918 φαινόμενοι

331 2931 698 3001 ὲρυθριῶμεν,
740 2935 835 2985 καὶ
888 2933 1111 3002 ῥαϐδίον
1141 2934 1211 2988 τὰ
1241 2934 1323 2997 εἰς
1371 2936 1660 3005 ῥητορείαν
1701 2937 1899 2992 καλούς

334 3038 509 3090 μενοι,
542 3023 1018 3093 ἐγκαλυπτόμεθα,
1058 3025 1153 3078 καὶ
1187 3024 1346 3095 μόνον
1375 3026 1435 3079 ού
1452 3028 1903 3098 ,προϐαλλόμεθα

331 3118 431 3184 τῆς
457 3116 633 3184 ὅψεως
661 3117 940 3187 θοιμάτιον
961 3134 972 3146 ·
1006 3118 1033 3169 ὃ
1062 3118 1125 3188 δὴ
1157 3121 1268 3181 τοῖς
1296 3119 1687 3189 ἁπλουστέροις
1716 3122 1902 3185 αἰδοῦς

2005 624 2170 694 ἀέρια
2200 620 2558 696 [χαλκω]θεὶς
2586 622 2779 689 ἔπαιζε
2814 624 2959 678 κατὰ
2986 626 3268 695 Πίνδαρον.
3314 623 3439 696 Εἶχε
3472 628 3583 696 γὰρ

2004 714 2167 769 αὐτὸν
2200 714 2425 785 ὕστερον
2450 714 2512 769 τδ
2544 714 2777 786 Ἀλήϊον,
2807 716 2958 769 κάτω
2989 716 3288 779 πεζεύοντα
3316 718 3412 771 κλὶ
3445 734 3581 770 κατ-

2004 804 2383 877 επιχειροῦντα
2410 806 2510 875 τῆς
2565 806 2765 877 ψυχῆς,
2800 808 2893 859 καὶ
2938 806 3034 874 τὴν
3081 804 3201 873 μετ’
3243 807 3424 859 αὐτῶν
3460 822 3585 858 συν-

2004 898 2350 969 αναστροφὴν
2385 898 2809 968 ἐκτρεπόμενον.
2854 897 2928 950 Τὸ
2975 896 3030 950 δὲ
3072 896 3166 951 τοῦ
3209 887 3422 967 Ἰκάρ”ου
3457 896 3590 967 ὕψος

2004 993 2334 1063 κατενεχθὲν
2368 995 2447 1057 είς
2481 994 2838 1057 ταπείνωσιν,
2888 993 3193 1062 παροιμίαν
3242 990 3431 1060 ῶσπερ
3465 992 3590 1045 καθ’

2005 1085 2198 1149 ὕδατος
2246 1084 2514 1157 ἔγραψεν.
2562 1080 2718 1139 Εῐναι
2773 1084 2829 1138 δὲ
2861 1084 3037 1138 ἔοικεν
3088 1082 3198 1136 οὐδ’
3252 1084 3459 1146 ἐκεῖνος
3498 1083 3592 1135 άν-

2006 1178 2223 1248 θρωπος
2274 1177 2662 1248 προσηκόντως
2704 1178 2843 1248 ἔχων
2897 1177 2973 1239 είς
3019 1176 3277 1245 ἔξαρμαο
3336 1173 3591 1227 ἐντεῦθεν

2004 1270 2123 1323 οὐδὲ
2166 1270 2600 1339 τετελεσφόρηκε
2623 1269 2695 1323 τά
2712 1268 2807 1322 τοῦ
2832 1266 3062 1322 σκοποῦ.
3100 1267 3252 1339 [Ἐξ]
3289 1263 3589 1337 έ[ναν]τίου

2005 1361 2151 1436 [μοι]
2182 1364 2384 1429 τοίνυν,
2419 1362 2475 1416 εί
2506 1362 2609 1417 πού
2639 1378 2748 1429 τις,
2782 1361 3038 1424 Δαίδαλος
3061 1375 3076 1392 ο
3116 1362 3196 1430 τῷ
3219 1362 3444 1427 τοιούτῳ
3479 1358 3590 1427 γὰρ

2003 1458 2271 1527 προσήκει
2300 1455 2362 1510 τὸ
2390 1456 2490 1526 τῆς
2518 1456 2794 1525 πτήσεως.
2823 1454 3118 1508 Λυέτωσαν
3142 1450 3389 1525 Ια]ῦραις
3406 1452 3453 1504 οί
3487 1451 3588 1502 Βο-

2005 1548 2272 1621 ρεάδαιτδ
2313 1547 2582 1621 πτε[ρδν,]
2629 1544 3589 1621 φ[ι]).[οτιμ]οῦντεςτοτοιοῦτονκα-

2002 1640 2116 1697 λόν.
2150 1642 2284 1696 Οὐδὲ
2308 1642 2399 1695 τὸν
2416 1643 2634 1712 Περσέα
2664 1641 2976 1712 μέμφομαι,
2999 1638 3301 1710 θαρροῦντα
3328 1637 3427 1707 τὴν
3450 1636 3590 1703 πτῆ⁶

2005 1750 2106 1789 σιν”
2146 1730 2215 1804 ἦν
2245 1736 2353 1804 γὰρ
2376 1735 2580 1796 ἐκεῖνος
2613 1734 2887 1800 πτερωτὸς
2907 1732 2975 1786 τὰ
2996 1735 3078 1796 είς
3101 1729 3326 1802 βάδισιν,
3362 1727 3587 1800 [είτουν,

2006 1825 2175 1899 καθ]ά
2190 1844 2274 1890 τις
2299 1826 2458 1897 λόγος
2486 1827 2653 1890 ποιεῖ,
2687 1825 3114 1897 ὰρὸυλόπτερος.
3150 1824 3330 1893 Ἠμᾶς
3362 1822 3419 1876 δὲ
3436 1821 3588 1875 κάτω

2008 1937 2093 1984 τις
2124 1920 2270 1973 ἐάτω
2309 1919 2515 1988 μένειν,
2565 1920 2659 1972 καὶ
2686 1920 2794 1971 τῶν
2820 1918 2919 1986 τῆς
2972 1918 3078 1986 γῆς
3108 1916 3291 1971 καλῶν
3321 1915 3588 1986 χορτάζε-

2007 2014 2152 2073 σθαι.
2179 2014 2359 2066 είτουν
2390 2012 2533 2065 κατὰ
2565 2012 2662 2074 τὰς
2692 2009 2918 2082 [χαμαὶ]
2940 2010 3134 2079 φύσεις
3154 2009 3501 2079 ὲρέπτεσθαι.
3524 2008 3588 2059 Εἰ

2003 2109 2059 2161 δέ
2088 2123 2217 2160 ποτε
2241 2107 2336 2160 καὶ
2356 2107 2539 2175 δεήσει
2574 2104 2971 2175 πτερύξασθαι,
3007 2103 3317 2174 ἀγαπητὸν,
3350 2103 3400 2155 εί
3442 2103 3587 2154 κατὰ

2002 2201 2101 2271 τὴν
2132 2199 2378 2267 Λιϐυκὴν
2408 2197 2672 2268 στρουθὸν
2702 2196 2772 2249 τὰ
2820 2197 2991 2250 πολλὰ
3025 2197 3122 2267 τῆς
3165 2195 3270 2266 γῆς
3299 2192 3589 2267 έφαπ[τοί-

2006 2289 2168 2361 μεθα.
2203 2289 2313 2343 Καὶ
2337 2286 2471 2362 μὴν]
2492 2287 2608 2357 ἔχει
2638 2285 2782 2339 καὶὸ
2818 2284 3026 2357 Ἐρμῆς
3058 2284 3385 2353 πράγματα,
3415 2282 3501 2333 διὰ
3528 2281 3587 2331 τὸ

2005 2383 2208 2453 πτερὸν
2238 2381 2511 2441 ἀστατῶν,
2548 2380 2645 2433 καὶ
2668 2379 2762 2432 νῦν
2796 2376 2897 2446 μὲν
2934 2375 3170 2446 χθόνιος.
3202 2374 3297 2429 νῦν
3323 2373 3381 2426 δὲ
3427 2370 3585 2432 αὖθις

2004 2475 2256 2547 οὐράνιος
2286 2472 2385 2527 ῶν.
2414 2474 2525 2537 Τὰς
2547 2473 2605 2526 δὲ
2628 2473 2891 2541 Σειρῆνας
2922 2468 2973 2541 [ὁ
3003 2469 3173 2522 πάλαι
3200 2466 3393 2539 μ]ὖθος
3423 2466 3584 2525 αὐτὸς

2005 2567 2100 2623 καὶ
2128 2567 2404 2637 παρέλυσε
2433 2564 2529 2619 τοῦ
2565 2564 2772 2633 πτεροῦ
2804 2564 2899 2617 καὶ
2948 2560 3298 2628 κὰτέπνιξεν.
3360 2558 3420 2611 ὐ
3449 2558 3588 2625 γοῦν

2003 2658 2179 2714 ταῦτα
2231 2659 2406 2725 λέγων
2468 2657 2767 2720 Εὑστάθιος
2824 2657 2920 2709 καὶ
2974 2651 3159 2722 πολλῷ
3205 2650 3476 2722 πρότερον
3521 2650 3583 2702 οῦ

2006 2754 2148 2821 μέγα
2186 2749 2534 2824 φρον[ήσας],
2564 2749 2941 2820 πανιερώτατέ
2974 2765 3079 2815 μου
3104 2746 3364 2807 δέσποτα,
3390 2745 3488 2797 ούκ
3518 2744 3585 2796 ἂν

2002 2846 2221 2907 πάντως
2250 2845 2362 2912 έχοι
2390 2842 2715 2912 τυφοῦσθαι,
2744 2840 2837 2894 τοῦ
2866 2839 3205 2908 ποθουμένου
3243 2837 3361 2906 βίου
3411 2852 3584 2904 μετα-

2003 2935 2228 2997 ναστάςο
2249 2934 2468 3002 στέργοι
2486 2931 2553 2995 δ’,
2572 2931 2621 2983 εί
2639 2929 2827 3002 [μετὰ]
2857 2929 2958 2997 τὴν
2978 2928 3140 2997 φίλην
3155 2925 3259 2996 γῆν
3285 2921 3466 2997 [ποτε]
3491 2922 3589 2975 αύ-

2001 3026 2094 3081 τὸν
2127 3025 2351 3093 οὐρανὸς
2373 3020 3181 3093 ἐλαφρίζοιτο.’Δπολελόγημαι
3237 3017 3358 3089 ἤδη,
3393 3017 3588 3069 δέσπο-
3676 3072 3687 3079 κ

2002 3137 2093 3182 τα,
2134 3115 2241 3189 [ού]
2286 3114 2493 3189 μό[νον]
2516 3114 2716 3176 ἱκανῶς
2750 3113 2887 3167 ἀλλὰ
2920 3111 3014 3166 καὶ
3040 3109 3589 3180 άληθῶςσπροσθησω

334 3210 710 3280 προκάλυμμα
760 3212 992 3279 γίνεται.
1029 3211 1183 3265 Οἶδεν
1219 3217 1246 3267 ὁ
1286 3214 1443 3279 Θεὸς,
1479 3216 1561 3270 ὅτι
1609 3218 1668 3270 ού
1711 3218 1894 3287 ψεύδοο
1926 3238 1969 3296 c
2000 3210 2056 3264 δὲ
2088 3212 2153 3280 τῇ
2187 3209 2347 3278 λοιπῇ
2371 3205 2500 3279 [μου
2531 3205 2743 3279 γραφ]ᾖ
2777 3206 2872 3259 καὶ
2911 3206 3011 3275 τὴν
3073 3204 3361 3274 κορωνίδα.
3399 3200 3467 3256 Εἴ
3485 3219 3583 3255 σου

336 3320 460 3369 μαι.
497 3299 658 3366 Οἶδας
694 3304 755 3357 τὸ
783 3305 915 3374 ἐμὸν
938 3307 997 3359 ού
1027 3307 1169 3361 πάνυ
1196 3324 1248 3360 τι
1279 3309 1652 3380 περιπόνηρον
1676 3326 1687 3339 ο
1728 3310 1785 3362 τὸ
1809 3310 1901 3363 ἐπὶ

332 3394 582 3463 προόδοις
632 3396 731 3449 οὐκ
787 3399 1076 3468 ἐντρεχές·
1126 3398 1186 3452 τὸ
1234 3400 1330 3452 ἐπὶ
1388 3403 1508 3463 ταῖς
1559 3399 1902 3470 όινυψὼσεσιν

331 3487 598 3549 εὐλαϐέςο
650 3488 711 3540 τὸ
744 3489 836 3541 ἐπὶ
889 3492 1002 3551 τοῖς
1041 3488 1367 3559 ὑψουμένοις
1418 3491 1725 3562 ἀφθόνητον
1754 3508 1768 3521 ⁸
1805 3493 1901 3563 τὴν

330 3579 571 3651 σπονδὴν
610 3581 702 3632 τοῦ
755 3582 1083 3634 λανθάνοντα
1117 3582 1236 3651 ζῇν,
1284 3582 1316 3653 ἢ
1355 3583 1490 3652 μηδὲ
1537 3585 1659 3654 ζῇν.
1688 3584 1809 3647 Πῶς
1836 3584 1903 3635 ἂν

327 3672 422 3726 οῦν
477 3674 808 3743 τυφωθείην,
869 3675 963 3727 καὶ
1011 3674 1072 3727 ού
1128 3673 1333 3741 μᾶλλον
1385 3674 1681 3745 ἀχθοίμην,
1710 3672 1771 3729 οὗ
1825 3674 1901 3745 μὴ

326 3766 567 3829 ἐμαυτὸν
596 3767 782 3831 ἀξιοῦν
812 3762 955 3834 εἶχον
990 3769 1181 3820 τούτου
1225 3767 1440 3836 τυχὼν;
1479 3768 1674 3821 Πολλοὶ
1702 3768 1903 3822 πολλά-

326 3876 417 3921 κις
431 3859 765 3930 ἁνεπτέρουν
783 3862 929 3929 ἡμᾶς
951 3877 965 3892 ·
992 3860 1104 3913 ἀλλ’
1121 3863 1283 3931 ἡμεῖς
1300 3860 1589 3934 έδρίθοιιεν
1613 3861 1785 3927 κάτω,
1808 3861 1901 3914 καὶ

323 3952 428 4021 τὴν
467 3954 605 4022 πρὸς
627 3952 732 4022 γῆν
766 3953 1049 4024 διατριϐὴν
1088 3955 1441 4029 ὲστέργομεν.
1462 3951 1901 4023 Ἀνεμίμνησκον

328 4044 598 4116 μακάρων
621 4044 831 4114 τρυφῆς
854 4061 870 4077 ο
899 4046 1032 4115 ἡμῖν
1061 4045 1118 4099 δὲ
1142 4046 1308 4116 ἤρεσε
1338 4046 1429 4098 καὶ
1449 4046 1478 4098 ό
1498 4045 1635 4115 πρὸς
1658 4046 1690 4113 ή
1699 4043 1765 4112 μέ
1776 4060 1897 4113 ραν.
1944 4077 1956 4088 -

324 4133 381 4186 εῐ
412 4151 517 4188 που
549 4135 646 4190 καὶ
679 4136 866 4207 ἀρκῶν
901 4139 1009 4205 εῐη,
1032 4138 1060 4189 6
1080 4135 1468 4205 κατάσλωμος.
1495 4134 1727 4187 Ἥθελον
1750 4134 1899 4203 ἡμᾶς

323 4229 374 4283 οί
406 4230 691 4299 φιλοῦντες
727 4229 1060 4295 αὐξάνεσθαι
1102 4231 1200 4286 καὶ
1235 4227 1586 4299 ἀνδρίζεσθαι
1610 4241 1624 4253 ·
1655 4226 1805 4295 ἡμᾶς
1841 4224 1901 4278 δὲ

322 4327 425 4378 οὐκ
446 4323 759 4385 ἐλάνθανεν,
775 4326 857 4377 δτι
877 4322 1136 4385 κώνωπες
1153 4323 1334 4393 ἡμεῖς,
1355 4322 1438 4374 ὅτι
1462 4319 1780 4391 μύρμηκες,
1803 4317 1900 4372 καὶ

321 4418 377 4469 εἰ
402 4416 457 4469 τί
485 4433 590 4468 που
623 4415 828 4469 τούτων
850 4414 1070 4468 ἔλαττον
1096 4416 1176 4478 είς
1211 4414 1486 4467 εὐτέλειαν
1509 4453 1527 4477 ,
1557 4413 1709 4467 κάτω
1736 4412 1900 4480 συρό-

330 4527 514 4580 μενον,
543 4509 577 4580 ἢ
602 4509 715 4564 ἄνω
744 4508 1066 4577 φερόμενον.
1092 4507 1202 4560 Καί
1227 4524 1330 4561 που
1360 4506 1457 4560 καὶ
1484 4504 1688 4560 τοιαῦτ’
1731 4505 1898 4575 ἤκουε

2010 3302 2378 3372 ἐπελαθόμην,
2418 3300 2639 3354 λάθοιτό
2674 3316 2780 3369 μου
2836 3298 2988 3362 Θεός.
3022 3297 3147 3351 Ὅτι
3177 3298 3234 3351 δὲ
3277 3297 3398 3351 οὐδὲ
3427 3296 3581 3365 φίλον

2008 3392 2383 3463 ἐπιγράφομαί
2408 3410 2529 3446 τινα
2549 3390 2884 3464 κρείτ[τονα]
2940 3391 3040 3460 τῆς
3062 3390 3192 3463 [σῆς
3246 3389 3585 3461 ἁγιότηῙτος,

2009 3483 2114 3542 οἶδε
2135 3486 2233 3555 μὲν
2247 3484 2506 3538 καὶτοῦτο
2527 3485 2680 3549 Θεός·
2693 3486 2753 3536 οὐ
2772 3484 3019 3538 λανθάνει
3030 3485 3106 3549 δὲ,
3124 3480 3296 3552 οἶμαι,
3314 3483 3434 3536 ούδέ
3457 3500 3580 3536 τινα

2007 3581 2139 3644 τῶν,
2160 3581 2272 3633 ὅσοι
2305 3578 2605 3632 Εὐστάθιόν
2633 3594 2692 3631 τε
2724 3576 2914 3630 τοῦτον
2960 3576 3204 3646 ἀκριϐῶς
3232 3577 3430 3638 οἴδασι,
3481 3576 3581 3629 καὶ

2006 3672 2098 3725 τὸν
2150 3669 2564 3741 πανιερὼτατον
2628 3669 3037 3739 μητροπολίτην
3078 3669 3305 3738 Πατρῶν
3333 3708 3347 3722 .
3402 3666 3578 3738 Εὖχου

2007 3766 2160 3835 ἡμῖν,
2191 3763 2320 3832 ἆγιέ
2373 3780 2473 3833 μου
2508 3761 2762 3815 δέσποτα.
2825 3761 3111 3830 Εύχόμεθα
3154 3762 3251 3815 καὶ
3281 3762 3442 3830 ἡμεῖς
3473 3763 3585 3814 πᾶν

2006 3856 2212 3925 ἀγαθὸν
2238 3856 2306 3925 τῇ
2335 3855 2403 3924 σῇ
2433 3854 2711 3924 ἁγιότητι·
2762 3852 3134 3921 πνευχόμεθα
3185 3852 3243 3907 δὲ
3298 3853 3394 3906 καὶ
3452 3852 3583 3906 ίδεῖν

2007 3952 2176 4021 αὐτὴν
2198 3952 2520 4020 χαίρουσαν,
2543 3946 2637 4000 καὶ
2661 3945 2731 3999 τὰ
2757 3944 2949 4014 φιλικὰ
2974 3946 3031 3997 ἐν
3053 3944 3211 4013 δψεσι
3238 3948 3581 4016 προσειπεῖν.

2007 4042 2097 4112 Τῷ
2130 4041 2268 4104 τέως
2300 4040 2356 4093 δὲ
2387 4039 2549 4091 λύσον
2584 4038 2685 4106 τὴν
2714 4036 2988 4104 γλῶσσαν,
3038 4038 3134 4089 καὶ
3170 4036 3542 4107 ἀντιφώνησον
3564 4053 3580 4068 ·

2006 4135 2103 4188 καὶ
2124 4132 2297 4196 οὕτως
2318 4133 2451 4204 ἡμῖν
2480 4131 2581 4200 τὴν
2612 4132 2676 4184 ὲκ
2699 4130 2878 4199 λύπης
2921 4129 3168 4186 διάλυσιν
3202 4131 3439 4203 συνόχει.

2722 4226 2857 4279 ΜΕ’.

2646 4315 2732 4383 Τῷ
2762 4315 2945 4383 αὐτῷ.

2081 4411 2344 4482 Ἥγειρας
2404 4410 2576 4482 ἡμᾶς,
2615 4405 2699 4472 οἷς
2739 4408 3007 4477 ἑλάλησας
3029 4425 3044 4440 ·
3111 4409 3439 4482 ἀνέστησας,
3497 4407 3583 4476 οἷς

2005 4498 2404 4575 ὲφώνησας.⁷Ω
2433 4502 2592 4568 λόγος
2623 4500 2862 4567 γλυκύςί
2888 4494 2933 4554 ὧ
2961 4500 3183 4568 γλῶσσα
3208 4503 3461 4572 Χαρίτων
3484 4505 3581 4571 γέ-

327 4604 468 4672 πρὸς
492 4602 654 4671 ήμῶν
678 4602 705 4653 6
730 4602 791 4655 τὸ
826 4601 1092 4671 ἡμέτερον
1112 4599 1456 4655 ἐπισπεύδων
1490 4599 1712 4669 ὕψωμα·
1738 4600 1901 4651 ἔασον
1928 4591 1979 4650 D
2006 4614 2185 4668 μουσα
2214 4598 2227 4651 ί
2253 4596 2331 4660 ῶς
2363 4598 2473 4665 άρα
2506 4595 2572 4649 σὺ
2608 4596 2769 4665 μόνος
2800 4595 2859 4647 ἐν
2895 4596 3010 4658 τοῖς
3039 4596 3164 4665 ἄρτι
3189 4595 3391 4665 λαλεῖς,
3421 4600 3581 4652 ὁποῖα

322 4693 498 4760 ἡμᾶς,
526 4684 572 4743 ὦ
599 4683 773 4755 οὗτος,
809 4691 991 4760 μένειν
1023 4692 1196 4744 κάτω.
1247 4690 1324 4742 Οὐ
1355 4689 1583 4761 θέλομεν
1614 4689 1898 4758 ύψοῦσθαιο

322 4782 385 4832 ού
430 4779 697 4850 φιλοῦμεν
746 4780 1095 4844 αὐξάνεσθαι.
1153 4779 1475 4850 Ηύξήμεθα,
1523 4781 1607 4850 ίφ⁹
1636 4783 1760 4835 ὅσον
1792 4780 1902 4834 εδει

325 4872 633 4943 αὐξηθῆναι
665 4873 761 4925 καὶ
801 4870 1094 4942 μύρμηκον
1144 4872 1253 4925 ἔδει
1301 4873 1359 4926 δὲ
1408 4874 1628 4935 πάντως
1674 4873 1774 4926 οὐκ
1822 4871 1903 4934 είς

322 4964 570 5023 λέοντας,
604 4962 815 5031 μήποτε
840 4962 947 5031 ἄρα
967 4962 1026 5013 τὸ
1054 4962 1152 5031 τῆς
1184 4964 1403 5033 γραφῆς
1429 4963 1902 5034 μυρμηκολέοντες

321 5052 585 5123 ὀλοίμεθα
610 5053 763 5121 παρὰ
799 5053 861 5105 τὸ
903 5053 980 5121 μὴ
1029 5052 1174 5123 ἔχειν
1207 5055 1437 5125 τροφήν.
1496 5057 1604 5109 Καὶ
1642 5057 1816 5119 ἄλλως
1843 5057 1899 5109 δὲ

321 5146 447 5199 ούαὶ
485 5143 741 5215 μύρμηκι
805 5146 1025 5214 πτεροῖς
1080 5146 1325 5216 ἀρθέντι,
1382 5147 1521 5217 ῶςή
1572 5148 1633 5214 ἐξ
1695 5150 1901 5220 ἀγορᾶς

322 5238 605 5307 παροιμία
634 5236 804 5292 λαλεῖ.
836 5236 1115 5299 Κώνωπες
1165 5237 1243 5303 δὲ,
1276 5238 1326 5291 εί
1375 5238 1453 5308 μὴ
1498 5240 1767 5309 περίγειοι
1802 5242 1901 5294 πέ-

317 5347 524 5395 τοιντο,
574 5329 676 5383 οὑκ
707 5329 773 5384 ἄν
826 5328 928 5399 τῆς
957 5329 1209 5397 πτήσεως
1256 5329 1336 5391 είς
1370 5330 1537 5383 καλὸν
1584 5332 1898 5397 ἀπόναιντο,

316 5420 705 5493 ἀρπαχθέντες
724 5422 948 5491 ἀνέμοις
970 5422 1066 5473 καί⁵
1085 5420 1521 5491 ἀπαλλαχθέντες
1539 5421 1619 5484 είς
1650 5422 1895 5494 ὄλεθρον.

322 5514 504 5582 ’Ἄφες
538 5509 634 5567 οῦν
678 5515 825 5582 ἡμᾶς
869 5517 927 5566 ιν
957 5512 1058 5584 βίῳ
1124 5509 1285 5580 εἶναι,
1326 5514 1421 5568 κα)⁸
1471 5516 1546 5586 μὴ
1602 5517 1723 5578 ταῖς
1777 5516 1900 5585 ’Λρ-

318 5606 521 5668 πυίαις
582 5604 972 5674 άνερείψασθαι
1037 5606 1185 5675 δοίης
1246 5608 1417 5677 ἡμᾶς.
1493 5607 1634 5675 Ἐγὼ
1691 5606 1748 5659 δὲ
1808 5609 1901 5661 τὸν

314 5697 603 5750 Τάνταλον
659 5696 945 5766 ἄνθρωπον
994 5692 1150 5766 οἶμαι
1216 5700 1384 5751 πάλαι
1430 5700 1562 5751 ποτὲ
1616 5700 1898 5767 γενέσθαι,

317 5786 470 5856 πέρι
503 5784 598 5837 τοῦ
638 5785 847 5846 δέοντος
881 5785 1184 5856 ύψωθέντα·
1217 5787 1274 5850 ὃς
1308 5785 1432 5840 οὕτε
1458 5790 1567 5850 τοῖς
1591 5790 1743 5843 κάτω
1774 5788 1899 5843 σύν-

312 5892 464 5946 εστι,
502 5874 598 5929 καὶ
641 5876 759 5929 οὐδὲ
798 5877 903 5932 τῶν
948 5879 1207 5934 ἀνωτάτω
1256 5878 1453 5949 ψαύειν
1504 5878 1663 5949 ἔχων,
1698 5880 1898 5954 πάσχει

2005 4690 2299 4759 φθέγξεται
2332 4689 2497 4756 σοφὸς
2543 4688 2854 4758 ἄνθρωπος.
2896 4687 3045 4742 ’ἰδὼν
3078 4688 3179 4759 μὲν
3217 4688 3319 4761 τήν
3357 4692 3582 4761 γραφήν

2001 4780 2102 4846 τῆς
2129 4779 2230 4848 σῆς
2279 4780 2569 4847 ἁγιότητος
2601 4778 3083 4851 (ὲπιμαρτυρέσθω
3124 4796 3219 4850 μοι
3255 4785 3369 4846 τοῖς
3401 4781 3580 4853 λόγοις

2000 4872 2031 4924 6
2057 4870 2157 4940 τῆς
2184 4869 2443 4940 ἀληθείας
2466 4869 2644 4938 Θεὸς),
2668 4871 2763 4923 καὶ
2800 4870 2894 4922 τὸν
2919 4869 3102 4923 τίτλον
3133 4871 3337 4942 ταύτης
3362 4874 3581 4942 περιελ-

2003 4961 2134 5029 θὼν,
2172 4961 2509 5033 ἐξελαθόμην
2538 4962 2636 5031 τῆς
2656 4961 2969 5028 ἀσθενείας,
3000 4962 3036 5033 ἦ
3072 4981 3141 5033 με
3191 4967 3576 5037 περιεκέχυτο.

2014 5054 2104 5119 Ὠς
2122 5054 2180 5109 δὲ
2201 5054 2297 5109 καὶ
2325 5054 2621 5119 ἀνέπτυξα,
2665 5056 2759 5107 καὶ
2796 5053 2891 5107 τοῦ
2935 5056 3337 5124 ἀναγινώσκειν
3391 5056 3577 5124 ἐγενόο

2005 5163 2134 5217 μην,
2166 5147 2248 5200 δτι
2281 5145 2381 5214 μὲν
2414 5147 2447 5216 ή
2488 5145 2770 5214 άγιωσύνη
2805 5163 2899 5200 σου
2937 5128 3228 5218 πράγμασι
3268 5165 3578 5215 neptuno:-

2002 5239 2187 5310 χίσθη,
2221 5239 2283 5293 ού
2328 5239 2474 5309 μάλα
2509 5256 2577 5309 με
2609 5239 2849 5309 ἐλύπησε
2887 5240 3134 5309 (δύνασαι
3159 5242 3268 5312 γὰρ
3306 5242 3443 5295 Θεοῦ
3476 5244 3576 5313 χά-

2003 5349 2115 5403 ριτι
2150 5332 2257 5385 τῶν
2287 5331 2544 5386 τοιούτων
2573 5331 2912 5403 ἐλαφρότατα
2937 5333 3384 5404 ύπερπέτεσθαι)·
3416 5336 3498 5387 ὃτι
3518 5337 3576 5390 δὲ

2005 5426 2280 5496 ὑγιαίνειν
2301 5424 2514 5495 ἔλαχες,
2537 5424 2696 5479 τοῦτο
2724 5428 2804 5497 είς
2828 5426 2966 5496 ἐμήν
2987 5424 3318 5496 ἐλογισάμην
3340 5427 3571 5493 ὑγίειανο

2000 5518 2030 5572 δ
2062 5519 2159 5572 καὶ
2216 5516 2536 5585 φυλάττοιτό
2567 5534 2649 5570 σοι
2687 5517 2774 5570 διὰ
2834 5517 2950 5586 βίου
3002 5518 3083 5578 είς
3129 5521 3304 5570 κοινὸν
3344 5518 3572 5585 ἀγαθόν.

1999 5609 2265 5681 Βραχῦδὲ
2296 5609 2399 5679 τῆς
2450 5608 2812 5678 ἀναγνώσεως
2862 5609 3172 5678 γενόμενος,
3224 5610 3320 5665 καὶ
3373 5613 3570 5681 μηκέτ’

2001 5703 2140 5772 ἔχων
2166 5701 2369 5756 διδόναι
2415 5702 2545 5767 τοὺς
2582 5702 2897 5772 ὀφθαλμοὺς
2953 5702 3033 5772 τῷ
3065 5704 3354 5773 γράμματι
3407 5705 3572 5775 (οὕτω

1999 5789 2112 5858 γάρ
2148 5805 2215 5859 με
2250 5789 2469 5858 ήνόσος
2521 5790 2771 5858 διέθετο),
2808 5786 2926 5845 εἶτα
2970 5792 3143 5863 ἑτέρῳ
3184 5793 3307 5856 δοῦς
3336 5795 3574 5849 mea),

2000 5882 2111 5938 λειν
2140 5899 2232 5954 μοι
2264 5882 2331 5937 τὰ
2359 5883 2459 5955 τῆς
2479 5883 2767 5955 ἐπιστολῆς
2787 5884 2864 5949 ὡς
2882 5886 3099 5955 ἐγένετο
3126 5887 3329 5951 ἐκεῖνος
3349 5889 3416 5959 τῇ
3440 5890 3572 5944 ἁνα-
