3964 6542
293 394 424 456 1317

1080 395 1500 474 ΕΗΞΤᾼἹἮΙΙ
1533 391 2292 458 THESSALONICENSIS
2330 392 2737 462 EPISTULE.

3423 395 3559 461 l3.'8

291 529 389 580 μαι
416 513 732 584 γράμματι.
779 515 905 568 Ἐὰν
951 515 1009 569 δέ
1064 533 1171 570 που
1225 515 1420 587 δεήσῃ,
1452 515 1550 568 καὶ
1600 515 1695 570 ἐπὶ
1742 514 1868 571 τάδε
1897 513 2200 581 Δδείσθαι,
2231 515 2326 569 καὶ
2380 514 2486 569 ὑπὸ
2528 515 2750 570 σύσκιον
2808 516 3092 585 πάγκαλον
3131 516 3553 572 ἀναπαύεσθαιο

289 604 382 658 τοῦ
415 608 651 676 γράφειν
680 607 1058 679 προϐήσομαι.
1088 609 1315 672 Πάντως
1348 609 1406 661 δέ
1435 607 1646 672 πείσεις
1666 625 1682 642 ο
1713 609 1763 662 εί
1795 606 1874 678 μὴ

297 697 394 749 καὶ
434 698 494 750 σὲ
537 699 565 750 ὁ
593 697 740 750 δεῖνα
775 700 1126 771 παρήγαγεν,
1156 701 1184 754 6
1229 701 1305 774 μὴ
1353 699 1587 770 γένοιτο.
1621 701 1730 754 Καὶ
1767 699 1876 770 μὴν

253 801 268 826 θ
292 790 404 859 ἐγὼ
442 795 818 861 καχυπόπτως
849 795 980 865 ἐχω,
1016 799 1111 850 καὶ
1158 796 1398 861 δέδοικα,
1443 797 1518 866 μὴ
1549 795 1644 849 καὶ
1681 793 1744 848 τὸ
1783 795 1875 848 σὸν

295 884 431 952 πρὸς
475 886 534 938 τὸ
577 887 772 940 ἑαυτοῦ
812 883 946 958 ἦθος
990 890 1248 956 ἀπέεεσε.
1297 888 1473 944 Τοῦτο
1511 889 1571 943 δὲ
1610 888 1684 958 μὴ
1715 886 1779 940 σύ
1810 905 1872 954 γε

293 979 459 1050 πείσῃ
483 995 497 1010 ο
534 979 608 1050 μὴ
642 982 755 1047 καὶ,
780 981 1032 1037 τειοῦτον
1071 984 1308 1038 ἕκαστον
1339 981 1504 1038 εἶναι.
1531 975 1728 1050 οἷσπερ
1754 981 1878 1051 ἤδε-

289 1085 380 1122 ται
413 1070 610 1135 ξυνὼν,
642 1072 1066 1145 ἐπιφθέγξωμαί
1096 1093 1208 1139 σοι,
1235 1075 1332 1130 καί
1375 1068 1433 1128 σε
1460 1073 1622 1128 τοῦτο
1653 1071 1785 1142 γοῦν
1815 1072 1876 1126 τὸ

291 1160 456 1229 μέρος
485 1162 637 1217 ῦδατι
671 1166 999 1234 παρεικάσω
1029 1166 1117 1220 διὰ
1157 1166 1258 1236 τὴν
1298 1166 1397 1221 τοῦ
1440 1167 1606 1239 ῆθους
1654 1165 1874 1230 συνεξο-

292 1256 546 1323 μοίωσιν.
583 1257 734 1310 Φιλεῖ
768 1258 877 1328 γάρ
924 1277 1008 1314 τοι
1046 1262 1275 1317 κάκεῖνο
1323 1259 1571 1314 τοιοῦτον
1609 1253 1775 1323 εἶναι,
1805 1259 1874 1312 δι’

288 1343 358 1422 ἦς
391 1350 457 1404 ἂν
487 1351 592 1420 γῆς
633 1351 956 1420 πορεύηται.
985 1353 1063 1406 Οὐ
1121 1354 1231 1424 μὴν
1269 1353 1432 1406 άλλ’ὁ
1478 1351 1580 1422 μέν
1616 1351 1790 1417 δεῖνα,
1823 1353 1874 1405 εί

295 1443 394 1512 μὲν
449 1443 721 1513 βούλεται,
757 1445 1076 1514 στεργέτω⁶
1128 1447 1180 1499 εί
1231 1444 1277 1496 δ’
1321 1444 1416 1498 οὖν
1469 1444 1874 1514 ἀποστέργεται

290 1535 460 1602 ἡμᾶς,
493 1535 604 1600 ἐγὼ
655 1534 710 1588 δὲ
752 1535 850 1588 καὶ
883 1535 1093 1590 ἀπόντα
1126 1537 1286 1605 φιλῶ.
1339 1537 1645 1608 Προσθήσω
1673 1535 1741 1604 δ’,
1789 1537 1874 1591 ὅτι

290 1625 433 1693 τάχα
488 1629 581 1678 καὶ
633 1627 836 1680 ἄκοντα
861 1627 957 1681 καὶ
995 1629 1069 1696 μὴ
1111 1627 1487 1698 φθεγγόμενον
1538 1627 1870 1698 προσφωνεῖ),

289 1717 476 1785 ὅμοιον
505 1719 580 1780 ὡς
621 1717 699 1789 [εἴ
735 1719 844 1791 τ]ις
896 1720 1195 1791 ἀνδριάντα
1227 1720 1412 1791 φιλοίη
1450 1722 1618 1792 μηδὲν
1666 1721 1872 1776 είδότα.

301 1809 513 1862 Ἐκεῖνο
547 1810 716 1879 μόνον
759 1808 898 1877 οἶδα,
929 1811 1005 1875 ὡς
1055 1813 1391 1866 ἐπιστέλλων
1421 1813 1575 1884 αύτῷ
1611 1813 1709 1868 τοῦ
1756 1812 1874 1868 λοι-

1977 607 2150 669 οῦτως
2183 610 2211 662 ὁ
2243 609 2700 679 γεγυμνασμένος
2758 611 2826 663 τά
2876 611 3212 681 αἰσθητήρια
3261 610 3398 680 προς
3439 611 3557 664 διά-

1976 693 2159 766 κρισιν
2189 699 2436 770 χείρονος
2475 702 2572 754 καὶ
2604 701 2927 772 βελτίοντος,
2952 703 3044 756 ἐπὶ
3094 706 3211 767 τοῖς
3238 704 3350 758 τῶν
3374 720 3557 773 πραγ-

1978 794 2168 862 μάτων
2223 795 2478 865 ἐνθουσιᾷ
2531 796 2793 850 κάλλεσι·
2838 796 2934 848 καὶ
2989 795 3246 865 θέλγεται
3309 797 3410 866 μὲν
3441 797 3558 858 τοῖς

1979 886 2228 955 ῥυθμοῖς,
2257 886 2626 956 ἐπαγάλλεται
2653 888 2708 941 δέ
2744 891 3088 958 συμφωνίαις
3121 890 3216 942 κοιλ⁸
3238 890 3550 961 άρμονίαις¹

1977 977 2151 1046 λόγων
2184 980 2240 1034 δέ
2274 981 2512 1049 μάλιστα
2533 983 2726 1052 κόσμῳ
2761 984 2856 1035 καὶ
2887 983 3074 1036 κάλλει
3115 984 3392 1054 συνθήκης
3419 998 3555 1049 γοη-

1977 1071 2194 1126 τεύεται
2238 1075 2505 1142 ἀτεχνῶς.
2555 1076 2697 1142 Ἑρῶ
2752 1080 2864 1146 γάρ
2913 1093 2996 1129 σοι
3042 1076 3203 1143 λόγον
3245 1076 3559 1148 ἀπόρρητον

1979 1165 2100 1232 μὲν,
2123 1165 2572 1235 φιλοσοφώτατον
2603 1169 2681 1224 δέ.
2723 1169 2788 1220 Ἦ
2819 1169 2987 1237 ψυχὴ,
3017 1168 3271 1221 κάλλιστε
3315 1169 3558 1236 Καῖσαρ,

1979 1257 2119 1327 μετὰ
2160 1257 2255 1312 τοῦ
2305 1258 2499 1326 νοητοῦ
2531 1259 2766 1322 κάλλους
2801 1259 2879 1327 τῷ
2926 1258 3139 1328 σώματι
3173 1259 3563 1327 προσαρμόζει

1975 1369 2068 1405 ται
2088 1366 2104 1380 ο
2139 1351 2268 1405 ίδεῖν
2289 1352 2345 1404 δὲ
2371 1351 2536 1405 τοῦτο
2582 1353 2640 1404 ἐν
2683 1351 2763 1423 τῷ
2791 1352 2966 1422 ύλικῷ
2993 1354 3187 1421 κόσμῳ
3216 1353 3276 1405 οὗ
3307 1352 3556 1404 δύναται.

1977 1443 2054 1496 Ού
2083 1444 2194 1514 γὰρ
2221 1447 2392 1513 χωρεῖ
2419 1446 2518 1514 τὴν
2552 1445 2749 1498 ἀῦλίαν
2773 1447 2806 1514 ἡ
2839 1443 2965 1514 ῦληε
3000 1445 3326 1516 Ἀπορνροίας
3354 1445 3411 1497 δὲ
3435 1441 3558 1496 τού-

1975 1529 2068 1589 του
2100 1539 2196 1589 καὶ
2227 1537 2348 1606 ίχνη
2377 1537 2437 1589 ἐν
2480 1541 2817 1606 σωματικοῖς
2851 1537 3100 1609 θεωμένη
3173 1538 3451 1598 κάλλεσιν,
3479 1537 3558 1590 oio

1979 1630 2135 1699 στρεῑ
2153 1630 2244 1682 καὶ
2271 1631 2532 1698 μέμηνεν,
2559 1629 2807 1700 οἰομένη,
2833 1632 3012 1684 ἐκεῖνο
3041 1627 3205 1692 εἶναι,
3239 1631 3377 1699 ὅπερ
3401 1632 3459 1682 ἐν
3481 1627 3560 1696 τῷ

1961 1724 2192 1790 σώματι
2252 1724 2515 1793 γενομένη
2573 1723 2867 1794 διέφθειρε.
2904 1725 3003 1774 ἐιιά
3046 1725 3221 1776 ταῦτα
3277 1724 3406 1789 περὶ
3459 1724 3559 1784 τὰς

1976 1815 2312 1883 πολυτίμους
2343 1815 2453 1866 τῶν
2479 1815 2644 1869 λίθων
2699 1817 2796 1868 aut
2842 1816 2912 1868 τὰ
2941 1816 3122 1885 εὐειδῆ
3158 1816 3432 1884 πρόσωπα
3465 1815 3560 1867 καὶ

280 1902 394 1955 ποῦ
423 1901 522 1972 τὴν
553 1906 793 1973 σύριγγα
830 1903 1292 1977 [προσθή]σομαι.
1339 1905 1549 1959 Ἐκεῖσε
1574 1906 1685 1977 γὰρ
1717 1908 1745 1960 6
1770 1906 1872 1976 μέν
1905 1897 1949 1953 Β
1975 1907 2075 1970 τὰς
2143 1906 2409 1973 μουσικὰς
2459 1907 2727 1977 ἁρμονίας
2773 1909 2821 1960 οἱ
2875 1907 2930 1959 δέ
3001 1923 3065 1975 γε
3128 1905 3561 1975 φιλοσοφώτεροι

287 2013 374 2058 τις
431 1996 778 2064 καλαμίσκος
835 1998 948 2051 τῶν
1002 1999 1184 2053 ἄλλων
1242 1998 1872 2068 ύπερανίσταταιοδδὲ

291 2091 412 2159 μετ’
443 2092 652 2146 ἐκεῖνον
691 2091 947 2162 δεύτερος
977 2090 1337 2144 ὑπολείπεται
1373 2092 1450 2162 τῷ
1486 2090 1708 2163 [μὴἸκει
1730 2105 1744 2120 °
1773 2091 1871 2146 καὶ

287 2184 318 2236 6
345 2182 528 2252 τρίτος
585 2183 713 2246 τοὺς
770 2182 877 2251 πρδ
923 2181 1093 2239 αὐτοῦ
1131 2183 1499 2252 ὑποκάθηται.
1532 2182 1592 2237 '0
1631 2183 1689 2237 δέ
1732 2183 1872 2253 μετὰ

287 2271 480 2328 τοῦτον
534 2274 616 2328 ἐτι
671 2276 856 2330 πλεῖον
889 2276 1374 2341 ύποκαταϐαίνων,
1414 2277 1564 2346 ὅμως
1612 2277 1709 2332 τοῦ
1753 2275 1871 2345 μετ’

288 2367 503 2440 ιαύτὸν]
550 2370 936 2442 ύπερκάθηται
956 2387 971 2402 ο
1019 2371 1184 2434 αὐτὸς
1213 2372 1270 2432 δὲ
1299 2373 1382 2433 είς
1413 2370 1752 2441 βραχύτερον
1788 2369 1871 2432 ἔτι

288 2460 669 2515 συνέσταλται.
703 2462 812 2516 Καὶ
851 2462 1012 2517 τοῦτο
1053 2463 1219 2536 μέχρι
1246 2463 1432 2533 πάσης
1455 2461 1558 2531 τῆς
1581 2463 1872 2530 σύριγγος,

287 2549 402 2605 ἐστ’
425 2552 491 2606 ἂν
520 2551 925 2624 ἐσκον[θυλκὼς
957 2552 1180 2626 βραῘχὺ,
1201 2553 1552 2624 καταλήξειε.
1576 2552 1685 2606 Καὶ
1709 2552 1873 2623 ἡμεῖς

285 2644 352 2698 τὸ
406 2643 506 2713 μιν
563 2643 782 2715 πρῶτον
829 2646 1156 2717 ἐγράψαμεν
1186 2646 1336 2716 αύτῷ
1376 2646 1722 2717 μακρότερα·
1769 2640 1872 2698 εἶθ’

288 2736 740 2802 ὑποκαταϐάντες
773 2737 1270 2812 συνεστίάλημεν].

1003 2830 1148 2890 MH'.

361 2925 476 2996 τὴν
508 2925 664 2995 ίεράν
693 2942 792 2978 σου
824 2926 924 2980 καὶ
959 2926 1296 2998 τριπόθητον
1335 2927 1606 2996 κεφαλὴν,
1641 2928 1869 2997 μέγιστε

287 3021 405 3075 τῶν
443 3019 666 3073 πώποτε
708 3020 1103 3089 γεγενημένων
1144 3019 1445 3088 Καισάρων
1490 3021 1586 3071 καὶ
1639 3019 1872 3086 άξιάγα-

291 3130 414 3178 στε,
445 3111 541 3164 νῦν
584 3113 888 3180 ἀπόναμαι,
1053 3110 1363 3180 συνείλοχα.
1413 3111 1725 3181 ἁγιότητος.
1765 3111 1874 3166 Καὶ

289 3207 388 3260 νῦν
416 3209 581 3276 σοφὸς
615 3204 760 3258 δοκῶ
811 3204 1170 3274 γεγενῆσθαι,
1197 3203 1293 3257 καὶ
1343 3205 1403 3256 ἐν
1455 3203 1536 3273 τῷ
1587 3203 1875 3274 καταλόγῳ
1901 3245 1946 3304 C

290 3299 402 3352 τῶν
432 3297 630 3368 λογίων
671 3297 1140 3368 συνηριθμῆσθαι,
1183 3297 1349 3352 ὁπότε
1385 3316 1487 3368 μου
1523 3297 1588 3351 σὺ
1621 3297 1732 3350 τῶν
1782 3296 1875 3348 λό-

289 3408 407 3458 γων
437 3391 590 3461 ἐρᾷς.
633 3388 721 3442 Ἐν
769 3388 972 3459 αὐχμῷ
1031 3391 1128 3442 καὶ
1171 3388 1348 3443 ταῦτα
1397 3387 1732 3458 φιλομούσου
1781 3387 1877 3442 καὶ

289 3482 544 3551 γλώττης
587 3481 684 3534 καὶ
717 3482 907 3549 ἀκοῆς.
939 3480 1006 3535 Τί
1034 3483 1145 3552 γὰρ
1187 3481 1386 3551 δφελος
1428 3481 1662 3552 αὐλητῇ,
1697 3481 1748 3534 εί
1777 3481 1878 3534 αὑ-

295 3576 424 3639 λοὺς
457 3577 555 3646 μὶν
587 3574 699 3646 ἐχοι
729 3575 954 3641 καλοὺς,
981 3573 1158 3639 οὐδεὶς
1185 3574 1243 3628 δέ
1283 3573 1464 3627 αὐτῶν
1495 3574 1719 3628 ἀκούειν
1748 3573 1878 3643 βού-

292 3670 480 3734 λοιτος
513 3669 580 3722 Τί
623 3668 683 3720 δὲ
731 3668 1052 3739 κιθαριστῇ,
1081 3669 1132 3722 εί
1163 3668 1391 3721 ἐντείνει
1427 3669 1528 3736 μὲν
1559 3658 1744 3728 καλῶς
1770 3666 1876 3730 τὰς

295 3762 515 3834 χορδάς,
563 3763 616 3815 οί
662 3761 720 3814 δὲ
759 3763 816 3814 ἐν
862 3762 1126 3828 γειτόνων
1175 3761 1276 3831 τὴν
1333 3759 1546 3813 ἐκείνου
1600 3758 1876 3830 μουσικὴν

297 3854 783 3924 ἀποστρέφονταις
817 3854 880 3907 Et
908 3853 968 3907 δέ
1002 3854 1100 3906 καὶ
1136 3853 1372 3923 δρομεὺς
1405 3850 1751 3920 ἀγαθὸςέίη,
1783 3851 1880 3904 ού-

296 3950 410 4011 δεὶς
433 3948 489 4000 δὲ
517 3947 651 4018 ὁρᾷν
683 3946 930 4016 βούλοιτο
963 3945 1264 4014 ἱπτάμενον
1319 3943 1486 3998 αὐτδν
1517 3945 1578 3996 ἐν
1613 3945 1728 4006 τοῖς
1752 3943 1877 4011 δρό-

303 4062 449 4115 μοις.
477 4044 532 4096 τί
590 4041 714 4095 ποτ’
765 4041 832 4096 ἂν
878 4041 1148 4094 άπόναιτο
1182 4038 1282 4107 τῆς
1334 4038 1653 4105 ὠκύτητος;
1688 4037 1877 4100 Οῦτως

297 4139 412 4206 ἐγὼ
441 4137 501 4189 τὸ
533 4136 696 4206 μέχρι
730 4133 828 4187 τοῦ
869 4133 966 4186 νῦν
1017 4131 1302 4202 κύμϐαλον
1335 4125 1405 4201 ἦν
1450 4131 1744 4194 ἀλαλάζον,
1785 4129 1879 4182 καὶ

301 4230 482 4300 μάτην
511 4228 662 4297 ἠχῶν
685 4243 699 4258 ·
728 4224 866 4279 ἀλλὰ
905 4223 973 4277 σύ
1007 4240 1075 4294 με
1106 4225 1436 4294 σεμνότερον
1465 4222 1554 4276 διὰ
1601 4223 1701 4292 τῆς
1751 4224 1878 4273 ἐπι-

303 4320 500 4393 μελοῦς
556 4319 846 4382 ἀπέδειξας
910 4316 1256 4388 ἀκροάσεως.
1293 4315 1405 4369 Καὶ
1435 4314 1526 4368 [va
1581 4330 1663 4366 σοι
1715 4312 1877 4379 ἐξαγ·

299 4413 491 4482 γείλω,
521 4411 550 4464 6
592 4409 744 4479 παρὰ
773 4407 868 4461 σοῦ
905 4409 1156 4462 πέπονθα
1186 4405 1346 4475 (ἀλλά
1376 4421 1467 4476 μοι
1501 4403 1578 4474 τῷ
1605 4404 1752 4473 λόγῳ
1785 4405 1879 4456 τὸν

299 4505 424 4558 νοῦν
455 4502 742 4572 πρόσεχε)’
770 4501 995 4570 σημεῖον
1035 4497 1298 4564 ποιοῦμαι
1331 4497 1428 4566 τὴν
1465 4496 1566 4565 σὴν
1599 4496 1728 4564 περὶ
1748 4497 1879 4556 τοὺς

1981 2018 2050 2054 πε
2063 2001 2109 2070 ρὶ
2137 2002 2199 2053 τὸ
2227 2003 2332 2053 τῶν
2363 2001 2539 2066 λόγων
2576 2001 2769 2064 κάλλος
2803 2003 3093 2072 ἐπτόηνται
3117 2021 3131 2033 ·
3160 2003 3339 2063 ὁποῖος
3379 1994 3428 2052 εί
3471 1998 3555 2053 σύ.

1992 2091 2257 2146 mna“
2287 2110 2346 2145 σε
2374 2095 2468 2146 καὶ
2503 2093 2748 2146 τοιούτου
2798 2095 3093 2161 φιλοσόφου
3127 2097 3332 2163 τυχεῖν,
3367 2094 3554 2146 ὁποίου

1977 2182 2074 2236 τοῦ
2112 2182 2518 2254 Ἀριστοτέλους
2557 2183 2656 2253 μὲν
2683 2185 2710 2237 6
2740 2183 3113 2250 Ἀλέξανδρος,
3138 2182 3232 2234 τοῦ
3267 2182 3554 2242 Πλάτωνος

1977 2270 2037 2324 δὲ
2067 2273 2096 2324 ὁ
2127 2273 2428 2337 Διονύσιος.
2469 2273 2633 2327 Ἀλλὰ
2671 2274 2736 2326 σὺ
2775 2274 2872 2342 μὲν
2893 2275 3157 2342 κρείττων
3187 2271 3412 2325 ἐκείνων
3438 2272 3561 2340 (καλ⁸

1975 2363 2054 2427 ὡς
2083 2363 2197 2432 ἐγὼ
2225 2365 2437 2430 δικάζω
2483 2366 2578 2418 καὶ
2627 2365 3050 2435 ἀποφαίνομαιγ
3097 2364 3212 2433 ἐγὼ
3249 2364 3306 2418 δέ
3357 2365 3559 2435 χείρων

1978 2457 2292 2528 παραπολύ.
2328 2458 2474 2529 Πλὴν
2495 2460 2754 2514 τοσοῦτον
2779 2458 3079 2528 εὐτύχηκα,
3105 2460 3188 2512 ὅτι
3221 2475 3322 2528 μου
3355 2459 3563 2528 μᾶλλον
3623 2531 3628 2536 _

1979 2551 2112 2623 ἐρᾷς
2158 2552 2192 2620 ἢ
2241 2551 2354 2604 τῶν
2413 2552 2723 2622 φιλοσόφων
2761 2552 2995 2605 ἐκεῖνοι·
3043 2553 3135 2606 καὶ
3168 2553 3255 2606 διὰ
3292 2553 3465 2607 ταῦτα
3495 2553 3560 2606 τὸ

1981 2647 2120 2716 παρ’
2165 2646 2288 2716 ἐμοὶ
2340 2645 2563 2700 ἐλαττον
2617 2646 2800 2699 πλεῖον
2839 2647 2948 2717 ἡγῇ
3007 2645 3104 2700 τοῦ
3147 2648 3280 2717 παρ’
3325 2645 3562 2709 ἐκείνοις

1983 2741 2226 2810 μείζονός
2259 2758 2318 2794 τε
2350 2743 2444 2795 καὶ
2494 2741 2762 2804 πλείονος.
2818 2741 2963 2810 Πλὴν
2998 2743 3094 2796 καὶ
3127 2742 3286 2794 τοῦτο
3327 2741 3459 2806 ίσθι,
3483 2739 3562 2804 ὡς

1977 2835 2178 2887 ἐκεῖνοι
2213 2834 2333 2904 μὲν,
2362 2828 2439 2888 ὦν
2483 2835 2691 2905 ἀρτίως
2721 2833 3026 2904 ἐμνήσθην,
3054 2834 3406 2903 σφοδρότατοι
3435 2834 3564 2903 ἐρα-

1982 2920 2155 2994 στῙαὶ]
2190 2923 2253 2974 τὸ
2284 2921 2406 2975 κατ’
2435 2922 2613 2993 ἀρχάς
2659 2924 2753 2975 ἐπὶ
2795 2924 2924 2986 τοὺς
2974 2923 3300 2992 φιλοσόφους
3330 2921 3564 2990 γενόμεο

1981 3034 2088 3082 νοι,
2153 3015 2385 3086 ὔστερον
2416 3015 2605 3086 ὥσπερ
2634 3017 2686 3070 οί
2721 3017 2830 3070 τῶν
2870 3018 3116 3088 δρομέων
3144 3017 3397 3088 ὀλίγωροι
3433 3016 3565 3070 καθ-

1981 3108 2203 3178 υφῆκαν
2232 3109 2418 3172 αὐτοῖς
2445 3108 2540 3162 τοῦ
2572 3109 2797 3178 ἔρωτος.
2823 3112 2930 3164 Καὶ
2951 3110 3040 3164 διὰ
3068 3110 3238 3163 ταῦτα
3263 3110 3358 3163 καὶ
3375 3111 3564 3162 Διονί-

1982 3221 2097 3266 σιος
2162 3203 2221 3255 ἐν
2270 3206 2557 3274 τυράννοις
2609 3203 2938 3274 ὴρίθμηται,
2991 3205 3074 3256 ὅτι
3137 3203 3204 3256 τὰ
3269 3202 3559 3264 Πλάτωνος

1977 3297 2212 3366 ἠθέτησε
2238 3297 2493 3367 δόγματα
2513 3311 2528 3328 ο
2553 3297 2651 3352 καὶ
2690 3297 3037 3368 Ἀλέξανδρος
3087 3298 3197 3351 τῶν
3229 3298 3562 3366 κρειττόνων

1978 3389 2276 3459 ἐγκωμίων
2314 3388 2628 3460 ἐστέρηται,
2661 3390 2748 3443 ὅτι
2779 3393 2881 3460 τῆς
2919 3391 3336 3459 Ἀριστοτέλους
3365 3392 3561 3459 σοφίας

1979 3481 2463 3550 καταπεφρόνηκε.
2491 3481 2626 3551 Περὶ
2659 3482 2742 3534 σοὶ
2771 3481 2828 3534 δὲ
2858 3481 3014 3534 οὐδὲν
3040 3480 3286 3535 τοιοῦτον
3318 3482 3557 3544 ὑπονοῶ,

1979 3575 2062 3628 ὅτι
2093 3574 2188 3628 καὶ
2210 3575 2480 3644 κρείττων
2510 3575 2736 3629 ἐκείνων
2767 3576 2950 3646 πολλῷ
2979 3576 3074 3629 καὶ
3108 3577 3208 3646 τὴν
3244 3577 3425 3649 ψυχὴν
3457 3578 3560 3630 καὶ

1979 3667 2077 3736 τὴν
2113 3667 2353 3722 σύνεσιν.
2387 3666 2535 3722 Ἔδει
2563 3669 2620 3722 δὲ
2652 3669 2746 3722 καὶ
2795 3669 2923 3732 τοὺς
2955 3667 3198 3738 βασιλεῖς
3227 3671 3340 3732 τοῖς
3373 3673 3558 3739 σοφοῖς

1980 3759 2211 3822 ἐκείνοις
2261 3761 2702 3831 μνησικακῆσαι,
2742 3761 2823 3814 ὅτι
2873 3760 2989 3815 οὔτ’
3031 3761 3416 3833 Ἀριστοτέλης
3469 3763 3564 3831 ἐγίο

1981 3852 2192 3922 κώμιον
2234 3852 2612 3922 Ἀλεξάνδρου,
2658 3854 2784 3907 οὕτε
2841 3855 3073 3909 Πλάτων
3132 3854 3411 3908 Διονυσίου
3462 3872 3568 3908 πε-

1983 3947 2229 4017 ποίηται.
2249 3946 2350 4000 Διά
2375 3944 2551 4000 ταῦτα
2579 3946 2767 4017 ὥσπερ
2799 3946 3121 4018 ὑϐρισμένοι
3149 3948 3304 4018 παρά
3332 3947 3567 4014 τούτων,

1981 4040 2138 4112 δίκην
2172 4040 2305 4110 παρ’
2328 4041 2510 4094 αὐτῶν
2540 4043 2637 4110 τῆς
2673 4039 2886 4110 ὕϐρεως
2913 4042 3168 4110 ἑκάτεροι
3196 4041 3563 4112 άπειλήφασι.

1982 4133 2094 4186 Καὶ
2134 4131 2222 4185 ἵνα
2251 4149 2332 4186 σοι
2369 4135 2465 4186 καὶ
2518 4133 2579 4185 τὸ
2626 4132 2759 4203 περὶ
2817 4133 3041 4186 ἐκείνων
3099 4134 3458 4205 ἀνακαλύψω,
3483 4135 3566 4194 είς

1981 4227 2151 4299 ἄκρον
2193 4226 2294 4296 μὲν
2350 4227 2675 4297 φιλοσοφίας
2725 4226 3089 4298 ἐληλάκεεσαν
3137 4229 3348 4296 ἄμφω·
3386 4229 3567 4297 λόγων

1981 4318 2037 4372 δὲ
2085 4318 2317 4389 χάριτας
2357 4318 2456 4370 οὐκ
2517 4318 2810 4388 ἐσχήκασι.
2842 4319 2941 4372 Διά
2976 4317 3150 4371 ταῦτα
3198 4317 3455 4381 ἐλάττους
3503 4321 3566 4373 ἐν

1981 4413 2094 4473 τοῖς
2154 4409 2450 4479 ἐγκωμίοις
2501 4409 2830 4478 γεγόνασινε
2859 4410 2970 4478 ἐγὼ
3009 4409 3066 4462 δέ
3104 4428 3188 4463 σοι
3238 4413 3422 4482 ἥττων
3459 4411 3570 4482 μὲν

1984 4501 2081 4572 τὴν
2110 4504 2305 4560 σοφίαν
2335 4503 2580 4568 ἐκείνων,
2616 4503 2884 4573 κρείττων
2922 4503 2980 4556 δὲ
3010 4505 3109 4573 τὴν
3140 4502 3392 4572 γλῶτταν
3429 4503 3566 4574 περὶ

298 4599 489 4666 λόγους
531 4593 831 4664 ἐπιθυμίαν
889 4593 990 4661 τῆς
1047 4590 1150 4658 σῆς
1194 4590 1427 4659 ἀρίστης
1459 4588 1666 4658 ψυχῆς.
1687 4588 1778 4655 ἀφ’
1812 4583 1877 4660 ἦς
1911 4590 1955 4645 1)
1981 4595 2080 4666 τὴν
2112 4597 2392 4666 εὐφημίαν
2421 4595 2558 4666 εἰμί.

303 4691 516 4759 γίνεται
571 4686 638 4738 τὸ
688 4684 998 4752 ἐπιθυμεῖν.
1037 4681 1181 4749 Ἐγὼ
1209 4682 1317 4750 γὰρ
1363 4680 1475 4747 (ἵνα
1519 4695 1604 4732 σοι
1639 4678 1880 4749 τάληθὲς

304 4785 438 4856 ἐρῶ)
485 4783 548 4836 οὐ
599 4779 764 4851 ξηρὸς
792 4779 996 4847 γέγονα
1042 4776 1142 4846 τὴν
1184 4773 1400 4842 σοφίαν,
1453 4773 1562 4827 οὐδ’
1604 4772 1799 4840 ὥσπερ
1829 4771 1880 4824 οί

303 4877 491 4932 πολλοὶ
559 4877 724 4944 μέχρι
764 4871 860 4924 τοῦ
929 4869 1112 4936 λέγειν
1193 4866 1682 4938 προθυμηθέντες·
1743 4865 1882 4918 ἀλλὰ

305 4970 643 5030 παντοδαπὸς
673 4967 807 5019 πᾶσι
863 4963 1065 5031 γέγονα
1108 4960 1424 5028 πράγμασι,
1456 4961 1549 5011 καὶ
1579 4959 1761 5011 πᾶσαν
1792 4975 1883 5028 φι-

303 5064 531 5115 λόκαλον
555 5057 735 5129 ψυχὴν
767 5052 980 5108 ἐπαινῶ
999 5067 1014 5084 ⁸
1045 5051 1108 5104 ού
1149 5051 1332 5120 μόνον,
1360 5049 1486 5120 ἥτις
1530 5049 1724 5121 νοητοῦ
1748 5050 1882 5104 κάλ-

304 5153 429 5213 λους
463 5151 584 5221 ἐρᾷ,
611 5148 748 5201 ἀλλὰ
781 5149 878 5199 καὶ
927 5143 1050 5213 ἥτις
1094 5141 1404 5213 χρωμάτων
1465 5138 1750 5210 ἀνθηρῶν,
1783 5141 1879 5194 καὶ

302 5245 495 5312 τέχνης
527 5239 811 5312 ἀκριϐοῦς,
843 5238 939 5292 καὶ
987 5233 1358 5307 μαργαρίτου,
1409 5235 1508 5287 καὶ
1549 5233 1880 5303 σαπφείρου,

306 5339 402 5393 καὶ
425 5334 705 5390 ὑακίνθου.
742 5332 932 5398 Τεκμή
943 5341 1058 5398 ριον
1089 5328 1198 5396 γὰρ
1224 5327 1325 5395 τὴν
1350 5327 1481 5395 περὶ
1496 5325 1672 5378 ταῦτα
1698 5323 1883 5378 ποιοῦ-

310 5448 407 5501 μαι
460 5429 647 5496 ἔφεσιν
677 5427 777 5496 τῆς
809 5423 1150 5495 ὑψηλοτέρας
1175 5420 1471 5491 ἐπιθυμίας
1506 5421 1600 5474 καὶ
1630 5421 1881 5491 κρείττοη

306 5539 414 5585 νος.
445 5521 620 5573 Ὅταν
669 5519 728 5571 δέ
775 5534 860 5580 τις
903 5515 1081 5584 λόγων
1141 5514 1373 5576 κάλλους
1415 5513 1540 5584 ἐρᾷ,
1569 5506 1726 5575 οὗτος
1757 5512 1881 5581 ἐμοὶ

308 5611 641 5686 ὑψηλότερός
689 5612 804 5663 ἐστι
853 5607 956 5678 τὴν
1003 5607 1262 5678 ἐπιϐολὴν
1305 5607 1403 5675 τῆς
1433 5605 1635 5676 ψυχῆς.
1669 5606 1882 5674 ’Ὠσπερ

307 5707 414 5777 γάρ
451 5706 479 5757 6
509 5703 824 5757 παντάπασι
853 5698 954 5770 τὴν
980 5699 1207 5769 γνώμην
1230 5697 1441 5768 mem;
1472 5696 1737 5766 ἀκίνητός
1762 5696 1880 5749 ἐστι

308 5797 442 5866 πρὸς
479 5797 662 5848 πᾶσαν
712 5791 1006 5862 μουσικὴν,
1033 5790 1130 5842 καὶ
1167 5789 1320 5842 οὐδὲν
1381 5789 1544 5841 αὐτὸν
1595 5789 1743 5859 αίρεϊ
1774 5787 1882 5840 τῶν

309 5889 407 5942 ὅσα
436 5888 665 5956 τερπνὰ,
697 5883 820 5940 ἀλλ’
857 5886 914 5940 ἐν
945 5885 1046 5953 ίσιρ
1073 5882 1304 5950 τίθεται,
1342 5882 1591 5953 βορϐόρῳ
1622 5881 1880 5951 ἐγκαλιν-

2707 4691 2848 4747 ΜΘ.

2055 4779 2196 4850 Πρὸς
2231 4781 2330 4850 μὲν
2360 4780 2558 4851 τυροὺς
2591 4781 2685 4833 καὶ
2717 4781 2871 4845 ὕδνα.
2903 4782 3036 4848 ἴσως
3067 4783 3127 4839 δὲ
3164 4786 3262 4840 καὶ
3295 4787 3447 4855 μύρα
3465 4785 3566 4841 καὶ

1981 4874 2249 4942 πέμματα
2279 4873 2373 4926 καὶ
2397 4873 2692 4943 ἀρώματα,
2730 4875 3165 4947 ύπερθαύμαστέ
3196 4895 3291 4950 μοι
3316 4879 3564 4949 Καῖσαρ,

1981 4963 2327 5017 ἐπιστέλλειν
2385 4965 2480 5017 καὶ
2528 4964 2966 5034 ἀνταμείϐεσθαι
3020 4966 3300 5039 δύναμαιο
3334 4969 3473 5040 πρὸς
3503 4967 3568 5022 δὲ

1983 5056 2152 5110 ῖππον
2198 5055 2342 5110 οὕτω
2407 5056 2508 5126 μὲν
2573 5057 2762 5122 καλὸν,
2813 5055 2956 5112 οὕτω
2988 5059 3046 5114 δέ
3090 5065 3287 5131 μέγαν,
3323 5060 3467 5114 οὕτω
3503 5061 3567 5114 δὲ

1981 5145 2278 5214 τρυφερὸν,
2322 5144 2464 5198 οὕτω
2515 5146 2571 5198 δὲ
2603 5147 2776 5217 ταχὺν
2807 5147 2902 5202 καὶ
2935 5149 3242 5222 εὐκίνητον,
3269 5152 3564 5220 ἐπιστολὴν

1985 5236 2275 5308 ίσόμετρόν
2321 5255 2380 5290 τε
2417 5237 2512 5291 καὶ
2560 5239 2882 5305 ίσοδύναμον
2913 5242 3140 5308 ποιῆσαι
3169 5243 3463 5312 ἀμηχανῶ.
3494 5244 3564 5297 Εἰ

1982 5330 2094 5400 γὰρ
2126 5333 2221 5383 καὶ
2253 5330 2329 5400 μὴ
2352 5330 2591 5395 τοιοῦτος
2620 5326 2707 5403 ἦν,
2745 5335 2879 5404 μηδὲ
2913 5333 3186 5395 τοσούτοις
3208 5336 3554 5406 ἐκεκόσμητο

1982 5421 2260 5486 κάλλεσιν,
2287 5424 2505 5486 ὁπόσοις
2529 5424 2640 5477 οὐδ’
2664 5428 2691 5478 6
2715 5424 2808 5477 τοῦ
2845 5424 3200 5496 Ἀλεξάνδρου
3231 5426 3566 5496 παράσημος

1982 5514 2146 5578 ἵππος
2179 5515 2408 5583 (ἐκεῖνος
2440 5517 2550 5586 γάρ
2587 5514 2874 5586 θυμοειδὴς
2916 5514 3091 5578 ἄλλως
3139 5511 3227 5588 ἦν,
3261 5517 3566 5573 ἀποπτύων

1981 5622 2041 5658 τε
2079 5609 2171 5658 τὸν
2201 5605 2440 5676 χαλινὸν,
2479 5608 2572 5660 καὶ
2611 5608 2684 5660 δι’
2710 5606 3020 5681 ὑπερϐολὴν
3073 5608 3384 5678 ἀγερωχίας
3439 5612 3560 5662 ἐπι.

1983 5699 2158 5769 ϐάτην
2196 5699 2271 5770 μὴ
2308 5701 2713 5770 προσιέμενος)⁶
2753 5697 2870 5752 ἀλλ’
2895 5698 3083 5767 ἐπειδὴ
3119 5700 3268 5769 παρὰ
3314 5699 3560 5753 τοιούτου

1983 5791 2176 5862 ἀνδρὸς
2217 5791 2393 5862 δῶρόν
2424 5808 2516 5859 μοι
2569 5790 2931 5856 ἀπέσταλται,
2955 5790 3127 5861 ὁποίῳ
3154 5791 3232 5843 ἂν.
3246 5789 3422 5855 οὐδεὶς
3451 5792 3566 5845 τῶν

1983 5879 2079 5936 ἀπ’
2112 5879 2303 5946 αἰῶνος
2345 5879 2596 5950 γηγενῶν
2620 5880 2974 5945 ἀντερίσειεν,
3003 5875 3121 5941 πῶς
3161 5877 3228 5930 ἂν
3269 5876 3550 5941 διαμιλλη-
