3964 6564
353 431 493 494 Πέὶυ

1135 443 1569 507 EUSTATIIII
1607 447 2374 514 THESSALONICENSIS
2416 452 2826 523 EPISTOL/E.

3471 449 3632 518 1330‘

350 545 742 640 ἐπιδημοῦντὸς
792 566 886 603 σου
915 552 1123 618 αὐτόθι,
1157 555 1295 612 ἀλλά
1344 560 1438 614 καὶ
1469 561 2004 633 ἀποδημήσαντος-Α
2029 565 2299 622 ἀκούοντα
2347 567 2425 640 μὴ
2472 565 2716 623 ἀκούειν.
2750 564 2915 620 Οῦτω
2955 563 3066 634 γάρ
3095 563 3174 619 ἀν’
3190 563 3368 634 μόνως
3402 565 3496 619 καὶ
3521 566 3623 632 τὴν

351 640 409 694 εὖ
442 639 542 713 ἔχῃ
570 642 638 696 τά
665 641 788 697 κατ’
819 645 1005 700 αὐτόν.

1093 737 1220 795 EH’.

357 844 444 912 Τῷ
466 850 772 929 μαγίεηρφ
802 855 906 929 καί
945 856 1117 929 κριτῇ
1153 859 1386 928 Θράκης
1408 861 1508 913 καὶ
1553 862 1948 929 Μακεδονίας·

601 925 793 988 Πόθῳ,
835 925 914 992 τῷ
953 927 1063 994 Υίῷ
1242 925 1674 1001 Δρουγιπριάς.

426 1013 790 1083 Λαμπρότατε
830 1022 1001 1093 Κύριέ
1046 1042 1148 1094 μου
1201 1027 1296 1082 καὶ
1343 1028 1666 1099 ήγαπημένε
1719 1030 1936 1100 ὁινειικιιέ.⁴

352 1105 522 1174 Χ;ῖρα
564 1108 704 1162 κατὰ
743 1111 843 1178 τῆς
895 1114 1333 1186 ἀχειροποιήτου,
1389 1119 1482 1174 καὶ
1510 1120 1754 1174 δουλείαν
1777 1122 1923 1177 κατά

354 1198 451 1261 τῆς
486 1197 931 1272 ὲλευθερωσάσης
963 1205 1128 1273 ἡμᾶς.
1163 1207 1258 1261 καὶ
1310 1187 1574 1280 ἐπήρειαν
1633 1212 1784 1266 κατά
1828 1215 1930 1284 τῆς

355 1286 742 1360 ἀπαλλαξάσης
769 1294 867 1364 τὴν
901 1295 1081 1364 φύσιν.
1133 1300 1435 1372 Ὀχλήσεως
1464 1302 1539 1376 μὴ
1575 1304 1636 1358 σύ
1667 1321 1731 1373 γε
1755 1323 1772 1338 ⁹
1795 1305 1931 1375 μηδὲ

353 1377 525 1442 οὕτως
542 1381 686 1451 ἕχοιο
705 1385 1045 1458 φιλοσοφίας,
1069 1392 1207 1462 μηδὲ
1233 1393 1463 1448 ἀπόναιο
1489 1397 1599 1449 τῶν
1625 1398 1734 1450 σῶν
1754 1395 1927 1451 ίδεῶν;

271 1551 279 1556 _
354 1471 418 1526 Εἰ
453 1474 550 1543 μὲν
581 1476 673 1530 οὖν
699 1478 958 1554 ψευδὴςή
989 1487 1387 1554 προσαγγελία,
1447 1488 1582 1560 ἔχου
1608 1491 1718 1543 τῶν
1751 1493 1947 1562 ςσυνή-⁴

357 1566 465 1619 θων
495 1569 639 1638 ήθῶν
675 1585 689 1600 ο
726 1573 773 1625 εί
801 1573 845 1625 δ’
867 1575 1094 1646 ἀληθὴς,
1128 1579 1216 1648 ἐφ’
1257 1581 1444 1656 ἕτερον
1479 1584 1746 1657 μετάϐηθι
1784 1584 1930 1654 λογιμ-

355 1659 513 1728 σμὸν,
544 1663 638 1716 καὶ
663 1665 848 1732 φεῖσαι
872 1666 980 1721 τῶν
1003 1668 1183 1736 θείων,
1218 1673 1314 1727 καὶ
1351 1674 1425 1745 μή
1455 1675 1594 1730 κίνει
1637 1676 1706 1730 τά
1735 1676 1928 1746 ἀκίνη-

352 1770 442 1808 τα.
473 1753 531 1807 Εἰ
564 1756 623 1812 δέ
653 1775 734 1812 σοι
770 1760 844 1830 μή
880 1778 964 1826 τις
995 1761 1173 1818 ἔνεστι
1229 1767 1340 1819 τῶν
1390 1767 1685 1837 θειοτέρων
1739 1768 1926 1836 φειδὼ,

351 1847 489 1901 ἀλλά
516 1850 624 1902 τῶν
663 1851 1166 1926 ἀνθρωπικωτέρων
1189 1859 1558 1929 έπιστράφηθι
1597 1860 1930 1932 χρυσοϐουλ·

2036 663 2179 715 κατά
2207 660 2318 714 τῶν
2340 660 2612 716 δικαστῶν
2641 656 2852 730 μέμψιν
2885 656 3154 727 ἐκφύγῃς,
3188 655 3284 710 καὶ
3313 657 3426 719 τοῖς
3460 673 3623 724 φορο-

2035 752 2260 821 λογοῦσι
2296 753 2517 823 μέτριος
2545 749 2887 823 φανήσῃ.καὶ
2916 748 3188 819 ἐπιεικής.

2768 844 2893 898 UA'.

2109 938 2434 1007 Εὐχαριστῶ
2477 955 2582 1001 σοι,
2634 937 2792 1008 κύριέ
2828 954 2953 1008 μου,
2990 933 3076 1004 ἐφ’
3125 930 3206 998 οἷς
3236 931 3476 1001 ἀξιώσας
3508 932 3638 987 εἰσ--

2036 1031 2334 1101 ήκουσμαι.
2385 1029 2626 1094 Ἦξίωσα
2662 1030 2717 1083 δὲ
2752 1029 2946 1100 πρῴην
2973 1026 3216 1099 περὶτοῦ
3251 1024 3396 1097 ἐμοῦ
3418 1042 3616 1094 συγγε-

2037 1123 2181 1188 νοῦς,
2212 1123 2279 1175 ἵν’
2307 1122 2384 1186 ὡς
2407 1121 2541 1190 ἐμοῦ
2575 1123 2771 1194 ἀντέχῃ
2806 1121 3120 1176 τούτουκαὶ
3151 1120 3220 1174 τά
3253 1119 3452 1174 δυνατὶ
3493 1136 3618 1172 συν-

2037 1215 2278 1283 εργοίης.
2317 1212 2488 1280 Κάγὼ
2523 1213 2620 1280 μὲν
2653 1214 2726 1276 ὡς
2760 1213 2946 1284 ᾠήθην
2999 1213 3250 1284 ὲνιμέρει
3293 1212 3497 1280 τυχεῖν,
3542 1203 3617 1262 ὧν

2036 1304 2245 1374 ἠξίωσα
2264 1321 2276 1338 ο
2302 1304 2330 1356 6
2359 1303 2414 1356 δὲ
2445 1304 2505 1356 οὐ
2531 1302 2687 1356 τοῦτὸ
2731 1319 2798 1371 με
2832 1302 3091 1366 δοξάζειν
3126 1303 3428 1370 πεποίηκεν
3453 1318 3466 1332 °
3500 1299 3617 1354 ἀλλ’

2037 1396 2120 1450 ὅτι
2167 1397 2227 1448 τὸ
2279 1396 2628 1466 βραχύτατόν
2654 1414 2743 1466 μοι
2777 1397 2960 1449 ὲκεῖνο
2985 1397 3340 1465 γραμμάτιον
3375 1395 3616 1464 ἡρκεσεν

2036 1487 2186 1556 αὐτῷ
2238 1490 2317 1552 εἰς
2362 1489 2489 1561 ὅλην
2529 1491 2628 1559 τὴν
2662 1489 2971 1558 εἴσπραξιν.
3010 1488 3264 1542 Τοιοῦτόν
3315 1491 3432 1542 ἐστι
3468 1485 3619 1556 ψυχὴ

2039 1581 2230 1653 βαθεῖα
2258 1585 2348 1638 καὶ
2373 1584 2512 1636 πίων
2537 1601 2550 1615 ο
2588 1583 2928 1654 βραχύτατον
2956 1582 3056 1652 μὲν
3084 1582 3305 1652 σπέρμα
3323 1580 3610 1653 δεχομένη,

2035 1675 2129 1729 τὸν
2193 1676 2250 1728 δὲ
2312 1675 2521 1746 καρπὸν
2571 1675 2900 1729 ἀποδιδοῦσα
2959 1674 3390 1744 μυριοπλασίως.
3448 1673 3617 1728 Ἀλλὰ

2036 1769 2232 1837 πρῴην
2270 1767 2367 1836 μὲν
2400 1765 2629 1835 ήξίιιίσα·
2667 1767 2761 1820 νῦν
2795 1765 2870 1830 δὲ,
2898 1766 2972 1830 ὼς
2995 1768 3148 1835 ὁρᾷς,
3179 1766 3515 1837 εὐχαριστῶ,
3537 1760 3619 1827 οἷς

2037 1861 2245 1931 ἔτυχον·
2286 1860 2488 1929 μείζων
2509 1860 2562 1914 δὲ
2587 1862 2620 1928 ή
2648 1860 2971 1929 εὐχαριστία
2996 1860 3092 1927 τῆς
3129 1857 3622 1924 ἀξιώσεωῖ.Ἀντι-

355 1938 506 2005 λίων,
547 1943 750 2012 ἑτέρων
786 1945 1194 2017 δικαιωμάτων,
1242 1952 1536 2022 συνηθείας
1565 1953 1804 2024 χρονίου,
1829 1952 1930 2020 τῆς
1961 1947 2006 2004 Β
2035 1955 2306 2025 μέτρησον
2342 1950 2437 2006 οὖν
2465 1953 2557 2006 καὶ
2589 1954 2652 2006 σὺ
2681 1954 2750 2022 τῇ
2780 1952 3104 2023 εὐχαριστίᾳ
3131 1951 3355 2004 πλείονα
3393 1948 3494 2021 τὴν
3524 1950 3618 2002 ἀν·

351 2033 464 2085 τῶν
496 2033 602 2104 πρὸ
641 2035 734 2089 σοῦ
767 2037 1036 2094 δικαστῶν
1064 2042 1244 2108 αἰδοῦς
1295 2044 1428 2114 περ)⁵
1469 2044 1568 2114 τὴν
1625 2045 1819 2114 μονήν.
1870 2047 1934 2098 Εἰ

352 2125 516 2194 δὲμὴ
570 2128 664 2181 καὶ
707 2128 913 2185 τούτων
938 2149 1021 2187 σοι
1067 2135 1237 2202 μέλει,
1279 2136 1394 2190 ἀλλ’
1451 2137 1609 2208 ήμῶν
1655 2154 1719 2207 γε
1769 2137 1935 2192 ἕνεκα

356 2216 466 2268 τῶν
496 2217 665 2280 φίλων
695 2221 793 2275 καὶ
810 2222 1147 2280 διδασκάλων
1168 2227 1391 2295 ένδειξίν
1422 2245 1542 2281 τινα
1591 2227 1935 2298 ἀγαθότητος

361 2312 489 2377 περὶ
511 2311 613 2382 τὴν
651 2313 847 2383 κτῆσιν
871 2316 1141 2384 ἐπίδειξον
1163 2320 1263 2390 τῆς
1305 2320 1493 2390 μονῆς.
1537 2320 1652 2375 Οὐκ
1695 2320 1934 2392 ἀκερδής

361 2418 446 2456 σοι
469 2403 503 2474 ή
530 2405 686 2476 χάρις
706 2404 831 2460 οὔτε
859 2410 989 2482 παρ’
1034 2411 1213 2482 ήμῶν,
1243 2411 1368 2468 οὐτε
1423 2413 1575 2484 παρὰ
1599 2415 1699 2485 τῆς
1734 2413 1932 2484 θεομή-

356 2509 537 2564 τορος.

1074 2595 1196 2651 ΞΘ’.

424 2703 484 2754 Οί
523 2703 617 2756 τοῦ
648 2704 848 2773 χωρίου
884 2709 1191 2780 Μαμύτζης
1220 2714 1508 2785 οἰκήτορες
1565 2717 1811 2772 ἀδικοῦσι
1869 2721 1933 2774 16

358 2793 523 2864 μέρος
578 2795 690 2850 τῶν
739 2801 990 2871 μοναχῶν
1051 2805 1150 2873 τῆς
1190 2807 1332 2861 κατὰ
1377 2809 1478 2876 τὴν
1516 2811 1933 2880 ἀχειροποίητον

359 2890 550 2960 μονήν.
596 2891 928 2962 Προάστειον
957 2896 1068 2967 γὰρ
1125 2898 1204 2968 τῷ
1240 2902 1589 2972 μοναστηρίῳ
1657 2905 1934 2973 προσῆκον

356 2980 435 3050 τῷ
467 2981 692 3053 τοιούτῳ
730 2987 914 3058 χωρίῳ
949 2989 1279 3059 παράκειται
1308 3007 1322 3022 ⁸
1355 2993 1659 3062 Στρὸὁηλος
1687 2994 1768 3065 τῷ
1796 2997 1933 3065 κτή-

359 3089 490 3141 ματι
550 3073 742 3144 ὄνομα.
792 3077 883 3130 Ἕν
921 3076 1096 3148 τούτῳ
1129 3079 1285 3146 μῦλοι
1318 3085 1469 3150 τρεῖς
1509 3084 1575 3136 δι’
1643 3085 1766 3140 ὅλου
1835 3086 1930 3139 τοῦ

359 3167 550 3236 χρὸνου
597 3170 946 3240 ἐνεργοῦντες
1007 3173 1219 3240 ἑστᾶσι,
1277 3175 1373 3229 τοῦ
1421 3177 1697 3242 κινοῦντος
1733 3178 1932 3242 αὐτοὺς

2035 2047 2258 2110 τίδοσιν,
2307 2047 2401 2098 καὶ
2459 2044 2616 2112 γενοῦ
2673 2045 2874 2114 μᾶλλον
2925 2043 3020 2097 τοῦ
3064 2045 3378 2114 πράκτορος
3424 2044 3622 2113 ἐπιμε-

2034 2139 2290 2209 λέστερος
2349 2138 2651 2208 συνεργός·
2700 2137 2768 2192 ἶν’
2797 2130 2953 2201 οὗτος
3005 2137 3103 2204 μὲν
3154 2138 3287 2206 ἡμῖν
3344 2135 3550 2206 γράφῃ,
3584 2135 3622 2188 ὃ.

2035 2231 2298 2299 τυγχάνει
2333 2230 2801 2300 εὐεργετούμενος
2825 2247 2838 2260 ο
2872 2230 3036 2299 ἡμεῖς
3069 2229 3126 2282 δὲ
3161 2227 3420 2284 ὑπόθεσιν
3444 2227 3642 2282 ταῦτα.

2036 2324 2287 2385 πλείονος
2311 2324 2663 2394 εὐχαριστίας
2690 2325 3031 2394 ποιήσωμεν.

2766 2414 2884 2470 OB'.

2106 2508 2471 2579 Παράδειγμα
2529 2527 2612 2562 σοι
2663 2507 2805 2560 ἔστω
2843 2509 2941 2576 τῆς
2993 2509 3131 2577 πρὸς
3167 2507 3267 2575 ἐμέ
3303 2524 3398 2560 σου
3435 2509 3638 2576 φιλίας.

2035 2602 2131 2656 καὶ
2165 2601 2457 2664 διαθέσεως
2489 2603 2518 2654 ὁ
2548 2600 2638 2664 σὸς
2673 2599 2770 2668 μὲν
2804 2599 2913 2652 ἀπὸ
2939 2598 3154 2668 φύσεως
3191 2599 3448 2668 ἀδελφὸς,
3487 2602 3620 2672 έμὺς

2017 2696 2091 2748 ,δὲ
2125 2695 2231 2750 ἀπὸ
2263 2695 2600 2764 πνεύματος,
2629 2694 2688 2747 ἐν
2715 2711 2775 2746 τε
2801 2694 3004 2758 ἀλλοις,
3032 2697 3136 2748 κάν
3170 2695 3250 2764 τῷ
3281 2695 3510 2764 παρόντι
3533 2712 3623 2750 νου

2034 2787 2207 2857 ταρίῳ
2261 2789 2356 2839 καὶ
2401 2787 2680 2856 ὁμωνύμῳ
2711 2786 2803 2839 τοῦ
2835 2786 2930 2839 σοῦ
2961 2787 3214 2856 θέματος.
3243 2787 3482 2843 Δύτὸθεν
3513 2789 3622 2856 γὰρ

2032 2880 2383 2948 ὡρμημένος,
2421 2879 2522 2948 τὴν
2547 2880 2644 2946 τῆς
2673 2879 2780 2931 ὐπὸ
2817 2878 2922 2931 ὐπὸ
2953 2878 3010 2930 σὲ
3038 2881 3308 2949 ἐπαρχίας
3337 2896 3620 2949 προσηγο⁹

2037 2971 2189 3042 ρείαν
2213 2972 2508 3039 ἐκτήσατο.
2547 2971 2682 3038 Περὶ
2717 2971 2826 3040 γὰρ
2852 2971 3043 3024 τούτου
3071 2972 3280 3042 ἠξίωσα
3317 2973 3454 3041 πρὸς
3480 2972 3622 3024 ἐκεῖ-

2034 3083 2124 3118 νον
2169 3068 2226 3118 ὲν
2251 3065 2581 3135 γράμμασιν
2602 3081 2615 3096 ’
2649 3068 2678 3118 ὁ
2703 3065 2758 3118 δὲ
2788 3066 3041 3134 ἀσμένως
3070 3065 3487 3134 προσηκάμενος
3519 3064 3622 3134 τὴν

2033 3156 2278 3222 ἀξίωσιν,
2307 3157 2377 3209 τά
2408 3174 2466 3208 τε
2502 3157 2636 3210 ἀλλα
2689 3153 2752 3210 εὖ
2799 3157 2990 3210 τοῦτον
3025 3158 3317 3228 πεποίηκε,
3354 3159 3448 3211 καὶ
3479 3161 3621 3227 μετά

360 3264 548 3326 ὓδατος
581 3266 670 3320 διά
719 3266 922 3337 πλῆθος
947 3267 1244 3338 ἀρκοῦντος
1299 3271 1586 3343 ὲπιρῤοῆς.
1646 3275 1711 3328 Οἱ
1753 3275 1810 3328 δέ
1871 3275 2006 3350 16c
2190 3251 2611 3350 “WW‘ﬁ’f‘dmj’”
2692 3249 2874 3350 “3°?
2929 3250 3233 3350 ἐνθρώπίῖλὶθ
3289 3250 3622 3350 {letam}???

359 3359 598 3428 δηλωθὲν
631 3360 829 3432 χωρίον
849 3360 1150 3426 οἰκοῦντες,
1186 3363 1304 3426 ένδς
1336 3365 1698 3436 εὐποροῦντες
1740 3368 1932 3437 μύλου,

362 3453 454 3506 καὶ
482 3453 673 3508 τούτου
701 3454 1005 3524 χειμερίου,
1041 3457 1347 3527 ἐτόλμησαν
1378 3459 1438 3512 τὸ
1471 3460 1600 3524 τοὺς
1637 3463 1788 3530 τρεῖς
1826 3461 1932 3531 μύ-

359 3545 486 3608 λους
543 3545 730 3600 κινοῦν
796 3546 936 3617 ὕδωρ
995 3549 1406 3619 μετοχετεῦσαι,
1449 3554 1543 3605 καὶ
1602 3554 1742 3622 πρὸς
1789 3551 1934 3625 τὸ[ν]

363 3639 494 3691 ίδιον
538 3641 866 3706 μεταγαγεῖν
917 3639 1157 3709 μύλωνα,
1191 3641 1499 3710 προφάσεις
1542 3636 1934 3711 ἀναπλασάμε-

362 3747 442 3784 νοι
477 3729 574 3783 καὶ
605 3729 785 3792 αἰτίας
813 3732 995 3790 κενάς.
1041 3730 1326 3800 Ἀξιοῦμεν
1358 3731 1454 3784 οὖν
1489 3749 1576 3795 σε,
1615 3732 1702 3786 ἵνα
1733 3733 1827 3786 καὶ
1864 3733 1936 3786 δι’

363 3823 534 3894 ἡμᾶς,
563 3820 662 3877 καὶ
699 3823 765 3876 δι’
794 3821 924 3876 αὐτὸ
957 3822 1018 3875 16
1042 3822 1266 3886 δίκαιον,
1299 3824 1398 3876 καὶ
1426 3824 1516 3877 διὰ
1537 3826 1635 3894 τὴν
1669 3825 1806 3894 πρὸς
1834 3825 1936 3893 τὴν

363 3915 612 3970 θεοτὸκον
653 3913 838 3968 πίστιν
891 3929 986 3966 σου
1047 3913 1144 3967 καὶ
1199 3915 1492 3969 εὐλάϐειαν
1543 3916 1618 3984 μὴ
1673 3915 1834 3984 μόνον
1871 3914 1936 3968 16

362 4007 599 4061 τοιοῦτον
623 4006 801 4076 ῥεῦμα
838 4008 897 4070 ἐς
930 4005 1030 4074 τὴν
1061 4006 1328 4077 προτέραν
1378 4007 1749 4078 μεταϐιὸἀσῃς
1777 4008 1934 4062 666v-

364 4099 500 4152 ἀλλά
535 4099 630 4154 καλ⁸
663 4099 788 4161 τοὺς
816 4096 1027 4152 ἀνελεῖν
1078 4097 1458 4168 τολμήσαντας
1497 4099 1666 4170 χωρὶς
1718 4101 1936 4170 εὐλογο-

363 4175 566 4263 φανοῦς
623 4193 803 4256 αἰτίας
867 4191 962 4245 καὶ
1035 4190 1356 4260 δικαστικῆς
1422 4191 1786 4260 ἀποφάσεως,
1841 4194 1937 4246 καὶ

362 4286 555 4354 ἑτέραν
591 4285 710 4339 ὁδὸν
740 4283 1025 4349 ὑπανοῖξαι
1081 4283 1158 4354 τῷ
1190 4287 1363 4354 ῥέοντι
1398 4284 1570 4348 ὕδατι,
1608 4285 1934 4356 τιμωρήσῃς

366 4378 508 4432 κατὰ
542 4378 603 4430 16
627 4378 772 4438 είκὸς
808 4377 1076 4448 τιμωρίαν
1119 4377 1218 4448 τὴν
1256 4377 1604 4446 πρέπουσανο
1647 4377 1732 4431 ἵνα
1796 4380 1936 4449 μήτε

362 4471 541 4534 αὐτοὶ,
589 4469 718 4539 μήθ’
750 4468 925 4538 ἕτεροι
962 4450 1188 4521 τοιαῦτα
1223 4467 1491 4538 τολμῷεν,
1525 4468 1601 4538 τῷ
1659 4469 1780 4524 κατ’
1837 4471 1938 4523 αὐ-

361 4559 484 4621 τοὺς
504 4555 962 4626 σωφρονισθέντες
999 4556 1401 4626 περιδείγματι.

1119 4649 1196 4701 0'.

429 4739 564 4810 Περὶ
592 4737 686 4793 τοῦ
725 4739 995 4810 παρόντος
1025 4738 1318 4808 ἀνθρώπου
1356 4739 1451 4794 καὶ
1481 4741 1697 4807 ἐξιόντα
1749 4759 1807 4794 σε
1835 4741 1934 4814 τῆς

359 4834 564 4896 πόλεως
595 4830 936 4902 ἠξιώσαμεν,
995 4833 1088 4887 καὶ
1136 4832 1232 4886 νῦν
1277 4828 1431 4896 αὖθις
1458 4833 1742 4904 ἀξιοῦμεν,
1779 4835 1933 4889 ἀντι-

356 4923 732 4994 λαμϐάνεσθαι
757 4923 920 4978 αὐτοῦ
948 4926 1006 4978 έν
1037 4927 1158 4990 ταῖς
1184 4925 1528 4996 είσπράξεσι,
1563 4927 1658 4980 καὶ
1686 4927 1934 4997 εὐμενῶς

360 5015 602 5086 βλέπειν,
635 5017 730 5070 καὶ
765 5016 840 5080 ὼς
877 5017 1076 5070 οἰκείου
1105 5017 1450 5087 ἀντέχεσθαι.
1492 5019 1849 5081 Ἀκούσαντες
1878 5019 1934 5074 δὲ

361 5106 543 5178 μικρῷ
587 5107 846 5178 πρόσθεν,
880 5108 955 5172 ώς
999 5109 1251 5178 χαλεπῶς
1296 5110 1432 5180 πρὸς
1472 5112 1636 5164 αὐτὸν
1665 5111 1932 5181 διετέθης,

358 5199 456 5252 οὐκ
487 5199 814 5268 ἡνιάθημεν,
861 5199 976 5252 ἀλλ’
1005 5199 1286 5269 ᾠήθημεν,
1339 5201 1417 5264 ώς
1466 5201 1758 5268 ὲκόλασας,
1801 5200 1935 5270 πρὸς

358 5290 530 5359 βραχύ
555 5289 840 5344 ἀδικοῦντα
865 5290 1061 5360 εὑρών.
1100 5289 1260 5344 ’Λλλά
1282 5291 1376 5347 νῦν
1402 5293 1771 5366 μεταδλήθητι
1797 5295 1935 5365 πρὸς

355 5382 418 5434 16
450 5380 820 5451 ἡμερώτερον,
848 5381 942 5435 καὶ
978 5381 1054 5452 μὴ
1082 5381 1261 5436 πάντα
1293 5383 1487 5452 φαίνου
1509 5382 1683 5454 τούτῳ
1715 5387 1932 5456 πικρός.

370 5474 719 5529 ’Δποϐλέπων
744 5476 850 5546 γὰρ
883 5473 1036 5538 οὗτος
1069 5475 1204 5546 πρὸς
1230 5478 1323 5538 τὰς
1345 5477 1578 5543 ἐξόδους,
1604 5479 1669 5544 ἀς
1697 5481 1932 5534 κατεϐά-

355 5566 498 5631 λετο,
549 5567 610 5619 οὐ
649 5567 870 5620 δύναται
896 5568 986 5620 διά
1037 5569 1258 5626 πάντων
1311 5569 1388 5639 τῷ
1426 5571 1620 5640 δικαίῳ
1660 5575 1930 5641 στοιχεῖν·

356 5660 482 5715 ἐπεὶ
511 5660 622 5714 οὐδ’
655 5661 721 5716 ἂν
750 5660 1033 5732 ἐξισωθείη
1067 5665 1189 5725 ταῖς
1220 5663 1328 5716 ἀπὸ
1356 5663 1446 5716 τοῦ
1467 5665 1676 5718 δικαίου
1701 5665 1934 5736 είσπρά-

359 5754 477 5819 ξεσι
530 5754 668 5824 πρὸς
705 5754 804 5824 τὴν
831 5753 939 5809 τῶν
969 5754 1268 5825 συνηθειῶν
1321 5755 1610 5825 ποσότητα.
1656 5757 1818 5811 ’Λλλά
1867 5759 1932 5814 σὺ

364 5845 441 5916 μὴ
495 5844 632 5916 πρὸς
673 5844 832 5898 τοῦτο
867 5845 1081 5916 βλέπων
1112 5846 1386 5916 συγχώρει
1429 5847 1656 5912 ἀδικεῖν,
1697 5848 1835 5901 ἀλλά
1867 5848 1934 5902 τά

363 5933 532 5988 πολλά
590 5933 927 6001 παράβλεπε,
964 5935 1101 5990 ὥστε
1157 5954 1214 5990 σε
1258 5936 1467 6005 ὁρῶντα
1527 5938 1600 6005 μὴ
1649 5940 1690 6006 ὁ,
1717 5940 1803 6006 ᾇι,
1839 5938 1933 5993 καὶ

2053 3341 2365 3410 Ἐφείλκετο
2395 3341 2450 3394 δὲ
2480 3340 2672 3394 τοῦτον
2702 3345 2793 3394 καὶ
2829 3343 2908 3404 εἰς
2940 3341 2968 3394 6
3001 3343 3264 3411 μετετέθη
3297 3341 3443 3412 θέμα
3467 3360 3481 3374 ·
3514 3344 3542 3395 ὁ
3562 3341 3630 3396 δέ-

2037 3451 2101 3504 γε
2130 3433 2336 3505 σφόδρα
2372 3433 2698 3503 φιλόπατρις
2721 3434 2820 3498 ῶν,
2851 3435 3038 3488 αὐτόθι
3071 3435 3399 3503 καταμένειν
3429 3435 3621 3505 ήθέλη-

2041 3545 2154 3583 σεν.
2199 3528 2261 3580 El
2319 3527 2420 3598 μὲν
2461 3522 2558 3581 οὖν
2609 3527 2789 3597 βούλει
2827 3529 2962 3596 πρὸς
2995 3529 3350 3599 παράδειγμα
3377 3529 3616 3598 βλέπειν,

2037 3622 2131 3675 τὸν
2182 3621 2410 3689 ἀδελφὸν
2467 3621 2614 3685 ίδὼν,
2664 3622 2733 3674 τὰ
2784 3622 2949 3690 ὅμοια
2999 3621 3128 3689 περὶ
3181 3623 3272 3674 τδν
3333 3622 3622 3691 ἄνθρωπον

2041 3713 2289 3782 ποίησον.
2328 3712 2390 3767 Et
2422 3713 2478 3766 δὲ
2512 3713 2709 3766 σαυτὸν
2759 3713 2903 3782 ἔχεις
2952 3713 3304 3783 παράδειγμα
3354 3714 3454 3782 τῆς
3486 3713 3620 3782 πρὸς

2042 3809 2188 3876 ἡμᾶς
2221 3806 2406 3874 φιλίας
2437 3823 2556 3869 σου,
2589 3808 2709 3868 ταῖς
2745 3806 3148 3876 προλαόούσαις
3180 3805 3396 3875 χάρισιν
3426 3805 3620 3874 ὁμοίαν

2042 3901 2139 3968 τὴν
2171 3902 2298 3970 περὶ
2327 3900 2422 3952 τοῦ
2455 3899 2706 3968 νοταρίου
2737 3901 3148 3969 προσάρμοσον.
3182 3897 3292 3951 Καὶ
3325 3897 3620 3968 δεξάμενος

2039 3995 2229 4048 τοῦτον
2259 3994 2540 4056 εὐνοῖκῶς,
2569 3992 2638 4046 τά
2665 4009 2723 4044 τε
2753 3992 2887 4044 ἀλλα
2914 3991 3224 4062 προστάτης
3248 3991 3414 4044 αὐτοῦ
3436 3992 3618 4058 γενοῦ,

2041 4087 2138 4140 καὶ
2166 4087 2266 4155 τῆς
2305 4084 2700 4154 προσηκούσης
2727 4084 2875 4152 αὐτῴ
2906 4084 3083 4146 οίκίας
3114 4083 3416 4139 ἀντιποιοῦ.
3463 4084 3621 4140 Ἀλλά

2040 4181 2096 4233 τί
2120 4179 2247 4246 περὶ
2276 4178 2488 4231 πολλῶν
2515 4175 2816 4245 αἱτοῦμαις
2844 4177 2905 4227 Εἰ
2929 4176 3035 4245 γάρ
3073 4177 3428 4246 συναρίθμιον
3463 4179 3625 4246 μόνον

2040 4276 2150 4334 τοῖς
2197 4270 2301 4324 ὐπὸ
2352 4270 2411 4327 σὲ
2465 4269 2741 4337 ποιήσεις,
2771 4268 3055 4337 αὐτόματα
3093 4269 3261 4321 τᾶλλα
3308 4269 3386 4339 τῷ
3419 4269 3622 4340 πρώτῳ

2040 4363 2213 4433 τούτῳ
2247 4362 2655 4432 εὐεργετήματι
2689 4359 2906 4429 ἕψεται.

2768 4453 2890 4506 Ol".

2111 4547 2188 4604 Οὐ
2231 4547 2439 4619 μικρὰν
2471 4545 2820 4616 παρηγορίαν
2853 4544 2951 4614 τῆς
2980 4544 3077 4614 σῆς
3115 4547 3424 4614 στερήσεως
3455 4546 3523 4598 τὰ
3553 4546 3622 4598 σά

1967 4649 2012 4709 D
2047 4643 2356 4714 γράμματα
2388 4641 2588 4710 ἔχομεν
2612 4656 2624 4668 ·
2653 4639 2916 4706 δοκοῦμεν
2947 4638 3055 4707 γάρ
3085 4638 3150 4690 δι’
3177 4638 3355 4692 αὐτῶν
3387 4637 3616 4708 ὁμιλεῖν,

2041 4733 2283 4804 ἔμψυχον
2332 4730 2622 4784 συνουσίαν
2659 4731 2756 4792 τάς
2785 4730 3023 4799 ἀψύχους
3061 4747 3157 4782 σου
3198 4733 3616 4801 προσφωνήσεις

2041 4828 2304 4896 οίόμενοι.
2340 4824 2712 4896 Παροτρύνεις
2760 4825 2816 4877 δὲ
2871 4827 3020 4894 ἡμᾶς
3067 4827 3125 4877 ὲν
3172 4827 3285 4888 τοῖς
3331 4809 3620 4896 γράμμασί

2043 4936 2161 4985 σου,
2196 4917 2476 4987 εὐφήμους
2527 4918 2711 4984 φωνὰς
2751 4916 2892 4986 ὑπὲρ
2943 4915 3038 4967 σοῦ
3071 4918 3414 4985 συνεισάγειν
3448 4920 3528 4976 εἰς
3564 4918 3622 4968 :6

2041 5009 2414 5081 τοῦμεγάλου
2451 5007 2763 5082 [βασιλέως]
2802 5008 3101 5078 συνέδριον.
3132 5009 3476 5080 Λύθόρμητοι
3513 5009 3620 5079 γάρ

2041 5105 2210 5172 ἐσμεν
2249 5102 2330 5165 είς
2376 5101 2504 5165 τούς
2549 5103 2679 5171 περὶ
2733 5099 2830 5152 σοῦ
2877 5101 3156 5165 ἐπαίνους.
3189 5103 3414 5172 Μάρτυς
3443 5103 3470 5153 ὁ
3501 5101 3624 5172 1κὺ-

2047 5194 2206 5268 ριος].
2233 5196 2330 5250 καὶ
2361 5195 2422 5248 οὐ
2457 5194 2692 5264 δεόμεθα
2737 5193 2993 5265 γλώσσης
3031 5195 3404 5265 διεγειρούσης
3449 5196 3618 5262 ἡμᾶς.

2043 5289 2154 5343 Καὶ
2206 5290 2290 5343 ὅτι
2348 5287 2447 5358 μὲν
2501 5287 2659 5341 οὐδὲν
2715 5286 2798 5341 ἔτι
2851 5305 2934 5342 σοι
2975 5292 3108 5358 παρ’
3148 5289 3306 5356 ἡμῶν
3341 5287 3619 5351 ἑπωφελὲς

2045 5383 2429 5452 προσεγένετο,
2469 5383 2569 5437 οὐκ
2601 5383 2928 5452 ἀγνοοῦμεν·
2957 5382 3064 5436 ῖσθι
3090 5384 3168 5446 δὲ,
3192 5382 3266 5443 ὡς
3297 5381 3512 5436 ἀπαντά
3534 5397 3619 5434 σοι

2041 5476 2525 5548 πεπροοιμίασται,
2563 5477 2658 5532 καὶ
2687 5471 2798 5530 οἷον
2824 5475 2891 5528 τά
2919 5474 3191 5527 ἐπεισόδια
3222 5473 3320 5543 τῆς
3349 5473 3618 5542 ὠφελείας

2040 5571 2279 5640 ἐγένετο.
2308 5569 2413 5622 Σὺν
2439 5569 2648 5639 ἐπαίνῳ
2677 5568 2787 5636 γὰρ
2815 5568 2842 5619 ὁ
2871 5566 3126 5636 βασιλεὺς
3151 5565 3250 5618 τοῦ
3283 5565 3378 5618 σοῦ
3409 5582 3615 5634 μνημο-

2041 5659 2192 5712 νεύει
2235 5656 2523 5725 ὁνὸματος,
2558 5660 2651 5710 καὶ
2673 5659 3038 5726 χρηστότερον
3062 5657 3195 5724 1:96;
3229 5657 3325 5718 τὰς
3356 5655 3617 5706 ἐπελθού-

2043 5768 2141 5807 ca;
2161 5767 2243 5802 σοι
2267 5747 2554 5820 συμφορὰς
2576 5745 2902 5808 διατίθεται,
2924 5747 3017 5797 καὶ
3041 5740 3152 5798 οἷον
3175 5744 3391 5812 ἕτοιμός
3420 5743 3616 5813 ὲστιίνι

2042 5845 2464 5911 ἀπιτεπενεγκεῖν
2494 5842 2607 5902 τοῖς
2635 5837 2844 5911 χείροσι
2883 5839 2952 5891 τὰ
2981 5837 3244 5910 βελτίονἰ.
3284 5836 3532 5906 Δήλιοσον
3564 5835 3619 5888 δὲ

2051 5937 2196 6006 ἡμῖν,
2228 5936 2463 6006 ὁπότερα
2504 5932 2717 6006 βούλει·
2750 5930 3159 6002 εἰσεληλυθέναι
3203 5947 3248 5984 τε
3281 5929 3358 5992 τίς
3392 5927 3490 5996 τὴν
3517 5926 3608 5995 βας
