3964 6560
269 446 427 548 1331

285 678 383 719 τον
419 661 562 731 θέμα
582 676 598 724 ς

752 750 829 807 Τὰ
876 751 1029 821 πρὸς
1063 752 1404 818 Ὄλυμπον.

237 843 248 905 ἶ
360 844 530 900 Οὐδὲν
569 844 681 900 τῶν
711 845 882 900 ὀντων
913 844 1053 914 ὑπὲρ
1087 844 1177 898 τὸν
1209 843 1509 914 Ὄλυμπον.
1542 844 1653 898 Καὶ
1683 845 1773 899 ῖνα
1803 845 1874 899 τὰ

289 938 578 993 τελευταῖα
598 938 694 994 τοῦ
722 939 884 1008 λόγου
918 939 1111 1008 πρῶτα
1136 938 1455 1008 ποιήσωμαι
1481 953 1495 970 ⁸
1524 937 1877 992 πεποίκιλται

293 1032 396 1099 μὲν
457 1033 688 1102 οὐρανὸς
719 1032 1006 1102 ἀστράσιν,
1038 1031 1157 1086 ἀλλ’
1181 1031 1364 1102 ἀψυχα
1400 1031 1574 1086 ταῦτα
1618 1034 1870 1101 σώματα,

291 1120 390 1182 καὶ
420 1132 653 1200 μένοντα
687 1129 775 1197 ἐφ’
799 1125 866 1200 ἦς
889 1128 1137 1197 ἐγίνοντο
1171 1128 1409 1199 φύσεως.
1454 1129 1512 1183 ’0
1537 1128 1594 1182 δὲ
1627 1127 1875 1196 λογικαῖς

289 1223 780 1289 γατακεκόσμηται
813 1222 1030 1290 φύσεσι,
1068 1222 1507 1293 προκοπτούσαις
1534 1221 1642 1283 ἀεὶ,
1675 1222 1769 1275 καὶ
1794 1223 1875 1288 είς

293 1315 442 1369 θεὸν»
470 1314 894 1378 ἀναϐαινούσαις
937 1315 1027 1368 διά
1054 1316 1156 1383 τῆς
1194 1315 1304 1369 τῶν
1332 1315 1545 1385 ἀρετῶν
1583 1315 1872 1386 κλίμακος.

293 1408 508 1478 Χωρίον
544 1407 822 1478 τρυφηλὸν
851 1407 1090 1478 ήἝδὲμ,
1126 1407 1220 1461 καὶ
1254 1407 1313 1461 ἐν
1337 1405 1493 1477 καλῷ
1523 1406 1624 1477 τῆς
1650 1409 1874 1478 συμπά-

293 1518 397 1570 σης
427 1500 681 1568 κείμενον
711 1503 815 1570 γῆς
839 1515 854 1531 ο
886 1500 1005 1554 ἀλλ’
1030 1499 1186 1556 οῦπω
1221 1500 1544 1571 ἀνθρώπους
1583 1501 1705 1572 Θεῷ
1743 1501 1876 1560 καθ-

293 1590 666 1660 ομοιωθέντας
695 1593 1069 1662 ἐκληρώσατο.
1107 1592 1426 1665 ’Υπερφυὴς
1449 1595 1476 1649 ό
1505 1595 1831 1666 παράδεισος
1856 1610 1873 1628 ⁸

291 1686 427 1740 ἀλλά
450 1687 596 1740 δυοῖν
622 1703 751 1740 ποτε
773 1687 1074 1758 οἰκητόρων
1095 1688 1454 1761 ηύμοίρησεν.
1473 1689 1635 1744 Οὗτοι
1678 1689 1734 1743 δὲ
1759 1689 1878 1762 ἀμα

292 1791 355 1830 τε
413 1775 525 1830 τῶν
579 1776 792 1831 ἐκείνου
823 1777 1054 1845 καρπῶν
1079 1777 1394 1848 ἐγεύσαντο,
1431 1780 1524 1835 καὶ
1558 1781 1659 1850 τῆς
1679 1798 1879 1836 πανευ-

292 1868 550 1937 δαίμονος
612 1870 830 1940 ἐκείνης
879 1869 1096 1942 τρυφῆς
1141 1872 1530 1944 ἀπηλάθησαν.
1580 1871 1654 1926 Τὸ
1703 1873 1758 1927 δέ
1812 1890 1876 1939 γε

1299 451 1664 516 ADDENDA
1702 451 2090 515 EUSTATHI
2167 453 2574 516 EPISTOLzE.

227 584 232 588 '
289 568 486 635 σιλίδα,
509 563 600 620 καὶ
624 564 724 636 τῆς
750 561 985 618 ἐνταῦθα
1011 565 1268 636 προνοίας
1294 567 1477 637 τυχεῖν
1494 581 1512 597 ·
1537 565 1572 637 ἢ
1595 566 1676 632 είς
1695 567 1873 639 κρεῖτο
1901 570 1948 628 Α
1974 563 2293 620 δυναστεύει
2321 566 2348 619 ό
2379 566 2533 636 ήλιος
2553 582 2570 600 ο
2599 567 2648 620 εί
2676 565 2730 622 δέ
2754 583 2885 622 ποτε
2912 565 2979 619 τὰ
3007 565 3231 637 μεσημϐ
3241 566 3361 637 ρινά
3393 584 3570 621 κατα-

3419 452 3563 518 I332

1981 655 2194 728 φλέγει,
2227 658 2343 712 ἀλλ’
2375 659 2438 712 αῖ
2465 675 2528 728 γε
2556 659 2666 712 τῶν
2698 660 2888 728 πηγῶν
2917 658 3082 730 αὖραι
3109 659 3228 712 ἀντὶ
3257 659 3443 729 πάσης
3467 661 3574 732 ἆρ-

1979 751 2170 806 κοῦσιν
2201 752 2508 824 ἀναψυχῆς.
2545 753 2828 823 Χειμῶνος
2851 753 2908 807 δὲ
2936 755 2968 824 ἡ
3004 754 3103 822 μὲν
3130 754 3264 824 ἄλλη
3298 752 3570 824 ξύμπασα

1982 842 2056 914 γῆ
2090 843 2600 915 μετεσχηματίσθαι
2635 846 2803 910 δοκεῖ,
2831 847 2925 900 καὶ
2974 847 3037 901 τὸ
3097 849 3315 918 ἐαρινδν
3366 850 3572 914 κάλλος

1980 934 2361 1006 ἀποκεκάρθαι
2379 951 2394 967 ο
2429 934 2524 990 σοῦ
2555 935 2610 990 δέ
2633 936 2890 992 οὐδέποτε
2920 940 2951 1009 ή
2977 939 3244 1010 καλλίστη
3269 939 3379 993 τῶν
3402 939 3571 1011 ὡρῶν

1981 1028 2412 1101 ὑπερλὶλησται.
2452 1030 2719 1097 Χλοάζεις
2747 1032 2857 1101 γάρ
2881 1033 3248 1104 ἁπανταχόσε,
3287 1034 3474 1103 ῶσπερ
3508 1035 3569 1088 αἱ

1980 1119 2128 1176 οὕτω
2171 1122 2284 1177 τῶν
2335 1123 2500 1178 λίθων
2546 1126 2613 1180 ἐκ
2647 1124 2866 1194 φύσεως
2913 1125 3155 1195 ἔχουσαι.
3203 1127 3570 1198 Ἐκκέχυνται

1971 1217 2114 1300 ⁵γοῦν
2141 1235 2202 1272 σε
2235 1217 2504 1274 πάντοθεν
2537 1218 2634 1280 καὶ
2665 1219 2926 1291 μυρρίναι
2955 1219 3048 1272 καὶ
3079 1219 3278 1288 σμίλαξ
3316 1219 3413 1273 καὶ
3441 1237 3568 1274 κιτ-

1980 1309 2106 1363 τοί·
2136 1309 2171 1380 ἦ
2220 1327 2278 1363 τε
2323 1309 2498 1381 δάφνη
2537 1327 2597 1364 σε
2637 1311 2915 1380 στεφανοῖ,
2946 1311 3040 1366 καὶ
3088 1312 3120 1382 ή
3177 1311 3335 1376 πίτυς
3389 1330 3569 1365 κατα-

1981 1401 2202 1473 χλοάξει
2228 1418 2245 1436 ο
2269 1402 2389 1458 οὐδὲ
2418 1402 2551 1474 δρῦς
2588 1403 2681 1458 ἐπὶ
2713 1405 2799 1458 σοὶ
2827 1404 3121 1476 γηράσκει,
3152 1404 3274 1457 οὐδὲ
3308 1405 3571 1473 φυλλοϐο-

1983 1495 2118 1568 λεῖή
2150 1496 2309 1566 συκῆ,
2337 1495 2454 1550 ἀλλ’
2474 1496 2562 1552 ἐπ’
2588 1497 2844 1568 ἀθανάτῳ
2865 1515 2946 1551 σοι
2976 1498 3073 1552 καὶ
3091 1498 3284 1568 ἀγήρῳ
3316 1497 3570 1552 ἀθάνατα

1983 1587 2281 1643 καὶταῦτα
2311 1588 2530 1657 φύεται.
2575 1589 2739 1645 Ἀλλά
2794 1590 2960 1644 πόθεν
3010 1608 3094 1644 σοι
3133 1590 3307 1654 οὕτως
3338 1591 3569 1662 ὴρμένῳ

1984 1681 2087 1750 τῆς
2117 1683 2222 1752 γῆς
2253 1683 2309 1735 αί
2339 1682 2568 1750 ἀφανεῖς
2595 1683 2705 1738 τῶν
2737 1683 2947 1738 ὑδάτων
2979 1683 3157 1752 πηγαί
3174 1699 3190 1750 ;
3222 1679 3300 1736 Ἦ
3344 1683 3570 1744 πάντως

1984 1773 2209 1827 ἐπὶτῶν
2238 1774 2525 1830 ἀθανάτων
2549 1777 2777 1831 ἐκείνων
2807 1776 3003 1846 πηγῶν
3026 1775 3126 1845 ἔφυ
3146 1775 3210 1830 τὸ
3233 1775 3473 1846 ῥίζωμα,
3499 1775 3572 1838 ἀς

1984 1867 2225 1938 Χριστὸς
2252 1867 2437 1923 δίδωσι
2479 1870 2594 1933 τοῖς
2632 1868 2862 1940 διψῶσιν
2882 1885 2896 1901 ·
2926 1869 3051 1923 ὅθεν
3083 1871 3134 1922 οί
3169 1870 3278 1923 τῶν
3307 1871 3572 1940 ναμάτων

295 1960 441 2014 θεῖον
483 1959 642 2014 τοῦτο
673 1962 766 2014 καὶ
798 1963 1091 2033 πάμφορον
1132 1941 1260 2035 δρος
1286 1941 1478 2033 ἀνάγει
1516 1964 1616 2035 μὲν
1663 1964 1873 2038 ἀνθρώ·
1900 1941 1951 2005 Β
1983 1976 2077 2014 σου
2104 1961 2534 2032 ἐμφορούμενοι,
2567 1963 2619 2016 εί
2646 1961 2747 2018 καὶ
2777 1964 2852 2036 μὴ
2880 1963 3144 2019 ἀθάνατοι
3195 1963 3399 2035 πάντῃ,
3431 1963 3598 2042 ἀλλά,

293 2067 432 2115 πους
457 2051 597 2122 Θεῷ,
649 2054 880 2123 κατάγει
913 2055 970 2108 δὲ
1013 2055 1324 2127 ἀνθρώποις
1351 2056 1502 2111 Θεόν.
1541 2057 1652 2112 Καὶ
1698 2057 1878 2112 κοινόν

295 2146 444 2198 ἐστιν
477 2144 794 2216 οἰκητήριον
827 2147 935 2198 τῶν
965 2164 1024 2200 τε
1062 2148 1360 2220 ὑπερφυῶν
1390 2149 1619 2216 τάξεων,
1647 2150 1742 2205 καὶ
1767 2150 1879 2206 τῶν

294 2238 652 2306 τεταγμένων
713 2239 952 2308 φύσεων.
985 2240 1058 2296 ’0
1105 2258 1165 2294 τε
1211 2241 1424 2312 καρπδς
1470 2241 1617 2312 αύτῷ
1657 2243 1878 2315 ξύμπας

295 2330 406 2383 τῶν
431 2331 642 2402 ἀρετῶν
671 2334 772 2387 οὑκ
804 2333 1063 2403 ἐδώδιμος
1091 2334 1272 2404 μόνον,
1304 2335 1440 2389 ἀλλά
1467 2337 1560 2390 καὶ
1589 2337 1879 2406 τρόφιμος,

296 2423 394 2475 καὶ
431 2424 664 2478 πιαίνων
713 2425 806 2478 τἰν
859 2425 985 2480 νοῦν
1029 2426 1106 2497 τῷ
1138 2445 1197 2480 τε
1232 2427 1426 2496 γλυκεῖ
1471 2428 1566 2483 καὶ
1603 2430 1880 2501 ζωηφόρῳ

296 2515 396 2570 τοῦ
431 2517 764 2588 πνεύματος.
796 2519 870 2570 Οὔ
896 2520 961 2572 τὰ
993 2523 1228 2590 κρείττω
1255 2520 1330 2583 δὲ,
1363 2521 1498 2575 άλλά
1523 2522 1618 2574 καὶ
1646 2523 1713 2576 τά
1746 2523 1881 2593 πρὸς

297 2609 555 2681 αἴσθησιν
573 2611 776 2681 τούτῳ,
813 2612 993 2681 πάσης
1023 2611 1190 2682 ἄλλης
1225 2612 1359 2681 ήδίω
1396 2612 1638 2683 τέρψεώς
1681 2630 1739 2667 τε
1787 2615 1882 2668 καὶ

299 2702 549 2772 χάριτοςο
585 2703 799 2756 ὑδάτων
829 2703 1002 2772 πηγαὶ
1026 2705 1288 2773 καθαραί’
1321 2704 1448 2760 πόαι
1485 2705 1727 2774 μαλακαί
1745 2720 1760 2735 ο
1787 2706 1879 2758 εύ-

300 2794 488 2858 θαλεῖς
515 2794 748 2864 δένδρων
772 2795 990 2865 τροφαίο
1022 2794 1252 2866 ὀρνίθων
1279 2797 1414 2868 ᾠδαί
1435 2812 1452 2829 ο
1483 2797 1717 2858 εὔπνους
1749 2797 1816 2866 ἀὴ
1829 2811 1881 2868 ρ’

301 2883 459 2954 ήλίου
499 2884 655 2955 βολαὶ
688 2885 928 2953 διαυγεῖς
953 2901 968 2918 ο
1005 2886 1165 2958 ὡρῶν
1201 2888 1536 2958 συμμετρία·
1564 2889 1782 2960 πνεῦμα
1807 2891 1883 2960 μὴ

303 2976 792 3032 λυποῦνΛῙάντων
825 2978 925 3046 μέν
957 2979 1106 3032 ἐστιν
1150 2978 1294 3050 ὀρῶν
1338 2980 1755 3050 ὑπερκείμενος,
1793 2981 1888 3052 βά-

305 3085 468 3140 σιμος
493 3068 550 3122 δὲ
591 3069 791 3138 μᾶλλον
822 3069 854 3139 ἢ
883 3068 994 3122 τῶν
1020 3071 1222 3125 πεδίων
1254 3071 1320 3124 τά
1350 3071 1535 3128 ὕπτια.
1565 3072 1638 3126 Τό
1667 3091 1724 3126 τε
1755 3091 1886 3143 μετ-

305 3161 479 3234 έωρον
505 3163 604 3232 ούχ
639 3157 751 3217 οἷον
784 3162 1080 3232 ἀπότομον,
1112 3165 1206 3218 καὶ
1242 3167 1275 3236 ή
1303 3165 1526 3228 κάθοδος
1562 3166 1744 3236 ἡρέμα
1770 3167 1888 3221 ἐπι-

1979 2067 2045 2120 γε
2069 2051 2370 2108 καθεστᾶσι
2399 2054 2862 2125 μακροϐιώτατοι.

2051 2143 2315 2200 Βασίλειά
2337 2161 2444 2212 σοι,
2472 2145 2749 2215 Ὀλυμπε,
2773 2147 2869 2202 καὶ
2894 2147 2964 2202 τὰ
2993 2147 3151 2220 δρεια
3174 2163 3191 2180 ⁶
3222 2147 3317 2202 καὶ
3338 2149 3443 2214 δτι,
3466 2148 3575 2201 κάν

1979 2251 2068 2298 τις
2095 2233 2310 2292 ἐκεῖθεν
2337 2237 2490 2308 ῆκων
2516 2237 2618 2308 τήν
2661 2238 2756 2292 ἐπὶ
2796 2238 2882 2293 σοὶ
2917 2238 3228 2314 δυσχεράνῃ
3258 2239 3569 2310 διαγωγὴν,

1981 2329 2100 2384 ἀλλ’
2129 2329 2179 2384 εί
2211 2329 2463 2402 βούλοιτο
2495 2332 2858 2405 περιδραμεῖν
2893 2351 2977 2388 σοι
3022 2335 3124 2398 τάς
3153 2335 3378 2403 ἀφανεῖς
3411 2334 3576 2403 οἰκή-

1983 2439 2119 2490 σεις,
2146 2424 2321 2478 ὁπόσα
2349 2424 2408 2480 τέ
2442 2441 2522 2479 σοι
2556 2427 2698 2480 κατά
2719 2425 2936 2496 πετρῶν
2959 2424 3233 2496 ῶρυκται,
3266 2426 3298 2497 ἢ
3325 2426 3579 2496 αὐτομά-

1981 2533 2092 2580 τως
2143 2515 2513 2584 κεκοίλανται,
2549 2517 2792 2588 εὑρήσει,
2826 2518 2935 2586 ὅπη
2976 2518 3330 2590 τρυφήσειεν.
3371 2518 3436 2572 El
3471 2517 3576 2586 μιν

1983 2609 2096 2682 γὰρ
2113 2610 2338 2665 ὑπέλθοι
2353 2609 2569 2681 δένδρου
2586 2612 2768 2679 σκιὰν,
2788 2611 2987 2666 αὐτίκα
3002 2609 3194 2666 τοῦτον
3214 2611 3579 2678 ἐπιξενώσον-

1983 2719 2077 2756 ται
2105 2702 2352 2757 κάτωθεν
2387 2701 2486 2773 μὲν
2516 2702 2620 2772 γῆς
2646 2702 2800 2756 εύναὶ
2826 2702 3066 2771 μαλακαί
3089 2718 3105 2735 ο
3137 2702 3280 2773 ὑπὲρ
3307 2702 3362 2756 δέ
3392 2720 3578 2772 κεφαο

1984 2793 2084 2864 λὴν
2134 2793 2235 2862 τὴν
2285 2793 2509 2866 ὀπώραν
2562 2793 2860 2866 κοσμοῦσιν
2907 2795 2963 2848 αῖ
3018 2795 3280 2865 Χάριτες.
3315 2794 3391 2848 Τὸ
3416 2794 3473 2846 δέ
3505 2812 3576 2862 γε

1986 2886 2291 2952 ἀναϐλύζον
2322 2886 2355 2958 ῆ
2386 2887 2705 2960 παραρρέον
2733 2887 2949 2942 ὑδάτιον
2988 2886 3112 2942 ἀντὶ
3146 2887 3332 2957 πάσης
3370 2886 3582 2956 εὐφρο-

1989 2981 2160 3051 σύνης
2183 2980 2474 3050 γενήσεται
2499 2995 2514 3012 ·
2550 2980 2652 3034 κᾶν
2674 2979 2846 3052 δεήσῃ
2879 2979 3145 3051 ἀναϐῆναι
3177 2979 3447 3047 κλίμακα,
3477 2979 3582 3035 καὶ

1987 3072 2094 3127 ὑπὸ
2153 3072 2354 3144 στέγην
2408 3074 2703 3143 τρυφῶσαν
2759 3071 3037 3141 γενέσθαι,
3065 3071 3387 3132 ἐπιλήσεται
3435 3071 3579 3140 ταχὺ

1993 3165 2139 3235 μάλα
2174 3165 2285 3219 τῶν
2312 3166 2372 3218 ἐν
2394 3166 2508 3228 τοῖς
2533 3163 2770 3235 ἀστράσι
2799 3163 3221 3234 λαμπροτήτων.
3247 3162 3580 3232 Παντοδαπὴ

306 3255 517 3328 κλινής.
552 3257 704 3310 Εἴπω
737 3257 795 3310 τὸ
825 3256 1077 3327 ξύμπανο
1124 3258 1277 3311 οὐδὲν
1329 3258 1480 3328 αύτῷ
1532 3257 1641 3312 τῶν
1669 3259 1889 3314 πάντων
1916 3287 1960 3345 c
1991 3257 2102 3328 γὰρ
2136 3259 2170 3330 ή
2209 3257 2355 3322 λίθος
2389 3257 2671 3312 κάνταῦθα
2695 3256 2793 3310 καὶ
2827 3256 3049 3325 ποικίλη
3085 3257 3198 3318 τοῖς
3245 3255 3579 3326 χρώμασινο

306 3351 445 3425 πρὸς
482 3350 777 3420 σύγκρισιν
806 3349 1100 3421 αὔταρκες.

382 3442 659 3511 Ὀλυμπε,
692 3441 834 3494 θεῖον
867 3441 1014 3510 ὅρος.
1046 3440 1219 3508 αὐτῆς
1265 3457 1322 3492 τε
1367 3441 1466 3510 τῆς
1499 3441 1638 3494 Σιὼν
1673 3442 1767 3496 καὶ
1795 3443 1888 3496 τοῦ

319 3532 572 3603 ’Δερμὼν
633 3532 1053 3604 ὑπερκείμενον,
1114 3533 1207 3585 καὶ
1262 3533 1747 3607 πηγά;ἀρῤήτους
1792 3533 1892 3604 τὴν

308 3625 505 3696 ἡδονὴν
533 3625 634 3694 τῆς
667 3626 869 3694 νοητῆς
913 3625 1269 3696 Ἰερουσαλὴμ
1303 3627 1576 3679 κατακέον
1599 3642 1612 3656 ·
1664 3626 1716 3680 τί
1761 3627 1892 3680 ποτέ

312 3733 400 3772 σοι
443 3717 934 3788 προσφθέγξομαι;
962 3718 1099 3772 Τίνα
1144 3715 1202 3770 δέ
1257 3733 1341 3771 σοι
1400 3719 1750 3788 ἀναϐήσομαι
1793 3737 1892 3788 χα-

313 3811 618 3884 ριστήρια;
663 3810 799 3864 Ἀπὸ
833 3812 1005 3865 ποίων
1052 3809 1110 3864 δέ
1161 3827 1221 3864 σε
1271 3810 1378 3864 τῶν
1427 3813 1646 3865 οίκείων
1713 3811 1895 3882 μερῶν

312 3903 697 3974 ἀναδήσομαις
745 3902 836 3965 Ὣς
885 3904 1231 3966 παντοδαπὸς
1270 3895 1342 3966 εἶ,
1377 3903 1438 3956 ού
1485 3903 1584 3966 τὰς
1617 3903 1897 3971 θειοτέρας

318 3997 481 4064 μόνον
512 3995 779 4066 Χάριτας,
818 3995 956 4049 ἀλλά
991 3997 1090 4062 »καὶ
1121 3996 1221 4060 τὰς
1257 3995 1610 4069 ἀνθρωπικὰς
1646 3995 1741 4050 καὶ
1776 3995 1897 4049 θελ-

315 4088 526 4153 γούσας
576 4087 676 4160 τὴν
726 4086 1002 4158 αἴσθησιν.
1036 4089 1149 4144 Καί
1183 4106 1241 4143 σε
1276 4092 1471 4160 κρᾶμα
1525 4089 1822 4159 πεποίηται
1869 4091 1899 4143 ὀ

316 4179 453 4242 Θεὸς
487 4184 587 4249 τῆς
615 4179 810 4251 διπλῆς
837 4182 1058 4252 ἀρετῆς,
1085 4181 1184 4254 δση
1236 4182 1365 4253 περὶ
1407 4183 1499 4237 τὸν
1534 4181 1765 4252 οὐρανὸν
1803 4183 1899 4236 καὶ

317 4275 419 4344 ὅση
454 4273 586 4346 περὶ
625 4275 724 4344 τὴν
755 4275 883 4345 γῆν.
933 4270 1063 4330 Οἷον
1095 4277 1196 4347 μὶν
1243 4277 1351 4346 γάρ
1394 4294 1475 4330 σοι
1514 4276 1605 4330 τοῦ
1647 4275 1810 4330 Δαυτδ
1838 4275 1900 4330 τὸ

317 4365 616 4438 ψαλτήριον
651 4366 784 4421 δέκα
828 4367 1089 4437 φθόγγοις
1138 4367 1516 4438 ἐντεταμένον,
1552 4367 1646 4421 καὶ
1687 4367 1786 4431 τὰς
1824 4369 1903 4422 ίσ-

319 4460 590 4531 αρίθμους
623 4462 906 4529 αἰσθήσεις
951 4461 1050 4527 τῆς
1079 4479 1137 4514 τε
1169 4461 1348 4532 ψυχῆς
1395 4461 1490 4514 καὶ
1518 4461 1614 4514 τοῦ
1652 4460 1904 4530 σώματος

319 4553 446 4607 ἀντὶ
502 4554 714 4625 χορδῶν
772 4553 1238 4624 προϐαλλόμενον,
1287 4554 1382 4607 καὶ
1413 4554 1648 4608 ἕκαστον
1687 4555 1903 4624 ἑκάστῳ

1997 3350 2058 3404 αῖ
2087 3369 2145 3404 τε
2170 3351 2406 3421 κέδρινοι
2437 3350 2633 3421 ὀροφαὶ
2686 3351 2747 3404 ού
2786 3351 2931 3420 μάλα
2959 3350 3167 3420 χείριον
3213 3350 3582 3404 ἀντιπίπτουο

1998 3461 2109 3510 σαι,
2137 3443 2252 3498 ἀλλ’
2278 3442 2500 3514 ὁμαλῶς
2525 3442 2813 3514 διῄρηνται
2842 3443 2939 3496 καὶ
2969 3442 3362 3511 γεγλύφανται.
3394 3443 3510 3495 Καὶ
3545 3444 3582 3512 ὴ

1994 3535 2288 3606 γράφουσα
2317 3535 2526 3600 ταύτας
2564 3537 2685 3606 χεὶρ
2727 3536 3001 3606 ἐπίσημος
3031 3531 3134 3590 ὧδε
3183 3534 3408 3604 μᾶλλον.
3450 3534 3482 3604 ἦ
3523 3535 3586 3588 ἐν

1995 3631 2112 3689 ταῖς
2147 3630 2384 3683 πόλεσιν.
2432 3627 2724 3699 ’Δτυχήσει
2783 3630 2838 3682 δὲ
2886 3629 3008 3683 οὐδὲ
3054 3629 3162 3682 τῶν
3193 3629 3369 3682 ἄλλων
3407 3629 3582 3692 τινός.

2008 3721 2172 3774 Ἀλλά
2204 3720 2300 3774 καὶ
2329 3721 2426 3790 γῆ,
2457 3721 2552 3772 καὶ
2593 3719 2856 3787 θάλαττα,
2893 3720 2989 3773 καί⁵
3030 3721 3140 3791 ἀὴρ
3167 3751 3237 3761 -
3261 3722 3295 3792 ή
3343 3718 3446 3789 μὲν
3471 3720 3587 3790 βο-

1998 3814 2277 3882 σκήματα,
2309 3813 2337 3866 ό
2390 3811 2447 3866 δὲ
2496 3811 2664 3882 ὅρνις,
2701 3812 2733 3881 ή
2777 3811 2834 3865 δέ
2879 3811 3070 3881 ἰχθύας
3114 3812 3583 3882 δωροφορήσουσι.

1998 3902 2116 3958 Κᾶν
2154 3903 2328 3974 θηρᾷν
2355 3903 2582 3973 αίροῖτο,
2615 3902 2835 3972 ἕτοιμος
2878 3905 2908 3958 ό
2954 3903 3172 3970 λαγώςο
3203 3904 3300 3958 καὶ
3333 3907 3360 3956 ὀ
3392 3903 3589 3976 πέρδιξ

1997 3997 2188 4052 τοῦτον
2221 3996 2697 4066 ὑποπτερύξεται’
2762 3998 3006 4050 ἀκοντιεῖ
3057 3997 3113 4050 δὲ
3170 3996 3266 4050 καὶ
3314 3998 3456 4050 κατά
3485 3996 3587 4050 κά-

1999 4108 2157 4162 πρων
2180 4108 2194 4123 ⁶
2243 4091 2340 4145 καὶ
2382 4092 2415 4160 ἡ
2449 4091 2652 4162 ἀρκτος
2683 4089 2781 4158 ούχ
2818 4090 3253 4160 ὑπερδραμεῖται
3287 4088 3458 4143 αὑτοῦ
3486 4088 3586 4160 τὴν

2003 4183 2189 4256 βολήν.
2229 4183 2606 4251 Ἐπανάγοντα
2627 4181 2684 4234 δέ
2714 4183 2778 4234 ὲκ
2797 4182 2896 4252 τῆς
2924 4182 3098 4251 θήρας
3129 4181 3347 4251 πνεῦμά
3371 4198 3432 4234 τε
3455 4181 3587 4234 ὑπο-

2001 4275 2212 4344 δέξεται
2242 4276 2501 4340 εῦπνουν,
2536 4275 2631 4329 καὶ
2662 4274 2851 4339 στιϐὰς
2886 4274 3096 4345 σχέδιος
3124 4274 3320 4344 ἐγγύθι
3353 4274 3588 4344 κελαρύο

2003 4370 2185 4436 ζοντος
2213 4367 2478 4439 νάματος.
2912 4432 2924 4443 _

2743 4458 2862 4516 OA'.

2073 4548 2181 4607 Ἦν
2203 4553 2290 4608 ὅτε
2317 4552 2570 4618 ποθεινὸς
2601 4547 2670 4622 ἦν
2692 4551 2772 4621 τῷ
2807 4548 3032 4622 μεγάλῳ
3060 4550 3298 4622 δεσπότῃ
3349 4566 3476 4620 μου,
3509 4549 3592 4620 τῷ

322 4647 420 4700 καὶ
448 4647 627 4701 πάντα
661 4648 796 4715 πρ³ς
826 4646 1031 4715 ἄλληλα
1084 4646 1255 4700 ποιῶν
1315 4646 1601 4716 σύμφωνα.
1646 4639 1748 4700 Οἷα
1783 4645 1840 4698 δὲ
1870 4646 1902 4716 ἡ
1935 4639 1980 4695 D
2009 4644 2252 4715 Καίσαρι
2272 4659 2288 4675 ⁶
2323 4643 2416 4700 καί
2445 4660 2537 4716 μοι
2565 4645 2825 4714 προσεῖχε
2853 4641 2948 4695 τὸν
2976 4641 3100 4695 νοῦν
3129 4641 3222 4694 καὶ
3252 4641 3466 4709 λέγοντι
3493 4638 3592 4693 καὶ

321 4739 422 4805 τῆς
446 4737 671 4807 ἀηδόνος
703 4737 844 4807 ἠχώ.
879 4739 1230 4792 Παντοδαπὸν
1255 4739 1353 4804 μέν
1381 4757 1464 4792 σοι
1503 4739 1564 4790 τὸ
1589 4738 1903 4809 ἀμφιλαφὲς

321 4830 434 4881 τῶν
466 4827 697 4898 δένδρων
724 4829 815 4881 καὶ
841 4829 1082 4882 σύσκιον.
1129 4830 1343 4882 Ὀποῖόν
1368 4847 1428 4883 τε
1457 4830 1515 4882 τὸ
1541 4831 1650 4884 τῶν
1695 4830 1908 4900 ἀρετῶν

325 4920 596 4990 ὑιζίκομον
621 4923 714 4974 καὶ
744 4921 902 4985 δασὺ,
933 4919 1152 4989 πνεῦμα
1183 4921 1404 4990 εἰσάγον
1439 4923 1682 4992 μέτριον,
1719 4924 1813 4975 καὶ
1849 4923 1909 4976 τὸ

326 5013 604 5082 φλογῶδες
655 5014 999 5083 ἀποτειχίξον
1050 5013 1142 5066 τοῦ
1194 5013 1496 5078 καύσωνος,
1553 4999 1700 5077 ὅστις
1754 5007 1910 5079 οῦτός

329 5109 465 5166 ἐστι.
493 5108 566 5161 Τὸ
608 5108 665 5162 δὲ
697 5107 937 5177 ξύμπαν,
964 5108 1163 5178 ῆρισαν
1207 5108 1300 5161 ἐπί
1335 5125 1417 5162 σοι
1461 5109 1692 5176 οὐρανός
1725 5126 1784 5160 τε
1819 5108 1912 5162 καὶ

326 5203 424 5268 γῆ.
451 5201 596 5264 τίνος
644 5201 709 5255 ἂν
755 5201 956 5272 μᾶλλον
983 5201 1177 5269 γίνοιο.
1230 5200 1634 5271 ’Υπερεϐάλετο
1664 5200 1722 5254 δὲ
1751 5200 1911 5268 ούρα-

329 5293 442 5358 νὶς,
472 5293 567 5346 καί
596 5310 657 5347 σε
682 5292 907 5358 δικαίως
943 5292 1231 5364 Ὄλυμπον
1281 5292 1638 5362 ὲπωνόμακεν
1680 5294 1756 5357 ὡς
1793 5293 1914 5346 δεύ-

328 5403 491 5456 τερον
521 5387 772 5456 οὐρανόν.

406 5481 558 5547 Ὀπη
588 5498 682 5535 σου
707 5481 817 5536 τῶν
844 5481 1029 5554 μερῶν
1056 5481 1241 5553 τρέψω
1263 5481 1354 5534 τὸν
1381 5480 1680 5552 ὀφθαλμὸν,
1713 5481 1841 5535 Ὀλυ
1851 5499 1914 5551 μ-

333 5593 429 5641 πε,
491 5574 762 5645 ἀκήρατοι
824 5590 914 5644 μοι
971 5571 1136 5636 εὐθὺς
1203 5572 1638 5643 προσϐάλλουσιν
1695 5573 1915 5642 ήδοναί’

334 5667 604 5738 λειμῶνες
649 5666 887 5720 ἐνταῦθα
907 5682 924 5697 ο
954 5665 1134 5720 ἐκεῖσε
1167 5665 1402 5736 δένδρων
1430 5665 1677 5729 εὐθαλεῖς
1709 5665 1876 5736 κόμαι
1899 5681 1916 5699 ο

2009 4735 2404 4805 συγγράφοντι,
2435 4735 2524 4787 καῖ
2552 4733 2653 4797 τὰς
2674 4733 2968 4796 ἐπιστολὰς
2995 4731 3126 4801 περὶ
3150 4730 3402 4794 πλείονος
3423 4729 3594 4784 ἐτίθει

2013 4827 2277 4895 σπουδῆς,
2309 4827 2405 4881 καὶ
2435 4824 2849 4897 συγγράμματα
2891 4825 2950 4878 ἐν
2999 4822 3227 4892 βιϐλίοις
3269 4820 3596 4890 ἀπεθησαύο

2013 4921 2130 4993 ριζε
2156 4938 2170 4952 ·
2198 4921 2294 4974 καὶ
2321 4921 2349 4974 ὃ
2378 4938 2430 4973 τι
2456 4919 2695 4988 εἴποιμι,
2718 4917 2746 4970 ὃ
2769 4934 2822 4969 τι
2853 4915 3240 4986 ἐνθυμηθείην,
3273 4915 3302 4967 ὅ
3337 4931 3391 4966 τι
3421 4912 3598 4982 ψιλῶς

2012 5014 2354 5086 ἐννοήσαιμι,
2383 5009 2663 5080 ἠσπάζετό
2691 5025 2751 5063 τε
2790 5009 2882 5062 καὶ
2912 5009 3241 5078 περιείχετο.
3273 5005 3391 5058 Νῦν
3421 5006 3475 5057 δέ
3505 5022 3598 5071 μοι

2015 5109 2112 5163 καὶ
2141 5108 2202 5160 τὸ
2243 5104 2532 5175 εὐτύχημα
2569 5101 2729 5155 τοῦτο
2774 5101 2912 5168 μετᾶ
2944 5101 3052 5154 τῶν
3087 5099 3261 5154 ἀλλων
3290 5097 3598 5168 ἀφῄρηται.

2015 5199 2203 5269 Κάμοὶ
2233 5198 2332 5269 μὲν
2357 5197 2490 5260 ἴσως
2513 5194 2574 5249 οῦ
2603 5193 2958 5249 παντάπασιν
2991 5194 3040 5247 οι
3066 5193 3216 5260 λόγοι
3247 5188 3602 5258 κατεμαράν-

2018 5293 2212 5361 θησαν.
2244 5288 2316 5342 Σὺ
2350 5287 2407 5341 δέ
2442 5303 2533 5357 μοι
2568 5285 2675 5357 πρὸ
2706 5285 2805 5357 τῆς
2838 5281 3141 5355 παρακμῆς
3174 5280 3274 5349 τὴν
3313 5278 3467 5348 ίσχῦν
3498 5276 3602 5344 τῆς

2017 5385 2239 5453 ἀγάπης
2265 5379 2590 5440 κατέϐαλες,
2619 5377 2714 5432 καὶ
2739 5376 2864 5441 τούς
2890 5394 2949 5430 τε
2972 5374 3256 5443 διαλόγους
3287 5373 3420 5440 ήμῖν
3447 5368 3602 5438 ἐσμί-

2023 5493 2252 5547 κρυνας,
2285 5475 2382 5531 καὶ
2415 5473 2814 5546 ἀπροσόδευτον
2843 5470 3003 5538 ἀφεὶς
3042 5468 3142 5537 τῆς
3173 5467 3384 5529 πόλεως
3414 5463 3603 5534 ἐξελή-

2019 5569 2231 5633 λυθας·
2263 5567 2387 5623 οὔτε
2437 5568 2536 5638 τὴν
2589 5567 2750 5636 χεῖρα
2804 5558 3107 5624 ἐπιϐαλὼν,
3155 5557 3280 5611 οὗτε
3315 5555 3602 5629 πόρρωθεν

2024 5660 2338 5732 ἐγκραγὼν.
2374 5659 2534 5715 Οὕτω
2593 5675 2685 5729 μοι
2735 5657 2815 5718 είς
2873 5653 3188 5709 τούναντίον
3241 5651 3310 5704 τὰ
3357 5651 3602 5720 πρότερα

335 5764 369 5831 ἡ
417 5757 586 5828 αῦλαξ
644 5758 859 5832 βαθεῖα,
910 5757 1173 5830 ἐρίϐωλος
1225 5759 1320 5814 καὶ
1370 5757 1510 5810 πίων
1543 5759 1575 5828 ή
1609 5757 1858 5829 ἀρουραο
1891 5758 1920 5811 ὀ
2023 5754 2167 5810 καλά
2191 5753 2599 5825 συνερρύηκεν·
2626 5749 2798 5813 οὕτως
2823 5744 2933 5816 ἐγὼ
2962 5745 3100 5816 μετά
3129 5743 3237 5796 τῶν
3263 5741 3439 5800 ἀλλων
3465 5739 3602 5809 λαμ-

341 5859 555 5928 κτρπὺς
583 5856 847 5926 τεθηλώς.
883 5854 1026 5910 Ἀλλ’
1055 5855 1216 5925 ἔαρος
1239 5852 1415 5908 ταῦτα
1443 5852 1609 5925 δῶρα.
1641 5851 1804 5905 Ἀλλά
1829 5851 1923 5905 καὶ
2027 5847 2184 5920 πρῶν
2216 5847 2310 5900 καὶ
2337 5847 2399 5898 τδ
2436 5845 2731 5914 κεφάλαιον
2772 5841 2870 5911 τῆς
2900 5836 3316 5928 λαμπρότητος.
3348 5832 3440 5887 τδν
3472 5833 3599 5928 lia“

344 5955 404 6009 τὸ
433 5950 590 6018 θέρος
623 5949 875 6018 εὔπνουν,
913 5950 1003 6007 καὶ
1031 5951 1089 6005 ού
1121 5949 1262 6018 μάλα
1289 5965 1378 6004 σου
1404 5947 1510 6003 τῶν
1547 5943 1731 6016 μερῶν
1756 5961 1922 6000 κατα-

2031 5957 2195 6011 σαρα,
2253 5939 2533 5996 ἀπῶλεκα.
2588 5936 2701 5994 Καὶ
2755 5933 2908 5990 οὐδὲν
2963 5921 3104 6000 οἶδα,
3169 5929 3224 5984 εῖ
3269 5943 3398 5982 ποτε
3443 5923 3598 5986 αὖθις
