4084 6450
242 319 3465 383 mw

1218 508 2479 673 EUSTATHII

1659 787 2059 851 NARRATIO

484 963 628 1052 DE
703 955 1597 1052 THESSALONICA
1691 954 1999 1047 URBE
2074 955 2141 1047 A
2251 950 2739 1048 LATINIS
2814 957 3219 1048 CAPTA.

228 1309 335 1364 Τοῦ
356 1308 544 1363 αὐτοῦ
558 1307 1013 1374 Θεσσαλονίκης
1025 1305 1341 1376 συγγραφὴ
1360 1304 1470 1373 τῆς
1487 1304 1607 1359 alas
1621 1303 1799 1359 ὑστέ-
1828 1348 1841 1384 Δ

1864 1303 2154 1385 _Ejusdem
2208 1302 2682 1361 Thessalonicensis
2726 1303 3068 1370 metropolitat
3125 1305 3363 1357 narratio
3415 1304 3477 1360 de

280 1416 397 1467 ρας
477 1398 604 1451 κατ’
678 1396 876 1463 αὐτὴν
947 1396 1224 1459 ἁλώσεως
1247 1438 1262 1462 ,
1335 1394 1798 1464 ῆρῤωστημένης

1972 1404 2356 1473 expugnatione
2398 1403 2628 1469 (utinam
2670 1401 2858 1453 ultima
2878 1400 2923 1466 !)
2965 1399 3121 1468 hujus
3156 1401 3301 1454 urbis
3336 1402 3475 1455 male

282 1490 400 1560 μὲν
450 1489 551 1542 ἐπὶ
590 1486 702 1557 τῆς
731 1487 883 1541 κατὰ
915 1488 1022 1541 τὸν
1078 1488 1387 1558 Koma-or
1430 1485 1803 1552 Ἀνδρόνικον

1966 1510 2021 1548 se
2044 1495 2282 1547 habentis
2310 1534 2324 1554 ,
2358 1491 2454 1546 sub
2493 1491 2748 1547 Conmeni
2789 1489 3074 1544 Andronici
3125 1490 3344 1558 imperio
3385 1491 3442 1558 fu

287 1581 693 1650 δυσδαίμονος
743 1578 1060 1643 βασιλείας
1121 1578 1411 1647 καχεξίας
1486 1580 1648 1646 λόγῳ
1672 1615 1688 1640 ,
1717 1573 1801 1642 ἦν

1963 1590 2128 1642 nesto,
2156 1583 2244 1651 qui
2277 1598 2438 1650 pravo
2493 1582 2745 1651 regimine
2782 1580 2957 1635 orbem
2997 1588 3257 1634 terrarum
3295 1579 3475 1633 multis

284 1672 516 1738 ἐκεῖνος
547 1672 753 1741 φαῦλα
793 1671 1039 1725 διαιτῶν
1091 1670 1240 1724 κατὰ
1267 1669 1378 1737 τῆς
1437 1671 1796 1738 οικουμένης

1961 1673 2212 1728 (erumnis
2264 1673 2488 1734 vexavit,
2513 1679 2563 1724 et
2607 1687 2723 1740 qua:
2774 1671 2915 1724 breui
2977 1678 3285 1724 restaurata
3332 1679 3411 1723 est
3445 1687 3475 1722 a

291 1764 536 1829 πολλὴν
577 1762 647 1814 ἐκ
672 1761 906 1830 μακροῦ
936 1759 1186 1829 ἤθροιζὲ,
1210 1762 1362 1829 ταχὺ
1394 1758 1466 1813 δὲ
1501 1757 1664 1813 πάνυ
1697 1775 1788 1811 τεο

1959 1777 2210 1832 generosa
2263 1778 2453 1831 magno
2510 1762 2827 1831 imperatore
2878 1760 3067 1813 lsaaco
3119 1759 3337 1830 Angela,
3390 1757 3481 1829 qni

284 1853 733 1920 Bspastsvpérnc
760 1852 881 1905 ὑπὸ
914 1851 1021 1905 τοῦ
1073 1849 1493 1919 ἐλευθερωτοῦ,
1523 1847 1788 1918 μεγάλου

1963 1854 2045 1908 illi
2095 1854 2230 1908 bona
2259 1864 2399 1908 sorte
2427 1871 2489 1906 ac
2513 1870 2609 1922 pro
2634 1853 2766 1906 bona
2798 1852 2981 1906 mundi
3008 1852 3280 1915 successit,
3312 1853 3484 1919 pravi-

280 1942 593 2009 ,βασιλέως
629 1942 937 1997 Ἰσαακιόυ
970 1943 1078 1996 τοῦ
1112 1943 1417 2011 ’ΛΠ-ἕλοι),
1444 1938 1793 2010 διαδεξαμέ-

1967 1944 2149 1998 dentia
2184 1961 2247 1997 ac
2283 1943 2637 1997 benevolentia
2680 1941 2778 1996 Dei
2811 1957 2915 1995 non
2975 1940 3140 1995 multo
3186 1933 3299 2009 post
3322 1956 3486 2007 expnu

283 2051 398 2088 νου
446 2032 683 2086 ἐκεῖνον
727 2031 1098 2101 εὐδαιμόνως
1146 2032 1243 2085 καί
1295 2031 1561 2100 εὐτυχῶς
1583 2031 1665 2096 τῷ
1694 2033 1795 2084 κό-

1972 2046 2189 2106 gnatarn
2238 2033 2442 2099 urbem,
2469 2034 2800 2103 diligentiam
2854 2033 3085 2085 maxime
3132 2032 3479 2086 necessariam

283 2138 437 2192 σμφ,
468 2124 719 2190 προνοίᾳ
754 2123 851 2177 καί
880 2124 1157 2192 εὐμενείᾳ
1188 2122 1357 2182 Θεοῦ,
1388 2123 1515 2191 μετ’
1550 2125 1623 2176 οὺ
1651 2127 1799 2177 πολ-

1974 2125 2227 2179 adhibens
2263 2125 2318 2177 in
2362 2124 2715 2187 exsecutione,
2749 2121 2856 2175 Deo
2914 2120 3199 2190 adjuvante
3234 2161 3250 2187 ,
3280 2128 3361 2188 ut,
3385 2136 3481 2174 suo

281 2216 397 2281 λὰς
452 2214 681 2283 ἡμέρας
743 2213 852 2268 τοῦ
911 2212 1142 2268 ἁλῶναι
1192 2213 1310 2282 τὴν
1359 2214 1561 2274 πόλιν,
1591 2213 1671 2267 ἐν.
1717 2213 1800 2279 τῷ

1251 2231 1310 2282 ιν
1359 2214 1561 2274 πόλιν,
1591 2213 1671 2267 ἐν.
1717 2213 1800 2279 τῷ
1981 2225 2232 2285 tempore,
2259 2216 2394 2269 alter
2419 2229 2590 2269 sermo
2621 2222 2864 2281 exponet.

286 2306 629 2378 χρήσασθαι
688 2306 1003 2376 όξυχερείᾳ
1060 2307 1270 2375 ἔργων,
1301 2307 1382 2374 ὡς
1418 2307 1562 2361 δέον
1583 2307 1851 2377 μάλιστα
1884 2305 1986 2381 ἦν,
2030 2306 2106 2382 ἧς
2152 2311 2315 2376 αὐτῷ
2369 2310 2514 2375 Θεὸς
2596 2306 3019 2376 συνεφήψατο,
3093 2303 3246 2358 καθὰ
3303 2303 3486 2372 λόγος

285 2404 488 2471 ἔτερος
534 2401 746 2472 καιρὸν
770 2401 1037 2471 εὑρηκὼς
1071 2402 1518 2471 περιηγήσεται.

424 2513 756 2583 Προθεωρία
781 2512 895 2581 τῆς
923 2513 1202 2581 τοιαύτης
1223 2512 1600 2583 συγγραφῆς.
1832 2508 1876 2564 Β

1535 2514 1600 2582 Ῐς·
1832 2508 1876 2564 Β
2253 2517 2569 2573 Prooemium
2610 2514 2767 2583 hujus
2801 2512 3148 2568 narrationis.

289 2604 339 2660 α’
375 2644 392 2660 .
428 2605 645 2658 Πόλεων
679 2605 911 2668 ἁλώσεις
974 2594 1359 2675 ίστορούμενῖιι
1390 2605 1502 2657 sire
1559 2621 1802 2674 συγγρα-

1975 2612 2026 2667 l.
2061 2610 2288 2666 Urbium
2330 2609 2771 2681 expugnationes
2812 2606 2999 2660 relatae
3038 2603 3156 2660 sive
3189 2601 3483 2670 descripte

218 2697 455 2766 φόμεναι
508 2694 749 2764 μεθόόοις
817 2694 1149 2749 διοικοῦνται
1200 2695 1277 2757 ὡς
1319 2695 1387 2748 τὶ
1451 2695 1624 2750 πολλὰ
1678 2697 1801 2760 ταῖς

1901 2705 2098 2763 eodem
2145 2704 2260 2760 lere
2311 2702 2477 2758 modo
2533 2701 2730 2757 litteris
2786 2698 3137 2753 mandantur.
3196 2694 3309 2750 Nec
3357 2710 3486 2748 vero

218 2789 434 2851 αὐταῖς.
476 2788 615 2841 Οὔτε
648 2787 704 2839 δὲ
731 2788 953 2850 ἁπάσας
1002 2788 1097 2850 τὰς
1129 2786 1523 2849 ἐπισαλλούσας
1556 2787 1804 2857 ἠναγκα·

1903 2814 2096 2854 omnes
2154 2797 2386 2853 omnino
2433 2802 2792 2852 occurrentes
2843 2790 3196 2863 aggredietur
3226 2788 3485 2857 scriptor,

221 2879 439 2943 σμένως
468 2881 497 2932 ὁ
525 2879 753 2950 γράφων
810 2879 1227 2948 διαχειρίσεται,
1273 2881 1393 2933 οὐδὲ
1430 2880 1536 2951 μὴν
1564 2880 1663 2943 τὰς
1701 2879 1808 2948 ἀμ-

1904 2904 2009 2946 nec
2079 2903 2202 2960 quae
2266 2886 2550 2959 aequaliter
2604 2886 2887 2941 intersunt
2938 2879 3222 2952 aequaliter
3283 2887 3485 2934 tracta-

221 2970 494 3041 φοτέρωθι
525 2968 767 3040 χρηστὰς
820 2969 1081 3033 ὡσαύτως
1134 2969 1601 3040 διοικονομήσεται
1625 2985 1638 2998 °
1669 2969 1806 3023 ἀλλὰ

1906 2983 2020 3049 bit;
2076 2980 2170 3036 sed
2225 2978 2531 3036 historicus
2590 2990 2656 3031 ac
2715 2973 2953 3044 simplex
3014 2971 3274 3040 scriptor,
3320 2966 3486 3023 modo

222 3059 567 3129 καθιστορῶν
609 3061 708 3129 μὲν
741 3060 838 3115 καὶ
883 3059 1116 3123 ἀπαθῶς
1148 3061 1395 3129 γράφων.
1433 3062 1527 3113 καὶ
1555 3059 1810 3129 θεολογή-

1906 3071 2390 3142 argumentabitur
2426 3067 2581 3138 cujus
2613 3075 2712 3131 est,
2769 3063 2936 3119 modo
2989 3076 3090 3132 pro
3133 3061 3358 3132 ingenio
3390 3073 3490 3113 suo

226 3169 312 3207 σει
348 3151 494 3205 ἐστιν
521 3144 604 3215 οὗ,
634 3151 730 3205 καὶ
763 3151 903 3221 πρὸς
929 3144 1809 3225 φύσεως,λόγονίὲμπλατυνεῖταῃ

1906 3177 2217 3221 sermonem
2237 3161 2540 3232 protrahet.
2567 3159 2651 3215 Ad
2678 3158 2906 3213 nimiam
2939 3160 3280 3211 venustatem
3325 3151 3492 3223 phra-

226 3244 325 3298 καὶ
353 3245 453 3312 τὴν
499 3242 696 3311 φράσιν
726 3240 784 3294 δὲ
835 3233 1159 3323 ψιμιθιόξσὲι
1195 3243 1331 3313 πρὸς
1363 3243 1558 3305 κάλλος
1588 3241 1808 3309 ἀφειδέ-

1910 3257 2015 3313 sim
2051 3253 2266 3311 lucebit
2293 3269 2358 3323 ac
2409 3252 2690 3308 coloribus
2740 3249 3013 3319 depinget,
3043 3255 3214 3315 utque
3257 3242 3497 3300 locutio-

228 3351 447 3404 στερον,
480 3335 574 3389 καὶ
600 3324 1041 3405 τοπογραφήσετς
1072 3332 1166 3386 καὶ
1198 3334 1527 3404 ὲκφράσεσιν
1554 3331 1808 3400 ὲναγλατ-

1911 3350 2078 3405 nibus
2117 3347 2490 3419 splendescat,
2508 3357 2727 3413 unoque
2780 3341 2974 3406 verbo,
3007 3349 3067 3395 ut
3112 3351 3299 3404 aures,
3337 3337 3489 3389 salva

230 3444 407 3490 σεται,
432 3431 528 3479 καὶ
554 3426 711 3491 ὅλως,
758 3420 848 3480 οἷα
879 3424 986 3492 ἔξω
1034 3424 1242 3488 πάθους
1267 3424 1465 3491 λαλῶν,
1502 3422 1671 3477 πολλὰ
1698 3422 1812 3477 δια-

1912 3441 2166 3505 veritate,
2199 3440 2443 3503 dulciter
2473 3436 2845 3497 mulceantur,
2871 3432 3004 3487 totis
3029 3429 3244 3485 viribus
3265 3429 3489 3484 nitetur.

226 3518 455 3588 θήσεται
493 3518 630 3585 πρὸς
658 3518 819 3588 χάριν
850 3516 1024 3586 ἀκοῆς
1050 3533 1066 3549 ο
1097 3516 1201 3570 οὐκ
1263 3516 1524 3584 ἀφέξεται
1585 3514 1645 3569 δὲ
1686 3514 1811 3568 οὐδὲ

1911 3531 2060 3587 Nihil
2089 3546 2203 3586 non
2226 3529 2396 3586 faciet
2424 3539 2505 3593 ut,
2531 3525 2679 3598 quod
2704 3524 2919 3595 justum
2959 3529 3071 3585 est,
3095 3533 3161 3576 eo
3209 3525 3487 3589 spectans,

224 3609 339 3663 τῶν
373 3608 450 3672 ὡς
485 3608 657 3674 εἰκὸς,
690 3607 1088 3678 στοχαζόμενος
1132 3607 1297 3669 αὐτὸς
1350 3604 1591 3661 ἐνταῦθά
1618 3621 1683 3675 γε
1731 3607 1815 3659 ὅτι

1915 3639 2039 3679 cum
2098 3621 2338 3677 narratis
2399 3615 2813 3675 calamitatibus
2858 3626 2970 3669 non
3006 3609 3254 3673 aﬂ‘uerit,
3286 3607 3492 3663 incale-

231 3702 371 3772 μηδὲ
398 3700 583 3772 παρῆν
608 3702 721 3763 τοῖς
748 3700 965 3769 ἀφηγου
974 3698 1159 3769 μένοις
1224 3701 1437 3762 κακοῖς,
1465 3698 1542 3762 ὡς
1572 3700 1666 3751 καὶ
1711 3715 1816 3751 πα-

1917 3723 2078 3772 scant
2108 3713 2297 3784 sicque
2328 3726 2424 3768 eas
2455 3709 2757 3767 describat.
2789 3706 2871 3762 Ita
2908 3704 3134 3775 quidem
3185 3708 3313 3769 aget
3363 3699 3494 3756 sim-

227 3792 538 3858 θαίνεσθαι,
569 3792 666 3846 καὶ
726 3792 869 3845 αὐτὰ
896 3791 963 3860 δὴ
1021 3792 1252 3861 φράζειν
1288 3792 1496 3845 ἐκεῖνα.
1542 3789 1654 3845 Καὶ
1673 3789 1814 3843 οὕτω

1880 3797 2037 3879 ἶρίθι
2098 3820 2280 3861 rerum
2337 3788 2596 3871 scriptor.
2624 3800 2722 3856 Ille
2784 3811 2917 3853 vero
2962 3796 3054 3865 qui
3099 3793 3265 3864 hujus
3316 3790 3493 3846 histo-

228 3887 337 3956 μὲν
372 3885 402 3937 ὁ
439 3885 506 3938 τὰ
530 3883 668 3954 πρὸς
715 3884 959 3952 ἱστορίαν
992 3882 1189 3954 δηλῶν.
1238 3883 1298 3937 ’0
1322 3883 1379 3936 δὲ
1435 3884 1531 3937 καὶ
1573 3899 1816 3954 συγγρα.

1922 3896 2020 3950 riae
2076 3907 2142 3947 ac
2194 3890 2534 3946 calamitatis
2591 3901 2722 3958 pars
2788 3885 2914 3952 fuit,
2966 3883 3084 3939 haec
3137 3879 3324 3937 omnia
3380 3892 3494 3948 prae

227 3978 471 4047 φόμενος
523 3976 617 4029 καὶ
642 3975 970 4046 χρωτισθεὶς
997 3975 1076 4046 τῷ
1106 3974 1284 4044 κακῷ,
1321 3977 1542 4029 πάντων
1593 3974 1821 4029 ἐκείνων

1923 3986 2253 4043 necessitate
2291 3981 2389 4039 sed
2420 3980 2616 4038 leviter
2667 3986 2874 4047 tanget,
2908 3990 3032 4032 cum
3073 3973 3154 4028 illi
3188 3985 3296 4028 non
3337 3977 3489 4025 tanta

226 4067 580 4138 προσάψεται
647 4068 749 4137 μὲν
790 4068 1130 4136 ἀναγκαίως,
1183 4067 1285 4149 οὐκ
1315 4069 1410 4122 ἐπὶ
1459 4065 1715 4121 τοσοῦτον
1765 4065 1822 4120 δὲ

1921 4091 2062 4147 opus
2085 4075 2157 4131 sit
2186 4074 2469 4145 passione,
2488 4072 2706 4141 hocque
2736 4082 2837 4140 pro
2869 4066 3136 4138 qualitate
3165 4064 3342 4134 ipsius
3364 4076 3489 4131 per-

228 4159 387 4231 μόνῳ
427 4158 743 4224 πλεονάζειν
772 4159 1009 4229 ὀφείλων
1045 4158 1124 4230 τῷ
1174 4159 1359 4227 πάθει,
1387 4158 1487 4214 καὶ
1508 4158 1659 4231 αὐτῷ
1687 4160 1821 4213 ἁνα-

1921 4183 2092 4226 sonaa.
2120 4165 2225 4234 Qui
2250 4165 2299 4222 si
2323 4180 2391 4221 ex
2422 4164 2625 4236 populo
2647 4168 2818 4224 esset,
2847 4167 3071 4229 quantae
3100 4152 3491 4224 vituperationi

225 4250 411 4320 λόγως
442 4252 511 4322 τῇ
536 4250 656 4304 κατ’
679 4251 844 4304 αὐτὸν
869 4253 1196 4323 προσωπικῇ
1231 4252 1494 4322 ποιότητι.
1528 4250 1636 4304 Τοῦ
1689 4249 1820 4304 λαοῦ

1920 4270 2071 4320 esset
2117 4260 2410 4323 obnoxius,
2451 4257 2521 4313 ob
2573 4254 2805 4311 nimium
2869 4249 3159 4306 ardorem!
3207 4246 3315 4314 Qui
3364 4260 3494 4301 vero

229 4345 341 4415 μὲν
395 4343 507 4413 γὰρ
552 4341 648 4408 ὢν,
675 4342 795 4396 τίνα
842 4343 911 4397 ἂν
937 4343 1052 4415 ἔχοι
1080 4344 1272 4414 ψόγον,
1304 4346 1384 4407 εἰς
1415 4344 1578 4414 κόρον
1620 4344 1824 4397 παθαι-

1925 4353 2134 4410 mundo
2187 4359 2447 4407 mortuus
2496 4357 2583 4403 est
2633 4342 2941 4403 secundum
2995 4340 3278 4410 spiritum,
3324 4346 3495 4392 astat-

227 4436 484 4503 νόμενοςς
513 4435 626 4505 Βίῳ
649 4434 707 4488 δὲ
743 4434 1032 4504 ἀνειμένος
1052 4433 1131 4505 τῷ
1161 4436 1303 4490 κατὰ
1327 4435 1570 4506 πνεῦμα,
1599 4436 1694 4488 καὶ
1721 4451 1821 4506 με-

1922 4455 2031 4511 que
2076 4439 2221 4494 inter
2250 4438 2522 4508 lacrymas
2563 4432 2881 4506 gratiasque
2909 4429 3288 4499 Omnipotenti
3321 4441 3490 4494 agen-

228 4524 374 4590 ταξῦ
421 4524 515 4578 τοῦ
570 4525 784 4578 πενθεῖν
824 4525 1030 4579 καὶτοῦ
1061 4526 1406 4597 εὐχαριστεῖν
1435 4527 1515 4599 τῷ
1547 4526 1821 4598 κρείττονι

1921 4532 2039 4596 das,
2057 4529 2191 4585 nihil
2213 4524 2658 4598 inexpugnabile,
2683 4523 2777 4579 sed
2809 4534 3067 4592 magnum
3104 4518 3275 4573 chaos
3297 4516 3495 4571 videns

229 4617 340 4670 οὐκ
394 4615 745 4685 ἐπιτείχισμα
769 4617 1027 4687 ἐρυμνὸν,
1065 4618 1203 4672 ἀλλὰ
1236 4618 1366 4689 χάος
1404 4620 1549 4690 μέγα
1579 4619 1818 4690 βλέπων,

1922 4620 2489 4693 minimetragtediam
2521 4629 2665 4690 aget.
2696 4614 2842 4672 Idem
2870 4627 2978 4668 non
3006 4610 3182 4674 ludet,
3208 4606 3388 4664 medio
3408 4607 3497 4661 lu-

232 4707 458 4779 φείδοιτ’
483 4709 550 4761 ἂν
588 4707 842 4778 ἀκράτως
873 4710 1170 4780 τραγῳδεῖν
1195 4749 1213 4764 .
1233 4711 1290 4764 '0
1318 4711 1362 4764 δ’
1391 4711 1552 4776 αὐτὸς
1593 4710 1703 4765 οὐδ’
1756 4711 1822 4765 ἂν

1922 4724 2014 4773 ctu
2060 4713 2297 4779 saltans,
2334 4712 2494 4782 quasi
2527 4712 2584 4765 in
2617 4707 2873 4763 dicendis
2900 4703 3156 4761 tristibus
3183 4712 3494 4756 sermonem

234 4798 451 4865 παίζοι,
484 4800 728 4870 χορεύων
788 4803 847 4854 ὲν
879 4800 1154 4869 πένθεσιν,
1202 4804 1387 4858 ὁποῖον
1420 4804 1483 4875 δή
1519 4821 1572 4858 τι
1627 4804 1726 4858 καὶ
1760 4803 1823 4855 τὸ

1924 4805 2156 4861 omnino
2213 4801 2429 4858 fucaret
2457 4810 2806 4869 ;ca2teraque
2837 4793 3131 4851 scribenda
3171 4789 3342 4847 simul
3406 4802 3495 4843 sa-

234 4891 387 4944 πάνυ
405 4890 689 4943 καλλύνειν
713 4892 838 4953 τοὺς
864 4891 1060 4962 λόγους
1088 4893 1461 4963 κομμωτικιῖκ
1495 4895 1553 4946 ἐν
1572 4893 1824 4962 σκυθρω-

1923 4896 2137 4967 pienter
2185 4894 2389 4964 diriget
2433 4890 2740 4950 secundum
2770 4886 3085 4959 propriam
3142 4881 3493 4946 methodum,

232 4987 365 5047 ποῖς
395 4981 616 5038 πάθεσι.
662 4984 777 5037 Καὶ
801 4984 869 5037 τὰ
914 4984 1049 5038 ἄλλα
1100 4984 1158 5038 δὲ
1192 4987 1543 5056 συγγραφικά
1568 4987 1685 5056 εἴδη
1712 5003 1820 5039 σω-

1923 4990 2026 5043 nec
2061 4987 2396 5042 documenta
2430 4997 2572 5039 nova
2614 4980 2841 5037 tradens
2878 4978 3022 5034 sicut
3057 4975 3290 5046 simplex
3322 4972 3497 5028 histo-

232 5073 456 5145 φρόνως
529 5077 954 5145 μεταχειριεῖται
1009 5076 1152 5131 κατὰ
1208 5076 1430 5146 μέθοδον
1469 5077 1628 5141 ἰδίαν,
1695 5075 1819 5130 οὔτε

1885 5079 2100 5146 _ricus,
2140 5092 2246 5133 nec
2290 5076 2397 5131 alia
2438 5088 2562 5145 quae
2590 5070 2764 5128 nobili
2810 5068 3169 5127 aemulatione
3204 5066 3498 5121 doctrina:-

230 5134 790 5234 παράδοξα-ἐκτιθεὶς
816 5166 1142 5237 ἀκούσματα
1188 5134 1333 5222 κατὰ
1357 5169 1448 5221 τὸν
1471 5134 1656 5239 ἀπαθῆ
1680 5168 1819 5223 ἱστο-

1883 5137 2032 5242 ’ίιιιθ
2094 5168 2418 5225 ostensione
2466 5166 2757 5221 inveniunt
2805 5162 2901 5234 qui
2935 5159 3138 5216 similia
3194 5172 3305 5213 non
3362 5164 3496 5211 sunt

229 5256 417 5329 ρικὺν,
468 5255 582 5310 οὔτ’
614 5256 770 5320 ἄλλα,
801 5259 902 5311 ὅσα
925 5258 1065 5328 πρὸς
1100 5258 1204 5312 οὐκ
1228 5259 1456 5328 ἄκαιρον
1497 5258 1811 5329 φιλοτιμίαν

837 5276 902 5311 σα
925 5258 1065 5328 πρὸς
1100 5258 1204 5312 οὐκ
1228 5259 1456 5328 ἄκαιρον
1497 5258 1811 5329 φιλοτιμίαν
1922 5264 1978 5318 in
2011 5260 2194 5316 animo
2222 5258 2450 5330 experti.

228 5349 336 5404 καὶ
370 5348 713 5420 πολυμαθίας
740 5349 959 5415 ἔνδειξιν
984 5351 1034 5403 oi
1069 5349 1176 5416 ἔξω
1199 5350 1407 5412 πάθους
1438 5350 1810 5421 τεχνάζοντα..

303 5439 380 5511 β’.
412 5440 476 5493 El
507 5440 686 5493 τοίνυν
712 5442 804 5494 καὶ
834 5443 933 5510 ἐμὲ
959 5443 1159 5496 τοιόνδε
1182 5443 1303 5496 τινὰ
1331 5444 1364 5511 ὴ
1400 5444 1647 5511 παροῦσα
1685 5458 1816 5510 συγ-

1989 5439 2046 5493 2.
2082 5437 2139 5492 Si
2166 5449 2297 5508 ergo
2329 5435 2434 5490 hoc
2464 5445 2706 5505 prtesens
2742 5430 3008 5500 scriptum
3028 5441 3113 5480 me
3136 5425 3306 5481 fuisse
3330 5426 3491 5491 talem

227 5532 430 5604 γραφὴ
493 5531 773 5597 διαδείξει,
813 5533 1011 5586 αὐτίκα
1083 5535 1355 5602 φανεῖται.
1397 5532 1659 5605 Ἀρξεται
1705 5532 1762 5586 δὲ
1791 5533 1822 5586 ὁ

1919 5532 2279 5603 probaturum
2312 5536 2421 5593 est,
2478 5526 2663 5583 statim
2697 5524 2991 5580 videbitur.
3030 5520 3129 5575 Hic
3159 5530 3339 5575 autem
3380 5532 3497 5572 ser-

226 5622 687 5693 ῠποτεταγμένος
740 5624 899 5691 λόγος
953 5626 1268 5694 ἀναγκαίως
1300 5625 1361 5690 ἐξ
1390 5624 1558 5679 αὐτοῦ
1587 5623 1818 5691 πάθους,

1920 5639 2010 5679 mo
2053 5639 2120 5679 ex
2152 5622 2269 5691 ipsa
2327 5621 2588 5691 passione
2641 5618 2894 5688 incipiet,
2944 5630 3071 5670 cum
3121 5628 3273 5675 cum,
3304 5610 3397 5680 qui
3438 5610 3491 5663 in

224 5715 307 5772 ὅτι
340 5716 487 5790 μηδὲ
513 5710 582 5784 ἦν
606 5716 694 5767 τὸν
743 5717 801 5768 ἐν
829 5717 1096 5781 ἐλεεινοῖς
1128 5716 1268 5777 ,ὄντα
1309 5717 1385 5785 μὴ
1442 5715 1818 5790 τραγικεύσα-

1916 5712 2114 5773 mediis
2174 5710 2582 5770 calamitatibus
2621 5711 2960 5774 versabatur,
2992 5715 3377 5790 non_pnmum
3416 5702 3493 5754 la-

553 5806 825 5872 ΡΑτιιοι..
857 5811 979 5875 GR.
1018 5777 1363 5872 CXXXV-1.
1480 5777 1492 5790 ’
1562 5777 1577 5789 ’

1562 5777 1577 5789 ’
3099 5777 3128 5836 1
