4084 6442
531 322 587 390 ll
696 297 701 302 ’
1255 332 1674 397 EUSTATHH
1716 297 2465 413 THESSALéNICENSIS
2501 344 3064 414 memoremus

3649 344 3763 412 .12

528 440 760 494 mentari
782 456 889 495 non
913 451 1031 498 erat
1060 443 1345 514 possibile.
1368 446 1573 500 Deinde
1598 448 1982 504 lamentatione
2006 450 2102 505 de-

2212 456 2420 509 σθαιτὸ
2451 472 2511 523 γε
2545 456 2781 525 πρῶτον.
2831 454 2961 509 Εἶτα
2985 456 3381 539 καθιστάμενος
3443 457 3534 512 τοῦ
3566 457 3776 524 οἴκτου,

528 536 727 599 posita,
755 534 1078 603 auetorique
1108 535 1234 589 mali
1268 545 1318 590 et
1342 537 1566 591 asseelis
1592 539 1735 594 illius
1757 542 1895 594 facta
1921 542 2102 609 aliqua

527 621 969 689 exprobratione,
1005 623 1165 692 plane
1206 625 1595 696 sapienterque
1644 644 1839 697 magna
1886 646 2105 700 quoque

526 717 687 764 erunt
727 709 980 766 dicenda.
1036 713 1212 782 Atque
1250 715 1338 769 hic
1371 731 1555 771 sermo
1592 721 1788 789 partim
1839 722 2107 791 simplici-

528 807 630 861 ter,
674 810 730 853 ut
761 802 1066 867 opmtehat,
1097 804 1294 871 partim
1340 805 1646 876 elegantius
1675 828 1701 862 a
1748 816 1929 882 capite
1965 813 2105 867 inci-

528 891 657 957 piet,
707 894 850 960 quod
907 891 1223 961 importune
1267 899 1618 966 praepositum
1671 905 1977 958 contextim
2010 920 2101 958 or-

526 982 867 1053 dinatimque
907 987 958 1037 in
997 985 1255 1041 habentia
1326 990 1488 1043 linem
1552 992 1808 1061 loquendi
1869 995 2099 1051 recidet.

527 1070 869 1144 Rursumque
916 1092 1038 1145 qua:
1098 1088 1226 1132 sunt
1271 1084 1699 1149 expugnationis
1755 1085 1931 1141 fusius
1976 1096 2099 1141 tan-

526 1171 635 1231 get,
669 1178 790 1218 cum
819 1175 872 1219 et
902 1167 1018 1237 ipsa
1054 1169 1125 1222 sit
1144 1170 1309 1240 hujus
1327 1174 1510 1239 eperis
1535 1176 1842 1245 praecipuus
1880 1194 2097 1248 senpus.

2203 546 2295 596 καί
2313 563 2363 596 τι
2384 547 2515 612 πρὸς
2538 544 2702 613 βάρος
2732 546 3200 616 ὑπομεμψάμενος
3223 546 3312 599 τὸν
3334 548 3508 600 αἴτιον
3539 548 3633 600 καὶ
3660 566 3784 603 συν-

2204 637 2374 687 αίτιον
2422 636 2515 687 τοῦ
2548 636 2742 701 κακοῦ,
2799 641 3090 708 γενήσεται
3119 637 3213 691 τοῦ
3238 639 3331 692 καὶ
3366 640 3634 710 εὐκρινῶς
3670 642 3768 694 καὶ

2206 731 2413 796 σαφῶς,
2441 729 2531 781 ἐπί
2553 746 2605 780 τι
2635 729 2690 781 δὲ
2715 732 2807 782 καὶ
2841 729 3145 799 μεγαλείως
3176 730 3531 800 ἀφηγεῖσθαι.
3563 733 3673 785 Καὶ
3702 734 3781 802 πῆ

2207 819 2306 886 μὲν
2334 818 2567 886 ἀφελῶς,
2594 819 2668 883 ὡς
2687 822 2882 892 ἐχρῆν,
2916 822 2992 891 πῆ
3019 822 3074 875 δὲ
3098 824 3192 875 καὶ
3219 822 3639 895 γλαφυρώτερον
3688 826 3784 879 καὶ

2206 909 2314 962 ἀπὸ
2345 910 2594 979 κεφαλῆς
2626 912 2924 980 ἠργμένος,
2955 907 3023 985 ἧς
3054 913 3207 967 οὐδὲν
3264 914 3493 984 καιρίως
3528 913 3776 984 πρεσόύο

2208 1017 2384 1067 τερον,
2414 1001 2787 1071 καταόἡσεται
2820 1004 2899 1065 είς
2931 1004 2999 1056 τά
3030 1003 3268 1074 ἐχόμενα
3317 1004 3439 1057 καθ’
3466 1005 3661 1076 εἱρμὸν
3689 1006 3786 1059 καὶ

2206 1091 2358 1156 τάξιν
2385 1092 2446 1144 οὐ
2472 1092 2651 1163 πάντη
2676 1094 3095 1164 ἀπεριλάλητον.
3126 1095 3234 1147 Καὶ
3259 1093 3459 1164 άψεται
3487 1096 3651 1149 πάλιν
3672 1095 3782 1148 τῶν

2204 1182 2302 1251 τῆς
2354 1181 2609 1246 ἁλώσεως
2687 1183 3022 1254 πλατύτερον
3076 1185 3217 1239 κατὰ
3274 1186 3456 1240 πᾶσαν
3508 1186 3780 1274 ἀνάγκην⁹

525 1258 648 1312 ἐπεὶ
676 1258 771 1311 καὶ
804 1257 947 1329 αὕτη
1002 1261 1243 1331 μάλιστα
1272 1266 1379 1335 πρὸ
1409 1265 1571 1336 ἔργου
1608 1269 1981 1338 ύποὸέὸληται
2026 1273 2094 1342 τῇ
2129 1276 2443 1345 συγγραφῇ.

597 1348 650 1401 ’5.
671 1345 939 1414 Quoniam
968 1367 1097 1405 vero
1122 1354 1173 1406 in
1207 1355 1290 1409 his
1308 1356 1464 1426 signa
1485 1358 1790 1413 manifestat
1811 1359 2100 1425 Divinitas,

525 1454 646 1505 qua:
676 1440 898 1507 quidem
943 1448 1107 1497 etiam
1158 1454 1291 1501 tunc
1338 1460 1728 1517 apparuerunt.
1773 1451 1841 1506 de
1876 1452 2102 1522 quibus-

529 1528 655 1580 dam
711 1543 893 1586 sermo
929 1542 1119 1587 noster
1166 1536 1352 1592 sobrie
1401 1539 1674 1618 loquetur.
1735 1539 1852 1596 Non
1903 1543 2103 1599 tacebit

2280 1361 2350 1433 γ’.
2421 1365 2545 1419 Ὀτι
2587 1365 2642 1420 δὲ
2671 1366 2763 1419 καὶ
2813 1368 3013 1438 σημεῖα
3050 1368 3109 1421 ἐν
3165 1368 3280 1432 τοῖς
3330 1367 3596 1431 τοιούτοις
3651 1383 3786 1439 προ-

2214 1456 2396 1524 φαίνει
2423 1457 2485 1510 τδ
2508 1457 2686 1524 Θεῖον,
2716 1458 2753 1512 ἃ
2791 1458 2856 1530 δὴ
2882 1459 3165 1515 κάνταῦθα
3190 1461 3449 1531 ἐμφανῶς
3500 1459 3781 1531 προέλαμ-

2208 1546 2298 1617 ψε,
2333 1549 2749 1618 προσεφάψεται
2803 1553 2898 1606 καὶ
2927 1552 3192 1607 τοιούτων
3260 1555 3425 1607 τινῶν
3463 1555 3492 1608 ό
3514 1554 3674 1621 λόγος
3700 1556 3782 1619 είς

527 1634 744 1692 quoque
788 1638 983 1677 causas
1034 1629 1471 1696 peecaminosas.
1509 1641 1731 1702 propter
1772 1648 1910 1702 quas
1966 1636 2108 1688 cala-

2221 1636 2555 1708 σύμμετρον.
2593 1639 2707 1694 Οὐκ
2728 1640 3097 1712 ἀποστήσεται
3126 1641 3184 1729 δέ
3217 1643 3339 1696 οὐδὲ
3371 1642 3466 1696 τοῦ
3523 1643 3785 1698 ἐκθέσθαι

531 1712 774 1782 mitates,
814 1713 1029 1783 ipsique
1066 1718 1195 1771 item
1239 1733 1493 1776 aneiores
1550 1722 1604 1776 in
1651 1738 1816 1792 opere
1846 1725 1967 1793 jure
2004 1739 2103 1794 po-

534 1813 763 1857 nuntur.
816 1803 1067 1875 lnquiret
1101 1823 1228 1865 vero
1266 1811 1547 1881 paululum
1599 1814 1697 1869 has
1727 1830 1923 1870 causas
1970 1817 2106 1869 scri-

532 1901 686 1962 ptum
750 1898 805 1949 in
872 1899 978 1952 line
1028 1902 1207 1955 omnis
1267 1910 1534 1960 tractatus
1587 1908 1745 1975 juxta
1789 1908 2104 1963 methodum

530 1986 918 2043 docll'ittalcm.
969 1989 1087 2045 Non
1124 1993 1268 2047 enim
1304 1994 1356 2048 in
1387 1996 1493 2052 alio
1536 2006 1781 2067 tempore
1812 2001 2108 2070 recognitaa

531 2077 616 2130 vel
655 2078 852 2132 auditae
900 2090 1048 2148 sunt,
1091 2085 1184 2138 sed
1208 2101 1334 2140 cum
1375 2091 1866 2145 sermOcinationes
1894 2092 2106 2147 dierqu

531 2179 847 2224 sanctorum
875 2172 1067 2242 jejunii
1105 2170 1335 2234 auribus
1374 2181 1746 2249 excipiuntur,
1797 2192 1853 2236 ut
1883 2184 1935 2236 in
1970 2199 2109 2253 pra-

528 2259 862 2317 dicatiouem
886 2280 1099 2319 sacram
1123 2267 1366 2334 ﬁniatur,
1404 2286 1584 2326 sermo
1607 2282 1794 2327 noster
1816 2275 1924 2328 alio
1945 2272 2107 2329 modo

531 2354 856 2420 inchoatur,
914 2359 1127 2413 scilicet
1183 2378 1211 2412 a
1258 2362 1419 2417 malis
1473 2378 1597 2433 quae
1654 2379 1817 2434 passa
1883 2376 1967 2419 est
2021 2363 2105 2419 ci-

530 2446 692 2501 vitas.

773 2563 1067 2619 Exordium
1114 2571 1514 2639 expugnationis
1579 2580 1833 2625 narrant.

605 2676 656 2731 1.
710 2677 944 2747 Tempus
986 2683 1086 2734 hoc
1121 2700 1381 2752 praesens,
1410 2686 1456 2739 si
1513 2688 1654 2752 quod
1709 2687 1855 2740 aliud
1920 2702 2102 2742 rerum

532 2776 734 2823 statum
765 2771 924 2835 vidit,
948 2789 1107 2840 quem
1131 2775 1292 2830 homo
1321 2778 1594 2845 passionis
1620 2792 1813 2847 expers
1846 2788 2105 2847 stansque

2212 1728 2591 1799 άμαρτητικάς
2625 1731 2823 1798 αἰτίας,
2847 1727 2923 1787 ὧν
2955 1734 3143 1787 ἕνεκεν
3168 1723 3237 1787 τά
3267 1734 3434 1798 δεινὰ,
3464 1734 3493 1788 δ
3517 1735 3611 1789 καὶ
3657 1737 3789 1789 αὐτὸ

2208 1819 2259 1872 οἱ
2293 1823 2736 1890 συγγραφόμενοι
2769 1826 2826 1878 ἐν
2883 1825 3027 1898 ἔργῳ
3052 1826 3287 1893 ἐλλόγως
3342 1827 3602 1883 τίθενται.
3630 1827 3791 1881 Ἀνα-

2213 1910 2501 1965 σκαλεύσει
2558 1913 2616 1968 δὲ
2659 1916 2919 1985 ἀμυδρῶς
2970 1918 3003 1987 ή
3084 1919 3379 1990 συγγραφὴ
3423 1919 3491 1973 τά
3563 1918 3788 1974 τοιαῦτα

2213 2002 2360 2053 αἴτια
2390 2003 2446 2054 ἐν
2482 2002 2693 2075 ὑστέρῳ
2722 2005 2817 2059 τοῦ
2845 2007 2970 2059 ὅλου
2999 2006 3162 2075 λόγου
3217 2008 3361 2063 κατὰ
3394 2008 3618 2078 μέθοδον
3641 2006 3789 2060 διδα-

2217 2092 2504 2163 σκαλικὴν.
2544 2095 2619 2147 Οὐ
2677 2096 2786 2166 γάρ
2821 2098 2878 2149 ἐν
2926 2098 3152 2168 ἑτεροίῳ
3210 2097 3387 2168 καιρῷ
3422 2098 3518 2150 καὶ
3550 2098 3791 2167 ἀνέγνω-

2216 2197 2342 2235 σται
2373 2184 2466 2237 καὶ
2514 2185 2814 2251 ἐκδέδοται,
2847 2189 2966 2242 ἀλλ’
2994 2191 3081 2243 ὅτε
3109 2193 3158 2242 ei
3189 2189 3517 2260 προεισόδιοι
3543 2188 3652 2241 τῶν
3697 2204 3789 2258 νηί

2216 2273 2423 2343 στίμων
2455 2276 2626 2344 ἁγίων
2679 2278 2902 2347 ἡμερῶν
2937 2280 3305 2349 κατηχοῦνται
3362 2282 3444 2342 είς
3506 2277 3673 2341 ἀκοὰς
3706 2277 3785 2341 ὡς

2211 2364 2580 2435 άποτελευτᾷν
2606 2366 2696 2420 τὸν
2719 2367 2875 2436 λόγον
2893 2372 2975 2432 είς
3003 2369 3355 2424 διδασκαλίαν
3389 2369 3774 2441 ἐκκλησιαστι-

2210 2453 2330 2524 κὴν,
2364 2455 2667 2523 ἀρξάμενον
2692 2457 2887 2523 ἄλλως,
2909 2460 3002 2529 ἀφ’
3020 2453 3095 2514 ὦν
3118 2462 3353 2529 κακῶνὴ
3380 2460 3532 2519 πόλις
3553 2459 3779 2513 ἔπαθεν.

2200 2559 2389 2633 Ἀρχὴ
2404 2567 2588 2621 αὐτοῦ
2603 2567 2707 2622 τοῦ
2726 2573 3142 2641 συγκοαφικοῦ
3160 2576 3349 2643 λόγου
3362 2572 3472 2642 τῆς
3482 2573 3789 2639 ἁλώσεως.

2267 2676 2336 2732 α’.
2375 2679 2576 2748 Ἔφηνε
2604 2684 2695 2736 καὶ
2725 2685 2751 2734 ό
2780 2684 2898 2736 καθ’
2932 2688 3076 2753 ἡμᾶς
3112 2687 3236 2756 ἄρτι
3267 2687 3482 2756 χρόνος,
3509 2686 3669 2757 εἴπερ
3698 2703 3785 2751 τις⁹

2207 2769 2390 2840 ἐτερος
2454 2772 2563 2825 τῶν
2606 2776 2799 2849 πάλαι,
2864 2778 3143 2842 ὑπόθεσιν,
3193 2779 3260 2848 ἣν
3311 2777 3528 2847 ἀπαθὴς
3573 2777 3672 2848 μὲν
3692 2778 3791 2832 άν-

536 2862 691 2932 longe
748 2863 816 2918 ab
866 2863 1031 2934 hujus
1086 2867 1369 2936 periculo.
1415 2885 1667 2937 magnum
1724 2885 1829 2924 non
1885 2868 2100 2924 dubita-

2210 2863 2424 2933 θρωπος
2486 2868 2576 2917 καὶ
2608 2869 2826 2935 μίκρὰν
2885 2869 3055 2930 ἑστὼς
3114 2870 3206 2920 τοῦ
3245 2868 3365 2921 κατ’
3410 2869 3580 2939 αὐτὴν
3609 2867 3787 2921 κινδύ-

535 2953 615 3007 bll
661 2953 861 3018 dicere,
915 2972 1156 3023 gravem,
1190 2960 1335 3011 omni
1372 2960 1676 3013 calamitate
1736 2961 1972 3027 plenum,
2002 2961 2101 3015 ab-

536 3044 901 3111 horrendum,
951 3049 1064 3102 fere
1143 3049 1583 3115 intolerabilem,
1620 3053 1845 3106 omnino
1904 3053 2109 3108 lamen-

535 3135 778 3201 tabiletn,
822 3138 1130 3205 exigentem
1179 3132 1545 3208 lact'yutarum
1584 3140 1786 3204 fontes,
1819 3149 1872 3194 et
1904 3139 1987 3195 his
2033 3139 2110 3195 si-

536 3226 704 3279 milia.
743 3226 845 3293 Qui
878 3244 1028 3289 vcro.
1065 3240 1119 3283 ut
1152 3230 1328 3295 aiunt,
1370 3240 1562 3299 captus
1611 3233 1839 3296 retibus,
1889 3241 2106 3288 nostro-

533 3332 640 3384 que
702 3321 919 3386 negetiu
964 3333 1047 3372 cst
1079 3320 1415 3390 implicatus,
1447 3320 1677 3378 forsitan
1737 3338 1843 3377 non
1905 3325 2109 3379 valeret

486 3412 491 3417 ’
535 3415 930 3468 convenienter
988 3417 1269 3485 appellare
1310 3416 1459 3473 istud
1508 3418 1746 3484 malum,
1805 3420 1858 3473 in
1901 3417 2131 3488 eogita-'

537 3506 778 3560 tionibus
821 3505 939 3559 suis
986 3509 1236 3561 turbatus
1268 3509 1618 3585 multitudine
1651 3512 2109 3579 successioneque

532 3605 828 3648 eventuum
864 3597 956 3665 qui
988 3598 1143 3666 quasi
1170 3600 1534 3653 ahsorbebant
1558 3615 1996 3670 unamquamque
2015 3615 2109 3655 ca-

535 3687 866 3753 latnitatum,
908 3691 1107 3745 multas
1153 3680 1216 3745 ae
1261 3692 1440 3747 varias
1476 3693 1869 3762 appellationes
1893 3693 2112 3763 exigen-

537 3785 642 3832 tes.
674 3778 936 3844 Quamvis
974 3798 1104 3835 vero
1129 3787 1445 3851 exeoqitare
1491 3796 1673 3852 posset
1699 3788 1823 3839 ntali
1858 3786 2109 3840 denomi-

536 3870 851 3936 nationcm,
879 3872 980 3926 hoe
1020 3890 1126 3927 non
1182 3877 1458 3929 immerito
1504 3876 1649 3932 dicet
1673 3878 1851 3947 magni
1889 3879 2108 3935 luminis

539 3964 814 4016 umbram.
863 3964 957 4019 Ille
993 3964 1130 4019 nihil
1171 3965 1240 4020 ad
1284 3967 1708 4023 commovendos
1766 3969 1983 4024 animos
2030 3969 2111 4023 di-

539 4064 676 4103 cens
717 4049 894 4120 (alias
939 4055 1168 4108 vocibus
1221 4053 1344 4111 aliis
1383 4053 1578 4112 fuisset
1618 4058 1941 4137 utendum),
1962 4065 2110 4113 recte

541 4150 721 4196 tamen
758 4145 1118 4213 magnitudini
1154 4148 1420 4201 malorum
1466 4156 1780 4203 nostrorum
1814 4149 1995 4205 addet.

2213 2972 2305 3007 νου
2342 2957 2584 3025 μεγάλην
2610 2960 2749 3012 εἴποι
2780 2960 2865 3024 ἂν,
2918 2963 3010 3014 καὶ
3046 2961 3490 3032 βαρυσύμφορον,
3518 2965 3613 3017 καὶ
3643 2961 3784 3015 πάν-

2209 3048 2404 3113 δεινον,
2442 3050 2537 3102 καὶ
2563 3052 2918 3119 άπευκταίαν,
2956 3054 3051 3105 καὶ
3096 3053 3157 3106 οὐ
3193 3055 3325 3122 ῥᾷον
3361 3053 3624 3125 φορητὴν,
3690 3053 3789 3108 καὶ

2211 3136 2545 3209 πολυπενθῆ,
2599 3142 2695 3193 καὶ
2735 3142 2986 3214 δακρύων
3016 3144 3194 3213 πηγὰς
3226 3144 3539 3206 ἐθέλουσαν,
3565 3142 3659 3195 καὶ
3681 3158 3791 3195 τοι-

2210 3229 2351 3285 αῦτά
2401 3247 2546 3287 τινα.
2586 3231 2646 3286 '0
2693 3234 2750 3287 δὲ
2786 3234 3039 3300 δικτύων,
3070 3235 3097 3289 ὅ
3151 3251 3305 3302 φασι,
3367 3232 3648 3302 πειραθεὶς
3694 3232 3791 3285 καὶ

2209 3321 2333 3375 καθ’
2361 3323 2512 3392 ἡμᾶς
2542 3324 2841 3395 ἐνειληθεὶς
2869 3326 2946 3396 τῷ
2976 3325 3284 3395 πράγματι,
3318 3324 3446 3386 ἴσως
3475 3322 3574 3391 μὲν
3602 3322 3702 3375 οὐκ
3720 3322 3789 3375 ἂν

2209 3413 2530 3483 εύπορήσοι,
2562 3415 2699 3484 πρὸς
2730 3415 2884 3480 ἀξίαν
2926 3415 3191 3483 ὀνομάσαι
3211 3414 3273 3466 τὸ
3303 3413 3493 3477 κακὸν,
3528 3411 3788 3483 ἐκκρουό-

2214 3520 2377 3575 μενος
2399 3498 2572 3572 οὗπερ
2604 3506 2777 3558 ἐθέλει
2805 3508 2966 3567 νοεῖν,
2991 3506 3068 3576 τῷ
3094 3506 3323 3575 ποικίλῳ
3352 3506 3445 3558 καὶ
3500 3502 3788 3575 ἐπαλλήλῳ

2211 3595 2318 3648 τῶν
2352 3596 2669 3667 συμφορῶν,
2693 3599 2814 3651 ὅσαι
2844 3597 3180 3667 κατέχασκον
3206 3598 3438 3651 ἑκάστου
3463 3598 3573 3652 τῶν
3596 3597 3790 3650 δυστυ-

2210 3685 2467 3754 χούντων,
2486 3686 2703 3749 πολλαῖς
2723 3687 2818 3741 καὶ
2831 3687 3107 3758 διαφόροις
3129 3686 3493 3759 οίκειούμεναι
3510 3687 3785 3758 κλήσεσιν.

2212 3776 2354 3829 Είδέ
2373 3779 2466 3831 καὶ
2521 3779 2810 3849 δυνήσεται
2858 3781 3283 3850 κατευστοχῆσαι
3310 3779 3403 3833 τοῦ
3448 3777 3618 3833 κακοῦ
3651 3777 3787 3848 πρὸς

2210 3851 2363 3931 ἔπος,
2399 3867 2514 3936 ἐροϊ
2536 3866 2600 3918 ἂν
2624 3867 2755 3918 αὐτὸ
2775 3868 2875 3920 οὐκ
2892 3868 3199 3930 ἀπεικότως
3229 3866 3516 3936 φωστῆρος
3550 3862 3786 3933 μεγάλου

2210 3956 2506 4026 ἀφάνειαν·
2536 3957 2685 4010 οὐδὲν
2712 3958 2811 4027 μέν
2833 3960 3036 4021 ἐκεῖνος
3059 3959 3231 4024 λέγων
3258 3957 3390 4027 πρὸς
3418 3953 3787 4023 πάθοςῃχρῆν

2211 4049 2321 4118 γὰρ
2341 4048 2522 4112 ἄλλοις
2541 4048 2796 4116 ὀνόμασιν
2819 4047 3049 4102 ἐνταῦθα
3087 4046 3475 4117 παθήνασθαι),
3498 4045 3577 4114 τῷ
3611 4059 3785 4113 μιγα-

2212 4137 2340 4210 λείῳ
2359 4137 2415 4191 δὲ
2443 4138 2590 4208 ὅμως
2614 4137 2789 4209 ὀρθῶς
2814 4137 3119 4192 ἐπιϐάλλων
3162 4137 3257 4191 τοῦ
3276 4135 3782 4217 βυσπραγήματος.

612 4234 668 4289 2.
721 4234 860 4289 Num
890 4237 1032 4291 enim
1066 4238 1208 4293 inter
1236 4239 1484 4295 civitates
1527 4255 1646 4311 qua:
1676 4242 1778 4295 sub
1814 4241 1951 4297 caelo
1982 4249 2108 4296 sunt

2289 4228 2356 4299 β’.
2383 4223 2462 4281 Ἦ
2492 4230 2599 4300 γάρ
2625 4230 2684 4282 οὐ
2708 4231 2945 4284 τοιοῦτόν
2969 4248 3019 4283 τι
3044 4230 3105 4283 τὸ
3139 4228 3236 4299 τὴν
3264 4230 3322 4283 ἐν
3345 4230 3461 4291 ταῖς
3500 4226 3591 4280 ὑπ’
3621 4226 3785 4292 ούρα-

545 4329 781 4381 maxime
831 4326 1032 4385 ﬂorens
1056 4327 1448 4387 Thessalonica
1502 4343 1709 4387 tantum
1770 4335 1879 4403 pati
1905 4333 2113 4402 debuit,

542 4426 810 4486 quantum
865 4435 1012 4475 nunc
1078 4422 1304 4491 patitur.
1365 4422 1446 4478 Eo
1510 4432 1691 4479 autem
1761 4425 2010 4487 devenit,
2059 4434 2118 4481 ut

540 4509 645 4578 ipsi
680 4509 863 4565 hostes
908 4509 1211 4580 horreant;
1245 4512 1411 4569 facies
1458 4514 1681 4570 amasite
1752 4526 1932 4570 amota
1986 4531 2118 4571 con-

540 4602 723 4656 tristat
786 4600 948 4654 etiam
1004 4601 1097 4672 qui
1151 4611 1308 4657 antea
1347 4619 1454 4659 non
1501 4610 1742 4659 amabat.
1805 4606 1918 4661 Heu
1961 4608 1975 4661 l
2015 4607 2118 4661 ini-

539 4691 716 4746 micus
768 4697 935 4747 tanta:
993 4693 1237 4751 civitatis
1289 4693 1494 4751 divitiis
1551 4695 1786 4753 infestus
1841 4696 2115 4753 destruxit

537 4799 655 4837 eam
689 4799 751 4835 ac
781 4788 1156 4853 consumpsit;
1184 4785 1487 4840 devastavit
1509 4799 1687 4842 autem
1714 4790 1786 4842 ita
1819 4798 1875 4842 ut
1903 4790 2112 4844 tntillum

542 4871 786 4940 pristina:
828 4873 1251 4941 pulchritudinis
1282 4876 1571 4944 vestigium
1628 4887 1928 4932 remaneat.
1974 4878 2112 4933 Muri

543 4965 661 5031 rjus
745 4964 910 5019 diruti
987 4979 1289 5034 omnesque
1355 4966 1502 5019 aedes
1579 4981 1753 5021 sacra:
1823 4970 2115 5026 destructas

543 5058 660 5110 loca
726 5056 981 5111 omnibus
1033 5056 1365 5111 venerabilia
1424 5073 1439 5108 :
1481 5058 1693 5113 nobiles
1745 5059 1941 5113 domus
1996 5063 2111 5116 vio-

543 5150 663 5204 latae
706 5164 721 5202 :
760 5164 1001 5218 opesque
1061 5148 1258 5202 civium
1316 5148 1436 5203 aliae
1493 5149 1705 5216 ablatae,
1743 5150 1862 5205 aliae
1903 5150 2111 5219 eﬂ‘uszn,

544 5240 665 5293 alia:
702 5239 983 5308 dispersae.
1019 5237 1161 5305 Quid
1206 5239 1407 5308 plura?
1437 5239 1526 5294 hic
1558 5255 1665 5294 non
1697 5252 1783 5296 est
1831 5242 2011 5307 locus,
2051 5251 2113 5298 ut

546 5342 844 5400 oporteret,
882 5333 999 5387 haec
1066 5347 1164 5401 per
1210 5332 1427 5400 singula
1489 5330 1784 5388 referendi.
1816 5332 2110 5391 Multitudo

547 5438 677 5476 vero
720 5422 958 5476 civitatis
993 5439 1095 5475 non
1150 5422 1327 5478 solum
1365 5422 1640 5483 militaris.
1673 5421 1768 5479 sed
1804 5427 1967 5479 etiam
2006 5439 2111 5480 cae-

540 5524 680 5577 tera,
713 5523 821 5568 tam
855 5515 1032 5568 clerus
1060 5516 1361 5578 saecularis,
1392 5530 1559 5584 quam
1597 5516 1742 5580 laici,
1795 5517 1921 5583 quis
1971 5516 2106 5572 satis

542 5607 741 5660 haheat
783 5604 1146 5675 lact-ymarum
1178 5607 1201 5658 ?
1238 5605 1459 5669 Necnon
1489 5615 1542 5660 et
1567 5606 1663 5675 qui
1695 5609 1991 5663 tumultum
2021 5608 2107 5664 tu-

542 5708 754 5768 gerant.
804 5714 929 5754 cum
976 5699 1029 5753 hi
1062 5699 1294 5757 solitarii
1350 5701 1405 5758 in
1440 5706 1660 5770 portum
1704 5711 2105 5772 pervenissent,

2219 4321 2308 4376 νδν
2334 4321 2521 4375 πόλεσι
2553 4320 2695 4374 πάνυ
2728 4321 2981 4393 λαμπρὸν
3046 4322 3343 4391 φαίνουσαν
3380 4318 3784 4387 Θεσσαλονίκην

2216 4417 2361 4471 οὕτω
2390 4418 2604 4482 παθεῖν,
2633 4419 2711 4481 ὡς
2730 4418 2822 4472 νῦν
2853 4417 2987 4488 ἔχεις
3023 4419 3178 4488 Ἔχει
3206 4417 3285 4478 δὲ,
3311 4415 3384 4479 ὡς
3409 4415 3474 4469 ἂν
3497 4410 3787 4479 ἀπεύξαιν-

2216 4528 2278 4563 το
2311 4512 2406 4565 καὶ
2461 4512 2670 4585 ἐχθροί⁹
2703 4512 2836 4567 ὡσεὶ
2856 4514 2951 4567 καὶ
2997 4510 3161 4564 καλὸν
3195 4505 3335 4572 εἴδος
3368 4506 3667 4577 ἀφανισθὲν
3691 4505 3788 4558 λυ·

2217 4606 2310 4657 πεῖ
2334 4602 2543 4656 καὶτὸν
2574 4598 2643 4675 ἦν
2664 4602 2754 4656 ὅτε
2783 4602 3147 4673 άπόστοργον,
3205 4600 3344 4670 ὤμοι
3394 4599 3669 4669 δαίμονοςῑ
3722 4595 3783 4660 ὃς

2216 4694 2358 4749 οὕτω
2391 4692 2581 4765 βριθὺς
2608 4691 2942 4763 τηλικαύτης
2976 4691 3184 4754 πόλεως
3239 4689 3499 4760 εὐετηρίᾳ
3560 4686 3786 4755 ἐνήλατο

2214 4787 2312 4842 καὶ
2347 4784 2737 4856 κατέστρεψεν.
2764 4784 3052 4853 Ἀπὴγαγε
3080 4783 3182 4852 μὲν
3214 4780 3309 4836 οὖν
3356 4779 3527 4850 αὐτὴν
3574 4777 3780 4842 τέλεον,

2215 4878 2292 4941 ὡς
2345 4878 2481 4948 μηδὲ
2527 4878 2777 4947 λείψανον
2822 4877 3178 4947 ἐείαπομεῖναι
3229 4873 3467 4935 παλαιᾶς
3500 4869 3782 4936 καλλονῆς.
3848 4894 3853 4897 -

2163 5037 2181 5048 ,ν
2216 4970 2327 5024 Καὶ
2356 4969 2510 5039 τείχη
2546 4970 2647 5040 μὲν
2670 4969 2837 5038 αὐτῆς
2876 4967 3245 5038 ἠχρειωμένα,
3277 4967 3373 5018 καὶ
3401 4963 3519 5035 ἱερά
3546 4961 3616 5014 τὰ
3647 4959 3784 5013 πάν-

2213 5079 2282 5115 τα
2311 5061 2715 5133 κατῃκισμένα,
2749 5061 2828 5123 είς
2885 5061 3009 5113 ὅσον
3036 5059 3158 5111 οὐδὲ
3181 5057 3338 5109 τόποι
3366 5054 3629 5124 τολμητοὶ
3648 5051 3786 5105 πᾶσι

2215 5153 2312 5204 καὶ
2336 5147 2474 5203 οἶκοι
2500 5150 2797 5220 εὐπρεπεῖς
2830 5146 3282 5220 κατῃσχυμμένοι
3301 5162 3314 5175 ·
3345 5146 3439 5198 καὶ
3470 5143 3783 5214 περιουσίαι

2190 5242 2464 5309 πολιτῶν,
2489 5242 2545 5295 αἱ
2577 5242 2674 5312 μὲν
2692 5240 3101 5313 ἠντλημέναι,αί
3125 5239 3168 5292 δ’
3193 5236 3680 5308 ἐκκεχυμέναι,καὶ
3696 5235 3790 5289 άλ-
3862 5277 3893 5286 ς

2213 5336 2318 5397 λως
2344 5334 2401 5388 δέ
2423 5333 2835 5406 διεσπαρμέναι,
2859 5334 2913 5387 τί
2949 5333 3016 5386 ἂν
3037 5329 3299 5401 λέγοιντο,
3336 5330 3465 5385 ἔνθα
3482 5330 3580 5382 οὐκ
3608 5328 3777 5393 ἔστιν,

2213 5425 2288 5489 ὡς
2318 5425 2507 5496 ἐχρῆν,
2539 5426 2680 5478 αὐτὰ
2704 5423 2987 5490 διίξεσθαι;
3016 5423 3089 5477 Τὸ
3113 5422 3169 5477 δὲ
3198 5426 3254 5475 ἐν
3281 5425 3348 5492 τῇ
3373 5420 3525 5474 πόλει
3550 5419 3774 5490 πλῆθος,

2214 5518 2274 5571 οὑ
2308 5519 2471 5588 μόνον
2500 5518 2558 5571 τὸ
2583 5517 2998 5588 στρατιωτικὸν,
3047 5515 3183 5569 ἀλλὰ
3211 5514 3387 5569 καὶτὸ
3412 5513 3619 5576 λοιπὸν,
3649 5511 3777 5564 ὅσον

2214 5612 2272 5663 ἐν
2303 5611 2426 5681 ἱερᾷ
2457 5607 2701 5681 πολιτείᾳ
2725 5610 2791 5681 τῇ
2817 5606 2960 5663 κατὰ
3015 5608 3239 5678 κόσμον,
3311 5606 3405 5660 καὶ
3428 5607 3551 5658 ὅσον
3571 5604 3629 5658 δὲ
3655 5604 3776 5656 λαῖ-

2213 5701 2332 5767 κδν,
2385 5703 2463 5768 τίς
2486 5700 2552 5758 ἂν
2579 5702 2636 5765 ἐς
2654 5700 2813 5766 ἀξίαν
2855 5700 3167 5773 δακρύσειε;
3218 5698 3328 5756 Ναὶ
3374 5697 3482 5769 μὴν
3522 5698 3614 5751 καὶ
3656 5694 3783 5750 ὅσον
