  <div class='ocr_page' id='page_1' title='image "/cluster/home/n/w/nwhite01/storage/ocr_20150623/136/coo.31924054870419/015.png"; bbox 0 0 4084 6426; ppageno 0'>
   <div class='ocr_carea' id='block_1_1' title="bbox 462 262 3710 331">
    <p class='ocr_par' dir='ltr' id='par_1_1' title="bbox 462 262 3710 331">
     <span class='ocr_line' id='line_1_1' title="bbox 462 262 3710 331; baseline -0.001 -2"><span class='ocrx_word' id='word_1_1' title='bbox 462 262 527 330; x_wconf 82' lang='grc'>15</span> <span class='ocrx_word' id='word_1_2' title='bbox 1218 266 1640 331; x_wconf 82' lang='lat' dir='ltr'><strong>EUSTATHII</strong></span> <span class='ocrx_word' id='word_1_3' title='bbox 1681 264 2440 331; x_wconf 83' lang='lat' dir='ltr'><strong>THESSALONICENSIS</strong></span> <span class='ocrx_word' id='word_1_4' title='bbox 2460 264 3035 327; x_wconf 77' lang='lat' dir='ltr'><strong>METROPOLlT/E</strong></span> <span class='ocrx_word' id='word_1_5' title='bbox 3640 264 3710 327; x_wconf 79' lang='grc'><strong>16</strong></span> 
     </span>
    </p>
   </div>
   <div class='ocr_carea' id='block_1_2' title="bbox 456 373 2026 450">
    <p class='ocr_par' dir='ltr' id='par_1_2' title="bbox 456 377 2026 450">
     <span class='ocr_line' id='line_1_2' title="bbox 456 377 2026 450; baseline 0.001 -17"><span class='ocrx_word' id='word_1_6' title='bbox 456 377 652 444; x_wconf 90' lang='lat' dir='ltr'><strong>asinis,</strong></span> <span class='ocrx_word' id='word_1_7' title='bbox 682 378 774 448; x_wconf 90' lang='lat' dir='ltr'><strong>qui</strong></span> <span class='ocrx_word' id='word_1_8' title='bbox 809 377 1200 450; x_wconf 88' lang='lat' dir='ltr'><strong>supellectilem</strong></span> <span class='ocrx_word' id='word_1_9' title='bbox 1232 379 1285 434; x_wconf 91' lang='lat' dir='ltr'><strong>in</strong></span> <span class='ocrx_word' id='word_1_10' title='bbox 1316 378 1481 433; x_wconf 89' lang='lat' dir='ltr'><strong>dorso</strong></span> <span class='ocrx_word' id='word_1_11' title='bbox 1515 379 1829 448; x_wconf 81' lang='lat' dir='ltr'><strong>portabant.</strong></span> <span class='ocrx_word' id='word_1_12' title='bbox 1862 380 2026 434; x_wconf 83' lang='lat' dir='ltr'><strong>Collis</strong></span> 
     </span>
    </p>
   </div>
   <div class='ocr_carea' id='block_1_3' title="bbox 2131 373 3713 450">
    <p class='ocr_par' dir='ltr' id='par_1_3' title="bbox 2139 373 3713 448">
     <span class='ocr_line' id='line_1_3' title="bbox 2139 373 3713 448; baseline -0.003 -17"><span class='ocrx_word' id='word_1_13' title='bbox 2139 377 2355 432; x_wconf 81' lang='grc' dir='ltr'>πάντων</span> <span class='ocrx_word' id='word_1_14' title='bbox 2380 377 2515 448; x_wconf 81' lang='grc' dir='ltr'><strong>ὁμοῦ</strong></span> <span class='ocrx_word' id='word_1_15' title='bbox 2546 375 2935 448; x_wconf 79' lang='grc' dir='ltr'><strong>πεφυρμένων,</strong></span> <span class='ocrx_word' id='word_1_16' title='bbox 2962 374 3292 445; x_wconf 58' lang='grc' dir='ltr'>ἀνθρώπων.</span> <span class='ocrx_word' id='word_1_17' title='bbox 3320 373 3523 438; x_wconf 73' lang='grc' dir='ltr'>ἵππων,</span> <span class='ocrx_word' id='word_1_18' title='bbox 3551 374 3713 445; x_wconf 80' lang='grc' dir='ltr'>ἡμιό-</span> 
     </span>
    </p>
   </div>
   <div class='ocr_carea' id='block_1_4' title="bbox 458 469 2029 539">
    <p class='ocr_par' dir='ltr' id='par_1_4' title="bbox 458 469 2029 539">
     <span class='ocr_line' id='line_1_4' title="bbox 458 469 2029 539; baseline 0.001 -15"><span class='ocrx_word' id='word_1_19' title='bbox 458 470 548 524; x_wconf 79' lang='lat' dir='ltr'><strong>ltic</strong></span> <span class='ocrx_word' id='word_1_20' title='bbox 576 469 648 524; x_wconf 88' lang='lat' dir='ltr'><strong>ibi</strong></span> <span class='ocrx_word' id='word_1_21' title='bbox 687 471 821 524; x_wconf 91' lang='lat' dir='ltr'><strong>turri</strong></span> <span class='ocrx_word' id='word_1_22' title='bbox 851 469 1005 524; x_wconf 86' lang='lat' dir='ltr'><strong>urbis</strong></span> <span class='ocrx_word' id='word_1_23' title='bbox 1044 469 1418 539; x_wconf 78' lang='lat' dir='ltr'><strong>juxtapositus</strong></span> <span class='ocrx_word' id='word_1_24' title='bbox 1469 478 1608 531; x_wconf 87' lang='lat' dir='ltr'><strong>erat,</strong></span> <span class='ocrx_word' id='word_1_25' title='bbox 1674 472 1785 523; x_wconf 84' lang='lat' dir='ltr'><strong>fere</strong></span> <span class='ocrx_word' id='word_1_26' title='bbox 1835 470 2029 525; x_wconf 85' lang='lat' dir='ltr'><strong>similis</strong></span> 
     </span>
    </p>
   </div>
   <div class='ocr_carea' id='block_1_5' title="bbox 455 560 2031 631">
    <p class='ocr_par' dir='ltr' id='par_1_5' title="bbox 455 560 2031 631">
     <span class='ocr_line' id='line_1_5' title="bbox 455 560 2031 631; baseline -0.001 -15"><span class='ocrx_word' id='word_1_27' title='bbox 455 561 695 617; x_wconf 84' lang='lat' dir='ltr'><strong>molibus</strong></span> <span class='ocrx_word' id='word_1_28' title='bbox 721 569 914 616; x_wconf 87' lang='lat' dir='ltr'><strong>contra</strong></span> <span class='ocrx_word' id='word_1_29' title='bbox 947 576 1135 615; x_wconf 88' lang='lat' dir='ltr'><strong>muros</strong></span> <span class='ocrx_word' id='word_1_30' title='bbox 1158 560 1453 616; x_wconf 79' lang='lat' dir='ltr'><strong>exstructis</strong></span> <span class='ocrx_word' id='word_1_31' title='bbox 1505 576 1641 631; x_wconf 87' lang='lat' dir='ltr'><strong>quas</strong></span> <span class='ocrx_word' id='word_1_32' title='bbox 1703 561 1900 616; x_wconf 91' lang='lat' dir='ltr'><strong>bellum</strong></span> <span class='ocrx_word' id='word_1_33' title='bbox 1930 562 2031 615; x_wconf 88' lang='lat' dir='ltr'><strong>ali-</strong></span> 
     </span>
    </p>
   </div>
   <div class='ocr_carea' id='block_1_6' title="bbox 454 649 2031 720">
    <p class='ocr_par' dir='ltr' id='par_1_6' title="bbox 454 649 2031 720">
     <span class='ocr_line' id='line_1_6' title="bbox 454 649 2031 720; baseline 0.001 -16"><span class='ocrx_word' id='word_1_34' title='bbox 454 652 670 719; x_wconf 85' lang='lat' dir='ltr'><strong>quoties</strong></span> <span class='ocrx_word' id='word_1_35' title='bbox 701 650 1197 706; x_wconf 71' lang='lat' dir='ltr'><strong>construit.Eth:ec</strong></span> <span class='ocrx_word' id='word_1_36' title='bbox 1223 649 1363 703; x_wconf 81' lang='lat' dir='ltr'><strong>facta</strong></span> <span class='ocrx_word' id='word_1_37' title='bbox 1390 664 1518 704; x_wconf 87' lang='lat' dir='ltr'><strong>sunt</strong></span> <span class='ocrx_word' id='word_1_38' title='bbox 1551 650 1617 705; x_wconf 90' lang='lat' dir='ltr'><strong>ad</strong></span> <span class='ocrx_word' id='word_1_39' title='bbox 1650 659 1864 720; x_wconf 88' lang='lat' dir='ltr'><strong>portam</strong></span> <span class='ocrx_word' id='word_1_40' title='bbox 1888 650 2031 705; x_wconf 87' lang='lat' dir='ltr'><strong>arcis</strong></span> 
     </span>
    </p>
   </div>
   <div class='ocr_carea' id='block_1_7' title="bbox 455 740 2031 811">
    <p class='ocr_par' dir='ltr' id='par_1_7' title="bbox 455 740 2031 811">
     <span class='ocr_line' id='line_1_7' title="bbox 455 740 2031 811; baseline 0 -16"><span class='ocrx_word' id='word_1_41' title='bbox 455 755 579 810; x_wconf 71' lang='lat' dir='ltr'><strong>qum</strong></span> <span class='ocrx_word' id='word_1_42' title='bbox 621 742 693 797; x_wconf 90' lang='lat' dir='ltr'><strong>ob</strong></span> <span class='ocrx_word' id='word_1_43' title='bbox 728 743 922 796; x_wconf 88' lang='lat' dir='ltr'><strong>oculos</strong></span> <span class='ocrx_word' id='word_1_44' title='bbox 970 752 1074 797; x_wconf 78' lang='grc' dir='ltr'>εει.</span> <span class='ocrx_word' id='word_1_45' title='bbox 1107 740 1253 807; x_wconf 85' lang='lat' dir='ltr'><strong>Quos</strong></span> <span class='ocrx_word' id='word_1_46' title='bbox 1279 756 1408 796; x_wconf 86' lang='lat' dir='ltr'><strong>vero</strong></span> <span class='ocrx_word' id='word_1_47' title='bbox 1428 741 1740 796; x_wconf 77' lang='lat' dir='ltr'><strong>continebat</strong></span> <span class='ocrx_word' id='word_1_48' title='bbox 1764 757 1883 811; x_wconf 79' lang='lat' dir='ltr'><strong>quae</strong></span> <span class='ocrx_word' id='word_1_49' title='bbox 1913 751 2031 796; x_wconf 88' lang='lat' dir='ltr'><strong>erat</strong></span> 
     </span>
    </p>
   </div>
   <div class='ocr_carea' id='block_1_8' title="bbox 455 830 2026 902">
    <p class='ocr_par' dir='ltr' id='par_1_8' title="bbox 455 830 2026 902">
     <span class='ocr_line' id='line_1_8' title="bbox 455 830 2026 902; baseline 0 -15"><span class='ocrx_word' id='word_1_50' title='bbox 455 835 625 897; x_wconf 86' lang='lat' dir='ltr'><strong>intus,</strong></span> <span class='ocrx_word' id='word_1_51' title='bbox 654 849 777 888; x_wconf 91' lang='lat' dir='ltr'><strong>cum</strong></span> <span class='ocrx_word' id='word_1_52' title='bbox 814 833 922 886; x_wconf 79' lang='lat' dir='ltr'><strong>dux</strong></span> <span class='ocrx_word' id='word_1_53' title='bbox 962 832 1253 887; x_wconf 80' lang='lat' dir='ltr'><strong>imbecillis</strong></span> <span class='ocrx_word' id='word_1_54' title='bbox 1284 846 1404 886; x_wconf 85' lang='lat' dir='ltr'><strong>eam</strong></span> <span class='ocrx_word' id='word_1_55' title='bbox 1454 830 1640 901; x_wconf 80' lang='lat' dir='ltr'><strong>fregit,</strong></span> <span class='ocrx_word' id='word_1_56' title='bbox 1682 830 1822 902; x_wconf 69' lang='lat' dir='ltr'><strong>fuga:</strong></span> <span class='ocrx_word' id='word_1_57' title='bbox 1883 831 2026 887; x_wconf 89' lang='lat' dir='ltr'><strong>male</strong></span> 
     </span>
    </p>
   </div>
   <div class='ocr_carea' id='block_1_9' title="bbox 458 921 1842 993">
    <p class='ocr_par' dir='ltr' id='par_1_9' title="bbox 458 921 1842 993">
     <span class='ocr_line' id='line_1_9' title="bbox 458 921 1842 993; baseline 0 -18"><span class='ocrx_word' id='word_1_58' title='bbox 458 922 664 985; x_wconf 82' lang='lat' dir='ltr'><strong>favens,</strong></span> <span class='ocrx_word' id='word_1_59' title='bbox 693 924 795 993; x_wconf 85' lang='lat' dir='ltr'><strong>ipsi</strong></span> <span class='ocrx_word' id='word_1_60' title='bbox 830 924 953 977; x_wconf 87' lang='lat' dir='ltr'><strong>novi</strong></span> <span class='ocrx_word' id='word_1_61' title='bbox 988 923 1202 991; x_wconf 79' lang='lat' dir='ltr'><strong>generis</strong></span> <span class='ocrx_word' id='word_1_62' title='bbox 1241 922 1507 992; x_wconf 75' lang='lat' dir='ltr'><strong>tragoedia</strong></span> <span class='ocrx_word' id='word_1_63' title='bbox 1538 937 1597 976; x_wconf 91' lang='lat' dir='ltr'><strong>se</strong></span> <span class='ocrx_word' id='word_1_64' title='bbox 1625 921 1842 975; x_wconf 92' lang='lat' dir='ltr'><strong>obtulit.</strong></span> 
     </span>
    </p>
   </div>
   <div class='ocr_carea' id='block_1_10' title="bbox 2137 462 3712 539">
    <p class='ocr_par' dir='ltr' id='par_1_10' title="bbox 2137 462 3712 539">
     <span class='ocr_line' id='line_1_10' title="bbox 2137 462 3712 539; baseline -0.001 -18"><span class='ocrx_word' id='word_1_65' title='bbox 2137 486 2265 530; x_wconf 83' lang='grc' dir='ltr'>νων,</span> <span class='ocrx_word' id='word_1_66' title='bbox 2298 469 2436 523; x_wconf 79' lang='grc' dir='ltr'>ὄνων</span> <span class='ocrx_word' id='word_1_67' title='bbox 2455 509 2471 530; x_wconf 88' lang='grc'><strong>,</strong></span> <span class='ocrx_word' id='word_1_68' title='bbox 2503 464 2585 532; x_wconf 69' lang='grc' dir='ltr'><strong>οἷς</strong></span> <span class='ocrx_word' id='word_1_69' title='bbox 2619 470 3035 539; x_wconf 82' lang='grc' dir='ltr'>ἐπισεσαγμένα</span> <span class='ocrx_word' id='word_1_70' title='bbox 3068 462 3211 537; x_wconf 78' lang='grc' dir='ltr'>ἦσαν</span> <span class='ocrx_word' id='word_1_71' title='bbox 3242 466 3311 521; x_wconf 86' lang='grc' dir='ltr'><strong>τά</strong></span> <span class='ocrx_word' id='word_1_72' title='bbox 3341 469 3457 530; x_wconf 88' lang='grc' dir='ltr'>τοῖς</span> <span class='ocrx_word' id='word_1_73' title='bbox 3492 466 3712 529; x_wconf 80' lang='grc' dir='ltr'>πολλοῖς</span> 
     </span>
    </p>
   </div>
   <div class='ocr_carea' id='block_1_11' title="bbox 2136 558 3715 631">
    <p class='ocr_par' dir='ltr' id='par_1_11' title="bbox 2136 558 3715 631">
     <span class='ocr_line' id='line_1_11' title="bbox 2136 558 3715 631; baseline -0.001 -17"><span class='ocrx_word' id='word_1_74' title='bbox 2136 562 2429 628; x_wconf 86' lang='grc' dir='ltr'>ἀναγκαῖα.</span> <span class='ocrx_word' id='word_1_75' title='bbox 2464 562 2574 616; x_wconf 83' lang='lat' dir='ltr'><strong>Kal</strong></span> <span class='ocrx_word' id='word_1_76' title='bbox 2608 561 2797 631; x_wconf 76' lang='grc' dir='ltr'>βουνὸς</span> <span class='ocrx_word' id='word_1_77' title='bbox 2832 562 3039 622; x_wconf 86' lang='grc' dir='ltr'>ἐκεῖνος</span> <span class='ocrx_word' id='word_1_78' title='bbox 3074 558 3318 623; x_wconf 84' lang='grc' dir='ltr'>τοιοῦτος</span> <span class='ocrx_word' id='word_1_79' title='bbox 3351 558 3715 612; x_wconf 79' lang='grc' dir='ltr'><strong>ἀντανίστατο</strong></span> 
     </span>
    </p>
   </div>
   <div class='ocr_carea' id='block_1_12' title="bbox 2135 647 3711 722">
    <p class='ocr_par' dir='ltr' id='par_1_12' title="bbox 2135 647 3711 722">
     <span class='ocr_line' id='line_1_12' title="bbox 2135 647 3711 722; baseline -0.001 -17"><span class='ocrx_word' id='word_1_80' title='bbox 2135 653 2214 721; x_wconf 84' lang='grc' dir='ltr'>τῷ</span> <span class='ocrx_word' id='word_1_81' title='bbox 2244 654 2341 722; x_wconf 88' lang='grc' dir='ltr'><strong>τῆς</strong></span> <span class='ocrx_word' id='word_1_82' title='bbox 2376 653 2584 715; x_wconf 86' lang='grc' dir='ltr'>πόλεως</span> <span class='ocrx_word' id='word_1_83' title='bbox 2621 653 2803 705; x_wconf 80' lang='grc' dir='ltr'>ἐκεῖσε</span> <span class='ocrx_word' id='word_1_84' title='bbox 2841 650 3211 720; x_wconf 83' lang='grc' dir='ltr'>πυργώματι,</span> <span class='ocrx_word' id='word_1_85' title='bbox 3250 647 3453 719; x_wconf 82' lang='grc' dir='ltr'><strong>μικροῦ</strong></span> <span class='ocrx_word' id='word_1_86' title='bbox 3486 666 3711 719; x_wconf 74' lang='grc' dir='ltr'>παρεοιο</span> 
     </span>
    </p>
   </div>
   <div class='ocr_carea' id='block_1_13' title="bbox 2134 739 3711 813">
    <p class='ocr_par' dir='ltr' id='par_1_13' title="bbox 2134 739 3711 813">
     <span class='ocr_line' id='line_1_13' title="bbox 2134 739 3711 813; baseline -0.003 -15"><span class='ocrx_word' id='word_1_87' title='bbox 2134 743 2245 807; x_wconf 83' lang='grc' dir='ltr'>κὼς</span> <span class='ocrx_word' id='word_1_88' title='bbox 2280 746 2391 809; x_wconf 85' lang='grc' dir='ltr'>τοῖς</span> <span class='ocrx_word' id='word_1_89' title='bbox 2434 745 2807 813; x_wconf 77' lang='grc' dir='ltr'>ἐγειρομένοις</span> <span class='ocrx_word' id='word_1_90' title='bbox 2846 744 2954 812; x_wconf 78' lang='grc' dir='ltr'><strong>πρὸ</strong></span> <span class='ocrx_word' id='word_1_91' title='bbox 2985 741 3215 810; x_wconf 84' lang='grc' dir='ltr'><strong>τειχέων</strong></span> <span class='ocrx_word' id='word_1_92' title='bbox 3247 740 3501 810; x_wconf 79' lang='grc' dir='ltr'><strong>χώμασιν</strong></span> <span class='ocrx_word' id='word_1_93' title='bbox 3525 784 3537 802; x_wconf 89' lang='grc'><strong>,</strong></span> <span class='ocrx_word' id='word_1_94' title='bbox 3573 739 3611 794; x_wconf 75' lang='grc' dir='ltr'><strong>ἀ</strong></span> <span class='ocrx_word' id='word_1_95' title='bbox 3645 741 3711 811; x_wconf 81' lang='grc' dir='ltr'>δὴ</span> 
     </span>
    </p>
   </div>
   <div class='ocr_carea' id='block_1_14' title="bbox 2134 830 3714 902">
    <p class='ocr_par' dir='ltr' id='par_1_14' title="bbox 2134 830 3714 902">
     <span class='ocr_line' id='line_1_14' title="bbox 2134 830 3714 902; baseline -0.001 -17"><span class='ocrx_word' id='word_1_96' title='bbox 2134 833 2231 887; x_wconf 79' lang='grc' dir='ltr'>καὶ</span> <span class='ocrx_word' id='word_1_97' title='bbox 2271 834 2411 889; x_wconf 78' lang='grc' dir='ltr'>αὐτὰ</span> <span class='ocrx_word' id='word_1_98' title='bbox 2454 835 2724 902; x_wconf 83' lang='grc' dir='ltr'>σκευωρεῖ</span> <span class='ocrx_word' id='word_1_99' title='bbox 2768 849 2898 885; x_wconf 87' lang='grc' dir='ltr'>ποτε</span> <span class='ocrx_word' id='word_1_100' title='bbox 2945 831 3202 900; x_wconf 84' lang='grc' dir='ltr'>πόλεμος,</span> <span class='ocrx_word' id='word_1_101' title='bbox 3241 831 3354 883; x_wconf 83' lang='lat' dir='ltr'><strong>Kal</strong></span> <span class='ocrx_word' id='word_1_102' title='bbox 3393 830 3570 885; x_wconf 81' lang='grc' dir='ltr'>ταῦτα</span> <span class='ocrx_word' id='word_1_103' title='bbox 3612 831 3714 900; x_wconf 83' lang='grc' dir='ltr'><strong>μὲν</strong></span> 
     </span>
    </p>
   </div>
   <div class='ocr_carea' id='block_1_15' title="bbox 2134 923 3707 995">
    <p class='ocr_par' dir='ltr' id='par_1_15' title="bbox 2134 923 3707 995">
     <span class='ocr_line' id='line_1_15' title="bbox 2134 923 3707 995; baseline -0.001 -18"><span class='ocrx_word' id='word_1_104' title='bbox 2134 925 2271 995; x_wconf 64' lang='grc' dir='ltr'>πρὸς</span> <span class='ocrx_word' id='word_1_105' title='bbox 2300 928 2364 995; x_wconf 80' lang='grc' dir='ltr'>τῇ</span> <span class='ocrx_word' id='word_1_106' title='bbox 2397 925 2538 995; x_wconf 82' lang='grc' dir='ltr'>πύλῃ</span> <span class='ocrx_word' id='word_1_107' title='bbox 2564 926 2662 992; x_wconf 80' lang='grc' dir='ltr'><strong>τῆς</strong></span> <span class='ocrx_word' id='word_1_108' title='bbox 2690 923 3060 991; x_wconf 83' lang='grc' dir='ltr'>ἀκροπόλεως,</span> <span class='ocrx_word' id='word_1_109' title='bbox 3088 925 3155 993; x_wconf 78' lang='grc' dir='ltr'>τῇ</span> <span class='ocrx_word' id='word_1_110' title='bbox 3181 938 3244 990; x_wconf 89' lang='grc' dir='ltr'>γε</span> <span class='ocrx_word' id='word_1_111' title='bbox 3271 924 3707 993; x_wconf 82' lang='grc' dir='ltr'>προφαινομένῃ.</span> 
     </span>
    </p>
   </div>
   <div class='ocr_carea' id='block_1_16' title="bbox 454 1011 3709 1089">
    <p class='ocr_par' dir='ltr' id='par_1_16' title="bbox 454 1011 3709 1089">
     <span class='ocr_line' id='line_1_16' title="bbox 454 1011 3709 1089; baseline -0 -24"><span class='ocrx_word' id='word_1_112' title='bbox 454 1011 562 1072; x_wconf 74' lang='lat' dir='ltr'><strong>Ui);</strong></span> <span class='ocrx_word' id='word_1_113' title='bbox 586 1013 643 1065; x_wconf 85' lang='grc' dir='ltr'><strong>δέ</strong></span> <span class='ocrx_word' id='word_1_114' title='bbox 675 1014 901 1083; x_wconf 77' lang='grc' dir='ltr'>συνέσχε</span> <span class='ocrx_word' id='word_1_115' title='bbox 930 1014 1025 1067; x_wconf 74' lang='grc' dir='ltr'><strong>καὶ</strong></span> <span class='ocrx_word' id='word_1_116' title='bbox 1053 1015 1085 1083; x_wconf 84' lang='grc' dir='ltr'>ἡ</span> <span class='ocrx_word' id='word_1_117' title='bbox 1112 1014 1397 1084; x_wconf 79' lang='grc' dir='ltr'><strong>ἐνδοτέρω,</strong></span> <span class='ocrx_word' id='word_1_118' title='bbox 1426 1014 1515 1067; x_wconf 85' lang='grc' dir='ltr'>ὅτε</span> <span class='ocrx_word' id='word_1_119' title='bbox 1546 1013 1576 1064; x_wconf 87' lang='grc' dir='ltr'><strong>ὁ</strong></span> <span class='ocrx_word' id='word_1_120' title='bbox 1607 1013 1825 1084; x_wconf 85' lang='grc' dir='ltr'>ἀχρεῖος</span> <span class='ocrx_word' id='word_1_121' title='bbox 1852 1014 2023 1084; x_wconf 77' lang='grc' dir='ltr'>αὐτὴν</span> <span class='ocrx_word' id='word_1_122' title='bbox 2062 1013 2307 1087; x_wconf 79' lang='grc' dir='ltr'><strong>ἀκαίρως</strong></span> <span class='ocrx_word' id='word_1_123' title='bbox 2339 1018 2617 1089; x_wconf 76' lang='grc' dir='ltr'><strong>κατήραξε</strong></span> <span class='ocrx_word' id='word_1_124' title='bbox 2652 1017 2980 1087; x_wconf 81' lang='grc' dir='ltr'>στρατηγὸς,</span> <span class='ocrx_word' id='word_1_125' title='bbox 3012 1015 3446 1087; x_wconf 77' lang='grc' dir='ltr'>παρεισφθαρεὶς</span> <span class='ocrx_word' id='word_1_126' title='bbox 3509 1016 3568 1067; x_wconf 87' lang='grc' dir='ltr'><strong>ἐν</strong></span> <span class='ocrx_word' id='word_1_127' title='bbox 3631 1014 3709 1081; x_wconf 80' lang='grc' dir='ltr'>τῷ</span> 
     </span>
    </p>
   </div>
   <div class='ocr_carea' id='block_1_17' title="bbox 475 1102 1754 1180">
    <p class='ocr_par' dir='ltr' id='par_1_17' title="bbox 475 1102 1754 1180">
     <span class='ocr_line' id='line_1_17' title="bbox 475 1102 1754 1180; baseline 0.005 -22"><span class='ocrx_word' id='word_1_128' title='bbox 475 1108 681 1175; x_wconf 86' lang='grc' dir='ltr'>εύγειν,</span> <span class='ocrx_word' id='word_1_129' title='bbox 712 1107 847 1177; x_wconf 80' lang='grc' dir='ltr'>ἄλλη</span> <span class='ocrx_word' id='word_1_130' title='bbox 883 1108 1165 1178; x_wconf 83' lang='grc' dir='ltr'>τραγῳδία</span> <span class='ocrx_word' id='word_1_131' title='bbox 1198 1102 1344 1161; x_wconf 75' lang='grc' dir='ltr'>οὗτοι</span> <span class='ocrx_word' id='word_1_132' title='bbox 1375 1109 1754 1180; x_wconf 83' lang='grc' dir='ltr'>καινὸτροπος.</span> 
     </span>
    </p>
   </div>
   <div class='ocr_carea' id='block_1_18' title="bbox 524 1201 2024 1267">
    <p class='ocr_par' dir='ltr' id='par_1_18' title="bbox 524 1201 2024 1267">
     <span class='ocr_line' id='line_1_18' title="bbox 524 1201 2024 1267; baseline 0.002 -11"><span class='ocrx_word' id='word_1_133' title='bbox 524 1203 577 1257; x_wconf 88' lang='lat'><strong>6.</strong></span> <span class='ocrx_word' id='word_1_134' title='bbox 612 1201 779 1267; x_wconf 82' lang='lat' dir='ltr'><strong>Quasi</strong></span> <span class='ocrx_word' id='word_1_135' title='bbox 828 1203 973 1257; x_wconf 89' lang='lat' dir='ltr'><strong>enim</strong></span> <span class='ocrx_word' id='word_1_136' title='bbox 1027 1217 1135 1255; x_wconf 90' lang='lat' dir='ltr'><strong>non</strong></span> <span class='ocrx_word' id='word_1_137' title='bbox 1200 1202 1336 1256; x_wconf 84' lang='lat' dir='ltr'><strong>satis</strong></span> <span class='ocrx_word' id='word_1_138' title='bbox 1388 1204 1541 1256; x_wconf 87' lang='lat' dir='ltr'><strong>multi</strong></span> <span class='ocrx_word' id='word_1_139' title='bbox 1588 1203 1859 1259; x_wconf 82' lang='lat' dir='ltr'><strong>interfecti</strong></span> <span class='ocrx_word' id='word_1_140' title='bbox 1896 1204 2024 1259; x_wconf 64' lang='lat' dir='ltr'><strong>alibi</strong></span> 
     </span>
    </p>
   </div>
   <div class='ocr_carea' id='block_1_19' title="bbox 452 1292 2027 1364">
    <p class='ocr_par' dir='ltr' id='par_1_19' title="bbox 452 1292 2027 1364">
     <span class='ocr_line' id='line_1_19' title="bbox 452 1292 2027 1364; baseline -0.001 -15"><span class='ocrx_word' id='word_1_141' title='bbox 452 1293 708 1357; x_wconf 77' lang='lat' dir='ltr'><strong>fuissent,</strong></span> <span class='ocrx_word' id='word_1_142' title='bbox 734 1292 821 1346; x_wconf 90' lang='lat' dir='ltr'><strong>ille</strong></span> <span class='ocrx_word' id='word_1_143' title='bbox 852 1307 1054 1362; x_wconf 83' lang='lat' dir='ltr'><strong>parvus</strong></span> <span class='ocrx_word' id='word_1_144' title='bbox 1084 1292 1311 1362; x_wconf 85' lang='lat' dir='ltr'><strong>pulchre</strong></span> <span class='ocrx_word' id='word_1_145' title='bbox 1336 1293 1503 1361; x_wconf 78' lang='lat' dir='ltr'><strong>gestis</strong></span> <span class='ocrx_word' id='word_1_146' title='bbox 1533 1292 1628 1349; x_wconf 88' lang='lat' dir='ltr'><strong>sed</strong></span> <span class='ocrx_word' id='word_1_147' title='bbox 1656 1309 1885 1364; x_wconf 87' lang='lat' dir='ltr'><strong>magnus</strong></span> <span class='ocrx_word' id='word_1_148' title='bbox 1911 1311 2027 1364; x_wconf 85' lang='lat' dir='ltr'><strong>pra-</strong></span> 
     </span>
    </p>
   </div>
   <div class='ocr_carea' id='block_1_20' title="bbox 2205 1198 3702 1273">
    <p class='ocr_par' dir='ltr' id='par_1_20' title="bbox 2205 1198 3702 1273">
     <span class='ocr_line' id='line_1_20' title="bbox 2205 1198 3702 1273; baseline -0.005 -15"><span class='ocrx_word' id='word_1_149' title='bbox 2205 1204 2281 1269; x_wconf 78' lang='grc' dir='ltr'><strong>ς’.</strong></span> <span class='ocrx_word' id='word_1_150' title='bbox 2312 1204 2522 1273; x_wconf 69' lang='grc' dir='ltr'>Ὠσπερ</span> <span class='ocrx_word' id='word_1_151' title='bbox 2552 1204 2659 1272; x_wconf 83' lang='grc' dir='ltr'>γὰρ</span> <span class='ocrx_word' id='word_1_152' title='bbox 2694 1202 2769 1273; x_wconf 87' lang='grc' dir='ltr'>μὴ</span> <span class='ocrx_word' id='word_1_153' title='bbox 2799 1203 3112 1272; x_wconf 82' lang='grc' dir='ltr'>ἀρκούντων</span> <span class='ocrx_word' id='word_1_154' title='bbox 3144 1200 3257 1254; x_wconf 81' lang='grc' dir='ltr'>τῶν</span> <span class='ocrx_word' id='word_1_155' title='bbox 3276 1198 3448 1262; x_wconf 78' lang='grc' dir='ltr'>ἄλλως</span> <span class='ocrx_word' id='word_1_156' title='bbox 3481 1216 3702 1253; x_wconf 80' lang='grc' dir='ltr'>πεπτωο</span> 
     </span>
    </p>
   </div>
   <div class='ocr_carea' id='block_1_21' title="bbox 2132 1291 3709 1367">
    <p class='ocr_par' dir='ltr' id='par_1_21' title="bbox 2132 1291 3709 1367">
     <span class='ocr_line' id='line_1_21' title="bbox 2132 1291 3709 1367; baseline -0.004 -18"><span class='ocrx_word' id='word_1_157' title='bbox 2132 1296 2327 1360; x_wconf 83' lang='grc' dir='ltr'>κότων,</span> <span class='ocrx_word' id='word_1_158' title='bbox 2360 1296 2783 1367; x_wconf 81' lang='grc' dir='ltr'>προσεπηύξησε</span> <span class='ocrx_word' id='word_1_159' title='bbox 2810 1296 2870 1346; x_wconf 76' lang='grc' dir='ltr'>τὸ</span> <span class='ocrx_word' id='word_1_160' title='bbox 2897 1296 3069 1349; x_wconf 79' lang='grc' dir='ltr'>κακὸν</span> <span class='ocrx_word' id='word_1_161' title='bbox 3092 1295 3299 1355; x_wconf 83' lang='grc' dir='ltr'>ἐκεῖνος</span> <span class='ocrx_word' id='word_1_162' title='bbox 3325 1293 3354 1345; x_wconf 83' lang='grc' dir='ltr'><strong>ὁ</strong></span> <span class='ocrx_word' id='word_1_163' title='bbox 3383 1291 3579 1362; x_wconf 83' lang='grc' dir='ltr'>μικρὸς</span> <span class='ocrx_word' id='word_1_164' title='bbox 3607 1291 3709 1360; x_wconf 82' lang='grc' dir='ltr'>μὲν</span> 
     </span>
    </p>
   </div>
   <div class='ocr_carea' id='block_1_22' title="bbox 451 1377 2026 1457">
    <p class='ocr_par' dir='ltr' id='par_1_22' title="bbox 451 1383 2026 1454">
     <span class='ocr_line' id='line_1_22' title="bbox 451 1383 2026 1454; baseline 0.001 -16"><span class='ocrx_word' id='word_1_165' title='bbox 451 1386 616 1438; x_wconf 82' lang='lat' dir='ltr'><strong>vitate</strong></span> <span class='ocrx_word' id='word_1_166' title='bbox 645 1383 797 1437; x_wconf 74' lang='lat' dir='ltr'><strong>auxit</strong></span> <span class='ocrx_word' id='word_1_167' title='bbox 828 1383 1029 1438; x_wconf 90' lang='lat' dir='ltr'><strong>malum</strong></span> <span class='ocrx_word' id='word_1_168' title='bbox 1057 1398 1072 1448; x_wconf 92' lang='lat'><strong>;</strong></span> <span class='ocrx_word' id='word_1_169' title='bbox 1103 1397 1165 1438; x_wconf 90' lang='lat' dir='ltr'><strong>ac</strong></span> <span class='ocrx_word' id='word_1_170' title='bbox 1191 1384 1415 1452; x_wconf 80' lang='lat' dir='ltr'><strong>insuper</strong></span> <span class='ocrx_word' id='word_1_171' title='bbox 1441 1391 1699 1454; x_wconf 82' lang='lat' dir='ltr'><strong>tanquam</strong></span> <span class='ocrx_word' id='word_1_172' title='bbox 1728 1385 2026 1441; x_wconf 82' lang='lat' dir='ltr'><strong>calamitati</strong></span> 
     </span>
    </p>
   </div>
   <div class='ocr_carea' id='block_1_23' title="bbox 2131 1377 3708 1457">
    <p class='ocr_par' dir='ltr' id='par_1_23' title="bbox 2131 1377 3708 1457">
     <span class='ocr_line' id='line_1_23' title="bbox 2131 1377 3708 1457; baseline -0.005 -16"><span class='ocrx_word' id='word_1_173' title='bbox 2131 1388 2203 1441; x_wconf 83' lang='grc' dir='ltr'>τὰ</span> <span class='ocrx_word' id='word_1_174' title='bbox 2232 1387 2407 1449; x_wconf 81' lang='grc' dir='ltr'>καλὰ,</span> <span class='ocrx_word' id='word_1_175' title='bbox 2440 1387 2614 1454; x_wconf 85' lang='grc' dir='ltr'>μέγας</span> <span class='ocrx_word' id='word_1_176' title='bbox 2642 1387 2699 1439; x_wconf 85' lang='grc' dir='ltr'>δὲ</span> <span class='ocrx_word' id='word_1_177' title='bbox 2729 1388 2828 1457; x_wconf 85' lang='grc' dir='ltr'>τὴν</span> <span class='ocrx_word' id='word_1_178' title='bbox 2857 1385 3127 1456; x_wconf 83' lang='grc' dir='ltr'><strong>πονηρίαν</strong></span> <span class='ocrx_word' id='word_1_179' title='bbox 3149 1400 3163 1415; x_wconf 74' lang='grc' dir='ltr'><strong><em>ο</em></strong></span> <span class='ocrx_word' id='word_1_180' title='bbox 3197 1382 3292 1436; x_wconf 79' lang='grc' dir='ltr'>καὶ</span> <span class='ocrx_word' id='word_1_181' title='bbox 3319 1377 3432 1435; x_wconf 76' lang='grc' dir='ltr'>οἷόν</span> <span class='ocrx_word' id='word_1_182' title='bbox 3463 1397 3588 1434; x_wconf 89' lang='grc' dir='ltr'>τινα</span> <span class='ocrx_word' id='word_1_183' title='bbox 3616 1397 3708 1433; x_wconf 83' lang='grc' dir='ltr'><strong>κο-</strong></span> 
     </span>
    </p>
   </div>
   <div class='ocr_carea' id='block_1_24' title="bbox 450 1471 2026 1550">
    <p class='ocr_par' dir='ltr' id='par_1_24' title="bbox 450 1471 2026 1547">
     <span class='ocr_line' id='line_1_24' title="bbox 450 1471 2026 1547; baseline 0.002 -19"><span class='ocrx_word' id='word_1_184' title='bbox 450 1472 906 1543; x_wconf 88' lang='lat' dir='ltr'><strong>complementum</strong></span> <span class='ocrx_word' id='word_1_185' title='bbox 942 1471 1093 1528; x_wconf 83' lang='lat' dir='ltr'><strong>dedit</strong></span> <span class='ocrx_word' id='word_1_186' title='bbox 1117 1487 1227 1528; x_wconf 88' lang='lat' dir='ltr'><strong>non</strong></span> <span class='ocrx_word' id='word_1_187' title='bbox 1274 1473 1391 1543; x_wconf 85' lang='lat' dir='ltr'><strong>ipsa</strong></span> <span class='ocrx_word' id='word_1_188' title='bbox 1426 1489 1586 1529; x_wconf 89' lang='lat' dir='ltr'><strong>manu</strong></span> <span class='ocrx_word' id='word_1_189' title='bbox 1612 1475 1795 1547; x_wconf 86' lang='lat' dir='ltr'><strong>gladio</strong></span> <span class='ocrx_word' id='word_1_190' title='bbox 1820 1476 2026 1531; x_wconf 81' lang='lat' dir='ltr'><strong>interﬂ-</strong></span> 
     </span>
    </p>
   </div>
   <div class='ocr_carea' id='block_1_25' title="bbox 2131 1471 3711 1550">
    <p class='ocr_par' dir='ltr' id='par_1_25' title="bbox 2135 1472 3711 1550">
     <span class='ocr_line' id='line_1_25' title="bbox 2135 1472 3711 1550; baseline -0.003 -19"><span class='ocrx_word' id='word_1_191' title='bbox 2135 1480 2334 1550; x_wconf 89' lang='grc' dir='ltr'>ρωνίδα</span> <span class='ocrx_word' id='word_1_192' title='bbox 2369 1480 2462 1532; x_wconf 72' lang='lat' dir='ltr'><strong>xal</strong></span> <span class='ocrx_word' id='word_1_193' title='bbox 2496 1479 2660 1542; x_wconf 79' lang='grc' dir='ltr'>αὐτὸς</span> <span class='ocrx_word' id='word_1_194' title='bbox 2692 1477 2770 1547; x_wconf 83' lang='grc' dir='ltr'><strong>τῷ</strong></span> <span class='ocrx_word' id='word_1_195' title='bbox 2805 1478 3185 1547; x_wconf 85' lang='grc' dir='ltr'><strong>δυστυχήματι</strong></span> <span class='ocrx_word' id='word_1_196' title='bbox 3220 1472 3673 1543; x_wconf 81' lang='grc' dir='ltr'>ἐκεφαλαιώσατο</span> <span class='ocrx_word' id='word_1_197' title='bbox 3694 1512 3711 1540; x_wconf 92' lang='grc'><strong>,</strong></span> 
     </span>
    </p>
   </div>
   <div class='ocr_carea' id='block_1_26' title="bbox 460 1562 2026 1641">
    <p class='ocr_par' dir='ltr' id='par_1_26' title="bbox 460 1562 2026 1637">
     <span class='ocr_line' id='line_1_26' title="bbox 460 1562 2026 1637; baseline 0.004 -20"><span class='ocrx_word' id='word_1_198' title='bbox 460 1565 613 1618; x_wconf 78' lang='lat' dir='ltr'><strong>ciens</strong></span> <span class='ocrx_word' id='word_1_199' title='bbox 644 1579 786 1634; x_wconf 87' lang='lat' dir='ltr'><strong>quos</strong></span> <span class='ocrx_word' id='word_1_200' title='bbox 813 1562 957 1618; x_wconf 83' lang='lat' dir='ltr'><strong>malo</strong></span> <span class='ocrx_word' id='word_1_201' title='bbox 985 1563 1218 1619; x_wconf 84' lang='lat' dir='ltr'><strong>consilio</strong></span> <span class='ocrx_word' id='word_1_202' title='bbox 1257 1563 1491 1629; x_wconf 69' lang='lat' dir='ltr'><strong>fuderat,</strong></span> <span class='ocrx_word' id='word_1_203' title='bbox 1518 1564 1612 1621; x_wconf 88' lang='lat' dir='ltr'><strong>sed</strong></span> <span class='ocrx_word' id='word_1_204' title='bbox 1650 1566 1940 1637; x_wconf 76' lang='lat' dir='ltr'><strong>przecipne,</strong></span> <span class='ocrx_word' id='word_1_205' title='bbox 1969 1577 2026 1624; x_wconf 93' lang='lat' dir='ltr'><strong>ut</strong></span> 
     </span>
    </p>
   </div>
   <div class='ocr_carea' id='block_1_27' title="bbox 2131 1562 3711 1641">
    <p class='ocr_par' dir='ltr' id='par_1_27' title="bbox 2131 1568 3711 1641">
     <span class='ocr_line' id='line_1_27' title="bbox 2131 1568 3711 1641; baseline -0.006 -16"><span class='ocrx_word' id='word_1_206' title='bbox 2131 1571 2234 1626; x_wconf 83' lang='grc' dir='ltr'>οὐκ</span> <span class='ocrx_word' id='word_1_207' title='bbox 2276 1571 2649 1641; x_wconf 71' lang='grc' dir='ltr'><strong>ἀνασχόμενος</strong></span> <span class='ocrx_word' id='word_1_208' title='bbox 2688 1571 2762 1641; x_wconf 81' lang='grc' dir='ltr'><strong>μὴ</strong></span> <span class='ocrx_word' id='word_1_209' title='bbox 2798 1569 2898 1622; x_wconf 73' lang='grc' dir='ltr'>καὶ</span> <span class='ocrx_word' id='word_1_210' title='bbox 2931 1569 3215 1639; x_wconf 83' lang='grc' dir='ltr'>αὐτόχειρι</span> <span class='ocrx_word' id='word_1_211' title='bbox 3250 1568 3396 1638; x_wconf 80' lang='grc' dir='ltr'>φόνῳ</span> <span class='ocrx_word' id='word_1_212' title='bbox 3439 1580 3711 1636; x_wconf 82' lang='grc' dir='ltr'>προσεπι·</span> 
     </span>
    </p>
   </div>
   <div class='ocr_carea' id='block_1_28' title="bbox 451 1652 2026 1731">
    <p class='ocr_par' dir='ltr' id='par_1_28' title="bbox 451 1652 2026 1725">
     <span class='ocr_line' id='line_1_28' title="bbox 451 1652 2026 1725; baseline 0.006 -21"><span class='ocrx_word' id='word_1_213' title='bbox 451 1669 640 1708; x_wconf 81' lang='lat' dir='ltr'><strong>verum</strong></span> <span class='ocrx_word' id='word_1_214' title='bbox 676 1654 879 1719; x_wconf 87' lang='lat' dir='ltr'><strong>dicam,</strong></span> <span class='ocrx_word' id='word_1_215' title='bbox 905 1652 1113 1709; x_wconf 85' lang='lat' dir='ltr'><strong>collisis</strong></span> <span class='ocrx_word' id='word_1_216' title='bbox 1149 1653 1358 1709; x_wconf 86' lang='lat' dir='ltr'><strong>viribus</strong></span> <span class='ocrx_word' id='word_1_217' title='bbox 1397 1669 1493 1724; x_wconf 91' lang='lat' dir='ltr'><strong>pro</strong></span> <span class='ocrx_word' id='word_1_218' title='bbox 1543 1670 1720 1725; x_wconf 84' lang='lat' dir='ltr'><strong>pugna</strong></span> <span class='ocrx_word' id='word_1_219' title='bbox 1754 1671 1819 1711; x_wconf 87' lang='lat' dir='ltr'><strong>ac</strong></span> <span class='ocrx_word' id='word_1_220' title='bbox 1841 1665 2026 1713; x_wconf 88' lang='lat' dir='ltr'><strong>custo-</strong></span> 
     </span>
    </p>
   </div>
   <div class='ocr_carea' id='block_1_29' title="bbox 2131 1652 3710 1731">
    <p class='ocr_par' dir='ltr' id='par_1_29' title="bbox 2131 1657 3710 1731">
     <span class='ocr_line' id='line_1_29' title="bbox 2131 1657 3710 1731; baseline -0.004 -16"><span class='ocrx_word' id='word_1_221' title='bbox 2131 1662 2366 1731; x_wconf 76' lang='grc' dir='ltr'>ϐλάψαι.</span> <span class='ocrx_word' id='word_1_222' title='bbox 2400 1661 2493 1726; x_wconf 77' lang='grc' dir='ltr'><strong>οὓς</strong></span> <span class='ocrx_word' id='word_1_223' title='bbox 2527 1662 2878 1724; x_wconf 77' lang='grc' dir='ltr'>δυσϐουλίαις</span> <span class='ocrx_word' id='word_1_224' title='bbox 2909 1661 3398 1731; x_wconf 81' lang='grc' dir='ltr'>κατεστρατήγησε</span> <span class='ocrx_word' id='word_1_225' title='bbox 3419 1701 3434 1721; x_wconf 90' lang='grc'><strong>,</strong></span> <span class='ocrx_word' id='word_1_226' title='bbox 3473 1657 3710 1727; x_wconf 88' lang='grc' dir='ltr'>μάλιστα</span> 
     </span>
    </p>
   </div>
   <div class='ocr_carea' id='block_1_30' title="bbox 450 1727 2026 1822">
    <p class='ocr_par' dir='ltr' id='par_1_30' title="bbox 450 1742 2023 1815">
     <span class='ocr_line' id='line_1_30' title="bbox 450 1742 2023 1815; baseline 0.003 -17"><span class='ocrx_word' id='word_1_227' title='bbox 450 1742 562 1808; x_wconf 84' lang='lat' dir='ltr'><strong>dia,</strong></span> <span class='ocrx_word' id='word_1_228' title='bbox 592 1753 649 1797; x_wconf 93' lang='lat' dir='ltr'><strong>ut</strong></span> <span class='ocrx_word' id='word_1_229' title='bbox 683 1758 865 1798; x_wconf 81' lang='lat' dir='ltr'><strong>sermo</strong></span> <span class='ocrx_word' id='word_1_230' title='bbox 884 1745 1187 1815; x_wconf 83' lang='lat' dir='ltr'><strong>procedens</strong></span> <span class='ocrx_word' id='word_1_231' title='bbox 1221 1744 1366 1799; x_wconf 88' lang='lat' dir='ltr'><strong>clare</strong></span> <span class='ocrx_word' id='word_1_232' title='bbox 1410 1745 1827 1802; x_wconf 88' lang='lat' dir='ltr'><strong>demonstrabit.</strong></span> <span class='ocrx_word' id='word_1_233' title='bbox 1861 1747 1936 1802; x_wconf 89' lang='lat' dir='ltr'><strong>Ita</strong></span> <span class='ocrx_word' id='word_1_234' title='bbox 1969 1760 2023 1803; x_wconf 90' lang='lat' dir='ltr'><strong>ut</strong></span> 
     </span>
    </p>
   </div>
   <div class='ocr_carea' id='block_1_31' title="bbox 2131 1727 3711 1822">
    <p class='ocr_par' dir='ltr' id='par_1_31' title="bbox 2132 1727 3711 1822">
     <span class='ocr_line' id='line_1_31' title="bbox 2132 1727 3711 1822; baseline -0.005 -15"><span class='ocrx_word' id='word_1_235' title='bbox 2132 1754 2176 1807; x_wconf 75' lang='grc' dir='ltr'>δ’</span> <span class='ocrx_word' id='word_1_236' title='bbox 2205 1727 2382 1807; x_wconf 77' lang='grc' dir='ltr'>είπεῖν</span> <span class='ocrx_word' id='word_1_237' title='bbox 2437 1753 2695 1822; x_wconf 77' lang='grc' dir='ltr'>τάληθὲς,</span> <span class='ocrx_word' id='word_1_238' title='bbox 2726 1755 2848 1816; x_wconf 85' lang='grc' dir='ltr'>ταῖς</span> <span class='ocrx_word' id='word_1_239' title='bbox 2877 1755 2960 1815; x_wconf 88' lang='grc' dir='ltr'>εἰς</span> <span class='ocrx_word' id='word_1_240' title='bbox 2992 1727 3174 1822; x_wconf 72' lang='grc' dir='ltr'>μάχῆν</span> <span class='ocrx_word' id='word_1_241' title='bbox 3201 1727 3297 1804; x_wconf 79' lang='grc' dir='ltr'>καὶ</span> <span class='ocrx_word' id='word_1_242' title='bbox 3322 1727 3582 1820; x_wconf 13' lang='grc' dir='ltr'>ἠφυλακὴν</span> <span class='ocrx_word' id='word_1_243' title='bbox 3609 1765 3711 1801; x_wconf 81' lang='grc' dir='ltr'>κα-</span> 
     </span>
    </p>
   </div>
   <div class='ocr_carea' id='block_1_32' title="bbox 450 1834 2026 1913">
    <p class='ocr_par' dir='ltr' id='par_1_32' title="bbox 450 1834 2026 1905">
     <span class='ocr_line' id='line_1_32' title="bbox 450 1834 2026 1905; baseline 0.003 -16"><span class='ocrx_word' id='word_1_244' title='bbox 450 1834 948 1889; x_wconf 83' lang='lat' dir='ltr'><strong>machioationibus</strong></span> <span class='ocrx_word' id='word_1_245' title='bbox 977 1834 1092 1890; x_wconf 80' lang='lat' dir='ltr'><strong>suis</strong></span> <span class='ocrx_word' id='word_1_246' title='bbox 1124 1834 1310 1890; x_wconf 87' lang='lat' dir='ltr'><strong>hostes</strong></span> <span class='ocrx_word' id='word_1_247' title='bbox 1330 1838 1395 1890; x_wconf 58' lang='lat' dir='ltr'><strong>all</strong></span> <span class='ocrx_word' id='word_1_248' title='bbox 1429 1851 1487 1891; x_wconf 90' lang='lat' dir='ltr'><strong>se</strong></span> <span class='ocrx_word' id='word_1_249' title='bbox 1520 1838 1874 1905; x_wconf 84' lang='lat' dir='ltr'><strong>converterit,</strong></span> <span class='ocrx_word' id='word_1_250' title='bbox 1900 1839 2026 1894; x_wconf 91' lang='lat' dir='ltr'><strong>licet</strong></span> 
     </span>
    </p>
   </div>
   <div class='ocr_carea' id='block_1_33' title="bbox 2131 1834 3714 1913">
    <p class='ocr_par' dir='ltr' id='par_1_33' title="bbox 2132 1837 3714 1913">
     <span class='ocr_line' id='line_1_33' title="bbox 2132 1837 3714 1913; baseline -0.004 -16"><span class='ocrx_word' id='word_1_251' title='bbox 2132 1842 2424 1913; x_wconf 86' lang='grc' dir='ltr'>θυφέσεσιν</span> <span class='ocrx_word' id='word_1_252' title='bbox 2446 1884 2461 1910; x_wconf 89' lang='grc'><strong>,</strong></span> <span class='ocrx_word' id='word_1_253' title='bbox 2489 1844 2564 1907; x_wconf 84' lang='grc' dir='ltr'>ὡς</span> <span class='ocrx_word' id='word_1_254' title='bbox 2595 1845 2624 1896; x_wconf 83' lang='grc' dir='ltr'><strong>ό</strong></span> <span class='ocrx_word' id='word_1_255' title='bbox 2655 1844 2814 1911; x_wconf 82' lang='grc' dir='ltr'>λόγος</span> <span class='ocrx_word' id='word_1_256' title='bbox 2848 1842 3166 1913; x_wconf 54' lang='grc' dir='ltr'>προϐαίνων</span> <span class='ocrx_word' id='word_1_257' title='bbox 3196 1840 3450 1909; x_wconf 83' lang='grc' dir='ltr'>ἐκφανῶς</span> <span class='ocrx_word' id='word_1_258' title='bbox 3479 1837 3714 1906; x_wconf 80' lang='grc' dir='ltr'>διαγρά-</span> 
     </span>
    </p>
   </div>
   <div class='ocr_carea' id='block_1_34' title="bbox 453 1925 2025 1999">
    <p class='ocr_par' dir='ltr' id='par_1_34' title="bbox 453 1925 2025 1999">
     <span class='ocr_line' id='line_1_34' title="bbox 453 1925 2025 1999; baseline 0.005 -21"><span class='ocrx_word' id='word_1_259' title='bbox 453 1925 598 1981; x_wconf 86' lang='lat' dir='ltr'><strong>hanc</strong></span> <span class='ocrx_word' id='word_1_260' title='bbox 624 1926 896 1979; x_wconf 82' lang='lat' dir='ltr'><strong>civitatem</strong></span> <span class='ocrx_word' id='word_1_261' title='bbox 933 1927 1013 1980; x_wconf 84' lang='lat' dir='ltr'><strong>sic</strong></span> <span class='ocrx_word' id='word_1_262' title='bbox 1049 1926 1227 1996; x_wconf 83' lang='lat' dir='ltr'><strong>perire</strong></span> <span class='ocrx_word' id='word_1_263' title='bbox 1256 1927 1547 1989; x_wconf 86' lang='lat' dir='ltr'><strong>dimiserit,</strong></span> <span class='ocrx_word' id='word_1_264' title='bbox 1577 1939 1876 1999; x_wconf 77' lang='lat' dir='ltr'><strong>auctorque</strong></span> <span class='ocrx_word' id='word_1_265' title='bbox 1918 1946 2025 1987; x_wconf 73' lang='lat' dir='ltr'><strong>ca:-</strong></span> 
     </span>
    </p>
   </div>
   <div class='ocr_carea' id='block_1_35' title="bbox 449 2006 2027 2087">
    <p class='ocr_par' dir='ltr' id='par_1_35' title="bbox 449 2006 2027 2087">
     <span class='ocr_line' id='line_1_35' title="bbox 449 2006 2027 2087; baseline 0.006 -20"><span class='ocrx_word' id='word_1_266' title='bbox 449 2006 614 2067; x_wconf 79' lang='lat' dir='ltr'><strong>dium&#39;</strong></span> <span class='ocrx_word' id='word_1_267' title='bbox 668 2011 872 2078; x_wconf 76' lang='lat' dir='ltr'><strong>fuerit,</strong></span> <span class='ocrx_word' id='word_1_268' title='bbox 934 2013 1229 2071; x_wconf 86' lang='lat' dir='ltr'><strong>iunnolans</strong></span> <span class='ocrx_word' id='word_1_269' title='bbox 1277 2017 1395 2085; x_wconf 90' lang='lat' dir='ltr'><strong>ipse</strong></span> <span class='ocrx_word' id='word_1_270' title='bbox 1445 2018 1647 2087; x_wconf 86' lang='lat' dir='ltr'><strong>quibus</strong></span> <span class='ocrx_word' id='word_1_271' title='bbox 1720 2019 2027 2077; x_wconf 85' lang='lat' dir='ltr'><strong>indulserat</strong></span> 
     </span>
    </p>
   </div>
   <div class='ocr_carea' id='block_1_36' title="bbox 448 2103 2026 2183">
    <p class='ocr_par' dir='ltr' id='par_1_36' title="bbox 448 2103 2026 2183">
     <span class='ocr_line' id='line_1_36' title="bbox 448 2103 2026 2183; baseline 0.007 -26"><span class='ocrx_word' id='word_1_272' title='bbox 448 2110 683 2174; x_wconf 78' lang='lat' dir='ltr'><strong>tempus.</strong></span> <span class='ocrx_word' id='word_1_273' title='bbox 703 2103 818 2157; x_wconf 81' lang='lat' dir='ltr'><strong>Non</strong></span> <span class='ocrx_word' id='word_1_274' title='bbox 848 2106 993 2159; x_wconf 81' lang='lat' dir='ltr'><strong>enim</strong></span> <span class='ocrx_word' id='word_1_275' title='bbox 1015 2107 1156 2161; x_wconf 89' lang='lat' dir='ltr'><strong>alius</strong></span> <span class='ocrx_word' id='word_1_276' title='bbox 1174 2108 1343 2177; x_wconf 91' lang='lat' dir='ltr'><strong>jussit</strong></span> <span class='ocrx_word' id='word_1_277' title='bbox 1372 2108 1517 2163; x_wconf 86' lang='lat' dir='ltr'><strong>illam</strong></span> <span class='ocrx_word' id='word_1_278' title='bbox 1544 2112 1868 2181; x_wconf 74' lang='lat' dir='ltr'><strong>praecipuam</strong></span> <span class='ocrx_word' id='word_1_279' title='bbox 1901 2128 2026 2183; x_wconf 90' lang='lat' dir='ltr'><strong>por-</strong></span> 
     </span>
    </p>
   </div>
   <div class='ocr_carea' id='block_1_37' title="bbox 451 2195 2028 2274">
    <p class='ocr_par' dir='ltr' id='par_1_37' title="bbox 451 2195 2028 2274">
     <span class='ocr_line' id='line_1_37' title="bbox 451 2195 2028 2274; baseline 0.009 -28"><span class='ocrx_word' id='word_1_280' title='bbox 451 2201 562 2247; x_wconf 89' lang='lat' dir='ltr'><strong>tam</strong></span> <span class='ocrx_word' id='word_1_281' title='bbox 592 2195 903 2262; x_wconf 89' lang='lat' dir='ltr'><strong>demittere,</strong></span> <span class='ocrx_word' id='word_1_282' title='bbox 940 2213 1106 2267; x_wconf 87' lang='lat' dir='ltr'><strong>supra</strong></span> <span class='ocrx_word' id='word_1_283' title='bbox 1137 2199 1390 2254; x_wconf 80' lang='lat' dir='ltr'><strong>machina</strong></span> <span class='ocrx_word' id='word_1_284' title='bbox 1434 2201 1738 2269; x_wconf 83' lang='lat' dir='ltr'><strong>elevatam;</strong></span> <span class='ocrx_word' id='word_1_285' title='bbox 1762 2204 1869 2268; x_wconf 76' lang='lat' dir='ltr'><strong>sed</strong></span> <span class='ocrx_word' id='word_1_286' title='bbox 1911 2206 2028 2274; x_wconf 90' lang='lat' dir='ltr'><strong>ipse</strong></span> 
     </span>
    </p>
   </div>
   <div class='ocr_carea' id='block_1_38' title="bbox 450 2285 2027 2365">
    <p class='ocr_par' dir='ltr' id='par_1_38' title="bbox 450 2285 2027 2365">
     <span class='ocr_line' id='line_1_38' title="bbox 450 2285 2027 2365; baseline 0.008 -27"><span class='ocrx_word' id='word_1_287' title='bbox 450 2285 755 2341; x_wconf 84' lang='lat' dir='ltr'><strong>machinam</strong></span> <span class='ocrx_word' id='word_1_288' title='bbox 775 2288 1017 2355; x_wconf 83' lang='lat' dir='ltr'><strong>solvens,</strong></span> <span class='ocrx_word' id='word_1_289' title='bbox 1035 2292 1222 2344; x_wconf 84' lang='lat' dir='ltr'><strong>statim</strong></span> <span class='ocrx_word' id='word_1_290' title='bbox 1246 2291 1494 2358; x_wconf 87' lang='lat' dir='ltr'><strong>demisit,</strong></span> <span class='ocrx_word' id='word_1_291' title='bbox 1519 2293 1916 2365; x_wconf 78' lang='lat' dir='ltr'><strong>includensque</strong></span> <span class='ocrx_word' id='word_1_292' title='bbox 1935 2296 2027 2365; x_wconf 89' lang='lat' dir='ltr'><strong>qui</strong></span> 
     </span>
    </p>
   </div>
   <div class='ocr_carea' id='block_1_39' title="bbox 448 2378 2025 2450">
    <p class='ocr_par' dir='ltr' id='par_1_39' title="bbox 448 2378 2025 2450">
     <span class='ocr_line' id='line_1_39' title="bbox 448 2378 2025 2450; baseline 0.008 -22"><span class='ocrx_word' id='word_1_293' title='bbox 448 2378 981 2448; x_wconf 83' lang='lat' dir='ltr'><strong>penetrarant,cepit</strong></span> <span class='ocrx_word' id='word_1_294' title='bbox 1001 2396 1093 2436; x_wconf 83' lang='lat' dir='ltr'><strong>eos</strong></span> <span class='ocrx_word' id='word_1_295' title='bbox 1118 2383 1207 2450; x_wconf 87' lang='lat' dir='ltr'><strong>qui</strong></span> <span class='ocrx_word' id='word_1_296' title='bbox 1237 2383 1377 2437; x_wconf 86' lang='lat' dir='ltr'><strong>mala</strong></span> <span class='ocrx_word' id='word_1_297' title='bbox 1405 2395 1550 2438; x_wconf 87' lang='lat' dir='ltr'><strong>sorte</strong></span> <span class='ocrx_word' id='word_1_298' title='bbox 1572 2395 1933 2441; x_wconf 77' lang='lat' dir='ltr'><strong>accurre-runt</strong></span> <span class='ocrx_word' id='word_1_299' title='bbox 1971 2388 2025 2441; x_wconf 87' lang='lat' dir='ltr'><strong>in</strong></span> 
     </span>
    </p>
   </div>
   <div class='ocr_carea' id='block_1_40' title="bbox 449 2470 2030 2543">
    <p class='ocr_par' dir='ltr' id='par_1_40' title="bbox 449 2470 2030 2543">
     <span class='ocr_line' id='line_1_40' title="bbox 449 2470 2030 2543; baseline 0.006 -20"><span class='ocrx_word' id='word_1_300' title='bbox 449 2483 611 2525; x_wconf 80' lang='lat' dir='ltr'><strong>suum</strong></span> <span class='ocrx_word' id='word_1_301' title='bbox 645 2470 1359 2543; x_wconf 80' lang='lat' dir='ltr'><strong>exitium,strangulatinnis</strong></span> <span class='ocrx_word' id='word_1_302' title='bbox 1389 2485 1562 2533; x_wconf 89' lang='lat' dir='ltr'><strong>morte</strong></span> <span class='ocrx_word' id='word_1_303' title='bbox 1590 2478 1755 2531; x_wconf 81' lang='lat' dir='ltr'><strong>vitam</strong></span> <span class='ocrx_word' id='word_1_304' title='bbox 1784 2494 2030 2534; x_wconf 82' lang='lat' dir='ltr'><strong>commu-</strong></span> 
     </span>
    </p>
   </div>
   <div class='ocr_carea' id='block_1_41' title="bbox 449 2561 2027 2631">
    <p class='ocr_par' dir='ltr' id='par_1_41' title="bbox 449 2561 2027 2631">
     <span class='ocr_line' id='line_1_41' title="bbox 449 2561 2027 2631; baseline 0.006 -19"><span class='ocrx_word' id='word_1_305' title='bbox 449 2567 652 2621; x_wconf 86' lang='lat' dir='ltr'><strong>tantes,</strong></span> <span class='ocrx_word' id='word_1_306' title='bbox 700 2561 854 2615; x_wconf 87' lang='lat' dir='ltr'><strong>triste</strong></span> <span class='ocrx_word' id='word_1_307' title='bbox 888 2564 1262 2631; x_wconf 86' lang='lat' dir='ltr'><strong>spectaculum</strong></span> <span class='ocrx_word' id='word_1_308' title='bbox 1292 2563 1603 2627; x_wconf 81' lang='lat' dir='ltr'><strong>oﬂ‘erentes.</strong></span> <span class='ocrx_word' id='word_1_309' title='bbox 1633 2567 1864 2622; x_wconf 86' lang='lat' dir='ltr'><strong>dimidio</strong></span> <span class='ocrx_word' id='word_1_310' title='bbox 1901 2583 2027 2622; x_wconf 88' lang='lat' dir='ltr'><strong>cor—</strong></span> 
     </span>
    </p>
   </div>
   <div class='ocr_carea' id='block_1_42' title="bbox 2130 1924 3707 2006">
    <p class='ocr_par' dir='ltr' id='par_1_42' title="bbox 2130 1924 3707 2006">
     <span class='ocr_line' id='line_1_42' title="bbox 2130 1924 3707 2006; baseline -0.008 -16"><span class='ocrx_word' id='word_1_311' title='bbox 2130 1934 2325 2006; x_wconf 77' lang='grc' dir='ltr'>ψεται·</span> <span class='ocrx_word' id='word_1_312' title='bbox 2363 1936 2439 2000; x_wconf 85' lang='grc' dir='ltr'><strong>ὼς</strong></span> <span class='ocrx_word' id='word_1_313' title='bbox 2482 1935 2570 2002; x_wconf 80' lang='grc' dir='ltr'>ἂν,</span> <span class='ocrx_word' id='word_1_314' title='bbox 2608 1930 2788 2005; x_wconf 75' lang='grc' dir='ltr'>οἶμαι,</span> <span class='ocrx_word' id='word_1_315' title='bbox 2824 1935 2949 1996; x_wconf 79' lang='grc' dir='ltr'>τοὺς</span> <span class='ocrx_word' id='word_1_316' title='bbox 2994 1931 3289 2002; x_wconf 83' lang='grc' dir='ltr'>πολεμίους</span> <span class='ocrx_word' id='word_1_317' title='bbox 3333 1930 3469 1998; x_wconf 75' lang='grc' dir='ltr'>πρὸς</span> <span class='ocrx_word' id='word_1_318' title='bbox 3511 1924 3707 1981; x_wconf 75' lang='grc' dir='ltr'>ἑαυτοῦ</span> 
     </span>
    </p>
   </div>
   <div class='ocr_carea' id='block_1_43' title="bbox 2132 2018 3710 2097">
    <p class='ocr_par' dir='ltr' id='par_1_43' title="bbox 2132 2018 3710 2097">
     <span class='ocr_line' id='line_1_43' title="bbox 2132 2018 3710 2097; baseline -0.007 -17"><span class='ocrx_word' id='word_1_319' title='bbox 2132 2028 2497 2097; x_wconf 82' lang='grc' dir='ltr'><strong>ποιησάμενος</strong></span> <span class='ocrx_word' id='word_1_320' title='bbox 2532 2026 2901 2095; x_wconf 81' lang='grc' dir='ltr'>ἐκμειλίξαιτο</span> <span class='ocrx_word' id='word_1_321' title='bbox 2922 2065 2938 2091; x_wconf 88' lang='grc'><strong>,</strong></span> <span class='ocrx_word' id='word_1_322' title='bbox 2969 2024 3086 2091; x_wconf 74' lang='grc' dir='ltr'>εἴγε</span> <span class='ocrx_word' id='word_1_323' title='bbox 3120 2023 3216 2075; x_wconf 78' lang='grc' dir='ltr'>καὶ</span> <span class='ocrx_word' id='word_1_324' title='bbox 3247 2021 3405 2074; x_wconf 86' lang='grc' dir='ltr'>πόλιν</span> <span class='ocrx_word' id='word_1_325' title='bbox 3434 2018 3710 2086; x_wconf 81' lang='grc' dir='ltr'>τοσαύτην</span> 
     </span>
    </p>
   </div>
   <div class='ocr_carea' id='block_1_44' title="bbox 2130 2110 3708 2190">
    <p class='ocr_par' dir='ltr' id='par_1_44' title="bbox 2130 2110 3708 2190">
     <span class='ocr_line' id='line_1_44' title="bbox 2130 2110 3708 2190; baseline -0.009 -16"><span class='ocrx_word' id='word_1_326' title='bbox 2130 2112 2345 2190; x_wconf 82' lang='grc' dir='ltr'>ἀφῆκεν</span> <span class='ocrx_word' id='word_1_327' title='bbox 2373 2118 2519 2172; x_wconf 72' lang='grc' dir='ltr'>οὕτω</span> <span class='ocrx_word' id='word_1_328' title='bbox 2547 2119 2756 2181; x_wconf 80' lang='grc' dir='ltr'>πεσεῖν,</span> <span class='ocrx_word' id='word_1_329' title='bbox 2790 2119 2884 2171; x_wconf 77' lang='grc' dir='ltr'><strong>καὶ</strong></span> <span class='ocrx_word' id='word_1_330' title='bbox 2917 2116 3096 2186; x_wconf 83' lang='grc' dir='ltr'>φόνων</span> <span class='ocrx_word' id='word_1_331' title='bbox 3124 2113 3183 2167; x_wconf 82' lang='grc' dir='ltr'>δὲ</span> <span class='ocrx_word' id='word_1_332' title='bbox 3212 2112 3437 2182; x_wconf 86' lang='grc' dir='ltr'>γέγονεν</span> <span class='ocrx_word' id='word_1_333' title='bbox 3466 2110 3708 2180; x_wconf 80' lang='grc' dir='ltr'>αὐτουρ-</span> 
     </span>
    </p>
   </div>
   <div class='ocr_carea' id='block_1_45' title="bbox 2127 2199 3708 2278">
    <p class='ocr_par' dir='ltr' id='par_1_45' title="bbox 2127 2199 3708 2278">
     <span class='ocr_line' id='line_1_45' title="bbox 2127 2199 3708 2278; baseline -0.008 -15"><span class='ocrx_word' id='word_1_334' title='bbox 2127 2210 2243 2278; x_wconf 83' lang='grc' dir='ltr'>γὸς,</span> <span class='ocrx_word' id='word_1_335' title='bbox 2292 2210 2705 2272; x_wconf 82' lang='grc' dir='ltr'>ἐπικαταθύοας</span> <span class='ocrx_word' id='word_1_336' title='bbox 2747 2210 2844 2262; x_wconf 78' lang='grc' dir='ltr'>καὶ</span> <span class='ocrx_word' id='word_1_337' title='bbox 2887 2206 3073 2270; x_wconf 81' lang='grc' dir='ltr'>αὐτὸς,</span> <span class='ocrx_word' id='word_1_338' title='bbox 3118 2203 3213 2267; x_wconf 85' lang='grc' dir='ltr'>οὒς</span> <span class='ocrx_word' id='word_1_339' title='bbox 3257 2202 3639 2273; x_wconf 76' lang='grc' dir='ltr'>ἐπεμέτρησεν</span> <span class='ocrx_word' id='word_1_340' title='bbox 3678 2199 3708 2252; x_wconf 80' lang='grc' dir='ltr'><strong><em>ὁ</em></strong></span> 
     </span>
    </p>
   </div>
   <div class='ocr_carea' id='block_1_46' title="bbox 2128 2293 3711 2373">
    <p class='ocr_par' dir='ltr' id='par_1_46' title="bbox 2128 2293 3711 2373">
     <span class='ocr_line' id='line_1_46' title="bbox 2128 2293 3711 2373; baseline -0.008 -17"><span class='ocrx_word' id='word_1_341' title='bbox 2128 2301 2346 2372; x_wconf 83' lang='grc' dir='ltr'>καιρός.</span> <span class='ocrx_word' id='word_1_342' title='bbox 2373 2303 2451 2355; x_wconf 85' lang='grc' dir='ltr'><strong>Οὐ</strong></span> <span class='ocrx_word' id='word_1_343' title='bbox 2479 2303 2590 2373; x_wconf 76' lang='grc' dir='ltr'><strong>γὰρ</strong></span> <span class='ocrx_word' id='word_1_344' title='bbox 2618 2303 2802 2365; x_wconf 80' lang='grc' dir='ltr'>ἄλλοις</span> <span class='ocrx_word' id='word_1_345' title='bbox 2827 2299 3059 2366; x_wconf 80' lang='grc' dir='ltr'>ἐπέταξε</span> <span class='ocrx_word' id='word_1_346' title='bbox 3086 2294 3430 2368; x_wconf 85' lang='grc' dir='ltr'>χαλασθῆναι</span> <span class='ocrx_word' id='word_1_347' title='bbox 3450 2293 3551 2363; x_wconf 82' lang='grc' dir='ltr'>τὴν</span> <span class='ocrx_word' id='word_1_348' title='bbox 3578 2308 3711 2361; x_wconf 84' lang='grc' dir='ltr'>κρυ-</span> 
     </span>
    </p>
   </div>
   <div class='ocr_carea' id='block_1_47' title="bbox 2129 2385 3711 2463">
    <p class='ocr_par' dir='ltr' id='par_1_47' title="bbox 2129 2385 3711 2463">
     <span class='ocr_line' id='line_1_47' title="bbox 2129 2385 3711 2463; baseline -0.007 -18"><span class='ocrx_word' id='word_1_349' title='bbox 2129 2391 2298 2462; x_wconf 83' lang='grc' dir='ltr'>φαίαν</span> <span class='ocrx_word' id='word_1_350' title='bbox 2334 2391 2556 2463; x_wconf 76' lang='grc' dir='ltr'>ἐκείνην</span> <span class='ocrx_word' id='word_1_351' title='bbox 2595 2392 2795 2463; x_wconf 80' lang='grc' dir='ltr'>πύλην,</span> <span class='ocrx_word' id='word_1_352' title='bbox 2838 2390 3113 2461; x_wconf 87' lang='grc' dir='ltr'>μετέωρον</span> <span class='ocrx_word' id='word_1_353' title='bbox 3146 2385 3399 2458; x_wconf 78' lang='grc' dir='ltr'><strong>ἠρμένην</strong></span> <span class='ocrx_word' id='word_1_354' title='bbox 3433 2385 3499 2437; x_wconf 83' lang='grc' dir='ltr'><strong>ἐκ</strong></span> <span class='ocrx_word' id='word_1_355' title='bbox 3535 2399 3711 2454; x_wconf 82' lang='grc' dir='ltr'>μηχα-</span> 
     </span>
    </p>
   </div>
   <div class='ocr_carea' id='block_1_48' title="bbox 2128 2472 3707 2552">
    <p class='ocr_par' dir='ltr' id='par_1_48' title="bbox 2128 2472 3707 2552">
     <span class='ocr_line' id='line_1_48' title="bbox 2128 2472 3707 2552; baseline -0.015 -5"><span class='ocrx_word' id='word_1_356' title='bbox 2128 2484 2259 2552; x_wconf 75' lang='grc' dir='ltr'>νῆςο</span> <span class='ocrx_word' id='word_1_357' title='bbox 2299 2483 2415 2536; x_wconf 80' lang='grc' dir='ltr'>ἀλλ’</span> <span class='ocrx_word' id='word_1_358' title='bbox 2440 2483 2602 2545; x_wconf 81' lang='grc' dir='ltr'>αὐτὸς</span> <span class='ocrx_word' id='word_1_359' title='bbox 2637 2483 2698 2534; x_wconf 75' lang='grc' dir='ltr'>τὸ</span> <span class='ocrx_word' id='word_1_360' title='bbox 2732 2483 3013 2552; x_wconf 85' lang='grc' dir='ltr'><strong>τέχνασμα</strong></span> <span class='ocrx_word' id='word_1_361' title='bbox 3052 2478 3260 2548; x_wconf 81' lang='grc' dir='ltr'><strong>σχάσας</strong></span> <span class='ocrx_word' id='word_1_362' title='bbox 3294 2474 3436 2529; x_wconf 75' lang='grc' dir='ltr'>κατὰ</span> <span class='ocrx_word' id='word_1_363' title='bbox 3473 2472 3707 2544; x_wconf 80' lang='grc' dir='ltr'>σπουδὴν</span> 
     </span>
    </p>
   </div>
   <div class='ocr_carea' id='block_1_49' title="bbox 2130 2561 3711 2642">
    <p class='ocr_par' dir='ltr' id='par_1_49' title="bbox 2130 2561 3711 2642">
     <span class='ocr_line' id='line_1_49' title="bbox 2130 2561 3711 2642; baseline -0.008 -17"><span class='ocrx_word' id='word_1_364' title='bbox 2130 2574 2444 2642; x_wconf 75' lang='grc' dir='ltr'>κατήνεγκε</span> <span class='ocrx_word' id='word_1_365' title='bbox 2464 2591 2478 2605; x_wconf 89' lang='grc'><strong>·</strong></span> <span class='ocrx_word' id='word_1_366' title='bbox 2512 2575 2607 2628; x_wconf 78' lang='grc' dir='ltr'>καὶ</span> <span class='ocrx_word' id='word_1_367' title='bbox 2636 2573 2779 2627; x_wconf 87' lang='grc' dir='ltr'><strong>κατὰ</strong></span> <span class='ocrx_word' id='word_1_368' title='bbox 2804 2573 2912 2625; x_wconf 87' lang='grc' dir='ltr'>τῶν</span> <span class='ocrx_word' id='word_1_369' title='bbox 2943 2567 3425 2640; x_wconf 71' lang='grc' dir='ltr'>παρεισδυομένων</span> <span class='ocrx_word' id='word_1_370' title='bbox 3457 2561 3711 2630; x_wconf 79' lang='grc' dir='ltr'>συγκλεί-</span> 
     </span>
    </p>
   </div>
   <div class='ocr_carea' id='block_1_50' title="bbox 450 2650 2026 2735">
    <p class='ocr_par' dir='ltr' id='par_1_50' title="bbox 450 2650 2014 2725">
     <span class='ocr_line' id='line_1_50' title="bbox 450 2650 2014 2725; baseline 0.006 -21"><span class='ocrx_word' id='word_1_371' title='bbox 450 2650 599 2720; x_wconf 81' lang='lat' dir='ltr'><strong>poris</strong></span> <span class='ocrx_word' id='word_1_372' title='bbox 630 2650 685 2704; x_wconf 93' lang='lat' dir='ltr'><strong>in</strong></span> <span class='ocrx_word' id='word_1_373' title='bbox 726 2652 959 2706; x_wconf 89' lang='lat' dir='ltr'><strong>interius</strong></span> <span class='ocrx_word' id='word_1_374' title='bbox 986 2653 1260 2717; x_wconf 87' lang='lat' dir='ltr'><strong>inclinati,</strong></span> <span class='ocrx_word' id='word_1_375' title='bbox 1300 2655 1506 2725; x_wconf 73' lang='lat' dir='ltr'><strong>reliqua</strong></span> <span class='ocrx_word' id='word_1_376' title='bbox 1545 2668 1698 2725; x_wconf 90' lang='lat' dir='ltr'><strong>parte</strong></span> <span class='ocrx_word' id='word_1_377' title='bbox 1752 2659 2014 2713; x_wconf 83' lang='lat' dir='ltr'><strong>exteriusi</strong></span> 
     </span>
    </p>
   </div>
   <div class='ocr_carea' id='block_1_51' title="bbox 2131 2650 3710 2735">
    <p class='ocr_par' dir='ltr' id='par_1_51' title="bbox 2131 2652 3710 2735">
     <span class='ocr_line' id='line_1_51' title="bbox 2131 2652 3710 2735; baseline -0.009 -16"><span class='ocrx_word' id='word_1_378' title='bbox 2131 2682 2224 2727; x_wconf 76' lang='grc' dir='ltr'>σας</span> <span class='ocrx_word' id='word_1_379' title='bbox 2246 2704 2262 2730; x_wconf 92' lang='grc'><strong>,</strong></span> <span class='ocrx_word' id='word_1_380' title='bbox 2295 2664 2623 2735; x_wconf 75' lang='grc' dir='ltr'>ἐπαγίδευσε</span> <span class='ocrx_word' id='word_1_381' title='bbox 2653 2666 2779 2727; x_wconf 76' lang='grc' dir='ltr'>τοὺς</span> <span class='ocrx_word' id='word_1_382' title='bbox 2813 2661 3144 2733; x_wconf 79' lang='grc' dir='ltr'>ὑποτρέχειν</span> <span class='ocrx_word' id='word_1_383' title='bbox 3174 2658 3444 2729; x_wconf 77' lang='grc' dir='ltr'><strong>λαχόντας</strong></span> <span class='ocrx_word' id='word_1_384' title='bbox 3475 2656 3556 2717; x_wconf 86' lang='grc' dir='ltr'><strong>είς</strong></span> <span class='ocrx_word' id='word_1_385' title='bbox 3589 2652 3710 2706; x_wconf 72' lang='grc' dir='ltr'>ὁλε-</span> 
     </span>
    </p>
   </div>
   <div class='ocr_carea' id='block_1_52' title="bbox 448 2743 1250 2813">
    <p class='ocr_par' dir='ltr' id='par_1_52' title="bbox 448 2743 1250 2813">
     <span class='ocr_line' id='line_1_52' title="bbox 448 2743 1250 2813; baseline -0.001 -15"><span class='ocrx_word' id='word_1_386' title='bbox 448 2743 750 2812; x_wconf 78' lang='lat' dir='ltr'><strong>conspecti,</strong></span> <span class='ocrx_word' id='word_1_387' title='bbox 782 2750 976 2798; x_wconf 87' lang='lat' dir='ltr'><strong>merito</strong></span> <span class='ocrx_word' id='word_1_388' title='bbox 1008 2746 1250 2813; x_wconf 85' lang='lat' dir='ltr'><strong>lugendi.</strong></span> 
     </span>
    </p>
   </div>
   <div class='ocr_carea' id='block_1_53' title="bbox 2127 2747 3707 2826">
    <p class='ocr_par' dir='ltr' id='par_1_53' title="bbox 2127 2747 3707 2826">
     <span class='ocr_line' id='line_1_53' title="bbox 2127 2747 3707 2826; baseline -0.006 -21"><span class='ocrx_word' id='word_1_389' title='bbox 2127 2753 2280 2825; x_wconf 87' lang='grc' dir='ltr'>θρον,</span> <span class='ocrx_word' id='word_1_390' title='bbox 2326 2755 2577 2826; x_wconf 86' lang='grc' dir='ltr'>σφιγκτῷ</span> <span class='ocrx_word' id='word_1_391' title='bbox 2620 2754 2846 2824; x_wconf 80' lang='grc' dir='ltr'>θανάτῳ</span> <span class='ocrx_word' id='word_1_392' title='bbox 2891 2751 3300 2822; x_wconf 86' lang='grc' dir='ltr'>μετηλλαχότας</span> <span class='ocrx_word' id='word_1_393' title='bbox 3341 2752 3403 2801; x_wconf 84' lang='grc' dir='ltr'>τὸ</span> <span class='ocrx_word' id='word_1_394' title='bbox 3447 2747 3567 2816; x_wconf 80' lang='grc' dir='ltr'><strong>ζῇν,</strong></span> <span class='ocrx_word' id='word_1_395' title='bbox 3612 2755 3707 2808; x_wconf 67' lang='grc' dir='ltr'><strong>καὶ</strong></span> 
     </span>
    </p>
   </div>
   <div class='ocr_carea' id='block_1_54' title="bbox 448 2835 3706 2923">
    <p class='ocr_par' dir='ltr' id='par_1_54' title="bbox 448 2835 3706 2923">
     <span class='ocr_line' id='line_1_54' title="bbox 448 2835 3706 2923; baseline 0.003 -38"><span class='ocrx_word' id='word_1_396' title='bbox 448 2835 735 2902; x_wconf 79' lang='grc' dir='ltr'><strong>κειμένους</strong></span> <span class='ocrx_word' id='word_1_397' title='bbox 763 2836 979 2906; x_wconf 81' lang='grc' dir='ltr'>οἰκτρὸν</span> <span class='ocrx_word' id='word_1_398' title='bbox 1009 2836 1212 2906; x_wconf 86' lang='grc' dir='ltr'>θέαμα,</span> <span class='ocrx_word' id='word_1_399' title='bbox 1241 2836 1318 2906; x_wconf 82' lang='grc' dir='ltr'>τῷ</span> <span class='ocrx_word' id='word_1_400' title='bbox 1354 2836 1455 2906; x_wconf 81' lang='grc' dir='ltr'>μὲν</span> <span class='ocrx_word' id='word_1_401' title='bbox 1483 2836 1673 2907; x_wconf 77' lang='grc' dir='ltr'><strong>ἡμίσει</strong></span> <span class='ocrx_word' id='word_1_402' title='bbox 1701 2837 1796 2892; x_wconf 85' lang='grc' dir='ltr'><strong>τοῦ</strong></span> <span class='ocrx_word' id='word_1_403' title='bbox 1830 2838 2084 2910; x_wconf 81' lang='grc' dir='ltr'>σώματος</span> <span class='ocrx_word' id='word_1_404' title='bbox 2119 2845 2541 2914; x_wconf 71' lang='grc' dir='ltr'>προκόπτοντας</span> <span class='ocrx_word' id='word_1_405' title='bbox 2575 2848 2668 2901; x_wconf 74' lang='grc' dir='ltr'>ἐπὶ</span> <span class='ocrx_word' id='word_1_406' title='bbox 2701 2845 2771 2903; x_wconf 74' lang='grc' dir='ltr'>τὰ</span> <span class='ocrx_word' id='word_1_407' title='bbox 2840 2845 3025 2923; x_wconf 56' lang='grc' dir='ltr'>ἐντὸς,</span> <span class='ocrx_word' id='word_1_408' title='bbox 3094 2845 3173 2915; x_wconf 77' lang='grc' dir='ltr'><strong>τῷ</strong></span> <span class='ocrx_word' id='word_1_409' title='bbox 3206 2841 3264 2895; x_wconf 83' lang='grc' dir='ltr'><strong>δέ</strong></span> <span class='ocrx_word' id='word_1_410' title='bbox 3333 2838 3505 2909; x_wconf 85' lang='grc' dir='ltr'>λοιπῷ</span> <span class='ocrx_word' id='word_1_411' title='bbox 3569 2853 3706 2906; x_wconf 58' lang='grc' dir='ltr'>προ*</span> 
     </span>
    </p>
   </div>
   <div class='ocr_carea' id='block_1_55' title="bbox 447 2927 1678 2997">
    <p class='ocr_par' dir='ltr' id='par_1_55' title="bbox 447 2927 1678 2997">
     <span class='ocr_line' id='line_1_55' title="bbox 447 2927 1678 2997; baseline 0.007 -20"><span class='ocrx_word' id='word_1_412' title='bbox 447 2927 806 2997; x_wconf 72' lang='grc' dir='ltr'>φαινομένους</span> <span class='ocrx_word' id='word_1_413' title='bbox 837 2927 950 2990; x_wconf 86' lang='grc' dir='ltr'>τοῖς</span> <span class='ocrx_word' id='word_1_414' title='bbox 982 2929 1158 2991; x_wconf 73' lang='grc' dir='ltr'>ἐκτὸς.</span> <span class='ocrx_word' id='word_1_415' title='bbox 1192 2927 1336 2981; x_wconf 83' lang='grc' dir='ltr'>ὥστε</span> <span class='ocrx_word' id='word_1_416' title='bbox 1366 2928 1678 2986; x_wconf 86' lang='grc' dir='ltr'>κλαίεσθαι.</span> 
     </span>
    </p>
   </div>
   <div class='ocr_carea' id='block_1_56' title="bbox 521 3015 2026 3100">
    <p class='ocr_par' dir='ltr' id='par_1_56' title="bbox 521 3015 2026 3091">
     <span class='ocr_line' id='line_1_56' title="bbox 521 3015 2026 3091; baseline 0.008 -23"><span class='ocrx_word' id='word_1_417' title='bbox 521 3017 571 3069; x_wconf 90' lang='lat'><strong>7.</strong></span> <span class='ocrx_word' id='word_1_418' title='bbox 604 3015 728 3073; x_wconf 80' lang='lat' dir='ltr'><strong>Fuit</strong></span> <span class='ocrx_word' id='word_1_419' title='bbox 765 3030 942 3072; x_wconf 86' lang='lat' dir='ltr'><strong>autem</strong></span> <span class='ocrx_word' id='word_1_420' title='bbox 977 3019 1139 3073; x_wconf 87' lang='lat' dir='ltr'><strong>homo</strong></span> <span class='ocrx_word' id='word_1_421' title='bbox 1163 3031 1353 3075; x_wconf 87' lang='lat' dir='ltr'><strong>noster</strong></span> <span class='ocrx_word' id='word_1_422' title='bbox 1373 3022 1511 3075; x_wconf 90' lang='lat' dir='ltr'><strong>adeo</strong></span> <span class='ocrx_word' id='word_1_423' title='bbox 1541 3031 1825 3091; x_wconf 88' lang='lat' dir='ltr'><strong>promptus</strong></span> <span class='ocrx_word' id='word_1_424' title='bbox 1853 3023 1907 3077; x_wconf 92' lang='lat' dir='ltr'><strong>in</strong></span> <span class='ocrx_word' id='word_1_425' title='bbox 1939 3024 2026 3080; x_wconf 88' lang='lat' dir='ltr'><strong>de-</strong></span> 
     </span>
    </p>
   </div>
   <div class='ocr_carea' id='block_1_57' title="bbox 2131 3015 3707 3100">
    <p class='ocr_par' dir='ltr' id='par_1_57' title="bbox 2212 3021 3707 3100">
     <span class='ocr_line' id='line_1_57' title="bbox 2212 3021 3707 3100; baseline -0.009 -16"><span class='ocrx_word' id='word_1_426' title='bbox 2212 3027 2276 3095; x_wconf 68' lang='lat' dir='ltr'><strong>C&#39;.</strong></span> <span class='ocrx_word' id='word_1_427' title='bbox 2318 3029 2378 3083; x_wconf 86' lang='lat'><strong>&#39;0</strong></span> <span class='ocrx_word' id='word_1_428' title='bbox 2420 3030 2476 3084; x_wconf 84' lang='grc' dir='ltr'>δὲ</span> <span class='ocrx_word' id='word_1_429' title='bbox 2521 3029 2617 3083; x_wconf 78' lang='grc' dir='ltr'>καὶ</span> <span class='ocrx_word' id='word_1_430' title='bbox 2662 3030 2745 3092; x_wconf 83' lang='grc' dir='ltr'>είς</span> <span class='ocrx_word' id='word_1_431' title='bbox 2784 3029 3042 3085; x_wconf 82' lang='grc' dir='ltr'>τοσοῦτον</span> <span class='ocrx_word' id='word_1_432' title='bbox 3080 3023 3150 3100; x_wconf 77' lang='grc' dir='ltr'><strong>ἦν</strong></span> <span class='ocrx_word' id='word_1_433' title='bbox 3186 3026 3431 3098; x_wconf 87' lang='grc' dir='ltr'>ἀνδρεῖος</span> <span class='ocrx_word' id='word_1_434' title='bbox 3473 3021 3707 3076; x_wconf 83' lang='grc' dir='ltr'>διολέσαι</span> 
     </span>
    </p>
   </div>
   <div class='ocr_carea' id='block_1_58' title="bbox 447 3104 2021 3185">
    <p class='ocr_par' dir='ltr' id='par_1_58' title="bbox 447 3104 2021 3185">
     <span class='ocr_line' id='line_1_58' title="bbox 447 3104 2021 3185; baseline 0.009 -26"><span class='ocrx_word' id='word_1_435' title='bbox 447 3104 604 3164; x_wconf 85' lang='lat' dir='ltr'><strong>lenda</strong></span> <span class='ocrx_word' id='word_1_436' title='bbox 654 3111 810 3177; x_wconf 89' lang='lat' dir='ltr'><strong>urbe,</strong></span> <span class='ocrx_word' id='word_1_437' title='bbox 847 3121 908 3165; x_wconf 91' lang='lat' dir='ltr'><strong>ut</strong></span> <span class='ocrx_word' id='word_1_438' title='bbox 941 3113 1008 3167; x_wconf 88' lang='lat' dir='ltr'><strong>de</strong></span> <span class='ocrx_word' id='word_1_439' title='bbox 1077 3113 1212 3167; x_wconf 90' lang='lat' dir='ltr'><strong>turri</strong></span> <span class='ocrx_word' id='word_1_440' title='bbox 1261 3128 1382 3182; x_wconf 80' lang='lat' dir='ltr'><strong>quae</strong></span> <span class='ocrx_word' id='word_1_441' title='bbox 1436 3115 1804 3184; x_wconf 89' lang='lat' dir='ltr'><strong>supereminet</strong></span> <span class='ocrx_word' id='word_1_442' title='bbox 1851 3117 2021 3185; x_wconf 89' lang='lat' dir='ltr'><strong>portis</strong></span> 
     </span>
    </p>
   </div>
   <div class='ocr_carea' id='block_1_59' title="bbox 444 3201 2021 3263">
    <p class='ocr_par' dir='ltr' id='par_1_59' title="bbox 444 3201 2021 3263">
     <span class='ocr_line' id='line_1_59' title="bbox 444 3201 2021 3263; baseline 0.006 -10"><span class='ocrx_word' id='word_1_443' title='bbox 444 3201 638 3255; x_wconf 82' lang='lat' dir='ltr'><strong>vicinis</strong></span> <span class='ocrx_word' id='word_1_444' title='bbox 691 3202 877 3256; x_wconf 79' lang='lat' dir='ltr'><strong>funem</strong></span> <span class='ocrx_word' id='word_1_445' title='bbox 944 3204 1233 3260; x_wconf 82' lang='lat' dir='ltr'><strong>demiserit</strong></span> <span class='ocrx_word' id='word_1_446' title='bbox 1278 3203 1333 3258; x_wconf 91' lang='lat' dir='ltr'><strong>in</strong></span> <span class='ocrx_word' id='word_1_447' title='bbox 1381 3205 1571 3260; x_wconf 86' lang='lat' dir='ltr'><strong>hostes</strong></span> <span class='ocrx_word' id='word_1_448' title='bbox 1619 3205 1688 3260; x_wconf 88' lang='lat' dir='ltr'><strong>ad</strong></span> <span class='ocrx_word' id='word_1_449' title='bbox 1743 3205 1894 3261; x_wconf 90' lang='lat' dir='ltr'><strong>illum</strong></span> <span class='ocrx_word' id='word_1_450' title='bbox 1928 3222 2021 3263; x_wconf 84' lang='lat' dir='ltr'><strong>ac-</strong></span> 
     </span>
    </p>
   </div>
   <div class='ocr_carea' id='block_1_60' title="bbox 444 3295 2018 3367">
    <p class='ocr_par' dir='ltr' id='par_1_60' title="bbox 444 3295 2018 3367">
     <span class='ocr_line' id='line_1_60' title="bbox 444 3295 2018 3367; baseline 0.006 -22"><span class='ocrx_word' id='word_1_451' title='bbox 444 3304 726 3349; x_wconf 85' lang='lat' dir='ltr'><strong>currentcs</strong></span> <span class='ocrx_word' id='word_1_452' title='bbox 753 3334 767 3359; x_wconf 93' lang='lat'><strong>,</strong></span> <span class='ocrx_word' id='word_1_453' title='bbox 824 3296 896 3350; x_wconf 86' lang='lat' dir='ltr'><strong>ita</strong></span> <span class='ocrx_word' id='word_1_454' title='bbox 928 3304 986 3348; x_wconf 92' lang='lat' dir='ltr'><strong>ut</strong></span> <span class='ocrx_word' id='word_1_455' title='bbox 1024 3296 1222 3351; x_wconf 88' lang='lat' dir='ltr'><strong>milites</strong></span> <span class='ocrx_word' id='word_1_456' title='bbox 1257 3295 1312 3351; x_wconf 89' lang='lat' dir='ltr'><strong>in</strong></span> <span class='ocrx_word' id='word_1_457' title='bbox 1340 3296 1476 3351; x_wconf 90' lang='lat' dir='ltr'><strong>turri</strong></span> <span class='ocrx_word' id='word_1_458' title='bbox 1511 3295 1646 3351; x_wconf 87' lang='lat' dir='ltr'><strong>nihil</strong></span> <span class='ocrx_word' id='word_1_459' title='bbox 1674 3298 2018 3367; x_wconf 80' lang='lat' dir='ltr'><strong>prodessent,</strong></span> 
     </span>
    </p>
   </div>
   <div class='ocr_carea' id='block_1_61' title="bbox 443 3386 1980 3457">
    <p class='ocr_par' dir='ltr' id='par_1_61' title="bbox 443 3386 1980 3457">
     <span class='ocr_line' id='line_1_61' title="bbox 443 3386 1980 3457; baseline 0.005 -21"><span class='ocrx_word' id='word_1_460' title='bbox 443 3392 497 3436; x_wconf 89' lang='lat' dir='ltr'><strong>ct</strong></span> <span class='ocrx_word' id='word_1_461' title='bbox 528 3386 778 3439; x_wconf 88' lang='lat' dir='ltr'><strong>semitam</strong></span> <span class='ocrx_word' id='word_1_462' title='bbox 814 3387 931 3456; x_wconf 84' lang='lat' dir='ltr'><strong>ejus</strong></span> <span class='ocrx_word' id='word_1_463' title='bbox 962 3386 1258 3457; x_wconf 81' lang='lat' dir='ltr'><strong>funemque</strong></span> <span class='ocrx_word' id='word_1_464' title='bbox 1281 3401 1378 3457; x_wconf 87' lang='lat' dir='ltr'><strong>per</strong></span> <span class='ocrx_word' id='word_1_465' title='bbox 1398 3387 1569 3442; x_wconf 88' lang='lat' dir='ltr'><strong>risum</strong></span> <span class='ocrx_word' id='word_1_466' title='bbox 1602 3386 1980 3445; x_wconf 85' lang='lat' dir='ltr'><strong>decantarent.</strong></span> 
     </span>
    </p>
   </div>
   <div class='ocr_carea' id='block_1_62' title="bbox 2128 3110 3707 3189">
    <p class='ocr_par' dir='ltr' id='par_1_62' title="bbox 2128 3110 3707 3189">
     <span class='ocr_line' id='line_1_62' title="bbox 2128 3110 3707 3189; baseline -0.005 -20"><span class='ocrx_word' id='word_1_467' title='bbox 2128 3118 2228 3189; x_wconf 79' lang='grc' dir='ltr'>τὴν</span> <span class='ocrx_word' id='word_1_468' title='bbox 2259 3118 2388 3189; x_wconf 78' lang='grc' dir='ltr'>ὅλην</span> <span class='ocrx_word' id='word_1_469' title='bbox 2420 3118 2595 3184; x_wconf 88' lang='grc' dir='ltr'>πόλιν,</span> <span class='ocrx_word' id='word_1_470' title='bbox 2626 3117 2702 3181; x_wconf 88' lang='grc' dir='ltr'>ὡς</span> <span class='ocrx_word' id='word_1_471' title='bbox 2731 3117 2850 3188; x_wconf 81' lang='grc' dir='ltr'><strong>ἀμα</strong></span> <span class='ocrx_word' id='word_1_472' title='bbox 2878 3134 2937 3170; x_wconf 91' lang='grc' dir='ltr'><strong>τε</strong></span> <span class='ocrx_word' id='word_1_473' title='bbox 2967 3115 3061 3170; x_wconf 81' lang='grc' dir='ltr'><strong>τοῦ</strong></span> <span class='ocrx_word' id='word_1_474' title='bbox 3092 3116 3307 3186; x_wconf 78' lang='grc' dir='ltr'>πύργου</span> <span class='ocrx_word' id='word_1_475' title='bbox 3339 3111 3614 3181; x_wconf 85' lang='grc' dir='ltr'>γενέσθαι,</span> <span class='ocrx_word' id='word_1_476' title='bbox 3647 3110 3707 3173; x_wconf 84' lang='grc' dir='ltr'><strong>ὃς</strong></span> 
     </span>
    </p>
   </div>
   <div class='ocr_carea' id='block_1_63' title="bbox 2127 3201 3708 3282">
    <p class='ocr_par' dir='ltr' id='par_1_63' title="bbox 2127 3201 3708 3282">
     <span class='ocr_line' id='line_1_63' title="bbox 2127 3201 3708 3282; baseline -0.007 -17"><span class='ocrx_word' id='word_1_477' title='bbox 2127 3212 2560 3282; x_wconf 83' lang='grc' dir='ltr'>ὐπερανίσταται</span> <span class='ocrx_word' id='word_1_478' title='bbox 2585 3211 2696 3265; x_wconf 85' lang='grc' dir='ltr'>τῶν</span> <span class='ocrx_word' id='word_1_479' title='bbox 2722 3212 2900 3264; x_wconf 82' lang='grc' dir='ltr'>ἐκεῖσε</span> <span class='ocrx_word' id='word_1_480' title='bbox 2933 3208 3139 3274; x_wconf 85' lang='grc' dir='ltr'>πυλῶν,</span> <span class='ocrx_word' id='word_1_481' title='bbox 3166 3207 3262 3261; x_wconf 81' lang='grc' dir='ltr'>καὶ</span> <span class='ocrx_word' id='word_1_482' title='bbox 3288 3206 3406 3275; x_wconf 71' lang='grc' dir='ltr'>ἅμα</span> <span class='ocrx_word' id='word_1_483' title='bbox 3432 3204 3521 3257; x_wconf 88' lang='grc' dir='ltr'><strong>διά</strong></span> <span class='ocrx_word' id='word_1_484' title='bbox 3554 3201 3708 3271; x_wconf 86' lang='grc' dir='ltr'>σχοί-</span> 
     </span>
    </p>
   </div>
   <div class='ocr_carea' id='block_1_64' title="bbox 2125 3295 3708 3369">
    <p class='ocr_par' dir='ltr' id='par_1_64' title="bbox 2125 3295 3708 3369">
     <span class='ocr_line' id='line_1_64' title="bbox 2125 3295 3708 3369; baseline -0.005 -16"><span class='ocrx_word' id='word_1_485' title='bbox 2125 3316 2217 3354; x_wconf 89' lang='grc' dir='ltr'>νου</span> <span class='ocrx_word' id='word_1_486' title='bbox 2258 3302 2503 3356; x_wconf 80' lang='grc' dir='ltr'>καθεῖναι</span> <span class='ocrx_word' id='word_1_487' title='bbox 2537 3305 2617 3366; x_wconf 89' lang='grc' dir='ltr'><strong>είς</strong></span> <span class='ocrx_word' id='word_1_488' title='bbox 2648 3298 2775 3364; x_wconf 75' lang='grc' dir='ltr'>τοὺς</span> <span class='ocrx_word' id='word_1_489' title='bbox 2811 3299 3210 3369; x_wconf 83' lang='grc' dir='ltr'>ἐπιδραμόντας</span> <span class='ocrx_word' id='word_1_490' title='bbox 3247 3295 3544 3366; x_wconf 86' lang='grc' dir='ltr'>πολεμίους</span> <span class='ocrx_word' id='word_1_491' title='bbox 3582 3295 3708 3346; x_wconf 80' lang='grc' dir='ltr'>ἐαυ-</span> 
     </span>
    </p>
   </div>
   <div class='ocr_carea' id='block_1_65' title="bbox 2124 3386 3707 3462">
    <p class='ocr_par' dir='ltr' id='par_1_65' title="bbox 2124 3386 3707 3462">
     <span class='ocr_line' id='line_1_65' title="bbox 2124 3386 3707 3462; baseline -0.004 -17"><span class='ocrx_word' id='word_1_492' title='bbox 2124 3392 2246 3456; x_wconf 82' lang='grc' dir='ltr'>τδν,</span> <span class='ocrx_word' id='word_1_493' title='bbox 2279 3391 2520 3448; x_wconf 77' lang='grc' dir='ltr'>ἐάσαντα</span> <span class='ocrx_word' id='word_1_494' title='bbox 2544 3394 2669 3455; x_wconf 78' lang='grc' dir='ltr'>τοὺς</span> <span class='ocrx_word' id='word_1_495' title='bbox 2698 3395 2792 3448; x_wconf 79' lang='grc' dir='ltr'><strong>ἐπὶ</strong></span> <span class='ocrx_word' id='word_1_496' title='bbox 2821 3393 2918 3446; x_wconf 79' lang='grc' dir='ltr'>τοῦ</span> <span class='ocrx_word' id='word_1_497' title='bbox 2953 3393 3171 3462; x_wconf 87' lang='grc' dir='ltr'>πύργου</span> <span class='ocrx_word' id='word_1_498' title='bbox 3202 3388 3544 3458; x_wconf 85' lang='grc' dir='ltr'>στρατιώτας</span> <span class='ocrx_word' id='word_1_499' title='bbox 3574 3386 3707 3439; x_wconf 80' lang='grc' dir='ltr'><strong>κενά</strong></span> 
     </span>
    </p>
   </div>
   <div class='ocr_carea' id='block_1_66' title="bbox 446 3474 3708 3556">
    <p class='ocr_par' dir='ltr' id='par_1_66' title="bbox 446 3474 3708 3556">
     <span class='ocr_line' id='line_1_66' title="bbox 446 3474 3708 3556; baseline 0.001 -29"><span class='ocrx_word' id='word_1_500' title='bbox 446 3474 677 3546; x_wconf 81' lang='grc' dir='ltr'>μελετᾷν</span> <span class='ocrx_word' id='word_1_501' title='bbox 710 3477 851 3547; x_wconf 80' lang='grc' dir='ltr'>ὑπὲρ</span> <span class='ocrx_word' id='word_1_502' title='bbox 882 3477 977 3531; x_wconf 80' lang='grc' dir='ltr'><strong>τοῦ</strong></span> <span class='ocrx_word' id='word_1_503' title='bbox 1020 3479 1294 3547; x_wconf 83' lang='grc' dir='ltr'>ἐρύματος</span> <span class='ocrx_word' id='word_1_504' title='bbox 1314 3521 1328 3545; x_wconf 90' lang='grc'><strong>,</strong></span> <span class='ocrx_word' id='word_1_505' title='bbox 1364 3483 1458 3531; x_wconf 70' lang='grc' dir='ltr'>καὶ</span> <span class='ocrx_word' id='word_1_506' title='bbox 1494 3480 1595 3550; x_wconf 77' lang='grc' dir='ltr'>τὴν</span> <span class='ocrx_word' id='word_1_507' title='bbox 1628 3480 1814 3552; x_wconf 76' lang='grc' dir='ltr'>τρίϐον</span> <span class='ocrx_word' id='word_1_508' title='bbox 1850 3480 2015 3535; x_wconf 82' lang='grc' dir='ltr'>αὐτοῦ</span> <span class='ocrx_word' id='word_1_509' title='bbox 2048 3484 2145 3538; x_wconf 71' lang='grc' dir='ltr'>καὶ</span> <span class='ocrx_word' id='word_1_510' title='bbox 2167 3484 2266 3556; x_wconf 80' lang='grc' dir='ltr'>τὴν</span> <span class='ocrx_word' id='word_1_511' title='bbox 2294 3489 2504 3555; x_wconf 87' lang='grc' dir='ltr'>σχοῖνον</span> <span class='ocrx_word' id='word_1_512' title='bbox 2557 3486 2769 3556; x_wconf 88' lang='grc' dir='ltr'>ταύτην</span> <span class='ocrx_word' id='word_1_513' title='bbox 2823 3485 3131 3555; x_wconf 76' lang='grc' dir='ltr'>ἐπαράτους</span> <span class='ocrx_word' id='word_1_514' title='bbox 3181 3480 3586 3552; x_wconf 75' lang='grc' dir='ltr'>ἐξιχνιάζεσθαι</span> <span class='ocrx_word' id='word_1_515' title='bbox 3614 3479 3708 3531; x_wconf 75' lang='grc' dir='ltr'><strong>καὶ</strong></span> 
     </span>
    </p>
   </div>
   <div class='ocr_carea' id='block_1_67' title="bbox 445 3572 824 3643">
    <p class='ocr_par' dir='ltr' id='par_1_67' title="bbox 445 3572 824 3643">
     <span class='ocr_line' id='line_1_67' title="bbox 445 3572 824 3643; baseline 0.003 -19"><span class='ocrx_word' id='word_1_516' title='bbox 445 3572 668 3643; x_wconf 79' lang='grc' dir='ltr'>περιᾴδε</span> <span class='ocrx_word' id='word_1_517' title='bbox 678 3574 824 3625; x_wconf 83' lang='grc' dir='ltr'>σθαι.</span> 
     </span>
    </p>
   </div>
   <div class='ocr_carea' id='block_1_68' title="bbox 517 3668 2019 3742">
    <p class='ocr_par' dir='ltr' id='par_1_68' title="bbox 517 3668 2019 3742">
     <span class='ocr_line' id='line_1_68' title="bbox 517 3668 2019 3742; baseline 0.002 -19"><span class='ocrx_word' id='word_1_518' title='bbox 517 3670 572 3724; x_wconf 89' lang='grc'><strong>8.</strong></span> <span class='ocrx_word' id='word_1_519' title='bbox 605 3668 704 3723; x_wconf 82' lang='lat' dir='ltr'><strong>Hic</strong></span> <span class='ocrx_word' id='word_1_520' title='bbox 727 3679 1037 3723; x_wconf 90' lang='lat' dir='ltr'><strong>commotus</strong></span> <span class='ocrx_word' id='word_1_521' title='bbox 1067 3669 1300 3723; x_wconf 86' lang='lat' dir='ltr'><strong>inducor</strong></span> <span class='ocrx_word' id='word_1_522' title='bbox 1328 3668 1394 3723; x_wconf 90' lang='lat' dir='ltr'><strong>ad</strong></span> <span class='ocrx_word' id='word_1_523' title='bbox 1448 3671 1627 3725; x_wconf 86' lang='lat' dir='ltr'><strong>virum</strong></span> <span class='ocrx_word' id='word_1_524' title='bbox 1679 3670 2019 3742; x_wconf 85' lang='lat' dir='ltr'><strong>compellen-</strong></span> 
     </span>
    </p>
   </div>
   <div class='ocr_carea' id='block_1_69' title="bbox 447 3760 2022 3831">
    <p class='ocr_par' dir='ltr' id='par_1_69' title="bbox 447 3760 2022 3831">
     <span class='ocr_line' id='line_1_69' title="bbox 447 3760 2022 3831; baseline 0.001 -16"><span class='ocrx_word' id='word_1_525' title='bbox 447 3761 578 3815; x_wconf 87' lang='lat' dir='ltr'><strong>dum</strong></span> <span class='ocrx_word' id='word_1_526' title='bbox 621 3762 703 3817; x_wconf 84' lang='lat' dir='ltr'><strong>sic</strong></span> <span class='ocrx_word' id='word_1_527' title='bbox 756 3760 1167 3831; x_wconf 89' lang='lat' dir='ltr'><strong>inquisiturus:</strong></span> <span class='ocrx_word' id='word_1_528' title='bbox 1202 3761 1315 3815; x_wconf 88' lang='lat' dir='ltr'><strong>Cur</strong></span> <span class='ocrx_word' id='word_1_529' title='bbox 1366 3762 1610 3829; x_wconf 90' lang='lat' dir='ltr'><strong>tandem,</strong></span> <span class='ocrx_word' id='word_1_530' title='bbox 1646 3764 1848 3831; x_wconf 87' lang='lat' dir='ltr'><strong>optime</strong></span> <span class='ocrx_word' id='word_1_531' title='bbox 1887 3762 2022 3829; x_wconf 83' lang='lat' dir='ltr'><strong>dux,</strong></span> 
     </span>
    </p>
   </div>
   <div class='ocr_carea' id='block_1_70' title="bbox 447 3851 2025 3921">
    <p class='ocr_par' dir='ltr' id='par_1_70' title="bbox 447 3851 2025 3921">
     <span class='ocr_line' id='line_1_70' title="bbox 447 3851 2025 3921; baseline -0.002 -12"><span class='ocrx_word' id='word_1_532' title='bbox 447 3855 724 3909; x_wconf 81' lang='lat' dir='ltr'><strong>civitatem</strong></span> <span class='ocrx_word' id='word_1_533' title='bbox 753 3851 1042 3906; x_wconf 89' lang='lat' dir='ltr'><strong>destruere</strong></span> <span class='ocrx_word' id='word_1_534' title='bbox 1067 3852 1278 3914; x_wconf 88' lang='lat' dir='ltr'><strong>sinens,</strong></span> <span class='ocrx_word' id='word_1_535' title='bbox 1302 3862 1485 3920; x_wconf 88' lang='lat' dir='ltr'><strong>partes</strong></span> <span class='ocrx_word' id='word_1_536' title='bbox 1520 3851 1699 3909; x_wconf 87' lang='lat' dir='ltr'><strong>editas</strong></span> <span class='ocrx_word' id='word_1_537' title='bbox 1720 3853 2025 3921; x_wconf 79' lang='lat' dir='ltr'><strong>occupasti,</strong></span> 
     </span>
    </p>
   </div>
   <div class='ocr_carea' id='block_1_71' title="bbox 446 3943 2033 4014">
    <p class='ocr_par' dir='ltr' id='par_1_71' title="bbox 446 3943 2033 4014">
     <span class='ocr_line' id='line_1_71' title="bbox 446 3943 2033 4014; baseline -0.001 -14"><span class='ocrx_word' id='word_1_538' title='bbox 446 3947 732 4014; x_wconf 86' lang='lat' dir='ltr'><strong>latereque</strong></span> <span class='ocrx_word' id='word_1_539' title='bbox 760 3943 1029 3998; x_wconf 83' lang='lat' dir='ltr'><strong>festinasti</strong></span> <span class='ocrx_word' id='word_1_540' title='bbox 1056 3945 1226 4009; x_wconf 89' lang='lat' dir='ltr'><strong>intus,</strong></span> <span class='ocrx_word' id='word_1_541' title='bbox 1248 3945 1292 3999; x_wconf 90' lang='lat' dir='ltr'><strong>si</strong></span> <span class='ocrx_word' id='word_1_542' title='bbox 1329 3946 1407 3999; x_wconf 84' lang='lat' dir='ltr'><strong>sic</strong></span> <span class='ocrx_word' id='word_1_543' title='bbox 1424 3945 1573 3999; x_wconf 79' lang='lat' dir='ltr'><strong>brevi</strong></span> <span class='ocrx_word' id='word_1_544' title='bbox 1605 3959 1723 4000; x_wconf 90' lang='lat' dir='ltr'><strong>eam</strong></span> <span class='ocrx_word' id='word_1_545' title='bbox 1753 3945 1893 4000; x_wconf 87' lang='lat' dir='ltr'><strong>inter</strong></span> <span class='ocrx_word' id='word_1_546' title='bbox 1919 3961 2033 3999; x_wconf 78' lang='lat' dir='ltr'><strong>ina-</strong></span> 
     </span>
    </p>
   </div>
   <div class='ocr_carea' id='block_1_72' title="bbox 444 4035 2033 4106">
    <p class='ocr_par' dir='ltr' id='par_1_72' title="bbox 444 4035 2033 4106">
     <span class='ocr_line' id='line_1_72' title="bbox 444 4035 2033 4106; baseline -0.001 -12"><span class='ocrx_word' id='word_1_547' title='bbox 444 4054 551 4094; x_wconf 90' lang='lat' dir='ltr'><strong>nus</strong></span> <span class='ocrx_word' id='word_1_548' title='bbox 591 4036 830 4092; x_wconf 90' lang='lat' dir='ltr'><strong>hostium</strong></span> <span class='ocrx_word' id='word_1_549' title='bbox 856 4036 1123 4106; x_wconf 88' lang='lat' dir='ltr'><strong>captivam</strong></span> <span class='ocrx_word' id='word_1_550' title='bbox 1163 4051 1313 4092; x_wconf 87' lang='lat' dir='ltr'><strong>esses</strong></span> <span class='ocrx_word' id='word_1_551' title='bbox 1361 4037 1697 4092; x_wconf 85' lang='lat' dir='ltr'><strong>relicturus?</strong></span> <span class='ocrx_word' id='word_1_552' title='bbox 1725 4035 1836 4091; x_wconf 91' lang='lat' dir='ltr'><strong>Cur</strong></span> <span class='ocrx_word' id='word_1_553' title='bbox 1866 4036 2033 4092; x_wconf 88' lang='lat' dir='ltr'><strong>misc-</strong></span> 
     </span>
    </p>
   </div>
   <div class='ocr_carea' id='block_1_73' title="bbox 444 4128 2031 4185">
    <p class='ocr_par' dir='ltr' id='par_1_73' title="bbox 444 4128 2031 4185">
     <span class='ocr_line' id='line_1_73' title="bbox 444 4128 2031 4185; baseline 0 0"><span class='ocrx_word' id='word_1_554' title='bbox 444 4144 560 4185; x_wconf 89' lang='lat' dir='ltr'><strong>ram</strong></span> <span class='ocrx_word' id='word_1_555' title='bbox 579 4143 767 4184; x_wconf 88' lang='lat' dir='ltr'><strong>vocem</strong></span> <span class='ocrx_word' id='word_1_556' title='bbox 795 4129 863 4183; x_wconf 88' lang='lat' dir='ltr'><strong>ad</strong></span> <span class='ocrx_word' id='word_1_557' title='bbox 894 4128 1328 4184; x_wconf 87' lang='lat' dir='ltr'><strong>misericordiam</strong></span> <span class='ocrx_word' id='word_1_558' title='bbox 1354 4130 1674 4185; x_wconf 82' lang='lat' dir='ltr'><strong>movendam</strong></span> <span class='ocrx_word' id='word_1_559' title='bbox 1704 4145 1813 4185; x_wconf 73' lang='lat' dir='ltr'><strong>non</strong></span> <span class='ocrx_word' id='word_1_560' title='bbox 1831 4130 2031 4185; x_wconf 82' lang='lat' dir='ltr'><strong>extuli-</strong></span> 
     </span>
    </p>
   </div>
   <div class='ocr_carea' id='block_1_74' title="bbox 444 4216 2030 4291">
    <p class='ocr_par' dir='ltr' id='par_1_74' title="bbox 444 4216 2030 4291">
     <span class='ocr_line' id='line_1_74' title="bbox 444 4216 2030 4291; baseline -0.002 -14"><span class='ocrx_word' id='word_1_561' title='bbox 444 4224 550 4286; x_wconf 86' lang='lat' dir='ltr'><strong>sti,</strong></span> <span class='ocrx_word' id='word_1_562' title='bbox 573 4226 864 4289; x_wconf 88' lang='lat' dir='ltr'><strong>antequam</strong></span> <span class='ocrx_word' id='word_1_563' title='bbox 911 4216 1208 4274; x_wconf 81' lang='lat' dir='ltr'><strong>suﬂ&#39;ocares</strong></span> <span class='ocrx_word' id='word_1_564' title='bbox 1230 4235 1368 4290; x_wconf 89' lang='lat' dir='ltr'><strong>quos</strong></span> <span class='ocrx_word' id='word_1_565' title='bbox 1417 4227 1573 4290; x_wconf 91' lang='lat' dir='ltr'><strong>porta</strong></span> <span class='ocrx_word' id='word_1_566' title='bbox 1606 4220 1826 4276; x_wconf 87' lang='lat' dir='ltr'><strong>tenebat</strong></span> <span class='ocrx_word' id='word_1_567' title='bbox 1864 4230 2030 4291; x_wconf 89' lang='lat' dir='ltr'><strong>atque</strong></span> 
     </span>
    </p>
   </div>
   <div class='ocr_carea' id='block_1_75' title="bbox 447 4309 2030 4376">
    <p class='ocr_par' dir='ltr' id='par_1_75' title="bbox 447 4309 2030 4376">
     <span class='ocr_line' id='line_1_75' title="bbox 447 4309 2030 4376; baseline 0.001 -10"><span class='ocrx_word' id='word_1_568' title='bbox 447 4322 679 4366; x_wconf 61' lang='lat' dir='ltr'><strong>ceteros</strong></span> <span class='ocrx_word' id='word_1_569' title='bbox 697 4309 721 4363; x_wconf 83' lang='lat'><strong>?</strong></span> <span class='ocrx_word' id='word_1_570' title='bbox 736 4309 1020 4376; x_wconf 86' lang='lat' dir='ltr'><strong>Quomodo</strong></span> <span class='ocrx_word' id='word_1_571' title='bbox 1037 4320 1408 4366; x_wconf 88' lang='lat' dir='ltr'><strong>nonmoveret</strong></span> <span class='ocrx_word' id='word_1_572' title='bbox 1425 4312 1619 4376; x_wconf 86' lang='lat' dir='ltr'><strong>risum,</strong></span> <span class='ocrx_word' id='word_1_573' title='bbox 1635 4312 1785 4367; x_wconf 91' lang='lat' dir='ltr'><strong>illum</strong></span> <span class='ocrx_word' id='word_1_574' title='bbox 1807 4327 2030 4369; x_wconf 84' lang='lat' dir='ltr'><strong>currere</strong></span> 
     </span>
    </p>
   </div>
   <div class='ocr_carea' id='block_1_76' title="bbox 2196 3669 3702 3742">
    <p class='ocr_par' dir='ltr' id='par_1_76' title="bbox 2196 3669 3702 3742">
     <span class='ocr_line' id='line_1_76' title="bbox 2196 3669 3702 3742; baseline 0 -17"><span class='ocrx_word' id='word_1_575' title='bbox 2196 3677 2267 3742; x_wconf 82' lang='grc' dir='ltr'><strong>η’.</strong></span> <span class='ocrx_word' id='word_1_576' title='bbox 2306 3671 2574 3726; x_wconf 81' lang='grc' dir='ltr'>Ἐνταῦθα</span> <span class='ocrx_word' id='word_1_577' title='bbox 2607 3671 3003 3741; x_wconf 77' lang='grc' dir='ltr'>παθαινόμενος</span> <span class='ocrx_word' id='word_1_578' title='bbox 3039 3669 3353 3741; x_wconf 79' lang='grc' dir='ltr'>προάγομαι</span> <span class='ocrx_word' id='word_1_579' title='bbox 3385 3688 3438 3723; x_wconf 91' lang='grc' dir='ltr'><strong>τι</strong></span> <span class='ocrx_word' id='word_1_580' title='bbox 3470 3671 3702 3741; x_wconf 75' lang='grc' dir='ltr'>λαλῆσαι</span> 
     </span>
    </p>
   </div>
   <div class='ocr_carea' id='block_1_77' title="bbox 2131 3744 3705 3833">
    <p class='ocr_par' dir='ltr' id='par_1_77' title="bbox 2131 3744 3705 3833">
     <span class='ocr_line' id='line_1_77' title="bbox 2131 3744 3705 3833; baseline -0.001 -17"><span class='ocrx_word' id='word_1_581' title='bbox 2131 3763 2269 3833; x_wconf 77' lang='grc' dir='ltr'>πρὸς</span> <span class='ocrx_word' id='word_1_582' title='bbox 2298 3762 2390 3815; x_wconf 82' lang='grc' dir='ltr'><strong>τὸν</strong></span> <span class='ocrx_word' id='word_1_583' title='bbox 2419 3744 2609 3831; x_wconf 63' lang='grc' dir='ltr'>ἄνδρα,</span> <span class='ocrx_word' id='word_1_584' title='bbox 2641 3760 2736 3815; x_wconf 83' lang='grc' dir='ltr'>καὶ</span> <span class='ocrx_word' id='word_1_585' title='bbox 2769 3760 3041 3814; x_wconf 88' lang='grc' dir='ltr'>πυθέσθαι</span> <span class='ocrx_word' id='word_1_586' title='bbox 3073 3757 3238 3813; x_wconf 83' lang='grc' dir='ltr'>αὐτοῦ</span> <span class='ocrx_word' id='word_1_587' title='bbox 3258 3774 3274 3790; x_wconf 87' lang='grc'><strong>·</strong></span> <span class='ocrx_word' id='word_1_588' title='bbox 3308 3759 3373 3811; x_wconf 90' lang='grc' dir='ltr'><strong>Τί</strong></span> <span class='ocrx_word' id='word_1_589' title='bbox 3405 3759 3626 3830; x_wconf 86' lang='grc' dir='ltr'>δήποτε,</span> <span class='ocrx_word' id='word_1_590' title='bbox 3659 3755 3705 3815; x_wconf 84' lang='grc' dir='ltr'><strong>ὦ</strong></span> 
     </span>
    </p>
   </div>
   <div class='ocr_carea' id='block_1_78' title="bbox 2136 3850 3706 3927">
    <p class='ocr_par' dir='ltr' id='par_1_78' title="bbox 2136 3850 3706 3927">
     <span class='ocr_line' id='line_1_78' title="bbox 2136 3850 3706 3927; baseline -0.001 -19"><span class='ocrx_word' id='word_1_591' title='bbox 2136 3856 2381 3927; x_wconf 86' lang='grc' dir='ltr'>βέλτιστε</span> <span class='ocrx_word' id='word_1_592' title='bbox 2418 3854 2691 3924; x_wconf 86' lang='grc' dir='ltr'>στρατηγέ</span> <span class='ocrx_word' id='word_1_593' title='bbox 2712 3894 2728 3918; x_wconf 88' lang='grc'><strong>,</strong></span> <span class='ocrx_word' id='word_1_594' title='bbox 2762 3852 2862 3923; x_wconf 78' lang='grc' dir='ltr'><strong>τὴν</strong></span> <span class='ocrx_word' id='word_1_595' title='bbox 2894 3852 3046 3905; x_wconf 87' lang='grc' dir='ltr'>κάτω</span> <span class='ocrx_word' id='word_1_596' title='bbox 3079 3850 3234 3904; x_wconf 87' lang='grc' dir='ltr'>πόλιν</span> <span class='ocrx_word' id='word_1_597' title='bbox 3268 3852 3706 3907; x_wconf 82' lang='grc' dir='ltr'>κατακόπτεσθαι</span> 
     </span>
    </p>
   </div>
   <div class='ocr_carea' id='block_1_79' title="bbox 2136 3942 3707 4015">
    <p class='ocr_par' dir='ltr' id='par_1_79' title="bbox 2136 3942 3707 4015">
     <span class='ocr_line' id='line_1_79' title="bbox 2136 3942 3707 4015; baseline -0.002 -16"><span class='ocrx_word' id='word_1_598' title='bbox 2136 3946 2318 4015; x_wconf 82' lang='grc' dir='ltr'>ἀφεὶς,</span> <span class='ocrx_word' id='word_1_599' title='bbox 2343 3944 2529 4011; x_wconf 88' lang='grc' dir='ltr'>ἐγένου</span> <span class='ocrx_word' id='word_1_600' title='bbox 2555 3942 2654 4013; x_wconf 87' lang='grc' dir='ltr'><strong>τῆς</strong></span> <span class='ocrx_word' id='word_1_601' title='bbox 2679 3944 2793 3997; x_wconf 84' lang='grc' dir='ltr'><strong>ἀνω</strong></span> <span class='ocrx_word' id='word_1_602' title='bbox 2821 3942 3037 4014; x_wconf 86' lang='grc' dir='ltr'>μοίρας.</span> <span class='ocrx_word' id='word_1_603' title='bbox 3066 3943 3162 3996; x_wconf 77' lang='grc' dir='ltr'>καὶ</span> <span class='ocrx_word' id='word_1_604' title='bbox 3191 3942 3440 3996; x_wconf 86' lang='grc' dir='ltr'>σπεύδων</span> <span class='ocrx_word' id='word_1_605' title='bbox 3465 3943 3707 4014; x_wconf 79' lang='grc' dir='ltr'>ἐκρύὸης</span> 
     </span>
    </p>
   </div>
   <div class='ocr_carea' id='block_1_80' title="bbox 2137 4033 3708 4105">
    <p class='ocr_par' dir='ltr' id='par_1_80' title="bbox 2137 4033 3708 4105">
     <span class='ocr_line' id='line_1_80' title="bbox 2137 4033 3708 4105; baseline -0.001 -15"><span class='ocrx_word' id='word_1_606' title='bbox 2137 4036 2311 4102; x_wconf 81' lang='grc' dir='ltr'>ἐντὸς,</span> <span class='ocrx_word' id='word_1_607' title='bbox 2339 4037 2387 4089; x_wconf 82' lang='grc' dir='ltr'><strong>εἱ</strong></span> <span class='ocrx_word' id='word_1_608' title='bbox 2413 4034 2556 4088; x_wconf 73' lang='grc' dir='ltr'>οὕτω</span> <span class='ocrx_word' id='word_1_609' title='bbox 2582 4035 2722 4105; x_wconf 80' lang='grc' dir='ltr'>ταχὺ</span> <span class='ocrx_word' id='word_1_610' title='bbox 2749 4034 2916 4105; x_wconf 80' lang='grc' dir='ltr'>ἐχρῆν</span> <span class='ocrx_word' id='word_1_611' title='bbox 2944 4051 3005 4088; x_wconf 88' lang='grc' dir='ltr'><strong>σε</strong></span> <span class='ocrx_word' id='word_1_612' title='bbox 3033 4036 3126 4088; x_wconf 75' lang='grc' dir='ltr'>καὶ</span> <span class='ocrx_word' id='word_1_613' title='bbox 3154 4033 3324 4105; x_wconf 80' lang='grc' dir='ltr'><strong>αὐτὴν</strong></span> <span class='ocrx_word' id='word_1_614' title='bbox 3350 4035 3568 4105; x_wconf 84' lang='grc' dir='ltr'>ἀφεῖναι</span> <span class='ocrx_word' id='word_1_615' title='bbox 3594 4038 3708 4099; x_wconf 85' lang='grc' dir='ltr'>τοῖς</span> 
     </span>
    </p>
   </div>
   <div class='ocr_carea' id='block_1_81' title="bbox 2136 4123 3704 4198">
    <p class='ocr_par' dir='ltr' id='par_1_81' title="bbox 2136 4123 3704 4198">
     <span class='ocr_line' id='line_1_81' title="bbox 2136 4123 3704 4198; baseline -0.003 -17"><span class='ocrx_word' id='word_1_616' title='bbox 2136 4126 2353 4198; x_wconf 84' lang='grc' dir='ltr'>ἐχθροῖς</span> <span class='ocrx_word' id='word_1_617' title='bbox 2393 4126 2743 4196; x_wconf 78' lang='grc' dir='ltr'>ὑποχείριον;</span> <span class='ocrx_word' id='word_1_618' title='bbox 2788 4126 2853 4178; x_wconf 85' lang='grc' dir='ltr'>Τί</span> <span class='ocrx_word' id='word_1_619' title='bbox 2897 4124 2952 4177; x_wconf 68' lang='grc' dir='ltr'>δὲ</span> <span class='ocrx_word' id='word_1_620' title='bbox 2997 4125 3074 4196; x_wconf 73' lang='grc' dir='ltr'><strong>μὴ</strong></span> <span class='ocrx_word' id='word_1_621' title='bbox 3116 4124 3214 4194; x_wconf 85' lang='grc' dir='ltr'><strong>τὴν</strong></span> <span class='ocrx_word' id='word_1_622' title='bbox 3257 4123 3460 4195; x_wconf 82' lang='grc' dir='ltr'>ἀγεννῆ</span> <span class='ocrx_word' id='word_1_623' title='bbox 3499 4125 3704 4194; x_wconf 77' lang='grc' dir='ltr'>φωνὴν,</span> 
     </span>
    </p>
   </div>
   <div class='ocr_carea' id='block_1_82' title="bbox 2134 4216 3711 4289">
    <p class='ocr_par' dir='ltr' id='par_1_82' title="bbox 2134 4216 3711 4289">
     <span class='ocr_line' id='line_1_82' title="bbox 2134 4216 3711 4289; baseline -0.003 -16"><span class='ocrx_word' id='word_1_624' title='bbox 2134 4218 2236 4289; x_wconf 82' lang='grc' dir='ltr'>τὴν</span> <span class='ocrx_word' id='word_1_625' title='bbox 2260 4217 2355 4272; x_wconf 80' lang='grc' dir='ltr'>τοῦ</span> <span class='ocrx_word' id='word_1_626' title='bbox 2384 4217 2671 4288; x_wconf 86' lang='grc' dir='ltr'>ἐλεηθῆναί</span> <span class='ocrx_word' id='word_1_627' title='bbox 2703 4234 2782 4281; x_wconf 91' lang='grc' dir='ltr'><strong>σε,</strong></span> <span class='ocrx_word' id='word_1_628' title='bbox 2814 4217 3189 4286; x_wconf 84' lang='grc' dir='ltr'>προέκρωξας,</span> <span class='ocrx_word' id='word_1_629' title='bbox 3217 4216 3386 4286; x_wconf 83' lang='grc' dir='ltr'>πρινὴ</span> <span class='ocrx_word' id='word_1_630' title='bbox 3417 4216 3512 4270; x_wconf 70' lang='grc' dir='ltr'>καὶ</span> <span class='ocrx_word' id='word_1_631' title='bbox 3540 4233 3711 4270; x_wconf 82' lang='grc' dir='ltr'>κατα-</span> 
     </span>
    </p>
   </div>
   <div class='ocr_carea' id='block_1_83' title="bbox 2136 4303 3707 4377">
    <p class='ocr_par' dir='ltr' id='par_1_83' title="bbox 2136 4303 3707 4377">
     <span class='ocr_line' id='line_1_83' title="bbox 2136 4303 3707 4377; baseline -0.001 -16"><span class='ocrx_word' id='word_1_632' title='bbox 2136 4306 2322 4373; x_wconf 84' lang='grc' dir='ltr'>πνίξαι</span> <span class='ocrx_word' id='word_1_633' title='bbox 2347 4307 2474 4369; x_wconf 84' lang='grc' dir='ltr'>τοὺς</span> <span class='ocrx_word' id='word_1_634' title='bbox 2500 4307 2559 4359; x_wconf 90' lang='grc' dir='ltr'><strong>ἐν</strong></span> <span class='ocrx_word' id='word_1_635' title='bbox 2584 4308 2650 4377; x_wconf 82' lang='grc' dir='ltr'>τῇ</span> <span class='ocrx_word' id='word_1_636' title='bbox 2684 4304 2829 4375; x_wconf 82' lang='grc' dir='ltr'>πύλῃ</span> <span class='ocrx_word' id='word_1_637' title='bbox 2857 4303 3147 4374; x_wconf 87' lang='grc' dir='ltr'>σχεθέντας</span> <span class='ocrx_word' id='word_1_638' title='bbox 3175 4305 3270 4358; x_wconf 82' lang='grc' dir='ltr'>καὶ</span> <span class='ocrx_word' id='word_1_639' title='bbox 3294 4305 3422 4368; x_wconf 82' lang='grc' dir='ltr'>τοὺς</span> <span class='ocrx_word' id='word_1_640' title='bbox 3448 4305 3707 4369; x_wconf 75' lang='grc' dir='ltr'>λοιπούςς</span> 
     </span>
    </p>
   </div>
   <div class='ocr_carea' id='block_1_84' title="bbox 444 4395 2026 4473">
    <p class='ocr_par' dir='ltr' id='par_1_84' title="bbox 444 4399 2023 4473">
     <span class='ocr_line' id='line_1_84' title="bbox 444 4399 2023 4473; baseline 0.002 -19"><span class='ocrx_word' id='word_1_641' title='bbox 444 4400 500 4454; x_wconf 87' lang='lat' dir='ltr'><strong>in</strong></span> <span class='ocrx_word' id='word_1_642' title='bbox 539 4414 720 4455; x_wconf 90' lang='lat' dir='ltr'><strong>arcem</strong></span> <span class='ocrx_word' id='word_1_643' title='bbox 763 4408 1027 4470; x_wconf 72' lang='lat' dir='ltr'><strong>tanquam.</strong></span> <span class='ocrx_word' id='word_1_644' title='bbox 1060 4400 1115 4455; x_wconf 88' lang='lat' dir='ltr'><strong>in</strong></span> <span class='ocrx_word' id='word_1_645' title='bbox 1161 4399 1510 4472; x_wconf 69' lang='lat' dir='ltr'><strong>praasidium,</strong></span> <span class='ocrx_word' id='word_1_646' title='bbox 1535 4403 1944 4473; x_wconf 86' lang='lat' dir='ltr'><strong>ascendereque</strong></span> <span class='ocrx_word' id='word_1_647' title='bbox 1969 4404 2023 4458; x_wconf 94' lang='lat' dir='ltr'><strong>in</strong></span> 
     </span>
    </p>
   </div>
   <div class='ocr_carea' id='block_1_85' title="bbox 2131 4395 3710 4473">
    <p class='ocr_par' dir='ltr' id='par_1_85' title="bbox 2136 4395 3710 4467">
     <span class='ocr_line' id='line_1_85' title="bbox 2136 4395 3710 4467; baseline -0.003 -14"><span class='ocrx_word' id='word_1_648' title='bbox 2136 4399 2262 4463; x_wconf 84' lang='grc' dir='ltr'><strong>Πῶς</strong></span> <span class='ocrx_word' id='word_1_649' title='bbox 2306 4400 2368 4453; x_wconf 84' lang='grc' dir='ltr'>οὐ</span> <span class='ocrx_word' id='word_1_650' title='bbox 2416 4398 2625 4467; x_wconf 88' lang='grc' dir='ltr'>γελοῖον</span> <span class='ocrx_word' id='word_1_651' title='bbox 2667 4397 2987 4467; x_wconf 83' lang='grc' dir='ltr'>είσδραμεῖν</span> <span class='ocrx_word' id='word_1_652' title='bbox 3025 4395 3123 4466; x_wconf 81' lang='grc' dir='ltr'><strong>τὴν</strong></span> <span class='ocrx_word' id='word_1_653' title='bbox 3165 4396 3464 4466; x_wconf 85' lang='grc' dir='ltr'>ἀκρόπολιν</span> <span class='ocrx_word' id='word_1_654' title='bbox 3505 4396 3582 4460; x_wconf 82' lang='grc' dir='ltr'><strong>ὡς</strong></span> <span class='ocrx_word' id='word_1_655' title='bbox 3628 4398 3710 4461; x_wconf 87' lang='grc' dir='ltr'><strong>είς</strong></span> 
     </span>
    </p>
   </div>
   <div class='ocr_carea' id='block_1_86' title="bbox 443 4490 2029 4562">
    <p class='ocr_par' dir='ltr' id='par_1_86' title="bbox 443 4490 2029 4562">
     <span class='ocr_line' id='line_1_86' title="bbox 443 4490 2029 4562; baseline 0.002 -16"><span class='ocrx_word' id='word_1_656' title='bbox 443 4491 639 4546; x_wconf 91' lang='lat' dir='ltr'><strong>turrim</strong></span> <span class='ocrx_word' id='word_1_657' title='bbox 671 4499 926 4562; x_wconf 89' lang='lat' dir='ltr'><strong>tanquam</strong></span> <span class='ocrx_word' id='word_1_658' title='bbox 960 4490 1013 4545; x_wconf 89' lang='lat' dir='ltr'><strong>in</strong></span> <span class='ocrx_word' id='word_1_659' title='bbox 1036 4490 1215 4547; x_wconf 89' lang='lat' dir='ltr'><strong>locum</strong></span> <span class='ocrx_word' id='word_1_660' title='bbox 1249 4491 1536 4548; x_wconf 87' lang='lat' dir='ltr'><strong>altitudine</strong></span> <span class='ocrx_word' id='word_1_661' title='bbox 1569 4501 1744 4547; x_wconf 79' lang='lat' dir='ltr'><strong>tutum</strong></span> <span class='ocrx_word' id='word_1_662' title='bbox 1766 4533 1782 4560; x_wconf 89' lang='lat'><strong>,</strong></span> <span class='ocrx_word' id='word_1_663' title='bbox 1814 4495 2029 4548; x_wconf 88' lang='lat' dir='ltr'><strong>statim-</strong></span> 
     </span>
    </p>
   </div>
   <div class='ocr_carea' id='block_1_87' title="bbox 443 4582 2026 4655">
    <p class='ocr_par' dir='ltr' id='par_1_87' title="bbox 443 4582 2026 4655">
     <span class='ocr_line' id='line_1_87' title="bbox 443 4582 2026 4655; baseline 0.001 -18"><span class='ocrx_word' id='word_1_664' title='bbox 443 4598 552 4654; x_wconf 88' lang='lat' dir='ltr'><strong>que</strong></span> <span class='ocrx_word' id='word_1_665' title='bbox 594 4597 654 4638; x_wconf 87' lang='lat' dir='ltr'><strong>se</strong></span> <span class='ocrx_word' id='word_1_666' title='bbox 698 4582 984 4638; x_wconf 88' lang='lat' dir='ltr'><strong>demittere</strong></span> <span class='ocrx_word' id='word_1_667' title='bbox 1026 4597 1126 4653; x_wconf 87' lang='lat' dir='ltr'><strong>per</strong></span> <span class='ocrx_word' id='word_1_668' title='bbox 1177 4582 1617 4654; x_wconf 83' lang='lat' dir='ltr'><strong>funem,hoeque</strong></span> <span class='ocrx_word' id='word_1_669' title='bbox 1664 4585 1832 4642; x_wconf 88' lang='lat' dir='ltr'><strong>citius</strong></span> <span class='ocrx_word' id='word_1_670' title='bbox 1861 4599 2026 4655; x_wconf 90' lang='lat' dir='ltr'><strong>quam</strong></span> 
     </span>
    </p>
   </div>
   <div class='ocr_carea' id='block_1_88' title="bbox 443 4674 2025 4748">
    <p class='ocr_par' dir='ltr' id='par_1_88' title="bbox 443 4674 2025 4748">
     <span class='ocr_line' id='line_1_88' title="bbox 443 4674 2025 4748; baseline -0.001 -17"><span class='ocrx_word' id='word_1_671' title='bbox 443 4674 608 4731; x_wconf 83' lang='lat' dir='ltr'><strong>situla</strong></span> <span class='ocrx_word' id='word_1_672' title='bbox 653 4675 708 4729; x_wconf 92' lang='lat' dir='ltr'><strong>in</strong></span> <span class='ocrx_word' id='word_1_673' title='bbox 753 4675 882 4729; x_wconf 82' lang='lat' dir='ltr'><strong>lune</strong></span> <span class='ocrx_word' id='word_1_674' title='bbox 917 4677 1102 4745; x_wconf 83' lang='lat' dir='ltr'><strong>putei?</strong></span> <span class='ocrx_word' id='word_1_675' title='bbox 1162 4674 1207 4731; x_wconf 86' lang='lat'><strong>0</strong></span> <span class='ocrx_word' id='word_1_676' title='bbox 1234 4677 1471 4731; x_wconf 81' lang='lat' dir='ltr'><strong>maxime</strong></span> <span class='ocrx_word' id='word_1_677' title='bbox 1500 4678 1612 4732; x_wconf 90' lang='lat' dir='ltr'><strong>risu</strong></span> <span class='ocrx_word' id='word_1_678' title='bbox 1646 4678 1870 4748; x_wconf 76' lang='lat' dir='ltr'><strong>dignum</strong></span> <span class='ocrx_word' id='word_1_679' title='bbox 1899 4691 2025 4731; x_wconf 90' lang='lat' dir='ltr'><strong>cum</strong></span> 
     </span>
    </p>
   </div>
   <div class='ocr_carea' id='block_1_89' title="bbox 443 4767 2028 4839">
    <p class='ocr_par' dir='ltr' id='par_1_89' title="bbox 443 4767 2028 4839">
     <span class='ocr_line' id='line_1_89' title="bbox 443 4767 2028 4839; baseline -0.001 -16"><span class='ocrx_word' id='word_1_680' title='bbox 443 4767 554 4823; x_wconf 82' lang='lat' dir='ltr'><strong>dux</strong></span> <span class='ocrx_word' id='word_1_681' title='bbox 582 4767 813 4822; x_wconf 88' lang='lat' dir='ltr'><strong>illustris</strong></span> <span class='ocrx_word' id='word_1_682' title='bbox 840 4768 1175 4824; x_wconf 88' lang='lat' dir='ltr'><strong>constitutus</strong></span> <span class='ocrx_word' id='word_1_683' title='bbox 1201 4777 1328 4824; x_wconf 89' lang='lat' dir='ltr'><strong>ante</strong></span> <span class='ocrx_word' id='word_1_684' title='bbox 1366 4778 1553 4839; x_wconf 88' lang='lat' dir='ltr'><strong>portas</strong></span> <span class='ocrx_word' id='word_1_685' title='bbox 1578 4769 1878 4824; x_wconf 85' lang='lat' dir='ltr'><strong>orientales</strong></span> <span class='ocrx_word' id='word_1_686' title='bbox 1906 4779 2028 4823; x_wconf 85' lang='lat' dir='ltr'><strong>tan-</strong></span> 
     </span>
    </p>
   </div>
   <div class='ocr_carea' id='block_1_90' title="bbox 442 4859 2029 4933">
    <p class='ocr_par' dir='ltr' id='par_1_90' title="bbox 442 4859 2029 4933">
     <span class='ocr_line' id='line_1_90' title="bbox 442 4859 2029 4933; baseline -0.001 -18"><span class='ocrx_word' id='word_1_687' title='bbox 442 4875 607 4933; x_wconf 87' lang='lat' dir='ltr'><strong>quam</strong></span> <span class='ocrx_word' id='word_1_688' title='bbox 642 4860 709 4914; x_wconf 87' lang='lat' dir='ltr'><strong>ad</strong></span> <span class='ocrx_word' id='word_1_689' title='bbox 734 4860 1001 4916; x_wconf 87' lang='lat' dir='ltr'><strong>illustrem</strong></span> <span class='ocrx_word' id='word_1_690' title='bbox 1041 4876 1275 4933; x_wconf 79' lang='lat' dir='ltr'><strong>pugnam</strong></span> <span class='ocrx_word' id='word_1_691' title='bbox 1301 4899 1317 4926; x_wconf 91' lang='lat'><strong>,</strong></span> <span class='ocrx_word' id='word_1_692' title='bbox 1339 4860 1466 4916; x_wconf 92' lang='lat' dir='ltr'><strong>dein</strong></span> <span class='ocrx_word' id='word_1_693' title='bbox 1514 4859 1704 4918; x_wconf 81' lang='lat' dir='ltr'><strong>videns</strong></span> <span class='ocrx_word' id='word_1_694' title='bbox 1735 4860 2029 4930; x_wconf 88' lang='lat' dir='ltr'><strong>quemdam</strong></span> 
     </span>
    </p>
   </div>
   <div class='ocr_carea' id='block_1_91' title="bbox 445 4952 2031 5026">
    <p class='ocr_par' dir='ltr' id='par_1_91' title="bbox 445 4952 2031 5026">
     <span class='ocr_line' id='line_1_91' title="bbox 445 4952 2031 5026; baseline -0.003 -16"><span class='ocrx_word' id='word_1_695' title='bbox 445 4970 516 5010; x_wconf 73' lang='lat' dir='ltr'><strong>ex</strong></span> <span class='ocrx_word' id='word_1_696' title='bbox 542 4954 796 5010; x_wconf 87' lang='lat' dir='ltr'><strong>hostibus</strong></span> <span class='ocrx_word' id='word_1_697' title='bbox 828 4956 1147 5009; x_wconf 89' lang='lat' dir='ltr'><strong>velociorem</strong></span> <span class='ocrx_word' id='word_1_698' title='bbox 1182 4963 1646 5026; x_wconf 90' lang='lat' dir='ltr'><strong>superantemque</strong></span> <span class='ocrx_word' id='word_1_699' title='bbox 1670 4952 1898 5018; x_wconf 82' lang='lat' dir='ltr'><strong>vallum,</strong></span> <span class='ocrx_word' id='word_1_700' title='bbox 1931 4952 2031 5006; x_wconf 89' lang='lat' dir='ltr'><strong>ba-</strong></span> 
     </span>
    </p>
   </div>
   <div class='ocr_carea' id='block_1_92' title="bbox 446 5043 2031 5115">
    <p class='ocr_par' dir='ltr' id='par_1_92' title="bbox 446 5043 2031 5115">
     <span class='ocr_line' id='line_1_92' title="bbox 446 5043 2031 5115; baseline -0.002 -17"><span class='ocrx_word' id='word_1_701' title='bbox 446 5045 619 5099; x_wconf 88' lang='lat' dir='ltr'><strong>benas</strong></span> <span class='ocrx_word' id='word_1_702' title='bbox 653 5044 923 5097; x_wconf 84' lang='lat' dir='ltr'><strong>dimiserit</strong></span> <span class='ocrx_word' id='word_1_703' title='bbox 950 5058 1093 5115; x_wconf 90' lang='lat' dir='ltr'><strong>equo</strong></span> <span class='ocrx_word' id='word_1_704' title='bbox 1125 5043 1192 5098; x_wconf 88' lang='lat' dir='ltr'><strong>ad</strong></span> <span class='ocrx_word' id='word_1_705' title='bbox 1222 5045 1559 5109; x_wconf 88' lang='lat' dir='ltr'><strong>irruendum,</strong></span> <span class='ocrx_word' id='word_1_706' title='bbox 1579 5043 1884 5114; x_wconf 88' lang='lat' dir='ltr'><strong>procedens</strong></span> <span class='ocrx_word' id='word_1_707' title='bbox 1900 5055 2031 5096; x_wconf 90' lang='lat' dir='ltr'><strong>con-</strong></span> 
     </span>
    </p>
   </div>
   <div class='ocr_carea' id='block_1_93' title="bbox 445 5136 2029 5208">
    <p class='ocr_par' dir='ltr' id='par_1_93' title="bbox 445 5136 2029 5208">
     <span class='ocr_line' id='line_1_93' title="bbox 445 5136 2029 5208; baseline -0.001 -18"><span class='ocrx_word' id='word_1_708' title='bbox 445 5146 531 5190; x_wconf 88' lang='lat' dir='ltr'><strong>tra</strong></span> <span class='ocrx_word' id='word_1_709' title='bbox 564 5151 780 5191; x_wconf 86' lang='lat' dir='ltr'><strong>omnem</strong></span> <span class='ocrx_word' id='word_1_710' title='bbox 808 5139 981 5193; x_wconf 84' lang='lat' dir='ltr'><strong>aciem</strong></span> <span class='ocrx_word' id='word_1_711' title='bbox 1000 5136 1301 5193; x_wconf 77' lang='lat' dir='ltr'><strong>exercitus.</strong></span> <span class='ocrx_word' id='word_1_712' title='bbox 1324 5136 1622 5208; x_wconf 80' lang='lat' dir='ltr'><strong>Postquam</strong></span> <span class='ocrx_word' id='word_1_713' title='bbox 1677 5144 1859 5190; x_wconf 91' lang='lat' dir='ltr'><strong>autem</strong></span> <span class='ocrx_word' id='word_1_714' title='bbox 1890 5148 2029 5203; x_wconf 88' lang='lat' dir='ltr'><strong>quos</strong></span> 
     </span>
    </p>
   </div>
   <div class='ocr_carea' id='block_1_94' title="bbox 445 5224 2027 5299">
    <p class='ocr_par' dir='ltr' id='par_1_94' title="bbox 445 5224 2027 5299">
     <span class='ocr_line' id='line_1_94' title="bbox 445 5224 2027 5299; baseline -0.003 -17"><span class='ocrx_word' id='word_1_715' title='bbox 445 5228 730 5283; x_wconf 84' lang='lat' dir='ltr'><strong>invenerat</strong></span> <span class='ocrx_word' id='word_1_716' title='bbox 784 5228 1094 5299; x_wconf 84' lang='lat' dir='ltr'><strong>subegisset</strong></span> <span class='ocrx_word' id='word_1_717' title='bbox 1142 5237 1198 5283; x_wconf 86' lang='lat' dir='ltr'><strong>et</strong></span> <span class='ocrx_word' id='word_1_718' title='bbox 1239 5229 1526 5297; x_wconf 86' lang='lat' dir='ltr'><strong>irrupisset</strong></span> <span class='ocrx_word' id='word_1_719' title='bbox 1579 5227 1856 5296; x_wconf 89' lang='lat' dir='ltr'><strong>superius,</strong></span> <span class='ocrx_word' id='word_1_720' title='bbox 1897 5224 2027 5279; x_wconf 87' lang='lat' dir='ltr'><strong>dein</strong></span> 
     </span>
    </p>
   </div>
   <div class='ocr_carea' id='block_1_95' title="bbox 446 5316 2032 5391">
    <p class='ocr_par' dir='ltr' id='par_1_95' title="bbox 446 5316 2032 5391">
     <span class='ocr_line' id='line_1_95' title="bbox 446 5316 2032 5391; baseline -0.003 -15"><span class='ocrx_word' id='word_1_721' title='bbox 446 5320 646 5376; x_wconf 84' lang='lat' dir='ltr'><strong>multos</strong></span> <span class='ocrx_word' id='word_1_722' title='bbox 670 5319 1036 5376; x_wconf 63' lang='lat' dir='ltr'><strong>interfecissﬂ</strong></span> <span class='ocrx_word' id='word_1_723' title='bbox 1050 5332 1227 5390; x_wconf 87' lang='lat' dir='ltr'><strong>porta,</strong></span> <span class='ocrx_word' id='word_1_724' title='bbox 1248 5322 1317 5375; x_wconf 89' lang='lat' dir='ltr'><strong>de</strong></span> <span class='ocrx_word' id='word_1_725' title='bbox 1338 5335 1444 5391; x_wconf 90' lang='lat' dir='ltr'><strong>qua</strong></span> <span class='ocrx_word' id='word_1_726' title='bbox 1472 5319 1639 5374; x_wconf 90' lang='lat' dir='ltr'><strong>locuti</strong></span> <span class='ocrx_word' id='word_1_727' title='bbox 1664 5332 1873 5381; x_wconf 88' lang='lat' dir='ltr'><strong>sumus,</strong></span> <span class='ocrx_word' id='word_1_728' title='bbox 1893 5316 2032 5372; x_wconf 82' lang='lat' dir='ltr'><strong>alios</strong></span> 
     </span>
    </p>
   </div>
   <div class='ocr_carea' id='block_1_96' title="bbox 448 5409 2030 5482">
    <p class='ocr_par' dir='ltr' id='par_1_96' title="bbox 448 5409 2030 5482">
     <span class='ocr_line' id='line_1_96' title="bbox 448 5409 2030 5482; baseline -0.001 -16"><span class='ocrx_word' id='word_1_729' title='bbox 448 5412 539 5467; x_wconf 87' lang='lat' dir='ltr'><strong>illa</strong></span> <span class='ocrx_word' id='word_1_730' title='bbox 594 5420 749 5482; x_wconf 88' lang='lat' dir='ltr'><strong>porta</strong></span> <span class='ocrx_word' id='word_1_731' title='bbox 777 5427 840 5466; x_wconf 79' lang='lat' dir='ltr'><strong>ex</strong></span> <span class='ocrx_word' id='word_1_732' title='bbox 888 5413 997 5467; x_wconf 87' lang='lat' dir='ltr'><strong>alto</strong></span> <span class='ocrx_word' id='word_1_733' title='bbox 1048 5412 1308 5478; x_wconf 84' lang='lat' dir='ltr'><strong>demissa,</strong></span> <span class='ocrx_word' id='word_1_734' title='bbox 1334 5412 1471 5467; x_wconf 85' lang='lat' dir='ltr'><strong>alios</strong></span> <span class='ocrx_word' id='word_1_735' title='bbox 1512 5424 1645 5465; x_wconf 83' lang='lat' dir='ltr'><strong>vero</strong></span> <span class='ocrx_word' id='word_1_736' title='bbox 1667 5409 1761 5480; x_wconf 88' lang='lat' dir='ltr'><strong>qui</strong></span> <span class='ocrx_word' id='word_1_737' title='bbox 1787 5409 2030 5464; x_wconf 76' lang='lat' dir='ltr'><strong>exterius</strong></span> 
     </span>
    </p>
   </div>
   <div class='ocr_carea' id='block_1_97' title="bbox 448 5500 2030 5573">
    <p class='ocr_par' dir='ltr' id='par_1_97' title="bbox 448 5500 2030 5573">
     <span class='ocr_line' id='line_1_97' title="bbox 448 5500 2030 5573; baseline -0.001 -17"><span class='ocrx_word' id='word_1_738' title='bbox 448 5511 606 5557; x_wconf 88' lang='lat' dir='ltr'><strong>erant</strong></span> <span class='ocrx_word' id='word_1_739' title='bbox 632 5544 646 5567; x_wconf 92' lang='lat'><strong>,</strong></span> <span class='ocrx_word' id='word_1_740' title='bbox 684 5503 789 5559; x_wconf 74' lang='lat' dir='ltr'><strong>cito</strong></span> <span class='ocrx_word' id='word_1_741' title='bbox 816 5503 1061 5560; x_wconf 86' lang='lat' dir='ltr'><strong>ascendit</strong></span> <span class='ocrx_word' id='word_1_742' title='bbox 1089 5512 1429 5573; x_wconf 82' lang='lat' dir='ltr'><strong>pugnaturus</strong></span> <span class='ocrx_word' id='word_1_743' title='bbox 1461 5516 1492 5557; x_wconf 92' lang='lat' dir='ltr'><strong>e</strong></span> <span class='ocrx_word' id='word_1_744' title='bbox 1517 5502 1675 5568; x_wconf 91' lang='lat' dir='ltr'><strong>turri,</strong></span> <span class='ocrx_word' id='word_1_745' title='bbox 1702 5500 1861 5556; x_wconf 85' lang='lat' dir='ltr'><strong>cuius</strong></span> <span class='ocrx_word' id='word_1_746' title='bbox 1899 5514 2030 5555; x_wconf 89' lang='lat' dir='ltr'><strong>vero</strong></span> 
     </span>
    </p>
   </div>
   <div class='ocr_carea' id='block_1_98' title="bbox 453 5593 2030 5666">
    <p class='ocr_par' dir='ltr' id='par_1_98' title="bbox 453 5593 2030 5666">
     <span class='ocr_line' id='line_1_98' title="bbox 453 5593 2030 5666; baseline 0.001 -17"><span class='ocrx_word' id='word_1_747' title='bbox 453 5594 737 5652; x_wconf 89' lang='lat' dir='ltr'><strong>descendit</strong></span> <span class='ocrx_word' id='word_1_748' title='bbox 791 5596 857 5651; x_wconf 91' lang='lat' dir='ltr'><strong>ad</strong></span> <span class='ocrx_word' id='word_1_749' title='bbox 891 5602 1196 5666; x_wconf 86' lang='lat' dir='ltr'><strong>capturam,</strong></span> <span class='ocrx_word' id='word_1_750' title='bbox 1222 5594 1278 5649; x_wconf 89' lang='lat' dir='ltr'><strong>in</strong></span> <span class='ocrx_word' id='word_1_751' title='bbox 1306 5595 1411 5649; x_wconf 87' lang='lat' dir='ltr'><strong>hoc</strong></span> <span class='ocrx_word' id='word_1_752' title='bbox 1431 5608 1543 5649; x_wconf 89' lang='lat' dir='ltr'><strong>uno</strong></span> <span class='ocrx_word' id='word_1_753' title='bbox 1562 5593 1721 5649; x_wconf 84' lang='lat' dir='ltr'><strong>fortis</strong></span> <span class='ocrx_word' id='word_1_754' title='bbox 1747 5594 1894 5665; x_wconf 88' lang='lat' dir='ltr'><strong>quod</strong></span> <span class='ocrx_word' id='word_1_755' title='bbox 1916 5608 2030 5650; x_wconf 89' lang='lat' dir='ltr'><strong>non</strong></span> 
     </span>
    </p>
   </div>
   <div class='ocr_carea' id='block_1_99' title="bbox 461 5683 2030 5758">
    <p class='ocr_par' dir='ltr' id='par_1_99' title="bbox 461 5683 2030 5758">
     <span class='ocr_line' id='line_1_99' title="bbox 461 5683 2030 5758; baseline -0.001 -18"><span class='ocrx_word' id='word_1_756' title='bbox 461 5686 518 5741; x_wconf 91' lang='lat' dir='ltr'><strong>in</strong></span> <span class='ocrx_word' id='word_1_757' title='bbox 549 5694 734 5758; x_wconf 89' lang='lat' dir='ltr'><strong>sporta</strong></span> <span class='ocrx_word' id='word_1_758' title='bbox 768 5686 979 5743; x_wconf 85' lang='lat' dir='ltr'><strong>tardius</strong></span> <span class='ocrx_word' id='word_1_759' title='bbox 1010 5685 1275 5742; x_wconf 87' lang='lat' dir='ltr'><strong>dimissus</strong></span> <span class='ocrx_word' id='word_1_760' title='bbox 1316 5683 1439 5753; x_wconf 80' lang='lat' dir='ltr'><strong>fuit,</strong></span> <span class='ocrx_word' id='word_1_761' title='bbox 1475 5684 1572 5741; x_wconf 88' lang='lat' dir='ltr'><strong>sed</strong></span> <span class='ocrx_word' id='word_1_762' title='bbox 1610 5692 1889 5742; x_wconf 85' lang='lat' dir='ltr'><strong>momento</strong></span> <span class='ocrx_word' id='word_1_763' title='bbox 1931 5684 2030 5741; x_wconf 85' lang='lat' dir='ltr'><strong>ad-</strong></span> 
     </span>
    </p>
   </div>
   <div class='ocr_carea' id='block_1_100' title="bbox 2127 4487 3710 4563">
    <p class='ocr_par' dir='ltr' id='par_1_100' title="bbox 2127 4487 3710 4563">
     <span class='ocr_line' id='line_1_100' title="bbox 2127 4487 3710 4563; baseline -0.003 -15"><span class='ocrx_word' id='word_1_764' title='bbox 2127 4492 2378 4562; x_wconf 71' lang='grc' dir='ltr'>ἄμυναν,</span> <span class='ocrx_word' id='word_1_765' title='bbox 2415 4490 2510 4543; x_wconf 80' lang='grc' dir='ltr'>καὶ</span> <span class='ocrx_word' id='word_1_766' title='bbox 2543 4489 2893 4560; x_wconf 84' lang='grc' dir='ltr'>ἀναπηδῆσαι</span> <span class='ocrx_word' id='word_1_767' title='bbox 2927 4488 3008 4551; x_wconf 81' lang='grc' dir='ltr'>είς</span> <span class='ocrx_word' id='word_1_768' title='bbox 3041 4487 3253 4559; x_wconf 87' lang='grc' dir='ltr'>πύργον</span> <span class='ocrx_word' id='word_1_769' title='bbox 3286 4488 3364 4552; x_wconf 86' lang='grc' dir='ltr'>ὡς</span> <span class='ocrx_word' id='word_1_770' title='bbox 3402 4489 3492 4542; x_wconf 82' lang='grc' dir='ltr'>ἐπ’</span> <span class='ocrx_word' id='word_1_771' title='bbox 3516 4490 3710 4563; x_wconf 89' lang='grc' dir='ltr'>ἀγαθῷ</span> 
     </span>
    </p>
   </div>
   <div class='ocr_carea' id='block_1_101' title="bbox 2126 4578 3706 4652">
    <p class='ocr_par' dir='ltr' id='par_1_101' title="bbox 2126 4578 3706 4652">
     <span class='ocr_line' id='line_1_101' title="bbox 2126 4578 3706 4652; baseline -0.001 -15"><span class='ocrx_word' id='word_1_772' title='bbox 2126 4583 2237 4637; x_wconf 87' lang='grc' dir='ltr'>τῶν</span> <span class='ocrx_word' id='word_1_773' title='bbox 2277 4582 2391 4637; x_wconf 81' lang='grc' dir='ltr'><strong>ἀνω</strong></span> <span class='ocrx_word' id='word_1_774' title='bbox 2431 4580 2706 4648; x_wconf 77' lang='grc' dir='ltr'>ἑστώτων,</span> <span class='ocrx_word' id='word_1_775' title='bbox 2748 4581 2846 4634; x_wconf 74' lang='grc' dir='ltr'>καὶ</span> <span class='ocrx_word' id='word_1_776' title='bbox 2885 4579 3087 4634; x_wconf 82' lang='grc' dir='ltr'>αὐτίκα</span> <span class='ocrx_word' id='word_1_777' title='bbox 3124 4578 3428 4652; x_wconf 79' lang='grc' dir='ltr'>δράξασθαι</span> <span class='ocrx_word' id='word_1_778' title='bbox 3468 4580 3706 4652; x_wconf 81' lang='grc' dir='ltr'>σχοίνου,</span> 
     </span>
    </p>
   </div>
   <div class='ocr_carea' id='block_1_102' title="bbox 2127 4670 3708 4744">
    <p class='ocr_par' dir='ltr' id='par_1_102' title="bbox 2127 4670 3708 4744">
     <span class='ocr_line' id='line_1_102' title="bbox 2127 4670 3708 4744; baseline -0.003 -15"><span class='ocrx_word' id='word_1_779' title='bbox 2127 4675 2224 4729; x_wconf 71' lang='grc' dir='ltr'>καὶ</span> <span class='ocrx_word' id='word_1_780' title='bbox 2257 4673 2453 4728; x_wconf 74' lang='grc' dir='ltr'>θᾶττον</span> <span class='ocrx_word' id='word_1_781' title='bbox 2486 4673 2638 4727; x_wconf 82' lang='grc' dir='ltr'>κάτω</span> <span class='ocrx_word' id='word_1_782' title='bbox 2671 4671 2965 4741; x_wconf 79' lang='grc' dir='ltr'>γενέσθαι,</span> <span class='ocrx_word' id='word_1_783' title='bbox 2999 4670 3147 4744; x_wconf 72' lang='grc' dir='ltr'>ἤπερ</span> <span class='ocrx_word' id='word_1_784' title='bbox 3182 4671 3398 4726; x_wconf 90' lang='grc' dir='ltr'>καδδίον</span> <span class='ocrx_word' id='word_1_785' title='bbox 3430 4672 3489 4726; x_wconf 83' lang='grc' dir='ltr'><strong>ἐν</strong></span> <span class='ocrx_word' id='word_1_786' title='bbox 3522 4673 3708 4743; x_wconf 77' lang='grc' dir='ltr'>ίμονίᾳ</span> 
     </span>
    </p>
   </div>
   <div class='ocr_carea' id='block_1_103' title="bbox 2128 4762 3713 4836">
    <p class='ocr_par' dir='ltr' id='par_1_103' title="bbox 2128 4762 3713 4836">
     <span class='ocr_line' id='line_1_103' title="bbox 2128 4762 3713 4836; baseline -0.002 -17"><span class='ocrx_word' id='word_1_787' title='bbox 2128 4765 2272 4820; x_wconf 83' lang='grc' dir='ltr'><strong>κατά</strong></span> <span class='ocrx_word' id='word_1_788' title='bbox 2297 4764 2531 4836; x_wconf 82' lang='grc' dir='ltr'>φρέατος</span> <span class='ocrx_word' id='word_1_789' title='bbox 2549 4780 2566 4832; x_wconf 88' lang='lat'><strong>;</strong></span> <span class='ocrx_word' id='word_1_790' title='bbox 2584 4764 2649 4816; x_wconf 82' lang='grc' dir='ltr'><strong>’Ὦ</strong></span> <span class='ocrx_word' id='word_1_791' title='bbox 2673 4762 2911 4830; x_wconf 88' lang='grc' dir='ltr'>γέλωτος</span> <span class='ocrx_word' id='word_1_792' title='bbox 2933 4762 3150 4829; x_wconf 88' lang='grc' dir='ltr'>τούτου,</span> <span class='ocrx_word' id='word_1_793' title='bbox 3175 4764 3260 4817; x_wconf 82' lang='grc' dir='ltr'>ὅτι</span> <span class='ocrx_word' id='word_1_794' title='bbox 3286 4780 3361 4817; x_wconf 89' lang='grc' dir='ltr'><strong>πα</strong></span> <span class='ocrx_word' id='word_1_795' title='bbox 3369 4763 3713 4835; x_wconf 82' lang='grc' dir='ltr'>ρατεταγμέ-</span> 
     </span>
    </p>
   </div>
   <div class='ocr_carea' id='block_1_104' title="bbox 2129 4853 3710 4926">
    <p class='ocr_par' dir='ltr' id='par_1_104' title="bbox 2129 4853 3710 4926">
     <span class='ocr_line' id='line_1_104' title="bbox 2129 4853 3710 4926; baseline -0.003 -15"><span class='ocrx_word' id='word_1_796' title='bbox 2129 4874 2218 4919; x_wconf 90' lang='grc' dir='ltr'>νος</span> <span class='ocrx_word' id='word_1_797' title='bbox 2247 4858 2275 4910; x_wconf 84' lang='grc' dir='ltr'>ὁ</span> <span class='ocrx_word' id='word_1_798' title='bbox 2301 4854 2556 4926; x_wconf 80' lang='grc' dir='ltr'>λαμπρὸς</span> <span class='ocrx_word' id='word_1_799' title='bbox 2584 4854 2810 4926; x_wconf 79' lang='grc' dir='ltr'>ἡγεμὼν</span> <span class='ocrx_word' id='word_1_800' title='bbox 2843 4855 2951 4926; x_wconf 79' lang='grc' dir='ltr'><strong>πρὸ</strong></span> <span class='ocrx_word' id='word_1_801' title='bbox 2977 4853 3088 4907; x_wconf 87' lang='grc' dir='ltr'><strong>τῶν</strong></span> <span class='ocrx_word' id='word_1_802' title='bbox 3118 4853 3270 4926; x_wconf 83' lang='grc' dir='ltr'><strong>ἐῴων</strong></span> <span class='ocrx_word' id='word_1_803' title='bbox 3300 4853 3485 4909; x_wconf 84' lang='grc' dir='ltr'>πυλῶν</span> <span class='ocrx_word' id='word_1_804' title='bbox 3511 4854 3588 4917; x_wconf 83' lang='grc' dir='ltr'>ὡς</span> <span class='ocrx_word' id='word_1_805' title='bbox 3616 4855 3710 4907; x_wconf 74' lang='grc' dir='ltr'>ἐπὶ</span> 
     </span>
    </p>
   </div>
   <div class='ocr_carea' id='block_1_105' title="bbox 2133 4941 3712 5020">
    <p class='ocr_par' dir='ltr' id='par_1_105' title="bbox 2133 4941 3712 5020">
     <span class='ocr_line' id='line_1_105' title="bbox 2133 4941 3712 5020; baseline -0.002 -19"><span class='ocrx_word' id='word_1_806' title='bbox 2133 4947 2284 5020; x_wconf 78' lang='grc' dir='ltr'>μάχῃ</span> <span class='ocrx_word' id='word_1_807' title='bbox 2311 4946 2573 5017; x_wconf 84' lang='grc' dir='ltr'>λαμπρᾷ,</span> <span class='ocrx_word' id='word_1_808' title='bbox 2608 4941 2729 4999; x_wconf 76' lang='grc' dir='ltr'>εἶτα</span> <span class='ocrx_word' id='word_1_809' title='bbox 2763 4944 2887 5001; x_wconf 86' lang='grc' dir='ltr'>ίδὼν</span> <span class='ocrx_word' id='word_1_810' title='bbox 2915 4944 3013 4999; x_wconf 81' lang='grc' dir='ltr'><strong>ἐνα</strong></span> <span class='ocrx_word' id='word_1_811' title='bbox 3040 4946 3165 4999; x_wconf 81' lang='grc' dir='ltr'>τινὰ</span> <span class='ocrx_word' id='word_1_812' title='bbox 3195 4946 3456 5015; x_wconf 80' lang='grc' dir='ltr'>πολέμιον</span> <span class='ocrx_word' id='word_1_813' title='bbox 3484 4946 3712 5017; x_wconf 81' lang='grc' dir='ltr'>ἐλαφρι-</span> 
     </span>
    </p>
   </div>
   <div class='ocr_carea' id='block_1_106' title="bbox 2131 5036 3709 5109">
    <p class='ocr_par' dir='ltr' id='par_1_106' title="bbox 2131 5036 3709 5109">
     <span class='ocr_line' id='line_1_106' title="bbox 2131 5036 3709 5109; baseline -0.003 -16"><span class='ocrx_word' id='word_1_814' title='bbox 2131 5038 2328 5093; x_wconf 84' lang='grc' dir='ltr'>σθέντα</span> <span class='ocrx_word' id='word_1_815' title='bbox 2357 5041 2453 5093; x_wconf 58' lang='grc' dir='ltr'><strong>καὶ⁵</strong></span> <span class='ocrx_word' id='word_1_816' title='bbox 2482 5036 2865 5109; x_wconf 75' lang='grc' dir='ltr'>ύπερφανέντα</span> <span class='ocrx_word' id='word_1_817' title='bbox 2895 5038 3039 5092; x_wconf 85' lang='grc' dir='ltr'><strong>κατά</strong></span> <span class='ocrx_word' id='word_1_818' title='bbox 3066 5036 3173 5091; x_wconf 86' lang='grc' dir='ltr'><strong>τῶν</strong></span> <span class='ocrx_word' id='word_1_819' title='bbox 3202 5037 3506 5103; x_wconf 77' lang='grc' dir='ltr'>ἐπάλξεων,</span> <span class='ocrx_word' id='word_1_820' title='bbox 3535 5036 3709 5106; x_wconf 84' lang='grc' dir='ltr'>ἀνῆκε</span> 
     </span>
    </p>
   </div>
   <div class='ocr_carea' id='block_1_107' title="bbox 2130 5125 3712 5201">
    <p class='ocr_par' dir='ltr' id='par_1_107' title="bbox 2130 5125 3712 5201">
     <span class='ocr_line' id='line_1_107' title="bbox 2130 5125 3712 5201; baseline -0.004 -17"><span class='ocrx_word' id='word_1_821' title='bbox 2130 5131 2221 5184; x_wconf 81' lang='grc' dir='ltr'><strong>τὸν</strong></span> <span class='ocrx_word' id='word_1_822' title='bbox 2257 5130 2473 5201; x_wconf 80' lang='grc' dir='ltr'>ῥυτῆρα</span> <span class='ocrx_word' id='word_1_823' title='bbox 2502 5128 2580 5201; x_wconf 81' lang='grc' dir='ltr'>τῷ</span> <span class='ocrx_word' id='word_1_824' title='bbox 2620 5129 2773 5199; x_wconf 82' lang='grc' dir='ltr'>ῐππῳ</span> <span class='ocrx_word' id='word_1_825' title='bbox 2807 5128 2951 5182; x_wconf 86' lang='grc' dir='ltr'>θέειν</span> <span class='ocrx_word' id='word_1_826' title='bbox 2972 5169 2989 5196; x_wconf 89' lang='grc'><strong>,</strong></span> <span class='ocrx_word' id='word_1_827' title='bbox 3022 5127 3345 5198; x_wconf 87' lang='grc' dir='ltr'>προτρέχων</span> <span class='ocrx_word' id='word_1_828' title='bbox 3377 5125 3472 5179; x_wconf 81' lang='grc' dir='ltr'>τοῦ</span> <span class='ocrx_word' id='word_1_829' title='bbox 3506 5126 3712 5188; x_wconf 80' lang='grc' dir='ltr'>παντὸς</span> 
     </span>
    </p>
   </div>
   <div class='ocr_carea' id='block_1_108' title="bbox 2129 5218 3709 5294">
    <p class='ocr_par' dir='ltr' id='par_1_108' title="bbox 2129 5218 3709 5294">
     <span class='ocr_line' id='line_1_108' title="bbox 2129 5218 3709 5294; baseline -0.003 -18"><span class='ocrx_word' id='word_1_830' title='bbox 2129 5223 2318 5294; x_wconf 80' lang='grc' dir='ltr'>ὁμίλου</span> <span class='ocrx_word' id='word_1_831' title='bbox 2346 5222 2449 5294; x_wconf 90' lang='grc' dir='ltr'><strong>τῆς</strong></span> <span class='ocrx_word' id='word_1_832' title='bbox 2483 5222 2741 5293; x_wconf 80' lang='grc' dir='ltr'>στρατιᾶς</span> <span class='ocrx_word' id='word_1_833' title='bbox 2766 5237 2781 5253; x_wconf 75' lang='grc' dir='ltr'>ο</span> <span class='ocrx_word' id='word_1_834' title='bbox 2815 5222 2911 5276; x_wconf 77' lang='grc' dir='ltr'>καὶ</span> <span class='ocrx_word' id='word_1_835' title='bbox 2948 5219 3312 5290; x_wconf 77' lang='grc' dir='ltr'>συμπατήσας</span> <span class='ocrx_word' id='word_1_836' title='bbox 3340 5218 3468 5282; x_wconf 86' lang='grc' dir='ltr'>τοὺς</span> <span class='ocrx_word' id='word_1_837' title='bbox 3501 5235 3709 5288; x_wconf 86' lang='grc' dir='ltr'>παρευ-</span> 
     </span>
    </p>
   </div>
   <div class='ocr_carea' id='block_1_109' title="bbox 2135 5305 3710 5387">
    <p class='ocr_par' dir='ltr' id='par_1_109' title="bbox 2135 5305 3710 5387">
     <span class='ocr_line' id='line_1_109' title="bbox 2135 5305 3710 5387; baseline -0.025 1"><span class='ocrx_word' id='word_1_838' title='bbox 2135 5315 2427 5387; x_wconf 78' lang='grc' dir='ltr'>ρημένους,</span> <span class='ocrx_word' id='word_1_839' title='bbox 2454 5314 2550 5368; x_wconf 74' lang='grc' dir='ltr'>καὶ</span> <span class='ocrx_word' id='word_1_840' title='bbox 2575 5314 2885 5385; x_wconf 80' lang='grc' dir='ltr'>είσδραμων</span> <span class='ocrx_word' id='word_1_841' title='bbox 2909 5310 3044 5376; x_wconf 79' lang='grc' dir='ltr'>ἄνω,</span> <span class='ocrx_word' id='word_1_842' title='bbox 3074 5305 3192 5363; x_wconf 75' lang='grc' dir='ltr'>εἶτα</span> <span class='ocrx_word' id='word_1_843' title='bbox 3217 5309 3315 5364; x_wconf 83' lang='grc' dir='ltr'><strong>καὶ</strong></span> <span class='ocrx_word' id='word_1_844' title='bbox 3342 5309 3553 5380; x_wconf 83' lang='grc' dir='ltr'>βλάψας</span> <span class='ocrx_word' id='word_1_845' title='bbox 3581 5309 3710 5362; x_wconf 78' lang='grc' dir='ltr'>πηλ-</span> 
     </span>
    </p>
   </div>
   <div class='ocr_carea' id='block_1_110' title="bbox 2130 5400 3710 5478">
    <p class='ocr_par' dir='ltr' id='par_1_110' title="bbox 2130 5400 3710 5478">
     <span class='ocr_line' id='line_1_110' title="bbox 2130 5400 3710 5478; baseline -0.005 -18"><span class='ocrx_word' id='word_1_846' title='bbox 2130 5407 2257 5471; x_wconf 83' lang='grc' dir='ltr'>λοὺς</span> <span class='ocrx_word' id='word_1_847' title='bbox 2285 5406 2375 5461; x_wconf 73' lang='grc' dir='ltr'>διὰ</span> <span class='ocrx_word' id='word_1_848' title='bbox 2403 5406 2580 5478; x_wconf 78' lang='grc' dir='ltr'>πύλης</span> <span class='ocrx_word' id='word_1_849' title='bbox 2598 5445 2613 5473; x_wconf 95' lang='grc'><strong>,</strong></span> <span class='ocrx_word' id='word_1_850' title='bbox 2644 5406 2712 5474; x_wconf 77' lang='grc' dir='ltr'><strong>ἦν</strong></span> <span class='ocrx_word' id='word_1_851' title='bbox 2741 5400 3151 5476; x_wconf 80' lang='grc' dir='ltr'>προεξεθέμεθα</span> <span class='ocrx_word' id='word_1_852' title='bbox 3169 5442 3185 5469; x_wconf 95' lang='grc'><strong>,</strong></span> <span class='ocrx_word' id='word_1_853' title='bbox 3211 5401 3338 5466; x_wconf 81' lang='grc' dir='ltr'>τοὺς</span> <span class='ocrx_word' id='word_1_854' title='bbox 3371 5401 3469 5472; x_wconf 83' lang='grc' dir='ltr'>μὲν</span> <span class='ocrx_word' id='word_1_855' title='bbox 3498 5401 3591 5454; x_wconf 81' lang='grc' dir='ltr'>ὑπ’</span> <span class='ocrx_word' id='word_1_856' title='bbox 3612 5400 3710 5453; x_wconf 88' lang='grc' dir='ltr'>αύ-</span> 
     </span>
    </p>
   </div>
   <div class='ocr_carea' id='block_1_111' title="bbox 2129 5492 3712 5571">
    <p class='ocr_par' dir='ltr' id='par_1_111' title="bbox 2129 5492 3712 5571">
     <span class='ocr_line' id='line_1_111' title="bbox 2129 5492 3712 5571; baseline -0.006 -17"><span class='ocrx_word' id='word_1_857' title='bbox 2129 5494 2230 5568; x_wconf 86' lang='grc' dir='ltr'><strong>τῆς</strong></span> <span class='ocrx_word' id='word_1_858' title='bbox 2257 5498 2473 5571; x_wconf 76' lang='grc' dir='ltr'>ἐκείνης</span> <span class='ocrx_word' id='word_1_859' title='bbox 2500 5496 2924 5569; x_wconf 82' lang='grc' dir='ltr'>κατενεχθείσης</span> <span class='ocrx_word' id='word_1_860' title='bbox 2953 5497 3021 5549; x_wconf 80' lang='grc' dir='ltr'><strong>ἐκ</strong></span> <span class='ocrx_word' id='word_1_861' title='bbox 3049 5492 3350 5566; x_wconf 83' lang='grc' dir='ltr'>μετεώρου,</span> <span class='ocrx_word' id='word_1_862' title='bbox 3376 5493 3503 5557; x_wconf 85' lang='grc' dir='ltr'>τοὺς</span> <span class='ocrx_word' id='word_1_863' title='bbox 3527 5493 3585 5547; x_wconf 82' lang='grc' dir='ltr'>δὲ</span> <span class='ocrx_word' id='word_1_864' title='bbox 3617 5493 3712 5545; x_wconf 75' lang='grc' dir='ltr'><strong>καὶ</strong></span> 
     </span>
    </p>
   </div>
   <div class='ocr_carea' id='block_1_112' title="bbox 2131 5584 3711 5661">
    <p class='ocr_par' dir='ltr' id='par_1_112' title="bbox 2131 5584 3711 5661">
     <span class='ocr_line' id='line_1_112' title="bbox 2131 5584 3711 5661; baseline -0.006 -14"><span class='ocrx_word' id='word_1_865' title='bbox 2131 5588 2213 5657; x_wconf 78' lang='grc' dir='ltr'><strong>οἷς</strong></span> <span class='ocrx_word' id='word_1_866' title='bbox 2237 5591 2842 5661; x_wconf 80' lang='grc' dir='ltr'>ἐξωσυνεκλείσθησαν,</span> <span class='ocrx_word' id='word_1_867' title='bbox 2866 5588 3004 5660; x_wconf 79' lang='grc' dir='ltr'>ταχὺ</span> <span class='ocrx_word' id='word_1_868' title='bbox 3032 5587 3133 5657; x_wconf 78' lang='grc' dir='ltr'><strong>μὲν</strong></span> <span class='ocrx_word' id='word_1_869' title='bbox 3153 5584 3323 5658; x_wconf 79' lang='grc' dir='ltr'>ἀνέϐη</span> <span class='ocrx_word' id='word_1_870' title='bbox 3352 5585 3711 5658; x_wconf 78' lang='grc' dir='ltr'>πυργομαχὴ-</span> 
     </span>
    </p>
   </div>
   <div class='ocr_carea' id='block_1_113' title="bbox 2135 5660 3712 5752">
    <p class='ocr_par' dir='ltr' id='par_1_113' title="bbox 2135 5660 3712 5752">
     <span class='ocr_line' id='line_1_113' title="bbox 2135 5660 3712 5752; baseline -0.006 -13"><span class='ocrx_word' id='word_1_871' title='bbox 2135 5700 2271 5751; x_wconf 85' lang='grc' dir='ltr'>σων,</span> <span class='ocrx_word' id='word_1_872' title='bbox 2303 5660 2487 5752; x_wconf 68' lang='grc' dir='ltr'>τάχιον</span> <span class='ocrx_word' id='word_1_873' title='bbox 2512 5682 2571 5737; x_wconf 86' lang='grc' dir='ltr'>δὲ</span> <span class='ocrx_word' id='word_1_874' title='bbox 2602 5660 2812 5752; x_wconf 75' lang='grc' dir='ltr'>κατέϐη</span> <span class='ocrx_word' id='word_1_875' title='bbox 2839 5678 3242 5751; x_wconf 75' lang='grc' dir='ltr'>δουλωσόμενος</span> <span class='ocrx_word' id='word_1_876' title='bbox 3260 5716 3278 5745; x_wconf 89' lang='grc'><strong>,</strong></span> <span class='ocrx_word' id='word_1_877' title='bbox 3305 5676 3464 5732; x_wconf 82' lang='grc' dir='ltr'>τοῦτο</span> <span class='ocrx_word' id='word_1_878' title='bbox 3491 5679 3588 5732; x_wconf 79' lang='grc' dir='ltr'>καὶ</span> <span class='ocrx_word' id='word_1_879' title='bbox 3615 5674 3712 5747; x_wconf 82' lang='grc' dir='ltr'><strong>μό-</strong></span> 
     </span>
    </p>
   </div>
  </div>
