4084 6440
346 439 414 506 Π
1119 451 1217 512 DE
1261 453 1845 516 TIIESSALONICA
1890 455 2101 520 URBE
2146 460 2192 518 A
2237 459 2553 520 LATINIS
2588 460 2844 520 CAPTA.
3540 458 3607 525 18

336 571 432 609 νον
473 557 895 628 ἀνδρισάμενος,
936 561 1026 615 ὅτι
1072 563 1149 632 μὴ
1189 564 1277 617 διὰ
1320 567 1601 636 σαργάνης
1654 569 1923 640 ἐχαλάσθη

2034 572 2256 640 volavit,
2298 584 2563 641 tauquam
2627 573 2872 642 vulgaris
2895 571 3008 631 ales
3058 571 3124 628 ad
3160 582 3375 643 pastum
3423 588 3605 639 suum,

338 647 712 730 σχολαίτερον,
762 650 902 706 ἀλλὰ
950 654 1155 724 μικροῦ
1202 659 1604 730 κατεπετάσθη.
1654 661 1785 714 ὡσεὶ
1833 664 1927 716 καὶ

2037 676 2144 715 non
2178 677 2306 717 vero
2350 673 2407 717 ut
2450 663 2631 732 aquila
2671 663 2738 717 ad
2772 659 3008 716 nobilem
3032 662 3290 731 praedam.

340 728 771 804 βοσκηματῶδες
796 740 1002 809 πτηνὸν
1025 742 1119 795 ἐπὶ
1141 745 1310 815 νομήν
1331 762 1345 777 ·
1370 747 1433 801 οὐ
1458 728 1767 820 γὰρνδὴπου
1791 752 1924 805 ὡσεὶ
1950 752 2043 807 καί
2068 771 2122 807 τι
2150 754 2382 817 ἀετῶδες
2413 728 2518 807 ἐπὶ.⁷
2533 754 2712 822 ἄγραν
2741 753 2961 823 εὐγενῆ.

415 829 484 883 θ’.
528 832 771 903 Καὶξούκ
810 836 983 908 ἐχρῆν
1026 839 1126 910 μὲν
1166 841 1378 910 ἄνδρα,
1422 845 1590 899 πάλαι
1632 848 1937 920 μεμελετη-

342 921 483 974 κότα
512 924 703 993 χεῖρας
728 927 986 984 ἁπλῶσαι
1012 935 1349 999 γυναικικῶς
1372 939 1485 1000 τοῖς
1510 939 1822 1007 διώκουσιν,
1849 944 1933 1007 είς

342 1014 532 1085 ἔρυμα
565 1018 996 1086 παρεισδύεσθαι
1016 1061 1034 1088 ,
1066 1024 1160 1077 καὶ
1192 1026 1396 1091 κόπους
1427 1028 1629 1085 διδόναι
1661 1035 1772 1096 τοῖς
1808 1035 1931 1086 ἐπι.

340 1107 621 1175 τρέχουσι,
665 1110 741 1180 μὴ
782 1116 877 1165 καὶ
918 1114 1002 1178 είς
1045 1116 1227 1171 πλεῖον
1270 1121 1570 1189 μαίνοιντο.
1610 1124 1669 1177 '0
1709 1126 1752 1179 δ’
1786 1126 1919 1180 ἀλλὰ

342 1198 445 1257 τὶς
467 1199 671 1269 φρένας
695 1202 913 1272 βλαϐεὶς
934 1205 1131 1276 ἔφευγε
1156 1210 1278 1278 μὲν,
1302 1211 1378 1275 ὡς
1403 1213 1494 1265 ἐπὶ
1518 1214 1755 1286 φυλακῇ,
1777 1217 1890 1272 ἄνω
1909 1233 1926 1250 ⁸

344 1291 687 1359 κατεφέρετο
722 1293 768 1346 δ’
793 1296 958 1360 εὐθὺς
998 1298 1230 1364 ἐκεῖθεν,
1270 1301 1346 1366 ὠς
1387 1302 1455 1357 ἂν
1487 1304 1572 1374 είη
1609 1304 1669 1358 τὸ
1707 1306 1931 1375 ἀγεννὲς

346 1382 520 1435 αὐτοῦ
548 1383 769 1451 ἄτοπον,
798 1389 893 1442 καὶ
924 1389 999 1458 μὴ
1025 1391 1308 1463 δοξασθείη
1340 1395 1480 1464 πρός
1505 1413 1691 1458 τινων,
1719 1398 1795 1462 ὡς
1822 1398 1931 1469 ἄρα

345 1472 498 1526 ἐὰλω
526 1477 859 1545 μαχόμενος.
888 1480 1115 1549 ’Δνέϐης
1140 1485 1219 1547 είς
1245 1483 1376 1554 ὕψος
1402 1485 1652 1554 φροῦδος.
1680 1482 1725 1542 ὦ
1749 1483 1921 1554 οὗτος,

345 1564 410 1615 τδ
436 1564 537 1634 τῆς
564 1568 909 1638 ἀκροπόλεως
928 1590 943 1603 ·
969 1574 1400 1645 ᾑχμαλώτευσας
1429 1579 1829 1646 αἰχμαλωσίαν,
1856 1580 1923 1651 ἢν

346 1656 447 1707 καὶ
466 1657 587 1709 ἐκεῖ
609 1660 718 1721 τοῖς
744 1662 1027 1731 πολεμίοις
1044 1664 1385 1734 προῦδωκας.
1418 1669 1775 1732 Ἀπεναντίας
1798 1670 1928 1723 ταῦ-

338 1762 436 1807 τι,
454 1742 539 1811 οἷς
563 1748 754 1817 ψάλλει
779 1753 962 1818 Δαυῖδ,
984 1748 1045 1809 οῦ
1061 1757 1159 1826 τὴν
1183 1757 1371 1827 κλῆσιν
1398 1759 1575 1829 φέρων
1597 1759 1925 1831 ἡχρείωσας.

422 1838 478 1893 ι’.
519 1843 632 1896 Καὶ
679 1845 753 1914 μή
784 1862 876 1914 μοι
917 1848 1202 1916 νεμεσᾶτω
1232 1850 1420 1918 μηδεὶς
1448 1850 1680 1904 ἐνταῦθα
1710 1850 1925 1919 γέροντι

2105 851 2159 906 9.
2199 849 2390 905 Virum
2427 867 2644 922 quoque
2697 852 2787 921 qui
2836 852 3088 908 inimicos
3132 852 3370 908 molliter
3418 867 3602 924 perse-

2034 951 2195 997 cutus
2234 940 2413 997 fuerat
2468 958 2576 997 non
2633 943 2818 999 decuit
2862 944 2915 998 in
2973 957 3160 997 muros
3221 944 3516 998 ascendere
3543 952 3598 998 et

2031 1028 2366 1085 adversariis
2433 1033 2720 1087 molestum
2784 1048 2906 1087 esse
2962 1047 3030 1087 ne
3090 1033 3264 1101 magis
3324 1032 3591 1088 furerent.

2024 1119 2290 1174 Caeterum
2342 1129 2526 1177 mente
2562 1137 2855 1191 percussus
2884 1121 3019 1192 fugit
3065 1122 3286 1192 quidem
3337 1125 3589 1192 superius

2025 1216 2288 1277 tanquam
2321 1212 2373 1265 in
2403 1211 2754 1281 praesidium:
2789 1212 2916 1267 inde
2945 1228 3075 1267 vero
3098 1213 3248 1267 brevi
3276 1212 3584 1278 descendit,

2025 1307 2085 1355 ut
2110 1300 2348 1356 dedecus
2417 1301 2535 1368 ejus
2568 1302 2844 1357 insolitum
2890 1310 3175 1372 appareret
3206 1343 3222 1369 ,
3266 1319 3443 1373 neque
3471 1307 3593 1374 qui-

2027 1390 2253 1445 busdam
2283 1391 2558 1447 videretur
2578 1392 2722 1449 inter
2743 1392 3087 1464 pugnandum
3112 1401 3329 1463 captus.
3346 1393 3596 1461 Frustra,

2028 1496 2063 1537 ο
2109 1483 2210 1552 tu.)
2235 1483 2289 1536 in
2327 1484 2473 1539 arcis
2504 1485 2758 1539 verticem
2798 1484 3113 1549 ascendisti,
3146 1502 3165 1536 ς
3201 1485 3466 1554 captivam
3497 1486 3597 1542 du-

2030 1585 2158 1627 cens
2208 1573 2573 1642 captivitatem
2606 1576 2647 1639 ί,
2682 1593 2702 1628 ι
2759 1590 2919 1644 quam
2956 1577 3205 1633 hostibus
3251 1576 3595 1644 tradideras;

2031 1663 2125 1718 sed
2160 1664 2275 1717 haec
2305 1663 2370 1718 iis
2397 1680 2519 1733 qua:
2549 1665 2714 1720 David
2744 1676 2928 1721 cantat
2953 1673 3275 1737 repugnant,
3307 1676 3474 1739 tuqtte
3500 1685 3599 1724 no-

2032 1769 2154 1809 men
2187 1754 2332 1809 illius
2374 1756 2674 1826 usurpasti.

2103 1843 2378 1899 10.Nemo
2410 1844 2498 1899 hic
2529 1845 2659 1898 mihi
2688 1845 2886 1900 seniori
2908 1845 3254 1915 pusillanlmo
3284 1845 3597 1918 indignetur

344 1932 707 2002 μικροψύχῳ,
765 1937 990 1991 τοιαῦτα
1051 1938 1402 2006 καταλέγοντι
1457 1940 1681 2009 ἀνδρὸς,
1744 1933 1918 2009 οὗπερ

2026 1936 2086 1991 de
2118 1935 2316 1990 talibus
2338 1938 2620 1992 accusanti
2647 1936 2822 1991 virum
2852 1956 2869 1989 ι
2902 1938 3058 2009 cujus
3088 1939 3321 1994 medium
3347 1939 3495 2008 jecur
3528 1939 3594 1992 lio
3674 1990 3678 1995 .

344 2037 368 2071 ε
412 2020 584 2088 ἡδέως
618 2023 685 2077 ἂν
715 2027 882 2092 μέσον
910 2022 1066 2097 ἧπαρ
1099 2026 1298 2097 ἔχοιμι,
1330 2027 1459 2091 ὀδὰξ
1491 2030 1693 2096 ἐμφὺς,
1730 2048 1751 2082 ι
1782 2031 1923 2084 κατὰ

338 2113 444 2180 τὴν
479 2112 789 2184 Ὁμηρικὴν
821 2119 999 2170 εἰπεῖν
1033 2120 1248 2186 γραῖαν,
1285 2118 1401 2171 ἀνθ’
1430 2112 1504 2173 ὧν
1537 2120 1629 2172 καὶ
1662 2121 1922 2192 τηλικαύ-

341 2220 447 2273 της
482 2222 503 2254 ι
542 2205 750 2269 πόλεως
785 2208 1050 2261 κατέλυσε
1082 2210 1314 2279 κάρηνα,
1346 2211 1440 2264 καὶ
1474 2212 1684 2265 πολλῶν
1715 2212 1922 2282 ἀνδρῶν

336 2295 566 2358 γούνατ’
588 2297 763 2356 ἔλυσε.
799 2318 820 2351 ι
849 2301 1067 2355 Γένοιτο
1093 2301 1151 2354 δέ
1181 2302 1256 2371 μὴ
1286 2304 1380 2357 καὶ
1407 2306 1575 2358 εἰσέτι
1602 2304 1850 2374 λυθῆναι,
1877 2300 1921 2360 ὦ

337 2389 444 2441 Ges
478 2389 725 2459 βασιλεῦ,
759 2394 855 2446 καὶ
886 2387 932 2447 ὧ
969 2395 1207 2463 θεράπον
1238 2397 1423 2462 αὑτοῦ,
1457 2397 1707 2469 πολιοῦχε
1740 2398 1917 2469 ἡμῶν.

338 2483 420 2552 μὴ
456 2484 553 2536 καὶ
584 2485 910 2556 ἐπεκταθεὶη
944 2486 1023 2547 είς
1059 2488 1324 2557 μήκιστον
1351 2489 1411 2541 τὸ
1442 2488 1632 2542 κακόν.
1666 2491 1774 2544 Καὶ
1804 2486 1921 2545 οἴδα

343 2574 448 2639 μὲν
478 2575 746 2629 συνιστῶν
778 2575 890 2644 ἐγὼ
918 2576 1012 2630 τὸν
1038 2577 1210 2647 ἄνδρα
1235 2576 1422 2633 τοῦτον
1450 2579 1522 2633 τὰ
1551 2579 1659 2650 πρὸ
1687 2582 1787 2652 τῆς
1819 2584 1922 2652 μά·-

339 2682 467 2734 χης,
501 2666 598 2719 καὶ
630 2666 868 2736 εὐλογῶν
897 2670 957 2724 ἐν
986 2669 1207 2740 εἰρήνης
1243 2670 1422 2742 καιρῷ
1448 2671 1519 2725 τὰ
1553 2673 1763 2727 ἐκείνου
1785 2689 1800 2704 ·
1829 2675 1918 2729 ὅτε

336 2758 389 2808 oi
424 2758 528 2825 μὲν
553 2758 782 2827 κέρδους
812 2760 1130 2832 πρηκτῆρες
1160 2763 1373 2818 πολῖται
1401 2764 1764 2832 λαλαγοῦντες
1792 2766 1921 2819 ἐπέ-

338 2865 528 2901 κειντο
557 2849 680 2901 κατ’
697 2850 885 2916 αὐτοῦ,
918 2852 1064 2922 ἅπερ
1094 2854 1285 2925 ἤθελον
1304 2872 1320 2888 σ
1349 2856 1509 2926 ἡμεῖς
1536 2857 1592 2910 δὲ
1618 2857 1814 2925 ἄλλως,
1843 2857 1922 2923 ὡς

336 2937 605 3006 ἔπρεπεν,
640 2941 1048 3010 ἡρμοττόμεθα.
1086 2945 1201 2997 Καὶ
1233 2945 1395 3010 αὐτὸς
1427 2947 1485 3001 δέ
1522 2950 1916 3021 ἀντιστρέφων,

336 3032 399 3083 τὸ
423 3031 602 3100 φίλιον
624 3031 847 3100 ἔφαινεν
870 3033 1013 3104 ὑπὲρ
1036 3035 1194 3105 ἡμῶν
1217 3037 1308 3090 καὶ
1334 3036 1576 3109 βλέμμα,
1600 3043 1695 3095 καὶ
1717 3044 1915 3111 νεῦμα,

336 3123 438 3173 καὶ
462 3121 524 3175 τὺ
547 3122 609 3174 ἐν
632 3123 929 3192 πρακτέοις
953 3123 1211 3199 βάδισμα.
1239 3127 1354 3183 Νῦν
1377 3130 1423 3185 δ’
1440 3130 1575 3186 ἀλλὰ
1598 3133 1650 3186 τί
1674 3132 1767 3187 καὶ
1789 3134 1920 3202 δρά-

335 3227 537 3279 σομεν,
574 3212 870 3283 εὑρηκότες
902 3215 996 3269 τὸν
1030 3216 1345 3273 ἐπαινετέον
1377 3220 1585 3276 ἐκεῖνον
1621 3225 1920 3293 μεταϐαλό-

338 3319 529 3370 μενον,
559 3303 654 3358 καὶ
685 3308 886 3377 μηκέτι
909 3307 1109 3371 τόπους
1139 3308 1220 3374 είς
1249 3310 1525 3383 εὐφημίαν
1552 3313 1924 3386 ὑποϐαλλόμε-

334 3412 427 3447 νον
448 3412 464 3460 ;
484 3390 565 3447 Ἦ
593 3396 814 3462 πάντως
841 3396 1197 3470 ἐνθυμητέον,
1229 3401 1303 3467 ὡς
1335 3404 1525 3459 καινὸν
1554 3407 1706 3461 οὐδέν
1729 3425 1745 3438 ·
1778 3410 1922 3465 καθὰ

337 3487 591 3556 στέργων
623 3489 833 3553 ἐκεῖνος
864 3489 936 3543 τὰ
976 3490 1171 3562 πρώην
1204 3493 1385 3563 ἡμᾶς,
1421 3491 1541 3551 εἶτα
1580 3500 1641 3551 ἐν
1674 3499 1925 3572 ὑστέροις

335 3581 440 3632 οὒκ
474 3580 669 3648 ὴγάπα
700 3583 1049 3651 ἐλέγχοντας,
1080 3578 1169 3637 οἷα
1204 3585 1341 3655 μηδὲ
1373 3588 1536 3658 σοφὸς
1565 3589 1750 3655 αὐτὸς,
1782 3589 1924 3645 κατὰ

332 3674 428 3725 τὸν
452 3672 882 3744 Παροιμιαστὴν,
906 3673 1050 3728 οὕτω
1071 3674 1167 3729 καὶ
1188 3678 1333 3749 ἡμᾶς
1355 3678 1476 3732 τότε
1505 3680 1604 3750 μὲν
1625 3681 1763 3751 πρὸς
1786 3682 1927 3735 ἐκεί-

335 3780 454 3826 νοις
496 3759 638 3817 εἶναι
677 3764 765 3818 διὰ
801 3765 862 3818 τδ
903 3766 1072 3831 ὅσιον,
1115 3766 1197 3819 ὅτι
1244 3768 1381 3839 μηδέ
1422 3769 1545 3824 λίαν
1585 3772 1791 3839 θρασὺς
1831 3767 1923 3844 ἦν,

337 3855 489 3909 κατὰ
518 3854 647 3919 τοὺς
678 3856 1049 3921 αὐθεκάστους
1082 3858 1154 3913 τὰ
1189 3861 1344 3914 κοινὰ
1385 3862 1669 3915 σίνεσθαι·
1704 3860 1823 3918 εἶτα
1860 3865 1926 3936 δὴ

336 3946 568 4016 ὄλεθρον
598 3947 660 4013 ἐξ
698 3948 908 4003 ἐκείνου
943 3951 1367 4022 προορωμένους
1407 3936 1691 4023 μισεῑνώς
1730 3956 1924 4023 αίτιον,

337 4041 473 4109 ἄρτι
505 4039 563 4094 δὲ
597 4041 692 4094 καὶ
724 4040 1173 4113 ὠλοθρευμένους
1205 4042 1412 4098 ἐθέλειν
1440 4044 1535 4098 καί
1563 4062 1616 4098 τι
1652 4046 1797 4115 μέγα
1827 4064 1928 4100 κα-

337 4132 441 4184 κδν
473 4130 673 4199 ἐκείνῳ
713 4130 1152 4200 προσδιὶξασθαι,
1187 4132 1345 4204 ἀνδρὶ
1384 4133 1561 4195 ἄλλως
1602 4136 1702 4203 μὲν
1735 4136 1926 4207 ἀγαθῷ

335 4222 559 4287 δέξαντι
585 4220 670 4292 (οὐ
697 4223 807 4291 γὰρ
834 4224 1233 4295 σκορακιστέον
1254 4225 1325 4279 τὰ
1350 4226 1488 4296 πρὸς
1514 4227 1814 4298 ἀλήθειαν),
1844 4223 1926 4294 οἷς

334 4315 396 4367 δέ
434 4313 687 4385 στρεὸλῷ
718 4315 900 4370 κανόνι
936 4317 1305 4389 συνδιεγράφη
1336 4318 1412 4389 τῷ
1441 4317 1535 4373 τοῦ
1568 4320 1924 4387 δεσπόζοντος

349 4407 741 4477 Ἀνδρονίκου,
798 4408 916 4462 ἀλλ’
951 4410 1188 4464 ἐνταῦθα
1242 4409 1585 4466 δτεκπεσόντι
1638 4414 1695 4476 ἐς
1747 4414 1924 4488 ἄκραν

337 4500 680 4570 φαυλότητα.
708 4499 845 4554 Οὔτε
873 4502 980 4572 γὰρ
1006 4503 1240 4570 ἀγαπῶν
1265 4498 1332 4573 ἦν
1362 4505 1590 4570 ἐκεῖνον,
1616 4504 1691 4569 ὡς
1718 4506 1926 4561 ὑποκα-

2024 2026 2218 2081 benter
2248 2026 2504 2082 haberem
2537 2028 2749 2083 fortiter
2792 2031 3051 2094 retinens,
3080 2049 3098 2081 ι
3121 2030 3275 2100 juxta
3308 2041 3461 2085 vetus
3485 2030 3595 2084 llo-

2024 2119 2160 2175 tncri
2181 2118 2408 2184 dictum,
2433 2139 2451 2172 (
2472 2135 2537 2174 eo
2550 2122 2694 2189 quod
2719 2130 2882 2176 tantas
2908 2123 3058 2176 urbis
3092 2138 3272 2175 arcem
3300 2122 3592 2191 prostravit

2023 2216 2431 2280 multorumque
2452 2226 2625 2281 genua
2673 2212 2997 2268 debilitavit.
3035 2230 3055 2264 ι
3085 2211 3302 2267 Utinam
3338 2229 3444 2267 non
3470 2213 3581 2281 jam

2020 2302 2408 2368 dissolvamur,
2438 2303 2581 2358 Deus
2605 2318 2719 2368 rex,
2746 2303 3107 2372 ministerque
3126 2302 3270 2372 ejus,
3302 2310 3580 2372 protector

2020 2400 2227 2454 noster,
2264 2407 2332 2446 ne
2352 2391 2667 2461 longissime
2700 2391 3053 2460 protrahatur
3084 2390 3306 2445 malum.
3344 2387 3479 2458 Ego,
3505 2385 3587 2440 fa-

2020 2489 2159 2548 teor,
2175 2491 2300 2538 ante
2312 2498 2547 2553 pugnam
2564 2483 2733 2536 virttm
2753 2482 2893 2536 hunc
2910 2481 3223 2550 probabam,
3245 2490 3346 2535 tem
3355 2495 3592 2551 porequc

2020 2575 2167 2646 pacis
2187 2575 2352 2629 rebus
2387 2574 2505 2645 ejus
2557 2574 2735 2629 fausta
2776 2573 3194 2643 precabar;cum
3212 2572 3380 2636 cives,
3396 2571 3600 2625 utilita-

2020 2675 2089 2721 tis
2110 2680 2222 2722 suae
2239 2673 2561 2729 sectatores,
2603 2663 2964 2719 vociferantes
2993 2672 3114 2733 post
3131 2663 3282 2716 illum
3304 2662 3596 2725 instarent,

2018 2774 2123 2814 nos
2149 2767 2329 2813 autem
2352 2772 2382 2813 e
2404 2766 2614 2821 contra,
2635 2764 2692 2811 ut
2712 2756 2959 2820 decebat,
2979 2756 3054 2809 illi
3095 2754 3594 2810 consentiehamus.

2021 2851 2111 2906 Ille
2130 2866 2257 2906 vero
2275 2865 2334 2905 se
2373 2860 2719 2914 convertens,
2763 2863 2891 2917 erga
2938 2862 3038 2903 nos
3082 2846 3372 2901 amicitiam
3408 2848 3588 2909 oculo,

2017 2951 2151 2996 nutu
2168 2941 2436 3011 modoque
2454 2940 2716 2995 tractandi
2735 2938 2948 3010 negotia
2967 2937 3306 2993 monstravit.
3324 2935 3427 2992 Sed
3452 2950 3597 2991 nunc

2018 3033 2148 3102 quid
2178 3047 2422 3101 agemus,
2453 3042 2740 3101 postquam
2762 3044 2885 3084 eum
2916 3028 3248 3083 laudandum
3281 3027 3593 3082 invenimus

2020 3134 2308 3192 mutatum,
2362 3135 2528 3195 atque
2581 3123 2895 3192 neutiquam
2954 3122 3072 3176 loca
3107 3123 3342 3191 gloriosa
3391 3121 3596 3191 eligen-

2023 3215 2445 3272 tem?0mnino
2493 3230 2624 3285 ergo
2685 3228 2870 3269 verum
2938 3222 3043 3278 est,
3080 3232 3098 3266 ι
3149 3211 3284 3267 nihil
3332 3225 3452 3268 esse
3501 3226 3602 3267 no-

2024 3325 2197 3375 vum;
2237 3326 2258 3362 ι
2326 3304 2806 3378 quemadmodum,
2855 3304 2950 3374 qui
2998 3316 3157 3358 antea
3207 3318 3306 3358 nos
3353 3302 3595 3369 amabat,

2026 3399 2225 3456 deinde
2250 3400 2303 3453 in
2332 3407 2612 3469 posterum
2640 3396 3034 3465 exprobrantes
3062 3410 3170 3449 non
3207 3393 3489 3464 diligebat,
3527 3407 3595 3447 eo

2025 3492 2169 3562 quod
2222 3507 2329 3547 non
2364 3491 2480 3561 ipse
2508 3497 2652 3544 esset
2716 3488 2957 3557 sapiens,
3006 3487 3159 3557 juxta
3215 3484 3585 3556 proverbium,

2025 3588 2097 3642 ita
2128 3586 2184 3640 in
2214 3584 2321 3640 illis
2347 3598 2447 3638 nos
2482 3596 2589 3637 non
2625 3580 2972 3637 sanctitatem
3011 3579 3275 3644 Iaesimus,
3304 3577 3451 3647 quod
3482 3591 3593 3631 non

2026 3679 2190 3733 nimis
2213 3683 2358 3733 esset
2386 3674 2586 3737 audax,
2611 3673 2767 3744 juxta
2803 3685 3025 3726 severos
3057 3669 3328 3732 homines,
3357 3669 3413 3724 in
3440 3682 3595 3724 com-

2030 3768 2292 3823 munibus
2322 3764 2677 3835 diripiendis.
2720 3762 2925 3818 Deinde
2956 3761 3051 3831 qui
3077 3775 3139 3815 ex
3164 3761 3260 3815 illo
3297 3759 3592 3831 perniciem

2025 3859 2419 3933 prazvidebant,
2450 3856 2600 3910 illum
2637 3864 2695 3910 ut
2732 3869 2954 3911 causam
3005 3856 3254 3916 oderant,
3285 3867 3432 3906 nunc
3466 3865 3596 3906 vero

2027 3949 2117 4019 qui
2143 3949 2361 4003 fuerunt
2403 3946 2635 4002 victima:
2686 3945 2850 4016 hujus
2907 3943 3061 3998 exitii
3096 3943 3284 3998 volunt
3312 3941 3477 3997 etiam
3526 3941 3596 3996 de

2027 4041 2120 4095 illo
2157 4039 2428 4111 quoddam
2465 4036 2668 4091 malum
2697 4049 2950 4106 magnum
2972 4034 3282 4104 praedicere,
3307 4032 3399 4103 qui
3433 4039 3598 4087 caete-

2026 4149 2146 4189 rum
2165 4133 2337 4187 bonus
2367 4130 2580 4186 videtur
2606 4130 2623 4200 (
2650 4143 2757 4183 non
2776 4128 2921 4182 enim
2951 4126 3308 4197 respuendum
3333 4122 3597 4194 quidquid

2025 4235 2110 4279 est
2137 4221 2430 4292 veritatis),
2452 4220 2650 4289 quibus
2673 4216 3045 4286 conscriptum
3069 4224 3153 4270 est
3187 4229 3391 4268 canone
3431 4228 3600 4268 curvo

2027 4313 2376 4384 imperatoris
2406 4308 2725 4369 Andronici,
2751 4308 2844 4363 sed
2882 4315 3013 4363 tunc
3043 4307 3095 4361 in
3140 4316 3440 4360 extremam
3477 4318 3603 4373 per-

2025 4406 2341 4462 versitatem
2392 4402 2645 4471 delapsus
2671 4406 2807 4455 erat.
2831 4396 2948 4452 Non
2973 4399 3118 4453 enim
3143 4396 3399 4465 diligebat
3421 4395 3595 4457 illum.

2027 4508 2086 4553 ut
2114 4495 2460 4565 postmodum
2520 4491 2880 4557 staliiliemus,
2912 4504 3015 4544 nec
3059 4487 3297 4543 vicissim
3336 4485 3599 4555 diligeba-

336 4591 697 4654 ταϐαίνοντες
731 4593 1197 4662 παραστησόμεθα
1221 4632 1235 4654 ,
1267 4594 1391 4646 οῦτε
1421 4591 1486 4648 αὖ
1518 4596 1886 4667 ἀγαπώμενος
1904 4634 1923 4662 ,

2027 4599 2140 4657 tur,
2170 4605 2272 4646 nec
2300 4588 2537 4658 aliquam
2583 4581 2887 4640 mercedem
2924 4580 3260 4650 concipiens,
3306 4578 3402 4635 sed
3430 4578 3597 4632 etiam

332 4685 436 4737 καὶ
464 4680 594 4736 οὔτε
625 4684 704 4745 είς
734 4685 913 4751 γέρως
944 4684 1156 4738 ἔννοιάν
1184 4702 1306 4739 τινα
1339 4685 1629 4755 καθήκων,
1659 4688 1796 4743 ἀλλὰ
1826 4689 1922 4744 καὶ

330 4773 537 4845 ποινὴν
578 4774 985 4845 προορώμενος.
1027 4775 1173 4847 ἅπερ
1214 4777 1346 4846 ἡμῖν
1389 4779 1640 4846 φανεῖται
1679 4778 1923 4850 λυμηνά-

337 4885 506 4939 μενα.
533 4865 712 4921 Τοῦτο
735 4884 794 4920 τε
818 4863 911 4921 οὖν
932 4866 1077 4921 οὕτω
1104 4869 1320 4937 ῥητέον,
1349 4869 1445 4921 καὶ
1469 4869 1552 4922 ὅτι
1576 4869 1678 4923 οὐκ
1703 4871 1769 4925 ἄν
1794 4888 1925 4927 ποτε

336 4961 667 5031 προστήσας
695 4960 756 5013 τὺ
784 4960 1008 5030 φιλητὸν
1038 4959 1150 5028 ἐγὼ
1171 4999 1187 5027 ,
1218 4962 1450 5015 κατόπιν
1482 4961 1635 5031 θείην
1664 4965 1762 5036 τὴν
1793 4967 1935 5036 ἀλή.

335 5052 500 5107 θειαν
523 5068 539 5083 ο
574 5050 718 5103 ἀλλὰ
744 5051 815 5104 τὰ
852 5053 1204 5120 συμπεσόντα
1238 5052 1647 5124 προϐαλόμενος
1679 5058 1763 5121 εἱς
1798 5074 1930 5126 συγ-

334 5144 601 5216 γραφὴν,
637 5137 708 5213 ἧς
741 5143 911 5210 ἀρετὴ
941 5142 1003 5197 τὸ
1039 5144 1334 5213 φιλάληθες
1354 5185 1370 5207 ,
1404 5145 1506 5198 οὐκ
1540 5144 1607 5198 ἂν
1636 5148 1696 5201 τὸ
1728 5148 1934 5219 ταύτης

335 5237 676 5297 ἐπισκιάσας
715 5235 833 5303 φῶς
867 5235 1261 5305 ἀχρειώσαιμι,
1299 5237 1456 5290 Κατὰ
1488 5237 1599 5308 γὰρ
1630 5238 1723 5291 τὸν
1754 5238 1929 5308 ὀρθῶς

334 5328 784 5398 ἀποφηνάμενον,
830 5345 848 5379 t
873 5327 1032 5391 Φίλος
1075 5327 1176 5396 μὲν
1210 5328 1240 5380 ὸ
1280 5329 1449 5399 ἀνὴρ,
1487 5326 1737 5397 φίλτερον
1769 5330 1825 5384 δὲ
1859 5331 1922 5385 τὸ

340 5421 569 5490 ἀληθές.
623 5438 641 5471 ι
678 5419 798 5472 Ἔτι
839 5420 898 5473 δὲ
942 5420 1349 5490 συνθεωρητέον
1390 5420 1485 5473 καὶ
1525 5421 1600 5484 ὡς
1640 5423 1918 5492 ἐγκωμιά-

338 5508 501 5574 ζουσι
534 5508 637 5577 μέν
668 5508 1018 5574 ἐπιλεκτέον,
1052 5508 1153 5561 ὅσα
1187 5509 1431 5579 χρηστὰ,
1465 5510 1558 5564 καί
1594 5528 1693 5564 που
1730 5516 1825 5566 καὶ
1851 5514 1919 5567 τὰ

339 5602 528 5672 φαῦλα
571 5601 997 5672 μεταχρωστέον
1030 5602 1524 5674 δικηγορικώτερον
1549 5618 1565 5634 ο
1603 5620 1919 5674 συγγραφο·

340 5697 524 5764 μένοις
548 5694 608 5748 δὲ
636 5695 711 5767 μὴ
736 5694 912 5758 οὕτως
931 5709 948 5727 ·
974 5693 1116 5749 ἀλλά
1136 5694 1532 5768 διαχειριστέον
1552 5698 1678 5763 τοὺς
1704 5698 1917 5769 λόγους,

417 5815 436 5846 ³
496 5812 643 5869 Psal.
686 5811 919 5878 xvn,l9.

2033 4696 2252 4755 pinnam
2292 4679 2612 4750 pra-videns,
2641 4673 2785 4744 quod
2822 4672 2978 4725 nobis
3005 4670 3396 4741 deplorandum
3447 4669 3602 4723 vide-

2029 4782 2140 4829 tur.
2183 4771 2275 4828 Sic
2301 4785 2431 4841 ergo
2471 4767 2760 4822 dicendum
2790 4779 2895 4827 me,
2943 4764 3244 4832 anteposito
3274 4776 3482 4824 amore,
3510 4776 3604 4818 ve-

2031 4864 2248 4919 ritatem
2277 4856 2672 4928 postposuisse,
2695 4853 2790 4909 sed
2820 4852 2961 4906 facta
2995 4865 3274 4919 exponens
3296 4852 3349 4905 in
3372 4851 3599 4920 scripto,

2039 4956 2196 5026 cujus
2230 4954 2484 5008 meritum
2519 4946 2782 5003 veracitas
2815 4954 2920 5008 est,
2966 4944 3132 5013 hujus
3167 4942 3373 4997 umbra;
3416 4942 3600 4998 lumcn

2036 5063 2144 5103 non
2201 5043 2391 5100 velabo
2449 5040 2612 5109 idque
2669 5036 2972 5092 secundum
3038 5044 3185 5089 recte
3237 5035 3440 5089 dictum
3469 5034 3601 5089 illud

2038 5159 2058 5193 ι
2091 5138 2312 5193 Amicus
2342 5132 2562 5204 quidem
2597 5138 2685 5185 est
2712 5129 2820 5194 vir,
2873 5128 2971 5183 sed
3021 5126 3197 5195 magis
3247 5125 3421 5179 amica
3461 5125 3604 5180 veri-

2030 5241 2133 5284 tas.
2181 5247 2199 5280 ι
2233 5221 2636 5280 Memorandum
2671 5226 2753 5274 est
2792 5219 3071 5288 quomodo
3108 5231 3237 5272 suos
3259 5216 3454 5271 heroes
3481 5217 3602 5270 latt-

2026 5324 2180 5385 dcnt,
2213 5321 2287 5373 ita
2318 5327 2399 5380 ut,
2432 5312 2713 5369 coloribus
2748 5310 2991 5375 mutatis,
3037 5309 3219 5363 omnia
3248 5309 3412 5363 etiam
3456 5308 3599 5361 tnala

2026 5412 2266 5487 pulchris
2284 5409 2462 5465 verbis
2488 5409 2627 5463 bona
2654 5406 2804 5458 fiant.
2825 5404 2965 5458 ldcm
2998 5417 3126 5457 vero
3147 5416 3252 5455 non
3274 5401 3441 5456 estde
3456 5399 3597 5455 scri-

2026 5508 2134 5577 ptis
2158 5522 2174 5571 ;
2207 5502 2301 5560 sed
2325 5500 2487 5556 verba
2510 5495 2839 5552 moderanda
2864 5503 3013 5557 sunt,
3054 5500 3111 5545 ut
3133 5506 3232 5561 pro
3259 5505 3591 5560 unaquaque

2027 5599 2227 5655 veritas
2253 5592 2511 5665 postulat.
2546 5589 2646 5643 llic
2671 5601 2776 5641 non
2808 5593 2893 5640 est
2943 5585 3098 5639 locus
3127 5582 3342 5661 dicendi
3363 5581 3600 5637 eneomii

2027 5705 2177 5749 more
2204 5727 2221 5755 ,
2261 5685 2354 5744 sed
2384 5682 2702 5741 festinanter
2734 5678 2790 5734 in
2818 5683 2999 5733 mente
3042 5691 3231 5731 eorum
3272 5675 3365 5747 qui
3404 5687 3598 5747 super.
