4084 6450
449 361 514 426 l9
1167 366 1587 429 EUSTATHII
1638 367 2018 433 THESSALC

2124 375 2399 439 CENSIS
2437 377 2998 442 METROPOLlT/E
3608 374 3683 437 20

416 487 544 534 sunt
561 478 818 550 iungendi
839 492 962 549 qua:
984 479 1217 535 volando
1241 489 1459 565 tempus
1485 484 1760 552 exposuit.
1789 483 1845 538 Si
1874 500 2004 540 vero

2123 490 2185 555 ὃς
2212 493 2273 546 τδ
2310 493 2453 563 ὑπὲρ
2488 495 2736 548 ἑκάστων
2770 494 2970 565 ἀληθὲς
3004 492 3226 550 ἀπαιτεῖ
3250 508 3264 524 ·
3300 491 3430 546 ἔνθα
3461 491 3521 544 ού
3556 509 3681 545 και-

413 569 530 641 jam
561 578 716 627 antea
748 571 916 626 David
948 581 1156 641 gratam
1204 557 1405 627 faveret
1483 582 1695 644 partem
1750 576 1867 641 Dei,
1894 592 1996 632 au-

416 662 603 719 diatur
671 678 889 733 quoque
935 663 1102 733 [istud
1163 681 1178 719 :
1231 664 1485 720 audiatur
1550 668 1712 722 simul
1797 669 1945 739 quod
1980 708 1997 735 ,

419 766 555 821 parv
581 753 782 818 obono,
819 770 1015 815 magno
1079 770 1207 809 vero
1248 757 1389 811 malo
1443 758 1609 814 allato
1633 801 1646 825 ,
1673 761 1881 829 aliquot
1912 777 2001 816 re-

420 842 527 898 bus
553 844 800 909 salvatis,
846 846 931 899 his
973 855 1026 899 et
1054 847 1160 901 illis
1198 848 1399 903 deinde
1453 853 1662 915 nocuit,
1701 869 1894 908 omnes
1938 854 1993 908 in

420 934 747 989 substantiis
825 937 981 1002 suis,
1035 937 1465 1007 innumerOSque
1540 944 1592 995 in
1669 944 1774 996 vita
1822 926 1999 1001 laesit.

420 1023 609 1092 Neque
635 1025 778 1078 dicat
808 1027 1004 1095 aliquis
1039 1044 1123 1081 me
1152 1045 1295 1084 nunc
1323 1031 1669 1099 resipiscere,
1693 1034 1995 1104 ultimoque

425 1114 724 1180 prudenter
754 1116 981 1181 sentire,
1006 1128 1066 1171 ut
1100 1119 1263 1171 David
1293 1121 1752 1189 ahiit,postquam
1780 1123 1997 1178 scilicet

428 1204 640 1274 Siceleg
664 1216 716 1259 et
740 1204 1089 1262 Maurozome
1123 1210 1390 1278 primitias
1420 1214 1613 1282 praedae
1641 1215 1853 1268 mittere
1874 1230 2008 1269 con-

426 1296 547 1350 clem
558 1309 716 1351 natus
736 1299 1342 1372 l'uerit,spoliorumque
1362 1314 1676 1359 nostrorum
1694 1305 1961 1360 delectum
1986 1322 2001 1359 :

428 1405 589 1457 quem
613 1393 798 1461 aliquo
819 1396 980 1448 modo
1000 1397 1295 1462 disponere
1318 1396 1839 1469 debehantharpyiae
1856 1407 2010 1452 ante-

427 1496 592 1549 quam
627 1485 960 1553 lperiremus.
1006 1485 1126 1540 Non
1180 1487 1328 1542 enim
1379 1504 1524 1541 nunc
1585 1489 1639 1542 in
1696 1500 1875 1544 mente
1923 1506 2008 1545 re-

435 1575 617 1639 volvo,
647 1579 741 1633 sed
777 1578 831 1633 in
866 1595 1029 1634 omne
1062 1588 1278 1651 tempus
1305 1597 1414 1651 quo
1446 1583 1498 1635 in
1532 1583 1671 1637 bello
1699 1584 2006 1652 imperavit.

440 1667 557 1724 Nos
586 1671 973 1739 opprimebant
1011 1672 1218 1737 hostes,
1256 1688 1466 1743 egoque
1501 1673 1653 1727 illum
1687 1676 2008 1743 arguebam,

427 1758 836 1830 vituperabam,
902 1764 1211 1819 revelabam
1249 1765 1455 1833 ubique
1500 1776 1678 1819 errata
1720 1766 1888 1831 illius,
1931 1767 2013 1821 di-

2105 584 2194 652 ρῦς
2226 584 2580 654 ἐπιλέγεσθαι
2609 587 2677 639 τὰ
2717 586 2854 656 πρὸς
2888 586 3141 653 εὐλογίαν
3173 584 3451 653 ὲγκωμίου
3484 583 3670 653 νόμῳ,

2101 675 2237 729 ἀλλὰ
2278 677 2530 730 σπεύδειν
2563 679 2865 748 πολυωρεῖν
2901 678 2983 741 είς
3022 677 3244 748 μνήμην
3274 679 3383 727 τῶν
3415 676 3679 727 ἐπιόντων

2100 765 2234 817 αὐτὸ
2272 765 2521 830 ἕκαστον,
2554 759 2738 837 ὧνπερ
2773 767 2802 819 6
2840 765 3030 836 χρόνος
3064 766 3276 835 τρέχων
3316 762 3681 832 παρὲρῤιψεν.

2103 856 2166 908 El
2201 856 2258 909 δὲ
2293 856 2502 924 φθάσας
2535 859 2563 911 6
2599 857 2867 928 ἡμέτερος
2903 838 3059 918 οὗτος
3093 855 3256 908 Δαυῖδ
3290 851 3584 921 ὰγαθύνων
3613 846 3683 920 ἦν

2102 949 2163 1000 τὸ
2197 948 2290 1000 τοῦ
2331 948 2467 1001 Θεοῦ
2505 948 2702 1019 λάχος,
2742 947 3024 1002 ἀκουέσθω
3068 946 3166 1017 μὲν
3203 945 3312 999 ἰδοὺ
3356 945 3449 998 καὶ
3484 942 3644 995 τοῦτο
3662 957 3682 989 κο

2107 1041 2488 1093 συνακουέσθω
2511 1040 2567 1094 δὲ
2596 1042 2689 1094 καὶ
2714 1041 2797 1094 ὅτι
2823 1038 3078 1107 ἐξώλεσε,
3109 1037 3283 1108 μικρὰ
3313 1036 3411 1106 μὲν
3436 1034 3636 1104 ἡδύνας
3654 1073 3671 1097 ,

2107 1131 2378 1199 πικράνας
2402 1132 2459 1184 δὲ
2486 1132 2743 1202 μέγιστα,
2765 1128 2847 1195 οἷς
2873 1128 3372 1201 περιποιησάμενός
3394 1145 3447 1180 τι
3471 1144 3574 1196 χρη
3585 1141 3686 1193 μι-

2106 1219 2296 1282 τιδίου,
2324 1220 2535 1284 τούτοις
2556 1221 2589 1293 ἢ
2614 1221 2843 1283 ἐκείνοις
2864 1221 3019 1284 τέλος
3041 1219 3343 1290 ἐζημίωκε,
3367 1219 3495 1281 τοὺς
3517 1215 3687 1271 ᾶπαν-

2106 1326 2205 1375 τας
2236 1312 2335 1381 μὲν
2363 1314 2442 1375 είς
2467 1314 2647 1369 πάντα
2671 1315 2738 1369 τὰ
2764 1314 2948 1378 αὐτοῖς
2973 1314 3122 1380 ὄντα,
3155 1312 3381 1382 μυρίους
3405 1310 3461 1362 δὲ
3487 1312 3579 1362 καὶ
3606 1309 3687 1371 είς

2109 1398 2276 1472 ζωήν.
2306 1405 2413 1457 Kal
2444 1406 2517 1475 μή
2543 1423 2626 1468 τις
2654 1405 2976 1476 ὑποφερέτω
2998 1403 3095 1456 νῦν
3121 1404 3443 1473 ἀναφρονεϊν
3472 1418 3562 1470 με,
3590 1400 3689 1453 καὶ

2112 1496 2324 1564 ὑστέρῳ
2364 1497 2538 1566 χρόνῳ
2578 1497 2928 1567 ἐπιμηθικῶς
2961 1495 3283 1560 αἰσθέσθαι,
3321 1489 3431 1556 οἷος
3464 1493 3493 1545 6
3525 1491 3690 1545 Δαυῖδ

2110 1585 2327 1656 άπϐη,
2377 1586 2600 1639 ἐπειδὰν
2647 1586 2848 1657 δηλαδὴ
2898 1586 3190 1655 ἐδικαιώθη
3242 1583 3565 1653 πεμφθῆναι
3610 1581 3690 1651 τῷ

2112 1676 2317 1746 Σικελῷ
2353 1676 2451 1730 σύν
2482 1694 2546 1744 γε
2579 1676 2654 1748 τῷ
2685 1675 3042 1748 Μαυροζώμῃ
3078 1675 3428 1745 πρωτόλειον,
3467 1674 3560 1726 καὶ
3592 1673 3693 1740 τῆς

2115 1767 2272 1836 ἡμῶν
2321 1768 2597 1831 ἀπωλείας
2646 1768 2955 1839 ἀκροθίνιον
2984 1784 2998 1799 ο
3052 1767 3111 1821 ὃν
3161 1766 3390 1836 ὤφειλον
3425 1765 3693 1835 Ἅρπυιαι

431 1850 646 1918 cebam,
678 1856 931 1923 quamvis
994 1855 1289 1924 inutiliter,
1338 1832 1676 1925 qiuaacunque
1739 1874 1802 1910 ex
1863 1859 2008 1922 aliis,

2123 1832 2395 1927 φθάσασαι
2427 1857 2571 1912 οὕτω
2604 1832 2734 1923 πως.
2754 1859 3033 1913 διαθέσθαι
3055 1901 3070 1924 ,
3106 1832 3271 1929 πρινὴ
3308 1859 3400 1912 καὶ
3435 1832 3695 1921 ἐξαπολέ-

432 1944 542 1998 nisi
580 1946 884 2001 tacuissent
940 1948 1234 2014 audiisset,
1264 1964 1439 2019 neque
1459 1949 1696 2004 civitatis
1724 1951 2011 2005 calamitas

429 2033 543 2090 illis
572 2050 668 2091 ora
700 2037 1035 2095 occluderet.

2121 1966 2210 2002 σαι
2242 1951 2407 2019 ἡμᾶς.
2441 1953 2514 2004 Οὐ
2549 1953 2654 2020 γὰρ
2684 1952 2809 2020 ἄρτι
2842 1954 2899 2012 ἐς
2933 1952 3057 2004 νοῦν
3086 1951 3200 2018 ἐγὼ
3229 1950 3529 2019 ὲστράφην,
3560 1946 3697 1999 ἀλλὰ
3760 1974 3770 1979 -

2117 2042 2209 2095 τὸν
2241 2044 2361 2097 ὅλον
2390 2045 2488 2113 τῆς
2524 2047 2615 2096 ἐπὶ
2654 2045 2874 2113 πολέμῳ
2911 2043 3247 2115 στρατηγίας
3276 2042 3441 2096 αὐτοῦ
3477 2041 3692 2111 χρόνον.

438 2123 625 2194 Ἠμᾶς
660 2124 760 2193 μὲν
794 2125 1004 2181 ἔθλιῦον
1036 2130 1085 2181 οἱ
1120 2127 1305 2199 ἐχθροί
1330 2130 1490 2198 σ’ὲγὼ
1524 2131 1580 2184 δὲ
1616 2132 1823 2183 ἐκεῖνον
1846 2172 1859 2195 ,
1895 2130 2169 2200 ἐλέγχων,
2201 2134 2540 2200 ἐξονειδίζων
2562 2137 2883 2205 ,ἐκφαίνων
2913 2138 2980 2189 τὰ
3045 2137 3121 2199 ὡς
3189 2135 3450 2188 ἑκάστοτε
3521 2131 3696 2198 σφάλ-

433 2230 615 2286 ματα,
645 2216 859 2284 λαλῶν,
891 2221 941 2273 εί
977 2220 1073 2274 καὶ
1105 2221 1184 2285 είς
1215 2222 1510 2291 ἀνήνυτον,
1543 2222 1686 2292 ἅπερ
1718 2224 1916 2293 ἤκουεν
1947 2222 2013 2277 ἂν
2052 2225 2148 2278 καὶ
2177 2227 2234 2304 ἐξ
2262 2227 2461 2293 ἄλλων,
2494 2227 2655 2299 εἴπερ
2686 2229 3182 2300 ἐπαρρησιάζοντο,
3216 2230 3308 2281 καὶ
3342 2227 3417 2296 μὴ
3482 2225 3543 2278 τὸ
3596 2222 3700 2291 τῆς
3777 2288 3785 2294 _

428 2308 640 2375 πόλεως
669 2315 969 2385 κακοτυχὲς
996 2314 1206 2369 ἔκλειεν
1239 2318 1420 2378 αὐτοῖς
1448 2318 1513 2371 τὰ
1547 2320 1816 2391 στόματα.

504 2405 591 2459 11.
630 2404 998 2474 Suﬂlcienter,
1019 2410 1574 2478 puto,!demonstravi
1602 2428 1687 2465 me
1719 2412 1851 2465 nihil
1889 2416 2017 2470 novi

430 2509 616 2565 agere,
666 2498 1027 2568 vituperando
1073 2498 1335 2554 Davidem
1374 2501 2016 2573 utinsipientem,quem

431 2589 735 2658 sapientem
768 2600 928 2646 antea
973 2592 1347 2647 laudaveram.
1379 2592 1510 2647 Item
1545 2610 1677 2669 vero
1724 2596 2022 2665 imperato.

430 2694 548 2735 rem
598 2682 998 2746 Andronicum,
1049 2698 1209 2753 quem
1260 2684 1594 2754 indulgendo
1648 2686 1704 2739 in
1758 2686 2017 2741 omnibus

433 2783 544 2824 non
573 2784 793 2840 possem
829 2773 1075 2838 laudare,
1113 2774 1251 2830 alias
1282 2775 1518 2831 miratus
1550 2792 1695 2842 sum,
1727 2792 1852 2830 cum
1885 2777 2018 2832 seli-

435 2862 615 2931 gendo
665 2864 871 2933 Optima
897 2865 1051 2921 illius
1082 2866 1465 2936 praedicarem.
1512 2870 1628 2924 Non
1673 2869 1819 2923 enim
1861 2871 2018 2938 juxta

434 2956 574 3013 viles
599 2959 903 3027 sophistas,
937 2961 1086 3016 inter
1113 2976 1172 3017 se
1192 2963 1563 3033 discrepantia
1592 2965 1798 3019 scribo.
1832 2964 1888 3016 ln
1917 2966 2018 3019 hac

433 3064 567 3105 vero
619 3051 850 3107 historia
895 3069 1243 3124 quacunque
1273 3057 1518 3123 quotidie
1564 3064 1868 3111 evenerunt
1906 3073 2014 3110 non

437 3147 569 3195 sunt
598 3144 1089 3211 praetermittenda,
1137 3147 1285 3200 sicut
1310 3144 1581 3200 ‘frustnm
1638 3145 1913 3202 facundiae
1947 3146 2012 3201 ad

431 3232 599 3288 vilem
663 3234 1029 3292 laudationem
1085 3238 1336 3301 videtur,
1372 3239 1492 3308 apis
1528 3239 1704 3295 instar
1728 3240 2019 3309 sapientis,

435 3337 548 3380 non
580 3325 757 3381 solum
796 3341 861 3382 ex
886 3327 1141 3383 dulcibus
1167 3328 1397 3386 ﬂoribus
1433 3330 1764 3400 caeterisque
1788 3332 2019 3401 paribus

439 3414 550 3471 sibi
578 3426 918 3489 unguentum
949 3420 1262 3477 dulcedinis
1290 3436 1646 3491 componere,
1682 3424 1777 3477 sed
1812 3423 2019 3489 passim

436 3506 601 3560 etiam
641 3522 708 3562 ex
754 3508 901 3563 aliis.
939 3507 1189 3579 Namque
1254 3525 1321 3566 ex
1381 3511 1631 3581 reliquiis
1678 3526 1789 3566 non
1834 3513 2023 3567 suavi-

440 3599 545 3653 bus
571 3600 678 3654 mel
712 3601 1015 3669 componit,
1053 3603 1306 3673 eligendo
1336 3608 1481 3674 quod
1509 3605 1885 3659 necessarium
1915 3613 2022 3670 est,

436 3688 591 3757 juxta
620 3689 766 3759 quod
800 3691 1058 3744 examina
1094 3692 1368 3747 condendi
1397 3692 1559 3761 periti
1613 3692 2024 3747 animadverte-

442 3788 611 3847 runt;
644 3781 1081 3853 liujusmodique
1132 3784 1337 3855 colligit
1368 3794 1635 3854 quantum
1674 3796 1813 3851 opus
1845 3794 1926 3838 est
1955 3782 2021 3836 ad

442 3872 738 3928 ﬁrmandos
754 3876 1274 3945 connecteudosque
1291 3876 1553 3932 alveolos.
1573 3875 1784 3946 Apibus
1838 3874 2021 3929 Hermi

448 3961 763 4031 huiusmodi
799 3964 1115 4031 praebebant
1154 3964 1324 4019 David
1355 3974 1520 4035 atque
1550 3964 1925 4030 Andronicus,
1961 3978 2026 4019 ac

444 4055 719 4126 precipue
772 4057 1124 4114 Andronicus
1145 4099 1162 4127 ,
1211 4059 1434 4112 mobilis
1465 4059 1555 4114 ille
1589 4059 1695 4124 vir,
1727 4057 2023 4119 versatilis,

444 4147 634 4218 sicque
662 4148 814 4204 visus
840 4156 927 4205 est
960 4165 1069 4205 non
1106 4150 1173 4205 ad
1204 4151 1427 4206 modum
1474 4150 1911 4215 chamaeleontis,
1945 4148 2029 4202 vel

443 4237 652 4310 polypi,
684 4240 779 4295 sed
815 4240 1000 4310 potius
1042 4241 1247 4306 Protei,
1276 4233 1733 4310 potissimumque
1773 4240 2030 4308 Empusa:

445 4347 568 4401 quae
598 4332 900 4391 horrendas
955 4349 1046 4391 res
1092 4336 1320 4391 invenit.
1366 4337 1538 4399 Idem,
1580 4334 1737 4402 juxta
1769 4335 1905 4388 freta
1935 4333 2028 4403 (ob

444 4430 642 4480 uastum
689 4425 906 4497 maris),
935 4427 1260 4489 inconstans
1289 4435 1428 4491 erat,
1458 4426 1875 4496 secundumque
1909 4440 2029 4478 ma.

2199 2410 2290 2467 ια’.
2331 2412 2609 2466 Δέδεικταί
2645 2430 2733 2483 μοι
2772 2412 3113 2481 ἀρκούντως,
3146 2404 3322 2480 οἶμαι,
3355 2408 3429 2472 ὼς
3462 2408 3614 2463 οὐδέν
3647 2425 3701 2462 τι

2126 2504 2499 2574 καινοπραγῶ,
2534 2505 2849 2572 κακολογῶν
2879 2504 3362 2574 ἁλλοφρονήσαντα
3391 2502 3482 2553 τὸν
3514 2500 3699 2565 Διυῖδ,

2121 2592 2182 2664 ὃν
2215 2594 2593 2666 σωφρονοῦντα
2625 2596 2837 2664 φθάσας
2867 2596 3145 2663 εὐλόγουν.
3182 2594 3323 2663 Ἐγὼ
3353 2593 3408 2646 δὲ
3438 2592 3579 2646 οὕτω
3608 2593 3703 2659 καὶ

2120 2690 2213 2742 τὸν
2242 2690 2470 2758 βασιλέα
2506 2689 2867 2759 Ἀνδρόνικον,
2906 2689 2963 2742 ὃν
3000 2688 3352 2751 ὑποκαταϐὰς
3395 2689 3495 2742 οὐκ
3537 2686 3603 2741 ἂν
3639 2685 3700 2740 εὖ

2122 2780 2301 2844 λέγειν
2331 2782 2411 2844 είς
2440 2781 2501 2833 τὸ
2534 2782 2642 2834 πᾶν
2674 2779 2878 2851 ἔχοιμι,
2911 2782 2970 2833 ὲν
2998 2780 3179 2843 ἄλλοις
3212 2780 3525 2847 ἐθαύμασα,
3557 2777 3701 2844 φρά-

2125 2886 2220 2929 σας
2253 2870 2540 2939 ἐπιλέγδην
2561 2911 2576 2937 ,
2606 2871 2635 2924 ὅ
2663 2888 2716 2924 τι
2746 2870 2856 2923 τῶν
2885 2870 3211 2941 κρειττόνων
3241 2854 3436 2940 ἐκείνῳ
3465 2868 3700 2938 ἐνέλαμο

2124 2975 2244 3011 πεν.
2289 2959 2362 3011 Οὐ
2407 2959 2516 3031 γάρ
2554 2978 2604 3014 τι
2651 2961 2794 3014 κατᾶ
2836 2961 2963 3023 τοὺς
3007 2960 3244 3027 φαύλους
3281 2960 3391 3012 τῶν
3432 2957 3703 3027 σοφιστῶν

2122 3049 2426 3121 ἀναγράφω
2466 3051 2765 3118 ἀντίφωνα.
2806 3051 2944 3119 Πρὸς
2984 3049 3039 3101 δὲ
3083 3049 3466 3119 συγγραφικήν
3497 3046 3702 3117 ταύτην

2126 3138 2365 3209 ἱστορίαν
2394 3139 2493 3191 οὐκ
2523 3139 2633 3209 ἔχω
2664 3138 2961 3208 κρύπτειν,
2992 3139 3091 3191 ὅσα
3121 3140 3233 3201 τοῖς
3262 3137 3389 3208 ἄρτι
3421 3136 3557 3207 πρὸς
3584 3136 3701 3205 είρ·

2127 3232 2225 3300 μὲν
2259 3231 2680 3301 συμϐαίνουσιν,
2713 3232 2789 3296 ὡς
2816 3233 2851 3304 ἦ
2883 3249 2946 3301 γε
2976 3232 3137 3303 λοιπὴ
3171 3231 3464 3302 ῥητορεία,
3494 3232 3527 3297 ἡ
3562 3230 3703 3301 πρὸς
3766 3258 3776 3266 ~

2124 3322 2277 3393 ψιλὸν
2311 3323 2554 3388 ἔπαινον,
2592 3323 2741 3378 δοκεῖ
2776 3325 2918 3378 κατὰ
2952 3323 3051 3394 τὴν
3087 3323 3258 3394 σοφὴν
3295 3322 3389 3376 καὶ
3428 3321 3566 3389 αὐτὴ
3609 3319 3705 3389 μέ-

2125 3415 2315 3468 λισσαν
2342 3416 2404 3467 οὐ
2439 3415 2601 3485 μόνον
2628 3415 2687 3480 ἐξ
2714 3415 2922 3468 ἀνθέων
2951 3416 3197 3483 γλυκέων
3227 3407 3319 3469 καὶ
3344 3412 3538 3483 λοιπῆς
3566 3428 3704 3483 χρηο

2128 3507 2416 3576 σιμότητος
2450 3508 2619 3578 ἑαυτῇ
2658 3509 2978 3579 συγκροτεῖν
3013 3508 3073 3562 τὸ
3113 3506 3413 3578 μυρέψημα
3449 3503 3541 3557 τοῦ
3574 3503 3704 3573 γλυ-

2127 3600 2442 3668 κάσματος,
2479 3600 2614 3656 ἀλλά
2652 3618 2755 3654 που
2792 3603 2887 3654 καὶ
2921 3602 2985 3655 ὲκ
3023 3600 3096 3671 μὴ
3129 3600 3407 3653 τοιούτων.
3446 3599 3555 3652 Καὶ
3592 3597 3704 3666 γάρ

2125 3709 2208 3745 τοι
2252 3693 2345 3744 καὶ
2386 3694 2448 3745 ὲκ
2492 3693 2928 3763 περιττωμάτων
2968 3693 3069 3745 οὐκ
3115 3691 3475 3760 εὐαποφόρων
3519 3688 3704 3757 ἐκείνη
3814 3735 3831 3744 ,

2128 3783 2467 3848 τιθαιόὡσει,
2499 3783 2836 3855 ἑκλεγομένη
2865 3784 2933 3838 τὰ
2964 3782 3322 3855 συντείνοντα,
3354 3780 3496 3835 καθᾶ
3527 3796 3706 3850 παρα-

2130 3871 2495 3943 τετηρηκότες
2535 3873 2586 3924 οἱ
2628 3870 2793 3936 δεξιοὶ
2826 3853 3211 3942 ίσιμῆλοποιείν
3257 3853 3470 3924 οἷ’δασιι
3514 3871 3608 3924 καί
3652 3887 3705 3948 τι

2131 3966 2442 4037 συναγείρει
2483 3966 2758 4029 κάκεῖθεν,
2800 3967 2880 4030 είς
2924 3965 3047 4019 ὅσον
3085 3964 3154 4018 τὰ
3197 3965 3365 4035 κηρία
3409 3962 3707 4034 στύφεσθαι

2128 4059 2224 4111 καὶ
2272 4057 2846 4129 συνέχεσθαιηὈποία
2894 4058 2958 4128 δή
3008 4075 3127 4111 τινα
3178 4058 3460 4128 μελίτταις
3495 4053 3703 4125 Ἐρμοῦ

2129 4149 2465 4217 ὑποκείμενα
2505 4150 2597 4202 καὶ
2633 4152 2660 4202 ό
2694 4148 2861 4202 Δαυῒδ
2899 4149 3115 4219 εἰχέτην
3152 4149 3246 4202 καὶ
3283 4149 3311 4202 6
3345 4146 3704 4214 Ἀνδρόνικος,

2130 4241 2470 4303 παντοδαπὸς
2497 4242 2703 4303 ἐκεῖνος
2730 4240 3039 4311 ἄνθρωπος,
3068 4239 3164 4292 καὶ
3194 4238 3584 4308 παμποίκιλος,
3611 4236 3707 4289 καὶ

2128 4332 2287 4386 τοῦτο
2322 4332 2380 4384 οὐ
2420 4331 2810 4401 χαμαιλέοντος
2848 4330 3003 4399 δίκην
3042 4331 3153 4402 είτε
3193 4328 3512 4395 πολύποδος,
3552 4328 3710 4396 Πρω-

2128 4425 2263 4487 τέως
2305 4422 2361 4476 δὲ
2409 4423 2630 4493 μᾶλλον,
2677 4421 2772 4475 καὶ
2824 4422 3062 4491 μάλιστα
3105 4421 3248 4475 κατὰ
3281 4421 3623 4490 Ἔμπουσαν,
3651 4416 3706 4488 ⁵ἣ

446 4516 644 4570 teriam
690 4514 983 4573 informem
1017 4519 1357 4589 primitivam
1393 4518 1653 4574 omnibus
1704 4532 1767 4573 se
1795 4516 2018 4571 diversis

2132 4514 2335 4586 φρικτὰ
2382 4512 2708 4582 ἑφάνταζεν.
2745 4513 2802 4565 '0
2848 4512 2891 4564 δ’
2920 4513 3085 4576 αὐτὸς
3109 4513 3220 4565 -καὶ
3263 4511 3406 4565 κατὰ
3448 4510 3711 4580 εὐρίπους

448 4608 628 4663 modis
678 4608 966 4665 visendum
1001 4610 1313 4680 praebebat;
1340 4625 1574 4679 quorum
1606 4609 1710 4665 alia
1735 4609 2029 4673 laudanda,

448 4698 555 4753 alia
591 4714 720 4755 vero
753 4716 864 4756 non
893 4711 1106 4758 essent.
1141 4701 1466 4757 Addendqu
1506 4714 1638 4756 vero
1666 4703 1770 4756 hoc
1796 4707 1881 4756 est
1926 4700 2028 4765 illi,

448 4790 664 4846 scilicet
700 4792 941 4863 aliquam
972 4791 1028 4847 in
1062 4806 1129 4847 eo
1160 4791 1578 4848 miserationem
1625 4790 1806 4846 inesse
1836 4790 2032 4843 simulo

446 4895 555 4949 que
603 4881 846 4935 animum
877 4896 1175 4951 magnum;
1207 4889 1475 4952 praterea
1502 4884 1608 4935 hoc
1638 4894 1859 4949 quoque
1890 4879 2030 4948 adji-

449 4968 706 5024 ciendum
740 4979 826 5025 est
867 4983 883 5022 :
922 4969 1119 5025 Omnia
1149 4969 1400 5049 simuljn
1446 4983 1513 5021 eo
1557 4977 1717 5023 erant
1763 4969 2032 5037 quasique

446 5062 875 5118 commixtorum
905 5061 1038 5117 uuio
1067 5069 1188 5117 erat
1233 5062 1289 5117 in
1318 5076 1384 5116 eo
1416 5060 1746 5129 diverseque
1789 5057 2031 5112 semion.

448 5155 589 5210 tium
620 5168 954 5221 consensus;
994 5154 1121 5209 inde
1160 5162 1343 5208 tamen
1377 5152 1667 5208 harmonia
1695 5166 1801 5205 non
1828 5151 2029 5215 oritur,

450 5247 546 5303 sed
611 5246 885 5303 confusio.
922 5247 1099 5302 Homo
1144 5249 1290 5302 enim
1343 5247 1555 5301 varium
1618 5243 1750 5314 quid
1791 5253 1844 5297 et
1896 5241 2035 5296 scri-

447 5336 703 5408 ptoribus
762 5340 1052 5392 materiam
1101 5339 1157 5393 in
1211 5346 1501 5407 utramque
1566 5345 1776 5405 partem
1849 5333 2028 5389 offert.

451 5431 832 5501 lmpellcretur
860 5431 1065 5503 aliquis
1106 5431 1173 5486 ad
1223 5432 1453 5500 sphaerae
1489 5430 1640 5483 illum
1684 5428 2035 5497 aequiparan-

450 5522 608 5586 dum,
643 5537 752 5577 non
799 5532 1022 5578 mutata:
1058 5530 1253 5575 natura
1282 5521 1440 5589 juxta
1484 5520 1717 5588 antiqua
1748 5518 2031 5583 miracula,

456 5613 549 5668 sed
580 5612 900 5670 diversitate
932 5630 1173 5669 morum.
1194 5614 1251 5669 Si
1290 5615 1343 5667 iu
1362 5628 1427 5667 eo
1456 5620 1678 5668 exstare
1704 5610 1844 5666 duos
1870 5609 2036 5664 cados

452 5706 657 5777 aliquis
677 5707 907 5773 diceret,
931 5722 1100 5763 unum
1131 5705 1288 5760 bonis
1316 5705 1561 5774 plenum,
1590 5703 1821 5756 alterum
1850 5699 2033 5762 malis,

453 5812 577 5872 qua:
642 5799 734 5854 ille
820 5800 1080 5855 hauriens
1152 5800 1500 5866 miscensque
1562 5792 1868 5853 effunderet
1935 5790 2036 5847 de.

2131 4603 2506 4673 πολύστροφος
2544 4597 2635 4673 ἦν,
2678 4602 2773 4655 καὶ
2817 4600 2958 4656 κατὰ
2995 4602 3095 4671 τὴν
3134 4602 3430 4672 ἀρχέγονον
3472 4599 3710 4653 ἀνείδεον

2133 4695 2266 4765 ὓλην
2293 4696 2497 4749 ἅπασιν
2524 4694 2838 4747 ύποτέθειτο
2864 4693 3031 4747 εἴδεσι
3059 4691 3353 4753 πολυειδῶς
3373 4706 3388 4724 ⁸
3414 4685 3490 4744 ὧν
3514 4689 3580 4742 τὰ
3611 4687 3711 4757 μὲν

2133 4787 2405 4841 ἐπαινοῖτο
2426 4825 2441 4850 ,
2472 4784 2540 4839 τὰ
2569 4784 2614 4838 δ’
2641 4785 2741 4839 οὐκ
2771 4786 2857 4840 ἄν.
2887 4785 3045 4838 Ἔστι
3076 4786 3123 4838 δ’
3148 4783 3423 4837 ὲπάὐτοῦ
3461 4798 3708 4855 προσαρ-
3794 4838 3798 4843 ,

2136 4881 2299 4950 μόσαι
2332 4878 2424 4931 καὶ
2450 4875 2511 4930 τὸ
2542 4871 2679 4932 εἶναι
2716 4878 2815 4948 μέν
2841 4894 2964 4931 τινα
2995 4876 3129 4947 παρ’
3154 4876 3304 4948 αὐτῷ
3337 4871 3539 4940 οἶκτον,
3569 4871 3712 4927 εῖναι
3764 4871 3766 4875 ’

2132 4970 2190 5025 δὲ
2221 4970 2312 5023 καί¹
2342 4967 2513 5032 θυμὸν
2544 4968 2752 5039 μέγαν·
2784 4966 2864 5020 ἔτι
2894 4967 2953 5021 δὲ
2985 4964 3324 5039 συμὸιδάσαι
3356 4966 3538 5020 καὶτό
3561 4980 3578 4996 ⁸
3601 4960 3712 5018 Ἦν

2136 5058 2270 5128 ὁμοῦ
2312 5060 2369 5111 ἐν
2405 5056 2551 5128 αύτῷ
2586 5061 2846 5128 χρήματα
2886 5057 3083 5123 πάντα,
3118 5057 3215 5110 καὶ
3250 5058 3325 5120 ὡς
3360 5054 3711 5125 πολυμιγέων

2134 5151 2330 5213 ἓνωσις
2367 5146 2435 5219 ἦν
2468 5165 2551 5213 τις
2592 5150 2686 5201 καὶ
2724 5148 2854 5218 παρ’
2881 5149 3029 5217 αὐτῷ
3074 5149 3168 5201 καὶ
3206 5148 3332 5218 δίχα
3373 5147 3713 5218 φρονεόντων

2138 5240 2517 5309 συμφρόνησις
2539 5256 2550 5268 ο
2588 5241 2650 5291 οὐ
2690 5240 2834 5311 μὴν,
2870 5239 2995 5293 ὅθεν
3026 5240 3406 5308 συγκροτεῖται
3445 5239 3715 5308 ἁρμονίας

2136 5330 2324 5402 ἀρετὴ,
2367 5329 2506 5384 ἀλλὰ
2541 5331 2710 5383 κακία
2749 5330 3088 5400 συγχύσεως.
3134 5315 3481 5399 Πολύτροπον
3517 5330 3624 5398 γάρ
3661 5345 3714 5382 τι

2136 5425 2329 5496 χρῆμα
2370 5424 2399 5477 6
2438 5422 2602 5494 ἀνὴρ,
2637 5424 2730 5475 καὶ
2773 5423 3173 5491 πολυπὸριστον
3207 5423 3321 5485 τοῖς
3365 5421 3449 5491 ἐφ’
3476 5423 3714 5492 ἑκάτερα

2137 5517 2370 5586 γράφειν
2417 5514 2632 5577 δεινοῖς.
2687 5513 2970 5583 Ἐναχθείη
3020 5513 3063 5565 δ’
3104 5513 3170 5567 ἄν
3202 5524 3303 5575 ’τις
3352 5515 3446 5567 καὶ
3498 5512 3715 5583 σφαίρῳ

2137 5606 2301 5662 αὐτὸν
2345 5604 2704 5674 παρεικάσαι,
2753 5604 2815 5656 οὐ
2858 5601 2936 5673 τῷ
2988 5602 3531 5673 μεταλαμϐανομένῳ
3577 5601 3716 5673 πρὸς

2137 5700 2354 5769 γένεσιν
2385 5698 2530 5751 κατὰ
2566 5695 2801 5750 παλαιὰν
2830 5696 3157 5765 τερατείαν,
3189 5695 3327 5747 ἀλλὰ
3362 5697 3497 5764 πρὸς
3531 5709 3717 5746 ποικι-

2139 5788 2259 5842 λίαν
2286 5785 2454 5857 ὴθῶν.
2487 5784 2549 5841 Εἰ
2580 5786 2635 5841 δὲ
2666 5786 2759 5841 καὶ
2788 5786 2844 5839 ὲν
2872 5783 3020 5857 αὐτῷ
3047 5784 3141 5838 δύο
3168 5784 3359 5849 πίθους
3386 5785 3609 5841 ἑστάναι
3631 5801 3717 5849 τις
3758 5770 3761 5773 ’
