4084 6474
409 328 483 394 23
1168 329 2387 398 ΕυδΤΑΤΗιΙπΗΕεδΑιοΝΙοΕΝδι3
2421 339 2987 404 ΜΕΤΒΟΡΟΙᾸΤΑΞ
3589 345 3664 408 24

404 430 531 472 rum
580 415 705 473 linis
748 415 1034 473 videbatur
1077 416 1388 487 imperium.
1419 416 1658 473 Caeteros
1685 433 1817 472 vero
1835 420 1970 472 vicit

2092 424 2340 491 ηκϐντιζε
2390 426 2446 480 δὲ
2498 429 2625 491 τοὺς
2680 430 2906 494 λοιποὺς
2969 431 3209 497 Ἀλέξιος
3266 435 3293 485 ὀ
3340 433 3662 506 Κομνηνδς,

405 510 635 565 Alexius
679 508 1020 573 Comnenus.
1062 523 1235 580 nepos
1287 508 1555 564 Mauuelis
1602 509 1976 579 imperatoris.

404 600 833 671 primi-Augusti
892 615 1088 657 zonam
1140 600 1362 665 ferens;
1408 598 1643 669 aliisque
1691 600 1979 655 videbatur

302 714 319 723 ’
402 692 627 748 charior
666 692 1294 763 dnminaz,imperaloris
1326 692 1507 747 matri.
1539 692 1671 747 lude
1703 692 1867 763 igitur
1893 691 1980 761 in-

405 785 554 841 vidia
586 787 787 851 oritur,
817 788 1106 857 illumque,
1150 787 1295 856 quod
1327 805 1345 839 ι
1380 796 1529 843 sorte
1566 786 1847 842 communi
1890 786 1980 840 lu-

400 877 532 934 dere
570 897 592 932 »
633 879 851 945 dicunt,
898 878 1236 949 suspiciens,
1270 879 1453 935 varias
1493 878 1783 934 machinas
1811 878 1984 933 ordiri

401 984 511 1025 non
546 980 748 1036 cessat,
782 971 829 1026 si
862 969 1001 1025 forte
1037 969 1116 1024 illi
1164 969 1402 1040 aliquam
1431 970 1872 1025 vicissitudinem
1904 968 1985 1024 af.

400 1063 561 1118 ferat.
590 1061 683 1117 Sic
715 1078 846 1131 ergo
877 1078 1002 1117 eum
1035 1063 1248 1133 Opinati
1281 1071 1465 1119 essent
1494 1069 1630 1117 tunc
1657 1062 1724 1118 de
1754 1058 1989 1132 pulchrt‘

397 1157 587 1228 gestis,
643 1173 907 1215 assensus
943 1160 1259 1215 communis
1320 1158 1398 1213 illi
1456 1158 1682 1229 pallium
1742 1157 1987 1213 contexi-

399 1249 638 1319 tur,lquo
695 1250 785 1306 ille
833 1264 943 1306 non
1001 1250 1069 1304 ad
1131 1250 1461 1320 voluptatem
1527 1264 1681 1305 suam
1734 1248 1989 1304 induere-

398 1346 507 1395 tur.
540 1341 657 1396 Hoc
708 1356 840 1396 vero
899 1341 1124 1412 pallium
1191 1342 1347 1395 multi
1407 1341 1498 1395 alii
1557 1347 1985 1408 contexuerunt,

394 1439 453 1485 et
515 1430 628 1487 duo
677 1447 899 1503 quoque
946 1432 1039 1488 lilii
1093 1432 1430 1499 Andronici,
1473 1431 1567 1502 qui
1613 1448 1680 1487 ex
1753 1431 1989 1488 Comne-

398 1524 517 1592 nis;
548 1524 645 1594 qui
687 1525 959 1595 patruelis
998 1532 1118 1579 erat
1161 1523 1428 1579 Manuelis
1472 1524 1818 1594 imperatoris
1847 1566 1862 1592 ,
1897 1538 1983 1590 ac,

396 1615 543 1669 sicut
575 1615 761 1689 lingua
796 1614 1073 1686 pedestris
1121 1614 1536 1681 diceret,natus
1578 1630 1645 1671 ex
1684 1613 1873 1670 fratre.
1924 1614 1985 1671 ln

396 1708 600 1761 throno
633 1707 804 1778 regali
850 1706 991 1762 sedit
1024 1706 1259 1762 ultimus
1315 1722 1425 1760 non
1469 1707 1696 1762 omnino
1728 1706 1983 1776 feliciter,

398 1814 499 1854 nec
524 1798 653 1861 sibi,
683 1814 783 1853 nec
807 1799 944 1854 suis.
971 1796 1202 1853 Nomina
1231 1798 1428 1853 horum
1460 1814 1762 1870 puerorum
1797 1810 1983 1867 erant,

388 1894 569 1965 priori
600 1903 735 1948 natu
773 1894 1014 1959 Manuel;
1050 1892 1294 1951 Joannes
1325 1910 1457 1949 vero
1483 1895 1795 1965 posteriori,
1820 1908 1982 1966 quem

399 1984 577 2052 ipsum
613 1984 763 2037 novit
814 1983 1131 2054 imperium,
1161 1984 1623 2054 quemadmodum
1655 1993 1711 2040 et
1736 1993 1975 2055 patrem,

2087 515 2402 585 ἀδελφιδοῦς
2442 520 2542 587 μὲν
2591 518 2669 573 ὢν
2718 522 2795 591 τῷ
2837 521 3201 594 αὐτοκράτορι
3255 523 3534 592 Μανουὴλ,
3564 522 3663 594 τὴν

2085 603 2180 657 τοῦ
2214 608 2670 677 πρωτοςεόαστοῦ
2687 611 2744 664 δὲ
2766 611 2945 682 ζώνην
2971 613 3175 683 φέρων.
3202 614 3311 667 Kal
3342 614 3664 685 προσείχετο

2086 697 2152 764 τῇ
2185 694 2465 771 δεσποίνῃ,
2496 701 2562 771 τῇ
2622 699 2717 753 τοῦ
2772 700 3036 770 βασιλέως
3101 704 3295 773 μητρὶ,
3341 702 3505 757 πλέον
3552 704 3663 759 τῶν

2088 789 2287 844 ἄλλων.
2333 790 2604 860 ’Υφέρπει
2654 787 2746 846 οὖν
2790 793 2950 863 ζῆλος
2992 793 3278 849 ἐντεῦθεν
3311 795 3404 850 καὶ
3436 797 3464 850 ὅ
3495 814 3661 867 φασιν

2085 880 2415 950 ὀστρακίνδα
2475 884 2617 936 κατὰ
2672 881 2767 935 τοῦ
2811 884 3003 953 ἀνδρὸς
3046 884 3532 955 ὐποὸλεψάμενος,
3561 885 3662 939 οὐκ

2086 971 2228 1025 ἀνίει
2277 972 2502 1026 ἑλίττων
2557 972 2797 1042 στροφὰς
2855 971 3148 1035 ποικίλοις,
3199 971 3253 1024 εῐ
3300 988 3420 1034 πως
3465 970 3664 1041 ἐκείνῳ

2089 1062 2399 1133 μεθοδεύσει
2454 1063 2802 1132 μετάστασιν.
2860 1062 2971 1117 Καί
3028 1081 3147 1125 πως
3184 1062 3330 1117 οὕτω
3355 1063 3513 1126 δόξαν
3550 1065 3663 1125 τοῖς

2086 1154 2392 1219 τηνικαῦτα
2422 1154 2757 1223 προφέρουσι
2787 1154 2896 1206 τῶν
2925 1153 2987 1208 εὖ
3017 1153 3346 1223 γεγονότων,
3374 1153 3664 1217 συνθεσίας

2086 1248 2204 1299 κατ’
2237 1246 2404 1300 αὐτοῦ
2452 1247 2658 1304 πέπλος
2690 1248 2977 1319 ῥάπτεται,
3014 1248 3324 1319 περιδύσων
3352 1247 3535 1309 αὐτὸν,
3566 1246 3663 1300 xal

2088 1336 2324 1403 συνέξων
2377 1338 2440 1391 οὐ
2501 1338 2637 1410 πρὸς
2707 1339 2924 1409 ἡδονήν.
2985 1340 3240 1410 ’Υφαναν
3306 1338 3362 1392 δέ
3418 1337 3662 1391 τοιοῦτον

2087 1429 2359 1498 πέπλωμα
2391 1430 2491 1483 οὐκ
2523 1431 2693 1498 ὀλίγοι
2721 1449 2801 1496 ,τε
2855 1431 3057 1502 ἕτεροι,
3089 1432 3186 1485 καὶ
3239 1432 3288 1484 οἱ
3337 1430 3432 1483 δύο
3476 1431 3663 1495 παῖδες

2098 1520 2466 1591 Ἀνδρονίκου,
2496 1521 2591 1575 τοῦ
2626 1525 2690 1576 ἐκ
2725 1524 3064 1592 Κομνηνῶν’
3097 1523 3155 1587 ὃς
3196 1523 3523 1592 αὐτανέψιος
3562 1524 3663 1594 μὲν

2083 1610 2153 1687 ἦν
2177 1615 2256 1686 τῷ
2287 1615 2500 1687 βασιλεῖ
2518 1618 2801 1689 Μανουὴλ,
2834 1621 2929 1671 καὶ
2958 1619 3032 1680 ώς
3065 1620 3131 1673 ἂν
3155 1620 3189 1690 ἡ
3215 1618 3406 1671 πεδινὰ
3427 1618 3666 1673 λαλοῦσα

2086 1708 2231 1761 είποι
2263 1709 2505 1777 γλῶσσα,
2556 1710 2773 1781 πρῶτος
2825 1710 3140 1779 ἐξάδελφος,
3172 1713 3254 1774 εἰς
3305 1710 3574 1776 βασίλειον
3604 1709 3665 1763 δὲ

2086 1797 2277 1869 θρόνον
2315 1801 2509 1855 ἐαυτὸν
2546 1802 2798 1856 ἐκάθισεν
2855 1802 3083 1874 ὕστερον
3120 1803 3180 1858 οὐ
3222 1803 3365 1856 πάνυ
3396 1800 3662 1873 εὐτυχῶς,

2085 1891 2197 1944 οὐδ’
2231 1891 2401 1962 αὐτῷ,
2430 1891 2555 1946 οὔτε
2596 1897 2707 1958 τοῖς
2758 1894 2890 1964 ’περί⁵
2949 1895 3133 1948 αὐτόν.
3178 1895 3449 1963 Ὀνόματα
3474 1893 3530 1945 δὲ
3553 1894 3665 1945 τοῖν

2086 1980 2300 2034 παίδοιν
2326 1982 2484 2052 ἣτην,
2506 1980 2585 2052 τῷ
2603 1983 2807 2054 πρώτῳ
2828 1985 2928 2051 μὲν
2952 1983 3094 2037 κατὰ
3120 1984 3373 2052 γέννησιν
3384 1980 3664 2052 Μανουὴλ,

394 2088 508 2130 non
543 2075 717 2130 multo
748 2084 893 2145 post.
932 2072 997 2129 ili
1036 2075 1203 2130 ambo
1231 2074 1452 2146 quidem
1497 2084 1630 2131 tunc
1656 2075 1982 2145 coniurave-

2100 2074 2351 2145 Ἰωάννης
2388 2076 2444 2128 δὲ
2482 2076 2558 2146 τῷ
2589 2076 2709 2147 μετ’
2734 2078 2931 2131 αὐτόν’
2959 2076 3019 2130 ὃν
3045 2078 3137 2130 καὶ
3170 2075 3335 2130 αὐτὸν
3366 2074 3666 2146 ἐγνώρισεν

332 2233 341 2242 υ
396 2175 548 2221 runt.
580 2164 641 2220 In
679 2163 794 2219 illis
828 2174 951 2220 erat
993 2165 1243 2230 Alexius,
1279 2164 1548 2236 dignitate
1594 2163 1819 2235 quidem
1870 2163 1980 2218 dux

395 2271 668 2321 summus,
717 2256 995 2327 legitimus
1048 2256 1308 2312 sobrinus
1364 2255 1833 2325 charissimusque
1875 2254 1982 2307 im—

396 2349 634 2418 portitori
708 2347 982 2414 Manueli;
1023 2348 1247 2418 insuper
1299 2346 1540 2403 Joannes
1610 2359 1830 2416 quoque
1875 2342 1984 2398 Du-

392 2455 515 2506 cas,
553 2440 687 2506 dux,
727 2454 888 2510 quem
921 2453 988 2494 ex
1015 2438 1137 2509 ipso
1169 2441 1289 2494 visu
1339 2440 1540 2509 aliquis
1577 2439 1846 2508 optimum
1888 2436 1982 2506 ju-

392 2533 634 2589 dicasset
664 2531 879 2605 (magna
915 2545 1047 2585 vero
1075 2530 1307 2585 materia
1333 2538 1451 2585 erat
1489 2530 1543 2584 in
1570 2529 1680 2584 illis
1704 2525 1981 2597 invidiae);

392 2626 664 2692 Caesares,
696 2622 866 2678 Maria
891 2637 922 2677 e
958 2622 1225 2694 sanguine
1258 2621 1639 2691 imperatorio,
1672 2634 1836 2691 quam
1878 2617 1984 2674 sub

393 2716 728 2787 imperatore
782 2712 1034 2769 Manuele
1068 2711 1220 2768 lrena
1271 2710 1543 2768 Germana
1589 2720 1782 2768 sancto
1822 2717 1982 2780 partu

393 2813 606 2882 genuit,
646 2823 999 2880 sponsusque
1041 2809 1162 2879 ejus
1206 2805 1452 2862 Joannes
1502 2804 1828 2869 Marcesius,
1884 2803 1980 2875 ju-

393 2903 550 2958 venis
595 2909 785 2966 aetate,
833 2898 930 2955 sed
970 2902 1053 2952 vir
1079 2898 1287 2953 animo.
1336 2896 1460 2951 Hatr
1491 2895 1676 2951 omnia
1711 2902 1772 2949 ut
1810 2895 1981 2950 multa

394 2995 539 3050 male
576 2999 803 3059 cedunt,
839 2991 932 3046 ubi
978 2989 1195 3047 insidiae
1265 2990 1433 3044 latere
1465 3002 1687 3056 semper
1717 3001 1824 3041 non
1857 3000 1986 3057 pos-

393 3094 544 3152 sunt,
590 3089 687 3140 sed
723 3082 1030 3154 patefiunt;
1080 3095 1273 3135 omnes
1318 3078 1629 3150 hujusmodi
1679 3078 1983 3149 deprehen-

394 3178 626 3244 duntur,
659 3190 769 3230 uno
800 3191 865 3229 ex
902 3173 1122 3229 insidiis
1156 3171 1458 3235 revelante,
1490 3184 1772 3241 causaque
1810 3168 1983 3225 infor-

391 3282 597 3328 matur.
647 3270 854 3328 Przeest
902 3267 1124 3340 quidem
1182 3266 1425 3322 curatrix
1486 3274 1680 3332 mater,
1736 3263 1983 3319 omnium

392 3364 614 3421 domina
631 3363 744 3435 jam
768 3361 1048 3419 communi
1081 3358 1349 3431 suﬂ‘ragio
1374 3358 1655 3425 damnata,
1687 3358 1835 3429 quod
1869 3372 1979 3413 non

2087 2167 2118 2233 ἡ
2151 2166 2422 2236 βασιλεία,
2470 2169 2615 2222 καθὰ
2652 2170 2745 2222 καὶ
2772 2169 2863 2221 τὸν
2886 2169 3100 2239 πατέρα
3130 2167 3248 2239 μετ’
3281 2168 3342 2221 οὐ
3374 2167 3533 2221 πολύ.
3561 2167 3667 2219 Kal

2085 2252 2231 2311 οὗτοι
2263 2258 2361 2325 μὲν
2391 2259 2483 2313 δύο
2534 2260 2655 2314 τότε
2711 2261 3162 2332 συνωμοσάσθην.
3204 2260 3297 2313 Ἕν
3341 2258 3400 2313 δέ
3437 2260 3549 2323 τοῖς
3573 2257 3667 2313 καὶ

2101 2347 2331 2415 Ἀλέξιος
2352 2346 2442 2423 ἦν,
2473 2352 2915 2423 πρωτοστράτωρ
2931 2351 3032 2423 μὲν
3059 2352 3156 2423 τὴν
3177 2349 3351 2416 ἀξίαν,
3383 2348 3669 2421 ἀνεψιδοῦς

2083 2440 2140 2494 δὲ
2158 2441 2380 2512 γνήσιος
2395 2443 2493 2495 καὶ
2510 2442 2774 2513 ὑπερλίαν
2794 2443 3017 2514 φιλητὸς
3042 2442 3121 2512 τῷ
3142 2442 3357 2512 βασιλεῖ
3375 2441 3661 2510 Μανουήλ·

2085 2533 2223 2603 πρὸς
2250 2533 2307 2586 δὲ
2352 2535 2447 2587 καὶ
2490 2534 2746 2605 Ἰωάννης
2774 2534 3006 2599 Δούκας,
3032 2536 3061 2587 6
3095 2535 3358 2604 ἔπαρχος,
3389 2532 3449 2587 δν
3480 2531 3577 2586 καὶ
3604 2530 3666 2595 ἐξ

2086 2622 2256 2692 αὐτῆς
2273 2623 2401 2687 θέας
2421 2625 2748 2695 τεκμήραιτ’
2770 2625 2836 2679 ἄν
2851 2641 2936 2688 τις
2954 2623 3329 2678 καλλιστεύειν
3354 2623 3412 2677 ἐν
3437 2621 3666 2690 ἀγαθοῖς

2088 2715 2323 2785 (μεγάλη
2350 2715 2396 2769 δ’
2422 2717 2481 2770 ἐν
2508 2718 2721 2781 τούτοις
2758 2720 2921 2788 μοῖρα
2946 2716 3153 2789 ζήλου)⁶
3171 2717 3264 2770 καὶ
3286 2717 3337 2770 oi
3360 2716 3661 2785 Καίσαρες,

2087 2810 2121 2879 ἠ
2156 2811 2662 2882 πορφυρογέννητος
2696 2811 2907 2880 Μαρία,
2940 2811 3007 2880 ἣν
3046 2808 3153 2863 ὐπδ
3182 2809 3260 2880 τῷ
3294 2808 3506 2879 βασιλεί
3545 2807 3668 2861 Μα-

2087 2900 2251 2973 νουὴλ
2303 2904 2337 2973 η
2391 2902 2449 2968 ἐξ
2492 2899 2818 2973 Ἀλαμανῶν
2876 2901 3082 2971 Εἰρήνη
3134 2899 3196 2953 τὸ
3255 2899 3412 2967 ἅγιον
3477 2895 3666 2968 ἐκείνη

2086 2996 2333 3067 γέννημα
2365 2995 2636 3063 ἐγείνατο,
2670 2996 2765 3048 καὶ
2796 2996 2825 3048 6
2869 2992 3120 3061 συζυγῶν
3171 2992 3308 3062 αὐτῇ
3356 2990 3610 3060 Ἰωάννης
3637 2990 3666 3042 6

2085 3085 2423 3156 Μαρκέσιος,
2455 3085 2674 3148 νεανίας
2707 3084 2809 3155 μὲν
2853 3084 2953 3155 τὴν
2985 3082 3226 3154 ἡλικίαν,
3258 3081 3460 3143 τέλειος
3484 3081 3539 3133 δὲ
3566 3079 3666 3148 τὴν

2083 3177 2331 3249 ἀνδρίαν.
2378 3176 2569 3231 Ὀποῖα
2594 3175 2648 3228 δὲ
2682 3177 2739 3228 ἐν
2771 3173 3036 3237 τοιούτοις
3068 3172 3142 3236 ώς
3170 3173 3241 3226 τὰ
3270 3172 3440 3226 πολλὰ
3461 3170 3669 3239 ξυμπί-

2085 3285 2232 3336 πτει,
2257 3268 2389 3324 ἔνθα
2419 3271 2448 3323 6
2490 3268 2645 3339 λόχος
2674 3269 2776 3321 οὐκ
2815 3268 2932 3338 ἔχει
2967 3266 3307 3336 κρύπτεσθαι
3353 3265 3434 3327 είς
3487 3263 3664 3330 τέλος,

2085 3360 2201 3414 ἀλλ’
2232 3359 2553 3429 ἐκφαίνεται
2578 3374 2592 3389 ’
2637 3357 2929 3428 φωρῶνται
2956 3356 3158 3418 πάντες
3187 3355 3238 3408 οἱ
3264 3353 3520 3419 τοιοῦτοι,
3546 3351 3665 3415 ἑνός

393 3433 645 3524 ιιωυπξ
670 3465 794 3526 post
837 3468 959 3510 eam
1005 3467 1136 3508 vero
1169 3451 1330 3508 sedet
1382 3449 1530 3506 Illius
1567 3451 1982 3519 imperatorque

2086 3469 2247 3506 τινων
2271 3451 2382 3504 τῶν
2401 3449 2636 3521 λοχιτῶν
2664 3447 3154 3519 καταμηνύσαντος
3176 3462 3190 3478 ο
3221 3446 3321 3500 καὶ
3347 3444 3667 3513 συγκροτεῖ-

391 3548 642 3605 Alexius.
664 3546 915 3603 Primum
955 3544 1263 3613 Augustum
1321 3555 1433 3597 non
1484 3541 1677 3596 leviter
1734 3539 1984 3595 odientes

394 3642 679 3701 accusant,
718 3644 949 3706 postque
984 3633 1153 3687 multa
1212 3644 1503 3687 causarum
1560 3630 1789 3684 aliarum
1848 3642 1983 3684 con-

393 3733 680 3793 demnant,
729 3726 1018 3798 judicante
1060 3725 1118 3779 in
1151 3724 1302 3780 omni
1335 3737 1418 3788 re,
1453 3737 1579 3779 cum
1617 3722 1708 3777 illa
1758 3722 1985 3776 rectitu-

391 3821 522 3878 dine
572 3829 726 3882 nota.
775 3816 1212 3889 profundissimo
1286 3814 1624 3880 Theodoro,
1679 3811 1982 3877 omniscio,

391 3914 576 3985 primo
636 3911 825 3983 judice
881 3908 1289 3982 preposithue
1347 3906 1569 3976 palatio.
1642 3904 1769 3959 Ideo
1836 3912 1985 3958 stare

394 4008 541 4063 inter
569 4004 912 4077 patriarchas
941 4004 1139 4058 solitus
1163 4000 1230 4057 ad
1262 3999 1492 4055 nihilum
1525 3996 1732 4068 redegit
1760 4008 1980 4050 omnem

395 4096 883 4154 machinationem.
919 4095 1050 4149 Erat
1080 4092 1227 4149 enim
1286 4098 1568 4155 versutus,
1592 4104 1720 4145 vere
1767 4087 1979 4143 omnis-

394 4189 540 4243 cius.
570 4184 911 4241 Vinciuntur
956 4197 1091 4254 ergo
1140 4182 1193 4237 in
1234 4195 1434 4252 magno
1480 4180 1707 4250 palatio,
1759 4178 1981 4241 fratres,

392 4279 611 4336 Manuel
633 4289 689 4334 et
714 4276 978 4344 Joannes,
1003 4278 1231 4348 insuper
1255 4284 1310 4332 et
1338 4288 1590 4331 summus
1621 4273 1729 4329 dux
1757 4273 1983 4328 Alexius

392 4380 447 4427 et
479 4369 811 4443 pmfectus;
855 4369 1303 4441 reliquorumque
1345 4364 1439 4420 alii
1498 4365 1876 4428 dimittuntur,
1926 4365 1983 4419 in

391 4460 627 4515 veritate
654 4455 872 4528 quidem
902 4457 960 4513 in
996 4457 1310 4514 hesternam
1337 4469 1574 4523 orenam,
1606 4464 1824 4525 propter
1859 4454 1983 4510 illos

393 4551 488 4622 qui
548 4566 769 4608 cmnare
818 4549 1096 4615 volebant,
1141 4556 1467 4619 apparenter
1512 4561 1643 4601 vero
1687 4547 1759 4601 ob
1792 4546 1984 4602 amici-

392 4644 525 4697 tiam
569 4652 735 4713 atque
779 4641 1198 4696 iunocuitatem.
1234 4638 1342 4692 Alii
1377 4651 1507 4692 vero
1568 4637 1786 4692 diverso
1820 4638 1984 4693 modo

2084 3560 2174 3596 ται
2205 3542 2352 3612 δίκη.
2384 3541 2496 3595 Καὶ
2536 3540 2881 3612 προκάθηται
2920 3538 3019 3610 μὲν
3045 3541 3079 3606 ἡ
3125 3538 3420 3608 ἐπίτροπος
3456 3536 3663 3605 μήτηρ,

2086 3635 2255 3703 κυρία
2285 3634 2504 3688 πάντων
2550 3632 2653 3705 ῆδη
2701 3631 3123 3701 προϐεϐλημένη
3167 3629 3336 3700 ψήφῳ
3372 3632 3548 3701 κοινῇ,
3588 3628 3666 3690 ώς

2090 3725 2166 3798 μὴ
2185 3724 2393 3795 ὤφελεν
2418 3742 2432 3757 ο
2457 3724 2803 3793 ὐποκάθηται
2826 3721 2885 3776 δὲ
2908 3722 2936 3774 6
2963 3720 3076 3784 υίὸς
3098 3723 3189 3774 xal
3220 3720 3475 3791 βασιλεὺς
3516 3718 3668 3772 Ἀλέ-

2088 3819 2221 3887 ξιος.
2279 3816 2393 3873 Καὶ
2451 3813 2886 3886 κατηγοροῦνται
2954 3815 3005 3868 οἱ
3054 3813 3147 3868 τὸν
3207 3811 3666 3883 πρωτοσεϐαστὸν

2084 3912 2147 3965 οὐ
2179 3911 2395 3980 φαύλως
2431 3909 2720 3982 μισοῦντες
2739 3921 2754 3938 ⁸
2782 3906 2877 3961 καὶ
2906 3905 3046 3978 μετὰ
3076 3904 3249 3959 πολλὰ
3277 3906 3345 3959 τά
3370 3905 3461 3958 διὰ
3486 3904 3665 3974 μέσων

2087 4001 2533 4072 κατακρίνονται,
2572 3999 2930 4071 βραϐεύοντος
2972 3998 3054 4061 είς
3093 3994 3156 4050 τὸ
3184 3997 3295 4050 πᾶν
3337 3997 3405 4067 τῇ
3442 3993 3668 4065 τοιαύτῃ

2086 4094 2371 4165 εὐθυδικίᾳ
2396 4093 2491 4146 τοῦ
2520 4091 2828 4164 βαθυτάτου
2860 4088 3164 4161 Θεοδώρου,
3194 4086 3287 4141 τοῦ
3331 4083 3664 4157 παντεχνοῦ,

2084 4186 2179 4241 τοῦ
2219 4186 2556 4240 δικαιοδὸτου
2602 4185 2698 4240 καὶ
2748 4183 2843 4237 ἐπὶ
2888 4182 3000 4237 τῶν
3041 4180 3375 4236 οίκειακῶν*
3429 4178 3551 4234 καθ’
3604 4171 3666 4232 οὗ

2086 4278 2320 4350 θελήσας
2351 4278 2609 4348 ἐνστῆναι
2661 4279 2689 4330 6
2732 4275 2909 4346 μέγας
2950 4277 3009 4328 ἐν
3046 4273 3437 4344 πατριάρχαις,
3468 4272 3667 4342 ἔσχασε

2087 4369 2271 4422 πᾶσαν
2318 4368 2379 4421 ἐν
2419 4367 2597 4429 κενοῖς
2647 4365 2918 4436 μηχανήν.
2951 4356 3060 4415 Ἦν
3117 4360 3228 4431 γὰρ
3283 4362 3311 4414 6
3358 4358 3668 4428 παντεχνὴς

2085 4457 2303 4530 άληθῶς
2337 4454 3118 4529 παντεχνής.Καθείργνυνται
3146 4447 3241 4506 οὖν
3262 4452 3319 4504 ἐν
3342 4450 3420 4521 τῷ
3444 4449 3668 4520 μεγάλῳ

2087 4550 2333 4620 παλατίῳ
2361 4552 2457 4604 καὶ
2487 4551 2537 4603 οἱ
2566 4548 2811 4619 ἀδελφοὶ,
2838 4549 2866 4600 6
2899 4546 3158 4618 Μανουὴλ
3188 4545 3285 4598 καὶ
3318 4546 3345 4598 6
3386 4545 3665 4609 Ἰωάννης,

2087 4642 2223 4713 πρὸς
2246 4642 2305 4696 δὲ
2341 4642 2437 4696 καὶ
2479 4643 2507 4696 ὁ
2538 4642 2981 4712 πρωτοπρᾲτωρ
3025 4636 3285 4703 Ἀλέξιος,
3315 4635 3394 4691 ἔτι
3431 4636 3487 4689 δὲ
3520 4636 3614 4690 καὶ
3642 4637 3671 4689 6

394 4733 676 4802 perierunt
734 4747 800 4787 ac
850 4730 1060 4788 nemini
1123 4739 1281 4786 noto.
1328 4727 1485 4785 Multi
1542 4744 1672 4785 vero
1729 4729 1979 4785 exsilium

2087 4734 2364 4807 ἔπαρχος·
2398 4734 2508 4788 τῶν
2538 4733 2596 4787 δὲ
2640 4732 2846 4787 λοιπῶν
2878 4733 2926 4786 οί
2960 4731 3062 4802 μέν
3091 4730 3424 4800 ἀφείθησαν,
3450 4727 3670 4798 ἀληθῶς

391 4822 664 4879 obeuntes
696 4823 912 4892 seipsos
938 4823 1260 4891 puuierunt,
1293 4821 1442 4875 inter
1481 4835 1625 4891 quos
1671 4826 1792 4875 erat
1821 4834 1980 4890 egre-

391 4912 516 4985 gius
550 4909 857 4984 Lapardas,
902 4914 1040 4969 artis
1084 4914 1345 4969 militaris
1374 4910 1761 4983 peritissimus,
1813 4924 1979 4981 quem

393 5002 711 5075 accipitrem
744 5004 1031 5060 nominare
1055 5007 1419 5061 constituerat
1443 5003 1751 5061 Turcarum
1785 5004 1980 5059 Sultau

393 5095 465 5150 ob
491 5096 712 5151 consilii
737 5096 1084 5165 actionisque
1116 5098 1475 5152 celeritatem.
1510 5094 1616 5162 Qui
1676 5103 1811 5150 tunc
1853 5102 1976 5151 erat

393 5182 629 5241 feliciter
654 5184 919 5248 salvatus,
957 5194 1147 5253 postea
1175 5184 1470 5243 infeliciter
1500 5184 1558 5240 in
1590 5184 1813 5240 insidiis
1860 5185 1976 5239 An-

394 5273 612 5330 dronici
649 5272 1003 5344 imperatoris
1038 5282 1235 5344 captus
1268 5276 1449 5345 periit.

2090 4826 2190 4897 μὲν
2241 4827 2323 4891 εις
2393 4826 2562 4881 ἕωλον
2632 4826 2847 4880 δεῖπνον
2900 4826 3017 4887 τοῖς
3074 4823 3424 4895 βουλομένοις
3487 4821 3669 4875 αὐτῶν

2086 4917 2466 4988 θοινήσασθαι,
2494 4918 2839 4989 φαινομένως
2866 4914 2922 4969 δὲ
2948 4916 3090 4969 κατὰ
3114 4913 3298 4984 φιλίαν
3330 4913 3426 4967 καὶ
3449 4912 3509 4966 τὸ
3528 4907 3670 4967 εἶναι

2085 5008 2412 5065 ἀνύποπτοι.
2444 5011 2506 5064 0i
2527 5010 2584 5063 δέ
2613 5025 2758 5072 τινες
2787 5008 3069 5062 ἀπώλοντο
3104 5004 3392 5071 ποικίλως,
3446 5003 3543 5057 καὶ
3591 5001 3669 5065 ώς

2083 5102 2185 5156 οὐκ
2214 5103 2279 5158 ἄν
2303 5120 2391 5166 τις
2435 5101 2618 5154 ῐδοιτο.
2655 5099 2846 5153 Πολλοὶ
2894 5098 2952 5152 δὲ
3009 5098 3105 5152 καὶ
3143 5097 3415 5168 ὑπερορίᾳ
3448 5096 3667 5156 ἑκόντες

2084 5195 2415 5249 ἐδικαίωσαν
2449 5192 2708 5257 ἑαυτούς’
2741 5187 2816 5247 ὧν
2845 5187 2915 5263 ἦν
2954 5192 3045 5244 καὶ
3073 5193 3101 5244 6
3140 5189 3305 5253 καλὸς
3343 5189 3666 5258 Λαπαρδᾶς,

2087 5287 2117 5338 6
2170 5285 2444 5353 πάνσοφος
2493 5285 2560 5337 τὰ
2589 5284 2954 5354 στρατηγικὰ,
2994 5281 3054 5334 ὃν
3113 5282 3309 5351 ἱέρακα
3353 5279 3441 5334 διὰ
3479 5280 3540 5333 τὸ
3570 5279 3670 5349 τῆς

393 5366 709 5437 φρονήσεως
737 5371 831 5421 καὶ
858 5367 920 5420 τὸ
942 5367 1086 5422 κατὰ
1117 5369 1312 5440 πρᾶξιν
1333 5369 1592 5435 ὀξυπετὲς
1614 5372 1641 5424 6
1671 5373 1779 5428 τῶν
1804 5374 2062 5447 Τούρκων
2100 5380 2330 5433 σουλτὰν
2357 5378 2644 5447 ὀνομάζειν
2685 5379 2974 5450 ἐπέκρινεν
3000 5393 3015 5409 ·
3078 5380 3105 5432 ὁ
3169 5377 3291 5430 τότε
3358 5377 3456 5446 μὲν
3512 5376 3653 5430 εὐτυ,

394 5458 504 5528 χῶς
533 5457 888 5527 περισωθεὶς,
923 5460 1062 5529 μετὰ
1110 5459 1170 5514 δέ
1196 5478 1261 5531 γε
1296 5460 1496 5527 ἀθλίως
1545 5465 1666 5527 ταῖς
1696 5465 1790 5519 τοῦ
1833 5467 2101 5537 βασιλέως
2179 5469 2527 5540 Ἀνδρονίκου
2597 5469 2694 5522 καὶ
2735 5468 2898 5532 αὐτὸς
2959 5468 3165 5536 πάγαις
3224 5466 3670 5538 περιτετυχηκὼς

395 5548 490 5601 καὶ
516 5546 817 5612 ἐξολωλώς.

465 5642 555 5698 15.
578 5643 646 5698 Ει
663 5644 736 5698 ita
766 5659 852 5701 res
871 5660 932 5702 se
964 5646 1260 5703 habebant.
1280 5646 1345 5701 Et
1366 5663 1496 5705 vero
1525 5650 1581 5705 in
1606 5663 1716 5704 uno
1736 5649 1825 5705 die
1843 5667 1981 5721 qua-

396 5743 524 5791 tuor
553 5736 801 5793 inl‘umati
843 5738 1244 5811 coniurationis
1274 5740 1514 5798 convicti
1551 5750 1707 5807 sunt,
1762 5743 1976 5802 scilicet

2165 5655 2251 5705 ιε’.
2282 5646 2393 5705 Ἦν
2424 5650 2480 5703 δὲ
2531 5647 2705 5704 ταῦτα
2736 5652 2879 5705 τότε.
2909 5651 3018 5705 Kal
3054 5652 3188 5715 τέως
3228 5650 3329 5721 μὲν
3376 5650 3503 5722 περὶ
3537 5648 3667 5719 μίαν

2090 5745 2303 5817 ἡμέραν
2330 5745 2379 5799 οἱ
2406 5744 2666 5815 τέσσαρες
2701 5745 3038 5818 ῆτιμωμένοι
3086 5744 3334 5799 ἑάλωσαν
3358 5742 3518 5816 δῆθεν
3545 5739 3670 5806 ξυν-
