4084 6424
495 371 570 439 21
1226 374 1654 440 EUSTATHII
1683 371 2437 436 THESSALONICENSIS
2476 346 3036 437 memoremus
3686 379 3756 439 es

498 494 627 574 lum
653 496 837 568 ipsum
872 508 995 551 esse
1033 493 1410 564 proditurum,
1442 492 1843 563 propemodum
1884 490 1953 545 ad
1986 505 2070 545 ex-

2184 487 2278 543 τοῦ
2314 489 2553 560 μεγάλου
2574 489 2710 543 Θεοῦ
2741 490 2834 543 καὶ
2860 490 3109 560 Σωτῆρος
3138 490 3313 560 ήμῶν,
3341 490 3432 544 τοῦ
3459 492 3743 563 Χριστοῦ),

500 591 719 658 emplar
751 587 932 658 magni
968 582 1058 641 Dei
1088 595 1142 640 et
1176 583 1474 639 Salvatoris
1510 585 1706 647 nostri.
1735 580 1961 651 Christi)
2002 595 2072 636 ne

499 679 707 737 rediret
762 679 1100 748 sacrilegus,
1132 677 1187 731 in
1225 677 1309 729 via
1355 676 1422 729 ad
1470 675 1732 745 palatium
1783 682 2065 739 moratur;

498 770 677 827 Osculi
710 769 878 826 soluti
912 770 969 823 tit
996 767 1211 831 dilatio,
1246 782 1311 821 ac
1351 766 1795 836 procrastinatnr
1848 764 1903 817 in
1936 764 2072 817 alte-

504 876 626 916 rum
663 870 880 930 tempus
925 858 993 914 de
1035 874 1144 926 quo
1177 859 1381 913 certior
1415 856 1594 911 factus
1625 864 1712 911 est
1751 856 2070 923 imperator.

500 948 743 1018 Eratque
773 949 866 1000 illa
914 960 1213 1017 parasceve
1263 945 1555 1000 admodum
1608 944 1782 998 tristis
1829 940 2069 1012 generis,

500 1049 664 1110 atque
698 1037 1056 1099 hebdomadis
1086 1048 1212 1108 post
1245 1037 1592 1091 Dominicum
1625 1032 1854 1089 Pascha.
1887 1033 1944 1086 In
1968 1033 2073 1087 ista

499 1133 729 1188 collecta
772 1131 1151 1196 multitudine,
1185 1144 1291 1199 qua
1325 1130 1548 1186 solitum
1572 1137 1657 1184 est
1684 1137 1813 1183 tunc
1859 1126 2073 1197 impleri

496 1223 790 1294 palatium,
817 1222 1107 1293 perﬁcitur
1138 1230 1272 1275 tunc
1293 1222 1518 1290 quidem
1541 1220 1825 1288 amplexus
1851 1219 2067 1291 (super-

496 1314 684 1372 ﬂuitas
719 1313 1106 1384 inventionis),
1145 1312 1433 1382 perﬁcitur
1464 1311 1629 1368 simul
1676 1327 1740 1367 ac
1773 1319 2069 1375 secretum,

496 1406 781 1463 damnatio
812 1405 1142 1476 patriarcha:
1176 1420 1241 1459 ex
1274 1404 1548 1470 absentia,
1579 1403 1743 1458 modo
1792 1416 1918 1472 quo,
1944 1400 2069 1471 quis

498 1512 641 1567 aegre
669 1497 1037 1566 eloqueretur.
1075 1495 1319 1548 Aliorum
1354 1494 1500 1550 enim
1562 1490 2068 1563 archipresbytero-

501 1602 624 1643 rum
643 1586 919 1642 calliditas
939 1585 1008 1657 (si
1041 1585 1321 1641 fatendum
1344 1584 1461 1653 sit),
1485 1581 1717 1639 aliorum
1743 1583 2073 1638 verecundia

500 1680 574 1737 ob
604 1694 859 1749 magnum
897 1679 1176 1740 timorem,
1214 1677 1450 1731 aliorum
1484 1677 1671 1731 odium
1704 1674 1954 1730 insanum
1986 1690 2074 1728 ar-

498 1770 1013 1843 chipresbyteratus
1038 1769 1120 1823 sic
1149 1767 1308 1823 facile
1331 1776 1656 1838 peregerunt
1680 1780 1869 1821 casum
1901 1766 2071 1830 illius,

2178 584 2275 635 καὶ
2302 582 2494 635 ἐδεδίει
2523 582 2881 652 ἀνθρωτίνως
2912 585 3140 649 ἐκεῖνος,
3186 584 3585 654 εὐλαϐούμενος
3615 588 3734 640 ἀποι

2181 672 2347 737 ϐῆναι
2379 675 2739 742 κατάσχετος,
2767 675 2861 726 καὶ
2893 674 3107 745 ὤκνησε
3137 676 3236 745 τὴν
3268 677 3348 739 είς
3391 677 3459 730 τὰ
3502 677 3745 747 βασίλεια

2172 765 2323 818 ὀδόν·
2355 769 2570 830 γίνεται
2614 765 2852 835 ἀναϐολὴ
2896 767 2991 819 τοῦ
3043 768 3380 834 καθήκοντος
3424 769 3746 838 ἀσπασμοῦ,

2174 858 2270 911 καὶ
2302 857 2653 927 ὑπερτίθεται
2676 858 2754 921 είς
2785 859 2979 926 ἑτέραν
3004 857 3175 928 ὤραν,
3207 859 3641 930 μαθητευθεῖσαν
3674 860 3746 931 τῷ

2177 948 2409 1019 βασιλεῖ.
2445 950 2556 1004 Kai.
2583 944 2651 1020 ἦν
2680 950 2864 1021 ἐκείνη
2898 952 3252 1020 Παρασκευὴ,
3287 954 3382 1004 καὶ
3425 952 3614 1005 ἀλλοία
3652 954 3748 1023 μέν

2173 1056 2257 1099 τις
2288 1039 2486 1109 φαύλη,
2540 1041 2635 1093 καὶ
2666 1040 2961 1110 ἑϐδομάδος
2999 1042 3057 1094 δὲ
3090 1043 3187 1110 τῆς
3222 1044 3360 1111 μετὰ
3400 1041 3502 1112 τὴν
3532 1044 3747 1112 πασχά-

2174 1130 2287 1183 λιον
2328 1132 2616 1202 Κυριακήν
2643 1146 2659 1162 θ
2693 1132 2818 1185 καθ’
2865 1133 2932 1203 ἥν
2964 1131 3316 1199 συλλεγέντος
3346 1133 3439 1186 τοῦ
3489 1132 3747 1203 πλήθους,

2173 1220 2302 1274 ὅσον
2333 1222 2521 1275 εῖωθεν
2553 1223 2613 1275 ἐν
2644 1224 2761 1285 τοῖς
2791 1225 3057 1287 τοιούτοις
3087 1223 3333 1293 πληροῦν
3371 1224 3438 1277 τά
3474 1223 3749 1295 βασίλεια,

2173 1313 2416 1366 τελεῖται
2451 1313 2549 1383 μὲν
2576 1314 2671 1367 καὶ
2707 1313 2768 1367 τὸ
2800 1314 3153 1367 ἀσπάσασθαι
3178 1315 3260 1379 (τὸ
3295 1315 3628 1379 ἐπιπολάζον
3653 1317 3749 1383 τῆς

2177 1404 2474 1474 μηχανῆς),
2507 1405 2845 1459 συντελεῖται
2882 1404 2941 1459 δὲ
2966 1406 3061 1458 καὶ¹
3089 1406 3151 1458 τὸ
3185 1405 3437 1475 κρύφιον,
3469 1407 3502 1475 ή
3536 1406 3597 1470 ἐξ
3623 1407 3751 1475 ἐρή-

2178 1513 2286 1566 μης
2320 1495 2417 1549 τοῦ
2458 1497 2805 1568 πατριάρχου
2849 1498 3191 1569 καθαίρεσις,
3227 1499 3301 1563 ὡς
3335 1500 3434 1553 ούκ
3482 1498 3548 1553 ἂν
3587 1499 3752 1569 εὐφή-

2178 1604 2294 1657 μως
2326 1589 2498 1641 εἰπεῖν
2521 1588 2634 1659 ἔχοι
2660 1606 2763 1645 τις.
2792 1589 2912 1641 Τῶν
2941 1590 3038 1659 μὲν
3064 1591 3173 1659 γὰρ
3204 1593 3503 1661 ἀρχιερέων
3537 1590 3610 1658 (εί
3644 1593 3749 1660 χρὴ

2177 1679 2366 1747 φάναι)
2399 1680 2789 1750 κερδαλεότης,
2819 1680 2929 1734 τῶν
2979 1681 3036 1734 δὲ
3078 1682 3335 1734 εὐλάϐεια
3389 1681 3527 1734 κατὰ
3578 1682 3748 1733 ποὶὺν

2179 1765 2364 1834 φόϐον,
2411 1767 2520 1820 τῶν
2550 1767 2606 1820 δὲ
2649 1768 2744 1822 καὶ
2775 1770 2929 1836 μῖσος
2962 1768 3063 1821 οὐκ
3105 1770 3428 1837 ιεύλόγιστον
3476 1769 3619 1822 κατὰ
3654 1768 3749 1821 τοῦ

501 1829 703 1920 additis
733 1829 862 1918 aiiis
892 1863 1220 1933 quibusdam
1259 1829 1505 1926 senatus.
1538 1862 1827 1931 strepitum
1863 1862 2070 1915 facien-

2178 1858 2663 1929 ἀρχιερατεύοντος
2711 1858 2855 1913 οὕτω
2902 1860 3099 1930 ῥαδίως
3150 1861 3355 1926 ἤνυσαν
3388 1860 3489 1930 τὴν
3536 1859 3747 1913 ἐκείνου

430 1952 433 1957 ’
497 1956 670 2022 tibus,
709 1964 950 2025 quantus
987 1955 1111 2019 fuit,
1136 1971 1260 2010 cum
1290 1955 1432 2009 muri
1471 1953 1691 2009 Jericbo
1730 1953 1939 2009 obsessi
1989 1960 2076 2007 tu-

496 2049 585 2106 bis
617 2046 942 2104 sonantibus
969 2056 1321 2101 corruerunt.

2179 1949 2508 2020 καταϐολήν,
2538 1949 2935 2021 ἐπιτιθεμένων
2954 1957 3046 2005 καὶ
3075 1951 3184 2005 τῶν
3205 1970 3368 2007 τινων
3391 1954 3489 2022 τῆς
3513 1953 3751 2023 συγκλή-

2177 2058 2271 2094 του
2303 2041 2521 2111 βουλῆς,
2546 2042 3066 2110 κατακτυπούντων,
3090 2042 3166 2108 ὡς
3197 2045 3297 2098 οὐκ
3328 2045 3395 2099 ἂν
3422 2044 3541 2098 ούδέ
3584 2043 3748 2115 Ἱερι-

497 2137 753 2212 χούντεια
823 2138 978 2207 τείχη
1032 2135 1418 2207 κατηχούμενα
1477 2134 1768 2204 σάλπιγξιν
1828 2135 2069 2198 ἐκείναις
2101 2132 2352 2188 ἔπιπτον.

569 2228 659 2285 i9.
688 2230 759 2287 Ut
788 2228 918 2284 illud
938 2243 1157 2299 quoque
1180 2227 1418 2282 breviter
1440 2225 1738 2301 referatur,
1764 2228 1893 2295 (cur
1922 2225 2070 2280 enim

497 2322 716 2393 longum
740 2322 1005 2391 scriptum
1041 2320 1366 2390 prolongare
1384 2317 1452 2387 ί),
1477 2318 1716 2374 turbatio
1741 2332 1935 2388 magna
1957 2328 2074 2370 erat

497 2414 558 2471 in
589 2415 795 2486 palatio
818 2455 834 2480 ,
870 2421 1075 2483 quanta
1104 2420 1189 2467 est
1218 2426 1318 2482 pro
1366 2410 1475 2465 Deo
1504 2419 1728 2480 propter
1772 2409 1892 2479 ejus
1924 2410 2068 2463 νενί-

500 2514 689 2570 tatem,
723 2506 963 2575 itemque
988 2504 1174 2574 populi
1206 2502 1461 2569 civitatis,
1486 2516 1550 2556 ac
1577 2502 1750 2569 ipsius
1779 2500 2026 2555 ecclesia
2050 2540 2065 2566 ,

500 2595 670 2666 hujus
702 2594 849 2651 enim
900 2592 1059 2664 pauci
1094 2593 1150 2647 in
1185 2593 1289 2646 ista
1321 2593 1625 2654 irruerunt,
1656 2591 1907 2660 plerique
1939 2606 2069 2646 vero

500 2687 673 2744 Deum
708 2682 984 2741 habebant
1014 2684 1071 2738 in
1107 2682 1367 2739 omnibus
1400 2697 1510 2751 pra:
1534 2684 1734 2748 oculis,
1758 2683 2070 2738 eventibus-

498 2793 607 2848 que
629 2793 689 2834 se
715 2777 928 2832 fortiter
956 2776 1329 2846 apponebant.
1391 2773 1728 2828 Scinduntur
1774 2789 1926 2845 ergo.
1963 2774 2070 2828 Alii

493 2869 709 2941 iuniori
756 2869 1079 2939 imperatori
1128 2867 1523 2936 obsequuntur.
1552 2867 1847 2936 Postquam
1891 2876 2073 2921 autem

501 2984 673 3043 semel
703 2984 1119 3055 respondissent
1160 2983 1262 3047 illi,
1295 2990 1372 3045 et.
1397 2984 1604 3038 utinam
1636 2997 1744 3037 non
1777 2981 2071 3037 fecissent!

501 3074 827 3131 didicissent
853 3071 1262 3127 damnationem
1298 3070 1785 3141 archipresbyteri,
1825 3083 2076 3137 perman-

2250 2245 2338 2301 t0'.
2376 2247 2485 2301 Καὶ
2516 2246 2577 2301 τὸ
2615 2248 2825 2302 ἐκεῖθεν
2865 2247 3276 2319 βραχυλογικῶς
3313 2250 3407 2305 καὶ
3441 2251 3573 2307 αὐτὸ
3604 2253 3746 2308 ίστοο

2183 2336 2342 2406 ρῆσαι
2388 2339 2463 2407 (τί
2520 2338 2629 2409 γὰρ
2676 2341 3083 2412 ἀναμετρητέον
3141 2342 3208 2395 τὰ
3260 2344 3401 2410 πέρα
3458 2344 3746 2415 μέτρου;)

2175 2428 2414 2499 τάραχος
2442 2431 2617 2499 μέγας
2649 2431 2760 2484 τῶν
2789 2433 2881 2484 τοῦ
2923 2434 3207 2500 πσλατίου,
3240 2435 3367 2488 ὅσον
3393 2431 3460 2505 ἦν
3491 2438 3626 2506 πρὸς
3655 2436 3747 2489 τοῦ

2176 2517 2313 2571 Θεοῦ
2343 2519 2438 2571 καὶ
2461 2522 2558 2591 τῆς
2585 2520 2708 2575 κατ’
2739 2522 2901 2576 αὐτὸν
2928 2525 3205 2595 ἀληθείας,
3236 2527 3342 2579 τῶν
3371 2529 3464 2581 τοῦ
3490 2528 3618 2581 λαοῦ
3646 2528 3750 2599 τῆς

2178 2610 2403 2673 πόλεως,
2437 2611 2547 2664 τῶν
2574 2612 2746 2683 αὐτῆς
2793 2614 2857 2686 δὴ
2906 2617 3005 2686 τῆς
3045 2619 3361 2687 ἐκκλησίας.
3400 2620 3509 2673 Καὶ
3536 2621 3749 2689 ἐκείνης

2177 2701 2285 2769 γὰρ
2314 2702 2484 2769 ὀλίγοι
2513 2705 2953 2776 κατεσκίρτησαν
2983 2710 3076 2761 ἐπὶ
3095 2712 3207 2773 τοῖς
3239 2711 3556 2781 πραχθεῖσιν
3580 2727 3593 2741 ·
3622 2714 3668 2766 οἱ
3692 2710 3748 2766 δέ

2179 2806 2243 2858 γε
2276 2790 2494 2855 πλείους
2540 2794 2904 2865 προεωρῶντο
2946 2798 3038 2851 τὸν
3081 2800 3286 2869 Κύριον
3313 2800 3543 2854 ἐνώπιον
3569 2802 3747 2855 αὐτῶν

2178 2882 2265 2936 διὰ
2299 2883 2523 2951 παντὸς,
2576 2887 2669 2938 καὶ
2698 2886 2838 2940 κατὰ
2878 2887 2989 2941 τῶν
3032 2892 3440 2961 πεπραγμένων
3487 2892 3743 2960 ἐγίνοντο.

2181 2974 2390 3028 Οὐκοῦν
2420 2977 2515 3028 καὶ
2544 2976 2881 3047 μερίζονται.
2914 2978 3025 3033 Καὶ
3051 2980 3100 3032 oi
3137 2980 3236 3050 μὲν
3260 2979 3335 3050 τῷ
3370 2982 3556 3051 μικρῷ
3592 2982 3746 3051 βασι-

2178 3065 2260 3119 λεῖ
2281 3067 2616 3137 ἐκομίζοντο.
2638 3068 2749 3123 Καὶ
2769 3069 3025 3135 καθάπαξ
3042 3072 3515 3141 ύπαγορεύσαντες
3531 3073 3746 3143 ἐκείνῳ,

501 3174 699 3221 serunt
746 3166 798 3218 in
841 3164 1041 3233 quibus
1070 3170 1474 3232 peccaverunt,
1508 3159 1954 3225 institutionique
1986 3158 2070 3211 in-

2179 3160 2272 3211 καὶ
2302 3157 2377 3221 ὼς
2425 3159 2523 3212 ούκ
2557 3158 2786 3227 ὤφελον,
2837 3160 3147 3227 διδάξαντες
3192 3164 3291 3231 τὴν
3320 3162 3421 3225 τοῦ
3449 3164 3749 3234 ἀρχιερέως

500 3256 784 3320 stiterunt,
818 3270 1047 3325 puerum
1088 3254 1154 3308 ad
1185 3253 1492 3307 doctrinam
1524 3252 1843 3315 incitantes,
1883 3260 1940 3301 nt
1973 3251 2070 3303 ob—

2178 3248 2417 3318 ατιμίαν,
2462 3249 2728 3319 ἐπέμενον
2770 3248 2850 3317 οἷς
2898 3254 3336 3325 ἐκακούργησαν,
3376 3262 3468 3310 καὶ
3531 3257 3631 3327 τὴν
3674 3258 3750 3309 δι-

501 3362 726 3404 servare
801 3353 1231 3410 consueverant;
1308 3344 1658 3410 maximeque
1725 3341 2070 3409 omnipotens

2178 3338 2467 3393 δασκαλίαν
2499 3341 2883 3410 ἠσφαλίζοντο,
2912 3347 3118 3400 καὶτὸν
3148 3347 3314 3401 παῖδα
3338 3348 3417 3419 τῷ
3454 3349 3743 3418 μαθήματι

500 3446 717 3501 mater,
765 3443 997 3505 postque
1069 3434 1250 3498 illam,
1315 3435 1726 3501 protosebastus
1782 3428 1875 3497 qui
1949 3440 2070 3481 tunc

2178 3430 2551 3500 ἐνερείδοντες,
2579 3436 2765 3503 τηρεῖν
2792 3435 2924 3488 αὐτὸ
2953 3436 3151 3501 εῐθιζον
3175 3452 3190 3467 ·
3234 3438 3326 3490 καὶ
3353 3438 3587 3506 μάλιστα
3616 3441 3649 3510 ή
3681 3439 3741 3492 τὸ

502 3525 786 3579 nitebatur
841 3536 938 3592 per
996 3521 1282 3575 ecclesiam
1340 3519 1457 3573 fieri
1509 3528 1745 3586 potens,
1809 3516 2070 3586 juxtaque

2178 3520 2284 3571 πᾶν
2304 3520 2577 3592 δυναμένη
2611 3523 2814 3594 μήτηρ,
2851 3524 2989 3577 καὶὸ
3036 3524 3154 3592 μετ’
3193 3524 3361 3597 αὐτὴν
3390 3527 3745 3596 πρωτοσεϐα-

502 3612 848 3685 proverbium
876 3626 1111 3682 pugnam
1144 3626 1267 3664 cum
1298 3610 1620 3664 mulieribus
1659 3608 2004 3663 instituerat.

2178 3609 2321 3674 στὺς,
2361 3609 2390 3661 ὁ
2422 3611 2564 3665 κατὰ
2598 3612 2695 3681 τῆς
2736 3613 3032 3685 ἐκκλησίας
3075 3615 3196 3669 τότε
3252 3617 3552 3687 μελετήσας
3587 3618 3748 3672 δυνα-

501 3711 594 3772 τὸς
643 3708 921 3778 γενέσθαι,
964 3708 1060 3761 καὶ
1092 3708 1189 3760 σὺν
1219 3704 1433 3775 γυναιξὶ
1467 3706 1763 3775 συστήσας,
1797 3705 1938 3759 κατὰ
1978 3703 2075 3775 τήν
2108 3705 2428 3777 παροιμίαν,
2447 3706 2648 3778 μάχην.
2990 3751 2997 3756 .

570 3803 765 3857 20.1ιι
796 3802 1020 3872 quidam
1073 3808 1323 3870 egerunt,
1359 3802 1502 3856 malo
1553 3800 1827 3870 exemplo.
1881 3798 2070 3854 Caeteri

2252 3798 2323 3855 κ’.
2363 3802 2471 3855 Καὶ
2502 3802 2646 3857 οὕτω
2674 3804 2775 3875 μέν
2812 3816 2967 3869 τινες
2997 3807 3048 3860 οἱ
3095 3806 3190 3861 τοῦ
3248 3807 3325 3880 μὴ
3374 3808 3561 3863 καλοῦ.
3605 3810 3666 3864 Ol
3690 3809 3748 3864 δὲ

501 3908 636 3950 vero
684 3893 1011 3964 patriarchae
1050 3891 1463 3947 damnationem
1504 3890 1787 3958 dedentes,
1836 3890 2070 3947 infortu-

2178 3889 2352 3944 λοιποὶ
2402 3891 2496 3944 ἐπί
2546 3908 2609 3946 τε
2662 3892 2741 3964 τῷ
2782 3896 3170 3968 πατριαρχικῷ
3216 3899 3748 3965 καταστυγνάζοντες

500 3984 769 4055 niumque
808 3986 1111 4049 Caesarum,
1144 3984 1452 4051 calamitate
1483 3998 1676 4055 magna
1712 3998 1775 4039 ac
1806 3984 1957 4038 luctu
2013 3983 2070 4036 tl-

2178 3979 2627 4052 δισπραγήματι,
2677 3983 2771 4036 ἐπί
2797 4000 2858 4036 τε
2892 3988 2958 4055 τῇ
3007 3985 3114 4040 τῶν
3147 3988 3437 4057 Καισάρων
3465 3988 3746 4059 δυστυχίᾳ,

503 4078 684 4132 niunt.
740 4073 811 4131 Ut
849 4076 995 4131 enim
1052 4076 1294 4131 breviter
1344 4075 1566 4142 dicam;
1613 4074 1813 4130 bellum
1850 4090 2067 4130 sacrum

2178 4073 2577 4141 καταλήγουσιν
2615 4076 2695 4138 είς
2725 4074 2895 4128 κακὸν
2927 4076 3070 4145 μέγα
3112 4079 3207 4130 καὶ
3244 4078 3529 4132 οἴκτιστον.
3560 4079 3750 4133 Είπεῖν

504 4166 700 4232 initur,
744 4174 802 4239 ut
835 4165 1235 4221 rationabiliter
1265 4176 1449 4233 posset
1475 4165 1605 4221 dici.
1631 4164 1781 4220 Intus
1814 4164 1869 4220 in
1902 4166 2070 4221 eccle-

2178 4161 2284 4231 γὰρ
2321 4163 2379 4213 ἐν
2420 4161 2779 4234 βραχυτάτην
2808 4165 3046 4235 πόλεμος
3072 4168 3348 4237 κροτείται
3380 4167 3542 4237 ἱερὸς,
3575 4170 3649 4232 ὡς
3681 4170 3750 4223 ἂν

501 4257 585 4312 sia
612 4272 673 4313 se
689 4256 944 4310 muniunt
964 4256 1121 4329 quasi
1148 4257 1202 4310 in
1233 4256 1541 4321 obsidione,
1560 4256 1751 4322 armis,
1778 4257 2070 4327 imperato-

2181 4253 2405 4321 καιρίως
2433 4255 2566 4323 φαίη
2616 4272 2718 4318 τις.
2749 4256 2860 4309 Ka‘.
2891 4256 3276 4324 στεγανοῦνται
3309 4259 3407 4328 μὲν
3435 4260 3483 4311 οί
3516 4260 3615 4329 τῆς
3656 4264 3748 4312 ἐκ·

503 4349 575 4404 rii
615 4363 743 4404 vero
790 4347 927 4403 foris
986 4348 1250 4418 impetum
1290 4347 1501 4403 faciunt
1553 4347 1709 4403 multi
1762 4362 1827 4402 ac
1873 4347 2069 4404 fortes.

2182 4343 2411 4412 κλησίας
2438 4343 2587 4406 ἐντὸς
2616 4344 2692 4407 ὡς
2723 4345 2832 4405 ,ἐπὶ
2864 4346 3149 4417 πολιορκία
3198 4348 3320 4418 μεθ’
3356 4348 3535 4401 ὃπλων
3558 4363 3573 4377 ⁸
3601 4352 3653 4402 oi
3689 4350 3750 4402 δὲ

500 4439 622 4497 Non
651 4441 809 4512 pauci
841 4454 1033 4495 eorum
1064 4442 1159 4510 qui
1196 4449 1326 4496 sunt
1372 4441 1427 4495 in
1459 4441 1694 4496 ecclesia
1726 4439 1951 4503 cadunt,
1987 4439 2070 4496 in-

2181 4431 2451 4501 βασιλικοὶ
2479 4432 2678 4497 ἔξωθεν
2709 4436 3087 4502 ἐπιπίπτουσι,
3135 4439 3229 4491 κα)⁵
3262 4437 3449 4493 πολλοὶ
3489 4440 3584 4493 καὶ
3622 4458 3747 4510 γεν-

503 4501 717 4588 numeri
743 4547 874 4587 vero
929 4501 1293 4603 imperatorii.
1334 4531 1506 4604 Hujus
1536 4547 1731 4604 pugna:
1758 4501 1970 4600 aliquid
2010 4530 2065 4585 in

2178 4525 2338 4578 ναῖοι.
2378 4524 2486 4576 Καὶ
2514 4524 2769 4577 πίπτουσι
2815 4527 2914 4595 μὲν
2943 4529 3039 4579 οὐκ
3071 4528 3241 4596 ὀλίγοι
3286 4529 3393 4582 τῶν
3425 4531 3483 4581 ἐν
3539 4532 3601 4599 τῇ
3654 4533 3749 4581 ἐκ-

504 4621 686 4679 forum
724 4621 1004 4676 transivit.
1035 4619 1236 4676 Multos
1266 4622 1628 4692 apprehendit
1662 4635 1844 4690 pugna
1890 4619 2065 4688 impe-

2178 4612 2395 4683 κλησίᾳ,
2426 4613 2534 4666 τῶν
2562 4615 2621 4667 δὲ
2658 4615 2951 4682 βασιλικῶν
2979 4618 3267 4686 ἀμύθητοι.
3289 4620 3451 4690 Διέϐη
3473 4619 3530 4672 δέ
3563 4638 3616 4673 τι
3649 4619 3745 4673 τοῦ

503 4712 728 4770 ratoris.
759 4712 884 4766 aliis
913 4711 1139 4781 quidem
1189 4712 1411 4766 diverse
1445 4711 1658 4774 nocuit,
1693 4711 1831 4765 altos
1862 4723 1994 4762 vero
2041 4721 2070 4762 e

2178 4703 2420 4755 τοιούτου
2461 4704 2633 4756 κακοῦ
2667 4706 2761 4757 καὶ
2798 4708 2878 4764 είς
2910 4708 3009 4777 τὴν
3038 4710 3266 4778 ἀγοράν.
3300 4710 3373 4761 Τὸ
3402 4710 3507 4780 γὰρ
3536 4710 3745 4779 βασιλι-

500 4803 614 4857 vita
663 4802 885 4870 eripuit.
938 4801 1125 4871 Longe
1172 4804 1391 4871 lateque
1416 4801 1697 4871 impletum
1745 4811 1834 4855 est
1884 4798 2069 4853 odium

2179 4793 2272 4844 κὸν
2309 4795 2655 4863 συμμαχικὸν
2693 4797 2907 4859 πολλοῖς
2938 4801 3270 4871 ἐνεπήδησε·
3323 4805 3416 4854 καὶ
3465 4804 3589 4855 τοὺς
3643 4808 3744 4871 μὲν
3847 4866 3856 4875 ,

505 4896 895 4965 imperatricis,
926 4908 1229 4964 omnesque
1278 4894 1451 4949 ferme
1497 4893 1630 4946 illud
1664 4890 1873 4961 experti
1922 4896 2068 4941 sunt.

2178 4882 2351 4946 ἄλλως
2381 4884 2600 4953 ἔϐλαψε,
2622 4891 2771 4950 τινὰς
2797 4888 2851 4939 δὲ
2886 4891 2977 4941 καὶ
3000 4891 3094 4942 τοῦ
3121 4892 3218 4962 ζῇν
3243 4894 3548 4963 ἀπήγαγεν.
3585 4894 3750 4947 ὐθεν

500 4985 613 5042 Ora
645 4986 888 5041 omnium
928 4986 1150 5040 nomine
1183 4985 1308 5055 ejus
1336 4982 1715 5054 replebantur,
1744 4995 1851 5036 non
1881 4979 1934 5032 in
1978 4978 2071 5030 be-

503 5076 895 5140 nedictionem,
930 5085 1099 5145 atque
1126 5074 1182 5129 in
1210 5074 1415 5129 malum
1446 5072 1597 5128 illius
1630 5069 2067 5141 depositionem-

503 5183 611 5238 que
647 5168 1061 5237 conspirabant.

2177 4978 2271 5029 καὶ
2307 4978 2608 5029 πλατυνθέν
2635 4980 2695 5029 τὺ
2719 4980 2887 5033 κακὸν
2916 4981 3185 5052 ἐπλήθυνε
3210 4984 3271 5036 τὸ
3294 4985 3439 5038 κατὰ
3469 4984 3568 5054 τῆς
3595 4985 3751 5054 βασι-

2178 5066 2316 5128 λίδος
2368 5069 2543 5134 μῖσος,
2579 5070 2670 5120 καὶ
2714 5070 2934 5139 ἦπλωσε
2988 5074 3186 5144 μικροῦ
3217 5076 3325 5127 δεῖν
3356 5076 3433 5137 είς
3480 5074 3746 5137 ἅπαντας.

2182 5158 2288 5210 Kal.
2316 5156 2511 5228 ἔγεμον
2536 5162 2705 5230 αὐτῆς
2731 5164 2798 5214 τὰ
2830 5167 3049 5218 πάντων
3080 5167 3348 5236 στόματα,
3378 5169 3478 5221 οὐκ
3502 5171 3580 5232 εἰς
3608 5169 3747 5237 ἀγα-

505 5259 619 5321 θὸν,
644 5258 738 5311 καὶ
765 5257 1109 5311 ἐϐουλεύοντο
1136 5254 1207 5310 τὰ
1236 5255 1317 5319 είς
1338 5253 1585 5309 κάκωσιν
1612 5250 1781 5319 αὐτῆς
1806 5251 1898 5302 καὶ
1928 5245 2251 5301 ἀπόστασιν.

574 5351 668 5405 2f.
701 5348 757 5403 In
795 5349 880 5405 bis
911 5365 1034 5419 quae
1073 5349 1253 5403 solent
1282 5346 1421 5415 fieri,
1454 5361 1563 5402 non
1613 5345 1789 5399 solum
1831 5341 2075 5395 vindicta

500 5441 861 5511 expetebatur
890 5456 955 5493 ex
1004 5440 1391 5510 praesentibus,
1413 5438 1507 5492 sed
1558 5436 1721 5490 etiam
1773 5435 1823 5488 in
1855 5434 2070 5501 longiu-

499 5548 672 5605 quum
699 5533 1058 5603 cogitationes
1089 5547 1148 5586 se
1178 5530 1567 5585 extendebant.
1594 5527 1707 5581 illis
1742 5527 1797 5579 in
1835 5537 2069 5579 mentem

498 5629 656 5680 venit
682 5623 1003 5678 Comnenus
1033 5622 1408 5685 Andronicus,
1443 5635 1606 5689 quem
1653 5618 1905 5687 superius
1955 5630 2071 5667 me-

504 5714 869 5770 moravimus.
918 5711 975 5766 In
1015 5712 1125 5766 illis
1158 5713 1301 5764 enim
1333 5709 1624 5764 eventibus
1670 5708 1827 5762 fortis
1877 5707 2069 5769 miles,

506 5804 772 5859 auxilium
807 5802 1159 5870 salvatorque
1182 5801 1408 5854 futurus
1441 5799 1750 5863 videbatur,
1774 5814 1883 5854 non
1914 5812 1983 5852 eo
2013 5802 2071 5849 ut

507 5894 785 5953 laboraret
813 5892 881 5950 ad
910 5892 1018 5951 sibi
1048 5891 1438 5949 vindicandum
1480 5891 1669 5963 jugum
1704 5890 1941 5963 imperii,
1974 5888 2070 5946 sed

2251 5345 2357 5402 xa'.
2405 5348 2597 5402 Ὅποῖα
2635 5350 2692 5403 δὲ
2732 5352 2791 5402 ἐν
2837 5354 2949 5413 τοῖς
2991 5352 3259 5417 τοιούτοις
3309 5354 3453 5422 φιλεῖ
3477 5355 3746 5424 γίνεσθαι,

2181 5437 2241 5488 ού
2271 5440 2432 5506 μόνον
2457 5439 2521 5490 ἐκ
2549 5439 2658 5492 τῶν
2688 5442 2837 5509 παρὰ
2870 5442 3036 5503 πόδας
3065 5443 3383 5513 ἐπορίζοντο
3406 5448 3475 5499 τά
3499 5449 3577 5510 εἰς
3604 5449 3747 5519 ἄμυ-

2178 5543 2292 5589 ναν,
2336 5528 2471 5581 ἀλλὰ
2508 5531 2603 5582 καὶ
2655 5532 2735 5593 είς
2800 5532 2870 5583 τὰ
2923 5533 3206 5604 πόρρωθεν
3254 5538 3574 5603 ἀνεϐίϐαζον
3621 5545 3748 5605 τοὶς

2180 5617 2493 5686 λογισμούς.
2537 5622 2647 5675 Καὶ
2689 5621 2853 5693 ἀνέϐη
2894 5624 3080 5691 αὐτοῖς
3115 5626 3208 5679 ἐπὶ
3238 5627 3361 5681 νοῦν
3406 5630 3433 5681 δ
3465 5631 3747 5701 Κομνηνὸς

2193 5708 2549 5779 Ἀνδρόνικος,
2580 5710 2639 5763 ὃν
2671 5710 2783 5764 ἄνω
2806 5712 2898 5766 τοῦ
2930 5714 3090 5783 λόγου
3122 5718 3562 5788 παρεῤῥίψαμεν.
3599 5720 3744 5772 Ἐδό-

2179 5815 2266 5852 κει
2323 5800 2433 5871 γὰρ
2489 5800 2788 5872 ἀξιόμαχος
2844 5803 3135 5876 ἐπίκουρος
3183 5807 3623 5878 ἀναφανήσεσθαι
3675 5807 3743 5862 ἂν

2181 5893 2317 5963 πρὸς
2344 5893 2412 5947 τὰ
2439 5892 2804 5965 ξυμπεσόντα,
2838 5895 2931 5951 καὶ
2966 5897 3304 5965 ἀλεξίκακος,
3331 5900 3425 5970 οὐχ
3458 5899 3596 5955 ὥστε
3629 5896 3737 5970 μὴν
