4084 6438
465 397 531 464 31
1186 398 1607 460 EUSTATHII
1640 396 2409 459 THESSALONICENSIS
2444 396 3011 457 METROPOLIT.E
3670 392 3743 455 32

463 511 764 568 novissime
793 519 986 579 nupta,
1010 523 1184 578 eoque
1209 523 1333 562 mox
1367 509 1607 576 repulso,
1630 523 1740 562 non
1767 523 1834 561 ex
1859 515 2054 562 natura

2169 508 2325 576 qu’w
2346 508 2621 578 Θεόδωρον
2654 508 2880 578 ὕστερον
2909 510 2989 571 είς
3011 506 3179 577 ἄνδρα
3201 507 3464 577 λαϐοῦσα,
3488 511 3745 582 καὶταχῦ

469 605 690 666 εισι-(ειη,
717 611 779 656 ιιι
799 601 978 665 aiunt,
1007 599 1199 654 nullibi
1230 598 1440 669 paruit,
1481 608 1845 667 accurateque
1879 598 2065 667 requi-

465 713 491 752 s
516 707 568 750 ta
593 695 714 750 fuit.
736 694 888 749 Clam
908 706 1043 747 vero
1073 708 1135 746 ex
1172 691 1406 746 ecclesia
1423 690 1489 745 ad
1513 702 1720 760 patrem
1743 691 1954 761 fugerat
1973 689 2060 743 Si-

467 804 648 858 nopen
669 826 686 852 ,
737 798 1026 858 postquam
1070 784 1144 838 ibi
1170 798 1294 837 eum
1324 798 1451 839 esse
1483 784 1751 849 novisset,
1775 795 1832 838 et
1862 783 2062 838 itinere

467 893 733 952 prospero
777 893 873 933 usa
898 888 1005 939 est,
1032 884 1093 931 ut
1142 877 1233 930 vix
1265 875 1349 929 vir
1396 874 1818 931 solertissimus.
1844 874 2059 929 Etenim

467 984 663 1028 natura
686 971 974 1026 videbatur
1010 978 1129 1025 arte
1158 967 1400 1039 fugiendi
1433 967 1582 1023 illam
1606 982 1835 1023 ornasse
1863 983 2059 1039 quem-

466 1066 756 1121 admudum
806 1072 861 1118 et
900 1071 1133 1133 patrem,
1179 1062 1272 1131 qui
1311 1060 1438 1116 felix
1472 1061 1575 1115 dici
1633 1069 1806 1130 potest
1857 1062 1911 1114 in
1952 1062 2061 1113 vita

465 1174 587 1222 sua,
645 1156 791 1226 quod
834 1155 972 1225 fugit
1028 1155 1285 1223 quodque
1341 1168 1402 1208 se
1452 1161 1842 1223 persequentes
1895 1167 1925 1204 a
1976 1151 2060 1204 via

466 1249 780 1305 declinavit.
830 1246 969 1302 Filia
1019 1246 1133 1301 htec
1165 1260 1297 1317 ergo
1326 1260 1451 1299 cum
1493 1246 1677 1299 animo
1707 1245 1849 1299 virili
1900 1246 2060 1299 aufu-

466 1344 662 1413 gisset,
714 1352 884 1408 seque
912 1335 1056 1407 patri
1105 1335 1502 1404 coniunxisset,
1532 1349 1762 1402 qumque
1783 1332 1848 1386 ad
1869 1331 2061 1386 civita—

465 1442 577 1489 tem
616 1431 892 1502 pertinent
936 1434 1254 1488 narrasset,
1303 1425 1434 1491 alia,
1487 1440 1612 1495 quae
1668 1437 1949 1492 nunquam
1991 1437 2057 1477 ex

468 1523 619 1577 illius
651 1520 817 1576 corde
865 1518 1035 1573 deleri
1060 1526 1335 1587 poterunt,
1363 1516 1607 1585 scripsit,
1644 1515 1821 1582 ipsum
1853 1516 2061 1569 addens

466 1623 590 1683 post
626 1614 791 1667 Deum
822 1610 944 1665 εωιι
976 1617 1284 1663 terrestrem
1317 1621 1440 1661 esse
1481 1606 1642 1660 deum
1673 1605 2062 1659 Constantino-

464 1700 608 1771 polis
640 1698 872 1752 civibus.
909 1696 1020 1752 Hoc
1044 1697 1307 1764 scriptum
1345 1694 1591 1749 fausmm
1625 1710 1769 1762 saepe
1794 1694 2058 1750 evolvens

466 1789 821 1844 Andronicus
846 1801 1169 1857 semperque
1197 1785 1470 1839 meditans
1518 1784 1733 1839 diversa
1769 1785 1819 1836 in
1854 1794 2059 1847 mente,

2166 599 2541 663 ἀποϐαλοῦσα,
2587 601 2647 652 ού
2688 599 2810 653 καθ’
2856 599 3071 669 είρμὸν,
3113 600 3190 662 ὼς
3230 600 3468 669 λέγεται,
3502 603 3744 671 φύσεως,

2166 691 2420 759 ἐφαίνετο
2453 691 2692 761 οὐδαμοῦ
2726 693 2822 745 καὶ
2871 693 2979 762 μὴν
3011 693 3403 763 ἀνεψηλαφᾶτο
3447 696 3570 748 κατ’
3618 697 3745 749 ἑπι-

2168 785 2411 853 μέλειαν.
2456 780 2567 838 Ἦν
2614 784 2673 837 δὲ
2727 786 2759 852 ἡ
2817 784 2989 853 αὐτῆς
3034 785 3397 852 ἐκκλησίαθεν
3445 787 3743 859 ἀποκρυϐὴ

2165 875 2312 945 φυγὴ
2362 881 2496 946 πρὸς
2546 877 2637 930 τὸν
2667 877 2884 946 πατέρα
2918 877 3024 940 ἕως
3056 878 3151 931 καὶ
3179 880 3260 940 εἰς
3304 878 3577 949 Σινώπην,
3615 879 3746 933 ἔνθα

2163 973 2371 1024 ἐκεῖνον
2395 972 2539 1040 ἒγνω
2572 969 2715 1025 εἶναι
2738 989 2752 1004 ·
2787 972 2881 1026 καὶ
2911 972 3072 1043 ἔσχεν
3094 973 3317 1037 εύόδως,
3349 974 3425 1038 ὼς
3450 975 3549 1028 οὐκ
3573 974 3639 1028 ἀν
3657 992 3746 1040 τις

2162 1062 2282 1116 οὐδὲ
2311 1063 2452 1134 ἀνὴρ
2481 1063 2822 1129 δεξιώτατος.
2876 1065 3063 1117 Ἐοικε
3113 1065 3220 1135 γὰρ
3253 1067 3285 1137 ἡ
3322 1065 3487 1135 φύσις
3532 1066 3745 1133 φιλοτι-

2165 1154 2444 1223 μήσασθαι
2493 1155 2588 1207 καὶ
2634 1155 2774 1225 αὐτῇ
2817 1155 3014 1226 τέχνην
3060 1156 3155 1210 τοῦ
3190 1157 3442 1226 φεύγειν,
3488 1157 3744 1229 καθάπερ

2161 1244 2257 1297 καὶ
2285 1244 2364 1316 τῷ
2397 1245 2588 1314 πατρὶ,
2622 1245 2680 1299 δν
2707 1246 2908 1317 μικροῦ
2932 1246 2999 1301 ἂν
3024 1247 3195 1321 δεήσῃ
3226 1265 3312 1312 τις
3333 1250 3527 1314 εἰπεῖν,
3553 1251 3629 1313 ὡς
3654 1250 3745 1306 διὰ

2165 1335 2282 1405 βίου
2315 1337 2600 1403 κατώρθου
2632 1336 2692 1389 τὸ
2716 1338 2809 1391 καὶ
2837 1338 3016 1407 φυγὰς
3046 1334 3187 1391 εἶναι
3220 1339 3315 1392 καὶ
3344 1339 3744 1411 διαδιδράσκειν

2161 1427 2290 1490 τοὺς
2317 1427 2633 1498 ἐπιτρέχειν
2652 1427 2957 1492 ἐθέλοντας.
2994 1429 3057 1481 Ἥ
3082 1428 3264 1483 τοίνυν
3288 1427 3532 1499 θυγάτηρ
3555 1427 3741 1497 ἐκείνη

2160 1515 2334 1581 οὓτως
2366 1517 2738 1591 ἀνδρισαμένη
2784 1518 2856 1572 τὰ
2896 1522 2978 1582 είς
3016 1519 3282 1589 δρασμὸν,
3315 1520 3411 1574 καὶ
3442 1521 3522 1582 είς
3564 1518 3623 1573 ἒν
3651 1535 3745 1587 γε-

2162 1611 2366 1680 νομένη
2399 1609 2477 1679 τῷ
2507 1610 2702 1678 πατρὶ,
2754 1612 2849 1663 καὶ
2889 1612 2958 1664 τὰ
2991 1610 3090 1681 τῆς
3136 1612 3350 1674 πόλεως
3387 1628 3743 1682 περιηγησαο

2166 1700 2327 1770 μένη,
2374 1699 2444 1754 τά
2462 1717 2519 1752 τε
2550 1700 2686 1754 ἄλλα
2711 1700 3015 1771 ἐνέγραψεν
3051 1702 3132 1765 είς
3169 1701 3574 1757 ἁναπάλειπτον
3593 1703 3739 1756 ὲκεί-

2163 1809 2257 1846 νου
2287 1792 2458 1863 ψυχῇ,
2506 1793 2600 1847 καὶ
2647 1794 2732 1847 ὅτι
2773 1793 2833 1846 δὲ
2880 1793 3000 1856 Θεὸς
3024 1795 3139 1856 τοῖς
3171 1793 3744 1848 Κωνσταντινουπολί-

476 1900 588 1938 uno
622 1880 912 1936 ratiocinio
956 1878 1328 1940 convincitur,
1362 1877 1504 1944 quod
1544 1878 1727 1929 omnia
1754 1875 1810 1929 in
1842 1876 2054 1929 ruinam

2162 1860 2494 1946 amentiae;
2548 1882 2681 1954 napi.
2709 1884 2812 1954 γῆν
2866 1883 3005 1953 μετά
3054 1883 3146 1936 τὸν
3176 1883 3450 1956 οὐράνιον.
3487 1886 3599 1939 Καὶ
3643 1885 3744 1956 τὴν

465 1977 682 2032 evertit.
724 1970 854 2026 Inde
889 1975 1034 2025 enim
1083 1969 1397 2039 aggreditur
1439 1968 1841 2038 imperatricem
1894 1976 2057 2036 atque

467 2068 941 2138 protosebastum;
968 2063 1323 2130 conqueritur
1340 2058 1540 2114 litteris
1569 2072 1731 2129 atque
1754 2072 1851 2113 ore
1880 2057 2051 2129 quod,

468 2158 834 2229 imperatoria:
880 2154 1160 2225 dignitatis
1224 2152 1568 2207 sanctitatem
1642 2149 1787 2206 [inde
1850 2165 2054 2221 caupo-

470 2260 688 2314 nantes,
726 2247 1075 2303 contumeliis
1135 2243 1304 2298 lilium
1356 2244 1706 2313 imperatoris
1750 2240 2049 2297 aﬂieerent.

461 2346 661 2414 iocans
706 2345 1028 2411 minansque
1076 2340 1192 2394 haec
1246 2338 1431 2394 omnia
1484 2340 1716 2391 invicem
1771 2347 2051 2406 expertus.

467 2435 540 2493 Ut
567 2435 891 2504 loquebatur
927 2430 1278 2486 faiiiiliariter
1308 2428 1554 2483 omnium
1616 2427 2050 2496 imlignationem

468 2528 822 2598 reprimebat.
857 2523 1057 2579 Deinde
1080 2521 1426 2586 hortabatur,
1449 2518 1545 2574 sed
1577 2534 1684 2573 non
1704 2518 2053 2583 audiebatur,

464 2637 533 2678 eo
580 2616 730 2690 quod
779 2613 1144 2672 intolerabilia
1181 2612 1419 2681 iuberet.
1468 2610 1743 2682 Imprimis
1790 2626 1851 2679 se
1892 2611 2058 2682 jacti-

465 2724 545 2770 tat
574 2713 711 2769 nihil
740 2711 881 2767 velle
914 2709 1018 2765 nisi
1044 2707 1345 2761 vindictam
1394 2707 1540 2776 regis
1566 2720 1582 2771 ;
1607 2703 1795 2760 omnia
1825 2721 1947 2776 qua:
1972 2705 2054 2759 di-

461 2805 726 2871 ctitabat,
757 2812 1026 2874 praecepta
1057 2799 1226 2855 fuisse
1255 2815 1287 2853 a
1323 2800 1483 2854 beato
1511 2798 1779 2862 Mauuele,
1831 2812 1890 2852 se
1919 2812 2054 2867 quo-

465 2916 574 2971 que
610 2899 789 2969 ipsum
823 2894 1004 2950 tutelae
1033 2890 1248 2964 pondus
1285 2892 1448 2946 ferre.

2165 1975 2467 2048 καρδιακὴν
2478 1976 2696 2048 γραφὴν
2722 1975 2931 2047 ταύτην
2952 1977 3248 2031 ἀνελίττων
3266 1979 3440 2047 συχνά
3458 1981 3486 2033 ὁ
3517 1978 3740 2047 Ἀνδρό-

2165 2085 2337 2133 νικος,
2372 2072 2467 2122 καὶ
2499 2067 2886 2137 διαλογισμοὺς
2917 2067 3266 2134 ἀναϐιϐάζων
3308 2071 3397 2124 ἀεὶ
3439 2073 3501 2123 ἐν
3542 2071 3744 2143 καρδίᾳ

2166 2160 2468 2224 ποικίλους,
2497 2162 2789 2214 ὲκνικᾶται
2820 2160 3070 2231 λογισμῷ
3099 2161 3203 2225 ἑνὶ,
3230 2162 3289 2225 ὃς
3316 2163 3377 2216 τὸ
3410 2164 3634 2235 σύμπαν
3664 2166 3746 2229 είς

2165 2251 2376 2321 φθοράν
2406 2251 2699 2318 ὲκύκησεν.
2760 2250 3095 2321 Ἀρξάμενος
3123 2252 3233 2323 γὰρ
3271 2253 3484 2307 ἐκεῖθεν
3507 2255 3744 2324 ἀκροϐο-

2155 2344 2401 2408 λίζεσθαι
2430 2344 2573 2397 κατά
2593 2343 2693 2412 τῆς
2724 2342 2997 2413 βασιλίδος
3026 2345 3119 2396 καὶ
3142 2345 3237 2398 τοῦ
3262 2347 3744 2415 πρωτοσεϐαστοῦ,

2159 2437 2254 2489 καὶ
2270 2434 2511 2505 μέμψεις
2525 2435 2860 2505 ἐπιπέμπειν
2878 2434 2969 2488 διά
2984 2453 3043 2489 τε
3055 2438 3405 2506 γραμμάτων
3424 2438 3520 2493 καὶ
3541 2441 3747 2510 στομά-

2156 2544 2286 2588 των,
2315 2526 2388 2589 ὡς
2423 2527 2534 2597 ἄρα
2561 2526 2622 2579 τὸ
2645 2527 2743 2596 τῆς
2770 2526 3053 2597 βασιλείας
3085 2527 3378 2599 καθάρειον
3407 2530 3745 2600 καπηλεύον-

2159 2635 2250 2681 τες
2281 2617 2602 2687 παροινοῦσι
2626 2618 2769 2671 κατά
2787 2617 2883 2672 τοῦ
2910 2619 3179 2690 βασιλέως
3211 2620 3425 2687 παιδὸς,
3461 2622 3558 2676 καὶ
3598 2622 3745 2676 σκὼ-

2161 2727 2335 2776 πτων,
2368 2710 2462 2762 καὶ
2492 2709 2915 2780 ἀπειλούμενος,
2962 2714 3057 2765 καὶ
3090 2711 3201 2765 τῶν
3230 2712 3432 2783 ὁμοίων
3465 2711 3623 2777 αὖθις
3650 2713 3747 2767 ἀν-

2162 2802 2585 2872 τιπειρώμενος,
2631 2805 2727 2856 καὶ
2776 2797 2866 2857 οἷα
2915 2802 3105 2871 ἔλεγεν
3151 2805 3463 2871 ἐπακούων,
3505 2806 3578 2867 ὠς
3629 2805 3745 2868 τοῖς

2162 2894 2543 2965 ὑβριζομένοις
2597 2894 2858 2966 ἤρεσκεν,
2906 2893 3026 2950 εἶτα
3081 2901 3178 2951 καὶ
3226 2897 3514 2967 παραινῶν
3557 2897 3741 2971 δῆθεν⁹

465 2997 673 3067 καὶμὴ
704 2991 1153 3060 είσακουόμενος.
1200 2988 1285 3041 ὃτι
1333 2986 1469 3057 μηδὲ
1500 2976 1570 3053 ἦν
1602 2982 1915 3036 ἐπιτάσσων
1946 2982 2183 3053 φορητὰ,
2244 2986 2569 3056 ὲκμαίνεται
2652 2987 2737 3050 εἰς
2778 2986 2898 3041 ὁδὸν
2965 2988 3042 3052 ὡς
3087 2989 3181 3042 ἐπὶ
3223 2990 3404 3061 ἀμύνῃ
3469 2992 3536 3061 τῇ
3602 2989 3746 3052 ὑπὲρ

463 3088 562 3146 τοῦ
613 3087 903 3159 βασιλέως,
943 3078 1033 3137 οἷα
1083 3083 1181 3134 καὶ
1229 3079 1641 3151 φημιζόμενος,
1689 3075 2044 3146 ἐπιτετάχθαι
2082 3078 2219 3148 πρὸς
2264 3078 2362 3133 τοῦ
2401 3080 2676 3151 μακαρίου
2704 3080 2991 3152 Μανουὴλ,
3023 3082 3413 3155 συνδιαφέρειν
3477 3085 3575 3139 καὶ
3641 3088 3747 3144 αὐ⁴

463 3183 560 3244 τδς
592 3179 655 3233 τὸ
680 3178 847 3249 βάρος
879 3178 976 3246 τῆς
1009 3172 1338 3244 ἐπιτροπῆς.

537 3320 632 3376 25.
671 3312 1051 3385 Megalopolim
1090 3310 1222 3364 hinc
1249 3308 1417 3379 erepit
1448 3320 1673 3379 pergere
1706 3304 2052 3360 Andronicus

2224 3307 2323 3356 κε’.
2358 3300 2467 3394 Καὶ
2494 3297 2643 3394 ἧνᾉή
2680 3303 2777 3357 τοῦ
2823 3304 3169 3377 Ἀνδρονίκου
3217 3308 3300 3372 είς
3344 3308 3444 3381 τὴν
3487 3310 3743 3380 Μεγαλό-

466 3418 765 3485 imperator
801 3417 982 3462 motus
1031 3412 1179 3460 metu
1241 3419 1308 3458 ne
1354 3417 1556 3473 parvus
1609 3400 1836 3455 Alexius
1879 3398 2053 3452 vindi-

465 3519 612 3562 ctam
643 3499 942 3572 aliquando
964 3506 1109 3552 esset
1131 3504 1474 3565 sumpturus,
1500 3507 1688 3547 revera
1704 3500 1884 3546 autem
1906 3491 2051 3559 quod

466 3599 769 3672 imperator
816 3598 1139 3661 praemature
1170 3594 1420 3640 mortuus
1447 3591 1566 3638 erat
1612 3583 1756 3637 malo
1803 3583 2051 3651 augurio.

469 3689 715 3745 Cullecto
764 3696 897 3752 ergo
964 3678 1209 3735 exercitu
1235 3716 1251 3743 ,
1285 3675 1481 3746 partim
1510 3674 1798 3740 terrestri,
1853 3677 2052 3745 partim

469 3779 679 3844 navali,
727 3789 853 3831 cum
921 3771 1098 3843 copiis
1145 3785 1283 3839 quas
1324 3767 1561 3823 habebat
1603 3774 1819 3837 (tenues
1871 3776 2052 3821 autem

470 3870 673 3938 erant),
725 3866 1029 3937 processit,
1058 3862 1221 3916 modo
1280 3860 1556 3921 celeriter,
1614 3857 1776 3912 tundo
1822 3858 2053 3910 tardius.

471 3965 638 4022 Mora:
668 3956 1120 4024 studens,tardus
1148 3952 1447 4023 procedere
1471 3951 1753 4006 videbatur
1772 3949 1843 4004 ob
1868 3963 2058 4003 nume-

471 4072 596 4114 rum
641 4053 919 4117 militum;
956 4048 1103 4119 quod
1141 4049 1215 4101 ita
1244 4061 1354 4102 non
1385 4053 1522 4100 erat.

537 4364 631 4421 26.
665 4358 1003 4435 Regionibus
1031 4353 1350 4430 TlinPorum
1402 4362 1458 4411 et
1487 4353 1850 4426 Bithynorum
1896 4367 2055 4424 pera-

469 4459 664 4530 gratis,
689 4456 745 4511 in
769 4454 1046 4526 regionem
1075 4450 1440 4521 Bebryeorum
1476 4446 1744 4517 pervenit,
1765 4456 2056 4516 castraque

471 4552 659 4623 posuit
677 4551 825 4605 circa
846 4545 1248 4601 Cltaleedonem
1280 4556 1471 4596 versus
1496 4539 1901 4609 Megalopolim;
1936 4549 2055 4593 erat

2161 3395 2318 3446 πολιν
2336 3392 2395 3444 τὸ
2414 3392 2668 3447 ἐντεῦθεν
2688 3395 2832 3466 ὁρμή
2855 3410 2869 3425 ·
2895 3394 3154 3466 βασιλεὺς
3175 3399 3469 3470 πρόφασις,
3505 3402 3746 3469 Ἀλέξιος

2159 3483 2361 3555 δηλαδὴ
2391 3486 2419 3538 ό
2451 3486 2671 3555 μικρὸς,
2711 3486 3022 3557 ληψόμενος
3061 3489 3278 3561 ἄμυναν
3299 3507 3313 3522 ⁸
3346 3493 3524 3556 ἄλλως
3559 3494 3743 3564 μέντοι

2160 3574 2379 3643 ἀληθῶς
2406 3576 2670 3645 πρόθεσις
2703 3578 2959 3647 βασιλεὺς
2989 3581 3217 3645 ἐκεῖνος,
3251 3583 3431 3655 ἄωρος
3475 3585 3744 3657 θανούμε-

2161 3684 2275 3731 νος,
2320 3666 2396 3731 ὡς
2449 3668 2552 3721 οὐκ
2606 3670 2795 3740 ἐχρῆν.
2840 3672 2949 3725 Καὶ
2986 3672 3119 3741 γοῦν
3170 3674 3571 3746 συλλεξάμενος
3618 3696 3743 3733 τινα

2162 3760 2448 3829 στρατιὰν,
2482 3762 2581 3829 τὴν
2633 3762 2739 3833 μὲν
2777 3764 2920 3817 κατά
2956 3765 3085 3836 γῆν,
3120 3767 3219 3838 τὴν
3264 3769 3322 3822 δὲ
3359 3770 3557 3841 λοιπὴν
3603 3772 3745 3826 κατὰ

2164 3847 2460 3915 θάλασσαν,
2524 3850 2599 3914 ὡς
2661 3847 2812 3922 εἶχεν
2865 3854 3052 3922 ἰσχύος
3116 3853 3269 3929 (εἷχε
3317 3858 3375 3912 δὲ
3432 3859 3679 3931 ἀμυδρὰς
3696 3862 3740 3933 ).

2162 3942 2360 4011 ἤλαυνε
2392 3944 2469 4012 πῆ
2510 3944 2611 4013 μὲν
2641 3947 2785 3999 κατά
2826 3947 3085 4020 σπουδὴν,
3116 3950 3186 4003 τὰ
3225 3950 3398 4004 πολλὰ
3439 3953 3495 4006 δὲ
3531 3955 3742 4025 σχολαί-

2160 4050 2342 4103 τερον.
2392 4036 2722 4090 Μεθοδεύων
2764 4041 2829 4108 τῇ
2864 4040 3050 4109 σχολῇ,
3102 4041 3252 4095 δοκεῖ
3296 4042 3470 4115 βαρὺς
3503 4047 3584 4109 είς
3626 4045 3744 4099 όδδν

2162 4121 2305 4181 εῖναι
2351 4127 2440 4182 διὰ
2470 4129 2531 4182 τὸ
2566 4129 2703 4183 πολὺ
2753 4130 2848 4184 τοῦ
2902 4133 3176 4203 στρατοῖν
3234 4135 3373 4205 ὅπερ
3409 4136 3509 4209 οὐχ
3570 4137 3743 4204 οὕτως

2161 4216 2331 4292 εἶχεν.

2232 4357 2354 4422 καῖ’.
2408 4356 2496 4421 Ὠς
2520 4357 2577 4411 δὲ
2605 4356 2704 4427 τὴν
2736 4356 2847 4409 τῶν
2875 4356 3064 4411 Θυνῶν
3111 4358 3206 4412 καὶ
3244 4358 3490 4413 Βιθυνῶν
3517 4361 3620 4430 γῆν
3647 4378 3743 4416 πε-

2166 4449 2417 4522 ριελθὼν,
2453 4445 2522 4520 ἦν
2553 4449 2652 4520 τῆς
2678 4452 2789 4503 τῶν
2828 4450 3148 4521 Βεϐρύκων,
3184 4452 3281 4506 καὶ
3317 4457 3447 4523 περὶ
3470 4454 3571 4525 τὴν
3596 4457 3753 4509 ἀντι-

2165 4542 2342 4612 πέραν
2369 4540 2468 4611 τῆς
2498 4539 2937 4607 Μεγαλοπόλεως
2965 4538 3287 4610 Χαλκηδόνα
3318 4544 3747 4612 ἐστρατοπεδεύ-

470 4649 653 4698 autem
689 4654 788 4710 pro
822 4636 986 4705 vulgo
1027 4634 1290 4687 minimus
1320 4630 1424 4685 vir.
1461 4627 1764 4685 Distribulo
1798 4633 1944 4685 circa
1995 4646 2054 4686 se

2165 4650 2318 4699 σατο,
2350 4628 2420 4702 ἧν
2463 4632 2563 4701 μὲν
2594 4632 2822 4701 ἤκιστος
2850 4630 2943 4685 τὸν
2973 4631 3104 4687 λαὸν
3142 4634 3170 4687 ὁ
3202 4633 3362 4704 ἀνήρ.
3407 4636 3747 4707 Διασπείρας

474 4748 602 4791 eum
630 4697 748 4787 arte
785 4730 1028 4784 exercitu
1053 4764 1071 4792 ,
1122 4724 1375 4779 tentoriis
1405 4724 1461 4777 in
1491 4724 1629 4779 locis
1657 4726 1798 4794 aptis
1833 4722 2054 4788 deﬁxis,

2161 4720 2217 4774 δὲ
2272 4697 2385 4790 τὴν-
2435 4697 2579 4790 ἀμφ’
2619 4697 2800 4774 ἀὑτὸν
2865 4721 3130 4789 στρατιὰν
3185 4697 3326 4795 πρὸς
3375 4727 3595 4796 τέχνην,
3643 4697 3749 4783 καί

471 4827 545 4881 ita
584 4832 643 4879 ut
673 4823 904 4877 densum
936 4818 1100 4875 simul
1136 4831 1202 4871 ac
1254 4829 1612 4871 numerosum
1648 4815 1924 4870 videretur
1951 4829 2053 4870 ex-

470 4916 711 4974 ercitum
745 4912 966 4976 habere,
995 4909 1246 4975 navibus,
1276 4922 1414 4976 quas
1442 4908 1614 4977 replet
1643 4908 1851 4972 aliquot
1874 4920 2054 4960 arma-

472 5009 561 5072 tis,
618 5020 785 5074 super
808 5015 971 5056 arena
1009 4999 1210 5054 littoris
1243 5008 1409 5067 atque
1456 4996 1509 5049 in
1555 4997 1797 5065 aequoris
1834 4995 2050 5051 sinibus

470 5097 645 5169 perite
671 5094 867 5150 divisis
897 5106 962 5145 ac
992 5089 1313 5145 constitutis
1339 5127 1354 5151 ,
1388 5088 1465 5141 ita
1489 5097 1549 5141 ut
1577 5087 1723 5141 clare
1758 5102 1864 5140 non
1899 5097 2054 5156 pate.

470 5198 554 5244 ret
583 5187 776 5256 quales
804 5194 858 5237 et
890 5191 1024 5252 quot
1055 5188 1263 5241 essent,
1291 5179 1457 5232 tantis
1481 5177 1722 5231 tenebris
1748 5176 2052 5246 implicavit

471 5275 990 5350 MegaIOpolitanos,
1024 5284 1365 5340 caaterosque
1423 5270 1682 5325 inimicos
1718 5278 1776 5322 ut
1821 5267 1972 5337 regio
2020 5282 2053 5324 e

469 5377 663 5426 contra
735 5367 1000 5434 sinusque
1071 5364 1422 5418 imminentes
1453 5361 1600 5431 pleni
1630 5375 1753 5415 esse
1793 5359 2051 5414 videren-

473 5470 598 5528 tur,
631 5460 782 5515 illam
817 5458 992 5527 cupiis
1023 5456 1370 5512 densissimis
1392 5492 1408 5518 ,
1438 5454 1578 5507 alios
1628 5467 1760 5507 vero
1790 5452 2050 5521 frequen-

2161 4813 2368 4881 σκηνὰς
2398 4811 2716 4880 πηξάμενος
2758 4813 2817 4864 ὲν
2843 4812 3034 4873 τόποις
3065 4815 3321 4882 καιρίοις,
3352 4816 3426 4877 ὡς
3453 4816 3750 4883 φαίνεσθαι

2161 4902 2501 4957 πυκνοῦσθαί
2534 4920 2594 4955 τε
2626 4903 2722 4957 καὶ
2753 4904 2959 4974 πλῆθος
2994 4904 3165 4974 ἔχειν,
3199 4906 3296 4959 καὶ
3339 4907 3409 4961 τὰ
3459 4908 3621 4960 πλοῖα
3659 4908 3746 4975 δὲ,

2158 4990 2240 5057 οἷς
2274 4994 2496 5047 ἐνέϐαλέ
2520 5013 2572 5048 τι
2618 4994 2716 5048 τοῦ
2755 4998 3183 5067 στρατιωτικοῦ,
3218 5000 3348 5070 περὶ
3377 5001 3446 5052 τὰ
3480 5002 3603 5053 κατ’
3641 5003 3750 5056 ai-

2160 5085 2349 5152 γιαλδν
2378 5084 2584 5155 βραχέα
2603 5086 2699 5138 καὶ
2721 5085 2914 5150 λοιπὰς
2939 5086 3265 5151 θαλαττίους
3284 5088 3535 5156 ἀγκάλας
3553 5089 3750 5157 δεξιῶς

2163 5177 2394 5246 μερίσας
2418 5179 2512 5231 καὶ
2533 5182 2913 5249 καταστήσας,
2932 5179 3007 5242 ὡς
3028 5178 3105 5250 μὴ
3130 5182 3318 5248 σαφῶς
3337 5180 3746 5250 διαφαίνεσθαι,

2158 5267 2249 5324 οἷά
2272 5289 2331 5322 τε
2356 5272 2450 5324 καὶ
2483 5271 2657 5324 ὁπόσα
2691 5273 2902 5337 ἐκεῖνα,
2936 5274 3195 5341 τοιαύτην
3229 5273 3497 5326 σκότωσιν
3528 5273 3749 5346 έπεμψε

2158 5369 2271 5428 τοῖς
2307 5364 2806 5434 Μεγαλοπολίταις,
2839 5367 2953 5428 τοῖς
2979 5382 3037 5419 τε
3070 5364 3278 5432 ἄλλοις,
3321 5368 3419 5420 καὶ
3462 5368 3647 5433 αὐτοῖς
3678 5368 3748 5441 δὴ

2154 5459 2268 5519 τοῖς
2302 5457 2441 5526 πρὸς
2489 5459 2699 5510 ἐκεῖνον
2753 5456 3161 5527 ὲχθραίνουσιν,
3213 5458 3289 5521 ὡς
3326 5458 3507 5512 δοκεῖν
3549 5461 3651 5530 τήν
3682 5478 3747 5514 τε

483 5556 631 5609 tibus
661 5551 981 5607 triremibus
1019 5548 1248 5618 aliisque
1276 5547 1509 5601 navibus
1538 5561 1676 5613 quas
1702 5545 1964 5613 oblongas
1994 5545 2050 5598 in

2161 5548 2396 5618 περαίαν
2438 5548 2543 5616 γῆν
2586 5549 2683 5601 καὶ⁵
2728 5549 2856 5610 τοὺς
2904 5549 3042 5620 αὐτῇ
3077 5551 3530 5622 προσκυροῦντας
3558 5554 3747 5621 αἰγια-

476 5648 662 5700 littore
690 5645 860 5698 maris
895 5647 1246 5696 construunt.
1276 5637 1479 5706 Sicque
1503 5654 1601 5692 nos
1622 5639 1872 5693 homines
1901 5654 2032 5694 vere

474 5734 716 5789 solemus
732 5733 915 5784 lacere
943 5730 999 5784 in
1024 5728 1358 5798 bujusmodi.
1382 5730 1658 5797 Augemus
1684 5729 1831 5783 enim
1858 5745 1924 5784 ac
1940 5744 2053 5783 ma-

481 5822 811 5887 gniﬁcamus
845 5823 1169 5892 plerumque
1200 5835 1323 5890 quae
1368 5821 1664 5887 miramur,
1695 5835 1928 5892 quaeque
1960 5835 2054 5877 ac-

2155 5636 2280 5698 λοὺς
2316 5636 2653 5707 πεπλῆσθαι,
2700 5637 2798 5709 τὴν
2847 5640 2946 5709 μὲν
2981 5643 3417 5712 στρατευμάτων
3455 5661 3747 5698 πεπυκνω-

2160 5729 2361 5799 μένων,
2387 5729 2488 5801 τὴν
2513 5728 2570 5782 δὲ
2600 5729 2813 5800 συχνῶν
2841 5734 3115 5803 τριήρεων
3141 5735 3237 5788 καὶ
3271 5736 3475 5805 ἑτέρων
3515 5738 3740 5800 πλοίων,

2156 5822 2257 5875 ὅσα
2291 5821 2557 5893 προμήκη
2599 5822 2972 5895 σκευωροῦσιν
2994 5825 3050 5878 αί
3085 5826 3227 5880 κατά
3251 5826 3531 5880 θάλασσαν
3563 5845 3744 5898 μηχατ
