4084 6436
303 335 376 398 33
1105 333 1199 394 DE
1241 330 1815 394 THESSALONICA
1856 328 2068 390 UBBE
2127 330 2170 388 A
2211 331 2522 393 LATINIS
2556 333 2813 393 CAPTA.
3507 337 3578 400 34

305 451 418 503 ναί.
456 449 566 504 Καὶ
615 446 903 516 εἰώθαμεν
953 445 1170 516 άληθῶς
1216 446 1274 498 ἐν
1322 445 1585 508 τοιούτοις
1619 443 1762 497 οὓτω
1798 443 1884 496 πά·

2017 451 2211 496 curate
2247 458 2474 498 noscere
2523 447 2836 514 nequimus,
2877 461 2943 500 eo
2985 448 3132 518 quod
3183 465 3335 505 mens
3389 463 3577 504 nostra

304 557 457 611 σχειν
489 542 538 594 οί
583 539 895 609 ἄνθρωποι.
957 539 1308 610 Πληθύνομεν
1358 539 1469 610 γὰρ
1496 537 1573 602 ὡς
1618 537 1686 591 τὰ
1721 535 1884 588 πολλὰ

2003 539 2256 588 turbatur
2296 535 2460 590 rebus
2494 550 2613 603 quae
2643 533 2790 589 illam
2829 538 3224 608 stupefaciuul.

303 637 402 690 καὶ
439 632 839 704 μεγεθύνομεν,
874 632 912 687 ἃ
947 633 1320 703 θαυμάζομεν,
1353 624 1444 686 οία
1495 630 1572 701 μὴ
1622 627 1889 699 ἀκριϐοῦν
1929 625 2241 696 δυνάμενοι,
2273 626 2362 679 διὰ
2388 627 2448 680 τὸ
2496 627 2593 697 τὴν
2632 628 2813 699 ψυχὴν
2888 631 3257 703 συγκεχύσθαι
3301 634 3414 696 τοῖς
3483 635 3578 688 ἐκ-

305 733 546 797 πλήττου
556 747 630 786 σι.
1575 731 1580 735 ’

376 819 482 887 κζ’.
513 820 773 883 Τοιοῦτος
800 815 895 872 οὖν
923 821 951 870 ὁ
989 818 1325 889 Ἀνδρόνικος
1360 819 1575 888 φανείς,
1620 821 1717 874 καὶ
1748 819 1775 871 ὁ
1804 818 1889 870 οὓ-

301 933 414 978 τως
444 913 626 980 ὀλίγος
651 911 845 982 μυρίος
881 911 1202 980 διακριθεὶς,
1231 910 1521 978 ἐφέλκεται
1550 911 1635 963 διὰ
1665 910 1884 982 βραχέος

1997 913 2186 957 tantus
2259 913 2446 973 postea
2525 905 2828 972 apparuit,
2871 921 3062 960 omnes
3121 907 3269 960 brevi
3333 917 3584 978 tempore

301 1003 501 1075 καιροῦ
532 1007 767 1068 πάντας,
805 1004 903 1055 καὶ
942 1010 1041 1073 τὴν
1071 1004 1202 1071 ὃλην
1235 1004 1388 1056 πόλιν
1425 1004 1676 1074 μετάγει,
1706 1004 1780 1066 ὡς
1804 1003 1884 1054 οὖ-

2005 996 2256 1061 altrahit,
2292 1009 2623 1064 omnemque
2668 997 2973 1061 civitatem,
3011 1007 3070 1052 ut
3099 999 3172 1052 ita
3208 1000 3387 1054 dicam
3413 1041 3427 1063 ,
3458 1013 3580 1071 post

297 1111 410 1156 τως
443 1094 645 1156 εἰπεῖν,
672 1091 811 1160 πρὸς
838 1091 1055 1147 ἔαυτόν.
1079 1093 1192 1144 Καὶ
1217 1093 1303 1144 ἴνα
1331 1093 1406 1162 μὴ
1440 1094 1626 1163 μακρᾷ
1652 1092 1884 1163 θαλάσσῃ

1999 1101 2060 1142 se
2083 1087 2368 1140 transfert.
2395 1087 2470 1140 Ne
2493 1087 2652 1158 longo
2677 1090 3051 1142 narrationum
3081 1088 3306 1145 ﬂuittine
3327 1095 3576 1162 cymbam

297 1187 666 1255 διηγημάτων
698 1186 1023 1254 ἐπαφῶμεν,
1051 1185 1114 1238 τὸ
1151 1185 1244 1238 τοῦ
1282 1185 1464 1252 λόγου,
1505 1186 1750 1248 ἀκάτιον,
1782 1185 1884 1238 ἀλλ

2003 1180 2281 1234 sermonis
2304 1177 2410 1232 mei
2433 1178 2688 1248 dirigam,
2710 1178 2804 1234 sed
2831 1187 2890 1232 ut
2910 1177 3109 1234 fretum
3133 1184 3244 1235 cito
3265 1183 3536 1251 trajiciam
3562 1199 3577 1237 :

295 1278 374 1338 ὡς
409 1277 502 1330 διὰ
537 1276 791 1347 πορθμοῦ
823 1274 1363 1346 βραχυπορὴσωμεν,
1397 1279 1455 1329 ἐν
1495 1279 1693 1347 ἀκαρεῖ
1722 1277 1884 1346 χρόνιε

2003 1276 2284 1322 momento
2315 1268 2578 1336 temporis
2601 1269 2668 1322 ad
2700 1269 2854 1322 illum
2878 1271 3136 1340 navigant
3166 1274 3372 1343 magni,
3397 1275 3576 1344 parvi,

297 1369 636 1434 πλιυῒζονται
671 1372 752 1431 εἰς
782 1369 992 1422 ἐκεῖνον
1021 1371 1070 1423 oi
1102 1371 1348 1440 μεγάλοι,
1390 1372 1439 1421 οί
1478 1372 1687 1439 μικροὶ,
1717 1372 1765 1422 οί
1805 1371 1884 1440 μέ-

2013 1359 2206 1413 medii.
2256 1358 2552 1424 Mirantur,
2577 1375 2698 1428 quae
2733 1361 2908 1428 pridie
2939 1362 3333 1418 existimabant
3366 1366 3576 1428 videre,

297 1479 404 1517 σοι.
443 1463 556 1516 Kal
590 1461 938 1532 θαυμάζουσι
995 1463 1113 1532 μὲν,
1167 1464 1327 1515 (Stroh
1359 1460 1558 1533 πρώην
1609 1460 1884 1524 δοκοῦντες

1997 1465 2120 1504 esse
2149 1465 2210 1504 ea
2233 1466 2353 1521 quae
2378 1462 2747 1521 nuncgaperle
2777 1455 2982 1520 vident,
3019 1467 3071 1508 et
3091 1457 3368 1524 quomodo
3405 1457 3582 1526 longa:

2067 812 2157 866 $27.
2182 811 2531 866 Andronicus
2558 813 2674 881 qui,
2702 815 2880 882 primo
2911 814 3094 868 minus
3119 814 3575 885 benejudit'atus.

297 1557 544 1626 βλέπειν,
598 1551 689 1607 οἶα
734 1553 831 1607 νῦν
867 1553 1127 1622 ἐμφανῶς
1165 1554 1448 1624 βλέπουσι,
1482 1557 1578 1609 καὶ
1609 1553 1684 1617 ὡς
1710 1555 1764 1606 αἱ
1793 1554 1884 1621 μὲν

1996 1557 2164 1597 naves
2204 1555 2578 1612 agnoscuntur
2619 1559 2767 1597 nunc
2811 1547 3050 1614 scapha,
3094 1548 3326 1616 caligine
3373 1565 3588 1605 erroris

297 1650 514 1720 μιιιιιιικιλ⁸
546 1649 676 1717 νῆες
726 1647 943 1710 ἁλιάδες
996 1648 1124 1718 άρτι
1174 1646 1560 1717 γνωρίζονται,
1616 1646 1713 1716 τῆς
1761 1648 1884 1715 πρὶν

1999 1648 2161 1689 antea
2197 1635 2449 1690 discussa
2481 1653 2494 1701 ;
2527 1637 2764 1691 tentoria
2795 1653 2923 1692 vero
2959 1640 3137 1710 longis
3171 1642 3480 1699 intervallis
3513 1646 3585 1699 ab

294 1739 439 1792 κατά
459 1737 680 1804 ἀπάτην
703 1736 1022 1799 σκοτώσεως
1043 1735 1518 1805 διαφωτισθείσης’
1538 1736 1593 1787 αί
1612 1734 1668 1787 δὲ
1691 1738 1884 1804 σκηναὶ

1997 1728 2276 1783 alterutris
2344 1728 2625 1796 distantia,
2684 1746 3040 1786 cucumerum
3103 1736 3306 1790 arcolis
3355 1737 3579 1792 similia.

299 1832 536 1898 μακροῖς
593 1827 841 1898 ἀλλήλων
887 1827 1255 1897 διαστήμασιν
1284 1825 1660 1898 ἀφορίζονται,
1699 1843 1884 1896 σικυη-

1995 1813 2286 1876 Exercitus
2339 1823 2712 1892 spectaculum
2779 1834 2864 1880 est
2915 1826 3177 1896 vulgare;
3222 1830 3346 1897 equi
3407 1831 3581 1886 mole-

292 1923 481 1983 λάτοις
537 1921 868 1989 πρέπουσαι.
909 1919 973 1972 ’0
1012 1919 1068 1972 δὲ
1115 1918 1346 1989 στρατὸς
1397 1920 1521 1982 ὅσος
1577 1919 1884 1990 πανήγυρις

1996 1913 2154 1968 trinis
2197 1914 2442 1985 plerique
2489 1915 2669 1970 idonei
2726 1925 2905 1971 erant.
2933 1917 3467 1990 Expergiscebantur
3498 1934 3582 1978 at—

293 2013 398 2066 οὒκ
430 2012 699 2081 εὐγενήςο
733 2011 783 2063 οί
811 2009 868 2063 δὲ
901 2010 1083 2075 ἵπποι,
1112 2009 1333 2072 ὁποίους
1367 2009 1495 2072 τοὺς
1527 2009 1750 2072 πλείους
1787 2027 1884 2080 μυ-

1995 2020 2104 2075 que
2139 2006 2205 2059 ad
2241 2021 2302 2061 se
2341 2007 2613 2075 redibant,
2648 2008 2722 2062 ita
2760 2019 2817 2062 ut
2857 2025 3020 2080 parva
3054 2023 3488 2081 agnoscerentur
3519 2023 3578 2069 ut

293 2104 472 2156 λῶσιν
506 2103 577 2156 ἂν
615 2101 1023 2171 καταδέχοιντο.
1078 2101 1189 2154 Kal
1237 2098 1607 2168 ἀφυπνίζοντο
1662 2100 1764 2168 μὲν
1795 2101 1884 2153 καὶ

1995 2112 2156 2167 parva
2184 2140 2196 2163 ,
2233 2098 2564 2169 minimeque
2603 2100 2806 2170 aliquid
2859 2104 3038 2172 magni
3082 2105 3152 2158 ab
3193 2104 3329 2174 ipsis
3371 2108 3580 2162 consli-

291 2196 596 2265 ἁνέφηνον,
625 2193 703 2257 ὡς
730 2195 799 2247 τὰ
826 2193 1000 2262 μικρὰ
1028 2192 1321 2264 γνωρίζειν
1347 2192 1478 2245 αὐτὸ
1503 2192 1663 2246 τοῦτο
1694 2194 1886 2264 μικρὰ,

293 2292 392 2343 καὶ
427 2289 632 2359 μηκέτι
666 2286 958 2357 μεγαλείόν
1005 2304 1059 2340 τι
1090 2285 1272 2349 αὐτοῖς
1304 2285 1764 2356 ἐπιψηφίζεσθαι.
1817 2286 1892 2340 Τὸ

290 2381 350 2434 δὲ
385 2380 563 2434 πάλαι
591 2378 792 2431 ποθοῦν
823 2377 1143 2449 παραμένον
1187 2376 1403 2430 ἔπειθεν
1431 2377 1633 2431 ἐθέλειν
1678 2377 1770 2430 τὸν
1795 2379 1892 2433 ἅν-

291 2474 399 2542 δρα
436 2473 608 2542 μόνον
655 2472 822 2526 αὑτὸν
874 2471 1228 2541 φαινόμενον.
1279 2471 1340 2524 τὸ
1393 2473 1539 2534 πᾶν,
1582 2472 1726 2526 καθὰ
1755 2473 1890 2543 πρὸς

291 2565 508 2634 ἀγαθοῦ
561 2564 749 2633 σφίσιν
787 2560 883 2634 ἦν,
935 2564 1413 2633 καταπράξεσθαι.
1471 2563 1685 2618 Οὐκοῦν
1712 2564 1894 2634 ἠσπά-

292 2657 456 2722 ζοντο
485 2659 716 2720 ἐκεῖνον,
766 2657 988 2723 ἐφίλουν
1038 2656 1333 2726 πρόσωπόν
1378 2673 1460 2721 τε,
1515 2649 1576 2709 οῦ
1609 2656 1711 2728 τὴν
1761 2656 1892 2713 θέαν

293 2748 545 2820 εὔχοντο,
574 2752 672 2804 καὶ
700 2750 910 2820 χεῖρας,
934 2746 1023 2816 ἐφ’
1045 2742 1134 2811 αἷς
1160 2748 1571 2814 ἔπεποίθεισαν,
1591 2748 1679 2803 ἐπ’
1700 2750 1893 2815 αὑταῖς

291 2840 659 2894 ἐνεθουσίων·
721 2838 1084 2910 ἐξηρεῦγοντο
1161 2837 1422 2904 ἐπαίνους
1491 2841 1891 2907 παντοδαποὺς,

292 2931 541 2985 ἀνεϐόων
574 2931 746 3000 συχνὰ
775 2929 936 2995 δόξαν
968 2930 1045 3001 τῷ
1070 2932 1192 3001 Θεῷ
1213 2949 1224 2960 ·
1259 2931 1676 3001 προεκαλοῦντο.
1712 2934 1758 2985 εί
1781 2927 1892 2985 οἷόν

290 3041 374 3088 τε,
415 3025 755 3094 διαπηδῆσαι
804 3025 886 3088 είς
936 3026 1038 3093 τὴν
1075 3026 1446 3096 ἀντίπορθμον
1487 3025 1647 3096 ταχύ.
1679 3027 1751 3079 Τὸ
1783 3027 1890 3097 γὰρ

293 3117 541 3178 ποδῶκες
577 3117 672 3169 τοῦ
706 3116 924 3187 ἀνδρὸς,
956 3117 1233 3188 ἐπίσημον
1269 3119 1418 3189 αὖτῷ
1455 3118 1722 3188 τυγχάνον
1752 3119 1891 3187 πρὸς

1996 2200 2259 2244 tueretur.
2308 2189 2480 2246 Amor
2530 2201 2712 2248 autem
2747 2202 2904 2248 vetus
2936 2209 3296 2263 perseverans
3327 2197 3577 2268 impelle:

1996 2280 2090 2334 bat
2131 2288 2190 2334 ut
2228 2281 2434 2336 vellent
2467 2282 2740 2337 hominem
2772 2283 2949 2339 solum
2978 2286 3159 2354 qualis
3207 2288 3311 2343 sibi
3347 2304 3578 2360 appare-

1999 2373 2111 2436 bat,
2150 2376 2336 2426 omnia
2376 2372 2769 2442 perl‘ecturum,
2796 2376 2949 2445 juxta
2999 2377 3146 2446 quod
3208 2379 3574 2452 sibimetipsis

1993 2473 2113 2517 erat
2137 2463 2446 2519 commodo.
2485 2466 2968 2536 Amplectcbantur
2994 2485 3125 2540 ergo
3157 2470 3331 2537 illum,
3360 2473 3577 2528 oscula-

1992 2552 2306 2622 banturque
2340 2553 2532 2608 faciem
2557 2593 2574 2618 ,
2614 2556 2770 2626 cujus
2820 2567 3098 2628 aspectum
3153 2561 3574 2630 desiderabant,

1993 2660 2302 2716 manusque
2349 2646 2634 2717 inquibus
2680 2650 3072 2716 conlidebant,
3099 2667 3363 2722 perquam
3408 2670 3571 2712 vene-

1994 2738 2278 2794 rabantur.
2310 2738 2524 2795 Laudes
2570 2741 2750 2798 onmis
2773 2744 2988 2813 generis
3008 2748 3437 2816 proclamabant,
3456 2751 3576 2819 glo-

1993 2829 2129 2880 riam
2181 2829 2275 2883 Dei
2337 2828 2653 2900 frequenter
2697 2834 3005 2900 canebant;
3055 2836 3440 2903 hortabantur,
3478 2851 3571 2905 ut,

1992 2926 2039 2975 si
2080 2923 2338 2989 possibile
2368 2935 2536 2988 esset,
2570 2926 2679 2978 cito
2715 2926 2855 2979 ultra
2896 2928 3192 2984 fretum-se
3224 2932 3571 2988 transferret.

1993 3015 2238 3084 Namque
2265 3015 2461 3082 pedum
2493 3016 2759 3071 velocitas
2786 3018 2909 3085 viri,
2967 3035 2997 3072 a
3024 3029 3216 3074 natura
3246 3023 3325 3076 illi
3360 3025 3528 3078 indita
3553 3065 3569 3092 ,

1995 3108 2272 3161 mentibus
2301 3107 2622 3172 multorum,
2655 3110 2873 3178 Opinor,
2907 3126 3149 3166 amorem
3201 3116 3456 3171 novitatis
3486 3117 3542 3170 in

293 3213 536 3278 φύσεως,
583 3209 678 3263 καὶ
702 3209 978 3279 τοιαύτην,
1013 3206 1191 3280 οἶμαι,
1233 3212 1618 3282 καινοτροπίαν
1653 3210 1884 3281 ἐνθυμή-

1989 3197 2136 3266 iecit.
2170 3197 2262 3252 ille
2293 3214 2424 3253 vero
2447 3203 2691 3269 gavisus,
2719 3212 2775 3257 ut
2803 3214 2921 3258 erat
2953 3221 3085 3260 sane
3111 3206 3319 3275 justum
3351 3251 3365 3276 ,
3401 3225 3570 3279 seque

295 3320 436 3364 σεως
467 3301 742 3355 ὑπέϐαλλε
767 3304 881 3364 τοῖς
907 3302 1148 3366 πολλοῖς.
1166 3303 1225 3355 Ὀ
1256 3303 1313 3355 δὲ
1340 3304 1408 3356 τὰ
1440 3303 1538 3372 μὲν
1574 3304 1884 3373 ἁντιχαρεὶς

291 3391 370 3454 ὡς
420 3392 570 3455 εἰκὸς
617 3395 713 3445 καὶ
751 3391 920 3460 μάλα,
972 3392 1042 3445 τὰ
1091 3393 1146 3446 δὲ
1185 3397 1279 3448 καὶ
1331 3394 1774 3463 φιλενδεικτήσας
1829 3397 1886 3447 ἐν

290 3483 519 3546 οἰκείοις
551 3483 1014 3553 κενεαυχήμασιν,
1046 3483 1147 3537 οὐκ
1178 3484 1335 3552 ὀλίγα
1377 3485 1433 3539 δὲ
1481 3486 1576 3538 καὶ
1609 3485 1886 3556 θαρρύνας

293 3577 424 3638 τοὺς
470 3577 550 3639 είς
591 3577 754 3628 αὑτὸν
801 3577 1224 3646 ἀφεωρακότας,
1273 3577 1492 3648 αἴρεται
1529 3577 1727 3648 μικροῦ
1776 3577 1886 3630 δεῖν

294 3665 386 3716 ἐπὶ
416 3663 643 3734 χειρῶν,
674 3663 735 3716 οὐ
786 3665 949 3733 μόνον
983 3664 1120 3731 πρὸς
1151 3665 1420 3733 ἀγγέλων,
1468 3666 1660 3734 γένους
1695 3667 1886 3718 τούτου

294 3754 585 3825 βασιλικοῦ
634 3755 889 3826 λαμπροῦ
923 3774 981 3810 τε
1029 3757 1123 3809 καὶ
1181 3756 1580 3826 πολυδυνάμου,
1621 3757 1757 3811 ἀλλὰ
1792 3760 1889 3813 καὶ

295 3848 401 3899 ὑπὸ
428 3845 630 3914 λοιπῆς
660 3844 964 3914 εὐγενείας,
998 3849 1095 3901 καὶ
1140 3845 1446 3916 συγκλήτου
1496 3845 1744 3915 λογὰδος,
1793 3850 1888 3901 καὶ

289 3940 405 3994 τῶν
434 3939 616 3994 ἄλλων
635 3938 842 3991 τέκνων
864 3939 960 4009 τῆς
989 3939 1217 4003 πόλεως.
1245 3940 1355 3993 Καὶ
1379 3935 1493 4009 εἶχε
1515 3938 1702 3992 λοιπὸν
1723 3940 1886 3993 αὐτὸν

289 4032 472 4096 οὕτως
503 4033 536 4102 ἡ
571 4030 974 4098 Μεγαλόπολις,
1012 4030 1183 4101 μυρία
1212 4033 1758 4101 καινοπραγήσαντα.

362 4129 476 4192 κη’.
535 4120 804 4175 Ἐνταῦθα
849 4121 997 4174 ἔστιν
1043 4123 1244 4186 εἰπεῖν,
1304 4122 1382 4184 ὡς
1446 4124 1474 4175 ὀ
1524 4123 1624 4193 μὲν
1690 4122 1882 4189 εἰπὼν,

295 4233 316 4266 ι
354 4213 642 4283 Εῦλόγησέ
675 4229 734 4266 σε
762 4215 791 4266 ὁ
819 4212 950 4277 Θεὸς
988 4215 1080 4267 ἐπὶ
1118 4213 1198 4283 τῷ
1246 4215 1367 4268 ποδί
1404 4233 1529 4284 μου,
1580 4233 1600 4267 ›
1642 4216 1886 4284 ἀοίδιμός

289 4309 441 4359 ἐστιν
491 4305 575 4367 είς
626 4303 852 4372 ἀγαθὸν,
900 4306 1024 4357 ἐπεὶ
1068 4306 1192 4358 οὐδὲ
1241 4304 1346 4369 ἔξω
1379 4305 1672 4374 ἐγκωμίων
1713 4306 1745 4374 ἡ
1790 4304 1882 4357 τοῦ

288 4395 509 4449 δικαίου
538 4395 732 4464 μνήμη
767 4394 993 4449 πίπτειν
1027 4390 1137 4448 οἶδε
1159 4410 1174 4426 ·
1207 4395 1300 4448 τὸν
1331 4395 1388 4448 δὲ
1451 4395 1796 4463 Ἀνδρόνικον
1827 4395 1887 4460 ἐξ

287 4488 476 4542 αὑτῶν
540 4485 812 4557 βαλὸίδων
867 4488 1077 4539 εἰσόδου
1136 4486 1252 4558 ἔχοι
1299 4488 1368 4542 ἂν
1419 4488 1453 4557 ἡ
1501 4487 1884 4555 Μεγαλόπολις

293 4577 640 4649 μέμφεσθαι,
681 4577 766 4632 ὅτι
799 4577 902 4630 οὐκ
935 4577 1232 4647 εὐλόγησεν
1261 4578 1433 4648 αὐτὴν
1455 4580 1483 4632 ὁ
1514 4578 1648 4642 ποῦς
1683 4576 1873 4631 αὐτοῦ.

289 4671 430 4724 οὑδέ
460 4669 574 4738 γὰρ
609 4669 798 4722 ἵστατο
831 4670 888 4721 ἐν
913 4668 1192 4738 εὐθύτητι,
1222 4668 1300 4732 ὡς
1332 4668 1400 4722 τὰ
1424 4667 1623 4737 ἐφεξῆς
1658 4667 1876 4721 ἅπαντα

285 4760 524 4827 ἔδειξαν.
559 4759 717 4828 ’Δμα
772 4760 883 4830 γὰρ
930 4761 965 4831 ἡ
1012 4760 1109 4814 τοῦ
1162 4760 1404 4830 μεγάλου
1460 4759 1876 4812 Κωνσταντίνου

284 4852 639 4922 κληρονομία
690 4847 838 4922 εἶχεν
867 4853 1049 4916 αὐτὸν,
1099 4856 1195 4906 καὶ
1221 4853 1420 4906 αὐτίκα
1451 4854 1499 4905 εί
1543 4853 1682 4922 ἀμφ’
1712 4852 1874 4906 αὑτὸν

285 4945 678 5014 Παφλαγόνες,
713 4943 868 5007 ἔθνος
907 4943 1218 4998 ἀτάσθαλον
1252 4947 1345 4998 καὶ
1387 4945 1444 4996 ἐν
1477 4944 1703 5015 Ἕλλησι
1751 4943 1882 5014 βάρ-

285 5039 482 5106 εαρον,
513 5033 812 5087 κελευσθὲν
843 5035 1149 5105 ἐνεπήδησε
1171 5035 1251 5104 τῷ
1273 5035 1382 5088 τῶν
1405 5035 1653 5088 Λατίνων
1683 5033 1838 5104 φύλῳ
1860 5050 1874 5064 °

285 5127 337 5180 οἳ
379 5126 764 5195 ἁφωρισμένοι
798 5125 916 5178 κατ’
952 5125 1074 5188 ἔθος
1093 5126 1320 5194 ἀρχαῖον
1351 5125 1481 5193 περὶ
1509 5125 1601 5177 τὸν
1631 5124 1879 5192 αἰγιαλὸν

283 5219 382 5272 τοῦ
404 5216 708 5281 Βυζαντίου
733 5217 983 5287 κέρατος,
1008 5217 1100 5269 τὸν
1124 5217 1220 5270 τοῦ
1253 5217 1569 5287 φωσφορίου
1594 5218 1876 5286 ἐχόμενον,

285 5311 432 5380 ὑπὲρ
488 5308 769 5379 ἐξήκοντα
829 5308 1141 5378 χιλιοστύας
1197 5309 1416 5378 ἐχέοντο
1477 5309 1557 5371 είς
1616 5309 1877 5378 ἀριθμόν.

287 5400 633 5456 Ἐπεκάλουν
671 5400 731 5453 δέ
759 5402 872 5462 τοῖς
923 5399 1178 5462 Λατίνοις
1212 5400 1432 5465 ἐκεῖνοι,
1479 5399 1562 5451 ὅτι
1600 5399 1731 5468 πρὸς
1784 5398 1878 5452 τεῦ

285 5492 752 5564 πρωτοσεὸαστοῦ
777 5494 872 5543 καὶ
908 5492 1005 5560 τῆς
1041 5491 1335 5561 δεσποίνης
1374 5491 1545 5558 Ξένης
1577 5486 1748 5560 ἦσαν*
1786 5494 1881 5546 καὶ

1989 3297 2278 3344 ostentans
2309 3289 2361 3343 in
2397 3293 2620 3360 proprio
2662 3303 2960 3362 apparatu,
2996 3313 3104 3351 non
3163 3313 3383 3367 parvam
3426 3301 3570 3356 ﬁdu-

1988 3379 2134 3432 ciam
2199 3383 2581 3450 spectantibus
2643 3384 2920 3452 injiciens,
2967 3388 3223 3444 manibus
3286 3407 3441 3460 paene
3485 3405 3570 3450 t-st

1989 3480 2276 3541 geelatus,
2314 3489 2421 3528 non
2497 3475 2674 3530 solum
2737 3478 2804 3530 ab
2853 3479 3098 3548 angelis,
3137 3481 3300 3550 hujus
3348 3489 3570 3554 generis

1994 3564 2354 3632 imperatoris
2412 3566 2642 3622 illustris
2709 3584 2772 3622 ac
2813 3572 3180 3639 potentissimi
3208 3613 3223 3638 ,
3255 3578 3350 3632 sed
3381 3593 3412 3631 a
3440 3581 3568 3651 reli-

1993 3671 2102 3725 qua
2137 3658 2444 3724 nobilitate,
2478 3667 2672 3714 senatu
2697 3672 2860 3730 atque
2885 3676 2914 3714 a
2945 3663 3130 3718 multis
3153 3664 3349 3722 incolis
3374 3669 3570 3723 civita~

1994 3749 2085 3803 tis.
2129 3747 2399 3808 Cat-terum
2436 3753 2935 3824 Constantinopolis
2975 3755 3292 3813 innumeras
3326 3773 3414 3815 res
3469 3777 3568 3814 no-

1989 3852 2208 3898 vantem
2237 3860 2360 3900 eum
2381 3859 2604 3917 experta
2634 3857 2742 3903 est.

2057 4113 2145 4169 28.
2174 4113 2328 4169 Nunc
2353 4115 2645 4170 dicendum
2684 4125 2790 4182 est,
2827 4117 2972 4188 quod
3022 4121 3113 4188 qui
3144 4121 3384 4178 dicebat:
3408 4141 3429 4178 ι
3461 4126 3563 4178 Be-

1988 4205 2198 4259 nedixit
2249 4215 2299 4259 te
2333 4205 2477 4260 Deus
2529 4210 2582 4260 in
2652 4209 2934 4278 gressibus
3002 4212 3139 4268 meis
3194 4226 3421 4286 propter
3474 4223 3568 4272 hu—

1988 4314 2121 4353 num
2173 4298 2538 4356 celebrandus
2602 4310 2719 4367 est,
2775 4317 2900 4356 cum
2954 4303 3087 4374 justi
3143 4312 3404 4365 memoria
3456 4329 3567 4368 non

1989 4391 2110 4445 sine
2144 4389 2399 4446 laudibus
2443 4391 2608 4461 perit.
2643 4383 3018 4448 Andronicum
3063 4411 3194 4453 vero
3217 4401 3284 4454 ab
3310 4401 3568 4473 ingressu

1989 4481 2140 4538 illius
2176 4481 2316 4536 intra
2340 4497 2473 4537 suos
2498 4499 2689 4539 muros
2712 4498 2974 4540 accusare
2997 4487 3233 4545 debebat
3255 4491 3572 4563 MegaIOpu-

1988 4573 2055 4628 lis
2088 4612 2104 4639 ,
2147 4575 2273 4643 quia
2327 4589 2436 4628 non
2504 4575 2898 4632 benedixerant
2950 4579 3122 4647 ipsam
3178 4583 3345 4652 pedes
3420 4587 3568 4655 ejus.

1984 4662 2102 4720 Νοιι
2123 4666 2233 4736 egit
2263 4666 2412 4720 enim
2449 4677 2620 4734 recte,
2661 4670 2809 4723 sicut
2841 4671 2969 4724 dein
3002 4674 3189 4726 omnia
3216 4673 3571 4732 demonstra-

1986 4764 2132 4810 runt.
2177 4757 2310 4811 Nam
2347 4757 2511 4812 simul
2555 4773 2621 4812 ac
2667 4761 2852 4829 magni
2900 4761 3248 4818 Constantini
3289 4781 3409 4823 sors
3439 4786 3564 4824 eum

1985 4847 2304 4915 recepisset,
2335 4849 2518 4902 statim
2565 4847 2938 4920 Paphlagones
2991 4851 3238 4920 quicum
3274 4870 3342 4911 eo
3385 4872 3572 4925 erant,

1985 4955 2120 5008 gens
2151 4955 2314 5008 prava
2344 4948 2508 5008 atque
2557 4939 2703 4994 inter
2753 4940 2972 4998 Grzecos
2996 4943 3251 5012 barbara,
3287 4948 3501 5006 invitati
3537 4970 3564 5007 a

1986 5028 2193 5085 Latinis
2222 5030 2290 5083 ad
2350 5030 2498 5099 ipsos
2535 5041 2959 5101 concurrerunt;
2992 5035 3084 5104 qui
3120 5039 3310 5093 renwti
3336 5055 3366 5093 a
3405 5052 3565 5112 gente

1985 5121 2314 5192 perantiqua
2369 5122 2524 5178 littus
2578 5123 2938 5194 Byzantinum
2989 5127 3334 5186 inhabitants
3371 5149 3566 5191 versus

1987 5212 2253 5267 orientem
2269 5215 2548 5283 sexaginta
2579 5215 2750 5270 millia
2781 5218 3084 5286 etamplius
3116 5226 3565 5290 numero,dill'usi

1984 5317 2160 5363 erant.
2212 5307 2432 5366 Latinos
2476 5310 2549 5364 illi
2599 5313 2929 5367 accusabant
2963 5316 3104 5383 quod
3134 5331 3162 5368 a
3193 5325 3571 5387 protosehasto

1987 5401 2404 5470 etimperatrice
2428 5411 2660 5468 stantes,
2696 5419 2793 5473 per
2817 5404 2935 5459 illos
2973 5405 3235 5462 Romanis
3274 5412 3413 5464 mala
3450 5429 3560 5467 mo-

1983 5493 2279 5547 liebantur.
2312 5491 2466 5558 Quod
2497 5496 2672 5565 reipsa
2696 5510 2755 5550 se
2779 5497 3034 5553 habebat.
3065 5497 3142 5554 Eo
3169 5503 3311 5556 enim
3345 5504 3571 5560 adducti

282 5585 350 5636 δι’
393 5583 651 5646 ἐκείνους
693 5580 988 5634 ἐϐούλευον
1036 5579 1178 5633 κατὰ
1220 5578 1508 5648 Ῥωμαίων
1551 5581 1717 5634 κακά.
1771 5582 1880 5634 Καὶ

1989 5585 2312 5654 imperatrix
2375 5596 2541 5656 atque
2597 5591 3030 5657 protosebastus,
3059 5603 3168 5646 uta
3196 5591 3570 5652 Romanorum

285 5673 353 5739 ᾖν
379 5675 603 5746 ἀληθῶς
631 5673 808 5736 οὕτως
837 5673 964 5742 ἔχον
992 5671 1055 5723 τὸ
1077 5671 1332 5742 πρᾶγμα.
1354 5671 1744 5732 Διεκπεσόντες
1776 5673 1884 5742 γὰρ

1993 5688 2184 5730 amore
2239 5677 2590 5742 exciderint,
2637 5679 2704 5734 ad
2752 5679 2980 5738 Latinos
3011 5683 3371 5752 aspiciebant,
3413 5689 3572 5743 donis

280 5785 372 5834 καὶ
433 5771 469 5841 ἡ
539 5769 809 5822 δέσποινα
867 5763 967 5817 καὶ
1023 5765 1052 5816 ό
1105 5761 1566 5832 πρωτοσεὸαστὸς
1623 5762 1721 5815 τοῦ
1779 5765 1884 5818 ὑπὸ

1993 5781 2058 5822 ac
2090 5767 2359 5838 imprimis
2406 5773 2696 5841 promissis
2731 5775 2883 5833 urbis
2929 5775 3251 5848 diripienda:
3279 5787 3335 5834 et
3369 5779 3573 5833 Roma-
