4084 6432
546 315 618 379 35
875 331 878 334 ’
1203 367 1208 371 .
1251 312 1675 375 EUSTATHII
1715 285 2475 376 THESSALONICENSIS
2515 307 3081 368 METROPOLlT/E
3742 307 3810 371 36

549 448 653 487 nos
715 431 823 486 illis
895 427 1219 500 subjiciendi
1270 429 1619 493 allicientes;
1663 425 1773 495 jam
1831 427 1998 477 etiam
2069 423 2134 475 ad

2252 421 2540 490 Ῥωμαίων
2590 423 2939 494 στέργεσθαι,
2987 419 3306 489 ἀπέϐλεψαν
3364 420 3603 508 είςιτοὺς
3645 423 3813 473 Λατί-

549 523 910 578 inchoandam
953 537 1187 592 pugnam
1227 520 1604 583 adduxissent,
1628 517 1731 571 nisi
1780 515 2130 569 Andronicus

549 616 662 668 cito
716 613 1146 668 transfretasset.
1201 614 1263 666 lli
1323 623 1525 672 autem,
1570 619 1628 664 ut
1665 609 1868 661 dictum
1917 615 2020 671 est,
2059 606 2127 658 ad

551 707 752 759 bellum
788 720 1006 759 saeium
1037 705 1405 774 peragendum
1453 703 1666 755 cotlecti
1694 707 1850 753 erant
1881 700 2124 768 quidem;

552 799 681 867 quia
728 808 908 850 autem
975 797 1108 849 illud
1159 797 1304 850 brevi
1349 794 1678 849 dissolutum
1726 792 1792 844 iri
1852 791 2131 852 videbam,

547 891 884 944 etiabantur.
917 888 990 942 De
1025 890 1124 941 hoc
1161 903 1264 940 non
1309 887 1582 939 iunnerito
1615 891 1943 937 accusantur
1986 878 2134 932 Lati~

546 983 602 1035 ni
624 997 639 1046 ;
661 981 792 1033 nihil
816 981 998 1038 dicere
1044 980 1335 1041 habebant,
1358 978 1488 1031 nihil
1524 986 1668 1030 certe
1693 977 1836 1029 unde
1868 974 2131 1026 innocen-

548 1082 628 1126 tes
662 1071 1154 1125 constituerentur.
1185 1067 1241 1122 ln
1276 1069 1384 1132 his,
1425 1069 1565 1121 heul
1613 1066 1984 1134 imprudenter
2007 1077 2134 1117 sus-

544 1161 720 1232 ceptis
768 1163 969 1215 malum
1011 1176 1266 1230 magnum
1341 1173 1540 1228 magno
1579 1157 1722 1210 malo
1755 1170 1950 1210 sanare
1985 1153 2133 1206 vole-

545 1254 674 1307 bant
706 1252 1098 1322 Paphlagones.
1141 1253 1275 1305 Cum
1302 1252 1444 1304 enim
1479 1247 1708 1318 ingressi
1739 1255 1923 1302 essent
1953 1243 2132 1312 Mega-

544 1345 766 1415 lopolim
798 1357 960 1415 atque
978 1343 1203 1398 Latinos
1221 1341 1715 1396 cireumvenissent
1734 1339 1977 1409 (omnino
2004 1349 2132 1388 vero

545 1436 843 1488 verisimile
891 1435 1178 1488 videbatur
1210 1433 1346 1486 alios
1374 1447 1436 1486 ex
1469 1442 1622 1500 parte
1649 1438 1973 1484 novaturum
2011 1427 2134 1479 illos

545 1527 884 1595 adjuturos),
934 1525 1166 1579 Latinos
1202 1541 1302 1578 nec
1338 1526 1592 1594 opinatos
1639 1521 2029 1594 aggrediuntur
2085 1526 2141 1571 et

545 1617 928 1672 crudelissime
967 1626 1220 1670 tractant.
1249 1615 1404 1670 Tune
1425 1615 1588 1669 etiam
1624 1615 1830 1669 semina
1853 1618 2135 1681 spargunt,

546 1721 783 1774 quorum
827 1721 928 1761 nos
976 1708 1243 1776 multique
1279 1706 1370 1758 alii
1400 1706 1682 1759 nobiscum
1725 1704 1778 1756 in
1807 1704 1977 1772 pratis
2010 1701 2141 1753 Pru—

2241 605 2338 657 τοῦ
2378 606 2478 675 τὴν
2533 607 2689 658 πόλιν

2245 531 2390 578 νους,
2417 515 2510 567 καὶ
2543 512 2737 582 δώροις
2765 516 3072 582 ἐπάραντες
3103 512 3196 564 καὶ
3231 510 3465 579 μάλιστα
3489 511 3816 580 ὑποσχέσεσι

2730 623 2790 658 τε
2837 603 3234 674 προνομεῦσαι,
3277 604 3371 654 καὶ
3423 604 3527 655 ὑπὸ
3569 603 3814 657 δουλείαν

2244 699 2428 759 αὐτοῖς
2466 699 2591 760 τοὺς
2629 696 2936 766 Ῥωμαίους
2979 697 3188 756 θέσθαι,
3240 695 3535 747 ἀνέπεισαν
3581 695 3680 763 ἥδη
3723 697 3816 747 καὶ

2247 789 2383 858 πρὸς
2414 789 2595 858 μάχην
2643 789 3024 856 ἐξαρτύεσθαι,
3053 789 3100 840 εί
3139 789 3214 856 μὴ
3241 787 3378 855 ταχὺ
3411 789 3438 838 ὁ
3483 785 3816 854 Ἀνδρόνικος

2246 879 2627 948 ἐπεραιώσατο
2647 895 2662 910 ⁶
2691 880 2746 932 οἴ
2773 896 2838 948 γε
2863 879 2960 956 καὶ
2989 877 3104 943 τοῦ,
3133 878 3208 940 ὡς
3237 879 3464 948 ἐρρέθη,
3491 877 3634 946 ἱεροῦ
3665 877 3818 931 πολέ-

2251 987 2356 1039 μου
2395 971 2807 1040 συνεφάψασθαι
2837 972 2958 1024 τότε
2991 971 3452 1041 προσελήφθησαν
3487 968 3605 1037 μὲν,
3639 969 3816 1039 ἤργη-

2248 1080 2348 1116 σαν
2373 1062 2429 1115 δὲ
2453 1064 2541 1116 διὰ
2573 1065 2633 1116 τὸ
2665 1064 2804 1134 ταχὺ
2841 1065 3047 1116 ἐκεῖνον
3077 1062 3326 1130 λυθῆναι.
3371 1061 3669 1114 Ἐπεκλᾶτο
3719 1062 3816 1130 μὲν

2245 1155 2340 1208 οῦν
2382 1157 2492 1218 τοῖς
2543 1155 2796 1218 Λατίνοις
2843 1153 2982 1224 αῦτη
3014 1154 3254 1216 αίτίασις
3305 1153 3364 1206 οὐ
3418 1152 3661 1223 ψευδής·
3711 1150 3820 1205 οὐδ’

2246 1246 2394 1318 εἶχον
2415 1249 2611 1308 εἰπεῖν.
2642 1247 2765 1301 οῦτε
2798 1249 2905 1318 μὴν
2934 1247 3110 1318 ἔχοιεν
3137 1246 3228 1312 ἂν,
3254 1245 3328 1309 ὡς
3349 1241 3488 1312 ἦσαν
3513 1244 3818 1313 ἄμεμπτοι.

2251 1339 2518 1409 Ἐμελλον
2547 1339 2628 1405 δέ,
2649 1339 2796 1410 οἴμοι
2817 1341 2829 1394 !
2853 1341 3007 1410 κακῷ
3042 1339 3265 1409 μεγάλῳ
3303 1339 3444 1408 μέγα
3472 1338 3644 1390 κακὶν
3672 1335 3824 1389 ἐκθε-

2251 1431 2524 1502 ραπεῦσαι
2543 1433 2593 1486 οἱ
2611 1433 2988 1501 Παφλαγόνες,
3013 1427 3095 1495 οἷς
3113 1433 3411 1501 ἀλογίστως
3434 1428 3819 1499 ἐθρασύναντο.

2252 1523 2600 1586 Εἰσελθόντες
2618 1525 2729 1594 γὰρ
2753 1525 2850 1594 τὴν
2876 1523 3278 1592 Μεγαλόπολιν,
3306 1523 3400 1578 καὶ
3423 1522 3823 1589 πλαγιάσαντες

2251 1615 2346 1668 ἐπὶ
2373 1616 2498 1678 τοὺς
2528 1617 2790 1679 Λατίνους
2838 1616 3005 1686 (εἰκὸς
3031 1616 3087 1668 δὲ
3122 1617 3341 1678 πάντως
3381 1615 3472 1668 καὶ
3495 1614 3686 1675 ἄλλους
3714 1611 3821 1665 τῶν

2249 1707 2473 1760 τοιαῦτα
2517 1708 2939 1777 νεωτερίζεσθαι
2983 1708 3281 1775 φιλούντων
3321 1705 3673 1778 συναίρεσθαι
3724 1704 3822 1758 αὺ-

548 1798 804 1867 serpinaa,
836 1807 898 1851 ut
945 1799 1015 1850 ita
1045 1797 1248 1860 dicam,
1288 1796 1597 1864 manipulos
1637 1795 1983 1864 collegimus.
2011 1790 2138 1847 Inde

2250 1802 2403 1867 τοῖς),
2433 1774 2760 1870 ἐπέρχονται
2794 1802 2908 1864 τοῖς
2953 1774 3230 1863 Λατίνοις,
3261 1800 3362 1852 οῦκ
3401 1774 3780 1862 ἂνέλπίζουσι
3805 1812 3820 1830 ·

546 1890 691 1943 enim
723 1889 863 1942 mala
897 1888 1185 1956 praesentia
1225 1888 1382 1941 nobis
1429 1898 1752 1941 evenerunt.

2247 1896 2340 1945 καὶ
2361 1895 2688 1946 διατίθενται
2708 1894 2776 1948 τὰ
2799 1894 3161 1947 ἐλεεινότατα.
3191 1893 3303 1947 Καὶ
3327 1894 3615 1964 σπέρματα
3636 1894 3822 1946 ἐκεῖνα

546 1984 1107 2054 προκαταϐάλλονται,
1145 1985 1236 2052 ἀφ’
1271 1976 1346 2034 ὧν
1387 1985 1550 2052 ἡμεῖς
1589 1984 1680 2035 καὶ
1722 1982 1909 2034 πολλοὶ
1971 1982 2152 2053 ’ἑτεροι
2191 1989 2286 2040 σὺν
2334 1990 2465 2057 ἡμῖν
2510 1989 2876 2060 τεθερίκαμεν
2942 1989 3207 2059 λειμῶνος
3273 1975 3648 2061 Περσεφόνης,
3681 1990 3822 2045 οὕτω

549 2079 738 2148 φάναι,
789 2078 1098 2147 δράγματα,
1169 2077 1408 2131 Ἐκεῖθεν
1453 2081 1561 2146 γὰρ
1609 2077 1740 2145 ἡμῖν
1779 2075 2009 2146 καθήκει
2081 2079 2146 2131 τὰ
2189 2081 2430 2150 παρόντα
2457 2083 2625 2138 κακά.

535 2213 538 2216 ’
620 2193 711 2248 29.
743 2192 914 2247 Porro
961 2201 1140 2246 autem
1190 2206 1422 2245 narrare
1457 2189 1751 2256 horrenda,
1800 2208 1920 2260 qua:
1960 2191 2142 2244 vider-

551 2290 682 2343 runt
710 2284 927 2351 Latini;
961 2286 1102 2351 ignis
1128 2283 1240 2352 qui,
1259 2284 1501 2351 exceptis
1531 2283 1692 2337 rebus
1719 2284 1766 2336 vi
1801 2283 2020 2348 ablatis,
2046 2300 2141 2337 nu-

551 2379 751 2433 triebat
786 2375 1097 2430 incendium
1135 2374 1279 2444 quod
1317 2373 1575 2436 Romani,
1598 2376 1688 2441 qui
1727 2375 1778 2427 in
1804 2389 1972 2427 naves
2007 2391 2141 2427 con-

551 2470 825 2542 fugerant,
853 2472 996 2521 circa
1041 2467 1272 2535 compita
1299 2505 1314 2530 ,
1341 2482 1435 2536 per
1485 2472 1667 2519 littora
1727 2467 1996 2542 fecerunt,
2019 2467 2139 2520 Iou-

551 2540 678 2634 gum
717 2571 865 2616 esset
912 2576 1072 2629 opus,
1111 2575 1216 2612 non
1265 2560 1440 2614 silum
1500 2560 1644 2627 quod
1669 2568 1860 2612 contra
1899 2540 2141 2612 annuales

551 2656 781 2711 Latinos
851 2656 1136 2705 irruebant
1199 2652 1395 2705 milites
1454 2650 1774 2712 Andronici,
1827 2649 1924 2703 sed
1995 2649 2140 2717 quod

550 2750 716 2804 etiam
741 2762 861 2815 erga
891 2755 996 2796 tam
1042 2744 1238 2796 multos
1269 2745 1466 2797 misere
1496 2751 1549 2796 et
1596 2743 1825 2796 sceleste
1864 2751 2137 2810 ageretur.

475 2895 486 2900 _
553 2841 810 2895 Mulieres
840 2838 982 2890 enim
1027 2837 1270 2904 ipsorum
1336 2849 1458 2886 cum
1524 2835 1765 2903 parvulis
1812 2833 1996 2903 gladio
2041 2847 2142 2885 ne-

553 2933 844 3000 cabantur.
881 2927 949 2978 At
989 2925 1091 2978 hee
1144 2934 1227 2978 est
1285 2923 1554 2990 imprimis
1605 2924 1981 2975 horrendum:
2026 2921 2138 2975 sei-

555 3024 688 3079 lieet
746 3022 1032 3074 venti-itus
1106 3028 1339 3069 matrum
1411 3013 1633 3068 dillissis
1697 3012 1900 3067 ferrum
1981 3011 2145 3066 [tctus

2321 2196 2424 2254 κθ’.
2461 2197 2568 2250 Kal.
2606 2197 2941 2267 ἀφηγεῖσθαι
2977 2195 3078 2265 μὲν
3112 2197 3179 2250 τὰ
3203 2197 3324 2250 τότε
3351 2197 3521 2262 δεινὰ,
3553 2198 3654 2252 ὅσα
3683 2194 3822 2252 εἶδον

2247 2293 2296 2344 οἱ
2328 2292 2567 2352 Λατῖνοι,
2625 2289 2685 2342 τὸ
2719 2293 2853 2359 πῦρ,
2901 2288 2930 2341 ὃ
2974 2290 3044 2342 τὰ
3101 2291 3219 2342 κατ’
3247 2289 3444 2351 αὐτοὺς
3494 2288 3821 2358 ἐπενείματο

2247 2384 2370 2452 δίχα
2421 2399 2484 2450 γε
2541 2381 2649 2435 τῶν
2693 2381 3153 2450 ἀφαρπαγέντων,
3197 2382 3322 2442 τοὺς
3363 2382 3504 2434 κατὰ
3546 2382 3821 2437 θάλατταν

2249 2476 2614 2544 ἐμπρησμοὺς
2665 2474 2730 2526 ὲκ
2767 2473 2863 2526 τοῦ
2908 2472 3062 2543 παρὰ
3107 2473 3401 2542 Ῥωμαίοις
3449 2473 3817 2544 ὠμὸρημένου

2251 2570 2423 2635 πυρὸς
2462 2569 2573 2629 τοῖς
2614 2567 2706 2618 ἐπὶ
2747 2565 2951 2619 πλοίων
2995 2565 3219 2634 φεύγειν
3265 2566 3565 2635 όρμήσασι,
3603 2566 3671 2618 τὰ
3700 2564 3821 2617 κατ’

2249 2657 2550 2726 αἰγιαλοὺς,
2574 2657 2644 2710 τά
2667 2659 2796 2728 περὶ
2822 2658 2919 2719 τὰς
2940 2657 3236 2726 ἀμφόδους,
3268 2656 3428 2726 ἔργον
3452 2655 3517 2709 ἂν
3541 2658 3633 2726 εἴη.
3659 2657 3821 2723 πολὺ,

2249 2753 2342 2803 καὶ
2368 2750 2441 2813 ὡς
2471 2751 2534 2801 οὐ
2571 2751 2732 2819 μόνον
2775 2750 2884 2802 τῶν
2918 2749 3260 2802 άνθοπλιτῶν
3296 2748 3543 2802 Λατίνων
3590 2749 3824 2818 κατεφέ-

2251 2860 2405 2906 ροντο
2436 2843 2485 2895 οἱ
2528 2842 2623 2894 τοῦ
2666 2843 3030 2913 Ἀνδρονίκου,
3061 2842 3197 2895 ἀλλὰ
3227 2841 3320 2894 καὶ
3353 2842 3499 2904 ὅσοις
3540 2857 3824 2912 περιεποι-

2249 2939 2359 2988 εἶτο
2390 2935 2539 2988 ἕλεον
2569 2935 2628 2988 τὸ
2666 2935 3011 3002 ἀπάλαμνον.
3057 2935 3168 2989 Kal
3200 2936 3460 3003 γυναῖκες
3503 2937 3613 3003 γὰρ
3641 2934 3820 2988 αὐτῶν

2248 3028 2607 3100 ἐρριπτοῦντο
2629 3027 2804 3097 ξίφεσι
2831 3031 2923 3081 καὶ
2950 3029 3147 3098 βρέφη.
3179 3029 3288 3081 Kal
3305 3028 3464 3081 τοῦτο
3487 3028 3585 3096 μέν
3609 3027 3782 3080 δεινόν
3803 3043 3816 3057 ·

554 3115 972 3176 obstetricahal,
991 3112 1178 3180 sicque
1204 3112 1250 3162 ei
1279 3109 1369 3176 qui
1397 3110 1572 3161 lucem
1605 3106 1756 3170 solis,
1779 3121 1883 3160 non
1911 3104 2140 3168 viderat,

2378 3121 2521 3174 οὕτω
2551 3121 2628 3183 δὲ,
2659 3121 2730 3183 ὡς
2761 3122 2848 3174 ὅτε
2885 3097 3294 3188 καὶγγαστέρων
3325 3121 3823 3190 ἀναῤῥηγνυμένων

555 3212 668 3262 orci
709 3208 949 3262 tenebrae
976 3191 1386 3259 sueiess'erant:
1415 3209 1664 3251 mortuus
1711 3209 1827 3250 erat
1851 3205 2142 3266 antequam

555 3295 748 3352 revera
786 3299 1032 3348 vixisset.
1061 3293 1176 3345 lloe
1207 3294 1382 3345 lerunt
1439 3299 1604 3358 atque
1635 3290 1894 3343 furiosius
1919 3297 2004 3342 est
2043 3285 2158 3342 eae.-~

557 3400 692 3444 teris
751 3393 1004 3442 lttsautts.
1046 3379 1453 3453 Tune'quoqne
1507 3383 1670 3452 periit
1701 3385 1784 3435 vir
1818 3395 1976 3435 sacer
2007 3381 2148 3432 inter

557 3483 812 3546 Latinos,
845 3483 1034 3534 nescio
1097 3494 1165 3532 an
1201 3493 1268 3530 ex
1311 3477 1482 3530 veteri
1535 3476 1706 3528 ltoma
1739 3475 1950 3542 legatus
1984 3487 2148 3525 vene—

559 3579 657 3641 rit,
691 3591 760 3627 au
793 3589 861 3626 ex
907 3572 1140 3634 Sicilia;
1177 3577 1323 3622 certe
1354 3578 1535 3620 autem
1599 3573 1720 3620 erat
1775 3567 1891 3620 sive
1945 3561 2148 3615 Bouia-

559 3685 688 3730 nus,
727 3668 842 3721 sive
900 3663 1142 3719 Saulus.
1202 3665 1405 3715 Αι-ιιοιι
1457 3659 1781 3732 simpliciter
1822 3657 2007 3726 periit,
2051 3653 2147 3710 sed

560 3765 788 3819 indutus
814 3761 1072 3814 omnibus
1094 3757 1268 3811 sacris
1290 3752 1654 3814 vestimentis,
1685 3765 1808 3820 qua:
1841 3758 1899 3803 ut
1929 3758 2146 3803 scutqu

559 3865 756 3911 contra
807 3867 958 3908 arma
1002 3854 1243 3904 hostium
1311 3847 1603 3911 induerat,
1659 3845 1706 3899 si
1757 3843 1901 3898 forte
1970 3843 2146 3912 ipsum

560 3948 663 4002 viri
702 3945 917 4002 scelesti
951 3943 1238 3999 reverituri
1271 3949 1474 3995 essent.

634 4257 727 4312 50.
765 4257 894 4308 time
924 4263 1102 4307 autem
1137 4252 1295 4305 nobis
1321 4249 1539 4304 luerunt
1574 4257 1785 4302 tantum
1817 4247 1956 4302 levia
1990 4248 2146 4316 signa

563 4364 754 4405 eorum
792 4363 913 4417 quae
941 4325 1085 4416 passi
1115 4361 1328 4398 sumus.
1353 4343 1576 4414 Templa
1605 4343 1749 4397 enim
1785 4342 1874 4395 Dei
1899 4341 2011 4409 jam
2035 4355 2144 4394 non

2253 3216 2533 3284 μητρικῶν
2582 3213 2844 3284 ἐμαιοῦτο
2895 3215 3116 3284 σίδηρος
3169 3213 3236 3266 τὰ
3285 3212 3520 3283 ἔμϐρυα,
3575 3215 3668 3266 καὶ
3715 3211 3824 3283 πρὸ

2249 3308 2398 3375 ὥρας
2440 3308 2730 3375 βλέποντος
2761 3307 2915 3376 ἡλίου
2942 3307 3003 3358 τὸ
3048 3305 3244 3374 μικρὸν
3272 3307 3299 3357 ό
3330 3306 3423 3358 τοῦ
3457 3304 3585 3375 ᾆδου
3629 3306 3824 3368 σκότος

2252 3397 2634 3465 μετεξεδέχετο
2675 3397 2826 3458 αὐτὸ,
2873 3395 3160 3465 τεθνηκὸς,
3200 3394 3366 3465 πρινὴ
3416 3395 3510 3447 καὶ
3552 3393 3720 3464 ζῆσαι
3764 3395 3823 3448 τὸ

2250 3489 2476 3543 τὲλειον.
2531 3489 2809 3559 Θηριῶδες
2869 3489 3027 3540 τοῦτο
3083 3487 3176 3540 καὶ
3219 3486 3556 3557 ἀσύγκριτον
3600 3487 3824 3556 μανίαις

2251 3581 2488 3648 ἑτέραις.
2529 3581 2736 3632 Ἔπεσε
2779 3581 2898 3632 τότε
2947 3579 3043 3632 καὶ
3079 3577 3218 3649 ἀνὴρ
3261 3577 3404 3649 ἱερὸς
3449 3581 3507 3632 ἐν
3546 3579 3821 3645 Λατίνοις,

2249 3674 2350 3724 οῦκ
2404 3669 2502 3724 οἷδ’
2539 3673 2648 3724 εἴτε
2687 3671 2794 3725 ἀπὸ
2848 3671 2945 3740 τῆς
2982 3671 3361 3741 πρεσϐυτέρας
3402 3671 3555 3741 ἥκων
3602 3669 3825 3741 Ῥώμης

2250 3767 2392 3818 κατὰ
2430 3764 2746 3834 πρεσϐείαν,
2778 3762 2888 3815 εἴτε
2913 3761 3251 3826 Σικελίαθεν,
3283 3762 3496 3823 πάντως
3519 3761 3575 3814 δὲ
3613 3761 3646 3832 ἢ
3685 3762 3826 3815 Ῥω-

2253 3861 2409 3927 pato;
2441 3857 2518 3910 ὢν
2548 3857 2580 3926 ἢ
2615 3856 2854 3919 Σικελός.
2898 3856 3008 3908 Καὶ
3051 3854 3151 3924 οὐχ
3194 3853 3385 3915 ἁπλῶς
3437 3851 3654 3913 ἔπεσεν.
3685 3853 3828 3913 ἀλλὰ

2251 3953 2390 4022 μετὰ
2435 3953 2533 4018 τῆς
2591 3950 2722 4017 παρ’
2772 3948 2965 4018 ἐκείνῳ
3018 3948 3169 4016 ἱερᾶς
3203 3945 3332 4015 ὅλης
3382 3944 3700 4017 περιϐολῆς,
3759 3944 3825 4016 ἢν

2248 4042 2429 4093 ὅπλων
2457 4040 2749 4111 πρόϐλημα
2781 4030 3088 4109 περιέθετο,
3116 4041 3172 4094 εί
3189 4056 3305 4104 πως
3337 4042 3498 4095 αὐτὸν
3517 4039 3826 4095 αἰδέσονται

2245 4133 2293 4183 οί
2335 4133 2514 4184 κακοί.

2319 4267 2382 4324 λ’.
2415 4272 2523 4349 Kal
2547 4271 2741 4339 γέγονε
2775 4270 2868 4324 καὶ
2894 4272 3067 4325 ταῦτα
3095 4273 3229 4343 ἡμῖν
3261 4273 3715 4343 προκεντήματα,
3749 4269 3827 4330 ὧν

2249 4359 2548 4430 ἐπάξομεν.
2596 4362 2756 4429 Ἡμῖν
2791 4364 2900 4432 γὰρ
2927 4364 3049 4417 οὐδὲ
3080 4365 3128 4416 ol
3159 4365 3280 4417 ναοὶ
3310 4363 3403 4417 τοῦ
3442 4363 3578 4418 Θεοῦ
3607 4365 3824 4422 ἄσυλοι.

561 4423 794 4497 luerunt
843 4440 1005 4495 nobis
1037 4438 1208 4509 asyla.
1261 4437 1588 4505 Neutiquam
1621 4435 1954 4490 inviolabilia
1993 4450 2140 4486 man-

2254 4453 2387 4504 Οῦδέ
2423 4423 2530 4523 γὰρ
2578 4423 2686 4506 οὑδί
2729 4423 2886 4507 αὐτοὶ
2923 4455 3185 4525 άχραντοι
3229 4455 3479 4526 ἔμειναν,
3507 4457 3596 4510 ὅτε
3634 4457 3826 4528 νεκροὶ

567 4542 780 4597 serunt,
816 4548 936 4588 eum
968 4532 1168 4600 ubique
1205 4530 1513 4599 pavimenta
1551 4543 1739 4583 eorum
1782 4526 2144 4581 cadaveribus

569 4635 848 4683 constrata
881 4625 1218 4686 visebantur,
1269 4622 1412 4675 inter
1460 4636 1581 4690 qua:
1621 4621 1717 4674 viri
1757 4621 1919 4676 sacri.
1955 4638 1973 4671 ι
2001 4621 2144 4674 San-

573 4715 744 4786 guine
781 4715 1064 4782 conspersi
1099 4722 1229 4766 sunt
1258 4713 1398 4766 muri
1443 4727 1741 4780 omnesque
1767 4711 2010 4781 pulchrae
2037 4720 2146 4765 tra-

569 4807 666 4860 bes
713 4823 731 4855 ι
775 4819 938 4873 supra
965 4818 1101 4872 quas
1127 4816 1284 4857 saera
1318 4810 1459 4856 tecta
1496 4802 1721 4856 humilia
1764 4803 2142 4871 erigebantur.

566 4899 635 4951 At
676 4899 789 4950 haec
827 4906 1033 4964 postea.
1059 4894 1215 4948 Tune
1250 4909 1380 4950 vero
1424 4904 1570 4948 tanta
1609 4895 1750 4948 mala
1784 4895 1991 4965 operati
2019 4903 2146 4949 sunt

573 4987 867 5059 Latini,_ut
905 5001 1070 5040 causa
1099 4987 1396 5041 Andronici
1431 4985 1636 5041 absolvi
1672 5001 1702 5040 a
1742 4987 1920 5052 nobis,
1949 5000 2147 5041 eausa-

567 5095 675 5148 que
703 5093 891 5133 eorum
914 5093 941 5130 a
972 5076 1079 5130 Deo
1101 5079 1277 5131 audiri
1324 5078 1623 5132 videretur.

641 5172 732 5225 3t.
796 5170 888 5222 Sic
954 5169 1123 5234 igitur
1181 5170 1661 5234 AntlTOIIiCUS,lﬂ
1721 5168 1848 5223 alibi
1886 5169 2141 5238 legimus,

570 5264 624 5317 in
659 5262 849 5314 urbem
877 5261 980 5313 viis
1007 5260 1132 5313 latis
1170 5268 1396 5315 stratam
1439 5263 1720 5333 ingressus
1743 5269 1846 5315 est.
1866 5261 2018 5316 Finis
2037 5276 2142 5315 cae-

569 5354 1206 5429 terorumaetuumejus
1237 5353 1363 5417 fuit,
1394 5367 1492 5421 pro
1531 5367 1700 5442 βίη-ιο
1751 5353 1970 5422 quidem
2013 5364 2148 5408 tem-

572 5461 705 5515 pere
728 5485 740 5506 .
775 5447 1060 5512 imperium
1094 5443 1260 5498 certis
1315 5445 1721 5505 conditionibus
1776 5445 1984 5514 juniori
2024 5447 2147 5500 Ale-

572 5539 662 5591 xio
717 5537 1077 5602 continuare,
1140 5549 1170 5588 a
1223 5543 1490 5606 potestate
1541 5551 1670 5591 vero
1735 5549 1960 5591 matrem
2029 5539 2147 5609 ejus

573 5643 854 5694 amovere,
897 5640 1186 5699 poStquam
1279 5628 1651 5698 supradictum
1703 5631 2144 5700 protosebastum

573 5721 754 5792 ipsum
785 5714 1118 5811 amovi'sset,’
1143 5720 1241 5780 bas
1290 5720 1560 5793 primitias
1588 5721 1885 5795 Erinnydis
1916 5725 2144 5782 donans.

2255 4543 2355 4613 μὲν
2377 4540 2714 4611 ἐστρώννυον
2746 4544 2928 4608 αὐτοῖς
2957 4546 3056 4608 τὰς
3083 4546 3357 4616 κρηπῖδας
3385 4546 3740 4614 παντοδαποὶ,
3765 4551 3827 4603 ἐν

2253 4629 2332 4695 οἷς
2364 4635 2459 4686 καὶ
2491 4633 2615 4702 ἱερὰ
2649 4634 2949 4704 πρόσωπα·
2986 4653 3004 4687 ι
3045 4636 3250 4704 Αἴματι
3279 4638 3323 4691 δ’
3361 4637 3627 4709 ἐῤῥάδατο
3653 4641 3828 4710 τοῖχοι

2253 4725 2416 4778 καλαί
2472 4743 2531 4777 τε
2589 4726 2878 4796 μεσόδμαι,
2922 4745 2940 4779 ι
2990 4728 3123 4799 παρ’
3168 4729 3314 4793 ὅσοις
3347 4731 3403 4782 al
3447 4730 3592 4801 ἱεραὶ
3630 4732 3826 4799 στέγαι

2251 4817 2509 4867 ταπειναί
2540 4814 2760 4886 ᾔροντο.
2814 4815 2978 4869 Ἀλλὰ
3005 4817 3178 4872 ταῦτα
3203 4818 3302 4888 μὲν
3330 4817 3576 4890 ὕστερον.
3611 4820 3744 4873 Τότε
3767 4817 3826 4872 δέ

2251 4908 2473 4978 τηλίκον
2502 4903 2570 4976 ἦν
2603 4907 2665 4960 τὸ
2698 4907 2872 4961 κακὸν
2895 4908 3009 4971 τοῖς
3031 4909 3305 4976 Λατίνοις,
3344 4910 3420 4972 ὡς
3451 4910 3826 4980 ἐκϐοήσαντας

2253 4995 2394 5050 κατὰ
2416 4994 2509 5047 τοῦ
2544 4994 2888 5066 Ἀνδρονίκου
2910 4995 3090 5049 δοκεῖν
3112 4995 3475 5066 δικαιωθῆναι
3502 4997 3624 5052 καθ’
3641 4999 3825 5069 ἡμῶν,

2253 5090 2348 5142 καὶ
2381 5089 2654 5151 ἀκουστὰς
2683 5089 2803 5158 Θεῷ
2844 5089 3097 5157 γενέσθαι
3128 5089 3226 5152 τὰς
3258 5088 3507 5160 αἰτήσεις
3544 5089 3749 5144 αὐτῶν.

2322 5183 2424 5236 λα’.
2475 5184 2586 5236 Kal.
2649 5181 2793 5249 οὕτω
2860 5183 2980 5252 μὲν,
3037 5182 3112 5246 ὡς
3163 5181 3302 5252 ἔφθη
3346 5182 3824 5253 στενολεσχήσαςό

2251 5275 2429 5342 λόγος,
2465 5276 2658 5328 κατέδυ
2708 5275 2863 5328 πόλιν
2909 5275 3124 5345 ἐκείνην
3169 5275 3504 5343 εὐρυάγυιαν
3534 5276 3562 5327 ὁ
3607 5275 3823 5345 Ἀνδρό-

2252 5383 2423 5428 νικος.
2472 5367 2580 5420 Καὶ
2619 5363 2686 5438 ἦν
2717 5365 2918 5428 σκοπὸς
2954 5366 3102 5436 αὐτῷ
3149 5365 3244 5418 τοῦ
3277 5367 3464 5420 λοιποῦ
3491 5367 3600 5420 τῶν
3627 5366 3824 5436 ἐφεξῆς

2254 5458 2510 5528 πράξεων
2540 5459 2634 5511 καὶ
2677 5457 2896 5527 ἀληθῶς
2927 5457 3192 5528 προῦργῳ
3225 5459 3526 5530 στερεῶσαι
3548 5454 3657 5528 ’μὲν
3687 5459 3822 5527 πρὸς

2257 5550 2455 5620 μικρὸν
2477 5549 2575 5618 τὴν
2601 5549 2878 5618 βασιλείαν
2907 5550 3226 5621 ἐμπορικῶς
3253 5551 3328 5619 τῷ
3359 5551 3540 5622 μικρῷ
3579 5552 3822 5622 Ἀλεξίῳ,

2256 5644 2586 5694 κατασείσαι
2634 5641 2690 5693 δὲ
2744 5642 2844 5710 τῆς
2899 5644 3294 5712 κραταιότητος
3331 5645 3431 5712 τήν
3481 5660 3540 5696 τε
3587 5645 3821 5714 μητέρα,

2258 5734 2380 5788 ἐπεὶ
2420 5733 2510 5786 τὸν
2555 5733 2940 5805 ἱστορούμενον
2995 5735 3448 5805 πρωτοσεϐαστὸν
3507 5736 3818 5791 ἀποσκευάς
