4084 6436
347 361 422 425 37
1147 355 1240 415 DE
1277 354 1849 417 THESSALONICA
1883 350 2090 412 URBE
2140 352 2525 414 NLATINIS
2571 352 2828 412 CAPTA.
3556 347 3628 409 38

350 492 520 539 σοιτο,
557 470 898 545 πρωτόλειον
945 470 1155 523 ἐκεῖνον
1197 471 1507 541 Ἐριννύσιν
1558 470 1770 531 ἐκδούς.
1832 469 1937 520 Καὶ

2050 468 2107 521 ln
2164 468 2248 521 his
2297 469 2490 536 primis
2548 483 2729 522 rerum
2778 466 3040 537 auspiciis
3104 465 3426 535 permansit.
3468 465 3623 519 Tunc

346 569 656 634 κατέμενεν
684 563 834 617 οὕτω
868 559 1247 631 προκεντῆσαι
1302 561 1404 624 τὰς
1469 561 1578 612 τῶν
1645 560 1936 628 πρακτέων

2040 559 2359 629 jusjuranda
2418 560 2581 625 fecit,
2636 560 2785 613 varia
2832 567 2888 614 et
2937 559 3144 624 multa,
3183 571 3417 628 quorum
3451 572 3622 612 unum

346 659 548 728 ἀρχάς.
585 658 696 709 Καὶ
736 653 1024 707 ὡσιώσατο
1060 655 1157 724 μὲν
1190 651 1424 706 ἐνταῦθα
1457 652 1552 705 καὶ
1589 652 1809 722 ὅρκους,
1842 649 1937 701 καὶ

2044 648 2146 702 fuit
2192 648 2609 718 pronuntiatum
2666 662 2832 717 super
2889 662 3090 718 magno
3147 656 3201 702 et
3238 647 3619 703 sacratissimo

314 748 317 749 ⁷
347 749 553 809 αὐτοὺς
578 743 723 807 οἴους
757 745 852 797 καὶ
885 744 1065 807 ὅσους,
1084 737 1157 794 ὧν
1176 739 1256 804 εἷς
1273 742 1366 795 καὶ
1393 744 1421 795 ὁ
1450 742 1544 794 ἐπὶ
1570 740 1664 794 τοῦ
1695 741 1936 811 μεγάλου

343 835 732 889 πανσεδεὶστου
774 835 1027 905 βήματος
1058 832 1526 902 τεθεμελιωμένος
1559 834 1638 890 εἰς
1671 832 1934 907 κρηπῖδα,

343 928 417 997 ἣν
441 928 544 980 οὐκ
563 928 682 978 ἐστι
709 927 1039 978 κατασεῖσαι
1068 924 1442 992 Χριστιανοῖς.
1470 923 1565 985 Εἰς
1582 923 1712 975 αὐτὸ
1736 919 1843 989 γὰρ
1868 916 1935 990 ἦν

345 1016 738 1087 συμπεπηνὼς
794 1017 856 1069 τὸ
894 1015 1038 1086 αἷμα
1083 1016 1178 1068 καὶ
1221 1016 1282 1068 τὸ
1337 1008 1500 1085 σῶμα
1547 1016 1643 1068 τοῦ
1678 1015 1934 1082 Σωτῆρος

342 1113 615 1179 Χριστοῦ,
660 1110 731 1162 τὰ
760 1111 897 1162 πᾶσι
931 1109 1139 1178 φρικτὰ
1184 1108 1279 1160 καὶ
1318 1108 1589 1175 πάντιμα.
1630 1105 1836 1158 Ἐδίδου
1877 1105 1932 1157 δὲ

342 1204 605 1256 ὗπονοείι
637 1202 946 1268 ἀσφάλειαν
981 1200 1221 1263 πίστεως
1253 1198 1543 1270 βασιλικῆς
1588 1198 1683 1250 καὶ
1724 1196 1786 1250 τὸ
1834 1195 1932 1263 τῆς

335 1294 739 1363 ταπεινότητος
798 1277 1272 1363 ψευδεπίγραφον.
1341 1291 1502 1345 Πεδοῖ
1559 1291 1670 1362 γὰρ
1740 1289 1932 1343 ἑαυτὸν

340 1385 518 1457 ῥίψας
573 1387 601 1437 ό
657 1385 1023 1455 Ἀνδρόνικος,
1071 1384 1169 1439 καὶ
1221 1382 1431 1438 ἁπαλὸν
1467 1383 1749 1454 βασιλικὸν
1795 1382 1931 1435 πόδα

334 1479 495 1548 χειρὶ
549 1477 692 1547 ἄρας
740 1478 950 1547 ἠρέμα,
983 1475 1061 1545 τῷ
1109 1475 1338 1547 σκληρῷ
1389 1475 1649 1547 τραχήλῳ
1677 1474 1926 1538 ἐπέθετο,

334 1565 664 1636 φαντάζων,
702 1566 779 1630 ὡς
813 1566 990 1629 οὕτως
1026 1566 1133 1619 ὑπὸ
1166 1566 1309 1620 πόδα
1340 1564 1420 1636 τῷ
1459 1563 1674 1636 βασιλεῖ
1704 1564 1792 1619 ἀεὶ
1821 1580 1928 1616 πα-

331 1662 595 1729 τήσεται.
648 1661 762 1714 Καὶ
784 1661 845 1713 ού
874 1659 1037 1728 μόνον
1056 1675 1071 1691 ⁶
1100 1660 1237 1714 ἀλλὰ
1271 1659 1366 1714 καὶ
1397 1659 1704 1729 ὲλαφρίσας
1728 1658 1928 1710 ἐπεκά-

335 1751 500 1805 θισεν
532 1749 672 1821 ὤμῳ
700 1750 971 1821 σφετέρῳ.
1003 1749 1143 1819 πρὸς
1179 1749 1452 1820 σύμϐολον
1499 1746 1780 1804 καὶτοῦτο
1825 1745 1921 1800 τοῦ

335 1839 427 1902 εἰς
453 1838 702 1906 κεφαλὴν
723 1838 888 1891 αὐτὸν
917 1837 1089 1908 ἔχειν,
1117 1837 1372 1907 καθάπερ
1397 1838 1568 1895 ὅσιον.

415 1928 522 1999 λβ¹.
556 1924 734 1983 Ἦσαν
761 1929 954 1983 ταῦτα.
999 1932 1108 1984 Καὶ
1137 1932 1185 1984 οἱ
1218 1931 1318 2007 μὲν
1346 1930 1789 2001 ἀγχινούστεροι,
1829 1945 1923 1983 και

2040 750 2300 810 suggesto
2357 742 2409 795 in
2438 742 2616 795 media
2679 750 2888 799 statuto
2958 742 3214 805 ecclesia,
3259 740 3405 807 quod
3461 740 3624 794 Chri-

2039 836 2233 889 stianis
2262 834 2571 888 inviolabile
2600 843 2704 898 est,
2750 835 2914 902 idque
2951 851 3017 889 eo
3054 836 3228 905 magis
3262 834 3405 903 quod
3431 846 3620 887 coram

2036 925 2303 994 sanguine
2331 938 2384 978 et
2414 940 2641 993 corpore
2662 924 2867 979 Christi
2890 924 3209 987 Salvatoris,
3226 941 3346 995 quae
3364 923 3622 978 omnibus

2036 1017 2323 1069 tremenda
2353 1021 2481 1068 sunt
2506 1029 2571 1069 ac
2605 1015 2933 1082 veneranda,
2955 1016 3201 1084 jnratum
3242 1015 3438 1070 fuerat.
3466 1015 3619 1070 Fecit

2034 1121 2162 1159 vero
2196 1114 2254 1159 ut
2285 1106 2703 1174 suspicarentur
2741 1109 3103 1163 constantiam
3142 1107 3264 1163 ﬁdei
3313 1108 3617 1177 imperato-

2034 1196 2130 1250 ria:
2157 1197 2331 1265 deque
2380 1200 2645 1266 obsequio
2673 1199 2846 1268 ipsius
2888 1199 3124 1253 mendax
3150 1200 3441 1270 scriptum.
3480 1198 3620 1254 Cum

2031 1289 2179 1343 enim
2214 1289 2363 1342 humi
2402 1290 2789 1357 procubuisset
2817 1291 3188 1357 Andronicus,
3226 1290 3617 1360 modicumque

2034 1394 2195 1432 manu
2257 1379 2595 1435 sublevasset
2675 1381 2863 1451 pedem
2948 1380 3241 1434 delicatum
3312 1379 3624 1447 imperato-

2032 1471 2130 1535 ris,
2150 1478 2329 1524 erecto
2381 1473 2523 1525 collo
2567 1475 2801 1527 surrexit
2826 1514 2840 1537 ,
2873 1472 3189 1542 signiﬁcans
3211 1488 3271 1526 se
3305 1473 3384 1525 sic
3408 1486 3625 1540 semper

2029 1563 2132 1619 sub
2180 1563 2405 1633 pedibus
2457 1564 2796 1634 imperatoris
2852 1564 3092 1618 futurum
3137 1578 3278 1619 esse.
3356 1560 3468 1617 Nec
3515 1563 3625 1616 hoc

2030 1655 2228 1719 solum,
2299 1655 2391 1711 sed
2435 1671 2622 1711 eorum
2662 1658 2913 1726 exemplo
2964 1658 3229 1712 insistens
3297 1655 3626 1727 significavit

2029 1747 2175 1816 quod
2203 1761 2324 1815 quas
2355 1746 2587 1802 habebat
2626 1747 2683 1803 in
2707 1748 2911 1815 animo,
2938 1763 3060 1803 cum
3097 1746 3359 1818 religione
3389 1745 3628 1801 associa-

2031 1845 2143 1893 tum
2173 1835 2312 1893 fore.

2093 1929 2180 1986 32.
2232 1927 2385 1984 Talia
2445 1930 2550 1984 ista
2601 1939 2775 1985 erant.
2825 1908 2928 1985 Alii
2972 1941 3150 1986 autem
3202 1928 3614 2000 prudentiores,

333 2015 450 2074 οἷοι
477 2021 626 2092 ἔχειν
673 2022 735 2075 τὺ
781 2022 1002 2092 ἀληθῶς
1033 2023 1387 2092 εὐεπήὸολον,
1428 2023 1639 2078 ὤκνουν
1681 2020 1817 2092 πρὸς
1842 2019 1924 2092 τῷ

2037 2021 2326 2092 meliusque
2378 2022 2763 2091 dignoscemes
2801 2026 2928 2093 quid
2986 2025 3056 2079 sit
3092 2025 3200 2100 veri
3263 2024 3315 2077 in
3357 2023 3627 2095 speciosis

334 2112 501 2184 ἀνδρὶ
533 2109 698 2178 εἶναι,
735 2115 797 2167 οὐ
832 2115 978 2168 πάνυ
1022 2114 1211 2168 πολλοὶ¹
1234 2117 1457 2180 ἐκεῖνοι,
1499 2114 1560 2169 εὖ
1599 2117 1925 2185 δτιμαλιστα

2037 2112 2207 2177 dictis,
2243 2112 2317 2167 illi
2372 2114 2647 2168 adhaerere
2702 2114 3046 2181 dubitabant,
3069 2130 3176 2169 non
3201 2126 3381 2169 tamen
3422 2124 3621 2184 magno

337 2204 573 2268 εἰδότες,
604 2200 718 2268 οἷος
758 2205 1078 2259 πέπλαστοο
1127 2209 1175 2261 οἱ
1229 2208 1288 2261 δὲ
1345 2208 1565 2271 πλείους
1612 2207 1928 2278 παρήγοντο

337 2295 440 2348 τοῦ
481 2296 749 2365 ἀληθοῦς·
795 2300 889 2350 καὶ
935 2298 1272 2368 ἡνθισμένας
1314 2303 1418 2363 τὰς
1456 2301 1667 2355 ἐκείνου
1704 2298 1929 2369 τρίϐους

340 2384 607 2454 ὁρῶντες,
625 2387 751 2449 τοὺς
779 2386 1038 2456 βοθύνους
1065 2389 1164 2459 οὐχ
1185 2388 1573 2449 ὑπεϐλέποντο.
1603 2389 1802 2458 ἀγαθοὶ
1833 2389 1930 2443 καὶ

339 2467 493 2528 οὗτοι
509 2492 577 2543 γε
602 2473 755 2538 ὄντες
780 2477 1122 2545 Χριστιανοὶ,
1153 2478 1245 2531 καὶ
1265 2478 1514 2548 λογισμῷ
1541 2476 1926 2547 διοικούμενοι,

342 2565 424 2628 ὡς
454 2565 558 2621 οὐκ
586 2567 695 2636 ἄρα
728 2568 1004 2630 τοιούτους
1034 2569 1230 2638 ὅρκους
1265 2568 1492 2638 συγχέαι
1521 2567 1930 2638 κατατολμήσει

345 2655 661 2727 ἄνθρωπος.
713 2660 902 2726 γένους
950 2655 1011 2715 εὖ
1047 2659 1207 2730 ἔχων,
1243 2660 1335 2713 καὶ
1363 2660 1506 2731 ὁρῶν
1550 2659 1621 2713 τὰ
1659 2658 1753 2714 τοῦ
1792 2658 1930 2712 Θεοῦ

344 2749 528 2813 ἄλλως
558 2751 875 2823 ὲπιρῤεπὼς
915 2751 1109 2822 ἔχοντα
1143 2754 1281 2822 πρὸς
1314 2754 1498 2817 αὐτὸν,
1524 2755 1619 2806 καὶ
1650 2768 1931 2806 πεπιστω-

350 2841 516 2910 μένος
548 2842 748 2912 χρῆναι
781 2842 1096 2910 βασιλεῦσιν
1134 2845 1324 2910 εἴκειν,
1369 2840 1451 2909 οἷς
1487 2847 1522 2916 ἡ
1555 2846 1717 2915 φύσις
1748 2844 1937 2899 ἀλυσι-

346 2932 574 2987 δὼσασα
605 2936 709 3004 τὴν
749 2936 1031 3006 βασιλείαν
1058 2939 1360 3007 ἡρμόσατο,
1403 2939 1500 2994 καὶ
1530 2942 1591 2993 τὸ
1621 2940 1722 3010 τῆς
1752 2939 1935 3011 ἀρχῆς

350 3026 629 3097 μήρυγμα
655 3022 718 3080 εὖ
750 3028 1153 3085 συνεκλώσατο.

2028 2221 2259 2259 nurnero
2294 2244 2311 2269 ,
2354 2212 2541 2275 utpote
2589 2204 2796 2275 optime
2870 2217 3159 2261 noscentes
3229 2205 3381 2277 quali
3441 2207 3630 2261 indole

2027 2302 2196 2353 esset.
2232 2296 2487 2368 Plerique
2533 2312 2661 2352 vero
2705 2299 2839 2351 citra
2896 2314 3083 2353 verum
3132 2308 3325 2362 erant;
3381 2296 3611 2352 ﬂoribus

2030 2402 2253 2458 sparsos
2286 2404 2508 2458 gressus
2541 2389 2660 2458 ejus
2684 2390 2954 2455 videntes,
2982 2392 3208 2461 abyssos
3233 2406 3337 2444 non
3367 2388 3620 2457 suspica-

2030 2480 2232 2536 bantur
2274 2482 2327 2534 hi
2368 2481 2493 2534 bnni
2516 2481 2841 2546 Christiani,
2868 2483 3082 2551 hocque
3108 2483 3401 2537 ratiocinio
3436 2480 3614 2545 ducti,

2033 2586 2140 2626 non
2179 2571 2304 2624 talia
2340 2585 2404 2625 ac
2427 2581 2575 2625 tanta
2600 2572 2904 2640 iuramenta
2926 2573 3254 2626 violaturum
3282 2589 3406 2627 esse
3440 2573 3627 2626 homi-

2033 2675 2159 2716 nem
2183 2662 2337 2717 bonaa
2367 2662 2588 2729 indolis,
2622 2647 2893 2717 videntem
2920 2665 3055 2719 alias
3088 2666 3226 2719 bona
3251 2663 3339 2718 Dei
3361 2663 3427 2718 ad
3457 2678 3515 2716 se
3540 2663 3628 2716 in-

2033 2753 2195 2819 ﬂexa,
2240 2753 2546 2825 decoreque
2594 2771 2714 2811 esse
2748 2759 2957 2811 lidelem
2992 2758 3448 2821 imperatoribus,
3501 2753 3627 2824 qui-

2035 2846 2141 2902 bus
2173 2856 2365 2902 natura
2389 2889 2403 2913 ,
2435 2849 2594 2917 quasi
2653 2858 2928 2914 catenam,
2972 2849 3293 2919 dignitatem
3329 2849 3625 2916 imperato-

2034 2943 2172 2995 riam
2204 2941 2463 3011 alligavil,
2501 2943 2841 3012 staminaque
2879 2950 2997 2996 arte
3043 2941 3316 2996 convolvit
3350 2939 3632 3011 principa-

2038 3041 2153 3087 tus.

420 3118 526 3186 λγι.
564 3119 671 3173 Καὶ
704 3119 852 3173 οὕτω
884 3121 985 3190 μὲν
1015 3122 1064 3175 el
1098 3121 1429 3192 ξύμπαντες.
1469 3123 1529 3178 '0
1554 3123 1610 3177 δὲ
1638 3123 1707 3177 τὰ
1739 3125 1934 3195 πρῶτα

2106 3124 2197 3179 55.
2242 3125 2444 3182 Omnes
2501 3129 2716 3197 quidem
2777 3128 2862 3197 sic
2913 3120 3299 3198 opinabantur.
3349 3124 3445 3179 ille
3475 3136 3625 3189 vero,

348 3208 647 3263 κολακείαν
666 3212 1047 3280 σκευωρήσας,
1071 3211 1144 3274 ὡς
1164 3212 1544 3282 ὑπαγαγέσθαι
1562 3215 1624 3268 τὸ
1635 3215 1931 3281 πολιτικὸν,

350 3300 450 3353 καὶ
470 3299 703 3362 ἀνύσας,
728 3300 758 3353 ὃ
790 3299 1080 3370 προῦθετο,
1115 3299 1236 3355 εἶτα
1265 3304 1361 3357 καὶ
1404 3304 1729 3370 ἀκκίζεσθαι
1774 3322 1938 3376 προε-

350 3391 575 3455 ϐάλετο,
610 3384 699 3444 οἷα
723 3394 783 3445 έν
812 3390 892 3461 τῷ
919 3393 1216 3464 προρῤέειν
1247 3395 1340 3448 ἐπὶ
1371 3394 1562 3464 ἀγαθῷ
1587 3399 1686 3467 τῆς
1727 3396 1937 3460 πόλεως

350 3482 741 3553 ἐπιτυγχάνων
795 3486 1235 3558 καταρράκταις,
1274 3489 1436 3558 οἵπερ
1480 3489 1628 3561 αὐτῷ
1658 3489 1947 3560 ἀναχαιτία

354 3573 510 3636 ζουσι
543 3572 608 3625 τὸ
639 3572 821 3643 ῥεῦμα.
848 3574 922 3638 ὠς
958 3576 1040 3639 είς
1066 3576 1345 3649 ἀνάρῤουν
1370 3578 1512 3633 τινά.
1548 3580 1641 3632 Διὸ
1674 3582 1769 3634 καὶ
1803 3581 1938 3634 ἀνα-

354 3666 557 3734 χωρεῖν
608 3664 817 3719 ἐθέλειν
872 3667 954 3729 είς
1005 3668 1105 3739 τὴν
1160 3670 1271 3723 τῶν
1333 3672 1712 3743 Παφλαγόνων
1780 3672 1937 3737 αὖθις

351 3757 689 3827 ἐσκήπτετο.
733 3758 818 3812 Τὰ
855 3758 900 3812 δ’
924 3754 995 3831 ἦν
1040 3760 1198 3824 κότος
1237 3763 1380 3815 κατὰ
1416 3763 1526 3816 τῶν
1561 3765 1655 3818 καὶ
1699 3765 1939 3834 εὐγενῶν

353 3849 456 3902 καὶ
488 3850 733 3920 ἰσχυρῶν
754 3852 836 3914 είς
862 3852 924 3906 τδ
940 3854 1073 3921 πᾶν,
1094 3853 1186 3918 οὓς
1207 3855 1450 3925 μελετῶν
1467 3857 1600 3911 κενὰ
1614 3857 1938 3913 ὑπώπτευεν

356 3941 862 4012 ὲναντιωσομένους
887 3943 1057 4014 αύτῷ.
1097 3940 1206 3998 Ἦν
1244 3945 1304 3999 δὲ
1337 3946 1397 3998 ὲν
1425 3946 1610 4009 αὐτοῖς
1641 3949 1938 4017 κορυφαῖον

358 4033 531 4100 μέρος
562 4030 615 4083 οἱ
646 4030 724 4096 ὡς
753 4032 957 4104 ἐρρέθη
999 4034 1092 4087 ἐπὶ
1126 4033 1231 4104 γῆς
1277 4034 1521 4103 ἄγγελοι,
1561 4035 1730 4105 φῦλον
1761 4039 1938 4092 ἐκεῖνο

356 4126 454 4176 καὶ
496 4124 691 4192 γένους
727 4123 850 4194 έχον
881 4125 944 4179 τὸ
985 4126 1276 4197 ὑπερέχον,
1311 4127 1407 4182 καὶ
1449 4128 1687 4200 ἀνδρίας,
1709 4125 1769 4184 εὖ
1803 4126 1938 4200 ἧκον

354 4219 456 4272 καὶ
489 4220 726 4281 πίστεως
774 4220 1059 4292 βασιλικῆς
1082 4222 1178 4278 καὶ
1212 4223 1484 4287 συνέσεως
1504 4238 1521 4256 ’
1556 4221 1650 4276 καὶ
1700 4225 1728 4277 ό
1767 4223 1940 4294 μέγας

354 4310 508 4375 δοὺξ.
542 4312 571 4364 ό
598 4312 1062 4381 Κοντοστέφανος,
1097 4313 1240 4385 ἀνὴρ
1274 4313 1566 4385 δραστικὸς
1596 4314 1691 4368 καὶ
1719 4313 1938 4386 φρενῶν

357 4404 570 4471 γέμων,
600 4404 697 4458 καὶ
721 4404 899 4476 ἕτεροι
948 4407 1131 4477 μυρίοι
1163 4407 1300 4461 ὅσοι.
1350 4406 1641 4462 Ἐλάνθανε
1673 4406 1729 4461 δὲ
1763 4405 1938 4460 ταῦτα

2039 3216 2268 3285 primum
2342 3219 2649 3274 ambitiosis
2726 3219 3231 3289 machipationilms
3304 3215 3446 3285 quod
3507 3223 3666 3267 ten--

2038 3308 2201 3362 debat
2258 3313 2539 3377 pervenit,
2581 3327 2639 3365 se
2670 3295 2879 3377 ‘deinde
2935 3296 3292 3364 diﬂiciliorem
3335 3306 3627 3361 ostendere

2037 3400 2238 3470 coepit,
2280 3410 2338 3455 ut
2371 3416 2494 3454 cum
2541 3412 2755 3455 torrens
2808 3417 3000 3471 aquam
3039 3412 3281 3471 optatam
3331 3401 3397 3453 ad
3435 3398 3624 3453 urbem

2039 3489 2218 3557 all‘ert,
2288 3493 2511 3562 quidam
2539 3502 2599 3547 ut
2619 3492 2880 3548 ﬂuentum
2919 3493 3038 3562 ejus
3071 3492 3386 3547 mtrolluat
3412 3491 3626 3545 emcere

2041 3596 2336 3642 conantur.
2398 3587 2521 3641 Ideo
2583 3587 2780 3642 iterum
2840 3588 2980 3656 apud
3042 3586 3425 3664 Paphlagones
3492 3582 3631 3638 resi-

2040 3677 2171 3733 dere
2201 3680 2359 3734 enixe
2409 3680 2649 3734 volebat.
2695 3675 2823 3731 Erat
2866 3681 3090 3735 omnino
3135 3677 3386 3731 infensus
3427 3674 3631 3731 nobili-

2038 3765 2142 3821 bus
2169 3782 2232 3821 ac
2270 3769 2613 3836 potentibus,
2650 3783 2791 3838 quos
2823 3768 2972 3821 nullo
3008 3766 3131 3834 jure
3167 3767 3269 3821 sibi
3308 3766 3632 3820 adversatu—

2042 3876 2136 3917 ros
2174 3860 2588 3928 suspicabatur.
2628 3860 2803 3930 Caput
2839 3870 2968 3913 vero
2992 3873 3181 3913 eorum
3206 3856 3500 3926 supradicti
3528 3870 3629 3910 an-

2039 3953 2140 4023 geli
2169 3963 2452 4007 terrestres
2478 3961 2660 4017 erant,
2688 3952 2833 4021 quod
2860 3950 3075 4020 generis
3098 3949 3399 4013 nobilitate,
3423 3948 3629 4015 animo,
3730 4002 3739 4010 ,

2039 4045 2298 4099 ﬁdelitate
2322 4058 2446 4113 erga
2483 4043 2866 4111 imperatorem
2889 4032 3051 4110 atque
3084 4039 3367 4109 prudentia
3405 4045 3632 4109 prazsta-

2039 4136 2131 4190 bat
2166 4152 2180 4201 ;
2209 4134 2313 4188 dux
2335 4148 2549 4203 quoque
2581 4147 2828 4203 magnus,
2850 4132 3348 4200 Contostephanus.
3386 4130 3466 4182 vir
3496 4137 3631 4184 stro'

2041 4243 2183 4282 nuus
2227 4226 2551 4295 ingenioque
2610 4223 3114 4293 prmstani,aliique
3175 4221 3472 4295 innumeri.
3502 4219 3629 4275 Haec

2041 4327 2221 4374 autem
2247 4280 2451 4386 pilebem
2493 4317 2730 4371 latebant
2766 4330 2864 4370 nec
2897 4317 3145 4372 sciebant
3168 4280 3520 4383 ipsnmfhisce
3551 4315 3632 4366 vi-

2042 4411 2118 4465 ris
2158 4409 2456 4465 infensum.
2485 4410 2613 4463 Ideo
2638 4422 2885 4463 remeare
2902 4401 3267 4475 reccdéreque
3293 4405 3628 4474 opinantem,

355 4495 450 4548 τὸν
482 4496 660 4565 δχλον,
689 4499 781 4548 καὶ
804 4497 905 4550 οὐκ
926 4497 1146 4568 ᾔδεσαν,
1173 4499 1255 4553 ὅτι
1281 4499 1423 4553 κατὰ
1440 4497 1698 4582 τοιούτων
1725 4497 1934 4582 ἀνδρῷν

2042 4502 2184 4557 unde
2241 4494 2552 4565 velleraueo
2606 4486 2751 4569 quod
2784 4492 2917 4551 nihil
2952 4496 3081 4551 utile
3128 4511 3291 4566 agere
3327 4503 3511 4565 posset
3535 4493 3632 4547 ad-

361 4586 606 4657 μέμηνε.
633 4588 725 4640 Διὸ
746 4586 841 4641 καὶ
863 4587 1121 4655 ἀξιοῦντα
1147 4589 1475 4659 μεταπλέειν
1487 4576 1587 4643 καὶ
1609 4576 1938 4659 ύποχωρεῗν,

356 4680 489 4734 ὅθεν
514 4675 671 4750 ἦλθε,
730 4678 820 4733 διὰ
870 4681 932 4734 τὸ
966 4681 1132 4753 μηδὲν
1168 4681 1316 4753 ἔχειν
1349 4682 1637 4736 σπουδαῖον
1674 4682 1941 4752 πράττειν

357 4773 429 4842 τῇ
491 4773 558 4824 ἐκ
613 4770 723 4825 τῶν
769 4771 982 4844 πολλῶν
1031 4773 1282 4848 κωλύμῃ,
1335 4776 1553 4846 ἐπεῖχον
1605 4774 1940 4846 ἐγκείμενοι,

362 4863 825 4934 προσκλαίοντες,
896 4865 1280 4937 ποτνιώμενοι,
1347 4867 1740 4937 γουναζόμενοι
1806 4868 1944 4939 πρὸς

359 4954 505 5011 Θεοῦ
551 4957 648 5011 καὶ
678 4957 859 5026 ψυχῆς
889 4958 986 5012 καὶ
1024 4957 1134 5013 τῶν
1168 4959 1468 5030 φιλτάτων,
1501 4961 1597 5014 καὶ
1647 4959 1943 5024 ἐνδιδόντες

359 5049 574 5113 ἐξεῖναι
629 5048 779 5118 αὐτῷ
830 5050 975 5103 κατὰ
1026 5051 1246 5106 πάντων
1291 5053 1535 5122 κρατεῖν,
1577 5051 1659 5115 είς
1705 5051 1844 5124 ὅπερ
1876 5053 1944 5107 ἂν

358 5140 596 5206 αἱροῑτο.
629 5140 723 5208 Μὴ
772 5138 880 5211 γὰρ
918 5139 984 5195 ἄν
1016 5157 1150 5210 φασι
1198 5140 1289 5197 διὰ
1324 5142 1512 5197 τούσδε
1542 5142 1576 5212 ἦ
1610 5143 1854 5206 ἐκείνους
1884 5141 1945 5196 τὸ

360 5232 478 5285 πᾶν
500 5229 806 5296 ἐξολέσθαι.
850 5229 1096 5303 Ἀφίησιν
1143 5229 1237 5286 οὖν
1285 5234 1381 5286 ἐπὶ
1419 5234 1629 5297 τούτοις
1662 5237 1689 5287 ό
1737 5233 1948 5307 Ἀνδρό-

360 5338 519 5384 νικος
546 5319 649 5390 τὴν
679 5319 876 5390 θρύψιν
899 5321 1133 5392 ἐκείνην.
1166 5324 1275 5376 Καὶ
1306 5322 1542 5393 βαθμίδα
1565 5322 1773 5394 ταύτην
1798 5326 1948 5397 πρώ-

358 5429 467 5482 την
509 5411 799 5473 ὐωναεάς
828 5409 925 5464 τοῦ
961 5412 1194 5481 μέγιστα
1223 5412 1483 5466 δύνασθαι
1516 5413 1603 5467 διὰ
1653 5415 1752 5486 τὴν
1782 5414 1950 5487 δημο-

357 5504 526 5575 τικὴν
554 5506 733 5574 ἰσχὺν,
756 5504 902 5559 οὕτω
925 5506 1417 5577 προσκολλωμένην
1434 5506 1603 5578 αὐτῷ.
1631 5511 1723 5561 καὶ
1745 5508 1803 5562 τὸ
1827 5509 1948 5564 κατ’

358 5597 529 5651 αὑτὸν
554 5594 741 5661 ὀλίγον
765 5597 845 5659 είς
868 5595 1067 5666 μυρίον
1089 5595 1451 5665 ὲπαύξουσαν,
1476 5597 1696 5669 βαθύνει
1722 5599 1948 5670 σκέμμα

357 5685 792 5758 λαϐυρινθώδες.
825 5688 943 5743 Καὶ
975 5687 1115 5749 τέως
1144 5688 1405 5759 τρέπεται
1444 5707 1586 5745 κατα
1631 5689 1726 5745 τοῦ
1759 5692 1949 5763 ἀρχιε·

367 5781 533 5854 ρέως,
567 5779 632 5834 ού
659 5778 862 5850 δεσμοῦ
902 5777 1094 5850 μόνον,
1120 5777 1252 5834 ἀλλά
1280 5781 1373 5835 καὶ
1400 5780 1494 5836 τοῦ
1530 5781 1606 5854 μὴ
1640 5778 1781 5838 εἶναι
1809 5783 1949 5847 ὅλως

2044 4592 2393 4647 versantibus
2419 4586 2624 4652 multis,
2652 4592 2890 4645 retinere
2914 4588 3286 4649 cnitebantur,
3322 4587 3625 4655 plorantes,

2044 4683 2425 4754 deprecantes,
2462 4699 2637 4752 genua
2693 4682 3087 4747 amplectentes
3141 4692 3242 4746 pro
3280 4677 3409 4742 Deo,
3441 4674 3624 4733 anima

2045 4786 2210 4844 atque
2246 4776 2610 4836 cbarissimis.
2643 4788 2813 4843 seque
2844 4773 2919 4827 illi
2957 4769 3342 4825 sulnnittentes
3377 4780 3475 4836 pro
3506 4780 3629 4820 om-

2046 4869 2206 4924 nibus
2263 4882 2383 4937 quae
2438 4867 2711 4936 elegisset.
2766 4863 2932 4917 'Haud
2983 4861 3163 4924 enim,
3206 4860 3494 4929 inquiunt,
3547 4857 3629 4914 fas

2046 4969 2133 5017 est
2181 4970 2239 5014 ut
2281 4970 2497 5028 propter
2522 4954 2625 5033 hos-
2652 4958 2839 5011 illosve
2874 4963 3046 5015 totum
3077 4961 3282 5023 pereat.
3311 4950 3422 5008 lloc
3452 4951 3629 5019 primo

2047 5050 2216 5122 gradu
2271 5049 2523 5104 maximae
2574 5047 2860 5118 potestatis
2913 5046 3162 5113 obtento,
3214 5043 3397 5114 populi
3450 5043 3626 5118 bratia

2050 5141 2133 5196 sic
2192 5140 2267 5194 illi
2301 5139 2593 5209 acquisita,
2662 5153 2898 5208 moxque
2947 5138 3000 5190 in
3058 5136 3387 5190 immensum
3442 5142 3626 5199 aucta,

2048 5226 2334 5288 consilium
2390 5231 2774 5285 inextricabile
2832 5231 3149 5285 meditatur.
3208 5225 3393 5281 Primo
3436 5224 3629 5292 adver-

2018 5360 2019 5363 η
2049 5338 2145 5378 sus
2210 5322 2685 5393 arr-bicpiscopum
2738 5324 2988 5383 vertitur,
3013 5323 3103 5391 qui
3137 5334 3244 5397 non
3298 5320 3473 5375 solum
3505 5334 3631 5374 car—

2051 5429 2268 5479 cerem,
2320 5415 2412 5470 sed
2482 5423 2538 5468 ut
2602 5416 2826 5470 omnino
2895 5429 3004 5467 non
3061 5413 3291 5467 exsistat
3361 5421 3632 5467 mereatur

2053 5521 2178 5559 eum
2239 5506 2516 5576 judicans,
2559 5515 2622 5560 ut
2654 5507 2757 5560 sibi
2823 5506 3208 5570 reluctantem,
3253 5504 3632 5576 imprimisque

2053 5599 2197 5666 quod
2249 5599 2425 5654 sensit
2451 5599 2602 5653 illum
2667 5599 3057 5668 praeﬁdentem
3108 5597 3254 5651 mala
3277 5611 3396 5667 quae
3440 5605 3633 5652 contra

2018 5726 2023 5731 ο
2055 5691 2443 5758 imperatorem
2471 5701 2695 5746 acturus
2723 5700 2845 5747 erat
2877 5706 2942 5746 ex
2981 5690 3214 5746 diversis
3239 5689 3456 5746 indiciis
3496 5687 3630 5745 illud

2052 5782 2242 5851 sensit,
2272 5797 2506 5854 quorum
2535 5798 2700 5840 unum
2741 5784 2899 5855 vulgo
2929 5791 3117 5841 notum
3139 5792 3241 5841 est.
