4084 6438
513 325 584 387 39
1199 314 1626 379 EUSTATHII
1669 311 2109 375 TIIESSALOI‘

2216 310 2443 372 ENSIS
2467 307 3039 371 METROPOLITAE
3723 309 3792 370 40

513 430 681 494 άξιᾶν
722 429 952 494 ἐκεῖνον,
989 426 1064 489 ὡς
1126 427 1305 498 ἑαυτῷ
1338 425 1696 497 δύσχρηστον,
1737 427 1832 476 καὶ
1870 420 2111 492 μάλισθ’,
2156 421 2240 474 ὅτι
2297 434 2392 474 και
2424 421 2622 492 ᾔσθετο
2651 421 3064 492 προορώμενον,
3098 420 3132 474 ἃ
3168 417 3366 490 πράξει
3388 412 3542 484 οὗτος
3584 420 3662 485 είς
3703 428 3793 474 τὶν

516 523 745 594 βασιλέα
781 523 950 576 κακά.
985 521 1221 594 ’ῌσθετο
1247 521 1304 574 δέ
1334 521 1559 590 τρόποις
1597 520 1836 582 πολλοῖς,
1887 510 1962 571 ὧν
2013 508 2096 576 εἷς
2136 516 2230 566 καὶ
2262 508 2418 578 οὗτος
2443 517 2903 586 διακεκήρυκται.

582 619 672 672 54.
707 618 994 684 Quondam
1057 626 1250 671 sancto
1306 618 1422 672 seni
1473 617 1830 686 exprobravit
1895 613 2109 667 Andro-

2287 612 2381 664 λδ’.
2438 612 2694 665 Ὠνείδισέ
2753 627 2884 666 ποτε
2939 613 2967 663 6
3007 611 3349 680 Ἀνδρόνικος
3378 609 3468 664 τὸν
3517 613 3573 662 ἐν
3622 611 3798 678 ἁγίοις

514 711 672 765 uicus
704 709 851 778 quod
896 724 956 764 se
999 710 1141 763 sicut
1197 709 1556 778 imperatoris
1587 720 1797 776 patrem
1848 705 2098 776 gerebat,

515 803 756 872 dumque
783 801 1104 870 imperantis
1153 801 1379 854 tutelam
1416 801 1563 870 agit,
1623 800 1746 852 talis
1789 797 1943 866 pueri
2008 810 2102 862 pro

519 893 628 946 filio
647 893 751 948 sibi
787 892 1062 945 commissi
1097 891 1276 944 minus
1305 891 1586 944 studiosus
1624 886 1900 944 esset.llle
1919 896 2102 939 autem

516 985 799 1056 respondit
831 985 879 1038 ei
913 983 1188 1041 sumsere.
1219 985 1262 1038 si
1292 993 1369 1036 tot
1421 991 1476 1037 et
1513 983 1681 1036 tantis
1732 981 1969 1049 negotiis
1993 980 2107 1035 dis-

515 1087 726 1133 tractus
764 1079 1026 1132 brevibus
1063 1075 1370 1130 intervallis
1408 1089 1580 1142 puero
1613 1072 2104 1142 invigilaret.Cum

515 1184 648 1224 vero
684 1169 762 1224 sic
811 1167 1046 1237 benigne
1094 1164 1617 1234 exprobrationibus
1654 1161 1957 1217 Andronici
2016 1177 2107 1216 re-

519 1260 858 1328 Spondisset,
896 1260 1019 1312 dein
1054 1257 1262 1310 ferrum
1294 1267 1516 1310 acutum
1550 1254 1749 1316 infuit,
1805 1254 2057 1308 addendo
2091 1272 2104 1308 :

521 1369 540 1402 ι
574 1353 722 1406 Alias
754 1350 911 1404 valde
940 1349 1236 1418 inquietus.
1269 1349 1360 1403 ubi
1395 1357 1448 1402 te
1486 1362 1667 1416 regem
1702 1349 1753 1400 in
1789 1345 1966 1398 medio
2015 1361 2108 1413 po-

514 1442 624 1511 puli
645 1443 981 1495 inveneram.
1012 1458 1028 1490 »
1067 1437 1411 1491 Dixitsenex.
1445 1437 1790 1490 Andronicus
1809 1449 1940 1489 vero
1971 1441 2110 1496 (erat

513 1534 660 1586 enim
688 1531 973 1600 perspicax
992 1531 1045 1584 in
1067 1530 1338 1599 loquendo
1358 1541 1412 1584 et
1442 1527 1676 1582 aliorum
1699 1538 1932 1582 mentem
1953 1526 2112 1582 facile

514 1630 810 1694 penetrans
865 1623 1116 1691 quamvis
1183 1619 1615 1689 involutam)ex
1663 1619 1910 1689 sapiente
1983 1635 2112 1673 sene

515 1716 1006 1786 quaeritquomodo
1035 1715 1219 1770 dicere
1249 1729 1416 1768 ausus
1458 1715 1621 1767 fuerit
1647 1728 1742 1781 per
1776 1713 1951 1781 ipsum
2004 1721 2114 1766 tre-

515 1808 733 1879 pidasse
781 1809 1162 1877 imperatorem
1215 1805 1238 1858 ?
1280 1805 1650 1874 Magnanimos
1720 1818 1883 1859 senex
1965 1805 2118 1858 anci-

515 1903 626 1972 pite
679 1900 847 1956 verbo
905 1899 1286 1969 iuquieludinis
1351 1899 1542 1964 fretur‘,
1575 1898 1786 1951 clarum
1824 1909 1950 1950 esse
1993 1911 2115 1950 ver-

515 1993 648 2048 bum
727 1993 890 2058 dixit,
963 2009 982 2043 ι
1019 2007 1141 2047 cum
1179 2003 1482 2062 postquam
1539 1991 1592 2043 in
1637 1990 1892 2043 columna
1951 1989 2105 2043 ﬁrma

517 2092 573 2140 te
596 2084 896 2139 stabilieris
925 2084 990 2137 ad
1028 2082 1353 2138 sustinenda
1391 2098 1513 2151 qua:
1561 2083 1718 2152 pueri
1756 2091 1909 2140 sunt.
1958 2083 2104 2135 mul-

519 2183 628 2230 tam
662 2173 1094 2229 sollicitudinem
1149 2175 1522 2242 deposuerim,
1576 2175 1632 2227 in
1677 2173 1854 2242 teipso
1889 2171 2104 2228 fortiori

519 2268 758 2336 pondere
797 2269 998 2336 posito.
1042 2285 1060 2318 ι
1125 2266 1283 2321 Tunc
1337 2267 1693 2323 Andronicus
1763 2269 1959 2331 tacuit,
2024 2268 2106 2322 ira

518 2361 623 2416 sub
652 2370 875 2430 pectore
912 2376 1122 2430 pressa,
1175 2362 1389 2430 hocque
1425 2377 1534 2416 uno
1592 2361 1797 2430 duplici
1849 2369 1907 2416 et
1941 2372 2108 2416 acuto

517 2453 750 2521 strepitu
781 2461 972 2506 contra
1030 2468 1216 2508 senem
1266 2455 1492 2515 intorto,
1550 2463 1740 2524 utpote
1767 2463 1964 2508 acutus
2011 2456 2112 2507 Ar-

517 2544 758 2601 menius.
814 2544 918 2600 Irae
979 2545 1221 2615 iungens
1297 2545 1556 2615 iniuriam
1625 2556 1680 2602 et
1736 2548 1992 2613 ironiam,
2039 2550 2109 2602 ab

521 2638 625 2692 hoc
655 2646 899 2708 tempore
933 2637 1113 2707 palam
1161 2653 1354 2708 gerere
1397 2652 1588 2692 curam
1653 2640 1885 2705 statuit;
1932 2656 2110 2711 eoque

517 2731 666 2782 venit
703 2729 786 2783 vir
837 2727 1323 2799 diligentissimus,
1375 2742 1434 2785 ut
1465 2733 1628 2800 paulo
1658 2742 1783 2802 post
1841 2735 2110 2790 molestiae

518 2821 768 2890 repetitae
801 2822 914 2876 sint
947 2824 1017 2876 ad
1047 2823 1189 2876 hanc
1241 2823 1488 2878 audaciae
1521 2826 1956 2893 extremitatem,
2004 2843 2110 2898 qua

518 2917 630 2971 vita
683 2919 1083 2990 archiepiscopi
1139 2921 1196 2974 in
1250 2921 1576 2975 discrimine
1625 2921 1793 2977 fuerit
1846 2933 1970 2992 post
2017 2939 2114 2992 op-

516 3010 737 3078 probria
773 3011 964 3076 multa,
997 3013 1256 3081 qualibus
1304 3013 1476 3068 Judaei
1515 3017 1680 3070 lleum
1745 3029 2110 3086 operuerunt.

515 3099 631 3155 Nisi
661 3116 791 3172 ergo
830 3117 999 3158 senex
1037 3103 1331 3173 providens
1370 3121 1482 3160 suae
1510 3107 1698 3173 saluti,
1754 3125 1786 3163 e
1836 3111 2018 3166 medio
2053 3128 2112 3166 se

513 3196 867 3261 sustulisset,
927 3199 1386 3269 archiprzesulatu
1455 3201 1743 3271 deposito.
1801 3204 1948 3273 quod
2017 3221 2113 3260 no-

515 3287 710 3344 luisset
743 3287 939 3344 luisset
971 3304 1196 3359 passus.

2206 706 2459 775 γέροντα,
2497 707 2577 758 ὅτι
2615 704 3071 775 βασιλεωπάτορα
3101 705 3267 756 τόπον
3303 703 3540 772 ἐπέχων,
3567 699 3648 767 οἷς
3681 708 3800 758 ἐπι-

2207 799 2464 868 τροπεύει
2503 798 2596 851 τοῦ
2658 797 3062 867 βασιλεύοντος,
3113 797 3173 848 ού
3213 795 3387 867 συχνά
3444 795 3799 866 παραϐάλλει

2208 893 2640 948 ἐπισκέπτεσθαι
2707 893 2802 944 τὸν
2861 894 2942 954 εἰς
2993 892 3110 945 υἱὸν
3167 890 3507 961 τεθειμένον,
3556 889 3800 942 τοιοῦτον

2209 987 2359 1039 ὄντα.
2405 987 2465 1039 '0
2509 986 2555 1038 δ’
2596 985 2848 1039 ὑπειπὼν
2887 985 3104 1055 ἀρκεῖν,
3154 986 3203 1036 εί
3257 983 3553 1036 διαλείπων
3592 983 3801 1053 βραχέα

2209 1080 2334 1150 ἥκει
2359 1078 2496 1148 πρὸς
2523 1079 2816 1147 ἐπίσκεψιν
2839 1078 2934 1132 τοῦ
2967 1078 3176 1140 παιδὸς,
3208 1077 3495 1146 ᾷνθρωπος
3524 1077 3803 1138 τοσούτοις

2215 1168 2574 1239 μεριζόμενος
2634 1169 2948 1238 πράγμασι.
3007 1167 3117 1220 Kal
3147 1163 3320 1228 οὕτως
3369 1164 3551 1234 ἠπίως
3599 1165 3677 1234 τῷ
3707 1162 3802 1217 τοῦ

2223 1261 2566 1330 Ἀνδρονίκου
2609 1259 3000 1330 προσενεχθεὶς
3039 1258 3356 1328 ὀνειδισμῷ,
3388 1257 3512 1312 εἶτα
3538 1257 3634 1311 καὶ
3664 1274 3803 1312 καυ-

2214 1359 2357 1426 τῆρα
2389 1355 2590 1427 δριμὺν
2623 1355 2898 1424 ἐπήγαγε,
2938 1349 3360 1423 προσεπειπὼν,
3392 1351 3468 1414 ὡς
3503 1350 3716 1413 Ἀλλως
3747 1367 3805 1402 τε

2215 1452 2308 1502 καὶ
2343 1447 2729 1518 ἐξεφρόντισα,
2767 1447 2868 1517 ἤδη
2904 1446 2996 1498 τὸν
3031 1443 3266 1515 βασιλέα
3301 1445 3711 1514 ἐνδεδημηκότα
3745 1459 3805 1495 σε

2216 1540 2477 1606 ἐξευρών.
2514 1535 2682 1593 Εἶπεν
2715 1541 2743 1592 ὁ
2774 1539 2978 1608 γέρων.
3017 1537 3129 1592 Kal
3171 1536 3512 1606 Ἀνδρόνικος
3561 1531 3651 1605 (ἦν
3694 1534 3806 1602 γάρ

2216 1634 2367 1700 ὀξὺς,
2428 1633 2618 1703 ὥσπερ
2669 1631 2907 1701 στρεϐλὰ
2955 1631 3156 1694 εἰπεῖν,
3185 1627 3329 1680 οὔτω
3379 1627 3476 1680 καὶ
3508 1625 3808 1694 ὑπονοῆσαι

2216 1727 2283 1779 τὰ
2314 1725 2388 1796 μὴ
2423 1724 2633 1796 βαθέως
2667 1722 2882 1790 ἑλικτὰ)
2924 1718 3259 1774 πυνθάνεται
3291 1717 3387 1772 τοῦ
3418 1715 3582 1785 σοφοῦ
3612 1716 3804 1786 γέρον-

2217 1833 2326 1880 τος,
2359 1816 2478 1879 πῶς
2521 1832 2652 1868 ποτε
2683 1815 2751 1868 ἂν
2793 1814 2959 1878 εῐποι,
2995 1812 3064 1864 δι’
3117 1810 3284 1864 αὐτὸν
3314 1808 3809 1878 ἐκπεφροντικέναι

2217 1913 2310 1964 τὸν
2361 1910 2633 1980 βασιλέας
2696 1909 2807 1961 Kal
2874 1907 2904 1959 ὀ
2966 1906 3142 1974 μέγας
3199 1904 3418 1973 θατέρῳ
3473 1901 3657 1955 σκέλει
3711 1899 3810 1954 τοῦ

2219 2004 2626 2074 σημαινομένου
2659 2001 2761 2072 τῆς
2788 1999 3195 2069 ἐκφροντίσεως
3226 1995 3670 2067 ἐνερεισάμενος,
3702 1995 3813 2064 φά-

2217 2118 2308 2153 ναι
2347 2095 2468 2152 εἷπε
2493 2099 2586 2150 τὸν
2615 2095 2774 2163 λόγον
2794 2133 2809 2159 ,
2848 2093 3041 2148 καθότι
3078 2111 3096 2144 ε
3143 2090 3246 2145 Σοῦ
3277 2089 3624 2159 είςάστραϐῆ
3655 2088 3812 2142 κίονα

2213 2193 2621 2261 ὑποστήσαντος
2649 2188 2864 2255 ἑαυτὸν,
2893 2185 3190 2256 βαστάζειν
3213 2185 3281 2238 τὰ
3300 2183 3442 2252 ὑπὲρ
3465 2181 3560 2235 τοῦ
3590 2181 3806 2246 παιδὸς,

2211 2285 2372 2347 αύτδς
2403 2281 2871 2351 ἁπεφορτισάμην
2911 2280 2973 2332 τὸ
3005 2277 3141 2332 πολὺ
3183 2276 3280 2329 τοῦ
3310 2274 3642 2346 φροντίζειν,
3670 2273 3810 2326 ava-

2211 2377 2438 2444 θέμενος
2465 2375 2541 2438 ὡς
2571 2373 2777 2444 ἰσχυρῷ
2802 2389 2884 2426 σοι
2923 2370 3072 2441 αὖτῷ
3107 2369 3175 2422 τά
3225 2367 3524 2438 βαρὴματα
3573 2384 3592 2418 ι
3639 2364 3812 2418 Ἡσυ-

2211 2470 2368 2540 χάζει
2401 2467 2635 2520 ἐνταῦθα
2683 2469 2712 2519 ὁ
2757 2465 3118 2534 Ἀνδρόνικος,
3171 2460 3384 2514 καὶτὸν
3427 2459 3601 2528 θυμὸν
3639 2458 3814 2510 ὑπεν-

2211 2560 2417 2625 δακὼν,
2445 2560 2539 2612 καὶ
2565 2559 2723 2612 τοῦτο
2750 2557 2915 2628 μόνον
2939 2553 3444 2624 ἀκροϐολισάμενος
3471 2551 3596 2621 δίχα
3624 2551 3809 2622 ῥοίζου

2213 2655 2390 2722 λιγέος
2421 2655 2562 2706 κατὰ
2591 2651 2683 2704 τοῦ
2723 2651 3005 2721 γέροντος,
3034 2648 3110 2710 ὡς
3141 2647 3250 2717 ἄρα
3279 2645 3446 2716 βαθὺς
3493 2643 3809 2713 ⁹Δρμένιος.

2216 2750 2326 2824 Kal
2366 2746 2685 2816 παραμίξας
2725 2747 2790 2816 τῇ
2849 2742 3119 2813 βαρύτητι
3172 2743 3269 2794 καὶ
3323 2738 3651 2811 σαρκασμὺν
3710 2737 3809 2789 τὸν

2213 2843 2342 2913 ἄχρι
2372 2841 2464 2892 καὶ
2498 2839 2879 2908 μειδιάματος,
2919 2836 3098 2906 ἀρχὴν
3159 2832 3372 2886 ἐκεῖθεν
3413 2831 3566 2884 ἔθετο
3607 2829 3809 2900 τρανέ-

2215 2951 2409 3006 στερον
2445 2931 2701 3002 μελετᾷν.
2755 2931 2866 2984 Kal
2913 2929 2992 2992 είς
3026 2926 3282 2980 τοσοῦτον
3321 2924 3533 2990 ἐξίκετο
3572 2922 3812 2991 δραστηο

2217 3029 2490 3099 ριότητος,
2515 3025 2591 3089 ὡς
2608 3024 2746 3096 μετὰ
2773 3022 2970 3093 μικρὸν
2993 3019 3371 3080 ἐπαναστῆσαι
3393 3018 3486 3071 καλ.
3511 3017 3811 3086 ἐπιστῆσαι

2214 3119 2339 3180 τοὺς
2365 3116 2535 3187 χύδην
2567 3116 2805 3184 πικροὺς
2834 3113 2940 3175 ἕως
2965 3111 3061 3164 καὶ
3085 3111 3164 3174 εἰς
3196 3109 3436 3180 ἐσχάτην
3463 3107 3810 3179 θρασύτητα,

2215 3211 2290 3275 ὡς
2325 3213 2418 3264 καὶ
2442 3207 2846 3278 διαχρησθῆναι
2876 3205 3125 3259 κίνδυνον
3145 3201 3401 3271 γενέσθαι
3430 3202 3522 3254 τὸν
3546 3201 3814 3271 ἀρχιερέα

2133 3300 2178 3359 C
2217 3304 2355 3374 μετὰ
2377 3301 2577 3362 πολλάς
2604 3300 2814 3367 ὕϐρεις,
2842 3297 3036 3358 ὁποίας
3067 3296 3164 3350 καὶ
3202 3295 3452 3348 Ἰουδαῖοι
3480 3293 3815 3358 ὲτοξάσαντο

494 3381 584 3436 ἂν
637 3383 783 3436 κατὰ
809 3383 969 3437 Θεοῦ.
1020 3387 1130 3438 Kal
1190 3387 1240 3438 εἰ
1275 3386 1350 3457 μὴ
1377 3386 1787 3456 τεχνησάμενος
1840 3391 1868 3442 ὀ
1923 3392 2106 3464 γέρων
2141 3397 2322 3467 ἑαυτῷ
2378 3397 2448 3449 τὰ
2511 3394 2781 3462 σωτήρια,

2873 3391 2939 3442 ἐκ
3001 3390 3183 3459 μέσων
3236 3386 3461 3458 κρυϐεὶς
3527 3385 3811 3456 ἀπεσύρη,

513 3476 951 3546 ἀποδυσάμενος,
1001 3477 1080 3541 ὡς
1139 3480 1329 3548 ἐχρῆν,
1373 3480 1434 3531 τὸ
1485 3479 1702 3548 ἄρχειν,
1767 3481 1970 3536 ἔπαθεν
2016 3486 2102 3553 ἂν,
2144 3490 2282 3557 ὅπερ
2311 3490 2413 3541 οὐκ
2435 3483 2503 3558 ῆν
2522 3484 2674 3554 αὐτῷ
2703 3482 2966 3536 ἐθέλοντι.

585 3569 678 3623 '55.
722 3569 818 3624 Ille
851 3569 1072 3640 quidem
1111 3571 1191 3624 sic
1219 3569 1463 3639 seipsum
1508 3572 1797 3635 subduxit,
1833 3574 2102 3631 adversus

516 3663 654 3718 alios
681 3661 864 3718 furere
900 3661 1272 3717 Andronicum
1311 3663 1653 3732 permittens.
1693 3663 1790 3716 llic
1829 3681 1960 3721 vero
2010 3670 2104 3723 ubi

517 3756 626 3810 hoc
669 3770 865 3810 saxum
907 3755 1262 3825 procminens
1305 3755 1687 3823 repressisset,
1739 3757 1968 3811 exitium
2018 3761 2112 3814 ad-

516 3861 711 3902 versus
779 3860 970 3900 omnes
1026 3844 1289 3908 evomuit,
1344 3845 1484 3898 adeo
1510 3851 1569 3898 ut
1627 3859 1738 3898 non
1787 3859 1952 3912 posse
2001 3848 2112 3903 dici

518 3939 663 3990 hunc
726 3951 846 3990 esse
898 3945 1133 3995 sontem,
1161 3936 1313 3990 illum
1377 3950 1508 3990 vero
1577 3951 1683 3990 non
1715 3953 1862 4003 esse,
1909 3941 2003 3993 sed
2047 3941 2113 3994 ad

519 4041 713 4082 versus
739 4041 836 4082 eos
883 4027 971 4096 qui
999 4027 1226 4081 omnino
1266 4027 1511 4082 insontes
1539 4037 1701 4084 erant
1736 4031 1906 4099 (quod
1932 4032 2118 4101 nequi-

519 4121 606 4174 tiae
633 4120 884 4174 cumulus
912 4117 1352 4188 est).Postquam
1378 4119 1724 4189 imperatoris
1768 4133 2002 4178 matrem
2029 4125 2111 4191 ing

519 4207 776 4262 elusisset
806 4209 860 4262 in
890 4209 1134 4262 sacrario
1169 4209 1363 4263 medici
1391 4210 1676 4265 Diomedis
1705 4211 1846 4267 inter
1876 4223 2102 4268 sanctos

519 4301 823 4375 conspicui,
855 4300 1043 4370 ibique
1097 4317 1206 4356 non
1238 4302 1329 4355 diu
1378 4301 1724 4367 retinuisset,
1747 4305 1938 4358 eduxit
1980 4303 2111 4359 inde

522 4404 691 4467 atque
741 4397 1067 4462 submersit,
1121 4396 1394 4452 ministris
1432 4412 1589 4460 usus,
1619 4411 1857 4467 quorum
1892 4396 2110 4466 aliquos

521 4490 783 4559 superbia
816 4488 942 4558 ejus
999 4488 1166 4557 paulo
1197 4498 1326 4558 post
1374 4483 1989 4543 condemnans'merito
2027 4504 2111 4541 re-

523 4582 837 4636 mnncravit
870 4597 884 4634 :
913 4581 1028 4636 Deo
1074 4581 1156 4635 sic
1197 4596 1297 4635 nos
1343 4580 1598 4643 docente,
1625 4579 2100 4648 quemadmodum

521 4675 754 4745 pessima
786 4674 1094 4743 iubentem,
1121 4672 1191 4727 ita
1219 4673 1418 4742 ignave
1451 4671 1794 4728 obedientem
1828 4686 1856 4724 a
1877 4670 1990 4727 Deo
2009 4689 2113 4743 pu-

522 4766 653 4831 niri,
693 4773 836 4820 teste
877 4765 1104 4820 Davide.

589 4857 679 4912 56.
713 4855 790 4912 Ita
815 4873 946 4927 ergo
999 4858 1186 4928 inique
1238 4854 1388 4912 fecit.
1451 4855 1719 4913 Praeterea
1789 4858 2110 4914 convocatis

519 4949 778 5006 omnibus
850 4950 1038 5004 electis
1108 4950 1244 5004 viris
1298 4951 1518 5020 generis
1595 4949 1950 5006 illustrissimi
2023 4951 2112 5003 die

520 5042 797 5112 quadam,
859 5040 1016 5106 cujus
1081 5041 1368 5096 horrorem
1431 5039 1723 5096 nefandum
1769 5041 1972 5109 aliquis
2007 5041 2102 5096 de-

521 5133 748 5198 scribet,
801 5148 994 5187 omnes
1035 5133 1452 5198 comprehendit
1507 5133 1652 5187 sicut
1693 5133 1876 5202 pisces
1900 5133 1952 5186 in
2007 5130 2110 5186 reti

522 5226 696 5292 fatali,
717 5225 959 5296 exceptis
989 5227 1146 5280 bonis
1174 5227 1403 5294 angelis,
1431 5227 1522 5294 qui
1578 5226 1682 5281 sibi
1743 5225 1871 5296 fuga
1906 5241 2113 5281 consu-

522 5329 699 5391 lentes
751 5318 983 5387 dispersi
1046 5327 1192 5374 sunt.
1247 5319 1560 5388 Omnesque
1613 5326 1812 5374 tractat
1898 5318 2096 5374 deinde

523 5425 673 5464 more
706 5409 937 5481 iniquo;
975 5426 1124 5476 nam,
1148 5410 1400 5481 privatim
1431 5423 1875 5479 unumquemque
1938 5410 2122 5476 arguit

521 5516 646 5557 esse
684 5510 895 5558 secreto
945 5517 1043 5573 pro
1101 5517 1244 5571 rege,
1277 5502 1425 5556 illius
1486 5503 1627 5570 (quae
1669 5509 1754 5555 est
1799 5499 1947 5568 justa
1995 5497 2126 5568 vox)

525 5595 718 5650 hostis.
776 5595 859 5649 Ad
938 5609 1214 5649 carcerem
1302 5608 1506 5662 paucos
1561 5593 1826 5662 quosdam
1897 5592 2125 5646 damna-

522 5686 598 5742 vit
640 5683 814 5742 Fuere
845 5685 939 5757 qui
966 5686 1225 5742 obcaecati
1253 5694 1404 5751 sunt,
1439 5684 1589 5756 iique
1641 5684 1906 5754 plerique.
1923 5682 2100 5750 Quos-

525 5777 650 5832 dam
708 5792 840 5834 vero
904 5793 970 5833 ex
1026 5776 1094 5833 iis
1152 5777 1209 5831 in
1271 5775 1527 5833 exsilium
1600 5785 1924 5846 perpetuum
2003 5773 2135 5846 egit.

2279 3578 2375 3633 λε’.
2415 3579 2527 3633 Καὶ
2556 3577 2718 3638 αὐτὸς
2751 3575 2849 3644 μὲν
2873 3573 3018 3627 οὕτω
3053 3569 3396 3638 ξυνέστειλεν
3431 3570 3617 3632 αὐτὸν,
3647 3571 3813 3637 ἀφεὶς

2211 3672 2335 3725 καθ’
2358 3672 2563 3740 ἐτέρων
2617 3666 2922 3737 μεμηνέναι
2970 3663 3059 3716 τὸν
3105 3663 3468 3729 Ἀνδρόνικον.
3516 3661 3576 3714 '0
3616 3660 3661 3714 δ’
3688 3664 3814 3714 ἐπεὶ

2215 3765 2400 3818 οὐκέτι
2432 3760 2702 3831 προϐλῆτι
2737 3757 2987 3834 σκοπέλῳ
3006 3756 3115 3808 τιν).
3137 3753 3492 3824 ἀνεκρούετο,
3517 3751 3816 3822 ἐξεκύμαι-

2219 3874 2308 3910 νεν
2340 3853 2561 3925 ὀλέθρια
2603 3850 2747 3904 κατὰ
2782 3851 3028 3910 πάντων,
3068 3847 3169 3916 οὐχ
3199 3844 3342 3899 ὥστε
3370 3845 3466 3899 καὶ
3505 3845 3708 3910 εἰπεῖν,
3755 3845 3815 3907 ὃς

2221 3965 2279 4002 τε
2313 3947 2507 4012 αἴτιος,
2534 3946 2594 4008 ὃς
2625 3960 2683 3996 τε
2712 3941 2808 3994 καὶ
2841 3941 2983 4010 οὐχὶ,
3011 3939 3147 3991 ἀλλὰ
3175 3938 3318 3991 κατὰ
3337 3936 3448 3989 τῶν
3479 3936 3647 4006 μηδὲν
3672 3935 3815 4000 ὅλως

2219 4039 2416 4092 αἰτίων
2451 4037 2553 4107 (τὸ
2583 4031 2956 4102 ἀδικώτατον)
2982 4047 2995 4062 ⁶
3035 4033 3132 4084 καὶ
3165 4031 3266 4100 τήν
3304 4047 3365 4083 τε
3400 4029 3496 4082 τοῦ
3540 4029 3814 4100 βασιλέως

2218 4127 2571 4201 περιγράψας
2606 4128 2819 4198 μητέρα
2876 4127 2933 4177 ἐν
2985 4122 3064 4192 τῷ
3112 4124 3351 4194 σεμνείῳ
3382 4121 3475 4176 τοῦ
3515 4124 3575 4174 ὲν
3631 4122 3813 4188 ἁγίοις

2219 4220 2386 4289 σοφοῦ
2448 4220 2671 4289 ίατῆρος
2699 4216 3024 4286 Διομήδους,
3047 4213 3289 4284 ἐπισχὼν
3315 4215 3377 4266 ού
3404 4214 3571 4266 πολὺν
3593 4212 3810 4284 χρόνον,

2213 4311 2399 4381 ἀπῆγέ
2445 4328 2505 4363 τε
2552 4309 2648 4363 καὶ
2677 4307 2951 4369 ὲϐύθισεν,
3000 4305 3300 4376 ὑπουργοῐς
3330 4305 3706 4374 χρησάμενος,
3734 4297 3812 4357 ὧν

2219 4403 2395 4467 ἐνίους
2429 4405 2457 4455 ὁ
2486 4399 2922 4471 καταϐραϐεύων
2946 4398 3114 4453 αὑτοῦ
3147 4398 3317 4468 θυμὸς
3341 4397 3403 4449 ού
3441 4395 3622 4464 πολλῷ
3645 4395 3813 4448 ὕστε-

2223 4514 2317 4569 ρον
2369 4493 2430 4550 εὖ
2479 4494 2652 4547 ποιῶν
2686 4493 2927 4554 ἐτίσατο,
2960 4491 3314 4552 παιδεύοντος
3364 4489 3512 4558 ἡμᾶς
3540 4486 3636 4540 καὶ
3663 4486 3812 4540 οὕτω

2219 4583 2315 4638 τοῦ
2339 4583 2504 4648 Θεοῦ,
2535 4583 2612 4647 ὡς
2661 4582 2758 4638 καὶ
2785 4585 2813 4636 ὀ
2837 4579 3153 4634 ἐπιτάσσων
3185 4581 3252 4632 τὰ
3283 4578 3601 4646 φαυλότατα
3655 4581 3755 4632 καὶ
3783 4580 3813 4630 ὁ

2222 4676 2668 4746 ὑποτασσόμενος
2702 4673 2796 4728 τοῦ
2824 4670 3123 4743 προσώπου
3150 4670 3454 4740 πειρῶνται
3491 4667 3584 4721 τοῦ
3642 4667 3808 4736 Θεοῦ,

2221 4769 2409 4821 ὁποίου
2439 4762 2547 4820 οἶδε
2586 4767 2772 4821 Δαυῖδ.

2287 4863 2396 4926 λς’.
2436 4860 2608 4914 Τοῦτό
2642 4878 2702 4913 τε
2728 4855 2989 4929 οῦνρῦτω
3027 4857 3328 4928 ἐξήμαρτε.
3360 4855 3470 4908 Kal
3494 4855 3809 4924 σύγκλητον

2217 4952 2276 5006 δέ
2303 4951 2530 5022 θέμενος
2554 4951 2767 5022 ἀνδρῶν
2802 4951 3045 5019 λογάδων
3071 4950 3330 5004 ἁπάντων
3362 4946 3473 5000 τῶν
3512 4947 3608 4998 τοῦ
3643 4947 3807 5014 μεγί-

2222 5059 2350 5096 στου
2377 5044 2593 5110 γένους,
2618 5043 2764 5096 κατά
2792 5059 2915 5096 τινα
2941 5042 3178 5112 ἡμέραν.
3211 5040 3283 5111 ἣν
3318 5039 3413 5092 καὶ
3451 5037 3806 5107 ἐγγράζρηταί

2219 5152 2306 5198 τις
2345 5135 2410 5188 ἂν
2460 5136 2543 5196 είς
2597 5135 2894 5206 ἀποφράδα
2921 5133 3123 5204 δεινὴν,
3156 5130 3530 5202 συλλαμϐάνει
3559 5129 3807 5192 ἐκείνους

2220 5227 2355 5280 ὡσεὶ
2387 5229 2479 5280 καὶ
2509 5222 2696 5298 ἰχθύας
2736 5228 2892 5290 τινὰς
2913 5228 2972 5279 ἐν
2998 5225 3228 5294 ἀφύκτῳ
3269 5223 3559 5292 πανάγρῳ.
3589 5222 3714 5290 δίχα
3741 5238 3806 5288 γε

2221 5318 2331 5372 τῶν
2352 5318 2532 5371 καλῶν
2566 5319 2838 5387 ἀγγέλων,
2865 5318 2916 5372 οἳ
2941 5317 3036 5372 καὶ
3066 5313 3154 5370 οἷα
3191 5314 3597 5386 πτερυξάμενοι
3625 5315 3680 5373 ἐς
3706 5329 3809 5379 φυ-

2222 5407 2346 5478 γὴν,
2381 5409 2850 5480 ἐσκορπίσθησαν.
2880 5411 2986 5463 Καὶ
3006 5408 3309 5462 διατίθεται
3339 5408 3573 5470 πάντας,
3599 5405 3674 5468 ὡς
3701 5405 3807 5456 οὐκ

2225 5499 2290 5553 ἂν
2311 5500 2596 5572 εύλογήσοι
2630 5519 2736 5566 τις,
2769 5502 2938 5564 λαϐὰς
2970 5501 3252 5554 ἐπικαλῶν
3285 5501 3539 5561 ἑκάστοις
3567 5496 3628 5549 τὸ
3663 5501 3808 5548 κατὰ

2225 5591 2491 5660 βασιλέως
2543 5593 2900 5664 ἐνδομυχείν,
2955 5594 3170 5646 ἐκείνου
3226 5593 3538 5660 (εὐστόχως
3591 5589 3805 5653 εἰπεῖν)

2224 5681 2526 5752 ἀλιτήριος.
2575 5684 2688 5737 Kal
2719 5684 2938 5753 ὀλίγους
2995 5683 3096 5753 μέν
3147 5699 3298 5743 τινας
3339 5680 3659 5733 ἐδικαίωσεν
3721 5677 3806 5738 είς

2223 5773 2470 5845 εἱρκτήν.
2521 5769 2704 5829 ’Ἦσαν
2752 5776 2808 5830 δὲ
2865 5776 2915 5832 οἳ
2968 5777 3064 5829 καὶ
3112 5775 3171 5840 ἐξ
3220 5775 3490 5844 ὀμμάτων
3529 5771 3804 5842 ἐγένοντο,
