4084 6410
327 325 393 387 ll
1123 334 1220 394 DE
1260 330 1836 393 Tl-IESSALONICA
1875 331 2084 393 URBE
2151 331 2193 388 A
2238 331 2550 391 LATINIS
2592 331 2853 390 CAPTA.
3536 332 3606 394 42

335 439 554 504 πλείους
579 457 642 508 γε
669 431 838 496 οὗτοι.
875 443 1045 504 Τινὰς
1070 442 1128 497 δὲ
1167 446 1259 498 καὶ
1291 448 1348 508 ἐς
1406 447 1695 514 ἀειφυγίαν
1745 446 1914 515 ὑπερ-

2042 444 2191 497 ’aulo
2242 453 2365 513 post
2423 443 2644 500 selectis
2709 445 2818 500 hiis
2885 444 2978 514 qui
3046 443 3426 513 comprehensi
3492 445 3611 500 fue-
3676 496 3678 498 ,

331 532 517 602 ορίους
547 533 780 588 ἔστειλε.
811 536 972 589 Μετὰ
1006 535 1177 606 βραχὺ
1208 536 1266 590 δὲ
1296 537 1539 599 καὶτοὺς
1568 537 1922 605 καθειρχθέν-

333 643 434 689 τας
467 625 787 689 ὐποδιελὼν,
815 627 1078 697 ὲμέρισεν
1111 627 1190 690 εἷς
1218 647 1278 680 τε
1312 629 1549 696 τυφλοὺς
1573 631 1638 682 ὲκ
1675 630 1918 698 σιδήρου,

335 720 432 770 καὶ
468 718 546 786 μὴ
593 717 908 782 τοιούτους·
959 717 1034 781 ὡς
1086 719 1172 781 ἂν,
1205 717 1380 788 οἶμαι,
1435 721 1724 790 βλέποντες
1767 721 1923 775 αὐτοὶ

335 809 464 872 τοὺς
481 812 941 878 πεπηρωμένους,
963 811 1052 864 ἀεὶ
1072 811 1240 876 ζῶσιν
1259 811 1511 880 ἔμφοϐοι,
1537 816 1633 868 καὶ
1654 812 1925 866 συνεπαύ-

338 902 506 965 ξωσιν
538 901 683 956 οὕτω
720 903 780 955 τὸ
810 904 982 956 κακὸν
1007 905 1109 974 τῆς
1147 903 1504 975 καθείρξεως.
1557 903 1636 960 Οὐ
1667 904 1838 957 πολὺν
1869 903 1924 956 δὲ

341 995 542 1066 χρόνον
592 995 806 1064 μείνας,
841 995 1122 1049 ἐπιϐαλεῖν
1158 995 1371 1064 ἐφίεται
1423 999 1517 1049 καὶ
1542 995 1621 1064 τῷ
1653 997 1927 1065 ὑπερανεα

341 1085 572 1152 στηκότι
603 1085 822 1156 βαθμῷ.
846 1087 1154 1156 καταγνοὺς
1175 1087 1276 1157 τῆς
1302 1088 1530 1158 πρώτης
1549 1086 1764 1157 ἐκείνης
1796 1086 1928 1156 βαθ-

343 1177 500 1246 μίδος
533 1177 607 1236 ὡς
633 1180 924 1248 ταπεινῆς.

413 1269 514 1333 λζ’.
546 1270 584 1321 Γ
584 1271 865 1338 ογγυσμὺς
914 1271 1094 1324 τοίνυν
1126 1266 1283 1335 αὖθις
1339 1271 1491 1344 αὐτῷ
1518 1271 1802 1340 τεχνᾶται,
1831 1273 1929 1325 καὶ

342 1360 592 1430 βαρύτης
619 1360 1008 1430 προϐάλλεται,
1036 1366 1134 1418 καὶ
1177 1364 1374 1433 φόρτος
1424 1364 1694 1434 φορτίδων
1726 1362 1788 1415 ού
1835 1379 1930 1431 φο-

343 1451 538 1521 ρητὸς.
563 1451 660 1504 καὶ
705 1451 783 1514 ὡς
813 1453 914 1505 οὐκ
964 1454 1032 1506 ἂν
1067 1455 1151 1526 εἴη
1188 1453 1344 1524 αὑτῷ
1375 1454 1668 1521 στερκτέα,
1707 1455 1755 1506 εί
1787 1454 1931 1507 οὕτω

361 1543 580 1612 τὰσχειν
601 1543 902 1598 κινδυνεύει
931 1545 1155 1614 τρόποις
1187 1547 1424 1611 πολλοῖς.
1460 1548 1708 1617 Ἔπασχε
1731 1545 1786 1598 δὲ
1819 1544 1930 1616 ἄρα

357 1633 525 1698 οὐδὲν,
551 1635 668 1687 ἀλλ’
715 1637 1012 1706 ἐνδόμυχος
1044 1633 1135 1709 ἦν,
1178 1637 1411 1701 πολλοὺς
1439 1639 1604 1702 αὐτὸς
1637 1636 1930 1692 ὑποϐαλεῖν

335 1724 446 1776 καὶ
476 1726 724 1789 εἰσαῦθις
756 1728 1010 1800 ἁτλήτοις
1067 1730 1413 1799 παθήμασιν.
1475 1731 1563 1793 Ὠς
1587 1731 1645 1784 δὲ
1668 1729 1927 1798 ἐπέμενε,

2024 543 2168 600 rant,
2220 550 2319 590 eos
2371 536 2557 590 divisit
2615 537 2666 590 in
2712 544 2946 590 caecatos
2995 535 3166 603 ferro,
3194 538 3360 605 inque
3383 537 3484 591 hos
3509 539 3604 606 qui

2026 641 2134 682 non
2161 626 2400 691 fuerant,
2439 638 2499 682 ut
2526 628 2649 697 ipsi,
2672 629 2941 693 existimo,
2973 629 3071 684 hos
3097 629 3380 684 mutilatos
3414 630 3608 684 viden-

2027 727 2266 784 tes,‘cum
2308 724 2454 773 metu
2503 733 2720 786 semper
2750 721 2994 772 viverent
3025 719 3214 788 sicque
3250 719 3610 789 adaugeretur

2025 825 2184 880 paena
2203 809 2555 880 captivitatis.
2577 811 2772 880 Aliquo
2791 822 3038 883 tempore
3063 829 3185 869 cum
3209 820 3606 884 erspectas~'et,

2027 901 2218 971 projici
2279 903 2330 956 in
2383 902 2560 957 locum
2613 904 2956 971 superiorem
3001 905 3179 974 jubet.
3239 903 3601 960 humilitatem

2029 994 2188 1064 primi
2224 995 2328 1049 loci
2359 995 2586 1049 nimiam
2619 996 2898 1061 judicans.

2099 1263 2188 1316 57.
2225 1262 2471 1317 Murmur
2495 1265 2716 1318 interim
2743 1279 2963 1321 rursum
2992 1265 3257 1321 adversus
3281 1263 3432 1318 illum
3457 1262 3611 1317 exci-

2032 1360 2214 1406 tatur:
2250 1367 2460 1406 mornm
2496 1353 2728 1410 durities
2779 1357 3150 1426 exprobratur
3186 1355 3614 1423 impositumqne

2031 1443 2099 1496 ab
2132 1458 2202 1497 eo
2235 1444 2451 1513 pondus
2504 1446 2888 1513 intolerabile,
2935 1457 2991 1502 et
3049 1447 3193 1517 quod
3224 1496 3225 1499 η
3263 1446 3414 1515 ipse,
3445 1445 3488 1498 si
3534 1444 3601 1497 ad

2031 1534 2192 1588 talem
2266 1547 2481 1602 prunam
2565 1540 3060 1602 condemnaretur,
3112 1538 3337 1607 indigne
3407 1536 3614 1590 laturus

2033 1623 2187 1677 foret.
2206 1622 2350 1678 Nihil
2373 1625 2517 1680 enim
2538 1627 2843 1696 patiebatur
2859 1628 2996 1697 ipse,
3017 1628 3109 1683 sed
3128 1643 3193 1682 ex
3216 1625 3455 1686 insidiis,
3475 1625 3608 1677 mul-

2033 1723 2118 1768 tos
2178 1717 2488 1784 exponebat
2557 1719 2737 1787 poenis
2775 1719 3238 1792 intolerabilibus.
3285 1717 3419 1772 Cum
3487 1729 3619 1768 vero

345 1819 546 1886 μακρὰ
578 1818 887 1884 γογγύζων,
921 1821 1019 1873 καὶ
1077 1823 1218 1875 κατὰ
1253 1823 1438 1893 σχῆμα
1489 1822 1928 1891 δυσανασχετῶν,

2042 1811 2284 1859 maneret
2325 1821 2432 1859 non
2480 1807 2604 1861 sine
2657 1809 2888 1877 gemitu,
2921 1818 2975 1863 et
3009 1822 3124 1862 rem
3165 1821 3308 1876 aegre
3345 1807 3515 1860 ferret
3563 1805 3620 1858 in

343 1908 450 1962 καὶ
482 1913 553 1981 τῇ
579 1911 677 1978 μὶν
707 1915 852 1983 ψυχῇ
886 1915 1190 1982 νεμόμενος
1218 1914 1520 1985 βασιλικῶς
1548 1915 1650 1985 τὴν
1687 1915 1936 1983 Μεγαλό-

344 2003 527 2064 πολιν.
553 2009 618 2074 τῇ
641 2006 700 2059 δὲ
723 2006 945 2080 γλώσσῃ
969 2009 1067 2080 τὴν
1089 2011 1478 2080 Παφλαγονίαν
1499 2013 1814 2082 προφέρων,
1837 2014 1934 2067 καὶ

345 2094 498 2165 ἅπερ
525 2097 691 2161 αὐτὸς
717 2101 1085 2172 ὲῤῥητόρευεν
1112 2104 1291 2156 ἐκεῖσε
1315 2104 1477 2166 καλὰ,
1499 2099 1573 2156 ὧν
1593 2104 1756 2172 δῆθεν
1781 2107 1936 2158 Κωνο

347 2189 797 2255 σταντινούπολις
827 2194 1108 2265 ἑστὲρετο,
1138 2198 1231 2250 καὶ
1265 2195 1581 2268 θησαυροὺς
1622 2197 1936 2267 ἐκόμπαζεν

346 2280 475 2332 ἐκεῖ
524 2281 990 2352 πεφυλαγμένους
1042 2288 1214 2358 αὐτῷ,
1239 2289 1436 2344 Φανίου
1467 2290 1528 2360 δή
1568 2305 1692 2343 τινα
1742 2289 1936 2361 θύραν,

347 2371 453 2423 καὶ
485 2373 652 2436 αὐτὸς
685 2373 895 2445 ταύτην
935 2378 1422 2449 ἀναπλαττόμενος
1470 2385 1586 2445 τοῖς
1626 2382 1934 2450 ἀγνοοῦσιν,

346 2463 446 2533 οἵᾳ
472 2464 614 2536 τύχῃ
641 2467 806 2520 αὐτὸν
829 2468 900 2523 τὰ
924 2469 1038 2541 πρὸ
1061 2471 1268 2526 τούτων
1293 2473 1494 2542 ἧλοιυνε
1518 2491 1534 2505 ο
1576 2474 1673 2527 καὶ
1702 2471 1940 2544 ἧσανζτὸ.

348 2557 584 2609 τοιαῦτα
614 2559 980 2631 προϐλήματα
1013 2564 1450 2635 φωνασκούμενα
1474 2569 1553 2635 τῷ
1572 2567 1729 2637 ἀνδρὶ
1758 2568 1816 2621 ὲν
1843 2584 1939 2620 συ-

350 2649 506 2716 χνοῖς
535 2650 718 2717 δχλοις
752 2656 847 2704 καὶ
881 2654 1149 2724 συνεχῶς,
1187 2656 1284 2708 καί
1331 2674 1466 2710 ποτε
1496 2661 1594 2713 καὶ
1643 2659 1798 2730 παρὰ
1826 2677 1939 2713 τισι

348 2739 468 2791 τῶν
497 2739 848 2813 θερμοτέρων
874 2746 940 2798 ὲν
963 2745 1041 2815 τῷ
1069 2748 1257 2816 κοινῷ,
1283 2751 1378 2801 καὶ
1397 2749 1492 2812 οὓς
1518 2752 1671 2804 οὐδέν
1697 2770 1750 2805 τι
1773 2755 1940 2822 ἐκφο-

351 2830 465 2893 ϐεῖ,
490 2832 579 2885 διὰ
613 2834 676 2885 τὸ
705 2837 780 2904 μὴ
809 2835 954 2906 ἔχειν
1005 2839 1264 2908 πρᾶγμα,
1290 2840 1428 2894 καθὸ
1457 2841 1755 2909 δεδίξονιαι
1774 2859 1790 2875 ο
1842 2843 1940 2897 καὶ

349 2925 523 2992 ἤρεσε
551 2928 665 2990 τοῖς
698 2928 964 2991 τοιούτοις
988 2930 1316 3000 ἀναϐοῆσαι,
1365 2931 1442 2993 ὡς
1483 2935 1546 2987 Ei
1581 2934 1656 3006 μὴ
1686 2937 1828 2990 καλὰ
1856 2955 1938 2992 σοι

349 3018 424 3068 τὰ
459 3016 717 3079 ἐνταῦθα,
735 3020 846 3073 οὐδ’
867 3020 984 3073 ἔστι
1015 3023 1348 3092 προσμένειν
1373 3026 1464 3079 ἐπ’
1486 3028 1678 3099 ἀγαθῷ
1700 3029 1799 3097 τῆς
1822 3030 1938 3084 Με-

353 3109 730 3173 γαλοπόλεως,
767 3113 855 3175 τίς·
883 3111 951 3165 ἂν
982 3114 1070 3184 εἴη
1097 3114 1126 3167 ὁ
1152 3115 1553 3184 προσίστασθαι
1582 3120 1798 3192 φρονῶν
1829 3139 1936 3174 σω-

353 3201 530 3272 τηρίᾳ
583 3201 830 3256 τοιούτου
889 3204 1120 3273 ἀνδρός
1181 3207 1274 3260 καὶ
1309 3208 1394 3261 ὄτι
1453 3210 1516 3264 Ἦ
1545 3213 1936 3285 ὁδηγήτρια,ή

355 3296 649 3365 πολιοῦχος
678 3297 857 3366 ἡμῶν,
913 3299 1141 3370 ἀρκέσει
1174 3303 1314 3372 αὐτὴ
1343 3303 1467 3357 ἀντὶ
1520 3305 1741 3359 πάντων
1770 3323 1942 3362 κατα-

359 3387 668 3456 πράξεσθαι
691 3389 811 3457 tibi}
822 3391 915 3459 μίν
937 3389 1215 3461 σύμφορω
1255 3393 1332 3457 ὡς
1356 3395 1558 3462 τοίνυν,
1588 3395 1677 3464 ἐφ’
1704 3391 1786 3459 οἷς
1815 3397 1943 3452 παί-

358 3481 470 3545 ζων
500 3482 703 3545 ἐλάλει,
734 3480 910 3546 οὕτως
955 3484 1404 3555 ὲμ-πεφορϐίωτο,
1464 3491 1594 3560 σιγᾷ
1623 3490 1809 3556 εὐθὺς,
1843 3491 1944 3560 τὴν

360 3575 734 3645 ὑποκριτικὴν
784 3576 993 3646 σκηνὴν
1056 3577 1327 3642 καθελὼν,
1352 3582 1448 3635 καὶ
1492 3581 1662 3650 μηδέν
1703 3601 1756 3636 τι
1781 3581 1944 3638 πλέον

360 3669 544 3719 εἰπεῖν
584 3665 979 3737 προσθέμενος.
1015 3667 1127 3720 Καὶ
1153 3668 1286 3736 γοῦν
1313 3669 1414 3739 τὴν
1463 3671 1714 3740 μηχανὴν
1739 3673 1946 3739 ταύτην

360 3761 446 3823 είς
484 3760 644 3812 κενὸν
681 3757 811 3812 ἰδὼν
845 3759 1149 3829 σχάσασαν,
1175 3759 1267 3812 καί
1292 3776 1396 3812 που
1427 3761 1522 3814 καὶ
1563 3761 1726 3824 αὐτὸς
1757 3777 1948 3830 παροι-

365 3853 584 3921 μιωδῶς
608 3852 802 3916 εἰπὼν,
839 3851 915 3914 ὡς
941 3850 1092 3922 Αὕτη
1128 3850 1228 3919 μὲν
1258 3852 1290 3920 ἡ
1333 3851 1596 3922 μήρινθος
1637 3854 1770 3922 ἡμῖν
1795 3852 1948 3906 οὐδὲν

363 3946 600 4007 ἔσπασε,
630 3944 734 3996 καὶ
754 3943 848 3996 τὸν
873 3944 1149 4013 ἁκκισμὸν
1175 3943 1270 3996 τοῦ
1299 3943 1507 3996 ἐθέλειν
1528 3943 1785 3997 ἀπελθεῖν
1808 3960 1950 4011 γνω·

367 4037 648 4108 μοιτεύσας
681 4038 783 4089 οὐκ
827 4036 1034 4106 ἀγαθὸν
1091 4032 1255 4102 εἶναι,
1307 4031 1396 4090 οἷα
1433 4035 1529 4089 τοῦ
1562 4034 1947 4106 σχηματισμοῦ

363 4129 463 4183 καὶ
501 4128 597 4182 τοῦ
629 4127 922 4197 χρώματος
978 4125 1412 4190 ἅναποιοῦντος,
1456 4125 1601 4196 ἅπερ
1649 4126 1792 4179 κατὰ
1849 4126 1948 4197 τῆς

367 4221 655 4292 βασιλείας
684 4218 1073 4284 ὲῆουλεύσατο,
1110 4220 1207 4273 καὶ
1226 4218 1618 4282 ἀποτελοῦντος
1641 4219 1805 4271 αὐτὸν
1826 4219 1949 4272 ἀντὶ

364 4313 636 4384 ἄρχοντος
696 4310 972 4380 ὕπαρχον,
1009 4310 1205 4381 ἑτέρας
1258 4311 1471 4377 γίνεται
1504 4309 1823 4379 σοφωτέρας
1858 4328 1953 4363 πε-

367 4403 646 4473 ριεργίας.
686 4403 752 4454 Ἦ
787 4402 844 4456 δὲ
896 4397 966 4472 ἦν
997 4402 1202 4470 μηκέτι
1247 4401 1469 4470 ἀμέσως
1520 4400 1647 4462 τοὺς
1699 4399 1950 4468 ὀχλικοῦς

2039 1894 2224 1948 animo
2289 1910 2524 1964 pascens
2584 1897 2994 1968 magniﬁcentia
3061 1898 3412 1968 imperatoria
3471 1894 3622 1951 Con-

2038 1985 2452 2054 stantinopolim
2475 2029 2489 2054 ,
2525 2002 2780 2044 sermone
2811 1999 2992 2043 autem
3035 1988 3460 2060 Paphlagoniam
3501 2003 3622 2040 am-

2041 2077 2287 2146 plectens
2308 2120 2324 2144 ,
2357 2079 2448 2135 ubi
2503 2080 2773 2150 plurimos
2806 2081 3066 2150 pulchros
3092 2096 3376 2137 sermones
3400 2094 3625 2149 compo-

2037 2179 2250 2233 suerat,
2278 2170 2479 2239 quibus
2512 2170 2863 2240 postmodum
2892 2174 3208 2242 privabatur
3229 2173 3625 2228 Constantinu-

2043 2261 2205 2330 polis,
2235 2263 2575 2334 gloriabatur
2601 2266 2704 2320 sibi
2740 2277 2987 2322 servatos
3031 2283 3156 2323 esse
3186 2267 3263 2322 ibi
3305 2266 3623 2328 thesauros,

2039 2352 2335 2419 quamdam
2389 2363 2602 2422 portam
2648 2357 2872 2426 quidem
2924 2357 3141 2424 Phanii,
3194 2373 3360 2428 quam
3411 2358 3626 2412 instau-

2041 2443 2200 2496 rabat
2233 2441 2624 2512 ignorantibus
2675 2463 2784 2518 qua
2824 2459 2975 2504 sorte
3035 2465 3137 2519 pro
3167 2450 3272 2504 illis
3307 2450 3424 2519 ipse
3456 2463 3631 2503 vexa-

2041 2542 2216 2588 retur.
2249 2534 2378 2590 Haec
2401 2545 2564 2591 erant
2581 2549 2902 2608 argumenta
2934 2541 3003 2594 ab
3025 2539 3342 2609 illojactata
3363 2539 3416 2592 in
3446 2538 3627 2592 turbis

2043 2623 2232 2681 densis
2283 2637 2340 2680 et
2391 2627 2514 2695 plus
2549 2630 2742 2695 semel,
2771 2645 2836 2684 ac
2875 2631 3112 2700 quadam
3141 2633 3230 2687 die
3263 2646 3450 2687 coram
3501 2631 3625 2699 qui-

2042 2717 2273 2771 busdam
2294 2733 2357 2773 ex
2388 2719 2793 2776 liheralioribus
2826 2723 3024 2793 plebis,
3052 2739 3192 2792 quos
3222 2723 3359 2778 nihil
3385 2736 3632 2793 unquam

2041 2816 2338 2875 terruerat,
2383 2828 2449 2867 eo
2479 2814 2626 2882 quod
2679 2817 2828 2870 nulla
2861 2833 3028 2871 causa
3063 2817 3146 2872 eis
3177 2824 3296 2872 erat
3342 2819 3413 2872 ob
3466 2829 3628 2886 quam

2046 2898 2339 2965 timerent;
2379 2907 2434 2954 et
2469 2901 2676 2968 placuit
2711 2903 2818 2958 illis
2872 2905 3183 2960 exclamare
3205 2946 3220 2972 ,
3254 2906 3549 2976 quomodo,
3582 2903 3632 2960 si

2043 2988 2192 3042 nulla
2244 2989 2331 3043 hic
2363 2991 2729 3060 sibijucunda
2761 3003 2970 3058 essent,
3001 3011 3111 3050 non
3170 3005 3478 3051 remaneret
3519 2994 3634 3050 Me-

2013 3079 2281 3156 ‘galopoli
2334 3098 2432 3152 pro
2491 3085 2644 3142 urbis
2681 3085 2974 3143 felicitate:
3019 3089 3142 3158 quis
3187 3089 3301 3159 jam
3367 3091 3515 3144 enim
3565 3089 3636 3144 de

1969 3157 2014 3216 C
2047 3168 2172 3222 talis
2208 3169 2303 3221 viri
2334 3171 2516 3227 salute
2550 3175 2735 3228 animo
2783 3157 3229 3232 curaverit‘iViae
3251 3178 3360 3232 dux
3401 3187 3634 3245 patrona

2049 3269 2248 3314 nostrae
2286 3261 2438 3316 urbis
2473 3263 2633 3318 nobis
2679 3265 2914 3322 sufﬁciet
2957 3267 3023 3322 ad
3077 3272 3420 3336 procuranda
3475 3269 3633 3328 nobis

2050 3351 2205 3407 utilia
2262 3355 2530 3411 adversus
2581 3359 2786 3413 omnia.
2824 3357 3124 3430 Postquam
3190 3376 3321 3431 ergo
3377 3361 3462 3416 his
3512 3373 3634 3430 quae

2043 3447 2305 3515 nugando
2335 3449 2660 3518 loquebatur
2717 3467 2813 3508 eos
2859 3453 3211 3522 refrenasset,
3263 3456 3447 3510 subito
3473 3463 3636 3520 tacet,

2045 3551 2206 3592 scena
2238 3542 2449 3594 comica
2490 3541 2666 3608 ﬁnita,
2692 3544 2938 3615 nihilque
2980 3547 3218 3614 amplius
3271 3548 3455 3600 dicere
3493 3560 3636 3615 pra:-

2046 3633 2232 3689 sumit.
2265 3633 2400 3688 Cum
2427 3636 2593 3707 igitur
2619 3638 2734 3694 haec
2761 3639 3098 3696 machinatio
3130 3640 3267 3694 nihil
3294 3639 3637 3709 profecisset,

2045 3724 2325 3782 funiculus
2361 3729 2550 3797 ipsius,
2567 3742 2624 3784 ut
2648 3731 2939 3799 allegorice
2957 3732 3192 3796 dicebat,
3215 3731 3354 3787 nihil
3383 3747 3447 3787 ex
3478 3731 3639 3786 nobis

2045 3817 2358 3886 elicuisset_,
2389 3834 2490 3874 nec
2535 3820 2722 3876 ﬁctum
2782 3825 3118 3892 propositum
3148 3821 3464 3878 discedendi
3519 3823 3642 3876 nul-

2046 3905 2150 3961 lius
2176 3923 2297 3964 esse
2329 3911 2599 3980 potuisset
2627 3913 2882 3968 utilitatis
2901 3921 2983 3977 ,et
3027 3929 3151 3968 cum
3181 3913 3363 3968 omnia
3382 3911 3642 3981 ﬁgmenta

2046 4015 2102 4057 et
2141 4003 2384 4058 colorata
2421 4017 2543 4073 quae
2587 4004 2843 4074 adjutnra
2884 4003 3101 4059 fuerant
3132 4005 3236 4074 ipsi
3284 4005 3339 4058 in
3395 4004 3642 4059 consiliis

2047 4092 2117 4146 de
2155 4093 2294 4147 solio
2319 4094 2699 4162 imperatorio,
2732 4096 3014 4164 adjuvisse
3049 4107 3110 4149 ut
3163 4110 3262 4166 pro
3294 4095 3473 4166 primo
3503 4096 3644 4149 duce

2049 4185 2159 4238 dux
2221 4193 2366 4240 esset
2419 4187 2698 4242 secundus
2761 4187 3033 4252 vidisset,
3091 4201 3285 4241 novam
3347 4186 3641 4255 quamdam
3735 4168 3744 4176 ’

2049 4280 2190 4331 viam
2227 4277 2420 4345 aperit.
2459 4277 2788 4348 Neutiquam
2828 4280 2932 4333 l'uit
2969 4279 3085 4332 haec
3140 4287 3199 4332 ut
3245 4279 3418 4332 turbae
3462 4280 3646 4331 omnis

2050 4373 2263 4444 generis
2286 4381 2546 4442 protenus
2573 4374 2640 4426 ad
2665 4374 2841 4442 ipsum
2869 4374 3214 4439 accederent,
3239 4374 3334 4428 sed
3361 4372 3455 4440 qui
3484 4381 3645 4426 erant

366 4462 476 4548 iul.
500 4462 804 4562 ξύγκλυδας
833 4462 1168 4562 είς-ὁμιλίαν
1205 4462 1390 4556 ἀξιοῦν
1414 4492 1574 4562 ἥκειν
1618 4462 1789 4560 αὐτῷ,
1812 4491 1942 4546 ἀλλὰ

2054 4468 2109 4522 ἰιι
2155 4466 2262 4523 illis
2288 4467 2622 4531 eminentes,
2653 4483 2792 4536 quos
2838 4482 3038 4535 magno
3089 4480 3316 4520 numero
3351 4465 3460 4519 huc
3514 4462 3645 4518 illuc

366 4588 500 4647 τοὺς
526 4587 586 4636 ἐν
613 4586 794 4645 αὐτοῖς
824 4581 1187 4654 προῦχοντας,
1211 4583 1304 4635 καὶ
1321 4581 1464 4645 οἴους
1496 4581 1643 4650 ἔχειν
1663 4580 1956 4651 περιάγειν

368 4678 502 4739 τοὺς
524 4675 802 4738 πλείονας,
839 4677 934 4728 καὶ
970 4673 1342 4744 κεφαλαρχεῖν
1372 4673 1447 4738 ὡς
1489 4676 1546 4726 ἐν
1565 4675 1778 4744 οὐραῖς.
1808 4674 1958 4728 Ἀλι-

370 4771 558 4838 τήριοι
594 4765 872 4835 avom-.0:
893 4767 1116 4830 ἐκεῖνοι,
1147 4764 1622 4833 φιλοστασιασταὶ,
1642 4763 1954 4834 ὀχλοκοποι,

371 4859 625 4924 βασιλεῖς
651 4852 763 4908 οἷον
793 4858 1025 4920 ἕκαστος
1057 4856 1191 4927 περὶ
1214 4855 1342 4918 τοὺς
1373 4855 1652 4926 ὁμοήθεις.
1688 4855 1959 4926 Φιλοῦμεν

368 4950 488 5017 γὰρ
519 4949 568 4998 οί
597 4945 957 5014 ἐλαφρότεροι
980 4945 1221 5006 εὐκόλως
1249 4945 1485 4998 ἔπεσθαι
1532 4945 1818 5000 κελεύουσι
1847 4951 1959 5010 τοῖς

371 5039 516 5109 πρὸς
543 5036 582 5092 ἆ
611 5035 942 5104 πεφύκαμεν
979 5037 1239 5103 ὁδηγοῦσι
1267 5051 1282 5064 ο
1309 5034 1641 5104 πεφύκαμεν
1663 5037 1720 5090 δὲ
1747 5038 1799 5089 oi
1830 5037 1963 5090 πολ-

369 5133 458 5185 λοὶ
513 5129 654 5200 πρὸς
684 5130 746 5179 τὸ
777 5127 1105 5196 φιλόκαινον,
1159 5127 1501 5196 ἐπιθυμηταὶ
1548 5127 1703 5191 ὄντες
1752 5128 1960 5183 καινῶν

373 5221 789 5293 ᾣμόαμάτων,
825 5219 922 5272 καὶ
954 5219 1046 5273 τὸν
1078 5219 1274 5290 χρόνον
1318 5220 1680 5285 ἀπαιτοῦντες
1709 5222 1959 5292 ὲγκαινί-

369 5321 488 5384 ζειν
516 5317 655 5386 ἡμῖν
681 5313 872 5366 ἄλλοτε
901 5311 1038 5366 ἄλλα
1063 5311 1361 5378 ξενίζοντα.

437 5410 544 5478 λη’.
588 5406 659 5460 Oi
689 5405 868 5459 τοίνυν
895 5405 1002 5463 τῶν
1027 5405 1121 5458 τοῦ
1156 5404 1331 5474 δήμου
1352 5406 1419 5459 τὰ
1451 5404 1647 5476 πρῶτα
1680 5405 1959 5475 φέροντες,

369 5505 460 5554 καὶ
496 5501 822 5568 ἀνεγείρειν
854 5498 977 5560 τοὺς
1008 5497 1236 5560 λοιποὺς
1293 5496 1532 5567 ἔχοντες,
1581 5498 1964 5568 προδληματι-

366 5593 596 5653 σθέντες
623 5585 745 5642 οἷον
778 5589 884 5642 ὑπὸ
906 5588 1000 5640 τοῦ
1027 5587 1376 5658 Ἀνδρονίκου
1407 5589 1469 5640 τὸ
1501 5588 1794 5658 βουλητέον
1825 5586 1966 5640 ἐκεί-

359 5706 457 5758 νῳ,
495 5681 630 5738 εἶτα
662 5682 870 5741 τόπους
900 5679 1054 5733 αὐτοὶ
1089 5677 1410 5749 ἐξεύρισκον
1437 5678 1579 5734 κατὰ
1609 5679 1738 5740 τοὺς
1759 5678 1964 5742 δεινοὺς

352 5780 600 5837 ςοιαῦτα
637 5772 992 5842 σοφίζεσθαι,
1047 5771 1114 5822 δι’
1141 5765 1216 5823 ὧν
1263 5773 1718 5842 ἐπιχειρήσαντες
1752 5787 1960 5842 sup-ns.

744 5867 1017 5927 PATBUL.
1066 5865 1178 5923 Gn.
1240 5862 1580 5924 CXXXVI.

2059 4575 2356 4631 sparsurus
2423 4569 2540 4615 erat
2603 4570 2661 4615 et
2725 4560 3117 4631 praepositurus
3174 4557 3332 4627 quasi
3395 4563 3645 4612 extremo

2060 4656 2288 4726 agmini.
2337 4651 2399 4706 Hi
2432 4655 2685 4708 homines
2725 4660 2884 4706 erant
2929 4649 3246 4718 reipublica:
3277 4657 3480 4718 pestes,
3528 4645 3642 4700 fac-

2061 4749 2212 4812 tiosi,
2251 4746 2542 4810 seditiosi,
2586 4760 2741 4815 reges
2809 4743 3192 4812 unusquisque
3259 4743 3403 4794 inter
3459 4753 3643 4809 pares.

2058 4837 2308 4908 Namque
2350 4845 2448 4907 pro
2491 4837 2704 4892 levitate
2748 4845 2934 4890 nostra
2967 4834 3124 4903 sequi
3151 4848 3403 4888 amamus
3430 4847 3524 4886 eos
3547 4830 3640 4900 qui

2061 4934 2272 4989 ducunt
2324 4932 2392 4986 ad
2427 4948 2490 4986 ea
2533 4930 2600 4984 ad
2653 4944 2776 4998 quae
2827 4928 3060 4998 impellit
3111 4936 3342 4993 natura;
3392 4926 3640 4996 plerique

2061 5027 2207 5080 enim
2243 5034 2440 5078 natura
2467 5023 2797 5092 impellimur
2821 5024 2886 5075 ad
2927 5036 3098 5076 novas
3122 5036 3230 5086 res,
3261 5019 3442 5088 cupidi
3473 5031 3644 5071 novo-

2063 5133 2183 5172 rum
2232 5125 2566 5180 eventuum,
2621 5115 2965 5184 postulantes
3001 5123 3061 5168 ut
3101 5120 3321 5182 tempus
3367 5110 3641 5165 interdum

2064 5227 2152 5266 res
2206 5211 2454 5292 insolitas
2491 5218 2736 5263 renovet.

2134 5389 2222 5445 '58.
2259 5388 2362 5455 Qui
2393 5386 2559 5457 igitur
2591 5385 2887 5456 primatum
2924 5381 3107 5452 populi
3153 5387 3367 5446 tenent,
3399 5386 3454 5432 et
3481 5389 3642 5434 caete-

2063 5499 2156 5538 ros
2179 5485 2419 5536 excitare
2444 5484 2804 5548 praesumunt,
2831 5474 3148 5552 defensores
3165 5470 3461 5550 Andronici
3482 5469 3640 5540 juxta

2065 5575 2395 5629 voluntalem
2414 5572 2876 5643 ejus,argumenta
2892 5581 3052 5636 quam
3070 5573 3297 5634 possunt
3313 5561 3642 5616 validissima

2066 5670 2319 5724 emittunt
2355 5669 2409 5720 in
2435 5664 2625 5731 fortes,
2659 5664 2857 5734 quibus
2894 5664 3113 5718 insolita
3159 5673 3211 5718 ct
3231 5661 3491 5726 absurda,
3517 5675 3642 5713 cum

2068 5777 2199 5832 pace
2224 5761 2476 5824 dixerim,
2505 5758 2812 5830 perlirinnt.
2845 5755 3097 5826 Mysteria
3130 5756 3292 5808 etiam
3318 5769 3422 5808 non
3452 5766 3640 5806 sanca
3736 5811 3740 5815 ,

3089 5849 3126 5903 2
