4084 6432
478 310 548 373 63
1192 310 1620 373 EUSTATHII
1654 311 1756 372 ΤΗ
1766 310 2294 372 ESSALONICEN
2299 316 2418 380 SIS
2448 321 3011 384 METROPOLITzE
3696 324 3767 382 44

479 425 747 484 facientes
783 425 849 481 ad
888 427 991 481 hoc
1022 435 1410 495 pervenerunt.
1444 432 1504 479 ut
1541 424 1594 478 in
1632 424 1811 479 lucem
1845 424 2075 479 adduce-

2192 434 2416 499 ρανοῦσι
2436 436 2497 489 τὸ
2528 437 2781 505 ἔκτοπον,
2809 439 2904 492 καὶ
2929 434 3190 507 ὀκνητέον
3211 433 3269 490 δὲ
3291 434 3489 499 εἰπεῖν,
3516 437 3613 491 καὶ
3637 438 3757 493 ἀτο-

477 527 603 574 rent
639 532 762 586 quae
791 518 1033 575 tenebris
1065 525 1193 573 sunt
1221 518 1406 587 digna,
1445 515 1906 585 multitudinique
1944 530 2073 586 per-
2101 572 2115 586 ,

478 611 775 669 suaderent
814 611 959 681 quod
998 611 1191 666 civitas
1244 610 1462 665 ruinam
1509 623 1622 665 non
1664 607 1908 679 effugiet,
1962 608 2070 664 nisi

483 718 610 757 cum
642 718 815 773 parvo
845 712 901 757 et
934 704 1226 774 inexperto
1260 702 1452 758 Alexio
1485 701 1540 757 in
1573 701 1793 769 imperii
1841 714 2076 756 consor-

479 795 619 849 tium
659 796 1044 851 admitteretur
1077 796 1445 862 Andronicus,
1496 793 1719 865 optima:
1753 791 1984 856 indolis,
2018 801 2074 845 et

479 887 538 943 in
567 888 833 960 regnandi
867 898 987 944 arte
1013 887 1149 943 adeo
1177 896 1457 951 versatus,
1488 896 1549 942 ut
1580 901 1706 942 cum
1738 885 1836 939 illo
1860 879 2075 953 imperii

478 977 848 1049 gubernacula
880 978 1018 1033 bene
1049 984 1302 1032 recturus
1336 975 1527 1045 foret;
1553 990 1657 1030 non
1689 975 1763 1029 ita
1788 983 1848 1030 ut
1876 972 2077 1027 avelle-

477 1076 657 1135 retur,
712 1069 808 1124 sed
860 1080 919 1126 ut
959 1068 1362 1139 produceretur
1415 1066 1657 1122 maxime
1685 1065 2076 1135 magnificare-

476 1167 681 1229 turque
724 1159 975 1228 parvitas
1007 1159 1166 1231 ejus;
1211 1158 1617 1214 communitate
1651 1155 1872 1225 quidem
1904 1154 2072 1210 unius

475 1248 760 1320 dignitatis
778 1289 793 1315 ,
822 1248 1110 1305 consortio
1162 1263 1290 1305 vero
1312 1248 1556 1303 laborum
1584 1259 2073 1315 aerumnarumque

477 1343 681 1413 quibus
746 1343 875 1413 plus
929 1342 1066 1398 satis
1124 1341 1474 1398 assuefactus
1521 1347 1643 1397 erat
1692 1338 2070 1402 Andronicus,

478 1435 808 1491 multimoda
834 1436 1175 1505 experientia
1201 1435 1560 1491 exercitatus.
1590 1433 1708 1489 Non
1725 1432 1915 1503 paucis
1951 1445 2073 1500 per-

478 1536 776 1583 suaserunt
806 1527 1160 1582 utbenevolis
1182 1528 1412 1583 auribus
1442 1526 1695 1581 audirent
1714 1538 1781 1579 ac
1804 1522 2073 1577 int-alesc-

480 1626 605 1669 rent
636 1614 704 1670 ad
732 1617 1268 1672 consummationem
1297 1617 1611 1672 communis
1642 1614 1863 1686 imperii
1891 1613 2074 1668 Alexil

479 1715 533 1762 et
567 1706 889 1763 Andronici.
917 1708 978 1763 ln
1020 1710 1292 1781 principio
1326 1708 1549 1780 quidem
1569 1707 1637 1763 de
1669 1707 2074 1764 machinatione

480 1801 914 1866 mussitabatur,
970 1812 1160 1873 postea
1214 1817 1397 1860 sermo
1453 1802 1651 1867 ﬂebat,
1714 1801 1882 1870 paulo
1941 1810 2072 1871 post

480 1892 663 1964 palam
714 1895 880 1950 etiam
939 1896 1306 1952 clamabatur.
1369 1895 1642 1953 Caeterum
1706 1893 1933 1966 publice
1997 1892 2069 1948 ad

480 1985 849 2055 principatum
887 1986 1204 2044 invitandus
1243 1996 1363 2043 erat
1405 1987 1796 2053 Andronicus;
1825 1987 1922 2057 qui
1959 1984 2072 2041 nisi

480 2077 761 2141 cbediret,
787 2078 1034 2150 jamjam.
1064 2078 1340 2150 rogandus
1368 2087 1552 2147 esset;
1587 2079 1635 2134 si
1671 2094 1803 2134 vero
1854 2093 1958 2133 nec
1996 2078 2073 2133 ita

477 2169 792 2235 exaudiret,
827 2170 1150 2229 inﬂexibilis
1199 2188 1554 2243 permanens,
1623 2173 1708 2228 vis
1758 2171 2073 2228 adhibenda

480 2261 646 2319 foret.
692 2262 890 2320 Dicunt
916 2274 971 2320 et
1028 2265 1135 2323 hoc
1171 2281 1297 2324 esse
1326 2267 1552 2332 melius,
1582 2267 1737 2322 illum
1775 2266 1887 2336 pati
1925 2263 2075 2336 quod

482 2373 594 2414 non
622 2358 759 2422 vult,
788 2360 1005 2417 scilicet
1036 2375 1291 2431 regnare,
1334 2376 1501 2431 quam
1550 2360 1816 2414 mundum
1855 2361 2072 2414 ruinam

482 2450 616 2517 pati.
647 2450 787 2506 Huic
822 2453 1134 2508 assentiunt
1170 2455 1324 2510 multi
1357 2470 1421 2510 ex
1460 2454 1636 2523 plebe.
1664 2454 1725 2509 ln
1763 2455 1911 2509 hunc
1940 2468 2073 2509 vero

481 2550 787 2599 torrentem
820 2544 940 2600 iluit
972 2546 1218 2617 quaedam
1245 2546 1514 2603 colluvies
1543 2562 1611 2603 ex
1639 2548 2074 2618 congregatione

482 2635 745 2703 aliorum,
775 2652 883 2692 non
912 2638 1201 2695 abundans
1218 2639 1462 2709 quidem,
1486 2639 1581 2696 sed
1603 2654 1806 2695 nocens
1838 2639 2074 2711 ideoque

481 2740 515 2780 a
541 2726 702 2784 nobis
735 2728 1172 2785 abhorrendnm.
1202 2728 1321 2783 Non
1373 2731 1520 2785 enim
1545 2730 1869 2800 simpliciter
1920 2729 2074 2786 dete-

484 2821 742 2877 stabatur
787 2830 1003 2878 aetatem
1041 2823 1309 2893 puerilem
1356 2823 1533 2877 Alexii
1567 2823 1925 2893 imperatoris
1954 2825 2071 2875 An-

482 2915 694 2970 dronici
727 2917 925 2984 gratia,
963 2917 1060 2971 sed
1107 2913 1293 2971 furore
1324 2930 1426 2971 suo
1462 2929 1549 2972 res
1594 2916 1861 2982 turbavit,
1899 2925 2072 2985 utque

484 3009 843 3067 Andronicus
868 3008 1080 3066 fureret
1115 3008 1224 3065 fuit
1258 3024 1453 3066 causa.

552 3287 644 3344 39.
679 3288 822 3344 Inter
854 3288 979 3344 illos
1005 3294 1171 3342 erunt
1195 3287 1443 3343 celebres
1477 3286 1513 3343 ii
1567 3287 1661 3358 qui
1703 3286 1925 3344 fuerunt
1953 3293 2069 3341 tum

484 3382 699 3450 fideles,
749 3382 1150 3438 Constantinus
1201 3382 1508 3444 Patrenus,
1571 3382 1750 3451 imago
1808 3387 2067 3436 accurata

484 3474 851 3542 adulationis,
882 3483 939 3531 et
967 3475 1176 3530 imbelli
1224 3490 1387 3530 manu
1422 3474 1673 3540 Michael,
1705 3474 1792 3527 vir
1822 3472 2073 3529 difﬁcilis

487 3566 822 3636 gubernatu,
880 3566 1058 3623 facilis
1087 3582 1218 3620 vero
1268 3566 1337 3620 ad
1370 3568 1720 3637 pravitatem.
1770 3565 1903 3622 Erat
1943 3581 2075 3622 vero

486 3657 543 3711 in
576 3658 686 3713 iliis
711 3659 790 3712 vir
822 3658 1060 3726 insignis
1082 3658 1242 3729 quasi
1267 3656 1453 3712 ferens
1478 3660 1695 3727 signum
1727 3658 1902 3713 ruina:
1929 3659 2076 3727 (erat

488 3750 631 3804 forte
662 3757 796 3805 tunc
842 3750 897 3804 in
946 3750 1124 3805 media
1161 3749 1345 3819 aetate)
1397 3758 1560 3805 natus
1605 3765 1672 3804 ex
1704 3760 1860 3820 patre
1894 3750 2077 3821 perito

487 3842 557 3897 de
590 3857 647 3896 re
668 3841 883 3912 publica
908 3840 1391 3912 judicandiseque
1424 3841 1477 3896 in
1524 3840 1816 3897 latrocinia
1851 3842 2071 3899 immer-

489 3933 651 4004 gendi
708 3948 723 3987 :
767 3930 1080 4004 Stephanus
1115 3934 1333 4004 quidem
1389 3934 1611 3989 nomine
1664 3935 1988 4005 appellatus,
2021 3944 2077 3991 et

488 4029 766 4098 superillo
791 4027 1446 4098 Hagiochristophorites,
1484 4029 1576 4099 qui
1605 4037 1945 4094 mutatus,ex
1965 4044 2077 4101 quo

489 4125 756 4180 adversus
814 4123 980 4179 Deum
1025 4132 1324 4193 operatur,
1365 4124 1945 4194 antichristophorites
1986 4140 2078 4181 co-

486 4218 846 4286 gnominatur
872 4217 941 4272 ab
965 4217 1033 4275 iis
1062 4217 1158 4290 qui
1186 4223 1334 4274 recte
1350 4217 1614 4274 sentiunt.
1636 4217 1775 4274 Huic
1795 4220 1906 4290 jam
1942 4227 2080 4273 tem-

488 4327 596 4382 pus
649 4320 888 4368 statuam
929 4312 1045 4367 vitii
1081 4322 1354 4368 erexerat.
1387 4312 1525 4367 Cum
1562 4313 1709 4369 enim
1749 4312 2075 4369 affinitatem

489 4422 602 4462 non
641 4400 915 4478 iunxisset
964 4421 1091 4461 eum
1145 4406 1470 4476 semetipso,
1517 4406 1612 4462 sed
1658 4406 1892 4475 nequius
1931 4406 2075 4475 egis-

488 4508 756 4571 set'qnam
780 4513 880 4570 pro
912 4499 1186 4556 connubio
1209 4500 1404 4562 nobili,
1430 4499 1581 4555 dedit
1614 4501 1779 4555 etiam
1802 4500 2072 4568 insignem

489 4594 808 4649 vindictam.
861 4592 1033 4649 Nares
1072 4593 1217 4649 enim
1284 4591 1404 4662 ejus
1444 4593 1646 4647 dilissa:
1683 4601 1832 4658 sunt,
1881 4594 1952 4646 ita
2020 4602 2073 4647 ut

489 4704 600 4743 non
629 4690 767 4743 bene
789 4689 1111 4757 respiraret,
1138 4685 1350 4743 scilicet
1371 4700 1436 4740 ex
1466 4703 1572 4756 qua
1594 4702 1701 4741 non
1724 4689 1979 4751 decebat,
2003 4691 2079 4744 lo-

491 4795 662 4850 raque
684 4779 1008 4849 castigantia
1048 4794 1213 4849 super
1246 4780 1470 4834 dorsum
1499 4780 1619 4847 ejus
1643 4796 1751 4835 non
1780 4797 1950 4849 pauca
1993 4798 2079 4837 ce-

490 4876 765 4930 ciderunt.
788 4872 966 4943 [Eque
982 4883 1162 4929 autem
1183 4874 1616 4939 inverecundus,
1643 4875 1791 4929 omni
1815 4875 2024 4944 pudore
2049 4892 2079 4930 e

492 4967 673 5020 fronte
697 4964 969 5034 deposito,
996 4980 1107 5020 non
1158 4967 1429 5021 abstinuit
1458 4966 1515 5021 in
1552 4966 1775 5034 publico
1811 4981 2078 5036 apparere

493 5068 555 5114 ut
584 5061 637 5113 in
681 5058 925 5113 derisum
958 5067 1289 5124 \erterctur,
1322 5060 1414 5115 sed
1448 5061 1605 5130 quasi
1630 5061 1832 5115 malum
1867 5061 2076 5115 nullum

494 5155 527 5207 fu
550 5153 723 5214 cisset
769 5152 1173 5216 deambulabat,
1224 5152 1370 5208 sicut
1402 5163 1587 5215 antea,
1623 5154 1851 5208 audacia
1888 5168 2081 5223 super-

492 5250 631 5312 bus,
658 5244 1066 5313 ostendensque
1094 5260 1200 5299 non
1233 5259 1291 5298 se
1316 5244 1543 5313 pudere,
1577 5253 1633 5300 et
1658 5244 1739 5300 sic
1769 5244 1821 5300 vi
1848 5259 2078 5313 persna-

496 5341 635 5396 dens
665 5339 868 5393 malum
909 5336 1049 5395 nihil
1083 5352 1231 5403 esse,
1266 5337 1382 5392 sive
1414 5338 1578 5392 faciat
1614 5338 1733 5394 sive
1777 5338 2075 5393 sustineat.

496 5430 637 5483 Cum
674 5427 863 5492 itaque
897 5427 966 5480 ab
1005 5429 1264 5483 omnibus
1302 5427 1712 5499 despiceretur,
1746 5441 1800 5485 et
1842 5429 2078 5486 illustris

498 5518 836 5574 matrimonii
908 5532 1004 5589 spe
1068 5516 1704 5589 frusuatus.nullaque
1778 5522 1882 5576 alia
1953 5538 2081 5590 spes

500 5598 873 5681 promotionis
922 5608 1166 5676 adesset,
1198 5612 1293 5666 sed
1328 5611 1532 5666 frustra
1578 5611 1766 5666 limina
1831 5614 2077 5683 impera-

501 5706 641 5757 toria
677 5711 903 5767 tereret,
930 5702 1165 5772 quadam
1200 5702 1292 5757 die
1319 5700 1458 5758 forte
1482 5703 1654 5759 edidit
1687 5708 1917 5761 verbum
1942 5706 2081 5761 alias

502 5793 719 5864 quidem
749 5793 1003 5879 effectum
1030 5794 1234 5880 malum
1262 5795 1772 5880 sortiturum,qu.od
1815 5797 1918 5871 ipsi
1949 5814 2080 5858 vero

2178 544 2280 582 πον
2303 544 2318 559 ο
2359 530 2456 583 καί
2496 532 3000 602 μυστηριασθὲντες
3033 530 3096 585 τὸ
3149 528 3224 600 μὴ
3254 529 3405 584 ὅσιον
3428 570 3444 596 ,
3484 531 3763 586 ἐτελοῦντο

2178 627 2318 691 πρὸς
2342 623 2542 688 ἐκεῖνο,
2579 624 2674 677 καὶ
2704 623 3025 695 ἐδᾳδούχουν
3059 610 3142 687 εἰς
3170 623 3411 694 ἐμφανὲς
3440 622 3510 677 τά
3540 624 3769 689 σκότους

2176 716 2325 780 ἀξια,
2369 717 2466 770 καὶ
2488 718 2888 782 ἀναπείσαντες
2912 718 3037 781 τοὺς
3060 717 3255 788 δχλους
3281 715 3356 789 μὴ
3395 717 3463 772 ἀν
3503 717 3799 800 ἐκφυγεῖν,

2176 808 2278 878 τὴν
2300 808 2457 862 πόλιν
2491 808 2553 861 τὸ
2592 808 2938 876 ἀπολεῖσθαι,
2992 809 3040 862 εἰ
3072 808 3147 880 μὴ
3180 809 3259 879 τῷ
3294 807 3476 879 μικρῷ
3502 808 3600 863 καὶ
3627 798 3803 876 ἀγυ-Ῑ’

2182 900 2407 972 μνάστῳ
2443 900 2671 971 Ἀλεξίῳ
2709 902 2777 954 τά
2834 902 2915 964 εἰς
2952 900 3236 971 βασιλείαν
3278 902 3372 954 τὸν
3421 901 3781 978 Ἀνδρονικσῖς

2180 990 2596 1055 συνδυάσουσιν,
2629 987 2688 1045 εὖ
2728 992 2873 1062 μάλα
2906 990 3258 1058 δεδασμένον,
3301 991 3397 1044 καὶ
3420 990 3492 1044 τὰ
3529 991 3611 1053 εἰς
3648 1006 3766 1042 τοι·

2178 1082 2351 1147 αύτας
2370 1084 2566 1154 τέχνας
2602 1078 2715 1137 οἷόν
2744 1099 2805 1136 τι
2855 1082 2988 1136 ὅντα
3021 1081 3407 1152 συνδιαφέρειν
3440 1081 3644 1151 ἐκείνῳ
3673 1077 3768 1132 τὸν

2179 1173 2458 1244 βασίλειον
2512 1174 2677 1242 ζυγόν
2700 1190 2714 1205 ·
2762 1174 2863 1243 οὐχ
2899 1174 3042 1227 ὥστε
3078 1172 3186 1243 μὴν
3214 1173 3311 1229 καὶ
3341 1170 3763 1242 καταρῤιπςτεῖν,

2177 1265 2314 1320 ἀλλά
2345 1266 2441 1320 καὶ
2476 1266 2716 1334 μάλιστα
2745 1265 3061 1336 ύπανέχειν,
3091 1266 3186 1320 καὶ
3207 1264 3311 1336 τὴν
3349 1263 3562 1318 ἐκείνου
3597 1278 3769 1331 μεγα-

2174 1351 2359 1406 λύνειν
2392 1354 2738 1424 σμικρότητα
2760 1371 2777 1387 ·
2818 1355 3079 1425 κοινωνίᾳ
3104 1357 3202 1423 μὲν
3238 1354 3397 1421 ἀξίας
3423 1354 3574 1423 μιᾶς,
3593 1353 3770 1422 ὕπερ·
3853 1398 3857 1402 .

2175 1446 2279 1516 οχῇ
2318 1446 2375 1499 δὲ
2411 1446 2600 1501 κόπων
2624 1448 2722 1501 καὶ
2747 1447 2949 1509 πόνων,
3004 1443 3087 1510 οἷς
3115 1447 3145 1499 6
3172 1446 3517 1517 Ἀνδρόνικος
3560 1444 3769 1498 εἴθιστο

2176 1535 2363 1604 ἀδδην,
2394 1538 2762 1605 πολυπλάνοις
2791 1540 3025 1605 πλάναις
3057 1540 3199 1595 κατά
3224 1538 3318 1593 τὸν
3348 1540 3574 1592 εἰπόντα
3601 1555 3771 1608 γεγυ-

2182 1631 2523 1701 μνασμένος·
2555 1631 2795 1703 ἤγειραν
2823 1632 2924 1686 οὐκ
2962 1633 3179 1699 ὀλίγους
3202 1630 3633 1701 ἀναπεισθῆναι,
3675 1630 3771 1699 ὀρ-

2181 1724 2291 1789 θῶς
2330 1724 2555 1779 ἀκούειν
2582 1726 2678 1779 καί
2731 1724 3203 1796 διαθερμανθῆναι
3235 1725 3318 1789 εἰς
3364 1723 3617 1788 ὲξάνυσιν
3666 1720 3769 1776 τοῦ

2181 1818 2474 1889 συνάρχειν
2496 1817 2797 1889 βασιλικῶς
2818 1818 2911 1872 τόν
2941 1834 3002 1871 τε
3030 1815 3293 1882 Ἀλέξιον,
3324 1816 3418 1870 τόν
3452 1833 3513 1871 τε
3550 1814 3772 1889 Ἀνδρό-

2179 1927 2355 1964 νικον.
2392 1910 2504 1965 Καὶ
2532 1914 2631 1981 τὴν
2660 1910 2838 1981 ἀρχὴν
2866 1910 2964 1980 μὲν
3001 1909 3432 1981 ὕπεψιθυρίζετο
3462 1910 3650 1980 ἠριμα
3705 1907 3771 1962 τὺ

2179 2002 2424 2073 σόφισμα
2445 2017 2459 2031 ο
2499 2003 2642 2073 μετά
2660 2001 2718 2056 δὲ
2748 2001 3016 2067 ὲλαλεῖτο,
3049 2002 3247 2073 μικρὸν
3269 2001 3329 2056 δὲ
3361 2002 3489 2056 ὅσον
3524 1999 3622 2054 καὶ
3649 2000 3772 2065 εξε-

2177 2094 2341 2149 ϐοᾶτο
2391 2095 2791 2166 τρανέστερονο
2822 2094 2918 2149 καὶ
2965 2094 3073 2148 ἔδει
3097 2093 3287 2148 λοιπὸν
3325 2092 3590 2165 ἐμφανῶς
3631 2107 3775 2163 προ-

2177 2185 2451 2259 κληθῆναι
2492 2187 2572 2252 εἰς
2597 2187 2698 2258 τὴν
2719 2186 2898 2259 ἀρχὴν
2924 2185 3017 2241 τὸν
3048 2186 3393 2258 Ἀνδρόνικον
3415 2202 3431 2218 ο
3456 2185 3554 2240 καὶ
3609 2182 3772 2255 εἰμὴ

2177 2281 2439 2345 πείθοιτο,
2470 2280 2606 2334 ἀλλά
2626 2280 2748 2335 τότε
2773 2280 3170 2351 δυσωηθῆναι
3189 2294 3202 2309 ·
3250 2280 3301 2333 εἰ
3346 2279 3403 2332 δὲ
3448 2277 3587 2350 μηδὲ
3621 2276 3773 2332 οὕτω

2178 2373 2582 2439 κατακλίνοιτο,
2638 2373 2849 2436 ἀτενῶς
2908 2370 3074 2442 ἔχων,
3136 2370 3470 2440 πειραθῆναι
3495 2371 3591 2424 καὶ
3617 2369 3768 2442 βίας.

2177 2466 2287 2520 Καὶ
2310 2465 2534 2519 κάλλιόν
2568 2481 2736 2534 φασιν
2760 2462 2822 2517 ὂν
2849 2463 3045 2518 παθεῖν
3067 2465 3296 2527 ἐκεῖνον,
3320 2462 3349 2517 δ
3377 2462 3453 2531 μὴ
3484 2462 3769 2533 βούλεται,

2176 2557 2237 2610 τὸ
2268 2556 2589 2627 βασιλεῦσαι
2614 2555 2839 2628 δηλαδὴ,
2871 2556 3016 2627 ἢπερ
3054 2554 3339 2622 ἐξολέσθαι
3383 2555 3455 2608 τὰ
3493 2555 3767 2624 κοσμικά.

2176 2650 2288 2702 Καὶ
2314 2647 2688 2720 ὲέαιρίζονται
2722 2650 2821 2720 μὲν
2842 2649 2924 2713 εἰς
2949 2649 3108 2702 τοῦτο
3133 2646 3322 2701 πολλοί
3351 2646 3461 2701 τῶν
3483 2646 3583 2701 τοῦ
3604 2644 3767 2700 λαοῦ·

2179 2744 2531 2815 συνεπιρῤἐει
2555 2742 2613 2796 δὲ
2641 2741 2721 2810 τῷ
2748 2742 2981 2796 κλύδωνι
3005 2740 3185 2812 τούτῳ
3216 2740 3313 2794 καὶ
3354 2738 3631 2812 ἀπόρροιά
3677 2756 3769 2803 τις

2173 2835 2284 2889 τῶν
2309 2835 2406 2905 τῆς
2432 2833 2766 2904 συγκλήτου,
2798 2834 2859 2887 οὐ
2886 2833 3055 2904 πολλὴ
3080 2834 3200 2903 μὲν,
3227 2832 3528 2902 ἒπίῤῥητος
3554 2831 3768 2893 δὲ,’καὶ

2173 2928 2336 2983 τοῦτο
2369 2945 2436 2997 γε
2463 2929 2596 2999 ἡμῖν
2624 2927 2964 2999 ἀπόρρητος.
3000 2925 3078 2980 Ού
3102 2924 3211 2994 γὰρ
3234 2923 3421 2987 ἁπλῶς
3451 2920 3771 2993 ἀφωσιοῦτο

2174 3020 2315 3092 αὕτη
2349 3020 2453 3092 τὴν
2484 3019 2629 3075 κατά
2673 3019 2770 3073 τοῦ
2819 3017 3088 3088 βασιλέως
3149 3015 3393 3081 Ἀλεξίου
3443 3014 3769 3083 νεωτέρισιν

2094 3113 2142 3175 C
2177 3115 2317 3169 κατὰ
2370 3114 2533 3184 χάριν
2606 3112 2974 3183 Ἀνδρονίκου,
3002 3110 3124 3165 ἀλλ’
3151 3109 3286 3162 ὡσεὶ
3337 3109 3433 3163 καὶ
3482 3108 3768 3179 μεμηνυῖα

2176 3207 2442 3279 βυσσόθεν
2470 3207 2732 3273 ἐκυκᾶτο,
2762 3205 2856 3259 καὶ
2880 3205 2972 3260 τὸν
3005 3203 3348 3275 Ἀνδρόνικον
3380 3200 3763 3271 ωνεξὲμαινε.

2242 3297 2346 3354 λθ’.
2389 3300 2500 3353 Καὶ
2521 3298 2739 3353 ἔσονται
2760 3297 2998 3368 ἀοίδιμοι
3025 3298 3082 3350 ὲν
3109 3294 3327 3357 τούτοις
3353 3294 3405 3347 οἰ
3424 3292 3526 3363 τῆς
3544 3291 3769 3362 ἡμέρας

2176 3394 2378 3446 ἐκεῖνοι
2421 3392 2629 3459 πιστοὶ,
2684 3389 3100 3452 Κώνσταντῖνος
3150 3387 3181 3440 6
3215 3384 3521 3458 Πατρηνὸς,
3568 3384 3631 3438 τὸ
3658 3384 3765 3454 τῆς

2176 3483 2473 3547 κολακείας
2524 3481 2913 3553 ἠκριϐωμένων
2939 3480 3247 3549 ἀφίδρυμα,
3278 3479 3376 3532 καὶ
3398 3481 3428 3533 6
3453 3475 3765 3548 ἀπλούχειρ

2176 3574 2418 3647 Μιχαὴλ,
2454 3575 2595 3646 ἀνὴρ
2635 3574 2817 3644 γλοιὸς
2853 3572 2953 3642 μὲν
3003 3570 3452 3633 πολιτεύσασθαι,
3488 3568 3768 3640 στρυφνὸς

2176 3667 2234 3720 δὲ
2265 3667 2738 3737 πονηρεύσασθαι.
2799 3661 2909 3719 Ἦν
2935 3666 2993 3718 δὲ
3019 3664 3114 3719 καί
3142 3681 3227 3728 τις
3276 3662 3419 3734 ἀνὴρ
3440 3660 3677 3732 λάμπων
3704 3663 3767 3717 ἐν

2176 3762 2292 3823 τοῖς
2323 3761 2590 3824 τοιούτοις
2612 3760 2746 3813 ώσεί
2775 3776 2878 3813 που
2907 3759 3003 3812 καὶ
3034 3756 3277 3828 φρυκτὸς
3304 3754 3551 3824 ὀλέθριος
3567 3752 3769 3824 (μέσος

2176 3848 2246 3923 ἦν
2274 3852 2367 3906 ὅτε
2399 3852 2500 3923 τὴν
2525 3851 2742 3922 τύχην),
2776 3851 2983 3919 πατρὸς
3015 3848 3188 3918 ὲκφὺς
3218 3845 3396 3914 δεξιοῦ
3443 3845 3768 3914 λογίζεσθαι

2176 3945 2246 3999 τὰ
2274 3944 2533 4015 δημόσια,
2566 3944 2660 3996 καὶ
2693 3940 3031 4012 ἐμϐαθύνειν
3074 3938 3433 4009 κλέμμασινο
3489 3938 3769 4006 Στέφανος

2182 4038 2283 4108 μὲν
2305 4037 2364 4093 τὸ
2391 4037 2602 4107 κύριον,
2634 4035 2697 4088 τὸ
2745 4034 2803 4088 δὲ
2833 4034 2919 4087 ἐπ’
2959 4032 3110 4102 αύτῷ
3150 4031 3766 4103 ’Δγιοχριςτοφορίτηςσ

2179 4133 2238 4196 ὃς
2266 4132 2662 4201 μεταθέμενος,
2693 4129 2753 4194 ἐξ
2778 4122 2854 4183 ὧν
2878 4129 2906 4180 6
2936 4127 3081 4181 κατά
3119 4125 3255 4179 Θεὸν
3285 4125 3582 4191 διάκειται,
3645 4123 3772 4177 Ἀν-

2179 4225 2660 4298 τιχριστοφορίτης
2687 4222 3074 4294 παρωνυμεῖτο
3102 4223 3217 4277 τοῖς
3237 4219 3375 4288 ὀρθά
3405 4218 3608 4273 νοοῦσι.
3631 4218 3773 4272 Τοῦ-

2180 4335 2273 4371 τον
2293 4320 2321 4370 ὁ
2352 4317 2452 4387 μὲν
2477 4315 2692 4385 φθάσας
2718 4313 2912 4385 χρόνος
2933 4314 3374 4383 παρεσημήνατο
3404 4313 3487 4375 εἰς
3510 4310 3772 4382 ἀνδριάν-

2182 4425 2249 4461 τα
2282 4407 2641 4477 φαυλότητος.
2680 4406 2969 4475 Κηδεύσας
3001 4405 3112 4476 γὰρ
3136 4404 3196 4456 ού
3231 4401 3356 4456 καθ’
3386 4400 3603 4458 ἑαυτὸν.
3626 4400 3771 4456 ἀλλά

2186 4501 2744 4571 πανουργευσάμενος
2768 4497 2909 4567 ὑπὲρ
2937 4497 3097 4564 ἀξίαν
3123 4495 3301 4566 γάμον
3319 4493 3543 4565 εὐγενῆ,
3562 4494 3770 4548 δέδωκε

2180 4592 2456 4663 τιμωρίαν
2491 4592 2592 4645 οὐκ
2614 4592 2842 4663 ἀγεννῆ.
2868 4590 2980 4653 Τὰς
3013 4589 3168 4661 ῥῖνάς
3189 4605 3251 4641 τε
3282 4587 3391 4659 γὰρ
3430 4587 3768 4657 ἀπεσχίσθη,

2182 4686 2216 4741 ἀ
2249 4703 2306 4739 τε
2340 4685 2416 4757 μὴ
2449 4684 2627 4747 καλῶς
2646 4683 3088 4754 φριμαξάμενος,
3121 4679 3245 4733 καθ’
3270 4675 3340 4753 ἧς
3365 4680 3468 4733 οὐκ
3515 4681 3728 4751 ἔπρεπε
3749 4695 3766 4711 ο

2182 4780 2279 4833 καὶ
2307 4780 2416 4832 τῶν
2454 4774 2621 4830 αὑτοῦ
2669 4777 2857 4830 νώτων
2889 4773 3336 4845 σωφρονιστῆρες
3382 4772 3606 4839 ἱμάντες
3635 4788 3772 4827 κατ-

2183 4874 2503 4941 εχόρευσαν.
2544 4871 2651 4924 Καὶ
2693 4871 2845 4940 ὅμως
2884 4867 3074 4936 ἰταμὸς
3105 4864 3204 4929 ὣν,
3239 4865 3338 4918 καὶ
3365 4866 3463 4935 τὴν
3497 4864 3768 4935 αἰσχύνην

2181 4966 2292 5021 ἀπὸ
2335 4963 2633 5035 προσώπου
2673 4962 2922 5030 θέμενος,
2980 4959 3081 5012 οὐκ
3112 4958 3402 5026 ἀπήγαγεν
3429 4957 3640 5010 ἑαυτὸν
3668 4957 3767 5010 τοῦ

2184 5056 2605 5131 προφαίνεσθαι,
2676 5055 2753 5125 μὴ
2805 5056 2900 5107 καὶ
2932 5051 3180 5121 γελῷτοο
3231 5044 3461 5104 ἁλλόἷα
3517 5050 3682 5120 μηδὲν
3710 5066 3767 5103 τι

2184 5152 2355 5207 κακὸν
2392 5148 2691 5221 δεδρακὼς,
2719 5146 3077 5218 περιήρχετο,
3107 5141 3239 5195 ἔνθα
3266 5143 3363 5195 καὶ
3397 5141 3609 5212 πρώην,
3645 5141 3771 5209 φιλο

2181 5244 2472 5299 ενδεικτῶν
2524 5241 2585 5295 τὸ
2639 5239 2860 5313 θράσος,
2904 5238 2998 5291 καὶ¹
3049 5231 3505 5303 ἐπιδεικνύμενος
3566 5234 3628 5286 τὸ
3693 5233 3769 5305 μὴ

2183 5338 2476 5404 αἰδεῖσθαι,
2513 5338 2609 5390 καὶ
2653 5335 2798 5389 οὕτω
2838 5330 3161 5402 βιαζόμενος
3183 5329 3245 5382 τὸ
3280 5328 3450 5399 μηδέν
3472 5344 3523 5379 τι
3562 5325 3772 5395 φαῦλον

2184 5431 2216 5500 ἢ
2255 5432 2500 5496 ποιῆσαι,
2536 5427 2569 5497 ἢ
2605 5427 2817 5479 παθεῖν.
2856 5423 2946 5484 Ὠς
2979 5421 3037 5474 δὲ
3079 5420 3422 5489 περιεωρᾶτο
3457 5417 3592 5487 πρὸς
3626 5418 3771 5471 πάνυ

2183 5540 2317 5590 των,
2358 5520 2453 5576 καὶ
2490 5520 2585 5574 τοῦ
2614 5518 2818 5587 γάμου
2877 5531 2938 5568 τε
2966 5513 3064 5568 τοῦ
3100 5512 3309 5582 ὑψηλοῦ
3338 5507 3409 5583 ἦν
3456 5510 3766 5573 ἔκπτωτος,

2185 5616 2281 5671 καὶ
2307 5614 2429 5667 ούδέ
2466 5630 2589 5666 τινα
2620 5607 2765 5680 εἶχεν
2805 5608 2976 5679 ἀλλην
3022 5604 3310 5666 ἀνάδασιν,
3347 5603 3466 5659 ἀλλ’
3498 5605 3556 5657 ὲν
3589 5605 3767 5668 κενοῖς

2185 5707 2286 5768 τὰς
2315 5703 2619 5774 βασιλείους
2650 5702 2823 5769 θύρας
2847 5698 3114 5771 ὲξέτριϐε,
3140 5698 3401 5766 λαγχάνει
3437 5695 3567 5748 ποτὲ
3593 5712 3769 5765 προη-

2189 5799 2432 5868 κάμενος
2464 5797 2614 5865 ἔπος,
2654 5794 2832 5859 ἄλλως
2874 5793 2974 5867 μὲν
3006 5791 3299 5863 σφαλερὸν,
3336 5788 3516 5862 ἔτι)τῷ
3547 5787 3601 5844 δὲ
3635 5792 3771 5849 ἀνα.
