4084 6438
307 338 379 399 45
1102 339 1195 396 DE
1233 337 1804 398 THESSALON'ICA
1846 338 2058 399 URBE
2110 339 2150 396 A
2196 339 2510 401 LATlNIS
2544 341 2800 404 CAPTA.
3511 347 3579 410 46

310 455 598 520 στάσιμον.
650 451 740 515 Ὠς
782 452 890 523 γὰρ
947 455 974 508 ὁ
1010 456 1393 526 Μαυρνιζιῦμης
1441 457 1740 526 Θεόδωρος,
1779 459 1856 510 όέ

1960 495 1968 514 ι
1999 458 2159 512 vitam
2197 460 2464 513 restituit.
2496 460 2597 515 Ubi
2637 461 2780 514 enim
2816 457 3192 514 Maurozomes
3227 457 3576 525 Theodorus,

306 543 747 614 Πελοποννήσου,
777 547 1068 615 ἄνθρωπος
1103 547 1484 617 πολυμεμφὴς,
1512 549 1596 615 ἐφ’
1627 544 1708 610 οἷς
1747 550 1886 618 ὑπὲρ

304 635 366 684 τὸ
391 635 510 686 δέον
567 636 723 704 ἕδρα,
769 638 909 706 μετὰ
950 637 1182 690 θάνατον
1240 637 1336 691 τοῦ
1404 639 1886 710 Ἀγιοθεοδωρίτου

306 730 554 798 Μιχαὴλ,
608 732 706 784 τοῦ
756 734 816 784 ὲν
873 731 1256 803 ὑπογραφεῦσι
1294 734 1591 803 βασιλικοῖς
1627 735 1885 804 μεγάλου,

302 816 538 886 ἔγγιστα
569 822 648 890 τῷ
683 821 899 892 βασιλεῖ
943 823 1182 890 γεγονὼς
1233 825 1659 894 ὑπερεφαίνετο,
1702 827 1750 878 οἱ
1788 824 1886 894 μὲν

299 911 458 962 ἄλλοι
515 913 940 981 ὲχεςρρονοῦντες
1003 913 1247 981 ἔπεττον,
1310 915 1367 967 εἰ
1390 915 1443 966 τί
1473 933 1576 968 που
1606 915 1764 985 χόλου
1793 915 1885 968 καὶ

299 996 473 1068 εἶχον,
503 1003 588 1071 ἐφ’
620 1001 700 1066 οἷς
737 1006 813 1073 μὴ
837 1005 1126 1059 ἀνέϐαινον
1149 1023 1162 1034 ·
1202 1009 1228 1059 6
1257 1006 1314 1058 δὲ
1350 1007 1454 1075 πρὸ
1482 1007 1583 1074 τῆς
1609 1005 1882 1075 βασιλείου

301 1094 514 1162 σκηνῆς
538 1096 871 1163 καθήμενος,
897 1097 1085 1166 ἑξεόόη
1096 1115 1186 1151 σεν
1209 1100 1288 1160 είς
1314 1098 1522 1152 πολλῶν
1548 1098 1715 1157 ἀκοὰς
1739 1099 1883 1169 λόγῳ

298 1186 674 1255 σχετλιασμοῦ
705 1188 868 1242 ἄδικα
902 1189 1155 1258 πάσχειν,
1194 1189 1356 1260 εἴπερ
1401 1191 1429 1242 6
1460 1190 1608 1244 δεῖνα
1659 1191 1758 1260 μὲν
1788 1193 1884 1245 καὶ

292 1277 322 1326 ὁ
351 1277 522 1343 δεῖνα,
565 1279 664 1330 οὐκ
718 1281 800 1340 εἰς
842 1279 1100 1333 τοσοῦτον
1157 1283 1319 1334 κακοὶ
1365 1283 1710 1354 πεφηνότες,
1763 1279 1883 1337 εἶτα

292 1367 586 1436 ὑψοῦνται,
619 1370 783 1433 οὗτος
812 1370 868 1423 δὲ
921 1371 1370 1442 φαυλεπίφαυλος
1407 1374 1504 1435 ὢν,
1557 1375 1672 1441 καὶ,
1700 1375 1774 1437 ὡς
1815 1375 1880 1429 ἄν

287 1476 379 1517 τις
421 1461 873 1527 κωμικευόμενος
928 1463 1098 1527 εἴποι,
1153 1465 1369 1533 μιαρὸς,
1409 1465 1504 1518 καὶ
1531 1466 1876 1536 παμμίαρος,

289 1551 393 1602 καὶ
442 1552 815 1619 μιαρώτατος,
871 1554 969 1605 καὶ
1001 1554 1160 1617 ἄνθος
1207 1555 1430 1619 κακίας,
1472 1558 1567 1608 καὶ
1609 1559 1877 1628 πονηρίας

285 1641 556 1704 ἄϐυσσος,
597 1644 691 1695 καὶ
724 1638 838 1706 οἷος
860 1644 1167 1711 διορᾶσθαι,
1195 1646 1293 1698 ὅσα
1337 1648 1430 1699 καὶ
1453 1647 1683 1716 δαίμων,
1717 1647 1867 1716 ἀφίε-

283 1749 378 1785 ται
407 1732 511 1803 ζῇν
535 1734 682 1801 είκῆ,
709 1735 803 1786 καὶ
826 1735 925 1788 οὐκ
949 1737 1029 1798 εἰς
1058 1738 1223 1804 μέσον
1244 1738 1580 1805 παράγεται,
1609 1739 1674 1790 τὰ
1696 1742 1872 1793 οἰκεῖα

281 1823 714 1891 ἐπιδειξόμενος,
747 1827 840 1877 καὶ
872 1826 1086 1894 ἀρέσων
1120 1828 1200 1889 είς
1231 1827 1644 1883 πλουτοποιίαν.
1665 1831 1870 1899 Ἔπῆγε

279 1913 339 1965 δὲ
369 1915 556 1985 ἐαυτῷ
582 1918 674 1970 καὶ
699 1917 862 1986 ὅρκον
892 1918 1169 1985 μέγιστον,
1202 1919 1275 1989 μὴ
1302 1920 1367 1973 ἂν
1399 1921 1732 1991 εὑρήσεσθαι
1778 1924 1870 1976 τὶν

281 2005 378 2057 ἐπὶ
410 2007 581 2077 xxx-fg
617 2006 749 2062 ἴσον.
804 2009 952 2077 Ἔφη
981 2009 1156 2062 ταῦτα
1214 2011 1615 2080 στηλογραφῶν
1653 2013 1867 2079 ἑαυτὸν,

279 2098 380 2150 καὶ
402 2098 873 2166 περιαυτολογῶν,
903 2098 978 2160 ὼς
1016 2099 1165 2168 σώτῷ
1199 2099 1429 2169 ἔπρεπε,
1464 2102 1556 2154 καὶ
1579 2102 1671 2154 ἐπὶ
1702 2104 1868 2154 πᾶσιν

277 2187 574 2253 ἐστέναξεν
603 2189 678 2251 ὥς
709 2189 1094 2259 βαρυπενοῶν,
1131 2192 1227 2244 καὶ
1267 2193 1589 2264 ἐξεπυρώθη
1639 2194 1779 2264 χόλῳ
1807 2194 1869 2248 τὸ

278 2280 600 2348 πρόσωπον.
634 2280 746 2334 Καὶ
768 2281 820 2333 ot
855 2281 956 2350 μὲν
978 2281 1131 2335 ἄλλοι
1164 2285 1552 2355 ἐταράχθησαν
1595 2285 1733 2355 πρὸς
1777 2285 1868 2340 τὸν

275 2370 462 2439 λόγον,
515 2371 612 2426 καὶ
666 2372 1037 2442 ἐκαραδόκουν
1087 2375 1256 2438 κακὰ,
1296 2373 1661 2446 λογιζόμενοι,
1692 2376 1767 2440 ὡς
1804 2377 1864 2431 οὐ

277 2463 444 2532 μόνον
473 2464 640 2527 αὐτὸς
669 2465 819 2518 δεινὰ
851 2465 1107 2518 πείσεται
1161 2466 1382 2533 αὐτίκα,
1413 2469 1513 2537 τῆς
1551 2467 1683 2537 βοῆς
1715 2470 1865 2533 ἐντὸς

275 2555 670 2624 ἀκουσθείσης,
716 2557 814 2609 καὶ
860 2558 943 2621 είς
966 2557 1125 2626 ὓϐριν
1147 2558 1225 2627 τῷ
1256 2558 1470 2630 βασιλεῖ
1489 2561 1860 2630 λογισθείσης,

273 2647 418 2702 ἀλλὰ
439 2650 535 2700 καὶ
559 2648 714 2700 αὐτοὶ
742 2649 882 2718 πρὸς
909 2649 1171 2719 μέμψεως
1201 2649 1437 2713 ἔσονται,
1466 2651 1550 2704 ὅτι
1589 2653 1662 2720 μὴ
1692 2652 1863 2722 θυμὸν

273 2739 426 2794 κατὰ
462 2739 712 2792 τοιούτου
741 2740 933 2810 ἀνδρὸς
961 2741 1246 2794 ἀνέλαϐον.
1308 2744 1418 2797 Καὶ
1448 2744 1601 2796 αὐτοὶ
1637 2745 1737 2814 μὲν
1768 2745 1860 2798 οὖ-

271 2848 408 2896 τως.
434 2831 547 2885 Τοῦ
571 2833 629 2884 δὲ
661 2832 785 2885 καθ’
811 2834 964 2901 ἡμᾶς
989 2833 1107 2902 βίου
1137 2834 1202 2885 τὸ
1227 2832 1406 2905 χρεὼν
1429 2832 1507 2898 οἷς
1539 2836 1861 2906 ἡμάρτομεν

268 2923 395 2976 τότε
432 2925 533 2994 μὲν
558 2923 736 2976 ἀθῶον
764 2925 945 2994 ἀφῆκε
979 2927 1163 2994 μεῖναι
1198 2925 1292 2978 τὸν
1321 2927 1490 2997 ἄνδρα
1511 2967 1526 2993 ,
1567 2927 1708 2994 μέγα
1765 2929 1860 2980 καὶ

270 3015 438 3068 τοῦτο
473 3015 672 3068 δοκοῦν
725 3007 887 3070 εῖναι.
943 3017 1019 3069 Οὐ
1062 3017 1272 3088 μακρὸς
1309 3017 1366 3070 δὲ
1404 3018 1583 3088 διέσχε
1642 3020 1856 3089 χρόνος,

1991 563 2055 601 ex
2116 547 2541 619 Peloponneso,
2589 551 2753 605 homo
2819 550 2965 604 omni
3029 549 3434 620 vituperatione
3493 553 3580 606 di-

1990 655 2149 711 gnos,
2179 644 2359 696 omnis
2449 642 2739 712 pravi:alis
2806 650 3084 705 sectator,
3145 653 3362 696 mortuo
3415 643 3579 714 Agin-

1989 731 2299 784 theodoritn
2382 731 2682 790 Michaele.
2738 730 2885 784 inter
2934 730 3149 785 scribas
3219 729 3571 800 imperatoris

1989 821 2209 893 insigni,
2270 823 2362 894 qui
2422 824 2696 878 secundus
2724 823 2792 877 ab
2825 826 3159 892 imperatore
3191 831 3335 882 erat,
3380 823 3570 876 caeteri

1987 915 2373 984 prudentiores
2419 915 2485 968 ad
2551 914 2706 968 illum
2763 913 3182 982 confugiebant,
3237 912 3281 966 si
3330 912 3570 981 aliquam

1987 1004 2290 1058 molest'am
2325 1004 2706 1073 experirentur
2734 1004 2880 1072 quod
2937 1018 3045 1056 non
3091 1011 3572 1071 promoverentnr.

1986 1091 2081 1148 me
2118 1110 2250 1150 vero
2293 1107 2423 1149 ante
2474 1096 2826 1164 imperatoris
2883 1092 3302 1148 tabernaculum
3350 1094 3570 1157 sedens,

1985 1187 2037 1241 in
2084 1188 2332 1242 omnium
2385 1202 2548 1242 aures
2589 1202 2723 1242 voce
2785 1187 3129 1240 lamentabili
3184 1185 3459 1240 clamabat
3513 1200 3575 1239 se

1983 1277 2174 1348 iniqua
2213 1278 2346 1346 pati,
2382 1293 2505 1332 cum
2541 1279 2629 1333 hic
2651 1285 2705 1333 et
2728 1277 2954 1347 hir,qui
2986 1293 3092 1331 non
3119 1278 3172 1330 in
3216 1287 3427 1331 tantum
3468 1277 3572 1329 cri-

1982 1368 2191 1420 minum
2237 1367 2613 1438 profecerant,
2650 1378 3094 1438 promoveantur,
3142 1366 3259 1434 ipse
3293 1381 3443 1427 vero,
3475 1365 3568 1434 qui

1979 1465 2066 1511 est
2096 1458 2392 1526 pessimus.
2421 1468 2609 1528 atque,
2646 1469 2706 1513 ut
2736 1458 2872 1529 stylo
2899 1458 3114 1512 comico
3140 1458 3373 1518 dixeris.
3401 1455 3569 1510 vitio-

1980 1549 2251 1612 sus,omni
2272 1549 2402 1604 vitio
2426 1550 2660 1604 vitiosus
2677 1564 2740 1602 ac
2757 1547 3171 1608 vitiosissimus.
3190 1544 3571 1626 perversitatis

1980 1641 2101 1707 nos,
2121 1642 2403 1712 pravitatis
2423 1643 2675 1712 abyssus,
2705 1641 2929 1697 scientia
2952 1640 3078 1694 mali
3098 1655 3199 1694 nec
3259 1653 3288 1692 a
3323 1641 3570 1693 daamone

1905 1721 1947 1780 Β
1977 1731 2176 1795 victus,
2209 1733 2300 1802 qui
2356 1735 2544 1806 vivere
2579 1733 2879 1795 sineretur,
2911 1740 3077 1802 atque
3117 1733 3176 1789 in
3218 1731 3441 1802 publico
3463 1743 3570 1783 non

1979 1831 2288 1890 appareret,
2334 1837 2460 1876 cum
2511 1825 2733 1895 proprio
2787 1833 3051 1892 apparatu
3119 1833 3174 1877 et
3253 1821 3571 1876 divitiarum

1974 1912 2284 1982 jactatione.
2314 1913 2633 1969 Juramento
2680 1917 2904 1982 insuper
2957 1925 3150 1984 sponte
3199 1912 3566 1975 confirmavit,

1977 2017 2083 2056 non
2139 2003 2403 2071 aequalem
2469 2004 2574 2060 sibi
2598 2005 2802 2059 malitia
2840 2019 3078 2074 unquam
3122 2001 3352 2057 inveniri
3386 2015 3569 2071 pos-e.

1977 2092 2104 2148 Haec
2131 2095 2350 2150 dicebat
2375 2095 2655 2150 infamiam
2697 2097 2804 2151 sibi
2835 2097 3060 2151 inurens
3099 2111 3163 2150 ac
3189 2095 3484 2151 detrahens
3509 2105 3568 2148 ut

1975 2186 2153 2256 ipsum
2187 2185 2440 2250 decebat,
2491 2187 2560 2242 de
2604 2189 2861 2244 omnibus
2910 2188 3160 2258 gemebat
3211 2198 3272 2240 ut
3327 2201 3562 2240 maerore

1973 2281 2258 2336 confectus
2286 2280 2699 2351 ,indignatione
2731 2289 2914 2335 autem
2972 2279 3333 2334 erubescebat
3359 2281 3565 2332 vultus.

1973 2371 2089 2425 Hoc
2147 2386 2278 2425 vero
2330 2387 2581 2427 sermone
2618 2373 2797 2426 caeteri
2834 2367 3149 2426 conturbati
3209 2379 3358 2436 sunt,
3404 2369 3566 2425 anxie

1971 2463 2111 2516 mala
2144 2473 2526 2534 exspectantes
2557 2480 2620 2519 ac
2649 2465 2893 2520 dicentes
2919 2482 3027 2519 non
3051 2465 3227 2519 solum
3274 2464 3414 2517 mala
3436 2478 3560 2516 eum

1972 2556 2155 2609 statim
2186 2571 2577 2626 perpessurum
2605 2573 2752 2623 csse,
2795 2558 3002 2612 auditis
3050 2559 3199 2611 intus
3232 2555 3318 2610 bis
3361 2555 3563 2608 clamo-

1971 2647 2125 2702 ribus
2149 2657 2314 2718 atque
2354 2649 2405 2701 in
2434 2651 2792 2718 opprobrium
2833 2650 3184 2719 imperatoris
3237 2648 3438 2713 versis,
3463 2646 3557 2702 sed

1967 2741 2129 2796 etiam
2150 2743 2293 2810 ip5t)S
2311 2741 2514 2811 pariter
2537 2757 2659 2797 esse
2681 2742 3094 2812 vituperandos,
3123 2741 3269 2811 quod
3313 2756 3422 2796 non
3451 2741 3563 2794 ira-

1968 2842 2194 2888 scantur
2218 2835 2599 2904 hujuscemodi
2654 2834 2883 2890 homini.
2930 2835 3021 2890 Sic
3063 2835 3164 2894 illi.
3195 2833 3405 2890 Nostrae
3437 2836 3562 2887 vitae

1969 2934 2167 2981 auctor
2193 2925 2267 2980 ob
2297 2936 2520 2996 peccata
2552 2933 2742 2982 nostra
2797 2928 3129 2996 impunitum
3181 2927 3344 2980 talem
3380 2927 3556 2980 virum

1965 3016 2192 3070 dimittit
2232 3025 2290 3070 et
2327 3025 2626 3082 servatum,
2651 3016 2795 3086 quod
2825 3017 3002 3085 ipsum
3043 3032 3298 3086 magnum
3320 3015 3555 3070 videtur.

269 3107 371 3158 καὶ
401 3107 614 3177 ἤρξατο
650 3106 1035 3179 παρυψοῦσθαι
1124 3077 1414 3178 ἄνθρωπος
1433 3125 1447 3141 ·
1486 3077 1579 3163 κᾶι
1611 3077 1856 3182 κηρύξας

1965 3107 2083 3162 Non
2135 3109 2305 3161 multo
2357 3119 2507 3176 post,
2565 3109 2652 3163 vir
2702 3119 2891 3163 noster
2941 3109 3258 3178 promoveri
3312 3106 3553 3175 incepit;

269 3199 472 3252 ἑαυτὸν
539 3201 957 3270 πονηρότατον,
1012 3199 1253 3270 εὕρηκεν
1312 3201 1406 3254 ἐπὶ
1459 3203 1628 3274 πείρᾳ
1689 3205 1860 3274 γέρας

267 3291 481 3357 ὅμοιον,
513 3292 650 3344 ὡσεὶ
675 3292 770 3344 καὶ
791 3292 968 3356 δεινός
989 3310 1073 3355 τις
1106 3292 1364 3346 κλέπτειν
1403 3290 1544 3347 εἶναι
1572 3295 1859 3369 ἀνακηρύ-

271 3381 390 3448 ξας,
425 3384 802 3456 προσληφθείη
835 3385 1022 3440 ποθέν.
1051 3388 1158 3440 Καὶ
1183 3387 1398 3440 ἐκεῖθεν
1423 3389 1732 3460 ἀρξᾶιμενος
1758 3391 1854 3445 τοῦ

271 3476 420 3528 κατὰ
451 3474 568 3544 βίον
591 3475 785 3544 ὕψους,
807 3475 1023 3544 γίνεται
1052 3479 1145 3530 ἐπὶ
1175 3477 1270 3532 τοῦ
1301 3480 1557 3550 στρατοῦ,
1589 3483 1680 3533 καὶ
1698 3483 1857 3554 εὑρε-

271 3564 390 3628 θεὶς
421 3567 513 3618 ἐπὶ
540 3566 638 3619 τοῦ
684 3567 1029 3638 Ἀνδρονίκου
1054 3567 1317 3635 τοιοῦτος,
1345 3569 1850 3640 προσλαμϐάνεται.

268 3656 382 3710 Καὶ
407 3658 442 3726 ἡ
474 3658 603 3711 καθ’
651 3659 808 3728 ἡμῶν
835 3661 1182 3730 πτερωθείσα
1233 3662 1490 3733 συμφορὰ
1518 3664 1661 3734 αἴρει
1691 3666 1854 3718 αὐτὸν

267 3747 362 3798 ἐπὶ
388 3748 558 3800 πλέον
585 3749 749 3818 ὑψοῦ,
777 3751 874 3804 καὶ
912 3755 994 3816 εἰς
1043 3751 1224 3823 ψυχὴν
1262 3754 1482 3822 ὲντήκει
1519 3755 1716 3823 φιλέως
1772 3757 1852 3827 τῷ

277 3837 627 3909 Ἀνδρονίκῳ,
660 3841 747 3894 ῐνα
787 3844 969 3911 πάγχυ
1023 3845 1194 3905 κακὸς
1223 3847 1395 3899 κακον
1423 3847 1702 3917 ήγηλάζῃ,
1757 3850 1851 3902 καὶ

265 3933 344 4002 μὴ
367 3933 440 3986 τὰ
473 3934 616 3988 καλὰ
652 3937 764 3999 τοῖς
814 3939 1008 3999 κακοῖς
1046 3937 1427 4010 συμφύρηται,
1463 3941 1555 3994 καὶ
1603 3943 1632 3995 6
1662 3943 1849 4012 ὅμοιος

260 4026 342 4087 είς
396 4025 494 4076 τὸν
547 4027 736 4095 ὅμοιον
763 4027 985 4095 ἄγηται.
1029 4029 1139 4082 Καὶ
1196 4030 1340 4084 οὕτω
1382 4035 1848 4103 φρονηματισθεὶς

259 4116 345 4177 είς
375 4115 566 4181 πλέον,
586 4117 682 4169 καὶ
709 4119 810 4171 οὐκ
839 4119 1237 4190 ἀνασχόμενος,
1261 4124 1310 4174 εί
1339 4122 1529 4194 καιρὸν
1551 4125 1677 4193 ἄρτι
1699 4126 1850 4192 ἔξευ-

259 4205 378 4276 ρὼν
410 4207 476 4260 οὐ
516 4209 868 4276 πτερύξεται,
927 4211 1071 4266 καθά
1116 4229 1170 4265 τι
1220 4213 1497 4282 δαιμόνιον
1529 4215 1843 4284 πρόσωπον,

254 4297 524 4365 πειρᾶται
569 4297 899 4365 ὑπερπαίειν
925 4299 1091 4363 αὐτὸς
1132 4303 1211 4364 είς
1238 4303 1301 4355 τὺ
1337 4302 1508 4357 κακὸν
1541 4303 1748 4367 πάντας
1783 4322 1844 4358 τε

250 4387 385 4450 τοὺς
413 4387 494 4450 ὼς
526 4389 724 4459 ἐρρέθη
757 4390 851 4443 τοῦ
881 4390 944 4460 δή
956 4408 1060 4460 μου
1094 4392 1466 4463 προάγοντας.
1528 4397 1622 4450 καὶ
1651 4396 1714 4466 δὴ
1746 4400 1842 4451 καὶ

1959 3213 2198 3270 cumque
2236 3198 2620 3255 denuntiasset
2675 3213 2736 3254 se
2791 3213 2914 3255 esse
2979 3203 3304 3268 pessimum,
3335 3198 3389 3251 in
3431 3205 3550 3250 ten-

1961 3299 2203 3347 tamento
2249 3291 2450 3362 reperit
2502 3292 2734 3347 similem
2779 3291 3087 3346 mercedem
3131 3331 3146 3357 ,
3193 3288 3554 3360 quemadntoo

1957 3385 2086 3440 dum
2127 3400 2248 3438 cum
2291 3385 2489 3454 aliquis
2515 3399 2573 3438 se
2615 3385 2847 3453 peritum
2879 3382 3095 3437 furandi
3136 3383 3544 3445 denuntiasset,

1957 3478 2158 3533 alicubi
2192 3477 2694 3545 comprehenditur.
2741 3476 3036 3547 Postquam
3079 3476 3159 3531 sic
3205 3474 3273 3529 ad
3314 3475 3552 3528 honores

1954 3571 2264 3640 promoveri
2296 3569 2615 3638 incepisset,
2643 3569 2908 3623 exercitui
2945 3568 3269 3638 pratlicitnr,
3303 3567 3546 3636 talisque

1952 3661 2207 3716 inventus
2258 3661 2327 3714 ab
2391 3659 2727 3723 Andronico,
2793 3668 3143 3730 aggregatnr.
3201 3657 3392 3711 Fatum
3446 3672 3548 3710 n0-

1952 3762 2132 3809 SIrum
2170 3752 2451 3806 velocibus
2487 3751 2591 3805 alis
2630 3751 2682 3804 in
2715 3750 2982 3820 majorem
3011 3750 3359 3805 altitudinem
3391 3748 3544 3802 illum

1955 3844 2187 3909 extollit,
2234 3853 2287 3898 et
2331 3857 2430 3913 pro
2463 3844 2643 3898 amico
2672 3858 2796 3898 sese
2850 3844 3094 3897 insinuat
3151 3843 3203 3895 in
3242 3840 3542 3895 Andronici

1953 3936 2215 4000 animam,
2252 3935 2323 3988 ita
2371 3943 2430 3989 ut
2460 3935 2636 3990 malus
2675 3936 2878 3988 malum
2926 3936 3151 3990 omnino
3198 3939 3382 4002 poss’et
3415 3948 3543 4001 age-

1950 4045 2032 4095 re,
2063 4045 2240 4099 neque
2265 4029 2408 4084 bona
2431 4044 2552 4085 cum
2589 4030 2748 4083 malis
2772 4030 3160 4092 miscerentur,
3188 4043 3329 4098 eque
3347 4033 3540 4082 eontra

1950 4119 2131 4174 simile
2175 4119 2345 4175 simili
2376 4121 2724 4190 jungeretur.
2778 4120 2835 4173 In
2870 4121 2971 4174 hac
3008 4119 3301 4173 altitudine
3333 4117 3542 4185 majore

1947 4212 2126 4267 adhuc
2163 4210 2582 4280 cupidissimus,
2613 4226 2715 4266 nec
2765 4221 3074 4276 contentus,
3112 4211 3158 4266 si
3193 4211 3537 4264 occasionem

1946 4313 2140 4360 nactus
2168 4320 2273 4358 non
2301 4305 2659 4369 advolaverit,
2677 4303 3136 4374 quemadmodum
3161 4302 3352 4372 genius
3372 4301 3541 4356 inier-

1947 4396 2109 4460 nalis,
2138 4395 2255 4465 ipse
2288 4397 2556 4466 pravitate
2589 4413 2780 4452 omnes
2807 4398 3157 4466 supradictos
3180 4395 3368 4467 populi
3398 4409 3539 4464 prae-

248 4479 477 4532 ὲαυτόν.
511 4479 622 4532 Καὶ
655 4481 1078 4550 συλλαϐόμενος,
1107 4484 1222 4537 ὅσοι
1246 4484 1348 4554 τῆς
1385 4485 1558 4556 καλῆς
1597 4489 1836 4560 συγκλή-

1960 4485 2092 4544 sides
2140 4488 2358 4544 vincere
2387 4499 2638 4554 conatur,
2684 4491 2962 4558 etiamque
3015 4490 3281 4559 seipsum.
3319 4488 3400 4542 Ab
3441 4487 3536 4541 illo

246 4587 348 4623 του
380 4569 583 4638 βουλῆς
612 4573 1105 4641 παραπτυσθέντες
1132 4575 1549 4646 ἐξεϐράσθησαν
1597 4580 1718 4631 κατ’
1742 4581 1842 4634 αὐ-

244 4661 364 4726 τὸν,
401 4659 652 4729 κύμασιν
689 4661 1062 4734 ἐλαυνόμενοι,
1095 4665 1131 4720 ἃ
1163 4665 1387 4736 πνεῦμα
1419 4671 1661 4741 πονηρὸν
1689 4673 1842 4743 ἤγει-

245 4768 346 4819 ρεν
371 4753 392 4820 (
409 4746 482 4820 ἦν
507 4750 620 4820 γὰρ
643 4753 738 4805 καί
766 4770 850 4818 τις
883 4755 1351 4826 δαιμονοφόρητος
1378 4757 1546 4831 λέσχη
1596 4761 1837 4835 σύγκλη-

240 4859 359 4907 τος,
407 4842 491 4906 ὡς
551 4844 928 4912 προέκκειται,
963 4847 1185 4914 εὐφυῶς
1225 4849 1426 4920 ἔχουσα
1455 4853 1578 4906 κατ’
1628 4855 1837 4913 ἐκεῖνον

240 4933 630 5002 ἀλλοφρονεῖν)
665 4937 725 4986 οὐ
769 4935 876 5004 μὴν
911 4937 966 4989 δὲ
1000 4937 1136 4990 ἀλλὰ
1161 4941 1253 4993 καὶ
1285 4940 1384 5004 τὰς
1412 4943 1626 5011 φαύλας
1659 4963 1834 5016 κεφα-

240 5025 341 5085 λὰς
367 5021 466 5077 τοῦ
504 5023 572 5093 δὴ
582 5041 706 5089 μου,
744 5027 880 5095 πρὸς
908 5027 965 5080 δὲ
985 5030 1084 5096 καὶ⁵
1103 5031 1194 5082 τδν
1221 5033 1528 5101 τηνικαῦτα
1561 5053 1833 5109 πατριαρο

236 5116 466 5184 χοῦντα,
496 5117 593 5168 τὸν
619 5117 956 5188 Καματηρδν
978 5119 1281 5186 Βασίλειον,
1306 5123 1477 5193 ἄνδρα
1500 5125 1706 5196 Θερμὸν
1737 5131 1830 5182 καὶ

233 5200 350 5258 οἷον
385 5205 712 5274 καθομιλεῖν
741 5207 867 5269 τοὺς
894 5209 1141 5278 καιροὺς,
1174 5209 1250 5272 ὡς
1285 5210 1347 5262 τὸ
1372 5212 1506 5283 παρ’
1532 5214 1682 5283 αὐτῷ
1710 5215 1832 5285 βου-

235 5298 469 5366 λόμενον
493 5295 714 5364 ἔκρινεν
749 5296 843 5366 (ὃς
873 5297 969 5349 τοῦ
1006 5300 1244 5368 μεγάλου
1276 5301 1581 5370 Θεοδοσίου,
1615 5306 1714 5375 τῆς
1743 5308 1829 5376 φί-

233 5387 334 5455 λης
391 5386 830 5456 καθαρειότητος
867 5391 1198 5457 γενομένου,
1247 5393 1627 5463 ἀντεισῆκται,
1691 5398 1752 5451 ὃν
1798 5402 1826 5453 6

243 5479 596 5550 ’Avﬁprhxo;
623 5477 809 5549 ἦθελε,
863 5481 960 5533 καὶ
999 5482 1324 5554 ἀνακάμψαι
1372 5485 1472 5556 τὴν
1507 5490 1730 5559 φράσιν,
1766 5492 1824 5554 ὃς

226 5573 316 5624 τὸν
383 5571 738 5640 Ἀνδρόνικον
794 5571 1023 5643 ἤθελενο
1061 5573 1120 5626 ἓν
1152 5578 1312 5645 μένος
1363 5572 1510 5632 οὗτοι
1545 5582 1817 5650 πνέοντες,

229 5667 320 5718 καὶ
351 5659 468 5718 οἷον
501 5664 577 5718 δι’
626 5661 886 5734 ἀλλήλων
913 5664 1142 5733 ἥκοντες
1194 5669 1335 5724 κατά
1386 5687 1508 5724 τινα
1563 5673 1818 5744 σύντηξιν

229 5759 410 5830 ἤθους,
447 5755 552 5810 καὶ
607 5755 999 5824 ταυτιζὸμενοι
1041 5759 1160 5822 ταῖς
1195 5751 1271 5813 ὧν
1301 5759 1570 5832 ἔπραττον
1601 5764 1818 5836 αἱρέσε-

1953 4580 2334 4646 comprehensi
2363 4596 2553 4636 omnes
2605 4581 2700 4651 qui
2752 4581 2808 4635 in
2860 4583 2964 4636 hoc
2998 4581 3228 4650 pulchro
3257 4585 3533 4634 conventu

1953 4666 2214 4724 ﬂuctibus
2249 4672 2542 4741 compulsi,
2582 4671 2850 4726 adversus
2906 4672 3084 4741 ipsum
3139 4669 3530 4731 eﬂ‘erbuerant,

1947 4771 2071 4826 quae
2102 4760 2330 4828 spiritus
2360 4761 2533 4814 malus
2559 4761 2864 4830 inspirabat
2893 4761 3005 4830 (hic
3036 4761 3181 4816 enim
3223 4768 3531 4814 conventus

1943 4859 2060 4905 erat
2103 4853 2257 4919 quasi
2308 4867 2337 4904 a
2372 4852 2646 4906 daemonio
2679 4867 2992 4922 possessus,
3019 4851 3164 4907 sicut
3213 4853 3526 4922 expositum

1941 4952 2025 4996 est
2079 4943 2370 5012 superius,
2427 4944 2663 4998 feliciter
2727 4959 3034 5014 propensus
3087 4946 3153 5000 ad
3204 4944 3525 5000 certandum

1941 5033 2205 5090 adversus
2252 5036 2451 5105 illum),
2494 5036 2588 5090 alii
2614 5051 2740 5091 vero
2764 5037 2927 5091 etiam
2953 5037 3206 5092 homines
3237 5038 3526 5092 seditiosos

1943 5126 2153 5195 populi.
2192 5137 2459 5196 praeterea
2501 5127 2595 5196 qui
2630 5138 2760 5183 tunc
2806 5130 3029 5199 gerebat
3061 5129 3516 5198 patriarchatum,

1937 5216 2282 5274 Camaterum
2309 5218 2592 5288 Basilium,
2617 5223 2794 5276 virum
2820 5223 3148 5285 studiosum,
3179 5223 3378 5291 quique
3396 5237 3519 5277 cum

1937 5323 1998 5365 se
2027 5311 2181 5364 daret
2204 5314 2425 5368 occasio
2457 5315 2695 5385 colloqui
2729 5324 2944 5385 poterat
2972 5316 3130 5386 juxta
3162 5317 3310 5385 quod
3353 5315 3420 5369 ab
3454 5331 3520 5369 eo

1935 5404 2257 5472 exigebatur
2325 5406 2434 5476 (qui
2486 5423 2685 5479 magno
2726 5409 3064 5474 Theodosio,
3099 5409 3154 5462 in
3196 5417 3386 5464 sancta
3437 5404 3520 5462 in-

1933 5496 2191 5564 tegritate
2241 5497 2460 5563 relicto,
2528 5510 2896 5566 successerat,
2938 5515 3103 5571 quem
3165 5501 3513 5556 Andronicus

1929 5588 2143 5643 volebat
2199 5598 2275 5654 et,
2341 5600 2400 5644 ut
2452 5593 2772 5648 emendetur
2829 5595 3071 5663 phrasis,
3153 5593 3243 5662 qui
3296 5593 3512 5646 volebat

1925 5679 2338 5746 Andronicum;
2366 5683 2583 5738 fortiter
2619 5687 2962 5756 navigantes,
2998 5694 3057 5737 ut
3114 5684 3216 5738 sibi
3265 5685 3502 5737 invicem

1932 5771 2245 5830 consimiles
2283 5773 2444 5846 juxta
2475 5773 2894 5847 dispositionem
2932 5790 3144 5832 morum
3171 5786 3335 5845 utque
3367 5788 3499 5829 cou-
3547 5849 3552 5854 .
