4084 6468
470 365 540 445 47

1154 377 1584 440 EUSTATHlI
1615 377 2378 438 TllESSALONlCENSlS
2419 376 2978 455 METROPOLlTrE

3659 371 3728 436 48

475 501 777 558 sentientes
806 498 1137 553 unanimiter
1164 500 1224 551 ’in
1252 497 1353 552 his
1384 513 1503 566 qua:
1536 497 1890 566 peragebant)
1925 515 1936 558 ;
1973 497 2044 550 ita

2192 511 2264 549 ιν·
2290 499 2329 562 )·
2386 495 2530 550 οὕτω
2562 497 2623 566 δὴ
2657 492 2750 548 οὖν
2783 493 3166 565 προσειληφὼς
3221 491 3316 546 καὶ
3347 491 3535 546 τοῦτον
3561 495 3588 546 ὁ
3623 493 3733 547 τῶν

471 610 605 650 vero
635 596 733 649 iste
763 593 1052 662 adjunctus
1069 605 1284 659 quoque
1308 591 1435 644 hinc
1465 599 1754 658 pravorum
1780 603 1941 645 acuto
1973 591 2051 643 lo-

475 687 708 758 gothetae
737 683 1052 754 (damnatus
1099 682 1244 736 enim
1296 682 1363 736 ad
1399 683 1657 738 mulctam
1718 683 1893 739 fuerat
1943 686 2049 737 Au-

475 784 671 847 gustus
695 772 901 834 vocari,
941 786 1046 826 non
1079 771 1257 840 reipsa
1309 771 1628 839 hujusmodi
1664 771 1729 826 ad
1770 774 2051 841 negotium

476 871 658 938 aptus)
707 868 977 923 accedunt
1013 883 1136 920 cum
1187 882 1252 919 eo
1313 867 1377 920 ad
1409 867 1815 930 Andronicum,
1863 878 2054 938 tyran-

479 964 660 1016 nidem
710 959 1053 1014 celebrantes
1085 997 1100 1022 ,
1171 959 1322 1012 illum
1383 959 1648 1013 terribilia
1707 975 1900 1026 parare
1949 973 2054 1011 una

475 1054 795 1106 dicutantes
834 1051 886 1105 in
916 1053 1135 1105 modum
1166 1051 1704 1113 communicationis,
1733 1051 1778 1104 si
1807 1066 1928 1104 cum
1963 1049 2056 1104 Dei

472 1144 685 1199 auxilio
717 1146 808 1213 qui
863 1145 963 1214 ipsi
1001 1144 1345 1199 conﬁdentes
1400 1144 1671 1213 perierint
1729 1144 2055 1213 neglexerit,

480 1251 588 1288 non
639 1235 818 1290 solum
863 1235 1161 1288 maximam
1206 1234 1350 1288 hanc
1393 1234 1701 1299 civitatem,
1729 1233 1824 1289 sed
1863 1247 2058 1287 omnes

477 1327 733 1397 regiones
764 1342 903 1397 quas
931 1315 1113 1390 habet,
1143 1327 1258 1382 sive
1285 1326 1349 1379 ad
1380 1326 1674 1389 orientem,
1699 1325 1814 1380 sive
1863 1326 1930 1380 ad
1963 1339 2059 1378 oc-

478 1420 778 1485 cidentem,
806 1434 1109 1487 omnesque
1152 1427 1401 1474 caeteras.
1462 1418 1698 1472 Parvum
1751 1427 1931 1472 autem
1976 1433 2062 1472 re-

481 1528 604 1585 gem
638 1513 1046 1567 venerabantur
1080 1511 1150 1566 ob
1211 1512 1383 1565 bonas
1431 1518 1644 1564 naturae
1675 1510 1851 1564 dotes.
1905 1509 2062 1576 Quod

484 1622 612 1661 vero
631 1605 696 1660 ad
725 1619 966 1676 praesens
999 1604 1134 1658 nihil
1165 1603 1315 1658 illum
1353 1619 1476 1658 esse
1509 1612 1757 1658 sanctum
1784 1603 2062 1667 dicebant,

484 1677 906 1766 orphanumque
959 1694 1376 1765 despiciebant;
1420 1695 1488 1750 ad
1548 1696 1714 1764 pedes
1763 1695 1883 1765 ejus
1939 1712 2066 1764 pro-

484 1787 812 1844 sternebant
831 1801 891 1842 se
911 1787 1146 1840 maxime
1173 1785 1584 1842 adulationibus
1603 1787 1970 1858 indulgentes,
1997 1789 2061 1843 ad

489 1877 812 1933 ﬁdelitatem
851 1891 1008 1932 suam
1052 1877 1373 1946 imperatori
1426 1877 1831 1933 testificandam
1897 1889 2062 1948 atque

491 1969 558 2024 ad
594 1969 834 2025 habenas
867 1968 1088 2038 imperii
1137 1969 1303 2026 simul
1339 1984 1465 2025 cum
1509 1971 1604 2026 illo
1651 1971 1943 2038 tenendas,
1999 1987 2068 2028 ne

492 2077 602 2117 non
672 2061 828 2133 juxta
889 2061 1133 2117 fabulam
1201 2060 1425 2132 juvenis
1488 2063 1890 2132 Phaethontis,
1973 2065 2066 2133 qui

490 2169 618 2209 eum
644 2152 856 2210 inscius
907 2169 1075 2210 curru
1129 2160 1359 2225 paterno
1416 2155 1494 2210 uti
1536 2155 1824 2221 voluerat,
1881 2158 2068 2212 omnia

491 2245 694 2304 misere
723 2245 1044 2316 perdiderit.
1096 2244 1233 2300 Cum
1268 2263 1398 2304 vero
1435 2262 1464 2300 a
1498 2247 1729 2318 pedibus
1761 2248 2067 2306 Andronici

491 2336 784 2394 rediissem
841 2340 1034 2405 erecti,
1066 2344 1274 2394 "manus
1315 2340 1612 2401 extendere
1665 2353 1953 2411 creperum
2003 2340 2070 2395 ad

495 2427 702 2496 Deum,
763 2439 818 2486 et
880 2431 1069 2486 eadem
1119 2439 1475 2501 rogaverunt.
1510 2431 1604 2486 llle
1661 2447 1792 2487 vero
1838 2432 1922 2488 his
1959 2432 2070 2504 jam

494 2520 889 2587 visis._erectis,
957 2521 1091 2591 quid
1150 2522 1300 2575 intus
1349 2529 1653 2591 pateretur,
1693 2538 1967 2592 quamque
1993 2525 2074 2577 iu-

493 2609 810 2666 credibilter
862 2611 1147 2681 gauderet,
1171 2611 1294 2681 quis
1327 2627 1435 2666 non
1461 2615 1883 2683 suspicaretur?
1912 2615 2076 2671 Foris

495 2710 676 2756 autem
715 2703 854 2758 alias
899 2701 1120 2756 fucabat
1181 2703 1454 2772 seipsum,
1507 2703 1919 2774 videbaturque
1975 2721 2078 2762 nec

493 2791 677 2847 valere
704 2806 805 2847 nec
841 2807 1001 2862 posse
1035 2794 1219 2864 vivere
1238 2794 1284 2849 si
1305 2795 1435 2849 talia
1473 2797 1712 2861 audiret,
1744 2796 1905 2867 quasi
1940 2807 1997 2850 ut
2019 2798 2079 2850 ti-

497 2883 714 2937 duciam
737 2884 1052 2940 destrueret
1080 2886 1406 2942 laborasset.
1427 2887 1564 2954 Quis
1585 2903 1705 2942 sum
1731 2904 1853 2958 ego,
1874 2889 2076 2955 aiebat,

498 2986 554 3028 et
580 2976 856 3044 quomodo
896 2976 1008 3046 jam
1058 2994 1274 3048 possem
1299 2979 1322 3033 ?
1350 2985 1626 3051 quomodo
1687 2981 1912 3052 fugiam,
1943 2998 2080 3051 quo-

501 3068 663 3122 modo
685 3070 910 3125 mutabo
939 3071 1154 3126 vivendi
1178 3073 1444 3128 rationem
1471 3074 1572 3129 nisi
1595 3074 2081 3130 recessero?Tunc

2154 587 2372 656 φαύλων
2402 587 2690 657 ῥινήλάτης
2717 585 3004 655 λογοθέτης
3033 585 3226 657 (τοῦτό
3254 603 3311 638 τε
3343 585 3451 654 γὰρ
3473 585 3734 656 ἐτιμήθη,

2155 681 2249 732 καὶ
2274 680 2334 732 τὸ
2371 680 2632 741 σεδαστὸς
2667 679 2952 749 κληθῆναι,
2985 679 3046 730 οὐ
3068 678 3242 746 δήπου
3271 679 3364 730 καὶ
3394 678 3469 730 ῶν
3491 681 3736 740 τοιοῦτος

2156 771 2289 840 πρὸς
2336 773 2637 837 πρᾶγμα),
2694 770 2886 839 ἥκουσι
2925 769 3072 837 παρὰ
3117 769 3208 821 τὸν
3244 768 3607 838 ’Δνδρόνικον,
3639 769 3740 837 τὴν

2157 863 2444 932 τυραννίδα
2475 861 2971 932 χοροϐατήσαντες,
3003 860 3153 914 δεινά
3187 863 3360 913 ποιεῖν
3416 861 3624 911 ἐκεῖνον
3654 860 3742 911 λο-

2157 954 2504 1024 γοποιοῦντες
2537 957 2686 1022 κοινῇ
2725 954 2800 1016 ὼς
2842 955 2898 1005 ὲν
2933 953 3307 1021 ὲπικλήματος
3341 953 3508 1022 λόγῳ,
3542 953 3590 1004 εἱ
3614 953 3740 1014 τοὺς

2159 1046 2308 1114 αὐτῷ
2356 1046 2741 1107 πιστευθέντας
2791 1045 2939 1114 παρᾶ
2999 1044 3136 1098 Θεοῦ
3192 1045 3512 1114 περιόψεται
3553 1043 3745 1112 ὀλομέ-

2161 1154 2317 1202 νουςο
2348 1140 2444 1191 καὶ
2465 1138 2524 1192 οὐ
2561 1141 2722 1208 μόνον
2755 1138 2911 1190 πόλιν
2944 1136 3151 1208 ταύτην
3179 1136 3469 1207 μεγίστην,
3491 1135 3628 1189 ἀλλά
3652 1137 3747 1188 καὶ

2160 1229 2302 1284 ὅσων
2345 1230 2530 1300 μερῶν
2559 1230 2694 1299 αὐτὴ
2727 1229 2909 1298 ἔχεται
2964 1229 3102 1299 πρός
3157 1245 3216 1280 τε
3248 1229 3401 1298 ἥλιον
3432 1228 3747 1298 ἀνίσχοντα,

2163 1329 2256 1382 καὶ
2286 1329 2419 1399 πρὸς
2441 1328 2670 1397 δυσμὰς,
2706 1329 2799 1380 καὶ
2823 1328 2922 1379 ὅσα
2959 1325 3144 1380 λοιπά.
3192 1325 3299 1377 Kal.
3319 1323 3614 1392 ὲσέμνυνον
3647 1322 3750 1392 μὲν

2163 1421 2256 1473 τὸν
2285 1421 2480 1490 μικρὸν
2534 1419 2760 1490 βασιλέα
2800 1420 2941 1473 κατὰ
2993 1435 3056 1487 γε
3090 1418 3150 1470 τὸ
3180 1417 3343 1485 φύσει
3369 1415 3533 1470 καλόν
3555 1429 3570 1444 ⁶
3612 1417 3752 1486 πρὶς

2163 1512 2220 1565 δέ
2247 1529 2309 1580 γε
2339 1511 2403 1564 τὸ
2435 1513 2604 1582 παρὸν
2630 1512 2782 1565 οὐδὲν
2823 1511 2968 1582 ίερδν
2995 1511 3157 1564 αὐτὸν
3181 1512 3424 1579 ἔφασκον
3450 1505 3612 1576 εἶναι,
3653 1509 3754 1562 καὶ

2165 1603 2572 1673 ἀπεδοκίμαζον
2629 1604 3010 1672 μονούμενον*
3071 1605 3161 1658 καὶ
3225 1603 3569 1674 προέπιπτον
3598 1603 3758 1671 αὐτῷ

2165 1694 2277 1748 τῶν
2303 1695 2480 1748 ποδῶν
2509 1697 2558 1748 οἱ
2589 1697 2689 1765 τήν
2724 1695 3014 1747 κολακείαν
3046 1696 3424 1766 περιττότεροι
3460 1695 3757 1763 πεισθῆναι

2173 1785 2253 1847 εἰς
2287 1783 2588 1854 βασιλείαν,
2648 1782 2746 1836 καὶ
2797 1782 2905 1836 τῶν
2950 1783 3122 1851 αὐτῆς
3167 1783 3335 1852 ἠνίων
3366 1780 3760 1850 συνεπιδρόξα-

2176 1875 2321 1938 σθαι,
2355 1874 2430 1945 μὴ
2470 1877 2564 1928 καὶ
2595 1875 2736 1928 κατά
2789 1874 2958 1945 μῦθον
3007 1876 3034 1926 ὁ
3064 1875 3284 1938 νεανίας
3328 1869 3485 1937 οὗτος
3509 1875 3758 1938 Φαέθων,

2167 1967 2408 2036 ἀτέχνως
2435 1967 2495 2019 τὸ
2528 1967 2680 2037 ἀρμα
2718 1967 2820 2035 τῆς
2851 1967 3029 2037 ἀρχῆς
3052 1965 3453 2038 χειριζόμενος,
3485 1966 3670 2028 κακῶς
3695 1967 3765 2019 τὸ

2170 2057 2278 2109 πᾶν
2324 2056 2664 2126 διαϐήσεται.
2723 2057 2856 2110 Ὅτε
2890 2057 2946 2110 δὲ
2980 2057 3076 2109 καὶ
3123 2057 3234 2110 τῶν
3267 2056 3442 2111 ποδῶν
3507 2058 3764 2112 ἀπαλλαο

2170 2151 2317 2216 γεῖεν
2342 2148 2436 2201 τοῦ
2482 2148 2823 2220 Ἀνδρονίκου
2866 2149 3213 2221 ὀρθούμενοι,
3266 2151 3322 2202 αἱ
3353 2151 3533 2220 χεῖρες
3571 2152 3763 2213 αὐτοῖς

2171 2241 2248 2301 ὼς
2271 2241 2350 2302 είς
2379 2239 2513 2292 Θεὸν
2561 2240 2898 2294 ἀνετείνοντο
2921 2257 2935 2271 ⁸
2991 2241 3085 2293 καὶ
3142 2240 3497 2294 ἔθεοκλύτουν
3524 2243 3614 2295 ἐπὶ
3644 2245 3766 2305 τοῖς

2172 2315 2381 2394 αὐτοῖς.
2429 2333 2490 2384 Ὀ
2523 2332 2580 2384 δὲ
2612 2332 3050 2402 κατορθούμενον
3080 2333 3179 2404 ήδη
3208 2333 3422 2403 βλέπων
3451 2336 3512 2386 τὸ
3543 2336 3762 2404 ἐφετὸν,

2174 2426 2322 2480 ἔνδον
2351 2426 2448 2495 μὲν
2475 2422 2562 2480 οἶα
2589 2425 2828 2498 ἔπασχεν
2857 2426 2946 2488 ἂν,
2997 2431 3088 2482 καὶ
3116 2431 3192 2492 ὠς
3227 2429 3447 2500 ἔχαιρεν
3475 2431 3765 2502 ἀμύθητα,

2175 2519 2258 2582 τίς
2284 2519 2383 2572 οὐκ
2414 2518 2480 2573 ἂν
2504 2521 2844 2588 τεκμήραιτο
2866 2537 2880 2584 ;
2905 2522 2972 2573 τὰ
3004 2520 3187 2589 μέντοι
3211 2522 3369 2585 ἐκτὸς
3391 2522 3565 2586 ἄλλως
3589 2523 3768 2594 ἔχρω-

2177 2608 2268 2672 ζεν
2299 2608 2515 2673 ἑαυτὸν,
2567 2608 2661 2662 καὶ
2685 2608 2862 2661 ἐδόκει
2897 2609 2973 2680 μὴ
3015 2610 3082 2664 ἂν
3136 2612 3328 2682 φέρειν
3371 2613 3506 2682 μηδὲ
3538 2613 3659 2684 ζῇν,
3712 2617 3768 2668 εἰ

2176 2699 2408 2754 τοιαῦτα
2444 2699 2657 2765 ἀκούοι,
2704 2699 2797 2754 καὶ
2836 2702 2912 2763 ὼς
2946 2702 3026 2764 εἰς
3077 2702 3339 2756 ἀπιστίαν
3395 2704 3765 2773 γυμνάζοιτο.

2180 2795 2288 2847 Καὶ
2315 2793 2398 2858 τίς
2430 2793 2564 2862 ἐγὼ,
2609 2796 2790 2864 ἔλεγε,
2822 2799 2916 2850 καὶ
2952 2797 3070 2860 πῶς
3129 2798 3195 2851 ἂν
3227 2797 3532 2870 δυναίμην;
3564 2801 3659 2853 καὶ
3687 2801 3777 2864 ὡς⁴

2182 2885 2508 2957 φευξοῦμαι,
2563 2889 2657 2942 καὶ
2689 2888 2765 2950 ὠς
2814 2891 3140 2960 μεταστήσω
3176 2891 3270 2944 τοῦ
3305 2889 3455 2961 βιοῦν
3500 2894 3768 2962 ἐμαυτὸν,

2182 2981 2230 3032 εἰ
2261 2981 2335 3049 μὴ
2365 2981 2618 3049 ἀφίεμαι.
2654 2981 2765 3035 Καὶ
2790 2981 3093 3052 ὲῤῥάπιζεν
3121 2984 3338 3049 ἑαυτὸν,
3369 2985 3464 3039 καὶ
3486 2988 3607 3049 ταῖς
3648 2987 3776 3056 θρι-

2184 3072 2266 3138 ξὶν
2293 3073 2570 3144 ὲνύὸριζε,
2621 3077 2716 3128 καὶ
2750 3074 3026 3145 πολλαχοῦ
3063 3077 3282 3144 εἰλεῖτο,
3317 3078 3490 3132 δοκῶν
3525 3079 3624 3149 μὲν
3649 3079 3775 3134 ὲθέρ

499 3175 622 3217 sese
687 3164 1068 3232 pcreutiebat,
1109 3166 1368 3221 saeviebat
1413 3166 1467 3222 in
1524 3167 1730 3232 crines,
1763 3183 1826 3224 ac
1879 3169 2079 3238 ubique

2186 3164 2298 3217 λειν
2348 3165 2620 3218 διέκδυσιν
2647 3165 2722 3230 ὡς
2755 3167 2834 3230 είς
2862 3166 3064 3239 φυγὴν,
3105 3167 3280 3233 διδοὺς
3317 3169 3373 3222 δὲ
3401 3169 3573 3231 ἄλλως
3605 3170 3773 3224 τόπον

501 3254 826 3320 secedebat,
871 3257 1026 3312 visus
1076 3257 1280 3329 eligere
1332 3269 1546 3314 secreta
1605 3260 1722 3314 loca
1789 3274 1888 3329 pro
1931 3259 2080 3330 fuga,

503 3361 562 3401 se
594 3347 816 3402 tradens
855 3347 992 3404 alias
1027 3349 1166 3403 clam
1202 3350 1406 3405 laetitiae
1433 3359 1486 3406 et
1527 3350 1838 3416 cachinnis,
1869 3358 2083 3405 mutata

501 3435 646 3496 facie
703 3440 792 3496 hic
841 3450 895 3497 et
936 3441 1068 3508 illic,
1109 3442 1288 3512 qualis
1344 3442 1458 3504 ille,
1504 3444 1766 3513 pessima.

572 3531 664 3587 40.
696 3533 832 3589 Cum
869 3548 996 3588 vero
1023 3533 1369 3589 commodius
1393 3535 1690 3589 tentorium
1717 3537 1881 3606 figere
1915 3548 2086 3590 cona-

507 3631 595 3679 tus
632 3624 848 3688 fuisset,
893 3625 1269 3695 ita‘fdisposuit
1296 3626 1431 3680 illud
1460 3634 1520 3680 ut
1560 3641 1724 3695 supra
1757 3626 1939 3682 cubile
1970 3635 2086 3681 sta-

510 3724 615 3779 ret,
649 3724 710 3770 ut
752 3716 891 3773 forte
925 3719 1007 3773 sie
1040 3718 1228 3773 multis
1257 3732 1578 3792 persuasum
1616 3719 1769 3773 fleret
1814 3719 1992 3788 ipsum
2029 3719 2086 3773 in

512 3816 860 3864 antecessum
897 3809 1255 3865 constituisse
1305 3812 1496 3864 horam
1533 3819 1657 3882 post
1683 3825 1848 3881 quam
1874 3811 2088 3882 fugeret

514 3902 840 3972 turbamque
869 3919 980 3958 non
1005 3903 1290 3970 excitaret,
1341 3905 1656 3962 adulatores
1689 3906 1924 3976 ineptias
1959 3921 2088 3962 suas

511 3994 932 4059 concinnantes,
965 4005 1046 4050 tot
1072 3997 1228 4051 multi
1259 4006 1316 4051 ut
1339 4012 1445 4052 non
1471 3997 1697 4064 fuerint,
1733 4013 1901 4056 voces.
1933 4006 2092 4054 extu-

512 4086 712 4153 lerant,
767 4089 1049 4144 custodias
1120 4091 1515 4146 ordiuaverant
1557 4090 2090 4162 observationesque

511 4179 726 4233 viarum
772 4196 894 4251 quae
957 4181 1084 4236 illuc
1127 4181 1408 4237 ducebant
1437 4183 1912 4255 exquirebantque
1961 4184 2091 4253 quid

511 4278 842 4326 eventurum
902 4283 1071 4327 esset.
1101 4271 1258 4327 Tunc
1305 4274 1621 4343 patriarcha
1655 4274 1778 4331 illos
1812 4275 2091 4330 extricans

516 4363 680 4416 modo
721 4379 830 4432 quo
877 4380 978 4420 nos
1033 4365 1214 4421 audito
1251 4366 1472 4421 risimus
1534 4381 1792 4437 nuncque
1861 4367 2094 4423 maxime

515 4454 782 4523 ridemus,
841 4454 984 4511 inter
1047 4470 1148 4510 nos
1214 4463 1528 4525 repetentes
1587 4454 1694 4510 hoc
1755 4455 2090 4510 scurrilius:

2185 3259 2330 3328 χαρᾷ
2363 3259 2456 3310 καὶ
2479 3259 2677 3324 γέλωτι
2707 3257 3012 3327 λεληθότως
3058 3261 3116 3312 ὲν
3149 3259 3226 3328 τῷ
3255 3262 3509 3332 στρέφειν
3537 3254 3638 3315 ὧδε
3671 3265 3775 3314 καὶ

2185 3349 2304 3402 ἐκεῖ
2327 3347 2388 3401 τὸ
2426 3350 2747 3418 πρόσωπον,
2786 3350 2967 3414 ὁποῖος
3005 3350 3234 3416 ἐκεῖνος,
3265 3352 3326 3406 τὸ
3372 3354 3773 3425 περιπόνηρον.

2261 3529 2334 3601 μ’.
2370 3531 2458 3595 Ὣς
2485 3530 2663 3601 δὲτὴν
2696 3530 2902 3602 σκηνήν
2922 3528 3126 3599 ταύτην
3163 3532 3548 3602 συμπήξεσθαι
3578 3550 3780 3603 τεχνα-

2191 3624 2428 3693 σάμενος
2475 3622 2903 3694 ἀσφαλέστερον,
2947 3628 3393 3696 προσεποιήσατο
3424 3625 3780 3694 πλασάμενος

2189 3716 2408 3769 καὶτοῦ
2452 3715 2704 3786 ὑπερῴου
2749 3715 3027 3784 γενέσθαι,
3076 3717 3130 3770 ετ
3166 3733 3284 3780 πως
3328 3715 3474 3770 οὕτω
3505 3717 3779 3786 φαντάσει

2189 3808 2317 3871 τοὺς
2360 3807 2630 3871 πολλοὺς,
2683 3807 2760 3872 ὡς
2827 3807 3202 3880 ὑπερθέμενος
3261 3808 3360 3881 τήν
3419 3809 3784 3879 ἐνεστηκυῖαν

2191 3901 2363 3972 ὥραν,
2397 3901 2678 3970 φευξεῖται
2712 3900 2831 3970 μετ’
2859 3901 3053 3970 αὐτὴν,
3086 3901 3183 3956 καὶ
3204 3900 3654 3972 ἀπαλλαγήσεται
3679 3903 3783 3954 τοῦ

2191 3993 2634 4063 ὀχλοκοπεῖσθαι,
2676 3995 2726 4047 οἱ
2766 3993 2997 4057 κόλακες
3030 3993 3402 4063 ὲντεινάμενοι
3458 3995 3557 4066 τήν
3600 3995 3784 4065 ἁρμο-

2193 4083 2313 4138 νίαν
2346 4084 2443 4137 τοῦ
2496 4085 2686 4153 λήρου,
2731 4086 2812 4148 εἰς
2841 4086 2968 4138 ὅσον
3010 4084 3174 4139 πλέον
3227 4086 3327 4139 οὐκ
3378 4081 3468 4156 ἦν,
3503 4085 3692 4156 φωνάς
3722 4105 3784 4140 τε

2193 4171 2361 4247 ἦραν,
2395 4178 2489 4230 καὶ
2539 4177 2789 4246 φυλακὰς
2831 4177 3131 4232 ὲπέταττον
3160 4180 3255 4230 καὶ
3283 4179 3644 4248 συντηρήσεις
3671 4180 3786 4232 τῶν

2195 4269 2311 4321 ἐκεῖ
2353 4268 2627 4334 διεξόδων,
2671 4269 2767 4322 καὶ
2813 4269 3192 4339 διηποροῦντο,
3232 4271 3284 4324 τί
3315 4270 3382 4324 ἂν
3410 4271 3506 4324 καὶ
3545 4272 3784 4338 γένοιτο.

2196 4361 2308 4414 Kal
2343 4362 2371 4414 ὁ
2406 4364 2753 4431 πατριάρχης
2789 4362 3150 4433 ὲπιλυόμενος
3202 4362 3393 4426 αὐτοῖς
3441 4364 3504 4416 τὺ
3549 4364 3784 4435 ἄπορον,

2197 4453 2275 4517 ὡς
2304 4455 2467 4524 ἡμεῖς
2507 4456 2602 4508 ml.
2639 4458 2761 4510 τότε
2798 4455 3164 4525 μανθάνοντες
3205 4455 3508 4527 ὲγελῶμεν,
3543 4458 3637 4513 καὶ
3684 4459 3786 4513 νῦν

522 4522 770 4610 «Lude,
805 4547 934 4603 lude
982 4546 1052 4602 de
1102 4522 1617 4614 malis—eventibus,
1649 4566 1668 4598 ι
1734 4546 1826 4600 ille
1875 4546 2079 4602 dicebai

2203 4551 2262 4603 δὲ
2448 4549 2722 4618 γελῶμεν,
2769 4522 3150 4619 παρορδοῦντες
3179 4522 3411 4611 ἕκαστος
3458 4549 3637 4620 ἑαυτῷ
3665 4567 3786 4606 xw-

518 4637 836 4707 eompedes,
887 4639 1132 4694 manicas
1180 4639 1516 4708 collariaque
1558 4637 1843 4694 Comneno
1884 4628 2090 4707 parari,

518 4729 722 4800 quibus
767 4731 1120 4786 retineretur.
1156 4729 1280 4786 llaec
1331 4729 1424 4784 ille
1465 4729 1708 4798 quidem.
1745 4728 1897 4784 Multi
1947 4729 2094 4799 aSpi-

519 4822 737 4876 riebant
784 4824 850 4876 ad
911 4824 1285 4878 inventionem
1337 4823 1631 4890 cujusdam
1670 4822 1805 4876 aenei
1857 4825 2092 4891 operis:

521 4912 665 4978 Quid
699 4914 828 4968 ﬁent
857 4914 1010 4970 ista?
1051 4916 1288 4969 aiebant.
1327 4914 1421 4969 llle
1457 4928 1588 4969 vero
1619 4913 1838 4984 oblique
1879 4923 2096 4968 vertens

523 5012 898 5075 tegumentum
937 5006 1132 5074 capitis
1161 5005 1523 5076 dextramque
1544 5006 1597 5059 in
1618 5005 1783 5060 altum
1808 5005 2024 5071 erigens
2044 5006 2096 5058 in

523 5096 742 5166 signum
791 5097 996 5164 crucis,
1029 5099 1274 5160 vincula,
1305 5098 1657 5168 alligantibus
1688 5099 2096 5168 applaudebat;

524 5197 640 5244 tum
693 5188 882 5244 habitu
923 5191 1438 5261 archipresbytcrali
1478 5189 1860 5246 Andronicum
1896 5190 2101 5244 retine-

526 5283 650 5347 bat,
703 5283 882 5338 locum
929 5282 1369 5353 designans,ubi
1423 5292 1732 5337 manentem
1777 5284 2099 5346 invenerat;

524 5376 928 5447 insistebatque
983 5388 1054 5431 ne
1104 5375 1443 5444 relinqueret
1488 5375 1773 5430 civitatem
1822 5389 1992 5443 seque
2035 5373 2103 5427 ad

527 5467 692 5521 aliam
742 5475 1107 5524 converteret.
1161 5464 1260 5521 llic
1302 5482 1431 5521 vero
1477 5467 1689 5522 scilicet
1743 5467 1952 5521 invitus
2006 5481 2102 5535 pa-

531 5558 700 5619 tiens,
733 5557 996 5612 adversus
1029 5559 1398 5627 patriarcham
1429 5558 1728 5621 exclamat,
1751 5574 1818 5612 eo
1851 5557 1993 5629 quod
2028 5557 2106 5611 sic

532 5648 711 5717 ipsum
763 5649 831 5704 ad
888 5649 1069 5718 fugam
1119 5659 1370 5719 paratum
1425 5649 1752 5718 alligaverit.
1811 5648 1962 5702 Heiu!
2016 5649 2128 5704 iu-_

532 5743 674 5812 quit,
708 5741 840 5811 quid
869 5743 1008 5813 agis,
1051 5741 1321 5811 despota?
1348 5743 1425 5795 Ac
1464 5749 1757 5810 postquam
1813 5743 1916 5795 hoc
1952 5756 2096 5811 saepe

535 5835 865 5904 tepetiisset,
901 5833 1103 5890 desiuit
1135 5835 1244 5890 alta
1303 5847 1435 5890 voce
1480 5833 1772 5889 lamentari
1832 5834 1991 5904 quasi
2041 5833 2109 5891 ob

2205 4641 2513 4713 μικώτερον
2546 4641 2642 4696 τό·
2680 4659 2698 4693 ι
2737 4641 2911 4704 Παῖζε
2938 4679 2952 4704 ,
3004 4640 3157 4704 παῖζ’
3216 4641 3310 4692 ἐπὶ
3372 4645 3708 4712 συμφοραῖς,
3761 4663 3782 4696 ι

2203 4734 2366 4796 αὐτὸς
2425 4732 2530 4803 ἔφη
2587 4734 2682 4786 καὶ
2731 4731 3043 4800 ποδοκάκην
3073 4772 3087 4796 ,
3141 4731 3238 4784 καὶ
3289 4733 3637 4801 χειροπέδας,
3689 4739 3788 4788 καὶ

2203 4822 2385 4875 κλοιὸν
2409 4820 2857 4892 περιτραχήλιον,
2883 4819 2977 4874 καὶ
3008 4822 3112 4873 ὅσα
3140 4820 3319 4874 τοιάδε
3353 4823 3786 4891 μηχανήσασθαι

2204 4917 2279 4986 τῷ
2312 4915 2604 4986 Κομνηνῷ,
2642 4915 2710 4967 δι’
2765 4907 2841 4968 ὧν
2895 4914 3182 4982 κατέχοιτο
3221 4914 3306 4967 ἀν.
3359 4911 3526 4968 Εἶπεν
3575 4917 3788 4978 ἐκεῖνος

2204 5009 2398 5062 ταῦτα.
2438 5010 2549 5062 Καὶ
2577 5010 2626 5061 οἱ
2663 5008 2849 5059 πολλοὶ
2877 5007 3146 5077 ἀφεώρων
3177 5007 3312 5075 πρὸς
3360 5007 3606 5061 ἐπίνοιάν
3639 5026 3788 5071 τινος

2208 5099 2618 5171 χαλκεύματος’
2643 5099 2756 5163 καὶ,
2799 5097 2921 5161 Πῶς
2972 5097 3124 5150 ἔσται
3154 5097 3329 5151 ταῦτα
3355 5116 3368 5162 ;
3400 5099 3607 5166 ἔλεγον.
3649 5100 3708 5152 '0
3742 5100 3790 5151 δ’

2209 5193 2370 5255 εὐθὺς
2403 5192 2715 5259 πλαγιάσας
2761 5189 2821 5242 τὸ
2871 5189 2974 5254 τῆς
3034 5189 3284 5258 κεφαλῆς
3321 5190 3591 5258 κάλυμμα
3619 5229 3634 5250 ,
3691 5192 3789 5242 καὶ

2208 5284 2306 5354 τήν
2329 5283 2508 5349 δεξιὰν
2536 5283 2823 5343 εὐθετίσας
2856 5281 2936 5341 εἰς
2963 5282 3149 5349 ἀέριον
3177 5282 3468 5349 σταυρικὸν
3497 5282 3785 5350 χάραγμα,

2211 5377 2540 5446 κατακροτεῖ
2563 5375 2798 5444 δεσμοὺς
2817 5373 2948 5435 τοὺς
2981 5375 3309 5442 ἀρέσαντας·
3340 5373 3436 5425 καὶ
3462 5372 3791 5442 ἀμφιὸαλὼν

2215 5469 2545 5541 ίεραρχικῶς
2584 5469 2774 5538 ἐπέχει
2811 5467 2901 5518 τὸν
2955 5465 3324 5534 Ἀνδρόνικον,
3375 5466 3468 5516 καὶ
3513 5463 3786 5534 ἀφορίζει,

2213 5563 2337 5616 ὅποι
2367 5553 2496 5628 εὗρε
2527 5560 2780 5628 μένοντα·
2817 5559 2911 5610 καὶ
2938 5559 3319 5626 κατασκήπτει
3367 5556 3442 5628 μή
3478 5558 3543 5610 ἂν
3572 5557 3792 5623 ἀφεῖναι

2215 5654 2314 5722 τὴν
2357 5652 2535 5718 πόλιν,
2562 5650 2656 5703 καὶ
2687 5650 2855 5719 ἄλλην
2895 5651 3195 5719 τραπῆναι.
3238 5648 3300 5703 '0
3326 5649 3380 5700 δὲ
3407 5650 3480 5711 ὼς
3513 5648 3794 5716 ἀϐούλητα

2217 5746 2376 5812 δῆθεν
2440 5741 2652 5806 παθὼν,
2716 5740 3055 5794 καταὸοᾶται
3112 5740 3208 5792 τοῦ
3269 5739 3645 5809 πατριάρχουι,
3703 5731 3794 5788 οἷα

2218 5835 2360 5889 οὕτω
2383 5833 2790 5903 καταδήσαντος
2814 5831 2904 5886 τὸν
2935 5831 3154 5901 τρέχειν
3180 5830 3421 5901 ἕτοιμονο
3460 5830 3571 5895 καὶ,
3601 5829 3790 5898 Ὤμοι,
