4084 6412
341 436 410 497 4)
1124 433 1218 492 DE
1248 432 1816 493 THESSALONICA
1866 435 2073 494 URBE
2116 436 2157 494 Δ
2201 437 2508 498 LATIle
2548 438 2801 501 CAPTA.
3535 443 3607 506 50

346 547 504 615 φησι,
544 545 596 597 τί
628 544 827 606 ποιεῖς,
855 544 1136 608 δέσποτας
1186 545 1295 598 Καὶ
1356 545 1526 614 συχνὰ
1576 543 1734 598 τοῦτο
1782 545 1938 610 λογο-

2053 549 2242 601 malum
2297 565 2574 618 magnum.
2617 549 2753 604 Tum
2806 551 3119 621 patriarcha
3170 554 3331 610 verba
3381 556 3607 626 probata

350 640 635 704 κοπὴσας,
667 629 881 686 ἄνεισιν
928 633 1068 702 ὑψοῦ
1117 633 1413 699 στενάζων,
1455 634 1531 696 ὼς
1582 635 1676 686 ἐπὶ
1710 634 1935 704 μεγαλῳ

293 731 300 748 ‘
352 727 533 794 κακῷ.
576 727 688 778 Kal
737 726 765 777 6
817 724 1172 796 πατριάρχης
1225 725 1476 778 ὑπειπὼν
1526 726 1597 780 τὰ
1647 725 1934 790 δοκοῦντα,

350 819 622 890 ἡσύχαζε.

429 941 542 1003 μα’.
585 935 696 986 Καὶ
733 932 830 985 τοῦ
890 933 1084 986 λοιποῦ
1119 934 1230 997 (ἵνα
1265 933 1342 1004 μὴ
1391 933 1492 1006 τὴν
1529 935 1802 1006 κοσμικὴν
1834 936 1938 1004 ἀη-

354 1029 479 1080 δίαν
503 1024 804 1096 ἀδολεσχῶ)
845 1024 1058 1094 γίνεται
1106 1025 1215 1078 τῶν
1259 1028 1449 1080 κακῶν
1495 1028 1695 1098 δρόμος
1735 1033 1814 1090 είς
1847 1029 1939 1080 τὸν

357 1118 643 1186 περίδοξον
671 1117 800 1170 ναὸν
855 1115 958 1169 τοῦ
1007 1116 1259 1186 Σωτῆρος
1303 1119 1564 1187 Χριστοῦ,
1603 1117 1694 1172 τοῦ
1733 1119 1940 1172 Χαλκί-

354 1209 478 1273 τνεῦ,
516 1213 611 1264 καὶ
642 1209 891 1279 εὐφημία
920 1209 1012 1262 τοῦ
1053 1209 1395 1279 Ἀνδρονίκου
1426 1212 1649 1275 ἄκοντος
1707 1213 1789 1274 εἰς
1843 1209 1938 1279 βας

361 1303 544 1367 σιλέα,
566 1303 639 1365 ὡς
667 1299 734 1355 ἂν
762 1303 859 1354 καὶ
887 1301 1042 1354 αὑτοὶ
1067 1301 1161 1353 καὶ
1189 1303 1396 1364 ἐκεῖνος
1431 1302 1659 1354 εἴποιεν·
1692 1298 1810 1355 εἶτα
1846 1301 1940 1355 καὶ

365 1397 460 1467 βία
485 1397 568 1457 είς
590 1396 819 1457 ἐκεῖνον,
842 1393 918 1456 ὼς
941 1393 1052 1446 Kal
1077 1394 1150 1462 μὴ
1169 1392 1369 1446 ἐθέλων
1399 1395 1642 1463 ἀρχηγὸς
1661 1393 1820 1463 ἡμῶν
1849 1412 1940 1463 γε-

357 1488 476 1540 νοῦ·
503 1487 598 1540 καὶ
617 1485 899 1556 περίθεσις
931 1486 1280 1556 παρασήμων
1301 1488 1366 1556 τῇ
1402 1485 1652 1558 βασιλεία
1681 1486 1936 1549 πεδίλων,

359 1581 581 1633 ἐκείνου
616 1579 691 1649 μὴ
739 1577 1108 1641 καθιστῶντος
1139 1577 1265 1641 τοὺς
1318 1578 1508 1643 πόδας,
1535 1579 1630 1632 καὶ
1656 1577 1938 1648 περίδυσις

355 1672 697 1742 διαδήματος
725 1684 740 1699 ο
778 1671 871 1722 καὶ
903 1667 1055 1738 etet;
1105 1668 1204 1736 μὲν
1263 1669 1538 1723 καπνικοῦ
1581 1656 1941 1738 καλύίμματος

363 1764 464 1818 τοῦ
503 1764 636 1833 περὶ
663 1760 928 1830 κεφαλὴν,
966 1760 1104 1829 ὅπερ
1123 1760 1366 1825 Δαζόθεν
1400 1756 1516 1829 εἶχε
1541 1760 1641 1830 τὴν
1684 1759 1940 1830 ἀφορμὴν

359 1859 446 1918 εἰς
491 1853 792 1924 σύμϐολον,
826 1848 903 1907 ὦν
934 1851 1131 1922 ἔμελλε
1167 1851 1361 1922 καπνῷ
1393 1851 1586 1922 φῦραι,
1616 1853 1940 1922 κατεμπρή-
1975 1901 2015 1956 Β

363 1968 471 2013 σας
506 1949 571 2001 τὸ
621 1951 750 2007 πᾶν,
783 1944 1144 2016 ἀντιφόρησις
1180 1943 1236 1997 δὲ
1266 1943 1525 2015 ἐρυθροῦ,
1566 1943 1940 2012 αἰνιττομένη,

361 2045 514 2096 ὅσων
548 2037 804 2108 κεφαλῶν
838 2037 1310 2106 καταψηφιεῖσθαι
1341 2035 1528 2105 μέλλει
1563 2036 1794 2104 αἵματα.
1829 2036 1941 2089 Καὶ

360 2131 714 2202 συγκαθηται
741 2131 804 2184 τὺ
819 2129 1076 2182 ἐντεῦθεν
1090 2129 1174 2198 τῷ
1201 2127 1415 2198 βασιλεῖ
1439 2127 1684 2197 Ἀλεξίῳ,
1707 2132 1800 2181 καὶ
1819 2144 1948 2197 προ-

361 2225 632 2290 κάθηται.
675 2220 1036 2290 ’Υπερέκειτο
1062 2219 1173 2289 γὰρ
1209 2217 1461 2287 αὑθωρὸν
1502 2217 1718 2271 ἐκείνου
1747 2217 1808 2270 τὸ
1837 2217 1947 2270 ἀπὸ

356 2318 547 2381 τοῦδε,
578 2315 674 2370 καὶ
726 2314 988 2384 συντιμᾷ,
1029 2311 1124 2375 οὓς
1150 2311 1313 2375 αὐτὸς
1366 2310 1645 2380 ὲπὲκρινε·
1685 2311 1780 2364 καὶ
1817 2327 1949 2379 προ-

356 2410 631 2466 εάλλεται
671 2408 869 2478 ἀρχὰς,
922 2405 982 2473 ἐξ
1028 2405 1211 2458 αὐτῶν
1265 2403 1532 2474 βαλϐίδων
1567 2403 1626 2456 τὸ
1673 2402 1775 2472 τῆς
1825 2401 1947 2454 κατ’

359 2501 533 2556 αὑτὸν
560 2500 834 2570 βασιλείας
867 2498 1028 2568 ἆρμα
1071 2495 1308 2566 πρόσθεν
1339 2493 1540 2566 βαλών.
1576 2495 1687 2550 Καὶ
1712 2494 1774 2548 τὸ
1803 2493 1949 2564 μέγα

359 2591 542 2646 κακὸν
569 2588 647 2658 τῷ
679 2586 863 2659 μικρῷ
900 2585 1054 2658 καλῷ
1085 2587 1468 2656 συγκίρναται.

443 2703 557 2774 μβσ.
589 2701 808 2770 Βραχῦς
839 2701 868 2754 6
907 2701 970 2753 ὲν
1013 2654 1166 2768 μέσῳ
1206 2654 1420 2767 χρόνος,
1459 2695 1553 2749 καὶ
1581 2654 1947 2764 περιγίνεταν

2041 636 2278 703 dicente,
2303 639 2600 694 conticuit.

2112 909 2201 962 Al.
2251 910 2518 966 Caeterum
2580 915 2692 981 (ne
2746 930 2868 969 cum
2940 916 3104 970 taedio
3164 919 3430 989 omnium_
3486 934 3622 991 gar-

2041 1003 2202 1070 riam)
2247 1005 2516 1058 malorum
2566 1021 2868 1063 concursus
2916 1007 2974 1061 ﬁt
3025 1010 3080 1063 in
3133 1009 3601 1079 gloriosissimum

2041 1097 2300 1164 templum
2341 1098 2647 1153 Salvatoris
2693 1101 2922 1163 Christi.
2953 1103 3484 1175 Chalcitis,jamque
3520 1121 3620 1175 pa-

2039 1188 2146 1242 lam
2179 1187 2521 1245 Andronicus
2573 1190 2858 1260 imperimn
2910 1207 3145 1249 renuere
3209 1193 3485 1249 ferebatur
3521 1209 3618 1248 an-

2040 1280 2190 1349 cipiti
2231 1279 2405 1346 fama;
2441 1279 2499 1334 iit
2546 1280 2742 1334 deinde
2777 1281 2860 1336 vis
2901 1282 2956 1335 in
2990 1282 3182 1336 illum:
3229 1282 3344 1337 Dux
3383 1285 3468 1339 vel
3518 1287 3618 1338 in-

2044 1373 2188 1428 vitus
2217 1383 2398 1428 noster
2424 1383 2568 1428 esto.
2609 1374 2812 1429 Deinde
2833 1376 3088 1430 cothurni
3114 1376 3450 1446 imperatorii
3477 1416 3492 1442 ,
3525 1377 3621 1431 illo

2043 1465 2210 1536 pedes
2261 1481 2366 1520 non
2415 1467 2711 1535 prmbente,
2745 1483 2808 1522 ac
2835 1467 3082 1521 diadema
3121 1468 3474 1535 atteruntur;
3517 1483 3611 1524 ca-

2042 1557 2171 1626 pitis
2229 1557 2404 1610 velum
2462 1557 2660 1612 fumosi
2728 1557 2931 1613 coloris
2985 1570 3221 1622 amovet,
3269 1559 3414 1629 quod
3470 1559 3618 1613 Lazo

2044 1657 2204 1704 tenus
2245 1648 2569 1712 quibusdam
2607 1647 2947 1720 temporibus
2995 1651 3252 1720 portabat
3296 1652 3351 1705 in
3402 1651 3618 1720 signum

2042 1755 2231 1796 eorum
2264 1757 2386 1811 qua:
2425 1743 2576 1797 fumo
2615 1743 2896 1798 miscenda
2928 1751 3126 1809 erant;
3164 1757 3403 1813 cumque
3439 1743 3624 1797 omnia

2044 1833 2406 1900 incendisset,
2445 1836 2672 1890 rubrum
2721 1844 2914 1891 contra
2965 1836 3123 1904 jubet
3163 1835 3372 1898 all'erri,
3406 1835 3624 1905 signiti-

2046 1940 2178 1978 cans
2205 1935 2540 2001 qualntorum
2573 1927 2812 1996 capitum
2844 1929 3068 1997 sanguis
3089 1927 3434 1982 damnandus
3454 1934 3624 1981 esset.

2046 2015 2183 2069 Dein
2231 2032 2356 2073 cum
2407 2017 2738 2084 imperatore
2792 2018 2992 2073 Alexio
3047 2021 3200 2072 sedet
3244 2032 3308 2072 ac
3340 2017 3614 2088 praesidet.

2047 2105 2257 2161 Exinde
2280 2106 2422 2161 enim
2447 2122 2610 2176 supra
2633 2107 2786 2161 illum
2823 2107 3069 2173 sedebat,
3089 2117 3142 2161 et
3161 2122 3298 2176 quos
3331 2106 3628 2176 condignas

2042 2198 2328 2270 judicabat
2380 2199 2758 2253 cohonestavi.
2792 2198 3024 2252 Dimittit
3052 2198 3427 2266 magistratus,
3462 2205 3630 2264 atque

2048 2305 2076 2342 a
2127 2291 2402 2360 repagulis
2463 2305 2686 2345 currum
2751 2290 3171 2360 imperatorium
3227 2289 3481 2361 projecit.
3538 2287 3633 2344 Sic

2049 2396 2214 2452 parvo
2247 2381 2392 2438 bono
2422 2385 2624 2438 malum
2664 2398 2918 2453 magnum
2951 2382 3238 2439 miscetur.

2119 2699 2207 2754 42.
2237 2695 2330 2754 llis
2362 2699 2526 2754 rebus
2561 2699 2724 2753 breve
2764 2696 3029 2767 temporis
3081 2694 3423 2751 intervallum
3465 2693 3636 2747 inter~

357 2801 463 2854 καὶ
491 2797 568 2860 ὡς
598 2796 666 2848 ἂν
706 2794 782 2864 μὴ
812 2792 1016 2862 θρήνου
1052 2789 1290 2859 μεγάλου
1319 2788 1546 2858 ἔξαρχος
1580 2785 1951 2856 καθισταίμην

2053 2793 2196 2848 cedit
2226 2801 2278 2848 et
2319 2800 2497 2846 tamen
2538 2790 2896 2860 superﬂuum,
2922 2804 2986 2843 ac
3041 2789 3198 2859 quasi
3237 2783 3416 2857 magni
3456 2786 3636 2841 luctus

357 2894 484 2954 τοῖς
524 2885 856 2958 φιλαλεξίοις
882 2925 898 2950 ,
952 2881 1052 2936 εἴτ’
1089 2880 1183 2934 οὖν
1229 2878 1664 2948 φιλοϐασιλεῦσι,
1701 2879 1954 2931 λεπτοτο-

2053 2889 2381 2944 constitutus
2406 2901 2582 2942 essem
2611 2884 2719 2939 dux
2749 2883 3062 2954 philalexiis
3092 2891 3145 2937 et
3176 2883 3636 2952 philimperatort-

365 2983 493 3053 μῶν
524 2979 763 3049 παχεῖαν
803 2973 1252 3045 σκυθρωπότητα
1294 2975 1357 3026 ὲκ
1408 2972 1586 3026 ποδῶν
1622 2971 1832 3040 ἀπάγει
1860 2971 1951 3024 τὸν

2053 2979 2178 3044 bus,
2235 2977 2378 3033 idem
2431 2985 2668 3046 tempus,
2722 2976 3011 3030 humorem
3068 2981 3300 3028 densum
3358 2970 3633 3026 mmstitiae

361 3070 735 3144 συμϐασιλέα.
775 3068 886 3121 Καὶ
914 3065 1012 3120 τοῦ
1043 3062 1213 3133 ζυγοῦ
1239 3064 1329 3117 τὸν
1364 3063 1603 3130 Ἀλέξιον
1633 3062 1949 3128 ἐκτινάξας,

2055 3073 2343 3136 minuens,
2387 3057 2868 3139 coimperatorem‘
2907 3068 3097 3138 abigit.
3147 3065 3224 3118 Et
3286 3065 3420 3134 jugo
3491 3071 3637 3131 post-

360 3169 479 3220 εῑτε
521 3163 745 3232 πνιγμῷ
790 3159 872 3230 τῷ
919 3156 989 3211 δι’
1041 3156 1302 3226 ἀγχόνης,
1333 3156 1410 3218 ὡς
1455 3156 1700 3226 διαρρέει
1735 3155 1891 3223 λόγος
1923 3156 1952 3207 6

2054 3180 2216 3232 quam
2272 3163 2523 3217 Alexium
2569 3163 2967 3232 prmeipitasset
3023 3160 3141 3216 sive
3191 3155 3629 3226 strangulatione

358 3257 598 3323 πλείων,
651 3253 763 3306 εἴτε
824 3251 922 3304 καὶ⁸
979 3249 1155 3303 ἄλλως
1181 3287 1197 3310 ,
1235 3247 1312 3311 ὡς
1364 3248 1572 3307 ἐκεῖνος
1609 3242 1718 3299 οἵδε
1757 3246 1852 3299 καὶ
1897 3247 1947 3298 oi

2056 3273 2179 3312 cum
2205 3256 2352 3316 lune.
2377 3265 2436 3308 ut
2467 3253 2636 3309 refert
2668 3254 2806 3308 fama
2846 3253 3017 3323 magis
3039 3251 3274 3316 credita,
3308 3265 3423 3305 srve
3448 3248 3637 3310 aliter,

365 3344 812 3415 συγκακοῦργοι,
860 3339 1229 3410 ἀντεμὸἀλλει
1260 3337 1353 3390 τὸν
1388 3338 1504 3390 υἱὸν
1548 3337 1826 3406 Ἰωάννην,
1858 3335 1952 3388 τὸν

2057 3365 2112 3404 re
2193 3349 2407 3418 cognita
2483 3347 2574 3400 ille
2640 3357 2693 3401 et
2765 3355 3050 3399 consortes
3111 3341 3272 3412 ejus,
3347 3339 3636 3395 substituit

362 3441 470 3494 τοῦ
517 3435 800 3504 Μανουὴλ,
847 3431 1100 3501 ὕστερον,
1153 3431 1251 3500 οὐχ
1295 3429 1379 3483 ὃτι
1431 3429 1666 3482 καλλίων
1698 3425 1788 3498 ἦν,
1838 3426 1953 3480 ἀλλ’

365 3537 454 3589 δτι
496 3533 526 3586 6
565 3529 666 3600 μὲν
709 3525 968 3594 Μανουὴλ
1008 3522 1310 3590 ἀπεστύγει
1352 3522 1423 3575 τὰ
1473 3519 1566 3573 τοῦ
1600 3519 1828 3590 πατρὸς,
1861 3517 1956 3571 καί

367 3636 490 3680 πως
534 3615 766 3669 ἔϐλεπεν
799 3613 881 3676 είς
910 3611 974 3664 τὸ
1025 3609 1244 3680 μέλλον,
1273 3609 1367 3662 καὶ
1402 3609 1494 3662 τὸν
1526 3609 1663 3662 Θεὸν
1700 3607 1957 3677 ἐπίστρο-

365 3729 473 3780 φον
530 3705 676 3763 εἶναι
729 3706 839 3760 τῶν
892 3704 1198 3774 γινομένων
1249 3704 1443 3756 κακῶν
1497 3701 1781 3757 ὑπελάλει·
1821 3703 1849 3753 6
1897 3701 1957 3753 δὲ

378 3802 641 3869 Ἰωάννης
669 3798 919 3870 ἔστεργε,
949 3797 1047 3850 καὶ
1073 3797 1184 3859 τοῖς
1220 3795 1741 3865 πλημμελουμένοις
1770 3792 1956 3864 ἔχαιρε

367 3891 890 3962 συνεφαπτόμενος.

450 4014 545 4080 μγ⁸
613 4010 684 4064 ’Δ
731 4007 790 4060 δὲ
833 4006 896 4060 τὺ
960 4006 1213 4060 ἐντεῦθεν
1254 4006 1284 4058 6
1340 4005 1681 4076 Ἀνδρόνικος
1713 4004 1774 4056 οὐ
1813 4003 1958 4070 λέγω

369 4106 647 4173 ἥμαρτεν,
698 4101 732 4166 ἢ
767 4099 1199 4170 ἐπλημμέλησεν
1235 4097 1434 4160 (ἄλλως
1463 4097 1572 4165 γὰρ
1612 4098 1661 4148 oi
1698 4095 1961 4164 θερμότε-

379 4209 468 4261 ροι
515 4190 850 4259 ὀνομάσαιεν
881 4188 992 4254 ἂν),
1021 4186 1276 4255 γλώττης
1320 4187 1492 4239 δεῖται
1524 4185 1785 4253 νεανικῆς
1813 4185 1958 4254 φρά-

367 4285 517 4347 ζειν,
549 4281 650 4334 καὶ
684 4280 793 4350 πρὸ
839 4279 1014 4348 αὐτῆς
1047 4271 1320 4348 λογισμοῦ
1349 4276 1546 4348 βαθέος
1589 4279 1685 4330 καὶ
1715 4277 1832 4330 οἴου
1865 4275 1961 4329 εὖ·

371 4390 544 4443 στοχα
589 4371 808 4440 βάλλειν
831 4410 848 4434 ,
883 4371 1008 4423 καθ’
1042 4363 1118 4423 ὧν
1164 4367 1232 4422 ἂν
1275 4367 1532 4422 ὲπιῦαλεῖ
1555 4382 1567 4396 ·
1619 4367 1764 4436 ἅπερ
1797 4368 1962 4436 ἡμεῖς

369 4462 792 4524 ἀπολωλεκότες
823 4461 901 4530 τῷ
934 4461 1104 4531 γήρα,
1136 4459 1398 4514 τοσοῦτόν
1431 4474 1614 4528 φαμεν
1637 4458 1964 4527 ἐπιτέμνον-

2052 3441 2356 3506 Joannem,
2422 3439 2590 3494 lilium
2648 3438 2918 3494 Manuelis
2971 3437 3265 3500 ultimum,
3313 3449 3424 3489 non
3489 3432 3643 3503 quod

2055 3535 2406 3600 eratmelior,
2445 3531 2537 3588 sed
2567 3533 2710 3606 quod
2759 3531 2972 3586 Manuel
2997 3538 3206 3603 patrem
3241 3525 3640 3589 detestabatur,

2055 3641 2119 3680 eo
2149 3627 2290 3696 quod
2321 3627 2485 3680 etiam
2532 3625 2776 3680 futurum
2829 3623 3174 3694 providebat,
3221 3620 3500 3689 Deumque
3532 3616 3644 3672 cito

2058 3720 2140 3773 vel
2187 3719 2396 3773 tardius
2436 3719 2708 3772 vindicem
2769 3731 2895 3771 esse
2937 3716 3205 3770 malorum
3251 3724 3478 3780 Operum
3515 3723 3644 3764 sen-

2057 3811 2246 3866 tiebat.
2273 3809 2518 3865 Joannes
2551 3793 2682 3864 vere
2715 3807 3014 3864 dissolutos
3059 3804 3298 3870 amabat,
3340 3813 3648 3870 eorumque

2057 3903 2385 3958 commercio
2417 3901 2811 3958 delectabatur.

2130 3997 2221 4052 45.
2263 3997 2394 4062 Quae
2418 3994 2616 4051 deinde
2644 3991 2994 4048 Andronicus
3061 4005 3169 4045 non
3215 3987 3342 4044 dico
3389 3984 3641 4057 peccavit

2059 4093 2244 4166 (aliter
2273 4093 2420 4147 enim
2471 4091 2786 4147 severiores
2827 4105 2951 4145 eum
2987 4083 3375 4154 recensebant)
3412 4098 3473 4138 ea
3517 4096 3648 4136 nar-

2058 4200 2181 4241 rare
2199 4187 2472 4256 juniorem
2509 4184 2750 4255 linguam
2773 4183 2942 4253 exigit
2963 4189 3017 4236 et
3039 4195 3162 4251 quae
3186 4176 3524 4233 examinabit
3554 4189 3644 4228 res

2060 4291 2352 4351 antequam
2385 4294 2479 4334 eas
2523 4279 2577 4332 in
2606 4277 2844 4332 medium
2878 4273 3138 4345 proferet.
3161 4271 3436 4339 Quantum
3466 4267 3649 4338 perdi-

2060 4377 2244 4432 dimus
2277 4373 2330 4427 in
2364 4378 2644 4427 senectute
2665 4378 2874 4424 tantum
2895 4364 3467 4438 repetimus,scilicet,
3505 4359 3651 4414 sicut

2065 4467 2236 4522 David
2279 4461 2532 4520 meminit
2567 4462 2635 4518 de
2667 4459 2796 4515 Uria
2828 4466 2882 4515 et
2925 4473 3095 4513 uxore
3131 4469 3415 4527 peccasse,
3467 4451 3647 4506 virum

371 4573 492 4621 τες,
524 4555 635 4617 ὅτι,
683 4552 846 4606 ὁποῖά
892 4571 976 4614 τις
1023 4551 1186 4605 Δαυῒδ
1222 4549 1614 4622 μεμελετηκὼς
1639 4549 1951 4618 ἀπεκϐῆναι

2065 4561 2476 4629 imperatorem,
2523 4555 2772 4610 Alexium
2821 4550 3234 4624 praecipitasse,
3281 4546 3408 4600 vitae
3453 4543 3650 4598 termi-

371 4649 434 4700 εν
475 4663 544 4715 γε
587 4646 669 4716 τῷ
719 4645 866 4698 κατὰ
921 4645 1013 4697 τὸν
1047 4645 1253 4715 υύρίαν
1296 4643 1392 4696 καὶ
1423 4641 1524 4713 τὴν
1562 4641 1834 4712 γαμετὴν,
1869 4641 1962 4694 τὸν

375 4740 485 4808 μὲν
533 4736 709 4806 ἄνδρα
749 4735 998 4805 βασιλέα,
1046 4735 1138 4788 τὸν
1177 4733 1439 4798 Ἀλέξιον,
1477 4735 1772 4803 προῖάπτει
1809 4733 1962 4786 κάτω

371 4827 761 4899 παραστείλας
793 4826 887 4880 τοῦ
922 4829 1043 4898 ζῇν,
1088 4823 1208 4880 εἶτα
1241 4828 1335 4878 καὶ
1366 4825 1536 4895 βυθῷη
1562 4825 1843 4894 θαλάσσης
1876 4841 1965 4876 πι-

374 4921 642 4984 στεύσας,
675 4918 824 4972 καθά
847 4919 993 4983 τινες
1025 4937 1213 4987 φασιν,
1248 4919 1324 4981 ὡς
1353 4919 1452 4970 οὐκ
1495 4916 1562 4970 ἂν
1594 4916 1707 4984 ἐγὼ
1735 4915 1965 4985 ἀνακρί-

376 5031 564 5084 ναιμι,
622 5012 881 5078 καθάπαξ
923 5012 1334 5081 ἀπεστυγηκὼς
1383 5013 1484 5079 τὴν
1512 5010 1730 5080 φαύλην
1759 5010 1964 5080 ταύτην

325 5122 337 5130 ‘
373 5107 736 5178 περίστασιν.
772 5105 885 5156 Καὶ
912 5106 1122 5166 ἐκεῖνος
1147 5105 1248 5174 μὲν
1275 5103 1422 5157 οὕτω
1461 5103 1556 5154 τδν
1598 5103 1770 5155 παῖδα
1811 5102 1960 5172 βασι-

369 5197 476 5252 λέα
507 5193 888 5260 συνέστειλεν,
939 5196 989 5248 εἰ
1022 5198 1118 5250 καὶ
1161 5196 1314 5264 λόγοι
1358 5194 1508 5257 τινὲς
1557 5193 1785 5262 ὕστερον
1817 5191 1964 5262 ζωὴν

367 5288 590 5342 ἐκείνου
635 5285 1067 5354 κατεψεύσαντοο
1115 5287 1198 5348 είς
1244 5285 1273 5338 6
1306 5285 1520 5349 παίζων
1552 5287 1581 5337 6
1623 5283 1965 5354 Ἀνδρόνικος

368 5376 678 5448 sedemus
708 5393 762 5429 τι
794 5377 985 5446 δριμύ·
1017 5376 1077 5440 ὃς
1113 5376 1354 5437 ἀκούσας
1387 5379 1517 5443 περί
1551 5390 1657 5426 που
1705 5373 1774 5426 τὰ
1813 5373 1962 5427 κατὰ

370 5470 641 5524 Σικελίαν
673 5467 1040 5536 τημελεῖσθαι
1085 5467 1177 5520 τὸν
1221 5466 1459 5530 ’Δλέξιον
1511 5464 1832 5534 βασιλικῶς,
1863 5464 1963 5534 ἡδὺ

366 5562 640 5630 γελάσας,
669 5553 746 5611 Ἦ
784 5559 871 5630 δὴ,
930 5558 1038 5628 ἔφη
1064 5596 1078 5622 ,
1113 5558 1337 5629 ἄριστος
1389 5557 1768 5627 κολυμϐητὴς,
1804 5556 1966 5626 εἰπερ

365 5657 424 5709 ἑν
463 5649 1057 5707 Κωνσταντινουπόλει
1090 5649 1579 5720 κατακυῦιστήσας
1616 5650 1698 5710 είς
1739 5648 1966 5717 βαθεῖαν

367 5748 675 5812 θάλασσαν,
710 5742 992 5802 ἀπνευστὶ
1033 5741 1237 5806 διεξέδυ
1276 5743 1404 5812 περὶ
1460 5741 1552 5796 τὸν
1591 5743 1770 5794 ἐκεῖσε
1828 5757 1967 5812 περ.

367 5841 532 5913 θμὸν.

2065 4666 2192 4704 num
2228 4648 2482 4720 posuisse
2511 4647 2819 4714 deindeque
2847 4645 3046 4712 abysso
3076 4637 3247 4693 maris
3279 4633 3652 4712 commisisse,

2060 4743 2216 4812 juxta
2268 4741 2535 4813 quosdam
2558 4780 2572 4803 ,
2617 4740 2759 4794 sicut
2797 4751 2896 4790 nos
2939 4749 3046 4788 non
3075 4729 3447 4801 judicabimus
3469 4769 3485 4796 ,
3507 4728 3654 4782 hanc

2064 4837 2313 4892 odiosam
2358 4831 2837 4890 circumstantiam
2876 4828 2930 4887 in
2971 4833 3300 4898 perpetuum
3335 4829 3654 4879 horrentes.

2066 4931 2332 4999 llancqne
2359 4929 2450 4983 ille
2483 4941 2652 4996 puero
2680 4923 3000 4994 imperatori
3027 4922 3369 4990 sepulturam
3401 4915 3656 4978 donavit,

2065 5024 2169 5079 etsi
2205 5031 2386 5093 postea
2422 5019 2572 5073 illum
2603 5018 2786 5072 vivere
2830 5015 2970 5069 falso
3018 5013 3244 5084 quidam
3277 5009 3543 5068 dixerint.
3593 5007 3655 5062 In

2065 5131 2175 5186 quo
2214 5113 2480 5169 cavillans
2510 5107 2859 5167 Andronicus
2907 5109 3127 5164 crudele
3175 5104 3383 5176 aliquid
3453 5114 3657 5158 temere

2067 5209 2228 5265 dixit.
2277 5209 2410 5262 Cum
2469 5206 2741 5261 audiissct
2796 5205 2849 5259 in
2901 5202 3139 5273 quodam
3191 5200 3314 5255 loco
3359 5198 3413 5252 in
3464 5195 3658 5251 Sicilia

2069 5300 2427 5369 imperatorio
2462 5300 2672 5354 honore
2703 5305 2984 5367 receptum
3016 5294 3188 5349 fuisse
3219 5291 3497 5356 Alexium,
3533 5289 3658 5343 laete

2045 5392 2235 5450 risit:
2289 5391 2585 5462 Equidem,
2635 5391 2740 5454 ait,
2786 5391 3038 5443 urinator
3088 5386 3332 5456 optimus
3379 5391 3487 5446 est,
3528 5397 3654 5436 cum

2069 5485 2547 5555 Constantinopoli
2601 5485 2656 5538 in
2715 5481 3048 5552 profundum
3101 5492 3252 5535 mare
3302 5491 3546 5542 mersus,
3598 5473 3656 5527 in

2070 5581 2217 5636 hunc
2251 5589 2472 5650 portum
2500 5593 2608 5634 uno
2639 5586 2825 5634 tenore
2859 5573 3185 5648 pernatavit.
