4084 6442
480 457 542 524 54
1157 449 1581 516 EUSTATHII
1621 445 2386 508 THESSALONICENSIS
2432 447 2999 509 METROPOLITE
3675 445 3746 508 52
3851 503 3856 509 .

542 540 640 626 ἐι.
695 568 830 623 Viro
887 567 1077 621 Alexio
1126 567 1206 619 sic
1247 566 1502 632 expulso,
1550 562 1694 634 apud
1751 577 1811 616 se
1854 557 2062 626 recepit

2241 557 2343 627 μδ’.
2403 558 2726 620 Ἀποικὶσας
2786 559 2843 610 δέ
2905 557 3049 610 οὕτω
3098 555 3190 608 τὸν
3240 555 3412 626 ἄνδρα
3482 555 3746 622 Ἀλέξιον.

478 679 732 728 uxorem,
765 664 902 715 heu!
933 661 1094 713 ιιιὶςιιιι
1125 659 1288 727 hujus
1320 657 1444 710 mali
1477 667 1717 710 teneram
1746 654 1933 715 ﬁliam,
1960 651 2064 704 hoc

479 758 888 814 matrimonium
947 754 1089 822 regis
1138 751 1380 805 Franciae
1435 751 1851 811 ltorrentem,ut
1893 743 2064 797 refer-

481 857 589 904 tur.
654 845 773 899 Jam
822 844 966 896 enim
1031 841 1284 910 superbia
1321 847 1559 902 tumens,
1609 837 1857 901 aliasque
1895 845 2064 899 expe-

481 941 576 995 tita
627 937 695 998 ab
729 935 936 988 amasio
967 931 1206 984 maxime
1249 928 1440 998 polito.
1487 925 1648 978 istius
1692 923 1836 977 ferus
1880 934 2064 973 mores

477 1027 879 1086 detestabatur.
930 1020 1243 1091 Aliquando
1296 1019 1350 1072 in
1394 1019 1602 1071 somnis
1631 1015 1699 1068 de
1724 1013 1929 1082 juvene
1977 1024 2066 1061 so-

476 1121 719 1176 mniasse
742 1133 859 1171 eam
887 1115 1154 1176 referunt,
1180 1121 1254 1175 et,
1275 1110 1320 1166 0
1349 1109 1526 1174 Alexi,
1557 1108 1916 1167 exclamasse;
1943 1117 2064 1172 quae

475 1228 640 1284 passa
680 1211 868 1276 fuerit,
905 1209 1024 1277 ipsa
1057 1207 1232 1260 novit.

547 1391 636 1445 45.
693 1389 774 1444 Ad
835 1387 1025 1441 vitium
1088 1384 1300 1439 modice
1367 1398 1619 1452 pronus,
1685 1379 2060 1447 Operabatur,

477 1483 751 1551 siquidem
812 1494 938 1534 cum
974 1478 1039 1531 ad
1091 1477 1262 1532 istum
1303 1473 1536 1545 gradum
1593 1472 1910 1542 iniquitatis
1942 1484 2067 1538 per-

479 1575 740 1639 venisset,
771 1570 1077 1626 cessaverit
1109 1577 1165 1624 et
1190 1581 1493 1620 conversus
1527 1564 1599 1618 sit
1627 1563 1681 1617 in
1715 1575 1908 1617 verum
1965 1559 2068 1616 lto-

479 1666 718 1729 minem,
766 1671 820 1720 et
870 1677 1095 1732 regnum
1135 1674 1428 1730 aggressus
1471 1657 1578 1712 sibi
1635 1668 1891 1723 magnam
1944 1665 2068 1705 mo-

479 1756 696 1811 lestiam
745 1752 1054 1807 attraxerit.
1096 1751 1193 1804 Ille
1238 1761 1418 1804 autem
1453 1749 1505 1801 in
1542 1762 1756 1801 morum
1791 1743 2065 1798 feritatem

481 1843 754 1920 relapsus,
779 1857 1045 1902 terrorem
1109 1846 1368 1900 omnibus
1414 1843 1728 1896 meditatur.
1759 1837 1918 1893 Pater
1948 1825 2069 1905 ejus

481 1943 576 2013 qui
625 1942 774 1996 mltis
837 1939 1058 2006 erat,in
1106 1939 1347 1993 furorem
1414 1935 1815 1990 intolerabilem
1853 1932 2065 1988 incidit.

485 2035 577 2090 Sic
609 2042 790 2089 autem
839 2048 1004 2100 parva
1047 2032 1188 2085 mala
1234 2029 1588 2100 operabatur,
1629 2026 1851 2096 quando
1892 2023 2068 2079 Alexii

484 2124 839 2194 imperatoris
873 2124 1108 2178 salutem
1159 2121 1518 2191 praetexebat,
1561 2133 1660 2188 pro
1697 2118 1815 2172 suis
1859 2130 2070 2186 proque

482 2230 657 2286 puero
696 2213 905 2269 Joanne
951 2213 1188 2283 satagit;
1245 2222 1407 2281 atque
1458 2213 1512 2264 in
1571 2218 1683 2264 tam
1737 2209 1902 2263 altam
1971 2221 2071 2262 co-

482 2308 730 2362 lumnam
775 2305 952 2360 erexit
1001 2305 1278 2369 furorem,
1330 2313 1387 2356 nt
1425 2302 1666 2356 Joannes
1722 2302 1838 2370 ipse
1890 2301 2072 2370 suspi-

483 2399 642 2454 ciens
676 2399 947 2468 vertigiue
987 2398 1076 2452 die
1111 2396 1349 2467 quadam
1404 2394 1570 2450 luerit
1601 2402 1913 2464 correptus.
1962 2391 2072 2448 Re-

483 2491 690 2548 velavit
738 2506 873 2562 ergo
912 2492 1006 2546 ille
1052 2492 1171 2559 ipse
1217 2489 1456 2559 quadam
1507 2487 1596 2542 die
1632 2486 1773 2557 patri
1823 2486 2070 2541 dolorem

485 2586 690 2640 mentis
731 2599 884 2647 suae,
933 2582 1344 2650 declaravitque
1377 2595 1438 2635 se
1487 2595 1585 2648 pro
1625 2578 1809 2634 futuro
1853 2580 2072 2642 timere,

485 2679 556 2732 de
577 2677 781 2746 quibus
800 2691 948 2731 nunc
977 2676 1032 2730 in
1096 2689 1292 2745 magna
1323 2671 1518 2726 ﬁducia
1547 2679 1864 2727 versaretur
1887 2680 2072 2740 pater;

489 2769 750 2836 lugetque
797 2766 1057 2831 mollius,
1101 2780 1205 2819 nec
1247 2775 1411 2819 vexat
1450 2772 1661 2834 patrem
1715 2771 1774 2816 ut
1821 2761 1873 2814 in
1919 2759 2076 2813 malis

486 2857 724 2911 viriliter
740 2865 864 2928 agat
889 2856 1271 2926 terribiliaque
1293 2854 1522 2910 consilia
1545 2867 1730 2908 secum
1759 2849 2073 2905 meditetur.

488 2949 734 3019 ideoque
788 2963 922 3002 voce
977 2947 1301 3019 prOphetica
1366 2945 1472 3000 hoc
1536 2945 1829 3015 pulchrum
1887 2941 2074 2997 consi-

489 3040 628 3094 lium
679 3040 958 3110 aperiens,
993 3039 1256 3095 mulieres
1301 3053 1367 3093 ac
1419 3037 1563 3092 ﬁlios
1607 3035 1922 3106 compellat,
1957 3049 2076 3088 am-

488 3133 733 3203 plectens
759 3147 983 3203 quoque
1014 3133 1192 3202 ipsum
1224 3132 1565 3196 Mauuelem,
1594 3129 1794 3184 deinde
1826 3144 1948 3184 cum
1978 3128 2077 3180 im-

2167 650 2522 714 είσοικίζεται
2574 650 2672 720 τὴν
2723 649 2870 716 αὐτῷ
2919 649 3186 717 μνηστήν,
3219 647 3263 701 ὣ
3293 650 3384 700 καὶ
3416 649 3629 701 ἐκείνου
3655 667 3750 702 κα-

2167 743 2264 796 κοῦ
2295 745 2514 797 νεάνιδα.
2571 743 2872 811 θυγατέρα,
2933 741 3028 793 τοῦ
3082 744 3182 806 τῆς
3221 739 3504 809 Φραγγίις
3553 741 3748 810 ῥηγλς.

2164 835 2434 888 ὀκνοῦσαν
2467 836 2591 904 μὲν,
2634 837 2710 898 ὡς
2770 835 3116 904 περιᾲδεται,
3156 833 3257 904 τήν
3295 837 3563 903 συναφὴν.
3607 833 3745 900 ’Ἤδη

2165 928 2276 993 γὰρ
2310 928 2404 979 καὶ
2445 927 2660 996 φρενῶν
2693 927 3111 995 ὑπεπίμπλατοο
3146 927 3244 978 καὶ
3275 924 3659 994 πεπειραμένη
3691 923 3748 975 δε

2167 1017 2347 1081 ἄλλως
2396 1019 2675 1090 λειότητος
2731 1019 2966 1088 ἐραστοῦ
3022 1018 3109 1070 τὸν
3164 1017 3370 1086 τραχὺν
3416 1017 3746 1082 ἀπέστεργε.

2168 1110 2277 1162 Καί
2319 1127 2470 1176 ποτε,
2501 1112 2657 1176 φασὶ,
2691 1111 2814 1166 καθ’
2845 1110 3048 1173 ὕπνους
3081 1109 3470 1176 φαντασαμένη
3509 1108 3600 1160 τθιν
3627 1125 3753 1158 νεα-

2167 1201 2310 1263 νίαν,
2343 1201 2462 1266 καὶ,
2492 1197 2564 1254 Ὠ
2610 1201 2846 1267 Ἀλέξιε,
2873 1201 3261 1272 ἀνακράξασα,
3288 1193 3376 1254 οἷα
3407 1197 3634 1264 ἔπαθεν,
3665 1192 3747 1250 οἷο

2167 1292 2258 1344 δεν
2290 1293 2455 1360 αὐτή.

2215 1390 2350 1455 ⁵μεθ.
2398 1388 2506 1439 Kal
2532 1382 2602 1456 ἦν
2639 1387 2738 1456 μὲν
2769 1387 2903 1449 ἴσως
2946 1387 3168 1456 μέτριος
3205 1385 3305 1456 τὴν
3331 1385 3554 1449 κακίαν,
3589 1384 3750 1451 εἴπερ

2168 1478 2407 1534 ἐνταῦθα
2434 1479 2608 1533 ἐλθὼν
2638 1479 2998 1548 ἀδικήματος.
3028 1479 3188 1547 ἔληξε
3217 1479 3309 1530 καὶ
3333 1478 3578 1548 ἐστράφη
3611 1478 3751 1549 πρὸς

2167 1572 2262 1626 τὸν
2293 1573 2514 1642 ἀληθῶς
2551 1572 2866 1643 ἄνθρωπον,
2901 1573 3175 1642 ἀδικήσας
3206 1574 3287 1635 εἰς
3320 1572 3622 1640 βασιλείαν,
3655 1573 3754 1624 καὶ

2173 1666 2415 1734 μεγάλου
2466 1665 2648 1736 τυχὼν
2681 1666 3030 1735 πράγματοςο
3068 1667 3094 1718 ὁ
3122 1665 3168 1718 δ’
3218 1665 3358 1720 ἀλλὰ
3386 1666 3524 1736 πρὸς
3553 1665 3750 1726 δεινὸν,

2175 1759 2319 1828 μέγα
2359 1758 2768 1825 μεταπλασθελς
2818 1761 2885 1828 τῇ
2932 1758 3221 1830 θηριωδίᾳ,
3251 1758 3312 1810 τὸ
3351 1759 3496 1813 κατά
3530 1760 3753 1811 πάντων

2172 1850 2408 1919 φοϐερθν
2463 1851 2944 1919 πραγματεύεται.
2999 1850 3112 1902 Καὶ
3168 1849 3364 1919 ἀφίησι
3407 1849 3506 1918 μέν
3562 1849 3749 1918 πατὴρ

2171 1944 2249 2008 ὣς
2300 1946 2464 2013 ἤπιος
2503 1939 2686 2005 εἶναι,
2743 1942 3089 2009 ἀνθαιρεῖται
3141 1942 3199 1995 δὲ
3241 1941 3528 2012 μαίνεσθαι
3575 1939 3757 1997 οἷμκέτ’

2173 2037 2442 2098 ἀνεκτῶς.
2491 2035 2601 2088 Kal
2659 2035 2736 2089 ὡς
2792 2035 2951 2102 εῐπερ
2989 2034 3163 2103 μικρά
3225 2033 3402 2086 ἐποίει
3452 2032 3622 2097 κακὰ,
3664 2033 3758 2086 ὅτε

2172 2127 2448 2196 πρόφασιν
2481 2122 2595 2194 εἶχε
2629 2125 2728 2194 τὴν
2754 2124 2849 2178 τοῦ
2884 2125 3150 2193 βασιλέως
3193 2123 3430 2177 Ἀλεξίου
3463 2110 3763 2194 περιποίήο

2177 2235 2287 2284 σιν,
2327 2217 2798 2282 πολλαπλασιάζει
2835 2217 2904 2269 τά
2939 2216 3079 2286 ὑπὲρ
3114 2217 3309 2270 ἐαυτοῦ
3348 2218 3444 2270 καὶ
3489 2217 3588 2270 τοῦ
3626 2234 3762 2272 παι-

2172 2310 2260 2374 δδς
2302 2311 2575 2364 Ἰωάννου·
2607 2313 2705 2365 καὶ
2738 2311 2818 2371 είς
2850 2309 3023 2371 οὕτως
3052 2309 3301 2363 ἄποπτον
3325 2312 3631 2380 ἐκκορυφοί
3663 2311 3760 2364 τδν

2173 2408 2273 2475 τῆς
2321 2407 2520 2476 μανίας
2551 2407 2810 2471 κολωνόν,
2855 2406 2932 2471 ὡς
2975 2408 3070 2460 καὶ
3110 2407 3203 2459 τδν
3241 2407 3496 2476 Ἰωάννην
3527 2407 3764 2462 ἀναϐλέ-

2173 2498 2356 2566 ψαντά
2390 2514 2523 2551 ποτε
2562 2499 2757 2551 παθεῖν
2787 2497 3018 2565 ἴλιγγον.
3059 2498 3167 2550 Kal
3201 2496 3380 2550 τοίνυν
3412 2497 3508 2550 καὶ
3557 2497 3765 2552 ἀνεκά-

2174 2590 2312 2659 λυψέ
2343 2608 2474 2644 ποτε
2516 2590 2593 2659 τῷ
2647 2591 2818 2660 πατρὶ
2879 2591 2976 2644 καὶ
3031 2591 3242 2651 ἐκεῖνος
3289 2589 3351 2643 τὸ
3401 2590 3544 2645 κατά
3571 2591 3760 2660 ψυχὴν

2178 2683 2376 2745 πάθος,
2422 2683 2518 2736 καὶ
2542 2682 2713 2748 ἔδειξε
2744 2683 2908 2749 φόῆον
2934 2683 3080 2752 ἔχειν
3109 2685 3188 2746 είς
3221 2683 3280 2736 τὸ
3317 2683 3535 2753 μέλλον,
3559 2683 3648 2752 ἐφ’
3677 2680 3767 2744 οἷς

2185 2778 2213 2829 ό
2247 2778 2432 2846 πατὴρ
2466 2775 2594 2846 ἄρτι
2633 2775 2986 2840 θρασύνεται.
3027 2776 3138 2828 Kal
3165 2774 3457 2828 ὑποκλαίει
3492 2776 3591 2845 μὲν
3627 2776 3767 2845 μαλ-

2179 2867 2494 2937 θακώτερον
2523 2907 2536 2930 ,
2584 2869 2685 2920 οὐκ
2737 2868 3028 2921 ἀποκναίει
3069 2867 3125 2921 δέ
3171 2867 3264 2920 τὸν
3305 2867 3520 2940 πατέρα
3554 2867 3650 2922 τοῦ
3700 2870 3766 2922 ἐν

2177 2962 2373 3024 κακοῖς
2422 2960 2774 3029 ἀνδρίζεσθαι
2821 2961 2914 3012 καὶ
2951 2959 3100 3012 δεινὰ
3145 2958 3460 3030 βούλεσθαι.
3520 2959 3612 3013 Διὸ
3667 2961 3765 3014 καὶ

2181 3054 2592 3124 προαναφωνῶν
2622 3055 2682 3106 τὸ
2715 3053 2882 3105 καλὸν
2909 3055 3120 3116 ἐκείνος
3157 3052 3455 3122 βούλευμα.
3489 3053 3762 3121 γυναῖκάς

2178 3162 2234 3197 τε
2267 3148 2394 3208 τοὺς
2430 3148 2581 3210 υῗοὺς
2623 3146 2898 3216 προσέφη,
2931 3145 3235 3212 ἐπιπλέξαις
3277 3143 3517 3198 ἐνταῦθα
3545 3145 3642 3199 καὶ
3670 3146 3766 3197 τὶν

490 3227 806 3296 precatione
847 3226 1137 3295 promittit,
1172 3238 1243 3279 ne
1285 3231 1476 3293 postea
1517 3223 1671 3278 locus
1711 3223 1873 3277 detur
1904 3219 2076 3274 ambi-

2181 3235 2462 3306 Μανουήλ⁶
2501 3239 2595 3290 καὶ
2647 3239 2925 3307 ἐπαρᾶται
2963 3238 3036 3308 μὴ
3061 3236 3126 3290 ἂν
3161 3238 3242 3301 είς
3279 3237 3429 3304 ἀξιον
3460 3236 3634 3290 ἐλθεῖν
3667 3237 3764 3289 τοῦ

492 3317 624 3374 tioni
658 3335 672 3384 ;
707 3317 832 3372 illos
877 3318 1026 3373 solos
1099 3316 1316 3372 futuros
1377 3331 1502 3372 esse
1553 3329 1808 3384 magnos,
1858 3323 2077 3368 mortuo

495 3420 690 3477 patre;
755 3410 1242 3479 pastinatoresque
1293 3409 1400 3479 (ut
1461 3408 1746 3478 sicutipse
1811 3402 2072 3476 loquar),

492 3502 774 3571 pistores,
841 3501 1238 3573 unguentarios
1313 3509 1478 3570 atque
1541 3498 1855 3568 hujusmodi
1913 3513 2082 3564 gene-

491 3595 571 3650 ris
594 3595 953 3649 dimissurum
985 3607 1044 3648 se
1073 3607 1195 3649 esse
1237 3593 1564 3661 jactitabat,
1592 3605 1732 3660 quos
1775 3590 1881 3660 ipsi
1927 3589 2082 3644 dein-

495 3707 627 3760 ceps
663 3689 1008 3759 imperaturi,
1041 3705 1192 3743 nunc
1227 3687 1366 3742 forte
1403 3689 1630 3754 timent;
1666 3687 1821 3741 valde
1853 3686 2081 3739 extolle-

494 3784 589 3838 bat
619 3781 746 3835 ﬁliis
787 3778 1108 3849 dignitatem
1145 3779 1518 3849 imperatoris,
1545 3789 1602 3832 ut
1634 3777 1896 3832 libentius
1929 3775 2081 3844 parvi

497 3878 857 3944 imperatores
875 3872 1090 3937 ﬁerent,
1119 3873 1277 3943 quasi
1310 3871 1588 3941 gigantum
1616 3885 1782 3941 regno
1810 3869 2078 3938 spolians,

495 3967 773 4023 consolari
837 3965 1127 4033 voluisset,
1189 3964 1484 4036 imperium
1541 3964 1920 4036 Pygmaeorum
1967 3961 2078 4015 illis

499 4063 850 4132 promittens.

566 4247 657 4304 46.
681 4247 770 4303 Fit
799 4259 932 4319 ergo
962 4245 1131 4301 homo
1151 4241 1273 4313 plus
1305 4256 1470 4313 quam
1494 4237 1853 4304 inhumanus,
1879 4251 1945 4292 ex
1971 4251 2082 4306 quo

501 4342 675 4397 feram
737 4339 937 4395 induit.
1008 4337 1322 4394 Conventus
1369 4335 1460 4406 qui
1518 4333 1673 4388 illum
1740 4345 1847 4386 non
1918 4329 2080 4399 juva-

499 4436 632 4489 bant
691 4432 756 4488 ad
808 4430 1135 4487 ﬁrmandum
1185 4430 1503 4499 imperium,
1545 4424 1634 4481 ubi
1683 4432 1764 4479 tot
1837 4432 1892 4478 et
1943 4423 2079 4477 tales

498 4527 721 4598 quidem
776 4526 1085 4581 adducebat
1123 4539 1327 4593 eosque
1361 4521 1658 4594 plurimos,
1687 4521 1830 4576 alios
1871 4533 2002 4574 vero
2051 4534 2082 4574 e

502 4621 680 4676 medio
720 4619 829 4675 alio
881 4617 1289 4683 transferebat,
1339 4617 1778 4684 innumerosque
1813 4613 1955 4668 alios
2001 4613 2082 4667 sic

503 4711 852 4780 projiciebat,
885 4709 1187 4765 ordinatim
1245 4705 1795 4777 comprehendendo,
1857 4719 1968 4758 non
2016 4702 2086 4756 ob

504 4808 667 4858 talem
713 4818 964 4867 causam,
999 4802 1094 4858 sed
1174 4810 1464 4872 propterea
1497 4800 1642 4871 quod
1678 4799 1753 4853 illi
1790 4799 2090 4869 placuisset

503 4897 655 4966 ipsos
715 4896 922 4962 vivere,
966 4897 1086 4963 ipse
1126 4897 1282 4952 solus
1334 4895 1502 4949 homo
1553 4895 1828 4949 exsistere
1874 4895 2092 4951 deside-

505 5005 656 5053 rans,
677 4998 900 5059 pr0pter
920 4989 1261 5058 suspiciones
1293 4988 1465 5044 malas
1503 5000 1715 5043 natura:
1743 4989 1848 5043 alte
1871 4988 2089 5054 insitas,

504 5081 706 5150 quibus
743 5079 966 5134 dolosus
1000 5095 1213 5150 semper
1267 5080 1445 5137 fuerat
1505 5082 1560 5136 in
1614 5082 1735 5138 illos
1795 5082 1889 5152 qui
1925 5095 2092 5150 supra

507 5189 566 5227 se
600 5182 796 5238 erant;
843 5172 987 5227 unde
1015 5188 1207 5227 omnes
1246 5174 1610 5244 imperatores
1642 5188 1829 5230 secum
1864 5189 2092 5244 compa-

510 5262 683 5319 rando
705 5262 1009 5330 judicabat.
1043 5261 1151 5318 Nec
1174 5263 1301 5317 dico
1331 5263 1737 5318 multitudinem
1768 5278 1961 5320 eorum
1997 5263 2092 5332 qui

510 5354 661 5426 passi
693 5361 842 5419 sunt;
878 5369 984 5407 non
1021 5353 1087 5409 de
1113 5355 1342 5425 singulis
1361 5355 1557 5420 refero;
1585 5371 1691 5410 non
1724 5370 1938 5426 expono
1957 5370 2096 5424 quas

511 5452 703 5499 contra
734 5443 859 5498 illos
890 5444 1329 5500 machinationes
1352 5454 1719 5516 conceperat;
1770 5461 1871 5501 nec
1906 5447 2097 5501 modos

513 5550 617 5590 nec
650 5535 767 5588 loca
814 5535 996 5589 refero
1040 5535 1197 5605 juxta
1241 5552 1363 5607 quae
1412 5553 1475 5592 ac
1508 5539 1784 5606 quomodo
1823 5547 2092 5592 tentatum

520 5627 683 5682 fuerit
734 5629 964 5693 malum,
1008 5630 1144 5684 nihil
1191 5631 1508 5700 linjusmodi
1543 5632 1804 5702 amplius,
1839 5647 1908 5686 ne
1935 5631 2099 5686 ιαεάἰο

522 5719 818 5776 fastidiam.
843 5720 974 5775 Illud
1031 5737 1201 5776 unum
1245 5723 1392 5785 dico.
1428 5737 1554 5777 eum
1614 5723 1944 5779 excelluissc
2003 5739 2098 5779 ve—

524 5826 646 5865 rum
697 5811 933 5866 dicendo
986 5811 1055 5867 de
1093 5813 1559 5883 promissiouibus
1609 5814 1736 5869 ﬁliis
1764 5815 1932 5870 datis.
1980 5813 2098 5870 Non

528 5903 674 5961 enim
707 5905 877 5961 multo
904 5915 1025 5976 post
1067 5921 1259 5976 parum
1291 5906 1467 5962 abluit
1511 5907 1644 5979 quin
1684 5907 1964 5979 praeclaris
1998 5907 2100 5963 bo-

2182 3330 2355 3398 ήσυχῆ
2391 3329 2606 3399 ζήσειν,
2660 3331 2987 3401 μεγαλείους
3044 3331 3242 3400 μόνους
3286 3329 3530 3394 ἐκείνους
3572 3331 3768 3398 ἐσομέ-

2181 3440 2330 3486 νους,
2369 3424 2508 3476 ἐπὰν
2546 3426 2573 3476 ὁ
2608 3425 2791 3494 πατὴρ
2831 3424 3006 3478 θάνοι.
3047 3425 3158 3477 Kal
3201 3423 3506 3493 κομπάζει,
3549 3423 3766 3492 μάκελ-

2181 3513 2407 3582 λαρίους
2450 3517 2648 3581 (εἰπεῖν
2710 3516 2834 3569 κατ’
2887 3517 3118 3586 ἐκεῖνον)
3170 3517 3266 3570 καὶ
3326 3515 3611 3586 μάγγιπας
3665 3517 3767 3570 καὶ

2187 3613 2375 3680 μόρων
2436 3611 2644 3679 ἐψητάς
2708 3611 2926 3678 μέλλειν
2987 3611 3222 3680 ἀφήσειν
3291 3612 3602 3680 περιεῖναι,
3663 3612 3768 3664 καὶ

2182 3703 2425 3756 τοιούσδε
2458 3704 2610 3766 τινὰς
2633 3745 2648 3768 ,
2685 3699 2762 3758 ὧν
2816 3705 2973 3757 αὐτοὶ
3039 3703 3303 3773 ἄρξοντες
3357 3701 3604 3770 ὕστερον,
3638 3703 3767 3774 εἰκῆ

2182 3795 2308 3865 ἄρτι
2343 3793 2698 3848 δειλαίνονται
2726 3809 2740 3823 ⁸
2799 3795 3012 3864 μεγάλα
3072 3793 3353 3864 σεμνύνων
3394 3795 3603 3855 ἐκεῖνος
3654 3794 3762 3862 τὴν

2185 3885 2464 3956 βασιλείαν
2497 3889 2613 3950 τοῖς
2647 3888 2866 3954 παισὶν,
2897 3888 2946 3940 εί
2983 3887 3136 3960 ⁴οὓτω
3167 3884 3583 3956 μικροϐασιλείς
3624 3886 3768 3938 ἀπο-

2185 3979 2471 4048 ϐήσονται,
2517 3982 2708 4050 ὅμοιον
2760 3980 2835 4044 ὡς
2879 3981 2927 4034 εἰ
2979 3979 3074 4033 καὶ
3108 3979 3385 4048 γιγάντων
3437 3979 3767 4047 ἀποστερῶν

2183 4071 2359 4126 ἐθέλοι
2394 4071 2870 4144 παραμυθεῖσθαι,
2904 4066 2985 4137 οἷς
3022 4072 3324 4142 Πυγμαίων
3352 4071 3541 4142 ἄρξειν
3565 4071 3770 4136 attat;

2182 4163 2495 4234 ὑπόσχοιτο.

2260 4254 2380 4324 μς’.
2419 4257 2634 4309 Γίνεται
2659 4255 2754 4310 οὖν
2787 4256 2815 4310 ὁ
2844 4253 3136 4326 ἄνθρωπος
3160 4255 3253 4309 ἐπὶ
3282 4253 3446 4311 πλέον
3471 4255 3770 4327 ἀπάνθρω-

2189 4364 2310 4412 πος,
2337 4346 2428 4400 τδν
2456 4347 2602 4417 θῆρα
2639 4346 3132 4416 μετενδυσάμενος.
3172 4349 3282 4403 Kal
3323 4343 3412 4401 οἷα
3455 4347 3529 4419 μὴ
3562 4347 3771 4418 ἀρκοῦν

2186 4439 2337 4509 αὐτῷ
2373 4439 2681 4509 στερεῶσαι
2723 4437 3028 4508 βασιλείαν,
3057 4441 3107 4493 εί
3139 4439 3435 4503 τοσούτους
3458 4439 3554 4495 καὶ⁵
3590 4440 3771 4492 τοιού-

2114 4563 2160 4621 D
2187 4547 2313 4593 τους
2349 4529 2608 4598 λογάδας,
2640 4529 2769 4594 τοὺς
2805 4530 2903 4600 μὲν
2926 4531 3216 4600 ἀπήγαγεν
3243 4533 3322 4594 είς
3342 4532 3469 4594 τοὺς
3492 4530 3770 4598 πλείονας,

2191 4625 2316 4688 τοὺς
2352 4625 2397 4676 δ’
2426 4623 2604 4686 ἄλλως
2634 4625 2700 4677 ἐκ
2732 4625 2902 4693 μέσου
2933 4623 3153 4694 ἔστησε,
3185 4622 3775 4694 προσεπικαταϐόιλλει

2190 4715 2284 4769 καὶ
2310 4714 2507 4776 ἄλλους
2537 4713 2764 4786 μυρίους
2794 4713 2975 4778 ὅσους,
3012 4713 3281 4784 μάρπτων
3311 4710 3515 4782 ἑξείης,
3545 4711 3606 4765 οὒ
3628 4712 3778 4765 κατὰ

2191 4807 2374 4860 αἰτίαν
2409 4805 2599 4874 οὖσαν,
2653 4805 2774 4859 ἀλλ’
2808 4806 3000 4867 ὁποίας
3061 4805 3320 4860 πλάσαιτ⁹
3362 4806 3431 4860 ἀν
3465 4805 3606 4858 κατά
3637 4803 3778 4866 ζὼν-

2191 4915 2322 4962 των,
2373 4895 2662 4964 ἄνθρωπος
2693 4896 2854 4958 αὐτὸς
2913 4896 3074 4966 μόνος
3129 4896 3416 4966 ἐφιέμενος
3453 4895 3554 4966 ζῇν
3599 4895 3688 4949 διά
3714 4896 3778 4948 τὸ

2195 4988 2357 5059 φύσει
2387 4986 2765 5058 καχύποπτον,
2798 4986 2827 5040 ὃ
2868 4988 3083 5056 παγίως
3117 4987 3267 5057 αὐτῷ
3311 4985 3658 5057 ἐνερῤίζωτο,
3692 4981 3780 5050 οἷς

2195 5080 2335 5149 αὑτὴ
2390 5081 2478 5134 ἀεὶ
2511 5079 2716 5133 ἐδολίου
2767 5078 2908 5133 κατά
2959 5078 3067 5133 τῶν
3106 5079 3214 5149 πρὸ
3248 5077 3442 5132 αὐτοῦ’
3485 5078 3609 5132 ὅθεν
3639 5076 3782 5148 ᾤετο

2198 5174 2408 5235 πάντας
2439 5171 2682 5242 βασιλεῖς
2716 5170 2842 5224 κατ’
2874 5169 3063 5226 αὐτόν.
3096 5171 3209 5224 Kal
3257 5170 3316 5222 οὐ
3352 5170 3501 5238 λέγω
3547 5169 3612 5222 τδ
3639 5167 3784 5240 πλῆ⁴

2198 5264 2288 5327 θος
2320 5263 2427 5318 τῶν
2479 5264 2853 5317 πεπονθότων·
2894 5261 2957 5314 οὐ
2993 5263 3386 5334 προσάπτομαι
3436 5263 3535 5330 τῆς
3563 5261 3784 5331 ποιότη-

2197 5373 2311 5419 τος·
2353 5355 2455 5408 οὐκ
2497 5354 2788 5425 ἐκτίθεμαι
2823 5353 2890 5406 τά
2919 5353 3043 5405 κατ’
3083 5351 3309 5406 ἐκείνων
3337 5351 3779 5422 συμπλάσματα·

2198 5451 2262 5501 οὐ
2308 5448 2684 5519 περιηγοῦμαι
2739 5449 2980 5518 τρόπους
3015 5448 3048 5518 ἢ
3083 5448 3305 5513 τόπους,
3362 5446 3489 5502 καθ’
3535 5446 3629 5510 οὒς
3683 5449 3786 5502 xal

2201 5538 2351 5599 ὅπως
2388 5537 2690 5607 περανθείη
2718 5537 2780 5589 τὸ
2817 5535 3008 5594 κακόν·
3035 5537 3136 5589 οὐκ
3162 5536 3292 5591 ἄλλο
3319 5537 3562 5590 τοιοῦτον
3596 5535 3777 5590 οὐδέν·

2207 5629 2281 5700 μὴ
2316 5628 2411 5683 καὶ
2455 5627 2650 5699 ἀηδίας
2687 5627 3014 5698 ἀνα-ταράξω
3047 5628 3333 5699 βόρϐορον.
3377 5628 3588 5681 Ἐκεῖνο
3615 5627 3784 5696 μόνον

2201 5720 2368 5788 λέγω,
2416 5718 2492 5782 ὡς
2538 5717 2830 5788 ὴρίστευεν
2890 5718 3174 5789 ἀληθεύων
3218 5721 3314 5774 ἐπὶ
3363 5722 3430 5790 τῇ
3462 5721 3600 5790 πρὸς
3649 5721 3784 5783 τοὺς

2204 5815 2354 5876 υἱοὺς
2395 5811 2706 5882 ὑποσχέσει.
2741 5811 2814 5865 Οὐ
2875 5809 3074 5864 πολλοῦ
3105 5812 3216 5880 γὰρ
3265 5811 3484 5864 ἐνέλιπε
3538 5809 3774 5880 ψιλῶσαι

2208 5905 2514 5978 ἀνθρώπων
2549 5903 2813 5984 ἐπιδόξων
2866 5903 2967 5975 τὴν
3017 5901 3423 5973 Μεγαλόωλιν.
3480 5902 3781 5982 Καζοῦτω
