4084 6454
442 441 464 475 κ

433 441 510 504 -55
1114 438 1536 501 EUSTATHII
1575 436 2020 498 THESSALON
2037 436 2343 498 ICENSIS
2384 434 2952 496 METROPOLlTrE

3629 431 3698 498 56

511 553 602 608 49.
680 550 912 607 Maxime
971 551 1245 620 ejusntodi
1316 550 1525 621 plebem
1585 557 1848 619 expertus
1914 547 2018 602 fuit

2195 548 2302 617 μθ’.
2338 547 2588 622 Μάλιστα
2627 546 2684 598 δὲ
2725 562 2970 598 τοιουτου
3020 543 3288 616 ἐπειράθη
3342 544 3503 616 ὄχλου
3533 547 3561 600 ὁ
3589 547 3703 601 τῶν

444 659 542 699 seu
579 658 674 698 rex
707 659 800 698 seu
834 651 1102 712 tyrannus
1127 641 1348 706 Siciliae,
1373 641 1520 695 sicut
1549 639 1795 711 Dionysii
1835 641 1926 708 qui
1957 641 2012 693 in

442 734 666 790 historia
727 743 1136 800 memorantur,
1169 741 1332 802 atque
1366 731 1688 788 Plialarides
1723 771 1738 795 ,
1815 731 2016 802 aliique

441 826 623 894 multi,
655 841 884 896 quorum
924 841 1150 894 regnum
1189 826 1530 895 tyrannieum
1557 835 1610 878 et
1642 831 1840 878 eratet
1868 823 2016 878 dice—

439 919 622 975 batur.
657 918 734 973 lbi
780 919 870 988 qui
915 919 1124 988 primus
1155 932 1250 988 per
1283 918 1386 970 vim
1427 925 1768 987 regnaverat,
1813 926 1867 972 et
1916 931 2019 970 no-

439 1023 563 1063 men
603 1006 908 1062 Romanum
965 1007 1187 1063 comitis
1236 1008 1289 1062 in
1325 994 1523 1062 nomen
1577 1008 1721 1077 regis
1771 1022 2017 1062 commu-

439 1113 670 1168 tarerat,
700 1101 973 1173 Bogerius
1002 1113 1143 1168 erat,
1185 1103 1269 1156 vir
1302 1102 1474 1167 celer,
1510 1118 1574 1158 ac
1605 1104 1844 1158 maxime
1872 1114 2015 1158 stre.

438 1208 548 1248 nue
577 1209 767 1264 agens,
809 1195 1063 1263 ittterque
1096 1195 1298 1249 mullos
1329 1194 1467 1248 alios
1499 1195 1740 1248 maxime
1770 1194 1917 1262 loqui
1947 1192 2018 1247 de

438 1299 498 1338 sc
544 1284 698 1344 dedit
737 1284 1128 1354 scriptoribus.
1173 1285 1464 1340 Secundus
1518 1300 1644 1340 vero
1693 1295 1818 1355 post
1861 1286 2014 1339 illum

441 1387 722 1445 tempore,
775 1390 940 1430 manu
992 1390 1055 1432 ac
1112 1374 1352 1438 fortuna,
1402 1377 1548 1433 filius
1603 1378 1786 1441 illius,
1827 1379 2014 1432 nescio

437 1465 718 1535 quomodo
749 1467 822 1521 sit
869 1465 1266 1534 appellandus;
1309 1467 1396 1520 hic
1436 1466 1616 1520 adhuc
1659 1468 1848 1522 vivens
1880 1466 2017 1535 (Gu-

441 1555 680 1610 Iielmum
699 1569 822 1610 eum
847 1554 1082 1624 dicunt),
1111 1555 1190 1610 vir
1211 1569 1437 1624 magnus
1472 1554 1739 1624 consiliis,
1768 1555 1861 1610 sed
1889 1571 2016 1625 par-

440 1663 543 1703 vus
575 1646 952 1711 exsecutione,
983 1649 1183 1717 quippe
1206 1647 1296 1716 qui
1331 1661 1501 1715 pauca
1533 1647 1725 1713 gessit,
1753 1657 2018 1719 perpetuo

443 1753 578 1800 usus
603 1738 908 1794 infortunio
933 1748 1012 1803 et,
1053 1739 1198 1794 sicut
1229 1738 1540 1792 observavit
1567 1737 1912 1803 Aristoteles,
1960 1738 2015 1791 in

440 1829 722 1899 plerisque
755 1828 932 1882 tertiis
966 1827 1416 1897 generationibus
1452 1837 1815 1897 tyrannorum
1859 1827 2017 1882 fami-

435 1919 566 1974 liam
596 1920 833 1990 primum
869 1917 1081 1983 florere,
1125 1919 1320 1978 deinde
1354 1934 1729 1978 emarccseere
1754 1919 2016 1989 frequens

438 2011 772 2082 experientia
831 2010 1256 2066 demonstravit.
1315 2011 1415 2066 llic
1474 2026 1642 2075 vero,
1693 2027 1820 2066 cum
1881 2012 2018 2066 bene

450 2104 679 2158 sortitus
714 2103 785 2156 sit
820 2103 948 2168 sibi,
983 2101 1124 2156 forte
1152 2102 1414 2158 credebat
1447 2103 1561 2158 fore
1603 2111 1661 2164 ut
1705 2119 1811 2158 non
1840 2103 2016 2157 solum

446 2210 557 2252 non
591 2202 921 2255 marcescat,
976 2193 1104 2255 licet
1143 2195 1342 2248 tertius
1391 2196 1771 2264 generatione,
1822 2195 1916 2249 sed
1963 2210 2020 2250 e-

437 2290 571 2341 tiam
614 2286 848 2346 fructum
903 2283 1126 2341 referat.
1158 2283 1393 2340 Omnino
1427 2288 1571 2340 enim
1610 2285 1662 2340 in
1705 2285 1859 2340 nobis
1883 2285 2020 2339 bene

446 2375 764 2432 fortunatus
792 2376 917 2430 luit.

511 2468 601 2524 50.
641 2465 949 2524 Gulielmus
990 2483 1123 2536 ergo
1159 2467 1256 2520 ille
1279 2467 1489 2534 odium,
1529 2475 1684 2536 puto,
1716 2466 2014 2534 nutriebat,

439 2561 585 2630 quod
631 2560 850 2615 Mauuel
909 2559 1216 2616 exercitum
1275 2575 1436 2615 suum
1457 2559 1696 2624 fuderat,
1747 2559 2018 2613 multum-

437 2670 546 2724 que
607 2662 862 2710 vexatum
922 2659 1326 2723 percusserat,
1377 2651 1541 2706 simul
1592 2666 1658 2706 ac
1725 2650 2018 2706 allectabat

439 2746 733 2817 antiquum
800 2747 1192 2816 patrimonium
1257 2745 1312 2800 in
1379 2745 1565 2801 littore
1611 2743 1780 2799 maris
1846 2744 2019 2799 situm

439 2855 610 2911 prope
646 2839 1189 2910 Constantinopolim
1211 2876 1227 2903 ,
1265 2836 1414 2908 quod
1474 2837 1858 2908 imperfectum
1893 2836 2022 2890 reli-

440 2941 641 3004 querat
692 2940 873 3004 pater.
928 2930 1106 2988 Simul
1146 2933 1316 3001 igitur
1351 2929 1720 2985 inflammatus
1752 2929 2018 2986 memoria

438 3026 707 3086 Manuelis
726 3025 820 3096 qui
841 3031 986 3086 terra
1009 3025 1254 3094 marique
1282 3024 1498 3082 Siculos
1524 3037 1812 3095 aggressus
1843 3022 2020 3078 fuerat

441 3122 764 3189 (utrumque
819 3117 964 3174 enim
1027 3131 1258 3172 exorsus
1325 3125 1496 3181 erat,»
1540 3131 1738 3185 magno
1795 3104 2060 3187 quidem-

2119 637 2356 694 Σικελῶν
2413 641 2522 694 εῐτε
2567 639 2689 710 {li-,5,
2743 639 2855 691 εῐτε
2893 638 3178 709 τύραννος,
3207 637 3281 701 ὡς
3334 639 3385 690 οἱ
3434 641 3703 692 Διονύσιοι

2119 733 2243 785 καθ’
2297 733 2542 801 ἱστορίαν
2600 731 2970 802 βεϐαιοῦνται,
3029 731 3124 784 καὶ
3154 733 3202 784 οί
3249 731 3572 800 Φαλάριδες,
3609 735 3703 786 καὶ

2116 825 2263 886 ὅσοις
2294 824 2352 876 δὲ
2381 824 2560 888 ἄλλοις
2591 826 2652 876 τὸ
2687 826 2803 877 ἐκεῖ
2831 822 3020 894 ἄρχειν
3055 825 3345 892 τυραννεῖν
3379 825 3473 876 καὶ
3506 818 3573 893 ἦν
3609 827 3704 876 καὶ

2118 917 2354 984 ἐλέγετο.
2390 917 2564 970 Ἔνθα
2606 918 2634 970 ὁ
2669 917 2883 988 πρῶτος
2932 916 3068 982 πρδς
3101 915 3224 985 βίαν
3277 913 3578 987 κατάρξας,
3609 918 3704 968 καὶ

2118 1009 2177 1062 τὸ
2220 1009 2532 1078 Ῥωμαϊκὸν
2564 1011 2742 1062 ἐκεῖνο
2791 1009 3100 1078 κομητάτον
3148 1010 3227 1070 είς
3265 1008 3504 1076 ρηγάτον
3539 1023 3706 1076 μετα-

2119 1099 2360 1170 γράψας,
2409 1099 2686 1169 Ῥογέριος
2742 1094 2834 1169 ἦν,
2883 1099 3086 1168 ῥέκτης
3142 1096 3304 1167 ἀνὴρ,
3337 1096 3536 1166 καὶτῷ
3585 1095 3704 1148 ὄντι

2117 1191 2467 1261 δραστήριος,
2496 1191 2592 1244 καὶ
2623 1191 2683 1243 ἐν
2707 1191 2822 1251 τοῖς
2849 1191 3028 1242 ἐκεῖσε
3059 1189 3257 1255 πολλὴν
3291 1187 3534 1258 ἱστορίαν
3559 1185 3701 1256 ὑπὲρ

2118 1282 2314 1337 ἑαυτοῦ
2357 1283 2772 1354 περικείμενος·
2804 1281 3060 1351 δεύτερος
3093 1281 3151 1334 δὲ
3203 1282 3319 1352 μετ’
3359 1282 3570 1334 ἐκεῖνον
3606 1279 3704 1333 καὶ

2119 1377 2298 1446 χρόνῳ
2326 1377 2420 1428 καὶ
2452 1374 2599 1444 χειρὶ
2631 1374 2726 1427 καὶ
2748 1373 2909 1444 τύχῃ,
2949 1375 3080 1436 παῖς
3111 1372 3170 1439 ἐξ
3205 1371 3437 1438 ἐκείνου,
3477 1371 3579 1424 οὐκ
3601 1367 3704 1424 οἶδ’

2119 1469 2267 1531 ὅπως
2292 1468 2444 1539 ἥκων
2473 1465 2567 1520 τοῦ
2603 1466 2968 1536 ὀνομάζεσθαι
2993 1482 3008 1497 ο
3043 1467 3071 1521 ὁ
3096 1463 3153 1518 δὲ
3180 1465 3308 1535 άρτι
3333 1463 3442 1526 ζῶν
3465 1461 3703 1534 (Γελίελ-

2123 1579 2222 1633 μον
2248 1561 2457 1614 ἐκεῖνόν
2487 1561 2699 1630 φασιν),
2733 1557 3180 1628 μεγαλεπήόολος
3227 1556 3328 1628 μὲν
3364 1555 3464 1628 τὴν
3492 1557 3702 1626 ἔφεσιν,

2123 1653 2512 1725 μικροτελετὴς
2545 1653 2601 1707 δὲ
2639 1654 2700 1705 ἐν
2731 1654 2853 1715 ταῖς
2887 1650 3190 1713 ἐπιϐολαῖς.
3237 1648 3427 1719 Ὀλίγα
3463 1650 3562 1719 μὲν
3593 1649 3708 1718 γάρ

2118 1764 2241 1800 τινα
2283 1744 2746 1815 ἠνδραγαθίσατο,
2786 1742 2855 1796 τὰ
2906 1743 3078 1796 πλείω
3109 1742 3166 1795 δὲ
3201 1742 3454 1796 ἔπταισε.
3490 1741 3602 1795 Καὶ
3628 1741 3704 1804 ὡς

2124 1840 2225 1908 μὲν
2253 1839 2396 1890 κατὰ
2419 1839 2519 1908 τὴν
2553 1837 2746 1906 σκέψιν
2792 1836 3198 1907 Ἀριστοτέλους
3227 1838 3307 1898 είς
3331 1833 3612 1904 τριγονίαν
3636 1833 3708 1886 τὰ

2124 1930 2295 1984 πολλὰ
2325 1931 2386 1983 τὸ
2441 1929 2764 2001 τυραννικὸν
2805 1928 2975 1998 φῦλον
3020 1928 3236 1991 ἀνθοῦν,
3277 1923 3394 1981 εἶτα
3449 1927 3710 1997 μαραίνε-

2120 2037 2233 2087 ται,
2289 2020 2486 2090 συχνὴν
2517 2022 2685 2089 πεῖρα
2732 2019 3075 2090 παρέδειξεν.
3123 2014 3290 2080 Οὗτος
3327 2019 3410 2084 δὲ,
3443 2013 3524 2079 οἷς
3578 2018 3710 2088 ἄρτι

2121 2113 2367 2182 εὐτυχῶς
2393 2113 2571 2183 ἐαυτῷ
2599 2112 2946 2175 ἐπέττευσεν,
2979 2111 3146 2164 οἴοιτο
3182 2112 3250 2165 ἂν
3283 2110 3426 2181 τάχα
3449 2110 3511 2163 ού
3545 2110 3712 2179 μόνον

2120 2206 2221 2258 οὐκ
2249 2203 2608 2274 ἀπανθήσειν,
2638 2205 2819 2274 τρίτος
2843 2201 2920 2256 ὢν
2949 2203 3110 2266 αὐτὸς
3139 2202 3216 2272 τῷ
3245 2204 3417 2271 γένει,
3453 2203 3588 2255 ἀλλὰ
3615 2205 3712 2256 καὶ

2123 2297 2404 2369 κάρπιμος
2430 2296 2674 2350 ἔσεσθαι.
2710 2297 2857 2350 Πάνυ
2887 2297 2995 2367 γὰρ
3024 2296 3181 2367 ἡμῶν
3207 2299 3635 2365 κατευτύχησεν.

2193 2487 2256 2534 ν’.
2306 2480 2365 2534 '0
2416 2479 2475 2538 at
2527 2479 2622 2533 οὖν
2677 2478 2971 2549 Γελίελμος
3015 2472 3171 2542 οὗτος
3207 2477 3366 2531 κότον
3412 2493 3494 2542 τε,
3526 2470 3712 2545 οἶμαι,

2120 2575 2362 2646 τρέφων,
2397 2568 2475 2635 οἷς
2504 2590 2634 2625 ποτε
2671 2573 2700 2624 ό
2726 2571 2987 2642 Μανουὴλ
3018 2570 3462 2640 κατεστράτευσε
3485 2569 3585 2640 τῆς
3611 2570 3715 2623 αύ-

2121 2669 2240 2734 τοῦ,
2273 2671 2368 2720 καὶ
2425 2666 2596 2720 πολλὰ
2633 2667 2729 2719 καὶ
2763 2663 3003 2734 ἐλύπησε
3048 2665 3142 2718 καὶ
3193 2664 3417 2732 ἔϐλαψε,
3446 2665 3542 2716 καὶ
3591 2662 3716 2733 ἅμα

2123 2763 2219 2816 καὶ
2247 2759 2426 2830 ζηλῶν
2457 2759 2732 2830 πατρικὴν
2769 2758 2858 2812 διὰ
2899 2756 3184 2827 Θαλάσσης
3224 2757 3404 2828 ὁρμήν
3428 2773 3573 2819 ,ποτε
3605 2773 3716 2809 πα-

2122 2853 2284 2907 λαιὰν
2315 2852 2460 2906 κατὰ
2507 2855 2605 2923 τῆς
2643 2850 3296 2914 Κωνσταντινουπόλεως,
3333 2849 3401 2920 ἢν
3447 2851 3474 2902 ὁ
3525 2851 3718 2921 πατὴρ

2122 2948 2384 3015 ἀνήνυτον
2434 2944 2744 3011 ἐξετέλεσεν
2767 2959 2781 2974 ·
2816 2941 2953 3013 ὁμοῦ
3001 2942 3056 2996 δὲ
3082 2945 3175 2997 καὶ
3210 2940 3456 3011 συνάψας
3485 2941 3564 3005 είς
3587 2941 3720 2995 νοῦν

2121 3039 2221 3110 τὴν
2250 3040 2346 3093 καὶ
2375 3037 2466 3092 διὰ
2492 3039 2595 3106 γῆς
2629 3039 2722 3090 καὶ
2772 3035 2865 3089 διὰ·
2894 3034 3167 3104 θαλάττης
3197 3033 3428 3105 μελέτην
3458 3033 3552 3086 τοῦ
3585 3034 3716 3087 Ma-

2123 3133 2286 3203 νουὴλ
2322 3131 2462 3186 κατὰ
2494 3131 2594 3202 τῆς
2628 3131 2738 3185 τῶν
2772 3130 3012 3183 Σικελῶν
3042 3129 3339 3198 (κατάμφω
3362 3127 3473 3198 γὰρ
3505 3127 3717 3192 ἐκεῖνος

442 3209 676 3278 consilio
701 3219 883 3281 capto,
909 3209 1126 3264 fortuna
1153 3223 1282 3264 vero
1313 3208 1438 3262 belli
1466 3209 1781 3279 ceciderat),
1834 3222 2019 3264 suscev

2125 3227 2474 3297 ἐπεχείρησε,
2527 3223 2677 3292 καλῷ
2721 3223 2823 3294 μὲν
2875 3221 3154 3276 ἐπιϐαλὼν
3193 3220 3506 3292 πράγματι,
3545 3238 3718 3275 κατα⁶

436 3303 518 3372 pit
557 3302 890 3371 legationem
944 3300 1248 3357 Andronici
1285 3300 1655 3366 inimicorum,
1685 3301 1883 3370 quibus
1914 3302 2015 3355 im-

436 3409 633 3466 perare
657 3392 1005 3464 gloriabatur
1027 3392 1258 3448 Alexius
1301 3393 1643 3458 Comuenus,
1677 3394 1768 3462 qui
1794 3408 2018 3462 quoque

438 3500 670 3556 peregre
732 3486 964 3542 multum
1013 3485 1344 3556 longumque
1403 3485 1606 3541 fecerat
1656 3486 1778 3540 iter.
1815 3483 2018 3538 Praeter

435 3580 580 3638 alios
624 3581 856 3649 populos
890 3577 1144 3649 regiones
1185 3575 1548 3630 Tauricorum
1582 3591 1644 3630 ac
1691 3576 2018 3646 Scytharum

435 3681 850 3742 peragraverat,
899 3669 1093 3723 multis
1143 3666 1428 3723 laboribus
1476 3675 1702 3737 propter
1739 3668 2019 3722 Androni-

436 3781 568 3822 cum
595 3763 863 3820 toleratis.
904 3760 1146 3824 Verbum
1208 3759 1420 3831 profert
1460 3761 1706 3826 Siculus,
1738 3761 2022 3832 copiisque

435 3862 560 3914 suis
587 3864 792 3914 terram
843 3868 1105 3923 mareque
1136 3852 1334 3922 replet,
1395 3854 1668 3924 quasique
1701 3853 1880 3908 nubes
1905 3855 2018 3923 jam

439 3949 736 4004 imminent
778 3946 1131 4017 Megalopoli,
1169 3958 1226 4001 et
1274 3961 1381 4016 qua
1420 3946 1762 4016 profundeus
1789 3956 2018 4001 mortem

438 4041 750 4097 Andronici
801 4041 1114 4100 exercitum
1165 4039 1561 4095 submersurus
1627 4050 1751 4105 est,
1815 4042 2020 4096 interea

441 4147 642 4204 magna
698 4140 988 4202 operante,
1063 4131 1320 4200 hancque
1394 4131 1595 4185 nubem
1657 4141 2023 4201 persequente

439 4226 633 4280 Alexio
691 4224 999 4279 Comneno.
1054 4222 1280 4278 Dicebat
1338 4224 1486 4278 enim
1551 4233 1716 4292 atque
1761 4223 2021 4279 credebat

442 4333 615 4390 penes
638 4313 935 4388 ipsuuimet
965 4315 1158 4372 adesse
1187 4330 1405 4372 omnem
1439 4327 1655 4384 gentem
1687 4316 2016 4382 Romanam,

441 4414 766 4480 sincereque
802 4413 980 4480 ipsum
1010 4422 1232 4476 amare;
1284 4422 1387 4462 nec
1420 4407 1564 4462 ullos
1589 4423 1618 4460 a
1653 4423 1711 4463 se
1748 4407 2020 4464 alienatu-

442 4520 534 4561 ros
557 4519 700 4568 esse,
728 4503 823 4560 sed
849 4502 1016 4558 simul
1051 4501 1219 4557 ivisse
1247 4518 1344 4558 seu
1368 4502 1434 4557 ad
1481 4503 1892 4558 observandum
1921 4518 2019 4558 seu

2126 3319 2412 3380 κυϐευθεὶς
2443 3317 2498 3370 δὲ
2545 3316 2742 3386 τύχαις
2777 3314 3066 3386 πολέμου),
3111 3315 3399 3384 προσίεται
3447 3316 3546 3386 τὴν
3578 3333 3714 3386 πρε-

2126 3409 2317 3463 σϐείαν
2349 3410 2456 3462 τῶν
2490 3407 2586 3460 τοῦ
2638 3407 2984 3478 Ἀνδρονίκου
3030 3405 3264 3477 ἐχθρῶν,
3293 3400 3369 3464 ὧν
3415 3409 3716 3479 κατάρχειν

2125 3502 2154 3554 ὁ
2191 3501 2474 3571 Κομνηνδς
2512 3499 2751 3565 Ἀλέξιος
2798 3500 3116 3570 ὴγλαῖζετο,
3159 3500 3574 3572 πολυπλάνητος
3618 3505 3718 3558 xui.

2127 3595 2311 3659 αὐτὸς,
2345 3595 2440 3646 καὶ
2485 3594 2678 3662 μακρὰ
2703 3593 3062 3662 περιοδεύσας
3085 3609 3098 3624 °
3135 3593 3252 3664 εῐγε
3287 3594 3424 3664 προς
3472 3595 3588 3658 τοῖς
3617 3595 3718 3648 ἄλο

2128 3686 2244 3748 λοις
2271 3685 2363 3739 καὶ
2395 3685 2485 3738 διὰ
2534 3685 2818 3756 Ταυρικῆς
2849 3688 2943 3740 καὶ
2975 3685 3232 3750 Σκυθίδος
3260 3687 3361 3756 γῆς
3385 3686 3577 3750 ἐλθὼν,
3626 3687 3717 3741 διὰ

2127 3779 2221 3832 τὸν
2263 3778 2606 3846 Ἀνδρόνικον
2657 3777 2830 3848 μυρία
2859 3779 3054 3848 ἔκαμε.
3091 3779 3202 3832 Καὶ
3241 3779 3504 3849 τυγχάνει
3535 3779 3718 3848 βαλὼν

2129 3871 2256 3933 ἔπος
2293 3873 2320 3925 ό
2359 3871 2597 3938 Σικελὸς,
2633 3869 2733 3941 τήν
2757 3887 2815 3922 τε
2851 3869 3024 3940 ξηρὰν
3051 3873 3152 3945 τήν
3181 3888 3241 3923 τε
3273 3872 3448 3942 ὑγράν
3473 3872 3719 3942 ἐμπλῆκ

2132 3981 2222 4016 σαι
2259 3962 2362 4031 τῆς
2401 3965 2523 4017 κατ’
2554 3963 2717 4016 αὐτὸν
2769 3961 3076 4034 δυνάμεως,
3115 3963 3210 4016 καὶ
3257 3959 3370 4018 οἷόν
3399 3981 3522 4018 τινα
3575 3965 3717 4035 νέφη

2130 4055 2364 4126 στρατοῦ
2405 4056 2749 4128 ύπερστῆσαι
2779 4058 2875 4112 καὶ
2908 4057 3084 4127 αὐτῆς
3113 4057 3216 4128 τῆς
3246 4057 3713 4127 Μεγαλοπόλεως,

2126 4149 2198 4204 δι’
2235 4143 2310 4204 ὧν
2341 4149 2638 4220 ἐπιδρέξας
2677 4149 2899 4221 ὄλεθρον
2922 4150 3259 4204 κατακλύσει
3287 4151 3415 4216 τοὺς
3447 4151 3593 4222 ἀμφὶ
3618 4151 3716 4210 τὸν

2141 4243 2529 4312 Ἀνδρόνικον·
2590 4243 2873 4311 φυσῶντος
2924 4243 3162 4297 ἐνταῦθα
3204 4243 3443 4314 μεγάλα,
3496 4245 3591 4296 καὶ
3641 4245 3714 4298 τὰ

2127 4335 2357 4387 τοιαῦτα
2385 4334 2517 4404 νέφη
2545 4335 2964 4398 συνελαύνοντος
2995 4336 3088 4389 καὶ
3116 4335 3211 4388 τοῦ
3240 4335 3528 4407 Κομνηνοῦ
3573 4335 3718 4390 Ἀλε·

2131 4418 2266 4482 ξίου.
2317 4419 2514 4487 Ἔλεγε
2547 4421 2678 4490 γὰρ,
2735 4422 2869 4474 ἀλλὰ
2919 4423 3012 4477 καὶ
3071 4423 3312 4488 ἐδόξαζε,
3355 4424 3494 4496 πρὸς
3545 4423 3716 4479 αὐτοῦ

2131 4505 2273 4562 εἷναι
2303 4509 2403 4580 τὴν
2441 4511 2621 4565 πᾶσαν
2661 4512 2964 4582 Ῥωμαῒδα,
2997 4515 3092 4567 καὶ
3140 4515 3317 4583 φιλεῖν
3353 4516 3517 4570 αὐτὸν
3545 4516 3626 4580 είς
3653 4516 3718 4568 τὸ

441 4600 509 4652 ad
535 4597 948 4668 provocandum
975 4596 1202 4661 indicio,
1225 4597 1528 4666 statimque
1567 4596 1622 4649 in
1653 4595 2019 4650 subditionem

2131 4603 2353 4672 γνήσιον
2376 4618 2392 4635 ο
2437 4605 2534 4657 καὶ
2571 4603 2646 4673 μὴ
2683 4603 2749 4657 ἂν
2787 4603 3083 4672 ἀφέξεσθαι
3132 4623 3287 4670 τινας
3340 4606 3508 4661 αὑτοῦ
3534 4624 3550 4639 ο
3599 4607 3719 4660 ἀλλ’

440 4709 467 4744 s
507 4692 765 4762 inetipsos
799 4688 1105 4745 tradituros
1128 4687 1493 4742 confidentes.
1528 4685 1584 4740 lu
1620 4687 1706 4740 his
1730 4700 1862 4740 vero
1900 4700 2023 4742 ver-

439 4790 526 4840 bis
575 4785 781 4838 latebat
806 4786 908 4839 hoc
933 4781 1273 4847 consilium;
1315 4781 1553 4846 scilicet,
1579 4795 1706 4834 cum
1738 4782 1810 4834 ita
1843 4795 1902 4834 se
1924 4780 2023 4834 ita-

439 4876 656 4939 berent,
683 4873 756 4928 ita
773 4873 1070 4944 diligerent
1099 4875 1315 4943 sibique
1340 4873 1576 4927 invicem
1599 4871 1826 4927 intimos
1851 4872 2022 4926 animi

442 4982 643 5023 sensus
672 4967 1044 5036 aperuissent,
1078 4967 1236 5020 illum
1286 4967 1688 5036 imperaturum
1736 4980 1883 5032 esse,
1911 4969 2023 5018 An-

438 5059 673 5114 dronico
728 5057 780 5111 vi
827 5067 1035 5122 amoto,
1093 5067 1350 5127 rectaque
1413 5062 1503 5112 via
1541 5059 1624 5114 sic
1673 5057 1852 5113 adhuc
1883 5073 2023 5126 prte-

438 5151 718 5205 termissa.
739 5147 954 5203 Etenim
999 5163 1094 5206 rex
1118 5147 1338 5203 Siculus
1365 5147 1523 5206 aliud
1537 5148 1708 5203 voluit
1727 5188 1745 5214 ,
1771 5157 1935 5218 atque
1962 5158 2024 5202 ut

441 5243 706 5296 adversus
773 5251 993 5294 ceteros
1036 5239 1280 5296 Siciliain
1322 5256 1662 5311 regnumque
1709 5243 1884 5310 ipsius
1925 5241 2023 5296 ob-

442 5336 709 5398 firmaret,
736 5332 1008 5403 proficisci
1038 5332 1414 5403 Megal0politu
1445 5335 1660 5388 statuit.

2129 4693 2301 4763 άμαῆ
2329 4694 2566 4747 κατιδεῖν
2597 4694 2630 4766 ἢ
2663 4695 2945 4765 μηνύματι
2973 4695 3345 4767 ἐρεθισθῆναι,
3380 4699 3484 4752 καὶ
3506 4697 3713 4751 αὐτίκα

2131 4784 2430 4838 ἐπιδιδόναι
2479 4787 2934 4850 κατακύπτοντας
2985 4787 3215 4852 ἑαυτοὺς
3275 4789 3355 4853 είς
3405 4788 3712 4860 ὑποταγὴν.

2143 4876 2543 4947 Ἐνεκρύπτετο
2576 4877 2634 4929 δὲ
2676 4879 2792 4940 τοῖς
2823 4877 3002 4946 λόγοις
3029 4879 3243 4943 τούτοις
3296 4878 3396 4932 καὶ
3439 4879 3586 4945 νοῦς,
3637 4881 3716 4946 ὡς

2131 4967 2308 5030 οὕτως
2356 4968 2515 5037 ἔχων,
2551 4968 2643 5019 καὶ
2671 4966 2814 5020 οὕτω
2842 4967 3190 5037 φιλούμενος,
3229 4971 3324 5023 καὶ
3368 4970 3448 5032 είς
3475 4970 3541 5022 τά
3589 4969 3718 5022 ἑκά-

2133 5075 2278 5112 στων
2329 5058 2739 5130 παραδυόμενος
2796 5059 3108 5128 σπλάγχνα,
3162 5059 3477 5130 βασιλεύσει
3524 5061 3714 5124 αὐτὸς,

2133 5151 2300 5223 ῥίψας
2331 5152 2422 5204 τὸν
2469 5152 2833 5221 Ἀνδρόνικον,
2875 5152 3260 5220 παραγόμενος
3307 5151 3588 5206 κάνταῦθα
3613 5153 3715 5222 τῆς

2131 5244 2322 5314 ὀρθῆς.
2368 5244 2426 5298 Ὀ
2454 5245 2564 5312 γὰρ
2598 5243 2817 5307 Σικελὸς
2867 5242 2968 5314 ρὴξ
2998 5244 3138 5296 ἄλλα
3172 5244 3332 5315 ἤθελε
3354 5257 3368 5272 ⁶
3417 5246 3512 5297 καὶ
3557 5245 3715 5297 Σικε-

2132 5335 2254 5388 λίαν
2293 5335 2396 5404 μὲν
2423 5336 2517 5386 καὶ
2545 5334 2603 5386 τὸ
2628 5333 2752 5388 κατ’
2779 5335 2949 5405 αὐτὴν
2982 5335 3219 5406 ρηγάτον
3250 5336 3480 5406 ἑτέροις,
3511 5335 3585 5400 ὥς
3617 5353 3719 5406 φα·

435 5445 546 5491 σιν,
584 5428 1062 5495 ἀποκαταστῆσαι,
1096 5427 1260 5482 αὐτὸς
1289 5426 1345 5479 δὲ
1391 5427 1732 5498 μετεμϐἦναι
1783 5430 1862 5493 εἰς
1913 5428 2012 5499 τὴν
2047 5428 2431 5498 Μεγαλόπολιν
2470 5427 2843 5496 μεμελέτηκε.

507 5520 598 5575 51.
621 5519 679 5574 In
719 5520 807 5574 bis
826 5535 956 5574 vero
987 5520 1095 5575 tale
1160 5519 1289 5589 quid
1329 5521 1532 5575 evenit.
1564 5519 1693 5574 Post
1724 5522 2018 5575 maximam

437 5621 684 5672 nostram
709 5611 1078 5666 calamitatem
1103 5613 1339 5668 vidimus
1385 5614 1561 5667 virum
1599 5613 1890 5681 quemdam
1928 5612 2022 5667 de-

437 5703 586 5756 centi
621 5701 831 5766 habitu,
857 5702 1090 5772 largiore
1128 5704 1282 5772 nigro
1303 5706 1506 5766 colore,
1527 5703 1730 5771 optime
1763 5703 2020 5756 vestitum

440 5795 666 5850 omnino
697 5807 852 5848 more
911 5793 1108 5848 Latino
1134 5801 1332 5862 praeter
1368 5796 1590 5848 barbam
1647 5794 1895 5863 longam;
1930 5794 2022 5863 qui

441 5885 728 5940 videbatur
750 5886 908 5957 quasi
933 5886 1138 5942 missus
1156 5903 1185 5940 ιι
1209 5887 1580 5956 superioribus
1603 5887 2023 5952 ecclesiasticis,

2201 5516 2304 5572 να’.
2337 5519 2609 5572 Συνέπεσε
2656 5519 2713 5572 δε
2742 5536 2795 5572 τι
2827 5520 2887 5573 ὲν
2933 5522 3146 5584 τούτοις
3192 5525 3286 5577 καὶ
3325 5522 3591 5577 τοιοῦτον.
3625 5523 3718 5577 Εἴ-

2130 5609 2292 5681 δομεν
2322 5613 2483 5682 ἡμεῖς
2517 5612 2655 5682 μετὰ
2684 5615 2788 5684 τὴν
2817 5614 2874 5666 ἐν
2905 5615 3038 5685 ἡμῖν
3066 5617 3336 5688 μεγίστην
3364 5618 3715 5688 δυσπραγίαν

2132 5703 2304 5772 ἄνδρα
2341 5704 2462 5756 τινὰ
2493 5705 2749 5776 εὐσταλῆ,
2788 5705 3074 5778 μελαγχρῆ
3112 5713 3245 5779 πρὸς
3293 5710 3482 5780 βάθος,
3518 5713 3713 5763 ἐσταλμ-

2135 5799 2296 5865 μένον
2332 5797 2391 5850 εὖ
2427 5800 2572 5875 μάλα
2599 5801 2666 5852 τὰ
2692 5801 2870 5854 πάντα
2899 5805 3041 5854 κατὰ
3087 5803 3377 5869 Λατίνους,
3416 5806 3556 5875 πλὴν
3591 5806 3715 5855 ὅσον

2135 5885 2486 5957 βαθυγένειον
2509 5870 2530 5915 ³
2553 5890 3029 5962 ἐσχηματισμένον
3061 5892 3161 5964 μὲν
3190 5894 3324 5950 ὡσεὶ
3359 5896 3452 5950 καὶ
3483 5870 3710 5950 ἁνποστοι
