4084 6484
427 401 492 466 57
1186 405 1282 467 DE
1332 406 1903 470 THESSALONICA
1953 405 2162 467 URBE
2203 406 2250 466 A
2291 406 2606 467 LATINIS
2667 408 2930 496 CAPTA.
3630 412 3703 478 53

427 516 614 580 λικῶς,
650 515 952 587 λεγόμενον
981 517 1042 571 δὲ
1083 518 1464 589 ὑπερπόνηρον
1485 517 1648 575 εἶναι.
1689 523 1752 576 Ἥ
1779 523 1835 576 δὲ
1865 524 2016 591 φήμη

2127 514 2375 585 dixitque
2434 532 2494 571 se
2550 531 2671 572 esse
2731 521 2968 574 maxime
3039 519 3347 592 fatigatum.
3409 524 3488 581 Ex
3555 527 3701 584 tanta

431 611 521 661 xui
566 610 812 678 ἱππότην
856 610 1038 674 δεξιὸν
1069 611 1234 664 αὐτὸν
1281 606 1449 681 εἶχεν,
1474 613 1550 678 ὡς
1581 616 1677 668 καῖ
1727 616 1755 669 6
1779 615 2013 682 εὐγενὴς

2120 622 2288 672 eques
2309 607 2500 662 dexter
2529 618 2673 674 erat,
2699 611 2846 679 quod
2881 621 2935 665 et
2967 612 3168 668 nobilis
3193 631 3369 685 equus
3405 619 3591 673 testari
3617 623 3700 674 vi-

429 701 595 764 ῗππος
629 704 1051 772 ὑπομαρτυρεῖν
1091 702 1276 773 ἐῴκει,
1313 705 1370 768 6;
1406 708 1570 759 αὐτὸν
1608 707 1796 776 ἔφερε.
1839 711 1932 761 καὶ
1961 709 2012 761 οί

2120 697 2370 760 dehatur,
2397 699 2489 767 qui
2523 715 2646 754 eum
2679 705 2950 768 portabat,
2976 712 3033 756 ut
3075 707 3419 762 evolutiones
3452 727 3702 780 quoque,

433 793 644 846 ἐκείνου
673 794 977 864 ἐξελιγμοὶ,
1002 795 1089 848 ὅτε
1110 798 1272 867 ᾔρετο
1301 797 1556 866 ἔφιππος.
1593 799 1935 868 ’Υπισχνείτο
1960 800 2016 852 δὲ

2120 805 2240 842 eum
2281 805 2424 858 equo
2459 789 2744 847 insideret.
2783 793 3010 849 Gladius
3033 813 3144 865 quo
3169 799 3384 854 cinctus
3409 814 3527 856 erat
3559 805 3703 858 ritili-

431 886 492 936 τδ
528 890 671 938 κατὰ
701 886 882 955 ζώνην
917 887 1070 954 αὐτῷ
1095 889 1250 954 ξίφος
1277 893 1369 943 καὶ
1400 890 1629 960 ὁπλίτην
1664 891 1826 944 αὑτὸν
1851 887 2011 945 εἶναι.

436 978 592 1029 οὕτω
622 977 714 1030 τὸν
755 979 996 1049 μοναχὸν
1029 981 1306 1044 ἐψεύδετο,
1339 983 1420 1045 είς
1449 983 1509 1036 ὃν
1539 983 1810 1051 ἐπιπολῆς
1844 984 2020 1053 ἔχρω-

438 1070 687 1136 μὰτιστο.
743 1070 986 1134 Ἀλεξίου
1036 1072 1093 1124 δὲ
1145 1074 1338 1142 κλῆσιν
1390 1076 1601 1144 φέρων,
1659 1075 2016 1147 Σικουντηνδν

435 1161 632 1214 ἑαυτὸν
661 1161 925 1215 ἐπεκάλει
954 1163 1374 1234 Φιλαδελφηνδν,
1413 1167 1550 1220 ἄλλα
1585 1169 1876 1240 τινὰπρδς
1899 1171 2015 1224 ἑτέ-

435 1266 551 1318 ρων
597 1250 695 1304 καὶ
739 1252 1139 1324 γνωριζόμενος
1173 1258 1268 1311 καὶ
1307 1257 1625 1328 λεγόμενος.
1660 1254 1830 1325 Οὗτος
1858 1265 1887 1314 6
1929 1261 2021 1314 ἄν-

436 1340 680 1410 θρωπος,
713 1342 863 1407 ὅστις
895 1345 1030 1398 ποτὲ
1054 1349 1149 1400 καὶ
1178 1347 1318 1415 ἔστι,
1347 1349 1512 1404 πλέον
1532 1352 1641 1404 τῶν
1669 1352 1847 1407 ἄλλων
1877 1356 2020 1410 κατά

434 1450 504 1500 γε
535 1435 781 1506 πονηρὰν
835 1437 1056 1504 μέθοδον
1109 1440 1171 1492 τὸ
1206 1441 1318 1512 πῦρ
1357 1443 1456 1499 ποῦ
1509 1445 2018 1511 καταιθαλώσαντος

435 1527 588 1595 ἠμῖς
643 1529 884 1599 πολέμου
933 1529 1280 1600 ὲξηνέμωσεν
1334 1536 1417 1599 είς
1456 1536 1723 1602 αἰθέριον.
1755 1533 1866 1592 Ἦν
1919 1541 2018 1610 μὲν

431 1619 547 1686 γὰρ
579 1621 608 1671 6
638 1619 895 1687 δακρύων
949 1621 1100 1688 ἄξιος
1154 1625 1408 1694 βασιλεὺς
1448 1627 1687 1694 ’Δλέξιος
1741 1632 2014 1699 κείμενος,

433 1709 514 1770 ὠς
558 1711 588 1762 6
629 1710 965 1779 Ἀνδρόνικος
1018 1713 1175 1771 ἔθετο
1203 1731 1220 1748 ο
1253 1716 1419 1781 αὐτὸς
1466 1717 1526 1771 δὲ
1573 1719 1602 1771 6
1654 1720 1884 1790 μοναχὸς
1918 1722 2018 1776 οὐκ

431 1794 557 1852 οῖδα
588 1801 778 1869 σαφῶς
819 1801 944 1854 ὅθεν
977 1803 1218 1868 πλεύσας
1264 1808 1344 1868 είς
1376 1807 1441 1860 τὰ
1491 1808 1632 1879 ὑπὲρ
1665 1809 1758 1863 τὸν
1799 1811 2017 1882 ’Δδρίαν

433 1889 592 1960 ἔθνη,
628 1891 942 1946 ἐπεδείκνυέ
965 1909 1088 1948 τινα
1121 1896 1305 1960 παῖδα,
1339 1897 1393 1960 ἐς
1425 1897 1611 1968 ὅμοιόν
1649 1917 1702 1953 τι
1729 1903 1824 1954 καὶ
1849 1902 2017 1973 χρόας

432 1982 536 2035 καὶ
582 1983 797 2052 ἡλικίας
839 1985 996 2054 ἥκειν
1029 1989 1354 2057 φαινόμενον
1393 1990 1470 2061 τῷ
1526 1991 1737 2062 βασιλεί
1772 1993 2013 2064 Ἄλεξίς»

434 2076 552 2130 Καὶ
568 2071 638 2145 ἦν
670 2078 791 2146 μὲν,
829 2080 1016 2148 φασὶν,
1048 2082 1224 2135 έκεῖνο
1256 2084 1465 2139 παιδίον
1484 2087 1799 2156 ἁγροικικὸν
1829 2089 1891 2142 ἐκ
1923 2107 2020 2145 πο-

432 2167 531 2224 θεν
561 2169 894 2237 Βαγεντίαςο
952 2173 1116 2236 αὐτὸς
1145 2175 1201 2228 δὲ
1253 2180 1377 2240 ταῖς
1421 2179 1580 2249 ήμῶν
1632 2180 1928 2250 ἁμαρτίαις
1957 2185 2018 2237 τὺ

430 2261 684 2316 τοιοῦτον
735 2263 979 2334 σόφισμα
1036 2266 1328 2338 διδαχθεὶς,
1358 2271 1452 2322 καὶ
1487 2272 1793 2340 παρίστατο
1835 2275 2016 2330 δουλι-

431 2353 683 2426 κώτερον
711 2356 790 2426 τῷ
820 2359 1040 2425 ἀγεννεῖ
1081 2359 1278 2430 ἐκείνῳ
1323 2362 1541 2432 παιδίῳ,
1574 2366 1670 2419 καὶ
1696 2367 1820 2430 τοὺς
1849 2369 2016 2434 πόδας

429 2449 646 2512 ἔνιπτε,
680 2451 774 2502 καὶ
799 2452 900 2504 ὅσα
933 2451 1070 2505 ἄλλα
1099 2453 1236 2523 πρὸς
1266 2454 1591 2528 ὑπηρεσίαν,
1621 2459 1791 2512 ἐτέλει
1819 2461 1894 2524 ὡς
1925 2465 2017 2517 ἐπὶ

433 2536 677 2607 βασιλεῖ,
705 2543 1076 2613 ιρᾳδιουργῶν
1107 2545 1248 2598 κατὰ
1301 2549 1586 2619 πονηρίαν,
1619 2553 1712 2604 καὶ
1768 2555 2018 2610 ἀναδιδά-

438 2631 562 2697 iac,
609 2634 819 2688 ἐκεῖνον
849 2635 1076 2705 βασιλέα
1109 2637 1300 2693 ἑαυτὸν
1339 2641 1635 2710 ἐπιλέγειν,
1679 2647 1773 2699 καὶ
1813 2647 2017 2721 θαρῤύ-

433 2737 560 2784 νας,
611 2723 705 2776 καὶ
743 2724 1131 2792 ἐγκελεύεσθαι
1180 2730 1354 2801 τούτῳ
1402 2731 1503 2786 ὅσα
1550 2733 1645 2786 καὶ
1694 2735 1886 2808 δούλῳ,
1921 2740 2018 2795 καὶ

432 2812 785 2868 ἀπειλετσθαι
815 2816 1168 2890 δριμύτερον.
1208 2821 1316 2874 Καὶ
1345 2822 1634 2895 βασιλικὴν
1680 2827 1831 2899 αὑτῷ
1882 2847 2018 2902 σκη-

433 2904 536 2972 νὴν
559 2903 706 2958 οὕτω
730 2907 1062 2979 πηξάμενος,
1088 2913 1418 2984 περιέφερεν
1439 2915 1495 2981 ἐξ
1518 2917 1706 2982 ἔθνους
1734 2921 1813 2983 είς
1833 2921 2012 2989 ἔθνος,

433 2997 537 3048 καὶ
571 2998 810 3066 μάλιστα
861 3004 940 3065 είς
971 3004 1072 3056 ὅσα
1128 3006 1317 3069 κακῶς
1345 3007 1551 3063 διέθετο
1582 3013 1611 3064 6
1648 3013 2013 3081 Ἀνδρόνικος.

437 3085 553 3140 Καὶ
581 3089 871 3144 συνέκλαιε
896 3095 1312 3164 τραγικώτερον
1337 3111 1352 3126 ·
1385 3099 1479 3152 καὶ
1520 3103 1877 3170 σκηνοϐατῶν
1904 3106 2018 3159 ἀδι-

2121 892 2224 936 tem
2255 897 2380 936 esse
2405 897 2626 952 quoque
2655 885 2982 954 spondebat.
3007 885 3097 942 Sic
3117 892 3448 946 monachum
3477 894 3702 949 simula-

2121 974 2212 1026 bat
2233 1014 2249 1039 ,
2274 973 2435 1044 cujus
2473 975 2720 1030 habitum
2747 986 2965 1046 portare
2997 983 3350 1038 cernebatur.
3370 985 3546 1040 Alexii
3599 1004 3700 1043 no-

2120 1079 2242 1119 men
2282 1064 2460 1120 ferens
2491 1067 2852 1121 Sicuntenum
2876 1069 3311 1141 Philadclphium
3344 1089 3406 1131 se
3437 1078 3701 1146 vocabat,

2119 1157 2450 1225 quibusdam
2483 1158 2613 1212 aliis
2697 1149 3019 1216 nominibus
3063 1174 3262 1230 praeter
3307 1175 3502 1221 caetera
3541 1170 3700 1238 agni-

2121 1257 2208 1302 tus
2237 1261 2288 1303 et
2327 1249 2662 1306 nominatus.
2689 1249 2792 1306 Hic
2836 1251 3264 1325 bomo,quiquis
3319 1258 3392 1313 sit
3442 1260 3526 1314 vel
3583 1260 3704 1317 l'ue-

2127 1341 2221 1404 rit,
2255 1357 2368 1411 pra:
2406 1343 2643 1408 cieteris,
2687 1344 2925 1400 ltitiestis
2973 1347 3186 1403 artibus
3219 1348 3273 1402 in
3299 1364 3426 1404 aera
3465 1351 3702 1408 sumavit

2132 1434 2314 1502 ignem
2354 1434 2479 1490 belli
2509 1451 2619 1505 quo
2645 1439 2864 1493 accensi
2889 1452 3106 1495 sumus.
3135 1439 3348 1496 Etenim
3381 1442 3701 1501 lacrimabi-

2120 1526 2189 1582 lis
2208 1527 2431 1583 Alexius
2464 1527 2764 1599 imperator
2793 1541 3042 1586 mortuus
3072 1541 3358 1600 erat,cum
3395 1537 3701 1606 erigeretur

2131 1619 2505 1676 Andronicus.
2551 1619 2651 1674 Hic
2683 1623 2986 1678 monachus
3023 1627 3118 1695 qui
3141 1665 3157 1692 ,
3182 1628 3373 1682 nescio
3405 1627 3569 1694 unde,
3597 1644 3699 1683 na-

2119 1709 2484 1778 vigaveratad
2517 1712 2768 1788 regiones
2790 1729 2960 1783 supra
2985 1731 3136 1773 mare
3169 1717 3508 1774 Adriaticum
3538 1721 3698 1788 sitas,

2121 1801 2414 1869 quemdam
2462 1817 2696 1872 puerum
2743 1815 3147 1881 monstraverat
3203 1811 3346 1865 satis
3403 1813 3587 1881 specie
3635 1827 3700 1868 ac

2119 1901 2282 1946 aetate
2331 1892 2569 1948 similem
2605 1894 2928 1964 imperatori
2970 1899 3187 1955 Alexio.
3249 1901 3410 1957 lllum
3462 1919 3696 1975 puerum

2122 1985 2294 2042 fuisse
2320 1986 2516 2041 dicunt
2546 1989 2844 2044 ruricolam
2873 1992 3171 2048 oriundum
3204 1993 3484 2066 Bagentia,
3513 2008 3568 2054 et
3600 1998 3697 2069 qui

2118 2089 2222 2128 nos
2283 2085 2774 2168 propter.peccata
2804 2089 2996 2137 nostra
3041 2083 3185 2139 hanc
3235 2089 3697 2145 machinationem

2119 2166 2426 2232 docuisset,
2460 2166 2649 2224 coram
2679 2171 2784 2227 hoc
2819 2188 2996 2243 puero
3027 2175 3197 2244 ignoti
3233 2181 3454 2249 generis
3490 2185 3697 2238 utsub-

2113 2257 2290 2326 jectus
2322 2260 2564 2326 astabat,
2603 2263 2768 2333 pedes
2826 2265 3045 2320 lavabat
3093 2267 3235 2338 ejus,
3287 2279 3343 2325 et
3374 2273 3482 2328 alia
3525 2276 3699 2329 multa

2121 2353 2447 2406 reverentia:
2482 2368 2675 2418 causa,
2701 2355 2876 2411 cilicia
2907 2358 3025 2414 haec
3067 2363 3370 2430 praestabat
3401 2367 3556 2435 quasi
3592 2366 3698 2420 imo

2119 2445 2383 2512 peratori,
2413 2447 2654 2502 maximo
2711 2450 2836 2504 dolo
2869 2465 3067 2518 agens,
3110 2467 3350 2526 cumque
3400 2439 3588 2510 uentum
3615 2457 3699 2512 fe-

2120 2537 2291 2591 cisset
2343 2552 2403 2592 se
2453 2539 2606 2593 illum
2646 2555 2830 2610 regem
2867 2542 3094 2612 eligere,
3128 2559 3301 2600 ausus
3331 2557 3416 2602 est
3446 2556 3501 2602 et
3538 2549 3694 2603 illum

2119 2627 2330 2682 hortari
2362 2629 2613 2698 dureque
2640 2635 2809 2686 etiam
2845 2633 2920 2688 illi
2947 2637 3171 2691 minari.
3205 2637 3526 2709 llliquoque
3551 2649 3701 2711 post-

2119 2735 2281 2787 quam
2312 2721 2723 2777 tabernaculnm
2748 2724 3166 2794 imperatorium
3189 2728 3415 2795 ﬁxisset,
3440 2731 3507 2785 de
3537 2744 3700 2801 gente

2119 2807 2173 2860 in
2209 2819 2424 2876 gentem
2454 2825 2580 2864 eum
2615 2811 3186 2883 ducebat,pra:sertim
3205 2818 3258 2870 in
3287 2833 3381 2873 eas
3405 2835 3526 2890 quae
3543 2836 3701 2877 aver-

2120 2901 2806 2960 sabauturAndronicum.
2827 2905 3183 2962 Exclamabat
3199 2917 3384 2964 autem
3405 2912 3566 2966 modo
3589 2923 3700 2965 tra-

2120 2995 2265 3064 gico,
2342 2993 2638 3065 palamque
2685 2995 2984 3052 damnabat
3041 3015 3292 3070 magnam
3353 3002 3697 3073 iniquitatem

2119 3085 2280 3154 quasi
2306 3085 2358 3140 in
2392 3087 2810 3156 imperatorium
2846 3091 2992 3145 hunc
3012 3107 3242 3162 puerum
3277 3093 3368 3148 cui
3399 3095 3698 3152 deberetur

435 3178 569 3231 κίαν
604 3182 852 3253 μεγάλην
878 3185 954 3250 ὡς
984 3186 1079 3240 ἐπὶ
1111 3183 1377 3258 βασιλικῷ
1410 3191 1586 3262 τούτῳ
1618 3195 1772 3249 παιδὶ
1799 3198 2013 3267 ὀφειλο-

2123 3176 2258 3230 lides
2293 3191 2358 3230 ex
2395 3178 2586 3232 animo
2628 3193 2658 3232 a
2694 3180 2856 3235 bonis
2891 3181 3246 3249 Christianis,
3296 3185 3566 3241 incitabat
3594 3203 3694 3243 eos

437 3272 592 3341 μένῳ
624 3276 826 3343 πιστὴν
858 3277 1047 3344 φιλίαν
1073 3279 1179 3332 ὑπὸ
1206 3281 1555 3352 Χριστιανῶν
1582 3285 1826 3353 ἀγαθῶν,
1855 3307 2020 3362 προε-

431 3363 662 3419 καλεῖτο
688 3369 769 3431 είς
817 3369 1057 3438 ἄμυναν,
1091 3373 1416 3439 ὑποδεικνὺς
1447 3379 1591 3431 κατὰ
1640 3381 1700 3432 τὸ
1731 3382 1878 3445 εἰκὸς
1925 3385 2020 3436 καὶ

435 3459 646 3526 σημεῖα
693 3459 899 3530 τριχῶν
950 3461 1278 3531 ξανθότητα,
1316 3467 1530 3531 ὀδόντος
1579 3469 1776 3539 λεῖψιν,
1825 3474 2017 3526 ὁποίαν

432 3551 558 3602 τινα
587 3549 684 3604 καὶ
723 3553 756 3604 6
783 3551 992 3623 ἀληθὴς
1029 3553 1268 3620 autem
1315 3558 1526 3623 ἐκεῖνος
1577 3561 1912 3632 δυσπραγεῖν
1941 3564 2020 3618 ef-

433 3640 590 3708 ληχε,
646 3641 959 3713 βλέμματος
1009 3645 1330 3716 ιμὸρίθειαν
1383 3649 1518 3704 ὼσεὶ
1566 3653 1659 3704 καῖ
1709 3653 2014 3724 βασιλικοῦ,

435 3732 641 3786 πλάσιν
671 3733 924 3804 σώματος
953 3737 1194 3808 εὐπαγῆ,
1230 3740 1354 3793 καθ’
1387 3742 1456 3813 ἢν
1483 3744 1730 3814 «μάλιστα
1759 3745 1820 3800 τὸ
1850 3747 2019 3820 ἀγρο-

432 3826 589 3878 τικδν
621 3827 928 3898 εὐδοκίμως
957 3829 1094 3900 ἔχει,
1143 3833 1240 3886 καὶ
1267 3831 1404 3886 ἄλλα
1426 3837 1570 3892 τινα.
1621 3836 1733 3890 Καὶ
1764 3839 1812 3891 oi
1845 3837 2018 3893 δυσω-

437 3916 707 3987 πούμενοι
758 3919 1052 3974 διετίθεντο
1099 3922 1238 3990 πρὸς
1267 3924 1484 3992 πένθος,
1528 3928 1620 3979 καὶ¹
1661 3929 1879 3998 ἠλέουν,
1928 3925 2017 3983 οἷα

442 4011 518 4079 μὴ
549 4009 883 4082 ἐξακριϐοῦν
910 4011 1148 4083 ἔχοντες,
1183 4009 1264 4078 οἷς
1292 4017 1626 4088 ὲπεπρόσθει
1653 4021 1720 4089 τῇ
1747 4019 2018 4092 διακρίσει

435 4105 547 4158 τῶν
582 4105 830 4174 σημείων
864 4109 977 4170 τοίς
1018 4107 1232 4162 ἔθνεσιν
1271 4111 1304 4180 ἠ
1347 4111 1491 4164 κατὰ
1533 4111 1631 4165 τοῦ
1673 4112 2016 4183 Ἀνδρονίκου

441 4197 630 4266 μῆνις.
659 4197 826 4251 Ὅθεν
849 4200 942 4253 καὶ
973 4201 1342 4273 ἀπανούργως
1379 4203 1695 4274 πειθόμενοι
1717 4205 1809 4260 τὸν
1851 4207 2020 4261 παῖδα

439 4291 663 4362 βλέπειν
703 4291 960 4359 Ἀλέξων,
985 4293 1013 4347 6
1058 4296 1156 4347 καὶ
1184 4297 1211 4348 6
1240 4295 1300 4360 ἐξ
1327 4296 1650 4368 ἀγροιωτῶν
1695 4291 1852 4360 οὗτος
1890 4299 2019 4363 παῖς

438 4381 603 4449 ἐτέθη
629 4382 935 4448 καλεῖσθαι,
957 4384 1299 4437 κατέκυπτον
1322 4387 1402 4448 είς
1425 4386 1819 4457 προσκύνησιν,
1841 4387 2020 4460 ἠσπά-

435 4473 619 4536 ζοντο,
651 4475 923 4542 μετέωρον
945 4469 1104 4543 ἦγον,
1135 4473 1330 4544 δώροις
1361 4477 1664 4543 ἐδεξιοῦντο
1699 4477 1917 4542 πολλοῖς
1939 4494 1954 4509 ·
1983 4476 2020 4532 ἃ

2123 3270 2188 3321 ad
2213 3269 2531 3336 vindictam,
2579 3279 2640 3325 ut
2686 3274 2844 3343 signa
2873 3273 3286 3350 demonstrans,
3311 3277 3481 3335 ﬂavos
3521 3281 3699 3351 capil-

2120 3359 2226 3425 los,
2275 3361 2454 3416 dentis
2485 3364 2762 3444 lacunam,
2792 3381 2914 3434 qua:
2939 3366 3160 3434 quidem
3195 3368 3320 3424 huic
3351 3385 3478 3425 vero
3507 3369 3700 3428 Alexio

2120 3455 2421 3520 acciderat,
2484 3457 2806 3526 gravitatem
2841 3468 3101 3528 aspectus
3142 3461 3300 3530 quasi
3332 3460 3697 3531 imperatorii,

2121 3538 2354 3597 formam
2400 3543 2619 3598 tandem
2665 3537 2918 3614 corporis
2949 3547 3088 3600 bene
3120 3547 3500 3616 constitutam,
3535 3564 3697 3620 quam

2123 3635 2396 3704 imprimis
2443 3635 2604 3690 habet
2627 3636 2892 3704 ruricola,
2929 3639 3106 3692 etalia
3139 3639 3412 3708 quazdam.
3435 3639 3699 3697 Homines

2119 3741 2263 3798 aegre
2293 3729 2358 3780 ad
2385 3727 2594 3783 luctum
2638 3729 2891 3799 dispositi
2939 3739 3121 3798 erant,
3162 3732 3697 3803 miserebanturque,

2117 3838 2181 3880 eo
2198 3820 2343 3892 quod
2372 3837 2481 3875 non
2514 3821 2815 3894 satisicerto
2850 3823 3163 3879 discernere
3182 3833 3465 3894 poterant,
3496 3826 3700 3896 quibus

2119 3913 2304 3968 oblata
2327 3914 2664 3984 erantsigna
2701 3924 2824 3983 apta
2858 3914 2923 3969 ad
2949 3918 3084 3968 iram
3107 3920 3379 3971 adversus
3415 3917 3698 3971 Androni-

2119 4021 2245 4060 cum
2275 4005 2663 4060 revocandam.
2695 4003 2850 4061 Unde
2887 4006 3216 4076 simpliciter
3247 4007 3541 4064 credentes
3561 4025 3700 4080 pne—

2120 4112 2240 4152 rum
2259 4097 2513 4152 Alexium
2533 4096 2790 4153 viderein
2809 4100 2913 4153 hoc
2943 4113 3114 4168 puero
3147 4099 3239 4169 qui
3262 4115 3330 4154 ex
3362 4101 3545 4156 medio
3560 4101 3702 4156 ruri-

2120 4190 2364 4245 colarum
2386 4199 2608 4244 venerat
2627 4197 2686 4244 ut
2720 4200 3134 4260 agnosceretur,
3160 4193 3318 4262 proni
3361 4193 3702 4248 veneraban-

2122 4290 2214 4338 tur
2259 4298 2408 4348 eum,
2453 4282 2950 4352 amplectebantur,
3005 4283 3060 4337 in
3109 4283 3279 4338 altum
3343 4285 3697 4353 extollebant,

2121 4377 2282 4432 donis
2317 4375 2691 4440 cumulabant,
2719 4390 2842 4444 qua:
2884 4377 3162 4448 accipiens
3190 4379 3517 4446 monachus,
3547 4379 3702 4433 dives

2121 4469 2464 4534 discedebat,
2501 4478 2666 4538 atque
2691 4484 2757 4522 ex
2788 4468 2894 4524 illis
2924 4470 3158 4538 pretium
3193 4471 3535 4540 percipiebat
3569 4486 3702 4540 pue-

427 4564 502 4636 δὴ
525 4566 777 4619 κατέσπα
801 4567 831 4618 6
857 4567 1112 4636 μοναχὸς,
1138 4567 1486 4620 ἀπεκσαίνων
1509 4567 1904 4639 βαρύπλουτος,
1934 4563 2016 4634 οἷς

2124 4575 2243 4614 rum
2275 4562 2656 4629 cauponando.
2689 4560 2757 4614 Et
2797 4561 3003 4616 veritas
3081 4561 3302 4632 quidem
3382 4562 3462 4617 sic
3545 4562 3702 4617 invo-

433 4660 760 4730 ἑμπορικῶς
785 4658 875 4712 τὸν
899 4660 1063 4713 παῖδα
1093 4660 1423 4728 καπηλεύων
1454 4661 1876 4732 ἐχρηματίζετο.
1905 4662 2016 4716 Καὶ

2125 4654 2236 4706 luta
2271 4653 2496 4716 latebat,
2524 4651 2874 4707 mendacium
2909 4669 3039 4706 vero
3077 4660 3362 4721 superstes
3397 4662 3586 4722 gentes
3627 4651 3698 4706 ad

434 4755 469 4822 ἠ
524 4753 629 4822 μὲν
659 4751 886 4820 ἀλήθεια
918 4751 1064 4804 οὕτω
1111 4753 1354 4806 λαθοῦσα
1393 4753 1684 4825 ἑνδόμυχος
1735 4751 1824 4826 ἦν,
1864 4755 1927 4808 τδ
1958 4755 2016 4810 δὲ

2123 4743 2420 4798 vindictam
2440 4745 2718 4798 excitabat
2742 4760 2756 4809 ;
2777 4745 3000 4814 quidam
3030 4743 3140 4812 jam
3160 4760 3220 4800 se
3238 4743 3699 4814 devinxerantju-

431 4845 635 4915 ψεῦδος
663 4844 962 4914 ὲκνικῆσαν
995 4844 1310 4913 ὲξεθύμωσε
1347 4845 1415 4898 τὰ
1443 4846 1570 4915 ἔθνη
1608 4845 1746 4916 πρὸς
1777 4847 2013 4916 ἄμυνανο

429 4937 484 4990 οἶ
515 4937 826 5004 φθάσαντες
859 4936 1120 5006 ἑνέδησαν
1153 4937 1351 4997 αὐτοὺς
1383 4937 1565 5006 ὅρκοις
1603 4940 1685 5000 είς
1729 4939 1913 4992 πίστιν
1937 4941 2014 5011 τῷ

429 5045 492 5080 τε
533 5026 796 5096 Μανουὴλ
828 5027 923 5079 καὶ
945 5027 1022 5095 τῷ
1038 5026 1414 5095 διαδεξαμένῳ
1443 5027 1604 5080 αὑτὸν
1635 5027 1737 5097 υίῷ
1767 5028 2012 5100 Ἀλεξίῳ.

434 5121 622 5186 Ἠχθη
654 5118 712 5169 δὲ
763 5120 858 5172 καὶ
903 5118 1039 5186 πρὺς
1091 5117 1184 5170 τὸν
1214 5119 1360 5187 ρῆγα
1396 5117 1648 5182 Σικελίας
1695 5120 1722 5172 6
1772 5119 2014 5184 τοιοῦτος

431 5207 677 5269 πλαστδς
713 5205 986 5275 βασιλεύς.
1029 5206 1138 5260 Καὶ
1162 5206 1192 5258 6
1230 5207 1328 5274 μὲν
1371 5207 1656 5278 Κομνηνὸς
1695 5207 1950 5274 Ἀλέξιος,
1985 5212 2015 5263 6

427 5301 530 5353 τὸν
559 5298 780 5351 Σικελὸν
809 5298 1090 5368 ἐρεθίσας,
1124 5297 1326 5368 ἤλεγχε
1359 5299 1451 5350 τὸν
1483 5298 1794 5370 ἀγροιὼτην
1822 5300 2013 5355 τοῦτον

428 5393 631 5456 παῖδα,
662 5391 752 5443 ναὶ
789 5391 846 5444 δὲ
871 5392 966 5443 καὶ
995 5393 1046 5444 oi
1096 5390 1195 5442 σὺν
1219 5389 1369 5460 αὐτῷ
1394 5405 1412 5422 “
1435 5392 1483 5443 οἱ
1518 5391 1573 5443 δὲ
1609 5392 1672 5444 ἐκ
1696 5391 1805 5446 τῶν
1827 5393 2013 5446 -ἐθνῶν

429 5482 807 5544 ὲεεόαωῦντο,
841 5481 898 5535 εὖ
947 5483 1032 5536 ὅτι
1066 5481 1212 5551 μάλα
1243 5485 1337 5534 καὶ
1366 5483 1845 5553 ἀπηκριϐωμένως
1890 5484 2012 5537 ὲπί-

429 5573 672 5632 στασθαι
705 5573 868 5626 αὑτὸν
902 5574 1111 5626 ἐκεῖνον
1136 5567 1279 5624 εἶναι
1304 5571 1397 5624 τὸν
1425 5573 1589 5626 παῖδα
1616 5573 1709 5626 τοῦ
1733 5574 2010 5644 Μανουὴλ,

425 5668 577 5738 ὅπερ
611 5682 674 5718 ου
703 5664 798 5722 καὶ
846 5663 1240 5718 ἀποθανεῖσθαι
1294 5665 1516 5727 αὐτούς.
1549 5665 1712 5728 Τέλος
1759 5665 1815 5717 δὲ
1848 5669 1875 5718 6
1915 5665 2014 5734 μὲν

423 5755 679 5821 Σικελὸς,
712 5757 762 5808 εί
810 5757 908 5808 καὶ
933 5753 1354 5823 susum-igni,
1377 5755 1438 5808 τὸ
1466 5755 1686 5827 ἀληθὲς,
1715 5757 1863 5825 ὅμως
1890 5773 2012 5811 πει-

427 5850 647 5920 σμονὴν
684 5848 823 5903 ίδίαν
848 5845 1013 5918 ἔχων,
1058 5847 1154 5901 καὶ
1193 5847 1288 5900 τοῦ
1320 5847 1513 5918 θρόνου
1556 5843 2008 5929 Κωνσταντινου.⁹

2120 4838 2386 4891 ramentis
2417 4837 2486 4889 ad
2511 4835 2823 4890 ﬁdelitatem
2853 4851 2983 4906 erga
3021 4835 3319 4892 Manuelem
3339 4851 3575 4906 eumque
3605 4835 3697 4905 qui

2122 4928 2200 4983 illi
2229 4935 2574 4983 successerat
2615 4927 2888 4994 Alexium,
2920 4927 3092 4982 lilium
3146 4927 3289 4998 ejus.
3329 4928 3430 4982 Hic
3455 4927 3698 4998 pseudo-

2123 5022 2425 5092 imperator
2474 5019 2540 5074 ad
2602 5034 2786 5090 regem
2855 5020 3061 5074 Siciliae
3107 5021 3304 5075 ductus
3336 5028 3438 5075 est.
3471 5019 3700 5073 Alexius

2121 5125 2302 5170 autem
2322 5113 2658 5177 Comnenus,
2673 5113 2764 5184 qui
2784 5129 2964 5185 regem
2987 5113 3312 5183 Sicilimjam
3339 5114 3698 5179 excitaverat,

2120 5207 2324 5262 amovit
2370 5207 2517 5260 hunc
2562 5207 2858 5260 ruricolam
2927 5222 3181 5276 puerum,
3209 5213 3264 5260 et
3298 5206 3392 5275 qui
3435 5219 3562 5260 cum
3600 5205 3697 5260 illo

2121 5309 2307 5365 erant;
2365 5299 2460 5354 sed
2511 5299 2605 5368 qui
2663 5309 2824 5353 erant
2854 5314 2922 5353 ex
2966 5298 3092 5353 aliis
3125 5297 3407 5369 gentibus,
3446 5310 3514 5351 eo
3547 5296 3694 5366 quod

2124 5401 2384 5450 accurate
2419 5393 2797 5462 agnovissent,
2823 5392 3144 5447 asserebant
3201 5392 3372 5445 lilium
3432 5405 3553 5444 esse
3579 5389 3694 5443 Ma-

2121 5487 2301 5542 nuelis
2330 5501 2499 5554 seque
2533 5486 2707 5555 ipsius
2733 5500 2900 5540 causa
2931 5501 3055 5540 esse
3101 5487 3424 5538 morituros.
3455 5482 3696 5551 Denique

2121 5595 2218 5633 rex
2244 5577 2469 5642 Siciliae,
2507 5577 2609 5632 etsi
2667 5577 2881 5642 dicunt,
2929 5593 3118 5632 verum
3153 5576 3498 5647 cognoverit,
3533 5574 3694 5629 (idem

2121 5668 2398 5738 propriam
2435 5667 2694 5730 habebat,
2723 5667 3023 5737 thronique
3041 5663 3561 5735 Constantinopolis
3592 5677 3692 5716 cu-

2121 5757 2284 5827 pidus
2318 5767 2459 5813 erat.
2493 5756 2712 5812 Ethnici
2771 5773 2904 5813 vero
2945 5758 3298 5828 imperatoris
3342 5756 3520 5811 Alexii
3572 5753 3694 5809 ldo-

2123 5853 2235 5907 lum
2285 5866 2384 5922 pro
2419 5851 2717 5908 simulacro
2771 5851 3019 5911 ferebant
3069 5851 3381 5922 (obtensum
3445 5847 3592 5904 enim
3627 5844 3690 5900 ti-
