4084 6452
367 418 429 480 bl
1162 414 1262 477 DE
1296 413 1871 474 THESSALUML‘A
1905 410 2116 470 unus
2151 411 2198 467 A
2235 407 2549 471 LATlNlS
2589 388 2889 472 carri.”

3598 410 3675 474 62

365 531 481 592 τοῖς
534 527 656 583 τότε
677 529 921 600 καιροῖς,
955 527 1084 593 τοὺς
1123 528 1182 581 ὲν
1216 527 1294 598 τῷ
1323 526 1619 598 Δυρραχίῳ
1666 523 1970 586 ἁνθοῦντας

2083 522 2360 593 Dyrrachii
2411 523 2670 578 ﬂorentes
2714 523 3028 578 divitiarum
3086 535 3274 578 amore
3325 537 3673 581 marcescere

366 623 615 688 ἐμάρανε
664 621 902 675 πλούτου
972 620 1161 692 ἔρωτι,
1222 622 1406 682 ὁποῖος
1452 621 1661 682 ἐκεῖνος
1713 616 1964 669 πλούτων

368 711 634 778 ἄντικρυς
660 710 728 764 τὰ
757 713 989 764 τοιαῦτα
1033 709 1109 782 μὴ
1171 710 1606 780 κορεννύμενος.
1648 706 1964 762 Κάντεῦθεν

369 806 402 872 ἡ
439 805 596 866 πόλις
622 805 990 867 κακυνθεῖσα,
1029 805 1122 858 καὶ
1171 805 1245 875 μὴ
1304 804 1453 856 πάνυ
1507 804 1769 870 γενναίως
1815 803 1966 854 ἀντι-

370 895 578 964 σχοῦσαι
604 897 766 957 ὲάλω,
802 898 900 948 καὶ
937 895 1201 966 μαλακῶς
1247 894 1453 948 ἔπαθεν
1500 895 1855 964 ὲμπρησμοῖς
1903 909 1964 946 τε

371 987 469 1037 καὶ
495 987 706 1046 λοιποῖς
739 989 955 1051 κακοῖς,
997 986 1175 1038 ὁπόσα
1213 985 1360 1054 φιλεῖ
1409 985 1760 1052 ἀνδρίζεσθαι
1808 986 1970 1040 πόλε-

375 1093 501 1145 μος,
533 1078 595 1128 οὐ
636 1079 998 1146 στησάμενος,
1043 1077 1178 1130 άλλὰ
1234 1078 1672 1149 προὸησόμενος,
1734 1079 1826 1132 καὶ
1877 1081 1970 1133 ἐκ·

373 1169 598 1234 στήσων
647 1169 818 1238 φόϐῳ¹
859 1169 989 1231 τοὺς
1031 1167 1252 1239 ἐφεξῆς.
1299 1167 1458 1222 Οὕτω
1520 1169 1577 1221 δὲ
1623 1169 1897 1223 ἑαλωκυῖα
1930 1171 1963 1239 ἡ

370 1259 606 1330 τοιαύτη
640 1263 818 1324 πόλις,
850 1262 1085 1332 ὲθρόησε
1119 1263 1217 1330 μὲν
1242 1262 1321 1324 είς
1357 1261 1495 1314 πολὺ
1525 1264 1620 1314 καὶ
1653 1264 1816 1332 ἡμᾶς,
1876 1266 1969 1317 καὶ

372 1351 496 1404 ὅσοι
538 1353 593 1404 δὲ
621 1353 772 1406 ἄλλοι
803 1354 864 1404 τὸ
891 1352 1308 1425 εὐεπιχείρητον
1349 1354 1443 1407 τοῦ
1495 1357 1610 1407 ἐκεῖ
1643 1357 1968 1427 δυσπραγή-

381 1461 554 1513 ματος
578 1445 782 1512 ἔμαθον
810 1465 822 1473 ·
855 1443 950 1508 οὓς
990 1445 1185 1498 ἐλύπει
1221 1447 1316 1497 καὶ
1357 1446 1392 1516 ἡ
1416 1445 1512 1498 τοῦ
1549 1447 1757 1512 ἀγαθοῦ
1799 1465 1970 1517 στρα-

376 1534 555 1604 τηγοῦ
595 1535 843 1588 Ἰωάννου
873 1536 969 1589 τοῦ
1000 1536 1185 1607 Βρανᾶ
1218 1537 1682 1607 κατάσχεσις.“⁹ος
1711 1539 1772 1590 ού
1802 1539 1970 1594 πολὺν

375 1627 775 1698 περικείμενος
799 1630 1059 1700 στρατὸν,
1086 1631 1182 1683 καὶ
1237 1631 1386 1698 ὅμως
1443 1631 1522 1693 είς
1571 1631 1821 1702 φυλακὴν
1873 1629 1969 1684 τοῦ

373 1722 648 1788 φρουρίου
704 1722 1104 1790 παρασυσθεὶς,
1171 1721 1322 1792 φόϐῳ
1361 1721 1456 1775 τοῦ
1520 1723 1786 1792 βασιλέως
1847 1723 1968 1778 Ἀν-

371 1815 661 1882 δρονίκου,
720 1814 796 1884 μὴ
860 1821 956 1868 καὶ
1008 1815 1282 1886 προδότης
1341 1815 1684 1886 ἐπικληθεὶς,
1734 1817 1827 1869 ,παὶ
1887 1819 1969 1880 εἰς

369 1914 570 1980 χεῖρας
643 1909 843 1982 ὲκείνῳ
916 1911 1128 1978 πεσὼν,
1198 1911 1475 1984 ἀπαχθείη
1545 1911 1640 1966 τοῦ
1707 1914 1831 1983 ζῇν,
1882 1915 2140 1988 παρήχθη
2208 1921 2275 1988 τῇ

370 2006 572 2068 λωτος.

2074 614 2221 676 fecit.
2246 616 2389 669 sicut
2416 616 2506 669 ille
2533 616 2798 684 praedives
2822 630 2920 670 nec
2948 613 3211 670 satiatus!
3271 613 3476 669 Deinde
3507 615 3678 705 igitur|

2069 708 2265 762 civitas
2299 721 2559 778 corrupta
2609 708 2845 764 molliter
2869 709 3068 763 restitit
3107 710 3358 765 hostibus
3378 717 3432 762 et
3465 711 3545 765 sic
3575 725 3662 764 ca-

2069 809 2162 872 pta
2215 802 2413 856 misere
2435 816 2596 870 passa
2619 810 2704 856 est
2736 801 2985 856 incendia
3028 811 3334 873 caeteraque
3380 804 3521 856 mala
3550 819 3672 872 qua:

2069 896 2273 950 bellum
2322 897 2672 958 comitantur.
2699 910 2807 950 non
2843 897 3295 961 constituturum,
3328 897 3421 951 sed
3451 912 3670 964 proces-

2073 1001 2262 1042 surum
2295 993 2618 1054 lerroreque
2657 985 2895 1039 audaces
2931 991 3355 1054 prostraturum.
3388 983 3557 1053 Capta
3589 986 3670 1038 sic

2071 1081 2178 1136 ista
2218 1081 2434 1143 civitas,
2471 1093 2572 1132 nos
2616 1093 2836 1147 qucque
2883 1077 3025 1130 fama
3092 1077 3177 1132 sui
3231 1077 3502 1145 replevit,
3555 1091 3673 1128 oni-

2072 1189 2280 1242 nesque
2324 1173 2418 1226 alii
2482 1171 2575 1240 qui
2616 1170 2819 1224 exitum
2887 1170 3100 1224 felicem
3161 1169 3489 1225 ralarnizatis
3552 1171 3671 1235 ejus

2070 1265 2404 1329 didicerunt,
2463 1263 2756 1319 doluerunt
2813 1263 2879 1317 de
2948 1262 3182 1331 insignis
3228 1261 3384 1316 ducis
3436 1261 3669 1316 Joannis

2071 1356 2265 1412 Branaa
2293 1355 2628 1425 captivitate.
2665 1353 2761 1409 llic
2804 1369 2912 1408 non
2945 1355 3116 1409 multo
3150 1358 3395 1410 cxerc'tu
3431 1355 3672 1409 circum-

2071 1451 2233 1507 datus
2264 1466 2330 1504 ac
2365 1458 2548 1503 tamen
2591 1462 2770 1501 arcem
2805 1447 2942 1502 tueri
2970 1446 3182 1517 jussus,
3217 1448 3410 1501 timore
3435 1447 3674 1515 impr-ra-

2073 1542 2212 1596 toris
2255 1539 2583 1602 Andronici,
2614 1553 2682 1593 ne
2728 1538 2980 1611 proditor
3029 1546 3317 1594 vocaretur
3365 1546 3418 1593 ct
3467 1529 3557 1592 ubi
3605 1538 3670 1590 in

2075 1652 2270 1690 manus
2339 1636 2482 1690 illius
2537 1633 2846 1696 incidisset,
2907 1647 2938 1688 e
2987 1633 3100 1687 vita
3157 1632 3483 1696 tolleretur,
3550 1641 3674 1700 post

2073 1735 2438 1800 expugnatam
2487 1725 2764 1782 civitatem
2798 1725 2852 1780 in
2906 1725 3151 1782 Siciliam
3186 1726 3438 1796 captivus
3475 1723 3675 1779 ductus

2077 1829 2183 1875 est.

2355 1917 2455 1990 τῆς
2506 1920 2717 1987 πόλεως
2770 1918 2972 1976 ἁλώσει
3031 1919 3112 1982 είς
3169 1916 3420 1972 Σικελίαν
3472 1913 3676 1986 αἰχμά-

443 2121 542 2174 νδ’.
575 2121 686 2174 Καὶ
710 2121 961 2190 ἐξεφόϐει
995 2122 1095 2193 μὲν
1120 2120 1264 2177 οὕτω
1301 2124 1427 2180 τοὺς
1458 2121 1618 2196 πέριξ
1670 2123 1832 2197 μέχρι
1874 2125 1970 2180 καὶ

2155 2123 2250 2181 54.
2292 2124 2384 2182 Sic
2445 2127 2613 2183 vicini
2663 2127 2850 2200 populi
2895 2142 3074 2199 usque
3103 2125 3170 2180 ad
3217 2123 3672 2180 Thessalonicam

369 2215 432 2275 ἐς
467 2213 878 2293 Θεσσαλονίκην
905 2216 965 2268 τὸ
992 2215 1136 2269 οὕτω
1173 2217 1311 2288 ταχὺ
1370 2219 1472 2288 τῆς
1520 2218 1776 2283 ἁλώσεως
1821 2221 1967 2275 ὲκεί-

374 2323 501 2374 νης,
543 2306 766 2372 καὶὸτι,
807 2306 951 2361 καθά
999 2325 1082 2371 τις
1145 2307 1214 2362 ἂν
1245 2311 1412 2375 είποι,
1441 2311 1503 2365 τὸ
1541 2313 1704 2383 τάχος
1733 2313 1827 2368 τοῦ
1874 2332 1972 2368 κα-

373 2403 478 2454 κοῦ
502 2401 945 2472 ἐνδεικνύμενος,
981 2402 1109 2456 θατέ
1121 2419 1196 2474 ρῳ
1223 2404 1324 2474 μὲν
1356 2407 1470 2458 τοῖν
1498 2405 1681 2459 ποδοῖν
1738 2407 1970 2471 ἕκαστος

372 2510 407 2545 τ
429 2498 489 2545 ἐν
515 2493 794 2564 πολεμίων
819 2494 994 2564 ἐπέϐη
1017 2496 1116 2564 τῆς
1165 2495 1441 2566 Ἰλλυριῶν
1493 2497 1617 2566 γῆς,
1653 2497 1867 2568 θατέρῳ
1913 2498 1969 2551 δὲ

369 2587 792 2657 κατενεπήδησε
825 2587 924 2658 τῆς
950 2589 1303 2658 ἐχυρωτάτης
1342 2589 1558 2660 ἐκείνης
1593 2589 1821 2652 πόλεως.
1848 2589 1972 2644 Ὅτι

371 2679 433 2730 δὲ
456 2681 554 2732 καὶ
574 2680 869 2731 τάἐκεῖθεν
916 2679 1020 2742 ἕως
1045 2681 1139 2732 καὶ
1174 2683 1228 2742 ὲς
1262 2679 1360 2750 τὴν
1411 2681 1532 2733 καθ’
1594 2683 1739 2751 ἡμᾶς
1787 2682 1977 2736 Μακε-

374 2770 602 2838 δονικὴν
628 2769 781 2824 οὐδὲν
804 2773 991 2835 αὐτοῖς
1017 2771 1140 2825 ὁδοῦ
1161 2789 1266 2842 προ
1279 2773 1434 2840 εέστη
1456 2773 1663 2827 σκῶλον
1689 2775 1767 2837 είς
1797 2775 1972 2846 ἐμπό-

376 2864 516 2926 διον,
541 2862 680 2916 ἀλλὰ
698 2862 856 2916 τοῦτο
874 2863 970 2926 τὰς
998 2864 1254 2918 ἁπάντων
1281 2863 1460 2936 ψυχὰς
1479 2867 1730 2934 ἑτοίμους
1751 2867 1969 2936 ἔστησε,

375 2956 494 3007 τῶν
528 2954 655 3007 κατ’
684 2955 855 3018 αὑτάς
885 2955 1334 3012 ἀπαλλάττεσθαι
1391 2959 1686 3028 σωμάτων,
1719 2955 1801 3024 οἷς
1851 2963 1974 3015 ἐτα-

383 3048 696 3120 ράχθησαν.
735 3049 852 3102 Οὐκ
889 3048 1133 3121 ἔστιγὰρ
1184 3051 1319 3104 ὅπου
1367 3055 1658 3123 συνήντετό
1701 3071 1752 3107 τι
1813 3054 1976 3123 δεῖμα

381 3145 645 3205 ἐκείνοις,
682 3140 744 3194 οὗ
778 3141 944 3211 μέγα,
977 3142 1036 3195 οὐ
1071 3145 1292 3212 μικρὸν,
1320 3145 1380 3197 ού
1407 3148 1572 3214 μέσον
1593 3162 1608 3176 ·
1649 3146 1766 3197 αλλ’
1789 3146 1863 3208 ὡς
1887 3147 1977 3198 διά

382 3232 552 3286 λείων
578 3233 777 3286 πεδίων
805 3236 1053 3304 ποταμὸς
1085 3234 1327 3306 πλήθων,
1360 3239 1568 3297 ἐκεῖνος
1596 3238 1625 3290 ὁ
1657 3237 1820 3302 πεζὸς
1847 3255 1976 3290 κατ-

386 3327 552 3397 έρρεε
593 3327 846 3396 στρατὸς,
879 3326 985 3390 ἕως
1017 3328 1146 3396 ἡμῖν
1189 3328 1478 3397 συνέμιξεν
1507 3328 1791 3392 ἄσκυλτος.
1855 3331 1896 3382 Ο
1921 3329 1978 3383 δέ

2071 2219 2526 2287 perterrebantur
2568 2228 2624 2274 et
2654 2229 2762 2275 tam
2795 2219 2954 2276 celeri
2983 2219 3390 2289 expugnatione
3428 2215 3676 2270 civitatis

2070 2320 2124 2365 et
2152 2312 2321 2382 quod,
2360 2320 2418 2366 ut
2450 2313 2648 2368 dixerit
2680 2313 2910 2394 aliquis,
2933 2311 3185 2367 celeritas
3230 2307 3408 2363 nuntii
3459 2309 3672 2394 traditi.

2073 2421 2185 2460 uno
2215 2407 2447 2476 quisque
2478 2407 2719 2462 hostium
2747 2405 2882 2476 pede
2917 2415 3118 2460 terram
3143 2403 3484 2475 Illyricorum
3521 2402 3676 2457 iuva-

2074 2501 2170 2564 sit,
2201 2499 2372 2554 altero
2409 2499 2462 2554 iu
2499 2500 2658 2554 istam
2701 2497 3130 2554 munitissimam
3180 2495 3454 2550 civitatem
3483 2493 3673 2549 irruit.

2074 2591 2229 2658 Quod
2279 2606 2410 2647 vero
2459 2591 2529 2648 ab
2572 2591 2664 2646 illo
2695 2600 2942 2660 tempore
2980 2603 3156 2658 usque
3194 2586 3262 2642 ad
3295 2585 3666 2641 Macedoniam

2083 2698 2332 2738 nostram
2377 2683 2590 2738 nullum
2651 2683 2884 2753 pedibus
2925 2682 3150 2736 illorum
3203 2679 3663 2750 impedimentum

2080 2778 2136 2830 in
2173 2775 2259 2828 via
2295 2773 2484 2842 fuerit,
2517 2775 2610 2830 sed
2646 2776 2780 2830 illud
2819 2774 3034 2829 animas
3064 2781 3402 2827 cunctorum
3443 2779 3670 2842 paratas

2077 2866 2290 2930 fecerit,
2329 2868 2394 2921 ad
2440 2868 2804 2924 deserendum
2857 2883 3063 2936 corpus
3098 2865 3240 2936 quod
3292 2866 3442 2936 ipsas
3491 2864 3678 2919 turbae

2079 2969 2254 3016 verat.
2286 2957 2404 3013 Non
2453 2959 2598 3014 enim
2627 2969 2712 3015 est
2759 2975 2856 3014 cur
2902 2959 3068 3012 timor
3095 2957 3202 3012 illis
3236 2963 3552 3011 occurreret
3584 2964 3682 3009 aut

2081 3067 2333 3124 magnus,
2356 3060 2450 3106 aut
2486 3067 2686 3122 parvus
2710 3093 2724 3118 ,
2757 3063 2849 3106 aut
2881 3051 3194 3105 mediocris.
3237 3048 3344 3104 Sed
3390 3057 3449 3103 ut
3477 3046 3678 3102 ﬂuvius

2079 3160 2304 3211 campos
2335 3143 2528 3213 planos
2560 3158 2881 3214 peragrans,
2914 3143 2986 3198 ita
3018 3143 3293 3197 exercitus
3319 3141 3411 3196 ille
3445 3141 3679 3195 delabe—

2080 3237 2242 3293 batur
2292 3237 2471 3290 donec
2520 3236 2680 3290 nobis
2721 3236 3062 3310 misceretur
3107 3235 3422 3291 incolumis.
3469 3233 3680 3289 Classis

2082 3343 2233 3393 vero,
2290 3343 2389 3398 pro
2441 3342 2540 3383 sua
2579 3313 2754 3397 parte,
2794 3325 3158 3395 adnavigabat
3215 3335 3276 3382 ut
3325 3326 3681 3398 participaret

381 3437 451 3487 γε
482 3421 740 3483 ναυτικὸς
773 3420 872 3491 τὴν
905 3422 1116 3474 οἰκείαν
1130 3423 1497 3494 τραπόμενος,
1529 3422 1688 3474 ἔπλεε
1722 3424 1974 3474 συνελευ·

2083 3435 2395 3492 opporluno
2438 3430 2686 3490 tempore
2715 3435 2780 3474 ac
2815 3430 3227 3475 consummaret
3273 3428 3521 3476 nostram
3554 3434 3676 3476 ma-

387 3511 620 3580 adpuo;
651 3513 711 3564 ἐν
762 3510 943 3582 καιρῷ
979 3513 1256 3581 μερίταις,
1287 3511 1384 3565 καὶ
1451 3512 1792 3583 κορνφώσων
1844 3514 1978 3583 ἡμῖν

384 3608 470 3665 είς
503 3606 651 3674 μέγα
673 3605 733 3656 τὸ
757 3605 951 3658 κακόν.
983 3604 1097 3658 Καὶ
1131 3605 1400 3676 ὑστέρησε
1435 3605 1530 3658 τοῦ
1565 3605 1730 3668 πεζοῦ
1764 3605 1980 3676 ἡμέρας

381 3697 568 3760 τινὰς,
617 3700 698 3761 είς
745 3698 992 3764 ἔνδειξιν,
1034 3694 1213 3769 οἶμαι,
1250 3699 1374 3752 τινὰ
1401 3700 1499 3769 τῆς
1562 3716 1620 3752 τε
1677 3698 1797 3751 καθ’
1832 3701 1982 3770 ἡμᾶς

381 3789 694 3854 οὐθενείας,
737 3790 835 3860 τῆς
859 3807 920 3843 τε
949 3791 1072 3844 κατ’
1107 3790 1303 3854 αὐτοὺς
1340 3789 1522 3860 ἰσχύος
1549 3805 1564 3820 ο
1605 3789 1811 3858 ταύτης
1859 3791 1982 3859 μὲν,

384 3883 490 3948 ὡς,
527 3884 690 3954 εἴπερ
709 3881 848 3954 ὁμοῦ
885 3884 1122 3954 ἐπῆλθον
1151 3886 1307 3954 ἡμῖν,
1332 3884 1434 3936 οὐκ
1452 3883 1519 3937 ἂν
1546 3882 1668 3935 οὐδὲ
1701 3881 1828 3949 γοῦν
1853 3882 1985 3952 μίαν

387 3976 611 4044 ἡμέραν
653 3975 1022 4046 ἀντέσχομεν·
1064 3975 1280 4046 ἐκείνης
1316 3975 1397 4039 δὲ,
1426 3974 1510 4027 ὅτι
1561 3975 1656 4026 καὶ
1709 3973 1873 4044 μόνον
1925 3971 1986 4025 τὸ

391 4064 564 4128 πεζὸν
591 4063 686 4117 τοῦ
711 4068 947 4134 στρατοῦ
1003 4065 1449 4135 περικαθήμενον
1505 4063 1745 4134 ἔχοντες,
1811 4062 1987 4147 οὕτως

389 4154 704 4224 ἀρετῶντες
731 4152 876 4227 ἦμεν
914 4155 993 4227 τῷ
1020 4156 1212 4226 φαύλῳ
1246 4157 1561 4227 στρατηγῷ,
1593 4155 1670 4218 ὡς
1713 4154 1990 4224 μηδεμίαν

387 4248 676 4318 ἐκδρομήν
706 4265 829 4302 τινα
883 4247 1005 4302 κατ’
1033 4249 1199 4302 αὑτὸν
1250 4248 1506 4317 γενέσθαι
1562 4246 1985 4319 στρατιωτικὴν,

390 4339 536 4394 ἀλλὰ
597 4340 968 4409 φυλάττεσθαι
1023 4339 1103 4410 τῷ
1150 4341 1282 4411 ῥηγὶ
1332 4341 1461 4402 τοὺς
1506 4340 1716 4393 ἐκείνου
1767 4338 1850 4402 εἰς
1897 4337 1993 4392 ἀδ-

387 4449 622 4503 νοιιμιον
685 4433 1119 4504 ἀπρονόμευτον,
1172 4433 1270 4486 καὶ
1320 4425 1434 4485 οἷον
1471 4431 1547 4504 μὴ
1597 4430 1794 4484 παθεῖν
1831 4429 1993 4484 κολόο

387 4525 594 4580 σωσιν.

472 4616 572 4673 γε’.
608 4617 718 4672 Καὶ
740 4620 769 4672 ὁ
795 4618 894 4687 μὲν
923 4615 1091 4683 πεζὸς
1126 4618 1258 4683 λαδς
1287 4616 1650 4690 περιεκάθισε
1679 4617 1806 4672 καθ’
1838 4616 1991 4688 ὥραν

390 4713 628 4783 ἀρίστου
653 4711 752 4780 τὴν
780 4711 900 4764 καθ’
923 4713 1074 4781 ἡμᾶς
1097 4712 1273 4778 πόλιν,
1296 4711 1610 4779 Αὐγούστου
1637 4712 1810 4782 μηνὸς
1835 4711 1997 4781 άγον-

2082 3526 2245 3583 gnam
2279 3513 2516 3567 ruinam.
2550 3509 2890 3566 Terrestrem
2921 3512 3223 3567 exercitum
3254 3509 3430 3566 tribus
3481 3509 3678 3565 diebus

2086 3611 2275 3658 secuta
2304 3612 2391 3658 est
2416 3605 2482 3658 ad
2517 3602 2934 3665 ostendendum,
2964 3601 3240 3663 existimo,
3269 3601 3429 3656 nobis
3467 3599 3675 3669 aliquid

2083 3695 2378 3751 debilitatis
2432 3711 2567 3763 sure,
2607 3707 2769 3766 atque
2819 3695 3028 3766 aliquid
3087 3693 3427 3750 fortitudinis
3477 3704 3680 3749 nostra:

2084 3789 2351 3845 adversus
2380 3805 2509 3855 eos;
2547 3789 2710 3859 hujus
2757 3788 3001 3858 quidem,
3028 3803 3179 3852 cum,
3210 3787 3432 3858 quando
3478 3785 3546 3840 ad
3578 3800 3678 3840 nos

2085 3888 2376 3944 venerunt,
2411 3895 2480 3934 ne
2542 3895 2650 3935 una
2701 3879 2919 3949 quidem
2965 3878 3053 3934 die
3094 3878 3498 3943 reStiterimus;
3533 3877 3681 3932 illius

2086 3984 2242 4033 vero,
2280 3985 2407 4026 cum
2452 3986 2619 4025 unum
2663 3978 2874 4025 tantum
2930 3970 3197 4025 habentes
3245 3971 3547 4025 exercitum
3577 3985 3680 4040 pe-

2089 4060 2353 4126 destrem,
2397 4064 2471 4116 ita
2532 4061 2954 4117 formidarentur
3013 4062 3119 4117 sub
3180 4061 3374 4133 ignavo
3423 4061 3584 4126 duce,
3618 4069 3682 4116 ut

2089 4154 2336 4210 ulteriori
2371 4155 2698 4210 excursione
2730 4170 2835 4209 non
2873 4169 3011 4222 cpus
3034 4152 3224 4220 fuerit,
3252 4154 3348 4209 sed
3381 4163 3440 4209 ut
3468 4162 3681 4209 tantum

2090 4247 2506 4302 custodirentur
2541 4249 2656 4315 regi
2718 4261 2806 4301 res
2843 4246 2993 4302 illius
3024 4247 3080 4303 in
3123 4246 3389 4318 integram
3415 4245 3682 4318 praedam,

2090 4353 2195 4394 nec
2224 4335 2545 4394 suﬂerretur
2568 4339 2678 4394 ulla
2696 4339 2920 4394 ablatio.

2167 4612 2259 4668 55.
2309 4612 2549 4683 Populus
2609 4621 2792 4669 autem
2855 4613 3131 4685 pedestris
3196 4612 3488 4669 obsidebat
3545 4614 3683 4670 hora

2096 4705 2317 4776 prandii
2381 4707 2572 4762 urbem
2642 4717 2907 4766 nostram.
2967 4705 3172 4761 mensis
3239 4706 3470 4777 Augusti
3528 4719 3686 4763 sexto

392 4822 491 4866 τος
523 4803 694 4870 ἕκτην
723 4803 960 4871 ἡμέραν.
998 4802 1120 4854 καθ’
1152 4803 1219 4870 ἢν
1253 4805 1286 4872 η
1341 4802 1553 4868 meo;
1589 4803 1848 4872 κοίμησις
1890 4801 1980 4871 τῆς

2100 4799 2211 4864 die,
2247 4815 2358 4869 quo
2378 4800 2638 4855 dormitio
2661 4800 2975 4870 purissimae
3005 4797 3098 4854 Dei
3122 4797 3314 4854 Matris
3351 4800 3684 4855 celebratur.

393 4892 691 4959 πανάγνου
721 4892 1064 4964 Θεομήτορος
1109 4895 1536 4964 μνημονεύεται.
1578 4895 1691 4947 Καὶ
1745 4894 1868 4947 τότε
1927 4893 1994 4963 δὴ

388 4986 588 5041 οὐκέτι
611 4990 822 5054 φευκτὰ
852 4983 920 5056 ἢν
947 4988 1083 5056 ἡμῖν
1108 5003 1122 5018 ⁸
1153 4987 1270 5041 ἀλλ’
1290 4987 1338 5042 oi
1356 4986 1994 5057 ἀγχινούστεροιπροεω-

397 5080 608 5150 ρὼντο,
637 5073 726 5131 οἷα
756 5079 1062 5143 πείσονται,
1121 5080 1258 5132 ὅπου
1296 5096 1362 5148 γε
1420 5078 1621 5132 οΰκουν
1673 5079 1844 5148 ὀλίγοι
1900 5080 1998 5133 καὶ

400 5172 514 5238 πρὸ
544 5169 758 5224 τούτων
791 5169 1081 5243 συνεώρων
1109 5170 1168 5224 τὺ
1201 5171 1420 5242 μέλλον,
1480 5171 1815 5242 πολλαχόθεν
1863 5171 1996 5224 αὐτὸ

390 5261 864 5331 τεκμαιρόμενοι.
931 5262 1128 5332 Ἡμεῖς
1195 5261 1330 5330 γοῦν
1379 5262 1691 5332 φθάσαντες
1741 5261 1841 5333 τὴν
1886 5263 1997 5316 τῶν

400 5352 693 5420 πολεμίων
715 5351 928 5420 ἔφοδον,
959 5352 1089 5416 τοὺς
1145 5353 1261 5407 ὅσοι
1297 5353 1418 5423 μεθ’
1482 5354 1641 5424 ἡμῶν
1696 5354 1795 5423 τῆς
1834 5356 1994 5407 Κων-

399 5445 912 5508 σταντινουπόλεως
931 5443 1074 5517 ἦσαν
1099 5447 1291 5511 τέκνα,
1328 5446 1718 5515 ἐξεστείλαμεν
1737 5448 1817 5510 είς
1869 5448 1996 5509 τοὺς

395 5539 644 5604 ἑαυτῶν,
663 5539 724 5592 ού
757 5539 922 5608 μόνον
948 5539 1252 5609 ὁδοιπόριον
1280 5540 1821 5612 ὶνδαψιλευσάμενοι,
1858 5539 1998 5594 ἀλλά

388 5651 451 5687 τι
479 5632 584 5686 καὶ
614 5631 726 5684 τῶν
751 5633 808 5694 ὲς
841 5633 1000 5702 χάριν
1053 5631 1362 5703 βαθυτέρας
1415 5633 1667 5702 γνώμης,
1717 5631 1795 5694 ὡς
1842 5631 1998 5684 afuat

394 5725 625 5793 θανάτῳ
657 5723 1044 5795 ἀπολούμενοι.
1074 5724 1187 5776 Καὶ
1239 5725 1349 5777 τῶν
1397 5726 1457 5777 ὲν
1509 5723 1880 5794 Θεσσαλονίκῃ
1939 5723 1998 5776 δέ

392 5835 582 5879 τινας,
615 5809 698 5877 οἷς
722 5815 876 5870 οῢδὲν
908 5810 977 5886 ἦν
1009 5814 1196 5886 ἔργου,
1233 5814 1348 5867 ἀλλ’
1375 5815 1408 5883 ἢ
1447 5815 1608 5886 μόνον
1639 5814 1802 5883 φόὸος
1869 5813 1995 5884 βου-

401 5907 511 5976 λὴν
541 5906 903 5978 αίτήσα-στας,
938 5906 1040 5960 οὐκ
1092 5905 1474 5978 ἐκρυψὰμεθα,
1522 5906 1550 5960 ὃ
1595 5905 1801 5976 δειλιᾷν
1861 5907 1996 5976 ἡμῖν

2094 4891 2245 4947 Nihil
2279 4905 2411 4948 tunc
2443 4903 2563 4948 erat
2598 4894 2759 4949 nobis
2800 4891 3148 4964 fugiendum;
3178 4893 3274 4948 sed
3301 4893 3687 4964 prudentiores

2097 4987 2468 5057 przevidebant
2514 5001 2636 5056 quae
2681 4987 2896 5056 passuri
2949 4996 3159 5054 essent,
3199 4987 3290 5042 uhi
3326 4987 3485 5058 pauci
3518 4987 3684 5042 etiam

2099 5079 2469 5150 praeviderunt
2510 5077 2656 5148 quod
2702 5088 2823 5135 erat
2867 5081 3131 5147 inrurum,
3181 5079 3314 5135 illud
3374 5079 3688 5149 ubicun'pue

2099 5170 2478 5224 testiﬁcantes.
2509 5166 2620 5224 Nos
2647 5168 2814 5236 igitur
2859 5171 3154 5227 adventum
3205 5171 3443 5227 hostium
3483 5185 3690 5241 praeve-

2097 5263 2338 5327 nientes,
2401 5270 2670 5332 quotquot
2711 5273 2871 5317 erant
2925 5263 3214 5320 nobiscum
3259 5279 3326 5320 ex
3377 5264 3693 5320 Constanti-

2098 5356 2280 5425 nopoli
2337 5356 2655 5411 remisimus
2707 5371 2910 5427 pueros
2972 5357 3040 5412 ad
3083 5371 3234 5423 suos,
3301 5373 3409 5413 non
3471 5367 3685 5412 tantum

2099 5449 2414 5504 necessitati
2459 5449 2675 5503 itineris
2729 5451 3108 5520 providentes,
3143 5449 3240 5506 sed
3294 5451 3454 5504 etiam
3485 5447 3690 5518 aliqud

2099 5538 2294 5594 dantes
2374 5541 2643 5610 gravioris
2710 5555 2908 5597 sensus
2975 5540 3174 5612 gratia,
3233 5540 3393 5610 quasi
3451 5551 3684 5595 mortem

2100 5635 2418 5703 appetitut'i.
2464 5632 2744 5698 Quosdam
2794 5648 2926 5689 vero
2973 5649 3040 5688 ex
3101 5631 3687 5689 Thessalonicensibus

2101 5724 2303 5793 quibus
2351 5724 2490 5778 nihil
2535 5724 2718 5794 operis
2779 5736 2896 5779 erat
2940 5723 3040 5780 sed
3083 5732 3291 5780 tantum
3329 5725 3511 5790 timor,
3555 5738 3692 5778 con-

2101 5815 2282 5870 silium
2341 5824 2586 5885 petentes
2635 5830 2744 5871 non
2805 5817 3108 5872 celavimus
3172 5815 3318 5885 quod
3381 5814 3686 5872 timendum

2110 5905 2387 5964 acciderat
2435 5905 2869 5980 nobisLeosque
2919 5904 3124 5964 hortati
3157 5917 3349 5964 sumus
3387 5901 3454 5960 ad
3499 5914 3696 5960 caven-
