4084 6476
379 437 451 500 sa
1076 421 1492 485 EUSTATIlll
1539 417 2296 480 TIlESSALONlCENSlS
2336 417 2896 480 METROPOLL’ME
3584 419 3668 481 54

387 550 515 601 dum
555 539 680 605 sibi,
707 544 1097 604 cavcrttntque.
1141 535 1270 588 Erat
1300 543 1480 586 autem
1519 533 1674 585 nobis
1716 547 1801 585 res
1834 530 1968 594 alia,

2077 529 2309 599 ἐπῆλθε’
2338 530 2432 584 καὶ
2459 534 2918 603 παρωρμήσαμεν
2963 531 3326 600 φυλάξασθαι.
3378 535 3471 587 καὶ
3523 534 3630 605 ὲφυ
3653 567 3668 576 -

382 635 790 691 cor'mtimum
847 621 1125 696 Spretaus.
1171 624 1392 678 Duobus
1449 621 1856 680 detinebantur,
1909 629 1966 671 ut

2078 623 2379 692 λάχοησαν.
2417 625 2523 678 Kal
2546 621 2614 694 ἦν
2651 627 2749 696 μὲν
2781 626 2844 678 τδ
2872 627 3107 698 πρᾶγμα
3135 627 3228 679 καὶ
3275 628 3405 696 ἡμῖν
3435 630 3663 695 ἐφετὸν,

385 730 618 781 νῆάς-ιον.
645 723 754 777 Nec
783 721 926 775 cnim
950 721 1056 772 dux
1085 731 1306 786 opt-ram
1333 714 1480 768 dedit
1507 721 1565 766 ut
1597 714 1832 767 salvaret
1866 726 1965 765 nos

2075 712 2163 768 οἷα
2189 715 2644 785 ἐθιλοψυχοῦσιν·
2681 719 3058 788 ἐπεσχέθημεν
3123 718 3180 772 δὲ
3234 719 3379 772 δυοῖν
3439 720 3658 783 ἕνεκεν,

383 821 455 872 ob
499 832 722 871 causam
775 826 941 881 quam
984 809 1135 863 solus
1171 807 1390 875 sapiens
1433 804 1738 874 intelligere
1771 803 1972 872 poterit

2076 807 2151 869 ὡς
2181 808 2379 862 δοκεῖν.
2419 807 2557 861 Οὔτε
2577 811 2686 880 γὰρ
2717 813 2742 862 ὁ
2767 811 3075 881 στρατηγὸς
3105 810 3472 881 προεθυμήθη
3541 830 3658 866 σω-

385 914 474 964 cui
540 914 725 962 dalullt
776 913 881 957 est.
942 900 1179 969 Pupulus
1245 912 1372 953 vero
1435 896 1528 951 Dei
1583 905 1716 949 tunc
1765 911 1824 948 se
1869 894 1967 948 dc-

2078 898 2238 967 θῆναι
2262 901 2408 969 ημᾶς
2432 900 2498 952 δι’
2531 902 2735 966 αίτίαν,
2763 901 2829 972 ἣν
2857 902 2931 964 ὼς
2993 902 3290 973 θυμοσόφῳ
3341 903 3536 973 ἐκείνῳ
3583 907 3667 958 εί-

385 1003 636 1056 rclictum
691 997 859 1050 fuisse
887 995 1096 1054 dicens,
1118 991 1163 1046 si
1214 1005 1315 1044 nos
1366 1003 1582 1058 quoque
1633 985 1965 1055 fugeremus,

2139 1009 2226 1043 vat
2257 992 2409 1062 μόνῳ
2442 991 2764 1062 κεχάρισται
2799 1009 2814 1024 ο
2846 993 2874 1045 ὁ
2925 992 3052 1055 λαὸς
3083 993 3140 1046 δὲ
3169 993 3261 1046 τοῦ
3291 993 3427 1046 Θεοῦ
3475 999 3503 1048 ό
3564 998 3664 1049 ὲνο
3745 1022 3747 1034 ι

388 1094 552 1149 nobis
597 1092 689 1158 qui
727 1088 958 1143 salutem
990 1085 1266 1154 propriam
1313 1082 1711 1151 quaesieramus
1752 1077 1973 1131 claude-

2075 1083 2254 1136 ταῦθα
2293 1085 2367 1155 μὴ
2404 1085 2471 1138 ἂν
2503 1085 2864 1138 ὑπολιπέσθαι
2888 1083 3083 1151 εἰπὼν,
3115 1088 3163 1138 εἰ
3192 1086 3290 1140 καὶ
3348 1089 3509 1157 ἡμεῖς
3565 1091 3667 1141 ἐκ·

380 1196 468 1240 tat
538 1187 756 1252 jauuas.
810 1179 934 1232 llaec
1006 1175 1260 1230 omnibus
1327 1172 1560 1227 visibilia
1614 1181 1792 1226 erant.
1839 1169 1972 1235 Quze

2078 1175 2378 1245 δράμωμεν
2418 1177 2700 1245 φυγαδίαι,
2736 1176 2980 1230 ἔκλεισεν
3016 1176 3326 1246 ἡμῖν,οῦτω
3357 1178 3454 1241 τὰς
3479 1181 3663 1241 πύλας

387 1291 518 1332 vero
553 1284 685 1328 tunc
717 1272 929 1327 volebat
969 1269 1134 1330 Deus,
1159 1267 1264 1320 alia
1293 1274 1484 1332 erant;
1516 1279 1685 1320 unum
1720 1263 1968 1333 qmdem,

2081 1267 2172 1320 τοῦ
2207 1267 2448 1337 σωθῆναι
2491 1267 2800 1338 βούλεσθαι.
2829 1269 2942 1324 Kal
2995 1271 3158 1323 τοῦτο
3216 1270 3318 1339 μὲν
3354 1270 3415 1323 τὸ
3473 1275 3670 1340 φαινηῦο

383 1385 484 1424 nos
509 1368 798 1435 castigare,
827 1378 924 1432 pro
949 1362 1056 1416 illis
1082 1359 1284 1428 quibus
1314 1371 1412 1411 nos
1467 1370 1592 1410 eum
1616 1355 1970 1418 laeseramus;

2079 1375 2260 1429 μενον.
2307 1361 2374 1413 Ἀ
2405 1359 2459 1412 δὲ
2489 1363 2516 1413 ό
2545 1361 2676 1424 Θεὸς
2699 1362 2933 1414 ἐνταῦθα
2987 1361 3198 1432 ἢθελεν,
3242 1362 3406 1434 ἕτερα
3450 1360 3518 1432 ἦν
3540 1380 3553 1392 ·
3601 1363 3667 1415 ἒν

380 1461 682 1519 secundum
728 1473 880 1520 vero,
921 1469 1022 1524 pro
1059 1467 1245 1507 amore
1273 1465 1375 1505 suo
1424 1449 1477 1502 in
1521 1447 1818 1502 Andronici
1850 1460 1969 1499 ma-

2075 1450 2137 1503 τὸ
2168 1451 2483 1504 παιδεύσειν
2515 1453 2681 1521 ἡμᾶς,
2710 1451 2826 1505 ἀνθ’
2859 1448 2934 1507 ὧν
2966 1453 3117 1522 αὐτῷ
3161 1454 3614 1526 προσεκρούομεν
3647 1471 3663 1486 ·

383 1571 490 1610 nus
538 1553 775 1608 tradere.
816 1548 1049 1601 Evidcus
1096 1544 1240 1598 enim
1304 1543 1428 1607 fuit,
1468 1542 1514 1597 si
1569 1539 1967 1608 aliquantisper

2077 1545 2331 1609 δεύτερον
2375 1544 2434 1598 δὲ
2483 1545 2544 1597 τὸ
2613 1545 3226 1616 φιλανθρωπεύσασθαι,
3285 1547 3363 1608 είς
3408 1546 3505 1609 τὰς
3558 1545 3665 1600 τοῦ

380 1643 526 1696 ultra
561 1640 747 1693 urbem
783 1636 1262 1705 processisscmus,
1292 1632 1671 1700 pcriissemus,
1713 1628 1808 1683 sed
1855 1627 1958 1682 faex

2089 1633 2428 1704 Ἀνδρονίκου
2461 1637 2646 1706 χεῖρας
2673 1634 2858 1705 βαλεῖν
2888 1636 3056 1706 ἡμᾶς.
3110 1636 3316 1708 Ἐφάνη
3373 1638 3504 1708 γὰρ,
3555 1639 3660 1704 ὡς,

381 1732 477 1786 irae
529 1730 648 1798 ejus
695 1728 748 1781 in
802 1740 903 1779 nos
948 1724 1121 1778 effusa
1175 1722 1393 1776 fuisset.
1453 1719 1509 1774 Si
1561 1733 1688 1774 vero
1741 1719 1961 1774 tertium

2078 1722 2192 1792 εἴγε
2227 1723 2328 1793 τῆς
2352 1723 2558 1787 πόλεως
2585 1723 2790 1794 ταύτης
2819 1725 2899 1788 είς
2933 1727 3058 1778 ὅσον
3087 1726 3262 1796 βραχύ
3309 1743 3363 1780 τι
3408 1743 3658 1798 προεπο-

380 1821 672 1876 consilium
707 1827 856 1874 esset
889 1817 1008 1882 Dei,
1039 1824 1095 1869 ut
1121 1830 1224 1869 nos
1262 1819 1605 1867 remanentes
1648 1811 1972 1865 adessemus

2076 1814 2324 1883 δίσαμεν,
2350 1814 2450 1866 οὐκ
2474 1813 2540 1867 ἂν
2563 1814 2862 1884 έζήσαμεν,
2903 1813 3018 1868 ἀλλ’
3050 1816 3077 1867 ὁ
3111 1817 3212 1883 τῆς
3243 1813 3414 1884 ὀργῆς
3483 1814 3661 1869 αὐτοῦ

381 1914 590 1970 auxilio
629 1911 892 1966 fratribus
926 1907 1135 1964 nostris
1163 1907 1256 1976 qui
1287 1903 1481 1960 salvati
1536 1901 1739 1967 forent,
1777 1908 1835 1954 ut
1871 1901 1969 1969 qui

2074 1905 2308 1974 τρυγίας
2345 1903 2730 1974 ὲναπηρεύχθη
2767 1903 2834 1958 ἂν
2860 1905 2940 1966 είς
2970 1905 3144 1973 ἡμᾶς.
3210 1905 3275 1956 El.
3336 1903 3395 1956 δέ
3447 1920 3501 1956 τι
3561 1905 3665 1957 καὶ

381 2021 412 2060 a
450 2006 559 2059 Deo
594 2010 723 2058 sunt
775 2001 1010 2071 probati,
1046 1997 1377 2053 didicerunt.
1410 1997 1479 2049 At
1526 2010 1636 2049 non
1690 1994 1828 2048 idem
1865 1991 1969 2046 fuit

2074 1994 2260 2064 τρίτον
2287 1989 2356 2058 ἦν
2389 1993 2527 2047 Θεοῦ
2558 1993 2795 2049 ἐνταῦθα
2825 1995 3073 2066 σκέμμα,
3109 1996 3170 2049 τὸ
3197 1997 3345 2067 ἡμᾶς
3378 1997 3663 2065 παραμεί-

381 2099 448 2152 de
493 2095 650 2149 nobis
703 2107 829 2148 cum
879 2103 1285 2146 remane-remus
1334 2089 1460 2142 dum
1507 2086 1752 2156 quazdam
1792 2097 1964 2137 naves

2075 2102 2274 2149 ναντας
2307 2087 2445 2158 πρὸς
2474 2086 2684 2155 ἀγαθοῦ
2721 2105 2868 2152 τινος
2893 2088 3172 2161 ἀποϐῆναι
3197 2090 3311 2152 τοῖς
3343 2104 3660 2159 περισεσω-

383 2187 613 2241 hostiles
675 2185 882 2238 Latinae
948 2181 1222 2237 hostiliter
1289 2179 1355 2233 ad
1415 2193 1515 2233 uos
1575 2193 1642 2231 ex
1705 2174 1968 2247 Byzantio

2076 2177 2296 2248 σμένοις
2329 2178 2602 2247 ἀδελφοῖς,
2647 2179 3009 2251 ἐδιδάχθησαν
3083 2180 3132 2234 οἱ
3195 2179 3663 2251 περιπειράμενοι

381 2277 703 2333 accederent
729 2276 995 2332 adversus
1021 2271 1391 2328 Andronicum
1423 2270 1843 2340 conspirantes;
1867 2282 1966 2322 nos

2077 2271 2175 2322 σὺν
2204 2268 2346 2341 Θεῷ.
2383 2271 2494 2324 Kal
2543 2268 2611 2342 ἦν
2637 2273 2770 2343 ἡμῖν
2794 2275 2946 2327 τουτὶ
2976 2273 3036 2327 τὸ
3071 2274 3391 2344 παράμονον
3445 2271 3507 2326 οὐ
3535 2269 3662 2324 κατ’

381 2381 563 2425 autem
614 2367 993 2424 manebamus.
1035 2365 1139 2420 Sed
1188 2364 1302 2419 haec
1351 2363 1628 2434 aggressio
1670 2362 1961 2430 augurium

2071 2361 2250 2414 έκεῖνο
2282 2362 2342 2415 τὺ
2374 2362 2754 2435 παλαιότερον,
2803 2365 2894 2418 ὅτε
2950 2365 3076 2436 νῆες
3135 2365 3235 2435 μὲν
3289 2364 3661 2417 (Βιποστατικαῖ¹

382 2461 656 2532 quoddam
711 2459 814 2513 fuit
875 2474 1066 2514 eorum
1118 2471 1240 2524 qua:
1304 2451 1483 2508 Latini
1533 2451 1866 2507 incursando
1904 2454 1958 2504 in

2075 2454 2364 2508 Λατινικαί
2396 2473 2543 2521 τινες
2595 2455 2683 2526 ἐφ’
2715 2457 2862 2528 ἡμᾶς
2915 2457 2981 2511 ὲκ
3033 2455 3312 2521 Βυζάντου
3354 2455 3659 2525 ἀρχέκακοι

383 2569 484 2608 nos
517 2567 642 2609 cum
680 2567 782 2607 suo
814 2551 1059 2620 equitatu
1096 2547 1290 2602 facturi
1312 2553 1527 2611 essent;
1574 2557 1680 2598 non
1732 2543 1960 2596 nmltum

2069 2545 2436 2614 ὲπλωῖσαντο,
2472 2549 2616 2602 κατὰ
2642 2548 2737 2602 τοῦ
2769 2547 3113 2619 Ἀνδρονίκου
3142 2548 3235 2601 καὶ
3258 2546 3423 2599 αὑταὶ
3445 2561 3659 2616 συμπε-

383 2657 566 2700 autem
592 2645 841 2699 timorem
881 2641 1188 2710 injicicbat;
1227 2652 1347 2708 qua:
1381 2646 1583 2699 autem,
1606 2633 1740 2705 proh
1774 2633 1958 2689 dolori

2067 2640 2378 2703 πνευκυῖαι,
2410 2641 2572 2710 ἡμεῖς
2598 2641 2654 2694 δὲ
2677 2641 3082 2711 παρεμένομεν.
3115 2638 3259 2694 Ἀλλ’
3314 2635 3492 2692 έκεῖνο
3552 2637 3657 2707 μὲν

386 2753 534 2794 nunc
575 2738 736 2793 nobis
780 2736 1100 2791 acciderunt
1154 2731 1457 2788 miserrima
1500 2737 1647 2784 sunt.

2069 2729 2163 2784 καὶ
2209 2729 2420 2800 προδᾶν
2449 2733 2694 2802 ἐνέφαινε
2737 2733 2847 2786 τῶν
2890 2733 3014 2804 ἄρτι
3063 2732 3502 2801 δοκιμάζουσαν,
3564 2724 3655 2782 οἷα

381 2839 433 2892 οἱ
474 2836 693 2887 Λατῖνοι
754 2828 1204 2899 ὲπαγωνίσονται,
1260 2823 1418 2896 ἡμῶν
1458 2818 1910 2878 καθιππάσασθαι
1937 2835 1950 2848 ’
1991 2820 2082 2878 καὶ
2119 2821 2283 2896 φΞὸον
2317 2820 2465 2901 εἶχεν
2505 2827 2568 2885 οὐ
2619 2827 2815 2887 πολύνε
2871 2829 2940 2888 τὰ
2970 2826 3028 2886 δὲ
3055 2827 3170 2897 νῦν,
3210 2826 3376 2900 omni.
3410 2824 3483 2893 ὡς
3518 2825 3658 2901 ἡμῖν

383 2927 700 2992 ἀπέϐαινεν,
727 2921 984 2998 ὑπερλίαν
1017 2918 1112 2976 καὶ
1141 2914 1410 2990 ἐναγώνια
1435 2916 1529 2970 καὶ
1566 2911 1794 2988 φοϐερά.

457 3068 548 3124 οδ.
587 3067 657 3120 At
685 3065 800 3119 haec
824 3061 980 3133 quasi
1013 3059 1292 3116 currendo
1336 3057 1538 3126 scripta
1579 3066 1728 3110 sunt.
1754 3050 1964 3108 Civita-

2140 3055 2251 3123 νς’.
2299 3059 2462 3114 Ἀλλὰ
2515 3060 2691 3116 ταῦτα
2749 3062 2848 3134 μὲν
2909 3063 2985 3128 ὡς
3027 3063 3087 3117 έν
3135 3061 3492 3134 παρεκδρομῇ
3541 3079 3653 3118 τινι

386 3169 497 3216 ιοιιι
530 3170 589 3214 ut
630 3159 684 3212 in
724 3155 1067 3226 amplexibus
1101 3153 1326 3208 tenebat
1365 3153 1612 3222 equitum
1646 3158 1700 3204 et
1731 3145 1951 3201 navium

2069 3147 2228 3216 λόγου
2261 3152 2635 3222 γεγράφαται.
2681 3153 2792 3224 Τὴν
2816 3155 2874 3208 δὲ
2915 3154 3072 3209 πόλιν
3129 3159 3379 3225 συνεῖχεν
3417 3154 3495 3218 ὼς
3535 3149 3653 3209 οἷον

383 3253 682 3308 exercitus.
733 3221 888 3303 Tunc
909 3247 1068 3302 ducis
1117 3244 1392 3316 imperitia
1420 3221 1661 3298 revelata
1695 3241 1813 3306 fuit,
1845 3245 1996 3308 quac‘

2039 3270 2040 3275 η
2070 3241 2128 3291 ὲν
2155 3221 2431 3308 ἀγκάλαις
2457 3243 2487 3296 δ
2513 3259 2572 3296 τε
2596 3243 2721 3298 καθ’
2749 3221 2972 3311 ῖππους,
3006 3246 3035 3299 ὃ
3062 3261 3122 3299 τε
3165 3221 3316 3300 κατά.
3357 3247 3458 3309 τὰς
3513 3245 3652 3316 νῆας

381 3343 495 3415 jam
529 3350 689 3397 antea
725 3341 887 3396 dubia
935 3355 1045 3396 non
1073 3349 1215 3405 erat,
1254 3347 1314 3393 ut
1348 3338 1402 3392 in
1443 3335 1593 3392 brevi
1618 3335 1965 3390 demonstra-

2071 3331 2328 3399 στρατός.
2363 3333 2475 3385 Kal
2505 3335 2539 3404 ἡ
2571 3325 2666 3388 τοῦ
2716 3336 3028 3407 στρατηγοῦ
3070 3336 3372 3408 ἀϐελτηρία
3411 3335 3650 3390 ἐνταῦθα

385 3438 582 3492 bimus.
615 3433 858 3489 Primum
903 3433 1070 3497 enim,
1093 3445 1216 3486 cum
1250 3429 1434 3485 hostes
1466 3444 1573 3482 non
1603 3427 1758 3496 longe
1801 3426 1964 3479 abes-

2073 3421 2312 3491 μάλιστα
2345 3422 2672 3492 διεφαίνετο,
2709 3427 2846 3496 μηδὲ
2875 3427 2942 3480 τὰ
2991 3429 3186 3499 πρώην
3239 3429 3434 3500 ἄδηλος
3485 3430 3647 3495 οῦσα.

384 3539 529 3594 sent,
576 3528 953 3598 quosdamque
989 3524 1194 3579 milites
1239 3521 1474 3576 viriliter
1519 3533 1679 3590 agere
1710 3517 1969 3586 iussisset

2069 3512 2144 3576 ὡς
2176 3514 2210 3585 η
2243 3516 2536 3587 συγγραφὴ
2563 3519 2621 3569 ὲν
2653 3517 2910 3589 ὀλιγίστῳ
2947 3520 3294 3587 διαδείξεται.
3343 3523 3424 3576 Τὰ
3453 3523 3650 3594 πρῶτα

386 3619 518 3688 (dux
571 3617 716 3671 enim
778 3613 988 3682 peritus
1049 3609 1400 3678 dormiendi),
1452 3614 1845 3667 excurrerant.
1903 3619 1969 3659 ac

2073 3606 2174 3675 μὲν
2203 3605 2334 3677 γᾴρ,
2365 3609 2478 3662 τῶν
2526 3609 2800 3680 πολεμίων
2839 3613 2901 3664 οὐ
2921 3611 3142 3682 μακρὰν
3201 3614 3394 3680 ὄντων,
3456 3614 3651 3683 βιασάο

387 3723 554 3764 unum
599 3704 888 3776 quemdam
926 3700 1478 3771 comprehenderunt.
1513 3698 1688 3764 Quem
1722 3696 1967 3766 pulchris

2072 3698 2228 3767 μενοί
2264 3716 2412 3764 τινες
2452 3701 2562 3755 τῶν
2594 3704 2947 3774 στρατιωτῶν
2977 3705 3336 3776 ἀνδρίσασθαι
3367 3708 3418 3776 (ό
3442 3709 3550 3779 γάρ
3565 3726 3650 3765 τοι

388 3797 631 3852 vestibus
694 3791 1020 3847 militaribus
1089 3789 1361 3854 indutum,
1425 3801 1530 3840 non
1587 3787 1735 3840 illius
1785 3784 1968 3854 (exilis

2072 3791 2378 3861 στρατηγὸς
2403 3791 2576 3856 δεινὸς
2605 3789 2674 3865 ἦν
2732 3793 3080 3866 κοιμᾶσθαι),
3130 3796 3496 3867 ἁφώρμησαν,
3547 3800 3646 3852 καὶ

387 3891 532 3944 enim
589 3885 730 3953 erat)
783 3883 879 3939 sed
901 3896 1150 3944 suorum,
1178 3881 1232 3934 in
1283 3877 1559 3948 triumpho
1607 3893 1703 3948 per
1733 3876 1964 3932 mediam

2070 3881 2329 3953 συνέσχον
2363 3882 2460 3937 Eva
2505 3885 2650 3940 τινάο
2729 3884 2788 3938 ὃν
2813 3887 2912 3940 καὶ
2929 3886 3198 3957 λαμπρῶς
3252 3887 3649 3958 περιδύσαντες

389 3981 662 4034 civitatem
712 3975 985 4030 duxerunt
1015 3973 1283 4044 quasique
1329 3971 1619 4040 quemdam
1673 3969 1847 4023 virum
1886 3967 1968 4022 in-

2067 3972 2136 4026 τὰ
2173 3977 2568 4046 στρατιωτικὰ,
2596 3977 2699 4030 οὐκ
2727 3978 2792 4031 ὲκ
2813 3978 2924 4032 τῶν
2944 3978 3159 4032 ἐκείνου
3191 3977 3368 4047 (ψιλὸς
3396 3979 3504 4050 γὰρ
3529 3975 3643 4050 ἦν),

388 4070 598 4140 signem
667 4065 918 4119 laudibus
975 4063 1309 4118 extulerunt.
1372 4059 1568 4115 Statim
1637 4058 1867 4129 epistola
1934 4070 1965 4112 a

2066 4063 2183 4119 ἀλλ’
2209 4065 2274 4118 ικ
2312 4066 2422 4121 τῶν
2451 4068 2582 4135 παρ’
2613 4067 2820 4135 αὐτοῖς,
2851 4068 3169 4138 ἐπόμπευόν
3224 4086 3286 4122 τε
3329 4069 3417 4124 διὰ
3471 4071 3647 4144 μέσης

389 4159 649 4233 praefecto
667 4167 722 4214 et
751 4157 888 4212 duce
911 4155 978 4209 ad
989 4154 1386 4224 imperatorem
1415 4151 1670 4215 mittitur,
1692 4163 1795 4204 nos
1823 4147 1964 4204 bella

2066 4155 2168 4226 τῆς
2199 4157 2432 4222 πόλεως,
2465 4160 2564 4214 καὶ
2587 4158 2662 4222 ὡς
2699 4160 2878 4230 μέγαν
2913 4161 3040 4214 τινὰ
3072 4161 3288 4225 ἑλόντες
3335 4163 3641 4221 ὲκύδαινον.

389 4251 702 4322 belligerari
731 4247 1146 4306 adiuuantibus.
1172 4245 1269 4301 Die
1313 4244 1550 4300 secunda
1607 4244 1678 4298 ab
1723 4244 1827 4298 hac
1877 4240 1968 4295 die

2066 4248 2178 4302 Kal
2219 4250 2406 4320 γραφὴ
2437 4250 2597 4314 εὐθὺς
2621 4250 2717 4305 τοῦ
2744 4254 2840 4306 καὶ
2864 4253 3174 4325 στρατηγοῦ
3209 4255 3306 4309 καὶ
3346 4256 3536 4318 δουκδς
3560 4257 3643 4321 εἰς

389 4343 480 4396 alii
521 4342 812 4396 mittuntur
863 4353 927 4392 ac
977 4338 1200 4407 capiunt
1255 4349 1364 4389 nou
1399 4335 1674 4389 hominem
1725 4335 1821 4387 sed
1859 4333 1966 4386 duo

2065 4341 2159 4393 τὸν
2210 4340 2457 4409 βασιλέα,
2495 4342 2571 4404 ὡς
2608 4341 2853 4414 εὐτυχῶς
2893 4345 3026 4414 ἡμῖν
3055 4346 3123 4398 τὰ
3170 4347 3252 4409 είς
3309 4345 3491 4417 μάχην
3541 4348 3643 4416 φέ-

389 4437 590 4490 misera
630 4433 875 4502 jumeuta
909 4441 964 4485 et
1006 4430 1360 4485 simulacrum
1400 4425 1587 4480 militis
1615 4424 1828 4492 capitis.
1859 4421 1964 4489 Qui

2068 4449 2246 4504 ρεται.
2295 4433 2513 4504 Ἡμέρᾳ
2545 4437 2685 4504 μετὰ
2705 4436 2909 4508 ταύτην
2945 4437 3175 4510 δευτέρᾳ
3204 4439 3298 4492 καὶ
3349 4438 3641 4509 μετεξέτεο

388 4529 533 4582 enim
567 4525 708 4580 hanc
750 4525 1011 4578 habuerat
1054 4520 1360 4589 aufugerat,
1388 4518 1767 4588 objeceratque
1802 4514 1960 4584 quasi
1989 4565 2001 4624 1

2025 4567 2041 4621 ’
2182 4527 2526 4624 στέλλονται,
2557 4530 2654 4583 καὶ
2683 4531 2932 4601 αἱροῦσιν
2958 4531 3146 4585 οὐκέτι
3191 4533 3301 4586 οὐδ’
3327 4533 3638 4604 ἄνθρωπον,

389 4621 446 4675 in
475 4619 708 4689 pretium
735 4613 1209 4687 persequentibus.
1241 4611 1433 4666 Statim
1464 4610 1658 4662 iterum
1697 4606 1958 4675 triumphi
1989 4606 2002 4624 ‘

2025 4606 2038 4621 ’
2067 4616 2206 4670 ἀλλὰ
2241 4616 2335 4670 δύο
2375 4618 2616 4688 ίππάρια
2659 4617 2920 4690 δυστυχῆ,
2955 4622 3052 4675 καὶ
3084 4620 3328 4690 σκίασμα
3372 4623 3638 4692 στρατιώ-

389 4711 446 4764 in
472 4709 710 4771 civitate,
727 4707 1082 4776 iumentaque
1107 4708 1264 4770 capta
1297 4697 1783 4755 considerabamur
1805 4697 1959 4767 quasi

2066 4723 2162 4760 του
2184 4708 2448 4778 κεφαλῆς.
2516 4709 2576 4763 '0
2606 4710 2716 4782 γὰρ
2744 4711 2904 4765 τοῦτο
2921 4711 3062 4781 έχων
3086 4711 3472 4782 διεκπέφευγε,
3505 4732 3637 4784 προ-

387 4799 596 4868 aliquid
639 4811 894 4866 maguum
934 4793 1082 4864 quod
1123 4801 1334 4861 raptum
1374 4789 1586 4844 fuisset.
1637 4787 1834 4842 Forma
1865 4800 1959 4842 ca-

2067 4797 2347 4868 ηκάμενος
2379 4793 2492 4854 οἷον
2523 4801 2605 4864 είς
2656 4801 2858 4871 λύτρον
2913 4803 3045 4856 αὐτὸ
3065 4807 3181 4869 τοῖς
3231 4806 3635 4862 ἐπιδιώκουσιν.

388 4894 516 4960 pitis
566 4904 730 4959 super
788 4889 944 4941 basta
999 4899 1219 4954 quoque
1266 4879 1756 4938 circumferebatur
1801 4879 1958 4948 quasi

2066 4892 2178 4944 Kal
2216 4892 2420 4947 αὐτίκα
2449 4891 2709 4963 θρίαμϐοι
2741 4895 2905 4949 πάλιν
2958 4898 3018 4949 ὲν
3066 4899 3132 4968 τῇ
3191 4899 3378 4952 πόλει·
3417 4904 3512 4955 καὶ
3565 4904 3633 4958 τὰ

390 4985 624 5056 spolium
673 4980 903 5049 insigne.
935 4977 1134 5032 lterum
1159 4977 1392 5046 epistola
1433 4973 1670 5040 imperiti
1697 4971 1856 5027 ducis
1893 4971 1960 5026 ad

2068 4981 2392 5052 αἰχμάλωτα
2423 4984 2713 5055 ἱππαρίδια
2743 4987 3189 5056 περιεϐλέποντο,
3216 4989 3306 5045 οἷα
3339 4995 3515 5062 μέγαν
3546 4996 3626 5064 ὃν,

391 5080 775 5146 imperatorem
806 5071 874 5125 de
915 5069 1060 5122 bono
1102 5070 1248 5123 exitu
1296 5067 1441 5122 belli.
1474 5067 1600 5121 Inde
1621 5067 1749 5120 irati
1773 5065 1959 5120 hostes

2068 5075 2153 5128 ὅτι
2193 5092 2300 5146 περ
2330 5077 2473 5130 αὐτὰ
2493 5071 2662 5134 εἷλον.
2699 5080 2810 5134 Kal
2849 5081 2912 5133 τὸ
2962 5083 3207 5137 σκιάδιον
3253 5085 3347 5138 ἐπὶ
3393 5091 3633 5157 σημαίας

388 5165 484 5234 qui
511 5163 586 5219 ibi
615 5167 772 5217 erant
794 5167 852 5212 ut
873 5157 1172 5211 crabrones
1188 5157 1337 5211 brevi
1357 5157 1750 5212 advolaverunt
1769 5157 1837 5211 ad
1857 5170 1959 5211 nos

2066 5166 2256 5237 ᾔρετο,
2287 5168 2430 5222 καθά
2469 5185 2522 5223 τι
2553 5174 2853 5241 κορυφαῖον
2886 5173 3189 5244 σκύλευμα.
3239 5179 3349 5230 Kal
3397 5182 3637 5251 γράμμα

393 5258 577 5328 (antea
609 5253 756 5308 enim
813 5249 1169 5315 distulerant,
1193 5248 1427 5305 classem
1459 5250 1676 5319 signum
1702 5251 1956 5306 daturam

2069 5259 2233 5313 πάλιν
2255 5259 2350 5312 τοῦ
2379 5260 2757 5332 δυσαριστέως
2786 5267 2915 5332 περὶ
2938 5263 3028 5318 τὸν
3060 5266 3308 5337 βασιλέα,
3338 5270 3416 5334 ὡς
3439 5248 3448 5250 _
3475 5248 3637 5328 εὐτυ-

391 5341 830 5417 cxspectantes),
853 5341 1254 5410 civitatemque
1284 5355 1314 5395 a
1334 5343 1548 5411 magnis
1581 5341 1774 5409 januis
1807 5341 1958 5397 occi-

2068 5350 2270 5421 χοῦμεν
2295 5351 2363 5406 τὰ
2391 5352 2533 5405 κατὰ
2562 5353 2820 5422 πόλεμον.
2871 5355 2957 5419 Ὠς
2991 5358 3046 5410 δὲ
3073 5358 3285 5414 ἐκεῖθεν
3329 5363 3640 5432 ἐρεθισθέν-

392 5439 708 5495 dentalibus
743 5449 920 5505 usque
971 5434 1039 5488 ad
1077 5442 1250 5488 totam
1293 5450 1476 5490 arcem
1511 5435 1698 5490 subito
1725 5451 1958 5490 curren-

2067 5459 2159 5504 τες
2192 5443 2242 5494 οἱ
2275 5444 2416 5498 κατὰ
2444 5445 2550 5514 γῆν
2586 5447 2856 5515 πολέμιοι,
2888 5449 3032 5501 καθὰ
3080 5454 3172 5503 καί
3224 5469 3370 5519 τινες
3401 5459 3633 5529 σφῆκες,

396 5527 986 5587 tescircumdederunt.
1013 5525 1088 5581 lbi
1117 5527 1444 5581 litexcursio
1468 5527 1699 5582 duorum
1715 5528 1960 5596 equitum

2067 5540 2204 5605 ταχὺ
2233 5537 2356 5592 καθ’
2389 5540 2547 5610 ήμῶν
2573 5542 2938 5610 ἐπτερύξαντο
2970 5546 3060 5614 (τὰ
3101 5548 3212 5617 γὰρ
3269 5552 3374 5618 πρὸ
3433 5525 3637 5607 τούτων

394 5621 767 5677 Latinorume
819 5627 980 5689 gente
1031 5619 1508 5685 Prebentzonum,
1561 5635 1681 5690 qua:
1727 5621 1962 5675 maxima

2070 5629 2446 5694 ἀνεόἀλλοντο,
2481 5632 2918 5700 καραδοκοῦντες
2959 5637 3018 5688 τὸ
3083 5642 3339 5694 ναυτικὸν
3387 5646 3526 5699 κατά
3582 5663 3634 5699 τι

395 5715 625 5771 audacia
676 5712 940 5786 exercitui
993 5710 1178 5767 Siculo
1242 5711 1575 5780 adhaerebat,
1613 5713 1964 5784 pluriumque

2073 5723 2372 5794 σύνθημα),
2407 5727 2500 5779 καὶ
2536 5728 2632 5796 τὴν
2667 5727 2820 5781 πόλιν
2842 5731 2906 5782 ἐκ
2939 5732 3048 5782 τῶν
3087 5715 3355 5802 δυσμόθξν
3385 5737 3636 5805 μεγάλων

394 5823 462 5864 ex
531 5808 772 5876 nostris;
827 5806 1038 5864 scilicet
1104 5806 1289 5863 decem
1353 5817 1408 5862 et
1471 5809 1724 5879 amplius.
1769 5808 1962 5864 Nullus

2071 5819 2254 5872 πυλῶν
2293 5819 2396 5883 ἕως
2426 5823 2520 5874 καὶ
2569 5823 2623 5883 ἐς
2663 5823 2787 5887 ὃλην
2838 5824 2936 5884 τὴν
2997 5827 3288 5886 ἀκρόπολιν
3343 5832 3638 5898 ἀκηρυκτεὶ
