4084 6436
355 349 425 411 65
1184 345 1278 404 DE
1317 341 1883 404 TIiESSAI.0NiCA
1937 339 2143 400 URBE
2179 343 2221 400 A
2257 341 2565 402 LATlNlS
2597 341 2852 404 CAPTA.
3575 344 3644 408 66

366 462 755 531 ἐπιδραμόντες
774 461 1184 526 ἐκυκλώσαντο,
1217 459 1430 528 γίνεταί
1449 474 1530 518 τις
1556 457 1673 507 ὲκεϊ
1702 451 1949 524 ἐκδρομὴ

2064 451 2285 519 quidem
2332 452 2512 518 cadit;
2541 453 2742 506 milites
2776 465 2905 506 vero
2943 448 3127 506 Latini
3172 451 3367 522 trepidi
3402 451 3642 522 fugiunt.

358 553 454 606 δύο
483 553 582 622 μὲν
611 551 858 606 Λατίνων
878 551 1096 605 ἱππέων
1131 553 1192 603 ὲκ
1225 547 1318 602 τοῦ
1345 549 1452 600 τῶν
1491 542 1945 616 Πρεϐεντζούνων

367 647 578 709 ἔθνους,
619 645 732 712 ὃδὴ
775 643 912 697 πολὺ
968 644 1062 697 καὶ
1090 641 1498 713 τεθαρῥημένον
1554 637 1632 706 τῷ
1684 633 1950 702 Σικελικῷ

371 735 592 804 στρατῷ
621 734 952 803 παρείπετο,
983 733 1244 785 πλειόνων
1279 732 1332 784 δὲ
1381 734 1445 784 ὲκ
1478 729 1586 784 τῶν
1615 728 1908 800 ἡμεδαπῶν
1931 743 1944 757 ⁸

370 827 515 895 ὑπὲρ
547 827 674 887 τοὺς
708 827 842 878 δέκα
863 825 994 893 γάρ.
1031 825 1141 878 Καὶ
1166 824 1354 876 πίπτει
1384 824 1482 892 μὲν
1501 822 1696 882 οὐδείς·
1737 817 1950 885 ἐναγώ-

367 934 470 968 νιοι
500 917 557 968 δὲ
585 917 634 968 oi
665 917 898 968 Λατῖνοι
925 916 1310 985 διεκφεύγουσι
1340 914 1400 966 τὸ
1426 916 1634 966 πεσεῖν.
1659 897 1764 964 Καὶ
1787 910 1950 964 πάλιν

373 1008 628 1076 ἀναφορὰ
654 1009 736 1070 είς
792 1009 885 1062 τὸν
933 1007 1158 1078 βασιλέα
1213 1005 1396 1077 τρίτη,
1447 1005 1522 1068 ὡς
1567 1007 1634 1075 τῇ
1698 1003 1949 1075 βασιλικῇ

366 1099 506 1167 εὐχῇ
535 1116 592 1150 τε
628 1101 722 1150 καὶ
751 1099 980 1167 εὐτυχίᾳ
1012 1099 1384 1168 νενικήκαμεν
1442 1099 1538 1150 καὶ
1585 1096 1675 1164 τὸν
1735 1095 1949 1166 πρῶτον

369 1191 636 1258 πόλεμον,
671 1189 776 1242 οὐκ
805 1185 923 1242 οἶδα
948 1189 1113 1242 τίνων
1152 1189 1580 1259 περιγενόμενοι.
1638 1188 1745 1240 Καὶ
1791 1187 1951 1258 ἤθελε

375 1280 480 1349 μὲν
514 1282 543 1333 ό
575 1281 884 1350 στρατηγὸς
911 1280 1008 1339 τὰς
1035 1282 1185 1351 τρεῖς
1210 1283 1415 1342 ταύτας
1443 1281 1608 1332 αὑτοῦ
1659 1279 1817 1342 νίκας
1869 1280 1951 1332 ἑνὶ

367 1370 672 1440 ἐπιστολίῳ
700 1371 1043 1440 περιλαϐεῖν,
1091 1371 1266 1439 φειδοί
1312 1370 1558 1439 δαπάνης
1605 1369 1699 1422 καὶ
1755 1370 1950 1439 δρομι-

364 1463 483 1515 κῶν
517 1463 724 1518 ἵππων.
771 1462 1087 1533 Ἐγκρατὴς
1131 1465 1240 1532 γὰρ
1282 1459 1352 1534 ἦν
1413 1465 1616 1534 χειρῶν
1676 1461 1890 1533 ἀληθῶς
1922 1463 1952 1517 ό

365 1555 681 1623 ἄνθρωπος.
745 1554 909 1608 Ἀλλὰ
941 1555 1299 1620 προεκαλεῖτο
1349 1555 1442 1606 τὸν
1504 1554 1824 1607 Καλλίνικον
1872 1555 1952 1616 εἰς

359 1645 428 1697 τὸ
457 1647 772 1712 δαπανῆσαι
793 1645 852 1697 τὸ
880 1645 1088 1698 ἐθέλειν
1120 1645 1258 1698 κατὰ
1281 1645 1376 1697 τοῦ
1434 1646 1698 1715 βασιλέως
1764 1646 1948 1716 γελᾷν.

364 1737 480 1787 Καὶ
513 1731 652 1804 ἦγεν
689 1734 838 1803 αὐτῷ
890 1735 1026 1804 πρὸς
1047 1736 1291 1804 ἀνάγκης
1341 1736 1404 1788 τὸ
1461 1739 1716 1806 πρᾶγμα.
1781 1737 1953 1789 Ἐκεῖ-

2046 542 2260 598 "lterum
2292 545 2486 598 tertius
2530 543 2780 609 nuntius,
2807 541 2968 612 quasi
3005 544 3260 612 precibus
3288 547 3644 616 imperatoris

2059 648 2360 704 nostraque
2416 634 2557 689 bona
2615 633 2837 688 fortuna
2907 633 3236 692 vicissemus
3298 647 3351 692 et
3407 653 3472 693 ex
3536 641 3641 695 hoc

2059 727 2233 795 primo
2265 727 2405 780 bello
2434 727 2759 796 superstites
2792 727 3183 782 evasissemus.
3205 729 3385 784 Voluit
3413 746 3632 802 quoque

2056 824 2162 870 dux
2196 824 2309 872 tres
2335 816 2433 871 has
2465 817 2642 886 ipsius
2669 818 2929 872 victorias
2957 817 3011 870 in
3043 833 3151 872 uno
3173 819 3379 889 scripto
3413 824 3640 876 conclu-

2057 914 2205 968 dere.
2241 923 2300 965 ut
2337 911 2601 980 impensis
2650 927 2712 963 ex
2767 910 2928 980 equis
2987 911 3310 966 cursoribus
3363 922 3638 982 parceret.

2058 1002 2186 1055 Erat
2221 1000 2366 1054 enim
2425 1014 2550 1054 vere
2599 1015 2760 1053 manu
2820 1000 3127 1059 continens.
3162 999 3259 1056 srd
3310 1001 3637 1057 hortabatur

2055 1092 2378 1145 Callinicum
2455 1099 2512 1145 ut
2564 1090 2660 1145 bas
2723 1090 3002 1157 impensas
3050 1090 3229 1146 facere
3273 1093 3453 1155 vellet,
3490 1094 3636 1164 quod

2057 1182 2195 1236 risui
2243 1181 2343 1235 fuit
2385 1180 2725 1250 imperatori.
2760 1179 2858 1233 Sic
2899 1181 3208 1234 necessario
3252 1182 3375 1234 huic
3410 1184 3640 1234 attraxit

2059 1273 2356 1343 negotium.
2387 1272 2477 1326 ille
2511 1271 2654 1324 enim
2707 1271 2898 1324 oderat
2929 1271 3074 1325 hunc
3123 1271 3269 1326 sicut
3309 1280 3362 1326 et
3410 1283 3639 1328 caeteros

2058 1365 2112 1420 in
2137 1365 2336 1434 quibus
2369 1363 2624 1418 elucebat
2655 1378 2857 1432 genus;
2884 1361 3112 1432 ipseque
3149 1363 3332 1416 odium
3371 1363 3424 1416 in
3454 1365 3636 1432 ipsum

2057 1457 2327 1512 convertit
2362 1453 2522 1507 modo
2561 1453 2736 1508 ferme
2783 1452 2974 1508 simili.
3003 1451 3302 1506 Dictitabat
3342 1453 3534 1507 timere
3580 1468 3640 1508 se

2055 1547 2302 1618 quotidie
2352 1561 2418 1598 ne
2464 1545 2590 1614 quis
2653 1545 2717 1598 ad
2765 1545 2942 1613 ipsum
2988 1543 3268 1598 advolaret
3317 1543 3636 1614 Megalopoli

2057 1641 2250 1693 oculos
2283 1645 2562 1690 eruturus.
2611 1635 2974 1704 Nouunquam
3014 1635 3154 1689 dixit
3204 1643 3390 1688 natum
3427 1651 3486 1689 se
3519 1651 3641 1690 esse

2059 1745 2087 1783 a
2123 1729 2216 1784 tali
2262 1739 2452 1793 iratre,
2500 1729 2662 1783 istum
2713 1727 2978 1780 honorem
3030 1734 3373 1790 exsecratus,
3406 1726 3450 1778 si
3491 1725 3636 1780 Con-

360 1828 456 1891 νός
482 1845 544 1880 τε
572 1829 681 1897 γὰρ
720 1827 900 1896 ἐμίσει
933 1826 1144 1888 τοῦτον,
1187 1827 1332 1881 καθά
1397 1827 1493 1881 καὶ
1523 1830 1651 1891 τοὺς
1705 1829 1947 1894 λοιποὺς,

2059 1823 2467 1892 stantinopoiim
2509 1821 2926 1876 -revertendum
2975 1829 3121 1873 esset
3157 1834 3172 1883 ;
3239 1818 3516 1872 iunuendo
3577 1833 3638 1872 se

362 1921 522 1983 ὅσοις
554 1921 616 1972 τὺ
637 1922 795 1988 γένος
820 1919 1037 1988 ἔλαμπε
1057 1935 1074 1951 ·
1108 1920 1201 1972 καὶ
1225 1920 1387 1983 αὐτὸς
1410 1919 1468 1974 δὲ
1494 1921 1826 1992 ἀντέστρεφε
1889 1922 1950 1976 τὸ

2059 1919 2156 1972 alia
2193 1917 2349 1970 malle
2377 1915 2460 1969 via
2494 1914 2698 1983 ingredi
2741 1921 2795 1968 et
2826 1913 3005 1966 minus
3032 1912 3232 1964 malum
3268 1911 3459 1980 majori
3508 1926 3645 1980 prir-

370 2014 533 2080 μῖσος
554 2012 690 2080 πρὸς
717 2011 881 2064 αὐτὸν
919 2012 982 2064 οὐ
1013 2011 1231 2081 μακρὰν
1265 2011 1358 2064 τοῦ
1402 2012 1687 2081 ἀνάλογον.
1750 2014 1847 2075 ’Ὀς
1885 2031 1948 2078 γε

2059 2006 2224 2070 ferre,
2277 2011 2386 2058 imo
2427 2005 2494 2058 ad
2542 2012 2776 2058 mortem
2812 2002 2985 2072 ipsam
3030 2010 3277 2070 paratum
3311 2015 3462 2066 esse;
3494 2003 3640 2069 quod

365 2103 466 2159 καὶ
495 2102 864 2171 ἀνεφθέγγετο
892 2101 1128 2156 δεδιέναι
1180 2103 1548 2174 καθεκάστην,
1601 2105 1813 2175 μήποτέ
1859 2124 1945 2171 τις

2059 2108 2135 2161 fas
2167 2115 2272 2155 non
2307 2107 2448 2153 erat.

361 2192 518 2262 αὐτῷ
567 2195 630 2243 ὲκ
689 2191 1125 2261 Μεγαλοπόλεως
1185 2193 1607 2264 ἔπιπετασθείη,
1646 2195 1916 2267 ἑξορύξων
1965 2199 2093 2262 τοὺς
2159 2189 2494 2262 ὀφθαλμούςο
2528 2187 2636 2240 Καί
2698 2203 2830 2240 ποτε
2893 2188 2989 2240 καὶ
3033 2188 3256 2241 τοιᾶσδε
3311 2188 3417 2259 ἔφη
3476 2186 3663 2257 φῦναιέ

365 2289 598 2359 μητρὸς,
627 2290 1009 2361 κακολογήσας
1035 2289 1194 2363 θυμῷ
1219 2291 1322 2362 τὴν
1351 2292 1543 2361 τιμίαν
1608 2292 1846 2363 ἐκείνην,
1906 2296 2002 2348 ἐὰν
2055 2295 2137 2354 είς
2202 2282 2788 2342 Κωνσταντινοῠπολιν
2844 2284 3243 2356 ἀναστραφείη.
3323 2284 3488 2339 Ὅθεν
3543 2286 3643 2337 καὶ

362 2381 634 2451 διεδήλου,
663 2381 737 2444 ὡς
777 2381 947 2454 ἄλλην
971 2382 1096 2435 τινὰ
1161 2384 1467 2452 τραπέσθαι
1527 2384 1836 2455 αἱρήσεται,
1895 2387 1990 2439 καὶ
2053 2383 2303 2454 μείζονος
2363 2375 2536 2432 κα.κοῦ
2603 2373 2926 2430 ἀνθελέσθαι
2986 2393 3040 2429 τι
3102 2378 3466 2450 βραχύτερον,
3536 2380 3633 2434 καὶ

361 2473 462 2528 τοῦ
512 2475 613 2547 ζῇν
655 2473 716 2539 ἐξ
759 2474 1062 2546 ὀφθαλμῶν
1114 2474 1436 2542 προθέσθαι,
1483 2474 1513 2527 ὃ
1570 2476 1635 2530 ἄν
1682 2491 1768 2538 τις
1852 2477 2020 2544 εἴποι,
2063 2472 2257 2528 κακόν.

441 2608 545 2674 νεῖ.
580 2611 790 2664 Οὐκοῦν
825 2611 922 2664 καὶ
957 2608 1230 2680 μεθώδευε
1289 2609 1348 2662 τὸ
1404 2609 1664 2664 τοιοῦτον.
1729 2612 1838 2664 Καὶ
1891 2612 1952 2666 οὑ

370 2700 576 2770 βαθείᾳ
600 2699 746 2770 ψυχῇ
777 2699 1064 2769 μεριμνῶν
1091 2699 1158 2751 τὰ
1195 2700 1335 2751 κατὰ
1376 2699 1550 2763 πόλιν,
1582 2699 1834 2753 ἀνέπειθε
1863 2702 1955 2754 τὸν

383 2793 731 2862 Ἀνδρόνικον
753 2791 812 2844 εὖ
847 2791 994 2861 μάλα
1023 2790 1314 2860 τεχνικῶς,
1343 2791 1418 2854 ὡς
1444 2790 1503 2843 εὖ
1534 2790 1716 2862 ἔχουσι
1741 2793 1809 2844 τὰ
1831 2792 1955 2846 καθ’

368 2883 550 2952 ἡμᾶς,
581 2883 678 2934 καὶ
709 2880 784 2944 ὡς
816 2881 1246 2952 περιπεποίηται
1295 2881 1327 2950 ἡ
1392 2880 1545 2941 πόλις
1592 2881 1809 2950 ἄριστα,
1858 2883 1955 2935 καὶ

2131 2607 2219 2661 57.
2257 2603 2384 2658 Haec
2419 2604 2587 2671 igitur
2615 2603 2698 2659 sic
2721 2602 3012 2674 dirigebat.
3035 2603 3147 2660 Nec
3174 2607 3343 2662 animi
3373 2608 3643 2665 sollicitus

2057 2699 2202 2754 circa
2265 2712 2328 2752 ea
2390 2710 2513 2765 qua:
2571 2695 2724 2750 urbis
2792 2705 2975 2757 erant.
3033 2697 3336 2754 calliditate
3402 2702 3640 2756 maxima

2056 2791 2376 2844 Andronico
2402 2789 2768 2858 persuadebat
2799 2789 2984 2842 omnia
3010 2804 3070 2844 se
3102 2790 3242 2845 bene
3267 2793 3472 2849 habere
3495 2795 3641 2863 apud

2057 2896 2183 2946 nos,
2235 2879 2509 2935 mirabilia
2553 2894 2714 2950 agere
2763 2880 3065 2945 civitatem,
3109 2881 3246 2937 nihil
3290 2883 3486 2939 deesse
3536 2884 3639 2949 illi,

369 2974 530 3026 οὐδὲν
562 2972 700 3043 αὐτὴ
730 2974 838 3024 τῶν
869 2972 1100 3025 δεόντων
1122 2971 1281 3038 ἐνδεῖ,
1306 2972 1364 3025 οὐ
1389 2971 1618 3042 πύργων
1656 2974 1952 3042 ἀσφάλεια,

2059 2988 2158 3030 nee
2178 2972 2412 3027 turrium
2441 2971 2818 3036 securitatem,
2835 2985 2937 3025 nec
2957 2971 3202 3036 balistas,
3232 2987 3332 3027 nec
3352 2988 3636 3028 murorum

370 3065 437 3116 οὐ
467 3064 788 3133 πετροϐόλοι
825 3065 1091 3134 μηχαναὶ,
1125 3065 1184 3116 οὐ
1237 3064 1433 3133 τειχῶν
1486 3065 1822 3134 ὲπιποίησις,
1887 3067 1948 3120 οὐ

2059 3063 2370 3135 pinnacula,
2397 3077 2500 3116 nec
2535 3060 2803 3116 circuitus
2857 3061 3215 3127 munimenta,
3243 3078 3345 3120 nec
3370 3080 3636 3121 curruum

376 3155 868 3225 περιτειχίσματος
905 3155 1234 3226 ὲρυμνότης,
1260 3149 1321 3208 ὁύ
1358 3156 1562 3225 πλῆθος
1609 3159 1705 3211 καὶ
1759 3159 1954 3224 κάλλος

2062 3154 2464 3210 multitudinem
2529 3163 2624 3207 aut
2685 3153 3172 3223 pulchritudinem,
3240 3172 3344 3212 nec
3419 3159 3639 3214 tandem

378 3249 673 3318 ἁρμάτων,
707 3250 809 3301 οὐκ
837 3248 966 3302 ἄλλο
988 3247 1138 3300 οὐδέν
1163 3262 1176 3277 °
1211 3246 1380 3317 ψευδῆ
1427 3248 1526 3318 μὲν
1558 3251 1790 3320 γράφων
1815 3253 1953 3322 πρὸς

2059 3263 2173 3303 rem
2215 3247 2404 3303 ullam.
2451 3245 2813 3301 Mentiebatur
2842 3247 3061 3317 quidem
3097 3249 3165 3303 de
3216 3249 3381 3305 rebus
3413 3267 3534 3320 qua:
3567 3253 3634 3304 ad

376 3339 442 3390 τὸ
463 3339 642 3408 ἐαυτῷ
667 3339 814 3409 μόνῳ
850 3340 1096 3392 συνοῖσον
1129 3337 1224 3392 καὶ
1250 3339 1640 3409 ἀνεξέλεγκτα,
1701 3343 1787 3395 ὅτι
1816 3344 1954 3415 μηδὲ

2063 3341 2216 3395 illum
2279 3337 2454 3394 solum
2518 3339 2867 3408 pertinebant
2923 3339 3213 3394 scribendo
3281 3356 3404 3410 quae
3459 3341 3636 3397 refelli

373 3425 446 3498 ἦν
477 3447 563 3492 τις
590 3432 618 3483 ό
638 3431 748 3482 εἴτε
786 3430 964 3494 εἰδὼς,
1001 3432 1147 3500 ἆπερ
1178 3430 1439 3507 ἔγραφεν,
1471 3434 1580 3486 εἴτε
1611 3433 1806 3502 λαλῶν,
1841 3437 1952 3488 εἴτε

2062 3445 2166 3482 non
2199 3436 2468 3498 poterant,
2493 3443 2617 3482 cum
2655 3443 2813 3483 nemo
2855 3437 3002 3484 esset
3043 3429 3136 3499 qui
3174 3431 3257 3486 vel
3287 3433 3454 3486 sciret
3492 3433 3636 3502 quod

371 3521 563 3573 λαλεῖν
616 3520 830 3590 τολμῶν
862 3537 877 3551 ·
929 3521 1136 3574 πείθων
1181 3521 1238 3575 δὲ
1295 3525 1502 3576 ἐκεῖνον
1550 3526 1650 3578 οὐκ
1712 3526 1954 3596 εὐτυχῶς

379 3617 540 3684 ἡμῖν.
597 3615 1070 3684 Πεπραγμάτευτο
1131 3614 1240 3684 γὰρ
1288 3615 1492 3686 θάρρος
1565 3616 1825 3686 ἐμϐαλεῖν
1877 3617 1955 3688 τῷ

380 3704 602 3772 βασιλεῖ
631 3703 762 3773 περὶ
791 3703 974 3774 ήμῶν,
1007 3703 1083 3766 ὡς
1109 3704 1210 3757 οὐκ
1235 3705 1300 3758 ἄν
1329 3723 1382 3757 τι
1410 3706 1580 3758 κακόν
1635 3707 1798 3760 ποθεν
1856 3709 1958 3762 πά-

379 3796 579 3864 θοιμεν
611 3811 630 3829 ο
673 3795 762 3849 ἴνα
827 3795 1038 3865 κεφαλὴ
1083 3795 1241 3866 μόνος
1301 3797 1462 3859 αὐτὸς
1513 3798 1792 3866 ὲφίσταιτο
1845 3802 1957 3866 τοῖς

383 3880 514 3950 ὧδε,
551 3887 645 3939 καὶ
688 3887 762 3955 μή
791 3903 900 3938 τινι
926 3887 1105 3956 ἑτέρῳ
1135 3889 1468 3957 ἐπιτραπείη
1524 3889 1594 3941 τὰ
1653 3891 1804 3960 τῇδε,
1856 3891 1956 3960 οἴῳ

379 3974 805 4046 περισώσασθαι
828 3976 1030 4042 ταῦτα,
1073 3979 1169 4032 καὶ
1204 3975 1351 4030 οὕτω
1411 3978 1506 4048 τῆς
1560 3979 1736 4050 ἀρχῆς
1792 3981 1956 4036 αὐτόν

382 4085 523 4121 ante
563 4067 1091 4138 παραλυθῆναι,.καὶ
1135 4071 1215 4132 είς
1271 4073 1457 4141 χεῖρας
1495 4069 1572 4140 τῷ
1637 4073 1958 4145 Ἀνδρονίκῳ

382 4161 713 4230 περιτυχεῖν
740 4175 751 4190 ³
774 4158 864 4228 ὑφ’
905 4152 979 4212 ὧν
1015 4160 1110 4211 καὶ
1143 4161 1312 4216 πάλαι
1352 4162 1419 4214 ἂν
1445 4164 1756 4234 συνετρίϐη,
1809 4166 1857 4217 εἰ
1883 4166 1958 4235 μὴ

382 4253 412 4304 ό
449 4249 909 4320 σεϐαστοκράτωρ
954 4250 1234 4321 Μανουὴλ,
1267 4251 1448 4320 ἀγαθὰ
1502 4253 1702 4318 λαλῶν,
1734 4255 1828 4307 καὶ
1866 4255 1964 4322 μέ-

388 4360 486 4405 σος
514 4342 732 4394 πίπτων
755 4345 1070 4410 γυναικείου
1100 4343 1270 4414 λόγῳ,
1296 4345 1459 4397 αὐτὸν
1482 4345 1867 4415 περιεσώζετο,
1897 4347 1957 4400 οὐ

387 4435 528 4506 πρὸς
556 4433 801 4506 γαλήνην
823 4437 981 4505 ἡμῖν,
1012 4437 1129 4490 ἀλλ’
1157 4436 1233 4499 ὼς
1265 4438 1345 4501 εἰς
1375 4438 1617 4506 τυφῶνα,
1648 4441 1707 4492 τὸ
1743 4442 1848 4493 πᾶν
1861 4458 1960 4494 κυ-

378 4531 652 4597 κήσοντα.
697 4528 806 4582 Καὶ
842 4530 900 4592 ἐς
939 4529 1185 4582 τοιοῦτον
1207 4531 1471 4602 περιῆλθε
1504 4531 1832 4602 πανούργως
1864 4535 1959 4588 τὸν

2059 3520 2354 3582 scribebat,
2391 3518 2474 3573 vel
2522 3518 2750 3583 diceret,
2793 3519 2876 3573 vel
2924 3517 3152 3575 auderet
3192 3522 3410 3588 dicere;
3445 3524 3638 3594 sicque

2059 3611 2137 3666 illi
2179 3608 2473 3663 infeliciter
2518 3609 2679 3664 nobis
2718 3610 3101 3678 persuadebat.
3142 3610 3416 3668 Audacter
3463 3615 3638 3684 impe-

2063 3702 2232 3756 ratori
2279 3701 2444 3756 verba
2478 3702 2627 3755 dedit
2655 3701 2721 3754 de
2759 3701 2938 3768 nobis,
2977 3703 3128 3757 nullo
3180 3704 3339 3758 modo
3381 3719 3482 3760 nos
3533 3707 3637 3759 ali-

2059 3793 2189 3862 quid
2253 3793 2391 3862 pati,
2455 3801 2515 3846 ut
2581 3793 2748 3847 rebus
2814 3791 2964 3847 hisce
3035 3793 3183 3848 solus
3247 3796 3634 3862 praeficeretur,

2063 3894 2119 3937 et
2160 3901 2226 3938 ne
2257 3885 2420 3939 alicui
2465 3885 2618 3938 alteri
2659 3887 3139 3942 committerentur
3169 3887 3496 3952 reficiendaa,
3525 3890 3635 3944 sic-

2060 3989 2166 4044 que
2203 3975 2497 4046 aliquando
2538 3976 2645 4046 ipsi
2702 3977 3135 4032 substitueretur
3187 3977 3243 4032 in
3305 3979 3631 4048 magistratu

2061 4069 2288 4138 ipseque
2318 4069 2374 4121 in
2425 4083 2620 4122 manus
2671 4069 2970 4124 Andronici
3025 4069 3314 4135 incideret,
3367 4075 3471 4128 sub
3503 4074 3631 4142 qui-

2060 4159 2292 4227 busjam
2354 4159 2484 4213 olim
2545 4174 2843 4228 oppressus
2891 4159 3109 4229 fuisset,
3164 4162 3272 4218 nisi
3339 4164 3635 4234 imperator

2061 4248 2302 4314 Manuel,
2354 4249 2494 4306 bene
2530 4251 2597 4305 de
2674 4252 2793 4321 ipso
2845 4254 3096 4322 loquens,
3161 4271 3330 4326 seque
3393 4257 3636 4328 interpo-

2061 4357 2199 4396 nens
2230 4340 2519 4396 mulierum
2555 4343 2834 4411 precibus.
2865 4345 3017 4399 illum
3078 4349 3371 4412 salvassel,
3407 4363 3513 4402 non
3565 4348 3634 4404 ad

2061 4432 2218 4488 urbis
2251 4447 2464 4504 pacem,
2520 4432 2617 4489 sed
2648 4437 2714 4488 ad
2743 4444 3124 4506 tempestatem
3175 4439 3363 4494 omnia
3413 4451 3638 4495 contur-

2063 4525 2310 4582 bantem.
2337 4526 2488 4582 Adeo
2521 4527 2706 4583 dolose
2735 4528 2821 4584 his
2848 4530 3008 4585 malis
3045 4531 3256 4585 artibus
3281 4532 3640 4588 circumvenit

383 4620 626 4691 βασιλέα
653 4622 774 4686 ταῖς
804 4621 1086 4686 τοιαύταις
1118 4622 1368 4692 μεθόδοις
1418 4625 1446 4676 ό
1496 4625 1620 4691 δοὺξ
1650 4618 1828 4690 οὗτος,
1881 4627 1955 4692 ὠς

2061 4617 2448 4688 imperatorem
2481 4623 2586 4676 iste
2616 4621 2749 4686 dux,
2783 4630 2837 4674 ut
2867 4623 3033 4675 etiam
3063 4624 3363 4688 gratiarum
3391 4625 3638 4679 actiones

381 4713 483 4766 καὶ
513 4713 872 4784 εὐχαριστίαν
900 4714 1050 4783 αὐτῴ
1078 4713 1360 4784 γραφῆναι
1393 4714 1530 4786 πρὸς
1553 4715 1647 4768 τοῦ
1707 4717 1957 4785 ἀμειλίκ-

376 4820 479 4856 του
513 4803 611 4855 καὶ
652 4804 726 4874 μὴ
756 4803 978 4867 εἰδότος,
1004 4798 1184 4872 οἶμαι,
1215 4803 1351 4870 ὅπερ
1377 4804 1496 4856 ἐστὶ
1522 4802 1706 4873 χάρις.
1741 4803 1831 4855 Διὸ
1861 4804 1958 4860 καὶ

376 4897 451 4964 τῇ
477 4893 806 4964 εὐχαριστίᾳ
826 4893 1174 4964 ὑπεσμύχετό
1230 4911 1314 4957 τις
1340 4895 1574 4963 καυτήρ.
1614 4893 1826 4964 Ηῦχετο
1849 4895 1956 4967 γὰρ

379 4986 418 5053 ἠ
465 4983 739 5052 βασιλικὴ⁸
793 4983 982 5054 γραφὴ
1043 4984 1280 5053 ἐχόμενα
1322 4986 1421 5052 τῆς
1478 4983 1700 5054 χάριτος
1749 4985 1956 5049 οὕτως’

388 5097 408 5127 ι
455 5075 673 5127 Γὲνοιτο
701 5067 758 5127 δὲ
782 5075 874 5127 καὶ
901 5074 996 5126 ἐπὶ
1017 5075 1085 5127 τὰ
1119 5073 1248 5144 ἑξῆς
1281 5073 1408 5145 ’τὴν
1442 5075 1702 5144 τοιαύτην
1737 5077 1960 5146 εὐχαρι-

382 5170 546 5223 στίαν
599 5167 968 5239 φυλάττεσθαί
1012 5181 1116 5220 σοι·
1151 5185 1171 5218 ι
1209 5168 1578 5238 αἰνιττομένη,
1633 5169 1706 5232 ὼς
1765 5171 1964 5239 μικρὸν

375 5266 530 5327 ὅσον,
598 5262 693 5315 καὶ
743 5261 808 5314 οὐ
867 5261 1203 5332 παραμενεῖ.
1273 5258 1343 5314 '0
1391 5261 1485 5312 καὶ
1538 5259 1782 5328 γέγονεν.
1839 5261 1964 5315 Ἐά-

376 5355 566 5407 λωσαν
618 5354 730 5423 γὰρ
797 5351 867 5405 δι’
918 5351 1090 5404 αὐτὸν
1141 5349 1217 5414 ὡς
1290 5351 1383 5404 ἐπὶ
1442 5351 1658 5422 θανάτῳ
1710 5355 1828 5406 ἐκεῖ
1869 5354 1963 5408 καὶ

377 5449 410 5514 ή
444 5445 634 5500 τούτου
668 5446 859 5516 μήτηρ
917 5443 1014 5496 καί
1038 5441 1067 5494 ό
1121 5440 1367 5510 ἀδελφὸς,
1413 5442 1569 5495 οὐδὲν
1591 5443 1745 5506 αὐτοὶ⁷
1777 5445 1962 5515 ἀμαρ-

373 5539 582 5601 τόντες.

444 5681 545 5745 νη’.
591 5673 706 5726 Καὶ
761 5668 939 5723 τοῦτο
994 5667 1094 5736 μὲν
1147 5668 1262 5737 μετ’
1293 5669 1353 5721 οὗ
1387 5669 1522 5722 πολὺ
1557 5671 1636 5732 εἰς
1666 5671 1927 5734 ἐκείνους
1949 5711 1963 5726 .

2064 4709 2140 4766 illi
2220 4711 2486 4767 scriberet
2537 4712 2628 4782 qui
2681 4721 2800 4767 erat
2875 4712 3226 4768 inexorabilis
3273 4729 3336 4768 ac
3389 4717 3633 4781 nescius,

2065 4802 2209 4870 quod
2240 4811 2342 4869 est,
2366 4813 2516 4872 puto,
2539 4805 2838 4874 gratitudo.
2860 4802 3046 4872 itaque
3072 4805 3218 4858 lento
3243 4805 3366 4875 igne
3393 4808 3636 4863 torreba-

2066 4903 2178 4953 tur.
2223 4894 2498 4966 Striptum
2531 4911 2660 4965 ergo
2697 4898 2763 4951 ad
2802 4897 3188 4967 imperatorem
3221 4898 3383 4955 hasce
3431 4905 3636 4971 gratias

2066 4990 2403 5043 continebat:
2468 4989 2724 5043 «Utinam
2790 5005 2888 5059 pro
2939 4991 3125 5046 futuro
3181 4993 3373 5061 gratia:
3446 4993 3634 5064 hujus-

2066 5081 2214 5136 modi
2248 5081 2359 5136 sint
2389 5081 2609 5154 agendae
2645 5081 2775 5148 tibi;
2813 5101 2831 5135 ι
2874 5083 2946 5136 ita
2978 5085 3317 5141 subaudiens
3349 5088 3632 5155 paululum

2063 5189 2155 5230 eas
2183 5190 2596 5244 permansuras;
2635 5175 2779 5246 quod
2816 5187 2869 5230 et
2908 5176 3108 5232 factum
3152 5186 3250 5233 est.
3289 5177 3636 5250 Apprebendi

2065 5267 2212 5321 enim
2255 5267 2426 5335 jussit.
2467 5270 2533 5321 ad
2573 5278 2800 5324 mortem
2858 5280 3090 5326 matrem
3135 5281 3189 5326 et
3240 5271 3463 5327 fratrem
3521 5271 3639 5339 ejus

2062 5361 2376 5429 neutiquam
2409 5369 2621 5416 sontes.

2145 5670 2230 5725 58.
2285 5669 2398 5725 Hoc
2449 5670 2614 5740 igitur
2663 5671 2813 5727 brevi
2869 5675 3136 5740 temporis
3197 5673 3484 5730 intervallo
3535 5674 3642 5729 illis

293 5818 298 5822 ,
371 5769 544 5835 Αὐτὸς
572 5767 629 5822 δὲ
657 5767 805 5830 τέως
839 5758 1060 5830 ἰσχύων
1088 5761 1228 5816 κατὰ
1249 5765 1345 5832 τῆς
1368 5761 1524 5832 ἡμῶν
1554 5761 1851 5827 ἀπωλείας,
1876 5766 1955 5816 κω

2075 5763 2524 5818 accidit.lnterea
2546 5763 2661 5834 ipse
2686 5765 2942 5834 perniciti
2968 5776 3168 5822 nostrae
3183 5768 3642 5836 potens,ideoque
3672 5825 3681 5831 ,
