4084 6414
258 287 333 354 69
1087 287 1184 349 DE
1219 288 1510 350 THESSA
1525 287 1795 352 LONICA
1837 291 2047 354 URBE
2092 295 2136 354 A
2171 296 2483 359 LATINIS
2507 297 2764 360 CAPTA.

3495 301 3574 368 70

261 405 456 473 τήκειν
495 399 737 470 πληγάς.
791 401 1042 456 Ἐκεῖθεν
1073 402 1182 472 γὰρ
1214 402 1444 472 διέγνων
1490 403 1754 459 δύνασθαι
1788 404 1856 459 ἂν

1981 409 2036 464 sit
2086 410 2422 480 profundum
2483 414 2718 486 ideoque
2771 423 2964 486 portus
3017 418 3388 485 commodus;
3448 427 3567 474 tum

262 498 469 571 βλάψαι
498 497 673 566 ἡμᾶς,
705 498 786 561 ὡς
837 497 935 550 καλ¹
969 494 1357 566 προσεδρεύειν
1402 495 1464 550 εὖ
1517 497 1665 568 μάλα
1695 497 1858 552 δυνά-

267 608 420 660 μενοι
449 590 541 643 διὰ
575 590 638 642 τὸ
671 588 766 642 τοῦ
800 587 1058 658 αἰγιαλοῦ
1089 587 1386 658 ἀγχιϐαθὲς
1421 591 1515 642 καὶ
1546 589 1725 655 οὕτως
1768 591 1862 644 εὖ·

259 684 482 753 λίμενον
504 700 521 718 ο
553 685 648 737 καὶ
677 683 760 736 ὅτι
801 683 897 736 καὶ
921 682 984 735 τὸ
1020 683 1198 751 τεῖχος
1227 685 1330 737 οὐκ
1382 684 1678 754 ἀπονήρως
1713 682 1862 755 εἶχεν

262 781 467 838 ἐκεῖσε,
504 777 749 846 ἀτέχνως
777 793 837 829 τε
883 775 985 847 τὴν
1013 777 1190 846 ἀρχὴν
1223 777 1513 841 συσταθὲν,
1542 781 1637 832 καὶ
1669 779 1769 834 οὑκ
1801 780 1862 834 εὖ

264 869 582 938 συμπαγὲν,
620 869 716 921 καὶ
779 867 920 940 μηδὲ
977 869 1359 940 μεμελημένον
1407 872 1533 942 ἄρτι
1577 872 1658 943 τῷ
1709 873 1863 944 καλῷ

277 977 585 1032 ιτρατηγῳ.

339 1140 401 1204 ξ’.
447 1139 647 1210 Ἐᾠκει
698 1139 808 1211 γάρ
859 1139 1033 1211 ίατρῷ
1085 1141 1594 1213 παρακολουθοῦντι
1648 1143 1867 1214 σώματι

265 1233 526 1286 πονοῦντι
557 1235 676 1302 μὲν,
705 1233 804 1304 οἴῳ
828 1233 886 1286 δὲ
922 1235 998 1303 μὴ
1031 1234 1328 1305 φιλεῖσθαι,
1360 1237 1438 1300 ὡς
1461 1238 1865 1312 ἀναποιηθῆναι

266 1326 406 1396 προς
441 1324 679 1392 ὑγίειαν,
708 1323 1007 1378 κάντεῦθεν
1039 1325 1333 1393 ἀμελοῦντι
1362 1326 1424 1380 τὸ
1451 1328 1638 1381 νοσοῦν
1664 1330 1868 1384 ἀνακο-

267 1416 564 1486 μίσασθαι.
593 1417 705 1469 Καὶ
738 1416 841 1468 οὐκ
877 1416 997 1469 ἔστι
1022 1416 1382 1486 διαπιστῆσαι
1430 1419 1558 1483 τοὺς
1597 1419 1662 1474 εὖ
1708 1438 1870 1474 κατε-

265 1507 557 1575 γνωκότας
575 1507 638 1561 τὺ
657 1509 911 1578 πρᾶγμα,
934 1508 1009 1571 ὡς
1029 1509 1170 1563 πάνυ
1198 1525 1248 1562 τι
1273 1508 1449 1582 βραχὺ
1478 1512 1745 1580 προδότου
1770 1513 1866 1567 τοῦ

265 1601 478 1667 κυρίως
506 1602 814 1670 διενεγκεῖν
846 1602 875 1653 6
904 1599 1071 1654 Δαυτδ
1117 1601 1375 1669 φαίνεται
1431 1604 1560 1656 καθ’
1590 1606 1752 1675 ἡμῶν
1773 1621 1788 1636 ο
1819 1606 1868 1659 εί

267 1694 346 1762 μή
383 1711 468 1757 τις
507 1694 620 1764 ἄρα
652 1693 990 1765 θερμότερον
1019 1693 1353 1759 ἐπιϐάλλων,
1375 1694 1450 1759 ὡς
1479 1695 1537 1749 ἕν
1571 1715 1680 1750 τινι
1731 1697 1864 1751 πλά-

266 1801 457 1852 στιγγι
502 1763 800 1853 παρισάζοι
849 1763 1060 1838 ἐκεῖνον
1103 1787 1183 1848 είς
1222 1785 1490 1858 προδότην
1519 1788 1867 1860 αὐτόχρημα.
1896 1763 1943 1824 Β

266 1879 406 1948 Δίχα
441 1878 555 1948 γὰρ
583 1877 884 1931 συνθεσιῶν
919 1879 1012 1931 ἐπὶ
1048 1880 1233 1948 ῥητοῖς
1262 1879 1360 1932 καὶ
1394 1880 1686 1950 μηνύσεων
1728 1898 1869 1950 γνω·

269 1971 475 2040 ρίμων,
510 1969 547 2024 ἀ
579 1969 645 2042 δὴ
671 1973 764 2024 καὶ
792 1970 934 2023 αὐτὰ
964 1971 1153 2025 πολλοὶ
1185 1969 1594 2042 κατηγοροῦσιν
1627 1972 1870 2038 ἐκείνου,

268 2063 443 2118 τᾶλλα
485 2066 666 2118 πάντα
714 2063 1054 2134 προδοτικῶς
1086 2059 1234 2134 εἶχεν
1261 2065 1288 2118 6
1332 2062 1497 2136 ἀνήρ.
1544 2065 1656 2118 Καὶ
1690 2065 1874 2118 κοινὸν

268 2157 424 2228 αὖ,τῷ
452 2175 516 2211 τε
548 2161 644 2212 καὶ⁸
673 2157 754 2226 τῷ
796 2159 942 2212 κατά
977 2157 1216 2230 σπονδὴν
1255 2159 1500 2229 φανερὰν
1531 2157 1710 2221 ἄλλως
1739 2174 1875 2226 προ·

267 2251 402 2321 δςτῃ
434 2251 498 2304 τὸ
542 2248 640 2303 τοῦ
691 2249 876 2304 κοινοῦ
914 2251 1012 2320 μὲν
1055 2251 1335 2322 ὐπερορᾷν
1369 2251 1873 2322 περιφρονητικῶς,

268 2342 455 2412 ἑαυτῷ
481 2342 540 2396 δὲ
565 2343 714 2413 μόνῳ
746 2342 1072 2413 χαρίζεσθαι
1098 2360 1113 2376 ο
1144 2344 1242 2398 καὶ
1277 2343 1636 2412 προτίθεσθαι
1664 2343 1876 2406 πάντας

272 2437 377 2505 μὲν
398 2435 648 2499 ἀπιέναι,
669 2439 946 2504 περιεῖναι
967 2436 1024 2489 δὲ
1060 2436 1198 2506 μόνα
1222 2437 1290 2489 τά
1316 2436 1436 2489 κατ’
1457 2436 1644 2492 αὐτόν.
1670 2435 1802 2505 Ἐμέ
1812 2453 1875 2504 μ-

271 2545 444 2598 φοντο
493 2529 545 2581 οῖ
596 2529 1010 2597 στρατιωτικοὶ,
1060 2531 1146 2582 ὃτι
1179 2529 1248 2582 τὰ
1291 2527 1601 2598 πετροϐόλοι
1632 2529 1690 2579 ὲν
1742 2528 1876 2596 ἡμῖν

269 2621 489 2691 δργανα
526 2623 628 2674 οὐκ
663 2622 985 2692 εὐχρήστως
1031 2619 1200 2693 εἶχον,
1228 2621 1302 2684 ὡς
1336 2621 1707 2691 ἀντιφερίζειν
1740 2623 1878 2691 πρὶς

268 2715 344 2767 τά
373 2714 488 2766 τῶν
520 2713 859 2784 ἀπιμάχων.
903 2714 966 2767 '0
994 2713 1051 2767 δὲ
1075 2715 1236 2780 ἀφεὶς
1279 2713 1584 2783 κατορθοῦν
1616 2713 1678 2766 τὸ
1710 2711 1878 2782 ψεγό-

273 2821 466 2876 μενον,
491 2807 613 2871 καὶ,
645 2804 710 2856 Τί
741 2805 952 2876 ποιήσω
972 2821 986 2866 ς
1007 2805 1183 2871 ἔλεγε,
1216 2806 1311 2858 καὶ
1332 2806 1560 2874 ἠρκεῖτο
1586 2785 1763 2857 εἰπεῖν
1791 2821 1881 2856 το-

272 2898 474 2952 σοῦτον
519 2900 550 2951 6
602 2899 816 2970 κομψὸς
875 2897 1300 2966 Πυθαγοριστής
1325 2912 1340 2928 ο
1365 2897 1542 2950 δοκῶν
1579 2897 1702 2966 μὲν,
1734 2897 1880 2967 ἱερὸν

274 2989 424 3048 εἶναι
456 2993 623 3061 σιγῆς
670 2992 758 3046 διὰ
797 2993 860 3045 τὸ
910 2989 1209 3061 ἐχεμυθεῖν
1243 2991 1312 3042 τὰ
1345 2989 1538 3052 πλείω,
1592 2989 1771 3053 ἄλλως
1822 2989 1880 3042 δὲ

1962 504 2108 574 quod
2139 519 2331 560 nturus
2351 507 2636 572 quamviss
2661 509 2930 564 ecundum
2959 517 3130 566 artem
3151 510 3402 566 bellicam
3435 526 3573 566 con-

1964 607 2229 665 structus,
2261 614 2362 656 nec
2406 600 2602 672 perite,
2625 615 2726 656 nec
2765 601 2939 657 solide
2974 617 3004 658 a
3034 603 3302 674 principio
3337 604 3576 660 aediﬁca-

1969 699 2056 748 tus
2097 693 2297 758 fuerat,
2335 702 2390 748 et
2419 701 2648 752 strenuo
2687 691 2979 752 defensore
3013 699 3258 754 carebat.

2039 1143 2130 1198 60.
2158 1142 2292 1198 Erat
2323 1141 2472 1198 enim
2538 1143 2740 1199 similis
2779 1141 2995 1198 medico
3063 1139 3285 1196 curanti
3361 1155 3570 1210 corpus

1967 1245 2238 1305 aegrotum
2293 1237 2532 1306 ideoque
2579 1237 2700 1290 sine
2738 1234 3157 1298 blandimentis,
3223 1243 3284 1287 ut
3345 1233 3571 1288 sanitati

1969 1326 2312 1387 restituatur.
2340 1328 2548 1396 quique
2592 1342 2701 1381 non
2725 1326 2838 1395 jam
2865 1326 3136 1380 sollicitus
3169 1335 3254 1380 est
3279 1325 3348 1380 de
3376 1326 3572 1381 morbo

1969 1419 2238 1474 sanando.
2291 1418 2457 1474 Juxta
2514 1433 2658 1483 nos,
2695 1429 2756 1473 ut
2812 1419 3044 1488 quilibet
3113 1434 3228 1473 rem
3293 1433 3570 1486 cognove-

1970 1511 2102 1574 rint,
2153 1510 2318 1565 David
2357 1526 2384 1563 a
2422 1511 2705 1580 proditore
2767 1510 2948 1581 reipsa
3008 1510 3291 1580 paululum
3347 1509 3573 1566 differre

1971 1602 2226 1668 videtur;
2281 1602 2389 1656 nisi
2448 1601 2578 1672 quis
2642 1617 2921 1672 reponens
2995 1603 3324 1662 ardentius.
3378 1601 3574 1672 prodi-

1973 1694 2080 1750 tori
2155 1701 2398 1759 :equaret
2471 1694 2627 1748 illum
2704 1695 2760 1749 in
2811 1694 3052 1749 bilance.
3107 1694 3367 1763 Exceptis
3423 1693 3571 1748 enim

1973 1794 2280 1841 conventus
2315 1785 2502 1838 statuti
2527 1785 2806 1854 signisque
2838 1784 3031 1848 certis,
3062 1783 3248 1838 omnia
3281 1783 3410 1845 alia,
3437 1798 3578 1852 quo-

1974 1893 2095 1932 rum
2133 1877 2287 1932 multi
2316 1877 2470 1932 illum
2506 1886 2766 1944 arguunt,
2787 1875 2993 1948 perfide
3020 1875 3151 1946 egit.
3173 1874 3253 1930 Illi
3279 1887 3574 1929 commune

1974 1980 2060 2028 est
2125 1971 2333 2026 scilicet
2387 1986 2514 2026 cum
2571 1971 2887 2041 proditore,
2928 1968 3224 2024 manifeste
3283 1969 3424 2023 alias
3481 1982 3579 2022 ne-

1974 2066 2247 2136 gotiante,
2303 2065 2506 2118 bonum
2568 2078 2864 2118 commune
2910 2063 3184 2132 negligere
3212 2060 3432 2132 sibique
3467 2060 3574 2116 soli

1976 2159 2288 2228 providere,
2349 2173 2545 2213 omnes
2599 2158 2883 2213 dimittere
2933 2171 3144 2226 suaque
3193 2156 3312 2211 sola
3377 2153 3573 2209 sedulo

1976 2267 2175 2306 curare
2225 2251 2615 2317 Querebantur
2649 2251 2854 2306 milites
2886 2249 3034 2320 quod
3068 2249 3340 2304 machinae
3370 2255 3575 2303 nostra

1977 2363 2087 2400 non
2141 2355 2280 2416 aptae
2332 2353 2518 2402 essent
2572 2345 2637 2398 ad
2690 2345 3037 2408 repellendos
3095 2343 3242 2397 ictus
3305 2340 3571 2396 hosﬁum.

1978 2437 2135 2505 Quod
2194 2453 2324 2492 vero
2385 2436 2898 2508 reprehendebatur
2934 2451 3040 2490 non
3081 2433 3404 2490 emendans.
3431 2431 3576 2498 Quid

1982 2531 2178 2584 faciam
2204 2532 2226 2583 ?
2256 2531 2458 2594 aiebat,
2489 2539 2819 2599 tantumque
2846 2537 2904 2584 ιιι
2940 2528 3125 2582 fatuus
3176 2527 3574 2598 Pythagoricus

1980 2624 2240 2686 addebat,
2278 2623 2454 2676 videri
2497 2623 2602 2678 sibi
2655 2622 2916 2690 templum
2946 2635 3070 2676 esse
3096 2619 3300 2674 silentii
3344 2617 3415 2671 ob
3456 2615 3576 2684 ple-

1981 2734 2151 2784 raque
2207 2718 2464 2782 tacenda,
2493 2717 2617 2772 aliis
2679 2717 2946 2770 adversus
2998 2713 3352 2769 insidiatores
3400 2708 3577 2765 sull'o-

1981 2808 2194 2862 ρειιιιτὶε
2223 2810 2410 2874 verba,
2433 2809 2554 2864 aliis
2581 2809 2880 2864 retenturis
2903 2809 2972 2860 ob
3007 2807 3143 2860 mala
3172 2803 3575 2860 dissimulanda

1981 2900 2159 2962 obque
2223 2910 2439 2956 secreta
2513 2898 2950 2970 profundissime
3006 2896 3380 2952 recondenda.
3435 2893 3576 2949 Cum

1982 2991 2227 3046 audissm
2275 2993 2477 3046 mmnia
2533 2992 2795 3060 occupari
2863 2990 2931 3044 ab
2999 2989 3254 3045 hostibus
3313 3003 3380 3042 eo
3429 2986 3577 3056 quod

274 3086 427 3139 κατά
455 3085 585 3148 τοὺς
619 3083 897 3155 λοχῶντας
949 3083 1160 3152 πνίγων
1194 3082 1292 3152 τὴν
1338 3081 1532 3135 λαλιὰν
1566 3080 1877 3151 ἄνθρωπος.

1987 3098 2180 3153 parum
2208 3085 2383 3138 solida
2407 3092 2619 3149 essent,
2651 3097 2785 3138 voce
2808 3083 3064 3138 obscaena
3094 3091 3251 3136 utens
3279 3080 3344 3135 ad
3373 3090 3577 3136 matres

273 3177 493 3248 ἐπέχων
568 3178 665 3230 καὶ
696 3176 766 3229 τὰ
799 3175 858 3238 ἐς
908 3175 1178 3245 πονηρίαν
1213 3174 1520 3243 ἀδιόρατος,
1575 3174 1671 3226 καὶ
1707 3171 1771 3226 τό
1815 3189 1880 3239 γε

273 3269 587 3342 κρυψίνουν
638 3265 1000 3337 πολυϐενθής.
1037 3266 1297 3330 Ἦκουεν,
1349 3263 1424 3325 ὡς
1456 3263 1519 3316 τὸ
1565 3264 1882 3334 περίτειχος

275 3359 778 3432 καταλαμϐάνεται
809 3358 898 3412 διὰ
948 3358 1010 3412 τὸ
1046 3357 1330 3428 ἀνεχύρως
1363 3357 1508 3427 ἔχειν
1531 3371 1545 3388 ⁸
1581 3357 1675 3410 καὶ
1707 3357 1882 3426 παρέ-

276 3470 345 3505 πε
355 3469 503 3521 μπεν
526 3451 659 3504 αὐτὸ
689 3452 810 3515 ταῖς
839 3453 1082 3523 μητράσι
1105 3452 1214 3504 τῶν
1243 3449 1520 3522 πολεμίων
1544 3450 1876 3520 παραϐύειν,

273 3546 413 3600 ἔνθα
464 3545 902 3614 αἰσχωρῤήμων
949 3545 1096 3598 εἴποι
1136 3543 1204 3596 ἂν
1252 3545 1412 3613 ἀνήρ.
1455 3543 1880 3597 Ἐπιλειπόντων

276 3637 509 3703 ὀῖστῶν,
544 3639 660 3700 τοῖς
686 3638 778 3690 ὲπὶ
804 3636 917 3690 τῶν
955 3636 1186 3706 τειχέων
1213 3632 1279 3708 ἦν
1312 3637 1486 3708 βελῶν
1521 3637 1773 3708 ζήτησις.
1819 3637 1879 3689 '0

275 3732 335 3785 δὲ
367 3731 467 3785 καὶ
494 3729 600 3783 ποῦ
636 3729 704 3784 ἂν
755 3730 956 3791 αὐτοὺς
989 3729 1164 3801 εὕροι,
1196 3729 1618 3798 ὑπετονθόρυζε,
1652 3729 1749 3782 καὶ
1779 3729 1885 3782 ἐδί-

275 3820 372 3874 δου
407 3819 606 3888 μηδὲν,
640 3819 735 3872 καὶ
780 3821 812 3890 ἡ
854 3818 1008 3882 πόλις
1061 3818 1322 3889 ἔκαμνεν.
1369 3818 1601 3873 Ἐκλᾶτο
1639 3820 1880 3889 μηχανὴ,

276 3913 379 3965 καὶ
418 3907 492 3982 ἦν
529 3910 808 3978 ἀναγκαία
843 3911 1262 3981 ὲπιποιηθῆναι,
1287 3912 1384 3965 καὶ
1418 3910 1671 3983 ἐξῃτεῖτο
1698 3911 1880 3979 ξύλοψ

1989 3176 2229 3230 hostium
2256 3177 2553 3233 alludehat.
2597 3175 2824 3245 Sagittis
2863 3175 3279 3239 deﬁcientibus,
3326 3189 3353 3228 a
3390 3188 3579 3229 mures

1986 3264 2411 3320 defendentibus
2461 3267 2854 3333 quaerebantur
2897 3263 3105 3327 iacula.
3168 3264 3227 3318 Si
3277 3264 3402 3334 quis
3445 3278 3580 3318 vero

1987 3357 2189 3412 alicubi
2233 3357 2560 3422 invenisset,
2589 3355 2999 3421 murmurabat,
3035 3370 3140 3410 nec
3172 3356 3342 3409 ullum
3389 3355 3578 3417 dabat.

1985 3449 2301 3516 civitasque
2357 3449 2670 3504 laborabat.
2716 3449 2970 3504 Machina
3008 3449 3181 3504 fracta
3213 3458 3270 3503 ut
3299 3463 3581 3519 reparare-

1989 3551 2100 3608 tur,
2143 3543 2346 3612 lignum
2381 3543 2771 3611 qua'rehatur;
2806 3551 2935 3595 tunc
2979 3541 3099 3594 lora
3142 3541 3390 3595 materiis
3419 3541 3580 3611 plena

1987 3636 2300 3702 indicabat;
2331 3652 2454 3690 cum
2488 3636 2614 3707 quis
2643 3635 2853 3689 diceret
2899 3633 3045 3687 aliud
3075 3632 3351 3702 quoddam
3385 3647 3580 3688 neces-

1987 3729 2192 3783 sarium
2253 3729 2470 3792 deesse,
2509 3728 2627 3797 ipse
2687 3741 2972 3782 sermones
3006 3726 3228 3791 ciebat;
3276 3734 3410 3781 tunc
3463 3733 3583 3781 erat

1984 3819 2142 3890 juxta
2173 3819 2528 3890 proverbium
2561 3819 2874 3873 taciturnus
2911 3815 3195 3885 Euryltoas
3225 3817 3428 3882 heros;
3453 3831 3578 3870 nam

1988 3913 2303 3973 verberum,
2350 3911 2571 3980 capitis,
2623 3911 2912 3964 oculorum
2967 3908 3189 3978 [talique
3233 3922 3448 3976 pmuam
3481 3907 3578 3961 mi-

275 4003 378 4057 καὶ
415 4001 522 4055 ποῦ
557 3999 623 4054 ἂν
647 4002 734 4071 είη
765 4001 917 4066 αὐτὸ,
945 4003 1266 4074 παρελὰλει.
1307 4003 1612 4073 Ἐμάνθανὲ
1638 4021 1723 4068 τις
1753 4004 1878 4058 ἄλλο

1990 4006 2226 4058 naltatttr
2253 4003 2356 4057 nisi
2388 4001 2535 4070 loqui
2578 4009 2880 4066 cessarent,
2905 4000 3101 4070 jurans
3141 4015 3238 4070 per
3263 4008 3429 4067 caput
3479 3999 3586 4054 imd

275 4111 336 4148 τι
360 4093 542 4148 ἐνδεῖν
577 4093 688 4144 τῶν
712 4093 960 4159 δεόντων,
993 4096 1089 4148 καὶ
1111 4095 1290 4148 ἐλάλει
1316 4110 1329 4125 ⁸
1363 4095 1460 4148 καὶ
1481 4090 1550 4166 ἦν
1575 4095 1878 4163 τηνικαῦτα

1988 4097 2266 4168 peratoris
2313 4094 2588 4147 minarum
2641 4103 2918 4149 certarum
2975 4091 3133 4146 ﬁdem
3169 4092 3308 4148 fore.
3351 4093 3580 4160 Quidam

277 4190 309 4240 6
334 4187 485 4239 κατά
512 4187 818 4256 παροιμίαν
847 4186 1070 4257 σιγηλὸς
1100 4188 1250 4258 ἥρως
1273 4187 1580 4259 Εὖρυϐόας,
1607 4190 1702 4242 καὶ
1726 4190 1878 4260 ἠπει-

1989 4199 2171 4244 autem
2233 4205 2344 4243 non
2400 4189 2628 4243 omnino
2692 4185 2938 4256 plebeius
2973 4187 3154 4256 capite
3207 4184 3368 4240 lmsus
3398 4194 3482 4240 est
3528 4191 3583 4238 et

279 4279 436 4332 λεῖτο
466 4279 611 4331 κατὰ
646 4279 892 4350 πληγῶν,
922 4280 1062 4332 κατά
1093 4281 1359 4350 κεφαλῆς,
1413 4282 1556 4334 κατά
1593 4281 1878 4351 ὀμμάτων.

1991 4280 2170 4335 fronte
2214 4282 2362 4348 virga
2395 4295 2720 4350 percussus,
2776 4292 2843 4331 eo
2894 4278 3040 4346 quod
3086 4277 3152 4333 de
3204 4278 3343 4332 mala
3373 4275 3584 4331 ratione

285 4372 440 4425 κατὰ
473 4371 869 4442 σκολοπισμοῦ,
896 4374 943 4426 εί
982 4372 1058 4442 μὴ
1090 4372 1390 4426 παύσοιντο
1414 4372 1597 4428 λαλεῖν
1637 4374 1687 4426 oi
1715 4374 1878 4426 τοιοῦ-

1996 4373 2189 4444 agendi
2226 4372 2460 4426 militum
2504 4371 2662 4426 ducis
2715 4379 2945 4439 questus
2969 4379 3146 4436 esset;
3196 4385 3468 4440 nemoque
3516 4385 3581 4423 ex

279 4479 370 4515 ⁹(οι
402 4479 418 4494 ο
456 4461 820 4532 διομνύμενος
851 4463 931 4525 είς
972 4463 1160 4516 πίστιν
1196 4462 1471 4531 σταθερέἱς
1519 4463 1752 4530 ἀπειλῆς
1789 4463 1878 4534 βα·

1997 4463 2304 4518 astantibus
2349 4477 2417 4518 ne
2469 4463 2764 4517 mussitare
2803 4461 3022 4530 quidem
3064 4476 3234 4516 ausus
3283 4468 3390 4515 est.
3441 4458 3583 4512 Mili-

283 4553 514 4625 σιλικὴν
572 4553 837 4625 κεφαλήν.
869 4553 991 4606 Τῶν
1045 4572 1130 4618 τις
1177 4554 1235 4607 δὲ
1287 4553 1349 4606 οὐ
1390 4557 1534 4609 πάνυ
1567 4553 1662 4607 τοῦ
1707 4554 1882 4625 δήμου

283 4650 387 4700 καὶ
449 4647 702 4717 κατεάγη
737 4647 835 4715 τῆς
876 4646 1144 4716 κεφαλῆς,
1179 4648 1250 4700 τὰ
1298 4647 1430 4715 περὶ
1478 4647 1539 4698 τὸ
1590 4645 1886 4714 πρόσωπον

285 4741 483 4814 ῥάϐδῳ
512 4741 768 4810 πληγεὶς,
797 4740 880 4792 ὅτι
912 4740 977 4792 τά
1010 4739 1358 4808 στρατηγικά
1386 4737 1604 4806 φαύλως
1633 4737 1888 4808 ἐνεργού-

289 4851 436 4903 μενα
473 4830 891 4900 κατεμέμψατο.
928 4831 1034 4882 Kal.
1065 4829 1176 4880 τῶν
1217 4827 1526 4897 βλεπόντων
1557 4826 1731 4888 ούδεδς
1763 4825 1886 4877 οὐδὲ

283 4922 569 4992 γογγύσαι
602 4921 922 4990 τετόλμηκε.
949 4919 1293 4988 Στρατιῶται
1343 4918 1398 4970 δὲ
1439 4915 1888 4990 παρρησιαζόμε-

283 5033 391 5078 νοι,
427 5017 524 5066 καὶ
556 5013 697 5083 ὀρθά
725 5011 1040 5076 λαλοῦντες,
1067 5009 1126 5062 ἓν
1163 5009 1326 5079 μόνον
1361 5007 1500 5077 πρὸς
1549 5006 1644 5059 τοῦ
1681 5006 1885 5060 ἀτόπου

285 5109 518 5178 ἦκουον,
550 5107 626 5169 ὡς
653 5106 736 5158 ὅτι
769 5105 1079 5156 κατατόπια
1110 5100 1391 5171 εἰληχότες
1423 5100 1628 5160 ἐκεῖσε,
1663 5098 1760 5150 καὶ
1793 5098 1891 5166 μό·-

285 5217 378 5252 νον
412 5197 701 5252 πονεῖσθαι
752 5199 1007 5264 ἀνᾶγκην
1042 5193 1250 5264 ἔχουσι,
1302 5192 1466 5245 πλέον
1496 5191 1553 5244 δέ
1595 5207 1648 5243 τι
1684 5190 1760 5260 μὴ
1793 5207 1892 5242 πε-

289 5289 712 5362 ριεργάζεσθαι,
743 5287 794 5340 εί
823 5287 902 5358 μὴ
935 5285 1084 5338 κακὰ
1120 5283 1363 5352 αἱροῖντο
1390 5280 1702 5335 πείσεσθαι.
1736 5281 1902 5334 Σῖτον

285 5385 619 5458 ἑπαρκέσειν
651 5386 721 5456 τῇ
755 5381 919 5436 πόλει
943 5378 1205 5450 ὀφείλων,
1229 5379 1256 5430 6
1288 5378 1335 5432 δ’
1364 5379 1421 5442 ὲς
1451 5376 1709 5432 τοσοῦτον
1739 5377 1886 5449 ἀπη-

1993 4563 2075 4609 tes
2105 4556 2200 4626 qui
2240 4555 2409 4610 libere
2441 4567 2694 4624 recteque
2735 4555 2882 4624 loqui
2933 4555 3133 4615 solent,
3167 4569 3336 4609 unum
3368 4560 3580 4605 tantum

1995 4659 2190 4717 prteter
2235 4648 2463 4702 Stultum
2510 4648 2850 4712 audiebant,
2877 4647 3026 4717 quod
3056 4648 3182 4714 quia
3219 4660 3326 4698 non
3363 4645 3467 4698 nisi
3495 4658 3582 4699 res

1995 4740 2191 4792 stultas
2231 4738 2466 4805 experiri
2509 4749 2564 4792 el.
2600 4737 2771 4792 duras
2808 4737 2918 4804 pati
2962 4739 3138 4791 vocati
3188 4745 3377 4792 essent
3417 4736 3490 4790 ita
3523 4751 3582 4792 se

1997 4832 2240 4886 facturos
2270 4847 2394 4886 esse
2428 4846 2495 4885 ne
2528 4831 2712 4901 pejora
2747 4831 3046 4898 patiantur.
3083 4827 3435 4882 Frumentum
3453 4845 3579 4884 cum

1996 4923 2347 4993 suppeditare
2402 4922 2625 4976 deberet
2685 4919 2917 4983 civitati,
2962 4920 3015 4974 itt
3075 4927 3289 4974 tantum
3352 4920 3583 4975 incuriae

1995 5016 2145 5069 venit
2194 5024 2250 5068 ut
2288 5030 2354 5068 ex
2420 5029 2484 5067 ea
2523 5012 2944 5066 circumstantia
2995 5021 3307 5082 opportuna
3356 5029 3582 5080 magnas

1995 5106 2218 5160 divitias
2255 5104 2356 5158 sibi
2400 5104 2672 5173 acciperet
2712 5100 2801 5174 (ex
2855 5103 2958 5158 hoc
2999 5117 3160 5173 quem
3199 5102 3434 5155 fructum
3483 5103 3584 5155 mi-

1995 5213 2086 5254 ser
2123 5199 2362 5267 percepit
2396 5197 2438 5266 ?)
2469 5195 2631 5250 famis
2657 5209 2784 5250 vero
2811 5196 3017 5251 civitati
3040 5209 3205 5250 causa
3232 5207 3376 5250 esset
3406 5211 3421 5262 ;
3451 5197 3585 5250 adeo

1993 5297 2076 5352 ut,
2113 5289 2216 5341 nisi
2253 5287 2453 5342 ferrum
2485 5286 2722 5340 hostium
2756 5301 2854 5340 eos
2905 5287 3246 5353 devorasset,
3279 5287 3333 5342 in
3384 5287 3586 5341 discri-

1995 5393 2118 5432 men
2147 5393 2206 5434 se
2230 5379 2463 5433 invicem
2495 5378 2792 5433 devorandi
2821 5378 3041 5433 adducti
3077 5377 3332 5433 fuissent.

288 5483 534 5554 μέλησεν,
573 5483 656 5549 ὡς
691 5477 885 5551 ἑαυτῷ
940 5477 1043 5549 μὲν
1073 5474 1218 5546 λαϐῇ
1258 5474 1352 5528 τοῦ
1404 5474 1650 5529 τοιούτου
1695 5472 1862 5527 καλοῦ
1899 5473 2130 5527 πλοῦτον
2172 5475 2351 5546 παχὺν
2388 5473 2732 5545 περιθέσθαι,
2771 5465 2854 5542 (οὗ
2877 5474 2929 5527 τί
2972 5476 3000 5528 6
3042 5473 3225 5536 ἀθλιος
3259 5473 3516 5528 ἀπώνατο
3539 5475 3583 5542 ;)

284 5583 423 5657 τῇδὲ
458 5586 616 5642 πόλει
661 5571 1319 5653 ἐγκαταστῆσαιελιμόνο
1378 5573 1476 5640 ὡς,
1535 5573 1586 5628 εί
1632 5569 1712 5644 μὴ
1765 5571 1904 5643 ταχὺ
1964 5572 2314 5628 κατέσπασεν
2361 5573 2392 5626 6
2451 5573 2563 5627 τῶν
2596 5571 2874 5642 πολεμίων
2927 5571 3168 5644 σίδηρος,
3201 5571 3464 5644 ἀλλήλους
3517 5569 3587 5626 ἂν

272 5684 608 5742 κινδυνεῦσαι
643 5674 1045 5741 καταφαγεῖν.
