4084 6418
523 297 593 365 71
615 320 625 327 ·
1199 295 1626 358 EUSTATlllI
1667 297 1774 359 ΤΠ
1787 296 2380 360 ESSALONICENSI
2394 302 2435 360 S
2474 299 3034 362 METROPOLITAZ
3727 301 3798 362 ’ΤΞ

596 407 690 465 Ol.
739 407 888 464 Idem
957 415 1014 464 et
1084 423 1256 464 causa
1312 409 1416 464 fuit
1470 409 1812 466 defectionis
1870 411 2108 464 militum

2289 410 2390 476 Ea’.
2420 413 2614 480 Γέγονε
2647 415 2741 465 καὶ⁵
2773 409 3126 475 λειπανδρίας
3145 409 3206 476 τῇ
3230 407 3380 461 πόλει
3399 408 3571 481 ταύτῃ
3600 408 3795 472 αἴτιος.

528 502 583 557 in
601 502 851 558 civitate.
873 503 1168 572 Postquam
1192 507 1337 556 enim
1363 505 1662 557 multorum
1688 505 1968 573 implesset
1993 519 2108 556 ma-

525 607 633 649 lus
666 594 968 659 immerito,
1021 595 1115 662 qui
1148 593 1338 648 volunt
1386 595 1650 649 disserere
1706 596 1936 649 ordines
1976 596 2108 648 sinit

526 686 874 756 patriamque
917 685 1104 749 fingere
1142 700 1252 754 quo
1285 685 1506 740 vellent.
1547 685 1650 752 Qui
1685 687 1896 741 divitiis
1940 685 2110 740 abun-

527 779 752 845 dabant,
787 779 1015 834 salutem
1041 788 1438 848 cauponantes,
1465 779 1623 849 pejus
1645 779 1825 834 adhuc
1851 780 2103 846 agebant.

529 870 846 925 Merrenarii
873 872 1015 925 enim
1046 871 1237 939 plebis,
1275 871 1591 939 quicunque
1631 871 1882 924 manibus
1927 868 1979 922 id
2003 867 2107 920 -nei

529 961 594 1012 ad
621 958 917 1027 portandas
949 957 1152 1022 trabes,
1189 959 1395 1026 lapides
1441 957 1956 1028 procnljaciendas,
1991 973 2104 1011 ma-

528 1053 720 1106 chinas
776 1050 1091 1120 dirigendas
1127 1066 1467 1122 ax-cuuinqne
1508 1067 1704 1106 nervos
1750 1051 2107 1111 tendendum,

529 1147 765 1214 patriam
831 1146 1210 1214 reliquerant,
1264 1143 1455 1212 sicque
1524 1145 1671 1198 illam
1727 1142 2111 1197 defensoribus

526 1239 896 1299 orbaverant,
965 1238 1112 1292 dona
1169 1244 1352 1290 autem
1410 1236 1694 1304 largiendo
1757 1237 1960 1290 milites
2018 1239 2112 1288 ad-

527 1332 809 1386 duxerunt
844 1339 905 1384 ut
936 1345 995 1383 se
1042 1330 1392 1404 potissimum
1425 1330 1662 1384 ducibus
1705 1336 2012 1384 uterentur.
2053 1327 2109 1382 Si

527 1421 843 1490 quis-illum
889 1420 1236 1485 admoneret,
1278 1435 1491 1488 nosque
1532 1421 1827 1490 prarcipne,
1868 1421 1957 1487 qni
2002 1434 2111 1472 non

529 1529 722 1582 parum
773 1512 1124 1574 timebamus,
1182 1527 1249 1566 ne
1297 1513 1388 1566 ille
1436 1519 1614 1567 status
1661 1526 1844 1566 rerum
1890 1509 2112 1566 obesset

528 1604 770 1667 civitati,
795 1612 926 1658 tunc
944 1618 1052 1658 non
1080 1603 1184 1658 sibi
1214 1604 1574 1673 temperabat,
1603 1603 1930 1665 lamentans,
1969 1601 2112 1656 indic

529 1710 633 1765 gne
681 1696 863 1750 ferens
910 1705 1073 1764 atque
1123 1695 1468 1764 exprobrans
1513 1693 1660 1766 quod
1697 1695 1977 1749 civitatem
2031 1693 2113 1748 sic

529 1789 774 1843 orbatam
806 1790 1123 1844 hominibus
1161 1789 1390 1842 rideret.

599 2013 689 2068 62.
735 2013 1122 2069 Calamitatum
1195 2014 1450 2069 cumulus
1491 2013 1593 2068 luit
1641 2030 1798 2084 aqua:
1861 2025 1972 2068 tam
2021 2031 2116 2070 ne-

529 2109 784 2163 cessariae
851 2107 1102 2176 penuria.
1125 2107 1278 2177 Aqua
1344 2109 1489 2161 enim
1542 2111 1686 2164 arcis
1715 2124 1838 2178 quas
1860 2109 1928 2163 de
1957 2110 2115 2180 longe

529 2213 671 2266 agre
710 2195 984 2261 allluebnt,
1038 2207 1099 2252 ut
1131 2206 1276 2253 esset
1339 2198 1578 2254 salubris
1618 2199 1920 2254 curandum
1953 2208 2112 2263 erat;

529 2289 596 2344 ad
641 2290 744 2345 hoc
796 2298 1039 2358 tempore
1092 2291 1386 2362 laboreque
1443 2306 1582 2361 opus
1631 2301 1772 2358 erat,
1827 2301 1882 2348 et
1930 2292 1976 2348 si
2027 2291 2117 2346 vix

532 2380 684 2449 potui
706 2388 831 2449 apta
903 2379 1086 2442 ﬁebat,
1123 2380 1282 2434 ﬁebat
1333 2389 1544 2436 tamen.
1574 2380 1808 2447 Quidam
1841 2397 1910 2438 ex
1955 2397 2118 2438 exer-

531 2471 646 2525 citu
712 2487 821 2526 non
873 2471 1129 2541 ignobilis
1156 2470 1288 2543 (Leo
1350 2473 1441 2528 hic
1493 2480 1613 2527 erat
1667 2470 1928 2544 Mazidas)
1989 2488 2114 2528 cum

535 2561 642 2618 lioc
689 2563 1001 2630 accepisset
1040 2579 1240 2618 munus
1293 2564 1510 2633 sibique
1548 2565 1939 2635 gratularetur,
1990 2566 2119 2618 lior-

541 2663 692 2710 tatus
747 2664 832 2710 est
885 2653 1150 2710 Davidem
1197 2666 1258 2709 ut
1302 2665 1414 2710 tres
1476 2656 1595 2711 dies
1653 2645 2118 2712 consumerentur

541 2750 594 2802 in
646 2763 831 2817 opere,
867 2757 927 2802 ut
977 2748 1137 2804 locus
1189 2760 1440 2804 secretus
1497 2758 1620 2803 tuto
1664 2764 1887 2804 servare
1935 2758 2119 2820 posset

537 2851 734 2907 aquam
779 2837 831 2892 in
876 2853 941 2893 eo
975 2847 1310 2901 contentam,
1341 2840 1470 2892 dum
1502 2839 1652 2893 nulla
1679 2848 1826 2894 esset
1868 2839 2116 2894 necessi-

538 2942 624 2989 tas
685 2932 833 2988 aliud
895 2933 1195 3001 operandi,
1257 2932 1527 3002 siquidem
1613 2934 1797 2988 hostes
1877 2932 2116 2987 nondum

537 3027 820 3090 adessent,
858 3027 954 3081 sed
993 3026 1184 3096 procul
1219 3034 1416 3080 contra
1451 3026 1730 3081 abessent.
1783 3023 1882 3081 Hic
1934 3037 2118 3081 sermo

536 3120 744 3191 placuit
771 3119 938 3174 David
977 3121 1030 3174 in
1076 3128 1292 3173 tantum
1349 3127 1411 3174 ut
1438 3116 1956 3190 probaret.Ventus
1985 3135 2118 3174 vero

538 3211 818 3281 arripiens
853 3209 1023 3265 verba
1054 3209 1281 3265 Mazidae
1318 3210 1590 3276 abstulit;
1626 3224 1691 3264 ac
1742 3210 1798 3265 in
1835 3210 2117 3266 oblivione

537 3314 782 3358 mentem
835 3302 1060 3357 Davidis
1085 3303 1383 3372 sepeliens,
1432 3303 1722 3358 surculum
1773 3302 1965 3355 eduxit
2017 3300 2113 3372 qui

535 3391 717 3449 factus
763 3395 987 3463 grandis
1041 3402 1270 3448 truncus
1331 3393 1438 3446 l'uit
1471 3393 1596 3447 mali
1625 3393 1831 3462 magni.
1860 3390 2116 3447 Nondum

534 3493 654 3541 erat
683 3499 936 3555 vespera,
970 3484 1371 3552 abnndansque
1402 3498 1544 3553 aqua
1593 3483 1763 3538 libere
1809 3482 1976 3537 ﬂuere
2023 3499 2118 3536 va-

536 3575 658 3630 lens
708 3575 763 3628 in
796 3589 957 3628 suum
1012 3573 1442 3641 receptaculum,
1505 3585 1731 3626 cursum
1781 3585 1940 3624 suum
2000 3584 2118 3622 ma-

535 3683 644 3740 gno
665 3667 848 3722 sonitu
880 3665 1180 3720 indicabat.
1203 3664 1358 3718 Tune
1381 3661 1524 3718 forte
1553 3662 1794 3718 Mazidas
1819 3676 1943 3717 cum
1975 3676 2116 3732 pra:-

535 3760 742 3816 teriens
791 3757 937 3827 quod
998 3755 1202 3811 factum
1243 3765 1395 3811 esset
1436 3756 1730 3820 audiisset,
1783 3754 2117 3810 festinanter

536 3850 606 3905 ad
648 3848 910 3904 Davidem
945 3848 1144 3910 currit,
1194 3848 1558 3916 referensqne
1597 3846 1746 3915 quod
1789 3847 2006 3900 dixerat
2058 3845 2112 3898 in

535 3949 776 3995 mentem
811 3948 1055 3993 revocat.
1081 3938 1248 3994 David
1282 3953 1432 4005 vero,
1457 3938 1550 4008 qui
1589 3939 1852 3994 ultionem
1885 3952 2107 3994 sumere

505 4019 510 4024 ’
537 4030 1006 4104 posset,oblivisci
1040 4029 1254 4084 maluit.
1272 4027 1564 4099 Postquam
1590 4044 1718 4082 vero
1739 4029 2004 4084 audiisset
2029 4044 2116 4084 rc-

540 4123 828 4176 tinendam
873 4135 996 4175 esse
1025 4136 1250 4190 aquam,
1274 4121 1432 4191 quasi
1461 4119 1642 4174 adhuc
1679 4121 1902 4174 utilitati
1937 4122 1990 4176 in
2021 4136 2116 4192 po—

537 4225 749 4274 sterum
803 4215 1063 4278 futuram,
1108 4214 1305 4278 noluit,
1356 4229 1666 4284 aquamque
1714 4213 1884 4269 fluere
1931 4216 2112 4270 sinere

535 4311 726 4382 jussit.
758 4309 912 4376 Aqua
964 4308 1130 4380 igitur
1184 4306 1344 4361 ﬂuxit
1395 4307 1451 4362 in
1503 4307 1912 4374 receptaculum
1959 4306 2108 4376 quod

2214 505 2524 574 Πληρὼσας
2548 507 2658 572 γὰρ
2689 507 2747 557 ἐν
2776 505 2991 565 πολλοῖς
3016 503 3113 562 τὰς
3136 503 3346 570 χεῖρας.
3373 497 3448 555 ὧν
3474 504 3572 554 οὐκ
3603 504 3794 573 ἐχρῆν,

2207 599 2360 666 ἀφίει
2392 600 2518 660 τοὺς
2548 599 2835 658 ἐθέλοντας
2886 596 3286 660 λειποτακτεῦ),
3319 595 3414 648 καὶ
3443 594 3669 664 φεύγειν
3696 597 3796 665 τὴν

2212 691 2471 760 πατρίδα.
2504 690 2628 743 ὅποι
2661 687 2959 758 βούλοιντο.
2991 686 3098 738 Καὶ
3131 687 3179 738 oi
3229 685 3594 754 βαθύπλουτοι
3641 704 3799 755 περ.-

2213 779 2533 846 ποιούμενοι
2559 779 2704 831 οὕτω
2733 779 2794 831 τὸ
2823 775 3116 839 σώζεσθαι,
3144 776 3447 829 ἀπετέλουν
3475 776 3570 828 καί
3597 793 3651 829 τι
3677 780 3795 845 χεῖ-

2215 887 2328 942 ρον.
2353 870 2800 938 Μισθαρνοῦντες
2850 872 2959 937 γὰρ
2995 869 3104 920 τῶν
3133 869 3466 936 δημοτικῶν,
3491 869 3606 921 ὅσοι
3631 868 3795 932 δεξιοὶ

2210 963 2310 1024 τὰς
2342 965 2553 1032 χεῖρας,
2589 965 2680 1015 καὶ
2716 961 2937 1030 βριαροὶ
2967 961 3162 1030 ῥάϐδον
3195 977 3257 1012 τε
3289 962 3660 1027 κατενεγκεῖν,
3699 963 3796 1012 καὶ

2211 1053 2360 1106 λίθον
2387 1053 2603 1120 μακρὰν
2639 1053 2884 1120 ἀφεῖναι,
2918 1052 3013 1104 καὶ
3051 1050 3302 1120 μηχανὴν
3334 1050 3796 1120 διαχειρίσασθαι,

2213 1144 2308 1196 καὶ
2337 1143 2493 1207 τόξου
2523 1143 2720 1213 νευρὰν
2747 1145 2982 1194 ἐντεῖναι
3007 1141 3099 1192 καὶ
3133 1140 3336 1207 βαλεῖν,
3362 1139 3664 1208 ἐξεχώρουν
3693 1141 3794 1209 τῆς

2213 1235 2495 1304 πατρίδος.
2529 1235 2638 1288 Καὶ
2692 1233 2867 1303 αὐτὴν
2904 1233 3008 1302 μὲν
3047 1231 3393 1300 ἀπεστέρουν
3423 1229 3594 1292 οὕτως
3621 1232 3800 1298 ἀμυν-

2211 1327 2398 1397 τήρων
2424 1343 2437 1356 ο
2466 1327 2682 1388 ἑαυτοῖς
2707 1325 2764 1378 δὲ
2786 1326 2884 1377 ὃσα
2909 1326 3002 1378 καὶ
3027 1324 3358 1394 στρατηγοῖς
3385 1320 3603 1375 ἔπειθον
3623 1323 3801 1376 τοιοῦ-

2213 1433 2306 1469 τον
2333 1416 2651 1468 ἀκολουθεῖν
2683 1417 2933 1484 στρατὸν,
2983 1414 3174 1484 δώροις
3216 1414 3515 1475 πείθοντες.
3565 1414 3683 1468 Κάν
3713 1431 3801 1476 τις

2212 1507 2361 1578 αὐτῷ
2391 1507 2762 1578 ὑπηγόρευσε,
2790 1507 2886 1561 καὶ
2915 1505 3152 1576 μάλιστά
3173 1522 3236 1572 γε
3260 1505 3422 1574 ἡμεῖς
3450 1503 3500 1557 οί
3533 1503 3608 1574 μὴ
3643 1507 3796 1557 πάνυ

2211 1613 2266 1651 τι
2294 1598 2548 1660 δεδιότες,
2581 1597 2656 1659 ὡς
2683 1597 2784 1649 οὐκ
2841 1595 3043 1662 ἀγαθὴν
3072 1597 3138 1662 τῇ
3175 1595 3330 1646 πόλει
3381 1593 3442 1645 τὸ
3467 1591 3614 1645 οὕτω
3635 1593 3798 1660 γενέ-

2215 1689 2359 1750 σθαι,
2392 1688 2506 1741 ἀλλ’
2571 1686 2807 1740 ἐνταῦθα
2839 1686 2938 1738 οὐκ
2986 1680 3055 1755 ἦν
3109 1682 3348 1753 φορητὸς
3377 1685 3405 1735 ὁ
3442 1681 3604 1752 ἀνὴρ,
3675 1699 3805 1748 σχε-

2213 1778 2450 1841 τλιάζων
2479 1778 2573 1828 καὶ
2595 1775 3030 1844 δυσανασχετῶν,
3059 1774 3109 1826 εί
3134 1771 3412 1842 μεμφθείη
3431 1770 3506 1835 ώς
3535 1771 3802 1842 περιιδὼν

2215 1869 2514 1940 γενομένην
2543 1867 2689 1921 οῦτω
2721 1866 2821 1937 τὴν
2854 1867 3009 1919 πόλιν
3028 1864 3357 1934 κένανδρον.

2289 2027 2385 2099 ξβ’.
2424 2029 2497 2082 Τδ
2531 2027 2586 2081 δὲ
2628 2029 2693 2098 δὴ
2749 2029 3047 2097 κορυφαῖον
3083 2027 3141 2078 ἑν
3190 2027 3300 2088 τοῖς
3345 2022 3466 2076 καθ’
3494 2023 3640 2093 ἡμᾶς
3675 2022 3809 2075 τού-

2214 2137 2329 2184 τοις
2359 2123 2548 2182 κακοῖς
2603 2121 2694 2172 καὶ
2725 2121 2758 2188 ἡ
2796 2117 2889 2171 τοῦ
2919 2115 3352 2184 ἀναγκαιοτάτου
3395 2115 3586 2176 ὕδατος
3615 2115 3804 2166 ἔκλει-

2216 2215 2309 2284 ψις
2339 2210 2430 2284 ἦν.
2477 2213 2566 2276 Ὠς
2589 2211 2698 2282 γὰρ
2731 2213 2763 2282 ή
2796 2208 3274 2280 τῆς’ἀκροπόλεως
3305 2205 3574 2274 δεξαμενὴ
3605 2205 3804 2276 ἀργῶς

2219 2306 2283 2359 ἐκ
2319 2303 2535 2375 μακροῦ
2566 2299 2704 2373 εἶχε,
2735 2303 2831 2354 καὶ
2875 2301 3040 2370 ἐχρῆν
3072 2297 3477 2366 ἀναποιηθῆναι
3510 2295 3676 2366 αὐτὴν
3709 2297 3810 2348 ἐκ-

2221 2395 2677 2465 θεραπευθεῖσαν,
2727 2391 2856 2446 ἔνθα
2888 2392 3066 2462 χρόνῳ
3095 2389 3538 2459 καταπεπὸνητο,
3587 2389 3809 2456 ἐγίνετο

2219 2490 2378 2542 τοῦτο
2414 2487 2568 2557 μόλις
2594 2486 2714 2554 μὲν,
2737 2483 2852 2538 ἀλλ’
2883 2477 2997 2537 οῦν.
3026 2483 3132 2535 Καί
3156 2499 3238 2546 τις
3266 2481 3376 2534 τῶν
3403 2484 3500 2550 τῆς
3538 2482 3806 2549 στρατιᾶς

2219 2580 2320 2633 οὐκ
2365 2576 2582 2647 ἀφανὴς
2608 2575 2787 2646 (Λέων
2816 2569 2883 2644 ἦν
2914 2575 3123 2636 ἐκεῖνος
3150 2573 3177 2623 6
3207 2571 3500 2638 Μαζιὸἀς).
3537 2568 3810 2633 ἀποδεξά-

2226 2688 2384 2742 μενος
2412 2669 2476 2723 τὸ
2508 2669 2740 2738 πρᾷγμα
2797 2666 2888 2718 καὶ
2945 2665 3263 2730 ἐπαινέσας,
3312 2663 3655 2730 παρεκάλεσε
3707 2663 3808 2714 τὸν

2223 2762 2386 2817 Δαυῒδ
2417 2759 2630 2831 ἡμέρας
2669 2756 2924 2828 τριόῆναί
2979 2772 3132 2818 τινας
3189 2758 3326 2823 μετά
3381 2755 3442 2806 τδ
3495 2754 3677 2824 ἔργον.
3712 2754 3806 2806 ἵνα

2224 2851 2563 2923 στεγανωθὲν
2603 2850 2663 2902 τὸ
2709 2849 2931 2916 ἀγγεῖον
2973 2847 3072 2918 ἔχῃ
3106 2847 3395 2914 φυλάττειν
3426 2848 3485 2899 τὸ
3509 2847 3806 2898 πιστευθὲν

2225 2947 2370 3018 ὕδωρ
2422 2941 2704 3011 ἀσφαλῶς,
2731 2941 2820 2993 διά
2853 2939 2912 3019 τὸ
2965 2938 3100 3008 μηδὲ
3149 2938 3399 3004 ἀνάγκην
3431 2936 3570 2998 τέως
3619 2938 3808 2988 ἐπιτε-

2226 3035 2438 3091 θεῖσθαί
2464 3051 2608 3096 τινα,
2649 3027 2736 3086 οἷα
2764 3029 2875 3084 τῶν
2902 3029 3182 3098 πολεμίων
3218 3026 3372 3080 οὔπω
3407 3027 3802 3096 ἐπικειμένων,

2222 3129 2359 3186 ἀλλά
2388 3125 2723 3198 πορρωτέρω
2754 3139 2857 3175 που
2893 3119 3223 3174 διεστώτων.
3261 3120 3370 3172 Καὶ
3412 3118 3609 3188 ἧρεσεν
3644 3119 3672 3169 ὁ
3705 3117 3803 3170 λόο

2222 3239 2316 3292 γος
2345 3218 2423 3290 τῷ
2453 3215 2633 3280 Δαυῖδ,
2660 3216 2760 3268 ὃσα
2811 3229 2874 3281 γε
2905 3211 3076 3275 δόξαι.
3114 3212 3348 3279 Ἄνεμος
3379 3209 3434 3263 δὲ
3464 3209 3804 3279 ἀφαρπάσας

2217 3315 2311 3368 τὸν
2348 3311 2443 3365 τοῦ
2468 3307 2683 3373 Μαξιδᾶ
2715 3307 2896 3375 λόγον,
2928 3306 3182 3375 ἀπήγαγε
3210 3320 3223 3335 ο
3253 3304 3346 3356 καὶ
3375 3303 3516 3374 λήθῃ
3549 3303 3806 3370 καταχώ-

2223 3421 2321 3468 σας
2352 3403 2412 3457 τό
2445 3401 2539 3454 τοῦ
2575 3398 2737 3453 Δαυῗδ
2767 3395 3021 3468 φρονοῦν,
3047 3397 3285 3464 ἀνέφυσε
3319 3395 3556 3466 βλάστην
3603 3394 3808 3462 eam.

2220 3496 2427 3559 θεῖσαν,
2459 3493 2702 3562 πρέμνον
2744 3490 2982 3560 μεγάλου
3017 3488 3210 3541 κακοῦ.
3243 3485 3407 3540 Ούπω
3437 3487 3546 3556 γὰρ
3571 3481 3803 3556 ἦν’ὀψία

2217 3585 2388 3656 δείλη,
2419 3584 2510 3636 καὶ
2545 3582 2608 3634 τὸ
2649 3579 2958 3651 χυρταῆθεν
2994 3576 3134 3648 ὕδωρ
3173 3576 3446 3629 ἀπολυθὲν
3477 3575 3620 3628 θέειν
3649 3574 3799 3626 κατὰ

2215 3677 2309 3730 τοῦ
2355 3674 2586 3737 σκεύους
2621 3671 2928 3740 ἐλεύθερον,
2979 3669 3276 3738 κατηγόρει
3331 3671 3424 3720 τὸν
3461 3666 3660 3738 δρόμον
3715 3665 3800 3736 τῷ

2216 3766 2567 3839 κελαρυσμῷ.
2624 3766 2734 3818 Kal.
2769 3766 2798 3817 6
2832 3763 3083 3827 Μαζιδᾶς
3115 3762 3436 3830 παροδεύειν
3466 3759 3665 3828 τυχὼν,
3700 3762 3805 3813 καὶ

2215 3862 2476 3925 ἀκούσας,
2505 3860 2533 3914 6
2567 3859 2798 3927 ἐγίνετο,
2846 3856 3032 3927 τρέχει
3073 3855 3319 3907 σπεύδων
3346 3854 3438 3907 ἐπὶ
3487 3853 3576 3905 τὸν
3605 3849 3799 3916 Δαυῒδ,

2216 3955 2311 4007 καὶ
2340 3950 2775 4021 ἀναμιμνήσκει,
2812 3945 3178 4017 προενεγκὼν,
3209 3944 3245 3998 ἃ.
3282 3941 3424 3998 εἷπε.
3457 3944 3614 3996 Καὶὸ
3635 3943 3803 3996 Δαυῒδ

2215 4045 2596 4112 ἀγανακτῆσαι
2662 4039 3036 4109 σκηψάμενος,
3095 4037 3436 4107 προύϐάλετο
3512 4035 3799 4090 λαθέσθαι.

2228 4136 2493 4196 Ἀκούσας
2532 4133 2610 4196 δέ,
2649 4131 2757 4184 δεῖν
2794 4129 3152 4200 ἐπισχεθῆναι
3191 4127 3252 4180 τδ
3293 4127 3461 4198 ὕδωρ,
3490 4126 3566 4189 ώς
3611 4127 3796 4194 ἐγχωο

2216 4228 2343 4299 ροῦν
2378 4225 2631 4295 γενέσθαι
2677 4223 2774 4276 καὶ
2821 4222 3064 4282 εἰσαῦθις
3095 4220 3156 4274 τὸ
3219 4219 3404 4285 καλὸν,
3455 4219 3796 4289 ἀπηνῄνατο,

2215 4319 2475 4384 ἐπιτάξας
2511 4317 2767 4385 ἀφίεσθαι
2803 4317 2950 4384 ῥέειν
2981 4316 3038 4366 τὸ
3069 4312 3235 4384 ὕδωρ.
3288 4313 3397 4365 Καὶ
3436 4312 3616 4363 τοίνυν
3660 4312 3799 4362 αὐτὸ

539 4401 690 4455 illam
735 4397 978 4454 vicissim
1033 4397 1264 4462 dimisit,
1305 4412 1490 4452 curam
1550 4397 1927 4466 supradictam
1987 4398 2110 4450 inu-

2219 4411 2318 4481 μὲν
2347 4409 2645 4480 εἰσέρρεεν,
2679 4409 2709 4477 ἡ
2739 4405 3006 4475 δεξαμενὴ
3040 4405 3096 4457 δέ
3140 4404 3468 4473 ἐξέπεμπεν,
3502 4402 3529 4455 ὃ
3560 4401 3796 4471 ἐδέχετο,

538 4494 690 4547 tilem
748 4492 1128 4555 faciens,cum
1191 4497 1315 4559 post
1376 4489 1565 4542 limum
1616 4505 1843 4558 gypsum
1881 4489 2111 4543 traxerit

538 4597 704 4648 aqua.
730 4579 850 4635 Non
881 4579 1040 4634 multi
1075 4579 1194 4632 dies
1221 4587 1380 4631 erant
1401 4578 1576 4646 elapsi
1621 4593 1972 4646 vacuumque
2019 4592 2111 4632 re-

538 4671 892 4741 ceptaculum
940 4679 1083 4732 erat,
1117 4667 1264 4722 unde
1317 4675 1664 4722 evanuerunt
1704 4669 1872 4723 simul
1918 4683 2112 4724 omnes

540 4779 670 4831 spes
693 4779 830 4831 quas
857 4765 912 4816 in
946 4778 1074 4817 arce
1103 4775 1550 4832 reposueramus,
1595 4776 1868 4828 neruoque
1892 4763 2002 4831 jam
2041 4763 2109 4814 ad

542 4858 690 4912 illam
717 4857 907 4911 oculos
940 4855 1160 4910 levavit.
1188 4853 1546 4924 Nosmetipsi,
1573 4854 1701 4908 licet
1747 4853 1927 4919 inviti,
1969 4855 2111 4906 viam

543 4948 787 5020 aggressi
811 4962 1032 5001 eramus
1066 4947 1380 5001 necessaria
1409 4954 1724 5015 portantes,
1759 4961 1883 4999 cum
1916 4944 2116 5000 didici-

547 5057 694 5105 mus,
731 5054 930 5110 aquam
973 5040 1205 5107 periisse
1233 5055 1249 5102 ;
1283 5039 1447 5092 simul
1475 5046 1660 5092 autem
1692 5053 1817 5090 cum
1851 5037 1942 5090 illa
1987 5052 2114 5105 Spes

543 5133 726 5187 omnis
756 5130 1023 5197 evanuit;
1054 5130 1125 5183 ibi
1179 5130 1354 5183 divisa
1405 5143 1528 5200 quae
1575 5138 1882 5196 supererat,
1941 5143 2114 5182 unum

547 5221 928 5275 tantummodo
960 5219 1156 5273 timere
1184 5226 1238 5273 et
1270 5233 1431 5272 orare
1468 5221 1775 5272 statuimus
1805 5227 1864 5271 ut
1911 5219 2116 5286 aliquis

545 5320 817 5366 averteret
859 5312 971 5366 haec
1023 5311 1330 5366 istiusmodi
1367 5312 1739 5379 proditionem
1771 5313 1910 5365 adeo
1958 5309 2116 5364 redo-

546 5404 736 5459 lentia.
778 5401 931 5456 Tunc
978 5401 1124 5456 enim
1160 5402 1367 5456 nullum
1412 5411 1534 5457 erat
1579 5413 1796 5472 partum
1837 5418 1960 5456 cum
2017 5402 2117 5457 lio-

546 5492 1010 5562 Stihus(quamvis
1059 5492 1369 5546 iaciendum
1409 5494 1602 5562 esset),
1652 5496 1798 5548 nulla
1861 5496 2003 5548 dona
2057 5504 2118 5549 ut

545 5584 834 5638 adirentur
861 5584 1070 5639 certius
1106 5583 1276 5638 frater
1310 5598 1374 5638 ac
1422 5597 1596 5638 mater
1640 5585 1752 5640 fato
1797 5589 2119 5644 Andronico

548 5675 872 5740 iucritabili,
916 5675 1014 5732 sed
1064 5690 1280 5732 sumina
1341 5677 1670 5740 negligentia
1728 5680 1931 5749 illaque
1983 5683 2115 5736 urbs

2213 4502 2574 4569 ἀναλυθείσης
2611 4501 2712 4570 τῆς
2765 4499 3085 4570 προσφάτου
3150 4501 3539 4567 ἐπιποιήσεως,
3594 4491 3675 4559 οἷς
3732 4500 3797 4549 τὸ

2215 4592 2360 4662 ὕδωρ
2394 4591 2702 4661 ἀπαλεῖψαν
2726 4591 2826 4660 τὴν
2874 4590 3049 4659 ὑγρὰν
3085 4590 3363 4659 παρέσυρε
3399 4593 3632 4641 τίτανον.
3684 4588 3796 4639 Καὶ

2213 4687 2272 4737 ού
2311 4685 2495 4738 πολλαὶ
2521 4684 2726 4753 ἡμέραι
2757 4682 2983 4753 ᾤχοντο,
3020 4681 3116 4734 καὶ
3156 4677 3225 4750 ἦν
3247 4682 3308 4733 τὸ
3341 4683 3562 4748 ἀγγεῖον
3598 4678 3755 4730 κενόν
3780 4694 3792 4708 ·

2213 4775 2336 4831 ὅθεν
2365 4772 2872 4843 συνεξεκενώθησαν
2903 4775 3034 4842 ἡμῖν
3071 4772 3282 4826 ἅπασαι
3322 4771 3378 4823 αἱ
3419 4769 3513 4821 ἐπὶ
3542 4771 3606 4838 τῇ
3633 4772 3802 4837 ἀκρο-

2215 4869 2368 4919 πόλει
2401 4865 2636 4928 ἐλπίδες,
2685 4865 2777 4917 καὶ
2809 4865 2996 4916 ούκέτι
3024 4863 3199 4925 οὐδεὶς
3249 4861 3549 4914 ἀνέϐλεπεν
3589 4861 3668 4922 εἰς
3701 4861 3800 4911 αύ-

2215 4959 2336 5028 τήν.
2379 4958 2490 5010 Καὶ
2525 4956 2684 5026 ἡμεῖς
2731 4951 2824 5007 οῦν
2852 4955 3346 5022 συσκευασάμενοι,
3379 4953 3560 5003 ἐκεῖσε
3595 4965 3798 5002 κατανι-

2215 5049 2424 5116 τήσειν,
2451 5047 2611 5116 είπερ
2639 5045 2754 5116 βίᾳ,
2785 5045 2880 5096 καὶ
2904 5044 2973 5096 τὰ
2996 5046 3274 5111 ἀναγκαῖα
3301 5044 3793 5110 συγκομισάμενοι,

2217 5141 2339 5192 ἐπεὶ
2378 5141 2672 5208 μάθοιμεν,
2710 5137 3050 5190 ἀπολωλέναι
3083 5136 3146 5188 τὸ
3195 5136 3362 5204 ὕδωρ,
3407 5135 3793 5202 συγκατερρύη

2220 5232 2320 5302 μὲν
2357 5231 2417 5284 τὸ
2456 5231 2663 5294 εὔελπι,
2720 5231 2812 5281 καὶ
2861 5228 3243 5297 διανείμαντες
3302 5229 3418 5279 ἐκεῖ
3455 5227 3554 5293 τὴν
3596 5241 3794 5292 συγκο-

2221 5325 2400 5396 μιδὴν,
2450 5323 2614 5393 μόνου
2641 5319 2735 5374 τοῦ
2767 5321 2970 5391 δειλιᾷν
3015 5321 3108 5372 καὶ
3151 5318 3405 5387 εὔχεσθαι
3429 5318 3795 5384 κατέστημεν,

2217 5416 2299 5475 τίς
2327 5413 2393 5466 ἂν
2443 5415 2508 5482 δὴ
2549 5412 2828 5480 ἀπαγάγοι
2877 5413 2947 5463 τὰ
2985 5410 3209 5462 τοιαῦτα
3252 5409 3347 5462 τοῦ
3407 5408 3548 5462 κατὰ
3579 5399 3798 5478 ’προδο-

2220 5505 2340 5558 σίαν
2375 5504 2724 5574 συγγενικοῦ.
2751 5504 2810 5554 Ei
2840 5501 2948 5572 γὰρ
2980 5503 3074 5554 καὶ
3106 5499 3358 5571 μηδαμοῦ
3407 5499 3642 5553 ἐνταῦθα
3673 5515 3801 5550 συν-

2218 5595 2362 5664 θήκη
2397 5594 2534 5663 πρὸς
2563 5593 2858 5662 πολεμίους
2887 5592 3090 5660 (θετέον
3145 5591 3253 5658 γὰρ
3278 5588 3470 5660 οὕτω),
3507 5588 3624 5640 οὐδὲ
3661 5587 3799 5656 ἀρέ-

2220 5701 2381 5738 σκεια
2404 5685 2497 5738 ἐπὶ
2518 5683 2730 5754 δώροις,
2755 5683 2927 5752 φειῖοῖ
2963 5681 3053 5734 τοῦ
3110 5681 3420 5750 ἐμπελάσαι
3440 5681 3531 5733 τόν
3554 5694 3612 5730 τε
3639 5676 3799 5732 ἀδελ-
