4084 6484
307 352 376 417 73
1126 349 1222 409 DE
1264 347 1836 411 THESSALONICA
1880 347 2087 408 URBE
2130 350 2173 407 Α
2205 349 2514 409 LATINIS
2553 345 2804 410 CAPTA.
3514 340 3595 408 74
3639 345 3648 370 ⁸

307 463 412 532 φὺν
440 460 541 533 τήν
576 478 634 516 τε
668 461 886 534 μητέρα
941 465 1052 528 τοῖς
1105 463 1202 517 τοῦ
1245 464 1592 536 Ἀνδρονίκου
1643 464 1910 532 ἀφύκτοις

2031 466 2320 550 cumomni
2371 480 2474 521 suo
2523 466 2728 536 populo
2775 464 2938 520 malis
2990 463 3306 526 submersa.
3342 477 3466 520 cum
3497 463 3585 518 via

310 555 498 620 λίνοις,
537 553 654 606 ἀλλ’
695 553 830 607 αὐτὸ
868 553 936 624 δὴ
967 554 1031 607 τὸ
1077 555 1266 622 ἄκρως
1317 554 1562 625 ἀμελεῖν,
1609 556 1706 608 καὶ
1745 553 1899 623 παρὰ

2031 556 2171 612 mica
2234 557 2429 612 orandi
2504 557 2700 612 ducem
2765 563 2826 610 nt
2877 564 3095 626 tempus
3163 554 3588 626 expugnationis

310 645 520 715 φαῦλον
555 647 658 713 τὴν
702 643 980 714 τοσαύτην
1033 645 1190 698 πόλιν
1242 645 1492 698 τίθεσθαι
1551 645 1648 698 καὶ
1688 645 1783 697 τὸν
1839 645 1899 696 ἐν

2031 647 2377 713 tbbreviaret,
2407 663 2556 714 cum,
2585 649 2631 705 si
2671 648 2880 703 vultum
2905 648 3258 717 imperatoris
3282 647 3499 718 fugiens
3519 645 3586 701 ad

310 740 449 809 αὐτῇ
484 738 666 791 πάντα
693 738 850 802 λαὸν,
882 737 980 791 καί
1013 754 1114 790 που
1140 737 1237 790 καὶ⁷
1265 736 1523 808 εὔχεσθαι
1554 738 1646 791 τὸν
1669 754 1902 807 στρατη-

312 829 430 896 τὸν,
455 827 836 898 ὲπιτμηθῆναι
865 828 959 882 τὸν
989 827 1086 897 τῆς
1141 827 1407 891 ἁλώσεως
1460 828 1672 898 χρόνον,
1703 827 1757 880 εἴ
1787 845 1905 890 πως

314 918 573 986 ἐκφυγὼν
591 919 652 972 τὸ
671 918 780 985 τοῦξ
812 919 1082 988 βασιλέως
1101 918 1416 989 πρόσωπον,
1438 920 1496 982 ἐς
1513 919 1756 989 κόρακας
1778 935 1907 972 πτε-

323 1013 568 1080 ρύξεται,
587 1012 849 1080 συγγενὲς
868 1010 934 1064 ἂν
958 1011 1046 1081 εἴη
1075 1011 1220 1078 μάλα
1235 1011 1314 1079 τῷ
1335 1010 1663 1081 προδιδόναι,
1683 1009 1778 1062 καί
1800 1026 1904 1063 που

319 1108 414 1158 καὶ
435 1105 641 1172 χεῖρον,
661 1102 738 1166 ὡς
753 1102 820 1157 ἄν
869 1121 959 1166 τις
1006 1101 1100 1156 τοῦ
1124 1096 1304 1157 λαλεῖν
1344 1103 1596 1172 τεχνίτης
1637 1103 1909 1169 ἐπαγωνί-

319 1214 494 1250 σαιτο.
510 1197 619 1249 Καὶ
640 1198 667 1248 ὁ
685 1195 998 1264 λογίζεσθαι
1017 1195 1492 1264 συνετὸςιταυτίζοι
1510 1195 1641 1264 γοῦν
1656 1194 1811 1250 ταῦτ’
1841 1195 1908 1249 ἂν

317 1289 466 1344 κατά
494 1292 556 1341 τὸ
587 1289 894 1358 σύστοιχον.
944 1287 1105 1342 Οὕτω
1146 1288 1242 1340 καὶ
1269 1289 1662 1358 οἰακοστρόφος
1682 1287 1822 1350 νεὼς
1843 1287 1906 1341 ού

321 1382 469 1436 κατά
498 1382 755 1452 κυρείαν,
782 1381 924 1435 ἀλλὰ
959 1380 1178 1451 μισθοῦ,
1210 1382 1259 1434 εί
1293 1380 1372 1451 τῷ
1399 1379 1907 1450 κεφαλαιωσαμένῳ

317 1474 423 1544 τὴν
453 1472 590 1526 ναῦν
618 1473 894 1541 ὲγκοτοίη,
920 1474 978 1536 ἐς
1005 1474 1129 1527 ὅσον
1155 1473 1254 1526 οὐκ
1279 1473 1397 1528 ἔστι
1423 1473 1586 1527 πλέον
1614 1474 1906 1540 ἐπιτεῖναι,

320 1565 643 1634 παραμένει
700 1564 802 1633 μέν
853 1582 982 1618 ποτε
1014 1564 1417 1639 κινδυνευούσῃ,
1455 1566 1608 1620 λαλεῖ
1645 1566 1702 1619 δὲ
1746 1567 1913 1620 ἀσυν·

320 1656 476 1724 τελῆ,
513 1657 610 1708 καὶ
645 1656 878 1726 πράττει
907 1657 1008 1710 οὐκ
1034 1657 1370 1729 ἀρῤᾳθύμως
1391 1673 1408 1690 ⁸
1437 1657 1532 1711 καὶ
1573 1656 1675 1726 τὴν
1713 1657 1912 1728 τέχνην

320 1750 408 1810 εἰς
459 1749 523 1800 τὸ
559 1749 670 1801 πᾶν
711 1748 1019 1813 συστείλας,
1055 1749 1250 1817 ἀφίησι
1279 1749 1341 1801 τὸ
1374 1749 1583 1817 σκάφος
1627 1765 1911 1819 προσαρα-

320 1840 527 1910 χθῆναι
555 1840 829 1910 σκοπέλῳ,
864 1839 955 1893 καὶ
991 1840 1134 1894 κατὰ
1167 1839 1328 1911 βυθοῦ
1362 1839 1516 1894 δῦναι
1547 1841 1698 1906 αύτῷ
1731 1841 1914 1911 φόρτῳ

322 1930 427 1982 καὶ
453 1929 740 1997 ἀνδράσιν.
768 1928 929 1982 Οὕτω
959 1929 1057 1982 καὶ
1085 1927 1259 1996 φύλαξ
1283 1929 1615 1998 τελεσφόρον
1645 1929 1913 2000 ἀμπέλου,

322 2020 590 2084 καθάπαξ
630 2021 964 2089 ἀποστυγῶν
1011 2021 1102 2075 τδν
1142 2021 1409 2090 δεσπότην
1441 2022 1582 2074 κατά
1630 2023 1788 2090 μῖσος
1829 2020 1916 2074 τέ-

322 2111 496 2173 λειον,
531 2110 776 2180 βοτρύων
809 2112 910 2181 μὲν
935 2111 1067 2175 ἴσως
1092 2111 1325 2167 ἅπτεται
1349 2112 1432 2176 είς
1451 2111 1625 2174 οὐδὲν,
1659 2111 1828 2182 συχνὰ
1856 2111 1914 2165 δὲ

324 2203 407 2272 πῆ
465 2203 566 2272 μὲν
618 2203 770 2256 κάτω
803 2203 1132 2273 περιοδεύει,
1161 2204 1236 2272 πῆ
1271 2203 1328 2257 δὲ
1372 2201 1468 2257 τοῦ
1503 2203 1930 2273 σκοπευτηρίου,

323 2296 566 2364 γίνεται,
599 2297 694 2349 καὶ
719 2290 824 2350 ὧδε
858 2297 952 2349 καὶ
977 2298 1097 2352 ἐκεῖ
1128 2296 1611 2367 περιϐλεπὸμενος,
1647 2297 1915 2366 φαντάζει

324 2390 677 2458 ἑπιμέλειανο
707 2388 852 2458 δρῶν
883 2388 944 2442 δὲ
978 2388 1077 2461 τὴν
1103 2387 1198 2443 τοῦ
1224 2390 1477 2461 φραγμοῦ
1505 2387 1786 2460 σύμπηξιν
1817 2389 1916 2442 καὶ

324 2482 430 2552 τὴν
461 2481 552 2536 ἐπ’
594 2481 742 2550 αὐτῷ
783 2481 1019 2550 τάφρον,
1056 2480 1565 2548 ὲπιϐουλευσάμενά
1615 2480 1781 2535 ποθεν
1813 2479 1916 2534 οὐκ

326 2571 671 2636 ἀποκωλύει,
708 2571 823 2626 ἀλλ’
880 2566 973 2626 οἷα
1029 2571 1126 2624 καὶ
1167 2569 1564 2634 ἀπονυστάζων
1618 2570 1916 2635 διάκειται,

327 2662 514 2716 ἀνύων
546 2662 649 2730 μὲν
675 2661 820 2716 οὕτω
842 2663 906 2715 τδ
931 2660 1075 2715 κατά
1102 2660 1197 2715 τοῦ
1227 2661 1578 2731 κτησαμένου
1608 2659 1709 2733 τὴν
1741 2661 1921 2730 ἀμπε-

327 2753 427 2804 λον
459 2751 681 2821 βλάϐος,
727 2752 972 2821 μελετῶν
1012 2751 1070 2804 δὲ
1097 2750 1354 2820 ὀμεῖσθαι
1388 2752 1504 2814 τοῖς
1545 2749 1921 2817 αἰτιωμένοις,

327 2843 409 2907 ὡς
441 2843 571 2896 οὔτε
601 2843 793 2912 φεύγοι
833 2842 928 2897 τοῦ
961 2842 1309 2913 ἀμπελῶνος,
1343 2841 1467 2896 οὔτε
1505 2842 1787 2912 κεκλόφοι.
1810 2841 1925 2896 οὔτ’

2011 756 2207 796 corvos
2234 740 2536 805 advolaret,
2562 739 2828 810 proditori
2875 740 3189 796 simillimus
3213 751 3379 804 esset,
3427 751 3591 810 atque

2007 834 2300 904 aliquoties
2355 832 2529 902 pejor,
2560 833 2654 902 qui
2697 841 2758 887 ut
2803 833 3087 887 comacdus
3126 831 3310 886 verbis
3366 840 3582 884 tantum

2008 935 2327 998 pugnasset.
2359 924 2537 979 Mente
2562 925 2804 995 prudens
2849 923 2902 978 in
2930 925 3120 978 eodem
3170 923 3365 978 ordine
3427 923 3588 977 istius

2008 1018 2153 1074 modi
2178 1025 2422 1087 poneret.
2447 1015 2915 1082 Quemadmodum
2949 1016 3285 1086 gubernator
3317 1015 3469 1068 navis
3492 1029 3590 1068 cn-

2003 1109 2094 1179 jus
2138 1123 2248 1163 non
2302 1120 2388 1164 est
2437 1109 2695 1163 dominus
2725 1108 2821 1163 sed
2879 1107 3206 1172 conductor,
3241 1108 3288 1162 si
3336 1107 3595 1161 irascitur

2011 1203 2090 1257 illi
2153 1202 2247 1271 qui
2305 1215 2427 1256 eam
2478 1200 2720 1264 laeserit,
2767 1215 2878 1253 non
2951 1208 3036 1255 est
3103 1207 3160 1252 ut
3210 1199 3388 1267 magis
3440 1199 3587 1253 iras-

2011 1301 2167 1350 catur
2195 1333 2210 1358 ,
2241 1292 2398 1347 adest
2425 1292 2645 1362 quidem
2676 1291 2921 1361 periculo
2950 1306 2966 1354 ;
2999 1289 3230 1344 consilia
3291 1304 3423 1344 vero
3472 1290 3595 1355 eius
3659 1288 3664 1294 ’

2013 1399 2122 1440 non
2165 1389 2295 1438 sunt
2347 1382 2586 1438 efficacia
2639 1383 2992 1452 segniterque
3025 1381 3177 1451 agit;
3211 1381 3358 1434 omni
3411 1389 3595 1434 autem

2013 1475 2214 1548 peritia
2247 1477 2368 1547 ejus
2394 1476 2445 1528 in
2479 1491 2650 1529 unum
2705 1473 3027 1529 intendente
3049 1515 3064 1538 ,
3106 1475 3160 1526 in
3195 1475 3457 1542 scopulos
3485 1471 3590 1526 im-

2017 1569 2244 1641 pingere
2275 1570 2518 1623 carinam
2559 1567 2690 1620 sinit
2721 1574 2886 1636 atque
2919 1565 2971 1618 in
3027 1565 3228 1634 abysso
3289 1562 3461 1631 mergi
3520 1562 3598 1616 si-

2019 1663 2130 1716 mul
2189 1676 2312 1715 cum
2367 1658 2643 1713 mercibus
2681 1664 2734 1711 et
2777 1655 3111 1711 nominibus.
3145 1653 3348 1709 Eadem
3386 1653 3601 1708 ratione

2019 1752 2186 1807 etiam
2216 1757 2406 1806 custos
2436 1750 2608 1804 vineae
2639 1749 2870 1802 maturis
2919 1747 3041 1801 uvis
3071 1748 3301 1802 consita:
3332 1758 3598 1800 aversans

2022 1845 2307 1900 dominum
2339 1842 2468 1896 odio
2498 1840 2765 1911 perfecto,
2799 1855 2934 1896 uvas
2964 1840 3124 1906 ,forte
3161 1838 3228 1892 ad
3283 1838 3423 1893 nihil
3477 1837 3597 1890 alli-
3671 1844 3676 1848 '

2020 1945 2132 2008 gat.
2158 1950 2302 2004 saepe
2333 1942 2516 1989 tamen
2576 1932 2864 1988 descendit
2913 1932 2969 1986 in
3012 1930 3334 1986 inferiorem
3367 1938 3601 2000 partem,

2009 2028 2190 2081 tmodo
2221 2035 2330 2080 stat
2369 2026 2527 2094 quasi
2565 2024 2620 2078 in
2652 2023 2996 2094 spectaculo,
3035 2023 3126 2077 hic
3162 2031 3218 2077 et
3271 2021 3384 2076 illic
3417 2021 3599 2090 respi-

2035 2118 2187 2173 ciens
2212 2131 2399 2172 curam
2443 2115 2668 2171 simulat
2696 2133 2711 2181 ;
2749 2114 2940 2170 videns
2974 2129 3105 2170 vero
3131 2115 3277 2184 sepis
3313 2126 3608 2182 compages

2017 2209 2344 2280 foveamque
2381 2209 2539 2281 juxta
2585 2209 2773 2272 illam,
2818 2223 2914 2264 eos
2959 2207 3054 2276 qui
3119 2206 3452 2262 insidiantur
3499 2217 3605 2257 non

2026 2311 2245 2359 amovet
2285 2303 2436 2368 inde,
2466 2302 2561 2359 sed
2615 2300 2900 2356 dormiens
2932 2298 3118 2370 jacet,
3184 2297 3474 2367 perficiens
3530 2295 3608 2348 ita

2026 2397 2289 2453 damnum
2323 2396 2498 2451 vineae
2533 2393 2889 2465 possessoris,
2915 2387 3062 2448 illico
3090 2391 3282 2460 jurans
3310 2389 3609 2460 quaerenti-

2021 2491 2126 2548 bus
2177 2504 2238 2546 se
2299 2503 2580 2558 nunquam
2632 2489 2798 2542 vitem
2843 2483 3179 2549 deseruisse,
3228 2498 3331 2537 nec
3367 2478 3608 2536 furatum

2025 2597 2169 2648 esse,
2193 2595 2294 2636 nec
2346 2578 2566 2634 tandem
2629 2575 2946 2640 tradidisse,
2979 2575 3244 2630 clamans.
3273 2571 3394 2629 Non
3430 2583 3609 2626 tamen

2027 2681 2149 2729 erat
2170 2672 2486 2743 negligens,
2508 2669 2576 2726 iis
2601 2670 2828 2724 obstans
2850 2681 2972 2739 qua:
2991 2665 3165 2722 vinea:
3185 2679 3384 2720 nocere
3407 2664 3612 2732 potuis-

2029 2769 2171 2820 sent.
2209 2764 2338 2817 Hzec
2366 2775 2499 2816 vero
2530 2760 2586 2815 in
2619 2759 2792 2815 David
2821 2757 3091 2828 completa
3108 2763 3239 2813 sunt
3259 2770 3382 2810 cum
3403 2768 3472 2810 ex
3501 2753 3613 2807 illis

2035 2869 2146 2911 non
2185 2855 2362 2910 solum
2417 2852 2764 2907 Andronicus
2809 2850 2964 2920 argui
3017 2848 3224 2918 poterit
3269 2843 3414 2918 quod
3465 2844 3613 2913 ejus-

332 2935 591 3005 ἀποδοίη,
630 2934 813 3004 ἀφιεὶς
839 2934 897 2989 δὲ
925 2933 1007 3002 τὸ,
1060 2933 1196 2987 Οὐδὲ
1254 2933 1362 3004 μὴν
1398 2933 1692 3004 ἀμελήσοι,
1742 2934 1772 2988 δ
1826 2935 1927 3000 τὴν

2037 2947 2184 3002 modi
2223 2946 2390 3002 rebus
2435 2943 2896 3000 administrandis
2937 2943 3116 2997 virum
3164 2940 3472 3010 praefecerit
3511 2937 3615 2993 sibi

335 3023 589 3094 ἄμπελον
617 3022 990 3094 ἀπηχρείωσε.
1025 3021 1213 3077 Ταῦτα
1265 3022 1323 3075 δὲ
1380 3021 1450 3075 τά
1495 3024 1590 3075 καὶ
1639 3023 1718 3092 τῷ
1763 3022 1927 3075 Aemili

2037 3037 2298 3098 infesmm
2331 3046 2387 3092 et
2413 3036 2573 3092 malis
2598 3037 2812 3091 artibus
2842 3033 3161 3099 fecundum,
3193 3031 3290 3089 sed
3314 3031 3477 3086 etiam
3509 3029 3616 3084 Da-

339 3119 747 3185 ἐμφαινόμενα,
779 3115 847 3169 δι’
881 3107 958 3169 ὧν
983 3114 1045 3167 ού
1087 3114 1250 3184 μόνον
1277 3115 1306 3168 ὁ
1344 3111 1692 3185 ’Δνδρόνικος
1716 3114 1927 3184 ψέγοιτ“

2033 3131 2123 3186 vid
2159 3129 2448 3186 convictus
2476 3126 2642 3184 fuerit
2680 3125 3013 3199 proditionis
3044 3138 3192 3180 reus.
3213 3123 3295 3178 Ad
3324 3137 3616 3179 resumen-

337 3209 430 3276 ἀν,
470 3209 700 3262 δύσνουν
730 3207 911 3278 ἐαυτῷ
943 3206 1116 3278 ἄνδρα
1144 3206 1238 3260 καὶ
1267 3205 1440 3276 βαθὺν
1481 3207 1927 3278 πονηρεύσασθαι

2033 3221 2162 3277 dum
2194 3220 2340 3277 enim
2383 3220 2685 3290 inceptum,
2735 3233 2837 3274 nec
2877 3219 3216 3288 gubernator
3267 3215 3374 3271 fuit
3422 3228 3616 3284 exspe-

340 3301 694 3374 τηλικούτοις
713 3301 1017 3368 ἐπιστήσας
1046 3300 1368 3370 πράγμασιν
1388 3315 1404 3331 ο
1431 3299 1569 3354 ἀλλά
1589 3299 1683 3353 καὶ
1711 3299 1739 3351 δ
1770 3298 1927 3354 Δαυῒδ

2031 3312 2364 3378 ctabundus,
2408 3326 2535 3367 cum
2587 3311 2906 3380 appelleret,
2941 3325 3066 3366 eum
3106 3308 3427 3364 discrimine
3465 3305 3616 3375 capi-

339 3396 728 3464 ἀπελέγχοιτο,
771 3392 847 3462 μὴ
884 3392 953 3446 ἂν
993 3390 1143 3461 ἔχειν
1192 3389 1506 3458 διεκφυγεϊν
1559 3389 1780 3460 γραφὴν
1833 3389 1927 3443 τοῦ

2031 3407 2125 3475 tis,
2148 3414 2208 3462 ut
2233 3405 2507 3460 infelicem
2533 3412 2871 3460 servatorem
2902 3401 3097 3458 Xerxis
3133 3402 3416 3466 damnare,
3449 3399 3608 3454 dubi-

342 3485 665 3556 προδοῦναι.
703 3480 1326 3550 Ἀνακεφαλαιὼσασθαι
1341 3481 1449 3551 γὰρ
1473 3482 1534 3534 τὸ
1556 3481 1930 3551 ὲπιχειρηθὲν,

341 3578 472 3631 οὔτε
510 3575 853 3646 κυϐερνήτης
879 3572 1230 3644 καραδοκῶν,
1258 3573 1417 3641 εἴπερ
1439 3571 1753 3643 δρμισθείη,
1792 3574 1931 3624 ἁπο-

342 3667 618 3723 ὁαλέσθαι
638 3665 738 3734 τὴν
755 3663 1000 3736 κεφαλὴν
1031 3663 1172 3717 κατὰ
1198 3662 1290 3716 τὸν
1319 3662 1559 3734 δυστυχῆ
1588 3663 1810 3732 σωτῆρα
1838 3662 1934 3716 τοῦ

343 3760 574 3830 Ξέρξου,
616 3758 842 3828 δκνήσοι
870 3755 959 3820 ἀν,
994 3756 1220 3827 ῥαχίαις
1250 3753 1464 3824 φθάσας
1497 3753 1845 3826 προσαράξαι
1876 3752 1938 3804 τὸ

345 3853 586 3918 σκάφος,
615 3848 858 3918 κύμασιν
891 3846 1108 3911 ἐκδοὺς,
1141 3845 1195 3899 εί
1233 3863 1353 3909 πως
1383 3845 1804 3915 ἐκκολυμϐήσας
1836 3844 1936 3914 μό-

347 3963 438 4007 νος
467 3941 891 4013 περιγενήσεται
915 3957 928 3972 ο
964 3939 1060 3992 καὶ
1084 3937 1412 4008 ἀμπελῶνος
1437 3936 1494 3990 δὲ
1520 3936 1738 4004 φύλακα
1765 3935 1936 3989 δαπα-

347 4040 449 4108 νᾷν
480 4035 581 4104 μὲν
613 4035 675 4086 τὸ
717 4031 1002 4085 πιστευθὲν
1026 4031 1127 4084 οὐκ
1160 4029 1364 4095 εἰδότα,
1398 4028 1544 4100 χόλῳ
1571 4028 1630 4081 δὲ
1667 4027 1748 4098 τῷ
1793 4027 1937 4080 κατὰ

344 4128 444 4182 τοῦ
461 4124 730 4181 δεσπότου
749 4123 984 4192 ἀφιέντα
1004 4120 1356 4184 κλέπτεσθαι,
1373 4121 1466 4175 καὶ
1484 4119 1697 4190 θηρίοις
1715 4118 1944 4189 βλάπτε-

346 4222 505 4282 σθαι,
535 4220 638 4272 οὐκ
675 4217 744 4270 ἂν
808 4215 1167 4286 νοσφιζοίμην
1215 4212 1400 4282 λέγειν
1467 4211 1764 4284 προδοῦναι
1843 4213 1942 4280 τὴν

346 4311 641 4383 ἄμπελον.

2040 3511 2164 3555 tans
2208 3514 2298 3562 an,
2363 3507 2656 3568 postquam
2696 3495 2750 3550 in
2799 3495 3059 3565 scopulos
3089 3495 3330 3549 carinam
3361 3492 3619 3564 impegls-

2041 3600 2151 3654 set,
2209 3588 2474 3645 fluctibus
2532 3585 2957 3656 derelinquens,
3009 3582 3248 3638 natando
3283 3586 3474 3652 posset
3520 3579 3619 3632 ali-

2037 3680 2258 3752 quando
2307 3681 2460 3735 solus
2519 3678 2720 3735 salvari
2765 3693 2780 3730 :
2835 3675 3118 3733 custodem
3172 3687 3392 3746 quoque
3445 3671 3622 3726 vinea:

2038 3789 2104 3830 ex
2157 3787 2218 3828 re
2256 3771 2467 3828 credita
2513 3769 2760 3826 fructum
2802 3767 3089 3840 percipere
3137 3767 3499 3829 nescientem,
3522 3762 3620 3819 sed

2040 3884 2107 3922 ex
2155 3867 2235 3922 ira
2281 3867 2550 3922 adversus
2587 3878 2964 3936 possessorem
3017 3861 3288 3918 sinentem
3338 3872 3462 3913 eum
3526 3855 3622 3911 de-

2039 3961 2270 4032 praedari
2328 3968 2489 4029 atque
2549 3973 2579 4012 a
2653 3956 2845 4013 bestiis
2913 3954 3075 4021 laedi,
3149 3967 3258 4008 non
3313 3951 3622 4007 dubitarem

2043 4067 2293 4111 asserere
2323 4067 2447 4108 eum
2481 4049 2789 4120 prodidisse
2809 4048 3051 4104 vineam.

421 4439 629 4513 ξγἌὮ
674 4437 787 4496 οἷον
835 4440 1028 4502 κακὸν,
1063 4433 1111 4493 ὧ
1157 4436 1488 4509 Ἀνδρόνικε,
1527 4436 1806 4508 μεγίστοις
1849 4436 1927 4508 ἔρ·

2117 4415 2206 4471 65.
2239 4414 2640 4483 Heujquanlum
2669 4409 2895 4475 malum,
2919 4421 2951 4462 o
2969 4405 3305 4470 Andronice,
3334 4402 3388 4458 in
3413 4401 3625 4472 magnis

347 4557 499 4608 τοις,
540 4535 639 4588 καὶ
687 4534 933 4587 κίνδυνον
963 4531 1270 4585 δεινότατον
1306 4528 1744 4600 ὲπισυρομένοις,
1780 4528 1942 4598 εἴπερ

347 4629 716 4698 ἀμεληθεὴν,
751 4625 851 4678 ἕνα
883 4624 1006 4678 τινὰ
1038 4624 1198 4693 μόνον
1249 4623 1330 4684 εἰς
1362 4620 1742 4690 αὐτοκράτορα
1771 4636 1944 4689 κεφα-

348 4722 456 4792 λὴν
487 4719 745 4789 ὲφιστᾷν,
777 4717 871 4770 καὶ
893 4716 1054 4770 αὐτὸν
1085 4716 1142 4768 δὲ
1174 4713 1299 4767 οὔτε
1329 4713 1451 4766 λίαν
1480 4714 1820 4784 ἐπιστήμονα
1848 4711 1942 4766 τοῦ

351 4815 518 4884 δρᾷν,
552 4811 653 4864 καί⁸
692 4809 932 4862 ὕποπτον
957 4807 1047 4860 δέι
1082 4801 1155 4859 Ὦ
1197 4805 1500 4876 Ἐπιμηθεῦ
1537 4805 1803 4875 βασιλικὲ,
1832 4801 1944 4858 οἷον

349 4908 508 4978 ἡμᾶς
533 4903 716 4956 διέθου
749 4900 949 4953 κακὸνε
993 4899 1058 4951 Ὢ
1087 4897 1408 4968 ἀλυσιτελὴς
1433 4895 1846 4964 ὑστεροόουλίαί
1878 4896 1944 4949 Ὦ

349 4994 775 5064 δυσανακλήτου
812 4988 982 5044 καῖ.οῦ
1015 4989 1250 5057 ἀκίχητα
1290 4986 1604 5051 ὲπιδίωξιςι
1641 4987 1707 5040 Ὢ
1736 4987 1944 5046 εἰκαῖος

350 5089 571 5148 ἐκεῖνος
603 5081 940 5152 μετάμελοςῑ
993 5078 1106 5130 Ούκ
1135 5077 1262 5146 ἔσχε
1306 5075 1416 5145 γὰρ
1458 5077 1538 5138 εἰς
1564 5075 1717 5138 τέλος
1749 5075 1816 5128 τὰ
1849 5074 1943 5127 τοῦ

353 5176 530 5231 Δαυῖδ
578 5174 704 5226 οὐδὲ
763 5173 858 5224 τὸν
924 5169 1149 5241 βασιλέα
1181 5165 1384 5224 λαθεῖν.
1413 5168 1504 5220 Διὸ
1539 5167 1634 5219 καὶ
1676 5164 1946 5230 ὲξέστειλε

355 5269 460 5339 μὲν
494 5267 705 5329 ἐκεῖνος
734 5267 828 5317 τὸν
856 5265 942 5324 είς
978 5261 1200 5331 μνήμην
1227 5260 1326 5330 ἠδη
1349 5256 1628 5326 γραφικὴν
1658 5254 1946 5308 ἀποτεθει-

358 5360 524 5432 μένον
549 5354 1077 5430 παρακοιμώμενον,
1103 5353 1163 5406 ού
1200 5351 1361 5422 μόνον
1385 5348 1481 5401 ἐπὶ
1515 5348 1700 5418 ἀμύνῃ
1734 5347 1833 5416 τῆς
1856 5343 1951 5397 πό-

355 5454 514 5520 λεως,
539 5453 669 5508 ἀλλὰ
696 5453 791 5508 καὶ
815 5450 900 5512 ὡς
927 5447 998 5500 ἄν
1035 5461 1200 5512 φασιν
1237 5440 1485 5497 ὑπελθὼν
1525 5439 1717 5504 δεξιῶς
1741 5440 1952 5507 ἀμύνη-

357 5563 448 5600 ται
471 5548 556 5603 τδν
581 5543 897 5602 ἀπατεῶνα
931 5533 1103 5590 Δαυῒδ
1123 5535 1202 5596 εἰς
1229 5534 1474 5603 ὄλεθρον.
1500 5530 1641 5599 Ἤδη
1670 5527 1781 5598 γὰρ
1823 5544 1954 5582 κατ-

361 5639 486 5712 έγνω
519 5644 607 5700 τὸν
632 5640 819 5710 ἄνδρα
850 5633 958 5685 καὶ
1010 5627 1039 5679 δ
1079 5624 1334 5694 βασιλεὺς
1366 5621 1827 5692 ὀψιμαθέστερον,
1862 5613 1953 5671 οἶα

343 5710 758 5818 βύσσοδομεάων
811 5725 914 5802 ἦν.
965 5715 1524 5818 Ἐξρήτιξῖξὲῃᾷεα
1568 5713 1706 5784 πρὸς
1755 5710 1953 5782 Κρῆτα

641 5833 969 5898 ΡΑτιιοι.
1021 5808 1146 5870 Gn.
1196 5803 1523 5869 CXXXVI.

2049 4507 2135 4562 his
2182 4505 2466 4576 operibus,
2502 4517 2623 4572 quae
2652 4501 2825 4556 etiam
2862 4499 3162 4553 maximum
3194 4495 3505 4565 periculum
3534 4506 3626 4549 se-

2046 4615 2172 4656 cum
2210 4606 2522 4660 traxerunt,
2579 4611 2706 4651 cum
2761 4593 2809 4649 si
2857 4591 3109 4661 neglecta
3145 4587 3401 4651 fuissent,
3455 4600 3624 4640 unum

2046 4705 2259 4752 tantum
2285 4691 2609 4762 imperatori
2640 4685 3033 4757 exprobratum
3063 4681 3286 4744 fuisset,
3318 4679 3482 4747 eique
3513 4691 3624 4730 non

2048 4789 2185 4845 satis
2231 4786 2363 4858 quid
2387 4784 2506 4840 fieri
2554 4781 2781 4837 deberet
2818 4778 3040 4840 edocto,
3097 4771 3450 4830 solummodo
3493 4785 3627 4826 vero

2048 4880 2390 4952 suspicanti!
2419 4877 2464 4934 0
2493 4875 2692 4945 regalis
2720 4871 3074 4943 Epimetheu,
3098 4875 3394 4930 memento,
3418 4874 3626 4936 quanto

2051 4973 2199 5028 malo
2250 4970 2423 5025 fueris
2467 4967 2671 5022 nobis!
2709 4961 2967 5020 Oinutile
2995 4959 3286 5016 consilium
3343 4957 3414 5012 ob
3453 4955 3629 5011 tardi-

2048 5065 2260 5121 tatem!
2297 5063 2341 5117 Ο
2382 5060 2560 5116 tristis
2590 5056 2869 5114 memoriae
2904 5054 3033 5110 boni
3070 5067 3210 5107 vana
3249 5049 3624 5107 consectatio!

2051 5158 2096 5213 Ο
2159 5156 2503 5210 infructuosa
2578 5150 2671 5204 illa
2738 5145 3065 5218 paenitentia
3117 5145 3130 5197 l
3177 5143 3234 5197 lu
3307 5149 3626 5212 perpetuum

2050 5250 2198 5306 enim
2247 5261 2370 5317 quae
2418 5245 2484 5298 ad
2516 5241 2914 5305 Davidetn,aut
2957 5238 3347 5307 imperatorem
3380 5242 3631 5302 spectant

2053 5357 2162 5396 non
2214 5346 2467 5410 poterant
2529 5335 2720 5390 latere.
2778 5331 2918 5386 ldeo'
2977 5329 3128 5384 misit
3194 5324 3630 5386 Cubicularium,

2055 5437 2106 5490 in
2127 5431 2356 5490 historia
2380 5430 2492 5500 jam
2518 5433 2902 5486 memoratum,
2923 5436 3032 5477 non
3065 5421 3243 5476 solum
3267 5417 3334 5472 ad
3354 5415 3633 5472 defensio-

2056 5541 2180 5582 nem
2203 5522 2378 5587 urbis,
2403 5519 2496 5575 sed
2522 5519 2710 5584 etiam,
2737 5525 2797 5570 ut
2825 5515 3004 5579 aiunt,
3026 5513 3094 5568 ad
3125 5510 3502 5567 defensionem
3533 5506 3634 5559 Da-

2055 5617 2199 5672 vidis
2253 5610 2546 5667 errabundi
2593 5608 2648 5663 in
2698 5607 2872 5678 ipsius
2934 5602 3258 5675 perniciem.
3305 5598 3426 5652 Jam
3488 5597 3632 5652 enim

2059 5710 2390 5778 cognoverat
2431 5700 2607 5755 virum
2662 5699 2826 5754 etiam
2879 5698 3202 5767 imperator,
3237 5693 3332 5746 sed
3393 5688 3632 5752 tardius,

3240 5778 3280 5837 3
