4084 6426
547 330 576 388 7
590 329 620 387 5
1240 329 1665 390 EUSTATHII
1705 330 2465 395 THESSALONICENSIS
2510 335 3077 398 METROPOLlT/E
3753 345 3828 406 76

549 435 697 508 quod
755 444 1004 511 tempore
1052 440 1198 496 clam
1244 441 1684 499 machinaretur.
1731 442 1954 500 Cretice
2011 459 2145 514 ergo

2211 449 2460 512 ,ἐκεῖνος
2487 466 2500 480 ·
2569 451 2664 505 καὶ
2723 451 2818 505 τὸν
2877 451 3111 508 ὓπουλον
3179 455 3419 524 Ἀργον,
3485 453 3577 512 τὸν
3627 431 3824 525 ἴΔαυῒδ,

546 530 660 600 egit
711 545 843 602 erga
901 531 1220 588 Cretensem
1256 549 1271 598 ;
1308 533 1403 588 sed
1435 532 1602 590 istunt
1634 542 1879 591 astutum
1908 537 2144 606 Argum,

2251 541 2611 604 άνυστάκτοις
2639 542 2708 597 τά
2753 559 2820 611 γε
2855 545 2934 609 εἰς
2980 545 3248 617 πονηρίαν
3279 547 3493 616 ὄμμασι
3543 547 3823 616 βλέποντα,

551 620 810 677 Davidem
865 624 1012 688 dico,
1061 624 1156 693 qui
1194 623 1372 679 oculis
1415 623 1604 680 acutis
1660 626 1864 681 malum
1924 641 2149 697 semper

2251 634 2352 688 οὐκ
2379 633 2538 706 ἔσχεν
2568 636 2808 707 ἀψοφητὶ
2839 637 2906 691 δι’
2956 637 3164 709 Ἐρμοῦ
3197 639 3407 693 ἐκείνου
3435 639 3702 710 εύπτέρου
3743 642 3829 710 βα·

547 711 696 768 videt
725 729 821 783 per
848 714 994 771 hunc
1013 717 1252 772 celerem
1287 715 1622 772 Mercurium
1649 728 1935 788 percutere
1964 729 2020 776 et
2047 720 2146 775 de-

2250 729 2366 783 λεῖν
2396 732 2491 783 καὶ
2532 731 2881 795 καταόαλεϊν,
2923 731 3087 786 Ἀλλὰ
3114 733 3550 803 προαισθόμενος
3599 736 3626 788 ὁ
3673 734 3829 786 Anteia

547 805 664 864 lere
681 808 823 864 clam
852 825 960 866 non
985 810 1181 880 potuit.
1207 810 1427 867 Etenim
1457 812 1560 868 hoc
1583 814 1943 884 praseutiens
1977 814 2146 869 David

2250 822 2445 890 φθάνει
2488 823 2771 893 ἐπιτεμὼν
2804 824 2902 878 τὸν
2951 825 3147 894 καιρὸν
3182 825 3276 878 τοῦ
3311 826 3582 895 ἡμετέρου
3631 825 3822 887 κακοῦ,

551 903 821 969 ριίενθιιίι
853 943 868 967 ,
899 913 1118 972 tempus
1170 903 1302 960 mali
1345 905 1550 970 nostri,
1599 907 1876 962 commodi
1935 907 2145 978 proprii

2248 915 2324 978 ὼς
2355 917 2435 977 είς
2465 915 2630 969 καλὸν
2655 915 2836 987 ἑαυτῷ
2855 931 2872 948 θ
2901 917 2997 970 καὶ
3025 911 3136 969 οἷον
3161 917 3362 977 ὑποδὺς
3393 917 3553 987 βυθὸν
3575 920 3712 971 κατὰ
3739 920 3829 979 λάι-

548 995 747 1064 gratia,
779 995 1242 1064 abbreviaturus;
1275 1005 1444 1070 atque
1483 999 1539 1053 in
1580 999 1752 1054 altum
1803 1015 1865 1056 se
1917 1000 2144 1055 immer-

2250 1026 2365 1080 ρον,
2402 1009 2463 1073 ὃς
2499 1009 2817 1080 ὑποπτήξας
2845 1010 3119 1065 άλιαίετον
3145 1010 3453 1082 βυθισθείη,
3477 1011 3712 1080 ἐξέφυγε
3745 1012 3830 1064 τὸν

548 1101 684 1176 gens
716 1095 775 1144 ut
800 1087 966 1144 fulica
1005 1105 1128 1159 quae
1173 1089 1414 1160 aquilam
1462 1099 1718 1146 metuens
1743 1106 1803 1147 se
1830 1092 1883 1145 in
1913 1092 2141 1163 profun-

2248 1103 2645 1174 ἀγκυλοχείλην
2692 1103 3058 1174 Ἀνδρόνικσν,
3103 1104 3444 1176 Ἀνδρόνικος
3487 1106 3700 1168 ἀποϐὰς
3738 1106 3832 1158 αὗ-

547 1175 676 1231 dum
719 1179 1018 1251 immergit,
1064 1180 1281 1236 adunco
1340 1188 1524 1238 rostro
1575 1182 1959 1240 Andronicum
2009 1184 2146 1240 etfu-

2245 1199 2337 1260 τὺς
2368 1197 2492 1252 κατ’
2525 1198 2734 1252 ἐκείνου
2763 1197 2856 1252 τοῦ
2883 1175 3272 1270 γαμψώνυχος.
3308 1201 3578 1270 Ἐσπέρας
3609 1201 3717 1270 γὰρ
3743 1194 3832 1269 ἦ).-

547 1272 665 1340 git,
722 1287 850 1328 cum
903 1273 1023 1343 ipse
1082 1273 1441 1332 Andronicus
1497 1278 1568 1331 ad
1635 1277 1792 1333 illum
1862 1281 2142 1350 unguibus

2247 1289 2341 1343 θεν
2371 1291 2400 1344 ὁ
2441 1289 2965 1362 παρακοιμώμενος,
3002 1292 3098 1345 καὶ
3126 1290 3194 1346 αὖ
3208 1310 3322 1363 ριον
3343 1292 3517 1345 ἕωθεν
3546 1292 3831 1347 ἀπολώλα-

547 1365 782 1422 aduncis
805 1366 1216 1425 descendisset.
1244 1367 1489 1440 Vespere
1545 1371 1693 1426 enim
1733 1370 1885 1428 venit
1917 1373 2144 1429 cubicu-

2248 1397 2370 1450 μεν,
2399 1380 2960 1454 διοικονομήσαμένου
2989 1382 3084 1436 τοῦ
3114 1382 3299 1446 Δαυῒδ,
3329 1382 3454 1453 μήτ’
3487 1382 3636 1436 ἔνδον
3681 1383 3829 1449 ἰδεῖν,

547 1457 721 1512 larius
789 1460 1166 1532 postridieque
1231 1476 1396 1518 mane
1461 1464 1836 1534 perieramus,
1878 1465 2141 1521 omnibus

2241 1471 2305 1526 ὃν
2355 1471 2571 1542 ἐδεδίει,
2606 1474 2747 1544 μήτε
2792 1473 2902 1544 μὴν
2961 1472 3163 1538 ἔξωθεν
3217 1473 3542 1542 ἐπικουρίαν
3581 1472 3833 1538 γενέσθαι

547 1563 580 1603 a
602 1549 814 1606 Davide
835 1551 1135 1623 ordinatis,
1158 1555 1283 1612 viso
1329 1556 1485 1614 intus
1510 1572 1674 1628 quem
1711 1556 2047 1614 formidabat
2083 1568 2140 1616 et

2244 1567 2401 1637 ἡμῖν,
2444 1566 2540 1619 ἐπὶ
2567 1564 2815 1638 σωτηρίᾳ
2847 1565 2948 1636 μὲν
2977 1564 3086 1618 τῶν
3110 1564 3308 1631 ἄλλων,
3339 1563 3517 1636 βλάϐῃ
3557 1562 3614 1616 δὲ
3646 1563 3846 1626 αὐτοῦ,

549 1640 760 1696 nullum
787 1643 1051 1700 auxilium
1075 1648 1320 1705 exterius
1344 1650 1504 1706 nobis
1530 1650 1790 1719 adesset,
1822 1651 1878 1706 in
1905 1652 2138 1708 salutem

2243 1660 2312 1732 ἣν
2369 1657 2575 1714 ἔπαθεν
2628 1656 2718 1726 ἂν,
2773 1658 3128 1728 σεσωσμένης
3183 1657 3282 1726 τῆς
3346 1656 3575 1719 πόλεως.
3649 1654 3832 1716 Οὕτως

551 1734 775 1804 quidem
802 1737 1064 1806 aliorum,
1087 1739 1144 1796 in
1170 1741 1391 1798 ruinam
1417 1757 1552 1799 vero
1571 1744 1717 1815 ejus,
1737 1747 1918 1816 'quam
1946 1759 2142 1817 passus

2245 1753 2275 1808 ὁ
2310 1752 2476 1806 Δαυῒδ
2510 1753 2986 1823 κυνηγετούμενος
3021 1752 3125 1804 ὑπὸ
3152 1749 3248 1804 τοῦ
3301 1749 3666 1820 Ἀνδρονίκου,
3704 1748 3836 1813 ὲμη-

550 1840 720 1889 esset.
745 1829 898 1884 salva
937 1832 1183 1890 civitate.
1207 1833 1290 1890 Ita
1349 1834 1519 1891 David
1575 1839 1886 1894 insectante
1931 1837 2149 1894 Andro-

2251 1848 2474 1918 χανᾶτο,
2515 1845 2590 1918 μὴ
2647 1846 2838 1898 πεσεῖν
2891 1844 2995 1898 ὑπὸ
3029 1844 3206 1913 ἄγραν
3253 1840 3471 1912 ἐκείνῳ,
3521 1839 3650 1909 παρ’
3686 1839 3836 1890 οὐδὲν

551 1921 700 1986 nico,
730 1924 783 1979 id
821 1925 1117 1984 meditatus
1143 1939 1230 1985 est
1265 1945 1334 1986 ne
1368 1932 1551 2002 praeda
1595 1933 1748 1987 illius
1799 1932 1980 1998 fieret,
2007 1933 2148 1988 nihil

2255 1939 2328 2010 μὴ
2397 1941 2478 1993 ὅτι
2543 1956 2609 2008 γε
2669 1937 2768 2008 τὴν
2833 1938 3009 2007 καλὴν
3074 1934 3506 2003 Θεσσαλονίκην,
3567 1933 3616 1984 εί
3675 1931 3836 2001 μόνον

551 2031 684 2071 vero
716 2033 826 2088 prae
873 2020 1042 2076 nobili
1078 2019 1477 2081 Thessalonica
1505 2068 1518 2092 ,
1549 2030 1598 2081 si
1649 2028 1803 2082 solus
1829 2026 1948 2098 ipse
1972 2028 2150 2082 salva-

2251 2033 2589 2105 περισωθείη
2616 2031 2798 2098 αὐτὸς,
2835 2029 2949 2085 ἀλλ’
2975 2028 3100 2084 οὐδὲ
3127 2029 3221 2082 τὸν
3252 2027 3436 2081 πάντα
3461 2023 3665 2095 κόσμον
3694 2023 3839 2076 τιθέ-

549 2119 721 2179 retur,
754 2127 822 2168 ne
852 2121 1028 2169 totum
1053 2116 1272 2186 quidem
1308 2121 1570 2174 mundum
1597 2120 1799 2190 posuit.
2252 2143 2439 2198 μενος.

623 2243 713 2298 64.
754 2245 924 2301 Porro
957 2245 1075 2305 dies
1103 2251 1254 2306 multi
1279 2252 1448 2324 elapsi
1482 2263 1634 2315 sunt.
1663 2263 1717 2308 et
1763 2263 1890 2308 ante
1947 2268 2150 2308 cruen-

2322 2263 2414 2330 ξδ’.
2449 2263 2661 2317 Οὐκοῦν
2695 2261 2904 2332 ἡμέραι
2951 2260 3171 2330 συχναὶ,
3201 2261 3255 2312 αἱ
3288 2259 3384 2329 μὲν
3436 2257 3542 2328 πρὸ
3575 2255 3669 2310 τοῦ
3707 2272 3837 2326 σφοα

550 2346 666 2389 ι.ιιιι
727 2338 948 2402 bellum,
998 2350 1053 2394 et
1105 2357 1169 2397 ex
1238 2359 1349 2414 quo
1416 2346 1618 2401 acriter
1692 2355 1992 2414 pugnatum
2037 2354 2144 2410 csl.

2349 2356 2378 2408 ὖ
2406 2355 2671 2426 πολέμου,
2712 2355 2768 2408 αἱ
2797 2353 2854 2407 δὲ
2878 2354 3022 2406 κατὰ
3047 2353 3146 2422 τὴν
3171 2351 3361 2405 τούτου
3387 2351 3598 2420 ἀκμὴν,
3627 2351 3723 2402 καὶ
3750 2348 3842 2402 ού-
3951 2411 3958 2418 ,

550 2427 846 2500 nullusque
877 2431 1012 2486 vidit
1060 2435 1212 2499 illum
1266 2451 1366 2491 nec
1425 2437 1594 2492 lorica
1638 2437 1836 2492 bellica
1888 2437 2140 2493 indutum

2246 2448 2360 2511 δεὶς
2405 2448 2617 2500 ἐκεῖνον
2681 2441 2822 2499 εἶδεν
2850 2443 2976 2498 οὔτε
3038 2446 3096 2497 ἐν
3138 2444 3542 2505 ὃπλοιςδεινοῖς
3579 2441 3839 2506 δύναντα,

552 2535 655 2575 nec
693 2537 838 2591 equo
885 2539 1157 2594 generoso
1197 2527 1550 2583 insidentem.
1619 2527 1798 2584 Multis
1829 2545 1954 2584 eum
2011 2546 2141 2599 por-

2246 2542 2369 2596 οῠτε
2397 2541 2569 2595 ἵππου
2596 2538 2853 2608 εὐγενοῦς
2880 2540 3170 2594 ἐπιϐάντα.
3217 2537 3472 2606 Ἥμίονος
3502 2536 3560 2589 δὲ
3589 2533 3722 2603 ὤχει
3747 2533 3843 2587 αὐ-

551 2614 704 2669 tahat
734 2616 943 2686 absque
975 2619 1156 2674 bracis
1182 2621 1634 2690 juvenililtusque
1665 2621 1846 2676 ocreis
1876 2637 1890 2684 ;
1921 2632 2144 2690 petasus

2244 2637 2339 2691 τὸν
2364 2635 2472 2688 ἀπὸ
2507 2633 2716 2704 βράκας
2749 2633 2843 2686 καὶ⁷
2876 2632 3108 2685 πεδίλων
3129 2629 3477 2699 νεωτερικῶν
3499 2645 3513 2660 ·
3553 2627 3756 2680 ἔσκεπε
3785 2623 3847 2678 δὲ

550 2723 684 2762 vero
715 2711 882 2765 ruber
915 2713 1174 2766 insolitus
1213 2713 1376 2765 modo
1405 2712 1615 2767 lberico
1641 2724 1807 2783 caput
1839 2713 1961 2781 ejus
1999 2724 2147 2782 tege-

2248 2730 2345 2783 καὶ
2380 2729 2480 2798 τὴν
2510 2726 2760 2796 κεφαλὴν
2802 2724 3224 2796 Ἰϐηρικώτερον
3252 2721 3486 2790 ἔκφυλος
3519 2719 3674 2780 πῖλος
3714 2719 3846 2786 ὲρυ-

554 2801 668 2856 L-at.
702 2801 930 2857 Barbari
969 2802 1268 2858 informant
1303 2805 1454 2858 illum
1529 2807 1940 2876 appellantque,
2008 2822 2147 2873 quo-

2248 2820 2400 2892 θρός.
2434 2819 2716 2891 Βάρϐαροι
2774 2818 2984 2872 ἐκεῖνον
3037 2818 3132 2872 καὶ
3161 2815 3462 2886 τεχνῶνται
3521 2813 3619 2868 καὶ
3646 2809 3843 2865 καλοῦ-

555 2893 717 2947 modo
757 2906 965 2960 amant,
1027 2911 1291 2966 rugosum
1355 2897 1577 2967 quidem
1644 2900 1832 2968 sicque
1894 2898 2146 2954 inferiori

2249 2931 2355 2980 σιν,
2454 2911 2693 2982 φιλοῦσι,
2727 2911 3074 2981 πολύπτυχον
3112 2910 3210 2980 μὲν
3249 2908 3346 2962 καὶ
3374 2905 3518 2959 οὕτω
3545 2901 3847 2957 συνεσταλ-

554 2997 710 3057 parte
736 2997 1080 3044 coarctatutn
1137 2991 1350 3061 reliquo
1392 2991 1606 3055 habitu,
1650 2994 1802 3046 vultu
1843 3008 1970 3045 vero
2003 2993 2145 3047 dila-

2251 3008 2411 3078 μένον
2435 3006 2588 3060 κάτω
2625 3005 2725 3076 τὴν
2747 3005 2942 3073 λοιπὴν
2966 2999 3276 3072 περίθεσιν,
3319 2999 3386 3053 τά
3415 2998 3472 3052 δὲ
3516 2998 3645 3068 περὶ
3675 2995 3847 3065 πρόσ-

555 3092 728 3138 tatum
763 3083 1132 3155 iuﬂexumque
1175 3087 1463 3141 commode
1521 3087 1790 3142 adversus
1844 3087 2015 3141 solent
2086 3093 2144 3138 ut

2247 3117 2400 3154 ωπον
2451 3096 2816 3167 εὐρυνόμενον
2856 3095 2952 3148 καὶ
2991 3094 3338 3165 πρηνεύοντα
3378 3094 3432 3154 ὲς
3483 3091 3668 3144 ἱκανὸν
3704 3087 3847 3142 κατὰ

554 3175 648 3243 qui
689 3175 925 3231 molliter
959 3176 1128 3232 vitam
1186 3191 1354 3247 agens
1413 3177 1662 3247 procula
1730 3179 1846 3233 sole
1910 3177 2144 3233 militem

2253 3193 2426 3263 ἡλίου,
2451 3190 2541 3244 ἵνα
2559 3190 2652 3244 καὶ
2674 3187 2817 3243 οὕτω
2837 3186 2926 3241 τὸν
2942 3185 3286 3256 στρατιώτην
3313 3183 3634 3250 άπολέγοιτο
3647 3199 3849 3252 τρυφε-

556 3266 796 3334 rejiciat;
829 3269 960 3323 festa
986 3268 1300 3339 hujusmodi
1331 3270 1644 3333 hominibus
1667 3270 1926 3341 gaudent.
1958 3268 2147 3324 Castus

2254 3283 2546 3353 ρευόμενος
2573 3278 2893 3349 ἁνηλίαστα.
2939 3277 3139 3348 Ἐορτὴ
3187 3277 3400 3347 φιληδεί
3447 3275 3716 3338 τοιούτοις
3753 3277 3848 3329 ἅν-

558 3359 675 3416 lnec
703 3363 1027 3418 vestimenta
1056 3371 1284 3427 norunt,
1324 3363 1517 3434 sicque
1554 3378 1795 3432 sponsus
1832 3375 1943 3428 pra:
1981 3360 2150 3415 vesti-

2249 3373 2410 3444 δράσι
2433 3388 2448 3404 ο
2481 3373 2790 3443 πανήγυρις
2825 3366 2935 3424 οἶδε
2976 3369 3221 3423 τοιούσδε
3253 3367 3523 3436 στολμούς
3549 3385 3563 3400 ’
3607 3367 3847 3436 νυμφίος

557 3453 660 3509 hus
695 3455 1002 3525 magniﬁcis
1059 3464 1368 3511 ostentaret
1433 3455 1750 3510 mollitiem.
1813 3453 1872 3508 Si
1926 3452 2148 3522 quando

2249 3468 2315 3522 ἂν
2337 3465 2478 3520 οὕτω
2504 3464 2801 3537 θρύπτοιτο
2835 3463 3226 3534 ἁϐρυνόμενος.
3267 3463 3432 3526 Τόξον
3472 3460 3518 3514 δ’
3551 3462 3768 3523 ἐκεῖνος
3797 3458 3851 3510 εί

556 3563 743 3603 arcum
778 3558 1022 3620 caperet,
1050 3550 1264 3606 diceres
1292 3550 1444 3604 illum
1494 3549 1732 3620 experiri
1771 3550 1914 3619 apud
1958 3548 2149 3601 vendi-

2259 3577 2361 3614 που
2393 3560 2488 3614 καὶ
2524 3557 2852 3629 χειρισθείη,
2893 3554 3196 3626 πειρᾶσθαι
3225 3552 3380 3615 εἰπες
3413 3555 3480 3608 ἂν
3509 3553 3670 3607 αὐτὸν
3698 3552 3851 3606 ὲκεί-

558 3650 728 3706 tores,
761 3641 1040 3712 quomodo
1075 3643 1301 3697 tendere
1344 3652 1550 3710 posset.
1616 3641 1823 3697 Dicitur
1891 3642 2146 3710 sagittam

2249 3670 2343 3707 vou
2376 3650 2518 3706 κατὰ
2551 3651 2675 3711 τοὺς
2701 3648 3065 3717 ὠνουμένους,
3101 3647 3250 3709 ὅπως
3279 3644 3346 3698 ἂν
3375 3644 3490 3714 ἔχοι
3534 3642 3628 3696 τοῦ
3663 3645 3845 3695 τείνει

558 3733 862 3803 proiecisse
893 3734 948 3788 in
971 3747 1158 3791 arcem
1194 3742 1387 3790 contra
1420 3736 1522 3791 hos
1582 3735 1677 3804 qui
1733 3735 1806 3789 ibi
1859 3733 2148 3796 sedebant,

2252 3740 2400 3795 σθαι.
2437 3737 2600 3793 Κατὰ
2627 3737 2686 3790 δέ
2729 3752 2793 3805 γε
2825 3737 2925 3805 τὴν
2957 3735 3258 3807 ἀκρόπολιν
3281 3734 3504 3802 λέγεται
3534 3733 3716 3786 ὀϊστὸν
3748 3735 3851 3786 ἕνα

558 3822 915 3894 lapidemque
974 3840 1148 3881 unum
1193 3840 1262 3880 ex
1323 3823 1515 3889 funda,
1577 3840 1643 3880 ac
1699 3825 1902 3880 deinde
1936 3839 1997 3879 se
2060 3825 2147 3879 his

2251 3833 2393 3888 κατὰ
2443 3831 2555 3885 τῶν
2598 3831 2718 3883 ἐκεῖ
2761 3828 3223 3901 περικαθημένων
3272 3829 3512 3896 ἀφεῖναι,
3564 3827 3659 3881 καὶ
3691 3825 3849 3879 λίθον

559 3915 892 3970 subduxisse
919 3916 984 3971 ad
1011 3932 1200 3972 muros
1235 3933 1250 3982 ;
1279 3911 1481 3971 dicitur
1515 3917 1680 3972 etiam
1710 3929 1930 3974 suturas
1956 3931 2150 3972 ocrea-

2249 3927 2349 3981 ἐνα
2390 3926 2452 3978 ὲκ
2481 3921 2776 3995 σφενδόνης
2799 3939 2815 3954 ·
2857 3917 2980 3976 εἶτα
3008 3920 3104 3974 καὶ
3135 3919 3435 4002 ὑποθέσθαι
3465 3921 3577 3982 τοῖς
3610 3918 3706 3970 ἐπὶ
3736 3918 3852 3970 τῶν

561 4024 680 4062 rum
711 4007 1037 4064 Latinorum
1073 4010 1336 4076 irrisisse,
1370 4024 1508 4081 quos
1536 4022 1646 4065 tam
1678 4009 1894 4064 fortiter
1927 4012 2149 4081 repulit,

2249 4019 2496 4089 τειχέων,
2523 4015 2755 4070 πεδίλων
2785 4014 2990 4085 ραφέας
3019 4009 3363 4078 ἐξονειδίζειν
3391 4011 3519 4074 τοὺς
3550 4010 3713 4080 πέριξ
3741 4011 3856 4063 Λα-

559 4101 651 4172 qui
684 4102 842 4158 nobis
876 4103 1016 4158 mala
1065 4104 1332 4172 parabant
1353 4117 1417 4160 ac
1445 4104 1716 4160 audiendo
1743 4104 2016 4160 ridebant.
2051 4105 2148 4159 Sui

2248 4113 2452 4176 τίνους,
2476 4108 2572 4171 οὓς
2596 4108 2694 4162 καὶ
2714 4105 2968 4161 τοσοῦτον
2989 4106 3259 4175 ἠμύνατο,
3281 4105 3428 4158 κακά
3450 4104 3584 4173 ἡμῖν
3611 4103 3855 4173 ράπτον-

558 4205 711 4256 vero,
736 4208 860 4247 eum
892 4193 1227 4262 deridentes,
1257 4196 1518 4252 dicebant
1544 4197 1757 4252 sedisse
1805 4198 2034 4252 interius
2079 4196 2146 4251 ad

2251 4217 2375 4265 τας,
2402 4198 2494 4253 καὶ
2529 4195 2872 4264 ἑγγελῶντας
2910 4189 2992 4256 οἷς
3033 4194 3251 4265 ήκουον.
3281 4193 3509 4261 Ἔλεγον
3539 4191 3596 4246 δὲ
3621 4193 3670 4245 οἱ
3707 4193 3855 4263 ἀμφ’

559 4301 842 4340 murorum
899 4286 1169 4355 umbram,
1203 4289 1595 4361 videntemque
1654 4289 1834 4359 jacula
1900 4289 2149 4345 exterius

2253 4293 2420 4348 αὑτὸν
2458 4291 2808 4353 σκώπτοντες
2840 4289 3072 4352 ἐκεῖνον,
3120 4287 3219 4340 καὶ
3261 4287 3345 4339 ὅτι
3389 4285 3700 4356 καθήμενος
3743 4285 3861 4339 ἔσω

558 4378 824 4442 volantia,
882 4379 1066 4435 dicere
1119 4382 1338 4436 solitum
1385 4401 1398 4436 :
1451 4402 1472 4436 ι
1532 4383 1608 4437 lta
1659 4383 1865 4438 bonum
1929 4392 2017 4438 est
2057 4382 2148 4436 bic

2254 4387 2480 4457 τειχέων
2514 4384 2669 4438 κάτω
2699 4383 2833 4450 περὶ
2866 4380 3049 4444 σκιὰν,
3091 4379 3190 4433 καὶ
3216 4378 3345 4450 βέλη
3392 4377 3606 4449 βλέπων
3645 4378 3861 4442 ἔξωθεν

560 4486 704 4535 esse,
740 4491 759 4525 ι
804 4473 1102 4542 statimque
1131 4473 1482 4531 festinantem
1511 4475 1750 4531 transire
1780 4475 1833 4529 in
1869 4475 2034 4530 alium
2068 4474 2148 4529 Io-

2254 4479 2760 4549 ὲπιπεταννύμενα,
2789 4476 2972 4531 εἰώθει
3001 4474 3204 4545 λέγειν,
3237 4473 3313 4537 ὡς
3346 4473 3475 4537 Ναὶ,
3507 4472 3663 4536 καλὲ,
3702 4471 3862 4526 κακὰ

561 4580 684 4618 cum
710 4565 1100 4620 obumbratum
1127 4577 1183 4621 et
1208 4577 1404 4633 tutum,
1445 4569 1519 4623 ita
1568 4579 1906 4638 quaerentem
1939 4577 2147 4638 partem

2253 4579 2322 4630 τὰ
2341 4569 2444 4630 ὧδε
2465 4590 2481 4605 ο
2512 4576 2609 4627 καὶ
2639 4572 2800 4636 εὐθὺς
2823 4571 3120 4642 ἀναπηδῶν
3157 4568 3520 4640 μετεκάθιζεν
3547 4571 3628 4630 είς
3651 4567 3860 4622 ᾶσυλόν

560 4671 844 4712 murorum
871 4657 961 4713 ttbi
1007 4674 1067 4714 se
1094 4661 1288 4714 melius
1327 4659 1573 4725 haberet,
1601 4661 1755 4731 juxta
1775 4661 2150 4731 quoddicunt,

2255 4686 2378 4724 τινα
2414 4665 2783 4736 σκιατραφίαν
2817 4667 2912 4718 καὶ
2941 4663 3232 4726 άσκυλτον,
3265 4663 3405 4732 πρὸς
3437 4663 3528 4715 τὸν
3560 4658 3619 4712 εὖ
3655 4661 3863 4730 ἔχοντα

561 4753 814 4806 consulto
844 4751 1025 4822 ipsum
1058 4763 1210 4808 extra
1237 4753 1326 4809 teli
1355 4753 1566 4822 jactum
1595 4755 1797 4810 vivere.

2255 4763 2434 4831 τοῖχον
2480 4758 2864 4828 μεταῤῥέπων,
2899 4756 2926 4809 ὅ
2971 4772 3128 4824 φασι,
3159 4755 3258 4813 καὶ
3306 4753 3407 4825 ζῇν
3448 4753 3706 4824 κυρώσας
3745 4754 3862 4819 ἔξω

2259 4852 2453 4923 βελῶν.

635 4955 724 5012 65.
779 4955 963 5012 Talem
1021 4972 1145 5012 eum
1214 4958 1466 5014 videntes
1533 4958 1777 5012 convivae
1828 4958 2147 5014 deliciarum

2333 4969 2424 5034 ξε’.
2458 4970 2569 5023 Καὶ
2596 4966 2836 5022 τοιοῦτον
2878 4965 3009 5018 ὄντα
3051 4961 3354 5016 ἐκόλαπτον
3401 4963 3459 5022 ἐς
3489 4958 3719 5029 καρδίαν
3753 4959 3864 5011 αὑ-

564 5048 800 5103 studiosi
847 5048 992 5118 quod
1033 5049 1285 5120 placebat
1336 5051 1414 5106 illi
1481 5052 1887 5121 loquebantur;
1942 5059 2002 5106 ut
2048 5052 2150 5106 hoc

2257 5062 2357 5132 τὴν
2391 5064 2440 5114 οἱ
2471 5059 2716 5128 τρῶκται
2766 5059 3015 5127 ᾶρεσκοι,
3063 5053 3451 5123 καθαρώτερον
3509 5051 3552 5104 δ’
3586 5049 3864 5118 ἐκφῆναι,

563 5157 696 5195 vero
743 5141 1061 5212 generosius
1093 5144 1391 5209 videretur,
1426 5144 1768 5201 blandientes
1817 5145 2150 5201 accedebant

2257 5155 2359 5208 οὐκ
2384 5153 2604 5208 ἀνίεσαν
2634 5148 2978 5211 θωπεύοντες
3009 5149 3058 5200 οἱ
3087 5147 3188 5216 τὴν
3213 5144 3512 5199 κολακείαν
3537 5144 3763 5212 περίερ·,
3781 5160 3859 5196 οι.

566 5234 656 5302 qui
696 5235 964 5289 vacabant
997 5235 1321 5291 adulationi.
1364 5237 1522 5308 Apud
1574 5237 1698 5294 illos
1741 5239 2151 5296 inconsiderate

2262 5243 2373 5299 Kal.
2405 5243 2607 5314 ἔρρεπε
2632 5240 2769 5311 πρὸς
2809 5239 3005 5299 αὐτοὺς
3037 5238 3116 5307 τῷ
3147 5236 3336 5304 κούφῳ
3359 5236 3392 5303 ἡ
3431 5231 3717 5299 πλάστιγξ,
3750 5232 3865 5299 κῆ-

566 5325 790 5398 irrepsit
813 5328 1023 5383 lancula
1059 5339 1238 5386 sortes
1268 5331 1478 5387 habens
1495 5334 1762 5404 poeticas,
1798 5335 1850 5388 in
1883 5343 2150 5388 tartarum

2264 5352 2364 5405 ρας
2399 5333 2620 5404 ἔχουσα,
2651 5330 2794 5384 κατὰ
2816 5330 2913 5391 τὰς
2944 5329 3259 5395 ποιητικὰς,
3295 5324 3560 5387 νευούσας
3595 5327 3677 5387 εἰς
3707 5323 3753 5374 Τ
3758 5325 3869 5394 άρ-

563 5428 870 5492 vergentes.
886 5421 1438 5494 Adulatoresquidem
1463 5428 1814 5482 assentationi
1849 5428 2151 5494 studentes,

2260 5445 2448 5499 ταρον.
2474 5426 2538 5480 Οἱ
2568 5425 2632 5492 δὴ
2664 5422 3127 5493 καρδιοκολάπται
3157 5421 3386 5482 κόλακες
3416 5419 3512 5471 καὶ
3554 5415 3869 5519 παρήύγα-

566 5515 917 5572 ostentabant
941 5517 995 5571 in
1024 5519 1334 5588 semetipsis
1353 5520 1538 5574 odium
1560 5519 1820 5578 adversus
1847 5521 2149 5586 civitatem,

2261 5521 2354 5584 ζον
2384 5523 2441 5572 ὲν
2473 5519 2656 5588 σφίσιν
2681 5519 2866 5579 αὐτοῖς
2897 5516 3040 5569 κατὰ
3069 5513 3171 5582 τῆς
3200 5514 3408 5574 πόλεως
3443 5511 3620 5581 μῖσος,
3652 5502 3735 5568 οἷς
3776 5506 3868 5576 τῷ

565 5618 630 5662 ttt
681 5622 806 5663 cum
850 5608 944 5666 illo
985 5611 1079 5674 qui
1129 5625 1248 5665 eam
1284 5611 1480 5666 oderat
1530 5611 1827 5669 criminose
1874 5613 2152 5669 consenti-

2259 5612 2361 5682 τήν
2388 5609 2546 5664 πόλιν
2582 5607 2831 5678 μισοῦντι
2861 5606 3152 5675 κακοήθως
3185 5601 3595 5657 συνδιετίθεντο.
3633 5598 3748 5650 Καὶ
3788 5595 3869 5670 ἦν

567 5707 712 5755 rent.
754 5700 1088 5757 Eratautem
1141 5702 1283 5770 apud
1307 5702 1431 5760 illos
1450 5701 1656 5760 Pasanii
1699 5705 1939 5764 rhetoris
1957 5720 2148 5777 poema

2259 5701 2347 5757 ἐπ’
2377 5702 2558 5765 αὐτοῖς
2608 5699 2670 5752 τὺ
2707 5697 2804 5752 τοῦ
2846 5697 3154 5759 Παιανιέως
3181 5697 3431 5766 ῥήτορος,
3457 5691 3595 5761 ὅπερ
3637 5690 3870 5799 ἐκεῖῖος

569 5791 716 5860 quod
747 5791 840 5848 ille
873 5791 942 5850 de
981 5791 1130 5849 furto
1170 5795 1501 5852 sententiam
1544 5796 1908 5867 pronuntians
1942 5797 2148 5872 ubique

2259 5795 2388 5866 περὶ
2414 5793 2621 5863 κλοπῆς
2648 5789 3021 5862 γνωματεύων
3047 5787 3322 5851 κυκλικῶς
3349 5785 3708 5857 περιήγαγεν,
3744 5781 3865 5837 ὢδέ
