2042 3213
160 177 194 206 'n

539 177 588 207 DE
611 177 895 206 THESSALONICA
928 176 1031 207 URBE
1049 179 1071 208 A
1091 179 1246 210 LATINIS
1270 181 1400 214 CAPTA.

1758 183 1793 212 78

160 239 220 262 πως
234 232 511 267 παρατεκτήνασῦαι·
527 234 572 260 Σοὶ
590 236 649 269 μὲν,
668 232 690 262 ὦ
711 236 802 268 Δαυῗδ,
822 237 948 270 προδοτι-

1011 236 1116 270 erebat,
1131 237 1201 265 forte
1213 243 1242 266 ut
1258 243 1388 267 mutaret.
1405 239 1543 274 Quidquid
1559 239 1592 266 ad
1610 238 1793 273 proditionem

160 276 209 303 κδν
223 276 254 302 τδ
266 277 384 311 φιλικὸν,
402 278 484 314 εἴπερ
496 277 529 314 ἦν
542 280 637 314 ὅμοιόν
655 290 706 308 σοι.
723 280 796 317 ’Ἃρα
816 283 843 309 δὲ
861 282 947 313 οὕτως

159 322 299 357 εἰρηναῖος
322 323 372 355 ὢν,
391 323 544 358 ἐπέτρεπεν
562 325 653 357 ἄλλοις
666 328 753 354 ποιεῖν
774 328 804 353 τὸ
827 328 885 353 δέον
908 328 947 359 είς

161 368 271 403 μάχηνς
289 367 413 395 οὗκουν⁴
435 370 494 396 ἀλλ’
509 372 548 402 εἰς
571 373 701 404 παντελὲς
727 375 773 400 καὶ
801 373 882 404 αὐτὸς
903 373 948 399 τὸν

162 413 252 448 ’Δρην
265 413 397 448 ἐπέδησεν
410 414 439 440 ἐν
454 423 487 448 γε
498 417 572 450 ἡμῖν,
587 416 637 443 οὒκ
651 415 709 444 οἶδα
721 418 762 448 τίς
773 426 837 444 ποτε
851 418 904 444 τῶν
920 418 949 450 ἐξ

167 459 291 490 Ἀλωέως
306 459 357 490 ὢν,
368 460 439 494 τάχα
449 461 471 486 δ’
486 461 519 487 ἂν
540 462 696 497 Ἐφιάλτης,
713 463 761 490 εἴτ’
779 462 825 490 οὗν
839 464 949 490 Ἐπίαλ-

111 504 116 507 ”
160 513 218 536 τος.
236 505 251 530 ὁ
267 506 344 540 παρὰ
359 507 415 536 τοῖς
436 506 651 541 ’Λοκληπιάδαις
666 509 794 543 ἐπαχθῶς
805 510 866 540 τοὺς
883 510 947 536 ἀνα-

162 551 309 584 κειμένους
333 550 470 585 βαρύνων,
498 549 544 579 οἶα
568 553 615 579 καὶ
647 554 795 587 πνιγαλεὺς
819 555 833 580 ὁ
856 555 945 586 αὐτὸς,

162 593 248 626 Ὦτος
262 597 318 631 γὰρ
341 597 389 622 οὐκ
404 597 439 623 ἂν
451 598 570 632 λεχθείη,
587 599 615 630 ὃς
633 599 721 625 οὐδενὶ
737 600 791 626 τῶν
809 597 837 626 εὖ
858 600 950 633 λεγόν-

162 650 218 668 των
236 642 322 668 ἐδίδου
338 639 407 674 ὦτα,
426 643 450 668 εὶ
468 644 505 677 μὴ
520 643 573 678 ἄρα
591 645 661 670 κατά
672 654 698 671 τι
716 646 836 679 σκῶμμα
855 654 950 680 παροι-

164 687 266 722 μιῶδες
292 688 322 714 τδ
343 690 390 716 ἐπὶ
411 689 535 723 εὐηθείᾳ.
551 689 693 721 Τοιούτους
711 691 764 723 γὰρ
784 692 847 721 τοὺς
865 691 951 721 dir-1v;

163 734 212 761 καὶ
225 733 337 768 δρνιθας
353 734 370 767 ἠ
386 735 521 768 παροινία
538 734 593 769 ἔχοι
609 735 789 770 δοκιμάσασα.
809 736 877 762 Οὔτε
899 737 951 763 τοί-

163 788 211 805 νυν
227 779 309 809 αὐτὸς
322 779 400 814 ἤθελε
420 780 582 815 δραστήριος
602 779 681 811 εἶναι,
700 781 746 807 καὶ
761 782 824 812 τοὺς
841 782 951 812 λοιποὺς

162 823 192 850 δὲ
207 824 364 855 ἀπεκώλυε,
390 826 536 860 κατάγχων
559 827 598 857 είς
619 826 687 860 βίαν.
708 827 860 863 Ἑκδρομὴν
886 828 952 861 γοῦν

163 870 261 897 θέσθαι
278 871 328 905 τὴν
341 870 478 905 τυχοῦσαν
496 871 566 897 κατὰ
582 871 634 897 τῶν
651 871 755 906 ἐχθρῶν
771 873 809 903 εἰς
826 873 951 899 τοσοῦτον

163 916 286 950 ἐδέησεν,
302 916 385 948 ὥστε,
402 914 490 950 οἶμαι,
503 918 516 943 ὁ
534 917 651 949 Σικελὸς,
664 918 741 952 εἴπερ
754 916 809 952 εἶχε
827 919 953 953 μυκτῆρά

163 970 227 1003 τινα
253 961 367 989 νεύοντα
392 963 461 997 πρὶς
474 964 630 997 ἁστεῖσμδιν.
646 965 683 995 είς
702 965 850 999 εὐεργέτην
875 966 955 991 αὑτὸν

164 1008 387 1041 προσεποιήσατο
402 1008 435 1034 ἄν
447 1016 453 1022 ·
471 1008 587 1042 ἐπείπερ
599 1006 641 1034 οἶα
658 1010 704 1035 καὶ
718 1009 859 1044 ὀφθαλμοῦ
873 1010 956 1044 κόρην

165 1053 267 1088 ἐκείνῳ
286 1052 466 1086 διεφυλάξατο
480 1054 528 1088 τὴν
545 1054 684 1088 στρατιὰν,
703 1055 741 1086 ὡς
764 1055 830 1088 μηδὲ
848 1055 913 1081 ναῦν
927 1056 956 1087 ἐξ

166 1097 259 1123 αὐτῶν
277 1097 428 1124 ἀπολέσθαι
436 1098 467 1123 τό
482 1106 513 1131 γε
528 1099 566 1129 εἰς
580 1099 661 1124 αὐτὸν
673 1096 740 1134 ἧκον
754 1107 759 1113 ·
775 1101 798 1125 εί
816 1099 861 1126 καὶ
877 1108 957 1134 στραο

164 1142 266 1169 τιῶταί
276 1151 360 1174 τινες,
375 1144 425 1178 οὐχ
438 1144 539 1179 ἥκιστα
552 1144 580 1170 δὲ
591 1145 623 1170 τὰ
636 1145 684 1178 τῆς
700 1144 899 1179 (desudavian
915 1146 957 1170 :é—

167 1198 230 1222 κνα,
249 1189 275 1215 οἱ
294 1191 363 1224 μετὰ
382 1190 444 1219 τοὺς
467 1190 588 1224 φυγάδας
606 1191 771 1225 περίλοιποι,
789 1193 957 1217 ἀπολεοντωμ

165 1234 262 1266 θέντες
287 1233 344 1262 οἷον
371 1235 410 1270 τῷ
437 1236 508 1269 ὑπὲρ
538 1236 587 1269 τῆς
615 1237 744 1270 πατρίδος
772 1238 859 1272 Ουμῷ1
884 1238 958 1263 δεινὰ

165 1281 279 1308 ἰποὶουν
291 1280 426 1316 ὁσημέραι
441 1281 512 1307 κατὰ
528 1282 581 1308 τῶν
594 1282 742 1316 πολεμίων,
759 1283 796 1314 ὡς
811 1283 859 1309 οὐκ
871 1284 903 1309 ἄν
917 1292 958 1314 τις

166 1325 302 1358 ἐλπίσειε,
319 1326 485 1362 δραστηρΜὺ
491 1335 576 1361 μενοι.

204 1371 258 1404 ξς¹.
282 1371 337 1398 Καὶ
353 1370 422 1398 εἶδεν
448 1372 480 1398 ἄν
502 1380 543 1402 τις
564 1372 682 1399 ἐνταῦθα
705 1374 839 1408 πονηρίαν
864 1374 960 1409 ἀνδρὸς

167 1417 275 1452 φαύλου
300 1417 347 1443 καὶ
367 1417 523 1451 σοφιστείαν
551 1417 653 1452 βύθιον.
679 1419 958 1454 Παρακλητευόμενος

166 1464 236 1498 γὰρ,
253 1462 411 1497 ἀνοίγεσθαι
432 1463 482 1494 τὰς
498 1463 641 1494 πολιτικὰς
666 1464 752 1495 πύλας
777 1465 822 1490 ἐπὶ
838 1465 959 1499 πολέμῳ,

168 1511 218 1537 καὶ
235 1510 272 1545 μὴ
286 1510 443 1542 ὑπακούων,
461 1509 521 1537 εἶτα
539 1511 586 1537 καί
601 1519 660 1537 τινα
676 1512 842 1545 σφοδρότεροι
856 1512 959 1547 μανθά-

166 1563 235 1586 νων,
252 1555 299 1581 καὶ
314 1556 328 1581 ὁ
348 1555 430 1586 αὐτὸς
449 1555 528 1586 αὖθις
546 1556 644 1590 μένων,
668 1558 715 1583 καὶ
733 1557 957 1592 ἀνακρινόμενος,

169 1601 216 1635 ἐφ’
238 1596 262 1634 ᾦ
286 1599 341 1626 τῶν
369 1601 507 1635 πολεμίων
537 1601 609 1628 οὕτω
633 1603 763 1636 φείδεται,
791 1604 887 1638 πρῶτα
913 1605 961 1638 μὲν

170 1645 358 1681 προϐάλλεται
375 1646 509 1680 βασίλειον
530 1648 624 1680 τηρεῖν
645 1648 794 1680 κέλευσμα,
811 1657 962 1683 καστροφυ-

169 1691 269 1718 λακεῖν
283 1691 432 1718 ἑπιτάσσον
453 1691 529 1726 αὐτῷ
540 1700 546 1707 ι
567 1693 711 1727 μανθάνων
727 1693 766 1725 δὲ,
784 1694 821 1725 ὡς
834 1694 864 1720 οὐ
882 1694 962 1721 τοῦτό

170 1738 231 1763 ἐστι
248 1736 463 1771 καστροφύλακα
479 1733 549 1763 εἷναί
563 1746 634 1770 τινα,
649 1739 678 1764 τὸ
697 1738 752 1764 ἔσω
764 1739 870 1774 τείχους
884 1741 962 1773 ἐγκε-

170 1781 309 1814 κλεῖσθαι,
333 1782 403 1809 ἀλλὰ
428 1782 459 1808 τδ
484 1782 574 1809 πάντα
603 1784 699 1815 ποιεῖν,
726 1784 761 1810 δι’
780 1782 817 1811 ὧν
843 1785 875 1811 ἂν
899 1787 962 1815 τοὺς

172 1827 290 1863 ἐχθροὺς
309 1826 431 1862 βλάψειε,
444 1828 490 1855 καὶ
505 1828 534 1854 τὸ
553 1828 672 1863 κάστρον
684 1829 755 1856 οὕτω
770 1830 914 1864 φυλάξειεν
927 1832 961 1865 (εί

174 1875 214 1908 μή
231 1881 275 1904 τις
288 1873 384 1908 καλοίη
402 1875 449 1901 καὶ
461 1873 549 1907 οἴκου,
567 1874 583 1908 ἢ
596 1875 728 1909 ἀμπέλου,
743 1876 759 1910 ἣ
776 1876 843 1907 νεὼς
855 1876 964 1910 φύλακα

172 1918 223 1944 τὸν
235 1917 290 1944 ἔσω
303 1917 550 1953 ὲγκορδυληθὲντα,
561 1919 609 1944 καὶ
621 1920 783 1954 οἰκουρικῶς
797 1921 961 1954 καθήμενον·

172 1963 202 1991 ει
216 1963 244 1990 τι
259 1972 310 1990 που
328 1964 356 1990 δὲ
371 1963 472 1996 ἔξωθεν
491 1964 645 1995 ἐπίϐουλον,
662 1964 719 1991 ἀλλ’
739 1967 826 1992 ἐκεῖνο
852 1967 964 2000 ἀφιέντα

173 2007 207 2035 εὖ
220 2009 305 2044 ἐχειν,
321 2009 375 2039 ἕως
390 2009 438 2035 καὶ
453 2009 530 2039 ἐντὸς
548 2010 760 2043 παρεισδύπεται
775 2011 924 2045 ὀλέθριονλ·
951 2012 964 2036 ὁ

172 2055 203 2081 δὲ
216 2055 449 2088 δικαιολογεῖσθαι
463 2055 511 2081 τοῦ
526 2056 620 2081 λοιποῦ
636 2056 726 2090 ἀφεὶς,
742 2057 865 2083 διέϐαλλε
878 2058 965 2090 λέγων

172 2100 304 2132 δεδιέναι,
324 2099 360 2135 μὴ
381 2099 427 2126 τὸν
452 2100 537 2134 πηλὸν
556 2102 704 2135 ἀφεθέντες
728 2103 800 2133 τινὲς
823 2104 965 2137 προελθεῖν

173 2146 430 2180 ὲκπετασϐήσονται
445 2147 485 2177 εἰς
501 2146 531 2172 τὸ
545 2147 652 2180 φυγεῖν,
666 2148 713 2173 καὶ
725 2147 810 2179 οὕτως
823 2149 869 2174 ἐπὶ
886 2150 965 2174 πλέον

173 2192 365 2228 λειπανόρήσῃ
379 2192 412 2220 τὰ
426 2192 475 2227 τῆς
491 2193 606 2225 πόλεως.
624 2194 679 2220 Καὶ
699 2194 889 2228 ἐδυσχέραινον
917 2196 964 2228 μὲν

173 2239 199 2265 oi
219 2237 320 2273 ἀγαθοὶ
336 2239 493 2274 στρατηγοὶ,
516 2239 663 2269 ἀκούοντες
680 2239 769 2271 τοῦτο,
784 2241 830 2266 καὶ
841 2240 866 2265 οἱ
886 2248 965 2274 στρα-

175 2284 284 2316 τιῶται,
307 2283 405 2319 ἔφερον
426 2284 450 2310 δ’
472 2285 558 2319 ὅμως,
576 2284 600 2310 εί
627 2283 733 2318 σώματι
757 2284 861 2315 πόλεως
892 2285 966 2319 καλῷ

175 2329 269 2363 φαύλη
280 2329 424 2363 ἐφίσταται
435 2330 552 2364 κεφαλή.
567 2330 621 2355 Καὶ
630 2329 680 2355 οὐκ
694 2329 817 2364 ἐτόλμων
832 2330 966 2364 ἐγχειρεῖν

173 2373 254 2401 λύειν
276 2374 327 2410 τὴν
349 2375 566 2410 ὲπιτεταγμὲνην
582 2375 716 2409 ἁρμονίαν
732 2376 834 2406 αὐτοῖς,
854 2375 966 2408 πειθαρ-

173 2419 290 2456 χοῦντες
310 2420 361 2446 οὐκ
385 2421 429 2446 ἐπ’
448 2420 553 2454 ἀγαθῷ.
574 2419 644 2446 Ἀλλ’
661 2420 704 2446 ὅτε
725 2419 790 2445 ποτὲ
814 2422 860 2445 καὶ
887 2419 967 2450 αὐτὸς

174 2466 303 2503 ἐκύρωσε
320 2466 410 2494 πειθοῖ
422 2463 502 2499 εἶξαι,
516 2467 673 2502 ῥᾳδιουργεῖ
688 2466 768 2497 οὕτω,
784 2465 832 2491 τοῦ
844 2465 969 2500 Χούμνου

173 2513 383 2548 τεθαρρηκότος
399 2513 455 2547 ᾶμα
475 2513 514 2548 τῷ
528 2513 594 2547 περὶ
609 2512 690 2538 αὑτὸν
712 2511 901 2547 στρατιωτικῷ
924 2511 969 2538 λὰ-

174 2568 219 2594 χει
233 2559 412 2585 ὲπεισπεοείν
429 2560 485 2590 τοῖς
499 2559 531 2585 ὲκ
544 2559 598 2584 τῶν
612 2557 687 2593 ἑῴων
704 2558 796 2584 πυλῶν
811 2556 967 2591 πολεμοῦσι,

174 2604 225 2632 καὶ
245 2604 476 2638 ἑγκεχειρηκότος
497 2602 594 2635 οὕτως,
611 2604 635 2628 εἰ
657 2604 704 2630 καὶ
722 2603 861 2636 δυστυχῶς
879 2603 969 2637 ἀπέϐη

171 2649 205 2675 τὸ
221 2649 302 2680 τέλος
318 2648 363 2675 διὰ
380 2649 537 2683 φαυλότητα
547 2648 603 2674 τῶν
619 2649 816 2682 συναραμένων
830 2647 905 2680 αὐτῷ
920 2648 969 2680 τῆς

172 2695 281 2731 μάχης,
306 2694 354 2720 καὶ
377 2693 530 2729 ὀχλούντων
551 2694 604 2719 τῶν
622 2702 651 2719 τε
672 2693 814 2727 ἐπηλύδων
840 2701 970 2731 aspectu):

171 2741 240 2773 τῶν,
263 2741 315 2767 καὶ
332 2739 385 2766 τῶν
400 2741 452 2774 τῆς
468 2739 572 2770 πόλεως
586 2739 615 2765 δὲ
628 2739 741 2769 τέκνων,
760 2738 777 2765 ἃ
792 2738 877 2772 ταύτῃ
893 2727 970 2772 περιέ

170 2785 349 2821 ιλειφθησαν
366 2785 435 2819 μετὰ
453 2786 518 2815 τοὺς
534 2784 677 2818 φυγαδίας,
698 2783 769 2809 κατὰ
784 2783 902 2816 σπουδὴν
924 2783 969 2808 ὲκ-

168 2833 292 2870 ὂραμετν
304 2832 353 2857 ἐπὶ
368 2832 431 2862 τοὺς
448 2830 672 2865 πολιορκοῦντας,
687 2830 731 2855 διὰ
752 2829 782 2855 τὸ
802 2829 863 2859 τοὺς
886 2829 970 2855 Λειτὶ-

170 2887 236 2910 κυς
259 2876 343 2909 ὅλους
368 2875 502 2912 γενέσθαι
526 2875 572 2901 τοῦ
601 2876 786 2910 ἀντιχωρῆσαι
821 2874 891 2900 κατὰ
921 2875 969 2900 τοῦ

1008 284 1160 318 spectabat,
1185 284 1235 312 tibi
1255 285 1406 320 jucundum
1425 291 1495 317 erat,
1512 292 1529 311 ο
1546 285 1641 318 David,
1657 293 1719 312 cum
1743 285 1793 312 tibi

1005 333 1080 357 esset
1100 330 1201 358 simile.
1221 330 1293 358 Num
1315 331 1361 358 ille
1383 331 1513 365 paciﬁcus
1529 331 1598 358 alios
1624 338 1705 366 agere
1718 332 1793 365 quod

1001 377 1190 405 necessarium
1204 382 1266 405 erat
1292 385 1390 413 pugnae
1412 377 1791 412 sinebat?Neutiquam:sed

1000 422 1114 449 omnino
1127 421 1162 450 iis
1184 430 1245 457 qua
1255 422 1356 451 bellum
1369 423 1500 458 poscebat
1517 422 1653 455 obstabat,
1670 422 1792 457 quadam

1000 465 1044 493 die
1058 467 1152 494 nescio
1167 467 1230 502 quis
1246 475 1280 495 ex
1294 467 1390 498 Aloeo.
1407 467 1476 494 forte
1500 467 1650 501 Ephialtes,
1668 471 1716 493 aut
1732 471 1795 493 tan-

1000 511 1060 539 dem
1082 512 1217 546 Epialtus,
1231 513 1406 548 impatienter
1417 512 1464 546 qui
1475 512 1546 545 apud
1558 511 1737 546 Asclepiades
1746 511 1793 545 ja-

1000 557 1099 585 cabant
1128 558 1280 590 suffert-ns,
1296 558 1374 593 quasi
1397 557 1604 592 oppressionem
1618 561 1793 584 nocturnam.

1000 604 1062 631 Non
1083 611 1149 639 ergo
1164 604 1301 632 diceretur
1326 604 1398 632 bubo
1416 604 1462 638 qui
1478 611 1561 630 aures
1573 610 1628 629 non
1647 601 1794 636 praebuerit

1003 649 1073 677 bona
1091 649 1205 676 consilia
1227 649 1355 677 dantibus
1367 669 1375 681 ,
1391 648 1440 676 sed
1458 648 1565 675 facetiis
1588 647 1749 682 vulgaribus
1760 653 1793 672 ac

1003 694 1105 723 stultis.
1122 689 1309 722 Proverbium'
1328 695 1401 722 enim
1417 694 1468 721 hos
1481 694 1606 720 bubones
1633 697 1714 727 atque
1729 699 1794 719 aves

1004 745 1077 768 recte
1093 741 1265 775 probaverat.
1289 739 1344 768 Nec
1358 747 1424 774 ergo
1444 747 1526 774 agere
1544 738 1667 771 volebat,
1679 742 1795 765 exteros

1004 793 1071 813 vero
1107 785 1278 820 prohibebat,
1307 785 1333 812 vi
1367 786 1500 813 retinens.
1528 784 1659 819 Egressio
1681 783 1794 817 quidem

1007 840 1041 859 ue
1064 837 1190 866 ageretur
1213 833 1345 859 adversus
1369 831 1464 859 hostes
1479 830 1543 857 data
1558 830 1707 857 occasione
1723 828 1794 856 adeo

1006 879 1130 911 timebat,
1153 885 1193 911 ut,
1219 883 1295 913 puto,
1321 879 1443 910 Siculus,
1470 878 1493 906 si
1509 879 1536 905 in
1553 885 1586 905 eo
1605 878 1723 905 fuissent
1746 877 1796 904 ali-
1838 902 1843 907 ,

1006 930 1074 961 quot
1093 932 1190 953 sensus
1205 924 1379 957 urbanitatis,
1396 924 1475 958 quasi
1504 923 1708 951 benefactorem
1732 930 1796 950 eum

1006 975 1080 1000 esset
1106 971 1271 1001 habiturus;
1298 977 1360 996 cum
1387 970 1461 997 sicut
1491 969 1621 1004 pupillam
1647 969 1719 999 oculi
1737 969 1798 1002 ejus

1007 1017 1158 1044 exercitum
1184 1020 1318 1047 servaret.
1346 1015 1382 1042 ita
1401 1019 1430 1042 ut
1453 1015 1545 1042 nullus
1560 1022 1593 1042 ex
1614 1022 1647 1042 eo
1672 1013 1795 1049 perierit,

1008 1063 1081 1096 quod
1099 1067 1173 1089 certe
1189 1061 1221 1088 ad
1239 1069 1302 1089 eum
1318 1060 1471 1095 spectabat,
1484 1060 1536 1088 etsi
1552 1061 1663 1094 quidam
1684 1060 1798 1091 milites,

1009 1107 1146 1142 pra‘ciptle
1175 1110 1266 1133 autem
1296 1105 1501 1134 Thessalonica
1529 1105 1597 1137 lilii,
1621 1108 1683 1140 post
1707 1104 1799 1139 fugam

1007 1152 1182 1187 superstites,
1193 1151 1239 1186 qui
1257 1151 1399 1186 perierunt
1410 1151 1503 1177 animo
1514 1150 1626 1177 leonino
1637 1157 1687 1184 pro
1698 1149 1798 1184 patria,

1010 1196 1140 1224 terribilia
1163 1196 1286 1231 quotidie
1307 1200 1419 1230 agerent
1440 1196 1575 1223 adversus
1598 1195 1692 1222 hostes
1715 1201 1799 1229 supra

1010 1251 1092 1271 omne
1106 1243 1180 1278 quod
1194 1242 1301 1277 sperari
1319 1245 1438 1278 poterat.

1046 1364 1091 1392 66.
1108 1363 1186 1391 Tunc
1202 1364 1326 1399 dignosci
1340 1364 1441 1399 poterit
1460 1364 1565 1392 malitia
1577 1364 1685 1399 altaque
1700 1367 1801 1391 astutia

1011 1410 1093 1445 hujus
1115 1410 1245 1438 hominis.
1261 1410 1397 1437 invitatus
1410 1409 1483 1437 enim
1501 1410 1535 1437 ad
1553 1409 1719 1444 aperiendas
1736 1416 1802 1443 por-

1012 1461 1054 1486 tas
1074 1456 1191 1484 civitatis
1203 1456 1266 1483 belli
1278 1461 1412 1492 tempore,
1421 1463 1473 1483 non
1487 1456 1659 1489 obtemperat
1674 1463 1681 1487 ;
1704 1453 1801 1481 deinde

1011 1502 1132 1538 pericula
1146 1502 1248 1537 majora
1260 1502 1368 1529 discens
1378 1522 1385 1533 ,
1402 1500 1581 1528 nihilominus
1590 1492 1677 1526 adhuc
1688 1502 1799 1534 perstat.

974 1562 998 1593 ο
1012 1548 1080 1576 Cum
1093 1549 1156 1576 inde
1166 1548 1322 1583 inquisisset
1338 1555 1390 1583 qua
1407 1551 1482 1582 parte
1497 1545 1623 1573 hostibus
1635 1544 1801 1579 parcendum

1012 1598 1097 1627 esset,
1124 1593 1242 1629 primum
1271 1593 1380 1628 quidem
1408 1594 1513 1626 iussum
1545 1591 1719 1627 imperatoris
1745 1598 1804 1617 ser-

1014 1638 1131 1666 vandum
1146 1638 1288 1673 praedicat,
1307 1638 1357 1673 ipsi
1381 1641 1410 1664 ut
1424 1642 1514 1665 castra
1530 1640 1623 1664 servet
1637 1635 1802 1671 praecipien-

1013 1686 1058 1713 tis.
1075 1684 1143 1712 Cum
1158 1692 1224 1712 vero
1239 1684 1381 1711 didicisset
1395 1690 1449 1710 non
1464 1683 1533 1711 satis
1546 1690 1609 1710 esse
1622 1683 1740 1716 aliquem
1756 1689 1804 1708 cu—

1013 1731 1117 1760 stodire
1127 1732 1198 1759 intra
1209 1738 1302 1758 muros
1314 1734 1344 1757 ut
1354 1734 1467 1758 vocetur
1475 1733 1629 1757 castrorum
1640 1732 1745 1761 custos,
1756 1728 1804 1755 sed

1013 1781 1044 1805 ut
1066 1777 1159 1804 omnia
1181 1782 1243 1812 agat
1254 1776 1354 1810 quibus
1380 1776 1500 1803 offendat
1519 1775 1623 1806 hostes.
1641 1774 1736 1808 sicque
1761 1781 1807 1800 ca-

1013 1828 1071 1852 stra
1099 1823 1232 1851 custodiri
1264 1822 1337 1858 (nisi
1367 1822 1466 1857 aliquis
1505 1822 1621 1852 domus.
1647 1825 1694 1847 aut
1723 1819 1803 1851 vitis,

1016 1873 1065 1896 aut
1085 1869 1164 1896 navis
1180 1872 1274 1896 custos
1298 1868 1452 1903 appellatur
1482 1867 1528 1902 qui
1554 1867 1627 1894 intro
1664 1870 1739 1892 tutus
1763 1870 1806 1892 est

1014 1915 1144 1950 domique
1155 1914 1247 1949 sedet;
1267 1921 1298 1941 ac
1313 1914 1335 1941 si
1356 1913 1460 1948 aliquid
1476 1912 1637 1941 insidiarum
1654 1911 1700 1938 flat
1715 1910 1748 1938 dc
1765 1910 1807 1937 fo-

1014 1961 1063 1993 ris,
1092 1961 1143 1987 hoc
1173 1960 1231 1987 ﬁeri
1262 1959 1346 1989 sinat.
1372 1959 1524 1995 usquedum
1553 1959 1655 1985 malum
1692 1957 1807 1985 interius

1016 2004 1165 2038 pervadat)
1177 2011 1185 2031 :
1197 2003 1243 2031 ille
1255 2011 1319 2031 vero
1331 2011 1360 2030 se
1372 2010 1489 2038 purgare
1509 2002 1572 2029 aliis
1580 2002 1720 2030 omittens.
1739 2008 1808 2035 pra»

1015 2049 1127 2077 dicabat
1157 2056 1187 2077 se
1212 2049 1310 2075 timere
1339 2055 1372 2075 ne
1397 2047 1507 2082 quidam
1538 2052 1683 2081 postquam
1709 2046 1807 2072 limum

1015 2097 1172 2124 turbassent
1199 2094 1227 2122 in
1255 2094 1348 2129 fugam
1377 2097 1605 2121 converterentur
1629 2093 1725 2127 sicque
1752 2099 1810 2118 am-

1016 2141 1087 2177 plius
1125 2139 1282 2167 hominibus
1313 2142 1420 2166 careret
1458 2139 1565 2166 civitas.
1592 2138 1809 2172 lndignabautur

1019 2185 1103 2213 fortes
1136 2185 1231 2216 duces,
1247 2185 1299 2211 hoc
1319 2183 1472 2216 audientes,
1487 2184 1643 2217 militesque
1669 2190 1731 2209 cum
1756 2183 1808 2212 eis.

983 2230 1133 2265 [)pulchro
1168 2229 1278 2264 corpori
1310 2228 1428 2255 civitatis
1461 2233 1540 2263 turpe
1579 2233 1660 2262 caput
1698 2227 1811 2259 imposi-

1021 2282 1078 2303 tum
1109 2275 1207 2303 fuisse.
1239 2274 1295 2302 Nec
1324 2274 1462 2301 audebant
1492 2278 1588 2307 sponte
1619 2273 1727 2300 solvere
1745 2273 1811 2299 har-

1021 2320 1221 2354 moniamipsis
1240 2320 1412 2355 impositam,
1425 2328 1477 2346 non
1501 2320 1527 2346 in
1555 2320 1655 2346 bonum
1676 2319 1716 2345 sic
1743 2318 1810 2346 obe-

1021 2367 1138 2395 dientes.
1155 2366 1207 2394 Sed
1219 2373 1281 2393 cuin
1294 2370 1386 2393 certus
1402 2365 1453 2391 fuit
1466 2366 1499 2392 de
1514 2364 1683 2396 obedientia,
1700 2364 1812 2391 fraudu-

1021 2413 1109 2439 lenter
1122 2411 1178 2446 egit
1191 2411 1242 2438 hoc
1264 2410 1361 2437 modo:
1373 2418 1436 2437 cum
1450 2409 1607 2437 Comnenus
1621 2409 1716 2437 fuisset
1727 2417 1813 2437 ausus

1022 2465 1086 2486 cum
1115 2461 1191 2493 parte
1212 2457 1363 2487 exercitus,
1388 2464 1471 2491 quam
1497 2457 1550 2484 sub
1570 2463 1654 2483 manu
1683 2456 1812 2487 habebat,

1023 2510 1104 2531 ruere
1115 2503 1142 2530 in
1155 2503 1246 2530 hostes
1260 2510 1275 2530 e
1287 2502 1373 2537 ponis
1391 2502 1583 2535 orientalibus,
1597 2502 1691 2536 sicque
1703 2508 1814 2536 aggres-

1024 2557 1072 2577 Sus
1088 2549 1194 2583 fuisset,
1209 2548 1261 2575 etsi
1274 2548 1342 2575 male
1360 2548 1527 2576 Successerit
1539 2548 1574 2574 ob
1596 2547 1704 2582 culpam
1717 2551 1812 2573 eurum

1023 2596 1069 2630 qui
1112 2595 1199 2622 aciem
1237 2594 1441 2627 ordinaverant,
1480 2593 1709 2624 turbulentorum,
1743 2592 1815 2619 mili-

1024 2645 1081 2668 tum
1095 2641 1312 2675 alienigenarum
1328 2640 1505 2676 liliorumque
1531 2640 1653 2667 civitatis
1668 2646 1737 2673 quos
1753 2646 1813 2665 am-

1024 2689 1133 2723 plexata
1158 2692 1202 2715 est
1232 2691 1292 2721 post
1316 2686 1422 2722 fugam,
1448 2687 1520 2722 quod
1535 2686 1701 2713 festinanter
1714 2692 1801 2712 cxcur

1024 2734 1126 2761 rissent
1147 2733 1173 2759 in
1185 2733 1354 2765 obsidentes,
1367 2740 1399 2760 eo
1411 2733 1483 2767 quod
1510 2740 1608 2760 omncs
1635 2731 1726 2759 Latini
1747 2738 1814 2757 con-

1023 2786 1169 2808 currerant
1183 2780 1315 2807 adversus
1327 2779 1497 2811 Cbumnum,
1524 2780 1581 2814 ipse
1603 2784 1749 2813 postquam
1766 2777 1812 2803 vix

1025 2827 1178 2861 aperuisset
1191 2831 1284 2860 portas
1297 2833 1328 2852 ac
1342 2825 1491 2852 dimisisset
1507 2824 1611 2851 irruere
1628 2823 1698 2849 hanc
1712 2829 1814 2849 excur-

1026 2874 1135 2900 sionem
1153 2873 1348 2903 desideratam,
1368 2876 1440 2898 rclro
1454 2870 1552 2897 deinde
1581 2869 1682 2903 januas
1716 2867 1815 2894 clausit
