4084 6442
469 332 546 395 Ἷῦ
1155 331 1584 394 EUSTATHII
1625 333 1728 393 ΤΗ
1739 333 2072 396 ESSALON
2083 335 2384 398 ICENSIS
2424 335 2986 399 METROPOLITIE
3675 339 3746 401 80

477 447 623 518 quod
675 444 895 502 diliicile
950 446 1003 503 in
1067 446 1261 503 urbem
1319 447 1516 502 reverti
1583 457 1811 516 possent
1856 449 1951 518 qui
1989 447 2056 503 sit

2173 452 2450 522 Χοῦμνου,
2480 451 2643 515 αὐτὸς
2675 451 2838 521 μόγις
2861 450 3081 517 ἀνοίξας
3107 452 3207 516 τὰς
3236 451 3434 519 πύλας,
3459 453 3557 509 καὶ
3589 456 3749 524 ἀφεὶς

478 538 777 605 exiisscnt;
802 547 1086 608 postremo
1115 553 1243 594 vero
1264 537 1580 608 juramento
1607 547 1968 595 asseruerunt
2001 554 2063 595 se

476 642 694 699 pinnam
765 630 1064 686 terribilem
1121 644 1218 699 pro
1278 629 1509 685 audacia
1559 630 1814 698 solvisse,
1863 639 2062 686 caetera

475 722 734 792 paciﬁcos
767 738 829 778 se
879 721 1099 776 futuros
1138 721 1517 792 promiserunt
1547 737 1651 778 nec
1688 724 2058 795 impossibilia

474 825 663 869 contra
700 813 795 868 Dei
829 813 1170 868 voluntatem
1205 826 1469 869 ausuros.

2167 543 2330 614 δῆθεν
2385 542 2659 613 ἐκδρομὴν
2707 542 2981 612 πρεϐἦναι
3053 542 3155 615 τὴν
3196 544 3562 616 ζητουμένην,
3625 543 3751 601 εἶτα

2170 633 2520 687 συνέκλεισεν
2581 632 2808 688 ὄπισθεν
2866 633 3065 698 αὐτῶν,
3120 634 3198 698 ὥς
3255 635 3410 704 μόλις
3453 637 3749 710 δυνηθῆναι

2169 723 2298 786 τοὺς
2335 722 2652 787 ἐξελθόντας
2691 724 2802 778 ἐσω
2838 723 3097 793 γενέσθαι
3128 726 3196 779 τὰ
3223 728 3324 797 τῆς
3357 729 3586 794 πόλεως,
3619 731 3752 783 κάν-

2171 811 2364 866 τεῦθεν
2419 813 2666 876 ἐκείνους
2722 812 2903 884 δεινὴν
2967 814 3112 869 οῦτω
3165 817 3357 888 ποινὴν
3408 819 3504 872 τοῦ
3560 821 3753 891 θαρσεί

465 908 794 978 ,τινυμένους
826 905 1184 976 διομόσασθαι
1216 905 1520 978 ἡσυχάζειν
1546 907 1637 962 τοῦ
1671 908 1890 976 λοιποῦ,
1917 908 2015 963 καὶ
2055 905 2135 978 μὴ
2165 905 2450 976 βιάζεσθαι
2492 905 2564 958 τά
2592 904 2668 976 μὴ
2715 905 2939 972 δυνατὰ,
2973 907 3102 962 ἔνθα
3139 909 3273 972 Θεὸς
3305 911 3442 964 άλλα
3474 911 3747 982 βούλεται.

541 1026 631 1079 67.
662 1025 1009 1095 Superﬂuum
1044 1038 1152 1079 non
1183 1027 1288 1080 erit
1340 1026 1426 1080 hic
1463 1025 1807 1081 conscribere
1851 1025 1917 1081 ad
1954 1025 2056 1080 ho-

471 1133 655 1171 norem
691 1119 867 1182 ducis,
891 1118 984 1186 qui
1038 1118 1178 1172 bello
1207 1119 1471 1173 adversus
1496 1119 1803 1171 Chumuum
1834 1128 2059 1172 externo

470 1217 600 1263 tunc
629 1218 811 1278 rupto,
847 1217 975 1277 post
1004 1207 1208 1262 famam
1241 1209 1309 1264 ad
1345 1209 1525 1277 ipsum
1564 1210 1854 1279 perlatam,
1881 1209 2059 1264 noluit

472 1298 779 1367 periculum
826 1299 1192 1352 Barbarorum
1233 1313 1456 1376 augere,
1503 1308 1698 1353 contra
1743 1297 2056 1354 Cliumnum

469 1390 790 1459 pugnando,
833 1392 912 1445 ita
962 1402 1022 1445 ut
1071 1391 1300 1445 Barbari
1350 1393 1611 1461 utrinque
1659 1392 1834 1445 vexati
1881 1391 2059 1446 caede-

471 1493 686 1538 rentur.
716 1482 884 1553 Igitur
910 1500 938 1535 a
973 1483 1266 1553 pugnando
1300 1483 1512 1538 abstitit
1534 1494 1588 1537 et
1618 1483 1840 1538 aliunde
1869 1484 2064 1538 trium-

474 1575 644 1642 phum
720 1576 995 1644 quzesivit.
1041 1574 1354 1630 Altissimus
1403 1575 1549 1628 enim
1618 1575 1908 1630 adversum
1962 1588 2062 1629 nos

473 1665 798 1721 Convocavit
845 1667 898 1720 in
939 1666 1079 1721 colle
1129 1665 1380 1720 orientali
1431 1664 1646 1719 Zabarii
1691 1667 1796 1720 rite
1837 1667 2064 1720 demon-

463 1769 661 1812 suans
688 1771 886 1828 pugnae
907 1757 1345 1827 dispositionem,
1382 1771 1545 1826 quam
1580 1757 1856 1810 indicabat
1885 1757 2065 1826 pulvis

2237 1024 2335 1090 ξξῆ
2360 1027 2474 1079 Οὐκ
2505 1026 2573 1080 ἂν
2606 1026 2664 1080 δὲ
2693 1027 2780 1096 εἴη
2808 1026 3091 1097 πάρεργον
3120 1028 3357 1082 ἐνταῦθα
3382 1035 3750 1102 προσιστορῆ-

2169 1135 2259 1170 σαι
2311 1119 2448 1186 πρὸς
2484 1117 2670 1188 θαῦμα
2711 1117 2806 1172 τοῦ
2856 1119 3168 1190 στρατηγοῦ
3220 1120 3315 1173 καὶ
3339 1121 3445 1186 ὅτι,
3478 1121 3571 1175 τοῦ
3606 1126 3750 1176 κατά

2164 1207 2256 1258 τὸν
2304 1207 2555 1276 Χοῦμνον
2587 1207 2825 1276 πολέμου
2879 1207 2986 1272 ἔξω
3029 1209 3150 1262 τότε
3195 1211 3477 1280 ῥαγέντος,
3521 1213 3749 1267 καὶτοῦ

2166 1299 2494 1367 πράγματος
2522 1300 2919 1368 διηκουσμένου
2944 1299 3040 1354 καὶ
3063 1303 3144 1364 είς
3173 1302 3360 1367 αὐτὸν,
3391 1303 3554 1366 αὐτὸς
3585 1303 3751 1370 ἀφεὶς

2165 1391 2436 1445 διπλῶσαι
2467 1393 2581 1456 τοῖς
2610 1392 2908 1463 βαρϐάροις
2941 1396 3030 1448 τὸν
3066 1395 3336 1460 κίνδυνον,
3361 1395 3521 1467 εἴπερ
3554 1400 3582 1450 ὁ
3609 1397 3752 1450 Χοῦ-

2169 1502 2300 1556 μνος
2349 1486 2449 1555 μὲν
2498 1487 2713 1541 ἐκεῖθεν
2768 1492 3004 1555 πονοῑτο,
3029 1489 3194 1552 αὐτὸς
3221 1490 3267 1542 δ’
3292 1490 3533 1544 ἐνταῦθα
3572 1509 3752 1544 κατα-

2166 1576 2530 1646 στρατηγοίη,
2566 1579 2640 1640 ὡς
2676 1579 2744 1632 ἂν
2784 1582 2974 1643 κακοίς
2997 1580 3341 1650 ἑκατέρωθεν
3370 1581 3752 1650 ἐναποληφθὲν

2164 1669 2228 1720 τὸ
2255 1667 2556 1737 βάρϐαρον,
2589 1670 2684 1722 καὶ
2717 1670 2860 1724 κατά
2885 1687 2945 1724 τε
2977 1671 3219 1741 στέρνων
3255 1673 3351 1725 καὶ
3380 1673 3523 1726 κατά
3558 1691 3616 1726 τε
3643 1673 3752 1726 νὼ-

2168 1777 2276 1813 των
2307 1760 2678 1831 πληττόμενον
2701 1762 2796 1816 καὶ
2826 1761 3160 1833 βαλλόμενον
3186 1763 3418 1833 ὸχλοῖτο.
3449 1763 3593 1818 οὕτω
3612 1764 3750 1832 γοῦν

475 1849 694 1904 sublata
720 1864 749 1902 a
771 1850 1123 1905 currentibus
1144 1858 1308 1917 atque
1343 1850 1412 1902 ab
1464 1849 1820 1904 adversariis.
1856 1847 2056 1903 Preces

2171 1853 2503 1920 στρατηγεῖν
2557 1852 2737 1918 ἀφεὶς,
2794 1851 2872 1915 ὡς
2926 1852 3154 1923 ἔπρεπε,
3215 1855 3514 1921 πομπικῶς
3572 1855 3752 1916 άλλως

475 1952 659 1998 autem
703 1956 770 1998 ac
800 1942 1210 2011 deprecationes
1248 1957 1386 2010 quas
1439 1943 1567 2012 egit,
1621 1957 1784 1995 nemo
1835 1941 2059 1996 credere

465 2041 679 2103 posset.
703 2031 817 2089 Hoc
847 2041 933 2088 est
960 2047 1090 2087 vero
1118 2031 1344 2087 evndens
1369 2045 1531 2102 quam
1575 2032 1855 2100 negligens
1897 2031 2062 2086 fuerit

475 2125 531 2180 in
587 2124 796 2181 Latinis
852 2124 1270 2196 persequendis,
1325 2132 1636 2193 quantaque
1714 2122 1932 2192 ignavia
2005 2123 2062 2178 in

479 2217 780 2274 amovendo
823 2231 854 2272 a
897 2217 1054 2272 nobis
1107 2216 1270 2280 bello,
1321 2216 1599 2286 quomodo
1649 2214 1846 2269 timens
1873 2228 1939 2268 ne
1970 2227 2062 2268 ac-

473 2319 754 2377 cusarent,
803 2309 948 2382 quod
997 2309 1145 2364 illius
1213 2322 1382 2363 causa
1430 2305 1717 2362 adoriendi
1785 2305 2063 2360 exercitus

474 2403 759 2459 Romanus
826 2400 1231 2473 supervenerit.
1267 2397 1421 2453 Tunc
1455 2412 1587 2452 vero
1634 2396 1894 2450 mulieres
1939 2410 2063 2450 eum

473 2496 738 2560 riserunt,
793 2507 860 2549 ac
899 2501 1192 2565 postquam
1241 2489 1308 2545 de
1374 2488 1629 2558 supernis
1679 2487 1799 2541 illas
1833 2487 2066 2541 descen—

473 2585 606 2640 dere
651 2584 908 2654 jussisset
959 2581 1209 2638 ascendit
1267 2581 1384 2650 ipse
1441 2578 1703 2633 indecoro
1749 2576 1912 2631 modo
1949 2575 2066 2630 haec

473 2679 594 2732 loca
638 2676 967 2746 repleturus.
1025 2675 1093 2727 At
1125 2673 1260 2740 [hoc
1324 2670 1620 2726 ludibrium
1647 2683 1714 2724 ex
1747 2668 2067 2724 mulieribus

473 2763 790 2832 neutiquam
845 2763 996 2817 illum
1043 2761 1231 2816 movit.
1287 2759 1446 2817 Unde
1505 2759 1651 2812 enim
1716 2757 1860 2812 scire
1911 2763 2067 2827 pote-

473 2865 559 2910 rat
619 2854 887 2924 ejusmodi
939 2838 1665 2908 cavillationes'muliebres
1721 2863 1866 2918 saepe
1932 2846 2065 2902 viris

2165 1938 2416 1993 διέκειτο.
2450 1938 2715 2008 Ὕψιστος
2758 1941 2868 2009 γὰρ
2899 1942 2956 1994 ἐν
2985 1941 3063 2011 τῷ
3091 1940 3210 2013 ἐῴῳ
3236 1943 3459 2014 γηλόφῳ
3492 1944 3750 1998 τοῦ.καθ’

2164 2034 2312 2104 ἡμᾶς
2362 2034 2669 2104 Ζαϐαρείου
2716 2034 3114 2104 ἐπανηγύριζε,
3152 2035 3436 2106 θεωρικῶς
3485 2036 3584 2107 τὴν
3643 2038 3750 2104 τῆς

2167 2127 2350 2194 μάχης
2381 2127 2598 2195 ἐκείνης
2625 2125 2998 2196 γνωματεύων
3027 2125 3292 2190 διάθεσιν,
3320 2127 3388 2199 ἢν
3415 2129 3746 2199 ἐγειρομένη

2165 2216 2316 2279 κόνις
2362 2216 2468 2268 ὑπὸ
2520 2218 2630 2270 τῶν
2669 2217 2976 2286 τρεχόντων
3011 2218 3106 2270 atati.
3151 2219 3582 2288 ἀντιτρεχόντων
3618 2220 3752 2290 ἐσή-

2167 2323 2348 2377 μαινε.
2389 2307 2501 2359 Καὶ
2538 2300 2629 2361 οἶα
2660 2306 2762 2376 μὲν
2791 2307 2959 2370 αὺτὺς
2986 2307 3107 2360 τότε
3137 2307 3330 2376 εὔχετο
3361 2309 3449 2370 ἂν.
3475 2311 3508 2381 ἦ
3541 2311 3746 2365 κατεύ-

2164 2415 2311 2467 χετο,
2350 2398 2526 2463 οὐδεὶς
2557 2400 2624 2453 ἂν
2663 2398 2832 2470 εἰδείη
2879 2399 3069 2469 μαθών
3093 2416 3106 2430 ⁸
3137 2401 3316 2454 ἐκεῖνο
3361 2401 3417 2454 δὲ
3449 2403 3632 2472 δῆλον,
3665 2404 3746 2467 ὡς

2164 2487 2328 2542 ῶκνει
2360 2488 2640 2543 κάνταῦθα
2673 2491 2799 2554 τοὺς
2823 2491 3084 2555 Λατίνους
3109 2491 3362 2562 δχλῆσαι,
3391 2493 3484 2546 καί
3517 2512 3570 2547 τι
3608 2495 3744 2548 σκύ-

2164 2581 2262 2634 λαν
2291 2582 2677 2652 ἀπασχολῆσαι
2723 2581 2820 2637 τοῦ
2871 2584 2996 2638 καθ’
3023 2585 3182 2654 ἡμῶν
3229 2585 3493 2656 πολέμου,
3524 2587 3600 2647 ὡς
3650 2583 3745 2640 οἷα

2164 2670 2306 2740 τάχα
2335 2687 2438 2724 που
2469 2671 2660 2735 δεδιὼς
2689 2672 2764 2743 μὴ
2798 2674 2894 2728 καὶ
2921 2673 3344 2740 ἐπικαλέσωσιν,
3376 2675 3452 2739 ὡς
3479 2676 3547 2729 δι’
3575 2677 3743 2731 αὐτὸν

2163 2761 2412 2816 δίπαλτοι
2462 2762 2524 2816 τὺ
2583 2763 2895 2834 Ῥωμαϊκὸν
2950 2765 3137 2828 αὐτοῖς
3187 2767 3526 2836 ἐπετέθησαν
3572 2771 3745 2840 στρά-

2163 2871 2364 2925 τευμα.
2396 2854 2507 2910 Καὶ
2533 2853 2742 2926 ἔπασχε
2777 2855 2877 2925 μὲν
2912 2856 3212 2925 τηνικαῦτα
3253 2859 3508 2928 μυκτῆρα
3535 2860 3599 2912 ὲκ
3630 2861 3744 2930 τῶν

475 2945 864 3002 vacillantibus
918 2943 1194 3015 profuisse
1236 2941 1304 2997 ad
1353 2942 1596 2996 animum
1657 2939 2056 3005 resumendum,

2166 2945 2464 3013 γυναικῶν,
2495 2947 2577 2999 ὅτι
2609 2946 2857 3000 καθελὼν
2898 2947 3113 3012 ἐκείνας
3143 2947 3238 3002 τοῦ
3270 2950 3383 3004 ἀνω
3419 2951 3540 3004 ἐκεῖ
3584 2952 3747 3006 ἐστάο

479 3053 602 3092 cum
657 3038 911 3094 Barbaris
980 3047 1094 3094 tum
1159 3034 1416 3093 Graecis?
1455 3031 1571 3089 Hoc
1621 3041 1802 3088 autem
1862 3031 2056 3087 malum

2165 3041 2279 3099 ναι,
2319 3037 2486 3100 αὐτὸς
2537 3037 2599 3090 οὐ
2634 3037 2776 3091 κατά
2823 3055 2876 3091 τι
2909 3040 3087 3092 αῐσιον
3127 3040 3385 3110 ἀναϐαίη,
3431 3046 3746 3109 γυναικεῖον

478 3145 736 3198 magnum
793 3139 848 3184 et
905 3129 1256 3185 manifestum
1313 3143 1380 3184 ex
1431 3127 1526 3182 illo
1569 3126 1784 3196 experti
1845 3139 2056 3191 sumus,

2167 3128 2332 3181 τόπον
2361 3127 2712 3198 ἀναπληρῶν.
2745 3123 2853 3183 Ἦν
2902 3129 2960 3183 δέ
3015 3130 3164 3201 αὐτῷ
3200 3132 3296 3186 καὶ
3496 3134 3606 3187 τῶν
3642 3151 3747 3201 γυ-

477 3222 690 3277 scilicet
734 3220 1030 3277 didicimus
1073 3235 1138 3276 ex
1192 3220 1330 3290 ipsis
1375 3217 1611 3284 Latinis,
1669 3217 1716 3273 si
1773 3218 1909 3272 hora
1955 3232 2056 3288 qua

2166 3220 2334 3285 ναίων
2382 3218 2573 3288 μῶμος
2608 3218 2740 3272 ὡσεὶ
2787 3219 2968 3274 οὐθέν.
3017 3221 3190 3275 Πόθεν
3245 3223 3354 3292 γὰρ
3406 3220 3518 3294 εἶχε
3579 3227 3747 3294 γνοὺς

467 3312 758 3369 Chumuus
811 3313 868 3368 in
917 3328 1012 3369 eos
1058 3313 1316 3378 irrueret,
1366 3313 1459 3382 qui
1509 3318 1670 3366 erant
1721 3312 1778 3364 in
1832 3309 2056 3364 civitate

2167 3309 2553 3379 ἐννοήσασθαι,
2597 3309 2672 3372 ῶς
2697 3309 2885 3363 πολλοὶ
2915 3313 3208 3380 γυναικῶν
3241 3315 3534 3386 ὀνειδισμοὶ
3571 3318 3747 3386 σφαλ-

470 3407 870 3475 processissent
939 3422 1133 3463 versus
1208 3413 1464 3476 portum,
1511 3417 1705 3458 omnes
1777 3400 2056 3455 machinas

2165 3397 2430 3466 λομένους
2461 3397 2661 3467 ἄνδρας
2711 3398 3071 3472 ἀνώρθωσαν,
3107 3401 3481 3474 βαρϐαρικούς
3535 3423 3596 3460 τε
3646 3408 3746 3460 καὶ

471 3495 751 3550 ablaturos
781 3495 978 3562 fuisse,
1009 3505 1302 3564 castraque
1323 3502 1640 3549 vastaturos
1674 3491 1905 3555 navibus
1932 3503 2056 3545 suc-

2169 3490 2478 3560 ’Έλληνας;
2525 3487 2636 3544 Καὶ
2660 3489 2858 3561 ἔχομεν
2893 3493 2986 3546 καὶ
3019 3492 3223 3564 ταύτην
3257 3495 3460 3566 βλάϐην
3490 3497 3547 3562 ἐξ
3574 3499 3742 3552 αὑτοῦ

470 3587 653 3642 censis
677 3601 799 3655 quae
825 3588 960 3657 ipsis
989 3586 1417 3655 superfuissent.

2174 3581 2420 3650 μεγάλην
2476 3583 2574 3634 καὶ
2649 3581 2927 3652 προφανῆ.
3007 3583 3323 3654 Ἐμάθομεν
3390 3589 3498 3657 γὰρ
3562 3591 3745 3642 αὐτῶν

471 3679 718 3732 Λατίνων
767 3677 1228 3747 ἐξαγγελλόντων,
1256 3677 1354 3743 ὡς,
1383 3677 1542 3748 εἴπερ
1587 3676 1685 3747 τὴν
1718 3671 1869 3744 ῶραν
1897 3671 2136 3742 ἐκείνην,
2169 3673 2292 3726 καθ’
2338 3674 2406 3744 ἢν
2457 3673 2486 3725 ό
2529 3673 2781 3744 Χοῦμνος
2846 3676 3034 3739 αὐτοῖς
3091 3678 3337 3743 ἐπέθετο,
3393 3681 3743 3752 ἐνεπήδησαν

469 3771 519 3822 οί
570 3771 669 3836 τῆς
733 3769 943 3834 πόλεως
986 3771 1114 3840 περὶ
1153 3771 1244 3824 τὸν
1313 3769 1688 3840 ναύσταθμον,
1724 3752 1824 3829 εἶπάς
1862 3783 1922 3819 τε
1982 3764 2233 3835 μηχανὰς
2265 3764 2484 3829 ἁπάσας
2514 3759 2660 3819 εἶλον
2692 3765 2781 3832 ἂν,
2807 3767 2902 3822 καὶ
2931 3766 2994 3820 τδ
3028 3768 3393 3837 στρατόπεδον
3421 3771 3738 3843 ἀπήγαγον.

470 3868 859 3938 ἐμπρήσαντες
886 3865 980 3918 καὶ⁵
1000 3865 1158 3933 νῆας,
1179 3865 1312 3928 ὅσας
1334 3865 1611 3932 ἐξεγένετο
1649 3863 1716 3917 ἂν
1741 3861 1948 3920 αὐτοῖς.
2615 3925 2618 3928 η

542 3962 630 4017 68.
669 3961 774 4016 Sed
821 3962 924 4016 hoc
970 3961 1247 4031 posterius
1293 3960 1611 4032 narrabitur
1658 3975 1687 4012 a
1718 3945 1916 4013 nobis:
1938 3958 2050 4010 Dux

2235 3955 2336 4026 ξη’.
2381 3953 2547 4008 ’Λλλά
2599 3955 2759 4010 τοῦτο
2811 3955 2912 4025 μὲν
2945 3955 3174 4029 ὕστερον
3207 3961 3341 4030 ἡμῖν
3400 3961 3602 4024 ἐπῆλθε
3635 3980 3740 4032 μα·

443 4069 600 4124 vero
627 4062 751 4108 ante
806 4054 990 4108 omnia
1050 4053 1399 4121 exCOgitabat
1453 4061 1513 4106 ut
1574 4052 1691 4121 ipse
1759 4051 2053 4106 incolumis

2161 4049 2293 4105 θεῖν.
2338 4049 2397 4102 ’0
2419 4048 2478 4100 δὲ
2509 4047 2821 4118 στρατηγὸς
2845 4047 2984 4111 τέως
3013 4049 3320 4119 μεθῶδευεν
3355 4051 3640 4116 ἀσκύλτως
3666 4058 3738 4108 τὰ

470 4143 750 4209 evaderet,
810 4143 1229 4212 principatuque
1255 4141 1538 4198 luxuriose
1574 4142 1848 4197 utebatur.
1879 4140 1934 4196 Si
1983 4139 2053 4195 ad

2161 4139 2374 4205 ἑαυτοῦ,
2407 4139 2502 4195 καὶ
2525 4138 2804 4211 ἐνετρύφα
2836 4142 2902 4212 τῇ
2931 4142 3097 4212 ἀρχῇ.
3147 4143 3259 4198 Καὶ
3309 4145 3740 4216 παρακαλούμε-

469 4233 930 4305 operalaboriosa
964 4235 1102 4289 alios
1148 4234 1449 4296 excitabat,
1481 4234 1599 4303 ipse
1637 4235 1798 4305 genio
1841 4243 1894 4287 et
1940 4232 2054 4287 otio

2161 4251 2246 4297 νος
2273 4234 2352 4298 είς
2381 4234 2520 4305 ἔργα
2559 4233 2945 4304 φιλοπονικῶς,
2973 4233 3138 4297 αὐτὸς
3176 4236 3424 4307 ἑώρταζε
3452 4239 3512 4290 τὸ
3559 4238 3729 4311 ἀπορυ

472 4325 780 4394 indulgebat
833 4333 1164 4395 nostrasque
1228 4339 1318 4379 res
1376 4324 1688 4394 negligebat
1741 4324 1811 4379 ob
1861 4322 2049 4377 odium

2161 4323 2448 4396 ῥᾳθυμεῖν,
2473 4325 2568 4377 καὶ
2595 4323 2946 4387 ἀναπίπτειν,
2983 4327 3080 4380 καὶ
3109 4325 3384 4388 ἀνίεσθαι,
3413 4328 3511 4379 καὶ
3563 4343 3739 4382 κατα-

471 4420 525 4473 ἱη
575 4420 981 4488 imperatorem.
1037 4416 1342 4472 Pessimum
1395 4426 1478 4472 est
1523 4417 1763 4486 quidem.
1803 4418 1896 4471 scd
1947 4417 2048 4470 hu-

2161 4417 2447 4488 προΐεσθαι
2475 4417 2546 4469 τὰ
2575 4415 2821 4487 ἡμέτερα
2862 4417 3013 4487 μίσει
3045 4416 3122 4488 τῷ
3145 4417 3288 4471 κατά
3312 4417 3406 4470 τοῦ
3439 4418 3734 4486 βασιλέως,

470 4523 690 4563 manum
725 4516 928 4576 tamen,
962 4507 1244 4578 proprium
1299 4506 1498 4560 malum
1531 4523 1653 4561 cum
1696 4508 1839 4561 bono
1861 4515 2049 4561 nostro

469 4600 748 4655 communi
783 4607 1172 4665 commutasse,
1205 4598 1602 4668 utilitatemque
1648 4598 1820 4653 Siculi
1865 4598 2049 4667 magni

468 4691 813 4748 Constantini
869 4691 1095 4746 utilitati
1154 4690 1560 4761 anteposuisse,
1612 4706 1697 4753 ac,
1745 4700 1804 4746 ut
1850 4691 2050 4760 aliquis

469 4782 707 4846 diceret,
758 4796 859 4854 pro
917 4781 1225 4852 Cbarybdae
1285 4781 1513 4852 scopulo
1570 4781 1735 4837 alium
1795 4783 2044 4852 elegisse.

468 4871 624 4926 Illum
680 4872 844 4943 igitur
869 4873 936 4928 ad
991 4874 1193 4929 bonum
1245 4874 1448 4928 excitat
1491 4874 1770 4943 Augustus
1809 4873 2049 4927 Joannrs

468 4963 868 5029 Maurozomes,
903 4963 1032 5019 dum
1085 4979 1147 5019 ex
1195 4963 1532 5034 Peloponeso
1581 4963 1864 5034 profectus
1922 4978 2049 5018 cum

469 5070 571 5110 suo
632 5055 880 5110 exercitu
951 5055 1025 5110 ibi
1091 5065 1550 5120 commoraretur,
1606 5071 1715 5110 non
1771 5055 2048 5111 commodi

471 5149 650 5203 nostri
679 5162 869 5216 causa,
902 5156 960 5203 ut
982 5148 1133 5203 multi
1164 5148 1607 5216 suspicabantur,
1635 5149 1730 5204 sed
1756 5149 1810 5202 in
1828 5148 2050 5203 demon-

469 5240 809 5305 strationem,
836 5241 1017 5308 rcipsa
1050 5255 1179 5296 vero
1213 5241 1439 5310 cupiens
1471 5256 1566 5312 per
1590 5243 1833 5311 seipsum
1861 5241 2048 5296 videre

467 5348 574 5403 qua
608 5343 758 5402 parte
784 5333 1192 5404 periclitaretur
1224 5334 1314 5404 (de
1345 5335 1455 5388 vita
1483 5335 1621 5404 ipsa,
1651 5335 1800 5405 dico)
1832 5337 1884 5391 in
1917 5351 2045 5406 quo,

470 5432 531 5478 ut
579 5423 720 5479 fama
781 5435 918 5491 erat,
980 5425 1359 5480 Andronicum
1433 5431 1733 5483 metuebat.
1796 5429 2047 5483 Attamen

468 5515 648 5571 bonus
681 5525 798 5570 erat
829 5517 946 5586 ejus
972 5530 1154 5572 sermo
1211 5517 1447 5587 ducique
1489 5519 1860 5589 exprobrabat
1887 5535 2046 5576 suam

469 5607 902 5677 dispositionem.
955 5605 1072 5660 Non
1124 5615 1308 5661 autem
1356 5616 1475 5663 erat
1520 5610 1874 5666 consiliorum
1927 5613 2048 5681 ejus

473 5698 743 5770 particeps
768 5711 867 5755 nec
893 5697 1040 5753 ullus
1064 5693 1228 5763 alius,
1254 5712 1378 5753 nam
1407 5699 1543 5756 illud
1575 5717 1741 5759 unum
1769 5703 1964 5773 agebat
1989 5715 2046 5762 ut

2155 4512 2390 4564 κάκιστα
2443 4509 2561 4576 μὲν,
2596 4507 2950 4577 ἀνθρωπίνως
2984 4507 3031 4560 δ’
3081 4505 3196 4574 οὖν,
3241 4509 3372 4562 ίδίου
3409 4510 3582 4562 κακοῦ
3637 4509 3735 4563 τοῦ

2153 4602 2272 4656 κατ’
2302 4600 2466 4656 αὐτὸν
2508 4600 2569 4652 τὸ
2619 4599 2744 4652 καθ’
2791 4601 2942 4669 ἡμᾶς
2975 4599 3154 4652 κοινὸν
3184 4599 3604 4667 ἀλλαττόμενος,
3635 4604 3735 4658 καὶ

2150 4693 2250 4763 τὴν
2293 4692 2388 4745 τοῦ
2443 4691 2668 4745 Σικελοῦ
2733 4693 2832 4760 τῆς
2880 4692 2975 4744 τοῦ
3020 4691 3262 4762 μεγάλου
3319 4692 3732 4746 Κωνσταντὶνου

2153 4784 2453 4855 προτιθεὶς,
2490 4784 2582 4836 καὶ
2615 4783 2690 4844 ὡς
2737 4783 2806 4837 ἂν
2833 4782 2979 4836 εἴποι
3002 4800 3108 4848 τις,
3139 4783 3232 4836 τοῦ
3265 4782 3408 4836 κατὰ
3452 4783 3734 4854 Χάρυϐδιν

2157 4877 2417 4930 σκοπέλου
2449 4875 2540 4928 τὸν
2567 4876 2756 4944 ἕτερον
2786 4876 3238 4945 ἀνθαιρούμενος.
3272 4877 3383 4929 Καὶ
3431 4875 3593 4945 ὠχλει
3631 4878 3734 4945 μὲν

2151 4971 2312 5024 αὑτὸν
2341 4972 2420 5034 είς
2454 4971 2526 5023 τά
2555 4969 2696 5022 καλὰ
2739 4971 2836 5021 καὶ
2871 4971 2898 5021 ὁ
2927 4967 3200 5032 Σεϐαστὸς
3243 4969 3496 5038 Ἰωάννης
3528 4971 3555 5022 ὁ
3577 4969 3734 5023 Μαυ-

2155 5062 2435 5134 ροζώμης,
2471 5063 2529 5115 ἐν
2560 5061 2639 5134 τῷ
2668 5063 2732 5114 ἐκ
2763 5061 3172 5129 Πελοποννήσου
3219 5060 3541 5114 ἀναϐαίνειν
3589 5062 3731 5130 μετὰ

2154 5152 2384 5224 στρατοῦ
2409 5153 2756 5222 παραμείνας
2779 5152 3033 5216 ἐνταῦθα,
3054 5150 3170 5204 οὔτι
3199 5152 3318 5205 κατ’
3345 5150 3559 5204 εὔνοιαν
3581 5152 3733 5222 μάλα

2151 5247 2258 5298 τῶν
2290 5245 2412 5299 καθ’
2434 5247 2604 5315 ἡμᾶς,
2628 5244 2703 5308 ὼς
2731 5244 2994 5297 ὑπενόουν
3025 5243 3235 5308 πολλοὶ,
3273 5244 3409 5298 ἀλλὰ
3438 5245 3596 5298 τοῦτο
3625 5245 3728 5315 μὲν

2151 5338 2228 5398 εἰς
2265 5336 2558 5406 πρόφασιν,
2588 5335 2724 5406 πρὸς
2753 5335 3010 5404 ἀλήθειαν
3043 5335 3097 5387 δὲ
3135 5335 3284 5406 πόθῳ
3319 5337 3412 5389 καὶ
3445 5336 3608 5400 αὐτὸς
3628 5337 3726 5391 τοῦ

2153 5431 2391 5501 βλέπειν,
2419 5423 2590 5498 οὗπερ
2622 5429 2880 5480 ἐκπεσεῖν
2904 5427 3005 5496 (μή
3044 5445 3094 5477 τι
3129 5427 3183 5478 δὲ
3206 5429 3315 5497 ἄρα
3349 5428 3447 5481 καὶ
3474 5429 3569 5482 τοῦ
3599 5429 3722 5501 ζῇν)

2151 5523 2315 5591 φόϐον
2346 5519 2458 5590 εἶχε
2495 5523 2588 5572 καὶ
2622 5520 2785 5582 αὐτὸς
2818 5520 2882 5571 ἐκ
2912 5520 3007 5570 τοῦ
3056 5520 3426 5589 Ἀνδρονίκου,
3461 5521 3535 5582 ὡς
3564 5519 3727 5588 λόγος

2152 5613 2329 5684 εῤῥεε.
2361 5613 2469 5664 Καὶ
2505 5612 2652 5680 ὅμως
2685 5610 2863 5663 ἐλάλει
2891 5610 3055 5675 καλά,
3097 5613 3190 5664 καὶ
3215 5611 3415 5680 ήλεγχε
3444 5612 3534 5663 τὸν
3567 5629 3730 5683 στρα-

2154 5705 2342 5770 τηγὸν,
2382 5705 2526 5769 ὅπως
2550 5704 2617 5758 ἂν
2646 5705 2742 5760 καὶ
2773 5704 3026 5759 διέκειτο.
3071 5703 3129 5758 ’0
3173 5704 3230 5758 δὲ
3260 5704 3370 5758 οὐδ’
3403 5705 3569 5760 αὐτοῦ
3605 5705 3729 5759 ἐπί-
