4084 6442
461 398 535 462 83

1175 399 1601 460 EUSTATIIII
1645 395 2400 456 THESSALONICENSIS
2437 389 3007 454 ΜΕΤΒΟΡΟΙΛΤίΕ

3659 393 3733 458 84

464 519 651 573 d'.cere
682 521 976 586 potuerunt
1006 531 1019 568 :
1057 514 1310 571 Mulieres
1341 525 1540 570 nostrze
1567 515 1668 570 viri
1699 513 1858 570 facta:
1885 521 2040 580 sunt,

2164 513 2232 580 ;φ’
2259 506 2341 575 οἷς
2367 511 2574 573 ἰκεῖνος
2609 510 2899 580 ἁφραίνων
2923 504 3014 580 ἦν,
3061 507 3284 577 ἐφύσων
3315 509 3395 572 είς
3446 508 3736 580 μεγαλειό-

464 610 567 663 virl
607 623 738 664 vero
771 607 1045 664 David-ica?
1067 617 1361 663 evaserunt
1385 609 1663 662 mulieres.
1693 606 1834 672 Quid
1858 607 2045 661 enim?

465 703 806 757 Constitutio
858 702 1036 756 civilis
1093 701 1244 757 urbis
1279 701 1541 756 aerumnis
1595 701 1698 756 fide
1743 700 2045 768 majoribus

467 802 658 848 vexata
693 801 814 857 est;
867 804 1058 846 caetera
1105 808 1238 847 vero
1273 808 1401 862 pars
1449 793 1646 847 ducem
1699 793 2042 858 imitabatur,

466 890 742 943 contenta,
785 880 1085 934 dummodo
1118 879 1306 935 videre
1347 888 1402 934 et
1437 880 1632 933 audire
1677 888 1888 948 posset.
1934 875 2047 933 Nec

466 976 648 1020 tamen
687 981 883 1021 manus
917 966 1034 1034 ejus
1063 967 1258 1022 otiosa:
1299 975 1477 1022 erant.
1517 965 1856 1035 Reputantes
1898 967 2043 1021 enim

466 1073 652 1112 secum
685 1059 828 1127 quod
867 1059 933 1114 iis
964 1075 1246 1129 nunquam
1284 1059 1475 1114 liceret
1523 1059 1672 1113 viros
1706 1058 2045 1127 sanguineos

469 1151 605 1215 fieri,
643 1151 1022 1208 transformari
1065 1163 1217 1220 sunt,
1266 1153 1703 1223 profunditatem
1759 1151 2029 1220 apostoli-

467 1257 583 1296 cum
615 1244 987 1312 recondendo,
1013 1254 1069 1298 et
1108 1243 1274 1301 rebus
1306 1243 1563 1299 humanis
1599 1258 1660 1298 se
1693 1241 2046 1298 circumscri-

468 1334 668 1390 bendo.

539 1559 632 1612 7‘2.
673 1557 757 1612 Ab
785 1558 856 1614 iis
881 1573 1048 1629 porro
1080 1562 1266 1617 hostes
1319 1575 1427 1616 non
1487 1561 1844 1616 mediocriter
1881 1575 2050 1616 vexa-

466 1650 672 1704 bantur
697 1667 711 1714 ;
741 1665 854 1720 quo
891 1660 1140 1722 tempore
1182 1653 1495 1709 obsidionis
1551 1654 1798 1718 cognito.
1863 1653 2051 1708 hostes

465 1740 1020 1798 liisseassociarunt.
1063 1743 1224 1800 Cives
1261 1758 1498 1816 pugnam
1541 1745 1859 1801 continuam
1897 1758 2054 1799 exer-

467 1830 687 1898 cebant,
749 1847 854 1889 nec
921 1833 1157 1889 interdiu
1223 1848 1326 1890 nec
1399 1843 1564 1890 noctu
1639 1841 1922 1890 cessantes
1985 1835 2053 1890 ab

469 1937 672 1990 opere,
710 1931 826 1978 tota
876 1923 967 1978 die
1026 1925 1331 1991 certabant,
1381 1935 1595 1982 noctem
1662 1940 1794 1980 vero
1859 1934 2050 1982 custo-

459 2013 634 2067 dibus
666 2012 951 2083 dispositis
973 2016 1175 2086 vigiliis
1202 2017 1444 2084 dabant;
1477 2017 1624 2088 quod
1667 2017 1786 2072 urbi
1817 2029 1924 2070 non
1956 2031 2052 2086 pa-

473 2120 590 2159 rum
623 2105 810 2160 damni
844 2107 1048 2162 attulit.
1078 2107 1214 2163 Cum
1267 2109 1416 2163 enim
1474 2123 1573 2178 per
1617 2123 1782 2162 omne
1835 2115 2052 2175 tempus

471 2196 754 2253 laboribus
784 2198 1092 2256 obsidionis
1122 2202 1321 2256 intenti
1372 2207 1586 2265 essent,
1628 2208 1911 2269 postremo
1952 2212 2054 2252 ex-

469 2286 702 2353 tenuati,
735 2302 966 2358 corpore
1000 2297 1050 2344 et
1083 2290 1264 2344 anima
1295 2289 1565 2345 debilitati
1591 2297 1742 2355 sunt,
1776 2287 2050 2358 siquidem

473 2392 569 2445 per
587 2385 757 2432 totam
777 2395 894 2434 eam
925 2390 1164 2448 noctem,
1188 2389 1310 2451 post
1335 2398 1498 2452 quam
1521 2385 1603 2438 sol
1630 2380 1817 2437 infelix
1847 2378 2052 2446 illuxit,

471 2483 668 2525 murus
712 2470 1002 2527 orientalis
1048 2473 1379 2528 custodibus
1431 2473 1679 2534 carebat,
1741 2471 1905 2540 idque
1939 2485 2052 2526 non

473 2561 651 2617 solum
684 2562 755 2616 ob
801 2563 1044 2617 membra
1094 2565 1373 2618 laboribus
1427 2563 1716 2624 exhausta,
1770 2561 1864 2616 sed
1907 2562 2053 2630 quod

473 2665 665 2706 omnes
699 2653 1124 2722 praesagiebant,
1157 2654 1350 2707 urbem
1388 2651 1657 2722 postridie
1702 2659 1924 2721 captum
1951 2649 2054 2716 iri;

473 2740 543 2796 de
571 2756 678 2810 quo
715 2756 877 2797 nemo
899 2743 1011 2812 jam
1045 2743 1349 2809 dubitabat,
1383 2758 1508 2798 cum
1532 2757 1724 2798 omnes
1756 2740 1926 2796 fatum
1953 2739 2054 2796 du-

477 2834 559 2889 cis
591 2835 646 2888 in
678 2849 844 2888 manu
881 2835 1240 2890 inexorabilis
1281 2835 1512 2889 Clothus
1557 2833 1794 2902 pendere
1849 2847 2054 2904 cogno-

477 2923 715 2988 vissent,
752 2931 807 2978 et
835 2938 960 2977 cum
997 2924 1182 2978 hostes
1224 2922 1330 2992 ipsi
1360 2921 1705 2991 praecedente
1735 2921 1823 2975 die
1843 2926 2056 2974 stento-

475 3028 570 3066 rea
594 3005 731 3068 voce
756 3015 1164 3070 exclamassent
1197 3021 1520 3083 sequentem
1553 3011 1698 3066 diem
1726 3010 1886 3065 nobis
1912 3007 2058 3063 calao

476 3107 732 3160 mitosam
757 3105 873 3161 fore
905 3122 1012 3160 non
1037 3107 1154 3162 sine
1180 3107 1524 3176 proditionis,
1547 3114 1704 3175 puto.
1729 3099 2054 3174 suspicione

2145 602 2333 673 τητα),
2379 603 2454 664 ὡς
2483 602 2550 654 Αἱ
2607 601 2708 670 μὲν
2759 603 3020 668 γυναῖκες
3057 601 3192 669 ἡμῖν
3231 600 3422 670 ἄνδρες
3459 600 3733 668 ἐγένοντο,

2147 697 2403 763 γυναῖκες
2454 692 2514 746 δὲ
2567 692 2618 745 οι
2671 692 2863 762 ἄνδρες
2894 692 2943 744 oi
2993 689 3382 756 δαυῖδίξοντες.
3429 691 3495 744 Τί
3524 692 3623 757 δέ;
3657 693 3737 745 Τὸ

2151 786 2249 852 μὲν
2278 783 2469 838 λαῖκὸν
2509 783 2769 853 σύστημα
2800 785 2902 849 τῆς
2936 783 3151 846 πόλεως
3197 782 3343 836 οὕτω
3396 782 3736 854 πονούμενον

2145 869 2237 946 ἦν.
2267 876 2362 929 ual.
2393 875 2535 947 ὑπὲρ
2589 876 2619 930 ὅ
2669 876 2906 944 πεφύκει
2935 892 2949 907 ’
2981 875 3041 928 τὸ
3068 875 3124 929 δὲ
3162 875 3261 944 τῆς
3293 874 3486 944 λοιπῆς
3519 874 3739 946 μερίδος

2149 971 2404 1040 ἐμιμεῖτο
2439 971 2531 1024 τὸν
2555 970 2886 1044 στρατηγὸν,
2921 971 3017 1024 καὶ
3044 967 3137 1023 τοῦ
3169 968 3393 1022 ἀκούειν
3419 969 3583 1038 μόνου
3618 968 3738 1036 ἐγί-

2151 1079 2274 1115 νετο
2304 1061 2401 1115 καὶ
2438 1063 2595 1132 ὀρᾷν.
2648 1061 2861 1116 οὔκουν
2890 1061 3003 1114 οὐδ’
3031 1059 3165 1114 αὐτὸ
3209 1060 3450 1128 ἀεργους
3487 1056 3607 1129 εἶχε
3632 1060 3739 1124 τὰς

2150 1152 2338 1221 χεῖρας
2358 1167 2372 1182 ⁸
2418 1149 2536 1204 ἀλλ’
2562 1145 2677 1204 οἷον
2701 1149 3084 1219 ὲκλαθόμενον,
3120 1148 3196 1210 ὡς
3227 1146 3346 1199 ούδέ
3379 1162 3514 1197 ποτε
3547 1145 3740 1208 αὐτοῖς

2147 1243 2361 1309 ἔξεστιν
2391 1243 2657 1313 ἀνδράσιν
2678 1242 2926 1312 αἱμάτων
2949 1237 3112 1303 εῖναι,
3147 1237 3581 1310 μετεχρώζοντο,
3615 1238 3741 1291 ἑπι-

2147 1336 2491 1406 κρύπτοντες
2525 1336 2626 1405 μὲν
2643 1336 2708 1388 τδ
2732 1335 2872 1405 βαθὺ
2901 1332 3285 1397 ἀποστολικδν,
3311 1329 3742 1395 ἐπιπολάζοντες

2151 1428 2209 1480 δὲ
2235 1427 2300 1480 τὺ
2333 1428 2764 1498 κοσμικώτερον.

2224 1555 2323 1628 οβ’.
2360 1557 2470 1611 Καὶ
2504 1553 2645 1627 ἦσαν
2680 1558 2774 1611 καὶ
2802 1558 2862 1624 ἐξ
2916 1559 3100 1613 αὐτῶν
3129 1557 3383 1627 ὀχλήσεις
3436 1558 3547 1617 τοῖς
3576 1555 3739 1607 πολει-

2160 1649 2308 1716 μίοις
2343 1649 2445 1702 ούκ
2474 1650 2744 1716 ἀγεννεῖς·
2779 1651 2808 1704 ὅ
2840 1651 3008 1704 ποθεν
3035 1651 3258 1718 γνόντες
3301 1652 3506 1704 ἐκεῖνοι
3545 1650 3742 1712 κακῶς

2155 1743 2218 1794 ὲν
2252 1743 2318 1812 τῇ
2353 1743 2579 1808 ἁλώσει,
2629 1744 2725 1797 καὶ
2757 1746 2872 1806 τοῖς
2903 1746 3169 1807 τοιούτοις
3203 1743 3573 1814 προσήγοντο.
3607 1741 3744 1795 Τοιο

2157 1834 2330 1904 αύτην
2358 1834 2641 1889 συντονίαν
2669 1835 2848 1905 μάχης
2874 1835 2926 1888 οἱ
2951 1834 3052 1902 τῆς
3075 1834 3282 1896 πόλεως
3309 1835 3605 1905 ἣρμοττον,
3627 1833 3744 1886 οὐδ’

2156 1926 2372 1995 ἡμέρας
2417 1926 2867 1995 διακοπτόμενοι,
2901 1925 3028 1980 οὔτε
3085 1926 3282 1990 νυκτὸς
3314 1926 3744 1988 ἀναπίπτοντες.

2171 2017 2472 2086 Ἐμάχοντο
2499 2017 2598 2086 μὲν
2630 2017 2739 2088 γὰρ
2765 2018 3104 2088 πανημέριοι
3124 2033 3139 2048 ο
3175 2016 3465 2086 παννύχιοι
3493 2017 3552 2070 δὲ
3595 2012 3748 2087 ἦσαν

2157 2109 2216 2159 ὲν
2243 2105 2599 2177 ὲγρηγόρσει,
2626 2107 2879 2174 φυλακὰς
2908 2106 3146 2177 ἔχοντες.
3185 2107 3252 2161 ⁸0
3283 2108 3380 2160 καὶ
3407 2105 3611 2176 ἔϐλαψε
3640 2107 3749 2173 τὴν

2162 2197 2319 2250 πόλιν
2350 2197 2452 2267 οὐχ
2502 2198 2730 2268 ἦκιστα.
2784 2199 2849 2252 Ol.
2894 2200 3004 2268 γὰρ
3035 2197 3192 2251 αὐτοὶ
3226 2197 3616 2263 ἀνεξάλλακτοι
3649 2196 3748 2250 τὸν

2157 2289 2281 2342 ὅλον
2320 2288 2520 2357 καιρὸν
2549 2289 2652 2358 τῆς
2680 2287 3006 2357 πολιορκίας
3062 2287 3389 2357 πονούμενοι
3417 2287 3572 2351 τέλος
3605 2286 3751 2341 ἀπέ-

2158 2396 2360 2448 καμον,
2403 2380 2723 2451 παρειμένοι
2751 2379 2936 2433 καὶτὰ
2957 2378 3126 2448 νεῦρα
3153 2381 3252 2434 καὶ
3272 2381 3371 2442 τὰς
3399 2379 3602 2450 ψυχάς.
3629 2379 3752 2433 Καὶ

2155 2471 2260 2541 τὴν
2300 2472 2625 2526 τελευταίαν
2663 2472 2795 2541 ὅλην
2842 2472 3033 2537 νύκτα,
3077 2472 3203 2542 μεθ’
3253 2472 3320 2543 ἣν
3363 2474 3494 2542 ἡμῖν
3531 2472 3560 2524 ό
3589 2472 3753 2542 ἥλιος

2159 2561 2438 2632 δυστυχῶς
2469 2561 2739 2632 ἔλαμψεν,
2771 2565 2873 2616 οὐκ
2923 2558 3038 2631 εἷχε
3085 2563 3148 2616 τὸ
3193 2563 3328 2633 ἑῷον
3384 2565 3564 2632 τεῖχος
3615 2563 3753 2625 τοὺς

2162 2651 2460 2722 φυλάσσειν
2497 2652 2807 2718 ἐθέλοντας,
2834 2653 2933 2708 καὶ
2961 2655 3024 2708 ού
3058 2655 3221 2724 μόνον
3254 2654 3343 2708 διὰ
3383 2655 3486 2722 τὴν
3535 2656 3600 2707 ἐκ
3639 2669 3750 2706 κα-

2163 2749 2336 2816 μάτου
2366 2749 2624 2820 πάρεσιν,
2656 2750 2797 2804 ἀλλὰ
2825 2753 2920 2805 καὶ
2949 2750 3085 2804 διότι
3109 2750 3381 2820 πρόληψις
3408 2750 3509 2821 ἢδη
3541 2749 3752 2804 ἅπασιν

2162 2833 2463 2901 ἐνεγένετο,
2497 2837 2553 2900 ἐς
2576 2835 2772 2906 αὔριον
2808 2837 2910 2907 τὴν
2941 2837 3099 2891 πόλιν
3131 2837 3465 2892 ἁλώσεσθαι.
3520 2839 3630 2890 Kal
3668 2838 3752 2902 ὡς

2161 2917 2252 2974 οἷα
2286 2925 2381 2978 καὶ
2422 2926 2504 2987 είς
2573 2925 2761 2996 κοινὴν
2808 2923 2943 2998 ἦλθε
2977 2928 3138 2981 τοῦτο
3184 2927 3421 2991 ἔννοιαν,
3459 2927 3557 2996 ὀψέ
3611 2943 3749 2980 ποτε

2165 3014 2427 3068 ἁπάντων
2490 3016 2888 3082 ιπεγνωκότων
2941 3017 3033 3070 τὸν
3083 3017 3279 3087 εἱρμὸν
3320 3018 3419 3086 τῆς
3461 3017 3606 3070 κατὰ
3653 3017 3752 3069 τὸν

2165 3103 2469 3172 στρατηγὸν
2523 3104 2765 3174 ἀτρόπου
2820 3105 3106 3173 Κλωθοῦς,
3159 3107 3255 3162 καὶ
3303 3105 3485 3160 αὐτῶν
3541 3107 3598 3160 δὲ
3634 3107 3750 3160 τῶν

477 3196 712 3252 fortasse
767 3199 1076 3267 gentilium.
1115 3198 1342 3253 Latinus
1377 3197 1600 3267 quidam
1632 3195 1789 3261 dixit,
1813 3209 1877 3249 ex
1910 3192 2050 3248 turri

2167 3192 2446 3262 πολεμίων
2479 3195 2579 3263 τὴν
2627 3198 3055 3266 προηγουμένην
3099 3200 3322 3270 ἡμέραν
3378 3198 3749 3253 ἀνασοώντων

479 3304 648 3358 prope
671 3289 986 3358 Burgeios,
1037 3289 1359 3344 mandatum
1397 3305 1522 3344 esse
1575 3287 1809 3343 missum
1860 3282 1929 3338 ad
1955 3297 2055 3339 eos

477 3381 569 3446 qui
621 3388 776 3434 extra
832 3381 1026 3436 urbem
1083 3389 1241 3435 erant
1274 3390 1330 3436 et
1395 3380 1666 3433 monitum
1707 3376 1772 3430 ad
1800 3389 1898 3431 eos
1961 3375 2057 3444 qui

479 3473 644 3534 intra,
674 3481 729 3524 et
777 3471 940 3526 nobis
969 3471 1132 3527 fidem
1181 3469 1336 3525 facit.
1385 3474 1538 3524 Inter
1594 3467 1736 3520 mnri
1797 3464 2060 3520 custodes

479 3564 648 3630 aliqui
681 3563 994 3631 fuereadeo
1028 3563 1309 3626 scelerati,
1343 3562 1542 3616 fratres
1575 3558 1957 3612 adolescentes
1990 3569 2060 3609 ex

472 3655 838 3720 blionabitis,
886 3655 1200 3723 viperarum
1259 3653 1555 3722 progenies
1622 3648 1761 3702 huic
1820 3644 1965 3708 urbi,
2001 3645 2058 3699 in

479 3753 763 3800 mortuento
775 3746 1200 3815 expugnationis
1218 3760 1340 3799 eam
1357 3742 1718 3804 devorabam,
1739 3739 2059 3806 strictisque

477 3836 695 3906 gladiis,
728 3839 989 3892 omnibus
1033 3837 1171 3902 noti,
1209 3837 1327 3890 vias
1371 3831 1770 3903 pel-currebant
1807 3830 1859 3883 in
1897 3829 2056 3883 testi-

479 3931 726 3984 monium
760 3929 907 3999 quod
933 3930 1043 3999 jam
1071 3927 1480 3998 priusinsidias
1505 3922 1862 3978 strinxissent.
1889 3919 2059 3989 Equi-

481 4024 606 4077 dem
665 4023 853 4080 nullus
881 4022 1076 4077 dubito
1095 4023 1233 4092 quin
1269 4017 1572 4089 aliquando
1619 4017 1845 4084 dignam
1899 4009 2060 4064 factis

480 4126 698 4181 pronam
727 4115 910 4168 daturi
943 4114 1073 4168 sint.

2163 3283 2507 3354 Στεντόρειον
2542 3287 2600 3337 ὲν
2653 3287 2731 3354 τῷ
2789 3288 2982 3357 μαθεῖν
3034 3291 3156 3361 (οὐκ
3209 3287 3304 3345 οἶδ’
3341 3291 3486 3360 ὅθεν)
3553 3294 3651 3362 τὴν
3687 3295 3752 3356 ἐς

2161 3376 2337 3426 νέωτα
2361 3375 2486 3428 καθ’
2519 3378 2670 3444 ἡμᾶς
2695 3379 2902 3450 βλάϐην
2928 3398 2943 3415 ο
2972 3382 3191 3450 λέγεται
3221 3383 3288 3448 δ’,
3331 3385 3414 3438 ὅτι
3450 3385 3514 3438 ὲκ
3549 3374 3752 3455 προδοέ

2162 3466 2284 3528 σίας
2333 3471 2516 3529 τινόςο
2575 3470 2674 3523 οὐκ
2707 3471 2822 3525 οἶδα
2851 3474 2954 3542 μὲν
3020 3474 3287 3545 ἀκριόὦς,
3331 3478 3380 3529 εί
3430 3476 3522 3528 καὶ
3555 3475 3751 3545 ἄλλης,

2165 3556 2392 3626 sema;
2421 3559 2478 3610 δὲ
2506 3563 2594 3612 καὶ
2634 3563 2895 3631 μάλιστα.
2933 3567 3044 3618 Kal.
3077 3570 3104 3619 ὁ
3147 3566 3248 3636 μὲν
3280 3567 3452 3621 εἰπὼν
3491 3570 3744 3634 Λατῖνος,

2165 3649 2241 3711 ὡς
2270 3650 2334 3702 ὲκ
2383 3653 2477 3704 τοῦ
2507 3655 2648 3707 κατὰ
2676 3657 2802 3718 τοὺς
2867 3656 3221 3727 βουργεσίους
3283 3658 3497 3729 πύργου
3531 3658 3748 3729 θέλημα

2165 3738 2424 3807 ἐπέμφθη
2457 3743 2568 3804 τοῖς
2601 3741 2707 3806 ἔξω
2741 3746 2886 3798 κατὰ
2916 3745 3024 3799 τῶν
3055 3747 3154 3817 τῆς
3185 3747 3413 3812 πόλεως,
3451 3748 3546 3800 καὶ⁵
3575 3765 3752 3800 κατα-

2168 3831 2398 3898 μήνυμα
2435 3831 2546 3882 τῶν
2579 3833 2750 3898 ὲντὸς,
2789 3835 2889 3888 οὐκ
2931 3836 3000 3890 ἂν
3034 3836 3319 3890 ἀπιστοῖτο
3345 3839 3479 3909 ἡμῖν
3519 3854 3753 3907 τεκμαι-

2169 3920 2439 3990 ρομένοις,
2489 3924 2547 3990 ἐξ
2580 3917 2654 3978 ὧν
2705 3927 3092 3998 ἡκρισὼμεθα.
3137 3930 3386 3984 Τοιοῦτοι
3441 3932 3550 4001 γάρ
3601 3949 3750 3996 τινες

2168 4014 2597 4082 πυργοφύλακες
2623 4019 2958 4088 ἐπίτριπτοι,
3004 4023 3213 4076 νεανίαι
3249 4023 3471 4092 ἀδελφοὶ
3511 4025 3578 4077 ὲκ
3613 4023 3754 4078 Χον-

2169 4103 2430 4164 ναειτῶν,
2469 4105 2674 4177 ἔχιδναι
2709 4113 2972 4181 γεννηταὶ
2996 4115 3063 4184 τῇ
3097 4114 3251 4166 πόλει
3279 4115 3473 4185 ταύτῃ,
3501 4114 3622 4168 κατ’
3652 4114 3754 4167 αύ-

476 4207 580 4274 τὴν
623 4207 720 4276 τὴν
763 4207 865 4276 τῆς
919 4207 1178 4268 ἁλώσεως
1223 4205 1374 4274 ὥραν
1420 4202 1712 4272 κατήσθιον
1747 4199 1940 4267 αὐτὴν,
1981 4196 2078 4247 καὶ
2137 4196 2296 4249 αὐτοὶ
2369 4197 2496 4270 ξίφη
2549 4202 2960 4271 γυμνώσαντες,
3011 4209 3106 4260 καὶ
3155 4208 3587 4279 κατατρέχοντες
3647 4208 3752 4272 τὰς

480 4301 760 4372 ἁμφόδους
790 4307 1023 4369 γνωστοὶ
1082 4305 1196 4365 τοῖς
1230 4302 1510 4371 βλέπουσι,
1551 4300 1734 4352 πίστιν
1771 4293 1910 4348 οὕτω
1961 4291 2219 4358 διδόντες,
2252 4294 2348 4347 καὶ
2410 4299 2601 4366 πρώην
2637 4299 2915 4354 ἐπίϐουλοι
2969 4299 3137 4358 εἶναι.
3168 4305 3282 4358 Kal.
3337 4304 3440 4358 οὐκ
3468 4304 3752 4366 ἐσθ’ὅπως

487 4397 550 4449 ού
587 4395 1034 4467 μετελεύσεταιὴ
1067 4396 1191 4464 δίκη
1223 4395 1446 4457 αὐτούς.

555 4533 642 4588 73.
685 4534 777 4589 Sic
804 4543 997 4589 noster
1025 4533 1248 4604 quidem
1281 4531 1508 4586 Latinus
1549 4531 1836 4584 veritatem
1873 4527 2057 4597 sequi-

2241 4520 2342 4590 ογ’.
2375 4525 2484 4578 Kal
2513 4527 2541 4578 ὁ
2573 4529 2672 4595 μὲν
2719 4530 2959 4595 τοιοῦτος
2987 4533 3215 4597 Λατῖνος
3264 4528 3368 4588 ὧδε
3428 4540 3752 4606 συγκροτεῖ-
3778 4546 3784 4552 ”

483 4636 596 4689 tnr,
635 4626 798 4680 homo
847 4640 949 4680 nec
995 4626 1046 4678 in
1083 4625 1298 4678 czeteris
1348 4623 1414 4677 ad
1447 4621 1823 4676 mentiendum
1875 4628 2058 4689 aptus.

482 4715 790 4773 Abudimns
833 4701 1014 4772 autem
1052 4715 1269 4769 Slanuel
1303 4730 1414 4770 rem
1441 4714 1801 4784 piscatoriam
1836 4726 2063 4773 curans,

480 4821 652 4860 senex
682 4808 894 4868 viridis.
921 4809 1054 4862 olim
1091 4823 1353 4862 manuum
1377 4807 1708 4862 strenuitate
1741 4815 1926 4868 notus,
1958 4819 2066 4872 qua

487 4900 832 4952 adversarios
858 4899 1237 4967 pet-domabat,
1269 4909 1322 4952 et
1351 4899 1510 4968 cujus
1540 4912 1740 4967 corpus
1775 4896 2063 4949 robustum

490 4991 764 5044 hominem
791 4989 1150 5060 designabat;
1203 4993 1294 5045 hic
1336 4991 1504 5044 homo
1544 4989 1848 5044 declaravit
1895 4985 2068 5039 Thcs-

489 5083 790 5135 salonicnm
840 5097 939 5150 per
1000 5098 1218 5137 omnem
1283 5091 1484 5138 terram
1539 5081 1814 5135 celebrem
1848 5087 2066 5148 captam

489 5192 630 5228 esse.
660 5173 909 5228 Nondum
938 5176 1086 5229 enim
1132 5174 1249 5229 dies
1300 5174 1480 5229 fatalis
1521 5173 1805 5238 illuxerat,
1831 5171 1927 5226 seti
1963 5174 2094 5223 nox‘

493 5267 667 5320 media
700 5274 959 5336 erat,qua
985 5284 1175 5323 murus
1197 5268 1482 5323 orientalis
1517 5267 1763 5320 hostibus
1791 5265 1968 5318 adhuc
1993 5264 2074 5316 in-

491 5375 751 5413 accessos
804 5368 942 5414 erat.
993 5362 1113 5430 Ipse
1165 5369 1344 5414 autem
1381 5369 1736 5429 experrectus
1758 5373 1821 5409 ex
1856 5371 2072 5419 somno,

494 5453 681 5504 relicta
710 5452 871 5505 domo
909 5459 968 5504 ut
1017 5453 1170 5521 operi
1202 5463 1438 5516 vacaret,
1472 5451 1718 5518 quinque
1777 5449 2075 5501 Alamanos

494 5545 711 5613 equites
736 5555 977 5598 armatos
1019 5546 1215 5600 obvios
1262 5543 1548 5598 habuitde
1599 5541 1854 5611 praesenti
1888 5556 2070 5595 rerum

497 5647 645 5691 statn
676 5638 1131 5704 confabulantes;
1172 5655 1312 5708 quos
1356 5655 1478 5692 cum
1513 5635 1863 5707 praztcrgredi
1894 5635 2073 5690 vellet.

499 5731 1071 5797 iiliadvocabantﬂni
1098 5747 1219 5785 Cum
1251 5733 1573 5786 accessisset
1605 5734 1671 5784 ad
1702 5745 1818 5793 eos,
1855 5743 2077 5781 manium

2168 4630 2260 4668 ται
2301 4616 2439 4686 πρὸς
2463 4617 2750 4688 ἀλήθειαν,
2789 4625 2881 4678 καὶ
2911 4623 3086 4686 ἄλλως
3121 4626 3219 4695 οὐχ
3247 4620 3358 4690 οἷός
3393 4643 3452 4679 τε
3505 4625 3586 4679 ὢν
3619 4613 3781 4696 ψεύέ

2171 4708 2391 4762 σασθαι.
2441 4712 2502 4763 Ὀ
2567 4713 2627 4765 δὲ
2677 4714 2996 4785 Ἀϐούδιμος
3049 4717 3326 4788 Μανουὴλ.
3357 4720 3496 4790 ἀνὴρ
3549 4703 3786 4789 ἰχθύων·

2171 4801 2336 4869 τιμῆς
2371 4802 2689 4870 μελόμενος,
2715 4806 2811 4859 νῦν
2844 4807 2945 4874 μὲν
2982 4806 3310 4878 ὠμογέρων,
3346 4811 3516 4863 πάλαι
3540 4811 3594 4864 δέ
3623 4829 3752 4864 ⁴ποτε

2173 4894 2570 4963 περιᾳδόμενος
2607 4899 2784 4965 μέγας
2837 4895 2985 4952 εἶναι
3017 4901 3120 4968 τὴν
3168 4903 3350 4970 χεῖρα,
3386 4904 3478 4954 καὶ
3525 4904 3755 4972 βριαρὸς

2173 4985 2346 5054 αὐτὴν
2370 4993 2726 5056 κατενεγκεῖν
2744 4991 2852 5042 τῶν
2875 4991 3313 5060 ἀνθισταμένων,
3336 4990 3395 5048 οὗ
3420 4998 3585 5048 καὶτὸ
3613 4999 3758 5048 κατὰ

2181 5078 2638 5147 σῶμα-εὐσταλὲς
2671 5081 2752 5135 ἔτι
2791 5087 3094 5154 κατηγορεῖ
3125 5087 3225 5154 τὴν
3259 5087 3474 5156 ῥώμην.
3508 5087 3576 5156 ἢν
3603 5089 3760 5154 λέγε-

2181 5173 2270 5224 ταί
2305 5189 2434 5226 ποτε
2467 5175 2722 5228 πλουτεῖν
2753 5179 2778 5229 ὁ
2809 5177 3119 5247 ἄνθρωπος,
3153 5179 3319 5242 αὐτὸς
3347 5179 3409 5249 δὴ
3441 5181 3756 5250 ἑφανέρωσε

2183 5265 2442 5332 πρόδοτον
2492 5263 2762 5336 εἶναιτὴν
2811 5270 3086 5339 πανταχοῦ
3135 5272 3239 5340 γῆς
3273 5272 3644 5340 περιφόρητον
3681 5271 3759 5338 τῷ

2184 5355 2329 5406 κλέει
2365 5355 2787 5426 Θεσσαλονίκην.
2817 5357 2983 5412 Οὔπω
3013 5363 3122 5428 γὰρ
3146 5361 3461 5429 ἀκραιφνὴς
3491 5361 3676 5428 ἡμέρα
3724 5361 3758 5426 ἡ

2185 5448 2330 5498 κατὰ
2360 5447 2457 5516 τὴν
2500 5449 2721 5510 ἅλωσιν,
2758 5451 2876 5502 ἀλλ’
2927 5451 3008 5503 ἔτι
3042 5453 3136 5517 νὺξ
3168 5453 3479 5522 ἀμφιλύκη,
3517 5451 3641 5502 καθ’
3692 5452 3760 5520 ἢν

2184 5542 2265 5591 ἔτι
2306 5546 2398 5592 καί
2431 5543 2488 5592 τὸ
2525 5542 2659 5608 ἑῷον
2691 5547 2865 5613 τεῖχος
2890 5544 3236 5613 ἀπρόσϐατον
3263 5544 3478 5614 ἐχθροῖς
3652 5544 3764 5597 Kal.

2186 5633 2347 5694 αὐτὸς
2411 5633 2502 5683 τοῦ
2573 5632 2740 5686 ὕπνου
2805 5637 3035 5699 ἀνεθεὶς,
3105 5640 3200 5688 καὶ
3255 5637 3351 5704 τὴν
3382 5635 3560 5687 οὶκίαν
3599 5633 3764 5700 ἀφεὶς

2187 5725 2380 5782 ὀπίσω,
2425 5726 2508 5777 ἵνα
2535 5726 2710 5797 ἔργων
2747 5729 2990 5792 ἅπτοιτο,
3021 5724 3142 5792 εὗρε
3181 5729 3338 5781 πέντε
3374 5727 3573 5788 ἄνδρας
3607 5724 3767 5779 Ἀλα-
