4084 6444
352 367 430 434 85
1171 375 1267 436 DE
1307 375 1883 440 THESSALONICA
1918 381 2204 442 URBEA
2255 384 2566 447 LATINIS
2594 389 2853 454 CAPTA.
2953 445 2958 448 .
3569 402 3640 463 86

309 514 314 518 -
362 484 566 552 μανοῦς
597 483 864 560 ἐνόπλους
902 484 1199 553 ἐφίππους,
1259 487 1396 557 ὁμοῦ
1454 490 1805 554 συνεστῶτας
1860 491 1956 544 καὶ

2061 493 2304 550 dextram
2339 495 2582 554 fataliter
2608 501 2659 556 ei
2687 502 3068 558 abstulerunt.
3107 503 3264 563 Unus
3302 508 3445 562 enim
3479 526 3541 564 ex
3573 514 3640 565 iis

357 574 684 642 ὁμιλοῦντας
706 575 778 629 τὰ
815 576 975 645 σφίσι
998 576 1285 635 δοκοῦντα.
1322 579 1432 633 Kal
1461 580 1490 632 6
1529 579 1632 649 μὲν
1657 580 1945 652 παρῴχετο

356 668 605 730 ἐκείνους
644 667 766 722 ὀδοῦ
803 668 988 740 λόγῳ·
1034 670 1085 723 ot
1112 670 1167 724 δὲ
1202 671 1686 740 προσεκαλέσαντο
1706 687 1721 702 ⁸
1751 673 1846 726 καὶ
1869 673 1947 735 ὡς

2053 585 2236 654 gladio
2259 587 2516 643 districto
2536 605 2656 645 eam
2677 593 2940 661 praecidit.
2962 594 3216 670 Amplius
3241 607 3420 654 autem
3441 616 3642 659 nocere

2055 691 2167 730 non
2205 682 2380 745 potuit
2412 680 2616 734 homini
2651 681 2706 736 in
2745 683 2979 739 celerem
3021 684 3208 754 fugam
3254 703 3538 744 converso.

355 759 628 814 ἐπέλασεν
665 760 856 824 αὐτοῖς
914 763 1060 832 μετὰ
1112 764 1282 818 πολλὰ
1337 764 1406 818 τὰ
1467 767 1526 820 ἐν
1586 767 1761 836 μέσῳ,
1797 767 2092 836 ἀπήγαγον
2149 769 2313 823 αὑτοῦ
2374 770 2474 841 τὴν
2525 771 2706 836 δεξιὰν
2756 775 2916 844 χεῖρα
2973 776 3256 847 δυστυχῶς
3310 780 3391 851 τῷ
3457 781 3634 847 ἀνδρί.

362 852 670 922 Γυμνώσας
734 854 846 923 γὰρ
881 851 966 920 εἷς
1000 857 1225 910 ἐκείνων
1278 855 1456 926 ξίφος,
1516 859 1612 914 καὶ
1665 858 2003 928 καταγαγὼν
2063 861 2348 931 ἀπήραξεν
2377 865 2570 935 αὐτήν.
2599 866 2714 919 Οὐκ
2739 865 2864 937 ἔσχε
2891 867 2946 922 δέ
2978 870 3076 923 καὶ
3106 871 3186 932 είς
3218 871 3382 925 πλέον
3413 872 3637 942 βλάψαι,

357 947 716 1016 πτερωθέντα
745 942 858 1002 οἷον
897 951 980 1012 είς
1012 951 1212 1019 φυγήν.

428 1081 522 1135 οδν,
556 1079 817 1133 Τοιοῦτον
847 1081 942 1134 καὶ
998 1081 1060 1135 τὺ
1089 1080 1184 1134 τοῦ
1231 1081 1607 1151 Ἀλαμανικοῦ
1663 1083 1944 1152 τάγματος

355 1173 707 1244 προδοτικὸν,
742 1168 804 1228 οὗ
831 1173 1132 1244 πρόδρομοι
1158 1174 1258 1244 τὴν
1281 1174 1408 1245 χθὲς
1438 1175 1620 1243 δείλην
1648 1179 1800 1244 τρεῖς
1836 1175 1948 1229 τῶν

354 1265 644 1335 δυσμικῶν
692 1265 881 1318 πυλῶν
936 1267 1038 1335 τῆς
1097 1266 1306 1330 πόλεως
1373 1267 1788 1337 κατεπήδησαν,
1852 1268 1948 1321 καὶ

357 1360 588 1412 πάντων
613 1358 726 1410 τῶν
757 1360 875 1412 ἐκεῖ
910 1356 1223 1426 βλεπόντων
1271 1359 1384 1421 τοῖς
1416 1357 1718 1428 βαρϐάροις
1750 1359 1949 1428 φιλίως

358 1448 687 1518 συνέμιξαν.
732 1448 798 1501 Ἦ
827 1448 887 1502 δὲ
935 1448 1043 1518 πρὸ
1073 1449 1220 1523 δυοῖν
1256 1449 1501 1520 ἡμέραιν
1533 1453 1633 1520 τῆς
1691 1449 1949 1516 ἁλώσεως

365 1542 502 1609 περὶ
535 1540 804 1609 πέμπτην
828 1540 926 1609 τῆς
957 1540 1250 1608 ἑϐδομάδος
1289 1541 1510 1610 βαθείας
1536 1543 1780 1613 ἑσπέρας
1823 1545 1951 1597 ἐπι-

359 1630 567 1696 φάνεια
597 1629 913 1699 Θεοφάνους
944 1629 1043 1682 τοῦ
1091 1630 1360 1700 Προϐατᾶ
1381 1631 1491 1685 ἔσω
1520 1631 1755 1698 πόλεως,
1790 1633 1850 1697 ὃς
1883 1634 1950 1688 ἐκ

353 1721 674 1792 Δυρραχίου
694 1723 1048 1793 συνωμάρτει
1071 1725 1183 1786 τοῖς
1195 1724 1445 1787 Λατίνοις
1462 1724 1662 1792 φίλιος,
1676 1725 1829 1791 τινας
1849 1728 1952 1779 οὐκ

2124 1085 2212 1141 74.
2268 1084 2396 1142 Haec
2446 1086 2550 1140 fuit
2607 1087 3038 1144 Alamannorum
3101 1096 3298 1146 turmae
3353 1093 3639 1163 proditio,

2048 1193 2287 1249 quorum
2343 1194 2716 1248 praecursores
2769 1181 3026 1236 hesterno
3075 1182 3163 1237 die
3234 1194 3345 1240 tres
3391 1201 3420 1240 e
3457 1188 3634 1255 portis

2049 1264 2487 1326 occidentalibus
2525 1271 2852 1327 exsilierant
2883 1282 2937 1327 et
2973 1277 3025 1327 in
3063 1286 3360 1344 conspectu
3391 1279 3641 1332 omnium

2050 1379 2174 1420 cum
2207 1365 2463 1419 Barbaris
2495 1365 2792 1422 amicitiam
2820 1368 3139 1436 junxerunt.
3169 1369 3392 1424 Duobus
3433 1369 3635 1426 diebus

2057 1470 2184 1513 ante
2213 1459 2702 1527 expugnationem,
2753 1460 2947 1528 quinta
2985 1459 3098 1514 fere
3141 1459 3499 1516 hebdomadis
3524 1463 3635 1528 die,

2061 1551 2214 1607 circa
2247 1551 2496 1620 vesperis
2523 1551 2687 1605 tinem
2713 1553 2965 1621 apparuit
2993 1551 3355 1621 TheOpltanes
3387 1555 3642 1610 Probatae

2061 1642 2208 1698 ﬁlius
2245 1642 2391 1696 intra
2431 1643 2648 1709 urbem,
2679 1645 2772 1713 qui
2804 1657 2835 1696 e
2869 1641 3174 1713 Dyrrachio
3212 1643 3438 1700 Latinos
3464 1649 3642 1702 comi-

2059 1741 2207 1789 tatus
2254 1733 2580 1804 proditionis
2617 1750 2676 1790 se
2719 1744 3034 1804 suspectum
3081 1735 3339 1790 reddidit.
3378 1735 3487 1793 Leo
3517 1742 3635 1808 qui-

353 1814 426 1866 ἂν
458 1813 541 1875 είς
565 1812 689 1864 νοῦν
721 1812 1041 1882 προδοτικὸν
1073 1814 1317 1884 ἐναγάγῃ
1354 1813 1626 1882 μαθόντας
1648 1815 1821 1886 αὐτήν
1845 1830 1861 1880 ;
1886 1814 1956 1886 ἣν

2061 1825 2185 1881 dam
2221 1827 2705 1898 Agiocupltemites
2738 1827 2954 1898 equiso,
2991 1841 3059 1881 eo
3091 1828 3338 1897 cognito,
3372 1830 3427 1883 in
3459 1837 3642 1885 mente

359 1906 523 1959 Λέων
550 1922 636 1968 τις
681 1904 866 1958 ἵππων
894 1904 1102 1972 ἀγαθὸς
1139 1905 1400 1976 μελητὴς,
1421 1904 1950 1978 ὀἈγιοευφημίτης.

361 1994 492 2047 ίδὼν
521 1997 614 2048 καὶ
637 1995 1171 2064 περιεργασάμενος,
1209 1996 1306 2049 καὶ
1353 1993 1514 2064 θυμῷ
1548 1995 1650 2066 μὲν
1706 1994 1952 2065 βληθεὶς,

358 2086 480 2139 σῦκ’
501 2086 645 2156 ἔχων
665 2085 734 2149 δ’,
757 2086 786 2138 ὅ
805 2101 859 2138 τι
899 2085 994 2137 καὶ
1023 2085 1297 2154 δράσειεν,
1325 2084 1616 2140 ὡσιώσατο
1643 2085 1864 2156 ἄμυναν
1885 2089 1953 2156 τῇ

360 2179 611 2247 πατρίδι,
642 2176 879 2244 ἐξειπὼν
920 2179 982 2230 τὸ
1015 2178 1188 2232 κακὸν
1218 2181 1332 2242 τοῖς
1371 2178 1446 2248 μὴ
1482 2177 1727 2248 τολμῶσι
1772 2167 1956 2232 λαλεῖν

359 2287 418 2322 τι
467 2270 604 2341 πρὸς
645 2268 738 2320 τὸν
773 2269 872 2321 ἐπὶ
927 2267 1247 2339 δυσπραγία
1313 2271 1463 2338 κοινῇ
1503 2267 1736 2338 φοϐερὸν
1767 2268 1953 2322 Δαυῖδ.

437 2411 533 2459 σε’.
594 2404 759 2457 Ἀλλὰ
818 2404 997 2457 ταῦτα
1057 2404 1156 2477 μὲν
1217 2403 1390 2466 οὕτως
1447 2404 1578 2473 ἡμῖν
1638 2404 1958 2470 ἀναγκαίως

364 2496 830 2566 ἐπεμϐεϐλῆσθαι),
877 2495 910 2565 ἢ
949 2497 1189 2565 μάλιστα
1226 2495 1602 2566 προειλήφθω.
1645 2496 1709 2547 Οἱ
1768 2495 1826 2547 δὲ
1864 2510 1959 2545 πο-

367 2594 556 2661 λέμιοι
610 2590 853 2660 στερεῶς
901 2591 1044 2643 κατὰ
1081 2589 1189 2642 τῶν
1219 2589 1370 2661 ἑῴων
1399 2589 1587 2661 μερῶν
1616 2591 1718 2658 τῆς
1748 2588 1958 2650 πόλεως

368 2683 483 2734 τῶν
516 2682 640 2734 κατ’
685 2680 936 2752 αἰγιαλὸν
967 2681 1071 2744 ἕως
1108 2683 1202 2735 καὶ
1248 2681 1356 2732 τῶν
1387 2682 1532 2734 κατὰ
1571 2679 1695 2741 τοὺς
1727 2678 1958 2747 ἀσωμά-

364 2790 499 2834 τους
536 2772 724 2824 πυλῶν
772 2772 1061 2824 ἐπέκειντο
1082 2787 1100 2802 ο
1127 2771 1224 2825 καὶ
1255 2769 1397 2824 κατὰ
1429 2770 1528 2840 τὴν
1563 2770 1824 2837 πέμπτην
1860 2768 1958 2819 καὶ

363 2865 631 2934 δεκάτην,
670 2863 745 2926 ὡς
777 2863 1165 2932 προέκκειται,
1197 2862 1291 2915 τοῦ
1319 2860 1636 2929 Αὐγούστου
1677 2861 1772 2921 τὰς
1819 2857 1957 2927 νῆας

364 2957 775 3024 λιμενίσαντες,
809 2958 877 3026 τῇ
913 2954 1105 3025 αὔριον
1133 2955 1394 3025 πρωῖθεν,
1434 2948 1509 3008 ὧν
1539 2952 1953 3014 ἐϐουλεύσαντο,

371 3051 608 3119 εῐχοντο,
640 3048 735 3103 καὶ
763 3048 1084 3118 ὀξυχειρίας
1119 3048 1473 3110 ἐπιϐαλόντες
1511 3049 1734 3099 ἐποίουν
1760 3045 1830 3097 τὰ
1857 3040 1956 3096 τοῦ

2063 1918 2285 1987 quidem
2333 1920 2776 1990 permovebatur,
2834 1918 2931 1974 sed
2975 1921 3180 1976 dubius
3226 1921 3358 1990 quid
3408 1919 3639 1988 faceret,

2063 2016 2294 2080 patriam
2331 2012 2613 2067 vindicare
2655 2015 2875 2077 statuit,
2929 2015 3138 2067 malum
3183 2013 3399 2068 minans
3438 2012 3519 2069 eis
3546 2015 3643 2083 qui

2065 2117 2173 2157 non
2201 2104 2318 2157 ausi
2343 2101 2549 2158 fuerint
2582 2101 2733 2172 loqui
2777 2104 2830 2156 in
2866 2102 3125 2159 Davidem
3154 2103 3436 2160 communi
3462 2102 3638 2160 infor-

2067 2195 2224 2248 tunio
2258 2194 2690 2249 formidandum.

2140 2411 2226 2465 75.
2251 2409 2362 2465 Has
2384 2427 2473 2467 res
2506 2427 2604 2466 nos
2627 2413 2846 2482 quidem
2881 2428 2944 2467 eo
2976 2428 3083 2482 quo
3115 2409 3643 2466 accideruntordine

2065 2511 2158 2554 aut
2189 2499 2544 2568 anticipando
2597 2501 2963 2558 narravimus.
3004 2501 3202 2555 llostes
3231 2509 3410 2554 autem
3451 2512 3642 2555 contra

2066 2590 2362 2644 orientales
2402 2591 2553 2645 urbis
2580 2601 2764 2661 partes
2798 2608 2892 2663 per
2947 2592 3103 2646 littus
3138 2608 3314 2662 usque
3339 2592 3407 2646 ad
3453 2605 3642 2663 portas

2065 2681 2392 2751 ἀσωμάτους
2445 2696 2877 2751 processerunt,
2945 2694 3001 2738 et
3055 2685 3248 2754 quinto
3299 2685 3513 2741 decimo
3555 2688 3644 2743 die

2065 2775 2298 2843 Augusti
2321 2789 2485 2829 naves
2526 2776 2578 2828 in
2616 2785 2833 2844 portum
2888 2786 3246 2844 receperunt,
3295 2785 3513 2844 postero
3555 2776 3644 2831 die

2065 2881 2228 2921 mane
2263 2863 2406 2934 quod
2442 2867 2739 2920 voluerunt
2780 2866 3069 2920 obtinuere
3103 2865 3470 2935 celeriterque
3501 2881 3644 2936 Opus

2067 2956 2320 3012 bellicum
2372 2957 2745 3026 perfecerunt.
2784 2956 2883 3019 lbi,
2919 2967 2976 3010 ut
3019 2972 3140 3011 cum
3171 2956 3322 3013 Musa
3379 2957 3644 3014 Herodoti

2066 3047 2280 3118 loquar,
2326 3049 2559 3102 telorum
2609 3063 2671 3101 ac
2716 3048 2958 3117 lapidum
3024 3047 3224 3102 nubem
3277 3048 3462 3105 videre
3501 3057 3641 3117 erat,

370 3143 640 3212 πολέμου.
672 3142 783 3194 Kal
804 3137 872 3214 ἦν
907 3141 1036 3193 ἰδεῖν
1067 3141 1209 3194 κατὰ
1228 3140 1328 3208 τὴν
1367 3138 1710 3209 Ἥροδότειον
1730 3133 1956 3190 Μοῦσαν

2064 3141 2262 3211 quibus
2314 3155 2408 3194 aer
2466 3139 2892 3194 obscurabatur.
2941 3137 3073 3193 Tela
3119 3155 3149 3194 e
3207 3141 3380 3196 muris
3426 3157 3646 3212 quoque

369 3235 513 3302 νέφη
560 3231 733 3301 βελῶν
779 3233 891 3284 τῶν
942 3248 1005 3283 τε
1059 3229 1202 3283 κατὰ
1253 3230 1482 3300 πέτρας,
1533 3228 1646 3281 τῶν
1699 3244 1760 3280 τε
1818 3227 1961 3282 κατὰ

366 3326 610 3389 ὀϊστοὺς,
637 3324 705 3380 δι’
730 3315 805 3376 ὧν
828 3321 939 3392 ἀὴρ
962 3320 1268 3385 ἐσκιάζετο.
1297 3321 1408 3374 Καὶ
1439 3318 1730 3374 ἐϐάλλοντο
1748 3319 1848 3388 μὲν
1866 3319 1961 3371 καὶ

366 3419 422 3468 οἰ
461 3419 527 3468 ἐκ
556 3416 668 3468 τῶν
713 3414 948 3484 τειχέων
981 3415 1100 3483 (καὶ
1146 3413 1264 3475 πῶς
1301 3412 1410 3481 γὰρ
1440 3409 1543 3478 ob;
1595 3412 1708 3478 εἴγε
1746 3408 1901 3474 ξυνὸς
1930 3410 1960 3462 6

381 3513 686 3582 Ἐνυάλιος)
715 3529 729 3544 ο
759 3511 1096 3564 ἐϐλάπτοντο
1149 3510 1205 3562 δέ
1239 3508 1348 3562 τῶν
1383 3508 1482 3577 μὲν
1519 3507 1808 3576 ἡμετέρων
1836 3505 1960 3576 ἥκι-

370 3623 512 3670 στοι,
546 3607 658 3657 τῶν
693 3604 752 3656 δὲ
781 3604 1048 3656 ἐναντίων
1095 3601 1362 3653 πλεῖστοι.
1419 3599 1571 3652 Πάνυ
1604 3600 1715 3666 γὰρ
1743 3597 1959 3662 ὲδεξίω-

370 3717 466 3751 σεν
501 3702 530 3751 6
562 3698 696 3760 Θεὸς
727 3698 786 3749 οὐ
811 3698 939 3758 τοὺς
972 3693 1316 3766 στρατιώτας
1346 3693 1567 3762 μόνους,
1600 3689 1738 3743 ἀλλὰ
1767 3687 1958 3743 καὶτὰ

368 3791 537 3842 λοιπὰ
575 3788 745 3841 τέκνα
764 3788 865 3856 τῆς
898 3786 1135 3852 πόλεως,
1166 3785 1217 3838 οἳ
1247 3786 1340 3837 καὶ
1382 3782 1598 3854 βάλλειν
1625 3781 1755 3844 τοὺς
1801 3779 1958 3832 πολε-

372 3883 534 3950 μίους
568 3880 851 3948 εὐτύχουν,
881 3879 977 3931 καὶ
1004 3878 1086 3940 είς
1117 3877 1292 3946 μῆκος
1324 3876 1381 3929 δέ
1404 3875 1539 3928 πολὺ
1572 3874 1698 3927 ὅσον
1736 3871 1955 3940 ἀφιέναι

366 3975 439 4026 τὰ
471 3973 625 4042 βέλη,
657 3973 731 4033 ὠς
765 3970 1021 4023 ἐντεῦθεν
1053 3969 1179 4030 τοὺς
1211 3967 1443 4038 ἐχθροὺς
1485 3965 1710 4030 τοξότας
1749 3964 1958 4018 ἀναπο-

367 4067 617 4130 δίζοντας
663 4065 922 4134 ἄπρακτα
980 4062 1201 4134 βάλλειν
1249 4059 1376 4114 καθ’
1407 4058 1568 4129 ἡμῶν
1608 4059 1674 4110 ἐκ
1738 4055 1957 4126 μακρᾶς

367 4157 756 4217 ἀποστάσεως.
799 4155 936 4207 Ἀπὸ
961 4152 1092 4222 γοῦν
1127 4153 1228 4222 τῆς
1250 4152 1474 4222 Χρυσῆς
1498 4149 1675 4218 πύλης
1703 4149 1800 4218 τῆς
1833 4147 1962 4216 περὶ

364 4251 582 4320 δυσμὰς
620 4249 892 4318 ἀφιέμενα
919 4247 1051 4318 βέλη
1066 4248 1131 4299 ἐκ
1152 4244 1652 4313 τόξων,ἐφύλασσον
1686 4241 1961 4312 μετέωρον

365 4343 430 4392 τὸ
489 4343 698 4412 πτερὸν
735 4340 840 4402 ἐως
898 4342 992 4393 καὶ
1043 4341 1124 4402 είς
1158 4343 1220 4390 τὸ
1256 4337 1421 4390 καλόν
1453 4351 1586 4387 ποτε
1621 4334 1894 4401 σεμνεῑον,
1931 4330 1959 4382 ὂ

369 4436 666 4504 περιεῖπεν
688 4434 716 4484 6
737 4429 1083 4502 μυροϐλύτης
1113 4431 1285 4500 μέγας
1309 4428 1600 4490 Νικόλαος,
1643 4425 1736 4478 καὶ
1778 4423 1960 4476 ἐνέπι-

366 4539 508 4574 πτον
536 4525 662 4583 ταῖς
683 4521 791 4572 τῶν
823 4520 1117 4590 βαρϐάρων
1145 4521 1394 4590 σκηναῖς.
1425 4517 1534 4570 Kal
1567 4515 1728 4576 εὐθὺς
1753 4515 1958 4566 ἐκεῖναι

2065 3231 2234 3301 (Mars
2290 3231 2435 3284 enim
2495 3229 2831 3298 communis)
2866 3230 2919 3282 in
2957 3245 3086 3296 nos,
3120 3238 3175 3284 ct
3229 3245 3259 3284 a
3322 3231 3531 3287 nostris
3587 3233 3642 3286 in

2064 3339 2252 3379 muros
2287 3323 2743 3394 projiciebantur,
2773 3321 2919 3376 unde
2945 3321 3151 3376 factum
3187 3329 3270 3376 est
3295 3331 3353 3377 ut
3390 3323 3552 3392 pauci
3576 3323 3644 3378 de

2062 3417 2308 3472 nostris.
2355 3428 2419 3470 ex
2463 3414 2716 3469 hostibus
2767 3412 2986 3481 plurimi
3037 3412 3385 3468 laederentur.
3424 3410 3642 3482 Optime

2061 3502 2208 3560 enim
2249 3503 2390 3558 Deus
2415 3517 2524 3558 non
2558 3503 2736 3558 solum
2762 3501 2967 3556 milites
2985 3540 3000 3566 ,
3028 3499 3122 3555 sed
3141 3507 3395 3554 caeteram
3424 3515 3643 3570 quoque

2065 3596 2221 3650 urbis
2266 3596 2610 3664 iuventutem
2664 3594 3142 3658 accommodavit,
3181 3593 3277 3662 qui
3317 3595 3503 3648 hos1es
3557 3595 3642 3647 in-

2066 3687 2314 3742 terﬁcere
2359 3695 2414 3740 et
2464 3686 2572 3740 tela
2614 3703 2644 3741 e
2674 3686 2835 3754 longe
2871 3682 3150 3753 conjicere
3186 3683 3464 3751 valebant,
3499 3693 3556 3738 ut
3589 3685 3644 3738 hi

2068 3779 2536 3850 retrogredientes
2585 3779 2639 3832 in
2675 3793 2779 3834 nos
2814 3793 2879 3832 ex
2928 3792 3125 3847 magna
3168 3776 3431 3834 distantia
3462 3776 3516 3830 in
3548 3792 3644 3831 va-

2067 3887 2195 3927 num
2249 3873 2357 3926 tela
2419 3872 2734 3939 rejicerent.
2777 3869 2908 3926 Tela
2963 3871 3128 3939 igitur
3177 3884 3208 3923 a
3258 3877 3415 3938 porta
3463 3869 3645 3923 Aurea

2065 3962 2392 4018 occidentali
2416 3963 2663 4032 projecta
2701 3961 2958 4018 sublimia
2997 3975 3092 4030 per
3117 3974 3294 4014 aerem
3329 3959 3646 4013 ferebantur

2070 4073 2250 4126 usque
2277 4057 2344 4110 ad
2393 4055 2612 4124 insigne
2641 4053 2771 4108 olim
2807 4053 3070 4122 templum
3107 4050 3197 4104 cui
3239 4057 3472 4120 praeerat
3516 4065 3646 4103 san-

2069 4155 2192 4201 ctus
2216 4145 2496 4210 Nicotaus,
2525 4153 2580 4199 et
2604 4144 2661 4198 in
2685 4144 3052 4198 Barbarorum
3099 4143 3332 4196 tentoria
3353 4141 3640 4207 cadebant,

2069 4253 2188 4308 quae
2229 4237 2521 4294 confestim
2576 4245 2794 4290 mutata
2869 4244 3020 4291 sunt.
3095 4234 3292 4289 Eadem
3347 4241 3532 4289 autem
3587 4233 3642 4286 in

2068 4341 2301 4398 utraque
2359 4341 2512 4399 parte
2548 4339 2842 4384 evaserunt
2891 4329 3033 4382 intra
3089 4336 3334 4398 portum,
3372 4336 3427 4382 et
3475 4341 3643 4380 naves

2067 4423 2206 4478 alias
2240 4421 2615 4492 periclitantes
2678 4423 2901 4478 ancoris
2965 4421 3217 4488 suﬂ‘ultae,
3248 4420 3499 4476 celeriter
3529 4419 3645 4474 sol-

2065 4523 2287 4567 νει-υιιι.

369 4617 726 4688 μεθίσταντο.
760 4615 963 4685 Ὅμοια
986 4615 1046 4668 δέ
1071 4631 1188 4666 τινα
1215 4605 1458 4680 ἐγίνοντο
1479 4612 1572 4664 καὶ
1604 4613 1732 4678 περὶ
1753 4607 1980 4676 θάτερον
2013 4607 2202 4677 μέρος,
2221 4606 2352 4662 ἔνθα
2376 4608 2438 4660 τὸ
2464 4605 2845 4677 ναύλοχον.καὶ
2875 4607 2924 4660 οἱ
2953 4606 3192 4676 πλώϊμοι
3216 4605 3317 4670 τὰς
3336 4602 3644 4675 ἐπηρεαζο-

369 4711 542 4780 μὲνας
574 4709 711 4774 νῆας
743 4707 1209 4777 ἀνακωχεύοντες,
1243 4704 1384 4759 κατὰ
1423 4701 1662 4771 σπουδὴν
1690 4697 2024 4765 ἐξέστελλον.

440 4845 552 4909 (ις’.
589 4845 715 4896 Ὀτι
761 4843 818 4896 δὲ
851 4841 1135 4912 ἐξέτρεχον
1177 4841 1227 4892 οἱ
1259 4839 1544 4908 ἡμέτεροι,
1589 4834 1946 4905 καταπηδῶν-

2125 4832 2218 4885 76.
2263 4830 2461 4888 Videre
2512 4839 2634 4886 erat
2697 4839 2920 4885 nostros
2972 4843 3234 4894 currere,
3281 4837 3572 4898 postquam
3609 4844 3643 4886 e

363 4957 455 5002 τες
489 4940 558 4990 ἐκ
597 4935 709 4987 τῶν
737 4934 985 5003 τειχέων.
1036 4933 1110 4995 ὡς
1142 4932 1242 4984 οὐκ
1285 4930 1353 4984 ἂν
1385 4929 1554 4998 εἰδείη
1602 4929 1631 4980 6
1676 4925 1954 4997 εἰρηνικὸς

366 5028 707 5099 στρατηγὸς,
766 5025 912 5093 ψιλοὶ
951 5025 1132 5078 ὃπλων
1185 5025 1233 5075 οἱ
1292 5021 1498 5085 πολλοὶ,
1560 5021 1651 5072 καὶ
1685 5015 1957 5087 ἠνδραγα-

363 5123 605 5186 θίζοντο,
641 5121 701 5172 ἐν
731 5113 812 5179 οἷς
849 5117 942 5169 καὶ
971 5116 1162 5176 παῖδες
1189 5113 1285 5167 τοῦ
1319 5112 1658 5183 μυροϐλύτου
1694 5110 1843 5164 ἄλλοι
1869 5127 1952 5172 τε,

360 5218 458 5270 καὶ
489 5215 558 5266 ἐκ
584 5214 685 5282 τῆς
713 5210 829 5263 τῶν
853 5209 1075 5278 Σέρϐων
1107 5206 1357 5267 τεθέντες
1396 5205 1546 5270 αύτῷ
1579 5219 1591 5232 ’
1615 5206 1710 5256 καὶ
1738 5203 1819 5254 ὅτι
1855 5218 1952 5253 πε-

358 5306 693 5378 ρεεφρὸνουν
718 5302 848 5364 τοὺς
879 5299 1109 5372 ἐχθρούς
1135 5314 1148 5326 ·
1185 5299 1279 5351 καὶ
1302 5299 1376 5360 ὡς
1404 5298 1461 5363 ἐξ
1491 5297 1672 5351 αὐτῶν
1691 5296 1797 5349 τῶν
1821 5290 1954 5366 βαρ-

355 5399 609 5469 ϐαρικῶν
665 5396 888 5466 σκηνῶν
921 5393 1264 5464 ἁρπάζοντες
1304 5390 1616 5456 ἀπήλαυνον
1668 5388 1783 5451 ζῶα
1813 5403 1827 5418 ⁸
1859 5389 1955 5442 καὶ

351 5491 427 5555 ὡς
461 5491 595 5553 τοὺς
623 5483 1052 5548 ἁντεπεξιόντας
1082 5481 1357 5552 ἠμύνοντο
1384 5485 1692 5544 οιώκοντες,
1727 5478 1951 5548 βάλλον-

348 5599 460 5646 τες,
491 5584 797 5652 ῥίπτοντες
821 5593 837 5608 ο
871 5573 969 5627 xal
993 5573 1138 5634 ὅπως
1165 5570 1413 5624 ἐντεῦθεν
1465 5569 1636 5638 θυμὸς
1684 5570 1776 5623 καὶ
1819 5587 1950 5637 προ-

349 5675 521 5742 θυμία
551 5689 686 5735 τους
738 5663 1086 5737 στρατιώτας
1126 5661 1388 5714 ὑπεδύετο
1438 5663 1691 5725 ἄπλετος,
1727 5661 1802 5722 ὡς
1858 5663 1954 5714 καὶ

337 5766 660 5836 στρατηγὸν
707 5760 1016 5830 βαρύνειν,
1069 5749 1146 5818 οἷς
1192 5754 1395 5822 ὥχλουν
1452 5755 1672 5823 ἀφιέναι
1751 5753 1950 5816 αὐτοὺς

2059 4925 2334 4981 moenibus
2365 4924 2784 4980 descendissent
2831 4924 3021 4992 quales
3055 4923 3165 4977 dux
3197 4921 3459 4992 paciﬁcus
3495 4937 3641 4976 nun-

2059 5034 2225 5089 quam
2264 5017 2419 5082 vidit,
2470 5017 2766 5086 plerosque
2816 5014 3093 5078 inermes;
3130 5014 3326 5068 deinde
3377 5013 3640 5083 praeclare

2060 5112 2332 5176 fecerunt,
2368 5111 2510 5166 inter
2542 5125 2681 5180 quos
2711 5121 2876 5164 etlam
2915 5109 3056 5164 ﬁlios
3092 5108 3266 5172 Beati,
3295 5115 3352 5162 et
3385 5105 3638 5169 Serbios,

2059 5202 2426 5272 despicientes
2447 5204 2674 5269 hostes;
2707 5201 2848 5257 adde
2880 5203 3027 5271 quod
3076 5199 3314 5270 pecudes
3345 5198 3398 5252 in
3440 5196 3638 5251 barba-

2059 5309 2241 5347 rorum
2283 5295 2536 5348 tentoriis
2561 5304 2747 5365 raptas
2775 5294 3155 5354 abducehant,
3204 5299 3257 5346 et
3288 5287 3636 5342 adversarios

2053 5385 2177 5438 telis
2213 5393 2268 5438 et
2301 5385 2504 5453 jaculis
2549 5385 2710 5454 longe
2753 5384 3170 5456 propellebant;
3199 5381 3345 5450 quod
3383 5379 3547 5433 ardor
3583 5387 3638 5432 ct

2056 5476 2223 5528 animi
2276 5478 2535 5530 alacritas
2582 5477 2786 5532 milites
2825 5476 3110 5548 replebat,
3145 5474 3222 5528 ita
3266 5483 3329 5527 ut
3365 5472 3474 5525 dux
3519 5471 3636 5538 ipse

2058 5581 2201 5635 aagre
2234 5567 2401 5622 ferret
2428 5583 2620 5622 eorum
2655 5568 2946 5635 impetum,
2977 5575 3028 5619 et
3061 5565 3204 5633 quod
3230 5563 3320 5615 ille
3348 5569 3636 5630 postquam

2060 5660 2214 5715 urbis
2235 5662 2451 5714 ruinam
2478 5669 2750 5716 statuerat
2783 5673 3066 5729 nunquam
3106 5657 3349 5710 animum
3379 5652 3631 5707 mutavit.

2061 5751 2224 5817 idque
2251 5762 2363 5806 tum
2401 5757 2633 5809 tnaxinte
2668 5767 2792 5806 cum
2837 5751 3124 5806 Chumnus
3155 5747 3360 5800 bellum
3397 5741 3632 5798 excitas-
