4084 6458
457 372 524 434 87
1174 374 1596 434 EUSTATIIII
1637 373 2398 437 TllESSALONlCENSlS
2435 375 3015 437 METROPOLITIE.
3641 383 3711 444 88

453 491 538 538 set
591 490 647 536 et
697 480 774 536 illi
838 496 869 536 a
921 482 1136 539 civibus
1193 484 1317 538 laedi
1362 484 1694 553 potuissent,
1750 482 1866 552 ipse
1931 499 2029 539 cos

2145 483 2377 556 ἑξορμᾷν
2414 502 2431 518 ·
2461 485 2555 538 καὶ
2584 487 2660 549 ὡς
2696 488 2904 550 ἐκεῖνος
2954 487 3214 554 καθάπαξ
3258 489 3711 562 ἐντυπωσάμενος

450 578 820 640 custodiebat;
852 579 946 634 sed
974 594 1074 632 cur
1094 593 1399 633 sermonem
1421 577 1768 632 fastidiosum
1805 577 2024 647 prolon-

2145 584 2186 638 ες
2221 575 2400 647 ψυχὴν
2423 577 2524 648 τὴν
2548 579 2845 632 κατάδυσιν
2873 582 2972 650 τῆς
3006 579 3215 644 πόλεως
3235 621 3250 645 ,
3281 582 3466 636 οὐκέτι
3493 583 3555 636 τὸ
3605 588 3712 656 ὲμ-

455 667 620 736 gem?
646 667 880 722 Davides
926 683 1140 722 murum
1179 668 1246 722 de
1276 683 1385 737 quo
1424 666 1698 731 diximus,
1751 669 1888 721 adeo
1932 681 2026 721 ne-

2145 665 2355 736 μαχθὲν
2402 667 2711 738 ἐξαλείφειν
2747 669 2907 740 ήθελε
2937 687 2951 700 ·
2985 672 3081 724 καὶ
3123 671 3198 734 ὡς
3228 673 3294 726 ἐκ
3336 673 3525 727 τούτου
3558 677 3586 728 6
3617 694 3715 728 πο-

453 759 644 828 glexit,
675 769 735 813 ut
763 761 1065 814 vivaciores
1096 760 1390 813 anathema
1413 759 1738 814 clamarent.

2145 758 2398 826 μάλιστα,
2450 761 2539 812 ὅτε
2583 760 2676 813 τοῦ
2733 760 2984 831 Χούμνου
3022 763 3395 834 συρῤήξαντος
3452 765 3714 834 πόλεμον,

452 850 574 914 ἐξὸν
609 851 806 914 αὐτοὺς
854 850 1120 920 βλαὸἧναι
1155 851 1294 921 πρὸς
1339 851 1449 904 τῶν
1476 851 1578 922 τῆς
1623 851 1851 915 πόλεως,
1907 851 2052 904 καθὰ
2112 851 2531 919 προεκτέθειται
2559 893 2573 915 ,
2607 853 2635 904 6
2669 851 2726 904 δέ
2778 852 3104 922 ἐφυλάξατο,
3156 853 3232 917 ῶς
3288 849 3378 908 οἷα
3433 856 3718 927 περιέπων

451 943 650 1007 αὐτούς
677 961 692 976 ο
749 945 802 997 τί
849 944 932 998 δεῖ
988 944 1328 1015 μακρότερον
1371 944 1786 998 διαπεταννύειν
1826 945 1906 1006 είς
1952 945 2284 1013 συγγραφήν
2338 943 2662 1014 (βαρυνθείη
2697 945 2751 1005 ,δ’
2783 944 3027 1014 άν“τις)⁶
3063 946 3160 1000 καὶ
3210 947 3293 1000 ὅτι
3343 946 3440 1001 τοῦ
3495 948 3717 1020 τείχους

454 1039 926 1109 ύπονομευομένου
960 1041 1346 1110 κατημέλησεν
1389 1041 1419 1093 6
1459 1039 1644 1106 Δαυῒδ,
1675 1041 1755 1103 είς
1784 1040 1906 1092 ὅσον
1931 1040 2028 1093 καὶ
2071 1039 2320 1109 ἀνάθεμα
2357 1041 2495 1111 πρὸς
2524 1041 2632 1094 τῶν
2669 1041 3018 1113 θερμοτέρων
3063 1041 3542 1113 καταψάλλεσθαις

522 1176 612 1230 77.
654 1171 916 1229 Maenium
969 1174 1142 1239 enim,
1196 1184 1256 1228 ut
1308 1175 1385 1228 ita
1429 1173 1631 1241 dicam,
1676 1173 2031 1228 devoratores

463 1267 558 1323 ubi
621 1280 783 1322 muro
843 1266 1381 1334 appropinquassent
1464 1273 1518 1320 et
1597 1264 2029 1321 destructionem

453 1367 786 1430 parassent,
845 1359 978 1411 totis
1007 1355 1220 1412 viribus
1243 1357 1588 1424 restiterunt,
1628 1358 1703 1412 ita
1752 1355 2029 1413 utl‘unda-

459 1451 665 1506 mentis
698 1449 836 1520 ipsis
856 1449 1053 1516 erutis,
1099 1464 1289 1505 muros
1319 1451 1536 1520 penitus
1579 1448 1864 1504 destruere
1906 1463 2035 1518 pos-

455 1547 600 1595 sent.
634 1539 701 1593 Et
727 1540 837 1594 voti
868 1539 1090 1609 quidem
1118 1550 1412 1610 compotes
1437 1539 1566 1595 facti
1589 1547 1741 1595 sunt.
1766 1539 1944 1609 Caput
1974 1549 2032 1595 et

451 1630 678 1685 dorsum
702 1629 785 1684 sic
799 1631 1123 1685 abscondita
1147 1640 1324 1697 erant,
1349 1631 1614 1700 reliquum
1632 1639 1814 1685 autem
1832 1643 2033 1700 corpus

2209 1176 2306 1242 οξ.
2339 1177 2402 1232 Ol
2445 1178 2544 1246 μὲν
2578 1177 2688 1248 γὰρ
2720 1179 2961 1248 τρῶκται
2993 1179 3088 1233 τοῦ
3116 1179 3482 1250 τειχίσματος,
3515 1184 3565 1236 εί
3605 1184 3716 1255 χρὴ

2137 1270 2280 1322 οὕτω
2316 1269 2507 1339 φάναι,
2543 1271 2699 1324 αὐτοὶ
2729 1271 2828 1340 μὲν
2874 1271 2952 1342 τῷ
2995 1273 3165 1343 τείχει
3214 1274 3570 1344 πελάσαντες,
3618 1280 3733 1350 καὶ,

2141 1359 2611 1430 συσκευασάμενοι
2671 1361 2897 1431 γλύφειν
2921 1401 2936 1427 ,
2969 1363 3345 1433 φραγνύμενοι
3398 1366 3454 1418 δέ
3481 1368 3719 1422 κατόπιν

2139 1452 2250 1512 τοῖς
2284 1450 2531 1506 κάτωθεν
2553 1451 3062 1523 άκροὸολιζομένοις
3087 1455 3224 1518 ἂνω,
3283 1454 3447 1526 ἔργου
3478 1457 3720 1527 ἥπτοντο

2141 1541 2450 1612 ἐγκρατῶς,
2481 1535 2572 1596 οἷα
2599 1543 3025 1614 ἐπισπέρχοντες
3059 1545 3120 1598 τὸ
3145 1545 3510 1617 γλαφύρωμα,
3544 1547 3620 1611 ὡς
3644 1549 3720 1602 ἂν

2139 1633 2543 1698 καθυποδύντες
2582 1633 2716 1688 αὐτὸ
2757 1635 3133 1704 ἐμόαθύνωσι,
3183 1642 3279 1690 καὶ
3325 1637 3450 1691 καθ’
3482 1639 3723 1709 ἡσυχίαν

456 1723 655 1793 caique
685 1737 877 1778 eorum
899 1721 1116 1778 detecta
1132 1732 1270 1779 erat.
1294 1722 1452 1789 Quod
1487 1723 1778 1794 plerosque
1799 1722 2027 1788 latebat,

2145 1725 2440 1798 διαμπερὲς
2499 1725 2592 1780 τοῦ
2653 1725 2938 1797 τειχισμοῦ
2981 1729 3119 1797 ταχὺ
3161 1727 3260 1798 τὴν
3307 1729 3588 1800 συνέχειαν
3624 1730 3724 1783 λύ-

457 1815 634 1870 donec
656 1814 892 1872 Basilius
914 1813 1160 1871 Tzuscus
1188 1813 1722 1881 Thessalonicensis,
1746 1829 1805 1870 re
1827 1815 2037 1870 exami-

454 1913 589 1962 nuta
629 1905 683 1961 id
714 1906 862 1976 quod
893 1917 1014 1961 erat
1035 1906 1173 1961 vidit
1199 1913 1255 1961 et
1296 1904 1745 1976 indignabundus
1767 1915 2030 1974 quantum

454 1996 630 2068 potuit
657 1997 1002 2053 velocissime
1035 1997 1100 2052 ad
1130 1996 1366 2067 primum
1416 1996 1574 2052 ducis
1608 1997 1921 2052 ministrum
1948 2011 2045 2052 cu-

458 2091 637 2144 currit
672 2128 690 2154 ,
716 2098 771 2146 et
799 2105 924 2145 cum
965 2089 1360 2146 lamentatione
1389 2089 1548 2158 petiit
1576 2088 1644 2143 ab
1673 2103 1739 2143 eo
1777 2097 1837 2143 ut
1887 2094 2043 2142 tanto

456 2183 604 2236 malo
645 2181 912 2238 obstaret.
964 2179 1066 2235 Hic
1099 2189 1283 2236 autem
1335 2179 1390 2250 (ο
1426 2181 1644 2250 egregie
1685 2179 1907 2234 alumne
1935 2177 2034 2248 qui

459 2274 586 2326 honi
619 2266 1106 2329 ducis'doctriuam
1130 2271 1185 2326 in
1219 2281 1408 2327 mente
1449 2271 1784 2342 reposuisti!
1812 2271 1830 2341 )
1865 2285 2038 2340 usque

459 2365 515 2417 in
547 2371 833 2434 posterum
863 2363 1006 2422 diem
1049 2362 1483 2434 exspectandum
1513 2378 1634 2418 esse
1672 2363 1834 2429 dixit,
1859 2363 2040 2418 donec

458 2454 644 2508 hostes
706 2453 763 2508 in
823 2453 944 2508 cavi
1011 2455 1288 2524 angustiis
1351 2463 1405 2510 et
1471 2453 1622 2508 fumo
1676 2469 1706 2509 a
1747 2455 2040 2511 sarmentis

455 2542 698 2598 excitato
751 2541 1176 2599 suﬂ‘ocarcntur.
1226 2543 1321 2598 Sic
1376 2551 1608 2598 venator
1660 2543 1831 2597 feram
1881 2541 2042 2597 facile

455 2633 808 2704 persequitur
845 2633 902 2688 in
943 2635 1176 2704 campis,
1224 2650 1334 2690 non
1389 2644 1570 2691 autem
1599 2633 1647 2690 is
1686 2634 1778 2704 qui
1826 2648 1946 2688 eam
1980 2633 2039 2687 in

453 2738 686 2779 caverna
716 2723 1056 2794 prehendere
1085 2725 1322 2792 vult;sic
1354 2725 1445 2796 qui
1475 2738 1606 2795 apes
1621 2724 1812 2780 colunt
1829 2724 2042 2780 alveum

453 2816 636 2886 ipsum
671 2817 877 2872 adeunt
927 2817 1295 2888 speculaturi.

2145 1832 2298 1875 σωσι.
2319 1817 2428 1869 Kal
2446 1816 2607 1888 ήνυον
2624 1817 2694 1871 τὰ
2721 1815 2817 1869 τοῦ
2856 1816 3080 1872 σκοποῦ.
3103 1817 3212 1872 Kal
3250 1813 3329 1872 αι’
3354 1819 3587 1888 κεφαλαὶ
3615 1821 3722 1891 μὲν

2145 1906 2328 1970 αὐτοῖς
2347 1905 2442 1961 καί
2467 1925 2519 1960 τι
2537 1907 2644 1961 τῶν
2675 1909 3031 1978 μεταφρένων
3054 1909 3390 1980 ἐκρύπτοντο
3418 1929 3433 1945 ο
3465 1913 3493 1964 6
3519 1913 3576 1966 δὲ
3601 1913 3723 1967 λοι-

2142 1995 2241 2058 πὸς
2270 1995 2555 2062 ἄνθρωπος
2585 1997 2808 2068 ἔκάστῳ
2835 1997 3063 2052 ἐκείνων
3102 1999 3206 2064 ἔξω
3235 2000 3410 2071 βραχὺ
3442 2003 3724 2072 προύφαί-

2140 2103 2280 2139 νετο.
2326 2086 2618 2142 Ἐλάνθανε
2647 2089 2702 2142 δὲ
2752 2090 2861 2160 ἄρα
2907 2090 3067 2144 τοῦτο
3114 2095 3242 2155 τοὺς
3277 2093 3533 2158 πλείονας
3558 2135 3572 2158 ,
3607 2095 3724 2159 ἔως

2138 2180 2167 2230 6
2196 2179 2255 2232 ἐν
2301 2178 2673 2253 Θεσσαλονίκῃ
2715 2182 2992 2246 Βασίλειος
3021 2184 3050 2236 6
3081 2183 3324 2248 Τζύσκος
3346 2225 3362 2251 ,
3401 2187 3722 2256 κατακύψαι

2137 2269 2346 2323 ἄνωθεν
2395 2269 2676 2340 τολμήσας
2733 2271 2828 2322 καὶ
2873 2270 3140 2340 ίσχύσας,
3193 2267 3303 2324 εἶδε
3345 2273 3408 2324 τὸ
3457 2275 3718 2344 πρᾶγμα.

2144 2359 2242 2421 Ὃς
2291 2361 2385 2413 καὶ
2420 2359 2728 2429 καρδιώξας
2779 2361 2983 2432 ἔδραμε
3032 2362 3133 2431 τὴν
3190 2364 3451 2433 ταχίστην
3500 2366 3582 2428 εἰς
3617 2365 3720 2420 τ³ιν

2138 2450 2233 2503 τοῦ
2267 2451 2574 2520 στρατηγοῦ
2602 2451 3099 2523 πρωτοθεράποντα
3123 2467 3138 2484 ·
3177 2455 3274 2508 καὶ
3324 2455 3622 2524 ἐκλαλήσας
3653 2457 3723 2510 τδ

2145 2543 2376 2611 πρᾶγμα
2415 2542 2557 2613 μετὰ
2607 2544 2814 2611 οἴκτου,
2865 2544 3275 2615 προεκαλέσατο
3319 2549 3400 2607 εἰς
3448 2547 3721 2617 κωλύμην

2139 2631 2234 2683 τοῦ
2272 2633 2468 2687 κακοῦ.
2520 2634 2580 2687 '0
2623 2633 2679 2688 δὲ
2707 2634 2774 2706 (ὢ
2829 2635 3074 2706 μαθητοῦ
3109 2637 3348 2705 ἀγαθοῦ,
3398 2638 3722 2707 ἐκμαξαμέ-

2143 2737 2237 2775 νου
2283 2723 2501 2791 εὐφυῶς
2529 2725 2600 2777 τὰ
2638 2723 2734 2778 τοῦ
2778 2724 2944 2780 καλοῦ
3018 2727 3325 2799 στρατηγοῦ
3373 2728 3720 2799 διδασκάλια)

2147 2815 2346 2884 χρῆναι
2375 2815 2661 2884 μεθίεσθαι
2690 2818 3010 2889 ἀπεφήνατο
3055 2819 3248 2888 μέχρις
3275 2819 3330 2883 ἐς
3367 2817 3578 2890 αῦριον,
3608 2820 3721 2882 ἔως

454 2909 505 2962 οί
535 2907 730 2981 ἐχθροὶ
759 2907 910 2972 ἐντδς
975 2909 1285 2979 είληθέντες
1311 2909 1406 2963 τοῦ
1435 2909 1818 2981 τρυπήματος,
1846 2904 1966 2961 εἶτα
1985 2906 2063 2977 τῷ
2095 2907 2160 2960 ἐκ
2186 2906 2484 2975 φρυγάνων
2512 2907 2703 2979 καπνῷ
2757 2911 2888 2982 ῥᾷον
2913 2912 3299 2978 καταπνιγεῖεν
3331 2912 3500 2975 ἐντὸς,
3527 2915 3716 2982 ὅμοιον

453 3002 530 3067 ὡς
584 3004 636 3056 εί
682 3003 777 3063 καὶ
815 3003 1126 3079 κυνηγέτης
1192 3005 1482 3079 πρόχειρον
1521 3005 1696 3076 ἄγραν
1752 3004 1892 3076 ἔχων
1947 3003 2335 3075 θέσθαιθηρίου
2367 3003 2425 3056 ἐν
2456 3005 2569 3068 τοῖς
2619 3005 2880 3070 πεδινοῖς,
2928 3008 2956 3060 6
3006 3006 3052 3060 δ’
3084 3007 3220 3060 ἀλλὰ
3261 3007 3448 3079 μεθεὶς
3480 3009 3718 3082 καραδο,

454 3098 543 3150 κεῖ
570 3095 668 3171 τὴν
715 3095 774 3155 ἐν
804 3097 1082 3168 σπήλυγγι
1116 3096 1329 3152 ἐκείνου
1371 3097 1694 3165 κατάδυσιν,
1749 3095 1825 3160 ὥς
1875 3095 2018 3151 οῦτω
2059 3094 2260 3166 μᾶλλον
2294 3095 2579 3169 ἀγρεύσων
2632 3098 2809 3152 ἐκεῖνο
2837 3113 2850 3128 ·

454 3195 696 3264 σμήνους
729 3195 782 3248 oi
816 3193 949 3266 περὶ
976 3192 1187 3260 ταύτας
1225 3193 1574 3266 πονούμενοι.

2930 3097 3075 3152 καθὰ
3129 3099 3227 3153 καὶ
3279 3100 3540 3170 μελίσσας
3605 3102 3718 3156 ἔσω

521 3314 613 3368 78.
657 3311 844 3368 Talem
895 3327 956 3368 se
1009 3313 1227 3384 primus
1274 3313 1436 3369 ducis
1490 3314 1744 3368 minister
1791 3309 2038 3382 gerebat.

2211 3314 2312 3378 οη’.
2345 3307 2454 3362 Kal
2487 3304 2724 3370 τοιοῦτος
2770 3307 2868 3376 μέν
2898 3309 2924 3359 6
2965 3304 3350 3376 άρχιθεράπων
3395 3308 3718 3377 μηχανικός.

455 3400 688 3456 Davides
737 3416 891 3468 vero,
937 3401 1114 3472 ipsius
1158 3403 1324 3458 herus
1360 3417 1473 3456 rem
1531 3402 1694 3456 aliter
1739 3413 2040 3469 aggressus

451 3502 560 3550 est.
597 3493 800 3550 Audito
835 3494 982 3548 enim
1013 3494 1159 3563 quod
1185 3509 1377 3549 murus
1407 3495 1760 3548 extrinsecus
1796 3491 2042 3560 perfora-

451 3593 609 3639 retur
639 3598 655 3637 :
691 3581 798 3638 Vos
825 3597 1046 3653 quoque
1071 3584 1223 3638 intus
1268 3582 1552 3653 perforare
1579 3573 1811 3637 necesse
1840 3589 1956 3647 est;
1988 3590 2044 3636 et

451 3675 550 3731 diu
609 3682 931 3738 cunctatus,
995 3673 1323 3744 aliquandiu
1388 3675 1814 3736 semimortuus,
1850 3682 2043 3728 statuae

455 3769 665 3826 similis
728 3767 954 3833 mansit,
1005 3777 1065 3820 ut
1121 3766 1190 3823 de
1246 3769 1352 3822 licu
1405 3777 1598 3822 narrat
1648 3766 2040 3822 comoediarum

457 3871 680 3916 auctor.
715 3858 780 3915 Et
811 3859 894 3915 sic
934 3861 1178 3929 linguam
1206 3873 1428 3914 movere
1456 3860 1740 3916 videbatur
1772 3869 1827 3913 et
1859 3859 2044 3913 dicere

460 3953 686 4026 quando
712 3967 926 4007 murum
960 3952 1306 4008 extrinsecus
1333 3951 1611 4022 lapidibus
1633 3953 1741 4021 peti
1765 3951 2042 4018 audiebat,

459 4046 792 4103 Jaculamini
848 4059 947 4100 vos
1002 4059 1222 4115 quoque
1283 4045 1352 4098 ab
1406 4044 1576 4099 intus.
1626 4043 1671 4100 Ο
1724 4043 2039 4109 ludibrium,

458 4153 573 4208 quo
629 4151 732 4191 nos
789 4135 1198 4200 mactabamur,
1263 4138 1384 4205 ipse
1443 4142 1628 4190 autem
1697 4133 2045 4204 imperatoris

459 4228 809 4285 inimicitiam
875 4226 1206 4297 eli‘ugiebat;
1266 4235 1385 4282 erat
1446 4227 1594 4282 enim
1661 4226 1708 4281 is
1791 4227 1886 4296 qui
1941 4225 2039 4280 ubi

461 4323 693 4393 vigilare
719 4335 860 4387 opus
888 4334 997 4386 eat,
1051 4320 1351 4387 obdormit,
1403 4328 1455 4374 et
1491 4319 1584 4389 qui
1635 4319 1808 4374 veteri
1843 4334 2040 4374 vocum

459 4413 811 4484 simplicitate
843 4412 1054 4480 utitur;
1082 4422 1136 4468 et
1166 4412 1528 4467 nihilominus
1561 4412 1605 4466 si
1633 4411 1782 4480 juste
1804 4420 2041 4480 spectes,

458 4506 731 4562 excubias
796 4506 931 4576 agit.
986 4503 1146 4570 Quod
1201 4504 1349 4559 enim
1401 4506 1708 4574 proposuit,
1772 4502 2046 4573 vigilando

2158 3400 2218 3455 '0
2257 3400 2303 3454 δ’
2335 3397 2681 3470 άρχιτέκτωρ
2711 3396 2876 3451 αὐτοῦ
2907 3397 3068 3452 Δαυῒδ
3102 3397 3276 3461 ἄλλως
3305 3397 3496 3461 ἔπαιζε
3521 3398 3582 3451 τὸ
3610 3416 3720 3468 μη-

2145 3491 2422 3562 χανᾶσθαι
2453 3507 2468 3523 ο
2501 3491 2600 3544 καὶ
2627 3490 2867 3555 ἀκούων,
2899 3489 2974 3553 ὡς
3001 3491 3277 3559 τρυπᾶται
3304 3490 3362 3542 τὸ
3383 3492 3559 3561 τεῖχος
3586 3491 3722 3555 ἔξω·

2145 3584 2259 3650 θεν,
2309 3582 2655 3654 Τρυπητέον,
2693 3582 2870 3650 ἔλεγε,
2920 3582 3015 3635 καὶ
3046 3582 3191 3652 ὑμᾶς
3227 3580 3452 3636 ἔσωθεν.
3501 3583 3608 3636 Kal
3631 3585 3716 3647 είς

2143 3674 2400 3728 τοσοῦτον
2463 3674 2909 3746 χασμησάμενος,
2953 3675 3192 3743 ἐκάθητο
3234 3673 3328 3726 τοῦ
3359 3674 3547 3727 λοιπλῦ
3579 3675 3717 3746 χαῦ-

2145 3784 2256 3832 νος,
2290 3765 2453 3821 είκὼν
2492 3767 2714 3834 ζῶντος,
2759 3766 3062 3836 ἐμποδίζων
3086 3760 3199 3818 οἷον
3247 3765 3466 3834 ἰσχάδας
3499 3768 3592 3820 καὶ
3618 3769 3721 3822 αύ-

2143 3860 2235 3923 τὸς
2258 3860 2398 3920 κατὰ
2436 3860 2527 3912 τὸν
2557 3859 2824 3929 κωμικόν.
2849 3861 2961 3915 Kal
2983 3859 3081 3930 τὴν
3105 3859 3350 3927 γλῶτταν
3374 3855 3477 3913 ὦδε
3514 3859 3716 3913 σαλεύ-

2148 3968 2250 4014 σας
2306 3950 2740 4021 ἀτελεσφόρητα,
2784 3950 2971 4022 ἐῴκει,
3023 3953 3072 4004 εί
3099 3955 3196 4007 καὶ
3225 3952 3286 4004 τδ
3310 3955 3486 4020 τεῖχος
3514 3951 3719 4018 ἔξωθεν

2145 4042 2370 4097 άκούσοι
2422 4043 2589 4106 λίθοις
2637 4043 2953 4114 βάλλεσθαι,
2991 4045 3168 4098 εἰπεῖν
3217 4043 3307 4108 ἂν,
3365 4045 3437 4105 th;
3475 4045 3714 4098 Βάλλετε

2145 4133 2280 4189 αὐτὸ
2309 4135 2403 4188 καὶ
2435 4135 2591 4203 ὑμεῖς
2623 4134 2845 4188 ἔσωθεν.
2877 4135 2940 4188 Ὦ
2971 4135 3219 4202 παίγνια,
3248 4135 3318 4188 δι’
3339 4130 3413 4189 ὦν
3449 4135 3715 4204 ἐσφαττό-

2147 4226 2290 4296 μεθα
2323 4225 2424 4296 μὲν
2463 4227 2646 4295 ἡμεῖς,
2681 4226 2842 4288 αὐτὸς
2873 4226 2931 4280 δὲ
2959 4226 3051 4279 τὸν
3095 4225 3322 4280 δύσνουν
3352 4226 3576 4297 βασιλέα
3599 4229 3721 4292 ἐξέ-

2146 4333 2345 4386 φευγεν
2371 4331 2386 4346 ⁶
2423 4316 2728 4388 ἄνθρωπος,
2772 4317 2858 4386 ἐφ’
2885 4313 2967 4381 οἷς
3001 4317 3108 4370 ἔδει
3135 4319 3515 4389 ἐγρηγορέναι,
3545 4335 3719 4371 κατα-

2147 4408 2400 4475 κείμενος
2420 4447 2434 4472 ,
2464 4410 2560 4461 καὶ
2583 4409 2724 4462 κατὰ
2767 4408 3006 4462 παλαιὰν
3036 4409 3296 4476 ἀφέλειαν
3327 4410 3608 4478 ὀνομάτων
3637 4412 3720 4462 εί·-

2148 4502 2271 4555 πεῖν
2322 4501 2646 4563 άναπεσᾶς·
2680 4503 2775 4552 καὶ
2830 4501 2940 4570 μὴν
2999 4500 3304 4565 σκέψασθαι
3362 4501 3569 4564 ἄλλως,
3623 4483 3722 4554 καὶ

459 4597 691 4667 peregit,
755 4609 858 4652 nec
901 4596 1139 4653 cessavit
1190 4595 1368 4651 donec
1434 4595 1620 4649 omnia
1663 4594 1767 4648 rite
1817 4603 2040 4664 peracta

2151 4593 2293 4646 πάνυ
2329 4591 2505 4654 ἑστὼς
2547 4591 2710 4654 αὐτὸς
2753 4587 2822 4662 ἦν
2852 4594 2946 4646 καὶ
2977 4590 3260 4660 νηφάλιος.
3304 4594 3368 4643 Ὃ
3399 4591 3508 4661 γὰρ
3540 4591 3719 4660 προῦ-

457 4703 614 4744 essen
624 4697 664 4742 t.

529 4883 620 4945 79.
647 4885 738 4942 Sic
763 4886 928 4956 igitur
959 4887 1210 4944 hostibus
1249 4888 1405 4943 ruina
1442 4887 1586 4942 muri
1623 4886 1850 4956 profuit,
1882 4887 2044 4944 nobis

472 4973 672 5041 )bfuit;
699 4989 829 5031 saxa
853 4977 995 5030 enim
1020 4992 1086 5032 ex
1113 4991 1308 5047 magna
1326 4977 1576 5032 machina
1601 4977 1747 5044 jacta
1780 4979 2048 5048 pinnacu-

467 5076 576 5120 'unt
596 5066 986 5122 destruxeruut
1006 5076 1061 5122 et
1083 5069 1284 5123 nitentia
1311 5070 1630 5125 custodibus
1653 5071 2002 5125 denudarunt
2027 5088 2044 5138 ;

470 5157 641 5210 multa
669 5157 834 5211 etiam
882 5158 935 5216 in
977 5157 1095 5213 loca
1135 5159 1396 5219 interiora
1433 5160 1767 5234 praecipitata
1814 5161 2043 5216 multum

465 5249 595 5303 mali
635 5247 901 5310 fecerunt.
961 5250 1134 5320 Igitur
1174 5266 1298 5304 cum
1335 5266 1551 5305 murum
1583 5267 1614 5305 e
1664 5252 1884 5320 regione
1915 5267 2043 5308 exs-

465 5348 650 5394 truere
687 5348 1015 5395 conarentur
1044 5350 1098 5395 et
1122 5339 1233 5410 jam
1287 5356 1511 5395 manum
1565 5345 1972 5413 apposuissent,
2009 5359 2039 5398 a

467 5432 679 5486 nostris
710 5433 913 5501 repulsi
949 5440 1097 5488 sunt.
1149 5433 1428 5487 Murorum
1477 5434 1621 5489 enim
1673 5434 2037 5490 aediﬁcatores

467 5539 600 5586 sua
662 5522 1125 5590 supereminentia
1171 5521 1626 5588 reformidabaut,
1659 5539 1763 5577 non
1815 5533 1874 5578 ut
1905 5521 2049 5582 Tau.

471 5617 613 5670 talus
635 5616 769 5670 falsa
790 5615 1153 5677 somniantes,
1175 5614 1271 5667 sed
1295 5615 1425 5682 quia
1459 5616 1664 5668 malum
1696 5632 1884 5670 verum
1919 5625 2047 5672 ante

471 5706 661 5770 ocu'os
695 5707 992 5762 habebant.
1016 5705 1151 5760 Tum
1172 5720 1262 5762 res
1291 5704 1523 5766 ridicula
1553 5707 1753 5762 accidit
1773 5708 1818 5765 si
1849 5711 2050 5764 amaris

2147 4682 2291 4747 θετο,
2323 4682 2488 4752 ἔνηφε
2520 4686 2692 4738 ποιεῖν
2711 4699 2726 4714 ⁸
2752 4683 2843 4736 καὶ
2871 4684 2969 4736 οὐκ
2997 4683 3221 4749 ἀνῆκεν,
3252 4682 3355 4747 ἔως
3380 4683 3512 4738 αὐτὸ
3539 4699 3720 4752 τεχνι-

2150 4773 2260 4836 κῶς
2282 4772 2596 4829 ἀπετέλεσε.

2220 4882 2319 4938 σθ’.
2356 4885 2468 4939 Kal
2518 4881 2663 4936 οῦτω
2713 4883 2812 4952 μέν
2862 4883 3132 4954 προύδόθη
3162 4886 3273 4947 τοῖς
3321 4883 3604 4953 πολεμίοις
3627 4884 3724 4937 καὶ

2150 4979 2182 5046 ή
2207 4977 2317 5031 τῶν
2347 4977 2508 5036 λίθων
2539 4977 2632 5030 τοῦ
2678 4979 2892 5048 τείχους
2926 4981 3018 5034 ἐπὶ
3047 4976 3199 5047 κακῴ
3235 4977 3490 5047 ἡμετέρῳ
3521 4977 3724 5029 ὑπολά-

2151 5068 2334 5132 ξευσις
2354 5069 2504 5121 κάτω
2529 5084 2543 5099 ⁸
2574 5070 2630 5122 αἱ
2658 5069 2714 5120 δὲ
2745 5072 2808 5120 ἐκ
2835 5070 2928 5138 τῆς
2970 5069 3212 5138 μεγάλης
3244 5069 3492 5136 μηχανῆς
3523 5069 3724 5136 πέτραι

2148 5161 2247 5223 τάς
2276 5179 2336 5214 τε
2366 5160 2624 5224 ἐπάλξεις
2674 5161 3030 5230 κατήρειπον,
3071 5161 3166 5213 καὶ
3211 5157 3482 5227 ἐγύμνουν
3523 5157 3583 5210 τὸ
3619 5160 3725 5209 τεῖ-

2150 5269 2240 5321 χος
2273 5252 2528 5321 φυλάκων
2554 5268 2568 5282 ⁸
2615 5252 2804 5304 πολλαὶ
2831 5251 2885 5302 δὲ
2912 5252 3006 5305 καὶ
3034 5249 3580 5320 ύπερπεταννύμεναι
3624 5267 3724 5302 κα-

2153 5342 2414 5396 τέπιπτον
2447 5342 2576 5408 ἔσω,
2617 5341 2867 5395 ποιοῦσαί
2919 5359 3042 5393 τινα
3094 5341 3241 5393 δεινά
3280 5343 3374 5392 καὶ
3425 5340 3724 5394 αύταί.Διο

2147 5434 2243 5485 καὶ
2272 5434 2444 5500 τεῖχος
2472 5432 2655 5501 ἔτερον
2699 5431 3106 5500 ἀνταναστῆσαι
3159 5431 3578 5502 μελετήσαντες,
3625 5431 3723 5484 καὶ

2147 5523 2248 5591 ’ήδη
2276 5525 2370 5575 καὶ
2402 5525 2822 5592 ἐγχειρήσαντες
2858 5523 2907 5576 οἱ
2943 5522 3065 5575 καθ’
3106 5524 3287 5591 ἡμᾶς,
3324 5523 3719 5592 ἀπετρέποντο.

2149 5614 2455 5667 Ἐδεδίεσαν
2503 5615 2612 5684 γὰρ
2662 5616 2710 5666 οἱ
2741 5615 3037 5684 τειχοποιοὶ
3098 5615 3224 5676 τοὺς
3292 5613 3723 5682 ὑπερτέλλοντας

2153 5708 2407 5776 πέτρους,
2460 5706 2520 5759 ού
2565 5707 2888 5764 Ταντάλειον
2919 5705 3125 5775 ταύτην
3160 5704 3460 5774 φαντασίαν
3512 5705 3722 5774 ὀνειρο-
