4084 6446
327 349 396 416 89
1131 350 1226 410 DE
1266 346 1840 409 Tl-IESSALONICA
1872 347 2080 407 URBE
2103 347 2150 406 A
2192 344 2507 408 LATINIS
2540 347 2804 410 CAPTA.
3516 358 3589 421 90

330 459 638 523 πολοῦντες,
687 457 829 513 ἀλλὰ
869 460 1148 530 πρόοπτον
1189 458 1402 529 ἔχοντες
1434 459 1500 510 τὸ
1532 458 1704 511 κακόν
1738 473 1752 488 ο
1789 455 1894 510 ἔνθ(

2019 455 2181 510 dulce
2222 455 2306 510 fas
2343 463 2429 510 est
2485 456 2538 510 in
2597 457 2842 513 historiae
2882 471 3047 513 cursu
3087 460 3480 531 commiscere,
3516 481 3585 520 ne

326 555 420 612 καί
454 572 507 608 τι
558 553 769 622 γελοῖον
805 552 1130 617 συνέπεσεν,
1175 552 1229 604 ετ
1275 569 1328 604 τι
1358 551 1464 620 χρὴ
1520 552 1630 613 τοῖς
1685 550 1904 619 πικροῖς

325 647 699 719 γλευκάζοντα
724 647 1038 716 συγκιρνᾷν
1091 644 1265 715 είρμῷ
1289 661 1349 696 τε
1387 641 1647 714 ἱστορίας,
1697 643 1792 695 καὶ
1818 643 1906 694 ἴνα

330 739 410 812 μὴ
432 741 461 793 ό
494 737 781 808 μανθάνων
808 737 879 789 τὰ
907 735 1032 789 καθ’
1067 737 1212 806 ἡμᾶς
1258 734 1511 804 ἀκράτως
1563 721 1903 786 παθαίνοιτοξ

403 837 485 882 π’.
512 825 624 882 Ἦν
669 829 770 900 μὲν
809 826 922 898 γὰρ
955 826 1236 880 πολιτικὸν
1277 830 1575 898 μυστήριον
1614 828 1648 896 ἡ
1677 824 1770 878 τοῦ
1798 824 1909 877 τεί-

323 961 457 1014 χους
506 943 928 1004 ἀντανάστασις.
980 940 1280 1010 Ἐλαφρίαν
1312 939 1370 994 δέ
1399 957 1486 1003 τις
1536 939 1649 992 ἄνω
1692 938 1900 1005 παθὼν,

323 1036 583 1104 ἐξεσόησε
636 1037 752 1098 τοῖς
786 1033 1028 1105 ἐχθροῖς,
1081 1033 1336 1104 ἄπρακτα
1386 1031 1602 1102 μωροὺς
1660 1033 1905 1095 ἐκείνους

325 1125 611 1178 πονεῖσθαι
657 1125 800 1178 κατὰ
833 1123 930 1177 τοῦ
980 1125 1215 1194 τείχους,
1267 1123 1471 1178 ἔσωθεν
1519 1125 1906 1192 ἀντεγειρομέ-

324 1235 418 1270 νου
451 1217 667 1288 ἑτέρου.
702 1216 798 1279 Ὃς
823 1215 898 1285 ,δὴ
934 1215 1092 1283 λόγος
1131 1216 1227 1268 καὶ
1283 1215 1487 1286 μᾶλλον
1520 1216 1672 1286 ἡμᾶς
1702 1215 1904 1286 προσέ-

323 1309 554 1379 ϐλαψεν.
612 1308 808 1379 ’Δραιὰ
862 1309 970 1378 γὰρ
1005 1309 1075 1362 τὰ
1107 1308 1214 1377 πρὸ
1258 1308 1452 1362 τούτου
1497 1308 1748 1378 ἀφιέντες
1775 1309 1904 1372 τοὺς

321 1403 702 1471 τειχοσείστας
750 1401 932 1464 λίθους
974 1403 1022 1454 oi
1059 1401 1189 1468 ἔξω,
1238 1402 1512 1456 ὲπύκνουν
1565 1401 1763 1465 αὐτοὺς
1813 1401 1904 1454 ἔκ-

317 1501 467 1555 τοτε,
519 1490 639 1561 μεθ’
665 1492 880 1560 ἡμέραν
916 1508 976 1544 τε
1025 1489 1168 1544 οὕτω
1226 1491 1550 1561 βλάπτοντες
1613 1492 1779 1561 ἡμᾶς,
1807 1491 1903 1544 καὶ⁹

318 1584 445 1636 οὐδὲ
471 1583 668 1645 νυκτὸς
701 1583 836 1653 βέλη
871 1583 1114 1647 ἀνιέντες
1156 1584 1247 1637 διὰ
1294 1586 1392 1654 τῆς
1429 1583 1696 1654 μεγίστης
1728 1600 1902 1652 μηχα-

319 1673 420 1740 νῆς
446 1688 461 1700 ·
497 1673 623 1725 καθ’
649 1668 720 1744 ἦς
751 1674 911 1742 ἡμεῖς
965 1673 1298 1742 λαλήσαντες
1346 1673 1422 1737 ῶς
1463 1673 1665 1744 δεινῆς,
1705 1673 1759 1725 εί
1782 1690 1901 1737 πως

315 1761 731 1830 ἁποκρουσθείη
768 1762 1091 1831 μηχανικῶς
1143 1761 1240 1815 τοῦ
1292 1762 1417 1816 καθ’
1446 1764 1593 1834 ἡμᾶς
1624 1763 1898 1816 τείνεσθαι

316 1849 695 1920 ἐσοφίσθημεν
719 1852 802 1914 είς
834 1851 1074 1923 μάθησιν
1100 1852 1160 1917 ἐξ
1196 1853 1407 1924 ἀγαθῆς
1438 1854 1702 1922 κεφαλῆς,
1728 1855 1896 1908 ἀκού-

319 1959 536 2006 σαντες,
576 1942 654 2006 ὡς
693 1943 850 2006 πόλις
901 1945 966 1996 ἐκ
990 1945 1245 2013 τοιαύτης
1292 1944 1500 2015 πέτρας
1557 1945 1618 1998 οὐ
1663 1943 1897 2013 βλάπτε-

317 2053 430 2090 ται.
486 2035 553 2087 Τί
600 2034 704 2100 δέ;
764 2033 881 2088 ἀλλ’
950 2035 1263 2104 ὠφελεῖται,
1316 2035 1362 2089 ὣ
1412 2037 1587 2106 σοφὲ,
1653 2037 1900 2106 μηχανὰς

320 2125 680 2192 ἑξουθενοῦν;
737 2125 904 2178 Ἀλλὰ
951 2125 1290 2183 συνίσταται.
1358 2126 1571 2181 Οθκουν
1633 2128 1896 2194 πάντως;

317 2218 538 2272 Οὐκοῦν
570 2219 636 2271 τδ
663 2218 934 2272 ἀνάπαλιν
960 2235 975 2253 ι
1008 2221 1124 2287 εἴγε
1149 2224 1247 2276 καὶ
1287 2223 1730 2293 καταρρίπτεται
1755 2221 1898 2275 οὕτω

316 2311 390 2364 τὰ
443 2310 815 2380 ἐρυμνότατα.
864 2310 1109 2380 Εἴπομεν
1140 2313 1302 2382 ἡμεῖς
1339 2310 1508 2378 οὕτω,
1551 2312 1646 2365 καὶ
1673 2315 1700 2366 ό
1734 2311 1897 2382 λόγος

317 2401 449 2470 εἰκῆ
475 2401 793 2472 ἀπέῥρευσε
829 2403 926 2457 καὶ
952 2403 1136 2466 αὐτός.

390 2535 506 2582 πα’.
544 2529 652 2582 Καὶ
702 2529 938 2585 ἐλύπουν
997 2530 1098 2598 μὲν
1148 2530 1248 2601 τὴν
1291 2531 1447 2584 πόλιν
1476 2533 1573 2585 καὶ
1618 2533 1690 2585 τὰ
1722 2533 1896 2603 μικρὰ

315 2619 649 2691 πετροὸόλα,
678 2618 822 2674 οὕτω
855 2620 1045 2687 δεξιῶς
1078 2620 1359 2690 βάλλοντα,
1401 2621 1479 2686 ὡς
1509 2623 1605 2675 καὶ
1636 2624 1762 2686 τοὺς
1796 2641 1896 2694 μο-

312 2709 488 2773 δίους,
519 2709 571 2762 οἶ
595 2709 798 2762 πλοίων
827 2710 1030 2773 ὀϊστοῖς
1060 2710 1399 2780 ἐνδεδεμένοι
1436 2712 1704 2784 μετέωροι
1730 2713 1896 2784 ἔκρυ-

313 2817 454 2853 πτον
495 2800 648 2852 ἔνδον
681 2801 903 2871 ἄνδρας,
954 2801 1214 2865 είωθότας
1272 2802 1483 2856 ἐκεῖθεν
1510 2805 1893 2876 καταπέμπειν

311 2893 383 2945 τὰ
413 2892 748 2962 βλάπτοντα,
786 2893 1030 2963 συνεχῶς
1064 2892 1308 2948 εὔσκοπα
1333 2895 1568 2966 βάλλειν,
1599 2897 1693 2950 καὶ
1728 2913 1896 2952 κατα-

312 2984 474 3054 κλᾷν,
511 2985 606 3037 καὶ
649 2983 839 3052 ἀγῶνα
886 2987 1150 3057 παρέχειν
1180 2987 1294 3048 τοῖς
1328 2977 1620 3058 μαχηταϊς
1655 2988 1890 3055 ἐκεῖθεν,

313 3075 655 3146 διεκχεῑσθαι
703 3077 856 3130 κάτω
899 3079 996 3130 καὶ
1047 3077 1470 3148 περισώζεσθαι.
1512 3074 1692 3133 Ἶισαν
1729 3078 1786 3132 δὲ
1822 3081 1892 3133 τὰ

2011 547 2184 600 lector
2217 546 2496 602 fastidium
2538 549 2604 603 de
2635 548 2790 604 nobis
2819 549 3014 618 capiat.

2075 838 2164 894 80.
2194 837 2328 893 Cum
2351 839 2494 895 enim
2524 839 2683 896 istius
2709 840 2852 896 muri
2885 841 3098 898 adversi
3129 846 3471 900 constructio
3499 846 3580 898 ci-

2004 931 2165 985 vibus
2182 946 2271 985 res
2288 932 2610 1001 mysteriosa
2630 942 2798 996 esset,
2811 933 2896 988 vir
2916 933 3138 1004 quidam
3154 934 3360 990 frivola:
3380 937 3580 991 indolis

2005 1038 2174 1093 supra
2220 1033 2374 1078 stans
2403 1023 2658 1079 hostibus
2693 1025 2802 1080 alta
2840 1041 2973 1080 voce
3018 1027 3175 1094 dixit,
3207 1027 3411 1082 frustra
3455 1030 3576 1084 illos

2003 1116 2155 1170 circa
2193 1115 2344 1170 hunc
2381 1131 2596 1170 murum
2626 1116 2868 1187 fatigari,
2898 1132 3024 1172 cum
3055 1119 3193 1174 alter
3223 1119 3372 1174 intus
3388 1129 3581 1175 contra

2002 1215 2352 1274 strueretur;
2413 1222 2536 1276 quae
2594 1222 2698 1262 vox
2760 1223 2862 1263 nos
2918 1222 3140 1278 quoque
3211 1223 3320 1263 non
3381 1224 3576 1279 parum

2002 1296 2250 1353 offendit.
2296 1297 2521 1353 Externi
2586 1299 2735 1354 enim
2789 1314 2916 1354 raro
2971 1299 3181 1368 lapides
3217 1300 3272 1355 in
3316 1304 3576 1357 moenium

2002 1391 2222 1445 ruinam
2269 1390 2643 1461 proiecerant,
2689 1392 2774 1456 sic
2832 1392 3072 1446 interdiu
3135 1407 3236 1449 nos
3295 1393 3575 1458 laedentes,

2000 1489 2169 1536 noctu
2204 1488 2386 1536 autem
2414 1497 2445 1537 e
2475 1497 2674 1552 magna
2724 1483 2979 1539 machina
3023 1484 3127 1538 tela
3165 1486 3219 1539 in
3268 1501 3370 1540 nos
3401 1486 3578 1556 conji-

2000 1588 2126 1629 cere
2178 1588 2287 1628 non
2336 1582 2610 1643 poterant.
2646 1574 2722 1630 De
2753 1590 2862 1646 qua
2896 1579 2941 1632 si
2996 1586 3257 1646 tanquam
3305 1586 3578 1633 tormento

2001 1663 2248 1719 horribili
2278 1664 2450 1721 locuti
2483 1680 2698 1732 sumus,
2723 1677 2778 1722 et
2811 1666 2858 1723 si
2891 1667 3192 1736 quaerimus
3217 1677 3402 1722 utrum
3430 1670 3574 1722 mul-

2006 1765 2118 1810 tum
2148 1756 2312 1813 nobis
2337 1756 2464 1812 inde
2493 1757 2720 1826 periculi
2752 1758 3060 1823 immineat,
3088 1759 3230 1814 scito
3260 1775 3361 1814 nos
3382 1774 3410 1812 a
3435 1768 3574 1816 teste

2000 1847 2155 1919 gravi
2184 1848 2448 1904 didicisse
2477 1847 2620 1918 quod
2647 1849 2780 1904 urbs
2811 1850 2879 1903 ab
2924 1849 3027 1904 ista
3059 1849 3177 1904 laedi
3227 1864 3337 1904 non
3366 1862 3570 1918 posset.

1999 1937 2140 2006 Quid
2203 1939 2426 1994 autem?
2481 1939 2565 1994 An
2607 1940 2955 1995 commodum
3003 1949 3109 2006 est,
3143 1956 3176 1995 ο
3221 1941 3568 2011 philosophe,

2001 2030 2290 2086 machinas
2311 2031 2702 2086 contemnere?
2721 2029 2824 2086 Sed
2851 2031 3286 2086 obfirmat.—An
3316 2034 3580 2101 prorsus?

1998 2119 2117 2175 Imo
2173 2121 2548 2187 contrarium,
2593 2121 2862 2192 siquidem
2923 2123 3027 2176 hoc
3071 2121 3232 2178 modo
3272 2123 3574 2179 fortissima

1999 2211 2294 2267 diruuntur
2341 2211 2703 2267 munimenta.
2749 2211 2842 2267 Sic
2891 2227 2991 2268 nos
3025 2212 3460 2282 disserebamus,
3518 2223 3574 2269 et

1998 2316 2206 2370 sermo,
2239 2311 2299 2358 ut
2325 2301 2409 2367 ﬁt,
2440 2301 2671 2358 emuxit.

2067 2542 2158 2600 81.
2187 2542 2294 2598 Sed
2327 2543 2545 2598 minora
2566 2543 2730 2598 etiam
2755 2557 2886 2598 saxa
2913 2543 3159 2613 proiecta
3181 2544 3373 2600 urbem
3408 2545 3574 2602 laede-

1994 2634 2150 2691 bant.
2208 2634 2346 2690 Nam
2403 2643 2558 2690 tanta
2617 2636 2948 2690 dexteritate
2998 2635 3458 2704 conjiciebantur,
3507 2647 3573 2694 ut

1993 2727 2155 2784 etiam
2184 2726 2351 2782 modii
2380 2727 2471 2797 qui
2498 2726 2705 2798 cymbis
2750 2727 2962 2797 alligati
3019 2728 3169 2783 intus
3199 2727 3350 2784 viros
3383 2731 3570 2786 conti-

1994 2827 2186 2876 nerent
2244 2830 2501 2877 assuetos
2567 2820 2954 2889 projectilibus
3023 2819 3234 2876 hostem
3302 2821 3564 2892 aggredi,

1993 2925 2222 2980 scopum
2253 2924 2534 2979 nunquam
2571 2924 2680 2963 non
2714 2908 3050 2979 attingerent
3099 2916 3155 2964 et
3209 2909 3565 2970 adversarios

1993 3020 2100 3059 non
2142 3018 2337 3075 parum
2377 3002 2693 3072 fatigarent.
2718 2999 2825 3058 Sed
2872 3004 2986 3058 haec
3057 3015 3349 3071 puerorum
3399 3006 3570 3063 armis

1994 3097 2196 3152 similia
2249 3103 2380 3150 sunt
2431 3105 2752 3164 comparata
2814 3095 2881 3148 ad
2937 3107 3190 3163 magnam
3223 3095 3562 3163 machinam,

316 3168 552 3222 τοιαῦτα
604 3168 739 3221 ὡσεὶ
781 3170 875 3222 καὶ
908 3168 1038 3239 βέλη
1097 3169 1326 3239 νηπίων,
1361 3171 1498 3239 πρὸς
1542 3170 1643 3242 τὴν
1676 3171 1892 3242 μητέρα

1997 3183 2151 3239 ducis
2194 3181 2358 3238 simul
2416 3153 2629 3236 ratione
2676 3181 2896 3248 habita,
2947 3153 3057 3253 qui.
3087 3185 3307 3254 quando
3357 3153 3568 3255 lapides

318 3259 572 3328 μεγάλην
605 3260 856 3329 μηχανὴν
887 3258 1366 3330 παραϐαλλόμενα,
1396 3262 1450 3315 εί
1471 3278 1523 3314 τι
1558 3261 1664 3332 χρὴ
1693 3263 1758 3315 ὲκ
1793 3261 1891 3315 τοῦ

314 3349 485 3418 σοφοῦ
540 3349 848 3420 στρατηγοῦ
901 3350 1230 3420 πορίσασθαι
1268 3368 1322 3404 τι
1354 3352 1553 3422 νόημα.
1612 3353 1708 3416 Ὃς
1765 3353 1891 3417 τοὺς

312 3441 528 3493 ἐκεῖθεν
584 3441 988 3511 ὲπαφιεμένους
1036 3442 1214 3505 λίθους
1241 3442 1492 3514 τεθηπὼς
1528 3443 1623 3496 τοῦ
1655 3443 1884 3510 κτύπου,

316 3533 523 3584 Ἀκουε
549 3533 650 3604 τὴν
673 3536 897 3602 γραῖαν,
930 3533 1134 3602 ἔλεγεν,
1167 3535 1383 3604 ἀπαθὴς
1404 3533 1547 3587 οὕτω
1581 3552 1633 3589 τι
1667 3537 1762 3589 καὶ
1792 3536 1889 3606 μέ-

313 3639 467 3692 τριος
507 3621 606 3685 ὢν,
637 3626 732 3677 καὶ
761 3625 860 3694 τὴν
893 3623 1242 3696 θρεψαμένην
1282 3628 1448 3694 μαῖαν
1473 3621 1631 3696 οἶμαι
1681 3629 1889 3695 φαντά·

314 3715 507 3780 ζεσθαι
536 3714 732 3781 δοκῶν,
783 3715 1189 3787 παθαινομένην
1220 3720 1310 3771 ἐπ’
1361 3719 1510 3790 αὐτῷ
1537 3720 1630 3774 καὶ
1679 3721 1895 3774 κλαίου-

314 3825 441 3862 σαν.
478 3808 812 3874 Λακωνξζων
842 3809 898 3862 δὲ
925 3811 1022 3863 καὶ
1048 3809 1220 3873 ἄλλως
1280 3811 1483 3874 ἐκεῖνος
1515 3813 1612 3879 τὴν
1647 3813 1848 3883 φράσιν
1873 3853 1889 3879 ,

311 3903 390 3965 ὡς
419 3905 480 3955 ἐν
513 3903 871 3972 μεταποιήσει
898 3903 1096 3972 κάμνει
1125 3905 1156 3973 ἡ
1184 3906 1372 3974 γραῖα,
1405 3904 1561 3958 πάλιν
1592 3905 1891 3975 εμογγιλά-

312 3995 420 4048 λει.
466 3993 830 4062 ’Δπεφοίὸαζε
854 3995 911 4047 δὲ
936 3995 1046 4064 ἄρα
1072 3997 1099 4047 ὁ
1140 3994 1298 4064 λόγος
1342 3989 1494 4059 οὗτος
1527 3997 1668 4050 κατά
1696 4015 1748 4050 τι
1787 4014 1893 4050 πυ-

314 4084 700 4150 θωνικνὺν,ὡς
734 4085 768 4154 ἡ
813 4087 1161 4157 πρεσϐυτάτη
1210 4088 1576 4160 Θεσσαλονίκη
1629 4090 1766 4160 πρὸς
1808 4092 1886 4144 ετ-

1998 3290 2122 3330 cum
2179 3272 2397 3342 fragore
2457 3272 2770 3338 cadebant,
2821 3273 3081 3328 immotus
3123 3283 3181 3329 ut
3222 3283 3380 3340 erat,
3425 3276 3570 3331 Audi

1999 3380 2190 3430 anum,
2223 3363 2404 3430 dixit;
2439 3365 2577 3418 adeo
2601 3373 2799 3419 natura
2828 3364 3135 3436 intrepidus
3159 3381 3223 3420 ac
3255 3367 3570 3422 moderatus

1995 3457 2140 3512 enim
2175 3465 2311 3520 erat,
2347 3465 2406 3510 ut
2435 3456 2729 3520 nutricem,
2759 3455 2804 3509 si
2839 3456 2907 3511 de
2952 3471 3017 3510 eo
3046 3466 3369 3526 gravaretur
3391 3497 3408 3522 ,
3435 3464 3570 3510 stu—

1993 3547 2239 3617 piditatis
2270 3547 2664 3602 accusavisset.
2720 3545 2988 3604 Laconico
3058 3562 3238 3602 autem
3290 3547 3570 3617 respondit

1992 3637 2138 3707 quod
2190 3651 2331 3691 anus
2408 3637 2773 3692 restaurando
2834 3635 3174 3706 fatigaretur.
3236 3635 3338 3692 Hic
3388 3651 3569 3691 sermo

1991 3725 2294 3796 Pythonem
2346 3728 2651 3794 redolebat,
2708 3728 2856 3784 sicut
2901 3728 3127 3797 antiqua
3167 3728 3569 3784 Thessalonica

1989 3817 2056 3871 ad
2103 3816 2246 3870 idola
2273 3815 2660 3871 defunctarum
2693 3816 2931 3882 accedit,
2973 3817 3118 3873 sicut
3164 3816 3369 3871 dudum
3393 3830 3459 3869 ex
3486 3814 3570 3868 hi-

1992 3908 2169 3962 storia
2198 3907 2518 3963 didicimus.
2552 3906 2788 3979 Lapides
2812 3917 2993 3963 autem
3025 3907 3124 3963 viri
3149 3907 3368 3977 pondus
3393 3906 3565 3960 habe-

1989 3999 2146 4064 bant,
2189 4002 2254 4055 iis
2276 4001 2510 4065 similes,
2547 4014 2686 4069 quas
2709 3998 3091 4071 Laestrygones
3125 4007 3318 4055 contra
3359 3994 3572 4066 Ulyssis

1991 4091 2176 4146 socios
2205 4091 2438 4160 jaculati
2468 4100 2620 4146 sunt.

313 4183 458 4237 δωλα
514 4184 804 4254 καμόντων
837 4182 1066 4251 οἴχεται,
1092 4181 1236 4234 καθὰ
1291 4183 1385 4237 καὶ
1432 4183 1601 4236 πάλαι
1647 4183 1799 4249 ποτὲ,
1837 4183 1913 4248 ῶς
1961 4183 2022 4250 ἔξ
2056 4185 2292 4255 ἱστορίας
2353 4187 2585 4258 καθήκει
2640 4187 2735 4240 καὶ
2763 4187 2844 4250 εἰς
2897 4186 3064 4257 ἡμᾶς.
3113 4184 3223 4238 Καὶ
3248 4180 3386 4255 ἦσαν
3414 4182 3574 4259 οίλίτ

313 4278 400 4331 θοι
451 4275 698 4345 ἀκριϐῶς
732 4276 1075 4346 ἀνδραχθεῖς,
1132 4276 1352 4366 ὁποίους
1403 4277 1546 4330 κατὰ
1591 4277 1699 4331 τῶν
1731 4279 1879 4350 ἀμφὶ
1903 4279 1996 4334 τὸν
2037 4279 2303 4335 Ὀδυσσέα
2327 4281 2394 4332 ὀί
2432 4280 2835 4350 Λαιστρυγόνες
2859 4278 3264 4351 διεχειρίζοντο.

382 4415 497 4469 126'.
529 4413 638 4467 Τοῦ
681 4415 862 4467 τοίνυν
906 4414 1077 4468 κακοῦ
1117 4415 1269 4469 κάτω
1300 4415 1399 4483 μὲν
1449 4416 1884 4485 ἀναστομοῦντος

2061 4414 2154 4470 82.
2187 4415 2325 4470 Dum
2362 4416 2527 4487 igitur
2556 4429 2751 4471 murus
2779 4415 3006 4470 inferior
3034 4414 3140 4470 late
3159 4420 3382 4483 apertus
3412 4421 3566 4469 esset

313 4507 395 4568 ei;
439 4505 722 4571 ἀξιόλογον
771 4505 958 4575 χάσμα
983 4505 1083 4576 τὴν
1120 4504 1215 4558 τοῦ
1241 4503 1455 4572 τείχους
1488 4507 1885 4576 στεγανότητα,

311 4598 429 4650 ἂνω
461 4597 520 4649 δὲ
554 4595 816 4658 τοιούτοις
846 4595 1015 4659 λίθοις
1056 4597 1136 4659 είς
1169 4595 1374 4664 τρόμον
1423 4595 1770 4667 βιαζομένου,
1797 4600 1891 4652 ὀκ-

309 4690 463 4754 λάζει
489 4689 553 4740 τὺ
594 4689 688 4740 καὶ
715 4689 838 4747 τοὺς
863 4687 1030 4750 πόδας
1058 4687 1150 4740 καὶ
1172 4687 1240 4740 τὰ
1267 4687 1506 4758 ὕπερθεν
1553 4687 1750 4744 παθόν.
1781 4689 1891 4743 Καί

313 4796 432 4841 πως
464 4779 561 4830 ἐπὶ
610 4776 741 4846 γόνυ
771 4777 1066 4841 συνιζάνει,
1109 4779 1179 4830 τά
1209 4795 1273 4846 γε
1319 4779 1511 4849 πρῶτα
1559 4779 1888 4850 εὐμηχάνως

311 4868 672 4932 συνεστηκὸς,
703 4868 808 4932 ἕως
839 4870 888 4922 οἱ
932 4870 1031 4939 μὲν
1066 4869 1458 4940 ὑπορύττοντες
1501 4871 1592 4926 τὸν
1635 4873 1756 4926 κατ’
1791 4874 1890 4926 αὐ-

305 4963 438 5023 τοὺς
487 4961 688 5015 ἄεθλον
727 4961 1059 5031 διηνυκότες,
1103 4964 1558 5032 ἀποκατέστησαν
1601 4966 1722 5028 ταῖς
1777 4966 1889 5019 τῶν

310 5053 728 5128 συμὸαρσάρων
800 5055 1024 5123 σκηναῖς
1057 5070 1071 5084 ’
1101 5053 1168 5106 τὰ
1212 5055 1268 5106 δὲ
1330 5055 1746 5125 ὑποῦεόλημένα
1809 5059 1890 5123 είς

305 5154 550 5224 ἔρεισμα
600 5150 668 5217 τῇ
703 5146 932 5216 διορυγῇ
961 5146 1234 5213 κατεκάη,
1287 5145 1361 5208 ὡς
1391 5146 1574 5201 δοῦναι
1605 5150 1770 5202 τόπον
1801 5150 1889 5203 ὲν-

301 5241 503 5296 τεῦθεν
526 5242 594 5310 τῇ
623 5236 932 5305 κατακύψει
959 5235 1053 5289 τοῦ
1084 5237 1314 5304 τείχους.
1350 5229 1534 5306 Οὖπερ
1554 5235 1728 5299 οὕτως
1753 5237 1888 5291 ὑπο-

303 5331 590 5391 κλιθέντος
638 5329 722 5389 είς
777 5327 1146 5396 πλαγιασμὸν,
1225 5325 1520 5395 συμϐαίνει
1562 5326 1623 5379 τὸ
1671 5328 1885 5382 ἐκείνου

299 5428 473 5496 ἀκρον
506 5420 850 5490 διαιρεθῆναι
882 5417 1088 5472 ἄνωθεν
1125 5417 1229 5480 ἓως
1257 5421 1350 5470 καὶ
1387 5419 1559 5484 κάτω,
1604 5419 1732 5473 ἔνθα
1767 5438 1885 5485 πως

300 5513 674 5586 ἐγλωχινοῦτο
727 5511 1119 5581 γωνιούμενον,
1172 5511 1265 5563 καὶ
1317 5510 1589 5580 διαχανεῖν
1631 5513 1714 5574 εἰς
1747 5513 1887 5582 ἡμέ-

297 5626 459 5680 τερον
503 5606 755 5677 ὄλεθρον.
797 5603 908 5658 Τοῦ
959 5603 1067 5671 γὰρ
1117 5602 1426 5655 συνδετικοῦ
1477 5603 1885 5673 παραλυθέντος

299 5700 519 5775 είρμοῦ,
550 5699 775 5770 ἔσχιστο
803 5696 867 5761 ἐξ
926 5695 1196 5765 ἀνάγκης,
1229 5696 1312 5749 ὃτι
1363 5697 1500 5768 μηδὲ
1534 5693 1679 5769 εἶχεν
1700 5700 1734 5770 ή
1763 5700 1886 5770 ὲχο-

1999 4513 2058 4562 ut
2108 4521 2331 4577 vorago,
2364 4506 2620 4574 superior
2650 4514 2832 4560 autem
2881 4504 3158 4574 lapidibus
3205 4502 3468 4573 prdjectis
3497 4501 3566 4555 ad

1999 4599 2251 4655 timorem
2313 4598 2673 4668 injiciendum
2756 4597 2980 4662 hiaret,
3057 4595 3261 4649 malum
3327 4593 3568 4659 undique

1996 4692 2376 4763 grassabatur.
2404 4691 2902 4757 lnterdmnautem
2934 4689 3002 4743 ad
3037 4699 3214 4756 genua
3241 4685 3568 4753 procumbe-

1995 4786 2128 4840 bant
2164 4785 2291 4840 dum
2339 4784 2694 4842 suﬂ'odientes
2731 4790 2855 4852 post
2903 4781 3219 4836 exantlatos
3267 4778 3486 4833 labores
3532 4791 3562 4828 a

1998 4875 2248 4930 tentoriis
2305 4874 2670 4929 Barbarorum
2707 4879 3110 4939 recesserunt;
3175 4869 3318 4939 quod
3382 4876 3564 4921 autem

1997 4979 2188 5022 contra
2216 4965 2418 5018 vallum
2453 4965 2758 5034 projectum
2796 4963 2980 5018 fuerat
3013 4963 3066 5017 in
3101 4961 3250 5016 fossa
3291 4961 3402 5032 igni
3426 4975 3562 5014 con-

1997 5067 2272 5127 sumptum
2315 5067 2417 5122 est,
2452 5067 2508 5109 ut
2542 5057 2684 5110 muri
2716 5055 2958 5125 spatium
2989 5054 3152 5109 inane
3179 5055 3564 5123 ampliaretur,

1998 5148 2090 5204 Sic
2111 5150 2374 5204 inclinato
2399 5163 2558 5202 muro
2596 5147 2836 5211 accidit,
2878 5158 2938 5200 ut
2977 5161 3115 5217 apex
3172 5161 3201 5199 a
3227 5158 3445 5199 summo
3493 5140 3564 5196 ad

1997 5241 2106 5296 ima
2139 5241 2506 5304 scinderetur,
2553 5241 2627 5294 ita
2666 5249 2724 5293 ut
2767 5239 2998 5309 angulus
3047 5239 3228 5292 factus
3280 5237 3354 5292 sit
3403 5233 3564 5289 uobis

1998 5346 2330 5402 magnopere
2387 5332 2710 5386 danmosus.
2758 5331 3054 5400 Postquam
3095 5331 3240 5385 enim
3271 5341 3564 5395 compages

1998 5426 2194 5479 solutae
2220 5434 2403 5479 essent
2433 5425 2678 5479 scissura
2699 5433 2887 5479 secuta
2918 5432 3022 5486 est,
3060 5424 3205 5491 quod
3232 5419 3375 5475 latus
3398 5418 3556 5472 alteri

2000 5517 2162 5572 lateri
2199 5518 2378 5584 aptari
2407 5532 2515 5571 non
2553 5525 2738 5586 posset
2775 5517 2829 5571 in
2864 5516 3177 5587 oppositum
3218 5521 3393 5566 tracto
3421 5524 3561 5579 pon-

1996 5610 2150 5674 dere,
2190 5607 2288 5663 sed
2336 5610 2577 5662 relaxata
2641 5608 2825 5678 aliqua
2877 5609 2961 5664 sui
3006 5617 3196 5676 parte;
3253 5605 3436 5659 vicino
3475 5602 3562 5656 in-

1997 5703 2232 5774 clinato_
2271 5702 2553 5758 adhaerere
2619 5701 2807 5770 desiit,
2870 5708 2924 5756 et
2986 5701 3067 5757 sic
3124 5713 3186 5755 os
3233 5696 3562 5754 immensum
