4084 6470
471 370 536 432 91
1187 360 1610 424 EUSTATHH
1649 357 2403 420 THESSALONICENSIS
2436 351 2998 420 METROPOLITA!
3046 418 3054 426 _

3664 361 3758 426 92

473 481 693 536 Tartari
727 479 991 534 adversus
1041 490 1142 531 nos
1177 476 1231 529 in
1277 477 1448 530 chaos
1491 475 1724 528 miserim
1779 474 2049 528 dilatavit.

2184 473 2298 540 ιένη
2335 470 2547 540 πλευρὰ
2605 471 2978 538 ἐγκαθεστῶτι
3020 470 3318 539 ἡρμᾶσολι,
3369 473 3470 542 τῆς
3510 474 3574 528 ἐκ
3603 476 3759 530 πλα-

471 579 607 646 γίων
635 574 964 643 ὑπενδούσης
999 574 1138 625 κατὰ
1170 569 1334 639 βάρος
1369 584 1384 599 .
1421 568 1536 621 ἀλλ’
1595 569 1930 636 ἐκπέμψασά
1951 590 2002 624 τι
2035 571 2256 639 ἑαυτῆς,
2287 567 2499 635 ἀφῆκεν
2528 566 2914 619 ἐπακολουθεῖν
2960 566 3357 640 κατακλιθεέσῃ
3395 571 3462 638 τῇ
3499 572 3704 637 γείτονι
3733 574 3752 589 ⁸

475 671 569 721 καὶ
595 667 736 719 οὕτω
772 665 1039 734 χασμημα
1091 661 1213 715 καθ’
1269 661 1428 729 ἡμῶν
1480 658 1607 729 ᾅδου
1656 659 1917 728 εὐρυνθὲν
1947 663 2295 715 κατέσπακεν
2336 659 2417 719 είς
2452 658 2583 727 χάος
2623 657 2942 724 ἀρτύγετον.

548 760 640 813 85.
677 759 768 812 Isti
820 766 997 810 autem
1035 753 1150 807 loco
1174 765 1368 805 nomen
1395 750 2060 815 eratChatmedracontis,

484 853 572 906 cui
599 847 940 904 cusmdiendi
963 845 1106 898 illum
1131 857 1252 897 cum
1283 840 1546 895 militibus
1561 841 1673 895 suis
1696 843 1937 897 strenuis
1970 857 2062 896 ne-

484 943 688 1014 gotium
728 942 911 993 datum
945 937 1148 1002 fuerat,
1191 946 1245 989 et
1277 935 1368 1003 qui
1409 935 1566 988 nobis
1598 949 1816 1003 quoque
1868 944 2058 1004 postea

481 1035 556 1090 rei
592 1031 840 1086 militaris
887 1027 1082 1097 peritia
1127 1039 1222 1080 sua
1257 1024 1442 1079 utilem
1484 1037 1704 1091 operam
1741 1024 1880 1078 tttlit.
1915 1025 2054 1078 Cum

479 1125 624 1180 enim
653 1121 799 1176 solus
827 1119 882 1171 in
909 1117 1044 1170 urbe
1077 1124 1359 1170 teneretur
1397 1114 1514 1168 sive
1551 1112 1765 1179 morbo,
1791 1115 1906 1168 sive
1931 1130 2064 1184 pru-

481 1213 698 1276 dentia,
745 1220 932 1281 postea
975 1217 1155 1262 autem
1206 1205 1527 1269 commilito,
1589 1204 2066 1275 periculorumque

483 1306 665 1360 socius
722 1309 954 1355 mortem
1005 1296 1361 1366 oppetiisset,
1420 1295 1521 1349 nisi
1573 1309 1672 1349 nos
1717 1294 1808 1350 Dei
1849 1297 2070 1367 sapien-

484 1399 558 1450 tia
599 1401 879 1454 monente,
915 1401 1121 1445 remoto
1177 1388 1438 1458 periculo,
1489 1396 1703 1456 tempus
1755 1389 2068 1445 distulisse-

485 1503 630 1550 tnus,
668 1499 778 1553 quo
812 1483 1082 1538 barbarus
1133 1480 1251 1549 ejus
1283 1480 1566 1534 emollitus
1597 1487 1682 1536 est
1716 1480 1951 1546 animus,
1994 1482 2069 1537 ita

486 1590 548 1634 ut
605 1577 810 1633 homini
871 1583 1062 1629 nostro
1105 1574 1263 1639 vitae,
1311 1588 1420 1644 qua
1472 1572 1586 1641 jam
1644 1589 1789 1628 nunc
1841 1573 2068 1644 fruitur,

489 1671 855 1740 sospitatores
898 1666 1186 1722 fuerimus.

562 1965 656 2020 84.
703 1963 856 2019 Muro
893 1963 1077 2033 itaque
1130 1963 1313 2018 diruto
1362 1965 1452 2018 ubi
1495 1963 1614 2017 dies
1647 1963 1828 2017 illuxit
1858 1972 1912 2018 et
1944 1963 2077 2017 illud

492 2056 745 2110 foramen
773 2055 1113 2110 Chai-ouium
1149 2055 1335 2110 hostes
1367 2055 1654 2124 nostrique
1679 2055 1976 2120 vidissent,
1997 2055 2077 2110 illi

2242 755 2353 811 πγ’.
2380 744 2489 800 Ἦν
2520 747 2575 800 δὲ
2603 747 2631 798 6
2661 747 2828 809 τόπος
2878 742 3032 809 οὗτος
3063 746 3274 816 πύργος
3318 746 3712 815 Χαμαιδράκον
3732 782 3754 794 ο

2166 857 2256 903 τος
2285 838 2602 908 ἐπικληθεὶς
2657 837 2735 906 τῷ
2770 837 2988 906 λαχόντι
3047 839 3362 893 ἐπιστατεῖν
3396 840 3493 892 σύν
3533 858 3597 910 γε
3632 846 3758 907 τοῖς

2167 930 2307 1000 ἀμφ’
2333 930 2495 983 αὐτὸν
2530 931 2631 982 οὐκ
2674 930 2897 996 ἀεργοῖς
2947 933 3380 998 στρατιωτικοῖς,
3428 933 3587 1004 ἀνδρὶ
3622 937 3758 988 τότε

2170 1026 2269 1094 μὲν
2296 1039 2568 1091 τακτικῳ,
2602 1021 2828 1092 ὕστερον
2860 1022 2953 1075 καὶ
3003 1026 3266 1093 συμπόνῳ
3318 1025 3451 1094 ἡμῖν
3490 1041 3502 1054 ·
3539 1026 3598 1089 ὃς
3646 1031 3760 1098 μό-

2167 1134 2256 1180 νος
2277 1115 2386 1169 τῶν
2419 1114 2596 1168 ἄλλων
2620 1113 2897 1182 ἐνσχεθεὶς
2927 1115 2997 1183 τῇ
3031 1113 3211 1176 πόλει,
3237 1113 3298 1166 τὸ
3334 1115 3434 1182 μὲν
3481 1117 3761 1188 φαινόμε-

2167 1225 2260 1263 νον
2317 1207 2459 1260 κατὰ
2491 1205 2667 1269 νόσον,
2700 1205 2879 1267 ἄλλως
2930 1205 2985 1256 δὲ
3027 1204 3345 1276 προμηθείᾳ
3387 1207 3482 1259 καὶ
3517 1210 3763 1262 συναεθ..

2175 1299 2348 1352 λεύων
2379 1299 2511 1369 ἡμῖν
2567 1297 2883 1368 παρήγορα,
2909 1295 3066 1365 θρὶξζ
3102 1297 3131 1349 ὅ
3182 1313 3369 1364 φασιν,
3436 1299 3541 1351 ἀνὰ
3586 1301 3764 1369 μέσον

2177 1391 2274 1445 καὶ
2329 1389 2524 1443 ἓὸλεπε
2560 1388 2811 1454 θάνατον,
2858 1388 2906 1441 εί
2941 1387 3018 1458 μὴ
3051 1387 3112 1440 τὸ
3162 1388 3264 1456 τῆς
3317 1390 3504 1458 τριχὸς
3547 1391 3765 1460 ταύτης

2177 1482 2498 1554 γραμμικδν
2517 1476 2607 1535 οἶα
2627 1480 2722 1532 καὶ
2756 1481 2837 1542 είς
2864 1496 2918 1532 τι
2949 1478 3128 1532 πλατὺ
3169 1478 3428 1532 ἐπίπεδον
3455 1481 3615 1550 ἡμεῖς
3640 1482 3767 1535 δῶ,-

2181 1576 2505 1645 στήσαντες,
2539 1571 2615 1635 ὡς
2676 1569 3022 1641 μεθώδευσεν
3049 1570 3078 1621 6
3107 1570 3205 1640 τῆς
3256 1572 3448 1639 σοφίας
3477 1572 3629 1638 Θεὸς,
3665 1574 3770 1627 καὶ

2177 1670 2614 1740 παρατείναντες
2646 1667 2863 1737 καιρὸν.
2899 1665 2967 1718 δι’
3015 1661 3076 1720 οὗ
3108 1666 3504 1736 όβαρϐαρικὸς
3552 1669 3774 1737 ἐμαλά-

2176 1760 2280 1830 χθη
2308 1759 2500 1830 θυμὸς,
2536 1757 2966 1827 συνετελέσαμὲν
2991 1774 3046 1808 τι
3073 1760 3167 1809 καὶ
3189 1758 3256 1811 αὐ
3269 1759 3347 1810 τοὶ
3376 1758 3454 1828 τῷ
3478 1758 3771 1829 ἀνθρώπῳ

2099 1823 2147 1883 Β
2176 1823 2356 1914 ἔιξτδ
2381 1823 2580 1915 καλὸν,
2614 1846 2676 1924 ἧς
2711 1849 2840 1918 ἄρτι
2867 1823 3007 1920 ἐχει,
3036 1850 3207 1920 ζωῆς.

2250 1963 2354 2020 πδ’.
2401 1964 2512 2018 Τοῦ
2565 1965 2746 2018 τοίνυν
2789 1963 3006 2033 τείχους
3063 1965 3274 2016 ἐκείνου
3334 1964 3625 2029 παθόντος,
3670 1965 3753 2030 ὡς

2179 2057 2405 2123 ἔπαθεν,
2437 2057 2670 2127 ἐπείπερ
2687 2058 2874 2128 ήμέρα
2894 2057 3176 2124 διέφαυσε,
3207 2058 3300 2109 καὶ
3324 2053 3464 2110 εἶδον
3488 2059 3550 2109 τδ
3579 2059 3770 2110 ἐκεῖσε

493 2149 731 2201 ferarum
789 2163 941 2202 more
991 2147 1219 2201 hiabant
1261 2157 1456 2202 contra
1512 2161 1636 2212 nos,
1689 2147 1848 2202 nobis
1889 2154 2076 2201 autem

2184 2150 2496 2220 Χαρώνειον
2523 2151 2711 2220 χάσμα
2737 2151 2790 2203 οἵ
2809 2167 2868 2203 τε
2892 2150 3101 2220 ἐχθροὶ,
3132 2150 3258 2202 οἵτε
3286 2151 3586 2220 ἡμεδαποὶ,
3617 2151 3772 2203 ἐκεῖ-

491 2239 681 2295 oculos
744 2240 1132 2294 claudentibus
1179 2241 1359 2295 omnis
1418 2255 1544 2310 spes
1593 2241 1903 2295 interierat.
1958 2238 2079 2293 Dux

2184 2257 2265 2294 νοι
2299 2243 2398 2310 μὲν
2420 2244 2758 2309 συνέχασκον
2779 2238 3064 2309 θηριωδῶς
3086 2238 3180 2292 τοῦ
3209 2239 3404 2292 λοιποῦ
3439 2239 3558 2293 καθ’
3580 2239 3766 2310 ἡμῶν·

492 2340 674 2384 autem
696 2341 852 2384 antea
877 2331 1072 2399 plenus
1093 2330 1292 2384 fiducia
1314 2339 1451 2392 erat,
1471 2331 1742 2398 iactitans
1764 2331 1908 2400 apud
1932 2330 2076 2386 haud

2184 2335 2318 2403 ἡμῖν
2347 2333 2404 2387 δὲ
2443 2333 2770 2403 συμμύσασι
2805 2330 3069 2400 ξύμπασα
3131 2330 3389 2402 ἐκλείσθη
3420 2332 3599 2395 ἐλπίς.
3651 2333 3775 2385 Καὶ

495 2426 738 2495 ignaros,
759 2424 906 2492 quod
940 2425 1111 2477 muris
1131 2423 1266 2476 nihil
1288 2423 1584 2490 accideret,
1607 2432 1661 2477 et
1677 2423 1720 2478 si
1753 2424 2076 2491 ceciderint,

2184 2420 2251 2496 ἢν
2285 2425 2384 2493 μὲν
2419 2423 2490 2476 τὰ
2522 2423 2632 2492 πρὸ
2662 2423 2854 2476 τούτου
2882 2423 3086 2494 θρασὺς
3109 2425 3136 2475 6
3171 2423 3500 2494 στρατηγὸς,
3542 2425 3776 2492 κομπά-

492 2519 608 2583 ipse
638 2526 824 2570 tamen
869 2516 1095 2586 optimis
1145 2532 1175 2570 e
1226 2517 1401 2586 copiis
1451 2517 1649 2573 electis
1685 2516 1824 2571 viris
1859 2531 2078 2571 murum

2184 2516 2292 2581 ζων
2324 2515 2460 2586 πρὸς
2491 2516 2620 2580 τοὺς
2671 2511 2730 2570 εὖ
2789 2517 3022 2579 εἰδότας,
3052 2515 3112 2569 τὸ
3141 2515 3318 2585 τεῖχος
3351 2515 3453 2569 οὐκ
3479 2512 3540 2570 εὖ
3573 2517 3774 2569 πείσε-

496 2610 734 2663 ferreum
755 2609 990 2676 spondet
1005 2624 1063 2661 se
1085 2609 1494 2677 oppositurum,
1515 2609 1684 2663 armis
1703 2618 2076 2678 compactum,

499 2700 894 2769 custodemque
924 2701 1168 2754 futurum
1195 2699 1406 2754 civitati
1432 2715 1529 2770 per
1549 2700 1910 2770 quadraginta
1933 2701 2078 2756 dies.

497 2792 782 2850 Postremo
838 2803 1018 2847 autem
1056 2794 1144 2846 hic
1188 2792 1354 2846 homo
1385 2792 1763 2861 iactabundus
1812 2793 2083 2848 sermoci-

499 2885 680 2938 nando
710 2883 763 2937 in
793 2887 933 2937 muri
972 2884 1218 2939 scissura
1255 2883 1533 2953 jactantim
1584 2885 1743 2939 finem
1782 2885 2083 2955 imposuit;

495 2979 613 3046 ipse
638 2985 818 3030 autem
848 2991 955 3030 non
985 2991 1216 3032 manens
1251 2991 1310 3031 se
1336 2977 1462 3031 inde
1496 2975 1791 3046 proripuit.

562 3292 654 3348 85.
694 3291 866 3347 Simul
899 3305 966 3347 ac
1006 3292 1220 3347 hastam
1261 3292 1315 3346 in
1364 3292 1639 3347 moenibus
1669 3292 1871 3348 dirutis
1922 3291 2078 3359 vidit,

489 3400 600 3455 quo
637 3400 778 3439 unus
801 3400 832 3439 e
856 3386 1040 3440 nautis
1069 3387 1421 3451 ascenderat,
1455 3401 1598 3455 quos
1635 3394 1692 3439 ut
1723 3386 1895 3441 fortes
1927 3393 1982 3440 et
2007 3385 2074 3440 ad

491 3478 764 3546 ejusmodi
819 3493 905 3532 res
962 3477 1176 3532 habiles
1227 3477 1487 3546 Siphanti
1564 3479 1724 3533 navis
1773 3477 2071 3532 advexerat

499 3576 518 3641 (
552 3572 856 3640 Siphanttts
901 3568 1076 3638 pirata
1122 3584 1247 3622 cum
1290 3569 1494 3622 Siculis
1518 3568 1699 3622 ftI-dus
1731 3569 1954 3634 inierat,
1986 3569 2080 3637 qui

495 3676 597 3715 nos
631 3675 846 3729 quoque
893 3658 1128 3726 hospitio
1166 3660 1378 3728 excepit
1403 3697 1418 3722 ,
1456 3667 1512 3710 ut
1560 3673 1673 3711 rem
1709 3665 1868 3726 prout
1919 3659 2084 3713 habet

498 3751 824 3814 referamus,
845 3751 900 3804 in
925 3763 1062 3802 nave
1091 3758 1148 3802 ut
1182 3750 1284 3803 hoc
1303 3763 1522 3820 quoque
1553 3751 1743 3818 paucis
1765 3749 2036 3820 dicamus)
2065 3767 2080 3816 ;

497 3843 644 3912 quod
684 3843 774 3896 ubi
823 3842 1065 3910 primum
1099 3841 1233 3894 vidit
1280 3840 1452 3894 David
1490 3841 1909 3903 tremebundus,
1945 3855 2081 3896 ecce

502 3934 799 4004 praemissis
819 3933 1081 3988 oblivioni
1102 3933 1244 3988 datis
1264 3931 1625 4002 quadraginta
1648 3933 1767 3987 dies
1789 3933 1855 3986 ad
1875 3933 2084 4002 aliquot

504 4030 667 4080 horas
693 4026 976 4080 reduxitet
995 4025 1220 4080 dorsum
1247 4024 1497 4078 hostibus
1524 4025 1742 4080 obtulit.
1759 4023 1892 4080 Cum
1923 4027 2086 4097 igitur

503 4119 706 4173 milites
731 4131 916 4171 coram
944 4116 1201 4170 omnibus
1231 4116 1706 4171 vociferarentur:
1735 4134 1754 4168 ι
1783 4115 2082 4185 Comnene,

502 4217 713 4264 stamen
734 4215 788 4263 et
807 4207 1102 4278 peditatus,
1135 4225 1155 4260 ι
1195 4207 1285 4262 ille
1319 4216 1501 4262 autem
1521 4222 1708 4263 vocem
1742 4209 2085 4264 terminalem

506 4301 838 4364 addidisset,
870 4298 1345 4369 καταϐαλίκευμα,
1394 4307 1496 4354 et:
1541 4298 1696 4354 Sicut
1722 4291 1815 4356 'me
1856 4303 2082 4366 videtis,

503 4391 771 4462 Pegasum
801 4391 1048 4444 invenire
1082 4391 1255 4460 cupiit
1285 4405 1524 4460 quocum
1569 4392 1623 4448 in
1655 4402 1873 4449 montes
1906 4405 2002 4449 aut
2029 4395 2082 4448 in

2188 2607 2334 2672 σθαι,
2365 2606 2462 2672 ὡς,
2501 2609 2548 2660 εί
2585 2607 2680 2662 καὶ
2713 2610 3133 2671 καταπεσείται,
3182 2609 3331 2676 ὅμως
3357 2609 3518 2671 αὐτὸς
3544 2609 3778 2676 ἐπιλέγ-

2183 2699 2282 2766 δην
2313 2700 2507 2769 κρίνας
2532 2700 2661 2762 τοὺς
2693 2700 2954 2771 ἀρίστους
2999 2701 3096 2770 τῆς
3128 2702 3417 2770 στρατιᾶς,
3449 2703 3627 2770 τεῖχος
3679 2717 3778 2771 ⁸ιιι-

2185 2790 2380 2862 δὴρεον
2415 2793 2759 2861 ἀντιστήσει,
2789 2791 2849 2844 τὸ
2881 2793 2946 2844 ἐκ
2982 2791 3093 2844 τῶν
3143 2791 3346 2856 ὃπλων,
3383 2793 3477 2844 καὶ
3532 2791 3639 2853 ἕως
3669 2795 3778 2844 καὶ

2187 2883 2269 2944 είς
2299 2881 2714 2953 τεσσαράκοντα
2748 2882 2962 2952 ἡμέρας
2995 2880 3171 2951 φύλαξ
3199 2881 3354 2936 ἐσται
3399 2882 3500 2952 τῆς
3531 2882 3776 2944 πόλεως.

2187 2975 2326 3029 Τότε
2351 2974 2409 3028 δὲ
2441 2977 2468 3028 6
2503 2975 2670 3045 μέχρι
2699 2974 2858 3042 λόγου
2896 2974 3106 3044 θρασὺς
3141 2975 3400 3045 ρηξήνωρ
3431 2977 3497 3044 τῇ
3534 2973 3629 3027 τοῦ
3653 2973 3779 3026 τεί-

2187 3085 2318 3138 χους
2351 3067 2506 3138 ῥήξει
2533 3067 2766 3137 διεκόπη
2805 3067 2914 3121 τῶν
2945 3069 3282 3137 αὐχημάτων
3307 3083 3323 3100 ο
3355 3068 3446 3120 καὶ
3475 3067 3548 3137 μὴ
3589 3068 3779 3138 μένων

2111 3174 2159 3233 C
2190 3165 2218 3217 6
2249 3162 2436 3226 αὐτὸς,
2463 3162 2702 3232 ἔμπαλιν
2731 3161 3035 3228 ἐξένευσεν.

2255 3299 2364 3356 πε’.
2394 3301 2546 3372 Ἀμα
2586 3301 2696 3372 γὰρ
2727 3301 2857 3372 δόρυ
2887 3302 3160 3370 ἐσκέψατο
3190 3302 3490 3371 πολεμικὸν
3539 3305 3634 3358 ἐπὶ
3668 3304 3774 3359 τοῦ

2189 3397 2472 3466 ῥήγματος
2494 3395 3016 3466 ἀναῤῥιχησαμένου
3044 3395 3154 3448 τῶν
3186 3412 3334 3460 τινος
3359 3395 3648 3466 πλωῒμων,
3669 3396 3775 3463 οὓς

2185 3486 2475 3556 ἀνδρικοὺς
2524 3487 2594 3540 τὰ
2625 3486 2858 3540 τοιαῦτα
2897 3490 2994 3541 καὶ
3045 3487 3255 3551 δεξιοὺς
3278 3489 3312 3558 ἡ
3339 3488 3435 3542 τοῦ
3494 3489 3777 3558 Σιφάντου

2185 3577 2319 3640 ναῦς
2347 3579 2582 3642 ἐπλώῖζε
2615 3579 2907 3651 (πειρατὴς
2933 3579 2991 3631 δέ
3036 3581 3064 3630 6
3090 3579 3378 3645 Σιφάντος,
3412 3578 3555 3630 ἑκὼν
3591 3596 3774 3648 προσ-

2186 3673 2446 3739 χωρήσας
2475 3673 2590 3734 τοῖς
2621 3671 2863 3732 Σικελοῖς
2891 3669 3034 3723 κατὰ
3055 3687 3175 3723 τινα
3202 3670 3415 3740 ῥήτρην
3446 3669 3544 3740 τὴν
3572 3671 3774 3722 συνδόο

2188 3760 2341 3823 ξασιν
2366 3776 2378 3791 ⁶
2409 3760 2466 3823 ὃς
2489 3761 2583 3812 καὶ
2609 3763 2755 3830 ἡμᾶς
2787 3761 2922 3813 ἐλὼν
2961 3760 3192 3824 ἐξένισε,
3219 3761 3413 3830 ῥητέον
3434 3760 3540 3829 γὰρ
3568 3759 3773 3829 οὕτως,

2187 3855 2281 3906 ἐπὶ
2312 3854 2447 3915 νεὼς
2500 3854 2600 3922 τῆς
2652 3853 2776 3905 κατ’
2805 3854 2992 3915 αὑτὸν,
3027 3853 3100 3914 ὡς
3155 3852 3250 3904 καὶ
3313 3851 3775 3916 ὑποκαταεάντες

2187 3948 2330 4017 λόγῳ
2385 3947 2561 4017 βραχὺ
2624 3947 3143 4018 παραστησόμεθα),
3219 3945 3339 4016 ἅμα
3398 3946 3530 4014 γοῦν
3592 3945 3775 4009 οὕτως

2187 4035 2330 4090 εἶδεν
2366 4040 2393 4088 6
2417 4038 2621 4108 τρέσας
2668 4037 2852 4098 Δαυῒδ,
2901 4039 2990 4091 καὶ
3023 4039 3141 4105 ἅμα
3189 4038 3422 4091 κατόπιν
3449 4037 3624 4106 βαλὼν
3664 4041 3775 4102 τὰς

2188 4128 2453 4197 ἀνδρικὰς
2489 4131 2838 4199 ὑποσχέσεις,
2863 4130 2957 4183 καὶ
2983 4133 3082 4194 τὰς
3111 4132 3524 4201 τεσσαράκοντα
3553 4132 3773 4201 ἡμέρας

2187 4222 2267 4283 είς
2299 4221 2420 4273 ούδέ
2467 4221 2664 4274 λεπτὸν
2703 4221 2989 4284 συστείλας
3019 4221 3191 4290 ὥρας,
3229 4223 3398 4288 ἔδειξε
3451 4225 3778 4293 μετάφρενα

2188 4311 2302 4372 τοῖς
2361 4309 2600 4380 ἐχθροῖς.
2663 4311 2774 4362 Καὶ
2821 4311 2935 4363 τῶν
2976 4313 3389 4383 στρατιωτικῶν
3444 4313 3778 4380 φωνούντων

2187 4401 2614 4471 λεωφορουμένῃ
2645 4400 2744 4469 βοῇ
2802 4401 2863 4454 τό
2893 4417 2906 4431 ·
2947 4423 2963 4453 ι
2999 4403 3274 4471 Κομνηνὲ,
3311 4404 3497 4472 στάμα
3533 4404 3625 4457 καὶ¹
3672 4405 3778 4458 πὲη

507 4483 686 4538 undas
732 4483 901 4537 maris
931 4484 1145 4537 altisoni
1198 4483 1416 4537 avolare
1449 4484 1766 4553 potuisset;
1806 4494 2079 4553 postremo

2193 4495 2370 4563 ζευμα
2394 4508 2408 4523 '
2439 4496 2467 4546 6
2501 4491 2546 4546 δ’
2573 4493 2941 4547 ἐπιτελεύτιον
2970 4492 3083 4548 οἷον
3114 4495 3421 4565 ἀντιμύξας
3457 4500 3518 4550 τό
3540 4515 3554 4530 ·
3591 4516 3610 4548 ι
3647 4499 3774 4551 Κα-

506 4577 654 4630 ιιιιιιο
702 4591 806 4630 suo
846 4575 937 4645 qui
975 4590 1099 4630 eum
1140 4585 1249 4628 tum
1289 4577 1565 4646 portabat,
1607 4587 1904 4631 contentus
1957 4578 2082 4632 fuit.

502 4669 750 4740 Anfugiit
772 4669 940 4740 igitur
965 4669 1127 4723 modo
1148 4678 1308 4723 antea
1340 4671 1622 4735 inusitato,
1640 4669 1915 4724 delicatus
1937 4671 2084 4734 visu,

505 4770 654 4818 veste
669 4763 812 4816 bona
834 4761 1091 4827 amictus,
1112 4776 1276 4814 manu
1318 4768 1599 4822 strenuus,
1619 4769 1677 4814 ut
1695 4764 2089 4832 gymnasiasta,

452 4919 456 4924 ,
507 4855 776 4925 sanguine
798 4869 907 4910 non
943 4856 1252 4910 maculatus
1279 4854 1426 4908 sicut
1457 4856 1602 4908 aries
1634 4860 1864 4908 caeteros
1898 4869 2094 4911 omnes

458 4942 463 4946 ’
509 4947 873 5016 pedissequos
914 4944 1178 5000 habebat.
1203 4945 1262 4998 ln
1301 4945 1403 4998 hac
1434 4945 1785 4999 multitudine
1807 4952 1967 4999 erant
1987 4945 2093 4999 viri

509 5037 872 5108 magnanimi,
913 5038 1154 5106 quiduci
1204 5038 1478 5106 ignaviam
1527 5036 2028 5114 exprobraverat“,
2059 5053 2092 5094 e

507 5132 709 5202 quibus
747 5130 838 5184 alii
862 5145 986 5184 cum
1016 5131 1178 5184 beato
1226 5131 1437 5184 honore
1465 5129 1809 5195 ceciderunt,
1841 5129 1935 5184 alii
1969 5137 2094 5197 post

513 5223 774 5293 praeclare
821 5221 966 5276 facta
1007 5222 1224 5276 hastam
1289 5222 1542 5276 hostilem
1595 5221 1773 5277 secuti
1821 5230 1971 5275 sunt.
2031 5219 2090 5274 In

512 5315 784 5386 principio
842 5324 1022 5370 autem
1077 5311 1303 5368 Barbari
1370 5314 1736 5368 ascendentes
1813 5311 2091 5368 deturbati

513 5413 642 5460 sunt
671 5420 700 5457 a
727 5404 941 5459 civibus
973 5403 1180 5458 nostris
1226 5418 1333 5457 non
1375 5403 1664 5458 militibus.
1701 5401 1768 5455 lli
1795 5401 1942 5458 enim
1987 5417 2090 5474 pro

517 5496 734 5551 viribus
785 5496 1116 5551 restiterunt
1160 5499 1334 5550 donec
1364 5495 1728 5552 circumventi
1778 5495 2089 5564 periculum

513 5585 779 5650 \iderent,
826 5585 938 5638 ιιοη
976 5586 1260 5654 perterriti
1307 5585 1506 5654 panico
1568 5583 1793 5639 Davidis
1857 5585 2080 5652 timore;

513 5673 608 5729 sed
641 5676 704 5730 de
741 5674 1121 5731 internecione
1169 5675 1489 5742 cogitabant
1531 5689 1718 5728 eorum
1769 5674 1860 5743 qui
1891 5690 2090 5728 excur-

516 5765 766 5821 sionibus
811 5766 925 5822 suis
981 5775 1190 5821 tantum
1241 5767 1365 5821 ntali
1429 5766 1565 5838 ipsis
1623 5763 1941 5820 intulerant.
1984 5766 2086 5832 Qui

2195 4585 2532 4654 δαλίκευμα,
2570 4602 2590 4634 ι
2621 4585 2716 4637 καὶ
2736 4585 2798 4638 τό
2825 4603 2838 4616 ·
2877 4604 2894 4637 t
2926 4586 3084 4642 Καθά
3113 4603 3180 4657 με
3239 4587 3490 4657 βλέπετε,
3531 4607 3550 4638 ›
3582 4589 3776 4644 ἐπόθει

2177 4675 2294 4744 ¹μὲν
2328 4676 2460 4738 ἴσως
2498 4678 2839 4745 παρατυχεῖν
2871 4694 2976 4729 που
3009 4676 3102 4730 τοῦ
3159 4678 3462 4746 τηνικαῦτα
3513 4681 3777 4750 Πήγασόν

2189 4779 2334 4828 τινα,
2388 4763 2454 4816 δι’
2481 4757 2542 4817 οἶδ
2596 4764 2930 4833 πτερύξεται
2968 4767 3048 4828 είς
3079 4767 3228 4836 ὅρος,
3276 4767 3388 4819 εἴθε
3438 4767 3580 4837 ἢείς
3615 4769 3773 4837 κῦμα

2192 4855 2618 4924 πολυφλοίσϐοιο
2639 4855 2940 4929 θαλάσσης.
2979 4858 3252 4928 Ἠρκέσθη
3284 4858 3342 4912 δὲ
3364 4860 3512 4929 ὅμως
3544 4863 3608 4930 τῇ
3639 4862 3772 4933 φίλῃ

2191 4945 2425 5014 ἡμιόνῳ,
2454 4943 2488 5015 ἢ
2520 4945 2614 4998 καὶ
2636 4945 2757 4998 τότε
2789 4948 2978 5016 φέρειν
3009 4947 3174 5001 αὑτὸν
3207 4947 3387 5017 ἔλαχε.
3427 4949 3536 5001 Καὶ
3589 4967 3772 5020 παραυ

2190 5033 2563 5105 δειγματικῶς
2619 5038 2972 5106 προφεύγων,
3029 5039 3300 5108 τρυφερὸς
3358 5040 3508 5105 ἰδεῖν,
3570 5041 3774 5110 εὔυφος

2191 5126 2292 5198 τὴν
2317 5127 2610 5195 ἀναϐολὴν,
2640 5130 2904 5198 ἄτριπτος
2933 5131 3120 5195 ὅπλοις
3149 5132 3248 5194 τὰς
3283 5135 3496 5202 χεῖρας,
3554 5151 3773 5203 γυμναο

2194 5217 2295 5286 σίῳ
2326 5217 2575 5286 πρέπων,
2607 5221 2870 5288 ἀμίαντος
2917 5223 3134 5292 αἵματι,
3180 5219 3325 5293 εἶχεν
3358 5225 3494 5276 ὡσεὶ
3531 5227 3624 5278 καὶ
3657 5227 3773 5279 κτί-

2193 5308 2282 5370 λος
2335 5308 2713 5377 ἐφεπομένους
2761 5314 2887 5375 τοὺς
2946 5314 3192 5376 ἅπαντας
3249 5316 3400 5383 παρά
3454 5333 3508 5368 τι
3566 5318 3770 5385 ὀλίγον.

2191 5395 2376 5451 *Ησαν
2394 5399 2504 5469 γὰρ
2533 5401 2590 5452 ἐν
2613 5401 2854 5472 τοσούτῳ
2888 5401 3084 5472 πλήθει
3108 5405 3203 5457 καὶ
3219 5406 3531 5474 μεγάθυμοι
3555 5407 3769 5476 ἄνδρες,

2191 5490 2243 5544 οἶ
2279 5491 2376 5543 καὶ
2431 5492 2850 5556 ἁντισταθέντες
2881 5495 2939 5546 ἐν
2977 5493 3055 5562 τῷ
3111 5495 3200 5547 τὸν
3259 5501 3568 5566 στρατηγὸν
3602 5499 3772 5552 ἄνετα

2191 5581 2411 5637 διώκειν
2444 5584 2641 5638 ἐαυτὸν
2678 5587 2754 5648 εἰς
2777 5585 2981 5656 φυγὴν,
3010 5588 3058 5639 οἱ
3089 5587 3190 5658 μὲν
3243 5586 3440 5642 ἔπεσον
3477 5591 3771 5660 μακαρίως

2193 5675 2288 5726 καὶ
2325 5675 2587 5741 εὐγενῶς,
2617 5676 2666 5728 οἱ
2696 5677 2752 5729 δέ
2780 5680 3004 5745 γενναῖα
3038 5677 3342 5746 δράσαντες
3383 5680 3766 5748 ἐνδεδὼκασιν,

2194 5767 2332 5821 ὅπου
2361 5783 2426 5835 γε
2463 5769 2556 5822 καὶ
2582 5769 2642 5823 τὸ
2666 5769 2961 5839 πολεμικὸν
2993 5774 3170 5827 ἐκεῖνο
3195 5773 3345 5844 δόρυ.
3370 5774 3483 5829 Καὶ
3516 5773 3567 5826 οί
3603 5791 3772 5828 συνα-
