4084 6498
474 409 548 473 95
1223 399 1640 466 EUSTATHII
1673 392 2116 458 THESSALON
2127 393 2428 456 ICENSIS
2465 393 3026 456 METROPOLITE
3670 396 3762 458 96

481 525 586 578 bus
614 521 733 575 loca
765 518 945 574 vicina
981 514 1225 572 civitatis
1263 514 1443 569 omnis
1488 512 1707 583 generis
1746 507 2056 566 seminibus

2172 508 2298 578 Ξπλη
2317 509 2410 562 θον
2436 509 2718 580 σπορίμων
2747 507 3133 574 παντοδαπῶν,
3153 499 3232 571 οἷς
3255 506 3538 578 χαίρουσιν
3565 509 3614 562 οί
3634 510 3766 563 τῶν

478 613 705 683 impleta
735 617 914 676 erant,
943 609 1148 679 quibus
1189 607 1530 662 delectamur
1571 602 1818 670 quaedam
1845 617 1909 654 ex
1940 599 2057 652 avi-

483 707 588 759 bus
644 703 940 774 (barbarus
991 700 1205 756 scilicet
1255 712 1365 752 non
1413 696 1532 749 sine
1561 695 1750 762 rapina
1779 701 1832 747 et
1877 699 2063 746 vasta-

486 795 635 848 tione
658 795 852 860 vivit);
883 807 981 846 nec
1029 804 1269 860 unquam
1302 785 1588 842 descendit
1613 782 1874 838 volucris.
1906 779 2063 846 Quod

487 901 618 940 vero
652 901 772 940 esse
804 883 1110 938 mirabilius
1135 890 1290 951 puto,
1315 879 1369 934 id
1394 887 1501 943 est,
1525 877 1670 947 quod
1693 877 1875 946 pluvia
1897 873 2064 928 vehe-

491 984 702 1028 menter
762 974 934 1043 lapsa,
985 987 1049 1025 ex
1102 971 1212 1024 illis
1267 969 1678 1037 dissipaverunt
1721 965 1930 1029 hostes,
1964 962 2066 1016 tol-

484 1067 658 1120 lentes
687 1065 933 1134 quidem,
970 1063 1102 1117 huic
1125 1075 1255 1116 vero
1278 1060 1511 1129 pulchro
1535 1057 1817 1112 territorio
1848 1053 2062 1108 semina

485 1173 596 1210 non
641 1156 1089 1219 committentes;
1123 1169 1190 1207 ex
1237 1150 1530 1205 frumentis
1570 1149 1696 1202 item
1730 1143 2063 1200 abundantia

489 1255 545 1300 et
578 1244 956 1314 magnitudine
1005 1241 1349 1311 insignibus,
1382 1239 1594 1293 nullum
1623 1235 1824 1289 animal
1855 1232 2063 1303 aliquid

486 1337 750 1407 gustavit,
789 1335 885 1389 sed
934 1333 1245 1402 eligendum
1291 1331 1369 1385 illi
1410 1336 1529 1386 erat
1561 1329 1786 1398 pulvere
1825 1333 1919 1379 aut
1954 1325 2059 1378 ali-

488 1443 598 1497 quo
653 1430 899 1496 germine
936 1423 1107 1486 vesci,
1149 1423 1235 1477 vel
1267 1421 1433 1475 variis
1467 1419 1670 1490 plantis
1702 1417 1901 1486 quibus
1927 1415 2065 1468 vici-

485 1518 714 1570 nitatem
761 1514 1300 1577 contaminaverunt,
1355 1524 1452 1565 seu
1509 1506 1685 1578 quod,
1751 1508 1913 1576 juxta
1967 1517 2064 1558 eos

483 1608 578 1676 qui
610 1605 948 1669 habitabant,
977 1612 1036 1658 ut
1058 1602 1198 1657 fama
1224 1610 1330 1666 est,
1361 1615 1486 1656 cum
1519 1601 1744 1669 antiquo
1781 1596 2062 1662 Diomede,

483 1696 762 1752 Barbaros
787 1703 842 1748 et
863 1693 963 1761 ipsi
977 1693 1229 1758 oderant,
1255 1696 1442 1759 utpote
1479 1689 1587 1744 illis
1615 1703 1723 1742 non
1748 1685 2065 1742 assuefacti.

556 1789 648 1843 88.
701 1787 824 1842 Hec
868 1795 1054 1841 autem
1113 1793 1169 1840 et
1228 1783 1337 1838 alia
1396 1781 1715 1851 hujusmodi
1773 1794 1885 1834 non
1935 1783 2068 1832 sunt

2166 601 2395 668 ὀρνίθων
2439 601 2825 671 σπερμοφάγοι
2875 601 2957 670 (τὸ
3011 600 3282 670 βάρϐαρον
3323 601 3432 670 γὰρ
3462 602 3562 654 οὐκ
3601 603 3759 655 ἀνίει

2171 694 2417 762 ἀρπάζον
2434 693 2527 746 καὶ
2543 693 2917 762 κατακενοῦν)’
2937 694 3084 762 ὅρνις
3103 692 3157 745 δέ
3175 692 3339 744 ποθεν
3355 694 3414 744 ού
3433 695 3757 748 κατέϐαινε.

2169 785 2372 837 Τούτου
2425 784 2506 850 δὲ,
2553 780 2731 854 οἶμαι,
2783 786 3095 851 καινότερον
3127 786 3305 837 ἐκεῖνο
3359 780 3449 854 ἦν,
3484 787 3567 838 ὃτι
3615 803 3757 853 περ,

2168 875 2327 929 ὑετοῦ
2356 877 2817 948 καταρραγέντος,
2847 879 2943 929 καὶ
2976 874 3037 940 ἐξ
3081 871 3156 931 ὧν
3187 877 3238 929 oi
3276 875 3460 947 ἐχθροὶ
3486 877 3762 948 ἐσκόρπι-

2169 967 2282 1032 ζον,
2325 965 2588 1037 ἀροῦντες
2639 967 2762 1035 μὲν,
2799 966 2993 1020 οῦκουν
3039 968 3355 1036 σπείροντες
3396 967 3454 1021 δὲ
3485 968 3546 1020 τδ
3573 967 3757 1021 καλδν

2165 1058 2288 1112 ὅλον
2332 1058 2488 1125 ἄστυ,
2538 1059 2706 1129 ληῖων
2747 1057 2935 1129 ὥσπερ
2983 1059 3335 1126 ἀναφυέντων
3376 1061 3606 1128 συχνῶν,
3652 1060 3757 1112 καὶ

2167 1153 2246 1215 είς
2281 1154 2454 1222 μῆκος
2482 1151 2911 1214 ἐπιδεδωκότων,
2937 1151 3090 1206 οὐδὲν
3121 1151 3264 1216 ζῶον
3291 1152 3579 1220 ποηφάγον
3602 1153 3759 1205 ἐκεῖ-

2167 1242 2258 1295 θεν
2293 1242 2548 1312 ἐκέρδανέ
2576 1260 2649 1308 τι,
2683 1244 2800 1296 ἀλλ’
2830 1239 2974 1313 εἶχεν
3019 1243 3253 1315 αἵρεσιν,
3285 1245 3486 1306 κόνεως
3516 1245 3759 1313 ἐρέπτε-

2169 1334 2317 1399 σθαι,
2339 1335 2485 1404 ἥπερ
2515 1336 2578 1386 ἐκ
2601 1335 2710 1387 τῶν
2733 1334 3184 1406 βεϐλαστηκότων
3205 1337 3420 1404 φαγεῖν·
3443 1336 3519 1398 ὡς
3563 1334 3596 1403 ἢ
3642 1353 3754 1388 πε-

2167 1425 2606 1495 φαρμαγμένων,
2635 1423 2718 1490 οἷς
2758 1427 2818 1480 τὸ
2846 1429 3104 1497 περιέχον
3147 1427 3430 1497 μεμίαντο,
3479 1425 3514 1496 ἢ
3541 1427 3638 1479 καὶ
3663 1427 3753 1479 ὅτι

2167 1517 2308 1571 κατά
2331 1517 2457 1581 τοὺς
2487 1517 2890 1588 ᾤκειωμένους,
2920 1519 2996 1582 ὡς
3024 1518 3203 1586 λόγος,
3239 1516 3317 1587 τῷ
3346 1517 3513 1571 πάλαι
3542 1518 3757 1586 Διομή·

2166 1608 2246 1661 δει
2278 1608 2598 1676 συνεμίσουν
2637 1607 2698 1661 τὺ
2729 1606 3012 1680 βάρϐαρον
3049 1610 3146 1662 καὶ
3176 1608 3354 1676 αὐτοὶ,
3387 1603 3475 1661 οἷα
3516 1607 3593 1678 μὴ
3622 1607 3758 1662 ἐθά-

2167 1699 2256 1763 δες
2278 1697 2526 1753 ἐκείνων.

2242 1786 2356 1856 mf.
2394 1789 2504 1841 Καὶ
2532 1788 2778 1842 τοιοῦτον
2826 1787 2928 1857 μὲν
2961 1788 3057 1840 καὶ
3081 1786 3263 1854 τοῦτο,
3293 1786 3645 1857 παραρῥιφὲν
3685 1787 3751 1839 οὐ

486 1879 782 1950 rejicienda
826 1888 883 1932 ut
927 1875 1206 1946 superﬂua
1235 1890 1300 1929 ex
1339 1872 1598 1927 historia.
1629 1871 1836 1926 Civitas
1877 1870 2065 1940 igitur,

2172 1879 2440 1949 περιττῶς
2469 1880 2548 1942 είς
2581 1879 2933 1950 συγγραφήν.
2978 1877 3042 1930 Ἦ
3071 1878 3128 1930 δὲ
3173 1877 3345 1939 πόλις.
3375 1877 3752 1946 είσπηδησάν-

486 1968 806 2024 conculcata
837 1967 918 2022 sic
941 1967 1010 2021 ab
1038 1965 1395 2029 adversariis,
1427 1973 1588 2033 passa
1621 1969 1706 2016 est
1732 1973 1892 2015 omne
1923 1956 2066 2027 quod

485 2059 717 2116 inhaeret
749 2059 912 2114 bello.
959 2055 1142 2112 Nostri
1188 2063 1395 2120 autem,
1430 2068 1542 2108 non
1587 2067 1748 2117 unus,
1781 2059 1874 2105 aut
1902 2051 2065 2113 alter,

488 2153 585 2207 sed
631 2166 842 2217 omnes,
878 2163 988 2204 non
1031 2147 1502 2219 retrospicientes,
1535 2145 1816 2215 fugerunt,
1847 2157 1907 2197 se
1933 2141 2069 2198 sub-

487 2243 738 2299 ducendo
793 2240 946 2296 brevi
989 2254 1247 2304 numero,
1299 2247 1360 2293 ut
1406 2236 1678 2302 diximus,
1734 2234 1880 2289 inter
1927 2230 2068 2301 quos

488 2336 700 2399 Boleas,
720 2346 864 2388 unus
892 2345 960 2387 ex
980 2329 1172 2385 ordine
1194 2328 1598 2392 ecclesiastico,
1624 2324 1742 2395 qui,
1771 2337 1942 2394 prope
1967 2323 2069 2376 tri-

487 2425 635 2495 ginta
664 2421 847 2478 securi
864 2420 1097 2486 necatis,
1129 2418 1254 2474 aliis
1281 2431 1414 2473 vero
1443 2415 1552 2470 alio
1572 2415 1739 2470 modo
1765 2413 1875 2468 vita
1906 2411 2070 2466 orba-

491 2519 584 2582 tis,
615 2528 812 2585 magno
843 2513 1086 2568 hostium
1120 2521 1318 2566 conatu
1374 2517 1605 2564 matrem
1654 2520 1809 2561 suam
1862 2513 2068 2558 terram

489 2607 773 2664 osculatus
810 2615 915 2661 est.
966 2602 1080 2658 Hoc
1129 2610 1217 2658 est
1248 2601 1416 2657 etiam
1467 2595 1803 2668 turpitudini
1851 2592 2067 2658 Davidi,

489 2698 607 2768 qui,
640 2703 932 2767 postquam
961 2694 1208 2763 iurasset
1248 2689 1368 2746 fore
1412 2701 1695 2756 nunquam
1727 2695 1788 2740 ut
1821 2681 2061 2751 fugeret,

491 2793 588 2848 sed
640 2790 824 2860 potius
870 2786 1076 2857 periret
1107 2782 1292 2853 gladio
1343 2795 1466 2847 suo,
1501 2777 1700 2835 deinde
1748 2775 1911 2833 saluti
1940 2773 2067 2845 fuga

491 2880 791 2946 consuluit,
823 2876 1094 2947 sanguine
1124 2873 1612 2930 incontaminatus.

557 2975 649 3030 89.
681 2971 832 3041 Fuga
857 2984 987 3026 vero
1029 2977 1216 3024 nostra
1241 2966 1404 3021 modo
1437 2971 1736 3020 memorata
1780 2975 1892 3017 non
1920 2961 2070 3014 inor-

491 3066 677 3122 dinata
709 3064 848 3130 fuit;
901 3063 1000 3118 sed
1050 3061 1157 3115 fuit
1205 3075 1273 3115 ex
1321 3065 1596 3129 potestate
1641 3056 1862 3128 politica
1905 3052 2066 3125 primi

493 3157 673 3224 ducis,
704 3156 847 3212 sicut
893 3155 1003 3224 jam
1052 3151 1329 3216 diximus;
1381 3148 1499 3219 qui,
1554 3146 1604 3203 si
1657 3145 1852 3201 faciem
1909 3157 2067 3198 suam

2167 1988 2277 2024 των
2316 1969 2424 2023 τῶν
2459 1970 2799 2040 ἀντιμάχων,
2821 1970 3079 2040 ἔπασχεν,
3105 1970 3206 2023 ὅσα
3235 1970 3379 2038 φιλεῖ
3403 1969 3534 2039 δρᾷν
3554 1969 3754 2038 άγριος

2167 2063 2423 2133 πόλεμος.
2457 2065 2568 2117 Καὶ
2612 2064 2662 2116 οί
2700 2063 2798 2135 μὲν
2858 2064 3138 2134 ἡμέτεροι,
3170 2063 3270 2132 οὐχ
3308 2063 3336 2113 ὁ
3369 2061 3489 2131 μὲν,
3525 2064 3552 2114 ό
3580 2061 3626 2114 δ’
3657 2058 3753 2129 οὓ,

2166 2155 2303 2209 ἀλλὰ
2322 2156 2522 2220 πάντες
2547 2154 2779 2225 ἔφευγον
2798 2156 3211 2226 ἀμεταστρεπτὶ
3247 2154 3369 2208 καθ’
3393 2154 3755 2224 ὑπεξαίρεσιν

2169 2247 2554 2318 εύαριθμήτων
2583 2264 2771 2313 τινων,
2795 2248 2934 2317 ὅπερ
2960 2245 3190 2315 ἔφαμεν·
3221 2248 3280 2299 ἐν
3313 2241 3395 2308 οἷς
3423 2245 3516 2298 καί
3541 2262 3620 2308 τις
3651 2244 3756 2297 Βο-

2167 2337 2292 2400 λέας
2320 2337 2430 2390 τῶν
2459 2337 2560 2406 τῆς
2588 2337 3047 2407 ἐκκλησιαστικῆς
3081 2336 3377 2401 ξυνοικίας,
3405 2336 3463 2398 ὃς
3493 2336 3658 2403 ἐγγὺς
3687 2339 3754 2400 ἐς

2166 2431 2462 2498 τριάκοντα
2485 2431 2610 2492 τοὺς
2635 2431 2734 2499 μὲν
2756 2430 2913 2500 ἀξίνῃ
2936 2429 3179 2499 δικάσας,
3207 2429 3332 2490 τοὺς
3361 2429 3418 2480 δὲ
3444 2429 3538 2481 καὶ
3568 2427 3754 2490 ἄλλως

2168 2524 2248 2585 είς
2270 2523 2331 2576 τὸ
2359 2523 2461 2593 ζῇν
2490 2521 2800 2592 ἁχρειώσας
2831 2521 3004 2592 πολλῇ
3043 2521 3252 2591 σπουδῇ
3280 2519 3393 2572 τῶν
3439 2519 3751 2588 πολεμίων,

2167 2612 2267 2684 τὴν
2297 2614 2510 2686 μητέρα
2543 2614 2648 2683 γῆν
2686 2613 2996 2684 ἠσπάσατο.
3039 2611 3290 2682 Δίσχύνη
3334 2611 3431 2664 καὶ
3472 2609 3603 2663 αὐτὸ
3645 2612 3749 2662 τοῦ

2170 2703 2352 2767 Δαυτδ,
2395 2704 2454 2768 ὃς
2496 2703 2573 2774 μὴ
2607 2704 2678 2758 ἄν
2712 2719 2846 2756 ποτε
2879 2703 3070 2771 φυγεῖν
3097 2701 3371 2771 άπομνὺς,
3400 2699 3515 2752 ἀλλ’
3543 2699 3636 2753 ἐπὶ
3668 2698 3755 2768 τῷ

2168 2795 2334 2850 αὐτοῦ
2361 2795 2503 2864 ξίφει
2531 2797 2742 2862 πεσεῖν,
2778 2789 2898 2849 εἶτα
2937 2793 3321 2864 προὺτράπετο
3356 2791 3618 2862 σωθῆναι,
3651 2789 3752 2842 λύ-

2171 2886 2284 2958 θρῳ
2306 2886 2598 2956 ἄχραντος.

2238 2977 2348 3032 πθ¹.
2365 2979 2472 3030 Καὶ
2490 2973 2604 3049 ἦνή
2622 2975 3089 3049 καθιστορουμὲνη
3108 2973 3252 3046 φυγὴ
3269 2973 3367 3027 οὑκ
3390 2973 3752 3039 ἀσύντακτος,

2169 3069 2284 3122 ἀλλ’
2315 3069 2556 3133 ἐνδόντος
2591 3069 2786 3139 ἀρχὰς,
2827 3068 2901 3129 ὡς
2966 3067 3400 3138 προεκτέθειται,
3447 3064 3542 3118 τοῦ
3587 3082 3754 3135 κορυ-

2178 3160 2339 3230 φαίου
2365 3159 2693 3229 στρατηγοῦ
2717 3159 2796 3224 ὃς,
2821 3159 2978 3228 εῐπερ
3007 3157 3176 3223 ἔδειξε
3206 3156 3393 3227 πρόσω
3405 3172 3499 3209 πον
3523 3156 3634 3218 τοῖς
3656 3157 3750 3225 ἐχο

492 3248 746 3304 hostibus
766 3245 1120 3311 ostendisset,
1147 3251 1311 3313 prout
1337 3241 1492 3295 illum
1517 3239 1884 3294 hortabantur
1910 3236 2067 3290 nobi-

2176 3250 2345 3320 θροῖς,
2379 3251 2455 3312 ὡς
2503 3249 2876 3303 ἐνεκελεύοντο
2921 3249 2969 3302 οἱ
3013 3249 3122 3302 τῶν
3151 3247 3574 3316 συμφευγόντων
3621 3263 3754 3315 γεν-

492 3341 686 3397 lissitni
732 3354 857 3394 cum
904 3337 998 3392 illo
1047 3335 1344 3407 fugientes,
1390 3335 1503 3390 cito
1561 3332 1780 3402 plagam
1826 3328 2068 3384 civitatis

495 3439 764 3487 curasset.
783 3429 978 3485 Milites
1003 3428 1208 3498 quippe
1225 3425 1444 3481 hostilis
1473 3422 1712 3494 agminis
1729 3428 1887 3476 erant
1915 3418 2065 3484 fessi,

493 3523 765 3595 fugientes
797 3518 1282 3592 apprehendendo,
1330 3516 1682 3587 pradamque
1725 3511 1973 3568 ferendo.
2007 3512 2067 3565 In

495 3616 584 3673 his
615 3630 752 3685 opus
777 3621 897 3669 erat
925 3611 1152 3666 homine
1189 3608 1427 3678 quodam
1459 3607 1612 3662 salvo
1637 3613 1692 3660 et
1722 3605 1931 3672 integro
1974 3601 2067 3671 qui

495 3707 731 3776 desuper
777 3704 1262 3759 animadvertisset
1310 3713 1376 3754 ac
1416 3696 1802 3768 signiﬁcasset,
1835 3693 2068 3748 telorum

494 3797 895 3854 vehementiam
931 3794 1043 3849 Deo
1093 3791 1440 3848 retundente.
1473 3787 1648 3843 Homo
1680 3787 1828 3842 enim
1858 3786 1946 3840 his
1980 3799 2071 3838 ca-

495 3887 835 3943 lamitatibus
892 3885 1201 3948 intricatus,
1233 3895 1299 3935 ac
1344 3881 1411 3936 de
1454 3879 1747 3948 semetipso
1798 3875 2072 3946 praecipue

497 3979 766 4049 cogitans,
799 3975 984 4030 omnia
1034 3982 1296 4030 accurate
1326 3969 1678 4027 conscribere
1705 3983 1815 4023 non
1843 3967 2068 4038 poterit,

497 4078 698 4142 praeter
739 4082 861 4139 qua:
917 4075 1046 4122 sunt
1083 4066 1318 4120 maxime
1361 4067 1673 4134 opportuna
1718 4075 1786 4116 ex
1820 4059 1906 4116 his
1950 4072 2071 4130 qua:

497 4161 710 4224 didicit,
745 4158 1057 4229 quibusque
1083 4155 1269 4210 multis
1297 4154 1474 4208 modis
1504 4151 1780 4206 immistus
1809 4158 1915 4206 est.

569 4250 660 4307 90.
682 4249 792 4306 Nos
830 4247 996 4318 igitur
1021 4261 1145 4301 cum
1187 4245 1254 4299 de
1281 4257 1406 4298 arce
1445 4241 1949 4311 desperavissemus
1998 4238 2070 4295 ob

499 4343 769 4400 defectum
789 4355 942 4410 aquae
961 4339 1120 4408 cujus
1150 4337 1258 4392 dux
1281 4336 1584 4392 conductor
1603 4332 1782 4389 factus
1803 4341 1889 4389 est
1905 4341 2070 4403 atque

497 4435 873 4492 necessariam
899 4430 1311 4502 supellectilem,
1329 4443 1394 4484 eo
1413 4427 1561 4498 quod
1575 4426 1645 4482 de
1665 4426 1756 4480 illa
1778 4424 2068 4480 dividenda

498 4524 936 4597 providissemus
981 4522 1123 4576 inter
1152 4534 1253 4574 nos
1283 4527 1339 4573 et
1362 4533 1458 4573 eos
1485 4515 1579 4587 qui
1607 4517 1755 4572 circa
1793 4531 1894 4571 nos
1915 4521 2066 4578 sunt,

2175 3342 2466 3412 ναιότεροι,
2485 3341 2817 3395 συνούλωσεν
2841 3339 2907 3394 ἂν
2925 3339 3058 3410 ταχὺ
3077 3338 3137 3392 τὸ
3152 3339 3372 3408 τραῦμα
3397 3338 3499 3407 τῆς
3516 3338 3748 3402 πόλεως.

2176 3435 2238 3486 Ol
2266 3433 2323 3487 δὲ
2351 3432 2448 3486 τοῦ
2480 3432 2740 3503 πολεμίου
2773 3431 2997 3500 στίφους
3027 3430 3289 3500 ἔκαμνον,
3327 3429 3422 3483 καὶ
3461 3431 3753 3499 ῥίπτοντες

2175 3529 2300 3588 τοὺς
2328 3526 2654 3594 φεύγοντας,
2695 3525 2790 3579 καὶ
2821 3525 3140 3594 σαττόμενοι
3172 3524 3412 3592 λάφυρα.
3443 3523 3550 3576 Καὶ
3579 3523 3750 3592 ἐχρῆν

2180 3621 2280 3688 μὲν
2300 3620 2356 3670 ἐν
2381 3618 2590 3681 τούτοις
2623 3617 2855 3687 ἀϐλητόν
2875 3634 2998 3671 τινα
3021 3615 3112 3669 καὶ
3137 3615 3431 3668 ἀνούτατον
3453 3615 3515 3666 ἐκ
3548 3613 3754 3684 μετεώ-

2181 3725 2275 3779 ρου
2311 3708 2476 3763 ποθὲν
2501 3708 2598 3779 τὴν
2653 3709 2836 3779 μάχην
2865 3707 3220 3772 σκέπτεσθαι,
3255 3707 3350 3758 καὶ
3386 3706 3750 3776 παρασημαί⁹

2177 3801 2381 3867 νεσθαι,
2402 3799 2492 3853 τοῦ
2514 3801 2649 3853 Θεοῦ
2688 3800 2886 3870 βελέων
2910 3800 3246 3870 ἀπερυκότος
3268 3798 3466 3867 ἐρωήν.
3501 3797 3752 3864 Ἀνθρω-

2178 3909 2278 3956 πος
2304 3893 2411 3962 γὰρ
2451 3891 2682 3955 ὲνδεθεὶς
2717 3889 2940 3958 τοιούτῳ
2965 3889 3144 3959 κακῷ,
3191 3888 3326 3958 πρὸς
3370 3885 3546 3956 ἐαυτῷ
3572 3887 3753 3954 ταμά-

2177 3983 2334 4036 λιστα
2359 3984 2450 4036 τὸν
2477 3982 2601 4036 νοῦν
2625 3981 2784 4051 ἔχων,
2833 3982 2936 4034 οὐκ
2965 3980 3031 4034 ἂν
3064 3979 3222 4048 σχοίη
3263 3976 3504 4048 ἀκριϐῶς
3549 3977 3610 4028 τὸ
3637 3979 3750 4029 πᾶν

2179 4075 2620 4145 συγγράψασθαι,
2641 4073 2780 4145 πλὴν
2796 4075 2876 4136 είς
2895 4073 2994 4126 ὅσα
3018 4070 3086 4124 τά
3113 4071 3328 4140 καίρια,
3366 4064 3440 4122 ὢν
3463 4084 3520 4121 τε
3547 4067 3744 4138 ἔμαθε,

2177 4167 2275 4221 καὶ
2306 4161 2389 4228 οἷς
2417 4166 2580 4227 αὐτὸς
2616 4163 2968 4233 πολυτρόπως
3000 4159 3320 4228 ἐπέστησεν.

2250 4256 2320 4326 ιε.
2359 4257 2550 4327 Ἦμεῖς
2574 4250 2668 4309 οὖν
2694 4255 2792 4324 τῆς
2819 4253 2919 4324 μὲν
2942 4251 3288 4322 ἀκροπόλεως
3315 4251 3638 4316 ἀπογνόντες
3660 4247 3752 4301 διά

2178 4349 2276 4419 τὴν
2306 4347 2404 4401 τοῦ
2445 4349 2623 4399 ἐκεῖσε
2656 4344 2847 4407 ὓδατος
2882 4342 3170 4413 ἐκδημίαν,
3201 4336 3269 4413 ἦς
3306 4341 3496 4410 ὁδηγὸς
3527 4343 3555 4394 ό
3586 4357 3754 4409 στρα-

2179 4441 2345 4513 τηγὸς
2385 4441 2602 4507 γέγονε,
2655 4439 2750 4490 καὶ
2791 4436 2889 4506 τὴν
2936 4434 3246 4502 ἀναγκαίαν
3299 4433 3636 4499 ἀποσκευὴν,
3680 4433 3751 4502 ἢν

2180 4528 2713 4603 προεμηθευσάμεθα
2733 4527 2890 4598 ἡμῶν
2905 4543 2964 4579 τε
2984 4525 3162 4579 αὐτῶν
3181 4524 3344 4594 χάριν
3372 4525 3468 4576 καὶ
3495 4522 3603 4574 τῶν
3622 4521 3753 4589 περὶ

501 4586 560 4676 ιιι
581 4621 693 4689 jam
722 4620 926 4674 dictum
955 4624 1057 4680 est,
1083 4615 1231 4668 nullo
1280 4611 1441 4667 modo
1481 4586 1808 4666 curabamus
1837 4608 1905 4664 de
1940 4607 2066 4678 fuga

2174 4586 2787 4696 ﬂp&;.6iavetpdpevot,
2817 4619 2893 4681 ὡς
2931 4619 3030 4670 καὶ
3060 4586 3511 4686 προπεφρασται,
3553 4586 3754 4681 μερίμ-

501 4711 559 4766 in
581 4718 827 4766 sanctum
851 4700 1254 4778 Myroblytaeﬂ)
1279 4702 1588 4771 sepulcrum
1612 4713 1713 4754 nec
1735 4699 1789 4752 in
1824 4697 1930 4752 alia
1949 4697 2070 4751 loca

2173 4731 2271 4784 νης
2297 4714 2356 4767 δὲ
2387 4713 2606 4782 θέμενοι
2633 4709 2739 4774 ἔξω
2769 4710 2862 4762 καὶ
2891 4707 2990 4778 τὴν
3022 4709 3098 4771 είς
3132 4708 3222 4760 τὸν
3254 4705 3410 4774 ἀγιον
3439 4705 3608 4772 τάφον
3652 4701 3749 4754 τοῦ

465 4863 473 4876 ,
502 4817 660 4858 sacra
693 4804 828 4870 (non
859 4799 1008 4854 enim
1039 4797 1243 4852 latebat
1270 4807 1392 4859 nos,
1415 4791 1691 4862 quomodo
1720 4805 1788 4845 ex
1813 4788 2067 4844 omnibus

2172 4807 2526 4877 Μυροϐλύτου
2567 4800 2912 4873 καταφυγὴν,
2958 4799 3038 4852 ἔτι
3071 4799 3127 4852 δὲ
3158 4799 3249 4852 καὶ
3270 4798 3366 4868 τὴν
3409 4798 3488 4858 εἰς
3531 4795 3753 4864 ἐτέρους

459 4882 600 5000 Equi
630 4895 685 4947 in
719 4894 809 4948 illa
841 4889 1225 4958 confugerant,
1260 4886 1448 4940 multis
1491 4886 1598 4940 vita
1645 4892 1832 4952 erepta
1873 4882 2072 4936 fuisset

583 4986 594 5000 I
706 4984 734 5000 ⁸1
760 4998 817 5000 ηᾼ
879 4997 893 5000 -
918 4998 932 5000 -
989 4978 1365 5000 ---ΠΛ-.-ιεληιικ
1449 4976 1701 5000 ΔΑ.-.Ξ--.Α
1749 4979 2030 5000 ωηηηηοηρ

504 4984 823 5042 vulneribus
873 4997 939 5037 ac
986 4978 1390 5048 suﬂocatione),
1445 4976 1704 5045 domique
1747 4979 2068 5037 manentes,

502 5075 793 5132 Psaltntsta
836 5074 930 5145 qui
966 5081 1153 5127 cantat
1193 5089 1211 5124 ι
1248 5072 1495 5125 viventes
1540 5077 1728 5123 sancto
1775 5069 2007 5132 servire,
2043 5082 2064 5116 ι

505 5177 758 5236 aspectus
783 5173 837 5220 et
863 5162 1083 5219 auditus
1108 5161 1374 5216 malorum
1403 5160 1522 5218 sine
1543 5173 1799 5225 numero,
1833 5156 2072 5212 admira-

505 5259 656 5312 tione
707 5271 808 5310 nos
865 5255 1114 5318 vincunt,
1173 5254 1447 5324 quomodo
1510 5250 1836 5311 restitimus,
1889 5258 2073 5302 extre-

508 5361 652 5400 mam
696 5346 941 5410 barbam,
968 5353 1028 5398 ut
1046 5346 1218 5411 aiunt,
1250 5344 1529 5404 vellentes,
1564 5338 1910 5410 procedimus
1933 5338 2074 5392 inter

505 5437 653 5492 mille
706 5436 914 5506 gladios
978 5436 1257 5492 districtos
1313 5432 1754 5502 crepitantesque
1815 5428 2076 5498 quemad-

503 5530 724 5586 modum
757 5544 979 5599 campus
1047 5529 1214 5598 Spicis
1281 5526 1569 5595 frequens;
1627 5521 1889 5593 propulsi,
1950 5537 2075 5590 per-

504 5621 652 5675 cussi
697 5621 913 5688 pugnis,
949 5618 1297 5672 contumeliis
1338 5616 1513 5670 aliecti
1551 5615 1739 5681 quales
1771 5612 1944 5665 nescit
1980 5613 2074 5665 ho-

503 5712 708 5765 minum
757 5711 1243 5775 mos,salutarem
1315 5710 1623 5777 passionem
1688 5707 1802 5760 haec
1861 5704 2075 5773 judica-

570 5825 649 5894 (l)
689 5825 964 5882 Demetrii.

2172 4899 2348 4960 θείους
2379 4897 2539 4960 ναοὺς
2575 4893 2656 4965 (ού
2690 4896 2797 4963 γὰρ
2822 4890 3094 4962 δήπουθεν
3133 4889 3428 4942 ἐλάνθανεν
3466 4888 3634 4956 ἡμᾶς,
3673 4884 3751 4948 ὡς

2173 4989 2390 5043 πάντων
2426 4989 2535 5043 τῶν
2568 4985 2882 5056 φευγόντων
2914 4985 2972 5036 ἐν
3002 4985 3113 5046 τοῖς
3155 4980 3422 5040 τοιούτοις
3454 4977 3753 5049 ῥυῖσκομέ-

2175 5097 2302 5143 νων,
2334 5079 2520 5131 πολλοὶ
2556 5074 3044 5148 παρασυρήσονται
3073 5073 3167 5126 τοῦ
3203 5073 3302 5142 ζῇν
3338 5071 3621 5139 ὠθισμοῖς,
3651 5070 3751 5122 καὶ

2172 5171 2286 5234 τοῖς
2316 5169 2566 5222 ἐντεῦθεν
2613 5169 2920 5236 πνιγμοῖς),
2962 5165 3057 5220 καὶ
3086 5163 3164 5233 τῷ
3209 5163 3344 5232 οἴκῳ
3377 5160 3751 5232 παραμείναν-

2173 5279 2287 5326 τες,
2317 5261 2375 5325 ὂς
2421 5260 2740 5331 περιᾲδεται
2786 5257 2966 5322 ζῶντα
3008 5253 3401 5325 ἐκθεραπεύειν
3429 5252 3520 5303 τὸν
3553 5251 3744 5318 ἅγιον,

2175 5353 2272 5406 καὶ
2297 5352 2468 5404 πολλά
2497 5354 2591 5404 καὶ
2625 5351 2796 5420 μυρία
2837 5351 2982 5402 κακὰ
3009 5348 3102 5400 καὶ
3146 5345 3468 5414 τεθεαμένοι
3502 5345 3596 5394 καὶ
3649 5359 3748 5394 πε-

2176 5441 2454 5502 πονθότες,
2485 5439 2570 5509 ἐφ’
2603 5435 2683 5500 οἷς
2716 5438 2904 5506 θαῦμα
2972 5437 3242 5507 περίεισιν
3273 5437 3446 5506 ἡμᾶς,
3476 5434 3624 5496 ὅπως
3659 5435 3754 5485 ἀν·-

2177 5534 2461 5601 τέσχομεν,
2491 5532 2640 5592 τέλος
2663 5530 2755 5581 τοῦ
2789 5529 3072 5596 πώγωνος,
3106 5529 3132 5580 ὃ
3159 5544 3344 5598 φασιν,
3373 5524 3750 5586 ἐλκυσθέντες,

2179 5624 2507 5693 ἀπηγόμεθα
2574 5621 2662 5674 διὰ
2708 5621 2878 5686 ξιφῶν
2928 5621 3134 5691 μυρίων
3181 5617 3612 5688 ἀνατεινομένων
3657 5619 3752 5667 καί

2178 5734 2215 5785 φ
2226 5735 2249 5786 ρ
2262 5716 2517 5769 ισσῦντιυν
2537 5715 2579 5766 ὼ
2591 5715 2665 5766 re".
2685 5715 2779 5766 καὶ
2795 5712 2965 5783 λήϊον,
2985 5710 3411 5780 πεπυκνωμένον
3429 5706 3750 5776 ἁσταχύεσιν
