2042 3208
128 174 165 205 91
534 169 582 200 DE
600 167 886 199 THESSALONICA
906 166 1010 197 URBE
1027 165 1049 194 A
1066 163 1220 195 LATINIS
1240 162 1367 192 CAPTA.
1727 162 1766 193 98

133 231 182 258 καὶ
195 227 349 264 ὠθοῦμενοι
366 228 421 264 μὲν
445 227 495 255 καὶ
508 226 736 261 κονδυλιζόμενοι,
759 225 806 251 καὶ
829 224 922 259 ὕϐρεις
937 235 945 257 λ

996 229 1044 254 tus,
1059 226 1085 249 et
1100 225 1129 248 ut
1147 220 1173 247 in
1198 219 1257 247 istis
1279 219 1367 246 simus
1388 217 1585 252 supplicantes.
1603 217 1670 245 Cum
1697 226 1765 244 vero

134 275 165 302 οὐ
180 275 231 306 τὰς
243 275 273 301 εν
286 273 343 300 ἔθει
355 272 551 308 μανθάνοντες,
565 272 700 306 μακάριον
715 270 746 297 τὸ
755 270 842 300 πάθος
853 268 927 303 ἐκρί-

135 329 232 356 νομεν,
245 319 393 355 εὐχόμενοι
409 319 441 345 ἑν
467 317 600 349 τοιούτοις
621 315 703 344 εἶναι.
735 315 801 342 Ὀτε
821 315 850 341 δὲ
879 313 927 340 καὶ

136 366 233 401 σπάθη
245 365 312 393 καθ’
323 364 405 400 ἡμῶν
429 363 588 398 ἐγαυροῦτο,
601 362 650 389 καὶ
672 362 822 398 παραξιφὶς
845 360 928 386 ἐπλα-

135 411 246 446 τίσζιν,
264 409 305 442 ὡς
322 411 364 441 είς
384 408 530 443 σπλάγχνα
547 407 680 443 βάψουσα,
704 407 751 433 καὶ
771 405 882 440 δοράτια
895 405 928 431 τὰ

140 457 193 493 μὶν
215 456 305 490 ινοεν,
327 456 362 484 τὰ
383 455 407 482 δ’
433 454 539 482 ικεῖθεν
556 454 611 481 τῶν
635 453 762 488 πλευρῶν
784 451 929 479 scaevam

139 501 341 538 ἁηιλητικῶς,
365 501 424 528 ἀλλ’
449 499 567 527 ἐνταῦθα
583 499 660 535 εὐχαὶ
676 499 724 525 καὶ
749 499 828 531 μόναι
853 497 930 524 ἀντέ-

140 557 263 584 πραττον
274 546 376 578 βύθιαι.
388 546 569 582 Προενεγκεῖν
579 546 634 581 γὰρ
643 545 728 576 αὑτὰς
739 544 795 575 πῶς
811 552 876 569 ποτε
884 541 928 578 ἦν;

179 594 237 626 ιβ’.
258 591 314 619 Καὶ
335 591 388 623 ἕως
410 591 461 626 μὲν
484 590 532 616 καὶ
551 589 598 617 τοῦ
616 588 755 616 πολιτικοῦ
779 588 840 614 καθ’
857 588 930 622 ἡμᾶς

142 637 318 673 ἱπποδρόμου
329 636 441 671 τοιαύτη
455 635 575 667 διάθεσις
588 635 662 670 ἡμᾶς
675 633 797 661 εὖθυνεν.
818 633 890 659 Ἐκεῖ
903 632 931 658 δὲ

138 684 191 711 τδν
207 683 262 719 ἠδη
277 683 448 710 ἀποτεθέντα
463 683 503 713 εἰς
518 681 629 716 μνήμην
646 680 778 714 Σιφάντον
794 679 930 713 εὑρόντες,

140 727 262 756 εὔιππον
275 727 422 762 ἑστηκότα,
442 726 512 761 μετά
521 734 553 760 γε
565 726 612 752 καὶ
623 725 670 752 τοῦ
682 723 871 759 Μαυροςώμη,
885 723 932 749 καὶ

142 775 343 810 πεπτόμενον,
356 776 383 802 τί
395 774 429 801 ἂν
442 774 511 805 ῐλοι,
526 772 762 809 μεθειλκύσθημεν
777 772 824 798 ὑπ’
837 771 932 802 αὐτοῦ,

142 822 220 857 λόγῳ
234 821 286 857 μὲν
295 820 336 856 τῷ
349 819 387 855 μὴ
403 821 449 846 ἐπὶ
464 818 546 845 πλέον
560 818 644 845 κόπον
658 819 732 853 σχεῖν
747 818 792 844 τὸν
809 817 934 853 ἀρχιεπί-

143 874 261 899 manu,
272 866 382 901 ἀληθῶς
394 865 434 898 δὲ,
447 864 493 891 ἵνα
506 864 639 899 δευτέρων
654 864 783 899 χειρόνων
798 862 934 898 πειρασώ-

980 267 1105 294 acinaces
1131 266 1275 292 adversum
1301 272 1350 291 nos
1373 266 1480 291 saeviret
1509 264 1671 298 gladiusque
1707 258 1781 290 ιτα-⁸

979 311 1093 343 citlaret,
1122 311 1194 337 sicut
1212 311 1237 336 iu
1266 309 1418 336 visceribus
1445 316 1475 335 se
1502 308 1654 341 ablucntes,
1674 308 1766 343 jacula

980 357 1045 384 hinc
1072 361 1098 383 et
1124 356 1201 382 illittc
1217 355 1347 381 adversus
1371 354 1454 380 latera
1471 353 1658 388 dirigebantur
1681 356 1769 380 mina‘

981 403 1066 435 citer;
1083 407 1202 435 tuncque
1219 407 1313 434 preces
1334 404 1438 426 tantum
1455 400 1571 426 humiles
1591 400 1769 432 avertebant;

981 453 1009 475 at
1025 447 1163 483 quomodo
1179 452 1243 473 tunc
1257 446 1397 480 deprecari
1413 445 1593 480 poteramus?

1019 578 1064 606 9i.
1085 577 1118 604 Et
1137 578 1194 605 haec
1210 585 1296 612 usque
1311 579 1343 604 ad
1363 577 1574 612 llippodtomum
1591 578 1771 612 procedentes

983 623 1057 659 passi
1074 631 1181 651 sumus.
1200 622 1277 651 Tunc
1303 631 1366 650 cutn
1391 624 1592 651 invenissemus
1616 632 1678 651 cum
1697 624 1774 650 Matt-

983 676 1096 697 rozoma
1123 669 1297 704 Siphantum,
1324 671 1370 703 qui
1399 669 1456 704 jam
1487 670 1512 696 in
1542 671 1702 697 memoriam
1728 678 1774 697 re-

984 720 1099 744 vocatus
1124 721 1177 748 est,
1209 716 1235 742 in
1274 724 1344 751 equo
1368 722 1504 749 stantem,
1542 722 1623 750 atque
1653 718 1775 743 circum-

985 763 1146 796 spicientem
1174 762 1240 796 quid
1271 762 1362 789 facere
1394 762 1516 795 deberet,
1541 762 1651 789 abdttcti
1679 768 1777 789 sumus

988 809 1021 835 ab
1037 815 1078 840 eo,
1096 808 1179 834 verbo
1201 807 1310 842 quidem
1333 806 1397 833 dato
1415 815 1449 834 ne
1471 807 1695 841 archiepiscopus
1718 815 1776 833 nnt-

986 854 1059 888 plius
1081 857 1230 888 pateretur,
1259 859 1354 879 revera
1386 856 1477 879 atttem
1499 857 1528 879 ut
1549 860 1619 879 nova
1636 853 1776 887 prioribus

146 911 231 947 μιθα.
361 911 419 946 γὰρ
445 910 536 937 ὲκείσε
559 898 594 936 τὰ
608 898 709 944 γόνατα
734 909 893 944 κάμψαντες
909 908 937 935 ἐν

996 900 1081 934 Jejora
1104 900 1303 934 experiremur.
1322 898 1400 926 Brevi
1425 899 1497 926 enitn
1520 906 1608 933 genua
1633 899 1774 926 ﬂectentes

143 966 202 985 ⁴τινι
216 956 412 993 μικροκαλύσῃ
425 956 475 984 καὶ
486 955 569 991 ξηροῦ
585 955 669 990 ἄρτου
681 955 876 986 ἁποδακόντες.
893 954 937 979 ἵνα

146 1003 246 1035 ὕδατος
261 1002 428 1039 ἒμπιώμιθα
443 999 490 1037 (ἢν
503 1002 584 1036 γὰρὴ
595 1001 694 1036 καρδία
709 1001 788 1036 ἡμῶν
805 1000 938 1035 καιομένη

145 1050 178 1077 ἓν
191 1049 270 1085 mihi,
283 1047 323 1080 ὡς
346 1047 395 1076 καὶ
414 1049 506 1075 πάντα
528 1048 562 1074 τὰ
585 1047 682 1081 ἐντὸς),
698 1044 758 1073 εἶτα
773 1046 844 1073 κατὰ
857 1046 939 1081 τιμὴν

149 1095 271 1132 μυαρίου
285 1094 482 1126 κελευσθέντες
492 1093 633 1127 ἐπιϐῆναι,
645 1093 695 1128 (μὴ
709 1093 763 1127 γὰρ
776 1093 806 1118 οὐ
818 1092 939 1118 τοιοῦτον

149 1143 243 1170 tum
261 1141 294 1170 τὺ
322 1141 515 1177 ίππαρίδιονς)
534 1141 693 1172 πεισθέντες
706 1140 745 1175 τῷ
769 1140 939 1172 ὲπιτάξαντι,

147 1187 200 1215 καὶ
216 1187 399 1219 ἀνατιθέντες
417 1188 458 1219 είς
473 1188 573 1220 ἐκεῖνο,
596 1187 731 1222 ἠγόμεθα,
754 1186 820 1213 ἔνθα
834 1186 864 1212 τὸ
878 1186 942 1212 ναύ-

151 1233 287 1267 σταθμον,
306 1234 378 1268 μετὰ
398 1233 446 1261 καὶ
458 1232 584 1268 γωρυτοῦ
604 1232 651 1259 καὶ
670 1232 820 1267 φαρέτρας,
836 1232 907 1266 ἅπερ
922 1232 940 1267 ἠ

150 1279 245 1312 eam:
261 1279 340 1315 ἔτυχε
358 1279 491 1315 φέρουσα.

187 1324 244 1360 ψ.
261 1325 296 1352 Ὠ
313 1333 359 1360 μοι
373 1325 428 1352 τῶν
441 1324 569 1352 ιντεῦθεν
581 1324 690 1352 κακῶνί
712 1324 759 1355 Ὠς
773 1324 828 1359 γὰρ
846 1324 884 1359 μὴ
895 1324 944 1359 ἁρ-

151 1369 297 1398 κεσάντων
312 1369 369 1397 τῶν
383 1371 501 1405 νεκρῶν,
517 1370 551 1397 δι’
565 1366 604 1397 ὦν
620 1368 745 1401 πεζεὺων
761 1368 866 1395 ὥδευσα
883 1369 944 1404 θερ-

153 1416 220 1451 μοῖς
231 1415 404 1451 ἀτμιζὸντων
412 1415 523 1451 αἵμασι,
531 1415 576 1442 διὰ
587 1415 704 1450 σωρείας
714 1414 815 1449 ἑτέρων
826 1415 944 1450 ἱππότης

151 1461 344 1498 περιηγόμην,
357 1458 395 1489 ὧν
406 1461 432 1488 oi
457 1461 568 1493 πλείους
588 1460 811 1496 κατεστρωμένοι
831 1461 885 1496 πρὸ
897 1460 943 1486 τοῦ

151 1507 265 1543 τείχους
279 1507 388 1535 ἔκειντο
403 1507 477 1535 οὕτω
493 1507 715 1542 πιπυκνωμένοι,
728 1506 765 1538 ὡς
779 1506 810 1533 τὺ
825 1506 944 1534 ἱππίδιον

154 1551 173 1588 ἢ
191 1552 232 1588 μὴ
241 1551 398 1588 humanm
413 1553 466 1588 γῆς
476 1552 555 1587 θήσει
566 1551 675 1587 πόδα.ἢ
691 1551 759 1578 ἀλλὰ
774 1551 876 1585 μεταξὺ
889 1551 945 1578 τῶν

153 1606 186 1625 τι
203 1598 347 1634 προσθίων
367 1598 457 1626 ποδῶν
471 1597 548 1634 δύοῆ
570 1598 645 1634 τρεῖς
660 1596 734 1632 ἔχειν
748 1597 944 1631 ὑποκειμένους

154 1645 285 1680 νεκρούς.
296 1644 354 1679 Τῆς
366 1644 396 1671 δὲ
406 1644 552 1675 δυσκολίας
567 1644 617 1678 τῆς
634 1643 689 1670 τῶν
705 1643 798 1670 πυλῶν
810 1643 900 1675 ἐξόδου
915 1644 945 1670 ἐν

155 1689 230 1718 οὕτω
241 1690 354 1726 μυρίοις
370 1689 598 1726 ’Δγριολατίνοις,
611 1689 658 1716 καὶ
667 1688 718 1716 ὅσα
729 1689 757 1715 δὲ
773 1688 825 1720 ἔξω
835 1688 889 1720 ἓως
899 1689 946 1716 καὶ

156 1737 198 1770 εις
207 1737 274 1769 τοὺς
287 1736 414 1772 λιμένας,
430 1735 487 1770 ἐγὼ
502 1735 553 1770 μὲν
566 1734 716 1770 ἐδάκρυσα,
736 1734 784 1761 καὶ
798 1734 823 1760 οι
837 1733 949 1768 ale-trav-

155 1790 204 1815 τις
217 1782 390 1818 Χριστιανοί.
404 1781 464 1809 Οὐκ
481 1780 516 1808 ἂν
530 1780 559 1807 δὲ
575 1779 645 1807 αὐτὰ
660 1779 825 1814 ἐκθήσομαι,
843 1779 886 1806 ἵνα
897 1779 946 1815 μὴ,

157 1829 189 1856 ιν
202 1825 244 1860 οἷς
256 1827 414 1863 tantuth
429 1826 524 1859 ἐθέλω,
539 1824 736 1861 περιττολογῶ,

197 1875 257 1909 ια’.
270 1872 367 1900 ταῦτα
379 1872 428 1900 καὶ
445 1871 528 1907 μόνον
544 1870 779 1905 κεφαλαιώσομαι,
795 1869 836 1896 ὅτι
853 1868 951 1896 τέσσα-

162 1927 216 1954 ρας
223 1917 364 1954 χρυσίνων
371 1917 492 1954 χιλιάδας
501 1916 643 1952 ὲγκρατῶς
653 1914 774 1951 ὲζητήθη
778 1923 838 1950 μεν,
847 1915 872 1942 ol
883 1914 950 1950 μηδὲ

161 1963 330 2000 ψαμμίωνῆ
345 1963 407 2000 χοὸς
421 1963 523 1999 δράκα,
537 1962 555 1999 ἢ
568 1963 598 1989 τὸ
614 1961 847 1996 καθομιλούμενον
863 1960 951 1987 σίελον

163 2012 214 2038 ἰπὶ
225 2010 362 2046 στόματος
374 2009 484 2045 ιχοντες
500 2016 509 2025 ο
522 2007 692 2039 ἀκούσαντες
707 2007 756 2034 καὶ
772 2007 851 2040 ὀλίγα
866 2005 951 2032 ταῦτα.

163 2053 239 2083 εἶναι
253 2054 286 2088 ιε
293 2053 450 2090 ἀνθρώπου,
464 2054 494 2086 ὃς
507 2052 728 2090 ἀρχιιπισκοπὴν
742 2051 879 2087 περιέπει,
893 2059 953 2077 κεν-

162 2101 285 2138 τηνάρια
293 2101 324 2132 ις
334 2099 432 2128 ἑκατὸν
443 2099 478 2136 (ὣ
487 2098 603 2126 πλούτου
613 2098 634 2132 ε)
651 2097 727 2129 ιτους
742 2097 858 2124 ἑκάστου
870 2096 953 2130 δωρο-

163 2145 307 2182 φοροῦσιν
319 2144 404 2180 αὐτῷ·
421 2144 470 2172 καὶ
485 2144 526 2171 ὅτι
541 2144 571 2170 ιν
586 2143 621 2178 τῇ
636 2141 682 2169 τοῦ
694 2141 829 2176 Σιφάντου
845 2139 899 2175 νηῒ,
914 2139 953 2171 ὡς

161 2188 199 2230 ἦν
204 2190 361 2228 ιγχωροῦν,
368 2190 594 2224 ἀναπαυσάμενοι
601 2189 635 2224 τῇ
643 2187 795 2224 καραδοκία
803 2186 857 2213 τῶν
867 2185 953 2221 χιλιά-

162 2238 229 2271 δων,
238 2237 275 2270 ἃς
286 2238 356 2272 ἡμίν
368 2235 530 2272 ιπιγραψαν
544 2235 568 2262 οι
580 2233 801 2270 μεγαλοπρεπεῖς
813 2230 951 2266 πειραταϋ
968 2245 990 2273 D

162 2284 234 2320 αὒτὴ
240 2283 300 2319 γὰρ
307 2283 376 2319 ἡμῖν
383 2282 528 2317 κατάλυμα
536 2281 646 2317 πρῶτον
655 2279 803 2315 εὐτυχήθη,
812 2287 829 2305 α
834 2278 953 2314 ῑχμαλώ-

162 2338 220 2358 των
231 2330 359 2365 γέμουσα
369 2329 441 2356 κατὰ
461 2328 512 2360 τὰς
525 2326 623 2359 λοιπὰς
644 2326 768 2357 ἁπάσας·
785 2324 811 2351 οἵ
831 2324 878 2351 καλ¹
890 2325 954 2358 γοᾶ-

165 2375 233 2404 σθιι
244 2375 323 2412 ἡμᾶς
338 2375 485 2410 ὸργῶντες,
500 2373 567 2401 αὐτὸ
585 2371 635 2408 μὲν
646 2372 735 2398 ποιεῖν
746 2371 796 2397 οὐκ
811 2367 883 2405 εἶχον
897 2369 955 2396 τόλ-

167 2430 237 2458 μαν,
249 2421 354 2449 ὥσίουν
367 2420 397 2448 δὶ
408 2421 438 2448 τὸ
449 2419 547 2450 πένθος
561 2419 709 2454 προσώπου
725 2416 871 2451 συναγωγῇ
887 2415 955 2450 πρὸς

167 2465 405 2503 "simtu,
427 2465 476 2493 καὶ
497 2464 625 2499 δυσωπίᾳ
646 2461 811 2497 ὲκθλιόοὑσῃ
837 2461 955 2496 δάκρυα,

165 2513 273 2545 ὁποίοις
285 2513 338 2540 καὶ
347 2511 442 2548 ἡμεῖς,
453 2512 468 2539 ὸ
482 2511 544 2538 κατ’
557 2509 680 2541 ἐκείνους
696 2507 831 2543 δυστυχὴς
846 2507 956 2542 φόρτος,

164 2560 273 2591 αὐτοὺς
294 2557 480 2594 ἠμειῦὀιιεθα.
504 2556 573 2584 οὐδὲ
594 2556 650 2591 γὰρ
673 2553 735 2582 οὐδὲ
760 2553 957 2589 προσφωνῆσαι

217 2613 247 2632 ν.

284 2649 332 2678 Ἑν
351 2647 444 2676 τοίνυν
457 2647 494 2683 τῇ
505 2644 619 2680 τοιαύτῃ
632 2643 678 2679 νηί
692 2642 754 2670 τότε
767 2641 960 2669 καταπαύσαν-

167 2707 229 2731 τες,
243 2697 279 2732 τῇ
297 2694 432 2730 intimo»
450 2691 523 2729 μετὰ
536 2691 619 2727 τιμῆς
634 2689 730 2725 ὁμοίας
744 2687 904 2723 ἀνήχθημεν
920 2688 960 2718 είς

171 2745 220 2773 τδν
230 2740 379 2778 Raptiqu
393 2739 529 2778 ’Δλίξιονς
542 2736 609 2764 ενθα
622 2735 694 2771 θῆρα
705 2734 897 2769 εικονομάχον,
905 2733 961 2778 ,Γε-

174 2777 290 2825 λωμσν
299 2777 372 2822 τινα,
387 2785 420 2818 ὃς
434 2785 468 2812 ὲκ
483 2782 533 2818 τῆς
547 2781 674 2810 Νικαέων
684 2778 776 2815 διέδρα
789 2778 836 2825 τον
855 2777 962 2825 ’Δνδρόῗ

175 2821 262 2870 κων,
279 2833 297 2861 ὁ
310 2832 394 2865 τόπος
406 2831 477 2867 ἡμῖν
498 2827 641 2863 ἱειφηνιν,
656 2825 752 2861 ἂγριον
776 2824 896 2870 ἐκεῖνον,Δ
913 2821 962 2848 καὶ

177 2869 234 2911 οἷον
252 2867 404 2914 θανατοῦν,
430 2873 609 2913 καὶβιροτοῦ
633 2871 779 2908 ιμφαγείψ
803 2869 834 2901 ὃς
855 2867 901 2895 οἶά
922 2875 963 2899 τις

992 946 1019 971 in
1033 944 1150 979 quadam
1164 951 1245 978 parva
1258 951 1319 970 casa
1343 944 1472 971 sedentes
1500 943 1659 979 siccumque
1682 952 1779 978 panem

991 991 1195 1022 mordentes,ut
1215 998 1312 1025 aquam
1327 990 1481 1017 biberemus
1496 992 1554 1025 (cor
1564 991 1637 1017 enim
1654 995 1780 1018 nostrum

991 1037 1092 1064 ardens
1124 1041 1183 1063 erat
1215 1037 1242 1063 itt
1272 1037 1353 1063 nobis
1382 1036 1454 1063 sicut
1482 1041 1509 1063 ct
1537 1037 1589 1063 alia
1616 1037 1780 1072 interiora),

993 1082 1090 1110 deinde
1111 1083 1263 1109 reverentia
1281 1082 1386 1109 ordinis
1404 1083 1511 1109 invitati
1531 1083 1563 1110 ad
1589 1083 1780 1110 conscenden-

992 1128 1058 1155 dum
1075 1128 1178 1163 (nonne
1195 1128 1239 1154 hic
1254 1133 1312 1155 erat
1330 1127 1375 1155 ille
1391 1128 1661 1163 caballus?)jubeuti
1678 1136 1779 1162 paren-

993 1179 1050 1206 tes,
1073 1178 1155 1208 atque
1172 1173 1210 1200 illi
1237 1173 1388 1200 insidentes
1409 1173 1578 1200 ducebantur
1588 1174 1645 1208 jam
1671 1174 1697 1200 in
1717 1181 1783 1208 por-

994 1224 1065 1253 tum,
1080 1220 1153 1247 inter
1168 1219 1313 1254 pharetras
1326 1226 1395 1254 quas
1415 1218 1486 1246 forte
1504 1219 1599 1246 carina
1613 1219 1728 1247 ferebat.

1029 1308 1074 1336 92.
1096 1307 1173 1335 Heu!
1193 1311 1260 1342 quot
1274 1312 1301 1335 et
1315 1311 1417 1342 quanta
1430 1307 1500 1334 mala
1521 1306 1622 1334 deinde
1643 1307 1784 1336 vidimus!

995 1354 1080 1387 Quasi
1096 1361 1150 1381 non
1164 1358 1231 1381 satis
1259 1354 1375 1381 fuissent
1395 1353 1494 1380 mortui
1509 1361 1558 1388 per
1576 1361 1644 1388 quos
1663 1355 1788 1381 ambula-

996 1407 1086 1428 veram
1098 1400 1192 1435 pedes,
1209 1400 1342 1434 sanguine
1353 1399 1443 1426 calido
1457 1399 1590 1432 fumante,
1603 1407 1674 1435 equo
1689 1408 1786 1428 occur-

996 1445 1091 1473 rebam
1104 1446 1223 1474 aliorum
1243 1446 1361 1477 acervis,
1374 1453 1492 1480 quorttm
1509 1445 1634 1479 plerique
1649 1450 1712 1473 ante
1728 1455 1789 1473 tnu-

997 1499 1043 1519 ros
1068 1491 1198 1527 iacebant
1225 1496 1281 1519 tam
1310 1492 1389 1519 densi
1411 1495 1441 1518 ut
1462 1491 1586 1519 caballus
1603 1500 1656 1519 non
1675 1492 1790 1520 haberet

998 1538 1043 1565 ubi
1053 1542 1167 1573 poneret
1184 1538 1283 1573 pedes,
1298 1537 1346 1565 sed
1357 1537 1427 1565 inter
1440 1537 1593 1564 anteriores
1616 1538 1698 1572 pedes
1719 1539 1789 1566 duos

956 1579 979 1611 C
995 1584 1037 1611 vel
1052 1588 1107 1611 tres
1140 1588 1263 1611 mortuos
1290 1583 1414 1610 haberet.
1437 1582 1557 1609 Diiiicilis
1582 1582 1644 1618 fuga
1664 1590 1679 1611 ο
1704 1585 1790 1618 portis

996 1629 1070 1657 inter
1095 1633 1135 1656 tot
1167 1628 1254 1656 millia
1281 1628 1414 1655 ferociam
1444 1627 1615 1660 Latinorum,
1643 1629 1791 1664 omniaque

995 1681 1084 1708 usque
1103 1674 1137 1701 ad
1163 1678 1272 1709 portum
1303 1677 1357 1700 tam
1390 1672 1478 1700 tristia
1497 1673 1608 1700 fuerunt
1630 1677 1658 1699 ut
1677 1682 1727 1709 ego
1749 1675 1788 1701 la-

996 1726 1148 1754 crymarem
1164 1726 1196 1747 ac
1216 1723 1382 1754 spectatores
1397 1718 1555 1745 Christiani.
1567 1718 1630 1745 [huc
1655 1727 1719 1747 vero
1733 1728 1788 1747 non

997 1772 1131 1797 exponam
1155 1773 1189 1793 ne
1209 1772 1242 1792 ea
1262 1772 1323 1800 qum
1344 1764 1503 1792 abbreviare
1522 1765 1583 1791 volo
1603 1765 1710 1801 longius
1725 1774 1791 1801 pro-

999 1811 1119 1838 traham.

1035 1858 1081 1885 95.
1098 1858 1161 1884 Haec
1175 1860 1279 1884 tantum
1295 1857 1452 1884 summatim
1463 1857 1597 1889 dicemus,
1608 1858 1711 1886 scilicet
1723 1866 1792 1893 qua-

1001 1907 1063 1931 tuor
1088 1903 1207 1931 millibus
1234 1910 1378 1931 aureorum
1406 1904 1527 1938 praebere
1545 1904 1719 1938 jubebamur,
1742 1913 1792 1932 nos

1002 1950 1050 1985 qui
1070 1956 1122 1977 nec
1149 1956 1259 1976 arenam
1282 1950 1309 1976 in
1339 1957 1420 1976 manu
1438 1957 1488 1976 nec
1507 1950 1621 1977 salivam
1638 1950 1727 1978 inore
1745 1951 1794 1977 ha-

1002 1996 1151 2027 bebamus;
1178 2001 1240 2021 cum
1275 1993 1477 2021 audivissentus
1504 1994 1593 2029 aliqua
1619 2002 1706 2029 pauca
1730 2004 1793 2023 esse

1002 2048 1034 2068 ex
1063 2040 1174 2068 homine
1196 2039 1243 2075 qui
1272 2039 1540 2075 archiepiscopatum
1566 2042 1714 2074 quotannis
1728 2042 1790 2068 obi-

1004 2086 1063 2119 bat,
1083 2094 1133 2114 nos
1149 2086 1202 2113 illis
1216 2086 1331 2113 daturos
1347 2090 1456 2113 centum
1469 2086 1668 2122 quinquaginta
1696 2094 1794 2115 aureos

1006 2134 1034 2168 (ο
1049 2131 1190 2166 divitiae!)
1205 2131 1401 2166 promisimus;
1415 2130 1442 2158 in
1457 2131 1519 2158 navi
1533 2139 1641 2166 quoque
1655 2131 1793 2168 Siphanti,

1005 2183 1036 2206 ut
1056 2179 1164 2209 licebat,
1189 2177 1309 2213 quieturi
1334 2176 1539 2212 exspectatione
1559 2184 1706 2204 aureomm
1722 2186 1793 2213 quos

1005 2225 1084 2252 nobis
1111 2225 1299 2259 ascripserunt
1331 2222 1469 2258 magniﬁci
1495 2223 1602 2258 piratae.
1629 2222 1691 2251 Haec
1715 2224 1794 2251 navis

1005 2271 1075 2298 enim
1094 2269 1145 2297 fuit
1173 2270 1252 2297 nobis
1278 2271 1395 2305 primum
1418 2269 1517 2296 bonum
1540 2269 1688 2303 hospitium
1720 2270 1795 2296 omtti

1005 2321 1103 2344 caetero
1119 2317 1207 2351 spatio
1227 2316 1342 2350 captivis
1363 2315 1486 2350 repleto;
1503 2319 1532 2341 ut
1546 2322 1596 2341 nos
1613 2315 1796 2349 querebamur

1005 2363 1034 2390 hi
1051 2362 1128 2389 valde
1143 2362 1302 2396 cupiebant,
1332 2361 1383 2388 hoc
1404 2360 1497 2387 facere
1513 2367 1567 2387 tton
1583 2360 1734 2392 audentes;
1752 2365 1793 2388 te-

1006 2410 1151 2438 stabantur
1167 2417 1231 2437 vero
1256 2409 1358 2435 luctum
1386 2414 1467 2434 suum
1494 2405 1682 2433 contractione
1705 2406 1795 2433 vultus

1007 2456 1194 2483 morositatem
1221 2454 1369 2484 indicante.
1401 2451 1565 2479 demissione
1590 2451 1732 2478 oculorum
1752 2451 1794 2477 la-

1010 2510 1118 2538 crymas
1133 2501 1286 2534 velante,in
1296 2499 1394 2534 quibus
1408 2503 1434 2525 et
1446 2506 1509 2530 nos,
1525 2497 1631 2524 illorum
1650 2496 1795 2524 infortunii

1010 2547 1091 2580 socii,
1108 2547 1177 2581 [illos
1197 2546 1384 2574 imitabamur.
1400 2544 1480 2571 Nullo
1502 2543 1581 2570 ntodo
1600 2543 1672 2570 enim
1696 2543 1798 2569 licebat

1010 2592 1099 2628 palam
1113 2592 1255 2626 conqueri.

1047 2638 1092 2666 94.
1111 2638 1140 2665 in
1171 2639 1222 2665 hac
1255 2644 1320 2673 ergo
1345 2636 1408 2663 navi
1432 2643 1493 2663 cum
1516 2635 1729 2670 quievissemus,
1751 2633 1798 2660 (lie

1011 2689 1120 2719 postera
1133 2684 1165 2711 ad
1183 2684 1352 2711 Comncnum
1366 2681 1490 2709 Alcxium
1513 2680 1664 2708 honoriﬁce
1688 2678 1799 2706 adducti

1012 2737 1119 2761 suntus,
1147 2729 1193 2757 ubi
1221 2728 1366 2763 quemdam
1395 2727 1558 2755 Gulielmutn
1576 2745 1583 2757 ,
1612 2725 1798 2753 iconoclastcn

1012 2776 1130 2802 ferocem
1158 2774 1267 2802 obvium
1303 2773 1449 2800 habuimus
1478 2771 1654 2798 meditantem
1686 2769 1732 2804 qui
1755 2768 1803 2795 Ni—

1013 2827 1068 2848 caea
1097 2819 1283 2848 Andronicum
1314 2819 1482 2850 deseruerat,
1506 2815 1644 2851 quomodo
1666 2812 1803 2842 interﬁce-

1015 2871 1056 2896 ret
1071 2870 1152 2902 atque
1182 2866 1217 2894 ad
1239 2864 1426 2894 devorandum
1456 2866 1594 2898 paratum.
1611 2861 1714 2889 Similis
1741 2861 1804 2894 erat
