4084 6440
512 334 586 402 99
1222 333 1638 395 EUSTATHII
1658 331 2413 394 THESSALONICENSIS
2456 334 2508 392 bl
2519 333 3018 396 ETROPOLIT/E

3660 339 3764 405 100

509 455 777 529 Erinnydi
799 455 1041 526 tragicae,
1073 461 1132 506 ut
1167 452 1258 506 illa
1290 452 1498 506 habens
1527 450 1674 505 faces
1709 452 1778 506 ad
1807 451 2086 521 inquiren-

2208 451 2455 521 Ἐριννὺς
2491 454 2808 524 τραγῳδικὴ
2839 454 2980 524 ἔχων
3027 456 3146 508 κατ’
3191 455 3431 528 ἐκείνην,
3463 459 3560 512 καὶ
3601 460 3764 532 δᾷδας

512 553 644 604 dum
674 564 773 603 nos
803 549 934 618 (jam
969 546 1114 601 enim
1144 553 1262 598 erat
1295 543 1452 612 nox),
1480 558 1718 612 cumque
1758 545 2084 607 invenisset,

514 642 606 695 ubi
655 639 803 694 humi
843 640 1171 707 iaceremus,
1207 649 1312 688 non
1372 636 1441 689 ob
1478 649 1731 689 somnum
1785 635 1897 705 (qui
1965 635 2080 704 jam

511 733 761 802 pluribus
802 731 998 784 abhinc
1068 727 1324 781 noctibus
1376 727 1756 796 avolaverat),
1788 727 1882 781 sed
1937 727 2086 794 quod

515 842 625 881 non
659 826 985 880 haberemus
1021 821 1113 876 ubi
1167 821 1482 876 sederemus
1516 820 1598 874 vel
1639 828 1936 886 staremus,
1976 819 2086 888 jam

513 917 718 970 dudum
767 915 929 968 malis
978 911 1202 976 defessi,
1251 911 1542 966 barbarico
1586 913 1829 966 clamore
1873 928 1940 967 ex
1975 913 2088 968 fre-

509 1009 698 1077 quenti
738 1007 1147 1074 imprecabatur
1199 1017 1525 1070 ptenamque
1570 1013 1812 1070 paratam
1868 1003 1944 1056 illi
1992 1004 2086 1072 qui

511 1114 612 1151 nos
674 1113 780 1150 non
837 1096 1170 1150 interficeret
1219 1092 1563 1157 minabatur;
1611 1100 1876 1159 prasente
1922 1093 2086 1148 etiam

507 1193 744 1258 quodam
771 1189 912 1242 bono
939 1186 1108 1239 fratre
1137 1199 1203 1239 ex
1232 1199 1346 1253 quo
1379 1185 1518 1236 hanc
1543 1183 1712 1236 feram
1743 1182 1926 1237 furere
1948 1197 2085 1238 con-

507 1291 590 1333 tra
612 1295 803 1334 sacras
825 1278 1092 1348 imagines
1113 1275 1432 1329 didicimus.
1459 1273 1593 1328 Cum
1617 1274 2084 1342 interregaremus

506 1372 640 1442 quid
672 1351 852 1426 causa:
880 1369 1036 1422 nobis
1068 1376 1217 1421 esset
1249 1366 1465 1430 mortis,
1501 1364 1737 1434 primum
1764 1365 1937 1420 iratus
1967 1379 2090 1420 ma-

507 1463 611 1528 gis,
635 1462 904 1531 judicium
926 1457 1285 1513 confirmabat
1309 1498 1322 1521 ,
1350 1457 1516 1527 quod,
1547 1457 1592 1511 si
1618 1456 1670 1510 in
1697 1456 1966 1526 principio
1989 1471 2089 1511 no-

509 1551 594 1605 bis
634 1549 902 1604 adfuisset
934 1587 950 1610 ,
987 1554 1151 1616 caput
1185 1562 1325 1602 nunc
1355 1562 1462 1601 nun
1489 1545 1837 1601 haberemus.
1872 1545 2082 1602 Deinde

509 1654 572 1698 ut
613 1643 944 1712 justifiearet
995 1649 1187 1696 contra
1220 1656 1321 1694 nos
1368 1639 1524 1703 iram,
1548 1653 1702 1694 suam
1729 1639 2089 1694 exhauriebat

507 1734 837 1804 sapientiam
871 1748 971 1787 nos
1006 1732 1322 1786 accusando
1371 1729 1706 1785 infidelitatis
1726 1745 1854 1800 erga
1880 1730 2075 1796 Deum,

2187 543 2586 615 ἐρεῦοδιφήσας
2622 546 2771 615 ἡμᾶς
2823 541 2913 617 (ἦν
2965 547 3073 618 γὰρ
3116 549 3216 618 ήδη
3267 549 3410 617 νὺξ),
3438 552 3536 604 καὶ
3566 553 3762 624 εὑρὼν,

2185 634 2318 688 ἔνθα
2346 635 2446 704 γῆς
2480 637 2897 706 ὲκοιταζόμεθα,
2924 638 2985 690 ού
3030 639 3167 708 πρὸς
3197 638 3370 693 ὕπνον
3403 642 3764 711 (ἐπτερύξατο

2186 725 2296 794 γὰρ
2336 726 2432 778 καὶ
2479 726 2641 790 αὐτὸς
2691 727 2750 791 ἐξ
2779 728 2938 797 ἡμῶν
2987 729 3081 781 ἐπὶ
3124 729 3326 793 νύκτας
3355 733 3460 800 ἢδη
3508 735 3762 805 πολλὰέ),

2185 815 2301 869 ἀλλ’
2326 818 2407 870 ὅτι
2443 818 2516 888 μὴ
2549 818 2773 887 εἴχομεν
2803 819 2836 890 ἢ
2871 819 3202 890 καθῆσθαιῆ
3238 820 3519 888 ἵστασθαι,
3553 821 3642 878 οἷα
3669 843 3766 878 πο-

2186 905 2483 976 λυημέροις
2512 909 3032 978 καταπεπονημένοι
3065 913 3278 975 κακοῖς,
3330 912 3578 982 ἀνάθεμα
3623 914 3760 986 πρὸς

2189 997 2318 1068 βοὴν
2341 999 2510 1067 συχνά
2539 998 2872 1069 ἐϐαρϐάριζε
2901 999 3045 1054 κατά
3081 1016 3136 1053 τι
3180 1004 3353 1056 κακδν
3389 1004 3646 1076 φροίμιον
3683 1006 3761 1076 τῷ

2191 1089 2266 1158 μὴ
2315 1089 2642 1157 φονεύσαντι
2674 1091 2844 1158 ἡμᾶς·
2897 1091 3168 1161 παρόντος
3222 1095 3318 1146 καὶ
3355 1094 3564 1162 ἀγαθοῦ
3615 1113 3762 1158 τινος

2187 1178 2419 1246 ἀδελφοῦ
2452 1180 2625 1248 αὐτῷ,
2656 1180 2715 1244 ἐξ
2756 1176 2816 1235 οὗ
2849 1183 2990 1234 κατά
3021 1181 3128 1233 τῶν
3166 1184 3382 1238 σεπτῶν
3413 1185 3641 1240 εἰκόνων
3666 1187 3760 1238 τὸν

2188 1269 2331 1338 θῆρα
2355 1270 2633 1341 ἐμάθομεν
2663 1272 2974 1342 μαίνεσθαι.
3013 1273 3103 1337 Ὠς
3130 1273 3189 1326 δὲ
3217 1277 3378 1344 ἡμεῖς
3401 1276 3675 1346 ἠρόμεθα,
3707 1277 3762 1329 τί

2185 1361 2247 1412 τὸ
2271 1361 2444 1415 αἴτιον
2467 1362 2564 1414 τοῦ
2593 1365 2921 1431 φονευτέους
2944 1367 3092 1435 ἡμᾶς
3119 1362 3280 1431 εῖναι,
3315 1367 3511 1440 πρῶτα
3545 1369 3642 1437 μὲν
3672 1369 3764 1424 θυ-

2189 1452 2395 1521 μωθεὶς
2425 1453 2590 1517 αὐτὸς
2620 1457 2701 1518 είς
2731 1456 2913 1522 πλέον,
2947 1457 3258 1526 ἐπέκρινεν,
3287 1458 3385 1524 ὡς,
3413 1460 3570 1530 εῖπερ
3598 1462 3764 1526 αύτδς

2186 1542 2286 1614 τὴν
2316 1543 2492 1614 ἀρχὴν
2527 1546 2661 1614 ἡμῖν
2717 1546 3065 1616 περιέτυχεν,
3098 1548 3198 1600 οὐκ
3240 1547 3306 1602 ἂν
3335 1549 3462 1617 ἄρτι
3514 1550 3763 1619 κεφαλὴν

2188 1633 2428 1704 εῖχομενο
2451 1631 2570 1686 εἶτα
2588 1636 2684 1688 καὶ
2710 1635 3095 1706 αἰτιολογήσας
3118 1639 3212 1693 τὸν
3239 1640 3362 1693 καθ’
3383 1642 3416 1711 ἡ
3425 1641 3543 1710 μῶν
3567 1642 3760 1711 θυμὸν,

2191 1727 2446 1797 ἐπέραινε
2481 1727 2580 1796 τὴν
2624 1727 2792 1781 αὐτοῦ
2839 1729 3033 1797 σοφίαν
3078 1731 3156 1793 είς
3202 1731 3264 1784 τὸ
3315 1734 3581 1798 ἀπίστους
3612 1737 3762 1805 ἡμᾶς

507 1839 634 1878 eum
689 1837 816 1891 erga
866 1823 1243 1876 Andronicum
1297 1819 1486 1874 fideles
1529 1833 1813 1888 essemus;
1851 1819 1916 1873 ad
1968 1820 2082 1873 haec

2187 1812 2325 1869 εἶναι
2354 1816 2494 1885 Θεῷ,
2529 1811 2615 1870 οἶα
2646 1817 2725 1888 τῷ
2779 1819 3109 1891 Ἀνδρονίκῳ
3143 1824 3396 1888 πιστούς’
3433 1825 3572 1894 πρὸς
3617 1827 3766 1896 ἆπερ

508 1932 610 1972 nos
637 1916 1076 1980 dissimulantes,
1125 1916 1387 1980 variaque
1420 1911 1667 1966 dicentes
1696 1921 1750 1966 et
1789 1911 2090 1965 clamantes

508 2009 635 2064 huic
674 2009 868 2064 insano
899 2007 1151 2077 (charum
1183 2007 1326 2060 enim
1358 2004 1514 2059 nobis
1560 2011 1726 2073 caput
1775 2001 2087 2072 nostrum),

508 2110 691 2155 tamen
717 2097 951 2153 ferocem
981 2098 1114 2152 adeo
1144 2096 1520 2158 delinivimus,
1554 2105 1634 2158 ut,
1661 2101 1947 2161 postquam
1988 2107 2090 2148 nos

507 2191 884 2260 complexatus
927 2200 1072 2244 esset
1107 2200 1438 2256 manumque
1467 2197 1610 2240 esset
1645 2185 1944 2249 osculatus,
1981 2184 2092 2239 dis-

508 2285 753 2338 cederet.

571 2371 662 2428 95.
705 2371 782 2426 Ita
842 2385 973 2439 ergo
1013 2370 1274 2439 agitatam
1324 2377 1539 2423 noctem
1594 2367 1885 2422 habuimus
1928 2364 2090 2421 modo

509 2464 748 2529 facibus,
784 2463 948 2517 modo
981 2460 1316 2516 clamoribus
1348 2459 1539 2525 illius;
1574 2472 1720 2513 nunc
1737 2464 1916 2513 autem
1946 2457 2088 2511 inter

505 2557 754 2627 iacentes
803 2553 1051 2623 captivos
1086 2551 1376 2615 Comneni,
1421 2565 1549 2605 cum
1590 2551 1665 2604 ibi
1712 2564 1916 2618 paucos
1969 2549 2086 2603 dies

508 2647 1067 2715 consumpsissemus,
1099 2659 1167 2698 ex
1196 2642 1578 2697 misericordia
1609 2641 1790 2695 cibum
1817 2641 2087 2710 reeipien-

511 2747 612 2802 tcs,
651 2745 815 2805 atque
851 2751 917 2790 ex
951 2734 1188 2805 quodam
1235 2733 1382 2787 illius
1417 2747 1676 2787 nummos
1721 2746 1916 2796 aereos,
1950 2746 2086 2800 quo-

508 2843 632 2882 rum
654 2829 858 2882 donum
893 2835 1022 2880 tunc
1066 2834 1444 2894 comparatum
1489 2823 1590 2877 fuit
1614 2823 1884 2878 thesauris
1911 2821 2086 2877 Crtesi

508 2919 810 2992 (donatoris
865 2919 1187 2972 misereatur
1238 2914 1488 2986 Densi);
1521 2914 1717 2970 deinde
1767 2915 1834 2970 ad
1866 2924 2082 2977 contos,

2191 1909 2350 1978 ἡμεῖς
2394 1907 2880 1978 ύπουλευσάμενοι,
2912 1911 3008 1962 καὶ
3037 1913 3277 1981 ,ποικίλα
3321 1915 3679 1984 λαλήσαντες,
3724 1918 3761 1986 ἢ

2189 1998 2626 2069 λαλαγήσαντες,
2673 2001 2810 2069 πρὸς
2845 2001 3016 2070 ἀνδρα
3068 2003 3396 2073 μαινόμενον
3429 2007 3764 2076 (ὴγαπῶμεν

2191 2090 2296 2158 γὰρ
2325 2089 2474 2158 ἔχειν
2516 2091 2807 2160 κεφαλὴν),
2849 2093 3004 2162 μόλις
3052 2093 3489 2164 ἐξημερώσαμεν
3530 2101 3623 2150 τὸν
3649 2099 3764 2152 ἀτί-

2190 2181 2411 2245 θασσον,
2440 2183 2515 2245 ὡς
2547 2183 2642 2236 καὶ
2668 2183 3020 2238 ἀσπάσασθαι
3044 2187 3213 2256 ἡμᾶς,
3257 2187 3354 2240 καὶ
3382 2190 3460 2251 εις
3489 2191 3647 2261 χεῖρα
3673 2208 3762 2259 φι-

2190 2272 2254 2342 λή
2263 2289 2430 2327 σαντα
2451 2273 2717 2342 οἴχεσθαι.

2261 2362 2364 2431 με’.
2383 2363 2493 2418 Καὶ
2503 2363 2675 2428 οὕτως
2689 2367 2848 2437 ἡμεῖς
2864 2385 2923 2422 τε
2940 2368 3112 2424 νύκτα
3123 2371 3488 2445 καταθετικὴν
3500 2373 3758 2447 εὕρομεν.

2189 2456 2298 2508 τῶν
2321 2453 2534 2508 ἐκείνου
2560 2457 2733 2528 δᾴδων
2761 2460 2854 2511 καὶ
2871 2459 3048 2514 λάλων
3065 2462 3477 2532 ἀπαλλαγέντες
3513 2468 3760 2538 χειλέων,

2189 2547 2284 2600 καὶ
2313 2547 2360 2600 οί
2398 2551 2950 2619 συγκατεστρωμένοι
2981 2553 3319 2622 αἰχμάλωτοι
3350 2559 3406 2618 ἐς
3445 2559 3758 2628 Κομνηνοῦ,

2188 2639 2283 2691 καὶ
2315 2638 2674 2708 διαγαγόντες
2703 2642 2820 2694 ἐκεῖ
2850 2643 3111 2711 μετὰτῶν
3137 2647 3600 2717 συναιχμαλώτων
3624 2652 3761 2720 ήμέ-

2191 2747 2289 2798 ρας
2327 2730 2538 2798 ὀλίγας,
2571 2733 2665 2785 καί
2711 2749 2766 2786 τι
2791 2735 2889 2785 καὶ
2922 2734 3246 2804 ὶλεηθέντες
3298 2739 3377 2801 είς
3405 2739 3636 2809 τροφὴν,
3667 2744 3759 2794 ναὶ

2185 2821 2244 2873 δὲ
2273 2821 2378 2874 ὑπό
2406 2838 2550 2887 τινος
2587 2823 2699 2876 τῶν
2725 2825 2938 2877 ἐκείνου
2969 2827 3063 2878 καὶ
3097 2827 3179 2890 είς
3234 2829 3442 2897 χάλκεα
3483 2832 3756 2900 κέρματα,

2185 2907 2260 2966 ὧν
2289 2916 2322 2983 ἡ
2361 2914 2507 2978 δόσις
2535 2917 2669 2986 ἡμῖν
2693 2918 3000 2986 τηνικαῦτα
3029 2920 3112 2983 είς
3144 2921 3453 2994 θησαυροὺς
3475 2925 3754 2994 ἀνεγράφη

509 3021 568 3066 ut
595 3010 768 3080 magis
806 3007 1081 3074 usuvenit,
1119 3007 1184 3061 ad
1217 3009 1450 3062 comites
1481 3007 1614 3075 (non
1643 3006 1787 3062 enim
1819 3006 2084 3062 barbaras

2186 3008 2424 3076 Κροίσου
2459 3009 2576 3076 (καὶ
2602 3009 2827 3078 ὲλεήσαι
2855 3010 2885 3062 ό
2908 3010 3042 3073 Θεὸς
3073 3013 3283 3065 ἐκεῖνον
3312 3014 3403 3066 τὸν
3425 3015 3733 3086 ἄνθρωπον)

511 3114 673 3156 voces
725 3101 999 3156 sustinere
1037 3099 1309 3168 possum),
1345 3098 1592 3152 conversi
1628 3111 1838 3152 smnus.

2189 3092 2309 3152 εἶτα
2335 3099 2431 3153 καὶ
2449 3101 2529 3163 είς
2550 3099 2677 3163 τοὺς
2691 3102 2937 3165 κόντους,
2952 3103 3128 3155 εἰπεῖν
3151 3103 3207 3156 δὲ
3227 3105 3642 3176 συνηθέστερον,
3662 3108 3728 3158 κό

2115 3168 2160 3231 C
2196 3204 2372 3258 μητας
2389 3188 2558 3257 (μισῶ
2573 3190 2682 3259 γὰρ
2697 3187 2758 3242 τδ
2776 3190 3030 3260 ἀκράτως
3049 3168 3736 3265 βάρδαρονίέκομίσθημεν

579 3283 670 3339 96.
713 3280 1039 3337 Summatim
1085 3279 1266 3335 adhuc
1307 3275 1609 3333 referemus
1640 3292 1760 3342 nos,
1794 3286 2086 3348 postquam

2261 3283 2379 3345 hq’.
2399 3279 2519 3332 Ἔτι
2540 3281 3014 3351 κεφαλαιώσομαι,
3035 3285 3130 3337 καὶ
3141 3285 3224 3338 ὅτι
3243 3285 3631 3349 ἀεθλεύσαντες
3655 3306 3730 3357 μα

509 3377 678 3431 multa
709 3373 780 3429 ibi
814 3373 959 3444 passi
1014 3371 1330 3437 fuissemus,
1361 3384 1502 3441 aegre
1541 3379 1664 3439 post
1717 3369 1929 3439 aliquos
1971 3369 2086 3424 dies

2189 3373 2299 3440 κρὰ
2316 3370 2411 3424 καὶ
2431 3372 2569 3436 ἐκεῖ,
2592 3373 2745 3441 μόλις
2764 3373 2901 3442 μετὰ
2926 3377 3018 3426 καὶ
3049 3375 3135 3429 ἑτέ
3145 3393 3240 3445 ρας
3273 3378 3488 3447 ἡμέρας
3525 3379 3753 3449 μετρίας

508 3469 673 3523 domo
701 3464 885 3520 Sancti
914 3463 1201 3517 restitutos
1228 3462 1398 3515 fuisse
1418 3476 1434 3525 ;
1457 3459 1986 3527 occurrentibusque
2011 3457 2086 3512 ibi

2188 3461 2268 3528 τῷ
2295 3460 2390 3514 τοῦ
2418 3463 2571 3529 ἁγίου
2593 3464 2728 3533 οίκῳ
2751 3465 3207 3537 ἁποκατὲστημεν
3225 3483 3240 3498 ·
3269 3471 3362 3521 καὶ
3386 3471 3468 3522 ὅτι
3501 3471 3754 3538 εὑρόντες

509 3560 765 3614 tribubus
791 3555 1003 3609 Latinis
1025 3555 1257 3622 locaque
1284 3553 1406 3606 aliis
1442 3551 1754 3606 hominibus
1782 3552 1986 3620 repleta
2008 3551 2086 3604 vi-

2189 3554 2306 3606 ἐκεῖ
2338 3554 2482 3620 φῦλα
2506 3554 2795 3616 Λατινικά,
2837 3558 2929 3610 καὶ
2959 3557 3213 3626 ὲτεροίων
3238 3559 3293 3610 δὲ
3321 3557 3624 3628 ἀνθρώπων
3657 3559 3753 3628 γέ-

511 3652 726 3714 dentes,
756 3645 1133 3716 superioribus
1165 3642 1637 3711 inferioribusque
1687 3642 1937 3711 partibus
1975 3642 2086 3712 jam

2192 3660 2365 3709 μοντα
2396 3644 2619 3707 ἰδόντες,
2671 3647 2742 3698 τά
2791 3662 2851 3699 τε
2882 3649 2995 3702 ἄνω
3023 3648 3092 3701 τά
3123 3665 3182 3700 τε
3230 3651 3378 3700 κάτω
3415 3649 3473 3712 ἐξ
3504 3651 3754 3718 ἀνάγκης

509 3739 812 3809 occupatis,
832 3738 900 3791 ad
923 3735 1198 3790 hortulum
1222 3735 1584 3798 concessisse;
1604 3732 1838 3803 primum
1868 3731 2086 3787 traden-

2186 3734 2489 3805 ἐγενόμεθα
2517 3736 2614 3790 τοῦ
2636 3738 2780 3791 κατὰ
2808 3739 2899 3792 τὸν
2926 3736 3076 3793 οἷκον
3110 3739 3365 3808 κηπιδὶου
3386 3757 3400 3771 ·
3423 3741 3520 3793 καὶ
3548 3740 3758 3793 ἐπιδόνη

508 3842 594 3888 tcs
617 3845 717 3885 nos
741 3827 1090 3884 delectationi
1116 3823 1420 3880 brevissimi
1447 3822 1623 3878 balnei
1653 3823 1802 3877 humi
1821 3823 2084 3892 iacuisse,

2186 3840 2276 3887 τες
2307 3825 2536 3890 ἑαυτοὺς
2570 3829 2878 3899 πεσσουλίῳ
2908 3829 3001 3882 τοῦ
3035 3830 3212 3882 ἐκεῖσε
3271 3829 3612 3899 βραχυτάτου
3637 3831 3753 3883 λοε-

512 3937 653 3996 puro
674 3920 922 3991 gramine
948 3917 1265 3988 supposito;
1291 3923 1416 3971 octo
1442 3915 1561 3972 dies
1585 3915 2014 3984 consumpsisse,
2031 3915 2082 3968 in

2186 3913 2338 3984 τροῦ,
2396 3915 2680 3986 ἐκείμεθα,
2737 3916 2930 3985 χόρτον
2988 3917 3221 3986 ἄμικτον
3275 3915 3752 3985 ὑποϐεὸλημένοι’

511 4015 714 4086 quibus
756 4023 949 4081 panem
989 4021 1188 4080 purum
1243 4022 1352 4061 non
1404 4008 1678 4071 vidimus,
1710 4007 1804 4062 sed
1851 4007 2086 4078 panibus

2186 4005 2282 4058 καὶ
2318 4007 2399 4060 δτι
2445 4007 2590 4059 ὀκτὼ
2625 4009 2998 4078 μετρήσαντες
3053 4009 3286 4079 ἡμέρας,
3337 4009 3396 4060 ἐν
3444 4003 3534 4070 αἷς
3587 4007 3752 4076 ἄρτον

513 4099 900 4159 subcinericiis
933 4114 1000 4154 ex
1037 4097 1252 4154 furfure
1292 4097 1562 4153 confectis
1601 4099 1814 4153 ventris
1855 4097 2084 4152 avidita-

2186 4098 2464 4167 ἀκραιφνῆ
2493 4098 2612 4150 οὐδὲ
2637 4098 2872 4169 εῐδομεν.
2904 4099 3040 4152 ἀλλὰ
3069 4101 3180 4163 τοῖς
3202 4102 3265 4154 ἑκ
3289 4099 3532 4168 πιτύρων
3555 4100 3755 4168 ἐγκρυ-

512 4208 619 4251 tem
671 4193 1030 4256 satiavimus;
1076 4198 1199 4261 post
1247 4188 1349 4246 hos
1393 4189 1512 4246 dies
1587 4204 1695 4244 non
1767 4191 1895 4244 vino
1955 4202 2082 4245 usos

2186 4192 2336 4258 φίαις
2377 4192 2834 4261 ὲχρεωκοποῦμεν
2867 4191 2928 4245 τὸ
2953 4193 3052 4262 τῆς
3085 4193 3323 4263 γαστρὸς
3370 4193 3549 4261 λίχνον
3572 4206 3591 4225 ο
3656 4193 3752 4244 καὶ

511 4285 708 4349 fuisse,
757 4282 853 4338 sed
909 4281 1188 4353 paululum
1251 4279 1366 4337 vini
1432 4280 1601 4336 fucati
1652 4290 1708 4337 et
1749 4281 1905 4352 quasi
1964 4289 2085 4352 gut-

2186 4280 2332 4334 οίνου
2351 4280 2410 4334 δὲ
2435 4281 2570 4350 μηδὲ
2601 4283 2856 4352 μύρισμα
2878 4283 3276 4353 εὐτυχήσαντες
3299 4282 3628 4353 μετάύτάς,
3656 4283 3753 4336 καὶ

514 4377 667 4430 latim
712 4374 939 4439 bibisse,
976 4387 1285 4446 panemque
1330 4371 1718 4428 fermentatum
1779 4373 2084 4428 comedisse

2186 4372 2330 4426 οἴνου
2391 4371 2745 4444 ψευδωνύμου
2800 4375 2983 4445 ἠρέμα
3042 4376 3139 4430 καὶ
3194 4376 3271 4440 ὡς
3329 4377 3546 4446 ἀληθῶς
3607 4380 3756 4430 κατὰ

514 4485 578 4525 ac
629 4469 836 4539 aliquot
866 4465 1006 4534 alia;
1051 4480 1155 4521 nec
1187 4465 1470 4520 hortulum
1512 4463 1684 4519 fuisse
1735 4463 1893 4518 nobis
1950 4478 2082 4532 por-

2191 4465 2434 4534 στράγγα
2468 4466 2832 4536 μετέσχομεν,
2891 4469 2986 4521 καὶ
3015 4468 3181 4539 ἄρτου
3236 4471 3294 4522 δὲ
3353 4468 3604 4538 ζυμίτου,
3656 4473 3755 4524 καὶ

515 4574 626 4616 tum
676 4566 941 4616 adversus
1009 4557 1279 4614 tumultus
1334 4556 1636 4613 Latinieos.
1667 4553 1724 4610 Si
1765 4572 1927 4627 quem
1985 4556 2080 4625 ju-

2186 4555 2362 4610 ἄλλων
2393 4556 2449 4608 δέ
2473 4571 2636 4611 τινων
2659 4572 2673 4587 ⁸
2707 4559 2801 4610 καὶ
2828 4558 2911 4611 ὅτι
2941 4559 3062 4612 οὐδὲ
3101 4559 3162 4611 τὸ
3200 4559 3400 4629 κηπίον
3433 4555 3548 4629 εἶχε
3583 4561 3753 4632 λιμὴν

508 4664 705 4710 varent
783 4653 1008 4707 arbores
1063 4650 1440 4720 imprimisque
1521 4647 1791 4711 ficulneae,
1849 4661 2081 4718 quarum

2186 4649 2320 4718 ἡμῖν
2350 4648 2605 4716 γενέσθαι
2631 4649 2726 4702 τοῦ
2764 4650 3058 4704 Λατινικοῡ
3089 4651 3377 4714 κλύδωνος.
3431 4653 3540 4705 Καὶ
3569 4655 3618 4705 εἱ
3649 4654 3752 4722 μὲν

511 4744 728 4800 fructus
759 4745 1090 4798 immaturus
1120 4739 1422 4795 insalubris
1467 4739 1720 4794 erat’his
1751 4738 1846 4808 qui
1895 4737 2082 4792 crudis

2186 4738 2420 4807 δένδροις
2469 4740 2776 4810 ὴχρειοῦτο,
2836 4742 2932 4795 καὶ
2983 4741 3219 4811 μάλιστα
3258 4745 3472 4809 συκαῖς,
3529 4739 3602 4798 ὧν
3657 4749 3756 4796 καθ.

509 4843 827 4893 vescuntur,
860 4833 906 4886 si
941 4833 1071 4886 item
1117 4830 1312 4884 areola:
1340 4844 1371 4884 e
1400 4829 1602 4897 quibus
1643 4835 1916 4898 quotquot
1951 4827 2085 4882 deli-

511 4927 610 4980 ciae
642 4931 1003 4987 enascuntur,
1037 4921 1142 4975 alia
1170 4934 1304 4975 cura
1330 4928 1414 4975 est
1446 4919 1534 4976 his
1574 4920 1668 4988 qui
1717 4917 1954 4973 maxime
1985 4918 2086 4972 hu-

509 5014 753 5086 jusmodi
785 5014 1148 5068 delectantur.
1195 5010 1254 5066 Si
1300 5018 1536 5081 tapetem
1555 5011 1751 5080 pedum
1802 5011 2088 5066 conculca-

513 5114 657 5168 rent,
701 5103 838 5159 nihil
870 5111 990 5158 erat
1017 5102 1312 5157 dicendum
1345 5101 1501 5171 quasi
1545 5100 1862 5171 impatibilis
1894 5100 2087 5155 fuisset

513 5198 607 5269 qui
663 5195 994 5252 sustinebat.
1056 5192 1234 5246 Simul
1287 5193 1431 5247 enim
1482 5193 1808 5250 sedebamus
1840 5200 1898 5247 et
1946 5208 2086 5262 pau-

517 5299 676 5358 peres
712 5282 1130 5347 commensales,
1153 5296 1320 5352 panes
1352 5298 1416 5337 ex
1453 5282 1661 5337 furfure
1681 5299 1781 5354 pro
1831 5284 1953 5338 cibo
1996 5300 2088 5339 su-

523 5387 751 5434 mentes.
781 5375 919 5430 Male
941 5375 1158 5429 educati
1190 5374 1368 5444 parati
1401 5374 1469 5427 ad
1524 5375 1835 5430 vellendum
1878 5390 1909 5429 e
1943 5385 2090 5429 terra

517 5483 638 5539 qua:
669 5481 886 5537 semper
932 5465 1129 5536 juvant
1171 5479 1265 5519 eos
1325 5465 1418 5534 qui
1452 5466 1643 5534 ,horto
1708 5464 2086 5536 perfruuntur,

518 5560 680 5616 nobis
704 5559 846 5615 idem
893 5557 1090 5613 facturi
1118 5567 1312 5624 erant;
1357 5557 1710 5623 accedentes,
1755 5558 1951 5613 deinde
1998 5573 2087 5612 re-

519 5656 808 5710 vertentes,
857 5646 1002 5701 (irca
1040 5645 1225 5702 sedem
1271 5659 1332 5701 se
1367 5645 1682 5720 spoliantes,
1718 5646 2086 5715 dejectionum

519 5753 684 5795 causa
708 5753 766 5796 se
793 5737 1141 5794 demittentes
1167 5737 1663 5812 apprOpinquando
1687 5737 1847 5794 nobis
1873 5739 1947 5793 nil
1975 5739 2082 5795 nisi

2185 4830 2366 4900 ἄωρος
2419 4834 2447 4883 ὁ
2476 4833 2690 4903 καρπὸς
2739 4837 3114 4904 παρηνομεῖτο
3169 4837 3278 4898 τοῖς
3331 4835 3617 4905 ὼμησταῖς
3673 4841 3754 4899 εἰς

2181 4921 2484 4992 ἔμϐρωμα,
2515 4922 2598 4975 ἔτι
2655 4923 2713 4977 δὲ
2759 4926 2856 4978 καὶ
2890 4927 3173 4994 πρασιαῖς,
3208 4926 3243 4978 ἃ
3265 4924 3329 4994 δὴ
3353 4925 3589 4992 φίλτατα
3621 4928 3760 4996 ἡμῖν

2187 5011 2416 5078 ἔφυσαν,
2471 5013 2608 5086 ἄλλη
2660 5015 2822 5067 τοῦτο
2881 5015 3027 5084 λύπη
3075 5016 3188 5076 τοῖς
3221 5030 3286 5082 γε
3344 5014 3755 5083 φιλοτοιούτοις.

2191 5105 2323 5156 Ὅτε
2355 5102 2414 5156 δὲ
2448 5105 2544 5158 καὶ
2597 5106 2698 5174 τὴν
2750 5105 3109 5158 ὑποποδιαίαν
3156 5108 3413 5175 ἡχρείουν
3447 5105 3755 5176 τράπεζαν,

2189 5195 2305 5246 ἀλλ’
2337 5197 2514 5249 ἐκεῖνο
2568 5197 2668 5250 οὐκ
2719 5197 2826 5267 ἔχω
2868 5200 3099 5266 φράσαι,
3151 5199 3298 5259 ὅπως
3359 5200 3425 5251 ἂν
3461 5201 3620 5269 φέροι
3672 5216 3760 5263 τις

2189 5287 2438 5350 ἀπαθῶς.
2484 5289 2836 5358 Ἐκαθήμεθα
2871 5290 2976 5359 μὲν
3030 5290 3140 5358 γὰρ
3190 5290 3444 5360 ὁμιλαδὸν
3509 5292 3558 5344 οἱ
3613 5309 3762 5344 πτω-

2189 5381 2277 5448 χοὶ
2333 5378 2600 5445 σύσσιτοι,
2631 5381 2758 5443 τοὺς
2806 5382 3064 5451 πιτυρίας
3117 5381 3553 5451 προσεϐλημένοι
3620 5383 3760 5449 πρὸς

2188 5472 2420 5541 τροφήν.
2452 5471 2514 5522 Oi
2539 5470 2597 5523 δὲ
2624 5471 2938 5524 ἀπαίδευτοι
2977 5472 3204 5538 ἀφέντες
3237 5473 3445 5541 κείρειν
3471 5472 3538 5524 τὰ
3571 5473 3634 5524 ἐκ
3657 5471 3762 5540 τῆς

2191 5556 2428 5630 γῆς,οίς
2457 5560 2675 5631 ἔχαιρον
2725 5561 3236 5633 ἑμφιλοχωροῦντες
3294 5563 3384 5617 ἀεὶ
3436 5563 3513 5632 τῷ
3575 5565 3760 5633 κήπῳ,

2190 5651 2548 5715 δσκευάζοντο
2576 5653 2695 5706 καθ’
2719 5655 2878 5723 ήμῶν
2905 5671 2918 5684 ·
2954 5655 3047 5706 καὶ
3077 5654 3418 5722 ὲγγίσαντες,
3455 5651 3572 5707 εἶτα
3598 5670 3764 5724 στρα-

2193 5743 2406 5814 φέντες,
2443 5747 2538 5800 καὶ
2587 5747 2656 5800 τὰ
2687 5747 2816 5818 περὶ
2846 5745 2943 5818 τὴν
2971 5746 3132 5818 ἕδραν
3189 5747 3601 5816 γυμνώσαντες,
3660 5745 3760 5798 καὶ
