4084 6458
327 362 404 424 101
1063 369 1163 430 DE
1204 367 1773 432 THESSALDNICA
1823 371 2028 432 URBE
2080 376 2127 434 Ᾱ
2176 374 2486 434 LATINiS
2525 373 2786 434 CAPTA.
3441 372 3545 440 102

322 481 391 540 εἰς
413 476 655 547 ἔκκρισιν
685 477 1070 549 ὑφιξὴσαντες,
1122 480 1586 549 κατεστοχάζοντο
1615 479 1672 546 ἐξ
1723 481 1877 533 ἐναν-

1993 481 2166 536 lavare
2184 491 2427 536 venter
2462 483 2794 550 cogitabant,
2817 497 3010 552 aquam
3029 482 3364 542 dimittentcs
3381 488 3446 542 ad
3471 491 3549 541 ri-

324 571 428 632 τέας
473 569 633 640 ἡμῶν
679 568 1018 623 ἀποκοντοῦν
1074 570 1142 622 τὰ
1190 572 1423 639 περιττὰ
1470 569 1576 639 τῆς
1617 571 1875 641 γαστρὸς,

1993 573 2139 626 vulos
2159 572 2552 628 eﬂ‘ormandos.
2580 573 2672 627 Sic
2699 574 2950 643 agebant.
2971 573 3073 641 Qui
3092 583 3247 630 erant
3267 576 3549 634 nobiscum

325 661 643 728 ρυῖσκόμενα
673 659 799 712 καθ’
818 656 964 728 ὕδωρ
998 659 1089 712 διά
1118 660 1214 722 τὰς
1248 661 1547 730 ὀχετηγοίις
1575 661 1876 731 σταφυλάς.

1993 672 2354 727 exsecrantes,
2376 672 2433 716 ut
2456 664 2672 728 merito,
2696 664 2833 717 hanc
2855 665 3270 730 immunditiam,
3298 669 3550 739 indigna-

327 753 418 800 Καὶ
460 752 676 803 ἐποίουν
708 750 871 803 οὕτω.
907 752 1015 803 Καὶ
1037 751 1086 802 οἰ
1118 750 1216 818 μὲν
1253 751 1371 817 μεθ’
1405 753 1563 820 ἡμῶν
1593 752 1874 821 βδελυττό-

1993 756 2147 809 .ionis
2171 755 2492 823 impotentes
2517 762 2697 816 erant,
2739 771 2802 810 ac
2829 769 2887 809 se
2922 757 3186 822 parabant
3212 759 3278 812 ad
3317 760 3551 827 ignomi-

327 856 486 906 μενοι,
514 839 588 900 ὡς
635 840 768 906 ἔδει,
817 841 878 894 τὺ
923 842 1190 910 μυσαρὸν,
1248 842 1638 914 διερρήγνυντο
1693 842 1872 912 θυμῷ,

1993 847 2134 900 niese
2159 846 2457 915 eiiciendos
2488 847 2589 902 hos
2616 847 2682 917 (si
2711 849 2973 905 hellenice
2997 850 3312 920 dicendum)
3349 851 3550 909 Ozolas

323 933 410 984 καὶ
443 933 828 999 κατηκονῶντο
859 932 1066 1002 ἀτίμως
1101 934 1414 1001 ἀπαγαγεῖν
1465 935 1591 993 τοὺς
1639 933 1710 1002 (εἰ
1769 933 1875 1004 χρὴ

1993 936 2220 1001 'elidos).
2284 936 2393 992 Nos
2460 951 2595 993 vero
2643 938 3016 994 retinebamus
3065 955 3179 1007 eos,
3231 958 3550 1011 persuasum

334 1022 653 1089 Ἑλληνικῶς
683 1024 1080 1094 προσρηθῆναι)
1122 1025 1360 1088 Ὀζόλας.
1415 1024 1606 1095 Ἡμεῖς
1646 1025 1700 1078 δὲ
1723 1025 1878 1077 ἐπείε

1993 1029 2260 1093 tabentes,
2287 1029 2380 1098 qui
2411 1043 2469 1085 se
2497 1031 2550 1083 in
2582 1045 2742 1083 emno
2769 1042 3122 1100 peccatorum
3166 1035 3552 1090 volutaverunt

321 1131 476 1183 χομεν
507 1113 601 1166 τοῦ
634 1113 821 1180 ἔργου,
858 1115 1154 1186 κρίνοντες,
1187 1115 1262 1179 ὡς
1285 1116 1333 1168 οἰ
1371 1116 1657 1186 ἁμαρτιῶν
1689 1116 1879 1185 βορϐό-

1993 1120 2300 1191 huiusmodi
2331 1120 2595 1176 odoribus
2628 1121 2824 1194 dignos
2847 1139 2991 1180 esse.

321 1219 426 1272 ροις
491 1203 965 1272 ἐγκαλινδούμενοι
1013 1205 1107 1258 καὶ
1175 1205 1438 1259 τοιούτων
1493 1206 1879 1261 ἀποϐαίνουσιν

320 1293 492 1362 ὀδμῶν
521 1295 683 1358 ἄξιοι.

384 1361 817 1451 ἰιζ’.11ροσθήσω
850 1386 970 1446 ταῖς
1009 1383 1410 1451 κεφαλαιὼσεσι
1465 1385 1693 1448 ταύταις
1754 1387 1878 1451 καὶ,

2059 1364 2150 1420 97.
2170 1361 2264 1418 His
2287 1364 2598 1419 summatim
2616 1364 2778 1419 dictis
2808 1365 2982 1420 adhuc
3007 1368 3376 1429 addam,velut
3405 1373 3554 1426 alvus

318 1469 386 1530 ὡς
417 1472 446 1537 ἡ
477 1469 619 1538 ξηρὰ
649 1469 840 1541 κοίτη,
878 1473 969 1524 ἐπὶ
997 1472 1157 1525 πλέον
1182 1472 1593 1542 παραμείνασα,
1625 1473 1722 1542 ὀψέ
1753 1489 1884 1525 ποτε

1993 1474 2109 1528 qua:
2170 1467 2460 1530 postquam
2537 1461 2628 1515 diu
2710 1462 2852 1516 sicca
2933 1476 3304 1532 remanserat,
3365 1481 3550 1538 postea

319 1559 417 1613 ὑπὸ
451 1560 721 1629 θεοφιλῶν
753 1562 1163 1634 ἐξεθεραπεύθη
1198 1562 1428 1632 ἀνδρῶν,
1486 1563 1675 1634 ὥσπερ
1722 1568 1818 1619 καὶ
1848 1564 1882 1635 ἡ

1993 1550 2275 1619 aliquando
2313 1565 2341 1603 a
2383 1552 2590 1607 sanctis
2635 1552 2950 1608 hominibus
2987 1565 3177 1611 sanata
3225 1567 3354 1623 est;
3410 1561 3557 1614 velut

316 1652 625 1719 γυμνιτεία,
665 1647 742 1704 ὧν
786 1654 884 1724 οὐχ
923 1656 1088 1724 ἡμεῖς
1138 1655 1373 1724 δαψιλῶς
1429 1657 1648 1726 εἴχομεν
1710 1657 1881 1726 μόνοι,

1993 1641 2143 1696 etiam
2168 1641 2368 1697 milites
2396 1653 2682 1699 armaturae
2716 1646 2846 1702 levis
2883 1662 3022 1715 quos
3047 1664 3154 1704 non
3183 1666 3280 1705 nos
3302 1651 3403 1706 soli
3437 1653 3557 1721 plu‘

315 1742 446 1796 ἀλλὰ
471 1745 569 1797 καὶ
600 1745 798 1806 πάντες
828 1746 877 1797 οἰ
907 1745 1028 1814 μεθ’
1060 1746 1218 1815 ἡμῶν
1239 1763 1254 1776 ·
1292 1747 1388 1798 καὶ
1412 1747 1494 1800 ὅτι
1524 1747 1618 1799 καὶ
1652 1748 1759 1800 άπδ
1775 1748 1882 1803 τῶν

1993 1733 2154 1786 rimos
2185 1732 2468 1798 habemus,
2501 1736 2594 1790 sed
2625 1737 2785 1790 etiam
2813 1753 3001 1794 omnes
3032 1740 3339 1807 nobiscum,
3361 1758 3460 1797 nos
3487 1759 3552 1796 ex

314 1831 523 1902 ἐχθρῶν
552 1834 946 1904 παρηγάγομέν
975 1852 1026 1887 τι
1077 1834 1320 1906 κέρδους,
1373 1835 1575 1904 αἱμύλα
1617 1835 1883 1888 κωτίλανο

1993 1821 2238 1876 hostibus
2259 1822 2461 1892 aliquid
2487 1825 2620 1880 lucri
2652 1837 2962 1897 reportasse
3007 1831 3190 1901 gravia
3243 1833 3439 1888 lenlter
3467 1835 3552 1888 di-

313 1940 399 1986 τες
431 1925 530 1978 καὶ
565 1924 738 1993 βαθέα
761 1941 775 1955 ·
830 1919 907 1979 ὧν
938 1925 1039 1978 οὐκ
1071 1926 1137 1980 ἂν
1166 1925 1381 1995 ὥκνησέ
1434 1945 1519 1990 τις
1575 1929 1886 1998 μεμνῆσθαι

1993 1911 2182 1978 cendo,
2211 1928 2333 1980 quae
2379 1915 2650 1970 neminem
2703 1919 2904 1988 pigebit
2931 1923 3205 1978 reminisci
3251 1925 3320 1977 ob
3367 1925 3556 1979 luxum

318 2015 401 2070 διὰ
430 2016 492 2069 τὸ
522 2016 933 2088 ὑπογλάφυρον.
967 2017 1126 2088 εἴπερ
1163 2013 1231 2089 ἦν
1261 2019 1470 2087 καιρὸς,
1507 2019 1743 2073 ἐνταῦθα
1785 2037 1884 2072 περ

1993 2003 2223 2068 dicendi,
2261 2014 2315 2060 et
2361 2007 2564 2070 etiam,
2612 2010 2657 2064 si
2684 2019 2904 2079 tempus
2953 2013 3126 2079 adest,
3179 2016 3267 2070 illa
3309 2031 3554 2072 narrare.
3618 2028 3624 2036 ‘

318 2107 649 2179 ριηγηθῆναι
680 2110 771 2162 καὶ
799 2109 958 2164 αὑτά.
993 2109 1104 2162 Kal.
1135 2110 1416 2179 άφαῑρεμα
1447 2110 1545 2179 μέν
1575 2128 1625 2163 τι
1656 2112 1764 2164 τῶν
1827 2110 1888 2177 ἐξ

1993 2095 2177 2161 Quoad
2201 2097 2289 2150 illa
2315 2113 2434 2167 qua:
2464 2113 2492 2152 a
2520 2101 2679 2156 nobis
2700 2101 2897 2158 auferri
2931 2115 3178 2174 poterant
3209 2109 3226 2176 (
3251 2109 3428 2163 mulus
3463 2126 3558 2178 po-

316 2199 465 2269 ἡμῶν
508 2199 756 2270 (ἡμίονον
795 2199 978 2254 θετέον
1015 2201 1268 2272 εἰπεῖν,ἥ
1322 2201 1501 2272 βίϐλον
1547 2202 1677 2271 μίαν
1733 2201 1885 2270 γοῦν,

1993 2187 2194 2244 nendus
2219 2197 2385 2249 esset,
2412 2189 2496 2244 vel
2537 2206 2680 2245 unus
2728 2193 2884 2258 liber,
2914 2196 2995 2250 vel
3032 2205 3285 2260 stratum.
3330 2200 3412 2253 vel
3455 2201 3552 2252 ali-

317 2291 346 2360 ἡ
381 2291 635 2362 στρῶμα,
677 2291 712 2362 ἢ
737 2291 868 2346 ἄλλο
914 2309 967 2345 τι
999 2292 1108 2344 τῶν
1140 2292 1448 2362 ἡμετέρων)
1476 2291 1746 2346 ὲκσπάσαι
1790 2291 1886 2346 τοῦ

1993 2276 2118 2346 quid
2169 2280 2520 2350 nostrorum),
2561 2281 2692 2336 nihil
2725 2284 2955 2355 insignis
2994 2287 3152 2356 pretii
3202 2289 3556 2345 habebamus.

317 2385 432 2439 κατ’
469 2385 672 2448 αὐτοὺς
704 2385 873 2454 χάους
909 2385 1010 2438 οὐκ
1039 2384 1293 2455 ἔσχομεν.
1327 2385 1628 2456 Χρυσίνους
1657 2385 1713 2437 δὲ
1746 2403 1880 2439 πεν-

1993 2367 2387 2439 Quinquaginta
2428 2386 2680 2429 nummos
2751 2390 2948 2433 aureos
3013 2378 3286 2435 fueramus
3352 2380 3553 2447 largiti,

315 2475 553 2544 τήκοντα
601 2475 1000 2546 ἐπορισάμεθα,
1042 2476 1105 2528 οὗ
1152 2477 1328 2547 πάντη
1353 2477 1716 2546 φορμίσαντες
1753 2475 1888 2531 ὀιδώ-

1993 2473 2087 2515 nec
2133 2461 2355 2517 omnino
2397 2463 2566 2531 gratis
2586 2459 2730 2519 'ﬁdes
2792 2481 3183 2534 moveramus;
3237 2478 3290 2524 et
3325 2472 3390 2524 ad
3423 2487 3559 2538 pau-

317 2579 475 2634 ρηταο
533 2564 657 2617 ὅθεν
709 2565 842 2634 ἡμῖν
873 2564 1113 2636 ἡσυχαία
1158 2581 1242 2627 τις
1287 2564 1581 2627 ἀνάστασις
1614 2564 1706 2617 τοῦ
1743 2563 1888 2619 κατὰ

1993 2553 2214 2619 pertatis
2248 2550 2496 2607 levamen
2541 2554 2772 2625 contigit
2809 2555 3034 2612 feliciter
3063 2557 3378 2629 Myroblytze
3413 2565 3555 2614 revi-

321 2655 560 2724 παντελῆ
594 2655 879 2729 πτωχείαν,
918 2653 1108 2722 γέγονε
1149 2653 1443 2724 πτώματος
1473 2654 1568 2706 τοῦ
1597 2653 1887 2722 Μυροὸλύ-

1993 2643 2203 2698 viscens
2231 2644 2531 2716 scaturigo.
2580 2647 2731 2703 velut
2781 2662 2813 2704 c
2858 2650 3092 2719 quodam
3122 2666 3328 2707 oceano
3357 2651 3552 2717 fluens,

321 2763 436 2810 του,
457 2749 561 2800 καὶ
581 2744 801 2798 ἀλλοίαν
830 2745 1117 2816 ὲπίρῤοιαν
1142 2743 1404 2797 παντοίαν
1433 2743 1542 2812 πλη
1552 2742 1666 2812 μμύ
1675 2758 1885 2812 ροντος,

1993 2735 2133 2790 unde
2160 2750 2264 2792 nos
2294 2739 2511 2808 etquod
2546 2740 2817 2810 reliquum
2850 2743 3232 2803 eraLeivitatis
3269 2746 3556 2801 sustentati

317 2838 456 2891 καθά
496 2838 599 2891 καὶ
633 2837 692 2902 ἐξ
717 2835 963 2890 ὠκεανοῦ
991 2852 1136 2897 τινος
1158 2850 1171 2862 ·
1205 2835 1299 2902 ἀφ’
1337 2825 1398 2888 οὗ
1432 2837 1528 2888 καὶ
1556 2835 1721 2904 ἡμεῖς
1754 2832 1884 2903 ἐξή-

1993 2837 2196 2880 sumus.
2252 2824 2311 2879 In
2362 2826 2657 2882 vanitatem
2703 2829 2846 2884 enim
2901 2830 3027 2899 quis
3059 2848 3238 2887 nonne
3273 2833 3557 2889 recidisstit

317 2943 510 2998 σαμεν,
548 2928 646 2981 καὶ
671 2926 730 2980 τὸ
775 2929 873 2997 τῆς
899 2925 1104 2989 πόλεως
1150 2925 1207 2978 δὲ
1238 2925 1382 2978 ἅπαν
1411 2923 1884 2994 περιλειπόμενον.

1993 2922 2042 2968 et
2085 2913 2138 2968 in
2167 2915 2453 2972 Iudaicam
2506 2919 2786 2985 duritiam,
2815 2921 2860 2977 si
2894 2920 3052 2977 labiis
3078 2938 3246 2980 ausus
3279 2935 3421 2980 esset
3469 2928 3555 2980 di-

315 3020 426 3074 Οὐκ
476 3020 551 3074 ἂν
594 3020 704 3092 γάρ
741 3035 828 3083 τις
885 3016 1244 3090 ματαιωθείη,
1295 3019 1389 3072 καὶ
1436 3019 1518 3080 εἰς
1589 3015 1884 3086 Ἰουδαῖκὴν

1993 3020 2130 3070 cere.
2181 3023 2241 3064 se
2276 3009 2392 3064 sine
2441 3010 2621 3067 fructu
2669 3025 2700 3066 a
2743 3012 3039 3084 Myroblyta
3069 3013 3345 3072 discedere
3377 3017 3558 3086 quoad

314 3109 672 3179 ὲκκυλισθείη
733 3108 1080 3180 ἀχαριστίαν,
1118 3107 1192 3172 ὡς
1221 3107 1493 3177 τολμῆσαι
1528 3108 1884 3176 προενεγκεῖν

1993 3097 2192 3166 cibum,
2221 3113 2284 3156 ac
2314 3110 2505 3157 caetera
2532 3101 2555 3156 ’Ξ

314 3202 418 3256 τῶν
452 3201 705 3274 χειλέων,
738 3199 974 3270 ἀκερδὴς
1009 3200 1074 3252 ὲκ
1104 3198 1198 3252 τοῦ
1230 3197 1589 3268 Μυροὸλύτου
1622 3196 1891 3254 άπεκόαί-

319 3310 431 3350 νειν
456 3294 532 3350 τά
569 3310 630 3345 τε
654 3293 732 3356 εἰς
763 3291 994 3363 τροφὴν,
1023 3291 1118 3344 καὶ
1145 3290 1310 3343 λοιπὰ
1345 3289 1401 3341 δέ
1431 3306 1573 3343 τινα.

384 3386 495 3460 ιιη⁹.
531 3386 649 3442 Kal.
679 3385 854 3439 ταῦτα
903 3382 1004 3453 μὲν
1026 3375 1159 3452 ἡμῖν
1206 3379 1644 3451 παρεκδεΰάσθω
1678 3379 1894 3450 συμμέο

314 3496 478 3551 τρως,
495 3481 600 3533 καὶ
625 3477 749 3531 οὐδὲ
776 3475 920 3529 πάνυ
947 3474 1054 3541 ἔξω
1082 3472 1176 3528 τού
1201 3471 1431 3534 δέοντος.
1455 3472 1517 3525 Ol
1539 3471 1594 3525 δὲ
1625 3471 1892 3543 βάρϐαροι

317 3571 716 3640 πληρώσαντες
749 3567 848 3638 τὴν
884 3563 1042 3620 πόλιν
1071 3562 1222 3633 ὃλην,
1254 3559 1315 3626 ἐξ
1349 3561 1528 3614 αὐτῶν
1583 3559 1693 3613 τῶν
1740 3559 1890 3631 ἑῴων

317 3663 498 3717 πυλῶν
551 3658 879 3732 ἀρξάμενοι,
928 3653 1173 3724 ἐθέριζον
1218 3653 1346 3716 τοὺς
1403 3651 1526 3705 καθ’
1556 3653 1738 3721 ἡμᾶς*
1796 3651 1892 3706 καὶ

319 3754 486 3824 συχνὰ
522 3750 702 3806 ταῦτα
757 3750 1053 3820 δράγματα
1086 3746 1392 3816 ῥίπτοντες,
1453 3743 1667 3813 σωροὺς
1720 3742 1891 3795 ἐστοί-

316 3846 499 3912 6αζον,
535 3844 602 3908 ἐξ
634 3836 708 3897 ὧν
735 3840 872 3914 ᾅδης
899 3837 1046 3908 φιλεῖ
1076 3834 1412 3906 σιτούμενος.
1446 3834 1560 3888 Καὶ
1585 3834 1632 3885 οἰ
1685 3832 1783 3902 μὲν
1799 3831 1894 3886 ὲπὶ

315 3937 424 3990 τῶν
475 3935 741 4007 ἁμφόδων
777 3929 1074 4002 φεύγοντες
1110 3926 1339 3980 ἔπιπτον
1391 3924 1520 3994 περὶ
1567 3922 1760 3987 αὑτάς,
1795 3920 1892 3975 καὶ

315 4027 430 4098 ἅμα
458 4024 804 4097 ὶγυμνοῦντο
841 4019 1228 4088 σκυλευόμενοι
1253 4031 1269 4046 ⁸
1307 4017 1402 4070 xal.
1426 4013 1600 4075 οὕτως
1630 4015 1687 4068 αἰ
1705 4012 1892 4082 ἀγυιαί

317 4123 396 4184 εἰς
436 4117 641 4189 οἰκτρὰ
673 4113 1053 4186 ἐσχεδιάζοντο
1092 4108 1444 4177 πολυάνδρια,
1470 4106 1626 4176 ἡλίου
1654 4105 1894 4178 ἐφορῶν-

315 4229 427 4278 τος,
460 4211 498 4266 ἃ
557 4209 636 4278 μὴ
666 4207 928 4274 ἔπρεπεν.
961 4204 1024 4257 Ol
1055 4200 1112 4254 δὲ
1153 4201 1212 4253 ἐν
1246 4201 1366 4262 ταῖς
1417 4198 1620 4261 οἰκίαις
1647 4197 1894 4266 παρέμε-

314 4322 404 4359 νον
435 4303 639 4364 αὐταῖς
693 4302 775 4363 εἰς
809 4296 1179 4363 ἁδιεξόδευτον
1201 4308 1218 4324 '
1253 4291 1348 4346 καί
1376 4291 1476 4344 οὑκ
1508 4285 1577 4362 ἦν
1634 4287 1891 4360 εὑρέσθαι

313 4395 515 4462 οἰκίαν,
545 4394 620 4464 ἢν
656 4392 821 4444 οἰκῶν
851 4387 1142 4458 ἄνθρωπος
1172 4383 1404 4454 ἠλεήθη,
1437 4381 1576 4451 πλὴν
1605 4381 1654 4434 εἰ
1682 4379 1758 4450 μὴ
1781 4379 1891 4450 ἄρα

315 4485 521 4555 πλῆθος
554 4479 706 4552 εἶχεν
742 4483 772 4534 ὁ
803 4474 976 4541 οἶκος.
1043 4473 1285 4528 Ἐκείνου
1342 4475 1450 4542 γὰρ
1506 4471 1556 4524 οἰ
1617 4470 1715 4540 μέν
1749 4485 1890 4531 τινες

313 4578 550 4632 επιπτον
589 4573 719 4639 ἔσω,
769 4565 852 4634 οἷς
882 4571 980 4624 καὶ
1003 4563 1146 4637 ἦσαν
1181 4565 1243 4619 αἰ
1293 4565 1464 4618 οἰκίαι
1510 4561 1691 4616 αὐτῶν
1729 4561 1893 4630 τάφοι

315 4669 520 4734 αὑτῶν,
555 4664 888 4736 παραθεῖναι
913 4658 974 4714 τδ
1005 4658 1344 4730 ψαλλόμενον
1366 4669 1382 4686 ο
1413 4655 1463 4709 οἱ
1491 4651 1892 4722 δὲιδιεκχυθέν-

314 4778 404 4825 τες
460 4760 546 4824 εἰς
585 4755 786 4826 φυγὴν,
823 4755 894 4824 τῇ
945 4749 1042 4804 τοῦ
1092 4748 1334 4816 πολέμου
1386 4745 1527 4816 τύχῃ
1566 4744 1892 4798 ἐπεδίδοντο.

317 4855 426 4908 Kal.
463 4851 614 4913 τέως
646 4848 744 4917 μὲν
775 4845 934 4899 ἁπλοῖ
958 4842 1171 4897 ἔκειντο
1196 4841 1246 4892 οἰ
1277 4839 1634 4908 ῥιπτόμενον
1698 4837 1894 4908 μικρὸν

313 4948 368 5002 δὲ
417 4947 549 5003 ὅσον
580 4944 691 4998 τῶν
723 4937 992 5009 πολεμίων
1032 4933 1331 5006 ραισάντων
1364 4931 1465 5002 τῆς
1513 4931 1651 4999 ἄγαν
1705 4931 1894 5000 ἐντρε-

313 5041 467 5111 χείας
492 5039 592 5093 καὶ
620 5033 1032 5098 ὑποπαιζόντων
1057 5027 1407 5099 πικρότερον,
1430 5021 1578 5078 κατὰ
1629 5022 1813 5089 γαίας,
1862 5018 1893 5073 ὃ

313 5132 376 5202 δὴ
399 5133 651 5201 λέγεται,
683 5127 876 5196 κωφῆς
899 5125 994 5179 καὶ
1026 5121 1238 5192 ἑτεροῖα
1264 5115 1560 5188 νεκριμαῖα
1583 5113 1887 5168 ἐπέκειντο.

314 5225 425 5279 Kal.
445 5225 474 5278 ὁ
511 5223 617 5294 μέν
646 5237 731 5282 τις
783 5217 975 5290 νεκρὸς
1001 5213 1285 5283 ἄνθρωπος
1313 5209 1420 5280 ὄνῳ
1447 5205 1686 5277 κειμένῳ
1732 5219 1890 5256 συνε-

315 5318 585 5384 δυὰζετοο
633 5315 822 5386 ἔτερος
867 5309 926 5365 δὲ
980 5309 1121 5364 κύνα
1174 5303 1288 5376 εἶχε
1341 5298 1886 5386 συμπαρακείμενον.

312 5411 423 5465 Kal.
477 5407 692 5463 τούτων
734 5383 830 5458 *τὰ
897 5402 1071 5457 πλείω
1142 5390 1660 5463 καταπεπαιγμένα.
1724 5383 1889 5460 ἦσαν,

314 5503 387 5565 ὡς
441 5501 525 5564 εἰς
561 5497 805 5552 διάθεσιν
839 5488 1160 5564 συμπλοκῆς
1193 5487 1290 5542 καὶ
1315 5484 1628 5555 φιλήματος
1689 5480 1888 5544 ’Δλλος

317 5591 452 5660 ὁμοῦ
512 5586 588 5659 ἦν
646 5584 886 5656 αἰλούρῳ
915 5578 1248 5649 κατοικιδίῳ.
1275 5575 1410 5629 Οὐδὲ
1461 5571 1720 5627 τοιούτων
1776 5569 1886 5641 γὰρ

313 5683 371 5735 sb
403 5680 685 5751 βάρϐαρον
719 5675 1012 5746 ἐφείδοντο,
1059 5674 1152 5724 καὶ
1206 5667 1443 5738 μάλιστα
1483 5662 1760 5734 κυναρίων
1807 5662 1886 5726 ὡς

318 5771 807 5827 καθυλακτούντων
831 5766 926 5820 καί
959 5760 1352 5833 ὲπιτρεχόντων
1372 5773 1388 5794 ν
1423 5755 1504 5810 διδ
1559 5753 1653 5808 καὶ
1707 5751 1887 5808 αὐτῶν

2060 3381 2150 3438 98.
2183 3381 2297 3440 Hoc
2343 3385 2559 3454 quidem
2616 3387 2757 3443 dicis
2802 3403 2972 3446 causa
3033 3402 3426 3460 memorentur,
3454 3413 3561 3450 non

1989 3475 2213 3531 omnino
2253 3484 2436 3532 tamen
2491 3478 2782 3534 immerito.
2831 3481 2964 3537 Cum
3019 3499 3148 3540 vero
3195 3485 3413 3542 Barbari
3448 3502 3561 3542 om-

1989 3579 2109 3620 nem
2137 3566 2408 3622 civitatem
2443 3569 2764 3638 replessent,
2803 3586 2835 3626 a
2892 3573 3062 3642 portis
3085 3574 3217 3644 ipsis
3274 3577 3564 3633 Orientali-

1991 3653 2092 3709 bus
2118 3653 2462 3724 incipientes,
2492 3668 2838 3715 messuerunt
2867 3669 3104 3727 nostros,
3124 3664 3363 3735 aliosque
3389 3668 3564 3721 mani-

1988 3746 2149 3814 pulos
2190 3745 2389 3802 multos
2414 3745 2701 3815 iacientes,
2750 3764 2976 3806 acervos
3017 3761 3335 3808 struxerunt
3365 3757 3563 3824 quibus

1991 3835 2238 3892 infernus
2285 3843 2430 3890 amat
2496 3839 2666 3894 vesci.
2715 3839 2819 3906 Qui
2858 3855 2989 3912 ergo
3040 3842 3094 3897 in
3133 3845 3364 3914 compita
3416 3846 3567 3916 fuge»

1992 3938 2138 3993 rant,
2175 3929 2229 3981 in
2268 3927 2376 3983 illis
2406 3929 2672 3984 cadebant
2719 3930 3001 4003 spoliaque
3055 3949 3244 3990 eorum
3291 3936 3382 4004 qui
3432 3939 3564 3992 ηυιΙί

1991 4016 2232 4073 derelicti
2254 4025 2407 4072 erant
2424 4017 2836 4086 auferebantur;
2863 4023 2942 4076 sic
2967 4023 3066 4076 via:
3088 4024 3140 4077 in
3164 4024 3337 4078 tristia
3361 4039 3558 4082 cmme-

1995 4109 2130 4165 teria
2176 4109 2356 4165 subito
2383 4118 2604 4165 mutatae
2637 4113 2951 4182 sunt,quod
2983 4115 3061 4168 sol
3089 4131 3366 4185 nunquam
3401 4129 3560 4173 antea

1992 4199 2335 4270 inspexerat.
2400 4199 2502 4267 Qui
2574 4217 2703 4258 vero
2769 4204 2826 4258 in
2893 4205 3320 4264 habitationibus
3385 4223 3562 4263 rema-

1993 4290 2214 4356 nebant,
2245 4305 2312 4346 ex
2341 4291 2447 4348 illis
2472 4292 2583 4362 iam
2615 4296 2765 4348 exire
2786 4295 3085 4361 nequibant
3111 4314 3126 4363 ;
3158 4311 3257 4352 nec
3277 4299 3385 4353 ulla
3409 4299 3565 4353 habi-

1996 4381 2128 4436 tatio
2177 4381 2575 4448 inveniebatur,
2596 4382 2754 4453 cuius
2793 4383 3082 4440 habitatori
3124 4386 3390 4456 parcitum
3429 4388 3567 4442 fuis-

1998 4479 2101 4536 set,
2142 4473 2246 4528 nisi
2290 4473 2445 4527 multi
2476 4488 2582 4529 non
2604 4473 2838 4532 fuissent
2863 4475 2995 4531 illic.
3020 4475 3324 4534 llliusenim
3345 4479 3565 4547 quidam

1998 4562 2143 4617 intus
2171 4563 2441 4633 peribant,
2459 4565 2658 4634 quibus
2679 4564 2876 4623 domus
2906 4569 3276 4637 sumipsorum
3313 4569 3563 4638 sepulcra

1999 4655 2220 4720 ﬂebant,
2251 4663 2312 4711 ut
2342 4655 2400 4711 in
2428 4655 2694 4723 Psalmis;
2731 4657 2822 4726 qui
2851 4673 2978 4712 vero
3016 4658 3068 4716 in
3114 4655 3294 4726 fugam
3317 4659 3560 4712 conversi

1998 4746 2234 4814 fuerant,
2260 4745 2491 4802 fortuna;
2528 4747 2654 4802 belli
2690 4747 2873 4802 traditi
2894 4755 3070 4802 erant.
3102 4746 3568 4818 [lucusqueiacco

1996 4837 2129 4893 bant
2155 4837 2478 4908 simpliciter
2511 4838 2814 4907 prostrati;
2856 4839 3013 4907 pauci
3062 4853 3128 4893 ex
3178 4839 3430 4894 hostibus
3474 4855 3566 4892 ar-

1997 4931 2180 4987 dorem
2205 4931 2433 4986 nimium
2491 4938 2876 5000 temperantes,
2929 4929 3201 4986 crudelius
3248 4931 3566 4991 illudebant,

1993 5025 2131 5081 etin
2194 5032 2362 5091 terra,
2399 5024 2545 5093 quod
2592 5023 2812 5093 quidem
2839 5014 3062 5089 dicitur,
3093 5028 3243 5076 muta
3299 5023 3564 5076 cadavera
3599 5033 3608 5042 '

1997 5115 2218 5172 alterius
2267 5115 2482 5186 generis
2523 5114 2794 5184 iacebant.
2821 5113 3052 5180 Quidam
3107 5112 3561 5176 mortuusasino

1993 5204 2192 5275 iacenti
2219 5203 2582 5275 iungebatur;
2607 5203 2746 5258 alter
2769 5217 2958 5257 canem
2997 5203 3248 5257 comitem
3293 5201 3559 5266 habebat;

1993 5299 2252 5367 pleraque
2289 5297 2481 5351 horum
2505 5297 2720 5352 exludo
2759 5295 2903 5351 facta
2946 5293 3403 5350 fuerantvelutin
3445 5293 3562 5348 dis-

1995 5385 2319 5454 positionem
2340 5386 2622 5457 amplexus
2646 5397 2700 5442 et
2720 5386 2916 5442 osculi.
2947 5384 3101 5441 Alius
3123 5384 3282 5439 simul
3299 5391 3416 5438 erat
3438 5399 3562 5439 cum

1993 5475 2096 5532 fele
2112 5491 2228 5532 sua.
2242 5477 2334 5532 llis
2353 5478 2495 5532 enim
2512 5494 2620 5534 non
2636 5477 3189 5549 parcebatBarbarus,
3203 5483 3364 5546 atque
3381 5475 3452 5529 im
3461 5476 3564 5546 pri-

1995 5568 2100 5623 mis
2137 5569 2330 5625 catulis
2375 5569 2701 5626 latrantibus
2732 5578 2786 5626 et
2802 5566 3235 5634 accurrentibus,
3259 5567 3400 5622 unde
3457 5566 3562 5620 illis

1994 5659 2586 5718 civitasnostracaruit.
2609 5662 2666 5718 Si
2699 5661 2824 5734 quis
2861 5659 3059 5716 alicubi
3102 5667 3452 5729 superesset,
3493 5654 3560 5710 ad

1993 5751 2268 5808 hominem
2301 5751 2602 5814 Romanum
2637 5756 2843 5812 latrans
2873 5751 3222 5814 accurrebat;
3250 5763 3431 5804 coram
3453 5745 3560 5802 La-
