  <div class='ocr_page' id='page_1' title='image "/cluster/home/n/w/nwhite01/storage/ocr_20150623/136/coo.31924054870419/059.png"; bbox 0 0 4084 6458; ppageno 0'>
   <div class='ocr_carea' id='block_1_1' title="bbox 458 324 563 390">
    <p class='ocr_par' dir='ltr' id='par_1_1' title="bbox 458 324 563 390">
     <span class='ocr_line' id='line_1_1' title="bbox 458 324 563 390; baseline 0.048 -4"><span class='ocrx_word' id='word_1_1' title='bbox 458 324 563 390; x_wconf 70' lang='lat'><strong>303</strong></span> 
     </span>
    </p>
   </div>
   <div class='ocr_carea' id='block_1_2' title="bbox 1202 329 3016 396">
    <p class='ocr_par' dir='ltr' id='par_1_2' title="bbox 1202 329 3016 396">
     <span class='ocr_line' id='line_1_2' title="bbox 1202 329 3016 396; baseline 0.003 -7"><span class='ocrx_word' id='word_1_2' title='bbox 1202 329 1620 391; x_wconf 81' lang='lat' dir='ltr'><strong>EUSTATIIII</strong></span> <span class='ocrx_word' id='word_1_3' title='bbox 1657 330 2413 395; x_wconf 84' lang='lat' dir='ltr'><strong>THESSALONICENSIS</strong></span> <span class='ocrx_word' id='word_1_4' title='bbox 2450 333 3016 396; x_wconf 74' lang='lat' dir='ltr'><strong>METROPOLIT/E</strong></span> 
     </span>
    </p>
   </div>
   <div class='ocr_carea' id='block_1_3' title="bbox 3609 333 3710 401">
    <p class='ocr_par' dir='ltr' id='par_1_3' title="bbox 3609 333 3710 401">
     <span class='ocr_line' id='line_1_3' title="bbox 3609 333 3710 401; baseline -0.03 -1"><span class='ocrx_word' id='word_1_5' title='bbox 3609 333 3710 401; x_wconf 66' lang='grc'><strong>104</strong></span> 
     </span>
    </p>
   </div>
   <div class='ocr_carea' id='block_1_4' title="bbox 452 441 2049 519">
    <p class='ocr_par' dir='ltr' id='par_1_4' title="bbox 452 441 2025 514">
     <span class='ocr_line' id='line_1_4' title="bbox 452 441 2025 514; baseline 0.004 -21"><span class='ocrx_word' id='word_1_6' title='bbox 452 445 572 496; x_wconf 88' lang='lat' dir='ltr'><strong>tino</strong></span> <span class='ocrx_word' id='word_1_7' title='bbox 620 455 752 496; x_wconf 89' lang='lat' dir='ltr'><strong>vero</strong></span> <span class='ocrx_word' id='word_1_8' title='bbox 790 441 1074 495; x_wconf 68' lang='lat' dir='ltr'><strong>recedebat</strong></span> <span class='ocrx_word' id='word_1_9' title='bbox 1131 444 1480 514; x_wconf 81' lang='lat' dir='ltr'><strong>ganniendo;</strong></span> <span class='ocrx_word' id='word_1_10' title='bbox 1518 451 1742 500; x_wconf 93' lang='lat' dir='ltr'><strong>noverat</strong></span> <span class='ocrx_word' id='word_1_11' title='bbox 1777 445 1923 500; x_wconf 90' lang='lat' dir='ltr'><strong>enim</strong></span> <span class='ocrx_word' id='word_1_12' title='bbox 1957 460 2025 501; x_wconf 79' lang='lat' dir='ltr'><strong>ex</strong></span> 
     </span>
    </p>
   </div>
   <div class='ocr_carea' id='block_1_5' title="bbox 2153 441 3710 519">
    <p class='ocr_par' dir='ltr' id='par_1_5' title="bbox 2153 445 3710 519">
     <span class='ocr_line' id='line_1_5' title="bbox 2153 445 3710 519; baseline 0 -17"><span class='ocrx_word' id='word_1_13' title='bbox 2153 468 2160 518; x_wconf 87' lang='grc' dir='ltr'>ι</span> <span class='ocrx_word' id='word_1_14' title='bbox 2200 449 2325 502; x_wconf 87' lang='grc' dir='ltr'><strong>καθ’</strong></span> <span class='ocrx_word' id='word_1_15' title='bbox 2371 450 2519 519; x_wconf 78' lang='grc' dir='ltr'><strong>ἡμᾶς</strong></span> <span class='ocrx_word' id='word_1_16' title='bbox 2553 450 2708 512; x_wconf 79' lang='grc' dir='ltr'><strong>πόλις</strong></span> <span class='ocrx_word' id='word_1_17' title='bbox 2757 451 3074 506; x_wconf 82' lang='grc' dir='ltr'><strong>ἐσπάνισεν.</strong></span> <span class='ocrx_word' id='word_1_18' title='bbox 3139 445 3209 501; x_wconf 72' lang='lat' dir='ltr'><strong>Et</strong></span> <span class='ocrx_word' id='word_1_19' title='bbox 3250 447 3392 502; x_wconf 79' lang='grc' dir='ltr'><strong>τιδέ</strong></span> <span class='ocrx_word' id='word_1_20' title='bbox 3451 463 3557 501; x_wconf 76' lang='grc' dir='ltr'><strong>που</strong></span> <span class='ocrx_word' id='word_1_21' title='bbox 3617 459 3710 510; x_wconf 66' lang='grc' dir='ltr'><strong>καὶ</strong></span> 
     </span>
    </p>
   </div>
   <div class='ocr_carea' id='block_1_6' title="bbox 452 533 2049 608">
    <p class='ocr_par' dir='ltr' id='par_1_6' title="bbox 452 533 2024 606">
     <span class='ocr_line' id='line_1_6' title="bbox 452 533 2024 606; baseline 0.004 -19"><span class='ocrx_word' id='word_1_22' title='bbox 452 533 561 588; x_wconf 85' lang='lat' dir='ltr'><strong>illis</strong></span> <span class='ocrx_word' id='word_1_23' title='bbox 589 535 681 602; x_wconf 91' lang='lat' dir='ltr'><strong>qui</strong></span> <span class='ocrx_word' id='word_1_24' title='bbox 709 535 1055 590; x_wconf 89' lang='lat' dir='ltr'><strong>maliessent.</strong></span> <span class='ocrx_word' id='word_1_25' title='bbox 1088 534 1214 588; x_wconf 87' lang='lat' dir='ltr'><strong>Erat</strong></span> <span class='ocrx_word' id='word_1_26' title='bbox 1237 547 1416 590; x_wconf 88' lang='lat' dir='ltr'><strong>autem</strong></span> <span class='ocrx_word' id='word_1_27' title='bbox 1456 535 1598 591; x_wconf 83' lang='lat' dir='ltr'><strong>fama</strong></span> <span class='ocrx_word' id='word_1_28' title='bbox 1639 553 1830 606; x_wconf 87' lang='lat' dir='ltr'><strong>sparsa</strong></span> <span class='ocrx_word' id='word_1_29' title='bbox 1865 547 1926 593; x_wconf 89' lang='lat' dir='ltr'><strong>ut</strong></span> <span class='ocrx_word' id='word_1_30' title='bbox 1954 537 2024 594; x_wconf 86' lang='lat' dir='ltr'><strong>de</strong></span> 
     </span>
    </p>
   </div>
   <div class='ocr_carea' id='block_1_7' title="bbox 2153 533 3711 608">
    <p class='ocr_par' dir='ltr' id='par_1_7' title="bbox 2153 535 3711 608">
     <span class='ocr_line' id='line_1_7' title="bbox 2153 535 3711 608; baseline 0.004 -21"><span class='ocrx_word' id='word_1_31' title='bbox 2153 535 2538 606; x_wconf 75' lang='grc' dir='ltr'><strong>τεριλέλειπτο,</strong></span> <span class='ocrx_word' id='word_1_32' title='bbox 2588 539 2782 608; x_wconf 77' lang='grc' dir='ltr'><strong>ἀνδρὸς</strong></span> <span class='ocrx_word' id='word_1_33' title='bbox 2836 539 2941 608; x_wconf 77' lang='grc' dir='ltr'><strong>μὲν</strong></span> <span class='ocrx_word' id='word_1_34' title='bbox 3019 538 3297 606; x_wconf 78' lang='grc' dir='ltr'><strong>Ῥωμαίου</strong></span> <span class='ocrx_word' id='word_1_35' title='bbox 3364 537 3711 594; x_wconf 80' lang='grc' dir='ltr'><strong>κατεϐάῠσεν</strong></span> 
     </span>
    </p>
   </div>
   <div class='ocr_carea' id='block_1_8' title="bbox 451 625 2023 698">
    <p class='ocr_par' dir='ltr' id='par_1_8' title="bbox 451 625 2023 698">
     <span class='ocr_line' id='line_1_8' title="bbox 451 625 2023 698; baseline 0.004 -22"><span class='ocrx_word' id='word_1_36' title='bbox 451 625 600 678; x_wconf 90' lang='lat' dir='ltr'><strong>ranis</strong></span> <span class='ocrx_word' id='word_1_37' title='bbox 624 627 930 680; x_wconf 71' lang='lat' dir='ltr'><strong>tacentibus</strong></span> <span class='ocrx_word' id='word_1_38' title='bbox 979 626 1031 680; x_wconf 90' lang='lat' dir='ltr'><strong>in</strong></span> <span class='ocrx_word' id='word_1_39' title='bbox 1093 626 1342 694; x_wconf 75' lang='lat' dir='ltr'><strong>Seripho,</strong></span> <span class='ocrx_word' id='word_1_40' title='bbox 1373 627 1549 696; x_wconf 86' lang='lat' dir='ltr'><strong>deque</strong></span> <span class='ocrx_word' id='word_1_41' title='bbox 1573 629 2023 698; x_wconf 84' lang='lat' dir='ltr'><strong>hujusmodlqui-</strong></span> 
     </span>
    </p>
   </div>
   <div class='ocr_carea' id='block_1_9' title="bbox 453 714 2016 788">
    <p class='ocr_par' dir='ltr' id='par_1_9' title="bbox 453 714 2016 788">
     <span class='ocr_line' id='line_1_9' title="bbox 453 714 2016 788; baseline 0.003 -19"><span class='ocrx_word' id='word_1_42' title='bbox 453 714 682 771; x_wconf 84' lang='lat' dir='ltr'><strong>busdam</strong></span> <span class='ocrx_word' id='word_1_43' title='bbox 707 718 909 770; x_wconf 85' lang='lat' dir='ltr'><strong>cicadis</strong></span> <span class='ocrx_word' id='word_1_44' title='bbox 926 715 1107 781; x_wconf 71' lang='lat' dir='ltr'><strong>Italize,</strong></span> <span class='ocrx_word' id='word_1_45' title='bbox 1131 719 1201 770; x_wconf 84' lang='lat' dir='ltr'><strong>ita</strong></span> <span class='ocrx_word' id='word_1_46' title='bbox 1226 717 1364 788; x_wconf 89' lang='lat' dir='ltr'><strong>apud</strong></span> <span class='ocrx_word' id='word_1_47' title='bbox 1385 733 1488 772; x_wconf 90' lang='lat' dir='ltr'><strong>nos</strong></span> <span class='ocrx_word' id='word_1_48' title='bbox 1500 719 1566 772; x_wconf 93' lang='lat' dir='ltr'><strong>de</strong></span> <span class='ocrx_word' id='word_1_49' title='bbox 1583 718 1810 774; x_wconf 86' lang='lat' dir='ltr'><strong>canibus</strong></span> <span class='ocrx_word' id='word_1_50' title='bbox 1829 719 2016 774; x_wconf 88' lang='lat' dir='ltr'><strong>mutis.</strong></span> 
     </span>
    </p>
   </div>
   <div class='ocr_carea' id='block_1_10' title="bbox 2131 627 3712 702">
    <p class='ocr_par' dir='ltr' id='par_1_10' title="bbox 2131 627 3712 702">
     <span class='ocr_line' id='line_1_10' title="bbox 2131 627 3712 702; baseline 0.003 -23"><span class='ocrx_word' id='word_1_51' title='bbox 2131 627 2198 680; x_wconf 87' lang='grc' dir='ltr'><strong>ἂν</strong></span> <span class='ocrx_word' id='word_1_52' title='bbox 2229 628 2324 680; x_wconf 79' lang='grc' dir='ltr'><strong>καὶ</strong></span> <span class='ocrx_word' id='word_1_53' title='bbox 2343 630 2651 700; x_wconf 75' lang='grc' dir='ltr'><strong>κατέδραμε</strong></span> <span class='ocrx_word' id='word_1_54' title='bbox 2673 645 2690 662; x_wconf 76' lang='grc' dir='ltr'><strong><em>ο</em></strong></span> <span class='ocrx_word' id='word_1_55' title='bbox 2732 633 2947 700; x_wconf 78' lang='grc' dir='ltr'><strong>Λατίνῳ</strong></span> <span class='ocrx_word' id='word_1_56' title='bbox 2969 631 3027 685; x_wconf 82' lang='grc' dir='ltr'><strong>δέ</strong></span> <span class='ocrx_word' id='word_1_57' title='bbox 3053 629 3390 702; x_wconf 71' lang='grc' dir='ltr'><strong>ὑπεξεχώρει</strong></span> <span class='ocrx_word' id='word_1_58' title='bbox 3425 630 3712 701; x_wconf 80' lang='grc' dir='ltr'><strong>κνυζὼμεο</strong></span> 
     </span>
    </p>
   </div>
   <div class='ocr_carea' id='block_1_11' title="bbox 2123 712 3713 786">
    <p class='ocr_par' dir='ltr' id='par_1_11' title="bbox 2123 712 3713 786">
     <span class='ocr_line' id='line_1_11' title="bbox 2123 712 3713 786; baseline -0.001 -18"><span class='ocrx_word' id='word_1_59' title='bbox 2123 733 2234 769; x_wconf 91' lang='grc' dir='ltr'><strong>νον.</strong></span> <span class='ocrx_word' id='word_1_60' title='bbox 2271 717 2535 786; x_wconf 81' lang='grc' dir='ltr'><strong>Κατέγνω</strong></span> <span class='ocrx_word' id='word_1_61' title='bbox 2563 719 2672 786; x_wconf 84' lang='grc' dir='ltr'><strong>γὰρ</strong></span> <span class='ocrx_word' id='word_1_62' title='bbox 2688 721 2782 771; x_wconf 68' lang='grc' dir='ltr'><strong>καὶ</strong></span> <span class='ocrx_word' id='word_1_63' title='bbox 2805 718 2872 771; x_wconf 77' lang='grc' dir='ltr'><strong>τὰ</strong></span> <span class='ocrx_word' id='word_1_64' title='bbox 2896 718 3118 772; x_wconf 85' lang='grc' dir='ltr'><strong>τοιαῦτα</strong></span> <span class='ocrx_word' id='word_1_65' title='bbox 3141 713 3198 771; x_wconf 77' lang='grc' dir='ltr'><strong>οἷ</strong></span> <span class='ocrx_word' id='word_1_66' title='bbox 3219 712 3568 786; x_wconf 69' lang='grc' dir='ltr'><strong>κακοῦξῆσαν.</strong></span> <span class='ocrx_word' id='word_1_67' title='bbox 3603 715 3713 770; x_wconf 79' lang='lat' dir='ltr'><strong>Kal.</strong></span> 
     </span>
    </p>
   </div>
   <div class='ocr_carea' id='block_1_12' title="bbox 457 805 3713 884">
    <p class='ocr_par' dir='ltr' id='par_1_12' title="bbox 457 805 3713 884">
     <span class='ocr_line' id='line_1_12' title="bbox 457 805 3713 884; baseline 0 -22"><span class='ocrx_word' id='word_1_68' title='bbox 457 805 572 879; x_wconf 72' lang='grc' dir='ltr'><strong>εἶχε</strong></span> <span class='ocrx_word' id='word_1_69' title='bbox 627 811 1096 880; x_wconf 80' lang='grc' dir='ltr'><strong>παροιμιάσασθαί</strong></span> <span class='ocrx_word' id='word_1_70' title='bbox 1154 829 1237 875; x_wconf 85' lang='grc' dir='ltr'><strong>τις</strong></span> <span class='ocrx_word' id='word_1_71' title='bbox 1285 813 1406 866; x_wconf 86' lang='grc' dir='ltr'><strong>τότε</strong></span> <span class='ocrx_word' id='word_1_72' title='bbox 1446 812 1586 866; x_wconf 85' lang='grc' dir='ltr'><strong>κατὰ</strong></span> <span class='ocrx_word' id='word_1_73' title='bbox 1623 813 1750 876; x_wconf 78' lang='grc' dir='ltr'><strong>τοὺς</strong></span> <span class='ocrx_word' id='word_1_74' title='bbox 1800 813 1858 866; x_wconf 84' lang='grc' dir='ltr'><strong>ἐν</strong></span> <span class='ocrx_word' id='word_1_75' title='bbox 1891 813 2107 884; x_wconf 78' lang='grc' dir='ltr'>Σερίφῳ</span> <span class='ocrx_word' id='word_1_76' title='bbox 2142 813 2413 881; x_wconf 82' lang='grc' dir='ltr'><strong>σιγῶντας</strong></span> <span class='ocrx_word' id='word_1_77' title='bbox 2464 813 2768 884; x_wconf 82' lang='grc' dir='ltr'><strong>βατράχους</strong></span> <span class='ocrx_word' id='word_1_78' title='bbox 2818 811 2914 867; x_wconf 89' lang='grc' dir='ltr'><strong>καί</strong></span> <span class='ocrx_word' id='word_1_79' title='bbox 2966 829 3118 876; x_wconf 89' lang='grc' dir='ltr'><strong>τινας</strong></span> <span class='ocrx_word' id='word_1_80' title='bbox 3161 810 3433 873; x_wconf 79' lang='grc' dir='ltr'><strong>τοιούτους</strong></span> <span class='ocrx_word' id='word_1_81' title='bbox 3478 808 3713 874; x_wconf 76' lang='grc' dir='ltr'><strong>Ἰταλοὺς</strong></span> 
     </span>
    </p>
   </div>
   <div class='ocr_carea' id='block_1_13' title="bbox 459 906 2017 980">
    <p class='ocr_par' dir='ltr' id='par_1_13' title="bbox 459 906 2017 980">
     <span class='ocr_line' id='line_1_13' title="bbox 459 906 2017 980; baseline 0.003 -21"><span class='ocrx_word' id='word_1_82' title='bbox 459 906 732 975; x_wconf 85' lang='grc' dir='ltr'><strong>τέττιγας,</strong></span> <span class='ocrx_word' id='word_1_83' title='bbox 767 906 908 961; x_wconf 78' lang='grc' dir='ltr'><strong>οὕτω</strong></span> <span class='ocrx_word' id='word_1_84' title='bbox 945 911 1040 963; x_wconf 79' lang='grc' dir='ltr'><strong>καὶ</strong></span> <span class='ocrx_word' id='word_1_85' title='bbox 1068 909 1235 971; x_wconf 85' lang='grc' dir='ltr'><strong>κύνας</strong></span> <span class='ocrx_word' id='word_1_86' title='bbox 1261 909 1513 977; x_wconf 83' lang='grc' dir='ltr'><strong>ἀφώνους</strong></span> <span class='ocrx_word' id='word_1_87' title='bbox 1533 909 1663 972; x_wconf 79' lang='grc' dir='ltr'><strong>τοὺς</strong></span> <span class='ocrx_word' id='word_1_88' title='bbox 1692 910 1824 980; x_wconf 79' lang='grc' dir='ltr'><strong>παρ’</strong></span> <span class='ocrx_word' id='word_1_89' title='bbox 1859 911 2017 980; x_wconf 81' lang='grc' dir='ltr'><strong>ἡμῖν.</strong></span> 
     </span>
    </p>
   </div>
   <div class='ocr_carea' id='block_1_14' title="bbox 529 1003 2042 1074">
    <p class='ocr_par' dir='ltr' id='par_1_14' title="bbox 529 1003 2042 1074">
     <span class='ocr_line' id='line_1_14' title="bbox 529 1003 2042 1074; baseline 0.001 -15"><span class='ocrx_word' id='word_1_90' title='bbox 529 1003 621 1059; x_wconf 88' lang='lat'><strong>99.</strong></span> <span class='ocrx_word' id='word_1_91' title='bbox 655 1003 999 1074; x_wconf 88' lang='lat' dir='ltr'><strong>Direptiones</strong></span> <span class='ocrx_word' id='word_1_92' title='bbox 1037 1020 1132 1072; x_wconf 87' lang='lat' dir='ltr'><strong>per</strong></span> <span class='ocrx_word' id='word_1_93' title='bbox 1159 1004 1274 1060; x_wconf 83' lang='lat' dir='ltr'><strong>vias</strong></span> <span class='ocrx_word' id='word_1_94' title='bbox 1307 1014 1362 1060; x_wconf 92' lang='lat' dir='ltr'><strong>et</strong></span> <span class='ocrx_word' id='word_1_95' title='bbox 1389 1005 1582 1061; x_wconf 88' lang='lat' dir='ltr'><strong>domos</strong></span> <span class='ocrx_word' id='word_1_96' title='bbox 1603 1006 1657 1060; x_wconf 93' lang='lat' dir='ltr'><strong>in</strong></span> <span class='ocrx_word' id='word_1_97' title='bbox 1697 1021 1898 1060; x_wconf 87' lang='lat' dir='ltr'><strong>novum</strong></span> <span class='ocrx_word' id='word_1_98' title='bbox 1925 1019 2042 1060; x_wconf 86' lang='lat' dir='ltr'><strong>mo-</strong></span> 
     </span>
    </p>
   </div>
   <div class='ocr_carea' id='block_1_15' title="bbox 459 1094 2038 1166">
    <p class='ocr_par' dir='ltr' id='par_1_15' title="bbox 459 1094 2038 1166">
     <span class='ocr_line' id='line_1_15' title="bbox 459 1094 2038 1166; baseline 0.006 -19"><span class='ocrx_word' id='word_1_99' title='bbox 459 1094 584 1147; x_wconf 91' lang='lat' dir='ltr'><strong>dum</strong></span> <span class='ocrx_word' id='word_1_100' title='bbox 614 1095 804 1164; x_wconf 62' lang='lat' dir='ltr'><strong>praelii.</strong></span> <span class='ocrx_word' id='word_1_101' title='bbox 828 1110 934 1149; x_wconf 93' lang='lat' dir='ltr'><strong>non</strong></span> <span class='ocrx_word' id='word_1_102' title='bbox 955 1111 1084 1149; x_wconf 87' lang='lat' dir='ltr'><strong>vero</strong></span> <span class='ocrx_word' id='word_1_103' title='bbox 1106 1096 1302 1150; x_wconf 87' lang='lat' dir='ltr'><strong>bonam</strong></span> <span class='ocrx_word' id='word_1_104' title='bbox 1328 1097 1644 1163; x_wconf 79' lang='lat' dir='ltr'><strong>patientiam</strong></span> <span class='ocrx_word' id='word_1_105' title='bbox 1673 1096 1870 1152; x_wconf 82' lang='lat' dir='ltr'><strong>referet</strong></span> <span class='ocrx_word' id='word_1_106' title='bbox 1889 1096 2038 1166; x_wconf 83' lang='lat' dir='ltr'><strong>quis:</strong></span> 
     </span>
    </p>
   </div>
   <div class='ocr_carea' id='block_1_16' title="bbox 454 1186 2040 1259">
    <p class='ocr_par' dir='ltr' id='par_1_16' title="bbox 454 1186 2040 1259">
     <span class='ocr_line' id='line_1_16' title="bbox 454 1186 2040 1259; baseline 0 -19"><span class='ocrx_word' id='word_1_107' title='bbox 454 1197 509 1241; x_wconf 88' lang='lat' dir='ltr'><strong>at</strong></span> <span class='ocrx_word' id='word_1_108' title='bbox 536 1187 731 1256; x_wconf 80' lang='lat' dir='ltr'><strong>templa</strong></span> <span class='ocrx_word' id='word_1_109' title='bbox 755 1188 936 1241; x_wconf 86' lang='lat' dir='ltr'><strong>divina</strong></span> <span class='ocrx_word' id='word_1_110' title='bbox 959 1186 1148 1242; x_wconf 87' lang='lat' dir='ltr'><strong>violari</strong></span> <span class='ocrx_word' id='word_1_111' title='bbox 1177 1189 1280 1243; x_wconf 88' lang='lat' dir='ltr'><strong>hoc</strong></span> <span class='ocrx_word' id='word_1_112' title='bbox 1305 1188 1488 1243; x_wconf 88' lang='lat' dir='ltr'><strong>divina</strong></span> <span class='ocrx_word' id='word_1_113' title='bbox 1514 1204 1693 1259; x_wconf 75' lang='lat' dir='ltr'><strong>pugna</strong></span> <span class='ocrx_word' id='word_1_114' title='bbox 1725 1189 1872 1244; x_wconf 81' lang='lat' dir='ltr'><strong>brevi</strong></span> <span class='ocrx_word' id='word_1_115' title='bbox 1892 1187 2040 1257; x_wconf 88' lang='lat' dir='ltr'><strong>judi-</strong></span> 
     </span>
    </p>
   </div>
   <div class='ocr_carea' id='block_1_17' title="bbox 455 1277 2043 1351">
    <p class='ocr_par' dir='ltr' id='par_1_17' title="bbox 455 1277 2043 1351">
     <span class='ocr_line' id='line_1_17' title="bbox 455 1277 2043 1351; baseline 0.004 -21"><span class='ocrx_word' id='word_1_116' title='bbox 455 1277 692 1331; x_wconf 81' lang='lat' dir='ltr'><strong>cabitur.</strong></span> <span class='ocrx_word' id='word_1_117' title='bbox 723 1277 828 1330; x_wconf 82' lang='lat' dir='ltr'><strong>Alii</strong></span> <span class='ocrx_word' id='word_1_118' title='bbox 850 1288 972 1346; x_wconf 88' lang='lat' dir='ltr'><strong>post</strong></span> <span class='ocrx_word' id='word_1_119' title='bbox 1003 1278 1138 1334; x_wconf 89' lang='lat' dir='ltr'><strong>alios</strong></span> <span class='ocrx_word' id='word_1_120' title='bbox 1167 1288 1449 1335; x_wconf 91' lang='lat' dir='ltr'><strong>currentes</strong></span> <span class='ocrx_word' id='word_1_121' title='bbox 1475 1279 1916 1345; x_wconf 88' lang='lat' dir='ltr'><strong>barbari,omnis</strong></span> <span class='ocrx_word' id='word_1_122' title='bbox 1948 1295 2043 1351; x_wconf 76' lang='lat' dir='ltr'><strong>ge-</strong></span> 
     </span>
    </p>
   </div>
   <div class='ocr_carea' id='block_1_18' title="bbox 459 1370 2038 1440">
    <p class='ocr_par' dir='ltr' id='par_1_18' title="bbox 459 1370 2038 1440">
     <span class='ocr_line' id='line_1_18' title="bbox 459 1370 2038 1440; baseline 0.001 -19"><span class='ocrx_word' id='word_1_123' title='bbox 459 1370 607 1423; x_wconf 88' lang='lat' dir='ltr'><strong>neris</strong></span> <span class='ocrx_word' id='word_1_124' title='bbox 637 1370 838 1423; x_wconf 88' lang='lat' dir='ltr'><strong>malum</strong></span> <span class='ocrx_word' id='word_1_125' title='bbox 880 1371 1154 1425; x_wconf 80' lang='lat' dir='ltr'><strong>faciebant</strong></span> <span class='ocrx_word' id='word_1_126' title='bbox 1197 1380 1361 1440; x_wconf 91' lang='lat' dir='ltr'><strong>atque</strong></span> <span class='ocrx_word' id='word_1_127' title='bbox 1417 1372 1472 1426; x_wconf 90' lang='lat' dir='ltr'><strong>in</strong></span> <span class='ocrx_word' id='word_1_128' title='bbox 1528 1372 1825 1428; x_wconf 80' lang='lat' dir='ltr'><strong>vindictam</strong></span> <span class='ocrx_word' id='word_1_129' title='bbox 1869 1371 2038 1428; x_wconf 88' lang='lat' dir='ltr'><strong>Deum</strong></span> 
     </span>
    </p>
   </div>
   <div class='ocr_carea' id='block_1_19' title="bbox 460 1459 2044 1528">
    <p class='ocr_par' dir='ltr' id='par_1_19' title="bbox 460 1459 2044 1528">
     <span class='ocr_line' id='line_1_19' title="bbox 460 1459 2044 1528; baseline 0.003 -16"><span class='ocrx_word' id='word_1_130' title='bbox 460 1461 848 1528; x_wconf 86' lang='lat' dir='ltr'><strong>provocabant.</strong></span> <span class='ocrx_word' id='word_1_131' title='bbox 889 1459 1059 1525; x_wconf 87' lang='lat' dir='ltr'><strong>Quam</strong></span> <span class='ocrx_word' id='word_1_132' title='bbox 1109 1461 1311 1516; x_wconf 86' lang='lat' dir='ltr'><strong>multos</strong></span> <span class='ocrx_word' id='word_1_133' title='bbox 1367 1461 1514 1516; x_wconf 86' lang='lat' dir='ltr'><strong>viros</strong></span> <span class='ocrx_word' id='word_1_134' title='bbox 1549 1476 1757 1528; x_wconf 89' lang='lat' dir='ltr'><strong>sacros,</strong></span> <span class='ocrx_word' id='word_1_135' title='bbox 1798 1463 2044 1518; x_wconf 78' lang='lat' dir='ltr'><strong>vestibus</strong></span> 
     </span>
    </p>
   </div>
   <div class='ocr_carea' id='block_1_20' title="bbox 460 1535 2028 1623">
    <p class='ocr_par' dir='ltr' id='par_1_20' title="bbox 460 1535 2028 1623">
     <span class='ocr_line' id='line_1_20' title="bbox 460 1535 2028 1623; baseline 0.003 -19"><span class='ocrx_word' id='word_1_136' title='bbox 460 1552 634 1605; x_wconf 85' lang='lat' dir='ltr'><strong>sacris</strong></span> <span class='ocrx_word' id='word_1_137' title='bbox 668 1551 827 1620; x_wconf 90' lang='lat' dir='ltr'><strong>quasi</strong></span> <span class='ocrx_word' id='word_1_138' title='bbox 882 1551 1059 1606; x_wconf 90' lang='lat' dir='ltr'><strong>lorica</strong></span> <span class='ocrx_word' id='word_1_139' title='bbox 1138 1535 1690 1608; x_wconf 51' lang='lat' dir='ltr'><strong>intlutos&#39;feriebant</strong></span> <span class='ocrx_word' id='word_1_140' title='bbox 1742 1553 2028 1623; x_wconf 88' lang='lat' dir='ltr'><strong>plerosque</strong></span> 
     </span>
    </p>
   </div>
   <div class='ocr_carea' id='block_1_21' title="bbox 462 1641 2035 1715">
    <p class='ocr_par' dir='ltr' id='par_1_21' title="bbox 462 1641 2035 1715">
     <span class='ocr_line' id='line_1_21' title="bbox 462 1641 2035 1715; baseline 0.006 -23"><span class='ocrx_word' id='word_1_141' title='bbox 462 1641 528 1694; x_wconf 85' lang='lat' dir='ltr'><strong>ad</strong></span> <span class='ocrx_word' id='word_1_142' title='bbox 568 1651 822 1706; x_wconf 87' lang='lat' dir='ltr'><strong>mortem,</strong></span> <span class='ocrx_word' id='word_1_143' title='bbox 857 1643 995 1698; x_wconf 85' lang='lat' dir='ltr'><strong>alios</strong></span> <span class='ocrx_word' id='word_1_144' title='bbox 1023 1643 1240 1712; x_wconf 74' lang='lat' dir='ltr'><strong>quidem</strong></span> <span class='ocrx_word' id='word_1_145' title='bbox 1294 1645 1348 1698; x_wconf 89' lang='lat' dir='ltr'><strong>in</strong></span> <span class='ocrx_word' id='word_1_146' title='bbox 1409 1645 1528 1714; x_wconf 86' lang='lat' dir='ltr'><strong>ipso</strong></span> <span class='ocrx_word' id='word_1_147' title='bbox 1597 1645 1804 1715; x_wconf 89' lang='lat' dir='ltr'><strong>pulpito</strong></span> <span class='ocrx_word' id='word_1_148' title='bbox 1856 1662 2035 1712; x_wconf 86' lang='lat' dir='ltr'><strong>sacro,</strong></span> 
     </span>
    </p>
   </div>
   <div class='ocr_carea' id='block_1_22' title="bbox 461 1735 2044 1806">
    <p class='ocr_par' dir='ltr' id='par_1_22' title="bbox 461 1735 2044 1806">
     <span class='ocr_line' id='line_1_22' title="bbox 461 1735 2044 1806; baseline 0.004 -21"><span class='ocrx_word' id='word_1_149' title='bbox 461 1735 599 1789; x_wconf 87' lang='lat' dir='ltr'><strong>alios</strong></span> <span class='ocrx_word' id='word_1_150' title='bbox 652 1749 781 1788; x_wconf 88' lang='lat' dir='ltr'><strong>vero</strong></span> <span class='ocrx_word' id='word_1_151' title='bbox 832 1744 983 1789; x_wconf 83' lang='lat' dir='ltr'><strong>extra</strong></span> <span class='ocrx_word' id='word_1_152' title='bbox 1035 1737 1258 1806; x_wconf 89' lang='lat' dir='ltr'><strong>templa,</strong></span> <span class='ocrx_word' id='word_1_153' title='bbox 1315 1751 1452 1805; x_wconf 93' lang='lat' dir='ltr'><strong>quos</strong></span> <span class='ocrx_word' id='word_1_154' title='bbox 1513 1737 1652 1792; x_wconf 74' lang='lat' dir='ltr'><strong>forte</strong></span> <span class='ocrx_word' id='word_1_155' title='bbox 1708 1739 2044 1792; x_wconf 72' lang='lat' dir='ltr'><strong>invenissent</strong></span> 
     </span>
    </p>
   </div>
   <div class='ocr_carea' id='block_1_23' title="bbox 2210 1002 3712 1075">
    <p class='ocr_par' dir='ltr' id='par_1_23' title="bbox 2210 1002 3712 1075">
     <span class='ocr_line' id='line_1_23' title="bbox 2210 1002 3712 1075; baseline -0.002 -16"><span class='ocrx_word' id='word_1_156' title='bbox 2210 1007 2317 1073; x_wconf 68' lang='lat' dir='ltr'><strong>w.</strong></span> <span class='ocrx_word' id='word_1_157' title='bbox 2363 1007 2470 1060; x_wconf 81' lang='lat' dir='ltr'><strong>Kal</strong></span> <span class='ocrx_word' id='word_1_158' title='bbox 2503 1005 2780 1075; x_wconf 83' lang='grc' dir='ltr'><strong>ἀμφόδους</strong></span> <span class='ocrx_word' id='word_1_159' title='bbox 2809 1003 2908 1074; x_wconf 80' lang='grc' dir='ltr'><strong>μὲν</strong></span> <span class='ocrx_word' id='word_1_160' title='bbox 2932 1004 3368 1074; x_wconf 83' lang='grc' dir='ltr'><strong>κατατρέχεσθαι</strong></span> <span class='ocrx_word' id='word_1_161' title='bbox 3395 1003 3492 1057; x_wconf 71' lang='grc' dir='ltr'><strong>καὶ</strong></span> <span class='ocrx_word' id='word_1_162' title='bbox 3509 1002 3712 1068; x_wconf 87' lang='grc' dir='ltr'><strong>οίκίας,</strong></span> 
     </span>
    </p>
   </div>
   <div class='ocr_carea' id='block_1_24' title="bbox 2139 1094 3709 1167">
    <p class='ocr_par' dir='ltr' id='par_1_24' title="bbox 2139 1094 3709 1167">
     <span class='ocr_line' id='line_1_24' title="bbox 2139 1094 3709 1167; baseline -0.004 -15"><span class='ocrx_word' id='word_1_163' title='bbox 2139 1102 2241 1152; x_wconf 86' lang='grc' dir='ltr'><strong>οὐκ</strong></span> <span class='ocrx_word' id='word_1_164' title='bbox 2293 1094 2352 1152; x_wconf 84' lang='grc' dir='ltr'><strong>εὖ</strong></span> <span class='ocrx_word' id='word_1_165' title='bbox 2408 1098 2644 1167; x_wconf 82' lang='grc' dir='ltr'><strong>πάσχειν</strong></span> <span class='ocrx_word' id='word_1_166' title='bbox 2671 1098 2772 1151; x_wconf 82' lang='grc' dir='ltr'><strong>οὐκ</strong></span> <span class='ocrx_word' id='word_1_167' title='bbox 2802 1098 2869 1151; x_wconf 85' lang='grc' dir='ltr'><strong>ἂν</strong></span> <span class='ocrx_word' id='word_1_168' title='bbox 2922 1098 3002 1159; x_wconf 87' lang='grc' dir='ltr'><strong>είς</strong></span> <span class='ocrx_word' id='word_1_169' title='bbox 3037 1098 3219 1166; x_wconf 83' lang='grc' dir='ltr'><strong>μάχης</strong></span> <span class='ocrx_word' id='word_1_170' title='bbox 3277 1095 3709 1165; x_wconf 87' lang='grc' dir='ltr'><strong>καινοπράγημα</strong></span> 
     </span>
    </p>
   </div>
   <div class='ocr_carea' id='block_1_25' title="bbox 2141 1188 3712 1263">
    <p class='ocr_par' dir='ltr' id='par_1_25' title="bbox 2141 1188 3712 1263">
     <span class='ocr_line' id='line_1_25' title="bbox 2141 1188 3712 1263; baseline -0.005 -17"><span class='ocrx_word' id='word_1_171' title='bbox 2141 1193 2259 1263; x_wconf 86' lang='grc' dir='ltr'><strong>θείη</strong></span> <span class='ocrx_word' id='word_1_172' title='bbox 2296 1210 2379 1256; x_wconf 90' lang='grc' dir='ltr'><strong>τις</strong></span> <span class='ocrx_word' id='word_1_173' title='bbox 2398 1207 2413 1222; x_wconf 89' lang='grc'><strong>·</strong></span> <span class='ocrx_word' id='word_1_174' title='bbox 2450 1192 2628 1254; x_wconf 85' lang='grc' dir='ltr'><strong>θείους</strong></span> <span class='ocrx_word' id='word_1_175' title='bbox 2655 1191 2712 1244; x_wconf 79' lang='grc' dir='ltr'><strong>δέ</strong></span> <span class='ocrx_word' id='word_1_176' title='bbox 2740 1190 2904 1252; x_wconf 75' lang='grc' dir='ltr'><strong>ναοὺς</strong></span> <span class='ocrx_word' id='word_1_177' title='bbox 2930 1189 3359 1260; x_wconf 82' lang='grc' dir='ltr'><strong>τυραννιεῖσθαι,</strong></span> <span class='ocrx_word' id='word_1_178' title='bbox 3388 1189 3525 1241; x_wconf 88' lang='grc' dir='ltr'><strong>ἀλλά</strong></span> <span class='ocrx_word' id='word_1_179' title='bbox 3547 1188 3712 1240; x_wconf 86' lang='grc' dir='ltr'><strong>τοῦτο</strong></span> 
     </span>
    </p>
   </div>
   <div class='ocr_carea' id='block_1_26' title="bbox 2141 1281 3716 1357">
    <p class='ocr_par' dir='ltr' id='par_1_26' title="bbox 2141 1281 3716 1357">
     <span class='ocr_line' id='line_1_26' title="bbox 2141 1281 3716 1357; baseline -0.007 -16"><span class='ocrx_word' id='word_1_180' title='bbox 2141 1285 2409 1357; x_wconf 77' lang='grc' dir='ltr'><strong>θεομαχίᾳ</strong></span> <span class='ocrx_word' id='word_1_181' title='bbox 2437 1283 2665 1354; x_wconf 80' lang='grc' dir='ltr'><strong>κρίνοιτ’</strong></span> <span class='ocrx_word' id='word_1_182' title='bbox 2704 1282 2768 1336; x_wconf 79' lang='grc' dir='ltr'><strong>ἂν</strong></span> <span class='ocrx_word' id='word_1_183' title='bbox 2795 1283 3116 1352; x_wconf 85' lang='grc' dir='ltr'><strong>ἀγχίθυρον.</strong></span> <span class='ocrx_word' id='word_1_184' title='bbox 3168 1281 3557 1352; x_wconf 82' lang='grc' dir='ltr'><strong>Είστρέχοντες</strong></span> <span class='ocrx_word' id='word_1_185' title='bbox 3605 1281 3716 1348; x_wconf 68' lang='grc' dir='ltr'><strong>γὰρ</strong></span> 
     </span>
    </p>
   </div>
   <div class='ocr_carea' id='block_1_27' title="bbox 2143 1372 3718 1444">
    <p class='ocr_par' dir='ltr' id='par_1_27' title="bbox 2143 1372 3718 1444">
     <span class='ocr_line' id='line_1_27' title="bbox 2143 1372 3718 1444; baseline -0.006 -12"><span class='ocrx_word' id='word_1_186' title='bbox 2143 1381 2238 1432; x_wconf 76' lang='grc' dir='ltr'><strong>καὶ</strong></span> <span class='ocrx_word' id='word_1_187' title='bbox 2261 1380 2341 1441; x_wconf 88' lang='grc' dir='ltr'><strong>είς</strong></span> <span class='ocrx_word' id='word_1_188' title='bbox 2369 1377 2564 1440; x_wconf 83' lang='grc' dir='ltr'><strong>αὐτοὺς</strong></span> <span class='ocrx_word' id='word_1_189' title='bbox 2604 1377 2870 1437; x_wconf 79' lang='grc' dir='ltr'><strong>ἑκάστους</strong></span> <span class='ocrx_word' id='word_1_190' title='bbox 2897 1377 2948 1427; x_wconf 84' lang='grc' dir='ltr'><strong>οἱ</strong></span> <span class='ocrx_word' id='word_1_191' title='bbox 2983 1373 3271 1444; x_wconf 78' lang='grc' dir='ltr'><strong>βάρϐαροι,</strong></span> <span class='ocrx_word' id='word_1_192' title='bbox 3307 1372 3525 1425; x_wconf 85' lang='grc' dir='ltr'><strong>ἐποίουν</strong></span> <span class='ocrx_word' id='word_1_193' title='bbox 3579 1372 3718 1424; x_wconf 84' lang='grc' dir='ltr'><strong>πάν-</strong></span> 
     </span>
    </p>
   </div>
   <div class='ocr_carea' id='block_1_28' title="bbox 2143 1462 3718 1538">
    <p class='ocr_par' dir='ltr' id='par_1_28' title="bbox 2143 1462 3718 1538">
     <span class='ocr_line' id='line_1_28' title="bbox 2143 1462 3718 1538; baseline -0.007 -14"><span class='ocrx_word' id='word_1_194' title='bbox 2143 1471 2314 1532; x_wconf 88' lang='grc' dir='ltr'><strong>δεινα,</strong></span> <span class='ocrx_word' id='word_1_195' title='bbox 2339 1468 2434 1522; x_wconf 71' lang='grc' dir='ltr'><strong>καὶ</strong></span> <span class='ocrx_word' id='word_1_196' title='bbox 2459 1462 2547 1521; x_wconf 76' lang='grc' dir='ltr'><strong>οἶα</strong></span> <span class='ocrx_word' id='word_1_197' title='bbox 2575 1467 2707 1520; x_wconf 83' lang='grc' dir='ltr'>Θεὸν</span> <span class='ocrx_word' id='word_1_198' title='bbox 2739 1465 3007 1538; x_wconf 75' lang='grc' dir='ltr'><strong>ἐρεθίζειν</strong></span> <span class='ocrx_word' id='word_1_199' title='bbox 3034 1466 3114 1529; x_wconf 84' lang='grc' dir='ltr'><strong>είς</strong></span> <span class='ocrx_word' id='word_1_200' title='bbox 3137 1466 3370 1534; x_wconf 77' lang='grc' dir='ltr'><strong>ἄμυναν.</strong></span> <span class='ocrx_word' id='word_1_201' title='bbox 3403 1464 3517 1517; x_wconf 83' lang='lat' dir='ltr'><strong>Kal.</strong></span> <span class='ocrx_word' id='word_1_202' title='bbox 3555 1462 3718 1525; x_wconf 84' lang='grc' dir='ltr'><strong>ὅσους</strong></span> 
     </span>
    </p>
   </div>
   <div class='ocr_carea' id='block_1_29' title="bbox 2149 1548 3711 1632">
    <p class='ocr_par' dir='ltr' id='par_1_29' title="bbox 2149 1548 3711 1632">
     <span class='ocr_line' id='line_1_29' title="bbox 2149 1548 3711 1632; baseline -0.006 -18"><span class='ocrx_word' id='word_1_203' title='bbox 2149 1562 2252 1631; x_wconf 80' lang='grc' dir='ltr'><strong>μὲν</strong></span> <span class='ocrx_word' id='word_1_204' title='bbox 2294 1553 2502 1632; x_wconf 74' lang='grc' dir='ltr'><strong>’ἱεροὺς</strong></span> <span class='ocrx_word' id='word_1_205' title='bbox 2556 1558 2782 1630; x_wconf 76' lang='grc' dir='ltr'><strong>ἄνδρας,</strong></span> <span class='ocrx_word' id='word_1_206' title='bbox 2841 1555 3357 1627; x_wconf 84' lang='grc' dir='ltr'><strong>τεθωρακισμένους</strong></span> <span class='ocrx_word' id='word_1_207' title='bbox 3414 1548 3528 1607; x_wconf 70' lang='grc' dir='ltr'><strong>οἷον</strong></span> <span class='ocrx_word' id='word_1_208' title='bbox 3587 1555 3711 1615; x_wconf 80' lang='grc' dir='ltr'><strong>ταῖς</strong></span> 
     </span>
    </p>
   </div>
   <div class='ocr_carea' id='block_1_30' title="bbox 2143 1643 3714 1720">
    <p class='ocr_par' dir='ltr' id='par_1_30' title="bbox 2143 1643 3714 1720">
     <span class='ocr_line' id='line_1_30' title="bbox 2143 1643 3714 1720; baseline -0.006 -16"><span class='ocrx_word' id='word_1_209' title='bbox 2143 1651 2472 1720; x_wconf 83' lang='grc' dir='ltr'><strong>ἀγιωτέραις</strong></span> <span class='ocrx_word' id='word_1_210' title='bbox 2523 1649 2630 1702; x_wconf 86' lang='grc' dir='ltr'><strong>τῶν</strong></span> <span class='ocrx_word' id='word_1_211' title='bbox 2663 1648 2888 1708; x_wconf 85' lang='grc' dir='ltr'><strong>στολῶν,</strong></span> <span class='ocrx_word' id='word_1_212' title='bbox 2925 1647 3262 1701; x_wconf 79' lang='grc' dir='ltr'><strong>κατέκοπτον</strong></span> <span class='ocrx_word' id='word_1_213' title='bbox 3315 1645 3443 1708; x_wconf 79' lang='grc' dir='ltr'><strong>τοὺς</strong></span> <span class='ocrx_word' id='word_1_214' title='bbox 3497 1643 3714 1706; x_wconf 82' lang='grc' dir='ltr'><strong>πλείους</strong></span> 
     </span>
    </p>
   </div>
   <div class='ocr_carea' id='block_1_31' title="bbox 2147 1735 3716 1811">
    <p class='ocr_par' dir='ltr' id='par_1_31' title="bbox 2147 1735 3716 1811">
     <span class='ocr_line' id='line_1_31' title="bbox 2147 1735 3716 1811; baseline -0.006 -15"><span class='ocrx_word' id='word_1_215' title='bbox 2147 1746 2224 1806; x_wconf 86' lang='grc' dir='ltr'><strong>εἰς</strong></span> <span class='ocrx_word' id='word_1_216' title='bbox 2244 1743 2493 1806; x_wconf 83' lang='grc' dir='ltr'><strong>θάνατον,</strong></span> <span class='ocrx_word' id='word_1_217' title='bbox 2517 1744 2644 1804; x_wconf 80' lang='grc' dir='ltr'><strong>τοὺς</strong></span> <span class='ocrx_word' id='word_1_218' title='bbox 2679 1742 2776 1811; x_wconf 82' lang='grc' dir='ltr'><strong>μὲν</strong></span> <span class='ocrx_word' id='word_1_219' title='bbox 2805 1740 2891 1793; x_wconf 83' lang='grc' dir='ltr'><strong>ἐπ’</strong></span> <span class='ocrx_word' id='word_1_220' title='bbox 2912 1740 3077 1793; x_wconf 82' lang='grc' dir='ltr'><strong>αὑτοῦ</strong></span> <span class='ocrx_word' id='word_1_221' title='bbox 3103 1737 3198 1792; x_wconf 87' lang='grc' dir='ltr'><strong>τοῦ</strong></span> <span class='ocrx_word' id='word_1_222' title='bbox 3230 1737 3416 1790; x_wconf 76' lang='grc' dir='ltr'><strong>ἐνθέου</strong></span> <span class='ocrx_word' id='word_1_223' title='bbox 3448 1735 3716 1806; x_wconf 75' lang='grc' dir='ltr'><strong>βήματος,</strong></span> 
     </span>
    </p>
   </div>
   <div class='ocr_carea' id='block_1_32' title="bbox 459 1825 2049 1901">
    <p class='ocr_par' dir='ltr' id='par_1_32' title="bbox 459 1825 2042 1898">
     <span class='ocr_line' id='line_1_32' title="bbox 459 1825 2042 1898; baseline 0.003 -20"><span class='ocrx_word' id='word_1_224' title='bbox 459 1840 643 1879; x_wconf 88' lang='lat' dir='ltr'><strong>coram</strong></span> <span class='ocrx_word' id='word_1_225' title='bbox 678 1825 786 1880; x_wconf 88' lang='lat' dir='ltr'><strong>Deo</strong></span> <span class='ocrx_word' id='word_1_226' title='bbox 807 1827 1014 1892; x_wconf 90' lang='lat' dir='ltr'><strong>sicarii,</strong></span> <span class='ocrx_word' id='word_1_227' title='bbox 1054 1841 1242 1883; x_wconf 85' lang='lat' dir='ltr'><strong>omnes</strong></span> <span class='ocrx_word' id='word_1_228' title='bbox 1273 1829 1435 1882; x_wconf 86' lang='lat' dir='ltr'><strong>etiam</strong></span> <span class='ocrx_word' id='word_1_229' title='bbox 1470 1829 1638 1883; x_wconf 88' lang='lat' dir='ltr'><strong>laicos</strong></span> <span class='ocrx_word' id='word_1_230' title='bbox 1666 1844 1898 1898; x_wconf 90' lang='lat' dir='ltr'><strong>quorum</strong></span> <span class='ocrx_word' id='word_1_231' title='bbox 1946 1845 2042 1884; x_wconf 85' lang='lat' dir='ltr'><strong>ora</strong></span> 
     </span>
    </p>
   </div>
   <div class='ocr_carea' id='block_1_33' title="bbox 2153 1825 3714 1901">
    <p class='ocr_par' dir='ltr' id='par_1_33' title="bbox 2153 1827 3714 1901">
     <span class='ocr_line' id='line_1_33' title="bbox 2153 1827 3714 1901; baseline -0.008 -11"><span class='ocrx_word' id='word_1_232' title='bbox 2153 1837 2271 1900; x_wconf 80' lang='grc' dir='ltr'><strong>τοὺς</strong></span> <span class='ocrx_word' id='word_1_233' title='bbox 2309 1835 2366 1888; x_wconf 81' lang='grc' dir='ltr'><strong>δὲ</strong></span> <span class='ocrx_word' id='word_1_234' title='bbox 2402 1837 2497 1890; x_wconf 76' lang='grc' dir='ltr'><strong>καὶ</strong></span> <span class='ocrx_word' id='word_1_235' title='bbox 2528 1834 2704 1898; x_wconf 85' lang='grc' dir='ltr'><strong>ἐκτδς,</strong></span> <span class='ocrx_word' id='word_1_236' title='bbox 2755 1834 2879 1888; x_wconf 84' lang='grc' dir='ltr'><strong>ὅποι</strong></span> <span class='ocrx_word' id='word_1_237' title='bbox 2934 1830 3073 1901; x_wconf 83' lang='grc' dir='ltr'><strong>τύχῃ</strong></span> <span class='ocrx_word' id='word_1_238' title='bbox 3127 1828 3341 1900; x_wconf 76' lang='grc' dir='ltr'><strong>εὕροιεν</strong></span> <span class='ocrx_word' id='word_1_239' title='bbox 3373 1828 3423 1882; x_wconf 81' lang='grc' dir='ltr'><strong>οί</strong></span> <span class='ocrx_word' id='word_1_240' title='bbox 3452 1827 3714 1896; x_wconf 82' lang='grc' dir='ltr'><strong>φονευταὶ</strong></span> 
     </span>
    </p>
   </div>
   <div class='ocr_carea' id='block_1_34' title="bbox 461 1915 2050 1989">
    <p class='ocr_par' dir='ltr' id='par_1_34' title="bbox 461 1915 2050 1989">
     <span class='ocr_line' id='line_1_34' title="bbox 461 1915 2050 1989; baseline 0.004 -21"><span class='ocrx_word' id='word_1_241' title='bbox 461 1915 794 1970; x_wconf 85' lang='lat' dir='ltr'><strong>resonabant</strong></span> <span class='ocrx_word' id='word_1_242' title='bbox 819 1931 973 1982; x_wconf 85' lang='lat' dir='ltr'><strong>voce,</strong></span> <span class='ocrx_word' id='word_1_243' title='bbox 1001 1935 1019 1968; x_wconf 74' lang='grc' dir='ltr'><strong>ι</strong></span> <span class='ocrx_word' id='word_1_244' title='bbox 1057 1918 1245 1988; x_wconf 81' lang='lat' dir='ltr'><strong>Kyrie,</strong></span> <span class='ocrx_word' id='word_1_245' title='bbox 1267 1919 1471 1974; x_wconf 90' lang='lat' dir='ltr'><strong>eleison</strong></span> <span class='ocrx_word' id='word_1_246' title='bbox 1507 1937 1526 1972; x_wconf 80' lang='grc' dir='ltr'><strong>ι</strong></span> <span class='ocrx_word' id='word_1_247' title='bbox 1564 1920 1873 1989; x_wconf 90' lang='lat' dir='ltr'><strong>plectebant</strong></span> <span class='ocrx_word' id='word_1_248' title='bbox 1895 1919 2050 1988; x_wconf 72' lang='lat' dir='ltr'><strong>capio</strong></span> 
     </span>
    </p>
   </div>
   <div class='ocr_carea' id='block_1_35' title="bbox 464 2006 2042 2082">
    <p class='ocr_par' dir='ltr' id='par_1_35' title="bbox 464 2006 2042 2082">
     <span class='ocr_line' id='line_1_35' title="bbox 464 2006 2042 2082; baseline 0.003 -23"><span class='ocrx_word' id='word_1_249' title='bbox 464 2006 614 2061; x_wconf 89' lang='lat' dir='ltr'><strong>tibus</strong></span> <span class='ocrx_word' id='word_1_250' title='bbox 643 2007 936 2076; x_wconf 63' lang='lat' dir='ltr'><strong>quaerendo</strong></span> <span class='ocrx_word' id='word_1_251' title='bbox 973 2007 1182 2064; x_wconf 89' lang='lat' dir='ltr'><strong>ironice</strong></span> <span class='ocrx_word' id='word_1_252' title='bbox 1202 2009 1340 2079; x_wconf 73' lang='lat' dir='ltr'><strong>quid‘</strong></span> <span class='ocrx_word' id='word_1_253' title='bbox 1355 2019 1501 2065; x_wconf 84' lang='lat' dir='ltr'><strong>esset</strong></span> <span class='ocrx_word' id='word_1_254' title='bbox 1537 2028 1555 2062; x_wconf 83' lang='grc' dir='ltr'><strong>ι</strong></span> <span class='ocrx_word' id='word_1_255' title='bbox 1579 2011 1748 2082; x_wconf 84' lang='lat' dir='ltr'><strong>Kyrie</strong></span> <span class='ocrx_word' id='word_1_256' title='bbox 1773 2011 1997 2073; x_wconf 61' lang='lat' dir='ltr'><strong>eleisrrn,</strong></span> <span class='ocrx_word' id='word_1_257' title='bbox 2021 2027 2042 2062; x_wconf 75' lang='grc' dir='ltr'><strong>ι</strong></span> 
     </span>
    </p>
   </div>
   <div class='ocr_carea' id='block_1_36' title="bbox 463 2095 2052 2169">
    <p class='ocr_par' dir='ltr' id='par_1_36' title="bbox 463 2095 2052 2169">
     <span class='ocr_line' id='line_1_36' title="bbox 463 2095 2052 2169; baseline 0.002 -21"><span class='ocrx_word' id='word_1_258' title='bbox 463 2109 530 2149; x_wconf 84' lang='lat' dir='ltr'><strong>ac</strong></span> <span class='ocrx_word' id='word_1_259' title='bbox 564 2095 810 2151; x_wconf 87' lang='lat' dir='ltr'><strong>ridendo.</strong></span> <span class='ocrx_word' id='word_1_260' title='bbox 841 2095 1093 2154; x_wconf 82' lang='lat' dir='ltr'><strong>Mulieres</strong></span> <span class='ocrx_word' id='word_1_261' title='bbox 1141 2099 1483 2154; x_wconf 83' lang='lat' dir='ltr'><strong>venerabiles</strong></span> <span class='ocrx_word' id='word_1_262' title='bbox 1533 2100 1587 2153; x_wconf 90' lang='lat' dir='ltr'><strong>in</strong></span> <span class='ocrx_word' id='word_1_263' title='bbox 1641 2101 1857 2169; x_wconf 85' lang='lat' dir='ltr'><strong>templis</strong></span> <span class='ocrx_word' id='word_1_264' title='bbox 1899 2099 2052 2168; x_wconf 86' lang='lat' dir='ltr'><strong>depi-</strong></span> 
     </span>
    </p>
   </div>
   <div class='ocr_carea' id='block_1_37' title="bbox 463 2185 2051 2257">
    <p class='ocr_par' dir='ltr' id='par_1_37' title="bbox 463 2185 2051 2257">
     <span class='ocr_line' id='line_1_37' title="bbox 463 2185 2051 2257; baseline 0.001 -17"><span class='ocrx_word' id='word_1_265' title='bbox 463 2195 567 2240; x_wconf 53' lang='lat' dir='ltr'><strong>ctas</strong></span> <span class='ocrx_word' id='word_1_266' title='bbox 600 2185 667 2241; x_wconf 89' lang='lat' dir='ltr'><strong>ad</strong></span> <span class='ocrx_word' id='word_1_267' title='bbox 723 2185 1078 2252; x_wconf 86' lang='lat' dir='ltr'><strong>salacitatem,</strong></span> <span class='ocrx_word' id='word_1_268' title='bbox 1137 2187 1313 2257; x_wconf 87' lang='lat' dir='ltr'><strong>deque</strong></span> <span class='ocrx_word' id='word_1_269' title='bbox 1358 2187 1606 2242; x_wconf 87' lang='lat' dir='ltr'><strong>castitate</strong></span> <span class='ocrx_word' id='word_1_270' title='bbox 1638 2195 1868 2252; x_wconf 69' lang='lat' dir='ltr'><strong>vexatae,</strong></span> <span class='ocrx_word' id='word_1_271' title='bbox 1908 2186 2051 2242; x_wconf 86' lang='lat' dir='ltr'><strong>Ecce</strong></span> 
     </span>
    </p>
   </div>
   <div class='ocr_carea' id='block_1_38' title="bbox 462 2276 2048 2348">
    <p class='ocr_par' dir='ltr' id='par_1_38' title="bbox 462 2276 2048 2348">
     <span class='ocr_line' id='line_1_38' title="bbox 462 2276 2048 2348; baseline -0.002 -15"><span class='ocrx_word' id='word_1_272' title='bbox 462 2292 579 2343; x_wconf 89' lang='lat' dir='ltr'><strong>eas,</strong></span> <span class='ocrx_word' id='word_1_273' title='bbox 621 2277 872 2348; x_wconf 80' lang='lat' dir='ltr'><strong>logantor</strong></span> <span class='ocrx_word' id='word_1_274' title='bbox 916 2277 983 2333; x_wconf 90' lang='lat' dir='ltr'><strong>de</strong></span> <span class='ocrx_word' id='word_1_275' title='bbox 1017 2279 1218 2343; x_wconf 86' lang='lat' dir='ltr'><strong>causis,</strong></span> <span class='ocrx_word' id='word_1_276' title='bbox 1249 2278 1368 2332; x_wconf 65' lang='lat' dir='ltr'><strong>alite</strong></span> <span class='ocrx_word' id='word_1_277' title='bbox 1406 2276 1752 2348; x_wconf 77' lang='lat' dir='ltr'><strong>matrimonio</strong></span> <span class='ocrx_word' id='word_1_278' title='bbox 1795 2277 2048 2347; x_wconf 62' lang='lat' dir='ltr'><strong>alligatar,</strong></span> 
     </span>
    </p>
   </div>
   <div class='ocr_carea' id='block_1_39' title="bbox 467 2345 2048 2437">
    <p class='ocr_par' dir='ltr' id='par_1_39' title="bbox 467 2345 2048 2437">
     <span class='ocr_line' id='line_1_39' title="bbox 467 2345 2048 2437; baseline -0.001 -16"><span class='ocrx_word' id='word_1_279' title='bbox 467 2369 588 2422; x_wconf 70' lang='lat' dir='ltr'><strong>alia:</strong></span> <span class='ocrx_word' id='word_1_280' title='bbox 630 2345 701 2422; x_wconf 82' lang='lat' dir='ltr'><strong>ob</strong></span> <span class='ocrx_word' id='word_1_281' title='bbox 730 2367 1091 2437; x_wconf 71' lang='lat' dir='ltr'><strong>virginitatem</strong></span> <span class='ocrx_word' id='word_1_282' title='bbox 1151 2369 1257 2423; x_wconf 91' lang='lat' dir='ltr'><strong>Deo</strong></span> <span class='ocrx_word' id='word_1_283' title='bbox 1286 2367 1500 2433; x_wconf 64' lang='lat' dir='ltr'><strong>dicatae,</strong></span> <span class='ocrx_word' id='word_1_284' title='bbox 1535 2345 1659 2420; x_wconf 66' lang='lat' dir='ltr'><strong>alia:</strong></span> <span class='ocrx_word' id='word_1_285' title='bbox 1689 2345 1911 2436; x_wconf 56' lang='lat' dir='ltr'><strong>sponsas</strong></span> <span class='ocrx_word' id='word_1_286' title='bbox 1931 2363 2048 2420; x_wconf 90' lang='lat' dir='ltr'><strong>Dei.</strong></span> 
     </span>
    </p>
   </div>
   <div class='ocr_carea' id='block_1_40' title="bbox 469 2443 2052 2529">
    <p class='ocr_par' dir='ltr' id='par_1_40' title="bbox 469 2443 2052 2529">
     <span class='ocr_line' id='line_1_40' title="bbox 469 2443 2052 2529; baseline -0.001 -15"><span class='ocrx_word' id='word_1_287' title='bbox 469 2457 528 2514; x_wconf 90' lang='lat' dir='ltr'><strong>Si</strong></span> <span class='ocrx_word' id='word_1_288' title='bbox 574 2473 680 2514; x_wconf 89' lang='lat' dir='ltr'><strong>una</strong></span> <span class='ocrx_word' id='word_1_289' title='bbox 723 2466 934 2514; x_wconf 83' lang='lat' dir='ltr'><strong>tantum</strong></span> <span class='ocrx_word' id='word_1_290' title='bbox 988 2474 1054 2514; x_wconf 80' lang='lat' dir='ltr'><strong>ex</strong></span> <span class='ocrx_word' id='word_1_291' title='bbox 1093 2458 1203 2515; x_wconf 92' lang='lat' dir='ltr'><strong>illis</strong></span> <span class='ocrx_word' id='word_1_292' title='bbox 1236 2443 1645 2529; x_wconf 77' lang='lat' dir='ltr'><strong>depingeretur,</strong></span> <span class='ocrx_word' id='word_1_293' title='bbox 1685 2457 1823 2512; x_wconf 79' lang='lat' dir='ltr'><strong>forte</strong></span> <span class='ocrx_word' id='word_1_294' title='bbox 1868 2456 2052 2512; x_wconf 88' lang='lat' dir='ltr'><strong>minus</strong></span> 
     </span>
    </p>
   </div>
   <div class='ocr_carea' id='block_1_41' title="bbox 467 2543 2053 2614">
    <p class='ocr_par' dir='ltr' id='par_1_41' title="bbox 467 2543 2053 2614">
     <span class='ocr_line' id='line_1_41' title="bbox 467 2543 2053 2614; baseline -0.001 -11"><span class='ocrx_word' id='word_1_295' title='bbox 467 2557 615 2606; x_wconf 81' lang='lat' dir='ltr'><strong>esset</strong></span> <span class='ocrx_word' id='word_1_296' title='bbox 664 2549 890 2602; x_wconf 89' lang='lat' dir='ltr'><strong>malum.</strong></span> <span class='ocrx_word' id='word_1_297' title='bbox 926 2547 1059 2614; x_wconf 63' lang='lat' dir='ltr'><strong>Quae</strong></span> <span class='ocrx_word' id='word_1_298' title='bbox 1101 2556 1228 2602; x_wconf 86' lang='lat' dir='ltr'><strong>sunt</strong></span> <span class='ocrx_word' id='word_1_299' title='bbox 1259 2563 1388 2602; x_wconf 91' lang='lat' dir='ltr'><strong>vero</strong></span> <span class='ocrx_word' id='word_1_300' title='bbox 1417 2559 1736 2602; x_wconf 87' lang='lat' dir='ltr'><strong>communes</strong></span> <span class='ocrx_word' id='word_1_301' title='bbox 1774 2545 1828 2599; x_wconf 91' lang='lat' dir='ltr'><strong>in</strong></span> <span class='ocrx_word' id='word_1_302' title='bbox 1860 2543 2053 2614; x_wconf 81' lang='lat' dir='ltr'><strong>hujus-</strong></span> 
     </span>
    </p>
   </div>
   <div class='ocr_carea' id='block_1_42' title="bbox 473 2633 2051 2707">
    <p class='ocr_par' dir='ltr' id='par_1_42' title="bbox 473 2633 2051 2707">
     <span class='ocr_line' id='line_1_42' title="bbox 473 2633 2051 2707; baseline -0.003 -17"><span class='ocrx_word' id='word_1_303' title='bbox 473 2637 642 2701; x_wconf 91' lang='lat' dir='ltr'><strong>modi,</strong></span> <span class='ocrx_word' id='word_1_304' title='bbox 680 2648 741 2692; x_wconf 90' lang='lat' dir='ltr'><strong>ut</strong></span> <span class='ocrx_word' id='word_1_305' title='bbox 762 2637 982 2707; x_wconf 88' lang='lat' dir='ltr'><strong>quidam</strong></span> <span class='ocrx_word' id='word_1_306' title='bbox 1009 2637 1237 2704; x_wconf 89' lang='lat' dir='ltr'><strong>diceret,</strong></span> <span class='ocrx_word' id='word_1_307' title='bbox 1287 2651 1446 2702; x_wconf 89' lang='lat' dir='ltr'><strong>anus,</strong></span> <span class='ocrx_word' id='word_1_308' title='bbox 1481 2649 1591 2690; x_wconf 91' lang='lat' dir='ltr'><strong>non</strong></span> <span class='ocrx_word' id='word_1_309' title='bbox 1614 2635 1820 2690; x_wconf 91' lang='lat' dir='ltr'><strong>luctum</strong></span> <span class='ocrx_word' id='word_1_310' title='bbox 1856 2633 2051 2691; x_wconf 89' lang='lat' dir='ltr'><strong>condi-</strong></span> 
     </span>
    </p>
   </div>
   <div class='ocr_carea' id='block_1_43' title="bbox 470 2728 999 2798">
    <p class='ocr_par' dir='ltr' id='par_1_43' title="bbox 470 2728 999 2798">
     <span class='ocr_line' id='line_1_43' title="bbox 470 2728 999 2798; baseline -0.006 -15"><span class='ocrx_word' id='word_1_311' title='bbox 470 2743 636 2798; x_wconf 78' lang='lat' dir='ltr'><strong>gnum</strong></span> <span class='ocrx_word' id='word_1_312' title='bbox 667 2728 999 2784; x_wconf 82' lang='lat' dir='ltr'><strong>invenirent.</strong></span> 
     </span>
    </p>
   </div>
   <div class='ocr_carea' id='block_1_44' title="bbox 543 2921 2053 2995">
    <p class='ocr_par' dir='ltr' id='par_1_44' title="bbox 543 2921 2053 2995">
     <span class='ocr_line' id='line_1_44' title="bbox 543 2921 2053 2995; baseline -0.004 -11"><span class='ocrx_word' id='word_1_313' title='bbox 543 2925 667 2984; x_wconf 81' lang='grc'><strong>100.</strong></span> <span class='ocrx_word' id='word_1_314' title='bbox 700 2925 801 2980; x_wconf 82' lang='lat' dir='ltr'><strong>Hic</strong></span> <span class='ocrx_word' id='word_1_315' title='bbox 841 2923 1047 2995; x_wconf 91' lang='lat' dir='ltr'><strong>aliquid</strong></span> <span class='ocrx_word' id='word_1_316' title='bbox 1097 2923 1224 2978; x_wconf 90' lang='lat' dir='ltr'><strong>boni</strong></span> <span class='ocrx_word' id='word_1_317' title='bbox 1271 2922 1338 2979; x_wconf 94' lang='lat' dir='ltr'><strong>de</strong></span> <span class='ocrx_word' id='word_1_318' title='bbox 1368 2921 1623 2978; x_wconf 74' lang='lat' dir='ltr'><strong>Barbarie</strong></span> <span class='ocrx_word' id='word_1_319' title='bbox 1679 2921 1811 2978; x_wconf 89' lang='lat' dir='ltr'><strong>mibi</strong></span> <span class='ocrx_word' id='word_1_320' title='bbox 1864 2921 2053 2979; x_wconf 89' lang='lat' dir='ltr'><strong>dicen-</strong></span> 
     </span>
    </p>
   </div>
   <div class='ocr_carea' id='block_1_45' title="bbox 473 3012 2050 3087">
    <p class='ocr_par' dir='ltr' id='par_1_45' title="bbox 473 3012 2050 3087">
     <span class='ocr_line' id='line_1_45' title="bbox 473 3012 2050 3087; baseline -0.004 -13"><span class='ocrx_word' id='word_1_321' title='bbox 473 3019 603 3074; x_wconf 90' lang='lat' dir='ltr'><strong>dum</strong></span> <span class='ocrx_word' id='word_1_322' title='bbox 633 3027 738 3084; x_wconf 86' lang='lat' dir='ltr'><strong>est,</strong></span> <span class='ocrx_word' id='word_1_323' title='bbox 781 3018 995 3074; x_wconf 86' lang='lat' dir='ltr'><strong>scilicet</strong></span> <span class='ocrx_word' id='word_1_324' title='bbox 1020 3016 1292 3087; x_wconf 90' lang='lat' dir='ltr'><strong>quosdam</strong></span> <span class='ocrx_word' id='word_1_325' title='bbox 1325 3017 1378 3070; x_wconf 89' lang='lat' dir='ltr'><strong>in</strong></span> <span class='ocrx_word' id='word_1_326' title='bbox 1412 3015 1540 3071; x_wconf 86' lang='lat' dir='ltr'><strong>loca</strong></span> <span class='ocrx_word' id='word_1_327' title='bbox 1566 3029 1722 3072; x_wconf 84' lang='lat' dir='ltr'><strong>sacra</strong></span> <span class='ocrx_word' id='word_1_328' title='bbox 1755 3014 1956 3071; x_wconf 86' lang='lat' dir='ltr'><strong>missos</strong></span> <span class='ocrx_word' id='word_1_329' title='bbox 1983 3012 2050 3068; x_wconf 87' lang='lat' dir='ltr'><strong>ad</strong></span> 
     </span>
    </p>
   </div>
   <div class='ocr_carea' id='block_1_46' title="bbox 474 3108 2048 3178">
    <p class='ocr_par' dir='ltr' id='par_1_46' title="bbox 474 3108 2048 3178">
     <span class='ocr_line' id='line_1_46' title="bbox 474 3108 2048 3178; baseline -0.003 -11"><span class='ocrx_word' id='word_1_330' title='bbox 474 3109 943 3173; x_wconf 79' lang='lat' dir='ltr'><strong>interﬁciendum,</strong></span> <span class='ocrx_word' id='word_1_331' title='bbox 1014 3117 1170 3164; x_wconf 82' lang='lat' dir='ltr'><strong>extra</strong></span> <span class='ocrx_word' id='word_1_332' title='bbox 1235 3108 1456 3178; x_wconf 90' lang='lat' dir='ltr'><strong>quidem</strong></span> <span class='ocrx_word' id='word_1_333' title='bbox 1524 3108 1649 3164; x_wconf 90' lang='lat' dir='ltr'><strong>illos</strong></span> <span class='ocrx_word' id='word_1_334' title='bbox 1719 3109 2048 3172; x_wconf 82' lang='lat' dir='ltr'><strong>extraxisse,</strong></span> 
     </span>
    </p>
   </div>
   <div class='ocr_carea' id='block_1_47' title="bbox 472 3199 1705 3272">
    <p class='ocr_par' dir='ltr' id='par_1_47' title="bbox 472 3199 1705 3272">
     <span class='ocr_line' id='line_1_47' title="bbox 472 3199 1705 3272; baseline -0.002 -13"><span class='ocrx_word' id='word_1_335' title='bbox 472 3203 663 3272; x_wconf 84' lang='lat' dir='ltr'><strong>sicque</strong></span> <span class='ocrx_word' id='word_1_336' title='bbox 697 3199 1059 3264; x_wconf 80' lang='lat' dir='ltr'><strong>interfecisse.</strong></span> <span class='ocrx_word' id='word_1_337' title='bbox 1089 3200 1291 3255; x_wconf 90' lang='lat' dir='ltr'><strong>malum</strong></span> <span class='ocrx_word' id='word_1_338' title='bbox 1322 3203 1395 3255; x_wconf 85' lang='lat' dir='ltr'><strong>ita</strong></span> <span class='ocrx_word' id='word_1_339' title='bbox 1423 3199 1705 3256; x_wconf 76' lang='lat' dir='ltr'><strong>lenientes.</strong></span> 
     </span>
    </p>
   </div>
   <div class='ocr_carea' id='block_1_48' title="bbox 541 3293 2052 3367">
    <p class='ocr_par' dir='ltr' id='par_1_48' title="bbox 541 3293 2052 3367">
     <span class='ocr_line' id='line_1_48' title="bbox 541 3293 2052 3367; baseline -0.001 -16"><span class='ocrx_word' id='word_1_340' title='bbox 541 3293 1196 3361; x_wconf 74' lang='lat' dir='ltr'><strong>lOl.Sacrisilludentes,</strong></span> <span class='ocrx_word' id='word_1_341' title='bbox 1213 3300 1270 3349; x_wconf 96' lang='lat' dir='ltr'><strong>et</strong></span> <span class='ocrx_word' id='word_1_342' title='bbox 1315 3293 1577 3365; x_wconf 76' lang='lat' dir='ltr'><strong>imagines</strong></span> <span class='ocrx_word' id='word_1_343' title='bbox 1627 3303 1892 3364; x_wconf 77' lang='lat' dir='ltr'><strong>augustas</strong></span> <span class='ocrx_word' id='word_1_344' title='bbox 1913 3309 2052 3367; x_wconf 77' lang='lat' dir='ltr'><strong>pra:-</strong></span> 
     </span>
    </p>
   </div>
   <div class='ocr_carea' id='block_1_49' title="bbox 473 3387 2050 3456">
    <p class='ocr_par' dir='ltr' id='par_1_49' title="bbox 473 3387 2050 3456">
     <span class='ocr_line' id='line_1_49' title="bbox 473 3387 2050 3456; baseline -0.002 -13"><span class='ocrx_word' id='word_1_345' title='bbox 473 3388 750 3445; x_wconf 89' lang='lat' dir='ltr'><strong>tendentia</strong></span> <span class='ocrx_word' id='word_1_346' title='bbox 781 3388 1171 3452; x_wconf 88' lang='lat' dir='ltr'><strong>dilacerantes,</strong></span> <span class='ocrx_word' id='word_1_347' title='bbox 1206 3401 1551 3456; x_wconf 68' lang='lat' dir='ltr'><strong>quaecunque</strong></span> <span class='ocrx_word' id='word_1_348' title='bbox 1584 3387 1639 3441; x_wconf 93' lang='lat' dir='ltr'><strong>in</strong></span> <span class='ocrx_word' id='word_1_349' title='bbox 1668 3401 1728 3441; x_wconf 89' lang='lat' dir='ltr'><strong>se</strong></span> <span class='ocrx_word' id='word_1_350' title='bbox 1758 3387 2050 3441; x_wconf 88' lang='lat' dir='ltr'><strong>materiam</strong></span> 
     </span>
    </p>
   </div>
   <div class='ocr_carea' id='block_1_50' title="bbox 474 3480 2050 3554">
    <p class='ocr_par' dir='ltr' id='par_1_50' title="bbox 474 3480 2050 3554">
     <span class='ocr_line' id='line_1_50' title="bbox 474 3480 2050 3554; baseline -0.004 -15"><span class='ocrx_word' id='word_1_351' title='bbox 474 3485 774 3554; x_wconf 85' lang='lat' dir='ltr'><strong>pretiosam</strong></span> <span class='ocrx_word' id='word_1_352' title='bbox 795 3497 904 3538; x_wconf 91' lang='lat' dir='ltr'><strong>non</strong></span> <span class='ocrx_word' id='word_1_353' title='bbox 940 3481 1303 3545; x_wconf 89' lang='lat' dir='ltr'><strong>includentia,</strong></span> <span class='ocrx_word' id='word_1_354' title='bbox 1327 3481 1430 3536; x_wconf 88' lang='lat' dir='ltr'><strong>alia</strong></span> <span class='ocrx_word' id='word_1_355' title='bbox 1451 3493 1582 3536; x_wconf 89' lang='lat' dir='ltr'><strong>vero</strong></span> <span class='ocrx_word' id='word_1_356' title='bbox 1599 3480 1649 3534; x_wconf 93' lang='lat' dir='ltr'><strong>vi</strong></span> <span class='ocrx_word' id='word_1_357' title='bbox 1670 3481 1943 3535; x_wconf 90' lang='lat' dir='ltr'><strong>nudantes</strong></span> <span class='ocrx_word' id='word_1_358' title='bbox 1958 3493 2050 3534; x_wconf 84' lang='lat' dir='ltr'><strong>or-</strong></span> 
     </span>
    </p>
   </div>
   <div class='ocr_carea' id='block_1_51' title="bbox 475 3571 2054 3644">
    <p class='ocr_par' dir='ltr' id='par_1_51' title="bbox 475 3571 2054 3644">
     <span class='ocr_line' id='line_1_51' title="bbox 475 3571 2054 3644; baseline -0.003 -14"><span class='ocrx_word' id='word_1_359' title='bbox 475 3576 751 3630; x_wconf 88' lang='lat' dir='ltr'><strong>namentis</strong></span> <span class='ocrx_word' id='word_1_360' title='bbox 779 3577 1046 3644; x_wconf 86' lang='lat' dir='ltr'><strong>ipsorum,</strong></span> <span class='ocrx_word' id='word_1_361' title='bbox 1075 3573 1386 3628; x_wconf 85' lang='lat' dir='ltr'><strong>nescientes</strong></span> <span class='ocrx_word' id='word_1_362' title='bbox 1411 3579 1592 3626; x_wconf 89' lang='lat' dir='ltr'><strong>autem</strong></span> <span class='ocrx_word' id='word_1_363' title='bbox 1610 3571 1726 3626; x_wconf 70' lang='lat' dir='ltr'><strong>baac</strong></span> <span class='ocrx_word' id='word_1_364' title='bbox 1743 3585 1926 3642; x_wconf 74' lang='lat' dir='ltr'><strong>agere,</strong></span> <span class='ocrx_word' id='word_1_365' title='bbox 1955 3584 2054 3626; x_wconf 93' lang='lat' dir='ltr'><strong>no-</strong></span> 
     </span>
    </p>
   </div>
   <div class='ocr_carea' id='block_1_52' title="bbox 476 3663 2051 3729">
    <p class='ocr_par' dir='ltr' id='par_1_52' title="bbox 476 3663 2051 3729">
     <span class='ocr_line' id='line_1_52' title="bbox 476 3663 2051 3729; baseline -0.007 -3"><span class='ocrx_word' id='word_1_366' title='bbox 476 3668 578 3727; x_wconf 87' lang='lat' dir='ltr'><strong>stri</strong></span> <span class='ocrx_word' id='word_1_367' title='bbox 604 3669 741 3723; x_wconf 91' lang='lat' dir='ltr'><strong>bene</strong></span> <span class='ocrx_word' id='word_1_368' title='bbox 765 3665 1152 3729; x_wconf 89' lang='lat' dir='ltr'><strong>meminerant,</strong></span> <span class='ocrx_word' id='word_1_369' title='bbox 1180 3677 1326 3719; x_wconf 89' lang='lat' dir='ltr'><strong>nunc</strong></span> <span class='ocrx_word' id='word_1_370' title='bbox 1354 3670 1536 3718; x_wconf 80' lang='lat' dir='ltr'><strong>autem</strong></span> <span class='ocrx_word' id='word_1_371' title='bbox 1561 3677 1686 3717; x_wconf 89' lang='lat' dir='ltr'><strong>cum</strong></span> <span class='ocrx_word' id='word_1_372' title='bbox 1718 3663 1918 3728; x_wconf 89' lang='lat' dir='ltr'><strong>sciant,</strong></span> <span class='ocrx_word' id='word_1_373' title='bbox 1943 3677 2051 3716; x_wconf 94' lang='lat' dir='ltr'><strong>non</strong></span> 
     </span>
    </p>
   </div>
   <div class='ocr_carea' id='block_1_53' title="bbox 478 3753 2052 3831">
    <p class='ocr_par' dir='ltr' id='par_1_53' title="bbox 478 3753 2052 3831">
     <span class='ocr_line' id='line_1_53' title="bbox 478 3753 2052 3831; baseline -0.004 -15"><span class='ocrx_word' id='word_1_374' title='bbox 478 3767 768 3831; x_wconf 87' lang='lat' dir='ltr'><strong>spernunt.</strong></span> <span class='ocrx_word' id='word_1_375' title='bbox 794 3756 1082 3824; x_wconf 85' lang='lat' dir='ltr'><strong>Quomodo</strong></span> <span class='ocrx_word' id='word_1_376' title='bbox 1133 3755 1279 3810; x_wconf 90' lang='lat' dir='ltr'><strong>enim</strong></span> <span class='ocrx_word' id='word_1_377' title='bbox 1320 3756 1551 3811; x_wconf 88' lang='lat' dir='ltr'><strong>nudatos</strong></span> <span class='ocrx_word' id='word_1_378' title='bbox 1582 3755 1755 3810; x_wconf 79' lang='lat' dir='ltr'><strong>fuisse</strong></span> <span class='ocrx_word' id='word_1_379' title='bbox 1805 3753 2052 3810; x_wconf 87' lang='lat' dir='ltr'><strong>homines</strong></span> 
     </span>
    </p>
   </div>
   <div class='ocr_carea' id='block_1_54' title="bbox 476 3847 2052 3918">
    <p class='ocr_par' dir='ltr' id='par_1_54' title="bbox 476 3847 2052 3918">
     <span class='ocr_line' id='line_1_54' title="bbox 476 3847 2052 3918; baseline -0.004 -10"><span class='ocrx_word' id='word_1_380' title='bbox 476 3856 534 3910; x_wconf 90' lang='lat' dir='ltr'><strong>in</strong></span> <span class='ocrx_word' id='word_1_381' title='bbox 588 3851 818 3908; x_wconf 85' lang='lat' dir='ltr'><strong>ecclesia</strong></span> <span class='ocrx_word' id='word_1_382' title='bbox 881 3847 1146 3905; x_wconf 86' lang='lat' dir='ltr'><strong>discendo</strong></span> <span class='ocrx_word' id='word_1_383' title='bbox 1205 3848 1385 3918; x_wconf 89' lang='lat' dir='ltr'><strong>deque</strong></span> <span class='ocrx_word' id='word_1_384' title='bbox 1431 3863 1498 3903; x_wconf 86' lang='lat' dir='ltr'><strong>eo</strong></span> <span class='ocrx_word' id='word_1_385' title='bbox 1553 3847 1810 3910; x_wconf 86' lang='lat' dir='ltr'><strong>dolendo,</strong></span> <span class='ocrx_word' id='word_1_386' title='bbox 1859 3860 2052 3916; x_wconf 85' lang='lat' dir='ltr'><strong>posses</strong></span> 
     </span>
    </p>
   </div>
   <div class='ocr_carea' id='block_1_55' title="bbox 478 3937 2049 4010">
    <p class='ocr_par' dir='ltr' id='par_1_55' title="bbox 478 3937 2049 4010">
     <span class='ocr_line' id='line_1_55' title="bbox 478 3937 2049 4010; baseline -0.006 -10"><span class='ocrx_word' id='word_1_387' title='bbox 478 3960 588 4000; x_wconf 91' lang='lat' dir='ltr'><strong>non</strong></span> <span class='ocrx_word' id='word_1_388' title='bbox 651 3954 906 4010; x_wconf 89' lang='lat' dir='ltr'><strong>rumpere</strong></span> <span class='ocrx_word' id='word_1_389' title='bbox 949 3939 1316 4004; x_wconf 85' lang='lat' dir='ltr'><strong>stomachum,</strong></span> <span class='ocrx_word' id='word_1_390' title='bbox 1347 3937 1730 4007; x_wconf 88' lang='lat' dir='ltr'><strong>spoliationem</strong></span> <span class='ocrx_word' id='word_1_391' title='bbox 1767 3951 2049 3992; x_wconf 88' lang='lat' dir='ltr'><strong>sacrorum</strong></span> 
     </span>
    </p>
   </div>
   <div class='ocr_carea' id='block_1_56' title="bbox 477 4027 2050 4095">
    <p class='ocr_par' dir='ltr' id='par_1_56' title="bbox 477 4027 2050 4095">
     <span class='ocr_line' id='line_1_56' title="bbox 477 4027 2050 4095; baseline -0.006 -3"><span class='ocrx_word' id='word_1_392' title='bbox 477 4039 864 4092; x_wconf 87' lang='lat' dir='ltr'><strong>thesaurorum</strong></span> <span class='ocrx_word' id='word_1_393' title='bbox 922 4031 1105 4086; x_wconf 86' lang='lat' dir='ltr'><strong>sciens</strong></span> <span class='ocrx_word' id='word_1_394' title='bbox 1135 4029 1161 4083; x_wconf 82' lang='lat'><strong>?</strong></span> <span class='ocrx_word' id='word_1_395' title='bbox 1215 4029 1430 4095; x_wconf 83' lang='lat' dir='ltr'><strong>Quanta</strong></span> <span class='ocrx_word' id='word_1_396' title='bbox 1493 4029 1788 4084; x_wconf 89' lang='lat' dir='ltr'><strong>tolerantia</strong></span> <span class='ocrx_word' id='word_1_397' title='bbox 1839 4029 1956 4094; x_wconf 86' lang='lat' dir='ltr'><strong>Dei,</strong></span> <span class='ocrx_word' id='word_1_398' title='bbox 2002 4027 2050 4084; x_wconf 88' lang='lat' dir='ltr'><strong>si</strong></span> 
     </span>
    </p>
   </div>
   <div class='ocr_carea' id='block_1_57' title="bbox 481 4118 2052 4192">
    <p class='ocr_par' dir='ltr' id='par_1_57' title="bbox 481 4118 2052 4192">
     <span class='ocr_line' id='line_1_57' title="bbox 481 4118 2052 4192; baseline -0.005 -10"><span class='ocrx_word' id='word_1_399' title='bbox 481 4127 807 4190; x_wconf 81' lang='lat' dir='ltr'><strong>Barbarum,</strong></span> <span class='ocrx_word' id='word_1_400' title='bbox 864 4122 959 4192; x_wconf 89' lang='lat' dir='ltr'><strong>qui</strong></span> <span class='ocrx_word' id='word_1_401' title='bbox 1007 4135 1227 4178; x_wconf 90' lang='lat' dir='ltr'><strong>sacrum</strong></span> <span class='ocrx_word' id='word_1_402' title='bbox 1284 4118 1800 4189; x_wconf 77' lang='lat' dir='ltr'><strong>formidandumque</strong></span> <span class='ocrx_word' id='word_1_403' title='bbox 1831 4118 2052 4174; x_wconf 81' lang='lat' dir='ltr'><strong>thesau-</strong></span> 
     </span>
    </p>
   </div>
   <div class='ocr_carea' id='block_1_58' title="bbox 481 4211 2050 4282">
    <p class='ocr_par' dir='ltr' id='par_1_58' title="bbox 481 4211 2050 4282">
     <span class='ocr_line' id='line_1_58' title="bbox 481 4211 2050 4282; baseline -0.006 -7"><span class='ocrx_word' id='word_1_404' title='bbox 481 4235 602 4275; x_wconf 89' lang='lat' dir='ltr'><strong>rum</strong></span> <span class='ocrx_word' id='word_1_405' title='bbox 638 4216 996 4280; x_wconf 89' lang='lat' dir='ltr'><strong>conculcavit,</strong></span> <span class='ocrx_word' id='word_1_406' title='bbox 1028 4213 1272 4268; x_wconf 86' lang='lat' dir='ltr'><strong>membra</strong></span> <span class='ocrx_word' id='word_1_407' title='bbox 1335 4211 1592 4282; x_wconf 74' lang='lat' dir='ltr'><strong>genitalia</strong></span> <span class='ocrx_word' id='word_1_408' title='bbox 1629 4213 1849 4276; x_wconf 79' lang='lat' dir='ltr'><strong>retexit,</strong></span> <span class='ocrx_word' id='word_1_409' title='bbox 1902 4211 2050 4266; x_wconf 87' lang='lat' dir='ltr'><strong>min-</strong></span> 
     </span>
    </p>
   </div>
   <div class='ocr_carea' id='block_1_59' title="bbox 479 4298 2052 4380">
    <p class='ocr_par' dir='ltr' id='par_1_59' title="bbox 479 4298 2052 4380">
     <span class='ocr_line' id='line_1_59' title="bbox 479 4298 2052 4380; baseline -0.006 -15"><span class='ocrx_word' id='word_1_410' title='bbox 479 4311 671 4380; x_wconf 78' lang='lat' dir='ltr'><strong>xitque</strong></span> <span class='ocrx_word' id='word_1_411' title='bbox 727 4308 1000 4372; x_wconf 85' lang='lat' dir='ltr'><strong>consulto,</strong></span> <span class='ocrx_word' id='word_1_412' title='bbox 1039 4305 1222 4361; x_wconf 84' lang='lat' dir='ltr'><strong>vivere</strong></span> <span class='ocrx_word' id='word_1_413' title='bbox 1266 4302 1457 4359; x_wconf 87' lang='lat' dir='ltr'><strong>siverit</strong></span> <span class='ocrx_word' id='word_1_414' title='bbox 1486 4298 2052 4358; x_wconf 86' lang='lat' dir='ltr'><strong>incolumem?Vene-</strong></span> 
     </span>
    </p>
   </div>
   <div class='ocr_carea' id='block_1_60' title="bbox 481 4393 2052 4465">
    <p class='ocr_par' dir='ltr' id='par_1_60' title="bbox 481 4393 2052 4465">
     <span class='ocr_line' id='line_1_60' title="bbox 481 4393 2052 4465; baseline -0.005 -9"><span class='ocrx_word' id='word_1_415' title='bbox 481 4401 671 4457; x_wconf 68' lang='lat' dir='ltr'><strong>randaa</strong></span> <span class='ocrx_word' id='word_1_416' title='bbox 706 4414 924 4462; x_wconf 83' lang='lat' dir='ltr'><strong>cruces,</strong></span> <span class='ocrx_word' id='word_1_417' title='bbox 959 4397 1129 4454; x_wconf 91' lang='lat' dir='ltr'><strong>robur</strong></span> <span class='ocrx_word' id='word_1_418' title='bbox 1179 4405 1450 4460; x_wconf 90' lang='lat' dir='ltr'><strong>nostrum,</strong></span> <span class='ocrx_word' id='word_1_419' title='bbox 1478 4395 1689 4465; x_wconf 82' lang='lat' dir='ltr'><strong>quibus</strong></span> <span class='ocrx_word' id='word_1_420' title='bbox 1724 4395 1893 4449; x_wconf 88' lang='lat' dir='ltr'><strong>etiam</strong></span> <span class='ocrx_word' id='word_1_421' title='bbox 1926 4393 2052 4448; x_wconf 88' lang='lat' dir='ltr'><strong>illu-</strong></span> 
     </span>
    </p>
   </div>
   <div class='ocr_carea' id='block_1_61' title="bbox 2151 1915 3716 1999">
    <p class='ocr_par' dir='ltr' id='par_1_61' title="bbox 2151 1915 3716 1999">
     <span class='ocr_line' id='line_1_61' title="bbox 2151 1915 3716 1999; baseline -0.008 -17"><span class='ocrx_word' id='word_1_422' title='bbox 2151 1929 2414 1992; x_wconf 78' lang='grc' dir='ltr'><strong>ἐνστὰτας</strong></span> <span class='ocrx_word' id='word_1_423' title='bbox 2449 1928 2602 1999; x_wconf 87' lang='grc' dir='ltr'><strong>παρά</strong></span> <span class='ocrx_word' id='word_1_424' title='bbox 2634 1926 2754 1995; x_wconf 87' lang='grc' dir='ltr'><strong>Θεῷ</strong></span> <span class='ocrx_word' id='word_1_425' title='bbox 2781 1943 2795 1958; x_wconf 80' lang='grc' dir='ltr'><strong><em>ο</em></strong></span> <span class='ocrx_word' id='word_1_426' title='bbox 2854 1924 2948 1978; x_wconf 76' lang='grc' dir='ltr'><strong>καὶ</strong></span> <span class='ocrx_word' id='word_1_427' title='bbox 2999 1924 3126 1976; x_wconf 80' lang='grc' dir='ltr'><strong>ὅσον</strong></span> <span class='ocrx_word' id='word_1_428' title='bbox 3157 1922 3216 1975; x_wconf 74' lang='grc' dir='ltr'><strong>δὲ</strong></span> <span class='ocrx_word' id='word_1_429' title='bbox 3266 1919 3478 1981; x_wconf 73' lang='grc' dir='ltr'><strong>λαῖκδν,</strong></span> <span class='ocrx_word' id='word_1_430' title='bbox 3532 1917 3584 1971; x_wconf 80' lang='grc' dir='ltr'><strong>οἳ</strong></span> <span class='ocrx_word' id='word_1_431' title='bbox 3621 1915 3716 1970; x_wconf 88' lang='grc' dir='ltr'><strong>τοῦ</strong></span> 
     </span>
    </p>
   </div>
   <div class='ocr_carea' id='block_1_62' title="bbox 2153 2012 3716 2093">
    <p class='ocr_par' dir='ltr' id='par_1_62' title="bbox 2153 2012 3716 2093">
     <span class='ocr_line' id='line_1_62' title="bbox 2153 2012 3716 2093; baseline -0.007 -17"><span class='ocrx_word' id='word_1_432' title='bbox 2153 2023 2420 2093; x_wconf 88' lang='grc' dir='ltr'><strong>στόματος</strong></span> <span class='ocrx_word' id='word_1_433' title='bbox 2436 2021 2675 2090; x_wconf 79' lang='grc' dir='ltr'><strong>πλήρους</strong></span> <span class='ocrx_word' id='word_1_434' title='bbox 2701 2018 2852 2081; x_wconf 77' lang='grc' dir='ltr'><strong>ὄντος</strong></span> <span class='ocrx_word' id='word_1_435' title='bbox 2870 2015 2964 2070; x_wconf 91' lang='grc' dir='ltr'><strong>τοῦ</strong></span> <span class='ocrx_word' id='word_1_436' title='bbox 2993 2035 3011 2068; x_wconf 79' lang='grc' dir='ltr'><strong>ι</strong></span> <span class='ocrx_word' id='word_1_437' title='bbox 3045 2014 3240 2084; x_wconf 82' lang='grc' dir='ltr'><strong>Κύριε,</strong></span> <span class='ocrx_word' id='word_1_438' title='bbox 3266 2013 3486 2079; x_wconf 89' lang='grc' dir='ltr'><strong>ἐλέησον</strong></span> <span class='ocrx_word' id='word_1_439' title='bbox 3521 2030 3540 2064; x_wconf 72' lang='grc' dir='ltr'><strong>ι</strong></span> <span class='ocrx_word' id='word_1_440' title='bbox 3571 2012 3716 2078; x_wconf 78' lang='grc' dir='ltr'><strong>ἀπηο</strong></span> 
     </span>
    </p>
   </div>
   <div class='ocr_carea' id='block_1_63' title="bbox 2153 2101 3721 2188">
    <p class='ocr_par' dir='ltr' id='par_1_63' title="bbox 2153 2101 3721 2188">
     <span class='ocr_line' id='line_1_63' title="bbox 2153 2101 3721 2188; baseline -0.009 -19"><span class='ocrx_word' id='word_1_441' title='bbox 2153 2115 2426 2188; x_wconf 88' lang='grc' dir='ltr'><strong>ράσσαντο</strong></span> <span class='ocrx_word' id='word_1_442' title='bbox 2485 2111 2586 2176; x_wconf 83' lang='grc' dir='ltr'><strong>τὰς</strong></span> <span class='ocrx_word' id='word_1_443' title='bbox 2643 2109 2912 2180; x_wconf 80' lang='grc' dir='ltr'><strong>κεφαλὰς,</strong></span> <span class='ocrx_word' id='word_1_444' title='bbox 2968 2105 3486 2177; x_wconf 85' lang='grc' dir='ltr'><strong>ἐπανακρινὸμενοι,</strong></span> <span class='ocrx_word' id='word_1_445' title='bbox 3548 2104 3602 2157; x_wconf 85' lang='grc' dir='ltr'><strong>τί</strong></span> <span class='ocrx_word' id='word_1_446' title='bbox 3658 2101 3721 2156; x_wconf 80' lang='grc' dir='ltr'><strong>τδ</strong></span> 
     </span>
    </p>
   </div>
   <div class='ocr_carea' id='block_1_64' title="bbox 2158 2195 3723 2275">
    <p class='ocr_par' dir='ltr' id='par_1_64' title="bbox 2158 2195 3723 2275">
     <span class='ocr_line' id='line_1_64' title="bbox 2158 2195 3723 2275; baseline -0.008 -15"><span class='ocrx_word' id='word_1_447' title='bbox 2158 2227 2178 2260; x_wconf 78' lang='grc' dir='ltr'><strong>ι</strong></span> <span class='ocrx_word' id='word_1_448' title='bbox 2201 2206 2395 2275; x_wconf 83' lang='grc' dir='ltr'><strong>Κύριε,</strong></span> <span class='ocrx_word' id='word_1_449' title='bbox 2427 2203 2668 2274; x_wconf 84' lang='grc' dir='ltr'><strong>ἐλέησον,</strong></span> <span class='ocrx_word' id='word_1_450' title='bbox 2702 2221 2720 2255; x_wconf 81' lang='grc' dir='ltr'><strong>ι</strong></span> <span class='ocrx_word' id='word_1_451' title='bbox 2757 2202 2854 2256; x_wconf 71' lang='grc' dir='ltr'><strong>καὶ</strong></span> <span class='ocrx_word' id='word_1_452' title='bbox 2881 2200 3185 2268; x_wconf 84' lang='grc' dir='ltr'><strong>γελώμενοι</strong></span> <span class='ocrx_word' id='word_1_453' title='bbox 3211 2214 3228 2231; x_wconf 91' lang='grc'><strong>·</strong></span> <span class='ocrx_word' id='word_1_454' title='bbox 3278 2197 3418 2252; x_wconf 78' lang='grc' dir='ltr'><strong>αἰδὲ</strong></span> <span class='ocrx_word' id='word_1_455' title='bbox 3462 2195 3606 2250; x_wconf 82' lang='grc' dir='ltr'><strong>κατά</strong></span> <span class='ocrx_word' id='word_1_456' title='bbox 3624 2195 3723 2248; x_wconf 82' lang='grc' dir='ltr'><strong>λα·</strong></span> 
     </span>
    </p>
   </div>
   <div class='ocr_carea' id='block_1_65' title="bbox 2150 2282 3726 2368">
    <p class='ocr_par' dir='ltr' id='par_1_65' title="bbox 2150 2282 3726 2368">
     <span class='ocr_line' id='line_1_65' title="bbox 2150 2282 3726 2368; baseline -0.008 -16"><span class='ocrx_word' id='word_1_457' title='bbox 2150 2299 2338 2366; x_wconf 82' lang='grc' dir='ltr'><strong>γνείαν</strong></span> <span class='ocrx_word' id='word_1_458' title='bbox 2360 2295 2676 2368; x_wconf 89' lang='grc' dir='ltr'><strong>χρανθεῖσαι</strong></span> <span class='ocrx_word' id='word_1_459' title='bbox 2696 2295 2893 2361; x_wconf 69' lang='grc' dir='ltr'><strong>σεμναὶ</strong></span> <span class='ocrx_word' id='word_1_460' title='bbox 2908 2292 3168 2360; x_wconf 83' lang='grc' dir='ltr'><strong>γυναῖκες</strong></span> <span class='ocrx_word' id='word_1_461' title='bbox 3188 2289 3248 2341; x_wconf 88' lang='grc' dir='ltr'><strong>ἐν</strong></span> <span class='ocrx_word' id='word_1_462' title='bbox 3268 2289 3381 2350; x_wconf 74' lang='grc' dir='ltr'><strong>τοῖς</strong></span> <span class='ocrx_word' id='word_1_463' title='bbox 3413 2287 3459 2340; x_wconf 87' lang='grc' dir='ltr'><strong>ίε</strong></span> <span class='ocrx_word' id='word_1_464' title='bbox 3469 2287 3600 2357; x_wconf 82' lang='grc' dir='ltr'><strong>ροίς,</strong></span> <span class='ocrx_word' id='word_1_465' title='bbox 3627 2282 3726 2340; x_wconf 78' lang='grc' dir='ltr'><strong>καὶ</strong></span> 
     </span>
    </p>
   </div>
   <div class='ocr_carea' id='block_1_66' title="bbox 2151 2374 3725 2455">
    <p class='ocr_par' dir='ltr' id='par_1_66' title="bbox 2151 2374 3725 2455">
     <span class='ocr_line' id='line_1_66' title="bbox 2151 2374 3725 2455; baseline -0.011 -11"><span class='ocrx_word' id='word_1_466' title='bbox 2151 2390 2231 2453; x_wconf 87' lang='grc' dir='ltr'><strong>είς</strong></span> <span class='ocrx_word' id='word_1_467' title='bbox 2257 2387 2480 2455; x_wconf 85' lang='grc' dir='ltr'><strong>ἁγνείαν</strong></span> <span class='ocrx_word' id='word_1_468' title='bbox 2509 2384 2957 2455; x_wconf 84' lang='grc' dir='ltr'><strong>ἐπηρεασθεῖσαι,</strong></span> <span class='ocrx_word' id='word_1_469' title='bbox 2997 2379 3105 2434; x_wconf 86' lang='grc' dir='ltr'><strong>ίδού</strong></span> <span class='ocrx_word' id='word_1_470' title='bbox 3139 2379 3269 2444; x_wconf 81' lang='grc' dir='ltr'><strong>εἱσι,</strong></span> <span class='ocrx_word' id='word_1_471' title='bbox 3298 2381 3395 2433; x_wconf 68' lang='grc' dir='ltr'><strong>καὶ</strong></span> <span class='ocrx_word' id='word_1_472' title='bbox 3423 2374 3725 2447; x_wconf 75' lang='grc' dir='ltr'><strong>πρεσϐευέ-</strong></span> 
     </span>
    </p>
   </div>
   <div class='ocr_carea' id='block_1_67' title="bbox 2150 2466 3722 2539">
    <p class='ocr_par' dir='ltr' id='par_1_67' title="bbox 2150 2466 3722 2539">
     <span class='ocr_line' id='line_1_67' title="bbox 2150 2466 3722 2539; baseline -0.01 -4"><span class='ocrx_word' id='word_1_473' title='bbox 2150 2497 2334 2535; x_wconf 89' lang='grc' dir='ltr'><strong>τωσαν</strong></span> <span class='ocrx_word' id='word_1_474' title='bbox 2365 2477 2509 2532; x_wconf 89' lang='grc' dir='ltr'><strong>κατά</strong></span> <span class='ocrx_word' id='word_1_475' title='bbox 2555 2476 2665 2529; x_wconf 83' lang='grc' dir='ltr'><strong>τῶν</strong></span> <span class='ocrx_word' id='word_1_476' title='bbox 2697 2473 2909 2537; x_wconf 80' lang='grc' dir='ltr'><strong>αἰτίων,</strong></span> <span class='ocrx_word' id='word_1_477' title='bbox 2968 2473 3024 2525; x_wconf 87' lang='grc' dir='ltr'><strong>αἱ</strong></span> <span class='ocrx_word' id='word_1_478' title='bbox 3061 2470 3167 2524; x_wconf 76' lang='grc' dir='ltr'><strong>ὑπὸ</strong></span> <span class='ocrx_word' id='word_1_479' title='bbox 3200 2469 3380 2539; x_wconf 84' lang='grc' dir='ltr'><strong>γάμου</strong></span> <span class='ocrx_word' id='word_1_480' title='bbox 3437 2467 3624 2536; x_wconf 74' lang='grc' dir='ltr'><strong>ζυγὸν,</strong></span> <span class='ocrx_word' id='word_1_481' title='bbox 3659 2466 3722 2520; x_wconf 77' lang='grc' dir='ltr'><strong>αἱ</strong></span> 
     </span>
    </p>
   </div>
   <div class='ocr_carea' id='block_1_68' title="bbox 2149 2560 3720 2642">
    <p class='ocr_par' dir='ltr' id='par_1_68' title="bbox 2149 2560 3720 2642">
     <span class='ocr_line' id='line_1_68' title="bbox 2149 2560 3720 2642; baseline -0.011 -13"><span class='ocrx_word' id='word_1_482' title='bbox 2149 2575 2239 2630; x_wconf 84' lang='grc' dir='ltr'><strong>διὰ</strong></span> <span class='ocrx_word' id='word_1_483' title='bbox 2273 2571 2575 2642; x_wconf 86' lang='grc' dir='ltr'><strong>παρθενίαν</strong></span> <span class='ocrx_word' id='word_1_484' title='bbox 2602 2569 2804 2634; x_wconf 79' lang='grc' dir='ltr'><strong>ἀνετοι,</strong></span> <span class='ocrx_word' id='word_1_485' title='bbox 2836 2567 2894 2620; x_wconf 80' lang='lat' dir='ltr'><strong>al.</strong></span> <span class='ocrx_word' id='word_1_486' title='bbox 2923 2567 3136 2636; x_wconf 83' lang='grc' dir='ltr'><strong>νύμφαι</strong></span> <span class='ocrx_word' id='word_1_487' title='bbox 3158 2561 3254 2618; x_wconf 89' lang='grc' dir='ltr'><strong>τοῦ</strong></span> <span class='ocrx_word' id='word_1_488' title='bbox 3283 2560 3444 2617; x_wconf 88' lang='grc' dir='ltr'><strong>Θεοῦ.</strong></span> <span class='ocrx_word' id='word_1_489' title='bbox 3479 2562 3586 2614; x_wconf 80' lang='grc' dir='ltr'><strong>Καὶ</strong></span> <span class='ocrx_word' id='word_1_490' title='bbox 3618 2561 3720 2632; x_wconf 80' lang='grc' dir='ltr'><strong>μιᾷ</strong></span> 
     </span>
    </p>
   </div>
   <div class='ocr_carea' id='block_1_69' title="bbox 2155 2653 3720 2739">
    <p class='ocr_par' dir='ltr' id='par_1_69' title="bbox 2155 2653 3720 2739">
     <span class='ocr_line' id='line_1_69' title="bbox 2155 2653 3720 2739; baseline -0.01 -18"><span class='ocrx_word' id='word_1_491' title='bbox 2155 2669 2254 2739; x_wconf 78' lang='grc' dir='ltr'><strong>μὲν</strong></span> <span class='ocrx_word' id='word_1_492' title='bbox 2277 2667 2372 2720; x_wconf 75' lang='grc' dir='ltr'><strong>ἕνα</strong></span> <span class='ocrx_word' id='word_1_493' title='bbox 2405 2664 2528 2719; x_wconf 77' lang='grc' dir='ltr'><strong>τινὰ</strong></span> <span class='ocrx_word' id='word_1_494' title='bbox 2558 2658 3002 2732; x_wconf 81' lang='grc' dir='ltr'><strong>συγχρωσθῆναι,</strong></span> <span class='ocrx_word' id='word_1_495' title='bbox 3037 2657 3121 2727; x_wconf 76' lang='grc' dir='ltr'><strong>εἴη</strong></span> <span class='ocrx_word' id='word_1_496' title='bbox 3145 2657 3211 2711; x_wconf 80' lang='grc' dir='ltr'><strong>ἀν</strong></span> <span class='ocrx_word' id='word_1_497' title='bbox 3243 2654 3394 2725; x_wconf 83' lang='grc' dir='ltr'><strong>μεῖόν</strong></span> <span class='ocrx_word' id='word_1_498' title='bbox 3424 2671 3476 2708; x_wconf 92' lang='grc' dir='ltr'><strong>τι</strong></span> <span class='ocrx_word' id='word_1_499' title='bbox 3505 2653 3678 2707; x_wconf 87' lang='grc' dir='ltr'><strong>κακόν</strong></span> <span class='ocrx_word' id='word_1_500' title='bbox 3703 2667 3720 2682; x_wconf 77' lang='grc' dir='ltr'><strong>ο</strong></span> 
     </span>
    </p>
   </div>
   <div class='ocr_carea' id='block_1_70' title="bbox 2153 2742 3715 2816">
    <p class='ocr_par' dir='ltr' id='par_1_70' title="bbox 2153 2742 3715 2816">
     <span class='ocr_line' id='line_1_70' title="bbox 2153 2742 3715 2816; baseline -0.015 -1"><span class='ocrx_word' id='word_1_501' title='bbox 2153 2761 2211 2814; x_wconf 77' lang='lat' dir='ltr'><strong>ai</strong></span> <span class='ocrx_word' id='word_1_502' title='bbox 2247 2759 2294 2814; x_wconf 83' lang='grc' dir='ltr'><strong>δ’</strong></span> <span class='ocrx_word' id='word_1_503' title='bbox 2323 2759 2384 2811; x_wconf 83' lang='grc' dir='ltr'><strong>ἐν</strong></span> <span class='ocrx_word' id='word_1_504' title='bbox 2407 2755 2673 2816; x_wconf 87' lang='grc' dir='ltr'><strong>τοιούτοις</strong></span> <span class='ocrx_word' id='word_1_505' title='bbox 2703 2751 2900 2814; x_wconf 68' lang='grc' dir='ltr'><strong>κοιναὶ,</strong></span> <span class='ocrx_word' id='word_1_506' title='bbox 2927 2748 3072 2803; x_wconf 86' lang='grc' dir='ltr'><strong>καθά</strong></span> <span class='ocrx_word' id='word_1_507' title='bbox 3101 2765 3188 2810; x_wconf 89' lang='grc' dir='ltr'><strong>τις</strong></span> <span class='ocrx_word' id='word_1_508' title='bbox 3205 2746 3271 2800; x_wconf 81' lang='grc' dir='ltr'><strong>ἀν</strong></span> <span class='ocrx_word' id='word_1_509' title='bbox 3300 2745 3466 2811; x_wconf 76' lang='grc' dir='ltr'><strong>εἴποι,</strong></span> <span class='ocrx_word' id='word_1_510' title='bbox 3499 2742 3715 2813; x_wconf 83' lang='grc' dir='ltr'><strong>ἀμίδες,</strong></span> 
     </span>
    </p>
   </div>
   <div class='ocr_carea' id='block_1_71' title="bbox 2151 2839 3180 2918">
    <p class='ocr_par' dir='ltr' id='par_1_71' title="bbox 2151 2839 3180 2918">
     <span class='ocr_line' id='line_1_71' title="bbox 2151 2839 3180 2918; baseline -0.012 -13"><span class='ocrx_word' id='word_1_511' title='bbox 2151 2851 2256 2906; x_wconf 77' lang='grc' dir='ltr'><strong>οὐκ</strong></span> <span class='ocrx_word' id='word_1_512' title='bbox 2287 2850 2354 2904; x_wconf 80' lang='grc' dir='ltr'><strong>ἂν</strong></span> <span class='ocrx_word' id='word_1_513' title='bbox 2382 2847 2597 2918; x_wconf 76' lang='grc' dir='ltr'><strong>εὕροιεν</strong></span> <span class='ocrx_word' id='word_1_514' title='bbox 2624 2843 2903 2912; x_wconf 79' lang='grc' dir='ltr'><strong>κλαυθμὸν</strong></span> <span class='ocrx_word' id='word_1_515' title='bbox 2932 2839 3180 2904; x_wconf 82' lang='grc' dir='ltr'><strong>ἐπάξιον.</strong></span> 
     </span>
    </p>
   </div>
   <div class='ocr_carea' id='block_1_72' title="bbox 2227 2925 3724 3013">
    <p class='ocr_par' dir='ltr' id='par_1_72' title="bbox 2227 2925 3724 3013">
     <span class='ocr_line' id='line_1_72' title="bbox 2227 2925 3724 3013; baseline -0.014 -16"><span class='ocrx_word' id='word_1_516' title='bbox 2227 2948 2295 3013; x_wconf 76' lang='grc' dir='ltr'><strong>ρ’.</strong></span> <span class='ocrx_word' id='word_1_517' title='bbox 2335 2941 2486 3010; x_wconf 83' lang='grc' dir='ltr'><strong>Ἐχω</strong></span> <span class='ocrx_word' id='word_1_518' title='bbox 2515 2936 2682 2993; x_wconf 85' lang='grc' dir='ltr'><strong>καλόν</strong></span> <span class='ocrx_word' id='word_1_519' title='bbox 2714 2953 2768 2990; x_wconf 89' lang='grc' dir='ltr'><strong>τι</strong></span> <span class='ocrx_word' id='word_1_520' title='bbox 2803 2931 3040 2988; x_wconf 87' lang='grc' dir='ltr'><strong>ἐνταῦθα</strong></span> <span class='ocrx_word' id='word_1_521' title='bbox 3067 2930 3175 2984; x_wconf 87' lang='grc' dir='ltr'><strong>τῶν</strong></span> <span class='ocrx_word' id='word_1_522' title='bbox 3203 2927 3498 2999; x_wconf 75' lang='grc' dir='ltr'><strong>βαρϐάρων</strong></span> <span class='ocrx_word' id='word_1_523' title='bbox 3524 2925 3724 2988; x_wconf 74' lang='grc' dir='ltr'><strong>εἰπεῖν,</strong></span> 
     </span>
    </p>
   </div>
   <div class='ocr_carea' id='block_1_73' title="bbox 2151 3018 3723 3103">
    <p class='ocr_par' dir='ltr' id='par_1_73' title="bbox 2151 3018 3723 3103">
     <span class='ocr_line' id='line_1_73' title="bbox 2151 3018 3723 3103; baseline -0.014 -14"><span class='ocrx_word' id='word_1_524' title='bbox 2151 3036 2236 3091; x_wconf 81' lang='grc' dir='ltr'><strong>ὅτι</strong></span> <span class='ocrx_word' id='word_1_525' title='bbox 2264 3031 2513 3103; x_wconf 82' lang='grc' dir='ltr'><strong>φονεύειν</strong></span> <span class='ocrx_word' id='word_1_526' title='bbox 2539 3029 2663 3092; x_wconf 80' lang='grc' dir='ltr'><strong>τοὺς</strong></span> <span class='ocrx_word' id='word_1_527' title='bbox 2694 3029 2752 3081; x_wconf 81' lang='grc' dir='ltr'><strong>ἐν</strong></span> <span class='ocrx_word' id='word_1_528' title='bbox 2789 3027 2903 3089; x_wconf 79' lang='grc' dir='ltr'><strong>τοῖς</strong></span> <span class='ocrx_word' id='word_1_529' title='bbox 2935 3023 3101 3094; x_wconf 83' lang='grc' dir='ltr'><strong>ίεροῖς</strong></span> <span class='ocrx_word' id='word_1_530' title='bbox 3133 3018 3521 3089; x_wconf 73' lang='grc' dir='ltr'><strong>ἐπιϐαλόμενοί</strong></span> <span class='ocrx_word' id='word_1_531' title='bbox 3550 3033 3723 3078; x_wconf 83' lang='grc' dir='ltr'><strong>τινες,</strong></span> 
     </span>
    </p>
   </div>
   <div class='ocr_carea' id='block_1_74' title="bbox 2154 3106 3726 3197">
    <p class='ocr_par' dir='ltr' id='par_1_74' title="bbox 2154 3106 3726 3197">
     <span class='ocr_line' id='line_1_74' title="bbox 2154 3106 3726 3197; baseline -0.014 -15"><span class='ocrx_word' id='word_1_532' title='bbox 2154 3127 2429 3197; x_wconf 82' lang='grc' dir='ltr'><strong>ἀπέσυρον</strong></span> <span class='ocrx_word' id='word_1_533' title='bbox 2451 3123 2650 3186; x_wconf 77' lang='grc' dir='ltr'><strong>αὐτοὺς</strong></span> <span class='ocrx_word' id='word_1_534' title='bbox 2679 3119 2786 3186; x_wconf 77' lang='grc' dir='ltr'><strong>ἔξω</strong></span> <span class='ocrx_word' id='word_1_535' title='bbox 2812 3118 2941 3187; x_wconf 89' lang='grc' dir='ltr'><strong>γοῦν</strong></span> <span class='ocrx_word' id='word_1_536' title='bbox 2975 3155 2992 3182; x_wconf 90' lang='grc'><strong>,</strong></span> <span class='ocrx_word' id='word_1_537' title='bbox 3027 3115 3123 3170; x_wconf 75' lang='grc' dir='ltr'><strong>καὶ</strong></span> <span class='ocrx_word' id='word_1_538' title='bbox 3147 3111 3290 3169; x_wconf 74' lang='grc' dir='ltr'><strong>οὕτω</strong></span> <span class='ocrx_word' id='word_1_539' title='bbox 3319 3109 3617 3182; x_wconf 74' lang='grc' dir='ltr'><strong>καθῄρουν,</strong></span> <span class='ocrx_word' id='word_1_540' title='bbox 3644 3106 3726 3179; x_wconf 83' lang='grc' dir='ltr'><strong>τῷ</strong></span> 
     </span>
    </p>
   </div>
   <div class='ocr_carea' id='block_1_75' title="bbox 2157 3210 2991 3290">
    <p class='ocr_par' dir='ltr' id='par_1_75' title="bbox 2157 3210 2991 3290">
     <span class='ocr_line' id='line_1_75' title="bbox 2157 3210 2991 3290; baseline -0.028 -4"><span class='ocrx_word' id='word_1_541' title='bbox 2157 3221 2258 3290; x_wconf 64' lang='grc' dir='ltr'><strong>(ἦν</strong></span> <span class='ocrx_word' id='word_1_542' title='bbox 2295 3214 2676 3287; x_wconf 76' lang='grc' dir='ltr'><strong>μετριάζοντες</strong></span> <span class='ocrx_word' id='word_1_543' title='bbox 2702 3212 2765 3266; x_wconf 81' lang='grc' dir='ltr'><strong>τὺ</strong></span> <span class='ocrx_word' id='word_1_544' title='bbox 2801 3210 2991 3267; x_wconf 81' lang='grc' dir='ltr'><strong>κακόν.</strong></span> 
     </span>
    </p>
   </div>
   <div class='ocr_carea' id='block_1_76' title="bbox 2231 3295 3726 3382">
    <p class='ocr_par' dir='ltr' id='par_1_76' title="bbox 2231 3295 3726 3382">
     <span class='ocr_line' id='line_1_76' title="bbox 2231 3295 3726 3382; baseline -0.01 -18"><span class='ocrx_word' id='word_1_545' title='bbox 2231 3308 2335 3382; x_wconf 86' lang='grc' dir='ltr'><strong>ρα’.</strong></span> <span class='ocrx_word' id='word_1_546' title='bbox 2372 3309 2436 3363; x_wconf 84' lang='lat' dir='ltr'><strong>Ol.</strong></span> <span class='ocrx_word' id='word_1_547' title='bbox 2467 3307 2524 3361; x_wconf 85' lang='grc' dir='ltr'><strong>δέ</strong></span> <span class='ocrx_word' id='word_1_548' title='bbox 2562 3307 2676 3370; x_wconf 77' lang='grc' dir='ltr'><strong>τοῖς</strong></span> <span class='ocrx_word' id='word_1_549' title='bbox 2705 3305 2876 3369; x_wconf 87' lang='grc' dir='ltr'><strong>θείοις</strong></span> <span class='ocrx_word' id='word_1_550' title='bbox 2905 3301 3308 3374; x_wconf 76' lang='grc' dir='ltr'><strong>ἐνυϐρίζοντες,</strong></span> <span class='ocrx_word' id='word_1_551' title='bbox 3343 3299 3440 3354; x_wconf 78' lang='grc' dir='ltr'><strong>καὶ</strong></span> <span class='ocrx_word' id='word_1_552' title='bbox 3486 3297 3560 3352; x_wconf 82' lang='grc' dir='ltr'><strong>τά</strong></span> <span class='ocrx_word' id='word_1_553' title='bbox 3625 3295 3726 3367; x_wconf 74' lang='grc' dir='ltr'><strong>μὶν</strong></span> 
     </span>
    </p>
   </div>
   <div class='ocr_carea' id='block_1_77' title="bbox 2155 3387 3726 3466">
    <p class='ocr_par' dir='ltr' id='par_1_77' title="bbox 2155 3387 3726 3466">
     <span class='ocr_line' id='line_1_77' title="bbox 2155 3387 3726 3466; baseline -0.011 -10"><span class='ocrx_word' id='word_1_554' title='bbox 2155 3401 2266 3456; x_wconf 81' lang='grc' dir='ltr'><strong>τῶν</strong></span> <span class='ocrx_word' id='word_1_555' title='bbox 2330 3397 2644 3466; x_wconf 73' lang='grc' dir='ltr'><strong>σεϐασμίων</strong></span> <span class='ocrx_word' id='word_1_556' title='bbox 2701 3393 3050 3463; x_wconf 88' lang='grc' dir='ltr'><strong>τυπωμάτων</strong></span> <span class='ocrx_word' id='word_1_557' title='bbox 3100 3388 3546 3460; x_wconf 79' lang='grc' dir='ltr'><strong>κατασχίζοντες,</strong></span> <span class='ocrx_word' id='word_1_558' title='bbox 3622 3387 3726 3440; x_wconf 84' lang='grc' dir='ltr'><strong>ὅσα</strong></span> 
     </span>
    </p>
   </div>
   <div class='ocr_carea' id='block_1_78' title="bbox 2161 3477 3728 3565">
    <p class='ocr_par' dir='ltr' id='par_1_78' title="bbox 2161 3477 3728 3565">
     <span class='ocr_line' id='line_1_78' title="bbox 2161 3477 3728 3565; baseline -0.011 -19"><span class='ocrx_word' id='word_1_559' title='bbox 2161 3493 2328 3565; x_wconf 83' lang='grc' dir='ltr'><strong>μηδέν</strong></span> <span class='ocrx_word' id='word_1_560' title='bbox 2363 3508 2416 3545; x_wconf 87' lang='grc' dir='ltr'><strong>τι</strong></span> <span class='ocrx_word' id='word_1_561' title='bbox 2445 3487 2724 3559; x_wconf 79' lang='grc' dir='ltr'><strong>γλαφυρὸν</strong></span> <span class='ocrx_word' id='word_1_562' title='bbox 2756 3487 2821 3540; x_wconf 85' lang='grc' dir='ltr'><strong>ἐκ</strong></span> <span class='ocrx_word' id='word_1_563' title='bbox 2846 3483 3032 3556; x_wconf 86' lang='grc' dir='ltr'><strong>τιμίας</strong></span> <span class='ocrx_word' id='word_1_564' title='bbox 3058 3483 3190 3554; x_wconf 85' lang='grc' dir='ltr'><strong>ῦλης</strong></span> <span class='ocrx_word' id='word_1_565' title='bbox 3223 3479 3390 3551; x_wconf 72' lang='grc' dir='ltr'><strong>εἶχον,</strong></span> <span class='ocrx_word' id='word_1_566' title='bbox 3432 3479 3503 3532; x_wconf 92' lang='grc' dir='ltr'><strong>τά</strong></span> <span class='ocrx_word' id='word_1_567' title='bbox 3546 3478 3604 3532; x_wconf 88' lang='grc' dir='ltr'><strong>δέ</strong></span> <span class='ocrx_word' id='word_1_568' title='bbox 3632 3477 3728 3565; x_wconf 76' lang='grc' dir='ltr'><strong>ψι-</strong></span> 
     </span>
    </p>
   </div>
   <div class='ocr_carea' id='block_1_79' title="bbox 2157 3564 3728 3646">
    <p class='ocr_par' dir='ltr' id='par_1_79' title="bbox 2157 3564 3728 3646">
     <span class='ocr_line' id='line_1_79' title="bbox 2157 3564 3728 3646; baseline -0.012 -9"><span class='ocrx_word' id='word_1_569' title='bbox 2157 3564 2380 3646; x_wconf 87' lang='grc' dir='ltr'><strong>λοῦντες</strong></span> <span class='ocrx_word' id='word_1_570' title='bbox 2414 3579 2510 3633; x_wconf 90' lang='grc' dir='ltr'><strong>τοῦ</strong></span> <span class='ocrx_word' id='word_1_571' title='bbox 2545 3579 2667 3632; x_wconf 84' lang='grc' dir='ltr'><strong>κατ’</strong></span> <span class='ocrx_word' id='word_1_572' title='bbox 2695 3575 2836 3631; x_wconf 83' lang='grc' dir='ltr'><strong>αύτά</strong></span> <span class='ocrx_word' id='word_1_573' title='bbox 2868 3575 3074 3644; x_wconf 80' lang='grc' dir='ltr'><strong>κόσμου</strong></span> <span class='ocrx_word' id='word_1_574' title='bbox 3125 3571 3262 3643; x_wconf 88' lang='grc' dir='ltr'><strong>μετά</strong></span> <span class='ocrx_word' id='word_1_575' title='bbox 3295 3569 3540 3639; x_wconf 82' lang='grc' dir='ltr'><strong>πληγῶν,</strong></span> <span class='ocrx_word' id='word_1_576' title='bbox 3597 3564 3728 3619; x_wconf 76' lang='grc' dir='ltr'><strong>οὔτε</strong></span> 
     </span>
    </p>
   </div>
   <div class='ocr_carea' id='block_1_80' title="bbox 2159 3659 3733 3744">
    <p class='ocr_par' dir='ltr' id='par_1_80' title="bbox 2159 3659 3733 3744">
     <span class='ocr_line' id='line_1_80' title="bbox 2159 3659 3733 3744; baseline -0.013 -14"><span class='ocrx_word' id='word_1_577' title='bbox 2159 3675 2332 3730; x_wconf 89' lang='grc' dir='ltr'><strong>ταῦτα</strong></span> <span class='ocrx_word' id='word_1_578' title='bbox 2354 3673 2487 3744; x_wconf 81' lang='grc' dir='ltr'><strong>δρᾷν</strong></span> <span class='ocrx_word' id='word_1_579' title='bbox 2509 3668 2924 3740; x_wconf 87' lang='grc' dir='ltr'><strong>διεγνωσμένοι,</strong></span> <span class='ocrx_word' id='word_1_580' title='bbox 2957 3665 3200 3736; x_wconf 77' lang='grc' dir='ltr'><strong>ἐχώρουν</strong></span> <span class='ocrx_word' id='word_1_581' title='bbox 3223 3663 3303 3726; x_wconf 88' lang='grc' dir='ltr'><strong>είς</strong></span> <span class='ocrx_word' id='word_1_582' title='bbox 3323 3661 3570 3731; x_wconf 74' lang='grc' dir='ltr'><strong>εὔφημον</strong></span> <span class='ocrx_word' id='word_1_583' title='bbox 3593 3659 3733 3729; x_wconf 73' lang='grc' dir='ltr'><strong>ἡμε-</strong></span> 
     </span>
    </p>
   </div>
   <div class='ocr_carea' id='block_1_81' title="bbox 2157 3753 3728 3841">
    <p class='ocr_par' dir='ltr' id='par_1_81' title="bbox 2157 3753 3728 3841">
     <span class='ocr_line' id='line_1_81' title="bbox 2157 3753 3728 3841; baseline -0.014 -17"><span class='ocrx_word' id='word_1_584' title='bbox 2157 3769 2328 3841; x_wconf 86' lang='grc' dir='ltr'><strong>τέραν</strong></span> <span class='ocrx_word' id='word_1_585' title='bbox 2364 3765 2588 3837; x_wconf 81' lang='grc' dir='ltr'><strong>μνήμην</strong></span> <span class='ocrx_word' id='word_1_586' title='bbox 2611 3779 2627 3797; x_wconf 77' lang='grc' dir='ltr'><strong>ο</strong></span> <span class='ocrx_word' id='word_1_587' title='bbox 2671 3759 2767 3817; x_wconf 81' lang='grc' dir='ltr'><strong>καὶ</strong></span> <span class='ocrx_word' id='word_1_588' title='bbox 2795 3760 2891 3814; x_wconf 90' lang='grc' dir='ltr'><strong>νῦν</strong></span> <span class='ocrx_word' id='word_1_589' title='bbox 2944 3759 3002 3813; x_wconf 78' lang='grc' dir='ltr'><strong>δέ</strong></span> <span class='ocrx_word' id='word_1_590' title='bbox 3032 3758 3112 3819; x_wconf 86' lang='grc' dir='ltr'><strong>είς</strong></span> <span class='ocrx_word' id='word_1_591' title='bbox 3140 3755 3266 3810; x_wconf 83' lang='grc' dir='ltr'><strong>νοῦν</strong></span> <span class='ocrx_word' id='word_1_592' title='bbox 3313 3754 3561 3815; x_wconf 83' lang='grc' dir='ltr'><strong>ἐλθόντες</strong></span> <span class='ocrx_word' id='word_1_593' title='bbox 3593 3753 3728 3822; x_wconf 76' lang='grc' dir='ltr'><strong>ἡμῖν</strong></span> 
     </span>
    </p>
   </div>
   <div class='ocr_carea' id='block_1_82' title="bbox 2160 3844 3731 3922">
    <p class='ocr_par' dir='ltr' id='par_1_82' title="bbox 2160 3844 3731 3922">
     <span class='ocr_line' id='line_1_82' title="bbox 2160 3844 3731 3922; baseline -0.015 -5"><span class='ocrx_word' id='word_1_594' title='bbox 2160 3858 2557 3917; x_wconf 89' lang='grc' dir='ltr'><strong>ἀποπτύονται.</strong></span> <span class='ocrx_word' id='word_1_595' title='bbox 2587 3855 2700 3910; x_wconf 83' lang='lat' dir='ltr'><strong>Kal.</strong></span> <span class='ocrx_word' id='word_1_596' title='bbox 2731 3852 2850 3916; x_wconf 87' lang='grc' dir='ltr'><strong>πῶς</strong></span> <span class='ocrx_word' id='word_1_597' title='bbox 2874 3851 2984 3922; x_wconf 86' lang='grc' dir='ltr'><strong>γὰρ</strong></span> <span class='ocrx_word' id='word_1_598' title='bbox 3024 3850 3091 3904; x_wconf 81' lang='grc' dir='ltr'><strong>ἀν</strong></span> <span class='ocrx_word' id='word_1_599' title='bbox 3121 3865 3206 3910; x_wconf 86' lang='grc' dir='ltr'><strong>τις</strong></span> <span class='ocrx_word' id='word_1_600' title='bbox 3255 3845 3596 3916; x_wconf 82' lang='grc' dir='ltr'><strong>γυμνοῦσθαι</strong></span> <span class='ocrx_word' id='word_1_601' title='bbox 3634 3844 3731 3896; x_wconf 87' lang='grc' dir='ltr'><strong>ἀν-</strong></span> 
     </span>
    </p>
   </div>
   <div class='ocr_carea' id='block_1_83' title="bbox 2159 3935 3730 4024">
    <p class='ocr_par' dir='ltr' id='par_1_83' title="bbox 2159 3935 3730 4024">
     <span class='ocr_line' id='line_1_83' title="bbox 2159 3935 3730 4024; baseline -0.015 -16"><span class='ocrx_word' id='word_1_602' title='bbox 2159 3951 2413 4024; x_wconf 83' lang='grc' dir='ltr'><strong>θρώπους</strong></span> <span class='ocrx_word' id='word_1_603' title='bbox 2473 3947 2562 4001; x_wconf 79' lang='grc' dir='ltr'><strong>ἐπ’</strong></span> <span class='ocrx_word' id='word_1_604' title='bbox 2622 3941 2925 4014; x_wconf 84' lang='grc' dir='ltr'><strong>ἐκκλησίας</strong></span> <span class='ocrx_word' id='word_1_605' title='bbox 2988 3939 3176 4011; x_wconf 88' lang='grc' dir='ltr'><strong>μαθὼν</strong></span> <span class='ocrx_word' id='word_1_606' title='bbox 3237 3940 3331 3993; x_wconf 79' lang='grc' dir='ltr'><strong>καὶ</strong></span> <span class='ocrx_word' id='word_1_607' title='bbox 3408 3935 3730 4006; x_wconf 83' lang='grc' dir='ltr'><strong>ἀχθόμενος,</strong></span> 
     </span>
    </p>
   </div>
   <div class='ocr_carea' id='block_1_84' title="bbox 2158 4025 3733 4114">
    <p class='ocr_par' dir='ltr' id='par_1_84' title="bbox 2158 4025 3733 4114">
     <span class='ocr_line' id='line_1_84' title="bbox 2158 4025 3733 4114; baseline -0.015 -14"><span class='ocrx_word' id='word_1_608' title='bbox 2158 4042 2438 4114; x_wconf 80' lang='grc' dir='ltr'><strong>ἀνάσχοιτ’</strong></span> <span class='ocrx_word' id='word_1_609' title='bbox 2504 4038 2572 4092; x_wconf 84' lang='grc' dir='ltr'><strong>ἂν</strong></span> <span class='ocrx_word' id='word_1_610' title='bbox 2613 4037 2690 4108; x_wconf 84' lang='grc' dir='ltr'><strong>μὴ</strong></span> <span class='ocrx_word' id='word_1_611' title='bbox 2728 4034 2788 4089; x_wconf 87' lang='grc' dir='ltr'><strong>οῦ</strong></span> <span class='ocrx_word' id='word_1_612' title='bbox 2841 4031 2985 4105; x_wconf 83' lang='grc' dir='ltr'><strong>χόλῳ</strong></span> <span class='ocrx_word' id='word_1_613' title='bbox 3018 4029 3408 4102; x_wconf 77' lang='grc' dir='ltr'><strong>διαρραγῆναι,</strong></span> <span class='ocrx_word' id='word_1_614' title='bbox 3448 4025 3733 4096; x_wconf 88' lang='grc' dir='ltr'><strong>γύμνωσιν</strong></span> 
     </span>
    </p>
   </div>
   <div class='ocr_carea' id='block_1_85' title="bbox 2159 4115 3733 4203">
    <p class='ocr_par' dir='ltr' id='par_1_85' title="bbox 2159 4115 3733 4203">
     <span class='ocr_line' id='line_1_85' title="bbox 2159 4115 3733 4203; baseline -0.013 -16"><span class='ocrx_word' id='word_1_615' title='bbox 2159 4131 2462 4203; x_wconf 85' lang='grc' dir='ltr'><strong>κειμηλίων</strong></span> <span class='ocrx_word' id='word_1_616' title='bbox 2481 4127 2640 4183; x_wconf 88' lang='grc' dir='ltr'><strong>θείων</strong></span> <span class='ocrx_word' id='word_1_617' title='bbox 2669 4124 2962 4195; x_wconf 86' lang='grc' dir='ltr'><strong>ἐγνωκὼς;</strong></span> <span class='ocrx_word' id='word_1_618' title='bbox 2998 4123 3062 4176; x_wconf 81' lang='grc' dir='ltr'><strong><em>Ὦ</em></strong></span> <span class='ocrx_word' id='word_1_619' title='bbox 3090 4119 3223 4174; x_wconf 83' lang='grc' dir='ltr'><strong>Θεοῦ</strong></span> <span class='ocrx_word' id='word_1_620' title='bbox 3260 4116 3612 4186; x_wconf 81' lang='grc' dir='ltr'><strong>ἀνεξικακίας</strong></span> <span class='ocrx_word' id='word_1_621' title='bbox 3643 4116 3656 4168; x_wconf 90' lang='lat' dir='ltr'><strong>l</strong></span> <span class='ocrx_word' id='word_1_622' title='bbox 3683 4115 3733 4167; x_wconf 85' lang='grc' dir='ltr'><strong>εί</strong></span> 
     </span>
    </p>
   </div>
   <div class='ocr_carea' id='block_1_86' title="bbox 2128 4207 3734 4301">
    <p class='ocr_par' dir='ltr' id='par_1_86' title="bbox 2128 4207 3734 4301">
     <span class='ocr_line' id='line_1_86' title="bbox 2128 4207 3734 4301; baseline -0.032 -4"><span class='ocrx_word' id='word_1_623' title='bbox 2128 4290 2137 4301; x_wconf 77' lang='grc'><strong>,,</strong></span> <span class='ocrx_word' id='word_1_624' title='bbox 2162 4221 2441 4294; x_wconf 81' lang='grc' dir='ltr'><strong>βάρδαρον</strong></span> <span class='ocrx_word' id='word_1_625' title='bbox 2477 4217 2652 4287; x_wconf 75' lang='grc' dir='ltr'><strong>ἄνδρα</strong></span> <span class='ocrx_word' id='word_1_626' title='bbox 2677 4214 2822 4268; x_wconf 70' lang='grc' dir='ltr'><strong>κατὰ</strong></span> <span class='ocrx_word' id='word_1_627' title='bbox 2846 4215 2949 4282; x_wconf 82' lang='grc' dir='ltr'><strong>τῆς</strong></span> <span class='ocrx_word' id='word_1_628' title='bbox 3003 4209 3157 4282; x_wconf 78' lang='grc' dir='ltr'><strong>ἱερᾶς</strong></span> <span class='ocrx_word' id='word_1_629' title='bbox 3189 4207 3282 4262; x_wconf 79' lang='grc' dir='ltr'><strong>καὶ</strong></span> <span class='ocrx_word' id='word_1_630' title='bbox 3315 4207 3551 4276; x_wconf 79' lang='grc' dir='ltr'><strong>φρικτῆς</strong></span> <span class='ocrx_word' id='word_1_631' title='bbox 3595 4219 3734 4274; x_wconf 81' lang='grc' dir='ltr'><strong>τρα-</strong></span> 
     </span>
    </p>
   </div>
   <div class='ocr_carea' id='block_1_87' title="bbox 2159 4294 3731 4386">
    <p class='ocr_par' dir='ltr' id='par_1_87' title="bbox 2159 4294 3731 4386">
     <span class='ocr_line' id='line_1_87' title="bbox 2159 4294 3731 4386; baseline -0.015 -14"><span class='ocrx_word' id='word_1_632' title='bbox 2159 4316 2336 4386; x_wconf 79' lang='grc' dir='ltr'><strong>πέζης</strong></span> <span class='ocrx_word' id='word_1_633' title='bbox 2383 4311 2832 4383; x_wconf 81' lang='grc' dir='ltr'><strong>ἀναπηδήσαντα,</strong></span> <span class='ocrx_word' id='word_1_634' title='bbox 2875 4307 2968 4359; x_wconf 83' lang='grc' dir='ltr'><strong>καὶ</strong></span> <span class='ocrx_word' id='word_1_635' title='bbox 3014 4302 3398 4370; x_wconf 82' lang='grc' dir='ltr'><strong>ἐκκαλύψαντα</strong></span> <span class='ocrx_word' id='word_1_636' title='bbox 3436 4298 3535 4370; x_wconf 78' lang='grc' dir='ltr'><strong>τὴν</strong></span> <span class='ocrx_word' id='word_1_637' title='bbox 3570 4294 3731 4386; x_wconf 73' lang='grc' dir='ltr'><strong>αίδῲ,</strong></span> 
     </span>
    </p>
   </div>
   <div class='ocr_carea' id='block_1_88' title="bbox 2159 4385 3738 4477">
    <p class='ocr_par' dir='ltr' id='par_1_88' title="bbox 2159 4385 3738 4477">
     <span class='ocr_line' id='line_1_88' title="bbox 2159 4385 3738 4477; baseline -0.018 -13"><span class='ocrx_word' id='word_1_638' title='bbox 2159 4410 2258 4464; x_wconf 80' lang='grc' dir='ltr'><strong>καὶ</strong></span> <span class='ocrx_word' id='word_1_639' title='bbox 2303 4404 2631 4477; x_wconf 87' lang='grc' dir='ltr'><strong>ἐνουροῦντα</strong></span> <span class='ocrx_word' id='word_1_640' title='bbox 2662 4403 2744 4465; x_wconf 88' lang='grc' dir='ltr'><strong>είς</strong></span> <span class='ocrx_word' id='word_1_641' title='bbox 2794 4396 3144 4466; x_wconf 79' lang='grc' dir='ltr'><strong>ἀκοντισμὸν,</strong></span> <span class='ocrx_word' id='word_1_642' title='bbox 3177 4393 3358 4462; x_wconf 69' lang='grc' dir='ltr'><strong>ἀφῆκε</strong></span> <span class='ocrx_word' id='word_1_643' title='bbox 3387 4390 3510 4458; x_wconf 76' lang='grc' dir='ltr'>ζῇν,</span> <span class='ocrx_word' id='word_1_644' title='bbox 3545 4385 3738 4456; x_wconf 77' lang='grc' dir='ltr'><strong>ἀνεχόο</strong></span> 
     </span>
    </p>
   </div>
   <div class='ocr_carea' id='block_1_89' title="bbox 487 4480 2049 4584">
    <p class='ocr_par' dir='ltr' id='par_1_89' title="bbox 487 4485 2049 4550">
     <span class='ocr_line' id='line_1_89' title="bbox 487 4485 2049 4550; baseline -0.007 0"><span class='ocrx_word' id='word_1_645' title='bbox 487 4501 680 4550; x_wconf 87' lang='lat' dir='ltr'><strong>serunt</strong></span> <span class='ocrx_word' id='word_1_646' title='bbox 704 4493 871 4546; x_wconf 89' lang='lat' dir='ltr'><strong>vestri</strong></span> <span class='ocrx_word' id='word_1_647' title='bbox 907 4489 1236 4545; x_wconf 86' lang='lat' dir='ltr'><strong>violatores!</strong></span> <span class='ocrx_word' id='word_1_648' title='bbox 1279 4487 1350 4539; x_wconf 80' lang='lat' dir='ltr'><strong>At</strong></span> <span class='ocrx_word' id='word_1_649' title='bbox 1395 4487 1568 4541; x_wconf 86' lang='lat' dir='ltr'><strong>virtus</strong></span> <span class='ocrx_word' id='word_1_650' title='bbox 1616 4485 1800 4541; x_wconf 89' lang='lat' dir='ltr'><strong>divina</strong></span> <span class='ocrx_word' id='word_1_651' title='bbox 1829 4499 1940 4540; x_wconf 89' lang='lat' dir='ltr'><strong>non</strong></span> <span class='ocrx_word' id='word_1_652' title='bbox 1985 4499 2049 4540; x_wconf 90' lang='lat' dir='ltr'><strong>ea</strong></span> 
     </span>
    </p>
   </div>
   <div class='ocr_carea' id='block_1_90' title="bbox 2153 4480 3736 4584">
    <p class='ocr_par' dir='ltr' id='par_1_90' title="bbox 2165 4480 3736 4573">
     <span class='ocr_line' id='line_1_90' title="bbox 2165 4480 3736 4573; baseline -0.018 -18"><span class='ocrx_word' id='word_1_653' title='bbox 2165 4516 2350 4573; x_wconf 86' lang='grc' dir='ltr'><strong>μενος.</strong></span> <span class='ocrx_word' id='word_1_654' title='bbox 2377 4494 2452 4550; x_wconf 82' lang='grc' dir='ltr'><strong><em>Ὦ</em></strong></span> <span class='ocrx_word' id='word_1_655' title='bbox 2477 4493 2703 4564; x_wconf 73' lang='grc' dir='ltr'><strong>σταυροὶ</strong></span> <span class='ocrx_word' id='word_1_656' title='bbox 2725 4491 2920 4561; x_wconf 87' lang='grc' dir='ltr'><strong>τίμιοι,</strong></span> <span class='ocrx_word' id='word_1_657' title='bbox 2948 4489 3009 4542; x_wconf 80' lang='grc' dir='ltr'><strong>τὸ</strong></span> <span class='ocrx_word' id='word_1_658' title='bbox 3033 4487 3308 4558; x_wconf 75' lang='grc' dir='ltr'><strong>ἡμέτερον</strong></span> <span class='ocrx_word' id='word_1_659' title='bbox 3338 4483 3560 4552; x_wconf 87' lang='grc' dir='ltr'><strong>κράτος,</strong></span> <span class='ocrx_word' id='word_1_660' title='bbox 3588 4480 3736 4540; x_wconf 85' lang='grc' dir='ltr'><strong>ὅσοις</strong></span> 
     </span>
    </p>
   </div>
   <div class='ocr_carea' id='block_1_91' title="bbox 483 4575 1578 4654">
    <p class='ocr_par' dir='ltr' id='par_1_91' title="bbox 483 4575 1578 4654">
     <span class='ocr_line' id='line_1_91' title="bbox 483 4575 1578 4654; baseline -0.009 -16"><span class='ocrx_word' id='word_1_661' title='bbox 483 4593 568 4640; x_wconf 88' lang='lat' dir='ltr'><strong>est</strong></span> <span class='ocrx_word' id='word_1_662' title='bbox 601 4598 724 4654; x_wconf 73' lang='lat' dir='ltr'><strong>qua:</strong></span> <span class='ocrx_word' id='word_1_663' title='bbox 746 4580 1044 4652; x_wconf 87' lang='lat' dir='ltr'><strong>aliquando</strong></span> <span class='ocrx_word' id='word_1_664' title='bbox 1079 4592 1187 4633; x_wconf 90' lang='lat' dir='ltr'><strong>non</strong></span> <span class='ocrx_word' id='word_1_665' title='bbox 1227 4575 1578 4645; x_wconf 69' lang='lat' dir='ltr'><strong>expergebat.</strong></span> 
     </span>
    </p>
   </div>
   <div class='ocr_carea' id='block_1_92' title="bbox 561 4753 2062 4829">
    <p class='ocr_par' dir='ltr' id='par_1_92' title="bbox 561 4753 2062 4829">
     <span class='ocr_line' id='line_1_92' title="bbox 561 4753 2062 4829; baseline -0.008 -9"><span class='ocrx_word' id='word_1_666' title='bbox 561 4765 685 4820; x_wconf 67' lang='lat' dir='ltr'><strong>lOQ.</strong></span> <span class='ocrx_word' id='word_1_667' title='bbox 731 4761 1020 4829; x_wconf 84' lang='lat' dir='ltr'><strong>Quomodo</strong></span> <span class='ocrx_word' id='word_1_668' title='bbox 1055 4759 1180 4829; x_wconf 89' lang='lat' dir='ltr'><strong>quis</strong></span> <span class='ocrx_word' id='word_1_669' title='bbox 1217 4756 1308 4812; x_wconf 83' lang='lat' dir='ltr'><strong>hic</strong></span> <span class='ocrx_word' id='word_1_670' title='bbox 1342 4762 1643 4826; x_wconf 81' lang='lat' dir='ltr'><strong>exponeret</strong></span> <span class='ocrx_word' id='word_1_671' title='bbox 1679 4753 1820 4808; x_wconf 90' lang='lat' dir='ltr'><strong>banc</strong></span> <span class='ocrx_word' id='word_1_672' title='bbox 1842 4766 2062 4824; x_wconf 90' lang='lat' dir='ltr'><strong>quoque</strong></span> 
     </span>
    </p>
   </div>
   <div class='ocr_carea' id='block_1_93' title="bbox 487 4847 2064 4924">
    <p class='ocr_par' dir='ltr' id='par_1_93' title="bbox 487 4847 2064 4924">
     <span class='ocr_line' id='line_1_93' title="bbox 487 4847 2064 4924; baseline -0.01 -8"><span class='ocrx_word' id='word_1_673' title='bbox 487 4859 822 4924; x_wconf 88' lang='lat' dir='ltr'><strong>socordiam,</strong></span> <span class='ocrx_word' id='word_1_674' title='bbox 865 4872 989 4912; x_wconf 90' lang='lat' dir='ltr'><strong>cum</strong></span> <span class='ocrx_word' id='word_1_675' title='bbox 1050 4851 1297 4909; x_wconf 76' lang='lat' dir='ltr'><strong>en‘reuati</strong></span> <span class='ocrx_word' id='word_1_676' title='bbox 1355 4851 1409 4905; x_wconf 89' lang='lat' dir='ltr'><strong>in</strong></span> <span class='ocrx_word' id='word_1_677' title='bbox 1469 4847 1734 4918; x_wconf 89' lang='lat' dir='ltr'><strong>templum</strong></span> <span class='ocrx_word' id='word_1_678' title='bbox 1788 4847 2064 4902; x_wconf 88' lang='lat' dir='ltr'><strong>irruerent</strong></span> 
     </span>
    </p>
   </div>
   <div class='ocr_carea' id='block_1_94' title="bbox 489 4941 2065 5020">
    <p class='ocr_par' dir='ltr' id='par_1_94' title="bbox 489 4941 2065 5020">
     <span class='ocr_line' id='line_1_94' title="bbox 489 4941 2065 5020; baseline -0.011 -14"><span class='ocrx_word' id='word_1_679' title='bbox 489 4950 837 5020; x_wconf 85' lang='lat' dir='ltr'><strong>lampadibus</strong></span> <span class='ocrx_word' id='word_1_680' title='bbox 876 4946 1209 5020; x_wconf 82' lang='lat' dir='ltr'><strong>crystallinis</strong></span> <span class='ocrx_word' id='word_1_681' title='bbox 1265 4941 1594 5006; x_wconf 88' lang='lat' dir='ltr'><strong>lucentibus,</strong></span> <span class='ocrx_word' id='word_1_682' title='bbox 1637 4947 1895 5009; x_wconf 89' lang='lat' dir='ltr'><strong>tanquam</strong></span> <span class='ocrx_word' id='word_1_683' title='bbox 1947 4953 2065 4991; x_wconf 77' lang='lat' dir='ltr'><strong>ma-</strong></span> 
     </span>
    </p>
   </div>
   <div class='ocr_carea' id='block_1_95' title="bbox 489 5030 2063 5110">
    <p class='ocr_par' dir='ltr' id='par_1_95' title="bbox 489 5030 2063 5110">
     <span class='ocr_line' id='line_1_95' title="bbox 489 5030 2063 5110; baseline -0.01 -11"><span class='ocrx_word' id='word_1_684' title='bbox 489 5046 644 5108; x_wconf 90' lang='lat' dir='ltr'><strong>tulis,</strong></span> <span class='ocrx_word' id='word_1_685' title='bbox 676 5043 819 5098; x_wconf 86' lang='lat' dir='ltr'><strong>dicet</strong></span> <span class='ocrx_word' id='word_1_686' title='bbox 837 5039 1123 5110; x_wconf 77' lang='lat' dir='ltr'><strong>tragoedia,</strong></span> <span class='ocrx_word' id='word_1_687' title='bbox 1158 5050 1393 5106; x_wconf 90' lang='lat' dir='ltr'><strong>cumque</strong></span> <span class='ocrx_word' id='word_1_688' title='bbox 1418 5033 1702 5088; x_wconf 88' lang='lat' dir='ltr'><strong>urinarum</strong></span> <span class='ocrx_word' id='word_1_689' title='bbox 1738 5030 1962 5085; x_wconf 88' lang='lat' dir='ltr'><strong>vasibus</strong></span> <span class='ocrx_word' id='word_1_690' title='bbox 2001 5038 2063 5083; x_wconf 88' lang='lat' dir='ltr'><strong>ut</strong></span> 
     </span>
    </p>
   </div>
   <div class='ocr_carea' id='block_1_96' title="bbox 491 5121 2066 5208">
    <p class='ocr_par' dir='ltr' id='par_1_96' title="bbox 491 5121 2066 5208">
     <span class='ocr_line' id='line_1_96' title="bbox 491 5121 2066 5208; baseline -0.012 -16"><span class='ocrx_word' id='word_1_691' title='bbox 491 5135 702 5208; x_wconf 88' lang='lat' dir='ltr'><strong>poculis</strong></span> <span class='ocrx_word' id='word_1_692' title='bbox 737 5133 802 5188; x_wconf 87' lang='lat' dir='ltr'><strong>ad</strong></span> <span class='ocrx_word' id='word_1_693' title='bbox 845 5128 1142 5186; x_wconf 88' lang='lat' dir='ltr'><strong>bibendum</strong></span> <span class='ocrx_word' id='word_1_694' title='bbox 1176 5124 1500 5184; x_wconf 85' lang='lat' dir='ltr'><strong>uterentur?</strong></span> <span class='ocrx_word' id='word_1_695' title='bbox 1532 5121 1668 5178; x_wconf 91' lang='lat' dir='ltr'><strong>Cum</strong></span> <span class='ocrx_word' id='word_1_696' title='bbox 1694 5121 1839 5176; x_wconf 92' lang='lat' dir='ltr'><strong>enim</strong></span> <span class='ocrx_word' id='word_1_697' title='bbox 1875 5123 1928 5175; x_wconf 93' lang='lat' dir='ltr'><strong>in</strong></span> <span class='ocrx_word' id='word_1_698' title='bbox 1966 5136 2066 5190; x_wconf 90' lang='lat' dir='ltr'><strong>pu-</strong></span> 
     </span>
    </p>
   </div>
   <div class='ocr_carea' id='block_1_97' title="bbox 494 5215 2063 5285">
    <p class='ocr_par' dir='ltr' id='par_1_97' title="bbox 494 5215 2063 5285">
     <span class='ocr_line' id='line_1_97' title="bbox 494 5215 2063 5285; baseline -0.012 1"><span class='ocrx_word' id='word_1_699' title='bbox 494 5241 612 5285; x_wconf 87' lang='lat' dir='ltr'><strong>teos</strong></span> <span class='ocrx_word' id='word_1_700' title='bbox 665 5227 882 5282; x_wconf 90' lang='lat' dir='ltr'><strong>urinam</strong></span> <span class='ocrx_word' id='word_1_701' title='bbox 938 5221 1242 5277; x_wconf 88' lang='lat' dir='ltr'><strong>vesicarum</strong></span> <span class='ocrx_word' id='word_1_702' title='bbox 1291 5232 1516 5275; x_wconf 87' lang='lat' dir='ltr'><strong>suarum</strong></span> <span class='ocrx_word' id='word_1_703' title='bbox 1571 5216 1742 5270; x_wconf 84' lang='lat' dir='ltr'><strong>ﬂuere</strong></span> <span class='ocrx_word' id='word_1_704' title='bbox 1785 5215 2063 5281; x_wconf 86' lang='lat' dir='ltr'><strong>sivissent,</strong></span> 
     </span>
    </p>
   </div>
   <div class='ocr_carea' id='block_1_98' title="bbox 493 5305 2062 5378">
    <p class='ocr_par' dir='ltr' id='par_1_98' title="bbox 493 5305 2062 5378">
     <span class='ocr_line' id='line_1_98' title="bbox 493 5305 2062 5378; baseline -0.012 -2"><span class='ocrx_word' id='word_1_705' title='bbox 493 5321 693 5378; x_wconf 90' lang='lat' dir='ltr'><strong>deinde</strong></span> <span class='ocrx_word' id='word_1_706' title='bbox 739 5316 1128 5374; x_wconf 81' lang='lat' dir='ltr'><strong>exbaurientes</strong></span> <span class='ocrx_word' id='word_1_707' title='bbox 1202 5311 1462 5367; x_wconf 89' lang='lat' dir='ltr'><strong>biberunt</strong></span> <span class='ocrx_word' id='word_1_708' title='bbox 1513 5311 1653 5363; x_wconf 89' lang='lat' dir='ltr'><strong>banc</strong></span> <span class='ocrx_word' id='word_1_709' title='bbox 1721 5305 2062 5376; x_wconf 85' lang='lat' dir='ltr'><strong>spurcitiam;</strong></span> 
     </span>
    </p>
   </div>
   <div class='ocr_carea' id='block_1_99' title="bbox 495 5398 2066 5482">
    <p class='ocr_par' dir='ltr' id='par_1_99' title="bbox 495 5398 2066 5482">
     <span class='ocr_line' id='line_1_99' title="bbox 495 5398 2066 5482; baseline -0.012 -14"><span class='ocrx_word' id='word_1_710' title='bbox 495 5411 929 5482; x_wconf 79' lang='lat' dir='ltr'><strong>lioequeiterum</strong></span> <span class='ocrx_word' id='word_1_711' title='bbox 956 5415 1120 5476; x_wconf 87' lang='lat' dir='ltr'><strong>atque</strong></span> <span class='ocrx_word' id='word_1_712' title='bbox 1148 5406 1368 5471; x_wconf 89' lang='lat' dir='ltr'><strong>iterum,</strong></span> <span class='ocrx_word' id='word_1_713' title='bbox 1425 5415 1752 5472; x_wconf 86' lang='lat' dir='ltr'><strong>semperque</strong></span> <span class='ocrx_word' id='word_1_714' title='bbox 1801 5398 2066 5454; x_wconf 83' lang='lat' dir='ltr'><strong>circulum</strong></span> 
     </span>
    </p>
   </div>
   <div class='ocr_carea' id='block_1_100' title="bbox 496 5499 1227 5571">
    <p class='ocr_par' dir='ltr' id='par_1_100' title="bbox 496 5499 1227 5571">
     <span class='ocr_line' id='line_1_100' title="bbox 496 5499 1227 5571; baseline -0.008 -13"><span class='ocrx_word' id='word_1_715' title='bbox 496 5505 642 5560; x_wconf 84' lang='lat' dir='ltr'><strong>hunc</strong></span> <span class='ocrx_word' id='word_1_716' title='bbox 686 5510 898 5571; x_wconf 89' lang='lat' dir='ltr'><strong>turpem</strong></span> <span class='ocrx_word' id='word_1_717' title='bbox 930 5499 1227 5554; x_wconf 81' lang='lat' dir='ltr'><strong>volventes.</strong></span> 
     </span>
    </p>
   </div>
   <div class='ocr_carea' id='block_1_101' title="bbox 571 5578 2065 5656">
    <p class='ocr_par' dir='ltr' id='par_1_101' title="bbox 571 5578 2065 5656">
     <span class='ocr_line' id='line_1_101' title="bbox 571 5578 2065 5656; baseline -0.009 -10"><span class='ocrx_word' id='word_1_718' title='bbox 571 5592 701 5650; x_wconf 77' lang='grc'><strong>105.</strong></span> <span class='ocrx_word' id='word_1_719' title='bbox 759 5593 829 5646; x_wconf 85' lang='grc' dir='ltr'><strong>Αι</strong></span> <span class='ocrx_word' id='word_1_720' title='bbox 871 5589 1001 5643; x_wconf 86' lang='lat' dir='ltr'><strong>illud</strong></span> <span class='ocrx_word' id='word_1_721' title='bbox 1046 5588 1298 5656; x_wconf 85' lang='lat' dir='ltr'><strong>jocosum</strong></span> <span class='ocrx_word' id='word_1_722' title='bbox 1333 5589 1477 5638; x_wconf 89' lang='lat' dir='ltr'><strong>esset</strong></span> <span class='ocrx_word' id='word_1_723' title='bbox 1508 5581 1693 5651; x_wconf 90' lang='lat' dir='ltr'><strong>aliquo</strong></span> <span class='ocrx_word' id='word_1_724' title='bbox 1715 5579 1878 5635; x_wconf 92' lang='lat' dir='ltr'><strong>modo</strong></span> <span class='ocrx_word' id='word_1_725' title='bbox 1908 5578 2065 5634; x_wconf 89' lang='lat' dir='ltr'><strong>addi-</strong></span> 
     </span>
    </p>
   </div>
   <div class='ocr_carea' id='block_1_102' title="bbox 496 5671 2066 5744">
    <p class='ocr_par' dir='ltr' id='par_1_102' title="bbox 496 5671 2066 5744">
     <span class='ocr_line' id='line_1_102' title="bbox 496 5671 2066 5744; baseline -0.008 -5"><span class='ocrx_word' id='word_1_726' title='bbox 496 5692 616 5740; x_wconf 88' lang='lat' dir='ltr'><strong>tum</strong></span> <span class='ocrx_word' id='word_1_727' title='bbox 663 5682 905 5739; x_wconf 89' lang='lat' dir='ltr'><strong>sermoni</strong></span> <span class='ocrx_word' id='word_1_728' title='bbox 933 5683 1088 5736; x_wconf 82' lang='lat' dir='ltr'><strong>velut</strong></span> <span class='ocrx_word' id='word_1_729' title='bbox 1117 5679 1203 5733; x_wconf 86' lang='lat' dir='ltr'><strong>hic</strong></span> <span class='ocrx_word' id='word_1_730' title='bbox 1231 5694 1248 5742; x_wconf 85' lang='lat'><strong>;</strong></span> <span class='ocrx_word' id='word_1_731' title='bbox 1276 5691 1399 5744; x_wconf 84' lang='lat' dir='ltr'><strong>quae</strong></span> <span class='ocrx_word' id='word_1_732' title='bbox 1423 5688 1553 5731; x_wconf 91' lang='lat' dir='ltr'><strong>vero</strong></span> <span class='ocrx_word' id='word_1_733' title='bbox 1581 5673 1833 5743; x_wconf 90' lang='lat' dir='ltr'><strong>superius</strong></span> <span class='ocrx_word' id='word_1_734' title='bbox 1859 5671 2066 5740; x_wconf 86' lang='lat' dir='ltr'><strong>scripta</strong></span> 
     </span>
    </p>
   </div>
   <div class='ocr_carea' id='block_1_103' title="bbox 496 5762 2067 5844">
    <p class='ocr_par' dir='ltr' id='par_1_103' title="bbox 496 5762 2067 5844">
     <span class='ocr_line' id='line_1_103' title="bbox 496 5762 2067 5844; baseline -0.009 -11"><span class='ocrx_word' id='word_1_735' title='bbox 496 5781 646 5843; x_wconf 78' lang='lat' dir='ltr'><strong>sunt,</strong></span> <span class='ocrx_word' id='word_1_736' title='bbox 695 5775 809 5831; x_wconf 75' lang='lat' dir='ltr'><strong>hzec</strong></span> <span class='ocrx_word' id='word_1_737' title='bbox 857 5772 1130 5844; x_wconf 80' lang='lat' dir='ltr'><strong>lacrymas</strong></span> <span class='ocrx_word' id='word_1_738' title='bbox 1187 5767 1508 5824; x_wconf 89' lang='lat' dir='ltr'><strong>innumeras</strong></span> <span class='ocrx_word' id='word_1_739' title='bbox 1565 5769 1871 5832; x_wconf 86' lang='lat' dir='ltr'><strong>merentur,</strong></span> <span class='ocrx_word' id='word_1_740' title='bbox 1901 5762 2067 5834; x_wconf 86' lang='lat' dir='ltr'><strong>quale</strong></span> 
     </span>
    </p>
   </div>
   <div class='ocr_carea' id='block_1_104' title="bbox 2162 4571 3738 4660">
    <p class='ocr_par' dir='ltr' id='par_1_104' title="bbox 2162 4571 3738 4660">
     <span class='ocr_line' id='line_1_104' title="bbox 2162 4571 3738 4660; baseline -0.019 -12"><span class='ocrx_word' id='word_1_741' title='bbox 2162 4571 2262 4648; x_wconf 76' lang='grc' dir='ltr'><strong>καὶ</strong></span> <span class='ocrx_word' id='word_1_742' title='bbox 2293 4589 2448 4660; x_wconf 82' lang='grc' dir='ltr'><strong>ὑμῶν</strong></span> <span class='ocrx_word' id='word_1_743' title='bbox 2473 4588 2522 4642; x_wconf 79' lang='grc' dir='ltr'><strong>οἱ</strong></span> <span class='ocrx_word' id='word_1_744' title='bbox 2549 4585 2735 4653; x_wconf 70' lang='grc' dir='ltr'><strong>μιαροὶ</strong></span> <span class='ocrx_word' id='word_1_745' title='bbox 2762 4580 3057 4644; x_wconf 84' lang='grc' dir='ltr'><strong>ἐνέπαιξαν</strong></span> <span class='ocrx_word' id='word_1_746' title='bbox 3084 4580 3099 4632; x_wconf 76' lang='grc' dir='ltr'><strong>ι</strong></span> <span class='ocrx_word' id='word_1_747' title='bbox 3139 4577 3234 4631; x_wconf 74' lang='grc' dir='ltr'><strong>καὶ</strong></span> <span class='ocrx_word' id='word_1_748' title='bbox 3268 4577 3301 4644; x_wconf 84' lang='grc' dir='ltr'><strong>ή</strong></span> <span class='ocrx_word' id='word_1_749' title='bbox 3330 4572 3449 4628; x_wconf 82' lang='grc' dir='ltr'><strong>θεία</strong></span> <span class='ocrx_word' id='word_1_750' title='bbox 3502 4571 3738 4638; x_wconf 88' lang='grc' dir='ltr'><strong>δύναμις</strong></span> 
     </span>
    </p>
   </div>
   <div class='ocr_carea' id='block_1_105' title="bbox 2159 4667 3515 4754">
    <p class='ocr_par' dir='ltr' id='par_1_105' title="bbox 2159 4667 3515 4754">
     <span class='ocr_line' id='line_1_105' title="bbox 2159 4667 3515 4754; baseline -0.015 -17"><span class='ocrx_word' id='word_1_751' title='bbox 2159 4681 2474 4754; x_wconf 85' lang='grc' dir='ltr'><strong>ἀτρεμοῦσα</strong></span> <span class='ocrx_word' id='word_1_752' title='bbox 2493 4677 2592 4732; x_wconf 84' lang='grc' dir='ltr'><strong>οὐκ</strong></span> <span class='ocrx_word' id='word_1_753' title='bbox 2615 4675 2727 4729; x_wconf 78' lang='grc' dir='ltr'><strong>ἐσθ’</strong></span> <span class='ocrx_word' id='word_1_754' title='bbox 2758 4676 2905 4734; x_wconf 84' lang='grc' dir='ltr'><strong>ὅπως</strong></span> <span class='ocrx_word' id='word_1_755' title='bbox 2936 4672 3035 4724; x_wconf 81' lang='grc' dir='ltr'><strong>οὐκ</strong></span> <span class='ocrx_word' id='word_1_756' title='bbox 3069 4667 3515 4738; x_wconf 74' lang='grc' dir='ltr'><strong>ἐξεγερθήσεται.</strong></span> 
     </span>
    </p>
   </div>
   <div class='ocr_carea' id='block_1_106' title="bbox 2235 4754 3739 4840">
    <p class='ocr_par' dir='ltr' id='par_1_106' title="bbox 2235 4754 3739 4840">
     <span class='ocr_line' id='line_1_106' title="bbox 2235 4754 3739 4840; baseline -0.018 -16"><span class='ocrx_word' id='word_1_757' title='bbox 2235 4769 2336 4840; x_wconf 88' lang='grc' dir='ltr'><strong>ρβ’.</strong></span> <span class='ocrx_word' id='word_1_758' title='bbox 2371 4767 2438 4820; x_wconf 89' lang='grc' dir='ltr'>Τί</span> <span class='ocrx_word' id='word_1_759' title='bbox 2488 4767 2553 4821; x_wconf 83' lang='grc' dir='ltr'><strong>ἀν</strong></span> <span class='ocrx_word' id='word_1_760' title='bbox 2581 4782 2665 4828; x_wconf 90' lang='grc' dir='ltr'><strong>τις</strong></span> <span class='ocrx_word' id='word_1_761' title='bbox 2701 4761 2938 4816; x_wconf 83' lang='grc' dir='ltr'><strong>ἐνταῦθα</strong></span> <span class='ocrx_word' id='word_1_762' title='bbox 2992 4757 3177 4821; x_wconf 82' lang='grc' dir='ltr'><strong>ἐκθείη</strong></span> <span class='ocrx_word' id='word_1_763' title='bbox 3211 4756 3308 4809; x_wconf 74' lang='grc' dir='ltr'><strong>καὶ</strong></span> <span class='ocrx_word' id='word_1_764' title='bbox 3355 4754 3559 4822; x_wconf 77' lang='grc' dir='ltr'><strong>ταύτην</strong></span> <span class='ocrx_word' id='word_1_765' title='bbox 3610 4769 3739 4821; x_wconf 85' lang='grc' dir='ltr'><strong>μια-</strong></span> 
     </span>
    </p>
   </div>
   <div class='ocr_carea' id='block_1_107' title="bbox 2167 4844 3739 4931">
    <p class='ocr_par' dir='ltr' id='par_1_107' title="bbox 2167 4844 3739 4931">
     <span class='ocr_line' id='line_1_107' title="bbox 2167 4844 3739 4931; baseline -0.013 -17"><span class='ocrx_word' id='word_1_766' title='bbox 2167 4859 2314 4931; x_wconf 87' lang='grc' dir='ltr'><strong>ρίαν,</strong></span> <span class='ocrx_word' id='word_1_767' title='bbox 2338 4857 2412 4921; x_wconf 83' lang='grc' dir='ltr'><strong>ὡς</strong></span> <span class='ocrx_word' id='word_1_768' title='bbox 2432 4858 2545 4920; x_wconf 81' lang='grc' dir='ltr'><strong>τοῖς</strong></span> <span class='ocrx_word' id='word_1_769' title='bbox 2574 4855 2674 4925; x_wconf 77' lang='grc' dir='ltr'><strong>μὲν</strong></span> <span class='ocrx_word' id='word_1_770' title='bbox 2696 4851 2756 4918; x_wconf 81' lang='grc' dir='ltr'><strong>ἐξ</strong></span> <span class='ocrx_word' id='word_1_771' title='bbox 2773 4853 2928 4904; x_wconf 86' lang='grc' dir='ltr'><strong>ὑέλου</strong></span> <span class='ocrx_word' id='word_1_772' title='bbox 2950 4848 3424 4917; x_wconf 84' lang='grc' dir='ltr'><strong>ἐκκλησιαστικοῖς</strong></span> <span class='ocrx_word' id='word_1_773' title='bbox 3446 4845 3510 4897; x_wconf 89' lang='grc' dir='ltr'><strong>λα</strong></span> <span class='ocrx_word' id='word_1_774' title='bbox 3520 4844 3667 4914; x_wconf 85' lang='grc' dir='ltr'><strong>μπτῆ</strong></span> <span class='ocrx_word' id='word_1_775' title='bbox 3676 4861 3739 4912; x_wconf 82' lang='grc' dir='ltr'><strong>ρ-</strong></span> 
     </span>
    </p>
   </div>
   <div class='ocr_carea' id='block_1_108' title="bbox 2167 4934 3736 5016">
    <p class='ocr_par' dir='ltr' id='par_1_108' title="bbox 2167 4934 3736 5016">
     <span class='ocr_line' id='line_1_108' title="bbox 2167 4934 3736 5016; baseline -0.011 -13"><span class='ocrx_word' id='word_1_776' title='bbox 2167 4967 2252 5003; x_wconf 94' lang='grc' dir='ltr'><strong>σιν</strong></span> <span class='ocrx_word' id='word_1_777' title='bbox 2272 4948 2556 5016; x_wconf 79' lang='grc' dir='ltr'><strong>ἐνεθόρουν</strong></span> <span class='ocrx_word' id='word_1_778' title='bbox 2578 4947 2627 5000; x_wconf 88' lang='grc' dir='ltr'><strong>οί</strong></span> <span class='ocrx_word' id='word_1_779' title='bbox 2655 4942 3005 5002; x_wconf 86' lang='grc' dir='ltr'><strong>ἀσύντακτοι,</strong></span> <span class='ocrx_word' id='word_1_780' title='bbox 3033 4941 3134 4993; x_wconf 86' lang='grc' dir='ltr'><strong>ὃσα</strong></span> <span class='ocrx_word' id='word_1_781' title='bbox 3157 4939 3250 4992; x_wconf 72' lang='grc' dir='ltr'><strong>καὶ</strong></span> <span class='ocrx_word' id='word_1_782' title='bbox 3279 4937 3562 5005; x_wconf 85' lang='grc' dir='ltr'><strong>ούράναις,</strong></span> <span class='ocrx_word' id='word_1_783' title='bbox 3587 4934 3736 4986; x_wconf 83' lang='grc' dir='ltr'><strong>εἴποι</strong></span> 
     </span>
    </p>
   </div>
   <div class='ocr_carea' id='block_1_109' title="bbox 2166 5022 3737 5112">
    <p class='ocr_par' dir='ltr' id='par_1_109' title="bbox 2166 5022 3737 5112">
     <span class='ocr_line' id='line_1_109' title="bbox 2166 5022 3737 5112; baseline -0.011 -17"><span class='ocrx_word' id='word_1_784' title='bbox 2166 5043 2235 5096; x_wconf 81' lang='grc' dir='ltr'><strong>ἂν</strong></span> <span class='ocrx_word' id='word_1_785' title='bbox 2268 5041 2302 5112; x_wconf 76' lang='grc' dir='ltr'><strong>ἡ</strong></span> <span class='ocrx_word' id='word_1_786' title='bbox 2337 5038 2614 5110; x_wconf 84' lang='grc' dir='ltr'><strong>τραγῳδία</strong></span> <span class='ocrx_word' id='word_1_787' title='bbox 2640 5053 2655 5067; x_wconf 72' lang='grc'><strong><em>⁸</em></strong></span> <span class='ocrx_word' id='word_1_788' title='bbox 2684 5038 2796 5098; x_wconf 85' lang='grc' dir='ltr'><strong>τοῖς</strong></span> <span class='ocrx_word' id='word_1_789' title='bbox 2824 5035 2882 5087; x_wconf 84' lang='grc' dir='ltr'><strong>δέ</strong></span> <span class='ocrx_word' id='word_1_790' title='bbox 2912 5031 3020 5085; x_wconf 85' lang='grc' dir='ltr'><strong>τῶν</strong></span> <span class='ocrx_word' id='word_1_791' title='bbox 3052 5029 3230 5100; x_wconf 72' lang='grc' dir='ltr'><strong>οὔρων</strong></span> <span class='ocrx_word' id='word_1_792' title='bbox 3251 5030 3482 5099; x_wconf 83' lang='grc' dir='ltr'><strong>δοχείοις</strong></span> <span class='ocrx_word' id='word_1_793' title='bbox 3514 5022 3604 5080; x_wconf 74' lang='grc' dir='ltr'><strong>οἷα</strong></span> <span class='ocrx_word' id='word_1_794' title='bbox 3636 5027 3737 5078; x_wconf 75' lang='grc' dir='ltr'><strong>καὶ</strong></span> 
     </span>
    </p>
   </div>
   <div class='ocr_carea' id='block_1_110' title="bbox 2167 5119 3739 5203">
    <p class='ocr_par' dir='ltr' id='par_1_110' title="bbox 2167 5119 3739 5203">
     <span class='ocr_line' id='line_1_110' title="bbox 2167 5119 3739 5203; baseline -0.011 -16"><span class='ocrx_word' id='word_1_795' title='bbox 2167 5132 2448 5203; x_wconf 83' lang='grc' dir='ltr'><strong>ποτηρίοις</strong></span> <span class='ocrx_word' id='word_1_796' title='bbox 2480 5133 2811 5199; x_wconf 88' lang='grc' dir='ltr'><strong>ἐκέχρηντο;</strong></span> <span class='ocrx_word' id='word_1_797' title='bbox 2847 5125 2915 5178; x_wconf 78' lang='lat' dir='ltr'><strong>O&#39;t&#39;</strong></span> <span class='ocrx_word' id='word_1_798' title='bbox 2939 5141 3002 5192; x_wconf 88' lang='grc' dir='ltr'><strong>γε</strong></span> <span class='ocrx_word' id='word_1_799' title='bbox 3031 5124 3126 5176; x_wconf 67' lang='grc' dir='ltr'><strong>καὶ</strong></span> <span class='ocrx_word' id='word_1_800' title='bbox 3153 5121 3294 5174; x_wconf 87' lang='grc' dir='ltr'><strong>κατά</strong></span> <span class='ocrx_word' id='word_1_801' title='bbox 3329 5119 3583 5188; x_wconf 82' lang='grc' dir='ltr'><strong>φρεάτων</strong></span> <span class='ocrx_word' id='word_1_802' title='bbox 3609 5119 3739 5184; x_wconf 82' lang='grc' dir='ltr'><strong>ἀφι-</strong></span> 
     </span>
    </p>
   </div>
   <div class='ocr_carea' id='block_1_111' title="bbox 2165 5208 3738 5296">
    <p class='ocr_par' dir='ltr' id='par_1_111' title="bbox 2165 5208 3738 5296">
     <span class='ocr_line' id='line_1_111' title="bbox 2165 5208 3738 5296; baseline -0.011 -17"><span class='ocrx_word' id='word_1_803' title='bbox 2165 5227 2318 5288; x_wconf 86' lang='grc' dir='ltr'><strong>έντες</strong></span> <span class='ocrx_word' id='word_1_804' title='bbox 2353 5223 2644 5296; x_wconf 79' lang='grc' dir='ltr'><strong>προρῤἐειν</strong></span> <span class='ocrx_word' id='word_1_805' title='bbox 2672 5221 2765 5273; x_wconf 79' lang='grc' dir='ltr'><strong>τὸν</strong></span> <span class='ocrx_word' id='word_1_806' title='bbox 2804 5217 2898 5271; x_wconf 88' lang='grc' dir='ltr'><strong>τοῦ</strong></span> <span class='ocrx_word' id='word_1_807' title='bbox 2927 5217 3047 5270; x_wconf 83' lang='grc' dir='ltr'><strong>κατ’</strong></span> <span class='ocrx_word' id='word_1_808' title='bbox 3082 5214 3281 5277; x_wconf 75' lang='grc' dir='ltr'><strong>αὐτοὺς</strong></span> <span class='ocrx_word' id='word_1_809' title='bbox 3337 5211 3506 5266; x_wconf 87' lang='grc' dir='ltr'><strong>ἀσκοῦ</strong></span> <span class='ocrx_word' id='word_1_810' title='bbox 3564 5208 3738 5279; x_wconf 81' lang='grc' dir='ltr'><strong>προῦ-</strong></span> 
     </span>
    </p>
   </div>
   <div class='ocr_carea' id='block_1_112' title="bbox 2167 5299 3804 5384">
    <p class='ocr_par' dir='ltr' id='par_1_112' title="bbox 2167 5299 3804 5384">
     <span class='ocr_line' id='line_1_112' title="bbox 2167 5299 3804 5384; baseline -0.01 -17"><span class='ocrx_word' id='word_1_811' title='bbox 2167 5332 2331 5384; x_wconf 90' lang='grc' dir='ltr'><strong>χοντα</strong></span> <span class='ocrx_word' id='word_1_812' title='bbox 2362 5313 2520 5376; x_wconf 84' lang='grc' dir='ltr'><strong>πόδα,</strong></span> <span class='ocrx_word' id='word_1_813' title='bbox 2557 5307 2676 5362; x_wconf 81' lang='grc' dir='ltr'><strong>εἶτα</strong></span> <span class='ocrx_word' id='word_1_814' title='bbox 2704 5307 3080 5378; x_wconf 77' lang='grc' dir='ltr'><strong>ὑδρευόμενοι,</strong></span> <span class='ocrx_word' id='word_1_815' title='bbox 3117 5305 3302 5358; x_wconf 75' lang='grc' dir='ltr'><strong>ἔπινον</strong></span> <span class='ocrx_word' id='word_1_816' title='bbox 3329 5304 3423 5356; x_wconf 84' lang='grc' dir='ltr'><strong>τοῦ</strong></span> <span class='ocrx_word' id='word_1_817' title='bbox 3464 5299 3736 5372; x_wconf 88' lang='grc' dir='ltr'><strong>μιασμοῦ,</strong></span> <span class='ocrx_word' id='word_1_818' title='bbox 3785 5301 3804 5320; x_wconf 87' lang='grc'><strong><em>⁸</em></strong></span> 
     </span>
    </p>
   </div>
   <div class='ocr_carea' id='block_1_113' title="bbox 2166 5389 3740 5461">
    <p class='ocr_par' dir='ltr' id='par_1_113' title="bbox 2166 5389 3740 5461">
     <span class='ocr_line' id='line_1_113' title="bbox 2166 5389 3740 5461; baseline -0.011 -3"><span class='ocrx_word' id='word_1_819' title='bbox 2166 5407 2260 5458; x_wconf 75' lang='grc' dir='ltr'><strong>καὶ</strong></span> <span class='ocrx_word' id='word_1_820' title='bbox 2299 5402 2456 5455; x_wconf 88' lang='grc' dir='ltr'><strong>τοῦτο</strong></span> <span class='ocrx_word' id='word_1_821' title='bbox 2486 5400 2649 5454; x_wconf 85' lang='grc' dir='ltr'><strong>πάλιν</strong></span> <span class='ocrx_word' id='word_1_822' title='bbox 2680 5401 2776 5453; x_wconf 74' lang='grc' dir='ltr'><strong>καὶ</strong></span> <span class='ocrx_word' id='word_1_823' title='bbox 2803 5397 2993 5461; x_wconf 83' lang='grc' dir='ltr'><strong>πάλιν,</strong></span> <span class='ocrx_word' id='word_1_824' title='bbox 3029 5396 3123 5448; x_wconf 69' lang='grc' dir='ltr'><strong>καὶ</strong></span> <span class='ocrx_word' id='word_1_825' title='bbox 3185 5394 3359 5447; x_wconf 78' lang='grc' dir='ltr'><strong>εἰσαεὶ</strong></span> <span class='ocrx_word' id='word_1_826' title='bbox 3393 5391 3592 5446; x_wconf 77' lang='grc' dir='ltr'><strong>κύκλον</strong></span> <span class='ocrx_word' id='word_1_827' title='bbox 3617 5389 3740 5442; x_wconf 80' lang='grc' dir='ltr'><strong>τοῦ-</strong></span> 
     </span>
    </p>
   </div>
   <div class='ocr_carea' id='block_1_114' title="bbox 2165 5486 2843 5554">
    <p class='ocr_par' dir='ltr' id='par_1_114' title="bbox 2165 5486 2843 5554">
     <span class='ocr_line' id='line_1_114' title="bbox 2165 5486 2843 5554; baseline -0.007 -8"><span class='ocrx_word' id='word_1_828' title='bbox 2165 5509 2257 5546; x_wconf 86' lang='grc' dir='ltr'><strong>τον</strong></span> <span class='ocrx_word' id='word_1_829' title='bbox 2293 5491 2587 5552; x_wconf 84' lang='grc' dir='ltr'><strong>ἐλίττοντες</strong></span> <span class='ocrx_word' id='word_1_830' title='bbox 2616 5486 2843 5554; x_wconf 85' lang='grc' dir='ltr'><strong>ἀσελγῆ.</strong></span> 
     </span>
    </p>
   </div>
   <div class='ocr_carea' id='block_1_115' title="bbox 2243 5571 3742 5652">
    <p class='ocr_par' dir='ltr' id='par_1_115' title="bbox 2243 5571 3742 5652">
     <span class='ocr_line' id='line_1_115' title="bbox 2243 5571 3742 5652; baseline -0.015 -15"><span class='ocrx_word' id='word_1_831' title='bbox 2243 5589 2346 5652; x_wconf 84' lang='grc' dir='ltr'><strong>ργ’.</strong></span> <span class='ocrx_word' id='word_1_832' title='bbox 2392 5579 2555 5633; x_wconf 77' lang='grc' dir='ltr'><strong>Ἀλλὰ</strong></span> <span class='ocrx_word' id='word_1_833' title='bbox 2603 5578 2762 5632; x_wconf 87' lang='grc' dir='ltr'><strong>τοῦτο</strong></span> <span class='ocrx_word' id='word_1_834' title='bbox 2789 5578 2892 5648; x_wconf 80' lang='grc' dir='ltr'><strong>μὲν</strong></span> <span class='ocrx_word' id='word_1_835' title='bbox 2921 5576 3008 5646; x_wconf 83' lang='grc' dir='ltr'><strong>είη</strong></span> <span class='ocrx_word' id='word_1_836' title='bbox 3035 5575 3102 5629; x_wconf 84' lang='grc' dir='ltr'><strong>ἂν</strong></span> <span class='ocrx_word' id='word_1_837' title='bbox 3132 5575 3227 5628; x_wconf 75' lang='grc' dir='ltr'><strong>καὶ</strong></span> <span class='ocrx_word' id='word_1_838' title='bbox 3256 5573 3483 5640; x_wconf 85' lang='grc' dir='ltr'><strong>γελοῖον,</strong></span> <span class='ocrx_word' id='word_1_839' title='bbox 3523 5571 3742 5640; x_wconf 78' lang='grc' dir='ltr'><strong>παραῤ-</strong></span> 
     </span>
    </p>
   </div>
   <div class='ocr_carea' id='block_1_116' title="bbox 2171 5662 3740 5746">
    <p class='ocr_par' dir='ltr' id='par_1_116' title="bbox 2171 5662 3740 5746">
     <span class='ocr_line' id='line_1_116' title="bbox 2171 5662 3740 5746; baseline -0.01 -18"><span class='ocrx_word' id='word_1_840' title='bbox 2171 5674 2329 5746; x_wconf 81' lang='grc' dir='ltr'><strong>ριφέν</strong></span> <span class='ocrx_word' id='word_1_841' title='bbox 2370 5669 2548 5741; x_wconf 79' lang='grc' dir='ltr'><strong>εἱρμῷ</strong></span> <span class='ocrx_word' id='word_1_842' title='bbox 2576 5687 2684 5723; x_wconf 89' lang='grc' dir='ltr'><strong>τινι</strong></span> <span class='ocrx_word' id='word_1_843' title='bbox 2711 5672 2808 5723; x_wconf 72' lang='grc' dir='ltr'><strong>καὶ</strong></span> <span class='ocrx_word' id='word_1_844' title='bbox 2829 5667 2982 5722; x_wconf 80' lang='grc' dir='ltr'><strong>αὐτό.</strong></span> <span class='ocrx_word' id='word_1_845' title='bbox 3017 5669 3087 5720; x_wconf 79' lang='grc' dir='ltr'><strong>Ἀ</strong></span> <span class='ocrx_word' id='word_1_846' title='bbox 3119 5667 3175 5720; x_wconf 82' lang='grc' dir='ltr'><strong>δὲ</strong></span> <span class='ocrx_word' id='word_1_847' title='bbox 3206 5665 3399 5718; x_wconf 86' lang='grc' dir='ltr'><strong>ἀνόπιν</strong></span> <span class='ocrx_word' id='word_1_848' title='bbox 3429 5662 3740 5731; x_wconf 87' lang='grc' dir='ltr'><strong>συγγεγρὰ-</strong></span> 
     </span>
    </p>
   </div>
   <div class='ocr_carea' id='block_1_117' title="bbox 2169 5753 3736 5838">
    <p class='ocr_par' dir='ltr' id='par_1_117' title="bbox 2169 5753 3736 5838">
     <span class='ocr_line' id='line_1_117' title="bbox 2169 5753 3736 5838; baseline -0.011 -15"><span class='ocrx_word' id='word_1_849' title='bbox 2169 5782 2362 5838; x_wconf 83' lang='grc' dir='ltr'><strong>φαται,</strong></span> <span class='ocrx_word' id='word_1_850' title='bbox 2403 5761 2518 5818; x_wconf 84' lang='grc' dir='ltr'><strong>ἀλλ’</strong></span> <span class='ocrx_word' id='word_1_851' title='bbox 2568 5761 2752 5817; x_wconf 83' lang='grc' dir='ltr'><strong>ἐκεῖνα</strong></span> <span class='ocrx_word' id='word_1_852' title='bbox 2804 5760 2976 5834; x_wconf 81' lang='grc' dir='ltr'><strong>μυρία</strong></span> <span class='ocrx_word' id='word_1_853' title='bbox 3025 5755 3433 5830; x_wconf 84' lang='grc' dir='ltr'><strong>προκαλοῦνται</strong></span> <span class='ocrx_word' id='word_1_854' title='bbox 3488 5753 3736 5825; x_wconf 85' lang='grc' dir='ltr'><strong>δάκρυα·</strong></span> 
     </span>
    </p>
   </div>
  </div>
