  <div class='ocr_page' id='page_1' title='image "/cluster/home/n/w/nwhite01/storage/ocr_20150623/136/coo.31924054870419/060.png"; bbox 0 0 4084 6412; ppageno 0'>
   <div class='ocr_carea' id='block_1_1' title="bbox 338 335 2778 416">
    <p class='ocr_par' dir='ltr' id='par_1_1' title="bbox 338 335 2778 416">
     <span class='ocr_line' id='line_1_1' title="bbox 338 335 2778 416; baseline 0.003 -12"><span class='ocrx_word' id='word_1_1' title='bbox 338 335 426 404; x_wconf 73' lang='grc'><strong>105</strong></span> <span class='ocrx_word' id='word_1_2' title='bbox 1099 348 1196 407; x_wconf 84' lang='lat' dir='ltr'><strong>DE</strong></span> <span class='ocrx_word' id='word_1_3' title='bbox 1247 346 1814 408; x_wconf 76' lang='lat' dir='ltr'><strong>THESSALONICA</strong></span> <span class='ocrx_word' id='word_1_4' title='bbox 1849 349 2058 410; x_wconf 81' lang='lat' dir='ltr'><strong>URBE</strong></span> <span class='ocrx_word' id='word_1_5' title='bbox 2098 352 2140 408; x_wconf 87' lang='lat' dir='ltr'><strong>A</strong></span> <span class='ocrx_word' id='word_1_6' title='bbox 2181 352 2490 416; x_wconf 80' lang='lat' dir='ltr'><strong>LATINIS</strong></span> <span class='ocrx_word' id='word_1_7' title='bbox 2522 353 2778 414; x_wconf 79' lang='lat' dir='ltr'><strong>CAPTA.</strong></span> 
     </span>
    </p>
   </div>
   <div class='ocr_carea' id='block_1_2' title="bbox 3486 351 3586 420">
    <p class='ocr_par' dir='ltr' id='par_1_2' title="bbox 3486 351 3586 420">
     <span class='ocr_line' id='line_1_2' title="bbox 3486 351 3586 420; baseline -0.02 0"><span class='ocrx_word' id='word_1_8' title='bbox 3486 351 3586 420; x_wconf 67' lang='lat'><strong>103</strong></span> 
     </span>
    </p>
   </div>
   <div class='ocr_carea' id='block_1_3' title="bbox 338 454 1900 538">
    <p class='ocr_par' dir='ltr' id='par_1_3' title="bbox 338 454 1890 534">
     <span class='ocr_line' id='line_1_3' title="bbox 338 454 1890 534; baseline 0.005 -29"><span class='ocrx_word' id='word_1_9' title='bbox 338 454 504 509; x_wconf 77' lang='grc' dir='ltr'>ὁποῖον</span> <span class='ocrx_word' id='word_1_10' title='bbox 534 458 630 512; x_wconf 76' lang='grc' dir='ltr'>καὶ</span> <span class='ocrx_word' id='word_1_11' title='bbox 677 459 743 514; x_wconf 78' lang='grc' dir='ltr'>τὸ</span> <span class='ocrx_word' id='word_1_12' title='bbox 791 461 888 516; x_wconf 83' lang='grc' dir='ltr'>τοῦ</span> <span class='ocrx_word' id='word_1_13' title='bbox 924 461 1286 534; x_wconf 84' lang='grc' dir='ltr'>μυροϐλύτου,</span> <span class='ocrx_word' id='word_1_14' title='bbox 1317 455 1377 517; x_wconf 72' lang='grc' dir='ltr'><strong>οὗ</strong></span> <span class='ocrx_word' id='word_1_15' title='bbox 1407 460 1484 532; x_wconf 84' lang='grc' dir='ltr'>τῷ</span> <span class='ocrx_word' id='word_1_16' title='bbox 1523 461 1679 531; x_wconf 82' lang='grc' dir='ltr'>τάφῳ</span> <span class='ocrx_word' id='word_1_17' title='bbox 1719 462 1890 530; x_wconf 79' lang='grc' dir='ltr'>ὲμπεο</span> 
     </span>
    </p>
   </div>
   <div class='ocr_carea' id='block_1_4' title="bbox 2002 454 3594 538">
    <p class='ocr_par' dir='ltr' id='par_1_4' title="bbox 2002 463 3594 538">
     <span class='ocr_line' id='line_1_4' title="bbox 2002 463 3594 538; baseline 0.006 -23"><span class='ocrx_word' id='word_1_18' title='bbox 2002 463 2102 519; x_wconf 93' lang='lat' dir='ltr'><strong>hoc</strong></span> <span class='ocrx_word' id='word_1_19' title='bbox 2130 466 2275 534; x_wconf 90' lang='lat' dir='ltr'><strong>quod</strong></span> <span class='ocrx_word' id='word_1_20' title='bbox 2307 465 2374 520; x_wconf 86' lang='lat' dir='ltr'><strong>ad</strong></span> <span class='ocrx_word' id='word_1_21' title='bbox 2417 464 2778 538; x_wconf 81' lang='lat' dir='ltr'><strong>Myroblytam</strong></span> <span class='ocrx_word' id='word_1_22' title='bbox 2808 473 3041 536; x_wconf 88' lang='lat' dir='ltr'><strong>spectat,</strong></span> <span class='ocrx_word' id='word_1_23' title='bbox 3078 466 3237 537; x_wconf 81' lang='lat' dir='ltr'><strong>cujus</strong></span> <span class='ocrx_word' id='word_1_24' title='bbox 3258 482 3384 522; x_wconf 91' lang='lat' dir='ltr'><strong>cum</strong></span> <span class='ocrx_word' id='word_1_25' title='bbox 3411 471 3594 538; x_wconf 85' lang='lat' dir='ltr'><strong>sepul-</strong></span> 
     </span>
    </p>
   </div>
   <div class='ocr_carea' id='block_1_5' title="bbox 341 549 1894 622">
    <p class='ocr_par' dir='ltr' id='par_1_5' title="bbox 341 549 1894 622">
     <span class='ocr_line' id='line_1_5' title="bbox 341 549 1894 622; baseline 0.001 -21"><span class='ocrx_word' id='word_1_26' title='bbox 341 549 578 614; x_wconf 80' lang='grc' dir='ltr'>παικότες</span> <span class='ocrx_word' id='word_1_27' title='bbox 637 555 778 622; x_wconf 75' lang='grc' dir='ltr'>μετὰ</span> <span class='ocrx_word' id='word_1_28' title='bbox 831 556 1110 609; x_wconf 81' lang='grc' dir='ltr'><strong>πελέκεων</strong></span> <span class='ocrx_word' id='word_1_29' title='bbox 1149 556 1201 608; x_wconf 85' lang='grc' dir='ltr'><strong>οί</strong></span> <span class='ocrx_word' id='word_1_30' title='bbox 1255 556 1514 608; x_wconf 80' lang='grc' dir='ltr'><strong>τοιούτων</strong></span> <span class='ocrx_word' id='word_1_31' title='bbox 1574 554 1655 617; x_wconf 86' lang='grc' dir='ltr'>εἰς</span> <span class='ocrx_word' id='word_1_32' title='bbox 1703 552 1894 620; x_wconf 80' lang='grc' dir='ltr'>ποινὴν</span> 
     </span>
    </p>
   </div>
   <div class='ocr_carea' id='block_1_6' title="bbox 339 643 1894 723">
    <p class='ocr_par' dir='ltr' id='par_1_6' title="bbox 339 643 1894 723">
     <span class='ocr_line' id='line_1_6' title="bbox 339 643 1894 723; baseline -0.005 -18"><span class='ocrx_word' id='word_1_33' title='bbox 339 643 484 708; x_wconf 71' lang='grc' dir='ltr'>ἄξιοι.</span> <span class='ocrx_word' id='word_1_34' title='bbox 510 647 607 701; x_wconf 80' lang='grc' dir='ltr'>τὸν</span> <span class='ocrx_word' id='word_1_35' title='bbox 637 667 696 702; x_wconf 92' lang='grc' dir='ltr'>τε</span> <span class='ocrx_word' id='word_1_36' title='bbox 721 651 884 723; x_wconf 79' lang='grc' dir='ltr'>πέριξ</span> <span class='ocrx_word' id='word_1_37' title='bbox 912 651 1314 716; x_wconf 79' lang='grc' dir='ltr'><strong>ἐπιπολάζοντα</strong></span> <span class='ocrx_word' id='word_1_38' title='bbox 1341 649 1542 718; x_wconf 83' lang='grc' dir='ltr'>κόσμον</span> <span class='ocrx_word' id='word_1_39' title='bbox 1575 646 1633 711; x_wconf 77' lang='grc' dir='ltr'><strong>ἐξ</strong></span> <span class='ocrx_word' id='word_1_40' title='bbox 1653 645 1894 716; x_wconf 78' lang='grc' dir='ltr'>ἀργύρου</span> 
     </span>
    </p>
   </div>
   <div class='ocr_carea' id='block_1_7' title="bbox 341 737 1897 814">
    <p class='ocr_par' dir='ltr' id='par_1_7' title="bbox 341 737 1897 814">
     <span class='ocr_line' id='line_1_7' title="bbox 341 737 1897 814; baseline 0.001 -26"><span class='ocrx_word' id='word_1_41' title='bbox 341 737 656 808; x_wconf 74' lang='grc' dir='ltr'>κατέκοψαν,</span> <span class='ocrx_word' id='word_1_42' title='bbox 691 746 787 798; x_wconf 77' lang='grc' dir='ltr'><strong>καὶ</strong></span> <span class='ocrx_word' id='word_1_43' title='bbox 838 744 932 797; x_wconf 85' lang='grc' dir='ltr'>τὸν</span> <span class='ocrx_word' id='word_1_44' title='bbox 990 743 1130 814; x_wconf 75' lang='grc' dir='ltr'>ὑπὲρ</span> <span class='ocrx_word' id='word_1_45' title='bbox 1180 741 1421 810; x_wconf 71' lang='grc' dir='ltr'>κεφαλῆς</span> <span class='ocrx_word' id='word_1_46' title='bbox 1471 741 1527 793; x_wconf 80' lang='grc' dir='ltr'>δὲ</span> <span class='ocrx_word' id='word_1_47' title='bbox 1557 738 1897 808; x_wconf 78' lang='grc' dir='ltr'><strong>περιείλοντο</strong></span> 
     </span>
    </p>
   </div>
   <div class='ocr_carea' id='block_1_8' title="bbox 340 815 1896 908">
    <p class='ocr_par' dir='ltr' id='par_1_8' title="bbox 340 815 1896 908">
     <span class='ocr_line' id='line_1_8' title="bbox 340 815 1896 908; baseline -0.001 -25"><span class='ocrx_word' id='word_1_48' title='bbox 340 829 555 898; x_wconf 78' lang='grc' dir='ltr'>χρύσεον</span> <span class='ocrx_word' id='word_1_49' title='bbox 587 835 877 903; x_wconf 82' lang='grc' dir='ltr'>στέφανον,</span> <span class='ocrx_word' id='word_1_50' title='bbox 904 838 998 890; x_wconf 69' lang='grc' dir='ltr'><strong>καὶ</strong></span> <span class='ocrx_word' id='word_1_51' title='bbox 1027 837 1132 908; x_wconf 80' lang='grc' dir='ltr'>μὴν</span> <span class='ocrx_word' id='word_1_52' title='bbox 1156 837 1249 889; x_wconf 72' lang='grc' dir='ltr'><strong>καὶ</strong></span> <span class='ocrx_word' id='word_1_53' title='bbox 1272 836 1364 887; x_wconf 73' lang='grc' dir='ltr'>τὸν</span> <span class='ocrx_word' id='word_1_54' title='bbox 1387 815 1576 903; x_wconf 71' lang='grc' dir='ltr'>ἕτερον</span> <span class='ocrx_word' id='word_1_55' title='bbox 1610 831 1896 899; x_wconf 85' lang='grc' dir='ltr'><strong>ἀπήγαγον</strong></span> 
     </span>
    </p>
   </div>
   <div class='ocr_carea' id='block_1_9' title="bbox 339 923 1895 1000">
    <p class='ocr_par' dir='ltr' id='par_1_9' title="bbox 339 923 1895 1000">
     <span class='ocr_line' id='line_1_9' title="bbox 339 923 1895 1000; baseline -0.001 -25"><span class='ocrx_word' id='word_1_56' title='bbox 339 928 437 977; x_wconf 81' lang='grc' dir='ltr'>τοῖν</span> <span class='ocrx_word' id='word_1_57' title='bbox 469 927 650 980; x_wconf 80' lang='grc' dir='ltr'>ποδοτν</span> <span class='ocrx_word' id='word_1_58' title='bbox 674 945 689 958; x_wconf 88' lang='grc'><strong>·</strong></span> <span class='ocrx_word' id='word_1_59' title='bbox 721 929 810 982; x_wconf 80' lang='grc' dir='ltr'>ἵνα</span> <span class='ocrx_word' id='word_1_60' title='bbox 860 933 1002 1000; x_wconf 81' lang='grc' dir='ltr'>τάχα</span> <span class='ocrx_word' id='word_1_61' title='bbox 1051 931 1110 982; x_wconf 73' lang='grc' dir='ltr'><strong>τὸ</strong></span> <span class='ocrx_word' id='word_1_62' title='bbox 1145 928 1388 992; x_wconf 82' lang='grc' dir='ltr'><strong>ποδῶκες</strong></span> <span class='ocrx_word' id='word_1_63' title='bbox 1432 925 1532 994; x_wconf 79' lang='grc' dir='ltr'>τῆς</span> <span class='ocrx_word' id='word_1_64' title='bbox 1563 924 1623 989; x_wconf 72' lang='grc' dir='ltr'><strong>ἐξ</strong></span> <span class='ocrx_word' id='word_1_65' title='bbox 1681 923 1895 977; x_wconf 76' lang='grc' dir='ltr'>ἐκείνου</span> 
     </span>
    </p>
   </div>
   <div class='ocr_carea' id='block_1_10' title="bbox 339 1015 1899 1090">
    <p class='ocr_par' dir='ltr' id='par_1_10' title="bbox 339 1015 1899 1090">
     <span class='ocr_line' id='line_1_10' title="bbox 339 1015 1899 1090; baseline 0.01 -22"><span class='ocrx_word' id='word_1_66' title='bbox 339 1015 480 1081; x_wconf 87' lang='grc' dir='ltr'>δίκης</span> <span class='ocrx_word' id='word_1_67' title='bbox 511 1018 846 1075; x_wconf 82' lang='grc' dir='ltr'>ὲκκλίναιεν.</span> <span class='ocrx_word' id='word_1_68' title='bbox 880 1023 1000 1075; x_wconf 79' lang='grc' dir='ltr'>Κᾶν</span> <span class='ocrx_word' id='word_1_69' title='bbox 1053 1020 1361 1090; x_wconf 76' lang='grc' dir='ltr'><strong>ἐξέπραξαν</strong></span> <span class='ocrx_word' id='word_1_70' title='bbox 1392 1021 1448 1082; x_wconf 77' lang='grc' dir='ltr'><strong>ἐς</strong></span> <span class='ocrx_word' id='word_1_71' title='bbox 1499 1020 1560 1071; x_wconf 63' lang='grc' dir='ltr'><strong>τ’)</strong></span> <span class='ocrx_word' id='word_1_72' title='bbox 1588 1017 1717 1078; x_wconf 73' lang='grc' dir='ltr'>πᾶνν</span> <span class='ocrx_word' id='word_1_73' title='bbox 1752 1017 1799 1068; x_wconf 67' lang='grc' dir='ltr'>εί</span> <span class='ocrx_word' id='word_1_74' title='bbox 1825 1015 1899 1084; x_wconf 73' lang='grc' dir='ltr'><strong>μὴ</strong></span> 
     </span>
    </p>
   </div>
   <div class='ocr_carea' id='block_1_11' title="bbox 341 1106 1899 1184">
    <p class='ocr_par' dir='ltr' id='par_1_11' title="bbox 341 1106 1899 1184">
     <span class='ocr_line' id='line_1_11' title="bbox 341 1106 1899 1184; baseline 0 -25"><span class='ocrx_word' id='word_1_75' title='bbox 341 1106 395 1160; x_wconf 77' lang='grc' dir='ltr'><strong>τὸ</strong></span> <span class='ocrx_word' id='word_1_76' title='bbox 414 1107 570 1163; x_wconf 76' lang='grc' dir='ltr'>Θεῖον</span> <span class='ocrx_word' id='word_1_77' title='bbox 596 1111 822 1183; x_wconf 87' lang='grc' dir='ltr'>ἀντέϐη,</span> <span class='ocrx_word' id='word_1_78' title='bbox 865 1115 961 1168; x_wconf 73' lang='grc' dir='ltr'><strong>καὶ</strong></span> <span class='ocrx_word' id='word_1_79' title='bbox 982 1115 1117 1184; x_wconf 77' lang='grc' dir='ltr'>ταχὺ</span> <span class='ocrx_word' id='word_1_80' title='bbox 1155 1113 1433 1182; x_wconf 81' lang='grc' dir='ltr'>όδηγῆσαν</span> <span class='ocrx_word' id='word_1_81' title='bbox 1480 1109 1606 1172; x_wconf 77' lang='grc' dir='ltr'>τοὺς</span> <span class='ocrx_word' id='word_1_82' title='bbox 1651 1108 1899 1178; x_wconf 67' lang='grc' dir='ltr'>κρείττου</span> 
     </span>
    </p>
   </div>
   <div class='ocr_carea' id='block_1_12' title="bbox 338 1200 1899 1274">
    <p class='ocr_par' dir='ltr' id='par_1_12' title="bbox 338 1200 1899 1274">
     <span class='ocr_line' id='line_1_12' title="bbox 338 1200 1899 1274; baseline -0.008 -11"><span class='ocrx_word' id='word_1_83' title='bbox 338 1215 426 1262; x_wconf 78' lang='grc' dir='ltr'><strong>νας</strong></span> <span class='ocrx_word' id='word_1_84' title='bbox 463 1201 520 1254; x_wconf 72' lang='grc' dir='ltr'>ἓν</span> <span class='ocrx_word' id='word_1_85' title='bbox 548 1219 610 1269; x_wconf 82' lang='grc' dir='ltr'>γε</span> <span class='ocrx_word' id='word_1_86' title='bbox 642 1206 757 1266; x_wconf 85' lang='grc' dir='ltr'>τοῖς</span> <span class='ocrx_word' id='word_1_87' title='bbox 806 1205 1124 1274; x_wconf 82' lang='grc' dir='ltr'>βαρϐάροις,</span> <span class='ocrx_word' id='word_1_88' title='bbox 1154 1207 1233 1268; x_wconf 86' lang='grc' dir='ltr'><strong>είς</strong></span> <span class='ocrx_word' id='word_1_89' title='bbox 1265 1203 1527 1272; x_wconf 84' lang='grc' dir='ltr'>κωλύμην</span> <span class='ocrx_word' id='word_1_90' title='bbox 1557 1200 1899 1254; x_wconf 83' lang='grc' dir='ltr'><strong>κατεπέτασε</strong></span> 
     </span>
    </p>
   </div>
   <div class='ocr_carea' id='block_1_13' title="bbox 338 1291 1902 1368">
    <p class='ocr_par' dir='ltr' id='par_1_13' title="bbox 338 1291 1902 1368">
     <span class='ocr_line' id='line_1_13' title="bbox 338 1291 1902 1368; baseline 0 -25"><span class='ocrx_word' id='word_1_91' title='bbox 338 1291 422 1344; x_wconf 76' lang='grc' dir='ltr'>τοῦ</span> <span class='ocrx_word' id='word_1_92' title='bbox 447 1293 643 1349; x_wconf 80' lang='grc' dir='ltr'>κακοῦ.</span> <span class='ocrx_word' id='word_1_93' title='bbox 690 1297 962 1368; x_wconf 77' lang='grc' dir='ltr'>Εὐνοῦχος</span> <span class='ocrx_word' id='word_1_94' title='bbox 1017 1298 1124 1368; x_wconf 80' lang='grc' dir='ltr'>γὰρ</span> <span class='ocrx_word' id='word_1_95' title='bbox 1161 1297 1254 1350; x_wconf 77' lang='grc' dir='ltr'><strong>τοῦ</strong></span> <span class='ocrx_word' id='word_1_96' title='bbox 1314 1295 1503 1367; x_wconf 82' lang='grc' dir='ltr'>ρηγὸς,</span> <span class='ocrx_word' id='word_1_97' title='bbox 1537 1294 1745 1363; x_wconf 73' lang='grc' dir='ltr'>ἀμιρᾶς</span> <span class='ocrx_word' id='word_1_98' title='bbox 1801 1292 1902 1358; x_wconf 83' lang='grc' dir='ltr'>τὴν</span> 
     </span>
    </p>
   </div>
   <div class='ocr_carea' id='block_1_14' title="bbox 335 1380 1902 1458">
    <p class='ocr_par' dir='ltr' id='par_1_14' title="bbox 335 1380 1902 1458">
     <span class='ocr_line' id='line_1_14' title="bbox 335 1380 1902 1458; baseline -0.002 -22"><span class='ocrx_word' id='word_1_99' title='bbox 335 1383 502 1450; x_wconf 80' lang='grc' dir='ltr'><strong>ἀξίαν,</strong></span> <span class='ocrx_word' id='word_1_100' title='bbox 540 1386 806 1456; x_wconf 86' lang='grc' dir='ltr'>πράττειν</span> <span class='ocrx_word' id='word_1_101' title='bbox 857 1387 981 1453; x_wconf 80' lang='grc' dir='ltr'>ὀξὺς</span> <span class='ocrx_word' id='word_1_102' title='bbox 1013 1390 1105 1441; x_wconf 77' lang='grc' dir='ltr'>καὶ</span> <span class='ocrx_word' id='word_1_103' title='bbox 1134 1389 1358 1458; x_wconf 72' lang='grc' dir='ltr'>θερμὸς,</span> <span class='ocrx_word' id='word_1_104' title='bbox 1386 1380 1496 1449; x_wconf 73' lang='grc' dir='ltr'>οἷος</span> <span class='ocrx_word' id='word_1_105' title='bbox 1529 1383 1693 1455; x_wconf 85' lang='grc' dir='ltr'>φόϐον</span> <span class='ocrx_word' id='word_1_106' title='bbox 1735 1383 1902 1453; x_wconf 77' lang='grc' dir='ltr'>βαθὺν</span> 
     </span>
    </p>
   </div>
   <div class='ocr_carea' id='block_1_15' title="bbox 336 1474 1900 1550">
    <p class='ocr_par' dir='ltr' id='par_1_15' title="bbox 336 1474 1900 1550">
     <span class='ocr_line' id='line_1_15' title="bbox 336 1474 1900 1550; baseline 0.007 -23"><span class='ocrx_word' id='word_1_107' title='bbox 336 1477 733 1548; x_wconf 79' lang='grc' dir='ltr'><strong>καταπέμπειν,</strong></span> <span class='ocrx_word' id='word_1_108' title='bbox 758 1474 841 1543; x_wconf 74' lang='grc' dir='ltr'>οἷς</span> <span class='ocrx_word' id='word_1_109' title='bbox 874 1480 940 1533; x_wconf 85' lang='grc' dir='ltr'>ἂν</span> <span class='ocrx_word' id='word_1_110' title='bbox 983 1480 1178 1550; x_wconf 84' lang='grc' dir='ltr'>ἄγριος</span> <span class='ocrx_word' id='word_1_111' title='bbox 1210 1477 1621 1549; x_wconf 73' lang='grc' dir='ltr'>προσενεχθείη,</span> <span class='ocrx_word' id='word_1_112' title='bbox 1665 1475 1900 1543; x_wconf 76' lang='grc' dir='ltr'><strong>ἔφιππος</strong></span> 
     </span>
    </p>
   </div>
   <div class='ocr_carea' id='block_1_16' title="bbox 335 1564 1900 1638">
    <p class='ocr_par' dir='ltr' id='par_1_16' title="bbox 335 1564 1900 1638">
     <span class='ocr_line' id='line_1_16' title="bbox 335 1564 1900 1638; baseline -0.001 -20"><span class='ocrx_word' id='word_1_113' title='bbox 335 1566 634 1632; x_wconf 74' lang='grc' dir='ltr'>είσελάσας,</span> <span class='ocrx_word' id='word_1_114' title='bbox 667 1569 742 1632; x_wconf 87' lang='grc' dir='ltr'><strong>ὡς</strong></span> <span class='ocrx_word' id='word_1_115' title='bbox 770 1571 874 1624; x_wconf 76' lang='grc' dir='ltr'>οὐκ</span> <span class='ocrx_word' id='word_1_116' title='bbox 902 1571 966 1624; x_wconf 82' lang='grc' dir='ltr'>ἄν</span> <span class='ocrx_word' id='word_1_117' title='bbox 1005 1588 1088 1632; x_wconf 80' lang='grc' dir='ltr'><strong>τις</strong></span> <span class='ocrx_word' id='word_1_118' title='bbox 1125 1570 1362 1633; x_wconf 83' lang='grc' dir='ltr'>ὲλπίσοι,</span> <span class='ocrx_word' id='word_1_119' title='bbox 1394 1568 1499 1632; x_wconf 74' lang='grc' dir='ltr'>ἕως</span> <span class='ocrx_word' id='word_1_120' title='bbox 1525 1569 1602 1630; x_wconf 87' lang='grc' dir='ltr'><strong>εἰς</strong></span> <span class='ocrx_word' id='word_1_121' title='bbox 1627 1566 1763 1638; x_wconf 78' lang='grc' dir='ltr'>βαθὺ</span> <span class='ocrx_word' id='word_1_122' title='bbox 1805 1564 1900 1618; x_wconf 80' lang='grc' dir='ltr'><strong>τοῦ</strong></span> 
     </span>
    </p>
   </div>
   <div class='ocr_carea' id='block_1_17' title="bbox 333 1658 1901 1733">
    <p class='ocr_par' dir='ltr' id='par_1_17' title="bbox 333 1658 1901 1733">
     <span class='ocr_line' id='line_1_17' title="bbox 333 1658 1901 1733; baseline 0 -22"><span class='ocrx_word' id='word_1_123' title='bbox 333 1658 468 1714; x_wconf 88' lang='grc' dir='ltr'>θείου</span> <span class='ocrx_word' id='word_1_124' title='bbox 499 1661 658 1726; x_wconf 77' lang='grc' dir='ltr'>ναοῦ,</span> <span class='ocrx_word' id='word_1_125' title='bbox 688 1663 765 1726; x_wconf 85' lang='grc' dir='ltr'><strong>ὡς</strong></span> <span class='ocrx_word' id='word_1_126' title='bbox 824 1663 923 1733; x_wconf 80' lang='grc' dir='ltr'>μὲν</span> <span class='ocrx_word' id='word_1_127' title='bbox 951 1665 1000 1716; x_wconf 79' lang='lat' dir='ltr'><strong>oi</strong></span> <span class='ocrx_word' id='word_1_128' title='bbox 1057 1663 1243 1717; x_wconf 78' lang='grc' dir='ltr'>πολλοὶ</span> <span class='ocrx_word' id='word_1_129' title='bbox 1273 1662 1552 1732; x_wconf 77' lang='grc' dir='ltr'>ἐνόμισαν,</span> <span class='ocrx_word' id='word_1_130' title='bbox 1615 1658 1704 1712; x_wconf 76' lang='grc' dir='ltr'><strong>διὰ</strong></span> <span class='ocrx_word' id='word_1_131' title='bbox 1741 1675 1901 1730; x_wconf 87' lang='grc' dir='ltr'>περι-</span> 
     </span>
    </p>
   </div>
   <div class='ocr_carea' id='block_1_18' title="bbox 331 1751 1901 1824">
    <p class='ocr_par' dir='ltr' id='par_1_18' title="bbox 331 1751 1901 1824">
     <span class='ocr_line' id='line_1_18' title="bbox 331 1751 1901 1824; baseline 0.008 -21"><span class='ocrx_word' id='word_1_132' title='bbox 331 1753 596 1823; x_wconf 78' lang='grc' dir='ltr'><strong>φρόνησιν</strong></span> <span class='ocrx_word' id='word_1_133' title='bbox 631 1757 726 1808; x_wconf 79' lang='grc' dir='ltr'>καὶ</span> <span class='ocrx_word' id='word_1_134' title='bbox 760 1756 926 1818; x_wconf 78' lang='grc' dir='ltr'>αὐτὸς</span> <span class='ocrx_word' id='word_1_135' title='bbox 959 1758 1084 1808; x_wconf 82' lang='grc' dir='ltr'>κατ’</span> <span class='ocrx_word' id='word_1_136' title='bbox 1119 1755 1329 1808; x_wconf 77' lang='grc' dir='ltr'>ἐκεῖνον</span> <span class='ocrx_word' id='word_1_137' title='bbox 1353 1752 1433 1824; x_wconf 83' lang='grc' dir='ltr'>(ὃς</span> <span class='ocrx_word' id='word_1_138' title='bbox 1470 1753 1526 1805; x_wconf 74' lang='grc' dir='ltr'><strong>έν</strong></span> <span class='ocrx_word' id='word_1_139' title='bbox 1555 1755 1620 1820; x_wconf 79' lang='grc' dir='ltr'>τῇ</span> <span class='ocrx_word' id='word_1_140' title='bbox 1669 1751 1765 1820; x_wconf 77' lang='grc' dir='ltr'>τῆς</span> <span class='ocrx_word' id='word_1_141' title='bbox 1799 1768 1901 1819; x_wconf 86' lang='grc' dir='ltr'>μη-</span> 
     </span>
    </p>
   </div>
   <div class='ocr_carea' id='block_1_19' title="bbox 1997 557 3591 630">
    <p class='ocr_par' dir='ltr' id='par_1_19' title="bbox 1997 557 3591 630">
     <span class='ocr_line' id='line_1_19' title="bbox 1997 557 3591 630; baseline 0.001 -19"><span class='ocrx_word' id='word_1_142' title='bbox 1997 570 2150 611; x_wconf 89' lang='lat' dir='ltr'><strong>crum</strong></span> <span class='ocrx_word' id='word_1_143' title='bbox 2176 557 2463 612; x_wconf 83' lang='lat' dir='ltr'><strong>securibus</strong></span> <span class='ocrx_word' id='word_1_144' title='bbox 2490 559 2913 627; x_wconf 89' lang='lat' dir='ltr'><strong>percussissent,</strong></span> <span class='ocrx_word' id='word_1_145' title='bbox 2942 562 3031 630; x_wconf 88' lang='lat' dir='ltr'><strong>qui</strong></span> <span class='ocrx_word' id='word_1_146' title='bbox 3053 560 3156 630; x_wconf 82' lang='lat' dir='ltr'><strong>ipsi</strong></span> <span class='ocrx_word' id='word_1_147' title='bbox 3183 560 3343 615; x_wconf 90' lang='lat' dir='ltr'><strong>istam</strong></span> <span class='ocrx_word' id='word_1_148' title='bbox 3373 576 3591 630; x_wconf 86' lang='lat' dir='ltr'><strong>poenam</strong></span> 
     </span>
    </p>
   </div>
   <div class='ocr_carea' id='block_1_20' title="bbox 1999 647 3597 721">
    <p class='ocr_par' dir='ltr' id='par_1_20' title="bbox 1999 647 3597 721">
     <span class='ocr_line' id='line_1_20' title="bbox 1999 647 3597 721; baseline 0.004 -22"><span class='ocrx_word' id='word_1_149' title='bbox 1999 647 2371 710; x_wconf 87' lang='lat' dir='ltr'><strong>merebantur,</strong></span> <span class='ocrx_word' id='word_1_150' title='bbox 2403 660 2785 706; x_wconf 76' lang='lat' dir='ltr'><strong>ornamentum</strong></span> <span class='ocrx_word' id='word_1_151' title='bbox 2839 661 3153 721; x_wconf 78' lang='lat' dir='ltr'><strong>argenteum</strong></span> <span class='ocrx_word' id='word_1_152' title='bbox 3183 652 3329 721; x_wconf 88' lang='lat' dir='ltr'><strong>quod</strong></span> <span class='ocrx_word' id='word_1_153' title='bbox 3358 653 3597 706; x_wconf 85' lang='lat' dir='ltr'><strong>circum-</strong></span> 
     </span>
    </p>
   </div>
   <div class='ocr_carea' id='block_1_21' title="bbox 2001 739 3594 812">
    <p class='ocr_par' dir='ltr' id='par_1_21' title="bbox 2001 739 3594 812">
     <span class='ocr_line' id='line_1_21' title="bbox 2001 739 3594 812; baseline 0.003 -19"><span class='ocrx_word' id='word_1_154' title='bbox 2001 739 2167 793; x_wconf 87' lang='lat' dir='ltr'><strong>dabat</strong></span> <span class='ocrx_word' id='word_1_155' title='bbox 2198 741 2331 794; x_wconf 86' lang='lat' dir='ltr'><strong>illud</strong></span> <span class='ocrx_word' id='word_1_156' title='bbox 2381 742 2768 810; x_wconf 76' lang='lat' dir='ltr'><strong>przcciderunt,</strong></span> <span class='ocrx_word' id='word_1_157' title='bbox 2805 757 3183 811; x_wconf 84' lang='lat' dir='ltr'><strong>coronamque</strong></span> <span class='ocrx_word' id='word_1_158' title='bbox 3215 759 3438 798; x_wconf 81' lang='lat' dir='ltr'><strong>auream</strong></span> <span class='ocrx_word' id='word_1_159' title='bbox 3469 759 3594 812; x_wconf 73' lang='lat' dir='ltr'><strong>qua:</strong></span> 
     </span>
    </p>
   </div>
   <div class='ocr_carea' id='block_1_22' title="bbox 2001 833 3593 906">
    <p class='ocr_par' dir='ltr' id='par_1_22' title="bbox 2001 833 3593 906">
     <span class='ocr_line' id='line_1_22' title="bbox 2001 833 3593 906; baseline 0.004 -21"><span class='ocrx_word' id='word_1_160' title='bbox 2001 841 2164 898; x_wconf 86' lang='lat' dir='ltr'><strong>caput</strong></span> <span class='ocrx_word' id='word_1_161' title='bbox 2195 833 2313 901; x_wconf 82' lang='lat' dir='ltr'><strong>ejus</strong></span> <span class='ocrx_word' id='word_1_162' title='bbox 2347 835 2598 906; x_wconf 77' lang='lat' dir='ltr'><strong>cingebat</strong></span> <span class='ocrx_word' id='word_1_163' title='bbox 2627 837 3002 902; x_wconf 77' lang='lat' dir='ltr'><strong>detraxerunt,</strong></span> <span class='ocrx_word' id='word_1_164' title='bbox 3030 837 3190 891; x_wconf 90' lang='lat' dir='ltr'><strong>simul</strong></span> <span class='ocrx_word' id='word_1_165' title='bbox 3211 846 3264 892; x_wconf 90' lang='lat' dir='ltr'><strong>ct</strong></span> <span class='ocrx_word' id='word_1_166' title='bbox 3290 838 3395 891; x_wconf 89' lang='lat' dir='ltr'><strong>alia</strong></span> <span class='ocrx_word' id='word_1_167' title='bbox 3428 838 3593 906; x_wconf 90' lang='lat' dir='ltr'><strong>pedes</strong></span> 
     </span>
    </p>
   </div>
   <div class='ocr_carea' id='block_1_23' title="bbox 2001 925 3595 999">
    <p class='ocr_par' dir='ltr' id='par_1_23' title="bbox 2001 925 3595 999">
     <span class='ocr_line' id='line_1_23' title="bbox 2001 925 3595 999; baseline 0.003 -20"><span class='ocrx_word' id='word_1_168' title='bbox 2001 925 2121 995; x_wconf 80' lang='lat' dir='ltr'><strong>ejus</strong></span> <span class='ocrx_word' id='word_1_169' title='bbox 2154 926 2457 994; x_wconf 76' lang='lat' dir='ltr'><strong>ciugentcs,</strong></span> <span class='ocrx_word' id='word_1_170' title='bbox 2501 927 2736 984; x_wconf 75' lang='lat' dir='ltr'><strong>fortasse</strong></span> <span class='ocrx_word' id='word_1_171' title='bbox 2771 936 2827 982; x_wconf 92' lang='lat' dir='ltr'><strong>ut</strong></span> <span class='ocrx_word' id='word_1_172' title='bbox 2855 938 3157 999; x_wconf 76' lang='lat' dir='ltr'><strong>promptam</strong></span> <span class='ocrx_word' id='word_1_173' title='bbox 3195 929 3370 985; x_wconf 86' lang='lat' dir='ltr'><strong>sancti</strong></span> <span class='ocrx_word' id='word_1_174' title='bbox 3415 929 3595 983; x_wconf 80' lang='lat' dir='ltr'><strong>vindi-</strong></span> 
     </span>
    </p>
   </div>
   <div class='ocr_carea' id='block_1_24' title="bbox 2001 1016 3594 1090">
    <p class='ocr_par' dir='ltr' id='par_1_24' title="bbox 2001 1016 3594 1090">
     <span class='ocr_line' id='line_1_24' title="bbox 2001 1016 3594 1090; baseline 0.004 -22"><span class='ocrx_word' id='word_1_175' title='bbox 2001 1026 2143 1069; x_wconf 90' lang='lat' dir='ltr'><strong>ctam</strong></span> <span class='ocrx_word' id='word_1_176' title='bbox 2173 1016 2495 1087; x_wconf 67' lang='lat' dir='ltr'><strong>effugerent.</strong></span> <span class='ocrx_word' id='word_1_177' title='bbox 2533 1018 2623 1072; x_wconf 87' lang='lat' dir='ltr'><strong>Sic</strong></span> <span class='ocrx_word' id='word_1_178' title='bbox 2663 1021 2862 1090; x_wconf 89' lang='lat' dir='ltr'><strong>ubique</strong></span> <span class='ocrx_word' id='word_1_179' title='bbox 2892 1020 3128 1089; x_wconf 80' lang='lat' dir='ltr'><strong>egissent</strong></span> <span class='ocrx_word' id='word_1_180' title='bbox 3159 1021 3263 1074; x_wconf 83' lang='lat' dir='ltr'><strong>nisi</strong></span> <span class='ocrx_word' id='word_1_181' title='bbox 3297 1020 3594 1074; x_wconf 77' lang='lat' dir='ltr'><strong>Providen-</strong></span> 
     </span>
    </p>
   </div>
   <div class='ocr_carea' id='block_1_25' title="bbox 2003 1107 3592 1178">
    <p class='ocr_par' dir='ltr' id='par_1_25' title="bbox 2003 1107 3592 1178">
     <span class='ocr_line' id='line_1_25' title="bbox 2003 1107 3592 1178; baseline 0.003 -20"><span class='ocrx_word' id='word_1_182' title='bbox 2003 1107 2076 1158; x_wconf 88' lang='lat' dir='ltr'><strong>tia</strong></span> <span class='ocrx_word' id='word_1_183' title='bbox 2127 1107 2460 1173; x_wconf 88' lang='lat' dir='ltr'><strong>obvenisset,</strong></span> <span class='ocrx_word' id='word_1_184' title='bbox 2506 1108 2886 1178; x_wconf 86' lang='lat' dir='ltr'><strong>adhibensquc</strong></span> <span class='ocrx_word' id='word_1_185' title='bbox 2917 1109 3068 1164; x_wconf 83' lang='lat' dir='ltr'><strong>brevi</strong></span> <span class='ocrx_word' id='word_1_186' title='bbox 3100 1109 3245 1163; x_wconf 91' lang='lat' dir='ltr'><strong>viros</strong></span> <span class='ocrx_word' id='word_1_187' title='bbox 3279 1108 3530 1163; x_wconf 88' lang='lat' dir='ltr'><strong>meliores</strong></span> <span class='ocrx_word' id='word_1_188' title='bbox 3559 1122 3592 1162; x_wconf 88' lang='lat' dir='ltr'><strong>e</strong></span> 
     </span>
    </p>
   </div>
   <div class='ocr_carea' id='block_1_26' title="bbox 2008 1195 3593 1268">
    <p class='ocr_par' dir='ltr' id='par_1_26' title="bbox 2008 1195 3593 1268">
     <span class='ocr_line' id='line_1_26' title="bbox 2008 1195 3593 1268; baseline 0.001 -20"><span class='ocrx_word' id='word_1_189' title='bbox 2008 1195 2187 1252; x_wconf 91' lang='lat' dir='ltr'><strong>medio</strong></span> <span class='ocrx_word' id='word_1_190' title='bbox 2225 1196 2586 1252; x_wconf 77' lang='lat' dir='ltr'><strong>Barbarorum</strong></span> <span class='ocrx_word' id='word_1_191' title='bbox 2619 1199 2685 1254; x_wconf 89' lang='lat' dir='ltr'><strong>ad</strong></span> <span class='ocrx_word' id='word_1_192' title='bbox 2725 1199 3128 1268; x_wconf 89' lang='lat' dir='ltr'><strong>impediendum</strong></span> <span class='ocrx_word' id='word_1_193' title='bbox 3161 1200 3361 1254; x_wconf 85' lang='lat' dir='ltr'><strong>malum</strong></span> <span class='ocrx_word' id='word_1_194' title='bbox 3395 1207 3593 1268; x_wconf 66' lang='lat' dir='ltr'><strong>praesto</strong></span> 
     </span>
    </p>
   </div>
   <div class='ocr_carea' id='block_1_27' title="bbox 2003 1284 3586 1357">
    <p class='ocr_par' dir='ltr' id='par_1_27' title="bbox 2003 1284 3586 1357">
     <span class='ocr_line' id='line_1_27' title="bbox 2003 1284 3586 1357; baseline -0.002 -17"><span class='ocrx_word' id='word_1_195' title='bbox 2003 1284 2220 1342; x_wconf 88' lang='lat' dir='ltr'><strong>fuisset.</strong></span> <span class='ocrx_word' id='word_1_196' title='bbox 2254 1288 2548 1342; x_wconf 84' lang='lat' dir='ltr'><strong>Eunuchus</strong></span> <span class='ocrx_word' id='word_1_197' title='bbox 2589 1287 2735 1344; x_wconf 89' lang='lat' dir='ltr'><strong>enim</strong></span> <span class='ocrx_word' id='word_1_198' title='bbox 2772 1288 2941 1357; x_wconf 77' lang='lat' dir='ltr'><strong>regis,</strong></span> <span class='ocrx_word' id='word_1_199' title='bbox 2969 1302 3170 1342; x_wconf 77' lang='lat' dir='ltr'><strong>amerne</strong></span> <span class='ocrx_word' id='word_1_200' title='bbox 3200 1287 3464 1356; x_wconf 77' lang='lat' dir='ltr'><strong>dignitate</strong></span> <span class='ocrx_word' id='word_1_201' title='bbox 3492 1299 3586 1338; x_wconf 89' lang='lat' dir='ltr'><strong>or-</strong></span> 
     </span>
    </p>
   </div>
   <div class='ocr_carea' id='block_1_28' title="bbox 2004 1375 3586 1448">
    <p class='ocr_par' dir='ltr' id='par_1_28' title="bbox 2004 1375 3586 1448">
     <span class='ocr_line' id='line_1_28' title="bbox 2004 1375 3586 1448; baseline -0.001 -17"><span class='ocrx_word' id='word_1_202' title='bbox 2004 1385 2188 1440; x_wconf 89' lang='lat' dir='ltr'><strong>natus,</strong></span> <span class='ocrx_word' id='word_1_203' title='bbox 2233 1378 2300 1432; x_wconf 90' lang='lat' dir='ltr'><strong>ad</strong></span> <span class='ocrx_word' id='word_1_204' title='bbox 2331 1387 2514 1433; x_wconf 89' lang='lat' dir='ltr'><strong>actum</strong></span> <span class='ocrx_word' id='word_1_205' title='bbox 2557 1387 2840 1448; x_wconf 90' lang='lat' dir='ltr'><strong>promptus</strong></span> <span class='ocrx_word' id='word_1_206' title='bbox 2893 1394 2958 1434; x_wconf 90' lang='lat' dir='ltr'><strong>ac</strong></span> <span class='ocrx_word' id='word_1_207' title='bbox 3011 1375 3282 1442; x_wconf 83' lang='lat' dir='ltr'><strong>fervidus,</strong></span> <span class='ocrx_word' id='word_1_208' title='bbox 3313 1382 3586 1430; x_wconf 88' lang='lat' dir='ltr'><strong>terrorem</strong></span> 
     </span>
    </p>
   </div>
   <div class='ocr_carea' id='block_1_29' title="bbox 2007 1470 3590 1540">
    <p class='ocr_par' dir='ltr' id='par_1_29' title="bbox 2007 1470 3590 1540">
     <span class='ocr_line' id='line_1_29' title="bbox 2007 1470 3590 1540; baseline -0.002 -18"><span class='ocrx_word' id='word_1_209' title='bbox 2007 1470 2308 1524; x_wconf 77' lang='lat' dir='ltr'><strong>maximum</strong></span> <span class='ocrx_word' id='word_1_210' title='bbox 2342 1472 2591 1525; x_wconf 83' lang='lat' dir='ltr'><strong>incutere</strong></span> <span class='ocrx_word' id='word_1_211' title='bbox 2620 1471 2828 1537; x_wconf 86' lang='lat' dir='ltr'><strong>valens,</strong></span> <span class='ocrx_word' id='word_1_212' title='bbox 2856 1471 3089 1540; x_wconf 87' lang='lat' dir='ltr'><strong>agrestis</strong></span> <span class='ocrx_word' id='word_1_213' title='bbox 3119 1476 3378 1538; x_wconf 89' lang='lat' dir='ltr'><strong>aspectus</strong></span> <span class='ocrx_word' id='word_1_214' title='bbox 3399 1482 3590 1533; x_wconf 83' lang='lat' dir='ltr'><strong>causa,</strong></span> 
     </span>
    </p>
   </div>
   <div class='ocr_carea' id='block_1_30' title="bbox 2004 1563 3595 1631">
    <p class='ocr_par' dir='ltr' id='par_1_30' title="bbox 2004 1563 3595 1631">
     <span class='ocr_line' id='line_1_30' title="bbox 2004 1563 3595 1631; baseline -0.002 -15"><span class='ocrx_word' id='word_1_215' title='bbox 2004 1574 2148 1630; x_wconf 86' lang='lat' dir='ltr'><strong>equo</strong></span> <span class='ocrx_word' id='word_1_216' title='bbox 2207 1563 2404 1618; x_wconf 88' lang='lat' dir='ltr'><strong>sedens</strong></span> <span class='ocrx_word' id='word_1_217' title='bbox 2444 1564 2706 1630; x_wconf 87' lang='lat' dir='ltr'><strong>irruerat,</strong></span> <span class='ocrx_word' id='word_1_218' title='bbox 2741 1564 2968 1618; x_wconf 90' lang='lat' dir='ltr'><strong>nemine</strong></span> <span class='ocrx_word' id='word_1_219' title='bbox 3005 1570 3378 1631; x_wconf 82' lang='lat' dir='ltr'><strong>exspectante,</strong></span> <span class='ocrx_word' id='word_1_220' title='bbox 3417 1575 3595 1629; x_wconf 82' lang='lat' dir='ltr'><strong>usque</strong></span> 
     </span>
    </p>
   </div>
   <div class='ocr_carea' id='block_1_31' title="bbox 2005 1653 3595 1726">
    <p class='ocr_par' dir='ltr' id='par_1_31' title="bbox 2005 1653 3595 1726">
     <span class='ocr_line' id='line_1_31' title="bbox 2005 1653 3595 1726; baseline 0.001 -20"><span class='ocrx_word' id='word_1_221' title='bbox 2005 1654 2070 1707; x_wconf 89' lang='lat' dir='ltr'><strong>ad</strong></span> <span class='ocrx_word' id='word_1_222' title='bbox 2103 1654 2351 1708; x_wconf 86' lang='lat' dir='ltr'><strong>intimam</strong></span> <span class='ocrx_word' id='word_1_223' title='bbox 2389 1664 2597 1726; x_wconf 86' lang='lat' dir='ltr'><strong>partem</strong></span> <span class='ocrx_word' id='word_1_224' title='bbox 2627 1656 2816 1725; x_wconf 88' lang='lat' dir='ltr'><strong>templi</strong></span> <span class='ocrx_word' id='word_1_225' title='bbox 2855 1655 3234 1724; x_wconf 81' lang='lat' dir='ltr'><strong>divini,juxta</strong></span> <span class='ocrx_word' id='word_1_226' title='bbox 3263 1653 3408 1722; x_wconf 88' lang='lat' dir='ltr'><strong>quod</strong></span> <span class='ocrx_word' id='word_1_227' title='bbox 3435 1653 3595 1708; x_wconf 90' lang='lat' dir='ltr'><strong>multi</strong></span> 
     </span>
    </p>
   </div>
   <div class='ocr_carea' id='block_1_32' title="bbox 2006 1745 3596 1819">
    <p class='ocr_par' dir='ltr' id='par_1_32' title="bbox 2006 1745 3596 1819">
     <span class='ocr_line' id='line_1_32' title="bbox 2006 1745 3596 1819; baseline 0.002 -22"><span class='ocrx_word' id='word_1_228' title='bbox 2006 1745 2388 1810; x_wconf 88' lang='lat' dir='ltr'><strong>crediderunt,</strong></span> <span class='ocrx_word' id='word_1_229' title='bbox 2439 1761 2537 1817; x_wconf 84' lang='lat' dir='ltr'><strong>per</strong></span> <span class='ocrx_word' id='word_1_230' title='bbox 2575 1757 2950 1817; x_wconf 88' lang='lat' dir='ltr'><strong>contemptum</strong></span> <span class='ocrx_word' id='word_1_231' title='bbox 2988 1747 3281 1819; x_wconf 86' lang='lat' dir='ltr'><strong>(cquitans</strong></span> <span class='ocrx_word' id='word_1_232' title='bbox 3327 1761 3426 1816; x_wconf 91' lang='lat' dir='ltr'><strong>per</strong></span> <span class='ocrx_word' id='word_1_233' title='bbox 3479 1761 3596 1800; x_wconf 89' lang='lat' dir='ltr'><strong>me-</strong></span> 
     </span>
    </p>
   </div>
   <div class='ocr_carea' id='block_1_33' title="bbox 330 1819 1900 1914">
    <p class='ocr_par' dir='ltr' id='par_1_33' title="bbox 330 1819 1900 1914">
     <span class='ocr_line' id='line_1_33' title="bbox 330 1819 1900 1914; baseline 0.001 -22"><span class='ocrx_word' id='word_1_234' title='bbox 330 1819 632 1909; x_wconf 79' lang='grc' dir='ltr'>τροπόλεως</span> <span class='ocrx_word' id='word_1_235' title='bbox 654 1842 918 1914; x_wconf 78' lang='grc' dir='ltr'>καθολικῇ</span> <span class='ocrx_word' id='word_1_236' title='bbox 948 1819 1368 1911; x_wconf 52' lang='grc' dir='ltr'>καθιππεύσας,</span> <span class='ocrx_word' id='word_1_237' title='bbox 1383 1842 1474 1896; x_wconf 89' lang='grc' dir='ltr'><strong>τόν</strong></span> <span class='ocrx_word' id='word_1_238' title='bbox 1495 1860 1553 1896; x_wconf 87' lang='grc' dir='ltr'><strong>τε</strong></span> <span class='ocrx_word' id='word_1_239' title='bbox 1584 1819 1750 1895; x_wconf 69' lang='grc' dir='ltr'>ἵππον</span> <span class='ocrx_word' id='word_1_240' title='bbox 1773 1839 1900 1893; x_wconf 85' lang='grc' dir='ltr'>ἀπέ-</span> 
     </span>
    </p>
   </div>
   <div class='ocr_carea' id='block_1_34' title="bbox 2002 1819 3594 1914">
    <p class='ocr_par' dir='ltr' id='par_1_34' title="bbox 2004 1837 3594 1911">
     <span class='ocr_line' id='line_1_34' title="bbox 2004 1837 3594 1911; baseline 0 -19"><span class='ocrx_word' id='word_1_241' title='bbox 2004 1837 2231 1906; x_wconf 87' lang='lat' dir='ltr'><strong>tropolis</strong></span> <span class='ocrx_word' id='word_1_242' title='bbox 2259 1841 2632 1896; x_wconf 82' lang='lat' dir='ltr'><strong>cathedralem</strong></span> <span class='ocrx_word' id='word_1_243' title='bbox 2681 1856 2885 1911; x_wconf 89' lang='lat' dir='ltr'><strong>equum</strong></span> <span class='ocrx_word' id='word_1_244' title='bbox 2934 1856 3093 1897; x_wconf 88' lang='lat' dir='ltr'><strong>suum</strong></span> <span class='ocrx_word' id='word_1_245' title='bbox 3127 1842 3386 1896; x_wconf 87' lang='lat' dir='ltr'><strong>emiserat</strong></span> <span class='ocrx_word' id='word_1_246' title='bbox 3426 1855 3594 1910; x_wconf 90' lang='lat' dir='ltr'><strong>quam</strong></span> 
     </span>
    </p>
   </div>
   <div class='ocr_carea' id='block_1_35' title="bbox 329 1926 1895 2005">
    <p class='ocr_par' dir='ltr' id='par_1_35' title="bbox 329 1926 1895 2005">
     <span class='ocr_line' id='line_1_35' title="bbox 329 1926 1895 2005; baseline -0.002 -19"><span class='ocrx_word' id='word_1_247' title='bbox 329 1932 454 1987; x_wconf 83' lang='grc' dir='ltr'>ϐαλε</span> <span class='ocrx_word' id='word_1_248' title='bbox 489 1935 954 2005; x_wconf 71' lang='grc' dir='ltr'><strong>συγκατενεχθεὶς</strong></span> <span class='ocrx_word' id='word_1_249' title='bbox 983 1934 1348 2005; x_wconf 80' lang='grc' dir='ltr'>θραυσθέντα,</span> <span class='ocrx_word' id='word_1_250' title='bbox 1382 1936 1474 1988; x_wconf 72' lang='grc' dir='ltr'>καὶ</span> <span class='ocrx_word' id='word_1_251' title='bbox 1506 1932 1669 1996; x_wconf 71' lang='grc' dir='ltr'>αὐτὸς</span> <span class='ocrx_word' id='word_1_252' title='bbox 1700 1933 1800 1984; x_wconf 82' lang='grc' dir='ltr'>οὐκ</span> <span class='ocrx_word' id='word_1_253' title='bbox 1837 1926 1895 1984; x_wconf 75' lang='grc' dir='ltr'><strong>εὖ</strong></span> 
     </span>
    </p>
   </div>
   <div class='ocr_carea' id='block_1_36' title="bbox 334 2022 1898 2095">
    <p class='ocr_par' dir='ltr' id='par_1_36' title="bbox 334 2022 1898 2095">
     <span class='ocr_line' id='line_1_36' title="bbox 334 2022 1898 2095; baseline -0.003 -17"><span class='ocrx_word' id='word_1_254' title='bbox 334 2025 669 2095; x_wconf 77' lang='grc' dir='ltr'><strong>ἀπήλλαξεν,</strong></span> <span class='ocrx_word' id='word_1_255' title='bbox 721 2025 940 2094; x_wconf 83' lang='grc' dir='ltr'>ἀληθῶς</span> <span class='ocrx_word' id='word_1_256' title='bbox 973 2027 1030 2079; x_wconf 78' lang='grc' dir='ltr'>δὲ</span> <span class='ocrx_word' id='word_1_257' title='bbox 1061 2025 1200 2080; x_wconf 82' lang='grc' dir='ltr'>κατὰ</span> <span class='ocrx_word' id='word_1_258' title='bbox 1228 2023 1574 2095; x_wconf 79' lang='grc' dir='ltr'><strong>προμήθειαν</strong></span> <span class='ocrx_word' id='word_1_259' title='bbox 1600 2038 1615 2053; x_wconf 86' lang='grc'><strong>·</strong></span> <span class='ocrx_word' id='word_1_260' title='bbox 1666 2022 1752 2075; x_wconf 70' lang='grc' dir='ltr'><strong>ἵνα</strong></span> <span class='ocrx_word' id='word_1_261' title='bbox 1807 2022 1898 2074; x_wconf 71' lang='grc' dir='ltr'>καὶ</span> 
     </span>
    </p>
   </div>
   <div class='ocr_carea' id='block_1_37' title="bbox 329 2114 1901 2188">
    <p class='ocr_par' dir='ltr' id='par_1_37' title="bbox 329 2114 1901 2188">
     <span class='ocr_line' id='line_1_37' title="bbox 329 2114 1901 2188; baseline -0.001 -19"><span class='ocrx_word' id='word_1_262' title='bbox 329 2118 450 2188; x_wconf 76' lang='grc' dir='ltr'>ῥᾷον</span> <span class='ocrx_word' id='word_1_263' title='bbox 477 2116 628 2172; x_wconf 79' lang='grc' dir='ltr'>οὕτω</span> <span class='ocrx_word' id='word_1_264' title='bbox 649 2118 737 2172; x_wconf 79' lang='grc' dir='ltr'><strong>διὰ</strong></span> <span class='ocrx_word' id='word_1_265' title='bbox 765 2119 863 2188; x_wconf 83' lang='grc' dir='ltr'>τῆς</span> <span class='ocrx_word' id='word_1_266' title='bbox 892 2120 1229 2188; x_wconf 82' lang='grc' dir='ltr'><strong>πυκνότητος</strong></span> <span class='ocrx_word' id='word_1_267' title='bbox 1250 2117 1345 2169; x_wconf 80' lang='grc' dir='ltr'><strong>τοῦ</strong></span> <span class='ocrx_word' id='word_1_268' title='bbox 1376 2116 1506 2169; x_wconf 78' lang='grc' dir='ltr'>λαοῦ</span> <span class='ocrx_word' id='word_1_269' title='bbox 1520 2114 1901 2185; x_wconf 85' lang='grc' dir='ltr'>παρεισδύοιτο</span> 
     </span>
    </p>
   </div>
   <div class='ocr_carea' id='block_1_38' title="bbox 328 2207 1900 2279">
    <p class='ocr_par' dir='ltr' id='par_1_38' title="bbox 328 2207 1900 2279">
     <span class='ocr_line' id='line_1_38' title="bbox 328 2207 1900 2279; baseline -0.001 -19"><span class='ocrx_word' id='word_1_270' title='bbox 328 2210 640 2276; x_wconf 78' lang='grc' dir='ltr'>φευγόντων</span> <span class='ocrx_word' id='word_1_271' title='bbox 689 2211 957 2275; x_wconf 78' lang='grc' dir='ltr'>ἑκάστων,</span> <span class='ocrx_word' id='word_1_272' title='bbox 998 2208 1426 2279; x_wconf 84' lang='grc' dir='ltr'>συμπατηθῆναι</span> <span class='ocrx_word' id='word_1_273' title='bbox 1468 2207 1544 2276; x_wconf 85' lang='grc' dir='ltr'><strong>τῷ</strong></span> <span class='ocrx_word' id='word_1_274' title='bbox 1588 2207 1772 2274; x_wconf 75' lang='grc' dir='ltr'>ἵππῳ,</span> <span class='ocrx_word' id='word_1_275' title='bbox 1807 2207 1900 2259; x_wconf 79' lang='grc' dir='ltr'>καὶ</span> 
     </span>
    </p>
   </div>
   <div class='ocr_carea' id='block_1_39' title="bbox 325 2297 1901 2370">
    <p class='ocr_par' dir='ltr' id='par_1_39' title="bbox 325 2297 1901 2370">
     <span class='ocr_line' id='line_1_39' title="bbox 325 2297 1901 2370; baseline 0.001 -20"><span class='ocrx_word' id='word_1_276' title='bbox 325 2297 570 2362; x_wconf 76' lang='grc' dir='ltr'>ἄποπτος</span> <span class='ocrx_word' id='word_1_277' title='bbox 618 2299 676 2354; x_wconf 84' lang='grc' dir='ltr'>δὲ</span> <span class='ocrx_word' id='word_1_278' title='bbox 697 2300 772 2352; x_wconf 85' lang='grc' dir='ltr'><strong>ῶν</strong></span> <span class='ocrx_word' id='word_1_279' title='bbox 804 2299 994 2370; x_wconf 80' lang='grc' dir='ltr'>βλέποι</span> <span class='ocrx_word' id='word_1_280' title='bbox 1024 2301 1144 2355; x_wconf 77' lang='grc' dir='ltr'>τότε</span> <span class='ocrx_word' id='word_1_281' title='bbox 1172 2302 1265 2353; x_wconf 78' lang='grc' dir='ltr'><strong>καὶ</strong></span> <span class='ocrx_word' id='word_1_282' title='bbox 1297 2299 1612 2354; x_wconf 79' lang='grc' dir='ltr'>άντιϐλέποι</span> <span class='ocrx_word' id='word_1_283' title='bbox 1642 2298 1770 2361; x_wconf 77' lang='grc' dir='ltr'>τοὺς</span> <span class='ocrx_word' id='word_1_284' title='bbox 1803 2316 1901 2352; x_wconf 89' lang='grc' dir='ltr'><strong>κα-</strong></span> 
     </span>
    </p>
   </div>
   <div class='ocr_carea' id='block_1_40' title="bbox 324 2392 1897 2463">
    <p class='ocr_par' dir='ltr' id='par_1_40' title="bbox 324 2392 1897 2463">
     <span class='ocr_line' id='line_1_40' title="bbox 324 2392 1897 2463; baseline 0.002 -20"><span class='ocrx_word' id='word_1_285' title='bbox 324 2392 717 2461; x_wconf 82' lang='grc' dir='ltr'>κουργοῦντας,</span> <span class='ocrx_word' id='word_1_286' title='bbox 758 2395 852 2448; x_wconf 58' lang='grc' dir='ltr'><strong>καὶ⁵</strong></span> <span class='ocrx_word' id='word_1_287' title='bbox 887 2393 1063 2457; x_wconf 71' lang='grc' dir='ltr'>οὕτως</span> <span class='ocrx_word' id='word_1_288' title='bbox 1093 2394 1292 2458; x_wconf 77' lang='grc' dir='ltr'>αὐτοὺς</span> <span class='ocrx_word' id='word_1_289' title='bbox 1311 2392 1595 2463; x_wconf 83' lang='grc' dir='ltr'>ἀμύνοιτο)</span> <span class='ocrx_word' id='word_1_290' title='bbox 1625 2409 1638 2423; x_wconf 85' lang='grc'>·</span> <span class='ocrx_word' id='word_1_291' title='bbox 1670 2392 1897 2461; x_wconf 86' lang='grc' dir='ltr'>εἰσδρα-</span> 
     </span>
    </p>
   </div>
   <div class='ocr_carea' id='block_1_41' title="bbox 325 2481 1896 2553">
    <p class='ocr_par' dir='ltr' id='par_1_41' title="bbox 325 2481 1896 2553">
     <span class='ocr_line' id='line_1_41' title="bbox 325 2481 1896 2553; baseline 0 -20"><span class='ocrx_word' id='word_1_292' title='bbox 325 2481 438 2550; x_wconf 84' lang='grc' dir='ltr'>μὼν</span> <span class='ocrx_word' id='word_1_293' title='bbox 501 2481 640 2552; x_wconf 78' lang='grc' dir='ltr'>γοῦν</span> <span class='ocrx_word' id='word_1_294' title='bbox 668 2485 695 2535; x_wconf 86' lang='grc' dir='ltr'><strong>ό</strong></span> <span class='ocrx_word' id='word_1_295' title='bbox 726 2482 982 2552; x_wconf 75' lang='grc' dir='ltr'>εὐνοῦχος</span> <span class='ocrx_word' id='word_1_296' title='bbox 1029 2483 1172 2536; x_wconf 78' lang='grc' dir='ltr'>οὕτω</span> <span class='ocrx_word' id='word_1_297' title='bbox 1231 2484 1352 2553; x_wconf 88' lang='grc' dir='ltr'>μετ’</span> <span class='ocrx_word' id='word_1_298' title='bbox 1391 2482 1648 2551; x_wconf 73' lang='grc' dir='ltr'>εὐγενοῦς</span> <span class='ocrx_word' id='word_1_299' title='bbox 1704 2481 1896 2544; x_wconf 81' lang='grc' dir='ltr'>ἵππου,</span> 
     </span>
    </p>
   </div>
   <div class='ocr_carea' id='block_1_42' title="bbox 323 2573 1898 2648">
    <p class='ocr_par' dir='ltr' id='par_1_42' title="bbox 323 2573 1898 2648">
     <span class='ocr_line' id='line_1_42' title="bbox 323 2573 1898 2648; baseline 0 -22"><span class='ocrx_word' id='word_1_300' title='bbox 323 2575 414 2627; x_wconf 82' lang='grc' dir='ltr'>καὶ</span> <span class='ocrx_word' id='word_1_301' title='bbox 443 2573 548 2645; x_wconf 79' lang='grc' dir='ltr'><strong>τὴν</strong></span> <span class='ocrx_word' id='word_1_302' title='bbox 605 2577 744 2644; x_wconf 83' lang='grc' dir='ltr'>μετὰ</span> <span class='ocrx_word' id='word_1_303' title='bbox 800 2581 958 2646; x_wconf 80' lang='grc' dir='ltr'><strong>χεῖρα</strong></span> <span class='ocrx_word' id='word_1_304' title='bbox 1013 2577 1271 2647; x_wconf 81' lang='grc' dir='ltr'><strong>σιδηρέαν</strong></span> <span class='ocrx_word' id='word_1_305' title='bbox 1329 2574 1568 2648; x_wconf 78' lang='grc' dir='ltr'>κορύνην</span> <span class='ocrx_word' id='word_1_306' title='bbox 1617 2575 1898 2640; x_wconf 81' lang='grc' dir='ltr'>κατάγων,</span> 
     </span>
    </p>
   </div>
   <div class='ocr_carea' id='block_1_43' title="bbox 324 2662 1898 2735">
    <p class='ocr_par' dir='ltr' id='par_1_43' title="bbox 324 2662 1898 2735">
     <span class='ocr_line' id='line_1_43' title="bbox 324 2662 1898 2735; baseline 0.001 -20"><span class='ocrx_word' id='word_1_307' title='bbox 324 2663 953 2735; x_wconf 80' lang='grc' dir='ltr'>συνεπιλαμϐανομένων</span> <span class='ocrx_word' id='word_1_308' title='bbox 987 2665 1104 2735; x_wconf 77' lang='grc' dir='ltr'><strong>ἅμα</strong></span> <span class='ocrx_word' id='word_1_309' title='bbox 1138 2665 1232 2718; x_wconf 76' lang='grc' dir='ltr'>καὶ</span> <span class='ocrx_word' id='word_1_310' title='bbox 1282 2665 1395 2719; x_wconf 82' lang='grc' dir='ltr'><strong>τῶν</strong></span> <span class='ocrx_word' id='word_1_311' title='bbox 1426 2664 1783 2733; x_wconf 80' lang='grc' dir='ltr'>ὲφεπομένων</span> <span class='ocrx_word' id='word_1_312' title='bbox 1810 2662 1898 2716; x_wconf 76' lang='grc' dir='ltr'><strong>θεο</strong></span> 
     </span>
    </p>
   </div>
   <div class='ocr_carea' id='block_1_44' title="bbox 322 2753 1902 2828">
    <p class='ocr_par' dir='ltr' id='par_1_44' title="bbox 322 2753 1902 2828">
     <span class='ocr_line' id='line_1_44' title="bbox 322 2753 1902 2828; baseline 0.001 -21"><span class='ocrx_word' id='word_1_313' title='bbox 322 2755 638 2820; x_wconf 89' lang='grc' dir='ltr'>ραπόντων,</span> <span class='ocrx_word' id='word_1_314' title='bbox 663 2756 713 2810; x_wconf 79' lang='grc' dir='ltr'>οἳ</span> <span class='ocrx_word' id='word_1_315' title='bbox 745 2758 839 2810; x_wconf 69' lang='grc' dir='ltr'>καὶ</span> <span class='ocrx_word' id='word_1_316' title='bbox 868 2759 1024 2811; x_wconf 72' lang='grc' dir='ltr'>αὐτοὶ</span> <span class='ocrx_word' id='word_1_317' title='bbox 1078 2758 1300 2828; x_wconf 79' lang='grc' dir='ltr'>σφοδροὶ</span> <span class='ocrx_word' id='word_1_318' title='bbox 1344 2758 1480 2828; x_wconf 82' lang='grc' dir='ltr'>δρᾷν</span> <span class='ocrx_word' id='word_1_319' title='bbox 1509 2753 1672 2828; x_wconf 79' lang='grc' dir='ltr'>ἦσαν,</span> <span class='ocrx_word' id='word_1_320' title='bbox 1707 2758 1902 2826; x_wconf 80' lang='grc' dir='ltr'>φόνους</span> 
     </span>
    </p>
   </div>
   <div class='ocr_carea' id='block_1_45' title="bbox 319 2846 1901 2919">
    <p class='ocr_par' dir='ltr' id='par_1_45' title="bbox 319 2846 1901 2919">
     <span class='ocr_line' id='line_1_45' title="bbox 319 2846 1901 2919; baseline 0.004 -22"><span class='ocrx_word' id='word_1_321' title='bbox 319 2861 376 2898; x_wconf 86' lang='grc' dir='ltr'>τε</span> <span class='ocrx_word' id='word_1_322' title='bbox 409 2846 648 2908; x_wconf 80' lang='grc' dir='ltr'>πολλοὺς</span> <span class='ocrx_word' id='word_1_323' title='bbox 699 2848 943 2902; x_wconf 75' lang='grc' dir='ltr'>ἐκώλυσε</span> <span class='ocrx_word' id='word_1_324' title='bbox 975 2850 1071 2902; x_wconf 75' lang='grc' dir='ltr'>καὶ</span> <span class='ocrx_word' id='word_1_325' title='bbox 1101 2847 1416 2917; x_wconf 79' lang='grc' dir='ltr'>γυμνώσεις</span> <span class='ocrx_word' id='word_1_326' title='bbox 1466 2849 1679 2919; x_wconf 84' lang='grc' dir='ltr'>ἀνδρῶν</span> <span class='ocrx_word' id='word_1_327' title='bbox 1708 2866 1768 2901; x_wconf 88' lang='grc' dir='ltr'>τε</span> <span class='ocrx_word' id='word_1_328' title='bbox 1806 2851 1901 2903; x_wconf 78' lang='grc' dir='ltr'>καὶ</span> 
     </span>
    </p>
   </div>
   <div class='ocr_carea' id='block_1_46' title="bbox 316 2939 1902 3012">
    <p class='ocr_par' dir='ltr' id='par_1_46' title="bbox 316 2939 1902 3012">
     <span class='ocr_line' id='line_1_46' title="bbox 316 2939 1902 3012; baseline 0.002 -20"><span class='ocrx_word' id='word_1_329' title='bbox 316 2939 607 3005; x_wconf 85' lang='grc' dir='ltr'>γυναικῶν</span> <span class='ocrx_word' id='word_1_330' title='bbox 634 2957 651 2971; x_wconf 71' lang='grc' dir='ltr'><strong>ο</strong></span> <span class='ocrx_word' id='word_1_331' title='bbox 685 2939 720 2994; x_wconf 81' lang='grc' dir='ltr'><strong>ἀ</strong></span> <span class='ocrx_word' id='word_1_332' title='bbox 747 2941 812 3012; x_wconf 86' lang='grc' dir='ltr'>δὴ</span> <span class='ocrx_word' id='word_1_333' title='bbox 847 2939 1078 3011; x_wconf 81' lang='grc' dir='ltr'>ἑτέρωθι</span> <span class='ocrx_word' id='word_1_334' title='bbox 1113 2940 1426 3009; x_wconf 82' lang='grc' dir='ltr'>κωλυθῆναι</span> <span class='ocrx_word' id='word_1_335' title='bbox 1465 2941 1565 2994; x_wconf 84' lang='grc' dir='ltr'><strong>ούκ</strong></span> <span class='ocrx_word' id='word_1_336' title='bbox 1613 2940 1773 3010; x_wconf 75' lang='grc' dir='ltr'><strong>ἔσχε·</strong></span> <span class='ocrx_word' id='word_1_337' title='bbox 1807 2944 1902 2995; x_wconf 78' lang='grc' dir='ltr'>καὶ</span> 
     </span>
    </p>
   </div>
   <div class='ocr_carea' id='block_1_47' title="bbox 318 3031 1902 3102">
    <p class='ocr_par' dir='ltr' id='par_1_47' title="bbox 318 3031 1902 3102">
     <span class='ocr_line' id='line_1_47' title="bbox 318 3031 1902 3102; baseline 0.001 -18"><span class='ocrx_word' id='word_1_338' title='bbox 318 3032 443 3094; x_wconf 77' lang='grc' dir='ltr'>τοὺς</span> <span class='ocrx_word' id='word_1_339' title='bbox 480 3031 814 3089; x_wconf 71' lang='grc' dir='ltr'>ἐπιϐούλους</span> <span class='ocrx_word' id='word_1_340' title='bbox 845 3033 900 3085; x_wconf 69' lang='grc' dir='ltr'>δὲ</span> <span class='ocrx_word' id='word_1_341' title='bbox 934 3033 1028 3085; x_wconf 79' lang='grc' dir='ltr'>τοῦ</span> <span class='ocrx_word' id='word_1_342' title='bbox 1063 3033 1219 3098; x_wconf 80' lang='grc' dir='ltr'>ἁγίου</span> <span class='ocrx_word' id='word_1_343' title='bbox 1257 3033 1432 3100; x_wconf 82' lang='grc' dir='ltr'>τάφου</span> <span class='ocrx_word' id='word_1_344' title='bbox 1463 3034 1776 3102; x_wconf 82' lang='grc' dir='ltr'>ἀπήγαγεν,</span> <span class='ocrx_word' id='word_1_345' title='bbox 1824 3035 1902 3097; x_wconf 83' lang='grc' dir='ltr'>ὡς</span> 
     </span>
    </p>
   </div>
   <div class='ocr_carea' id='block_1_48' title="bbox 316 3123 1900 3197">
    <p class='ocr_par' dir='ltr' id='par_1_48' title="bbox 316 3123 1900 3197">
     <span class='ocr_line' id='line_1_48' title="bbox 316 3123 1900 3197; baseline 0.001 -20"><span class='ocrx_word' id='word_1_346' title='bbox 316 3125 416 3178; x_wconf 74' lang='grc' dir='ltr'>οὒκ</span> <span class='ocrx_word' id='word_1_347' title='bbox 451 3125 521 3179; x_wconf 74' lang='grc' dir='ltr'>ἂν</span> <span class='ocrx_word' id='word_1_348' title='bbox 578 3127 785 3178; x_wconf 71' lang='grc' dir='ltr'>ἐκεῖνοι</span> <span class='ocrx_word' id='word_1_349' title='bbox 834 3123 1049 3194; x_wconf 71' lang='grc' dir='ltr'>ἤθελον,</span> <span class='ocrx_word' id='word_1_350' title='bbox 1104 3124 1476 3194; x_wconf 81' lang='grc' dir='ltr'>κερδήσαντας</span> <span class='ocrx_word' id='word_1_351' title='bbox 1534 3125 1670 3196; x_wconf 80' lang='grc' dir='ltr'>μόνα</span> <span class='ocrx_word' id='word_1_352' title='bbox 1706 3125 1900 3197; x_wconf 88' lang='grc' dir='ltr'>(μυρία</span> 
     </span>
    </p>
   </div>
   <div class='ocr_carea' id='block_1_49' title="bbox 315 3213 1900 3288">
    <p class='ocr_par' dir='ltr' id='par_1_49' title="bbox 315 3213 1900 3288">
     <span class='ocr_line' id='line_1_49' title="bbox 315 3213 1900 3288; baseline 0.001 -18"><span class='ocrx_word' id='word_1_353' title='bbox 315 3215 372 3271; x_wconf 68' lang='grc' dir='ltr'>δὲ</span> <span class='ocrx_word' id='word_1_354' title='bbox 390 3213 533 3288; x_wconf 79' lang='grc' dir='ltr'>ἦσαν</span> <span class='ocrx_word' id='word_1_355' title='bbox 572 3218 810 3285; x_wconf 79' lang='grc' dir='ltr'>ἐκεῖνα),</span> <span class='ocrx_word' id='word_1_356' title='bbox 847 3218 947 3271; x_wconf 80' lang='grc' dir='ltr'><strong>ὅσα</strong></span> <span class='ocrx_word' id='word_1_357' title='bbox 981 3218 1090 3287; x_wconf 68' lang='grc' dir='ltr'>πρὸ</span> <span class='ocrx_word' id='word_1_358' title='bbox 1145 3216 1310 3272; x_wconf 74' lang='grc' dir='ltr'>αὐτοῦ</span> <span class='ocrx_word' id='word_1_359' title='bbox 1368 3217 1722 3271; x_wconf 80' lang='grc' dir='ltr'>κατέσπασαν</span> <span class='ocrx_word' id='word_1_360' title='bbox 1756 3219 1900 3286; x_wconf 80' lang='grc' dir='ltr'>φθά-</span> 
     </span>
    </p>
   </div>
   <div class='ocr_carea' id='block_1_50' title="bbox 315 3311 1900 3380">
    <p class='ocr_par' dir='ltr' id='par_1_50' title="bbox 315 3311 1900 3380">
     <span class='ocr_line' id='line_1_50' title="bbox 315 3311 1900 3380; baseline 0 -17"><span class='ocrx_word' id='word_1_361' title='bbox 315 3325 530 3374; x_wconf 79' lang='grc' dir='ltr'>σαντες.</span> <span class='ocrx_word' id='word_1_362' title='bbox 564 3311 681 3363; x_wconf 76' lang='grc' dir='ltr'><strong>Καὶ</strong></span> <span class='ocrx_word' id='word_1_363' title='bbox 712 3311 910 3378; x_wconf 83' lang='grc' dir='ltr'>φόνους</span> <span class='ocrx_word' id='word_1_364' title='bbox 949 3312 1048 3380; x_wconf 70' lang='grc' dir='ltr'>μὲν</span> <span class='ocrx_word' id='word_1_365' title='bbox 1094 3311 1220 3374; x_wconf 69' lang='grc' dir='ltr'>τοὺς</span> <span class='ocrx_word' id='word_1_366' title='bbox 1259 3313 1376 3365; x_wconf 78' lang='grc' dir='ltr'><strong>ἐκεῖ</strong></span> <span class='ocrx_word' id='word_1_367' title='bbox 1411 3314 1683 3380; x_wconf 79' lang='grc' dir='ltr'>κατέσχεν</span> <span class='ocrx_word' id='word_1_368' title='bbox 1714 3314 1742 3364; x_wconf 85' lang='grc' dir='ltr'>ὁ</span> <span class='ocrx_word' id='word_1_369' title='bbox 1798 3311 1900 3378; x_wconf 60' lang='grc' dir='ltr'><strong>ἀρε</strong></span> 
     </span>
    </p>
   </div>
   <div class='ocr_carea' id='block_1_51' title="bbox 315 3400 1901 3472">
    <p class='ocr_par' dir='ltr' id='par_1_51' title="bbox 315 3400 1901 3472">
     <span class='ocr_line' id='line_1_51' title="bbox 315 3400 1901 3472; baseline 0.001 -18"><span class='ocrx_word' id='word_1_370' title='bbox 315 3417 424 3469; x_wconf 74' lang='grc' dir='ltr'>κων</span> <span class='ocrx_word' id='word_1_371' title='bbox 447 3418 462 3435; x_wconf 78' lang='grc' dir='ltr'><strong>ο</strong></span> <span class='ocrx_word' id='word_1_372' title='bbox 500 3401 606 3455; x_wconf 82' lang='grc' dir='ltr'>τοῦ</span> <span class='ocrx_word' id='word_1_373' title='bbox 639 3401 696 3454; x_wconf 80' lang='grc' dir='ltr'>δὲ</span> <span class='ocrx_word' id='word_1_374' title='bbox 733 3401 976 3472; x_wconf 79' lang='grc' dir='ltr'>πνιγμοῢ</span> <span class='ocrx_word' id='word_1_375' title='bbox 1007 3400 1118 3453; x_wconf 86' lang='grc' dir='ltr'><strong>τῶν</strong></span> <span class='ocrx_word' id='word_1_376' title='bbox 1148 3402 1430 3469; x_wconf 78' lang='grc' dir='ltr'>φυγόντων</span> <span class='ocrx_word' id='word_1_377' title='bbox 1463 3403 1520 3454; x_wconf 78' lang='grc' dir='ltr'>ὲν</span> <span class='ocrx_word' id='word_1_378' title='bbox 1558 3401 1636 3472; x_wconf 81' lang='grc' dir='ltr'>τῷ</span> <span class='ocrx_word' id='word_1_379' title='bbox 1662 3401 1775 3471; x_wconf 80' lang='grc' dir='ltr'><strong>ναῷ</strong></span> <span class='ocrx_word' id='word_1_380' title='bbox 1801 3402 1901 3456; x_wconf 83' lang='grc' dir='ltr'>οὐκ</span> 
     </span>
    </p>
   </div>
   <div class='ocr_carea' id='block_1_52' title="bbox 313 3488 1902 3565">
    <p class='ocr_par' dir='ltr' id='par_1_52' title="bbox 313 3488 1902 3565">
     <span class='ocr_line' id='line_1_52' title="bbox 313 3488 1902 3565; baseline 0.001 -19"><span class='ocrx_word' id='word_1_381' title='bbox 313 3488 382 3563; x_wconf 83' lang='grc' dir='ltr'>ἧν</span> <span class='ocrx_word' id='word_1_382' title='bbox 443 3496 741 3565; x_wconf 78' lang='grc' dir='ltr'>ἐπίσχεσις</span> <span class='ocrx_word' id='word_1_383' title='bbox 765 3509 780 3524; x_wconf 82' lang='grc'><strong>⁹</strong></span> <span class='ocrx_word' id='word_1_384' title='bbox 819 3493 938 3548; x_wconf 84' lang='grc' dir='ltr'>ἀλλ’</span> <span class='ocrx_word' id='word_1_385' title='bbox 971 3493 1164 3565; x_wconf 81' lang='grc' dir='ltr'>ὥσπερ</span> <span class='ocrx_word' id='word_1_386' title='bbox 1204 3496 1262 3548; x_wconf 81' lang='grc' dir='ltr'>ὲν</span> <span class='ocrx_word' id='word_1_387' title='bbox 1291 3497 1412 3558; x_wconf 83' lang='grc' dir='ltr'>ταῖς</span> <span class='ocrx_word' id='word_1_388' title='bbox 1456 3494 1650 3557; x_wconf 80' lang='grc' dir='ltr'>ἄλλαις</span> <span class='ocrx_word' id='word_1_389' title='bbox 1682 3494 1902 3548; x_wconf 77' lang='grc' dir='ltr'>καθολι-</span> 
     </span>
    </p>
   </div>
   <div class='ocr_carea' id='block_1_53' title="bbox 316 3585 1902 3658">
    <p class='ocr_par' dir='ltr' id='par_1_53' title="bbox 316 3585 1902 3658">
     <span class='ocr_line' id='line_1_53' title="bbox 316 3585 1902 3658; baseline 0 -19"><span class='ocrx_word' id='word_1_390' title='bbox 316 3587 462 3653; x_wconf 81' lang='grc' dir='ltr'>καῖς,</span> <span class='ocrx_word' id='word_1_391' title='bbox 500 3587 656 3640; x_wconf 80' lang='grc' dir='ltr'>οὕτω</span> <span class='ocrx_word' id='word_1_392' title='bbox 681 3587 778 3640; x_wconf 80' lang='grc' dir='ltr'>καὶ</span> <span class='ocrx_word' id='word_1_393' title='bbox 810 3586 985 3656; x_wconf 86' lang='grc' dir='ltr'>ταύτῃ</span> <span class='ocrx_word' id='word_1_394' title='bbox 1008 3585 1109 3637; x_wconf 84' lang='grc' dir='ltr'>οὐκ</span> <span class='ocrx_word' id='word_1_395' title='bbox 1159 3585 1315 3658; x_wconf 74' lang='grc' dir='ltr'>ὀλίγῃ</span> <span class='ocrx_word' id='word_1_396' title='bbox 1347 3586 1512 3658; x_wconf 77' lang='grc' dir='ltr'>μοίρᾳ</span> <span class='ocrx_word' id='word_1_397' title='bbox 1535 3587 1662 3648; x_wconf 82' lang='grc' dir='ltr'>τοὺς</span> <span class='ocrx_word' id='word_1_398' title='bbox 1693 3585 1902 3651; x_wconf 78' lang='grc' dir='ltr'>ζῶντας</span> 
     </span>
    </p>
   </div>
   <div class='ocr_carea' id='block_1_54' title="bbox 313 3667 1903 3748">
    <p class='ocr_par' dir='ltr' id='par_1_54' title="bbox 313 3667 1903 3748">
     <span class='ocr_line' id='line_1_54' title="bbox 313 3667 1903 3748; baseline -0.001 -18"><span class='ocrx_word' id='word_1_399' title='bbox 313 3679 341 3730; x_wconf 84' lang='grc' dir='ltr'><strong>ὁ</strong></span> <span class='ocrx_word' id='word_1_400' title='bbox 369 3677 618 3748; x_wconf 80' lang='grc' dir='ltr'>πνιγμὺς</span> <span class='ocrx_word' id='word_1_401' title='bbox 649 3676 993 3741; x_wconf 72' lang='grc' dir='ltr'>ἐδικαίωσεν,</span> <span class='ocrx_word' id='word_1_402' title='bbox 1031 3667 1104 3732; x_wconf 76' lang='grc' dir='ltr'>ὧν</span> <span class='ocrx_word' id='word_1_403' title='bbox 1143 3678 1172 3729; x_wconf 87' lang='grc' dir='ltr'><strong>ό</strong></span> <span class='ocrx_word' id='word_1_404' title='bbox 1204 3675 1440 3746; x_wconf 72' lang='grc' dir='ltr'>ἀριθμὸς</span> <span class='ocrx_word' id='word_1_405' title='bbox 1468 3675 1642 3746; x_wconf 73' lang='grc' dir='ltr'>ἐρίζοι</span> <span class='ocrx_word' id='word_1_406' title='bbox 1675 3677 1742 3730; x_wconf 86' lang='grc' dir='ltr'>ἂν</span> <span class='ocrx_word' id='word_1_407' title='bbox 1766 3675 1903 3746; x_wconf 80' lang='grc' dir='ltr'>πρὸς</span> 
     </span>
    </p>
   </div>
   <div class='ocr_carea' id='block_1_55' title="bbox 311 3770 1901 3843">
    <p class='ocr_par' dir='ltr' id='par_1_55' title="bbox 311 3770 1901 3843">
     <span class='ocr_line' id='line_1_55' title="bbox 311 3770 1901 3843; baseline 0.001 -20"><span class='ocrx_word' id='word_1_408' title='bbox 311 3775 436 3836; x_wconf 76' lang='grc' dir='ltr'>τοὺς</span> <span class='ocrx_word' id='word_1_409' title='bbox 462 3773 555 3828; x_wconf 71' lang='grc' dir='ltr'><strong>ἐπ’</strong></span> <span class='ocrx_word' id='word_1_410' title='bbox 586 3771 946 3842; x_wconf 84' lang='grc' dir='ltr'>ἀκροπόλεως</span> <span class='ocrx_word' id='word_1_411' title='bbox 995 3770 1356 3841; x_wconf 84' lang='grc' dir='ltr'>πεπνιγότας,</span> <span class='ocrx_word' id='word_1_412' title='bbox 1384 3770 1461 3836; x_wconf 81' lang='grc' dir='ltr'><strong>ὡς</strong></span> <span class='ocrx_word' id='word_1_413' title='bbox 1520 3773 1554 3841; x_wconf 78' lang='grc' dir='ltr'><strong>ἡ</strong></span> <span class='ocrx_word' id='word_1_414' title='bbox 1611 3771 1758 3843; x_wconf 83' lang='grc' dir='ltr'><strong>ἀρχὴ</strong></span> <span class='ocrx_word' id='word_1_415' title='bbox 1805 3773 1901 3826; x_wconf 79' lang='grc' dir='ltr'><strong>τοῦ</strong></span> 
     </span>
    </p>
   </div>
   <div class='ocr_carea' id='block_1_56' title="bbox 310 3861 838 3932">
    <p class='ocr_par' dir='ltr' id='par_1_56' title="bbox 310 3861 838 3932">
     <span class='ocr_line' id='line_1_56' title="bbox 310 3861 838 3932; baseline 0.004 -18"><span class='ocrx_word' id='word_1_416' title='bbox 310 3861 472 3930; x_wconf 83' lang='grc' dir='ltr'>λόγου</span> <span class='ocrx_word' id='word_1_417' title='bbox 494 3861 838 3932; x_wconf 82' lang='grc' dir='ltr'>συνέγραψε.</span> 
     </span>
    </p>
   </div>
   <div class='ocr_carea' id='block_1_57' title="bbox 376 3954 1900 4026">
    <p class='ocr_par' dir='ltr' id='par_1_57' title="bbox 376 3954 1900 4026">
     <span class='ocr_line' id='line_1_57' title="bbox 376 3954 1900 4026; baseline 0.001 -17"><span class='ocrx_word' id='word_1_418' title='bbox 376 3955 481 4026; x_wconf 70' lang='lat'><strong><em>96&#39;.</em></strong></span> <span class='ocrx_word' id='word_1_419' title='bbox 537 3954 610 4009; x_wconf 91' lang='grc' dir='ltr'>Τί</span> <span class='ocrx_word' id='word_1_420' title='bbox 645 3955 712 4009; x_wconf 79' lang='grc' dir='ltr'>ἂν</span> <span class='ocrx_word' id='word_1_421' title='bbox 741 3955 956 4026; x_wconf 86' lang='grc' dir='ltr'>λέγοιμι</span> <span class='ocrx_word' id='word_1_422' title='bbox 977 3955 1104 4018; x_wconf 78' lang='grc' dir='ltr'>τοὺς</span> <span class='ocrx_word' id='word_1_423' title='bbox 1155 3955 1268 4014; x_wconf 67' lang='grc' dir='ltr'><strong>τῶν</strong></span> <span class='ocrx_word' id='word_1_424' title='bbox 1293 3955 1499 4024; x_wconf 79' lang='grc' dir='ltr'>τεγέων</span> <span class='ocrx_word' id='word_1_425' title='bbox 1531 3956 1700 4009; x_wconf 74' lang='grc' dir='ltr'>οἴκων</span> <span class='ocrx_word' id='word_1_426' title='bbox 1758 3956 1900 4010; x_wconf 81' lang='grc' dir='ltr'>ἀνω-</span> 
     </span>
    </p>
   </div>
   <div class='ocr_carea' id='block_1_58' title="bbox 304 4045 1902 4117">
    <p class='ocr_par' dir='ltr' id='par_1_58' title="bbox 304 4045 1902 4117">
     <span class='ocr_line' id='line_1_58' title="bbox 304 4045 1902 4117; baseline 0.001 -16"><span class='ocrx_word' id='word_1_427' title='bbox 304 4048 397 4101; x_wconf 87' lang='grc' dir='ltr'><strong>θεν</strong></span> <span class='ocrx_word' id='word_1_428' title='bbox 428 4046 882 4116; x_wconf 75' lang='grc' dir='ltr'>καθαλλομένους</span> <span class='ocrx_word' id='word_1_429' title='bbox 911 4047 1004 4099; x_wconf 75' lang='grc' dir='ltr'><strong>ἐπὶ</strong></span> <span class='ocrx_word' id='word_1_430' title='bbox 1032 4045 1232 4117; x_wconf 81' lang='grc' dir='ltr'>μελέτη</span> <span class='ocrx_word' id='word_1_431' title='bbox 1256 4046 1510 4112; x_wconf 80' lang='grc' dir='ltr'>θανάτου,</span> <span class='ocrx_word' id='word_1_432' title='bbox 1544 4048 1631 4100; x_wconf 82' lang='grc' dir='ltr'><strong>ὅτε</strong></span> <span class='ocrx_word' id='word_1_433' title='bbox 1664 4047 1725 4100; x_wconf 82' lang='grc' dir='ltr'>τὸ</span> <span class='ocrx_word' id='word_1_434' title='bbox 1755 4048 1902 4116; x_wconf 82' lang='grc' dir='ltr'>μέγα</span> 
     </span>
    </p>
   </div>
   <div class='ocr_carea' id='block_1_59' title="bbox 305 4139 1902 4210">
    <p class='ocr_par' dir='ltr' id='par_1_59' title="bbox 305 4139 1902 4210">
     <span class='ocr_line' id='line_1_59' title="bbox 305 4139 1902 4210; baseline 0.001 -19"><span class='ocrx_word' id='word_1_435' title='bbox 305 4139 477 4193; x_wconf 77' lang='grc' dir='ltr'>κακὸν</span> <span class='ocrx_word' id='word_1_436' title='bbox 529 4139 635 4194; x_wconf 64' lang='grc' dir='ltr'><strong>καὶ</strong></span> <span class='ocrx_word' id='word_1_437' title='bbox 672 4139 868 4202; x_wconf 79' lang='grc' dir='ltr'>αὐτοὺς</span> <span class='ocrx_word' id='word_1_438' title='bbox 909 4139 1362 4208; x_wconf 78' lang='grc' dir='ltr'>περιεστοίχιζεν;</span> <span class='ocrx_word' id='word_1_439' title='bbox 1397 4139 1460 4192; x_wconf 84' lang='grc' dir='ltr'><strong>οι</strong></span> <span class='ocrx_word' id='word_1_440' title='bbox 1523 4139 1902 4210; x_wconf 80' lang='grc' dir='ltr'>πτερύξασθαι</span> 
     </span>
    </p>
   </div>
   <div class='ocr_carea' id='block_1_60' title="bbox 303 4223 1976 4315">
    <p class='ocr_par' dir='ltr' id='par_1_60' title="bbox 303 4223 1976 4315">
     <span class='ocr_line' id='line_1_60' title="bbox 303 4223 1976 4315; baseline 0.004 -33"><span class='ocrx_word' id='word_1_441' title='bbox 303 4233 383 4295; x_wconf 89' lang='grc' dir='ltr'><strong>είς</strong></span> <span class='ocrx_word' id='word_1_442' title='bbox 421 4231 635 4302; x_wconf 76' lang='grc' dir='ltr'>αἰθέρα</span> <span class='ocrx_word' id='word_1_443' title='bbox 671 4230 747 4302; x_wconf 83' lang='grc' dir='ltr'>μὴ</span> <span class='ocrx_word' id='word_1_444' title='bbox 779 4231 1015 4300; x_wconf 74' lang='grc' dir='ltr'>ἔχοντες,</span> <span class='ocrx_word' id='word_1_445' title='bbox 1046 4223 1222 4302; x_wconf 74' lang='grc' dir='ltr'>οὗπερ</span> <span class='ocrx_word' id='word_1_446' title='bbox 1285 4231 1498 4300; x_wconf 75' lang='grc' dir='ltr'>ἐφίεντο</span> <span class='ocrx_word' id='word_1_447' title='bbox 1522 4231 1612 4298; x_wconf 78' lang='grc' dir='ltr'>ἂν,</span> <span class='ocrx_word' id='word_1_448' title='bbox 1673 4231 1734 4284; x_wconf 84' lang='grc' dir='ltr'>τὸ</span> <span class='ocrx_word' id='word_1_449' title='bbox 1790 4233 1902 4288; x_wconf 85' lang='grc' dir='ltr'><strong>τῶν</strong></span> <span class='ocrx_word' id='word_1_450' title='bbox 1943 4276 1976 4315; x_wconf 57' lang='grc' dir='ltr'>δ</span> 
     </span>
    </p>
   </div>
   <div class='ocr_carea' id='block_1_61' title="bbox 306 4320 1901 4392">
    <p class='ocr_par' dir='ltr' id='par_1_61' title="bbox 306 4320 1901 4392">
     <span class='ocr_line' id='line_1_61' title="bbox 306 4320 1901 4392; baseline -0.008 -3"><span class='ocrx_word' id='word_1_451' title='bbox 306 4320 522 4390; x_wconf 67' lang='grc' dir='ltr'>βαρέων</span> <span class='ocrx_word' id='word_1_452' title='bbox 557 4322 824 4390; x_wconf 73' lang='grc' dir='ltr'>ἔπασχον,</span> <span class='ocrx_word' id='word_1_453' title='bbox 880 4323 975 4374; x_wconf 76' lang='grc' dir='ltr'><strong>καὶ</strong></span> <span class='ocrx_word' id='word_1_454' title='bbox 1015 4321 1244 4376; x_wconf 75' lang='grc' dir='ltr'>ἑλάκουν</span> <span class='ocrx_word' id='word_1_455' title='bbox 1274 4324 1353 4384; x_wconf 82' lang='grc' dir='ltr'><strong>εἰς</strong></span> <span class='ocrx_word' id='word_1_456' title='bbox 1399 4321 1652 4386; x_wconf 89' lang='grc' dir='ltr'>θάνατον,</span> <span class='ocrx_word' id='word_1_457' title='bbox 1711 4325 1776 4376; x_wconf 84' lang='grc' dir='ltr'><strong>ὲκ</strong></span> <span class='ocrx_word' id='word_1_458' title='bbox 1804 4340 1901 4392; x_wconf 83' lang='grc' dir='ltr'><strong>με·</strong></span> 
     </span>
    </p>
   </div>
   <div class='ocr_carea' id='block_1_62' title="bbox 301 4409 1900 4482">
    <p class='ocr_par' dir='ltr' id='par_1_62' title="bbox 301 4409 1900 4482">
     <span class='ocr_line' id='line_1_62' title="bbox 301 4409 1900 4482; baseline -0.001 -18"><span class='ocrx_word' id='word_1_459' title='bbox 301 4412 516 4482; x_wconf 84' lang='grc' dir='ltr'>τεὼρου</span> <span class='ocrx_word' id='word_1_460' title='bbox 575 4411 1085 4482; x_wconf 85' lang='grc' dir='ltr'>κατασκήπτοντες.</span> <span class='ocrx_word' id='word_1_461' title='bbox 1125 4409 1192 4463; x_wconf 88' lang='grc' dir='ltr'>Τί</span> <span class='ocrx_word' id='word_1_462' title='bbox 1238 4410 1296 4463; x_wconf 85' lang='grc' dir='ltr'>δὲ</span> <span class='ocrx_word' id='word_1_463' title='bbox 1327 4410 1451 4472; x_wconf 78' lang='grc' dir='ltr'>τοὺς</span> <span class='ocrx_word' id='word_1_464' title='bbox 1477 4411 1622 4464; x_wconf 82' lang='grc' dir='ltr'>κατά</span> <span class='ocrx_word' id='word_1_465' title='bbox 1651 4413 1900 4482; x_wconf 85' lang='grc' dir='ltr'>φρεάτων</span> 
     </span>
    </p>
   </div>
   <div class='ocr_carea' id='block_1_63' title="bbox 2002 1929 3596 2002">
    <p class='ocr_par' dir='ltr' id='par_1_63' title="bbox 2002 1929 3596 2002">
     <span class='ocr_line' id='line_1_63' title="bbox 2002 1929 3596 2002; baseline 0.001 -20"><span class='ocrx_word' id='word_1_466' title='bbox 2002 1929 2382 1997; x_wconf 77' lang='lat' dir='ltr'><strong>velocissime,</strong></span> <span class='ocrx_word' id='word_1_467' title='bbox 2433 1944 2534 1986; x_wconf 90' lang='lat' dir='ltr'><strong>nec</strong></span> <span class='ocrx_word' id='word_1_468' title='bbox 2604 1932 2897 1998; x_wconf 89' lang='lat' dir='ltr'><strong>cohibuit,</strong></span> <span class='ocrx_word' id='word_1_469' title='bbox 2961 1933 3216 2002; x_wconf 75' lang='lat' dir='ltr'><strong>equidem</strong></span> <span class='ocrx_word' id='word_1_470' title='bbox 3291 1930 3596 2000; x_wconf 82' lang='lat' dir='ltr'><strong>prudentiae</strong></span> 
     </span>
    </p>
   </div>
   <div class='ocr_carea' id='block_1_64' title="bbox 1998 2019 3596 2092">
    <p class='ocr_par' dir='ltr' id='par_1_64' title="bbox 1998 2019 3596 2092">
     <span class='ocr_line' id='line_1_64' title="bbox 1998 2019 3596 2092; baseline 0.001 -19"><span class='ocrx_word' id='word_1_471' title='bbox 1998 2031 2186 2086; x_wconf 89' lang='lat' dir='ltr'><strong>causa,</strong></span> <span class='ocrx_word' id='word_1_472' title='bbox 2225 2028 2286 2076; x_wconf 89' lang='lat' dir='ltr'><strong>ut</strong></span> <span class='ocrx_word' id='word_1_473' title='bbox 2341 2021 2421 2077; x_wconf 89' lang='lat' dir='ltr'><strong>sic</strong></span> <span class='ocrx_word' id='word_1_474' title='bbox 2493 2037 2593 2092; x_wconf 91' lang='lat' dir='ltr'><strong>per</strong></span> <span class='ocrx_word' id='word_1_475' title='bbox 2664 2022 3030 2092; x_wconf 84' lang='lat' dir='ltr'><strong>frequentiam</strong></span> <span class='ocrx_word' id='word_1_476' title='bbox 3103 2019 3291 2092; x_wconf 86' lang='lat' dir='ltr'><strong>p0puli</strong></span> <span class='ocrx_word' id='word_1_477' title='bbox 3379 2019 3596 2074; x_wconf 80' lang='lat' dir='ltr'><strong>facilius</strong></span> 
     </span>
    </p>
   </div>
   <div class='ocr_carea' id='block_1_65' title="bbox 2001 2112 3597 2184">
    <p class='ocr_par' dir='ltr' id='par_1_65' title="bbox 2001 2112 3597 2184">
     <span class='ocr_line' id='line_1_65' title="bbox 2001 2112 3597 2184; baseline 0.001 -20"><span class='ocrx_word' id='word_1_478' title='bbox 2001 2119 2349 2179; x_wconf 87' lang='lat' dir='ltr'><strong>penetraret,</strong></span> <span class='ocrx_word' id='word_1_479' title='bbox 2407 2129 2744 2184; x_wconf 88' lang='lat' dir='ltr'><strong>unoquoque</strong></span> <span class='ocrx_word' id='word_1_480' title='bbox 2802 2112 3086 2184; x_wconf 75' lang='lat' dir='ltr'><strong>fugiente,</strong></span> <span class='ocrx_word' id='word_1_481' title='bbox 3151 2127 3219 2167; x_wconf 91' lang='lat' dir='ltr'><strong>ne</strong></span> <span class='ocrx_word' id='word_1_482' title='bbox 3270 2125 3414 2179; x_wconf 87' lang='lat' dir='ltr'><strong>equo</strong></span> <span class='ocrx_word' id='word_1_483' title='bbox 3462 2126 3597 2166; x_wconf 89' lang='lat' dir='ltr'><strong>cou-</strong></span> 
     </span>
    </p>
   </div>
   <div class='ocr_carea' id='block_1_66' title="bbox 2001 2199 3581 2273">
    <p class='ocr_par' dir='ltr' id='par_1_66' title="bbox 2001 2199 3581 2273">
     <span class='ocr_line' id='line_1_66' title="bbox 2001 2199 3581 2273; baseline 0.002 -21"><span class='ocrx_word' id='word_1_484' title='bbox 2001 2199 2338 2265; x_wconf 88' lang='lat' dir='ltr'><strong>culcaretur,</strong></span> <span class='ocrx_word' id='word_1_485' title='bbox 2401 2203 2602 2273; x_wconf 87' lang='lat' dir='ltr'><strong>illeque</strong></span> <span class='ocrx_word' id='word_1_486' title='bbox 2654 2204 2951 2260; x_wconf 85' lang='lat' dir='ltr'><strong>invisibilis</strong></span> <span class='ocrx_word' id='word_1_487' title='bbox 2995 2203 3185 2257; x_wconf 89' lang='lat' dir='ltr'><strong>videre</strong></span> <span class='ocrx_word' id='word_1_488' title='bbox 3219 2213 3404 2271; x_wconf 82' lang='lat' dir='ltr'><strong>posset</strong></span> <span class='ocrx_word' id='word_1_489' title='bbox 3447 2215 3581 2271; x_wconf 85' lang='lat' dir='ltr'><strong>spo-</strong></span> 
     </span>
    </p>
   </div>
   <div class='ocr_carea' id='block_1_67' title="bbox 2003 2294 3596 2368">
    <p class='ocr_par' dir='ltr' id='par_1_67' title="bbox 2003 2294 3596 2368">
     <span class='ocr_line' id='line_1_67' title="bbox 2003 2294 3596 2368; baseline -0.001 -20"><span class='ocrx_word' id='word_1_490' title='bbox 2003 2294 2232 2351; x_wconf 86' lang='lat' dir='ltr'><strong>liatores</strong></span> <span class='ocrx_word' id='word_1_491' title='bbox 2278 2297 2469 2368; x_wconf 86' lang='lat' dir='ltr'><strong>sicque</strong></span> <span class='ocrx_word' id='word_1_492' title='bbox 2503 2299 2624 2352; x_wconf 93' lang='lat' dir='ltr'><strong>illos</strong></span> <span class='ocrx_word' id='word_1_493' title='bbox 2654 2298 2917 2368; x_wconf 89' lang='lat' dir='ltr'><strong>punire);</strong></span> <span class='ocrx_word' id='word_1_494' title='bbox 2951 2311 3182 2351; x_wconf 89' lang='lat' dir='ltr'><strong>currens</strong></span> <span class='ocrx_word' id='word_1_495' title='bbox 3238 2309 3370 2363; x_wconf 80' lang='lat' dir='ltr'><strong>ergo</strong></span> <span class='ocrx_word' id='word_1_496' title='bbox 3417 2309 3596 2348; x_wconf 83' lang='lat' dir='ltr'><strong>eunu-</strong></span> 
     </span>
    </p>
   </div>
   <div class='ocr_carea' id='block_1_68' title="bbox 2001 2386 3593 2458">
    <p class='ocr_par' dir='ltr' id='par_1_68' title="bbox 2001 2386 3593 2458">
     <span class='ocr_line' id='line_1_68' title="bbox 2001 2386 3593 2458; baseline 0 -18"><span class='ocrx_word' id='word_1_497' title='bbox 2001 2388 2138 2442; x_wconf 85' lang='lat' dir='ltr'><strong>chus</strong></span> <span class='ocrx_word' id='word_1_498' title='bbox 2169 2389 2242 2444; x_wconf 89' lang='lat' dir='ltr'><strong>ita</strong></span> <span class='ocrx_word' id='word_1_499' title='bbox 2281 2405 2424 2457; x_wconf 89' lang='lat' dir='ltr'><strong>equo</strong></span> <span class='ocrx_word' id='word_1_500' title='bbox 2464 2398 2693 2447; x_wconf 89' lang='lat' dir='ltr'><strong>strenuo</strong></span> <span class='ocrx_word' id='word_1_501' title='bbox 2726 2389 3001 2453; x_wconf 80' lang='lat' dir='ltr'><strong>insidens,</strong></span> <span class='ocrx_word' id='word_1_502' title='bbox 3053 2402 3332 2458; x_wconf 88' lang='lat' dir='ltr'><strong>manuque</strong></span> <span class='ocrx_word' id='word_1_503' title='bbox 3357 2386 3593 2441; x_wconf 86' lang='lat' dir='ltr'><strong>ferream</strong></span> 
     </span>
    </p>
   </div>
   <div class='ocr_carea' id='block_1_69' title="bbox 2001 2478 3593 2547">
    <p class='ocr_par' dir='ltr' id='par_1_69' title="bbox 2001 2478 3593 2547">
     <span class='ocr_line' id='line_1_69' title="bbox 2001 2478 3593 2547; baseline 0.001 -15"><span class='ocrx_word' id='word_1_504' title='bbox 2001 2478 2212 2533; x_wconf 81' lang='lat' dir='ltr'><strong>clavam</strong></span> <span class='ocrx_word' id='word_1_505' title='bbox 2260 2489 2485 2547; x_wconf 89' lang='lat' dir='ltr'><strong>tenens,</strong></span> <span class='ocrx_word' id='word_1_506' title='bbox 2530 2481 2699 2536; x_wconf 84' lang='lat' dir='ltr'><strong>simul</strong></span> <span class='ocrx_word' id='word_1_507' title='bbox 2733 2481 3138 2535; x_wconf 79' lang='lat' dir='ltr'><strong>auxiliantibus</strong></span> <span class='ocrx_word' id='word_1_508' title='bbox 3194 2479 3468 2534; x_wconf 89' lang='lat' dir='ltr'><strong>ministris</strong></span> <span class='ocrx_word' id='word_1_509' title='bbox 3497 2478 3593 2546; x_wconf 87' lang='lat' dir='ltr'><strong>qui</strong></span> 
     </span>
    </p>
   </div>
   <div class='ocr_carea' id='block_1_70' title="bbox 2001 2569 3593 2642">
    <p class='ocr_par' dir='ltr' id='par_1_70' title="bbox 2001 2569 3593 2642">
     <span class='ocr_line' id='line_1_70' title="bbox 2001 2569 3593 2642; baseline 0.001 -19"><span class='ocrx_word' id='word_1_510' title='bbox 2001 2569 2151 2624; x_wconf 90' lang='lat' dir='ltr'><strong>illum</strong></span> <span class='ocrx_word' id='word_1_511' title='bbox 2194 2572 2646 2637; x_wconf 88' lang='lat' dir='ltr'><strong>comitabantur,</strong></span> <span class='ocrx_word' id='word_1_512' title='bbox 2692 2573 2906 2642; x_wconf 84' lang='lat' dir='ltr'><strong>quique</strong></span> <span class='ocrx_word' id='word_1_513' title='bbox 2969 2571 3260 2628; x_wconf 91' lang='lat' dir='ltr'><strong>fortissimi</strong></span> <span class='ocrx_word' id='word_1_514' title='bbox 3321 2578 3482 2626; x_wconf 85' lang='lat' dir='ltr'><strong>erant</strong></span> <span class='ocrx_word' id='word_1_515' title='bbox 3537 2570 3593 2624; x_wconf 90' lang='lat' dir='ltr'><strong>in</strong></span> 
     </span>
    </p>
   </div>
   <div class='ocr_carea' id='block_1_71' title="bbox 2003 2665 3595 2736">
    <p class='ocr_par' dir='ltr' id='par_1_71' title="bbox 2003 2665 3595 2736">
     <span class='ocr_line' id='line_1_71' title="bbox 2003 2665 3595 2736; baseline -0.001 -17"><span class='ocrx_word' id='word_1_516' title='bbox 2003 2668 2233 2736; x_wconf 79' lang='lat' dir='ltr'><strong>agendo,</strong></span> <span class='ocrx_word' id='word_1_517' title='bbox 2253 2667 2433 2723; x_wconf 64' lang='lat' dir='ltr'><strong>caedes</strong></span> <span class='ocrx_word' id='word_1_518' title='bbox 2455 2667 2706 2722; x_wconf 89' lang='lat' dir='ltr'><strong>cohibuit</strong></span> <span class='ocrx_word' id='word_1_519' title='bbox 2737 2667 2940 2723; x_wconf 88' lang='lat' dir='ltr'><strong>multas</strong></span> <span class='ocrx_word' id='word_1_520' title='bbox 2969 2681 3036 2722; x_wconf 87' lang='lat' dir='ltr'><strong>ac</strong></span> <span class='ocrx_word' id='word_1_521' title='bbox 3066 2665 3422 2736; x_wconf 90' lang='lat' dir='ltr'><strong>spoliatioues</strong></span> <span class='ocrx_word' id='word_1_522' title='bbox 3444 2665 3595 2720; x_wconf 88' lang='lat' dir='ltr'><strong>viro-</strong></span> 
     </span>
    </p>
   </div>
   <div class='ocr_carea' id='block_1_72' title="bbox 2001 2759 3593 2832">
    <p class='ocr_par' dir='ltr' id='par_1_72' title="bbox 2001 2759 3593 2832">
     <span class='ocr_line' id='line_1_72' title="bbox 2001 2759 3593 2832; baseline 0.001 -20"><span class='ocrx_word' id='word_1_523' title='bbox 2001 2774 2122 2813; x_wconf 88' lang='lat' dir='ltr'><strong>rum</strong></span> <span class='ocrx_word' id='word_1_524' title='bbox 2150 2775 2215 2816; x_wconf 91' lang='lat' dir='ltr'><strong>ac</strong></span> <span class='ocrx_word' id='word_1_525' title='bbox 2246 2761 2580 2828; x_wconf 88' lang='lat' dir='ltr'><strong>mulierum;</strong></span> <span class='ocrx_word' id='word_1_526' title='bbox 2617 2776 2740 2832; x_wconf 67' lang='lat' dir='ltr'><strong>quae</strong></span> <span class='ocrx_word' id='word_1_527' title='bbox 2791 2777 2922 2816; x_wconf 89' lang='lat' dir='ltr'><strong>vero</strong></span> <span class='ocrx_word' id='word_1_528' title='bbox 2978 2759 3253 2831; x_wconf 91' lang='lat' dir='ltr'><strong>impedire</strong></span> <span class='ocrx_word' id='word_1_529' title='bbox 3294 2761 3434 2813; x_wconf 85' lang='lat' dir='ltr'><strong>alias</strong></span> <span class='ocrx_word' id='word_1_530' title='bbox 3478 2773 3593 2814; x_wconf 86' lang='lat' dir='ltr'><strong>non</strong></span> 
     </span>
    </p>
   </div>
   <div class='ocr_carea' id='block_1_73' title="bbox 2003 2852 3588 2925">
    <p class='ocr_par' dir='ltr' id='par_1_73' title="bbox 2003 2852 3588 2925">
     <span class='ocr_line' id='line_1_73' title="bbox 2003 2852 3588 2925; baseline 0.001 -21"><span class='ocrx_word' id='word_1_531' title='bbox 2003 2854 2202 2920; x_wconf 84' lang='lat' dir='ltr'><strong>potuit.</strong></span> <span class='ocrx_word' id='word_1_532' title='bbox 2268 2852 2444 2908; x_wconf 87' lang='lat' dir='ltr'><strong>Fures</strong></span> <span class='ocrx_word' id='word_1_533' title='bbox 2491 2854 2734 2924; x_wconf 86' lang='lat' dir='ltr'><strong>sepulcri</strong></span> <span class='ocrx_word' id='word_1_534' title='bbox 2783 2855 2961 2908; x_wconf 84' lang='lat' dir='ltr'><strong>sancti</strong></span> <span class='ocrx_word' id='word_1_535' title='bbox 3016 2854 3250 2925; x_wconf 75' lang='lat' dir='ltr'><strong>fugavit,</strong></span> <span class='ocrx_word' id='word_1_536' title='bbox 3300 2853 3460 2907; x_wconf 90' lang='lat' dir='ltr'><strong>modo</strong></span> <span class='ocrx_word' id='word_1_537' title='bbox 3493 2853 3588 2920; x_wconf 87' lang='lat' dir='ltr'><strong>qui</strong></span> 
     </span>
    </p>
   </div>
   <div class='ocr_carea' id='block_1_74' title="bbox 2002 2944 3589 3016">
    <p class='ocr_par' dir='ltr' id='par_1_74' title="bbox 2002 2944 3589 3016">
     <span class='ocr_line' id='line_1_74' title="bbox 2002 2944 3589 3016; baseline 0.002 -20"><span class='ocrx_word' id='word_1_538' title='bbox 2002 2957 2113 2998; x_wconf 88' lang='lat' dir='ltr'><strong>non</strong></span> <span class='ocrx_word' id='word_1_539' title='bbox 2170 2944 2254 3000; x_wconf 90' lang='lat' dir='ltr'><strong>eis</strong></span> <span class='ocrx_word' id='word_1_540' title='bbox 2302 2945 2534 3013; x_wconf 85' lang='lat' dir='ltr'><strong>placuit,</strong></span> <span class='ocrx_word' id='word_1_541' title='bbox 2593 2954 2947 3015; x_wconf 88' lang='lat' dir='ltr'><strong>asportantes</strong></span> <span class='ocrx_word' id='word_1_542' title='bbox 2986 2955 3199 3002; x_wconf 90' lang='lat' dir='ltr'><strong>tantum</strong></span> <span class='ocrx_word' id='word_1_543' title='bbox 3237 2947 3314 3016; x_wconf 92' lang='lat' dir='ltr'><strong>(et</strong></span> <span class='ocrx_word' id='word_1_544' title='bbox 3365 2944 3589 3016; x_wconf 88' lang='lat' dir='ltr'><strong>quidem</strong></span> 
     </span>
    </p>
   </div>
   <div class='ocr_carea' id='block_1_75' title="bbox 2002 3031 3595 3106">
    <p class='ocr_par' dir='ltr' id='par_1_75' title="bbox 2002 3031 3595 3106">
     <span class='ocr_line' id='line_1_75' title="bbox 2002 3031 3595 3106; baseline 0.003 -22"><span class='ocrx_word' id='word_1_545' title='bbox 2002 3031 2197 3102; x_wconf 87' lang='lat' dir='ltr'><strong>multa)</strong></span> <span class='ocrx_word' id='word_1_546' title='bbox 2239 3048 2361 3101; x_wconf 65' lang='lat' dir='ltr'><strong>quae</strong></span> <span class='ocrx_word' id='word_1_547' title='bbox 2418 3043 2544 3090; x_wconf 86' lang='lat' dir='ltr'><strong>ante</strong></span> <span class='ocrx_word' id='word_1_548' title='bbox 2585 3035 2880 3090; x_wconf 87' lang='lat' dir='ltr'><strong>adventum</strong></span> <span class='ocrx_word' id='word_1_549' title='bbox 2930 3036 3076 3090; x_wconf 90' lang='lat' dir='ltr'><strong>illius</strong></span> <span class='ocrx_word' id='word_1_550' title='bbox 3125 3044 3438 3106; x_wconf 86' lang='lat' dir='ltr'><strong>rapuerant.</strong></span> <span class='ocrx_word' id='word_1_551' title='bbox 3470 3033 3595 3089; x_wconf 61' lang='lat' dir='ltr'><strong>Cato</strong></span> 
     </span>
    </p>
   </div>
   <div class='ocr_carea' id='block_1_76' title="bbox 2004 3124 3590 3196">
    <p class='ocr_par' dir='ltr' id='par_1_76' title="bbox 2004 3124 3590 3196">
     <span class='ocr_line' id='line_1_76' title="bbox 2004 3124 3590 3196; baseline 0.003 -19"><span class='ocrx_word' id='word_1_552' title='bbox 2004 3124 2101 3179; x_wconf 86' lang='lat' dir='ltr'><strong>des</strong></span> <span class='ocrx_word' id='word_1_553' title='bbox 2126 3124 2202 3180; x_wconf 89' lang='lat' dir='ltr'><strong>ibi</strong></span> <span class='ocrx_word' id='word_1_554' title='bbox 2231 3126 2448 3196; x_wconf 83' lang='lat' dir='ltr'><strong>quidem</strong></span> <span class='ocrx_word' id='word_1_555' title='bbox 2477 3127 2760 3182; x_wconf 89' lang='lat' dir='ltr'><strong>hominum</strong></span> <span class='ocrx_word' id='word_1_556' title='bbox 2815 3127 2906 3182; x_wconf 87' lang='lat' dir='ltr'><strong>hic</strong></span> <span class='ocrx_word' id='word_1_557' title='bbox 2949 3128 3235 3192; x_wconf 88' lang='lat' dir='ltr'><strong>cohibuit;</strong></span> <span class='ocrx_word' id='word_1_558' title='bbox 3267 3136 3323 3181; x_wconf 88' lang='lat' dir='ltr'><strong>at</strong></span> <span class='ocrx_word' id='word_1_559' title='bbox 3372 3126 3590 3196; x_wconf 81' lang='lat' dir='ltr'><strong>fugien-</strong></span> 
     </span>
    </p>
   </div>
   <div class='ocr_carea' id='block_1_77' title="bbox 2004 3213 3592 3288">
    <p class='ocr_par' dir='ltr' id='par_1_77' title="bbox 2004 3213 3592 3288">
     <span class='ocr_line' id='line_1_77' title="bbox 2004 3213 3592 3288; baseline 0.003 -20"><span class='ocrx_word' id='word_1_560' title='bbox 2004 3213 2139 3268; x_wconf 91' lang='lat' dir='ltr'><strong>tium</strong></span> <span class='ocrx_word' id='word_1_561' title='bbox 2177 3217 2230 3269; x_wconf 90' lang='lat' dir='ltr'><strong>in</strong></span> <span class='ocrx_word' id='word_1_562' title='bbox 2268 3216 2468 3286; x_wconf 89' lang='lat' dir='ltr'><strong>templo</strong></span> <span class='ocrx_word' id='word_1_563' title='bbox 2500 3217 2916 3272; x_wconf 80' lang='lat' dir='ltr'><strong>suffocationem</strong></span> <span class='ocrx_word' id='word_1_564' title='bbox 2959 3233 3068 3273; x_wconf 91' lang='lat' dir='ltr'><strong>non</strong></span> <span class='ocrx_word' id='word_1_565' title='bbox 3111 3227 3234 3273; x_wconf 90' lang='lat' dir='ltr'><strong>erat</strong></span> <span class='ocrx_word' id='word_1_566' title='bbox 3280 3220 3373 3288; x_wconf 90' lang='lat' dir='ltr'><strong>qui</strong></span> <span class='ocrx_word' id='word_1_567' title='bbox 3416 3219 3592 3287; x_wconf 84' lang='lat' dir='ltr'><strong>impe-</strong></span> 
     </span>
    </p>
   </div>
   <div class='ocr_carea' id='block_1_78' title="bbox 2003 3305 3664 3379">
    <p class='ocr_par' dir='ltr' id='par_1_78' title="bbox 2003 3305 3664 3379">
     <span class='ocr_line' id='line_1_78' title="bbox 2003 3305 3664 3379; baseline 0 -18"><span class='ocrx_word' id='word_1_568' title='bbox 2003 3305 2121 3361; x_wconf 90' lang='lat' dir='ltr'><strong>dire</strong></span> <span class='ocrx_word' id='word_1_569' title='bbox 2152 3309 2502 3379; x_wconf 89' lang='lat' dir='ltr'><strong>posset;sed</strong></span> <span class='ocrx_word' id='word_1_570' title='bbox 2549 3309 3016 3379; x_wconf 88' lang='lat' dir='ltr'><strong>quemadmodum</strong></span> <span class='ocrx_word' id='word_1_571' title='bbox 3073 3309 3130 3364; x_wconf 86' lang='lat' dir='ltr'><strong>in</strong></span> <span class='ocrx_word' id='word_1_572' title='bbox 3172 3309 3297 3365; x_wconf 90' lang='lat' dir='ltr'><strong>aliis</strong></span> <span class='ocrx_word' id='word_1_573' title='bbox 3329 3308 3589 3376; x_wconf 71' lang='lat' dir='ltr'><strong>coetibus,</strong></span> <span class='ocrx_word' id='word_1_574' title='bbox 3654 3346 3664 3351; x_wconf 90' lang='grc'><strong>-</strong></span> 
     </span>
    </p>
   </div>
   <div class='ocr_carea' id='block_1_79' title="bbox 2005 3397 3592 3472">
    <p class='ocr_par' dir='ltr' id='par_1_79' title="bbox 2005 3397 3592 3472">
     <span class='ocr_line' id='line_1_79' title="bbox 2005 3397 3592 3472; baseline 0 -18"><span class='ocrx_word' id='word_1_575' title='bbox 2005 3397 2087 3454; x_wconf 91' lang='lat' dir='ltr'><strong>sic</strong></span> <span class='ocrx_word' id='word_1_576' title='bbox 2114 3409 2167 3454; x_wconf 87' lang='lat' dir='ltr'><strong>et</strong></span> <span class='ocrx_word' id='word_1_577' title='bbox 2193 3399 2247 3453; x_wconf 89' lang='lat' dir='ltr'><strong>in</strong></span> <span class='ocrx_word' id='word_1_578' title='bbox 2267 3399 2377 3456; x_wconf 91' lang='lat' dir='ltr'><strong>isto</strong></span> <span class='ocrx_word' id='word_1_579' title='bbox 2395 3417 2501 3457; x_wconf 90' lang='lat' dir='ltr'><strong>non</strong></span> <span class='ocrx_word' id='word_1_580' title='bbox 2531 3418 2739 3472; x_wconf 89' lang='lat' dir='ltr'><strong>paucos</strong></span> <span class='ocrx_word' id='word_1_581' title='bbox 2756 3403 3002 3457; x_wconf 81' lang='lat' dir='ltr'><strong>viventes</strong></span> <span class='ocrx_word' id='word_1_582' title='bbox 3019 3402 3086 3456; x_wconf 90' lang='lat' dir='ltr'><strong>ad</strong></span> <span class='ocrx_word' id='word_1_583' title='bbox 3107 3409 3339 3457; x_wconf 88' lang='lat' dir='ltr'><strong>mortem</strong></span> <span class='ocrx_word' id='word_1_584' title='bbox 3366 3403 3592 3456; x_wconf 84' lang='lat' dir='ltr'><strong>damna-</strong></span> 
     </span>
    </p>
   </div>
   <div class='ocr_carea' id='block_1_80' title="bbox 2005 3488 3588 3562">
    <p class='ocr_par' dir='ltr' id='par_1_80' title="bbox 2005 3488 3588 3562">
     <span class='ocr_line' id='line_1_80' title="bbox 2005 3488 3588 3562; baseline 0.001 -20"><span class='ocrx_word' id='word_1_585' title='bbox 2005 3488 2083 3543; x_wconf 82' lang='lat' dir='ltr'><strong>vit</strong></span> <span class='ocrx_word' id='word_1_586' title='bbox 2119 3489 2302 3556; x_wconf 79' lang='lat' dir='ltr'><strong>turba;</strong></span> <span class='ocrx_word' id='word_1_587' title='bbox 2339 3507 2575 3562; x_wconf 88' lang='lat' dir='ltr'><strong>quorum</strong></span> <span class='ocrx_word' id='word_1_588' title='bbox 2608 3508 2873 3550; x_wconf 84' lang='lat' dir='ltr'><strong>numerus</strong></span> <span class='ocrx_word' id='word_1_589' title='bbox 2910 3495 3160 3549; x_wconf 86' lang='lat' dir='ltr'><strong>certabat</strong></span> <span class='ocrx_word' id='word_1_590' title='bbox 3192 3508 3316 3547; x_wconf 91' lang='lat' dir='ltr'><strong>cum</strong></span> <span class='ocrx_word' id='word_1_591' title='bbox 3355 3507 3588 3547; x_wconf 86' lang='lat' dir='ltr'><strong>numero</strong></span> 
     </span>
    </p>
   </div>
   <div class='ocr_carea' id='block_1_81' title="bbox 2004 3584 3590 3657">
    <p class='ocr_par' dir='ltr' id='par_1_81' title="bbox 2004 3584 3590 3657">
     <span class='ocr_line' id='line_1_81' title="bbox 2004 3584 3590 3657; baseline 0.003 -21"><span class='ocrx_word' id='word_1_592' title='bbox 2004 3595 2195 3636; x_wconf 89' lang='lat' dir='ltr'><strong>eorum</strong></span> <span class='ocrx_word' id='word_1_593' title='bbox 2227 3584 2319 3653; x_wconf 85' lang='lat' dir='ltr'><strong>qui</strong></span> <span class='ocrx_word' id='word_1_594' title='bbox 2346 3584 2594 3641; x_wconf 81' lang='lat' dir='ltr'><strong>suffocati</strong></span> <span class='ocrx_word' id='word_1_595' title='bbox 2631 3585 2850 3642; x_wconf 87' lang='lat' dir='ltr'><strong>fuerant</strong></span> <span class='ocrx_word' id='word_1_596' title='bbox 2881 3587 2936 3640; x_wconf 90' lang='lat' dir='ltr'><strong>in</strong></span> <span class='ocrx_word' id='word_1_597' title='bbox 2973 3601 3118 3654; x_wconf 87' lang='lat' dir='ltr'><strong>arce,</strong></span> <span class='ocrx_word' id='word_1_598' title='bbox 3143 3595 3203 3641; x_wconf 87' lang='lat' dir='ltr'><strong>ut</strong></span> <span class='ocrx_word' id='word_1_599' title='bbox 3231 3585 3285 3640; x_wconf 89' lang='lat' dir='ltr'><strong>in</strong></span> <span class='ocrx_word' id='word_1_600' title='bbox 3318 3586 3590 3657; x_wconf 83' lang='lat' dir='ltr'><strong>principio</strong></span> 
     </span>
    </p>
   </div>
   <div class='ocr_carea' id='block_1_82' title="bbox 2007 3672 2710 3745">
    <p class='ocr_par' dir='ltr' id='par_1_82' title="bbox 2007 3672 2710 3745">
     <span class='ocr_line' id='line_1_82' title="bbox 2007 3672 2710 3745; baseline 0.004 -18"><span class='ocrx_word' id='word_1_601' title='bbox 2007 3672 2134 3728; x_wconf 87' lang='lat' dir='ltr'><strong>libri</strong></span> <span class='ocrx_word' id='word_1_602' title='bbox 2159 3674 2320 3745; x_wconf 85' lang='lat' dir='ltr'><strong>hujus</strong></span> <span class='ocrx_word' id='word_1_603' title='bbox 2355 3675 2562 3731; x_wconf 88' lang='lat' dir='ltr'><strong>dictum</strong></span> <span class='ocrx_word' id='word_1_604' title='bbox 2605 3685 2710 3733; x_wconf 87' lang='lat' dir='ltr'><strong>est.</strong></span> 
     </span>
    </p>
   </div>
   <div class='ocr_carea' id='block_1_83' title="bbox 2077 3941 3583 4013">
    <p class='ocr_par' dir='ltr' id='par_1_83' title="bbox 2077 3941 3583 4013">
     <span class='ocr_line' id='line_1_83' title="bbox 2077 3941 3583 4013; baseline 0.001 -18"><span class='ocrx_word' id='word_1_605' title='bbox 2077 3942 2200 3996; x_wconf 70' lang='grc'><strong>104.</strong></span> <span class='ocrx_word' id='word_1_606' title='bbox 2254 3941 2390 4008; x_wconf 86' lang='lat' dir='ltr'><strong>Quid</strong></span> <span class='ocrx_word' id='word_1_607' title='bbox 2434 3944 2610 3998; x_wconf 86' lang='lat' dir='ltr'><strong>dicam</strong></span> <span class='ocrx_word' id='word_1_608' title='bbox 2659 3943 2726 3999; x_wconf 93' lang='lat' dir='ltr'><strong>de</strong></span> <span class='ocrx_word' id='word_1_609' title='bbox 2769 3943 2854 3998; x_wconf 88' lang='lat' dir='ltr'><strong>his</strong></span> <span class='ocrx_word' id='word_1_610' title='bbox 2901 3944 2990 4013; x_wconf 91' lang='lat' dir='ltr'><strong>qui</strong></span> <span class='ocrx_word' id='word_1_611' title='bbox 3021 3959 3055 3999; x_wconf 89' lang='lat' dir='ltr'><strong>e</strong></span> <span class='ocrx_word' id='word_1_612' title='bbox 3087 3943 3246 3999; x_wconf 87' lang='lat' dir='ltr'><strong>tectis</strong></span> <span class='ocrx_word' id='word_1_613' title='bbox 3294 3943 3583 3999; x_wconf 88' lang='lat' dir='ltr'><strong>domorum</strong></span> 
     </span>
    </p>
   </div>
   <div class='ocr_carea' id='block_1_84' title="bbox 2005 4034 3589 4106">
    <p class='ocr_par' dir='ltr' id='par_1_84' title="bbox 2005 4034 3589 4106">
     <span class='ocr_line' id='line_1_84' title="bbox 2005 4034 3589 4106; baseline 0.001 -18"><span class='ocrx_word' id='word_1_614' title='bbox 2005 4049 2120 4104; x_wconf 65' lang='lat' dir='ltr'><strong>pra:</strong></span> <span class='ocrx_word' id='word_1_615' title='bbox 2176 4037 2369 4090; x_wconf 84' lang='lat' dir='ltr'><strong>mortis</strong></span> <span class='ocrx_word' id='word_1_616' title='bbox 2405 4045 2550 4090; x_wconf 90' lang='lat' dir='ltr'><strong>metu</strong></span> <span class='ocrx_word' id='word_1_617' title='bbox 2599 4035 2654 4089; x_wconf 92' lang='lat' dir='ltr'><strong>in</strong></span> <span class='ocrx_word' id='word_1_618' title='bbox 2703 4044 2854 4090; x_wconf 87' lang='lat' dir='ltr'><strong>tanto</strong></span> <span class='ocrx_word' id='word_1_619' title='bbox 2900 4035 3144 4105; x_wconf 90' lang='lat' dir='ltr'><strong>periculo</strong></span> <span class='ocrx_word' id='word_1_620' title='bbox 3175 4034 3589 4106; x_wconf 77' lang='lat' dir='ltr'><strong>prosiliebant?</strong></span> 
     </span>
    </p>
   </div>
   <div class='ocr_carea' id='block_1_85' title="bbox 2009 4126 3585 4192">
    <p class='ocr_par' dir='ltr' id='par_1_85' title="bbox 2009 4126 3585 4192">
     <span class='ocr_line' id='line_1_85' title="bbox 2009 4126 3585 4192; baseline 0.001 -12"><span class='ocrx_word' id='word_1_621' title='bbox 2009 4127 2115 4192; x_wconf 85' lang='lat' dir='ltr'><strong>Qui</strong></span> <span class='ocrx_word' id='word_1_622' title='bbox 2169 4126 2224 4181; x_wconf 88' lang='lat' dir='ltr'><strong>in</strong></span> <span class='ocrx_word' id='word_1_623' title='bbox 2268 4141 2449 4182; x_wconf 84' lang='lat' dir='ltr'><strong>aerem</strong></span> <span class='ocrx_word' id='word_1_624' title='bbox 2503 4127 2686 4182; x_wconf 86' lang='lat' dir='ltr'><strong>volare</strong></span> <span class='ocrx_word' id='word_1_625' title='bbox 2727 4142 2837 4182; x_wconf 89' lang='lat' dir='ltr'><strong>non</strong></span> <span class='ocrx_word' id='word_1_626' title='bbox 2888 4129 3157 4192; x_wconf 88' lang='lat' dir='ltr'><strong>valentes,</strong></span> <span class='ocrx_word' id='word_1_627' title='bbox 3204 4128 3347 4182; x_wconf 84' lang='lat' dir='ltr'><strong>sicut</strong></span> <span class='ocrx_word' id='word_1_628' title='bbox 3380 4129 3585 4182; x_wconf 65' lang='lat' dir='ltr'><strong>voluiso</strong></span> 
     </span>
    </p>
   </div>
   <div class='ocr_carea' id='block_1_86' title="bbox 2009 4219 3582 4292">
    <p class='ocr_par' dir='ltr' id='par_1_86' title="bbox 2009 4219 3582 4292">
     <span class='ocr_line' id='line_1_86' title="bbox 2009 4219 3582 4292; baseline 0.002 -18"><span class='ocrx_word' id='word_1_629' title='bbox 2009 4224 2156 4282; x_wconf 84' lang='lat' dir='ltr'><strong>sent,</strong></span> <span class='ocrx_word' id='word_1_630' title='bbox 2212 4235 2277 4273; x_wconf 77' lang='lat' dir='ltr'><strong>ex</strong></span> <span class='ocrx_word' id='word_1_631' title='bbox 2336 4219 2576 4288; x_wconf 89' lang='lat' dir='ltr'><strong>pondere</strong></span> <span class='ocrx_word' id='word_1_632' title='bbox 2635 4221 2883 4289; x_wconf 89' lang='lat' dir='ltr'><strong>corporis</strong></span> <span class='ocrx_word' id='word_1_633' title='bbox 2954 4221 3328 4292; x_wconf 87' lang='lat' dir='ltr'><strong>patiebantur,</strong></span> <span class='ocrx_word' id='word_1_634' title='bbox 3388 4223 3582 4277; x_wconf 82' lang='lat' dir='ltr'><strong>mortis</strong></span> 
     </span>
    </p>
   </div>
   <div class='ocr_carea' id='block_1_87' title="bbox 2003 4309 3577 4379">
    <p class='ocr_par' dir='ltr' id='par_1_87' title="bbox 2003 4309 3577 4379">
     <span class='ocr_line' id='line_1_87' title="bbox 2003 4309 3577 4379; baseline 0 -13"><span class='ocrx_word' id='word_1_635' title='bbox 2003 4309 2241 4366; x_wconf 87' lang='lat' dir='ltr'><strong>sonitum</strong></span> <span class='ocrx_word' id='word_1_636' title='bbox 2266 4310 2490 4370; x_wconf 85' lang='lat' dir='ltr'><strong>dabant.</strong></span> <span class='ocrx_word' id='word_1_637' title='bbox 2544 4327 2609 4366; x_wconf 78' lang='lat' dir='ltr'><strong>ex</strong></span> <span class='ocrx_word' id='word_1_638' title='bbox 2641 4311 2750 4366; x_wconf 82' lang='lat' dir='ltr'><strong>alto</strong></span> <span class='ocrx_word' id='word_1_639' title='bbox 2798 4312 3135 4368; x_wconf 84' lang='lat' dir='ltr'><strong>decidentes.</strong></span> <span class='ocrx_word' id='word_1_640' title='bbox 3190 4311 3333 4379; x_wconf 85' lang='lat' dir='ltr'><strong>Quid</strong></span> <span class='ocrx_word' id='word_1_641' title='bbox 3363 4313 3430 4367; x_wconf 90' lang='lat' dir='ltr'><strong>de</strong></span> <span class='ocrx_word' id='word_1_642' title='bbox 3470 4313 3577 4367; x_wconf 89' lang='lat' dir='ltr'><strong>illis</strong></span> 
     </span>
    </p>
   </div>
   <div class='ocr_carea' id='block_1_88' title="bbox 2010 4400 3574 4474">
    <p class='ocr_par' dir='ltr' id='par_1_88' title="bbox 2010 4400 3574 4474">
     <span class='ocr_line' id='line_1_88' title="bbox 2010 4400 3574 4474; baseline 0.003 -21"><span class='ocrx_word' id='word_1_643' title='bbox 2010 4400 2104 4470; x_wconf 91' lang='lat' dir='ltr'><strong>qui</strong></span> <span class='ocrx_word' id='word_1_644' title='bbox 2136 4400 2190 4454; x_wconf 91' lang='lat' dir='ltr'><strong>in</strong></span> <span class='ocrx_word' id='word_1_645' title='bbox 2221 4402 2398 4470; x_wconf 88' lang='lat' dir='ltr'><strong>puteis</strong></span> <span class='ocrx_word' id='word_1_646' title='bbox 2426 4402 2572 4458; x_wconf 89' lang='lat' dir='ltr'><strong>velut</strong></span> <span class='ocrx_word' id='word_1_647' title='bbox 2606 4403 2660 4457; x_wconf 89' lang='lat' dir='ltr'><strong>in</strong></span> <span class='ocrx_word' id='word_1_648' title='bbox 2693 4405 2852 4473; x_wconf 82' lang='lat' dir='ltr'><strong>aquis</strong></span> <span class='ocrx_word' id='word_1_649' title='bbox 2887 4404 3054 4474; x_wconf 88' lang='lat' dir='ltr'><strong>prisci</strong></span> <span class='ocrx_word' id='word_1_650' title='bbox 3111 4403 3258 4460; x_wconf 85' lang='lat' dir='ltr'><strong>illius</strong></span> <span class='ocrx_word' id='word_1_651' title='bbox 3295 4405 3482 4474; x_wconf 88' lang='lat' dir='ltr'><strong>Cocyti</strong></span> <span class='ocrx_word' id='word_1_652' title='bbox 3517 4412 3574 4458; x_wconf 87' lang='lat' dir='ltr'><strong>et</strong></span> 
     </span>
    </p>
   </div>
   <div class='ocr_carea' id='block_1_89' title="bbox 300 4491 1900 4572">
    <p class='ocr_par' dir='ltr' id='par_1_89' title="bbox 300 4499 1900 4572">
     <span class='ocr_line' id='line_1_89' title="bbox 300 4499 1900 4572; baseline -0.002 -18"><span class='ocrx_word' id='word_1_653' title='bbox 300 4501 431 4554; x_wconf 79' lang='grc' dir='ltr'>ὡσεὶ</span> <span class='ocrx_word' id='word_1_654' title='bbox 462 4501 566 4556; x_wconf 88' lang='grc' dir='ltr'><strong>καί</strong></span> <span class='ocrx_word' id='word_1_655' title='bbox 622 4517 769 4564; x_wconf 88' lang='grc' dir='ltr'>τινος</span> <span class='ocrx_word' id='word_1_656' title='bbox 802 4501 1048 4554; x_wconf 81' lang='grc' dir='ltr'>κωκυτοῦ</span> <span class='ocrx_word' id='word_1_657' title='bbox 1084 4502 1180 4555; x_wconf 73' lang='grc' dir='ltr'>καὶ</span> <span class='ocrx_word' id='word_1_658' title='bbox 1232 4501 1548 4572; x_wconf 86' lang='grc' dir='ltr'>ἀχεροντίου</span> <span class='ocrx_word' id='word_1_659' title='bbox 1581 4499 1774 4564; x_wconf 83' lang='grc' dir='ltr'>ὓδατος</span> <span class='ocrx_word' id='word_1_660' title='bbox 1807 4500 1900 4572; x_wconf 83' lang='grc' dir='ltr'><strong>βυ-</strong></span> 
     </span>
    </p>
   </div>
   <div class='ocr_carea' id='block_1_90' title="bbox 2002 4491 3574 4572">
    <p class='ocr_par' dir='ltr' id='par_1_90' title="bbox 2009 4491 3574 4564">
     <span class='ocr_line' id='line_1_90' title="bbox 2009 4491 3574 4564; baseline 0.004 -20"><span class='ocrx_word' id='word_1_661' title='bbox 2009 4491 2333 4548; x_wconf 83' lang='lat' dir='ltr'><strong>Acherontis</strong></span> <span class='ocrx_word' id='word_1_662' title='bbox 2409 4509 2469 4548; x_wconf 89' lang='lat' dir='ltr'><strong>se</strong></span> <span class='ocrx_word' id='word_1_663' title='bbox 2523 4495 2918 4564; x_wconf 80' lang='lat' dir='ltr'><strong>immergebant</strong></span> <span class='ocrx_word' id='word_1_664' title='bbox 2980 4495 3082 4550; x_wconf 91' lang='lat' dir='ltr'><strong>viri</strong></span> <span class='ocrx_word' id='word_1_665' title='bbox 3141 4509 3204 4550; x_wconf 86' lang='lat' dir='ltr'><strong>ac</strong></span> <span class='ocrx_word' id='word_1_666' title='bbox 3276 4496 3574 4559; x_wconf 84' lang='lat' dir='ltr'><strong>mulieres;</strong></span> 
     </span>
    </p>
   </div>
   <div class='ocr_carea' id='block_1_91' title="bbox 299 4587 1902 4665">
    <p class='ocr_par' dir='ltr' id='par_1_91' title="bbox 299 4587 1902 4665">
     <span class='ocr_line' id='line_1_91' title="bbox 299 4587 1902 4665; baseline -0.002 -17"><span class='ocrx_word' id='word_1_667' title='bbox 299 4587 637 4665; x_wconf 77' lang='grc' dir='ltr'>θιζομένους</span> <span class='ocrx_word' id='word_1_668' title='bbox 686 4593 884 4664; x_wconf 80' lang='grc' dir='ltr'>ἀνδρας</span> <span class='ocrx_word' id='word_1_669' title='bbox 911 4609 970 4646; x_wconf 90' lang='grc' dir='ltr'>τε</span> <span class='ocrx_word' id='word_1_670' title='bbox 999 4595 1094 4646; x_wconf 75' lang='grc' dir='ltr'><strong>καὶ</strong></span> <span class='ocrx_word' id='word_1_671' title='bbox 1135 4594 1419 4662; x_wconf 75' lang='grc' dir='ltr'>γυναῖκαςς</span> <span class='ocrx_word' id='word_1_672' title='bbox 1449 4592 1578 4655; x_wconf 84' lang='grc' dir='ltr'>τοὺς</span> <span class='ocrx_word' id='word_1_673' title='bbox 1632 4591 1730 4662; x_wconf 83' lang='grc' dir='ltr'>μὲν</span> <span class='ocrx_word' id='word_1_674' title='bbox 1754 4592 1902 4662; x_wconf 70' lang='grc' dir='ltr'>φόϐῳ</span> 
     </span>
    </p>
   </div>
   <div class='ocr_carea' id='block_1_92' title="bbox 301 4683 1903 4758">
    <p class='ocr_par' dir='ltr' id='par_1_92' title="bbox 301 4683 1903 4758">
     <span class='ocr_line' id='line_1_92' title="bbox 301 4683 1903 4758; baseline -0.004 -17"><span class='ocrx_word' id='word_1_675' title='bbox 301 4686 395 4741; x_wconf 76' lang='grc' dir='ltr'><strong>τοῦ</strong></span> <span class='ocrx_word' id='word_1_676' title='bbox 427 4688 508 4758; x_wconf 77' lang='grc' dir='ltr'>μὴ</span> <span class='ocrx_word' id='word_1_677' title='bbox 536 4686 662 4740; x_wconf 77' lang='grc' dir='ltr'><strong>ἀνω</strong></span> <span class='ocrx_word' id='word_1_678' title='bbox 691 4687 880 4737; x_wconf 84' lang='grc' dir='ltr'>πεσεῖν</span> <span class='ocrx_word' id='word_1_679' title='bbox 910 4685 1148 4756; x_wconf 86' lang='grc' dir='ltr'>θανάτῳ,</span> <span class='ocrx_word' id='word_1_680' title='bbox 1181 4685 1278 4746; x_wconf 83' lang='grc' dir='ltr'>τὰς</span> <span class='ocrx_word' id='word_1_681' title='bbox 1302 4683 1358 4736; x_wconf 83' lang='grc' dir='ltr'>δὲ</span> <span class='ocrx_word' id='word_1_682' title='bbox 1408 4684 1501 4737; x_wconf 76' lang='grc' dir='ltr'>καὶ</span> <span class='ocrx_word' id='word_1_683' title='bbox 1535 4685 1678 4736; x_wconf 71' lang='grc' dir='ltr'>κατὰ</span> <span class='ocrx_word' id='word_1_684' title='bbox 1709 4684 1903 4750; x_wconf 80' lang='grc' dir='ltr'>σεμνό-</span> 
     </span>
    </p>
   </div>
   <div class='ocr_carea' id='block_1_93' title="bbox 305 4767 1901 4849">
    <p class='ocr_par' dir='ltr' id='par_1_93' title="bbox 305 4767 1901 4849">
     <span class='ocr_line' id='line_1_93' title="bbox 305 4767 1901 4849; baseline -0.003 -18"><span class='ocrx_word' id='word_1_685' title='bbox 305 4795 463 4849; x_wconf 77' lang='grc' dir='ltr'>τητα.</span> <span class='ocrx_word' id='word_1_686' title='bbox 505 4775 722 4831; x_wconf 79' lang='grc' dir='ltr'>Καινδν</span> <span class='ocrx_word' id='word_1_687' title='bbox 744 4775 800 4828; x_wconf 81' lang='grc' dir='ltr'>δὲ</span> <span class='ocrx_word' id='word_1_688' title='bbox 839 4767 993 4829; x_wconf 63' lang='grc' dir='ltr'>οὐδὲν</span> <span class='ocrx_word' id='word_1_689' title='bbox 1025 4775 1145 4828; x_wconf 80' lang='grc' dir='ltr'>οὐδὲ</span> <span class='ocrx_word' id='word_1_690' title='bbox 1181 4777 1216 4846; x_wconf 78' lang='grc' dir='ltr'><strong>ἡ</strong></span> <span class='ocrx_word' id='word_1_691' title='bbox 1255 4774 1478 4843; x_wconf 87' lang='grc' dir='ltr'>τοιαύτη</span> <span class='ocrx_word' id='word_1_692' title='bbox 1533 4773 1814 4842; x_wconf 79' lang='grc' dir='ltr'>ἔμπτωσίς</span> <span class='ocrx_word' id='word_1_693' title='bbox 1841 4792 1901 4827; x_wconf 89' lang='grc' dir='ltr'>τε</span> 
     </span>
    </p>
   </div>
   <div class='ocr_carea' id='block_1_94' title="bbox 300 4865 1900 4938">
    <p class='ocr_par' dir='ltr' id='par_1_94' title="bbox 300 4865 1900 4938">
     <span class='ocr_line' id='line_1_94' title="bbox 300 4865 1900 4938; baseline -0.002 -17"><span class='ocrx_word' id='word_1_694' title='bbox 300 4871 389 4923; x_wconf 70' lang='lat' dir='ltr'><strong>mi.</strong></span> <span class='ocrx_word' id='word_1_695' title='bbox 407 4870 783 4930; x_wconf 78' lang='grc' dir='ltr'>κατάπτωσις</span> <span class='ocrx_word' id='word_1_696' title='bbox 807 4869 936 4936; x_wconf 80' lang='grc' dir='ltr'>παρ’</span> <span class='ocrx_word' id='word_1_697' title='bbox 965 4867 1296 4938; x_wconf 82' lang='grc' dir='ltr'>ἀνθρώποις,</span> <span class='ocrx_word' id='word_1_698' title='bbox 1327 4865 1377 4918; x_wconf 77' lang='grc' dir='ltr'>οἳ</span> <span class='ocrx_word' id='word_1_699' title='bbox 1405 4866 1480 4936; x_wconf 82' lang='grc' dir='ltr'>μὴ</span> <span class='ocrx_word' id='word_1_700' title='bbox 1511 4865 1670 4935; x_wconf 86' lang='grc' dir='ltr'>μόνον</span> <span class='ocrx_word' id='word_1_701' title='bbox 1699 4867 1900 4934; x_wconf 85' lang='grc' dir='ltr'>πέτρας</span> 
     </span>
    </p>
   </div>
   <div class='ocr_carea' id='block_1_95' title="bbox 297 4953 1902 5029">
    <p class='ocr_par' dir='ltr' id='par_1_95' title="bbox 297 4953 1902 5029">
     <span class='ocr_line' id='line_1_95' title="bbox 297 4953 1902 5029; baseline -0.004 -17"><span class='ocrx_word' id='word_1_702' title='bbox 297 4957 527 5029; x_wconf 73' lang='grc' dir='ltr'>εὔχοντο</span> <span class='ocrx_word' id='word_1_703' title='bbox 567 4957 642 5010; x_wconf 81' lang='grc' dir='ltr'>ἂν</span> <span class='ocrx_word' id='word_1_704' title='bbox 711 4956 944 5025; x_wconf 75' lang='grc' dir='ltr'>ῥαγῆναι</span> <span class='ocrx_word' id='word_1_705' title='bbox 974 4955 1054 5018; x_wconf 88' lang='grc' dir='ltr'><strong>είς</strong></span> <span class='ocrx_word' id='word_1_706' title='bbox 1093 4954 1364 5025; x_wconf 85' lang='grc' dir='ltr'>ὑποδοχὴν</span> <span class='ocrx_word' id='word_1_707' title='bbox 1394 4953 1598 5017; x_wconf 78' lang='grc' dir='ltr'>αὐτοῖς,</span> <span class='ocrx_word' id='word_1_708' title='bbox 1650 4955 1744 5004; x_wconf 69' lang='grc' dir='ltr'><strong>καὶ</strong></span> <span class='ocrx_word' id='word_1_709' title='bbox 1780 4954 1902 5022; x_wconf 78' lang='grc' dir='ltr'>βου-</span> 
     </span>
    </p>
   </div>
   <div class='ocr_carea' id='block_1_96' title="bbox 298 5042 1901 5113">
    <p class='ocr_par' dir='ltr' id='par_1_96' title="bbox 298 5042 1901 5113">
     <span class='ocr_line' id='line_1_96' title="bbox 298 5042 1901 5113; baseline -0.001 -15"><span class='ocrx_word' id='word_1_710' title='bbox 298 5048 423 5108; x_wconf 78' lang='grc' dir='ltr'>νοὺς</span> <span class='ocrx_word' id='word_1_711' title='bbox 458 5047 547 5108; x_wconf 80' lang='grc' dir='ltr'>εἰς</span> <span class='ocrx_word' id='word_1_712' title='bbox 591 5042 801 5113; x_wconf 78' lang='grc' dir='ltr'>κρύψιν</span> <span class='ocrx_word' id='word_1_713' title='bbox 830 5043 1313 5112; x_wconf 83' lang='grc' dir='ltr'>κατακυλισθῆναι,</span> <span class='ocrx_word' id='word_1_714' title='bbox 1347 5043 1440 5096; x_wconf 75' lang='grc' dir='ltr'><strong>καὶ</strong></span> <span class='ocrx_word' id='word_1_715' title='bbox 1466 5042 1693 5112; x_wconf 84' lang='grc' dir='ltr'>οὐρανὸν</span> <span class='ocrx_word' id='word_1_716' title='bbox 1719 5042 1775 5094; x_wconf 84' lang='grc' dir='ltr'>δὲ</span> <span class='ocrx_word' id='word_1_717' title='bbox 1801 5043 1901 5096; x_wconf 84' lang='grc' dir='ltr'><strong>αὐ·</strong></span> 
     </span>
    </p>
   </div>
   <div class='ocr_carea' id='block_1_97' title="bbox 297 5132 1898 5203">
    <p class='ocr_par' dir='ltr' id='par_1_97' title="bbox 297 5132 1898 5203">
     <span class='ocr_line' id='line_1_97' title="bbox 297 5132 1898 5203; baseline -0.001 -14"><span class='ocrx_word' id='word_1_718' title='bbox 297 5137 386 5189; x_wconf 64' lang='grc' dir='ltr'><strong>’ὸν</strong></span> <span class='ocrx_word' id='word_1_719' title='bbox 408 5137 893 5190; x_wconf 80' lang='grc' dir='ltr'>ὲπικαταπεσεῖνο</span> <span class='ocrx_word' id='word_1_720' title='bbox 922 5133 1062 5188; x_wconf 80' lang='grc' dir='ltr'>ἀλλά</span> <span class='ocrx_word' id='word_1_721' title='bbox 1101 5151 1205 5188; x_wconf 80' lang='grc' dir='ltr'><strong>που</strong></span> <span class='ocrx_word' id='word_1_722' title='bbox 1230 5135 1325 5191; x_wconf 76' lang='grc' dir='ltr'>καὶ</span> <span class='ocrx_word' id='word_1_723' title='bbox 1349 5135 1480 5203; x_wconf 88' lang='grc' dir='ltr'>χάος</span> <span class='ocrx_word' id='word_1_724' title='bbox 1510 5135 1604 5186; x_wconf 79' lang='grc' dir='ltr'>καὶ</span> <span class='ocrx_word' id='word_1_725' title='bbox 1626 5132 1898 5203; x_wconf 86' lang='grc' dir='ltr'>τάρταρον</span> 
     </span>
    </p>
   </div>
   <div class='ocr_carea' id='block_1_98' title="bbox 297 5223 1897 5296">
    <p class='ocr_par' dir='ltr' id='par_1_98' title="bbox 297 5223 1897 5296">
     <span class='ocr_line' id='line_1_98' title="bbox 297 5223 1897 5296; baseline -0.002 -17"><span class='ocrx_word' id='word_1_726' title='bbox 297 5228 688 5296; x_wconf 70' lang='grc' dir='ltr'>ἰφαντάζοντο</span> <span class='ocrx_word' id='word_1_727' title='bbox 711 5227 792 5290; x_wconf 85' lang='grc' dir='ltr'><strong>είς</strong></span> <span class='ocrx_word' id='word_1_728' title='bbox 812 5226 1108 5281; x_wconf 85' lang='grc' dir='ltr'>κατάδυσιν</span> <span class='ocrx_word' id='word_1_729' title='bbox 1167 5227 1262 5280; x_wconf 74' lang='grc' dir='ltr'>καὶ</span> <span class='ocrx_word' id='word_1_730' title='bbox 1313 5225 1432 5294; x_wconf 84' lang='grc' dir='ltr'>βίου</span> <span class='ocrx_word' id='word_1_731' title='bbox 1471 5224 1790 5278; x_wconf 83' lang='grc' dir='ltr'>κατάλυσιν.</span> <span class='ocrx_word' id='word_1_732' title='bbox 1824 5223 1897 5277; x_wconf 80' lang='grc' dir='ltr'><strong>Τὸ</strong></span> 
     </span>
    </p>
   </div>
   <div class='ocr_carea' id='block_1_99' title="bbox 294 5315 1897 5390">
    <p class='ocr_par' dir='ltr' id='par_1_99' title="bbox 294 5315 1897 5390">
     <span class='ocr_line' id='line_1_99' title="bbox 294 5315 1897 5390; baseline -0.001 -17"><span class='ocrx_word' id='word_1_733' title='bbox 294 5319 406 5390; x_wconf 80' lang='grc' dir='ltr'><strong>γὰρ</strong></span> <span class='ocrx_word' id='word_1_734' title='bbox 462 5317 603 5373; x_wconf 78' lang='grc' dir='ltr'>καθ’</span> <span class='ocrx_word' id='word_1_735' title='bbox 641 5317 882 5388; x_wconf 71' lang='grc' dir='ltr'>ἱστορίαν</span> <span class='ocrx_word' id='word_1_736' title='bbox 912 5316 1208 5387; x_wconf 85' lang='grc' dir='ltr'>βάραθρον,</span> <span class='ocrx_word' id='word_1_737' title='bbox 1247 5317 1342 5370; x_wconf 62' lang='grc' dir='ltr'><strong>κει)⁵</strong></span> <span class='ocrx_word' id='word_1_738' title='bbox 1375 5317 1424 5368; x_wconf 81' lang='grc' dir='ltr'>οἱ</span> <span class='ocrx_word' id='word_1_739' title='bbox 1454 5315 1692 5386; x_wconf 79' lang='grc' dir='ltr'>κρημνοὶ</span> <span class='ocrx_word' id='word_1_740' title='bbox 1725 5317 1897 5387; x_wconf 70' lang='grc' dir='ltr'>μικρὰ</span> 
     </span>
    </p>
   </div>
   <div class='ocr_carea' id='block_1_100' title="bbox 297 5402 1608 5477">
    <p class='ocr_par' dir='ltr' id='par_1_100' title="bbox 297 5402 1608 5477">
     <span class='ocr_line' id='line_1_100' title="bbox 297 5402 1608 5477; baseline -0.002 -17"><span class='ocrx_word' id='word_1_741' title='bbox 297 5412 389 5460; x_wconf 77' lang='grc' dir='ltr'>καὶ</span> <span class='ocrx_word' id='word_1_742' title='bbox 411 5409 569 5462; x_wconf 77' lang='grc' dir='ltr'>αὐτὰ</span> <span class='ocrx_word' id='word_1_743' title='bbox 604 5402 751 5477; x_wconf 80' lang='grc' dir='ltr'>ἦσαν</span> <span class='ocrx_word' id='word_1_744' title='bbox 783 5410 893 5468; x_wconf 79' lang='grc' dir='ltr'>τοῖς</span> <span class='ocrx_word' id='word_1_745' title='bbox 922 5404 1311 5474; x_wconf 84' lang='grc' dir='ltr'>ἀφαντωθῆναι</span> <span class='ocrx_word' id='word_1_746' title='bbox 1341 5405 1608 5459; x_wconf 83' lang='grc' dir='ltr'>θέλουσιν.</span> 
     </span>
    </p>
   </div>
   <div class='ocr_carea' id='block_1_101' title="bbox 366 5496 1894 5572">
    <p class='ocr_par' dir='ltr' id='par_1_101' title="bbox 366 5496 1894 5572">
     <span class='ocr_line' id='line_1_101' title="bbox 366 5496 1894 5572; baseline -0.002 -18"><span class='ocrx_word' id='word_1_747' title='bbox 366 5507 468 5572; x_wconf 72' lang='grc' dir='ltr'><strong>ρι’.</strong></span> <span class='ocrx_word' id='word_1_748' title='bbox 516 5500 592 5552; x_wconf 85' lang='grc' dir='ltr'><strong>’Ὠ</strong></span> <span class='ocrx_word' id='word_1_749' title='bbox 623 5515 714 5568; x_wconf 83' lang='grc' dir='ltr'><strong>μοι</strong></span> <span class='ocrx_word' id='word_1_750' title='bbox 746 5499 838 5551; x_wconf 72' lang='grc' dir='ltr'>καὶ</span> <span class='ocrx_word' id='word_1_751' title='bbox 867 5498 973 5550; x_wconf 84' lang='grc' dir='ltr'><strong>τῶν</strong></span> <span class='ocrx_word' id='word_1_752' title='bbox 999 5498 1183 5564; x_wconf 80' lang='grc' dir='ltr'>λίθων,</span> <span class='ocrx_word' id='word_1_753' title='bbox 1213 5497 1375 5568; x_wconf 79' lang='grc' dir='ltr'>οἵπερ</span> <span class='ocrx_word' id='word_1_754' title='bbox 1406 5496 1894 5567; x_wconf 82' lang='grc' dir='ltr'>ὲπαφιέμενοιτοῖς</span> 
     </span>
    </p>
   </div>
   <div class='ocr_carea' id='block_1_102' title="bbox 294 5588 1895 5662">
    <p class='ocr_par' dir='ltr' id='par_1_102' title="bbox 294 5588 1895 5662">
     <span class='ocr_line' id='line_1_102' title="bbox 294 5588 1895 5662; baseline 0.001 -20"><span class='ocrx_word' id='word_1_755' title='bbox 294 5592 573 5652; x_wconf 74' lang='grc' dir='ltr'>τοιούτοις</span> <span class='ocrx_word' id='word_1_756' title='bbox 614 5590 758 5659; x_wconf 75' lang='grc' dir='ltr'>πρὸς</span> <span class='ocrx_word' id='word_1_757' title='bbox 809 5589 920 5642; x_wconf 87' lang='grc' dir='ltr'><strong>τῶν</strong></span> <span class='ocrx_word' id='word_1_758' title='bbox 951 5589 1265 5662; x_wconf 78' lang='grc' dir='ltr'>βαρϐάρων,</span> <span class='ocrx_word' id='word_1_759' title='bbox 1297 5588 1582 5644; x_wconf 81' lang='grc' dir='ltr'>ἀνανεύειν</span> <span class='ocrx_word' id='word_1_760' title='bbox 1608 5589 1708 5643; x_wconf 79' lang='grc' dir='ltr'>οὐκ</span> <span class='ocrx_word' id='word_1_761' title='bbox 1737 5591 1895 5658; x_wconf 86' lang='grc' dir='ltr'>ἀφίε-</span> 
     </span>
    </p>
   </div>
   <div class='ocr_carea' id='block_1_103' title="bbox 297 5681 1892 5753">
    <p class='ocr_par' dir='ltr' id='par_1_103' title="bbox 297 5681 1892 5753">
     <span class='ocr_line' id='line_1_103' title="bbox 297 5681 1892 5753; baseline 0.001 -19"><span class='ocrx_word' id='word_1_762' title='bbox 297 5697 418 5748; x_wconf 84' lang='grc' dir='ltr'>σαν,</span> <span class='ocrx_word' id='word_1_763' title='bbox 459 5683 593 5738; x_wconf 78' lang='grc' dir='ltr'>ἀλλ’</span> <span class='ocrx_word' id='word_1_764' title='bbox 636 5683 1089 5751; x_wconf 73' lang='grc' dir='ltr'>ἐπιπωμάζοντες</span> <span class='ocrx_word' id='word_1_765' title='bbox 1163 5681 1530 5753; x_wconf 83' lang='grc' dir='ltr'>κατεχώννυον</span> <span class='ocrx_word' id='word_1_766' title='bbox 1559 5682 1684 5744; x_wconf 87' lang='grc' dir='ltr'>τοὺς</span> <span class='ocrx_word' id='word_1_767' title='bbox 1728 5683 1892 5736; x_wconf 76' lang='grc' dir='ltr'>ἐλεει-</span> 
     </span>
    </p>
   </div>
   <div class='ocr_carea' id='block_1_104' title="bbox 298 5769 1890 5844">
    <p class='ocr_par' dir='ltr' id='par_1_104' title="bbox 298 5769 1890 5844">
     <span class='ocr_line' id='line_1_104' title="bbox 298 5769 1890 5844; baseline -0.001 -15"><span class='ocrx_word' id='word_1_768' title='bbox 298 5771 439 5838; x_wconf 74' lang='grc' dir='ltr'>ιούς.</span> <span class='ocrx_word' id='word_1_769' title='bbox 497 5773 653 5829; x_wconf 67' lang='grc' dir='ltr'><strong>Οὐαὶ</strong></span> <span class='ocrx_word' id='word_1_770' title='bbox 681 5772 805 5826; x_wconf 89' lang='grc' dir='ltr'>τότε</span> <span class='ocrx_word' id='word_1_771' title='bbox 845 5774 942 5824; x_wconf 75' lang='grc' dir='ltr'>καὶ</span> <span class='ocrx_word' id='word_1_772' title='bbox 975 5773 1093 5826; x_wconf 80' lang='grc' dir='ltr'>ὅσαι</span> <span class='ocrx_word' id='word_1_773' title='bbox 1145 5775 1286 5825; x_wconf 75' lang='grc' dir='ltr'>κατὰ</span> <span class='ocrx_word' id='word_1_774' title='bbox 1317 5775 1598 5842; x_wconf 80' lang='grc' dir='ltr'>γαστέρων</span> <span class='ocrx_word' id='word_1_775' title='bbox 1631 5769 1794 5844; x_wconf 81' lang='grc' dir='ltr'>εἶχον,</span> <span class='ocrx_word' id='word_1_776' title='bbox 1824 5774 1890 5836; x_wconf 74' lang='grc' dir='ltr'>ἃς</span> 
     </span>
    </p>
   </div>
   <div class='ocr_carea' id='block_1_105' title="bbox 683 5868 1520 5932">
    <p class='ocr_par' dir='ltr' id='par_1_105' title="bbox 683 5868 1520 5932">
     <span class='ocr_line' id='line_1_105' title="bbox 683 5868 1520 5932; baseline 0 -2"><span class='ocrx_word' id='word_1_777' title='bbox 683 5870 958 5930; x_wconf 70' lang='grc' dir='ltr'><strong>ΡΑἸἮΟΙι.</strong></span> <span class='ocrx_word' id='word_1_778' title='bbox 1005 5869 1116 5930; x_wconf 76' lang='lat' dir='ltr'><strong>Gn.</strong></span> <span class='ocrx_word' id='word_1_779' title='bbox 1177 5868 1520 5932; x_wconf 76' lang='lat' dir='ltr'><strong>CXXXVI.</strong></span> 
     </span>
    </p>
   </div>
   <div class='ocr_carea' id='block_1_106' title="bbox 2007 4583 3580 4652">
    <p class='ocr_par' dir='ltr' id='par_1_106' title="bbox 2007 4583 3580 4652">
     <span class='ocr_line' id='line_1_106' title="bbox 2007 4583 3580 4652; baseline 0.003 -16"><span class='ocrx_word' id='word_1_780' title='bbox 2007 4583 2086 4637; x_wconf 92' lang='lat' dir='ltr'><strong>illi</strong></span> <span class='ocrx_word' id='word_1_781' title='bbox 2123 4584 2313 4640; x_wconf 91' lang='lat' dir='ltr'><strong>timore</strong></span> <span class='ocrx_word' id='word_1_782' title='bbox 2343 4600 2506 4640; x_wconf 89' lang='lat' dir='ltr'><strong>casus</strong></span> <span class='ocrx_word' id='word_1_783' title='bbox 2561 4588 2834 4652; x_wconf 86' lang='lat' dir='ltr'><strong>mortalis,</strong></span> <span class='ocrx_word' id='word_1_784' title='bbox 2893 4587 2976 4641; x_wconf 65' lang='lat' dir='ltr'><strong>hae</strong></span> <span class='ocrx_word' id='word_1_785' title='bbox 3001 4596 3182 4642; x_wconf 89' lang='lat' dir='ltr'><strong>autem</strong></span> <span class='ocrx_word' id='word_1_786' title='bbox 3230 4587 3580 4641; x_wconf 58' lang='lat' dir='ltr'><strong>verecundiae</strong></span> 
     </span>
    </p>
   </div>
   <div class='ocr_carea' id='block_1_107' title="bbox 2003 4674 3578 4747">
    <p class='ocr_par' dir='ltr' id='par_1_107' title="bbox 2003 4674 3578 4747">
     <span class='ocr_line' id='line_1_107' title="bbox 2003 4674 3578 4747; baseline -0.001 -18"><span class='ocrx_word' id='word_1_787' title='bbox 2003 4675 2208 4730; x_wconf 81' lang='lat' dir='ltr'><strong>causa?</strong></span> <span class='ocrx_word' id='word_1_788' title='bbox 2229 4674 2336 4730; x_wconf 86' lang='lat' dir='ltr'><strong>Nec</strong></span> <span class='ocrx_word' id='word_1_789' title='bbox 2367 4677 2536 4732; x_wconf 87' lang='lat' dir='ltr'><strong>saltus</strong></span> <span class='ocrx_word' id='word_1_790' title='bbox 2563 4691 2662 4732; x_wconf 90' lang='lat' dir='ltr'><strong>nec</strong></span> <span class='ocrx_word' id='word_1_791' title='bbox 2689 4693 2851 4733; x_wconf 86' lang='lat' dir='ltr'><strong>casus</strong></span> <span class='ocrx_word' id='word_1_792' title='bbox 2879 4678 3086 4747; x_wconf 87' lang='lat' dir='ltr'><strong>aliquid</strong></span> <span class='ocrx_word' id='word_1_793' title='bbox 3120 4683 3245 4731; x_wconf 87' lang='lat' dir='ltr'><strong>novi</strong></span> <span class='ocrx_word' id='word_1_794' title='bbox 3279 4690 3434 4733; x_wconf 87' lang='lat' dir='ltr'><strong>erant</strong></span> <span class='ocrx_word' id='word_1_795' title='bbox 3467 4679 3578 4731; x_wconf 67' lang='lat' dir='ltr'><strong>ulla</strong></span> 
     </span>
    </p>
   </div>
   <div class='ocr_carea' id='block_1_108' title="bbox 2004 4768 3576 4839">
    <p class='ocr_par' dir='ltr' id='par_1_108' title="bbox 2004 4768 3576 4839">
     <span class='ocr_line' id='line_1_108' title="bbox 2004 4768 3576 4839; baseline 0.003 -18"><span class='ocrx_word' id='word_1_796' title='bbox 2004 4768 2167 4823; x_wconf 91' lang='lat' dir='ltr'><strong>modo</strong></span> <span class='ocrx_word' id='word_1_797' title='bbox 2197 4769 2532 4836; x_wconf 87' lang='lat' dir='ltr'><strong>hominibus,</strong></span> <span class='ocrx_word' id='word_1_798' title='bbox 2564 4771 2656 4834; x_wconf 83' lang='lat' dir='ltr'><strong>qui</strong></span> <span class='ocrx_word' id='word_1_799' title='bbox 2688 4787 2794 4825; x_wconf 93' lang='lat' dir='ltr'><strong>non</strong></span> <span class='ocrx_word' id='word_1_800' title='bbox 2825 4771 3306 4839; x_wconf 86' lang='lat' dir='ltr'><strong>solumjactabant</strong></span> <span class='ocrx_word' id='word_1_801' title='bbox 3341 4771 3576 4826; x_wconf 88' lang='lat' dir='ltr'><strong>elisuros</strong></span> 
     </span>
    </p>
   </div>
   <div class='ocr_carea' id='block_1_109' title="bbox 2001 4852 3572 4932">
    <p class='ocr_par' dir='ltr' id='par_1_109' title="bbox 2001 4852 3572 4932">
     <span class='ocr_line' id='line_1_109' title="bbox 2001 4852 3572 4932; baseline 0.002 -19"><span class='ocrx_word' id='word_1_802' title='bbox 2001 4868 2188 4928; x_wconf 88' lang='lat' dir='ltr'><strong>petras</strong></span> <span class='ocrx_word' id='word_1_803' title='bbox 2217 4877 2382 4930; x_wconf 89' lang='lat' dir='ltr'><strong>super</strong></span> <span class='ocrx_word' id='word_1_804' title='bbox 2409 4878 2546 4930; x_wconf 85' lang='lat' dir='ltr'><strong>quas</strong></span> <span class='ocrx_word' id='word_1_805' title='bbox 2585 4852 2880 4928; x_wconf 50' lang='lat' dir='ltr'><strong>&#39;caderent,</strong></span> <span class='ocrx_word' id='word_1_806' title='bbox 2923 4878 2954 4918; x_wconf 89' lang='lat' dir='ltr'><strong>e</strong></span> <span class='ocrx_word' id='word_1_807' title='bbox 2985 4863 3133 4918; x_wconf 77' lang='lat' dir='ltr'><strong>saxis</strong></span> <span class='ocrx_word' id='word_1_808' title='bbox 3163 4862 3484 4932; x_wconf 88' lang='lat' dir='ltr'><strong>dilapsuros</strong></span> <span class='ocrx_word' id='word_1_809' title='bbox 3518 4866 3572 4918; x_wconf 88' lang='lat' dir='ltr'><strong>in</strong></span> 
     </span>
    </p>
   </div>
   <div class='ocr_carea' id='block_1_110' title="bbox 2001 4953 3574 5026">
    <p class='ocr_par' dir='ltr' id='par_1_110' title="bbox 2001 4953 3574 5026">
     <span class='ocr_line' id='line_1_110' title="bbox 2001 4953 3574 5026; baseline 0.003 -22"><span class='ocrx_word' id='word_1_810' title='bbox 2001 4953 2249 5022; x_wconf 84' lang='lat' dir='ltr'><strong>abyssos,</strong></span> <span class='ocrx_word' id='word_1_811' title='bbox 2293 4970 2356 5008; x_wconf 80' lang='lat' dir='ltr'><strong>ac</strong></span> <span class='ocrx_word' id='word_1_812' title='bbox 2383 4969 2555 5021; x_wconf 81' lang='lat' dir='ltr'><strong>usque</strong></span> <span class='ocrx_word' id='word_1_813' title='bbox 2587 4954 2652 5008; x_wconf 90' lang='lat' dir='ltr'><strong>ad</strong></span> <span class='ocrx_word' id='word_1_814' title='bbox 2682 4955 2879 5009; x_wconf 67' lang='lat' dir='ltr'><strong>caelum</strong></span> <span class='ocrx_word' id='word_1_815' title='bbox 2928 4969 3200 5022; x_wconf 84' lang='lat' dir='ltr'><strong>casuros;</strong></span> <span class='ocrx_word' id='word_1_816' title='bbox 3239 4958 3331 5010; x_wconf 84' lang='lat' dir='ltr'><strong>sed</strong></span> <span class='ocrx_word' id='word_1_817' title='bbox 3373 4957 3574 5026; x_wconf 59' lang='lat' dir='ltr'><strong>passim</strong></span> 
     </span>
    </p>
   </div>
   <div class='ocr_carea' id='block_1_111' title="bbox 2001 5044 3576 5116">
    <p class='ocr_par' dir='ltr' id='par_1_111' title="bbox 2001 5044 3576 5116">
     <span class='ocr_line' id='line_1_111' title="bbox 2001 5044 3576 5116; baseline 0 -16"><span class='ocrx_word' id='word_1_818' title='bbox 2001 5046 2166 5100; x_wconf 86' lang='lat' dir='ltr'><strong>chaos</strong></span> <span class='ocrx_word' id='word_1_819' title='bbox 2207 5052 2260 5098; x_wconf 91' lang='lat' dir='ltr'><strong>et</strong></span> <span class='ocrx_word' id='word_1_820' title='bbox 2288 5053 2551 5098; x_wconf 87' lang='lat' dir='ltr'><strong>tartarum</strong></span> <span class='ocrx_word' id='word_1_821' title='bbox 2580 5059 2639 5099; x_wconf 91' lang='lat' dir='ltr'><strong>se</strong></span> <span class='ocrx_word' id='word_1_822' title='bbox 2665 5044 2965 5101; x_wconf 80' lang='lat' dir='ltr'><strong>oﬂerebaut</strong></span> <span class='ocrx_word' id='word_1_823' title='bbox 2989 5057 3047 5100; x_wconf 91' lang='lat' dir='ltr'><strong>ut</strong></span> <span class='ocrx_word' id='word_1_824' title='bbox 3074 5047 3479 5116; x_wconf 85' lang='lat' dir='ltr'><strong>receptaculqu</strong></span> <span class='ocrx_word' id='word_1_825' title='bbox 3521 5056 3576 5101; x_wconf 89' lang='lat' dir='ltr'><strong>et</strong></span> 
     </span>
    </p>
   </div>
   <div class='ocr_carea' id='block_1_112' title="bbox 2001 5136 3575 5208">
    <p class='ocr_par' dir='ltr' id='par_1_112' title="bbox 2001 5136 3575 5208">
     <span class='ocr_line' id='line_1_112' title="bbox 2001 5136 3575 5208; baseline 0.003 -20"><span class='ocrx_word' id='word_1_826' title='bbox 2001 5137 2067 5189; x_wconf 87' lang='lat' dir='ltr'><strong>ad</strong></span> <span class='ocrx_word' id='word_1_827' title='bbox 2101 5136 2431 5190; x_wconf 85' lang='lat' dir='ltr'><strong>solutionem</strong></span> <span class='ocrx_word' id='word_1_828' title='bbox 2482 5136 2627 5190; x_wconf 66' lang='lat' dir='ltr'><strong>vitae.</strong></span> <span class='ocrx_word' id='word_1_829' title='bbox 2675 5137 2816 5191; x_wconf 84' lang='lat' dir='ltr'><strong>Nam</strong></span> <span class='ocrx_word' id='word_1_830' title='bbox 2863 5138 3020 5208; x_wconf 78' lang='lat' dir='ltr'><strong>juxta</strong></span> <span class='ocrx_word' id='word_1_831' title='bbox 3077 5139 3361 5193; x_wconf 88' lang='lat' dir='ltr'><strong>historiam</strong></span> <span class='ocrx_word' id='word_1_832' title='bbox 3414 5141 3575 5193; x_wconf 86' lang='lat' dir='ltr'><strong>bara-</strong></span> 
     </span>
    </p>
   </div>
   <div class='ocr_carea' id='block_1_113' title="bbox 1998 5225 3574 5300">
    <p class='ocr_par' dir='ltr' id='par_1_113' title="bbox 1998 5225 3574 5300">
     <span class='ocr_line' id='line_1_113' title="bbox 1998 5225 3574 5300; baseline 0.004 -20"><span class='ocrx_word' id='word_1_833' title='bbox 1998 5225 2180 5280; x_wconf 89' lang='lat' dir='ltr'><strong>thrum</strong></span> <span class='ocrx_word' id='word_1_834' title='bbox 2235 5234 2290 5280; x_wconf 88' lang='lat' dir='ltr'><strong>et</strong></span> <span class='ocrx_word' id='word_1_835' title='bbox 2319 5226 2501 5296; x_wconf 70' lang='lat' dir='ltr'><strong>abyssi</strong></span> <span class='ocrx_word' id='word_1_836' title='bbox 2533 5241 2699 5297; x_wconf 84' lang='lat' dir='ltr'><strong>parva</strong></span> <span class='ocrx_word' id='word_1_837' title='bbox 2731 5239 2886 5283; x_wconf 87' lang='lat' dir='ltr'><strong>erant</strong></span> <span class='ocrx_word' id='word_1_838' title='bbox 2931 5229 3018 5285; x_wconf 84' lang='lat' dir='ltr'><strong>his</strong></span> <span class='ocrx_word' id='word_1_839' title='bbox 3049 5228 3142 5300; x_wconf 83' lang='lat' dir='ltr'><strong>qui</strong></span> <span class='ocrx_word' id='word_1_840' title='bbox 3175 5244 3236 5286; x_wconf 89' lang='lat' dir='ltr'><strong>se</strong></span> <span class='ocrx_word' id='word_1_841' title='bbox 3266 5231 3574 5287; x_wconf 84' lang='lat' dir='ltr'><strong>invisibiles</strong></span> 
     </span>
    </p>
   </div>
   <div class='ocr_carea' id='block_1_114' title="bbox 1998 5316 2464 5372">
    <p class='ocr_par' dir='ltr' id='par_1_114' title="bbox 1998 5316 2464 5372">
     <span class='ocr_line' id='line_1_114' title="bbox 1998 5316 2464 5372; baseline 0 0"><span class='ocrx_word' id='word_1_842' title='bbox 1998 5319 2181 5372; x_wconf 85' lang='lat' dir='ltr'><strong>facere</strong></span> <span class='ocrx_word' id='word_1_843' title='bbox 2210 5316 2464 5372; x_wconf 87' lang='lat' dir='ltr'><strong>volebant</strong></span> 
     </span>
    </p>
   </div>
   <div class='ocr_carea' id='block_1_115' title="bbox 2067 5491 3572 5563">
    <p class='ocr_par' dir='ltr' id='par_1_115' title="bbox 2067 5491 3572 5563">
     <span class='ocr_line' id='line_1_115' title="bbox 2067 5491 3572 5563; baseline 0 -19"><span class='ocrx_word' id='word_1_844' title='bbox 2067 5491 2192 5547; x_wconf 73' lang='grc'><strong>105.</strong></span> <span class='ocrx_word' id='word_1_845' title='bbox 2231 5491 2382 5546; x_wconf 85' lang='lat' dir='ltr'><strong>Heu!</strong></span> <span class='ocrx_word' id='word_1_846' title='bbox 2429 5492 2560 5561; x_wconf 90' lang='lat' dir='ltr'><strong>quid</strong></span> <span class='ocrx_word' id='word_1_847' title='bbox 2595 5492 2661 5546; x_wconf 87' lang='lat' dir='ltr'><strong>de</strong></span> <span class='ocrx_word' id='word_1_848' title='bbox 2693 5491 2968 5563; x_wconf 86' lang='lat' dir='ltr'><strong>lapidibus</strong></span> <span class='ocrx_word' id='word_1_849' title='bbox 2999 5491 3092 5561; x_wconf 90' lang='lat' dir='ltr'><strong>qui</strong></span> <span class='ocrx_word' id='word_1_850' title='bbox 3114 5491 3266 5546; x_wconf 89' lang='lat' dir='ltr'><strong>missi</strong></span> <span class='ocrx_word' id='word_1_851' title='bbox 3304 5491 3572 5545; x_wconf 77' lang='lat' dir='ltr'><strong>adversus</strong></span> 
     </span>
    </p>
   </div>
   <div class='ocr_carea' id='block_1_116' title="bbox 1995 5584 3574 5649">
    <p class='ocr_par' dir='ltr' id='par_1_116' title="bbox 1995 5584 3574 5649">
     <span class='ocr_line' id='line_1_116' title="bbox 1995 5584 3574 5649; baseline -0.003 -9"><span class='ocrx_word' id='word_1_852' title='bbox 1995 5584 2120 5640; x_wconf 88' lang='lat' dir='ltr'><strong>illos</strong></span> <span class='ocrx_word' id='word_1_853' title='bbox 2148 5601 2176 5638; x_wconf 91' lang='lat' dir='ltr'><strong>a</strong></span> <span class='ocrx_word' id='word_1_854' title='bbox 2195 5585 2474 5649; x_wconf 88' lang='lat' dir='ltr'><strong>Barbaris,</strong></span> <span class='ocrx_word' id='word_1_855' title='bbox 2499 5600 2606 5638; x_wconf 87' lang='lat' dir='ltr'><strong>non</strong></span> <span class='ocrx_word' id='word_1_856' title='bbox 2629 5585 2886 5639; x_wconf 87' lang='lat' dir='ltr'><strong>sinebant</strong></span> <span class='ocrx_word' id='word_1_857' title='bbox 2922 5599 3014 5639; x_wconf 88' lang='lat' dir='ltr'><strong>eos</strong></span> <span class='ocrx_word' id='word_1_858' title='bbox 3039 5594 3258 5648; x_wconf 85' lang='lat' dir='ltr'><strong>nutare,</strong></span> <span class='ocrx_word' id='word_1_859' title='bbox 3295 5585 3387 5639; x_wconf 89' lang='lat' dir='ltr'><strong>sed</strong></span> <span class='ocrx_word' id='word_1_860' title='bbox 3421 5585 3574 5637; x_wconf 83' lang='lat' dir='ltr'><strong>obte-</strong></span> 
     </span>
    </p>
   </div>
   <div class='ocr_carea' id='block_1_117' title="bbox 1992 5672 3574 5745">
    <p class='ocr_par' dir='ltr' id='par_1_117' title="bbox 1992 5672 3574 5745">
     <span class='ocr_line' id='line_1_117' title="bbox 1992 5672 3574 5745; baseline -0.003 -17"><span class='ocrx_word' id='word_1_861' title='bbox 1992 5682 2182 5745; x_wconf 78' lang='lat' dir='ltr'><strong>gentes</strong></span> <span class='ocrx_word' id='word_1_862' title='bbox 2212 5672 2705 5743; x_wconf 85' lang='lat' dir='ltr'><strong>eos_miserabiliter</strong></span> <span class='ocrx_word' id='word_1_863' title='bbox 2724 5672 3174 5743; x_wconf 82' lang='lat' dir='ltr'><strong>sepeliebant.Vae</strong></span> <span class='ocrx_word' id='word_1_864' title='bbox 3193 5681 3321 5729; x_wconf 90' lang='lat' dir='ltr'><strong>tunc</strong></span> <span class='ocrx_word' id='word_1_865' title='bbox 3349 5673 3433 5727; x_wconf 89' lang='lat' dir='ltr'><strong>his</strong></span> <span class='ocrx_word' id='word_1_866' title='bbox 3455 5689 3574 5741; x_wconf 71' lang='lat' dir='ltr'><strong>qua:</strong></span> 
     </span>
    </p>
   </div>
   <div class='ocr_carea' id='block_1_118' title="bbox 1998 5765 3570 5837">
    <p class='ocr_par' dir='ltr' id='par_1_118' title="bbox 1998 5765 3570 5837">
     <span class='ocr_line' id='line_1_118' title="bbox 1998 5765 3570 5837; baseline -0.005 -15"><span class='ocrx_word' id='word_1_867' title='bbox 1998 5774 2211 5823; x_wconf 87' lang='lat' dir='ltr'><strong>uterum</strong></span> <span class='ocrx_word' id='word_1_868' title='bbox 2247 5765 2554 5835; x_wconf 79' lang='lat' dir='ltr'><strong>gestabant,</strong></span> <span class='ocrx_word' id='word_1_869' title='bbox 2583 5781 2722 5837; x_wconf 88' lang='lat' dir='ltr'><strong>quas</strong></span> <span class='ocrx_word' id='word_1_870' title='bbox 2755 5767 2807 5820; x_wconf 89' lang='lat' dir='ltr'><strong>in</strong></span> <span class='ocrx_word' id='word_1_871' title='bbox 2846 5765 2967 5835; x_wconf 79' lang='lat' dir='ltr'><strong>fuga</strong></span> <span class='ocrx_word' id='word_1_872' title='bbox 3013 5765 3292 5821; x_wconf 86' lang='lat' dir='ltr'><strong>detinebat</strong></span> <span class='ocrx_word' id='word_1_873' title='bbox 3348 5765 3570 5820; x_wconf 70' lang='lat' dir='ltr'><strong>charum</strong></span> 
     </span>
    </p>
   </div>
   <div class='ocr_carea' id='block_1_119' title="bbox 3025 5863 3062 5921">
    <p class='ocr_par' dir='ltr' id='par_1_119' title="bbox 3025 5863 3062 5921">
     <span class='ocr_line' id='line_1_119' title="bbox 3025 5863 3062 5921; baseline 0 0"><span class='ocrx_word' id='word_1_874' title='bbox 3025 5863 3062 5921; x_wconf 71' lang='grc' dir='ltr'>τι</span> 
     </span>
    </p>
   </div>
  </div>
