4084 6428
514 323 619 391 19⁸1

1256 327 1689 392 ΕυεΤΑΤΗῙῙ
1711 325 2472 418 THESSALQNICENSIS
2506 327 3075 392 METROPOLlT/E

3662 328 3762 396 108

495 443 659 514 juxta
689 451 937 496 naturam
970 455 1208 501 onus.ex
1239 442 1517 497 debilitate
1551 442 1734 498 subito
1758 440 2079 510 dejicieban-

2193 441 2251 493 ἐν
2282 443 2357 511 τῷ
2385 443 2608 510 φεύγειν
2643 443 2890 514 βαρύνων
2919 446 2946 497 6
2974 443 3114 498 κατὰ
3146 440 3308 514 φύσιν
3341 441 3517 512 φίλιος
3547 441 3764 514 φόρτος,

511 534 980 598 turininfernum,
1001 534 1393 603 prmvenientes
1418 545 1645 589 mortem
1665 549 1728 590 ex
1750 533 1950 604 gladio.
1966 532 2086 587 Non

512 641 645 680 vero
678 627 856 681 minus
887 635 1003 680 erat
1034 627 1206 682 tristis
1240 643 1361 682 sors
1407 635 1666 685 matrum.
1696 640 1837 694 quas
1874 626 1926 678 in
1962 624 2088 692 fuga

513 720 918 772 comitabantur
954 720 1160 788 pueruli
1189 736 1202 770 :
1230 734 1371 787 sa'pe
1397 719 1541 771 enim
1570 717 1638 771 ab
1669 716 1899 771 invicem
1933 729 2090 783 sepa-

513 808 777 860 rabantur
808 823 822 860 :
873 808 1116 876 periculo
1151 809 1296 861 enim
1345 809 1604 872 instante,
1637 815 1841 860 matres
1869 813 2086 859 antece-

513 901 738 965 debant,
783 906 837 952 at
884 900 985 952 hoc
1022 900 1314 956 infeliciter
1349 899 1568 969 quidem
1625 913 1692 962 ac
1736 898 2085 956 infortunate.

512 991 644 1044 Nam
686 1007 809 1045 cum
845 993 1212 1057 adverterent,
1242 992 1352 1061 jam
1387 1007 1494 1046 non
1530 991 1808 1045 adhaerere
1837 990 1942 1044 sibi
1961 992 2088 1043 cha-

512 1099 602 1137 ros
625 1098 778 1149 suos,
799 1084 893 1138 sed
921 1085 1267 1138 :emulatores
1299 1082 1527 1137 Herodis
1561 1091 1751 1137 contra
1786 1089 1964 1149 petras
1983 1081 2085 1137 eli-

508 1175 698 1230 dentes
760 1191 885 1239 eos;
921 1177 1003 1229 vel
1038 1175 1306 1228 cadebant
1340 1183 1391 1228 et
1425 1174 1554 1244 ipsae
1582 1173 1636 1228 in
1670 1189 1864 1229 manus
1896 1188 2082 1229 eorum

507 1265 599 1332 qui
637 1280 731 1319 eas
763 1265 1263 1334 appreliendebant,
1291 1274 1638 1320 exsecrantes
1669 1280 1736 1320 ne
1759 1264 1814 1319 in
1841 1279 2081 1319 amorem

505 1369 696 1408 eorum
760 1355 1088 1420 inciderent,
1155 1357 1461 1424 ejulabant,
1517 1373 1544 1410 e
1575 1366 1792 1420 contra,
1831 1371 1930 1427 per
1961 1371 2084 1410 om~

513 1462 638 1500 nem
689 1448 832 1500 viam
883 1463 990 1515 qua
1047 1449 1206 1518 pueri
1248 1448 1613 1503 incesserant.
1645 1451 1836 1503 Patres
1869 1462 2087 1518 quoque

509 1536 789 1604 fugiebant
849 1548 992 1592 retro
1041 1539 1414 1608 relinquentes
1469 1555 1667 1609 pueros
1698 1539 1965 1594 matribus
1999 1553 2090 1592 or-

508 1628 631 1683 bos.
681 1628 743 1682 lli
809 1640 989 1683 autem
1021 1631 1337 1685 clamabant
1373 1631 1572 1688 salutis
1594 1645 1781 1696 causa,
1834 1630 1908 1684 illi
1954 1644 2086 1683 vero

511 1736 620 1774 non
691 1722 1039 1777 advertentcs
1103 1723 1436 1786 currebant.
1505 1731 1815 1790 naturaque
1879 1721 2082 1776 frustra

509 1810 801 1867 clamabat.
834 1813 890 1867 Si
935 1813 1008 1866 illi
1043 1814 1334 1884 aequabant
1369 1829 1565 1879 cursu,
1598 1814 1741 1882 quod
1785 1814 1836 1868 in
1879 1827 1938 1867 se
1967 1820 2083 1867 erat

511 1905 732 1973 quidem
773 1906 1068 1972 faciebant,
1123 1907 1341 1977 genitor
1387 1923 1518 1961 vero
1549 1906 1692 1961 idem
1730 1914 1869 1972 erat,
1897 1918 2084 1959 amore

510 1997 748 2051 naturali
810 1998 1007 2053 timore
1059 2000 1251 2052 mortis
1274 1998 1428 2067 juxta
1467 1998 1632 2068 pedes
1685 2006 1971 2068 superato.
2024 1996 2082 2050 Si

513 2097 694 2142 autem
731 2099 884 2159 pater
915 2088 981 2145 de
1012 2089 1122 2142 vita
1152 2104 1250 2144 sua
1279 2088 1528 2151 curabat,
1565 2089 1639 2142 illi
1670 2089 1925 2157 prostrati
1950 2102 2086 2142 con-

511 2177 844 2245 culcatique,
893 2178 1147 2248 peribant
1209 2179 1262 2231 in
1313 2179 1527 2232 acervis
1585 2179 1938 2231 cadaverum.
1994 2177 2084 2232 Sic

514 2267 772 2321 animalia
803 2268 1104 2326 domestica
1141 2268 1284 2335 lupis
1325 2268 1742 2323 aceurrentibus
1786 2269 1897 2321 cito
1923 2269 2085 2321 relin-

511 2366 689 2424 quunt
717 2361 972 2429 parvulos
1000 2375 1148 2426 suos,
1174 2375 1237 2415 ac
1268 2357 1519 2430 fugiunt;
1554 2360 1716 2432 lupus
1746 2371 1924 2415 autem
1951 2358 2082 2414 nulli

507 2451 620 2506 scit
653 2465 897 2521 parcere.

583 2712 706 2768 106.
769 2711 868 2768 llic
913 2724 1016 2782 ego
1057 2726 1239 2783 gemo,
1299 2711 1355 2766 in
1412 2711 1735 2766 memoriam
1795 2725 2078 2775 revocans,

509 2807 786 2874 quomodo
811 2804 1049 2874 fugimus
1078 2820 1181 2858 nos
1212 2818 1403 2859 onmes
1434 2803 1578 2858 sicut
1616 2817 1744 2856 oves
1763 2801 2079 2868 occisionis,

513 2898 664 2952 nullo
694 2903 910 2966 pastore
943 2896 1292 2962 defendente,
1328 2910 1428 2950 nec
1463 2898 1827 2951 mercenario.
1873 2895 2082 2950 Felices

510 2992 545 3044 ii
578 3006 807 3060 quorum
848 2989 981 3043 nihil
1021 2989 1334 3045 morabatur
1372 2989 1580 3058 fugam.
1609 2987 1765 3043 Nunc
1803 3003 1933 3043 vero
1969 2993 2082 3056 ple-

2189 533 2247 598 ἐξ
2274 532 2624 602 ὀλιγηπελίης
2670 535 3005 606 κατέρῥιπτε
3067 533 3415 602 συμποδίζων
3478 534 3558 596 είς
3609 533 3763 604 ᾅδην,

2189 627 2497 695 φθανούσας
2550 631 2643 681 τὸν
2684 629 2772 681 διὰ
2817 628 2986 697 ξιφῶν
3011 627 3250 697 ὄλεθρον.
3311 626 3540 698 Οίκτρδν
3564 625 3622 680 δὲ
3644 626 3768 681 τού-

2188 735 2296 771 των
2327 719 2424 772 οὐκ
2454 718 2677 772 ἔλαττον
2713 721 2806 772 καὶ
2869 720 3124 789 μητέρες,
3164 713 3253 782 αἷς
3310 717 3637 786 φευγούσαις
3670 719 3766 772 καὶ

2189 808 2388 862 ἁπαλοὶ
2419 810 2603 872 παῖδες
2628 809 2967 879 συνέτρεχον,
2995 809 3091 863 καὶ
3111 809 3248 868 τέως
3282 808 3382 876 μὲν
3410 809 3551 878 όμοῦ
3589 804 3761 880 ἦσαν’

2189 900 2612 970 ἐπισπέρχοντος
2641 902 2697 954 δὲ
2723 900 2819 954 τοῦ
2855 899 3049 964 κακοῦ,
3112 901 3308 954 ἐνίκων
3337 900 3429 954 τὸν
3461 901 3662 970 δρόμον
3707 901 3763 953 αἱ

2194 991 2448 1060 μητέρες,
2480 991 2757 1062 δυστυχῶς
2778 1009 2842 1059 γε
2897 993 3056 1044 τοῦτο
3084 991 3180 1045 καὶ
3235 992 3399 1061 μάλα.
3467 993 3763 1061 Ἐπιστρα-

2190 1085 2376 1150 φεῖσαι
2443 1085 2574 1155 γὰρ,
2617 1085 2648 1154 ἢ
2689 1085 2870 1139 οὐκέτ’
2935 1085 3314 1148 ἐϐλεποντοίξς
3371 1084 3760 1154 ποθουμένους,

2188 1173 2554 1244 ἀνθαμίλλους
2595 1174 2832 1246 Ἡρώδου
2863 1176 2926 1245 δή
2977 1193 3083 1230 τινι
3145 1177 3312 1247 ψήφῳ
3349 1177 3764 1246 περιπεπτωκέ-

2187 1282 2314 1327 ταςο
2349 1267 2382 1337 ἢ
2422 1266 2649 1320 ἔπιπτον
2678 1268 2773 1321 καὶ
2795 1267 2956 1321 αὐταὶ
3006 1268 3140 1337 πρὸς
3171 1267 3281 1319 τῶν
3315 1266 3763 1337 ἐπικαταλαμϐα-

2187 1357 2408 1419 νόντων,
2470 1357 2813 1426 μισούμεναι,
2846 1357 2930 1409 ὅτι
2960 1356 3034 1427 μὴ
3094 1355 3323 1411 ἐκείνων
3389 1356 3526 1426 πρὸς
3581 1355 3760 1427 ἔρωτα

2187 1446 2607 1518 ἐπεστρέφοντο,
2637 1447 2751 1500 ἀλλ’
2781 1447 2995 1500 ἔκλαιον
3029 1446 3122 1500 τὸν
3158 1445 3390 1500 ὕστατον
3441 1445 3672 1516 δόλιχον,
3697 1445 3761 1498 δν

2186 1539 2511 1594 ἐστείλαντο.
2550 1537 2822 1607 Ἔφευγον
2870 1539 2966 1592 καὶ
2997 1537 3250 1608 πατέρες,
3282 1537 3476 1605 νεογνὰ
3508 1537 3762 1608 μητέρων

2185 1631 2400 1702 ὀρφανὰ
2435 1631 2611 1684 ὀπίσω
2645 1632 2918 1700 ἀφιέντες.
2972 1630 3082 1683 Kal
3122 1629 3258 1682 αὐτὰ
3297 1628 3395 1698 μὲν
3427 1629 3503 1692 ὡς
3537 1629 3628 1682 ἐπὶ
3655 1647 3763 1682 σω-

2186 1723 2352 1796 τηρίᾳ
2379 1723 2641 1792 ἐγοῶντο·
2680 1725 2729 1776 οί
2764 1723 2819 1776 δὲ
2847 1722 2921 1792 μὴ
2962 1722 3418 1791 ἐπιστρεφόμενοι
3452 1720 3624 1782 ἔθεον,
3662 1724 3762 1777 καὶ

2185 1819 2218 1887 ἠ
2255 1816 2411 1883 φύσις
2442 1816 2569 1868 ἐϐόα
2597 1814 2753 1869 κενά.
2788 1814 2848 1866 El
2871 1814 2927 1868 δέ
2957 1815 3050 1866 καὶ
3080 1813 3381 1882 ἐξέδραμον
3407 1814 3588 1866 ἐκεῖνα
3619 1829 3760 1882 συμ-
3835 1837 3844 1844 -

2185 1910 2428 1980 φεύγειν,
2463 1908 2602 1962 αὐτὰ
2637 1909 2735 1978 μὲν
2756 1906 2972 1960 ἐποίουν
3005 1905 3064 1958 τὸ
3091 1903 3317 1958 δυνατόν
3339 1919 3353 1935 ο
3385 1905 3412 1957 ό
3434 1903 3490 1956 δέ
3517 1903 3761 1974 γενέτωρ

2183 1998 2250 2074 ἦν
2270 2003 2298 2055 6
2324 2001 2502 2065 αὐτὸς,
2527 2001 2654 2063 τοὺς
2687 1999 2855 2061 πόδας
2903 1997 2996 2051 τοῦ
3031 1997 3172 2050 κατὰ
3207 1995 3435 2050 θάνατον
3463 1995 3629 2064 φόϐου
3657 1994 3759 2064 τὴν

2185 2094 2423 2164 φυσικὴν
2452 2091 2776 2155 ἐκνικῶντος
2813 2091 3066 2161 στοργήν.
3100 2090 3209 2144 Καὶ
3238 2088 3397 2158 εἴπερ
3425 2091 3452 2142 6
3475 2087 3760 2142 τεκνωσά-

2188 2205 2346 2257 μενος
2378 2184 2794 2256 περιποιήσεται
2825 2183 2990 2255 ζωὴν,
3061 2182 3175 2236 ἀλλ’
3226 2181 3368 2236 αὐτὰ
3435 2180 3760 2249 συμπατού-

2188 2297 2342 2350 μενα,
2379 2279 2474 2331 καὶ
2506 2278 2643 2348 πρὸς
2669 2276 2788 2346 βίαν
2835 2274 3182 2346 σκαρίζοντα,
3213 2273 3508 2340 ἐξώλλυντο
3537 2274 3617 2336 είς
3638 2273 3764 2326 ἐπι-

2183 2373 2358 2442 θήκην
2405 2371 2515 2422 τῶν
2555 2369 2675 2422 κατ’
2719 2367 2921 2439 ἄνδρας
2956 2366 3184 2438 νεκρῶν.
3216 2366 3374 2420 Οῦτω
3405 2367 3498 2419 καὶ
3528 2365 3761 2437 θρέμμα

2181 2463 2354 2534 τραχὺ
2381 2462 2560 2517 λύκων
2613 2463 3012 2532 ἐπιτρεχόντων
3052 2461 3244 2530 ἀφίησι
3306 2459 3378 2513 τὰ
3430 2459 3606 2513 οίκεϊα
3635 2475 3758 2511 νεο-

2181 2557 2328 2626 γιλὰ,
2363 2557 2457 2610 καὶ
2510 2555 2738 2627 φεύγει·
2800 2556 2953 2610 καὶὸ
3005 2553 3169 2619 λύκος
3195 2553 3294 2608 οὐκ
3346 2547 3488 2606 οἶδεν
3542 2551 3758 2616 οὐδενὸς

2183 2647 2484 2718 φείδεσθαι.

2256 2740 2364 2814 ρς¹.
2397 2741 2586 2797 Κλαίω
2615 2741 2661 2796 δ’
2690 2737 2925 2795 ἐνταῦθα
2963 2738 3097 2809 ἐγὼ,
3131 2740 3477 2812 ἀναπολήσας
3499 2740 3579 2804 είς
3607 2739 3754 2807 νοῦν,

2181 2837 2256 2900 ὡς
2285 2837 2380 2890 καὶ
2403 2837 2564 2906 ἡμεῖς
2590 2835 2826 2899 ἅπαντες
2855 2834 3029 2897 οὕτως
3063 2833 3389 2903 ἐφεύγομεν,
3416 2826 3503 2886 οἷα
3537 2831 3756 2901 σφαγῆς

2181 2928 2452 2996 πρόϐατα,
2513 2927 2637 2980 οὔτε
2683 2926 2941 2996 ποιμένος
2977 2923 3410 2995 προμαχοῦντος,
3473 2922 3598 2978 οὔτε
3645 2923 3755 2994 μὴν

2185 3018 2474 3089 μισθωτοῦ.
2517 3019 2627 3071 Καὶ
2657 3016 2947 3088 μακάριον,
2984 3015 3144 3086 εἴπερ
3165 3013 3470 3084 ἐφεύγομεν
3523 3011 3611 3066 διὰ
3666 3012 3754 3066 τέ-

513 3083 672 3150 rique
706 3083 758 3135 in
800 3097 894 3135 ora
938 3081 1188 3149 luporum
1249 3095 1545 3150 parumper
1608 3079 1798 3149 dilapsi
1864 3093 2076 3132 Sumus.

2184 3079 2329 3174 λους.
2377 3113 2490 3164 Νῦν
2521 3111 2576 3163 δὲ
2608 3079 2744 3164 ἀλλὰ
2787 3079 2981 3180 μικροῦ
3019 3079 3133 3162 δέον
3155 3079 3218 3162 οί-
3261 3079 3478 3170 πλείους
3511 3107 3622 3170 τοῖς
3642 3105 3752 3159 τῶν

509 3173 700 3228 Caedes
741 3173 820 3226 hac
869 3173 1328 3242 innumerae,qua:
1373 3173 1512 3227 banc
1556 3171 1742 3226 urbem
1800 3170 2078 3225 ﬂorentem

515 3278 567 3320 et
623 3267 691 3320 ab
733 3265 927 3320 incolis
964 3265 1116 3320 bona;
1166 3265 1339 3336 frugis
1394 3265 1688 3319 babitatam
1745 3263 2082 3333 depoliulatae

512 3370 664 3416 aunt.
701 3360 804 3426 Qui
845 3361 994 3415 vario
1039 3359 1198 3414 modo
1237 3360 1317 3413 sic
1352 3361 1629 3430 perierunt
1663 3367 1870 3428 septem
1913 3355 2080 3412 millia

507 3460 860 3522 superarunt,
897 3452 1034 3507 adeo
1075 3459 1454 3521 persecutores
1505 3465 1695 3504 eorum
1749 3449 1890 3504 ictus
1949 3463 2080 3504 suos

509 3544 716 3614 potenti
757 3543 980 3597 solertia
1027 3542 1365 3612 dirigebant,
1399 3541 1700 3596 numeratis
1745 3557 1807 3596 ex
1835 3540 2082 3610 Bulgaris

511 3634 788 3705 peditibus
843 3633 1216 3701 militibusque
1270 3634 1566 3688 exercitus.
1639 3631 1866 3688 Barbari
1916 3648 2078 3698 vero,

515 3727 608 3797 qui
636 3727 772 3780 alias
808 3723 1021 3779 fuerant
1045 3725 1276 3794 operati,
1298 3725 1538 3795 quinque
1563 3723 1729 3779 millia
1759 3738 2080 3779 numerave-

517 3830 647 3872 runt
673 3827 1039 3880 mortuorum,
1077 3817 1184 3872 illis
1222 3831 1329 3870 non
1365 3815 1738 3871 annumeratis
1767 3817 1859 3886 qui
1909 3814 2078 3871 suffo-

512 3913 620 3968 cati
653 3910 893 3975 fuerant,
925 3909 1008 3965 vel
1036 3910 1090 3964 in
1124 3909 1382 3964 domibus
1421 3910 1536 3964 suis
1561 3910 1860 3980 perierant,
1888 3910 1981 3965 sed
2012 3910 2078 3964 iis

514 4014 725 4058 tantum
757 4001 1056 4057 numeratis
1080 4017 1219 4072 quos
1250 4004 1328 4057 sol
1350 4003 1549 4058 ictibus
1587 4003 1829 4073 ipsorum
1863 4003 2080 4074 exposi-

515 4103 604 4152 tos
638 4094 976 4150 ostenderat.

582 4273 706 4329 £07.
759 4273 900 4328 Ecce
936 4273 1024 4327 bic
1084 4273 1230 4342 quod
1273 4275 1606 4329 remordebit
1634 4290 1730 4329 cor
1794 4277 2076 4332 hominum
2117 4281 2132 4302 ‘

513 4369 948 4437 misericordium
970 4409 985 4434 ,
1010 4367 1238 4432 scilicet,
1266 4384 1361 4424 eos
1390 4369 1480 4439 qui
1504 4367 1760 4439 iacebant
1794 4371 1845 4424 in
1872 4371 1974 4425 viis
1995 4381 2078 4424 at-

2183 3206 2362 3258 λύκων
2414 3203 2849 3275 περιεπίπτομεν
2907 3201 3160 3273 στόμασι.
3229 3201 3414 3271 Μυρία
3456 3199 3520 3271 δὴ
3573 3199 3749 3253 ταῦτα

2182 3295 2475 3364 πτώματα.
2508 3295 2603 3349 καὶ
2628 3289 2715 3348 οἷα
2766 3294 2921 3347 πόλιν
2951 3292 3252 3348 ἁποκενοῦν
3309 3291 3648 3362 εὐφοροῦσαν
3679 3285 3750 3362 ἦν

2181 3365 2273 3439 ότε
2303 3385 2602 3455 οἰκητόρων
2641 3383 2885 3451 ἀγαθῶν.
2914 3382 3024 3437 Kal
3072 3384 3352 3454 μετροίντο
3405 3379 3472 3433 ἂν
3526 3381 3574 3434 οἱ
3605 3379 3754 3434 οὕτω

2181 3475 2534 3545 πολυτρόπως
2575 3475 2837 3540 πεσόντες
2897 3475 3039 3546 ὑπὲρ
3071 3474 3317 3545 χιλιάδας
3374 3473 3534 3539 ἑπτὰ,
3568 3473 3644 3535 ὡς
3695 3475 3751 3526 οἱ

2182 3568 2560 3639 περιελθόντες
2592 3568 2952 3637 ἐστοχάσαντο
3006 3567 3140 3638 πρὸς
3176 3566 3406 3637 δυνατὴν
3435 3564 3748 3636 ἀκρίϐειαν,

2183 3661 2282 3714 σύν
2306 3677 2369 3728 γε
2411 3662 2525 3723 τοῖς
2586 3662 2650 3712 ἐκ
2700 3659 3030 3732 Βουλγόιρων
3083 3659 3286 3724 πεζοῖς,
3336 3658 3431 3713 καὶ
3488 3659 3601 3712 ὅσοι
3650 3658 3749 3712 τοῦ

2181 3753 2573 3827 στρατιωτικοῦ
2613 3753 2925 3805 συνέπεσον.
2954 3750 3020 3806 Oi
3047 3750 3104 3804 δὲ
3139 3751 3406 3821 βάρϐαροι
3443 3766 3747 3821 περιεργα-

2181 3851 2405 3917 σάμενοι
2449 3845 2644 3909 ἄλλως,
2687 3846 2766 3907 εἰς
2820 3844 2982 3897 πέντε
3035 3843 3279 3913 χιλιάδας
3335 3842 3646 3913 ἠρίθμησαν
3681 3842 3748 3895 τὸ

2180 3942 2371 4005 κακὸν,
2432 3940 2568 4009 μήτε
2591 3937 2717 3999 τοὺς
2771 3935 3174 4004 πεπνιγμένους
3257 3933 3746 4001 συγκεφαλαιωσά-

2181 4049 2330 4104 μενοι
2357 4031 2586 4093 τούτοις,
2617 4029 2753 4100 μήτε
2778 4027 2980 4097 δηλαδὴ
3002 4027 3126 4088 τοὺς
3152 4023 3238 4076 ἐπ’
3268 4023 3429 4077 οἴκων
3454 4023 3746 4087 πεσόντας,

2178 4123 2313 4177 ἀλλὰ
2351 4121 2546 4191 μόνους
2574 4117 2792 4190 ἀριθμῷ
2838 4117 3149 4182 δεδωκότες,
3186 4116 3345 4178 ὅσους
3373 4113 3555 4179 αὐτοῖς
3581 4114 3746 4169 ἐκθέ-

2177 4231 2303 4276 τους
2335 4211 2621 4281 κειμένους
2655 4213 2806 4281 ἥλιος
2837 4211 3056 4280 ἔφηνεν.

2251 4306 2351 4376 ρξ’.
2405 4304 2665 4358 Ἐνταῦθα
2690 4303 2843 4358 δάκοι
2877 4302 2942 4356 ἂν
2975 4301 3202 4371 καρδίαν
3231 4299 3424 4370 ἀνδρὸς
3464 4297 3745 4368 φιλοίκτου

2180 4399 2274 4449 καὶ
2305 4395 2387 4448 ὅτι
2417 4394 2542 4455 τοὺς
2582 4393 2866 4461 κειμένους
2905 4389 2964 4443 ἐν
3011 4406 3071 4442 τε
3106 4392 3226 4452 ταῖς
3269 4389 3534 4457 ἀμφόδοις
3567 4388 3664 4440 κα)⁸
3684 4389 3745 4439 ἐν

509 4478 618 4532 que
669 4461 722 4516 in
755 4460 995 4531 acr0p0li
1029 4461 1356 4517 animalibus
1399 4461 1576 4516 brutis
1608 4465 1894 4519 miscentes
1943 4463 2072 4517 Bar-

2181 4488 2246 4556 τῇ
2282 4484 2575 4554 ἀκροπόλει
2605 4460 2817 4552 ἀλόγοις
2839 4481 2998 4545 ζώοις
3035 4480 3454 4548 ἀναμγινύντες,
3485 4477 3746 4533 κατέκαι-

507 4555 624 4610 bari
682 4554 1020 4620 cremabant,
1075 4552 1458 4607 inliunianitati
1499 4570 1610 4608 sure
1664 4555 1764 4609 hoc
1821 4555 2070 4609 ultimum

505 4644 790 4696 add-mes.
815 4642 949 4696 Cum
971 4641 1204 4710 primum
1237 4643 1357 4696 illos
1389 4644 1588 4697 hortati
1622 4661 1868 4700 essemus
1907 4655 1966 4700 ut
1994 4645 2074 4698 in-

506 4734 791 4785 bnmarent
825 4731 1092 4786 cadavera
1125 4747 1192 4784 ne
1242 4733 1343 4786 boc
1377 4733 1528 4786 triste
1559 4737 1929 4802 spectaculum
1971 4737 2070 4790 ad-

505 4833 654 4876 esset
697 4837 1034 4890 vaporesque
1088 4822 1406 4890 pestilentes
1436 4824 1846 4888 exbalarentur,
1881 4825 2069 4892 hujus-

507 4911 651 4963 modi
689 4927 748 4965 se
770 4927 889 4965 esse
919 4923 1170 4968 assuetos
1197 4913 1471 4980 dicebant,
1521 4915 1714 4986 bisque
1741 4917 2070 4986 spectaculis

504 5013 558 5059 et.
587 5003 848 5059 odoribus
871 5004 1126 5072 gaudere.

581 5094 705 5149 108.
761 5095 946 5150 Caedes
981 5097 1200 5165 quidem
1243 5113 1531 5169 raptusque
1575 5103 1799 5156 violenti
1858 5117 1921 5157 ac
1953 5103 2068 5172 ple-

507 5203 678 5256 raque
724 5189 863 5240 mala
913 5202 1133 5243 cessare
1168 5193 1281 5244 visa
1332 5204 1459 5246 sunt
1493 5210 1554 5246 ex
1584 5195 1739 5262 jussu
1778 5195 2064 5262 comitum,

509 5279 577 5334 ad
649 5278 928 5333 meridiem
981 5278 1112 5347 diei,
1170 5299 1274 5350 qua
1341 5297 1647 5355 expugnata
1706 5299 1790 5344 est
1849 5290 2063 5346 civitas.

505 5369 636 5424 Erat
661 5385 786 5423 vero
834 5368 1156 5434 Sabbatum,
1203 5388 1310 5440 quo
1367 5374 1506 5444 fuga:
1538 5378 1688 5434 locus
1757 5394 1864 5434 non
1920 5390 2062 5445 erat,

503 5475 666 5527 quam
702 5475 767 5514 ex
792 5459 1086 5531 Evangelio
1118 5464 1468 5532 deprecaturi
1501 5470 1750 5535 fuissent,
1779 5473 1874 5528 sed
1901 5481 2064 5528 tantae

507 5551 662 5604 urbis
698 5551 942 5605 exitium.
975 5551 1106 5616 Quae
1131 5555 1383 5624 deinceps
1432 5560 1743 5615 acciderunt
1775 5577 1934 5618 nemo
1972 5577 2064 5618 ac-

503 5651 690 5696 curate
719 5641 937 5696 dixerit.
964 5641 1037 5696 Ea
1065 5659 1191 5698 vero
1217 5661 1336 5714 qua:
1359 5648 1556 5718 eligere
1589 5653 1885 5718 potuimus,
1917 5653 2062 5722 quod

502 5745 566 5786 ea
647 5733 887 5790 scribere
975 5737 1355 5805 potuerimus,
1415 5740 1786 5809 gloriabimur.
1860 5744 2062 5804 Omnes

2175 4595 2233 4631 ον
2257 4579 2308 4630 οί
2374 4576 2559 4646 ἐχθροὶ
2604 4574 2663 4629 τὸ
2693 4573 3097 4644 μισάνθρωπον,
3130 4571 3228 4640 ὀψὲ
3289 4570 3386 4624 καὶ
3419 4569 3578 4623 τοῦτο
3608 4570 3743 4640 δρά-

2177 4685 2387 4730 σαντες.
2421 4669 2503 4721 Τὰ
2543 4667 2734 4737 πρῶτα
2760 4666 2872 4735 γὰρ
2934 4663 3026 4732 ὑφ’
3059 4663 3214 4733 ἡμῶν
3254 4661 3742 4733 παρακαλούμενοι

2174 4759 2488 4829 καταχῶσαι
2517 4759 2642 4821 τοὺς
2671 4758 2920 4827 νεκροὺς,
2958 4755 3031 4825 μὴ
3063 4756 3157 4808 καὶ
3187 4754 3284 4806 θέα
3339 4753 3738 4822 δυσπρόσωπος

2173 4848 2465 4912 ἔκκεινται,
2493 4851 2585 4902 καὶ
2615 4847 2894 4917 ἀποφορὰς
2922 4848 2978 4900 δὲ
3009 4846 3234 4916 νοσερὰς
3256 4845 3576 4915 ἀτμίσωσιν,
3613 4845 3741 4898 ἐθά-

2170 4937 2256 4998 δες
2286 4937 2537 4990 τοιούτων
2572 4937 2724 4989 αὐτοὶ
2754 4936 2960 5004 ἔφασαν
2993 4930 3160 4998 εἶναι,
3191 4933 3284 4986 καὶ
3310 4932 3522 5004 χαίρειν
3549 4932 3740 4987 τοιαύ-

2169 5043 2290 5088 ταις
2323 5026 2472 5088 θέαις
2507 5043 2564 5079 τε
2593 5027 2688 5078 καὶ
2716 5025 2929 5096 ὀδμαῖς.

2241 5116 2349 5188 ρη’.
2405 5119 2468 5170 Οἱ
2517 5117 2614 5186 μὲν
2669 5117 2734 5188 δὴ
2786 5117 2970 5170 πολλοὶ
3023 5117 3193 5184 φόνοι,
3249 5117 3346 5170 καὶ
3393 5118 3450 5168 αῑ
3501 5115 3736 5186 σφοδραὶ

2171 5209 2437 5276 ἁρπαγαὶ,
2468 5209 2561 5261 καὶ
2590 5209 2656 5260 τὰ
2688 5208 2854 5260 πλείω
2879 5207 3024 5260 κακὰ
3074 5207 3278 5260 δοκοῖεν
3327 5205 3394 5260 ἃν
3448 5205 3608 5275 λῆξαι
3635 5223 3734 5276 με·-

2167 5301 2236 5354 τὰ
2278 5299 2624 5370 μεσημϐρίαν
2647 5299 2741 5364 τῆς
2779 5299 3013 5368 ἡμέρας,
3071 5298 3193 5352 καθ’
3220 5299 3342 5368 ἢνή
3394 5297 3614 5361 ἅλωσις,
3669 5297 3733 5363 ἐξ

2151 5392 2539 5459 ,ἐπιτάγματος
2557 5389 2665 5442 τῶν
2695 5391 2967 5459 κομήτων.
2999 5386 3107 5442 Ἦν
3133 5389 3187 5441 δὲ
3217 5389 3514 5453 Σάϐϐατον,
3548 5389 3608 5440 οὑ
3632 5405 3734 5455 φυ-

2165 5481 2268 5550 γὴν
2297 5481 2440 5550 ἔχον,
2469 5482 2535 5550 ἣν
2567 5479 2940 5548 εὐαγγελικῶς
2987 5479 3274 5544 ἀπεύξαιτ’
3305 5481 3370 5534 ἄν
3418 5497 3524 5544 τις,
3587 5479 3730 5533 ἀλλὰ

2165 5571 2495 5642 τηλικαύτης
2521 5570 2728 5634 πόλεως
2756 5569 2998 5639 δλεθρον.
3032 5570 3113 5622 Τὰ
3147 5570 3204 5623 δὲ
3253 5570 3504 5623 ἐντεῦθεν
3535 5569 3636 5623 οὐκ
3658 5570 3740 5622 ἂν

2167 5661 2268 5730 μέν
2298 5677 2382 5724 τις
2429 5662 2652 5731 φράσαι,
2686 5663 2761 5725 ὡς
2819 5661 2987 5729 μηδέν
3039 5677 3089 5713 τι
3142 5657 3407 5728 ἐλλεῖψαι.
3468 5659 3610 5712 Ὀσα
3669 5657 3730 5713 δὲ

2165 5750 2309 5808 ἐστιν
2361 5752 2733 5821 ἐπιλέξασθαι,
2767 5753 3092 5826 αὐχήσωμεν
3125 5748 3190 5808 ἂν
3224 5752 3318 5806 καὶ
3367 5751 3521 5805 αὐτοὶ
3555 5750 3729 5804 ἱκανοὶ
