4084 6424
330 352 416 419 109

1091 353 1187 414 DE
1230 354 1801 418 THESSALONICA
1834 358 2047 421 URBE
2085 361 2127 421 A
2171 361 2482 427 LATINIS
2506 367 2764 429 CAPTA.

3459 370 3560 437 110

329 466 530 520 ἔσεσθαι
571 465 1024 537 ἀπογράψασθαι.
1059 468 1272 530 Πάντες
1300 471 1349 522 οῖ
1387 469 1490 534 ἔξω
1527 471 1775 533 ἱππόται,
1800 471 1896 524 καὶ

2013 481 2210 551 ξίιιιίιθε
2259 485 2348 554 qui
2386 492 2545 540 erant
2577 495 2734 541 extra
2771 501 2982 551 muros,
3019 485 3299 555 ducesque
3335 483 3555 542 classis.

329 561 366 611 οἱ
398 557 658 630 ναύαρχοι
693 560 772 622 δὲ,
805 558 1112 622 ἀκολούθως
1144 561 1203 614 δὲ
1259 562 1352 614 καὶ
1385 563 1434 614 οἱ
1469 561 1608 630 ἀμφ’
1661 562 1883 628 αὐτοὺς,

328 650 761 719 ἁνακαθήραντες
793 651 893 721 ἤδη
924 653 990 705 τὰ
1015 651 1166 719 σφίσι
1219 652 1452 720 φοϐερὰ,
1488 657 1584 705 καὶ
1617 654 1888 723 μισήσαν-

330 759 403 804 τες
421 743 499 805 είς
527 743 693 796 πλέον
711 744 1111 812 αῐθριοκοιτεῖν,
1143 743 1384 814 ἔπλησαν
1406 744 1574 806 ἀδεῶς
1607 744 1700 808 τὰς
1735 745 1891 814 οἰκή-

333 853 430 896 σεις
460 835 558 903 τῆς
597 836 841 898 πόλεως·
883 837 978 896 τὰς
1016 837 1114 904 μὲν
1174 837 1392 905 μείζους
1423 836 1567 891 κατὰ
1619 837 1886 906 κεφαλὰς,

333 927 412 980 καὶ
439 927 550 979 ὅσοι
583 928 712 997 περὶ
741 929 926 990 αὐτάς·
955 927 1051 990 τὰς
1075 928 1129 980 δὲ
1158 929 1412 991 ἐλάττους
1437 929 1578 982 κατά
1599 944 1748 990 τινας
1773 928 1889 992 ἴλας

333 1019 538 1087 ἑτέρας,
573 1018 726 1080 ὅσαις
754 1015 822 1090 ἦν
886 1018 1203 1089 σύμμετρον
1231 1019 1291 1072 τὸ
1345 1018 1654 1085 κατάλυμα.
1691 1019 1800 1070 Καὶ
1829 1017 1890 1071 τὸ

332 1111 564 1163 ἐντεῦθεν
585 1112 740 1163 αὐτοὶ
775 1112 872 1178 μὲν
893 1104 1032 1180 ἦσαν
1062 1112 1224 1164 οῐκων
1251 1110 1382 1163 εῖσω
1403 1127 1416 1142 ο
1471 1110 1531 1162 τὸ
1563 1110 1620 1162 δὲ
1675 1109 1888 1162 πολιτι-

332 1203 413 1256 κὸν
439 1201 584 1254 ἅπαν
625 1200 879 1272 σύστημα
904 1202 1192 1266 ἐπλάζετο,
1220 1202 1279 1254 ὲν
1308 1197 1390 1264 οἷς
1441 1201 1536 1254 καὶ
1565 1201 1748 1270 ἡμεῖς.
1783 1199 1892 1252 Kal

330 1292 504 1358 τὸμὲν
536 1293 814 1362 βάρϐαρον
859 1293 1083 1362 ἐνέμετο
1134 1293 1234 1353 τὰς
1287 1293 1372 1345 ἐπ’
1398 1291 1563 1344 οἴκων
1610 1291 1848 1352 ἐνθέσεις
1873 1304 1889 1322 ο

331 1384 446 1436 οίδὲ
511 1384 890 1437 οἰκοδεσπόται
933 1383 1295 1450 ἀπελήλαντο,
1357 1382 1454 1435 καὶ
1512 1380 1892 1451 περιενόστουν

330 1468 420 1527 ὦδε
450 1475 632 1534 κάκεῖ,
673 1475 982 1539 πεινῶντες,
1009 1474 1290 1541 διψῶντες,
1344 1473 1641 1543 ῥιγοῦντες,
1676 1471 1759 1524 ὅτι
1798 1467 1894 1521 καὶ

333 1566 539 1632 γυμνοί.
574 1567 682 1619 Kal
714 1565 826 1618 εἴθε
861 1565 962 1634 μὲν
989 1565 1208 1634 γυμνοὶ,
1235 1563 1310 1626 ὡς
1342 1563 1407 1616 ἄν
1439 1580 1538 1616 που
1571 1563 1667 1616 καὶ
1699 1561 1896 1614 ἐλεοῖν-

331 1675 385 1710 το
411 1659 472 1710 ἐκ
510 1659 620 1709 τῶν
671 1658 1076 1725 γυμνωσάντων
1099 1673 1113 1687 ο
1171 1655 1266 1708 νῦν
1295 1655 1353 1708 δὲ
1425 1654 1769 1722 σοφιζόμενοι
1795 1652 1892 1720 τὴν

333 1745 556 1807 ἔνδυσιν,
589 1745 678 1798 διὰ
709 1747 771 1798 τὸ
810 1745 993 1808 ἄλλως,
1014 1746 1134 1798 κατ’
1162 1745 1286 1814 ὄψιν
1318 1746 1564 1814 αἰσχρὸν,
1608 1744 1709 1795 οὐκ
1745 1737 1894 1810 εἶχον

331 1837 488 1900 ἔλεον,
520 1832 606 1890 οἷα
634 1837 734 1906 τῆς
765 1838 1007 1906 ἀνάγκης
1033 1839 1266 1907 ἑκάστῳ,
1299 1837 1348 1889 εί
1379 1838 1472 1890 καὶ
1501 1835 1746 1898 ἅναλλον,
1782 1833 1894 1886 ἀλλ’
1929 1827 1970 1882 Β

330 1927 415 1982 οὖν
455 1931 586 1980 ’τινα
655 1927 844 1998 στολὴν
895 1927 1256 1997 άφοσιούσης·
1311 1927 1503 1980 ὁποίαν
1563 1925 1687 1978 ἰδὼν
1741 1923 1900 1992 ὁμὲν

332 2018 429 2084 ἔξω
454 2019 707 2085 πένθους,
737 2021 957 2088 γελάσοι
1011 2020 1076 2074 ἂν
1106 2020 1194 2073 διὰ
1229 2020 1291 2073 τὸ
1332 2018 1756 2088 σκηνικιῖηερον,
1791 2017 1820 2069 ὁ
1846 2016 1902 2070 δὲ

335 2110 763 2179 συγγεγευμένος
791 2109 887 2164 τοῦ
912 2110 1116 2172 πάθους
1141 2110 1240 2163 οὐκ
1265 2109 1330 2163 ἂν
1363 2110 1585 2178 ὀκνήσοι
1626 2107 1700 2178 μὴ
1739 2106 1905 2161 ἐκθα-

332 2203 438 2255 νεῖν
471 2202 834 2272 λυπούμενος.
890 2201 1201 2273 Ἐτρύπησέ
1229 2217 1315 2262 τις
1353 2200 1568 2270 ψίαθον,
1599 2201 1694 2251 καὶ⁴
1747 2215 1903 2266 περι-

335 2294 649 2367 ϐαλόμενος,
679 2294 918 2363 ἔκρυπτε
945 2294 1102 2363 μόγις
1155 2293 1253 2365 τὴν
1302 2292 1570 2362 προσθίαν
1623 2289 1902 2359 αἰσχύνην.

333 2388 438 2442 Kal
468 2390 666 2458 ὴγάπα
698 2386 842 2440 οὕτω
887 2386 1289 2456 καλυψάμενος,
1323 2385 1596 2452 εὐδαίμων
1652 2383 1811 2445 αὐτὸς
1840 2383 1906 2452 τῇ

336 2479 469 2548 πρὸς
501 2478 726 2549 ἐτέρους
759 2477 1068 2548 παραϐολῇ,
1104 2478 1219 2531 ὅσοι
1273 2476 1335 2530 τὸ
1364 2476 1507 2529 κατὰ
1556 2477 1712 2545 χεῖρα
1743 2472 1909 2540 θέναρ

333 2575 426 2626 καὶ
453 2571 525 2625 τά
581 2568 820 2624 δάκτυλα
853 2569 998 2623 καθά
1023 2586 1074 2622 τι
1101 2566 1517 2640 παραπέτασμα
1564 2564 1908 2635 προθέμενοι,

333 2663 424 2716 καὶ
448 2661 810 2731 κρύπτοντες,
846 2659 991 2730 άπερ
1022 2661 1211 2730 ἐχρῆν,
1271 2656 1563 2729 ἠρκοῦντο,
1599 2655 1674 2724 μὴ
1701 2654 1913 2723 ἔχοντες

332 2757 359 2810 ὅ
388 2773 440 2809 τι
472 2755 640 2809 πλέον
692 2753 972 2824 δράσουσι.
1020 2752 1132 2807 Kal
1159 2747 1227 2823 ἦν
1259 2753 1358 2822 μὲν
1412 2750 1506 2804 καὶ
1538 2748 1667 2802 αὐτὸ
1700 2747 1759 2800 οὐ
1785 2745 1914 2808 θέας

333 2847 501 2912 ἄξιον.
535 2847 604 2900 El
656 2845 711 2900 δὲ
737 2846 832 2898 καὶ
881 2845 1146 2913 γυναῖκες
1194 2845 1287 2896 τοῦ
1341 2843 1548 2904 πάθους
1596 2840 1915 2896 ἐκοινώνουν

332 2939 512 3004 τοῦδε,
547 2939 602 2992 τί
630 2936 695 3008 δὴ
730 2935 976 3008 ἔλαμπεν
1007 2935 1181 3008 ἥλιος,
1222 2934 1298 2998 ὡς
1362 2935 1456 2988 καὶ
1492 2933 1716 2988 τοιαῦτα
1751 2933 1916 2986 καθο-

335 3032 454 3102 rev;

1997 588 2297 646 omnesque
2364 577 2458 647 qui
2516 592 2611 633 eos
2651 579 3077 645 comitabantur,
3112 578 3223 648 jam
3285 577 3354 632 de
3410 576 3562 630 omni

1995 667 2240 731 periculo
2287 671 2491 734 securi,
2525 671 2884 740 nolentesque
2936 670 3144 724 diutius
3189 668 3292 724 sub
3321 668 3413 724 dio
3445 683 3563 721 ma-

1996 769 2146 819 nere,
2190 757 2513 811 ﬂducialiter
2567 758 2759 813 domos
2819 757 2968 812 urbis
3011 757 3412 825 impleverunt;
3443 770 3565 808 ma-

1991 849 2143 919 jores
2197 858 2349 904 certo
2389 849 2620 904 militum
2679 865 2933 913 numero,
2974 849 3216 904 minores
3254 863 3386 902 vero
3435 849 3566 902 reli-

1995 942 2119 1011 quis
2172 942 2404 996 aliorutn
2453 944 2752 1013 agminum,
2797 944 2956 997 modo
2989 956 3098 1011 quo
3132 940 3427 1008 hospitium
3456 940 3558 994 ho-

1996 1033 2230 1102 Spitibus
2286 1033 2824 1100 accommodaretur;
2873 1035 3126 1102 deinceps
3176 1031 3564 1086 habitaverunt

1999 1126 2138 1177 intra
2182 1124 2393 1179 domos.
2453 1124 2643 1179 Omnis
2701 1139 2831 1178 vero
2889 1122 3294 1178 administratio
3323 1121 3563 1178 civitatis

1998 1216 2261 1270 dissoluta
2297 1223 2434 1280 erat,
2489 1216 2650 1284 cujus
2703 1230 2800 1270 nos
2835 1231 3078 1270 eramus.
3126 1213 3348 1269 Barbari
3381 1213 3566 1267 domi-

1998 1306 2102 1362 bus
2159 1307 2422 1362 tributmn
2482 1308 2915 1373 constituerant;
2973 1306 3180 1361 domini
3214 1319 3344 1361 vero
3374 1319 3564 1360 earum

1999 1397 2207 1468 expulsi
2259 1397 2496 1461 fuerant,
2552 1398 2639 1453 hic
2693 1405 2746 1454 et
2785 1398 2896 1452 illic
2955 1406 3230 1460 errantes,
3272 1395 3431 1460 fame,
3471 1395 3564 1448 siti

1999 1489 2254 1551 cruciati,
2308 1490 2594 1544 horrentes
2626 1503 2736 1558 prae.
2787 1488 3050 1542 nuditate.
3090 1486 3156 1540 Et
3184 1485 3391 1540 utinam
3426 1485 3566 1540 fuis-

2001 1589 2122 1636 sent
2147 1581 2300 1645 nudi,
2339 1591 2399 1635 ut
2439 1581 2578 1636 forte
2611 1582 2880 1635 nudantes
2911 1581 3060 1649 ipsos
3095 1590 3446 1632 commovere
3465 1590 3569 1645 po-

2001 1673 2263 1728 tuissent!
2315 1687 2464 1727 nunc
2521 1687 2672 1733 vero,
2703 1671 3024 1725 indumento
3059 1669 3180 1722 novi
3235 1667 3449 1738 generis
3482 1667 3568 1720 in-

2004 1773 2186 1830 vento,
2220 1765 2366 1835 quod
2400 1765 2535 1820 alias
2555 1766 2674 1819 visu
2708 1775 2862 1833 turpe
2881 1771 2987 1828 est,
3021 1777 3128 1816 non
3160 1760 3418 1816 commoti
3441 1766 3571 1814 sunt

2001 1856 2291 1926 quamdam
2330 1859 2568 1910 tunicam
2615 1853 3000 1922 relinquendo,
3061 1867 3226 1922 quam
3261 1849 3566 1906 necessitas

2002 1949 2302 2019 unicuique
2339 1948 2654 2012 donaverat,
2692 1947 2818 2001 licet
2853 1944 3094 2000 unicam.
3139 1942 3380 2008 Quieam
3414 1940 3568 1994 vitle-

2001 2043 2116 2107 bat,
2138 2041 2582 2111 ncdumlugeret,
2603 2041 2813 2096 ridebat
2842 2053 2871 2092 e
2899 2045 3091 2093 contra
3127 2050 3192 2090 eo
3225 2034 3366 2103 quod
3397 2032 3570 2101 magis

2005 2134 2282 2190 scenicum
2315 2140 2496 2200 esset;
2545 2131 2638 2200 qui
2677 2147 2807 2186 vero
2832 2127 3109 2201 passionis
3137 2124 3412 2195 particeps
3446 2121 3571 2180 fuc-

2007 2234 2114 2285 rat,
2147 2238 2256 2276 non
2289 2222 2574 2276 haesitabat
2605 2220 2803 2276 timore
2827 2218 3041 2274 mortis.
3086 2215 3336 2271 Stoream
3373 2212 3572 2282 aliquis

2008 2315 2339 2387 perforabat,
2367 2315 2825 2384 rircumdansque
2871 2315 2958 2368 vix
2987 2313 3230 2366 anterius
3257 2306 3568 2378 pudendum
3647 2294 3652 2299 ’

2009 2407 2458 2477 circumtegebat.
2520 2406 2814 2474 Postquam
2865 2404 2936 2457 ita
2994 2402 3422 2457 circumtexerat
3466 2392 3574 2450 sibi

2012 2498 2291 2553 videbatur
2321 2513 2442 2553 esse
2471 2498 2659 2553 beatus
2689 2511 2798 2566 prae
2835 2493 3076 2556 caeteris,
3107 2491 3224 2562 qui,
3259 2489 3433 2544 volam
3456 2500 3577 2539 ma-

2012 2608 2120 2648 nus
2153 2604 2214 2645 ac
2245 2589 2444 2660 digitos
2475 2592 2626 2645 velut
2657 2590 2931 2658 quoddam
2989 2585 3166 2640 velum
3205 2587 3576 2654 prOpunentes

2012 2682 2518 2753 abscondentesque
2553 2682 2697 2752 quod
2749 2689 2866 2736 erat
2903 2673 3376 2736 abscondendum,
3429 2667 3579 2725 sum-

2013 2787 2137 2826 cere
2187 2772 2598 2835 existimabant,
2656 2785 2766 2824 non
2815 2768 3078 2823 habentes
3139 2763 3284 2818 unde
3338 2757 3575 2828 amplius

2015 2861 2280 2918 lacerent.
2330 2863 2447 2918 lloe
2496 2863 2714 2932 quidem
2777 2868 2895 2915 erat
2947 2859 3068 2913 visu
3134 2851 3468 2910 miserabile.
3520 2849 3577 2903 Si

2015 2957 2178 3010 etiam
2231 2955 2486 3011 mulieres
2527 2969 2697 3022 passae
2737 2952 2994 3017 luerunt,
3045 2947 3174 3020 quid
3198 2941 3581 3012 solhilluxitut

2020 3048 2133 3102 inec
2163 3047 2662 3118 contemplaretur?

406 3168 509 3237 ρθ’.
559 3165 702 3219 Ἀλλ’
728 3164 887 3226 αὐτὸς
930 3164 1027 3232 μὲν
1056 3159 1202 3234 εἶχεν
1257 3161 1430 3225 ἄλλως
1460 3160 1827 3214 ἐνδείκνυσθαι
1864 3177 1914 3211 τι

2090 3180 2214 3237 109.
2252 3181 2321 3236 At
2378 3181 2452 3237 illi
2485 3183 2676 3237 saltem
2725 3182 2827 3239 hoc
2864 3183 3215 3239 referendum
3267 3183 3396 3239 boni
3438 3185 3585 3255 quod

333 3257 521 3323 καλδν,
587 3255 868 3324 ἐκτρέπων
895 3254 1019 3316 τοὺς
1045 3254 1235 3316 αὐταῖς
1288 3252 1539 3322 ὲνυϐρίζο
1553 3269 1704 3312 ντας.
1746 3251 1760 3270 '
1794 3252 1834 3303 0
1861 3250 1916 3302 δὲ

333 3350 504 3404 ἐπιὼν
539 3348 778 3418 ἕσπερος
812 3346 1073 3400 πάνδεινα
1098 3345 1296 3409 ὲποίει,
1329 3345 1519 3397 σκότον
1549 3342 1922 3413 προϐαλλόμε-

334 3457 423 3502 νος
453 3441 540 3503 είς
603 3436 930 3507 ἀποκρυφὴν
969 3436 1064 3489 καὶ
1093 3434 1388 3489 ἀναίδειαν.
1431 3434 1496 3486 Ἦ
1527 3434 1624 3503 μὲν
1655 3433 1762 3502 γὰρ
1788 3432 1916 3502 ἡμέ-

2018 3275 2109 3343 qui
2146 3275 2251 3328 illis
2286 3273 2930 3330 insultabantaverteret.
2952 3275 3158 3344 Vesper
3181 3290 3312 3330 vero
3345 3291 3584 3344 sequens

2019 3365 2345 3435 gravissima
2397 3365 2598 3429 attulit,
2657 3365 2914 3420 tenebras
2954 3365 3252 3434 projiciens
3295 3375 3356 3420 ut
3401 3365 3586 3420 omnia

2020 3455 2486 3512 absconderentur
2507 3456 2790 3524 omnisque
2825 3457 2997 3525 pudor
3021 3457 3258 3511 abesset.
3290 3455 3416 3511 Dies
3439 3456 3585 3510 enim

334 3551 402 3602 ρα
432 3528 550 3602 εἶχέ
583 3547 638 3582 τι
672 3530 886 3598 σῶφρον
917 3527 1026 3581 δέει
1055 3527 1163 3581 τῶν
1194 3525 1568 3596 ὑπερεχόντων
1620 3540 1634 3555 °
1664 3527 1696 3595 ἡ
1727 3525 1782 3577 δὲ
1827 3524 1924 3590 νὺξ

332 3622 723 3696 ἐπαρῤησίαζε
768 3621 837 3675 τὰ
862 3620 936 3691 μὴ
971 3622 1114 3674 ὅσια.
1161 3616 1271 3674 Ἦν
1307 3635 1391 3682 τις
1434 3619 1575 3683 τότε,
1629 3635 1719 3671 και
1746 3617 1803 3678 ὃς
1827 3617 1924 3688 ῥά-

333 3733 427 3780 κος
458 3714 723 3786 εὑρηκὼς
757 3712 1210 3784 παρερῤιμμένον
1235 3729 1336 3764 που
1377 3709 1801 3780 ἀποκαθημένης
1827 3726 1924 3762 τυ-

334 3811 428 3881 χὸν
464 3809 500 3880 ἦ
538 3811 645 3863 καὶ
671 3806 903 3868 ἀλλοῖον,
933 3804 1142 3865 ὁποίοις
1176 3803 1390 3865 πολλοῖς
1431 3803 1479 3855 οἱ
1531 3801 1797 3871 λεωφόροι
1829 3818 1927 3854 κα-

331 3903 710 3971 τέστρωνται,
744 3897 839 3950 καὶ
870 3896 1044 3965 συχνά
1093 3895 1323 3948 τοιαῦτα
1379 3893 1806 3962 συγκεκρουκὼς
1847 3893 1928 3955 είς

335 3993 550 4063 ῥαφὴν,
615 3990 690 4054 ὡς
722 3986 856 4058 εἶχε,
914 3990 1009 4042 καὶ
1035 3986 1245 4039 λεντίου
1285 3985 1483 4055 τρόπον
1515 3982 1929 4052 συσκευασάμε-

330 4103 444 4151 νος,
503 4086 667 4139 ἄκων
696 4081 852 4152 ἡθελε
898 4080 996 4149 τὴν
1057 4078 1301 4149 ἀσυνήθη
1345 4075 1693 4148 περιστολήν.
1747 4074 1928 4128 Ι’Δλλοι

333 4179 668 4246 συνθέματα
723 4176 856 4244 ὲρεᾶ
897 4172 1149 4242 μαδῶντα
1201 4169 1627 4239 ἐξευρίσκοντες,
1671 4169 1766 4221 καὶ
1805 4170 1930 4221 ἐνα-

333 4273 640 4342 πτόμενοι,
676 4265 884 4320 κοιλίαν
917 4265 1014 4334 μὲν
1045 4265 1138 4317 καὶ
1189 4262 1349 4332 ῥάχιν
1394 4259 1486 4313 καὶ
1539 4260 1607 4313 τὰ
1636 4259 1931 4328 κατωτέρω

336 4363 589 4417 ἔσκεπον
623 4360 818 4430 σχοίνῳ
840 4356 1016 4427 σαθρᾷ
1056 4356 1150 4408 καὶ
1183 4355 1426 4426 ῥυπαρᾷ,
1469 4355 1533 4423 τῇ
1581 4353 1644 4405 ὲκ
1678 4351 1929 4421 φιλύρας,

2022 3547 2362 3615 prudentiam
2382 3546 2616 3616 aliquam
2649 3547 2956 3617 imponebat
2983 3547 3052 3602 ob
3069 3557 3270 3602 metum
3300 3548 3589 3601 dominan-

2021 3637 2179 3702 tium,
2215 3636 2340 3690 dum
2398 3651 2501 3690 nox
2552 3637 2815 3707 sacrilega
2862 3645 3010 3691 εεδιιι
3037 3645 3090 3690 et
3126 3637 3432 3691 sanctitatis
3459 3650 3593 3690 cou-

2024 3728 2306 3797 temptrix.
2360 3725 2594 3794 Quidam
2669 3728 2764 3782 ubi
2826 3743 3066 3797 pannum
3131 3727 3429 3782 laceratum
3497 3735 3592 3780 aut

2027 3821 2207 3876 simile
2257 3822 2408 3888 quid,
2447 3828 2506 3875 ut
2538 3821 2722 3875 videre
2766 3828 2850 3874 est
2902 3820 2955 3873 in
3001 3819 3104 3873 viis
3156 3819 3410 3888 publicis,
3444 3819 3596 3872 inve-

2028 3913 2220 3977 nisset,
2274 3918 2460 3980 partes
2513 3911 2720 3966 laceras
2773 3925 2991 3967 summa
3047 3925 3178 3966 cura
3237 3919 3495 3964 consulas
3537 3911 3595 3964 in

2029 4007 2180 4062 lintei
2218 4006 2449 4062 formam
2491 4006 2736 4061 mutabat
2770 4012 2823 4060 et
2853 4003 2934 4058 sic
2966 4013 3167 4059 vestem
3207 4003 3478 4058 insolitam
3511 4000 3596 4057 vel

2030 4109 2220 4153 contra
2273 4101 2604 4151 voluntatem
2668 4095 2943 4149 induebat.
2983 4095 3090 4148 Alii
3144 4108 3354 4164 pannos
3406 4094 3597 4148 laneos

2031 4190 2286 4246 humidos
2326 4203 2447 4244 cum
2497 4187 2825 4250 invenirent.
2853 4188 3211 4251 consuebant,
3234 4187 3598 4256 velabantque

2032 4290 2297 4344 ventrem,
2329 4294 2487 4334 renes
2515 4293 2578 4332 ac
2609 4287 2794 4348 partes
2827 4276 3117 4332 inferiores
3147 4277 3274 4332 fune
3307 4277 3484 4332 viliac
3505 4277 3599 4332 de-

2036 4371 2152 4434 bili,
2175 4386 2239 4424 ex
2284 4369 2414 4423 tiliae
2435 4369 2640 4423 cortice
2661 4369 2824 4432 facta,
2852 4368 2935 4422 vel
2968 4369 3203 4436 quodam
3229 4367 3336 4422 alio
3361 4369 3598 4438 prrecin-

331 4457 366 4527 ἢ
408 4453 639 4508 τοιοῦδέ
665 4467 804 4512 τινος
835 4447 1296 4519 περιζωσάμενοι,
1327 4445 1397 4498 τὰ
1454 4445 1510 4497 δὲ
1539 4443 1702 4496 λοιπὰ
1733 4445 1788 4494 ὲν
1816 4439 1930 4511 χρῷ

2037 4473 2244 4530 gentes,
2284 4461 2418 4516 alias
2446 4475 2574 4514 vero
2600 4469 2777 4528 partes
2817 4460 3062 4527 corporis
3096 4460 3296 4521 nudas,
3363 4460 3600 4514 aeriex-

329 4513 459 4600 κατ’
491 4543 677 4613 αὐτὴν
705 4542 881 4612 σάρκα
910 4513 998 4610 *τῷ
1024 4513 1146 4608 ἀέρι
1215 4539 1507 4606 γινόμενοι,
1555 4534 1930 4604 Ἱματισμένον

2035 4555 2261 4623 positas,
2311 4552 2591 4606 habentes.
2654 4551 2749 4604 Cui
2801 4549 3180 4604 vestimentum
3208 4549 3498 4616 integrum,
3550 4549 3596 4602 is

326 4641 385 4694 δέ
431 4657 570 4693 τινα
599 4636 733 4689 ἰδεῖν
755 4633 815 4687 τὸ
840 4635 960 4687 ὅλον
981 4633 1166 4701 ὅμοιον
1191 4625 1259 4700 ἦν
1293 4629 1365 4692 ὡς
1398 4630 1446 4682 εἰ
1477 4629 1569 4681 καὶ
1603 4629 1745 4698 ῥῆγα
1766 4622 1928 4692 εἶδεν,

2033 4622 2092 4700 ut
2139 4661 2229 4699 rex
2257 4645 2339 4699 vel
2371 4644 2511 4698 alius
2544 4644 2625 4695 vir
2653 4640 2884 4711 insignis
2918 4640 3239 4693 habebatur.
3283 4637 3596 4693 Meretrices

328 4733 363 4800 ἢ
401 4730 580 4784 ἄλλον
606 4726 781 4796 ἄνδρα
852 4724 1262 4794 λαμπρότητος.
1309 4722 1546 4790 Πόρναις
1580 4719 1766 4790 μόναις
1819 4719 1930 4772 ἐνέ-

2033 4739 2163 4792 sol-e
2211 4736 2500 4805 splendore
2544 4735 2995 4789 vestimentorum
3061 4729 3361 4798 fulgebant,
3416 4731 3594 4786 sacris

326 4825 524 4891 λαμπε
556 4819 764 4880 κάλλος
805 4815 1123 4888 ἱματισμοῦ,
1161 4814 1218 4868 αἳ
1260 4815 1375 4875 τοῖς
1431 4813 1599 4882 ἱεροῖς
1629 4810 1930 4880 πεπλώμα-

2037 4829 2398 4882 velaminibus
2434 4825 2993 4894 exsplendescentes;
3027 4831 3338 4890 purpurata:
3366 4822 3601 4890 impuris

329 4931 417 4968 σιν
469 4910 836 4982 ὴγλαῖζοντο,
903 4908 1353 4977 εύπάρυφοιτοῖς
1413 4905 1631 4974 μιαροῖς
1681 4904 1930 4971 ἐρασταῖς

2038 4921 2376 4973 amatoribus
2402 4917 2788 4986 iungebantur,
2818 4928 2880 4967 ac
2910 4915 3012 4968 sub
3049 4912 3220 4968 aeolis
3245 4915 3450 4969 nostris
3475 4929 3603 4982 pec-

327 5001 838 5076 παρομαρτοῦσαι,
867 5000 961 5054 καὶ
1005 5000 1312 5069 βλεπόντων
1341 4999 1496 5067 ἡμῶν
1563 4995 1930 5066 παρῤησιαζό·

2037 5017 2218 5063 catum
2253 5008 2522 5061 audebant
2555 5007 2858 5074 chorosque
2885 5003 3105 5057 ducere.
3153 5002 3198 5056 Ο
3237 5012 3441 5072 quanta
3472 5011 3602 5056 tunc

331 5115 502 5167 μεναι
526 5096 641 5166 τὴν
680 5093 973 5164 ἁμαρτίαν,
1005 5094 1099 5144 καὶ
1122 5090 1712 5160 συγκαταχορεύουσαι,
1736 5087 1781 5141 ὣ
1807 5091 1930 5141 κὰν-

2038 5102 2293 5172 patieutia
2340 5099 2464 5152 Dei!
2527 5099 2704 5166 capita
2745 5112 2870 5150 vero
2921 5099 3305 5165 plerorumque
3347 5093 3600 5162 equidem

331 5189 524 5243 ταῦθα
561 5185 727 5248 θείας
778 5183 997 5254 ἀνοχῆςῐ
1032 5184 1096 5235 Αἱ
1131 5182 1187 5234 δὲ
1215 5181 1447 5251 κεφαλαὶ
1473 5182 1584 5243 τοῖς
1623 5181 1725 5249 μὲν
1759 5178 1930 5232 πλείο-

2038 5193 2243 5246 nudata
2288 5199 2460 5256 erant,
2488 5189 2698 5246 Latinis
2729 5188 2782 5244 id
2821 5189 3106 5259 agentibus
3142 5197 3202 5241 ut
3225 5186 3416 5242 eodem
3442 5187 3600 5241 modo

332 5297 421 5332 σιν
464 5271 638 5348 ἦσαν’
666 5275 1138 5338 άκατακάλυπτοι,
1165 5273 1272 5324 τῶν
1293 5273 1537 5325 Λατίνων
1562 5269 1704 5324 οὕτω
1737 5287 1930 5323 σκευω-

2041 5286 2216 5337 vestiti
2253 5300 2520 5339 essemus.
2614 5297 2617 5299 '

331 5373 670 5440 ρησάντων,
704 5364 777 5427 ὡς
807 5363 874 5417 ἂν
923 5363 1142 5433 ἔχοιμεν
1188 5362 1247 5414 τὺ
1274 5360 1584 5430 ὁμόστολον.

2111 5486 2233 5540 HO.
2265 5485 2378 5540 Hoc
2410 5499 2541 5539 vero
2578 5485 2928 5560 patiebantur
2961 5484 3053 5554 qui
3085 5489 3410 5551 potestatem
3443 5479 3610 5534 habe-

2041 5578 2194 5634 bant.
2229 5578 2334 5632 Eos
2372 5586 2554 5631 autem
2605 5577 2694 5648 qui
2745 5575 2922 5646 capite
2973 5575 3233 5631 dolebant
3286 5582 3340 5628 et
3382 5581 3604 5643 propter

2050 5673 2251 5728 malam
2303 5671 2665 5726 valetudinem
2703 5671 2834 5726 illud
2889 5681 3179 5739 contegere
3230 5669 3523 5730 debebant,
3552 5666 3602 5720 si

2054 5764 2179 5838 quis
2223 5765 2530 5835 conspexit,
2569 5779 2782 5818 summo
2812 5777 3043 5818 mmrore
3077 5759 3302 5816 allectus
3332 5761 3476 5816 etob
3505 5768 3601 5828 vat-

405 5499 506 5573 pt'.
559 5500 681 5554 Kal
708 5498 867 5550 τοῦτο
909 5495 1007 5567 μὲν
1059 5497 1108 5549 οἱ
1131 5495 1418 5564 δυνάμενοι
1447 5493 1706 5563 ἔπασχον.
1752 5492 1941 5557 Ὅσοις

328 5593 392 5646 δὲ
411 5592 491 5646 τὰ
517 5593 633 5660 τῆς
667 5588 910 5658 κεφαλῆς
944 5588 1046 5640 οὐκ
1085 5582 1230 5656 εἶχεν
1261 5584 1509 5653 ἀπαθῶς,
1534 5583 1650 5638 ἀλλ’
1681 5584 1787 5637 ἔδει
1840 5601 1940 5637 καο

332 5679 777 5749 τακεκαλύφθαι
805 5680 977 5742 αὐτὰς
1013 5679 1098 5734 διὸ.
1122 5679 1181 5731 τὸ
1219 5679 1519 5749 ἄρρωστον,
1573 5676 1690 5730 ἀλλ’
1742 5676 1942 5741 αὐτοὺς

335 5775 570 5846 βλέπων
612 5787 700 5837 τις
727 5771 982 5833 παντοῖος
1017 5767 1082 5822 ἂν
1111 5768 1205 5838 τὴν
1256 5769 1432 5840 λύπην
1454 5769 1686 5839 γένοιτο,
1723 5769 1790 5840 τῇ
1818 5783 1940 5821 ποις-
