4084 6416
341 365 428 435 113
1064 449 1068 452 ,
1139 375 1236 436 ΒΕ
1276 377 1845 440 THESSALONICA
1876 377 2085 440 URBE
2126 378 2170 436 Α
2198 377 2509 439 LATINIS
2549 379 2800 440 CAPTA.
3480 385 3582 450 114'

338 485 398 538 κά
428 487 519 539 καὶ
547 485 747 548 αὐτοὺς
791 483 820 537 δ
855 484 1123 556 βάσκανος
1167 485 1376 558 δαίμων
1415 489 1545 559 ἡμῖν
1577 490 1883 562 προσέθετο,

2000 523 2216 579 quoque
2241 510 2532 565 adversum
2566 525 2664 565 nos
2709 509 2994 580 improbus
3039 511 3248 568 daemon
3289 527 3584 584 suggesse-

338 577 428 643 ἐξω
454 579 554 648 μὲν
588 579 696 648 πρὸ
725 578 825 649 τῆς
857 577 1110 643 ἁλώσεως
1149 579 1209 634 ἓν
1229 579 1390 645 ὄντας
1435 584 1548 644 τοῖς
1599 582 1880 653 πολεμίοις

2009 577 2100 665 rit,
2124 577 2282 654 extra
2307 601 2525 670 quidem
2551 601 2831 657 civitatem
2866 641 2882 667 ,
2917 610 3044 657 ante
3084 605 3573 674 expugnationem,

338 666 420 719 καὶ
463 663 830 737 θερμοτέρους
885 667 1108 750 ἐκείνων
1139 669 1218 733 είς
1244 671 1312 723 τὰ
1342 669 1464 724 καθ’
1491 671 1652 741 ήμῶν
1690 673 1883 725 ἀποδει·

2005 690 2058 746 in
2094 692 2286 746 mediis
2313 693 2588 758 hostibus,
2623 693 2734 748 illis
2766 694 2936 748 etiam
2981 663 3347 752 ferveti-tiores
3378 697 3430 752 in
3459 711 3574 751 ma-

339 757 628 826 κνυμένους
666 759 833 826 κακὰ,
869 759 927 813 ἐν
973 761 1204 829 ἐφόδοις,
1239 765 1296 816 ἐν
1335 763 1532 833 λόχοις,
1574 766 1630 816 ἐν
1657 765 1883 834 προόδου

2004 783 2071 836 lis
2109 783 2402 839 adversum
2436 800 2538 840 nos
2559 785 2945 850 ostendendis,
2989 787 3042 842 in
3089 789 3574 859 aggressionibus.

335 848 441 909 ταῖς
465 849 547 910 είς
575 847 747 912 λείαν,
771 851 828 901 ἐν
859 853 1149 920 μηχαναῖς,
1200 854 1257 905 ἐν
1310 853 1603 920 ἐκφάνσεσι
1643 855 1748 907 τῶν
1779 855 1883 909 λαν·

2001 873 2056 927 in
2087 874 2324 940 insidiis,
2343 875 2394 928 in
2417 877 2832 931 incursionibus
2860 847 2937 932 adv
2965 847 3202 947 praedam
3227 847 3574 948 rapiendam,

337 937 631 992 θανόντων·
662 939 772 991 ἔσω
820 939 876 993 δὲ
915 941 1278 1006 δεσπόζοντας
1329 943 1484 1014 ἡμῶν
1545 948 1638 1000 καὶ
1681 947 1883 1010 αὐτοὺς,

2001 964 2054 1019 in
2093 965 2390 1032 machinis,
2420 966 2474 1019 in
2509 967 2940 1023 revelationibus
2965 969 3456 1035 absconditorum;
3485 971 3573 1025 in-

334 1031 543 1085 ἀπτιλου
551 1034 763 1101 μένους,
782 1033 1192 1103 ἐπιτάσσοντας,
1204 1037 1652 1110 ἀποστεροῦντας,
1670 1039 1883 1094 τύπτον·

1996 1063 2079 1109 tra
2103 1070 2231 1110 vero
2258 1055 2536 1112 civitatem
2569 1056 2622 1111 in
2657 1071 2760 1112 nos
2796 1058 2959 1113 etiam
3000 1060 3282 1129 tyrannice
3340 1062 3573 1116 saeviem

335 1139 439 1187 τας,
472 1121 740 1194 άγχοντας
767 1127 882 1189 τοῖς
907 1125 1110 1189 ὠνίοις.
1154 1129 1440 1198 ’Λρτίσκον
1495 1131 1607 1202 γὰρ
1673 1131 1883 1203 παλάμῖ

1998 1153 2106 1211 tes,
2132 1147 2430 1214 minantes,
2459 1149 2869 1220 prascipientes,
2901 1121 3204 1220 rapientes,
3255 1152 3575 1221 percutien-

335 1214 682 1284 περιληπτὸν,
717 1216 777 1269 δν
808 1217 997 1272 ὀδολοῦ
1026 1219 1091 1273 ἄν
1119 1237 1205 1284 τις
1227 1221 1544 1292 τιμήσαιτο,
1581 1222 1778 1276 πολλοῦ
1803 1223 1883 1276 αὑ·

1998 1247 2102 1304 tes,
2129 1241 2182 1294 in
2236 1241 2570 1296 commercio
2635 1242 3027 1311 opprimentes.
3077 1241 3371 1298 Massulam
3427 1243 3574 1296 enim

335 1307 406 1360 τοὶ
449 1307 824 1376 ἐσταθμῶντο,
887 1311 982 1363 καὶ
1039 1312 1346 1377 Λατινικῶς
1399 1314 1492 1367 καὶ
1538 1315 1690 1368 αὐτοὶ
1747 1317 1883 1387 ἡμᾶς

1995 1333 2188 1402 palmae
2217 1347 2496 1396 mensura,
2547 1307 2687 1402 quasi
2708 1307 2872 1389 obolo
2917 1336 3280 1400 constitisset,
3305 1335 3461 1388 multi
3495 1334 3576 1388 illi

332 1397 644 1466 ἀπέπνιγον.
679 1401 790 1454 Καὶ
827 1401 1188 1473 ἀπολώλαμεν
1221 1405 1290 1457 ἂν
1350 1406 1672 1475 τηνικαῦτα,
1706 1408 1755 1460 εί
1817 1409 1883 1478 μὴ

1991 1397 2360 1486 aestimabant,
2377 1397 2726 1492 Latinieeque
2746 1432 2800 1478 et
2819 1423 2921 1493 ipsi
2943 1439 3040 1477 nos
3055 1397 3400 1492 jngulabant.
3418 1422 3576 1477 Tunc

331 1488 419 1560 τήν
445 1489 666 1559 ὀπώραν
695 1492 815 1545 κατ’
844 1493 1028 1562 ἄμμον
1050 1495 1328 1566 πληθύνας
1355 1497 1384 1550 δ
1409 1497 1542 1562 Θεὸς
1574 1500 1655 1571 (ἐν
1683 1495 1770 1562 αἷς
1798 1499 1883 1554 καὶ

1991 1513 2482 1582 periissemus,nisi
2507 1525 2826 1568 autumnum
2847 1515 3411 1572 nobisconsummans
3429 1514 3574 1570 Deus

329 1580 420 1643 τὰς
446 1583 742 1650 σταφυλὰς,
774 1583 840 1648 ἃς
875 1585 1052 1639 ἄλλων
1086 1589 1496 1642 κεκοπιακότων
1548 1590 1728 1661 ἕτεροι
1748 1591 1883 1660 ἔδρε-

1992 1580 2123 1674 ζῳιο
2145 1614 2386 1675 tempore
2408 1605 2528 1658 uvis
2560 1605 2994 1669 abundantibus,
3031 1623 3127 1676 pro
3155 1606 3352 1677 quibus
3375 1607 3467 1660 alii
3494 1608 3575 1660 la-

331 1689 438 1738 πον,
467 1675 560 1738 ἐίς
587 1677 714 1740 τοὶς
748 1680 952 1742 κόπους
978 1679 1200 1734 ἐκείνων
1262 1682 1683 1754 είσερχόμενοι).
1740 1683 1883 1755 ἐθρε-

1989 1693 2354 1761 boraverant,
2396 1696 2485 1750 alii
2524 1695 2946 1762 vindemiarant,
2991 1698 3050 1750 in
3101 1697 3319 1752 labores
3381 1711 3572 1751 eorum

325 1764 387 1835 φτ
417 1767 510 1820 καὶ
562 1769 730 1838 ἡμᾶς.
761 1769 855 1839 Μὴ
887 1770 995 1840 γὰρ
1031 1772 1122 1824 ἐπὶ
1169 1771 1293 1824 νοῦν
1319 1773 1498 1840 ἀγέτω
1527 1790 1632 1840 τις,
1665 1773 1791 1827 ἄλλο
1824 1791 1883 1858 ,τι

1989 1787 2285 1856 intrantes)
2325 1802 2424 1842 nos
2448 1787 2745 1843 enutrisset
2768 1787 2932 1844 Deus.
2949 1787 3025 1844 No
3050 1789 3177 1858 quis
3202 1790 3348 1844 enim
3379 1787 3575 1844 existi-

328 1857 381 1920 ἐς
405 1859 616 1929 τροφὴν
666 1861 764 1914 καὶ
811 1860 1023 1931 τρυφὴν
1075 1861 1550 1932 ἐ-νδεδαψιλεῦσθαι
1611 1865 1779 1934 ἡμῖν·
1811 1857 1883 1918 ὧν

1995 1886 2108 1930 met
2148 1877 2338 1947 aliquo
2371 1878 2482 1932 alio
2518 1879 2572 1932 in
2613 1879 2843 1947 primam
2881 1887 2936 1934 et
2979 1881 3276 1934 secundam
3322 1893 3572 1934 mensam

328 1949 721 2020 ἐκθλιϐομένων
756 1952 878 2019 μὲν,
904 1948 1046 2005 οἶνον
1074 1954 1316 2022 εἴχομεν,
1351 1955 1399 2007 εί
1425 1955 1517 2007 καὶ
1548 1955 1883 2024 πνευματίαι

1993 1969 2226 2023 donatos
2261 1983 2366 2023 nos
2399 1969 2608 2035 fuisse;
2640 1984 2706 2024 ex
2744 1970 2862 2024 uvis
2903 1985 3043 2039 quas
3072 1986 3453 2040 presseramus
3494 1971 3574 2025 vi-

327 2041 528 2095 ἐκεῖνον
559 2044 651 2095 καὶ
681 2043 926 2113 βρόμιον,
960 2045 1054 2099 καὶ
1106 2045 1168 2098 οὐ
1192 2047 1437 2117 προσηνῆ
1494 2047 1628 2118 πρὸς
1660 2047 1883 2115 ὑγίειαν,

1993 2074 2124 2112 num
2152 2058 2371 2128 quidem
2419 2058 2780 2126 habebamus,
2806 2059 2934 2115 licet
2964 2070 3253 2114 ventosum
3280 2068 3335 2114 et
3370 2059 3571 2116 fetores

324 2131 427 2184 ἀλλ’
451 2126 550 2186 οὖν
579 2133 1174 2206 παραμυθητικώτερον
1213 2136 1403 2200 ὕδατος
1420 2152 1434 2168 ο
1461 2138 1552 2190 καὶ
1588 2137 1804 2191 ἀλλοίαν
1835 2137 1883 2191 δὲ

1996 2163 2270 2219 gerierans
2293 2164 2394 2205 nec
2423 2149 2644 2205 sanitati
2677 2148 2888 2216 favens,
2922 2151 3017 2207 sed
3051 2167 3193 2221 aqua
3217 2151 3528 2221 jucundius
3553 2191 3570 2216 ,

319 2229 538 2298 τροφήν,
577 2228 666 2282 ναὶ
697 2229 753 2282 δὲ
785 2231 877 2283 καὶ
908 2230 1201 2300 ἱματισμὸν
1232 2233 1299 2302 τῇ
1372 2233 1770 2302 ἀπεμπολήσει,
1797 2228 1883 2283 καλ

1991 2241 2204 2311 alioque
2228 2241 2354 2296 cibo
2387 2251 2481 2296 aut
2511 2243 2840 2297 vestimento
2895 2257 2962 2298 ex
3010 2242 3149 2307 foro,
3203 2257 3268 2298 ac
3317 2243 3364 2297 si
3415 2241 3571 2312 quod

321 2319 372 2372 εί
387 2336 435 2373 τι
463 2321 524 2373 δὲ
550 2320 677 2374 ἄλλο
709 2321 890 2392 ῥᾴδιον
913 2323 1007 2375 καὶ
1065 2323 1360 2395 πρόχειρον
1415 2325 1764 2395 πορίσασθαι.
1820 2324 1883 2375 Ol

1991 2331 2137 2386 aliud
2171 2341 2417 2401 paratum
2454 2347 2517 2389 ac
2541 2332 2700 2389 facile
2728 2342 3070 2404 comparatu.
3109 2335 3374 2390 Scelerati
3402 2335 3570 2389 etiam

318 2405 372 2460 δέ
425 2409 649 2474 ἐξώλεις
690 2410 969 2480 Ἀρμένιοι
1039 2410 1294 2477 λέγονται
1347 2411 1442 2464 καὶ
1509 2411 1883 2482 καταμιαίνειν

1987 2420 2233 2478 Armenii
2259 2439 2426 2493 panes
2449 2425 2609 2481 nobis
2626 2427 2952 2496 corrupisse
2978 2427 3262 2482 dicuntur.
3300 2425 3416 2482 Hoc
3442 2439 3572 2482 vero

320 2495 443 2566 ἡμῖν
467 2499 598 2561 τοὺς
650 2499 870 2568 ἄρτους.
895 2495 1005 2553 Ἦν
1058 2500 1116 2554 δὲ
1168 2501 1300 2554 αὐτὸ
1333 2501 1431 2572 οὐχ
1493 2501 1696 2568 ίκανδν,
1757 2505 1883 2568 τοὺς

1984 2513 2196 2582 justum
2235 2530 2342 2570 non
2378 2523 2496 2570 erat
2527 2532 2798 2588 pauperes
2849 2519 2920 2572 ab
2959 2517 3209 2574 emendis
3243 2519 3578 2574 necessariis

319 2591 566 2660 πτωχοὺς
599 2591 892 2660 ἐκτρέπειν
917 2591 1011 2645 τοῦ
1066 2593 1386 2662 προσίεσθαι
1417 2593 1486 2646 τὰ
1535 2593 1882 2666 πωλούμενα.

1987 2613 2254 2662 avertere.
2309 2607 2602 2664 Terribilis
2651 2609 2958 2665 necessitas
2987 2619 3073 2666 est
3112 2626 3140 2664 a
3171 2611 3326 2680 justo
3375 2612 3568 2681 prohi-

321 2679 466 2750 Δεινὴ
492 2681 609 2750 γὰρ
632 2685 665 2753 ή
697 2683 936 2751 ἀνάγκη,
962 2684 1024 2736 τὸ
1077 2683 1318 2753 καθῆκον
1349 2685 1734 2754 ἐκκρούεςθαι,
1789 2689 1883 2740 καὶ

1987 2700 2124 2766 beri,
2157 2699 2444 2770 solumque
2471 2702 2804 2772 prohibitum
2841 2703 2982 2757 fieri.
3019 2679 3185 2757 Talia
3226 2679 3392 2758 etiam
3425 2702 3570 2758 fama

319 2773 475 2839 μόνου
502 2773 605 2826 τοῦ
655 2775 788 2842 πρὸς
813 2773 936 2842 βίαν
967 2775 1290 2844 ἐγκειμένου
1325 2775 1592 2842 γίνεσθαι.
1623 2776 1879 2830 Τοιοῦτον

1986 2789 2088 2843 fuit
2114 2805 2214 2844 nos
2265 2804 2297 2844 a
2347 2788 2559 2846 Latinis
2591 2790 2763 2847 fuisse
2809 2806 3022 2860 passos.
3052 2791 3280 2863 Adipem
3327 2793 3474 2847 enim
3508 2803 3563 2848 et

312 2861 364 2913 δέ
391 2880 512 2917 τινα
545 2864 789 2934 μιασμὺν
817 2865 1060 2934 διαρρέει
1092 2867 1162 2933 φή
1171 2883 1246 2937 μη
1278 2866 1373 2919 καὶ
1400 2867 1464 2921 ἐκ
1495 2867 1604 2921 τῶν
1638 2869 1883 2923 Λατίνων

1986 2881 2177 2936 sebum
2207 2895 2331 2936 cum
2365 2881 2489 2936 oleo
2523 2881 2818 2937 miscentes
2852 2897 3017 2936 causa
3060 2882 3281 2937 fuerunt
3311 2897 3410 2937 cur
3441 2884 3569 2938 boni

312 2953 540 3022 πάσχειν
598 2954 778 3023 ἡμᾶς.’
821 2953 1039 3009 ¹Ἐλαιον
1057 2954 1168 3025 γὰρ
1218 2956 1473 3025 πιμελαῖς
1523 2958 1616 3012 καὶ
1668 2959 1882 3014 στέασιν

1983 2969 2282 3027 Christiani
2341 2973 2548 3045 jejunia
2604 2973 3042 3044 Quadragesimae
3109 2989 3174 3030 ac
3233 2973 3570 3032 Parascoves

312 3043 905 3114 ἐγκατακεραννῦντες,
934 3045 1178 3114 ἐγίνοντο
1220 3049 1335 3110 τοῖς
1365 3047 1588 3116 ἀγαθοῖς
1624 3050 1883 3120 Χριστια-

1987 3079 2095 3117 non
2143 3065 2511 3128 observarint,
2574 3065 2648 3119 ita
2697 3074 2754 3118 ut
2791 3081 2902 3119 non
2964 3066 3141 3120 solum
3202 3083 3309 3121 non
3365 3067 3571 3124 liberos

311 3136 414 3198 νοῖς
453 3137 626 3190 αἴτιοι
654 3134 749 3190 τοῦ
786 3139 1127 3208 παρανομεῖν
1150 3137 1248 3208 τήν
1305 3139 1563 3207 νηστείαν
1592 3141 1693 3210 τὴν
1740 3141 1879 3194 κατὰ

1985 3171 2111 3212 esse
2173 3156 2417 3211 sinerent
2457 3157 2509 3210 in
2560 3155 2830 3212 electione
2871 3164 3075 3212 nostrae
3133 3160 3415 3213 servitutis
3474 3160 3570 3214 sed

309 3224 402 3290 τὰς
457 3227 728 3298 τετράδας
759 3227 855 3282 καὶ
915 3229 1273 3300 παρασκευάς
1299 3244 1314 3260 ο
1346 3231 1432 3284 ἵνα
1465 3231 1538 3301 μή
1571 3234 1730 3298 μόνον
1785 3234 1883 3305 τὴν

1987 3249 2148 3301 etiam
2200 3249 2372 3302 cultui
2419 3263 2577 3304 sacro
2625 3248 2975 3303 insultarent.
3006 3251 3142 3316 Quis
3195 3251 3308 3304 haec
3346 3251 3568 3306 tandem

303 3319 470 3388 τύχην
509 3322 652 3390 ἡμῖν
691 3320 1078 3387 ἀλλοιώσωσιν,
1107 3319 1190 3385 οἷς
1215 3323 1361 3392 ἡμᾶς
1394 3324 1882 3388 κατεδουλώσαντο,

305 3407 435 3464 ἀλλὰ
456 3412 555 3465 καὶ⁵
597 3416 662 3482 τῇ
693 3412 825 3483 ἁγίᾳ
875 3412 1144 3486 θρησκείᾳ
1173 3415 1752 3486 ἐμπαροινήσωσιν.Ὢ
1801 3418 1886 3482 τίς

301 3497 365 3553 ἂν
391 3502 692 3574 ἀνάσχοιτο
719 3504 947 3558 ἐκείνων
963 3524 977 3571 ;

389 3592 509 3664 (κε’.
575 3595 694 3650 Καὶ
745 3597 836 3649 ὅτε
882 3599 1044 3668 ήμεῖς
1091 3598 1193 3667 μὲν
1244 3601 1304 3654 ἐν
1357 3599 1436 3670 τῷ
1488 3600 1582 3655 τοῦ
1638 3599 1883 3674 μεγάλου

301 3687 656 3756 μυροδλῠτου
696 3689 809 3759 ναῷ
839 3689 1043 3761 ὕμνους
1068 3693 1250 3762 ἱεροὺς
1282 3693 1574 3762 ἐτελοῦμεν
1606 3697 1887 3767 περιιστά-

300 3796 455 3848 μενοι
486 3783 592 3835 τὸν
628 3782 982 3854 περιώνυμον
1017 3784 1306 3854 ἐλεήμονα,
1343 3787 1392 3842 οἱ
1422 3786 1466 3840 δ’
1510 3789 1568 3841 ἐν
1600 3790 1722 3852 ταῖς
1751 3789 1887 3844 πλα-

293 3871 444 3938 γίαις
475 3873 578 3926 τοῦ
623 3873 770 3944 ίεροῦ
822 3875 1069 3945 βήματος
1113 3877 1180 3930 τὰ
1220 3878 1431 3931 ἑαυτῶν
1473 3879 1710 3946 ἐτέλουν,
1739 3882 1886 3936 ἀντι-

294 3961 616 4031 φωνοῦντες
655 3965 810 4033 ἡμῖν,
865 3965 962 4018 καὶ
1019 3965 1120 4029 τὰς
1163 3966 1440 4030 πολίτιδας
1489 3968 1673 4037 φωνὰς
1713 3970 1885 4040 ὑπερ-

289 4057 492 4121 φωνεῖν
547 4055 836 4120 ἐθέλοντες
889 4056 1040 4127 βοαῖς
1099 4057 1446 4128 κορυζώσαις
1483 4062 1578 4114 καὶ
1622 4063 1884 4132 ἁπηχέσι,

290 4145 556 4210 πολλάκις
589 4147 654 4200 δὲ
679 4148 772 4200 καὶ
802 4150 926 4212 ταῖς
958 4149 1069 4201 τῶν
1108 4151 1231 4204 καθ’
1262 4153 1410 4221 ἡμᾶς
1439 4151 1602 4205 θείων
1633 4152 1884 4222 Εὗαγγε-

288 4233 420 4289 λίων
457 4238 847 4310 ἐκφωνήσεσι,
885 4239 1024 4312 πρὸς
1057 4240 1172 4311 ἔριν
1221 4244 1270 4294 οἱ
1311 4241 1885 4313 ἁχαριτώτατοιὰντε-

241 4359 244 4362 ~
295 4328 706 4399 πεξαγόμενοι,
740 4331 836 4385 καὶ
868 4333 1188 4401 συγχέοντες
1218 4331 1364 4403 οὕτω
1389 4335 1446 4386 τὸ
1471 4333 1754 4400 εὔτακτον,
1787 4336 1882 4390 καὶ

285 4417 382 4488 τήν
409 4421 573 4491 ἱερὰν
618 4423 889 4493 ἁρμονίαν
930 4423 1173 4488 λύοντες.
1227 4426 1338 4478 Καὶ
1387 4424 1628 4495 ἐλάλησα
1663 4426 1762 4495 μὲν
1790 4427 1881 4478 εὑ-

283 4509 468 4577 ).α6ὦς
501 4516 606 4568 καὶ
635 4514 770 4584 περὶ
797 4515 951 4570 τοῦδε
983 4515 1063 4587 τῷ
1093 4516 1294 4589 κόμητι
1332 4517 1644 4590 Ἀλδουῖνῳ,
1677 4521 1731 4574 εἷ
1761 4537 1878 4585 πως
1911 4543 1953 4599 D

283 4603 516 4676 γένηται
545 4605 734 4670 τάξις,
767 4610 860 4662 καὶ
889 4606 965 4678 μὴ
990 4608 1227 4676 γελῶντο
1251 4609 1320 4662 τὰ
1345 4608 1464 4663 θεῖα
1484 4612 1552 4681 τῇ
1583 4611 1879 4682 αὐτονομίᾳ

282 4694 393 4747 τῶν
429 4698 576 4767 παρ’
608 4699 800 4760 αὐτοῖς
836 4698 1052 4768 ἱερέων.
1091 4697 1310 4754 Ἀνύσαι
1347 4700 1404 4754 δὲ
1439 4701 1596 4772 ἔσχον
1625 4701 1798 4765 οὐδὲν,
1829 4703 1879 4754 εί

280 4788 373 4842 καὶ
427 4790 624 4853 ἄλλως
675 4791 884 4854 ἐκεῖνος
914 4791 1077 4862 ἐῴκει
1117 4794 1177 4845 ἐν
1202 4792 1304 4847 οὐκ
1333 4793 1540 4862 ὀλίγοις
1576 4794 1778 4848 ἐθέλειν
1812 4794 1881 4848 τὰ

287 4879 589 4950 Ῥωμαῖκὲ
617 4882 870 4948 τάσσειν,
903 4883 978 4946 ὡς
1009 4883 1086 4956 μή
1119 4885 1508 4942 καταλύεσθαι.
1551 4887 1652 4950 Ὃς
1681 4903 1744 4955 γε
1782 4888 1879 4941 καὶ

276 4967 723 5046 δικαιοπραγεῖν
769 4973 882 5027 εἴτε
937 4976 1427 5048 προσποιούμενος,
1462 4979 1571 5032 εἴτε
1605 4979 1698 5031 καὶ
1743 4977 1879 5048 πρὸς

279 5061 547 5133 ἀλήθειαν
579 5063 938 5135 βουλόμενος,
982 5065 1040 5120 ἐν
1070 5083 1128 5120 τε
1157 5067 1236 5138 τῷ
1269 5069 1480 5139 κρίνειν
1504 5070 1596 5123 καὶ
1628 5069 1878 5133 κολάζειν

275 5152 399 5215 τοὺς
436 5155 770 5221 ὑπαιτίους,
808 5157 904 5210 καὶ
956 5159 1178 5229 ἰσότητα
1213 5159 1496 5230 διανέμειν
1526 5163 1620 5213 καὶ
1651 5160 1879 5231 μώλωψι

278 5243 371 5296 καὶ
399 5245 636 5310 λοιπαῖς
694 5247 926 5314 αἰκίαις,
966 5248 1100 5302 ἀλλα
1153 5249 1248 5302 καὶ
1283 5251 1512 5322 σκόλοψι
1554 5253 1662 5306 τῶν
1721 5271 1878 5319 τινας

276 5337 622 5410 κακούργων
643 5338 937 5408 τιμᾶσθαι,
966 5343 1060 5394 καὶ
1088 5342 1168 5412 τῷ
1201 5344 1294 5396 τοῦ
1323 5345 1482 5411 ἁγίου
1517 5346 1674 5417 τάφῳ
1708 5349 1882 5418 άργυο

280 5443 370 5495 ρον
413 5433 520 5488 καὶ
568 5430 788 5502 χρυσὸν
818 5431 1128 5504 ἐχορήγησε
1156 5435 1247 5488 τὸν
1297 5435 1575 5505 ἀρκοῦντα
1623 5440 1704 5501 εἰς
1742 5441 1878 5493 ἀνα-

277 5518 500 5592 ποίησιν
532 5519 642 5573 τοῦ
674 5520 1047 5590 ἐλλείψαντος·
1080 5524 1177 5577 καὶ
1218 5523 1435 5594 βίϐλους
1459 5526 1536 5593 δὲ,
1579 5529 1626 5580 εί
1667 5530 1760 5583 καὶ
1803 5531 1878 5602 μή

277 5609 371 5673 τὰς
436 5612 834 5684 ἀφῃρημένας
889 5613 983 5667 καὶ
1030 5615 1152 5668 οὐδὲ
1204 5619 1346 5671 πάνυ
1401 5635 1454 5670 τι
1512 5619 1874 5690 εὐχρήστως,

277 5702 389 5755 ἀλλ’
432 5700 557 5772 οὖν,
601 5705 746 5767 ὅσας
787 5705 1158 5777 εὒηρεστήθη,
1197 5708 1621 5780 ἐφιλοτιμήσατο
1673 5711 1876 5766 δοῦναι·

278 5798 366 5848 καὶ
422 5800 715 5869 πήγματα
770 5798 826 5852 δὲ
883 5800 1069 5869 κηρῶν
1118 5801 1362 5871 ἀργύρεα
1412 5805 1771 5876 μεταφορητὰ
1821 5807 1879 5861 ἓν

1987 3341 2312 3397 sustineret?

2056 3601 2179 3656 “5.
2198 3601 2334 3656 Cum
2357 3602 2409 3656 in
2437 3601 2637 3671 templo
2661 3604 2840 3674 magni
2869 3603 3188 3678 Myroblyta:
3216 3603 3448 3675 hymnos
3479 3622 3567 3660 sa-

1989 3707 2118 3750 cros
2148 3704 2519 3758 cantarenms,
2563 3695 2832 3751 celebrem
2863 3697 3356 3766 eleemosynarium
3388 3698 3561 3752 colen-

1987 3793 2092 3848 tes,
2153 3783 2230 3837 illi
2286 3799 2414 3838 vero
2450 3784 2503 3838 in
2541 3784 2803 3852 gradibus
2831 3785 3137 3840 sanctuarii
3175 3799 3273 3839 sua
3307 3785 3567 3854 periit-ie-

1986 3876 2139 3940 bant,
2173 3877 2381 3930 nostris
2418 3876 2647 3931 vocibus
2673 3890 2801 3930 snas
2821 3884 3187 3945 opponentes,
3226 3875 3556 3950 altiuscan-

1984 3977 2076 4023 tus
2103 3966 2364 4037 profanos
2396 3981 2596 4021 canere
2623 3968 2872 4022 volentes
2903 3966 3086 4021 raucis
3120 3968 3461 4024 clamoribus
3494 3985 3568 4024 ac

1991 4059 2426 4122 dissonantibus,
2474 4071 2718 4126 persaepe
2769 4059 3112 4112 enuntiando
3144 4073 3303 4113 sacra
3327 4073 3569 4128 evange~

1986 4152 2058 4206 lia
2111 4159 2319 4216 nostra,
2374 4151 2447 4204 ita
2486 4151 2644 4219 longe
2697 4165 2724 4201 a
2780 4149 3049 4204 charitate
3099 4148 3168 4203 ad
3229 4149 3378 4205 rixas
3437 4165 3568 4219 pro-

1983 4249 2263 4304 vocantes,
2305 4249 2517 4296 rectum
2551 4240 2800 4295 ordinem
2845 4241 3132 4294 turbantes
3191 4239 3569 4295 harmoniam-

1981 4349 2088 4402 que
2149 4343 2394 4388 sanctam
2450 4331 2843 4386 dissolventes.
2889 4330 3198 4386 Prudenter
3245 4340 3428 4387 autem
3500 4331 3568 4386 de

1983 4423 2106 4478 istis
2140 4422 2327 4477 comiti
2383 4422 2623 4477 Alduino
2675 4422 2894 4478 locutus
2947 4438 3090 4488 sum,
3119 4422 3161 4477 si
3194 4422 3418 4492 quando
3474 4422 3570 4476 lie-

1982 4524 2066 4570 ret
2099 4515 2278 4580 ordo,
2325 4529 2387 4568 ac
2443 4529 2511 4568 ne
2572 4513 2923 4569 sacerdotum
2987 4528 3209 4570 suorum
3268 4513 3567 4582 privilegiis

1981 4606 2289 4662 illuderent.
2345 4603 2489 4658 Nihil
2546 4605 2792 4658 obtinere
2866 4603 3057 4672 potui,
3121 4604 3244 4657 licet
3315 4602 3407 4658 ille
3483 4601 3570 4656 vi-

1980 4715 2074 4755 sus
2129 4698 2325 4754 fuisset
2369 4696 2506 4752 alias
2565 4712 2674 4751 non
2735 4699 2792 4751 in
2861 4697 3050 4766 paucis
3112 4693 3361 4749 Romana
3405 4695 3570 4749 resti-

1981 4801 2135 4848 tuere
2199 4791 2359 4853 velle,
2417 4805 2527 4844 non
2579 4799 2762 4844 autem
2815 4789 3137 4847 dissolvere.
3185 4788 3446 4859 Equidem
3483 4787 3570 4860 ju-

1981 4892 2099 4944 stus
2153 4883 2246 4938 ille
2295 4881 2474 4936 fuerat
2524 4883 2676 4936 visus
2735 4885 2850 4936 sive
2909 4879 2963 4935 in
3009 4880 3093 4935 his
3132 4895 3256 4951 quae
3298 4879 3365 4935 ad
3393 4880 3575 4950 ipsum

1981 4973 2327 5044 spectabant,
2375 4975 2493 5027 sive
2542 4971 2610 5026 ad
2661 4972 2971 5035 veritatem,
3017 4971 3321 5043 judicando
3368 4988 3432 5027 ac
3458 4988 3562 5041 pu-

1981 5067 2188 5121 niendo
2249 5075 2532 5126 nocentes,
2611 5075 2775 5132 atque
2847 5063 2915 5117 ad
2967 5064 3335 5134 arqnalitatem
3380 5077 3572 5133 parna-

1980 5174 2101 5213 rum
2127 5174 2224 5227 pro
2253 5158 2424 5226 plagis
2442 5156 2766 5226 cmtcrisque
2789 5157 2992 5212 ictibus
3017 5157 3298 5222 violentis,
3319 5166 3374 5213 et
3402 5158 3567 5212 etiam

1982 5251 2048 5304 ad
2119 5252 2299 5320 palum
2366 5251 2633 5319 quosdam
2719 5249 3137 5304 malefactorum
3213 5249 3563 5316 damnando;

1983 5343 2160 5398 sancti
2215 5341 2450 5411 sepulcri
2499 5350 2786 5411 argentum
2834 5356 3056 5410 quoque
3104 5350 3160 5396 et
3195 5355 3392 5395 aurum
3425 5355 3564 5410 pra;-

1986 5435 2107 5491 b‘uit
2170 5443 2436 5505 quantum
2495 5433 2769 5490 sufﬁceret
2820 5435 2884 5488 ad
2938 5434 3299 5503 supplendum
3332 5434 3379 5489 ei
3413 5433 3561 5502 quod

1981 5531 2190 5587 dcerat.
2229 5529 2428 5583 Libros
2455 5526 2642 5589 etiam,
2688 5527 2814 5579 licet
2845 5539 2952 5578 non
2987 5526 3223 5591 ablatos,
3257 5539 3357 5579 nec
3382 5525 3560 5577 omni-

1985 5638 2057 5674 no
2094 5621 2275 5685 utiles,
2331 5618 2426 5673 sed
2459 5619 2548 5687 qui
2596 5618 2734 5688 grati
2775 5632 2895 5672 esse
2925 5626 3168 5686 possent,
3201 5619 3330 5672 dare
3353 5617 3561 5684 gloria-

1984 5721 2074 5767 tus
2099 5721 2219 5776 est;
2281 5709 2505 5763 donavit
2541 5724 2763 5778 quoque
2817 5723 2957 5763 cera:
3013 5709 3215 5778 figuras
3265 5715 3558 5774 argenteas

1983 5802 2312 5875 symbolicas
2346 5802 2398 5856 in
2435 5802 2590 5856 atriis
2641 5799 2843 5855 sanctis
2885 5799 3108 5869 positas,
3144 5807 3442 5853 memoratu
3474 5795 3554 5850 di~
