  <div class='ocr_page' id='page_1' title='image "/cluster/home/n/w/nwhite01/storage/ocr_20150623/136/coo.31924054870419/065.png"; bbox 0 0 4084 6434; ppageno 0'>
   <div class='ocr_carea' id='block_1_1' title="bbox 488 418 590 483">
    <p class='ocr_par' dir='ltr' id='par_1_1' title="bbox 488 418 590 483">
     <span class='ocr_line' id='line_1_1' title="bbox 488 418 590 483; baseline 0 -1"><span class='ocrx_word' id='word_1_1' title='bbox 488 418 590 483; x_wconf 65' lang='grc'><strong>115</strong></span> 
     </span>
    </p>
   </div>
   <div class='ocr_carea' id='block_1_2' title="bbox 1184 429 2990 497">
    <p class='ocr_par' dir='ltr' id='par_1_2' title="bbox 1184 429 2990 497">
     <span class='ocr_line' id='line_1_2' title="bbox 1184 429 2990 497; baseline 0 -7"><span class='ocrx_word' id='word_1_2' title='bbox 1184 429 1605 492; x_wconf 83' lang='lat' dir='ltr'><strong>EUSTATHII</strong></span> <span class='ocrx_word' id='word_1_3' title='bbox 1638 434 1737 492; x_wconf 82' lang='grc' dir='ltr'>ΤΗ</span> <span class='ocrx_word' id='word_1_4' title='bbox 1749 431 1928 494; x_wconf 85' lang='lat' dir='ltr'><strong>ESSA</strong></span> <span class='ocrx_word' id='word_1_5' title='bbox 1938 432 2387 497; x_wconf 80' lang='lat' dir='ltr'><strong>LONICENSIS</strong></span> <span class='ocrx_word' id='word_1_6' title='bbox 2426 431 2990 496; x_wconf 68' lang='grc' dir='ltr'><strong>ΜΕΤΒΟΡΟΗΤίΕ</strong></span> 
     </span>
    </p>
   </div>
   <div class='ocr_carea' id='block_1_3' title="bbox 3629 431 3733 499">
    <p class='ocr_par' dir='ltr' id='par_1_3' title="bbox 3629 431 3733 499">
     <span class='ocr_line' id='line_1_3' title="bbox 3629 431 3733 499; baseline 0.01 -1"><span class='ocrx_word' id='word_1_7' title='bbox 3629 431 3733 499; x_wconf 77' lang='grc'><strong>116</strong></span> 
     </span>
    </p>
   </div>
   <div class='ocr_carea' id='block_1_4' title="bbox 487 520 2069 616">
    <p class='ocr_par' dir='ltr' id='par_1_4' title="bbox 487 534 2058 613">
     <span class='ocr_line' id='line_1_4' title="bbox 487 534 2058 613; baseline 0.006 -25"><span class='ocrx_word' id='word_1_8' title='bbox 487 550 645 605; x_wconf 63' lang='lat' dir='ltr'><strong>giras.</strong></span> <span class='ocrx_word' id='word_1_9' title='bbox 665 534 881 591; x_wconf 79' lang='lat' dir='ltr'><strong>Cibaria</strong></span> <span class='ocrx_word' id='word_1_10' title='bbox 910 554 1035 593; x_wconf 87' lang='lat' dir='ltr'><strong>vero</strong></span> <span class='ocrx_word' id='word_1_11' title='bbox 1053 555 1274 611; x_wconf 87' lang='lat' dir='ltr'><strong>quoque</strong></span> <span class='ocrx_word' id='word_1_12' title='bbox 1302 544 1461 599; x_wconf 90' lang='lat' dir='ltr'><strong>nobis</strong></span> <span class='ocrx_word' id='word_1_13' title='bbox 1484 544 1717 613; x_wconf 64' lang='lat' dir='ltr'><strong>praebuit</strong></span> <span class='ocrx_word' id='word_1_14' title='bbox 1741 544 1905 599; x_wconf 87' lang='lat' dir='ltr'><strong>simul</strong></span> <span class='ocrx_word' id='word_1_15' title='bbox 1934 559 2058 598; x_wconf 92' lang='lat' dir='ltr'><strong>cum</strong></span> 
     </span>
    </p>
   </div>
   <div class='ocr_carea' id='block_1_5' title="bbox 2170 520 3733 616">
    <p class='ocr_par' dir='ltr' id='par_1_5' title="bbox 2170 520 3733 616">
     <span class='ocr_line' id='line_1_5' title="bbox 2170 520 3733 616; baseline 0.003 -18"><span class='ocrx_word' id='word_1_16' title='bbox 2170 547 2341 616; x_wconf 88' lang='grc' dir='ltr'>ίεραῖς</span> <span class='ocrx_word' id='word_1_17' title='bbox 2371 548 2620 607; x_wconf 76' lang='grc' dir='ltr'>εἰσόδοις,</span> <span class='ocrx_word' id='word_1_18' title='bbox 2654 546 2816 614; x_wconf 93' lang='grc' dir='ltr'>λόγου</span> <span class='ocrx_word' id='word_1_19' title='bbox 2848 520 3340 614; x_wconf 50' lang='grc' dir='ltr'>ἄξιαίὲχαρίσατο·</span> <span class='ocrx_word' id='word_1_20' title='bbox 3374 542 3470 597; x_wconf 75' lang='grc' dir='ltr'>καὶ</span> <span class='ocrx_word' id='word_1_21' title='bbox 3510 544 3643 614; x_wconf 78' lang='grc' dir='ltr'>ἡμῖν</span> <span class='ocrx_word' id='word_1_22' title='bbox 3674 546 3733 601; x_wconf 73' lang='grc' dir='ltr'>δέ</span> 
     </span>
    </p>
   </div>
   <div class='ocr_carea' id='block_1_6' title="bbox 487 624 2060 705">
    <p class='ocr_par' dir='ltr' id='par_1_6' title="bbox 487 624 2060 705">
     <span class='ocr_line' id='line_1_6' title="bbox 487 624 2060 705; baseline 0.006 -26"><span class='ocrx_word' id='word_1_23' title='bbox 487 624 650 681; x_wconf 82' lang='lat' dir='ltr'><strong>libris</strong></span> <span class='ocrx_word' id='word_1_24' title='bbox 680 641 817 696; x_wconf 91' lang='lat' dir='ltr'><strong>quos</strong></span> <span class='ocrx_word' id='word_1_25' title='bbox 854 644 960 683; x_wconf 89' lang='lat' dir='ltr'><strong>non</strong></span> <span class='ocrx_word' id='word_1_26' title='bbox 981 631 1134 685; x_wconf 91' lang='lat' dir='ltr'><strong>valde</strong></span> <span class='ocrx_word' id='word_1_27' title='bbox 1164 634 1581 701; x_wconf 88' lang='lat' dir='ltr'><strong>appetebamus,</strong></span> <span class='ocrx_word' id='word_1_28' title='bbox 1610 635 1826 691; x_wconf 90' lang='lat' dir='ltr'><strong>divinas</strong></span> <span class='ocrx_word' id='word_1_29' title='bbox 1860 635 2060 705; x_wconf 81' lang='lat' dir='ltr'><strong>imagi-</strong></span> 
     </span>
    </p>
   </div>
   <div class='ocr_carea' id='block_1_7' title="bbox 486 722 2064 793">
    <p class='ocr_par' dir='ltr' id='par_1_7' title="bbox 486 722 2064 793">
     <span class='ocr_line' id='line_1_7' title="bbox 486 722 2064 793; baseline 0.006 -24"><span class='ocrx_word' id='word_1_30' title='bbox 486 732 586 772; x_wconf 86' lang='lat' dir='ltr'><strong>nes</strong></span> <span class='ocrx_word' id='word_1_31' title='bbox 618 733 847 787; x_wconf 89' lang='lat' dir='ltr'><strong>quarum</strong></span> <span class='ocrx_word' id='word_1_32' title='bbox 880 722 1052 789; x_wconf 82' lang='lat' dir='ltr'><strong>rogati</strong></span> <span class='ocrx_word' id='word_1_33' title='bbox 1087 725 1418 793; x_wconf 80' lang='lat' dir='ltr'><strong>exemplaria</strong></span> <span class='ocrx_word' id='word_1_34' title='bbox 1453 727 1865 781; x_wconf 72' lang='lat' dir='ltr'><strong>accuratissima</strong></span> <span class='ocrx_word' id='word_1_35' title='bbox 1890 727 2064 781; x_wconf 89' lang='lat' dir='ltr'><strong>comi-</strong></span> 
     </span>
    </p>
   </div>
   <div class='ocr_carea' id='block_1_8' title="bbox 488 809 2059 889">
    <p class='ocr_par' dir='ltr' id='par_1_8' title="bbox 488 809 2059 889">
     <span class='ocr_line' id='line_1_8' title="bbox 488 809 2059 889; baseline 0.006 -26"><span class='ocrx_word' id='word_1_36' title='bbox 488 809 636 865; x_wconf 91' lang='lat' dir='ltr'><strong>tibus</strong></span> <span class='ocrx_word' id='word_1_37' title='bbox 670 810 815 864; x_wconf 88' lang='lat' dir='ltr'><strong>illius</strong></span> <span class='ocrx_word' id='word_1_38' title='bbox 849 814 1033 879; x_wconf 88' lang='lat' dir='ltr'><strong>partiti</strong></span> <span class='ocrx_word' id='word_1_39' title='bbox 1072 828 1285 880; x_wconf 87' lang='lat' dir='ltr'><strong>sumus,</strong></span> <span class='ocrx_word' id='word_1_40' title='bbox 1321 832 1419 871; x_wconf 92' lang='lat' dir='ltr'><strong>nec</strong></span> <span class='ocrx_word' id='word_1_41' title='bbox 1465 832 1719 873; x_wconf 81' lang='lat' dir='ltr'><strong>recusare</strong></span> <span class='ocrx_word' id='word_1_42' title='bbox 1762 820 2059 889; x_wconf 88' lang='lat' dir='ltr'><strong>quivimus,</strong></span> 
     </span>
    </p>
   </div>
   <div class='ocr_carea' id='block_1_9' title="bbox 487 900 2059 976">
    <p class='ocr_par' dir='ltr' id='par_1_9' title="bbox 487 900 2059 976">
     <span class='ocr_line' id='line_1_9' title="bbox 487 900 2059 976; baseline 0.008 -24"><span class='ocrx_word' id='word_1_43' title='bbox 487 900 662 954; x_wconf 84' lang='lat' dir='ltr'><strong>adhuc</strong></span> <span class='ocrx_word' id='word_1_44' title='bbox 694 911 746 956; x_wconf 85' lang='lat' dir='ltr'><strong>et</strong></span> <span class='ocrx_word' id='word_1_45' title='bbox 776 913 1019 957; x_wconf 87' lang='lat' dir='ltr'><strong>sanctam</strong></span> <span class='ocrx_word' id='word_1_46' title='bbox 1047 907 1439 974; x_wconf 88' lang='lat' dir='ltr'><strong>supellectilem</strong></span> <span class='ocrx_word' id='word_1_47' title='bbox 1478 910 1611 976; x_wconf 89' lang='lat' dir='ltr'><strong>(non</strong></span> <span class='ocrx_word' id='word_1_48' title='bbox 1644 911 1791 965; x_wconf 90' lang='lat' dir='ltr'><strong>enim</strong></span> <span class='ocrx_word' id='word_1_49' title='bbox 1831 912 2059 965; x_wconf 86' lang='lat' dir='ltr'><strong>celanda</strong></span> 
     </span>
    </p>
   </div>
   <div class='ocr_carea' id='block_1_10' title="bbox 484 994 2063 1075">
    <p class='ocr_par' dir='ltr' id='par_1_10' title="bbox 484 994 2063 1075">
     <span class='ocr_line' id='line_1_10' title="bbox 484 994 2063 1075; baseline 0.008 -31"><span class='ocrx_word' id='word_1_50' title='bbox 484 998 571 1045; x_wconf 87' lang='lat' dir='ltr'><strong>est</strong></span> <span class='ocrx_word' id='word_1_51' title='bbox 606 994 854 1062; x_wconf 89' lang='lat' dir='ltr'><strong>veritas),</strong></span> <span class='ocrx_word' id='word_1_52' title='bbox 884 1011 946 1049; x_wconf 79' lang='lat' dir='ltr'><strong>ex</strong></span> <span class='ocrx_word' id='word_1_53' title='bbox 989 1013 1097 1065; x_wconf 89' lang='lat' dir='ltr'><strong>qua</strong></span> <span class='ocrx_word' id='word_1_54' title='bbox 1140 999 1346 1069; x_wconf 85' lang='lat' dir='ltr'><strong>aliquot</strong></span> <span class='ocrx_word' id='word_1_55' title='bbox 1384 1012 1712 1059; x_wconf 85' lang='lat' dir='ltr'><strong>ornamenta</strong></span> <span class='ocrx_word' id='word_1_56' title='bbox 1746 1004 1932 1075; x_wconf 85' lang='lat' dir='ltr'><strong>partiti</strong></span> <span class='ocrx_word' id='word_1_57' title='bbox 1978 1019 2063 1057; x_wconf 85' lang='lat' dir='ltr'><strong>stt-</strong></span> 
     </span>
    </p>
   </div>
   <div class='ocr_carea' id='block_1_11' title="bbox 485 1084 1582 1151">
    <p class='ocr_par' dir='ltr' id='par_1_11' title="bbox 485 1084 1582 1151">
     <span class='ocr_line' id='line_1_11' title="bbox 485 1084 1582 1151; baseline 0.015 -17"><span class='ocrx_word' id='word_1_58' title='bbox 485 1096 607 1137; x_wconf 89' lang='lat' dir='ltr'><strong>mus</strong></span> <span class='ocrx_word' id='word_1_59' title='bbox 631 1084 813 1141; x_wconf 91' lang='lat' dir='ltr'><strong>multis</strong></span> <span class='ocrx_word' id='word_1_60' title='bbox 849 1100 1162 1144; x_wconf 87' lang='lat' dir='ltr'><strong>sanctarum</strong></span> <span class='ocrx_word' id='word_1_61' title='bbox 1194 1093 1582 1151; x_wconf 85' lang='lat' dir='ltr'><strong>ecclesiarum.</strong></span> 
     </span>
    </p>
   </div>
   <div class='ocr_carea' id='block_1_12' title="bbox 557 1261 2063 1345">
    <p class='ocr_par' dir='ltr' id='par_1_12' title="bbox 557 1261 2063 1345">
     <span class='ocr_line' id='line_1_12' title="bbox 557 1261 2063 1345; baseline 0.013 -31"><span class='ocrx_word' id='word_1_62' title='bbox 557 1261 677 1318; x_wconf 78' lang='lat'><strong>“6.</strong></span> <span class='ocrx_word' id='word_1_63' title='bbox 716 1265 772 1318; x_wconf 85' lang='lat' dir='ltr'><strong>in</strong></span> <span class='ocrx_word' id='word_1_64' title='bbox 825 1267 912 1326; x_wconf 70' lang='lat' dir='ltr'><strong>bis</strong></span> <span class='ocrx_word' id='word_1_65' title='bbox 944 1269 1253 1328; x_wconf 88' lang='lat' dir='ltr'><strong>laudandus</strong></span> <span class='ocrx_word' id='word_1_66' title='bbox 1300 1285 1381 1330; x_wconf 91' lang='lat' dir='ltr'><strong>est</strong></span> <span class='ocrx_word' id='word_1_67' title='bbox 1422 1291 1606 1334; x_wconf 89' lang='lat' dir='ltr'><strong>comes</strong></span> <span class='ocrx_word' id='word_1_68' title='bbox 1646 1276 1896 1345; x_wconf 87' lang='lat' dir='ltr'><strong>Latinus,</strong></span> <span class='ocrx_word' id='word_1_69' title='bbox 1935 1280 2063 1334; x_wconf 89' lang='lat' dir='ltr'><strong>licet</strong></span> 
     </span>
    </p>
   </div>
   <div class='ocr_carea' id='block_1_13' title="bbox 495 1350 2060 1433">
    <p class='ocr_par' dir='ltr' id='par_1_13' title="bbox 495 1350 2060 1433">
     <span class='ocr_line' id='line_1_13' title="bbox 495 1350 2060 1433; baseline 0.014 -32"><span class='ocrx_word' id='word_1_70' title='bbox 495 1350 630 1403; x_wconf 87' lang='lat' dir='ltr'><strong>alias</strong></span> <span class='ocrx_word' id='word_1_71' title='bbox 681 1352 897 1426; x_wconf 84' lang='lat' dir='ltr'><strong>aliquid</strong></span> <span class='ocrx_word' id='word_1_72' title='bbox 939 1360 1066 1414; x_wconf 89' lang='lat' dir='ltr'><strong>mali</strong></span> <span class='ocrx_word' id='word_1_73' title='bbox 1114 1361 1337 1416; x_wconf 90' lang='lat' dir='ltr'><strong>mistum</strong></span> <span class='ocrx_word' id='word_1_74' title='bbox 1374 1364 1653 1433; x_wconf 84' lang='lat' dir='ltr'><strong>habuerit,</strong></span> <span class='ocrx_word' id='word_1_75' title='bbox 1689 1376 1886 1423; x_wconf 83' lang='lat' dir='ltr'><strong>natura</strong></span> <span class='ocrx_word' id='word_1_76' title='bbox 1914 1370 2060 1424; x_wconf 90' lang='lat' dir='ltr'><strong>enim</strong></span> 
     </span>
    </p>
   </div>
   <div class='ocr_carea' id='block_1_14' title="bbox 480 1439 2065 1531">
    <p class='ocr_par' dir='ltr' id='par_1_14' title="bbox 480 1439 2065 1531">
     <span class='ocr_line' id='line_1_14' title="bbox 480 1439 2065 1531; baseline 0.015 -37"><span class='ocrx_word' id='word_1_77' title='bbox 480 1439 640 1515; x_wconf 73' lang='lat' dir='ltr'><strong>juxta</strong></span> <span class='ocrx_word' id='word_1_78' title='bbox 672 1447 874 1503; x_wconf 90' lang='lat' dir='ltr'><strong>bonum</strong></span> <span class='ocrx_word' id='word_1_79' title='bbox 921 1453 1122 1506; x_wconf 88' lang='lat' dir='ltr'><strong>malum</strong></span> <span class='ocrx_word' id='word_1_80' title='bbox 1176 1466 1532 1525; x_wconf 86' lang='lat' dir='ltr'><strong>apposuerat,</strong></span> <span class='ocrx_word' id='word_1_81' title='bbox 1566 1472 1837 1515; x_wconf 85' lang='lat' dir='ltr'><strong>craterem</strong></span> <span class='ocrx_word' id='word_1_82' title='bbox 1868 1462 2065 1531; x_wconf 79' lang='lat' dir='ltr'><strong>hujus-</strong></span> 
     </span>
    </p>
   </div>
   <div class='ocr_carea' id='block_1_15' title="bbox 488 1539 2065 1625">
    <p class='ocr_par' dir='ltr' id='par_1_15' title="bbox 488 1539 2065 1625">
     <span class='ocr_line' id='line_1_15' title="bbox 488 1539 2065 1625; baseline 0.013 -36"><span class='ocrx_word' id='word_1_83' title='bbox 488 1539 633 1593; x_wconf 88' lang='lat' dir='ltr'><strong>modi</strong></span> <span class='ocrx_word' id='word_1_84' title='bbox 653 1539 706 1593; x_wconf 89' lang='lat' dir='ltr'><strong>in</strong></span> <span class='ocrx_word' id='word_1_85' title='bbox 735 1540 827 1595; x_wconf 92' lang='lat' dir='ltr'><strong>illo</strong></span> <span class='ocrx_word' id='word_1_86' title='bbox 846 1544 1231 1602; x_wconf 79' lang='lat' dir='ltr'><strong>commiscens.</strong></span> <span class='ocrx_word' id='word_1_87' title='bbox 1256 1548 1407 1603; x_wconf 86' lang='lat' dir='ltr'><strong>Clam</strong></span> <span class='ocrx_word' id='word_1_88' title='bbox 1436 1552 1581 1605; x_wconf 90' lang='lat' dir='ltr'><strong>enim</strong></span> <span class='ocrx_word' id='word_1_89' title='bbox 1602 1552 1845 1608; x_wconf 89' lang='lat' dir='ltr'><strong>Latiuice</strong></span> <span class='ocrx_word' id='word_1_90' title='bbox 1868 1556 2065 1625; x_wconf 82' lang='lat' dir='ltr'><strong>agebat</strong></span> 
     </span>
    </p>
   </div>
   <div class='ocr_carea' id='block_1_16' title="bbox 488 1636 2059 1712">
    <p class='ocr_par' dir='ltr' id='par_1_16' title="bbox 488 1636 2059 1712">
     <span class='ocr_line' id='line_1_16' title="bbox 488 1636 2059 1712; baseline 0.013 -28"><span class='ocrx_word' id='word_1_91' title='bbox 488 1645 613 1686; x_wconf 86' lang='lat' dir='ltr'><strong>cum</strong></span> <span class='ocrx_word' id='word_1_92' title='bbox 688 1636 1061 1703; x_wconf 80' lang='lat' dir='ltr'><strong>nostratibus,</strong></span> <span class='ocrx_word' id='word_1_93' title='bbox 1118 1655 1181 1694; x_wconf 90' lang='lat' dir='ltr'><strong>ac</strong></span> <span class='ocrx_word' id='word_1_94' title='bbox 1245 1656 1386 1712; x_wconf 64' lang='lat' dir='ltr'><strong>saepe</strong></span> <span class='ocrx_word' id='word_1_95' title='bbox 1470 1643 1683 1700; x_wconf 89' lang='lat' dir='ltr'><strong>dicebat</strong></span> <span class='ocrx_word' id='word_1_96' title='bbox 1752 1646 1861 1704; x_wconf 89' lang='lat' dir='ltr'><strong>illis</strong></span> <span class='ocrx_word' id='word_1_97' title='bbox 1917 1650 2059 1705; x_wconf 80' lang='lat' dir='ltr'><strong>inter</strong></span> 
     </span>
    </p>
   </div>
   <div class='ocr_carea' id='block_1_17' title="bbox 487 1722 2065 1809">
    <p class='ocr_par' dir='ltr' id='par_1_17' title="bbox 487 1722 2065 1809">
     <span class='ocr_line' id='line_1_17' title="bbox 487 1722 2065 1809; baseline 0.013 -33"><span class='ocrx_word' id='word_1_98' title='bbox 487 1722 702 1791; x_wconf 64' lang='lat' dir='ltr'><strong>dientes,</strong></span> <span class='ocrx_word' id='word_1_99' title='bbox 735 1729 875 1794; x_wconf 85' lang='lat' dir='ltr'><strong>quod</strong></span> <span class='ocrx_word' id='word_1_100' title='bbox 916 1729 1252 1788; x_wconf 84' lang='lat' dir='ltr'><strong>abominatio</strong></span> <span class='ocrx_word' id='word_1_101' title='bbox 1313 1736 1391 1789; x_wconf 88' lang='lat' dir='ltr'><strong>eis</strong></span> <span class='ocrx_word' id='word_1_102' title='bbox 1432 1737 1627 1793; x_wconf 85' lang='lat' dir='ltr'><strong>fuisset</strong></span> <span class='ocrx_word' id='word_1_103' title='bbox 1656 1740 1803 1809; x_wconf 87' lang='lat' dir='ltr'><strong>quod</strong></span> <span class='ocrx_word' id='word_1_104' title='bbox 1834 1741 1922 1795; x_wconf 90' lang='lat' dir='ltr'><strong>die</strong></span> <span class='ocrx_word' id='word_1_105' title='bbox 1968 1756 2065 1797; x_wconf 87' lang='lat' dir='ltr'><strong>ex-</strong></span> 
     </span>
    </p>
   </div>
   <div class='ocr_carea' id='block_1_18' title="bbox 489 1819 2051 1901">
    <p class='ocr_par' dir='ltr' id='par_1_18' title="bbox 489 1819 2051 1901">
     <span class='ocr_line' id='line_1_18' title="bbox 489 1819 2051 1901; baseline 0.01 -30"><span class='ocrx_word' id='word_1_106' title='bbox 489 1819 844 1888; x_wconf 73' lang='lat' dir='ltr'><strong>pugnationis</strong></span> <span class='ocrx_word' id='word_1_107' title='bbox 891 1837 1105 1879; x_wconf 84' lang='lat' dir='ltr'><strong>onmem</strong></span> <span class='ocrx_word' id='word_1_108' title='bbox 1162 1827 1434 1882; x_wconf 78' lang='lat' dir='ltr'><strong>civitatem</strong></span> <span class='ocrx_word' id='word_1_109' title='bbox 1483 1846 1591 1884; x_wconf 89' lang='lat' dir='ltr'><strong>non</strong></span> <span class='ocrx_word' id='word_1_110' title='bbox 1638 1832 1985 1901; x_wconf 83' lang='lat' dir='ltr'><strong>jngulassent</strong></span> <span class='ocrx_word' id='word_1_111' title='bbox 2037 1850 2051 1887; x_wconf 93' lang='lat'><strong>:</strong></span> 
     </span>
    </p>
   </div>
   <div class='ocr_carea' id='block_1_19' title="bbox 2165 633 3734 710">
    <p class='ocr_par' dir='ltr' id='par_1_19' title="bbox 2165 633 3734 710">
     <span class='ocr_line' id='line_1_19' title="bbox 2165 633 3734 710; baseline 0 -18"><span class='ocrx_word' id='word_1_112' title='bbox 2165 656 2286 693; x_wconf 88' lang='grc' dir='ltr'>τινα</span> <span class='ocrx_word' id='word_1_113' title='bbox 2315 641 2538 710; x_wconf 77' lang='grc' dir='ltr'>ζωαρκῆ</span> <span class='ocrx_word' id='word_1_114' title='bbox 2573 642 2830 708; x_wconf 75' lang='grc' dir='ltr'><strong>ἐπένειμε</strong></span> <span class='ocrx_word' id='word_1_115' title='bbox 2861 639 2959 691; x_wconf 89' lang='grc' dir='ltr'>σύν</span> <span class='ocrx_word' id='word_1_116' title='bbox 2998 654 3063 705; x_wconf 92' lang='grc' dir='ltr'><strong>γε</strong></span> <span class='ocrx_word' id='word_1_117' title='bbox 3111 637 3206 690; x_wconf 69' lang='grc' dir='ltr'><strong>καὶ</strong></span> <span class='ocrx_word' id='word_1_118' title='bbox 3250 633 3474 703; x_wconf 80' lang='grc' dir='ltr'>βίϐλοις,</span> <span class='ocrx_word' id='word_1_119' title='bbox 3506 636 3576 700; x_wconf 75' lang='grc' dir='ltr'><strong>ἀς</strong></span> <span class='ocrx_word' id='word_1_120' title='bbox 3615 636 3734 692; x_wconf 76' lang='grc' dir='ltr'><strong>οὔτι</strong></span> 
     </span>
    </p>
   </div>
   <div class='ocr_carea' id='block_1_20' title="bbox 2162 721 3738 801">
    <p class='ocr_par' dir='ltr' id='par_1_20' title="bbox 2162 721 3738 801">
     <span class='ocr_line' id='line_1_20' title="bbox 2162 721 3738 801; baseline -0.001 -17"><span class='ocrx_word' id='word_1_121' title='bbox 2162 731 2284 784; x_wconf 91' lang='grc' dir='ltr'>λίαν</span> <span class='ocrx_word' id='word_1_122' title='bbox 2312 731 2638 801; x_wconf 81' lang='grc' dir='ltr'>ὲποθοῦμεν,</span> <span class='ocrx_word' id='word_1_123' title='bbox 2695 731 2792 785; x_wconf 71' lang='grc' dir='ltr'>καὶ</span> <span class='ocrx_word' id='word_1_124' title='bbox 2824 730 3186 798; x_wconf 87' lang='grc' dir='ltr'>είκονίσματα</span> <span class='ocrx_word' id='word_1_125' title='bbox 3217 728 3359 791; x_wconf 87' lang='grc' dir='ltr'>θεῖα,</span> <span class='ocrx_word' id='word_1_126' title='bbox 3401 721 3477 782; x_wconf 81' lang='grc' dir='ltr'><strong>ὧν</strong></span> <span class='ocrx_word' id='word_1_127' title='bbox 3523 728 3592 782; x_wconf 88' lang='grc' dir='ltr'><strong>τά</strong></span> <span class='ocrx_word' id='word_1_128' title='bbox 3641 746 3738 782; x_wconf 81' lang='grc' dir='ltr'>πε-</span> 
     </span>
    </p>
   </div>
   <div class='ocr_carea' id='block_1_21' title="bbox 2165 820 3736 894">
    <p class='ocr_par' dir='ltr' id='par_1_21' title="bbox 2165 820 3736 894">
     <span class='ocr_line' id='line_1_21' title="bbox 2165 820 3736 894; baseline 0 -18"><span class='ocrx_word' id='word_1_129' title='bbox 2165 825 2534 894; x_wconf 62' lang='grc' dir='ltr'>φροντισμένα</span> <span class='ocrx_word' id='word_1_130' title='bbox 2576 826 2687 887; x_wconf 86' lang='grc' dir='ltr'>τοῖς</span> <span class='ocrx_word' id='word_1_131' title='bbox 2723 824 2937 877; x_wconf 76' lang='grc' dir='ltr'>ἐκείνου</span> <span class='ocrx_word' id='word_1_132' title='bbox 2993 824 3158 891; x_wconf 85' lang='grc' dir='ltr'>ἡμεῖς</span> <span class='ocrx_word' id='word_1_133' title='bbox 3205 820 3362 884; x_wconf 79' lang='grc' dir='ltr'>αὖθις</span> <span class='ocrx_word' id='word_1_134' title='bbox 3397 821 3736 891; x_wconf 78' lang='grc' dir='ltr'>ὲπεμερίσαο</span> 
     </span>
    </p>
   </div>
   <div class='ocr_carea' id='block_1_22' title="bbox 2170 913 3735 984">
    <p class='ocr_par' dir='ltr' id='par_1_22' title="bbox 2170 913 3735 984">
     <span class='ocr_line' id='line_1_22' title="bbox 2170 913 3735 984; baseline 0 -17"><span class='ocrx_word' id='word_1_135' title='bbox 2170 932 2294 984; x_wconf 87' lang='grc' dir='ltr'>μεν,</span> <span class='ocrx_word' id='word_1_136' title='bbox 2321 916 2655 983; x_wconf 81' lang='grc' dir='ltr'>αίτηθέντες,</span> <span class='ocrx_word' id='word_1_137' title='bbox 2690 916 2791 969; x_wconf 70' lang='grc' dir='ltr'>καὶ</span> <span class='ocrx_word' id='word_1_138' title='bbox 2818 915 2893 983; x_wconf 80' lang='grc' dir='ltr'>μὴ</span> <span class='ocrx_word' id='word_1_139' title='bbox 2923 914 3141 984; x_wconf 77' lang='grc' dir='ltr'><strong>ἔχοντες</strong></span> <span class='ocrx_word' id='word_1_140' title='bbox 3173 914 3618 981; x_wconf 77' lang='grc' dir='ltr'>ἀπαρνήσασθαιο</span> <span class='ocrx_word' id='word_1_141' title='bbox 3655 913 3735 967; x_wconf 77' lang='grc' dir='ltr'><strong>ἔτι</strong></span> 
     </span>
    </p>
   </div>
   <div class='ocr_carea' id='block_1_23' title="bbox 2162 1004 3737 1077">
    <p class='ocr_par' dir='ltr' id='par_1_23' title="bbox 2162 1004 3737 1077">
     <span class='ocr_line' id='line_1_23' title="bbox 2162 1004 3737 1077; baseline -0.002 -18"><span class='ocrx_word' id='word_1_142' title='bbox 2162 1006 2221 1059; x_wconf 83' lang='grc' dir='ltr'>δὲ</span> <span class='ocrx_word' id='word_1_143' title='bbox 2252 1008 2346 1060; x_wconf 78' lang='grc' dir='ltr'><strong>καὶ</strong></span> <span class='ocrx_word' id='word_1_144' title='bbox 2365 1008 2483 1076; x_wconf 80' lang='grc' dir='ltr'><strong>ίερά</strong></span> <span class='ocrx_word' id='word_1_145' title='bbox 2512 1006 2716 1061; x_wconf 68' lang='grc' dir='ltr'>ἔπιπλα</span> <span class='ocrx_word' id='word_1_146' title='bbox 2743 1006 2842 1077; x_wconf 84' lang='grc' dir='ltr'><strong>(μὴ</strong></span> <span class='ocrx_word' id='word_1_147' title='bbox 2874 1005 2982 1074; x_wconf 82' lang='grc' dir='ltr'>γὰρ</span> <span class='ocrx_word' id='word_1_148' title='bbox 3006 1005 3280 1075; x_wconf 80' lang='grc' dir='ltr'><strong>κρυπτέον</strong></span> <span class='ocrx_word' id='word_1_149' title='bbox 3315 1004 3374 1057; x_wconf 67' lang='grc' dir='ltr'><strong>τὸ</strong></span> <span class='ocrx_word' id='word_1_150' title='bbox 3398 1004 3645 1074; x_wconf 83' lang='grc' dir='ltr'>ἀληθὲς),</span> <span class='ocrx_word' id='word_1_151' title='bbox 3678 1004 3737 1070; x_wconf 74' lang='grc' dir='ltr'>ἐξ</span> 
     </span>
    </p>
   </div>
   <div class='ocr_carea' id='block_1_24' title="bbox 2163 1090 3736 1169">
    <p class='ocr_par' dir='ltr' id='par_1_24' title="bbox 2163 1090 3736 1169">
     <span class='ocr_line' id='line_1_24' title="bbox 2163 1090 3736 1169; baseline 0.001 -18"><span class='ocrx_word' id='word_1_152' title='bbox 2163 1090 2238 1151; x_wconf 83' lang='grc' dir='ltr'><strong>ὧν</strong></span> <span class='ocrx_word' id='word_1_153' title='bbox 2267 1099 2720 1167; x_wconf 77' lang='grc' dir='ltr'>ὲπικοσμήματός</span> <span class='ocrx_word' id='word_1_154' title='bbox 2748 1116 2802 1151; x_wconf 86' lang='grc' dir='ltr'><strong>τι</strong></span> <span class='ocrx_word' id='word_1_155' title='bbox 2841 1097 3064 1160; x_wconf 84' lang='grc' dir='ltr'>πολλαῖς</span> <span class='ocrx_word' id='word_1_156' title='bbox 3093 1096 3201 1153; x_wconf 83' lang='grc' dir='ltr'><strong>τῶν</strong></span> <span class='ocrx_word' id='word_1_157' title='bbox 3231 1097 3408 1165; x_wconf 85' lang='grc' dir='ltr'>ἁγίων</span> <span class='ocrx_word' id='word_1_158' title='bbox 3428 1095 3736 1169; x_wconf 69' lang='grc' dir='ltr'>ἐκκλησιῶν</span> 
     </span>
    </p>
   </div>
   <div class='ocr_carea' id='block_1_25' title="bbox 2161 1187 2655 1259">
    <p class='ocr_par' dir='ltr' id='par_1_25' title="bbox 2161 1187 2655 1259">
     <span class='ocr_line' id='line_1_25' title="bbox 2161 1187 2655 1259; baseline 0.004 -18"><span class='ocrx_word' id='word_1_159' title='bbox 2161 1187 2241 1242; x_wconf 84' lang='grc' dir='ltr'><strong>διε</strong></span> <span class='ocrx_word' id='word_1_160' title='bbox 2251 1189 2486 1259; x_wconf 83' lang='grc' dir='ltr'>μοιρασά</span> <span class='ocrx_word' id='word_1_161' title='bbox 2495 1188 2655 1257; x_wconf 85' lang='grc' dir='ltr'>μεθα.</span> 
     </span>
    </p>
   </div>
   <div class='ocr_carea' id='block_1_26' title="bbox 2237 1275 3737 1349">
    <p class='ocr_par' dir='ltr' id='par_1_26' title="bbox 2237 1275 3737 1349">
     <span class='ocr_line' id='line_1_26' title="bbox 2237 1275 3737 1349; baseline -0.001 -17"><span class='ocrx_word' id='word_1_162' title='bbox 2237 1276 2372 1347; x_wconf 81' lang='grc' dir='ltr'>ρις¹.</span> <span class='ocrx_word' id='word_1_163' title='bbox 2415 1277 2523 1333; x_wconf 83' lang='grc' dir='ltr'><strong>Τοῦ</strong></span> <span class='ocrx_word' id='word_1_164' title='bbox 2578 1278 2635 1331; x_wconf 77' lang='grc' dir='ltr'>δὲ</span> <span class='ocrx_word' id='word_1_165' title='bbox 2685 1279 2923 1349; x_wconf 85' lang='grc' dir='ltr'>κόμητος</span> <span class='ocrx_word' id='word_1_166' title='bbox 2960 1277 3151 1332; x_wconf 86' lang='grc' dir='ltr'>τούτου</span> <span class='ocrx_word' id='word_1_167' title='bbox 3183 1276 3361 1330; x_wconf 70' lang='grc' dir='ltr'>ἐκεῖνο</span> <span class='ocrx_word' id='word_1_168' title='bbox 3405 1275 3638 1348; x_wconf 82' lang='grc' dir='ltr'>μάλιστα</span> <span class='ocrx_word' id='word_1_169' title='bbox 3672 1276 3737 1330; x_wconf 84' lang='grc' dir='ltr'>τδ</span> 
     </span>
    </p>
   </div>
   <div class='ocr_carea' id='block_1_27' title="bbox 2163 1368 3735 1442">
    <p class='ocr_par' dir='ltr' id='par_1_27' title="bbox 2163 1368 3735 1442">
     <span class='ocr_line' id='line_1_27' title="bbox 2163 1368 3735 1442; baseline -0.003 -16"><span class='ocrx_word' id='word_1_170' title='bbox 2163 1372 2362 1438; x_wconf 78' lang='grc' dir='ltr'>καλὸν,</span> <span class='ocrx_word' id='word_1_171' title='bbox 2392 1374 2439 1426; x_wconf 86' lang='grc' dir='ltr'><strong>εί</strong></span> <span class='ocrx_word' id='word_1_172' title='bbox 2494 1373 2589 1426; x_wconf 70' lang='grc' dir='ltr'><strong>καὶ</strong></span> <span class='ocrx_word' id='word_1_173' title='bbox 2618 1371 2793 1436; x_wconf 73' lang='grc' dir='ltr'>ἄλλως</span> <span class='ocrx_word' id='word_1_174' title='bbox 2834 1368 2947 1442; x_wconf 84' lang='grc' dir='ltr'><strong>εῐχέ</strong></span> <span class='ocrx_word' id='word_1_175' title='bbox 2994 1389 3047 1424; x_wconf 89' lang='grc' dir='ltr'>τι</span> <span class='ocrx_word' id='word_1_176' title='bbox 3094 1370 3191 1424; x_wconf 81' lang='grc' dir='ltr'>καὶ</span> <span class='ocrx_word' id='word_1_177' title='bbox 3234 1370 3405 1424; x_wconf 78' lang='grc' dir='ltr'>κακὸν</span> <span class='ocrx_word' id='word_1_178' title='bbox 3437 1370 3735 1440; x_wconf 77' lang='grc' dir='ltr'><strong>συμμιγὲς,</strong></span> 
     </span>
    </p>
   </div>
   <div class='ocr_carea' id='block_1_28' title="bbox 2164 1461 3739 1535">
    <p class='ocr_par' dir='ltr' id='par_1_28' title="bbox 2164 1461 3739 1535">
     <span class='ocr_line' id='line_1_28' title="bbox 2164 1461 3739 1535; baseline -0.002 -17"><span class='ocrx_word' id='word_1_179' title='bbox 2164 1464 2316 1535; x_wconf 80' lang='grc' dir='ltr'>παρὰ</span> <span class='ocrx_word' id='word_1_180' title='bbox 2351 1463 2446 1519; x_wconf 74' lang='grc' dir='ltr'>καὶ</span> <span class='ocrx_word' id='word_1_181' title='bbox 2477 1464 2630 1534; x_wconf 90' lang='grc' dir='ltr'><strong>καλῷ</strong></span> <span class='ocrx_word' id='word_1_182' title='bbox 2665 1465 2836 1518; x_wconf 73' lang='grc' dir='ltr'>κακὸν</span> <span class='ocrx_word' id='word_1_183' title='bbox 2890 1462 3125 1533; x_wconf 79' lang='grc' dir='ltr'>θεμένης</span> <span class='ocrx_word' id='word_1_184' title='bbox 3178 1461 3280 1529; x_wconf 82' lang='grc' dir='ltr'>τῆς</span> <span class='ocrx_word' id='word_1_185' title='bbox 3332 1461 3572 1530; x_wconf 86' lang='grc' dir='ltr'>φύσεως,</span> <span class='ocrx_word' id='word_1_186' title='bbox 3604 1477 3739 1531; x_wconf 81' lang='grc' dir='ltr'>κρα-</span> 
     </span>
    </p>
   </div>
   <div class='ocr_carea' id='block_1_29' title="bbox 2162 1548 3738 1626">
    <p class='ocr_par' dir='ltr' id='par_1_29' title="bbox 2162 1548 3738 1626">
     <span class='ocr_line' id='line_1_29' title="bbox 2162 1548 3738 1626; baseline -0.003 -16"><span class='ocrx_word' id='word_1_187' title='bbox 2162 1555 2330 1626; x_wconf 85' lang='grc' dir='ltr'>τῆρος</span> <span class='ocrx_word' id='word_1_188' title='bbox 2362 1556 2604 1610; x_wconf 81' lang='grc' dir='ltr'>τοιοῦτον</span> <span class='ocrx_word' id='word_1_189' title='bbox 2643 1554 3036 1626; x_wconf 73' lang='grc' dir='ltr'>κερασαμένης</span> <span class='ocrx_word' id='word_1_190' title='bbox 3079 1554 3250 1624; x_wconf 85' lang='grc' dir='ltr'>αύτῷ.</span> <span class='ocrx_word' id='word_1_191' title='bbox 3305 1548 3433 1624; x_wconf 78' lang='grc' dir='ltr'><strong>Εἶχε</strong></span> <span class='ocrx_word' id='word_1_192' title='bbox 3484 1552 3582 1617; x_wconf 74' lang='grc' dir='ltr'><strong>μὲν</strong></span> <span class='ocrx_word' id='word_1_193' title='bbox 3629 1552 3738 1622; x_wconf 81' lang='grc' dir='ltr'>γὰρ</span> 
     </span>
    </p>
   </div>
   <div class='ocr_carea' id='block_1_30' title="bbox 2161 1642 3738 1713">
    <p class='ocr_par' dir='ltr' id='par_1_30' title="bbox 2161 1642 3738 1713">
     <span class='ocr_line' id='line_1_30' title="bbox 2161 1642 3738 1713; baseline -0.003 -14"><span class='ocrx_word' id='word_1_194' title='bbox 2161 1645 2222 1699; x_wconf 81' lang='grc' dir='ltr'><strong>τὸ</strong></span> <span class='ocrx_word' id='word_1_195' title='bbox 2275 1645 2565 1699; x_wconf 70' lang='grc' dir='ltr'>Λατινικδν</span> <span class='ocrx_word' id='word_1_196' title='bbox 2614 1645 2864 1706; x_wconf 83' lang='grc' dir='ltr'><strong>ὑπούλως</strong></span> <span class='ocrx_word' id='word_1_197' title='bbox 2915 1646 3045 1713; x_wconf 70' lang='grc' dir='ltr'>περὶ</span> <span class='ocrx_word' id='word_1_198' title='bbox 3087 1644 3211 1706; x_wconf 81' lang='grc' dir='ltr'>τοὺς</span> <span class='ocrx_word' id='word_1_199' title='bbox 3250 1642 3374 1696; x_wconf 82' lang='grc' dir='ltr'>καθ’</span> <span class='ocrx_word' id='word_1_200' title='bbox 3421 1643 3593 1712; x_wconf 77' lang='grc' dir='ltr'>ἡμᾶς,</span> <span class='ocrx_word' id='word_1_201' title='bbox 3643 1643 3738 1696; x_wconf 83' lang='grc' dir='ltr'><strong>καὶ</strong></span> 
     </span>
    </p>
   </div>
   <div class='ocr_carea' id='block_1_31' title="bbox 2166 1734 3737 1805">
    <p class='ocr_par' dir='ltr' id='par_1_31' title="bbox 2166 1734 3737 1805">
     <span class='ocr_line' id='line_1_31' title="bbox 2166 1734 3737 1805; baseline -0.001 -16"><span class='ocrx_word' id='word_1_202' title='bbox 2166 1736 2360 1805; x_wconf 81' lang='grc' dir='ltr'>συχνὸν</span> <span class='ocrx_word' id='word_1_203' title='bbox 2405 1737 2591 1799; x_wconf 82' lang='grc' dir='ltr'>αὐτοῖς</span> <span class='ocrx_word' id='word_1_204' title='bbox 2645 1735 2737 1790; x_wconf 79' lang='grc' dir='ltr'>ὑπ’</span> <span class='ocrx_word' id='word_1_205' title='bbox 2787 1736 3030 1800; x_wconf 82' lang='grc' dir='ltr'><strong>ὀδόντας,</strong></span> <span class='ocrx_word' id='word_1_206' title='bbox 3078 1735 3155 1799; x_wconf 82' lang='grc' dir='ltr'>ὡς</span> <span class='ocrx_word' id='word_1_207' title='bbox 3197 1735 3444 1803; x_wconf 82' lang='grc' dir='ltr'><strong>ἀνάθεμα</strong></span> <span class='ocrx_word' id='word_1_208' title='bbox 3493 1736 3607 1798; x_wconf 82' lang='grc' dir='ltr'>τοῖς</span> <span class='ocrx_word' id='word_1_209' title='bbox 3660 1734 3737 1805; x_wconf 73' lang='grc' dir='ltr'><strong>μὴ</strong></span> 
     </span>
    </p>
   </div>
   <div class='ocr_carea' id='block_1_32' title="bbox 2165 1826 3738 1899">
    <p class='ocr_par' dir='ltr' id='par_1_32' title="bbox 2165 1826 3738 1899">
     <span class='ocr_line' id='line_1_32' title="bbox 2165 1826 3738 1899; baseline 0.001 -21"><span class='ocrx_word' id='word_1_210' title='bbox 2165 1827 2310 1879; x_wconf 87' lang='grc' dir='ltr'><strong>κατά</strong></span> <span class='ocrx_word' id='word_1_211' title='bbox 2361 1828 2459 1896; x_wconf 80' lang='grc' dir='ltr'>τὴν</span> <span class='ocrx_word' id='word_1_212' title='bbox 2487 1827 2707 1899; x_wconf 72' lang='grc' dir='ltr'>ἡμέραν</span> <span class='ocrx_word' id='word_1_213' title='bbox 2752 1828 2853 1897; x_wconf 86' lang='grc' dir='ltr'><strong>τῆς</strong></span> <span class='ocrx_word' id='word_1_214' title='bbox 2898 1826 3158 1890; x_wconf 77' lang='grc' dir='ltr'><strong>ἁλώσεως</strong></span> <span class='ocrx_word' id='word_1_215' title='bbox 3189 1827 3337 1881; x_wconf 85' lang='grc' dir='ltr'>ἀπαν</span> <span class='ocrx_word' id='word_1_216' title='bbox 3370 1827 3431 1881; x_wconf 80' lang='grc' dir='ltr'><strong>τδ</strong></span> <span class='ocrx_word' id='word_1_217' title='bbox 3460 1826 3738 1881; x_wconf 77' lang='grc' dir='ltr'>πολιτικὸν</span> 
     </span>
    </p>
   </div>
   <div class='ocr_carea' id='block_1_33' title="bbox 487 1894 2069 1992">
    <p class='ocr_par' dir='ltr' id='par_1_33' title="bbox 487 1894 2060 1992">
     <span class='ocr_line' id='line_1_33' title="bbox 487 1894 2060 1992; baseline 0.011 -32"><span class='ocrx_word' id='word_1_218' title='bbox 487 1907 571 1961; x_wconf 81' lang='lat' dir='ltr'><strong>Ad</strong></span> <span class='ocrx_word' id='word_1_219' title='bbox 632 1910 763 1977; x_wconf 91' lang='lat' dir='ltr'><strong>quid</strong></span> <span class='ocrx_word' id='word_1_220' title='bbox 815 1913 990 1982; x_wconf 85' lang='lat' dir='ltr'><strong>capita</strong></span> <span class='ocrx_word' id='word_1_221' title='bbox 1047 1916 1247 1971; x_wconf 83' lang='lat' dir='ltr'><strong>talibus</strong></span> <span class='ocrx_word' id='word_1_222' title='bbox 1310 1894 2060 1992; x_wconf 40' lang='lat' dir='ltr'><strong>corporibus&#39;imponuntur?</strong></span> 
     </span>
    </p>
   </div>
   <div class='ocr_carea' id='block_1_34' title="bbox 2170 1894 3739 1992">
    <p class='ocr_par' dir='ltr' id='par_1_34' title="bbox 2170 1894 3739 1988">
     <span class='ocr_line' id='line_1_34' title="bbox 2170 1894 3739 1988; baseline 0 -16"><span class='ocrx_word' id='word_1_223' title='bbox 2170 1894 2571 1988; x_wconf 66' lang='grc' dir='ltr'>κατασφάξωσι,</span> <span class='ocrx_word' id='word_1_224' title='bbox 2606 1894 2717 1974; x_wconf 40' lang='grc' dir='ltr'><strong>’καὶ</strong></span> <span class='ocrx_word' id='word_1_225' title='bbox 2750 1894 2832 1973; x_wconf 78' lang='grc' dir='ltr'><strong>τό·</strong></span> <span class='ocrx_word' id='word_1_226' title='bbox 2871 1919 3027 1973; x_wconf 87' lang='grc' dir='ltr'>Διατί</span> <span class='ocrx_word' id='word_1_227' title='bbox 3059 1919 3294 1986; x_wconf 75' lang='grc' dir='ltr'>κεφαλαὶ</span> <span class='ocrx_word' id='word_1_228' title='bbox 3316 1922 3583 1983; x_wconf 71' lang='grc' dir='ltr'><strong>τοιούτοις</strong></span> <span class='ocrx_word' id='word_1_229' title='bbox 3614 1921 3739 1973; x_wconf 78' lang='grc' dir='ltr'>ἑπι-</span> 
     </span>
    </p>
   </div>
   <div class='ocr_carea' id='block_1_35' title="bbox 496 2001 2061 2070">
    <p class='ocr_par' dir='ltr' id='par_1_35' title="bbox 496 2001 2061 2070">
     <span class='ocr_line' id='line_1_35' title="bbox 496 2001 2061 2070; baseline 0.008 -16"><span class='ocrx_word' id='word_1_230' title='bbox 496 2001 821 2070; x_wconf 79' lang='lat' dir='ltr'><strong>sanguinem</strong></span> <span class='ocrx_word' id='word_1_231' title='bbox 856 2019 1046 2059; x_wconf 84' lang='lat' dir='ltr'><strong>eorum</strong></span> <span class='ocrx_word' id='word_1_232' title='bbox 1102 2022 1227 2061; x_wconf 90' lang='lat' dir='ltr'><strong>cum</strong></span> <span class='ocrx_word' id='word_1_233' title='bbox 1294 2023 1486 2065; x_wconf 88' lang='lat' dir='ltr'><strong>nostro</strong></span> <span class='ocrx_word' id='word_1_234' title='bbox 1513 2028 1619 2066; x_wconf 88' lang='lat' dir='ltr'><strong>non</strong></span> <span class='ocrx_word' id='word_1_235' title='bbox 1659 2028 1778 2069; x_wconf 83' lang='lat' dir='ltr'><strong>esse</strong></span> <span class='ocrx_word' id='word_1_236' title='bbox 1833 2014 2061 2069; x_wconf 85' lang='lat' dir='ltr'><strong>commi-</strong></span> 
     </span>
    </p>
   </div>
   <div class='ocr_carea' id='block_1_36' title="bbox 490 2099 2063 2173">
    <p class='ocr_par' dir='ltr' id='par_1_36' title="bbox 490 2099 2063 2173">
     <span class='ocr_line' id='line_1_36' title="bbox 490 2099 2063 2173; baseline 0.01 -27"><span class='ocrx_word' id='word_1_237' title='bbox 490 2100 672 2159; x_wconf 85' lang='lat' dir='ltr'><strong>stum;</strong></span> <span class='ocrx_word' id='word_1_238' title='bbox 706 2108 888 2164; x_wconf 81' lang='lat' dir='ltr'><strong>regem</strong></span> <span class='ocrx_word' id='word_1_239' title='bbox 924 2111 1027 2150; x_wconf 89' lang='lat' dir='ltr'><strong>non</strong></span> <span class='ocrx_word' id='word_1_240' title='bbox 1059 2111 1181 2153; x_wconf 90' lang='lat' dir='ltr'><strong>esse</strong></span> <span class='ocrx_word' id='word_1_241' title='bbox 1207 2099 1596 2166; x_wconf 81' lang='lat' dir='ltr'><strong>advocaturus,</strong></span> <span class='ocrx_word' id='word_1_242' title='bbox 1640 2104 1848 2173; x_wconf 86' lang='lat' dir='ltr'><strong>hosque</strong></span> <span class='ocrx_word' id='word_1_243' title='bbox 1872 2120 2063 2162; x_wconf 79' lang='lat' dir='ltr'><strong>omnes</strong></span> 
     </span>
    </p>
   </div>
   <div class='ocr_carea' id='block_1_37' title="bbox 489 2187 2066 2257">
    <p class='ocr_par' dir='ltr' id='par_1_37' title="bbox 489 2187 2066 2257">
     <span class='ocr_line' id='line_1_37' title="bbox 489 2187 2066 2257; baseline 0.008 -19"><span class='ocrx_word' id='word_1_244' title='bbox 489 2197 551 2238; x_wconf 85' lang='lat' dir='ltr'><strong>se</strong></span> <span class='ocrx_word' id='word_1_245' title='bbox 587 2197 710 2240; x_wconf 82' lang='lat' dir='ltr'><strong>esse</strong></span> <span class='ocrx_word' id='word_1_246' title='bbox 752 2187 1148 2257; x_wconf 85' lang='lat' dir='ltr'><strong>submissuros,</strong></span> <span class='ocrx_word' id='word_1_247' title='bbox 1201 2189 1424 2248; x_wconf 83' lang='lat' dir='ltr'><strong>Latinos</strong></span> <span class='ocrx_word' id='word_1_248' title='bbox 1460 2209 1585 2248; x_wconf 89' lang='lat' dir='ltr'><strong>vero</strong></span> <span class='ocrx_word' id='word_1_249' title='bbox 1621 2196 1764 2249; x_wconf 88' lang='lat' dir='ltr'><strong>solos</strong></span> <span class='ocrx_word' id='word_1_250' title='bbox 1810 2212 1901 2250; x_wconf 77' lang='lat' dir='ltr'><strong>eos</strong></span> <span class='ocrx_word' id='word_1_251' title='bbox 1942 2213 2066 2252; x_wconf 85' lang='lat' dir='ltr'><strong>esse</strong></span> 
     </span>
    </p>
   </div>
   <div class='ocr_carea' id='block_1_38' title="bbox 489 2280 2065 2349">
    <p class='ocr_par' dir='ltr' id='par_1_38' title="bbox 489 2280 2065 2349">
     <span class='ocr_line' id='line_1_38' title="bbox 489 2280 2065 2349; baseline 0.01 -22"><span class='ocrx_word' id='word_1_252' title='bbox 489 2285 874 2342; x_wconf 72' lang='lat' dir='ltr'><strong>renovaturus,</strong></span> <span class='ocrx_word' id='word_1_253' title='bbox 928 2280 1118 2349; x_wconf 89' lang='lat' dir='ltr'><strong>sicque</strong></span> <span class='ocrx_word' id='word_1_254' title='bbox 1160 2284 1343 2337; x_wconf 83' lang='lat' dir='ltr'><strong>omnia</strong></span> <span class='ocrx_word' id='word_1_255' title='bbox 1379 2284 1514 2338; x_wconf 82' lang='lat' dir='ltr'><strong>bene</strong></span> <span class='ocrx_word' id='word_1_256' title='bbox 1557 2302 1679 2341; x_wconf 66' lang='lat' dir='ltr'><strong>esse</strong></span> <span class='ocrx_word' id='word_1_257' title='bbox 1738 2286 1941 2341; x_wconf 76' lang='lat' dir='ltr'><strong>fututa.</strong></span> <span class='ocrx_word' id='word_1_258' title='bbox 1973 2286 2065 2342; x_wconf 76' lang='lat' dir='ltr'><strong>H.e</strong></span> 
     </span>
    </p>
   </div>
   <div class='ocr_carea' id='block_1_39' title="bbox 489 2371 2066 2447">
    <p class='ocr_par' dir='ltr' id='par_1_39' title="bbox 489 2371 2066 2447">
     <span class='ocr_line' id='line_1_39' title="bbox 489 2371 2066 2447; baseline 0.013 -31"><span class='ocrx_word' id='word_1_259' title='bbox 489 2374 677 2421; x_wconf 85' lang='lat' dir='ltr'><strong>autem</strong></span> <span class='ocrx_word' id='word_1_260' title='bbox 708 2371 1083 2439; x_wconf 84' lang='lat' dir='ltr'><strong>sequebantur</strong></span> <span class='ocrx_word' id='word_1_261' title='bbox 1101 2374 1256 2428; x_wconf 70' lang='lat' dir='ltr'><strong>niinze</strong></span> <span class='ocrx_word' id='word_1_262' title='bbox 1279 2377 1570 2430; x_wconf 82' lang='lat' dir='ltr'><strong>adversum</strong></span> <span class='ocrx_word' id='word_1_263' title='bbox 1596 2393 1716 2443; x_wconf 85' lang='lat' dir='ltr'><strong>nos,</strong></span> <span class='ocrx_word' id='word_1_264' title='bbox 1743 2394 1803 2431; x_wconf 88' lang='lat' dir='ltr'><strong>ac</strong></span> <span class='ocrx_word' id='word_1_265' title='bbox 1821 2397 2066 2447; x_wconf 86' lang='lat' dir='ltr'><strong>unaqua-</strong></span> 
     </span>
    </p>
   </div>
   <div class='ocr_carea' id='block_1_40' title="bbox 489 2460 2063 2535">
    <p class='ocr_par' dir='ltr' id='par_1_40' title="bbox 489 2460 2063 2535">
     <span class='ocr_line' id='line_1_40' title="bbox 489 2460 2063 2535; baseline 0.01 -23"><span class='ocrx_word' id='word_1_266' title='bbox 489 2470 601 2526; x_wconf 88' lang='lat' dir='ltr'><strong>que</strong></span> <span class='ocrx_word' id='word_1_267' title='bbox 654 2460 787 2515; x_wconf 84' lang='lat' dir='ltr'><strong>liora</strong></span> <span class='ocrx_word' id='word_1_268' title='bbox 835 2461 913 2516; x_wconf 89' lang='lat' dir='ltr'><strong>ira</strong></span> <span class='ocrx_word' id='word_1_269' title='bbox 960 2465 1149 2518; x_wconf 88' lang='lat' dir='ltr'><strong>comiti</strong></span> <span class='ocrx_word' id='word_1_270' title='bbox 1195 2466 1621 2535; x_wconf 88' lang='lat' dir='ltr'><strong>inspirabatura</strong></span> <span class='ocrx_word' id='word_1_271' title='bbox 1653 2470 1894 2535; x_wconf 87' lang='lat' dir='ltr'><strong>diabolo,</strong></span> <span class='ocrx_word' id='word_1_272' title='bbox 1936 2474 2063 2526; x_wconf 84' lang='lat' dir='ltr'><strong>dum</strong></span> 
     </span>
    </p>
   </div>
   <div class='ocr_carea' id='block_1_41' title="bbox 489 2550 2067 2624">
    <p class='ocr_par' dir='ltr' id='par_1_41' title="bbox 489 2550 2067 2624">
     <span class='ocr_line' id='line_1_41' title="bbox 489 2550 2067 2624; baseline 0.01 -23"><span class='ocrx_word' id='word_1_273' title='bbox 489 2562 652 2605; x_wconf 83' lang='lat' dir='ltr'><strong>voces</strong></span> <span class='ocrx_word' id='word_1_274' title='bbox 698 2550 814 2607; x_wconf 72' lang='lat' dir='ltr'><strong>haec</strong></span> <span class='ocrx_word' id='word_1_275' title='bbox 854 2554 1174 2610; x_wconf 86' lang='lat' dir='ltr'><strong>audirentur</strong></span> <span class='ocrx_word' id='word_1_276' title='bbox 1211 2572 1226 2610; x_wconf 89' lang='lat'><strong>:</strong></span> <span class='ocrx_word' id='word_1_277' title='bbox 1265 2558 1424 2624; x_wconf 85' lang='lat' dir='ltr'><strong>Cras,</strong></span> <span class='ocrx_word' id='word_1_278' title='bbox 1464 2575 1608 2623; x_wconf 85' lang='lat' dir='ltr'><strong>cras,</strong></span> <span class='ocrx_word' id='word_1_279' title='bbox 1643 2572 1696 2616; x_wconf 90' lang='lat' dir='ltr'><strong>et</strong></span> <span class='ocrx_word' id='word_1_280' title='bbox 1727 2563 1912 2617; x_wconf 87' lang='lat' dir='ltr'><strong>statim</strong></span> <span class='ocrx_word' id='word_1_281' title='bbox 1946 2579 2067 2617; x_wconf 86' lang='lat' dir='ltr'><strong>om-</strong></span> 
     </span>
    </p>
   </div>
   <div class='ocr_carea' id='block_1_42' title="bbox 491 2638 2066 2727">
    <p class='ocr_par' dir='ltr' id='par_1_42' title="bbox 491 2638 2066 2727">
     <span class='ocr_line' id='line_1_42' title="bbox 491 2638 2066 2727; baseline 0.014 -36"><span class='ocrx_word' id='word_1_282' title='bbox 491 2638 581 2692; x_wconf 89' lang='lat' dir='ltr'><strong>nis</strong></span> <span class='ocrx_word' id='word_1_283' title='bbox 609 2638 702 2696; x_wconf 90' lang='lat' dir='ltr'><strong>Dci</strong></span> <span class='ocrx_word' id='word_1_284' title='bbox 738 2642 979 2713; x_wconf 91' lang='lat' dir='ltr'><strong>populus</strong></span> <span class='ocrx_word' id='word_1_285' title='bbox 1013 2644 1319 2704; x_wconf 88' lang='lat' dir='ltr'><strong>nobiscum.</strong></span> <span class='ocrx_word' id='word_1_286' title='bbox 1352 2649 1587 2707; x_wconf 87' lang='lat' dir='ltr'><strong>Necesse</strong></span> <span class='ocrx_word' id='word_1_287' title='bbox 1618 2668 1748 2724; x_wconf 82' lang='lat' dir='ltr'><strong>ergo</strong></span> <span class='ocrx_word' id='word_1_288' title='bbox 1782 2663 1898 2710; x_wconf 82' lang='lat' dir='ltr'><strong>erat</strong></span> <span class='ocrx_word' id='word_1_289' title='bbox 1925 2672 2066 2727; x_wconf 90' lang='lat' dir='ltr'><strong>opus</strong></span> 
     </span>
    </p>
   </div>
   <div class='ocr_carea' id='block_1_43' title="bbox 491 2727 2066 2811">
    <p class='ocr_par' dir='ltr' id='par_1_43' title="bbox 491 2727 2066 2811">
     <span class='ocr_line' id='line_1_43' title="bbox 491 2727 2066 2811; baseline 0.013 -31"><span class='ocrx_word' id='word_1_290' title='bbox 491 2727 671 2782; x_wconf 82' lang='lat' dir='ltr'><strong>facere</strong></span> <span class='ocrx_word' id='word_1_291' title='bbox 733 2745 799 2786; x_wconf 84' lang='lat' dir='ltr'><strong>ac</strong></span> <span class='ocrx_word' id='word_1_292' title='bbox 860 2732 1045 2802; x_wconf 89' lang='lat' dir='ltr'><strong>loqui,</strong></span> <span class='ocrx_word' id='word_1_293' title='bbox 1102 2735 1183 2789; x_wconf 91' lang='lat' dir='ltr'><strong>sic</strong></span> <span class='ocrx_word' id='word_1_294' title='bbox 1229 2752 1449 2807; x_wconf 87' lang='lat' dir='ltr'><strong>quoque</strong></span> <span class='ocrx_word' id='word_1_295' title='bbox 1496 2755 1639 2809; x_wconf 71' lang='lat' dir='ltr'><strong>saepe</strong></span> <span class='ocrx_word' id='word_1_296' title='bbox 1695 2744 1944 2811; x_wconf 80' lang='lat' dir='ltr'><strong>egimus,</strong></span> <span class='ocrx_word' id='word_1_297' title='bbox 1985 2747 2066 2800; x_wconf 91' lang='lat' dir='ltr'><strong>di-</strong></span> 
     </span>
    </p>
   </div>
   <div class='ocr_carea' id='block_1_44' title="bbox 490 2821 2066 2899">
    <p class='ocr_par' dir='ltr' id='par_1_44' title="bbox 490 2821 2066 2899">
     <span class='ocr_line' id='line_1_44' title="bbox 490 2821 2066 2899; baseline 0.011 -28"><span class='ocrx_word' id='word_1_298' title='bbox 490 2832 653 2874; x_wconf 79' lang='lat' dir='ltr'><strong>verso</strong></span> <span class='ocrx_word' id='word_1_299' title='bbox 686 2821 847 2876; x_wconf 90' lang='lat' dir='ltr'><strong>modo</strong></span> <span class='ocrx_word' id='word_1_300' title='bbox 898 2822 1236 2881; x_wconf 83' lang='lat' dir='ltr'><strong>laborantes.</strong></span> <span class='ocrx_word' id='word_1_301' title='bbox 1300 2827 1390 2882; x_wconf 91' lang='lat' dir='ltr'><strong>Dei</strong></span> <span class='ocrx_word' id='word_1_302' title='bbox 1452 2831 1627 2899; x_wconf 79' lang='lat' dir='ltr'><strong>gratia</strong></span> <span class='ocrx_word' id='word_1_303' title='bbox 1662 2832 1762 2887; x_wconf 85' lang='lat' dir='ltr'><strong>hoc</strong></span> <span class='ocrx_word' id='word_1_304' title='bbox 1795 2836 2066 2891; x_wconf 84' lang='lat' dir='ltr'><strong>suadeba-</strong></span> 
     </span>
    </p>
   </div>
   <div class='ocr_carea' id='block_1_45' title="bbox 491 2916 2066 2991">
    <p class='ocr_par' dir='ltr' id='par_1_45' title="bbox 491 2916 2066 2991">
     <span class='ocr_line' id='line_1_45' title="bbox 491 2916 2066 2991; baseline 0.013 -30"><span class='ocrx_word' id='word_1_305' title='bbox 491 2923 615 2963; x_wconf 90' lang='lat' dir='ltr'><strong>mus</strong></span> <span class='ocrx_word' id='word_1_306' title='bbox 644 2925 887 2981; x_wconf 58' lang='lat' dir='ltr'><strong>persaepe</strong></span> <span class='ocrx_word' id='word_1_307' title='bbox 915 2916 1135 2985; x_wconf 82' lang='lat' dir='ltr'><strong>ecquod</strong></span> <span class='ocrx_word' id='word_1_308' title='bbox 1172 2918 1281 2971; x_wconf 83' lang='lat' dir='ltr'><strong>dux</strong></span> <span class='ocrx_word' id='word_1_309' title='bbox 1316 2918 1448 2975; x_wconf 90' lang='lat' dir='ltr'><strong>illuc</strong></span> <span class='ocrx_word' id='word_1_310' title='bbox 1479 2921 1763 2991; x_wconf 87' lang='lat' dir='ltr'><strong>irreperet,</strong></span> <span class='ocrx_word' id='word_1_311' title='bbox 1803 2936 1928 2980; x_wconf 88' lang='lat' dir='ltr'><strong>ante</strong></span> <span class='ocrx_word' id='word_1_312' title='bbox 1958 2942 2066 2981; x_wconf 90' lang='lat' dir='ltr'><strong>non</strong></span> 
     </span>
    </p>
   </div>
   <div class='ocr_carea' id='block_1_46' title="bbox 489 3007 2060 3088">
    <p class='ocr_par' dir='ltr' id='par_1_46' title="bbox 489 3007 2060 3088">
     <span class='ocr_line' id='line_1_46' title="bbox 489 3007 2060 3088; baseline 0.011 -29"><span class='ocrx_word' id='word_1_313' title='bbox 489 3018 591 3062; x_wconf 83' lang='lat' dir='ltr'><strong>nos</strong></span> <span class='ocrx_word' id='word_1_314' title='bbox 616 3007 1051 3077; x_wconf 80' lang='lat' dir='ltr'><strong>produxeramus</strong></span> <span class='ocrx_word' id='word_1_315' title='bbox 1101 3014 1409 3084; x_wconf 87' lang='lat' dir='ltr'><strong>usquedum</strong></span> <span class='ocrx_word' id='word_1_316' title='bbox 1434 3017 1662 3071; x_wconf 84' lang='lat' dir='ltr'><strong>omnino</strong></span> <span class='ocrx_word' id='word_1_317' title='bbox 1694 3020 1884 3074; x_wconf 86' lang='lat' dir='ltr'><strong>mutati</strong></span> <span class='ocrx_word' id='word_1_318' title='bbox 1920 3021 2060 3088; x_wconf 66' lang='lat' dir='ltr'><strong>(haec</strong></span> 
     </span>
    </p>
   </div>
   <div class='ocr_carea' id='block_1_47' title="bbox 490 3097 2064 3180">
    <p class='ocr_par' dir='ltr' id='par_1_47' title="bbox 490 3097 2064 3180">
     <span class='ocr_line' id='line_1_47' title="bbox 490 3097 2064 3180; baseline 0.013 -30"><span class='ocrx_word' id='word_1_319' title='bbox 490 3110 601 3151; x_wconf 90' lang='lat' dir='ltr'><strong>non</strong></span> <span class='ocrx_word' id='word_1_320' title='bbox 631 3097 755 3154; x_wconf 86' lang='lat' dir='ltr'><strong>dico</strong></span> <span class='ocrx_word' id='word_1_321' title='bbox 786 3100 839 3154; x_wconf 89' lang='lat' dir='ltr'><strong>in</strong></span> <span class='ocrx_word' id='word_1_322' title='bbox 893 3102 1204 3170; x_wconf 81' lang='lat' dir='ltr'><strong>liomiliam,</strong></span> <span class='ocrx_word' id='word_1_323' title='bbox 1234 3105 1332 3160; x_wconf 88' lang='lat' dir='ltr'><strong>sed</strong></span> <span class='ocrx_word' id='word_1_324' title='bbox 1370 3104 1425 3159; x_wconf 90' lang='lat' dir='ltr'><strong>in</strong></span> <span class='ocrx_word' id='word_1_325' title='bbox 1460 3109 1807 3180; x_wconf 88' lang='lat' dir='ltr'><strong>concionem)</strong></span> <span class='ocrx_word' id='word_1_326' title='bbox 1842 3127 2064 3170; x_wconf 89' lang='lat' dir='ltr'><strong>causam</strong></span> 
     </span>
    </p>
   </div>
   <div class='ocr_carea' id='block_1_48' title="bbox 2164 2005 3740 2081">
    <p class='ocr_par' dir='ltr' id='par_1_48' title="bbox 2164 2005 3740 2081">
     <span class='ocr_line' id='line_1_48' title="bbox 2164 2005 3740 2081; baseline 0.001 -20"><span class='ocrx_word' id='word_1_327' title='bbox 2164 2009 2431 2078; x_wconf 81' lang='grc' dir='ltr'>κάθηνται</span> <span class='ocrx_word' id='word_1_328' title='bbox 2462 2009 2715 2079; x_wconf 84' lang='grc' dir='ltr'>σώμασι;</span> <span class='ocrx_word' id='word_1_329' title='bbox 2750 2012 2843 2065; x_wconf 75' lang='grc' dir='ltr'>καὶ</span> <span class='ocrx_word' id='word_1_330' title='bbox 2874 2012 2956 2064; x_wconf 78' lang='grc' dir='ltr'>ὅτι</span> <span class='ocrx_word' id='word_1_331' title='bbox 2987 2011 3045 2064; x_wconf 81' lang='grc' dir='ltr'>τὸ</span> <span class='ocrx_word' id='word_1_332' title='bbox 3073 2010 3280 2064; x_wconf 86' lang='grc' dir='ltr'>τούτων</span> <span class='ocrx_word' id='word_1_333' title='bbox 3321 2005 3458 2081; x_wconf 76' lang='grc' dir='ltr'>αἷμα</span> <span class='ocrx_word' id='word_1_334' title='bbox 3484 2011 3544 2064; x_wconf 85' lang='grc' dir='ltr'><strong>οὐ</strong></span> <span class='ocrx_word' id='word_1_335' title='bbox 3595 2010 3740 2064; x_wconf 76' lang='grc' dir='ltr'>ποιεῖ</span> 
     </span>
    </p>
   </div>
   <div class='ocr_carea' id='block_1_49' title="bbox 2167 2088 3742 2173">
    <p class='ocr_par' dir='ltr' id='par_1_49' title="bbox 2167 2088 3742 2173">
     <span class='ocr_line' id='line_1_49' title="bbox 2167 2088 3742 2173; baseline 0.002 -20"><span class='ocrx_word' id='word_1_336' title='bbox 2167 2100 2470 2171; x_wconf 84' lang='grc' dir='ltr'><strong>σύγκρασιν</strong></span> <span class='ocrx_word' id='word_1_337' title='bbox 2520 2100 2656 2172; x_wconf 79' lang='grc' dir='ltr'>πρὸς</span> <span class='ocrx_word' id='word_1_338' title='bbox 2683 2102 2744 2155; x_wconf 83' lang='grc' dir='ltr'>τὸ</span> <span class='ocrx_word' id='word_1_339' title='bbox 2776 2088 3068 2172; x_wconf 72' lang='grc' dir='ltr'>ἡμέτερονο</span> <span class='ocrx_word' id='word_1_340' title='bbox 3111 2104 3204 2156; x_wconf 69' lang='grc' dir='ltr'>καὶ</span> <span class='ocrx_word' id='word_1_341' title='bbox 3239 2103 3321 2156; x_wconf 84' lang='grc' dir='ltr'>ὅτι</span> <span class='ocrx_word' id='word_1_342' title='bbox 3354 2101 3742 2173; x_wconf 82' lang='grc' dir='ltr'>παρακλητεύ-</span> 
     </span>
    </p>
   </div>
   <div class='ocr_carea' id='block_1_50' title="bbox 2168 2184 3739 2264">
    <p class='ocr_par' dir='ltr' id='par_1_50' title="bbox 2168 2184 3739 2264">
     <span class='ocr_line' id='line_1_50' title="bbox 2168 2184 3739 2264; baseline 0.002 -20"><span class='ocrx_word' id='word_1_343' title='bbox 2168 2209 2333 2260; x_wconf 87' lang='grc' dir='ltr'>σομεν</span> <span class='ocrx_word' id='word_1_344' title='bbox 2362 2192 2451 2244; x_wconf 82' lang='grc' dir='ltr'><strong>τὸν</strong></span> <span class='ocrx_word' id='word_1_345' title='bbox 2495 2193 2663 2261; x_wconf 79' lang='grc' dir='ltr'>ρῆγα,</span> <span class='ocrx_word' id='word_1_346' title='bbox 2697 2195 2795 2247; x_wconf 71' lang='grc' dir='ltr'>καλ,</span> <span class='ocrx_word' id='word_1_347' title='bbox 2840 2193 3136 2247; x_wconf 78' lang='grc' dir='ltr'><strong>πεσοῦνται</strong></span> <span class='ocrx_word' id='word_1_348' title='bbox 3175 2193 3274 2264; x_wconf 84' lang='grc' dir='ltr'><strong>μὲν</strong></span> <span class='ocrx_word' id='word_1_349' title='bbox 3326 2194 3528 2256; x_wconf 82' lang='grc' dir='ltr'>πάντες</span> <span class='ocrx_word' id='word_1_350' title='bbox 3567 2184 3739 2257; x_wconf 73' lang='grc' dir='ltr'>οὗτοι,</span> 
     </span>
    </p>
   </div>
   <div class='ocr_carea' id='block_1_51' title="bbox 2166 2283 3744 2354">
    <p class='ocr_par' dir='ltr' id='par_1_51' title="bbox 2166 2283 3744 2354">
     <span class='ocr_line' id='line_1_51' title="bbox 2166 2283 3744 2354; baseline 0 -17"><span class='ocrx_word' id='word_1_351' title='bbox 2166 2283 2765 2352; x_wconf 78' lang='grc' dir='ltr'>ἀντεισοικισθήσονται</span> <span class='ocrx_word' id='word_1_352' title='bbox 2800 2283 2854 2337; x_wconf 86' lang='grc' dir='ltr'>δὲ</span> <span class='ocrx_word' id='word_1_353' title='bbox 2891 2285 3209 2354; x_wconf 84' lang='grc' dir='ltr'><strong>καταμόνας</strong></span> <span class='ocrx_word' id='word_1_354' title='bbox 3246 2284 3491 2346; x_wconf 86' lang='grc' dir='ltr'>Λατῖνοι,</span> <span class='ocrx_word' id='word_1_355' title='bbox 3522 2284 3617 2337; x_wconf 72' lang='grc' dir='ltr'>καὶ</span> <span class='ocrx_word' id='word_1_356' title='bbox 3651 2283 3744 2338; x_wconf 61' lang='grc' dir='ltr'><strong>οὖα</strong></span> 
     </span>
    </p>
   </div>
   <div class='ocr_carea' id='block_1_52' title="bbox 2165 2370 3743 2434">
    <p class='ocr_par' dir='ltr' id='par_1_52' title="bbox 2165 2370 3743 2434">
     <span class='ocr_line' id='line_1_52' title="bbox 2165 2370 3743 2434; baseline 0.001 -11"><span class='ocrx_word' id='word_1_357' title='bbox 2165 2387 2273 2434; x_wconf 89' lang='grc' dir='ltr'><strong>τως</strong></span> <span class='ocrx_word' id='word_1_358' title='bbox 2321 2370 2536 2425; x_wconf 74' lang='grc' dir='ltr'>ἅπαντα</span> <span class='ocrx_word' id='word_1_359' title='bbox 2574 2371 2717 2425; x_wconf 89' lang='grc' dir='ltr'><strong>καλά</strong></span> <span class='ocrx_word' id='word_1_360' title='bbox 2750 2372 2989 2427; x_wconf 73' lang='grc' dir='ltr'>ἔσονται.</span> <span class='ocrx_word' id='word_1_361' title='bbox 3040 2371 3254 2426; x_wconf 81' lang='grc' dir='ltr'>Οὐκοῦν</span> <span class='ocrx_word' id='word_1_362' title='bbox 3304 2372 3588 2427; x_wconf 89' lang='grc' dir='ltr'>ἀκόλουθοι</span> <span class='ocrx_word' id='word_1_363' title='bbox 3616 2372 3743 2427; x_wconf 80' lang='grc' dir='ltr'>τού-</span> 
     </span>
    </p>
   </div>
   <div class='ocr_carea' id='block_1_53' title="bbox 2165 2458 3740 2536">
    <p class='ocr_par' dir='ltr' id='par_1_53' title="bbox 2165 2458 3740 2536">
     <span class='ocr_line' id='line_1_53' title="bbox 2165 2458 3740 2536; baseline 0.004 -23"><span class='ocrx_word' id='word_1_364' title='bbox 2165 2479 2279 2524; x_wconf 87' lang='grc' dir='ltr'><strong>τοις</strong></span> <span class='ocrx_word' id='word_1_365' title='bbox 2325 2460 2547 2515; x_wconf 79' lang='grc' dir='ltr'>ἀπειλαὶ</span> <span class='ocrx_word' id='word_1_366' title='bbox 2577 2462 2700 2516; x_wconf 84' lang='grc' dir='ltr'>καθ’</span> <span class='ocrx_word' id='word_1_367' title='bbox 2733 2463 2896 2533; x_wconf 83' lang='grc' dir='ltr'><strong>ἡμῶν</strong></span> <span class='ocrx_word' id='word_1_368' title='bbox 2926 2464 3020 2517; x_wconf 81' lang='grc' dir='ltr'>καὶ</span> <span class='ocrx_word' id='word_1_369' title='bbox 3053 2464 3293 2536; x_wconf 80' lang='grc' dir='ltr'>ρίπισμα</span> <span class='ocrx_word' id='word_1_370' title='bbox 3319 2466 3441 2518; x_wconf 83' lang='grc' dir='ltr'>δσαι</span> <span class='ocrx_word' id='word_1_371' title='bbox 3467 2458 3609 2535; x_wconf 83' lang='grc' dir='ltr'>ὧραι</span> <span class='ocrx_word' id='word_1_372' title='bbox 3642 2463 3740 2519; x_wconf 80' lang='grc' dir='ltr'><strong>τοῦ</strong></span> 
     </span>
    </p>
   </div>
   <div class='ocr_carea' id='block_1_54' title="bbox 2167 2554 3741 2626">
    <p class='ocr_par' dir='ltr' id='par_1_54' title="bbox 2167 2554 3741 2626">
     <span class='ocr_line' id='line_1_54' title="bbox 2167 2554 3741 2626; baseline 0.002 -19"><span class='ocrx_word' id='word_1_373' title='bbox 2167 2554 2311 2608; x_wconf 88' lang='grc' dir='ltr'><strong>κατά</strong></span> <span class='ocrx_word' id='word_1_374' title='bbox 2351 2556 2445 2607; x_wconf 84' lang='grc' dir='ltr'>τὸν</span> <span class='ocrx_word' id='word_1_375' title='bbox 2500 2555 2720 2625; x_wconf 84' lang='grc' dir='ltr'>κόμητα</span> <span class='ocrx_word' id='word_1_376' title='bbox 2763 2555 2937 2623; x_wconf 86' lang='grc' dir='ltr'>θυμοῦ</span> <span class='ocrx_word' id='word_1_377' title='bbox 2979 2557 3043 2609; x_wconf 81' lang='grc' dir='ltr'><strong>ἐκ</strong></span> <span class='ocrx_word' id='word_1_378' title='bbox 3084 2556 3363 2624; x_wconf 76' lang='grc' dir='ltr'>διαϐολῶν,</span> <span class='ocrx_word' id='word_1_379' title='bbox 3393 2557 3489 2612; x_wconf 73' lang='grc' dir='ltr'><strong>καὶ</strong></span> <span class='ocrx_word' id='word_1_380' title='bbox 3517 2557 3741 2626; x_wconf 81' lang='grc' dir='ltr'><strong>ἀναφώ-</strong></span> 
     </span>
    </p>
   </div>
   <div class='ocr_carea' id='block_1_55' title="bbox 2169 2645 3744 2720">
    <p class='ocr_par' dir='ltr' id='par_1_55' title="bbox 2169 2645 3744 2720">
     <span class='ocr_line' id='line_1_55' title="bbox 2169 2645 3744 2720; baseline 0.004 -22"><span class='ocrx_word' id='word_1_381' title='bbox 2169 2661 2327 2715; x_wconf 79' lang='grc' dir='ltr'>νηστς</span> <span class='ocrx_word' id='word_1_382' title='bbox 2360 2645 2469 2699; x_wconf 83' lang='grc' dir='ltr'><strong>τῶν</strong></span> <span class='ocrx_word' id='word_1_383' title='bbox 2502 2645 2962 2701; x_wconf 73' lang='grc' dir='ltr'>ἑνδιαὸαλλόντων</span> <span class='ocrx_word' id='word_1_384' title='bbox 3005 2648 3086 2701; x_wconf 76' lang='grc' dir='ltr'><strong>τόο</strong></span> <span class='ocrx_word' id='word_1_385' title='bbox 3129 2647 3353 2719; x_wconf 70' lang='grc' dir='ltr'>Αὔριον,</span> <span class='ocrx_word' id='word_1_386' title='bbox 3404 2649 3613 2720; x_wconf 78' lang='grc' dir='ltr'>αὔριον,</span> <span class='ocrx_word' id='word_1_387' title='bbox 3645 2652 3744 2704; x_wconf 79' lang='grc' dir='ltr'>καὶ</span> 
     </span>
    </p>
   </div>
   <div class='ocr_carea' id='block_1_56' title="bbox 2167 2736 3744 2813">
    <p class='ocr_par' dir='ltr' id='par_1_56' title="bbox 2167 2736 3744 2813">
     <span class='ocr_line' id='line_1_56' title="bbox 2167 2736 3744 2813; baseline 0.002 -21"><span class='ocrx_word' id='word_1_388' title='bbox 2167 2740 2195 2792; x_wconf 90' lang='grc' dir='ltr'>ό</span> <span class='ocrx_word' id='word_1_389' title='bbox 2226 2737 2321 2793; x_wconf 83' lang='grc' dir='ltr'><strong>τοῦ</strong></span> <span class='ocrx_word' id='word_1_390' title='bbox 2376 2737 2512 2791; x_wconf 81' lang='grc' dir='ltr'>Θεοῦ</span> <span class='ocrx_word' id='word_1_391' title='bbox 2560 2737 2690 2803; x_wconf 79' lang='grc' dir='ltr'>λαὸς</span> <span class='ocrx_word' id='word_1_392' title='bbox 2752 2738 2897 2802; x_wconf 84' lang='grc' dir='ltr'>ἀπας</span> <span class='ocrx_word' id='word_1_393' title='bbox 2949 2739 3111 2803; x_wconf 81' lang='grc' dir='ltr'>εὐθὺς</span> <span class='ocrx_word' id='word_1_394' title='bbox 3163 2741 3291 2809; x_wconf 77' lang='grc' dir='ltr'>περὶ</span> <span class='ocrx_word' id='word_1_395' title='bbox 3333 2741 3501 2812; x_wconf 77' lang='grc' dir='ltr'>ἡμᾶς.</span> <span class='ocrx_word' id='word_1_396' title='bbox 3536 2741 3647 2794; x_wconf 78' lang='lat' dir='ltr'><strong>Kal.</strong></span> <span class='ocrx_word' id='word_1_397' title='bbox 3673 2736 3744 2813; x_wconf 76' lang='grc' dir='ltr'><strong>ἦν</strong></span> 
     </span>
    </p>
   </div>
   <div class='ocr_carea' id='block_1_57' title="bbox 2169 2827 3843 2901">
    <p class='ocr_par' dir='ltr' id='par_1_57' title="bbox 2169 2827 3843 2901">
     <span class='ocr_line' id='line_1_57' title="bbox 2169 2827 3843 2901; baseline 0.002 -20"><span class='ocrx_word' id='word_1_398' title='bbox 2169 2828 2382 2899; x_wconf 85' lang='grc' dir='ltr'><strong>ἀνάγκη</strong></span> <span class='ocrx_word' id='word_1_399' title='bbox 2438 2830 2636 2900; x_wconf 84' lang='grc' dir='ltr'>κοπιᾷν</span> <span class='ocrx_word' id='word_1_400' title='bbox 2685 2830 2778 2883; x_wconf 71' lang='grc' dir='ltr'><strong>καὶ</strong></span> <span class='ocrx_word' id='word_1_401' title='bbox 2819 2828 3040 2884; x_wconf 77' lang='grc' dir='ltr'>λαλεῖν·</span> <span class='ocrx_word' id='word_1_402' title='bbox 3101 2830 3197 2884; x_wconf 76' lang='grc' dir='ltr'><strong>καὶ</strong></span> <span class='ocrx_word' id='word_1_403' title='bbox 3252 2830 3546 2901; x_wconf 65' lang='grc' dir='ltr'>ἐποιοῦμεν</span> <span class='ocrx_word' id='word_1_404' title='bbox 3597 2827 3743 2887; x_wconf 76' lang='grc' dir='ltr'><strong>οὕτω</strong></span> <span class='ocrx_word' id='word_1_405' title='bbox 3835 2878 3843 2885; x_wconf 92' lang='grc'><strong>.</strong></span> 
     </span>
    </p>
   </div>
   <div class='ocr_carea' id='block_1_58' title="bbox 2172 2920 3745 2994">
    <p class='ocr_par' dir='ltr' id='par_1_58' title="bbox 2172 2920 3745 2994">
     <span class='ocr_line' id='line_1_58' title="bbox 2172 2920 3745 2994; baseline 0.002 -22"><span class='ocrx_word' id='word_1_406' title='bbox 2172 2920 2363 2990; x_wconf 84' lang='grc' dir='ltr'>συχνὰ,</span> <span class='ocrx_word' id='word_1_407' title='bbox 2424 2920 2785 2993; x_wconf 82' lang='grc' dir='ltr'><strong>πολυτρόπως</strong></span> <span class='ocrx_word' id='word_1_408' title='bbox 2840 2923 3190 2993; x_wconf 76' lang='grc' dir='ltr'>πονούμενοι.</span> <span class='ocrx_word' id='word_1_409' title='bbox 3243 2923 3354 2978; x_wconf 72' lang='grc' dir='ltr'><strong>Καὶ</strong></span> <span class='ocrx_word' id='word_1_410' title='bbox 3408 2922 3542 2977; x_wconf 76' lang='grc' dir='ltr'>Θεοῦ</span> <span class='ocrx_word' id='word_1_411' title='bbox 3581 2941 3745 2994; x_wconf 81' lang='grc' dir='ltr'><strong>χαρι-</strong></span> 
     </span>
    </p>
   </div>
   <div class='ocr_carea' id='block_1_59' title="bbox 2170 3010 3742 3079">
    <p class='ocr_par' dir='ltr' id='par_1_59' title="bbox 2170 3010 3742 3079">
     <span class='ocr_line' id='line_1_59' title="bbox 2170 3010 3742 3079; baseline 0.003 -16"><span class='ocrx_word' id='word_1_412' title='bbox 2170 3010 2390 3075; x_wconf 82' lang='grc' dir='ltr'>τοῦντος</span> <span class='ocrx_word' id='word_1_413' title='bbox 2434 3012 2727 3079; x_wconf 81' lang='grc' dir='ltr'>ὲπείθομεν</span> <span class='ocrx_word' id='word_1_414' title='bbox 2759 3016 2854 3066; x_wconf 79' lang='grc' dir='ltr'>καὶ</span> <span class='ocrx_word' id='word_1_415' title='bbox 2882 3014 3043 3069; x_wconf 81' lang='grc' dir='ltr'><strong>τοῦτο</strong></span> <span class='ocrx_word' id='word_1_416' title='bbox 3079 3015 3396 3078; x_wconf 84' lang='grc' dir='ltr'><strong>πλειστάκις</strong></span> <span class='ocrx_word' id='word_1_417' title='bbox 3428 3014 3517 3068; x_wconf 85' lang='grc' dir='ltr'><strong>διὰ</strong></span> <span class='ocrx_word' id='word_1_418' title='bbox 3561 3014 3621 3069; x_wconf 79' lang='grc' dir='ltr'>τὸ</span> <span class='ocrx_word' id='word_1_419' title='bbox 3650 3015 3742 3068; x_wconf 73' lang='grc' dir='ltr'><strong>τὸν</strong></span> 
     </span>
    </p>
   </div>
   <div class='ocr_carea' id='block_1_60' title="bbox 2171 3105 3740 3178">
    <p class='ocr_par' dir='ltr' id='par_1_60' title="bbox 2171 3105 3740 3178">
     <span class='ocr_line' id='line_1_60' title="bbox 2171 3105 3740 3178; baseline -0.001 -18"><span class='ocrx_word' id='word_1_420' title='bbox 2171 3105 2409 3176; x_wconf 76' lang='grc' dir='ltr'>ἄρχοντα</span> <span class='ocrx_word' id='word_1_421' title='bbox 2459 3107 2650 3176; x_wconf 81' lang='grc' dir='ltr'>ῥέπειν</span> <span class='ocrx_word' id='word_1_422' title='bbox 2692 3108 2903 3160; x_wconf 72' lang='grc' dir='ltr'>ἐκεῖσεο</span> <span class='ocrx_word' id='word_1_423' title='bbox 2944 3106 3039 3160; x_wconf 80' lang='grc' dir='ltr'>καὶ</span> <span class='ocrx_word' id='word_1_424' title='bbox 3092 3108 3151 3160; x_wconf 86' lang='grc' dir='ltr'>ού</span> <span class='ocrx_word' id='word_1_425' title='bbox 3188 3109 3383 3178; x_wconf 85' lang='grc' dir='ltr'>πρώην</span> <span class='ocrx_word' id='word_1_426' title='bbox 3430 3105 3740 3177; x_wconf 82' lang='grc' dir='ltr'>ἀνήκαμεν,</span> 
     </span>
    </p>
   </div>
   <div class='ocr_carea' id='block_1_61' title="bbox 493 3187 2069 3281">
    <p class='ocr_par' dir='ltr' id='par_1_61' title="bbox 493 3187 2063 3256">
     <span class='ocr_line' id='line_1_61' title="bbox 493 3187 2063 3256; baseline 0.01 -18"><span class='ocrx_word' id='word_1_427' title='bbox 493 3195 742 3242; x_wconf 88' lang='lat' dir='ltr'><strong>nostram</strong></span> <span class='ocrx_word' id='word_1_428' title='bbox 773 3187 1228 3256; x_wconf 74' lang='lat' dir='ltr'><strong>defendebamus,</strong></span> <span class='ocrx_word' id='word_1_429' title='bbox 1281 3209 1388 3247; x_wconf 88' lang='lat' dir='ltr'><strong>non</strong></span> <span class='ocrx_word' id='word_1_430' title='bbox 1420 3193 1735 3251; x_wconf 80' lang='lat' dir='ltr'><strong>adulatione</strong></span> <span class='ocrx_word' id='word_1_431' title='bbox 1772 3198 2063 3254; x_wconf 86' lang='lat' dir='ltr'><strong>abstinen-</strong></span> 
     </span>
    </p>
   </div>
   <div class='ocr_carea' id='block_1_62' title="bbox 2170 3187 3747 3281">
    <p class='ocr_par' dir='ltr' id='par_1_62' title="bbox 2174 3197 3747 3270">
     <span class='ocr_line' id='line_1_62' title="bbox 2174 3197 3747 3270; baseline 0.001 -20"><span class='ocrx_word' id='word_1_432' title='bbox 2174 3197 2279 3261; x_wconf 72' lang='grc' dir='ltr'>ἕως</span> <span class='ocrx_word' id='word_1_433' title='bbox 2322 3197 2384 3251; x_wconf 85' lang='grc' dir='ltr'>τδ</span> <span class='ocrx_word' id='word_1_434' title='bbox 2418 3198 2728 3252; x_wconf 87' lang='grc' dir='ltr'>τελευταῖον</span> <span class='ocrx_word' id='word_1_435' title='bbox 2786 3201 3033 3252; x_wconf 86' lang='grc' dir='ltr'><strong>παντοῖοι</strong></span> <span class='ocrx_word' id='word_1_436' title='bbox 3064 3199 3147 3270; x_wconf 85' lang='grc' dir='ltr'><strong>(οὐ</strong></span> <span class='ocrx_word' id='word_1_437' title='bbox 3184 3199 3328 3268; x_wconf 83' lang='grc' dir='ltr'>λέγω</span> <span class='ocrx_word' id='word_1_438' title='bbox 3369 3199 3441 3253; x_wconf 79' lang='grc' dir='ltr'><strong>τὰ</strong></span> <span class='ocrx_word' id='word_1_439' title='bbox 3492 3200 3575 3261; x_wconf 84' lang='grc' dir='ltr'><strong>είς</strong></span> <span class='ocrx_word' id='word_1_440' title='bbox 3623 3200 3747 3269; x_wconf 81' lang='grc' dir='ltr'>ὁμι-</span> 
     </span>
    </p>
   </div>
   <div class='ocr_carea' id='block_1_63' title="bbox 492 3285 2071 3359">
    <p class='ocr_par' dir='ltr' id='par_1_63' title="bbox 492 3285 2071 3359">
     <span class='ocr_line' id='line_1_63' title="bbox 492 3285 2071 3359; baseline 0.01 -27"><span class='ocrx_word' id='word_1_441' title='bbox 492 3286 605 3359; x_wconf 71' lang='lat' dir='ltr'><strong>tes,</strong></span> <span class='ocrx_word' id='word_1_442' title='bbox 650 3294 959 3336; x_wconf 87' lang='lat' dir='ltr'><strong>sermonem</strong></span> <span class='ocrx_word' id='word_1_443' title='bbox 1012 3293 1190 3338; x_wconf 87' lang='lat' dir='ltr'><strong>autem</strong></span> <span class='ocrx_word' id='word_1_444' title='bbox 1224 3285 1533 3355; x_wconf 88' lang='lat' dir='ltr'><strong>jucundum</strong></span> <span class='ocrx_word' id='word_1_445' title='bbox 1575 3286 1898 3354; x_wconf 79' lang='lat' dir='ltr'><strong>cﬂicientes,</strong></span> <span class='ocrx_word' id='word_1_446' title='bbox 1934 3291 2071 3348; x_wconf 89' lang='lat' dir='ltr'><strong>dure</strong></span> 
     </span>
    </p>
   </div>
   <div class='ocr_carea' id='block_1_64' title="bbox 491 3373 2073 3448">
    <p class='ocr_par' dir='ltr' id='par_1_64' title="bbox 491 3373 2073 3448">
     <span class='ocr_line' id='line_1_64' title="bbox 491 3373 2073 3448; baseline 0.011 -26"><span class='ocrx_word' id='word_1_447' title='bbox 491 3379 670 3426; x_wconf 90' lang='lat' dir='ltr'><strong>tamen</strong></span> <span class='ocrx_word' id='word_1_448' title='bbox 694 3373 897 3442; x_wconf 85' lang='lat' dir='ltr'><strong>aliquid</strong></span> <span class='ocrx_word' id='word_1_449' title='bbox 930 3374 1197 3442; x_wconf 87' lang='lat' dir='ltr'><strong>dicentes,</strong></span> <span class='ocrx_word' id='word_1_450' title='bbox 1254 3379 1537 3448; x_wconf 91' lang='lat' dir='ltr'><strong>querendo</strong></span> <span class='ocrx_word' id='word_1_451' title='bbox 1564 3382 1632 3435; x_wconf 92' lang='lat' dir='ltr'><strong>de</strong></span> <span class='ocrx_word' id='word_1_452' title='bbox 1660 3384 1951 3439; x_wconf 89' lang='lat' dir='ltr'><strong>atrocitate</strong></span> <span class='ocrx_word' id='word_1_453' title='bbox 1976 3400 2073 3439; x_wconf 91' lang='lat' dir='ltr'><strong>oc-</strong></span> 
     </span>
    </p>
   </div>
   <div class='ocr_carea' id='block_1_65' title="bbox 491 3464 2074 3545">
    <p class='ocr_par' dir='ltr' id='par_1_65' title="bbox 491 3464 2074 3545">
     <span class='ocr_line' id='line_1_65' title="bbox 491 3464 2074 3545; baseline 0.01 -29"><span class='ocrx_word' id='word_1_454' title='bbox 491 3464 805 3529; x_wconf 80' lang='lat' dir='ltr'><strong>cupationis</strong></span> <span class='ocrx_word' id='word_1_455' title='bbox 835 3468 1183 3534; x_wconf 86' lang='lat' dir='ltr'><strong>Latinorum,</strong></span> <span class='ocrx_word' id='word_1_456' title='bbox 1229 3472 1546 3527; x_wconf 83' lang='lat' dir='ltr'><strong>extollendo</strong></span> <span class='ocrx_word' id='word_1_457' title='bbox 1600 3490 1729 3530; x_wconf 91' lang='lat' dir='ltr'><strong>vero</strong></span> <span class='ocrx_word' id='word_1_458' title='bbox 1766 3487 2074 3545; x_wconf 83' lang='lat' dir='ltr'><strong>opportune</strong></span> 
     </span>
    </p>
   </div>
   <div class='ocr_carea' id='block_1_66' title="bbox 493 3554 2074 3629">
    <p class='ocr_par' dir='ltr' id='par_1_66' title="bbox 493 3554 2074 3629">
     <span class='ocr_line' id='line_1_66' title="bbox 493 3554 2074 3629; baseline 0.011 -23"><span class='ocrx_word' id='word_1_459' title='bbox 493 3554 710 3610; x_wconf 82' lang='lat' dir='ltr'><strong>laudem</strong></span> <span class='ocrx_word' id='word_1_460' title='bbox 776 3556 1382 3629; x_wconf 80' lang='lat' dir='ltr'><strong>Tltessalonieensium,</strong></span> <span class='ocrx_word' id='word_1_461' title='bbox 1438 3566 1538 3620; x_wconf 86' lang='lat' dir='ltr'><strong>IIOS</strong></span> <span class='ocrx_word' id='word_1_462' title='bbox 1606 3581 1889 3623; x_wconf 89' lang='lat' dir='ltr'><strong>sermones</strong></span> <span class='ocrx_word' id='word_1_463' title='bbox 1934 3570 2074 3624; x_wconf 83' lang='lat' dir='ltr'><strong>titul-</strong></span> 
     </span>
    </p>
   </div>
   <div class='ocr_carea' id='block_1_67' title="bbox 493 3644 2075 3717">
    <p class='ocr_par' dir='ltr' id='par_1_67' title="bbox 493 3644 2075 3717">
     <span class='ocr_line' id='line_1_67' title="bbox 493 3644 2075 3717; baseline 0.013 -21"><span class='ocrx_word' id='word_1_464' title='bbox 493 3644 744 3702; x_wconf 87' lang='lat' dir='ltr'><strong>til&#39;ormes</strong></span> <span class='ocrx_word' id='word_1_465' title='bbox 807 3651 1033 3704; x_wconf 80' lang='lat' dir='ltr'><strong>Omnino</strong></span> <span class='ocrx_word' id='word_1_466' title='bbox 1096 3654 1498 3710; x_wconf 67' lang='lat' dir='ltr'><strong>cont-inuentes</strong></span> <span class='ocrx_word' id='word_1_467' title='bbox 1562 3659 2075 3717; x_wconf 82' lang='lat' dir='ltr'><strong>accommodantes-</strong></span> 
     </span>
    </p>
   </div>
   <div class='ocr_carea' id='block_1_68' title="bbox 493 3740 2074 3806">
    <p class='ocr_par' dir='ltr' id='par_1_68' title="bbox 493 3740 2074 3806">
     <span class='ocr_line' id='line_1_68' title="bbox 493 3740 2074 3806; baseline 0.011 -18"><span class='ocrx_word' id='word_1_468' title='bbox 493 3751 602 3803; x_wconf 87' lang='lat' dir='ltr'><strong>que</strong></span> <span class='ocrx_word' id='word_1_469' title='bbox 649 3740 881 3795; x_wconf 84' lang='lat' dir='ltr'><strong>rudibus</strong></span> <span class='ocrx_word' id='word_1_470' title='bbox 922 3741 1263 3806; x_wconf 69' lang='lat' dir='ltr'><strong>luminibus.</strong></span> <span class='ocrx_word' id='word_1_471' title='bbox 1300 3746 1373 3798; x_wconf 90' lang='lat' dir='ltr'><strong>ita</strong></span> <span class='ocrx_word' id='word_1_472' title='bbox 1400 3755 1457 3800; x_wconf 93' lang='lat' dir='ltr'><strong>ut</strong></span> <span class='ocrx_word' id='word_1_473' title='bbox 1485 3761 1609 3802; x_wconf 85' lang='lat' dir='ltr'><strong>cum</strong></span> <span class='ocrx_word' id='word_1_474' title='bbox 1649 3750 1912 3805; x_wconf 78' lang='lat' dir='ltr'><strong>cautione</strong></span> <span class='ocrx_word' id='word_1_475' title='bbox 1939 3753 2074 3805; x_wconf 89' lang='lat' dir='ltr'><strong>scri-</strong></span> 
     </span>
    </p>
   </div>
   <div class='ocr_carea' id='block_1_69' title="bbox 494 3827 2070 3905">
    <p class='ocr_par' dir='ltr' id='par_1_69' title="bbox 494 3827 2070 3905">
     <span class='ocr_line' id='line_1_69' title="bbox 494 3827 2070 3905; baseline 0.013 -30"><span class='ocrx_word' id='word_1_476' title='bbox 494 3827 669 3897; x_wconf 85' lang='lat' dir='ltr'><strong>ptoris</strong></span> <span class='ocrx_word' id='word_1_477' title='bbox 701 3831 1174 3899; x_wconf 88' lang='lat' dir='ltr'><strong>convinceremus,</strong></span> <span class='ocrx_word' id='word_1_478' title='bbox 1206 3837 1668 3905; x_wconf 81' lang='lat' dir='ltr'><strong>vituperaremus,</strong></span> <span class='ocrx_word' id='word_1_479' title='bbox 1713 3854 1776 3894; x_wconf 88' lang='lat' dir='ltr'><strong>ac</strong></span> <span class='ocrx_word' id='word_1_480' title='bbox 1811 3841 2070 3897; x_wconf 79' lang='lat' dir='ltr'><strong>exhorta-</strong></span> 
     </span>
    </p>
   </div>
   <div class='ocr_carea' id='block_1_70' title="bbox 494 3920 2073 3997">
    <p class='ocr_par' dir='ltr' id='par_1_70' title="bbox 494 3920 2073 3997">
     <span class='ocr_line' id='line_1_70' title="bbox 494 3920 2073 3997; baseline 0.011 -26"><span class='ocrx_word' id='word_1_481' title='bbox 494 3932 683 3972; x_wconf 89' lang='lat' dir='ltr'><strong>remnr</strong></span> <span class='ocrx_word' id='word_1_482' title='bbox 710 3920 852 3988; x_wconf 77' lang='lat' dir='ltr'><strong>illos,</strong></span> <span class='ocrx_word' id='word_1_483' title='bbox 890 3925 983 3993; x_wconf 90' lang='lat' dir='ltr'><strong>qui</strong></span> <span class='ocrx_word' id='word_1_484' title='bbox 1017 3934 1263 3995; x_wconf 90' lang='lat' dir='ltr'><strong>tempore</strong></span> <span class='ocrx_word' id='word_1_485' title='bbox 1314 3931 1466 3997; x_wconf 79' lang='lat' dir='ltr'><strong>pacis</strong></span> <span class='ocrx_word' id='word_1_486' title='bbox 1505 3946 1571 3983; x_wconf 85' lang='lat' dir='ltr'><strong>ex</strong></span> <span class='ocrx_word' id='word_1_487' title='bbox 1604 3933 1813 3987; x_wconf 88' lang='lat' dir='ltr'><strong>nostris</strong></span> <span class='ocrx_word' id='word_1_488' title='bbox 1849 3935 2073 3990; x_wconf 90' lang='lat' dir='ltr'><strong>monitis</strong></span> 
     </span>
    </p>
   </div>
   <div class='ocr_carea' id='block_1_71' title="bbox 495 4007 2073 4094">
    <p class='ocr_par' dir='ltr' id='par_1_71' title="bbox 495 4007 2073 4094">
     <span class='ocr_line' id='line_1_71' title="bbox 495 4007 2073 4094; baseline 0.014 -34"><span class='ocrx_word' id='word_1_489' title='bbox 495 4007 676 4076; x_wconf 72' lang='lat' dir='ltr'><strong>ignavi</strong></span> <span class='ocrx_word' id='word_1_490' title='bbox 734 4010 955 4067; x_wconf 83' lang='lat' dir='ltr'><strong>fuerant</strong></span> <span class='ocrx_word' id='word_1_491' title='bbox 998 4016 1051 4068; x_wconf 90' lang='lat' dir='ltr'><strong>in</strong></span> <span class='ocrx_word' id='word_1_492' title='bbox 1091 4016 1461 4086; x_wconf 88' lang='lat' dir='ltr'><strong>adimpleudis</strong></span> <span class='ocrx_word' id='word_1_493' title='bbox 1518 4020 1733 4091; x_wconf 77' lang='lat' dir='ltr'><strong>integre</strong></span> <span class='ocrx_word' id='word_1_494' title='bbox 1785 4026 2073 4094; x_wconf 80' lang='lat' dir='ltr'><strong>praeceptis</strong></span> 
     </span>
    </p>
   </div>
   <div class='ocr_carea' id='block_1_72' title="bbox 494 4102 2074 4178">
    <p class='ocr_par' dir='ltr' id='par_1_72' title="bbox 494 4102 2074 4178">
     <span class='ocr_line' id='line_1_72' title="bbox 494 4102 2074 4178; baseline 0.012 -24"><span class='ocrx_word' id='word_1_495' title='bbox 494 4102 847 4172; x_wconf 81' lang='lat' dir='ltr'><strong>evangelicis,</strong></span> <span class='ocrx_word' id='word_1_496' title='bbox 888 4121 956 4160; x_wconf 89' lang='lat' dir='ltr'><strong>ne</strong></span> <span class='ocrx_word' id='word_1_497' title='bbox 1016 4106 1173 4161; x_wconf 86' lang='lat' dir='ltr'><strong>inviti</strong></span> <span class='ocrx_word' id='word_1_498' title='bbox 1209 4121 1550 4178; x_wconf 89' lang='lat' dir='ltr'><strong>pateremur,</strong></span> <span class='ocrx_word' id='word_1_499' title='bbox 1597 4114 1775 4169; x_wconf 92' lang='lat' dir='ltr'><strong>virum</strong></span> <span class='ocrx_word' id='word_1_500' title='bbox 1818 4115 2074 4172; x_wconf 80' lang='lat' dir='ltr'><strong>ﬁrmave-</strong></span> 
     </span>
    </p>
   </div>
   <div class='ocr_carea' id='block_1_73' title="bbox 495 4199 2073 4273">
    <p class='ocr_par' dir='ltr' id='par_1_73' title="bbox 495 4199 2073 4273">
     <span class='ocr_line' id='line_1_73' title="bbox 495 4199 2073 4273; baseline 0.013 -30"><span class='ocrx_word' id='word_1_501' title='bbox 495 4205 703 4257; x_wconf 88' lang='lat' dir='ltr'><strong>ramus,</strong></span> <span class='ocrx_word' id='word_1_502' title='bbox 738 4209 976 4267; x_wconf 87' lang='lat' dir='ltr'><strong>cumque</strong></span> <span class='ocrx_word' id='word_1_503' title='bbox 1010 4199 1242 4255; x_wconf 80' lang='lat' dir='ltr'><strong>ﬁrmiter</strong></span> <span class='ocrx_word' id='word_1_504' title='bbox 1277 4204 1560 4260; x_wconf 87' lang='lat' dir='ltr'><strong>stabilitus</strong></span> <span class='ocrx_word' id='word_1_505' title='bbox 1588 4206 1808 4273; x_wconf 82' lang='lat' dir='ltr'><strong>fuisset,</strong></span> <span class='ocrx_word' id='word_1_506' title='bbox 1840 4208 2073 4263; x_wconf 77' lang='lat' dir='ltr'><strong>adduxi-</strong></span> 
     </span>
    </p>
   </div>
   <div class='ocr_carea' id='block_1_74' title="bbox 494 4285 2072 4366">
    <p class='ocr_par' dir='ltr' id='par_1_74' title="bbox 494 4285 2072 4366">
     <span class='ocr_line' id='line_1_74' title="bbox 494 4285 2072 4366; baseline 0.012 -30"><span class='ocrx_word' id='word_1_507' title='bbox 494 4296 621 4338; x_wconf 86' lang='lat' dir='ltr'><strong>mus</strong></span> <span class='ocrx_word' id='word_1_508' title='bbox 653 4285 719 4340; x_wconf 91' lang='lat' dir='ltr'><strong>ad</strong></span> <span class='ocrx_word' id='word_1_509' title='bbox 743 4285 1068 4357; x_wconf 89' lang='lat' dir='ltr'><strong>jurandum,</strong></span> <span class='ocrx_word' id='word_1_510' title='bbox 1096 4294 1353 4363; x_wconf 90' lang='lat' dir='ltr'><strong>equidem</strong></span> <span class='ocrx_word' id='word_1_511' title='bbox 1382 4294 1495 4366; x_wconf 80' lang='lat' dir='ltr'><strong>jam</strong></span> <span class='ocrx_word' id='word_1_512' title='bbox 1529 4312 1637 4352; x_wconf 89' lang='lat' dir='ltr'><strong>non</strong></span> <span class='ocrx_word' id='word_1_513' title='bbox 1670 4309 1879 4353; x_wconf 90' lang='lat' dir='ltr'><strong>metum</strong></span> <span class='ocrx_word' id='word_1_514' title='bbox 1908 4301 2072 4356; x_wconf 78' lang='lat' dir='ltr'><strong>caedis</strong></span> 
     </span>
    </p>
   </div>
   <div class='ocr_carea' id='block_1_75' title="bbox 492 4375 2072 4448">
    <p class='ocr_par' dir='ltr' id='par_1_75' title="bbox 492 4375 2072 4448">
     <span class='ocr_line' id='line_1_75' title="bbox 492 4375 2072 4448; baseline 0.016 -25"><span class='ocrx_word' id='word_1_515' title='bbox 492 4375 579 4429; x_wconf 81' lang='lat' dir='ltr'><strong>vel</strong></span> <span class='ocrx_word' id='word_1_516' title='bbox 615 4375 839 4434; x_wconf 86' lang='lat' dir='ltr'><strong>alterius</strong></span> <span class='ocrx_word' id='word_1_517' title='bbox 868 4382 996 4436; x_wconf 87' lang='lat' dir='ltr'><strong>mali</strong></span> <span class='ocrx_word' id='word_1_518' title='bbox 1028 4384 1207 4439; x_wconf 88' lang='lat' dir='ltr'><strong>victos</strong></span> <span class='ocrx_word' id='word_1_519' title='bbox 1235 4386 1662 4443; x_wconf 82' lang='lat' dir='ltr'><strong>sollieitaturum</strong></span> <span class='ocrx_word' id='word_1_520' title='bbox 1689 4405 1834 4446; x_wconf 89' lang='lat' dir='ltr'><strong>esse.</strong></span> <span class='ocrx_word' id='word_1_521' title='bbox 1870 4390 2072 4448; x_wconf 89' lang='lat' dir='ltr'><strong>Deinde</strong></span> 
     </span>
    </p>
   </div>
   <div class='ocr_carea' id='block_1_76' title="bbox 492 4467 2070 4543">
    <p class='ocr_par' dir='ltr' id='par_1_76' title="bbox 492 4467 2070 4543">
     <span class='ocr_line' id='line_1_76' title="bbox 492 4467 2070 4543; baseline 0.011 -24"><span class='ocrx_word' id='word_1_522' title='bbox 492 4467 807 4535; x_wconf 89' lang='lat' dir='ltr'><strong>quievimus</strong></span> <span class='ocrx_word' id='word_1_523' title='bbox 855 4473 1157 4543; x_wconf 88' lang='lat' dir='ltr'><strong>usquedum</strong></span> <span class='ocrx_word' id='word_1_524' title='bbox 1192 4476 1431 4532; x_wconf 89' lang='lat' dir='ltr'><strong>licuerit.</strong></span> <span class='ocrx_word' id='word_1_525' title='bbox 1492 4477 1614 4539; x_wconf 87' lang='lat' dir='ltr'><strong>Non</strong></span> <span class='ocrx_word' id='word_1_526' title='bbox 1664 4495 1797 4535; x_wconf 84' lang='lat' dir='ltr'><strong>vero</strong></span> <span class='ocrx_word' id='word_1_527' title='bbox 1842 4481 2070 4537; x_wconf 89' lang='lat' dir='ltr'><strong>omnino</strong></span> 
     </span>
    </p>
   </div>
   <div class='ocr_carea' id='block_1_77' title="bbox 490 4558 1810 4627">
    <p class='ocr_par' dir='ltr' id='par_1_77' title="bbox 490 4558 1810 4627">
     <span class='ocr_line' id='line_1_77' title="bbox 490 4558 1810 4627; baseline 0.009 -15"><span class='ocrx_word' id='word_1_528' title='bbox 490 4558 689 4616; x_wconf 90' lang='lat' dir='ltr'><strong>licebat</strong></span> <span class='ocrx_word' id='word_1_529' title='bbox 718 4577 843 4618; x_wconf 88' lang='lat' dir='ltr'><strong>cum</strong></span> <span class='ocrx_word' id='word_1_530' title='bbox 876 4563 1088 4623; x_wconf 81' lang='lat' dir='ltr'><strong>Latinis</strong></span> <span class='ocrx_word' id='word_1_531' title='bbox 1127 4566 1500 4625; x_wconf 80' lang='lat' dir='ltr'><strong>Romanorum</strong></span> <span class='ocrx_word' id='word_1_532' title='bbox 1532 4570 1810 4627; x_wconf 87' lang='lat' dir='ltr'><strong>osoribus.</strong></span> 
     </span>
    </p>
   </div>
   <div class='ocr_carea' id='block_1_78' title="bbox 2173 3286 3745 3362">
    <p class='ocr_par' dir='ltr' id='par_1_78' title="bbox 2173 3286 3745 3362">
     <span class='ocr_line' id='line_1_78' title="bbox 2173 3286 3745 3362; baseline 0.003 -22"><span class='ocrx_word' id='word_1_533' title='bbox 2173 3286 2315 3353; x_wconf 84' lang='grc' dir='ltr'>λίαν,</span> <span class='ocrx_word' id='word_1_534' title='bbox 2359 3288 2497 3341; x_wconf 78' lang='grc' dir='ltr'>ἀλλὰ</span> <span class='ocrx_word' id='word_1_535' title='bbox 2519 3288 2889 3360; x_wconf 74' lang='grc' dir='ltr'><strong>δημηγορίαν)</strong></span> <span class='ocrx_word' id='word_1_536' title='bbox 2921 3290 3229 3361; x_wconf 85' lang='grc' dir='ltr'>γενόμενοι,</span> <span class='ocrx_word' id='word_1_537' title='bbox 3260 3289 3358 3343; x_wconf 69' lang='grc' dir='ltr'>καὶ</span> <span class='ocrx_word' id='word_1_538' title='bbox 3399 3289 3745 3362; x_wconf 78' lang='grc' dir='ltr'>δικαιολογηο</span> 
     </span>
    </p>
   </div>
   <div class='ocr_carea' id='block_1_79' title="bbox 2174 3379 3743 3453">
    <p class='ocr_par' dir='ltr' id='par_1_79' title="bbox 2174 3379 3743 3453">
     <span class='ocr_line' id='line_1_79' title="bbox 2174 3379 3743 3453; baseline 0.002 -22"><span class='ocrx_word' id='word_1_539' title='bbox 2174 3379 2428 3447; x_wconf 86' lang='grc' dir='ltr'>σὰμενοι,</span> <span class='ocrx_word' id='word_1_540' title='bbox 2477 3379 2572 3433; x_wconf 77' lang='grc' dir='ltr'><strong>καὶ</strong></span> <span class='ocrx_word' id='word_1_541' title='bbox 2613 3380 2734 3434; x_wconf 79' lang='grc' dir='ltr'>οὐδὲ</span> <span class='ocrx_word' id='word_1_542' title='bbox 2770 3379 3063 3445; x_wconf 86' lang='grc' dir='ltr'>κολακείας</span> <span class='ocrx_word' id='word_1_543' title='bbox 3093 3382 3307 3453; x_wconf 81' lang='grc' dir='ltr'>ἁπεσχη</span> <span class='ocrx_word' id='word_1_544' title='bbox 3320 3381 3472 3450; x_wconf 82' lang='grc' dir='ltr'><strong>μένοι</strong></span> <span class='ocrx_word' id='word_1_545' title='bbox 3508 3381 3606 3436; x_wconf 81' lang='grc' dir='ltr'><strong>καὶ</strong></span> <span class='ocrx_word' id='word_1_546' title='bbox 3638 3399 3743 3452; x_wconf 68' lang='grc' dir='ltr'><strong>χαη</strong></span> 
     </span>
    </p>
   </div>
   <div class='ocr_carea' id='block_1_80' title="bbox 2175 3472 3747 3545">
    <p class='ocr_par' dir='ltr' id='par_1_80' title="bbox 2175 3472 3747 3545">
     <span class='ocr_line' id='line_1_80' title="bbox 2175 3472 3747 3545; baseline 0.001 -21"><span class='ocrx_word' id='word_1_547' title='bbox 2175 3472 2599 3543; x_wconf 85' lang='grc' dir='ltr'>ριεντισάμενοι,</span> <span class='ocrx_word' id='word_1_548' title='bbox 2640 3473 2736 3545; x_wconf 69' lang='grc' dir='ltr'><strong>καὶ</strong></span> <span class='ocrx_word' id='word_1_549' title='bbox 2781 3473 3056 3543; x_wconf 74' lang='grc' dir='ltr'>ὲμϐριθῶς</span> <span class='ocrx_word' id='word_1_550' title='bbox 3093 3473 3150 3528; x_wconf 77' lang='grc' dir='ltr'>δέ</span> <span class='ocrx_word' id='word_1_551' title='bbox 3178 3491 3233 3527; x_wconf 88' lang='grc' dir='ltr'>τι</span> <span class='ocrx_word' id='word_1_552' title='bbox 3266 3473 3620 3544; x_wconf 82' lang='grc' dir='ltr'><strong>λαλήσαντες,</strong></span> <span class='ocrx_word' id='word_1_553' title='bbox 3649 3474 3747 3528; x_wconf 80' lang='grc' dir='ltr'><strong>καὶ</strong></span> 
     </span>
    </p>
   </div>
   <div class='ocr_carea' id='block_1_81' title="bbox 2177 3563 3749 3634">
    <p class='ocr_par' dir='ltr' id='par_1_81' title="bbox 2177 3563 3749 3634">
     <span class='ocr_line' id='line_1_81' title="bbox 2177 3563 3749 3634; baseline 0.003 -19"><span class='ocrx_word' id='word_1_554' title='bbox 2177 3563 2528 3633; x_wconf 65' lang='grc' dir='ltr'>μεμψάμενοι</span> <span class='ocrx_word' id='word_1_555' title='bbox 2554 3563 2651 3634; x_wconf 77' lang='grc' dir='ltr'><strong>μὲν</strong></span> <span class='ocrx_word' id='word_1_556' title='bbox 2684 3564 2782 3634; x_wconf 79' lang='grc' dir='ltr'><strong>τὴν</strong></span> <span class='ocrx_word' id='word_1_557' title='bbox 2822 3564 2930 3617; x_wconf 86' lang='grc' dir='ltr'><strong>τῶν</strong></span> <span class='ocrx_word' id='word_1_558' title='bbox 2960 3564 3275 3631; x_wconf 83' lang='grc' dir='ltr'>συγκλύδων</span> <span class='ocrx_word' id='word_1_559' title='bbox 3305 3566 3554 3621; x_wconf 84' lang='grc' dir='ltr'>Λατίνων</span> <span class='ocrx_word' id='word_1_560' title='bbox 3583 3565 3749 3619; x_wconf 86' lang='grc' dir='ltr'>δεινό-</span> 
     </span>
    </p>
   </div>
   <div class='ocr_carea' id='block_1_82' title="bbox 2172 3654 3750 3727">
    <p class='ocr_par' dir='ltr' id='par_1_82' title="bbox 2172 3654 3750 3727">
     <span class='ocr_line' id='line_1_82' title="bbox 2172 3654 3750 3727; baseline 0.001 -20"><span class='ocrx_word' id='word_1_561' title='bbox 2172 3671 2310 3722; x_wconf 88' lang='grc' dir='ltr'>τητα</span> <span class='ocrx_word' id='word_1_562' title='bbox 2334 3694 2349 3716; x_wconf 89' lang='grc'><strong>,</strong></span> <span class='ocrx_word' id='word_1_563' title='bbox 2382 3654 2601 3707; x_wconf 81' lang='grc' dir='ltr'><strong>ἔπαινον</strong></span> <span class='ocrx_word' id='word_1_564' title='bbox 2637 3654 2694 3707; x_wconf 80' lang='grc' dir='ltr'>δὲ</span> <span class='ocrx_word' id='word_1_565' title='bbox 2741 3654 2851 3706; x_wconf 84' lang='grc' dir='ltr'><strong>τῶν</strong></span> <span class='ocrx_word' id='word_1_566' title='bbox 2892 3655 3334 3710; x_wconf 82' lang='grc' dir='ltr'><strong>Θεσσαλονικέων</strong></span> <span class='ocrx_word' id='word_1_567' title='bbox 3381 3657 3750 3727; x_wconf 84' lang='grc' dir='ltr'>προενεγκόν-</span> 
     </span>
    </p>
   </div>
   <div class='ocr_carea' id='block_1_83' title="bbox 2172 3745 3744 3818">
    <p class='ocr_par' dir='ltr' id='par_1_83' title="bbox 2172 3745 3744 3818">
     <span class='ocr_line' id='line_1_83' title="bbox 2172 3745 3744 3818; baseline 0.002 -21"><span class='ocrx_word' id='word_1_568' title='bbox 2172 3760 2261 3807; x_wconf 82' lang='grc' dir='ltr'>τες</span> <span class='ocrx_word' id='word_1_569' title='bbox 2318 3746 2551 3815; x_wconf 82' lang='grc' dir='ltr'>καίριον,</span> <span class='ocrx_word' id='word_1_570' title='bbox 2601 3747 2696 3800; x_wconf 78' lang='grc' dir='ltr'><strong>καὶ</strong></span> <span class='ocrx_word' id='word_1_571' title='bbox 2750 3746 2888 3808; x_wconf 84' lang='grc' dir='ltr'>ὅλως</span> <span class='ocrx_word' id='word_1_572' title='bbox 2918 3747 3045 3809; x_wconf 77' lang='grc' dir='ltr'>τοὺς</span> <span class='ocrx_word' id='word_1_573' title='bbox 3091 3747 3284 3815; x_wconf 84' lang='grc' dir='ltr'>λόγους</span> <span class='ocrx_word' id='word_1_574' title='bbox 3310 3745 3606 3809; x_wconf 82' lang='grc' dir='ltr'>πολυειδῶς</span> <span class='ocrx_word' id='word_1_575' title='bbox 3640 3747 3744 3818; x_wconf 79' lang='grc' dir='ltr'>ἀρ·-</span> 
     </span>
    </p>
   </div>
   <div class='ocr_carea' id='block_1_84' title="bbox 2177 3836 3745 3909">
    <p class='ocr_par' dir='ltr' id='par_1_84' title="bbox 2177 3836 3745 3909">
     <span class='ocr_line' id='line_1_84' title="bbox 2177 3836 3745 3909; baseline 0 -19"><span class='ocrx_word' id='word_1_576' title='bbox 2177 3838 2476 3907; x_wconf 86' lang='grc' dir='ltr'>μοσάμενοι</span> <span class='ocrx_word' id='word_1_577' title='bbox 2538 3837 2634 3891; x_wconf 69' lang='grc' dir='ltr'>καὶ</span> <span class='ocrx_word' id='word_1_578' title='bbox 2709 3839 3166 3908; x_wconf 86' lang='grc' dir='ltr'>οἱκονομήσαντες</span> <span class='ocrx_word' id='word_1_579' title='bbox 3227 3837 3365 3909; x_wconf 78' lang='grc' dir='ltr'>πρὸς</span> <span class='ocrx_word' id='word_1_580' title='bbox 3423 3836 3745 3908; x_wconf 80' lang='grc' dir='ltr'>ἀνθρώπους</span> 
     </span>
    </p>
   </div>
   <div class='ocr_carea' id='block_1_85' title="bbox 2173 3927 3746 4000">
    <p class='ocr_par' dir='ltr' id='par_1_85' title="bbox 2173 3927 3746 4000">
     <span class='ocr_line' id='line_1_85' title="bbox 2173 3927 3746 4000; baseline -0.001 -18"><span class='ocrx_word' id='word_1_581' title='bbox 2173 3927 2421 3998; x_wconf 77' lang='grc' dir='ltr'>ἀγρίους,</span> <span class='ocrx_word' id='word_1_582' title='bbox 2446 3928 2591 3982; x_wconf 86' lang='grc' dir='ltr'>κατά</span> <span class='ocrx_word' id='word_1_583' title='bbox 2614 3944 2668 3980; x_wconf 92' lang='grc' dir='ltr'><strong>τι</strong></span> <span class='ocrx_word' id='word_1_584' title='bbox 2698 3929 2940 3998; x_wconf 83' lang='grc' dir='ltr'>ἀμυδρὸν</span> <span class='ocrx_word' id='word_1_585' title='bbox 2972 3928 3247 4000; x_wconf 85' lang='grc' dir='ltr'>ἀπήχημα</span> <span class='ocrx_word' id='word_1_586' title='bbox 3273 3928 3553 4000; x_wconf 79' lang='grc' dir='ltr'>γραφικῆς</span> <span class='ocrx_word' id='word_1_587' title='bbox 3586 3928 3746 3994; x_wconf 79' lang='grc' dir='ltr'><strong>ὲλέγ-</strong></span> 
     </span>
    </p>
   </div>
   <div class='ocr_carea' id='block_1_86' title="bbox 2175 4018 3750 4090">
    <p class='ocr_par' dir='ltr' id='par_1_86' title="bbox 2175 4018 3750 4090">
     <span class='ocr_line' id='line_1_86' title="bbox 2175 4018 3750 4090; baseline 0.004 -19"><span class='ocrx_word' id='word_1_588' title='bbox 2175 4018 2310 4084; x_wconf 82' lang='grc' dir='ltr'>ξεως</span> <span class='ocrx_word' id='word_1_589' title='bbox 2362 4019 2454 4072; x_wconf 69' lang='grc' dir='ltr'><strong>καὶ</strong></span> <span class='ocrx_word' id='word_1_590' title='bbox 2495 4019 2869 4089; x_wconf 71' lang='grc' dir='ltr'>ἐπιτιμήσεως</span> <span class='ocrx_word' id='word_1_591' title='bbox 2908 4018 3005 4074; x_wconf 78' lang='grc' dir='ltr'>καὶ</span> <span class='ocrx_word' id='word_1_592' title='bbox 3054 4018 3455 4090; x_wconf 85' lang='grc' dir='ltr'>παρακλήσεως</span> <span class='ocrx_word' id='word_1_593' title='bbox 3486 4060 3501 4085; x_wconf 86' lang='grc'><strong>,</strong></span> <span class='ocrx_word' id='word_1_594' title='bbox 3556 4022 3608 4074; x_wconf 85' lang='grc' dir='ltr'>οί</span> <span class='ocrx_word' id='word_1_595' title='bbox 3654 4022 3750 4077; x_wconf 79' lang='grc' dir='ltr'>καὶ</span> 
     </span>
    </p>
   </div>
   <div class='ocr_carea' id='block_1_87' title="bbox 2172 4108 3749 4182">
    <p class='ocr_par' dir='ltr' id='par_1_87' title="bbox 2172 4108 3749 4182">
     <span class='ocr_line' id='line_1_87' title="bbox 2172 4108 3749 4182; baseline 0.001 -18"><span class='ocrx_word' id='word_1_596' title='bbox 2172 4110 2314 4164; x_wconf 77' lang='grc' dir='ltr'>κατὰ</span> <span class='ocrx_word' id='word_1_597' title='bbox 2338 4111 2529 4182; x_wconf 82' lang='grc' dir='ltr'>καιρὸν</span> <span class='ocrx_word' id='word_1_598' title='bbox 2550 4112 2772 4182; x_wconf 89' lang='grc' dir='ltr'>είρήνης</span> <span class='ocrx_word' id='word_1_599' title='bbox 2799 4111 2890 4163; x_wconf 69' lang='grc' dir='ltr'><strong>ἐπὶ</strong></span> <span class='ocrx_word' id='word_1_600' title='bbox 2907 4108 3018 4164; x_wconf 83' lang='grc' dir='ltr'><strong>τῶν</strong></span> <span class='ocrx_word' id='word_1_601' title='bbox 3037 4110 3325 4182; x_wconf 77' lang='grc' dir='ltr'>ἡμετέρων</span> <span class='ocrx_word' id='word_1_602' title='bbox 3349 4110 3572 4181; x_wconf 78' lang='grc' dir='ltr'>ἄτολμοι</span> <span class='ocrx_word' id='word_1_603' title='bbox 3595 4112 3749 4177; x_wconf 77' lang='grc' dir='ltr'>ὄντες</span> 
     </span>
    </p>
   </div>
   <div class='ocr_carea' id='block_1_88' title="bbox 2170 4201 3753 4273">
    <p class='ocr_par' dir='ltr' id='par_1_88' title="bbox 2170 4201 3753 4273">
     <span class='ocr_line' id='line_1_88' title="bbox 2170 4201 3753 4273; baseline 0.001 -18"><span class='ocrx_word' id='word_1_604' title='bbox 2170 4204 2350 4271; x_wconf 8' lang='grc' dir='ltr'>,ποιεῖν</span> <span class='ocrx_word' id='word_1_605' title='bbox 2390 4202 2459 4256; x_wconf 83' lang='grc' dir='ltr'>τὰ</span> <span class='ocrx_word' id='word_1_606' title='bbox 2504 4202 2839 4270; x_wconf 83' lang='grc' dir='ltr'>εύαγγελικὰ</span> <span class='ocrx_word' id='word_1_607' title='bbox 2871 4204 2950 4266; x_wconf 82' lang='grc' dir='ltr'>εἰς</span> <span class='ocrx_word' id='word_1_608' title='bbox 2987 4201 3247 4272; x_wconf 78' lang='grc' dir='ltr'>ἄκρατον,</span> <span class='ocrx_word' id='word_1_609' title='bbox 3276 4201 3363 4255; x_wconf 81' lang='grc' dir='ltr'><strong>ἵνα</strong></span> <span class='ocrx_word' id='word_1_610' title='bbox 3411 4202 3487 4273; x_wconf 82' lang='grc' dir='ltr'><strong>μὴ</strong></span> <span class='ocrx_word' id='word_1_611' title='bbox 3517 4204 3753 4273; x_wconf 81' lang='grc' dir='ltr'><strong>πάσχοι-</strong></span> 
     </span>
    </p>
   </div>
   <div class='ocr_carea' id='block_1_89' title="bbox 2176 4291 3749 4364">
    <p class='ocr_par' dir='ltr' id='par_1_89' title="bbox 2176 4291 3749 4364">
     <span class='ocr_line' id='line_1_89' title="bbox 2176 4291 3749 4364; baseline 0 -17"><span class='ocrx_word' id='word_1_612' title='bbox 2176 4310 2276 4362; x_wconf 89' lang='grc' dir='ltr'>μεν</span> <span class='ocrx_word' id='word_1_613' title='bbox 2296 4293 2593 4364; x_wconf 77' lang='grc' dir='ltr'>ἀϐούλητα,</span> <span class='ocrx_word' id='word_1_614' title='bbox 2625 4291 3035 4363; x_wconf 75' lang='grc' dir='ltr'>ἐϐεϐαιώσαμεν</span> <span class='ocrx_word' id='word_1_615' title='bbox 3066 4294 3156 4347; x_wconf 75' lang='grc' dir='ltr'>τὸν</span> <span class='ocrx_word' id='word_1_616' title='bbox 3186 4291 3380 4362; x_wconf 76' lang='grc' dir='ltr'>ἄνδρα,</span> <span class='ocrx_word' id='word_1_617' title='bbox 3409 4295 3502 4347; x_wconf 81' lang='grc' dir='ltr'><strong>καὶ</strong></span> <span class='ocrx_word' id='word_1_618' title='bbox 3533 4294 3613 4358; x_wconf 86' lang='grc' dir='ltr'><strong>είς</strong></span> <span class='ocrx_word' id='word_1_619' title='bbox 3642 4294 3749 4364; x_wconf 79' lang='grc' dir='ltr'><strong>ἐμ-</strong></span> 
     </span>
    </p>
   </div>
   <div class='ocr_carea' id='block_1_90' title="bbox 2176 4384 3754 4458">
    <p class='ocr_par' dir='ltr' id='par_1_90' title="bbox 2176 4384 3754 4458">
     <span class='ocr_line' id='line_1_90' title="bbox 2176 4384 3754 4458; baseline 0.001 -19"><span class='ocrx_word' id='word_1_620' title='bbox 2176 4386 2336 4441; x_wconf 82' lang='grc' dir='ltr'>πεδον</span> <span class='ocrx_word' id='word_1_621' title='bbox 2393 4389 2861 4458; x_wconf 80' lang='grc' dir='ltr'>καταστήσαντες,</span> <span class='ocrx_word' id='word_1_622' title='bbox 2917 4386 3336 4456; x_wconf 83' lang='grc' dir='ltr'>περιηγάγομεν</span> <span class='ocrx_word' id='word_1_623' title='bbox 3389 4384 3754 4453; x_wconf 83' lang='grc' dir='ltr'>διομόσασθαι</span> 
     </span>
    </p>
   </div>
   <div class='ocr_carea' id='block_1_91' title="bbox 2174 4473 3758 4548">
    <p class='ocr_par' dir='ltr' id='par_1_91' title="bbox 2174 4473 3758 4548">
     <span class='ocr_line' id='line_1_91' title="bbox 2174 4473 3758 4548; baseline -0.001 -16"><span class='ocrx_word' id='word_1_624' title='bbox 2174 4473 2210 4548; x_wconf 81' lang='grc' dir='ltr'>ἦ</span> <span class='ocrx_word' id='word_1_625' title='bbox 2250 4477 2356 4548; x_wconf 81' lang='grc' dir='ltr'><strong>μὴν</strong></span> <span class='ocrx_word' id='word_1_626' title='bbox 2389 4477 2589 4548; x_wconf 79' lang='grc' dir='ltr'>μηκέτι</span> <span class='ocrx_word' id='word_1_627' title='bbox 2631 4476 2796 4546; x_wconf 77' lang='grc' dir='ltr'><strong>φόϐον</strong></span> <span class='ocrx_word' id='word_1_628' title='bbox 2823 4476 3303 4547; x_wconf 72' lang='grc' dir='ltr'>ἔπαρτηθήσεσθαι</span> <span class='ocrx_word' id='word_1_629' title='bbox 3345 4476 3510 4545; x_wconf 85' lang='grc' dir='ltr'><strong>φόνου</strong></span> <span class='ocrx_word' id='word_1_630' title='bbox 3542 4475 3577 4547; x_wconf 74' lang='grc' dir='ltr'><strong>ἧ</strong></span> <span class='ocrx_word' id='word_1_631' title='bbox 3607 4493 3758 4540; x_wconf 88' lang='grc' dir='ltr'>τινος</span> 
     </span>
    </p>
   </div>
   <div class='ocr_carea' id='block_1_92' title="bbox 2098 4558 3751 4639">
    <p class='ocr_par' dir='ltr' id='par_1_92' title="bbox 2098 4558 3751 4639">
     <span class='ocr_line' id='line_1_92' title="bbox 2098 4558 3751 4639; baseline 0.002 -21"><span class='ocrx_word' id='word_1_632' title='bbox 2098 4558 2143 4618; x_wconf 85' lang='grc' dir='ltr'><strong>Ι)</strong></span> <span class='ocrx_word' id='word_1_633' title='bbox 2173 4567 2360 4639; x_wconf 76' lang='grc' dir='ltr'>ἑτέρου</span> <span class='ocrx_word' id='word_1_634' title='bbox 2396 4567 2566 4621; x_wconf 77' lang='grc' dir='ltr'>κακοῦ</span> <span class='ocrx_word' id='word_1_635' title='bbox 2614 4568 2726 4629; x_wconf 89' lang='grc' dir='ltr'>τοῖς</span> <span class='ocrx_word' id='word_1_636' title='bbox 2778 4567 3068 4620; x_wconf 80' lang='grc' dir='ltr'>ἑαλωκόσι.</span> <span class='ocrx_word' id='word_1_637' title='bbox 3093 4567 3203 4619; x_wconf 73' lang='grc' dir='ltr'><strong>Καὶ</strong></span> <span class='ocrx_word' id='word_1_638' title='bbox 3235 4566 3296 4619; x_wconf 83' lang='grc' dir='ltr'>τὸ</span> <span class='ocrx_word' id='word_1_639' title='bbox 3324 4565 3578 4621; x_wconf 64' lang='grc' dir='ltr'>ἐντεῦθεν</span> <span class='ocrx_word' id='word_1_640' title='bbox 3615 4567 3751 4621; x_wconf 66' lang='lat' dir='ltr'><strong>dve-</strong></span> 
     </span>
    </p>
   </div>
   <div class='ocr_carea' id='block_1_93' title="bbox 491 4654 3759 4736">
    <p class='ocr_par' dir='ltr' id='par_1_93' title="bbox 491 4654 3759 4736">
     <span class='ocr_line' id='line_1_93' title="bbox 491 4654 3759 4736; baseline 0.002 -29"><span class='ocrx_word' id='word_1_641' title='bbox 491 4654 802 4726; x_wconf 70' lang='grc' dir='ltr'>παυόμεθα,</span> <span class='ocrx_word' id='word_1_642' title='bbox 841 4659 921 4723; x_wconf 87' lang='grc' dir='ltr'><strong>είς</strong></span> <span class='ocrx_word' id='word_1_643' title='bbox 951 4660 1077 4714; x_wconf 84' lang='grc' dir='ltr'>ὅσον</span> <span class='ocrx_word' id='word_1_644' title='bbox 1106 4656 1176 4730; x_wconf 76' lang='grc' dir='ltr'><strong>ἦν</strong></span> <span class='ocrx_word' id='word_1_645' title='bbox 1213 4659 1517 4733; x_wconf 74' lang='grc' dir='ltr'>ἐγχωροῦν.</span> <span class='ocrx_word' id='word_1_646' title='bbox 1557 4663 1850 4736; x_wconf 84' lang='grc' dir='ltr'>Ἐνεχώρει</span> <span class='ocrx_word' id='word_1_647' title='bbox 1892 4665 1947 4718; x_wconf 78' lang='grc' dir='ltr'>δὲ</span> <span class='ocrx_word' id='word_1_648' title='bbox 1979 4663 2055 4736; x_wconf 81' lang='grc' dir='ltr'><strong>μὴ</strong></span> <span class='ocrx_word' id='word_1_649' title='bbox 2094 4664 2176 4727; x_wconf 83' lang='grc' dir='ltr'><strong>είς</strong></span> <span class='ocrx_word' id='word_1_650' title='bbox 2201 4662 2262 4716; x_wconf 86' lang='grc' dir='ltr'><strong>τδ</strong></span> <span class='ocrx_word' id='word_1_651' title='bbox 2307 4661 2416 4714; x_wconf 81' lang='grc' dir='ltr'>πᾶν</span> <span class='ocrx_word' id='word_1_652' title='bbox 2446 4658 2599 4731; x_wconf 76' lang='grc' dir='ltr'>παρά</span> <span class='ocrx_word' id='word_1_653' title='bbox 2641 4675 2707 4728; x_wconf 88' lang='grc' dir='ltr'><strong>γε</strong></span> <span class='ocrx_word' id='word_1_654' title='bbox 2771 4659 2885 4723; x_wconf 81' lang='grc' dir='ltr'>τοῖς</span> <span class='ocrx_word' id='word_1_655' title='bbox 2949 4657 3093 4712; x_wconf 74' lang='grc' dir='ltr'>οὕτω</span> <span class='ocrx_word' id='word_1_656' title='bbox 3143 4660 3543 4730; x_wconf 89' lang='grc' dir='ltr'>μισορωμαίοις</span> <span class='ocrx_word' id='word_1_657' title='bbox 3594 4659 3759 4713; x_wconf 87' lang='grc' dir='ltr'>Λατί·</span> 
     </span>
    </p>
   </div>
   <div class='ocr_carea' id='block_1_94' title="bbox 492 4769 627 4812">
    <p class='ocr_par' dir='ltr' id='par_1_94' title="bbox 492 4769 627 4812">
     <span class='ocr_line' id='line_1_94' title="bbox 492 4769 627 4812; baseline -0.007 -8"><span class='ocrx_word' id='word_1_658' title='bbox 492 4769 627 4812; x_wconf 83' lang='grc' dir='ltr'>νοις.</span> 
     </span>
    </p>
   </div>
   <div class='ocr_carea' id='block_1_95' title="bbox 565 4840 2116 4919">
    <p class='ocr_par' dir='ltr' id='par_1_95' title="bbox 565 4840 2116 4919">
     <span class='ocr_line' id='line_1_95' title="bbox 565 4840 2116 4919; baseline 0.006 -25"><span class='ocrx_word' id='word_1_659' title='bbox 565 4840 690 4895; x_wconf 77' lang='lat' dir='ltr'><strong>H7.</strong></span> <span class='ocrx_word' id='word_1_660' title='bbox 736 4840 842 4897; x_wconf 89' lang='lat' dir='ltr'><strong>Sed</strong></span> <span class='ocrx_word' id='word_1_661' title='bbox 893 4844 1275 4900; x_wconf 83' lang='lat' dir='ltr'><strong>revertendum</strong></span> <span class='ocrx_word' id='word_1_662' title='bbox 1311 4854 1397 4901; x_wconf 88' lang='lat' dir='ltr'><strong>est</strong></span> <span class='ocrx_word' id='word_1_663' title='bbox 1445 4846 1512 4902; x_wconf 85' lang='lat' dir='ltr'><strong>ad</strong></span> <span class='ocrx_word' id='word_1_664' title='bbox 1547 4848 1729 4917; x_wconf 89' lang='lat' dir='ltr'><strong>priora</strong></span> <span class='ocrx_word' id='word_1_665' title='bbox 1780 4858 2070 4919; x_wconf 89' lang='lat' dir='ltr'><strong>postquam</strong></span> <span class='ocrx_word' id='word_1_666' title='bbox 2112 4887 2116 4891; x_wconf 91' lang='grc'><strong><em>-</em></strong></span> 
     </span>
    </p>
   </div>
   <div class='ocr_carea' id='block_1_96' title="bbox 494 4931 2073 5009">
    <p class='ocr_par' dir='ltr' id='par_1_96' title="bbox 494 4931 2073 5009">
     <span class='ocr_line' id='line_1_96' title="bbox 494 4931 2073 5009; baseline 0.006 -25"><span class='ocrx_word' id='word_1_667' title='bbox 494 4946 583 4987; x_wconf 89' lang='lat' dir='ltr'><strong>res</strong></span> <span class='ocrx_word' id='word_1_668' title='bbox 636 4931 855 4987; x_wconf 86' lang='lat' dir='ltr'><strong>cornitis</strong></span> <span class='ocrx_word' id='word_1_669' title='bbox 905 4936 1285 5003; x_wconf 83' lang='lat' dir='ltr'><strong>exposuimus,</strong></span> <span class='ocrx_word' id='word_1_670' title='bbox 1342 4939 1465 4993; x_wconf 62' lang='lat' dir='ltr'><strong>vitae</strong></span> <span class='ocrx_word' id='word_1_671' title='bbox 1524 4941 1940 5009; x_wconf 88' lang='lat' dir='ltr'><strong>operationibus</strong></span> <span class='ocrx_word' id='word_1_672' title='bbox 1987 4941 2073 4995; x_wconf 77' lang='lat' dir='ltr'><strong>di-</strong></span> 
     </span>
    </p>
   </div>
   <div class='ocr_carea' id='block_1_97' title="bbox 498 5023 2074 5100">
    <p class='ocr_par' dir='ltr' id='par_1_97' title="bbox 498 5023 2074 5100">
     <span class='ocr_line' id='line_1_97' title="bbox 498 5023 2074 5100; baseline 0.005 -24"><span class='ocrx_word' id='word_1_673' title='bbox 498 5023 633 5079; x_wconf 84' lang='lat' dir='ltr'><strong>visis</strong></span> <span class='ocrx_word' id='word_1_674' title='bbox 665 5023 719 5076; x_wconf 93' lang='lat' dir='ltr'><strong>in</strong></span> <span class='ocrx_word' id='word_1_675' title='bbox 752 5029 908 5078; x_wconf 89' lang='lat' dir='ltr'><strong>actus</strong></span> <span class='ocrx_word' id='word_1_676' title='bbox 953 5025 1059 5081; x_wconf 84' lang='lat' dir='ltr'><strong>diei</strong></span> <span class='ocrx_word' id='word_1_677' title='bbox 1100 5034 1155 5082; x_wconf 93' lang='lat' dir='ltr'><strong>et</strong></span> <span class='ocrx_word' id='word_1_678' title='bbox 1204 5035 1363 5085; x_wconf 85' lang='lat' dir='ltr'><strong>actus</strong></span> <span class='ocrx_word' id='word_1_679' title='bbox 1398 5035 1724 5086; x_wconf 88' lang='lat' dir='ltr'><strong>nocturnos.</strong></span> <span class='ocrx_word' id='word_1_680' title='bbox 1755 5030 1881 5087; x_wconf 87' lang='lat' dir='ltr'><strong>Dies</strong></span> <span class='ocrx_word' id='word_1_681' title='bbox 1914 5029 2074 5100; x_wconf 87' lang='lat' dir='ltr'><strong>equi-</strong></span> 
     </span>
    </p>
   </div>
   <div class='ocr_carea' id='block_1_98' title="bbox 499 5114 2077 5186">
    <p class='ocr_par' dir='ltr' id='par_1_98' title="bbox 499 5114 2077 5186">
     <span class='ocr_line' id='line_1_98' title="bbox 499 5114 2077 5186; baseline 0.003 -16"><span class='ocrx_word' id='word_1_682' title='bbox 499 5115 623 5170; x_wconf 87' lang='lat' dir='ltr'><strong>dem</strong></span> <span class='ocrx_word' id='word_1_683' title='bbox 653 5114 876 5171; x_wconf 90' lang='lat' dir='ltr'><strong>mentiti</strong></span> <span class='ocrx_word' id='word_1_684' title='bbox 911 5115 1128 5172; x_wconf 83' lang='lat' dir='ltr'><strong>fuerant</strong></span> <span class='ocrx_word' id='word_1_685' title='bbox 1174 5119 1568 5186; x_wconf 85' lang='lat' dir='ltr'><strong>urbanitatem,</strong></span> <span class='ocrx_word' id='word_1_686' title='bbox 1627 5132 1834 5180; x_wconf 87' lang='lat' dir='ltr'><strong>attenta</strong></span> <span class='ocrx_word' id='word_1_687' title='bbox 1862 5122 2077 5178; x_wconf 87' lang='lat' dir='ltr'><strong>rustici-</strong></span> 
     </span>
    </p>
   </div>
   <div class='ocr_carea' id='block_1_99' title="bbox 498 5205 2077 5285">
    <p class='ocr_par' dir='ltr' id='par_1_99' title="bbox 498 5205 2077 5285">
     <span class='ocr_line' id='line_1_99' title="bbox 498 5205 2077 5285; baseline 0.006 -26"><span class='ocrx_word' id='word_1_688' title='bbox 498 5214 614 5261; x_wconf 88' lang='lat' dir='ltr'><strong>tate</strong></span> <span class='ocrx_word' id='word_1_689' title='bbox 648 5205 966 5263; x_wconf 87' lang='lat' dir='ltr'><strong>Latinorum</strong></span> <span class='ocrx_word' id='word_1_690' title='bbox 1005 5224 1171 5279; x_wconf 89' lang='lat' dir='ltr'><strong>quam</strong></span> <span class='ocrx_word' id='word_1_691' title='bbox 1206 5211 1668 5280; x_wconf 83' lang='lat' dir='ltr'><strong>dissimulabant;</strong></span> <span class='ocrx_word' id='word_1_692' title='bbox 1711 5217 1804 5285; x_wconf 89' lang='lat' dir='ltr'><strong>qui</strong></span> <span class='ocrx_word' id='word_1_693' title='bbox 1845 5229 1974 5284; x_wconf 80' lang='lat' dir='ltr'><strong>ergo</strong></span> <span class='ocrx_word' id='word_1_694' title='bbox 1999 5213 2077 5284; x_wconf 86' lang='lat' dir='ltr'><strong>ip-</strong></span> 
     </span>
    </p>
   </div>
   <div class='ocr_carea' id='block_1_100' title="bbox 503 5298 2076 5376">
    <p class='ocr_par' dir='ltr' id='par_1_100' title="bbox 503 5298 2076 5376">
     <span class='ocr_line' id='line_1_100' title="bbox 503 5298 2076 5376; baseline 0.006 -23"><span class='ocrx_word' id='word_1_695' title='bbox 503 5299 581 5355; x_wconf 90' lang='lat' dir='ltr'><strong>sis</strong></span> <span class='ocrx_word' id='word_1_696' title='bbox 627 5309 680 5354; x_wconf 90' lang='lat' dir='ltr'><strong>et</strong></span> <span class='ocrx_word' id='word_1_697' title='bbox 711 5298 876 5356; x_wconf 87' lang='lat' dir='ltr'><strong>nobis</strong></span> <span class='ocrx_word' id='word_1_698' title='bbox 902 5299 1163 5356; x_wconf 89' lang='lat' dir='ltr'><strong>mundum</strong></span> <span class='ocrx_word' id='word_1_699' title='bbox 1199 5302 1446 5360; x_wconf 82' lang='lat' dir='ltr'><strong>suilicerc</strong></span> <span class='ocrx_word' id='word_1_700' title='bbox 1472 5320 1578 5360; x_wconf 85' lang='lat' dir='ltr'><strong>non</strong></span> <span class='ocrx_word' id='word_1_701' title='bbox 1613 5306 1956 5376; x_wconf 84' lang='lat' dir='ltr'><strong>judicabant,</strong></span> <span class='ocrx_word' id='word_1_702' title='bbox 1979 5321 2076 5362; x_wconf 90' lang='lat' dir='ltr'><strong>no-</strong></span> 
     </span>
    </p>
   </div>
   <div class='ocr_carea' id='block_1_101' title="bbox 502 5391 2073 5471">
    <p class='ocr_par' dir='ltr' id='par_1_101' title="bbox 502 5391 2073 5471">
     <span class='ocr_line' id='line_1_101' title="bbox 502 5391 2073 5471; baseline 0.004 -25"><span class='ocrx_word' id='word_1_703' title='bbox 502 5391 588 5446; x_wconf 87' lang='lat' dir='ltr'><strong>bis</strong></span> <span class='ocrx_word' id='word_1_704' title='bbox 609 5392 974 5457; x_wconf 76' lang='lat' dir='ltr'><strong>occurrendo,</strong></span> <span class='ocrx_word' id='word_1_705' title='bbox 1029 5408 1132 5449; x_wconf 87' lang='lat' dir='ltr'><strong>nos</strong></span> <span class='ocrx_word' id='word_1_706' title='bbox 1186 5399 1621 5466; x_wconf 87' lang='lat' dir='ltr'><strong>consputabant,</strong></span> <span class='ocrx_word' id='word_1_707' title='bbox 1668 5400 2073 5471; x_wconf 87' lang='lat' dir='ltr'><strong>propellebant,</strong></span> 
     </span>
    </p>
   </div>
   <div class='ocr_carea' id='block_1_102' title="bbox 505 5484 2073 5561">
    <p class='ocr_par' dir='ltr' id='par_1_102' title="bbox 505 5484 2073 5561">
     <span class='ocr_line' id='line_1_102' title="bbox 505 5484 2073 5561; baseline 0.005 -24"><span class='ocrx_word' id='word_1_708' title='bbox 505 5484 953 5556; x_wconf 86' lang='lat' dir='ltr'><strong>supplantabaut,</strong></span> <span class='ocrx_word' id='word_1_709' title='bbox 990 5490 1353 5558; x_wconf 86' lang='lat' dir='ltr'><strong>aspergebant</strong></span> <span class='ocrx_word' id='word_1_710' title='bbox 1411 5491 1657 5561; x_wconf 84' lang='lat' dir='ltr'><strong>injuriis.</strong></span> <span class='ocrx_word' id='word_1_711' title='bbox 1697 5491 1811 5546; x_wconf 82' lang='lat' dir='ltr'><strong>Hoc</strong></span> <span class='ocrx_word' id='word_1_712' title='bbox 1842 5506 1985 5559; x_wconf 73' lang='lat' dir='ltr'><strong>saepe</strong></span> <span class='ocrx_word' id='word_1_713' title='bbox 2018 5491 2073 5545; x_wconf 90' lang='lat' dir='ltr'><strong>in</strong></span> 
     </span>
    </p>
   </div>
   <div class='ocr_carea' id='block_1_103' title="bbox 503 5576 2069 5638">
    <p class='ocr_par' dir='ltr' id='par_1_103' title="bbox 503 5576 2069 5638">
     <span class='ocr_line' id='line_1_103' title="bbox 503 5576 2069 5638; baseline 0.006 -11"><span class='ocrx_word' id='word_1_714' title='bbox 503 5588 600 5629; x_wconf 91' lang='lat' dir='ltr'><strong>ore</strong></span> <span class='ocrx_word' id='word_1_715' title='bbox 660 5587 848 5629; x_wconf 90' lang='lat' dir='ltr'><strong>eorum</strong></span> <span class='ocrx_word' id='word_1_716' title='bbox 923 5576 1246 5634; x_wconf 85' lang='lat' dir='ltr'><strong>versabatur</strong></span> <span class='ocrx_word' id='word_1_717' title='bbox 1306 5588 1367 5635; x_wconf 93' lang='lat' dir='ltr'><strong>ut</strong></span> <span class='ocrx_word' id='word_1_718' title='bbox 1419 5598 1613 5638; x_wconf 89' lang='lat' dir='ltr'><strong>versus</strong></span> <span class='ocrx_word' id='word_1_719' title='bbox 1668 5582 2069 5638; x_wconf 83' lang='lat' dir='ltr'><strong>intercalaris:</strong></span> 
     </span>
    </p>
   </div>
   <div class='ocr_carea' id='block_1_104' title="bbox 511 5662 2079 5733">
    <p class='ocr_par' dir='ltr' id='par_1_104' title="bbox 511 5662 2079 5733">
     <span class='ocr_line' id='line_1_104' title="bbox 511 5662 2079 5733; baseline 0.007 -15"><span class='ocrx_word' id='word_1_720' title='bbox 511 5686 531 5717; x_wconf 68' lang='grc' dir='ltr'><strong>ι</strong></span> <span class='ocrx_word' id='word_1_721' title='bbox 577 5662 732 5733; x_wconf 83' lang='lat' dir='ltr'><strong>Veni,</strong></span> <span class='ocrx_word' id='word_1_722' title='bbox 786 5665 927 5722; x_wconf 81' lang='lat' dir='ltr'><strong>bone</strong></span> <span class='ocrx_word' id='word_1_723' title='bbox 982 5667 1245 5727; x_wconf 85' lang='lat' dir='ltr'><strong>Joannes.</strong></span> <span class='ocrx_word' id='word_1_724' title='bbox 1298 5691 1316 5722; x_wconf 75' lang='grc' dir='ltr'><strong>ι</strong></span> <span class='ocrx_word' id='word_1_725' title='bbox 1379 5669 1493 5726; x_wconf 81' lang='lat' dir='ltr'><strong>Hoc</strong></span> <span class='ocrx_word' id='word_1_726' title='bbox 1554 5674 1810 5728; x_wconf 85' lang='lat' dir='ltr'><strong>cavillum</strong></span> <span class='ocrx_word' id='word_1_727' title='bbox 1860 5674 2079 5729; x_wconf 88' lang='lat' dir='ltr'><strong>orieba-</strong></span> 
     </span>
    </p>
   </div>
   <div class='ocr_carea' id='block_1_105' title="bbox 509 5762 2077 5833">
    <p class='ocr_par' dir='ltr' id='par_1_105' title="bbox 509 5762 2077 5833">
     <span class='ocr_line' id='line_1_105' title="bbox 509 5762 2077 5833; baseline 0.006 -23"><span class='ocrx_word' id='word_1_728' title='bbox 509 5766 594 5810; x_wconf 89' lang='lat' dir='ltr'><strong>tur</strong></span> <span class='ocrx_word' id='word_1_729' title='bbox 616 5772 682 5813; x_wconf 76' lang='grc' dir='ltr'><strong>οι</strong></span> <span class='ocrx_word' id='word_1_730' title='bbox 713 5773 778 5813; x_wconf 88' lang='lat' dir='ltr'><strong>eo</strong></span> <span class='ocrx_word' id='word_1_731' title='bbox 812 5762 954 5830; x_wconf 85' lang='lat' dir='ltr'><strong>quod</strong></span> <span class='ocrx_word' id='word_1_732' title='bbox 986 5768 1232 5832; x_wconf 89' lang='lat' dir='ltr'><strong>tempore</strong></span> <span class='ocrx_word' id='word_1_733' title='bbox 1267 5762 1575 5818; x_wconf 81' lang='lat' dir='ltr'><strong>obsidionis</strong></span> <span class='ocrx_word' id='word_1_734' title='bbox 1604 5764 1817 5833; x_wconf 83' lang='lat' dir='ltr'><strong>gloriati</strong></span> <span class='ocrx_word' id='word_1_735' title='bbox 1858 5780 2077 5820; x_wconf 84' lang='lat' dir='ltr'><strong>eramus</strong></span> 
     </span>
    </p>
   </div>
   <div class='ocr_carea' id='block_1_106' title="bbox 508 5848 2075 5928">
    <p class='ocr_par' dir='ltr' id='par_1_106' title="bbox 508 5848 2075 5928">
     <span class='ocr_line' id='line_1_106' title="bbox 508 5848 2075 5928; baseline 0.007 -26"><span class='ocrx_word' id='word_1_736' title='bbox 508 5862 690 5923; x_wconf 75' lang='lat' dir='ltr'><strong>regem</strong></span> <span class='ocrx_word' id='word_1_737' title='bbox 721 5848 990 5912; x_wconf 81' lang='lat' dir='ltr'><strong>Joannem</strong></span> <span class='ocrx_word' id='word_1_738' title='bbox 1023 5853 1176 5911; x_wconf 85' lang='lat' dir='ltr'><strong>brevi</strong></span> <span class='ocrx_word' id='word_1_739' title='bbox 1213 5856 1374 5912; x_wconf 88' lang='lat' dir='ltr'><strong>nobis</strong></span> <span class='ocrx_word' id='word_1_740' title='bbox 1405 5871 1529 5912; x_wconf 85' lang='lat' dir='ltr'><strong>esse</strong></span> <span class='ocrx_word' id='word_1_741' title='bbox 1569 5858 1985 5928; x_wconf 82' lang='lat' dir='ltr'><strong>opitulaturum.</strong></span> <span class='ocrx_word' id='word_1_742' title='bbox 2018 5856 2075 5913; x_wconf 91' lang='lat' dir='ltr'><strong>Si</strong></span> 
     </span>
    </p>
   </div>
   <div class='ocr_carea' id='block_1_107' title="bbox 2247 4836 3756 4914">
    <p class='ocr_par' dir='ltr' id='par_1_107' title="bbox 2247 4836 3756 4914">
     <span class='ocr_line' id='line_1_107' title="bbox 2247 4836 3756 4914; baseline -0.003 -19"><span class='ocrx_word' id='word_1_743' title='bbox 2247 4841 2371 4914; x_wconf 78' lang='grc' dir='ltr'>ριζ’.</span> <span class='ocrx_word' id='word_1_744' title='bbox 2417 4839 2559 4895; x_wconf 75' lang='grc' dir='ltr'>Ἀλλ’</span> <span class='ocrx_word' id='word_1_745' title='bbox 2588 4837 2873 4892; x_wconf 72' lang='grc' dir='ltr'>ἐπανιτέον</span> <span class='ocrx_word' id='word_1_746' title='bbox 2906 4836 3068 4890; x_wconf 84' lang='grc' dir='ltr'>πάλιν</span> <span class='ocrx_word' id='word_1_747' title='bbox 3121 4838 3185 4890; x_wconf 80' lang='grc' dir='ltr'><strong>ὲκ</strong></span> <span class='ocrx_word' id='word_1_748' title='bbox 3227 4836 3337 4891; x_wconf 84' lang='grc' dir='ltr'><strong>τῶν</strong></span> <span class='ocrx_word' id='word_1_749' title='bbox 3371 4836 3464 4891; x_wconf 82' lang='grc' dir='ltr'><strong>τοῦ</strong></span> <span class='ocrx_word' id='word_1_750' title='bbox 3507 4838 3756 4906; x_wconf 88' lang='grc' dir='ltr'>κόμητος</span> 
     </span>
    </p>
   </div>
   <div class='ocr_carea' id='block_1_108' title="bbox 2176 4928 3757 5004">
    <p class='ocr_par' dir='ltr' id='par_1_108' title="bbox 2176 4928 3757 5004">
     <span class='ocr_line' id='line_1_108' title="bbox 2176 4928 3757 5004; baseline -0.005 -13"><span class='ocrx_word' id='word_1_751' title='bbox 2176 4937 2270 4991; x_wconf 73' lang='grc' dir='ltr'>ἐπὶ</span> <span class='ocrx_word' id='word_1_752' title='bbox 2303 4934 2372 4988; x_wconf 81' lang='grc' dir='ltr'>τὰ</span> <span class='ocrx_word' id='word_1_753' title='bbox 2406 4932 2701 5004; x_wconf 85' lang='grc' dir='ltr'>πρότερον,</span> <span class='ocrx_word' id='word_1_754' title='bbox 2745 4930 2866 5000; x_wconf 83' lang='grc' dir='ltr'>διχῆ</span> <span class='ocrx_word' id='word_1_755' title='bbox 2922 4930 3270 5001; x_wconf 78' lang='grc' dir='ltr'>διῃρημένων</span> <span class='ocrx_word' id='word_1_756' title='bbox 3307 4928 3416 4982; x_wconf 81' lang='grc' dir='ltr'><strong>τῶν</strong></span> <span class='ocrx_word' id='word_1_757' title='bbox 3463 4929 3606 4983; x_wconf 85' lang='grc' dir='ltr'><strong>κατά</strong></span> <span class='ocrx_word' id='word_1_758' title='bbox 3637 4928 3757 4999; x_wconf 83' lang='grc' dir='ltr'><strong>βίον</strong></span> 
     </span>
    </p>
   </div>
   <div class='ocr_carea' id='block_1_109' title="bbox 2181 5020 3758 5093">
    <p class='ocr_par' dir='ltr' id='par_1_109' title="bbox 2181 5020 3758 5093">
     <span class='ocr_line' id='line_1_109' title="bbox 2181 5020 3758 5093; baseline -0.01 -12"><span class='ocrx_word' id='word_1_759' title='bbox 2181 5027 2260 5091; x_wconf 86' lang='grc' dir='ltr'><strong>εῖς</strong></span> <span class='ocrx_word' id='word_1_760' title='bbox 2289 5042 2350 5079; x_wconf 87' lang='grc' dir='ltr'><strong>τε</strong></span> <span class='ocrx_word' id='word_1_761' title='bbox 2385 5025 2455 5079; x_wconf 82' lang='grc' dir='ltr'><strong>τὰ</strong></span> <span class='ocrx_word' id='word_1_762' title='bbox 2485 5022 2609 5077; x_wconf 87' lang='grc' dir='ltr'>καθ’</span> <span class='ocrx_word' id='word_1_763' title='bbox 2628 5021 2840 5093; x_wconf 76' lang='grc' dir='ltr'>ἡμέραν</span> <span class='ocrx_word' id='word_1_764' title='bbox 2866 5021 2962 5074; x_wconf 73' lang='grc' dir='ltr'>καὶ</span> <span class='ocrx_word' id='word_1_765' title='bbox 2993 5020 3061 5073; x_wconf 84' lang='grc' dir='ltr'>τὰ</span> <span class='ocrx_word' id='word_1_766' title='bbox 3091 5020 3350 5092; x_wconf 85' lang='grc' dir='ltr'>νύκτερα.</span> <span class='ocrx_word' id='word_1_767' title='bbox 3380 5022 3448 5074; x_wconf 77' lang='grc' dir='ltr'><strong>Αἱ</strong></span> <span class='ocrx_word' id='word_1_768' title='bbox 3482 5021 3581 5092; x_wconf 80' lang='grc' dir='ltr'><strong>μὲν</strong></span> <span class='ocrx_word' id='word_1_769' title='bbox 3615 5022 3758 5092; x_wconf 80' lang='grc' dir='ltr'><strong>ὴμέ-</strong></span> 
     </span>
    </p>
   </div>
   <div class='ocr_carea' id='block_1_110' title="bbox 2182 5111 3761 5191">
    <p class='ocr_par' dir='ltr' id='par_1_110' title="bbox 2182 5111 3761 5191">
     <span class='ocr_line' id='line_1_110' title="bbox 2182 5111 3761 5191; baseline -0.006 -16"><span class='ocrx_word' id='word_1_770' title='bbox 2182 5137 2275 5191; x_wconf 86' lang='grc' dir='ltr'><strong>ραι</strong></span> <span class='ocrx_word' id='word_1_771' title='bbox 2303 5118 2435 5189; x_wconf 76' lang='grc' dir='ltr'>ἡμῖν</span> <span class='ocrx_word' id='word_1_772' title='bbox 2465 5114 2751 5186; x_wconf 76' lang='grc' dir='ltr'>ἐψεύδοντο</span> <span class='ocrx_word' id='word_1_773' title='bbox 2779 5114 2840 5167; x_wconf 84' lang='grc' dir='ltr'>τὸ</span> <span class='ocrx_word' id='word_1_774' title='bbox 2866 5112 3075 5184; x_wconf 83' lang='grc' dir='ltr'>ἥμερον</span> <span class='ocrx_word' id='word_1_775' title='bbox 3108 5111 3194 5165; x_wconf 82' lang='grc' dir='ltr'>διὰ</span> <span class='ocrx_word' id='word_1_776' title='bbox 3218 5113 3321 5182; x_wconf 83' lang='grc' dir='ltr'><strong>τὴν</strong></span> <span class='ocrx_word' id='word_1_777' title='bbox 3351 5113 3407 5166; x_wconf 82' lang='grc' dir='ltr'><strong>ὲν</strong></span> <span class='ocrx_word' id='word_1_778' title='bbox 3442 5113 3555 5176; x_wconf 84' lang='grc' dir='ltr'>τοῖς</span> <span class='ocrx_word' id='word_1_779' title='bbox 3586 5112 3761 5167; x_wconf 85' lang='grc' dir='ltr'>Λατί-</span> 
     </span>
    </p>
   </div>
   <div class='ocr_carea' id='block_1_111' title="bbox 2181 5202 3756 5279">
    <p class='ocr_par' dir='ltr' id='par_1_111' title="bbox 2181 5202 3756 5279">
     <span class='ocr_line' id='line_1_111' title="bbox 2181 5202 3756 5279; baseline -0.004 -16"><span class='ocrx_word' id='word_1_780' title='bbox 2181 5228 2293 5275; x_wconf 89' lang='grc' dir='ltr'>νοις</span> <span class='ocrx_word' id='word_1_781' title='bbox 2321 5209 2647 5279; x_wconf 85' lang='grc' dir='ltr'>ἀγριότητα,</span> <span class='ocrx_word' id='word_1_782' title='bbox 2680 5204 2779 5276; x_wconf 80' lang='grc' dir='ltr'><strong>τὴν</strong></span> <span class='ocrx_word' id='word_1_783' title='bbox 2810 5204 3071 5274; x_wconf 84' lang='grc' dir='ltr'>ἀμυδρῶς</span> <span class='ocrx_word' id='word_1_784' title='bbox 3107 5202 3567 5274; x_wconf 77' lang='grc' dir='ltr'>ύπολαληθεῖσανο</span> <span class='ocrx_word' id='word_1_785' title='bbox 3594 5203 3644 5257; x_wconf 84' lang='grc' dir='ltr'><strong>οἶ</strong></span> <span class='ocrx_word' id='word_1_786' title='bbox 3676 5205 3756 5275; x_wconf 81' lang='grc' dir='ltr'><strong>μὴ</strong></span> 
     </span>
    </p>
   </div>
   <div class='ocr_carea' id='block_1_112' title="bbox 2182 5291 3751 5375">
    <p class='ocr_par' dir='ltr' id='par_1_112' title="bbox 2182 5291 3751 5375">
     <span class='ocr_line' id='line_1_112' title="bbox 2182 5291 3751 5375; baseline -0.005 -19"><span class='ocrx_word' id='word_1_787' title='bbox 2182 5303 2431 5375; x_wconf 74' lang='grc' dir='ltr'>χωρητδν</span> <span class='ocrx_word' id='word_1_788' title='bbox 2457 5302 2638 5364; x_wconf 83' lang='grc' dir='ltr'>αὐτοῖς</span> <span class='ocrx_word' id='word_1_789' title='bbox 2673 5299 2768 5353; x_wconf 63' lang='grc' dir='ltr'><strong>καὶ⁹</strong></span> <span class='ocrx_word' id='word_1_790' title='bbox 2789 5299 2925 5367; x_wconf 79' lang='grc' dir='ltr'>ἡμῖν</span> <span class='ocrx_word' id='word_1_791' title='bbox 2947 5297 3038 5350; x_wconf 85' lang='grc' dir='ltr'>τὸν</span> <span class='ocrx_word' id='word_1_792' title='bbox 3064 5296 3269 5367; x_wconf 82' lang='grc' dir='ltr'><strong>κόσμον</strong></span> <span class='ocrx_word' id='word_1_793' title='bbox 3304 5291 3444 5350; x_wconf 74' lang='grc' dir='ltr'><strong>εἶναι</strong></span> <span class='ocrx_word' id='word_1_794' title='bbox 3476 5296 3751 5366; x_wconf 87' lang='grc' dir='ltr'>κρίνουσι,</span> 
     </span>
    </p>
   </div>
   <div class='ocr_carea' id='block_1_113' title="bbox 2180 5387 3759 5460">
    <p class='ocr_par' dir='ltr' id='par_1_113' title="bbox 2180 5387 3759 5460">
     <span class='ocr_line' id='line_1_113' title="bbox 2180 5387 3759 5460; baseline -0.005 -12"><span class='ocrx_word' id='word_1_795' title='bbox 2180 5393 2549 5453; x_wconf 85' lang='grc' dir='ltr'>συναντῶντες</span> <span class='ocrx_word' id='word_1_796' title='bbox 2571 5391 2702 5460; x_wconf 81' lang='grc' dir='ltr'>γοῦν</span> <span class='ocrx_word' id='word_1_797' title='bbox 2725 5390 3054 5452; x_wconf 77' lang='grc' dir='ltr'>κατέπτυον,</span> <span class='ocrx_word' id='word_1_798' title='bbox 3073 5387 3268 5451; x_wconf 78' lang='grc' dir='ltr'>ὤθουν,</span> <span class='ocrx_word' id='word_1_799' title='bbox 3288 5389 3592 5453; x_wconf 78' lang='grc' dir='ltr'>ὲσκέλιζον,</span> <span class='ocrx_word' id='word_1_800' title='bbox 3617 5405 3759 5441; x_wconf 89' lang='grc' dir='ltr'>κατ-</span> 
     </span>
    </p>
   </div>
   <div class='ocr_carea' id='block_1_114' title="bbox 2179 5477 3759 5558">
    <p class='ocr_par' dir='ltr' id='par_1_114' title="bbox 2179 5477 3759 5558">
     <span class='ocr_line' id='line_1_114' title="bbox 2179 5477 3759 5558; baseline -0.006 -15"><span class='ocrx_word' id='word_1_801' title='bbox 2179 5489 2406 5558; x_wconf 77' lang='grc' dir='ltr'><strong>έϐρεχον</strong></span> <span class='ocrx_word' id='word_1_802' title='bbox 2455 5485 2665 5556; x_wconf 79' lang='grc' dir='ltr'>ὓΰρεις.</span> <span class='ocrx_word' id='word_1_803' title='bbox 2697 5483 2900 5554; x_wconf 77' lang='grc' dir='ltr'>Συχνὸν</span> <span class='ocrx_word' id='word_1_804' title='bbox 2953 5477 3020 5553; x_wconf 77' lang='grc' dir='ltr'><strong>ἦν</strong></span> <span class='ocrx_word' id='word_1_805' title='bbox 3072 5483 3255 5546; x_wconf 78' lang='grc' dir='ltr'>αὐτοῖς</span> <span class='ocrx_word' id='word_1_806' title='bbox 3303 5483 3378 5546; x_wconf 80' lang='grc' dir='ltr'>ὡς</span> <span class='ocrx_word' id='word_1_807' title='bbox 3413 5484 3495 5547; x_wconf 81' lang='grc' dir='ltr'><strong>εἰς</strong></span> <span class='ocrx_word' id='word_1_808' title='bbox 3549 5482 3759 5550; x_wconf 70' lang='grc' dir='ltr'>ἐπῳδὸν</span> 
     </span>
    </p>
   </div>
   <div class='ocr_carea' id='block_1_115' title="bbox 2179 5569 3765 5646">
    <p class='ocr_par' dir='ltr' id='par_1_115' title="bbox 2179 5569 3765 5646">
     <span class='ocr_line' id='line_1_115' title="bbox 2179 5569 3765 5646; baseline -0.004 -13"><span class='ocrx_word' id='word_1_809' title='bbox 2179 5582 2260 5634; x_wconf 86' lang='grc' dir='ltr'><strong>τό·</strong></span> <span class='ocrx_word' id='word_1_810' title='bbox 2298 5578 2474 5642; x_wconf 79' lang='grc' dir='ltr'>Ἐλθὲ,</span> <span class='ocrx_word' id='word_1_811' title='bbox 2503 5575 2915 5646; x_wconf 83' lang='grc' dir='ltr'>Καλοϊωάννης.</span> <span class='ocrx_word' id='word_1_812' title='bbox 2935 5574 3167 5643; x_wconf 80' lang='grc' dir='ltr'>Μυκτὴρ</span> <span class='ocrx_word' id='word_1_813' title='bbox 3197 5569 3373 5640; x_wconf 70' lang='grc' dir='ltr'>οὗτος,</span> <span class='ocrx_word' id='word_1_814' title='bbox 3406 5573 3480 5636; x_wconf 84' lang='grc' dir='ltr'>ὡς</span> <span class='ocrx_word' id='word_1_815' title='bbox 3507 5570 3665 5642; x_wconf 82' lang='grc' dir='ltr'>ἡμῶν</span> <span class='ocrx_word' id='word_1_816' title='bbox 3701 5574 3765 5627; x_wconf 83' lang='grc' dir='ltr'><strong>ὲν</strong></span> 
     </span>
    </p>
   </div>
   <div class='ocr_carea' id='block_1_116' title="bbox 2179 5663 3761 5748">
    <p class='ocr_par' dir='ltr' id='par_1_116' title="bbox 2179 5663 3761 5748">
     <span class='ocr_line' id='line_1_116' title="bbox 2179 5663 3761 5748; baseline -0.005 -22"><span class='ocrx_word' id='word_1_817' title='bbox 2179 5669 2247 5748; x_wconf 79' lang='grc' dir='ltr'><strong>τῇ</strong></span> <span class='ocrx_word' id='word_1_818' title='bbox 2280 5672 2568 5741; x_wconf 76' lang='grc' dir='ltr'>πολιορκῖᾳ</span> <span class='ocrx_word' id='word_1_819' title='bbox 2598 5668 3010 5739; x_wconf 82' lang='grc' dir='ltr'>γαυρουμένων,</span> <span class='ocrx_word' id='word_1_820' title='bbox 3038 5666 3234 5736; x_wconf 78' lang='grc' dir='ltr'>μικρὸν</span> <span class='ocrx_word' id='word_1_821' title='bbox 3259 5667 3383 5719; x_wconf 80' lang='grc' dir='ltr'><strong>ὅσον</strong></span> <span class='ocrx_word' id='word_1_822' title='bbox 3414 5663 3761 5735; x_wconf 71' lang='grc' dir='ltr'>τδνζβασιλέα</span> 
     </span>
    </p>
   </div>
   <div class='ocr_carea' id='block_1_117' title="bbox 2199 5754 3767 5830">
    <p class='ocr_par' dir='ltr' id='par_1_117' title="bbox 2199 5754 3767 5830">
     <span class='ocr_line' id='line_1_117' title="bbox 2199 5754 3767 5830; baseline -0.008 -14"><span class='ocrx_word' id='word_1_823' title='bbox 2199 5762 2459 5830; x_wconf 79' lang='grc' dir='ltr'>Ἰωάννην</span> <span class='ocrx_word' id='word_1_824' title='bbox 2491 5757 2667 5811; x_wconf 81' lang='grc' dir='ltr'>ἐλθεῖν</span> <span class='ocrx_word' id='word_1_825' title='bbox 2702 5759 2835 5827; x_wconf 84' lang='grc' dir='ltr'>ἡμῖν</span> <span class='ocrx_word' id='word_1_826' title='bbox 2863 5757 3174 5825; x_wconf 74' lang='grc' dir='ltr'>ἐπίκουρον.</span> <span class='ocrx_word' id='word_1_827' title='bbox 3208 5755 3272 5808; x_wconf 83' lang='lat' dir='ltr'><strong>El.</strong></span> <span class='ocrx_word' id='word_1_828' title='bbox 3304 5754 3360 5808; x_wconf 86' lang='grc' dir='ltr'>δέ</span> <span class='ocrx_word' id='word_1_829' title='bbox 3384 5771 3467 5818; x_wconf 91' lang='grc' dir='ltr'><strong>τις</strong></span> <span class='ocrx_word' id='word_1_830' title='bbox 3498 5754 3605 5807; x_wconf 85' lang='grc' dir='ltr'>τῶν</span> <span class='ocrx_word' id='word_1_831' title='bbox 3635 5769 3767 5805; x_wconf 86' lang='grc' dir='ltr'>συν-</span> 
     </span>
    </p>
   </div>
   <div class='ocr_carea' id='block_1_118' title="bbox 2188 5843 3765 5928">
    <p class='ocr_par' dir='ltr' id='par_1_118' title="bbox 2188 5843 3765 5928">
     <span class='ocr_line' id='line_1_118' title="bbox 2188 5843 3765 5928; baseline -0.004 -19"><span class='ocrx_word' id='word_1_832' title='bbox 2188 5852 2548 5928; x_wconf 79' lang='grc' dir='ltr'>αιχμαλὼτων</span> <span class='ocrx_word' id='word_1_833' title='bbox 2599 5849 2739 5921; x_wconf 76' lang='grc' dir='ltr'>πεζῆ</span> <span class='ocrx_word' id='word_1_834' title='bbox 2774 5850 2873 5921; x_wconf 80' lang='grc' dir='ltr'>τὴν</span> <span class='ocrx_word' id='word_1_835' title='bbox 2907 5846 3182 5918; x_wconf 76' lang='grc' dir='ltr'>λεωφόρον</span> <span class='ocrx_word' id='word_1_836' title='bbox 3213 5846 3390 5920; x_wconf 77' lang='grc' dir='ltr'>τρξϐοι</span> <span class='ocrx_word' id='word_1_837' title='bbox 3424 5846 3527 5917; x_wconf 83' lang='grc' dir='ltr'>(τίς</span> <span class='ocrx_word' id='word_1_838' title='bbox 3587 5845 3645 5900; x_wconf 67' lang='grc' dir='ltr'>δὲ</span> <span class='ocrx_word' id='word_1_839' title='bbox 3694 5843 3765 5902; x_wconf 73' lang='grc' dir='ltr'><strong>οὐ</strong></span> 
     </span>
    </p>
   </div>
  </div>
