  <div class='ocr_page' id='page_1' title='image "/cluster/home/n/w/nwhite01/storage/ocr_20150623/136/coo.31924054870419/066.png"; bbox 0 0 4084 6416; ppageno 0'>
   <div class='ocr_carea' id='block_1_1' title="bbox 327 415 2776 493">
    <p class='ocr_par' dir='ltr' id='par_1_1' title="bbox 327 415 2776 493">
     <span class='ocr_line' id='line_1_1' title="bbox 327 415 2776 493; baseline -0.004 -5"><span class='ocrx_word' id='word_1_1' title='bbox 327 424 410 493; x_wconf 77' lang='grc'><strong>117</strong></span> <span class='ocrx_word' id='word_1_2' title='bbox 1104 425 1208 491; x_wconf 86' lang='lat' dir='ltr'><strong>DE</strong></span> <span class='ocrx_word' id='word_1_3' title='bbox 1245 423 1822 488; x_wconf 78' lang='lat' dir='ltr'><strong>THESSALONICA</strong></span> <span class='ocrx_word' id='word_1_4' title='bbox 1847 420 2055 484; x_wconf 82' lang='lat' dir='ltr'><strong>URBE</strong></span> <span class='ocrx_word' id='word_1_5' title='bbox 2094 421 2137 478; x_wconf 74' lang='grc' dir='ltr'><strong>Α</strong></span> <span class='ocrx_word' id='word_1_6' title='bbox 2177 415 2484 478; x_wconf 80' lang='lat' dir='ltr'><strong>LATINIS</strong></span> <span class='ocrx_word' id='word_1_7' title='bbox 2520 416 2776 479; x_wconf 79' lang='lat' dir='ltr'><strong>CAPTA.</strong></span> 
     </span>
    </p>
   </div>
   <div class='ocr_carea' id='block_1_2' title="bbox 3457 412 3565 477">
    <p class='ocr_par' dir='ltr' id='par_1_2' title="bbox 3457 412 3565 477">
     <span class='ocr_line' id='line_1_2' title="bbox 3457 412 3565 477; baseline 0 -1"><span class='ocrx_word' id='word_1_8' title='bbox 3457 412 3565 477; x_wconf 74' lang='lat'><strong>118</strong></span> 
     </span>
    </p>
   </div>
   <div class='ocr_carea' id='block_1_3' title="bbox 324 532 1893 616">
    <p class='ocr_par' dir='ltr' id='par_1_3' title="bbox 324 534 1875 616">
     <span class='ocr_line' id='line_1_3' title="bbox 324 534 1875 616; baseline -0.004 -15"><span class='ocrx_word' id='word_1_9' title='bbox 324 547 542 610; x_wconf 78' lang='grc' dir='ltr'>τοιοῦτος</span> <span class='ocrx_word' id='word_1_10' title='bbox 574 545 738 613; x_wconf 80' lang='lat' dir='ltr'><strong>161s;</strong></span> <span class='ocrx_word' id='word_1_11' title='bbox 781 546 870 599; x_wconf 85' lang='grc' dir='ltr'>ὅτε</span> <span class='ocrx_word' id='word_1_12' title='bbox 903 545 1003 598; x_wconf 69' lang='grc' dir='ltr'>καὶ</span> <span class='ocrx_word' id='word_1_13' title='bbox 1034 534 1196 615; x_wconf 71' lang='grc' dir='ltr'>ἡμεῖς</span> <span class='ocrx_word' id='word_1_14' title='bbox 1229 545 1546 616; x_wconf 77' lang='grc' dir='ltr'><strong>ἐπάσχομεν</strong></span> <span class='ocrx_word' id='word_1_15' title='bbox 1584 545 1746 606; x_wconf 76' lang='grc' dir='ltr'>οὕτω,</span> <span class='ocrx_word' id='word_1_16' title='bbox 1778 559 1875 596; x_wconf 73' lang='grc' dir='ltr'><strong>και</strong></span> 
     </span>
    </p>
   </div>
   <div class='ocr_carea' id='block_1_4' title="bbox 1997 532 3559 616">
    <p class='ocr_par' dir='ltr' id='par_1_4' title="bbox 1997 532 3559 609">
     <span class='ocr_line' id='line_1_4' title="bbox 1997 532 3559 609; baseline -0.005 -16"><span class='ocrx_word' id='word_1_17' title='bbox 1997 539 2112 609; x_wconf 77' lang='lat' dir='ltr'><strong>quis</strong></span> <span class='ocrx_word' id='word_1_18' title='bbox 2171 552 2300 592; x_wconf 88' lang='lat' dir='ltr'><strong>vero</strong></span> <span class='ocrx_word' id='word_1_19' title='bbox 2355 538 2802 605; x_wconf 88' lang='lat' dir='ltr'><strong>concaptivorum</strong></span> <span class='ocrx_word' id='word_1_20' title='bbox 2860 533 2944 588; x_wconf 91' lang='lat' dir='ltr'><strong>via</strong></span> <span class='ocrx_word' id='word_1_21' title='bbox 2986 533 3199 602; x_wconf 90' lang='lat' dir='ltr'><strong>publica</strong></span> <span class='ocrx_word' id='word_1_22' title='bbox 3237 532 3403 603; x_wconf 82' lang='lat' dir='ltr'><strong>pedes</strong></span> <span class='ocrx_word' id='word_1_23' title='bbox 3437 547 3559 587; x_wconf 85' lang='lat' dir='ltr'><strong>am-</strong></span> 
     </span>
    </p>
   </div>
   <div class='ocr_carea' id='block_1_5' title="bbox 323 634 1882 708">
    <p class='ocr_par' dir='ltr' id='par_1_5' title="bbox 323 634 1882 708">
     <span class='ocr_line' id='line_1_5' title="bbox 323 634 1882 708; baseline -0.004 -16"><span class='ocrx_word' id='word_1_24' title='bbox 323 638 561 701; x_wconf 84' lang='grc' dir='ltr'>τάκοποι,</span> <span class='ocrx_word' id='word_1_25' title='bbox 593 640 690 690; x_wconf 75' lang='grc' dir='ltr'>καὶ</span> <span class='ocrx_word' id='word_1_26' title='bbox 736 637 808 690; x_wconf 71' lang='grc' dir='ltr'>τὰ</span> <span class='ocrx_word' id='word_1_27' title='bbox 849 637 1014 704; x_wconf 87' lang='grc' dir='ltr'>σκέλη</span> <span class='ocrx_word' id='word_1_28' title='bbox 1051 638 1384 708; x_wconf 83' lang='grc' dir='ltr'>παράφοροι,</span> <span class='ocrx_word' id='word_1_29' title='bbox 1417 639 1512 692; x_wconf 64' lang='grc' dir='ltr'><strong>καλ⁸</strong></span> <span class='ocrx_word' id='word_1_30' title='bbox 1538 634 1882 705; x_wconf 81' lang='grc' dir='ltr'>τεταραγμέ-</span> 
     </span>
    </p>
   </div>
   <div class='ocr_carea' id='block_1_6' title="bbox 284 727 1884 798">
    <p class='ocr_par' dir='ltr' id='par_1_6' title="bbox 284 727 1884 798">
     <span class='ocr_line' id='line_1_6' title="bbox 284 727 1884 798; baseline -0.001 -18"><span class='ocrx_word' id='word_1_31' title='bbox 284 771 286 779; x_wconf 95' lang='grc'><strong>.</strong></span> <span class='ocrx_word' id='word_1_32' title='bbox 327 748 416 793; x_wconf 88' lang='grc' dir='ltr'>νοι,</span> <span class='ocrx_word' id='word_1_33' title='bbox 462 733 558 785; x_wconf 66' lang='grc' dir='ltr'>καὶ</span> <span class='ocrx_word' id='word_1_34' title='bbox 593 729 985 798; x_wconf 82' lang='grc' dir='ltr'>σεσαλευμένοι</span> <span class='ocrx_word' id='word_1_35' title='bbox 1025 729 1166 782; x_wconf 83' lang='grc' dir='ltr'>κατὰ</span> <span class='ocrx_word' id='word_1_36' title='bbox 1205 727 1560 796; x_wconf 81' lang='grc' dir='ltr'>μεθύοντας),</span> <span class='ocrx_word' id='word_1_37' title='bbox 1614 729 1662 780; x_wconf 89' lang='grc' dir='ltr'>εἰ</span> <span class='ocrx_word' id='word_1_38' title='bbox 1701 727 1884 780; x_wconf 78' lang='grc' dir='ltr'><strong>τοίνυν</strong></span> 
     </span>
    </p>
   </div>
   <div class='ocr_carea' id='block_1_7' title="bbox 329 819 1884 889">
    <p class='ocr_par' dir='ltr' id='par_1_7' title="bbox 329 819 1884 889">
     <span class='ocr_line' id='line_1_7' title="bbox 329 819 1884 889; baseline -0.003 -17"><span class='ocrx_word' id='word_1_39' title='bbox 329 821 455 873; x_wconf 78' lang='grc' dir='ltr'>οὕτω</span> <span class='ocrx_word' id='word_1_40' title='bbox 481 839 563 884; x_wconf 87' lang='grc' dir='ltr'><strong>τις</strong></span> <span class='ocrx_word' id='word_1_41' title='bbox 602 822 733 889; x_wconf 72' lang='grc' dir='ltr'>περὶ</span> <span class='ocrx_word' id='word_1_42' title='bbox 777 820 1054 874; x_wconf 73' lang='grc' dir='ltr'>στενωπὸν</span> <span class='ocrx_word' id='word_1_43' title='bbox 1086 819 1283 884; x_wconf 84' lang='grc' dir='ltr'>δδεύοι,</span> <span class='ocrx_word' id='word_1_44' title='bbox 1327 821 1421 874; x_wconf 65' lang='grc' dir='ltr'><strong>καὶ</strong></span> <span class='ocrx_word' id='word_1_45' title='bbox 1465 820 1619 889; x_wconf 82' lang='grc' dir='ltr'>τύχοι</span> <span class='ocrx_word' id='word_1_46' title='bbox 1655 821 1884 872; x_wconf 75' lang='grc' dir='ltr'>Λατῖνον</span> 
     </span>
    </p>
   </div>
   <div class='ocr_carea' id='block_1_8' title="bbox 333 911 1886 983">
    <p class='ocr_par' dir='ltr' id='par_1_8' title="bbox 333 911 1886 983">
     <span class='ocr_line' id='line_1_8' title="bbox 333 911 1886 983; baseline -0.001 -18"><span class='ocrx_word' id='word_1_47' title='bbox 333 914 656 983; x_wconf 73' lang='grc' dir='ltr'><strong>παρέχεσθαι</strong></span> <span class='ocrx_word' id='word_1_48' title='bbox 698 913 963 981; x_wconf 76' lang='grc' dir='ltr'>ἔφιππον,</span> <span class='ocrx_word' id='word_1_49' title='bbox 1021 913 1120 965; x_wconf 85' lang='grc' dir='ltr'><strong>ούκ</strong></span> <span class='ocrx_word' id='word_1_50' title='bbox 1171 911 1236 965; x_wconf 83' lang='grc' dir='ltr'>ἂν</span> <span class='ocrx_word' id='word_1_51' title='bbox 1273 915 1478 974; x_wconf 74' lang='grc' dir='ltr'>ἐκεῖνος</span> <span class='ocrx_word' id='word_1_52' title='bbox 1508 912 1756 980; x_wconf 80' lang='grc' dir='ltr'>φείσαιτο</span> <span class='ocrx_word' id='word_1_53' title='bbox 1790 927 1886 964; x_wconf 86' lang='grc' dir='ltr'>κα-</span> 
     </span>
    </p>
   </div>
   <div class='ocr_carea' id='block_1_9' title="bbox 328 1000 1885 1070">
    <p class='ocr_par' dir='ltr' id='par_1_9' title="bbox 328 1000 1885 1070">
     <span class='ocr_line' id='line_1_9' title="bbox 328 1000 1885 1070; baseline -0.001 -17"><span class='ocrx_word' id='word_1_54' title='bbox 328 1003 628 1065; x_wconf 77' lang='grc' dir='ltr'>ταπατῆσαι</span> <span class='ocrx_word' id='word_1_55' title='bbox 668 1002 768 1055; x_wconf 74' lang='grc' dir='ltr'><strong>καὶ</strong></span> <span class='ocrx_word' id='word_1_56' title='bbox 801 1001 1089 1070; x_wconf 73' lang='grc' dir='ltr'>συντρῖψαι</span> <span class='ocrx_word' id='word_1_57' title='bbox 1118 1000 1207 1052; x_wconf 81' lang='grc' dir='ltr'><strong>τὸν</strong></span> <span class='ocrx_word' id='word_1_58' title='bbox 1235 1001 1540 1070; x_wconf 81' lang='grc' dir='ltr'>ἄνθρωπον,</span> <span class='ocrx_word' id='word_1_59' title='bbox 1588 1000 1885 1070; x_wconf 74' lang='grc' dir='ltr'>κεντρίζων</span> 
     </span>
    </p>
   </div>
   <div class='ocr_carea' id='block_1_10' title="bbox 329 1091 1884 1161">
    <p class='ocr_par' dir='ltr' id='par_1_10' title="bbox 329 1091 1884 1161">
     <span class='ocr_line' id='line_1_10' title="bbox 329 1091 1884 1161; baseline -0.003 -14"><span class='ocrx_word' id='word_1_60' title='bbox 329 1096 405 1147; x_wconf 59' lang='grc' dir='ltr'>τὴν</span> <span class='ocrx_word' id='word_1_61' title='bbox 436 1094 604 1146; x_wconf 82' lang='grc' dir='ltr'>ἵππον</span> <span class='ocrx_word' id='word_1_62' title='bbox 651 1095 733 1156; x_wconf 83' lang='grc' dir='ltr'>εἰς</span> <span class='ocrx_word' id='word_1_63' title='bbox 767 1093 1214 1161; x_wconf 81' lang='grc' dir='ltr'>κατασκίρτημα.</span> <span class='ocrx_word' id='word_1_64' title='bbox 1246 1091 1434 1154; x_wconf 79' lang='grc' dir='ltr'>Οὕτως</span> <span class='ocrx_word' id='word_1_65' title='bbox 1487 1091 1704 1159; x_wconf 76' lang='grc' dir='ltr'>ἐφίλουν</span> <span class='ocrx_word' id='word_1_66' title='bbox 1737 1091 1884 1160; x_wconf 73' lang='grc' dir='ltr'>ἡμᾶς</span> 
     </span>
    </p>
   </div>
   <div class='ocr_carea' id='block_1_11' title="bbox 325 1184 1885 1256">
    <p class='ocr_par' dir='ltr' id='par_1_11' title="bbox 325 1184 1885 1256">
     <span class='ocr_line' id='line_1_11' title="bbox 325 1184 1885 1256; baseline -0.002 -18"><span class='ocrx_word' id='word_1_67' title='bbox 325 1186 689 1256; x_wconf 80' lang='grc' dir='ltr'>θίάνθρωποι,</span> <span class='ocrx_word' id='word_1_68' title='bbox 737 1186 910 1256; x_wconf 77' lang='grc' dir='ltr'>συχνά</span> <span class='ocrx_word' id='word_1_69' title='bbox 970 1185 1109 1254; x_wconf 69' lang='grc' dir='ltr'>πρὸς</span> <span class='ocrx_word' id='word_1_70' title='bbox 1169 1186 1350 1238; x_wconf 83' lang='grc' dir='ltr'>πάντα</span> <span class='ocrx_word' id='word_1_71' title='bbox 1399 1184 1558 1252; x_wconf 81' lang='grc' dir='ltr'>λόγον</span> <span class='ocrx_word' id='word_1_72' title='bbox 1601 1184 1694 1237; x_wconf 77' lang='grc' dir='ltr'>καὶ</span> <span class='ocrx_word' id='word_1_73' title='bbox 1749 1185 1885 1254; x_wconf 71' lang='grc' dir='ltr'>πρὸς</span> 
     </span>
    </p>
   </div>
   <div class='ocr_carea' id='block_1_12' title="bbox 327 1276 1887 1348">
    <p class='ocr_par' dir='ltr' id='par_1_12' title="bbox 327 1276 1887 1348">
     <span class='ocr_line' id='line_1_12' title="bbox 327 1276 1887 1348; baseline -0.001 -18"><span class='ocrx_word' id='word_1_74' title='bbox 327 1279 420 1331; x_wconf 77' lang='grc' dir='ltr'>πᾶν</span> <span class='ocrx_word' id='word_1_75' title='bbox 465 1279 629 1348; x_wconf 74' lang='grc' dir='ltr'>ἔργον</span> <span class='ocrx_word' id='word_1_76' title='bbox 666 1278 1051 1347; x_wconf 79' lang='grc' dir='ltr'>προϊσχόμενοι</span> <span class='ocrx_word' id='word_1_77' title='bbox 1084 1279 1161 1338; x_wconf 84' lang='grc' dir='ltr'><strong>είς</strong></span> <span class='ocrx_word' id='word_1_78' title='bbox 1187 1276 1470 1329; x_wconf 78' lang='grc' dir='ltr'>δικαίωσιν</span> <span class='ocrx_word' id='word_1_79' title='bbox 1501 1276 1592 1329; x_wconf 77' lang='grc' dir='ltr'><strong>τοῦ</strong></span> <span class='ocrx_word' id='word_1_80' title='bbox 1647 1293 1887 1344; x_wconf 82' lang='grc' dir='ltr'>κακουρ-</span> 
     </span>
    </p>
   </div>
   <div class='ocr_carea' id='block_1_13' title="bbox 325 1366 1884 1438">
    <p class='ocr_par' dir='ltr' id='par_1_13' title="bbox 325 1366 1884 1438">
     <span class='ocr_line' id='line_1_13' title="bbox 325 1366 1884 1438; baseline -0.001 -18"><span class='ocrx_word' id='word_1_81' title='bbox 325 1372 428 1435; x_wconf 84' lang='grc' dir='ltr'>γεῖν</span> <span class='ocrx_word' id='word_1_82' title='bbox 477 1372 540 1421; x_wconf 81' lang='grc' dir='ltr'><strong>τὸ</strong></span> <span class='ocrx_word' id='word_1_83' title='bbox 591 1369 700 1423; x_wconf 81' lang='grc' dir='ltr'>ἀπὸ</span> <span class='ocrx_word' id='word_1_84' title='bbox 739 1370 954 1437; x_wconf 82' lang='grc' dir='ltr'><strong>σπάθης</strong></span> <span class='ocrx_word' id='word_1_85' title='bbox 1004 1370 1153 1438; x_wconf 79' lang='grc' dir='ltr'>ἡμᾶς</span> <span class='ocrx_word' id='word_1_86' title='bbox 1206 1367 1371 1419; x_wconf 80' lang='grc' dir='ltr'>ἑλεῖν·</span> <span class='ocrx_word' id='word_1_87' title='bbox 1427 1368 1527 1419; x_wconf 83' lang='grc' dir='ltr'><strong>οὐκ</strong></span> <span class='ocrx_word' id='word_1_88' title='bbox 1562 1366 1884 1437; x_wconf 80' lang='grc' dir='ltr'>ἀνθρώπινα</span> 
     </span>
    </p>
   </div>
   <div class='ocr_carea' id='block_1_14' title="bbox 325 1455 1889 1532">
    <p class='ocr_par' dir='ltr' id='par_1_14' title="bbox 325 1455 1889 1532">
     <span class='ocr_line' id='line_1_14' title="bbox 325 1455 1889 1532; baseline -0.002 -20"><span class='ocrx_word' id='word_1_89' title='bbox 325 1458 621 1520; x_wconf 77' lang='grc' dir='ltr'>λαλοῦντες,</span> <span class='ocrx_word' id='word_1_90' title='bbox 654 1459 770 1511; x_wconf 81' lang='grc' dir='ltr'>ἀλλ’</span> <span class='ocrx_word' id='word_1_91' title='bbox 816 1458 949 1510; x_wconf 71' lang='grc' dir='ltr'>ὡσεὶ</span> <span class='ocrx_word' id='word_1_92' title='bbox 981 1461 1072 1532; x_wconf 59' lang='grc' dir='ltr'><strong>καί</strong></span> <span class='ocrx_word' id='word_1_93' title='bbox 1124 1458 1260 1510; x_wconf 84' lang='grc' dir='ltr'>λέων</span> <span class='ocrx_word' id='word_1_94' title='bbox 1308 1458 1486 1526; x_wconf 80' lang='grc' dir='ltr'>ἄγραν</span> <span class='ocrx_word' id='word_1_95' title='bbox 1531 1455 1666 1508; x_wconf 75' lang='grc' dir='ltr'>ἑλὼν</span> <span class='ocrx_word' id='word_1_96' title='bbox 1715 1456 1889 1509; x_wconf 78' lang='grc' dir='ltr'>ἐθέλει</span> 
     </span>
    </p>
   </div>
   <div class='ocr_carea' id='block_1_15' title="bbox 322 1543 1887 1618">
    <p class='ocr_par' dir='ltr' id='par_1_15' title="bbox 322 1543 1887 1618">
     <span class='ocr_line' id='line_1_15' title="bbox 322 1543 1887 1618; baseline -0.003 -17"><span class='ocrx_word' id='word_1_97' title='bbox 322 1549 548 1618; x_wconf 79' lang='grc' dir='ltr'>διασπᾷν</span> <span class='ocrx_word' id='word_1_98' title='bbox 581 1547 775 1618; x_wconf 81' lang='grc' dir='ltr'>αὐτὴν,</span> <span class='ocrx_word' id='word_1_99' title='bbox 809 1548 908 1615; x_wconf 78' lang='grc' dir='ltr'><strong>οὐχ</strong></span> <span class='ocrx_word' id='word_1_100' title='bbox 949 1548 1031 1598; x_wconf 74' lang='grc' dir='ltr'>ὅτι</span> <span class='ocrx_word' id='word_1_101' title='bbox 1054 1546 1264 1615; x_wconf 77' lang='grc' dir='ltr'>πεινῴη</span> <span class='ocrx_word' id='word_1_102' title='bbox 1301 1546 1396 1597; x_wconf 70' lang='grc' dir='ltr'><strong>καὶ</strong></span> <span class='ocrx_word' id='word_1_103' title='bbox 1425 1543 1619 1612; x_wconf 79' lang='grc' dir='ltr'>ποθοίη</span> <span class='ocrx_word' id='word_1_104' title='bbox 1654 1544 1887 1615; x_wconf 81' lang='grc' dir='ltr'>σάρκας,</span> 
     </span>
    </p>
   </div>
   <div class='ocr_carea' id='block_1_16' title="bbox 322 1631 1890 1707">
    <p class='ocr_par' dir='ltr' id='par_1_16' title="bbox 322 1631 1890 1707">
     <span class='ocr_line' id='line_1_16' title="bbox 322 1631 1890 1707; baseline -0.003 -15"><span class='ocrx_word' id='word_1_105' title='bbox 322 1639 442 1692; x_wconf 78' lang='grc' dir='ltr'>ἀλλὰ</span> <span class='ocrx_word' id='word_1_106' title='bbox 473 1639 671 1707; x_wconf 85' lang='grc' dir='ltr'>δικαίῳ</span> <span class='ocrx_word' id='word_1_107' title='bbox 724 1636 820 1690; x_wconf 86' lang='grc' dir='ltr'><strong>τοῦ</strong></span> <span class='ocrx_word' id='word_1_108' title='bbox 859 1639 1082 1705; x_wconf 84' lang='grc' dir='ltr'>συσχεῖν</span> <span class='ocrx_word' id='word_1_109' title='bbox 1131 1636 1298 1704; x_wconf 80' lang='grc' dir='ltr'>αὐτὴν</span> <span class='ocrx_word' id='word_1_110' title='bbox 1328 1635 1529 1699; x_wconf 74' lang='grc' dir='ltr'>ὄνυξιν.</span> <span class='ocrx_word' id='word_1_111' title='bbox 1563 1637 1676 1688; x_wconf 83' lang='grc' dir='ltr'>Οὐκ</span> <span class='ocrx_word' id='word_1_112' title='bbox 1701 1631 1770 1706; x_wconf 81' lang='grc' dir='ltr'>ἦν</span> <span class='ocrx_word' id='word_1_113' title='bbox 1799 1637 1890 1689; x_wconf 67' lang='grc' dir='ltr'>ἐπὶ</span> 
     </span>
    </p>
   </div>
   <div class='ocr_carea' id='block_1_17' title="bbox 322 1726 1888 1798">
    <p class='ocr_par' dir='ltr' id='par_1_17' title="bbox 322 1726 1888 1798">
     <span class='ocr_line' id='line_1_17' title="bbox 322 1726 1888 1798; baseline -0.003 -15"><span class='ocrx_word' id='word_1_114' title='bbox 322 1730 519 1793; x_wconf 76' lang='grc' dir='ltr'>τούτοις</span> <span class='ocrx_word' id='word_1_115' title='bbox 570 1730 694 1782; x_wconf 85' lang='grc' dir='ltr'>οὐδὲ</span> <span class='ocrx_word' id='word_1_116' title='bbox 754 1730 1074 1783; x_wconf 76' lang='grc' dir='ltr'>ὕποστένειν</span> <span class='ocrx_word' id='word_1_117' title='bbox 1116 1728 1298 1798; x_wconf 80' lang='grc' dir='ltr'>ἡμᾶς,</span> <span class='ocrx_word' id='word_1_118' title='bbox 1350 1726 1548 1779; x_wconf 82' lang='grc' dir='ltr'>ούκουν</span> <span class='ocrx_word' id='word_1_119' title='bbox 1603 1726 1724 1780; x_wconf 83' lang='grc' dir='ltr'>οὐδὲ</span> <span class='ocrx_word' id='word_1_120' title='bbox 1768 1727 1888 1779; x_wconf 82' lang='grc' dir='ltr'>κατ’</span> 
     </span>
    </p>
   </div>
   <div class='ocr_carea' id='block_1_18' title="bbox 319 1819 1888 1891">
    <p class='ocr_par' dir='ltr' id='par_1_18' title="bbox 319 1819 1888 1891">
     <span class='ocr_line' id='line_1_18' title="bbox 319 1819 1888 1891; baseline -0.001 -17"><span class='ocrx_word' id='word_1_121' title='bbox 319 1823 428 1891; x_wconf 67' lang='grc' dir='ltr'>ὄψιν</span> <span class='ocrx_word' id='word_1_122' title='bbox 461 1821 908 1891; x_wconf 78' lang='grc' dir='ltr'>σκυθρωπάζειν,</span> <span class='ocrx_word' id='word_1_123' title='bbox 939 1819 976 1874; x_wconf 71' lang='grc' dir='ltr'>ἃ.</span> <span class='ocrx_word' id='word_1_124' title='bbox 1006 1820 1071 1890; x_wconf 83' lang='grc' dir='ltr'>δὴ</span> <span class='ocrx_word' id='word_1_125' title='bbox 1102 1822 1216 1880; x_wconf 84' lang='grc' dir='ltr'>τοῖς</span> <span class='ocrx_word' id='word_1_126' title='bbox 1240 1821 1294 1872; x_wconf 85' lang='grc' dir='ltr'>ὲν</span> <span class='ocrx_word' id='word_1_127' title='bbox 1321 1819 1553 1872; x_wconf 86' lang='grc' dir='ltr'>κλύδωνι</span> <span class='ocrx_word' id='word_1_128' title='bbox 1588 1820 1888 1888; x_wconf 81' lang='grc' dir='ltr'>συμφορῶν</span> 
     </span>
    </p>
   </div>
   <div class='ocr_carea' id='block_1_19' title="bbox 1984 625 3561 702">
    <p class='ocr_par' dir='ltr' id='par_1_19' title="bbox 1984 625 3561 702">
     <span class='ocr_line' id='line_1_19' title="bbox 1984 625 3561 702; baseline -0.004 -16"><span class='ocrx_word' id='word_1_129' title='bbox 1984 632 2200 687; x_wconf 84' lang='lat' dir='ltr'><strong>bniaret</strong></span> <span class='ocrx_word' id='word_1_130' title='bbox 2233 630 2378 702; x_wconf 83' lang='lat' dir='ltr'><strong>(quis</strong></span> <span class='ocrx_word' id='word_1_131' title='bbox 2431 639 2562 684; x_wconf 91' lang='lat' dir='ltr'><strong>tunc</strong></span> <span class='ocrx_word' id='word_1_132' title='bbox 2604 642 2714 682; x_wconf 91' lang='lat' dir='ltr'><strong>non</strong></span> <span class='ocrx_word' id='word_1_133' title='bbox 2766 627 2847 681; x_wconf 90' lang='lat' dir='ltr'><strong>ila</strong></span> <span class='ocrx_word' id='word_1_134' title='bbox 2894 625 3244 682; x_wconf 84' lang='lat' dir='ltr'><strong>ambulabat?</strong></span> <span class='ocrx_word' id='word_1_135' title='bbox 3277 640 3400 680; x_wconf 90' lang='lat' dir='ltr'><strong>cum</strong></span> <span class='ocrx_word' id='word_1_136' title='bbox 3458 639 3561 679; x_wconf 86' lang='lat' dir='ltr'><strong>nos</strong></span> 
     </span>
    </p>
   </div>
   <div class='ocr_carea' id='block_1_20' title="bbox 1986 718 3556 792">
    <p class='ocr_par' dir='ltr' id='par_1_20' title="bbox 1986 718 3556 792">
     <span class='ocr_line' id='line_1_20' title="bbox 1986 718 3556 792; baseline -0.004 -13"><span class='ocrx_word' id='word_1_137' title='bbox 1986 725 2092 792; x_wconf 88' lang='lat' dir='ltr'><strong>ipsi</strong></span> <span class='ocrx_word' id='word_1_138' title='bbox 2135 725 2239 778; x_wconf 92' lang='lat' dir='ltr'><strong>hoc</strong></span> <span class='ocrx_word' id='word_1_139' title='bbox 2295 724 2721 784; x_wconf 81' lang='lat' dir='ltr'><strong>sustineremus,</strong></span> <span class='ocrx_word' id='word_1_140' title='bbox 2779 721 2937 786; x_wconf 80' lang='lat' dir='ltr'><strong>fessi,</strong></span> <span class='ocrx_word' id='word_1_141' title='bbox 2991 720 3251 775; x_wconf 91' lang='lat' dir='ltr'><strong>cruribus</strong></span> <span class='ocrx_word' id='word_1_142' title='bbox 3305 718 3556 784; x_wconf 78' lang='lat' dir='ltr'><strong>incertis,</strong></span> 
     </span>
    </p>
   </div>
   <div class='ocr_carea' id='block_1_21' title="bbox 1988 811 3563 882">
    <p class='ocr_par' dir='ltr' id='par_1_21' title="bbox 1988 811 3563 882">
     <span class='ocr_line' id='line_1_21' title="bbox 1988 811 3563 882; baseline -0.004 -12"><span class='ocrx_word' id='word_1_143' title='bbox 1988 817 2195 871; x_wconf 92' lang='lat' dir='ltr'><strong>turbati</strong></span> <span class='ocrx_word' id='word_1_144' title='bbox 2267 817 2687 882; x_wconf 88' lang='lat' dir='ltr'><strong>titubantesque</strong></span> <span class='ocrx_word' id='word_1_145' title='bbox 2745 814 2892 868; x_wconf 88' lang='lat' dir='ltr'><strong>sicut</strong></span> <span class='ocrx_word' id='word_1_146' title='bbox 2966 811 3148 882; x_wconf 84' lang='lat' dir='ltr'><strong>ebrii),</strong></span> <span class='ocrx_word' id='word_1_147' title='bbox 3206 812 3251 865; x_wconf 89' lang='lat' dir='ltr'><strong>si</strong></span> <span class='ocrx_word' id='word_1_148' title='bbox 3309 823 3442 879; x_wconf 77' lang='lat' dir='ltr'><strong>ergo</strong></span> <span class='ocrx_word' id='word_1_149' title='bbox 3482 811 3563 863; x_wconf 89' lang='lat' dir='ltr'><strong>sic</strong></span> 
     </span>
    </p>
   </div>
   <div class='ocr_carea' id='block_1_22' title="bbox 1986 901 3562 977">
    <p class='ocr_par' dir='ltr' id='par_1_22' title="bbox 1986 901 3562 977">
     <span class='ocr_line' id='line_1_22' title="bbox 1986 901 3562 977; baseline -0.004 -16"><span class='ocrx_word' id='word_1_150' title='bbox 1986 908 2182 977; x_wconf 85' lang='lat' dir='ltr'><strong>aliquis</strong></span> <span class='ocrx_word' id='word_1_151' title='bbox 2213 906 2298 960; x_wconf 91' lang='lat' dir='ltr'><strong>via</strong></span> <span class='ocrx_word' id='word_1_152' title='bbox 2327 916 2479 961; x_wconf 87' lang='lat' dir='ltr'><strong>arcta</strong></span> <span class='ocrx_word' id='word_1_153' title='bbox 2521 906 2623 959; x_wconf 89' lang='lat' dir='ltr'><strong>iter</strong></span> <span class='ocrx_word' id='word_1_154' title='bbox 2653 905 2859 958; x_wconf 80' lang='lat' dir='ltr'><strong>faceret</strong></span> <span class='ocrx_word' id='word_1_155' title='bbox 2891 911 3317 972; x_wconf 88' lang='lat' dir='ltr'><strong>occurreretqne</strong></span> <span class='ocrx_word' id='word_1_156' title='bbox 3362 901 3562 954; x_wconf 83' lang='lat' dir='ltr'><strong>Latino</strong></span> 
     </span>
    </p>
   </div>
   <div class='ocr_carea' id='block_1_23' title="bbox 1987 994 3564 1068">
    <p class='ocr_par' dir='ltr' id='par_1_23' title="bbox 1987 994 3564 1068">
     <span class='ocr_line' id='line_1_23' title="bbox 1987 994 3564 1068; baseline -0.003 -16"><span class='ocrx_word' id='word_1_157' title='bbox 1987 1003 2042 1052; x_wconf 91' lang='lat' dir='ltr'><strong>in</strong></span> <span class='ocrx_word' id='word_1_158' title='bbox 2114 1013 2260 1068; x_wconf 90' lang='lat' dir='ltr'><strong>equo</strong></span> <span class='ocrx_word' id='word_1_159' title='bbox 2314 997 2548 1061; x_wconf 87' lang='lat' dir='ltr'><strong>sedenti,</strong></span> <span class='ocrx_word' id='word_1_160' title='bbox 2598 998 2684 1050; x_wconf 89' lang='lat' dir='ltr'><strong>hic</strong></span> <span class='ocrx_word' id='word_1_161' title='bbox 2751 1011 2857 1050; x_wconf 90' lang='lat' dir='ltr'><strong>non</strong></span> <span class='ocrx_word' id='word_1_162' title='bbox 2897 996 3185 1049; x_wconf 73' lang='lat' dir='ltr'><strong>dubitabat</strong></span> <span class='ocrx_word' id='word_1_163' title='bbox 3237 994 3564 1048; x_wconf 80' lang='lat' dir='ltr'><strong>conculcare</strong></span> 
     </span>
    </p>
   </div>
   <div class='ocr_carea' id='block_1_24' title="bbox 1988 1086 3563 1159">
    <p class='ocr_par' dir='ltr' id='par_1_24' title="bbox 1988 1086 3563 1159">
     <span class='ocr_line' id='line_1_24' title="bbox 1988 1086 3563 1159; baseline -0.004 -16"><span class='ocrx_word' id='word_1_164' title='bbox 1988 1092 2259 1159; x_wconf 90' lang='lat' dir='ltr'><strong>illumque</strong></span> <span class='ocrx_word' id='word_1_165' title='bbox 2300 1088 2530 1154; x_wconf 84' lang='lat' dir='ltr'><strong>elidere,</strong></span> <span class='ocrx_word' id='word_1_166' title='bbox 2569 1104 2768 1157; x_wconf 89' lang='lat' dir='ltr'><strong>equum</strong></span> <span class='ocrx_word' id='word_1_167' title='bbox 2803 1087 3138 1143; x_wconf 76' lang='lat' dir='ltr'><strong>slinzulando</strong></span> <span class='ocrx_word' id='word_1_168' title='bbox 3170 1094 3228 1139; x_wconf 93' lang='lat' dir='ltr'><strong>ut</strong></span> <span class='ocrx_word' id='word_1_169' title='bbox 3259 1086 3563 1141; x_wconf 89' lang='lat' dir='ltr'><strong>subsiliret.</strong></span> 
     </span>
    </p>
   </div>
   <div class='ocr_carea' id='block_1_25' title="bbox 1989 1179 3565 1248">
    <p class='ocr_par' dir='ltr' id='par_1_25' title="bbox 1989 1179 3565 1248">
     <span class='ocr_line' id='line_1_25' title="bbox 1989 1179 3565 1248; baseline -0.003 -13"><span class='ocrx_word' id='word_1_170' title='bbox 1989 1183 2258 1236; x_wconf 83' lang='lat' dir='ltr'><strong>Homines</strong></span> <span class='ocrx_word' id='word_1_171' title='bbox 2307 1181 2624 1235; x_wconf 87' lang='lat' dir='ltr'><strong>istiusmodi</strong></span> <span class='ocrx_word' id='word_1_172' title='bbox 2681 1179 2755 1233; x_wconf 87' lang='lat' dir='ltr'><strong>ita</strong></span> <span class='ocrx_word' id='word_1_173' title='bbox 2814 1195 2916 1234; x_wconf 92' lang='lat' dir='ltr'><strong>nos</strong></span> <span class='ocrx_word' id='word_1_174' title='bbox 2947 1179 3248 1248; x_wconf 85' lang='lat' dir='ltr'><strong>diligebant</strong></span> <span class='ocrx_word' id='word_1_175' title='bbox 3283 1184 3340 1230; x_wconf 93' lang='lat' dir='ltr'><strong>ut</strong></span> <span class='ocrx_word' id='word_1_176' title='bbox 3367 1179 3420 1231; x_wconf 88' lang='lat' dir='ltr'><strong>in</strong></span> <span class='ocrx_word' id='word_1_177' title='bbox 3446 1192 3565 1231; x_wconf 87' lang='lat' dir='ltr'><strong>ver-</strong></span> 
     </span>
    </p>
   </div>
   <div class='ocr_carea' id='block_1_26' title="bbox 1988 1267 3562 1336">
    <p class='ocr_par' dir='ltr' id='par_1_26' title="bbox 1988 1267 3562 1336">
     <span class='ocr_line' id='line_1_26' title="bbox 1988 1267 3562 1336; baseline -0.003 -12"><span class='ocrx_word' id='word_1_178' title='bbox 1988 1269 2076 1324; x_wconf 89' lang='lat' dir='ltr'><strong>bis</strong></span> <span class='ocrx_word' id='word_1_179' title='bbox 2110 1277 2205 1321; x_wconf 92' lang='lat' dir='ltr'><strong>aut</strong></span> <span class='ocrx_word' id='word_1_180' title='bbox 2237 1267 2396 1322; x_wconf 77' lang='lat' dir='ltr'><strong>factis</strong></span> <span class='ocrx_word' id='word_1_181' title='bbox 2430 1283 2527 1336; x_wconf 90' lang='lat' dir='ltr'><strong>pro</strong></span> <span class='ocrx_word' id='word_1_182' title='bbox 2560 1268 2919 1322; x_wconf 88' lang='lat' dir='ltr'><strong>excusatione</strong></span> <span class='ocrx_word' id='word_1_183' title='bbox 2946 1267 3128 1321; x_wconf 81' lang='lat' dir='ltr'><strong>delicti</strong></span> <span class='ocrx_word' id='word_1_184' title='bbox 3161 1267 3417 1321; x_wconf 85' lang='lat' dir='ltr'><strong>dicebant</strong></span> <span class='ocrx_word' id='word_1_185' title='bbox 3461 1281 3562 1320; x_wconf 91' lang='lat' dir='ltr'><strong>nos</strong></span> 
     </span>
    </p>
   </div>
   <div class='ocr_carea' id='block_1_27' title="bbox 1975 1358 3560 1428">
    <p class='ocr_par' dir='ltr' id='par_1_27' title="bbox 1975 1358 3560 1428">
     <span class='ocr_line' id='line_1_27' title="bbox 1975 1358 3560 1428; baseline -0.001 -13"><span class='ocrx_word' id='word_1_186' title='bbox 1975 1363 2104 1415; x_wconf 85' lang='lat' dir='ltr'><strong>sica</strong></span> <span class='ocrx_word' id='word_1_187' title='bbox 2157 1360 2398 1423; x_wconf 79' lang='lat' dir='ltr'><strong>feriisse,</strong></span> <span class='ocrx_word' id='word_1_188' title='bbox 2437 1376 2544 1415; x_wconf 90' lang='lat' dir='ltr'><strong>non</strong></span> <span class='ocrx_word' id='word_1_189' title='bbox 2590 1360 2703 1428; x_wconf 88' lang='lat' dir='ltr'><strong>jam</strong></span> <span class='ocrx_word' id='word_1_190' title='bbox 2736 1374 2885 1416; x_wconf 88' lang='lat' dir='ltr'><strong>more</strong></span> <span class='ocrx_word' id='word_1_191' title='bbox 2931 1358 3212 1413; x_wconf 86' lang='lat' dir='ltr'><strong>hominum</strong></span> <span class='ocrx_word' id='word_1_192' title='bbox 3250 1359 3560 1428; x_wconf 82' lang='lat' dir='ltr'><strong>loquentes,</strong></span> 
     </span>
    </p>
   </div>
   <div class='ocr_carea' id='block_1_28' title="bbox 1991 1451 3564 1524">
    <p class='ocr_par' dir='ltr' id='par_1_28' title="bbox 1991 1451 3564 1524">
     <span class='ocr_line' id='line_1_28' title="bbox 1991 1451 3564 1524; baseline -0.001 -18"><span class='ocrx_word' id='word_1_193' title='bbox 1991 1451 2084 1507; x_wconf 83' lang='lat' dir='ltr'><strong>sed</strong></span> <span class='ocrx_word' id='word_1_194' title='bbox 2112 1453 2380 1519; x_wconf 89' lang='lat' dir='ltr'><strong>sicutleo,</strong></span> <span class='ocrx_word' id='word_1_195' title='bbox 2420 1454 2536 1524; x_wconf 92' lang='lat' dir='ltr'><strong>qui,</strong></span> <span class='ocrx_word' id='word_1_196' title='bbox 2563 1463 2723 1523; x_wconf 87' lang='lat' dir='ltr'><strong>capta</strong></span> <span class='ocrx_word' id='word_1_197' title='bbox 2746 1453 2950 1521; x_wconf 77' lang='lat' dir='ltr'><strong>praeda,</strong></span> <span class='ocrx_word' id='word_1_198' title='bbox 2984 1467 3102 1507; x_wconf 89' lang='lat' dir='ltr'><strong>eam</strong></span> <span class='ocrx_word' id='word_1_199' title='bbox 3133 1451 3398 1505; x_wconf 86' lang='lat' dir='ltr'><strong>dilaniare</strong></span> <span class='ocrx_word' id='word_1_200' title='bbox 3425 1452 3564 1515; x_wconf 81' lang='lat' dir='ltr'><strong>vult,</strong></span> 
     </span>
    </p>
   </div>
   <div class='ocr_carea' id='block_1_29' title="bbox 1991 1543 3564 1614">
    <p class='ocr_par' dir='ltr' id='par_1_29' title="bbox 1991 1543 3564 1614">
     <span class='ocr_line' id='line_1_29' title="bbox 1991 1543 3564 1614; baseline 0.001 -17"><span class='ocrx_word' id='word_1_201' title='bbox 1991 1559 2099 1598; x_wconf 90' lang='lat' dir='ltr'><strong>non</strong></span> <span class='ocrx_word' id='word_1_202' title='bbox 2139 1560 2204 1600; x_wconf 94' lang='lat' dir='ltr'><strong>eo</strong></span> <span class='ocrx_word' id='word_1_203' title='bbox 2243 1546 2392 1614; x_wconf 91' lang='lat' dir='ltr'><strong>quod</strong></span> <span class='ocrx_word' id='word_1_204' title='bbox 2425 1547 2633 1599; x_wconf 83' lang='lat' dir='ltr'><strong>esuriat</strong></span> <span class='ocrx_word' id='word_1_205' title='bbox 2683 1548 2770 1599; x_wconf 90' lang='lat' dir='ltr'><strong>vel</strong></span> <span class='ocrx_word' id='word_1_206' title='bbox 2810 1555 3030 1614; x_wconf 88' lang='lat' dir='ltr'><strong>appetat</strong></span> <span class='ocrx_word' id='word_1_207' title='bbox 3067 1559 3314 1608; x_wconf 86' lang='lat' dir='ltr'><strong>carnem,</strong></span> <span class='ocrx_word' id='word_1_208' title='bbox 3347 1543 3443 1598; x_wconf 93' lang='lat' dir='ltr'><strong>sed</strong></span> <span class='ocrx_word' id='word_1_209' title='bbox 3502 1555 3564 1598; x_wconf 92' lang='lat' dir='ltr'><strong>ut</strong></span> 
     </span>
    </p>
   </div>
   <div class='ocr_carea' id='block_1_30' title="bbox 1989 1632 3560 1703">
    <p class='ocr_par' dir='ltr' id='par_1_30' title="bbox 1989 1632 3560 1703">
     <span class='ocr_line' id='line_1_30' title="bbox 1989 1632 3560 1703; baseline 0.003 -21"><span class='ocrx_word' id='word_1_210' title='bbox 1989 1645 2112 1684; x_wconf 84' lang='lat' dir='ltr'><strong>eam</strong></span> <span class='ocrx_word' id='word_1_211' title='bbox 2147 1632 2428 1701; x_wconf 89' lang='lat' dir='ltr'><strong>unguibus</strong></span> <span class='ocrx_word' id='word_1_212' title='bbox 2465 1634 2716 1686; x_wconf 77' lang='lat' dir='ltr'><strong>retineat.</strong></span> <span class='ocrx_word' id='word_1_213' title='bbox 2746 1633 2806 1687; x_wconf 92' lang='lat' dir='ltr'><strong>ln</strong></span> <span class='ocrx_word' id='word_1_214' title='bbox 2839 1634 2923 1687; x_wconf 80' lang='lat' dir='ltr'><strong>his</strong></span> <span class='ocrx_word' id='word_1_215' title='bbox 2953 1649 3056 1688; x_wconf 82' lang='lat' dir='ltr'><strong>nec</strong></span> <span class='ocrx_word' id='word_1_216' title='bbox 3085 1634 3256 1687; x_wconf 89' lang='lat' dir='ltr'><strong>ullum</strong></span> <span class='ocrx_word' id='word_1_217' title='bbox 3295 1634 3560 1703; x_wconf 90' lang='lat' dir='ltr'><strong>gemitum</strong></span> 
     </span>
    </p>
   </div>
   <div class='ocr_carea' id='block_1_31' title="bbox 1991 1723 3568 1793">
    <p class='ocr_par' dir='ltr' id='par_1_31' title="bbox 1991 1723 3568 1793">
     <span class='ocr_line' id='line_1_31' title="bbox 1991 1723 3568 1793; baseline 0.002 -17"><span class='ocrx_word' id='word_1_218' title='bbox 1991 1723 2155 1777; x_wconf 88' lang='lat' dir='ltr'><strong>edere</strong></span> <span class='ocrx_word' id='word_1_219' title='bbox 2182 1731 2522 1792; x_wconf 87' lang='lat' dir='ltr'><strong>poteramus,</strong></span> <span class='ocrx_word' id='word_1_220' title='bbox 2547 1739 2647 1778; x_wconf 87' lang='lat' dir='ltr'><strong>nec</strong></span> <span class='ocrx_word' id='word_1_221' title='bbox 2672 1723 2843 1779; x_wconf 89' lang='lat' dir='ltr'><strong>videri</strong></span> <span class='ocrx_word' id='word_1_222' title='bbox 2869 1731 3184 1790; x_wconf 75' lang='lat' dir='ltr'><strong>mcerentes,</strong></span> <span class='ocrx_word' id='word_1_223' title='bbox 3212 1724 3358 1793; x_wconf 92' lang='lat' dir='ltr'><strong>quod</strong></span> <span class='ocrx_word' id='word_1_224' title='bbox 3381 1725 3568 1793; x_wconf 86' lang='lat' dir='ltr'><strong>utique</strong></span> 
     </span>
    </p>
   </div>
   <div class='ocr_carea' id='block_1_32' title="bbox 1992 1814 3569 1886">
    <p class='ocr_par' dir='ltr' id='par_1_32' title="bbox 1992 1814 3569 1886">
     <span class='ocr_line' id='line_1_32' title="bbox 1992 1814 3569 1886; baseline 0 -18"><span class='ocrx_word' id='word_1_225' title='bbox 1992 1814 2046 1868; x_wconf 92' lang='lat' dir='ltr'><strong>in</strong></span> <span class='ocrx_word' id='word_1_226' title='bbox 2083 1817 2376 1870; x_wconf 86' lang='lat' dir='ltr'><strong>tormentis</strong></span> <span class='ocrx_word' id='word_1_227' title='bbox 2416 1826 2712 1870; x_wconf 85' lang='lat' dir='ltr'><strong>eventuum</strong></span> <span class='ocrx_word' id='word_1_228' title='bbox 2756 1816 2825 1871; x_wconf 89' lang='lat' dir='ltr'><strong>ad</strong></span> <span class='ocrx_word' id='word_1_229' title='bbox 2865 1817 3061 1870; x_wconf 86' lang='lat' dir='ltr'><strong>animae</strong></span> <span class='ocrx_word' id='word_1_230' title='bbox 3096 1831 3376 1886; x_wconf 68' lang='grc' dir='ltr'>ορρτρεεω</span> <span class='ocrx_word' id='word_1_231' title='bbox 3424 1816 3569 1870; x_wconf 89' lang='lat' dir='ltr'><strong>leva-</strong></span> 
     </span>
    </p>
   </div>
   <div class='ocr_carea' id='block_1_33' title="bbox 323 1901 1893 1980">
    <p class='ocr_par' dir='ltr' id='par_1_33' title="bbox 323 1907 1882 1980">
     <span class='ocr_line' id='line_1_33' title="bbox 323 1907 1882 1980; baseline -0.002 -17"><span class='ocrx_word' id='word_1_232' title='bbox 323 1914 520 1964; x_wconf 80' lang='grc' dir='ltr'>ἀνεῖται</span> <span class='ocrx_word' id='word_1_233' title='bbox 566 1910 702 1980; x_wconf 83' lang='grc' dir='ltr'>πρὸς</span> <span class='ocrx_word' id='word_1_234' title='bbox 737 1910 964 1979; x_wconf 78' lang='grc' dir='ltr'>ἐκϐολὴν</span> <span class='ocrx_word' id='word_1_235' title='bbox 981 1908 1073 1961; x_wconf 87' lang='grc' dir='ltr'><strong>τοῦ</strong></span> <span class='ocrx_word' id='word_1_236' title='bbox 1100 1911 1238 1961; x_wconf 84' lang='grc' dir='ltr'>κατὰ</span> <span class='ocrx_word' id='word_1_237' title='bbox 1269 1908 1450 1978; x_wconf 77' lang='grc' dir='ltr'>ψυχὴν</span> <span class='ocrx_word' id='word_1_238' title='bbox 1484 1907 1702 1977; x_wconf 78' lang='grc' dir='ltr'>ἄχθους.</span> <span class='ocrx_word' id='word_1_239' title='bbox 1743 1909 1882 1960; x_wconf 80' lang='grc' dir='ltr'>Πολὺ</span> 
     </span>
    </p>
   </div>
   <div class='ocr_carea' id='block_1_34' title="bbox 1997 1901 3567 1980">
    <p class='ocr_par' dir='ltr' id='par_1_34' title="bbox 1997 1903 3567 1976">
     <span class='ocr_line' id='line_1_34' title="bbox 1997 1903 3567 1976; baseline 0.003 -19"><span class='ocrx_word' id='word_1_240' title='bbox 1997 1922 2135 1960; x_wconf 88' lang='lat' dir='ltr'><strong>men.</strong></span> <span class='ocrx_word' id='word_1_241' title='bbox 2165 1903 2320 1959; x_wconf 87' lang='lat' dir='ltr'><strong>Tunc</strong></span> <span class='ocrx_word' id='word_1_242' title='bbox 2353 1906 2498 1960; x_wconf 89' lang='lat' dir='ltr'><strong>enim</strong></span> <span class='ocrx_word' id='word_1_243' title='bbox 2533 1906 2888 1976; x_wconf 86' lang='lat' dir='ltr'><strong>repetebant:</strong></span> <span class='ocrx_word' id='word_1_244' title='bbox 2946 1925 2964 1958; x_wconf 83' lang='grc' dir='ltr'><strong>ι</strong></span> <span class='ocrx_word' id='word_1_245' title='bbox 3025 1908 3276 1970; x_wconf 89' lang='lat' dir='ltr'><strong>Diabole,</strong></span> <span class='ocrx_word' id='word_1_246' title='bbox 3313 1923 3410 1962; x_wconf 89' lang='lat' dir='ltr'><strong>cur</strong></span> <span class='ocrx_word' id='word_1_247' title='bbox 3471 1923 3567 1976; x_wconf 83' lang='lat' dir='ltr'><strong>ge-</strong></span> 
     </span>
    </p>
   </div>
   <div class='ocr_carea' id='block_1_35' title="bbox 322 1997 1884 2070">
    <p class='ocr_par' dir='ltr' id='par_1_35' title="bbox 322 1997 1884 2070">
     <span class='ocr_line' id='line_1_35' title="bbox 322 1997 1884 2070; baseline -0.003 -18"><span class='ocrx_word' id='word_1_248' title='bbox 322 2002 420 2070; x_wconf 79' lang='grc' dir='ltr'><strong>γὰρ</strong></span> <span class='ocrx_word' id='word_1_249' title='bbox 472 2002 663 2062; x_wconf 85' lang='grc' dir='ltr'>αὐτοῖς</span> <span class='ocrx_word' id='word_1_250' title='bbox 722 1999 957 2053; x_wconf 76' lang='grc' dir='ltr'>ἐνταῦθα</span> <span class='ocrx_word' id='word_1_251' title='bbox 999 2000 1061 2051; x_wconf 84' lang='grc' dir='ltr'><strong>τὸ</strong></span> <span class='ocrx_word' id='word_1_252' title='bbox 1105 2015 1127 2050; x_wconf 77' lang='grc' dir='ltr'><strong>ι</strong></span> <span class='ocrx_word' id='word_1_253' title='bbox 1177 1997 1427 2061; x_wconf 81' lang='grc' dir='ltr'>Διάόολε,</span> <span class='ocrx_word' id='word_1_254' title='bbox 1459 1998 1512 2050; x_wconf 91' lang='grc' dir='ltr'><strong>τί</strong></span> <span class='ocrx_word' id='word_1_255' title='bbox 1562 1997 1884 2062; x_wconf 74' lang='grc' dir='ltr'>στενάζειςς</span> 
     </span>
    </p>
   </div>
   <div class='ocr_carea' id='block_1_36' title="bbox 332 2088 1888 2160">
    <p class='ocr_par' dir='ltr' id='par_1_36' title="bbox 332 2088 1888 2160">
     <span class='ocr_line' id='line_1_36' title="bbox 332 2088 1888 2160; baseline -0.002 -16"><span class='ocrx_word' id='word_1_256' title='bbox 332 2091 640 2146; x_wconf 74' lang='grc' dir='ltr'>Ἐδούλοντο</span> <span class='ocrx_word' id='word_1_257' title='bbox 670 2090 778 2160; x_wconf 77' lang='grc' dir='ltr'><strong>γὰρ</strong></span> <span class='ocrx_word' id='word_1_258' title='bbox 805 2090 1155 2160; x_wconf 79' lang='grc' dir='ltr'>ἀναισθητεῖν</span> <span class='ocrx_word' id='word_1_259' title='bbox 1179 2090 1327 2158; x_wconf 78' lang='grc' dir='ltr'>ἡμᾶς</span> <span class='ocrx_word' id='word_1_260' title='bbox 1359 2090 1452 2142; x_wconf 75' lang='grc' dir='ltr'>καὶ</span> <span class='ocrx_word' id='word_1_261' title='bbox 1475 2088 1888 2158; x_wconf 74' lang='grc' dir='ltr'>φρενοϐλαϐεῖν,</span> 
     </span>
    </p>
   </div>
   <div class='ocr_carea' id='block_1_37' title="bbox 323 2178 1890 2255">
    <p class='ocr_par' dir='ltr' id='par_1_37' title="bbox 323 2178 1890 2255">
     <span class='ocr_line' id='line_1_37' title="bbox 323 2178 1890 2255; baseline -0.003 -17"><span class='ocrx_word' id='word_1_262' title='bbox 323 2184 391 2247; x_wconf 76' lang='grc' dir='ltr'>ὡς</span> <span class='ocrx_word' id='word_1_263' title='bbox 421 2185 515 2238; x_wconf 73' lang='lat' dir='ltr'><strong>zal</strong></span> <span class='ocrx_word' id='word_1_264' title='bbox 553 2184 790 2255; x_wconf 80' lang='grc' dir='ltr'>χαίρειν,</span> <span class='ocrx_word' id='word_1_265' title='bbox 825 2183 911 2252; x_wconf 74' lang='grc' dir='ltr'><strong>ἐφ’</strong></span> <span class='ocrx_word' id='word_1_266' title='bbox 961 2178 1041 2245; x_wconf 76' lang='grc' dir='ltr'>οἷς</span> <span class='ocrx_word' id='word_1_267' title='bbox 1098 2182 1285 2244; x_wconf 84' lang='grc' dir='ltr'>κακῶς</span> <span class='ocrx_word' id='word_1_268' title='bbox 1337 2181 1676 2250; x_wconf 79' lang='grc' dir='ltr'>ἐπάσχομεν.</span> <span class='ocrx_word' id='word_1_269' title='bbox 1735 2181 1797 2234; x_wconf 80' lang='lat' dir='ltr'><strong>El</strong></span> <span class='ocrx_word' id='word_1_270' title='bbox 1833 2181 1890 2234; x_wconf 81' lang='grc' dir='ltr'>δέ</span> 
     </span>
    </p>
   </div>
   <div class='ocr_carea' id='block_1_38' title="bbox 323 2270 1886 2347">
    <p class='ocr_par' dir='ltr' id='par_1_38' title="bbox 323 2270 1886 2347">
     <span class='ocr_line' id='line_1_38' title="bbox 323 2270 1886 2347; baseline -0.004 -18"><span class='ocrx_word' id='word_1_271' title='bbox 323 2294 392 2344; x_wconf 77' lang='grc' dir='ltr'><strong>πη</strong></span> <span class='ocrx_word' id='word_1_272' title='bbox 421 2275 701 2347; x_wconf 70' lang='grc' dir='ltr'>ξυμπεσὸν</span> <span class='ocrx_word' id='word_1_273' title='bbox 734 2270 838 2330; x_wconf 84' lang='grc' dir='ltr'><strong>ὧδε</strong></span> <span class='ocrx_word' id='word_1_274' title='bbox 865 2275 1032 2345; x_wconf 77' lang='grc' dir='ltr'>γελᾷν</span> <span class='ocrx_word' id='word_1_275' title='bbox 1079 2275 1194 2332; x_wconf 78' lang='grc' dir='ltr'>εἴτε</span> <span class='ocrx_word' id='word_1_276' title='bbox 1232 2274 1444 2344; x_wconf 83' lang='grc' dir='ltr'>μειδιᾷν</span> <span class='ocrx_word' id='word_1_277' title='bbox 1493 2273 1712 2326; x_wconf 73' lang='grc' dir='ltr'>ἐπέλθοι</span> <span class='ocrx_word' id='word_1_278' title='bbox 1756 2273 1886 2336; x_wconf 71' lang='grc' dir='ltr'>τινὶ,</span> 
     </span>
    </p>
   </div>
   <div class='ocr_carea' id='block_1_39' title="bbox 320 2363 1892 2438">
    <p class='ocr_par' dir='ltr' id='par_1_39' title="bbox 320 2363 1892 2438">
     <span class='ocr_line' id='line_1_39' title="bbox 320 2363 1892 2438; baseline -0.004 -16"><span class='ocrx_word' id='word_1_279' title='bbox 320 2367 441 2438; x_wconf 82' lang='grc' dir='ltr'>χολὴ</span> <span class='ocrx_word' id='word_1_280' title='bbox 473 2369 574 2421; x_wconf 79' lang='grc' dir='ltr'>καὶ</span> <span class='ocrx_word' id='word_1_281' title='bbox 612 2367 772 2420; x_wconf 87' lang='grc' dir='ltr'>τοῦτο</span> <span class='ocrx_word' id='word_1_282' title='bbox 812 2366 1037 2437; x_wconf 84' lang='grc' dir='ltr'>δριμεῖα</span> <span class='ocrx_word' id='word_1_283' title='bbox 1065 2365 1143 2433; x_wconf 85' lang='grc' dir='ltr'>τῷ</span> <span class='ocrx_word' id='word_1_284' title='bbox 1175 2366 1446 2418; x_wconf 81' lang='grc' dir='ltr'>κατιδόντι</span> <span class='ocrx_word' id='word_1_285' title='bbox 1470 2363 1705 2434; x_wconf 82' lang='grc' dir='ltr'><strong>Λατίνῳ.</strong></span> <span class='ocrx_word' id='word_1_286' title='bbox 1746 2363 1892 2416; x_wconf 83' lang='grc' dir='ltr'><strong>Ἐνό-</strong></span> 
     </span>
    </p>
   </div>
   <div class='ocr_carea' id='block_1_40' title="bbox 326 2455 1893 2532">
    <p class='ocr_par' dir='ltr' id='par_1_40' title="bbox 326 2455 1893 2532">
     <span class='ocr_line' id='line_1_40' title="bbox 326 2455 1893 2532; baseline -0.002 -22"><span class='ocrx_word' id='word_1_287' title='bbox 326 2460 440 2528; x_wconf 75' lang='grc' dir='ltr'>μιζε</span> <span class='ocrx_word' id='word_1_288' title='bbox 461 2460 597 2528; x_wconf 82' lang='grc' dir='ltr'>γὰρ,</span> <span class='ocrx_word' id='word_1_289' title='bbox 629 2459 704 2522; x_wconf 83' lang='grc' dir='ltr'>ὡς</span> <span class='ocrx_word' id='word_1_290' title='bbox 733 2458 934 2521; x_wconf 76' lang='grc' dir='ltr'>ἔοικεν,</span> <span class='ocrx_word' id='word_1_291' title='bbox 961 2458 992 2523; x_wconf 87' lang='grc' dir='ltr'><strong>ἢ</strong></span> <span class='ocrx_word' id='word_1_292' title='bbox 1024 2456 1333 2525; x_wconf 80' lang='grc' dir='ltr'>καταγελᾷν</span> <span class='ocrx_word' id='word_1_293' title='bbox 1363 2457 1511 2525; x_wconf 77' lang='grc' dir='ltr'>ἡμᾶς</span> <span class='ocrx_word' id='word_1_294' title='bbox 1532 2455 1642 2509; x_wconf 84' lang='grc' dir='ltr'>τῶν</span> <span class='ocrx_word' id='word_1_295' title='bbox 1675 2456 1893 2532; x_wconf 65' lang='grc' dir='ltr'>Λατινις</span> 
     </span>
    </p>
   </div>
   <div class='ocr_carea' id='block_1_41' title="bbox 323 2545 1894 2621">
    <p class='ocr_par' dir='ltr' id='par_1_41' title="bbox 323 2545 1894 2621">
     <span class='ocr_line' id='line_1_41' title="bbox 323 2545 1894 2621; baseline -0.003 -19"><span class='ocrx_word' id='word_1_296' title='bbox 323 2552 428 2603; x_wconf 78' lang='grc' dir='ltr'>κῶν</span> <span class='ocrx_word' id='word_1_297' title='bbox 452 2550 736 2621; x_wconf 79' lang='grc' dir='ltr'>πράξεων,</span> <span class='ocrx_word' id='word_1_298' title='bbox 761 2549 795 2620; x_wconf 82' lang='grc' dir='ltr'>ἦ</span> <span class='ocrx_word' id='word_1_299' title='bbox 820 2548 1002 2617; x_wconf 74' lang='grc' dir='ltr'>ἀγαθὰ</span> <span class='ocrx_word' id='word_1_300' title='bbox 1031 2545 1469 2616; x_wconf 71' lang='grc' dir='ltr'>καραδοκοῦντας</span> <span class='ocrx_word' id='word_1_301' title='bbox 1501 2547 1528 2598; x_wconf 83' lang='grc' dir='ltr'>ὁ</span> <span class='ocrx_word' id='word_1_302' title='bbox 1558 2545 1894 2615; x_wconf 83' lang='grc' dir='ltr'>χαιρέκακος</span> 
     </span>
    </p>
   </div>
   <div class='ocr_carea' id='block_1_42' title="bbox 324 2636 1893 2707">
    <p class='ocr_par' dir='ltr' id='par_1_42' title="bbox 324 2636 1893 2707">
     <span class='ocr_line' id='line_1_42' title="bbox 324 2636 1893 2707; baseline -0.003 -15"><span class='ocrx_word' id='word_1_303' title='bbox 324 2644 426 2695; x_wconf 86' lang='grc' dir='ltr'>εῖτε</span> <span class='ocrx_word' id='word_1_304' title='bbox 465 2643 568 2695; x_wconf 56' lang='grc' dir='ltr'><strong>καὶ⁷</strong></span> <span class='ocrx_word' id='word_1_305' title='bbox 619 2641 960 2701; x_wconf 82' lang='grc' dir='ltr'>πεπονθότας</span> <span class='ocrx_word' id='word_1_306' title='bbox 1016 2637 1378 2707; x_wconf 80' lang='grc' dir='ltr'>ἀγαλλιᾶσθαι</span> <span class='ocrx_word' id='word_1_307' title='bbox 1407 2678 1422 2701; x_wconf 93' lang='grc'><strong>,</strong></span> <span class='ocrx_word' id='word_1_308' title='bbox 1459 2637 1487 2690; x_wconf 81' lang='grc' dir='ltr'>ὃ</span> <span class='ocrx_word' id='word_1_309' title='bbox 1530 2639 1642 2699; x_wconf 88' lang='grc' dir='ltr'>τοῖς</span> <span class='ocrx_word' id='word_1_310' title='bbox 1677 2636 1893 2707; x_wconf 76' lang='grc' dir='ltr'>ἐχθροῖς</span> 
     </span>
    </p>
   </div>
   <div class='ocr_carea' id='block_1_43' title="bbox 322 2717 1895 2802">
    <p class='ocr_par' dir='ltr' id='par_1_43' title="bbox 322 2717 1895 2802">
     <span class='ocr_line' id='line_1_43' title="bbox 322 2717 1895 2802; baseline -0.005 -17"><span class='ocrx_word' id='word_1_311' title='bbox 322 2733 678 2802; x_wconf 77' lang='grc' dir='ltr'>άπενέφαινε.</span> <span class='ocrx_word' id='word_1_312' title='bbox 715 2730 828 2784; x_wconf 89' lang='lat' dir='ltr'><strong>Kal</strong></span> <span class='ocrx_word' id='word_1_313' title='bbox 857 2730 1039 2782; x_wconf 87' lang='grc' dir='ltr'>τοίνυν</span> <span class='ocrx_word' id='word_1_314' title='bbox 1070 2727 1369 2790; x_wconf 82' lang='grc' dir='ltr'>δακτύλους</span> <span class='ocrx_word' id='word_1_315' title='bbox 1414 2728 1492 2790; x_wconf 88' lang='grc' dir='ltr'><strong>είς</strong></span> <span class='ocrx_word' id='word_1_316' title='bbox 1530 2727 1755 2795; x_wconf 85' lang='grc' dir='ltr'>γρόνθον</span> <span class='ocrx_word' id='word_1_317' title='bbox 1797 2717 1895 2778; x_wconf 77' lang='grc' dir='ltr'><strong>ἐπ-</strong></span> 
     </span>
    </p>
   </div>
   <div class='ocr_carea' id='block_1_44' title="bbox 322 2814 1893 2892">
    <p class='ocr_par' dir='ltr' id='par_1_44' title="bbox 322 2814 1893 2892">
     <span class='ocr_line' id='line_1_44' title="bbox 322 2814 1893 2892; baseline -0.001 -20"><span class='ocrx_word' id='word_1_318' title='bbox 322 2839 537 2886; x_wconf 87' lang='grc' dir='ltr'>τυσσον,</span> <span class='ocrx_word' id='word_1_319' title='bbox 590 2822 686 2876; x_wconf 77' lang='grc' dir='ltr'>καὶ</span> <span class='ocrx_word' id='word_1_320' title='bbox 730 2821 832 2892; x_wconf 81' lang='grc' dir='ltr'>τὴν</span> <span class='ocrx_word' id='word_1_321' title='bbox 878 2822 1036 2891; x_wconf 88' lang='grc' dir='ltr'>χεῖρα</span> <span class='ocrx_word' id='word_1_322' title='bbox 1088 2817 1530 2886; x_wconf 75' lang='grc' dir='ltr'>γογγυλίζοντες,</span> <span class='ocrx_word' id='word_1_323' title='bbox 1562 2814 1893 2890; x_wconf 74' lang='grc' dir='ltr'>ἐρρύθμιζον</span> 
     </span>
    </p>
   </div>
   <div class='ocr_carea' id='block_1_45' title="bbox 323 2902 1896 2984">
    <p class='ocr_par' dir='ltr' id='par_1_45' title="bbox 323 2902 1896 2984">
     <span class='ocr_line' id='line_1_45' title="bbox 323 2902 1896 2984; baseline -0.004 -17"><span class='ocrx_word' id='word_1_324' title='bbox 323 2914 426 2978; x_wconf 80' lang='grc' dir='ltr'>πὺξ</span> <span class='ocrx_word' id='word_1_325' title='bbox 461 2915 748 2984; x_wconf 85' lang='grc' dir='ltr'>πλήττειν,</span> <span class='ocrx_word' id='word_1_326' title='bbox 777 2931 795 2964; x_wconf 82' lang='grc' dir='ltr'><strong>ι</strong></span> <span class='ocrx_word' id='word_1_327' title='bbox 844 2913 910 2965; x_wconf 88' lang='grc' dir='ltr'><strong>Τί</strong></span> <span class='ocrx_word' id='word_1_328' title='bbox 949 2911 1112 2982; x_wconf 82' lang='grc' dir='ltr'>γελᾷς</span> <span class='ocrx_word' id='word_1_329' title='bbox 1134 2951 1148 2975; x_wconf 92' lang='grc'><strong>,</strong></span> <span class='ocrx_word' id='word_1_330' title='bbox 1190 2902 1236 2962; x_wconf 77' lang='grc' dir='ltr'><strong>ὦ</strong></span> <span class='ocrx_word' id='word_1_331' title='bbox 1271 2909 1484 2963; x_wconf 83' lang='grc' dir='ltr'>διάόολε</span> <span class='ocrx_word' id='word_1_332' title='bbox 1513 2946 1529 2972; x_wconf 92' lang='grc'><strong>,</strong></span> <span class='ocrx_word' id='word_1_333' title='bbox 1583 2927 1600 2961; x_wconf 70' lang='grc' dir='ltr'><strong>ο</strong></span> <span class='ocrx_word' id='word_1_334' title='bbox 1639 2907 1896 2977; x_wconf 82' lang='grc' dir='ltr'>βατταρί·</span> 
     </span>
    </p>
   </div>
   <div class='ocr_carea' id='block_1_46' title="bbox 320 2999 1895 3072">
    <p class='ocr_par' dir='ltr' id='par_1_46' title="bbox 320 2999 1895 3072">
     <span class='ocr_line' id='line_1_46' title="bbox 320 2999 1895 3072; baseline -0.004 -16"><span class='ocrx_word' id='word_1_335' title='bbox 320 3005 522 3069; x_wconf 79' lang='grc' dir='ltr'>ζοντες.</span> <span class='ocrx_word' id='word_1_336' title='bbox 565 3007 680 3058; x_wconf 79' lang='lat' dir='ltr'><strong>Kal</strong></span> <span class='ocrx_word' id='word_1_337' title='bbox 719 3003 864 3056; x_wconf 79' lang='grc' dir='ltr'>οὕτω</span> <span class='ocrx_word' id='word_1_338' title='bbox 899 3002 999 3072; x_wconf 78' lang='grc' dir='ltr'>τὴν</span> <span class='ocrx_word' id='word_1_339' title='bbox 1035 3002 1250 3072; x_wconf 80' lang='grc' dir='ltr'>αἰθρίαν</span> <span class='ocrx_word' id='word_1_340' title='bbox 1277 3001 1370 3053; x_wconf 85' lang='grc' dir='ltr'><strong>τοῦ</strong></span> <span class='ocrx_word' id='word_1_341' title='bbox 1423 2999 1778 3068; x_wconf 82' lang='grc' dir='ltr'>μειδιάματος</span> <span class='ocrx_word' id='word_1_342' title='bbox 1815 2999 1895 3062; x_wconf 79' lang='grc' dir='ltr'><strong>εἰς</strong></span> 
     </span>
    </p>
   </div>
   <div class='ocr_carea' id='block_1_47' title="bbox 325 3093 1892 3170">
    <p class='ocr_par' dir='ltr' id='par_1_47' title="bbox 325 3093 1892 3170">
     <span class='ocr_line' id='line_1_47' title="bbox 325 3093 1892 3170; baseline -0.004 -20"><span class='ocrx_word' id='word_1_343' title='bbox 325 3101 478 3166; x_wconf 78' lang='grc' dir='ltr'>νέφος</span> <span class='ocrx_word' id='word_1_344' title='bbox 509 3099 788 3170; x_wconf 81' lang='grc' dir='ltr'>δακρυόεν</span> <span class='ocrx_word' id='word_1_345' title='bbox 817 3099 1206 3167; x_wconf 83' lang='grc' dir='ltr'>μετέστρεφον,</span> <span class='ocrx_word' id='word_1_346' title='bbox 1243 3095 1276 3166; x_wconf 83' lang='grc' dir='ltr'>ἢ</span> <span class='ocrx_word' id='word_1_347' title='bbox 1311 3095 1406 3147; x_wconf 74' lang='lat' dir='ltr'><strong>xal</strong></span> <span class='ocrx_word' id='word_1_348' title='bbox 1452 3093 1654 3164; x_wconf 78' lang='grc' dir='ltr'>ἑτέρως</span> <span class='ocrx_word' id='word_1_349' title='bbox 1697 3093 1892 3156; x_wconf 77' lang='grc' dir='ltr'>εἰπεῖν,</span> 
     </span>
    </p>
   </div>
   <div class='ocr_carea' id='block_1_48' title="bbox 317 3185 1890 3258">
    <p class='ocr_par' dir='ltr' id='par_1_48' title="bbox 317 3185 1890 3258">
     <span class='ocr_line' id='line_1_48' title="bbox 317 3185 1890 3258; baseline -0.002 -18"><span class='ocrx_word' id='word_1_350' title='bbox 317 3188 404 3241; x_wconf 68' lang='grc' dir='ltr'>τὶν</span> <span class='ocrx_word' id='word_1_351' title='bbox 453 3191 708 3257; x_wconf 80' lang='grc' dir='ltr'>γελῶντα</span> <span class='ocrx_word' id='word_1_352' title='bbox 776 3188 1120 3258; x_wconf 85' lang='grc' dir='ltr'>Δημόκριτον</span> <span class='ocrx_word' id='word_1_353' title='bbox 1183 3188 1260 3250; x_wconf 81' lang='grc' dir='ltr'><strong>εἰς</strong></span> <span class='ocrx_word' id='word_1_354' title='bbox 1311 3185 1667 3257; x_wconf 85' lang='grc' dir='ltr'>Ἡράκλειτον</span> <span class='ocrx_word' id='word_1_355' title='bbox 1726 3200 1890 3252; x_wconf 85' lang='grc' dir='ltr'>μετε-</span> 
     </span>
    </p>
   </div>
   <div class='ocr_carea' id='block_1_49' title="bbox 319 3281 865 3349">
    <p class='ocr_par' dir='ltr' id='par_1_49' title="bbox 319 3281 865 3349">
     <span class='ocr_line' id='line_1_49' title="bbox 319 3281 865 3349; baseline -0.002 -18"><span class='ocrx_word' id='word_1_356' title='bbox 319 3281 502 3335; x_wconf 82' lang='grc' dir='ltr'>ποίουν</span> <span class='ocrx_word' id='word_1_357' title='bbox 527 3281 865 3349; x_wconf 78' lang='grc' dir='ltr'>δακρύοντα.</span> 
     </span>
    </p>
   </div>
   <div class='ocr_carea' id='block_1_50' title="bbox 383 3369 1897 3444">
    <p class='ocr_par' dir='ltr' id='par_1_50' title="bbox 383 3369 1897 3444">
     <span class='ocr_line' id='line_1_50' title="bbox 383 3369 1897 3444; baseline -0.004 -19"><span class='ocrx_word' id='word_1_358' title='bbox 383 3380 512 3444; x_wconf 83' lang='grc' dir='ltr'>ριη’.</span> <span class='ocrx_word' id='word_1_359' title='bbox 567 3372 1033 3440; x_wconf 70' lang='grc' dir='ltr'>Ἀνεψηλαφῶντο</span> <span class='ocrx_word' id='word_1_360' title='bbox 1069 3371 1198 3441; x_wconf 83' lang='grc' dir='ltr'>παρ’</span> <span class='ocrx_word' id='word_1_361' title='bbox 1230 3370 1408 3424; x_wconf 75' lang='grc' dir='ltr'>αὐτῶν</span> <span class='ocrx_word' id='word_1_362' title='bbox 1439 3371 1529 3422; x_wconf 77' lang='grc' dir='ltr'><strong>καὶ</strong></span> <span class='ocrx_word' id='word_1_363' title='bbox 1560 3369 1630 3422; x_wconf 80' lang='grc' dir='ltr'>τὰ</span> <span class='ocrx_word' id='word_1_364' title='bbox 1648 3369 1757 3421; x_wconf 82' lang='grc' dir='ltr'><strong>τῶν</strong></span> <span class='ocrx_word' id='word_1_365' title='bbox 1787 3384 1897 3420; x_wconf 79' lang='grc' dir='ltr'>πα-</span> 
     </span>
    </p>
   </div>
   <div class='ocr_carea' id='block_1_51' title="bbox 317 3457 1893 3533">
    <p class='ocr_par' dir='ltr' id='par_1_51' title="bbox 317 3457 1893 3533">
     <span class='ocr_line' id='line_1_51' title="bbox 317 3457 1893 3533; baseline -0.002 -18"><span class='ocrx_word' id='word_1_366' title='bbox 317 3462 652 3533; x_wconf 76' lang='grc' dir='ltr'>ροδευόντων</span> <span class='ocrx_word' id='word_1_367' title='bbox 699 3461 1033 3532; x_wconf 88' lang='grc' dir='ltr'>προκόλπια,</span> <span class='ocrx_word' id='word_1_368' title='bbox 1071 3463 1167 3514; x_wconf 73' lang='lat' dir='ltr'><strong>xal</strong></span> <span class='ocrx_word' id='word_1_369' title='bbox 1212 3460 1580 3527; x_wconf 79' lang='grc' dir='ltr'>ὲξεκενοῦντο,</span> <span class='ocrx_word' id='word_1_370' title='bbox 1621 3457 1677 3511; x_wconf 78' lang='grc' dir='ltr'><strong>εί</strong></span> <span class='ocrx_word' id='word_1_371' title='bbox 1704 3461 1758 3511; x_wconf 86' lang='grc' dir='ltr'><strong>τί</strong></span> <span class='ocrx_word' id='word_1_372' title='bbox 1792 3475 1893 3512; x_wconf 88' lang='grc' dir='ltr'><strong>που</strong></span> 
     </span>
    </p>
   </div>
   <div class='ocr_carea' id='block_1_52' title="bbox 315 3545 1893 3626">
    <p class='ocr_par' dir='ltr' id='par_1_52' title="bbox 315 3545 1893 3626">
     <span class='ocr_line' id='line_1_52' title="bbox 315 3545 1893 3626; baseline -0.003 -19"><span class='ocrx_word' id='word_1_373' title='bbox 315 3555 412 3607; x_wconf 66' lang='lat' dir='ltr'><strong>Ital</strong></span> <span class='ocrx_word' id='word_1_374' title='bbox 446 3555 652 3625; x_wconf 79' lang='grc' dir='ltr'>ἔφερον</span> <span class='ocrx_word' id='word_1_375' title='bbox 682 3552 1098 3626; x_wconf 82' lang='grc' dir='ltr'>χρηματισμοῦ,</span> <span class='ocrx_word' id='word_1_376' title='bbox 1127 3553 1176 3604; x_wconf 85' lang='grc' dir='ltr'><strong>εί</strong></span> <span class='ocrx_word' id='word_1_377' title='bbox 1209 3552 1305 3604; x_wconf 67' lang='grc' dir='ltr'><strong>καλ⁸</strong></span> <span class='ocrx_word' id='word_1_378' title='bbox 1338 3550 1512 3621; x_wconf 86' lang='grc' dir='ltr'>βραχύ</span> <span class='ocrx_word' id='word_1_379' title='bbox 1538 3567 1590 3602; x_wconf 88' lang='grc' dir='ltr'><strong>τι</strong></span> <span class='ocrx_word' id='word_1_380' title='bbox 1613 3551 1787 3602; x_wconf 75' lang='grc' dir='ltr'>ἐκεῖνο</span> <span class='ocrx_word' id='word_1_381' title='bbox 1806 3545 1893 3620; x_wconf 78' lang='grc' dir='ltr'>ἦν.</span> 
     </span>
    </p>
   </div>
   <div class='ocr_carea' id='block_1_53' title="bbox 320 3641 1897 3717">
    <p class='ocr_par' dir='ltr' id='par_1_53' title="bbox 320 3641 1897 3717">
     <span class='ocr_line' id='line_1_53' title="bbox 320 3641 1897 3717; baseline -0.005 -17"><span class='ocrx_word' id='word_1_382' title='bbox 320 3645 788 3717; x_wconf 72' lang='grc' dir='ltr'>Περιειργάξοντο</span> <span class='ocrx_word' id='word_1_383' title='bbox 836 3647 932 3700; x_wconf 75' lang='grc' dir='ltr'>καὶ</span> <span class='ocrx_word' id='word_1_384' title='bbox 989 3643 1199 3715; x_wconf 83' lang='grc' dir='ltr'>μηροὺς</span> <span class='ocrx_word' id='word_1_385' title='bbox 1241 3683 1256 3709; x_wconf 93' lang='grc'><strong>,</strong></span> <span class='ocrx_word' id='word_1_386' title='bbox 1321 3645 1395 3712; x_wconf 82' lang='grc' dir='ltr'>μή</span> <span class='ocrx_word' id='word_1_387' title='bbox 1458 3658 1560 3694; x_wconf 82' lang='grc' dir='ltr'><strong>που</strong></span> <span class='ocrx_word' id='word_1_388' title='bbox 1623 3641 1897 3711; x_wconf 68' lang='grc' dir='ltr'>μαχαίρας</span> 
     </span>
    </p>
   </div>
   <div class='ocr_carea' id='block_1_54' title="bbox 309 3731 1897 3807">
    <p class='ocr_par' dir='ltr' id='par_1_54' title="bbox 309 3731 1897 3807">
     <span class='ocr_line' id='line_1_54' title="bbox 309 3731 1897 3807; baseline 0 -23"><span class='ocrx_word' id='word_1_389' title='bbox 309 3737 724 3807; x_wconf 69' lang='grc' dir='ltr'>παρήρτηνται.</span> <span class='ocrx_word' id='word_1_390' title='bbox 782 3735 894 3788; x_wconf 88' lang='lat' dir='ltr'><strong>Kal</strong></span> <span class='ocrx_word' id='word_1_391' title='bbox 954 3735 1008 3787; x_wconf 72' lang='lat' dir='ltr'><strong>ei</strong></span> <span class='ocrx_word' id='word_1_392' title='bbox 1072 3751 1177 3786; x_wconf 90' lang='grc' dir='ltr'><strong>που</strong></span> <span class='ocrx_word' id='word_1_393' title='bbox 1249 3731 1502 3800; x_wconf 82' lang='grc' dir='ltr'>εὑρεθείη</span> <span class='ocrx_word' id='word_1_394' title='bbox 1565 3731 1897 3799; x_wconf 80' lang='grc' dir='ltr'>ἐγχειρίδιον</span> 
     </span>
    </p>
   </div>
   <div class='ocr_carea' id='block_1_55' title="bbox 309 3817 1897 3895">
    <p class='ocr_par' dir='ltr' id='par_1_55' title="bbox 309 3817 1897 3895">
     <span class='ocr_line' id='line_1_55' title="bbox 309 3817 1897 3895; baseline -0.004 -17"><span class='ocrx_word' id='word_1_395' title='bbox 309 3827 625 3892; x_wconf 82' lang='grc' dir='ltr'>ὁποιονοῦν,</span> <span class='ocrx_word' id='word_1_396' title='bbox 655 3826 714 3879; x_wconf 78' lang='grc' dir='ltr'>αἱ</span> <span class='ocrx_word' id='word_1_397' title='bbox 751 3825 849 3895; x_wconf 82' lang='grc' dir='ltr'>μὲν</span> <span class='ocrx_word' id='word_1_398' title='bbox 899 3825 1097 3894; x_wconf 79' lang='grc' dir='ltr'>κύρσαι</span> <span class='ocrx_word' id='word_1_399' title='bbox 1147 3822 1241 3876; x_wconf 87' lang='grc' dir='ltr'><strong>τοῦ</strong></span> <span class='ocrx_word' id='word_1_400' title='bbox 1294 3823 1552 3892; x_wconf 82' lang='grc' dir='ltr'>φέροντος</span> <span class='ocrx_word' id='word_1_401' title='bbox 1581 3817 1726 3891; x_wconf 77' lang='grc' dir='ltr'>εἶχον</span> <span class='ocrx_word' id='word_1_402' title='bbox 1759 3821 1897 3892; x_wconf 85' lang='grc' dir='ltr'>πλη-</span> 
     </span>
    </p>
   </div>
   <div class='ocr_carea' id='block_1_56' title="bbox 313 3913 1900 3988">
    <p class='ocr_par' dir='ltr' id='par_1_56' title="bbox 313 3913 1900 3988">
     <span class='ocr_line' id='line_1_56' title="bbox 313 3913 1900 3988; baseline -0.013 -12"><span class='ocrx_word' id='word_1_403' title='bbox 313 3920 430 3986; x_wconf 65' lang='grc' dir='ltr'>γὰς,</span> <span class='ocrx_word' id='word_1_404' title='bbox 454 3920 483 3972; x_wconf 79' lang='grc' dir='ltr'><strong>ὁ</strong></span> <span class='ocrx_word' id='word_1_405' title='bbox 512 3919 572 3973; x_wconf 83' lang='grc' dir='ltr'>δὲ</span> <span class='ocrx_word' id='word_1_406' title='bbox 603 3919 843 3980; x_wconf 79' lang='grc' dir='ltr'>Λατῖνος</span> <span class='ocrx_word' id='word_1_407' title='bbox 876 3917 975 3988; x_wconf 76' lang='grc' dir='ltr'>τὴν</span> <span class='ocrx_word' id='word_1_408' title='bbox 1003 3916 1304 3986; x_wconf 84' lang='grc' dir='ltr'>μάχαιραν.</span> <span class='ocrx_word' id='word_1_409' title='bbox 1333 3915 1480 3967; x_wconf 89' lang='grc' dir='ltr'>Ἔδει</span> <span class='ocrx_word' id='word_1_410' title='bbox 1512 3913 1605 3967; x_wconf 73' lang='grc' dir='ltr'><strong>καὶ</strong></span> <span class='ocrx_word' id='word_1_411' title='bbox 1643 3913 1900 3984; x_wconf 75' lang='grc' dir='ltr'>διερρηγ-</span> 
     </span>
    </p>
   </div>
   <div class='ocr_carea' id='block_1_57' title="bbox 311 4005 1899 4080">
    <p class='ocr_par' dir='ltr' id='par_1_57' title="bbox 311 4005 1899 4080">
     <span class='ocr_line' id='line_1_57' title="bbox 311 4005 1899 4080; baseline -0.003 -19"><span class='ocrx_word' id='word_1_412' title='bbox 311 4012 448 4077; x_wconf 83' lang='grc' dir='ltr'>μένα</span> <span class='ocrx_word' id='word_1_413' title='bbox 477 4012 701 4073; x_wconf 82' lang='grc' dir='ltr'>πάντας</span> <span class='ocrx_word' id='word_1_414' title='bbox 745 4011 892 4080; x_wconf 82' lang='grc' dir='ltr'>ἡμᾶς</span> <span class='ocrx_word' id='word_1_415' title='bbox 933 4006 1339 4079; x_wconf 75' lang='grc' dir='ltr'>περιδεδύσθαι.</span> <span class='ocrx_word' id='word_1_416' title='bbox 1369 4007 1432 4060; x_wconf 83' lang='lat' dir='ltr'><strong>Ei</strong></span> <span class='ocrx_word' id='word_1_417' title='bbox 1475 4005 1583 4075; x_wconf 86' lang='grc' dir='ltr'>γάρ</span> <span class='ocrx_word' id='word_1_418' title='bbox 1606 4023 1688 4069; x_wconf 83' lang='grc' dir='ltr'><strong>τις</strong></span> <span class='ocrx_word' id='word_1_419' title='bbox 1716 4006 1899 4073; x_wconf 78' lang='grc' dir='ltr'>ἱματί-</span> 
     </span>
    </p>
   </div>
   <div class='ocr_carea' id='block_1_58' title="bbox 306 4095 1898 4170">
    <p class='ocr_par' dir='ltr' id='par_1_58' title="bbox 306 4095 1898 4170">
     <span class='ocr_line' id='line_1_58' title="bbox 306 4095 1898 4170; baseline -0.001 -20"><span class='ocrx_word' id='word_1_420' title='bbox 306 4097 431 4162; x_wconf 78' lang='grc' dir='ltr'>ζετο</span> <span class='ocrx_word' id='word_1_421' title='bbox 464 4101 550 4162; x_wconf 88' lang='grc' dir='ltr'><strong>είς</strong></span> <span class='ocrx_word' id='word_1_422' title='bbox 584 4099 879 4170; x_wconf 77' lang='grc' dir='ltr'>ἀκέραιον,</span> <span class='ocrx_word' id='word_1_423' title='bbox 913 4095 1342 4167; x_wconf 75' lang='grc' dir='ltr'>ἁνεθεματίζετο</span> <span class='ocrx_word' id='word_1_424' title='bbox 1389 4095 1518 4166; x_wconf 84' lang='grc' dir='ltr'>παρ’</span> <span class='ocrx_word' id='word_1_425' title='bbox 1553 4096 1732 4158; x_wconf 82' lang='grc' dir='ltr'>αὐτοῖς</span> <span class='ocrx_word' id='word_1_426' title='bbox 1765 4097 1792 4148; x_wconf 87' lang='grc' dir='ltr'>ὁ</span> <span class='ocrx_word' id='word_1_427' title='bbox 1822 4095 1898 4166; x_wconf 83' lang='grc' dir='ltr'>μὴ</span> 
     </span>
    </p>
   </div>
   <div class='ocr_carea' id='block_1_59' title="bbox 307 4190 1192 4263">
    <p class='ocr_par' dir='ltr' id='par_1_59' title="bbox 307 4190 1192 4263">
     <span class='ocr_line' id='line_1_59' title="bbox 307 4190 1192 4263; baseline 0.002 -21"><span class='ocrx_word' id='word_1_428' title='bbox 307 4191 715 4263; x_wconf 72' lang='grc' dir='ltr'>λωποδυτῆσας</span> <span class='ocrx_word' id='word_1_429' title='bbox 742 4191 834 4244; x_wconf 79' lang='grc' dir='ltr'>τὸν</span> <span class='ocrx_word' id='word_1_430' title='bbox 877 4190 1192 4260; x_wconf 79' lang='grc' dir='ltr'>ἄνθρωπον.</span> 
     </span>
    </p>
   </div>
   <div class='ocr_carea' id='block_1_60' title="bbox 376 4279 1899 4355">
    <p class='ocr_par' dir='ltr' id='par_1_60' title="bbox 376 4279 1899 4355">
     <span class='ocr_line' id='line_1_60' title="bbox 376 4279 1899 4355; baseline -0.005 -16"><span class='ocrx_word' id='word_1_431' title='bbox 376 4285 504 4355; x_wconf 87' lang='grc' dir='ltr'>ριθ¹.</span> <span class='ocrx_word' id='word_1_432' title='bbox 536 4285 682 4338; x_wconf 84' lang='grc' dir='ltr'>Ὀτε</span> <span class='ocrx_word' id='word_1_433' title='bbox 708 4283 771 4336; x_wconf 77' lang='grc' dir='ltr'>δὲ</span> <span class='ocrx_word' id='word_1_434' title='bbox 811 4283 978 4336; x_wconf 81' lang='grc' dir='ltr'>τᾶλλα</span> <span class='ocrx_word' id='word_1_435' title='bbox 1001 4283 1368 4352; x_wconf 74' lang='grc' dir='ltr'>παρήσουσιγ,</span> <span class='ocrx_word' id='word_1_436' title='bbox 1401 4279 1756 4334; x_wconf 78' lang='grc' dir='ltr'>ἐπεϐούλευον</span> <span class='ocrx_word' id='word_1_437' title='bbox 1782 4280 1899 4342; x_wconf 78' lang='grc' dir='ltr'>ταῖς</span> 
     </span>
    </p>
   </div>
   <div class='ocr_carea' id='block_1_61' title="bbox 309 4372 1900 4446">
    <p class='ocr_par' dir='ltr' id='par_1_61' title="bbox 309 4372 1900 4446">
     <span class='ocr_line' id='line_1_61' title="bbox 309 4372 1900 4446; baseline -0.002 -19"><span class='ocrx_word' id='word_1_438' title='bbox 309 4377 557 4431; x_wconf 72' lang='grc' dir='ltr'>ἑκάστων</span> <span class='ocrx_word' id='word_1_439' title='bbox 589 4375 884 4446; x_wconf 80' lang='grc' dir='ltr'>κεφαλαῖς,</span> <span class='ocrx_word' id='word_1_440' title='bbox 920 4374 1115 4443; x_wconf 77' lang='grc' dir='ltr'>ἐπίσης</span> <span class='ocrx_word' id='word_1_441' title='bbox 1158 4373 1442 4443; x_wconf 83' lang='grc' dir='ltr'>μισοῦντες</span> <span class='ocrx_word' id='word_1_442' title='bbox 1473 4372 1596 4434; x_wconf 90' lang='grc' dir='ltr'>τούς</span> <span class='ocrx_word' id='word_1_443' title='bbox 1643 4389 1701 4425; x_wconf 89' lang='grc' dir='ltr'><strong>τε</strong></span> <span class='ocrx_word' id='word_1_444' title='bbox 1744 4375 1900 4425; x_wconf 84' lang='grc' dir='ltr'>ἀκει-</span> 
     </span>
    </p>
   </div>
   <div class='ocr_carea' id='block_1_62' title="bbox 308 4459 1898 4536">
    <p class='ocr_par' dir='ltr' id='par_1_62' title="bbox 308 4459 1898 4536">
     <span class='ocr_line' id='line_1_62' title="bbox 308 4459 1898 4536; baseline -0.003 -20"><span class='ocrx_word' id='word_1_445' title='bbox 308 4468 578 4536; x_wconf 58' lang='grc' dir='ltr'>ρεκόμας,</span> <span class='ocrx_word' id='word_1_446' title='bbox 613 4464 747 4528; x_wconf 82' lang='grc' dir='ltr'>τούς</span> <span class='ocrx_word' id='word_1_447' title='bbox 775 4481 835 4517; x_wconf 90' lang='grc' dir='ltr'><strong>τε</strong></span> <span class='ocrx_word' id='word_1_448' title='bbox 873 4463 1316 4533; x_wconf 76' lang='grc' dir='ltr'>βαθυπώγωνας.</span> <span class='ocrx_word' id='word_1_449' title='bbox 1350 4464 1460 4516; x_wconf 87' lang='lat' dir='ltr'><strong>Kal</strong></span> <span class='ocrx_word' id='word_1_450' title='bbox 1508 4463 1608 4516; x_wconf 84' lang='grc' dir='ltr'><strong>οὐκ</strong></span> <span class='ocrx_word' id='word_1_451' title='bbox 1657 4459 1723 4534; x_wconf 86' lang='grc' dir='ltr'>ἧν</span> <span class='ocrx_word' id='word_1_452' title='bbox 1769 4462 1898 4514; x_wconf 89' lang='grc' dir='ltr'>ἰδεῖν</span> 
     </span>
    </p>
   </div>
   <div class='ocr_carea' id='block_1_63' title="bbox 1996 1995 3566 2063">
    <p class='ocr_par' dir='ltr' id='par_1_63' title="bbox 1996 1995 3566 2063">
     <span class='ocr_line' id='line_1_63' title="bbox 1996 1995 3566 2063; baseline 0 -11"><span class='ocrx_word' id='word_1_453' title='bbox 1996 1997 2140 2052; x_wconf 86' lang='lat' dir='ltr'><strong>mis?</strong></span> <span class='ocrx_word' id='word_1_454' title='bbox 2164 2015 2182 2049; x_wconf 75' lang='grc' dir='ltr'><strong>ι</strong></span> <span class='ocrx_word' id='word_1_455' title='bbox 2217 1995 2490 2051; x_wconf 83' lang='lat' dir='ltr'><strong>Volebant</strong></span> <span class='ocrx_word' id='word_1_456' title='bbox 2524 2000 2671 2052; x_wconf 89' lang='lat' dir='ltr'><strong>enim</strong></span> <span class='ocrx_word' id='word_1_457' title='bbox 2708 2012 2811 2053; x_wconf 92' lang='lat' dir='ltr'><strong>nos</strong></span> <span class='ocrx_word' id='word_1_458' title='bbox 2845 2013 2953 2052; x_wconf 92' lang='lat' dir='ltr'><strong>non</strong></span> <span class='ocrx_word' id='word_1_459' title='bbox 2989 1999 3195 2053; x_wconf 88' lang='lat' dir='ltr'><strong>sentire</strong></span> <span class='ocrx_word' id='word_1_460' title='bbox 3221 2010 3270 2054; x_wconf 91' lang='lat' dir='ltr'><strong>ct</strong></span> <span class='ocrx_word' id='word_1_461' title='bbox 3303 1998 3566 2063; x_wconf 78' lang='lat' dir='ltr'><strong>insanire,</strong></span> 
     </span>
    </p>
   </div>
   <div class='ocr_carea' id='block_1_64' title="bbox 1995 2087 3570 2160">
    <p class='ocr_par' dir='ltr' id='par_1_64' title="bbox 1995 2087 3570 2160">
     <span class='ocr_line' id='line_1_64' title="bbox 1995 2087 3570 2160; baseline -0.001 -17"><span class='ocrx_word' id='word_1_462' title='bbox 1995 2104 2057 2144; x_wconf 91' lang='lat' dir='ltr'><strong>ac</strong></span> <span class='ocrx_word' id='word_1_463' title='bbox 2095 2090 2249 2159; x_wconf 88' lang='lat' dir='ltr'><strong>quasi</strong></span> <span class='ocrx_word' id='word_1_464' title='bbox 2287 2090 2518 2159; x_wconf 85' lang='lat' dir='ltr'><strong>gaudere</strong></span> <span class='ocrx_word' id='word_1_465' title='bbox 2556 2089 2717 2144; x_wconf 83' lang='lat' dir='ltr'><strong>malis</strong></span> <span class='ocrx_word' id='word_1_466' title='bbox 2752 2105 2873 2158; x_wconf 66' lang='lat' dir='ltr'><strong>quae</strong></span> <span class='ocrx_word' id='word_1_467' title='bbox 2901 2089 3271 2160; x_wconf 91' lang='lat' dir='ltr'><strong>patiebamur.</strong></span> <span class='ocrx_word' id='word_1_468' title='bbox 3308 2087 3366 2142; x_wconf 91' lang='lat' dir='ltr'><strong>Si</strong></span> <span class='ocrx_word' id='word_1_469' title='bbox 3422 2090 3570 2144; x_wconf 87' lang='lat' dir='ltr'><strong>acci-</strong></span> 
     </span>
    </p>
   </div>
   <div class='ocr_carea' id='block_1_65' title="bbox 1993 2180 3572 2245">
    <p class='ocr_par' dir='ltr' id='par_1_65' title="bbox 1993 2180 3572 2245">
     <span class='ocr_line' id='line_1_65' title="bbox 1993 2180 3572 2245; baseline -0.003 -9"><span class='ocrx_word' id='word_1_470' title='bbox 1993 2181 2147 2236; x_wconf 88' lang='lat' dir='ltr'><strong>deret</strong></span> <span class='ocrx_word' id='word_1_471' title='bbox 2180 2181 2422 2245; x_wconf 86' lang='lat' dir='ltr'><strong>cuidam,</strong></span> <span class='ocrx_word' id='word_1_472' title='bbox 2482 2181 2602 2235; x_wconf 84' lang='lat' dir='ltr'><strong>viso</strong></span> <span class='ocrx_word' id='word_1_473' title='bbox 2637 2180 2877 2244; x_wconf 88' lang='lat' dir='ltr'><strong>labente,</strong></span> <span class='ocrx_word' id='word_1_474' title='bbox 2914 2189 2971 2235; x_wconf 92' lang='lat' dir='ltr'><strong>ut</strong></span> <span class='ocrx_word' id='word_1_475' title='bbox 3027 2181 3229 2236; x_wconf 86' lang='lat' dir='ltr'><strong>rideret</strong></span> <span class='ocrx_word' id='word_1_476' title='bbox 3265 2181 3350 2236; x_wconf 87' lang='lat' dir='ltr'><strong>vel</strong></span> <span class='ocrx_word' id='word_1_477' title='bbox 3386 2180 3572 2234; x_wconf 86' lang='lat' dir='ltr'><strong>subri-</strong></span> 
     </span>
    </p>
   </div>
   <div class='ocr_carea' id='block_1_66' title="bbox 1993 2270 3569 2340">
    <p class='ocr_par' dir='ltr' id='par_1_66' title="bbox 1993 2270 3569 2340">
     <span class='ocr_line' id='line_1_66' title="bbox 1993 2270 3569 2340; baseline 0 -16"><span class='ocrx_word' id='word_1_478' title='bbox 1993 2273 2166 2340; x_wconf 84' lang='lat' dir='ltr'><strong>deret,</strong></span> <span class='ocrx_word' id='word_1_479' title='bbox 2217 2272 2447 2327; x_wconf 84' lang='lat' dir='ltr'><strong>Latinus</strong></span> <span class='ocrx_word' id='word_1_480' title='bbox 2499 2272 2844 2327; x_wconf 86' lang='lat' dir='ltr'><strong>irascebatur</strong></span> <span class='ocrx_word' id='word_1_481' title='bbox 2875 2273 3040 2328; x_wconf 88' lang='lat' dir='ltr'><strong>etiam</strong></span> <span class='ocrx_word' id='word_1_482' title='bbox 3102 2273 3453 2326; x_wconf 89' lang='lat' dir='ltr'><strong>vehementer</strong></span> <span class='ocrx_word' id='word_1_483' title='bbox 3486 2270 3569 2324; x_wconf 87' lang='lat' dir='ltr'><strong>illi</strong></span> 
     </span>
    </p>
   </div>
   <div class='ocr_carea' id='block_1_67' title="bbox 1994 2363 3572 2432">
    <p class='ocr_par' dir='ltr' id='par_1_67' title="bbox 1994 2363 3572 2432">
     <span class='ocr_line' id='line_1_67' title="bbox 1994 2363 3572 2432; baseline 0.002 -19"><span class='ocrx_word' id='word_1_484' title='bbox 1994 2365 2085 2432; x_wconf 89' lang='lat' dir='ltr'><strong>qui</strong></span> <span class='ocrx_word' id='word_1_485' title='bbox 2142 2363 2376 2418; x_wconf 86' lang='lat' dir='ltr'><strong>viderat.</strong></span> <span class='ocrx_word' id='word_1_486' title='bbox 2427 2363 2791 2418; x_wconf 75' lang='lat' dir='ltr'><strong>Existimabat</strong></span> <span class='ocrx_word' id='word_1_487' title='bbox 2842 2365 3013 2428; x_wconf 87' lang='lat' dir='ltr'><strong>enim,</strong></span> <span class='ocrx_word' id='word_1_488' title='bbox 3071 2373 3131 2418; x_wconf 90' lang='lat' dir='ltr'><strong>ut</strong></span> <span class='ocrx_word' id='word_1_489' title='bbox 3178 2363 3418 2427; x_wconf 88' lang='lat' dir='ltr'><strong>videtur,</strong></span> <span class='ocrx_word' id='word_1_490' title='bbox 3456 2363 3572 2417; x_wconf 84' lang='lat' dir='ltr'><strong>sive</strong></span> 
     </span>
    </p>
   </div>
   <div class='ocr_carea' id='block_1_68' title="bbox 1995 2453 3572 2520">
    <p class='ocr_par' dir='ltr' id='par_1_68' title="bbox 1995 2453 3572 2520">
     <span class='ocr_line' id='line_1_68' title="bbox 1995 2453 3572 2520; baseline -0.001 -13"><span class='ocrx_word' id='word_1_491' title='bbox 1995 2468 2096 2508; x_wconf 90' lang='lat' dir='ltr'><strong>nos</strong></span> <span class='ocrx_word' id='word_1_492' title='bbox 2160 2464 2314 2510; x_wconf 91' lang='lat' dir='ltr'><strong>actus</strong></span> <span class='ocrx_word' id='word_1_493' title='bbox 2352 2453 2670 2510; x_wconf 86' lang='lat' dir='ltr'><strong>Latinorum</strong></span> <span class='ocrx_word' id='word_1_494' title='bbox 2721 2455 2992 2520; x_wconf 88' lang='lat' dir='ltr'><strong>deridere,</strong></span> <span class='ocrx_word' id='word_1_495' title='bbox 3054 2455 3171 2510; x_wconf 85' lang='lat' dir='ltr'><strong>sive</strong></span> <span class='ocrx_word' id='word_1_496' title='bbox 3219 2456 3422 2508; x_wconf 89' lang='lat' dir='ltr'><strong>bonum</strong></span> <span class='ocrx_word' id='word_1_497' title='bbox 3475 2468 3572 2509; x_wconf 84' lang='lat' dir='ltr'><strong>ex-</strong></span> 
     </span>
    </p>
   </div>
   <div class='ocr_carea' id='block_1_69' title="bbox 1997 2545 3572 2616">
    <p class='ocr_par' dir='ltr' id='par_1_69' title="bbox 1997 2545 3572 2616">
     <span class='ocr_line' id='line_1_69' title="bbox 1997 2545 3572 2616; baseline 0.003 -18"><span class='ocrx_word' id='word_1_498' title='bbox 1997 2554 2310 2613; x_wconf 84' lang='lat' dir='ltr'><strong>spectantes</strong></span> <span class='ocrx_word' id='word_1_499' title='bbox 2333 2553 2393 2599; x_wconf 90' lang='lat' dir='ltr'><strong>ut</strong></span> <span class='ocrx_word' id='word_1_500' title='bbox 2441 2545 2583 2600; x_wconf 88' lang='lat' dir='ltr'><strong>malo</strong></span> <span class='ocrx_word' id='word_1_501' title='bbox 2612 2546 2938 2616; x_wconf 79' lang='lat' dir='ltr'><strong>gaudentes,</strong></span> <span class='ocrx_word' id='word_1_502' title='bbox 2984 2545 3102 2602; x_wconf 84' lang='lat' dir='ltr'><strong>sive</strong></span> <span class='ocrx_word' id='word_1_503' title='bbox 3156 2546 3376 2600; x_wconf 88' lang='lat' dir='ltr'><strong>tandem</strong></span> <span class='ocrx_word' id='word_1_504' title='bbox 3404 2547 3467 2601; x_wconf 91' lang='lat' dir='ltr'><strong>de</strong></span> <span class='ocrx_word' id='word_1_505' title='bbox 3504 2561 3572 2602; x_wconf 88' lang='lat' dir='ltr'><strong>eo</strong></span> 
     </span>
    </p>
   </div>
   <div class='ocr_carea' id='block_1_70' title="bbox 1996 2635 3574 2708">
    <p class='ocr_par' dir='ltr' id='par_1_70' title="bbox 1996 2635 3574 2708">
     <span class='ocr_line' id='line_1_70' title="bbox 1996 2635 3574 2708; baseline 0.002 -19"><span class='ocrx_word' id='word_1_506' title='bbox 1996 2635 2237 2706; x_wconf 84' lang='lat' dir='ltr'><strong>gaudere</strong></span> <span class='ocrx_word' id='word_1_507' title='bbox 2301 2636 2447 2706; x_wconf 90' lang='lat' dir='ltr'><strong>quod</strong></span> <span class='ocrx_word' id='word_1_508' title='bbox 2500 2637 2686 2692; x_wconf 88' lang='lat' dir='ltr'><strong>hostes</strong></span> <span class='ocrx_word' id='word_1_509' title='bbox 2731 2637 2954 2692; x_wconf 86' lang='lat' dir='ltr'><strong>latebat.</strong></span> <span class='ocrx_word' id='word_1_510' title='bbox 3003 2637 3209 2706; x_wconf 90' lang='lat' dir='ltr'><strong>Digitos</strong></span> <span class='ocrx_word' id='word_1_511' title='bbox 3264 2639 3428 2708; x_wconf 87' lang='lat' dir='ltr'><strong>igitur</strong></span> <span class='ocrx_word' id='word_1_512' title='bbox 3477 2638 3574 2693; x_wconf 83' lang='lat' dir='ltr'><strong>lle-</strong></span> 
     </span>
    </p>
   </div>
   <div class='ocr_carea' id='block_1_71' title="bbox 1999 2729 3569 2802">
    <p class='ocr_par' dir='ltr' id='par_1_71' title="bbox 1999 2729 3569 2802">
     <span class='ocr_line' id='line_1_71' title="bbox 1999 2729 3569 2802; baseline 0.004 -20"><span class='ocrx_word' id='word_1_513' title='bbox 1999 2729 2224 2782; x_wconf 77' lang='lat' dir='ltr'><strong>c1ebant</strong></span> <span class='ocrx_word' id='word_1_514' title='bbox 2246 2729 2300 2783; x_wconf 91' lang='lat' dir='ltr'><strong>in</strong></span> <span class='ocrx_word' id='word_1_515' title='bbox 2322 2730 2540 2783; x_wconf 88' lang='lat' dir='ltr'><strong>modum</strong></span> <span class='ocrx_word' id='word_1_516' title='bbox 2571 2730 2829 2794; x_wconf 86' lang='lat' dir='ltr'><strong>tibicinis,</strong></span> <span class='ocrx_word' id='word_1_517' title='bbox 2854 2745 3186 2802; x_wconf 91' lang='lat' dir='ltr'><strong>manumque</strong></span> <span class='ocrx_word' id='word_1_518' title='bbox 3211 2734 3569 2788; x_wconf 87' lang='lat' dir='ltr'><strong>rotundantes</strong></span> 
     </span>
    </p>
   </div>
   <div class='ocr_carea' id='block_1_72' title="bbox 1997 2820 3563 2898">
    <p class='ocr_par' dir='ltr' id='par_1_72' title="bbox 1997 2820 3563 2898">
     <span class='ocr_line' id='line_1_72' title="bbox 1997 2820 3563 2898; baseline 0.006 -24"><span class='ocrx_word' id='word_1_519' title='bbox 1997 2820 2052 2874; x_wconf 88' lang='lat' dir='ltr'><strong>in</strong></span> <span class='ocrx_word' id='word_1_520' title='bbox 2117 2837 2407 2876; x_wconf 85' lang='lat' dir='ltr'><strong>numerum</strong></span> <span class='ocrx_word' id='word_1_521' title='bbox 2439 2825 2719 2893; x_wconf 88' lang='lat' dir='ltr'><strong>agitabant</strong></span> <span class='ocrx_word' id='word_1_522' title='bbox 2744 2824 2811 2879; x_wconf 88' lang='lat' dir='ltr'><strong>ad</strong></span> <span class='ocrx_word' id='word_1_523' title='bbox 2847 2840 3086 2896; x_wconf 84' lang='lat' dir='ltr'><strong>pugnum</strong></span> <span class='ocrx_word' id='word_1_524' title='bbox 3121 2827 3563 2898; x_wconf 84' lang='lat' dir='ltr'><strong>impingendum:</strong></span> 
     </span>
    </p>
   </div>
   <div class='ocr_carea' id='block_1_73' title="bbox 2005 2912 3568 2988">
    <p class='ocr_par' dir='ltr' id='par_1_73' title="bbox 2005 2912 3568 2988">
     <span class='ocr_line' id='line_1_73' title="bbox 2005 2912 3568 2988; baseline 0.007 -25"><span class='ocrx_word' id='word_1_525' title='bbox 2005 2929 2023 2963; x_wconf 77' lang='grc' dir='ltr'><strong>ι</strong></span> <span class='ocrx_word' id='word_1_526' title='bbox 2094 2912 2204 2967; x_wconf 90' lang='lat' dir='ltr'><strong>Cur</strong></span> <span class='ocrx_word' id='word_1_527' title='bbox 2238 2913 2404 2976; x_wconf 86' lang='lat' dir='ltr'><strong>rides,</strong></span> <span class='ocrx_word' id='word_1_528' title='bbox 2450 2928 2484 2968; x_wconf 91' lang='grc' dir='ltr'><strong>ο</strong></span> <span class='ocrx_word' id='word_1_529' title='bbox 2523 2915 2778 2970; x_wconf 83' lang='lat' dir='ltr'><strong>diabolo?</strong></span> <span class='ocrx_word' id='word_1_530' title='bbox 2827 2934 2848 2969; x_wconf 73' lang='grc' dir='ltr'><strong>ο</strong></span> <span class='ocrx_word' id='word_1_531' title='bbox 2909 2916 3306 2973; x_wconf 88' lang='lat' dir='ltr'><strong>balbutiebant.</strong></span> <span class='ocrx_word' id='word_1_532' title='bbox 3369 2917 3568 2988; x_wconf 85' lang='lat' dir='ltr'><strong>Sicque.</strong></span> 
     </span>
    </p>
   </div>
   <div class='ocr_carea' id='block_1_74' title="bbox 1999 3006 3567 3080">
    <p class='ocr_par' dir='ltr' id='par_1_74' title="bbox 1999 3006 3567 3080">
     <span class='ocr_line' id='line_1_74' title="bbox 1999 3006 3567 3080; baseline 0.002 -21"><span class='ocrx_word' id='word_1_533' title='bbox 1999 3006 2352 3059; x_wconf 84' lang='lat' dir='ltr'><strong>serenitatem</strong></span> <span class='ocrx_word' id='word_1_534' title='bbox 2406 3006 2554 3060; x_wconf 69' lang='lat' dir='ltr'><strong>risus</strong></span> <span class='ocrx_word' id='word_1_535' title='bbox 2603 3008 2738 3061; x_wconf 89' lang='lat' dir='ltr'><strong>lenis</strong></span> <span class='ocrx_word' id='word_1_536' title='bbox 2790 3007 2843 3061; x_wconf 92' lang='lat' dir='ltr'><strong>in</strong></span> <span class='ocrx_word' id='word_1_537' title='bbox 2887 3009 3140 3063; x_wconf 88' lang='lat' dir='ltr'><strong>nebulam</strong></span> <span class='ocrx_word' id='word_1_538' title='bbox 3196 3009 3567 3080; x_wconf 87' lang='lat' dir='ltr'><strong>lacrymarum</strong></span> 
     </span>
    </p>
   </div>
   <div class='ocr_carea' id='block_1_75' title="bbox 1999 3098 3572 3165">
    <p class='ocr_par' dir='ltr' id='par_1_75' title="bbox 1999 3098 3572 3165">
     <span class='ocr_line' id='line_1_75' title="bbox 1999 3098 3572 3165; baseline 0.005 -17"><span class='ocrx_word' id='word_1_539' title='bbox 1999 3098 2418 3163; x_wconf 86' lang='lat' dir='ltr'><strong>convertebant,</strong></span> <span class='ocrx_word' id='word_1_540' title='bbox 2459 3099 2600 3162; x_wconf 91' lang='lat' dir='ltr'><strong>sive,</strong></span> <span class='ocrx_word' id='word_1_541' title='bbox 2673 3108 2735 3152; x_wconf 90' lang='lat' dir='ltr'><strong>ut</strong></span> <span class='ocrx_word' id='word_1_542' title='bbox 2780 3099 2942 3153; x_wconf 82' lang='lat' dir='ltr'><strong>aliter</strong></span> <span class='ocrx_word' id='word_1_543' title='bbox 2998 3101 3232 3165; x_wconf 85' lang='lat' dir='ltr'><strong>dicatur,</strong></span> <span class='ocrx_word' id='word_1_544' title='bbox 3303 3102 3572 3156; x_wconf 85' lang='lat' dir='ltr'><strong>ridentem</strong></span> 
     </span>
    </p>
   </div>
   <div class='ocr_carea' id='block_1_76' title="bbox 2004 3186 3441 3248">
    <p class='ocr_par' dir='ltr' id='par_1_76' title="bbox 2004 3186 3441 3248">
     <span class='ocr_line' id='line_1_76' title="bbox 2004 3186 3441 3248; baseline 0.007 -10"><span class='ocrx_word' id='word_1_545' title='bbox 2004 3186 2376 3243; x_wconf 84' lang='lat' dir='ltr'><strong>DemOcritum</strong></span> <span class='ocrx_word' id='word_1_546' title='bbox 2430 3191 2481 3243; x_wconf 93' lang='lat' dir='ltr'><strong>in</strong></span> <span class='ocrx_word' id='word_1_547' title='bbox 2525 3187 2861 3246; x_wconf 85' lang='lat' dir='ltr'><strong>Heraclitum</strong></span> <span class='ocrx_word' id='word_1_548' title='bbox 2885 3191 3100 3247; x_wconf 82' lang='lat' dir='ltr'><strong>ﬂentem</strong></span> <span class='ocrx_word' id='word_1_549' title='bbox 3135 3195 3441 3248; x_wconf 87' lang='lat' dir='ltr'><strong>mutabant.</strong></span> 
     </span>
    </p>
   </div>
   <div class='ocr_carea' id='block_1_77' title="bbox 2071 3369 3575 3442">
    <p class='ocr_par' dir='ltr' id='par_1_77' title="bbox 2071 3369 3575 3442">
     <span class='ocr_line' id='line_1_77' title="bbox 2071 3369 3575 3442; baseline 0.002 -17"><span class='ocrx_word' id='word_1_550' title='bbox 2071 3371 2193 3425; x_wconf 76' lang='lat'><strong>{18.</strong></span> <span class='ocrx_word' id='word_1_551' title='bbox 2239 3369 2699 3426; x_wconf 80' lang='lat' dir='ltr'><strong>Vestimentorum</strong></span> <span class='ocrx_word' id='word_1_552' title='bbox 2749 3374 2906 3428; x_wconf 87' lang='lat' dir='ltr'><strong>sinus</strong></span> <span class='ocrx_word' id='word_1_553' title='bbox 2961 3373 3228 3427; x_wconf 85' lang='lat' dir='ltr'><strong>viatorum</strong></span> <span class='ocrx_word' id='word_1_554' title='bbox 3278 3374 3575 3442; x_wconf 77' lang='lat' dir='ltr'><strong>tangebant</strong></span> 
     </span>
    </p>
   </div>
   <div class='ocr_carea' id='block_1_78' title="bbox 1998 3463 3576 3536">
    <p class='ocr_par' dir='ltr' id='par_1_78' title="bbox 1998 3463 3576 3536">
     <span class='ocr_line' id='line_1_78' title="bbox 1998 3463 3576 3536; baseline 0.002 -17"><span class='ocrx_word' id='word_1_555' title='bbox 1998 3463 2477 3532; x_wconf 85' lang='lat' dir='ltr'><strong>evacuabantque,</strong></span> <span class='ocrx_word' id='word_1_556' title='bbox 2523 3465 2568 3518; x_wconf 88' lang='lat' dir='ltr'><strong>si</strong></span> <span class='ocrx_word' id='word_1_557' title='bbox 2621 3463 2752 3534; x_wconf 87' lang='lat' dir='ltr'><strong>quid</strong></span> <span class='ocrx_word' id='word_1_558' title='bbox 2828 3463 2960 3519; x_wconf 87' lang='lat' dir='ltr'><strong>utile</strong></span> <span class='ocrx_word' id='word_1_559' title='bbox 3035 3473 3182 3519; x_wconf 88' lang='lat' dir='ltr'><strong>esset</strong></span> <span class='ocrx_word' id='word_1_560' title='bbox 3237 3465 3360 3520; x_wconf 90' lang='lat' dir='ltr'><strong>licet</strong></span> <span class='ocrx_word' id='word_1_561' title='bbox 3424 3463 3576 3536; x_wconf 76' lang='lat' dir='ltr'><strong>parvi</strong></span> 
     </span>
    </p>
   </div>
   <div class='ocr_carea' id='block_1_79' title="bbox 2002 3554 3574 3625">
    <p class='ocr_par' dir='ltr' id='par_1_79' title="bbox 2002 3554 3574 3625">
     <span class='ocr_line' id='line_1_79' title="bbox 2002 3554 3574 3625; baseline 0 -17"><span class='ocrx_word' id='word_1_562' title='bbox 2002 3556 2284 3608; x_wconf 88' lang='lat' dir='ltr'><strong>momenti.</strong></span> <span class='ocrx_word' id='word_1_563' title='bbox 2333 3554 2560 3608; x_wconf 69' lang='lat' dir='ltr'><strong>(Juriose</strong></span> <span class='ocrx_word' id='word_1_564' title='bbox 2589 3555 2981 3609; x_wconf 87' lang='lat' dir='ltr'><strong>scrutabantur</strong></span> <span class='ocrx_word' id='word_1_565' title='bbox 3017 3571 3176 3608; x_wconf 89' lang='lat' dir='ltr'><strong>crura</strong></span> <span class='ocrx_word' id='word_1_566' title='bbox 3236 3570 3303 3609; x_wconf 88' lang='lat' dir='ltr'><strong>ne</strong></span> <span class='ocrx_word' id='word_1_567' title='bbox 3351 3555 3574 3625; x_wconf 88' lang='lat' dir='ltr'><strong>quando</strong></span> 
     </span>
    </p>
   </div>
   <div class='ocr_carea' id='block_1_80' title="bbox 2000 3643 3579 3716">
    <p class='ocr_par' dir='ltr' id='par_1_80' title="bbox 2000 3643 3579 3716">
     <span class='ocr_line' id='line_1_80' title="bbox 2000 3643 3579 3716; baseline 0.005 -20"><span class='ocrx_word' id='word_1_568' title='bbox 2000 3645 2258 3713; x_wconf 74' lang='lat' dir='ltr'><strong>penderet</strong></span> <span class='ocrx_word' id='word_1_569' title='bbox 2287 3644 2518 3713; x_wconf 81' lang='lat' dir='ltr'><strong>gladius.</strong></span> <span class='ocrx_word' id='word_1_570' title='bbox 2549 3643 2605 3698; x_wconf 90' lang='lat' dir='ltr'><strong>Si</strong></span> <span class='ocrx_word' id='word_1_571' title='bbox 2631 3647 2845 3712; x_wconf 89' lang='lat' dir='ltr'><strong>quando</strong></span> <span class='ocrx_word' id='word_1_572' title='bbox 2877 3646 3039 3715; x_wconf 86' lang='lat' dir='ltr'><strong>pugio</strong></span> <span class='ocrx_word' id='word_1_573' title='bbox 3068 3646 3579 3716; x_wconf 63' lang='lat' dir='ltr'><strong>quantuluscunqu‘.</strong></span> 
     </span>
    </p>
   </div>
   <div class='ocr_carea' id='block_1_81' title="bbox 1999 3733 3568 3804">
    <p class='ocr_par' dir='ltr' id='par_1_81' title="bbox 1999 3733 3568 3804">
     <span class='ocr_line' id='line_1_81' title="bbox 1999 3733 3568 3804; baseline 0.003 -17"><span class='ocrx_word' id='word_1_574' title='bbox 1999 3733 2356 3800; x_wconf 89' lang='lat' dir='ltr'><strong>inveniretur,</strong></span> <span class='ocrx_word' id='word_1_575' title='bbox 2395 3750 2549 3804; x_wconf 68' lang='lat' dir='ltr'><strong>gena:</strong></span> <span class='ocrx_word' id='word_1_576' title='bbox 2565 3736 2785 3804; x_wconf 86' lang='lat' dir='ltr'><strong>quidem</strong></span> <span class='ocrx_word' id='word_1_577' title='bbox 2808 3736 3034 3792; x_wconf 80' lang='lat' dir='ltr'><strong>ferentis</strong></span> <span class='ocrx_word' id='word_1_578' title='bbox 3061 3737 3204 3792; x_wconf 91' lang='lat' dir='ltr'><strong>ictus</strong></span> <span class='ocrx_word' id='word_1_579' title='bbox 3237 3738 3568 3803; x_wconf 89' lang='lat' dir='ltr'><strong>sentiebant,</strong></span> 
     </span>
    </p>
   </div>
   <div class='ocr_carea' id='block_1_82' title="bbox 1999 3825 3579 3897">
    <p class='ocr_par' dir='ltr' id='par_1_82' title="bbox 1999 3825 3579 3897">
     <span class='ocr_line' id='line_1_82' title="bbox 1999 3825 3579 3897; baseline 0.003 -18"><span class='ocrx_word' id='word_1_580' title='bbox 1999 3825 2226 3882; x_wconf 87' lang='lat' dir='ltr'><strong>Latinus</strong></span> <span class='ocrx_word' id='word_1_581' title='bbox 2275 3841 2404 3880; x_wconf 87' lang='lat' dir='ltr'><strong>vero</strong></span> <span class='ocrx_word' id='word_1_582' title='bbox 2431 3827 2714 3896; x_wconf 81' lang='lat' dir='ltr'><strong>pugionem</strong></span> <span class='ocrx_word' id='word_1_583' title='bbox 2753 3829 3016 3897; x_wconf 89' lang='lat' dir='ltr'><strong>rapiebat.</strong></span> <span class='ocrx_word' id='word_1_584' title='bbox 3059 3827 3215 3895; x_wconf 85' lang='lat' dir='ltr'><strong>Quod</strong></span> <span class='ocrx_word' id='word_1_585' title='bbox 3263 3845 3390 3884; x_wconf 86' lang='lat' dir='ltr'><strong>vero</strong></span> <span class='ocrx_word' id='word_1_586' title='bbox 3442 3830 3579 3884; x_wconf 85' lang='lat' dir='ltr'><strong>dila-</strong></span> 
     </span>
    </p>
   </div>
   <div class='ocr_carea' id='block_1_83' title="bbox 2001 3916 3577 3976">
    <p class='ocr_par' dir='ltr' id='par_1_83' title="bbox 2001 3916 3577 3976">
     <span class='ocr_line' id='line_1_83' title="bbox 2001 3916 3577 3976; baseline 0.004 -6"><span class='ocrx_word' id='word_1_587' title='bbox 2001 3925 2243 3970; x_wconf 87' lang='lat' dir='ltr'><strong>ceratum</strong></span> <span class='ocrx_word' id='word_1_588' title='bbox 2287 3916 2518 3970; x_wconf 82' lang='lat' dir='ltr'><strong>fuerata</strong></span> <span class='ocrx_word' id='word_1_589' title='bbox 2547 3918 2705 3972; x_wconf 87' lang='lat' dir='ltr'><strong>nobis</strong></span> <span class='ocrx_word' id='word_1_590' title='bbox 2737 3921 2996 3974; x_wconf 89' lang='lat' dir='ltr'><strong>omnibus</strong></span> <span class='ocrx_word' id='word_1_591' title='bbox 3047 3919 3381 3976; x_wconf 89' lang='lat' dir='ltr'><strong>induendum</strong></span> <span class='ocrx_word' id='word_1_592' title='bbox 3435 3930 3577 3976; x_wconf 87' lang='lat' dir='ltr'><strong>erat.</strong></span> 
     </span>
    </p>
   </div>
   <div class='ocr_carea' id='block_1_84' title="bbox 2004 4007 3582 4082">
    <p class='ocr_par' dir='ltr' id='par_1_84' title="bbox 2004 4007 3582 4082">
     <span class='ocr_line' id='line_1_84' title="bbox 2004 4007 3582 4082; baseline 0.004 -21"><span class='ocrx_word' id='word_1_593' title='bbox 2004 4007 2060 4061; x_wconf 91' lang='lat' dir='ltr'><strong>Si</strong></span> <span class='ocrx_word' id='word_1_594' title='bbox 2078 4017 2256 4062; x_wconf 87' lang='lat' dir='ltr'><strong>autem</strong></span> <span class='ocrx_word' id='word_1_595' title='bbox 2281 4008 2476 4077; x_wconf 90' lang='lat' dir='ltr'><strong>aliquis</strong></span> <span class='ocrx_word' id='word_1_596' title='bbox 2500 4009 2762 4063; x_wconf 86' lang='lat' dir='ltr'><strong>induebat</strong></span> <span class='ocrx_word' id='word_1_597' title='bbox 2784 4011 3040 4078; x_wconf 86' lang='lat' dir='ltr'><strong>puritatis</strong></span> <span class='ocrx_word' id='word_1_598' title='bbox 3063 4013 3254 4082; x_wconf 89' lang='lat' dir='ltr'><strong>gratia,</strong></span> <span class='ocrx_word' id='word_1_599' title='bbox 3282 4012 3471 4067; x_wconf 89' lang='lat' dir='ltr'><strong>abillis</strong></span> <span class='ocrx_word' id='word_1_600' title='bbox 3485 4013 3582 4068; x_wconf 82' lang='lat' dir='ltr'><strong>da-</strong></span> 
     </span>
    </p>
   </div>
   <div class='ocr_carea' id='block_1_85' title="bbox 2002 4100 3470 4172">
    <p class='ocr_par' dir='ltr' id='par_1_85' title="bbox 2002 4100 3470 4172">
     <span class='ocr_line' id='line_1_85' title="bbox 2002 4100 3470 4172; baseline 0.004 -19"><span class='ocrx_word' id='word_1_601' title='bbox 2002 4100 2288 4154; x_wconf 84' lang='lat' dir='ltr'><strong>mnabatur</strong></span> <span class='ocrx_word' id='word_1_602' title='bbox 2306 4101 2396 4169; x_wconf 90' lang='lat' dir='ltr'><strong>qui</strong></span> <span class='ocrx_word' id='word_1_603' title='bbox 2420 4101 2696 4155; x_wconf 87' lang='lat' dir='ltr'><strong>uouhunc</strong></span> <span class='ocrx_word' id='word_1_604' title='bbox 2735 4102 3008 4157; x_wconf 87' lang='lat' dir='ltr'><strong>hominem</strong></span> <span class='ocrx_word' id='word_1_605' title='bbox 3048 4103 3470 4172; x_wconf 83' lang='lat' dir='ltr'><strong>despoliaverat.</strong></span> 
     </span>
    </p>
   </div>
   <div class='ocr_carea' id='block_1_86' title="bbox 2073 4278 3588 4350">
    <p class='ocr_par' dir='ltr' id='par_1_86' title="bbox 2073 4278 3588 4350">
     <span class='ocr_line' id='line_1_86' title="bbox 2073 4278 3588 4350; baseline 0.002 -17"><span class='ocrx_word' id='word_1_606' title='bbox 2073 4278 2195 4333; x_wconf 83' lang='lat' dir='ltr'><strong>H9.</strong></span> <span class='ocrx_word' id='word_1_607' title='bbox 2216 4278 2386 4333; x_wconf 84' lang='lat' dir='ltr'><strong>Athis</strong></span> <span class='ocrx_word' id='word_1_608' title='bbox 2411 4294 2519 4332; x_wconf 90' lang='lat' dir='ltr'><strong>non</strong></span> <span class='ocrx_word' id='word_1_609' title='bbox 2545 4280 2810 4344; x_wconf 71' lang='lat' dir='ltr'><strong>contenti,</strong></span> <span class='ocrx_word' id='word_1_610' title='bbox 2832 4280 3265 4350; x_wconf 86' lang='lat' dir='ltr'><strong>uniuscujusque</strong></span> <span class='ocrx_word' id='word_1_611' title='bbox 3292 4295 3353 4334; x_wconf 79' lang='lat' dir='ltr'><strong>ex</strong></span> <span class='ocrx_word' id='word_1_612' title='bbox 3378 4283 3588 4336; x_wconf 81' lang='lat' dir='ltr'><strong>nostris</strong></span> 
     </span>
    </p>
   </div>
   <div class='ocr_carea' id='block_1_87' title="bbox 2001 4369 3580 4442">
    <p class='ocr_par' dir='ltr' id='par_1_87' title="bbox 2001 4369 3580 4442">
     <span class='ocr_line' id='line_1_87' title="bbox 2001 4369 3580 4442; baseline 0 -17"><span class='ocrx_word' id='word_1_613' title='bbox 2001 4369 2163 4438; x_wconf 79' lang='lat' dir='ltr'><strong>capiti</strong></span> <span class='ocrx_word' id='word_1_614' title='bbox 2194 4369 2370 4423; x_wconf 88' lang='lat' dir='ltr'><strong>dicam</strong></span> <span class='ocrx_word' id='word_1_615' title='bbox 2403 4375 2712 4433; x_wconf 82' lang='lat' dir='ltr'><strong>movebant,</strong></span> <span class='ocrx_word' id='word_1_616' title='bbox 2739 4373 2931 4440; x_wconf 70' lang='lat' dir='ltr'><strong>aequali</strong></span> <span class='ocrx_word' id='word_1_617' title='bbox 2967 4387 3190 4442; x_wconf 75' lang='lat' dir='ltr'><strong>prorsus</strong></span> <span class='ocrx_word' id='word_1_618' title='bbox 3220 4371 3346 4426; x_wconf 86' lang='lat' dir='ltr'><strong>odio</strong></span> <span class='ocrx_word' id='word_1_619' title='bbox 3375 4372 3580 4426; x_wconf 80' lang='lat' dir='ltr'><strong>haben-</strong></span> 
     </span>
    </p>
   </div>
   <div class='ocr_carea' id='block_1_88' title="bbox 2003 4462 3578 4533">
    <p class='ocr_par' dir='ltr' id='par_1_88' title="bbox 2003 4462 3578 4533">
     <span class='ocr_line' id='line_1_88' title="bbox 2003 4462 3578 4533; baseline 0.002 -21"><span class='ocrx_word' id='word_1_620' title='bbox 2003 4469 2078 4514; x_wconf 90' lang='lat' dir='ltr'><strong>tet</strong></span> <span class='ocrx_word' id='word_1_621' title='bbox 2105 4469 2158 4514; x_wconf 90' lang='lat' dir='ltr'><strong>et</strong></span> <span class='ocrx_word' id='word_1_622' title='bbox 2179 4475 2272 4517; x_wconf 92' lang='lat' dir='ltr'><strong>eos</strong></span> <span class='ocrx_word' id='word_1_623' title='bbox 2320 4462 2410 4530; x_wconf 90' lang='lat' dir='ltr'><strong>qui</strong></span> <span class='ocrx_word' id='word_1_624' title='bbox 2446 4463 2619 4532; x_wconf 85' lang='lat' dir='ltr'><strong>longis</strong></span> <span class='ocrx_word' id='word_1_625' title='bbox 2652 4464 2864 4533; x_wconf 81' lang='lat' dir='ltr'><strong>capillis</strong></span> <span class='ocrx_word' id='word_1_626' title='bbox 2898 4473 2952 4517; x_wconf 94' lang='lat' dir='ltr'><strong>et</strong></span> <span class='ocrx_word' id='word_1_627' title='bbox 2991 4478 3086 4518; x_wconf 93' lang='lat' dir='ltr'><strong>eos</strong></span> <span class='ocrx_word' id='word_1_628' title='bbox 3110 4463 3214 4532; x_wconf 76' lang='lat' dir='ltr'><strong>qui-</strong></span> <span class='ocrx_word' id='word_1_629' title='bbox 3256 4463 3422 4518; x_wconf 83' lang='lat' dir='ltr'><strong>densa</strong></span> <span class='ocrx_word' id='word_1_630' title='bbox 3449 4463 3578 4516; x_wconf 90' lang='lat' dir='ltr'><strong>bar-</strong></span> 
     </span>
    </p>
   </div>
   <div class='ocr_carea' id='block_1_89' title="bbox 305 4551 1893 4650">
    <p class='ocr_par' dir='ltr' id='par_1_89' title="bbox 305 4551 1893 4628">
     <span class='ocr_line' id='line_1_89' title="bbox 305 4551 1893 4628; baseline -0.003 -19"><span class='ocrx_word' id='word_1_631' title='bbox 305 4559 472 4628; x_wconf 75' lang='grc' dir='ltr'>ᾰνδρα</span> <span class='ocrx_word' id='word_1_632' title='bbox 511 4557 633 4610; x_wconf 83' lang='grc' dir='ltr'>εἴτε</span> <span class='ocrx_word' id='word_1_633' title='bbox 670 4558 768 4609; x_wconf 72' lang='grc' dir='ltr'><strong>καὶ</strong></span> <span class='ocrx_word' id='word_1_634' title='bbox 801 4555 966 4608; x_wconf 87' lang='grc' dir='ltr'>παῖδα</span> <span class='ocrx_word' id='word_1_635' title='bbox 994 4555 1164 4624; x_wconf 80' lang='grc' dir='ltr'>τύχης</span> <span class='ocrx_word' id='word_1_636' title='bbox 1192 4555 1288 4624; x_wconf 82' lang='grc' dir='ltr'>τῆς</span> <span class='ocrx_word' id='word_1_637' title='bbox 1313 4553 1532 4608; x_wconf 78' lang='grc' dir='ltr'>οἱασοῦν</span> <span class='ocrx_word' id='word_1_638' title='bbox 1567 4553 1641 4624; x_wconf 83' lang='grc' dir='ltr'>μὴ</span> <span class='ocrx_word' id='word_1_639' title='bbox 1668 4551 1893 4624; x_wconf 85' lang='grc' dir='ltr'>κουρίαν</span> 
     </span>
    </p>
   </div>
   <div class='ocr_carea' id='block_1_90' title="bbox 1997 4551 3588 4650">
    <p class='ocr_par' dir='ltr' id='par_1_90' title="bbox 2003 4551 3588 4622">
     <span class='ocr_line' id='line_1_90' title="bbox 2003 4551 3588 4622; baseline 0.001 -17"><span class='ocrx_word' id='word_1_640' title='bbox 2003 4551 2071 4605; x_wconf 94' lang='lat' dir='ltr'><strong>ba</strong></span> <span class='ocrx_word' id='word_1_641' title='bbox 2107 4552 2419 4608; x_wconf 90' lang='lat' dir='ltr'><strong>utebantur.</strong></span> <span class='ocrx_word' id='word_1_642' title='bbox 2455 4553 2570 4608; x_wconf 84' lang='lat' dir='ltr'><strong>Non</strong></span> <span class='ocrx_word' id='word_1_643' title='bbox 2618 4553 2804 4608; x_wconf 89' lang='lat' dir='ltr'><strong>videre</strong></span> <span class='ocrx_word' id='word_1_644' title='bbox 2848 4562 2965 4607; x_wconf 82' lang='lat' dir='ltr'><strong>erat</strong></span> <span class='ocrx_word' id='word_1_645' title='bbox 2997 4555 3170 4608; x_wconf 86' lang='lat' dir='ltr'><strong>virum</strong></span> <span class='ocrx_word' id='word_1_646' title='bbox 3201 4560 3295 4607; x_wconf 87' lang='lat' dir='ltr'><strong>aut</strong></span> <span class='ocrx_word' id='word_1_647' title='bbox 3352 4568 3588 4622; x_wconf 88' lang='lat' dir='ltr'><strong>puerum-</strong></span> 
     </span>
    </p>
   </div>
   <div class='ocr_carea' id='block_1_91' title="bbox 308 4643 1896 4716">
    <p class='ocr_par' dir='ltr' id='par_1_91' title="bbox 308 4643 1896 4716">
     <span class='ocr_line' id='line_1_91' title="bbox 308 4643 1896 4716; baseline -0.002 -16"><span class='ocrx_word' id='word_1_648' title='bbox 308 4651 450 4702; x_wconf 70' lang='grc' dir='ltr'>κατὰ</span> <span class='ocrx_word' id='word_1_649' title='bbox 480 4650 720 4713; x_wconf 81' lang='grc' dir='ltr'>κύκλον,</span> <span class='ocrx_word' id='word_1_650' title='bbox 747 4647 908 4700; x_wconf 80' lang='grc' dir='ltr'>ὁποῖά</span> <span class='ocrx_word' id='word_1_651' title='bbox 935 4663 1019 4708; x_wconf 88' lang='grc' dir='ltr'><strong>τις</strong></span> <span class='ocrx_word' id='word_1_652' title='bbox 1041 4643 1200 4716; x_wconf 73' lang='grc' dir='ltr'>οἶμαι</span> <span class='ocrx_word' id='word_1_653' title='bbox 1228 4645 1322 4699; x_wconf 77' lang='grc' dir='ltr'>καὶ</span> <span class='ocrx_word' id='word_1_654' title='bbox 1351 4647 1383 4716; x_wconf 75' lang='grc' dir='ltr'><strong>ἡ</strong></span> <span class='ocrx_word' id='word_1_655' title='bbox 1417 4645 1896 4716; x_wconf 70' lang='grc' dir='ltr'>παροιμιαζομένη</span> 
     </span>
    </p>
   </div>
   <div class='ocr_carea' id='block_1_92' title="bbox 314 4736 1899 4810">
    <p class='ocr_par' dir='ltr' id='par_1_92' title="bbox 314 4736 1899 4810">
     <span class='ocr_line' id='line_1_92' title="bbox 314 4736 1899 4810; baseline -0.002 -19"><span class='ocrx_word' id='word_1_656' title='bbox 314 4738 640 4810; x_wconf 62' lang='grc' dir='ltr'>Ἐκτόρειος</span> <span class='ocrx_word' id='word_1_657' title='bbox 683 4738 880 4806; x_wconf 69' lang='grc' dir='ltr'>κουρά,</span> <span class='ocrx_word' id='word_1_658' title='bbox 925 4739 1025 4790; x_wconf 78' lang='grc' dir='ltr'>εἶτ’</span> <span class='ocrx_word' id='word_1_659' title='bbox 1053 4737 1144 4790; x_wconf 76' lang='grc' dir='ltr'><strong>οὖν</strong></span> <span class='ocrx_word' id='word_1_660' title='bbox 1175 4739 1208 4807; x_wconf 82' lang='grc' dir='ltr'><strong>ἡ</strong></span> <span class='ocrx_word' id='word_1_661' title='bbox 1242 4738 1382 4790; x_wconf 83' lang='grc' dir='ltr'>κατὰ</span> <span class='ocrx_word' id='word_1_662' title='bbox 1416 4737 1600 4806; x_wconf 85' lang='grc' dir='ltr'>Θησέα</span> <span class='ocrx_word' id='word_1_663' title='bbox 1625 4736 1695 4788; x_wconf 84' lang='grc' dir='ltr'><strong>τά</strong></span> <span class='ocrx_word' id='word_1_664' title='bbox 1728 4736 1899 4806; x_wconf 87' lang='grc' dir='ltr'>πρόσ-</span> 
     </span>
    </p>
   </div>
   <div class='ocr_carea' id='block_1_93' title="bbox 305 4824 1902 4899">
    <p class='ocr_par' dir='ltr' id='par_1_93' title="bbox 305 4824 1902 4899">
     <span class='ocr_line' id='line_1_93' title="bbox 305 4824 1902 4899; baseline -0.001 -17"><span class='ocrx_word' id='word_1_665' title='bbox 305 4831 414 4882; x_wconf 72' lang='grc' dir='ltr'>θια·</span> <span class='ocrx_word' id='word_1_666' title='bbox 447 4831 527 4895; x_wconf 82' lang='grc' dir='ltr'>ὡς</span> <span class='ocrx_word' id='word_1_667' title='bbox 564 4830 698 4884; x_wconf 84' lang='grc' dir='ltr'>τότε</span> <span class='ocrx_word' id='word_1_668' title='bbox 744 4827 1026 4882; x_wconf 84' lang='grc' dir='ltr'>ἀντίθετον</span> <span class='ocrx_word' id='word_1_669' title='bbox 1067 4828 1282 4899; x_wconf 77' lang='grc' dir='ltr'>βαθεῖαι</span> <span class='ocrx_word' id='word_1_670' title='bbox 1313 4824 1454 4898; x_wconf 81' lang='grc' dir='ltr'>ἦσαν</span> <span class='ocrx_word' id='word_1_671' title='bbox 1502 4830 1558 4882; x_wconf 86' lang='lat' dir='ltr'><strong>ai</strong></span> <span class='ocrx_word' id='word_1_672' title='bbox 1616 4827 1784 4882; x_wconf 82' lang='grc' dir='ltr'>πάλαι</span> <span class='ocrx_word' id='word_1_673' title='bbox 1811 4829 1902 4882; x_wconf 79' lang='grc' dir='ltr'><strong>κό-</strong></span> 
     </span>
    </p>
   </div>
   <div class='ocr_carea' id='block_1_94' title="bbox 308 4919 1900 5000">
    <p class='ocr_par' dir='ltr' id='par_1_94' title="bbox 308 4919 1900 5000">
     <span class='ocr_line' id='line_1_94' title="bbox 308 4919 1900 5000; baseline -0.001 -26"><span class='ocrx_word' id='word_1_674' title='bbox 308 4938 403 4989; x_wconf 70' lang='grc' dir='ltr'><strong>μαι</strong></span> <span class='ocrx_word' id='word_1_675' title='bbox 433 4921 588 4976; x_wconf 82' lang='grc' dir='ltr'>κατὰ</span> <span class='ocrx_word' id='word_1_676' title='bbox 627 4923 760 5000; x_wconf 72' lang='grc' dir='ltr'>τοὺς</span> <span class='ocrx_word' id='word_1_677' title='bbox 796 4919 1094 4984; x_wconf 75' lang='grc' dir='ltr'>Ἄϐαντας,</span> <span class='ocrx_word' id='word_1_678' title='bbox 1146 4919 1244 4973; x_wconf 81' lang='grc' dir='ltr'>καὶ</span> <span class='ocrx_word' id='word_1_679' title='bbox 1295 4919 1356 4971; x_wconf 82' lang='grc' dir='ltr'><strong>οὐ</strong></span> <span class='ocrx_word' id='word_1_680' title='bbox 1391 4922 1532 4972; x_wconf 77' lang='grc' dir='ltr'>κατὰ</span> <span class='ocrx_word' id='word_1_681' title='bbox 1569 4920 1696 4982; x_wconf 83' lang='grc' dir='ltr'>τοὺς</span> <span class='ocrx_word' id='word_1_682' title='bbox 1737 4920 1900 4973; x_wconf 86' lang='grc' dir='ltr'>Λατί-</span> 
     </span>
    </p>
   </div>
   <div class='ocr_carea' id='block_1_95' title="bbox 303 5011 1899 5082">
    <p class='ocr_par' dir='ltr' id='par_1_95' title="bbox 303 5011 1899 5082">
     <span class='ocr_line' id='line_1_95' title="bbox 303 5011 1899 5082; baseline 0.003 -20"><span class='ocrx_word' id='word_1_683' title='bbox 303 5029 423 5074; x_wconf 89' lang='grc' dir='ltr'>νους</span> <span class='ocrx_word' id='word_1_684' title='bbox 477 5013 759 5076; x_wconf 83' lang='grc' dir='ltr'>τούτους,</span> <span class='ocrx_word' id='word_1_685' title='bbox 819 5011 1060 5064; x_wconf 88' lang='grc' dir='ltr'>κύκλωθι</span> <span class='ocrx_word' id='word_1_686' title='bbox 1114 5011 1377 5082; x_wconf 76' lang='grc' dir='ltr'>τροχαλαὶ</span> <span class='ocrx_word' id='word_1_687' title='bbox 1405 5052 1420 5078; x_wconf 90' lang='grc'><strong>,</strong></span> <span class='ocrx_word' id='word_1_688' title='bbox 1460 5013 1556 5065; x_wconf 77' lang='grc' dir='ltr'>καὶ</span> <span class='ocrx_word' id='word_1_689' title='bbox 1604 5011 1678 5075; x_wconf 86' lang='grc' dir='ltr'><strong>ὡς</strong></span> <span class='ocrx_word' id='word_1_690' title='bbox 1723 5014 1899 5066; x_wconf 73' lang='grc' dir='ltr'>εἰπεῖν</span> 
     </span>
    </p>
   </div>
   <div class='ocr_carea' id='block_1_96' title="bbox 303 5100 1900 5172">
    <p class='ocr_par' dir='ltr' id='par_1_96' title="bbox 303 5100 1900 5172">
     <span class='ocr_line' id='line_1_96' title="bbox 303 5100 1900 5172; baseline 0.003 -22"><span class='ocrx_word' id='word_1_691' title='bbox 303 5101 639 5171; x_wconf 75' lang='grc' dir='ltr'>ἀκρόκομοι.</span> <span class='ocrx_word' id='word_1_692' title='bbox 679 5101 793 5154; x_wconf 81' lang='grc' dir='ltr'><strong>Καὶ</strong></span> <span class='ocrx_word' id='word_1_693' title='bbox 823 5100 1093 5172; x_wconf 85' lang='grc' dir='ltr'>ὑπούργει</span> <span class='ocrx_word' id='word_1_694' title='bbox 1123 5102 1263 5170; x_wconf 74' lang='grc' dir='ltr'>πρὸς</span> <span class='ocrx_word' id='word_1_695' title='bbox 1301 5101 1472 5154; x_wconf 83' lang='grc' dir='ltr'>ταῦτα</span> <span class='ocrx_word' id='word_1_696' title='bbox 1508 5103 1622 5165; x_wconf 88' lang='grc' dir='ltr'>τοῖς</span> <span class='ocrx_word' id='word_1_697' title='bbox 1651 5102 1760 5155; x_wconf 86' lang='grc' dir='ltr'><strong>τῶν</strong></span> <span class='ocrx_word' id='word_1_698' title='bbox 1785 5120 1900 5172; x_wconf 89' lang='grc' dir='ltr'>τρι-</span> 
     </span>
    </p>
   </div>
   <div class='ocr_carea' id='block_1_97' title="bbox 302 5193 1900 5264">
    <p class='ocr_par' dir='ltr' id='par_1_97' title="bbox 302 5193 1900 5264">
     <span class='ocr_line' id='line_1_97' title="bbox 302 5193 1900 5264; baseline 0.003 -20"><span class='ocrx_word' id='word_1_699' title='bbox 302 5195 413 5261; x_wconf 81' lang='grc' dir='ltr'>χῶν</span> <span class='ocrx_word' id='word_1_700' title='bbox 460 5193 838 5263; x_wconf 83' lang='grc' dir='ltr'>ὲπιστρόφοις</span> <span class='ocrx_word' id='word_1_701' title='bbox 889 5193 1138 5256; x_wconf 82' lang='grc' dir='ltr'>Λατίνοις</span> <span class='ocrx_word' id='word_1_702' title='bbox 1179 5194 1259 5262; x_wconf 81' lang='grc' dir='ltr'><strong>στῆ</strong></span> <span class='ocrx_word' id='word_1_703' title='bbox 1314 5196 1414 5263; x_wconf 83' lang='grc' dir='ltr'><strong>μὲν</strong></span> <span class='ocrx_word' id='word_1_704' title='bbox 1461 5193 1642 5264; x_wconf 75' lang='grc' dir='ltr'>ξυρδς,</span> <span class='ocrx_word' id='word_1_705' title='bbox 1707 5196 1783 5264; x_wconf 83' lang='grc' dir='ltr'>πῆ</span> <span class='ocrx_word' id='word_1_706' title='bbox 1842 5195 1900 5249; x_wconf 85' lang='grc' dir='ltr'>δὲ</span> 
     </span>
    </p>
   </div>
   <div class='ocr_carea' id='block_1_98' title="bbox 306 5283 1895 5355">
    <p class='ocr_par' dir='ltr' id='par_1_98' title="bbox 306 5283 1895 5355">
     <span class='ocr_line' id='line_1_98' title="bbox 306 5283 1895 5355; baseline 0 -19"><span class='ocrx_word' id='word_1_707' title='bbox 306 5289 556 5355; x_wconf 79' lang='grc' dir='ltr'>μάχαιρα</span> <span class='ocrx_word' id='word_1_708' title='bbox 583 5301 598 5314; x_wconf 92' lang='grc'><strong>·</strong></span> <span class='ocrx_word' id='word_1_709' title='bbox 635 5287 752 5346; x_wconf 85' lang='grc' dir='ltr'>τοῖς</span> <span class='ocrx_word' id='word_1_710' title='bbox 790 5283 845 5336; x_wconf 82' lang='grc' dir='ltr'>δὲ</span> <span class='ocrx_word' id='word_1_711' title='bbox 897 5283 1254 5355; x_wconf 83' lang='grc' dir='ltr'>θερμοτέροις</span> <span class='ocrx_word' id='word_1_712' title='bbox 1311 5285 1406 5338; x_wconf 75' lang='grc' dir='ltr'>καὶ</span> <span class='ocrx_word' id='word_1_713' title='bbox 1446 5284 1617 5354; x_wconf 82' lang='grc' dir='ltr'>ξίφος.</span> <span class='ocrx_word' id='word_1_714' title='bbox 1655 5285 1766 5338; x_wconf 86' lang='lat' dir='ltr'><strong>Kal</strong></span> <span class='ocrx_word' id='word_1_715' title='bbox 1800 5285 1895 5337; x_wconf 84' lang='grc' dir='ltr'>αύ-</span> 
     </span>
    </p>
   </div>
   <div class='ocr_carea' id='block_1_99' title="bbox 301 5374 1898 5446">
    <p class='ocr_par' dir='ltr' id='par_1_99' title="bbox 301 5374 1898 5446">
     <span class='ocr_line' id='line_1_99' title="bbox 301 5374 1898 5446; baseline 0.001 -20"><span class='ocrx_word' id='word_1_716' title='bbox 301 5378 428 5430; x_wconf 83' lang='grc' dir='ltr'>τίκα</span> <span class='ocrx_word' id='word_1_717' title='bbox 470 5377 574 5429; x_wconf 82' lang='grc' dir='ltr'>καὶ</span> <span class='ocrx_word' id='word_1_718' title='bbox 618 5377 651 5428; x_wconf 85' lang='grc' dir='ltr'>ὁ</span> <span class='ocrx_word' id='word_1_719' title='bbox 703 5374 902 5442; x_wconf 83' lang='grc' dir='ltr'>πώγων</span> <span class='ocrx_word' id='word_1_720' title='bbox 937 5374 1281 5444; x_wconf 77' lang='grc' dir='ltr'>ὴλαφρύνετο</span> <span class='ocrx_word' id='word_1_721' title='bbox 1316 5375 1394 5445; x_wconf 76' lang='grc' dir='ltr'><strong>τῷ</strong></span> <span class='ocrx_word' id='word_1_722' title='bbox 1419 5375 1561 5428; x_wconf 81' lang='grc' dir='ltr'>οὕτω</span> <span class='ocrx_word' id='word_1_723' title='bbox 1585 5377 1898 5446; x_wconf 80' lang='grc' dir='ltr'>κειραμένῳ</span> 
     </span>
    </p>
   </div>
   <div class='ocr_carea' id='block_1_100' title="bbox 307 5462 1897 5538">
    <p class='ocr_par' dir='ltr' id='par_1_100' title="bbox 307 5462 1897 5538">
     <span class='ocr_line' id='line_1_100' title="bbox 307 5462 1897 5538; baseline 0.003 -23"><span class='ocrx_word' id='word_1_724' title='bbox 307 5465 480 5534; x_wconf 79' lang='grc' dir='ltr'>ἀνδρί.</span> <span class='ocrx_word' id='word_1_725' title='bbox 512 5468 637 5519; x_wconf 88' lang='lat' dir='ltr'><strong>Kal</strong></span> <span class='ocrx_word' id='word_1_726' title='bbox 680 5462 750 5534; x_wconf 76' lang='grc' dir='ltr'>ἦν</span> <span class='ocrx_word' id='word_1_727' title='bbox 775 5465 957 5536; x_wconf 80' lang='grc' dir='ltr'>πάντη</span> <span class='ocrx_word' id='word_1_728' title='bbox 983 5467 1211 5519; x_wconf 87' lang='grc' dir='ltr'>σπάνιον</span> <span class='ocrx_word' id='word_1_729' title='bbox 1243 5466 1370 5520; x_wconf 78' lang='grc' dir='ltr'>ἰδεῖν</span> <span class='ocrx_word' id='word_1_730' title='bbox 1401 5467 1573 5538; x_wconf 81' lang='grc' dir='ltr'>ἄνδρα</span> <span class='ocrx_word' id='word_1_731' title='bbox 1624 5467 1897 5536; x_wconf 83' lang='grc' dir='ltr'>Ῥωμαῖον</span> 
     </span>
    </p>
   </div>
   <div class='ocr_carea' id='block_1_101' title="bbox 308 5553 1899 5629">
    <p class='ocr_par' dir='ltr' id='par_1_101' title="bbox 308 5553 1899 5629">
     <span class='ocr_line' id='line_1_101' title="bbox 308 5553 1899 5629; baseline 0.002 -22"><span class='ocrx_word' id='word_1_732' title='bbox 308 5556 490 5626; x_wconf 74' lang='grc' dir='ltr'>ἄρτιον</span> <span class='ocrx_word' id='word_1_733' title='bbox 527 5557 639 5628; x_wconf 79' lang='grc' dir='ltr'>τὴν</span> <span class='ocrx_word' id='word_1_734' title='bbox 676 5556 939 5627; x_wconf 83' lang='grc' dir='ltr'>κεφαλήν.</span> <span class='ocrx_word' id='word_1_735' title='bbox 973 5553 1132 5627; x_wconf 80' lang='grc' dir='ltr'>Εἶχον</span> <span class='ocrx_word' id='word_1_736' title='bbox 1157 5557 1264 5628; x_wconf 80' lang='grc' dir='ltr'>γὰρ</span> <span class='ocrx_word' id='word_1_737' title='bbox 1299 5557 1572 5612; x_wconf 80' lang='grc' dir='ltr'>ἀνάπαλιν</span> <span class='ocrx_word' id='word_1_738' title='bbox 1601 5558 1698 5629; x_wconf 73' lang='grc' dir='ltr'><strong>τῷο</strong></span> <span class='ocrx_word' id='word_1_739' title='bbox 1727 5577 1745 5610; x_wconf 82' lang='grc' dir='ltr'><strong>ι</strong></span> <span class='ocrx_word' id='word_1_740' title='bbox 1765 5559 1899 5628; x_wconf 78' lang='grc' dir='ltr'>Θρὶξ</span> 
     </span>
    </p>
   </div>
   <div class='ocr_carea' id='block_1_102' title="bbox 304 5648 1894 5722">
    <p class='ocr_par' dir='ltr' id='par_1_102' title="bbox 304 5648 1894 5722">
     <span class='ocr_line' id='line_1_102' title="bbox 304 5648 1894 5722; baseline 0.004 -26"><span class='ocrx_word' id='word_1_741' title='bbox 304 5648 362 5697; x_wconf 80' lang='grc' dir='ltr'>ἐκ</span> <span class='ocrx_word' id='word_1_742' title='bbox 384 5649 482 5717; x_wconf 80' lang='grc' dir='ltr'>τῆς</span> <span class='ocrx_word' id='word_1_743' title='bbox 508 5649 770 5718; x_wconf 72' lang='grc' dir='ltr'>κεφαλῆς</span> <span class='ocrx_word' id='word_1_744' title='bbox 789 5649 948 5718; x_wconf 81' lang='grc' dir='ltr'>ἡμῶν</span> <span class='ocrx_word' id='word_1_745' title='bbox 968 5650 1029 5702; x_wconf 84' lang='grc' dir='ltr'><strong>ού</strong></span> <span class='ocrx_word' id='word_1_746' title='bbox 1058 5650 1133 5719; x_wconf 83' lang='grc' dir='ltr'>μὴ</span> <span class='ocrx_word' id='word_1_747' title='bbox 1155 5649 1453 5703; x_wconf 79' lang='grc' dir='ltr'>ἀπόλλυται</span> <span class='ocrx_word' id='word_1_748' title='bbox 1474 5649 1859 5722; x_wconf 55' lang='lat' dir='ltr'><strong>[amiciad].</strong></span> <span class='ocrx_word' id='word_1_749' title='bbox 1877 5670 1894 5702; x_wconf 76' lang='grc' dir='ltr'><strong>ι</strong></span> 
     </span>
    </p>
   </div>
   <div class='ocr_carea' id='block_1_103' title="bbox 315 5737 1902 5813">
    <p class='ocr_par' dir='ltr' id='par_1_103' title="bbox 315 5737 1902 5813">
     <span class='ocr_line' id='line_1_103' title="bbox 315 5737 1902 5813; baseline 0.002 -22"><span class='ocrx_word' id='word_1_750' title='bbox 315 5737 376 5791; x_wconf 87' lang='grc' dir='ltr'><strong>Ὶι</strong></span> <span class='ocrx_word' id='word_1_751' title='bbox 414 5741 530 5810; x_wconf 82' lang='grc' dir='ltr'><strong>γὰρ</strong></span> <span class='ocrx_word' id='word_1_752' title='bbox 584 5737 770 5808; x_wconf 79' lang='grc' dir='ltr'>πολλὴ</span> <span class='ocrx_word' id='word_1_753' title='bbox 815 5737 1086 5808; x_wconf 81' lang='grc' dir='ltr'>ἁμαρτία,</span> <span class='ocrx_word' id='word_1_754' title='bbox 1116 5739 1183 5792; x_wconf 85' lang='grc' dir='ltr'>δι’</span> <span class='ocrx_word' id='word_1_755' title='bbox 1229 5740 1298 5810; x_wconf 80' lang='grc' dir='ltr'>ἦν</span> <span class='ocrx_word' id='word_1_756' title='bbox 1329 5741 1426 5794; x_wconf 79' lang='grc' dir='ltr'>καὶ</span> <span class='ocrx_word' id='word_1_757' title='bbox 1456 5739 1602 5813; x_wconf 81' lang='grc' dir='ltr'>πρωῒ</span> <span class='ocrx_word' id='word_1_758' title='bbox 1646 5757 1902 5810; x_wconf 86' lang='grc' dir='ltr'>πεποινη-</span> 
     </span>
    </p>
   </div>
   <div class='ocr_carea' id='block_1_104' title="bbox 303 5827 1900 5903">
    <p class='ocr_par' dir='ltr' id='par_1_104' title="bbox 303 5827 1900 5903">
     <span class='ocr_line' id='line_1_104' title="bbox 303 5827 1900 5903; baseline 0.001 -20"><span class='ocrx_word' id='word_1_759' title='bbox 303 5827 610 5902; x_wconf 69' lang='grc' dir='ltr'>λατήμεθα,</span> <span class='ocrx_word' id='word_1_760' title='bbox 651 5829 799 5890; x_wconf 76' lang='grc' dir='ltr'>κατὰ</span> <span class='ocrx_word' id='word_1_761' title='bbox 828 5829 925 5885; x_wconf 82' lang='grc' dir='ltr'>τὸν</span> <span class='ocrx_word' id='word_1_762' title='bbox 970 5831 1307 5902; x_wconf 81' lang='grc' dir='ltr'>αὐχήσαντα,</span> <span class='ocrx_word' id='word_1_763' title='bbox 1337 5833 1406 5888; x_wconf 81' lang='grc' dir='ltr'>τὰ</span> <span class='ocrx_word' id='word_1_764' title='bbox 1447 5834 1526 5897; x_wconf 88' lang='grc' dir='ltr'><strong>είς</strong></span> <span class='ocrx_word' id='word_1_765' title='bbox 1558 5832 1657 5896; x_wconf 79' lang='grc' dir='ltr'><strong>τὰς</strong></span> <span class='ocrx_word' id='word_1_766' title='bbox 1687 5832 1900 5903; x_wconf 67' lang='grc' dir='ltr'>πρωῖας</span> 
     </span>
    </p>
   </div>
   <div class='ocr_carea' id='block_1_105' title="bbox 2006 4645 3579 4712">
    <p class='ocr_par' dir='ltr' id='par_1_105' title="bbox 2006 4645 3579 4712">
     <span class='ocr_line' id='line_1_105' title="bbox 2006 4645 3579 4712; baseline 0 -17"><span class='ocrx_word' id='word_1_767' title='bbox 2006 4658 2390 4712; x_wconf 83' lang='lat' dir='ltr'><strong>quemcunque</strong></span> <span class='ocrx_word' id='word_1_768' title='bbox 2423 4660 2532 4700; x_wconf 89' lang='lat' dir='ltr'><strong>non</strong></span> <span class='ocrx_word' id='word_1_769' title='bbox 2595 4645 2881 4699; x_wconf 88' lang='lat' dir='ltr'><strong>habentetn</strong></span> <span class='ocrx_word' id='word_1_770' title='bbox 2920 4654 3200 4700; x_wconf 86' lang='lat' dir='ltr'><strong>tonsuram</strong></span> <span class='ocrx_word' id='word_1_771' title='bbox 3264 4645 3579 4710; x_wconf 84' lang='lat' dir='ltr'><strong>rotundam,</strong></span> 
     </span>
    </p>
   </div>
   <div class='ocr_carea' id='block_1_106' title="bbox 2003 4735 3583 4806">
    <p class='ocr_par' dir='ltr' id='par_1_106' title="bbox 2003 4735 3583 4806">
     <span class='ocr_line' id='line_1_106' title="bbox 2003 4735 3583 4806; baseline 0.004 -21"><span class='ocrx_word' id='word_1_772' title='bbox 2003 4735 2182 4804; x_wconf 87' lang='lat' dir='ltr'><strong>qualis</strong></span> <span class='ocrx_word' id='word_1_773' title='bbox 2229 4746 2364 4802; x_wconf 88' lang='lat' dir='ltr'><strong>erat,</strong></span> <span class='ocrx_word' id='word_1_774' title='bbox 2421 4745 2572 4805; x_wconf 88' lang='lat' dir='ltr'><strong>puto,</strong></span> <span class='ocrx_word' id='word_1_775' title='bbox 2615 4745 2839 4791; x_wconf 84' lang='lat' dir='ltr'><strong>tonsura</strong></span> <span class='ocrx_word' id='word_1_776' title='bbox 2893 4752 3014 4806; x_wconf 74' lang='lat' dir='ltr'><strong>qua:</strong></span> <span class='ocrx_word' id='word_1_777' title='bbox 3049 4741 3099 4789; x_wconf 90' lang='lat' dir='ltr'><strong>in</strong></span> <span class='ocrx_word' id='word_1_778' title='bbox 3149 4735 3433 4805; x_wconf 88' lang='lat' dir='ltr'><strong>proverbio</strong></span> <span class='ocrx_word' id='word_1_779' title='bbox 3475 4735 3583 4791; x_wconf 85' lang='lat' dir='ltr'><strong>He-</strong></span> 
     </span>
    </p>
   </div>
   <div class='ocr_carea' id='block_1_107' title="bbox 2006 4807 3584 4900">
    <p class='ocr_par' dir='ltr' id='par_1_107' title="bbox 2006 4807 3584 4900">
     <span class='ocr_line' id='line_1_107' title="bbox 2006 4807 3584 4900; baseline 0.001 -18"><span class='ocrx_word' id='word_1_780' title='bbox 2006 4837 2211 4895; x_wconf 88' lang='lat' dir='ltr'><strong>ctorea,</strong></span> <span class='ocrx_word' id='word_1_781' title='bbox 2251 4841 2474 4884; x_wconf 86' lang='lat' dir='ltr'><strong>tonsura</strong></span> <span class='ocrx_word' id='word_1_782' title='bbox 2507 4833 2685 4886; x_wconf 81' lang='lat' dir='ltr'><strong>aulica</strong></span> <span class='ocrx_word' id='word_1_783' title='bbox 2717 4831 2912 4887; x_wconf 87' lang='lat' dir='ltr'><strong>Thesei</strong></span> <span class='ocrx_word' id='word_1_784' title='bbox 2949 4847 2966 4885; x_wconf 89' lang='lat'><strong>:</strong></span> <span class='ocrx_word' id='word_1_785' title='bbox 2998 4807 3126 4886; x_wconf 75' lang='lat' dir='ltr'><strong>tunc</strong></span> <span class='ocrx_word' id='word_1_786' title='bbox 3157 4832 3314 4900; x_wconf 81' lang='lat' dir='ltr'><strong>quasi</strong></span> <span class='ocrx_word' id='word_1_787' title='bbox 3359 4846 3428 4886; x_wconf 79' lang='lat' dir='ltr'><strong>ex</strong></span> <span class='ocrx_word' id='word_1_788' title='bbox 3485 4848 3584 4885; x_wconf 86' lang='lat' dir='ltr'><strong>an-</strong></span> 
     </span>
    </p>
   </div>
   <div class='ocr_carea' id='block_1_108' title="bbox 2007 4918 3581 4989">
    <p class='ocr_par' dir='ltr' id='par_1_108' title="bbox 2007 4918 3581 4989">
     <span class='ocr_line' id='line_1_108' title="bbox 2007 4918 3581 4989; baseline 0.001 -20"><span class='ocrx_word' id='word_1_789' title='bbox 2007 4918 2189 4972; x_wconf 89' lang='lat' dir='ltr'><strong>tithesi</strong></span> <span class='ocrx_word' id='word_1_790' title='bbox 2243 4919 2423 4972; x_wconf 60' lang='lat' dir='ltr'><strong>densae</strong></span> <span class='ocrx_word' id='word_1_791' title='bbox 2475 4927 2632 4972; x_wconf 90' lang='lat' dir='ltr'><strong>erant</strong></span> <span class='ocrx_word' id='word_1_792' title='bbox 2681 4935 2747 4973; x_wconf 80' lang='lat' dir='ltr'><strong>ex</strong></span> <span class='ocrx_word' id='word_1_793' title='bbox 2794 4920 2952 4989; x_wconf 84' lang='lat' dir='ltr'><strong>longo</strong></span> <span class='ocrx_word' id='word_1_794' title='bbox 3008 4935 3174 4975; x_wconf 74' lang='lat' dir='ltr'><strong>coma:</strong></span> <span class='ocrx_word' id='word_1_795' title='bbox 3222 4919 3581 4985; x_wconf 78' lang='lat' dir='ltr'><strong>Abanlarum,</strong></span> 
     </span>
    </p>
   </div>
   <div class='ocr_carea' id='block_1_109' title="bbox 2006 5009 3577 5081">
    <p class='ocr_par' dir='ltr' id='par_1_109' title="bbox 2006 5009 3577 5081">
     <span class='ocr_line' id='line_1_109' title="bbox 2006 5009 3577 5081; baseline 0.002 -19"><span class='ocrx_word' id='word_1_796' title='bbox 2006 5024 2112 5063; x_wconf 85' lang='lat' dir='ltr'><strong>non</strong></span> <span class='ocrx_word' id='word_1_797' title='bbox 2144 5023 2272 5062; x_wconf 88' lang='lat' dir='ltr'><strong>vero</strong></span> <span class='ocrx_word' id='word_1_798' title='bbox 2305 5025 2474 5062; x_wconf 74' lang='lat' dir='ltr'><strong>coma:</strong></span> <span class='ocrx_word' id='word_1_799' title='bbox 2513 5009 2829 5065; x_wconf 89' lang='lat' dir='ltr'><strong>Latinorum</strong></span> <span class='ocrx_word' id='word_1_800' title='bbox 2869 5011 3062 5064; x_wconf 92' lang='lat' dir='ltr'><strong>horum</strong></span> <span class='ocrx_word' id='word_1_801' title='bbox 3120 5028 3241 5081; x_wconf 64' lang='lat' dir='ltr'><strong>quae</strong></span> <span class='ocrx_word' id='word_1_802' title='bbox 3302 5021 3473 5067; x_wconf 65' lang='lat' dir='ltr'><strong>tonsm</strong></span> <span class='ocrx_word' id='word_1_803' title='bbox 3520 5011 3577 5065; x_wconf 89' lang='lat' dir='ltr'><strong>in</strong></span> 
     </span>
    </p>
   </div>
   <div class='ocr_carea' id='block_1_110' title="bbox 2004 5099 3576 5172">
    <p class='ocr_par' dir='ltr' id='par_1_110' title="bbox 2004 5099 3576 5172">
     <span class='ocr_line' id='line_1_110' title="bbox 2004 5099 3576 5172; baseline 0.003 -20"><span class='ocrx_word' id='word_1_804' title='bbox 2004 5105 2120 5154; x_wconf 87' lang='lat' dir='ltr'><strong>toto</strong></span> <span class='ocrx_word' id='word_1_805' title='bbox 2180 5099 2414 5154; x_wconf 90' lang='lat' dir='ltr'><strong>circuitu</strong></span> <span class='ocrx_word' id='word_1_806' title='bbox 2461 5102 2730 5170; x_wconf 87' lang='lat' dir='ltr'><strong>quoddam</strong></span> <span class='ocrx_word' id='word_1_807' title='bbox 2789 5118 2962 5172; x_wconf 86' lang='lat' dir='ltr'><strong>genus</strong></span> <span class='ocrx_word' id='word_1_808' title='bbox 2994 5103 3165 5172; x_wconf 80' lang='lat' dir='ltr'><strong>apicis</strong></span> <span class='ocrx_word' id='word_1_809' title='bbox 3194 5103 3576 5157; x_wconf 75' lang='lat' dir='ltr'><strong>eﬂormabant.</strong></span> 
     </span>
    </p>
   </div>
   <div class='ocr_carea' id='block_1_111' title="bbox 2003 5189 3578 5262">
    <p class='ocr_par' dir='ltr' id='par_1_111' title="bbox 2003 5189 3578 5262">
     <span class='ocr_line' id='line_1_111' title="bbox 2003 5189 3578 5262; baseline 0.003 -20"><span class='ocrx_word' id='word_1_810' title='bbox 2003 5189 2084 5244; x_wconf 84' lang='lat' dir='ltr'><strong>Ad</strong></span> <span class='ocrx_word' id='word_1_811' title='bbox 2139 5192 2254 5246; x_wconf 75' lang='lat' dir='ltr'><strong>haec</strong></span> <span class='ocrx_word' id='word_1_812' title='bbox 2291 5191 2489 5261; x_wconf 55' lang='lat' dir='ltr'><strong>Latini.</strong></span> <span class='ocrx_word' id='word_1_813' title='bbox 2521 5193 2588 5248; x_wconf 89' lang='lat' dir='ltr'><strong>de</strong></span> <span class='ocrx_word' id='word_1_814' title='bbox 2631 5195 2844 5262; x_wconf 86' lang='lat' dir='ltr'><strong>capillis</strong></span> <span class='ocrx_word' id='word_1_815' title='bbox 2884 5197 2999 5250; x_wconf 88' lang='lat' dir='ltr'><strong>suis</strong></span> <span class='ocrx_word' id='word_1_816' title='bbox 3046 5196 3288 5260; x_wconf 87' lang='lat' dir='ltr'><strong>solliciti,</strong></span> <span class='ocrx_word' id='word_1_817' title='bbox 3331 5206 3578 5262; x_wconf 85' lang='lat' dir='ltr'><strong>utuntur,</strong></span> 
     </span>
    </p>
   </div>
   <div class='ocr_carea' id='block_1_112' title="bbox 2007 5283 3580 5355">
    <p class='ocr_par' dir='ltr' id='par_1_112' title="bbox 2007 5283 3580 5355">
     <span class='ocr_line' id='line_1_112' title="bbox 2007 5283 3580 5355; baseline 0.003 -21"><span class='ocrx_word' id='word_1_818' title='bbox 2007 5283 2098 5334; x_wconf 78' lang='lat' dir='ltr'><strong>alii</strong></span> <span class='ocrx_word' id='word_1_819' title='bbox 2147 5285 2433 5347; x_wconf 87' lang='lat' dir='ltr'><strong>novacula,</strong></span> <span class='ocrx_word' id='word_1_820' title='bbox 2494 5285 2582 5337; x_wconf 88' lang='lat' dir='ltr'><strong>alii</strong></span> <span class='ocrx_word' id='word_1_821' title='bbox 2639 5286 2854 5355; x_wconf 83' lang='lat' dir='ltr'><strong>gladio,</strong></span> <span class='ocrx_word' id='word_1_822' title='bbox 2911 5286 3000 5342; x_wconf 89' lang='lat' dir='ltr'><strong>alii</strong></span> <span class='ocrx_word' id='word_1_823' title='bbox 3060 5287 3417 5342; x_wconf 81' lang='lat' dir='ltr'><strong>ferventiores</strong></span> <span class='ocrx_word' id='word_1_824' title='bbox 3468 5288 3580 5340; x_wconf 82' lang='lat' dir='ltr'><strong>aei-</strong></span> 
     </span>
    </p>
   </div>
   <div class='ocr_carea' id='block_1_113' title="bbox 2005 5375 3582 5443">
    <p class='ocr_par' dir='ltr' id='par_1_113' title="bbox 2005 5375 3582 5443">
     <span class='ocr_line' id='line_1_113' title="bbox 2005 5375 3582 5443; baseline 0.004 -19"><span class='ocrx_word' id='word_1_825' title='bbox 2005 5387 2172 5433; x_wconf 81' lang='lat' dir='ltr'><strong>nace;</strong></span> <span class='ocrx_word' id='word_1_826' title='bbox 2203 5375 2498 5443; x_wconf 87' lang='lat' dir='ltr'><strong>statimque</strong></span> <span class='ocrx_word' id='word_1_827' title='bbox 2533 5386 2691 5430; x_wconf 86' lang='lat' dir='ltr'><strong>tonso</strong></span> <span class='ocrx_word' id='word_1_828' title='bbox 2725 5377 2805 5431; x_wconf 88' lang='lat' dir='ltr'><strong>sic</strong></span> <span class='ocrx_word' id='word_1_829' title='bbox 2837 5377 2951 5432; x_wconf 85' lang='lat' dir='ltr'><strong>viro</strong></span> <span class='ocrx_word' id='word_1_830' title='bbox 2994 5376 3160 5430; x_wconf 88' lang='lat' dir='ltr'><strong>barba</strong></span> <span class='ocrx_word' id='word_1_831' title='bbox 3200 5379 3582 5432; x_wconf 88' lang='lat' dir='ltr'><strong>alleviabatur.</strong></span> 
     </span>
    </p>
   </div>
   <div class='ocr_carea' id='block_1_114' title="bbox 2005 5463 3582 5536">
    <p class='ocr_par' dir='ltr' id='par_1_114' title="bbox 2005 5463 3582 5536">
     <span class='ocr_line' id='line_1_114' title="bbox 2005 5463 3582 5536; baseline 0.004 -21"><span class='ocrx_word' id='word_1_832' title='bbox 2005 5463 2137 5516; x_wconf 82' lang='lat' dir='ltr'><strong>Erat</strong></span> <span class='ocrx_word' id='word_1_833' title='bbox 2174 5480 2302 5534; x_wconf 86' lang='lat' dir='ltr'><strong>ergo</strong></span> <span class='ocrx_word' id='word_1_834' title='bbox 2337 5481 2516 5518; x_wconf 87' lang='lat' dir='ltr'><strong>rarum</strong></span> <span class='ocrx_word' id='word_1_835' title='bbox 2545 5469 2776 5522; x_wconf 91' lang='lat' dir='ltr'><strong>omnino</strong></span> <span class='ocrx_word' id='word_1_836' title='bbox 2817 5469 3002 5522; x_wconf 82' lang='lat' dir='ltr'><strong>videre</strong></span> <span class='ocrx_word' id='word_1_837' title='bbox 3041 5467 3350 5524; x_wconf 79' lang='lat' dir='ltr'><strong>Romanum</strong></span> <span class='ocrx_word' id='word_1_838' title='bbox 3384 5470 3582 5536; x_wconf 88' lang='lat' dir='ltr'><strong>virum,</strong></span> 
     </span>
    </p>
   </div>
   <div class='ocr_carea' id='block_1_115' title="bbox 2008 5555 3587 5627">
    <p class='ocr_par' dir='ltr' id='par_1_115' title="bbox 2008 5555 3587 5627">
     <span class='ocr_line' id='line_1_115' title="bbox 2008 5555 3587 5627; baseline 0.004 -21"><span class='ocrx_word' id='word_1_839' title='bbox 2008 5555 2182 5622; x_wconf 77' lang='lat' dir='ltr'><strong>capite</strong></span> <span class='ocrx_word' id='word_1_840' title='bbox 2202 5556 2429 5623; x_wconf 75' lang='lat' dir='ltr'><strong>integro.</strong></span> <span class='ocrx_word' id='word_1_841' title='bbox 2460 5556 2812 5612; x_wconf 79' lang='lat' dir='ltr'><strong>Proverbium</strong></span> <span class='ocrx_word' id='word_1_842' title='bbox 2835 5559 3108 5627; x_wconf 88' lang='lat' dir='ltr'><strong>quoddam</strong></span> <span class='ocrx_word' id='word_1_843' title='bbox 3126 5571 3241 5614; x_wconf 87' lang='lat' dir='ltr'><strong>erat</strong></span> <span class='ocrx_word' id='word_1_844' title='bbox 3259 5563 3341 5616; x_wconf 87' lang='lat' dir='ltr'><strong>eis</strong></span> <span class='ocrx_word' id='word_1_845' title='bbox 3363 5570 3587 5615; x_wconf 76' lang='lat' dir='ltr'><strong>contra-</strong></span> 
     </span>
    </p>
   </div>
   <div class='ocr_carea' id='block_1_116' title="bbox 2004 5648 3585 5720">
    <p class='ocr_par' dir='ltr' id='par_1_116' title="bbox 2004 5648 3585 5720">
     <span class='ocr_line' id='line_1_116' title="bbox 2004 5648 3585 5720; baseline 0.003 -20"><span class='ocrx_word' id='word_1_846' title='bbox 2004 5651 2146 5700; x_wconf 76' lang='lat' dir='ltr'><strong>rium</strong></span> <span class='ocrx_word' id='word_1_847' title='bbox 2172 5664 2185 5700; x_wconf 88' lang='lat'><strong>:</strong></span> <span class='ocrx_word' id='word_1_848' title='bbox 2220 5665 2237 5696; x_wconf 78' lang='grc' dir='ltr'><strong>ι</strong></span> <span class='ocrx_word' id='word_1_849' title='bbox 2267 5648 2507 5716; x_wconf 75' lang='lat' dir='ltr'><strong>Capillus</strong></span> <span class='ocrx_word' id='word_1_850' title='bbox 2531 5649 2596 5703; x_wconf 89' lang='lat' dir='ltr'><strong>de</strong></span> <span class='ocrx_word' id='word_1_851' title='bbox 2613 5651 2790 5719; x_wconf 88' lang='lat' dir='ltr'><strong>capite</strong></span> <span class='ocrx_word' id='word_1_852' title='bbox 2808 5659 2998 5706; x_wconf 86' lang='lat' dir='ltr'><strong>nostro</strong></span> <span class='ocrx_word' id='word_1_853' title='bbox 3023 5668 3128 5706; x_wconf 90' lang='lat' dir='ltr'><strong>non</strong></span> <span class='ocrx_word' id='word_1_854' title='bbox 3159 5653 3375 5720; x_wconf 75' lang='lat' dir='ltr'><strong>peribit.</strong></span> <span class='ocrx_word' id='word_1_855' title='bbox 3401 5670 3419 5702; x_wconf 71' lang='grc' dir='ltr'><strong>ι</strong></span> <span class='ocrx_word' id='word_1_856' title='bbox 3445 5652 3585 5716; x_wconf 83' lang='lat' dir='ltr'><strong>Quia</strong></span> 
     </span>
    </p>
   </div>
   <div class='ocr_carea' id='block_1_117' title="bbox 2008 5739 3586 5813">
    <p class='ocr_par' dir='ltr' id='par_1_117' title="bbox 2008 5739 3586 5813">
     <span class='ocr_line' id='line_1_117' title="bbox 2008 5739 3586 5813; baseline 0.003 -22"><span class='ocrx_word' id='word_1_857' title='bbox 2008 5739 2177 5792; x_wconf 89' lang='lat' dir='ltr'><strong>multa</strong></span> <span class='ocrx_word' id='word_1_858' title='bbox 2199 5747 2357 5793; x_wconf 87' lang='lat' dir='ltr'><strong>erant</strong></span> <span class='ocrx_word' id='word_1_859' title='bbox 2376 5751 2620 5810; x_wconf 86' lang='lat' dir='ltr'><strong>peccata,</strong></span> <span class='ocrx_word' id='word_1_860' title='bbox 2639 5741 2760 5799; x_wconf 89' lang='lat' dir='ltr'><strong>ideo</strong></span> <span class='ocrx_word' id='word_1_861' title='bbox 2776 5759 2806 5799; x_wconf 93' lang='lat' dir='ltr'><strong>e</strong></span> <span class='ocrx_word' id='word_1_862' title='bbox 2829 5759 2986 5798; x_wconf 85' lang='lat' dir='ltr'><strong>mane</strong></span> <span class='ocrx_word' id='word_1_863' title='bbox 3011 5758 3205 5813; x_wconf 85' lang='lat' dir='ltr'><strong>poenas</strong></span> <span class='ocrx_word' id='word_1_864' title='bbox 3217 5744 3465 5798; x_wconf 83' lang='lat' dir='ltr'><strong>dedimus</strong></span> <span class='ocrx_word' id='word_1_865' title='bbox 3491 5758 3586 5811; x_wconf 85' lang='lat' dir='ltr'><strong>per</strong></span> 
     </span>
    </p>
   </div>
   <div class='ocr_carea' id='block_1_118' title="bbox 2009 5835 3598 5909">
    <p class='ocr_par' dir='ltr' id='par_1_118' title="bbox 2009 5835 3598 5909">
     <span class='ocr_line' id='line_1_118' title="bbox 2009 5835 3598 5909; baseline -0.001 -19"><span class='ocrx_word' id='word_1_866' title='bbox 2009 5850 2133 5890; x_wconf 90' lang='lat' dir='ltr'><strong>eum</strong></span> <span class='ocrx_word' id='word_1_867' title='bbox 2163 5835 2254 5906; x_wconf 90' lang='lat' dir='ltr'><strong>qui</strong></span> <span class='ocrx_word' id='word_1_868' title='bbox 2292 5837 2625 5906; x_wconf 79' lang='lat' dir='ltr'><strong>gloriabatur</strong></span> <span class='ocrx_word' id='word_1_869' title='bbox 2647 5855 2675 5895; x_wconf 88' lang='lat' dir='ltr'><strong>e</strong></span> <span class='ocrx_word' id='word_1_870' title='bbox 2706 5853 2862 5894; x_wconf 87' lang='lat' dir='ltr'><strong>mane</strong></span> <span class='ocrx_word' id='word_1_871' title='bbox 2891 5849 3203 5909; x_wconf 86' lang='lat' dir='ltr'><strong>peccatores</strong></span> <span class='ocrx_word' id='word_1_872' title='bbox 3222 5847 3385 5893; x_wconf 66' lang='lat' dir='ltr'><strong>terra:</strong></span> <span class='ocrx_word' id='word_1_873' title='bbox 3414 5835 3598 5891; x_wconf 79' lang='lat' dir='ltr'><strong>inter-~</strong></span> 
     </span>
    </p>
   </div>
  </div>
