4084 6430
471 401 580 466 119

1224 390 1639 453 ΕΠΞΤΑΤΙΙΙΙ
1683 387 1972 448 THESSA
1985 383 2442 446 LONICENSIS
2483 383 3040 444 METROPOLI’I‘JE

3619 383 3724 450 120

470 517 634 566 ficere
665 523 730 564 ac
759 506 940 563 delere
971 520 1001 559 e
1027 504 1246 557 Civitate
1278 502 1490 556 Domini
1521 508 1812 570 Operantes
1848 495 2053 564 iniqui-

2162 496 2508 549 ἀποκτείνειν
2553 499 2678 556 τοὺς
2723 495 3081 566 ἁμαρτωλοὺς
3131 496 3229 567 τῆς
3263 497 3389 566 γῆς,
3418 499 3515 553 καὶ
3550 500 3725 565 ἐξολο⁹

470 612 661 666 tatem,
689 614 862 669 usque
893 597 958 651 ad
987 598 1135 666 ipsos
1162 596 1390 662 capillos
1419 591 1620 644 malunt
1649 588 1808 643 nobis
1840 585 2046 664 exalia:

467 696 569 758 vit,
603 701 662 748 ut
705 701 819 746 toto
855 689 1177 759 frigeremus
1207 697 1462 753 corpore,
1495 677 1680 734 nudati
1715 676 1947 744 capillis.
1989 673 2047 727 Si

468 799 601 840 vero
666 781 834 837 alicui
868 779 1035 834 barba
1072 777 1221 831 salva
1282 774 1467 837 fuerit,
1505 771 1712 826 decens
1741 776 1860 827 erat
1895 766 2043 820 velut

469 893 535 935 ex
565 885 790 938 natura,
825 873 956 927 mali
990 880 1246 926 tonsores
1275 882 1401 923 eum
1443 872 1726 932 tangentes
1783 874 1891 914 una
1937 871 2050 910 ma-

470 986 570 1037 nu,
621 969 792 1022 altera
821 979 951 1020 vero
983 961 1182 1031 capitis
1213 959 1466 1030 capillos,
1516 956 1632 1010 bare
1657 953 1876 1024 quidem
1909 949 2051 1004 bona

468 1077 594 1119 esse
623 1061 905 1122 dicebant.
937 1056 1029 1112 illa
1055 1069 1183 1112 vero
1205 1053 1374 1118 mala,
1401 1048 1583 1106 barbae
1605 1045 1842 1106 scilicet,
1863 1041 2059 1111 jocan-

469 1172 552 1218 tes
580 1161 635 1216 in
663 1174 772 1216 non
795 1155 1030 1228 iocosis.

544 1437 671 1494 120.
702 1433 966 1491 Volentes
996 1446 1124 1488 vero
1152 1430 1234 1486 sic
1271 1429 1323 1482 in
1352 1424 1665 1482 istiusmodi
1692 1437 1792 1478 nos
1813 1414 1954 1491 ipsis
1973 1417 2054 1474 si-

473 1531 634 1587 miles
666 1541 816 1592 esse,
853 1526 1085 1581 oderant
1119 1532 1299 1580 tamen
1330 1532 1675 1576 communem
1711 1515 1874 1570 vitam
1925 1527 2050 1567 cum

473 1623 624 1684 illis;
671 1620 795 1676 ideo
825 1616 1108 1673 nobiscum
1142 1613 1324 1668 vivere
1354 1626 1461 1666 non
1500 1607 1887 1679 dignabantur.
1947 1601 2052 1658 Sed

475 1727 603 1769 cum
659 1710 888 1782 quidam
927 1709 1296 1769 dominorum,
1332 1705 1439 1756 huc
1467 1711 1521 1754 et
1556 1700 1684 1755 illuc
1706 1711 1923 1760 errans,
1955 1697 2051 1750 do-

476 1819 630 1863 mum
676 1803 737 1858 in
795 1800 1114 1856 memoriam
1147 1804 1456 1858 revocaret,
1505 1809 1602 1848 sua
1636 1791 2054 1860 imaginaretur,

2157 587 2377 656 Θρεύειν
2437 591 2502 642 ἐκ
2555 590 2763 652 πόὶεως
2799 590 3006 658 Κυρίου
3058 589 3183 654 τοὺς
3215 589 3619 661 ἐργαζομένους
3663 594 3725 646 τὸ

2155 677 2358 748 ἄνομον
2389 681 2551 750 μέχρι
2590 682 2681 732 καὶ
2727 685 2806 743 είς
2856 683 3029 745 αὐτὰς
3051 681 3242 750 τρίχας
3284 681 3343 734 τὸ
3386 681 3556 735 κακὸν
3592 684 3724 753 ἡμῖν

2157 769 2532 838 ἐκορύφωσεν,
2570 773 2658 825 ἵνα
2708 773 2786 832 είς
2833 772 2892 823 τὸ
2927 773 3038 824 πᾶν
3095 773 3342 842 ριγὼμεν
3393 771 3721 842 ἐψιλωμένοι

2157 862 2253 913 καὶ
2285 861 2380 926 τὰς
2419 862 2680 929 κεφαλάς.
2719 861 2835 916 Κᾶν
2855 864 2908 916 εἰ
2936 880 3038 916 που
3067 863 3435 932 διεκπὲφευγέ
3474 880 3582 917 τινι
3613 863 3725 916 πώ-

2163 968 2301 1016 γων,
2333 953 2434 1007 καὶ
2465 948 2533 1023 ἦν
2579 953 2903 1023 καθιέμενος
2936 955 3198 1024 κοσμίως,
3229 956 3305 1018 ώς
3337 951 3450 1025 εἶχε
3490 954 3727 1022 φύσεως.

2165 1038 2465 1110 ἁπτόμενοι
2501 1041 2698 1094 τούτου
2718 1045 2767 1095 οἱ
2799 1042 2992 1111 φαῦλοι
3023 1046 3236 1116 κουρεῖς
3263 1047 3328 1115 τῇ
3363 1044 3526 1116 ἐτέρᾳ
3558 1046 3725 1114 χειρὶ,

2161 1134 2368 1207 θατέρᾳ
2402 1137 2458 1190 δὲ
2490 1138 2601 1192 τῶν
2650 1141 2794 1194 κατὰ
2841 1141 3085 1212 κεφαλὴν
3141 1141 3345 1212 τριχῶν
3370 1181 3385 1205 ,
3417 1140 3590 1196 ταῦτα
3627 1142 3726 1212 μὲν

2151 1224 2297 1283 εἶναι
2327 1231 2469 1284 καλὰ
2497 1231 2707 1301 ἔλεγον,
2737 1235 2922 1288 ἐκεῖνα
2951 1235 3008 1288 δὲ
3032 1237 3202 1302 κακὰ,
3229 1236 3297 1289 τα
3318 1234 3412 1289 τοῦ
3439 1234 3724 1304 πώγωνος,

2143 1322 2528 1392 ἀστεῖζόμενοι
2555 1326 2612 1377 ἐν
2639 1327 2702 1378 οὐ
2739 1329 3012 1391 παικτοῖς.

2231 1424 2338 1488 ρκ’.
2369 1420 2696 1490 Στέργοντες
2744 1422 2802 1475 δέ
2839 1423 2982 1475 οὕτω
3021 1422 3122 1493 τὴν
3152 1421 3245 1475 ἐπὶ
3278 1421 3541 1486 τοιούτοις
3588 1421 3727 1490 προς

2157 1509 2354 1574 αὐτοὺς
2376 1513 2656 1582 ἡμετέραν
2693 1514 3034 1585 ἐξομοίωσιν,
3064 1515 3125 1569 τὺ
3161 1514 3330 1584 συζῇν
3364 1514 3546 1577 αὐτοῖς
3577 1513 3727 1583 ὅμως

2161 1601 2524 1673 ἁτιέστιεργον⁹
2558 1604 2748 1674 διόπερ
2785 1605 2908 1659 οὐδὲ
2945 1604 3331 1674 συμϐιοτεύειν
3369 1605 3505 1675 ἡμῖν
3527 1604 3727 1676 ᾑροῦν-

2157 1708 2242 1746 το.
2283 1695 2421 1747 Ἀλλ’
2468 1697 2556 1749 ὅτε
2613 1714 2698 1760 τις
2753 1697 2861 1751 τῶν
2908 1696 3454 1761 οἰκοδεσποτούντων,
3498 1690 3603 1752 ῶδε
3630 1698 3726 1752 καὶ

2155 1787 2274 1841 ἐκεῖ
2303 1787 2646 1857 πλαζόμενος
2698 1789 3034 1858 άναπολήσει
3089 1788 3190 1859 τὴν
3241 1790 3421 1843 οίκίαν
3458 1790 3539 1853 είς
3575 1789 3726 1856 νοῦν,

476 1898 610 1953 illuc
633 1895 790 1951 adire
815 1892 1183 1954 desideraret,
1209 1885 1520 1952 accederet,
1575 1883 1868 1953 respiceret
1885 1881 2057 1944 intus,

2162 1882 2252 1933 καὶ
2282 1882 2618 1948 φαντάσεται
2669 1883 2735 1934 τὰ
2789 1881 3006 1947 ἐαυτοῦ,
3039 1881 3136 1935 καὶ
3168 1881 3497 1951 ἐπιθυμήσει
3525 1883 3730 1954 παρελ-

481 1983 966 2052 interrogatusque
998 1976 1125 2046 quis
1154 1985 1299 2030 esset
1329 1983 1390 2029 ut
1411 1974 1487 2028 ita
1517 1980 1724 2042 ageret,
1755 1967 2056 2038 responde-

474 2081 562 2130 ret
597 2073 774 2143 ipsum
805 2084 928 2126 esse
957 2065 1282 2138 jamdudum
1318 2065 1518 2120 domus
1571 2062 1880 2129 dominum,
1935 2060 2057 2116 laete

476 2163 870 2236 recipiebatur,
903 2163 1152 2218 abnuens
1181 2175 1291 2230 prae
1315 2157 1649 2224 reverentia,
1674 2157 1872 2212 deinde
1901 2158 2054 2211 intus

476 2258 876 2327 eircumspecte
959 2251 1294 2316 ambulabat,
1352 2249 1732 2318 dabanturque
1783 2248 1934 2302 salus
2002 2257 2058 2302 et

478 2349 658 2414 sedes,
689 2347 850 2402 cibus
911 2352 968 2400 et
1013 2353 1215 2413 potus;
1253 2339 1567 2408 huiusmodi
1613 2351 1745 2392 vero
1797 2337 2056 2392 observa-

480 2441 661 2494 tiones
704 2447 766 2493 ιιι
819 2437 890 2492 ab
957 2433 1183 2490 homine
1253 2431 1491 2487 barbaro
1556 2427 1825 2484 lethiferte
1876 2436 2053 2482 erant.

477 2532 694 2588 Etenim
759 2544 863 2601 pro
925 2529 1199 2584 bonorum
1261 2524 1580 2580 ostensione
1633 2536 1699 2577 ac
1762 2519 2060 2575 donatione

478 2626 753 2691 ciborum,
810 2620 1062 2692 injuriae,
1126 2633 1158 2674 e
1207 2616 1380 2688 paleis
1437 2615 1624 2670 fumus
1679 2623 1736 2669 et
1797 2613 1904 2668 alia
1955 2627 2059 2668 no-

478 2715 534 2780 vi
569 2713 794 2786 generis
830 2714 996 2779 mala;
1030 2725 1150 2780 qua:
1185 2707 1355 2763 semel
1384 2707 1511 2762 data
1559 2704 1808 2760 ordinate
1839 2717 2057 2760 rursum

481 2808 778 2865 dabantur;
814 2801 991 2857 adhuc
1017 2810 1073 2856 et
1104 2799 1410 2854 anxietates
1437 2795 1648 2861 miseri,
1687 2794 2060 2850 intolerabiles

479 2899 686 2954 ictuum
741 2897 1216 2957 sustentationes,
1268 2890 1574 2960 usquedum
1621 2887 1912 2943 carniﬁces
1971 2885 2059 2942 vel

480 2989 793 3046 crudelitati
864 2985 1303 3048 satisfecissent,
1361 2983 1447 3038 vel
1523 2980 1760 3037 fuissent
1825 2979 2057 3034 miserti.

479 3081 618 3136 Nam
679 3080 785 3135 hoc
833 3077 1130 3148 aliquando
1192 3075 1396 3142 evenit,
1445 3069 1908 3144 quemadmodum
1973 3071 2060 3124 leo

479 3174 754 3238 esuriens,
775 3186 901 3227 cum
933 3171 1168 3241 praadam
1209 3167 1617 3233 dilaceraverit,
1653 3163 1850 3219 deinde
1895 3162 2061 3217 mise-

2157 1970 2270 2022 θεῖν
2317 1972 2454 2035 ἐκεῖ,
2505 1973 2599 2025 καὶ
2654 1972 2890 2039 ἐγγίσει,
2942 1971 3039 2026 καὶ
3091 1973 3410 2042 παρακύψει
3436 1973 3606 2041 ἐντὸς,
3633 1974 3729 2028 καὶ

2158 2063 2488 2132 ἐρωτηθείη,
2523 2063 2607 2127 τίς
2628 2062 2703 2116 ὣν
2727 2063 2870 2117 οὕτω
2895 2066 3060 2128 ποιεῖ,
3091 2066 3184 2120 καὶ
3210 2064 3403 2137 ἐξείπῃ
3434 2065 3597 2130 αὐτὸς
3629 2065 3727 2121 τοῦ

2154 2154 2306 2209 οἴκου
2343 2155 2535 2226 κύριός
2577 2173 2704 2210 ποτε
2735 2153 2900 2220 εἶναι,
2925 2157 3382 2228 παρελαμϐάνετο
3411 2159 3507 2228 μέν
3533 2159 3730 2229 ἡδέως,

2155 2248 2251 2301 καὶ
2277 2248 2703 2318 ὑπανεχόμενος,
2737 2248 2814 2313 ώς
2847 2250 2940 2302 ἐπὶ
2968 2252 3124 2320 τιμῇ,
3153 2249 3368 2304 ἔϐαινεν
3398 2250 3566 2320 ἁδρὸς
3594 2249 3728 2318 lcet,

2157 2343 2249 2396 καὶ
2283 2336 2428 2411 εἶχεν
2469 2342 2765 2414 ἀσπασμὸν
2794 2344 2890 2398 καὶ
2925 2344 3218 2412 προεδρίαν
3249 2345 3344 2399 καὶ
3394 2344 3600 2415 βρῶσιν
3634 2347 3730 2401 καὶ

2155 2432 2215 2485 τὸ
2255 2435 2418 2485 πιεῖνο
2446 2435 2516 2488 τὰ
2552 2433 2598 2488 δ’
2623 2435 2716 2487 ἐπὶ
2743 2435 2954 2496 τούτοις
2991 2436 3068 2503 τῷ
3100 2437 3253 2504 ἀνδρὶ
3285 2437 3349 2490 ἐκ
3371 2437 3480 2490 τῶν
3507 2437 3718 2508 βαρϐά-

2159 2541 2268 2593 ρων
2319 2524 2632 2595 δεξιώματα
2688 2525 2997 2596 θανατηρά.
3047 2527 3376 2598 Κρεμάθραι
3438 2529 3586 2600 γὰρ,
3635 2532 3730 2583 καὶ

2158 2618 2427 2684 αἰκισμοὶ,
2463 2618 2558 2669 καὶ
2594 2617 2653 2684 ἐξ
2686 2615 2910 2687 ἀχύρων
2945 2617 3168 2683 καπνοὶ,
3206 2618 3300 2671 καὶ
3337 2619 3506 2686 ἕτερα
3536 2619 3730 2672 καινό-

2157 2722 2336 2777 τροπα
2371 2707 2538 2771 κακὰ,
2571 2707 2665 2760 ἐπὶ
2708 2707 3010 2778 χρημάτων
3040 2708 3308 2777 ἐκφάνσει
3334 2707 3430 2763 καὶ
3459 2709 3622 2763 δόσει·
3651 2703 3730 2764 ὧν

2157 2797 2466 2868 διδομένων,
2495 2799 2656 2852 πάλιν
2677 2801 2875 2863 κύκλος
2900 2800 2958 2852 ἐν
2985 2802 3098 2862 τοῖς
3123 2801 3327 2864 αὐτοῖς.
3373 2801 3670 2873 Ἀναρτήσε
3683 2818 3732 2866 ις

2159 2889 2268 2959 γὰρ
2294 2887 2388 2942 τοῦ
2416 2888 2602 2942 ἀθλίου
2634 2891 2728 2943 καὶ
2761 2891 3071 2962 καταφοραὶ
3101 2891 3316 2963 βαρεῖαι
3351 2892 3595 2961 πληγῶν,
3625 2893 3732 2955 ἕως

2159 2979 2230 3035 ἄν
2263 2979 2298 3051 ἢ
2351 2981 2716 3052 ἐμπλησθῶσι
2769 2983 2878 3035 τῶν
2926 2981 3275 3052 ποθουμένων
3331 2984 3382 3036 οἱ
3426 2985 3632 3053 δήμιοι,
3694 2984 3729 3056 ἢ

2162 3072 2478 3143 ἐλεήσωσιν.
2530 3073 2781 3141 Ἐγένετο
2813 3073 2924 3143 γάρ
2958 3090 3089 3126 ποτε
3121 3073 3216 3127 καὶ
3245 3075 3447 3127 τοιόνδε
3495 3091 3566 3139 τι,
3595 3074 3730 3129 ὡσεὶ

2163 3164 2258 3216 καὶ
2281 3163 2418 3216 λέων
2443 3163 2643 3218 πεινῶν
2678 3165 2771 3219 καὶ
2797 3163 3061 3228 ἐνδακὼν,
3095 3163 3213 3219 εἶτα
3245 3166 3484 3236 ἐλεήσει,
3521 3168 3555 3238 ἢ
3586 3169 3728 3238 ἀφή-

479 3275 638 3320 ratur
685 3273 781 3319 aut
829 3263 936 3316 vita
990 3269 1238 3316 vexatam
1298 3258 1649 3328 derelinquit.
1682 3255 1956 3322 Quosdam
1991 3269 2057 3309 ex

2165 3273 2245 3310 σει
2278 3257 2369 3310 τὸν
2397 3257 2743 3324 αἰκιζόμενον
2778 3257 2804 3327 ἡ
2832 3255 2965 3325 ζωή.
3005 3257 3126 3311 Τῶν
3161 3275 3312 3322 τινας
3349 3259 3406 3312 δέ
3442 3259 3585 3313 οὕτω
3616 3278 3725 3314 πα-

479 3359 570 3414 his
590 3357 681 3427 qui
715 3359 797 3412 sie
829 3363 884 3410 et
907 3354 1067 3410 aliter
1093 3352 1444 3423 patiebantur
1469 3347 1863 3405 transtulerunt
1891 3363 1922 3402 e
1948 3357 2060 3401 vita

482 3455 888 3522 persecutores,
943 3448 1201 3499 timentes
1288 3459 1380 3508 ne,
1443 3449 1728 3512 postquam
1801 3453 2058 3510 magnum

483 3542 802 3592 thesaurum
840 3533 980 3602 apud
1018 3533 1266 3586 victimas
1314 3531 1672 3594 invenissent,
1715 3528 1848 3598 ipsis
1896 3544 1924 3580 a
1963 3543 2060 3583 co-

481 3625 714 3680 mitibus
797 3629 1254 3690 extorqueretur,
1323 3620 1467 3672 sicut
1540 3626 1870 3670 conventutn
1941 3614 2063 3668 fue-

479 3723 589 3769 rat.
657 3711 888 3779 Quidam
950 3709 1341 3766 Constantinus
1423 3707 1679 3778 (nomine
1741 3707 1921 3775 solo),
1980 3707 2064 3758 vir

483 3807 685 3871 bonus,
738 3804 943 3859 divitiis
1001 3801 1339 3866 cumulatus,
1394 3799 1536 3854 bona
1569 3799 2058 3870 pr0priajactans,

485 3902 686 3973 quibus
711 3914 808 3954 cor
831 3914 990 3954 suum
1026 3897 1374 3959 devinxerat,
1408 3895 1598 3963 sicque
1626 3893 1894 3949 desiderio
1916 3891 2062 3947 domi

483 4003 702 4065 captus,
719 4008 844 4046 eum
873 3991 1067 4046 fuisset
1087 4002 1410 4058 suspensus,
1427 3987 1679 4056 milleque
1701 3986 1889 4056 plagas
1910 4000 2064 4041 acce-

484 4088 675 4157 pisset,
696 4085 762 4141 ad
782 4098 1220 4156 unamquamque
1241 4084 1656 4152 suspensionem
1697 4081 1837 4136 bona
1883 4080 2062 4152 proje-

485 4181 672 4241 cisset,
715 4177 905 4247 sicque
950 4177 1004 4230 in
1057 4181 1268 4228 tantum
1309 4181 1369 4228 ut
1415 4182 1596 4228 mente
1659 4182 1854 4242 captus
1905 4173 2062 4227 vide-

483 4275 674 4332 retur;
717 4279 840 4320 cutn
875 4263 1164 4333 inquirens
1195 4276 1366 4317 novas
1393 4271 1542 4316 artes
1570 4261 1637 4316 ab
1689 4263 1770 4317 eis
1796 4259 2059 4330 depulsus

486 4356 702 4424 fuisset,
733 4370 799 4411 ac
835 4355 1029 4411 fuisset
1052 4354 1294 4408 minatus
1322 4366 1381 4407 se
1403 4368 1514 4408 rem
1534 4353 1827 4409 comitibus
1858 4355 2061 4407 denun-

485 4451 774 4512 tiaturum,
827 4462 936 4504 non
975 4447 1086 4517 jam
1133 4453 1296 4514 caput
1329 4445 1556 4511 habuit;
1586 4445 1680 4500 sed
1723 4453 2060 4516 amputatum

485 4555 552 4596 ac
593 4540 863 4610 sepultum
889 4546 976 4595 est
1016 4539 1070 4592 in
1120 4546 1304 4600 terra;
1348 4536 1593 4604 reliquus
1621 4551 1750 4592 vero
1792 4539 2064 4592 Constan-

485 4632 634 4684 tinus
667 4629 914 4700 abjectus
943 4636 1030 4684 est
1057 4627 1290 4682 cadaver
1318 4627 1524 4680 auxilio
1551 4627 1869 4683 destitutus.

557 4809 684 4862 ηι.
724 4809 900 4866 Aliam
933 4811 1448 4867 immoderationem
1483 4809 1721 4865 habebat
1749 4810 1927 4866 adhuc
1958 4810 2064 4867 hoc

483 4898 712 4974 malum.
767 4898 960 4952 Allecti
996 4901 1142 4955 enim
1197 4901 1352 4956 lucro
1399 4899 1746 4954 dominorum
1812 4900 2062 4967 Barbari,

485 4977 631 5044 intra
676 5001 864 5059 portas
899 4991 1128 5046 insidias
1168 5001 1452 5061 pararunt.
1483 4993 1562 5048 Ac
1586 4993 1631 5047 si
1674 5007 1837 5062 quem
1883 5003 2065 5050 trans-

483 5087 702 5156 euntem
725 5079 1000 5146 viderent,
1055 5083 1290 5151 speciem
1331 5093 1539 5139 certam
1577 5083 1682 5138 viri
1706 5083 1895 5140 divitis
1927 5100 2064 5156 prm-

483 5173 726 5250 bentem,
747 5174 1226 5242 apprehendebant
1272 5191 1394 5230 eum
1425 5175 1592 5246 intus,
1624 5177 1770 5232 velut
1793 5178 2065 5248 pleraeque

484 5262 758 5318 terribiles
809 5261 936 5317 fera:
970 5278 1038 5319 ex
1093 5272 1252 5320 antro
1309 5267 1586 5322 lrruentes
1627 5285 1642 5332 ;
1712 5275 2067 5338 terrentesque

482 5369 609 5409 eum
656 5355 986 5424 torquebant
1049 5356 1356 5425 usquedum
1392 5373 1618 5427 scopum
1650 5360 1983 5430 attigissent.
2008 5359 2065 5414 Si

483 5463 614 5504 vero
644 5448 867 5518 quidam
910 5449 1095 5506 vivere
1147 5465 1270 5504 cum
1310 5453 1539 5519 captivis
1574 5452 2070 5520 vnlebaut,dcinde

481 5540 719 5595 habebat
767 5556 986 5609 quoque
1047 5543 1152 5596 hoc
1213 5544 1647 5606 incommodum,
1687 5546 1903 5599 scilicet
1963 5545 2069 5600 hoc

484 5632 956 5708 libentersuﬂ’erre
983 5635 1339 5701 dicebantur;
1373 5634 1518 5705 quod
1542 5646 1660 5690 erat
1680 5637 1850 5705 magis
1869 5636 2069 5691 frater-

486 5740 616 5779 nuut
651 5735 705 5780 et
733 5725 1049 5784 humanius.
1068 5727 1223 5782 Tunc
1257 5745 1362 5782 non
1401 5735 1520 5782 erat
1553 5730 1807 5797 possibile
1847 5729 1899 5782 in
1932 5738 2070 5783 tem-

487 5816 594 5884 plis
620 5817 794 5875 sacris
832 5825 1026 5890 sponte
1047 5819 1294 5900 hymnos
1339 5834 1576 5888 eernere;
1620 5820 1714 5875 sed
1762 5820 1888 5876 huic
1921 5820 2068 5876 bono

2094 4579 2143 4641 ι)

2163 3347 2400 3416 σχόντων
2433 3348 2530 3400 καὶ
2575 3345 2748 3408 ἄλλως
2791 3347 2882 3399 τοῦ
2915 3345 3016 3414 ζῇν
3064 3349 3408 3420 μετέστησαν
3443 3349 3495 3402 οἱ
3523 3349 3735 3414 αἰκιζό-

2166 3452 2340 3506 μενοι,
2381 3436 2683 3499 δείσαντες,
2721 3436 2795 3506 μὴ
2827 3435 2997 3489 πολὺν
3032 3436 3309 3506 θησαυρὸν
3342 3439 3404 3489 ἐκ
3437 3437 3530 3490 τοῦ
3566 3437 3734 3491 κολα-

2163 3527 2396 3596 ζομένου
2431 3527 2813 3598 ἐξευρηκότες,
2845 3529 3185 3598 ἀφαιρεθῶσι
3219 3529 3357 3600 πρὸς
3401 3529 3513 3582 τῶν
3558 3534 3734 3600 κομή-

2161 3635 2269 3670 των
2319 3619 2382 3670 τὸ
2425 3619 2752 3689 εὑρημένον,
2807 3618 2950 3674 καθὰ
2997 3621 3294 3674 συνέκειτο.
3332 3622 3734 3686 Κωνσταντῖνος

2162 3713 2295 3780 γοῦν
2329 3730 2414 3776 τις
2464 3714 2513 3784 (ὁ
2557 3713 2793 3783 ἐπίκλην
2851 3714 3308 3784 κεκαὶεσμένος),
3357 3717 3496 3786 ἀνὴρ
3529 3717 3736 3785 ἀγαθὸς

2164 3807 2258 3859 καὶ
2292 3804 2518 3877 πλήθων
2553 3806 2654 3868 τὰς
2687 3807 2874 3876 χεῖρας
2900 3843 2916 3869 ,
2964 3806 3376 3876 φαντασάμενος
3413 3809 3480 3861 τὰ
3528 3810 3730 3872 οἰκεῖα,

2163 3893 2244 3962 οἷς
2292 3898 2391 3968 τὴν
2445 3898 2674 3970 καρδίαν
2729 3897 3063 3968 κεκόλλητο,
3112 3900 3208 3952 καλ⁸
3256 3897 3399 3953 οὕτω
3449 3899 3600 3969 πόθῳ
3637 3899 3732 3953 τοῦ

2163 3991 2314 4044 οῖκου
2369 3989 2706 4060 ἁγρευθεὶς,
2770 3991 2866 4044 καὶ
2921 3990 3322 4062 ἀπαιωρηθεὶς,
3375 3991 3474 4046 καὶ
3533 3993 3736 4064 μυρίας

2163 4081 2382 4150 πληγὰς
2433 4079 2726 4150 ἐντριὸεὶς,
2768 4079 2866 4133 καὶ
2918 4080 3060 4135 κατὰ
3096 4081 3338 4151 ἑκάστην
3371 4079 3728 4150 άπαιώρησιν

2165 4173 2434 4242 ἐξεράσας
2461 4175 2565 4242 χρή
2577 4189 2744 4241 ματα,
2781 4173 2872 4226 καὶ
2897 4173 2978 4234 είς
3011 4171 3186 4226 πολλὰ
3213 4171 3538 4241 κορυφώσας
3571 4174 3733 4238 αὐτὰ,

2165 4261 2284 4317 εἶτα
2309 4265 2402 4318 καὶ
2431 4264 2698 4334 ἐλαφρίαν
2728 4261 2916 4316 παθὼν
2940 4263 3226 4332 λογισμοῦ,
3257 4265 3351 4318 καὶ
3378 4265 3436 4316 ἐν
3463 4262 3541 4333 τῷ
3568 4262 3736 4331 ζητῆ-

2167 4372 2258 4410 σαι
2291 4356 2479 4410 λαϐεῖν
2521 4371 2573 4408 τι
2624 4355 2836 4408 ἐκεῖθεν
2869 4355 3334 4425 παρακρουσθεὶς,
3369 4355 3463 4408 καὶ
3509 4356 3739 4424 amon—

2166 4448 2438 4518 σάμενος,
2488 4446 2880 4517 καταμηνύσαι
2927 4446 2987 4499 τὸ
3047 4447 3280 4516 πρᾶγμα
3323 4449 3436 4510 τοῖς
3477 4447 3739 4517 κόμησιν,

2167 4541 2267 4594 οὐκ
2305 4541 2466 4610 ἔσχεν
2525 4540 2605 4593 ἐτι
2649 4539 2915 4608 κεφαλὴν,
2945 4539 3064 4593 ἀλλ’
3093 4540 3233 4609 αὐτὴ
3270 4539 3368 4608 μέν
3409 4537 3740 4609 κατεχώσθη

2167 4651 2273 4688 που
2300 4635 2616 4686 ἐκκοπεῖσα·
2649 4633 2678 4685 ὁ
2705 4632 2762 4686 δέ
2809 4632 2994 4695 λοιπὸς
3039 4633 3449 4695 Κωνσταντῖνος
3474 4632 3738 4703 ἐξερρίφη

2167 4725 2360 4796 νεκρὸς
2390 4725 2718 4795 ἀϐοήθητος.

2237 4817 2381 4888 ρκα’.
2416 4818 2580 4886 Ἔσχε
2609 4817 2669 4870 δὲ
2713 4815 2811 4870 καὶ
2855 4814 3014 4869 τοῦτο
3040 4814 3102 4869 τὺ
3139 4815 3307 4869 κακδν
3335 4814 3580 4885 ἐτεροίαν
3619 4817 3743 4869 ἐπί-

2165 4924 2343 4964 τασιν.
2375 4909 2774 4971 Γλυκανθέντες
2809 4907 2918 4976 γὰρ
2947 4907 3089 4962 οὓτω
3128 4906 3207 4971 τῷ
3251 4906 3430 4978 κέρδει
3463 4906 3572 4961 τῶν
3597 4910 3744 4961 οἱκο-

2165 4999 2572 5054 δεσποτούντων
2602 4999 2652 5053 οι
2704 4998 2996 5070 βάρϐαροι,
3051 4996 3316 5068 ἐνελόχων
3359 4996 3471 5051 ἔσω
3527 4996 3738 5052 πυλῶν.

2167 5091 2280 5146 Καὶ
2319 5092 2373 5144 et
2417 5107 2540 5145 τινα
2597 5091 2972 5163 παροδεύοντα
3027 5089 3224 5156 ῐδοιεν,
3273 5089 3496 5160 δόκησιν
3542 5089 3742 5159 ἀνδρὸς

2166 5185 2459 5252 πέμποντα
2509 5181 2868 5243 πλουτοῦντός
2917 5197 3071 5246 ποτε,
3117 5180 3365 5252 ἥρπαζον
3411 5180 3576 5235 αὑτὸν
3607 5181 3740 5246 ἔσω,

2167 5272 2256 5329 οἷά
2275 5291 2422 5339 τινες
2468 5275 2636 5329 δεινοὶ
2675 5273 2841 5344 θῆρες
2877 5273 2942 5327 ἐκ
2988 5273 3200 5343 φωλεοῦ
3223 5291 3238 5306 ο
3275 5274 3372 5328 καὶ
3427 5273 3740 5344 βιαζόμενοι

2168 5367 2517 5437 ἐτυράννουν,
2547 5366 2652 5429 ἕως
2690 5381 2744 5418 τι
2777 5363 2886 5418 τῶν
2929 5365 3071 5419 κατὰ
3119 5365 3323 5418 σκοπὸν
3366 5363 3643 5418 άνύσαιεν.
3673 5363 3742 5418 Εἰ

2169 5460 2228 5514 δέ
2255 5475 2402 5523 τινες
2430 5458 2526 5512 καὶ
2563 5456 2943 5529 συμϐιοτεύειν
2975 5456 3344 5528 αἰχμαλώτοις
3385 5456 3596 5529 ἤθελον.
3623 5452 3741 5525 εἶχε

2174 5551 2274 5620 μέν
2299 5567 2354 5603 τι
2381 5551 2472 5603 καὶ
2503 5549 2662 5603 τοῦτο
2697 5548 2861 5620 βάρος
2886 5547 2964 5610 ὡς
2991 5549 3041 5602 οἱ
3081 5547 3143 5602 εὖ
3183 5548 3413 5618 πάσχειν
3455 5547 3743 5610 δοκοῦντες

2172 5643 2570 5714 περιηγοῦντο’·
2597 5637 2666 5712 ἦν
2690 5642 2748 5695 δέ
2774 5657 2890 5705 πως
2913 5640 3240 5711 φιλάλληλον
3261 5640 3394 5692 αὐτὸ
3416 5638 3510 5692 καὶ
3534 5640 3745 5705 ἀνθρω-

2172 5732 2496 5802 πικώτερον.
2527 5731 2639 5784 Οὐκ
2684 5725 2755 5801 ἧν
2805 5731 2928 5784 οὐδὲ
2959 5730 3086 5792 τοὺς
3137 5727 3316 5791 θείους
3346 5727 3510 5788 ναοὺς
3551 5724 3742 5792 ὕμνοις

2175 5820 2461 5886 ἀσκύλτὶος
2493 5820 2847 5892 περιᾴδεσθαι
2879 5821 2998 5876 τότε
3019 5835 3034 5853 ο
3067 5820 3180 5876 ἀλλ’
3213 5817 3326 5891 εἶχε
3366 5821 3460 5874 καὶ
3488 5817 3550 5871 τὸ
3579 5815 3744 5873 καλὸν
