4084 6432
316 419 398 484 ιιι
994 388 997 391 ’
1099 418 1198 481 DE
1234 420 1806 483 TllESSALONlCA
1854 424 2061 485 unus
2092 427 2134 483 Α
2177 422 2488 485 LATINIS
2526 421 2782 482 CAPTA.
3441 417 3547 483 122

315 531 453 601 ἔργον
475 527 634 581 τοῦτο
661 529 951 602 ἐπήρειαν.
989 531 1101 583 Καὶ
1145 530 1244 590 τὰς
1302 530 1403 598 μὲν
1455 531 1631 601 ἀρχάς
1680 533 1868 587 ἱκαναὶ

1988 535 2121 603 ψει-ἰ
2160 533 2466 600 persecutio
2493 547 2712 601 quoque
2744 544 2842 585 sua
2882 542 3021 585 erat.
3054 529 3133 584 Ac
3173 530 3229 584 in
3275 530 3547 600 principio

318 622 518 691 ἡμέραι,
558 622 654 676 καὶ
681 618 810 673 οὔτε
839 619 1130 685 ἐκλείοντο,
1162 619 1287 677 οὕτε
1311 622 1531 687 σύναξις
1551 618 1620 692 ἦν
1647 625 1680 692 ή
1714 623 1865 689 ἐθὰς,

1988 625 2125 680 nulli
2181 626 2400 679 fuerunt
2438 626 2556 679 dies
2586 624 2786 693 quibus
2843 635 2943 676 nec
2973 619 3398 684 claudebantur,
3443 639 3546 677 nec

316 715 379 776 ὡς
404 714 687 781 ὑμνεῖσθαι
727 714 884 773 Θεὸν.
918 712 1036 765 ἀλλ’
1073 714 1127 767 εἶ
1163 731 1266 768 που
1304 714 1376 779 ὡς
1422 717 1512 768 ἐπὶ
1554 716 1737 788 σκέπῃ
1775 717 1870 770 καὶ

1988 726 2184 772 issuela
2243 716 2465 786 synaxis
2522 715 2706 778 ﬁebat,
2737 714 2805 769 ad
2843 712 2937 767 Dei
2996 713 3188 768 laudes
3244 712 3544 777 canendas,

317 804 606 858 ἀναπαύσει
643 804 1042 874 αἰχμαλωσίας,
1074 806 1175 858 ὅσα
1216 806 1311 859 καὶ
1351 806 1470 860 κατ’
1498 807 1700 870 οἴκους.
1739 809 1871 863 Ὅτε

1988 806 2083 861 nisi
2124 807 2247 874 quis
2288 814 2441 861 esset
2500 814 2747 873 receptus
2781 812 2836 859 et
2870 802 3184 875 perfugiens
3216 803 3544 873 captivitati,

316 896 364 950 δέ
393 914 512 950 ποτε
559 898 655 951 καί
686 915 771 961 τις
801 899 957 953 ἄδεια
998 899 1257 968 ἐξεφάνη,
1296 901 1390 955 καὶ
1419 900 1553 954 θεῖοι
1597 902 1871 965 πυλεῶνες

1988 896 2190 950 tcilicet
2209 898 2371 951 etiam
2408 896 2681 951 domibus.
2719 895 2856 951 Cum
2892 911 3018 950 vero
3052 893 3348 964 aliquando
3384 894 3550 948 liber-

317 988 676 1061 ἐκλείσθησαν.
708 991 804 1044 καὶ
848 990 966 1058 φῶς
1013 994 1275 1061 μυστικὸν
1306 991 1543 1062 ἀνήφθη.
1577 994 1670 1045 καὶ
1699 993 1874 1064 ήρμό-

317 1080 511 1145 σθησαν
536 1082 768 1151 ψαλμοὶ,
811 1084 907 1139 καὶ
946 1085 1125 1157 ἱερεὺς
1154 1086 1349 1151 ἐτέλει,
1377 1086 1471 1138 καὶ
1517 1085 1642 1151 λαὸς
1679 1087 1875 1155 ήμέτε-

318 1166 532 1242 ροςεϊχε
580 1173 779 1244 σχολὴν
829 1176 972 1228 κατὰ
1029 1176 1205 1245 ίσχὺν,
1238 1176 1361 1233 τότε
1391 1177 1419 1228 ό
1456 1174 1664 1246 δαίμων
1716 1177 1876 1229 ἀντέ-

318 1279 538 1333 πραττε.
563 1266 670 1317 τῶν
693 1264 914 1333 φαύλων
936 1268 1175 1321 Λατίνων
1204 1269 1614 1340 είστρεχόντων,
1639 1271 1731 1322 καὶ
1755 1270 1876 1331 ταῖς

320 1353 485 1425 ἱεραῖς
524 1358 727 1423 φωναῖς
788 1357 1271 1422 ἐπιϐουλευόντων,
1328 1359 1423 1411 καὶ
1475 1356 1874 1426 λαλαγούντων.

318 1449 404 1499 καὶ
434 1446 640 1517 συνήθη
671 1447 1003 1518 βαῦζόντων,
1036 1449 1091 1503 εῐ
1112 1466 1228 1514 πως
1256 1450 1586 1520 ἐγκόπτουσι
1626 1447 1726 1521 τὴν
1756 1464 1880 1502 συν-

314 1535 490 1608 έχειαν
515 1538 609 1591 τοῦ
641 1539 834 1594 καλοῦ.

380 1630 518 1698 ρκβ⁹.
554 1630 624 1683 Οἱ
655 1630 701 1683 δ’
735 1630 893 1684 αὐτοὶ
924 1632 1018 1685 καὶ
1041 1630 1103 1684 τδ
1129 1628 1307 1698 ξύλον,
1338 1629 1475 1701 ὅπερ
1497 1627 1714 1683 εὔθετόν
1740 1629 1878 1693 ἐστι,

315 1718 549 1786 κήρυκος
579 1718 738 1787 δίκην
760 1720 1048 1789 σημαίνειν
1076 1719 1153 1790 τῷ
1173 1719 1286 1791 λαῷ
1316 1718 1415 1787 τὴν
1469 1718 1557 1771 ἐπ’
1587 1717 1883 1787 ἐκκλησίας

315 1809 577 1879 ἄθροισιν,
634 1810 869 1864 κωλύειν
924 1811 1136 1882 ήθελον.
1183 1811 1315 1865 Ὅτε
1368 1809 1499 1878 γοῦν
1552 1808 1651 1879 τὴν
1705 1808 1882 1880 ἀρχὴν

1972 996 2057 1041 tas
2086 989 2357 1057 apparuit,
2391 996 2560 1057 portae
2608 1001 2779 1042 sacra:
2833 987 3034 1041 clausa:
3080 986 3321 1049 fuerunt,
3366 984 3549 1039 lumen

1976 1078 2262 1150 mysticum
2288 1093 2579 1136 accensum
2604 1085 2708 1141 est.
2730 1077 3040 1133 concinnati
3065 1087 3193 1132 sunt
3223 1076 3440 1146 psalmi,
3462 1089 3553 1131 sa-

1976 1174 2170 1226 cerdos
2195 1172 2511 1238 celebravit,
2537 1171 2878 1241 populusque
2910 1179 3118 1234 noster,
3151 1180 3420 1238 quantum
3448 1183 3548 1239 po-

1978 1271 2140 1328 terat,
2195 1265 2365 1317 otium
2424 1262 2663 1318 habebat
2697 1278 2713 1328 ;
2749 1272 2882 1315 tunc
2942 1261 3271 1315 contradixit
3307 1260 3545 1324 daemon,

1977 1356 2241 1425 improbis
2284 1354 2496 1413 Latinis
2523 1354 2884 1417 irruentibus,
2932 1354 3104 1409 sacris
3134 1353 3360 1408 vocibus
3411 1356 3545 1406 inst-

1980 1443 2280 1509 diantibus,
2342 1444 2801 1505 vociferantibus,
2848 1453 3178 1513 assuetaque
3242 1442 3550 1497 balbutien-

1983 1536 2149 1600 tibus,
2198 1536 2243 1591 si
2270 1536 2690 1591 continuitatem
2725 1521 2855 1591 boni
2884 1536 3269 1590 intermittent.

2052 1628 2178 1684 122.
2240 1628 2304 1683 lli
2356 1645 2484 1684 vero
2545 1630 2677 1701 ligni
2749 1629 3113 1698 pulsationcm
3174 1628 3240 1680 ad
3300 1625 3554 1680 indican-

1982 1722 2110 1776 dum
2156 1722 2358 1791 populo
2409 1723 2465 1776 in
2509 1723 2740 1777 ecclesia
2787 1730 3013 1787 coetum,
3068 1720 3335 1788 impedire
3367 1718 3557 1773 volue-

1984 1821 2133 1865 runt.
2156 1811 2291 1866 Cum
2320 1827 2352 1865 e
2381 1813 2649 1882 principio
2686 1813 2958 1881 pulsatum
2989 1820 3074 1867 est
3113 1813 3214 1865 hoc
3240 1809 3306 1863 ad
3329 1808 3554 1863 concio-

315 1899 582 1972 ἐκρούσθη
629 1901 789 1956 τοῦτο
839 1907 969 1975 περὶ
1028 1905 1128 1975 τήν
1186 1904 1481 1973 καθολικὴν
1526 1904 1663 1973 πρὸς
1700 1902 1880 1973 δείλην

1988 1918 2107 1960 nem
2147 1904 2280 1959 hora
2305 1906 2632 1972 reapertina,
2657 1905 2850 1958 armati
2876 1903 3063 1961 statim
3091 1910 3221 1957 sunt
3261 1902 3552 1956 adversum

314 1991 626 2059 ἐσπερινὴν,
659 1992 911 2064 ξιφήρεις
935 1994 1136 2047 αὐτίκα
1158 1996 1251 2048 ἐπὶ
1283 1994 1372 2047 τὸν
1406 1992 1719 2064 κρούσαντα
1743 1994 1882 2047 κατὰ

318 2081 472 2151 ῥιπήν
527 2081 811 2153 ὀφθαλμοῦ
847 2084 883 2153 ἢ
935 2083 1101 2154 τάχος
1140 2085 1426 2154 ἀστραπῆς
1476 2083 1527 2136 οἱ
1577 2083 1880 2153 βάρϐαροι⁹

315 2172 400 2225 καὶ
437 2174 538 2227 τὸν
583 2173 832 2227 διάϐολον
884 2176 1132 2245 συνήθως
1186 2175 1506 2245 μασώμενοι
1552 2173 1673 2228 καθ’
1723 2172 1883 2244 ὕδριν

315 2263 608 2334 ἡμετέραν,
637 2265 705 2319 Τί
737 2264 939 2333 τοῦτο;
968 2267 1176 2334 ελεγον,
1221 2268 1318 2321 καὶ
1350 2263 1630 2319 ἐκώλυσαν
1658 2264 1782 2317 τότε
1819 2265 1883 2319 τὸ

312 2351 487 2422 ἔργον.
522 2355 636 2408 Καὶ
666 2355 822 2426 διέϐη
850 2356 916 2409 τὸ
942 2356 1144 2410 τούτων
1180 2356 1391 2426 θέλημα
1434 2355 1575 2409 κατὰ
1600 2353 1764 2422 φόϐον
1788 2354 1881 2408 τὸν

314 2443 370 2507 ἐξ
393 2444 555 2513 ἡμῶν
589 2446 681 2499 καὶ
709 2447 790 2509 εἱς
818 2447 946 2510 τοὺς
989 2445 1236 2508 λοιποὺς.
1268 2446 1381 2500 ὅσοι
1429 2444 1602 2508 οὕτως
1630 2444 1878 2513 ἔψαλλον.

315 2539 461 2593 Μετὰ
494 2539 557 2593 δὲ
584 2541 647 2593 οὐ
681 2539 886 2602 πολλὰς
925 2539 1156 2609 ἡμέρας,
1198 2539 1296 2608 τῆς
1333 2537 1523 2607 ἑορτῆς
1553 2538 1683 2606 ἡμῖν
1719 2534 1882 2590 €326-

315 2648 424 2702 ριον
452 2632 838 2704 ἀχθησομένης
873 2632 971 2703 τῆς
1000 2631 1256 2702 ύψὼσεως
1294 2630 1389 2683 τοῦ
1417 2630 1687 2699 παντίμου
1718 2646 1882 2682 σταυ-

313 2724 424 2794 poi,
451 2724 690 2794 ἀνῆλθον
723 2725 823 2793 μὲν
851 2725 905 2777 οἱ
958 2724 1318 2794 ἱεροκήρυκος
1370 2722 1451 2784 εἱς
1491 2721 1589 2790 τήν
1629 2719 1722 2773 τοῦ
1757 2718 1880 2773 καθ’

312 2815 452 2884 ἡμᾶς
485 2814 782 2870 καθολικοῦ
815 2814 962 2884 ἱεροῦ
992 2815 1256 2885 κορυφὴν,
1289 2813 1359 2867 τὰ
1386 2812 1592 2883 συνήθη
1632 2813 1879 2866 τελὲσονο

311 2921 399 2971 τες
425 2907 487 2961 ἐν
526 2908 769 2976 ἐπιτομῇ
791 2922 808 2940 ·
837 2905 961 2959 οὐδὲ
985 2905 1093 2974 γὰρ
1116 2904 1242 2974 ἐξῆν
1288 2903 1556 2957 πλατῦναι
1584 2903 1674 2956 διὰ
1702 2903 1761 2955 τὸ
1782 2903 1884 2974 τῆς

312 2995 587 3066 εὐφημίας
604 2997 703 3049 οὐκ
725 2997 1094 3066 ἀπρόσκοπον.
1122 2995 1232 3048 Καὶ
1245 2993 1319 3056 ὡς
1339 2995 1436 3062 ἐσή
1446 3010 1620 3062 μαναν
1641 2991 1718 3062 τῷ
1741 2993 1883 3064 ξύλῳ

311 3086 405 3158 τήν
444 3087 647 3158 ἑορτὴν
677 3091 1059 3158 τρανέστερον,
1108 3086 1270 3138 πάλιν
1308 3086 1358 3137 οί
1401 3085 1699 3156 βάρϐαροι*
1754 3084 1883 3154 ξίφη

312 3180 510 3247 γυμνὰ,
550 3179 647 3233 καὶ
674 3177 853 3233 ἄνοδοι
876 3177 1055 3230 αὐτῶν
1087 3177 1383 3245 ἐντρεχεῑς,
1416 3174 1510 3227 καὶ
1542 3174 1881 3244 ἀνακρίσεις,

313 3271 404 3324 καὶ
431 3271 660 3342 ἔρευναι
690 3270 803 3323 τῶν
829 3269 1017 3339 κύκλῳ
1046 3268 1189 3321 κατά
1218 3284 1340 3319 τινα
1374 3265 1725 3336 ἰχνηλάτησιν
1744 3302 1761 3324 ,
1811 3263 1886 3333 μὴ

316 3363 407 3416 καί
430 3379 512 3425 τις
542 3363 696 3423 δόλος
726 3358 1256 3431 ὑποκρύπτοιτο.Ὢς
1289 3358 1345 3411 δὲ
1372 3359 1468 3410 καὶ
1491 3357 1886 3426 πολυπραγμο-

314 3455 602 3525 νήσαντες,
641 3455 737 3507 xui.
771 3451 1269 3522 κακολογήσαντες,
1302 3453 1400 3502 κα)⁵
1430 3448 1889 3517 ἀπειλησάμενοι,

316 3546 615 3617 σταθεροὺς
659 3545 1002 3615 ἐρμηνευτὰς
1045 3543 1140 3596 τοῦ
1186 3542 1510 3613 πράγματος
1544 3535 1725 3611 εὖρον,
1764 3542 1890 3603 τοὺς

314 3640 438 3712 περὶ
459 3639 641 3711 ήμᾷς,
667 3635 1076 3708 ἐπραΰνθησαν,
1111 3634 1207 3687 καὶ
1239 3631 1504 3703 κατῆλθον
1530 3633 1750 3702 ἥμεροι,
1792 3631 1888 3682 καὶ

314 3734 492 3786 οὐκέτι
503 3732 835 3804 ἠνώχλησαν
850 3727 1115 3796 οὐδαμοῦ,
1140 3720 1229 3780 οἷα
1246 3725 1544 3795 λελυμένου
1569 3723 1663 3776 τοῦ
1683 3722 1889 3792 ἀπόρου

316 3827 462 3895 σφίσι
494 3826 641 3896 πρὸς
669 3824 948 3893 ἀλήθειαν.
971 3821 1106 3874 Τότε
1127 3820 1193 3888 δή
1217 3820 1313 3872 καὶ
1339 3816 1576 3885 ἐπῆλθεν
1595 3816 1729 3884 ἡμῖν
1753 3815 1889 3866 άποσ

319 3920 503 3987 pilans,
520 3917 583 3971 τί
605 3918 805 3986 δήποτε
829 3915 954 3977 τοὺς
975 3915 1075 3983 μὲν
1100 3912 1212 3966 ἄνω
1240 3910 1370 3978 περὶ
1390 3911 1482 3962 τὸν
1499 3907 1597 3960 τοῦ
1625 3902 1893 3975 μυροδλύ-

314 4025 409 4063 του
441 4009 572 4062 ναόν
596 4006 967 4079 σημαντικοὺς
988 4003 1082 4056 τοῦ
1103 4001 1327 4071 ψάλλειν
1350 4000 1614 4069 μεγάλους
1637 3997 1892 4057 κώδωνας

315 4104 412 4174 οὐχ
432 4100 832 4163 ὑποπτεύουσι,
855 4098 917 4151 τὸ
947 4098 1004 4150 δέ
1044 4096 1177 4165 περὶ
1204 4096 1304 4164 τὴν
1328 4090 1663 4164 μητρόπολιν
1691 4087 1891 4157 συνθη-

319 4196 541 4271 ματίζον
585 4189 744 4257 ξύλον
754 4192 855 4258 τὴν
877 4189 1029 4257 ἱεράν
1047 4184 1268 4250 σύναξιν
1285 4182 1491 4255 βαρέως
1511 4180 1762 4250 (peposci;
1785 4177 1892 4228 Καὶ

316 4268 740 4353 διενοησάμεθα,
775 4282 851 4345 ὡς
881 4279 1049 4344 εἱκδς,
1089 4278 1165 4348 μὴ
1196 4277 1320 4337 τοὺς
1344 4274 1605 4342 τυχόντας
1633 4268 1892 4329 Λατίνους

318 4373 816 4449 δυσαρεστηθῆναι,
855 4370 991 4423 ἀλλὰ
1019 4368 1129 4421 τῶν
1168 4382 1321 4428 τινας
1353 4368 1419 4417 ἐκ
1447 4363 1546 4431 τῆς
1576 4358 1898 4428 Μεγαλοπό-

319 4465 452 4527 λεως
480 4462 549 4517 οἳ
568 4461 653 4530 τῷ
674 4458 804 4531 ἱερῷ
826 4458 1235 4529 παρατυχόντες
1258 4453 1502 4523 πολέμῳ,
1528 4449 1608 4520 τῷ
1640 4464 1900 4518 προεκτε-

1983 1994 2261 2061 nuntium,
2298 1995 2366 2049 ad
2401 1999 2571 2050 ictum
2605 1997 2749 2050 oculi
2803 2003 2896 2048 aut
2940 1993 3276 2049 celeritatem
3321 1991 3554 2061 fulguris

1984 2085 2250 2154 Barbari;
2272 2087 2469 2144 diaboli
2483 2086 2639 2157 juxta
2661 2086 3113 2143 consuetudinem
3132 2085 3315 2139 verbis
3338 2092 3553 2139 utentes

1984 2179 2149 2233 nobis
2187 2179 2565 2242 conviciando,
2611 2179 2754 2247 Quid
2819 2179 2922 2233 hoc
2953 2176 2979 2231 ?
3013 2177 3294 2240 dicentes,
3328 2185 3555 2244 tumque

1983 2268 2114 2323 illud
2162 2284 2302 2339 opus
2345 2270 2769 2340 prohibuerunt.
2818 2270 2943 2324 llzec
2973 2283 3166 2325 eorum
3205 2267 3458 2321 voluntas
3482 2279 3554 2321 ex

1981 2361 2179 2417 timore
2195 2371 2386 2417 nostro
2405 2364 2471 2418 ad
2504 2363 2744 2433 reliquos
2781 2363 2928 2417 venit
2952 2362 3043 2430 qui
3082 2369 3212 2414 tunc
3231 2357 3556 2429 psalle-bant.

1980 2451 2099 2507 Non
2134 2454 2336 2510 multos
2357 2470 2482 2509 vero
2500 2466 2623 2523 post
2649 2456 2788 2516 dies,
2811 2453 3069 2523 postridie
3089 2452 3153 2506 all
3182 2450 3375 2504 festum
3410 2448 3553 2518 apud

1982 2560 2084 2600 nos
2142 2546 2491 2600 exaltationis
2553 2546 3015 2600 revereudissimaz
3055 2544 3235 2599 crucis
3273 2540 3557 2597 celebran-

1981 2637 2149 2700 dum,
2204 2653 2483 2705 praecones
2539 2640 2905 2692 ascenderunt
2976 2636 3032 2690 in
3102 2635 3308 2704 apicem
3382 2631 3556 2686 nostri

1982 2726 2247 2783 Catholici
2318 2732 2458 2786 sacri
2513 2743 2569 2785 ut
2641 2739 2859 2785 assueto
2914 2718 3090 2784 oilieio
3159 2728 3553 2795 fungerentur;

1982 2833 2090 2871 non
2122 2821 2266 2872 enim
2317 2821 2511 2873 licebat
2558 2820 2775 2890 longius
2807 2818 3026 2874 diﬂ‘erre
3071 2832 3140 2871 ne
3191 2817 3369 2872 bonus
3418 2831 3562 2869 nun-

1983 2911 2096 2966 tius
2139 2912 2523 2983 negligeretur.
2550 2913 2655 2970 Ubi
2705 2915 2759 2967 in
2802 2912 2946 2983 ligno
2990 2912 3320 2966 iudicassent
3351 2909 3560 2964 clarius

1984 3001 2208 3065 festum,
2264 3016 2330 3055 en
2386 3003 2579 3056 iterum
2632 3004 2848 3057 barbari
2879 3020 2893 3056 :
2922 3001 3054 3056 nudi
3103 3001 3288 3070 gladii,
3338 3013 3561 3069 gressus

1985 3107 2173 3147 eorum
2215 3095 2475 3162 prompti,
2513 3094 2868 3163 quarstioues,
2905 3093 3292 3161 inquisitiones
3327 3091 3563 3146 circum-

1991 3184 2451 3253 stantium,quasi
2486 3193 2606 3255 post
2634 3185 2882 3256 vestigia,
2915 3200 2982 3238 ne
3003 3185 3158 3238 dolus
3192 3182 3390 3252 aliquis
3433 3181 3563 3236 lati-

1992 3284 2151 3331 taret.
2188 3274 2288 3331 Ubi
2313 3292 2443 3331 vero
2466 3287 2590 3345 post
2627 3277 2834 3329 multas
2870 3274 3095 3329 inutiles
3156 3273 3559 3344 inolagatioues,

1997 3377 2051 3422 et
2084 3368 2315 3437 injurias
2350 3381 2415 3421 ac
2464 3369 2661 3432 minas,
2690 3375 2845 3435 aptos
2867 3365 3195 3433 interpretes
3226 3364 3306 3418 rei
3335 3363 3560 3417 invene-

1992 3468 2156 3526 runt,
2198 3459 2291 3529 qui
2329 3459 2469 3529 apud
2521 3473 2624 3513 nos
2673 3467 2852 3519 erant,
2902 3456 3096 3525 placati
3132 3463 3296 3520 sunt,
3329 3455 3560 3510 comites

1993 3554 2379 3617 devenerunt,
2417 3551 2567 3605 nullo
2614 3550 2775 3606 modo
2837 3549 2949 3618 jam
3005 3548 3370 3617 trepidantes-
3430 3549 3558 3615 quia

1990 3647 2215 3701 dubium
2279 3644 2333 3698 in
2383 3644 2666 3697 veritatem
2749 3642 2981 3695 abierat.
3031 3639 3188 3693 Tunc
3260 3637 3402 3692 scire
3450 3650 3557 3689 non

1990 3748 2309 3810 poteramus
2387 3737 2513 3806 quid
2579 3735 2793 3789 tandem
2857 3747 2965 3786 non
3031 3731 3378 3800 suspicentur
3447 3743 3562 3779 ma-

1989 3844 2093 3900 gna
2130 3830 2494 3883 tintinnabula
2526 3842 2650 3897 qua:
2699 3834 2827 3879 sunt
2873 3838 3036 3889 supra
3094 3820 3352 3890 templqu
3386 3817 3565 3889 Myro-

1991 3919 2154 3990 blytae
2181 3920 2248 3974 ad
2283 3918 2515 3973 oilicium
2553 3917 2797 3971 divinum
2831 3913 3099 3977 vocantia,
3135 3912 3230 3966 sed
3276 3925 3417 3980 aegre
3467 3908 3561 3962 l'e-

1991 4020 2124 4063 runt
2176 4008 2382 4077 lignum
2433 4007 2577 4076 quod
2626 4008 2680 4058 in
2744 4003 3025 4071 metropoli
3086 4000 3292 4052 indit-at
3346 4012 3559 4053 sacram

1992 4099 2284 4171 synaxim?
2335 4099 2775 4165 Excogitavimus
2826 4104 3035 4155 autem,
3072 4092 3215 4160 quod
3264 4098 3388 4145 erat
3421 4088 3561 4143 veri-

1993 4190 2196 4252 simile,
2233 4205 2341 4243 non
2368 4190 2641 4258 quoslibet
2674 4187 2891 4239 Latinos
2945 4184 3076 4238 illud
3105 4182 3436 4252 improbare,
3465 4182 3561 4233 sed

1999 4281 2263 4348 quosdam
2310 4296 2376 4335 ex
2428 4278 2889 4349 Megalopolitanis
2932 4292 2949 4333 :
3002 4274 3102 4338 illi,
3145 4272 3236 4342 qui
3278 4269 3565 4325 adfuerant

1997 4369 2140 4423 bello
2167 4382 2327 4423 sacro
2355 4369 2422 4423 de
2441 4383 2550 4438 quo
2573 4369 2745 4435 primo
2771 4366 2831 4420 ﬁt
2857 4368 3058 4419 mentio
3089 4363 3141 4416 in
3161 4362 3410 4426 historia,
3434 4374 3559 4414 cum

1997 4460 2321 4515 didicissent
2372 4461 2424 4514 in
2452 4474 2648 4528 magno
2691 4461 2893 4527 templo
2915 4457 3055 4526 ligna
3084 4464 3199 4508 tum
3247 4465 3369 4506 esse
3413 4464 3566 4505 resoo

322 4556 557 4626 θειμένῳ
579 4557 659 4616 είς
682 4553 945 4622 ἱστορίαν,
965 4554 1057 4602 καὶ⁵
1075 4549 1344 4618 μαθόντες
1372 4549 1428 4597 ὲν
1448 4543 1525 4615 τῷ
1546 4541 1766 4612 μεγάλῳ
1781 4539 1886 4610 ναῷ

1998 4551 2210 4613 nantia,
2250 4556 2508 4617 putarunt
2542 4546 2633 4601 illa
2689 4547 3065 4601 Andronicum
3090 4542 3369 4610 appellare
3408 4538 3562 4591 velut

321 4666 437 4702 τοτε
468 4649 610 4715 ξύλα
636 4644 862 4700 τοιαῦτα
893 4642 1347 4714 κροταλιζόμενα,
1371 4637 1468 4690 καὶ
1496 4637 1587 4687 τὸν
1631 4633 1895 4702 Ἀνδρόνι-

324 4756 414 4795 κον
444 4738 895 4811 προκαλούμενοι,
942 4735 1018 4797 ὡς
1070 4735 1149 4795 εἰς
1191 4729 1507 4799 ἐπικουρίαν
1538 4727 1646 4780 τῶν
1677 4728 1772 4797 τῆς
1806 4727 1898 4777 ὲκ-

321 4831 576 4901 κλησίας,
608 4829 870 4900 ᾠήθησαν
900 4823 1178 4879 κάνταῦθα
1199 4821 1346 4892 ἡμᾶς
1370 4816 1611 4873 τοιοῦτόν
1639 4833 1691 4869 τι
1721 4829 1899 4885 μηχαο

323 4921 537 4977 νᾰσθαι.

394 5018 535 5083 ρκγθ.
572 5010 688 5066 Καὶ
722 5006 948 5063 τοιαῦτα
984 5006 1084 5078 μὲν
1114 5005 1250 5075 ἡμῖν
1274 5002 1343 5057 τὰ
1362 5001 1602 5072 ήμερινὰ
1638 4999 1806 5064 κακὰ,
1840 4997 1899 5064 ἐξ

325 5103 571 5174 ἀπείρων
605 5103 803 5172 μέτρια
840 5098 1234 5167 καθιστορησαι
1258 5114 1274 5128 ο
1322 5098 1391 5149 τὰ
1416 5093 1476 5146 δέ
1517 5092 1626 5145 τῶν
1664 5090 1897 5158 νυκτῶν,

325 5193 432 5245 οὐδ’
462 5192 834 5261 αὐτα.ἒχουσι
867 5189 944 5259 μὴ
970 5189 1033 5240 οὐ
1068 5188 1205 5258 πρὸς
1227 5185 1344 5256 ἔριν
1380 5183 1593 5247 τούτοις
1636 5182 1901 5246 ἀντεπεξά-

329 5278 584 5345 ἁγεσθαι.
616 5280 728 5332 Καὶ
746 5281 883 5339 τέως
912 5276 1065 5346 ήλίου
1096 5274 1587 5336 κατακυλισθέντος
1620 5273 1701 5334 είς
1725 5270 1899 5333 δύσιν,

327 5373 495 5440 ἐχρῆν
543 5373 643 5423 τὸν
672 5368 973 5439 φρονοῦντα
1030 5367 1140 5421 ἐσω
1180 5365 1422 5432 καλύϐης
1470 5360 1635 5427 εἶναι,
1683 5361 1901 5433 μοχλοῖς

327 5464 422 5525 τὰς
449 5460 628 5532 θύρας
655 5459 1097 5529 άοφαλισάμενον
1116 5470 1132 5488 ⁶
1155 5455 1252 5521 ὡς,
1275 5456 1327 5507 εἴ
1346 5470 1408 5523 γε
1437 5458 1512 5523 μή
1539 5451 1680 5505 οὕτω
1702 5451 1895 5515 ἐποίει,

2002 4641 2054 4694 in
2076 4639 2335 4693 auxilium
2361 4654 2550 4693 eorum
2569 4638 2661 4707 qui
2684 4636 2910 4691 erantin
2938 4633 3194 4697 ecclesia,
3219 4630 3567 4700 ideoqueuos

2000 4733 2206 4803 aliquid
2245 4730 2562 4803 huiusmodi
2589 4727 2913 4783 machinari.

2072 4996 2198 5052 ηδ.
2232 4997 2358 5050 Haec
2407 5005 2532 5049 sunt
2577 4992 2718 5046 mala
2747 4991 2967 5055 diurna,
3023 4989 3089 5045 ad
3115 4988 3399 5045 historiam
3454 5005 3570 5047 mo-

2001 5092 2124 5147 dica
2167 5090 2278 5161 jam
2315 5087 2561 5144 toleratis
2598 5091 2943 5154 comparata,
2993 5094 3260 5138 nocturna
3301 5098 3432 5138 vero
3459 5098 3570 5138 nor.

2001 5179 2390 5250 comparanda.
2420 5176 2610 5232 Statim
2645 5182 2704 5228 ut
2737 5173 2817 5228 sol
2838 5170 3116 5227 occiderat
3143 5172 3307 5226 homo
3330 5170 3572 5241 prudens

2002 5274 2152 5329 domi
2196 5285 2257 5326 se
2306 5268 2588 5323 includere
2633 5265 2885 5329 debebat,
2934 5264 3075 5318 iores
3117 5263 3352 5333 pessulis
3384 5263 3574 5318 occlu-

2003 5365 2169 5430 dens;
2217 5362 2320 5415 nisi
2351 5361 2424 5414 ita
2458 5358 2659 5413 factum
2706 5357 2890 5419 fuerit,
2925 5356 3143 5409 nemine
3179 5356 3329 5407 illum
3360 5356 3570 5410 salvum

2003 5456 2120 5510 fore
2145 5454 2417 5524 spondere
2451 5451 2672 5505 valenti.
2707 5448 2813 5505 Sed
2847 5464 2970 5502 cum
2992 5485 3007 5509 ,
3032 5448 3158 5500 licet
3201 5446 3350 5500 domi
3397 5446 3575 5500 inelu-

328 5555 499 5615 ούόεὶς
530 5553 602 5607 ἂν
636 5551 840 5620 ἐγγύην
869 5548 1042 5601 ἐδίδου
1069 5543 1547 5617 περισωυήσεσθαι
1569 5543 1660 5596 τὸν
1693 5543 1886 5610 ἀνθρω-

2002 5562 2119 5611 sus,
2144 5546 2200 5598 in
2245 5543 2483 5598 tenebris
2507 5557 2613 5595 non
2643 5549 2811 5602 esset,
2842 5540 2936 5594 sed
2968 5540 3092 5604 igne
3121 5536 3281 5590 solito
3303 5535 3387 5590 vel
3409 5536 3573 5589 lumi-

332 5658 449 5698 πον.
492 5642 641 5696 Ἀλλ’
692 5643 781 5696 ὅτε
835 5640 934 5693 καὶ
985 5637 1107 5692 κατ’
1142 5634 1290 5691 οἶκον
1345 5633 1593 5707 κρυὸεις,
1644 5634 1745 5686 οὐκ
1789 5634 1886 5702 ἔχοι

2003 5653 2073 5692 ne
2098 5635 2499 5690 illuminaretur
2528 5632 2748 5693 domus,
2775 5630 2878 5683 hoc
2901 5638 3020 5683 erat
3055 5627 3201 5681 aliud
3244 5625 3569 5694 periculum.

337 5734 550 5802 cidem,
580 5734 718 5789 ἀλλὰ
755 5734 895 5805 πυρὶ
940 5731 1354 5801 καταλάμποιτο
1400 5726 1683 5797 ὑπουργῷ,
1716 5725 1760 5797 ἢ
1806 5727 1886 5778 καῖ

2004 5721 2514 5794 supervenientibus
2571 5718 2880 5779 Saracenis.
2923 5730 2989 5771 ac
3042 5716 3085 5770 si
3150 5712 3242 5781 qui
3294 5711 3440 5765 sicut
3492 5709 3569 5761 illi

336 5827 493 5893 φωτὶ,
527 5826 717 5896 ἐτερος
741 5803 901 5877 τοῦτο
931 5822 1197 5886 κίνδυνος,
1236 5817 1554 5889 περιιόντων
1584 5816 1693 5871 τῶν
1720 5814 1886 5887 Σαρα·

2004 5815 2200 5874 neiarii
2230 5814 2478 5869 homines
2510 5810 2623 5883 (illi
2647 5824 2775 5865 vero
2807 5816 2933 5863 sunt
2960 5806 3153 5876 multi)
3179 5847 3193 5873 ,
3229 5803 3570 5868 interrogan-
