4084 6488
437 376 541 442 123

1201 371 1625 436 EUSTATHII
1657 373 2412 440 THESSALONiCENSlS
2444 374 3012 440 METRUPOLITE

3587 379 3692 445 194

434 496 694 562 tibnsquc
725 511 740 552 :
771 491 908 558 Quid
947 490 1057 562 agit
1102 491 1354 545 dominus
1383 491 1528 559 quod
1578 504 1686 544 non
1717 503 1775 544 se
1823 504 2018 545 somno

2125 495 2325 562 κηνῶν,
2355 494 2450 548 καὶ
2480 481 2543 546 εἷ’
2559 510 2702 556 τινες
2729 492 2784 546 δὲ
2815 491 2964 547 ἄλλοι
3000 490 3121 546 κατ’
3157 491 3354 557 αὐτοὺς
3387 494 3691 567 κακοῦργοι

435 586 682 640 tradat?
741 583 1039 652 fractisque
1113 583 1330 652 portis,
1388 583 1534 636 intus
1597 589 1882 651 penetrant
1935 579 2014 633 fa-

436 681 701 746 ciuntque
733 677 873 746 quod
927 677 1059 745 ipsis
1091 675 1344 728 lnbueril.
1368 673 1665 728 Dicendum
1698 689 1826 727 vero
1857 674 2015 729 nobis

436 779 521 825 est
542 786 648 823 non
668 770 800 824 istos
825 769 970 823 solos
993 783 1110 821 esse
1136 768 1226 835 qui
1251 767 1388 820 male
1416 774 1812 831 tractarentur,
1836 767 2016 835 splen-

439 864 573 918 dore
619 864 760 930 ignis
808 872 900 914 aut
937 860 1160 914 luminis
1199 858 1446 923 favente;
1485 859 1578 913 sed
1609 869 1766 913 erant
1797 875 2016 929 quoque

438 957 558 1011 sine
593 957 715 1023 igne
763 962 816 1008 et
855 955 979 1007 sine
1025 953 1252 1006 lumine.
1283 951 1510 1006 Nemine
1566 961 1704 1007 teste
1762 953 1907 1006 enim
1961 955 2014 1007 hi

439 1049 630 1103 nefarii
685 1055 1069 1117 penetrantes,
1135 1053 1296 1099 nocte
1330 1047 1486 1113 quasi
1545 1044 1742 1099 inferni
1783 1046 2014 1112 favente,

435 1139 728 1208 galeroque
767 1137 1093 1190 obvolvente
1127 1135 1379 1204 protecti,
1457 1136 1721 1190 mulieres
1775 1135 2015 1190 abduce-

434 1231 567 1286 bant
628 1245 657 1282 a
714 1229 882 1283 latere
947 1228 1310 1291 maritorum,
1375 1227 1609 1295 ligamen
1679 1227 2013 1282 matrimonii

431 1320 674 1374 violento
732 1327 888 1397 raptu
947 1318 1090 1372 ﬁnde
1146 1316 1537 1386 profanantes;
1581 1333 1745 1387 quam
1801 1319 2016 1374 lucente

431 1413 550 1468 sole
610 1411 1140 1473 consideraverant,
1201 1409 1487 1479 rapiebant
1552 1420 1748 1475 nocte,
1809 1412 2015 1481 puellas

430 1520 652 1575 quoque
708 1519 736 1556 a
794 1503 1094 1566 matribus,
1151 1503 1393 1556 nondum
1451 1507 1659 1565 factas,
1705 1513 1763 1557 ut
1817 1505 2011 1570 aiunt,

428 1595 859 1666 supplicationes
914 1603 1144 1648 matrum
1209 1609 1304 1663 pro
1360 1593 1532 1649 nihilo
1609 1595 1891 1651 habentes.
1957 1597 2012 1652 Si

435 1689 581 1744 bona
611 1695 885 1756 raperent,
919 1688 1074 1753 quasi
1111 1690 1487 1756 eleemosynas
1515 1686 1806 1755 quasdam,
1831 1689 2015 1758 quasi-

431 1795 541 1850 que
590 1779 791 1832 tnalum
849 1776 1041 1830 divites
1089 1793 1253 1846 opum
1294 1781 1610 1832 censebant.
1671 1778 1833 1832 Erant
1885 1794 2013 1832 vero

431 1847 526 1941 qm
575 1871 627 1923 in
670 1869 924 1923 domibus
982 1867 1096 1922 suis
1137 1867 1542 1937 jugularcntur,
1578 1868 1779 1920 malum
1833 1871 2002 1937 impn-
2044 1847 2086 1906 Β

433 1964 612 2018 nitum
674 1962 900 2014 absente
964 1961 1079 2013 sole
1135 1959 1429 2029 patientes.
1499 1958 1658 2013 Ratio
1711 1967 1828 2014 erat
1858 1959 2011 2013 furor

431 2066 832 2110 nocturnorum
892 2051 1158 2106 furtorum
1224 2067 1288 2106 ac
1351 2052 1586 2123 gemitus
1659 2053 2008 2105 miserorum.

433 2147 538 2212 Qui
567 2162 632 2201 ex
676 2145 933 2201 Barbaris
981 2146 1302 2200 urbaniores
1338 2155 1497 2199 erant
1530 2159 1593 2199 ac
1642 2144 1824 2210 faceti,
1859 2157 2013 2197 ama-

435 2240 570 2294 bant
619 2242 673 2292 in
727 2246 914 2308 portas
965 2239 1201 2304 irruere,
1235 2237 1401 2308 virgis
1449 2236 1724 2305 frangere,
1773 2235 2012 2289 avellere

439 2330 771 2400 anferreque
830 2328 883 2383 in
925 2327 1191 2394 derisum,
1236 2328 1324 2382 vel
1376 2327 1557 2380 adhuc
1599 2325 1854 2380 dominos
1894 2323 2000 2378 loci

435 2439 630 2479 somno
653 2422 911 2492 privare.‘

2120 586 2328 657 (πολλοὶ
2364 586 2422 640 δὲ
2453 587 2502 639 oi
2536 586 2811 656 τοιοῦτοι),
2845 588 2952 640 καῖ’
2979 587 3402 658 ἀνακρινόντων,
3435 589 3488 641 τί
3516 590 3689 647 ποιῶν

2115 682 2143 733 ὁ
2174 680 2561 750 οἰκοδεσπότης
2589 681 2666 742 εἰς
2714 678 2881 732 ὕπνον
2907 678 2968 730 οὐ
3000 679 3423 746 κατακέκλιται;
3461 681 3556 734 καὶ
3587 699 3691 736 κα-

2115 769 2437 823 τακλώντων
2485 771 2585 832 τὰς
2630 769 2823 839 θύρας,
2855 771 2950 823 καὶ
2986 770 3371 840 είσπηδώντων
3417 771 3545 837 ἔσω,
3595 774 3693 827 καὶ

2115 861 2386 932 δρώντων,
2423 863 2520 913 ὅσα
2552 861 2616 914 ἂν
2647 861 2743 914 καὶ
2767 857 2876 914 εἷεν
2907 861 3251 932 βουλομένοις
3292 863 3496 924 αὐτοῖς.
3524 864 3690 934 Ἔχο-

2119 968 2220 1018 μεν
2249 951 2292 1004 δ’
2326 953 2498 1006 εἰπεῖν
2536 953 2630 1006 καὶ
2659 952 2735 1015 ὡς
2766 953 2863 1023 οὐχ
2893 948 3039 1008 οὗτοι
3074 955 3224 1024 μόνοι
3266 955 3563 1008 ἐκακοῦντο
3600 956 3691 1010 διὰ

2116 1042 2412 1109 πρόφασιν,
2448 1041 2508 1095 τὸ
2540 1042 2651 1112 πῦρ
2682 1045 2779 1096 καὶ
2805 1044 2865 1096 τὸ
2890 1045 3024 1112 φῶς,
3051 1044 3186 1098 ἀλλὰ
3223 1047 3318 1098 καὶ
3357 1047 3407 1098 οἱ
3445 1044 3694 1114 ἀνεμπό-

2119 1147 2300 1200 ρευτοι
2358 1131 2451 1184 καὶ
2505 1130 2822 1200 ἀφώτιστοι.
2897 1132 3284 1202 Ἀνεξέλεγκτα
3345 1135 3454 1205 γὰρ
3504 1136 3695 1188 ἐπεισ-

2118 1223 2378 1291 φροῦντες
2426 1226 2474 1277 οἱ
2521 1226 2699 1289 κακοὶ,
2761 1227 2852 1281 καὶ
2884 1226 2981 1297 τὴν
3031 1227 3202 1280 νύκτα
3236 1227 3368 1280 ὡσεὶ
3423 1228 3514 1282 καὶ
3558 1229 3690 1301 ᾅδου

2117 1303 2317 1384 κυνέην
2353 1317 2431 1378 είς
2464 1315 2758 1388 ἐπίκρυψιν
2804 1317 3276 1388 ἀμφιϐεϐλημένοι
3327 1321 3594 1387 γυναῖκάς
3626 1338 3690 1373 τε

2115 1407 2329 1476 ἀπῆγον
2361 1408 2469 1460 τῶν
2510 1410 2798 1476 συνεύνων,
2845 1411 3098 1480 ἀφιέντες
3135 1412 3227 1466 τὸν
3251 1411 3345 1465 τοῦ
3384 1413 3563 1482 γάμου
3596 1413 3694 1476 ζυ-

2115 1499 2211 1567 γὸν
2243 1501 2560 1570 ἑτεροκλινῆ
2591 1507 2659 1574 τῇ
2694 1503 2914 1574 ἁρπαγῇ
2949 1503 3049 1573 τῆς
3094 1505 3380 1574 δυνάμεως
3405 1522 3418 1536 ·
3466 1505 3532 1577 ἣν
3582 1505 3694 1558 ὑπὸ

2116 1591 2250 1662 ἡλίῳ
2280 1592 2669 1661 διευκρινοῦντι
2707 1595 3235 1663 κατασκεπτόμενοι,
3271 1595 3466 1658 νυκτὸς
3511 1595 3694 1664 ἀφήρ-

2117 1685 2318 1748 παζον·
2352 1686 2448 1738 καὶ
2468 1686 2709 1747 νεάνιδας
2743 1686 2851 1738 τῶν
2884 1688 3242 1758 γειναμένων,
3279 1685 3513 1750 ἀτελεῖς,
3543 1685 3693 1741 καθά

2116 1792 2197 1838 τις
2222 1776 2348 1844 ἔφη,
2379 1776 2476 1838 τὰς
2510 1779 2618 1830 τῶν
2647 1778 2914 1834 τεκόντων
2947 1780 3033 1832 ἐπ’
3065 1781 3256 1842 αὐταῖς
3278 1779 3444 1849 εὐχὰς
3466 1778 3694 1850 τιθέμε-

2117 1885 2216 1923 νοι.
2252 1867 2311 1920 Εἰ
2339 1867 2396 1920 δὲ
2429 1869 2522 1922 καὶ
2546 1871 2807 1940 χρήματα
2837 1872 3169 1941 συναπῆγον,
3199 1871 3298 1924 ὅσα
3330 1871 3422 1924 καὶ
3454 1871 3690 1940 προῖκάς

2116 1977 2289 2023 τινας,
2341 1961 2403 2013 ἐκ
2447 1963 2767 2030 περιουσίας
2797 1963 2948 2015 τουτὶ
2998 1963 3058 2015 τὸ
3112 1962 3302 2016 κακόν.
3344 1957 3524 2016 Ἦσαν
3551 1962 3608 2015 δὲ
3639 1959 3696 2016 οἳ

2118 2051 2210 2104 καὶ
2260 2051 2590 2118 ἐσφάττοντο
2641 2054 2734 2106 ἐπὶ
2784 2053 2893 2107 τῶν
2945 2054 3131 2106 οἰκιῶν
3177 2052 3514 2122 τηνικαῦτα,
3555 2053 3695 2124 ἡλίῳ

2117 2144 2435 2214 ἀμάρτυρον
2467 2144 2635 2197 κακὸν
2660 2145 2983 2217 πάσχοντες.
3015 2147 3126 2201 Καὶ
3155 2146 3213 2198 τὸ
3243 2147 3418 2199 αἴτιον
3445 2145 3477 2215 ἢ
3504 2162 3697 2200 νυκτι-

2117 2234 2268 2304 λόχος
2303 2234 2490 2305 μανία,
2514 2235 2545 2305 ἢ
2580 2236 2660 2288 ὄξι
2686 2236 2917 2301 ἐξεϐόων
2945 2239 2993 2291 oi
3019 2239 3511 2308 κακουργούμενοι.
3540 2237 3700 2290 Ὅσοι

2121 2325 2178 2378 δὲ
2215 2325 2324 2380 τῶν
2378 2325 2670 2398 βαρϐάρων
2721 2328 3118 2398 ἐπιεικέστεροι
3153 2330 3248 2382 καὶ
3299 2329 3698 2398 παιγνήμονες,

2124 2413 2270 2471 οῦτοι
2328 2418 2383 2471 δὲ
2440 2419 2552 2472 ἀλλ’
2613 2420 2845 2490 ἠγάπων
2915 2419 3109 2490 θύραις
3169 2420 3546 2490 ἐναλλόμενοι,
3597 2437 3700 2492 καὶ

438 2519 739 2580 κόπτοντες
778 2515 996 2586 ῥάϐδοις
1036 2512 1228 2578 αὑτάς,
1267 2514 1362 2566 καὶ
1391 2512 1424 2584 ἦ
1458 2511 1777 2584 ῥιπτοῦντες
1811 2512 1906 2565 καὶ
1939 2511 2016 2574 είς
2056 2512 2254 2583 φόρτον
2281 2514 2526 2582 ἄγοντες,
2559 2514 2592 2585 ἢ
2622 2514 2756 2568 ἀλλά
2786 2515 2915 2583 γοῦν
2943 2516 3068 2580 τοὺς
3091 2515 3314 2585 κυρίους
3370 2513 3464 2567 τοῦ
3527 2513 3698 2566 τόπου

437 2611 876 2682 ἀποστεροῦντες
907 2608 1000 2662 τοῦ
1033 2608 1256 2663 ὑπνοῦν.

512 2706 642 2762 124.
673 2707 802 2760 Haec
835 2704 1090 2775 equidem
1115 2712 1168 2758 et
1199 2704 1304 2757 alia
1340 2685 1494 2774 plura
1531 2703 1622 2760 his
1654 2720 1719 2759 ac
1751 2703 2019 2774 imprimis

444 2799 691 2861 nuditas,
725 2797 896 2851 fames
929 2795 1132 2850 multos
1154 2796 1496 2865 captivorum
1542 2797 1828 2850 turbantes
1871 2812 2019 2849 com-

445 2900 843 2961 moventcsque
876 2891 1089 2944 animas
1121 2905 1293 2959 usque
1328 2891 1394 2944 ad
1430 2900 1698 2951 mortem,
1731 2905 1796 2945 ex
1826 2903 2018 2943 ncces-

442 2987 604 3043 sitate
635 2998 730 3038 eas
764 2982 1099 3051 impulerunt
1130 2981 1281 3052 (quid
1309 2984 1454 3037 enim
1483 2983 1630 3036 aliud
1654 2982 1833 3037 adhuc
1858 2995 2020 3036 exco-

442 3080 711 3149 gitassent
726 3076 769 3144 ?)
801 3075 868 3128 ad
897 3073 1002 3128 sibi
1029 3075 1287 3129 omnibus
1305 3075 1612 3129 rationibus
1637 3073 1862 3128 Latinos
1890 3088 2020 3128 con-

447 3171 741 3234 ciliandos,
774 3167 1179 3238 pra-veniendo,
1206 3166 1506 3231 adulando,
1532 3165 1887 3230 blandiendo,
1922 3166 2018 3221 ob—

447 3263 765 3334 sequendo,
817 3260 1137 3327 serviendo,
1190 3259 1372 3313 omnia
1420 3259 1653 3328 denique
1701 3258 1910 3328 agendo
1961 3267 2020 3311 ut

443 3351 630 3408 vivere
650 3356 873 3420 possent
904 3363 967 3403 ac
995 3349 1206 3418 ahsque
1233 3349 1429 3404 timore
1458 3357 1663 3404 essent.
1694 3347 1801 3402 Sed
1825 3348 2022 3403 deinde

443 3453 571 3500 sunt
592 3445 684 3514 qui
719 3443 874 3497 inviti
899 3443 954 3496 in
978 3456 1077 3497 sua
1111 3449 1259 3496 recte
1284 3441 1634 3496 festinatione
1656 3440 2018 3496 offenderunt.

444 3535 631 3592 Insani
657 3533 800 3588 enim
821 3531 1202 3602 intempestive
1227 3531 1393 3585 locuti
1421 3539 1579 3594 sunt,
1604 3530 1786 3584 abdita
1806 3530 2026 3583 thesau-

443 3643 632 3684 rorum
675 3624 1078 3696 patefecerunt,
1113 3634 1412 3693 rapuerunt
1447 3638 1512 3677 ac
1551 3623 2023 3690 despoliaverunt.

443 3717 725 3774 Persecuti
757 3725 889 3771 sunt
938 3714 1233 3784 fugientes,
1270 3713 1477 3768 multos
1517 3712 1767 3782 ejusdem
1802 3712 2025 3782 sangui-

445 3809 558 3872 nis,
609 3805 912 3875 capicndos
946 3805 1306 3859 venatoribus
1345 3803 1508 3858 malis
1555 3804 1922 3870 tradiderunt,
1968 3805 2025 3860 in

450 3899 751 3966 multisque
796 3897 921 3949 aliis
971 3903 1361 3965 peccaverunt,
1414 3911 1524 3949 non
1581 3904 1778 3966 sponte
1818 3912 1918 3950 sua
1969 3898 2024 3951 in

447 3989 706 4045 omnibus
735 3997 979 4056 agentes,
1015 3989 1110 4041 sed
1141 3995 1198 4040 ut
1231 4001 1355 4040 cum
1391 3988 1553 4058 vulgo
1586 3989 1893 4058 loquamur,
1917 3989 2026 4044 vel-

446 4085 560 4141 lent
589 4085 814 4138 nollent.

527 4175 650 4232 125.
679 4175 803 4230 llaec
837 4185 970 4230 sunt
997 4175 1184 4246 gravia
1211 4174 1432 4244 quidem
1466 4181 1630 4244 atque
1661 4173 1727 4227 ad
1754 4172 2025 4243 pudorem

452 4279 703 4323 nostrum
734 4269 1040 4337 spectantia
1078 4282 1200 4337 quae
1221 4267 1517 4321 connnissa
1557 4274 1688 4320 sunt
1714 4266 1769 4318 in
1802 4263 2026 4334 propria

450 4369 616 4430 gente
651 4359 895 4429 (quidam
924 4360 1069 4414 enim
1100 4373 1165 4414 eo
1185 4358 1536 4414 descendisse
1564 4357 2020 4426 convincuntur),

452 4467 522 4505 ne
563 4466 658 4520 per
692 4451 837 4504 labia
871 4465 968 4504 sua
1004 4449 1312 4504 meminerit
1343 4451 1507 4504 Deus.
1562 4447 1693 4504 Inde
1744 4448 2027 4502 matrimo-

2197 2701 2332 2772 ρκδ¹.
2365 2701 2550 2754 Ταῦτα
2577 2702 2640 2773 δὴ
2673 2704 2766 2757 καὶ
2804 2701 3009 2757 τούτων
3040 2704 3202 2774 ἕτερα
3232 2703 3425 2768 πλείω,
3460 2705 3555 2758 καὶ
3587 2705 3700 2773 μά.

2119 2801 2278 2853 λιστα
2312 2797 2372 2851 τὸ
2392 2795 2760 2866 γυμνιτεύειν,
2801 2799 2892 2849 καὶ
2919 2797 2947 2848 ὁ
2985 2797 3141 2866 λιμὸς
3179 2798 3307 2860 τοὺς
3335 2798 3562 2862 πολλοὺς
3582 2800 3698 2854 τῶν

2120 2890 2505 2962 αἰχμαλώτων,
2545 2888 2809 2960 θροοῦντα
2856 2890 2951 2943 καὶ
2999 2890 3424 2960 διαταράττοντα
3461 2891 3565 2955 ἕως
3597 2891 3703 2945 καὶ

2119 2987 2200 3047 είς
2235 2983 2464 3036 θάνατον
2493 2984 2592 3044 τὰς
2639 2981 2815 3051 ψυχὰς
2845 2981 3107 3050 ἠρέθισαν
3141 2983 3262 3035 κατ’
3291 2983 3542 3053 ἀνάγκην
3575 2983 3701 3052 (καὶ

2118 3076 2171 3129 τί
2196 3078 2304 3144 γὰρ
2345 3075 2474 3130 ἄλλο
2505 3074 2926 3144 ἐμηχανήσαντο
2982 3073 3110 3142 άν;)
3168 3075 3522 3128 ὑπαικάλλειν
3567 3075 3701 3138 τοὺς

2122 3167 2404 3230 Λατίνους,
2434 3163 2776 3233 ὑποτρέχειν,
2806 3162 3146 3229 κολακεύειν,
3173 3163 3432 3230 θώπτειν,
3466 3162 3698 3230 σαίνειν,

2123 3256 2415 3319 δουλεύειν,
2454 3255 2629 3308 πάντα
2658 3255 2851 3320 ποιεῖν,
2881 3252 2939 3320 ἐξ
2967 3247 3041 3312 ὧν
3073 3254 3138 3308 ἂν
3186 3255 3278 3308 καὶ
3309 3253 3562 3325 ζήσαιεν,
3599 3257 3704 3310 καὶ

2126 3349 2262 3422 μηδὲ
2301 3349 2464 3418 φόϐον
2499 3347 2693 3416 ἔχοιεν.
2733 3347 3044 3401 Κάντεῦθεν
3088 3348 3224 3400 εἰσὶν
3254 3347 3303 3400 οἳ
3349 3347 3703 3418 προσέκοψαν

2125 3445 2206 3506 είς
2248 3443 2340 3496 τὸν
2366 3440 2523 3510 ὀρθὸν
2555 3441 2758 3511 δρόμον
2789 3440 3037 3503 ἄκοντες.
3075 3441 3138 3493 Oi
3178 3443 3287 3510 γάρ
3319 3437 3395 3510 μὴ
3425 3438 3705 3510 ἔμφρονες

2126 3535 2218 3588 καὶ
2249 3534 2650 3601 κατελάλησαν,
2679 3533 2773 3586 καὶ
2814 3532 3106 3602 θησαυρῶν
3143 3533 3532 3603 κατεμήνυσαν
3559 3535 3703 3603 κρύη

2125 3627 2267 3696 ψεις,
2301 3629 2397 3681 καὶ
2433 3627 2712 3696 ἥρπασαν,
2752 3627 2846 3678 καὶ
2870 3625 3164 3694 ἐσύλησαν.
3215 3624 3604 3697 ’ἰχνηλάτησαν
3641 3625 3705 3678 δὲ

2125 3721 2220 3770 καὶ
2248 3716 2516 3785 φυγάδας,
2544 3715 2638 3769 τοῦ
2674 3714 2840 3770 αὐτοῦ
2888 3715 3120 3784 αἵματος
3159 3716 3284 3778 τοὺς
3316 3715 3564 3784 πολλοὺς,
3599 3716 3704 3772 καὶ

2125 3807 2398 3878 ἀγρεῦσαι
2428 3810 2542 3870 τοῖς
2573 3809 2763 3870 κακοῖς
2794 3806 3058 3878 θηραταῖς
3090 3807 3376 3874 δεδώκασι,
3403 3809 3497 3864 καὶ
3523 3808 3701 3863 πολλὰ

2125 3900 2289 3970 ἕτερα
2329 3897 2662 3969 ἐξήμαρτον,
2698 3898 2815 3952 οὔτι
2866 3900 3082 3962 ἑκόντες
3111 3899 3169 3962 ἐς
3211 3916 3274 3968 γε
3304 3901 3364 3953 τὸ
3393 3901 3524 3968 πᾶν,
3575 3899 3702 3957 ἀλλ’

2125 3993 2302 4046 εἰπεῖν
2335 3991 2619 4061 καθωμιλη
2629 3993 2826 4058 μένως,
2855 3989 3315 4048 έκουσιακούσιοι.

2201 4179 2332 4245 ρκε’.
2377 4173 2500 4227 Τῶν
2527 4171 2584 4226 δέ
2613 4188 2678 4240 γε
2727 4171 2822 4226 καὶ
2857 4169 3073 4242 μεγάλα
3112 4170 3207 4223 καὶ
3254 4169 3391 4241 πρὸς
3421 4170 3702 4225 ἀναίδειαν

2127 4266 2569 4338 κατενεχθέντων
2605 4264 2697 4318 τοῦ
2751 4262 3040 4334 φυλετικοῦ
3079 4267 3269 4331 γένους
3312 4261 3707 4332 (κατηγοροῦν-

2127 4376 2218 4413 ται
2263 4357 2372 4429 γὰρ
2423 4356 2518 4409 καὶ
2563 4353 2799 4408 τοιοῦτοι
2847 4352 3074 4423 ἐκϐῆναί
3108 4351 3274 4422 τινες)
3309 4353 3518 4422 μήποτε
3568 4365 3709 4422 μνη-

2132 4447 2287 4516 σθείη
2315 4446 2402 4499 διὰ
2435 4445 2658 4514 χειλέων
2689 4442 2853 4498 αὑτοῦ
2879 4445 2908 4495 ό
2937 4443 3159 4512 Κύριος.
3209 4440 3491 4496 Ἐντεῦθεν
3519 4441 3568 4493 οἱ
3599 4441 3706 4493 αὑ-

451 4544 544 4598 nia
590 4557 700 4597 non
740 4541 1006 4611 legitima,
1044 4541 1168 4596 inde
1217 4541 1476 4598 mulieres
1525 4553 1847 4598 recusantes
1887 4555 2022 4610 quos

2131 4541 2346 4609 τόνομοι
2410 4540 2614 4608 γάμοι·
2684 4537 2934 4591 ἐντεῦθεν
2995 4535 3274 4604 γυναικῶν
3361 4533 3708 4604 ἀπαρνήσεις

452 4634 602 4688 viros
637 4633 724 4687 lex
771 4632 947 4696 novit,
1005 4641 1119 4686 tum
1175 4633 1451 4702 virginum
1501 4633 1906 4699 deflorationes,
1960 4633 2028 4688 de

454 4724 656 4791 quibus
675 4724 842 4778 duces
864 4726 1060 4794 partim
1085 4737 1196 4778 non
1231 4722 1456 4777 fuerunt
1486 4723 1664 4789 liberi,
1689 4726 1884 4792 partim
1907 4724 2027 4780 illas

454 4815 821 4880 dimiserunt;
875 4824 986 4868 tum
1019 4815 1160 4880 ,loca
1212 4814 1665 4880 fornicationum,
1719 4815 1785 4870 de
1829 4816 2028 4886 quibus

457 4909 625 4962 multa
679 4906 945 4959 audenter
987 4904 1227 4971 locutus,
1267 4905 1480 4959 nullum
1509 4905 1744 4960 fructum
1789 4905 2027 4975 percepi,

461 5015 570 5054 non
601 4999 790 5052 valens
820 5007 1066 5052 avertere
1094 5012 1218 5066 quae
1250 5007 1532 5066 peccatum
1569 4998 1928 5063 admiserant,
1966 5011 2032 5051 eo

461 5091 605 5158 quod
659 5089 819 5144 dulce
851 5103 1099 5143 amarum
1147 5089 1258 5158 jam
1294 5091 1686 5159 gustavissent,
1735 5088 2031 5158 aliquando

463 5184 754 5238 adversum
787 5195 893 5242 me,
925 5189 984 5234 ut
1006 5195 1222 5250 gravem
1249 5181 1315 5234 ad
1352 5181 1665 5248 videndum,
1693 5181 2033 5236 succlaman-

465 5284 547 5330 tes
580 5292 600 5325 ι
641 5287 832 5328 canem
864 5272 1166 5328 abortivum
1192 5281 1463 5339 gustasse.
1509 5290 1528 5324 ι

536 5451 663 5505 126.
715 5450 957 5519 Denique
992 5449 1092 5506 soli
1125 5458 1305 5504 motus
1348 5460 1402 5504 et
1444 5449 1656 5505 fissura:
1702 5451 1898 5520 quibus
1940 5450 2036 5506 do-

466 5559 588 5599 mus
611 5558 803 5597 omnes
825 5543 1040 5598 eﬂ‘ossae
1062 5543 1300 5608 fuerant,
1332 5544 1751 5598 sut'fodientibus
1782 5543 2035 5598 Barbaris

465 5637 620 5706 quasi
650 5635 889 5692 cuniculi
932 5637 1012 5690 vel
1051 5637 1232 5704 talpaz,
1271 5637 1354 5690 vel
1402 5635 1570 5704 porci,
1618 5636 1698 5690 vel
1746 5637 1890 5691 aliud
1919 5635 2038 5690 ani-

464 5727 574 5780 mal
604 5727 818 5784 radices
859 5732 1029 5784 edens
1060 5727 1164 5782 sub
1200 5727 1366 5782 humo
1399 5729 1604 5794 vivens,
1639 5737 1697 5781 ut
1726 5744 1851 5784 vero
1880 5729 2039 5783 aliter

465 5816 776 5891 loquamur,
811 5819 969 5890 quasi
1002 5829 1268 5878 aratores.
1294 5817 1522 5876 Videtur
1551 5820 1696 5888 enim
1734 5821 1878 5877 velut
1913 5834 2038 5877 cum

2130 4632 2591 4701 ἀπανηναμένων,
2640 4628 2732 4693 οὓς
2784 4629 2947 4698 νόμος
2979 4624 3115 4680 οἶδεν
3146 4626 3367 4696 ἄνδρας.
3425 4624 3707 4679 Ἐντεῦθεν

2132 4723 2418 4793 παρθένων
2453 4721 2673 4792 φθοραὶ,
2720 4721 2831 4774 τῶν
2868 4721 2966 4791 μὲν
2995 4718 3114 4774 οὔτι
3144 4718 3264 4772 καθ’
3309 4717 3554 4771 ἑκούσιον
3593 4716 3708 4771 τῶν
3751 4758 3754 4762 η

2133 4819 2451 4890 ἀρχηγετῶν
2504 4818 2694 4881 αὐταῖς
2724 4816 2819 4869 τοῦ
2867 4812 3026 4882 εῖναι,
3065 4817 3174 4870 τῶν
3223 4815 3280 4869 δὲ
3341 4817 3437 4870 καὶ
3479 4815 3707 4868 ἐκείνων

2132 4908 2453 4980 προεμένων
2483 4907 2676 4968 αὐτάς.
2711 4905 2991 4960 Ἐντεῦθεν
3016 4908 3242 4975 σεμνεῖα
3267 4905 3702 4976 πεπορνευμένα·

2135 5003 2219 5071 ἐφ’
2253 4995 2333 5060 οἷς
2361 4998 2471 5067 ἐγὼ
2507 4997 2676 5051 πολλὰ
2726 4998 2822 5052 καὶ
2852 4999 3308 5069 παρακλητεύσας
3339 4998 3434 5050 καὶ
3483 4999 3705 5068 παρρη-

2135 5093 2466 5161 σιασάμενος
2499 5092 2780 5162 ἄπρακτος
2825 5089 3038 5159 ἔμεινα,
3084 5089 3221 5160 μηδὲ
3261 5087 3358 5152 τὰς
3389 5088 3708 5157 πασχούσας

2133 5183 2196 5236 τὸ
2229 5183 2548 5252 ἐφάμαρτον
2589 5181 2915 5250 ἐπιστρέψαι
2949 5179 3268 5248 δυνάμενος,
3313 5171 3399 5230 οἶα
3432 5177 3704 5246 γεγευμέ-

2135 5289 2231 5336 νας
2280 5271 2381 5342 ἤδη
2420 5270 2515 5324 τοῦ
2555 5270 2954 5340 γλυκυπίκρου,
2996 5273 3090 5325 καί
3142 5287 3260 5332 πως
3312 5267 3704 5338 ὑποφωνούσας

2139 5380 2252 5434 μοι,
2288 5363 2365 5426 ὡς
2400 5362 2653 5432 χαλεπὸν,
2683 5362 2868 5432 χορίου
2893 5361 3028 5415 κύνα
3068 5362 3286 5430 γεῦσαι.
3325 5405 3329 5408 .

2211 5459 2361 5526 ρκς⁹.
2391 5452 2673 5507 Ἐντεῦθεν
2702 5455 2947 5508 δαπέδων
2980 5456 3132 5508 σάλοι
3154 5457 3246 5507 καὶ
3276 5453 3608 5524 ἀνασχίσεις,
3635 5452 3705 5507 δι’

2139 5537 2215 5598 ὧν
2245 5539 2385 5597 οἶκοι
2415 5546 2612 5608 πάντες
2655 5545 3076 5614 ἐξωρωρύχατο,
3127 5547 3571 5615 ὐπονομευόντων
3599 5545 3706 5597 τῶν

2141 5636 2431 5707 βαρϐάρων
2465 5636 2607 5689 κατὰ
2639 5637 2898 5704 λαγιδεῖς,
2936 5636 2968 5708 ἢ
3001 5637 3346 5701 ἀσπάλακας,
3381 5637 3414 5706 ἢ
3455 5638 3546 5689 καὶ
3578 5636 3708 5706 χοί-

2141 5743 2290 5798 ρους,
2321 5726 2355 5795 ἢ
2385 5725 2514 5780 ἄλλο
2537 5744 2590 5781 τι
2623 5727 2762 5790 ζῶον
2787 5728 3080 5800 ριζοφάγον
3112 5730 3411 5799 γεωχαρὲς,
3443 5729 3618 5782 είπεῖν
3648 5727 3706 5780 δὲ

2140 5819 2234 5873 καὶ
2269 5817 2464 5887 άλλως,
2517 5819 2660 5874 κατά
2699 5820 2982 5892 ἀροτρέας.
3016 5821 3264 5874 Φαίνεται
3299 5821 3407 5891 γὰρ
3432 5859 3447 5888 ,
3495 5819 3572 5882 ὡς
3611 5818 3704 5873 καὶ
