4084 6408
525 309 622 377 127

1271 314 1688 377 EUSTATHII
1737 313 2494 378 THESSALONICENSIS
2533 317 3091 380 METROPOLlT/E

3670 330 3770 398 ηε

522 427 926 497 lugrederetur,
975 443 1072 498 per
1119 439 1334 498 portam
1424 431 1629 484 intrare
1669 445 1929 485 recusans
1975 445 2056 484 eui

2155 435 2176 488 ι
2207 431 2300 481 καὶ
2327 430 2812 501 ἀποκαθισταμένη
2841 431 2996 494 αὖθις
3027 433 3109 497 είς
3137 431 3231 488 τὸν
3261 428 3410 490 οἶκον
3439 437 3612 509 αὐτῆς
3632 481 3647 506 ,
3678 441 3771 500 καὶ

517 523 612 587 qui
663 523 832 588 ipsam
871 522 1112 574 humeris
1147 537 1231 589 por
1248 521 1418 584 tabat,
1450 523 1638 590 pedem
1665 521 1867 576 referre
1891 523 2094 590 coegit,

2196 522 2314 583 ταῖς
2345 521 2573 584 εἰσόδοις
2604 522 2892 590 ἐγγίσασα,
2922 523 3096 588 οὕτως
3127 523 3292 579 ὤκνει
3321 527 3419 598 τὴν
3445 529 3666 598 εἴσοδον,
3693 535 3766 601 ὡς

521 607 650 664 dum
702 611 946 678 pendere
1011 611 1226 665 insolito
1275 611 1479 666 sensim
1535 612 1942 681 ingravescente
2000 630 2056 682 οι

2195 610 2299 664 ἀνά
2333 611 2466 665 πόδα
2501 615 2698 683 χωρεῖν
2730 615 3010 683 κραταιῶς
3041 615 3324 684 βιάζεσθαι
3354 620 3447 672 τὸν
3474 622 3640 686 αὐτὴν
3670 626 3764 693 φέ-

516 713 743 768 pressus
789 715 942 769 paene
986 701 1134 754 humi
1183 699 1425 767 caderet,
1467 716 1568 756 nec
1623 703 1740 771 ipse
1774 703 1944 770 solus,
1993 705 2091 760 sed

516 800 788 861 quotquot
809 807 1026 845 tnauum
1053 793 1336 862 imponere
1361 802 1717 850 conarentur.
1750 794 1938 849 Primo
1967 796 2089 866 qui-

514 882 637 938 dem
672 884 762 952 qui
793 887 1047 953 portabat
1073 886 1125 938 in
1149 885 1516 955 suspicionem
1546 889 1695 942 venit
1751 889 1906 957 quasi
1939 889 2087 944 domi

515 974 634 1030 haec
663 975 1011 1032 machinatus
1043 985 1209 1042 esset,
1257 989 1312 1032 ut
1343 993 1488 1048 saepe
1521 978 1603 1034 ilt.
1638 978 1741 1035 Ubi
1769 992 1954 1036 autem
1985 981 2087 1036 viri

511 1066 681 1130 sacri,
721 1066 952 1136 integris
992 1069 1241 1124 moribus
1292 1077 1348 1122 et
1395 1070 1490 1138 qui
1547 1069 1705 1127 nefas
1741 1073 2086 1131 committere

514 1159 661 1214 haud
693 1169 1179 1229 possent,manum
1204 1160 1429 1231 imagini
1458 1163 1841 1231 promovenda:
1879 1165 2082 1220 frustra

515 1252 923 1320 apposuisseut,
982 1266 1047 1306 ac
1100 1251 1272 1307 nihilo
1330 1254 1510 1309 minus
1560 1261 1640 1310 tot
1687 1264 1820 1326 quot
1879 1267 2079 1324 erant,

508 1357 730 1398 movere
759 1343 876 1397 loco
916 1345 1190 1410 valebant,
1234 1353 1412 1400 metus
1441 1347 1635 1416 ingens
1658 1362 1849 1403 omnes
1876 1349 2082 1406 invadit

505 1435 595 1490 vel
623 1436 1059 1502 eordatissimos,
1089 1437 1264 1492 donec
1306 1439 1496 1494 effusis
1526 1440 1786 1512 lacrymis
1827 1450 1882 1496 et
1909 1444 2078 1513 gemi-

507 1527 654 1582 tibus
691 1541 882 1580 vocem
923 1528 1192 1583 elevarint
1249 1531 1314 1584 ad
1359 1531 1557 1586 Filium
1599 1544 1802 1589 sanctae
1847 1535 2073 1602 Matris,

507 1633 687 1686 neque
709 1619 837 1675 inde
868 1620 1201 1674 destiterunt
1227 1623 1401 1678 donec
1431 1628 1791 1695 comprobato
1823 1627 2073 1700 prodigio

505 1725 650 1765 unus
691 1711 800 1778 jam
844 1713 1136 1782 expeditus
1176 1713 1294 1768 sine
1343 1731 1540 1786 magno
1587 1718 1776 1773 labore
1824 1730 2068 1775 sanctam

2193 720 2378 774 ροντα,
2397 707 2489 757 καὶ
2515 704 2864 775 ἐνιστάμενον
2887 706 3212 776 βαρύνεσθαι
3235 711 3489 780 ὁτιμάλα,
3512 716 3608 767 καὶ
3631 718 3762 787 πρὸς

2188 795 2268 865 τῷ
2291 796 2656 851 καταπίπτειν
2679 799 2923 866 γίνεσθαι
2944 815 2961 831 ο
2989 799 3081 851 καὶ
3105 801 3163 852 ού
3195 802 3352 870 μόνον
3377 802 3604 871 ἐκεῖνον,
3630 809 3760 863 ἀλλά

2189 887 2284 941 κα)⁸
2327 887 2543 954 ἄλλους,
2582 890 2696 942 ὅσοι
2745 889 3208 946 συνεπιλάϐοιντο.
3253 894 3367 948 Καὶ
3409 890 3478 966 ἦν
3522 898 3622 967 μὲν
3663 901 3760 971 τὴν

2186 977 2359 1050 ἀρχὴν
2383 979 2410 1032 ὸ
2435 979 2652 1050 ἐκείνην
2676 981 2884 1051 ἀνέχων
2911 981 3172 1049 ὕποπτος,
3198 983 3273 1048 ὡς
3301 986 3512 1041 οἴκοθεν
3534 990 3758 1044 τοιαῦτα

2183 1069 2522 1141 τεχνώμενος
2544 1111 2559 1136 ,
2595 1072 2755 1127 ὁποῖα
2787 1073 2973 1126 πολλοὶ
3005 1075 3389 1145 τερθρεύονται
3414 1094 3430 1110 ο
3464 1078 3540 1142 ὡς
3574 1079 3632 1133 δέ
3667 1084 3758 1138 καὶ

2186 1159 2320 1234 ἱεροὶ
2354 1161 2578 1233 ἄνδρες,
2614 1163 2808 1231 ἀγαθοὶ
2839 1166 2898 1219 τὸ
2930 1162 3096 1238 ἦθος,
3131 1167 3223 1220 καὶ
3254 1163 3354 1222 οἷοι
3394 1168 3470 1240 μὴ
3507 1171 3757 1243 παλαμᾶ-

2185 1253 2308 1307 σθαι
2334 1255 2403 1308 τά
2431 1255 2505 1326 μὴ
2534 1255 2743 1320 δέοντα,
2772 1258 3071 1329 συνήραντο
3096 1260 3401 1329 ἐγκρατῶς,
3431 1262 3526 1316 καὶ
3557 1263 3756 1328 πάντες

2179 1345 2431 1410 ἐλάττους
2464 1342 2605 1416 ἦσαν
2634 1349 2732 1418 τῆς
2762 1349 2854 1403 τοῦ
2891 1349 3037 1420 Ξεροῦ
3073 1351 3258 1420 σίγνου
3297 1352 3499 1423 ίσχύος,
3533 1358 3627 1412 καὶ
3656 1357 3755 1411 οὐκ

2179 1438 2428 1493 ἐπείθετο
2475 1440 2756 1506 εἰσελθεῖν,
2801 1441 2919 1495 ἀλλ’
2950 1439 3039 1514 ἦν,
3087 1443 3164 1507 ὡς
3212 1444 3410 1508 είπεῖν,
3459 1447 3751 1519 ἀφόρητον,

2177 1530 2479 1602 ὑπέρχεται
2512 1533 2674 1600 φόϐος
2709 1532 2952 1594 ἅπαντας
2972 1573 2987 1600 ,
3019 1536 3144 1589 ὅσον
3172 1537 3338 1606 ἐχρῆν
3369 1537 3563 1591 παθεῖν
3584 1578 3600 1601 ,
3633 1542 3750 1613 ἐχέ-

2176 1641 2377 1694 φρονας
2402 1641 2416 1655 ·
2459 1625 2551 1676 καὶ
2592 1625 3009 1694 ἀναπρήσαντες
3050 1627 3284 1697 δάκρυα,
3325 1629 3549 1698 ὖψωσαν
3590 1632 3754 1686 κλαυ-

2176 1715 2311 1784 θμὸν
2330 1755 2345 1779 ,
2379 1717 2473 1769 καὶ
2507 1718 2690 1782 φωνάς
2724 1719 2936 1787 ἐπῆραν
2965 1720 3100 1789 πρὸς
3128 1721 3220 1774 τὸν
3253 1720 3476 1791 ὕψιστον
3499 1723 3624 1778 Υἱὸν
3655 1727 3752 1796 τῆς

505 1799 800 1869 imaginem
845 1803 910 1856 ad
966 1801 1148 1856 sedem
1193 1818 1350 1858 suam
1423 1782 1674 1874 portarit.
1733 1808 1888 1874 Quod
1943 1812 2056 1865 viri:

2183 1782 2458 1874 πανάγνου
2491 1809 2732 1879 Μητρός.
2773 1782 2878 1864 καὶ
2912 1782 3020 1864 οὐκ.
3045 1782 3354 1880 ἐνέδωκαν,
3387 1816 3489 1879 ἕως
3522 1817 3616 1871 τοῦ
3653 1782 3751 1890 aq:

502 1893 757 1960 gravibus
795 1892 949 1948 futile
988 1902 1070 1949 est
1119 1897 1332 1963 visum;
1384 1914 1488 1953 nos
1520 1909 1704 1954 autem
1752 1902 1941 1956 miseri
1982 1903 2074 1971 qui

500 2000 666 2040 ouere
707 1985 813 2040 isto
847 1988 1053 2056 gravati
1087 1987 1312 2058 fuimus,
1383 1994 1557 2068 probe
1609 1993 1889 2060 novimus,
1943 1994 2077 2066 quid

499 2091 590 2132 res
623 2078 728 2133 sibi
767 2078 917 2133 velit.

575 2406 699 2461 161.
744 2406 914 2460 Sacra
950 2408 1172 2462 oracula
1210 2406 1548 2482 interrogata
1580 2423 1809 2470 eventus
1840 2415 2067 2487 futuros,

502 2495 646 2551 diem
686 2498 837 2552 urbis
878 2509 1229 2569 expugnatae,
1281 2504 1790 2562 exterminationcm
1827 2521 2071 2567 nostram

494 2588 890 2656 praedixerunt.
921 2589 965 2644 Ο
996 2599 1199 2644 certam
1249 2594 1590 2663 prophetiam
1618 2598 1630 2650 !
1667 2596 1710 2653 Ο
1742 2599 1820 2654 rei
1850 2600 2072 2657 indubi-

493 2687 618 2732 tata:
641 2688 698 2733 et
733 2679 954 2735 minime
987 2683 1278 2752 acquivocze
1311 2686 1694 2743 revelationem
1723 2691 1736 2744 ι
1767 2690 2072 2748 Osurdita-

493 2773 602 2821 tetu
636 2773 882 2822 nostram
900 2768 915 2822 l

563 2983 688 3039 £32.
726 2985 853 3040 Erat
886 2996 1020 3043 tunc
1048 2997 1284 3061 tempus,
1336 2997 1764 3065 expugnationis
1798 3000 2020 3070 inquam
2044 3041 2061 3070 ,

492 3089 604 3144 quo
626 3078 788 3131 verba
816 3080 1129 3148 evangelica
1159 3085 1355 3152 quibus
1385 3089 1728 3145 calamitates
1762 3090 1895 3148 Sion
1922 3109 2060 3164 prae-

489 3168 735 3237 figurata!
757 3170 998 3240 fuerant,
1021 3175 1073 3228 iri
1105 3177 1332 3232 ecclesia
1367 3181 1582 3238 recitari
1617 3185 1911 3242 debebant.
1941 3187 2055 3244 Viri

481 3263 628 3316 enim
664 3277 859 3332 graves
898 3265 965 3320 de
999 3267 1222 3324 civitate
1258 3285 1320 3324 ea
1358 3272 1880 3344 interpretabantur.
1903 3279 2055 3336 Tunc

481 3351 607 3408 duci
648 3356 740 3424 qui
773 3354 839 3410 de
869 3367 1067 3413 eventu
1101 3360 1454 3432 desperabat,
1491 3381 1580 3420 res
1604 3377 1825 3424 nostras
1861 3373 2052 3442 dispo-

481 3457 633 3508 nere,
653 3460 864 3516 nosque
900 3448 1210 3507 indolentcs
1247 3455 1486 3510 excitare
1511 3461 1698 3527 coapit,
1747 3470 1804 3514 ut
1849 3464 2052 3518 eaedem

479 3533 529 3590 ei
554 3535 705 3589 cordi
736 3551 854 3591 esse
884 3538 1200 3595 viderentur
1242 3543 1308 3596 iis
1337 3545 1429 3613 qui
1449 3561 1633 3601 earum
1663 3564 1846 3604 rerum
1875 3553 2050 3623 ignari

478 3632 663 3679 erant.
741 3625 873 3680 Nam
921 3632 1076 3697 quasi
1112 3632 1347 3688 ludendo
1405 3636 1552 3691 circa
1605 3654 1799 3710 magna
1847 3647 2050 3714 templa

477 3715 742 3769 excubias
772 3731 934 3786 agere
958 3721 1117 3774 nobis
1148 3726 1428 3793 prmcepit.
1459 3725 1569 3781 Cur
1608 3731 1755 3785 enim
1789 3748 1886 3802 pro
1913 3736 2050 3792 civi-

480 3809 614 3862 tatis
666 3810 843 3864 salute
883 3826 1076 3880 preces
1129 3813 1354 3872 facere?
1411 3819 1466 3873 ln
1509 3833 1693 3878 mente
1739 3835 1918 3882 autem
1953 3831 2049 3885 ha-

475 4090 669 4140 gerere
719 4078 1024 4145 videretur,
1069 4096 1259 4151 preces
1317 4101 1416 4156 pro
1445 4105 1508 4144 ea
1561 4089 1745 4150 facere
1775 4096 2038 4166 jubendo.

470 4160 741 4230 Equidem
777 4177 907 4233 puto
938 4169 1175 4226 civitatis
1207 4184 1412 4230 statum
1463 4195 1586 4236 eum
1614 4160 1862 4241 fuissent
1891 4202 2040 4247 certe

473 4255 971 4323 supplicationibus
1024 4263 1075 4317 ei
1124 4275 1253 4322 ante
1299 4271 1487 4326 omnia
1541 4289 1679 4344 opus
1739 4291 1908 4335 esset.
1960 4282 2037 4339 lta

469 4348 714 4404 medicus
763 4352 856 4420 qui
896 4352 1172 4422 imperitia
1211 4375 1308 4415 sua
1342 4362 1588 4422 hominis
1613 4369 1743 4438 aegri
1774 4371 1940 4428 vitam
1976 4375 2033 4430 in

463 4436 789 4497 discrimine
820 4447 1028 4513 posuit,
1069 4452 1412 4510 sacerdotem
1445 4436 1684 4514 advocati
1722 4473 1783 4516 ut
1826 4465 2030 4523 viatico
2060 4453 2107 4510 ι)

463 4533 754 4589 morientis
785 4535 1016 4592 salutem
1049 4539 1254 4599 ﬁrmet.
1283 4545 1514 4603 Gravior
1541 4552 1686 4606 enim
1717 4563 1837 4610 erat
1865 4573 2029 4627 quam

460 4621 551 4689 qui
583 4620 895 4692 jocaretur,
941 4645 1064 4700 qua:
1104 4645 1187 4687 est
1235 4636 1442 4693 indoles
1479 4655 1670 4698 eorum
1711 4648 1803 4716 qui
1853 4650 2034 4706 horni-

461 4726 592 4765 num
639 4731 821 4773 mores
853 4735 920 4776 ex
973 4739 1075 4778 usu
1110 4729 1354 4794 cognitos
1395 4731 1616 4789 habent.
1660 4737 1867 4796 Idcirco
1913 4760 2031 4800 rem

460 4803 840 4875 religiositatis
867 4818 1048 4881 specie
1073 4819 1352 4886 probatam
1369 4821 1521 4878 fecit.
1541 4825 2028 4903 Utcunquefuerit,

460 4893 541 4949 illi
605 4897 820 4967 jubenti
869 4906 1226 4964 ecclesiastici
1273 4914 1620 4972 obedierunt.
1675 4893 1902 4979 Et-cum
1936 4893 2033 4983 ne;

353 4990 358 4994 '
459 4999 615 5042 cesse
654 5000 803 5045 esset
832 5000 893 5048 ut
921 4999 1166 5053 carmina
1201 5001 1382 5058 dulcia
1426 5005 1644 5066 Davidis
1675 5027 2028 5084 canerentur,

459 5080 664 5136 accidit
712 5083 1142 5154 inopportunum
1193 5093 1397 5164 aliquid
1431 5099 1576 5166 (erat
1605 5113 1786 5159 autem
1817 5080 2033 5165 dilucu;

456 5171 597 5238 lum,
626 5184 751 5241 post
780 5177 925 5245 quod
963 5180 1076 5234 sole
1128 5183 1340 5240 oriente
1381 5191 1520 5257 capti
1555 5194 1765 5266 sumus)
1799 5206 1858 5250 ut
1884 5203 2031 5268 psal-
2073 5193 2075 5195 ’

457 5275 608 5316 mum
660 5266 930 5335 eligerent
989 5272 1150 5340 cuius
1211 5275 1451 5346 initium,
1513 5281 1695 5351 Deus,
1757 5266 2028 5346 venerunt

455 5363 652 5424 gentes
690 5356 746 5412 in
793 5361 1166 5418 hereditatem
1204 5374 1396 5435 tuam;
1442 5385 1497 5427 et
1547 5376 1767 5446 deinde,
1816 5382 2030 5439 Pellite-

454 5454 584 5498 runt
613 5449 873 5519 templum
903 5467 1153 5509 sanctum
1183 5467 1370 5526 tuum;
1399 5479 1703 5532 posuerunt
1733 5475 2023 5530 morticina

454 5551 746 5595 servorum
781 5549 1031 5607 tuorum,
1081 5556 1136 5602 et
1181 5551 1413 5621 reliqua.
1446 5555 1722 5627 Propheta
1753 5563 1898 5616 enim
1942 5567 2025 5618 di-

454 5627 615 5682 vinus
657 5646 725 5684 ex
757 5636 1089 5692 rcvelatione
1115 5653 1306 5696 eorum
1341 5646 1433 5713 qui
1481 5663 1706 5717 precum
1741 5653 2020 5710 facienda-

455 5731 575 5772 rum
624 5724 800 5791 gratia
850 5740 1230 5789 convenerant
1263 5734 1566 5807 inSpiratus
1602 5752 1742 5811 erat,
1780 5747 2012 5805 dicens:

2182 1902 2334 1968 μείου
2362 1902 2462 1972 ἤδη
2486 1903 2894 1972 διαδειχθέντος,
2922 1899 3040 1957 εἶτα
3068 1907 3228 1976 μόνος
3253 1909 3280 1960 ὁ
3311 1908 3593 1976 βαστάζων
3617 1913 3752 1966 ἀϐά-

2182 2009 2370 2060 ρυντος
2399 1995 2497 2046 καὶ
2521 1995 2962 2065 ἀπαραπόδιστος
2989 1998 3162 2068 ἤγαγε
3187 1999 3246 2052 τὸ
3273 2000 3426 2069 ἀγιον
3453 2004 3749 2073 μόρφωμα,

2177 2081 2306 2135 ἔνθα
2333 2082 2560 2154 ἵδρυται.
2590 2086 2698 2138 Καὶ
2723 2086 2897 2140 ἐδόκει
2927 2089 3027 2157 μέν
3049 2090 3144 2143 καὶ
3167 2089 3323 2145 τοῦτο
3346 2095 3458 2158 τοῖς
3481 2099 3753 2163 γενναίοις

2177 2177 2392 2244 φρονεῖν
2413 2175 2647 2246 ἐλαφρόν
2671 2194 2687 2212 ο
2718 2179 2878 2250 ἡμεῖς
2905 2180 2962 2234 δέ
2990 2184 3038 2236 οἱ
3066 2183 3317 2250 ἀσθενεῖς
3345 2187 3749 2260 ἐϐαρυνόμεθα,

2177 2266 2550 2338 ὑπονοοῦντες,
2576 2271 2711 2325 ὅπου
2743 2273 2886 2327 νεύει
2915 2277 2984 2328 τὰ
3014 2274 3110 2331 τοῦ
3141 2277 3486 2351 πράγματος.

2249 2405 2386 2475 pla}.
2419 2405 2810 2477 Ἀπεκρίναντο
2848 2410 2942 2463 καὶ
2975 2411 3044 2464 τά
3085 2411 3204 2484 ίερά
3242 2412 3400 2481 λόγια
3441 2415 3499 2482 ἐξ
3541 2417 3752 2489 ἐρωτή-

2175 2508 2314 2560 σεως
2339 2497 2436 2562 τάς
2461 2499 2756 2564 ἀποϐάσεις
2782 2501 2892 2554 τῶν
2915 2503 2974 2556 ἐν
2998 2503 3076 2573 τῷ
3105 2504 3372 2574 μέλλοντι,
3397 2507 3494 2579 τὴν
3521 2509 3748 2580 ἅλωσιν,

2172 2587 2270 2657 τὴν
2293 2589 2504 2660 ἡμέραν
2527 2591 2718 2658 αὐτῆς,
2742 2591 2800 2645 τὸ
2825 2598 3302 2665 κατακοπήσεσθαι
3332 2599 3500 2670 ἡμᾶς.
3524 2604 3586 2656 Ὢ
3615 2621 3751 2674 προ-

2174 2679 2408 2748 φητικῆς
2445 2680 2752 2749 εὐκρινείας
2793 2684 3036 2754 ἐκείνηςί
3082 2685 3128 2740 ὣ
3167 2691 3575 2760 ἀνεπικρύπτου
3612 2697 3750 2750 ἀπο-

2171 2772 2427 2839 φάσεως,
2461 2773 2555 2824 καὶ
2592 2774 2666 2843 μὴ
2702 2775 3102 2850 ἐπισυρομένης
3137 2780 3400 2845 λόξωσινι
3437 2783 3548 2839 Καὶ
3577 2787 3748 2858 ἡμεῖς

2169 2864 2538 2937 ἐκωφεύομεν.

2241 3005 2375 3076 ρλβ’.
2399 3001 2508 3062 Ἦν
2549 3010 2852 3079 τηνικαῦτα
2899 3017 3105 3085 καιρὸς,
3150 3019 3303 3090 παρά
3343 3022 3410 3079 τά
3451 3025 3744 3082 τελευταῖα

2085 3121 2131 3184 C
2164 3100 2263 3171 τῆς
2288 3101 2562 3170 ἁλώσεως,
2591 3104 2684 3156 καὶ
2714 3109 3020 3192 περικοπὰς
3044 3111 3405 3181 εὐαγγελικάς
3433 3118 3518 3171 ἐπ’
3540 3119 3744 3192 ἐκκλη-

2162 3191 2283 3255 σίας
2313 3193 2692 3262 ἐκφωνεῖσθαι,
2717 3195 2783 3250 δι’
2807 3190 2882 3251 ὧν
2907 3199 2977 3252 τά
3003 3201 3103 3270 τῆς
3132 3203 3272 3258 Σιὼν
3302 3190 3739 3281 στηλογραφοῦνι

2157 3300 2247 3337 ται
2289 3285 2456 3338 κακά.
2493 3286 2602 3339 Καὶ
2641 3287 2691 3339 οἱ
2731 3286 2838 3342 ἔσω
2878 3293 3090 3360 φρενῶν
3125 3296 3425 3367 ίερολογίαν
3457 3303 3599 3356 κατὰ
3632 3307 3734 3377 τῆς

2156 3377 2362 3439 πόλεως
2389 3377 2648 3434 ὑπενόουν
2670 3382 2826 3438 αὑτά.
2845 3385 3030 3450 Ἔδοξε
3054 3389 3133 3458 τῷ
3156 3391 3385 3464 ἀρχηγῷ
3407 3397 3732 3466 τηνικαῦτα,

2154 3460 2242 3519 οἷα
2275 3467 2384 3520 τῶν
2422 3471 2804 3543 στρατηγικῶν
2839 3476 3208 3549 ἀπεγνωκότι,
3243 3483 3624 3543 διατάττεσθαι
3659 3493 3734 3545 τὰ

2153 3556 2277 3608 καθ’
2306 3560 2454 3629 ἡμᾶς
2473 3603 2487 3629 ,
2521 3565 2616 3616 καὶ
2649 3564 2938 3639 διεγείρειν
2966 3571 3039 3633 ὡς
3072 3569 3183 3627 οἷον
3212 3575 3693 3646 άπονυστάζοντας
3711 3626 3729 3651 ,

2155 3646 2242 3700 ῐνα
2276 3653 2520 3718 φαίνοιτο
2551 3659 2663 3722 τοῖς
2701 3660 2777 3732 μὴ
2814 3664 3038 3717 συνιεῖσι
3071 3665 3161 3720 διὰ
3194 3671 3409 3726 πάντων
3441 3673 3596 3742 ἡμῶν
3629 3646 3731 3729 xal.

2150 3744 2617 3815 προμηθέστατος.
2678 3753 2958 3824 Μηνύεται
3014 3759 3142 3828 γοῦν
3199 3763 3334 3834 ἡμῖν
3392 3767 3730 3837 παννυχίδας

2147 3834 2503 3909 ἀγρυπνητάς
2553 3844 2802 3910 ἐπιτάξαι
2851 3849 2981 3920 περὶ⁵
3027 3854 3154 3917 τοὺς
3205 3857 3475 3924 μεγάλους
3523 3834 3723 3930 ναοὺς,

2139 4112 2239 4180 τῆς
2269 4112 2506 4183 πόλιως;
2526 4112 2634 4172 Ἦν
2657 4119 2716 4173 δέ
2743 4121 2792 4174 ei
2820 4123 3033 4179 ἐπίνοια
3057 4130 3332 4184 ὁσιοῦσθαι
3356 4133 3416 4185 τὸ
3443 4135 3716 4207 εὐσεϐεῖν,

2139 4206 2233 4257 καὶ
2264 4206 2621 4277 ἐπικρύπτειν
2649 4210 2747 4282 τὴν
2775 4213 2975 4285 ὄρεξιν,
3010 4216 3094 4271 ἵνα
3122 4219 3252 4291 δοκῇ
3283 4223 3424 4280 πάνυ
3456 4243 3718 4298 περιποι-

2138 4297 2315 4351 εῖσθαι
2350 4299 2448 4369 τὴν
2481 4301 2636 4356 πόλιν
2669 4305 2754 4375 ἐφ’
2781 4306 3020 4378 ἅπασιν,
3056 4311 3111 4364 ετ
3140 4330 3203 4381 γε
3239 4315 3382 4371 θέλει
3415 4320 3509 4372 καὶ
3528 4297 3716 4391 εὐχὰς

2135 4388 2236 4452 τὰς
2267 4390 2406 4462 ὑπὲρ
2437 4393 2607 4465 αὐτῆς
2631 4410 2644 4425 ·
2675 4393 2830 4469 οἶμαι
2856 4401 2935 4469 δέ,
2968 4406 3064 4460 καὶ
3093 4405 3530 4480 ἐνδεικνύμενος,
3564 4388 3714 4472 ούτω

2135 4572 2234 4643 τὴν
2265 4573 2512 4630 δέεσθαιο
2546 4580 2728 4650 ὅμοιον
2758 4582 2833 4645 ὡς
2865 4587 2914 4638 εί
2949 4589 3044 4641 καὶ
3079 4591 3260 4661 ἰατρὸς
3293 4572 3715 4670 κατεργασάμε-

2130 4681 2217 4727 νος
2244 4665 2308 4720 ἐκ
2334 4684 2478 4733 τινος
2507 4671 2840 4742 φαυλότητος
2872 4677 2966 4730 ἐπὶ
2995 4678 3210 4752 θανάτῳ
3237 4665 3552 4758 ἄνθρωπον,
3583 4665 3711 4751 alta.

2130 4757 2417 4814 ἐπιτάσσει
2448 4764 2838 4832 προκαλεῖσθαι
2867 4771 3037 4839 ἱερέα,
3069 4776 3418 4843 ἐφοδιάσοντα
3444 4783 3546 4855 ἤδη
3576 4785 3710 4856 θνή-

2132 4863 2330 4902 σκοντα
2360 4853 2612 4925 σωστικῷ
2635 4857 2960 4928 άγιάσματι.
2985 4865 3120 4917 Οὐδὲ
3146 4868 3254 4938 γὰρ
3275 4864 3342 4941 ἦν
3363 4853 3705 4947 ἐπιπόλαιος,

2131 4941 2267 4994 ἀλλά
2294 4943 2387 4994 καὶ
2413 4943 2532 4998 λίαν
2558 4946 2728 5015 βαθὺς
2752 4951 3268 5030 εύτραπελεύεσθαι,
3296 4964 3392 5018 ἔσα
3421 4983 3483 5034 γε
3513 4973 3709 5041 πειρᾶν

2132 5031 2329 5083 σασθαι
2373 5033 2468 5086 τοῦ
2516 5036 2710 5107 ἀνδρὸς
2751 5043 2877 5105 τοὺς
2924 5044 3133 5110 δεινοὺς
3177 5031 3552 5124 γνωματεύειν
3594 5031 3702 5135 ἤθη

3190 5116 3200 5118 -
3296 5116 3308 5124 .
3615 5116 3628 5132 .
3689 5116 3702 5135 .

2129 5121 2259 5188 τῶν,
2285 5116 2364 5186 οἷς
2388 5123 2453 5178 ἂν
2479 5129 2835 5198 περιτύχωσι.
2861 5137 2953 5187 Διὸ
2980 5139 3073 5190 καὶ
3096 5141 3299 5214 ταύτην
3323 5156 3705 5218 προσεποιεῖτο

2127 5211 2228 5280 τὴν
2262 5210 2633 5285 θεοκλύτησιν,
2670 5219 2744 5283 ὡς
2785 5224 2885 5276 οὐκ
2927 5226 2993 5280 ἂν
3026 5231 3088 5281 τὸ
3129 5210 3285 5286 Θεῖον
3321 5210 3700 5307 θεραπεύοιτο.

2129 5302 2321 5366 Ὅπως
2351 5304 2395 5357 δ’
2420 5305 2486 5360 ἂν
2515 5305 2627 5379 εἶχε
2656 5311 2717 5364 τὸ
2749 5316 3011 5386 πρᾶγμα,
3046 5324 3074 5374 ὁ
3106 5323 3208 5392 μὲν
3234 5302 3407 5398 εἶπεν,
3455 5335 3504 5385 oi
3533 5335 3580 5388 δ’
3605 5338 3700 5390 ἐκ-

2128 5394 2507 5463 κλησιαστικοὶ
2549 5403 2838 5471 ἐπήκουον.
2879 5411 2990 5462 Καὶ
3032 5413 3096 5485 δὴ
3137 5419 3312 5487 χρεὼν
3355 5394 3703 5494 π’ρολάμπειν

2124 5483 2216 5534 τοῦ
2247 5485 2470 5553 ψάλλειν
2497 5493 2586 5542 τὸν
2614 5493 2817 5560 γλυκὺν
2847 5483 3093 5570 μελῳδὸν
3111 5483 3292 5576 Δᾶυιδ,
3320 5483 3554 5583 επῆλθεᾷ
3579 5519 3699 5573 οὔτι

2125 5578 2266 5630 κατά
2307 5579 2482 5633 αἴσιον
2524 5587 2633 5647 τοῖς
2670 5587 3020 5660 δεησομένοις
3063 5593 3153 5668 (ἦν
3196 5604 3252 5655 δέ
3293 5578 3463 5673 βαθύς
3504 5609 3700 5679 ὄρθρος

2122 5669 2266 5765 τότε,
2311 5666 2370 5725 οὗ
2417 5673 2759 5744 λαμφθέντος
2810 5685 2946 5752 ἡλίῳ
2998 5666 3305 5762 ἑάλωμεν),
3345 5666 3700 5765 ἐπιλέξασθαὶ

2125 5757 2339 5828 ψαλμὸν
2371 5764 2598 5834 ἐκεῖνον,
2630 5766 2687 5824 οὗ
2719 5782 2978 5847 κατάρχει
3013 5782 3109 5849 μὲν
3140 5787 3195 5837 τό
3221 5804 3233 5816 ο
3277 5806 3295 5839 ι
3333 5790 3391 5843 ’0
3423 5793 3575 5860 Θεὸς,
3605 5794 3696 5864 ἧλ-
