4084 6440
382 375 489 439 129

1166 383 1262 442 DE
1300 383 1871 443 THESSALONICA
1915 382 2119 442 URBE
2162 381 2206 439 A
2250 381 2556 442 LATINIS
2595 381 2855 440 CAPTA.

3547 367 3650 434 130

384 495 547 548 θοσαν
579 494 708 563 ἔθνη
741 494 825 557 είς
854 494 954 565 τὴν
984 495 1348 564 κληρονομίαν
1383 513 1478 549 σου
1509 514 1521 528 ·
1563 515 1580 548 ι
1620 497 1880 566 ἔφέπεται
1910 495 1968 548 δὲ

2075 495 2152 547 Ad
2189 495 2320 564 quid
2377 496 2631 562 precibus
2689 497 2754 548 ad
2810 493 2976 547 Deum
3028 504 3167 556 opus
3216 487 3502 553 habemus,
3552 486 3648 558 qui

376 587 474 641 τό·
517 603 536 638 ‹
575 585 840 654 Ἐμίαναν
875 586 968 640 τὸν
1007 587 1133 640 ναὸν
1169 587 1261 641 τὸν
1302 587 1458 656 ἅγιόν
1500 603 1630 640 σου·
1674 586 1861 640 ἔθεντο
1899 585 1971 638 τὰ

2081 602 2169 640 res
2201 595 2422 641 nostras
2461 588 2622 656 plane
2655 586 2908 654 cognitas
2944 583 3148 639 habet?

390 678 695 749 θνησιμαῖα
743 677 855 730 τῶν
886 677 1087 731 δούλων
1121 695 1238 747 σου,
1280 698 1300 733 ι
1333 682 1427 734 καὶ
1488 680 1551 734 τὸ
1603 680 1730 750 ἑξῆς
1762 695 1778 712 ο
1817 681 2041 751 μονονοὺ
2093 679 2546 750 χρησμῳδοῦντος
2587 679 2682 733 τοῦ
2727 681 3008 748 Προφήτου
3063 679 3156 730 καὶ
3206 676 3534 746 θεοπάτορος
3580 675 3648 728 δι’

387 769 730 839 ὕποφητείας
785 768 897 822 τῶν
926 770 1305 842 ἠθροισμένων
1355 773 1435 837 είς
1462 773 1675 844 δέησιν,
1732 773 1828 828 καὶ
1877 771 2159 841 λέγοντος·
2195 770 2261 823 Τί
2307 771 2371 824 ἂν
2416 771 2496 825 ἔτι
2537 770 2790 842 δεοίμεθα
2859 768 3164 840 πρεσϐειῶν
3218 771 3295 832 είς
3331 768 3484 833 Θεὸν,
3520 766 3649 822 ἔνθα

380 863 577 932 ἐκείνῳ
605 861 675 916 τὰ
707 861 834 915 καθ’
859 863 1015 933 ήμῶν
1043 864 1460 934 ἀποπέφανταις

456 952 591 1024 ρλγ’.
611 950 773 1024 Εἷχεν
793 954 938 1008 οὕτω
962 956 1154 1024 ταῦτα,
1181 939 1423 1012 πλείοσιν
1447 959 1658 1028 ἑτέροις
1684 975 1964 1031 παρασπι-

382 1045 586 1116 ζόμενα
615 1048 1033 1116 συγκροτήμασι
1062 1047 1162 1118 τῆς
1184 1048 1281 1101 τοῦ
1310 1049 1485 1103 κακοῦ
1515 1051 1821 1119 δηλώσεως.
1852 1049 1965 1104 Καὶ

377 1139 562 1192 τοίνυν
609 1138 690 1208 τῷ
745 1140 926 1208 συχνῷ
977 1140 1180 1195 τούτων
1227 1143 1469 1206 ἀπαντες
1521 1143 1961 1213 ἀνεφρονοῦμεν,

378 1229 580 1300 ὄψιμον
612 1231 941 1298 συνάγοντες
970 1232 1117 1300 νοῦν,
1151 1235 1246 1288 καὶ
1275 1235 1336 1288 τὸ
1369 1233 1562 1306 πρώην
1592 1235 1792 1305 θράσος
1822 1237 1962 1290 ἀπο-

379 1323 721 1392 ποιούμενοι.
753 1327 828 1378 Οὐ
861 1325 972 1395 γὰρ
1004 1325 1070 1379 ἂν
1099 1327 1274 1381 ἐκεῖνο
1303 1328 1522 1399 θάρσος,
1553 1326 1783 1398 εἴποιμι,
1816 1328 1962 1382 ὲλλό-

379 1429 495 1481 γως
523 1415 764 1484 εἴχομεν,
815 1417 912 1470 καὶ
939 1417 1196 1486 ὲνοοῦμεν
1224 1421 1404 1474 οὐκέθ’
1425 1423 1558 1491 ἡμῖν
1585 1415 1725 1476 εἶναι
1756 1421 1957 1490 φυκτά.

379 1503 592 1559 Οὖκουν
616 1507 859 1577 ἔφθησαν
882 1511 1220 1580 καταντῆσαι
1246 1513 1325 1575 είς
1355 1514 1529 1584 πέρας
1552 1515 1609 1567 at
1631 1514 1738 1567 τῶν
1762 1513 1962 1585 ἐκκλη-

377 1597 514 1649 σιῶν
554 1598 833 1670 δεητήριοι
879 1602 1168 1672 ἁρμονίαι,
1207 1605 1303 1658 καὶ
1347 1607 1375 1659 ό
1419 1607 1681 1677 πόλεμος,
1724 1606 1806 1662 ἔτι
1849 1608 1958 1661 τῶν

375 1687 612 1758 ψαλμῶν
643 1669 977 1761 εἰλουμένων
1010 1697 1067 1748 ὲν
1100 1699 1212 1760 τοῖς
1243 1697 1353 1750 τῶν
1389 1669 1959 1770 δεομένων-στόμασι,
1989 1669 2036 1730 Β

381 1779 616 1849 θρήνους
646 1781 926 1852 πσρέὸυσε
947 1824 962 1848 ,
995 1785 1088 1837 καὶ⁹
1118 1786 1199 1848 είς
1229 1786 1390 1853 γόους
1422 1787 1673 1857 οἰκτροὺς
1705 1787 1798 1839 καὶ
1828 1787 1960 1840 ἀλα-

375 1869 624 1940 λαγμοὺς
650 1871 777 1943 ᾅδου
806 1874 1259 1945 ἀντιπεριέστησε
1281 1919 1295 1941 ,
1323 1877 1416 1929 καὶ
1450 1877 1531 1940 είς
1561 1876 1740 1946 φυγὴν
1763 1876 1961 1942 αὐτοὺς

376 1961 766 2030 ἀθροισθέντας
814 1963 1052 2038 ἕπτυρε,
1095 1968 1192 2022 καὶ
1233 1968 1456 2022 τοιαῦτα
1499 1970 1732 2034 διέθετο,
1775 1963 1961 2041 ὧνπερ

375 2054 479 2108 diu)
509 2057 888 2126 μεμνήσεσθαι
913 2059 1038 2122 τοὺς
1065 2058 1272 2124 ζῶντας
1298 2059 1357 2113 εν
1384 2078 1488 2132 περ
1512 2061 1744 2131 ὀνείροις
1763 2078 1776 2092 '
1802 2062 1961 2132 εἴπερ

376 2147 440 2200 οὐ
473 2147 542 2200 τά
573 2149 707 2220 ἡδέα
745 2150 907 2219 μόνον
938 2151 1310 2220 προπίπτουσι
1341 2152 1440 2220 τῆς
1473 2154 1595 2207 καθ’
1623 2155 1790 2210 ὕπνον
1821 2175 1958 2226 φαν-

375 2239 575 2303 τασίας
595 2277 611 2304 ,
643 2239 761 2294 ἀλλ’
786 2240 943 2296 οὐδὲν
972 2235 1136 2312 ἦττον
1166 2244 1261 2298 καὶ
1289 2245 1357 2297 τὰ
1387 2247 1551 2312 φόὸον
1583 2246 1959 2319 ἐνδειξάμενα.

452 2367 582 2438 ρλδί.
624 2370 736 2423 Καὶ
765 2369 941 2435 οὕτως
974 2371 1032 2438 ἐξ
1065 2373 1201 2437 ιδίας
1230 2373 1449 2446 ἔχθρας,
1483 2377 1581 2446 τῆς
1610 2395 1670 2432 τε
1700 2379 1840 2434 κατὰ
1868 2379 1961 2434 τὸν

379 2458 609 2530 βασιλέα
643 2460 1005 2531 Ἀνδρόνικον,
1037 2463 1132 2516 καὶ
1161 2464 1260 2532 τῆς
1287 2464 1431 2518 κατὰ
1459 2465 1548 2518 τὸν
1576 2466 1744 2520 δοῦκα
1773 2469 1958 2534 Δαυῖδ,

376 2550 563 2603 κοινὸν
591 2553 762 2606 κακὶν
791 2553 1138 2624 κατέσκηψεν
1164 2555 1434 2610 ἀνάπαλιν
1463 2557 1541 2628 τῷ
1568 2575 1964 2627 γνωματευσα-

377 2642 530 2714 μένῳ
546 2643 718 2698 πολλὰ
746 2644 857 2698 τῶν
873 2645 1071 2700 κοινῶν
1097 2648 1240 2702 κατά
1266 2666 1416 2712 τινας
1441 2650 1577 2713 ἰδίας
1605 2650 1806 2722 ἔχθρας
1830 2651 1960 2721 λαγ-

372 2734 564 2803 χάνειν
614 2733 1008 2806 ἐπανόρθωσιν.
1045 2737 1157 2792 Καὶ
1199 2739 1301 2794 οὐκ
1340 2741 1610 2813 εὐφραδὴς
1651 2742 1867 2814 ἡμέρα,
1925 2745 1959 2814 ἠ

371 2828 478 2898 τῆς
516 2827 894 2898 πανωλεθρίας
916 2870 930 2894 ,
967 2832 1285 2904 κατερράγη
1319 2834 1450 2904 ἡμῖν
1477 2851 1492 2867 ο
1529 2834 1596 2906 ἢν
1631 2824 1823 2906 ἤθελον
1861 2835 1960 2906 μὲν

368 2920 444 2974 ὲκ
477 2919 586 2972 τῶν
619 2919 714 2973 τοῦ
752 2921 917 2976 καλοῦ
953 2922 1200 2976 ἐνιαυτοῦ
1235 2925 1726 2997 ἀναπληρωμάτων
1761 2927 1960 2982 αὐτίκα

368 3011 698 3080 ἐκκοπῆναι,
733 3013 916 3065 ὁποῖόν
946 3029 997 3066 τι
1032 3012 1406 3086 λελυπημένος
1444 3016 1538 3070 καὶ
1570 3017 1598 3068 ὁ
1632 3017 1955 3087 καρτερικὸς
1983 3007 2026 3066 C

381 3103 509 3156 ἰὼὸ
525 3101 738 3168 εὔξατο.
772 3103 916 3157 Ἀλλ’
940 3104 969 3157 ὀ
997 3105 1259 3170 ἐπιτάξας
1275 3106 1353 3177 τῷ
1380 3106 1514 3178 ἡλίῳ
1540 3107 1742 3180 ὁρίζειν
1767 3108 1834 3162 τὰ
1860 3109 1953 3162 τοῦ

366 3193 624 3249 ἐνιαυτοῦ
667 3197 792 3250 καθ’
823 3197 1016 3268 είρμδν
1054 3197 1146 3250 τὸν
1191 3197 1286 3251 ἀπ’
1319 3199 1569 3266 αἰώνων,
1609 3199 1955 3264 ὲξουδενώσει

367 3289 590 3351 πάντως
630 3289 692 3341 τὸ
730 3288 835 3358 τῆς
879 3289 1046 3359 εὐχῆς
1086 3290 1312 3360 ταύτης,
1353 3292 1734 3356 πεπαιδευκὼς
1781 3292 1956 3356 ἄλλως

365 3377 663 3448 εὔχεσθαι,
691 3377 1208 3452 ἀνθρωπικώτερον.
1237 3381 1310 3434 Τὸ
1336 3380 1446 3451 γὰρ
1470 3381 1614 3435 οὕτω
1641 3384 1957 3450 γονυπετεῖν

367 3469 431 3521 ἀν
456 3467 708 3539 δεήσεσιν
731 3469 833 3522 ούκ
857 3469 923 3524 ἂν
946 3470 1033 3541 εἴη
1057 3470 1237 3542 ψυχῆς
1266 3470 1340 3542 μὴ
1367 3472 1848 3543 παραφερομένης,
1875 3468 1957 3536 οἷς

369 3561 699 3616 παθαίνεται
719 3579 735 3594 ο
760 3561 884 3616 ὅθεν
907 3567 1004 3619 καὶ
1030 3566 1378 3633 συγγνωστὰ,
1402 3568 1451 3619 εἰ
1477 3567 1575 3621 καὶ
1596 3565 1741 3621 οὕτω
1764 3567 1958 3621 λαλοῦ-

371 3670 499 3724 μεν.
525 3654 678 3708 Λίθοι
701 3654 810 3724 γὰρ
832 3654 1068 3710 ἐνταῦθα
1091 3657 1192 3710 οὐκ
1213 3657 1280 3712 ἂν
1303 3659 1658 3729 παθήναιντο,
1681 3659 1776 3712 καὶ
1796 3659 1958 3724 ὅσους

364 3745 496 3800 κατ’
520 3745 740 3810 αὐτούς.
770 3746 894 3810 Πῶς
919 3747 1029 3818 γὰρ
1053 3749 1362 3820 ἄνθρωπος,
1391 3749 1520 3805 ἔνθα
1543 3750 1640 3804 καὶ
1663 3750 1772 3804 τῶν
1798 3751 1957 3806 πολε-

373 3838 518 3908 μίων
542 3839 588 3890 οί
621 3839 943 3910 φαινόμενοι
971 3839 1104 3892 Θεὸν
1130 3839 1353 3904 εἰδέναι,
1377 3841 1474 3894 καί
1496 3857 1551 3894 τι
1575 3841 1720 3911 ἔχειν
1745 3841 1954 3906 οτκτου,

369 3931 470 3985 καὶ
501 3931 819 4002 ἀθηρίωτοι,
851 3929 1114 4001 ἐδάκρυον
1147 3930 1241 3984 καὶ
1275 3931 1692 3998 κατεστέναζον,
1727 3931 1956 4003 βλέπον-

368 4043 468 4090 τες
503 4025 656 4080 πόλιν
681 4025 943 4097 τοιαύτην
969 4025 1113 4079 οὕτω
1145 4027 1558 4099 κατῃκισμένην
1588 4027 1684 4081 καὶ
1714 4029 1958 4099 ἐζημιω-

371 4119 548 4189 μὲνην
575 4119 797 4183 κακοῖς,
829 4117 1006 4186 ἅπερ,
1038 4119 1086 4171 εί
1115 4117 1409 4190 διενεμήθη
1429 4156 1446 4184 ,
1479 4119 1736 4190 πλείστην
1763 4119 1830 4174 ἂν
1857 4121 1957 4189 τῆς

368 4211 704 4282 οἰκουμένης
745 4212 826 4276 είς
869 4210 1292 4280 εὐδαιμονισμὸν
1330 4210 1673 4281 ἐξήρτυσανς
1723 4211 1799 4265 Ού
1847 4211 1955 4282 γὰρ

367 4305 530 4370 πόλις
553 4300 623 4376 ἦν
645 4304 681 4372 ἡ
706 4302 914 4370 ἁπλῶς,
938 4302 1074 4357 ἀλλὰ
1100 4302 1365 4372 μακάρων
1387 4302 1481 4373 γῆ,
1502 4301 1690 4356 ὁποίαν
1711 4304 1740 4356 ὁ
1767 4302 1954 4371 μαθὼν
1979 4341 2034 4402 D

365 4399 474 4452 οὐκ
502 4397 569 4452 ἂν
595 4396 712 4466 ἔχοι
744 4393 1009 4451 λαθέσθαι
1041 4393 1216 4463 αὐτῆς
1241 4411 1256 4426 ·
1289 4395 1324 4465 ἢ
1351 4393 1628 4447 ,θάλλουσα
1662 4394 1812 4446 ἐσαεὶ
1841 4394 1953 4458 τοῖς

368 4491 516 4548 κατά
546 4491 753 4562 κόσμον
783 4489 993 4562 καλοῖς,
1026 4485 1290 4556 ἐξήνθησε
1318 4486 1440 4539 τότε
1471 4485 1835 4558 ἀτημελήτοις
1867 4503 1955 4540 νε·

369 4584 560 4654 κροῖς,
593 4560 668 4637 ὧν
700 4580 796 4635 καὶ
831 4560 1003 4634 εἰσέτι
1037 4579 1267 4651 σώματα
1303 4578 1511 4648 ἀκηδέα
1543 4579 1721 4633 κεῖται
1756 4579 1815 4632 ὲν
1851 4595 1958 4633 πα-

368 4676 692 4750 ραδύστοις,
716 4672 950 4744 ἀνδρῶν,
977 4671 1275 4742 γυναικῶν,
1297 4669 1530 4741 νηπίων,
1556 4669 1830 4740 ἀκμαίων,
1859 4687 1957 4741 με·

367 4768 672 4825 σαιπολίων
695 4806 713 4833 ,
777 4767 1051 4839 γερόντων
1081 4781 1097 4798 ·
1166 4766 1342 4819 εἰπεῖν
1399 4765 1462 4818 τὸ
1522 4763 1910 4835 ἀνηλεέστερον
1935 4806 1951 4832 ,

364 4859 743 4934 παρειμένων,
772 4857 807 4931 ἢ
839 4857 934 4926 καὶ
959 4857 1092 4930 ,ἄλλο
1115 4873 1169 4912 τι
1199 4855 1344 4920 σίνος
1373 4856 1658 4912 παθόντων
1683 4857 1956 4930 ἀποτυχίᾳ

365 4951 588 5020 φύσεως
607 4965 622 4980 ·
650 4949 749 5004 καὶ
773 4948 956 5004 αὐτῶν
979 4947 1044 5019 δὴ
1069 4947 1180 5001 τῶν
1207 4947 1521 5019 δπηδήποτε
1546 4948 1954 5020 νοσοκομουμέ-

361 5059 512 5107 νων,
544 5038 640 5104 οὓς
676 5039 803 5095 οὔτε
835 5042 1014 5112 τεῖχος
1049 5037 1226 5106 εῖδεν,
1262 5039 1376 5094 οὗθ’
1402 5041 1568 5096 ὅπλον
1601 5041 1814 5113 έτριψε.
1849 5042 1955 5097 Τὸν

361 5132 504 5202 γοῦν
530 5130 989 5202 ἐκκλησιαστικὸν
1016 5129 1225 5204 ξενῶνα
1255 5129 1640 5204 εἰσδραμόντες
1669 5132 1718 5185 οί
1748 5131 1950 5201 δεινοὶ,

361 5226 464 5281 καὶ
492 5223 636 5279 κατά
666 5222 837 5278 σκιῶν
864 5221 1232 5293 ἀνδρίζεσθαι,
1263 5222 1482 5294 πρῶτον
1510 5223 1592 5287 είς
1621 5223 1821 5288 αὐτοὺς
1848 5225 1953 5279 ἀπ-

360 5317 684 5389 ησχόλησαν
711 5315 780 5370 τά
812 5314 942 5386 ξίφη
963 5331 980 5348 ο
1017 5313 1158 5386 μετά
1189 5314 1248 5369 δὲ
1281 5315 1439 5370 κενὸν
1465 5316 1528 5369 τὸ
1558 5317 1668 5371 πᾶν
1698 5317 1950 5386 ἀφῆκαν,

360 5405 440 5467 ὧν
474 5409 631 5472 ἐντὸς
667 5406 858 5476 εστεγε
880 5447 894 5471 ,
928 5405 1039 5460 τῶν
1073 5423 1136 5460 τε
1171 5406 1326 5479 πρὸς
1347 5407 1630 5478 ἰατρείαν,
1665 5410 1758 5462 καὶ
1788 5403 1871 5471 οἷς
1903 5409 1952 5462 oi

361 5501 667 5574 τληπαθεϊς
694 5501 1008 5554 ἑσκέποντο.
1038 5500 1148 5554 Καὶ
1181 5499 1278 5554 νῦν
1303 5501 1366 5554 τὸ
1391 5500 1632 5554 τοιοῦτον
1661 5501 1824 5555 καλὸν
1852 5501 1954 5556 οὐκ

360 5593 482 5666 ἔχει
509 5592 635 5647 τινά
665 5591 1017 5661 ξεναγωγετν.
1053 5591 1196 5646 Ἀλλ’
1218 5593 1268 5646 οί
1298 5591 1435 5663 πρὸς
1464 5593 1790 5663 νοσοκομίαν
1818 5593 1953 5647 ἀπο-

362 5680 618 5744 νεύοντες
650 5682 938 5751 ὲρχόμενοι
958 5719 977 5745 ,
1010 5681 1108 5734 καὶ
1137 5682 1200 5736 τὸ
1233 5682 1457 5753 κένωμα
1494 5682 1787 5754 βλέποντες
1806 5723 1822 5749 ,
1857 5685 1954 5739 καὶ

361 5773 426 5829 τὸ
452 5774 592 5845 πρὸς
619 5773 834 5844 ὑγίειαν
861 5772 1134 5847 βοήθημα,
1159 5774 1291 5830 ὡσεὶ
1317 5775 1414 5830 καὶ
1441 5773 1672 5844 θανάτου
1700 5776 1952 5844 καταγώ-

2153 958 2276 1014 155.
2322 957 2446 1013 llaec
2491 965 2544 1013 et
2595 958 2753 1027 plura
2811 957 2914 1010 alia
2973 955 3038 1008 ad
3095 967 3370 1008 mruninas
3425 961 3646 1008 nostras

2071 1052 2496 1122 conSpirahant,
2550 1065 2785 1120 quarum
2835 1046 3141 1116 frequentia
3178 1045 3306 1099 fecit
3342 1052 3402 1098 ut
3447 1044 3647 1113 resipi-

2070 1159 2377 1209 sceremus,
2399 1154 2451 1198 et
2475 1142 2785 1198 temeritate
2814 1141 3060 1210 deposita
3091 1153 3224 1194 sana
3255 1147 3434 1192 mente
3459 1137 3646 1192 omnia

2070 1237 2537 1291 examinaremus.
2583 1234 2678 1288 Illa
2715 1233 2860 1287 enim
2899 1232 3129 1285 audacia
3167 1229 3438 1284 rationem
3474 1228 3648 1284 comi-

2071 1335 2177 1381 tem
2231 1341 2341 1380 non
2394 1325 2654 1388 habebat,
2701 1332 2755 1379 et
2789 1323 2929 1377 nihil
2963 1321 3124 1376 nobis
3171 1319 3489 1388 fugiendum
3521 1332 3647 1374 esse

2063 1417 2476 1488 judicabamus.
2515 1416 2607 1472 Sic
2639 1418 2802 1486 igitur
2829 1417 2956 1470 dum
2991 1416 3045 1468 in
3078 1411 3437 1468 concionibns
3470 1411 3648 1467 eccle-

2067 1509 2314 1564 siasticis
2360 1509 2610 1564 solamen
2653 1508 2991 1577 quaerebant,
3030 1505 3256 1568 bellum,
3291 1519 3416 1558 cum
3448 1503 3643 1573 psalmi

2067 1613 2098 1652 a
2128 1597 2573 1669 supplicantibus
2617 1605 2974 1660 canerentur,
3036 1593 3462 1650 lamentationes
3513 1608 3646 1663 sug-

2063 1692 2253 1761 gessit,
2294 1691 2352 1745 in
2382 1691 2621 1762 gemitus
2655 1698 2711 1746 et
2737 1688 3028 1744 infernalia
3071 1687 3310 1756 suspiria
3335 1686 3641 1748 convertit,

2062 1795 2118 1839 et
2149 1784 2413 1838 concione
2441 1781 2714 1852 dissipata
2744 1782 2962 1837 animos
2992 1781 3063 1836 ita
3094 1779 3281 1834 aﬂecit
3314 1786 3370 1832 ut
3404 1777 3495 1846 qui
3528 1777 3643 1831 vita

2062 1875 2391 1944 superstites
2422 1881 2610 1937 erant,
2642 1874 2933 1944 lugubrem
2965 1873 3131 1928 istius
3164 1870 3494 1926 calamitatis
3531 1883 3645 1923 me-

2062 1968 2292 2022 moriam
2327 1967 2609 2022 servaturi
2644 1965 2778 2028 sint,
2811 1964 3085 2035 siquidem
3119 1978 3226 2018 non
3246 1963 3502 2032 jucunda?
3528 1971 3646 2016 tau-

2063 2071 2176 2114 tum
2209 2073 2318 2125 res,
2351 2057 2448 2114 sed
2491 2056 2858 2114 formidolosae
2881 2056 3050 2111 etiam
3085 2054 3472 2111 dormientium
3504 2055 3645 2110 ima-

2061 2153 2398 2224 ginationem
2437 2158 2693 2223 tangunt.

2132 2376 2256 2432 154.
2294 2375 2386 2432 Sic
2416 2391 2482 2432 ex
2513 2375 2640 2430 odio
2673 2375 2889 2445 privato
2919 2374 2975 2429 ln
3008 2371 3386 2429 Andronicum
3427 2377 3481 2427 et
3525 2371 3632 2425 Da-

2064 2469 2245 2524 videm
2286 2467 2482 2522 ducem
2519 2467 2724 2521 malum
2751 2479 3044 2521 commune
3079 2479 3274 2520 rursus
3325 2464 3537 2533 ingruit
3574 2465 3632 2518 in

2060 2561 2275 2615 animos
2301 2575 2520 2626 eorum,
2560 2558 2654 2628 qui
2710 2557 2954 2612 sentiunt
2988 2557 3250 2626 pleraque
3298 2556 3440 2609 mala
3487 2569 3644 2608 com-

2060 2652 2252 2707 munia
2314 2652 2382 2706 ab
2429 2651 2560 2706 odio
2619 2651 2836 2721 privato
2888 2648 3172 2704 emendari
3226 2663 3410 2718 posse.
3467 2646 3642 2702 Nobis

2061 2755 2244 2800 autem
2282 2761 2390 2799 non
2431 2744 2664 2815 pulchra
2699 2745 2853 2809 dies,
2883 2743 3012 2798 .imo
3065 2757 3186 2812 qua:
3244 2741 3409 2797 nobis
3462 2740 3642 2796 omni-

2062 2839 2164 2893 bus
2216 2839 2449 2894 exitiosa
2497 2838 2643 2904 fuit,
2719 2837 2941 2902 illuxit,
3009 2845 3064 2894 et
3135 2850 3301 2908 quam
3368 2849 3436 2890 ex
3506 2833 3640 2888 anni

2062 2930 2236 3000 spatio
2261 2930 2444 2986 statim
2478 2929 2706 2986 recisam
2757 2929 2973 2996 vellem,
3041 2929 3187 2984 sicut
3239 2925 3342 2982 Job
3409 2924 3467 2979 in
3503 2924 3640 2980 ami-

2060 3023 2246 3080 ctione
2296 3037 2362 3077 ac
2414 3037 2652 3079 maerore
2706 3039 2808 3078 suo
2856 3022 3185 3093 deprecatus
3223 3031 3331 3077 est.
3387 3019 3494 3076 Sed
3543 3020 3640 3088 qui

2061 3115 2180 3171 soli'
2228 3114 2298 3170 ab
2356 3113 2516 3168 initio
2575 3114 2904 3169 saeculorum
2955 3128 3178 3168 cursum
3252 3111 3639 3182 praescripsit,

2061 3202 2202 3258 istas
2242 3216 2437 3273 preces
2475 3203 2707 3272 respuit,
2762 3212 2951 3271 utpote
3006 3203 3262 3257 humana
3301 3187 3511 3257 natuiae
3553 3203 3642 3257 in-

2059 3307 2352 3363 congruas.
2380 3292 2624 3348 Genihus
2651 3294 2796 3347 enim
2823 3293 2981 3348 ﬂexis
3005 3309 3165 3349 orare
3189 3309 3297 3348 non
3327 3305 3416 3350 est
3441 3296 3640 3351 animae

2059 3400 2182 3455 quae
2216 3385 2361 3439 mala
2395 3385 2666 3456 patienter
2701 3384 2848 3450 fert;
2886 3385 3120 3456 ideoque
3171 3387 3410 3442 sermoni
3447 3397 3640 3442 nostro

2061 3477 2458 3548 ignoscendum
2500 3476 2627 3532 erit.
2666 3475 2802 3531 Nam
2839 3477 3048 3548 lapides
3097 3477 3204 3548 ipsi
3239 3493 3346 3532 non
3391 3486 3639 3534 tacerent

2061 3567 2116 3622 in
2181 3567 2289 3622 isto
2345 3572 2490 3620 statu
2555 3566 2744 3635 positi.
2786 3563 3075 3631 Quomodo
3117 3565 3263 3619 enim
3305 3564 3472 3622 homo
3525 3583 3638 3623 non

2060 3665 2374 3713 moveretur
2402 3697 2417 3722 ,
2454 3655 2548 3710 ubi
2588 3655 2672 3710 vel
2716 3654 2864 3710 inter
2895 3655 3084 3710 hostes
3121 3655 3157 3710 ii
3205 3655 3296 3727 qui
3331 3654 3424 3712 Dei
3458 3657 3640 3712 notio-

2060 3765 2186 3805 nem
2235 3750 2457 3814 habere,
2499 3763 2564 3805 ac
2611 3747 2996 3803 misericordia
3047 3749 3256 3805 moveri
3311 3757 3636 3818 censentur,

2059 3840 2474 3912 lacrymabnndi
2545 3842 2875 3910 gemebant,
2942 3842 3134 3896 urbem
3189 3843 3396 3909 talem,
3473 3847 3641 3900 tantis

2058 3934 2317 3988 aerumnis
2352 3934 2626 3999 obrutam,
2669 3941 2723 3988 et
2772 3941 2852 3988 tot
2883 3932 3042 3989 bonis
3065 3933 3310 3988 orbatam
3355 3934 3638 4002 videntes,

2057 4041 2182 4098 qua:
2229 4027 2277 4081 si
2328 4025 2592 4095 repartita
2636 4024 2894 4092 fuissent,
2930 4040 3184 4097 magnam
3220 4033 3384 4082 terrae
3425 4039 3636 4098 partem

2063 4118 2368 4174 beassent?
2404 4116 2522 4172 Non
2557 4118 2703 4172 enim
2747 4119 2879 4173 urbs
2920 4117 3164 4188 vulgaris
3196 4130 3336 4184 erat,
3375 4119 3471 4174 sed
3519 4119 3635 4174 for-

2059 4217 2372 4264 tunatorum
2416 4205 2596 4272 sedes,
2619 4220 2782 4275 quam
2817 4204 2911 4275 qui
2958 4213 3213 4269 noverat,
3239 4204 3492 4262 oblivisci
3526 4221 3637 4262 non

2059 4307 2306 4370 poterat;
2339 4314 2461 4368 quae
2494 4298 2652 4353 bonis
2703 4298 3057 4353 terrestribus
3087 4311 3305 4368 semper
3338 4298 3632 4357 abundans

2063 4402 2195 4448 tunc
2238 4391 2599 4446 cadaveribus
2647 4388 2918 4457 scatebat,
2965 4405 3088 4461 qua:
3117 4406 3274 4447 nunc
3324 4406 3546 4464 quoque
3579 4393 3638 4449 in

2060 4482 2198 4539 locis
2253 4483 2510 4539 obscuris
2566 4482 2775 4554 jacent,
2829 4483 3098 4549 virorum,
3157 4484 3472 4551 mulierum,
3503 4501 3637 4554 pue-

2059 4589 2270 4641 rorum,
2302 4573 2620 4638 infantium,
2648 4573 2986 4639 adulterum,
3017 4572 3210 4628 mediae
3228 4576 3636 4640 aetatis,senum

2058 4664 2372 4720 miserrime
2401 4664 2818 4730 derelictorum,
2855 4671 2952 4719 aut
2991 4661 3038 4718 si
3061 4664 3179 4728 ,alia
3207 4678 3238 4717 a
3268 4672 3466 4718 natura
3498 4663 3626 4719 labe

2058 4758 2244 4814 afflicti
2264 4767 2597 4829 erant,quos
2613 4766 2795 4814 tamen
2823 4771 2923 4814 nec
2942 4770 3135 4814 murus
3156 4755 3369 4811 viderat
3399 4770 3498 4810 nec
3529 4758 3634 4812 tela

2056 4852 2368 4922 tetigeraut.
2385 4850 2520 4907 Cum
2537 4852 2592 4905 in
2611 4847 3108 4920 ecclesjaSticorum
3123 4846 3414 4918 hospitium
3434 4848 3636 4903 intras-

2053 4953 2199 5012 sent,
2253 4959 2417 4998 manu
2466 4943 2654 5008 fortes,
2701 4955 2827 4996 cum
2881 4939 3092 4996 umbris
3131 4953 3375 5011 pugnare
3407 4941 3630 5006 assueti,

2055 5037 2234 5109 primo
2244 5034 2454 5107 gladios
2484 5036 2537 5089 in
2554 5035 2700 5105 ipsos
2716 5041 3029 5098 verterunt;
3049 5041 3238 5102 postea
3259 5046 3391 5087 vero
3413 5045 3630 5113 omnem

2053 5127 2234 5185 locum
2251 5126 2606 5183 habitandum
2637 5124 2864 5181 medicis
2886 5132 2941 5179 et
2960 5133 3292 5195 aegrotorum
3311 5123 3633 5181 custodibus

2051 5208 2429 5290 reliquerunt.
2459 5217 2717 5273 Attamen
2746 5217 2861 5272 haec
2906 5215 3202 5287 magnifica
3229 5216 3427 5272 domus
3456 5216 3633 5271 nemi-

2054 5327 2181 5368 nem
2214 5312 2396 5368 adhuc
2423 5311 2662 5382 hospitio
2689 5308 2926 5379 excepit.
2957 5307 3060 5375 Qui
3089 5316 3272 5364 autem
3303 5307 3372 5363 ad
3397 5316 3633 5379 aegroto-

2055 5419 2180 5460 rum
2226 5403 2566 5458 curationem
2608 5411 2898 5469 venerunt,
2939 5401 3056 5457 loco
3078 5417 3254 5456 vacuo
3303 5409 3626 5471 conspecto,

2057 5498 2110 5554 id
2139 5511 2312 5568 genus
2340 5495 2527 5550 auxilii
2553 5493 2621 5548 ad
2655 5503 2886 5549 mortem
2910 5491 3163 5547 ducentis
3189 5491 3623 5561 perhorrescen-

2056 5600 2160 5657 tes,
2193 5590 2369 5656 capita
2400 5587 2694 5643 tundentes
2721 5595 2777 5641 et
2797 5584 2958 5656 quasi
2977 5585 3030 5640 in
3056 5583 3321 5639 extremis
3349 5588 3628 5652 gementes

2057 5681 2281 5737 domum
2313 5679 2567 5744 redeunt,
2601 5679 2764 5734 morti
2794 5694 2854 5734 se
2897 5675 3358 5735 commendaturi.
3401 5674 3482 5729 lbi
3524 5687 3627 5727 nec

2055 5781 2288 5848 guttam,
2322 5786 2425 5830 nec
2450 5779 2760 5846 ramentum
2782 5769 3126 5828 salutiferam
3151 5777 3248 5827 aut
3278 5767 3424 5826 aliud
3451 5766 3630 5824 simile
