4084 6436
554 297 651 362 131

1307 313 1724 375 EUSTATHII
1764 317 2513 384 THESSALONICENSIS
2551 323 3114 385 METROPOLITM
3668 321 3757 387 132

540 411 692 466 ullibi
736 411 788 466 in
823 413 1043 470 deserta
1073 417 1206 472 urbe
1241 419 1561 484 invenisses,
1595 425 1721 492 quia
1764 425 1982 479 barbari
2039 425 2115 478 fe—

2217 449 2356 499 γιον,
2389 432 2934 502 ἀποτροπιαζόμενοι,
2968 433 3257 495 τύπτοντες
3287 431 3382 496 τάς
3410 432 3582 485 αὐτῶν
3612 451 3764 502 κεφα-

539 517 698 558 roces
741 513 793 558 et
830 506 1108 563 inhumani
1132 511 1311 564 omnia
1347 514 1708 580 abstulerant,
1739 517 1985 571 homines
2030 519 2115 571 in-

541 593 673 646 culti
713 606 762 647 et
788 595 984 663 ignari,
1015 600 1131 653 sine
1154 616 1363 654 ntorum
1395 606 1592 656 nedum
1628 606 1830 660 artium
1873 608 2112 674 cultura,

539 697 769 750 quarunt
810 700 874 739 ne
903 689 1205 742 rudimenta
1260 693 1478 762 quidem
1535 706 1834 762 no'erant;
1871 697 2119 754 homines

541 774 848 842 eloquentia
904 793 1058 844 aeque
1103 791 1157 833 at
1189 787 1491 837 venustatis
1546 787 1822 842 industriae
1845 789 2116 858 vulgaris-

544 865 695 919 sima:
724 872 1101 938 expertes,qui
1136 884 1374 928 nosuam
1414 877 1600 931 urbem
1647 880 1906 934 omnibus
1959 881 2112 935 hisce

541 953 700 1009 bonis
742 959 1044 1025 privarunt,
1101 963 1172 1016 ita
1233 973 1288 1018 ttt
1333 967 1528 1020 mirum
1575 985 1681 1022 non
1729 970 1797 1023 sit
1847 973 1988 1039 quod
2035 981 2113 1026 tot

539 1048 715 1100 credes
756 1049 932 1101 locum
976 1053 1284 1122 habuerint,
1337 1059 1605 1126 siquidem
1651 1061 1733 1114 vel
1781 1063 2112 1118 animalibus

542 1151 647 1189 non
687 1153 1048 1208 pepercerunt
1083 1145 1134 1198 in
1172 1145 1353 1201 furore
1381 1164 1482 1203 suo
1516 1152 1646 1205 etin
1675 1167 1824 1216 vasa,
1867 1161 1926 1207 ut
1972 1154 2115 1224 levy-

539 1229 667 1283 tltos
699 1239 751 1285 et
779 1233 883 1286 alia
923 1235 1115 1290 viliora
1149 1237 1524 1297 ittszevierunt.
1575 1244 1726 1299 Adde
1759 1247 1902 1314 quod
1961 1249 2114 1302 multi

540 1323 677 1376 adeo
725 1328 982 1382 vecordes
1015 1327 1236 1383 fuerunt
1265 1343 1320 1386 ut
1354 1348 1454 1388 nec
1484 1349 1670 1390 verum
1724 1345 1926 1392 Statum
1962 1339 2116 1394 vide-

543 1423 684 1465 l‘i‘ill.

2213 525 2328 586 λάς.
2354 525 2448 578 καὶ
2468 523 2792 592 οἰμώζοντες
2811 521 2884 584 ὡς
2907 523 3264 585 ἐπιτελεύτια,
3289 525 3763 594 ἐπαναστρέφουσιν

2213 616 2394 669 οἶκαδε
2417 653 2430 676 ,
2466 616 2559 667 καὶ
2596 616 2836 676 κεῖνται,
2869 614 3082 683 Θανάτῳ
3117 613 3502 684 ἐπιτρέψαντες
3534 614 3760 676 ἑαυτούς.

2215 702 2347 755 Οὐδέ
2387 701 2497 770 γὰρ
2534 701 2655 753 οὐδὲ
2697 701 2810 753 ἔστι
2854 701 3042 771 ρανίδα
3083 701 3115 771 ἢ
3159 702 3355 771 ψῆγμά
3392 719 3444 754 τι
3487 703 3763 772 νοσήλειον.

2215 791 2324 844 οὐδ’
2354 791 2537 844 ἄλλοθί
2579 809 2679 844 που
2724 791 2821 858 τῆς
2865 791 2987 843 καθ’
3016 792 3164 859 ἡμᾶς
3205 790 3582 861 ἐρημοπόλεως
3621 791 3765 857 εὑρέ-

2221 883 2375 947 σθαι,
2409 883 2625 934 πάντων
2658 881 2761 933 ὑπὸ
2789 881 2896 932 τῶν
2926 882 3018 933 καὶ
3049 883 3320 950 ἀγροίκων
3350 883 3444 934 καὶ
3474 882 3765 948 ἀπηνεστά-

2218 992 2326 1028 των
2365 973 2812 1042 ἐξηφανισμένων
2837 990 2850 1004 ·
2892 972 2940 1025 οἳ
2985 973 3242 1042 οὐδεμίαν
3279 972 3440 1041 χάριν
3481 974 3553 1042 μὴ
3593 973 3670 1024 ὅτι
3709 990 3765 1040 γε

2219 1065 2743 1128 καταπλουτοῦντες,
2771 1063 2886 1117 ἀλλ’
2909 1063 3028 1117 ούδέ
3057 1058 3211 1132 οἶμαι
3253 1064 3451 1125 είδότες
3473 1080 3486 1094 ·
3510 1063 3766 1131 ἄνθρωποι

2219 1159 2574 1228 ἀχαρίστεροι
2598 1160 2839 1221 πάντων,
2865 1153 2939 1210 ὧν
2963 1156 3026 1210 ἂν
3049 1155 3191 1208 εἴποι
3212 1174 3314 1220 τις,
3336 1159 3429 1208 καὶ
3453 1155 3602 1223 λόγον
3623 1155 3767 1208 ἄλλον

2217 1251 2593 1320 ἀπειρόκαλοι,
2625 1250 2812 1302 καθότι
2839 1249 2915 1319 τῷ
2944 1249 3145 1320 χυδαίῳ
3172 1249 3269 1315 τῆς
3302 1246 3648 1307 πολιτεύσεως
3675 1264 3766 1298 κα-

2220 1343 2311 1396 λοῦ
2344 1341 2539 1403 παντὸς
2571 1337 2709 1411 ἦσαν
2739 1341 3044 1409 ἀπείρατοι,
3079 1339 3173 1391 καὶ
3203 1339 3308 1389 τῶν
3339 1336 3587 1390 τοιούτων
3615 1337 3770 1390 ἁπάν-

2220 1448 2328 1483 των
2365 1428 2584 1497 ἀγαθῶν
2618 1429 2716 1496 τὴν
2749 1428 2872 1482 καθ’
2899 1429 3045 1496 ἡμᾶς
3082 1427 3232 1479 πόλιν
3267 1425 3668 1495 ἀπωρφά-ιισαν,
3701 1424 3768 1484 ὡς

542 1509 740 1575 μηκέτι
767 1509 1162 1582 θαυμάζεσθαι,
1188 1520 1238 1572 τί
1264 1519 1460 1590 δήποτε
1511 1522 1664 1576 αὐτοὶ
1718 1524 1836 1577 κατ’
1859 1515 2160 1595 ἀνθρώπων
2219 1526 2441 1580 θάνατοι
2476 1524 2794 1594 αὐτόχρημα
2829 1522 3126 1591 ἐξέϐησαν,
3162 1521 3210 1572 εί
3243 1520 3364 1589 δίχα
3397 1521 3502 1572 τῶν
3534 1519 3768 1572 τοιούτων

541 1605 634 1654 καὶ
683 1605 894 1673 ἀλόγων
937 1612 1177 1678 ἀφειδεῖς
1222 1611 1359 1685 ἦσαν
1402 1617 1543 1670 κατά
1595 1618 1791 1687 μανίαν
1835 1621 1934 1692 τὴν
1983 1621 2108 1674 καθ’
2139 1622 2432 1692 ἡμῶν,καὶ
2486 1621 2731 1689 ἀγγείοις
2787 1615 3068 1684 ἐνύϐριζον
3092 1616 3170 1676 είς
3211 1614 3592 1682 κατάκλασμα,
3618 1613 3769 1682 μέχρι

539 1698 636 1748 καὶ
666 1699 844 1752 αὐτῶν
873 1701 1119 1769 λαγύνων
1146 1709 1235 1759 καὶ
1265 1708 1533 1778 ληκύθων,
1564 1711 1656 1762 καὶ
1722 1711 1777 1763 εῐ
1821 1729 1872 1764 τι
1931 1713 2283 1783 φαυλότερον.
2315 1714 2378 1766 Ol.
2431 1713 2490 1766 δὲ
2548 1711 2642 1765 καὶ
2673 1709 2844 1772 ἄλλως
2875 1709 2952 1769 εἰς
2980 1705 3136 1759 τόσον
3164 1707 3492 1776 ἀγροικικῶς
3521 1703 3676 1776 εἶχον,
3703 1705 3770 1766 ὡς

544 1791 680 1860 μηδέ
720 1791 1018 1863 ὀφθαλμοῖς
1058 1815 1187 1850 ποτε
1227 1800 1574 1855 διαλαϐέσθαι
1613 1802 1790 1855 δοκεῖν
1825 1804 1894 1858 τά
1934 1808 2346 1880 σπουδαιότερα.

627 1884 750 1938 155.
778 1884 949 1954 Igitur
974 1890 1171 1944 multas
1199 1908 1288 1948 res
1312 1897 1582 1961 pretiosas
1610 1900 1664 1953 in
1689 1899 1866 1955 saccis
1898 1914 1961 1954 ac
1983 1916 2119 1968 pan-

557 1976 644 2030 nis
676 1977 840 2032 lineis
871 1985 1120 2036 certatim
1145 1985 1501 2055 collegerunt,
1543 1991 1648 2045 alia
1685 1995 1834 2047 intus
1867 2007 2117 2062 compre-

545 2066 877 2135 henderunt,
918 2088 1175 2130 vasorum
1213 2093 1308 2134 ora
1361 2083 1711 2149 recludendo,
1758 2087 1885 2140 vilia
1937 2095 2117 2140 autem

543 2175 674 2216 vasa
730 2162 784 2216 iu
836 2163 993 2220 fenus
1039 2167 1387 2226 destinarunt
1415 2213 1432 2239 ,
1460 2179 1759 2242 prmsertim
1796 2178 1866 2232 iis
1921 2178 2113 2234 diebus

2294 1907 2420 1978 ρλεν.
2463 1909 2674 1974 Λινέοις
2720 1909 2849 1980 γοῦν
2891 1901 3231 1974 σπειράμασι
3275 1898 3370 1952 καὶ
3414 1895 3648 1954 σακκίοις
3686 1893 3774 1947 καὶ

2224 2007 2444 2077 ῥάκεσιν
2475 2003 2656 2069 ἀγαθά
2687 2004 2781 2056 καὶ
2815 2000 2985 2054 πολλά
3019 1999 3112 2050 καὶ
3141 1995 3296 2062 τίμια
3330 1991 3617 2060 ἐγκείμενα
3651 1989 3773 2059 πρὸς

2222 2094 2336 2164 ἔριν
2367 2093 2789 2161 ἀναλεγόμενοι,
2820 2089 2890 2143 τὰ
2923 2089 3017 2159 μὲν
3045 2087 3193 2140 ἔνδον
3223 2083 3574 2153 ἐξερρίπτουν
3594 2119 3608 2143 ,
3637 2078 3774 2134 ἀνοί-

2222 2200 2408 2250 γοντες
2434 2181 2501 2235 τὰ
2525 2182 2633 2236 τῶν
2660 2180 2892 2249 ἀγγείων
2919 2179 3180 2246 στόματα,
3207 2176 3298 2228 καὶ
3329 2173 3656 2228 συνεπάτουν
3677 2188 3690 2203 ·
3711 2169 3774 2222 τὰ

545 2253 638 2308 ubi
684 2256 887 2325 rapinre
926 2261 1168 2314 omnium
1185 2264 1535 2331 cupiditatem
1569 2269 1963 2324 exercitabant.
1998 2271 2100 2335 Qui

2221 2275 2277 2328 δὲ
2308 2275 2500 2344 ἀχρεῖα
2527 2275 2710 2343 δοχεῖα
2738 2275 2817 2336 εἰς
2844 2271 3076 2332 κόλπους
3110 2268 3416 2337 παρέϐυον,
3448 2265 3682 2319 όὸολιαῖα
3707 2262 3775 2324 ὡς

548 2353 729 2399 autem
775 2349 868 2402 alii
905 2363 1025 2419 post
1057 2355 1196 2410 alios
1244 2368 1703 2426 supervenerunt,
1754 2375 2115 2429 quascunque

2218 2367 2286 2418 τά
2314 2365 2478 2417 πολλά
2507 2365 2656 2417 ὄντα.
2683 2362 2791 2416 Καὶ
2813 2361 3045 2414 τοιοῦτοι
3073 2359 3171 2428 μὲν
3193 2359 3239 2410 οἱ
3270 2357 3487 2420 πλείους
3507 2355 3575 2408 τὰ
3596 2353 3775 2423 πρῶτα

546 2449 634 2488 res
675 2437 927 2493 volebant
953 2442 1246 2512 abstulere,
1273 2461 1337 2500 ac
1377 2447 1573 2503 divites
1602 2461 1917 2506 evaserunt.
1947 2455 2116 2506 Erant

547 2537 730 2582 autem
770 2530 1054 2587 rudissinti
1105 2536 1308 2605 ingenii
1349 2546 1403 2593 et
1439 2542 1674 2595 maxime
1706 2553 1960 2612 agrestis.
1997 2545 2102 2608 Qui

546 2635 714 2688 porro
746 2633 1072 2679 mercaturae
1105 2626 1368 2682 faciendae
1412 2631 1586 2700 gratia
1624 2633 1912 2700 prodibant
1934 2644 1987 2687 et
2019 2650 2116 2702 pro

545 2712 894 2770 facultatibus
919 2732 1174 2787 magnum
1205 2731 1296 2772 aut
1320 2736 1544 2790 parvum
1569 2723 1658 2778 tibi
1680 2725 1806 2794 quid
1827 2725 2112 2794 acquirere

547 2817 828 2876 poterant,
867 2825 1034 2878 parvo
1067 2814 1311 2866 contenti
1349 2830 1434 2869 res
1468 2817 1532 2868 ad
1569 2817 1734 2869 vitam
1773 2821 2115 2872 necessarias

544 2910 819 2956 emerunt.
882 2902 942 2956 In
975 2919 1086 2971 quo
1127 2905 1409 2958 sciendum
1441 2917 1523 2960 est
1561 2909 1707 2976 quod
1736 2923 1929 2960 aurum
1963 2908 2115 2975 dupli

545 2993 706 3059 pretii
739 3005 877 3057 erat,
919 3009 1202 3063 argentum
1237 2997 1556 3066 multiplicis
1611 3001 1866 3067 ponderis
1901 3014 1962 3052 ac
1989 3014 2112 3068 pre—

547 3085 608 3137 tii
642 3085 971 3140 mstimatum
1011 3103 1133 3140 cum
1176 3090 1414 3141 ntttnmis
1452 3094 1610 3144 aereis
1648 3091 2112 3146 commutabatur.

545 3177 658 3231 Nrc
693 3177 837 3240 libri,
868 3195 1101 3248 quorum
1133 3180 1350 3250 jacmra
1383 3183 1680 3237 litteratum
1713 3185 1988 3238 hominem
2021 3200 2118 3254 pe-

544 3271 693 3324 nitus
743 3272 980 3340 afﬂigere
1040 3284 1243 3342 posset,
1312 3290 1408 3328 nec
1474 3287 1650 3331 vestes
1705 3278 1905 3346 quibus
1957 3275 2119 3330 Seres

544 3378 652 3430 prm
683 3365 942 3418 omnibus
985 3366 1246 3432 gaudent,
1292 3382 1392 3421 nec
1423 3383 1591 3436 opera
1643 3369 1852 3422 textilia
1887 3383 2118 3422 aranea-

546 3469 664 3506 rum
699 3456 822 3508 telis
861 3458 1255 3523 comparauda,
1295 3467 1348 3511 et
1376 3466 1472 3511 aut
1501 3471 1624 3526 qua:
1660 3471 1688 3508 a
1726 3474 1910 3510 verme
1940 3458 2116 3510 artiti—

542 3559 605 3598 cc
637 3560 667 3598 e
716 3546 864 3600 tenui
903 3547 991 3599 [ilo
1031 3547 1402 3602 coniiciuntur
1439 3549 1699 3602 homines
1745 3551 2014 3604 barbaros
2059 3559 2112 3604 et

545 3637 790 3690 omnium
833 3638 1217 3693 delicatiorum
1264 3643 1482 3709 ignaros
1555 3657 1773 3696 movere
1819 3652 2111 3712 poterant;

548 3741 723 3796 quare
748 3730 856 3785 iSIa
887 3729 1076 3785 omnia
1105 3731 1200 3787 vili
1229 3733 1411 3804 pretio
1438 3732 1734 3788 vaenibaut.

620 4010 743 4066 156.
786 4009 1028 4064 Fuerunt
1079 4011 1171 4081 qui
1218 4009 1403 4065 viuum
1450 4018 1819 4081 pervetustum
1870 4024 1936 4065 eo
1967 4009 2115 4080 quod
2145 4015 2187 4074 c

545 4103 729 4157 minus
772 4101 930 4156 dulce
1000 4109 1119 4156 crat
1181 4111 1236 4156 et
1297 4101 1519 4156 odorem
1576 4101 1899 4156 medicatum
1964 4117 2110 4157 antae

547 4209 738 4247 rumve
785 4191 1082 4254 indicabat,
1131 4203 1452 4261 respuerent
1494 4207 1603 4247 non
1654 4194 1909 4249 obstante
1973 4196 2119 4250 salu-

545 4288 746 4342 britate
777 4301 941 4355 quam
973 4285 1296 4364 hominibus.
1313 4288 1616 4356 praesertim
1649 4287 1953 4343 vulneratis
1981 4288 2116 4345 ασθ-

543 4382 718 4434 rebat.
757 4379 930 4449 Igitur
951 4379 1040 4434 hic
1066 4381 1308 4450 optimus
1331 4381 1508 4450 liquor
1527 4382 1924 4437 contumeliose
1941 4381 2117 4437 eti'un-

544 4472 796 4537 debatur,
827 4490 927 4530 nec
960 4474 1128 4530 ullius
1151 4492 1282 4531 usus
1313 4478 1378 4530 ad
1412 4479 1636 4533 morbos
1659 4479 1934 4534 sanandos
1967 4485 2108 4533 erat.

545 4563 697 4619 Hanc
728 4567 799 4621 ob
846 4581 1072 4622 causam
1131 4567 1183 4621 in
1242 4583 1528 4624 murorum
1575 4569 1818 4624 circuitu
1871 4569 2118 4638 sopultor

543 4674 651 4713 non
668 4659 1044 4713 inveniebatur
1066 4675 1081 4724 ;
1103 4659 1209 4713 huc
1232 4659 1366 4714 adde
1385 4661 1527 4728 quod
1553 4661 1820 4715 vulnerati
1837 4660 2113 4715 innumeri

545 4761 777 4808 mortem
805 4754 1199 4822 promittebant
1235 4763 1286 4808 et
1320 4754 1704 4823 sepelientium
1728 4754 1950 4809 brachia
1976 4753 2120 4808 ntul-

546 4856 660 4899 tum
706 4846 1080 4914 requirebant.
1130 4846 1272 4910 Quot
1307 4847 1502 4902 domos
1551 4847 1626 4900 illi
1675 4847 1946 4902 vulnerati
1985 4860 2115 4901 eva-

548 4938 890 4990 cuaverunt!
935 4937 1025 4992 Sic
1074 4947 1128 4990 et
1165 4939 1350 4991 vinum
1388 4945 1664 4993 vetustum
1716 4937 2006 4998 iuneralia.
2057 4945 2118 4992 ut

545 5029 622 5090 ita
655 5028 858 5093 dicam,
888 5029 1075 5095 subiit,
1103 5038 1292 5098 utpote
1323 5033 1468 5100 quod
1496 5041 1551 5086 et
1580 5031 1757 5103 ipsum
1783 5046 1906 5085 cum
1935 5031 2002 5085 iis
2023 5031 2115 5100 qui

545 5121 617 5174 ob
645 5119 766 5188 ejus
815 5122 1115 5174 carentiam
1159 5123 1499 5189 :egrotabant
1545 5131 1950 5176 commortuum
2005 5127 2114 5176 est.

545 5211 756 5266 Recens
782 5226 912 5265 vero
945 5221 1107 5266 natus
1128 5213 1470 5277 subsiliebat,
1505 5214 1741 5282 agitatus
1765 5219 1819 5266 et
1860 5211 2109 5277 bullicns,

546 5311 600 5358 et
628 5306 741 5355 haec
762 5302 1013 5357 ebullitio
1048 5304 1103 5356 in
1133 5303 1444 5358 bibentibus
1484 5305 1638 5372 quasi
1672 5303 1833 5357 minae
1861 5303 1916 5356 in
1946 5303 2114 5356 vitam

543 5393 964 5447 condemnatam
1012 5404 1193 5447 erant.
1248 5393 1353 5457 Qui
1410 5394 1556 5445 enim
1608 5392 1701 5443 illo
1755 5391 1882 5445 vino
1921 5389 2112 5459 repleti

544 5493 729 5553 postea
769 5483 968 5537 Lethes
991 5485 1276 5552 "pOtionem
1309 5499 1340 5536 a
1382 5482 1555 5537 Morte
1587 5483 1820 5536 oblatam
1855 5483 2115 5538 bibebant

547 5591 659 5630 non
689 5575 1031 5630 nostratibus
1079 5585 1289 5629 tantum
1326 5574 1510 5646 (quod
1541 5577 1724 5631 dicere
1755 5574 1977 5646 juvat),
2013 5575 2108 5630 sed

545 5670 817 5738 praecipue
877 5669 1106 5734 Latinis,
1146 5671 1362 5738 quando
1415 5685 1547 5725 uvas
1608 5670 1856 5726 manibus
1899 5683 2115 5737 preme-

545 5758 678 5814 bant
732 5767 787 5816 et
843 5768 1081 5816 mustum
1142 5761 1460 5829 sorbebaut,
1497 5775 1566 5818 ne
1612 5761 1866 5831 primitiae
1915 5762 2117 5816 inam-

2220 2461 2278 2512 ἐν
2321 2460 2470 2527 ἀκμῇ
2513 2456 2614 2525 τῆς
2659 2453 2932 2524 ἁρπαγῆς.
2973 2450 3318 2512 Ἐπελθόντες
3360 2449 3419 2502 δὲ
3461 2451 3508 2502 οἱ
3551 2446 3663 2517 μετ’
3690 2446 3777 2497 αὐ-

2219 2551 2376 2613 τοὺς,
2413 2551 2505 2602 καὶ
2535 2550 2582 2601 οἱ
2617 2548 2736 2616 μετ’
2759 2545 2999 2606 ἐκείνους
3032 2543 3130 2604 ἔτι,
3163 2541 3511 2611 ἐφορτίζοντο
3533 2539 3600 2592 τά
3629 2539 3776 2605 ἐγκε-

2221 2641 2431 2712 χυμένα
2465 2639 2639 2704 καλὰ,
2676 2638 2768 2690 καὶ
2809 2635 3034 2688 πλοῦτον
3073 2632 3374 2699 συνέλεγον.
3400 2627 3578 2684 Ἦσαν
3607 2629 3659 2682 δὲ
3691 2629 3776 2680 καὶ

2223 2732 2378 2785 αὐτοὶ
2417 2731 2662 2797 ἀγεννεῖς
2704 2727 2976 2795 ἄγροικοι,
3014 2724 3107 2776 καὶ
3147 2721 3298 2774 οὐδὲν
3336 2721 3552 2775 ἀστεῖον
3587 2735 3772 2772 πεπαι-

2213 2821 2484 2892 δευμένοι.
2517 2821 2638 2882 Τοῖς
2673 2818 2803 2887 γοῦν
2835 2817 2954 2869 κατ’
2982 2813 3250 2883 ἐμπορίαν
3281 2809 3740 2880 παρατετυχηκόσι
3757 2847 3772 2873 ,

2217 2914 2311 2966 καὶ
2347 2913 2458 2965 εἴτε
2495 2911 2817 2980 ἰσχνότερον,
2849 2906 2882 2976 ἦ
2921 2903 3057 2974 πρὸς
3096 2902 3266 2971 πάχος
3302 2901 3617 2969 δυναμένοις
3651 2896 3768 2950 tarda

2221 2990 2342 3054 σθαι
2369 3001 2436 3053 τά
2466 2997 2851 3067 ἐμπολώμενα,
2885 2993 3055 3064 βραχύ
3085 3009 3136 3043 τι
3165 2989 3558 3060 λαμϐάνοντες.
3589 2988 3772 3055 κατήλ-

2219 3094 2411 3147 λαττον
2436 3091 2504 3144 τά
2530 3090 2607 3158 τῷ
2637 3088 2735 3160 βίῳ
2757 3087 2936 3154 τίμια.
2962 3085 3070 3136 Καὶ
3097 3082 3209 3135 ἐστι
3240 3081 3454 3152 μαθεῖν,
3476 3081 3548 3143 ὼς
3572 3075 3772 3139 διπλοῦς

2225 3187 2321 3257 μὲν
2348 3186 2375 3238 6
2405 3184 2625 3255 χρυσὸς,
2649 3180 2746 3235 όδὲ
2769 3181 3006 3250 ἄργυρος
3033 3178 3128 3231 καὶ
3154 3178 3233 3240 είς
3268 3176 3605 3229 πολλαπλοῦν
3624 3187 3774 3239 ιιτοντι⁴

2224 3279 2337 3346 ροῖς
2384 3277 2462 3338 είς
2517 3275 2772 3342 ἄλλαγμα
2818 3269 3090 3341 χαλκείοις
3126 3269 3362 3336 προῖετο.
3402 3268 3580 3320 Βίϐλοι
3613 3264 3688 3330 δὲ,
3718 3261 3775 3324 ἃς

2223 3366 2582 3429 ἀπολωλεκώς
2608 3384 2691 3428 τις
2719 3364 2966 3418 δάκνοιτο
2995 3361 3061 3415 ἂν
3085 3361 3183 3431 τὴν
3209 3360 3385 3429 ψυχὴν
3412 3359 3502 3413 διὰ
3529 3357 3662 3428 βίον,
3693 3353 3777 3407 καὶ

2223 3461 2424 3532 φάρεα,
2457 3455 2538 3522 οἷς
2571 3459 2676 3530 πρὸ
2705 3457 2809 3510 τῶν
2838 3457 3012 3512 ἀλλων
3045 3454 3357 3526 φιληδοῦσιν
3385 3453 3438 3505 οἱ
3475 3452 3662 3521 Σῆρες,
3693 3447 3779 3499 καὶ.

2223 3551 2387 3604 λοιπά
2427 3550 2566 3621 ἔργα
2605 3551 2775 3613 ἱστοῦ,
2813 3543 2894 3611 οἷς
2936 3546 3189 3618 ἀραχνῶν
3232 3544 3387 3613 μίτος
3431 3543 3658 3613 ἐρίσειεν
3696 3536 3777 3598 ἂν,

2223 3644 2318 3698 καὶ
2346 3645 2446 3696 ὅσα
2474 3643 2530 3694 δὲ
2564 3642 2717 3713 ῥίζαν
2746 3640 3014 3708 γενέσεως
3045 3638 3272 3707 φέρουσι
3304 3633 3594 3705 σκώληκα,
3625 3628 3780 3700 ἐργά-

2221 3751 2320 3804 την
2367 3732 2634 3804 τρυφεροῦ
2689 3730 3030 3802 μηρύματος,
3076 3727 3183 3780 οὐδ’
3214 3726 3352 3778 αὐτὰ
3397 3724 3607 3794 ἐφολκά
3650 3716 3780 3791 ἦσαν

2215 3829 2327 3889 τοῖς
2373 3825 2540 3896 μηδὲν
2579 3825 2745 3878 εἰδόσι
2791 3823 2971 3885 καλὸν,
3015 3817 3152 3872 ἀλλά
3197 3814 3668 3887 παρεῤῥιπτοῦντο
3704 3810 3781 3864 εἰ·

2216 3920 2372 3974 καίου
2403 3920 2736 3990 τιμήματος.

2296 4013 2436 4082 ρλςἰ
2475 4013 2608 4082 Παρ’
2635 4007 2716 4074 οἷς
2746 4011 2838 4065 καὶ
2864 4015 2891 4065 6
2918 4010 3188 4083 τριγέρων
3217 4006 3357 4076 οἶνος
3387 4010 3476 4064 διὰ
3505 4009 3564 4063 τὸ
3594 4005 3753 4075 ἀγλευ

2216 4104 2310 4168 κές
2345 4103 2674 4170 ἐξουθενεῖτο
2699 4143 2713 4168 ,
2749 4098 2835 4156 οἷα
2868 4105 2960 4156 καί
2996 4120 3048 4156 τι
3085 4103 3376 4174 φάρμακον
3410 4102 3512 4155 οὐκ
3546 4095 3740 4168 ἀγαθόν
3762 4105 3777 4122 ⁸

2214 4200 2326 4252 οἴου
2357 4199 2420 4269 δὴ
2449 4199 2593 4251 οῖνου
2627 4199 2782 4269 χρεία
2814 4200 2904 4252 καὶ
2937 4199 3175 4267 μάλιστα
3203 4193 3270 4268 ἦν
3297 4199 3368 4252 τά
3396 4215 3458 4251 τε
3489 4197 3623 4252 ἀλλα
3643 4235 3658 4259 ,
3691 4190 3781 4246 καὶ

2214 4291 2305 4346 διὰ
2337 4293 2460 4354 τοὺς
2497 4293 2554 4344 ἐν
2587 4293 2845 4362 πληγαῖς.
2880 4292 3149 4361 Ἐξεχεῖτο
3183 4291 3290 4362 γὰρ
3321 4291 3382 4343 τὸ
3414 4289 3580 4344 καλὸν
3611 4286 3780 4340 ἐκεῖνο

2217 4385 2380 4456 ὑγρὸν
2401 4426 2413 4449 ,
2448 4384 2522 4446 ὡς
2555 4385 2634 4446 εἰς
2670 4383 2948 4452 ποταμούς
2975 4400 2988 4416 '
3023 4384 3145 4437 ὅθεν
3176 4382 3301 4435 οὕτε
3335 4383 3498 4446 αὐτὸς
3529 4377 3596 4452 ἦν
3617 4419 3632 4442 ,
3663 4376 3780 4431 οὗτε

2215 4493 2269 4528 τι
2301 4475 2597 4528 ἀκόλουθον
2633 4475 2896 4542 μάλαγμα
2916 4512 2931 4538 ,
2968 4472 3091 4527 οὔτε
3123 4475 3151 4526 6
3185 4473 3308 4528 καθ’
3334 4474 3524 4544 εἱρμὸν
3557 4469 3781 4526 κατάδε-

2219 4583 2372 4635 σμος.
2397 4567 2598 4635 Διόπερ
2623 4567 2683 4636 ού
2713 4567 2868 4636 μόνον
2894 4565 3078 4636 κύκλῳ
3101 4565 3192 4618 τοῦ
3219 4565 3431 4634 τείχους
3453 4565 3561 4616 τῶν
3583 4560 3781 4632 νεκρῶν

2215 4659 2516 4729 κειμένων,
2549 4659 2644 4712 καὶ
2677 4660 2805 4728 περὶ
2840 4658 3062 4728 σύμπαν
3097 4659 3152 4710 δὲ
3186 4658 3244 4709 τὸ
3279 4657 3372 4709 τοῦ
3408 4655 3649 4709 τοιούτου
3686 4650 3750 4705 κύ

2215 4754 2344 4805 κλου
2373 4751 2626 4822 ἐμϐαδὸν,
2653 4752 2751 4804 οὐκ
2777 4745 2845 4821 ἦν
2865 4754 2891 4802 ὁ
2915 4750 3135 4803 θάπτων
3154 4767 3168 4780 ·
3195 4749 3328 4802 ἀλλὰ
3346 4749 3440 4802 καὶ
3465 4751 3513 4802 oi
3545 4745 3782 4812 πεπληγ-

2219 4845 2369 4914 μένοι
2429 4843 2746 4912 προσθήκην
2791 4842 3008 4895 ἐποίουν
3056 4841 3133 4910 τῷ
3174 4840 3305 4911 ᾅδῃ,
3350 4841 3444 4893 καὶ
3489 4839 3782 4908 πράγματα

2215 4933 2544 5003 προύξένουν
2568 4937 2678 4998 τοῖς
2706 4933 3023 4987 θάπτουσιν.
3049 4934 3113 4984 Ὢ
3139 4932 3269 5000 γοῦν
3296 4932 3426 4993 ὅσας
3452 4931 3780 4994 ἐξεκένωσαν

2214 5027 2389 5089 οἰκίας
2420 5030 2513 5080 καὶ
2542 5027 2590 5079 οἱ
2621 5026 2991 5096 τραυματίαι,
3023 5026 3163 5078 κατά
3194 5023 3480 5092 πολυμερῆ
3515 5022 3783 5090 ποσότητα

2215 5119 2590 5181 ἐκλείποντεςί
2627 5121 2737 5173 Καὶ
2775 5118 2914 5171 οὕτω
2961 5117 3058 5188 μέν
3093 5117 3120 5168 6
3156 5118 3334 5184 γέρων
3365 5111 3509 5176 οἶνος
3548 5112 3781 5181 ἐκφορὰν

2213 5209 2405 5274 ἔπαθε,
2433 5208 2807 5277 συντεθνηκὼς
2831 5204 2941 5261 οἷον
2965 5209 3058 5261 καὶ
3083 5206 3244 5268 αὐτὸς
3269 5208 3380 5268 τοῖς
3406 5205 3780 5258 κινδυνεύσασι

2215 5304 2336 5356 κατ’
2364 5303 2571 5356 ἔνδειαν
2603 5301 2793 5357 αὑτοῦ.
2827 5301 2889 5354 '0
2926 5301 2982 5353 δὲ
3017 5299 3232 5366 νεογνὸς
3267 5297 3572 5366 ὑπεσκίρτα
3597 5335 3610 5355 ,
3645 5294 3782 5355 ζέων

2217 5394 2310 5448 καὶ
2343 5395 2708 5465 βραττόμενος
2734 5409 2748 5425 ·
2780 5397 2874 5446 καὶ
2902 5393 2962 5445 τὸ
2999 5392 3218 5461 βράσμα
3249 5386 3316 5459 ἦν
3345 5391 3457 5450 τοῖς
3488 5381 3781 5456 προσιεμέ-

2215 5504 2325 5547 νοις
2349 5487 2490 5539 καθὰ
2514 5485 2606 5539 καί
2628 5504 2680 5538 τι
2704 5484 2982 5554 ἐμϐόημα,
3009 5483 3101 5535 καὶ
3127 5481 3326 5551 ἀπειλὴ
3350 5480 3464 5549 βίου
3491 5478 3782 5541 ὑπεξαγω-

2215 5579 2338 5647 γῆς.
2376 5579 2439 5630 Οἱ
2476 5578 2582 5647 γὰρ
2614 5576 2805 5630 τούτου
2847 5574 3361 5643 ὑποπιμπλάμενοι,
3397 5567 3517 5624 εἶτα
3555 5568 3648 5620 τού
3684 5566 3782 5632 τῆς

2171 5691 2186 5714 κ
2215 5667 2386 5737 λήθης
2425 5666 2606 5718 ἔπινον
2642 5667 2915 5734 πόματος,
2950 5664 2978 5716 ὃ
3019 5663 3246 5725 θάνατος
3288 5659 3542 5730 οἰνοχοεῖ,
3577 5656 3638 5709 οὑ
3672 5657 3785 5716 τοῖς

2223 5757 2509 5830 ἡμετέροις
2540 5758 2741 5829 μόνοις,
2767 5755 2883 5811 ἀλλ’
2915 5755 2978 5826 ('9'
3011 5757 3102 5809 καὶ
3133 5754 3421 5824 προφέρων
3445 5748 3524 5819 τῷ
3551 5746 3782 5817 στόματι,
