4084 6438
313 318 420 381 ΙῙΠ

1069 319 1164 378 DE
1192 321 1762 384 'l‘llESSAlﬂNlCA
1802 325 2009 386 URBE
2051 328 2098 387 A
2137 326 2448 388 LATINIS
2485 328 2742 389 CAPTA.

3473 317 3573 382 134

315 439 528 513 χαίρω)
557 439 652 495 καὶ
690 439 924 510 μάλιστα
956 441 1064 502 τοῖς
1097 440 1348 503 Λατίνοις
1371 457 1385 471 ε
1416 436 1496 503 οἷς
1536 441 1676 511 μέγα
1709 459 1760 495 τι
1800 461 1892 496 γα·
1923 497 1925 503 ,

2016 441 2200 512 pltoris
2229 443 2636 498 delitescerent.
2661 441 2770 496 Nos
2813 439 3033 511 quidem
3059 437 3184 491 huic
3205 439 3332 489 vino
3365 434 3575 490 fervido

314 541 405 594 λδν
432 539 596 602 αὐτὸς
623 539 894 608 ἐκρίνετο,
922 537 1035 606 ἅμα
1064 535 1379 600 ἐκπιέζουσι
1407 535 1560 604 χερσὶ
1590 533 1886 601 σταφυλὰς,

319 630 413 684 καὶ
444 628 670 699 ροφοῦσι
700 627 891 697 χανδὸν
916 627 976 678 τὸ
1006 626 1342 692 νεόθλιτττον.
1374 625 1458 677 ἴνα
1492 624 1626 692 μηδὲ
1654 627 1772 686 ταῖς
1803 625 1894 676 λα-

321 719 506 788 γύνοις
539 717 810 787 πρωτείου
844 715 1110 783 ὑποδοχῆς
1143 715 1519 784 ὲκχωρήσωσι.
1553 715 1659 767 Καὶ
1685 715 1895 782 ὀφείλο-

325 827 425 878 μεν
454 811 616 879 ἡμεῖς
645 806 724 877 τῷ
753 808 979 876 τοιούτῳ
1013 806 1326 876 βρασματίᾳ
1358 805 1484 876 οἴνῳ
1515 805 1776 876 χάριτας,
1806 799 1893 858 οἷα

323 897 876 969 προσεταιρισαμένη)
919 898 1060 948 κατὰ
1099 896 1344 948 Λατίνων
1388 896 1478 949 τὸν
1525 895 1789 950 θάνατον’
1835 896 1895 947 ὃν

325 988 641 1058 ὲπώτρυνεν
671 988 854 1049 αὐτοῖς
885 987 976 1039 καὶ
1004 986 1072 1038 τὰ
1105 984 1226 1039 ὕεια
1257 985 1394 1055 κρέα
1414 1027 1429 1051 ,
1459 981 1539 1049 οἷς
1571 987 1680 1050 τὰς’
1699 987 1900 1053 γαστέ⁸

329 1099 431 1153 ρας
462 1079 756 1149 πλησμίως
785 1078 1006 1132 ἔσαττον
1025 1094 1038 1106 ·
1073 1077 1215 1130 οὕτω
1243 1077 1298 1130 δὲ
1329 1080 1422 1132 καὶ
1451 1077 1516 1131 τὰ
1547 1079 1608 1130 ὲκ
1643 1077 1780 1147 βοῶν
1810 1078 1904 1131 καὶ

325 1177 397 1228 τὰ
439 1172 579 1226 καλὰ
621 1170 871 1240 σκόροδα,
912 1169 980 1222 δι’
1006 1164 1080 1223 ὧν
1121 1170 1150 1221 6
1193 1170 1316 1224 καθ’
1345 1171 1486 1240 ἡμᾶς
1529 1171 1729 1240 κλῆρος
1772 1168 1906 1222 tati)-

328 1264 476 1328 ζετο,
504 1261 864 1330 καταψάλλων
890 1261 982 1312 καὶ⁹
1010 1259 1409 1330 καρπιζόμενος
1435 1260 1502 1312 τὰ
1527 1260 1584 1320 ἐς
1613 1259 1780 1329 ζωὴν,
1812 1260 1904 1311 καὶ

2000 535 2202 603 gratias
2229 535 2298 590 ob
2321 537 2374 590 id
2405 536 2686 600 debemus,
2721 536 2862 602 quod
2887 533 3100 589 Latinis
3129 539 3357 584 mortem
3391 529 3569 594 dedit,

2001 625 2160 678 simul
2197 640 2322 679 eum
2354 642 2518 680 carne
2565 627 2810 695 porcina,
2836 627 3034 694 quibus
3065 633 3306 676 ventrem
3347 619 3576 675 inferse-

2001 722 2155 778 runt,
2189 725 2248 769 ut
2294 726 2350 770 et
2380 716 2599 772 bubulis
2639 727 2690 770 et
2727 717 2892 779 alliis,
2919 715 3121 784 quibus
3170 713 3350 766 clerus
3383 718 3576 765 noster

2002 807 2149 862 inter
2177 809 2518 878 psallendum
2565 819 2620 864 et
2656 810 2858 863 victum
2897 807 3190 878 quaerendo
3221 804 3572 861 sustentaba-

2006 906 2116 964 tur,
2143 907 2196 954 et
2225 900 2304 953 sic
2335 901 2629 955 homicidia
2661 903 2914 970 puniens,
2936 901 3135 971 quibus
3166 899 3256 953 isti
3283 899 3335 950 in
3361 904 3577 950 nostra-

2003 997 2088 1044 tes
2120 991 2434 1053 saevierunt,
2460 991 2651 1045 beatos
2677 992 2920 1046 dicentes
2950 1005 3056 1045 non
3085 990 3257 1059 ipsos,
3293 986 3387 1042 sed
3425 999 3574 1039 mor-

2001 1081 2119 1147 bos,
2150 1081 2256 1134 imo
2285 1090 2512 1136 mortem
2540 1081 2780 1137 Gadibus
2810 1083 3103 1149 invectam,
3139 1081 3281 1150 apud
3307 1093 3446 1149 quos
3479 1078 3568 1131 in-

2003 1169 2192 1222 fernus
2227 1171 2624 1236 houorabatur,
2667 1172 2788 1226 licet
2822 1173 2877 1226 in
2905 1172 3171 1241 tragoedia
3201 1185 3348 1227 mors
3385 1177 3571 1240 grates

2003 1259 2239 1328 ignoret.

329 1354 476 1408 οὕτω
544 1353 860 1423 τιννύμενος
917 1352 1042 1414 τοὺς
1100 1351 1318 1420 φόνους,
1353 1346 1434 1414 οἷς
1472 1352 1668 1404 ἐκεῖνοι
1729 1349 1855 1412 τοὺς
1890 1350 2198 1422 ἡμετέρους
2250 1353 2565 1427 ὲνέρῤιψαν,
2613 1354 2707 1407 καὶ
2762 1353 3151 1426 μακαρίζοντες
3203 1353 3303 1406 οὐκ
3353 1351 3571 1417 αὐτοὺς,

331 1447 472 1501 ἀλλὰ
504 1446 602 1516 τὴν
638 1447 824 1507 νόσον,
862 1444 961 1515 ἤδη
1004 1444 1060 1496 δέ
1103 1461 1205 1496 που
1249 1445 1342 1497 καὶ
1375 1443 1466 1496 τὸν
1500 1442 1728 1495 θάνατον
1765 1440 1908 1494 κατὰ
1967 1446 2095 1508 τοὺς
2129 1446 2236 1499 ἀπὸ
2271 1447 2568 1518 Γαδείρων,
2601 1446 2732 1517 παρ’
2763 1441 2844 1509 οἷς
2889 1450 2916 1500 6
2967 1445 3102 1517 ᾅδης
3158 1444 3575 1516 ὲκτετίμητο,εί

332 1540 432 1592 καὶ
458 1535 732 1606 μηδεμίαν
766 1536 926 1604 χάριν
959 1529 1069 1587 οἵδε
1093 1533 1324 1597 θάνατος
1349 1533 1492 1586 κατὰ
1524 1535 1615 1586 τὸν
1646 1531 1946 1602 τραγῳδόν.

407 1632 540 1700 ρλζ’.
579 1632 684 1684 Τὸν
739 1631 795 1683 δὲ
845 1630 1039 1700 συχνδν
1086 1628 1278 1683 τοῦτον
1328 1631 1616 1683 Λατινικὸν
1657 1629 1907 1682 ’θάνατον

329 1725 494 1786 αύτδς
551 1724 579 1775 ό
619 1723 922 1783 Ἀλδουῖνος
975 1722 1270 1791 ὲτράνωσε,
1313 1722 1619 1789 περίλυπος
1665 1720 1907 1791 φάμενος

2082 1634 2207 1687 157.
2269 1633 2605 1691 Nu'merosas
2671 1635 2993 1691 Latinorum
3046 1642 3253 1689 mortes
3302 1631 3576 1687 Alduinus

2008 1724 2209 1778 diserte
2245 1726 2509 1792 narravit,
2539 1738 2735 1782 moesto
2781 1729 2962 1781 animo
2992 1727 3238 1783 referens
3265 1726 3385 1796 plus
3412 1737 3577 1793 quam

331 1819 476 1886 ὑπὲρ
525 1814 768 1884 χιλιάδας
802 1817 956 1884 τρεῖς
992 1813 1242 1882 μεγάλων
1275 1814 1459 1876 αὐτοῖς
1506 1813 1812 1885 ἀνθρώπων
1843 1816 1906 1867 ὲκ

2016 1818 2116 1870 tria
2150 1817 2315 1872 millia
2344 1819 2584 1872 virorum
2613 1820 3012 1889 prmeipuorum
3041 1834 3106 1873 eo
3145 1817 3334 1872 morbo
3365 1814 3583 1870 exstin-

331 1911 491 1963 νόσου
524 1909 734 1962 πεσεῖν.
755 1907 935 1975 Σωρδς
961 1899 1114 1968 οὗτος
1142 1905 1273 1975 ἡδὺς
1293 1907 1449 1974 ἡμῖν,
1479 1907 1528 1958 εί
1555 1907 1648 1959 καὶ
1677 1906 1751 1975 μὴ
1782 1906 1909 1958 ἀντ-

332 2003 537 2072 εσήκου
583 2001 720 2070 πρὸς
759 1999 856 2069 τὴν
891 1999 950 2063 ἐξ
981 1998 1135 2067 ἡμῶν
1185 1997 1427 2067 στοιϐήν.
1460 1997 1907 2069 Συναριθμουμέ-

331 2113 440 2150 νων
473 2094 528 2146 δέ
562 2111 624 2160 γε
665 2094 758 2146 καὶ
787 2091 898 2144 τῶν
930 2092 987 2143 ἐν
1031 2089 1251 2158 πολέμῳ
1271 2090 1661 2153 πεπτωκότων,
1686 2087 1905 2158 εἴχομεν

332 2183 694 2256 παραμυθίαν
721 2183 968 2237 πλείονα.
1007 2183 1067 2237 '0
1091 2182 1253 2245 αὐτὸς
1278 2183 1388 2251 γὰρ
1426 2181 1751 2250 αίτιώμενος
1773 2182 1906 2236 ἄλο-

329 2295 429 2347 γον
455 2276 809 2330 ἀντιστασίαν
841 2274 1019 2344 ἡμῶν,
1047 2275 1140 2326 καὶ
1167 2272 1371 2346 ζημίαν
1402 2273 1654 2328 ἐντεῦθεν
1678 2271 1772 2327 τοῦ
1805 2276 1907 2344 ρη-

329 2373 450 2440 γὸς,
493 2367 939 2440 ἐξετραγῴδησεν
981 2367 1118 2436 ὑπὲρ
1169 2365 1502 2438 τρισχιλίους
1556 2368 1744 2420 πεσεῖν
1800 2366 1907 2420 ὑπὸ

327 2465 442 2516 τῶν
470 2464 534 2515 ὲκ
561 2461 654 2514 τοῦ
683 2461 896 2530 τείχους
918 2459 1022 2526 ἔξω
1046 2459 1555 2529 καταπεμπομένων
1586 2459 1754 2528 βελῶν
1785 2459 1908 2529 δίχα

331 2572 399 2625 γε
425 2557 534 2610 τῶν
560 2557 618 2608 ὲν
652 2554 963 2626 προνομαῖς
995 2553 1327 2616 πιπτόντων,
1357 2551 1390 2622 ἢ
1424 2552 1518 2604 καὶ
1549 2551 1746 2616 ἄλλως,
1777 2551 1852 2614 ὠς
1880 2553 1908 2603 6

329 2649 428 2704 τοῦ
463 2647 700 2718 πολέμου
733 2646 901 2708 κύϐος
928 2646 1180 2716 ὲῤῥιπτε,
1216 2644 1314 2697 καὶ
1345 2645 1373 2699 6
1401 2644 1500 2714 τῆς
1527 2643 1685 2714 δίκης
1713 2641 1908 2713 τροχὸς

332 2740 680 2804 κατεκύλιεν,
729 2737 1007 2806 εὖστροφα
1055 2736 1512 2807 περιφερόμενος.
1570 2735 1802 2798 Πολλοὺς
1851 2734 1908 2787 δὲ

331 2835 434 2891 καὶ
475 2833 634 2902 λιμὸς
673 2830 914 2900 ἀπῆγεν.
962 2829 1413 2899 Ἐστενοχωρεῖτο
1460 2827 1571 2897 γὰρ
1618 2827 1714 2881 καὶ
1756 2826 1908 2896 σφίσι

327 2927 401 2980 τὰ
444 2926 742 2993 ἀναγκαῖα.

408 3016 544 3088 ρλη’.
585 3017 695 3070 Καὶ
729 3015 901 3077 οὕτως
930 3016 1060 3084 ἡμῖν
1102 3012 1536 3067 ὲπεσταλάττετο
1577 3013 1779 3081 νέκταρ
1807 3028 1911 3064 πα-

334 3108 613 3178 ραμυθίας
643 3110 711 3177 τῇ
744 3106 1156 3160 ὑποκαταϐάσει
1189 3107 1288 3175 τῆς
1326 3103 1589 3172 πολεμίου
1622 3103 1905 3173 στρατιᾶς.

2011 1919 2130 1966 ctos
2159 1926 2323 1973 esse;
2375 1913 2468 1981 qui
2506 1927 2770 1966 numerus
2809 1911 2966 1966 nobis
2996 1895 3101 1964 non
3137 1908 3410 1977 displicet,
3451 1906 3581 1959 licet

2013 2003 2080 2057 de
2114 2003 2319 2058 nostris
2347 2017 2456 2056 non
2495 2003 2673 2057 minus
2704 2003 2857 2056 multi
2893 2002 3195 2072 perierunt.
3226 1997 3381 2063 Quod
3409 1997 3454 2052 si
3482 2010 3577 2050 eo-

2013 2111 2135 2149 rum
2167 2096 2257 2166 qui
2286 2097 2338 2150 in
2366 2095 2566 2166 praeliis
2603 2096 2921 2151 ceciderunt
2952 2101 3267 2160 computum
3306 2090 3540 2144 facimus
3561 2129 3578 2153 ,

2011 2203 2125 2242 non
2157 2203 2350 2257 parum
2377 2188 2776 2243 consolationis
2827 2187 3010 2242 datur.
3050 2185 3153 2251 Qui
3203 2183 3347 2238 enim
3399 2181 3583 2235 insur-

2011 2281 2312 2336 rectionem
2348 2289 2598 2336 nostram
2643 2281 2696 2334 in
2730 2279 3086 2334 absurdilalis
3118 2276 3238 2330 loco
3271 2273 3472 2344 posuit,
3497 2285 3585 2327 ro-

2009 2373 2093 2444 gis
2133 2372 2431 2427 vindictam
2467 2373 2695 2426 iuvocan
2719 2387 2743 2427 s
2783 2372 2886 2426 tria
2917 2370 3085 2424 millia
3111 2369 3331 2436 etquod
3366 2364 3583 2419 excedit

2012 2467 2137 2519 telis
2169 2481 2199 2520 e
2251 2480 2410 2520 muro
2459 2465 2725 2534 conjectis
2775 2463 3136 2518 succubuisse
3171 2474 3322 2513 more
3369 2460 3580 2526 tragico

2013 2557 2470 2627 refert,exceptis
2495 2558 2564 2611 iis
2592 2556 2684 2626 qui
2714 2557 2854 2610 inter
2881 2551 3324 2608 frumentaudum
3357 2558 3450 2602 aut
3483 2547 3583 2600 ali-

2016 2661 2098 2706 ter
2131 2651 2476 2714 interierunt,
2528 2657 2690 2720 prout
2728 2649 2854 2703 belli
2890 2646 3002 2700 alea
3037 2645 3224 2710 voluit,
3254 2651 3308 2698 et
3340 2641 3583 2695 fortuna

2018 2755 2136 2798 rOIa
2168 2743 2368 2814 jugiter
2410 2741 2634 2795 volvens
2665 2739 2958 2806 disposuit.
3002 2738 3197 2791 Multos
3217 2735 3380 2790 etiam
3410 2731 3585 2786 fames

2013 2837 2252 2900 necavit,
2277 2836 2524 2890 ciborum
2560 2833 2741 2904 inepia
2790 2841 3095 2901 grassante.

2085 3018 2210 3072 158.
2241 3018 2334 3072 Sic
2361 3016 2523 3070 nobis
2552 3023 2741 3071 nectar
2765 3010 3157 3066 consolationis
3187 3023 3253 3061 ex
3271 3003 3583 3060 humilitate

2015 3109 2292 3165 exercitus
2348 3107 2600 3174 hostilis,
2653 3121 2815 3175 quam
2862 3102 3042 3156 Latini
3101 3100 3262 3155 nobis
3318 3094 3583 3150 associati

329 3205 403 3275 ἢν
437 3205 487 3256 οἰ
519 3201 709 3265 δεξιῶς
741 3197 1095 3268 φιλιωθέντες
1123 3198 1254 3268 ἡμῖν
1276 3197 1492 3250 Λατῖνοι
1522 3195 1773 3268 (πολλοὺς
1799 3195 1908 3264 γὰρ

2016 3201 2034 3272 (
2058 3202 2257 3256 multos
2282 3199 2426 3254 enim
2453 3206 2676 3253 nostros
2706 3196 2956 3259 fecimus,
2976 3192 3104 3246 dum
3131 3189 3242 3245 Deo
3267 3195 3418 3258 grata
3448 3199 3584 3254 ope-

331 3293 688 3361 ὐπηγόμεθα,
739 3287 1260 3360 πραγματευόμενοι
1308 3287 1378 3340 τὰ
1416 3287 1480 3339 ὲκ
1518 3283 1675 3353 Θεοῦ)
1722 3282 1912 3348 ἐξεκά-

331 3386 562 3447 λυπτον,
605 3382 746 3453 ὑπὲρ
793 3381 1126 3450 ὀγδοήκοντα
1154 3378 1401 3449 χιλιάδας
1449 3376 1587 3446 πεζῆ
1621 3373 1904 3429 ἐπελθεῖν*

329 3471 411 3530 ὧν
460 3476 624 3546 χίλιοι
678 3473 778 3542 μὲν
827 3472 1087 3534 πεντάκις
1148 3470 1446 3540 φερέγγυοι
1497 3467 1906 3537 ὲμαρτυροῦντο

333 3569 561 3623 ἱππόται
590 3562 752 3628 εἶναι,
783 3565 1121 3632 πεντήκοντα
1146 3561 1352 3632 χιλιάσι
1385 3560 1724 3630 Ῥωμαϊκαῖς
1753 3559 1910 3610 ἐναν-

329 3660 446 3714 τίαι
483 3658 624 3711 κατὰ
675 3657 775 3726 τὴν
807 3654 1034 3708 ἐκείνων
1076 3651 1232 3717 δόξαν
1273 3651 1646 3721 ἅντιδραμεῖν.
1685 3649 1808 3702 Τῶν
1845 3647 1905 3701 δὲ

329 3752 541 3808 λοιπῶν
569 3750 620 3802 οἱ
658 3748 757 3819 μὲν
784 3746 1132 3812 ἱπποτοξόται
1171 3740 1333 3816 ἦσαν,
1361 3743 1410 3794 οἱ
1448 3741 1504 3794 δὲ
1526 3741 1770 3810 φιλῆται,
1810 3739 1906 3792 καὶ

331 3846 514 3906 ἄλλως
541 3841 598 3894 δὲ
634 3838 754 3911 μεθ’
786 3837 970 3891 ὃπλων
1019 3836 1302 3905 χρήσιμοι.
1333 3833 1710 3902 Συνεπλήρουν
1737 3830 1794 3885 δὲ
1815 3830 1906 3882 τὸν

336 3939 512 3994 πολὺν
559 3939 618 3990 ὲν
671 3935 856 3996 αὐτοῖς
913 3930 1152 4000 ἀριθμὸν
1202 3929 1298 3982 καὶ
1338 3927 1556 3997 ἄνδρες,
1604 3925 1760 3995 φασὶ,
1810 3922 1906 3978 τοῦ

343 4029 611 4094 Ῥιζίκου,
651 4026 791 4096 μήτε
836 4023 1025 4092 διάρια
1055 4020 1311 4091 λαχόντες
1344 4020 1543 4072 ἐκεῖνοι
1578 4018 1643 4070 ὲκ
1679 4015 1772 4069 τοῦ
1804 4018 1906 4084 ρη-

332 4124 455 4193 γδς,
485 4118 610 4191 μήθ’
638 4118 932 4186 ὑπόσχεσιν
956 4131 970 4146 ·
995 4109 1532 4177 ἐπακολουθήσαντες
1552 4107 1608 4161 δὲ
1633 4106 1712 4176 τῷ
1732 4103 1907 4175 λοιπῷ

337 4209 577 4284 στρατῷ,
613 4209 665 4262 εί
698 4223 814 4269 πως
848 4205 956 4258 τῶν
986 4203 1166 4274 ἔργων
1200 4201 1602 4272 συναιρόμενοι,
1629 4199 1697 4252 τὰ
1724 4199 1790 4251 ἐκ
1814 4197 1908 4250 τύ-

333 4322 439 4375 χης
473 4303 688 4372 εὕροιεν
721 4298 922 4368 ἀγαθά.
954 4297 1066 4350 Καὶ
1107 4295 1354 4349 τοσοῦτοι
1395 4294 1494 4363 μὲν
1527 4293 1587 4346 τὸ
1617 4289 1802 4355 πεζόν.
1832 4289 1906 4343 Τὸ

332 4399 392 4452 δὲ
421 4395 701 4457 ναυτικὸν,
738 4391 852 4445 ἀλλ’
885 4389 1041 4444 αὐτοὶ
1069 4387 1216 4457 δῆλοι
1241 4388 1360 4441 κατ’
1385 4385 1621 4456 ἀριθμὸν
1652 4385 1742 4437 τὸν
1763 4383 1906 4454 ὑπὲρ

334 4487 616 4548 διακοσίας
643 4484 800 4550 νεῶν,
835 4483 932 4536 σύν
953 4497 1018 4550 γε
1050 4482 1165 4543 τοῖς
1199 4480 1518 4547 πειραταῖς·
1547 4477 1595 4530 οἳ
1622 4479 1714 4530 καὶ
1751 4475 1907 4531 αὐτοὶ

2022 3291 2652 3360 tabamur)detexerant,
2671 3287 2792 3357 plus
2816 3300 2978 3355 quam
2999 3285 3276 3351 octoginta
3301 3278 3470 3332 millia
3494 3291 3587 3330 ar-

2022 3395 2320 3450 matorum,
2347 3399 2378 3439 e
2403 3383 2600 3451 quibus
2621 3380 2864 3450 quinque
2887 3377 3060 3432 millia
3091 3375 3338 3444 equitum
3372 3377 3591 3440 specta-

2021 3488 2090 3535 tae
2119 3478 2340 3536 virtutis
2381 3477 2435 3530 in
2461 3475 2634 3530 aciem
2661 3477 3051 3541 processerunt
3077 3474 3270 3520 contra
3301 3463 3578 3532 quinqua-

2019 3575 2167 3646 ginta
2190 3570 2354 3624 millia
2381 3567 2772 3629 fiomanorum,
2789 3569 2952 3634 prout
2977 3559 3084 3629 ipsi
3105 3556 3374 3613 referunt.
3390 3552 3589 3608 Caeteri

2021 3672 2200 3717 autem
2247 3659 2448 3731 partim
2509 3655 2804 3726 sagittarii,
2855 3653 3056 3723 partim
3107 3649 3240 3704 levis
3293 3653 3590 3700 armatum

2019 3761 2196 3819 erant,
2229 3767 2419 3807 omnes
2443 3747 3048 3804 utilitatisindubitatae.
3073 3741 3275 3795 Horum
3297 3751 3588 3818 numerum

2021 3844 2432 3916 compleverunt
2477 3843 2648 3912 copiae
2694 3857 2722 3894 a
2773 3838 3005 3894 Rbizico
3043 3835 3246 3900 missae,
3277 3833 3370 3901 qui
3409 3844 3590 3899 neque

2031 3936 2300 4007 stipendia
2332 3950 2433 3989 nec
2471 3911 2638 3988 ullum
2671 3930 2989 3984 donativum
3021 3943 3048 3983 a
3077 3942 3203 3996 rege
3244 3911 3587 3986 obtinebant,

2026 4026 2324 4082 exercitum
2354 4033 2534 4078 autem
2565 4023 2958 4090 sequebantur,
2993 4019 3086 4074 ubi
3120 4030 3344 4087 operam
3374 4029 3588 4069 navan-

2021 4127 2107 4173 tes
2125 4115 2604 4186 fortuuajuvabat.
2649 4112 2746 4166 llic
2783 4112 2947 4180 igitur
2981 4109 3081 4163 fuit
3115 4109 3396 4178 copiarum
3420 4114 3590 4160 terre-

2029 4209 2220 4264 strium
2251 4219 2529 4260 numerus.
2554 4203 2707 4258 Vires
2739 4203 2961 4256 navales
2983 4200 3102 4270 plus
3125 4214 3285 4269 quam
3318 4198 3588 4253 ducenta-

2017 4316 2140 4356 rum
2167 4299 2382 4353 navium
2403 4305 2560 4351 eraut
2579 4311 2699 4350 cum
2725 4295 2938 4362 piratis,
2957 4294 3046 4362 qui
3068 4301 3118 4346 et
3140 4292 3243 4361 ipsi
3264 4289 3395 4344 nihil
3415 4305 3444 4342 a
3467 4304 3591 4357 rege

2027 4393 2364 4461 accipientes
2414 4389 2643 4444 fortuna:
2684 4385 3159 4442 vicissitudinibus
3205 4398 3261 4438 se
3301 4384 3588 4452 permitte-

2021 4485 2193 4549 bant;
2239 4499 2268 4538 a
2301 4483 2501 4552 quibus
2541 4489 2686 4534 terra
2728 4478 2976 4546 marique
3014 4476 3188 4546 pressi
3229 4476 3284 4529 in
3325 4475 3450 4527 vitae
3476 4472 3591 4527 dis-

339 4576 512 4647 μηδὲν
567 4549 798 4643 ρηγικδν
858 4549 1097 4641 ἔχοντες,
1126 4567 1299 4640 τύχης
1348 4568 1543 4639 δώροις
1598 4564 1908 4635 ἐπέτρεψαν

2016 4578 2243 4635 crimine
2271 4576 2506 4638 fuimus;
2541 4571 2628 4627 alii
2665 4578 2837 4625 morte
2887 4569 3058 4623 functi
3093 4568 3262 4636 erepti
3288 4574 3447 4631 sunt;
3485 4579 3586 4620 nos

340 4667 572 4730 ἑαυτούς
595 4685 608 4698 ·
641 4666 731 4736 ὑφ’
760 4658 858 4729 ὧν,
895 4663 1036 4717 κατὰ
1062 4664 1164 4732 γῆν
1185 4680 1242 4715 τε
1265 4665 1358 4715 καὶ
1382 4661 1657 4714 θάλασσαν
1689 4657 1916 4711 πιετάν-

337 4778 448 4814 των
486 4761 659 4830 ἡμᾶς,
681 4757 1037 4825 ὲξεθλίὸημεν
1056 4755 1156 4823 τῆς
1186 4754 1355 4822 ζωῆς.
1377 4753 1484 4806 Καὶ
1511 4755 1559 4806 οἱ
1587 4752 1682 4822 μὲν
1701 4751 1916 4818 θανάτῳ

336 4852 830 4921 κατεσπάσθημεν,
873 4849 924 4901 oi
955 4847 1036 4909 δὲ,
1063 4847 1156 4900 τοῦ
1196 4845 1324 4917 ᾆδον
1369 4845 1429 4898 τὸ
1459 4845 1634 4912 στόμα
1666 4841 1918 4910 συγκλεί-

336 4960 556 5005 σαντος,
585 4937 688 5005 οἷς,
724 4938 900 5011 οἶμαι,
935 4939 1247 5008 κεκόρεστο,
1271 4934 1562 5005 ἡμιθνῆτες
1597 4933 1914 5002 ἐμείναμεν.

409 5033 546 5106 ρλθ¹.
586 5031 729 5084 Ἀλλ’
761 5029 995 5083 ἐνταῦθα
1019 5026 1500 5099 παρεκόεὸηκότες
1525 5024 1648 5078 καθ’
1677 5023 1917 5095 ἱστορίας

336 5128 614 5196 ἀνάγκην,
652 5119 1122 5192 ἀναδραμούμεθα
1152 5119 1288 5190 πρὸς
1317 5120 1512 5190 μικρὸν
1545 5113 1723 5181 αὖθις,
1752 5116 1920 5185 ἐκφῆ-

339 5238 428 5272 ναι
484 5218 550 5270 τὸ
582 5213 986 5284 καὶ’πτωχικὸν
1021 5213 1117 5265 καὶ
1158 5212 1414 5282 ὑπόπαχυ
1475 5210 1585 5262 τῶν
1637 5208 1918 5261 κατακλυ-

343 5309 487 5382 σμοῦ
514 5310 678 5378 δίκην
709 5305 1150 5376 παρασυράντων
1187 5307 1254 5356 τὰ
1303 5303 1553 5356 πολιτικά
1581 5316 1594 5331 ⁸
1638 5299 1688 5352 οἳ
1719 5298 1786 5350 τὰ
1819 5298 1918 5369 μὲν

338 5381 502 5472 τίμια
537 5397 755 5467 εὐήθως
805 5397 901 5448 καὶ
938 5395 1012 5454 ὠς
1045 5390 1132 5447 οἷα
1169 5395 1447 5463 βρεφικῶς
1490 5391 1823 5454 ἀπεδίδοντο,
1861 5381 1921 5443 οὗ

340 5497 407 5552 ἄν
427 5511 513 5558 τις
535 5493 724 5554 αὐτοῖς
745 5491 1038 5562 χειρίσειε·
1069 5489 1177 5542 τῶν
1207 5488 1264 5541 δὲ
1290 5487 1490 5541 λοιπῶν
1510 5484 1662 5538 οὐδὲν
1687 5485 1719 5554 ἢ
1747 5481 1920 5554 βραχύ

339 5603 394 5641 τι
445 5584 732 5646 παντελῶς
785 5583 1056 5637 ἁνθίστων
1089 5581 1330 5651 τίμημα,
1377 5581 1472 5632 καὶ
1526 5578 1760 5648 μάλιστα
1789 5578 1922 5642 τῶν,

2018 4675 2118 4743 ipsi
2148 4673 2271 4740 quia
2300 4669 2567 4733 infernus,
2599 4666 2709 4736 jam
2741 4665 3002 4732 repletus,
3035 4676 3098 4716 os
3153 4661 3368 4726 clausit,
3421 4658 3588 4715 semi-

2019 4765 2218 4820 mortui
2234 4764 2554 4834 jacuimus.‘

2094 5022 2218 5078 139.
2262 5019 2376 5075 lloe
2410 5017 2632 5083 inloco,
2679 5031 2862 5072 rerum
2914 5021 3193 5086 gestarum
3225 5011 3368 5066 serie
3407 5007 3577 5063 recla-

2031 5122 2231 5174 mante,
2265 5111 2675 5180 retrospicimus
2702 5119 2760 5164 ut
2789 5109 3006 5164 exilitas
3036 5115 3089 5160 et
3120 5105 3360 5175 paruitas
3391 5116 3586 5156 eorum

2032 5206 2313 5261 manifesta
2353 5205 2608 5259 reddatur
2656 5204 2744 5270 qui
2795 5217 2906 5255 rem
2963 5199 3232 5269 publicam
3293 5197 3348 5249 iu
3394 5195 3590 5248 ultimo

2027 5300 2347 5354 discrimine
2400 5296 2851 5364 capessiverunt;
2888 5297 2978 5362 qui
3019 5307 3104 5345 res
3131 5289 3404 5359 pretiosas
3431 5288 3596 5343 stulte

2024 5400 2076 5444 et
2114 5405 2409 5459 puerorum
2441 5402 2589 5441 more
2615 5386 2793 5456 primo
2819 5386 3110 5452 occupanti
3145 5379 3447 5442 tradidere,
3478 5393 3586 5432 ca:-

2025 5491 2169 5537 teras
2197 5491 2376 5535 autem
2413 5480 2571 5534 flocci
2605 5478 2869 5541 fecerunt,
2905 5473 3212 5546 praesertim
3249 5486 3373 5542 qua:
3401 5470 3585 5524 multi-

2028 5576 2200 5631 tudini
2249 5573 2514 5630 bettatrici
2545 5587 2696 5626 arma
2728 5569 3100 5639 suppeditant.
3139 5568 3196 5619 lu
3221 5565 3328 5619 viis
3353 5562 3593 5633 publicis

340 5683 442 5735 ὅσα
471 5677 747 5742 ἐξοπλίζει
790 5675 1125 5746 χειρομάχον
1153 5650 1390 5742 πληθύν.
1434 5670 1578 5725 Ἀλλ’
1605 5665 1753 5740 εἶχον
1785 5670 1925 5724 αὐτά

2028 5676 2211 5720 autem
2257 5663 2571 5734 promiscue
2603 5660 2862 5731 iacebant
2892 5659 3010 5713 olea
3046 5654 3372 5726 fragrantia,
3403 5650 3593 5704 Iixivia

342 5775 422 5835 εἰς
446 5769 598 5842 χύμα
616 5766 964 5840 προκείμενα
987 5767 1046 5820 αἱ
1067 5765 1352 5837 λεωφόροι,
1374 5766 1445 5820 τὰ
1471 5761 1705 5833 ἐλαιώδη
1725 5760 1922 5832 εὐώδη,

2027 5761 2227 5829 dulcis,
2262 5757 2520 5816 materies
2556 5756 2704 5814 sicca
2736 5768 2836 5810 seu
2880 5762 3074 5810 contra
3105 5750 3352 5812 morbos,
3400 5757 3497 5801 seu
3531 5742 3588 5798 in
