4084 6430
556 318 661 381 135

1271 324 1694 385 EUSTATHII
1728 325 2015 386 THESSA
2029 324 2483 386 LONICENSIS
2527 329 3085 389 METROPOLITE

3681 325 3773 390 136

550 448 710 486 usum
760 433 1018 500 luxuriei,
1063 436 1128 490 ad
1185 448 1358 493 artem
1416 442 1728 496 tinctoriam
1782 457 2113 514 czeteraque,

2233 447 2290 496 τὰ
2339 445 2548 498 στακτὰ
2602 445 2823 512 εὖοδμα,
2861 449 2930 498 τά
2981 443 3143 513 ξηρὰ,
3183 441 3251 495 τά
3302 441 3440 495 κατὰ
3487 442 3672 506 νότων,
3720 446 3782 496 τά

550 527 753 594 quibus
771 528 878 582 vita
903 529 1120 598 elegans
1141 532 1332 586 tttitur.
1361 533 1546 605 Itaque
1566 535 1769 602 lignum
1797 539 2120 593 suaveolens

549 620 693 688 quod
721 621 844 688 quis
870 621 1148 690 obtingere
1170 624 1401 687 volebat,
1433 626 1796 681 dedolandum
1843 629 1972 695 fuit;
2017 647 2119 684 uva

546 725 710 779 passa
745 711 1000 765 carbonis
1027 715 1296 767 combusti
1332 726 1580 769 naturam
1614 720 1871 774 induebat
1897 737 1909 781 :
1939 723 2118 790 liquor

550 815 618 854 ex
654 801 795 855 rosis
846 813 1128 857 extractus
1162 819 1300 873 aqua
1361 807 1572 863 inutilis
1610 813 2010 880 reputabatur;
2064 823 2118 869 et

545 893 625 947 sic
670 893 722 947 in
765 895 980 949 caeteris
1031 897 1398 960 insanicbant,
1440 912 1493 956 et
1533 905 1622 970 qui
1669 919 1757 960 res
1803 907 2116 963 accuratius

545 980 862 1037 examinare
899 985 1058 1039 vellet
1089 987 1327 1044 hominis
1360 1000 1611 1046 naturam
1645 1008 1768 1046 cum
1815 996 2116 1052 bestiarum

545 1071 840 1128 confusam
873 1076 1148 1134 inveniret
1205 1081 1398 1136 Mirum
1425 1097 1604 1138 autem
1638 1086 1740 1139 luit
1767 1088 1910 1154 quod
1943 1105 2121 1146 annu-

548 1162 724 1216 lorum
796 1164 1120 1231 ferreorum,
1185 1173 1512 1240 pugionum,
1585 1177 1994 1231 tltut'ibulorum
2063 1187 2117 1234 et

547 1265 740 1305 acuum
797 1264 1059 1326 tanquam
1093 1275 1277 1313 rerum
1316 1264 1697 1329 spectabilium
1731 1282 1982 1335 magnam
2015 1283 2117 1322 cu-

549 1358 665 1396 ram
690 1359 964 1411 gerentes,
997 1350 1200 1415 maiora
1237 1351 1467 1419 pedibus
1515 1356 1926 1422 proculcarunt.
1962 1357 2119 1426 Igno-

547 1435 782 1488 rantiam
836 1448 1018 1492 autem
1058 1450 1113 1494 et
1155 1443 1440 1498 mollitiem
1473 1449 1620 1502 circa
1653 1450 1818 1504 vitam
1864 1459 1918 1505 et
1954 1453 2120 1508 insti-

549 1536 664 1579 tuta
699 1529 913 1596 publica
946 1533 1363 1592 considerantes
1389 1541 1574 1593 mirari
1601 1543 1942 1600 desinemus.

628 1723 755 1778 HO.
802 1724 940 1780 llinc
975 1730 1358 1788 concludimus
1395 1735 1448 1788 iu
1503 1747 1686 1791 nostra
1732 1755 1952 1806 quoque
1987 1745 2119 1800 urbe

556 1815 755 1884 cuique
787 1817 1039 1874 libertate
1078 1821 1332 1878 indecora
1365 1841 1471 1894 qua
1505 1830 1617 1881 vult
1655 1831 1729 1883 uti
1757 1833 1943 1897 liCere,
1975 1844 2030 1887 ut
2064 1837 2120 1890 itt

552 1903 818 1974 Corcyra,
864 1910 1136 1979 siquidem
1189 1915 1426 1984 quisque
1472 1933 1584 1987 quo
1619 1922 1732 1974 vult
1781 1924 1885 1977 alvi
1921 1940 2123 1980 exone-

554 1997 712 2049 randi
746 2013 913 2053 causa
965 2005 1225 2060 secedere
1287 2018 1482 2074 potest.
1546 2009 1664 2066 Non
1703 2025 1883 2067 autem
1940 2018 2122 2089 inepte

557 2089 681 2154 quis
710 2088 912 2144 dixerit
957 2093 1318 2168 Megalopolin
1367 2117 1625 2174 magnum
1678 2121 1803 2162 esse
1834 2088 2115 2167 desertum

552 2193 926 2250 expugnatum
972 2202 1081 2242 non
1135 2205 1163 2242 a
1220 2190 1464 2262 Scythis,
1493 2211 1601 2250 non
1638 2213 1667 2251 a
1699 2198 1932 2265 Latinis,
1968 2203 2061 2258 sed
2093 2220 2121 2258 a

555 2271 972 2345 nobismetipsis
1004 2295 1018 2343 ;
1053 2282 1203 2349 gravi
1230 2285 1375 2338 enim
1411 2301 1760 2356 peccatorum
1797 2303 2124 2363 tempestate

549 2364 812 2420 axsiccati
845 2368 1035 2423 urbem
1083 2385 1324 2428 nostram
1363 2377 1641 2433 desertam
1689 2381 1944 2450 fecimus,
1979 2393 2033 2440 ct
2068 2387 2122 2442 in

557 2453 788 2525 Scyllam
826 2459 1068 2516 Siculam
1105 2464 1420 2533 incidimus,
1453 2480 1508 2524 et
1535 2473 1745 2526 utinam
1776 2476 1830 2528 in
1863 2475 2121 2548 Scyllam,

555 2547 742 2615 paucis
767 2565 867 2607 nos
897 2555 1170 2623 capitibus
1193 2559 1555 2627 privaturam.
1587 2563 1740 2620 Nunc
1761 2547 1947 2622 autem
1980 2567 2124 2625 Cha-

558 2639 746 2706 rybdis
781 2643 1000 2700 turbine
1021 2660 1275 2718 arreptos
1304 2651 1372 2706 ad
1414 2668 1473 2708 se
1505 2655 1695 2711 traxit.

628 2895 751 2950 441.
789 2895 908 2952 Jam
949 2916 1078 2957 vero
1128 2917 1494 2976 opportunum
1547 2913 1651 2966 erit
1699 2913 2120 2976 lamentationes

557 2985 817 3045 inehonre
841 3001 896 3046 et
920 2992 988 3047 de
1027 2997 1430 3056 calamitatibus
1475 3004 1679 3061 nostris
1701 3021 1940 3075 gemere.
1971 3011 2126 3066 Talia

2226 537 2360 606 πρὸς
2392 538 2627 606 τρυφὴν,
2664 537 2730 590 τὰ
2779 537 2916 605 πρὸς
2951 535 3151 606 βαφὴν,
3188 534 3376 597 τᾶλλα,
3408 528 3490 597 οἷς
3539 533 3777 587 διοικονο-

2229 632 2412 698 μείται
2450 630 2563 698 βίος
2607 630 2922 698 καθάρειος.
2958 628 3124 682 Ξύλον
3159 627 3290 695 γοῦν
3336 625 3558 692 εῦοδμον
3588 625 3775 693 εὑρεῖν,

2224 721 2582 790 ἐκπελέκημά
2616 739 2669 773 τι
2698 723 2884 782 αὐτοῖς
2913 717 2980 791 ἦν
3016 720 3149 772 ἰδεῖν
3173 736 3186 750 ⁸
3223 719 3256 788 ἡ
3293 717 3517 784 εὐγενὴς
3559 715 3776 783 ἀσταφὶς

2222 814 2490 883 ἄνθρακος
2522 813 2854 882 ἐσϐεσμένου
2881 812 3078 880 τμῆμα
3109 809 3415 876 ἐφάνταζεν
3443 808 3665 868 ἐκείνοις
3687 823 3700 837 ο
3725 808 3778 858 τὸ

2225 906 2406 976 ῥόδεον
2441 905 2659 974 στάγμα
2693 906 2770 968 εἰς
2809 903 2954 973 ὕδωρ
2990 905 3208 972 ἀχρεῖον
3260 900 3522 953 ἐτάσσετο
3547 917 3561 933 ε
3601 899 3690 952 καί
3714 900 3775 950 τὰ

2223 996 2360 1050 ἄλλα
2393 990 2492 1050 ὧδέ
2525 1014 2599 1064 πη
2640 994 3028 1064 παρενοοῦντο,
3059 995 3146 1046 ἶνα
3185 993 3258 1064 μὴ
3289 991 3658 1055 διασκευάξων
3705 992 3776 1050 είς

2226 1089 2409 1155 πλέον,
2470 1087 2712 1158 θηριώδη
2757 1087 3048 1158 ἀγροικίαν
3109 1087 3326 1156 δοκοίην
3375 1081 3778 1150 ἀπανθρωπίζε-

2225 1182 2372 1234 σθαι.
2412 1181 2521 1233 Καὶ
2551 1175 2618 1250 ἦν
2659 1179 2980 1248 θαυμάζειν,
3022 1177 3099 1240 ὡς
3129 1177 3341 1246 κρίκων
3377 1174 3471 1245 μὲν
3503 1171 3776 1242 σιδηρέων,

2223 1275 2320 1327 καὶ
2375 1273 2636 1343 ὴλαρίων,
2687 1274 2783 1325 καὶ
2821 1271 3205 1342 μαχαιριδίων,
3255 1269 3349 1323 καὶ
3399 1267 3657 1338 πυρείων,
3691 1267 3780 1319 καὶ

2227 1363 2484 1435 βελονίων
2525 1365 2802 1432 ἐπιμελῶς
2837 1361 3005 1434 εἰχον,
3035 1363 3169 1417 ὼσεί
3193 1365 3287 1416 καὶ
3321 1361 3570 1430 μεγάλων
3599 1360 3776 1412 τινῶν·

2222 1459 2290 1510 τὰ
2321 1458 2377 1509 δὲ
2413 1457 2588 1517 ἄλλως
2616 1457 2752 1525 ἁδρὰ
2788 1457 2946 1508 ποσὶν
2968 1455 3173 1509 ἐδίδουν
3204 1454 3516 1508 πατεῖσθαι.
3550 1451 3703 1504 Ἔλυε
3728 1449 3778 1502 δέ

2222 1547 2283 1600 τὸ
2314 1545 2499 1614 θαῦμα
2531 1548 2562 1617 ἠ
2593 1548 2712 1599 κατ’
2749 1547 2950 1609 αὐτοὺς
2999 1545 3248 1614 ἀπειρία,
3281 1545 3373 1596 καὶ
3415 1545 3476 1597 τὸ
3514 1545 3646 1613 πρὸς
3678 1540 3780 1610 βίον

2222 1639 2432 1710 ἥμερον
2461 1639 2555 1690 καί
2585 1638 2859 1691 πολιτικὸν
2887 1636 3198 1690 ἀνέθιστον.

2301 1733 2412 1797 ρμθ.
2455 1725 2734 1779 Ἐντεῦθεν
2773 1727 2865 1780 οὖν
2911 1727 3054 1779 κατὰ
3093 1725 3192 1796 τὴν
3222 1725 3574 1795 Κερκυραίαν
3601 1737 3782 1788 παροι-

2231 1819 2362 1884 μίαν
2391 1815 2460 1889 ἦν
2491 1820 2763 1886 ἐπιλέγειν
2803 1818 3042 1888 αἰσχρῶς
3075 1819 3167 1870 καὶ
3202 1819 3269 1887 τῇ
3310 1816 3434 1869 καθ’
3469 1815 3612 1886 ἡμᾶς
3638 1811 3780 1864 πόλει

2227 1913 2289 1965 τὸ
2315 1913 2646 1966 ἀπευκταῖον
2677 1911 2982 1983 ἐλεύθερον,
3015 1911 3090 1974 ὡς
3131 1910 3250 1974 ἐξὸν
3277 1909 3358 1971 δν,
3390 1913 3485 1965 κοιλ⁴
3525 1912 3579 1960 ἐν
3626 1909 3784 1974 ταύτῃ

2228 2006 2554 2069 ἀποπατεῖν,
2586 2006 2711 2058 ὅποι
2741 2003 2937 2068 ἐθέλει,
2967 2003 3059 2056 τὸν
3111 2003 3461 2073 βουλόμενον.
3495 2003 3607 2054 Οὐκ
3648 1999 3707 2050 ἂν
3731 1996 3782 2048 δέ

2228 2112 2313 2157 τις
2342 2095 2432 2149 ἐπ’
2487 2095 2656 2164 αὐτῆς
2691 2095 2882 2163 ἀφυῶς
2925 2093 3068 2147 εἴποι
3121 2097 3213 2147 καὶ
3261 2094 3500 2163 ἐρημίαν
3555 2089 3786 2160 μεγάλην

2229 2184 2372 2241 εῖναι
2403 2188 2502 2258 τὴν
2559 2187 2959 2255 Μεγαλόπολιν,
3004 2187 3099 2240 καὶ
3148 2188 3404 2256 ἐρημίαν,
3439 2186 3499 2238 οὐ
3553 2181 3784 2239 Σκυθῶν,

2229 2280 2291 2334 οὐ
2324 2281 2430 2350 μὴν
2457 2279 2577 2332 οὐδέ
2628 2279 2876 2332 Λατίνων
2921 2279 3030 2331 τῶν
3081 2279 3330 2342 ἑλόντων,
3367 2277 3486 2330 ἀλλ’
3528 2274 3680 2343 ἡμῶν
3704 2271 3791 2324 αὖ·

2230 2372 2369 2424 τῶνο
2401 2373 2450 2425 οἳ
2482 2371 2746 2441 ψυγέντες
2770 2371 3059 2439 ἁμαρτιῶν
3093 2369 3384 2440 βαρυτάτῳ
3421 2367 3645 2439 χειμῶνι
3675 2364 3790 2432 ἕρη-

2235 2477 2335 2531 μον
2386 2462 2720 2532 τηλικαύτην
2768 2463 2922 2515 πόλιν
2977 2463 3209 2530 ἀφέντες
3266 2461 3522 2530 ἐθέμεθα,
3574 2456 3662 2510 καὶ
3701 2453 3788 2522 τὴν

2231 2553 2519 2625 Σικελικὴν
2541 2554 2781 2607 Σκύλλαν
2806 2555 3220 2622 ἐπηγαγόμεθα,
3251 2552 3358 2605 εἴτε
3388 2552 3491 2621 μὲν
3517 2546 3609 2604 οὖν
3635 2545 3791 2600 Σκύλ-

2231 2646 2351 2705 λαν,
2384 2645 2592 2709 ὀλίγαις
2627 2645 2772 2714 ἡμᾶ;
2802 2644 3064 2712 κεφαλαῖς
3111 2641 3522 2710 ζημιώσουσαν.
3551 2641 3700 2705 ’Λρτι
3738 2635 3788 2687 δὲ

2231 2735 2506 2804 Χάρυϐδις
2572 2737 2606 2800 ἡ
2656 2733 2866 2786 ἐκεῖθεν
2923 2733 3272 2786 κατέσπακεν
3323 2731 3497 2802 ἡμᾶς,
3560 2725 3790 2796 ὀλέθριον

2233 2822 2563 2893 ἀναῤῥοιΰδή
2575 2840 2733 2877 σασα.
3128 2896 3133 2902 δ

2306 2913 2452 2986 ρμα’.
2486 2916 2592 2968 Καὶ
2621 2911 2687 2984 ἦν
2718 2915 2815 2984 μὲν
2846 2912 3081 2967 ἐνταῦθά
3118 2929 3210 2981 μοι
3243 2911 3412 2973 τόπος
3443 2909 3654 2980 θρήνων
3677 2913 3792 2957 κατ-

2233 3007 2418 3077 άρξαι,
2454 3007 2547 3060 καὶ
2603 3005 3019 3075 ἀποιμώξασθαι
3047 3005 3117 3056 τὰ
3142 3003 3227 3074 ἐφ’
3271 3004 3421 3072 ἡμᾶς
3473 3004 3632 3056 κακά.
3666 2995 3792 3050 Οὔτε

557 3089 736 3136 autem
759 3099 860 3138 nec
877 3087 995 3140 seni
1023 3088 1259 3155 proﬁt-ua
1278 3103 1404 3148 sunt
1428 3110 1524 3150 nec
1550 3095 1642 3151 Dei
1665 3099 1920 3168 episcopo
1941 3102 2124 3172 digna,

2233 3097 2289 3153 δὲ
2323 3097 2538 3166 γέροντι
2565 3099 2634 3150 τὰ
2655 3095 2878 3149 τοιαῦτα
2908 3095 3388 3165 προσευπορεῖται,
3411 3092 3505 3145 καὶ
3531 3089 3644 3142 οὐδὲ

556 3174 654 3229 sed
687 3179 1176 3246 supplicationibus
1217 3196 1270 3240 et
1317 3186 1500 3255 gloria:
1543 3190 1808 3245 Altissimi
1844 3207 2122 3264 congrua,

559 3280 629 3320 ex
661 3281 772 3336 quo
797 3278 851 3323 et
876 3285 972 3340 per
998 3288 1160 3342 quem
1195 3285 1388 3331 nostra
1417 3283 1599 3335 omnia
1636 3293 1952 3352 suppetunt.
1983 3285 2127 3353 Quid

557 3375 694 3416 vero
730 3363 959 3435 impedit
989 3368 1123 3437 quin
1148 3410 1163 3435 ,
1197 3371 1302 3426 hoc
1349 3373 1466 3428 solo
1499 3378 1665 3431 verbo
1699 3379 1914 3448 prolato
1970 3380 2126 3448 quie-

561 3469 737 3520 scam,
767 3470 869 3523 ne,
888 3467 949 3512 ut
989 3459 1189 3515 dixerit
1222 3463 1421 3532 aliquis
1457 3468 1670 3532 merito,
1705 3468 1878 3524 solem
1926 3471 2125 3525 alicubi

562 3546 799 3616 majores
818 3563 1092 3607 aerumnas
1121 3552 1358 3610 vidisse?
1393 3556 1597 3623 Quodsi
1629 3561 2003 3615 adversarium
2033 3563 2133 3617 ob-

562 3637 712 3692 vium
743 3639 973 3704 habebo,
1002 3659 1104 3698 nec
1141 3655 1441 3702 extremam
1482 3660 1840 3716 senectutem,
1875 3668 1976 3707 nec
2019 3655 2134 3724 epi-

563 3729 835 3796 scopalem
895 3731 1217 3800 dignitatem
1277 3736 1529 3803 verebor,
1581 3739 1676 3792 sed
1729 3742 2010 3804 resistam,
2073 3750 2128 3796 et

564 3812 858 3878 commisso
907 3823 1094 3893 prtelio
1140 3827 1243 3880 tela
1277 3830 1516 3883 oratoria
1565 3845 1670 3886 non
1715 3830 1870 3901 longe
1901 3846 1930 3886 a
1964 3845 2133 3903 scopo

559 3911 864 3980 iaculabor.

641 4097 764 4152 142.
785 4098 902 4154 Tali
933 4101 1092 4156 modo
1122 4119 1208 4158 res
1229 4113 1378 4174 gesta
1401 4115 1504 4172 est,
1524 4107 1568 4160 si
1598 4107 1962 4176 tragoedorum
1986 4123 2136 4164 more

566 4204 752 4245 sermo
785 4194 1165 4250 terminandus
1197 4206 1278 4250 est
1311 4199 1490 4265 potius
1533 4214 1696 4268 quam
1728 4199 1930 4253 rationi
1959 4200 2137 4268 operi-

566 4296 674 4348 que
703 4281 1095 4340 iusistendum.
1132 4285 1197 4340 Et
1225 4302 1353 4342 vere
1402 4304 1546 4345 nunc
1593 4291 1923 4346 cessandum
1974 4300 2134 4357 erat,

2231 3191 2531 3252 ἐπίσκοπος
2581 3188 2842 3251 τοιούτοις
2887 3187 3073 3256 λόγοις
3124 3187 3354 3258 πρέπων
3401 3185 3574 3244 ἐστὶν,
3625 3174 3790 3244 ἀλλ’ἢ

2234 3283 2426 3352 μόναις
2456 3281 2850 3350 εὐχαριστίαις,
2885 3281 2980 3332 καὶ
3009 3278 3134 3348 δόξῃ
3174 3281 3240 3348 τῇ
3278 3278 3358 3341 εἰς
3393 3277 3488 3329 τὸν
3518 3273 3792 3341 ’Υψιστονν

2230 3375 2290 3440 ἐξ
2317 3368 2378 3428 οὗ
2412 3376 2506 3428 καὶ
2553 3375 2619 3427 δι’
2659 3366 2720 3426 οῦ
2754 3374 2820 3425 τὰ
2868 3372 3134 3443 ἡμέτερα.
3169 3372 3236 3426 Τί
3267 3371 3323 3423 δέ
3357 3369 3423 3440 δὴ
3478 3366 3692 3466 κωλύει,
3741 3361 3800 3466 ἓν

2230 3467 2364 3536 γοῦν
2395 3466 2554 3520 τοῦτο
2601 3465 2760 3536 μόνον
2813 3465 3039 3518 εἰπόντα
3083 3481 3149 3534 με
3193 3460 3599 3522 πεπαύσεσθαι,
3629 3457 3719 3518 ὡς.
3751 3457 3795 3504 εἴ

2232 3575 2314 3622 τις
2347 3560 2466 3626 ἐρεῖ
2497 3557 2568 3627 μὴ
2600 3559 2666 3611 ἂν
2715 3557 2917 3611 ἰδέσθαι
2968 3574 3054 3610 πω
3098 3555 3188 3608 τὸν
3219 3554 3370 3626 ἥλιον
3411 3552 3598 3608 ἄλλοθι
3634 3545 3793 3618 μείζω

2234 3651 2403 3721 πάθη,
2427 3651 2526 3702 οὐκ
2557 3648 2623 3703 ἂν
2655 3649 2760 3713 ἔξω
2805 3649 2965 3709 λόγου
2996 3647 3457 3717 ἀπισχυρίσαιτο;
3497 3643 3603 3698 Καὶ
3647 3642 3796 3706 είπερ

2235 3741 2456 3810 εὑρήσω
2499 3739 2592 3792 τὸν
2636 3737 3119 3808 ἀντιπεσούμενον,
3155 3735 3272 3790 ἀλλ’
3317 3734 3554 3789 ἐνταῦθα
3595 3731 3691 3785 οὐκ
3717 3729 3799 3782 αἰ-

2234 3833 2460 3902 δέσομαι
2495 3831 2574 3895 εἰς
2615 3831 2804 3884 λαλιὰν
2855 3829 2981 3883 οὔτε
3008 3830 3070 3882 τὸ
3121 3828 3257 3898 βαθὺ
3295 3829 3494 3897 γῆρας,
3546 3822 3667 3878 οὔτε
3709 3817 3802 3886 τὴν

2234 3923 2566 3993 ἐπισκοπὴν,
2609 3922 2725 3976 ἀλλ’
2774 3925 3127 3988 ἐνστήσομαι,
3178 3921 3273 3973 καὶ
3306 3915 3801 3986 ἐπαγωνισάμενοςο

2235 4015 2334 4067 οὐκ
2355 4013 2422 4067 ἂν
2441 4014 2629 4084 πόρρω
2658 4011 2862 4065 σκοποῦ
2882 4010 2942 4063 τὸ
2962 4011 3059 4080 τῆς
3083 4008 3370 4080 ῥητορείας
3389 4007 3548 4077 βέλος
3565 4003 3800 4106 ρίψαιμι..

2311 4107 2459 4177 ρμβ’.
2499 4125 2518 4158 ι
2554 4105 2757 4158 Τοιόνδ’
2806 4103 2988 4173 ἀπέϐη
3017 4103 3136 4155 τόδε
3169 4103 3422 4171 πρᾶγμα,
3467 4118 3487 4151 ι
3533 4097 3586 4152 εί
3621 4113 3672 4148 τι
3701 4097 3800 4163 χρὴ

2236 4200 2590 4272 τραγῳδικῶς
2643 4199 2958 4252 συντελέσαι
2992 4198 3082 4250 τδν
3135 4195 3313 4263 λόγον,
3363 4193 3495 4247 ἔνθα
3532 4192 3593 4245 τὸ
3639 4186 3800 4246 πάθος

2236 4291 2548 4364 τραγῳδίας
2585 4290 2766 4356 ἄξιον·
2801 4289 2898 4342 καὶ
2944 4288 3071 4341 οὔτε
3114 4287 3256 4356 λόγῳ
3305 4285 3428 4340 καθ’
3461 4287 3582 4339 δλον
3615 4277 3722 4336 οἷόν
3751 4293 3803 4329 τε

569 4373 673 4429 nisi
708 4375 1110 4432 audivissemus
1139 4379 1401 4435 Dei'iram
1431 4382 1670 4437 nondum
1701 4398 1730 4436 a
1762 4383 1922 4438 nobis
1956 4397 2128 4438 reces-

2240 4383 2614 4453 παραστῆναι,
2640 4380 2765 4434 οὔτε
2793 4381 2934 4434 κατὰ
2955 4379 3116 4449 ἔργον
3142 4377 3423 4450 φέρεσθαι.
3450 4377 3552 4446 Εῐη
3575 4375 3631 4428 δέ
3653 4371 3807 4442 μέχρι

565 4469 729 4532 sisse,
763 4467 860 4522 sed
903 4484 1126 4524 manum
1159 4471 1279 4540 ejus
1310 4474 1488 4544 adhuc
1517 4489 1642 4530 esse
1663 4483 1941 4530 extentam
1972 4491 2128 4546 para-a

2239 4445 2392 4526 τοῦδε
2422 4445 2675 4542 λωφῆσαι
2697 4473 2758 4525 τὸ
2790 4474 2921 4533 πᾶν,
2958 4445 3154 4541 μὴῖκαὶ
3176 4445 3501 4538 ἀκούσωμεν
3522 4445 3613 4521 καὶ
3641 4461 3806 4522 αὐτοὶ,

565 4562 793 4626 tamque
840 4560 908 4613 ad
942 4561 1141 4617 vulnus
1187 4563 1389 4618 letbale
1429 4563 1780 4630 inﬂigendum
1807 4603 1822 4628 ,
1858 4564 2136 4634 Deumque

566 4647 855 4706 nobiscum
876 4663 980 4704 non
1003 4665 1318 4707 mansurum
1344 4652 1448 4709 nisi
1470 4653 1829 4722 corrigantur.
1859 4651 2139 4708 Correctio

566 4746 752 4795 autem
778 4743 885 4796 erit
910 4744 954 4797 si
982 4745 1148 4799 vitam
1181 4761 1486 4815 perversam
1517 4745 1991 4801 emendaverimus
2015 4761 2141 4814 pro-

569 4839 688 4900 pter
708 4848 871 4899 quant
903 4847 1102 4891 cuncta
1136 4838 1250 4891 haec
1283 4839 1424 4892 mala
1453 4838 1504 4892 itt
1534 4851 1633 4893 nos
1661 4837 2140 4894 irruerunt.Valde

567 4922 714 4975 enim
747 4931 897 4977 errat
923 4927 1014 4995 qui
1046 4943 1145 4984 nos
1171 4929 1417 4985 insontes
1439 4931 1546 4998 pati
1577 4930 1890 4986 crediderit.

652 5202 779 5257 145.
818 5205 957 5257 Ante
993 5202 1178 5256 omnia
1212 5204 1377 5274 igitur
1423 5215 1644 5273 peccata
1695 5221 1812 5261 mea
1851 5208 1923 5262 ob
1951 5209 2144 5265 oculos

575 5307 746 5363 pono,
777 5293 1219 5357 misericordiam
1254 5295 1490 5349 divinam
1528 5296 1808 5363 invocans,
1855 5315 1885 5351 a
1927 5299 2141 5368 justitia

572 5390 642 5440 al
685 5386 1008 5439 teharitatem
1049 5385 1342 5454 appellans,
1375 5388 1465 5454 qui
1505 5389 1804 5444 subsistere
1837 5392 1982 5460 p0tis
2037 5407 2144 5447 non

574 5491 721 5542 sum,
755 5476 801 5529 si
835 5475 978 5531 Deus
1007 5488 1224 5543 peccata
1261 5494 1376 5533 mea
1412 5479 1603 5548 punire
1633 5482 1878 5536 voluerit.
1908 5482 2150 5539 Conver-

575 5571 728 5619 sione
755 5565 920 5636 igitur
952 5566 1352 5636 promptissima
1384 5584 1520 5638 Opus
1551 5577 1655 5624 est.
1677 5569 1808 5623 Nam
1831 5609 1848 5637 ,
1881 5581 1938 5624 ttt
1966 5574 2146 5640 video,

577 5656 964 5726 plerorumque
1018 5659 1306 5715 conversio
1354 5661 1567 5714 sincera
1619 5676 1727 5717 non
1761 5671 1864 5716 est.
1897 5661 2150 5718 Fortasse

563 5753 637 5816 ,ει
669 5763 770 5804 nos
805 5757 1006 5806 temere
1035 5748 1280 5806 ausituus
1309 5750 1614 5807 exclamare
1649 5768 1664 5805 :
1696 5749 1830 5817 Quis
1857 5760 1940 5807 est
1967 5750 2147 5807 domi-

2241 4567 2316 4627 ὡς
2344 4566 2529 4620 οὐκέτι
2558 4567 2587 4620 ὁ
2613 4565 2708 4619 τοῦ
2739 4565 2874 4620 Θεοῦ
2910 4564 3033 4618 καθ’
3060 4563 3222 4632 ἡμῶν
3259 4562 3432 4632 θυμὸς
3463 4557 3808 4628 ἀπεστράφην

2239 4655 2353 4712 ἀλλ’
2377 4656 2456 4709 ἐτι
2484 4658 2517 4726 ἠ
2538 4659 2660 4726 χεὶρ
2689 4657 2855 4709 αὐτοῦ
2880 4655 3080 4725 ὑψηλὴ,
3109 4656 3202 4708 καὶ
3233 4654 3321 4706 οἵα
3341 4669 3400 4704 τε
3432 4648 3812 4744 κατενεχθεῖσα

2241 4749 2481 4814 πατάξαι
2503 4752 2581 4813 εἰς
2598 4749 2830 4803 θάνατον
2853 4765 2868 4780 ο
2899 4749 3000 4801 οὐκ
3024 4745 3368 4815 ἀκουσόμεθα
3395 4743 3454 4797 δὲ
3478 4745 3660 4815 μένειν
3682 4739 3809 4791 Θεοῦ

2243 4841 2368 4895 καθ’
2405 4843 2586 4912 ἡμῶν,
2621 4842 2780 4910 εἴπερ
2815 4838 3245 4909 διορθωσόμεθα.
3279 4833 3662 4936 Διόρθωσιςήδέ
3688 4833 3813 4936 illi”,

2243 4933 2419 5000 ἔσται,
2450 4935 2499 4986 εἰ
2533 4932 2971 5002 μεταϐαλώμεθα
3023 4931 3119 4984 τοῦ
3155 4931 3533 5000 περιπονήρου
3580 4926 3716 4996 βίου,
3749 4919 3796 4971 δι

2241 5027 2302 5079 ὃν
2329 5027 2462 5095 ἡμῖν
2493 5025 2687 5078 ταῦτα.
2714 5023 2937 5090 Μηδένα
2963 5024 3072 5091 γάρ
3097 5021 3220 5084 νοῦς
3260 5019 3520 5074 πλανάτω
3540 5017 3811 5087 φίλαυτος.

2244 5117 2320 5180 ὡς
2350 5116 2451 5168 οὐκ
2478 5114 2700 5177 ἐνδίκως
2726 5129 2792 5166 πε
2804 5111 3288 5184 ποινηλατήμεθα.ί

2317 5205 2465 5275 ρμγ’.
2505 5206 2725 5274 Πρῶτος
2756 5200 2850 5260 οὗν
2883 5204 2993 5272 ἐγὼ
3026 5204 3131 5274 πρὸ
3165 5201 3464 5273 ὀφθαλμῶν
3499 5196 3814 5267 ἱσταμένους

2245 5298 2371 5360 τοὺς
2408 5297 2516 5348 τῶν
2567 5296 2714 5366 ἐμῶν
2765 5296 2974 5350 κακιῶν
3029 5295 3284 5364 ἐλέγχους
3343 5289 3674 5360 ἀναθεωρῶ,
3726 5283 3816 5336 καὶ

2247 5389 2557 5457 ποτνιῶμαι
2585 5387 2892 5440 θεοκλυτῶν
2925 5387 3055 5454 περὶ
3082 5386 3266 5447 ἐλέους
3304 5382 3461 5450 Θεοῦ,
3493 5383 3588 5434 καί
3618 5394 3732 5438 πως
3754 5377 3817 5427 ἐκ

2246 5478 2342 5531 τοῦ
2372 5478 2580 5530 δικαίου
2612 5478 2796 5546 ἔφεσιν
2820 5477 2954 5546 πρὸς
2976 5477 3035 5529 τὸ
3063 5476 3445 5546 φιλάνθρωπον
3476 5473 3719 5539 τίθεμαι,
3742 5465 3815 5533 μὴ

2249 5569 2390 5639 ἔχων
2422 5569 2775 5636 ὑφίστασθαι,
2804 5568 2964 5638 εἴπερ
2994 5567 3224 5638 ἀνομίας
3252 5565 3562 5635 παρατηρεί
3593 5559 3816 5627 Κύριος·

2251 5659 2630 5730 Μεταὸλητέον
2653 5657 2767 5728 οὖν,
2797 5662 2921 5713 ὅσον
2947 5659 3133 5729 τάχος.
3159 5659 3357 5712 Οὐκέτι
3377 5659 3484 5728 γὰρ
3509 5655 3558 5707 οἱ
3580 5650 3816 5705 πλείους.

2252 5753 2328 5817 ὡς
2375 5753 2577 5823 βλέπω,
2613 5751 2914 5823 μεταϐολὴν
2952 5752 3049 5827 τὴν
3077 5752 3452 5822 χρηστοτέραν
3482 5738 3815 5818 ἠλλάγμεθα.
