4084 6414
314 381 411 444 137

1089 376 1190 435 DE
1231 375 1800 437 THESS.\LONICA
1843 377 2046 438 URBE
2086 377 2131 435 A
2175 375 2477 436 LATINIS
2511 376 2772 434 CAPTA.

3479 381 3576 443 138

308 496 584 564 δῖενοῦιδγε
613 490 1057 562 φιλοτιμούμεθα
1102 494 1198 546 καὶ
1245 493 1402 544 αὐτοὶ
1436 491 1614 560 λέγειν
1655 493 1763 546 ἰδοὺ
1798 493 1893 545 καὶ

1999 508 2098 546 nus
2119 491 2349 547 noster?
2373 491 2537 561 idque
2567 491 2823 562 quoniam
2847 504 3005 544 nemo
3020 491 3246 548 verbum
3276 493 3329 548 in
3364 511 3464 552 nos
3491 513 3578 552 re-

310 591 474 644 πάλιν
505 588 706 657 ἡμεῖς’
742 585 839 649 Τίς
881 586 1038 656 ήμῶν
1082 585 1273 656 κύριός
1321 586 1494 649 ἐστιν,
1547 585 1622 647 ὡς
1668 585 1898 655 μηδενὸς

310 683 442 749 ἡμῖν
471 680 678 748 φαῦλον
703 679 1188 748 ἐπιψηφισαμένου
1223 677 1392 748 μηδέν
1418 693 1434 742 ;
1471 678 1536 730 Ὢ
1567 677 1664 746 τῆς
1687 679 1745 730 ὲν
1767 677 1897 746 ἡμῖν

309 771 704 840 δυσαισθησίας
735 773 748 823 l
783 771 859 839 μή
897 787 987 840 μοι
1029 769 1086 822 δὲ
1116 770 1352 838 γένοιτο,
1402 769 1496 822 καὶ
1538 767 1898 838 ἀναισθησίας

311 865 512 927 εἰπεῖν,
554 864 610 915 έν
641 861 718 930 τῷ
755 861 833 932 μὴ
865 862 933 913 τὰ
972 861 1121 914 αίτια
1155 862 1250 914 καὶ
1294 859 1768 929 κατασκέψασθαι,
1804 861 1897 912 καὶ

309 955 552 1008 ἐκποδὼν
578 953 935 1024 ποιήσασθαι,
965 953 1059 1022 ἀφ’
1087 948 1162 1008 ὧν
1188 955 1318 1024 ἡμῖν
1337 952 1678 1022 κατεϐρέχθη
1697 950 1896 1020 κεραύ-

306 1065 394 1100 νια
415 1047 561 1100 κακά
579 1063 594 1078 ο
619 1046 688 1100 δι’
709 1039 784 1100 ὧν
800 1045 1261 1115 ὲκτεφρωθέντες,
1284 1044 1496 1115 πληγὰς
1515 1044 1892 1115 ὲνετρίϐημεν,

307 1138 492 1206 ἇσπερ
509 1136 607 1188 οὐκ
621 1135 686 1188 ἂν
700 1134 878 1198 οὐδεὶς
897 1137 1140 1206 μακροὺς
1152 1136 1427 1198 ἐνιαυτοὺς
1443 1131 1892 1204 ἀπαλθησόμεθα.

383 1229 524 1300 ρμδθ.
558 1228 680 1280 Εἰσὶ
725 1227 782 1280 δὲ
812 1227 987 1280 ταῦτα
1033 1225 1114 1297 (οὐ
1149 1227 1258 1297 γὰρ
1304 1226 1542 1296 ὀκνήσω,
1581 1227 1678 1279 καὶ
1729 1228 1894 1282 πάλιν

304 1320 368 1372 τὸ
395 1319 490 1372 τοῦ
521 1319 680 1386 λόγου
713 1318 1099 1389 χειρισάμενος
1129 1317 1385 1387 ἄροτρον,
1419 1316 1763 1386 ἁναπολῆσαι
1792 1318 1892 1388 τὴν

307 1415 433 1468 κατ’
482 1412 583 1481 ἐμὲ
631 1409 1012 1480 πνευματικὴν
1067 1410 1276 1478 ταύτην
1304 1408 1429 1477 γῆν,
1481 1407 1704 1462 καὶτὸν
1747 1409 1892 1463 θεῖον

309 1506 537 1576 σπόρον,
554 1503 627 1567 ὡς
653 1503 907 1567 εἴθισται,
928 1500 1275 1569 καταϐαλεῖν)
1299 1516 1313 1531 ⁸
1343 1499 1394 1552 οἰ
1418 1500 1702 1568 φθόνοι,τὸ
1721 1517 1892 1570 -πρεσ-

306 1598 542 1650 ϐύτατον
572 1596 762 1661 κακὸν,
791 1595 852 1647 τὸ
884 1593 980 1647 τοῦ
1006 1593 1296 1646 καλλίστου
1329 1591 1470 1655 ζώου
1501 1593 1643 1663 μέγα
1673 1589 1881 1663 αἶσχος,

305 1690 368 1742 τὸ
392 1688 566 1742 δεινὸν
593 1686 690 1741 τοῦ
726 1686 1128 1748 καταπεσόντος
1152 1684 1431 1754 ἑωσφόρον
1472 1675 1668 1750 θέεῖον,
1699 1684 1727 1738 ὃ
1760 1701 1888 1738 συν-

306 1781 562 1850 εφήψατο
616 1778 718 1848 τῆς
763 1779 822 1832 ὲν
864 1778 995 1847 ἡμῖν
1023 1775 1324 1830 κακοποιοῦ
1375 1775 1802 1847 κεραυνώσεως·
1833 1776 1885 1828 οἱ

308 1873 674 1942 συγγέροντες
709 1869 787 1940 τῷ
841 1870 1019 1939 φθόνῳ
1052 1867 1232 1937 τῦφοι,
1259 1868 1342 1931 εἰς
1370 1866 1464 1931 οὓς
1491 1869 1538 1933 ὁ,
1569 1866 1644 1930 ὡς
1685 1869 1883 1932 εἰπεῖν,

304 1963 631 2035 τυφογέρων
664 1963 876 2032 δαίμων
925 1959 1262 2024 ἀναϐιϐάσας
1291 1961 1464 2031 ἡμᾶς,
1499 1959 1596 2015 καὶ
1646 1975 1890 2031 προσκυ-

305 2054 522 2124 νηθείς,
573 2054 648 2118 ὡς
695 2054 788 2108 ἐπὶ
842 2052 1147 2124 βασιλείαις
1196 2053 1365 2118 τισὶν,
1416 2046 1536 2105 εἷτα
1585 2052 1885 2126 κατέρριψε

307 2147 462 2200 κάτω
492 2145 668 2217 βαλὼν
701 2145 830 2208 τοὺς
859 2144 1086 2208 πολλοὺς
1107 2145 1200 2198 καὶ
1223 2145 1308 2207 εἰς
1345 2143 1618 2214 τάρταρον
1637 2159 1654 2175 ο
1689 2145 1745 2198 αί
1769 2145 1884 2198 δια-

308 2237 492 2305 ϐολαὶ,
523 2237 581 2290 αἳ
616 2236 711 2300 τὰς
743 2236 1078 2306 θανασίμους
1109 2234 1232 2290 καθ’
1269 2235 1426 2306 ἡμῶν
1459 2234 1767 2290 ἀπεύθυναν
1801 2236 1888 2306 βο-

304 2330 402 2394 λάς
427 2345 443 2358 ·
471 2329 530 2382 τὸ
563 2329 700 2399 βαθὺ
730 2328 947 2398 ψεῦδος,
979 2321 1039 2382 οὗ
1074 2327 1261 2381 ἕνεκεν
1293 2329 1320 2380 ὁ
1344 2329 1440 2394 τῆς
1471 2327 1730 2399 ἀληθείας
1756 2327 1886 2391 Θεὸς

302 2424 490 2492 ἀπῆρε
525 2422 648 2484 τοὺς
681 2421 996 2490 ὀφθαλμοὺς
1027 2420 1086 2486 ἐξ
1125 2420 1318 2491 ήμῶνο
1351 2421 1412 2473 τὸ
1454 2419 1883 2491 φιλοχρήματον,

302 2504 369 2563 οὗ
403 2509 526 2563 κατ’
558 2509 738 2564 αἰτίαν
771 2508 830 2562 εὖ
862 2509 1294 2579 δεδικαιωμένοι,
1331 2509 1553 2562 πάντων
1585 2509 1886 2579 χρημάτων

303 2601 806 2672 ἀπεγυμνώθημεν,
839 2601 964 2671 δίχα
998 2617 1062 2669 γε
1113 2600 1221 2656 τῶν
1269 2601 1365 2656 καὶ
1412 2603 1580 2655 εἰσέτι
1608 2602 1686 2674 τῷ
1712 2604 1886 2676 φο).εῷ

304 2692 488 2762 τούτῳ
539 2691 924 2756 ὲπωαζόντων,
977 2691 1228 2745 κάκεῖθεν
1289 2692 1882 2763 καταθρασυνομένων,

300 2788 416 2840 τῶν
447 2786 524 2858 μὴ
562 2785 806 2856 φωλεοὺς
845 2787 1100 2858 ἐχόντων,
1135 2785 1264 2841 ἔνθα
1296 2786 1536 2840 κλινοῦσι
1583 2787 1685 2852 τὰς
1716 2806 1886 2859 κεφασ-

299 2880 406 2944 λὰς
445 2879 518 2950 (οἳ
570 2879 942 2949 βλεπέτωσαν,
1002 2877 1250 2948 μήποθεν
1303 2878 1448 2948 ὄφις,
1506 2879 1725 2944 ὁποίους
1777 2881 1884 2953 χρὴ

297 2973 556 3038 δεδιέναι,
612 2969 936 3041 ὑφερπύσας
975 2971 1253 3043 ἀχρειώση
1296 2973 1478 3034 αὐτοῖς
1524 2974 1592 3027 τὰ
1633 2974 1733 3043 τῆς
1767 2991 1883 3043 φω·

298 3065 476 3129 λείας,
523 3065 598 3128 ὡς
647 3063 722 3134 μὴ
767 3062 1238 3134 τελεσφορηθῆναι
1285 3065 1364 3128 εἰς
1413 3063 1778 3137 νεόττευσιν)’
1820 3067 1878 3121 αί

2004 592 2240 652 torquet.
2271 583 2316 638 Ο
2364 583 2747 640 ltebetudinem
2784 585 3063 638 nostram!
3109 583 3267 639 Absit
3299 595 3477 640 autem
3519 601 3577 641 ut

2009 675 2400 729 hebetudinem
2442 689 2718 737 accusem,
2769 676 2875 730 nisi
2925 686 3146 746 peccata
3203 678 3472 749 inquiram
3520 690 3576 736 et

2001 767 2266 836 rejiciam,
2304 775 2529 837 propter
2564 783 2685 836 qua:
2718 765 2948 822 fulmina
2994 770 3112 824 dira
3145 771 3197 824 in
3233 786 3334 826 nos
3363 772 3576 827 cecide-

2000 869 2144 925 runt,
2187 861 2389 929 quibus
2439 865 2775 919 concremati
2813 881 3042 930 sumus,
3081 880 3111 920 a
3143 866 3345 935 quibus
3381 867 3567 938 plagas

1996 953 2332 1022 accepimus,
2365 971 2505 1025 quas
2541 957 2694 1010 multi
2725 957 2851 1010 anni
2881 973 2985 1012 non
3023 959 3320 1014 sanabunt.

2067 1233 2190 1287 1M.
2228 1231 2367 1285 Sunt
2405 1238 2586 1285 autem
2619 1246 2764 1285 nunc
2792 1231 2905 1285 ltmc
2945 1232 3075 1301 (non
3105 1232 3249 1286 enim
3298 1246 3383 1286 me
3421 1233 3569 1302 piget

1995 1331 2053 1379 ut
2084 1324 2278 1378 iterum
2313 1321 2378 1375 ad
2413 1330 2655 1375 aratrum
2686 1321 2835 1374 verbi
2865 1321 3072 1374 mittam
3125 1337 3344 1375 manum
3371 1361 3386 1386 ,
3424 1323 3568 1376 hanc.

1997 1430 2171 1471 meam
2209 1430 2465 1470 renovem
2497 1415 2836 1484 spiritttalem
2874 1422 3075 1468 terram
3105 1463 3122 1488 ,
3163 1429 3459 1485 semenque
3489 1415 3570 1468 di-

1992 1506 2176 1559 vinum
2210 1521 2364 1560 more
2403 1504 2566 1562 solito
2598 1504 2869 1575 Spargam)
2895 1521 2909 1561 :
2940 1502 3167 1570 invidia,
3193 1505 3394 1558 malum
3429 1505 3569 1558 anti-

1989 1597 2337 1668 quissimum,
2375 1597 2624 1652 animalis
2650 1595 3021 1651 venustissimi
3046 1610 3237 1666 magna
3264 1595 3564 1664 turpitudo,

1989 1686 2230 1741 Luciferi
2276 1686 2497 1740 coalitus
2547 1686 2873 1757 praecipitati
2915 1686 3097 1742 dirum
3151 1686 3384 1756 sulphur
3421 1686 3565 1756 quod

1991 1776 2197 1831 fulmen
2227 1773 2500 1830 funestum
2525 1777 2578 1829 in
2609 1776 2769 1832 nobis
2798 1777 3072 1844 accendit;
3102 1778 3329 1832 comites
3350 1776 3567 1831 invidia:

1991 1868 2084 1923 alti
2119 1868 2368 1938 spiritus,
2405 1867 2458 1920 in
2488 1881 2629 1936 quos
2659 1868 2872 1922 daetnon
2902 1867 3180 1924 fastuosus
3209 1883 3310 1924 nos
3343 1877 3565 1939 protru-

1991 1963 2096 2029 sit;
2137 1960 2260 2017 dein
2290 1961 2552 2018 adoratus
2583 1977 2611 2015 a
2646 1961 2810 2018 nobis
2836 1976 2990 2017 more
3031 1963 3181 2032 regio
3212 1962 3478 2032 plurimos
3509 1962 3564 2016 in

1990 2053 2268 2109 infernum
2309 2053 2620 2124 praecipites
2649 2053 2792 2123 egit;
2821 2053 3133 2120 calumniae,
3166 2054 3261 2124 qui
3305 2054 3565 2110 mortales

1990 2146 2148 2202 nobis
2178 2146 2364 2216 plagas
2389 2145 2733 2210 indixerunt;
2766 2145 3110 2201 mendacium
3135 2146 3322 2213 fallax,
3344 2157 3568 2218 propter

1990 2235 2131 2305 quod
2185 2235 2330 2290 Deus
2380 2234 2569 2289 oculos
2619 2249 2648 2286 a
2695 2234 2852 2288 nobis
2899 2236 3129 2302 avertit;
3165 2237 3420 2302 avaritia,
3469 2251 3568 2306 per

1988 2342 2154 2396 quam
2205 2340 2314 2380 non
2358 2325 2672 2396 justificati,
2714 2326 2808 2382 sed
2858 2327 3056 2391 merito
3088 2329 3344 2383 omnibus
3398 2328 3562 2384 bonis
3657 2326 3664 2332 ’

1988 2419 2134 2473 exuti
2173 2432 2387 2482 sumus,
2424 2418 2667 2486 exceptis
2702 2419 2768 2472 iis
2809 2419 2899 2489 qui
2933 2423 2986 2472 in
3019 2419 3260 2474 latibulis
3295 2419 3562 2487 resident,

1987 2517 2040 2565 et
2077 2511 2203 2565 inde
2236 2519 2440 2567 temere
2461 2517 2630 2580 agunt
2655 2511 2710 2565 in
2737 2525 2831 2566 eos
2856 2511 2950 2580 qui
2982 2525 3179 2567 caveas
3203 2528 3308 2567 non
3335 2512 3562 2576 habent,

1988 2600 2080 2656 ubi
2121 2609 2286 2672 caput
2324 2600 2598 2656 reclinent
2627 2600 2871 2668 (videant
2903 2600 2958 2654 lii
2992 2615 3060 2655 ne
3092 2615 3321 2670 serpens
3370 2599 3565 2655 formi-

1988 2694 2204 2750 dandus
2233 2708 2528 2764 erumpens
2557 2707 2753 2748 caveas
2790 2707 2983 2748 eorum
3022 2704 3234 2748 evertat
3259 2693 3334 2747 ita
3383 2701 3443 2747 ut
3473 2695 3563 2748 ni-

1991 2787 2208 2842 diﬁcari
2259 2787 2460 2842 ibidem
2498 2801 2604 2842 non
2641 2787 2916 2856 possint);
2966 2785 3118 2841 faisze
3153 2786 3560 2853 accusationes,

1985 2893 2127 2950 quas
2165 2887 2483 2934 exsecratus
2515 2893 2742 2949 magnus
2767 2876 2942 2934 Judex
2971 2893 3073 2933 nos
3095 2877 3394 2949 judicavit;
3425 2893 3558 2933 usu-

1985 2986 2059 3026 rae
2081 2972 2383 3028 immodica:
2400 2971 2752 3041 pecuniarum
2773 2979 2967 3026 mutuo
2979 2984 3341 3040 sumprarum,
3357 2970 3561 3040 quibus

1987 3062 2242 3117 homines
2272 3062 2547 3131 simplices
2575 3069 2629 3116 et
2653 3076 2832 3115 rerum
2863 3061 3134 3130 angustiis
3164 3062 3344 3116 vexati
3368 3061 3556 3131 oppri-

297 3157 399 3230 ἐπὶ
423 3155 546 3226 δίκῃ
605 3153 981 3224 συκοφαντίαι,
1018 3153 1086 3218 ἃς
1134 3153 1523 3226 ὑπερμισήσας
1567 3156 1596 3208 ὁ
1646 3156 1874 3223 δίκαιος,

1987 3153 2300 3221 mebantur,
2336 3167 2571 3224 quorum
2608 3153 2754 3208 Deus
2804 3153 3106 3222 sospitator
3157 3153 3442 3218 misertus,
3476 3155 3559 3207 la-

300 3246 620 3300 ὲδικαίωσεν
658 3247 826 3316 ἡμᾶς,
862 3241 944 3308 οἷς
991 3245 1094 3299 οὐκ
1126 3244 1194 3299 ἂν
1225 3246 1588 3316 συκοφαντίαν
1632 3264 1881 3320 προηγη-

300 3338 548 3409 σαμένην
593 3337 1025 3408 ὲπικαλέσαιμεν
1048 3354 1064 3371 ·
1096 3338 1146 3391 οἰ
1168 3338 1260 3391 ἐπὶ
1283 3337 1608 3408 δανείσμασι
1636 3338 1879 3410 μετρίοις

298 3429 647 3499 ἀσύμμετροι
666 3430 762 3482 καὶ
789 3429 981 3502 βαρεῖς
1009 3428 1182 3494 τόκοι,
1218 3426 1300 3493 οἷς
1325 3431 1374 3482 οἰ
1407 3431 1720 3501 ἀπάλαμνοι
1752 3448 1880 3484 κατ-

300 3520 594 3575 επονοῦντο
640 3522 735 3575 καὶ
776 3522 1062 3592 ἁπέριττοι
1108 3521 1203 3575 καὶ
1249 3522 1719 3592 ἁπεριουσίαστοι,
1780 3523 1874 3586 οὓς

299 3613 535 3684 ἐλεήσας
577 3617 605 3669 ὁ
637 3615 708 3668 τὰ
755 3613 966 3687 ἐλαφρὰ
994 3615 1264 3686 φορτίζων
1311 3615 1464 3681 Θεὸς,
1499 3617 1596 3669 καὶ
1628 3618 1756 3680 τοὺς
1784 3633 1874 3670 κο-

1983 3250 2245 3302 borantes
2273 3259 2326 3304 et
2354 3251 2611 3300 oneratos
2642 3244 2707 3298 ad
2743 3243 2978 3314 quietem
3024 3243 3260 3310 invitat,
3313 3244 3555 3315 gladium

1981 3337 2242 3408 utrinque
2295 3352 2568 3392 exacuens
2617 3345 2680 3390 ut.
2719 3337 2844 3391 talis
2888 3337 3056 3407 prolis
3103 3347 3313 3408 patrem
3360 3341 3552 3404 orbet;

1979 3430 2070 3501 qui
2101 3445 2130 3484 a
2162 3429 2434 3500 principio
2466 3443 2495 3481 a
2523 3437 2678 3498 patre
2718 3429 2867 3499 gigni
2915 3444 3028 3483 non
3059 3429 3328 3484 debebant
3355 3446 3370 3496 ;
3402 3434 3553 3500 quod

1983 3532 2163 3576 autem
2195 3519 2263 3576 de
2295 3533 2355 3574 re
2388 3518 2650 3589 penuaria
2686 3526 2972 3586 metuant,
3017 3519 3160 3575 inter
3200 3535 3390 3577 omnes
3420 3536 3554 3576 con-

1980 3620 2108 3667 stat.

299 3708 545 3771 πιῶντας
607 3710 702 3763 καὶ
761 3710 1228 3780 πιφορτισμένους
1285 3708 1732 3780 προκαλούμενος
1793 3711 1874 3774 εἰς
1913 3708 2246 3771 ἀνάπαυσιν,
2296 3705 2573 3775 μάχαιραν
2627 3704 3005 3776 κατηκόντισεν
3052 3705 3251 3770 ἔξωθέν
3320 3724 3380 3760 τε
3457 3709 3554 3762 καὶ

297 3799 542 3865 ἔσωθεν,
577 3796 913 3853 ἀτεκνοῦσαν
963 3800 1092 3862 τοὺς
1150 3799 1246 3852 τοῦ
1312 3799 1556 3852 τοιούτου
1598 3801 1759 3854 τόκου
1829 3801 2104 3872 πατέρας’
2133 3798 2183 3852 οἳ
2237 3797 2371 3868 μηδὲ
2418 3797 2518 3865 τὴν
2565 3796 2742 3866 ἀρχὴν
2792 3799 3066 3867 σπαρῆναι
3116 3800 3253 3869 πρὸς
3303 3799 3554 3871 πατέρων

297 3892 533 3964 ὤφειλον
559 3905 573 3921 ·
599 3895 650 3946 εἰ
679 3893 736 3945 δὲ
767 3896 863 3948 καὶ
891 3895 955 3947 ἐκ
979 3892 1086 3946 τῶν
1113 3893 1380 3964 ταμιείων
1404 3895 1567 3965 φόϐος
1638 3896 1766 3959 τοὺς
1813 3896 2092 3958 τοιούτους
2121 3895 2270 3964 ἔσχε,
2301 3895 2395 3948 καὶ
2425 3893 2648 3962 οῐδαμεν
2681 3894 2776 3946 καὶ
2805 3895 3000 3948 οἴδασι.

374 3994 518 4059 ρμε⁹.
561 3987 991 4060 Προσλοτιστέον
1021 3989 1131 4051 τοῖς
1165 3987 1391 4058 φαύλοις
1429 3990 1490 4042 ὲν
1518 3990 1651 4058 ήμῖν
1679 3990 1873 4052 αἰτίοις

295 4084 394 4136 καί
413 4083 476 4135 τὸ
499 4081 599 4150 τῆς
621 4081 803 4151 φιλίας
830 4080 1319 4153 εὐπεριφρόνητον,
1341 4081 1438 4134 καὶ
1460 4081 1521 4134 οὐ
1551 4081 1873 4151 μακρόϐιον,

294 4173 414 4228 ἀλλ’
446 4173 754 4245 ἐφήμερονο
789 4172 914 4228 ὅθεν
947 4173 1300 4244 κεκινημένοι
1337 4173 1398 4226 τὸ
1435 4172 1626 4243 ἄγριον
1662 4172 1871 4243 βάρϐα-

298 4281 390 4335 ρον
419 4263 662 4317 διέθεντο
687 4263 768 4325 εἰς
813 4264 961 4335 ἡμᾶς
1004 4261 1074 4318 τὰ
1111 4263 1200 4318 διὰ
1221 4263 1346 4334 βίου
1387 4263 1869 4336 θρηνηθησόμενα.

298 4356 644 4410 Συντακτέον
694 4355 906 4418 τούτοις
935 4357 1029 4409 καὶ⁹
1073 4355 1136 4408 τὸ
1173 4356 1493 4427 ἀχάριστον,
1534 4357 1627 4410 καὶ
1653 4357 1872 4427 ἁπάσης

295 4449 523 4520 χάριτος
573 4447 948 4518 εὐεπίληστον,
988 4447 1086 4502 καὶ
1126 4441 1240 4501 οἷον
1288 4448 1542 4518 θνήσκειν
1589 4448 1752 4520 ταχὺ,
1800 4449 1876 4510 ὡς

294 4541 417 4609 ἅμα
452 4539 719 4610 ήλεῆσθαί
765 4556 909 4603 τινα,
951 4539 1047 4592 καὶ
1073 4539 1329 4593 τεθνάναι
1371 4540 1469 4610 τήν
1521 4539 1700 4612 χάριν,
1733 4541 1877 4595 κατὰ

293 4631 770 4704 τὴν.παροιμίαν.
805 4631 897 4684 Διὸ
948 4631 1199 4702 ἥρπασεν
1227 4632 1256 4683 ὁ
1287 4631 1418 4696 Θεὸς
1449 4632 1544 4701 ἀφ’
1589 4632 1748 4703 ήμῶν
1775 4633 1875 4696 τὰς

293 4726 552 4795 χάριτας,
583 4718 672 4786 αἷς
693 4724 756 4775 ὲκ
791 4722 1004 4794 μακροῦ
1028 4723 1089 4776 τὸ
1107 4722 1233 4777 καθ’
1258 4725 1404 4794 ἡμᾶς
1429 4723 1587 4794 λάχος
1609 4723 1871 4794 ὡράῖστο.

294 4815 726 4886 Προσγραπτέον
752 4814 923 4868 καὶτὸ
944 4814 1167 4886 ἀνηλεὲς
1184 4815 1276 4867 ἐπὶ
1296 4815 1420 4878 τοὺς
1438 4813 1608 4885 βραχύ
1631 4831 1684 4866 τι
1702 4831 1872 4885 προσ⁴

293 4910 620 4980 κρούοντας,
652 4908 709 4974 ἐξ
733 4900 792 4960 οὗ
825 4907 884 4960 τὸ
921 4906 1267 4979 καταρρίψαν
1301 4908 1450 4976 ήμᾶς
1489 4907 1615 4976 ἄρτι
1647 4906 1874 4977 ἀνηλεὲς

289 5005 350 5056 τὸ
402 5001 785 5055 δικαιότατον
817 5001 974 5069 εἴπερ
1022 5003 1083 5053 οὐ
1122 5001 1297 5069 μικρά
1338 5017 1460 5052 τινα
1505 5001 1689 5068 ἡμεῖς,
1733 4999 1869 5051 ἀλλὰ

292 5095 466 5166 μυρία
501 5093 1033 5163 προσκεκρουκότες,
1059 5091 1120 5144 ού
1149 5089 1387 5143 τοσαῦτα
1416 5091 1654 5160 τίνομεν.
1693 5091 1871 5162 [1,006-

290 5185 632 5257 ενθυμητέον
676 5186 778 5254 ,οὐχ
805 5183 1007 5252 ἥκιστα
1045 5181 1138 5234 καὶ
1164 5179 1262 5248 τὴν
1284 5180 1392 5233 τῶν
1421 5179 1580 5233 θείων
1611 5181 1872 5250 περιφρό-

290 5295 472 5348 νησιν,
501 5276 564 5328 τὸ
593 5276 888 5346 χείριστον,
925 5271 1128 5325 καὶτὸν
1161 5273 1248 5324 ἐπ’
1279 5273 1462 5334 αὐτοῖς
1486 5271 1681 5338 γέλων,
1715 5271 1772 5334 ἐξ
1797 5265 1871 5323 ὧν

289 5367 843 5442 περιπεφρονήμεθα,
891 5368 952 5420 ού
986 5365 1121 5436 πρὸς
1161 5364 1503 5432 κατάγελων,
1551 5363 1686 5416 ἀλλὰ
1731 5362 1867 5431 πρὸς

288 5463 536 5534 ὄλεθρον.
575 5456 649 5513 Ἦ
688 5461 800 5529 γὰρ
833 5459 932 5511 οὐκ
965 5458 1187 5527 οἴδαμεν
1228 5456 1358 5520 τοὺς
1388 5458 1445 5509 ἐν
1487 5457 1619 5526 ἡμῖν
1648 5456 1872 5525 ὀρογλυ-

291 5554 528 5624 φοῦντας
560 5553 630 5606 τὰ
668 5552 781 5606 τῶν
803 5551 998 5618 ἁγίων,
1027 5551 1122 5604 καὶ⁵
1155 5545 1584 5619 ὑποσπωμένους
1622 5548 1759 5602 αὐτὰ
1789 5549 1869 5612 είς

2053 3989 2178 4044 145.
2205 3985 2351 4042 Inter
2374 3994 2591 4057 peccata
2613 3993 2801 4043 nostra
2834 3988 3202 4045 recensendus
3224 3991 3366 4046 venit
3387 3993 3552 4049 etiam

1981 4081 2237 4138 amicitia:
2271 4088 2621 4150 contemptus
2651 4088 2707 4134 ct
2756 4078 2881 4136 vita:
2926 4080 3192 4149 brevitas,
3237 4085 3438 4154 quibus
3472 4089 3554 4142 in-

1981 4173 2294 4230 humanitas
2319 4173 2523 4244 jugiter
2540 4171 2870 4242 deploranda
2903 4174 3061 4229 nobis
3090 4175 3254 4230 insita
3274 4184 3378 4233 cst.
3401 4179 3554 4236 Adde

1983 4266 2090 4321 huc
2121 4264 2289 4320 animi
2321 4263 2764 4334 ingratitudinem
2793 4271 2847 4319 et
2893 4264 3076 4322 omnis
3115 4269 3304 4335 gratiae
3352 4270 3552 4326 absen-

1987 4358 2147 4423 tiam,
2167 4357 2240 4410 ita
2263 4363 2324 4410 ut
2347 4355 2510 4410 citius
2541 4355 2805 4410 moriatur
2823 4355 3020 4426 aliquis
3041 4373 3202 4427 quam
3231 4371 3290 4415 ut
3320 4361 3550 4430 proximi

1987 4449 2071 4504 sui
2104 4461 2228 4501 cum
2262 4446 2535 4510 misereat,
2565 4445 2715 4514 quia,
2755 4457 2814 4500 ut
2851 4455 2933 4502 est
2963 4446 3016 4502 in
3047 4450 3351 4518 proverbio,
3377 4455 3550 4522 gratia

1982 4547 2226 4594 emortua
2263 4546 2367 4594 est.
2395 4538 2564 4607 Igitur
2595 4538 2739 4596 Deus
2786 4540 3078 4610 gratiarum
3120 4542 3348 4596 chorum
3390 4546 3551 4601 nobis

1980 4629 2180 4697 eripuit
2210 4645 2331 4699 quae
2374 4630 2508 4685 sorti
2539 4638 2743 4686 nostrae
2782 4632 3064 4688 associatae
3094 4633 3332 4690 fuerant.
3367 4638 3553 4692 Annu-

1991 4721 2234 4776 merabis
2284 4735 2450 4791 porro
2481 4723 2662 4777 cordis
2692 4722 2949 4776 duritiem
2991 4724 3045 4778 in
3087 4741 3182 4781 cos
3224 4727 3317 4796 qui
3360 4728 3552 4786 leviter

1981 4825 2082 4866 nos
2119 4809 2488 4876 oﬂ‘enderunt,
2540 4811 2632 4866 ubi
2679 4813 3132 4868 immisericordia
3187 4831 3287 4886 pro
3334 4817 3549 4885 iustitia

1980 4902 2248 4968 habetur;
2284 4917 2390 4956 non
2420 4905 2564 4956 enim
2599 4911 2808 4957 tantum
2854 4903 3144 4974 plectimur
3176 4908 3268 4977 qui
3300 4925 3406 4964 non
3450 4926 3546 4982 pa-

1978 5008 2120 5058 rum,
2178 4993 2272 5049 sed
2329 4993 2567 5064 graviter
2620 4994 2885 5050 laesimus.
2938 4997 3234 5056 Addendus
3278 5005 3549 5073 praecipue

1977 5100 2160 5140 rerum
2189 5086 2500 5141 divinarum
2533 5097 2877 5156 contemptus
2905 5097 2960 5145 et
2988 5090 3154 5156 risus,
3193 5096 3430 5162 pessima
3461 5111 3550 5150 res

1978 5181 2260 5248 omnium;
2293 5195 2392 5236 nos
2421 5181 2564 5234 enim
2609 5191 2662 5236 et
2706 5181 2808 5251 ipsi
2846 5192 3218 5256 contemptum
3255 5187 3546 5256 patiemur,

1979 5273 2074 5327 sed
2110 5287 2218 5326 non
2264 5271 2399 5337 risu,
2441 5278 2496 5325 at
2555 5272 2722 5328 exitio
2767 5275 3193 5330 terminandum.
3235 5277 3354 5333 Non
3402 5279 3546 5334 enim

1976 5363 2232 5417 novimus
2267 5378 2362 5418 eos
2396 5365 2489 5432 qui
2539 5380 2627 5419 res
2671 5379 2862 5421 sacras
2905 5366 3179 5423 definiunt
3225 5385 3429 5442 easque
3479 5376 3546 5426 ad

1975 5471 2128 5512 suam
2159 5455 2534 5510 lncreditatem
2571 5458 2870 5525 trahentes,
2911 5467 2966 5514 et
2999 5461 3307 5532 gloriantur
3350 5465 3547 5534 jejunii

1973 5548 2257 5626 privilegio
2281 5563 2310 5602 a
2341 5547 2452 5604 Deo
2475 5547 2624 5604 dato.

291 5650 686 5724 κληρονομίαν,
749 5648 846 5700 καὶ
897 5647 1312 5716 καυχωμένους,
1357 5645 1453 5711 ὡς,
1504 5645 1588 5716 ἐφ’
1655 5641 1732 5710 οἷς
1785 5646 1919 5710 Θεὸς
1977 5645 2180 5700 ὑπνοῠν
2223 5647 2624 5716 προσποιεῖται,
2664 5648 2864 5714 αὐτοὺς
2914 5651 3209 5722 νηφαλίους
3260 5651 3420 5716 ὄντας
3450 5652 3544 5705 καὶ

293 5747 662 5821 πρακτικούς.

565 5847 846 5906 ΡΑΤιιοι..
899 5836 1014 5900 Gn.
1060 5833 1376 5896 CXXXVI.

3112 5838 3145 5897 5
