4084 6418
497 388 596 448 130

497 600 684 644 nostro
712 589 1013 658 myroblyta
1046 587 1338 653 disserere,
1366 589 1504 640 etde
1530 586 1722 641 audaci
1741 589 2070 654 temeritate,

494 683 659 753 idque
695 684 747 736 in
787 682 1017 751 negotiis
1055 695 1176 750 qua:
1209 681 1375 732 latere
1400 680 1698 748 debebant,
1727 696 1960 749 quorum
1997 693 2077 736 te-

500 784 612 830 stes
645 789 752 829 non
788 773 1064 842 inscripti,
1099 784 1265 842 portze
1293 788 1516 842 sperne,
1549 772 1834 827 securibus
1857 773 1964 828 alte
1992 774 2076 827 in-

497 868 696 931 fossze,
750 865 1042 918 maximam
1083 866 1366 918 audaciam
1411 864 1914 929 indicantes;adde
1941 881 2073 918 cott-

495 956 837 1012 eurrentium
878 965 931 1012 et
961 957 1358 1011 recurrentium
1391 964 1705 1020 catervam,
1743 957 1959 1025 qualem
2001 972 2077 1010 a3-

497 1060 607 1104 stas
638 1049 882 1119 proxime
913 1049 1094 1119 elapsa
1127 1049 1258 1104 vidit
1294 1050 1444 1102 nullo
1478 1063 1602 1102 cum
1641 1048 1844 1103 fructu.

565 1330 686 1382 M7.
724 1327 862 1383 Hinc
895 1343 1001 1381 non
1041 1325 1199 1381 facile
1234 1327 1492 1397 probabis
1533 1327 1708 1380 virum
1747 1328 1956 1397 justum
1991 1329 2075 1384 in-

499 1421 685 1474 utilem
724 1420 982 1484 morosis,
1028 1419 1166 1474 adeo
1199 1429 1258 1472 ttt
1285 1431 1428 1473 terra
1459 1418 1722 1474 abscondi
1761 1420 1913 1488 velit,
1948 1436 2074 1490 gra-

495 1515 789 1570 vissimum
833 1513 943 1566 reis
977 1512 1358 1580 imputandum
1396 1521 1515 1577 est;
1547 1512 1683 1566 adde
1721 1511 1886 1566 falsas
1915 1515 2080 1568 incri-

494 1605 826 1660 minationes
857 1605 1156 1659 clamorum
1203 1603 1520 1658 bellicorum
1547 1602 1847 1672 originem;
1881 1620 1947 1660 ex
1988 1608 2078 1662 de-

495 1689 692 1768 positis
725 1695 1015 1752 eommoda
1059 1697 1400 1766 pecuniaria,
1440 1697 1583 1750 unde
1619 1696 1937 1766 locupletati
1973 1713 2078 1754 “su-

497 1806 639 1857 inus,
675 1791 801 1845 licet
837 1805 1030 1845 omnes
1083 1789 1372 1858 pecuniosi
1421 1787 1676 1855 rideant;
1729 1790 2033 1844 litterarum
2058 1831 2073 1858 ,

496 1899 726 1952 quarum
759 1883 882 1938 loco
911 1897 1046 1936 crux
1081 1896 1238 1937 sacra
1271 1881 1572 1949 ponebatur
1609 1881 1912 1936 absentiam
1937 1921 1953 1948 ,
1981 1883 2072 1936 ubi

495 1985 700 2032 sancta:
731 1973 1018 2030 Trinitatis
1053 1973 1256 2028 mentio
1308 1974 1400 2038 lit,
1444 1971 1609 2026 unius
1655 1985 1710 2027 et
1751 1973 1932 2042 magni
1976 1972 2071 2027 Dei

493 2066 655 2122 titulo
686 2067 739 2120 in
767 2080 1097 2136 unoquoque
1128 2065 1304 2120 fmdus
1332 2062 1644 2118 ferientium
1673 2073 1726 2118 et
1765 2062 2071 2133 jurantium

496 2160 710 2218 indito:
764 2157 890 2214 falsi
933 2159 1076 2212 enim
1116 2155 1410 2226 jnramenti
1452 2165 1640 2210 reatus
1672 2155 1840 2210 Deum
1890 2157 2070 2210 mani-

495 2249 633 2305 {este
659 2262 844 2305 contra
889 2266 988 2304 nos
1017 2249 1267 2302 armavit.

1213 382 1558 442 EUS’I‘ATII
1572 382 1626 442 ll
1667 383 1953 443 TIIESSA
1965 383 2414 446 LONICENSIS
2455 384 3016 448 ME'I‘ROPOLII'E

579 496 704 551 N6.
763 494 963 549 Distnli
1029 497 1311 564 hucusque
1361 494 1676 564 singillatim
1725 497 1790 549 de
1844 507 2147 565 patronoA

3631 388 3726 451 ita)

2249 504 2406 568 ρμς’.
2437 499 2836 568 ’Δναὸἀλλομαι
2865 496 3305 570 περιηγήσσσθαι
3330 500 3422 553 νῦν
3450 505 3565 556 κατ’
3591 507 3725 570 ἐξαίο

2179 609 2334 660 ρετον
2365 593 2459 647 καὶ
2489 595 2560 646 τὰ
2585 594 2728 647 κατὰ
2759 592 2854 647 τοῦ
2883 593 3172 662 πολιούχου
3199 594 3357 665 ἡμῶν
3377 599 3724 667 μυροσλύτου,

2176 687 2268 738 καὶ
2294 685 2392 749 τὰς
2420 686 2684 756 θρασείας
2734 687 3007 748 ἀναιδείας
3043 687 3278 752 ἐκείνας,
3317 691 3410 740 καὶ
3450 691 3613 744 ταῦτα
3640 694 3726 745 ἐπὶ

2177 777 2523 848 πράγμασιν,
2558 778 2593 832 ὃ.
2639 779 3001 846 προύκαλεῖτο
3049 779 3144 831 καὶ
3183 778 3729 846 ἐγκαλύπτεσθαε,ὧν

2179 870 2460 940 μάρτυρες
2497 871 2923 940 ἀπαράγραπτοι
2967 873 3062 923 καὶ
3107 871 3269 924 πύλαι
3312 873 3607 942 περίοπτοι,
3639 893 3723 927 κο-

2175 961 2467 1031 λαφθεῖσαι
2503 960 2716 1024 ἀξίναις
2761 963 2838 1022 είς
2871 960 3008 1029 βαθύ
3050 977 3204 1023 ποτε,
3237 963 3334 1016 καὶ
3363 962 3728 1030 προτιτλοῦσαι

2177 1052 2376 1123 θράσος
2409 1052 2634 1122 ὕψιστον
2657 1069 2671 1084 ο
2705 1053 2783 1106 ἔτι
2821 1053 2876 1105 δὲ
2910 1056 3004 1108 καὶ
3037 1052 3135 1116 τὰς
3176 1055 3500 1123 περιέργους
3528 1053 3729 1121 συνδρο-

2179 1147 2287 1216 μὰς
2312 1147 2407 1199 καὶ
2442 1145 2813 1218 καταδρομὰς,
2852 1146 2918 1207 ἃς
2948 1149 3010 1200 τδ
3044 1148 3270 1216 ἔναγχος
3299 1142 3407 1200 οἶδε
3453 1147 3624 1216 θέρος,
3659 1149 3735 1208 εἰς

2176 1239 2328 1292 οὐδὲν
2365 1239 2504 1292 δέον.

2251 1330 2399 1400 ρμζκ
2444 1331 2584 1385 Ἀλλ’
2609 1331 2751 1385 ὥστε
2785 1334 2845 1386 οὐ
2875 1332 3032 1386 τοῦτο
3069 1333 3132 1398 δὴ
3157 1332 3214 1384 τὸ
3257 1332 3490 1402 ἐλαφρὸν
3521 1330 3732 1402 Suilii]-

2183 1437 2272 1474 σαι
2303 1420 2510 1474 δίκαιον
2541 1421 2726 1490 ἄνδρα,
2759 1415 2848 1476 οἶα
2874 1422 3212 1491 δύσχρηστον
3235 1425 3345 1484 τοῖς
3371 1421 3733 1489 δυσαρέστοις,

2179 1513 2318 1566 ἀλλὰ
2348 1513 2442 1566 καὶ⁵
2473 1513 2681 1584 κρύψαι
2709 1514 2790 1577 εἰς
2817 1515 2920 1582 γῆν
2940 1531 2953 1544 ·
2997 1513 3058 1566 τὸ
3088 1513 3393 1582 βαρύτατον
3431 1511 3737 1582 προσεπιλε-

2179 1605 2341 1658 κτέον
2369 1604 2802 1667 τοῖςαὶτιατέοις
2826 1620 2842 1635 ’
2875 1604 2966 1656 καὶ
3001 1603 3123 1665 τοὺς
3165 1603 3285 1656 κατ’
3321 1602 3562 1672 ἀλλήλων
3587 1601 3738 1670 ψιθυ-

2181 1698 2433 1768 ρισμοὺς,
2463 1697 2549 1766 ἐφ’
2579 1675 2668 1760 οἷς
2701 1698 2799 1750 οὐκ
2840 1696 3027 1766 ἐχρῆν,
3057 1696 3108 1749 οἳ
3142 1695 3270 1764 βοὰς
3305 1696 3484 1766 μάχης
3509 1693 3740 1764 ἀφύκτου

2179 1790 2315 1858 ἡμῖν
2339 1789 2654 1860 ἐπέρῤηξαν
2679 1805 2691 1818 ·
2712 1789 2810 1851 τὰς
2835 1789 2927 1840 ἐπὶ
2953 1788 3297 1858 παραθήκαις
3329 1788 3741 1857 ἀποστερήσειε,

2183 1876 2258 1934 ὧν
2288 1881 2472 1934 ἕνεκεν
2496 1879 3020 1949 ἐπεπλουτίσθημεν,
3053 1881 3105 1932 εί
3128 1879 3220 1934 καὶ
3243 1881 3442 1950 γελῶσι
3475 1876 3738 1933 κάνταῦθα

2187 1972 2390 2035 πάντες
2423 1973 2473 2025 οἱ
2502 1973 2582 2025 ἔτι
2614 1972 2806 2042 ἄνδρες
2854 1971 2947 2025 τοῦ
2983 1970 3213 2024 πλούτου
3237 1989 3250 2003 ·
3286 1972 3386 2035 τὰς
3431 1971 3536 2024 τῶν
3567 1986 3736 2039 γραμ-

2190 2065 2396 2133 ματίων
2419 2064 2945 2134 ἀποπροσποιήσεις,
2974 2056 3050 2117 ὧν
3089 2064 3328 2134 σταυροῦ
3365 2065 3545 2134 τιμίου
3582 2062 3742 2118 τύπος

2186 2157 2547 2225 προλάμπων,
2609 2152 2728 2210 εἶτα
2771 2159 2866 2211 καὶ
2900 2157 3121 2226 μνήμην
3173 2157 3272 2223 τῆς
3318 2157 3483 2225 ἁγίας
3526 2152 3749 2223 Τριὰδοξ

2184 2249 2278 2302 τοῦ
2313 2251 2430 2313 ἐνὸς
2463 2250 2557 2303 καὶ
2585 2249 2824 2319 μεγάλου
2848 2249 2983 2302 Θεοῦ
3014 2250 3300 2316 ἐπεισάγει
3329 2245 3753 2318 προγεγραμμέ-

498 2361 597 2413 νην
633 2348 767 2416 πρὸς
796 2345 1032 2398 ἑκάστου
1081 2343 1189 2396 τῶν
1249 2343 1390 2396 οὕτω
1445 2343 1933 2408 συναλλαττὸντων,
1980 2342 2114 2396 ὡσεὶ
2155 2347 2251 2398 καὶ
2309 2345 2545 2415 ὤμνυονο
2577 2345 2716 2416 ὅπερ
2748 2343 2870 2398 κατ’
2906 2344 3194 2416 ἐπιορκίας
3233 2343 3489 2412 ἔγκλημα
3515 2339 3756 2406 ἐξεπολέσ

506 2459 688 2515 μωσεν
715 2445 846 2512 ἡμῖν
872 2440 1122 2511 φανερῶς
1157 2440 1245 2493 τὸν
1275 2440 1428 2493 Θεόν.

560 2535 696 2592 N8.
723 2534 960 2604 Tempus
990 2548 1076 2587 me
1120 2532 1439 2586 deficeretsi
1464 2534 1648 2586 omnia
1675 2533 1902 2588 erimina
1947 2550 2084 2589 enn.

501 2640 714 2683 merare
733 2625 954 2678 vellem.
973 2621 1023 2677 Id
1059 2637 1224 2676 unum
1267 2620 1493 2676 sulliciat
1521 2620 1746 2688 dixisse,
1774 2623 1936 2676 Deum
1964 2623 2080 2692 jus-

504 2731 615 2772 tum
651 2731 770 2770 esse
795 2723 849 2769 et
876 2711 1298 2782 iustiﬁcationes
1331 2725 1535 2766 amare.
1588 2710 1714 2766 Ideo
1767 2711 1900 2764 nihil
1927 2727 2079 2766 com.

512 2820 680 2861 mune
709 2804 759 2859 ei
801 2819 922 2858 cum
955 2801 1022 2855 iis
1053 2800 1146 2870 qui
1186 2801 1322 2854 tales
1357 2815 1466 2853 non
1517 2809 1679 2864 sunt,
1725 2798 1836 2852 into
1880 2799 2082 2868 jugiter

503 2906 558 2954 et
612 2893 982 2952 diversintode
1032 2900 1388 2962 persequetur
1421 2906 1517 2948 eos
1547 2891 1640 2962 qui
1672 2907 1798 2948 eum
1865 2892 2082 2961 injustis

511 2996 1000 3044 connumerantnr.

572 3101 700 3157 M9.
734 3101 861 3155 Mihi
920 3099 1127 3163 videor,
1161 3097 1417 3154 concives
1461 3105 1514 3151 et
1569 3096 1622 3150 in
1657 3096 1912 3152 omnibus
1949 3110 2082 3151 cono

507 3205 684 3251 sortes
719 3194 994 3259 laborum,
1035 3205 1130 3247 vos
1178 3203 1419 3260 quoque,
1460 3203 1492 3243 o
1523 3167 1770 3252 advenae,
1815 3195 2073 3241 accurate

507 3286 922 3356 methodiceque
967 3299 1030 3340 ea
1067 3283 1424 3353 descripsisse
1483 3297 1602 3350 qua:
1640 3281 1707 3334 ad
1754 3294 1854 3335 nos
1908 3280 2083 3350 perti-

505 3389 662 3445 nent,
701 3378 1110 3448 imaginemun
1163 3375 1229 3430 ad
1283 3373 1594 3429 docendum
1647 3380 1828 3441 aptam
1885 3385 2078 3426 eorum

507 3485 628 3542 quae
656 3485 847 3526 sumus
873 3469 1020 3539 passi
1069 3468 1125 3522 in
1158 3467 1314 3523 nobis
1341 3465 1722 3521 constituisse.
1758 3465 1918 3519 Nune
1951 3479 2083 3534 ergo

509 3562 921 3616 transeundum
960 3567 1048 3614 est
1077 3557 1143 3612 ad
1175 3558 1325 3612 illum
1350 3557 1445 3626 qui
1477 3557 1692 3626 pictura
1732 3571 1832 3610 sua
1871 3555 2083 3610 clarius

508 3659 1004 3724 reprazsentaturus
1024 3658 1129 3716 est,
1150 3649 1313 3718 idque
1341 3649 1571 3702 libenter
1597 3647 1842 3702 facturus
1866 3664 1881 3713 ;
1903 3661 2086 3716 quem-

515 3742 810 3798 admodum
844 3741 938 3811 qui
999 3749 1309 3794 accuratam
1346 3739 1610 3808 picturam
1665 3737 1799 3804 odit,
1821 3753 1929 3792 non
1983 3739 2087 3792 tui-

516 3852 640 3902 nus,
673 3835 949 3905 inquiunt,
969 3833 1254 3888 veritatem
1273 3833 1405 3888 odit.
1433 3830 1624 3899 itaque
1644 3840 1795 3900 puto,
1818 3832 1964 3900 quod
1995 3846 2090 3887 ca-
2118 3868 2162 3930 ε

512 3926 746 3981 vendunt
807 3933 936 3989 est,
969 3939 1037 3980 ne
1095 3933 1404 3992 contemptu
1472 3931 1786 3977 nostrarum
1849 3922 2088 3992 pictura-

517 4030 638 4068 rum
687 4015 768 4069 sic
821 4014 1082 4083 deinceps
1131 4012 1416 4068 deleantur
1469 4012 1732 4084 imagines
1761 4027 1947 4068 eorum
1968 4028 2090 4083 qua:

511 4108 660 4179 passi
689 4121 898 4174 sumus,
917 4121 980 4161 ac
1004 4120 1226 4162 necesse
1251 4106 1324 4162 sit
1347 4115 1405 4160 ut
1427 4107 1480 4160 in
1506 4106 1684 4162 locum
1708 4106 1934 4161 alterius
1953 4117 2088 4162 tem-

520 4197 731 4269 poralis
775 4195 1043 4267 principis
1088 4197 1383 4266 pictorum,
1414 4199 1687 4266 picturam
1743 4195 1972 4252 alteram
1999 4211 2090 4252 eo-

524 4291 774 4346 rumdem
810 4305 930 4360 quae
957 4290 1099 4359 passi
1136 4301 1328 4344 sumus
1370 4288 1421 4342 in
1472 4287 1629 4344 nobis
1669 4288 2087 4345 substituamus.

529 4381 700 4437 Scitis
749 4381 892 4436 enim
947 4378 1399 4450 perfecte,quod
1459 4394 1569 4432 non
1642 4394 1805 4434 unam
1877 4380 2088 4450 plagam

520 4475 666 4529 Deus
699 4473 753 4526 in
795 4486 1086 4542 perversos
1137 4471 1569 4526 inemendabiles
1615 4471 1906 4526 immittere
1931 4471 2091 4536 solet,

517 4575 574 4621 et
599 4567 744 4636 quod
771 4564 936 4620 multa
964 4565 1069 4618 tela
1100 4563 1331 4618 includit
1364 4563 1646 4618 tremenda
1675 4562 1927 4632 pharetra
1949 4563 2093 4631 ejus,

515 4671 653 4730 :quze
671 4673 888 4728 semper
903 4655 974 4712 ab
989 4671 1054 4712 eo
1075 4667 1429 4712 asservantur
1455 4655 1758 4724 deindeque
1781 4656 2088 4720 mittuntur,

519 4753 577 4806 in
600 4751 706 4806 isto
723 4752 1024 4806 certamine
1041 4750 1462 4819 cooperantibus
1483 4746 1795 4818 Myroblytte
1814 4747 2090 4815 precibus.

523 4843 630 4897 Sed
680 4857 788 4896 non
821 4841 1270 4907 nobis,Domine,
1300 4855 1405 4896 non
1425 4840 1604 4904 nobis,
1635 4839 1726 4893 sed
1771 4838 1976 4892 nomini
2004 4847 2097 4893 tuo

523 4935 593 4988 da
649 4933 898 5002 gloriam.
930 4933 1153 4987 Redime
1200 4949 1327 4987 vero
1361 4948 1462 4988 nos
1489 4931 1581 5000 qui
1609 4929 1852 5000 oppressi
1880 4945 2092 4996 sumus,

527 5025 718 5093 sicque
750 5021 846 5078 tibi
874 5022 1044 5092 gloria
1074 5030 1179 5087 est,
1206 5021 1358 5091 juxta
1386 5023 1516 5076 illud
1547 5040 1559 5075 :
1585 5039 1603 5071 ι
1637 5021 1701 5074 Et
1731 5021 1784 5073 in
1812 5021 1899 5074 die
1929 5019 2100 5074 tribu-

528 5113 753 5169 lationis
801 5119 910 5167 tuae
942 5112 1226 5168 invocabis
1262 5127 1370 5178 me,
1413 5121 1468 5166 et
1500 5126 1686 5166 eruam
1730 5121 1802 5173 te,
1837 5119 1890 5164 et
1937 5110 2101 5180 glori-

529 5205 718 5260 tieabis
783 5219 868 5259 me
922 5223 940 5255 ι
1013 5204 1108 5274 qui
1170 5218 1296 5258 vere
1358 5205 1795 5272 superexattatus
1870 5218 1988 5256 sum
2043 5202 2093 5253 in

534 5296 718 5352 omnia
748 5295 967 5352 saecula.

2263 2543 2412 2608 ρμη’.
2449 2537 2513 2590 Τί
2543 2553 2633 2606 μοι
2665 2537 2996 2608 ἀναμετρεῖν
3025 2535 3092 2589 τὰ
3123 2534 3290 2588 πλείω
3317 2533 3494 2599 αἴτια,
3523 2531 3645 2586 ἔνθα
3676 2534 3752 2602 μὴ

2198 2631 2339 2685 πάνυ
2371 2632 2599 2698 καιροςς
2647 2630 2899 2698 ’Ᾱρκέσει
2953 2628 3114 2698 μόνον
3141 2629 3338 2690 εἰπεῖν,
3379 2627 3459 2690 ὡς
3503 2625 3702 2686 δίκαιος
3725 2627 3752 2675 ὁ

2183 2721 2340 2788 Θεὸς,
2375 2725 2470 2777 καὶ
2501 2721 2848 2784 δικαιοσύνας
2881 2715 3090 2792 ἀγαπᾷ.
3120 2719 3210 2770 Διὸ
3242 2717 3367 2771 οὗτε
3421 2717 3580 2787 μερὶς
3607 2715 3752 2782 αὐτῴ

2187 2814 2324 2884 πρὸς
2356 2815 2480 2875 τοὺς
2535 2814 2611 2882 μὴ
2649 2815 2948 2876 τοιούτους,
2986 2811 3084 2866 καὶ
3139 2812 3252 2864 οὐδ’
3285 2811 3351 2864 ἂν
3383 2811 3582 2881 ἁνήσοι
3629 2807 3756 2861 ποτὲ

2189 2909 2412 2977 συχναῖς
2445 2908 2691 2976 μεθόδοις
2735 2907 3134 2977 μετερχόμενος
3183 2905 3310 2968 τοὺς
3353 2905 3474 2958 ὅσοι
3503 2905 3614 2966 τοῖς
3643 2900 3755 2955 ἁδι-

2187 2998 2343 3051 κοῦσι
2375 2996 2840 3060 συνεξετὰζονται.

2263 3088 2408 3162 ρμθ’.
2435 3089 2586 3142 Δοκῶ
2611 3107 2722 3160 μοι,
2745 3083 2790 3142 ὦ
2821 3089 3032 3142 πολῖται
3063 3092 3154 3142 καὶ
3183 3087 3248 3140 δι’
3270 3089 3406 3140 ὅλων
3441 3083 3759 3140 συναεθλευ-

2188 3183 2302 3246 ταὶ,
2335 3183 2431 3236 καὶ
2466 3181 2626 3250 ὑμεῖς
2663 3180 2743 3244 δὲ,
2793 3174 2837 3232 ὦ
2876 3178 3149 3249 νεήλυδες,
3200 3177 3604 3248 ὴκριϐωσάμην
3642 3173 3756 3226 δια-

2192 3273 2409 3346 γράψας
2437 3271 2506 3326 τὰ
2533 3271 2658 3324 καθ’
2687 3272 2834 3342 ἡμᾶς
2875 3269 3166 3340 τεχνικῶς,
3195 3271 3290 3321 καὶ
3327 3269 3520 3322 εἰκόνα
3557 3265 3760 3331 ταύτην

2191 3366 2248 3418 ἐν
2297 3365 2428 3434 ἡμῖν
2477 3363 2833 3432 ἀνεστήλωσα
2879 3359 3286 3431 διδασκαλικὴν,
3338 3352 3414 3412 ὧν
3462 3359 3758 3424 ἐπάθομεν.

2193 3456 2302 3509 Καὶ
2333 3456 2480 3508 ἔστιν
2511 3454 2619 3508 ἀπὸ
2647 3453 2748 3523 τῆς
2778 3453 2902 3523 ἄρτι
2927 3452 3122 3520 ὄφελος
3141 3451 3439 3505 διαϐαίνειν
3467 3452 3548 3513 εἰς
3579 3448 3669 3500 τὸν
3697 3448 3760 3514 τῇ

2193 3545 2484 3616 ζωγραφίᾳ
2510 3541 2686 3616 ταύτῃ
2742 3543 3220 3614 ἐπεντρανίζοντα,
3253 3543 3346 3594 καὶ
3382 3541 3494 3610 μὴν
3518 3539 3609 3593 καὶ
3632 3539 3766 3604 ἀγα-

2192 3638 2382 3691 πῶντα
2405 3652 2418 3668 ⁸
2455 3637 2529 3700 ὡς
2561 3637 2589 3690 ὅ
2617 3652 2681 3704 γε
2730 3636 2828 3705 τὴν
2862 3633 3062 3704 ἀκριδῆ
3103 3631 3558 3704 διαζωγράφησιν
3606 3646 3768 3699 μεμι-

2196 3727 2404 3799 σηκὼς,
2429 3727 2580 3782 οὐδὲν
2609 3721 2795 3799 ἦττον,
2821 3725 2976 3794 φασὶ,
3009 3727 3103 3779 καὶ
3127 3722 3224 3793 τὴν
3254 3722 3517 3792 ἀλήθειαν
3549 3717 3768 3788 συνεμί-

2196 3840 2383 3892 σησεν.
2418 3818 2586 3892 Οἶμαι
2617 3822 2673 3875 δέ
2702 3822 2794 3875 καὶ
2822 3821 2897 3883 ὡς
2927 3817 3277 3886 εὐλαϐητέον,
3307 3815 3382 3887 μὴ
3413 3820 3480 3887 τῇ
3501 3831 3767 3887 περιφροο

2195 3915 2352 3983 νὴσει
2385 3911 2498 3965 τῶν
2530 3911 2782 3965 ἐνταυθοῖ
2821 3908 3380 3978 διεζωγραφημὲνων,
3433 3907 3533 3959 καὶ
3587 3907 3654 3976 τῇ
3687 3904 3769 3956 ὲν-

2195 4004 2388 4058 τεῦθεν
2428 4003 2705 4073 ἁπαλειφῇ
2743 4001 2838 4054 τοῦ
2883 3999 3238 4068 τυπώματος,
3274 3990 3350 4051 ὧν
3385 3999 3766 4066 πεπόνθαμεν,

2197 4097 2412 4166 ἀνάγκη
2447 4095 2564 4148 ἐστὶ
2603 4095 2698 4148 καὶ
2750 4091 2922 4163 ἑτέρῳ
2975 4089 3312 4160 μεταχρονίῳ
3353 4086 3768 4156 ἀρχιζωγράφῳ

2193 4187 2304 4240 τῶν
2355 4191 2616 4238 τοιούτων
2675 4183 3145 4252 πινακογράφημα
3187 4179 3373 4248 ἕτερον
3419 4176 3508 4246 ἐφ’
3559 4177 3771 4245 ὁμοίοις

2195 4278 2514 4349 παθήμασιν
2544 4277 2601 4331 ἐν
2631 4276 2759 4345 ὑμῖν
2792 4273 3114 4344 στήσασθαι.
3142 4271 3214 4324 Εὖ
3243 4271 3349 4340 γὰρ
3380 4271 3498 4323 ἴστε
3524 4271 3771 4330 πάντως.

2193 4369 2268 4433 ὡς
2297 4371 2359 4422 οὐ
2409 4369 2538 4440 μίαν
2578 4365 2794 4437 πληγὴν
2824 4365 2954 4427 Θεὸς
3001 4364 3251 4432 ἐντήκειν
3280 4358 3384 4415 οἶδε
3429 4363 3546 4425 τοῖς
3583 4361 3772 4415 ἀνεπ-

2197 4461 2444 4532 στρόφως
2501 4458 2884 4528 κακοτρόποις,
2919 4455 3050 4508 ὀὐδὲ
3099 4453 3354 4518 είσάπαξ.
3396 4453 3535 4507 ἀλλὰ
3601 4450 3774 4506 πολλὰ

2199 4551 2325 4621 βέλη
2374 4549 2506 4620 παρ’
2542 4547 2688 4618 αὐτῷ
2719 4549 2753 4616 ή
2786 4545 2986 4616 μυνικὴ
3022 4545 3268 4615 φαρέτρα
3311 4543 3569 4614 κρύπτει,
3609 4543 3670 4608 ἐξ
3701 4537 3774 4595 ὧν

2197 4645 2285 4698 ἀεὶ⁴
2313 4641 2819 4697 κατασκοπεύονται
2849 4639 3002 4708 αὑτῷ
3040 4641 3135 4692 καὶ
3167 4637 3472 4706 βάλλονται,
3505 4653 3779 4690 συνεκπο-

2197 4734 2469 4803 λεμούσης
2517 4731 2667 4801 αὑτῷ
2723 4731 2819 4783 καὶ
2868 4730 2966 4798 τῆς
3018 4730 3156 4802 ἀρᾶς
3205 4727 3322 4800 [τοῦ
3364 4725 3778 4799 Μυροὸλύτου],

2212 4825 2372 4879 Ἀλλὰ
2401 4823 2475 4894 μὴ
2513 4825 2664 4893 ἡμῖν,
2699 4821 2895 4892 Κύριε,
2927 4820 3001 4890 μὴ
3030 4820 3180 4890 ήμῖν,
3213 4819 3327 4873 ἀλλ’
3364 4820 3398 4889 ἢ
3434 4819 3514 4889 τῷ
3546 4817 3780 4890 ὀνόματί

2202 4935 2293 4971 σου
2321 4917 2409 4980 δὸς
2445 4915 2626 4979 δόξαν.
2673 4912 2889 4978 Ἐξελοῦ
2935 4911 3039 4982 ιδὲ]
3093 4911 3443 4980 θλιϐομένους
3475 4911 3650 4980 ἡμᾶς,
3681 4908 3776 4960 καί

2205 5009 2346 5063 οὕτω
2370 5006 2726 5076 δοξαζόμενος
2751 5005 2892 5058 κατὰ
2925 5003 2981 5056 τό
3004 5019 3017 5034 ·
3057 5019 3075 5053 ‹
3112 5001 3221 5054 Καὶ
3249 5002 3306 5053 ἐν
3335 5000 3519 5070 ήμέρᾳ
3543 4997 3780 5067 excessi;

2202 5119 2297 5155 σου
2331 5097 2678 5160 ἐπικαλέσεις
2722 5113 2812 5166 με,
2851 5094 2970 5166 [καὶ
3004 5093 3294 5162 ἐξελοῦμαί
3334 5089 3443 5162 σε,]
3490 5094 3587 5144 καὶ
3620 5091 3782 5154 δοξασ-

2205 5211 2316 5256 σεις
2352 5211 2438 5263 με,
2480 5211 2497 5243 ι
2537 5192 2628 5245 τὸν
2656 5191 2823 5253 ὅντως
2868 5185 3396 5257 ὑπερδεδοξασμένον
3437 5184 3515 5246 είς
3565 5184 3784 5240 πάντας

2205 5288 2328 5348 τοὺς
2364 5286 2582 5347 αἰῶνας.
