2042 3216
158 201 238 253 ,ιιι

638 193 833 227 LAUDATIO
856 194 888 223 S.
905 191 1119 223 PHILOTHEI
1132 188 1339 220 OPSICIANI.

1753 184 1801 213 152

173 268 983 294 #—

1037 259 1797 281 =_—____'__‘———————__—=

830 362 1145 421 EJUSDEM

417 500 727 549 LAUDATIO
764 499 812 545 S.
859 496 1198 543 PHILOTHEI
1247 494 1575 540 OPSICIANI.

971 608 1007 618 .—

180 687 238 716 Τοῦ
249 685 345 714 αὐτοῦ
358 684 450 718 λόγος
460 681 678 714 (ineunda-36c
685 680 820 718 ﬁlouroii
833 681 908 718 κατᾲ
918 680 972 706 τὸν

1037 679 1152 718 Cjusdeni
1164 686 1248 718 sermo
1261 676 1419 718 memorialis
1435 677 1596 718 vyrc'sn'ucti
1613 676 1745 718 Pliilot/iei
1756 677 1811 718 0_p-_

214 723 301 757 ἄτιον
316 715 463 757 φιλόθεον
476 719 531 757 τρν
553 717 740 757 ’,οιῖυξιανρῃ
757 716 792 743 ὲκ
802 715 970 757 προσώπῳ

215 751 360 785 Φὶλοοέου
377 753 526 789 μοναχοῦ,
550 752 661 789 ἀνδρὸς
682 751 770 789 ᾲξίου
792 751 897 789 ᾷόγου,
918 751 971 789 τρῦ

215 792 264 820 καί
286 785 556 825 προκάλεσάίιένου
576 788 620 820 εὶς
640 786 754 819 ταύτην
770 786 828 819 τὴν
842 785 970 820 γραφήν.

217 852 253 876 α’.
277 848 311 875 Δί
332 846 402 882 πρὸς
420 844 547 880 αἴσθησιν
570 844 715 879 μέλισσαι,
733 844 777 870 ὅτε
799 843 914 871 λύουσαι
939 844 973 870 τὰ

180 895 272 932 πτερὰ
290 893 421 928 φοιτῶσιν
440 892 481 923 είς
497 891 650 926 λειμῶνας,
666 888 728 916 οὔτε
747 890 835 916 πᾶσαι
851 891 908 922 τοῖς
925 890 974 917 ἄν-

146 940 153 942 ’
180 943 257 970 θεσιν
281 940 355 972 ὅλοις
378 937 602 973 ὲνασχολοῦνται¹,
631 936 692 963 οὐδὲ
718 937 771 971 μὴν
799 935 869 968 εἶδος
893 937 922 964 ἓν
947 946 974 963 τι

180 985 399 1020 ἀπολεξάμεναι,
420 982 470 1018 τὴν
492 981 646 1016 σκευωρίαν
666 981 771 1007 ἐκεῖθεν
795 981 842 1007 τοῦ
867 981 975 1017 μέλιτος

182 1031 373 1067 ιρανίζονται,
390 1028 460 1056 ἀλλὰ
486 1028 533 1054 καὶ
553 1028 635 1054 πᾶσιν
651 1027 760 1054 ἄνθεσιν
783 1026 974 1062 ὲμμελετῶσι·

182 1079 232 1106 καὶ
245 1079 273 1105 αἱ
290 1077 340 1112 μὲν
356 1075 493 1108 ἐντεῦθεν,
513 1075 541 1102 αἱ
555 1074 577 1101 δ’
595 1073 703 1100 ἐκεῖθεν
718 1073 748 1100 τὺ
763 1073 899 1109 χρήσιμον
917 1073 977 1099 ἐπι-

182 1125 328 1158 λέγονται,
351 1120 514 1157 φιληδοῦσαι
533 1120 584 1155 μὲν
602 1120 636 1156 τῇ
655 1119 789 1146 πάντοθεν
812 1118 976 1153 ἀνθολογὶᾳ,

184 1169 351 1204 συνάγουσαι
365 1167 394 1195 δὲ
405 1167 471 1202 άλλη
487 1166 562 1199 ἄλλο,
577 1165 626 1193 καὶ
642 1166 713 1193 οὕτω
730 1165 860 1196 ποικίλως
877 1164 977 1191 πονού-

186 1223 281 1251 μεναι.
309 1214 362 1242 Τὸν
387 1213 470 1241 αὑτὸν
495 1211 528 1247 δὴ
551 1211 631 1246 λόγον
658 1211 707 1238 καὶ
734 1211 762 1238 αἱ
789 1211 858 1246 πρὸς
886 1210 978 1245 νόησιν

186 1261 334 1296 μέλισσαι,
353 1259 381 1286 αἱ
396 1258 443 1286 τὸν
458 1257 568 1292 άληθῶς
581 1256 689 1292 ἐλλογον
706 1256 827 1292 ἐργάτην
847 1256 894 1283 τοῦ
910 1255 978 1283 Θεοῦ

187 1307 226 1344 μὴ
247 1306 431 1342 ψευδόμεναι,
448 1303 691 1340 σιμὸλοποιοῦνται
714 1303 764 1338 τὴν
779 1303 852 1330 κατὰ
869 1302 979 1337 πνεῦμα

186 1353 348 1389 γλυκύτητα
363 1352 472 1383 ἑαυτοῖς
489 1349 673 1384 πανταχόθεν,
689 1349 752 1380 τοὺς
771 1347 861 1383 ἱεροὺς
877 1347 980 1383 λειμῶ-

187 1409 239 1432 νας
252 1399 480 1434 πτριπετόμεναι,
495 1395 543 1424 καὶ
558 1396 588 1423 τό
604 1396 686 1423 καλὸν
702 1394 913 1426 ἀπανθίζουσιν,
932 1394 980 1428 οὐχ

185 1446 242 1481 ὅπη
255 1446 336 1480 τύχῃ,
349 1444 422 1479 λόγῳ
437 1443 542 1476 ζωῖκῆς
558 1441 710 1476 φαντασίας
724 1440 899 1476 ρεμῦόμενοι,
913 1439 982 1467 ἀλλὰ

187 1490 261 1518 κατὰ
275 1489 371 1524 σκέψιν
388 1488 525 1523 σταθερὰν
541 1487 588 1514 καὶ
601 1486 767 1522 διάρθρωσιν
778 1486 892 1513 δέουσαν
902 1486 981 1521 ἀκρι-

187 1535 302 1568 ϐοῦντες
323 1535 354 1562 τδ
373 1534 562 1569 ἁνθολόγημα.
585 1532 641 1559 Καὶ¹
667 1532 740 1559 οὕτω
762 1531 981 1566 κατεργάζονται

189 1581 345 1618 μελίσσειον
371 1580 486 1615 κηρίον,
513 1578 528 1605 ὃ
552 1578 626 1613 φιλεῖ
649 1578 699 1613 μὲν
724 1578 772 1604 καὶ
789 1577 860 1611 ,Θεὸς
890 1577 982 1609 αὐτὸς,

187 1627 378 1658 ἀποστολικῶς
402 1625 479 1661 αὐτῷ
501 1624 737 1661 παρατιθέμενον,
759 1623 867 1658 φιλοῦσι
888 1623 917 1650 δὲ
935 1624 983 1650 καὶ

188 1673 332 1708 ἄνθρωποι
347 1671 495 1708 θεοφιλεῖς,
510 1671 549 1702 είς
565 1670 673 1705 ὑγίειαν
691 1670 919 1705 προσφερόμενοι,
933 1669 982 1703 βα-

189 1720 276 1752 σιλεῖς
289 1727 319 1747 τε
334 1719 381 1746 καὶ
394 1718 483 1749 ἄλλως
500 1717 642 1752 ἄρχοντες,
654 1716 702 1742 καὶ
717 1715 770 1751 μὴν
784 1715 832 1742 καὶ
846 1716 963 1750 πένητες
975 1723 982 1730 ·

187 1763 268 1794 οὗτοι
295 1765 358 1800 μὲν,
381 1765 440 1791 ὅσοι
463 1762 699 1798 ἀπεριουσιάστως
723 1761 815 1796 ἔχουσι
836 1760 883 1787 τοῦ
906 1760 985 1792 θείως

188 1810 374 1846 γλυκάζεσθαι
387 1809 431 1837 διὰ
442 1809 472 1836 τὺ
485 1808 557 1836 κατὰ
567 1808 629 1835 νοῦν
641 1808 802 1841 ἀπέριττον,
816 1806 984 1842 ἀρκούμενοι

189 1856 349 1893 ἁκροθιγῶς
366 1855 445 1882 αὐτοὶ
466 1854 575 1890 μέλιτος
594 1852 709 1880 τοιοῦτοι
726 1853 866 1886 γεύεσθαι,
883 1852 897 1878 ὃ
917 1852 984 1887 πρό-

190 1911 289 1939 χειρον
304 1901 354 1938 μὲν
371 1902 417 1929 καὶ
434 1900 547 1933 εὔωνον,
563 1898 651 1930 ἄλλως
667 1899 696 1925 δὲ
712 1898 898 1933 πολυτίμητον
909 1906 916 1913 ·
935 1898 986 1932 ἄρ-

190 1957 288 1985 χοντες
301 1948 331 1976 δέ
344 1956 378 1983 γε
395 1947 440 1974 καὶ
453 1946 586 1982 βασιλεῖς,
602 1942 643 1976 οἷς
651 1944 698 1971 καὶ
714 1943 782 1971 ἄλλα
795 1943 845 1978 μὲν
857 1943 985 1977 πρόσεστι

190 1995 375 2031 γλυκάσματα
393 1993 438 2020 διὰ
457 1991 646 2028 πολυμάθειαν
669 1990 716 2017 καὶ
737 1989 897 2025 περιουσίαν
917 1988 987 2022 γνώ-

194 2052 278 2076 σεως,
294 2042 392 2070 ὁποίαν
405 2042 424 2077 ἡ
440 2039 524 2076 συχνὴ
541 2039 662 2074 μάθησις
677 2037 768 2069 αὐτοῖς
782 2036 942 2072 θησαυρίζει
957 2036 985 2068 ἐς

191 2088 318 2124 δαψιλές.
335 2086 462 2114 Ποθεῖται
476 2086 506 2112 δὲ
521 2085 597 2120 ὅμως
612 2082 804 2118 ὑπερμάλιστα
820 2081 850 2108 τὸ
867 2082 985 2115 εὐαγγε-

190 2135 271 2162 λικδν
290 2133 363 2169 μέλι,
380 2132 411 2159 τὸ
427 2131 474 2159 καλ
489 2130 654 2165 ἀξιέραστον
665 2149 673 2161 ,
690 2128 739 2155 καὶ
755 2127 894 2164 βασιλείας
911 2126 985 2159 ἀξιον

191 2182 245 2217 τῆς
257 2180 353 2213 ὅντως,
368 2178 430 2206 επεὶ
445 2178 493 2205 καὶ
508 2177 525 2213 ἡ
540 2175 602 2204 κατ’
614 2175 680 2202 αὐτὸ
691 2174 780 2209 ὑγίεια
795 2174 841 2201 καὶ
855 2173 986 2200 εὐπάθεια

192 2224 235 2259 ἐὶς
248 2225 388 2262 βασιλείαν
401 2223 527 2259 οὐράνιον
540 2221 669 2257 ῥώννυσι.

231 2272 266 2309 β’.
280 2271 352 2306 Πρὸς
362 2270 509 2306 ὁμοιότητα
519 2268 585 2303 γοῦν
598 2267 729 2302 μελίσσης
743 2265 850 2300 ἐκείνης
862 2265 907 2292 καὶ
921 2265 987 2298 ἐγὼ,

191 2320 246 2356 τῆς
258 2318 339 2346 τοῦτο
349 2318 397 2345 καὶ
410 2317 500 2344 ἐκεῖνο
515 2313 688 2349 συναγούσης
701 2312 794 2346 ἄνθος,
806 2312 853 2338 καὶ
868 2312 989 2345 άπασχο-

193 2366 297 2402 λούσης
315 2364 416 2399 ἑαυτὴν
433 2364 474 2395 είς
497 2361 593 2389 ἄλλοτε
613 2359 689 2392 ἄλλο,
706 2359 753 2386 καὶ
780 2358 851 2402 οὕτω
876 2357 989 2391 σιμῦλο-

195 2400 368 2447 ποιουμένης
381 2410 466 2445 ἑαυτῇ
482 2417 512 2435 τε
522 2407 570 2434 καὶ
584 2406 689 2441 ἑτέροις
706 2404 777 2439 μέλι,
793 2400 822 2430 οὗ
836 2402 989 2437 κεφαλαιω-

194 2449 326 2486 δέστατον
342 2456 408 2484 tam
422 2455 452 2482 τὸ
469 2454 516 2482 καὶ
531 2452 655 2488 ὑγιάζειν
670 2451 717 2477 καὶ
733 2449 790 2484 φῶς
806 2448 991 2484 παρίσχεσθαι

195 2505 314 2536 ἄλυπον,
337 2502 386 2529 καὶ
409 2501 520 2537 τρέφειν
537 2499 606 2535 πρός
628 2506 657 2524 τε
676 2498 772 2532 ἡδονὴν
788 2496 836 2522 καὶ
855 2493 990 2527 ἀϐλαϐῶς,

197 2552 298 2588 ἔκρινα
314 2551 347 2577 ἐκ
363 2548 411 2576 τοῦ
427 2547 499 2575 κατὰ
518 2545 629 2581 πνεῦμα
646 2543 781 2579 λειμῶνος
803 2542 848 2569 καὶ
863 2541 917 2567 τῶν
936 2541 993 2588 ἐκεί

198 2585 307 2634 μυρίων
330 2595 445 2627 ἀνθέων,
455 2592 506 2626 οἷς,
522 2592 593 2620 καθὰ
610 2591 686 2626 φίλον
700 2588 769 2624 Θεῷ,
784 2587 958 2634 ἐνεαρίζομεν
968 2585 993 2612 οἱ

196 2633 300 2678 άταθοῖ
310 2640 482 2677 Χριστιανοὶ,
499 2639 583 2674 φυτὸν
598 2635 774 2668 ἐπιλέξασθαι
792 2633 874 2669 βρύον
889 2633 992 2665 καλοῖς,

197 2689 260 2717 εῐτί
274 2697 326 2716 που
338 2688 384 2715 καὶ
396 2686 532 2721 δυναίμην
544 2692 549 2700 ·
565 2684 613 2711 καὶ
629 2682 690 2718 μέλι
703 2680 850 2711 σκευάσας,
866 2678 992 2713 παραθή-

198 2744 260 2763 σειν
277 2735 336 2766 τοῖς
356 2732 516 2769 φιλοκάλοις
536 2731 606 2766 πρὸς
627 2729 736 2765 ἥδυσμα
751 2727 781 2753 τὸ
805 2725 874 2753 κατὰ
897 2723 990 2769 ἰσχύν·

197 2779 320 2813 ἀξιώσας
342 2767 464 2814 ἐμαυτὸν
481 2774 575 2802 θέσθαι
591 2774 630 2805 είς
646 2772 776 2807 τοιαύτην
801 2770 931 2806 μέλισσαν
948 2767 992 2795 διὰ

200 2827 287 2862 μόνην
298 2824 430 2860 πρόθεσιν
440 2821 532 2849 ἔνθεον
540 2819 680 2856 φιλεργὸν,
691 2819 721 2845 οὐ
739 2819 792 2853 μὴν
803 2816 869 2851 πρδς
880 2815 992 2851 αὔχημα

198 2871 248 2899 καὶ
263 2869 457 2906 φιλενδειξίαν,
474 2864 507 2902 ἦς
523 2866 573 2893 οὐκ
587 2866 641 2900 ἐχω
657 2863 813 2898 ἐφικέσθαι.

236 2915 271 2952 ᾖ.
283 2917 363 2946 Ἔστι
376 2915 406 2942 δέ
422 2920 469 2948 μοι
479 2911 509 2939 τὺ
521 2911 616 2948 φυτὸν,
627 2910 656 2943 ἐξ
667 2907 696 2938 οὗ
713 2907 903 2944 σιμὸλοποιῗαν
917 2906 992 2934 θείαν

999 2030 1021 2059 C

1057 714 1162 745 sicinni,
1178 713 1263 739 dictus
1282 713 1308 738 in
1321 720 1432 746 persona
1444 711 1577 738 Philotimi
1597 712 1727 743 monachi,
1759 714 1810 740 υἱνὶ

1060 748 1182 783 spectati,
1213 748 1258 781 qui
1287 751 1311 773 et
1338 748 1435 774 huncce
1472 752 1614 773 tractatum
1640 749 1812 782 componendi

1058 792 1152 811 ansam
1169 783 1293 817 prwbuit.

1059 840 1084 867 1.
1105 838 1256 867 Sensibiles
1269 845 1344 872 apes,
1362 845 1436 870 cum.
1453 838 1596 873 explicatis
1613 840 1673 873 alis,
1692 840 1719 867 in
1733 845 1814 875 prata

1026 884 1162 916 feruntur,
1181 890 1236 910 non
1253 890 1348 910 omnes
1364 882 1493 910 omnibus
1507 888 1674 918 occupantur
1689 885 1813 916 ﬂoribus,

1026 936 1124 963 neque,
1143 929 1246 956 selecto
1269 928 1385 962 quodam
1409 928 1475 955 ﬂore
1489 930 1609 964 egregio,
1628 930 1654 956 iu
1681 930 1732 958 hoc
1756 931 1816 958 solo

1030 975 1214 1007 delectamur,
1227 979 1254 1002 et
1268 975 1394 1001 certatim
1407 974 1458 1001 mel
1475 975 1615 1009 hauriunt,
1632 977 1678 1003 sed
1691 982 1717 1003 et
1731 984 1815 1004 συπρα

1027 1022 1061 1048 tis
1072 1021 1211 1055 indulgent
1224 1021 1346 1052 ﬂoribus,
1356 1025 1383 1047 et
1394 1021 1451 1047 hinc
1462 1021 1569 1056 quidem
1582 1021 1657 1053 hinc,
1670 1022 1713 1049 illa
1724 1027 1815 1050 autem

1028 1067 1114 1101 illinc,
1125 1066 1197 1102 quod
1212 1067 1278 1094 utile
1292 1071 1332 1094 cst
1344 1067 1459 1101 eligunt,
1470 1067 1672 1100 universorum,
1686 1075 1744 1102 quae
1754 1076 1818 1103 pas-

1028 1113 1078 1140 sim
1092 1116 1167 1144 sunt,
1183 1112 1279 1139 ﬂorum
1299 1116 1385 1147 captaa
1412 1112 1563 1146 voluptate,
1589 1113 1636 1140 scd
1661 1114 1733 1140 aliud
1759 1114 1818 1141 alia:

1029 1159 1197 1193 colligentes,
1211 1163 1292 1193 atque
1305 1158 1342 1184 ita
1354 1158 1430 1185 varie
1444 1158 1609 1185 laborantes.
1624 1158 1722 1185 Eadem
1735 1160 1817 1187 etiam

1029 1206 1144 1238 ratione,
1166 1204 1362 1232 intellectuales
1380 1211 1456 1239 apes,
1482 1211 1541 1238 quae
1558 1212 1622 1231 vere
1647 1206 1818 1238 spiritualem

1031 1250 1185 1286 operarium
1203 1249 1247 1277 Dei
1264 1256 1317 1276 non
1331 1249 1512 1282 frustrantur,
1528 1249 1677 1283 spiritualis
1694 1251 1745 1278 mel
1759 1251 1820 1278 dul-

1031 1297 1134 1325 cedinis
1153 1296 1204 1324 sibi
1221 1296 1340 1330 undique
1354 1295 1497 1330 colligunt,
1518 1303 1596 1323 sacra
1614 1302 1689 1330 prata
1704 1297 1821 1324 circum-

1031 1342 1164 1375 volantes,
1178 1346 1205 1369 et
1218 1341 1289 1376 quod
1305 1340 1449 1376 pulchrum
1467 1345 1510 1367 est
1525 1341 1685 1376 decerpunt,
1697 1349 1751 1369 non
1765 1343 1822 1370 for-

1033 1389 1112 1420 tuito,
1129 1388 1274 1415 vivacitate
1301 1387 1506 1422 imaginationis
1522 1387 1574 1414 huc
1600 1388 1643 1416 vel
1664 1387 1727 1416 illuc
1741 1394 1820 1422 actas,

1033 1436 1079 1462 sed
1092 1435 1170 1469 juxta
1186 1434 1290 1461 firmam
1307 1434 1579 1468 circumspectionem
1597 1437 1625 1461 et
1650 1435 1823 1469 explanatio-

1034 1488 1096 1509 nem
1112 1481 1282 1508 commodam
1297 1479 1459 1514 ﬂorilegium
1476 1480 1663 1514 exquirentes.
1681 1480 1713 1507 Et
1730 1481 1767 1508 ita
1783 1481 1823 1509 ef-

1036 1527 1129 1555 ﬁciunt
1156 1526 1283 1554 melleum
1308 1526 1399 1553 favum
1417 1547 1425 1560 ,
1449 1533 1531 1560 quem
1560 1525 1629 1553 Deus
1651 1526 1708 1561 ipse
1735 1531 1820 1559 amat,

1036 1574 1186 1608 apostolice
1213 1574 1237 1601 ei
1258 1572 1424 1607 appositum,
1441 1580 1522 1606 quem
1550 1577 1642 1599 amant
1664 1573 1747 1599 etiam
1771 1573 1824 1600 lio--

1036 1621 1120 1648 mines
1132 1620 1227 1655 piipad
1244 1620 1388 1647 sanitatem
1407 1619 1620 1654 recuperandam
1637 1624 1823 1651 occurrentes.

1036 1673 1166 1701 regesque
1197 1670 1224 1693 et
1244 1666 1380 1701 principes
1397 1685 1405 1697 .
1425 1666 1479 1692 imo
1494 1671 1520 1693 et
1536 1673 1686 1700 pauperes;
1708 1667 1735 1693 lii
1764 1667 1824 1701 qui-

1036 1712 1107 1744 dem,
1130 1712 1284 1746 quicunque
1299 1712 1334 1738 ob
1350 1711 1535 1746 intelligentia:
1555 1712 1769 1740 mediocritatem
1783 1713 1824 1740 di-

1036 1758 1128 1785 vinant
1143 1758 1312 1785 duicediuem
1331 1765 1413 1792 parce
1429 1758 1603 1784 hauriendam
1620 1758 1731 1791 habent,
1759 1766 1826 1786 con-

1042 1805 1109 1832 tenti
1124 1805 1147 1831 si
1162 1804 1258 1831 leviter
1289 1809 1392 1831 tantum
1417 1804 1469 1831 mel
1486 1809 1595 1838 gustent
1617 1804 1694 1837 illud,
1710 1806 1781 1839 quod
1798 1805 1825 1832 in

1038 1854 1166 1885 promptu
1184 1854 1227 1877 est
1248 1854 1276 1878 et
1291 1849 1352 1877 vilis
1370 1850 1461 1885 pretii,
1475 1849 1537 1877 licet
1559 1850 1584 1877 in
1605 1857 1635 1877 se
1659 1851 1824 1885 pretiosum:

1039 1895 1176 1931 principes
1199 1900 1289 1923 autem
1306 1900 1333 1923 et
1349 1903 1437 1930 reges,
1456 1896 1557 1930 quibus
1571 1900 1598 1923 et
1611 1896 1669 1923 alia;
1683 1903 1748 1923 sunt
1763 1897 1827 1925 dul-

1039 1942 1150 1969 cedines
1162 1942 1196 1969 ob
1211 1941 1357 1968 multarum
1371 1949 1462 1968 rerum
1480 1941 1633 1968 doctrinam
1646 1946 1673 1969 et
1686 1942 1827 1969 abundan-

1039 1987 1102 2015 tiam
1114 1987 1267 2022 sapientiae.
1281 1987 1388 2021 qualem
1402 1987 1515 2014 scientia
1533 1987 1655 2021 locuples
1666 1988 1706 2015 eis
1716 1989 1827 2023 copioso

1039 2034 1216 2061 tliesaurizat.
1243 2034 1386 2067 Expetitur
1414 2038 1506 2061 tamen
1526 2034 1605 2061 valde
1632 2034 1744 2062 nimium
1772 2035 1828 2062 mel

1038 2080 1220 2114 evangelicum
1234 2083 1261 2106 et
1275 2079 1391 2106 amabile
1411 2083 1439 2107 et
1458 2079 1515 2107 veri
1532 2080 1605 2115 regni
1620 2080 1742 2115 dignum,
1758 2088 1827 2116 quo-

1039 2126 1108 2152 niam
1123 2133 1166 2157 ea,
1182 2132 1261 2159 quam
1276 2125 1386 2159 praebet,
1401 2126 1503 2153 sanitas
1520 2130 1547 2153 et
1575 2126 1699 2162 voluptas
1726 2127 1758 2154 ad
1784 2136 1828 2155 rc-

1038 2177 1120 2205 gnum
1138 2170 1250 2197 caeleste
1265 2169 1441 2197 obtinendum
1457 2170 1626 2198 corroborat.

1075 2260 1103 2287 2.
1120 2260 1180 2295 Ipse
1199 2259 1291 2294 igitur,
1311 2259 1343 2285 ad
1361 2259 1568 2287 similitudinem
1584 2260 1642 2294 apis
1657 2259 1741 2293 illius,
1759 2260 1832 2288 hunc

1042 2311 1068 2333 et
1084 2306 1160 2333 illum
1181 2305 1274 2333 florem
1294 2305 1459 2339 colligentis,
1476 2309 1503 2332 et
1514 2312 1575 2332 sese
1587 2305 1632 2332 hic
1644 2310 1670 2331 et
1687 2305 1740 2331 illic
1752 2313 1832 2332 uer.

1044 2353 1142 2385 centis,
1160 2357 1188 2379 et
1200 2353 1237 2378 ita
1253 2351 1303 2379 sibi
1314 2355 1341 2378 et
1355 2351 1415 2378 aliis
1431 2351 1483 2378 mel
1497 2351 1652 2381 condentis,
1671 2351 1750 2385 cujus
1765 2359 1833 2385 prte-

1042 2400 1119 2434 cipue
1133 2400 1271 2434 proprium
1287 2403 1328 2426 est
1351 2406 1458 2430 sanare,
1478 2398 1622 2432 laetumque
1650 2398 1738 2424 lumen
1763 2405 1832 2432 prae-

1045 2445 1117 2476 bere,
1137 2444 1313 2477 nutriercque
1333 2451 1392 2470 cum
1414 2443 1552 2477 voluptate
1567 2448 1594 2470 et
1611 2443 1731 2475 innoxie,
1750 2444 1833 2470 statui

1044 2497 1077 2517 ex
1089 2490 1222 2524 rpirituali
1237 2494 1313 2524 prato
1325 2495 1352 2516 et
1363 2489 1514 2516 innumeris
1525 2489 1571 2523 qui
1585 2489 1620 2516 ibi
1637 2494 1699 2516 sunt
1709 2488 1832 2522 ﬂoribus,

1046 2537 1118 2563 inter
1135 2543 1213 2570 quos,
1233 2540 1261 2562 ut
1293 2536 1347 2562 Deo
1371 2535 1470 2569 placet,
1498 2542 1546 2563 ver
1563 2535 1741 2570 transigimus
1770 2536 1833 2563 boui

1046 2581 1210 2614 Christiani,
1231 2581 1349 2615 plantam
1366 2581 1483 2615 aliquam
1493 2580 1592 2615 eligere
1614 2582 1721 2609 abunde
1737 2581 1835 2617 germi-

1047 2631 1159 2655 nantem
1183 2628 1264 2658 bona,
1291 2626 1312 2653 si
1341 2627 1462 2654 invenire
1491 2634 1609 2661 possem,
1640 2627 1834 2662 conditumque

1050 2674 1100 2701 mel
1115 2681 1146 2701 ex
1166 2673 1209 2699 illa
1226 2672 1438 2706 pulchritudinis
1456 2673 1612 2700 amantibus
1625 2680 1772 2708 apponere,
1799 2674 1834 2700 ad

1047 2728 1117 2753 eam,
1134 2727 1193 2755 quae
1211 2719 1292 2746 robur
1306 2722 1426 2753 generat,
1442 2719 1622 2748 suavitatem:
1639 2727 1744 2755 aequum
1769 2727 1835 2747 cen-

1049 2774 1124 2800 sens,
1134 2766 1155 2793 si
1166 2773 1215 2801 ego
1226 2766 1283 2800 ipse
1297 2765 1357 2792 talis
1364 2764 1423 2799 apis
1434 2769 1524 2799 partes
1532 2772 1667 2793 sumerem
1678 2765 1712 2793 ob
1723 2766 1832 2792 unicum

1047 2812 1217 2848 propositum
1229 2811 1369 2838 laborandi
1379 2811 1412 2838 ad
1423 2811 1468 2838 Dei
1480 2811 1777 2845 gloriam,nequaquam
1788 2817 1836 2837 vc-

1047 2865 1078 2885 ro
1088 2857 1120 2884 ad
1134 2857 1268 2891 propriam
1279 2855 1467 2891 gloriationem
1476 2863 1557 2891 quam
1567 2856 1735 2890 assequi‘non
1745 2854 1832 2880 valeo.

1084 2903 1111 2931 5.
1131 2903 1177 2930 Est
1203 2906 1293 2930 autem
1321 2902 1385 2929 mihi
1399 2901 1490 2937 planta
1506 2902 1539 2930 de
1554 2909 1607 2936 qua
1631 2901 1752 2929 divinum
1779 2898 1834 2926 mel
