4084 6444
452 354 557 418 143

1204 356 1629 424 ΕΠΒΤΑΤΙΠΙ
1660 354 2419 419 THESSALONiCENSlS
2451 358 3025 426 METRUPOLITJE

3615 375 3718 445 ιιι

406 478 414 490 ’
444 471 972 543 colligam,magnus
986 466 1328 534 Pbilotbeus,
1359 468 1518 563 cujus
1548 482 1742 563 nomen
1766 481 1868 563 ego
1894 481 2005 563 gert

2127 467 2543 540 ἀποδρέψομαι,
2591 474 2620 526 ὁ
2670 473 2848 543 μέγας
2901 477 3188 544 Φιλόοεος,
3246 472 3309 537 οὗ
3360 485 3462 557 τὴν
3517 492 3716 563 κλῆσιν

448 572 516 619 et
548 562 653 618 hoc
687 562 906 631 quidem
936 560 1276 616 solummodo
1333 558 1573 628 glorians
1617 557 1819 632 (factis
1880 560 2028 615 enim

452 653 585 724 quis
608 651 689 708 illi
722 652 795 709 sit
825 649 1281 721 comparandus?)
1328 650 1398 705 ad
1448 652 1652 706 bancce
1681 651 1878 707 deveni
1905 666 2029 709 ora-

452 747 699 801 tionem:
733 745 1068 810 Pliilotlieus,
1102 759 1404 814 cognomen
1453 744 1613 800 factis
1652 744 2025 814 conﬁrmans;

441 835 786 905 Philotheus,
808 838 898 907 qui
928 838 1166 907 seipsum
1201 836 1478 907 inscripsit
1507 837 1776 895 infidelem
1807 853 2025 894 servum

448 928 543 985 Dei
583 939 638 986 et
668 930 870 985 bonum
909 929 1259 997 ministrum,
1292 933 1384 987 cui
1424 932 1650 1003 contigit
1699 931 1793 989 Dei
1846 933 2026 990 amico

446 1022 631 1079 vocari
664 1023 731 1077 ad
780 1024 1118 1078 consortium
1167 1023 1550 1094 apostolicum,
1586 1024 1684 1095 qui
1729 1024 1941 1081 audivit
1969 1033 2026 1080 ct

442 1114 561 1183 ipse
586 1113 732 1170 illinc
755 1111 898 1170 istud
926 1130 942 1168 :
968 1114 1089 1170 Non
1113 1114 1226 1185 jam
1250 1130 1472 1172 servum
1500 1124 1553 1171 te
1578 1131 1730 1185 voco,
1757 1118 1851 1173 sed
1882 1118 2025 1173 ami-

444 1224 593 1276 cum,
621 1217 808 1280 utpote
840 1209 937 1281 qui
992 1210 1139 1267 scias
1192 1211 1557 1283 quodcunque
1599 1227 1704 1283 ego
1761 1212 1925 1281 facio,
1968 1223 2025 1270 et

443 1300 579 1355 alios
610 1300 678 1354 ad
710 1300 819 1355 mei
848 1315 1174 1370 promoveas
1230 1301 1612 1367 imitationem,
1658 1312 1715 1360 et
1750 1318 1871 1361 mea
1902 1320 2021 1360 ma-

436 1392 598 1464 gistri
625 1393 797 1451 instar
826 1392 1047 1449 obveles
1088 1394 1345 1465 mysteria
1374 1411 1391 1463 ;
1433 1394 1632 1466 quippe
1655 1395 1800 1452 nulla
1832 1411 2021 1467 repre-

441 1484 701 1540 hensione
733 1484 893 1552 digna
925 1498 1014 1540 res
1044 1494 1149 1553 est,
1176 1495 1411 1541 mentem
1453 1486 1663 1542 meliori
1696 1488 2021 1546 submittere

432 1575 535 1644 qui
589 1576 973 1645 interpretetur
1008 1584 1064 1632 et
1092 1578 1373 1648 adaperiat
1425 1579 1777 1648 Scriptores:
1831 1579 2021 1637 Philo-

418 1669 624 1733 »titeus,
652 1666 943 1724 admiratio
971 1675 1027 1723 et
1066 1683 1194 1724 cura
1224 1683 1367 1736 mea,
1409 1669 1522 1725 imo
1548 1674 1816 1728 omnium.
1848 1672 2019 1729 Nemo

2134 560 2422 631 βαστάζων
2449 565 2583 635 ἐγὼ.
2614 570 2711 623 καὶ
2731 569 2886 623 τοῦτό
2919 588 2981 639 γε
3004 574 3098 628 καὶ
3125 574 3289 645 μόνον
3311 560 3715 655 σεμνυνόμενος

2132 652 2342 727 (ἔργοις
2378 656 2488 729 γὰρ
2518 659 2604 722 τίς
2646 661 2713 714 ἂν
2762 663 2849 731 εἴη
2900 666 3078 737 τούτῳ
3106 669 3453 745 ὲνάμιλλοςς)
3497 652 3578 741 είς
3617 680 3713 733 τὸν

2128 745 2288 818 λόγον
2318 749 2503 807 τοῦτον
2532 753 2770 824 ἐμαυτὸν
2792 756 3013 827 καθῆκα
3035 775 3050 791 ·
3083 762 3357 831 Φιλόθεος,
3388 766 3417 819 6
3440 768 3539 840 τὴν
3567 771 3714 826 ἐπω-

2129 840 2327 910 νυμίαν
2354 840 2433 912 τῷ
2458 842 2573 898 δντι
2623 846 2977 920 ἑπαληθεύων
2996 869 3011 885 ι
3042 852 3326 922 Φιλόθεος,
3369 860 3398 912 ὁ
3425 861 3714 933 ἐγγράψας

2131 929 2232 1002 μὲν
2270 933 2465 991 ἑαυτὸν
2495 936 2578 1000 είς
2613 940 2806 995 πιστὸν
2844 941 3031 1001 δοῦλον
3070 947 3209 1004 Θεοῦ
3254 952 3349 1005 καὶ
3377 929 3580 1022 ἀγαθον
3616 929 3711 1010 δε-

2130 1022 2398 1093 ράποντα,
2419 1028 2838 1104 κληρονομήσας
2860 1035 2938 1098 δὲ,
2963 1039 3120 1109 φίλος
3143 1041 3264 1113 Θεῷ
3281 1045 3545 1116 κληθῆναι
3571 1052 3711 1119 πρὶς

2129 1116 2451 1190 ισοκληρίαν
2501 1121 2903 1196 ἀποστολικὴν,
2964 1129 3061 1184 καὶ
3103 1132 3347 1198 ἀκούσας
3395 1139 3488 1193 καὶ
3540 1116 3710 1205 αὐτὸς

2123 1208 2337 1263 ικείθεν
2359 1209 2421 1264 τό
2443 1227 2459 1246 ι
2499 1212 2699 1267 Οὐκέτι
2721 1214 2911 1272 δοῦλόν
2940 1236 2999 1273 σε
3034 1221 3186 1277 καλῶ
3208 1263 3224 1288 ,
3255 1226 3391 1280 ἀλλὰ
3415 1226 3568 1297 φίλον
3588 1270 3602 1293 ,
3630 1232 3710 1294 ὡς

2126 1302 2218 1354 καὶ
2251 1301 2434 1357 είδότα
2466 1306 2599 1372 πᾶν,
2629 1307 2770 1379 ὅπερ
2794 1309 2906 1379 ἐγὼ
2941 1313 3099 1381 ποιῶ,
3129 1317 3226 1371 καὶ
3244 1318 3439 1385 ἄλλους
3461 1322 3541 1387 είς
3564 1323 3711 1395 ἐμὴν

2123 1392 2518 1461 καταρτίζοντα
2545 1394 2799 1469 μίμησιν,
2824 1402 2919 1455 καὶ
2951 1403 3016 1457 τὰ
3048 1404 3161 1475 ἐμὰ
3187 1406 3585 1478 διδασκαλικῶς
3600 1392 3706 1483 ξέ-

2121 1481 2466 1541 καλύπτοντα
2506 1491 2824 1562 μυστήρια·
2877 1493 2963 1547 δτι
3013 1497 3148 1566 μηδὲ
3198 1498 3314 1555 ἐστι
3362 1501 3580 1572 φθόνος,
3624 1481 3706 1579 τῷ

2121 1575 2391 1645 κρείττονι
2419 1577 2514 1632 τὸν
2544 1579 2709 1634 αὑτοῦ
2740 1582 2869 1637 νοῦν
2901 1585 3169 1657 προάγειν
3200 1592 3613 1667 ὲκφαντορικῶς
3645 1575 3705 1652 ἐν

2119 1665 2198 1735 τῷ
2222 1666 2515 1737 διανοίγειν
2553 1670 2796 1742 Γραφάς.
2827 1674 3079 1742 Φιὶόθεος
3118 1681 3182 1733 τδ
3222 1681 3356 1752 ἐμὸν
3385 1665 3572 1758 θαῦμα
3604 1693 3704 1745 καὶ

433 1762 607 1826 enim,
647 1773 810 1815 nemo
850 1773 1095 1830 prorsus,
1130 1761 1334 1816 auditis
1387 1760 1551 1818 factis
1576 1763 1712 1833 ejus,
1761 1775 2005 1822 sanetum

2122 1756 2367 1830 μέλημα,
2398 1760 2603 1830 μᾶλλον
2649 1764 2751 1834 μὲν
2782 1764 2876 1821 οὖν
2911 1768 2972 1821 τὸ
3008 1773 3207 1828 κοινόν.
3248 1775 3330 1829 Οὐ
3364 1778 3473 1850 γὰρ
3497 1756 3584 1835 ἐν
3616 1801 3702 1848 τις

426 1852 591 1909 illum
622 1866 728 1908 non
764 1853 1019 1908 admirari
1047 1854 1264 1925 poterit,
1285 1854 1331 1911 si
1364 1862 1545 1911 tamen
1579 1871 1648 1912 ex
1680 1859 1915 1915 terrenis
1932 1857 2005 1915 fas

2117 1850 2219 1903 οὐκ
2244 1849 2334 1917 ἂν,
2359 1853 2578 1918 πάντως
2600 1857 2799 1922 οὐδεὶς,
2833 1859 3023 1930 μαθὼν
3043 1864 3113 1918 τὰ
3142 1867 3231 1921 ὲκε
3241 1838 3387 1935 ίνου,⁷
3406 1838 3702 1946 ἀπόσχοιτο

418 1955 523 2003 ~est
546 1945 842 2019 depingere
870 1946 1047 2003 virum
1073 1947 1368 2006 virtutibus
1396 1948 1696 2006 cwlestem.

508 2214 562 2271 4.
598 2210 747 2268 Tulit
774 2210 1014 2268 Asiatica
1054 2210 1222 2281 regio,
1267 2213 1345 2268 uti
1396 2214 1631 2283 posteris
1654 2228 1774 2271 eam
1818 2230 2014 2275 vocare

418 2303 664 2376 vplacuit,
696 2304 967 2373 optimum
998 2302 1373 2374 Opsicianum,
1423 2316 1567 2362 terra
1609 2308 1898 2376 immensa,
1932 2313 2013 2367 di-

415 2411 527 2454 ‘ves
555 2407 610 2453 et
640 2397 820 2460 beata,
848 2396 978 2451 olim
1009 2397 1230 2467 quidem
1256 2395 1405 2452 fama
1448 2399 1801 2469 percelebris,
1827 2402 2010 2461 ferens

432 2505 582 2546 nunc
625 2488 791 2544 etiam
828 2488 1075 2555 pristina:
1101 2488 1247 2544 illius
1276 2490 1609 2546 excellentia:
1657 2494 1809 2564 signa
1838 2496 2007 2550 multa

411 2590 488 2637 -ει
512 2593 803 2651 generosa,
840 2580 1139 2650 praesertim
1187 2580 1318 2636 belli
1375 2582 1625 2651 peritiam
1681 2585 2005 2644 incolarum.

428 2672 622 2744 altaque
653 2709 671 2737 ,
731 2683 790 2727 ut
828 2671 1023 2727 leviter
1048 2673 1368 2738 ostendam,
1423 2676 1765 2747 majestatcm
1813 2693 2006 2745 quam-

425 2764 550 2820 dam
577 2772 806 2821 sanctus
824 2765 1062 2820 desumit
1081 2780 1112 2821 e
1130 2768 1469 2837 popularium
1499 2770 1720 2836 virtute,
1750 2785 1854 2842 qua
1888 2773 2005 2829 leo-

412 2859 589 2916 nibus
619 2858 828 2915 similes
851 2858 1125 2925 videntur,
1155 2859 1373 2930 quando
1416 2876 1603 2928 canes,
1637 2864 1834 2934 Agaris
1880 2865 1999 2932 ﬁlii,

424 2951 523 3010 Dei
549 2966 748 3024 greges
773 2952 991 3024 aggredi
1019 2961 1309 3010 conantur.
1347 2954 1536 3011 Vicum
1568 2966 1769 3024 autem,
1801 2961 1894 3032 qui
1937 2962 1994 3017 il-

422 3046 535 3101 lum
584 3044 832 3115 protulit,
861 3046 1131 3115 quoddam
1172 3064 1202 3101 a
1240 3048 1466 3119 reliquis
1496 3051 1772 3107 diversum
1806 3064 1998 3110 osten-

420 3138 570 3203 dere,
605 3137 804 3208 quippe
825 3139 917 3207 qui
938 3137 1182 3194 Formica
1213 3140 1501 3213 (Μύρμηξ)
1530 3152 1772 3209 vocetur,
1806 3154 1861 3202 et
1889 3145 1998 3203 isto

420 3229 640 3285 nomine
682 3230 749 3283 ad
805 3229 1296 3300 myrmecoleontes
1347 3232 1634 3303 indigenas
1678 3236 1851 3293 alludi
1883 3238 1996 3295 for-

420 3330 567 3378 tasse
598 3319 722 3391 quis
743 3321 963 3377 dixerit.
986 3320 1114 3376 Mihi
1143 3332 1324 3378 autem
1358 3326 1509 3382 vicus
1529 3328 1794 3397 Myrmex,
1816 3335 1992 3389 sancti

406 3412 612 3481 .patria,
639 3411 945 3482 symbolum
972 3414 1192 3469 exhibet
1217 3415 1443 3473 omnino
1473 3422 1864 3477 venerandum.
1895 3422 1990 3479 Vi-

419 3504 552 3558 deor
577 3506 726 3559 enim
759 3504 848 3559 llic
878 3504 1260 3561 inclamantem
1286 3510 1475 3564 audire
1501 3511 1633 3567 mihi
1667 3527 1885 3585 quoque
1905 3531 1995 3573 sa-

410 3594 653 3665 pientem
679 3592 1030 3651 Salomonem
1060 3613 1076 3652 :
1117 3615 1136 3649 ι
1174 3598 1320 3655 Vade
1349 3602 1415 3655 ad
1445 3603 1606 3657 talem
1629 3603 1934 3689 formicam,
1957 3624 1992 3664 ο

413 3687 565 3754 piger
591 3687 608 3718 ¹
632 3702 651 3753 ;
678 3705 697 3739 ι
725 3696 782 3743 et
809 3687 1095 3745 Philotbeo
1120 3690 1231 3745 illic
1260 3691 1522 3761 inquisito
1552 3705 1607 3750 et
1632 3687 1988 3756 formicarum

412 3788 572 3833 antro
594 3779 682 3834 ubi
707 3779 979 3835 invenitur
997 3795 1212 3840 aurum.
1233 3793 1480 3840 scrutare
1500 3787 1717 3845 divitias
1740 3791 1849 3847 Deo
1867 3808 1992 3863 gra-

416 3886 524 3935 tas,
553 3881 610 3926 ct
636 3880 755 3926 esto
789 3872 981 3928 beatus
1016 3886 1309 3942 mercator,
1354 3891 1792 3954 congregataque
1834 3885 1990 3944 illinc

413 3975 723 4034 quaestuosa
750 3965 888 4020 bona
919 3965 1102 4022 (livide
1130 3969 1439 4039 egentibus,
1475 3988 1606 4040 non,
1637 3976 1985 4037 formicarum

411 4057 604 4122 instar,
633 4057 891 4127 colligens
923 4074 1042 4129 qua:
1069 4061 1119 4114 in
1160 4064 1242 4116 via
1284 4074 1433 4131 sunt,
1463 4066 1556 4122 sed
1581 4070 1832 4129 celeriter
1858 4090 1988 4131 cur-

409 4166 537 4205 rens
587 4153 654 4208 ad
702 4153 993 4222 eptabilem
1024 4153 1315 4212 circuitum
1367 4158 1456 4213 ubi
1508 4159 1861 4222 inveniuntur
1891 4170 1983 4239 qui

411 4242 652 4297 maxime
688 4246 988 4314 expetenda
1020 4247 1197 4304 studio
1246 4249 1643 4320 nundinantur,
1679 4265 1740 4310 ut
1784 4267 1838 4312 et
1868 4257 1984 4328 ipse

408 4331 646 4398 divitias,
709 4350 844 4404 quas
878 4337 1054 4391 bonus
1103 4338 1494 4407 paterfamilias
1549 4344 1690 4401 Deus
1736 4362 1765 4401 a
1827 4353 1984 4409 nobis

410 4422 768 4480 thesaurizari
816 4437 990 4497 optat,
1039 4428 1372 4499 lucrifacias,
1422 4442 1478 4489 et
1507 4438 1887 4498 convenientia
1916 4445 1982 4501 iis

2118 1942 2186 1997 ἂν
2218 1943 2314 1999 τοῦ
2349 1944 2653 2018 θαυμάζειν
2677 1950 2770 2004 τὸν
2801 1954 2958 2022 ἅγιον
2979 1956 3192 2025 τοῦτον,
3224 1962 3277 2015 εί
3309 1978 3361 2016 τι
3387 1964 3493 2036 χρὴ
3519 1942 3610 2020 κᾶι
3636 1969 3697 2019 ὲκ

2116 2034 2227 2090 τῶν
2263 2037 2394 2109 περὶ
2434 2042 2541 2112 γῆν
2576 2047 2986 2117 χαρακτηρίσαι
3012 2049 3104 2105 τὸν
3134 2056 3252 2119 ταῖς
3277 2034 3504 2127 ἀρεταῖς
3531 2060 3699 2131 οὐρά-

2115 2143 2252 2184 νιον.

2182 2222 2247 2278 δ’.
2276 2223 2516 2292 Ἤνεγκε
2545 2226 2647 2297 μὲν
2673 2228 2897 2302 ’Δσιανὴ
2920 2230 3093 2305 χώρα,
3120 2235 3189 2306 ην
3219 2237 3385 2308 ἤρεσε
3407 2242 3518 2305 τοῖς
3539 2241 3699 2298 ὔστε-

2116 2329 2208 2383 ρον
2245 2315 2614 2387 ὀνομάζουσι,
2651 2321 2817 2376 καλὸν
2864 2325 3139 2395 Ὁψίκιον,
3176 2333 3245 2398 γῆ
3280 2333 3579 2406 πολυτενὴς
3612 2339 3693 2403 είς

2114 2405 2446 2477 μιλιασμοὺς
2474 2412 2569 2465 καὶ
2596 2412 2901 2483 πολυτελὴς
2928 2420 3026 2472 καὶ
3074 2421 3371 2493 εὐδαίμων,
3406 2405 3573 2483 πάλαι
3590 2431 3693 2501 μὲν

2110 2495 2206 2549 καὶ
2233 2496 2359 2551 λίαν
2390 2501 2751 2570 περίπυστος,
2783 2505 3028 2575 φέρουσα
3057 2509 3112 2563 δὲ
3147 2513 3243 2565 καὶ
3275 2515 3443 2571 είσέτι
3471 2516 3569 2571 νῦν
3591 2495 3691 2572 τοῦ

2110 2589 2455 2659 πωτοθέτου
2477 2592 2689 2647 ἐκείνου
2716 2597 2885 2651 καλοῦ
2914 2603 3277 2673 χαρακτῆρας
3310 2609 3564 2676 πολλοὺς,
3592 2615 3690 2665 καὶ

2106 2680 2229 2735 ούδὶ
2257 2682 2526 2751 ἀγεννεῖς,
2556 2687 2651 2740 καὶ
2679 2688 2919 2758 μάλιστα
2944 2694 3007 2745 τὸ
3039 2694 3146 2749 τῶν
3176 2697 3461 2768 ἐγχωρίων
3492 2703 3692 2771 ἔμπει-

2110 2774 2431 2843 ροπόλεμον.
2472 2779 2586 2833 Καὶ
2624 2779 2770 2836 οὕτω
2828 2783 2951 2854 μὲν,
2997 2784 3074 2849 ὡς
3103 2786 3162 2840 ὲν
3215 2790 3388 2860 στενῷ
3419 2791 3689 2861 δηλῶσαι.

2107 2864 2415 2936 σεμνότητα
2444 2867 2474 2919 ό
2509 2868 2666 2936 ἅγιος
2698 2871 3025 2942 ἑπισύρεταί
3047 2892 3169 2929 τινα
3202 2878 3299 2931 καὶ
3322 2879 3411 2934 διὰ
3436 2882 3532 2951 τὴν
3563 2885 3687 2936 κατ’

2103 2955 2256 3021 ἔθνος
2282 2958 2505 3030 ἀρετὴν,
2538 2961 2607 3015 δι’
2638 2964 2706 3034 ἢν
2732 2964 2784 3019 οἱ
2819 2965 2936 3018 ἐκεῖ
2962 2966 3448 3027 ὰπολεοντιοῦσθαι
3473 2973 3687 3040 δόξαιεν

2103 3044 2191 3110 ἂν,
2224 3046 2315 3101 ὅτε
2341 3048 2392 3101 οἱ
2420 3048 2524 3119 τῆς
2557 3052 2738 3123 ’Δγαρ
2767 3057 2930 3119 κύνες
2959 3057 3275 3130 ἐπιτρέχειν
3300 3062 3413 3128 τοῖς
3433 3064 3527 3118 τοῦ
3548 3066 3686 3119 θεοῦ

2102 3137 2375 3207 ποιμνίοις
2405 3142 2777 3209 προτίθενται.
2818 3147 2944 3202 Ἐὰν
2972 3149 3030 3204 δὲ
3065 3153 3099 3223 η
3130 3157 3537 3224 προενεγκοῦσα
3560 3159 3687 3214 τοῦ·

2104 3241 2199 3281 τον
2243 3226 2405 3301 κώμη
2440 3231 2676 3303 ἑτεροῖόν
2706 3253 2760 3290 τι
2812 3242 3084 3315 φανταζῃ,
3117 3245 3362 3319 Μύρμηξ
3397 3251 3687 3306 ἐπικαλου-

2107 3320 2268 3389 μένη,
2291 3325 2389 3376 καὶ
2416 3323 2504 3381 διὰ
2528 3326 2590 3379 τὺ
2615 3328 2858 3385 τοιοῦτον
2889 3332 3062 3404 ὄνομα
3089 3336 3367 3413 ὑποσάλλῃ
3396 3343 3539 3396 κατά
3572 3345 3683 3398 τῶν

2102 3414 2433 3483 πατριωτῶν
2461 3420 2946 3489 μυρμηκολὲοντος
2974 3425 3153 3497 νόημα
3173 3469 3188 3491 ,
3217 3430 3353 3485 ἀλλὰ
3384 3435 3545 3489 τοῦτο
3579 3438 3648 3508 μὲ
3666 3456 3682 3487 ,ι

2101 3502 2220 3570 ἐρεῖ
2234 3520 2316 3567 τις
2343 3504 2531 3576 ἕτερος
2552 3509 2695 3564 κατὰ
2713 3512 2773 3565 τὸ
2792 3519 3107 3588 παρατυχόν
3127 3534 3143 3550 ο
3168 3522 3291 3591 ἐμοὶ
3308 3523 3366 3576 δὲ
3387 3526 3415 3578 ὁ
3438 3502 3683 3598 Μύρμηξ

2101 3593 2265 3666 κώμη
2293 3595 2356 3649 τὸ
2380 3596 2477 3652 τοῦ
2507 3600 2667 3669 ἁγίου
2704 3603 2934 3676 πάτριον
2959 3608 3157 3678 ιδαφος
3184 3615 3267 3677 εἰς
3301 3593 3683 3687 σύμϐολοντὲέ

2102 3685 2277 3742 θειται
2316 3691 2459 3745 πάνυ
2493 3695 2710 3764 σεμνόν.
2736 3699 2890 3752 Δοκῶ
2921 3704 3028 3772 γὰρ
3063 3703 3304 3762 ἐνταῦθα
3326 3685 3682 3781 ὑποφωνοῦν-

2098 3794 2189 3843 τος
2216 3781 2437 3839 ἀκούειν
2460 3787 2633 3857 κάμοὶ
2666 3788 2761 3843 τοῦ
2788 3795 3067 3864 πανσόφου
3104 3798 3451 3868 Σολομῶντος
3470 3823 3482 3835 ·
3512 3821 3533 3855 ι
3571 3806 3680 3861 Ἴθι

2097 3871 2236 3943 πρὸς
2254 3873 2598 3945 τὺνξτοιοῦτον
2612 3882 2900 3955 μύρμηκα,
2922 3880 2967 3940 ὧ
2982 3889 3202 3962 ὀκνηρὲ,
3231 3912 3251 3945 ι
3273 3896 3366 3948 καὶ
3387 3896 3479 3950 τὸν
3498 3900 3678 3953 ἐκεῖσε

2096 3966 2350 4024 Φιλόθεον
2375 3971 2670 4046 ἱστορήσας
2701 3978 2796 4031 καὶ
2821 3978 2921 4049 τὴν
2947 3981 3006 4036 ἐν
3031 3983 3224 4057 ἐκείνῳ
3257 3992 3508 4060 χρυσῖτιν
3535 4010 3678 4065 μυρ-

2099 4061 2327 4132 μηκιὰν,
2376 4064 2676 4134 μετάλλευε
2718 4070 2953 4127 πλοῦτον
2988 4074 3107 4147 Θεῷ
3151 4078 3330 4147 φίλον,
3372 4082 3470 4136 καὶ
3519 4061 3674 4153 γίνου

2097 4154 2435 4225 μακαριστὸς
2463 4155 2704 4229 ἔμπορος
2727 4177 2743 4193 ’
2772 4164 2868 4219 καὶ
2896 4165 3155 4233 συλλέξας
3180 4171 3396 4226 ἐκεῖθεν
3435 4183 3672 4231 πλουτο-

2094 4246 2248 4299 ποιόν
2279 4264 2335 4300 τι
2363 4247 2544 4316 καλὸν,
2586 4252 2821 4308 διαδίδου
2854 4260 2965 4321 τοῖς
2999 4260 3314 4332 χρῄζουσιν,
3347 4267 3408 4320 ού
3445 4284 3670 4341 μυρμη-

2093 4335 2260 4401 κίζων
2281 4338 2350 4393 τὰ
2373 4341 2454 4405 εἰς
2480 4342 2620 4410 ὁδὸν,
2646 4345 2783 4400 ἀλλὰ
2797 4350 2967 4420 ταχὺς
2992 4354 3199 4423 τρέχων
3221 4356 3305 4419 εἰς
3330 4356 3392 4411 τὸ
3416 4335 3670 4417 εύκταϊου

2092 4431 2422 4503 κατάντημα
2459 4437 2572 4500 τοῖς
2612 4440 3079 4512 ἐμπορευομένοις
3117 4448 3185 4503 τὰ
3230 4451 3667 4507 σπουδαιότατα·

404 4515 494 4584 qui
524 4525 710 4570 emunt
739 4517 961 4573 vendas.

2110 4523 2239 4588 Ξπως
2277 4527 2374 4580 καὶ
2401 4527 2566 4592 αὐτὸς
2600 4531 2832 4587 πλοῦτον
2864 4538 3159 4611 κερδήσῃς,
3197 4540 3258 4597 ὃν
3288 4544 3316 4596 ὁ
3344 4544 3549 4612 ἀγαθὸς
3586 4550 3666 4601 oi-

2091 4617 2424 4691 κοδεσπότης
2442 4621 2577 4686 Θεὸς
2610 4624 3036 4698 θησαυρίζεσοαι
3069 4633 3235 4703 φιλεῖ,
3262 4636 3359 4691 καὶ
3389 4639 3504 4703 τοῖς
3532 4639 3667 4709 ἀγο-

2088 4708 2312 4778 ράζουσι
2338 4714 2602 4788 πωλήσῃς
2630 4717 2696 4770 τὰ
2721 4722 3025 4793 πρόσφορα.

477 4782 530 4838 5.
568 4783 638 4836 Ea
672 4784 835 4856 igitur
898 4787 1000 4843 fuit
1055 4789 1349 4858 Philethei,
1380 4793 1487 4850 Deo
1516 4798 1806 4869 carissimi,
1840 4812 1981 4860 terra

2156 4809 2216 4856 ε’.
2252 4806 2361 4859 Καὶ
2393 4782 2621 4880 τοιαύτη
2657 4782 2775 4880 μὲν.
2805 4782 2888 4884 τῷ
2927 4782 3265 4891 όεοφιλτάτῳ
3304 4821 3541 4894 Φιλοθέῳ
3569 4832 3668 4879 καὶ

401 4874 717 4944 patria,suo
736 4876 909 4947 ipsius
932 4881 1147 4937 nomine
1166 4889 1481 4941 memoriam
1513 4906 1779 4948 revocans
1802 4895 1900 4949 zeli
1928 4906 1983 4952 et

2110 4916 2116 4967 ι
2145 4898 2447 4967 πατριῶτις
2472 4899 2568 4969 γῆ,
2595 4874 2828 4973 μνήμων
2856 4874 3005 4976 αύτῷ
3029 4874 3290 4983 γινομένη
3318 4874 3423 4967 τού
3440 4874 3667 4982 tatione-

401 4966 567 5020 stndii
598 4966 742 5022 illius
774 4969 828 5022 in
853 4971 1153 5040 spiritualia
1178 4992 1340 5044 opera
1368 4995 1383 5045 ;
1417 4991 1624 5049 patrem
1657 4994 1837 5041 autem
1863 4989 1982 5059 ejus

2114 5006 2190 5052 ως
2220 4966 2549 5060 ἐργάζεσσαι
2570 4966 2639 5048 τὰ
2661 4966 3052 5066 suauitas-iuet"
3072 4966 3348 5075 γεννήτωρ
3370 4966 3577 5071 δὲίούκ
3597 5008 3666 5063 ἂν

403 5073 563 5112 nemo
584 5058 729 5114 dicet
762 5075 918 5116 suam
944 5065 1260 5123 dedecuisse
1297 5073 1632 5141 progeniem.
1666 5076 1817 5133 Licet
1836 5083 1976 5136 enim

2113 5082 2228 5136 ἵποι
2263 5101 2371 5150 τις,
2401 5084 2476 5149 ὡς
2501 5087 2600 5140 οὐκ
2630 5084 2695 5158 ἦν
2728 5089 2878 5160 αύτῷ
2909 5093 3052 5147 κατὰ
3077 5094 3235 5164 λόγον
3262 5098 3505 5153 τοιούτου
3533 5117 3665 5168 γεν-

399 5149 565 5203 etiam
607 5164 672 5204 ex
700 5166 807 5206 non
850 5154 1006 5210 bonis
1041 5172 1426 5229 nonnunquam
1477 5165 1603 5220 boni
1655 5169 1974 5241 gignuntur,

400 5241 483 5261 124
514 5252 598 5261 ,η
968 5248 983 5261 .
1030 5258 1038 5261 Α
1087 5251 1100 5261 .

2111 5176 2447 5246 ἦματος.Εξ
2491 5180 2599 5248 γάρ
2647 5149 2781 5234 ποτε
2816 5149 2911 5237 καὶ
2956 5186 3015 5250 ὲξ
3047 5149 3161 5241 οὐκ.
3188 5189 3416 5257 ἀγαθῶν
3464 5149 3662 5261 ἀγαθοὶ

399 5241 489 5297 hic
512 5252 693 5298 tamen
726 5260 834 5299 non
867 5248 1219 5317 perlatuisset
1244 5268 1556 5312 accuratam
1591 5260 1833 5319 historia:
1857 5265 1978 5320 dili-

402 5333 672 5354 ,εμ-,εη
1029 5340 1040 5352 .
1164 5341 1194 5354 ..
1263 5344 1272 5354 .
1542 5348 1553 5354 -

2110 5270 2342 5336 >ύονται,
2400 5273 2514 5325 ἀλλ’
2583 5275 2821 5329 ἐνταῦοα
2872 5277 2972 5332 ούκ
3028 5279 3095 5333 ἂν
3143 5280 3354 5335 διέλαϐε
3409 5283 3509 5354 τὴν
3563 5286 3660 5354 τῆς

402 5333 677 5403 ligentiam
714 5346 867 5404 pater
895 5340 1118 5395 omnino
1145 5341 1422 5402 dissimilis
1445 5348 1649 5417 Optimo
1689 5354 1836 5423 filio,
1877 5356 1975 5411 sed

2110 5333 2335 5433 rrop'ag
2380 5364 2669 5435 ἀκρίϐειαν
2736 5368 2918 5439 πατὴρ
2967 5370 3219 5443 ἀνόμοιος
3285 5333 3645 5446 προαπεκϐας

398 5424 451 5477 in
484 5430 792 5495 exemplum
833 5428 1034 5484 factum
1067 5443 1211 5489 esset
1258 5435 1369 5505 ille,
1402 5448 1457 5493 et
1488 5441 1541 5495 in
1583 5448 1971 5502 contumeliam

2119 5424 2376 5524 ῖῴὀίνιὲω
2424 5424 2613 5531 καλῷο
2658 5461 2793 5516 ἀλλὰ
2838 5424 3033 5519 ἔπεσεν
3068 5424 3141 5519 ὲν
3187 5470 3268 5530 εἰς
3311 5424 3660 5541 παράδειγμα

398 5514 686 5587 insignitus
715 5531 863 5576 esset
890 5523 1069 5592 qualis
1094 5526 1308 5595 qualem
1341 5534 1632 5603 genuisset,
1680 5540 1833 5607 spina
1866 5541 1976 5594 sci-

398 5606 460 5628 ..-
487 5618 516 5628 ν.
589 5626 609 5628 _
826 5615 837 5628 .

2154 5514 2166 5524 .
2545 5514 2557 5531 .
2766 5514 2790 5516 η
2843 5514 3025 5519 ---ν-η
3075 5514 3132 5519 π·
3189 5514 3263 5530 "is
3318 5514 3660 5541 --ν-ῖ-τν-νιςην·

2110 5549 2176 5599 rati.
2225 5548 2456 5615 ἐκεῖνος,
2512 5553 2608 5605 καὶ
2654 5556 3079 5627 παρεσημὼιθη,
3123 5561 3305 5623 ὁποῖος
3350 5562 3516 5625 αὐτὸς
3560 5562 3660 5628 ὢν,

396 5606 523 5664 licet
588 5626 789 5680 rosam,
824 5615 1184 5688 hyosryamus
1234 5638 1573 5697 attentionem,
1635 5632 1801 5687 bestia
1857 5634 1969 5689 fcra

2414 5606 2456 5615 ν’
2740 5606 2749 5624 ι
2812 5606 3079 5627 ⁷“ο[*””·ι1
3127 5606 3301 5623 ν---νντ
3351 5606 3512 5625 *ν’-*τ
3562 5606 3656 5628 ""3

2113 5643 2263 5694 ποῖον
2302 5641 2589 5710 ἀπέτεκεν,
2628 5645 2836 5699 ἄκανθα
2874 5648 3071 5722 δηὶαδὴ
3116 5652 3305 5719 (δίδον,
3344 5653 3656 5725 ὑοσκύαμος

470 5789 489 5821 ³
515 5788 672 5847 Prov.
699 5811 778 5863 vr,
810 5796 866 5853 6.
