4084 6448
462 386 560 449 145

1341 444 1345 449 .
1376 388 1771 450 LAUDATIO
1812 388 1876 450 S.
1898 387 2330 450 PHILOTHEI
2369 390 2787 453 OPSlCIANl.

3600 394 3732 458 Ῑείίὶκ

453 500 762 571 ἀνεμώνην,
791 500 898 573 θήρ
924 502 1113 574 άγριος
1140 502 1425 574 ἄνθρωπον
1449 503 1654 576 ίλαρὸν,
1671 501 1769 571 νὺξ
1791 505 2023 587 ἡμέραν,

2131 506 2403 562 hominem
2434 509 2644 577 mitem,
2674 523 2784 563 nox
2808 506 3045 574 diem,'et
3065 509 3111 565 si
3132 490 3247 579 'qua
3283 523 3370 566 res
3403 510 3507 567 alia
3534 526 3697 583 prava

452 593 545 645 zeal
569 591 623 644 εί
647 609 701 645 τι
730 594 975 649 τοιοῦτον
1007 595 1207 665 σεμνὸν
1227 596 1528 652 ἀντίθετον.

522 689 598 747 ς’.
641 683 757 739 Νῦν
790 685 852 739 δὲ
883 685 917 756 ἡ
962 686 1063 757 τῆς
1096 687 1334 751 παλαιᾶς
1387 688 1630 760 ἱστορίας
1659 688 2027 761 ἐπιδρομάδην

451 774 741 841 ἔπέλευσις
782 778 1223 849 άποσιωπήσασα
1270 781 1364 835 τὸν
1408 781 1645 851 πατέρα,
1698 783 1837 836 νοεῖν
1893 782 2026 850 ἡμῖν

451 870 665 939 ἀφῆκεν
696 870 762 924 ἐκ
790 860 901 939 ei}?
920 869 1331 942 γεννησαμένης
1363 869 1569 943 μητρὸς
1597 871 1690 923 zeal
1716 870 1809 924 τδν
1835 870 2042 941 ἄνδρα.“

452 960 609 1031 Καλὴ
647 961 757 1031 γάρ
790 963 849 1014 ὲν
877 961 1125 1029 γυναιξὶν
1159 962 1376 1032 ἐκείνη.
1422 962 1517 1016 zeal
1550 962 1740 1016 ὁποίαν
1776 961 2029 1016 διατυποί

452 1047 725 1117 Σολομῶν,
762 1049 820 1101 ἐν
844 1045 925 1112 οἷς
957 1049 1057 1118 τὴν
1082 1050 1336 1120 ἀνδρείαν
1369 1052 1602 1120 γυναῖκα
1626 1050 2023 1123 διαζωγραφεῖ.

453 1138 665 1202 temo;
700 1139 800 1208 μὲν
838 1136 932 1194 οὖν
962 1141 1132 1210 αὐτῆς
1158 1142 1447 1214 ἱστορῆσαι
1481 1145 1578 1197 καὶ
1610 1142 1898 1214 δεξιότητα
1925 1142 2024 1214 τὴν

449 1231 532 1291 εὶς
579 1230 738 1299 ἔργα,
778 1231 1161 1301 οῖκωφέλειαν,
1214 1235 1310 1287 καὶ
1354 1235 1417 1288 τὸ
1464 1235 1772 1308 φίλανδρον,
1818 1236 1923 1290 καὶ.
1962 1235 2024 1289 τὸ

450 1320 743 1375 ἀκόλουθον
778 1322 1021 1393 σῶφρον,
1055 1326 1150 1379 καὶ
1176 1327 1279 1380 ὅσα
1315 1326 1480 1398 ἔτερα
1508 1332 1748 1396 γυναῖκα
1785 1328 2023 1398 κοσμίαν

446 1415 765 1485 ἀπαρτίζει,
793 1415 1002 1472 πλατὺν
1029 1419 1095 1474 ἂν
1117 1420 1438 1476 διαπετάσοι
1460 1421 1640 1492 λόγον,
1657 1423 2024 1477 ἁποκναίοντα

446 1508 548 1577 τὴν
585 1507 885 1578 ἀκρόασιν·
929 1512 1090 1582 ἀρκεῖ
1127 1512 1185 1566 δέ
1232 1528 1345 1582 μοι,
1375 1514 1446 1568 τὰ
1493 1514 1672 1569 πάντα
1712 1515 2025 1586 κεφαλαιώ-

448 1598 671 1665 σασθαι,
695 1600 905 1655 εἰπόντι
935 1604 1415 1673 συνεπτυγμένως,
1432 1604 1515 1658 δτι
1542 1605 1745 1668 πάντα,
1774 1605 1877 1658 ὅσα
1901 1604 2021 1676 Θεῷ

448 1690 616 1759 φίλα,
650 1693 1098 1764 προεχειρίζετοθ
1133 1697 1227 1749 καὶ
1257 1691 1325 1766 ἦν
1358 1696 1547 1767 τρόπῳ
1579 1696 1811 1769 τοιούτῳ
1837 1697 2024 1769 φιλερ·

445 1784 567 1851 γδς,
588 1784 788 1838 ταύτὸν
807 1784 865 1837 δὲ
890 1784 1077 1855 φάναι,
1100 1786 1462 1860 ἁγαθουργός.
1502 1789 1745 1859 Ἀμέλει,
1767 1793 1862 1844 καὶ
1880 1792 2022 1846 κατά

2132 594 2213 650 rei
2248 594 2488 651 honestae
2520 597 2722 667 opponi
2756 605 2953 664 potest.

2200 685 2253 740 θ.
2272 684 2429 742 Nunc
2448 701 2576 743 vero
2600 688 2837 758 antiquae
2860 687 3106 744 historiae
3131 690 3411 747 succincta
3434 694 3699 758 narratio,

2131 788 2253 842 qua
2274 776 2343 828 de
2374 784 2528 844 patre
2554 775 2802 842 obticuit,
2840 776 2999 833 nobis
3029 793 3098 833 ex
3121 789 3292 834 matre
3313 782 3488 835 virum
3518 782 3694 852 ipsum

2131 864 2557 932 dignoscendum
2586 865 2827 935 reliquit.
2856 866 3087 922 Pulchra
3110 869 3259 924 enim
3284 869 3374 925 illa
3403 871 3546 927 inter
3577 888 3699 927 mu-

2132 955 2314 1020 lieres,
2347 966 2401 1011 et
2419 955 2631 1026 qualem
2671 958 2912 1027 depingit
2959 958 3239 1027 Salomon,
3268 961 3551 1018 mulierem
3590 965 3701 1021 for-

2133 1056 2241 1102 tem
2271 1047 2610 1103 describens.
2641 1047 3106 1105 Pulchritudinem
3149 1060 3329 1107 autem
3377 1053 3519 1110 illius
3566 1070 3698 1110 nar-

2130 1136 2296 1201 ranti,
2330 1145 2386 1193 et
2430 1137 2709 1192 solertiam
2755 1139 2811 1193 in
2843 1140 3125 1209 operibus,
3181 1138 3547 1210 frugalitatem
3600 1147 3719 1201 toti-

2128 1231 2348 1287 !amilia:
2383 1231 2595 1297 utilem,
2635 1244 2875 1288 amorem
2906 1247 3032 1303 erga
3059 1234 3238 1288 virum
3268 1245 3326 1289 et
3351 1252 3695 1307 consequen-

2137 1333 2244 1380 tem
2306 1325 2722 1393 temperantiam
2787 1325 2908 1381 fuse
2957 1326 3172 1397 lateque
3210 1337 3361 1383 esset
3398 1331 3705 1398 promenda

2127 1415 2324 1483 oratio,
2356 1415 2625 1487 taedioque
2679 1415 2946 1472 alliciendi
2995 1416 3295 1473 audientes.
3338 1417 3487 1476 Satis
3515 1429 3694 1475 autem

2123 1504 2258 1560 mibi
2296 1513 2380 1562 est
2408 1506 2454 1560 si
2501 1515 2694 1561 cuneta
2725 1506 3039 1561 summatim
3069 1514 3317 1576 repetam
3349 1516 3405 1564 et
3459 1510 3698 1567 breviter

2127 1598 2304 1653 dicam
2334 1611 2671 1668 quacunque
2697 1597 2811 1654 Deo
2834 1609 2985 1669 grata
3017 1608 3144 1654 sunt
3169 1599 3319 1654 illam
3358 1601 3691 1659 exhibuisse.

2126 1687 2256 1743 Erat
2295 1688 2461 1759 igitur
2496 1702 2685 1746 amans
2706 1691 2906 1759 operis,
2942 1698 3112 1746 autut
3145 1691 3289 1746 idem
3322 1692 3518 1757 dicam,
3553 1695 3692 1750 bona

2125 1794 2377 1849 operans.
2411 1778 2554 1835 Sane
2581 1782 2739 1851 quasi
2799 1781 3059 1837 divinitus
3111 1786 3218 1838 tale
3249 1782 3558 1839 obtinuerat
3595 1799 3699 1839 no-

444 1892 502 1927 τι
534 1874 676 1929 θεῖον
704 1877 967 1947 τοιαύτην
993 1877 1151 1948 ἔλαχε
1184 1879 1396 1950 κλῆσιν.
1421 1880 1689 1964 Θεοφίλαν
1713 1882 1824 1952 γὰρ
1858 1883 1908 1936 oi
1935 1900 2023 1937 τε·

2127 1885 2271 1927 men.
2301 1870 2658 1940 Tbeopbilam
2690 1872 2835 1927 enim
2878 1881 3136 1943 parentes
3164 1874 3285 1944 ejus
3333 1874 3505 1944 ipsam
3530 1890 3695 1933 voea-

447 1967 638 2031 κόντες
662 1969 837 2040 αὐτὴν
858 1968 1173 2040 ὠνόμασαν,
1198 1972 1519 2042 μεταδόντες
1537 1974 1604 2044 τῇ
1631 1973 1867 2047 θυγατρὶ
1884 1975 2023 2039 τέως

449 2059 552 2126 μὶν
582 2058 843 2131 ὀνόματος
876 2060 1194 2134 προσφυοῦς
1224 2064 1439 2128 αὐτοῖς,
1466 2065 1525 2131 ἐξ
1562 2058 1639 2123 ὧν
1669 2067 2019 2138 εἰργάζοντοο

447 2151 676 2223 ὕστερον
710 2153 769 2207 δέ
809 2156 905 2208 zeal
939 2155 1226 2226 πράγματι
1257 2156 1336 2226 τῷ
1370 2158 1430 2222 ἐξ
1466 2159 1640 2230 αὐτῆς
1681 2159 1742 2213 τὸ
1776 2161 2023 2217 τοιοῦτον

446 2242 950 2312 ἑπισφραγίσαντες
997 2245 1204 2312 ὄνομα,
1245 2242 1326 2311 οἷς
1370 2247 1472 2316 τὴν
1520 2248 1688 2303 παῖδα
1731 2250 2023 2322 τρέφοντες

448 2334 716 2402 θεοφιλῶς
761 2335 1132 2401 ἐξεπαίδευον.
1191 2336 1435 2413 Τοιαύτη
1491 2340 1557 2397 δὴ
1608 2343 1942 2412 ἐκτραφεῖσα
1987 2344 2023 2415 ἡ

451 2431 597 2500 μήτη
604 2446 658 2499 ρ,
680 2430 775 2485 καὶ
788 2431 865 2495 ὡς
878 2431 1000 2502 Θεῷ
1017 2432 1168 2501 φίλον
1183 2433 1617 2508 διεσκευασμένη
1638 2438 1759 2501 ταῖς
1779 2439 2019 2509 ἀρεταῖς,

447 2520 546 2572 zeal
583 2523 674 2574 τὸν
704 2521 801 2575 τοῦ
833 2523 969 2577 Θεοῦ
1003 2525 1170 2594 φόϐον
1203 2526 1263 2580 ἐν
1300 2528 1500 2598 γαστρὶ
1529 2528 1791 2595 λαϐοῦσα,
1825 2530 2024 2601 πρότε-

449 2624 545 2676 ρον
593 2609 657 2662 ἐκ
688 2609 1077 2666 διδασκαλικοῦ
1125 2613 1352 2685 σπόρου,
1379 2611 1500 2669 εἶτα
1546 2618 1642 2670 καὶ
1683 2617 2020 2690 ὠδινήσασα,

443 2692 529 2760 οἷς
584 2699 827 2753 ἐπονεῖτο
887 2700 1027 2755 κατά
1085 2703 1450 2773 ἐγκράτειαν,
1507 2704 1599 2757 καὶ
1663 2706 1760 2759 ἐπὶ
1805 2705 2023 2768 τούτοις

444 2786 681 2842 τεκοῦσα
728 2788 948 2859 πνεῦμα
973 2791 1278 2862 σωτηρίας,
1322 2793 1419 2846 καὶ
1465 2792 1643 2858 ἄλλως
1691 2794 1748 2848 δὲ
1805 2794 2024 2864 φύσεως

444 2879 737 2953 ἀκολουθίᾳ
758 2881 925 2935 παῖδα
954 2879 1333 2956 συλλαϐομὲνη
1365 2885 1427 2940 ἐν
1454 2890 1658 2957 γαστρὶ
1692 2886 1880 2958 ἐκείνη
1917 2905 2022 2943 κα-

443 2970 782 3043 θηγνισμένη
806 2976 1215 3042 πνευματικῶς,
1245 2977 1569 3047 προήγαγεν
1590 2978 1901 3043 ἀκολούθως
1928 2980 2023 3033 καὶ

443 3062 681 3129 παιδίον,
715 3064 995 3135 Πνεύματι
1027 3067 1171 3139 ἁγίῳ
1202 3069 1413 3138 πρέπον
1453 3070 1533 3133 είς
1581 3070 1878 3141 ἐνοίκησιν.
1931 3072 2024 3126 Διὸ

443 3154 741 3223 προσφυῶς
761 3157 856 3210 καὶ
873 3157 1006 3211 αὐτὸ
1019 3158 1268 3214 Φιλόθεον
1289 3162 1693 3232 παρωνόμασεν
1709 3163 1770 3227 ἐξ
1789 3163 2020 3233 ἑαυτῆς,

444 3245 702 3300 ἐντεῦθεν
725 3247 1009 3319 ἀρξαμένη
1042 3250 1138 3306 τὸν
1176 3252 1490 3323 καθήκοντα
1522 3255 1791 3326 μητρόθεν
1819 3257 2020 3327 κλῆρον

442 3338 752 3393 ἀποδιδόναι
775 3341 855 3409 τῷ
890 3342 1014 3413 υίῷ,
1041 3342 1129 3397 ινα
1147 3344 1245 3398 τοῦ
1270 3344 1415 3399 κατά
1435 3345 1539 3415 γῆς
1566 3346 1756 3418 1«ἕρπειν
1775 3347 2027 3421 ἀνασφή-

442 3430 565 3495 λας,
582 3433 674 3485 καὶ
697 3432 797 3503 τὴν
822 3435 1170 3507 ἀνθρωπίνην
1198 3437 1478 3491 διάλεκτον
1510 3439 1888 3509 κατορθώσας,
1921 3442 2019 3496 καὶ

444 3525 630 3590 γνοὺς,
668 3525 783 3579 οἴου
828 3527 1149 3598 μετείληχεν
1195 3528 1442 3583 ἐκποδῶν
1493 3529 1776 3601 ὀνόματος,
1814 3533 2020 3608 άποξέῃ

444 3615 784 3686 φερωνύμως
803 3617 901 3670 τὸν
920 3618 1149 3688 φυσικὸν
1170 3619 1461 3691 ἀνδριάντα
1489 3621 1625 3692 πρὶς
1648 3621 1709 3675 τὸ
1725 3621 2021 3696 θειότερον,

442 3706 760 3775 αἰδούμενος
802 3708 978 3779 ὄνομα
1021 3709 1173 3764 οὕτω
1214 3711 1380 3765 καλὸν
1423 3713 1521 3767 καὶ
1577 3713 1722 3766 θεῖον
1767 3714 2024 3788 ἀχρειοῦν

445 3799 747 3869 φαυλότητι
771 3801 1046 3870 πράξεων.

541 3890 605 3953 ζ’.
641 3891 750 3945 Kal
775 3894 957 3946 τοίνυν
986 3894 1089 3947 οὐκ
1123 3895 1407 3949 ἐνέλειπεν
1442 3896 1706 3967 ἐξομοιῶν
1737 3900 1802 3970 τῇ
1835 3899 2023 3971 κλήσει

443 3982 548 4051 τὴν
577 3982 798 4052 πρᾶξιν,
825 3985 917 4038 καὶ
933 3985 1189 4039 σπεύδων
1212 3986 1491 4058 θειότητος
1526 3985 1666 4044 εἶναι
1694 3991 1817 4044 κατ’
1835 3989 2020 4061 ἄμφω,

443 4072 546 4126 καὶ
567 4073 756 4144 ὥσπερ
785 4075 1043 4147 ὀνόματι,
1075 4076 1220 4131 οὕτω
1259 4080 1354 4134 καὶ
1388 4079 1682 4150 πράγματι
1722 4080 2027 4151 φιλοσοφῶν

444 4162 549 4229 τὴν
592 4164 864 4234 θειότητα.
907 4168 1003 4221 καὶ
1047 4168 1493 4240 ἐπιγραφόμενος
1539 4168 1716 4235 οὕτως
1758 4172 1837 4235 είς
1870 4171 2023 4227 θείαν

444 4253 654 4321 εἰκόνα,
706 4258 801 4310 zeal
835 4259 955 4326 Θεῷ
982 4259 1064 4322 είς
1106 4259 1169 4313 τὸ
1201 4261 1313 4314 πᾶν
1363 4261 1755 4332 ἀνακείμενος*
1790 4255 1853 4316 οῦ
1887 4262 2024 4332 πρὸς

448 4347 685 4417 μίμησιν
716 4349 1123 4420 ἀνωφορεῖσθαι
1156 4351 1348 4418 θέλων,
1380 4355 1478 4407 καὶ
1507 4353 1602 4406 τδν
1628 4355 1783 4408 κάτω
1808 4355 2026 4426 ὑπερα-

444 4437 726 4493 ναϐαίνειν
767 4441 1092 4511 ἄνθρωπον,
1142 4442 1239 4496 καὶ
1278 4443 1530 4514 οὐράνιος
1575 4440 1717 4499 εἶναι
1761 4440 1876 4515 εῐχε
1925 4445 2026 4517 μὲν

2124 1972 2341 2030 verunt,
2376 1963 2498 2019 illia:
2530 1966 2763 2033 primum
2796 1978 2993 2019 nomen
3027 1967 3371 2036 inponentes
3395 1981 3695 2038 congruum

2123 2054 2380 2126 operibus
2407 2056 2604 2126 quibus
2633 2055 2739 2126 ipsi
2786 2055 2957 2112 dediti
2988 2066 3167 2125 erant,
3206 2058 3407 2114 deinde
3436 2072 3569 2115 vero
3599 2074 3694 2116 eo-

2124 2148 2246 2203 dem
2282 2148 2636 2219 iusignientes
2669 2150 2906 2219 nomine,
2932 2153 3002 2207 ob
3033 2153 3259 2222 propria
3288 2152 3458 2221 ipsius
3494 2168 3699 2224 opera,

2125 2239 2271 2295 illam
2303 2256 2333 2295 a
2365 2256 2424 2296 se
2462 2241 2547 2309 pie
2568 2243 2874 2298 educatam.
2903 2241 3077 2298 Porro
3111 2244 3191 2299 sic
3225 2243 3475 2300 instituta
3498 2256 3693 2310 mater,

2125 2338 2310 2401 atque,
2338 2342 2395 2385 ut
2422 2332 2535 2387 Deo
2574 2333 2776 2402 placet,
2820 2334 3083 2388 adornata
3119 2334 3429 2402 virtutibus,
3459 2336 3693 2407 primum

2125 2430 2391 2492 concepto
2407 2422 2501 2479 Dei
2522 2423 2717 2481 timore
2738 2440 2802 2481 ex
2822 2425 3082 2480 doctrinas
3101 2427 3329 2491 semine,
3352 2427 3546 2483 deinde
3569 2441 3703 2483 cum

2125 2513 2473 2570 continentiae
2507 2514 2697 2573 labore
2725 2517 2983 2587 parturiit
3012 2528 3066 2573 et
3099 2517 3179 2572 sic
3205 2517 3460 2586 spiritum
3504 2518 3707 2574 salutis

2127 2605 2357 2676 peperit.
2438 2606 2706 2663 Praeterea
2741 2618 2950 2664 natura:
3005 2608 3216 2676 legibus
3246 2609 3412 2663 lilium
3447 2610 3706 2678 concepit

2126 2697 2181 2752 in
2237 2706 2417 2767 utero,
2448 2698 2803 2768 spiritualiter
2853 2698 3159 2769 puriﬁcata,
3205 2699 3436 2769 ideoque
3487 2701 3697 2772 peperit

2126 2788 2409 2857 infantem,
2442 2790 2494 2845 in
2523 2806 2631 2862 quo
2662 2789 2905 2862 Spiritus
2938 2800 3162 2848 sanctus
3184 2794 3574 2849 convenienter
3605 2793 3709 2861 ing--

2126 2880 2424 2937 habitaret.
2452 2881 2663 2938 idcirco
2688 2892 2743 2938 et
2779 2882 2959 2952 ipsum
2991 2897 3090 2939 suo
3116 2883 3288 2953 ipsius
3323 2884 3537 2940 nomine
3565 2885 3701 2941 Phi.

2126 2972 2368 3029 letbeum
2410 2982 2536 3045 apte
2567 2974 2801 3041 vocavit,
2841 2975 2971 3031 hinc
3011 2974 3278 3046 incipiens
3320 2977 3603 3033 decentem
3627 2991 3695 3034 ex

2123 3075 2299 3120 matre
2328 3066 2693 3122 baereditatem
2719 3067 2855 3123 dare
2906 3066 3039 3133 lilio,
3075 3076 3134 3122 ut
3161 3082 3282 3123 cum
3303 3068 3415 3137 jam
3438 3068 3586 3123 humi
3613 3084 3697 3125 re-

2122 3171 2254 3228 pere
2313 3157 2601 3224 desiisset,
2658 3160 3033 3230 humanasque
3080 3173 3239 3216 voces
3278 3160 3505 3217 reddere
3544 3161 3697 3218 ince-

2122 3249 2377 3321 pisset,et
2396 3251 2738 3320 cognovisset
2756 3250 2915 3321 quale
2931 3251 3156 3308 sortitus
3170 3261 3317 3309 esset
3339 3251 3450 3323 jam
3474 3267 3699 3320 nomen,

2120 3341 2466 3411 exspoliaret,
2503 3352 2561 3397 ut
2592 3357 2786 3397 nmnen
2809 3342 3055 3407 decebat,
3087 3343 3383 3398 naturalem
3407 3343 3692 3413 imaginem

2123 3432 2562 3506 divinioremque
2603 3434 2874 3499 indueret,
2900 3434 3111 3490 veritus
3158 3450 3227 3491 ne
3267 3443 3376 3490 tam
3405 3436 3699 3507 pulchrum

2120 3535 2179 3580 et
2233 3525 2474 3581 divinum
2546 3537 2749 3580 nomen
2822 3534 3199 3594 corrumperet
3263 3523 3505 3594 nequitia
3565 3539 3699 3589 ope-

2123 3632 2266 3674 rum.

2195 3882 2249 3937 7.
2290 3880 2408 3935 Non
2441 3882 2673 3937 cessavit
2696 3884 2860 3950 Igitur
2891 3879 3095 3935 nomini
3119 3877 3263 3935 facta
3299 3877 3613 3951 adat-quare,
3638 3888 3696 3936 ct

2124 3976 2259 4032 eniti
2304 3983 2364 4030 ut
2409 3988 2509 4045 per
2531 3983 2767 4044 utraque
2801 3973 2894 4028 Dei
2940 3980 3105 4038 esset,
3155 3982 3210 4027 et
3235 3974 3690 4042 quernadmodum

2127 4067 2369 4134 nomine,
2405 4066 2479 4122 ita
2508 4066 2671 4123 etiam
2699 4078 2865 4136 opere
2893 4064 3063 4120 Deum
3092 4075 3321 4132 amaret,
3358 4063 3599 4120 divinam
3641 4066 3696 4120 in

2128 4174 2188 4215 se
2215 4157 2510 4214 eilormans
2557 4157 2847 4226 imaginem
2897 4166 2954 4212 e-t
3003 4156 3228 4212 omnino
3274 4154 3384 4210 Deo
3426 4155 3697 4222 devotus;

2127 4252 2288 4322 cujus
2312 4249 2385 4305 ad
2411 4248 2772 4304 imitationem
2805 4263 2865 4303 se
2894 4248 3128 4319 erigere,
3157 4254 3213 4302 et
3249 4246 3564 4304 inferiorem
3602 4248 3697 4302 bo-

2128 4342 2329 4397 minem
2355 4352 2636 4408 superare,
2662 4336 3008 4406 cmlestisQue
3037 4336 3179 4400 ﬁeri,
3210 4336 3438 4406 cupiens
3482 4337 3585 4393 hoc
3615 4352 3699 4392 re.

2126 4448 2257 4489 vera
2293 4439 2582 4488 assecutus
2620 4436 2725 4496 est,
2759 4437 2814 4485 et
2842 4427 3311 4497 contemplatione
3344 4427 3554 4496 privata
3581 4443 3698 4484 om-

445 4531 603 4596 αὐτὸ,
641 4535 736 4586 zeal
761 4532 851 4587 διὰ
882 4534 1117 4605 θεωρίας
1146 4534 1254 4606 ἰδίᾳ
1276 4551 1354 4601 τε,
1389 4537 1573 4590 πᾶσαν
1601 4536 1917 4608 άγαθότητα
1940 4555 2022 4590 τι·
2046 4544 2105 4607 Ῑ)
2127 4539 2252 4585 Mm
2281 4523 2599 4585 υοηίιθῑθῐπν
2628 4528 2885 4589 tanquam
2941 4518 3067 4585 me],
3117 4519 3235 4588 aris
3279 4517 3474 4584 “mare
3530 4519 3698 4574 0036’

448 4622 771 4678 θαιϐὡσαων
815 4624 975 4695 δίκην
1031 4625 1316 4697 μελίσσης,
1374 4626 1470 4680 καὶ
1520 4627 1608 4680 διὰ
1660 4628 1921 4698 συνεχοῦς
1966 4627 2025 4681 δέ

452 4714 745 4786 μαθήσεως
779 4716 878 4769 καὶ
907 4716 1269 4784 ἀναγνώσεως
1312 4717 1772 4788 κειμηλιούμενος
1819 4717 2023 4789 ἀρετὴν

447 4806 692 4862 ἃπασαν.
723 4807 839 4862 Οὐκ
867 4807 1031 4879 ἔφερε
1062 4808 1195 4878 γὰρ,
1231 4808 1307 4879 μὴ
1342 4808 1516 4879 συχνὰ
1541 4812 1664 4873 ταῖς
1689 4809 1861 4879 ἱεραῖς
1882 4809 2026 4877 Γρα-

448 4899 577 4967 φαῖς
615 4897 980 4965 ἐντρίϐεσθαι,
1014 4898 1111 4951 καὶ
1151 4898 1464 4969 ἀδολεσχεῖν
1498 4900 1557 4953 ἐν
1594 4902 1706 4964 τοῖς
1745 4900 1839 4954 τοῦ
1886 4900 2023 4954 Θεοῦ

445 4986 801 5058 δικαιώμασι,
830 4987 903 5041 τὰ
923 4988 1098 5042 πολλὰ
1115 4986 1211 5041 καὶ
1236 4988 1319 5052 είς
1342 4990 1403 5042 τὸ
1440 4989 1623 5044 κοινὸν
1647 4989 1899 5059 θαμίζων
1924 4990 2024 5061 τῆς

444 5080 651 5153 ἀρετῆς
684 5080 1079 5147 διδασκαλεῖον,
1115 5082 1210 5136 καὶ
1238 5083 1358 5144 ταῖς
1392 5080 1604 5151 ἐθίμοις
1629 5080 1741 5135 τῶν
1777 5083 2025 5152 πανηγύ-

450 5189 593 5242 ρεων
621 5173 1035 5242 συγγινόμενος,
1061 5175 1156 5227 καὶ
1174 5176 1296 5237 ταῖς
1324 5175 1442 5227 ἐκεῖ
1466 5174 1816 5236 πανδαισίαις
1839 5177 2026 5245 ἐντρυ-

445 5265 563 5333 φῶν
586 5266 728 5318 κατὰ
751 5264 969 5336 πνεῦμα
998 5267 1077 5327 είς
1103 5267 1288 5336 κόρον,
1322 5267 1417 5318 καὶ
1456 5265 1524 5319 τὰ
1558 5265 1659 5335 μὲν
1682 5264 2024 5336 σιτιζόμενος

446 5357 634 5422 αὐτὸς,
660 5356 727 5410 τά
752 5356 812 5408 δέ
836 5357 933 5409 καὶ
958 5356 1168 5426 ἑτέροις
1198 5355 1639 5425 ἁποφερόμενος,
1671 5355 1815 5409 καθά
1843 5357 1938 5411 καὶ
1966 5357 2027 5409 ἐν

445 5448 776 5519 εὐαγγελικῇ
795 5447 1011 5517 σπυρίδι
1043 5448 1520 5518 περισσευμάτων,
1552 5446 1701 5517 άπερ
1727 5448 1756 5500 ὁ
1780 5446 1911 5509 Θεὸς
1941 5446 2030 5498 εύ-

444 5533 1161 5602 λογεῖ.“Συνεπελαμϐάνετο
1186 5537 1243 5589 δὲ
1277 5537 1356 5597 είς
1387 5535 1550 5589 πλέον
1577 5534 1733 5605 αύτῷ
1757 5534 1853 5588 τοῦ
1876 5534 2020 5588 κατὰ

446 5625 700 5693 θεωρίαν,
719 5623 796 5685 ὡς
818 5624 1043 5693 ἐρρέθη,
1062 5625 1373 5693 φιλοσοφεῖν
1396 5624 1492 5678 καὶ
1515 5624 1815 5693 ἀνάγεσθαι
1836 5624 1916 5687 είς
1934 5623 2025 5677 τὸν

448 5712 736 5781 ἰ’ψιστοιι,
768 5713 862 5766 καὶ
899 5712 961 5765 τὸ
1000 5714 1334 5785 εὐεπήϐολον
1379 5715 1717 5787 ἔμπρακτον,
1752 5710 1815 5769 οὗ
1865 5715 2028 5784 μέρος

446 5805 670 5875 εὐεργὸν
696 5808 790 5860 καὶ
813 5806 874 5859 τὸ
894 5805 990 5874 τῆς
1024 5806 1260 5876 γαστρὸς
1290 5807 1579 5865 ὑπόκενον.
1604 5806 1906 5873 Ἐξαντλῶν
1922 5806 2027 5874 γὰρ

2124 4619 2301 4684 ciens,
2332 4624 2611 4671 ettomnes
2640 4613 2871 4668 virtutes
2915 4612 3130 4667 assidua
3161 4608 3394 4664 lectione
3421 4619 3476 4665 et
3503 4612 3689 4666 studio

2125 4708 2231 4765 sibi
2279 4717 2625 4776 comparans.
2677 4701 2792 4757 Non
2832 4702 3007 4773 potuit
3052 4700 3182 4770 quin
3217 4699 3441 4757 assidue
3496 4702 3564 4755 ad
3611 4715 3696 4757 sa-

2124 4817 2249 4859 cras
2278 4799 2616 4855 incumberet
2651 4795 2962 4864 Scripturas
2992 4802 3048 4847 et
3069 4791 3427 4848 meditaretur
3460 4793 3514 4848 in
3533 4793 3697 4862 justi-

2125 4891 2476 4949 ﬁcatiunibus
2536 4885 2769 4942 Domini.
2826 4883 3161 4954 Frequenter
3213 4884 3694 4940 ad.communem

2123 4984 2345 5039 virtutis
2396 4976 2755 5036 conveniebat
2791 4975 3033 5031 scholam
3074 4976 3462 5047 consuetisque
3505 4976 3705 5033 aderat

2127 5075 2384 5139 cratibus,
2411 5081 2468 5128 et
2495 5072 2552 5127 in
2592 5069 2758 5124 lautis
2782 5067 2890 5123 illis
2919 5067 3188 5124 conviviis
3215 5068 3575 5138 spiritualiter
3598 5069 3697 5125 ub-

2126 5165 2361 5221 leetabat
2415 5177 2475 5219 se
2515 5161 2583 5216 ad
2626 5163 2966 5224 satietatem,
2994 5160 3381 5229 sagirratusque
3417 5159 3534 5229 ipse
3566 5158 3696 5214 hinc

2127 5259 2196 5313 ad
2227 5257 2365 5312 alios
2385 5254 2684 5318 deferebat,
2709 5250 2862 5322 quasi
2892 5251 2947 5305 in
2988 5249 3295 5322 evangeliea
3316 5260 3503 5320 sporta
3525 5250 3700 5307 abun-

2127 5350 2466 5416 dantiarum,
2496 5361 2620 5417 quae
2647 5344 2795 5399 Deus
2828 5342 3123 5399 benedieit.
3148 5341 3388 5413 Contigit
3414 5350 3592 5398 autem
3622 5343 3700 5410 ei,

2130 5451 2187 5497 ut
2211 5442 2264 5498 in
2292 5441 2415 5497 dies
2432 5440 2498 5494 ad
2524 5439 2818 5506 theoriam,
2856 5439 2934 5495 uti
2964 5435 3220 5501 diximus,
3253 5433 3425 5504 magis
3451 5433 3696 5504 philoso-

2129 5532 2410 5602 pharetur,
2443 5538 2499 5584 et
2530 5542 2650 5583 sese
2679 5529 2915 5599 erigeret
2954 5528 3021 5583 ad
3050 5527 3391 5581 Altissimum
3419 5534 3478 5578 et
3513 5525 3579 5579 ad
3630 5523 3697 5578 il-

2130 5623 2237 5678 lam
2280 5621 2495 5677 lcliccm
2523 5623 2881 5685 activitatem,
2920 5636 3066 5689 quae,
3110 5629 3297 5672 ventre
3328 5617 3594 5687 neglecto,
3631 5616 3696 5671 ad

2130 5715 2385 5768 virtutem
2424 5714 2611 5769 tendit.
2641 5712 2985 5767 Exlrauricns
3011 5710 3157 5764 enim
3203 5723 3417 5777 semper
3452 5720 3547 5760 vas
3576 5719 3697 5759 cora

2133 5807 2277 5875 poris
2309 5806 2563 5861 erunibus
2611 5803 2899 5876 superﬂuis
2935 5801 3280 5867 humoribus,
3325 5807 3380 5854 et
3414 5799 3487 5855 ita
3523 5806 3697 5850 terre.
