4084 6430
425 361 527 426 147

1168 355 1583 419 EUSI‘ATIIII
1624 351 2380 414 TIIESSALONICENSIS
2421 348 2981 412 ΜΕΤΒΟΡΟΙᾸΤᾹΞ

3547 349 3640 419 148

427 493 557 534 num
606 473 818 544 pondus
876 443 1140 526 alterans‘
1167 467 1412 539 jejuniis,
1456 465 1760 520 enitebatur
1795 473 1995 518 terram

2114 461 2183 514 ιεὶ
2213 462 2309 516 τοῦ
2341 461 2480 514 κατά
2502 461 2662 531 σῶμα
2694 461 2990 531 κεραμείου
3009 459 3138 525 πᾶν,
3167 457 3287 512 ὅσον
3318 458 3528 529 ἔνικμον
3556 467 3643 515 καὶ

432 585 582 626 more
613 565 789 634 angeli
830 574 885 620 et
907 563 1061 634 juxta
1084 558 1360 624 Evangelii
1395 554 1710 626 praescripta
1743 565 1992 610 transvo-

428 665 567 726 lare,
595 661 872 728 indignum
904 656 1081 724 seipso
1107 653 1362 724 judicans
1384 649 1606 706 inscribi
1638 648 1856 718 quidem
1885 645 1995 701 Deo

427 757 678 818 charum,
710 749 974 806 altissimo
1005 744 1153 799 Patri
1205 743 1496 807 luminum,
1543 740 1824 795 adhzerere
1869 751 1998 792 vero

429 862 590 905 terrae
641 845 799 900 matri
862 852 917 898 et
964 838 1273 895 caelestibus
1321 835 1578 906 praeferre
1614 831 1895 888 terrestria
1944 839 1999 884 et

492 1205 557 1273 '_8.
577 1202 713 1258 Cum
745 1199 824 1256 sic
849 1208 1048 1254 terram
1076 1199 1450 1250 contemneret
1473 1197 1531 1246 et.
1555 1189 1622 1245 ad
1657 1187 1860 1244 nullam
1888 1199 2001 1241 rem

430 1309 704 1353 terrenam
756 1305 963 1362 pronus
1012 1295 1179 1352 esset,
1219 1284 1492 1356 quomodo
1539 1297 1647 1337 non
1691 1279 1855 1336 etiam
1908 1291 2004 1347 per

429 1387 708 1444 orationes
743 1385 813 1438 ad
835 1379 1012 1436 simile
1031 1390 1292 1448 prospere
1316 1373 1734 1446 progrederetur
1769 1367 2006 1425 bonum?

430 1477 824 1537 Perseverabat
856 1473 1020 1544 igitur
1044 1471 1133 1526 diu
1166 1477 1339 1535 stans,
1371 1466 1733 1534 manibusque
1761 1460 2005 1518 extensis

429 1573 501 1628 ad
534 1571 686 1625 illum
723 1565 815 1637 qui
847 1575 1066 1620 sursum
1100 1560 1274 1630 ipsum
1310 1558 1529 1613 trahere
1562 1563 1800 1626 poterat,
1849 1561 2005 1622 post-

432 1677 597 1737 quam
652 1669 803 1715 recte
831 1654 1185 1720 ambulasset,
1236 1650 1462 1706 firmiter
1516 1648 1780 1712 stetisset,
1831 1655 1888 1700 et
1937 1643 2005 1698 ad

431 1736 560 1814 eum
591 1766 784 1808 manus
831 1747 995 1804 simul
1025 1755 1080 1802 et
1125 1752 1292 1801 totam
1342 1742 1577 1797 animam
1619 1737 1904 1794 elevasset.
1940 1736 2006 1790 Et

433 1851 511 1906 ita
543 1846 763 1918 quidem
797 1840 1018 1898 omnino
1052 1838 1104 1893 in
1132 1834 1368 1892 excelsis
1413 1833 1733 1888 versabatur
1764 1830 1844 1884 :si
1878 1842 2007 1883 vero
2041 1822 2082 1876 Β

437 1937 732 2011 aliquando
783 1947 949 2004 super
996 1940 1218 1993 terram,
1275 1935 1496 1998 propter
1527 1922 1866 1987 affinitatem,
1900 1935 2007 1976 non

437 2010 679 2101 neglexit
721 2031 959 2082 erectam
1013 2018 1250 2076 hominis
1311 2025 1600 2080 staturam,
1667 2013 1763 2068 sed
1829 2010 2010 2081 potius

438 2099 788 2176 conservavit
825 2121 880 2170 et
908 2123 1066 2168 terra:
1112 2106 1360 2180 genitrici
1393 2119 1516 2161 sese
1555 2099 2010 2159 accommodavit.

437 2212 609 2268 Porro
643 2209 746 2263 hoc
777 2202 1117 2276 perficiebat,
1156 2212 1333 2270 genua
1372 2195 1597 2251 ﬂectens
1643 2192 2009 2256 continenter,

435 2313 494 2360 et
522 2303 634 2360 cito
661 2299 878 2370 erigens
918 2311 1000 2361 se,
1029 2295 1161 2348 illud
1191 2293 1409 2363 quidem
1443 2299 1501 2344 ut
1539 2286 1818 2342 terrestris
1861 2292 1914 2339 et
1944 2284 2010 2338 ad

433 2405 640 2452 terram
665 2391 938 2446 rediturus
989 2387 1094 2441 hoc
1117 2399 1270 2448 vero,
1297 2393 1356 2436 ut
1381 2379 1531 2450 quasi
1563 2379 1745 2448 planta
1774 2375 2012 2430 caelestis

434 2500 560 2542 esse
587 2484 865 2539 videretur
890 2478 1329 2544 Accidebantque
1355 2473 1403 2528 ei
1425 2471 1537 2526 fere
1576 2470 1693 2524 sine
1736 2466 2008 2530 molestia,

435 2574 690 2648 quamvis
728 2573 1064 2641 frequentes,
1095 2581 1260 2621 casus
1305 2564 1381 2618 illi
1416 2572 1469 2618 et
1512 2561 1818 2617 erectiones
1870 2557 2011 2612 inter

436 2665 741 2730 orandum;
805 2677 932 2718 nam
987 2674 1098 2730 prm
1159 2657 1324 2712 nimia
1381 2653 1564 2710 carnis
1598 2652 1792 2716 macie,
1849 2662 2010 2721 quam

438 2757 802 2830 temperantia
859 2759 1167 2826 pepererat,
1215 2750 1326 2804 cito
1373 2755 1596 2802 sanctus
1637 2744 1882 2814 erigebat
1929 2755 2009 2804 se,

435 2853 513 2908 ita
549 2861 610 2906 ut
642 2847 858 2904 facilius
894 2851 1185 2912 exurgeret
1235 2855 1294 2896 se
1322 2854 1481 2908 quam
1525 2851 1701 2907 genua
1749 2835 2010 2898 ﬂecteret,

439 2939 900 3015 quemadmodum
951 2936 1175 3006 pulcher
1224 2945 1408 2986 ramus
1443 2928 1718 3000 paululum
1770 2925 1900 2981 ﬂatu
1929 2926 2013 2980 in-

441 3045 723 3100 curvatus,
748 3032 855 3086 cito
882 3029 1133 3099 erigitur.

511 3128 566 3184 9.
607 3125 747 3194 Quid
789 3121 988 3194 igitur?
1019 3118 1288 3190 Numquid
1333 3130 1552 3172 carnem
1587 3111 1920 3168 exhauriens
1959 3116 2012 3163 et

439 3232 748 3281 evacuans,
791 3224 1046 3269 caeterum
1098 3211 1223 3265 inde
1266 3215 1533 3281 quaestum
1593 3204 1824 3259 faciebat
1872 3202 2014 3255 sicut

439 3311 616 3376 avari,
669 3319 727 3364 et
777 3307 1035 3362 borreum
1092 3301 1386 3374 genuinum
1442 3311 1671 3352 vacuum
1704 3294 2010 3348 dimittens.

437 3403 746 3473 complebat
786 3398 1030 3453 exterius
1073 3403 1127 3450 et
1156 3391 1524 3455 addictitium,
1559 3397 1616 3444 et
1658 3386 1840 3440 forsan
1880 3381 2012 3436 illud

435 3503 684 3550 evertere
723 3491 1107 3552 meditabatur,
1149 3484 1435 3554 majusque
1465 3477 1766 3534 suscitare?
1793 3474 2014 3543 Nequa-

441 3598 629 3656 quam.
655 3582 724 3637 At
755 3588 899 3636 terra
937 3588 992 3633 et
1018 3571 1218 3632 divitiae
1250 3589 1369 3644 quae
1410 3587 1474 3626 ex
1512 3571 1601 3624 illa
1644 3577 1773 3623 sunt
1805 3577 1858 3620 et
1891 3564 2018 3620 reli-

441 3692 549 3745 qua
577 3675 704 3729 vita:
723 3669 1044 3739 compendia
1082 3683 1109 3720 a
1140 3666 1250 3721 Deo
1274 3663 1582 3728 benedicta,
1613 3660 1828 3730 plenum
1867 3658 2013 3711 illum

439 3767 716 3826 faciebant
763 3762 1016 3818 omnibus
1043 3774 1164 3829 quae
1198 3755 1551 3812 terrestribus
1583 3750 1888 3822 exoptanda
1933 3749 2016 3802 vi-

442 3865 670 3926 dentur;
699 3853 1055 3912 beneficentia
1081 3859 1263 3906 autem
1285 3857 1340 3904 et
1365 3846 1678 3902 humanitas
1700 3843 2018 3911 evangelico

443 3949 792 4023 superaddita
828 3946 1104 4009 mandato,
1140 3957 1236 4012 per
1277 3940 1424 4010 quod
1459 3939 1720 3992 invitatur
1761 3935 2018 3988 cordatus

441 4047 608 4102 homo
641 4040 709 4095 ad
749 4035 1127 4108 deponendum
1178 4029 1510 4101 superﬂuum
1550 4028 1602 4082 in
1634 4027 1744 4081 vita
1776 4026 2015 4095 pondus,

439 4143 496 4192 et
527 4129 872 4191 dividendum
903 4126 1250 4196 pauperibus,
1285 4133 1344 4179 ut
1368 4126 1440 4179 ita
1470 4123 1752 4192 expeditus
1786 4122 1838 4175 in
1876 4120 2017 4174 viam

439 4226 680 4282 divinam
719 4230 778 4278 et
810 4234 935 4275 vere
964 4229 1194 4281 rectam,
1227 4215 1354 4270 licet
1380 4215 1562 4284 aliquo
1585 4213 1746 4268 modo
1767 4225 2016 4280 asperam

439 4315 600 4371 initio
654 4309 1108 4380 ingredientibus,
1142 4305 1345 4360 serviat
1390 4302 1502 4358 Deo
1533 4303 1599 4358 ad
1647 4302 1870 4356 meliora
1917 4300 2017 4354 du-

439 4406 608 4471 centi,
647 4410 840 4458 sancto
884 4407 1172 4456 suaserunt
1200 4405 1258 4451 ut
1288 4411 1385 4451 sua
1428 4397 1564 4450 bona
1605 4392 1914 4448 eﬂutideret
1959 4391 2014 4446 in

2102 554 2290 626 ὑγρὸν,
2321 553 2388 608 δι’
2414 547 2474 608 οὐ
2509 552 2879 622 πλαδαροῦται
2909 551 3220 623 ἄνθρωπος,
3250 551 3340 605 καὶ
3369 551 3505 606 οὕτω
3529 569 3646 606 κου.

2103 647 2275 717 φίζων
2295 646 2356 699 τὸ
2378 647 2533 717 γήῖον
2562 642 2744 714 βρῖθος
2767 641 3065 712 νηστείαις,
3097 641 3412 711 ἐφιλονείκει
3438 641 3531 711 τῆς
3553 642 3649 711 γῆς

2102 739 2407 808 ἀγγελικῶς
2447 734 2876 807 ὐπερίπτασθαι,
2929 733 3147 800 ἀνάξιον
3197 733 3386 788 ἑαυτοῦ
3436 733 3649 804 κρίνων,

2107 829 2478 900 ἐγγράφεσθαι
2510 829 2608 899 μὲν
2655 828 2734 890 είς
2791 826 2944 894 φίλον
2979 825 3138 891 Θεοῦ,
3187 825 3282 880 τοῦ
3331 825 3430 878 τῶν
3472 824 3653 893 φώτων

2105 923 2331 992 ὑψίστου
2361 920 2596 990 Πατρδς,
2623 917 3056 989 προστετηκέναι
3077 918 3132 970 δὲ
3157 921 3223 990 τῇ
3256 921 3422 990 μητρὶ
3449 921 3542 989 γῇ,
3568 919 3658 971 καὶ

2105 1015 2200 1068 τοῦ
2255 1011 2498 1084 αἰθερίου
2538 1009 2918 1081 ἀνθαιρεῖσθαι
2964 1011 3025 1064 τὺ
3075 1013 3290 1067 πεδινόν
3335 1029 3394 1065 τε
3439 1013 3528 1064 καὶ
3572 1028 3658 1063 τα-

2108 1106 2312 1161 πεινόν.

2177 1196 2248 1264 η’.
2289 1199 2350 1252 Ὀ
2378 1197 2433 1252 δὲ
2462 1198 2602 1254 οὕτω
2627 1200 2726 1272 τήν
2752 1201 2860 1271 γῆν
2888 1198 3258 1272 περιφρονῶν,
3285 1196 3380 1250 καὶ
3412 1195 3540 1268 πρὸς
3565 1212 3662 1264 μη-

2107 1290 2195 1344 δέν
2217 1307 2270 1345 τι
2304 1291 2412 1345 τῶν
2436 1293 2556 1346 κατ’
2587 1293 2756 1362 αὐτὴν
2785 1293 3040 1362 κεκυφὼς
3063 1333 3078 1357 ,
3111 1292 3226 1354 πῶς
3261 1291 3359 1343 οὐκ
3390 1289 3457 1344 ἂν
3489 1289 3576 1344 καὶ
3601 1289 3662 1340 δι’

2108 1383 2283 1453 εὐχῶν
2310 1385 2389 1446 είς
2417 1384 2474 1437 τὸ
2493 1384 2678 1454 ὅμοιον
2698 1383 2932 1438 εὐοδοῖτο
2957 1384 3124 1438 καλόν
3145 1401 3159 1449 ;
3183 1381 3472 1452 Ἐσχόλαζε
3497 1380 3666 1433 τοίνυν

2112 1479 2207 1532 καὶ
2234 1476 2410 1530 ποδῶν
2439 1477 2598 1548 ὀρθία
2630 1477 2820 1531 στάσει
2848 1478 2932 1545 ἐφ’
2965 1479 3168 1541 ἱκανὸν,
3199 1477 3296 1530 καὶ
3325 1473 3520 1546 χειρῶν
3546 1475 3668 1526 ἀνα-

2109 1569 2267 1622 τάσει
2302 1569 2437 1639 προς
2466 1569 2557 1622 τὸν
2591 1569 2706 1624 ἀνω
2735 1569 3036 1640 δυνάμενον
3055 1571 3236 1622 ἕλκειν
3272 1569 3362 1622 τὸν
3389 1569 3481 1621 καὶ
3511 1567 3671 1634 ἀσφα-

2110 1660 2218 1723 λῶς
2249 1658 2541 1729 βεϐηκότα,
2575 1662 2668 1714 καὶ
2701 1660 2936 1730 στερεῶς
2965 1660 3198 1722 ἑστῶτα,
3231 1661 3323 1712 καὶ
3355 1659 3540 1729 χεῖρας
3560 1656 3671 1726 ἅμα

2112 1754 2207 1806 καὶ
2251 1751 2431 1821 ψυχὴν
2461 1751 2590 1822 ὃλην
2637 1753 2773 1821 πρὸς
2801 1751 2964 1805 αὐτὸν
2996 1751 3366 1805 ἀνατείνοντα.
3403 1751 3510 1802 Καὶ
3540 1747 3674 1801 οὕτω

2115 1840 2216 1910 μὲν
2258 1841 2378 1904 ὅλος
2411 1835 2478 1912 ἦν
2518 1841 2616 1910 τῆς
2646 1841 2908 1894 ἀνωτάτω
2937 1839 3196 1909 ὑψώσεως
3222 1856 3237 1871 ·
3268 1839 3318 1892 εί
3355 1839 3412 1892 δέ
3454 1854 3553 1890 που
3585 1839 3676 1888 καὶ

2111 1933 2210 2003 τῆς
2241 1933 2341 2002 γῆς
2365 1932 2455 1986 διὰ
2481 1931 2542 1984 τδ
2569 1931 2859 2000 φυλετικὸν
2899 1929 3162 1998 συγγενὲς
3182 1969 3198 1998 ,
3237 1929 3416 1982 ἐποίει
3451 1928 3550 1998 μὲν
3589 1926 3678 1980 καί⁷

2113 2025 2266 2090 αὐτὸ,
2305 2024 2402 2095 οὐχ
2440 2023 2581 2077 ῶστε
2621 2022 2728 2094 μὴν
2764 2023 2856 2076 καὶ
2897 2023 3197 2094 ἀχρειῶσαι
3236 2024 3296 2076 τ),
3339 2021 3678 2092 ἀνθρωπικ’ν

2111 2115 2314 2184 ὄρθιον,
2338 2115 2474 2169 ἀλλὰ
2498 2115 2590 2168 καὶ
2623 2113 2754 2168 αὐτὸ
2783 2114 3038 2181 φυλάξαι,
3070 2116 3165 2169 καὶ
3188 2116 3253 2185 τῇ
3290 2113 3462 2184 μητρὶ
3492 2115 3561 2183 γῇ
3592 2128 3682 2180 χα-

2114 2209 2386 2280 ρίσασθαι.
2435 2210 2605 2262 Ἤνυε
2651 2207 2705 2260 δὲ
2743 2207 2898 2270 αὐτὸ,
2942 2207 3146 2275 γόνατα
3173 2207 3376 2260 κλίνων
3426 2203 3680 2273 συνεχῶς,

2113 2302 2208 2354 καὶ
2229 2302 2364 2370 ταχὺ
2394 2300 2835 2369 ἐξανιστάμειος,
2866 2299 3042 2352 ἐκεῖνο
3071 2299 3170 2368 μὲν
3198 2297 3302 2366 γῆς
3333 2297 3427 2350 καὶ⁷
3454 2295 3534 2356 είς
3560 2293 3681 2362 γῆν,

2112 2394 2272 2446 τοῦτο
2306 2392 2362 2446 δὲ
2393 2387 2480 2446 οἷα
2517 2393 2610 2446 καὶ
2648 2391 2815 2460 φυτὸν
2857 2391 3367 2460 πεφιλοσοφημένος
3413 2389 3682 2457 οὐράνιον.

2113 2483 2222 2537 Καὶ
2246 2479 2390 2552 εἶχον
2419 2483 2580 2536 αὐτὸν
2605 2482 2637 2552 ἡ
2667 2481 2891 2552 τοιαύτη
2920 2480 3099 2549 πυκνή
3127 2480 3359 2533 εὐκταία
3389 2479 3597 2540 πτῶσις
3628 2492 3685 2529 τε

2116 2577 2209 2628 καὶ
2233 2575 2527 2637 ἀνάστασις
2558 2576 2653 2628 καὶ
2685 2574 2872 2643 σχεδόν
2896 2590 2950 2626 τι
2989 2573 3084 2626 καὶ
3114 2572 3236 2644 δίχα
3265 2574 3432 2625 πόνου
3451 2589 3464 2602 ο
3493 2571 3553 2622 τὸ
3582 2569 3686 2637 γὰρ

2113 2667 2172 2731 ἐξ
2193 2667 2518 2737 ἐγρκατείας
2548 2667 2878 2738 ὐπέρισχνον
2912 2666 3013 2736 τῆς
3051 2666 3252 2736 σαρκὸς
3285 2665 3426 2736 ταχύ
3464 2665 3560 2733 τῆς
3589 2663 3688 2732 γῆς

2113 2757 2385 2810 ἀπανίστα
2415 2758 2506 2810 τὸν
2544 2755 2721 2824 ἅγιον,
2753 2757 2828 2820 ὡς
2868 2756 3262 2825 εὐπετέστερον
3289 2754 3434 2810 εἶναι
3465 2755 3560 2808 τοῦ
3588 2771 3687 2807 κα·

2113 2849 2433 2919 τακλιθῆνσι
2461 2849 2521 2902 τὸ
2543 2849 2858 2914 ἀνανεῦσαι,
2891 2848 3032 2902 καθά
3059 2865 3160 2902 που
3180 2848 3276 2902 καὶ
3306 2848 3472 2912 θάλος
3498 2846 3692 2916 εὐφυὲς

2117 2941 2290 3013 βραχύ
2314 2960 2363 2995 τι
2391 2942 2569 3012 κύψαν
2595 2944 2658 2995 ἐκ
2685 2942 3019 3010 κατα-πνοῆς,
3044 2938 3162 2995 εἶτα
3185 2940 3382 2995 θᾶττον
3406 2940 3692 3010 ἀνατρέχει

2117 3039 2252 3102 πρὸς
2279 3035 2336 3086 τὸ
2367 3035 2519 3087 εὐθύ.

2190 3126 2254 3178 θ’.
2290 3125 2354 3176 Τί
2380 3124 2435 3176 δὲ
2464 3124 2600 3176 ἀλλὰ
2622 3124 2722 3188 τὴν
2755 3123 2932 3192 σάρκα
2963 3120 3262 3186 ὐποκενῶν,
3297 3122 3395 3176 καὶ
3422 3124 3503 3186 είς
3526 3122 3697 3189 λαγα-

2121 3220 2222 3288 ραν
2244 3215 2650 3279 ἀποκαθιστῶν,
2670 3215 3068 3285 ἐχρηματίζετο
3087 3215 3259 3276 άλλως
3281 3213 3536 3267 ἐντεῦθεν
3557 3213 3698 3267 κατὰ.

2117 3311 2245 3371 τοὺς
2277 3307 2569 3378 κίμϐικας,
2609 3306 2704 3360 κα)⁴
2736 3307 2834 3378 τὴν
2872 3307 3153 3376 σύμφυτον
3188 3306 3481 3376 ἀποθήκην
3515 3307 3697 3361 διάκε-

2117 3419 2208 3456 νον
2238 3400 2448 3470 ἀφιεὶς,
2488 3400 2801 3464 ἀνεπλήρου
2835 3400 2935 3467 τὴν
2968 3397 3072 3462 ἔξω
3103 3398 3197 3450 καὶ
3233 3399 3537 3466 πρόσθετον
3562 3438 3576 3462 ,
3609 3396 3700 3450 καί

2121 3511 2224 3549 που
2263 3494 2359 3548 καὶ
2389 3493 2638 3547 καθελεῖν
2669 3493 2839 3562 αὐτὴν
2875 3491 3106 3562 ἐμελέτα
3138 3492 3230 3544 καὶ
3261 3492 3545 3562 ἀνεγεῖραι
3581 3490 3702 3560 μείς

2120 3588 2279 3653 ζονα;
2323 3586 2624 3657 Οὐμενουν.
2673 3586 2813 3638 Ἀλλ’
2847 3586 2880 3654 ή
2935 3586 3031 3653 μὲν
3079 3584 3151 3653 γῆ
3203 3583 3298 3636 καὶ
3349 3587 3377 3636 6
3425 3583 3487 3648 ἐξ
3527 3583 3700 3651 αὐτῆς

2120 3680 2348 3741 πλοῦτος
2375 3678 2520 3748 καὶὴ
2549 3678 2707 3746 λοιπή
2733 3675 2878 3730 κατά
2905 3675 3021 3744 βίον
3052 3674 3296 3744 μέθοδος,
3323 3675 3706 3745 εὐλογουμένη

2120 3773 2272 3844 παρά
2299 3771 2458 3837 Θεοῦ,
2490 3771 2683 3840 μεστὲιν
2710 3770 2868 3822 αὐτὸν
2899 3769 3074 3822 ἐποίει
3109 3769 3352 3836 πάντων,
3384 3769 3492 3823 ὅσα
3523 3787 3706 3840 μακα-

2122 3867 2281 3937 ριστά
2311 3867 2424 3927 τοῖς
2455 3865 2586 3933 περὶ
2616 3867 2719 3933 γῆν
2745 3879 2758 3893 ·
2788 3861 2849 3915 τὸ
2874 3862 2930 3915 δὲ
2963 3861 3281 3915 κοινωνικὸν
3309 3862 3409 3916 καὶ
3435 3862 3706 3931 φιλάλλη-

2121 3960 2210 4011 λον
2243 3959 2352 4036 ’καὶ
2398 3956 2804 4026 φιλάνθρωπον,
2857 3955 2924 4023 τῇ
2965 3952 3296 4023 εὐαγγελικῇ
3348 3954 3708 4024 παραγγελία

2121 4047 2563 4122 προσαυξόμενον
2588 4047 2654 4100 δι’
2684 4043 2750 4117 ἦς
2773 4046 3127 4119 προκαλεῖται
3158 4046 3185 4096 6
3208 4045 3461 4113 ἐχέφρων
3489 4045 3708 4114 ἀνθρω⁹

2121 4158 2221 4204 πος
2243 4179 2258 4203 ,
2289 4138 2639 4193 ἀποτίθεσθαι
2669 4138 2756 4189 τὸν
2801 4135 3058 4205 περιττον
3094 4136 3150 4186 ἐν
3188 4134 3290 4203 βίῳ
3334 4134 3573 4204 φόρτον,
3615 4134 3709 4187 καὶ

2121 4230 2434 4285 ἀνατιθέναι
2462 4230 2720 4299 πτωχοῖς,
2742 4228 2835 4280 καὶ
2859 4225 3002 4278 οὕτω
3031 4226 3317 4295 γινόμενον
3343 4225 3597 4290 εὐζωνον
3627 4231 3710 4290 είς

2118 4322 2236 4375 ὁδὸν
2268 4321 2436 4385 θείαν,
2473 4318 2568 4374 καὶ
2598 4317 2817 4387 ἀληθῶς
2845 4317 3080 4380 εὐθεῖαν,
3112 4318 3160 4370 εί
3193 4317 3285 4370 καὶ
3307 4317 3472 4373 ἄλλον
3500 4321 3710 4389 τρόπον

2119 4414 2379 4484 τραχεῖαν
2411 4411 2481 4465 τὰ
2531 4410 2652 4464 κατ’
2679 4409 2851 4480 ἀρχὴν
2883 4411 2996 4471 τοῖς
3045 4409 3327 4477 ἑλομένοις
3376 4408 3711 4463 ἀκολουθεῖν

437 4509 689 4562 caeteros,
723 4503 780 4550 et
810 4508 873 4550 ea
909 4507 1028 4563 qua:
1062 4506 1130 4545 ex
1165 4489 1260 4545 Dei
1291 4489 1517 4545 sortitus
1543 4496 1663 4542 erat
1696 4484 2012 4540 munificen-

2121 4504 2517 4576 προηγουμένῳ
2546 4501 2624 4573 τῷ
2645 4503 2762 4572 Θεῷ
2789 4503 2868 4566 είς
2897 4503 2966 4555 τὰ
3001 4501 3284 4572 κρείττονα
3305 4539 3319 4566 ,
3353 4500 3581 4556 ἔπειθον
3615 4503 3709 4556 τὸν

437 4594 514 4648 tia
557 4589 882 4646 transferret
929 4586 983 4639 in
1035 4581 1384 4645 consimiles,
1437 4588 1492 4634 et
1548 4579 1742 4632 talibus
1807 4577 2018 4632 horreis

438 4687 708 4756 (ventrem
774 4680 897 4734 dico
962 4670 1298 4747 pauperum)
1357 4671 1604 4724 crederet
1677 4681 2018 4737 quaecunque

437 4775 585 4830 Deus
615 4771 839 4839 largiter
872 4766 1274 4837 suppeditabat.
1307 4759 1373 4814 Et
1417 4761 1519 4814 hoc
1543 4767 1666 4814 erat
1703 4759 1859 4827 quasi
1896 4757 2016 4809 fons

437 4865 696 4938 perennis
721 4873 775 4917 et
799 4863 1002 4932 jugiter
1031 4858 1276 4912 effluens.
1308 4852 1687 4908 Scaturiebant
1719 4850 1862 4902 enim
1891 4863 2016 4901 san-

439 4965 532 5012 cto
565 4968 634 5008 ex
665 4951 892 5007 inﬁnitis
929 4949 1021 5002 Dei
1064 4945 1332 5002 thesauris
1363 4942 1548 5008 utilia;
1589 4941 1677 4995 ille
1710 4955 1838 4994 vero
1878 4953 2013 5008 pau-

440 5047 523 5103 cis
561 5047 619 5101 in
659 5055 860 5098 terram
897 5054 1072 5102 suam,
1097 5051 1340 5102 carnem,
1374 5034 1596 5099 infusis,
1625 5043 1886 5100 quantum
1927 5047 2015 5085 sa-

437 5139 512 5194 tis
544 5145 664 5192 erat
692 5144 750 5188 ut
779 5132 1182 5187 ltumcctaretur
1213 5137 1268 5183 et
1298 5129 1464 5183 herba
1498 5127 1678 5180 virens
1722 5124 2017 5194 repullula-

437 5239 544 5296 ret,
598 5226 812 5296 qualern
863 5236 1079 5292 quoque
1133 5221 1323 5276 beatus
1374 5219 1540 5272 David
1578 5219 1776 5287 diligit,
1815 5218 1866 5270 in
1923 5216 2013 5270 tali

441 5319 702 5378 nimirum
744 5326 887 5371 terra
923 5313 1116 5368 ﬂorida
1154 5328 1183 5365 a
1225 5312 1335 5366 Deo
1363 5309 1713 5376 constitutus,
1745 5309 2010 5378 reliquum

435 5413 641 5467 fontem
673 5406 880 5461 dimisit
911 5412 969 5457 ut
999 5399 1406 5471 pinguefacerct
1442 5400 1545 5454 alia
1575 5399 1715 5465 loca,
1749 5409 1802 5454 et
1835 5400 2012 5454 sulvc-

437 5513 522 5560 ret
549 5501 848 5556 siccitatem
878 5513 1039 5566 quam
1075 5497 1300 5565 penuria
1347 5495 1677 5565 pauperibus
1723 5494 1914 5564 gignit.
1949 5495 2013 5548 Et

436 5597 553 5650 bch
584 5593 724 5647 dona
767 5606 863 5646 nec
891 5590 1146 5644 simulate
1183 5589 1250 5642 ab
1277 5588 1366 5641 illo
1394 5588 1593 5640 fiebant
1621 5588 1744 5656 (nisi
1778 5586 1900 5656 quis
1927 5588 2012 5640 di-

436 5697 524 5742 cat
561 5700 682 5741 eum
715 5686 804 5754 qui
831 5684 961 5740 exiit
982 5684 1254 5738 seminare
1286 5698 1470 5736 semen
1501 5696 1656 5734 suum
1689 5681 1892 5749 palam,
1917 5696 2011 5750 Spe

437 5779 658 5854 majoris
705 5796 734 5835 ιι
765 5777 878 5836 Deo
905 5775 1266 5845 collectionis,
1302 5773 1552 5832 simulate
1590 5773 1878 5846 seminare)
1917 5789 2009 5828 ne-

2120 4597 2274 4664 ἂγιον
2299 4634 2312 4653 .
2343 4595 2404 4660 ἐξ
2439 4595 2602 4648 αὐτοῦ
2639 4594 2840 4646 κλίνειν
2869 4595 2950 4656 είς
2987 4594 3209 4662 ἐτέρους
3236 4593 3296 4646 τὸ
3327 4593 3540 4660 ἀγαθὸν
3564 4633 3581 4659 ,
3611 4598 3709 4647 καὶ

2118 4687 2181 4738 τὸ
2227 4688 2290 4739 ἐκ
2321 4685 2456 4740 Θεοῦ
2497 4685 2843 4754 φιλοτίμημα
2871 4685 3132 4753 μετάγειν
3173 4686 3253 4745 είς
3296 4683 3355 4734 τὸ
3383 4684 3708 4754 ¹ὁμόφυλον,

2122 4778 2216 4830 καὶ
2241 4777 2517 4840 τοιαύταις
2535 4776 2841 4846 ἀποθήκαις
2857 4774 3146 4844 (γαστέρες
3162 4774 3216 4826 δὲ
3235 4768 3399 4829 αὗται
3422 4777 3710 4845 πενήτων)

2120 4869 2414 4936 πιστεύειν,
2438 4870 2538 4922 ὅσα
2578 4871 2605 4920 6
2654 4868 2786 4928 Θεὸς
2835 4866 3262 4936 ἐνεδαψιλεύετο.
3289 4865 3398 4919 Καὶ
3440 4860 3513 4936 ἦν
3545 4865 3712 4919 τοῦτο

2120 4959 2303 5029 πηγῆς
2343 4959 2566 5012 ἀεννάου
2607 4960 2704 5010 καὶ
2751 4955 3062 5027 ἀπορρύτου
3101 4955 3346 5025 μίμημα.
3404 4955 3714 5022 Ἀνέϐλυξε

2123 5049 2220 5118 μὲν
2249 5048 2359 5117 γὰρ
2379 5045 2456 5117 τῷ
2473 5045 2610 5114 ἁγίῳ
2638 5048 2698 5098 ἐκ
2726 5046 2835 5098 τῶν
2863 5045 3117 5097 ἀϐύσσων
3167 5045 3259 5096 τοῦ
3288 5041 3424 5095 Θεοῦ
3455 5047 3714 5114 ταμείων

2117 5138 2188 5190 τὰ
2234 5135 2440 5207 λῴονα·
2473 5138 2500 5189 6
2525 5137 2581 5190 δὲ
2628 5136 2784 5204 ὀλίγα
2823 5137 2887 5205 τῇ
2919 5135 3050 5205 περὶ
3087 5135 3251 5188 αὐτὸν
3283 5136 3377 5204 γῇ,
3403 5136 3469 5204 τῇ
3508 5135 3714 5206 σαρκὶ,

2121 5231 2366 5296 ἐπιχέας,
2405 5229 2485 5290 εἰς
2514 5228 2636 5280 ὅσον
2667 5226 3007 5297 ὑγράνασθαι
3036 5227 3097 5278 τὸ
3141 5227 3350 5289 ἱκανὸν,
3388 5226 3487 5279 καὶ
3534 5227 3716 5296 χλόην

2117 5321 2406 5388 ἀναθῆλαι,
2434 5319 2623 5373 ὁποίαν
2653 5321 2746 5374 καὶ
2775 5319 2803 5372 6
2835 5320 3104 5389 μακάριος
3130 5317 3291 5372 Δαυῒδ
3321 5320 3542 5389 ἀγαπᾷ,
3573 5337 3717 5391 σκη-

2117 5413 2335 5474 νοῦντος
2367 5412 2530 5464 αὐτὸν
2568 5411 2662 5464 τοῦ
2692 5410 2826 5464 Θεοῦ
2860 5413 2940 5474 εἰς
2961 5412 3126 5464 τόπον
3155 5410 3397 5464 τοιοῦτον
3431 5410 3673 5481 χλοερὸν
3695 5451 3710 5475 ,

2115 5503 2176 5554 τὸ
2215 5503 2400 5555 λοιπὸν
2429 5505 2525 5571 τῆς
2562 5504 2743 5571 πηγῆς
2771 5502 3072 5570 ἐξέπεμπε,
3106 5503 3338 5555 πιαίνειν
3367 5501 3434 5553 τὰ
3467 5502 3712 5570 ἐφεξῆς,

2116 5593 2213 5646 καὶ
2241 5594 2388 5646 λύειν
2416 5594 2649 5662 αὐχμὸν,
2687 5595 2872 5646 ὁποῖον
2902 5595 2933 5661 ἡ
2977 5594 3136 5645 πενία
3162 5597 3273 5652 τοῖς
3306 5592 3543 5644 ἐνδεέσιν
3577 5603 3710 5646 επις

2112 5687 2429 5755 ψηφίζεται.
2474 5689 2580 5740 Καὶ
2618 5689 2650 5755 ἡ
2683 5685 2907 5756 τοιαύτη
2937 5687 3081 5748 δόσις
3130 5685 3281 5755 αὐτῷ
3311 5686 3521 5753 ἐγίνετο
3570 5686 3710 5737 οὔτε

2115 5777 2484 5848 ὑποκριτικῶς
2513 5779 2579 5848 (εἰ
2609 5783 2681 5850 μή
2701 5795 2778 5840 τις
2807 5778 2898 5831 καὶ
2928 5779 3018 5831 τὸν
3044 5777 3325 5842 ἐξελθόντα
3357 5781 3587 5844 σπεῖραι
3614 5786 3713 5831 τᾶν
