4084 6426
387 320 494 385 H9

1314 322 1709 385 LAUDATIO
1739 324 1798 387 S.
1844 320 2273 411 PHILOTHEI
2315 320 2722 385 OPSICIANI.

3533 312 3670 379 150a

372 437 577 503 σπόρον
609 436 779 491 αὑτοῦ
810 438 890 503 είς
921 436 1146 508 ἐπόψιον
1183 437 1361 493 ἐλπίδι
1391 439 1731 511 συγκομιδῆς
1762 438 1944 493 πλείο-
1974 441 2000 496 Α

2104 450 2154 491 ιο
2204 454 2367 508 parca
2421 455 2606 495 manu.
2664 437 2743 495 Ne
2786 436 3040 493 venulam
3092 434 3309 506 quidem
3345 440 3505 488 terrae
3544 447 3640 485 aut

374 546 464 592 νος
493 532 593 601 τῆς
616 530 705 584 διὰ
723 530 884 598 Θεοῦ,
914 531 1187 602 προφάσει
1216 530 1360 597 λέξει
1386 534 1816 605 σπείρειν),οὐδὲ
1848 535 1957 608 μὴν

374 625 720 696 πεφεισμένῃ
754 626 919 696 χειρί.
951 626 1065 680 Οὐκ
1088 626 1265 692 ἐφίλει
1295 627 1406 697 γὰρ
1436 627 1559 681 οὐδὲ
1606 628 1825 697 φλέϐιον
1855 630 1958 699 γῆς

373 715 410 784 ἢ
465 716 676 787 πέτρας
717 719 920 790 ἰσχνὸν,
963 719 1045 783 είς
1071 719 1197 773 ὅσον
1244 720 1320 792 μὴ
1356 721 1621 793 προρῤέει
1661 722 1960 793 Θεραπείαν

374 807 586 879 δίψους.
630 809 805 879 Ἀπῆν
832 810 889 864 δὲ
931 812 1142 865 ἐκείνου
1193 815 1291 867 καὶ
1342 813 1405 866 τὸ
1438 815 1497 867 ὲν
1540 816 1655 879 τοῖς
1697 815 1960 879 τοιούτοις

375 901 598 970 ἄγριον.
623 900 909 956 Μετεδίδου
937 903 1045 973 γάρ
1069 904 1209 975 μετὰ
1236 905 1576 975 ἱλαρότητος,
1595 906 1788 960 ὁποίαν
1818 908 1965 977 φιλεῖ

391 991 554 1054 Θεὸς,
588 994 617 1045 ὁ
654 993 750 1045 καὶ
784 992 1158 1067 ἐλεημοσύνην
1190 997 1421 1066 ἀγαπῶν
1466 1000 1562 1052 καὶ
1589 999 1747 1069 δότην
1786 999 1848 1052 οὐ
1873 999 1964 1053 τὸν

375 1084 595 1148 ἁπλῶς,
625 1085 762 1139 ἀλλὰ
789 1086 882 1140 τὸν
908 1087 1119 1159 ἱλαρόν.
1146 1090 1258 1144 Καὶ
1288 1085 1358 1162 ἦν
1387 1091 1483 1145 καὶ
1509 1090 1672 1155 αὐτὸς
1692 1091 1837 1146 οὔτω
1864 1109 1964 1145 πο-

376 1179 553 1248 ταμὸς
584 1179 978 1250 ἐλεημοσύνης,
1008 1182 1222 1252 κροτῶν
1248 1183 1396 1254 χειρὶ
1425 1184 1568 1237 κατὰ
1595 1183 1689 1237 τὸν
1720 1183 1968 1255 Ψαλμφ-

379 1271 491 1325 δόν.
529 1272 756 1342 Ἐχαιρε
789 1272 897 1341 γὰρ
932 1272 1121 1338 ἐλεῶν,
1154 1272 1250 1326 καὶ
1278 1273 1355 1336 ὠς
1381 1267 1494 1327 οἷον
1517 1275 1731 1345 ἐκρότει
1761 1276 1970 1347 χαρμό-

383 1380 568 1425 συνον,
618 1364 680 1415 ού
706 1363 956 1434 δαπανᾷν
987 1364 1182 1430 δοκῶν,
1238 1368 1331 1420 καὶ
1364 1368 1426 1420 τὸ
1468 1369 1717 1438 ταμιεῖον
1745 1369 1970 1437 ἀφιέναι

383 1455 563 1517 κενὸν,
614 1455 751 1510 ἀλλὰ
805 1456 1220 1525 πλουτίζεσθαι,
1272 1460 1367 1511 καὶ
1416 1459 1616 1529 μεστὸς
1665 1456 1831 1527 εῖναι,
1884 1453 1974 1514 οἷα

381 1544 699 1616 ἀναπληροί
749 1547 880 1611 τοὺς
933 1548 1266 1626 χρῄζοντας,
1319 1551 1380 1604 τδ
1427 1551 1487 1604 δὲ
1536 1551 1723 1623 μεῖζον
1771 1554 1972 1616 εἰπεῖν,

383 1636 523 1698 Θεὸς
557 1638 829 1706 γίνεσθαι,
848 1642 1013 1713 είπερ
1043 1643 1071 1695 ό
1104 1643 1417 1714 εὐεργετῶν
1444 1644 1577 1698 Θεὸν
1612 1647 1868 1716 μιμεῖται
1896 1648 1976 1710 είς

382 1726 639 1796 δύναμιν.
680 1729 896 1797 Μᾶλλον
935 1733 1036 1802 μὲν
1081 1733 1176 1788 οὖν
1216 1736 1383 1799 αὐτὸς
1424 1738 1726 1807 ἡγαλλιᾶτο
1759 1739 1973 1803 διδοὺς,

2063 540 2231 600 patrm
2261 543 2474 587 tenuem
2506 531 2746 599 amabat,
2784 529 2888 585 nisi
2930 529 2983 583 in
3017 526 3139 583 sitis
3176 524 3477 582 remedium
3509 535 3642 592 pro-

2064 623 2277 679 ﬂueret.
2312 621 2498 693 Neque
2521 623 2573 678 in
2608 623 2693 678 his
2728 620 2999 692 asperitas
3025 619 3135 674 ulla
3165 616 3482 688 apparebat.
3524 613 3643 667 Da-

2064 720 2157 772 bat
2190 720 2334 772 enim
2367 733 2487 773 cum
2521 717 2819 783 hilaritate,
2849 713 3066 785 qualem
3101 711 3245 767 Deus
3300 709 3501 776 diligit,
3548 705 3653 777 qui-

2064 811 2464 882 eleemosyuam
2521 817 2670 864 amat
2727 817 2784 863 et
2835 806 3107 871 datorem,
3162 817 3271 857 non
3320 798 3648 870 simpliciter

2067 905 2309 976 quidem,
2342 904 2436 959 sed
2466 901 2715 956 hilarem.
2748 900 2939 968 Itaque
2971 899 3088 967 ipse
3120 905 3239 951 erat
3268 896 3467 948 ﬂumen
3504 892 3647 947 el‘eeo

2069 1008 2330 1067 mosynaa,
2362 994 2625 1063 plaudens
2650 1007 2836 1056 manu,
2856 989 3016 1062 juxta
3046 986 3393 1044 Psalmistam
3420 985 3467 1040 '.
3491 982 3641 1041 σευ.

2069 1089 2230 1145 debat
2277 1087 2421 1143 enim
2471 1088 2762 1149 miserans,
2815 1093 2872 1139 et
2928 1081 3045 1137 fere
3100 1094 3223 1135 eum
3279 1075 3647 1135 exsultatione

2070 1180 2389 1252 plaudebat,
2430 1193 2534 1233 non
2558 1177 2860 1247 dilapidare
2888 1174 3106 1231 divitias
3134 1172 3238 1228 sibi
3264 1171 3413 1226 visus
3458 1177 3516 1225 et
3543 1183 3646 1222 va-

2071 1287 2232 1329 cuum
2289 1271 2565 1327 dimittere
2618 1269 2956 1332 thesaurum,
3018 1264 3113 1321 sed
3148 1263 3302 1320 dives
3358 1270 3416 1317 et
3454 1260 3647 1331 plenus

2072 1381 2215 1433 esse,
2255 1365 2384 1419 dum
2443 1370 2667 1433 egentes
2721 1358 2997 1430 impleret,
3029 1364 3086 1411 et
3122 1362 3182 1410 ut
3227 1353 3402 1423 majus
3444 1351 3647 1413 dicam,

2076 1459 2220 1514 Deus
2260 1456 2402 1520 ﬁeri,
2442 1456 2488 1511 si
2517 1453 2737 1526 quidem
2769 1451 2860 1523 qui
2898 1448 3180 1505 beneﬁcus
3210 1454 3295 1501 est
3322 1444 3489 1499 Deum
3524 1442 3651 1496 imi-

2079 1562 2225 1607 tatur
2276 1559 2544 1620 quantum
2593 1548 2646 1601 in
2685 1561 2745 1602 se
2774 1554 2879 1601 est.
2913 1541 3086 1613 Magis
3140 1538 3307 1610 igitur
3342 1534 3660 1591 exsultabat

2078 1645 2196 1715 ipse
2223 1645 2381 1709 dans,
2414 1655 2575 1712 quam
2600 1638 2783 1710 quivis
2812 1636 2952 1691 alius
2980 1631 3294 1702 accipiens;
3323 1639 3377 1683 et
3415 1628 3509 1694 hic
3534 1625 3655 1678 linis

2081 1739 2393 1792 divitiarum
2417 1743 2539 1790 erat
2565 1734 2638 1800 ci,
2664 1732 2772 1787 Deo
2798 1728 3091 1792 faenerare,
3115 1723 3207 1795 qui
3231 1722 3424 1777 millies
3448 1718 3659 1773 fmncra-

386 1820 540 1890 ἥπερ
559 1821 720 1886 ἀλλος
744 1840 830 1886 τις
846 1824 1142 1897 λαμϐάνων
1162 1843 1177 1860 ο
1203 1830 1301 1883 καὶ
1329 1825 1396 1902 ἦν
1424 1831 1550 1902 ὅρος
1569 1831 1721 1902 αὐτῷ
1743 1832 1979 1886 πλούτου
2008 1808 2055 1867 Β
2085 1832 2280 1887 reddit.

389 1914 460 1964 τδ
487 1912 759 1975 δανείζειν
786 1915 928 1986 Θεῷ,
952 1909 1015 1970 οὗ
1052 1921 1375 1991 μυριότοκος
1402 1924 1436 1994 ἡ
1461 1924 1841 1989 ἀνταπόδοσις.

470 2001 669 2072 ι⁹.,Καὶ
699 2005 847 2063 οὕτω
873 2009 976 2079 μὲν
996 2010 1160 2075 αὐτὸς
1192 2011 1312 2083 βίου
1343 2014 1615 2086 πορισμὸν
1633 2015 1694 2069 τὸ
1714 2015 1984 2071 ἀποϐιοῦν

391 2099 506 2160 τοῖς
540 2097 787 2168 ἀδελφοῖς
818 2102 1056 2173 ἔκρινεν,
1096 2105 1177 2168 εἰς
1202 2106 1340 2160 Θεοῦ
1378 2107 1563 2178 κρίνον
1596 2109 1982 2178 ἀποκαθιστᾷν

392 2189 590 2243 ἑαυτὸν
616 2167 1009 2262 γνωματεύων,
1042 2167 1205 2267 εἰπερ
1234 2167 1430 2253 ὲνδύεί
1444 2200 1715 2268 γυμνοὺς,
1749 2200 1849 2254 καὶ
1886 2167 1987 2254 πό-

394 2281 494 2344 δας
510 2282 808 2349 εύθετίζειν
826 2287 906 2350 είς
923 2287 1262 2359 Εὐαγγελίου
1292 2291 1415 2345 όδδν
1440 2291 1768 2366 μεθρδεύων,
1790 2295 1839 2347 εί
1861 2295 1988 2357 τοὺς

399 2374 770 2441 ἀνυποδὲτους
794 2380 1167 2450 περιστέλλει,
1198 2385 1295 2437 καὶ
1314 2383 1516 2455 βρῶμα
1540 2384 1896 2454 λογιζόμενος
1915 2388 1991 2440 ol-

2160 2014 2251 2070 10.
2288 2011 2365 2067 ita
2402 2012 2522 2081 ipse
2556 2009 2678 2065 vita:
2707 2009 2916 2063 lucrum
2959 2001 3236 2075 judicabat
3261 1995 3438 2055 emori
3470 1993 3661 2049 fratri-

2087 2110 2212 2173 bus,
2244 2107 2478 2177 opiuaus
2520 2102 2758 2172 seipsum
2804 2106 3064 2159 statuere,
3105 2091 3198 2149 Dei
3247 2089 3441 2152 lilium,
3475 2086 3520 2141 si
3561 2099 3676 2140 com

2089 2200 2327 2272 operiret
2378 2195 2572 2259 nudos,
2621 2193 2789 2263 pedes
2854 2191 2922 2243 ad
2973 2182 3253 2254 Evangelii
3284 2181 3429 2235 viam
3477 2185 3667 2248 aptare

2092 2292 2383 2358 meditans,
2414 2287 2460 2344 si
2494 2285 2950 2343 discalceatorum
2992 2277 3156 2350 pedes
3200 2279 3444 2339 ornaret,
3478 2283 3665 2326 escam

2091 2382 2198 2440 sibi
2238 2356 2554 2436 ministrare
2599 2389 2658 2430 se
2685 2381 2908 2443 putans,
2940 2369 2985 2425 si
3019 2366 3173 2421 utilia
3210 2362 3476 2435 praeberet
3520 2356 3667 2413 indi—

403 2468 572 2574 κεῖον,
615 2467 669 2574 εἰ
715 2476 948 2574 pom-yet
987 2476 1103 2538 τοῖς
1144 2449 1541 2545 δεομένοις-τὰ
1591 2449 1865 2549 ίρήσιμα,
1899 2480 1994 2532 καὶ

2104 2476 2372 2548 gentibus,
2404 2480 2459 2528 et
2500 2467 2861 2539 apostolicum
2893 2460 2974 2517 sic
3014 2455 3318 2525 adimpleus
3352 2449 3666 2506 mandatum

2325 2567 2338 2574 ‘
2542 2562 2577 2574 "
2720 2558 2771 2574 ην
2825 2572 2831 2574 Α
2868 2570 2909 2574 κ-
2960 2550 3224 2574 Αρ-λ-ει--ι
3269 2555 3448 2574 una...
3488 2543 3666 2574 ...ηιιω

402 2556 584 2623 οὕτως
613 2561 908 2632 ἐκπληρῶν
938 2565 1034 2618 καὶ
1063 2543 1644 2635 αὐτὸςΫάειτιοστολικῶς⁷
1665 2543 1726 2624 τὸ
1762 2543 1894 2627 πᾶσι
1924 2575 1994 2627 τὰ

2104 2579 2156 2625 ιιι
2193 2567 2376 2624 omnia
2408 2562 2668 2620 omnibus
2718 2558 2932 2613 ﬁamus.
2959 2550 3226 2621 Quoniam
3269 2555 3449 2603 autem
3488 2543 3673 2597 multa:

407 2648 592 2753 πάντα
621 2651 898 2753 vives-(lat.
942 2655 1100 2753 Ἐπεὶ
1132 2657 1191 2710 δὲ
1225 2658 1420 2714 πολλαὶ
1447 2661 1557 2715 ὁδοὶ
1590 2664 1729 2733 πρὸς
1763 2665 1863 2734 τὴν
1894 2665 1993 2736 τῆς

2104 2670 2226 2716 sunt
2269 2658 2371 2713 via:
2421 2656 2490 2712 ad
2521 2650 2741 2709 virtutis
2771 2662 2980 2713 arcem,
3031 2656 3197 2714 quam
3229 2636 3456 2709 magnus
3487 2634 3672 2690 Philo-

2333 2749 2364 2753 --
2486 2748 2499 2753 -
2901 2747 2912 2753 ,
3008 2752 3011 2753 ν
3201 2732 3262 2753 Ap,
3303 2729 3395 2753 ,με
3432 2736 3667 2753 mum“

411 2739 618 2810 ἀρετῆς
650 2742 973 2814 ἀκρόπολιν,
1003 2747 1082 2810 είς
1115 2747 1184 2820 ἠν
1211 2749 1369 2803 ὁποῖα
1397 2752 1492 2804 καὶ
1511 2729 1649 2805 Θεοῦ
1679 2729 1863 2823 ὄρος-ό
1894 2729 1998 2825 μέ·-

2104 2754 2258 2809 tbeus
2289 2748 2598 2812 allectabat,
2632 2743 2697 2798 ad
2725 2741 2867 2797 illam
2898 2747 3157 2808 tanquam
3198 2732 3263 2787 ad
3303 2729 3398 2785 Dei
3432 2736 3668 2783 montem

409 2846 518 2897 γας
542 2831 802 2923 -Φιλόθεος
847 2816 1150 2893 ἀνατείνων
1194 2841 1322 2919 τοὺς
1369 2816 1726 2923 ὀφθαλμοὺς,
1761 2846 1856 2900 καὶ

2104 2859 2295 2902 manus
2322 2840 2620 2900 extendens
2650 2845 2705 2893 et
2734 2835 2859 2890 inde
2904 2832 3168 2887 invocans
3201 2824 3485 2889 auxilium,
3507 2830 3562 2877 et
3605 2816 3671 2873 ad

409 2921 627 2976 ἐκεῖθεν
673 2923 930 2996 βοήθειαν
982 2916 1454 3003 προκαλούμενος,
1499 2920 1675 3005 αύτῆς
1725 2916 1998 3009 ἐγλίχετο,

2104 2954 2220 2997 eam
2314 2934 2610 2992 ascendere
2653 2926 2965 2985 omnimode
3006 2931 3258 2991 satagens
3308 2916 3546 2990 (videtur
3576 2927 3671 2966 au-

414 3013 513 3066 καὶ
555 3013 658 3086 τὴν
686 3018 805 3072 ἐκεῖ
839 3020 1107 3078 ἀνάϐασιν
1145 3024 1235 3079 διὰ
1274 3026 1496 3081 πάντων
1539 3031 2000 3102 ἐπραγματεύετο

2105 3042 2215 3089 tem
2265 3027 2537 3100 plerisque
2583 3034 2843 3092 superare
2890 3016 3026 3071 alias
3085 3010 3387 3068 monastica
3449 3016 3508 3061 et
3535 3019 3675 3073 pau-

413 3105 591 3175 (δοκεῐ
615 3107 673 3207 δὲ
695 3112 810 3207 τοῖς
838 3114 1087 3169 πλείοσιν
1110 3116 1408 3189 ὑπερέχειν
1436 3120 1545 3176 τῶν
1770 3127 1798 3178 ό
1834 3127 2000 3197 μονή-

2105 3140 2202 3197 per
2251 3096 2386 3187 vita,
2419 3134 2527 3191 qua
2581 3114 2717 3170 nihil
2770 3110 3008 3182 possidet
3048 3107 3233 3169 homo,
3279 3103 3374 3158 sed
3425 3096 3681 3195 quemvis

419 3215 522 3269 ρης
563 3200 661 3254 καὶ
701 3203 998 3277 ἀπέριττός
1042 3208 1179 3278 βίος,
1214 3181 1320 3265 sui
1358 3213 1420 3266 τὸ
1467 3214 1636 3286 μηδὲν
1676 3181 1847 3288 ἔχειν,
1883 3181 1999 3274 ἀλλ’

2106 3181 2274 3273 alium
2306 3181 2562 3282 tanquam
2593 3206 2834 3277 seipsum
2863 3198 3208 3261 considerat;
3236 3181 3467 3262 ideoqu'e
3497 3203 3680 3246 reces-
3750 3191 3755 3195 ’

677 3293 971 3396 ἄνθ
1002 3300 1166 3370 μόνον
1189 3302 1385 3358 ἑαυτὸν
1411 3283 1841 3364 ἐπισκέπτεσθαι
1863 3328 1875 3341 ·
1905 3313 2000 3366 καὶ

2107 3325 2204 3367 sus
2241 3315 2296 3363 et
2344 3300 2576 3359 solitarii
2626 3301 2941 3365 qmeruntur
2975 3290 3100 3353 loci,
3155 3286 3414 3354 multique
3462 3283 3518 3338 in
3551 3296 3676 3351 spe-

2436 3393 2505 3396 s-
2663 3388 2673 3396 .
2778 3386 2792 3396 .
2846 3385 2860 3396 .
3078 3395 3081 3396 ν
3146 3395 3185 3396 η
3221 3394 3247 3396 _
3534 3375 3633 3396 dm

418 3381 514 3434 διὰ
550 3383 708 3438 τοῦτο
749 3388 797 3438 οί
841 3389 1336 3463 ἀνακεχωρηκότες
1386 3396 1543 3451 τόποι
1583 3400 1874 3469 ζητοῦνται
1907 3405 2000 3457 καὶ

2105 3398 2279 3457 luncis
2310 3393 2508 3452 nemini
2560 3388 2707 3444 notis
2743 3386 2811 3441 ob
2846 3385 2987 3439 hanc
3033 3394 3254 3436 causam
3289 3377 3499 3444 seipsos
3532 3375 3669 3428 abs-

422 3472 816 3583 épnpdCowat:
849 3479 1036 3533 πολλοὶ
1058 3483 1115 3536 δὲ
1145 3485 1241 3538 καὶ
1271 3487 1557 3561 σπηλαίοις
1583 3464 1670 3544 διά
1692 3492 1849 3547 τοῦτο
1873 3494 2000 3549 ἐαυ-

2116 3490 2378 3550 condunt,
2441 3488 2499 3538 et.
2541 3481 2595 3535 in
2643 3473 2907 3531 foramina
2948 3482 3104 3526 terra:
3156 3470 3427 3537 irrepunt,
3474 3472 3529 3520 ct
3577 3464 3691 3517 alia.

421 3565 554 3628 τοὺς
585 3567 973 3636 παραϐύουσι,
1012 3576 1392 3648 κρυπτόμενοι
1432 3580 1527 3635 τὸν
1561 3582 1871 3653 ἄνθρωπον,
1913 3589 1999 3641 καὶ

2116 3591 2306 3655 agunt,
2331 3586 2390 3634 ut
2420 3576 2538 3632 fora
2568 3571 2834 3633 devitent,
2867 3580 2971 3621 nec
3013 3564 3066 3619 iu
3093 3564 3201 3617 vita
3232 3565 3554 3631 appareant,
3588 3571 3687 3611 nec

425 3656 513 3718 εἰς
539 3657 639 3727 γῆς
661 3659 804 3724 ὀπὰς
838 3664 1234 3734 παραδύονται,
1276 3671 1372 3724 καὶ
1401 3671 1539 3727 ἄλλα
1563 3673 1799 3741 ποιοῦσι,
1829 3676 1901 3730 δι’
1928 3671 2006 3731 ὧν

426 3747 820 3816 ἑκφευξοῦνται
854 3756 953 3819 τὰς
981 3758 1209 3829 ἀγορὰς,
1246 3761 1343 3815 καὶ
1370 3761 1463 3816 τὸν
1492 3765 1551 3817 ἐν
1584 3765 1687 3837 βίῳ
1742 3785 2011 3839 φανητια-

429 3840 597 3944 σμον,
638 3843 734 3896 καὶ
771 3846 1196 3944 τῂνμσύγχυσιν,
1235 3853 1299 3906 τὸ
1341 3854 1623 3910 πολιτικὸν
1653 3858 1750 3912 καὶ
1777 3859 2010 3929 σύμϐιον

430 3931 727 3999 ὀκνοῦντες
756 3938 954 4007 φιλεῖν,
986 3941 1062 4007 ὡς
1094 3944 1168 4014 μὴ
1192 3944 1496 4018 δυνάμενον
1523 3950 1828 4019 προσάγειν
1843 3952 2009 4024 Θεῷ),

432 4027 601 4091 αὐτὸς
649 4032 742 4083 καὶ
780 4032 954 4088 τᾶλλα
996 4035 1097 4106 μὲν
1142 4036 1315 4092 πολλὰ
1352 4039 1718 4111 σκεψάμενος,
1757 4044 2015 4117 ἒπέκρινε

436 4117 539 4169 καί⁸
564 4119 887 4191 ἀπεδέξατο,
918 4126 1014 4178 καὶ
1044 4128 1345 4192 ἀναϐάσεις
1368 4131 1428 4183 ἐν
1452 4134 1520 4203 τῇ
1554 4133 1754 4205 καρδία
1779 4134 2021 4190 διατιθε-

440 4205 615 4299 μένας
660 4205 824 4278 εἶναι,
880 4216 976 4268 καὶ
1024 4217 1165 4273 αύτά
1209 4218 1348 4291 πρὸς
1395 4221 1496 4288 τὴν
1548 4221 1775 4290 ὕψιστον
1815 4227 2019 4299 ἀρετὴν

438 4298 784 4372 ἐθεώρησενο
820 4308 923 4362 οὐκ
950 4309 1277 4374 ἐξουδένωσε
1307 4313 1365 4368 δὲ
1403 4314 1523 4368 οὐδὲ
1549 4316 1651 4385 τὴν
1684 4319 2021 4390 προγονικὴν

439 4389 617 4464 ζωὴν,
659 4397 785 4450 καθ’
831 4399 899 4471 ἢν
932 4402 1181 4473 πατέρας
1235 4404 1471 4477 ἔσχομεν
1521 4408 1648 4472 τοὺς
1691 4389 2023 4480 ἀρχεγόνους

2118 3648 2179 3733 in
2204 3667 2621 3731 conturbatione
2654 3661 2875 3722 vivant,
2933 3654 3215 3712 societatis
3285 3660 3342 3707 et
3408 3648 3689 3704 convictus

2118 3778 2361 3822 amorem
2394 3757 2839 3816 reformidantes,
2866 3748 3063 3821 quippe
3108 3746 3202 3816 qui
3235 3758 3343 3799 non
3375 3739 3550 3811 possit
3594 3737 3699 3791 adq

2120 3864 2318 3919 ducere
2371 3855 2440 3911 ad
2491 3849 2708 3922 Deum),
2744 3849 2861 3919 ipse
2902 3858 3025 3900 cum
3058 3839 3163 3895 alia
3194 3837 3361 3891 multa
3384 3831 3693 3888 examinas.

2120 3964 2224 4020 set,
2254 3952 2395 4007 hanc
2424 3943 2742 4017 approbavit
2769 3942 2937 3997 vitam
2973 3943 3029 3991 et
3064 3930 3347 3999 amplexus
3371 3936 3477 3992 est,
3502 3924 3693 3980 videns

2124 4044 2476 4103 ascensiones
2532 4039 2586 4092 in
2638 4034 2803 4093 corde
2852 4044 2952 4088 suo
3000 4025 3293 4098 dispositas
3323 4035 3446 4078 esse
3491 4025 3568 4074 et.
3601 4030 3697 4072 eas

2125 4140 2347 4212 quidem
2384 4135 2452 4189 ad
2505 4129 2826 4186 altissimam
2875 4123 3170 4185 virtutem;
3217 4130 3316 4171 nec
3361 4111 3693 4184 pritnitivaut

2128 4203 2347 4304 quidem
2387 4227 2550 4282 vitam
2582 4219 2822 4292 despexit
2852 4218 3008 4289 juxta
3054 4226 3220 4282 quam
3272 4218 3473 4280 patres
3502 4203 3699 4260 habui-

2133 4297 2253 4378 mus
2282 4318 2536 4388 antiquos
2575 4312 2966 4385 progenitores.
3001 4301 3275 4374 Cogitavit
3310 4297 3456 4354 enim
3487 4304 3701 4365 specta:

2131 4415 2311 4470 culum
2357 4424 2481 4465 esse
2519 4402 2923 4477 quodammodo
2954 4400 3122 4453 vitam
3161 4403 3430 4458 nostram,
3462 4390 3702 4459 huicque

444 4487 821 4561 προπάτορας.
850 4493 1254 4563 Συνελογίσατο
1275 4499 1407 4569 γὰρ,
1437 4498 1668 4570 Θέατρον
1689 4496 1832 4554 εἷναί
1854 4520 1906 4555 τι
1928 4520 2000 4557 κα

2129 4502 2440 4575 Spectaculo
2478 4505 2814 4570 spectatores
2852 4490 3197 4561 complodere
3241 4485 3555 4557 quicunque
3605 4496 3701 4537 so-

440 4579 538 4631 τδν
559 4580 683 4634 καθ’
712 4583 858 4654 ἡμᾶς
886 4584 1022 4656 βίον,
1054 4588 1275 4652 Θεαταίς
1297 4590 1396 4661 μὲν
1421 4593 1724 4664 συγκροτού
1731 4611 1894 4665 μενον
1914 4597 2028 4658 τοῖς

444 4674 574 4729 καθ’
593 4678 825 4733 ἕκαστον
852 4681 964 4736 τῶν
989 4682 1251 4754 βιούντων
1276 4685 1602 4757 ἀνθρώπων,
1635 4688 1951 4761 άγωνοθείτῖθ⁸
1973 4690 2031 4743 δὲ

449 4768 730 4843 βραϐευτῇ
745 4771 853 4825 τῶν
871 4773 1050 4829 ἄθλων
1065 4777 1537 4849 πρυτανευόμενον
1560 4778 1636 4850 τῷ
1654 4780 1875 4850 μεγάλῳ
1891 4779 2029 4852 Θεῷ,

444 4860 770 4928 ἀεθλευταῖς
801 4865 861 4919 δὲ
898 4867 1239 4935 πονούμενον
1276 4871 1389 4934 τοῖς
1427 4871 1544 4924 ὅσοι
1577 4870 1713 4935 ζῶσι
1745 4871 1871 4927 κατ’
1899 4875 2032 4943 ἀρε-

447 4959 571 5025 τὴν,
600 4952 686 5021 οἷς
706 4958 737 5011 ὁ
765 4958 916 5028 ἀγὼν
940 4959 1002 5014 ού
1026 4960 1165 5032 πρὸς
1191 4960 1422 5032 σάρκας,
1448 4960 1585 5015 ἀλλὰ
1613 4962 1752 5032 πρὸς
1779 4963 1848 5016 τὰ
1868 4978 2033 5015 πνευ-

453 5049 668 5118 ματικὰ
702 5048 807 5120 τῆς
839 5051 1131 5123 πονηρίας,
1173 5045 1249 5106 ὧν
1280 5052 1632 5123 σπούδασμα,
1666 5052 2033 5124 προσϐάλλειν

451 5141 789 5212 ἀνθρώποις,
812 5146 907 5198 καὶ
923 5145 1310 5214 καταϐάλλειν,
1328 5146 1420 5200 καὶ
1435 5145 1607 5208 οὕτως
1625 5145 1813 5211 αὐτοῖς
1827 5147 1916 5202 ἀεὶ
1933 5163 2036 5201 κα-

456 5235 745 5290 θίστασθαι
775 5238 855 5300 είς
886 5237 1209 5292 ἀντίπαλον.
1240 5237 1334 5292 Διδ
1352 5237 1519 5293 καλὸν
1542 5238 1641 5308 μὲν
1671 5233 1835 5301 εἶναι,
1866 5239 1961 5291 καὶ
1985 5237 2035 5291 εί

456 5325 776 5395 καταμόνας
819 5326 1235 5399 ἀποδυσάμενός
1286 5346 1373 5392 τις
1426 5329 1714 5398 πυγμαχεϊ
1760 5327 1858 5380 καὶ
1905 5328 2034 5396 νικᾷ

457 5416 601 5470 κατά
628 5418 720 5470 τοῦ
752 5417 1029 5486 δαιμονίου
1060 5419 1255 5489 φύλου,
1304 5421 1467 5491 μόνου
1515 5419 1612 5475 τοῦ
1644 5419 2035 5490 παμϐασιλέως

459 5510 771 5581 ἐφορῶντος
800 5512 961 5578 Θεοῦ,
996 5514 1078 5577 είς
1106 5512 1166 5566 ὃν
1193 5512 1338 5577 ἅπας
1369 5512 1610 5584 ἀθλητὴς
1636 5514 1910 5566 ἀνατείνει
1943 5512 2037 5565 τὸν

460 5600 607 5666 νοῦν,
660 5602 719 5654 τὸ
761 5602 1031 5671 πάντιμον
1072 5604 1268 5673 στέφος
1329 5602 1535 5657 ἐκεῖθεν
1587 5604 1964 5675 ἐκδεχόμενος,
2011 5599 2038 5655 ὃ

546 5783 565 5812 ³
608 5780 755 5835 Psal.
789 5793 961 5843 xcvn,
1006 5778 1059 5833 8.

2128 4572 2361 4653 li—tariam
2387 4594 2553 4649 vitam
2579 4597 2768 4657 agunt,
2801 4583 3042 4654 illudque
3076 4592 3292 4637 summo
3321 4591 3353 4631 a
3387 4574 3498 4636 Deo
3526 4572 3702 4627 admi-

2129 4686 2355 4747 nistrari
2389 4695 2644 4754 tauquam
2670 4696 2700 4735 a
2728 4679 3076 4749 designatore
3107 4681 3162 4727 et
3200 4676 3533 4731 instructore
3580 4680 3701 4721 eer-

2132 4779 2351 4836 tatninis
2393 4773 2856 4846 praemiorumque
2886 4754 3116 4825 arbitro,
3152 4761 3253 4815 hos
3284 4772 3417 4814 vero
3460 4755 3699 4811 athletas

2131 4876 2410 4930 decertare
2444 4864 2759 4936 quicunque
2785 4861 2939 4930 juxta
2968 4869 3216 4912 nortnarn
3245 4851 3462 4906 virtutis
3488 4847 3701 4914 vivunt,

2133 4963 2330 5034 quibus
2352 4969 2628 5014 certamen
2662 4968 2770 5009 non
2807 4951 3072 5005 adversus
3102 4959 3347 5009 carnem,
3389 4941 3483 4998 sed
3511 4940 3707 4996 adver-

2134 5069 2230 5108 sus
2261 5049 2491 5121 Spiritus
2518 5044 2796 5115 nequitiae,
2821 5054 3052 5112 quorum
3098 5037 3341 5094 studium
3373 5035 3705 5092 estirruere

2135 5144 2189 5199 in
2235 5141 2485 5198 homines
2514 5146 2566 5194 et
2603 5143 2873 5200 evertere,
2899 5139 2954 5187 et
3001 5129 3083 5185 sic
3114 5128 3376 5184 adversus
3409 5124 3527 5181 illos
3557 5138 3706 5180 sem-

2136 5248 2235 5304 per
2266 5229 2578 5286 consistere
2638 5222 2929 5280 hostiliter.
2993 5220 3198 5274 ldeirco
3240 5215 3529 5287 pulchrum
3585 5223 3708 5266 esse

2137 5324 2416 5387 censebat,
2443 5319 2491 5375 si
2520 5316 2643 5390 quis
2663 5314 2914 5386 privatim
2942 5312 3107 5367 etiam
3143 5318 3446 5377 exutusque
3470 5305 3706 5359 luctatur

2139 5416 2398 5470 adversus
2426 5408 2817 5467 daemoniorum
2847 5418 3041 5475 genus,
3066 5411 3122 5457 et
3143 5400 3331 5464 vineit,
3353 5398 3464 5452 Deo
3496 5408 3711 5452 summo

2141 5522 2268 5577 rege
2316 5500 2719 5572 contemplante
2768 5498 2906 5563 solo,
2947 5495 3015 5551 ad
3064 5509 3226 5564 quem
3276 5490 3453 5547 omnis
3505 5489 3709 5543 athleta

2150 5607 2383 5654 mentem
2417 5595 2620 5666 dirigit,
2657 5593 2779 5649 inde
2804 5588 3079 5659 excipiens
3116 5582 3588 5641 honoratissimam
3623 5595 3713 5633 cc-
