4084 6420
307 348 414 415 153

1235 337 1543 402 LAUDAT
1553 335 1630 396 10
1670 337 1729 398 S.
1775 335 2201 396 I‘HILOTHEI
2245 335 2657 399 OPSICIANI.

3439 335 3540 399 154

301 463 608 531 ἔπιτοναῖς,
654 461 752 514 καὶ
787 458 969 513 αὐτῶν
1004 458 1134 512 οἵων
1170 455 1509 510 ἐπισπᾶσθαι
1555 450 1758 520 πατρός
1807 466 1869 501 τε

1982 449 2144 512 ciens,
2185 449 2562 518 multiplicavit
2605 451 2822 504 domum
2859 447 3126 504 Philotbei
3182 449 3412 504 ﬁliorqu
3448 464 3543 520 ge-

301 552 510 623 ἀγαθοῦ
553 552 808 621 εὐλογίαν
843 552 937 604 καὶ⁹
977 549 1182 621 μητρὸς
1212 548 1304 601 ἐπὶ
1333 548 1544 608 τέκνοις
1581 545 1873 614 εὐφραινοο

306 645 498 715 μένης.

375 849 464 920 ιβ’.
495 849 569 901 Τδ
597 847 652 900 δὲ
701 846 951 900 ἐντεῦθεν
975 848 991 914 (
1019 846 1107 900 ἵνα
1142 845 1216 918 μὴ
1269 843 1344 914 τῷ
1383 842 1532 913 καλῷ
1561 843 1661 912 τῆς
1684 842 1878 914 πρώην

303 941 506 1011 ἀρετῆς
531 937 906 1009 παραμιχθείη
936 955 990 990 τι
1013 937 1113 1006 τῆς
1137 939 1195 989 ὲν
1227 935 1326 1005 βίῳ
1359 933 1718 1003 φαυλότητος,
1741 932 1878 1002 μηδὲ

302 1036 330 1086 ὁ
353 1035 495 1086 κατά
531 1033 740 1101 κόσμον
793 1032 1038 1101 κάματος
1075 1029 1169 1082 τοῦ
1222 1027 1390 1083 καλοῦ
1423 1027 1616 1082 τούτου
1648 1026 1878 1094 ζεύγους

300 1128 396 1178 τὸν
444 1124 638 1194 πρῶην
691 1127 838 1176 σῖτον
882 1121 1160 1192 ἀχρειὼσῃ
1207 1121 1450 1186 ζιζανίου
1487 1118 1876 1190 παραφυάδι),

302 1215 440 1285 ἄλλη
476 1213 700 1281 μέθοδος
747 1213 952 1283 ἀρετῆς
997 1213 1076 1282 τῷ
1108 1213 1249 1280 ἁγίῳ
1289 1207 1358 1282 ἦν
1383 1209 1877 1280 περισπούδαστος.

312 1304 542 1359 Ἐαυτόν
574 1321 633 1356 τε
670 1301 778 1373 γὰρ
808 1302 902 1354 ἐπὶ
925 1305 1037 1365 τοῖς
1077 1302 1368 1373 προτέροις
1409 1301 1637 1366 ἀγαθοῖς
1671 1302 1877 1369 ἐτήρει,

301 1398 330 1448 ὁ
356 1396 522 1457 αὐτὸς
549 1392 625 1447 ὣν
651 1393 720 1446 τὰ
744 1395 826 1454 είς
855 1393 1078 1462 ἀρετὴν,
1117 1392 1211 1444 καὶ
1244 1395 1318 1462 μὴ
1345 1390 1747 1460 ἀλλοιούμενος,
1785 1389 1882 1442 καὶ

303 1488 404 1554 τὴν
435 1486 678 1553 ὁμόζυγα
707 1483 790 1546 εἰς
817 1481 1200 1551 ὅμοιασεῦθυνε
1224 1499 1240 1514 ο
1272 1483 1366 1535 καὶ
1404 1479 1723 1550 κατώρθουν
1754 1479 1883 1532 ἐπί-

304 1592 409 1646 σης
433 1575 495 1627 τὸ
524 1574 618 1628 τοῦ
648 1572 786 1627 Θεοῦ
834 1574 996 1644 ἔργον
1053 1574 1378 1642 ἀμφότεροι.
1422 1573 1531 1626 Καὶ
1567 1572 1666 1623 οὑκ
1691 1566 1758 1641 ἦν
1793 1570 1884 1635 ζυ-

301 1667 572 1734 γομαχεῖν
598 1665 818 1729 αὐτοὺς,
850 1662 1033 1733 πολλῷ
1057 1663 1114 1717 δὲ
1146 1663 1315 1717 πλέον
1341 1663 1464 1716 οὐδὲ
1503 1664 1880 1732 παροιστρεῖν.

1981 541 2285 606 neratioue,
2333 557 2630 612 eorumque
2662 543 2752 611 qui
2797 549 3018 614 possent
3073 543 3352 597 attrahere
3398 544 3540 612 opti-

1977 638 2048 692 mi
2105 639 2277 708 patris
2327 639 2760 697 benedictionem
2814 651 2870 698 et
2925 643 3118 698 matris
3172 643 3238 698 de
3280 643 3406 697 ﬁliis
3447 643 3542 699 la:-

1978 731 2163 786 tantis.

2049 843 2138 898 12.
2178 843 2303 899 lude
2335 845 2424 916 (ne
2454 847 2650 916 prioris
2679 848 2894 904 virtutis
2945 850 3146 919 speciei
3202 848 3542 902 immiscere-

1979 943 2066 989 tur
2091 935 2293 1004 aliquid
2336 945 2568 993 terrenze
2617 941 2895 1008 nequitia),
2929 956 3026 997 nec
3056 941 3360 995 mundanus
3394 938 3546 992 labor

1980 1025 2139 1094 hujus
2168 1027 2406 1095 praeclari
2433 1027 2546 1097 jugi
2577 1029 2726 1096 prius
2753 1029 3082 1086 frumentum
3127 1032 3316 1087 inutile
3349 1033 3537 1086 redde-

1979 1127 2060 1174 ret
2115 1119 2337 1175 zizanize
2390 1123 2703 1192 propagine)
2757 1123 2860 1177 alia
2903 1124 3120 1178 virtutis
3148 1125 3233 1178 via
3281 1140 3309 1178 a
3354 1135 3546 1179 sancto

1978 1218 2097 1263 erat
2131 1211 2416 1279 diligenter
2449 1221 2676 1267 sectata.
2711 1214 2956 1283 Seipsum
2992 1216 3136 1269 enim
3171 1216 3224 1269 in
3266 1216 3544 1286 prioribus

1979 1303 2341 1358 conservabat
2391 1303 2569 1367 bonis,
2603 1306 2856 1376 circaque
2903 1307 3157 1361 virtutem
3202 1323 3308 1361 non
3351 1308 3548 1362 immn-

1984 1403 2149 1459 tatus,
2180 1395 2275 1450 sed
2327 1397 2692 1465 semperidem
2725 1406 2863 1464 erat,
2902 1400 3008 1454 imo
3047 1401 3331 1470 coniugem
3365 1399 3431 1453 ad
3467 1399 3545 1453 si-

1982 1489 2127 1542 milia
2188 1490 2487 1559 dirigebat;
2552 1501 2606 1546 et
2663 1492 2755 1548 Dei
2800 1509 2934 1564 opus
2986 1508 3139 1564 arque
3191 1493 3547 1562 perficiebant

1981 1581 2164 1636 ambo.
2210 1581 2318 1637 Nec
2349 1584 2491 1638 inter
2514 1599 2574 1639 se
2603 1586 2958 1650 dissidebant,
2994 1587 3188 1640 nedum
3237 1587 3302 1638 ad
3337 1586 3551 1639 iracun-

1982 1672 2127 1726 diam
2189 1673 2422 1728 invicem
2480 1687 2858 1743 provocarent.
2913 1676 3342 1732 Considerabant
3403 1679 3548 1730 enim

316 1755 715 1825 Ἐνεθυμοῦντο
770 1755 882 1824 γὰρ
931 1754 1030 1818 τὰς
1061 1755 1302 1818 παλαιὰς
1358 1754 1623 1820 συζυγίας
1649 1754 1759 1806 τῶν
1787 1753 1881 1806 τοῦ

1986 1764 2210 1833 antiqua
2238 1765 2484 1834 conjugis
2518 1767 2810 1837 justurum,
2839 1770 2930 1839 qui
2958 1784 2986 1822 a
3019 1770 3128 1824 Deo
3170 1767 3271 1822 sibi
3318 1769 3547 1822 invicem

299 1841 440 1896 θεοῦ
471 1842 800 1913 ἀνθρώπων,
833 1843 883 1896 οἳ
911 1843 1097 1913 βοηθοὶ
1125 1844 1264 1914 πρὸς
1309 1843 1444 1897 Θεοῦ
1476 1844 1753 1914 δεδομένοι
1782 1845 1876 1898 ἀλ-

301 1934 505 2004 λήλοις,
540 1935 769 2003 ὲργάται
794 1929 937 2007 ἦσαν
965 1935 1175 1989 ἐκείνου
1205 1936 1368 2002 ἄξιοι.

376 2044 468 2113 ιγ’.
506 2047 593 2108 Ὠς
635 2045 700 2116 δὴ
732 2046 888 2100 ταῦθ’
935 2045 1105 2110 οὕτως
1153 2043 1289 2119 εἶχε,
1344 2048 1436 2103 καὶ
1465 2049 1632 2118 ἐχρῆν
1659 2050 1751 2103 τὸν
1778 2049 1873 2103 τοῦ

299 2136 438 2190 Θεοῦ
464 2138 702 2208 πελάτην
720 2140 1008 2207 ἐγγυτάτω
1031 2140 1194 2192 πλέον
1217 2141 1430 2193 ἐκείνου
1450 2140 1705 2210 γενέσθαι
1727 2141 1746 2209 (
1765 2140 1875 2195 ἔδει

298 2230 360 2282 δὲ
391 2231 484 2282 καὶ
523 2229 697 2295 ἄλλως
722 2230 814 2283 τὸν
852 2231 942 2285 ἀεὶ
972 2231 1306 2301 θεωρητικὸν
1333 2235 1606 2287 ἐπιτεῖναι
1629 2233 1729 2303 τὴν
1763 2235 1874 2288 διό-

302 2338 491 2391 ρασιν,
527 2323 623 2374 καὶ
650 2323 769 2374 ἀντὶ
794 2321 984 2393 νοεροῦ
1010 2323 1139 2377 νοῦν
1163 2324 1238 2388 ὡς
1261 2325 1384 2388 ἐξὸν
1414 2325 1872 2396 ἀποτελεσθῆναι,

298 2415 397 2464 καὶ
428 2415 509 2476 εἰς
547 2413 892 2482 ἀγγελοειδὲς
926 2415 1288 2485 ἀναχθῆναι),
1316 2418 1526 2485 γίνεται
1564 2417 1704 2488 πρὸς
1750 2419 1874 2472 ὲπι-

299 2503 506 2574 θυμίας
531 2504 702 2575 αὐτῷ,
744 2506 844 2558 καὶ
899 2507 981 2570 είς
1033 2508 1333 2577 ἱερωσύνης
1373 2508 1506 2578 ὕψος
1538 2511 1871 2580 ἀναπτῆναι,

299 2596 400 2647 καὶ
428 2594 599 2659 οὓτως
659 2596 1024 2666 ὲγκαταμίξαι
1051 2601 1162 2662 τοῖς
1186 2601 1280 2652 τοῦ
1320 2599 1456 2653 Θεοῦ
1493 2602 1874 2670 παραστάταις

299 2687 519 2751 hortm,
582 2689 990 2760 τεχνησάμενος
1029 2690 1128 2762 τὴν
1178 2693 1350 2762 ἀρχὴν
1397 2694 1496 2761 μὲν
1538 2695 1644 2763 πρὸ
1684 2694 1872 2748 πυλῶν

301 2779 617 2850 ῥιπτεῖσθαι
677 2781 834 2848 Θεοῦ,
877 2783 968 2835 ὅτε
1001 2783 1073 2836 τὰ
1121 2784 1243 2837 κατ’
1293 2786 1498 2856 ἀρετὴν
1527 2786 1872 2855 εἰσαγωγικά

1982 1855 2050 1908 ad
2113 1855 2483 1925 adjumentum
2541 1860 2689 1926 dati,
2743 1860 2890 1930 digni
2945 1860 3091 1914 illius
3143 1859 3380 1929 operarii
3431 1857 3550 1912 fue-

1980 1956 2131 2002 runt.

2049 2060 2138 2115 15.
2177 2059 2309 2115 Cum
2339 2061 2504 2128 igitur
2533 2060 2648 2116 haec
2687 2061 2757 2116 ita
2787 2063 3129 2120 sebaberent
3154 2072 3208 2119 et
3235 2063 3328 2118 Dei
3358 2078 3551 2119 servus

1979 2153 2150 2221 magis
2175 2151 2454 2222 magisque
2497 2153 2564 2208 ad
2607 2154 2770 2209 Deum
2800 2156 3059 2211 accedere
3108 2157 3332 2212 deberet
3364 2157 3550 2226 (caete-

1976 2259 2094 2298 rum
2124 2259 2222 2311 par
2253 2254 2448 2300 eratut
2481 2245 2573 2316 qui
2601 2263 2819 2317 semper
2845 2249 3227 2315 meditabatur,
3251 2249 3553 2319 intelligen-

1980 2335 2111 2389 tiam
2137 2344 2510 2405 promoveret,
2543 2345 2599 2392 et
2620 2348 2854 2394 mentem
2885 2354 2983 2409 pro
3012 2339 3220 2395 viribus
3246 2339 3546 2403 excoleret,

1974 2427 2052 2481 ita
2115 2435 2176 2481 ut
2232 2427 2301 2482 ad
2355 2430 2667 2498 angelorum
2715 2430 3124 2484 similitudinem
3180 2431 3548 2499 eveheretur),

1975 2519 2307 2576 desideravit
2329 2522 2394 2575 ad
2427 2522 2715 2577 sacerdotii
2739 2523 3012 2593 fastigium
3037 2529 3355 2590 ascendere,
3387 2534 3552 2593 atque

1975 2613 2058 2666 sic
2086 2611 2178 2666 Dei
2213 2612 2618 2680 apparitoribus
2649 2627 2769 2668 sese
2797 2629 3112 2684 aggregare.
3147 2613 3328 2684 Cmpit
3369 2625 3550 2669 autem

1976 2719 2035 2759 se
2061 2713 2404 2773 prosternere
2435 2713 2564 2760 ante
2621 2715 2809 2773 portas
2859 2706 2975 2773 Dei,
3027 2710 3244 2776 quando
3306 2721 3427 2776 qum
3482 2706 3552 2760 ad

1975 2797 2227 2851 virtutem
2260 2798 2572 2851 conducunt
2605 2797 3162 2867 administrabantur;
3210 2798 3430 2864 deinde,
3457 2814 3552 2853 se-

299 2873 554 2924 ἐπονεῖτο
577 2888 590 2902 ·
624 2866 744 2925 εἶτα
769 2872 1144 2946 καιζητήσας
1190 2875 1568 2946 εύαγγελικῶς
1607 2878 1687 2940 ei:
1719 2878 1876 2949 εὗρε-

1982 2889 2210 2944 cundum
2241 2885 2616 2957 Evangelium,
2652 2891 2903 2958 quaesivit
2937 2901 2992 2944 ut
3031 2866 3321 2955 inveniret,
3353 2900 3404 2945 et
3438 2890 3556 2960 pul-

299 2979 410 3024 σιν,
447 2962 546 3018 καὶ
573 2962 814 3033 κρούσας
843 2967 924 3027 είς
952 2964 1155 3030 ἄνοιξιν
1177 2983 1190 2996 ο
1227 2968 1365 3036 μετά
1407 2967 1465 3020 δὲ
1495 2968 1756 3024 εἰσελθὼν
1777 2971 1873 3022 καὶ

1982 2981 2116 3033 savit
2142 2988 2199 3033 ut
2233 2978 2578 3046 aperiretur;
2613 2981 2809 3036 deinde
2831 2981 3051 3035 intravit
3078 2981 3553 3048 desideratumque

301 3051 433 3103 ἰδὼν
458 3052 550 3104 τὸν
589 3052 949 3122 ποθούμενον,
998 3059 1097 3109 καὶ
1151 3055 1460 3119 ἀκολούθως
1489 3061 1737 3128 ἐγγίσας,
1774 3064 1870 3115 καὶ

1982 3069 2110 3123 vidit
2137 3079 2191 3123 et
2226 3070 2696 3140 appropinquavit,
2744 3077 2798 3124 et
2847 3071 3096 3140 denique,
3157 3071 3231 3124 uti
3283 3071 3551 3124 desiderio

299 3145 400 3197 ἐπὶ
425 3146 593 3198 πᾶσιν
623 3146 866 3213 ἑνωθεὶς,
907 3147 1020 3201 εἶτε
1047 3149 1142 3202 καὶ
1179 3150 1530 3221 ἀνακραθεὶς,
1569 3151 1760 3223 ὥσπερ
1794 3152 1873 3225 τῷ

1982 3161 2117 3228 ejus,
2174 3161 2249 3214 ita
2307 3163 2471 3215 etiam
2526 3162 2922 3217 illuminatione
2974 3163 3121 3217 illinc
3173 3162 3548 3232 provenicnte,

299 3237 454 3307 πὲθῳ
485 3238 672 3303 αὐτοῦ,
705 3237 851 3292 οὕτω
883 3242 978 3294 καὶ
1000 3242 1120 3306 ταῖς
1148 3242 1355 3297 ἐκεῖθεν
1379 3243 1736 3314 ὲλλάμψεσιν.

1982 3252 2233 3308 onmibus
2268 3253 2453 3308 unitus
2491 3253 2604 3308 sive
2637 3255 2956 3310 commistus
2987 3264 3090 3309 est.

378 3371 461 3427 ιδ’.
502 3370 591 3434 Ὦς
613 3370 704 3426 οὖν
727 3375 823 3426 καὶ
849 3372 1010 3427 τοῦτο
1043 3374 1207 3428 καλὸν
1231 3370 1395 3447 ἦλθεν
1429 3377 1577 3447 αὐτῷ
1611 3378 1705 3432 ἐπὶ
1728 3377 1873 3445 νοῦν,

2049 3383 2138 3438 ιι.
2177 3382 2310 3438 Cum
2335 3383 2500 3454 igitur
2529 3382 2634 3439 hoc
2669 3382 2934 3439 laudabile
2969 3385 3309 3455 propositum
3341 3401 3406 3442 ex
3434 3385 3554 3440 ani-

299 3465 401 3516 καὶ
434 3464 724 3535 ὲξεφάνθη,
763 3466 858 3520 καί¹
892 3465 1234 3520 ἐκτελεῖσθαι
1268 3470 1495 3540 ἤρξατο,
1546 3471 1641 3522 καὶ
1671 3471 1699 3523 ὁ
1731 3469 1877 3539 ἱερὸς

1982 3473 2052 3530 mi
2081 3474 2387 3529 recessibus
2417 3474 2471 3528 in
2505 3473 2678 3529 lucem
2709 3474 2924 3544 prodire
2947 3485 3001 3531 et
3036 3478 3102 3531 ad
3123 3475 3373 3533 eﬂ‘ectum
3423 3493 3550 3548 per-

301 3554 491 3609 κανὼν
512 3556 695 3626 ἐζήτει
728 3557 828 3628 τὴν
859 3559 923 3611 ὲκ
957 3559 1274 3632 μαρτυριῶν
1322 3563 1584 3614 σύστασιν
1609 3579 1623 3593 ·
1651 3555 1717 3630 ἦν
1749 3562 1878 3615 ἰδεῖν

1982 3567 2101 3622 duci
2161 3566 2458 3638 coepisset,
2509 3577 2564 3623 et
2615 3569 2754 3622 sacri
2823 3583 3060 3624 canones
3119 3570 3551 3625 testimoniorum

301 3643 544 3698 ἐνταῦθα
590 3645 652 3698 οὐ
687 3645 1207 3717 προσκαλουμένους
1253 3649 1383 3711 τοὺς
1423 3653 1879 3720 μαρτυρήσοντας

1982 3659 2510 3713 commendationem
2547 3659 2928 3728 requirerent:
2977 3669 3101 3714 tunc
3133 3659 3354 3716 videres
3388 3671 3555 3718 testes

300 3734 508 3806 ἀρετὴν
554 3737 818 3790 παντοίαν
855 3736 1028 3806 αὐτῷ,
1072 3737 1196 3790 οὐδὲ
1233 3737 1367 3806 πρὸς
1396 3737 1619 3803 ἀξίωσιν
1659 3737 1881 3791 λαλοῦν-

1982 3748 2071 3818 qui
2103 3748 2466 3802 omnimodam
2503 3747 2645 3802 illius
2697 3749 2950 3803 virtutem
2977 3749 3388 3816 conﬁrmarent,
3445 3768 3550 3807 non

301 3846 430 3894 τας,
463 3829 497 3892 ἣ
540 3828 672 3883 ἀλλο
703 3847 756 3883 τι
784 3829 1034 3899 ὲφολκδν,
1065 3831 1227 3884 ὁποῖα
1265 3829 1440 3884 πολλὰ
1464 3831 1522 3883 ὲν
1560 3830 1674 3894 τοῖς
1704 3829 1882 3884 τοιού-

302 3937 421 3983 τοις
450 3919 805 3991 τεχνάζονται
831 3923 881 3974 οἱ
912 3922 989 3993 μὴ
1011 3922 1130 3975 κατ’
1152 3923 1357 3992 ἀρετὴν
1378 3922 1602 3977 αὐτόθεν
1631 3924 1883 3994 προλάμ-

305 4029 530 4076 ποντες,
580 4013 721 4068 ἀλλά
773 4013 926 4068 νόθον
989 4015 1104 4082 φῶς
1144 4014 1534 4084 ὲπικτώμενοι.
1598 4015 1673 4068 Οὐ
1703 4014 1884 4069 τοίνυν

303 4104 501 4173 κλητοὶ
533 4106 628 4158 καὶ
675 4105 978 4176 ὡρισμένοι
1030 4106 1345 4178 παρήγοντό
1387 4123 1535 4168 τινες
1569 4106 1880 4178 μάρτυρες’

305 4199 449 4252 ἀλλά
479 4197 602 4268 ἅμα
631 4197 896 4269 περιῆλθε
924 4199 1082 4268 φήμη
1119 4200 1247 4262 τοὺς
1272 4199 1595 4270 ἐγχωρίους,
1624 4199 1700 4261 ὠς
1733 4200 1762 4253 ὁ
1789 4198 1883 4251 τοῦ

303 4291 576 4361 Θεοφίλου
611 4290 727 4360 βίος
772 4291 1340 4361 πολυπραγμονεῖται,
1375 4294 1422 4344 εξ
1457 4291 1755 4360 ἐκλάμπει,
1789 4291 1884 4346 καὶ

307 4382 659 4454 προφανῆναι
690 4383 938 4451 ζητεῖται
962 4383 1043 4446 είς
1078 4383 1379 4453 ἱερωσύνην
1400 4383 1882 4454 προκαλουμένουο

305 4478 406 4531 καλ⁵
425 4475 501 4538 ὡς
533 4477 612 4539 είς
638 4474 895 4544 γλῶσσαν
932 4475 1064 4544 μίαν
1099 4475 1456 4537 συντακέντες
1498 4475 1740 4538 ἅπαντες
1787 4475 1881 4528 καὶ

305 4568 656 4631 ἐνθεάζοντες
683 4567 1026 4636 ὲμεγάλυνον
1052 4569 1144 4621 τὸν
1177 4567 1364 4636 ἄνδρα,
1389 4567 1489 4620 οὐκ
1516 4568 1883 4638 ἀγνοούμενον

306 4660 436 4715 οὐδὲ
463 4663 578 4724 τοῖς
608 4661 856 4732 ἐρωτῶσι
889 4661 956 4713 τὰ
986 4661 1104 4713 κατ’
1131 4661 1316 4714 αὐτόν.
1365 4659 1606 4722 Κανὸνος
1653 4661 1759 4730 γὰρ
1794 4660 1884 4711 εύ-

309 4752 550 4806 θυτάτου
604 4753 804 4804 ἐκεῖνοι
853 4751 1127 4821 ἐπλήρουν
1182 4750 1591 4822 παράγγελμα⁸
1649 4750 1711 4804 οὐ
1777 4749 1884 4820 μὴν

307 4845 488 4907 ἄλλως
512 4845 842 4915 ἡκριϐοῦντο
871 4845 1008 4914 πρὸς
1037 4845 1284 4912 ἄγνοιαν.
1319 4843 1609 4913 Ἐτελέσθη
1635 4843 1766 4912 γοῦν
1790 4844 1886 4896 κοιλ⁸

307 4941 370 4993 τὸ
406 4939 704 5009 ἱερώτατον
729 4937 902 5003 οὕτως
927 4939 1014 4991 ἐπ’
1069 4938 1220 5008 αὐτῷ
1245 4941 1476 5009 χρίσμα,
1507 4939 1601 4991 καὶ
1631 4939 1710 4999 είς
1737 4938 1887 5007 ἱερέα

307 5033 616 5097 καταστὰς,
640 5023 731 5084 οἷα
766 5031 859 5084 καὶ
898 5030 1077 5100 φωτὸς
1123 5030 1356 5099 ἄγγελος
1388 5031 1483 5082 καὶ
1527 5029 1754 5098 φλόγεος
1777 5030 1890 5082 λει-

303 5123 565 5194 τουργὸς,
597 5124 782 5176 οὐκέτι
830 5122 1068 5194 μιμητὸς
1120 5116 1211 5194 ἦν,
1247 5121 1368 5174 οὐδὲ
1415 5115 1525 5184 οἷος
1550 5119 1694 5191 ἔχειν
1725 5120 1891 5175 ἀνθά-

309 5220 536 5289 μιλλονο
571 5216 711 5271 ἀλλά
761 5215 1128 5277 διπλασιάσας
1156 5213 1279 5284 τὴν,
1308 5213 1382 5276 ὡς
1411 5213 1477 5267 ἄν
1505 5229 1588 5276 τις
1615 5213 1764 5284 εἴπῃ,
1801 5211 1892 5265 διὰ

305 5310 502 5365 πασῶν
530 5309 736 5379 ἀρετὴν
758 5305 1003 5378 μολπῶν,
1031 5305 1129 5359 καὶ
1158 5307 1218 5358 τὺ
1241 5304 1537 5374 ὑπέρτονον
1564 5302 1887 5373 ἁρμοσάμε-

304 5424 419 5470 νος,
453 5402 763 5474 ἀγγελικὴν
812 5399 1118 5469 ἐμμέλειαν
1170 5396 1520 5463 ἀνεϐάλλετο,
1555 5398 1674 5459 ταῖς
1714 5395 1888 5465 ἱεραῖς

308 5497 653 5568 παραμένων
686 5495 768 5558 είς
803 5493 968 5544 πλέον
1004 5490 1282 5555 συνάξεσι,
1322 5489 1489 5553 θείοις
1520 5488 1756 5558 ψαλμοῖς
1792 5487 1888 5540 καὶ

309 5591 504 5662 ὕμνοις
539 5583 958 5658 προστετηκὼς,
986 5581 1379 5650 ἀναγινώσκων
1400 5581 1472 5634 τὰ
1503 5581 1603 5651 μὲν
1634 5580 1722 5632 ἐπ’
1746 5579 1890 5646 ὠφε-

305 5683 426 5752 λείᾳ
447 5681 560 5734 τῶν
591 5676 994 5748 ἀκροωμένων,
1023 5676 1090 5728 τά
1115 5675 1171 5727 δὲ
1208 5674 1304 5728 καὶ
1334 5675 1651 5742 καταμόνας
1679 5672 1758 5734 εἰς
1793 5672 1891 5740 θη·-

308 5779 590 5845 σαρρισμα
642 5773 850 5845 ψυχῆς,
881 5767 978 5823 νῦν
1016 5768 1113 5836 μὲν
1153 5767 1331 5837 ἐαυτῷ
1365 5766 1761 5835 ἀποτιθέμενον
1793 5784 1889 5819 τα-

1982 3839 2346 3908 undecunque
2403 3839 2759 3909 conquisitos,
2799 3850 2892 3895 aut
2948 3842 3065 3910 ejus
3121 3842 3439 3913 dignitatem
3498 3855 3556 3898 et

1982 3931 2246 4001 quidquid
2280 3930 2346 3983 ad
2379 3946 2499 3984 eum
2531 3932 2955 4000 promovendum
2987 3935 3313 3991 conduceret
3341 3935 3553 4004 profes-

1984 4037 2095 4087 sos,
2127 4022 2579 4092 quemadmodum
2601 4038 2742 4092 saepe
2768 4025 2967 4079 accidit
2999 4026 3068 4080 de
3094 4025 3161 4081 iis
3196 4027 3289 4097 qui
3329 4044 3436 4082 non
3463 4043 3556 4084 so~

1984 4115 2096 4169 lum
2126 4114 2347 4184 propria
2385 4113 2590 4168 virtute
2620 4130 2726 4170 non
2762 4115 2964 4182 lucent,
3012 4118 3106 4172 sed
3150 4119 3336 4186 Spurio
3371 4119 3556 4174 asciti-

1987 4207 2170 4275 tioque
2199 4205 2407 4258 lumine
2443 4205 2748 4271 splendent.
2803 4206 2996 4278 Neque
3054 4209 3218 4279 igitur
3267 4213 3554 4267 convocati

1988 4299 2208 4370 quidam
2247 4307 2300 4354 et
2323 4297 2391 4351 ad
2440 4301 2544 4356 hoc
2587 4300 2839 4355 destinati
2886 4301 3174 4372 prodibant
3224 4312 3409 4369 testes,
3461 4305 3557 4360 sed

1991 4402 2156 4448 totam
2177 4394 2452 4464 regionem
2483 4395 2793 4464 pertransiit
2823 4393 2967 4448 fama
2984 4394 3050 4450 de
3078 4395 3410 4451 feracissima
3442 4397 3557 4450 vir-

1988 4494 2160 4541 tutum
2196 4486 2306 4540 vita
2343 4485 2629 4555 Theophili
2669 4491 2759 4560 qui
2786 4488 2851 4543 ad
2887 4488 3223 4556 splendidum
3264 4489 3557 4544 sacerdotii

1986 4579 2343 4633 ministerium
2402 4579 2684 4649 aspiraret,
2729 4587 2784 4633 et
2837 4579 3020 4634 cuncti
3077 4579 3228 4649 quasi
3279 4580 3333 4632 in
3393 4594 3554 4633 unam

1987 4673 2250 4740 compacti
2282 4669 2516 4738 linguam
2550 4679 2602 4724 et
2637 4670 2819 4722 divino
2847 4670 3070 4724 numine
3119 4669 3280 4723 alllati
3328 4670 3556 4724 summis

1986 4765 2237 4820 laudibus
2268 4765 2511 4820 extulere
2537 4763 2710 4816 virum
2740 4763 2828 4832 qui
2861 4770 2915 4816 et
2949 4761 3079 4830 ipsis
3111 4759 3557 4829 percontantibus

1991 4859 2132 4912 haud
2160 4858 2372 4926 ignotus
2400 4865 2538 4910 erat.
2587 4854 2650 4908 Hi
2685 4853 2940 4908 nimirum
2986 4854 3212 4907 canonis
3272 4851 3557 4906 rectissimi

1982 4958 2254 5019 praecepto
2288 4947 2724 5012 satisfaciebant,
2785 4947 2852 5001 de
2898 4946 2965 5000 iis
3008 4960 3128 5014 quae
3193 4944 3559 5007 nescireutur,

1987 5044 2130 5098 haud
2183 5041 2407 5098 nimium
2457 5039 2618 5094 anxie
2667 5038 3049 5106 disquirentes.
3100 5036 3360 5092 lnunctns
3395 5036 3562 5104 igitur

1985 5144 2069 5191 est
2102 5137 2204 5190 hoc
2234 5133 2392 5188 modo
2424 5132 2544 5187 oleo
2574 5131 2920 5187 sanetissimo
2952 5140 3006 5184 et
3036 5128 3101 5181 ad
3127 5127 3427 5183 sacerdotis
3451 5126 3562 5180 fas-

1988 5227 2177 5298 tigium
2219 5236 2515 5295 promotus.
2541 5224 2659 5289 Quo
2687 5222 2851 5285 facto,
2886 5219 3030 5274 velut
3055 5219 3193 5273 lucis
3242 5217 3464 5286 angelus
3503 5226 3560 5270 et

1983 5319 2210 5374 ﬂammae
2241 5321 2511 5383 minister,
2570 5315 2680 5385 iam
2723 5314 2994 5369 nemiuem
3030 5312 3218 5366 habuit
3251 5311 3343 5381 qui
3382 5310 3556 5380 ipsum

1985 5410 2250 5464 imitando
2280 5417 2686 5478 assequeretur,
2731 5405 2824 5458 sed
2873 5404 3115 5458 omnium
3163 5402 3445 5466 virtutum,
3499 5407 3558 5453 ut

1989 5495 2068 5549 ita
2095 5497 2299 5560 dicam,
2331 5500 2657 5548 concentum
2702 5492 2996 5546 intendens
3053 5499 3107 5544 et
3165 5489 3233 5544 ad
3286 5501 3558 5544 summam

1988 5584 2325 5639 harmoniam
2355 5584 2610 5647 evehens,
2643 5581 2885 5652 angelica
2940 5581 3263 5637 consnicuus
3314 5577 3418 5631 fuit
3449 5577 3558 5628 vita

1991 5672 2162 5742 Magis
2186 5672 2463 5741 magisque
2495 5671 2659 5741 igitur
2678 5670 2880 5725 sanctis
2901 5669 3182 5724 sacriﬁciis
3209 5682 3428 5737 operam
3462 5665 3553 5717 de-

1996 5767 2095 5830 dit,
2120 5765 2317 5820 divinis
2339 5764 2558 5834 psalmis
2586 5774 2640 5820 et
2676 5764 2892 5834 hymnis
2942 5762 3172 5825 iulimsit,
3201 5769 3251 5814 et
3279 5759 3382 5813 alia
3430 5757 3554 5826 legit
