4084 6446
521 325 624 390 155

1267 333 1310 390 Ε
1323 330 1683 392 [ῙΞΤΛΤΙΙΙΙ
1725 325 2172 390 TIIESSALON
2185 325 2430 387 iCENSi
2443 329 2483 388 S
2522 327 3089 388 ΜΕΤΒΟΡΟΙᾸΤΕ

3691 326 3797 390 ισίῑ

521 447 576 499 itt
605 448 946 498 ('Oilliltﬂtllllll
977 448 1308 510 atldlloi'nm,
1343 449 1444 500 alia
1489 451 1538 500 in
1600 461 1711 500 sua?
1758 445 1957 500 animae
1987 443 2096 497 the-

2212 443 2536 509 μιευτικῶς,
2563 444 2756 514 αῦριον
2784 443 2843 496 δὲ
2889 441 3343 514 προύλησόμενον
3381 440 3478 496 καὶ
3510 441 3625 504 τοῖς
3660 443 3800 495 ἁπο-

519 551 679 591 sauro
705 539 1028 600 recOndidit,
1062 549 1116 592 et
1160 555 1279 608 qua-
1313 540 1488 599 hodie.
1519 539 1643 593 boai
1687 536 1959 594 oeconomi
2017 536 2103 588 in-

521 643 658 696 star,
687 630 786 685 sibi
819 641 1146 698 reservarat,
1213 632 1498 702 postridie.
1555 632 1600 686 si
1651 632 1743 702 qui
1776 631 1842 689 iis
1894 629 2100 701 perfrui

521 720 914 787 desiderarent,
947 723 1094 794 larga
1122 738 1282 776 manu
1316 721 1674 791 exprompsit.

591 815 679 869 15.
725 814 828 870 Pro
879 815 1214 871 habitatione
1272 815 1588 885 plerumque
1642 813 1878 870 Habebat
1931 813 2098 868 aadem

521 906 778 969 divinam,
813 907 866 963 in
897 924 1002 978 qua
1033 909 1194 963 veluti
1219 909 1494 977 plantatus
1518 907 1916 977 pulcherrimos
1951 905 2103 959 i'ruc-

521 1007 608 1053 tus
639 998 781 1054 tulit.
831 997 1126 1056 Rarissime
1174 997 2101 1070 igitursoleumconspexitquibus

519 1091 668 1158 prius
696 1105 1017 1148 assueverat
1052 1108 1276 1163 operam
1309 1095 1553 1159 dantem,
1600 1093 1703 1148 nisi
1756 1091 1895 1149 forte
1933 1093 2001 1147 de
2035 1093 2100 1146 iis

519 1199 638 1252 qua:
671 1187 907 1240 maxime
938 1189 1249 1241 necessaria
1291 1195 1419 1241 sunt
1447 1186 1779 1252 hominibus,
1833 1185 2102 1252 dispicere

518 1286 744 1330 coactus
768 1287 936 1344 esset,
964 1296 1018 1333 ν.
1057 1295 1106 1334 c.
1157 1279 1223 1333 de
1279 1279 1640 1350 agricultura.
1690 1276 1876 1348 Neque
1928 1276 2099 1330 solum

517 1369 662 1422 enim
695 1385 789 1438 per
829 1386 1076 1426 mercena
1087 1373 1196 1427 rios
1221 1385 1421 1428 terram
1442 1373 1509 1426 ad
1527 1370 1904 1441 producendos
1923 1368 2102 1422 varios

521 1460 730 1516 fruetus
787 1462 1147 1518 eil‘odiendatn
1214 1466 1449 1527 curavit,
1513 1464 1608 1518 sed
1656 1463 1818 1518 etiam
1871 1461 2104 1530 propriis

519 1556 777 1610 manibus
823 1571 943 1610 eam
984 1557 1319 1624 sollicitavit,
1367 1556 1641 1612 laudabile
1671 1555 1776 1610 hoc
1818 1569 1935 1609 esse
1966 1569 2102 1622 opus

515 1646 770 1717 judicans
805 1657 861 1703 et
888 1649 1107 1705 homine
1139 1650 1384 1720 dignum.
1417 1648 1631 1703 Etenim
1663 1655 1718 1703 et
1766 1647 1818 1701 in
1863 1655 2006 1700 terra
2048 1652 2104 1699 et

522 1737 574 1791 in
603 1739 739 1792 tnari
765 1738 1017 1794 laborant
1045 1741 1326 1796 homines:
1351 1750 1405 1795 et
1440 1739 1608 1793 maris
1628 1738 1846 1809 quidem
1877 1736 2026 1792 labor
2049 1746 2102 1790 et

520 1829 755 1886 studium
802 1832 1105 1888 serioribus
1151 1835 1489 1904 temporibus
1524 1834 1827 1890 introducta
1878 1842 2005 1888 sunt
2047 1841 2100 1886 et

521 1923 732 1980 infensa
767 1926 834 1983 iis
859 1929 948 1996 qui
981 1928 1071 1983 diu
1103 1937 1156 1984 et
1180 1943 1371 1984 secure
1392 1930 1578 1985 vivere
1633 1929 1901 1999 cupiunt;
1958 1937 2100 1982 terra

521 2029 726 2085 autem,
779 2028 961 2089 utpote
1019 2033 1216 2087 mater,
1282 2022 1592 2078 desiderata
1631 2021 1809 2090 diligit
1835 2031 1889 2076 et
1918 2035 2103 2075 arnore

520 2109 902 2180 cenipiectitur
927 2126 1022 2168 eos
1061 2113 1152 2182 qui
1197 2114 1299 2183 ipsi
1341 2113 1643 2178 adhaerent,
1695 2123 1750 2168 et
1791 2109 2100 2180 Neptunum

520 2218 716 2259 arcens
739 2219 833 2260 eos
872 2205 964 2274 qui
1010 2218 1318 2276 opportuno
1369 2217 1616 2277 tempore
1660 2215 1858 2260 terram
1892 2205 2098 2271 colunt,

519 2305 836 2351 conservat.
872 2296 966 2351 Est
1010 2312 1176 2366 porro
1213 2297 1543 2367 agricultura
1594 2297 1795 2353 bonum
1833 2298 2103 2366 antiquis.

518 2387 740 2451 simum,
788 2401 923 2455 opus
978 2387 1180 2454 ditans,
1226 2403 1311 2444 res
1372 2387 1601 2456 pulchra
1653 2399 1706 2442 et
1766 2403 1980 2453 secura,
2011 2403 2100 2442 ars

520 2475 828 2558 hominibus
860 2487 1113 2547 cognata.

593 2568 680 2621 16.
725 2567 849 2621 Ι-ὶωο
879 2569 1044 2636 igitur
1065 2581 1116 2623 et
1138 2569 1335 2624 similia
1372 2571 1572 2639 quibus
1593 2572 1924 2644 agricultura
1944 2589 2096 2628 com-

519 2661 828 2727 mendatur,
864 2659 1208 2716 Philotheum
1238 2663 1304 2716 ad
1355 2662 1502 2718 illam
1557 2672 1918 2728 attraxerunt,
1956 2680 2096 2735 prae-

523 2757 668 2802 terea
701 2750 841 2818 quod
885 2749 1174 2805 sudoribus
1226 2751 1474 2820 corporis
1499 2752 1692 2808 sordes
1715 2754 2090 2822 detergentur,

519 2844 572 2888 et
594 2838 673 2890 sic
706 2837 867 2891 homo
900 2836 1061 2894 fortis
1100 2853 1164 2894 ac
1196 2840 1457 2895 robustus
1487 2839 1554 2894 ad
1596 2841 1861 2912 agendum
1916 2843 2094 2896 reddi~

520 2941 626 2986 tur.
665 2930 847 2998 Quare
878 2933 966 2990 hic
993 2949 1214 3005 quoque
1239 2935 1435 2990 melius
1469 2933 1777 3004 eligendum
1811 2934 2093 3004 essejutli-

516 3026 684 3088 cavit,
709 3035 763 3079 et
793 3040 918 3080 cum
973 3028 1139 3082 sciret
1165 3037 1426 3098 quantum
1482 3027 1699 3083 sudoris
1735 3026 1998 3098 agricola,
2037 3038 2094 3081 ut

2207 532 2395 588 λαύειν
2435 534 2739 591 ἐθέλουσιν.

2279 825 2362 874 ιε’.
2398 813 2561 880 Οἶκος
2610 817 2668 871 δὲ
2702 815 2854 886 αὐτῷ
2885 810 2956 888 ἦν
2983 814 3059 880 ὡς
3117 813 3193 867 τὰ
3227 812 3402 867 πολλὰ
3444 813 3475 866 ὁ
3529 813 3622 867 τοῦ
3653 813 3795 869 Θεοῦ

2203 907 2372 976 οἶκος,
2400 911 2458 964 ἐν
2513 903 2558 979 ᾧ
2602 905 2718 964 οἷον
2759 908 3172 978 πεφυτευμένος
3227 908 3510 978 κάρπιμον
3545 907 3796 962 ἔθαλλεν.

2217 1003 2407 1072 Ὀλιγα
2431 996 2526 1057 οὖν
2555 1001 2582 1054 ὁ
2613 1001 2768 1073 ἥλιος
2790 1000 2956 1055 αὑτὸν
2988 999 3139 1069 ἐώρα
3169 996 3658 1070 ἐμφιλοχωροῦντα
3681 1000 3799 1058 τοῖς

2205 1095 2402 1168 πρώην
2425 1095 2740 1166 συνήθεσιν,
2773 1092 2938 1147 ὁπότε
2960 1091 3124 1162 τυχὸν
3169 1090 3575 1160 ἐπισκέψασθαι
3608 1109 3659 1144 τι
3685 1090 3795 1143 ἔδει

2204 1189 2314 1243 τῶν
2339 1189 2441 1243 ὅσα
2470 1189 2586 1251 τοῖς
2615 1187 2756 1242 κατά
2785 1185 2995 1255 κόσμον
3028 1185 3446 1252 ἀναγκαιότατα
3465 1199 3479 1212 ο
3507 1183 3694 1236 ὁποῖον
3727 1183 3791 1253 δή

2203 1301 2256 1336 τι
2290 1281 2386 1335 καὶ
2417 1283 2450 1351 ή
2494 1279 2626 1350 περὶ
2674 1279 2783 1349 γῆν
2814 1277 2966 1348 αύτῷ
3015 1275 3274 1347 ἐργασία.
3323 1276 3552 1343 Ἥγάπα
3588 1275 3699 1347 γὰρ
3732 1276 3795 1328 ού

2209 1374 2370 1442 μόνον
2398 1371 2649 1443 θητικαϊς
2679 1371 2866 1442 χερσὶν
2891 1368 3264 1423 ἀνασκάλλειν
3295 1367 3395 1439 τὴν
3423 1367 3530 1436 γῆν
3561 1369 3641 1429 εἰς
3669 1386 3799 1418 παν·

2204 1464 2439 1519 τοδαπὸν
2493 1465 2774 1534 φύτευμα,
2831 1461 2972 1516 ἀλλὰ
3017 1463 3115 1515 καὶ
3147 1462 3310 1532 χερσὶ
3338 1460 3626 1514 πονεῖσθαι
3665 1461 3798 1526 περὶ

2203 1558 2397 1628 αὐτὴν,
2421 1557 2645 1626 εὐγενὲς
2677 1554 2838 1610 τοῦτο
2866 1555 3160 1624 ἐπικρίνας
3199 1554 3362 1624 ἔργον
3392 1549 3531 1607 εἶναι
3563 1555 3656 1606 καὶ
3689 1553 3792 1606 άν-

2207 1649 2412 1721 θρώπῳ
2469 1649 2770 1718 προσῆκον.
2826 1649 2989 1700 Δυεῖν
3041 1646 3153 1716 γὰρ
3184 1645 3414 1712 τούτων,
3471 1646 3577 1715 γῆς
3612 1661 3672 1696 τε
3700 1646 3797 1697 καὶ

2208 1741 2510 1812 Θαλάσσης,
2543 1741 2754 1810 ταύτης
2785 1739 2886 1808 μὲν
2918 1740 2951 1810 ἡ
2989 1736 3228 1806 ἐργασία
3268 1736 3600 1798 ἐπείσακτος
3635 1737 3793 1788 ῦστεο

2136 1797 2176 1853 Β
2209 1852 2300 1905 ρον
2331 1797 2556 1904 χρόνου,
2579 1833 2674 1885 καὶ
2873 1797 3228 1900 πεφιλημένη
3255 1832 3368 1892 τοῖς
3409 1797 3664 1882 ἐθέλουσι
3693 1847 3792 1898 μα-

2205 1928 2313 1995 κρά
2337 1943 2392 1979 τε
2427 1925 2528 1995 ζῇν
2563 1927 2659 1980 καὶ
2697 1925 2960 1978 ἀκίνδυνα
2981 1937 2994 1952 ⁸
3028 1923 3102 1994 γῆ
3127 1923 3183 1976 δὲ
3213 1922 3550 1992 ποθουμένη,
3574 1921 3674 1974 ὅσα
3700 1924 3796 1974 καὶ

2209 2020 2418 2090 μήτηρ,
2477 2019 2625 2087 φιλεί
2659 2034 2716 2070 τε
2751 2018 2846 2070 καὶ
2888 2016 3196 2079 ἀσπάζεται
3247 2015 3376 2079 τοὺς
3408 2013 3796 2076 κυπτάζοντας

2205 2113 2334 2180 περὶ
2373 2111 2561 2182 αὐτὴν,
2599 2110 2694 2163 καὶ
2725 2110 2815 2162 τὸν
2851 2108 3145 2178 Ἀσφάλιον
3175 2105 3549 2177 προῖσχομένη
3600 2122 3800 2172 συντη-

2205 2207 2292 2275 ρεί
2325 2205 2453 2267 τοὺς
2506 2203 2918 2272 γεηπονοῦντας
2981 2203 3062 2267 εἰς
3127 2201 3366 2272 καίριον.
3412 2200 3522 2253 Καὶ
3576 2198 3728 2250 ἔστιν
3759 2199 3794 2266 ή

2202 2293 2501 2378 γεωργίαὴ
2532 2293 3022 2362 ὁπωσοῦν”ἀγαθὸν
3075 2291 3398 2362 ἀρχέγονον,
3431 2288 3798 2343 πλουτοποιὸν

2203 2383 2387 2455 ἔργον,
2416 2383 2699 2440 ἀκίνδυνον
2726 2382 2914 2449 καλὸν,
2942 2384 3106 2454 τέχνη
3143 2383 3418 2452 συγγενὴς
3449 2379 3792 2448 ἀνθρώποις.

2277 2575 2372 2636 ις’.
2412 2568 2600 2622 Ταῦτά
2656 2585 2714 2620 τε
2775 2567 2890 2632 οῦν,
2923 2567 3020 2620 καὶ
3064 2567 3164 2620 ὅσα
3217 2567 3446 2620 τοιαῦτα
3481 2566 3657 2634 σεμνᾶ
3687 2565 3795 2634 τῆς

2203 2661 2545 2732 γεωργικῆξ,
2598 2659 2858 2714 καθεῖλκε
2913 2659 3007 2713 τὸν
3039 2658 3292 2712 Φιλόθεον
3323 2660 3404 2721 εἰς
3454 2657 3653 2728 αὐτὴν,
3692 2658 3796 2711 καὶ

2201 2757 2282 2811 ὅτι
2305 2755 2399 2810 τοῦ
2436 2754 2578 2808 κατὰ
2601 2754 2762 2825 σῶμα
2787 2753 2965 2823 πηλοῦ
3009 2752 3324 2822 ἐξικμάζει,
3357 2751 3452 2804 καὶ
3477 2750 3623 2803 οὕτω
3656 2767 3787 2802 στε-

2200 2849 2367 2912 γανὸν
2390 2850 2599 2902 ἐκεῖνον
2623 2848 2772 2900 ποιεῖ
2799 2849 2891 2899 καὶ
2917 2844 3246 2916 καρτερικὸν
3269 2845 3350 2906 εἰς
3375 2845 3535 2914 ἔργα.
3565 2842 3790 2912 Ἐφιλο·

2206 2943 2410 3013 σόφησε
2457 2941 2659 3003 τοίνυν,
2695 2940 2815 2992 δέον
2871 2933 3015 2990 εἶναι
3073 2935 3358 2990 κάνταῦθα
3419 2937 3699 3006 ἐπικρῖναι
3723 2935 3792 2988 «ca

2203 3039 2449 3107 κρεῖττον
2467 3053 2482 3065 ’
2510 3035 2604 3089 καὶ
2627 3032 2807 3095 εἰδὼς,
2832 3033 3029 3085 ὁπόσον
3047 3031 3247 3100 ἱδρῶτα
3273 3031 3354 3092 εἰς
3384 3030 3505 3082 δέον
3529 3029 3792 3093 ἐκδλύζει

516 3114 689 3168 oiTu-io
716 3117 1038 3183 satisfaciat,
1073 3133 1102 3173 e
1129 3134 1355 3188 corpore
1389 3115 1702 3189 profundat,
1725 3117 1991 3188 siquidem
2024 3117 2087 3171 ad

2204 3130 2312 3182 τῶν
2345 3127 2563 3198 σαρκῶν
2583 3128 2610 3179 ὁ
2639 3124 2957 3194 γεωπονῶν,
2979 3122 3169 3176 καθότι
3201 3124 3296 3176 καὶ
3319 3123 3378 3176 ὲν
3401 3121 3590 3192 ἱδρῶτι
3611 3138 3791 3190 προσ-

515 3208 906 3262 ευηιοιιειιόιιιιι
939 3225 1130 3279 panem
1166 3218 1406 3264 nostrum
1434 3209 1484 3262 in
1533 3210 1732 3264 sudore
1763 3207 1920 3263 faciei
1958 3222 2090 3262 con-

515 3299 753 3356 demnati
785 3317 997 3369 sumus,
1025 3314 1078 3359 et
1105 3319 1223 3358 cum
1247 3303 1504 3358 sudorem
1539 3318 1602 3358 ac
1637 3303 1777 3358 bona
1818 3303 1942 3358 inde
1969 3317 2092 3372 pro-

515 3393 734 3450 ﬂuentia
779 3407 1140 3466 compararet,
1177 3403 1340 3464 atque
1376 3396 1490 3450 haec
1524 3395 1734 3450 lancem
1792 3393 2097 3463 deprimere

516 3487 905 3558 perspexisset,
955 3488 1097 3542 hanc
1137 3499 1307 3541 artem
1361 3485 1704 3555 amplectitur
1761 3492 1948 3554 utpote
1979 3498 2096 3552 quae

513 3580 682 3632 vitam
711 3587 1041 3632 sustentaret
1079 3586 1134 3630 et
1168 3592 1387 3631 carnem
1415 3585 1756 3631 extenuaret.
1795 3575 1885 3629 Sic
1925 3575 2094 3626 virtu-

515 3680 625 3724 tem
658 3669 818 3724 simul
849 3684 973 3724 cum
1013 3670 1158 3724 victu
1201 3669 1448 3725 lucratus
1492 3678 1547 3722 ct
1589 3676 1752 3723 terra:
1809 3668 1947 3722 bona
1975 3681 2095 3736 quae

513 3761 676 3816 etiam
703 3762 755 3814 in
783 3761 1020 3815 animam
1049 3760 1415 3815 redundarent
1447 3771 1658 3826 nactus,
1691 3770 1741 3815 et
1775 3760 1888 3816 suis
1931 3756 2092 3812 fami-

516 3853 766 3919 liaribus,
799 3863 854 3906 et
881 3853 1210 3922 pauperibus
1241 3867 1271 3906 e
1298 3852 1432 3922 justi
1460 3852 1666 3907 laboris
1704 3861 1967 3922 proventu
2002 3867 2095 3908 ne-

515 3944 759 4004 cessaria
794 3945 1094 4000 distribuit.
1127 3943 1417 4014 Nunquam
1455 3945 1598 4000 enim
1641 3945 1849 4000 destitit
1891 3946 2097 3999 exhau-

515 4039 626 4094 rire
653 4038 857 4091 fontem
894 4049 1050 4091 suum
1096 4037 1147 4089 in
1196 4037 1431 4106 gratiam
1465 4050 1654 4090 eorum
1692 4035 1784 4105 qui
1849 4035 2091 4100 sitirent,

515 4134 694 4188 minus
723 4130 824 4187 sibi
847 4140 900 4186 et
925 4129 1060 4195 suis,
1090 4144 1250 4200 quam
1283 4128 1540 4186 fratribus
1564 4130 1616 4184 in
1642 4130 1857 4186 Christo
1887 4143 2094 4185 censu-

513 4226 652 4282 lens.

587 4321 678 4375 17.
721 4319 847 4376 llaec
875 4330 1056 4376 autem
1091 4318 1273 4375 omnia
1299 4332 1404 4371 non
1451 4314 1624 4370 solum
1682 4313 2004 4380 eﬂ'ecerunt,‘
2037 4320 2096 4367 ut

514 4421 738 4467 sanctus
766 4413 848 4465 vir
882 4411 1216 4473 laudaretur,
1247 4419 1300 4463 et
1327 4411 1466 4462 bona
1503 4406 1644 4460 fama
1679 4405 2009 4476 Splenderet,
2038 4412 2092 4459 et

2201 3219 2353 3272 ώπου
2403 3220 2601 3287 φαγεῖν
2631 3217 2722 3270 τὸν
2761 3217 2931 3286 ἄρτον
2966 3215 3127 3284 ἡμῶν
3181 3213 3658 3285 κατακεκρίμεθα,
3687 3213 3793 3266 καὶ

2202 3309 2571 3371 ταλαντεύσας
2630 3307 2768 3378 πρὸς
2813 3307 3023 3359 ἐκεῖνον
3057 3305 3125 3358 τά
3163 3304 3223 3368 ἐξ
3259 3303 3424 3356 αὑτοῦ
3469 3304 3635 3367 καλά,
3687 3303 3792 3355 καὶ

2200 3401 2494 3454 καθέλκειν
2525 3399 2668 3452 αὐτὰ
2703 3399 2879 3468 ῥοπῆς
2914 3396 3062 3467 λόγῳ
3111 3395 3385 3464 διαγνοὺς,
3447 3397 3656 3464 γίνεται
3683 3393 3793 3464 τῆς

2200 3493 2398 3563 τέχνης
2432 3491 2639 3562 ταύτης
2672 3493 2754 3554 εἰς
2793 3489 2908 3559 βίου
2942 3507 3001 3542 τε
3035 3489 3310 3560 πορισμὸν
3339 3489 3436 3541 καὶ
3459 3488 3615 3558 τῆξιν
3649 3503 3790 3554 σαρ-

2202 3585 2348 3637 κῶν·
2387 3583 2480 3636 καὶ
2537 3582 2741 3654 ἀρετὴν
2803 3587 2861 3638 ὲν
2913 3579 3101 3651 ταυτῷ
3135 3580 3232 3634 καὶ
3272 3579 3386 3649 βίον
3411 3579 3788 3648 τεχνώμενος,

2200 3677 2295 3731 καὶ
2318 3676 2462 3730 οὓτω
2489 3676 2854 3747 ποριζόμενος
2886 3676 2956 3730 τὰ
2985 3677 3048 3728 ὲκ
3080 3676 3184 3743 γῆς
3215 3672 3399 3740 ἀγαθὰ
3431 3672 3789 3726 διαϐαίνοντα

2199 3769 2296 3823 καὶ
2321 3771 2377 3832 ἐς
2409 3769 2610 3839 ψυχὴν,
2645 3771 2756 3832 τοῖς
2789 3786 2850 3822 τε
2881 3767 3104 3830 οἰκείοις
3132 3763 3428 3835 ὲπεμέτρει
3458 3764 3518 3816 τὸ
3551 3764 3788 3834 ἀρκοῦν,

2198 3865 2293 3918 καὶ
2321 3866 2433 3928 τοῖς
2463 3863 2746 3934 δεομένοις
2792 3866 2857 3916 ἐκ
2896 3861 3127 3916 δικαίων
3160 3861 3500 3931 πονημάτων
3531 3859 3789 3929 ὲσιτομέ-

2197 3975 2314 4027 τρει
2347 3959 2415 4011 τὰ
2443 3957 2654 4011 δέοντα.
2710 3957 2984 4011 Οὐδέποτε
3035 3955 3146 4026 γὰρ
3179 3953 3323 4009 ἀνίει
3356 3953 3634 4018 ἐξαντλῶν
3682 3953 3788 4023 τὴν

2199 4047 2497 4117 παράύτῷ
2516 4047 2830 4118 περιούσιον
2852 4047 3154 4118 δεξαμενὴν
3178 4047 3294 4107 τοῖς
3321 4043 3552 4114 διψῶσιν
3581 4043 3785 4111 αὐτῆς,

2197 4140 2258 4192 οὔ
2280 4139 2745 4210 τοσοῦτον.ὲαυτῷ
2785 4142 2881 4196 καὶ
2915 4142 3027 4202 τοίς
3073 4137 3242 4192 αὑτοῦ
3283 4134 3644 4204 πονούμενος,
3698 4135 3784 4195 εἰς

2197 4233 2322 4286 ὅσον
2349 4235 2464 4297 τοϊς
2496 4233 2555 4287 ὲν
2583 4233 2808 4304 Χριστῷ
2835 4233 3110 4302 ἀδελφοῖς.

2269 4319 2358 4385 ιζ’.
2386 4319 2568 4375 Ἦσαν
2589 4322 2646 4375 δὲ
2674 4323 2784 4392 ἄρα
2813 4324 2990 4375 πάντα
3020 4323 3196 4375 ταῦτα
3227 4321 3308 4393 τῷ
3343 4321 3486 4390 ἁγίῳ
3511 4319 3574 4373 ού
3615 4319 3784 4389 μόνον

2199 4411 2350 4466 αἴτια
2381 4412 2476 4465 τοῦ
2511 4412 2699 4477 ἁπλῶς
2727 4415 2787 4467 ὲν
2820 4413 2920 4484 βίῳ
2948 4412 3344 4484 σεμνύνεσθαι,
3376 4411 3473 4466 καὶ
3503 4409 3786 4472 εύκλεῑαις

512 4506 728 4561 celeber
785 4513 935 4559 esset
989 4503 1170 4558 verbis
1195 4509 1249 4556 et
1313 4500 1470 4555 iactis
1533 4500 1732 4568 quibus
1785 4499 1997 4553 tbeorta
2034 4506 2091 4550 et

2202 4499 2601 4571 ἐλλάμπεσθαι,
2632 4469 2726 4556 καὶ
2747 4469 3136 4571 ἐνιλόγοιςΙκαὶ
3157 4505 3216 4557 ὲν
3243 4469 3428 4574 ἔργοις
3453 4496 3595 4555 εἶναι
3618 4517 3685 4552 πε
3698 4469 3783 4569 ριἰ

512 4596 702 4666 praxis
736 4595 1126 4650 constituitur:
1157 4591 1250 4646 sed
1289 4591 1476 4645 habuit
1505 4589 1672 4644 etiam
1691 4604 1962 4645 summum
1986 4604 2090 4642 au-

510 4687 698 4741 xilium
721 4687 980 4742 divinitus
1003 4686 1214 4749 datum,
1267 4682 1426 4752 quale
1472 4681 1615 4736 Deus
1637 4683 1939 4736 concedere
1955 4683 2094 4738 solet

515 4780 622 4836 illis
666 4780 756 4848 qui
810 4781 985 4850 ipsum
1029 4791 1374 4847 sunnnopere
1430 4775 1765 4842 desiderant,
1799 4777 2091 4831 examinati

513 4873 771 4926 nimirum
799 4871 1046 4926 desiderii
1073 4871 1352 4936 praemium
1376 4867 1873 4938 splendidissimum
1898 4883 2093 4937 repen-

513 4962 672 5016 dens.
702 4959 1070 5030 Praeterquam
1103 4961 1248 5014 enim
1276 4959 1424 5029 quod
1455 4959 1696 5028 alioquin
1727 4959 2095 5028 indigentibus

514 5051 773 5106 auxilium
810 5051 974 5105 ferret
1004 5065 1100 5118 per
1124 5065 1312 5118 preces
1328 5061 1382 5105 et
1407 5051 1719 5105 unctionem
1740 5048 1884 5120 (oleo
1907 5050 2095 5106 exsul-

514 5145 758 5208 talionis,
779 5143 855 5197 uti
881 5141 1214 5196 Psalmorum
1233 5152 1423 5196 auctor
1447 5142 1524 5195 ait
1541 5141 1610 5212 ⁸),
1634 5150 1689 5195 et
1706 5156 1967 5196 manuum
1995 5142 2098 5197 im-

516 5237 866 5306 positiouem,
923 5236 1085 5292 etiam
1151 5250 1344 5304 magna
1406 5235 1531 5289 iecit
1583 5234 1868 5299 miracula,
1927 5251 2096 5306 panes

515 5329 759 5398 aliasque
789 5343 875 5382 res
901 5327 969 5383 ad
991 5327 1190 5381 victum
1217 5327 1552 5382 necessarias
1573 5343 1602 5382 e
1624 5327 1862 5382 minimis
1892 5327 2096 5397 princi-

517 5421 621 5490 piis
665 5419 730 5474 ad
766 5433 1019 5490 magnum
1079 5432 1363 5471 numerum
1428 5418 1729 5488 adaugens,
1793 5419 2091 5475 secundum

521 5510 806 5566 Dominum
839 5511 930 5579 qui
964 5508 1249 5566 verissime
1288 5509 1556 5578 promisit,
1587 5511 1733 5580 quod
1763 5508 1798 5564 ii
1857 5511 1950 5579 qui
1986 5510 2085 5579 ipsi

517 5603 764 5658 serviunt
796 5603 982 5657 eadem
1012 5615 1132 5671 qua:
1167 5599 1253 5655 ille
1306 5600 1452 5666 iecit,
1501 5599 1602 5670 ipsi
1647 5613 1862 5670 quoque
1890 5600 2083 5656 facturi

588 5785 608 5816 ⁸
641 5786 782 5848 Psal.
826 5804 970 5858 μιν,
1007 5791 1058 5846 8.

2191 4592 2447 4660 ϐλεπτον,
2500 4595 2571 4648 δι’
2619 4587 2695 4648 ὧν
2727 4595 2931 4666 θεωρία
2976 4595 3344 4664 κατορθοῦται
3392 4595 3490 4647 καὶ
3542 4595 3779 4664 πρᾶξις·

2191 4685 2331 4738 ἀλλὰ
2364 4685 2456 4738 καί
2502 4702 2589 4748 τις
2645 4689 2887 4758 μεγίστη
2919 4686 3214 4757 προσθήκη
3265 4687 3331 4740 ὲκ
3360 4685 3524 4750 Θεοῦ,
3581 4686 3784 4739 ὁποίαν

2193 4777 2358 4840 αὐτὸς
2388 4772 2528 4830 οἶδεν
2553 4779 2876 4848 ὲπιμετρείν
2914 4780 3030 4842 τοῖς
3083 4779 3272 4851 ἄκρως
3299 4777 3562 4832 ποθοῦσιν
3593 4778 3784 4845 αὐτὸν,

2195 4869 2664 4939 ἐξαριθμούμενος
2696 4871 2788 4924 τὸν
2839 4871 3030 4936 πόθον,
3062 4872 3159 4924 καὶ
3197 4871 3570 4942 ἀντάλλαγμα
3599 4871 3784 4936 διδοὺς

2193 4963 2256 5016 τὸ
2291 4963 2582 5033 μεγαλεῖον
2615 4967 2713 5034 τῆς
2751 4963 2975 5027 δόσεως.
3008 4963 3143 5034 Δίχα
3176 4964 3286 5034 γὰρ
3309 4963 3402 5017 τοῦ
3436 4964 3612 5026 ἄλλως
3646 4963 3785 5034 βοη-

2195 5054 2311 5107 θεῖν
2336 5060 2448 5117 τοτς
2480 5055 2744 5126 χρῄζουσι
2776 5055 2865 5108 διά
2885 5073 2944 5108 τε
2981 5055 3162 5125 εὐχῶν
3188 5056 3282 5109 καὶ
3313 5055 3548 5126 ἀλοιφῆς
3569 5055 3783 5125 (ἐλαίου

2193 5146 2598 5214 ἀγαλλιάσεως,
2618 5148 2761 5201 κατὰ
2786 5147 2879 5200 τὸν
2908 5147 3222 5218 Ψαλμῳδδν
3243 5148 3285 5218 ),
3313 5151 3406 5203 καὶ
3428 5149 3630 5220 χειρῶν
3655 5151 3782 5204 ἐπι-

2194 5234 2254 5287 θέ
2269 5253 2417 5297 ιεως,
2439 5238 2534 5289 καὶ
2551 5237 2815 5306 τεράστια
2840 5238 3245 5309 κατειργάζετο
3275 5239 3554 5309 θαύματα,
3576 5239 3784 5310 ἄρτους

2196 5344 2257 5380 τε
2289 5328 2384 5382 καὶ
2414 5328 2580 5382 λοιπὰ
2617 5331 2738 5382 σῖτα
2775 5330 2834 5396 ἐξ
2858 5331 3128 5401 ἀφορμῶν
3173 5331 3468 5398 ὀλιγίστων
3492 5339 3571 5394 εἰς
3606 5333 3783 5384 πολὺν

2192 5420 2431 5492 ἀριθμὸν
2470 5421 2787 5494 πληθύνων,
2839 5424 2985 5476 κατὰ
3017 5424 3111 5476 τὸν
3142 5423 3393 5494 ἀψευδῶς
3445 5421 3782 5489 ἐπαγγειλά-

2197 5531 2358 5583 μενον
2383 5512 2609 5584 Κύριον,
2639 5514 2715 5578 ὠς
2746 5517 2793 5567 οἱ
2826 5515 2991 5568 αὑτὸν
3016 5515 3474 5586 θεραπεύσαντες,
3506 5513 3541 5567 ἃ
3565 5515 3780 5577 ἐκεῖνος

2196 5605 2359 5670 ποιεῖ,
2414 5605 2507 5658 καὶ
2541 5606 2700 5662 αὐτοὶ
2734 5608 3050 5678 ποιήσουσι,
3100 5605 3195 5662 καί
3230 5623 3334 5659 που
3387 5604 3482 5658 καὶ
3517 5602 3772 5676 μείζονα·
