4084 6442
260 374 367 442 157

1184 377 1338 440 LAU
1353 376 1582 439 DATIO
1621 377 1685 441 S.
1718 376 2154 443 PHILOTHEI
2199 377 2615 450 OPSICIANI.

3439 367 3547 433 158

258 501 360 557 καὶ
377 497 650 569 ταμιείων
673 496 834 552 οὒδδν
864 495 1119 566 ἐχόντων,
1169 494 1307 549 ἀλλά
1350 493 1636 559 παντελῶς
1666 493 1846 550 διακέ-

1956 497 2091 566 sint,
2132 506 2188 554 et
2214 497 2450 557 fortasse
2481 499 2712 572 majora.
2739 482 2966 568 Quando
3006 494 3150 551 enim
3183 492 3375 549 horrea
3402 490 3542 548 nihil

261 609 389 657 νων,
432 587 689 659 ἐκφορῶν
731 588 847 652 τοῖς
898 589 958 642 ἐν
1006 585 1183 658 ἐνδείᾳ
1231 586 1302 641 τά
1334 587 1623 659 χρήσιμα,
1661 586 1758 641 καὶ
1781 587 1842 640 οὗ

266 683 429 754 μόνον
487 680 649 749 αὐτὸ,
682 680 827 735 ἀλλά
865 679 962 735 καὶ
1011 673 1156 734 οἶνον
1193 680 1494 751 σχεδιάζων
1517 682 1659 737 κατά
1687 680 1750 736 τὸ
1782 680 1843 734 ἐν

262 777 426 849 Κανᾷ
462 774 653 846 θαῦμα
675 775 740 827 τὸ
760 772 1143 843 εὐαγγελικδν,
1191 774 1288 827 καὶ
1317 772 1492 837 οὕτως
1520 773 1674 843 ἄρτῳ
1742 771 1844 841 μὲν

260 866 565 937 στηρίζων,
617 866 750 936 οίνῳ
801 863 859 918 δέ
885 864 1196 935 εὐφραίνων
1225 864 1328 928 τάς
1355 864 1465 918 τῶν
1501 862 1844 935 δεδεημένων

258 953 519 1022 καρδίας.
565 951 808 1021 Λέγεται
857 953 967 1025 γάρ
1022 954 1116 1008 καὶ
1148 955 1491 1021 πιστεύεται,
1521 954 1605 1007 ὅτι
1651 953 1844 1022 καιρός

254 1061 345 1106 τις
394 1038 467 1114 ἦν
497 1043 656 1109 τότε,
716 1044 815 1097 καὶ
860 1044 1004 1108 οἶνος
1069 1044 1173 1099 οῦκ
1216 1040 1287 1117 ἦν
1342 1047 1456 1110 τοῖς
1510 1045 1677 1100 αὑτοῦ
1724 1046 1847 1100 ἐπι-

253 1129 426 1185 δεέσι.
459 1133 570 1187 Καὶ
610 1133 771 1187 αὐτοὶ
800 1134 900 1202 μὲν
928 1135 1153 1190 ἐλάλουν
1173 1136 1242 1190 τὰ
1263 1136 1401 1211 πρὸς
1431 1138 1666 1201 ἱκεσίαν,
1705 1137 1846 1208 ὑπὲρ

251 1215 322 1274 οῦ
355 1222 671 1278 ἐλείποντο·
702 1225 732 1277 ὁ
764 1224 822 1278 δὲ
848 1224 980 1289 Θεὸς
1004 1226 1277 1297 ἐπήκουέ,
1306 1228 1404 1281 καὶ
1450 1226 1527 1299 τῷ
1556 1227 1722 1281 αὐτοῦ
1757 1227 1845 1281 θε-

256 1313 498 1385 ράποντι
544 1314 789 1386 Φιλοθέῳ
836 1316 1116 1384 ἐπιτάξας,
1165 1316 1551 1386 κατεπράξατο
1574 1318 1644 1372 δι’
1675 1318 1843 1374 αὐτοῦ

250 1406 323 1460 τὸ
353 1405 545 1461 καλόν.
591 1406 871 1476 Ποτάμιον
897 1408 1008 1480 γάρ
1036 1426 1090 1462 τι
1140 1408 1306 1464 αὐτοῦ
1359 1429 1464 1465 που
1503 1413 1842 1484 παραρρέον,

252 1496 392 1551 ἔνθα
418 1497 453 1568 ὴ
481 1497 692 1568 δέησις,
717 1499 797 1562 είς
823 1494 966 1552 οἶνον
993 1500 1280 1570 μετέὸαλε,
1318 1501 1554 1570 σταυρὸν
1583 1503 1847 1568 τυπώσας

254 1590 358 1641 καὶ
412 1589 815 1658 ἐπευξάμενος.
873 1590 936 1643 El
963 1590 1021 1644 δέ
1079 1591 1256 1662 πέτρα
1283 1591 1595 1664 παλαιτάτη
1655 1593 1842 1664 ἐκείνη

257 1680 453 1752 ράὃδφ
506 1680 783 1751 πληγεῖσα
832 1682 979 1754 ὕδωρ
1033 1684 1320 1756 ἐξέρρηξε,
1384 1684 1479 1738 καί
1508 1701 1592 1748 τις
1614 1686 1687 1756 γῆ
1722 1686 1847 1756 μέλι

256 1775 359 1828 καὶ
378 1774 525 1842 γάλα
544 1774 859 1847 θαυμασίαν
884 1774 1052 1848 ἔφηνε
1081 1778 1367 1849 σύρροιαν,
1389 1777 1485 1832 καὶ
1507 1778 1751 1849 ποταμοὶ
1764 1778 1845 1845 δὲ,

259 1866 314 1918 οἱ
349 1864 448 1921 καὶ
480 1865 636 1921 αὐτοὶ
662 1860 952 1940 γραφικοὶ,
978 1873 1058 1933 είς
1083 1863 1224 1940 αἷμα
1254 1871 1682 1942 μετετράτιησαν
1702 1888 1716 1903 ν
1744 1888 1850 1925 πα·
1880 1858 1923 1913 Β

262 1960 584 2031 ραπηκτέον
607 1963 732 2025 ταῖς
759 1963 1085 2033 μεταϐολαῖς
1100 1964 1343 2028 ἐκείναις
1363 1967 1456 2019 καὶ
1488 1962 1636 2020 οῐνον
1660 1966 1850 2021 τοῦτον

259 2051 503 2122 ποταμῷ
547 2051 843 2122 ῥεύσαντα,
876 2054 939 2108 οὐ
989 2055 1269 2128 σταφυλῆς
1293 2052 1473 2110 αὐτὸν
1494 2054 1636 2127 αἷμα
1656 2097 1672 2123 ,
1703 2058 1848 2113 εἴποι

258 2142 333 2196 ἂν
352 2143 384 2195 δ
406 2145 702 2213 μωσαῖκῶς
728 2145 1067 2218 ληνοσατῶν,
1090 2149 1272 2216 δεξιᾶς
1294 2149 1627 2218 δὲῪψίστου
1647 2150 1849 2222 βροχὴν

259 2234 539 2302 ἑκούσιον,
598 2237 997 2311 ἀφωρισμένην
1026 2242 1141 2304 τοῖς
1180 2240 1463 2310 δεομένοις
1494 2243 1702 2304 αὐτοῖς.
1739 2242 1851 2296 Καὶ

257 2325 328 2396 δὴ
360 2326 665 2399 θεωρητέον
693 2330 952 2397 ἐνταῦθα,
981 2331 1064 2386 ὅτι
1091 2331 1227 2385 Θεοῦ
1259 2332 1577 2397 δεδωκότος,
1605 2332 1701 2387 τοῦ
1739 2334 1849 2388 τῶν

260 2415 614 2487 θαυμασίων,
666 2420 762 2473 τοῦ
793 2420 902 2475 τῶν
928 2420 1199 2490 τεράτων,
1234 2423 1330 2478 τοῦ
1385 2424 1497 2478 τῶν
1534 2425 1844 2495 δυνάμεων,

257 2507 356 2562 τοῦ
386 2511 493 2580 τῆς
524 2510 808 2581 ἀληθείας,
840 2513 951 2568 (Bob
973 2514 1162 2585 θαῦμα
1188 2515 1348 2570 τοῦτο
1382 2516 1567 2587 μεῖζόν
1590 2534 1644 2570 τι
1667 2516 1764 2571 τοῦ
1789 2518 1849 2571 ἐν

258 2600 447 2673 Κανᾷ.
479 2602 735 2676 καθάπερ
765 2606 931 2672 αὐτὸς
961 2607 1350 2680 ἐπηγγείλατο.
1391 2608 1470 2664 Οὐ
1515 2609 1665 2665 πίθοι
1713 2609 1845 2680 γὰρ,

260 2695 389 2751 οὐδὲ
445 2695 732 2764 πιθάκναι,
787 2700 912 2754 οὐδὲ
956 2702 1246 2773 ἀμφορεῖς,
1301 2702 1422 2770 οὐδὲ
1450 2703 1693 2772 λάγυνοι,
1725 2703 1848 2758 οὐδὲ

262 2785 436 2856 βίκοι,
477 2790 753 2860 ποτάμιον
793 2791 854 2845 δὲ
886 2790 1008 2847 ὅλον
1044 2794 1176 2865 οϊνῳ
1230 2792 1425 2865 βλύξον
1449 2793 1539 2848 διά
1569 2793 1664 2848 τοῦ
1693 2794 1849 2849 Φιλοο

261 2878 415 2947 θέου,
453 2884 720 2955 προρῤέει
756 2886 871 2950 τοῖς
901 2885 1236 2957 ἠξιωμένοις
1290 2885 1539 2942 τοιούτου
1594 2886 1845 2958 τέρατος.

259 2972 375 3029 Καὶ
408 2972 571 3029 τοῦτο
596 2977 696 3046 μὲν
718 2975 867 3032 οὕτω
893 2978 1035 3050 πρὸς
1058 2980 1408 3052 χρηστότητα
1433 2981 1843 3053 συμποσιακήν.

330 3150 427 3223 ιη’.
464 3152 618 3206 Ἐπεὶ
647 3153 729 3233 δέ,
759 3154 936 3228 πολλὴ
984 3157 1079 3210 καὶ
1111 3156 1169 3210 ἐν
1205 3157 1329 3220 ταῖς
1367 3156 1847 3227 θαυματουργίαις

255 3242 500 3314 διαφορά
542 3245 666 3308 ταῖς
715 3247 780 3299 ἐκ
808 3247 919 3301 τῶν
949 3245 1045 3300 τοῦ
1096 3245 1234 3300 Θεοῦ
1277 3247 1452 3316 ἁγίων
1484 3248 1574 3316 (ai
1608 3248 1707 3312 μὲν
1737 3247 1847 3319 γάρ

254 3338 443 3392 αὐτῶν
494 3338 840 3407 ῦγιάζουσιν,
892 3342 947 3395 al
976 3341 1032 3394 δὲ
1059 3342 1343 3412 τρέφουσι,
1401 3342 1547 3405 τινὲς
1581 3341 1639 3395 δὲ
1668 3340 1848 3395 καὶτὸ

254 3430 438 3495 ἄλλως
482 3432 666 3486 ἐνδέον
721 3433 1160 3506 ἀναπληροῦσιν,
1212 3436 1303 3488 ὅτε
1333 3435 1480 3499 τινὲς
1510 3436 1743 3500 δέονται,
1778 3434 1848 3488 τά

258 3524 363 3594 μὲν
388 3524 731 3594 ἀπάγουσαι,
773 3525 843 3578 τά
869 3526 928 3579 δέ
961 3526 1336 3596 παράγουσαι,
1365 3527 1482 3579 ἐστι
1511 3528 1558 3580 δ’
1591 3526 1680 3579 ὅτε
1712 3527 1847 3579 ἀπο-

252 3617 587 3687 τελούμεναι
619 3618 879 3689 καὶπρὸς
910 3618 1076 3688 φόϐον
1116 3619 1209 3672 καὶ
1235 3618 1523 3690 ἔκπληξιν,
1557 3620 1717 3673 ὁποία
1749 3621 1845 3673 καὶ

253 3709 292 3778 ἠ
321 3709 426 3779 τῆς
447 3710 845 3780 κατηραμένης
879 3710 1076 3780 συκῆς,
1106 3709 1174 3764 δι’
1208 3704 1276 3783 ἧς
1309 3710 1370 3763 τὸ
1414 3710 1709 3764 Ἰουδαϊκὸν
1741 3711 1845 3778 φῦ-

251 3801 372 3865 λον,
409 3800 506 3854 καὶ
525 3801 651 3855 ὅσον
671 3801 730 3856 δὲ
758 3801 890 3856 ἄλλο
908 3802 1172 3866 τοιοῦτον,
1205 3803 1306 3873 τὴν
1330 3802 1426 3856 τοῦ
1450 3801 1588 3856 Θεοῦ
1611 3800 1848 3867 ἐξεπλά-

250 3908 329 3964 γη
355 3892 618 3963 δύναμιν,
652 3893 729 3957 ὡς
762 3892 840 3964 μὴ
882 3878 1043 3963 μόνον
1081 3893 1502 3962 ζωογονοῦντος,
1550 3892 1690 3947 ἀλλὰ
1746 3893 1843 3946 καὶ

252 3983 530 4038 θανατοῦν
585 3984 915 4056 δυναμένου,
978 3984 1113 4055 μηδὲ
1144 3987 1305 4055 μόνον
1341 3986 1404 4039 τὸ
1443 3985 1588 4039 κατὰ
1627 3985 1843 4053 ὑγίειαν

251 4072 430 4144 ὗγρὸν
457 4072 848 4145 χορηγοῦντος,
869 4074 1006 4128 ἀλλὰ
1027 4074 1123 4127 καὶ
1144 4073 1654 4144 άποξηραίνοντος),
1678 4074 1842 4145 ἐνήρ-

249 4184 399 4239 γησε
426 4166 627 4239 καιροῦ
650 4167 939 4231 λαλοῦντος
963 4169 1059 4221 καὶ
1074 4167 1369 4231 sormea;
1392 4166 1600 4238 θαῦμα,
1635 4166 1843 4221 σκοποῦ

249 4279 407 4326 τινος
431 4262 681 4317 τοιοῦτον
714 4261 972 4331 ἐχόμενον
992 4277 1009 4293 ο
1041 4261 1206 4315 Λίθον
1236 4260 1345 4330 γὰρ
1393 4259 1521 4315 οὔτε
1558 4263 1716 4331 χερσὶ
1747 4260 1847 4332 λη-

249 4356 419 4423 πτὸν,
450 4355 577 4410 οὔτε
607 4352 778 4426 ὤμοις
803 4354 1061 4424 φορητὸν,
1087 4350 1215 4406 οὔτε
1246 4348 1360 4407 οἷον
1383 4352 1843 4417 κυλίεσθαι,ό.λλὰ

249 4453 358 4521 γῆς
394 4446 565 4519 ἄχθος
615 4442 776 4514 εῖναι,
816 4445 910 4499 καί
950 4462 1003 4500 τι
1035 4446 1130 4499 καὶ
1165 4444 1447 4516 βλάπτειν,
1468 4446 1629 4499 ὁποῖα
1666 4445 1840 4499 πολλὰ

1955 589 2331 656 continebant,
2366 591 2462 648 sed
2488 607 2711 663 prorsus
2739 605 2913 649 vacua
2934 596 3112 653 erant,
3151 586 3258 643 illis
3283 588 3374 657 qui
3410 586 3531 640 iuo-

1953 681 2041 752 pia
2066 680 2398 750 laborarent,
2424 698 2532 740 non
2562 684 2740 741 solum
2799 682 3134 739 frumentum
3169 679 3391 750 egessit,
3438 679 3534 733 sed

1953 774 2116 829 etiam
2147 774 2214 830 ad
2237 775 2410 830 instar
2427 776 2674 831 miraculi
2694 774 2836 845 quod
2860 773 3157 831 secundum
3187 768 3537 840 Evangeliutn

1953 864 2116 922 Canae
2137 869 2343 933 evenit,
2372 867 2559 922 vinum
2594 867 2744 933 fecit,
2778 868 2854 922 ita
2887 875 2948 920 ut
2988 878 3287 935 pauperum
3328 862 3544 917 animos

1952 973 2093 1027 pane
2119 960 2520 1026 corroboraret,
2538 960 2665 1014 vino
2694 968 2874 1015 autem
2901 957 3225 1013 laetificaret.
3243 953 3538 1009 Narratum

1954 1049 2099 1105 enim
2136 1058 2192 1106 et
2231 1051 2336 1106 flde
2361 1051 2587 1120 dignum
2621 1059 2705 1105 est
2731 1049 2824 1105 illo
2875 1056 3118 1126 tempore
3152 1045 3442 1107 accidisse,
3478 1052 3539 1097 ut

1938 1142 2201 1197 homines
2222 1141 2335 1197 vini
2381 1141 2609 1213 penuria
2635 1141 2968 1197 laborarent.
3019 1139 3199 1206 Quare
3255 1137 3322 1192 ad
3370 1137 3539 1191 Deum

1954 1231 2227 1294 conversi,
2260 1240 2321 1286 ut
2353 1231 2597 1301 ipsorum
2622 1231 2850 1299 egestati
2878 1237 3248 1293 succurreret,
3287 1238 3538 1282 orarunt.

1955 1323 2099 1380 Deus
2132 1335 2314 1380 autem
2350 1337 2446 1379 eos
2471 1323 2771 1389 exaudivit,
2810 1332 2866 1378 et
2893 1335 3051 1378 servo
3111 1335 3214 1377 suo
3255 1319 3541 1375 Philotheo

1954 1416 2247 1486 prmcepit,
2282 1424 2339 1471 et
2364 1431 2458 1486 per
2492 1431 2615 1472 eum
2641 1416 2897 1471 auxilium
2943 1414 3083 1470 tulit.
3107 1413 3359 1467 Rivulum
3398 1410 3541 1465 enim

1953 1507 2044 1579 qui
2064 1506 2210 1562 illam
2233 1506 2609 1564 calamitosam
2623 1510 2900 1579 regionem
2922 1504 3340 1577 praeterﬂuebat,
3361 1501 3543 1557 crucis

1954 1598 2236 1671 signaculo
2270 1599 2632 1670 precibusque
2660 1599 2920 1655 adhibitis
2954 1598 3006 1653 in
3036 1598 3225 1652 vinum
3259 1604 3541 1651 transmu-

1956 1692 2112 1747 tavit.
2146 1690 2201 1747 Si
2232 1701 2412 1748 autem
2449 1707 2612 1763 rupes
2639 1692 2733 1747 illa
2767 1691 3016 1761 antiqua,
3044 1690 3245 1746 baculo
3289 1688 3541 1758 perculsa

1955 1797 2151 1852 aquam
2174 1784 2439 1854 profudit,
2469 1794 2524 1839 et
2545 1784 2692 1855 regio
2719 1785 2967 1854 quaadam
2998 1782 3329 1838 miraculose
3384 1779 3545 1835 melle

1952 1873 2173 1931 etlacle
2209 1872 2387 1939 ﬂuxit,
2447 1876 2681 1946 denique
2726 1873 2897 1943 ﬂuvii,
2963 1888 3193 1945 quorum
3259 1871 3541 1940 Scriptura

1953 1962 2284 2017 mentionem
2316 1961 2467 2028 facit,
2500 1964 2553 2018 in
2585 1964 2910 2033 sanguinem
2941 1962 3192 2018 conversi
3221 1968 3387 2016 sunt:
3422 1960 3541 2015 istis

1952 2056 2409 2112 conversionibus
2441 2057 2567 2111 addi
2601 2057 2766 2112 debet
2800 2056 2966 2112 etiam
2994 2056 3101 2110 hoc
3147 2056 3336 2109 vinum
3379 2055 3432 2107 in
3462 2052 3540 2107 ri-

1950 2146 2079 2202 vulo
2100 2145 2297 2214 ﬂuens,
2329 2162 2436 2203 non
2466 2148 2686 2218 quidem
2723 2163 2840 2203 uvae
2875 2148 3118 2217 sanguis,
3180 2147 3260 2202 uti
3322 2145 3544 2201 viticola

1950 2255 2074 2296 cum
2105 2238 2289 2310 Moyse
2321 2241 2540 2308 dixerit,
2568 2240 2664 2296 sed
2682 2250 2838 2312 grata
2851 2240 3116 2298 Altissimi
3140 2237 3300 2310 quasi
3328 2237 3538 2308 pluvia,

1949 2333 2235 2402 egentibus
2265 2332 2372 2389 illis
2400 2334 2693 2391 destinata.
2728 2333 3148 2390 Animadvertas
3165 2333 3302 2402 jam,
3328 2344 3543 2401 quaeso,

1949 2430 2282 2485 concedente
2315 2428 2448 2493 Deo,
2483 2429 2576 2500 qui
2605 2436 2691 2485 est
2718 2429 2858 2484 Deus
2911 2428 3331 2492 miraculorum,
3360 2422 3548 2493 prodi-

1946 2521 2192 2590 giorum,
2223 2519 2504 2589 potentias,
2542 2519 2815 2587 veritatis,
2866 2519 3043 2591 majus
3077 2518 3170 2574 hic
3216 2513 3546 2571 miraculum

1950 2612 2244 2683 contigisse
2269 2613 2361 2670 illo
2392 2614 2445 2669 in
2467 2615 2614 2670 Cana
2668 2613 2838 2679 facto,
2901 2610 3364 2684 quemadmodum
3427 2608 3546 2677 ipse

1948 2705 2223 2776 promisit.
2248 2705 2437 2777 Neque
2464 2706 2609 2763 enim
2649 2706 2814 2775 dolia,
2843 2722 2944 2762 nec
2989 2705 3216 2768 doliola,
3280 2717 3378 2756 nec
3427 2714 3546 2755 am—

1948 2796 2154 2867 Ρδοτωο
2183 2810 2286 2854 nec
2315 2799 2542 2871 lagenae,
2577 2813 2677 2854 nec
2707 2799 2880 2866 uceri,
2906 2800 2999 2854 sed
3017 2798 3166 2852 rivus
3187 2797 3398 2865 integer
3419 2792 3544 2847 vino

1949 2890 2259 2945 scaluriens
2288 2904 2385 2959 per
2413 2889 2756 2946 Philotlteum
2818 2888 3078 2959 proﬂuxit
3131 2887 3244 2942 illis
3291 2884 3382 2955 qui
3440 2881 3546 2936 hoc

1950 2978 2221 3034 miraculo
2248 2978 2397 3051 digni
2425 2980 2593 3036 habiti
2624 2988 2772 3036 sunt.
2802 2979 2869 3034 Et
2905 2980 3021 3035 haec
3052 2979 3272 3048 quidem
3319 2977 3376 3029 in
3407 2984 3546 3029 con-

1951 3073 2080 3127 vivii
2116 3087 2302 3130 usum.

2022 3163 2110 3219 18.
2156 3161 2425 3229 Quoniam
2459 3171 2640 3216 autem
2712 3158 3100 3215 miraculorum
3134 3172 3162 3211 a
3209 3156 3300 3211 Dei
3334 3158 3544 3213 sanctis

1949 3253 2221 3308 editorum
2253 3266 2547 3322 permagna
2576 3259 2663 3307 est
2690 3250 2932 3307 varietas
2960 3248 3089 3320 (alia
3132 3248 3404 3319 siquidem
3451 3263 3543 3304 sa-

1950 3345 2175 3400 nitatem
2216 3344 2470 3409 reddunt,
2503 3342 2607 3397 alia
2637 3343 2834 3397 victum
2868 3339 3242 3410 suppeditant,
3272 3338 3379 3392 alia
3411 3338 3534 3395 aliis

1948 3434 2370 3491 necessitatibus
2398 3434 2705 3499 metuantur,
2751 3446 2897 3488 nunc
2943 3430 3165 3502 quidem
3217 3429 3539 3494 auferendo,

1947 3542 2092 3582 nunc
2106 3534 2288 3581 autem
2306 3524 2659 3592 adducrndo;
2685 3534 2812 3578 sunt
2826 3537 2988 3594 porro
3002 3536 3122 3592 quae
3145 3529 3349 3576 metum
3368 3530 3544 3575 terro-

1946 3634 2176 3690 remque
2200 3619 2491 3685 incutiant,
2514 3619 2743 3689 exempli
2764 3617 2937 3689 gratia
2959 3616 3090 3671 illud
3114 3629 3224 3683 quo
3247 3613 3386 3670 ficus
3408 3614 3542 3669 diris

1922 3711 2143 3767 devota
2170 3720 2274 3778 est,
2299 3727 2403 3783 qua
2420 3725 2482 3767 re
2506 3712 2679 3767 tribus
2711 3709 2940 3766 Judaica
2970 3716 3024 3764 et
3051 3723 3243 3765 omnes
3275 3707 3540 3775 ejusmodi

1922 3810 2136 3873 'gentes
2167 3802 2234 3857 ad
2269 3805 2623 3859 reverendam
2656 3800 2917 3856 admoniti
2949 3809 3076 3856 sunt
3099 3799 3399 3871 potentiam
3442 3799 3538 3854 Dei

1945 3895 2036 3963 qui
2078 3909 2187 3949 non
2220 3900 2429 3950 tantum
2470 3886 2734 3962 'vivilicat,
2776 3893 2870 3949 sed
2923 3893 3088 3949 etiam
3123 3900 3355 3947 mortem
3390 3890 3538 3946 inﬂi-

1945 4000 2073 4054 gere
2102 3993 2305 4056 potest,
2345 4001 2452 4041 non
2483 3987 2661 4042 solum
2698 4000 2927 4041 succum
2982 3983 3279 4040 valetudini
3342 3983 3533 4039 utilem

1946 4077 2285 4148 suppeditat.
2328 4092 2517 4134 verum
2552 4091 2878 4135 exarescere
2921 4091 3141 4146 quoque
3187 4074 3365 4145 facit),
3396 4083 3540 4131 tem-

1947 4181 2076 4235 pore
2102 4167 2433 4238 postulante,
2457 4169 2622 4224 etiam
2653 4168 2976 4224 Phil0theus
3007 4167 3180 4225 edidit
3215 4166 3538 4223 miraculum

1945 4260 2089 4329 quod
2115 4259 2207 4314 tali
2238 4262 2397 4316 modo
2419 4276 2538 4318 sese
2560 4262 2754 4317 habuit
2785 4278 2800 4316 :
2831 4261 3085 4330 Lapidem
3120 4260 3378 4315 nimirum
3444 4261 3539 4329 qui

1944 4366 2123 4422 neque
2155 4353 2410 4408 manibus
2437 4354 2853 4424 comprehendi,
2881 4369 3057 4426 neque
3079 4353 3328 4409 humeris
3351 4367 3541 4422 aspor-

1948 4446 2052 4500 tari
2077 4459 2254 4518 neque
2276 4445 2418 4501 volvi
2448 4453 2684 4517 poterat,
2735 4447 2829 4502 sed
2879 4453 3139 4517 tanquam
3174 4444 3347 4500 moles
3385 4443 3539 4499 iners

249 4541 493 4611 γίνεται,
520 4538 683 4606 λόγον
710 4536 1055 4607 ἐπιπέμψας,
1095 4537 1199 4591 ὅσα
1227 4538 1322 4590 καὶ
1357 4537 1557 4609 μοχλὸν
1587 4538 1842 4608 εὐμήχα-

1946 4537 2165 4609 jacebat
2222 4546 2298 4606 et,
2337 4539 2416 4594 uti
2467 4553 2611 4610 saepe
2665 4539 2868 4607 evenit,
2902 4538 3188 4594 offensioni
3248 4543 3389 4606 erat,
3422 4535 3542 4593 solo

249 4649 368 4699 νον,
393 4632 456 4685 οὐ
483 4631 646 4702 μόνον
676 4629 960 4701 διώχλισεν
982 4628 1389 4696 ὑποσαλεύσας,
1422 4629 1561 4683 ἀλλά
1590 4629 1686 4683 καὶ
1711 4645 1845 4699 μετ-

249 4724 449 4794 έθηκε.
472 4723 584 4776 Καὶ
610 4717 679 4795 ἦν
710 4720 1067 4791 άναλάξευμά
1094 4738 1149 4776 τι
1177 4721 1273 4775 καὶ
1299 4720 1462 4774 τοῦτο
1489 4720 1681 4792 θαῦμα
1699 4722 1846 4776 ὲκεί-

248 4814 656 4879 νου,ὃδίδωσιν
681 4814 709 4866 ὁ
736 4814 869 4877 Θεὸς
907 4819 1020 4878 τοῖς
1052 4812 1221 4866 αὐτοῦ
1248 4811 1550 4882 μαθηταῖς,
1580 4813 1842 4881 ἐπαγγει-

248 4911 517 4981 λάμενος,
568 4908 663 4960 καὶ
689 4905 793 4976 ὅρη
827 4906 1142 4976 μετακινεῖν
1182 4905 1389 4969 αὐτοὺς
1419 4906 1844 4972 ἐπιτάσσοντας,

246 5005 345 5057 καὶ
384 4999 784 5071 μταὸιὸάζειν
807 4999 873 5051 ἐκ
902 4999 1068 5069 τῆσδε
1107 4998 1321 5070 βάσεως
1361 5001 1443 5063 είς
1478 4998 1650 5067 ἀλλην
1684 4999 1847 5053 ἑλκό-

250 5086 393 5166 μενα
448 5094 694 5155 πίστεως
755 5093 1047 5161 πείσμασι.
1099 5092 1196 5155 Τίς
1224 5094 1329 5146 οὐκ
1363 5094 1431 5146 ἂν
1465 5091 1699 5147 ἐνταῦθα
1732 5090 1848 5158 ἑξε-

247 5189 439 5257 πλάγη
488 5188 583 5240 τὸν
636 5185 812 5257 μέγαν
858 5184 1132 5251 Φιλόθεον,
1178 5184 1323 5238 οὕτω
1350 5183 1585 5247 καὶτοῖς
1612 5183 1846 5256 ἀψύχοις

249 5270 573 5340 ἐπιτάττειν
602 5282 924 5351 δυνάμενον,
960 5282 1055 5335 καὶ
1083 5281 1186 5352 τὴν
1216 5264 1489 5353 ἐπιταγὴν
1513 5281 1732 5351 βλέπων
1763 5285 1845 5345 είς

249 5378 411 5448 ἔργον
469 5373 920 5444 προϐαί-ιουσανς
982 5371 1228 5443 Ἐγκοπὴ
1285 5373 1489 5435 παντὸς
1545 5372 1718 5426 κακοῦ
1784 5373 1844 5424 τὸ

248 5473 492 5524 τοιοῦτον
525 5467 740 5536 θαῦμα.
763 5466 880 5519 Οὐκ
911 5465 978 5519 ἂν
995 5464 1415 5537 ὡρογλύφησεν,
1443 5465 1544 5519 οὐκ
1578 5465 1644 5518 ἂν
1664 5463 1844 5517 οἰκίαν

249 5564 383 5630 πρδς
406 5561 596 5617 οίκίαν
623 5559 862 5632 ἥνωσεν,
896 5559 1020 5613 οὐδὲ
1051 5559 1222 5626 ἀγρὸν
1254 5560 1391 5628 πρὸς
1414 5558 1609 5629 ἀγρὸν,
1631 5558 1682 5611 εἰ
1700 5555 1844 5610 οὕτω

252 5652 466 5709 δύναται
502 5657 533 5708 ό
571 5650 835 5713 Φιλόοεος
873 5650 1114 5720 διασπᾷν
1146 5650 1243 5702 καὶ
1277 5649 1676 5717 μεταδιδάξειν
1701 5647 1842 5718 ἄχθη

251 5749 545 5821 βαρύτατα,
574 5749 636 5800 ἐν
662 5744 788 5815 χρῷ
810 5745 917 5811 γῆς
947 5744 1200 5813 κείμενα,
1231 5741 1612 5811 και,άκρι6ὦς
1642 5741 1839 5804 εἰπεῖν,

251 5844 577 5907 ἁμετάθετα.
607 5841 686 5895 Τὸ
712 5838 772 5897 δὲ
799 5835 924 5892 ὅλον
946 5836 1115 5904 φάναι
1143 5835 1318 5899 ἄλλως
1348 5850 1355 5858 ·
1389 5831 1840 5915 οὐδεὶςτοιοῦτον

1946 4632 2114 4687 verbo
2142 4631 2310 4687 vectis
2364 4630 2485 4687 loco
2542 4629 2817 4697 adhibito,
2862 4646 2968 4686 non
3002 4631 3176 4686 solum
3215 4643 3538 4685 concussum

1946 4722 2001 4778 in
2030 4724 2198 4779 altum
2226 4722 2466 4791 sustulit,
2499 4722 2595 4778 sed
2622 4722 2785 4778 etiam
2810 4725 3167 4793 transposuit.
3198 4722 3324 4777 Fuit
3355 4729 3539 4776 autem

1945 4814 2064 4885 ejus
2099 4815 2424 4871 miraculum
2454 4815 2508 4869 in
2541 4814 2722 4884 lapide
2771 4824 3141 4885 perpetratum
3177 4831 3245 4870 ex
3298 4815 3386 4871 his
3416 4830 3540 4886 qua:

1948 4907 2093 4963 Deus
2131 4907 2414 4977 discipulis
2447 4907 2561 4962 suis
2599 4905 2875 4974 concedit,
2909 4906 2999 4961 ubi
3037 4907 3307 4976 promittit
3336 4907 3456 4963 fore
3479 4915 3542 4961 ut

1946 5001 2047 5071 ipsi
2084 5001 2201 5056 solo
2231 5000 2389 5071 jussu
2421 5008 2637 5053 montes
2667 4997 2984 5054 dimoveaut
3005 5009 3170 5069 atque
3195 4999 3318 5056 fidei
3355 4999 3543 5069 vigore

1945 5111 2014 5151 ex
2040 5095 2144 5149 alia
2177 5095 2230 5148 in
2267 5093 2430 5147 aliam
2493 5091 2680 5147 sedem
2743 5092 3146 5148 transmittant.
3209 5092 3341 5160 Quis
3374 5093 3542 5161 igitur

1946 5201 2054 5240 non
2116 5184 2418 5238 admiretur
2456 5181 2560 5236 hac
2589 5181 2643 5235 in
2677 5196 2737 5237 re
2765 5196 3022 5251 magnum
3053 5182 3419 5249 Philotheum,
3440 5184 3534 5252 qui

1945 5278 2111 5333 etiam
2145 5275 2310 5330 rebus
2335 5274 2655 5329 inanimatis
2680 5273 2953 5344 imperare
2980 5273 3236 5336 valuerit,
3279 5284 3336 5328 et
3378 5274 3537 5343 cujus

1916 5370 2209 5435 'imperata
2237 5369 2291 5423 in
2325 5368 2529 5422 factum
2588 5368 2996 5438 processerint?
3029 5366 3146 5425 Hoc
3201 5367 3527 5423 miraculum

1916 5472 2161 5515 “omnem
2184 5456 2593 5525 perversitatem
2636 5456 2940 5512 intercidit.
2977 5455 3146 5515 Nemo
3197 5455 3311 5525 jam
3340 5459 3534 5512 statuis

1945 5552 2254 5622 sculpendis
2279 5549 2542 5616 incubuit,
2570 5565 2729 5605 nemo
2753 5550 2974 5606 domum
2998 5551 3201 5615 domui,
3226 5567 3326 5606 nec
3345 5567 3533 5620 agrum

1945 5662 2075 5718 agro
2102 5646 2372 5716 adjunxit,
2407 5645 2854 5716 quandoquidem
2883 5645 3205 5701 Philorheus
3226 5656 3334 5700 tam
3371 5645 3532 5701 facile

1909 5749 1915 5753 '
1945 5737 2262 5808 gravissima
2285 5735 2546 5804 pondera,
2569 5736 2685 5791 solo
2710 5735 3045 5789 adhaerentia
3070 5743 3147 5798 et,
3165 5744 3222 5790 ut
3272 5745 3529 5789 accurate

1946 5830 2147 5896 dicam,
2181 5827 2480 5884 immobilia
2503 5826 2763 5885 divellere
2805 5836 2860 5883 et
2917 5828 3248 5884 trauslocarc
3294 5835 3529 5896 poterat.
