4084 6438
583 336 682 398 15)

1282 320 1703 402 Eus'rarnu
1739 340 2494 406 THESSALON-ICENSIS
2529 347 3098 409 memorou'ra

3723 349 3834 411 1ῧο

573 455 643 511 Ut
674 462 855 509 autem
910 455 1132 511 omnino
1173 455 1328 511 aliter
1369 456 1546 512 dicam
1574 494 1592 521 ,
1639 471 1818 523 nemo,
1863 466 2158 526 conspecto

2268 456 2391 510 ίδὼν
2425 459 2722 529 ἐνδύναμον
2764 462 3135 531 ἀπειλητῆρα.
3181 461 3518 532 ἐθρασύνατο
3545 463 3608 514 ἂν
3653 464 3839 532 ἁμαρ-

574 561 680 603 tam
712 560 927 616 potente
959 550 1288 613 minitatnre,
1323 565 1489 603 ausus
1519 558 1600 602 est
1629 549 1990 604 inhmrescere
2019 563 2150 616 pec-

575 641 712 695 catis
743 656 970 710 quorum
1003 642 1142 696 fama
1173 642 1248 697 ad
1280 642 1509 698 vindicis
1541 640 1804 696 Philothei
1829 656 1990 696 aures
2024 655 2151 710 per-

576 731 780 799 vulgari
809 731 1000 800 possit.

646 823 732 876 19.
771 823 901 888 Quae
950 834 1153 889 autem,
1187 825 1312 879 dum
1339 825 1520 880 adhuc
1567 835 1848 895 superstes
1882 826 2002 892 fuit,
2039 826 2146 880 alia

575 915 874 978 patraverit
920 914 1212 980 miracula,
1262 918 1354 984 qui
1415 916 1636 970 virtutis
1699 917 1880 972 studio
1940 917 2144 972 incensi

574 1003 886 1060 auscultare
915 1015 968 1059 et
997 1006 1156 1061 saluti
1186 1007 1384 1062 anima:
1417 1022 1636 1074 operam
1689 1009 2002 1076 impendere
2031 1020 2149 1064 stu-

574 1099 723 1164 dent,
756 1113 822 1152 ex
853 1099 1001 1155 illius
1041 1103 1278 1167 regionis
1305 1101 1498 1155 incolis
1532 1101 1838 1168 percontari
1893 1111 2144 1170 poisunt,

571 1190 842 1258 siquidem
897 1191 1003 1244 alia
1043 1191 1197 1246 libris
1251 1192 1531 1247 historicis
1583 1194 1780 1246 tradita
1815 1193 2145 1261 referuntur,

574 1281 680 1333 alia
705 1282 774 1334 ab
805 1280 872 1335 iis
900 1280 990 1350 qui
1017 1282 1210 1334 horum
1242 1281 1630 1336 miraculorum
1656 1283 1946 1351 participes
1975 1283 2145 1351 luere,

577 1373 845 1441 hodieque
880 1373 1003 1428 viva
1045 1389 1175 1428 voce
1209 1373 1594 1443 praedicantur.
1655 1375 1728 1428 lis
1765 1376 1908 1428 enim
1943 1375 2148 1433 diutius

579 1464 858 1517 inunorari
917 1475 1128 1534 tempus
1158 1465 1364 1533 deﬁcit,
1403 1481 1525 1520 cum
1565 1468 1778 1521 nonnisi
1823 1483 1852 1523 e
1907 1469 2149 1525 minimis

575 1553 898 1621 quibusdam
929 1555 1092 1608 vitam
1118 1554 1390 1612 Philotbei
1427 1572 1636 1612 summa
1672 1560 2034 1614 admiratione
2065 1559 2148 1613 di-

576 1660 736 1712 gnam
772 1660 1031 1701 enarrare
1072 1646 1427 1702 voluerimus.
1457 1648 1802 1718 Quapropter
1845 1665 1952 1705 uno
1983 1650 2150 1706 altero

578 1751 682 1792 ove
727 1749 1152 1795 commemorato
1176 1755 1239 1794 ex
1266 1741 1334 1795 iis
1361 1756 1482 1811 qua:
1509 1757 1615 1796 non
1649 1744 1770 1794 vivo
1793 1754 1982 1798 sancto
2023 1760 2151 1799 eve-

2252 547 2396 610 τίαις
2431 550 2738 616 ἐπιϐαλεῖν,
2757 552 2964 616 αἵτινες
2983 555 3063 616 τίς
3085 555 3256 624 ἀκοὴν
3279 554 3354 624 τῷ
3382 554 3641 623 ἐκδικητῇ
3671 555 3833 606 ιιιιλο-

2256 639 2363 713 θέῳ
2394 640 2730 699 ἐλεύσονται.

2323 817 2408 873 ιθ’.
2443 821 2586 875 Ὅσα
2633 823 2690 876 δὲ
2739 823 2839 877 καὶ
2861 823 2995 877 ἄλλα
3039 825 3120 876 ἔτι
3159 823 3269 887 ζῶν
3300 823 3612 886 ἀπετέλεσε,
3645 822 3835 891 θαῦμα

2250 911 2698 983 προκαλούμενα,
2759 913 2908 968 ἐστιν
2946 916 3010 968 ἐκ
3065 915 3174 967 τῶν
3229 917 3409 967 ἐκεῖσε
3448 916 3590 967 κατά
3645 915 3839 983 χώραν

2253 1003 2579 1072 πορίζεσθαι
2607 1007 2734 1069 τοὺς
2760 1008 3036 1076 ἐναρέτως
3067 1005 3538 1074 φιλακροὰμονας,
3563 1008 3656 1057 καὶ
3683 1007 3750 1056 τὰ
3774 1007 3838 1067 ἐς

2249 1095 2490 1166 ψυχικὴν
2523 1098 3005 1168 ἐμπορευομένους
3033 1096 3327 1166 ὠφέλειαν,
3366 1100 3434 1148 τὰ
3471 1097 3569 1164 μὲν
3603 1095 3662 1159 ἐξ
3691 1099 3841 1165 ἱστο-

2253 1190 2375 1260 ρίας
2421 1190 2864 1258 ἀναλεγομένων,
2922 1191 2990 1243 τὰ
3019 1189 3206 1243 δὲκαὶ
3251 1189 3422 1241 εἰσέτι
3472 1189 3839 1257 πειρωμένων

2247 1284 2349 1348 τῆς
2393 1281 2602 1334 τούτων
2647 1280 3109 1352 θαυμασιότητος.
3184 1280 3349 1349 Ἡμῖν
3381 1281 3490 1348 γάρ
3519 1281 3580 1332 ού
3643 1281 3840 1349 καιρὸς

2249 1374 2609 1444 ἐνδιατρίϐειν
2647 1375 2834 1437 αὐτοῖς
2871 1375 2968 1428 ἐπὶ
3001 1375 3186 1437 πλέον,
3212 1372 3574 1443 προθεμένοις
3602 1373 3668 1424 ὲκ
3697 1372 3844 1440 βρα-

2250 1465 2504 1535 χυτάτων
2529 1466 2694 1518 τινῶν
2727 1466 2974 1535 ἐμφῆναι
3006 1465 3068 1518 τὸ
3121 1465 3412 1534 μεγαλεῖον
3446 1463 3544 1514 τοῦ
3571 1466 3708 1514 κατᾶ
3740 1463 3841 1514 τὸν

2249 1556 2504 1610 Φιλόθεον
2556 1557 2976 1626 πολιτεύματος.
3052 1556 3254 1624 Διόπερ
3299 1555 3418 1616 ἑνός
3464 1570 3610 1616 τινος
3648 1553 3679 1622 ἢ
3740 1555 3845 1605 καὶ

2249 1650 2506 1717 δευτέρου
2524 1651 2634 1701 τῶν
2665 1648 2856 1702 τούτου
2889 1649 3255 1718 ποιησάμενοι
3287 1646 3501 1715 μνείαν,
3529 1647 3623 1698 καὶ
3653 1645 3844 1697 αὐτῶν

2251 1741 2352 1810 οὐχ
2389 1740 2516 1793 οἵων
2545 1738 2606 1804 ἐξ
2626 1741 2721 1793 ἐπι
2757 1739 2908 1808 ζωῆς
2941 1739 3036 1792 τοῦ
3070 1736 3488 1809 μεγάλου,ἀλλά
3527 1737 3666 1804 μετὰ
3697 1737 3846 1788 ἀποο

541 1825 552 1838 ’
580 1836 794 1891 nerunt,
827 1829 921 1885 sed
949 1841 1070 1900 post
1113 1831 1232 1902 ejus
1287 1809 1550 1897 mortem,
1607 1850 1710 1902 qua
1743 1835 2052 1890 immediate
2083 1837 2148 1889 ad

2263 1809 2471 1896 δίωσιν,
2491 1830 2559 1883 δι’
2585 1825 2652 1902 ἦς
2677 1832 2900 1899 ἀμέσως
2933 1828 3009 1898 τῷ
3035 1827 3377 1896 παμϐασιλεῖ
3409 1827 3658 1894 παρέστη
3689 1826 3844 1893 Θεῷ,

584 1923 747 1975 Deum
785 1923 1206 1992 omnipotentem
1259 1927 1492 1982 evolavit
1520 1929 1700 1982 anima
1745 1944 1876 1996 pura
1907 1937 1962 1982 et
1996 1929 2151 1997 quasi

583 2029 735 2069 mens
767 2015 1000 2086 integra,
1030 2018 1420 2075 concludemus
1457 2030 1699 2075 nostram
1727 2021 2149 2088 expositionem,

580 2109 910 2179 symmetria:
944 2125 1103 2179 quam
1142 2111 1477 2167 intendimus
1507 2113 1720 2167 ratione
1750 2113 1956 2168 habita.

647 2199 742 2255 20.
781 2199 900 2255 Jam
943 2200 1289 2268 Pbilotheus,
1324 2217 1520 2272 magna
1567 2205 1747 2273 aquila
1779 2214 1833 2259 et
1863 2204 2156 2258 daemonia-

579 2307 763 2348 corum
813 2292 1006 2347 alitum
1054 2293 1246 2361 hostis,
1301 2295 1367 2349 ad
1411 2295 1751 2349 Altissimum
1817 2295 2152 2360 evolaverat,

582 2383 769 2439 multis
810 2385 1080 2455 capitibus
1106 2385 1336 2440 istorqu
1368 2386 1692 2456 injustorum
1723 2385 2001 2440 letbaliter
2037 2399 2159 2453 pcr-

581 2478 776 2532 cussis.
832 2477 899 2532 Et
957 2477 1128 2546 ipsius
1160 2479 1378 2548 quidem
1421 2489 1630 2549 partem
1662 2478 1899 2532 divinam
1931 2479 2156 2532 thronus

585 2567 698 2632 Dei,
731 2569 874 2638 quod
907 2577 1090 2626 autem
1142 2580 1416 2626 terrenum
1464 2578 1519 2626 et
1579 2570 1786 2626 humile
1833 2581 1971 2631 erat,
2012 2579 2156 2623 terra

586 2660 840 2722 habebat.
864 2662 931 2716 de
953 2677 1059 2731 qua
1079 2675 1353 2732 sumptum
1376 2665 1498 2731 fuit,
1535 2672 1703 2728 terra,
1739 2663 1980 2733 inquam,
2009 2659 2160 2715 heta-

583 2750 842 2822 bundazde
867 2752 1357 2822 ejusdepositione,
1380 2769 1553 2823 neque
1577 2754 1813 2809 elﬁcieus
1831 2757 1946 2827 ejus
1977 2753 2154 2807 inter-

587 2841 721 2893 itum
779 2856 873 2896 scu
911 2842 1344 2912 dissolutionem,
1389 2846 1483 2900 sed
1527 2861 1859 2902 conservans
1885 2857 1939 2902 et
1970 2848 2159 2903 volens

587 2942 757 2985 tolum
791 2933 945 2989 illum
997 2937 1244 3004 recipere
1293 2945 1348 2992 et
1396 2937 1451 2992 in
1479 2939 1870 3008 sempiternum
1933 2939 2155 2994 colere:

591 3024 852 3092 quoniam
884 3035 1064 3081 autem
1097 3029 1337 3082 animum
1372 3030 1610 3085 retinere
1635 3047 1699 3087 ac
1733 3032 2160 3088 circumcludere

2252 1923 2401 1994 ψυχὴ
2430 1924 2760 1994 ἀκραιφνὴς,
2792 1921 2915 1985 νοῦς
2946 1922 3296 1992 αὐτόχρημα,
3328 1921 3712 1989 καταλύσομεν
3743 1921 3848 1973 τὸν

2252 2016 2433 2083 λόγον,
2486 2014 2832 2086 συμμετρίας
2891 2013 3316 2084 ἐστοχασμένοι,
3361 2013 3556 2066 ὁποίαν
3611 2012 3848 2082 προεθὲ-

2257 2107 2422 2177 μεθα.

2328 2207 2400 2254 κ’.
2431 2199 2570 2269 Ἤδη
2596 2199 2695 2269 μὲν
2711 2198 2740 2250 6
2765 2197 2908 2252 κατά
2924 2197 3220 2268 δαιμονίων
3245 2195 3466 2264 πτηνῶν
3484 2196 3662 2266 μέγας
3679 2195 3850 2257 ἀετὸς

2255 2297 2284 2348 6
2309 2293 2560 2355 Φιλόθεος
2590 2291 2928 2360 ἐπτερύξατο
2951 2291 3088 2361 πρὸς
3107 2291 3198 2343 τὸν
3221 2289 3516 2354 ”Υψιστον,
3533 2292 3610 2349 εἰς
3639 2288 3851 2351 πολλὰς

2257 2385 2500 2455 κεφαλὰς
2527 2383 2794 2437 τοιούτων
2826 2383 3044 2452 ἀνόμων
3073 2381 3252 2452 βαλὼν
3277 2381 3532 2434 θάνατον.
3561 2381 3670 2431 Καὶ
3694 2377 3852 2448 εἶχεν

2257 2475 2424 2532 αὑτοῦ
2460 2476 2518 2528 τὺ
2552 2476 2654 2546 μὲν
2692 2474 2968 2529 θειότατον
2999 2474 3028 2526 6
3054 2473 3150 2527 τοῦ
3185 2473 3320 2526 Θεοῦ
3357 2473 3570 2543 θρόνος,
3595 2474 3657 2524 τὸ
3679 2473 3734 2524 δὲ
3765 2471 3851 2540 μὴ

2256 2571 2521 2632 τοιοῦτον,
2571 2569 2688 2622 ἀλλ’
2721 2570 2784 2621 ἐκ
2840 2568 2946 2620 τῶν
2985 2569 3134 2620 κάτω
3170 2566 3268 2619 καὶ
3315 2565 3421 2633 γῆς
3456 2565 3648 2632 αὐτῆς.
3679 2566 3713 2632 ή
3745 2566 3849 2632 γῆ,

2258 2663 2317 2729 ἐξ
2351 2657 2419 2734 ἧς
2473 2661 2719 2730 εἵληπτο.
2758 2658 3125 2739 χαίρουσακτῇ
3175 2657 3469 2710 καταθέσει
3519 2655 3710 2719 αὑτοῦ,
3748 2657 3849 2710 καὶ

2259 2757 2362 2810 οὐκ
2412 2753 2774 2823 ἐπιχειροῦσα
2827 2755 2907 2816 είς
2968 2752 3200 2821 φθορὰν,
3253 2749 3352 2804 εἶτ’
3390 2746 3485 2804 οὖν
3516 2749 3850 2817 διαφθορὰν,

2259 2847 2396 2900 ἀλλά
2428 2845 2796 2915 συντηροῦσα,
2827 2846 2922 2899 καὶ
2950 2845 3184 2898 θέλουσα
3219 2844 3323 2914 μὲν
3362 2843 3481 2896 ὅλον
3513 2844 3723 2895 ἐκεῖνον
3755 2843 3854 2894 δέ-

2263 2938 2462 3002 ξασθαι
2495 2938 2590 2991 καὶ
2631 2939 2910 3006 ἀμφέπειν
2933 2935 3183 2998 ἀείζωον,
3215 2937 3296 2988 ὃτι
3335 2934 3391 2986 δὲ
3425 2935 3500 3003 μὴ
3528 2930 3643 3003 εἶχε
3678 2949 3851 3004 περι-

2264 3033 2416 3102 σχεῖν
2470 3033 2531 3084 τδ
2589 3029 3078 3100 ἀκατακράτητον,
3132 3026 3449 3096 ἀρκουμένη
3473 3026 3551 3095 τῷ
3587 3025 3853 3094 καθεκτῷ

587 3130 693 3168 non
722 3117 918 3184 potuit,
951 3129 1206 3173 contenta
1241 3119 1341 3174 fuit
1375 3121 1576 3176 habere
1634 3137 1831 3192 corpus
1866 3125 2008 3193 quod
2039 3137 2154 3177 ma-

2265 3123 2482 3193 σώματι
2520 3122 2624 3175 ούκ
2653 3121 2967 3192 ἀχρειοῦντι
2997 3121 3099 3191 τὴν
3139 3118 3356 3189 μητέρα
3379 3117 3677 3170 δυσώδεσιν
3707 3118 3854 3170 ἀπο-

589 3219 728 3260 trcm
759 3224 866 3262 non
898 3209 1184 3266 infcctaret
1238 3211 1533 3282 vaporibus
1583 3213 1724 3268 male
1757 3214 2034 3267 olrntibus
2064 3223 2161 3268 aut

590 3303 939 3370 pnttctidinis
975 3301 1187 3370 faetore,
1224 3307 1319 3360 sed
1343 3306 1484 3376 quod
1510 3317 1696 3376 gratos
1727 3307 2017 3375 dulcesque
2059 3322 2159 3362 cx-

587 3393 799 3448 ltalaret
830 3394 1050 3459 odores,
1079 3396 1234 3466 quasi
1255 3408 1560 3451 aromatum
1589 3399 1872 3466 thurisque
1901 3408 2044 3453 esset
2079 3411 2164 3452 re-

585 3481 944 3550 ecptaculum,
1005 3482 1077 3536 ita
1137 3493 1218 3548 ut,
1281 3483 1436 3551 cuius
1497 3485 1608 3540 vivi
1665 3501 1854 3554 preces
1883 3486 1949 3539 ad
1993 3485 2159 3540 Deum

587 3571 945 3626 ascenderant
969 3574 1146 3628 thuris
1175 3573 1368 3638 instar,
1405 3574 1548 3629 illius
1588 3585 1640 3629 et
1677 3589 1876 3644 corpus
1903 3586 2160 3645 tanquam

587 3665 760 3720 altare
807 3680 901 3722 seu
965 3667 1300 3722 thuribulum
1357 3666 1623 3722 refertum
1675 3678 1821 3723 esset
1857 3669 2021 3724 odore
2053 3684 2163 3738 quo

592 3757 735 3812 Deus
767 3757 986 3826 gaudet.
1013 3755 1127 3812 Hoc
1157 3771 1254 3825 per
1283 3773 1484 3812 annum
1527 3758 1796 3828 integrum
1827 3761 2160 3828 perduravit,

586 3858 645 3902 et
665 3847 1082 3902 admirationem
1116 3848 1396 3915 excitavit,
1447 3860 1499 3902 et
1532 3850 1773 3904 dolorem
1841 3851 2025 3920 injecit
2056 3853 2164 3907 illis

586 3934 683 4004 qui
731 3944 994 4002 sanctum‘
1015 3934 1429 3989 committebant
1463 3944 1642 3999 terrm,
1711 3939 1852 4005 quod
1907 3939 2164 3995 thesauro

585 4025 872 4082 condendo
899 4041 1007 4081 non
1046 4025 1312 4083 haberent
1359 4028 1580 4098 dignum
1618 4032 2036 4100 receptaculum,
2072 4048 2167 4088 nc-

591 4136 698 4191 que
752 4135 848 4175 Vas
897 4131 1174 4192 unguento
1223 4123 1580 4188 conveniens,
1615 4140 1792 4195 neque
1845 4129 2163 4198 amphoram

587 4213 892 4266 venerando
914 4212 1038 4268 oleo
1057 4227 1370 4282 congruam.
1409 4214 1640 4282 Operam
1676 4216 1844 4285 igitur
1876 4219 2162 4282 dederunt,

588 4314 647 4358 ut
671 4316 924 4360 sanctum
953 4314 1340 4374 componerent
1373 4309 1425 4360 in
1459 4307 1576 4362 loco
1603 4309 1971 4374 eonvenienti,
2001 4319 2055 4364 et
2082 4313 2165 4364 di-

585 4411 748 4466 gnum
783 4409 848 4450 eo
877 4406 1280 4451 monumentum
1327 4399 1617 4467 erigerent.
1639 4400 1790 4466 Quod
1841 4416 1960 4454 cum
1992 4403 2164 4469 lierel,

2262 3217 2458 3286 φοραῖς
2489 3215 2584 3266 καὶ
2624 3213 2924 3282 σηπεδόνος
2949 3211 3302 3282 δριμύτησιν,
3334 3209 3451 3263 ἀλλ’
3495 3209 3854 3272 εὐωδιάζοντι

2262 3310 2358 3362 καὶ
2393 3307 2683 3376 μυρούντι,
2711 3304 2786 3368 ὠς
2817 3306 2867 3357 εί
2894 3305 2988 3357 καὶ
3016 3303 3330 3374 ἀρωμάτων
3357 3305 3452 3355 καὶ
3476 3301 3857 3372 θυμιαμάτων

2261 3402 2330 3478 ἦν
2355 3405 2499 3476 θήκη
2525 3421 2538 3434 ο
2572 3405 2681 3466 ἵνα,
2720 3396 2779 3456 οὗ
2810 3404 3012 3466 ζῶντος
3043 3401 3100 3452 αἱ
3129 3400 3289 3470 εὐχαὶ
3311 3400 3391 3461 είς
3415 3399 3550 3452 Θεὸν
3577 3398 3856 3451 κατευθύ-

2264 3513 2418 3550 νοντο
2464 3497 2540 3558 ὡς
2597 3494 2875 3563 θυμίαμα,
2909 3493 3118 3545 ἐκείνου
3164 3494 3260 3544 καὶ
3293 3490 3355 3543 τὸ
3385 3491 3546 3560 σῶμα
3577 3489 3718 3542 καθά
3754 3489 3855 3542 καὶ

2265 3587 2542 3655 θυτήριον,
2580 3584 2778 3637 ταύτὸν
2805 3583 2850 3635 δ’
2879 3585 3076 3647 εἰπεῖν,
3133 3581 3501 3650 θυμιατήριον
3525 3580 3694 3648 ὀδμῆς
3743 3597 3854 3632 πει

2265 3679 2580 3748 πλησμένον
2616 3676 2724 3745 εἴη,
2761 3674 2924 3745 ὁποίᾳ.
2955 3673 3167 3744 χαίρειν
3211 3667 3322 3725 οἶδε
3348 3672 3502 3731 Θεός.
3528 3667 3638 3724 Ἶιν
3685 3670 3856 3724 τοῦτο

2264 3770 2345 3832 είς
2392 3769 2514 3822 ὅλον
2551 3766 2826 3819 ἐνιαυτόν·
2885 3768 2979 3818 καὶ
3026 3762 3372 3834 ἐθαυμάζετο
3406 3763 3502 3816 καὶ
3540 3762 3856 3831 μετάμελος

2265 3856 2333 3931 ἦν
2363 3862 2477 3921 τοῖς
2511 3859 2632 3911 τότε
2690 3857 2784 3912 τὸν
2822 3856 2978 3924 ἅγιον
3025 3855 3303 3927 κρύψασιν
3334 3853 3441 3907 ὑπὸ
3490 3855 3616 3923 γῆν,
3648 3855 3728 3906 ὅτι
3771 3857 3853 3923 μὴ

2265 3952 2344 4020 τῷ
2377 3949 2638 4020 θησαυρῷ
2668 3948 2936 4016 ἀνάλογον
2968 3946 3396 4015 πεφιλοτίμηται
3430 3941 3856 4014 θησαυροφυλὰ-

2267 4061 2407 4108 κιον,
2442 4044 2526 4095 ὅτι
2553 4042 2629 4112 μὴ
2664 4041 2806 4093 κατά
2859 4041 2920 4092 τὸ
2950 4038 3122 4108 μύρον
3149 4037 3310 4106 τιμία
3343 4038 3375 4105 ἡ
3424 4035 3730 4106 μυροθήκη,
3763 4035 3855 4088 ὅτι

2271 4134 2346 4204 μὴ
2368 4134 2460 4186 καὶ
2481 4132 2542 4184 τὸ
2565 4131 2913 4200 ἀλάϐαστρον
2934 4130 3082 4194 ἄξιον
3104 4127 3197 4181 τοῦ
3232 4128 3606 4197 πολυτιμήτου
3637 4127 3850 4182 ἐλαίου.

2267 4228 2378 4280 Καὶ
2409 4223 2592 4278 τοίνυν
2644 4222 2879 4295 μελέτην
2913 4223 3125 4284 ἔθεντο,
3177 4220 3511 4292 μεταθέσθαι
3545 4219 3636 4272 τὸν
3665 4220 3853 4286 ἅγιον,

2268 4321 2390 4374 ὅποι
2427 4318 2630 4388 μᾶλλον
2660 4317 2851 4386 ἐχρῆν,
2899 4315 2994 4369 καὶ
3032 4315 3306 4385 μνημεῖον
3352 4313 3500 4382 αὐτῷ
3526 4315 3660 4382 πρὸς
3689 4312 3857 4375 ἀξίαν

2269 4408 2660 4481 τεχνήσασθαι.
2697 4409 2808 4462 Καὶ
2857 4407 2934 4470 ὡς
2967 4407 3180 4474 ἐγίνετο
3223 4406 3404 4470 τοῦτο,
3434 4407 3524 4458 καὶ
3558 4406 3587 4456 ὁ
3621 4404 3860 4469 πλοῦτος

585 4497 642 4544 et
674 4490 962 4545 thesaurus
997 4490 1099 4544 iste
1125 4491 1189 4542 ad
1225 4489 1404 4544 locum
1444 4490 1865 4558 splendidiorem
1898 4493 2158 4547 transfer-

2271 4507 2482 4564 ἐκεῖνος
2541 4501 2936 4571 μετεκομίζετο
2971 4501 3050 4562 εἰς
3093 4499 3283 4568 ἓτερον
3320 4497 3648 4568 τιμιώτερον
3683 4497 3860 4564 γαζο-

587 4594 755 4649 retur,
803 4583 1003 4651 placuit
1053 4582 1481 4637 Christianorum
1545 4584 1680 4652 regi,
1723 4581 1992 4638 Philethci
2026 4584 2157 4648 Deo,

588 4676 848 4732 miraculo
881 4675 1297 4731 enmhouorare
1338 4686 1392 4731 et
1430 4677 1576 4732 velut
1625 4679 2047 4732 resurrectionis
2073 4687 2160 4747 ty-

588 4785 712 4840 pum
765 4770 1046 4826 exhibere.
1080 4768 1200 4824 Jam
1230 4784 1380 4834 vero,
1427 4784 1462 4824 o
1503 4769 1829 4825 miraculum
1868 4770 2158 4836 ineffabile,

587 4878 820 4934 quocum
875 4865 967 4918 vix
1013 4864 1182 4918 ullum
1221 4864 1528 4932 comparari
1575 4866 1774 4934 queat!
1823 4865 2163 4920 venerabiles

587 4955 943 5023 depositionis
993 4954 1296 5009 administri
1333 4956 1533 5009 sensim
1561 4970 1756 5011 ntanus
1781 4955 2162 5022 admovebant,

588 5055 644 5102 et
691 5045 920 5102 sollicite
967 5057 1214 5102 sanctum
1263 5061 1458 5116 corpus
1513 5047 1986 5117 apprehendentes
2039 5063 2164 5104 cum

595 5153 787 5207 magna
822 5154 952 5194 cura
987 5141 1346 5195 sublevabant
1375 5149 1430 5196 et
1451 5141 1740 5211 diligenter
1770 5142 2163 5209 suscipiebant,

592 5230 751 5285 veriti
807 5244 874 5285 ne
920 5230 1052 5301 quid
1099 5230 1249 5286 illius
1297 5241 1497 5287 sanctae
1538 5232 1821 5302 compagis
1861 5232 2166 5287 ditl'ractum

593 5320 817 5390 periret.
849 5320 943 5378 ille
982 5337 1112 5376 vero
1144 5339 1201 5377 ut
1229 5323 1656 5390 demonstraret,
1676 5341 1736 5382 se
1778 5340 1882 5379 non
1910 5325 2166 5395 periisse,

596 5415 691 5468 sed
741 5415 794 5468 in
832 5414 941 5470 Deo
973 5416 1175 5482 vivere,
1213 5417 1483 5472 viventem
1536 5431 1717 5475 autem
1764 5420 2000 5491 dilfringi
2061 5437 2168 5477 non

598 5521 779 5576 posse,
814 5510 998 5563 ambas
1033 5525 1246 5575 manus,
1275 5512 1430 5579 quasi
1485 5514 1716 5576 viveret,
1748 5521 2002 5569 extensos
2024 5525 2079 5568 et
2101 5515 2168 5569 ad

600 5601 1166 5669 comprehendendum
1235 5608 1566 5671 compositas
1661 5608 1904 5662 humeris
1959 5607 2168 5661 illorum

603 5692 832 5746 duorum
885 5703 1222 5758 sanctorum,
1280 5696 1369 5764 qui
1403 5711 1527 5751 eum
1582 5697 1939 5768 sepeliebant,
2000 5701 2171 5767 impo-

609 5778 735 5836 suit.
773 5777 942 5848 iisque
990 5778 1216 5833 ﬁrmiter
1249 5779 1464 5836 innixus
1516 5794 1676 5853 atque
1709 5785 1786 5838 sic
1814 5794 2170 5850 sustentatas,

2269 4597 2552 4666 φυλάκιον,
2580 4595 2745 4663 ἤρεσε
2776 4592 2853 4662 τῷ
2878 4592 2986 4646 τῶν
3017 4592 3364 4661 Χριστιανῶν
3391 4590 3745 4658 παμϐασιλεῖ,
3773 4591 3860 4661 τῷ

2269 4685 2360 4738 τοῦ
2387 4686 2640 4738 Φιλοθὲου
2674 4684 2814 4753 Θεῷ,
2849 4683 3012 4736 αὐτόν
3040 4699 3100 4734 τε
3131 4679 3508 4750 ἀποσεμνύναι
3535 4679 3863 4748 θαυμασιώ-

2269 4795 2449 4843 τερον,
2484 4778 2581 4830 καὶ
2613 4776 2786 4828 τύπον
2818 4774 3172 4835 ἀναστάσεως
3203 4775 3298 4826 καὶ
3328 4771 3479 4841 αὐτῷ
3533 4771 3864 4840 ἐνσημήνασ-

2271 4871 2416 4924 σθαι.
2451 4871 2582 4933 Καὶ,
2620 4867 2666 4921 ὣ
2695 4868 2974 4932 θαύματος
3016 4868 3285 4938 ἀρρήτου,
3310 4866 3406 4918 καὶ
3438 4864 3552 4917 οἵου
3589 4865 3866 4932 ὑπερανί-

2274 4963 2504 5016 στασθαι
2550 4961 2894 5030 συγκρίσεως
2923 4961 2936 5013 ι
2970 4960 3020 5012 οἱ
3073 4959 3173 5030 μὲν
3205 4959 3302 5028 τῆς
3336 4957 3682 5026 μεταθέσεως
3717 4957 3865 5020 ἱεροὶ

2273 5054 2571 5124 κηδεμόνες
2619 5053 2805 5122 ἠρέμα
2831 5053 2929 5114 τὰς
2960 5053 3152 5121 χεῖρας
3183 5050 3512 5114 ὑπέὀαλλον,
3547 5051 3641 5100 καὶ
3667 5065 3867 5116 πεφει-

2276 5145 2488 5216 σμένως
2510 5142 2605 5196 τοῦ
2630 5144 2776 5212 ἱεροῦ
2802 5142 3123 5209 ἐδράττοντο
3146 5139 3423 5208 σώματος,
3451 5140 3546 5191 καὶ
3567 5138 3866 5208 ἐμφρόνως

2274 5234 2410 5288 αὐτὸ
2436 5233 2941 5302 ὑπολαμϐάνοντες,
2991 5229 3268 5300 ἐπιμελῶς
3321 5230 3559 5297 ἀνεῖχον,
3596 5226 3868 5281 εὐλαϐού-

2279 5342 2452 5394 μενοι,
2487 5323 2700 5394 μήποτέ
2732 5339 2784 5375 τι
2819 5319 3107 5391 συντριϐἐν
3137 5319 3380 5390 διαιρεθῇ
3411 5319 3506 5388 τῆς
3539 5317 3690 5388 ἱερᾶς
3712 5319 3864 5369 ἐκεί-

2276 5435 2370 5470 νου
2400 5417 2674 5486 διαρτίας.
2725 5413 2783 5468 Ὀ
2802 5415 2859 5466 δὲ
2893 5412 3130 5474 δεικνὺς,
3161 5411 3236 5474 ὡς
3273 5411 3333 5463 ού
3374 5408 3703 5473 διαλέλυται,
3737 5407 3866 5460 ἀλλ’

2279 5511 2338 5560 ἐν
2371 5508 2489 5577 Θεῷ
2541 5505 2632 5578 ζῇ,
2706 5505 2885 5570 ζῶντα
2936 5505 2992 5557 δὲ
3021 5503 3125 5556 οὐκ
3155 5503 3272 5555 ἔστι
3320 5503 3513 5554 παθεῖν
3543 5498 3864 5568 συντριόὴν,

2279 5602 2448 5670 ἄμφω
2501 5598 2577 5652 τὼ
2631 5600 2782 5668 χεῖρε
2809 5597 3166 5661 διαπετάσας,
3221 5595 3297 5656 ὡς
3325 5595 3484 5663 εἴπερ
3514 5592 3633 5661 ἔζη,
3663 5589 3867 5645 ἔπειτα

2283 5689 2575 5759 καμπύλας
2605 5689 2774 5750 αὑτὰς
2814 5687 3183 5758 σχηματίσας,
3217 5684 3358 5738 ὥστε
3402 5681 3738 5752 περιλαϐεῖν,
3763 5685 3866 5734 καὶ

2283 5785 2388 5836 τῶν
2438 5783 2604 5854 ὤμων
2645 5782 3033 5846 καταπετάσας
3071 5781 3236 5845 αὑτὰς
3285 5781 3471 5848 ἱερέων
3496 5778 3717 5831 ἐκείνων
3752 5776 3858 5830 δύο
