  <div class='ocr_page' id='page_1' title='image "/cluster/home/n/w/nwhite01/storage/ocr_20150623/136/coo.31924054870419/088.png"; bbox 0 0 4084 6430; ppageno 0'>
   <div class='ocr_carea' id='block_1_1' title="bbox 214 376 395 441">
    <p class='ocr_par' dir='ltr' id='par_1_1' title="bbox 214 376 395 441">
     <span class='ocr_line' id='line_1_1' title="bbox 214 376 395 441; baseline -0.033 -2"><span class='ocrx_word' id='word_1_1' title='bbox 214 376 313 441; x_wconf 74' lang='lat' dir='ltr'>ml</span> <span class='ocrx_word' id='word_1_2' title='bbox 388 426 395 433; x_wconf 93' lang='lat'><strong>.</strong></span> 
     </span>
    </p>
   </div>
   <div class='ocr_carea' id='block_1_2' title="bbox 1322 371 2438 438">
    <p class='ocr_par' dir='ltr' id='par_1_2' title="bbox 1322 371 2438 438">
     <span class='ocr_line' id='line_1_2' title="bbox 1322 371 2438 438; baseline 0.004 -6"><span class='ocrx_word' id='word_1_3' title='bbox 1322 371 1895 433; x_wconf 76' lang='lat' dir='ltr'>INVOCATION‘ES</span> <span class='ocrx_word' id='word_1_4' title='bbox 1932 374 1992 437; x_wconf 90' lang='lat' dir='ltr'>S.</span> <span class='ocrx_word' id='word_1_5' title='bbox 2031 375 2438 438; x_wconf 76' lang='lat' dir='ltr'>DEMETRH.</span> 
     </span>
    </p>
   </div>
   <div class='ocr_carea' id='block_1_3' title="bbox 3405 382 3500 448">
    <p class='ocr_par' dir='ltr' id='par_1_3' title="bbox 3405 382 3500 448">
     <span class='ocr_line' id='line_1_3' title="bbox 3405 382 3500 448; baseline 0.011 -2"><span class='ocrx_word' id='word_1_6' title='bbox 3405 382 3500 448; x_wconf 70' lang='grc'>182</span> 
     </span>
    </p>
   </div>
   <div class='ocr_carea' id='block_1_4' title="bbox 214 482 1823 568">
    <p class='ocr_par' dir='ltr' id='par_1_4' title="bbox 214 482 1815 562">
     <span class='ocr_line' id='line_1_4' title="bbox 214 482 1815 562; baseline -0.004 -20"><span class='ocrx_word' id='word_1_7' title='bbox 214 484 642 562; x_wconf 66' lang='grc' dir='ltr'>μετατιθέντων,</span> <span class='ocrx_word' id='word_1_8' title='bbox 675 485 776 539; x_wconf 65' lang='grc' dir='ltr'>καὶ</span> <span class='ocrx_word' id='word_1_9' title='bbox 821 482 1061 555; x_wconf 77' lang='grc' dir='ltr'>στερεῶς</span> <span class='ocrx_word' id='word_1_10' title='bbox 1110 482 1474 553; x_wconf 74' lang='grc' dir='ltr'>δραξάμενος,</span> <span class='ocrx_word' id='word_1_11' title='bbox 1508 485 1606 536; x_wconf 74' lang='grc' dir='ltr'>καὶ</span> <span class='ocrx_word' id='word_1_12' title='bbox 1639 482 1815 545; x_wconf 72' lang='grc' dir='ltr'>οὕτως</span> 
     </span>
    </p>
   </div>
   <div class='ocr_carea' id='block_1_5' title="bbox 1926 482 3501 568">
    <p class='ocr_par' dir='ltr' id='par_1_5' title="bbox 1926 483 3501 568">
     <span class='ocr_line' id='line_1_5' title="bbox 1926 483 3501 568; baseline 0.01 -31"><span class='ocrx_word' id='word_1_13' title='bbox 1926 483 1974 537; x_wconf 91' lang='lat' dir='ltr'><strong>in</strong></span> <span class='ocrx_word' id='word_1_14' title='bbox 1998 486 2233 544; x_wconf 82' lang='lat' dir='ltr'><strong>sublime</strong></span> <span class='ocrx_word' id='word_1_15' title='bbox 2257 503 2317 544; x_wconf 92' lang='lat' dir='ltr'><strong>se</strong></span> <span class='ocrx_word' id='word_1_16' title='bbox 2352 489 2571 561; x_wconf 82' lang='lat' dir='ltr'><strong>erigens</strong></span> <span class='ocrx_word' id='word_1_17' title='bbox 2605 498 2715 549; x_wconf 90' lang='lat' dir='ltr'><strong>tres</strong></span> <span class='ocrx_word' id='word_1_18' title='bbox 2749 507 2943 565; x_wconf 86' lang='lat' dir='ltr'><strong>passus</strong></span> <span class='ocrx_word' id='word_1_19' title='bbox 2985 496 3270 566; x_wconf 85' lang='lat' dir='ltr'><strong>processit,</strong></span> <span class='ocrx_word' id='word_1_20' title='bbox 3302 499 3501 568; x_wconf 59' lang='lat' dir='ltr'><strong>quibuﬁ</strong></span> 
     </span>
    </p>
   </div>
   <div class='ocr_carea' id='block_1_6' title="bbox 219 575 1813 653">
    <p class='ocr_par' dir='ltr' id='par_1_6' title="bbox 219 575 1813 653">
     <span class='ocr_line' id='line_1_6' title="bbox 219 575 1813 653; baseline -0.005 -17"><span class='ocrx_word' id='word_1_21' title='bbox 219 579 683 653; x_wconf 65' lang='grc' dir='ltr'>επερεισάμενος,</span> <span class='ocrx_word' id='word_1_22' title='bbox 733 578 939 649; x_wconf 72' lang='grc' dir='ltr'>ἀνίστη</span> <span class='ocrx_word' id='word_1_23' title='bbox 994 594 1056 631; x_wconf 88' lang='grc' dir='ltr'>τε</span> <span class='ocrx_word' id='word_1_24' title='bbox 1099 578 1182 641; x_wconf 80' lang='grc' dir='ltr'>είς</span> <span class='ocrx_word' id='word_1_25' title='bbox 1213 576 1424 649; x_wconf 75' lang='grc' dir='ltr'>ὄρθιον,</span> <span class='ocrx_word' id='word_1_26' title='bbox 1455 578 1556 630; x_wconf 72' lang='grc' dir='ltr'>καὶ</span> <span class='ocrx_word' id='word_1_27' title='bbox 1591 575 1813 646; x_wconf 82' lang='grc' dir='ltr'>βήματα</span> 
     </span>
    </p>
   </div>
   <div class='ocr_carea' id='block_1_7' title="bbox 218 668 1814 742">
    <p class='ocr_par' dir='ltr' id='par_1_7' title="bbox 218 668 1814 742">
     <span class='ocr_line' id='line_1_7' title="bbox 218 668 1814 742; baseline -0.006 -13"><span class='ocrx_word' id='word_1_28' title='bbox 218 677 344 742; x_wconf 50' lang='grc' dir='ltr'>τρία</span> <span class='ocrx_word' id='word_1_29' title='bbox 367 674 584 737; x_wconf 75' lang='grc' dir='ltr'>διαϐὰς,</span> <span class='ocrx_word' id='word_1_30' title='bbox 608 674 704 727; x_wconf 70' lang='grc' dir='ltr'>καὶ</span> <span class='ocrx_word' id='word_1_31' title='bbox 733 674 891 741; x_wconf 60' lang='grc' dir='ltr'>τρισὶ⁸</span> <span class='ocrx_word' id='word_1_32' title='bbox 918 671 1145 735; x_wconf 78' lang='grc' dir='ltr'>ταύταις</span> <span class='ocrx_word' id='word_1_33' title='bbox 1177 671 1370 742; x_wconf 74' lang='grc' dir='ltr'>βάσεσι</span> <span class='ocrx_word' id='word_1_34' title='bbox 1403 669 1688 740; x_wconf 78' lang='grc' dir='ltr'>μετρήσας</span> <span class='ocrx_word' id='word_1_35' title='bbox 1712 668 1814 737; x_wconf 81' lang='grc' dir='ltr'>τὴν</span> 
     </span>
    </p>
   </div>
   <div class='ocr_carea' id='block_1_8' title="bbox 221 758 1816 838">
    <p class='ocr_par' dir='ltr' id='par_1_8' title="bbox 221 758 1816 838">
     <span class='ocr_line' id='line_1_8' title="bbox 221 758 1816 838; baseline -0.006 -17"><span class='ocrx_word' id='word_1_36' title='bbox 221 767 458 838; x_wconf 82' lang='grc' dir='ltr'>κίνησιν,</span> <span class='ocrx_word' id='word_1_37' title='bbox 502 761 625 819; x_wconf 76' lang='grc' dir='ltr'>εἷτα</span> <span class='ocrx_word' id='word_1_38' title='bbox 650 765 951 828; x_wconf 78' lang='grc' dir='ltr'>κατέπεσε,</span> <span class='ocrx_word' id='word_1_39' title='bbox 998 762 1200 827; x_wconf 77' lang='grc' dir='ltr'>τεθεὶς,</span> <span class='ocrx_word' id='word_1_40' title='bbox 1258 764 1381 816; x_wconf 83' lang='grc' dir='ltr'>ὅποι</span> <span class='ocrx_word' id='word_1_41' title='bbox 1407 763 1599 815; x_wconf 84' lang='grc' dir='ltr'>πεσεῖν</span> <span class='ocrx_word' id='word_1_42' title='bbox 1645 758 1816 815; x_wconf 81' lang='grc' dir='ltr'>κεκύ-</span> 
     </span>
    </p>
   </div>
   <div class='ocr_carea' id='block_1_9' title="bbox 223 851 1816 931">
    <p class='ocr_par' dir='ltr' id='par_1_9' title="bbox 223 851 1816 931">
     <span class='ocr_line' id='line_1_9' title="bbox 223 851 1816 931; baseline -0.004 -18"><span class='ocrx_word' id='word_1_43' title='bbox 223 877 385 931; x_wconf 83' lang='grc' dir='ltr'>ρωτο.</span> <span class='ocrx_word' id='word_1_44' title='bbox 443 859 553 914; x_wconf 74' lang='grc' dir='ltr'>Καὶ</span> <span class='ocrx_word' id='word_1_45' title='bbox 602 857 728 912; x_wconf 85' lang='grc' dir='ltr'>οταν</span> <span class='ocrx_word' id='word_1_46' title='bbox 771 857 876 928; x_wconf 73' lang='grc' dir='ltr'>μὶν</span> <span class='ocrx_word' id='word_1_47' title='bbox 903 855 1110 909; x_wconf 71' lang='grc' dir='ltr'>ἔπαθον</span> <span class='ocrx_word' id='word_1_48' title='bbox 1131 853 1397 925; x_wconf 69' lang='grc' dir='ltr'>ἔκπληξιν</span> <span class='ocrx_word' id='word_1_49' title='bbox 1425 854 1476 907; x_wconf 85' lang='grc' dir='ltr'>οί</span> <span class='ocrx_word' id='word_1_50' title='bbox 1510 851 1816 924; x_wconf 87' lang='grc' dir='ltr'>τηνικαῦτα</span> 
     </span>
    </p>
   </div>
   <div class='ocr_carea' id='block_1_10' title="bbox 218 944 1819 1022">
    <p class='ocr_par' dir='ltr' id='par_1_10' title="bbox 218 944 1819 1022">
     <span class='ocr_line' id='line_1_10' title="bbox 218 944 1819 1022; baseline -0.004 -17"><span class='ocrx_word' id='word_1_51' title='bbox 218 952 516 1022; x_wconf 65' lang='grc' dir='ltr'>παρόντες,</span> <span class='ocrx_word' id='word_1_52' title='bbox 558 951 656 1004; x_wconf 76' lang='grc' dir='ltr'>καὶ</span> <span class='ocrx_word' id='word_1_53' title='bbox 689 949 927 1020; x_wconf 79' lang='grc' dir='ltr'>μάλιστα</span> <span class='ocrx_word' id='word_1_54' title='bbox 980 950 1016 1020; x_wconf 78' lang='grc' dir='ltr'><strong>ἡ</strong></span> <span class='ocrx_word' id='word_1_55' title='bbox 1047 949 1370 1019; x_wconf 76' lang='grc' dir='ltr'>μακαριστὴ</span> <span class='ocrx_word' id='word_1_56' title='bbox 1396 946 1531 1008; x_wconf 75' lang='grc' dir='ltr'>δυὰς</span> <span class='ocrx_word' id='word_1_57' title='bbox 1561 944 1819 1018; x_wconf 78' lang='grc' dir='ltr'>ίερατικὴ</span> 
     </span>
    </p>
   </div>
   <div class='ocr_carea' id='block_1_11' title="bbox 217 1038 1820 1115">
    <p class='ocr_par' dir='ltr' id='par_1_11' title="bbox 217 1038 1820 1115">
     <span class='ocr_line' id='line_1_11' title="bbox 217 1038 1820 1115; baseline -0.004 -18"><span class='ocrx_word' id='word_1_58' title='bbox 217 1044 404 1115; x_wconf 70' lang='grc' dir='ltr'>ἐκείνη</span> <span class='ocrx_word' id='word_1_59' title='bbox 436 1045 457 1109; x_wconf 85' lang='grc'>(</span> <span class='ocrx_word' id='word_1_60' title='bbox 479 1042 759 1115; x_wconf 83' lang='grc' dir='ltr'>μακάριος</span> <span class='ocrx_word' id='word_1_61' title='bbox 778 1041 890 1113; x_wconf 77' lang='grc' dir='ltr'>γὰρ</span> <span class='ocrx_word' id='word_1_62' title='bbox 909 1041 1127 1105; x_wconf 82' lang='grc' dir='ltr'>πάντως</span> <span class='ocrx_word' id='word_1_63' title='bbox 1149 1050 1247 1093; x_wconf 74' lang='grc' dir='ltr'>καὶ</span> <span class='ocrx_word' id='word_1_64' title='bbox 1269 1042 1298 1094; x_wconf 83' lang='grc' dir='ltr'>ὁ</span> <span class='ocrx_word' id='word_1_65' title='bbox 1326 1039 1574 1093; x_wconf 87' lang='grc' dir='ltr'>τοιοῦτον</span> <span class='ocrx_word' id='word_1_66' title='bbox 1605 1038 1820 1109; x_wconf 70' lang='grc' dir='ltr'>ἐπάρας</span> 
     </span>
    </p>
   </div>
   <div class='ocr_carea' id='block_1_12' title="bbox 220 1132 1820 1207">
    <p class='ocr_par' dir='ltr' id='par_1_12' title="bbox 220 1132 1820 1207">
     <span class='ocr_line' id='line_1_12' title="bbox 220 1132 1820 1207; baseline -0.003 -17"><span class='ocrx_word' id='word_1_67' title='bbox 220 1136 547 1207; x_wconf 79' lang='grc' dir='ltr'>βάσταγμα,</span> <span class='ocrx_word' id='word_1_68' title='bbox 566 1134 715 1189; x_wconf 72' lang='grc' dir='ltr'>καθὰ</span> <span class='ocrx_word' id='word_1_69' title='bbox 738 1135 836 1189; x_wconf 82' lang='grc' dir='ltr'>καί</span> <span class='ocrx_word' id='word_1_70' title='bbox 858 1151 913 1188; x_wconf 89' lang='grc' dir='ltr'>τι</span> <span class='ocrx_word' id='word_1_71' title='bbox 936 1134 1161 1205; x_wconf 80' lang='grc' dir='ltr'>φορτίον</span> <span class='ocrx_word' id='word_1_72' title='bbox 1181 1132 1592 1202; x_wconf 73' lang='grc' dir='ltr'>εύαγγελικδν),</span> <span class='ocrx_word' id='word_1_73' title='bbox 1611 1132 1820 1186; x_wconf 69' lang='grc' dir='ltr'>οἴδασιν</span> 
     </span>
    </p>
   </div>
   <div class='ocr_carea' id='block_1_13' title="bbox 216 1223 1815 1298">
    <p class='ocr_par' dir='ltr' id='par_1_13' title="bbox 216 1223 1815 1298">
     <span class='ocr_line' id='line_1_13' title="bbox 216 1223 1815 1298; baseline -0.004 -17"><span class='ocrx_word' id='word_1_74' title='bbox 216 1229 267 1281; x_wconf 80' lang='lat' dir='ltr'><strong>oi</strong></span> <span class='ocrx_word' id='word_1_75' title='bbox 301 1228 429 1282; x_wconf 83' lang='grc' dir='ltr'>τότε</span> <span class='ocrx_word' id='word_1_76' title='bbox 485 1227 983 1298; x_wconf 78' lang='grc' dir='ltr'>περιτετυχηιιὸτες</span> <span class='ocrx_word' id='word_1_77' title='bbox 1033 1224 1112 1294; x_wconf 85' lang='grc' dir='ltr'>τῷ</span> <span class='ocrx_word' id='word_1_78' title='bbox 1142 1224 1411 1296; x_wconf 79' lang='grc' dir='ltr'>θαύματι.</span> <span class='ocrx_word' id='word_1_79' title='bbox 1455 1223 1589 1293; x_wconf 79' lang='grc' dir='ltr'>Ἐμὲ</span> <span class='ocrx_word' id='word_1_80' title='bbox 1624 1223 1682 1277; x_wconf 79' lang='grc' dir='ltr'>δὲ</span> <span class='ocrx_word' id='word_1_81' title='bbox 1716 1225 1815 1275; x_wconf 75' lang='grc' dir='ltr'>ἐκ·</span> 
     </span>
    </p>
   </div>
   <div class='ocr_carea' id='block_1_14' title="bbox 214 1313 1813 1391">
    <p class='ocr_par' dir='ltr' id='par_1_14' title="bbox 214 1313 1813 1391">
     <span class='ocr_line' id='line_1_14' title="bbox 214 1313 1813 1391; baseline -0.004 -17"><span class='ocrx_word' id='word_1_82' title='bbox 214 1322 477 1391; x_wconf 75' lang='grc' dir='ltr'>πλήττει,</span> <span class='ocrx_word' id='word_1_83' title='bbox 507 1320 628 1382; x_wconf 80' lang='grc' dir='ltr'>πῶς</span> <span class='ocrx_word' id='word_1_84' title='bbox 668 1336 802 1373; x_wconf 78' lang='grc' dir='ltr'>ποτε</span> <span class='ocrx_word' id='word_1_85' title='bbox 822 1318 884 1371; x_wconf 85' lang='grc' dir='ltr'>ού</span> <span class='ocrx_word' id='word_1_86' title='bbox 916 1317 1306 1388; x_wconf 78' lang='grc' dir='ltr'>παρελύθησαν</span> <span class='ocrx_word' id='word_1_87' title='bbox 1339 1316 1492 1387; x_wconf 74' lang='grc' dir='ltr'>φόϐῳ</span> <span class='ocrx_word' id='word_1_88' title='bbox 1520 1318 1569 1369; x_wconf 79' lang='lat' dir='ltr'><strong>oi</strong></span> <span class='ocrx_word' id='word_1_89' title='bbox 1608 1313 1813 1386; x_wconf 79' lang='grc' dir='ltr'>βαστά-</span> 
     </span>
    </p>
   </div>
   <div class='ocr_carea' id='block_1_15' title="bbox 219 1407 1814 1481">
    <p class='ocr_par' dir='ltr' id='par_1_15' title="bbox 219 1407 1814 1481">
     <span class='ocr_line' id='line_1_15' title="bbox 219 1407 1814 1481; baseline -0.003 -16"><span class='ocrx_word' id='word_1_90' title='bbox 219 1430 444 1475; x_wconf 82' lang='grc' dir='ltr'>σαντες,</span> <span class='ocrx_word' id='word_1_91' title='bbox 480 1411 598 1477; x_wconf 82' lang='grc' dir='ltr'>πῶς</span> <span class='ocrx_word' id='word_1_92' title='bbox 630 1411 690 1465; x_wconf 76' lang='grc' dir='ltr'>δὲ</span> <span class='ocrx_word' id='word_1_93' title='bbox 718 1412 822 1464; x_wconf 82' lang='grc' dir='ltr'>οὐκ</span> <span class='ocrx_word' id='word_1_94' title='bbox 850 1409 1152 1481; x_wconf 68' lang='grc' dir='ltr'>ἐξέστησαν</span> <span class='ocrx_word' id='word_1_95' title='bbox 1185 1409 1364 1472; x_wconf 76' lang='grc' dir='ltr'>ἄλλως</span> <span class='ocrx_word' id='word_1_96' title='bbox 1388 1409 1482 1462; x_wconf 68' lang='grc' dir='ltr'>ἐπὶ</span> <span class='ocrx_word' id='word_1_97' title='bbox 1515 1407 1661 1463; x_wconf 77' lang='grc' dir='ltr'>οὕτω</span> <span class='ocrx_word' id='word_1_98' title='bbox 1688 1425 1814 1461; x_wconf 84' lang='grc' dir='ltr'>και-</span> 
     </span>
    </p>
   </div>
   <div class='ocr_carea' id='block_1_16' title="bbox 216 1497 1812 1577">
    <p class='ocr_par' dir='ltr' id='par_1_16' title="bbox 216 1497 1812 1577">
     <span class='ocr_line' id='line_1_16' title="bbox 216 1497 1812 1577; baseline -0.002 -20"><span class='ocrx_word' id='word_1_99' title='bbox 216 1508 452 1562; x_wconf 60' lang='lat' dir='ltr'><strong>voci-con</strong></span> <span class='ocrx_word' id='word_1_100' title='bbox 504 1505 674 1577; x_wconf 75' lang='grc' dir='ltr'>πείρᾳ.</span> <span class='ocrx_word' id='word_1_101' title='bbox 714 1504 1068 1576; x_wconf 75' lang='grc' dir='ltr'>πράγματος.</span> <span class='ocrx_word' id='word_1_102' title='bbox 1124 1497 1472 1573; x_wconf 77' lang='grc' dir='ltr'>Ἔγωγ“οὗν,</span> <span class='ocrx_word' id='word_1_103' title='bbox 1506 1505 1556 1556; x_wconf 87' lang='grc' dir='ltr'>εί</span> <span class='ocrx_word' id='word_1_104' title='bbox 1606 1500 1812 1572; x_wconf 79' lang='grc' dir='ltr'>παρῆν,</span> 
     </span>
    </p>
   </div>
   <div class='ocr_carea' id='block_1_17' title="bbox 216 1593 1815 1667">
    <p class='ocr_par' dir='ltr' id='par_1_17' title="bbox 216 1593 1815 1667">
     <span class='ocr_line' id='line_1_17' title="bbox 216 1593 1815 1667; baseline -0.005 -14"><span class='ocrx_word' id='word_1_105' title='bbox 216 1600 328 1653; x_wconf 72' lang='grc' dir='ltr'>οὐκ</span> <span class='ocrx_word' id='word_1_106' title='bbox 356 1597 425 1651; x_wconf 74' lang='grc' dir='ltr'>ἂν</span> <span class='ocrx_word' id='word_1_107' title='bbox 450 1597 718 1667; x_wconf 80' lang='grc' dir='ltr'>κατέσχον</span> <span class='ocrx_word' id='word_1_108' title='bbox 746 1593 989 1664; x_wconf 71' lang='grc' dir='ltr'>ὲμαυτδν</span> <span class='ocrx_word' id='word_1_109' title='bbox 1019 1594 1113 1648; x_wconf 85' lang='grc' dir='ltr'>τοῦ</span> <span class='ocrx_word' id='word_1_110' title='bbox 1146 1595 1298 1658; x_wconf 72' lang='grc' dir='ltr'>ἐνεδς</span> <span class='ocrx_word' id='word_1_111' title='bbox 1334 1597 1538 1664; x_wconf 82' lang='grc' dir='ltr'>μεῖναι,</span> <span class='ocrx_word' id='word_1_112' title='bbox 1568 1593 1618 1646; x_wconf 85' lang='grc' dir='ltr'>εί</span> <span class='ocrx_word' id='word_1_113' title='bbox 1655 1595 1729 1664; x_wconf 83' lang='grc' dir='ltr'>μή</span> <span class='ocrx_word' id='word_1_114' title='bbox 1760 1608 1815 1645; x_wconf 88' lang='grc' dir='ltr'>τι</span> 
     </span>
    </p>
   </div>
   <div class='ocr_carea' id='block_1_18' title="bbox 221 1686 1818 1760">
    <p class='ocr_par' dir='ltr' id='par_1_18' title="bbox 221 1686 1818 1760">
     <span class='ocr_line' id='line_1_18' title="bbox 221 1686 1818 1760; baseline -0.003 -16"><span class='ocrx_word' id='word_1_115' title='bbox 221 1692 335 1760; x_wconf 76' lang='grc' dir='ltr'>ἄρα</span> <span class='ocrx_word' id='word_1_116' title='bbox 372 1691 473 1743; x_wconf 76' lang='grc' dir='ltr'>καὶ</span> <span class='ocrx_word' id='word_1_117' title='bbox 526 1689 862 1758; x_wconf 79' lang='grc' dir='ltr'>διεφώνησα.</span> <span class='ocrx_word' id='word_1_118' title='bbox 926 1689 1039 1741; x_wconf 79' lang='grc' dir='ltr'>Καὶ</span> <span class='ocrx_word' id='word_1_119' title='bbox 1075 1688 1208 1752; x_wconf 72' lang='grc' dir='ltr'>ἴσως</span> <span class='ocrx_word' id='word_1_120' title='bbox 1265 1687 1367 1757; x_wconf 71' lang='grc' dir='ltr'>μὲν</span> <span class='ocrx_word' id='word_1_121' title='bbox 1387 1688 1587 1740; x_wconf 73' lang='grc' dir='ltr'>ἐκεῖνοι</span> <span class='ocrx_word' id='word_1_122' title='bbox 1617 1686 1818 1740; x_wconf 78' lang='grc' dir='ltr'>ἔπαθον</span> 
     </span>
    </p>
   </div>
   <div class='ocr_carea' id='block_1_19' title="bbox 226 1777 1819 1850">
    <p class='ocr_par' dir='ltr' id='par_1_19' title="bbox 226 1777 1819 1850">
     <span class='ocr_line' id='line_1_19' title="bbox 226 1777 1819 1850; baseline -0.003 -14"><span class='ocrx_word' id='word_1_123' title='bbox 226 1784 295 1836; x_wconf 74' lang='grc' dir='ltr'>ἄν</span> <span class='ocrx_word' id='word_1_124' title='bbox 328 1797 382 1834; x_wconf 84' lang='grc' dir='ltr'>τι</span> <span class='ocrx_word' id='word_1_125' title='bbox 404 1780 674 1835; x_wconf 82' lang='grc' dir='ltr'>τοιοῦτον.</span> <span class='ocrx_word' id='word_1_126' title='bbox 723 1779 790 1833; x_wconf 89' lang='grc' dir='ltr'>Τί</span> <span class='ocrx_word' id='word_1_127' title='bbox 825 1777 940 1850; x_wconf 76' lang='grc' dir='ltr'>γὰρ</span> <span class='ocrx_word' id='word_1_128' title='bbox 973 1778 1228 1842; x_wconf 80' lang='grc' dir='ltr'>ἀπεικὸς,</span> <span class='ocrx_word' id='word_1_129' title='bbox 1261 1777 1407 1831; x_wconf 77' lang='grc' dir='ltr'>οὕτω</span> <span class='ocrx_word' id='word_1_130' title='bbox 1440 1777 1738 1847; x_wconf 77' lang='grc' dir='ltr'>συμϐῆναι,</span> <span class='ocrx_word' id='word_1_131' title='bbox 1770 1778 1819 1831; x_wconf 83' lang='grc' dir='ltr'>εί</span> 
     </span>
    </p>
   </div>
   <div class='ocr_carea' id='block_1_20' title="bbox 232 1839 1898 1945">
    <p class='ocr_par' dir='ltr' id='par_1_20' title="bbox 232 1839 1898 1945">
     <span class='ocr_line' id='line_1_20' title="bbox 232 1839 1898 1945; baseline -0.001 -19"><span class='ocrx_word' id='word_1_132' title='bbox 232 1873 312 1945; x_wconf 78' lang='grc' dir='ltr'>μὴ</span> <span class='ocrx_word' id='word_1_133' title='bbox 358 1877 387 1926; x_wconf 75' lang='grc' dir='ltr'>ὁ</span> <span class='ocrx_word' id='word_1_134' title='bbox 420 1874 726 1945; x_wconf 71' lang='grc' dir='ltr'>φερόμενος</span> <span class='ocrx_word' id='word_1_135' title='bbox 757 1839 921 1941; x_wconf 62' lang='grc' dir='ltr'>ἅγιος</span> <span class='ocrx_word' id='word_1_136' title='bbox 971 1839 1223 1935; x_wconf 68' lang='grc' dir='ltr'>ἀνεζώου⁷</span> <span class='ocrx_word' id='word_1_137' title='bbox 1248 1839 1523 1936; x_wconf 57' lang='grc' dir='ltr'>ἐκείνους,</span> <span class='ocrx_word' id='word_1_138' title='bbox 1550 1839 1646 1923; x_wconf 72' lang='grc' dir='ltr'>καὶ</span> <span class='ocrx_word' id='word_1_139' title='bbox 1678 1839 1821 1925; x_wconf 74' lang='grc' dir='ltr'>κατὰ</span> <span class='ocrx_word' id='word_1_140' title='bbox 1847 1839 1898 1900; x_wconf 75' lang='grc' dir='ltr'>Β</span> 
     </span>
    </p>
   </div>
   <div class='ocr_carea' id='block_1_21' title="bbox 232 1961 1829 2036">
    <p class='ocr_par' dir='ltr' id='par_1_21' title="bbox 232 1961 1829 2036">
     <span class='ocr_line' id='line_1_21' title="bbox 232 1961 1829 2036; baseline -0.003 -17"><span class='ocrx_word' id='word_1_141' title='bbox 232 1965 404 2033; x_wconf 64' lang='grc' dir='ltr'>φύσιν</span> <span class='ocrx_word' id='word_1_142' title='bbox 443 1966 590 2036; x_wconf 77' lang='grc' dir='ltr'>ἔχειν</span> <span class='ocrx_word' id='word_1_143' title='bbox 623 1964 828 2030; x_wconf 77' lang='grc' dir='ltr'>ἐδίδους</span> <span class='ocrx_word' id='word_1_144' title='bbox 882 1964 1028 2033; x_wconf 84' lang='grc' dir='ltr'>Ἐγὼ</span> <span class='ocrx_word' id='word_1_145' title='bbox 1079 1963 1137 2018; x_wconf 79' lang='grc' dir='ltr'>δὲ</span> <span class='ocrx_word' id='word_1_146' title='bbox 1165 1961 1453 2033; x_wconf 73' lang='grc' dir='ltr'>θαυμάζω,</span> <span class='ocrx_word' id='word_1_147' title='bbox 1486 1962 1583 2015; x_wconf 70' lang='grc' dir='ltr'>καὶ</span> <span class='ocrx_word' id='word_1_148' title='bbox 1612 1961 1695 2015; x_wconf 85' lang='grc' dir='ltr'>ὅτι</span> <span class='ocrx_word' id='word_1_149' title='bbox 1728 1977 1829 2030; x_wconf 87' lang='grc' dir='ltr'>με·</span> 
     </span>
    </p>
   </div>
   <div class='ocr_carea' id='block_1_22' title="bbox 225 2053 1825 2128">
    <p class='ocr_par' dir='ltr' id='par_1_22' title="bbox 225 2053 1825 2128">
     <span class='ocr_line' id='line_1_22' title="bbox 225 2053 1825 2128; baseline -0.003 -17"><span class='ocrx_word' id='word_1_150' title='bbox 225 2058 485 2121; x_wconf 67' lang='grc' dir='ltr'>τατεθεὶς</span> <span class='ocrx_word' id='word_1_151' title='bbox 518 2056 1023 2128; x_wconf 80' lang='grc' dir='ltr'>ὲπλημμύρειτοϊς</span> <span class='ocrx_word' id='word_1_152' title='bbox 1081 2054 1277 2127; x_wconf 84' lang='grc' dir='ltr'>μύροις</span> <span class='ocrx_word' id='word_1_153' title='bbox 1321 2056 1403 2117; x_wconf 81' lang='grc' dir='ltr'>είς</span> <span class='ocrx_word' id='word_1_154' title='bbox 1453 2054 1642 2118; x_wconf 80' lang='grc' dir='ltr'>πλέον,</span> <span class='ocrx_word' id='word_1_155' title='bbox 1678 2053 1825 2125; x_wconf 73' lang='grc' dir='ltr'>ἥπερ</span> 
     </span>
    </p>
   </div>
   <div class='ocr_carea' id='block_1_23' title="bbox 228 2141 1825 2221">
    <p class='ocr_par' dir='ltr' id='par_1_23' title="bbox 228 2141 1825 2221">
     <span class='ocr_line' id='line_1_23' title="bbox 228 2141 1825 2221; baseline -0.003 -17"><span class='ocrx_word' id='word_1_156' title='bbox 228 2151 533 2221; x_wconf 78' lang='grc' dir='ltr'>πρότερον,</span> <span class='ocrx_word' id='word_1_157' title='bbox 572 2149 790 2213; x_wconf 77' lang='grc' dir='ltr'>δεικνὺς</span> <span class='ocrx_word' id='word_1_158' title='bbox 841 2146 1097 2202; x_wconf 71' lang='grc' dir='ltr'>ἐντεῦθεν</span> <span class='ocrx_word' id='word_1_159' title='bbox 1147 2148 1264 2211; x_wconf 73' lang='grc' dir='ltr'>τοῖς</span> <span class='ocrx_word' id='word_1_160' title='bbox 1315 2146 1607 2216; x_wconf 82' lang='grc' dir='ltr'>φιλοθέοις,</span> <span class='ocrx_word' id='word_1_161' title='bbox 1649 2141 1762 2200; x_wconf 76' lang='grc' dir='ltr'>οἷον</span> <span class='ocrx_word' id='word_1_162' title='bbox 1789 2147 1825 2216; x_wconf 79' lang='grc' dir='ltr'><strong>ἡ</strong></span> 
     </span>
    </p>
   </div>
   <div class='ocr_carea' id='block_1_24' title="bbox 225 2238 1823 2314">
    <p class='ocr_par' dir='ltr' id='par_1_24' title="bbox 225 2238 1823 2314">
     <span class='ocr_line' id='line_1_24' title="bbox 225 2238 1823 2314; baseline -0.004 -19"><span class='ocrx_word' id='word_1_163' title='bbox 225 2243 373 2314; x_wconf 68' lang='grc' dir='ltr'>πρὸς</span> <span class='ocrx_word' id='word_1_164' title='bbox 396 2243 534 2306; x_wconf 67' lang='grc' dir='ltr'>τοὺς</span> <span class='ocrx_word' id='word_1_165' title='bbox 566 2242 759 2309; x_wconf 80' lang='grc' dir='ltr'>ἁγίους</span> <span class='ocrx_word' id='word_1_166' title='bbox 781 2239 879 2295; x_wconf 89' lang='grc' dir='ltr'>τοῦ</span> <span class='ocrx_word' id='word_1_167' title='bbox 902 2238 1040 2294; x_wconf 87' lang='grc' dir='ltr'>Θεοῦ</span> <span class='ocrx_word' id='word_1_168' title='bbox 1061 2238 1222 2310; x_wconf 81' lang='grc' dir='ltr'>τιμὴ,</span> <span class='ocrx_word' id='word_1_169' title='bbox 1250 2239 1345 2293; x_wconf 76' lang='grc' dir='ltr'>καὶ</span> <span class='ocrx_word' id='word_1_170' title='bbox 1376 2240 1524 2302; x_wconf 74' lang='grc' dir='ltr'>ὅπως</span> <span class='ocrx_word' id='word_1_171' title='bbox 1551 2238 1622 2291; x_wconf 82' lang='grc' dir='ltr'>δι’</span> <span class='ocrx_word' id='word_1_172' title='bbox 1651 2238 1823 2307; x_wconf 77' lang='grc' dir='ltr'>αὐτῆς</span> 
     </span>
    </p>
   </div>
   <div class='ocr_carea' id='block_1_25' title="bbox 226 2329 1824 2403">
    <p class='ocr_par' dir='ltr' id='par_1_25' title="bbox 226 2329 1824 2403">
     <span class='ocr_line' id='line_1_25' title="bbox 226 2329 1824 2403; baseline -0.004 -16"><span class='ocrx_word' id='word_1_173' title='bbox 226 2332 536 2399; x_wconf 75' lang='grc' dir='ltr'>ἐπαύξεται</span> <span class='ocrx_word' id='word_1_174' title='bbox 567 2333 703 2403; x_wconf 74' lang='grc' dir='ltr'>ἡμῖν</span> <span class='ocrx_word' id='word_1_175' title='bbox 728 2333 801 2385; x_wconf 79' lang='grc' dir='ltr'>τὰ</span> <span class='ocrx_word' id='word_1_176' title='bbox 831 2332 899 2385; x_wconf 81' lang='grc' dir='ltr'>ὲκ</span> <span class='ocrx_word' id='word_1_177' title='bbox 930 2330 1067 2384; x_wconf 84' lang='grc' dir='ltr'>Θεοῦ</span> <span class='ocrx_word' id='word_1_178' title='bbox 1116 2329 1321 2398; x_wconf 82' lang='grc' dir='ltr'>ἀγαθά.</span> <span class='ocrx_word' id='word_1_179' title='bbox 1358 2330 1688 2400; x_wconf 83' lang='grc' dir='ltr'>Τιμωμὲνου</span> <span class='ocrx_word' id='word_1_180' title='bbox 1712 2330 1824 2400; x_wconf 75' lang='grc' dir='ltr'>γὰρ</span> 
     </span>
    </p>
   </div>
   <div class='ocr_carea' id='block_1_26' title="bbox 223 2423 1825 2496">
    <p class='ocr_par' dir='ltr' id='par_1_26' title="bbox 223 2423 1825 2496">
     <span class='ocr_line' id='line_1_26' title="bbox 223 2423 1825 2496; baseline -0.004 -15"><span class='ocrx_word' id='word_1_181' title='bbox 223 2427 394 2495; x_wconf 73' lang='grc' dir='ltr'>ἁγίου</span> <span class='ocrx_word' id='word_1_182' title='bbox 435 2427 535 2479; x_wconf 81' lang='grc' dir='ltr'>καὶ</span> <span class='ocrx_word' id='word_1_183' title='bbox 565 2425 877 2496; x_wconf 80' lang='grc' dir='ltr'>χαίροντος,</span> <span class='ocrx_word' id='word_1_184' title='bbox 912 2425 986 2489; x_wconf 84' lang='grc' dir='ltr'>ὡς</span> <span class='ocrx_word' id='word_1_185' title='bbox 1040 2423 1361 2493; x_wconf 82' lang='grc' dir='ltr'>τετίμηται,</span> <span class='ocrx_word' id='word_1_186' title='bbox 1398 2423 1690 2487; x_wconf 77' lang='grc' dir='ltr'>πλεονάζει</span> <span class='ocrx_word' id='word_1_187' title='bbox 1729 2423 1825 2476; x_wconf 74' lang='grc' dir='ltr'>καὶ</span> 
     </span>
    </p>
   </div>
   <div class='ocr_carea' id='block_1_27' title="bbox 224 2515 1827 2588">
    <p class='ocr_par' dir='ltr' id='par_1_27' title="bbox 224 2515 1827 2588">
     <span class='ocr_line' id='line_1_27' title="bbox 224 2515 1827 2588; baseline -0.002 -16"><span class='ocrx_word' id='word_1_188' title='bbox 224 2520 293 2573; x_wconf 83' lang='grc' dir='ltr'>τὺ</span> <span class='ocrx_word' id='word_1_189' title='bbox 323 2521 385 2572; x_wconf 81' lang='grc' dir='ltr'>ἐν</span> <span class='ocrx_word' id='word_1_190' title='bbox 435 2518 670 2580; x_wconf 77' lang='grc' dir='ltr'>ἐκείνοις</span> <span class='ocrx_word' id='word_1_191' title='bbox 703 2516 916 2588; x_wconf 86' lang='grc' dir='ltr'>θαῦμα,</span> <span class='ocrx_word' id='word_1_192' title='bbox 951 2515 1051 2571; x_wconf 81' lang='grc' dir='ltr'>καὶ</span> <span class='ocrx_word' id='word_1_193' title='bbox 1086 2516 1403 2588; x_wconf 77' lang='grc' dir='ltr'>παραμένει</span> <span class='ocrx_word' id='word_1_194' title='bbox 1445 2515 1694 2588; x_wconf 81' lang='grc' dir='ltr'>διηνεκὲς</span> <span class='ocrx_word' id='word_1_195' title='bbox 1744 2516 1827 2579; x_wconf 84' lang='grc' dir='ltr'>είς</span> 
     </span>
    </p>
   </div>
   <div class='ocr_carea' id='block_1_28' title="bbox 227 2603 1823 2681">
    <p class='ocr_par' dir='ltr' id='par_1_28' title="bbox 227 2603 1823 2681">
     <span class='ocr_line' id='line_1_28' title="bbox 227 2603 1823 2681; baseline -0.005 -15"><span class='ocrx_word' id='word_1_196' title='bbox 227 2610 487 2681; x_wconf 77' lang='grc' dir='ltr'>ίατρεὶαν</span> <span class='ocrx_word' id='word_1_197' title='bbox 517 2609 700 2679; x_wconf 77' lang='grc' dir='ltr'>ψυχῆς</span> <span class='ocrx_word' id='word_1_198' title='bbox 741 2624 801 2661; x_wconf 86' lang='grc' dir='ltr'>τε</span> <span class='ocrx_word' id='word_1_199' title='bbox 832 2606 933 2678; x_wconf 82' lang='grc' dir='ltr'>τῆς</span> <span class='ocrx_word' id='word_1_200' title='bbox 966 2605 1265 2676; x_wconf 84' lang='grc' dir='ltr'>ποθούσης,</span> <span class='ocrx_word' id='word_1_201' title='bbox 1296 2608 1389 2659; x_wconf 69' lang='grc' dir='ltr'>καὶ</span> <span class='ocrx_word' id='word_1_202' title='bbox 1424 2603 1678 2677; x_wconf 84' lang='grc' dir='ltr'>σώματος</span> <span class='ocrx_word' id='word_1_203' title='bbox 1726 2605 1823 2659; x_wconf 86' lang='grc' dir='ltr'>τοῦ</span> 
     </span>
    </p>
   </div>
   <div class='ocr_carea' id='block_1_29' title="bbox 228 2697 1822 2772">
    <p class='ocr_par' dir='ltr' id='par_1_29' title="bbox 228 2697 1822 2772">
     <span class='ocr_line' id='line_1_29' title="bbox 228 2697 1822 2772; baseline -0.003 -16"><span class='ocrx_word' id='word_1_204' title='bbox 228 2701 517 2772; x_wconf 84' lang='grc' dir='ltr'>δεομένου.</span> <span class='ocrx_word' id='word_1_205' title='bbox 574 2700 812 2770; x_wconf 82' lang='grc' dir='ltr'>Οἴδαμεν</span> <span class='ocrx_word' id='word_1_206' title='bbox 839 2700 972 2770; x_wconf 74' lang='grc' dir='ltr'>γὰρ,</span> <span class='ocrx_word' id='word_1_207' title='bbox 996 2698 1096 2762; x_wconf 82' lang='grc' dir='ltr'>τὰς</span> <span class='ocrx_word' id='word_1_208' title='bbox 1124 2699 1218 2751; x_wconf 73' lang='grc' dir='ltr'>ἐπὶ</span> <span class='ocrx_word' id='word_1_209' title='bbox 1252 2699 1368 2762; x_wconf 83' lang='grc' dir='ltr'>τοῖς</span> <span class='ocrx_word' id='word_1_210' title='bbox 1405 2697 1583 2767; x_wconf 75' lang='grc' dir='ltr'>ἁγίοις</span> <span class='ocrx_word' id='word_1_211' title='bbox 1612 2698 1677 2750; x_wconf 77' lang='grc' dir='ltr'>ὲκ</span> <span class='ocrx_word' id='word_1_212' title='bbox 1727 2697 1822 2751; x_wconf 87' lang='grc' dir='ltr'>τοῦ</span> 
     </span>
    </p>
   </div>
   <div class='ocr_carea' id='block_1_30' title="bbox 227 2789 1827 2866">
    <p class='ocr_par' dir='ltr' id='par_1_30' title="bbox 227 2789 1827 2866">
     <span class='ocr_line' id='line_1_30' title="bbox 227 2789 1827 2866; baseline -0.004 -18"><span class='ocrx_word' id='word_1_213' title='bbox 227 2794 372 2848; x_wconf 79' lang='grc' dir='ltr'>Θεοῦ</span> <span class='ocrx_word' id='word_1_214' title='bbox 400 2794 637 2866; x_wconf 78' lang='grc' dir='ltr'>χάριτας</span> <span class='ocrx_word' id='word_1_215' title='bbox 686 2794 771 2856; x_wconf 83' lang='grc' dir='ltr'>είς</span> <span class='ocrx_word' id='word_1_216' title='bbox 823 2792 976 2862; x_wconf 70' lang='grc' dir='ltr'>ἡμᾶς</span> <span class='ocrx_word' id='word_1_217' title='bbox 1001 2789 1320 2846; x_wconf 76' lang='grc' dir='ltr'>διαϐαίνειν.</span> <span class='ocrx_word' id='word_1_218' title='bbox 1348 2790 1466 2845; x_wconf 79' lang='grc' dir='ltr'>οὐκ</span> <span class='ocrx_word' id='word_1_219' title='bbox 1497 2789 1827 2861; x_wconf 85' lang='grc' dir='ltr'>ἀγνοοῦμεν,</span> 
     </span>
    </p>
   </div>
   <div class='ocr_carea' id='block_1_31' title="bbox 228 2881 1826 2958">
    <p class='ocr_par' dir='ltr' id='par_1_31' title="bbox 228 2881 1826 2958">
     <span class='ocr_line' id='line_1_31' title="bbox 228 2881 1826 2958; baseline -0.004 -17"><span class='ocrx_word' id='word_1_220' title='bbox 228 2887 352 2942; x_wconf 75' lang='grc' dir='ltr'>ἀλλ’</span> <span class='ocrx_word' id='word_1_221' title='bbox 372 2885 757 2958; x_wconf 75' lang='grc' dir='ltr'>ἠκρισώμεθα,</span> <span class='ocrx_word' id='word_1_222' title='bbox 785 2884 864 2948; x_wconf 82' lang='grc' dir='ltr'>ὡς</span> <span class='ocrx_word' id='word_1_223' title='bbox 895 2884 1126 2939; x_wconf 68' lang='grc' dir='ltr'>ἐκείνων</span> <span class='ocrx_word' id='word_1_224' title='bbox 1172 2881 1670 2954; x_wconf 80' lang='grc' dir='ltr'>καταντλουμένων</span> <span class='ocrx_word' id='word_1_225' title='bbox 1710 2885 1826 2943; x_wconf 81' lang='grc' dir='ltr'>τοῖς</span> 
     </span>
    </p>
   </div>
   <div class='ocr_carea' id='block_1_32' title="bbox 229 2974 1823 3048">
    <p class='ocr_par' dir='ltr' id='par_1_32' title="bbox 229 2974 1823 3048">
     <span class='ocr_line' id='line_1_32' title="bbox 229 2974 1823 3048; baseline -0.003 -17"><span class='ocrx_word' id='word_1_226' title='bbox 229 2981 296 3033; x_wconf 74' lang='grc' dir='ltr'>ἐκ</span> <span class='ocrx_word' id='word_1_227' title='bbox 321 2977 465 3033; x_wconf 85' lang='grc' dir='ltr'>Θεοῦ</span> <span class='ocrx_word' id='word_1_228' title='bbox 496 2979 708 3041; x_wconf 78' lang='grc' dir='ltr'>καλοῖς,</span> <span class='ocrx_word' id='word_1_229' title='bbox 736 2976 1006 3048; x_wconf 72' lang='grc' dir='ltr'>ἀπορρέει</span> <span class='ocrx_word' id='word_1_230' title='bbox 1022 2975 1163 3030; x_wconf 82' lang='grc' dir='ltr'>αὐτὰ</span> <span class='ocrx_word' id='word_1_231' title='bbox 1196 2976 1293 3030; x_wconf 79' lang='grc' dir='ltr'>καὶ</span> <span class='ocrx_word' id='word_1_232' title='bbox 1319 2978 1402 3040; x_wconf 86' lang='grc' dir='ltr'>είς</span> <span class='ocrx_word' id='word_1_233' title='bbox 1430 2976 1604 3046; x_wconf 77' lang='grc' dir='ltr'>ἡμᾶς,</span> <span class='ocrx_word' id='word_1_234' title='bbox 1632 2974 1823 3045; x_wconf 76' lang='grc' dir='ltr'>ἐπειδὴ</span> 
     </span>
    </p>
   </div>
   <div class='ocr_carea' id='block_1_33' title="bbox 232 3064 1828 3137">
    <p class='ocr_par' dir='ltr' id='par_1_33' title="bbox 232 3064 1828 3137">
     <span class='ocr_line' id='line_1_33' title="bbox 232 3064 1828 3137; baseline -0.005 -11"><span class='ocrx_word' id='word_1_235' title='bbox 232 3072 331 3126; x_wconf 78' lang='grc' dir='ltr'>καὶ</span> <span class='ocrx_word' id='word_1_236' title='bbox 354 3072 535 3133; x_wconf 66' lang='grc' dir='ltr'>ἄλλως</span> <span class='ocrx_word' id='word_1_237' title='bbox 569 3070 725 3123; x_wconf 75' lang='grc' dir='ltr'>οὐδέν</span> <span class='ocrx_word' id='word_1_238' title='bbox 758 3086 812 3122; x_wconf 93' lang='grc' dir='ltr'>τι</span> <span class='ocrx_word' id='word_1_239' title='bbox 839 3068 954 3123; x_wconf 83' lang='grc' dir='ltr'>τῶν</span> <span class='ocrx_word' id='word_1_240' title='bbox 992 3072 1253 3122; x_wconf 85' lang='grc' dir='ltr'>τοιούτων</span> <span class='ocrx_word' id='word_1_241' title='bbox 1282 3068 1332 3120; x_wconf 75' lang='grc' dir='ltr'>οἱ</span> <span class='ocrx_word' id='word_1_242' title='bbox 1370 3066 1469 3121; x_wconf 86' lang='grc' dir='ltr'>τοῦ</span> <span class='ocrx_word' id='word_1_243' title='bbox 1503 3064 1643 3119; x_wconf 80' lang='grc' dir='ltr'>Θεοῦ</span> <span class='ocrx_word' id='word_1_244' title='bbox 1664 3065 1828 3137; x_wconf 85' lang='grc' dir='ltr'>θερά-</span> 
     </span>
    </p>
   </div>
   <div class='ocr_carea' id='block_1_34' title="bbox 1919 581 3496 657">
    <p class='ocr_par' dir='ltr' id='par_1_34' title="bbox 1919 581 3496 657">
     <span class='ocr_line' id='line_1_34' title="bbox 1919 581 3496 657; baseline 0.009 -25"><span class='ocrx_word' id='word_1_245' title='bbox 1919 581 2159 635; x_wconf 82' lang='lat' dir='ltr'>emensis</span> <span class='ocrx_word' id='word_1_246' title='bbox 2211 581 2485 653; x_wconf 89' lang='lat' dir='ltr'><strong>collapsus</strong></span> <span class='ocrx_word' id='word_1_247' title='bbox 2529 593 2615 640; x_wconf 84' lang='lat' dir='ltr'><strong>est</strong></span> <span class='ocrx_word' id='word_1_248' title='bbox 2658 594 2714 640; x_wconf 91' lang='lat' dir='ltr'><strong>et</strong></span> <span class='ocrx_word' id='word_1_249' title='bbox 2764 587 3009 657; x_wconf 86' lang='lat' dir='ltr'><strong>sepultus</strong></span> <span class='ocrx_word' id='word_1_250' title='bbox 3040 589 3128 643; x_wconf 86' lang='lat' dir='ltr'>ubi</span> <span class='ocrx_word' id='word_1_251' title='bbox 3155 591 3496 647; x_wconf 72' lang='lat' dir='ltr'>conciderat.</span> 
     </span>
    </p>
   </div>
   <div class='ocr_carea' id='block_1_35' title="bbox 1920 669 3491 752">
    <p class='ocr_par' dir='ltr' id='par_1_35' title="bbox 1920 669 3491 752">
     <span class='ocr_line' id='line_1_35' title="bbox 1920 669 3491 752; baseline 0.01 -28"><span class='ocrx_word' id='word_1_252' title='bbox 1920 669 2270 744; x_wconf 80' lang='lat' dir='ltr'>Quantopere</span> <span class='ocrx_word' id='word_1_253' title='bbox 2318 687 2499 731; x_wconf 88' lang='lat' dir='ltr'><strong>autem</strong></span> <span class='ocrx_word' id='word_1_254' title='bbox 2545 678 2928 750; x_wconf 87' lang='lat' dir='ltr'><strong>obstupuerint</strong></span> <span class='ocrx_word' id='word_1_255' title='bbox 2956 682 3046 752; x_wconf 90' lang='lat' dir='ltr'>qui</span> <span class='ocrx_word' id='word_1_256' title='bbox 3083 690 3212 740; x_wconf 88' lang='lat' dir='ltr'><strong>tunc</strong></span> <span class='ocrx_word' id='word_1_257' title='bbox 3241 684 3491 750; x_wconf 87' lang='lat' dir='ltr'><strong>aderant,</strong></span> 
     </span>
    </p>
   </div>
   <div class='ocr_carea' id='block_1_36' title="bbox 1918 766 3500 846">
    <p class='ocr_par' dir='ltr' id='par_1_36' title="bbox 1918 766 3500 846">
     <span class='ocr_line' id='line_1_36' title="bbox 1918 766 3500 846; baseline 0.008 -28"><span class='ocrx_word' id='word_1_258' title='bbox 1918 773 1970 818; x_wconf 85' lang='lat' dir='ltr'>et</span> <span class='ocrx_word' id='word_1_259' title='bbox 1999 766 2269 837; x_wconf 64' lang='lat' dir='ltr'><strong>praecipue</strong></span> <span class='ocrx_word' id='word_1_260' title='bbox 2309 769 2573 824; x_wconf 85' lang='lat' dir='ltr'><strong>beati-isti</strong></span> <span class='ocrx_word' id='word_1_261' title='bbox 2613 771 2721 824; x_wconf 93' lang='lat' dir='ltr'><strong>duo</strong></span> <span class='ocrx_word' id='word_1_262' title='bbox 2747 772 2850 826; x_wconf 84' lang='lat' dir='ltr'><strong>viri</strong></span> <span class='ocrx_word' id='word_1_263' title='bbox 2893 773 3066 828; x_wconf 88' lang='lat' dir='ltr'><strong>sancti</strong></span> <span class='ocrx_word' id='word_1_264' title='bbox 3105 772 3318 846; x_wconf 86' lang='lat' dir='ltr'><strong>(beatus</strong></span> <span class='ocrx_word' id='word_1_265' title='bbox 3353 777 3500 831; x_wconf 88' lang='lat' dir='ltr'><strong>enim</strong></span> 
     </span>
    </p>
   </div>
   <div class='ocr_carea' id='block_1_37' title="bbox 1919 858 3497 937">
    <p class='ocr_par' dir='ltr' id='par_1_37' title="bbox 1919 858 3497 937">
     <span class='ocr_line' id='line_1_37' title="bbox 1919 858 3497 937; baseline 0.008 -28"><span class='ocrx_word' id='word_1_266' title='bbox 1919 870 2111 911; x_wconf 82' lang='lat' dir='ltr'>revera</span> <span class='ocrx_word' id='word_1_267' title='bbox 2166 858 2259 929; x_wconf 89' lang='lat' dir='ltr'>qui</span> <span class='ocrx_word' id='word_1_268' title='bbox 2292 860 2399 915; x_wconf 91' lang='lat' dir='ltr'><strong>tale</strong></span> <span class='ocrx_word' id='word_1_269' title='bbox 2455 870 2636 930; x_wconf 84' lang='lat' dir='ltr'><strong>portat</strong></span> <span class='ocrx_word' id='word_1_270' title='bbox 2685 878 2822 918; x_wconf 84' lang='lat' dir='ltr'><strong>onus</strong></span> <span class='ocrx_word' id='word_1_271' title='bbox 2868 864 3017 920; x_wconf 87' lang='lat' dir='ltr'><strong>velut</strong></span> <span class='ocrx_word' id='word_1_272' title='bbox 3041 868 3316 937; x_wconf 78' lang='lat' dir='ltr'>quoddam</span> <span class='ocrx_word' id='word_1_273' title='bbox 3356 882 3497 922; x_wconf 89' lang='lat' dir='ltr'><strong>onus</strong></span> 
     </span>
    </p>
   </div>
   <div class='ocr_carea' id='block_1_38' title="bbox 1920 949 3506 1022">
    <p class='ocr_par' dir='ltr' id='par_1_38' title="bbox 1920 949 3506 1022">
     <span class='ocr_line' id='line_1_38' title="bbox 1920 949 3506 1022; baseline 0.006 -18"><span class='ocrx_word' id='word_1_274' title='bbox 1920 949 2340 1022; x_wconf 81' lang='lat' dir='ltr'><strong>evangelicum).</strong></span> <span class='ocrx_word' id='word_1_275' title='bbox 2394 952 2577 1007; x_wconf 89' lang='lat' dir='ltr'><strong>sciunt</strong></span> <span class='ocrx_word' id='word_1_276' title='bbox 2611 953 2704 1022; x_wconf 89' lang='lat' dir='ltr'><strong>qui</strong></span> <span class='ocrx_word' id='word_1_277' title='bbox 2754 962 2886 1017; x_wconf 87' lang='lat' dir='ltr'><strong>tunc</strong></span> <span class='ocrx_word' id='word_1_278' title='bbox 2930 958 3198 1013; x_wconf 90' lang='lat' dir='ltr'><strong>miraculo</strong></span> <span class='ocrx_word' id='word_1_279' title='bbox 3243 958 3506 1014; x_wconf 78' lang='lat' dir='ltr'><strong>interfue-</strong></span> 
     </span>
    </p>
   </div>
   <div class='ocr_carea' id='block_1_39' title="bbox 1921 1039 3501 1120">
    <p class='ocr_par' dir='ltr' id='par_1_39' title="bbox 1921 1039 3501 1120">
     <span class='ocr_line' id='line_1_39' title="bbox 1921 1039 3501 1120; baseline 0.006 -26"><span class='ocrx_word' id='word_1_280' title='bbox 1921 1049 2070 1096; x_wconf 87' lang='lat' dir='ltr'><strong>runt.</strong></span> <span class='ocrx_word' id='word_1_281' title='bbox 2109 1039 2222 1112; x_wconf 84' lang='lat' dir='ltr'>Ego</span> <span class='ocrx_word' id='word_1_282' title='bbox 2268 1053 2453 1098; x_wconf 72' lang='lat' dir='ltr'><strong>autem</strong></span> <span class='ocrx_word' id='word_1_283' title='bbox 2489 1044 2681 1111; x_wconf 88' lang='lat' dir='ltr'>miror,</span> <span class='ocrx_word' id='word_1_284' title='bbox 2725 1048 3001 1115; x_wconf 86' lang='lat' dir='ltr'><strong>quomodo</strong></span> <span class='ocrx_word' id='word_1_285' title='bbox 3058 1059 3342 1119; x_wconf 75' lang='lat' dir='ltr'>portantes</span> <span class='ocrx_word' id='word_1_286' title='bbox 3389 1065 3501 1120; x_wconf 69' lang='lat' dir='ltr'><strong>pm:</strong></span> 
     </span>
    </p>
   </div>
   <div class='ocr_carea' id='block_1_40' title="bbox 1922 1135 3503 1207">
    <p class='ocr_par' dir='ltr' id='par_1_40' title="bbox 1922 1135 3503 1207">
     <span class='ocr_line' id='line_1_40' title="bbox 1922 1135 3503 1207; baseline 0.004 -19"><span class='ocrx_word' id='word_1_287' title='bbox 1922 1141 2070 1188; x_wconf 88' lang='lat' dir='ltr'><strong>metu</strong></span> <span class='ocrx_word' id='word_1_288' title='bbox 2102 1150 2210 1189; x_wconf 88' lang='lat' dir='ltr'>non</span> <span class='ocrx_word' id='word_1_289' title='bbox 2253 1135 2454 1191; x_wconf 79' lang='lat' dir='ltr'><strong>mortui</strong></span> <span class='ocrx_word' id='word_1_290' title='bbox 2488 1136 2622 1202; x_wconf 86' lang='lat' dir='ltr'><strong>sint,</strong></span> <span class='ocrx_word' id='word_1_291' title='bbox 2644 1140 2917 1207; x_wconf 87' lang='lat' dir='ltr'><strong>quomodo</strong></span> <span class='ocrx_word' id='word_1_292' title='bbox 2972 1140 3026 1195; x_wconf 89' lang='lat' dir='ltr'>in</span> <span class='ocrx_word' id='word_1_293' title='bbox 3080 1156 3140 1195; x_wconf 91' lang='lat' dir='ltr'><strong>re</strong></span> <span class='ocrx_word' id='word_1_294' title='bbox 3198 1152 3306 1196; x_wconf 89' lang='lat' dir='ltr'><strong>tam</strong></span> <span class='ocrx_word' id='word_1_295' title='bbox 3365 1158 3503 1198; x_wconf 76' lang='lat' dir='ltr'><strong>nova</strong></span> 
     </span>
    </p>
   </div>
   <div class='ocr_carea' id='block_1_41' title="bbox 1922 1227 3504 1303">
    <p class='ocr_par' dir='ltr' id='par_1_41' title="bbox 1922 1227 3504 1303">
     <span class='ocr_line' id='line_1_41' title="bbox 1922 1227 3504 1303; baseline 0.003 -22"><span class='ocrx_word' id='word_1_296' title='bbox 1922 1236 2085 1298; x_wconf 90' lang='lat' dir='ltr'><strong>atque</strong></span> <span class='ocrx_word' id='word_1_297' title='bbox 2115 1227 2357 1284; x_wconf 85' lang='lat' dir='ltr'><strong>inaudita</strong></span> <span class='ocrx_word' id='word_1_298' title='bbox 2388 1244 2496 1285; x_wconf 92' lang='lat' dir='ltr'><strong>non</strong></span> <span class='ocrx_word' id='word_1_299' title='bbox 2532 1239 2713 1286; x_wconf 86' lang='lat' dir='ltr'><strong>mente</strong></span> <span class='ocrx_word' id='word_1_300' title='bbox 2764 1232 3084 1288; x_wconf 83' lang='lat' dir='ltr'>exciderint.</span> <span class='ocrx_word' id='word_1_301' title='bbox 3126 1232 3237 1303; x_wconf 82' lang='lat' dir='ltr'>Ego</span> <span class='ocrx_word' id='word_1_302' title='bbox 3258 1234 3504 1303; x_wconf 85' lang='lat' dir='ltr'>quidem,</span> 
     </span>
    </p>
   </div>
   <div class='ocr_carea' id='block_1_42' title="bbox 1924 1317 3506 1394">
    <p class='ocr_par' dir='ltr' id='par_1_42' title="bbox 1924 1317 3506 1394">
     <span class='ocr_line' id='line_1_42' title="bbox 1924 1317 3506 1394; baseline 0.002 -19"><span class='ocrx_word' id='word_1_303' title='bbox 1924 1321 1968 1375; x_wconf 93' lang='lat' dir='ltr'>si</span> <span class='ocrx_word' id='word_1_304' title='bbox 2014 1317 2279 1389; x_wconf 71' lang='lat' dir='ltr'>aﬂ‘uisem,</span> <span class='ocrx_word' id='word_1_305' title='bbox 2317 1322 2384 1377; x_wconf 89' lang='lat' dir='ltr'><strong>ad</strong></span> <span class='ocrx_word' id='word_1_306' title='bbox 2416 1322 2698 1376; x_wconf 90' lang='lat' dir='ltr'><strong>minimum</strong></span> <span class='ocrx_word' id='word_1_307' title='bbox 2748 1323 3171 1394; x_wconf 86' lang='lat' dir='ltr'><strong>permansissem</strong></span> <span class='ocrx_word' id='word_1_308' title='bbox 3210 1324 3506 1391; x_wconf 82' lang='lat' dir='ltr'><strong>attonitus,</strong></span> 
     </span>
    </p>
   </div>
   <div class='ocr_carea' id='block_1_43' title="bbox 1927 1412 3506 1486">
    <p class='ocr_par' dir='ltr' id='par_1_43' title="bbox 1927 1412 3506 1486">
     <span class='ocr_line' id='line_1_43' title="bbox 1927 1412 3506 1486; baseline 0.003 -20"><span class='ocrx_word' id='word_1_309' title='bbox 1927 1413 2123 1466; x_wconf 89' lang='lat' dir='ltr'><strong>nedum</strong></span> <span class='ocrx_word' id='word_1_310' title='bbox 2171 1427 2358 1468; x_wconf 86' lang='lat' dir='ltr'><strong>vocem</strong></span> <span class='ocrx_word' id='word_1_311' title='bbox 2384 1412 2753 1483; x_wconf 90' lang='lat' dir='ltr'><strong>protulissem.</strong></span> <span class='ocrx_word' id='word_1_312' title='bbox 2799 1414 2861 1469; x_wconf 85' lang='lat' dir='ltr'><strong>Et</strong></span> <span class='ocrx_word' id='word_1_313' title='bbox 2893 1414 3126 1471; x_wconf 82' lang='lat' dir='ltr'><strong>fortasse</strong></span> <span class='ocrx_word' id='word_1_314' title='bbox 3157 1416 3380 1486; x_wconf 88' lang='lat' dir='ltr'><strong>quidem</strong></span> <span class='ocrx_word' id='word_1_315' title='bbox 3426 1418 3506 1471; x_wconf 88' lang='lat' dir='ltr'><strong>illi</strong></span> 
     </span>
    </p>
   </div>
   <div class='ocr_carea' id='block_1_44' title="bbox 1928 1500 3509 1575">
    <p class='ocr_par' dir='ltr' id='par_1_44' title="bbox 1928 1500 3509 1575">
     <span class='ocr_line' id='line_1_44' title="bbox 1928 1500 3509 1575; baseline 0.003 -17"><span class='ocrx_word' id='word_1_316' title='bbox 1928 1500 2104 1558; x_wconf 82' lang='lat' dir='ltr'><strong>simile</strong></span> <span class='ocrx_word' id='word_1_317' title='bbox 2134 1502 2261 1571; x_wconf 89' lang='lat' dir='ltr'><strong>quid</strong></span> <span class='ocrx_word' id='word_1_318' title='bbox 2294 1503 2439 1571; x_wconf 77' lang='lat' dir='ltr'><strong>passi</strong></span> <span class='ocrx_word' id='word_1_319' title='bbox 2465 1512 2612 1559; x_wconf 89' lang='lat' dir='ltr'><strong>sunt.</strong></span> <span class='ocrx_word' id='word_1_320' title='bbox 2644 1503 2930 1571; x_wconf 83' lang='lat' dir='ltr'><strong>Quomodo</strong></span> <span class='ocrx_word' id='word_1_321' title='bbox 2966 1506 3112 1561; x_wconf 89' lang='lat' dir='ltr'><strong>enim</strong></span> <span class='ocrx_word' id='word_1_322' title='bbox 3146 1506 3509 1575; x_wconf 83' lang='lat' dir='ltr'><strong>improbabile</strong></span> 
     </span>
    </p>
   </div>
   <div class='ocr_carea' id='block_1_45' title="bbox 1926 1593 3512 1675">
    <p class='ocr_par' dir='ltr' id='par_1_45' title="bbox 1926 1593 3512 1675">
     <span class='ocr_line' id='line_1_45' title="bbox 1926 1593 3512 1675; baseline 0.004 -28"><span class='ocrx_word' id='word_1_323' title='bbox 1926 1603 2013 1649; x_wconf 87' lang='lat' dir='ltr'><strong>cst</strong></span> <span class='ocrx_word' id='word_1_324' title='bbox 2055 1593 2164 1648; x_wconf 89' lang='lat' dir='ltr'><strong>tale</strong></span> <span class='ocrx_word' id='word_1_325' title='bbox 2209 1593 2341 1664; x_wconf 91' lang='lat' dir='ltr'><strong>quid</strong></span> <span class='ocrx_word' id='word_1_326' title='bbox 2368 1594 2642 1675; x_wconf 73' lang='lat' dir='ltr'><strong>evenisse,</strong></span> <span class='ocrx_word' id='word_1_327' title='bbox 2670 1595 2776 1651; x_wconf 85' lang='lat' dir='ltr'><strong>nisi</strong></span> <span class='ocrx_word' id='word_1_328' title='bbox 2811 1611 2970 1666; x_wconf 88' lang='lat' dir='ltr'><strong>quem</strong></span> <span class='ocrx_word' id='word_1_329' title='bbox 3010 1596 3259 1652; x_wconf 83' lang='lat' dir='ltr'><strong>ferebant</strong></span> <span class='ocrx_word' id='word_1_330' title='bbox 3287 1606 3512 1654; x_wconf 88' lang='lat' dir='ltr'><strong>sanctus</strong></span> 
     </span>
    </p>
   </div>
   <div class='ocr_carea' id='block_1_46' title="bbox 1924 1684 3512 1753">
    <p class='ocr_par' dir='ltr' id='par_1_46' title="bbox 1924 1684 3512 1753">
     <span class='ocr_line' id='line_1_46' title="bbox 1924 1684 3512 1753; baseline 0.004 -15"><span class='ocrx_word' id='word_1_331' title='bbox 1924 1684 2070 1753; x_wconf 82' lang='lat' dir='ltr'><strong>ipsos</strong></span> <span class='ocrx_word' id='word_1_332' title='bbox 2122 1684 2191 1741; x_wconf 84' lang='lat' dir='ltr'><strong>ad</strong></span> <span class='ocrx_word' id='word_1_333' title='bbox 2239 1685 2407 1740; x_wconf 89' lang='lat' dir='ltr'><strong>vitam</strong></span> <span class='ocrx_word' id='word_1_334' title='bbox 2458 1696 2770 1742; x_wconf 78' lang='lat' dir='ltr'><strong>revocasset</strong></span> <span class='ocrx_word' id='word_1_335' title='bbox 2815 1698 2871 1744; x_wconf 91' lang='lat' dir='ltr'><strong>et</strong></span> <span class='ocrx_word' id='word_1_336' title='bbox 2900 1688 3139 1744; x_wconf 79' lang='lat' dir='ltr'><strong>naturali</strong></span> <span class='ocrx_word' id='word_1_337' title='bbox 3175 1690 3512 1746; x_wconf 79' lang='lat' dir='ltr'><strong>exsistentiae</strong></span> 
     </span>
    </p>
   </div>
   <div class='ocr_carea' id='block_1_47' title="bbox 1924 1777 3514 1852">
    <p class='ocr_par' dir='ltr' id='par_1_47' title="bbox 1924 1777 3514 1852">
     <span class='ocr_line' id='line_1_47' title="bbox 1924 1777 3514 1852; baseline 0.005 -20"><span class='ocrx_word' id='word_1_338' title='bbox 1924 1777 2291 1834; x_wconf 77' lang='lat' dir='ltr'><strong>reddidisset?</strong></span> <span class='ocrx_word' id='word_1_339' title='bbox 2331 1777 2505 1835; x_wconf 85' lang='lat' dir='ltr'><strong>Porro</strong></span> <span class='ocrx_word' id='word_1_340' title='bbox 2534 1779 2704 1834; x_wconf 90' lang='lat' dir='ltr'><strong>miror</strong></span> <span class='ocrx_word' id='word_1_341' title='bbox 2735 1781 2881 1852; x_wconf 90' lang='lat' dir='ltr'><strong>quod</strong></span> <span class='ocrx_word' id='word_1_342' title='bbox 2924 1783 3088 1837; x_wconf 88' lang='lat' dir='ltr'><strong>etiam</strong></span> <span class='ocrx_word' id='word_1_343' title='bbox 3146 1782 3514 1840; x_wconf 85' lang='lat' dir='ltr'><strong>translocatus</strong></span> 
     </span>
    </p>
   </div>
   <div class='ocr_carea' id='block_1_48' title="bbox 1929 1870 3506 1946">
    <p class='ocr_par' dir='ltr' id='par_1_48' title="bbox 1929 1870 3506 1946">
     <span class='ocr_line' id='line_1_48' title="bbox 1929 1870 3506 1946; baseline -0.001 -20"><span class='ocrx_word' id='word_1_344' title='bbox 1929 1870 2313 1927; x_wconf 86' lang='lat' dir='ltr'><strong>abundantiori</strong></span> <span class='ocrx_word' id='word_1_345' title='bbox 2363 1887 2525 1943; x_wconf 87' lang='lat' dir='ltr'><strong>quam</strong></span> <span class='ocrx_word' id='word_1_346' title='bbox 2580 1873 2739 1943; x_wconf 88' lang='lat' dir='ltr'><strong>prius</strong></span> <span class='ocrx_word' id='word_1_347' title='bbox 2790 1885 3075 1946; x_wconf 69' lang='lat' dir='ltr'><strong>unguento</strong></span> <span class='ocrx_word' id='word_1_348' title='bbox 3136 1878 3506 1943; x_wconf 81' lang='lat' dir='ltr'><strong>scaturiverit,</strong></span> 
     </span>
    </p>
   </div>
   <div class='ocr_carea' id='block_1_49' title="bbox 1929 1958 3513 2037">
    <p class='ocr_par' dir='ltr' id='par_1_49' title="bbox 1929 1958 3513 2037">
     <span class='ocr_line' id='line_1_49' title="bbox 1929 1958 3513 2037; baseline 0.005 -23"><span class='ocrx_word' id='word_1_349' title='bbox 1929 1960 2228 2015; x_wconf 87' lang='lat' dir='ltr'><strong>ostendens</strong></span> <span class='ocrx_word' id='word_1_350' title='bbox 2250 1958 2377 2015; x_wconf 90' lang='lat' dir='ltr'><strong>inde</strong></span> <span class='ocrx_word' id='word_1_351' title='bbox 2410 1960 2479 2016; x_wconf 92' lang='lat' dir='ltr'><strong>iis</strong></span> <span class='ocrx_word' id='word_1_352' title='bbox 2509 1963 2601 2030; x_wconf 86' lang='lat' dir='ltr'>qui</span> <span class='ocrx_word' id='word_1_353' title='bbox 2628 1962 2797 2019; x_wconf 90' lang='lat' dir='ltr'><strong>Deum</strong></span> <span class='ocrx_word' id='word_1_354' title='bbox 2830 1975 3017 2020; x_wconf 88' lang='lat' dir='ltr'><strong>amant</strong></span> <span class='ocrx_word' id='word_1_355' title='bbox 3045 1976 3254 2037; x_wconf 85' lang='lat' dir='ltr'><strong>quanto</strong></span> <span class='ocrx_word' id='word_1_356' title='bbox 3292 1979 3513 2023; x_wconf 87' lang='lat' dir='ltr'><strong>sanctos</strong></span> 
     </span>
    </p>
   </div>
   <div class='ocr_carea' id='block_1_50' title="bbox 1929 2051 3515 2125">
    <p class='ocr_par' dir='ltr' id='par_1_50' title="bbox 1929 2051 3515 2125">
     <span class='ocr_line' id='line_1_50' title="bbox 1929 2051 3515 2125; baseline 0.006 -20"><span class='ocrx_word' id='word_1_357' title='bbox 1929 2051 2141 2106; x_wconf 85' lang='lat' dir='ltr'><strong>honore</strong></span> <span class='ocrx_word' id='word_1_358' title='bbox 2173 2052 2318 2108; x_wconf 89' lang='lat' dir='ltr'><strong>Deus</strong></span> <span class='ocrx_word' id='word_1_359' title='bbox 2358 2054 2734 2124; x_wconf 87' lang='lat' dir='ltr'><strong>prosequitur,</strong></span> <span class='ocrx_word' id='word_1_360' title='bbox 2792 2065 2846 2109; x_wconf 91' lang='lat' dir='ltr'><strong>et</strong></span> <span class='ocrx_word' id='word_1_361' title='bbox 2876 2056 3147 2125; x_wconf 90' lang='lat' dir='ltr'><strong>quomodo</strong></span> <span class='ocrx_word' id='word_1_362' title='bbox 3182 2056 3285 2112; x_wconf 87' lang='lat' dir='ltr'>hac</span> <span class='ocrx_word' id='word_1_363' title='bbox 3308 2058 3515 2115; x_wconf 89' lang='lat' dir='ltr'><strong>ratione</strong></span> 
     </span>
    </p>
   </div>
   <div class='ocr_carea' id='block_1_51' title="bbox 1930 2144 3512 2215">
    <p class='ocr_par' dir='ltr' id='par_1_51' title="bbox 1930 2144 3512 2215">
     <span class='ocr_line' id='line_1_51' title="bbox 1930 2144 3512 2215; baseline 0.003 -16"><span class='ocrx_word' id='word_1_364' title='bbox 1930 2144 2071 2200; x_wconf 89' lang='lat' dir='ltr'><strong>bona</strong></span> <span class='ocrx_word' id='word_1_365' title='bbox 2110 2144 2293 2201; x_wconf 88' lang='lat' dir='ltr'><strong>divina</strong></span> <span class='ocrx_word' id='word_1_366' title='bbox 2330 2146 2384 2201; x_wconf 92' lang='lat' dir='ltr'><strong>in</strong></span> <span class='ocrx_word' id='word_1_367' title='bbox 2412 2161 2510 2202; x_wconf 91' lang='lat' dir='ltr'>nos</span> <span class='ocrx_word' id='word_1_368' title='bbox 2544 2147 2868 2202; x_wconf 89' lang='lat' dir='ltr'><strong>redundant.</strong></span> <span class='ocrx_word' id='word_1_369' title='bbox 2907 2148 3137 2215; x_wconf 85' lang='lat' dir='ltr'><strong>Quando</strong></span> <span class='ocrx_word' id='word_1_370' title='bbox 3190 2150 3335 2204; x_wconf 90' lang='lat' dir='ltr'><strong>enim</strong></span> <span class='ocrx_word' id='word_1_371' title='bbox 3378 2166 3512 2205; x_wconf 89' lang='lat' dir='ltr'><strong>san-</strong></span> 
     </span>
    </p>
   </div>
   <div class='ocr_carea' id='block_1_52' title="bbox 1927 2236 3512 2313">
    <p class='ocr_par' dir='ltr' id='par_1_52' title="bbox 1927 2236 3512 2313">
     <span class='ocr_line' id='line_1_52' title="bbox 1927 2236 3512 2313; baseline 0.004 -22"><span class='ocrx_word' id='word_1_372' title='bbox 1927 2246 2053 2291; x_wconf 89' lang='lat' dir='ltr'><strong>ctus</strong></span> <span class='ocrx_word' id='word_1_373' title='bbox 2084 2236 2385 2292; x_wconf 87' lang='lat' dir='ltr'><strong>honoratur</strong></span> <span class='ocrx_word' id='word_1_374' title='bbox 2414 2247 2469 2294; x_wconf 92' lang='lat' dir='ltr'><strong>et</strong></span> <span class='ocrx_word' id='word_1_375' title='bbox 2504 2239 2712 2294; x_wconf 84' lang='lat' dir='ltr'><strong>honore</strong></span> <span class='ocrx_word' id='word_1_376' title='bbox 2740 2239 2958 2310; x_wconf 81' lang='lat' dir='ltr'><strong>gaudet,</strong></span> <span class='ocrx_word' id='word_1_377' title='bbox 3015 2241 3341 2296; x_wconf 83' lang='lat' dir='ltr'><strong>miraculum</strong></span> <span class='ocrx_word' id='word_1_378' title='bbox 3373 2256 3512 2313; x_wconf 75' lang='lat' dir='ltr'><strong>quo-</strong></span> 
     </span>
    </p>
   </div>
   <div class='ocr_carea' id='block_1_53' title="bbox 1930 2327 3511 2401">
    <p class='ocr_par' dir='ltr' id='par_1_53' title="bbox 1930 2327 3511 2401">
     <span class='ocr_line' id='line_1_53' title="bbox 1930 2327 3511 2401; baseline 0.006 -22"><span class='ocrx_word' id='word_1_379' title='bbox 1930 2343 2033 2398; x_wconf 89' lang='lat' dir='ltr'>que</span> <span class='ocrx_word' id='word_1_380' title='bbox 2067 2327 2403 2385; x_wconf 89' lang='lat' dir='ltr'><strong>incrementa</strong></span> <span class='ocrx_word' id='word_1_381' title='bbox 2437 2330 2580 2400; x_wconf 89' lang='lat' dir='ltr'><strong>capit</strong></span> <span class='ocrx_word' id='word_1_382' title='bbox 2619 2341 2673 2385; x_wconf 89' lang='lat' dir='ltr'>et</span> <span class='ocrx_word' id='word_1_383' title='bbox 2705 2340 2963 2401; x_wconf 88' lang='lat' dir='ltr'><strong>perpetuo</strong></span> <span class='ocrx_word' id='word_1_384' title='bbox 2994 2334 3254 2401; x_wconf 85' lang='lat' dir='ltr'><strong>perdurat</strong></span> <span class='ocrx_word' id='word_1_385' title='bbox 3291 2333 3359 2387; x_wconf 92' lang='lat' dir='ltr'><strong>ad</strong></span> <span class='ocrx_word' id='word_1_386' title='bbox 3403 2350 3511 2388; x_wconf 78' lang='lat' dir='ltr'>me-</span> 
     </span>
    </p>
   </div>
   <div class='ocr_carea' id='block_1_54' title="bbox 1932 2419 3514 2492">
    <p class='ocr_par' dir='ltr' id='par_1_54' title="bbox 1932 2419 3514 2492">
     <span class='ocr_line' id='line_1_54' title="bbox 1932 2419 3514 2492; baseline 0.002 -20"><span class='ocrx_word' id='word_1_387' title='bbox 1932 2420 2107 2474; x_wconf 88' lang='lat' dir='ltr'><strong>delam</strong></span> <span class='ocrx_word' id='word_1_388' title='bbox 2143 2419 2340 2475; x_wconf 74' lang='lat' dir='ltr'><strong>animm</strong></span> <span class='ocrx_word' id='word_1_389' title='bbox 2362 2420 2733 2476; x_wconf 80' lang='lat' dir='ltr'><strong>desiderantis</strong></span> <span class='ocrx_word' id='word_1_390' title='bbox 2766 2432 2929 2490; x_wconf 86' lang='lat' dir='ltr'><strong>atque</strong></span> <span class='ocrx_word' id='word_1_391' title='bbox 2971 2422 3217 2492; x_wconf 85' lang='lat' dir='ltr'><strong>corporis</strong></span> <span class='ocrx_word' id='word_1_392' title='bbox 3263 2423 3514 2492; x_wconf 78' lang='lat' dir='ltr'>indigen-</span> 
     </span>
    </p>
   </div>
   <div class='ocr_carea' id='block_1_55' title="bbox 1929 2511 3514 2585">
    <p class='ocr_par' dir='ltr' id='par_1_55' title="bbox 1929 2511 3514 2585">
     <span class='ocr_line' id='line_1_55' title="bbox 1929 2511 3514 2585; baseline 0 -17"><span class='ocrx_word' id='word_1_393' title='bbox 1929 2513 2021 2569; x_wconf 90' lang='lat' dir='ltr'><strong>tis.</strong></span> <span class='ocrx_word' id='word_1_394' title='bbox 2065 2511 2285 2570; x_wconf 88' lang='lat' dir='ltr'><strong>Scimus</strong></span> <span class='ocrx_word' id='word_1_395' title='bbox 2330 2515 2477 2569; x_wconf 90' lang='lat' dir='ltr'><strong>enim</strong></span> <span class='ocrx_word' id='word_1_396' title='bbox 2525 2514 2754 2584; x_wconf 80' lang='lat' dir='ltr'><strong>gratiam</strong></span> <span class='ocrx_word' id='word_1_397' title='bbox 2811 2514 2903 2569; x_wconf 89' lang='lat' dir='ltr'><strong>Dei</strong></span> <span class='ocrx_word' id='word_1_398' title='bbox 2950 2519 3005 2568; x_wconf 89' lang='lat' dir='ltr'><strong>in</strong></span> <span class='ocrx_word' id='word_1_399' title='bbox 3045 2516 3252 2571; x_wconf 89' lang='lat' dir='ltr'><strong>sanctis</strong></span> <span class='ocrx_word' id='word_1_400' title='bbox 3289 2515 3514 2585; x_wconf 77' lang='lat' dir='ltr'><strong>conSpi-</strong></span> 
     </span>
    </p>
   </div>
   <div class='ocr_carea' id='block_1_56' title="bbox 1927 2606 3514 2678">
    <p class='ocr_par' dir='ltr' id='par_1_56' title="bbox 1927 2606 3514 2678">
     <span class='ocr_line' id='line_1_56' title="bbox 1927 2606 3514 2678; baseline -0.001 -14"><span class='ocrx_word' id='word_1_401' title='bbox 1927 2623 2086 2664; x_wconf 90' lang='lat' dir='ltr'><strong>cnam</strong></span> <span class='ocrx_word' id='word_1_402' title='bbox 2115 2607 2280 2663; x_wconf 86' lang='lat' dir='ltr'><strong>etiam</strong></span> <span class='ocrx_word' id='word_1_403' title='bbox 2312 2608 2376 2663; x_wconf 90' lang='lat' dir='ltr'><strong>ad</strong></span> <span class='ocrx_word' id='word_1_404' title='bbox 2411 2623 2513 2662; x_wconf 92' lang='lat' dir='ltr'><strong>nos</strong></span> <span class='ocrx_word' id='word_1_405' title='bbox 2543 2607 2872 2663; x_wconf 87' lang='lat' dir='ltr'><strong>redundare.</strong></span> <span class='ocrx_word' id='word_1_406' title='bbox 2899 2606 3021 2663; x_wconf 89' lang='lat' dir='ltr'><strong>Non</strong></span> <span class='ocrx_word' id='word_1_407' title='bbox 3048 2608 3387 2678; x_wconf 84' lang='lat' dir='ltr'><strong>ignoramus,</strong></span> <span class='ocrx_word' id='word_1_408' title='bbox 3415 2609 3514 2664; x_wconf 88' lang='lat' dir='ltr'><strong>sed</strong></span> 
     </span>
    </p>
   </div>
   <div class='ocr_carea' id='block_1_57' title="bbox 1940 2698 3515 2770">
    <p class='ocr_par' dir='ltr' id='par_1_57' title="bbox 1940 2698 3515 2770">
     <span class='ocr_line' id='line_1_57' title="bbox 1940 2698 3515 2770; baseline -0.002 -14"><span class='ocrx_word' id='word_1_409' title='bbox 1940 2700 2419 2770; x_wconf 84' lang='lat' dir='ltr'><strong>persuasissimum</strong></span> <span class='ocrx_word' id='word_1_410' title='bbox 2442 2698 2600 2756; x_wconf 87' lang='lat' dir='ltr'><strong>nobis</strong></span> <span class='ocrx_word' id='word_1_411' title='bbox 2630 2699 2927 2765; x_wconf 84' lang='lat' dir='ltr'><strong>habemus.</strong></span> <span class='ocrx_word' id='word_1_412' title='bbox 2955 2700 3217 2755; x_wconf 77' lang='lat' dir='ltr'><strong>beneﬁcia</strong></span> <span class='ocrx_word' id='word_1_413' title='bbox 3244 2700 3425 2756; x_wconf 89' lang='lat' dir='ltr'><strong>divina</strong></span> <span class='ocrx_word' id='word_1_414' title='bbox 3463 2701 3515 2754; x_wconf 87' lang='lat' dir='ltr'><strong>in</strong></span> 
     </span>
    </p>
   </div>
   <div class='ocr_carea' id='block_1_58' title="bbox 1931 2788 3513 2861">
    <p class='ocr_par' dir='ltr' id='par_1_58' title="bbox 1931 2788 3513 2861">
     <span class='ocr_line' id='line_1_58' title="bbox 1931 2788 3513 2861; baseline 0 -14"><span class='ocrx_word' id='word_1_415' title='bbox 1931 2792 2042 2847; x_wconf 87' lang='lat' dir='ltr'><strong>illis</strong></span> <span class='ocrx_word' id='word_1_416' title='bbox 2092 2793 2440 2847; x_wconf 89' lang='lat' dir='ltr'><strong>accumulata</strong></span> <span class='ocrx_word' id='word_1_417' title='bbox 2503 2792 2569 2847; x_wconf 92' lang='lat' dir='ltr'><strong>ad</strong></span> <span class='ocrx_word' id='word_1_418' title='bbox 2619 2806 2721 2847; x_wconf 86' lang='lat' dir='ltr'>nos</span> <span class='ocrx_word' id='word_1_419' title='bbox 2766 2792 3023 2859; x_wconf 88' lang='lat' dir='ltr'><strong>transire,</strong></span> <span class='ocrx_word' id='word_1_420' title='bbox 3089 2791 3360 2861; x_wconf 87' lang='lat' dir='ltr'><strong>siquidem</strong></span> <span class='ocrx_word' id='word_1_421' title='bbox 3417 2788 3513 2847; x_wconf 75' lang='lat' dir='ltr'>Dei</span> 
     </span>
    </p>
   </div>
   <div class='ocr_carea' id='block_1_59' title="bbox 1930 2884 3510 2955">
    <p class='ocr_par' dir='ltr' id='par_1_59' title="bbox 1930 2884 3510 2955">
     <span class='ocr_line' id='line_1_59' title="bbox 1930 2884 3510 2955; baseline 0 -16"><span class='ocrx_word' id='word_1_422' title='bbox 1930 2885 2074 2941; x_wconf 81' lang='lat' dir='ltr'><strong>servi</strong></span> <span class='ocrx_word' id='word_1_423' title='bbox 2107 2884 2242 2939; x_wconf 85' lang='lat' dir='ltr'><strong>nihil</strong></span> <span class='ocrx_word' id='word_1_424' title='bbox 2275 2884 2543 2952; x_wconf 83' lang='lat' dir='ltr'><strong>ejusmodi</strong></span> <span class='ocrx_word' id='word_1_425' title='bbox 2576 2899 2713 2955; x_wconf 80' lang='lat' dir='ltr'><strong>Opus</strong></span> <span class='ocrx_word' id='word_1_426' title='bbox 2747 2884 2949 2940; x_wconf 85' lang='lat' dir='ltr'><strong>habent</strong></span> <span class='ocrx_word' id='word_1_427' title='bbox 2998 2884 3100 2938; x_wconf 89' lang='lat' dir='ltr'><strong>nisi</strong></span> <span class='ocrx_word' id='word_1_428' title='bbox 3131 2893 3355 2954; x_wconf 89' lang='lat' dir='ltr'><strong>propter</strong></span> <span class='ocrx_word' id='word_1_429' title='bbox 3385 2898 3510 2939; x_wconf 90' lang='lat' dir='ltr'><strong>nos.</strong></span> 
     </span>
    </p>
   </div>
   <div class='ocr_carea' id='block_1_60' title="bbox 1928 2974 3521 3046">
    <p class='ocr_par' dir='ltr' id='par_1_60' title="bbox 1928 2974 3521 3046">
     <span class='ocr_line' id='line_1_60' title="bbox 1928 2974 3521 3046; baseline -0.001 -16"><span class='ocrx_word' id='word_1_430' title='bbox 1928 2975 2224 3046; x_wconf 89' lang='lat' dir='ltr'><strong>Propterea</strong></span> <span class='ocrx_word' id='word_1_431' title='bbox 2265 2976 2412 3030; x_wconf 88' lang='lat' dir='ltr'><strong>enim</strong></span> <span class='ocrx_word' id='word_1_432' title='bbox 2462 2975 2603 3042; x_wconf 84' lang='lat' dir='ltr'><strong>quod</strong></span> <span class='ocrx_word' id='word_1_433' title='bbox 2654 2976 2966 3030; x_wconf 78' lang='lat' dir='ltr'><strong>facultatem</strong></span> <span class='ocrx_word' id='word_1_434' title='bbox 3014 2974 3398 3030; x_wconf 87' lang='lat' dir='ltr'><strong>miraculorum</strong></span> <span class='ocrx_word' id='word_1_435' title='bbox 3424 2989 3521 3046; x_wconf 81' lang='lat' dir='ltr'>pa-</span> 
     </span>
    </p>
   </div>
   <div class='ocr_carea' id='block_1_61' title="bbox 1934 3068 3517 3139">
    <p class='ocr_par' dir='ltr' id='par_1_61' title="bbox 1934 3068 3517 3139">
     <span class='ocr_line' id='line_1_61' title="bbox 1934 3068 3517 3139; baseline -0.003 -16"><span class='ocrx_word' id='word_1_436' title='bbox 1934 3071 2253 3124; x_wconf 88' lang='lat' dir='ltr'><strong>trandorum</strong></span> <span class='ocrx_word' id='word_1_437' title='bbox 2310 3077 2663 3139; x_wconf 87' lang='lat' dir='ltr'><strong>acceperunt,</strong></span> <span class='ocrx_word' id='word_1_438' title='bbox 2711 3084 2742 3123; x_wconf 88' lang='lat' dir='ltr'><strong>a</strong></span> <span class='ocrx_word' id='word_1_439' title='bbox 2777 3068 2934 3124; x_wconf 84' lang='lat' dir='ltr'><strong>nobis</strong></span> <span class='ocrx_word' id='word_1_440' title='bbox 2993 3068 3335 3122; x_wconf 83' lang='lat' dir='ltr'><strong>honorantur</strong></span> <span class='ocrx_word' id='word_1_441' title='bbox 3368 3082 3382 3121; x_wconf 88' lang='lat'><strong>:</strong></span> <span class='ocrx_word' id='word_1_442' title='bbox 3418 3082 3517 3137; x_wconf 71' lang='lat' dir='ltr'><strong>pro</strong></span> 
     </span>
    </p>
   </div>
   <div class='ocr_carea' id='block_1_62' title="bbox 232 3158 1823 3252">
    <p class='ocr_par' dir='ltr' id='par_1_62' title="bbox 232 3160 1823 3234">
     <span class='ocr_line' id='line_1_62' title="bbox 232 3160 1823 3234; baseline -0.007 -13"><span class='ocrx_word' id='word_1_443' title='bbox 232 3183 434 3229; x_wconf 83' lang='grc' dir='ltr'>ποντες</span> <span class='ocrx_word' id='word_1_444' title='bbox 455 3164 798 3229; x_wconf 80' lang='grc' dir='ltr'>δέονται,ὄτι</span> <span class='ocrx_word' id='word_1_445' title='bbox 829 3163 904 3234; x_wconf 76' lang='grc' dir='ltr'>μὴ</span> <span class='ocrx_word' id='word_1_446' title='bbox 939 3161 1009 3217; x_wconf 85' lang='grc' dir='ltr'>δι’</span> <span class='ocrx_word' id='word_1_447' title='bbox 1039 3162 1191 3234; x_wconf 76' lang='grc' dir='ltr'>ἡμᾶς</span> <span class='ocrx_word' id='word_1_448' title='bbox 1214 3161 1435 3225; x_wconf 84' lang='grc' dir='ltr'>αύτούς.</span> <span class='ocrx_word' id='word_1_449' title='bbox 1467 3160 1823 3231; x_wconf 86' lang='grc' dir='ltr'>Θαυματουρ-</span> 
     </span>
    </p>
   </div>
   <div class='ocr_carea' id='block_1_63' title="bbox 1926 3158 3515 3252">
    <p class='ocr_par' dir='ltr' id='par_1_63' title="bbox 1931 3158 3515 3229">
     <span class='ocr_line' id='line_1_63' title="bbox 1931 3158 3515 3229; baseline -0.004 -10"><span class='ocrx_word' id='word_1_450' title='bbox 1931 3163 2145 3219; x_wconf 85' lang='lat' dir='ltr'><strong>honore</strong></span> <span class='ocrx_word' id='word_1_451' title='bbox 2193 3170 2376 3217; x_wconf 88' lang='lat' dir='ltr'><strong>autem</strong></span> <span class='ocrx_word' id='word_1_452' title='bbox 2426 3159 2689 3217; x_wconf 79' lang='lat' dir='ltr'><strong>beneﬁcia</strong></span> <span class='ocrx_word' id='word_1_453' title='bbox 2751 3160 2909 3215; x_wconf 87' lang='lat' dir='ltr'><strong>nobis</strong></span> <span class='ocrx_word' id='word_1_454' title='bbox 2957 3159 3280 3229; x_wconf 86' lang='lat' dir='ltr'><strong>rependunt.</strong></span> <span class='ocrx_word' id='word_1_455' title='bbox 3313 3158 3515 3213; x_wconf 79' lang='lat' dir='ltr'><strong>Eadem</strong></span> 
     </span>
    </p>
   </div>
   <div class='ocr_carea' id='block_1_64' title="bbox 230 3248 1823 3324">
    <p class='ocr_par' dir='ltr' id='par_1_64' title="bbox 230 3249 1823 3324">
     <span class='ocr_line' id='line_1_64' title="bbox 230 3249 1823 3324; baseline -0.002 -19"><span class='ocrx_word' id='word_1_456' title='bbox 230 3256 357 3323; x_wconf 73' lang='grc' dir='ltr'>γειν</span> <span class='ocrx_word' id='word_1_457' title='bbox 390 3252 506 3324; x_wconf 76' lang='grc' dir='ltr'>γὰρ</span> <span class='ocrx_word' id='word_1_458' title='bbox 541 3250 1037 3323; x_wconf 66' lang='grc' dir='ltr'>συγκεχωρημένα</span> <span class='ocrx_word' id='word_1_459' title='bbox 1056 3249 1332 3324; x_wconf 83' lang='grc' dir='ltr'>τιμῶνται</span> <span class='ocrx_word' id='word_1_460' title='bbox 1354 3268 1369 3283; x_wconf 78' lang='grc'><em>’</em></span> <span class='ocrx_word' id='word_1_461' title='bbox 1404 3252 1714 3321; x_wconf 81' lang='grc' dir='ltr'>τιμώμενοι</span> <span class='ocrx_word' id='word_1_462' title='bbox 1769 3249 1823 3302; x_wconf 85' lang='grc' dir='ltr'>δὲ</span> 
     </span>
    </p>
   </div>
   <div class='ocr_carea' id='block_1_65' title="bbox 1926 3248 3517 3324">
    <p class='ocr_par' dir='ltr' id='par_1_65' title="bbox 1933 3248 3517 3320">
     <span class='ocr_line' id='line_1_65' title="bbox 1933 3248 3517 3320; baseline -0.004 -11"><span class='ocrx_word' id='word_1_463' title='bbox 1933 3254 2003 3309; x_wconf 91' lang='lat' dir='ltr'><strong>de</strong></span> <span class='ocrx_word' id='word_1_464' title='bbox 2029 3266 2191 3309; x_wconf 88' lang='lat' dir='ltr'><strong>causa</strong></span> <span class='ocrx_word' id='word_1_465' title='bbox 2234 3251 2431 3307; x_wconf 87' lang='lat' dir='ltr'><strong>salutis</strong></span> <span class='ocrx_word' id='word_1_466' title='bbox 2454 3259 2655 3307; x_wconf 84' lang='lat' dir='ltr'><strong>nostrae</strong></span> <span class='ocrx_word' id='word_1_467' title='bbox 2679 3249 2854 3319; x_wconf 79' lang='lat' dir='ltr'><strong>gratia</strong></span> <span class='ocrx_word' id='word_1_468' title='bbox 2881 3251 3024 3320; x_wconf 88' lang='lat' dir='ltr'><strong>apud</strong></span> <span class='ocrx_word' id='word_1_469' title='bbox 3056 3248 3228 3305; x_wconf 87' lang='lat' dir='ltr'><strong>Deum</strong></span> <span class='ocrx_word' id='word_1_470' title='bbox 3273 3248 3517 3303; x_wconf 82' lang='lat' dir='ltr'><strong>interce-</strong></span> 
     </span>
    </p>
   </div>
   <div class='ocr_carea' id='block_1_66' title="bbox 231 3339 1823 3417">
    <p class='ocr_par' dir='ltr' id='par_1_66' title="bbox 231 3341 1823 3417">
     <span class='ocr_line' id='line_1_66' title="bbox 231 3341 1823 3417; baseline -0.005 -14"><span class='ocrx_word' id='word_1_471' title='bbox 231 3347 572 3417; x_wconf 76' lang='grc' dir='ltr'>ἀμείϐονται</span> <span class='ocrx_word' id='word_1_472' title='bbox 610 3347 761 3417; x_wconf 71' lang='grc' dir='ltr'>ἡμᾶς</span> <span class='ocrx_word' id='word_1_473' title='bbox 787 3344 899 3398; x_wconf 82' lang='grc' dir='ltr'>τῶν</span> <span class='ocrx_word' id='word_1_474' title='bbox 918 3344 1183 3416; x_wconf 85' lang='grc' dir='ltr'>χαρίτων.</span> <span class='ocrx_word' id='word_1_475' title='bbox 1218 3343 1602 3415; x_wconf 73' lang='grc' dir='ltr'>’Δμειϐόμενοι</span> <span class='ocrx_word' id='word_1_476' title='bbox 1636 3341 1694 3395; x_wconf 76' lang='grc' dir='ltr'>δὲ</span> <span class='ocrx_word' id='word_1_477' title='bbox 1717 3359 1823 3395; x_wconf 87' lang='grc' dir='ltr'>σω-</span> 
     </span>
    </p>
   </div>
   <div class='ocr_carea' id='block_1_67' title="bbox 1926 3339 3517 3417">
    <p class='ocr_par' dir='ltr' id='par_1_67' title="bbox 1934 3339 3517 3413">
     <span class='ocr_line' id='line_1_67' title="bbox 1934 3339 3517 3413; baseline -0.003 -12"><span class='ocrx_word' id='word_1_478' title='bbox 1934 3345 2089 3408; x_wconf 88' lang='lat' dir='ltr'><strong>dunt,</strong></span> <span class='ocrx_word' id='word_1_479' title='bbox 2118 3358 2416 3413; x_wconf 90' lang='lat' dir='ltr'><strong>eorumque</strong></span> <span class='ocrx_word' id='word_1_480' title='bbox 2443 3342 2766 3398; x_wconf 87' lang='lat' dir='ltr'><strong>intercessio</strong></span> <span class='ocrx_word' id='word_1_481' title='bbox 2790 3341 3097 3407; x_wconf 81' lang='lat' dir='ltr'><strong>exauditur,</strong></span> <span class='ocrx_word' id='word_1_482' title='bbox 3127 3351 3182 3395; x_wconf 91' lang='lat' dir='ltr'><strong>et</strong></span> <span class='ocrx_word' id='word_1_483' title='bbox 3206 3339 3517 3396; x_wconf 81' lang='lat' dir='ltr'><strong>desiderata</strong></span> 
     </span>
    </p>
   </div>
   <div class='ocr_carea' id='block_1_68' title="bbox 231 3426 1823 3513">
    <p class='ocr_par' dir='ltr' id='par_1_68' title="bbox 231 3435 1823 3513">
     <span class='ocr_line' id='line_1_68' title="bbox 231 3435 1823 3513; baseline -0.005 -18"><span class='ocrx_word' id='word_1_484' title='bbox 231 3442 441 3513; x_wconf 71' lang='grc' dir='ltr'>τηρίαν</span> <span class='ocrx_word' id='word_1_485' title='bbox 489 3441 625 3511; x_wconf 74' lang='grc' dir='ltr'>ἡμῖν</span> <span class='ocrx_word' id='word_1_486' title='bbox 654 3441 720 3493; x_wconf 79' lang='grc' dir='ltr'>ὲκ</span> <span class='ocrx_word' id='word_1_487' title='bbox 767 3435 905 3491; x_wconf 88' lang='grc' dir='ltr'>Θεοῦ</span> <span class='ocrx_word' id='word_1_488' title='bbox 934 3437 1330 3510; x_wconf 71' lang='grc' dir='ltr'>πρεσϐεύουσι,</span> <span class='ocrx_word' id='word_1_489' title='bbox 1357 3438 1455 3491; x_wconf 74' lang='grc' dir='ltr'>καὶ</span> <span class='ocrx_word' id='word_1_490' title='bbox 1484 3439 1519 3508; x_wconf 73' lang='grc' dir='ltr'><strong>ἡ</strong></span> <span class='ocrx_word' id='word_1_491' title='bbox 1554 3436 1823 3506; x_wconf 71' lang='grc' dir='ltr'>πρεσϐεία</span> 
     </span>
    </p>
   </div>
   <div class='ocr_carea' id='block_1_69' title="bbox 1926 3426 3518 3513">
    <p class='ocr_par' dir='ltr' id='par_1_69' title="bbox 1934 3426 3518 3503">
     <span class='ocr_line' id='line_1_69' title="bbox 1934 3426 3518 3503; baseline -0.006 -9"><span class='ocrx_word' id='word_1_492' title='bbox 1934 3437 2078 3494; x_wconf 82' lang='lat' dir='ltr'><strong>bona</strong></span> <span class='ocrx_word' id='word_1_493' title='bbox 2120 3426 2541 3501; x_wconf 49' lang='lat' dir='ltr'><strong>conceduntur;</strong></span> <span class='ocrx_word' id='word_1_494' title='bbox 2570 3448 2803 3503; x_wconf 89' lang='lat' dir='ltr'><strong>quorum</strong></span> <span class='ocrx_word' id='word_1_495' title='bbox 2834 3426 3045 3486; x_wconf 72' lang='lat' dir='ltr'><strong>utin&#39;am</strong></span> <span class='ocrx_word' id='word_1_496' title='bbox 3085 3431 3383 3503; x_wconf 89' lang='lat' dir='ltr'><strong>participes</strong></span> <span class='ocrx_word' id='word_1_497' title='bbox 3413 3431 3518 3485; x_wconf 82' lang='lat' dir='ltr'><strong>ﬁa-</strong></span> 
     </span>
    </p>
   </div>
   <div class='ocr_carea' id='block_1_70' title="bbox 232 3524 1823 3601">
    <p class='ocr_par' dir='ltr' id='par_1_70' title="bbox 232 3529 1823 3601">
     <span class='ocr_line' id='line_1_70' title="bbox 232 3529 1823 3601; baseline -0.004 -13"><span class='ocrx_word' id='word_1_498' title='bbox 232 3532 615 3598; x_wconf 77' lang='grc' dir='ltr'>εἰσακούεται,</span> <span class='ocrx_word' id='word_1_499' title='bbox 675 3532 772 3585; x_wconf 73' lang='grc' dir='ltr'>καὶ</span> <span class='ocrx_word' id='word_1_500' title='bbox 841 3533 913 3585; x_wconf 79' lang='grc' dir='ltr'>τὰ</span> <span class='ocrx_word' id='word_1_501' title='bbox 984 3529 1305 3601; x_wconf 85' lang='grc' dir='ltr'>ποθούμενα</span> <span class='ocrx_word' id='word_1_502' title='bbox 1375 3529 1823 3598; x_wconf 76' lang='grc' dir='ltr'>καταπράττεται</span> 
     </span>
    </p>
   </div>
   <div class='ocr_carea' id='block_1_71' title="bbox 1926 3524 3519 3601">
    <p class='ocr_par' dir='ltr' id='par_1_71' title="bbox 1938 3524 3519 3593">
     <span class='ocr_line' id='line_1_71' title="bbox 1938 3524 3519 3593; baseline -0.004 -8"><span class='ocrx_word' id='word_1_503' title='bbox 1938 3545 2061 3586; x_wconf 89' lang='lat' dir='ltr'><strong>mus</strong></span> <span class='ocrx_word' id='word_1_504' title='bbox 2104 3528 2195 3584; x_wconf 93' lang='lat' dir='ltr'><strong>hic</strong></span> <span class='ocrx_word' id='word_1_505' title='bbox 2244 3536 2301 3583; x_wconf 91' lang='lat' dir='ltr'><strong>et</strong></span> <span class='ocrx_word' id='word_1_506' title='bbox 2344 3528 2399 3582; x_wconf 91' lang='lat' dir='ltr'><strong>in</strong></span> <span class='ocrx_word' id='word_1_507' title='bbox 2432 3527 2613 3581; x_wconf 83' lang='lat' dir='ltr'><strong>futura</strong></span> <span class='ocrx_word' id='word_1_508' title='bbox 2649 3526 2782 3593; x_wconf 88' lang='lat' dir='ltr'><strong>vita,</strong></span> <span class='ocrx_word' id='word_1_509' title='bbox 2825 3524 3204 3581; x_wconf 89' lang='lat' dir='ltr'><strong>intercedente</strong></span> <span class='ocrx_word' id='word_1_510' title='bbox 3236 3525 3519 3581; x_wconf 89' lang='lat' dir='ltr'><strong>celebrato</strong></span> 
     </span>
    </p>
   </div>
   <div class='ocr_carea' id='block_1_72' title="bbox 236 3610 1823 3696">
    <p class='ocr_par' dir='ltr' id='par_1_72' title="bbox 236 3619 1823 3696">
     <span class='ocr_line' id='line_1_72' title="bbox 236 3619 1823 3696; baseline -0.004 -15"><span class='ocrx_word' id='word_1_511' title='bbox 236 3627 463 3696; x_wconf 72' lang='grc' dir='ltr'>ἀγαθά*</span> <span class='ocrx_word' id='word_1_512' title='bbox 519 3619 597 3679; x_wconf 83' lang='grc' dir='ltr'>ὧν</span> <span class='ocrx_word' id='word_1_513' title='bbox 648 3627 845 3696; x_wconf 76' lang='grc' dir='ltr'>εἴημεν</span> <span class='ocrx_word' id='word_1_514' title='bbox 889 3626 1216 3695; x_wconf 80' lang='grc' dir='ltr'>μετέχοντες</span> <span class='ocrx_word' id='word_1_515' title='bbox 1266 3622 1504 3678; x_wconf 68' lang='grc' dir='ltr'>ἐνταῦθά</span> <span class='ocrx_word' id='word_1_516' title='bbox 1531 3624 1715 3676; x_wconf 75' lang='grc' dir='ltr'>τεκαὶ</span> <span class='ocrx_word' id='word_1_517' title='bbox 1747 3624 1823 3685; x_wconf 77' lang='grc' dir='ltr'>εἰς</span> 
     </span>
    </p>
   </div>
   <div class='ocr_carea' id='block_1_73' title="bbox 1926 3610 3514 3696">
    <p class='ocr_par' dir='ltr' id='par_1_73' title="bbox 1940 3610 3514 3689">
     <span class='ocr_line' id='line_1_73' title="bbox 1940 3610 3514 3689; baseline -0.001 -15"><span class='ocrx_word' id='word_1_518' title='bbox 1940 3634 2137 3689; x_wconf 84' lang='lat' dir='ltr'><strong>magno</strong></span> <span class='ocrx_word' id='word_1_519' title='bbox 2167 3617 2457 3674; x_wconf 88' lang='lat' dir='ltr'><strong>Philotheo</strong></span> <span class='ocrx_word' id='word_1_520' title='bbox 2489 3627 2656 3687; x_wconf 91' lang='lat' dir='ltr'><strong>atque</strong></span> <span class='ocrx_word' id='word_1_521' title='bbox 2683 3610 2959 3673; x_wconf 78' lang='lat' dir='ltr'><strong>annuente</strong></span> <span class='ocrx_word' id='word_1_522' title='bbox 2987 3617 3118 3683; x_wconf 87' lang='lat' dir='ltr'><strong>Deo,</strong></span> <span class='ocrx_word' id='word_1_523' title='bbox 3152 3616 3239 3673; x_wconf 89' lang='lat' dir='ltr'>cui</span> <span class='ocrx_word' id='word_1_524' title='bbox 3273 3617 3514 3689; x_wconf 78' lang='lat' dir='ltr'><strong>hymnus</strong></span> 
     </span>
    </p>
   </div>
   <div class='ocr_carea' id='block_1_74' title="bbox 237 3707 1823 3793">
    <p class='ocr_par' dir='ltr' id='par_1_74' title="bbox 237 3715 1823 3793">
     <span class='ocr_line' id='line_1_74' title="bbox 237 3715 1823 3793; baseline -0.004 -17"><span class='ocrx_word' id='word_1_525' title='bbox 237 3724 344 3793; x_wconf 76' lang='grc' dir='ltr'>τὴν</span> <span class='ocrx_word' id='word_1_526' title='bbox 376 3724 559 3776; x_wconf 72' lang='grc' dir='ltr'>ἐκεῖσε</span> <span class='ocrx_word' id='word_1_527' title='bbox 590 3721 763 3791; x_wconf 76' lang='grc' dir='ltr'>ζωὴν,</span> <span class='ocrx_word' id='word_1_528' title='bbox 789 3718 1032 3782; x_wconf 83' lang='grc' dir='ltr'>ἱκεσίαις</span> <span class='ocrx_word' id='word_1_529' title='bbox 1084 3719 1187 3789; x_wconf 78' lang='grc' dir='ltr'>μὶν</span> <span class='ocrx_word' id='word_1_530' title='bbox 1233 3717 1333 3770; x_wconf 88' lang='grc' dir='ltr'>τοῦ</span> <span class='ocrx_word' id='word_1_531' title='bbox 1363 3715 1700 3787; x_wconf 78' lang='grc' dir='ltr'>ὑμνηθὲντος</span> <span class='ocrx_word' id='word_1_532' title='bbox 1735 3734 1823 3786; x_wconf 85' lang='grc' dir='ltr'>με·</span> 
     </span>
    </p>
   </div>
   <div class='ocr_carea' id='block_1_75' title="bbox 1926 3707 3111 3793">
    <p class='ocr_par' dir='ltr' id='par_1_75' title="bbox 1937 3707 3111 3785">
     <span class='ocr_line' id='line_1_75' title="bbox 1937 3707 3111 3785; baseline -0.002 -17"><span class='ocrx_word' id='word_1_533' title='bbox 1937 3723 1991 3768; x_wconf 88' lang='lat' dir='ltr'>et</span> <span class='ocrx_word' id='word_1_534' title='bbox 2023 3712 2194 3785; x_wconf 78' lang='lat' dir='ltr'><strong>gloria</strong></span> <span class='ocrx_word' id='word_1_535' title='bbox 2222 3712 2279 3768; x_wconf 90' lang='lat' dir='ltr'><strong>ln</strong></span> <span class='ocrx_word' id='word_1_536' title='bbox 2306 3709 2503 3769; x_wconf 74' lang='lat' dir='ltr'><strong>saecula</strong></span> <span class='ocrx_word' id='word_1_537' title='bbox 2531 3707 2882 3767; x_wconf 82' lang='lat' dir='ltr'><strong>saeculorum.</strong></span> <span class='ocrx_word' id='word_1_538' title='bbox 2913 3708 3111 3767; x_wconf 88' lang='lat' dir='ltr'><strong>Amen.</strong></span> 
     </span>
    </p>
   </div>
   <div class='ocr_carea' id='block_1_76' title="bbox 236 3800 1832 3884">
    <p class='ocr_par' dir='ltr' id='par_1_76' title="bbox 236 3800 1832 3884">
     <span class='ocr_line' id='line_1_76' title="bbox 236 3800 1832 3884; baseline -0.005 -15"><span class='ocrx_word' id='word_1_539' title='bbox 236 3816 416 3884; x_wconf 74' lang='grc' dir='ltr'>γάλου</span> <span class='ocrx_word' id='word_1_540' title='bbox 438 3811 721 3879; x_wconf 60' lang='grc' dir='ltr'>Φιλοθέου,</span> <span class='ocrx_word' id='word_1_541' title='bbox 739 3810 879 3865; x_wconf 85' lang='grc' dir='ltr'>Θεοῦ</span> <span class='ocrx_word' id='word_1_542' title='bbox 901 3810 958 3864; x_wconf 75' lang='grc' dir='ltr'>δὲ</span> <span class='ocrx_word' id='word_1_543' title='bbox 988 3808 1288 3875; x_wconf 63' lang='grc' dir='ltr'>ἐπινεύσει,</span> <span class='ocrx_word' id='word_1_544' title='bbox 1321 3800 1366 3877; x_wconf 79' lang='grc' dir='ltr'>ᾧ</span> <span class='ocrx_word' id='word_1_545' title='bbox 1387 3807 1556 3880; x_wconf 75' lang='grc' dir='ltr'>ὕμνος</span> <span class='ocrx_word' id='word_1_546' title='bbox 1580 3808 1679 3862; x_wconf 76' lang='grc' dir='ltr'>καὶ</span> <span class='ocrx_word' id='word_1_547' title='bbox 1703 3809 1832 3876; x_wconf 78' lang='grc' dir='ltr'>δόξα</span> 
     </span>
    </p>
   </div>
   <div class='ocr_carea' id='block_1_77' title="bbox 225 3900 1365 3973">
    <p class='ocr_par' dir='ltr' id='par_1_77' title="bbox 225 3900 1365 3973">
     <span class='ocr_line' id='line_1_77' title="bbox 225 3900 1365 3973; baseline -0.005 -10"><span class='ocrx_word' id='word_1_548' title='bbox 225 3911 320 3973; x_wconf 68' lang='grc' dir='ltr'>είς</span> <span class='ocrx_word' id='word_1_549' title='bbox 347 3908 477 3973; x_wconf 77' lang='grc' dir='ltr'>τοὺς</span> <span class='ocrx_word' id='word_1_550' title='bbox 504 3905 711 3970; x_wconf 86' lang='grc' dir='ltr'>αίῶνας</span> <span class='ocrx_word' id='word_1_551' title='bbox 737 3903 855 3959; x_wconf 83' lang='grc' dir='ltr'>τῶν</span> <span class='ocrx_word' id='word_1_552' title='bbox 883 3900 1118 3958; x_wconf 80' lang='grc' dir='ltr'>αἰώνων.</span> <span class='ocrx_word' id='word_1_553' title='bbox 1165 3900 1222 3955; x_wconf 79' lang='grc' dir='ltr'><strong>Ἀ</strong></span> <span class='ocrx_word' id='word_1_554' title='bbox 1234 3902 1365 3971; x_wconf 80' lang='grc' dir='ltr'>μὴν.</span> 
     </span>
    </p>
   </div>
   <div class='ocr_carea' id='block_1_78' title="bbox 1234 4050 1660 4063">
    <p class='ocr_par' dir='ltr' id='par_1_78' title="bbox 1234 4050 1660 4063">
     <span class='ocr_line' id='line_1_78' title="bbox 1234 4050 1660 4063; baseline -0.005 -1"><span class='ocrx_word' id='word_1_555' title='bbox 1234 4050 1660 4063; x_wconf 70' lang='lat'>_———.—-—-.</span> 
     </span>
    </p>
   </div>
   <div class='ocr_carea' id='block_1_79' title="bbox 276 4054 1229 4085">
    <p class='ocr_par' dir='ltr' id='par_1_79' title="bbox 276 4054 1229 4085">
     <span class='ocr_line' id='line_1_79' title="bbox 276 4054 1229 4085; baseline -0.006 -1"><span class='ocrx_word' id='word_1_556' title='bbox 276 4054 1229 4085; x_wconf 48' lang='lat' dir='ltr'>Lm:</span> 
     </span>
    </p>
   </div>
   <div class='ocr_carea' id='block_1_80' title="bbox 1014 4220 2770 4346">
    <p class='ocr_par' dir='ltr' id='par_1_80' title="bbox 1014 4220 2770 4346">
     <span class='ocr_line' id='line_1_80' title="bbox 1014 4220 2770 4346; baseline -0.005 -1"><span class='ocrx_word' id='word_1_557' title='bbox 1014 4232 1134 4346; x_wconf 91' lang='lat' dir='ltr'>S.</span> <span class='ocrx_word' id='word_1_558' title='bbox 1225 4226 1933 4344; x_wconf 82' lang='lat' dir='ltr'>DEMETBII</span> <span class='ocrx_word' id='word_1_559' title='bbox 2018 4223 2209 4338; x_wconf 89' lang='lat' dir='ltr'><strong>MA</strong></span> <span class='ocrx_word' id='word_1_560' title='bbox 2232 4220 2770 4339; x_wconf 81' lang='lat' dir='ltr'>RTYRIS</span> 
     </span>
    </p>
   </div>
   <div class='ocr_carea' id='block_1_81' title="bbox 1409 4461 2357 4559">
    <p class='ocr_par' dir='ltr' id='par_1_81' title="bbox 1409 4461 2357 4559">
     <span class='ocr_line' id='line_1_81' title="bbox 1409 4461 2357 4559; baseline -0.007 0"><span class='ocrx_word' id='word_1_561' title='bbox 1409 4461 2357 4559; x_wconf 83' lang='lat' dir='ltr'>INVOCATIONES.</span> 
     </span>
    </p>
   </div>
   <div class='ocr_carea' id='block_1_82' title="bbox 274 4072 409 4084">
    <p class='ocr_par' dir='ltr' id='par_1_82' title="bbox 274 4072 409 4084">
     <span class='ocr_line' id='line_1_82' title="bbox 274 4072 409 4084; baseline -0.007 0"><span class='ocrx_word' id='word_1_562' title='bbox 274 4072 409 4084; x_wconf 48' lang='grc' dir='ltr'>’,συ-ο</span> 
     </span>
    </p>
   </div>
   <div class='ocr_carea' id='block_1_83' title="bbox 490 4072 819 4083">
    <p class='ocr_par' dir='ltr' id='par_1_83' title="bbox 490 4072 819 4083">
     <span class='ocr_line' id='line_1_83' title="bbox 490 4072 819 4083; baseline -0.009 0"><span class='ocrx_word' id='word_1_563' title='bbox 490 4072 819 4083; x_wconf 63' lang='grc' dir='ltr'>------ι</span> 
     </span>
    </p>
   </div>
   <div class='ocr_carea' id='block_1_84' title="bbox 248 4809 1823 4893">
    <p class='ocr_par' dir='ltr' id='par_1_84' title="bbox 248 4815 1823 4893">
     <span class='ocr_line' id='line_1_84' title="bbox 248 4815 1823 4893; baseline -0.016 0"><span class='ocrx_word' id='word_1_564' title='bbox 248 4836 366 4892; x_wconf 79' lang='grc' dir='ltr'>Τοῦ</span> <span class='ocrx_word' id='word_1_565' title='bbox 396 4836 584 4892; x_wconf 76' lang='grc' dir='ltr'>αὐτοῦ</span> <span class='ocrx_word' id='word_1_566' title='bbox 621 4831 835 4888; x_wconf 78' lang='grc' dir='ltr'>κανὼν</span> <span class='ocrx_word' id='word_1_567' title='bbox 865 4830 951 4893; x_wconf 76' lang='grc' dir='ltr'>εἱς</span> <span class='ocrx_word' id='word_1_568' title='bbox 978 4828 1087 4880; x_wconf 73' lang='grc' dir='ltr'>τὸν</span> <span class='ocrx_word' id='word_1_569' title='bbox 1116 4823 1288 4892; x_wconf 74' lang='grc' dir='ltr'>ἅγιον</span> <span class='ocrx_word' id='word_1_570' title='bbox 1333 4815 1823 4892; x_wconf 69' lang='grc' dir='ltr'>μεἰοαλομάρτυρα</span> 
     </span>
    </p>
   </div>
   <div class='ocr_carea' id='block_1_85' title="bbox 1926 4809 3517 4893">
    <p class='ocr_par' dir='ltr' id='par_1_85' title="bbox 1939 4809 3517 4893">
     <span class='ocr_line' id='line_1_85' title="bbox 1939 4809 3517 4893; baseline -0.004 -25"><span class='ocrx_word' id='word_1_571' title='bbox 1939 4810 2196 4884; x_wconf 80' lang='lat' dir='ltr'>Ejusdem</span> <span class='ocrx_word' id='word_1_572' title='bbox 2265 4809 2452 4865; x_wconf 84' lang='lat' dir='ltr'><strong>Canon</strong></span> <span class='ocrx_word' id='word_1_573' title='bbox 2499 4812 2599 4893; x_wconf 41' lang='lat' dir='ltr'>ad“</span> <span class='ocrx_word' id='word_1_574' title='bbox 2618 4816 2863 4890; x_wconf 63' lang='lat' dir='ltr'><strong>sanctam</strong></span> <span class='ocrx_word' id='word_1_575' title='bbox 2921 4823 3175 4880; x_wconf 85' lang='lat' dir='ltr'><strong>magnum</strong></span> <span class='ocrx_word' id='word_1_576' title='bbox 3225 4817 3517 4882; x_wconf 78' lang='lat' dir='ltr'><strong>martyrem</strong></span> 
     </span>
    </p>
   </div>
   <div class='ocr_carea' id='block_1_86' title="bbox 863 4880 1823 4968">
    <p class='ocr_par' dir='ltr' id='par_1_86' title="bbox 863 4880 1770 4968">
     <span class='ocr_line' id='line_1_86' title="bbox 863 4880 1770 4968; baseline -0.001 -3"><span class='ocrx_word' id='word_1_577' title='bbox 863 4880 1219 4968; x_wconf 59' lang='grc' dir='ltr'>Ᾰῆμήτριοίθ-</span> <span class='ocrx_word' id='word_1_578' title='bbox 1333 4880 1350 4892; x_wconf 89' lang='grc'><em>’</em></span> <span class='ocrx_word' id='word_1_579' title='bbox 1420 4880 1434 4891; x_wconf 88' lang='grc'><em>’</em></span> <span class='ocrx_word' id='word_1_580' title='bbox 1560 4880 1658 4888; x_wconf 66' lang='grc'>’⁷</span> <span class='ocrx_word' id='word_1_581' title='bbox 1754 4880 1770 4885; x_wconf 67' lang='grc'><em>’</em></span> 
     </span>
    </p>
   </div>
   <div class='ocr_carea' id='block_1_87' title="bbox 1926 4880 2897 4968">
    <p class='ocr_par' dir='ltr' id='par_1_87' title="bbox 1981 4880 2897 4935">
     <span class='ocr_line' id='line_1_87' title="bbox 1981 4880 2897 4935; baseline -0.004 2"><span class='ocrx_word' id='word_1_582' title='bbox 1981 4880 1994 4884; x_wconf 75' lang='grc'><em>’</em></span> <span class='ocrx_word' id='word_1_583' title='bbox 2552 4880 2897 4935; x_wconf 75' lang='lat' dir='ltr'><strong>Demetrium.</strong></span> 
     </span>
    </p>
   </div>
   <div class='ocr_carea' id='block_1_88' title="bbox 308 4970 1823 5068">
    <p class='ocr_par' dir='ltr' id='par_1_88' title="bbox 308 4981 1823 5068">
     <span class='ocr_line' id='line_1_88' title="bbox 308 4981 1823 5068; baseline -0.015 -12"><span class='ocrx_word' id='word_1_584' title='bbox 308 5002 478 5055; x_wconf 74' lang='lat' dir='ltr'>Qui!</span> <span class='ocrx_word' id='word_1_585' title='bbox 508 5003 587 5055; x_wconf 80' lang='lat' dir='ltr'>A&#39;.</span> <span class='ocrx_word' id='word_1_586' title='bbox 620 4998 799 5068; x_wconf 71' lang='grc' dir='ltr'>ἠχος</span> <span class='ocrx_word' id='word_1_587' title='bbox 832 4993 1069 5060; x_wconf 82' lang='grc' dir='ltr'>πλαγίου</span> <span class='ocrx_word' id='word_1_588' title='bbox 1101 4990 1391 5057; x_wconf 79' lang='grc' dir='ltr'>τετάρτου.</span> <span class='ocrx_word' id='word_1_589' title='bbox 1425 4981 1695 5049; x_wconf 83' lang='grc' dir='ltr'>Σταυρὸν</span> <span class='ocrx_word' id='word_1_590' title='bbox 1723 4990 1823 5049; x_wconf 68' lang='grc' dir='ltr'>χαὲ</span> 
     </span>
    </p>
   </div>
   <div class='ocr_carea' id='block_1_89' title="bbox 1926 4970 3520 5068">
    <p class='ocr_par' dir='ltr' id='par_1_89' title="bbox 2012 4970 3520 5041">
     <span class='ocr_line' id='line_1_89' title="bbox 2012 4970 3520 5041; baseline -0.001 -9"><span class='ocrx_word' id='word_1_591' title='bbox 2012 4974 2153 5032; x_wconf 83' lang='lat' dir='ltr'>ODE</span> <span class='ocrx_word' id='word_1_592' title='bbox 2188 4974 2232 5032; x_wconf 87' lang='grc'>1.</span> <span class='ocrx_word' id='word_1_593' title='bbox 2266 4972 2447 5028; x_wconf 81' lang='lat' dir='ltr'><strong>Sonus</strong></span> <span class='ocrx_word' id='word_1_594' title='bbox 2475 4971 2713 5041; x_wconf 75' lang='lat' dir='ltr'><strong>ambigui</strong></span> <span class='ocrx_word' id='word_1_595' title='bbox 2743 4970 2951 5041; x_wconf 87' lang='lat' dir='ltr'><strong>quarti.</strong></span> <span class='ocrx_word' id='word_1_596' title='bbox 2982 4970 3204 5027; x_wconf 74' lang='lat' dir='ltr'><strong>Crucem</strong></span> <span class='ocrx_word' id='word_1_597' title='bbox 3230 4989 3347 5028; x_wconf 84' lang='lat' dir='ltr'>cum</span> <span class='ocrx_word' id='word_1_598' title='bbox 3370 4975 3520 5030; x_wconf 79' lang='lat' dir='ltr'><strong>scul-</strong></span> 
     </span>
    </p>
   </div>
   <div class='ocr_carea' id='block_1_90' title="bbox 225 5066 1823 5161">
    <p class='ocr_par' dir='ltr' id='par_1_90' title="bbox 225 5066 736 5161">
     <span class='ocr_line' id='line_1_90' title="bbox 225 5066 736 5161; baseline -0.004 -15"><span class='ocrx_word' id='word_1_599' title='bbox 225 5097 437 5161; x_wconf 78' lang='grc' dir='ltr'>ριὶξας</span> <span class='ocrx_word' id='word_1_600' title='bbox 465 5066 736 5159; x_wconf 30' lang='grc' dir='ltr'>Μωσῆς,</span> 
     </span>
    </p>
   </div>
   <div class='ocr_carea' id='block_1_91' title="bbox 1926 5066 2394 5161">
    <p class='ocr_par' dir='ltr' id='par_1_91' title="bbox 1940 5066 2394 5140">
     <span class='ocr_line' id='line_1_91' title="bbox 1940 5066 2394 5140; baseline -0.011 -17"><span class='ocrx_word' id='word_1_601' title='bbox 1940 5071 2129 5140; x_wconf 75' lang='lat' dir='ltr'><strong>paiuet</strong></span> <span class='ocrx_word' id='word_1_602' title='bbox 2164 5066 2394 5136; x_wconf 72' lang='lat' dir='ltr'><strong>Moyses.</strong></span> 
     </span>
    </p>
   </div>
   <div class='ocr_carea' id='block_1_92' title="bbox 308 5156 1823 5250">
    <p class='ocr_par' dir='ltr' id='par_1_92' title="bbox 308 5156 1823 5250">
     <span class='ocr_line' id='line_1_92' title="bbox 308 5156 1823 5250; baseline -0.013 -15"><span class='ocrx_word' id='word_1_603' title='bbox 308 5156 383 5238; x_wconf 80' lang='grc' dir='ltr'>α’.</span> <span class='ocrx_word' id='word_1_604' title='bbox 412 5156 479 5235; x_wconf 73' lang='grc' dir='ltr'>Ὅ</span> <span class='ocrx_word' id='word_1_605' title='bbox 514 5180 595 5250; x_wconf 79' lang='grc' dir='ltr'>τῷ</span> <span class='ocrx_word' id='word_1_606' title='bbox 622 5156 853 5248; x_wconf 78' lang='grc' dir='ltr'>πελάγει</span> <span class='ocrx_word' id='word_1_607' title='bbox 878 5173 993 5229; x_wconf 83' lang='grc' dir='ltr'>τῶν</span> <span class='ocrx_word' id='word_1_608' title='bbox 1020 5172 1133 5227; x_wconf 81' lang='grc' dir='ltr'>σῶν</span> <span class='ocrx_word' id='word_1_609' title='bbox 1162 5169 1427 5241; x_wconf 82' lang='grc' dir='ltr'>ἐγχειρῶν</span> <span class='ocrx_word' id='word_1_610' title='bbox 1457 5164 1660 5227; x_wconf 74' lang='grc' dir='ltr'>ἄθλων,</span> <span class='ocrx_word' id='word_1_611' title='bbox 1697 5162 1823 5217; x_wconf 78' lang='grc' dir='ltr'>θαυ-</span> 
     </span>
    </p>
   </div>
   <div class='ocr_carea' id='block_1_93' title="bbox 1926 5156 3523 5250">
    <p class='ocr_par' dir='ltr' id='par_1_93' title="bbox 2019 5156 3523 5231">
     <span class='ocr_line' id='line_1_93' title="bbox 2019 5156 3523 5231; baseline -0.001 -14"><span class='ocrx_word' id='word_1_612' title='bbox 2019 5164 2069 5218; x_wconf 81' lang='grc' dir='ltr'>Ι.</span> <span class='ocrx_word' id='word_1_613' title='bbox 2103 5162 2200 5216; x_wconf 90' lang='lat' dir='ltr'><strong>llle</strong></span> <span class='ocrx_word' id='word_1_614' title='bbox 2230 5161 2321 5231; x_wconf 88' lang='lat' dir='ltr'><strong>qui</strong></span> <span class='ocrx_word' id='word_1_615' title='bbox 2354 5173 2455 5229; x_wconf 88' lang='lat' dir='ltr'>per</span> <span class='ocrx_word' id='word_1_616' title='bbox 2497 5172 2647 5212; x_wconf 87' lang='lat' dir='ltr'><strong>mare</strong></span> <span class='ocrx_word' id='word_1_617' title='bbox 2680 5156 2989 5228; x_wconf 69' lang='lat' dir='ltr'><strong>prmliorum</strong></span> <span class='ocrx_word' id='word_1_618' title='bbox 3022 5167 3239 5212; x_wconf 88' lang='lat' dir='ltr'><strong>tuorum</strong></span> <span class='ocrx_word' id='word_1_619' title='bbox 3281 5173 3342 5215; x_wconf 88' lang='lat' dir='ltr'><strong>se</strong></span> <span class='ocrx_word' id='word_1_620' title='bbox 3369 5173 3523 5216; x_wconf 86' lang='lat' dir='ltr'><strong>com-</strong></span> 
     </span>
    </p>
   </div>
   <div class='ocr_carea' id='block_1_94' title="bbox 240 5248 1823 5347">
    <p class='ocr_par' dir='ltr' id='par_1_94' title="bbox 240 5248 1823 5347">
     <span class='ocr_line' id='line_1_94' title="bbox 240 5248 1823 5347; baseline -0.016 -15"><span class='ocrx_word' id='word_1_621' title='bbox 240 5277 526 5347; x_wconf 76' lang='grc' dir='ltr'>ματουργὲ</span> <span class='ocrx_word' id='word_1_622' title='bbox 565 5248 873 5343; x_wconf 62' lang='grc' dir='ltr'>Δημήτριε,</span> <span class='ocrx_word' id='word_1_623' title='bbox 911 5266 988 5329; x_wconf 83' lang='grc' dir='ltr'>ὠς</span> <span class='ocrx_word' id='word_1_624' title='bbox 1042 5262 1318 5347; x_wconf 80' lang='grc' dir='ltr'>εὐθαρσὴς</span> <span class='ocrx_word' id='word_1_625' title='bbox 1374 5259 1679 5331; x_wconf 76' lang='grc' dir='ltr'>ἐλέγχεται,</span> <span class='ocrx_word' id='word_1_626' title='bbox 1737 5254 1823 5309; x_wconf 76' lang='grc' dir='ltr'>καὶ</span> 
     </span>
    </p>
   </div>
   <div class='ocr_carea' id='block_1_95' title="bbox 1926 5248 3521 5347">
    <p class='ocr_par' dir='ltr' id='par_1_95' title="bbox 1944 5248 3521 5321">
     <span class='ocr_line' id='line_1_95' title="bbox 1944 5248 3521 5321; baseline -0.001 -10"><span class='ocrx_word' id='word_1_627' title='bbox 1944 5257 2131 5321; x_wconf 89' lang='lat' dir='ltr'><strong>mittit,</strong></span> <span class='ocrx_word' id='word_1_628' title='bbox 2185 5254 2560 5320; x_wconf 76' lang='lat' dir='ltr'><strong>thaumaturge</strong></span> <span class='ocrx_word' id='word_1_629' title='bbox 2586 5248 2849 5316; x_wconf 89' lang='lat' dir='ltr'><strong>Demetri,</strong></span> <span class='ocrx_word' id='word_1_630' title='bbox 2886 5259 3143 5319; x_wconf 89' lang='lat' dir='ltr'><strong>tanquam</strong></span> <span class='ocrx_word' id='word_1_631' title='bbox 3189 5251 3521 5317; x_wconf 81' lang='lat' dir='ltr'><strong>audax,imo</strong></span> 
     </span>
    </p>
   </div>
   <div class='ocr_carea' id='block_1_96' title="bbox 240 5334 1823 5435">
    <p class='ocr_par' dir='ltr' id='par_1_96' title="bbox 240 5334 1823 5435">
     <span class='ocr_line' id='line_1_96' title="bbox 240 5334 1823 5435; baseline -0.016 -10"><span class='ocrx_word' id='word_1_632' title='bbox 573 5334 875 5435; x_wconf 56' lang='grc' dir='ltr'>τόᾷμὲηρδς,</span> <span class='ocrx_word' id='word_1_633' title='bbox 926 5358 1051 5413; x_wconf 70' lang='grc' dir='ltr'>ἐπεὶ</span> <span class='ocrx_word' id='word_1_634' title='bbox 1080 5334 1195 5420; x_wconf 76' lang='grc' dir='ltr'>τοῖς</span> <span class='ocrx_word' id='word_1_635' title='bbox 1238 5354 1484 5424; x_wconf 86' lang='grc' dir='ltr'>θαύμασι</span> <span class='ocrx_word' id='word_1_636' title='bbox 1545 5348 1823 5421; x_wconf 76' lang='grc' dir='ltr'>λιμνάζεις</span> 
     </span>
    </p>
   </div>
   <div class='ocr_carea' id='block_1_97' title="bbox 1926 5334 3520 5435">
    <p class='ocr_par' dir='ltr' id='par_1_97' title="bbox 1939 5344 3520 5417">
     <span class='ocr_line' id='line_1_97' title="bbox 1939 5344 3520 5417; baseline -0.002 -12"><span class='ocrx_word' id='word_1_637' title='bbox 1939 5351 2264 5407; x_wconf 81' lang='lat' dir='ltr'><strong>temerarius</strong></span> <span class='ocrx_word' id='word_1_638' title='bbox 2294 5347 2561 5415; x_wconf 77' lang='lat' dir='ltr'><strong>arguitur,</strong></span> <span class='ocrx_word' id='word_1_639' title='bbox 2617 5344 2881 5415; x_wconf 81' lang='lat' dir='ltr'><strong>siquidem</strong></span> <span class='ocrx_word' id='word_1_640' title='bbox 2918 5344 3177 5414; x_wconf 74' lang='lat' dir='ltr'><strong>prodigiis</strong></span> <span class='ocrx_word' id='word_1_641' title='bbox 3208 5360 3355 5401; x_wconf 88' lang='lat' dir='ltr'><strong>mare</strong></span> <span class='ocrx_word' id='word_1_642' title='bbox 3385 5360 3520 5417; x_wconf 60' lang='lat' dir='ltr'><strong>prae.-</strong></span> 
     </span>
    </p>
   </div>
   <div class='ocr_carea' id='block_1_98' title="bbox 244 5435 1823 5527">
    <p class='ocr_par' dir='ltr' id='par_1_98' title="bbox 244 5442 1823 5527">
     <span class='ocr_line' id='line_1_98' title="bbox 244 5442 1823 5527; baseline -0.011 -15"><span class='ocrx_word' id='word_1_643' title='bbox 244 5459 477 5527; x_wconf 72' lang='grc' dir='ltr'>ἇπλιτα,</span> <span class='ocrx_word' id='word_1_644' title='bbox 515 5460 593 5521; x_wconf 81' lang='grc' dir='ltr'>ὡς</span> <span class='ocrx_word' id='word_1_645' title='bbox 628 5455 778 5525; x_wconf 73' lang='grc' dir='ltr'>ἔχειν</span> <span class='ocrx_word' id='word_1_646' title='bbox 822 5449 1296 5512; x_wconf 73' lang='grc' dir='ltr'>δυσεκπλεύστως,</span> <span class='ocrx_word' id='word_1_647' title='bbox 1323 5446 1373 5499; x_wconf 80' lang='grc' dir='ltr'>ει</span> <span class='ocrx_word' id='word_1_648' title='bbox 1414 5444 1511 5515; x_wconf 79' lang='grc' dir='ltr'>μὴ.</span> <span class='ocrx_word' id='word_1_649' title='bbox 1547 5482 1562 5497; x_wconf 92' lang='grc'>.</span> <span class='ocrx_word' id='word_1_650' title='bbox 1601 5481 1618 5497; x_wconf 93' lang='grc'>.</span> <span class='ocrx_word' id='word_1_651' title='bbox 1662 5442 1823 5512; x_wconf 83' lang='grc' dir='ltr'>νήσας</span> 
     </span>
    </p>
   </div>
   <div class='ocr_carea' id='block_1_99' title="bbox 1926 5435 3517 5527">
    <p class='ocr_par' dir='ltr' id='par_1_99' title="bbox 1940 5435 3517 5507">
     <span class='ocr_line' id='line_1_99' title="bbox 1940 5435 3517 5507; baseline -0.005 -8"><span class='ocrx_word' id='word_1_652' title='bbox 1940 5442 2038 5499; x_wconf 76' lang='lat' dir='ltr'><strong>bes</strong></span> <span class='ocrx_word' id='word_1_653' title='bbox 2089 5440 2370 5505; x_wconf 66' lang='lat' dir='ltr'><strong>refertum,</strong></span> <span class='ocrx_word' id='word_1_654' title='bbox 2402 5451 2433 5492; x_wconf 91' lang='lat' dir='ltr'><strong>e</strong></span> <span class='ocrx_word' id='word_1_655' title='bbox 2464 5450 2575 5506; x_wconf 90' lang='lat' dir='ltr'>quo</span> <span class='ocrx_word' id='word_1_656' title='bbox 2595 5436 2686 5491; x_wconf 74' lang='lat' dir='ltr'><strong>vix</strong></span> <span class='ocrx_word' id='word_1_657' title='bbox 2737 5436 3031 5506; x_wconf 79' lang='lat' dir='ltr'><strong>emergitur</strong></span> <span class='ocrx_word' id='word_1_658' title='bbox 3060 5435 3187 5490; x_wconf 91' lang='lat' dir='ltr'><strong>ni...</strong></span> <span class='ocrx_word' id='word_1_659' title='bbox 3235 5437 3381 5491; x_wconf 83' lang='lat' dir='ltr'><strong>vires</strong></span> <span class='ocrx_word' id='word_1_660' title='bbox 3408 5435 3517 5507; x_wconf 86' lang='lat' dir='ltr'><strong>ipsi</strong></span> 
     </span>
    </p>
   </div>
   <div class='ocr_carea' id='block_1_100' title="bbox 247 5525 1823 5626">
    <p class='ocr_par' dir='ltr' id='par_1_100' title="bbox 247 5525 1823 5626">
     <span class='ocr_line' id='line_1_100' title="bbox 247 5525 1823 5626; baseline -0.013 -21"><span class='ocrx_word' id='word_1_661' title='bbox 247 5553 396 5626; x_wconf 69' lang='grc' dir='ltr'>ίσχίιν</span> <span class='ocrx_word' id='word_1_662' title='bbox 464 5525 637 5622; x_wconf 81' lang='grc' dir='ltr'>αὐτῷ</span> <span class='ocrx_word' id='word_1_663' title='bbox 712 5544 923 5602; x_wconf 78' lang='grc' dir='ltr'>ἄνωθεν</span> <span class='ocrx_word' id='word_1_664' title='bbox 991 5539 1430 5613; x_wconf 79' lang='grc' dir='ltr'>καταπέμψειας,</span> <span class='ocrx_word' id='word_1_665' title='bbox 1494 5535 1823 5606; x_wconf 75' lang='grc' dir='ltr'>ἐλλιμενίσαι</span> 
     </span>
    </p>
   </div>
   <div class='ocr_carea' id='block_1_101' title="bbox 1926 5525 2988 5626">
    <p class='ocr_par' dir='ltr' id='par_1_101' title="bbox 1941 5525 2988 5605">
     <span class='ocr_line' id='line_1_101' title="bbox 1941 5525 2988 5605; baseline -0.01 -14"><span class='ocrx_word' id='word_1_666' title='bbox 1941 5537 2170 5605; x_wconf 86' lang='lat' dir='ltr'><strong>desuper</strong></span> <span class='ocrx_word' id='word_1_667' title='bbox 2196 5530 2378 5586; x_wconf 87' lang='lat' dir='ltr'><strong>mittas</strong></span> <span class='ocrx_word' id='word_1_668' title='bbox 2405 5537 2465 5583; x_wconf 91' lang='lat' dir='ltr'>ut</span> <span class='ocrx_word' id='word_1_669' title='bbox 2493 5535 2788 5582; x_wconf 84' lang='lat' dir='ltr'><strong>transmeet</strong></span> <span class='ocrx_word' id='word_1_670' title='bbox 2821 5525 2889 5580; x_wconf 86' lang='lat' dir='ltr'><strong>ad</strong></span> <span class='ocrx_word' id='word_1_671' title='bbox 2917 5534 2988 5581; x_wconf 90' lang='lat' dir='ltr'><strong>te.</strong></span> 
     </span>
    </p>
   </div>
   <div class='ocr_carea' id='block_1_102' title="bbox 244 5646 1823 5811">
    <p class='ocr_par' dir='ltr' id='par_1_102' title="bbox 244 5646 1823 5811">
     <span class='ocr_line' id='line_1_102' title="bbox 244 5646 436 5703; baseline 0.031 -6"><span class='ocrx_word' id='word_1_672' title='bbox 244 5646 329 5700; x_wconf 60' lang='grc' dir='ltr'>ἐπὶ</span> <span class='ocrx_word' id='word_1_673' title='bbox 421 5689 436 5703; x_wconf 93' lang='grc'>.</span> 
     </span>
     <span class='ocr_line' id='line_1_103' title="bbox 309 5649 1823 5811; baseline -0.013 -15"><span class='ocrx_word' id='word_1_674' title='bbox 309 5649 753 5811; x_wconf 59' lang='grc' dir='ltr'>β’ῗέῐιπράδεισος</span> <span class='ocrx_word' id='word_1_675' title='bbox 787 5732 865 5796; x_wconf 83' lang='grc' dir='ltr'>ὡς</span> <span class='ocrx_word' id='word_1_676' title='bbox 893 5730 1108 5803; x_wconf 80' lang='grc' dir='ltr'>τρυφῆς</span> <span class='ocrx_word' id='word_1_677' title='bbox 1145 5727 1209 5781; x_wconf 83' lang='grc' dir='ltr'>τδ</span> <span class='ocrx_word' id='word_1_678' title='bbox 1259 5728 1509 5797; x_wconf 85' lang='grc' dir='ltr'>γενναῖον</span> <span class='ocrx_word' id='word_1_679' title='bbox 1541 5724 1703 5795; x_wconf 83' lang='grc' dir='ltr'>σῶμα</span> <span class='ocrx_word' id='word_1_680' title='bbox 1726 5722 1823 5777; x_wconf 83' lang='grc' dir='ltr'>τοῦ</span> 
     </span>
    </p>
   </div>
   <div class='ocr_carea' id='block_1_103' title="bbox 1926 5646 3511 5811">
    <p class='ocr_par' dir='ltr' id='par_1_103' title="bbox 2006 5708 3511 5783">
     <span class='ocr_line' id='line_1_104' title="bbox 2006 5708 3511 5783; baseline -0.006 -10"><span class='ocrx_word' id='word_1_681' title='bbox 2006 5719 2062 5773; x_wconf 75' lang='lat'>2.</span> <span class='ocrx_word' id='word_1_682' title='bbox 2097 5714 2421 5773; x_wconf 87' lang='lat' dir='ltr'><strong>Deliciarum</strong></span> <span class='ocrx_word' id='word_1_683' title='bbox 2445 5720 2702 5781; x_wconf 86' lang='lat' dir='ltr'><strong>tanquam</strong></span> <span class='ocrx_word' id='word_1_684' title='bbox 2725 5708 3010 5783; x_wconf 77' lang='lat' dir='ltr'><strong>paradisus</strong></span> <span class='ocrx_word' id='word_1_685' title='bbox 3038 5710 3258 5765; x_wconf 88' lang='lat' dir='ltr'><strong>liberale</strong></span> <span class='ocrx_word' id='word_1_686' title='bbox 3296 5710 3511 5764; x_wconf 83' lang='lat' dir='ltr'><strong>athletae</strong></span> 
     </span>
    </p>
   </div>
   <div class='ocr_carea' id='block_1_104' title="bbox 242 5802 1823 5903">
    <p class='ocr_par' dir='ltr' id='par_1_104' title="bbox 242 5802 1823 5903">
     <span class='ocr_line' id='line_1_105' title="bbox 242 5802 1823 5903; baseline -0.006 -22"><span class='ocrx_word' id='word_1_687' title='bbox 242 5802 875 5903; x_wconf 43' lang='grc' dir='ltr'>ἁθλιςτοίπεφύτευται</span> <span class='ocrx_word' id='word_1_688' title='bbox 922 5824 1037 5890; x_wconf 85' lang='grc' dir='ltr'>τοῖς</span> <span class='ocrx_word' id='word_1_689' title='bbox 1072 5821 1372 5876; x_wconf 82' lang='grc' dir='ltr'>ἀπολαύειν</span> <span class='ocrx_word' id='word_1_690' title='bbox 1420 5819 1657 5875; x_wconf 77' lang='grc' dir='ltr'>θέλουσι.</span> <span class='ocrx_word' id='word_1_691' title='bbox 1722 5817 1823 5874; x_wconf 70' lang='grc' dir='ltr'>Καὶ</span> 
     </span>
    </p>
   </div>
   <div class='ocr_carea' id='block_1_105' title="bbox 1926 5802 3512 5903">
    <p class='ocr_par' dir='ltr' id='par_1_105' title="bbox 1937 5802 3512 5883">
     <span class='ocr_line' id='line_1_106' title="bbox 1937 5802 3512 5883; baseline -0.01 -12"><span class='ocrx_word' id='word_1_692' title='bbox 1937 5828 2136 5883; x_wconf 82' lang='lat' dir='ltr'><strong>corpus</strong></span> <span class='ocrx_word' id='word_1_693' title='bbox 2200 5808 2471 5867; x_wconf 85' lang='lat' dir='ltr'><strong>consitum</strong></span> <span class='ocrx_word' id='word_1_694' title='bbox 2531 5813 2641 5872; x_wconf 87' lang='lat' dir='ltr'><strong>est,</strong></span> <span class='ocrx_word' id='word_1_695' title='bbox 2670 5819 2767 5875; x_wconf 87' lang='lat' dir='ltr'>pro</span> <span class='ocrx_word' id='word_1_696' title='bbox 2795 5803 2883 5861; x_wconf 87' lang='lat' dir='ltr'><strong>his</strong></span> <span class='ocrx_word' id='word_1_697' title='bbox 2919 5802 3012 5874; x_wconf 91' lang='lat' dir='ltr'>qui</span> <span class='ocrx_word' id='word_1_698' title='bbox 3043 5803 3148 5857; x_wconf 80' lang='lat' dir='ltr'><strong>frui</strong></span> <span class='ocrx_word' id='word_1_699' title='bbox 3190 5802 3406 5857; x_wconf 85' lang='lat' dir='ltr'><strong>volunt.</strong></span> <span class='ocrx_word' id='word_1_700' title='bbox 3443 5803 3512 5857; x_wconf 78' lang='lat' dir='ltr'><strong>Et</strong></span> 
     </span>
    </p>
   </div>
  </div>
