4048 6440
579 345 683 416 163

1252 345 1679 409 EUSTATIIII
1719 339 2476 404 THESSALONICENSIS
2516 335 3079 398 marmoreum
3719 342 3806 405 15.4

579 469 781 524 lancea:
828 465 1047 537 quidem
1081 463 1134 517 in
1171 476 1237 516 co
1264 463 1482 516 vivaces
1532 459 1718 528 Slipilc
1753 448 2004 512 carentes
2037 465 2154 509 tan-

2266 457 2449 526 λὸγχαι
2506 454 2606 527 μὲν
2648 455 2706 509 ἐν
2758 472 2906 525 αυτῳ
2937 453 3129 526 ςωηρά
3188 455 3480 526 άστὲλεχα“
3511 455 3584 520 ὡς
3628 457 3808 530 δένδρα

578 573 739 630 quam
794 559 1019 612 arbores
1076 553 1311 607 inventa!
1361 559 1522 616 sunt;
1564 549 1774 604 fructus
1813 562 1940 603 vero
1986 547 2150 600 animi

579 661 788 720 pastus,
823 649 1113 702 virtutibus
1142 645 1394 700 omnibus
1420 643 1628 700 fertiles
1653 653 1706 698 et
1736 641 1958 696 ﬁumina
1990 640 2153 696 simul

579 739 935 812 Sangttiniﬂua
965 746 1019 794 et
1045 737 1455 808 unguentoﬁua.

650 834 704 886 3.
738 830 978 906 Tuprum
1014 829 1322 899 praeliorum
1366 837 1590 900 augusta
1630 826 1772 881 Deus
1800 833 2003 890 servat,
2033 823 2152 888 libi,

578 930 783 986 sancte,
815 931 1131 991 perpetuum
1174 921 1490 976 thesaurum
1539 919 1875 975 custodiens.
1923 916 2155 988 Sangui-

578 1031 704 1070 num
741 1013 881 1070 fusio
911 1014 1018 1076 hic,
1055 1012 1334 1084 sanguinis
1362 1027 1508 1067 more
1542 1010 1808 1066 efﬂuentis
1833 1011 2022 1081 gratiae
2046 1009 2156 1064 illic

575 1107 859 1177 profusio;
905 1107 1274 1175 prodigiorum
1325 1105 1464 1159 sicut
1500 1113 1650 1168 tunc,
1683 1103 1761 1158 sic
1808 1116 1949 1157 nunc
1979 1101 2153 1155 abun-

574 1199 767 1255 dantes
792 1201 1018 1254 div'tise.
1051 1197 1245 1252 Melius
1276 1197 1458 1251 dicere
1484 1204 1588 1262 est,
1622 1195 1854 1266 amplius
1886 1194 2150 1264 prodigiis

576 1309 721 1347 nunc
745 1291 1157 1344 admirationem
1188 1289 1453 1344 meruisti.

646 1383 702 1438 4.
732 1379 898 1451 Virgo
963 1390 1155 1446 mater,
1197 1396 1315 1448 qme
1373 1381 1524 1451 puris
1565 1379 1974 1450 esanguinibus
2029 1393 2154 1434 car-

577 1489 702 1530 nem
739 1473 1060 1544 plasmatori
1097 1473 1400 1542 concepisti
1437 1473 1596 1526 morti
1655 1472 1954 1542 subjectam
2005 1471 2156 1527 obla-

578 1567 806 1630 tionem,
853 1566 1177 1634 sangninutn
1222 1566 1578 1621 barbarorum
1615 1566 1771 1621 lacus
1807 1566 2011 1621 eﬁundi
2057 1581 2155 1635 op-

579 1660 711 1713 time
744 1658 888 1728 regis
941 1659 1191 1712 manibus
1238 1672 1482 1713 curares.
1516 1657 1744 1728 Semper
1798 1658 1942 1712 enim
1975 1665 2154 1711 tecum

578 1752 747 1806 habes
769 1751 1035 1820 sanguine
1069 1766 1174 1820 quo
1208 1759 1412 1822 martyr
1433 1750 1600 1806 evasit
1626 1749 2022 1821 supplicantem
2053 1746 2157 1803 De-

581 1843 857 1898 metrium.

651 1932 788 1988 ODE
818 1931 909 1987 111.
951 1931 1114 2002 Virga
1138 1934 1191 1984 in
1226 1932 1452 2001 signum.

648 2022 704 2076 5.
735 2020 1200 2088 Quemadmodum
1231 2020 1454 2090 abyssus
1495 2020 1747 2090 abyssum
1781 2016 1997 2072 invocat
2028 2029 2157 2086 pro-

578 2113 844 2184 digiorum
901 2111 1091 2167 effusio
1147 2109 1620 2165 innumerabilium
1681 2108 2011 2178 multiplices
2057 2123 2160 2160 un-

579 2205 766 2276 guenti
802 2203 1029 2259 ﬂuentes
1058 2204 1420 2274 profusiones,
1457 2217 1686 2272 quorum
1727 2215 1878 2256 mare
1904 2209 2157 2255 cunctam

581 2309 784 2354 terram
815 2297 987 2353 odore
1014 2297 1186 2351 effuso
1220 2296 1469 2364 replevit.

652 2389 706 2444 6.
741 2388 1026 2458 Tanquam
1059 2387 1271 2457 stipites
1306 2385 1622 2441 Pltcenicum
1655 2385 1938 2439 memorati
1973 2384 2160 2439 viden-

585 2493 673 2538 tur
708 2482 932 2546 lanceae,
979 2481 1199 2535 victoris
1247 2479 1564 2534 frondentes
1604 2478 1656 2531 in
1693 2491 1958 2546 corpore;
2017 2477 2160 2530 sicut

583 2573 948 2642 scaturigines
985 2589 1112 2628 vero
1135 2571 1420 2642 sanguinis
1445 2571 1811 2636 tuanationes,
1835 2583 1970 2639 quas
1994 2570 2047 2623 in
2069 2569 2163 2623 de-

569 2665 720 2741 liciis
753 2666 913 2720 Israel
945 2665 1124 2720 habet.

655 2760 705 2812 7.
744 2759 1049 2829 Unguenta,
1099 2759 1255 2826 juxta
1313 2755 1589 2827 Evangelii
1645 2754 1893 2818 verbum,
1942 2768 2038 2822 pro
2077 2769 2162 2808 se-

583 2851 794 2920 pultura
829 2857 918 2902 tua
950 2859 1273 2904 conservata
1303 2856 1453 2914 sunt,
1486 2847 1823 2901 beatissime.
1865 2843 1980 2899 Non
2015 2847 2159 2899 enim

586 2944 638 2996 in
680 2949 734 2996 te
771 2941 913 2996 valet
951 2941 1178 3010 putredo
1213 2955 1333 3010 quae
1387 2938 1508 2992 aliis
1539 2938 1707 2992 haeret
1739 2948 1860 3006 post
1895 2945 2159 3002 mortem;

582 3037 712 3104 quin
739 3036 846 3090 itno
876 3033 1308 3104 snavefragras,
1341 3043 1593 3102 tanquam
1627 3031 1832 3102 Spiritu
1875 3030 1970 3086 Dei
2006 3029 2160 3085 aﬂla-

585 3137 694 3183 tus.

656 3219 708 3273 8.
737 3219 948 3273 Lancea
997 3217 1327 3288 perforatum
1354 3217 1474 3271 vita:
1517 3215 1762 3270 datorem
1798 3229 1917 3284 qua:
1948 3213 2156 3282 vidisti,

583 3319 638 3365 et
667 3310 871 3365 doloris
925 3311 1102 3380 gladio
1135 3324 1257 3379 quae
1313 3307 1568 3362 transﬁxa
1598 3321 1680 3372 es,
1717 3322 1841 3361 cum
1898 3306 2160 3361 transﬁxo

586 3405 812 3474 loquens
866 3403 1142 3458 Demetrio
1203 3403 1253 3455 itt
1299 3401 1558 3470 principis
1599 3400 1855 3471 gratiam,
1910 3398 2155 3455 lanceam

419 3532 435 3546 ο
502 3563 508 3570 ι
585 3497 708 3568 ejus
747 3497 982 3552 hostium
1013 3495 1268 3549 cordibus
1297 3495 1421 3563 ﬁge.

663 3587 796 3644 ODE
825 3587 910 3642 ιν.
931 3587 1144 3651 Audivi,
1173 3585 1417 3639 Domine.

662 3679 716 3734 9.
749 3679 819 3735 Ut
849 3677 1162 3747 paradisum
1202 3677 1370 3731 alium
1428 3675 1688 3746 templum
1721 3684 1869 3729 tuum
1896 3674 2158 3740 videmus,

592 3779 798 3839 martyr
855 3769 1114 3833 Demetri,
1159 3768 1312 3836 cujus
1341 3765 1462 3820 fons
1492 3773 1889 3836 unguentorum
1938 3779 2163 3821 currens

589 3875 805 3915 omnem
839 3870 998 3914 terra:
1036 3858 1228 3913 faciem
1265 3857 1522 3912 inebriat.

665 3950 750 4007 10.
784 3949 1075 4020 Sanguinis
1100 3963 1222 4014 vox,
1265 3957 1470 4014 sancte,
1501 3948 1744 4020 martyrii
1778 3949 1855 4004 tui
1887 3949 1953 4006 ad
1982 3948 2162 4006 Domi-

588 4060 717 4100 nutn
755 4045 976 4098 clamat.
1002 4040 1118 4096 Non
1147 4043 1289 4096 enim
1315 4042 1370 4096 in
1399 4041 1727 4098 aaternitates
1743 4042 2018 4099 exundare
2045 4059 2164 4100 ces-

588 4140 728 4194 savit
748 4136 1064 4208 martyrium
1103 4145 1276 4189 tuutn.

664 4227 752 4282 il.
777 4228 836 4281 In
875 4228 966 4282 Dei
1006 4225 1247 4280 divinum
1279 4239 1470 4292 panem
1499 4234 1571 4292 te,
1596 4226 1681 4282 eia
1717 4227 1902 4282 hostes
1950 4226 2068 4294 Dei,
2099 4228 2164 4282 li-

593 4336 760 4391 gnum
813 4320 1110 4374 tnittantus.
1151 4320 1284 4372 Acta
1343 4318 1546 4373 lancea:
1589 4319 1983 4386 vociferabant,
2013 4321 2165 4376 fran-

589 4429 716 4485 gere
737 4422 915 4467 autem
943 4419 1015 4477 te,
1046 4421 1273 4481 martyr,
1307 4425 1412 4465 non
1441 4410 1749 4467 valuerunt.

2256 550 2542 620 εὕρηνται,
2575 548 2782 619 καρποὶ
2811 543 2867 602 δὲ
2914 547 3270 618 ψυχοτρόφοι,
3316 549 3528 617 ἀρετῶν
3572 568 3808 621 παγκαρ-

2258 642 2399 708 alat,
2448 643 2544 698 καὶ
2569 641 2802 712 ποταμοὶ
2822 641 2939 711 ἅμα
2967 657 3025 693 τε
3054 641 3441 712 αἱματὸῥρυτοι
3472 643 3636 711 καίγε
3656 645 3810 714 μυρό-

2257 738 2468 790 6λυτοι.
2675 800 2679 804 ⁴

2326 833 2396 896 γ’.
2428 827 2510 882 Τά
2537 827 2646 881 τῶν
2679 827 2791 881 σῶν
2821 827 2997 882 ἄθλων
3051 829 3228 899 σεμνὰ
3281 832 3310 884 ὁ
3354 829 3488 895 Θεὸς
3539 830 3808 898 φυλάττει,

2257 919 2598 990 ταμειουχῶν
2621 937 2728 986 σοι,
2751 919 2900 989 ἅγιε,
2943 922 3188 993 διηνεκὲς
3237 925 3612 997 θησαύρισμα.
3651 923 3810 993 Αίμά-

2256 1028 2365 1064 των
2391 1011 2548 1082 χύσις
2576 1011 2714 1074 ἐκεῖ,
2747 1013 3084 1082 αίμορῤύτου
3114 1014 3338 1086 χάριτος
3369 1013 3644 1070 κάνταῦθα.
3692 1017 3810 1082 πρό·

2257 1118 2441 1172 χυσις,
2495 1101 2816 1170 θαυμάτων,
2883 1101 3075 1174 ὥσπερ
3125 1105 3270 1167 τότε,
3317 1103 3460 1157 οὕτω
3509 1103 3604 1158 νῦν
3658 1103 3809 1164 πολὺς

2259 1192 2510 1254 πλοῦτος.
2546 1191 2763 1244 Μᾶλλον
2795 1191 2842 1245 δ’
2873 1194 3072 1259 εἰπεῖν,
3108 1194 3291 1248 πλεῖον
3328 1197 3387 1248 ἐν
3437 1197 3549 1258 τοῖς
3583 1194 3810 1264 θαύμασι

2259 1287 2355 1340 νῦν
2384 1285 2871 1354 τεθαυμάστωσαι.

2329 1379 2393 1434 δ’.
2431 1377 2674 1450 Παρθένε
2715 1378 2916 1448 μῆτερ,
2955 1378 3135 1444 ἁγνῶν
3165 1378 3224 1442 ἐξ
3251 1379 3504 1448 αἱμάτων
3534 1378 3704 1448 σάρκα
3743 1378 3812 1444 τῷ

2260 1471 2625 1540 πλαστουργῷ
2653 1469 2918 1524 ἐκτίσασα
2963 1470 3298 1539 χρεωστικδν
3339 1471 3606 1539 ἀπόδομα,
3664 1469 3813 1538 αίμά-

2260 1581 2368 1619 των
2426 1561 2778 1634 βαρὸαρικῶν
2826 1561 3172 1632 λιμνασμοὺς
3221 1563 3511 1633 ἐκχέεσθαι
3575 1564 3812 1631 ποιήσαις

2261 1658 2532 1728 κράτιστα
2585 1657 2740 1728 χερσὶ
2796 1655 2892 1709 τοῦ
2956 1655 3244 1726 βασιλέως.
3299 1655 3663 1708 Δυσωποῦντα
3714 1654 3813 1722 γὰρ

2261 1749 2404 1820 ἔχεις
2433 1750 2519 1803 ἀεὶ
2544 1749 2644 1803 σὺν
2672 1748 2755 1802 σοὶ
2780 1748 2975 1818 αἵμασι
3001 1749 3092 1802 τὸν
3121 1749 3466 1819 Δημήτριον,
3503 1741 3584 1809 οἷς
3613 1762 3813 1817 μεμαρ-

2259 1840 2522 1912 τύρηκεν.

2330 1936 2486 1988 ΩΙΔΗ
2512 1931 2583 1990 Γ’.
2628 1931 2876 1997 Ῥάϐὃος
2900 1933 2987 1997 είς
3017 1931 3230 1986 τύπον.

2330 2035 2391 2084 ε’.
2427 2028 2527 2082 Οἴα
2551 2045 2634 2091 τις
2665 2027 2799 2099 ἄλλη
2832 2029 3172 2082 ἐπικαλεῖται
3198 2027 3438 2088 ἄϐυσσος
3467 2023 3695 2080 άὸυσσον
3719 2019 3816 2074 τῶν

2261 2121 2614 2192 θαυμάτωνή
2646 2121 2801 2193 χύσις
2836 2120 2946 2174 τῶν
2976 2119 3296 2190 ἀναρίθμων
3334 2117 3435 2181 τὰς
3469 2113 3816 2186 μυροϐλύτους

2260 2213 2528 2275 ἀπλέτους
2555 2205 2969 2282 ὁιεκχύσεις,ῶν
2996 2211 3054 2264 τὸ
3097 2209 3336 2278 πέλαγος
3381 2211 3560 2262 πᾶσαν
3588 2206 3682 2278 τὴν
3726 2206 3817 2275 γῆν

2261 2307 2313 2359 λι
2321 2307 2530 2376 μνᾶσαν
2562 2305 2878 2358 εὖωδίασεν.

2335 2399 2410 2465 ς’.
2444 2401 2658 2468 Ὥσπερ
2689 2400 2914 2471 στελέχη
2947 2399 3014 2453 τὰ
3038 2399 3146 2454 τῶν
3175 2399 3443 2453 Φοινίκων
3495 2399 3562 2451 τὰ
3597 2391 3819 2465 ίστορού-

2265 2510 2402 2563 μενα
2431 2493 2767 2563 θεωροῦνται
2801 2494 2857 2546 αί
2897 2493 3110 2563 λόγχαι,
3162 2491 3254 2547 τοῦ
3294 2491 3602 2562 άθλοφόρου
3665 2505 3820 2557 πεφυ-

2261 2585 2520 2655 τευμέναι
2556 2587 2635 2646 είς
2670 2585 2852 2655 σῶμα,
2904 2585 2980 2649 ὡς
3043 2585 3218 2655 πηγαὶ
3273 2585 3330 2638 δὲ
3380 2585 3448 2638 τὰ
3506 2583 3816 2655 αίμόρρυτα,

2262 2672 2343 2740 οἷς
2377 2677 2591 2745 Ἰσραὴλ
2621 2673 2707 2729 οἷα
2743 2678 3138 2746 ἐνετρύφησεν.

2335 2767 2402 2834 ζ’.
2437 2768 2622 2838 Μύρα,
2651 2771 2726 2830 ὡς
2763 2769 2922 2838 ῥῆσις
2973 2766 3331 2836 Εὐαγγελίου,
3388 2765 3820 2837 συνετηρήθησαν

2261 2863 2327 2931 τῇ
2372 2863 2515 2932 ταφῇ
2548 2877 2660 2924 σου,
2683 2862 3019 2930 παμμάκαρ.
3059 2860 3134 2912 Οὐ
3160 2860 3268 2931 γὰρ
3308 2862 3507 2930 κρατεῖ
3528 2877 3619 2914 σου
3665 2860 3696 2927 ἠ
3736 2873 3820 2925 ση-

2264 2953 2463 3017 πεδὼν,
2492 2955 2524 3020 ἡ
2557 2952 2666 3006 τῶν
2697 2953 2871 3008 ἄλλων
2903 2954 3187 3023 ἁπτομένη
3223 2953 3364 3019 μετά
3399 2953 3628 3008 θάνατον
3656 2966 3670 2982 ⁸
3695 2949 3821 3020 μᾶλ-

2263 3043 2354 3097 λον
2379 3043 2436 3097 δὲ
2470 3045 2623 3106 πνεῖς
2662 3042 2859 3107 εὐῶδες
2879 3041 2956 3106 ὡς
2988 3043 3372 3107 θεόπνευστος.

2330 3220 2608 3291 η’.Λόγχῃ
2672 3221 2902 3290 νυγέντα
2950 3223 3042 3276 τὸν
3094 3221 3365 3293 ζωοδότην
3409 3225 3442 3293 ἡ
3495 3221 3818 3293 θεωρήσασα,

2262 3311 2358 3364 καὶ
2392 3313 2638 3382 ῥομφαίᾳ
2675 3311 2775 3380 τῆς
2805 3312 2981 3379 λύπης
3001 3311 3328 3375 διελαθεῖσα,
3367 3314 3467 3367 σὺν
3496 3312 3824 3383 λογχευθέντι

2261 3403 2504 3458 λαλοῢσα
2551 3405 2848 3475 Δημητρίῳ
2905 3404 3048 3476 ὑπὲρ
3115 3406 3370 3472 ἄνακτος,
3415 3407 3614 3477 λόγχην
3669 3402 3822 3458 αὐτοῦ

2262 3496 2515 3566 καρδίαις
2541 3497 2750 3566 ἐχθρῶν
2791 3497 3058 3566 ἔμπηξον.

2333 3591 2492 3642 man
2525 3590 2601 3646 Δ’.
2635 3591 3010 3659 Εἱσακήκία,
3045 3591 3242 3658 Κύριε.

2337 3682 2401 3738 θ’.
2447 3684 2537 3747 Ὠς
2565 3684 2895 3754 πχράδεισον
2933 3682 3204 3752 βλέπομεν
3245 3682 3408 3735 ἄλλον
3440 3682 3532 3736 τὴν
3563 3679 3687 3735 ναόν
3718 3695 3822 3741 σου,

2268 3779 2477 3850 μάρτυς
2512 3779 2819 3846 Δημήτριε,
2850 3767 2913 3829 οὗ
2948 3777 3098 3845 πηγὴ
3154 3773 3344 3844 μύρων
3396 3774 3724 3847 ἐκτρέχουσα
3772 3769 3826 3823 τὸ

2264 3871 2360 3938 τῆς
2395 3870 2497 3937 γῆς
2525 3869 2730 3933 ποτίζει
2761 3869 2906 3923 ἅπαν
2933 3868 3242 3937 πρόσωπον.

2341 3956 2392 4011 ι’.
2427 3957 2582 4024 Φωνὴ
2615 3959 2873 4027 αἵματος,
2905 3957 3052 4024 ἅγιε,
3088 3957 3190 4026 τῆς
3251 3958 3351 4027 σῆς
3385 3957 3691 4029 μαρτυρέας
3738 3951 3827 4023 βοᾷ

2266 4051 2401 4121 πρὸς
2435 4050 2661 4119 Κύριον.
2687 4051 2760 4103 Οὐ
2783 4049 2892 4119 γὰρ
2921 4051 3198 4103 πέπαυται
3225 4049 3590 4120 πλημύρουσα
3616 4050 3692 4112 εἰς
3719 4047 3826 4100 ἀει-

2268 4139 2436 4204 ζωῖας
2469 4157 2561 4192 σου
2593 4140 2918 4210 μαρτύριον.
2997 4147 3004 4154 ”

2342 4231 2434 4288 ια’.
2480 4233 2572 4295 Εἰς
2625 4231 2762 4284 Θεοῦ
2793 4231 2936 4284 θεῖον
2981 4233 3145 4300 ἄρτον
3171 4248 3252 4294 σε,
3287 4231 3440 4284 δεῦτε
3487 4233 3536 4284 οἱ
3580 4228 3824 4300 μισόθεοι,

2270 4321 2402 4388 ξύλα
2428 4321 2701 4392 βάλωμεν.
2725 4321 2806 4374 Τὰ
2843 4321 2940 4388 τῆς
2998 4321 3200 4390 λόγχης
3233 4321 3668 4392 ἀνεκραύγαζον,
3710 4316 3828 4389 θρύο

2267 4415 2365 4486 ψαι
2397 4414 2453 4468 δέ
2483 4431 2563 4478 σε,
2601 4413 2829 4482 μάρτυς,
2867 4414 2966 4466 οὐκ
2999 4413 3312 4484 ὲξίσχυσαν.

669 4506 755 4562 ιε.
788 4506 920 4572 Quze
943 4503 1053 4559 Deo
1077 4475 1242 4559 carne
1265 4513 1553 4574 purpurata
1585 4514 1689 4572 est,
1717 4521 1954 4576 purpura
1984 4515 2159 4562 ortum

2283 4475 2294 4486 ’
2343 4508 2430 4576 ιβ’.
2465 4505 2524 4560 Ἦ
2748 4475 3164 4576 πορφυρώσασα
3201 4511 3404 4577 σάρκα,
3462 4503 3827 4578 πορφυρόὸλαο

591 4600 894 4672 principem
928 4605 1172 4652 nostrum
1204 4605 1426 4666 protege
1477 4597 1734 4666 martyris
1767 4599 2040 4667 precibus,
2071 4599 2164 4669 qui

591 4699 837 4745 mortuus
871 4701 1084 4756 semper
1110 4685 1376 4754 sanguine
1406 4697 1697 4755 purpurat.

659 4781 794 4838 ODE
816 4778 876 4834 V.
908 4777 951 4836 0
971 4789 1048 4832 ter
1080 4775 1283 4833 beatum
1310 4778 1531 4848 lignum.

665 4876 753 4930 43.
773 4875 816 4930 Ο
834 4885 914 4927 ter
927 4873 1099 4928 beata:
1121 4872 1346 4939 lancem,
1373 4873 1570 4941 quibus
1609 4873 1941 4929 transfossus
1961 4887 2168 4948 martyr

599 4969 874 5026 diabolum
918 4965 1248 5031 transfodiit,
1284 4967 1480 5035 quibus
1507 4966 1679 5022 effuso
1708 4968 2004 5024 abundanti
2039 4986 2170 5025 san-

595 5061 882 5135 guine,qui
913 5061 1182 5131 sanguine
1201 5059 1355 5114 laetus
1377 5059 1614 5120 vivebat,
1648 5058 1898 5116 ﬂebiliter
1915 5077 2165 5117 consum-

597 5168 778 5213 matus
814 5163 898 5211 est
928 5163 1206 5219 mortuus;
1235 5153 1391 5208 beata
1426 5167 1556 5207 vero
1587 5156 1807 5209 nomine
1855 5155 2168 5210 Christiano

593 5253 778 5307 detata
813 5247 924 5301 vita
950 5247 1210 5301 reveruit.

668 5343 755 5397 14.
793 5338 959 5406 Signo
1021 5339 1254 5408 desuper
1300 5337 1481 5394 divino
1531 5339 1799 5409 propheta
1833 5339 1959 5394 olim
1994 5341 2169 5397 eleva-

594 5443 702 5496 tus,
728 5432 990 5488 allevatus
1011 5439 1094 5487 est
1115 5430 1168 5485 in
1202 5443 1349 5485 aera.
1387 5429 1546 5495 Ettu,
1579 5432 1805 5500 optime,
1834 5433 2167 5502 captivorum

594 5523 866 5593 myriades
892 5537 921 5576 a
942 5531 1082 5576 terra
1107 5521 1376 5588 aulers,et
1401 5524 1579 5577 salvas
1599 5539 1626 5576 a
1648 5523 1894 5591 gentibus
1914 5525 2170 5579 receden-

595 5614 761 5678 tibus,
793 5610 1124 5682 equitantem
1159 5629 1186 5665 a
1224 5623 1272 5666 te
1303 5612 1533 5668 salutem
1567 5613 1883 5670 ostendens.

668 5705 756 5760 15.
793 5703 1073 5773 Tanquam
1103 5704 1284 5775 abySsi
1334 5705 1487 5758 radix
1521 5714 1720 5760 terram
1761 5707 1958 5760 retinet
1985 5706 2162 5775 ﬁrma,

596 5797 947 5869 supposita...
974 5807 1141 5865 tuam,
1165 5797 1245 5854 sic
1277 5796 1476 5853 retinet
1512 5797 1698 5854 urbem
1724 5799 1881 5854 istam
1914 5815 2158 5869 unguen-

2271 4617 2394 4654 στον
2420 4601 2452 4669 ἡ
2463 4599 2578 4668 μῶν
2609 4598 2819 4652 ἄνακτα
2854 4601 3026 4653 σκέπε
3060 4599 3335 4670 μάρτυρος
3367 4600 3642 4671 δεήσεσιν,
3667 4599 3721 4662 ὃς
3746 4597 3830 4650 θα-

2267 4689 2374 4744 νὼν
2402 4689 2670 4760 πορφύρει
2708 4690 2794 4742 ἀεὶ
2833 4689 3083 4758 αἵμασιν.

2339 4783 2498 4836 ΩΙΔΗ
2523 4782 2597 4835 E'.
2627 4777 2702 4834 ’Ὦ
2729 4780 3242 4850 τρισμακάριστον
3272 4782 3488 4844 ξύλον.

2341 4874 2429 4944 ιγ’.
2465 4872 2532 4926 Ὠ
2559 4874 3021 4945 τρισμακάριστοι
3051 4874 3260 4944 λῦγχαι,
3293 4874 3384 4943 ὑφ’
3429 4869 3504 4928 ὧν
3555 4875 3583 4927 ὁ
3633 4869 3832 4942 μάρτυς

2266 4967 2519 5035 τρωθεὶς,
2560 4966 2650 5018 τὸν
2678 4965 2911 5035 πονηρὴν
2958 4967 3294 5034 κατέτρωσε,
3351 4966 3419 5018 δι’
3469 4959 3546 5020 ὧν
3607 4965 3832 5033 αἵματος
3887 5020 3893 5027 ε

2268 5060 2520 5131 χυθέντος
2542 5057 2902 5129 πολυρρύτου,
2957 5059 2983 5108 ὁ
3017 5059 3076 5110 ὲν
3117 5058 3315 5127 αἵμασι
3354 5057 3579 5128 τρυφῶν
3615 5054 3832 5122 ὀἰκτρὸς

2268 5147 2603 5220 ἀπετελέσθη
2639 5147 2851 5218 νεκρὸς,
2890 5146 3291 5218 χριστωνύμοις
3339 5149 3394 5201 δὲ
3427 5149 3626 5214 εύζωῒα
3651 5142 3832 5201 ἀνατέ-

2271 5241 2454 5312 θηλεν.

2341 5335 2426 5391 ιδ’.
2463 5331 2714 5402 Νεύματι
2760 5331 2971 5387 ἄνωθεν
2999 5333 3130 5406 θείῳ
3161 5337 3448 5408 προφήτης
3483 5336 3626 5409 ἤρθη
3683 5330 3831 5392 ποτὲ,

2269 5424 2618 5497 ἐλαφρισθεὶς
2636 5425 2840 5496 ἀέριος.
2894 5425 3000 5478 Καὶ
3044 5426 3132 5493 σὺ,
3169 5426 3381 5498 ἄριστε,
3447 5426 3676 5498 μυρίους
3717 5423 3830 5490 αἰχ-

2273 5518 2554 5590 μαλώτους
2593 5517 2928 5588 ἀναρπέιζεις
2977 5518 3084 5570 ἀπὸ
3110 5519 3214 5587 γῆς
3245 5521 3337 5572 καὶ
3383 5521 3486 5588 ῥύῃ
3521 5501 3828 5584 ἁπαγὸντων

2270 5610 2461 5672 ἐθνῶν,
2495 5610 2760 5662 ἱππασίαν
2797 5625 2890 5661 σου
2933 5610 3206 5676 σωτηρίαν
3233 5610 3629 5679 ἐνδειξάμενος.

2345 5702 2427 5756 ιε’.
2455 5702 2666 5773 Ὥσπερ
2697 5701 2934 5755 ἀϐύσσου
2961 5703 2992 5771 ὴ
3023 5701 3146 5771 ῥίζα
3187 5702 3286 5773 τὴν
3318 5705 3420 5772 γῆν
3445 5701 3625 5768 ἀνέχει
3684 5692 3832 5756 στεῤ’
3864 5719 3866 5722 '

2273 5797 2384 5866 ρὸς,
2423 5794 2746 5863 ὑποϐληθείς
2777 5795 2832 5848 ﬁs
2866 5835 2880 5850 .
2917 5835 2931 5850 .
2985 5795 3102 5866 σὴν,
3155 5795 3327 5860 οὕτως
3370 5794 3624 5863 ύπανὲχει
3687 5787 3833 5840 πόλιν
