4048 6422
242 392 338 454 1τῦ

1311 374 1879 437 INVOCATIONES
1919 375 1979 436 S.
2024 369 2428 434 DEMETRII.

3390 359 3493 424 166

241 502 491 572 ταότηνὴ
533 499 641 553 τῶν
679 496 875 569 μύρων
899 493 1127 566 προχοὴ,
1157 491 1400 546 ἀϐύσσου
1427 531 1440 547 .
1477 530 1490 544 .
1522 487 1813 560 βλύζουσα.
1848 494 1867 546 1

1969 504 2101 543 trum
2142 502 2259 551 vas,
2282 484 2531 556 abyssi...
2559 480 2812 537 fundens.
2844 477 3035 550 Itaque
3067 472 3262 531 salutis
3298 472 3497 530 funda-

243 598 327 650 Διί
353 594 620 664 θέμεθλον
653 589 933 662 σωτηρίας
961 585 1265 656 ἐξευρίσκει
1294 600 1379 636 σε.

313 686 407 752 ις’,
445 725 460 740 ,
486 726 503 741 ,
530 684 717 757 δόξης,
768 680 992 748 ὑψίστου
1031 678 1204 745 σκηνὴ
1250 673 1389 729 Θεοῦ
1444 673 1672 744 ἀληθὴς,
1724 674 1819 745 ἦν·

1920 592 2158 638 mentum
2187 590 2240 636 te
2269 577 2492 633 invenit.

1990 674 2149 730 16....
2176 671 2381 739 gloriae,
2422 667 2675 724 altissimi
2705 663 3116 721 tabernaculum
3150 659 3247 717 Dei
3279 672 3498 725 verum,

247 796 349 848 περ
381 777 583 844 κοσμεῖ
639 753 701 825 τὸ
737 771 992 824 κόκκινον
1048 764 1186 820 Θεοῦ
1238 764 1502 833 σκήνωμα
1550 762 1821 830 βασίλειον

1969 769 2063 823 uod
2096 767 2324 821 adornat
2354 762 2668 818 coccineum
2702 758 2795 813 Dei
2816 756 3109 825 tentorium
3145 753 3311 824 regali
3339 766 3500 821 pom-

246 845 386 939 ῠπερ
406 866 604 922 κλάδου
645 863 746 933 τῆς
781 860 1069 929 πορφύρας
1092 855 1351 916 εὐθαλοῦς
1378 871 1392 886 ’
1436 855 1659 925 δεήθητι
1723 855 1824 907 σὺν

1969 876 1993 915 a
2045 873 2208 928 super
2270 871 2481 912 ramum
2538 866 2792 925 purpura:
2843 849 3303 910 frondescentem,
3333 845 3507 915 ligare

252 962 516 1032 μάρτυρι,
547 951 609 1011 οὗ
647 954 711 1007 τὸ
764 952 1020 1006 κόκκινον
1075 949 1188 1003 τῶν
1237 948 1488 1018 αἱμάτων
1527 948 1676 1010 ναοῖς
1734 945 1827 999 κό-

1969 952 2339 1021 ιιιηίιιυτιγτε,
2389 947 2545 1018 cujus
2588 944 2868 1019 sanguinis
2910 942 3228 998 coccineum
3287 935 3507 1008 templis

250 1067 468 1122 σμημαο

318 1141 477 1194 ΩῙΔΗ
512 1142 604 1207 ς’.
634 1135 855 1193 Νοτίου
886 1132 1089 1202 θηρός.

322 1232 415 1298 ιζ’.
441 1233 613 1285 Χύσει
637 1230 748 1282 τῶν
776 1227 886 1279 σῶν
924 1225 1176 1295 αἱμάτων
1217 1220 1427 1292 λουτρῷ
1465 1237 1525 1273 σε
1565 1212 1831 1290 καθειργὲ

1929 1051 2334 1101 ornamentum.

1939 1160 1948 1169 ’
2003 1134 2141 1192 ODE
2173 1132 2266 1189 Vl.
2305 1131 2620 1187 Meridiana:
2661 1130 2867 1186 bellum.

2005 1229 2091 1285 ΓΙ.
2122 1228 2181 1282 In
2214 1225 2480 1281 eﬁ‘usione
2511 1223 2834 1294 sanguinqu
2867 1229 3081 1276 tuorum
3119 1214 3422 1272 balneariis
3457 1222 3512 1266 te

256 1328 420 1398 μένον
465 1323 671 1395 νοερῶς
724 1321 974 1387 ἔλουσαν,
1036 1317 1272 1389 μάρτυς.
1330 1314 1413 1367 Τὰ
1467 1314 1523 1369 δὲ
1579 1313 1713 1382 ξύλα
1773 1315 1833 1369 αἱ

1969 1321 2322 1377 ircnmfusum
2356 1316 2710 1388 spiritualiter
2755 1315 3025 1377 laverunt,
3073 1318 3304 1379 martyr.
3344 1305 3513 1375 Ligna

253 1420 451 1488 λόγχαι
476 1419 566 1470 τὸν
591 1419 648 1468 ὲν
676 1413 797 1484 Θεῷ
824 1430 918 1465 σου
941 1409 1147 1480 θερμὸν
1182 1408 1348 1461 πόθον
1368 1407 1680 1475 ἐξέκαυσαν
1707 1422 1838 1475 σφο-

1974 1427 2115 1470 utem
2157 1414 2359 1470 lancem
2392 1421 2539 1467 tuum
2570 1411 2623 1465 in
2657 1410 2766 1464 Deo
2818 1407 3019 1459 ardens
3045 1402 3383 1458 desiderium
3411 1412 3512 1452 ve-

254 1512 423 1582 δρῶς.
463 1510 575 1576 Τῆς
617 1508 671 1560 δὲ
715 1503 1048 1575 καθείρξεως
1075 1501 1367 1573 ἠζόφωσις
1417 1499 1513 1553 καὶ
1576 1497 1839 1568 στενοχώ-

1941 1511 2226 1565 trementer
2253 1501 2674 1561 succenderunt.
2708 1495 2964 1553 Carceris
2996 1506 3124 1547 vero
3176 1489 3413 1545 tenebrae
3462 1496 3517 1541 et

260 1621 423 1674 ρησις
457 1602 759 1671 φωσφορεϊ,
795 1598 893 1651 καὶ
924 1597 1003 1661 είς
1026 1595 1226 1657 πλάτος
1259 1594 1406 1664 ζωῆς
1436 1593 1626 1663 ὁδηγεῖ
1656 1593 1753 1662 τῆς
1778 1593 1838 1646 ὲν

1969 1600 2202 1672 ngustiaa
2235 1595 2443 1653 lumine
2488 1593 2783 1654 illustrant,
2807 1596 2861 1644 et
2911 1588 2962 1642 in
2990 1584 3181 1654 spatiis
3231 1583 3353 1637 vitae
3400 1595 3519 1650 quae

260 1698 383 1767 Θεῷ
416 1696 674 1765 ζωοδότῃ,
698 1691 781 1764 τῷ
819 1693 1028 1763 κόσμον
1061 1689 1379 1760 φωτίζοντι.

1944 1695 2053 1749 Deo
2082 1694 2245 1747 dante
2277 1690 2645 1755 mundumque
2701 1680 3044 1738 illuminante
3095 1676 3236 1741 ﬁuit,
3260 1673 3519 1729 ducatum

1945 1786 2209 1857 praebent.

329 1871 421 1944 ιη’.
457 1871 731 1943 Σκορπίου
759 1874 952 1938 φανεὶς
984 1871 1043 1925 ὲν
1072 1869 1255 1924 είδειδ
1276 1869 1498 1941 βρέμων
1546 1868 1843 1939 φρικαλέον

2018 1877 2107 1932 18.
2151 1871 2475 1944 Scorpionis
2520 1869 2666 1925 visus
2707 1869 2760 1921 in
2816 1865 2984 1934 ﬁgura
3029 1861 3271 1918 fremens
3301 1855 3524 1913 horride

261 1964 532 2035 πονηρὸς,
585 1963 865 2033 χείριστος
915 1961 1156 2031 δράκων,
1189 1959 1584 2030 ταπεινότητος
1641 1959 1846 2028 δεῖγμα

1969 1969 2143 2031 nalus.
2178 1967 2448 2037 pessimus
2483 1963 2670 2027 draco,
2701 1956 3019 2028 abjcctionis
3045 1952 3352 2022 exemplum
3379 1964 3520 2018 pm-

264 2056 723 2113 καθυπεδείκνυε.
773 2054 893 2127 Θὴρ
920 2055 1028 2125 γὰρ
1057 2056 1087 2108 6
1109 2054 1343 2125 μέγιστα
1398 2053 1586 2121 φυσῶν
1647 2068 1845 2123 μικρο-

267 2150 572 2223 φυέστερον
609 2149 852 2220 Θηρίδιον
887 2147 1270 2210 ὲπενεδύσατο,
1297 2144 1505 2217 ἀδρανῆ
1539 2143 1850 2215 παριστῶν-

1947 2063 2083 2117 imit.
2112 2058 2296 2114 Bellua
2316 2056 2460 2112 enim
2488 2052 2724 2109 maxima
2761 2051 3009 2120 aspirans
3032 2045 3242 2100 minimi
3271 2041 3524 2098 animalis

1949 2154 2118 2223 ﬁgura
2150 2166 2208 2206 se
2232 2147 2405 2203 induit
2434 2134 2667 2199 debilem
2692 2144 2703 2161 '
2724 2141 2873 2196 illam
2907 2139 3168 2192 reddente
3233 2133 3364 2189 Deo.
3394 2131 3440 2188 A
3473 2141 3525 2187 te

265 2259 357 2306 τος
382 2242 548 2295 αὐτὸν
582 2240 677 2294 τοῦ
725 2238 887 2295 Θεοῦ.
950 2236 1337 2309 Συμπατηθεὶς
1389 2234 1482 2291 οὖν
1537 2252 1619 2289 σοι
1657 2237 1849 2289 πίπτει

1969 2259 2077 2315 :rgo
2106 2239 2424 2299 conculcata
2452 2232 2792 2293 caditcrucis
2824 2232 2999 2298 signo.

270 2333 515 2404 σταυροῦ
539 2334 615 2402 τῷ
648 2328 967 2401 τυπώματι.
1206 2370 1221 2381 .

346 2422 435 2478 ιθ’.
499 2424 589 2487 Ὧς
612 2423 740 2494 όρος
770 2421 913 2477 Σιὼν
935 2422 964 2475 6
996 2421 1226 2491 μάρτυς.
1258 2419 1379 2491 Θεῷ
1415 2420 1524 2490 γὰρ
1575 2419 1852 2485 πεποιθὼς

270 2510 343 2585 ἦν
363 2515 654 2586 ψαλμικῶς
675 2515 754 2586 τῷ
783 2513 1046 2585 οὐρανίῳ,
1078 2513 1396 2583 ψυχοτρόφα
1423 2511 1567 2581 φυτὰ
1596 2514 1717 2579 μὲν,
1753 2513 1853 2575 τὰς

274 2608 501 2679 ἀρετὰς,
534 2607 793 2677 ἐνεγκὼν,
820 2607 1010 2679 ὥσπερ
1031 2606 1292 2675 ναμάτων
1324 2605 1380 2659 δὲ
1418 2605 1600 2676 πηγὰς
1656 2603 1854 2668 ἐξανα-

275 2700 485 2754 τέλλων
512 2699 612 2770 τὴν
637 2700 732 2753 τοῦ
773 2699 1007 2769 αἵματος
1054 2698 1151 2752 καὶ
1197 2696 1375 2767 μύρου
1435 2696 1715 2762 ἔκὸλυσιν,
1772 2697 1854 2759 είς

276 2792 522 2862 πνιγμὸν
555 2792 654 2862 μὲν
686 2792 980 2861 δαιμόνων,
1012 2790 1210 2854 παντὸς
1234 2790 1292 2843 δὲ
1324 2788 1456 2844 λαοῦ
1491 2788 1584 2843 τοῦ
1614 2805 1857 2858 χριστωο

278 2884 453 2954 νύμου
490 2885 696 2952 ὑγείαν,
724 2883 914 2953 ψυχῶν
941 2900 1000 2937 τε
1025 2883 1299 2953 πιότητος.

362 2974 433 3031 κ’.
474 2976 761 3044 Ὀφείλεις,
790 2973 998 3045 Κυρίου
1025 2974 1216 3044 μῆτερ,
1239 2972 1480 3044 χαρίτων
1503 2973 1859 3043 ἀνταπόδομα

280 3070 363 3138 τῷ
388 3070 466 3140 σῷ
497 3070 699 3140 κήρυκι
724 3070 934 3138 νέμειν,
984 3067 1081 3122 τοῦ
1115 3066 1249 3120 Υἱοῦ
1277 3067 1373 3119 καὶ
1401 3066 1539 3119 Θεοῦ
1574 3085 1669 3121 σου
1696 3068 1859 3139 χάριν

2025 2416 2109 2472 19.
2131 2413 2278 2470 Sicut
2312 2426 2470 2466 mons
2496 2408 2624 2463 Sion
2647 2412 2872 2474 martyr.
2898 2402 3033 2458 Nam
3065 2402 3360 2457 secundum
3385 2397 3530 2467 psal-

1955 2526 2099 2566 mum
2126 2509 2179 2563 in
2204 2509 2314 2563 Deo
2344 2501 2550 2560 cmlesti
2585 2498 2918 2562 conﬁdebat,
2963 2495 3158 2551 animae
3184 2492 3378 2565 pabula
3406 2494 3532 2562 qui-

1954 2605 2079 2659 dem
2112 2601 2381 2671 germina,
2419 2597 2673 2658 virtutes,
2703 2602 2965 2663 portans;
3019 2596 3080 2644 ut
3109 2600 3372 2658 aquarum
3397 2601 3530 2640 vero

1956 2693 2316 2762 scaturigines
2373 2687 2709 2759 prol'undens
2760 2681 3039 2753 sanguinis
3066 2688 3123 2736 et
3153 2676 3418 2750 unguenti
3446 2677 3528 2731 ri—

1954 2803 2105 2849 vum,
2152 2787 2206 2840 in
2244 2776 3015 2839 dmmonum”suﬁ‘ocationem,
3059 2772 3237 2828 omnis
3263 2785 3394 2826 vero
3426 2784 3528 2840 po»

1957 2879 2068 2952 puli
2091 2875 2384 2934 Christiani
2425 2871 2747 2933 sanitatem,-
2773 2867 3185 2935 animarumque
3205 2864 3532 2919 satietatem.

2029 2973 2121 3029 20.
2160 2970 2356 3035 Debes,
2407 2965 2616 3021 Domini
2645 2975 2839 3025 mater,
2874 2959 3168 3031 gratiarum
3219 2956 3539 3011 retributiov

1961 3080 2084 3121 nem
2131 3060 2368 3134 praeconi
2403 3067 2495 3113 tuo
2525 3056 2727 3127 largiri,
2764 3053 2857 3123 qui
2906 3065 3006 3123 pro
3040 3049 3178 3106 Filio
3212 3056 3266 3104 et
3304 3049 3415 3105 Deo
3447 3059 3537 3102 tuo

285 3139 505 3232 θεμένῳ
562 3139 763 3231 ψυχήν.
836 3159 1002 3214 Ὅθεν
1068 3158 1426 3231 πρεσϐεύοντι
1491 3159 1641 3230 αὑτῷ
1719 3162 1860 3231 ὑπὲρ

1969 3158 2196 3212 animam
2228 3153 2428 3226 posuit.
2464 3151 2648 3221 Itaque
2700 3147 2824 3201 dum
2855 3143 3121 3214 legatione
3163 3139 3407 3210 iungitur
3442 3153 3539 3208 pro

262 3256 648 3325 ,τρισάνακτος
664 3252 1051 3323 συμπρέσϐευε
1094 3250 1587 3321 βαρϐαρολέτειραν
1614 3254 1735 3306 κατ’
1769 3255 1864 3325 έχ-

285 3349 438 3418 θρῶν
476 3346 805 3401 ἀπευθύνειν
829 3344 1035 3416 αἰχμὴν
1065 3343 1164 3416 τὴν
1187 3343 1374 3409 αὑτοῦ,
1418 3344 1514 3398 καὶ
1574 3346 1867 3417 είρηναίας

285 3439 505 3510 ἡμέρας
528 3438 661 3506 ἡμῖν
690 3434 1107 3504 ἑναυγάζεσθαι.

360 3529 522 3582 ΩΙΔΗ
543 3528 618 3581 Z'.
649 3529 905 3581 Ἔκνοον
924 3529 1303 3598 πρόσταγμα.

359 3626 474 3673 κα’.
535 3619 758 3673 Ἐκειτο
801 3619 1041 3688 γέλωτος
1094 3618 1293 3683 Λυαῖος
1330 3617 1585 3690 ὑποσχὼν
1645 3619 1868 3690 τραῦμα

289 3710 541 3777 ἐπάξιον,
586 3711 779 3764 πίπτει
804 3710 863 3762 δὲ
900 3710 1130 3778 σφαγεὶς
1174 3711 1234 3763 ἐν
1296 3711 1575 3782 μαρτυρίᾳ
1633 3709 1873 3778 θεοφιλεῖ

288 3805 549 3876 Νέστωρ,
575 3804 605 3858 6
631 3803 804 3874 μέγας
826 3803 921 3857 καὶ
953 3802 982 3856 6
1016 3801 1355 3874 ὑμνούμενος
1387 3819 1402 3834 ο
1434 3803 1528 3858 καὶ
1560 3798 1629 3875 ἦν
1656 3802 1735 3872 τῷ
1778 3819 1873 3855 τυ-

292 3896 477 3968 ράννῳ
516 3895 689 3965 θυμοῦ
713 3893 967 3964 αὔξησις.
997 3893 1109 3949 Καὶ
1137 3893 1246 3964 γὰρ
1279 3895 1502 3960 ἐνενόει,
1532 3892 1609 3957 ὡς
1661 3894 1690 3947 6
1746 3892 1872 3945 τού-

290 4006 409 4042 των
437 3988 668 4051 θάνατος
689 3988 877 4056 νεκροῖ
917 3984 1017 4054 μὲν
1058 3985 1187 4050 τοὺς
1228 3988 1558 4057 ἀλάστορας.
1614 3983 1759 4058 ζωὴν
1813 3985 1872 4040 δὲ

290 4082 485 4135 δίδωσι
519 4081 633 4143 τοῖς
663 4078 830 4148 βοῶσι
859 4077 1088 4140 πιστῶς’
1124 4077 1248 4144 Θεὲ,
1278 4077 1572 4149 εὐλογητὸς
1588 4072 1658 4132 εἴ.

367 4172 476 4242 κβ¹.
507 4173 714 4242 Βότρυς
742 4171 817 4231 ὡς
846 4170 1112 4238 πέπειρος
1167 4168 1420 4239 ἀμπέλου
1473 4169 1671 4239 νοητῆς
1723 4168 1872 4239 ληνῷ

294 4264 635 4333 καθείρξεως
667 4263 761 4334 βία
800 4260 1063 4325 ἐντεθεὶς,
1098 4259 1194 4314 καὶ
1241 4258 1595 4330 λογχοφόροις
1642 4275 1877 4327 συμπιε-

296 4359 481 4424 σθεὶς,
538 4356 769 4426 γλεῦκος
822 4354 1120 4426 προῤῥέεις
1159 4355 1222 4410 τὸ
1282 4352 1705 4424 θεοπρόσδεκτον
1734 4393 1750 4417 ,
1793 4354 1878 4407 αἱ·

298 4452 494 4523 μάτων
528 4449 700 4517 ἀγίων
732 4448 821 4502 ἀεὶ
843 4448 1050 4518 ἄσχετα
1077 4445 1552 4511 ἑξαναὸλυζόντων
1597 4445 1678 4509 είς
1743 4461 1878 4516 καρ-

1969 3263 2182 3307 summo
2279 3245 2541 3316 principe,
2645 3238 2840 3296 assiste
2906 3236 2957 3291 ei
3047 3234 3101 3288 in
3175 3232 3536 3287 Barbarorum

1969 3339 2234 3397 deletrice
2263 3336 2379 3392 acie
2424 3349 2521 3390 sua
2554 3331 2818 3387 adversus
2857 3328 3043 3381 hostes
3083 3321 3391 3394 dirigenda,
3432 3334 3540 3390 qua

1969 3431 2207 3503 paciﬁcre
2230 3428 2345 3483 dies
2377 3426 2530 3481 nobis
2552 3423 2900 3478 illucesrant.
3488 3416 3491 3419 '

2039 3523 2175 3581 ODE
2195 3520 2311 3576 VII.
2336 3518 2601 3583 [nsipiens
2630 3513 2961 3569 mandatum.

2036 3617 2128 3671 2|.
2148 3613 2375 3670 Iacebat
2396 3610 2513 3666 visu
2533 3608 2724 3679 Lyaeus
2771 3602 3040 3660 suﬁ‘erens
3071 3601 3266 3658 vulnus
3296 3600 3540 3670 dignun;

1974 3705 2113 3764 cadit
2146 3713 2327 3760 autem
2363 3709 2629 3757 mactatus
2672 3700 2726 3754 in
2786 3695 3050 3768 martyrio
3099 3694 3191 3748 Dei
3235 3702 3391 3763 grato
3439 3689 3547 3744 Nc-

1977 3807 2123 3864 stor,
2142 3807 2372 3865 magnus
2394 3799 2449 3848 et
2472 3789 2699 3846 illustris
2716 3788 2838 3853 ille;
2880 3795 2936 3841 et
2956 3794 3320 3857 erattyranno
3343 3796 3545 3837 exean-

1974 3889 2201 3946 descens
2231 3889 2332 3943 ira.
2365 3881 2701 3953 lntelligebat
2735 3879 2878 3936 enim
2928 3878 3120 3931 horum
3156 3882 3382 3929 mortem
3413 3886 3548 3927 ene-

1973 3995 2099 4041 care
2122 3983 2501 4041 destructores,
2518 3972 2683 4028 vitam
2705 3984 2835 4027 vero
2860 3970 2988 4026 dare
3017 3966 3246 4023 ﬁdeliter
3267 3963 3551 4021 clamanti-

1974 4076 2111 4132 bus:
2137 4069 2302 4135 Deus,
2333 4067 2409 4123 sis
2438 4064 2774 4121 benedictus.

2041 4164 2136 4219 22.
2162 4162 2235 4219 Ut
2257 4174 2361 4216 uva
2388 4165 2602 4212 matura
2632 4154 2806 4209 vineae
2836 4147 3141 4222 spiritualis
3173 4145 3433 4203 torculari
3460 4144 3548 4200 in-

1975 4256 2347 4314 carceratione
2374 4249 2619 4305 inclusus
2640 4255 2695 4303 et
2724 4259 2758 4301 a
2792 4242 3052 4315 lanigeris
3089 4254 3340 4311 pressus,
3370 4245 3550 4292 musto

1979 4362 2168 4404 manas
2196 4344 2306 4401 Deo
2333 4349 2604 4414 pergrata,
2629 4336 2894 4407 sanguine
2917 4339 3109 4390 sancto
3133 4330 3336 4403 iugiter
3365 4338 3553 4386 scatu—

1981 4437 2137 4492 rienti
2171 4438 2222 4491 in
2246 4432 2488 4489 cordium
2514 4428 2848 4488 dulcedinem
2869 4440 3135 4483 amoenam
3161 4422 3551 4495 psallentibns:

295 4546 419 4610 δίας
443 4543 665 4615 ἥδυσμα
692 4538 1028 4613 εὐφρόσυνον
1051 4540 1164 4603 τοῖς
1206 4537 1500 4608 ψάλλουσιν
1531 4554 1547 4572 ο
1584 4535 1648 4591 '0
1672 4536 1867 4603 ὑπερύ-

1981 4525 2492 4599 Superexaltandus.

300 4651 536 4706 μνητος.

368 4724 485 4795 κγ’.
547 4723 826 4795 Σύμϐολον
880 4724 1105 4792 γέγονεν
1159 4722 1387 4792 εἱρκτῆς
1448 4720 1549 4792 μὲν
1601 4719 1660 4773 τὸ
1695 4718 1878 4773 στενὸν

296 4819 447 4885 ὁδοῦ,
473 4819 542 4889 ἥν
572 4817 818 4888 ἔτρεψας,
852 4817 1035 4880 πόνοις
1066 4815 1293 4869 σεαυτὸν
1325 4813 1745 4882 ἐναποσφίγγων
1800 4815 1880 4875 είς

299 4911 527 4984 ἀρετήν.
562 4906 805 4976 Αἵματος
838 4906 1016 4978 λοῦμα
1049 4905 1473 4976 καθυπέγραφεν
1495 4903 1625 4958 αὐτὸ
1661 4904 1723 4958 τὸ
1751 4918 1880 4957 συν-

300 5006 431 5073 έχον
469 5000 719 5069 λουτρὸν,
785 4997 1018 5069 μάρτυς,
1052 4997 1137 5051 σέ.
1176 4996 1350 5050 Πάλιν
1378 4994 1435 5049 αί
1467 4995 1717 5064 καμάραι
1783 4992 1878 5045 οὐ·

305 5092 490 5164 ρανῶν
545 5091 822 5163 άψίδωμα,
878 5090 960 5153 είς
1012 5087 1106 5154 οὓς
1135 5088 1354 5159 άνέϐης,
1391 5085 1612 5158 ψάλλων
1639 5082 1874 5139 ἑκεῖοὈ

300 5191 405 5242 {me
413 5187 711 5259 ρύμνητος.

373 5282 493 5336 κδ’.
515 5281 786 5352 Σώτειρα,
804 5278 1077 5352 επρέσϐευε
1106 5276 1249 5348 θεῷ,
1276 5273 1356 5346 τῷ
1383 5271 1474 5327 διὰ
1527 5269 1625 5324 σοῦ
1680 5267 1882 5337 σαρκὸς

303 5376 402 5428 καὶ
430 5373 672 5443 αἵματος
696 5372 860 5443 φύσει
882 5372 949 5442 τῇ
979 5368 1139 5441 ήμῶν
1177 5363 1628 5436 συμμετασχόντι
1673 5359 1885 5429 ἅνθρω-

305 5465 512 5531 πικῶς,
545 5463 722 5519 σῶσαι
769 5462 1081 5533 κρατοῦντα
1124 5457 1416 5529 Ῥωμαίων
1477 5456 1710 5520 ἄνακτα,
1783 5466 1884 5503 σα-

2046 4710 2136 4765 25.
2158 4706 2406 4763 Carceris
2429 4702 2729 4777 symbolum
2750 4698 2894 4756 facta
2915 4706 2998 4753 est
3014 4696 3309 4765 viae,quam
3330 4690 3554 4756 trivisti,

1981 4801 2249 4872 angusria,
2310 4797 2401 4866 qui
2464 4791 2894 4849 aﬁlietationibus
2924 4786 3019 4844 tibi
3054 4787 3155 4857 ipsi
3183 4784 3248 4839 ad
3297 4783 3554 4838 virtutem

1980 4895 2087 4950 vim
2114 4890 2308 4947 fecisti.
2335 4883 2915 4958 Sanguinislavacrum
2938 4874 3259 4946 subscripsit
3282 4874 3460 4946 ipsum
3484 4883 3558 4938 te,

1983 4993 2208 5056 martyr,
2237 4981 2523 5036 continens
2546 4975 2820 5031 balneum.
2845 4971 3069 5040 Insuper
3083 4967 3365 5023 altissimae
3389 4964 3558 5020 οωιο-

1983 5090 2104 5131 rum
2124 5045 2352 5129 camerae
2372 5070 2423 5124 in
2441 5081 2578 5138 quas
2609 5061 2929 5128 ascendisti,
2958 5068 3186 5117 cantans
3224 5056 3303 5115 ibi
3334 5073 3350 5112 :
3383 5045 3556 5112 Valde

1981 5166 2351 5224 celebrandus.

2055 5259 2148 5315 26.
2212 5253 2507 5321 Salvatrix,
2558 5250 2884 5323 legationem
2934 5247 3024 5306 obi
3057 5246 3198 5317 apud
3237 5243 3430 5308 Deum,
3466 5238 3562 5311 qui

1987 5365 2088 5421 per
2132 5360 2352 5405 carnem
2386 5353 2537 5401 tuam
2570 5351 2832 5412 tuumque
2853 5338 3173 5410 sanguinem
3218 5344 3428 5391 naturae
3457 5347 3560 5388 no-

1988 5448 2119 5497 stra:
2140 5438 2389 5493 humanae
2406 5432 2674 5506 particeps
2695 5429 2809 5486 ﬁeri
2827 5445 2933 5486 non
2950 5427 3266 5498 dedignatus
3289 5433 3391 5491 est,
3414 5423 3559 5478 salva

304 5521 605 5631 λευόμενον
632 5556 792 5627 ἡμῶν
812 5521 1008 5619 ἕνεκα,
1026 5550 1124 5606 καὶ
1155 5521 1544 5621 αἱματοχύτοις
1597 5544 1867 5618 βεϐριθότι

1991 5534 2346 5602 imperantem
2401 5524 2770 5582 Romanorum
2801 5521 3125 5595 principem,
3182 5528 3406 5588 propter
3458 5529 3557 5569 nos

1991 5623 2007 5631 -
2337 5628 2347 5631 Α
2557 5617 2592 5631 ,ι
2717 5615 2729 5631 ι
2784 5630 2793 5631 κ
2822 5614 2880 5631 γει
2912 5629 2951 5631 ,_
3016 5610 3408 5631 -_..A-_--!-n.-_.
3472 5605 3554 5631 '1".-

308 5605 1393 5724 τραύμασι.ᾐίξῶίδέ,’μνεγαλομάρτυςί⁸
1411 5605 1711 5709 πρέσϐευε,
1754 5637 1782 5690 6
1831 5635 1867 5687 επ

1988 5623 2248 5695 iactatum
2300 5628 2356 5674 et
2383 5617 2622 5674 eruentis
2642 5614 2956 5672 vulneribus
3006 5610 3435 5668 consauciatum.
3472 5605 3557 5657 Τιι

2582 5717 2749 5724 ,,,._4,
2842 5704 3110 5724 u__-.s-.._
3174 5700 3314 5724 --.ηε
3386 5697 3556 5724 ηιμ-νη

312 5746 425 5808 τοῖς
449 5744 653 5815 αἵμασι
682 5738 783 5796 καὶ
811 5737 1011 5807 σαρκὸς
1036 5736 1155 5800 ταῖς
1188 5733 1429 5803 πληγαῖς
1460 5728 1596 5784 Θεὸν
1660 5726 1863 5797 ὲκθερα

312 5837 547 5902 πεύσις.

1992 5726 2228 5781 quoque.
2297 5724 2491 5781 magne
2546 5717 2775 5778 martyr,
2842 5704 3114 5775 legatione
3174 5700 3314 5768 apud
3386 5697 3558 5752 Deum

1993 5803 2237 5873 fungere,
2257 5803 2345 5875 qui
2376 5803 2639 5873 sanguine
2662 5810 2824 5870 atque
2844 5795 3027 5854 carnis
3061 5792 3235 5865 plagis
3258 5790 3366 5847 Deo
3385 5788 3561 5846 servi‘

1998 5897 2141 5953 visti.
3172 5878 3177 5881 ’
