4048 6452
481 368 579 431 167
1173 357 1586 420 ΕΗΞΤΛΤΠΠ
1616 350 2375 416 TllESS.—\LO.\'ICENSIS
2416 350 2979 412 METROPOLITAZ

2073 467 2124 527 Α
2219 470 2373 523 nun
2408 471 2485 522 [1⁸.
2520 470 2862 538 Εὑλογεῒτε,
2887 468 3119 533 παῖδες.

547 482 681 539 ODE
710 479 844 536 Vill.
886 478 1145 539 Laudato,
1169 477 1338 544 pueri.

549 579 639 632 95.
671 576 746 628 Eo
784 589 975 642 usque,
1016 578 1236 640 martyr,
1269 565 1528 637 prodigiis
1553 565 1769 620 celeber
1805 562 2047 627 evasisti,

479 680 538 725 ut
573 680 627 725 et
654 667 873 722 Barbari
909 664 1002 732 qui
1043 677 1148 715 non
1186 662 1331 715 intra
1354 659 1497 713 ovile
1527 657 1871 711 Dominicum
1898 662 2046 718 sunt,

482 760 863 816 miraculosam
889 758 1139 810 virtutem
1159 762 1304 807 tuam
1324 751 1658 823 proclamcnt
1675 758 1730 804 et
1748 747 2053 817 supplicent

480 869 667 924 pacem
704 860 864 921 perte
909 848 1214 904 obtineant.
1263 845 1356 902 Sic
1384 842 1650 899 mirabilis
1678 850 1792 897 toto
1831 841 1885 897 in
1919 838 2053 896 orbe

482 950 655 1001 lat-tus
685 958 764 998 es.

549 1036 638 1089 26.
668 1034 961 1089 Tormenta
1008 1045 1130 1101 quae
1181 1042 1378 1098 passus
1410 1039 1469 1081 es
1496 1024 1689 1081 ulcisci
1740 1023 2053 1080 omnimode

476 1124 724 1197 potuisti.
747 1123 805 1177 In
829 1135 1052 1177 carcere
1076 1118 1221 1174 enim
1255 1119 1483 1170 miseros
1517 1116 1720 1179 salvas,
1748 1124 1804 1170 ct
1836 1124 2053 1170 catena-

480 1230 602 1271 rum
630 1227 915 1283 compages
936 1217 1265 1282 potestatem
1295 1216 1443 1261 tuam
1459 1206 1760 1261 mirabilem
1789 1207 2051 1271 sentiunt,

478 1316 533 1362 et
560 1306 783 1376 pulvere
808 1305 954 1359 misti
986 1302 1202 1359 cruoris
1234 1301 1432 1356 ﬂuenta
1462 1301 1658 1365 siccas,
1684 1314 1748 1355 ac
1780 1300 1882 1356 tela
1907 1297 2055 1354 fran-

481 1398 562 1469 gis
595 1397 978 1452 Barbarnrum.

552 1489 643 1543 27.
690 1488 1070 1557 Apostolorum
1130 1486 1259 1541 olim
1319 1487 1449 1555 ipsae
1513 1486 1717 1539 untbrae
1769 1482 2054 1539 sanabant.

484 1582 592 1636 Sed
613 1591 666 1635 et
702 1595 846 1634 nunc
878 1579 1067 1635 eadem
1101 1579 1189 1634 hic
1223 1577 1378 1633 ﬁunt.
1422 1577 1556 1632 Nam
1617 1575 2053 1640 innumerabilia,

483 1684 712 1747 martyr,
754 1673 972 1745 perticis
998 1672 1261 1743 prodigia,
1294 1681 1349 1726 et
1398 1674 1449 1726 in
1481 1673 1813 1725 somniorum
1847 1669 2056 1723 umbris

483 1769 658 1831 visus,
684 1766 788 1821 et'a
823 1766 1052 1821 terribili
1080 1764 1402 1821 necessitate
1430 1763 1595 1819 solvis
1619 1777 1869 1817 somnum
1892 1760 2055 1817 lclbi-
2085 1805 2127 1859 Β

484 1859 658 1912 ferum
692 1858 743 1910 in
768 1855 1047 1926 periculis.

550 1948 642 2002 28.
671 1947 801 2002 Βοιιὶ
831 1949 1058 2003 duouna
1086 1944 1331 2013 adducti,
1360 1959 1589 2015 quorum
1621 1943 1676 1999 in
1704 1942 1881 1999 medio
1902 1939 2053 1997 illum

485 2039 854 2093 accusantitlm
890 2037 1044 2093 stetit
1096 2052 1192 2092 rex
1227 2034 1389 2092 Deus.
1424 2035 1638 2107 Repetit
1670 2033 1930 2090 victorias
1958 2031 2054 2088 Dei

485 2131 676 2199 Mater,
706 2140 760 2188 et
799 2139 879 2197 tu,
915 2130 1179 2197 Demetri,
1225 2130 1299 2186 illi
1335 2130 1424 2199 qui
1481 2140 1683 2186 terram
1715 2127 2053 2185 dominatur.

488 2225 667 2281 ιιυιιω
687 2226 830 2281 enim
862 2225 995 2280 tales
1015 2224 1120 2295 ipsi
1149 2222 1387 2293 desuper
1416 2223 1711 2278 dabuntur.

555 2402 690 2459 ODE
724 2400 818 2456 ιχ.
860 2399 967 2467 Qui
997 2417 1088 2469 per
1104 2383 1564 2457 'manducationem
1589 2403 1652 2456 de
1681 2400 1840 2472 ligno.

556 2493 646 2550 ες).
678 2492 827 2549 Felix
856 2508 951 2564 per
971 2493 1254 2548 vulnerum
1288 2495 1475 2548 decem
1500 2495 1688 2559 millia,
1719 2495 1837 2559 tibi,
1874 2495 2054 2559 beate,

483 2597 640 2661 parta
677 2601 824 2642 mors
856 2586 965 2641 Deo
987 2593 1041 2640 te
1068 2584 1261 2642 obtulit
1284 2586 1424 2641 sicut
1447 2583 1916 2656 Serapltimjunum
1938 2587 2057 2657 plu-

485 2683 595 2736 ries
618 2679 916 2734 oculatum.
938 2675 1073 2732 Nam
1099 2676 1330 2733 telorum
1355 2678 1574 2734 vulnera
1612 2679 1780 2734 multa
1806 2680 1898 2735 tibi
1926 2695 2056 2750 ape-

488 2777 719 2826 ruerunt
768 2769 1049 2825 oculorum
1109 2767 1344 2838 fulgidas
1378 2768 1608 2835 orbitas,
1660 2770 1859 2839 quibus
1911 2770 2055 2827 Deus

485 2859 843 2930 conspicitur.

558 2951 649 3006 50.
705 2948 830 3005 Vita
864 2949 960 3005 tibi
1012 2950 1237 3004 omnino
1280 2950 1622 3021 immortalis,
1671 2954 1970 3025 opprobrio
2000 2964 2058 3014 et

488 3042 608 3097 labe
620 3040 770 3096 omni
787 3048 1182 3110 exempta,cum
1202 3040 1312 3099 Deo
1336 3051 1387 3097 te
1403 3042 1664 3113 junxit,et
1682 3051 1743 3099 ut
1760 3046 2055 3117 thymiama

3618 343 3716 409 108

2227 572 2326 619 κε’.
2358 567 2448 618 Ei:
2480 564 2758 629 τοσοῦτον,
2789 564 3018 635 μάρτυς,
3047 563 3110 616 ἐκ
3132 559 3432 628 θαυμάτων
3490 554 3721 619 δεδόξα-

2156 676 2264 715 σαι,
2297 659 2372 717 ὡς
2405 658 2500 710 καὶ
2532 656 2864 727 βαρϐάρους,
2898 656 3067 724 αὐλῆς
3115 654 3217 708 οὐκ
3273 653 3383 706 ἔσω
3413 651 3724 720 θεωνυμου-

2157 755 2327 826 μένης
2367 753 2545 815 ὄντας,
2580 750 2678 820 τὴν
2712 752 2769 804 ὲν
2799 750 2885 804 col.
2905 748 3199 818 κηρύττειν
3225 744 3722 816 θαυματοποίησιν,

2154 849 2248 903 καὶ
2274 844 2590 909 λιτάζεσθαί
2618 860 2699 905 σε,
2732 843 2961 913 εἰρήνην
2986 844 3043 894 ιν
3069 844 3152 894 σοὶ
3211 838 3515 910 εὑρίσκειν.
3567 836 3726 890 Οὕτω

2154 940 2499 1011 τεθαύμασαι
2532 939 2613 1001 εἱς
2638 939 2816 993 πάντα
2845 935 3073 1005 κόσμον.

2224 1033 2338 1098 κς·⁹.
2377 1027 2586 1102 Οἷσπερ
2608 1030 2833 1100 πάσχων
2863 1028 3045 1098 ἔτλης,
3104 1024 3405 1094 ἐπαμύνειν
3441 1020 3728 1091 δεδύνησαι

2156 1126 2214 1179 ἐν
2270 1125 2596 1194 πειρασμοῖς
2659 1120 2953 1183 παντοίοις.
2996 1117 3235 1188 Εἱρκτῆς
3281 1114 3390 1185 γὰρ
3441 1112 3550 1165 ἔσω
3600 1112 3731 1172 τούς

2156 1212 2643 1285 ταλαιπωροῦντας
2687 1210 2909 1276 σώζεις,
2934 1208 3029 1262 καὶ
3054 1207 3271 1278 δεσμῶν
3300 1204 3522 1267 ἀνέσεις
3560 1218 3729 1270 τερα-

2155 1302 2513 1376 τουργοῦνταί
2548 1319 2655 1367 σοι,
2687 1301 2784 1356 καὶ
2801 1299 3241 1369 λυθροφορήτους
3291 1296 3541 1365 αἱμάτων
3600 1292 3730 1365 ῥοάς

2157 1398 2455 1469 ξηραίνεις,
2487 1395 2690 1465 δόρατα
2718 1394 2774 1448 δὲ
2800 1390 3023 1462 θραύιις
3047 1389 3117 1444 τά
3147 1389 3255 1442 τῶν
3285 1387 3606 1458 βαρϐάρων.

2229 1491 2334 1555 κζ’.
2394 1487 2734 1543 ’Λποστόλων
2778 1484 2948 1540 πάλαι
3007 1485 3106 1539 καὶ
3161 1484 3314 1536 σκιαὶ
3369 1482 3733 1551 ἐθεράπευον.

2170 1583 2330 1637 ’Λλλὰ
2368 1585 2462 1636 καὶ
2513 1580 2609 1635 νῦν
2663 1578 2849 1632 ἐνθάδε
2879 1577 3056 1631 ταύτὰ
3107 1577 3412 1630 τελοῦνται.
3482 1576 3735 1644 ’Λπειρο-

2160 1675 2339 1745 πληθῆ
2369 1673 2500 1743 γὰρ,
2545 1672 2780 1742 μάρτυς,
2807 1670 3047 1733 ἐκτελεῖς
3081 1671 3310 1738 σημεῖα,
3344 1666 3441 1719 καὶ
3495 1664 3739 1727 ὀπτανό-

2163 1784 2322 1836 μενος
2365 1768 2423 1818 ὲν
2455 1764 2635 1827 σκιαῖς
2660 1763 2905 1833 ὀνείρων,
2937 1762 3033 1815 καὶ
3082 1760 3231 1824 λύεις
3257 1760 3438 1829 δεινῆς
3485 1757 3738 1827 ἀνάγκης

2157 1859 2321 1914 ὓπνον
2359 1858 2659 1927 θανάσιμον
2687 1858 2800 1919 τοῖς
2824 1858 2882 1907 ἒν
2904 1854 3199 1916 κινδύνοις.

2226 1957 2333 2021 κη’.
2400 1948 2622 2017 Ἀγαθοὶ
2668 1949 2718 2001 οἱ
2782 1947 2875 2000 δύο
2934 1945 3290 2016 συνηγμένοι,
3337 1936 3412 1998 ὧν
3445 1944 3738 2012 ἕστηκενὸ

2157 2042 2410 2115 βασιλεὺς
2438 2042 2496 2093 ὲν
2522 2040 2672 2111 μέσῳ
2696 2039 2830 2103 Θεὸς
2872 2039 3175 2093 αἰτούντων
3228 2036 3442 2091 τοῦτον.
3499 2035 3741 2102 Ἔξαιτεῐ

2156 2153 2214 2190 τε
2241 2134 2399 2195 νίκας
2426 2131 2521 2185 τοῦ
2552 2130 2688 2185 Θεοῦ
2716 2131 2748 2202 ἡ
2781 2131 3004 2200 Μήτηρ,
3044 2130 3141 2184 καὶ
3172 2130 3258 2194 σὺ,
3307 2129 3610 2198 Δημήτριε,
3654 2129 3743 2197 τῷ

2156 2229 2255 2296 τῆς
2291 2222 2623 2293 οἰκουμένης
2655 2220 2971 2290 κρατοῦντι.
2999 2221 3204 2291 Συχναὶ
3241 2220 3351 2292 γὰρ
3395 2211 3557 2275 αὗται
3585 2218 3743 2274 οὕτω

2155 2317 2470 2385 δοθήσονται
2493 2314 2643 2385 αὐτῷ
2678 2313 2898 2383 ὐψύθεν.

2227 2406 2385 2460 ΩῙΔΗ
2414 2404 2493 2460 Θ¹.
2535 2403 2599 2459 ’0
2622 2405 2721 2459 διὰ
2747 2403 3037 2473 βρώσεως
3072 2404 3181 2459 τοῦ
3205 2404 3421 2469 ξύλου.

2226 2498 2329 2556 κθ’.
2384 2501 2444 2553 Ὀ
2472 2499 2559 2553 διὰ
2578 2498 2832 2568 τρώσεων
2857 2497 3069 2567 μυρίων
3130 2513 3236 2559 σοι,
3290 2499 3500 2569 μάκαρ,
3564 2514 3745 2569 προσ-

2157 2593 2455 2661 γενόμενος
2485 2591 2717 2654 θάνατος
2748 2590 3092 2660 μακαριστὶς
3121 2590 3242 2660 Θεῷ
3277 2607 3337 2643 σε
3368 2592 3741 2661 παρέστησεν,

2153 2682 2230 2748 ὡς
2257 2685 2536 2754 Σεραφείμ
2570 2699 2717 2745 τινος
2783 2680 3178 2752 πολυομμάτου
3237 2681 3421 2751 φύσιν.
3488 2682 3570 2735 Τά
3624 2683 3744 2752 γΞερ

2155 2778 2424 2851 τρώματα
2445 2780 2552 2834 τῶν
2579 2780 2822 2852 δοράτων
2853 2779 3056 2844 πολλάς
3086 2796 3170 2832 σοι
3204 2778 3499 2850 ὐπήνοιξαν
3551 2777 3743 2848 ὀμμά-

2155 2887 2264 2925 των
2292 2870 2636 2940 διαφαύσεις,
2679 2872 2737 2924 ὲν
2767 2866 2849 2935 οἷς
2878 2870 3013 2934 Θεὸς
3041 2870 3416 2925 διοπτάνεται.

2225 2963 2291 3019 λ’.
2327 2963 2386 3018 Ὀ
2412 2964 2800 3035 πανακήρατός
2825 2980 2919 3018 σου
2952 2963 3089 3035 βίος,
3147 2961 3385 3034 κηλίδων
3412 2960 3509 3015 καὶ
3552 2958 3748 3031 ῥυπώ-

2157 3074 2298 3111 σεων
2324 3056 2610 3130 πόρρωθεν
2641 3056 3023 3129 καθεστηκὼς,
3051 3054 3170 3128 Θεῷ
3226 3072 3287 3110 σε
3314 3053 3581 3125 ᾤκεὶωσε,
3640 3054 3745 3107 καὶ

489 3133 674 3188 multis
709 3131 1041 3188 aromatibus
1070 3133 1379 3189 confectum
1415 3135 1518 3206 ipsi
1545 3145 1596 3193 te
1625 3141 1970 3196 consecravit
2001 3141 2054 3196 in

2165 3149 2236 3214 ὡς
2263 3148 2513 3221 θυμίαμα
2530 3149 2829 3220 πολυμιγὲς
2859 3148 3009 3219 αὐτῷ
3038 3164 3099 3202 σε
3140 3147 3478 3220 καθιέρωσεν
3528 3146 3612 3210 εἱς
3647 3146 3748 3198 δε-

487 3231 701 3295 gratum
742 3222 869 3280 boni
893 3224 1082 3279 odoris
1099 3236 1504 3283 ornamentum.
1535 3229 1705 3300 Igitur
1734 3231 1831 3288 tibi
1864 3232 2055 3290 datum

484 3324 572 3371 est
607 3326 728 3385 post
756 3329 984 3373 mortem
1008 3319 1302 3389 unguentis
1323 3319 1609 3377 distillare.

556 3409 648 3465 τι.
682 3409 947 3466 Thesauri
979 3412 1152 3467 instar
1208 3414 1520 3469 reconditus
1567 3430 1626 3470 es
1679 3417 1732 3470 in
1784 3418 2056 3488 sepulcro,

485 3501 629 3570 quod
662 3505 987 3569 sanguineas
1021 3507 1511 3575 unguentariasque
1535 3505 1710 3561 undas
1740 3509 1963 3566 emittis.
1993 3508 2060 3564 Et

484 3593 541 3646 in
568 3592 635 3647 iis
657 3592 1003 3662 cogitandum
1026 3603 1110 3649 est
1133 3594 1289 3664 quasi
1312 3596 1768 3653 resurrectionem
1799 3615 1939 3655 novo
1969 3615 2060 3655 or-

486 3681 615 3736 dine
644 3690 700 3736 et
727 3697 914 3738 casum
957 3682 1099 3738 ﬁeri.
1145 3683 1388 3741 Mortuus
1420 3688 1638 3756 quidem
1686 3700 1880 3745 natura
1916 3690 2058 3746 ceci-

484 3772 640 3840 disti,
673 3776 954 3847 sanguinis
984 3792 1112 3831 vero
1136 3775 1350 3834 ﬂuentis
1379 3783 1837 3838 resurrectionem
1873 3792 2060 3840 osten-

485 3862 591 3919 dis.

553 3952 648 4007 32.
687 3951 1096 4024 Imperatorem,
1137 3954 1319 4028 Virgo,
1357 3958 1424 4015 ad
1455 3959 1712 4030 praeclare
1728 3972 1875 4034 gesta
1902 3963 2061 4021 undi-

484 4057 591 4112 que
616 4058 764 4116 rege,
788 4046 1053 4103 barbaras
1083 4058 1336 4106 avertens
1361 4051 1638 4121 cohortes,
1664 4052 2060 4114 dominantium

487 4135 779 4194 Dominum
798 4148 854 4195 et
875 4139 1071 4195 Filium
1096 4142 1345 4211 precibus
1372 4145 1480 4200 tuis
1501 4146 1773 4216 placatum
1801 4149 2056 4216 reddens,

490 4235 670 4281 tecum
711 4228 1032 4298 legationem
1056 4233 1293 4288 obeunte
1314 4243 1576 4306 martyre,
1607 4238 1702 4309 qui
1729 4239 1971 4297 animum
2004 4241 2058 4298 in

487 4316 744 4387 passione
771 4317 1144 4376 dominantem
1184 4325 1419 4394 accepit.

559 4405 791 4467 TONUS
814 4411 1054 4486 ambigui
1086 4416 1303 4487 quarti:
1340 4416 1666 4489 Sapientiam
1695 4426 1862 4480 uerbi.

556 4589 849 4662 Sanguinis
872 4592 978 4658 tui,
1013 4603 1242 4666 martyr,
1271 4597 1397 4665 vivi,
1421 4607 1476 4653 et
1499 4612 1893 4670 unguentorum
1927 4606 2064 4664 ellu-

484 4686 668 4742 sioues
691 4693 888 4739 terram
913 4685 1476 4759 delcctant,Demetri,
1501 4697 1779 4755 ctanimas
1796 4713 2060 4768 corpora-

487 4799 594 4855 que
610 4788 974 4854 sanctiﬁcant,
993 4784 1171 4852 beate,
1193 4787 1432 4858 undique
1454 4804 1567 4860 prae
1584 4790 1689 4845 ﬁde
1712 4800 1768 4846 et
1793 4791 2067 4850 desiderio

487 4876 573 4931 tui
605 4878 1005 4933 accurrentium
1040 4879 1108 4935 ad
1138 4880 1394 4950 templum
1425 4891 1672 4937 sanctum
1705 4890 1879 4960 tuum,
1905 4894 1962 4940 ut
1995 4900 2059 4942 cx

486 4969 684 5039 abysso
713 4979 987 5040 unguenta
1016 4985 1231 5041 semper
1253 4974 1557 5041 obtineant,
1585 4981 1797 5039 sancte,
1824 4976 1878 5031 in
1909 4993 2057 5032 mor-

493 5059 687 5115 borum
720 5062 1084 5117 sanationem.
1136 5063 1346 5121 ldcirco
1377 5066 1445 5120 ad
1477 5074 1526 5120 te
1553 5067 1875 5136 clamamus,
1913 5068 2062 5139 lega-

491 5155 586 5203 tus
619 5160 805 5207 uoster
841 5166 1026 5207 coram
1056 5154 1165 5208 Deo
1216 5155 1383 5222 adsis,
1413 5164 1469 5211 et
1503 5167 1850 5227 peccatorum
1900 5161 2059 5215 venia

496 5240 662 5294 detur
717 5251 960 5296 sanctam
1009 5244 1083 5299 tui
1139 5249 1455 5303 memoriam
1509 5246 1702 5304 festivo
1752 5249 2059 5321 devotaque

491 5331 655 5387 corde
683 5334 1104 5395 celebrantibus.

2160 3241 2289 3296 κτὸν
2318 3241 2546 3305 εὐωδίας
2572 3242 2873 3312 ἀγλάϊσμα.
2903 3239 3115 3295 Οὐκοῦν
3164 3257 3248 3294 σοι
3287 3239 3545 3311 ἀντεδόθη
3571 3254 3752 3310 μυρο-

2161 3332 2381 3387 ϐλυτεῖν
2414 3332 2554 3403 μετὰ
2585 3333 2835 3388 θάνατον.

2232 3424 2338 3480 λα’.
2372 3424 2860 3497 Ἐντεοησαύρισαι
2921 3425 3019 3493 μὲν
3073 3424 3252 3494 τάφῳ,
3286 3423 3404 3478 ἀλλ’
3436 3423 3587 3493 ὅμως
3647 3422 3744 3475 αἱ-

2165 3516 2488 3589 ματόρῤυτα
2525 3515 2776 3586 χεύματα
2805 3516 3187 3586 μυροδλυτεῖς.
3258 3514 3370 3568 Καὶ
3424 3513 3541 3566 ἔστι
3592 3510 3749 3580 λογί-

2164 3608 2362 3661 σασθαι
2389 3606 2578 3678 ὥσπερ
2607 3607 2904 3662 ἀνάστασιν
2937 3606 3321 3676 καινοπρεπῶς
3376 3605 3472 3659 καὶ
3531 3606 3747 3663 πτῶσιν

2161 3701 2224 3755 τὸ
2260 3702 2561 3772 γινόμενον.
2589 3700 2700 3756 Καὶ
2721 3699 2896 3754 θανὼν
2917 3699 3019 3769 μὲν
3040 3698 3201 3761 αὐτὸς
3227 3697 3386 3767 φύσει
3419 3696 3745 3764 πέπτωκας,

2162 3793 2409 3865 αἱμάτων
2435 3792 2496 3846 δὲ
2521 3795 2587 3865 τῇ
2618 3793 2772 3864 χύσει
2800 3793 3134 3865 παραδηλοτς
3153 3790 3252 3863 τὴν
3280 3789 3604 3845 ἀνάστασιν.

2232 3972 2333 4045 λβ’.
2370 3971 2464 4041 Τῷ
2488 3968 2875 4040 αὐτοκράτορι,
2930 3964 3200 4037 Παρθένε,
3267 3960 3555 4035 βραϐεύοις
3615 3962 3747 4034 ἀρι-

2163 4066 2448 4137 στεύματα
2470 4063 2726 4128 πάντοτε,
2762 4057 3107 4131 βαρϐαρικὰς
3145 4056 3490 4126 ἐκτρέπουσα
3524 4055 3742 4124 φάλαγ-

2161 4176 2284 4230 γας,
2316 4156 2410 4211 τδν
2442 4152 2862 4223 παντοκράτορα
2890 4148 3101 4204 καὶτὸν
3135 4148 3266 4201 Υἱὸν
3292 4146 3467 4210 λιτοῖς
3516 4163 3612 4198 σου
3644 4146 3741 4201 εύ-

2163 4250 2477 4322 μενίξουσα.
2508 4241 3025 4317 συμπρεσϐεύοντός
3056 4238 3255 4294 σοικαὶ
3295 4237 3392 4292 τοῦ
3425 4237 3739 4309 μάρτυρος,

2160 4343 2220 4407 ὃς
2240 4341 2365 4395 νοῦν
2385 4336 2826 4407 αὐτοκρατοῦντα
2862 4333 3004 4388 κατὰ
3044 4331 3235 4387 παθῶν
3266 4329 3588 4396 ἐνεδείξατο.

2230 4428 2449 4488 ἮΧΟΣ
2484 4429 2719 4499 πλαγίου
2747 4428 3009 4499 τετάρτου
3034 4443 3049 4457 ο
3084 4423 3205 4493 Τὴν
3225 4422 3454 4492 σοφίαν
3471 4421 3581 4476 τοῦ
3612 4421 3736 4476 .16-

2200 4543 2294 4581 ου.

2163 4545 2355 4671 τοὲὒν
2375 4616 2619 4686 αἱμάτων
2651 4628 2769 4676 σου,
2818 4608 3053 4680 μάρτυς,
3086 4607 3144 4662 αἱ
3193 4607 3425 4677 προχοαὶ
3466 4604 3561 4657 καὶ
3621 4601 3736 4654 τῶν

2170 4710 2360 4780 μύρων
2389 4707 2423 4777 η
2451 4703 2640 4776 βλύσις
2664 4702 2761 4774 τὴν
2787 4705 2893 4771 γῆν
2940 4699 3247 4769 εὐφραίνει,
3282 4697 3582 4766 Δημήτριε,
3644 4693 3741 4745 καὶ

2164 4800 2344 4872 ψυχάς
2370 4799 2467 4852 καὶ
2491 4795 2561 4851 τά
2589 4794 2823 4866 σώματα
2873 4791 3114 4861 ἁγιάζει,
3146 4791 3357 4862 μάκαρ,
3391 4788 3501 4842 τῶν
3552 4784 3743 4839 πίστει

2170 4896 2264 4948 καὶ
2286 4891 2438 4964 πόθῳ
2466 4906 2548 4944 σοι
2586 4887 3036 4959 προπρεχὸντων
3066 4885 3317 4949 πάντοτε,
3349 4882 3428 4953 τῷ
3469 4880 3597 4949 θείῳ
3648 4897 3742 4932 τε-

2173 4985 2323 5055 μένει
2353 4999 2470 5045 σου,
2514 4979 2703 5050 ὥσπερ
2729 4977 2787 5043 ἐξ
2845 4975 3088 5030 ἀδύσσου
3124 4973 3400 5042 ὲξανύτειν
3464 4973 3535 5027 τὰ
3591 4972 3747 5042 μύρα

2166 5075 2248 5136 εἱς
2316 5072 2480 5138 ἴασιν,
2536 5071 2681 5137 ἅγιε,
2726 5066 3048 5139 νοσημάτων
3088 5065 3367 5120 ἑκάστοτε.
3425 5064 3526 5117 Διὰ
3583 5062 3747 5116 τοῦτο

2168 5163 2385 5236 βοῶμέν
2425 5180 2532 5228 σοι,
2564 5159 2835 5232 πρέσϐευε
2886 5158 2965 5230 τῷ
3020 5157 3159 5230 Θεῷ,
3222 5156 3332 5211 τῶν
3385 5154 3747 5226 πταισμάτων

2167 5257 2361 5326 άφεσιν
2386 5252 2733 5328 δωρήσεσθαι
2758 5253 2873 5319 τοὶς
2896 5249 3219 5323 ἑορτάζουσι
3246 5249 3399 5322 πόθῳ
3434 5247 3534 5321 τὴν
3577 5244 3746 5315 ἁγίαν

2175 5346 2397 5418 μνήμην
2418 5360 2533 5402 σου.
