4048 6426
428 261 529 326 l‘il

1068 259 1509 322 eEUSTATHll
1556 258 1659 317 ΤΠ
1676 253 2320 316 ESSALONICENSIS
2365 252 2625 312 METR}
2641 251 2925 312 POLITE

3546 230 3682 315 't‘a

493 375 550 431 ὃ.
583 374 704 430 Ιιως
736 373 952 443 quidem
978 384 1143 427 erant
1168 374 1233 428 de
1252 375 1447 440 quibus
1482 373 1612 426 ntibi
1643 373 1918 426 fastidium
1945 382 1999 424 et

2176 367 2245 437 γ’.
2294 367 2455 420 Ἀλλὰ
2485 365 2654 419 ταῦτα
2695 366 2813 435 μὲν,
2856 362 2914 428 ἐξ
2942 357 3018 417 ὧν
3050 380 3141 433 μοι
3170 365 3195 417 ὁ
3223 363 3401 427 ὖκλιος,
3465 364 3561 416 καὶ
3617 360 3687 414 δι’

425 475 650 540 propter
678 482 818 537 quae,
858 482 961 520 non
994 466 1170 521 solum
1200 466 1298 520 bos
1348 464 1583 536 linguam
1643 464 2002 535 opprimebat,

431 579 461 619 a
486 578 574 619 me
597 561 967 618 taciturnitate
996 562 1152 628 quasi
1185 558 1359 628 pretio
1387 568 1589 629 empta;
1613 566 1759 613 metu
1794 558 2005 613 scilicet

424 671 529 727 pro
572 654 803 711 ludibrio
854 652 1082 707 abeundi
1143 653 1212 707 ob
1266 650 1515 705 inutilem
1596 649 2002 716 verbositatem,

427 745 556 801 dum
587 745 825 800 disertus
852 742 988 797 alius
1020 742 1296 811 quispiam
1321 750 1490 806 esset,
1520 742 1614 797 sed
1638 740 1805 796 etiam
1838 752 1897 795 ut
1919 754 2006 795 sa-

426 850 556 891 xum
606 833 748 890 laeui
813 833 1131 902 impendens
1185 834 1586 903 navigationem
1653 832 2002 902 impediebat.

426 929 544 985 Alia
568 943 695 985 vero
721 928 956 983 volventi
981 941 1067 983 me
1084 942 1190 982 non
1226 927 1564 998 expeditiora
1587 941 1748 996 quam
1787 926 2025 996 sapicn-.

428 1016 591 1081 liora,
644 1030 839 1086 nempe
868 1016 1011 1085 quod
1038 1025 1163 1071 ante
1191 1032 1276 1071 me
1319 1017 1518 1086 aliquis
1552 1017 1772 1072 loeutus
1815 1016 2004 1082 fuerit,

428 1123 550 1178 qua:
593 1109 831 1164 tardiora
861 1123 958 1163 nec
997 1124 1024 1161 a
1079 1108 1345 1177 Sapientia
1399 1108 1624 1163 omnino
1673 1109 1871 1175 aliena,
1908 1110 2004 1166 bos

427 1199 661 1269 pretium
697 1198 1088 1254 taciturnitatis
1115 1198 1269 1261 abiit,
1300 1215 1461 1267 rupes
1494 1202 1742 1255 devoluta
1793 1209 1898 1266 est,
1933 1203 2006 1256 si-

428 1293 654 1348 lentium
678 1293 910 1364 aufugit,
940 1303 993 1346 et
1026 1308 1154 1348 ecce
1178 1293 1402 1362 dignum
1437 1295 1490 1347 in
1537 1295 1795 1365 martyris
1836 1297 2005 1350 hono-

422 1398 540 1439 rem
563 1385 850 1440 verborum
866 1385 1086 1440 flumen.

495 1478 551 1532 4.
575 1477 941 1532 Ratiocinium
977 1493 1107 1535 vero
1138 1479 1277 1547 quod
1310 1479 1526 1534 taedium
1558 1497 1732 1535 meum
1766 1484 2002 1549 sanavit,

424 1568 816 1638 silentiumque
873 1568 1100 1639 fugavit,
1149 1571 1421 1640 suggessit
1476 1574 1747 1641 quomodo
1806 1574 2004 1629 cmlum

425 1669 536 1713 non
565 1655 740 1712 solum
776 1657 1026 1713 maximis
1085 1659 1250 1714 astris
1279 1669 1332 1714 et
1364 1658 1578 1730 fulgore
1611 1672 1727 1730 post
1765 1663 1880 1717 inec
1912 1679 2002 1718 se-

425 1746 642 1812 cundis,
660 1748 754 1803 sed
774 1757 829 1803 et
847 1748 1058 1817 exiguis
1077 1749 1306 1806 stelluiis
1324 1753 1546 1807 emicat:
1577 1768 1697 1822 quae
1715 1754 2005 1823 aliquando
2041 1731 2078 1787 θ

427 1848 481 1893 et
518 1837 792 1910 refulgens
821 1842 950 1909 quid
995 1841 1207 1910 signum
1239 1852 1387 1897 sunt.
1434 1843 1621 1914 Itaque
1676 1845 1869 1900 emittm
1906 1860 2005 1899 no-

424 1939 629 1989 strum.
649 1928 742 1985 Dei
765 1930 1028 1997 Ecclesia,
1056 1931 1445 2001 fulgentissima
1469 1944 1612 1988 astra
1641 1936 1823 2003 habet,
1846 1934 2009 1990 habet

432 2033 708 2095 utcunque
762 2035 817 2080 et
849 2025 1129 2081 inferiora.
1175 2026 1386 2081 Pariter
1412 2027 1677 2098 gloriatur
1713 2030 1803 2097 qui
1832 2030 2008 2082 tenui-

433 2124 519 2170 ter
547 2114 778 2187 refulget
809 2117 1059 2173 scintillae
1094 2120 1265 2172 instar
1287 2118 1355 2173 ab
1382 2119 1509 2187 igne
1551 2120 1801 2189 reiectas:
1831 2130 1885 2174 et
1912 2135 2006 2173 vn-

428 2205 555 2261 lans
586 2206 787 2276 ignitus
810 2221 975 2277 vapor
990 2206 1185 2264 sideris
1209 2208 1262 2262 in
1296 2209 1516 2262 modum
1544 2208 1767 2273 effulsit,
1793 2217 1847 2264 et
1873 2210 2005 2265 astri

429 2303 789 2359 similitudine
815 2306 971 2375 quasi
1004 2306 1190 2377 gravis
1240 2306 1512 2375 praestitit.
1556 2303 1874 2373 Composita
1908 2319 2006 2357 na-

433 2402 552 2449 tura
602 2397 783 2453 omnis
816 2396 1037 2466 generis
1085 2398 1339 2453 animalia
1393 2408 1447 2453 et
1473 2398 1681 2467 reliqua
1727 2397 2006 2466 produxit,

434 2486 535 2539 alia
565 2486 617 2540 in
656 2487 880 2545 honoris
916 2488 1213 2560 fastigium,
1255 2490 1361 2543 alia
1384 2487 1522 2543 infra
1552 2490 1619 2543 ad
1650 2488 2006 2559 ignominiam

434 2578 701 2645 seposita;
750 2592 848 2633 nec
881 2579 1197 2635 defecerunt
1234 2582 1316 2636 vel
1354 2579 1460 2635 ista
1500 2581 1903 2635 inconsiderate
1930 2580 2011 2635 sic

434 2667 649 2737 abiecta
674 2670 727 2724 iu
755 2669 1078 2739 gloriatione
1097 2672 1392 2727 creationis
1426 2689 1441 2726 :
1476 2686 1605 2728 ecce
1625 2672 1779 2726 culex
1814 2672 2010 2728 vilissi-

435 2775 583 2813 mum
631 2758 832 2814 animal
883 2759 1077 2829 aliquo
1135 2763 1312 2831 pretio
1357 2761 1554 2832 dignus
1605 2764 1851 2818 habetur.
1891 2762 2011 2819 Ple—

440 2864 668 2920 rumque
706 2852 1107 2907 multitudinem
1165 2853 1824 2908 stimulatanimalculum
1856 2856 2012 2910 audi-

439 2952 577 3008 tum,
627 2942 844 3011 quando
890 2941 1146 3000 bombum
1194 2959 1353 3001 suum
1394 2944 1684 3010 buccinat;
1733 2953 1862 3000 sunt
1882 2962 2012 3001 vero

436 3034 528 3102 qui
556 3044 775 3105 propter
793 3050 989 3091 sonum
1020 3051 1208 3104 parum
1233 3037 1316 3092 vel
1337 3037 1483 3093 nullo
1500 3035 1660 3091 modo
1680 3046 2010 3104 respectant,

437 3126 491 3179 id
516 3127 963 3191 veruintendunt,
987 3130 1131 3199 quod
1150 3127 1282 3186 utile
1302 3129 1392 3186 sit.
1418 3128 1539 3185 Sint
1563 3144 1692 3200 ergo
1713 3129 1827 3184 haec
1847 3129 1917 3184 ita
1939 3145 1954 3195 ;
1982 3143 2010 3184 a
2044 3126 2085 3147 “

436 3218 649 3273 fortiori
681 3222 839 3275 homo
868 3233 1144 3286 sensatus,
1170 3223 1446 3293 quomodo
1468 3222 1655 3278 divina
1688 3233 1836 3278 recto
1859 3234 2009 3276 more

437 3319 639 3377 cantet,
681 3312 751 3366 sit
786 3312 1092 3369 attentione
1118 3314 1332 3384 dignus.

2108 459 2204 527 ὧν,
2246 463 2308 515 οὐ
2350 462 2512 532 μόνον
2550 479 2567 511 ι
2610 460 2736 529 βους
2788 460 2883 511 ἐπὶ
2935 459 3176 531 γλώττῃ,
3216 479 3233 510 ι
3296 458 3457 513 τοῦτο
3506 459 3573 530 δὴ
3625 460 3687 511 τὸ

2110 558 2351 628 σκῶμμα
2385 555 2480 610 τοῦ
2516 555 2663 624 ἀργὰ
2689 555 2891 619 λαλεῖν,
2919 553 2993 617 ὡς
3027 554 3122 605 ἐάν
3150 571 3233 616 τις
3276 552 3364 623 εἴη
3414 551 3688 623 βούγλωσ-

2111 667 2223 711 σος,
2259 649 2393 703 ἀλλὰ
2423 649 2517 701 καὶ
2540 646 2683 710 λίθος
2713 646 2843 699 ὡσεὶ
2874 648 2971 699 καὶ
3015 645 3205 714 λάκκῳ
3229 645 3688 716 ,δυσχρηστουμὲ-

2108 760 2204 796 νου
2245 742 2436 805 ὓδατος
2467 739 2737 794 ἐπέκειτο.
2774 738 3139 808 Αογισαμένῳ
3167 737 3224 791 δέ
3261 755 3352 807 μοι
3379 737 3566 808 ἔτερα,
3626 739 3687 790 οὐ

2114 855 2132 887 ι
2165 834 2441 906 ταχύτερα
2470 833 2688 903 μᾶλλον,
2716 832 2861 903 ἥπερ
2894 828 3201 900 σοφώτερα,
3242 849 3260 883 ι
3296 830 3410 899 ὃδή
3467 847 3551 892 τις
3593 832 3688 884 καὶ
3791 823 3797 828 ’

2108 928 2216 998 πρὸ
2255 929 2363 980 τῶν
2391 925 2681 996 ἡμετέρων
2731 921 3054 992 ἐφθέγξατο,
3099 919 3407 991 βραδύτερα
3456 920 3535 984 δὲ,
3590 923 3687 974 καῖ

2107 1019 2228 1074 οὐδὲ
2263 1021 2403 1074 πάνυ
2429 1018 2534 1084 ἔξω
2568 1018 2786 1085 σοφίας,
2815 1018 2843 1069 ὁ
2870 1015 2999 1086 βοῦς
3044 1032 3104 1068 τε
3152 1013 3460 1082 ἀπανέστη,
3509 1016 3606 1069 καὶ
3663 1017 3691 1065 ὁ

2109 1111 2255 1176 λίθος
2290 1110 2631 1181 ἐξεκυλίσθη,
2678 1110 2773 1164 καὶ
2807 1111 2842 1181 ἡ
2868 1109 3051 1179 σιωπὴ
3110 1108 3319 1176 ἀπῆλθε
3348 1124 3364 1139 -
3424 1109 3520 1162 καὶ
3578 1109 3691 1163 ἰδοὺ

2106 1202 2284 1271 λόγουι
2309 1201 2487 1272 ῥεῦμα
2514 1201 2826 1272 σύμμετρον
2864 1205 2941 1265 είς
2962 1200 3053 1255 τὸν
3094 1200 3371 1272 μάρτυρα.

2179 1468 2241 1522 δ’·
2270 1469 2332 1522 Ὃ
2352 1469 2407 1521 δέ
2442 1484 2531 1537 μοι
2557 1467 2837 1537 λογισμὸς.
2866 1469 2893 1520 ὁ
2943 1469 3039 1520 τὸν
3066 1468 3228 1521 ὄκνον
3256 1469 3692 1537 ἐκθεραπεύσας,

2111 1563 2205 1615 καὶ
2238 1563 2338 1630 τὴν
2371 1561 2531 1631 σιγὴν
2562 1561 2890 1629 ἀπαγαγὼν,
2915 1560 3143 1614 τοιαῦτα
3169 1561 3475 1625 ὑπέτεινεν,
3509 1563 3583 1624 ὡς
3607 1563 3692 1615 ὅτι

2111 1653 2205 1707 καὶ
2226 1656 2451 1719 οὕρανὸς
2482 1654 2541 1707 οὐ
2579 1657 2693 1716 τοῖς
2751 1655 3030 1721 μεγίστοις
3069 1654 3381 1725 grtes-adpon-
3431 1657 3526 1709 καὶ
3581 1658 3694 1718 τοῖς

2113 1744 2233 1812 μετ’
2261 1746 2456 1806 αὐτοὺς
2485 1744 2915 1810 δευτερεύουσιν,
2971 1744 3105 1797 ἀλλὰ
3156 1747 3252 1798 καὶ
3297 1747 3695 1817 σμικροτάτοις

2115 1839 2361 1908 ἀστρίοις
2392 1837 2773 1904 ὲναγλαῖζεται
2814 1851 2828 1867 ⁸
2860 1840 2955 1891 καί
2977 1857 3079 1891 που
3106 1841 3198 1891 καὶ
3240 1840 3379 1892 αὐτὰ
3409 1843 3468 1892 ἑν
3514 1842 3695 1910 καιρῷ

2116 1928 2629 1997 παρασημαίνονταί
2660 1945 2713 1980 τι
2750 1928 3032 1994 ἐπιφανές.
3076 1929 3286 1980 Οὔκοῦν
3334 1931 3427 1982 καὶ
3477 1932 3505 1983 ὁ
3561 1933 3691 1985 καθ’

2115 2021 2263 2088 ἡμᾶς
2320 2021 2571 2089 οὐρανὸς,
2622 2023 2653 2089 ή
2706 2019 2801 2073 τοῦ
2854 2019 2991 2073 Θεοῦ
3029 2020 3355 2088 Ἐκκλησία,
3413 2022 3527 2090 ἔχει
3595 2025 3697 2091 μὲν

2114 2117 2211 2168 καὶ
2241 2115 2472 2184 ἀστέρας
2512 2118 2638 2178 τοῦς
2673 2114 3008 2181 (paverat-ou;
3046 2115 3290 2179 ἐκείνους
3319 2131 3335 2148 ο
3369 2116 3481 2186 ἔχει
3507 2117 3565 2170 δὲ
3589 2121 3687 2173 καὶ

2114 2208 2239 2268 τοὺς
2274 2206 2396 2276 μετ’
2421 2207 2640 2270 αὐτούς.
2679 2208 3014 2278 Σεμνύνεται
3041 2208 3098 2261 δὲ
3138 2209 3310 2276 ὅμως,
3373 2210 3469 2263 καὶ
3509 2212 3565 2264 ετ
3604 2228 3689 2274 τις

2116 2299 2356 2369 ἀμυδρόν
2381 2317 2436 2352 τι
2466 2298 2697 2369 λάμπει,
2765 2299 2910 2353 καθά
2949 2317 3050 2352 που
3087 2302 3183 2354 καὶ
3233 2301 3470 2371 σπινθὴρ
3523 2303 3699 2373 πυρλς

2116 2391 2564 2459 ἀποπαλλόμενος
2594 2407 2609 2424 ο
2636 2391 2728 2443 καὶ
2762 2391 2991 2461 διᾴττων
3013 2391 3068 2445 δέ
3120 2410 3205 2456 τις
3254 2393 3481 2463 πυρόεις
3526 2394 3701 2463 ἀτμὸς

2114 2484 2325 2552 ἀστέρα
2345 2483 2641 2550 ὲφάντασε,
2694 2483 2792 2535 καὶ
2815 2482 2959 2537 οὕτω
2985 2484 3045 2536 τὸ
3073 2483 3272 2553 σεμνὸν
3293 2485 3373 2553 τῷ
3407 2485 3635 2553 ἀστεροε
3647 2503 3696 2536 ι-

2117 2578 2199 2630 δεί
2224 2576 2581 2645 ἀπηνέγκατο
2615 2575 2712 2629 καὶ
2737 2574 2923 2637 αὑτός.
2944 2575 3111 2639 illum;
3165 2576 3523 2645 ἔπιταχθείσα
3562 2594 3700 2631 παν-

2117 2669 2243 2723 τοῖα
2275 2667 2391 2727 ζῶα
2428 2666 2524 2719 καὶ¹
2548 2665 2715 2720 λοιπὰ
2753 2669 3050 2736 παρήγαγε
3098 2667 3423 2739 πράγματα,
3470 2668 3540 2722 τὰ
3597 2669 3698 2738 μὲν

2120 2762 2202 2824 είς
2233 2758 2365 2830 ὕψος
2396 2759 2746 2830 ἀνῳκισμένα
2775 2761 2963 2830 τιμῆς,
2998 2760 3065 2813 τὰ
3097 2760 3153 2813 δὲ
3187 2760 3338 2814 κάτω
3389 2761 3484 2814 τοῦ
3531 2762 3700 2830 τιμᾶ-

2122 2852 2247 2905 σθαι
2283 2853 2516 2921 μένοντα
2552 2868 2566 2883 ο
2592 2855 2681 2904 καθ
2731 2852 2831 2903 οὐκ
2872 2852 3240 2919 ἐπιλέλοιπεν,
3289 2851 3411 2904 οὐδὲ
3458 2846 3701 2921 ταχύδην

2120 2938 2265 2996 obrui
2314 2944 2593 3013 συρόμενα
2622 2985 2636 3009 ,
2701 2942 3042 3012 σεμνύνοντα
3110 2943 3209 3014 τὴν
3277 2945 3698 3013 κοσμογένειαν.

2125 3036 2265 3103 Ἤδη
2299 3037 2396 3089 καὶ
2425 3034 2626 3104 κώνωψ
2642 3036 2703 3089 τὸ
2732 3035 3070 3103 φαυλότατον
3093 3037 3336 3101 ἀξιοῦται
3356 3038 3515 3105 λόγου
3544 3040 3700 3093 ποτέ.

2114 3130 2230 3182 Καὶ
2262 3127 2329 3180 τὰ
2358 3126 2528 3180 πολλὰ
2558 3126 2659 3197 μὲν
2696 3126 2852 3196 ὄχλον
2887 3128 3108 3195 ἐμποιεῖ
3160 3127 3219 3180 τὺ
3274 3128 3519 3197 ζωύφιον
3572 3129 3706 3194 ἑξα-

2117 3220 2439 3289 κουὸμενον,
2473 3219 2562 3271 ὅτε
2601 3218 2694 3271 τὸν
2725 3217 2920 3272 ἑαυτοῦ
2947 3220 3113 3289 νόμον
3145 3221 3395 3286 σαλπίζει
3426 3240 3440 3255 ο
3472 3224 3579 3277 εἰσὶ
3613 3226 3702 3290 δὲ,

2114 3314 2164 3367 οἳ
2194 3312 2287 3366 τοῦ
2311 3310 2488 3381 ψόφου
2521 3311 2622 3380 μὶν
2650 3309 2885 3381 μικρὰῆ
2925 3311 3080 3366 οὐδὲν
3132 3312 3576 3384 ἐπιστρέφονται,
3605 3318 3717 3375 ἇλ-ι

432 3401 543 3465 lto:
598 3401 658 3455 δὲ
709 3403 842 3457 αὗτδ
899 3405 1344 3462 ἑπισκὲπεονται.
1402 3409 1509 3476 ὄπι]
1564 3410 1659 3461 καὶ
1715 3408 2007 3478 χρήσιμον.
2054 3404 2117 3457 Ei
2175 3403 2357 3457 τοίνυν
2411 3401 2590 3465 τοῦτο,
2624 3401 2704 3471 τῷ
2737 3402 2901 3456 παντὶ
2936 3402 3102 3457 πλέον
3159 3405 3362 3458 ὁκατᾶ
3421 3406 3580 3476 λόγον
3606 3408 3709 3464 ἄν·

440 3491 682 3561 θρωπος,
716 3494 865 3558 ὅκως
898 3496 965 3551 ἂν
991 3498 1087 3552 καὶ
1112 3498 1228 3569 ᾄδοι
1282 3499 1350 3553 τὰ
1385 3500 1505 3553 θεῖα
1558 3499 1694 3566 πρὸς
1743 3498 1901 3569 ὀρθὸν
1930 3499 2114 3566 μέντοι
2144 3496 2328 3564 νόμον,
2359 3496 2444 3565 εἴη
2474 3495 2543 3551 ἂν
2571 3494 2908 3566 ἐπιστροφῆς
2943 3496 3113 3563 ἄξιος.

511 3582 566 3637 5.
595 3584 805 3641 Veteris
837 3587 970 3656 legis
1010 3589 1417 3645 tabernaculum
1455 3593 1696 3645 materiae
1736 3606 2024 3660 compone-

438 3675 573 3729 bant
602 3677 850 3743 pretiosae
873 3689 928 3733 et
957 3688 1104 3735 certe
1134 3680 1314 3750 plures
1343 3697 1450 3736 non
1482 3685 1646 3749 tales;
1675 3691 1728 3738 et
1761 3684 2019 3751 templum

443 3766 587 3822 istud
634 3768 964 3824 celebratum
1014 3786 1120 3826 non
1160 3773 1568 3840 pretiosissimis
1607 3775 1660 3829 in
1700 3785 1886 3838 totum,
1927 3776 2020 3830 sed

442 3861 641 3931 partim
678 3859 878 3931 lapillis
907 3862 1143 3916 exilibus
1169 3862 1531 3928 conflabatur,
1567 3874 1620 3921 et
1649 3877 1911 3921 caemento
1938 3868 2022 3920 in.

445 3963 594 4008 serto
616 3961 673 4008 et
709 3952 926 4020 plumbo
960 3954 1012 4008 in
1037 3954 1322 4021 juncturas
1351 3956 1587 4026 lapidum
1620 3959 1822 4015 infuso.
1852 3958 1966 4013 Non
1991 3975 2022 4014 e

447 4046 661 4114 magnis
692 4051 899 4099 tantum
928 4044 1123 4099 insulis
1154 4061 1303 4101 mare
1330 4048 1601 4102 mentione
1631 4049 1793 4117 digna
1821 4050 2021 4120 produo

442 4139 541 4203 cit,
567 4140 658 4191 sed
677 4144 733 4192 et
752 4152 931 4206 parvae
951 4138 1197 4206 quaedam
1226 4139 1291 4194 de
1321 4141 1462 4195 miro
1486 4140 1720 4210 quodam
1750 4151 2020 4197 ostentato

444 4227 762 4298 gloriantur.
785 4228 882 4285 Est
901 4228 1041 4285 forte
1063 4231 1219 4300 lapis,
1245 4247 1351 4287 non
1382 4234 1560 4302 magni
1588 4232 1902 4300 aestimatus,
1930 4235 2023 4291 sed

446 4335 559 4390 pra
584 4320 654 4375 iis
695 4322 789 4392 qui
829 4322 1233 4379 existimatione
1259 4324 1404 4394 digni
1441 4326 1709 4391 videntur,
1743 4327 2021 4395 pulchrum

444 4413 734 4482 quemdam
779 4411 1016 4470 valerem
1064 4414 1246 4483 habet,
1271 4415 1498 4485 ideoque
1553 4430 1658 4470 non
1703 4416 2017 4484 despicitur.

441 4501 671 4560 Ferrum
701 4521 834 4561 auro
871 4506 1127 4561 collatum
1167 4506 1376 4561 honore
1400 4507 1689 4567 nihilerat,
1718 4507 1823 4561 nisi
1856 4522 2020 4562 accu-

442 4607 561 4652 rate
582 4598 647 4652 ad
671 4613 807 4665 opus
826 4598 1105 4667 quidpiam
1134 4613 1327 4668 magna
1354 4612 1519 4667 egens
1546 4599 1843 4654 attentione
1870 4608 2022 4666 apta-

443 4697 614 4739 retur.
652 4684 824 4740 Tibiae
855 4696 1029 4741 acuta:
1058 4687 1383 4756 quandoque
1420 4695 1475 4740 et
1511 4686 1563 4740 in
1606 4687 1800 4741 ntinori
1833 4689 2023 4739 ordine

443 4790 634 4830 sonum
663 4776 861 4833 habent
885 4791 900 4842 ;
930 4776 1185 4832 similiter
1215 4776 1386 4844 major
1416 4777 1542 4830 tibia
1570 4776 1635 4830 ad
1656 4778 1902 4846 graviora
1931 4776 2025 4829 de-

445 4869 713 4924 scendens
750 4877 806 4922 et
832 4869 914 4923 sic
941 4868 1185 4923 modulos
1228 4868 1574 4923 harmonicos
1614 4867 1808 4923 reddit.
1850 4864 2024 4922 Voces

445 4976 551 5015 non
573 4958 826 5015 omnibus
847 4959 1063 5029 penitus
1079 4959 1301 5025 eadem,
1319 4975 1423 5013 non
1451 4961 1589 5014 lueet
1614 4958 1866 5013 omnibus
1882 4959 2020 5014 idem

446 5054 747 5122 ingenium.

515 5320 570 5376 6.
599 5319 913 5377 Sermonem
935 5325 989 5374 et
1005 5318 1164 5373 altius
1184 5319 1389 5388 erigere
1415 5317 1606 5372 audeo.
1640 5315 1783 5373 inter
1808 5318 2023 5373 ordines

449 5414 861 5482 supercmlestes
895 5413 1239 5484 reperiuntur
1281 5412 1593 5483 superiores
1620 5423 1675 5468 et
1713 5412 2019 5468 inferiores.

452 5504 571 5559 Non
604 5519 788 5561 omnes
821 5502 1118 5575 prophetae,
1153 5519 1258 5559 non
1296 5518 1483 5560 omnes
1513 5503 1760 5572 apostoli.
1801 5502 1938 5558 Sunt
1968 5512 2022 5558 et

452 5600 467 5653 l
492 5613 754 5668 nguarum
774 5596 1082 5661 varietates,
1099 5594 1227 5664 quia
1241 5605 1295 5651 et
1312 5576 1570 5667 gentium.
1589 5592 1682 5649 liae
1696 5607 1888 5650 suaves
1899 5610 2022 5650 cum

446 5690 787 5760 iucunditate
815 5688 872 5744 in
899 5702 1066 5760 grave
1094 5686 1375 5757 tolluntur,
1400 5694 1615 5758 gutture
1644 5701 1837 5756 aspero
1858 5688 2021 5744 emit-

2190 3596 2252 3643 ε’.
2287 3589 2399 3657 Τὴν
2427 3590 2486 3641 ὲν
2519 3589 2599 3657 τῷ
2623 3587 2842 3656 παλαιῷ
2865 3589 3020 3659 νόμῳ
3052 3588 3265 3659 σκηνὴν
3290 3585 3411 3644 ὗλαι
3445 3593 3708 3662 συνεκρό-

2121 3699 2250 3736 τουν
2281 3681 2474 3735 πολλοῦ
2507 3697 2567 3733 τε
2590 3680 2925 3749 τιμώμεναι,
2959 3682 3054 3735 καὶ
3100 3682 3209 3752 μὴν
3232 3685 3325 3735 καὶ
3344 3683 3417 3753 μὴ
3450 3685 3703 3739 τοιαῦται

2125 3771 2369 3833 πλείονες
2393 3788 2408 3803 ο
2446 3772 2539 3823 καὶ
2598 3771 2728 3824 ναὸν
2775 3770 2832 3823 δὲ
2871 3773 3080 3826 ἐκεῖνον
3112 3772 3205 3826 τὸν
3250 3773 3596 3841 ὑμνούμενον
3637 3778 3703 3829 οὗ

2120 3862 2190 3914 τὰ
2220 3860 2634 3930 τιμαλφέστερα
2685 3860 2884 3922 διόλου.
2947 3863 3085 3916 ἀλλά
3144 3881 3248 3919 που
3307 3865 3465 3935 χάλιξ
3503 3868 3708 3933 λεπτὸς

2122 3952 2414 4022 ἀπήρτιζε,
2449 3954 2546 4008 καὶ
2579 3953 2975 4025 παραδυομένη
3014 3955 3251 4022 τίτανος,
3295 3959 3389 4012 καὶ
3417 3959 3699 4028 μόλιϐδος.

2125 4047 2245 4110 ταῖς
2273 4046 2383 4100 τῶν
2412 4045 2574 4101 λίθων
2598 4047 2893 4117 ἁρμονίαις
2927 4048 3389 4118 παρεγχεὸμενος.
3441 4050 3703 4105 Θάλασσα

2127 4139 2228 4191 οὐκ
2262 4139 2328 4190 ὲκ
2364 4138 2541 4207 μόνων
2588 4138 2841 4209 μεγάλων
2892 4140 3073 4211 νήσων
3129 4142 3365 4212 προάγει
3415 4144 3485 4197 τὰ
3534 4144 3700 4213 λόγου

2126 4230 2278 4296 ἄξια,
2301 4231 2437 4284 ἀλλὰ
2461 4232 2553 4285 καὶ
2585 4231 2780 4301 μικραί
2804 4248 2950 4295 τινες
2972 4233 3051 4295 είς
3094 4232 3356 4302 ἔκφανσιν
3390 4235 3701 4316 θαυμασίου

2050 4353 2101 4411 D
2128 4321 2272 4384 τινος
2301 4321 2647 4392 ἁϐρύνονται.
2679 4322 2792 4375 Καὶ
2816 4322 2964 4377 ἔστιν
2988 4317 3051 4378 οὗ
3077 4325 3172 4411 καὶ
3194 4325 3338 4388 λίθος
3369 4328 3431 4379 οὐ
3482 4329 3706 4384 πολυτί-

2129 4430 2323 4484 μητος,
2354 4413 2492 4467 ἀλλὰ
2520 4412 2631 4466 τῶν
2658 4413 2966 4468 δοκούντων
2994 4409 3260 4483 ἠξιῶσθαι
3313 4418 3498 4486 ὀλίγου
3527 4421 3700 4487 τινὸς,

2122 4503 2249 4572 ἔσχε
2273 4520 2324 4557 τι
2357 4503 2523 4556 καλὸν
2551 4505 2836 4573 ἐνέργημα
2859 4519 2873 4535 ⁸
2916 4505 3011 4557 καὶ
3037 4505 3104 4558 δι’
3130 4508 3264 4560 αὐτὸ
3286 4509 3348 4561 οὐ
3398 4527 3470 4562 πα
3482 4510 3700 4582 ρεώρα-

2122 4611 2211 4647 ται
2234 4592 2347 4648 οὐδ’
2384 4594 2570 4660 αὑτός.
2601 4595 2827 4665 Σίδηρος
2854 4596 3341 4666 παραϐαλλόμενος
3388 4601 3579 4673 χρυσῷ
3625 4600 3703 4674 ἦν

2123 4682 2191 4737 ἂν
2227 4683 2381 4736 οὐδὲν
2408 4685 2489 4746 είς
2519 4685 2833 4753 τιμιότητα,
2876 4687 2925 4736 εἰ
2972 4685 3047 4755 μὴ
3079 4687 3218 4755 πρός
3248 4705 3301 4741 τι
3332 4689 3499 4760 ἔργον
3526 4707 3702 4746 σπου-

2122 4774 2272 4827 δαῖον
2299 4774 2553 4843 ἐμμελῶς
2594 4771 2707 4845 εἶχε
2738 4776 3121 4846 ῥυθμίζεσθαι.
3174 4780 3338 4834 eam
3367 4785 3702 4856 προέχοντες

2124 4866 2306 4937 ἔχουσί
2331 4883 2463 4919 ποτε
2495 4869 2588 4921 καὶ
2613 4868 2704 4921 τὸν
2729 4872 2787 4923 ὲν
2818 4870 3058 4925 ἐλάττονι
3081 4871 3230 4936 τάξει
3256 4887 3270 4904 ’
3299 4875 3544 4929 τοιοῦτον
3564 4879 3700 4945 γοῦν

2124 4962 2158 5029 ἡ
2199 4958 2396 5029 σύριγξ
2455 4959 2825 5014 ὑποδαίνουσα
2879 4962 3022 5017 κατὰ
3076 4962 3569 5033 βαθμίδαςτινὲις,
3602 4970 3701 5022 καὶ

2122 5047 2267 5101 οὕτω
2294 5048 2728 5118 ύποσυρίττουσα
2777 5051 3119 5122 ἐναρμόνιον,
3157 5053 3340 5106 Φωναὶ
3382 5055 3446 5108 ού
3477 5056 3698 5121 πάντως

2125 5141 2327 5194 ἅπασιν
2354 5140 2411 5191 ai
2443 5141 2607 5195 αὐταί
2630 5157 2643 5171 ⁸
2693 5142 2818 5204 νοῦς
2874 5142 2976 5195 οὐκ
3018 5141 3388 5212 ὲναστράπτει
3431 5145 3642 5201 ἅπασιν
3670 5154 3700 5202 ὁ

2124 5232 2307 5294 αὐτός.

2201 5322 2276 5389 ς’.
2313 5324 2506 5394 Τολμῶ
2552 5334 2646 5378 καὶ
2693 5325 2954 5379 ἀνωτάτω
3005 5327 3200 5397 ἐξᾶραι
3248 5329 3340 5382 τὸν
3378 5329 3559 5397 λόγον.
3611 5331 3699 5386 Ἐν

2127 5418 2239 5479 τοῖς
2264 5416 2684 5486 ὐπερουρανίοις
2721 5417 2999 5487 τάγμασιν
3031 5419 3148 5472 ἔστι
3178 5419 3246 5474 τὰ
3282 5420 3382 5490 μὲν
3433 5421 3699 5494 ὕπερθεν,

2127 5508 2197 5562 τὰ
2227 5507 2283 5559 δὲ
2308 5506 2644 5576 ύποϐἐϐηκε.
2694 5508 2786 5578 Μὴ
2817 5511 3015 5571 πάντες
3042 5511 3347 5581 προφῆται,
3384 5512 3459 5582 μὴ
3496 5515 3701 5575 πάντες

2129 5597 2439 5652 ἀπόστολοι.
2491 5599 2614 5653 Εἰσὶ
2676 5602 2775 5653 καὶ
2828 5601 3094 5669 γλωσσῶν
3139 5602 3417 5672 διαφοραὶ,
3473 5605 3556 5658 ὅτι
3604 5604 3704 5657 καὶ

2126 5687 2323 5742 ἐθνῶν.
2353 5687 2461 5741 Καὶ
2487 5689 2544 5741 αἱ
2572 5688 2672 5757 μὲν
2698 5689 2853 5753 λείως
2880 5690 3089 5757 ἔχουσι,
3115 5692 3209 5745 καὶ
3240 5691 3360 5759 μεθ’
3380 5691 3703 5756 ἱλαρότητος

2196 5872 2225 5889 "'-...
