  <div class='ocr_page' id='page_1' title='image "/cluster/home/n/w/nwhite01/storage/ocr_20150623/136/coo.31924054870419/094.png"; bbox 0 0 4048 6458; ppageno 0'>
   <div class='ocr_carea' id='block_1_1' title="bbox 316 271 422 333">
    <p class='ocr_par' dir='ltr' id='par_1_1' title="bbox 316 271 422 333">
     <span class='ocr_line' id='line_1_1' title="bbox 316 271 422 333; baseline -0.028 0"><span class='ocrx_word' id='word_1_1' title='bbox 316 271 422 333; x_wconf 74' lang='grc'><strong>173</strong></span> 
     </span>
    </p>
   </div>
   <div class='ocr_carea' id='block_1_2' title="bbox 1475 278 2414 346">
    <p class='ocr_par' dir='ltr' id='par_1_2' title="bbox 1475 278 2414 346">
     <span class='ocr_line' id='line_1_2' title="bbox 1475 278 2414 346; baseline 0.01 -10"><span class='ocrx_word' id='word_1_2' title='bbox 1475 279 1865 339; x_wconf 75' lang='lat' dir='ltr'><strong>LAUDATIO</strong></span> <span class='ocrx_word' id='word_1_3' title='bbox 1919 278 1979 340; x_wconf 83' lang='lat' dir='ltr'><strong>S.</strong></span> <span class='ocrx_word' id='word_1_4' title='bbox 2020 280 2414 346; x_wconf 74' lang='lat' dir='ltr'><strong>DEMETRII.</strong></span> 
     </span>
    </p>
   </div>
   <div class='ocr_carea' id='block_1_3' title="bbox 3479 295 3579 359">
    <p class='ocr_par' dir='ltr' id='par_1_3' title="bbox 3479 295 3579 359">
     <span class='ocr_line' id='line_1_3' title="bbox 3479 295 3579 359; baseline 0.02 -2"><span class='ocrx_word' id='word_1_5' title='bbox 3479 295 3579 359; x_wconf 68' lang='grc'><strong>174</strong></span> 
     </span>
    </p>
   </div>
   <div class='ocr_carea' id='block_1_4' title="bbox 306 384 1886 472">
    <p class='ocr_par' dir='ltr' id='par_1_4' title="bbox 306 384 1880 460">
     <span class='ocr_line' id='line_1_4' title="bbox 306 384 1880 460; baseline 0.005 -24"><span class='ocrx_word' id='word_1_6' title='bbox 306 388 389 445; x_wconf 79' lang='grc' dir='ltr'><strong>εἰς</strong></span> <span class='ocrx_word' id='word_1_7' title='bbox 412 386 578 452; x_wconf 64' lang='grc' dir='ltr'>ὄγκον</span> <span class='ocrx_word' id='word_1_8' title='bbox 604 384 908 456; x_wconf 71' lang='grc' dir='ltr'>διαίρονται</span> <span class='ocrx_word' id='word_1_9' title='bbox 930 402 942 415; x_wconf 87' lang='grc'><strong>·</strong></span> <span class='ocrx_word' id='word_1_10' title='bbox 972 388 1027 438; x_wconf 85' lang='grc' dir='ltr'>αἱ</span> <span class='ocrx_word' id='word_1_11' title='bbox 1063 385 1118 440; x_wconf 79' lang='grc' dir='ltr'>δὲ</span> <span class='ocrx_word' id='word_1_12' title='bbox 1152 389 1326 457; x_wconf 76' lang='grc' dir='ltr'>τραχὺ</span> <span class='ocrx_word' id='word_1_13' title='bbox 1354 391 1756 460; x_wconf 77' lang='grc' dir='ltr'>γαργαρίξουσι</span> <span class='ocrx_word' id='word_1_14' title='bbox 1786 392 1880 447; x_wconf 64' lang='grc' dir='ltr'><strong>καὶ</strong></span> 
     </span>
    </p>
   </div>
   <div class='ocr_carea' id='block_1_5' title="bbox 1992 384 3579 472">
    <p class='ocr_par' dir='ltr' id='par_1_5' title="bbox 1992 394 3579 472">
     <span class='ocr_line' id='line_1_5' title="bbox 1992 394 3579 472; baseline 0.009 -28"><span class='ocrx_word' id='word_1_15' title='bbox 1992 400 2193 458; x_wconf 85' lang='lat' dir='ltr'><strong>tuntur,</strong></span> <span class='ocrx_word' id='word_1_16' title='bbox 2218 394 2320 449; x_wconf 66' lang='lat' dir='ltr'><strong>illa:</strong></span> <span class='ocrx_word' id='word_1_17' title='bbox 2340 405 2392 449; x_wconf 88' lang='lat' dir='ltr'><strong>et</strong></span> <span class='ocrx_word' id='word_1_18' title='bbox 2416 396 2683 452; x_wconf 87' lang='lat' dir='ltr'><strong>rnstlciter</strong></span> <span class='ocrx_word' id='word_1_19' title='bbox 2701 412 2792 466; x_wconf 84' lang='lat' dir='ltr'><strong>per</strong></span> <span class='ocrx_word' id='word_1_20' title='bbox 2810 400 2871 454; x_wconf 84' lang='lat' dir='ltr'><strong>ba</strong></span> <span class='ocrx_word' id='word_1_21' title='bbox 2882 398 3065 454; x_wconf 84' lang='lat' dir='ltr'><strong>rbarus</strong></span> <span class='ocrx_word' id='word_1_22' title='bbox 3081 415 3245 459; x_wconf 84' lang='lat' dir='ltr'><strong>sonos</strong></span> <span class='ocrx_word' id='word_1_23' title='bbox 3260 406 3579 472; x_wconf 78' lang='lat' dir='ltr'><strong>procedunt.</strong></span> 
     </span>
    </p>
   </div>
   <div class='ocr_carea' id='block_1_6' title="bbox 307 478 1892 552">
    <p class='ocr_par' dir='ltr' id='par_1_6' title="bbox 307 478 1892 552">
     <span class='ocr_line' id='line_1_6' title="bbox 307 478 1892 552; baseline 0.006 -22"><span class='ocrx_word' id='word_1_24' title='bbox 307 478 693 546; x_wconf 76' lang='grc' dir='ltr'>ἐξαγριοῦνται</span> <span class='ocrx_word' id='word_1_25' title='bbox 720 479 813 533; x_wconf 82' lang='grc' dir='ltr'><strong>διὰ</strong></span> <span class='ocrx_word' id='word_1_26' title='bbox 850 480 913 533; x_wconf 84' lang='grc' dir='ltr'>τὸ</span> <span class='ocrx_word' id='word_1_27' title='bbox 948 479 1402 550; x_wconf 83' lang='grc' dir='ltr'>βαρϐαρόφωνον.</span> <span class='ocrx_word' id='word_1_28' title='bbox 1438 484 1550 536; x_wconf 74' lang='grc' dir='ltr'>Καὶ</span> <span class='ocrx_word' id='word_1_29' title='bbox 1580 485 1728 552; x_wconf 79' lang='grc' dir='ltr'>ὅμως</span> <span class='ocrx_word' id='word_1_30' title='bbox 1763 487 1892 540; x_wconf 75' lang='grc' dir='ltr'>’ἐκα-</span> 
     </span>
    </p>
   </div>
   <div class='ocr_carea' id='block_1_7' title="bbox 308 572 1893 647">
    <p class='ocr_par' dir='ltr' id='par_1_7' title="bbox 308 572 1893 647">
     <span class='ocr_line' id='line_1_7' title="bbox 308 572 1893 647; baseline 0.004 -24"><span class='ocrx_word' id='word_1_31' title='bbox 308 587 439 624; x_wconf 70' lang='grc' dir='ltr'>στον</span> <span class='ocrx_word' id='word_1_32' title='bbox 471 572 644 635; x_wconf 67' lang='grc' dir='ltr'>ἔθνος,</span> <span class='ocrx_word' id='word_1_33' title='bbox 679 580 739 624; x_wconf 81' lang='grc' dir='ltr'><strong>το</strong></span> <span class='ocrx_word' id='word_1_34' title='bbox 765 588 827 625; x_wconf 83' lang='grc' dir='ltr'><strong>τε</strong></span> <span class='ocrx_word' id='word_1_35' title='bbox 856 572 1099 640; x_wconf 78' lang='grc' dir='ltr'>εὐγενῶς</span> <span class='ocrx_word' id='word_1_36' title='bbox 1130 574 1347 639; x_wconf 85' lang='grc' dir='ltr'>λαλοῦν,</span> <span class='ocrx_word' id='word_1_37' title='bbox 1388 576 1483 628; x_wconf 74' lang='grc' dir='ltr'><strong>καὶ</strong></span> <span class='ocrx_word' id='word_1_38' title='bbox 1509 577 1568 627; x_wconf 85' lang='grc' dir='ltr'>τὸ</span> <span class='ocrx_word' id='word_1_39' title='bbox 1595 575 1893 647; x_wconf 81' lang='grc' dir='ltr'>βάρϐαρον,</span> 
     </span>
    </p>
   </div>
   <div class='ocr_carea' id='block_1_8' title="bbox 310 663 1899 733">
    <p class='ocr_par' dir='ltr' id='par_1_8' title="bbox 310 663 1899 733">
     <span class='ocr_line' id='line_1_8' title="bbox 310 663 1899 733; baseline 0.006 -20"><span class='ocrx_word' id='word_1_40' title='bbox 310 663 572 731; x_wconf 78' lang='grc' dir='ltr'>μένουσιν</span> <span class='ocrx_word' id='word_1_41' title='bbox 598 664 700 715; x_wconf 72' lang='grc' dir='ltr'>οὐκ</span> <span class='ocrx_word' id='word_1_42' title='bbox 727 664 1164 733; x_wconf 77' lang='grc' dir='ltr'>ἁπαλειφόμενα.</span> <span class='ocrx_word' id='word_1_43' title='bbox 1216 667 1325 719; x_wconf 68' lang='grc' dir='ltr'><strong>Καὶ</strong></span> <span class='ocrx_word' id='word_1_44' title='bbox 1349 666 1632 720; x_wconf 71' lang='grc' dir='ltr'><strong>διαπλέκει</strong></span> <span class='ocrx_word' id='word_1_45' title='bbox 1678 670 1773 721; x_wconf 74' lang='grc' dir='ltr'>καὶ</span> <span class='ocrx_word' id='word_1_46' title='bbox 1806 669 1899 723; x_wconf 80' lang='grc' dir='ltr'>οῦ-</span> 
     </span>
    </p>
   </div>
   <div class='ocr_carea' id='block_1_9' title="bbox 306 751 1897 828">
    <p class='ocr_par' dir='ltr' id='par_1_9' title="bbox 306 751 1897 828">
     <span class='ocr_line' id='line_1_9' title="bbox 306 751 1897 828; baseline 0.006 -25"><span class='ocrx_word' id='word_1_47' title='bbox 306 769 417 816; x_wconf 81' lang='grc' dir='ltr'><strong>τως</strong></span> <span class='ocrx_word' id='word_1_48' title='bbox 451 755 483 820; x_wconf 76' lang='grc' dir='ltr'>ἡ</span> <span class='ocrx_word' id='word_1_49' title='bbox 512 751 741 821; x_wconf 82' lang='grc' dir='ltr'>πρόνοια</span> <span class='ocrx_word' id='word_1_50' title='bbox 764 752 827 804; x_wconf 83' lang='grc' dir='ltr'>τὸ</span> <span class='ocrx_word' id='word_1_51' title='bbox 843 754 937 808; x_wconf 89' lang='grc' dir='ltr'><strong>τοῦ</strong></span> <span class='ocrx_word' id='word_1_52' title='bbox 961 754 1078 823; x_wconf 84' lang='grc' dir='ltr'>βίου</span> <span class='ocrx_word' id='word_1_53' title='bbox 1102 756 1498 825; x_wconf 74' lang='grc' dir='ltr'>πολύστροφον.</span> <span class='ocrx_word' id='word_1_54' title='bbox 1531 759 1742 828; x_wconf 78' lang='grc' dir='ltr'>Ὠσπερ</span> <span class='ocrx_word' id='word_1_55' title='bbox 1770 761 1897 812; x_wconf 74' lang='grc' dir='ltr'>πολ-</span> 
     </span>
    </p>
   </div>
   <div class='ocr_carea' id='block_1_10' title="bbox 308 842 1898 924">
    <p class='ocr_par' dir='ltr' id='par_1_10' title="bbox 308 842 1898 924">
     <span class='ocr_line' id='line_1_10' title="bbox 308 842 1898 924; baseline 0.007 -30"><span class='ocrx_word' id='word_1_56' title='bbox 308 842 403 898; x_wconf 76' lang='grc' dir='ltr'>λαὶ</span> <span class='ocrx_word' id='word_1_57' title='bbox 435 849 599 912; x_wconf 78' lang='grc' dir='ltr'>μοναὶ</span> <span class='ocrx_word' id='word_1_58' title='bbox 648 848 935 919; x_wconf 75' lang='grc' dir='ltr'><strong>σωτήριοι,</strong></span> <span class='ocrx_word' id='word_1_59' title='bbox 974 847 1122 902; x_wconf 80' lang='grc' dir='ltr'>οὕτω</span> <span class='ocrx_word' id='word_1_60' title='bbox 1177 852 1274 903; x_wconf 58' lang='grc' dir='ltr'><strong>καὶ⁵</strong></span> <span class='ocrx_word' id='word_1_61' title='bbox 1302 852 1550 924; x_wconf 85' lang='grc' dir='ltr'>διάφοροι</span> <span class='ocrx_word' id='word_1_62' title='bbox 1592 855 1898 907; x_wconf 77' lang='grc' dir='ltr'>σπουδαίων</span> 
     </span>
    </p>
   </div>
   <div class='ocr_carea' id='block_1_11' title="bbox 310 934 1897 1010">
    <p class='ocr_par' dir='ltr' id='par_1_11' title="bbox 310 934 1897 1010">
     <span class='ocr_line' id='line_1_11' title="bbox 310 934 1897 1010; baseline 0.007 -25"><span class='ocrx_word' id='word_1_63' title='bbox 310 934 487 1000; x_wconf 78' lang='grc' dir='ltr'>λόγων</span> <span class='ocrx_word' id='word_1_64' title='bbox 522 940 875 1005; x_wconf 65' lang='grc' dir='ltr'>καταγωγαὶ,</span> <span class='ocrx_word' id='word_1_65' title='bbox 923 941 1021 993; x_wconf 79' lang='grc' dir='ltr'>καὶ</span> <span class='ocrx_word' id='word_1_66' title='bbox 1044 941 1164 1010; x_wconf 76' lang='grc' dir='ltr'><strong>Θεῷ</strong></span> <span class='ocrx_word' id='word_1_67' title='bbox 1204 942 1298 995; x_wconf 78' lang='grc' dir='ltr'><strong>καὶ</strong></span> <span class='ocrx_word' id='word_1_68' title='bbox 1330 946 1444 1005; x_wconf 81' lang='grc' dir='ltr'>τοῖς</span> <span class='ocrx_word' id='word_1_69' title='bbox 1469 942 1565 995; x_wconf 87' lang='grc' dir='ltr'><strong>τοῦ</strong></span> <span class='ocrx_word' id='word_1_70' title='bbox 1605 942 1740 996; x_wconf 83' lang='grc' dir='ltr'>Θεοῦ</span> <span class='ocrx_word' id='word_1_71' title='bbox 1794 946 1897 997; x_wconf 79' lang='grc' dir='ltr'>οὐκ</span> 
     </span>
    </p>
   </div>
   <div class='ocr_carea' id='block_1_12' title="bbox 310 1025 1899 1101">
    <p class='ocr_par' dir='ltr' id='par_1_12' title="bbox 310 1025 1899 1101">
     <span class='ocr_line' id='line_1_12' title="bbox 310 1025 1899 1101; baseline 0.006 -24"><span class='ocrx_word' id='word_1_72' title='bbox 310 1025 637 1097; x_wconf 75' lang='grc' dir='ltr'>ἀπόϐλητοι.</span> <span class='ocrx_word' id='word_1_73' title='bbox 671 1029 856 1083; x_wconf 77' lang='grc' dir='ltr'>Καλὸν</span> <span class='ocrx_word' id='word_1_74' title='bbox 887 1036 1130 1101; x_wconf 79' lang='grc' dir='ltr'>ποταμοὶ</span> <span class='ocrx_word' id='word_1_75' title='bbox 1159 1032 1483 1101; x_wconf 83' lang='grc' dir='ltr'>πλήθοντες,</span> <span class='ocrx_word' id='word_1_76' title='bbox 1534 1035 1627 1086; x_wconf 79' lang='grc' dir='ltr'>καὶ</span> <span class='ocrx_word' id='word_1_77' title='bbox 1656 1035 1738 1096; x_wconf 84' lang='grc' dir='ltr'><strong>είς</strong></span> <span class='ocrx_word' id='word_1_78' title='bbox 1770 1036 1899 1087; x_wconf 83' lang='grc' dir='ltr'>πολ-</span> 
     </span>
    </p>
   </div>
   <div class='ocr_carea' id='block_1_13' title="bbox 308 1119 1895 1198">
    <p class='ocr_par' dir='ltr' id='par_1_13' title="bbox 308 1119 1895 1198">
     <span class='ocr_line' id='line_1_13' title="bbox 308 1119 1895 1198; baseline 0.004 -26"><span class='ocrx_word' id='word_1_79' title='bbox 308 1119 435 1184; x_wconf 79' lang='grc' dir='ltr'>λοὺς</span> <span class='ocrx_word' id='word_1_80' title='bbox 467 1122 781 1191; x_wconf 72' lang='grc' dir='ltr'>σχιζόμενοι</span> <span class='ocrx_word' id='word_1_81' title='bbox 817 1124 1030 1189; x_wconf 82' lang='grc' dir='ltr'>κλῶνας</span> <span class='ocrx_word' id='word_1_82' title='bbox 1053 1143 1068 1158; x_wconf 72' lang='grc' dir='ltr'><strong>ο</strong></span> <span class='ocrx_word' id='word_1_83' title='bbox 1124 1129 1228 1179; x_wconf 82' lang='grc' dir='ltr'>οὐκ</span> <span class='ocrx_word' id='word_1_84' title='bbox 1262 1127 1426 1198; x_wconf 78' lang='grc' dir='ltr'>ἄχαρι</span> <span class='ocrx_word' id='word_1_85' title='bbox 1459 1128 1516 1180; x_wconf 82' lang='grc' dir='ltr'>δὲ</span> <span class='ocrx_word' id='word_1_86' title='bbox 1556 1128 1679 1180; x_wconf 73' lang='grc' dir='ltr'>οὐδὲ</span> <span class='ocrx_word' id='word_1_87' title='bbox 1720 1131 1895 1196; x_wconf 68' lang='grc' dir='ltr'>πηγαὶ</span> 
     </span>
    </p>
   </div>
   <div class='ocr_carea' id='block_1_14' title="bbox 311 1211 1893 1288">
    <p class='ocr_par' dir='ltr' id='par_1_14' title="bbox 311 1211 1893 1288">
     <span class='ocr_line' id='line_1_14' title="bbox 311 1211 1893 1288; baseline 0.003 -24"><span class='ocrx_word' id='word_1_88' title='bbox 311 1211 672 1279; x_wconf 77' lang='grc' dir='ltr'>μονάζουσαι.</span> <span class='ocrx_word' id='word_1_89' title='bbox 715 1213 880 1267; x_wconf 86' lang='grc' dir='ltr'>Ἐϐόα</span> <span class='ocrx_word' id='word_1_90' title='bbox 907 1233 1011 1281; x_wconf 86' lang='grc' dir='ltr'>τις,</span> <span class='ocrx_word' id='word_1_91' title='bbox 1040 1218 1164 1271; x_wconf 83' lang='grc' dir='ltr'>ὅσον</span> <span class='ocrx_word' id='word_1_92' title='bbox 1207 1217 1358 1270; x_wconf 82' lang='grc' dir='ltr'>ἄλλοι</span> <span class='ocrx_word' id='word_1_93' title='bbox 1391 1219 1733 1288; x_wconf 80' lang='grc' dir='ltr'>πεντήκοντα</span> <span class='ocrx_word' id='word_1_94' title='bbox 1756 1235 1771 1249; x_wconf 72' lang='grc' dir='ltr'><strong>ο</strong></span> <span class='ocrx_word' id='word_1_95' title='bbox 1802 1220 1893 1271; x_wconf 69' lang='grc' dir='ltr'>καὶ</span> 
     </span>
    </p>
   </div>
   <div class='ocr_carea' id='block_1_15' title="bbox 307 1306 1892 1383">
    <p class='ocr_par' dir='ltr' id='par_1_15' title="bbox 307 1306 1892 1383">
     <span class='ocr_line' id='line_1_15' title="bbox 307 1306 1892 1383; baseline 0.003 -25"><span class='ocrx_word' id='word_1_96' title='bbox 307 1309 372 1359; x_wconf 80' lang='grc' dir='ltr'>τὸ</span> <span class='ocrx_word' id='word_1_97' title='bbox 401 1306 637 1378; x_wconf 80' lang='grc' dir='ltr'>φώνημα</span> <span class='ocrx_word' id='word_1_98' title='bbox 669 1310 1013 1380; x_wconf 81' lang='grc' dir='ltr'>Στεντόρειον</span> <span class='ocrx_word' id='word_1_99' title='bbox 1068 1310 1281 1381; x_wconf 77' lang='grc' dir='ltr'>ᾅδεται.</span> <span class='ocrx_word' id='word_1_100' title='bbox 1332 1312 1442 1364; x_wconf 69' lang='grc' dir='ltr'><strong>Καὶ</strong></span> <span class='ocrx_word' id='word_1_101' title='bbox 1491 1312 1591 1365; x_wconf 70' lang='grc' dir='ltr'>οὐκ</span> <span class='ocrx_word' id='word_1_102' title='bbox 1626 1312 1725 1383; x_wconf 68' lang='grc' dir='ltr'>ήδη</span> <span class='ocrx_word' id='word_1_103' title='bbox 1782 1312 1892 1364; x_wconf 78' lang='grc' dir='ltr'>τῶν</span> 
     </span>
    </p>
   </div>
   <div class='ocr_carea' id='block_1_16' title="bbox 307 1400 1891 1475">
    <p class='ocr_par' dir='ltr' id='par_1_16' title="bbox 307 1400 1891 1475">
     <span class='ocr_line' id='line_1_16' title="bbox 307 1400 1891 1475; baseline 0.003 -22"><span class='ocrx_word' id='word_1_104' title='bbox 307 1400 487 1464; x_wconf 75' lang='grc' dir='ltr'>ἄλλως</span> <span class='ocrx_word' id='word_1_105' title='bbox 519 1402 846 1468; x_wconf 82' lang='grc' dir='ltr'>φωνούντων</span> <span class='ocrx_word' id='word_1_106' title='bbox 892 1404 1226 1471; x_wconf 77' lang='grc' dir='ltr'><strong>ἀποτέμνειν</strong></span> <span class='ocrx_word' id='word_1_107' title='bbox 1274 1404 1383 1457; x_wconf 71' lang='grc' dir='ltr'>ἔδει</span> <span class='ocrx_word' id='word_1_108' title='bbox 1421 1406 1550 1467; x_wconf 77' lang='grc' dir='ltr'>τοὺς</span> <span class='ocrx_word' id='word_1_109' title='bbox 1587 1406 1891 1475; x_wconf 81' lang='grc' dir='ltr'>λάρυγγας.</span> 
     </span>
    </p>
   </div>
   <div class='ocr_carea' id='block_1_17' title="bbox 313 1493 1895 1567">
    <p class='ocr_par' dir='ltr' id='par_1_17' title="bbox 313 1493 1895 1567">
     <span class='ocr_line' id='line_1_17' title="bbox 313 1493 1895 1567; baseline 0.004 -22"><span class='ocrx_word' id='word_1_110' title='bbox 313 1493 586 1547; x_wconf 79' lang='grc' dir='ltr'>Ἐϐλεπεν</span> <span class='ocrx_word' id='word_1_111' title='bbox 603 1493 792 1565; x_wconf 77' lang='grc' dir='ltr'>ἔτερος</span> <span class='ocrx_word' id='word_1_112' title='bbox 808 1511 899 1549; x_wconf 88' lang='grc' dir='ltr'><strong>και</strong></span> <span class='ocrx_word' id='word_1_113' title='bbox 931 1498 1001 1549; x_wconf 84' lang='grc' dir='ltr'>τὰ</span> <span class='ocrx_word' id='word_1_114' title='bbox 1031 1497 1176 1550; x_wconf 81' lang='grc' dir='ltr'>κατὰ</span> <span class='ocrx_word' id='word_1_115' title='bbox 1215 1500 1337 1567; x_wconf 78' lang='grc' dir='ltr'>γῆς,</span> <span class='ocrx_word' id='word_1_116' title='bbox 1367 1500 1461 1551; x_wconf 76' lang='grc' dir='ltr'>καὶ</span> <span class='ocrx_word' id='word_1_117' title='bbox 1482 1499 1732 1563; x_wconf 83' lang='grc' dir='ltr'>σταδίοις,</span> <span class='ocrx_word' id='word_1_118' title='bbox 1767 1502 1895 1551; x_wconf 64' lang='grc' dir='ltr'>ἐπίε-</span> 
     </span>
    </p>
   </div>
   <div class='ocr_carea' id='block_1_18' title="bbox 313 1588 1895 1661">
    <p class='ocr_par' dir='ltr' id='par_1_18' title="bbox 313 1588 1895 1661">
     <span class='ocr_line' id='line_1_18' title="bbox 313 1588 1895 1661; baseline 0.004 -23"><span class='ocrx_word' id='word_1_119' title='bbox 313 1604 430 1647; x_wconf 81' lang='grc' dir='ltr'>σοις</span> <span class='ocrx_word' id='word_1_120' title='bbox 484 1588 661 1651; x_wconf 66' lang='grc' dir='ltr'>οὐδεὶς</span> <span class='ocrx_word' id='word_1_121' title='bbox 708 1589 867 1650; x_wconf 84' lang='grc' dir='ltr'>ἄλλος</span> <span class='ocrx_word' id='word_1_122' title='bbox 898 1628 913 1651; x_wconf 88' lang='grc'><strong>,</strong></span> <span class='ocrx_word' id='word_1_123' title='bbox 951 1590 1293 1660; x_wconf 74' lang='grc' dir='ltr'>παρεμέτρει</span> <span class='ocrx_word' id='word_1_124' title='bbox 1344 1593 1443 1661; x_wconf 78' lang='grc' dir='ltr'>τὴν</span> <span class='ocrx_word' id='word_1_125' title='bbox 1493 1593 1725 1661; x_wconf 62' lang='grc' dir='ltr'>ὅρασιν*</span> <span class='ocrx_word' id='word_1_126' title='bbox 1757 1593 1895 1645; x_wconf 80' lang='grc' dir='ltr'>ἀλλὰ</span> 
     </span>
    </p>
   </div>
   <div class='ocr_carea' id='block_1_19' title="bbox 311 1679 1892 1752">
    <p class='ocr_par' dir='ltr' id='par_1_19' title="bbox 311 1679 1892 1752">
     <span class='ocr_line' id='line_1_19' title="bbox 311 1679 1892 1752; baseline 0.004 -23"><span class='ocrx_word' id='word_1_127' title='bbox 311 1680 534 1739; x_wconf 78' lang='grc' dir='ltr'>πλείους</span> <span class='ocrx_word' id='word_1_128' title='bbox 558 1680 640 1740; x_wconf 83' lang='grc' dir='ltr'>εἱς</span> <span class='ocrx_word' id='word_1_129' title='bbox 669 1679 923 1750; x_wconf 78' lang='grc' dir='ltr'>ἄπειρον,</span> <span class='ocrx_word' id='word_1_130' title='bbox 949 1680 999 1731; x_wconf 79' lang='grc' dir='ltr'>οἳ</span> <span class='ocrx_word' id='word_1_131' title='bbox 1033 1682 1264 1752; x_wconf 66' lang='grc' dir='ltr'>ὲτεροίοι</span> <span class='ocrx_word' id='word_1_132' title='bbox 1292 1682 1391 1751; x_wconf 81' lang='grc' dir='ltr'>τὴν</span> <span class='ocrx_word' id='word_1_133' title='bbox 1424 1683 1549 1750; x_wconf 65' lang='grc' dir='ltr'>ὄψιν</span> <span class='ocrx_word' id='word_1_134' title='bbox 1588 1683 1762 1748; x_wconf 67' lang='grc' dir='ltr'>ὅντες,</span> <span class='ocrx_word' id='word_1_135' title='bbox 1795 1685 1892 1751; x_wconf 66' lang='grc' dir='ltr'>τὴν</span> 
     </span>
    </p>
   </div>
   <div class='ocr_carea' id='block_1_20' title="bbox 2004 485 3582 564">
    <p class='ocr_par' dir='ltr' id='par_1_20' title="bbox 2004 485 3582 564">
     <span class='ocr_line' id='line_1_20' title="bbox 2004 485 3582 564; baseline 0.014 -31"><span class='ocrx_word' id='word_1_136' title='bbox 2004 485 2266 539; x_wconf 74' lang='lat' dir='ltr'><strong>Similiter</strong></span> <span class='ocrx_word' id='word_1_137' title='bbox 2294 498 2346 542; x_wconf 83' lang='lat' dir='ltr'><strong>et</strong></span> <span class='ocrx_word' id='word_1_138' title='bbox 2383 504 2718 560; x_wconf 69' lang='lat' dir='ltr'><strong>unaquaeque</strong></span> <span class='ocrx_word' id='word_1_139' title='bbox 2752 507 2902 564; x_wconf 83' lang='lat' dir='ltr'><strong>gens,</strong></span> <span class='ocrx_word' id='word_1_140' title='bbox 2936 493 3039 548; x_wconf 85' lang='lat' dir='ltr'><strong>alia</strong></span> <span class='ocrx_word' id='word_1_141' title='bbox 3079 508 3323 563; x_wconf 77' lang='lat' dir='ltr'><strong>venuste,</strong></span> <span class='ocrx_word' id='word_1_142' title='bbox 3353 495 3582 556; x_wconf 74' lang='lat' dir='ltr'><strong>barbare</strong></span> 
     </span>
    </p>
   </div>
   <div class='ocr_carea' id='block_1_21' title="bbox 2001 566 3583 646">
    <p class='ocr_par' dir='ltr' id='par_1_21' title="bbox 2001 566 3583 646">
     <span class='ocr_line' id='line_1_21' title="bbox 2001 566 3583 646; baseline 0.011 -18"><span class='ocrx_word' id='word_1_143' title='bbox 2001 577 2103 629; x_wconf 61' lang='lat' dir='ltr'><strong>alia</strong></span> <span class='ocrx_word' id='word_1_144' title='bbox 2139 579 2384 643; x_wconf 72' lang='lat' dir='ltr'><strong>loquens,</strong></span> <span class='ocrx_word' id='word_1_145' title='bbox 2414 593 2631 637; x_wconf 85' lang='lat' dir='ltr'><strong>manent</strong></span> <span class='ocrx_word' id='word_1_146' title='bbox 2657 598 2755 637; x_wconf 92' lang='lat' dir='ltr'><strong>nec</strong></span> <span class='ocrx_word' id='word_1_147' title='bbox 2775 599 2805 639; x_wconf 93' lang='lat' dir='ltr'><strong>e</strong></span> <span class='ocrx_word' id='word_1_148' title='bbox 2828 566 3006 640; x_wconf 79' lang='lat' dir='ltr'><strong>medio</strong></span> <span class='ocrx_word' id='word_1_149' title='bbox 3032 586 3315 645; x_wconf 89' lang='lat' dir='ltr'><strong>tolluntur.</strong></span> <span class='ocrx_word' id='word_1_150' title='bbox 3345 588 3436 644; x_wconf 85' lang='lat' dir='ltr'><strong>Sic</strong></span> <span class='ocrx_word' id='word_1_151' title='bbox 3458 591 3583 646; x_wconf 76' lang='lat' dir='ltr'><strong>vitae</strong></span> 
     </span>
    </p>
   </div>
   <div class='ocr_carea' id='block_1_22' title="bbox 2003 672 3579 745">
    <p class='ocr_par' dir='ltr' id='par_1_22' title="bbox 2003 672 3579 745">
     <span class='ocr_line' id='line_1_22' title="bbox 2003 672 3579 745; baseline 0.011 -25"><span class='ocrx_word' id='word_1_152' title='bbox 2003 672 2354 725; x_wconf 82' lang='lat' dir='ltr'><strong>mobilitatem</strong></span> <span class='ocrx_word' id='word_1_153' title='bbox 2395 674 2737 730; x_wconf 70' lang='lat' dir='ltr'><strong>Providentia</strong></span> <span class='ocrx_word' id='word_1_154' title='bbox 2773 679 3074 734; x_wconf 83' lang='lat' dir='ltr'><strong>iutertexit.</strong></span> <span class='ocrx_word' id='word_1_155' title='bbox 3115 680 3579 745; x_wconf 78' lang='lat' dir='ltr'><strong>Quemadmodum</strong></span> 
     </span>
    </p>
   </div>
   <div class='ocr_carea' id='block_1_23' title="bbox 2001 763 3582 834">
    <p class='ocr_par' dir='ltr' id='par_1_23' title="bbox 2001 763 3582 834">
     <span class='ocr_line' id='line_1_23' title="bbox 2001 763 3582 834; baseline 0.009 -20"><span class='ocrx_word' id='word_1_156' title='bbox 2001 763 2182 816; x_wconf 78' lang='lat' dir='ltr'><strong>utalia:</strong></span> <span class='ocrx_word' id='word_1_157' title='bbox 2212 765 2263 816; x_wconf 89' lang='lat' dir='ltr'><strong>in</strong></span> <span class='ocrx_word' id='word_1_158' title='bbox 2297 765 2486 819; x_wconf 74' lang='grc' dir='ltr'>ειιιιιιῐε</span> <span class='ocrx_word' id='word_1_159' title='bbox 2518 769 2708 824; x_wconf 86' lang='lat' dir='ltr'><strong>ordine</strong></span> <span class='ocrx_word' id='word_1_160' title='bbox 2738 773 3065 834; x_wconf 87' lang='lat' dir='ltr'><strong>mansiones.</strong></span> <span class='ocrx_word' id='word_1_161' title='bbox 3096 773 3175 826; x_wconf 92' lang='lat' dir='ltr'><strong>sic</strong></span> <span class='ocrx_word' id='word_1_162' title='bbox 3210 774 3343 827; x_wconf 83' lang='lat' dir='ltr'><strong>varii</strong></span> <span class='ocrx_word' id='word_1_163' title='bbox 3377 789 3582 829; x_wconf 81' lang='lat' dir='ltr'><strong>sermo—</strong></span> 
     </span>
    </p>
   </div>
   <div class='ocr_carea' id='block_1_24' title="bbox 2001 864 3582 932">
    <p class='ocr_par' dir='ltr' id='par_1_24' title="bbox 2001 864 3582 932">
     <span class='ocr_line' id='line_1_24' title="bbox 2001 864 3582 932; baseline 0.011 -25"><span class='ocrx_word' id='word_1_164' title='bbox 2001 870 2129 909; x_wconf 92' lang='lat' dir='ltr'><strong>num</strong></span> <span class='ocrx_word' id='word_1_165' title='bbox 2167 867 2448 912; x_wconf 88' lang='lat' dir='ltr'><strong>acutorum</strong></span> <span class='ocrx_word' id='word_1_166' title='bbox 2472 871 2762 930; x_wconf 76' lang='lat' dir='ltr'><strong>apparatus</strong></span> <span class='ocrx_word' id='word_1_167' title='bbox 2786 877 2886 919; x_wconf 90' lang='lat' dir='ltr'><strong>nec</strong></span> <span class='ocrx_word' id='word_1_168' title='bbox 2922 864 2988 919; x_wconf 87' lang='lat' dir='ltr'><strong>de</strong></span> <span class='ocrx_word' id='word_1_169' title='bbox 3023 864 3157 932; x_wconf 85' lang='lat' dir='ltr'><strong>Deo,</strong></span> <span class='ocrx_word' id='word_1_170' title='bbox 3188 881 3287 923; x_wconf 87' lang='lat' dir='ltr'><strong>nec</strong></span> <span class='ocrx_word' id='word_1_171' title='bbox 3319 866 3385 921; x_wconf 90' lang='lat' dir='ltr'><strong>de</strong></span> <span class='ocrx_word' id='word_1_172' title='bbox 3421 868 3582 924; x_wconf 85' lang='lat' dir='ltr'><strong>rebus</strong></span> 
     </span>
    </p>
   </div>
   <div class='ocr_carea' id='block_1_25' title="bbox 2001 945 3584 1025">
    <p class='ocr_par' dir='ltr' id='par_1_25' title="bbox 2001 945 3584 1025">
     <span class='ocr_line' id='line_1_25' title="bbox 2001 945 3584 1025; baseline 0.011 -27"><span class='ocrx_word' id='word_1_173' title='bbox 2001 945 2206 1002; x_wconf 77' lang='lat' dir='ltr'><strong>divinis</strong></span> <span class='ocrx_word' id='word_1_174' title='bbox 2239 948 2599 1017; x_wconf 86' lang='lat' dir='ltr'><strong>improhandi.</strong></span> <span class='ocrx_word' id='word_1_175' title='bbox 2632 950 2861 1007; x_wconf 81' lang='lat' dir='ltr'><strong>Pulchra</strong></span> <span class='ocrx_word' id='word_1_176' title='bbox 2895 969 3052 1011; x_wconf 88' lang='lat' dir='ltr'><strong>amne</strong></span> <span class='ocrx_word' id='word_1_177' title='bbox 3084 958 3241 1025; x_wconf 89' lang='lat' dir='ltr'><strong>pleno</strong></span> <span class='ocrx_word' id='word_1_178' title='bbox 3272 956 3493 1013; x_wconf 83' lang='lat' dir='ltr'><strong>ﬂumina</strong></span> <span class='ocrx_word' id='word_1_179' title='bbox 3526 972 3584 1016; x_wconf 89' lang='lat' dir='ltr'><strong>et</strong></span> 
     </span>
    </p>
   </div>
   <div class='ocr_carea' id='block_1_26' title="bbox 2002 1039 3583 1113">
    <p class='ocr_par' dir='ltr' id='par_1_26' title="bbox 2002 1039 3583 1113">
     <span class='ocr_line' id='line_1_26' title="bbox 2002 1039 3583 1113; baseline 0.015 -25"><span class='ocrx_word' id='word_1_180' title='bbox 2002 1039 2053 1088; x_wconf 85' lang='lat' dir='ltr'><strong>in</strong></span> <span class='ocrx_word' id='word_1_181' title='bbox 2077 1039 2267 1092; x_wconf 78' lang='lat' dir='ltr'><strong>multos</strong></span> <span class='ocrx_word' id='word_1_182' title='bbox 2289 1039 2487 1095; x_wconf 80' lang='lat' dir='ltr'><strong>rivulus</strong></span> <span class='ocrx_word' id='word_1_183' title='bbox 2512 1043 2698 1107; x_wconf 81' lang='lat' dir='ltr'><strong>divisa,</strong></span> <span class='ocrx_word' id='word_1_184' title='bbox 2720 1058 2816 1099; x_wconf 89' lang='lat' dir='ltr'><strong>nec</strong></span> <span class='ocrx_word' id='word_1_185' title='bbox 2843 1044 3043 1113; x_wconf 84' lang='lat' dir='ltr'><strong>absque</strong></span> <span class='ocrx_word' id='word_1_186' title='bbox 3066 1050 3381 1105; x_wconf 55' lang='lat' dir='ltr'><strong>amoenitate</strong></span> <span class='ocrx_word' id='word_1_187' title='bbox 3404 1048 3583 1111; x_wconf 78' lang='lat' dir='ltr'><strong>fontes</strong></span> 
     </span>
    </p>
   </div>
   <div class='ocr_carea' id='block_1_27' title="bbox 2004 1130 3581 1214">
    <p class='ocr_par' dir='ltr' id='par_1_27' title="bbox 2004 1130 3581 1214">
     <span class='ocr_line' id='line_1_27' title="bbox 2004 1130 3581 1214; baseline 0.013 -34"><span class='ocrx_word' id='word_1_188' title='bbox 2004 1130 2184 1182; x_wconf 83' lang='lat' dir='ltr'><strong>rivulis</strong></span> <span class='ocrx_word' id='word_1_189' title='bbox 2209 1141 2476 1186; x_wconf 82' lang='lat' dir='ltr'><strong>carentes.</strong></span> <span class='ocrx_word' id='word_1_190' title='bbox 2496 1133 2777 1189; x_wconf 86' lang='lat' dir='ltr'><strong>Clamabat</strong></span> <span class='ocrx_word' id='word_1_191' title='bbox 2801 1136 3264 1205; x_wconf 82' lang='lat' dir='ltr'><strong>aliquisqnantum</strong></span> <span class='ocrx_word' id='word_1_192' title='bbox 3306 1142 3396 1207; x_wconf 70' lang='lat' dir='ltr'><strong>alii</strong></span> <span class='ocrx_word' id='word_1_193' title='bbox 3424 1145 3581 1214; x_wconf 77' lang='lat' dir='ltr'><strong>quin-</strong></span> 
     </span>
    </p>
   </div>
   <div class='ocr_carea' id='block_1_28' title="bbox 1999 1221 3584 1289">
    <p class='ocr_par' dir='ltr' id='par_1_28' title="bbox 1999 1221 3584 1289">
     <span class='ocr_line' id='line_1_28' title="bbox 1999 1221 3584 1289; baseline 0.011 -18"><span class='ocrx_word' id='word_1_194' title='bbox 1999 1221 2248 1288; x_wconf 76' lang='lat' dir='ltr'><strong>quaginta</strong></span> <span class='ocrx_word' id='word_1_195' title='bbox 2282 1231 2335 1275; x_wconf 86' lang='lat' dir='ltr'><strong>et</strong></span> <span class='ocrx_word' id='word_1_196' title='bbox 2357 1236 2456 1275; x_wconf 81' lang='lat' dir='ltr'><strong>vox</strong></span> <span class='ocrx_word' id='word_1_197' title='bbox 2486 1231 2755 1278; x_wconf 87' lang='lat' dir='ltr'><strong>stentorea</strong></span> <span class='ocrx_word' id='word_1_198' title='bbox 2790 1227 3114 1281; x_wconf 81' lang='lat' dir='ltr'><strong>celebratur.</strong></span> <span class='ocrx_word' id='word_1_199' title='bbox 3149 1227 3257 1284; x_wconf 84' lang='lat' dir='ltr'><strong>Nec</strong></span> <span class='ocrx_word' id='word_1_200' title='bbox 3282 1232 3401 1286; x_wconf 85' lang='lat' dir='ltr'><strong>ideo</strong></span> <span class='ocrx_word' id='word_1_201' title='bbox 3425 1235 3584 1289; x_wconf 81' lang='lat' dir='ltr'><strong>aliter</strong></span> 
     </span>
    </p>
   </div>
   <div class='ocr_carea' id='block_1_29' title="bbox 2001 1313 3586 1395">
    <p class='ocr_par' dir='ltr' id='par_1_29' title="bbox 2001 1313 3586 1395">
     <span class='ocr_line' id='line_1_29' title="bbox 2001 1313 3586 1395; baseline 0.012 -33"><span class='ocrx_word' id='word_1_202' title='bbox 2001 1313 2329 1380; x_wconf 85' lang='lat' dir='ltr'><strong>loquentium</strong></span> <span class='ocrx_word' id='word_1_203' title='bbox 2373 1314 2493 1379; x_wconf 73' lang='lat' dir='ltr'><strong>gula</strong></span> <span class='ocrx_word' id='word_1_204' title='bbox 2553 1318 2807 1374; x_wconf 81' lang='lat' dir='ltr'><strong>secanda.</strong></span> <span class='ocrx_word' id='word_1_205' title='bbox 2846 1317 3066 1374; x_wconf 79' lang='lat' dir='ltr'><strong>Videbat</strong></span> <span class='ocrx_word' id='word_1_206' title='bbox 3102 1321 3235 1375; x_wconf 87' lang='lat' dir='ltr'><strong>alius</strong></span> <span class='ocrx_word' id='word_1_207' title='bbox 3269 1339 3386 1393; x_wconf 74' lang='lat' dir='ltr'><strong>qua:</strong></span> <span class='ocrx_word' id='word_1_208' title='bbox 3424 1340 3586 1395; x_wconf 82' lang='lat' dir='ltr'><strong>super</strong></span> 
     </span>
    </p>
   </div>
   <div class='ocr_carea' id='block_1_30' title="bbox 2004 1408 3583 1479">
    <p class='ocr_par' dir='ltr' id='par_1_30' title="bbox 2004 1408 3583 1479">
     <span class='ocr_line' id='line_1_30' title="bbox 2004 1408 3583 1479; baseline 0.008 -22"><span class='ocrx_word' id='word_1_209' title='bbox 2004 1413 2201 1458; x_wconf 85' lang='lat' dir='ltr'><strong>terram</strong></span> <span class='ocrx_word' id='word_1_210' title='bbox 2234 1420 2285 1459; x_wconf 84' lang='lat' dir='ltr'><strong>et</strong></span> <span class='ocrx_word' id='word_1_211' title='bbox 2311 1408 2609 1461; x_wconf 76' lang='lat' dir='ltr'><strong>stadiorum</strong></span> <span class='ocrx_word' id='word_1_212' title='bbox 2641 1423 2863 1464; x_wconf 88' lang='lat' dir='ltr'><strong>numero</strong></span> <span class='ocrx_word' id='word_1_213' title='bbox 2894 1425 2999 1479; x_wconf 90' lang='lat' dir='ltr'><strong>quo</strong></span> <span class='ocrx_word' id='word_1_214' title='bbox 3034 1411 3209 1465; x_wconf 90' lang='lat' dir='ltr'><strong>nullus</strong></span> <span class='ocrx_word' id='word_1_215' title='bbox 3241 1415 3377 1468; x_wconf 87' lang='lat' dir='ltr'><strong>alius</strong></span> <span class='ocrx_word' id='word_1_216' title='bbox 3409 1415 3583 1470; x_wconf 81' lang='lat' dir='ltr'><strong>visunt</strong></span> 
     </span>
    </p>
   </div>
   <div class='ocr_carea' id='block_1_31' title="bbox 1999 1494 3585 1576">
    <p class='ocr_par' dir='ltr' id='par_1_31' title="bbox 1999 1494 3585 1576">
     <span class='ocr_line' id='line_1_31' title="bbox 1999 1494 3585 1576; baseline 0.009 -30"><span class='ocrx_word' id='word_1_217' title='bbox 1999 1494 2397 1560; x_wconf 85' lang='lat' dir='ltr'><strong>perpendebat;</strong></span> <span class='ocrx_word' id='word_1_218' title='bbox 2440 1500 2536 1549; x_wconf 86' lang='lat' dir='ltr'><strong>sed</strong></span> <span class='ocrx_word' id='word_1_219' title='bbox 2576 1501 2755 1564; x_wconf 84' lang='lat' dir='ltr'><strong>plures</strong></span> <span class='ocrx_word' id='word_1_220' title='bbox 2789 1498 2840 1551; x_wconf 92' lang='lat' dir='ltr'><strong>in</strong></span> <span class='ocrx_word' id='word_1_221' title='bbox 2894 1498 3104 1554; x_wconf 79' lang='lat' dir='ltr'><strong>inﬁnito</strong></span> <span class='ocrx_word' id='word_1_222' title='bbox 3148 1517 3375 1557; x_wconf 88' lang='lat' dir='ltr'><strong>numero</strong></span> <span class='ocrx_word' id='word_1_223' title='bbox 3426 1504 3585 1576; x_wconf 78' lang='lat' dir='ltr'><strong>longe</strong></span> 
     </span>
    </p>
   </div>
   <div class='ocr_carea' id='block_1_32' title="bbox 1999 1585 3584 1653">
    <p class='ocr_par' dir='ltr' id='par_1_32' title="bbox 1999 1585 3584 1653">
     <span class='ocr_line' id='line_1_32' title="bbox 1999 1585 3584 1653; baseline 0.009 -18"><span class='ocrx_word' id='word_1_224' title='bbox 1999 1585 2088 1637; x_wconf 85' lang='lat' dir='ltr'><strong>alii</strong></span> <span class='ocrx_word' id='word_1_225' title='bbox 2121 1588 2294 1650; x_wconf 81' lang='lat' dir='ltr'><strong>quoad</strong></span> <span class='ocrx_word' id='word_1_226' title='bbox 2330 1586 2500 1640; x_wconf 87' lang='lat' dir='ltr'><strong>visum</strong></span> <span class='ocrx_word' id='word_1_227' title='bbox 2535 1595 2683 1653; x_wconf 86' lang='lat' dir='ltr'><strong>sunt,</strong></span> <span class='ocrx_word' id='word_1_228' title='bbox 2718 1604 2815 1642; x_wconf 91' lang='lat' dir='ltr'><strong>nec</strong></span> <span class='ocrx_word' id='word_1_229' title='bbox 2867 1590 3083 1645; x_wconf 85' lang='lat' dir='ltr'><strong>videndi</strong></span> <span class='ocrx_word' id='word_1_230' title='bbox 3128 1591 3386 1649; x_wconf 81' lang='lat' dir='ltr'><strong>facultate</strong></span> <span class='ocrx_word' id='word_1_231' title='bbox 3438 1596 3584 1649; x_wconf 79' lang='lat' dir='ltr'><strong>frau-</strong></span> 
     </span>
    </p>
   </div>
   <div class='ocr_carea' id='block_1_33' title="bbox 1998 1674 3584 1747">
    <p class='ocr_par' dir='ltr' id='par_1_33' title="bbox 1998 1674 3584 1747">
     <span class='ocr_line' id='line_1_33' title="bbox 1998 1674 3584 1747; baseline 0.013 -26"><span class='ocrx_word' id='word_1_232' title='bbox 1998 1676 2213 1726; x_wconf 78' lang='lat' dir='ltr'><strong>dantur.</strong></span> <span class='ocrx_word' id='word_1_233' title='bbox 2248 1674 2358 1728; x_wconf 78' lang='lat' dir='ltr'><strong>Nec</strong></span> <span class='ocrx_word' id='word_1_234' title='bbox 2388 1683 2533 1728; x_wconf 84' lang='lat' dir='ltr'><strong>certe</strong></span> <span class='ocrx_word' id='word_1_235' title='bbox 2567 1676 2712 1745; x_wconf 83' lang='lat' dir='ltr'><strong>talpa</strong></span> <span class='ocrx_word' id='word_1_236' title='bbox 2745 1677 2870 1747; x_wconf 83' lang='lat' dir='ltr'><strong>quia</strong></span> <span class='ocrx_word' id='word_1_237' title='bbox 2907 1693 3051 1733; x_wconf 65' lang='lat' dir='ltr'><strong>caeca</strong></span> <span class='ocrx_word' id='word_1_238' title='bbox 3093 1681 3333 1735; x_wconf 85' lang='lat' dir='ltr'><strong>nascitur</strong></span> <span class='ocrx_word' id='word_1_239' title='bbox 3363 1693 3415 1738; x_wconf 92' lang='lat' dir='ltr'><strong>et</strong></span> <span class='ocrx_word' id='word_1_240' title='bbox 3451 1685 3584 1741; x_wconf 81' lang='lat' dir='ltr'><strong>vivit</strong></span> 
     </span>
    </p>
   </div>
   <div class='ocr_carea' id='block_1_34' title="bbox 312 1766 1886 1848">
    <p class='ocr_par' dir='ltr' id='par_1_34' title="bbox 312 1768 1886 1843">
     <span class='ocr_line' id='line_1_34' title="bbox 312 1768 1886 1843; baseline 0.005 -24"><span class='ocrx_word' id='word_1_241' title='bbox 312 1769 478 1835; x_wconf 65' lang='grc' dir='ltr'>φύσιν</span> <span class='ocrx_word' id='word_1_242' title='bbox 506 1770 597 1823; x_wconf 86' lang='grc' dir='ltr'><strong>τοῦ</strong></span> <span class='ocrx_word' id='word_1_243' title='bbox 630 1768 851 1837; x_wconf 75' lang='grc' dir='ltr'><strong>βλέπειν</strong></span> <span class='ocrx_word' id='word_1_244' title='bbox 869 1773 930 1824; x_wconf 80' lang='grc' dir='ltr'>οὐ</span> <span class='ocrx_word' id='word_1_245' title='bbox 953 1771 1262 1838; x_wconf 77' lang='grc' dir='ltr'>ψεύδονται.</span> <span class='ocrx_word' id='word_1_246' title='bbox 1302 1774 1412 1826; x_wconf 82' lang='grc' dir='ltr'><strong>Καὶ</strong></span> <span class='ocrx_word' id='word_1_247' title='bbox 1433 1774 1539 1843; x_wconf 78' lang='grc' dir='ltr'><strong>μὴν</strong></span> <span class='ocrx_word' id='word_1_248' title='bbox 1568 1773 1688 1827; x_wconf 76' lang='grc' dir='ltr'>οὐδὲ</span> <span class='ocrx_word' id='word_1_249' title='bbox 1707 1775 1886 1827; x_wconf 82' lang='grc' dir='ltr'>ἀσπά-</span> 
     </span>
    </p>
   </div>
   <div class='ocr_carea' id='block_1_35' title="bbox 1992 1766 3586 1848">
    <p class='ocr_par' dir='ltr' id='par_1_35' title="bbox 1998 1766 3586 1848">
     <span class='ocr_line' id='line_1_35' title="bbox 1998 1766 3586 1848; baseline 0.009 -30"><span class='ocrx_word' id='word_1_250' title='bbox 1998 1766 2234 1832; x_wconf 90' lang='lat' dir='ltr'><strong>tollitur;</strong></span> <span class='ocrx_word' id='word_1_251' title='bbox 2264 1784 2294 1822; x_wconf 90' lang='lat' dir='ltr'><strong>e</strong></span> <span class='ocrx_word' id='word_1_252' title='bbox 2326 1778 2518 1848; x_wconf 78' lang='lat' dir='ltr'><strong>contra</strong></span> <span class='ocrx_word' id='word_1_253' title='bbox 2567 1779 2772 1823; x_wconf 69' lang='lat' dir='ltr'><strong>natura:</strong></span> <span class='ocrx_word' id='word_1_254' title='bbox 2826 1771 2943 1840; x_wconf 78' lang='lat' dir='ltr'><strong>lege</strong></span> <span class='ocrx_word' id='word_1_255' title='bbox 2992 1783 3241 1828; x_wconf 87' lang='lat' dir='ltr'><strong>servatur</strong></span> <span class='ocrx_word' id='word_1_256' title='bbox 3268 1777 3586 1833; x_wconf 83' lang='lat' dir='ltr'><strong>creationis-</strong></span> 
     </span>
    </p>
   </div>
   <div class='ocr_carea' id='block_1_36' title="bbox 311 1862 1891 1934">
    <p class='ocr_par' dir='ltr' id='par_1_36' title="bbox 311 1862 1891 1934">
     <span class='ocr_line' id='line_1_36' title="bbox 311 1862 1891 1934; baseline 0.005 -23"><span class='ocrx_word' id='word_1_257' title='bbox 311 1862 435 1926; x_wconf 74' lang='grc' dir='ltr'>λαξ.</span> <span class='ocrx_word' id='word_1_258' title='bbox 466 1864 546 1916; x_wconf 80' lang='grc' dir='ltr'>ὃτι</span> <span class='ocrx_word' id='word_1_259' title='bbox 569 1863 770 1929; x_wconf 78' lang='grc' dir='ltr'>τυφλὸν</span> <span class='ocrx_word' id='word_1_260' title='bbox 803 1863 921 1932; x_wconf 75' lang='grc' dir='ltr'>ἅμα</span> <span class='ocrx_word' id='word_1_261' title='bbox 956 1864 1194 1931; x_wconf 75' lang='grc' dir='ltr'><strong>γενέσει,</strong></span> <span class='ocrx_word' id='word_1_262' title='bbox 1220 1867 1316 1918; x_wconf 81' lang='grc' dir='ltr'>καὶ</span> <span class='ocrx_word' id='word_1_263' title='bbox 1348 1866 1439 1919; x_wconf 76' lang='grc' dir='ltr'>διὰ</span> <span class='ocrx_word' id='word_1_264' title='bbox 1480 1866 1599 1934; x_wconf 84' lang='grc' dir='ltr'>βίου</span> <span class='ocrx_word' id='word_1_265' title='bbox 1638 1866 1692 1919; x_wconf 76' lang='grc' dir='ltr'>δὲ</span> <span class='ocrx_word' id='word_1_266' title='bbox 1714 1866 1891 1919; x_wconf 86' lang='grc' dir='ltr'>τοιοῦ-</span> 
     </span>
    </p>
   </div>
   <div class='ocr_carea' id='block_1_37' title="bbox 308 1953 1883 2026">
    <p class='ocr_par' dir='ltr' id='par_1_37' title="bbox 308 1953 1883 2026">
     <span class='ocr_line' id='line_1_37' title="bbox 308 1953 1883 2026; baseline 0.003 -22"><span class='ocrx_word' id='word_1_267' title='bbox 308 1971 405 2006; x_wconf 85' lang='grc' dir='ltr'><strong>τον</strong></span> <span class='ocrx_word' id='word_1_268' title='bbox 439 1953 737 2022; x_wconf 62' lang='grc' dir='ltr'>ἠφάνισται</span> <span class='ocrx_word' id='word_1_269' title='bbox 759 1968 776 1984; x_wconf 75' lang='grc' dir='ltr'><strong>ο</strong></span> <span class='ocrx_word' id='word_1_270' title='bbox 808 1954 945 2008; x_wconf 82' lang='grc' dir='ltr'>ἀλλὰ</span> <span class='ocrx_word' id='word_1_271' title='bbox 981 1958 1331 2025; x_wconf 75' lang='grc' dir='ltr'>συντηρεῖται</span> <span class='ocrx_word' id='word_1_272' title='bbox 1367 1957 1444 2025; x_wconf 81' lang='grc' dir='ltr'>τῷ</span> <span class='ocrx_word' id='word_1_273' title='bbox 1479 1957 1621 2026; x_wconf 72' lang='grc' dir='ltr'><strong>λόγῳ</strong></span> <span class='ocrx_word' id='word_1_274' title='bbox 1652 1957 1756 2025; x_wconf 78' lang='grc' dir='ltr'>τῆς</span> <span class='ocrx_word' id='word_1_275' title='bbox 1781 1957 1883 2025; x_wconf 77' lang='grc' dir='ltr'>φύι</span> 
     </span>
    </p>
   </div>
   <div class='ocr_carea' id='block_1_38' title="bbox 309 2046 1884 2117">
    <p class='ocr_par' dir='ltr' id='par_1_38' title="bbox 309 2046 1884 2117">
     <span class='ocr_line' id='line_1_38' title="bbox 309 2046 1884 2117; baseline 0.005 -19"><span class='ocrx_word' id='word_1_276' title='bbox 309 2063 474 2108; x_wconf 83' lang='grc' dir='ltr'>σεως.</span> <span class='ocrx_word' id='word_1_277' title='bbox 530 2048 624 2099; x_wconf 75' lang='grc' dir='ltr'>καὶ</span> <span class='ocrx_word' id='word_1_278' title='bbox 686 2046 1004 2117; x_wconf 77' lang='grc' dir='ltr'>συμπληροῖ</span> <span class='ocrx_word' id='word_1_279' title='bbox 1063 2048 1126 2100; x_wconf 82' lang='grc' dir='ltr'>τὸ</span> <span class='ocrx_word' id='word_1_280' title='bbox 1177 2049 1426 2102; x_wconf 76' lang='grc' dir='ltr'>ποικίλον</span> <span class='ocrx_word' id='word_1_281' title='bbox 1477 2051 1574 2117; x_wconf 83' lang='grc' dir='ltr'>τῆς</span> <span class='ocrx_word' id='word_1_282' title='bbox 1629 2050 1884 2112; x_wconf 78' lang='grc' dir='ltr'>κτίσεως.</span> 
     </span>
    </p>
   </div>
   <div class='ocr_carea' id='block_1_39' title="bbox 311 2138 1886 2209">
    <p class='ocr_par' dir='ltr' id='par_1_39' title="bbox 311 2138 1886 2209">
     <span class='ocr_line' id='line_1_39' title="bbox 311 2138 1886 2209; baseline 0.003 -21"><span class='ocrx_word' id='word_1_283' title='bbox 311 2138 554 2190; x_wconf 72' lang='grc' dir='ltr'>’ίίκοοεν</span> <span class='ocrx_word' id='word_1_284' title='bbox 585 2138 792 2209; x_wconf 77' lang='grc' dir='ltr'>ἓτερο·,</span> <span class='ocrx_word' id='word_1_285' title='bbox 823 2140 926 2192; x_wconf 81' lang='grc' dir='ltr'>ὅσα</span> <span class='ocrx_word' id='word_1_286' title='bbox 972 2139 1164 2209; x_wconf 82' lang='grc' dir='ltr'>μηδεὶς</span> <span class='ocrx_word' id='word_1_287' title='bbox 1212 2139 1521 2209; x_wconf 79' lang='grc' dir='ltr'>ἄνθρωπος.</span> <span class='ocrx_word' id='word_1_288' title='bbox 1565 2140 1630 2193; x_wconf 84' lang='grc' dir='ltr'>Τί</span> <span class='ocrx_word' id='word_1_289' title='bbox 1665 2141 1886 2205; x_wconf 81' lang='grc' dir='ltr'>τοίνυν;</span> 
     </span>
    </p>
   </div>
   <div class='ocr_carea' id='block_1_40' title="bbox 306 2230 1887 2303">
    <p class='ocr_par' dir='ltr' id='par_1_40' title="bbox 306 2230 1887 2303">
     <span class='ocr_line' id='line_1_40' title="bbox 306 2230 1887 2303; baseline 0.002 -21"><span class='ocrx_word' id='word_1_290' title='bbox 306 2230 606 2283; x_wconf 78' lang='grc' dir='ltr'>Κλειστέον</span> <span class='ocrx_word' id='word_1_291' title='bbox 630 2232 740 2300; x_wconf 81' lang='grc' dir='ltr'>ἄρα</span> <span class='ocrx_word' id='word_1_292' title='bbox 765 2231 866 2294; x_wconf 75' lang='grc' dir='ltr'><strong>τὰς</strong></span> <span class='ocrx_word' id='word_1_293' title='bbox 891 2231 1090 2295; x_wconf 81' lang='grc' dir='ltr'>λοιπὰς</span> <span class='ocrx_word' id='word_1_294' title='bbox 1122 2231 1318 2297; x_wconf 62' lang='grc' dir='ltr'>ἀκοὰς,</span> <span class='ocrx_word' id='word_1_295' title='bbox 1348 2233 1433 2286; x_wconf 83' lang='grc' dir='ltr'>ὅτι</span> <span class='ocrx_word' id='word_1_296' title='bbox 1469 2233 1887 2303; x_wconf 53' lang='grc' dir='ltr'>μὴμεῦπορὼτε-</span> 
     </span>
    </p>
   </div>
   <div class='ocr_carea' id='block_1_41' title="bbox 308 2321 1887 2399">
    <p class='ocr_par' dir='ltr' id='par_1_41' title="bbox 308 2321 1887 2399">
     <span class='ocr_line' id='line_1_41' title="bbox 308 2321 1887 2399; baseline 0.001 -25"><span class='ocrx_word' id='word_1_297' title='bbox 308 2338 406 2389; x_wconf 80' lang='grc' dir='ltr'><strong>ρον</strong></span> <span class='ocrx_word' id='word_1_298' title='bbox 467 2321 559 2375; x_wconf 87' lang='grc' dir='ltr'><strong>τοῦ</strong></span> <span class='ocrx_word' id='word_1_299' title='bbox 614 2324 859 2391; x_wconf 73' lang='grc' dir='ltr'>ἐνεργεῖν</span> <span class='ocrx_word' id='word_1_300' title='bbox 910 2323 1279 2399; x_wconf 24' lang='grc' dir='ltr'>ἔχουσιςθΚαὶ</span> <span class='ocrx_word' id='word_1_301' title='bbox 1322 2326 1553 2395; x_wconf 77' lang='grc' dir='ltr'>στρατὸς</span> <span class='ocrx_word' id='word_1_302' title='bbox 1588 2325 1652 2377; x_wconf 78' lang='grc' dir='ltr'>ἐκ</span> <span class='ocrx_word' id='word_1_303' title='bbox 1700 2342 1759 2378; x_wconf 84' lang='grc' dir='ltr'><strong>τε</strong></span> <span class='ocrx_word' id='word_1_304' title='bbox 1789 2326 1887 2377; x_wconf 81' lang='grc' dir='ltr'><strong>ἀν-</strong></span> 
     </span>
    </p>
   </div>
   <div class='ocr_carea' id='block_1_42' title="bbox 304 2414 1887 2488">
    <p class='ocr_par' dir='ltr' id='par_1_42' title="bbox 304 2414 1887 2488">
     <span class='ocr_line' id='line_1_42' title="bbox 304 2414 1887 2488; baseline 0.001 -20"><span class='ocrx_word' id='word_1_305' title='bbox 304 2415 530 2484; x_wconf 79' lang='grc' dir='ltr'>δρείων,</span> <span class='ocrx_word' id='word_1_306' title='bbox 577 2414 643 2468; x_wconf 75' lang='grc' dir='ltr'>ἐκ</span> <span class='ocrx_word' id='word_1_307' title='bbox 682 2432 742 2469; x_wconf 86' lang='grc' dir='ltr'><strong>τε</strong></span> <span class='ocrx_word' id='word_1_308' title='bbox 777 2416 853 2486; x_wconf 79' lang='grc' dir='ltr'>μὴ</span> <span class='ocrx_word' id='word_1_309' title='bbox 897 2418 1160 2472; x_wconf 79' lang='grc' dir='ltr'>τοιούτων</span> <span class='ocrx_word' id='word_1_310' title='bbox 1213 2417 1674 2486; x_wconf 74' lang='grc' dir='ltr'>συγκεκρότηται.</span> <span class='ocrx_word' id='word_1_311' title='bbox 1709 2418 1887 2488; x_wconf 76' lang='grc' dir='ltr'>’ᾼδων</span> 
     </span>
    </p>
   </div>
   <div class='ocr_carea' id='block_1_43' title="bbox 306 2507 1884 2580">
    <p class='ocr_par' dir='ltr' id='par_1_43' title="bbox 306 2507 1884 2580">
     <span class='ocr_line' id='line_1_43' title="bbox 306 2507 1884 2580; baseline 0.003 -21"><span class='ocrx_word' id='word_1_312' title='bbox 306 2507 475 2561; x_wconf 77' lang='grc' dir='ltr'><strong>Δαυῖδ</strong></span> <span class='ocrx_word' id='word_1_313' title='bbox 494 2509 595 2561; x_wconf 85' lang='grc' dir='ltr'>οὐκ</span> <span class='ocrx_word' id='word_1_314' title='bbox 616 2509 1001 2578; x_wconf 28' lang='grc' dir='ltr'>ἀπηξίουιτοὺς</span> <span class='ocrx_word' id='word_1_315' title='bbox 1038 2511 1496 2580; x_wconf 78' lang='grc' dir='ltr'>συγχορεύοντας.</span> <span class='ocrx_word' id='word_1_316' title='bbox 1531 2509 1642 2562; x_wconf 79' lang='grc' dir='ltr'><strong>Καὶ</strong></span> <span class='ocrx_word' id='word_1_317' title='bbox 1678 2511 1785 2579; x_wconf 82' lang='grc' dir='ltr'>μὴν</span> <span class='ocrx_word' id='word_1_318' title='bbox 1821 2511 1884 2563; x_wconf 85' lang='grc' dir='ltr'>οὐ</span> 
     </span>
    </p>
   </div>
   <div class='ocr_carea' id='block_1_44' title="bbox 304 2600 1888 2672">
    <p class='ocr_par' dir='ltr' id='par_1_44' title="bbox 304 2600 1888 2672">
     <span class='ocr_line' id='line_1_44' title="bbox 304 2600 1888 2672; baseline -0.001 -17"><span class='ocrx_word' id='word_1_319' title='bbox 304 2601 431 2656; x_wconf 77' lang='grc' dir='ltr'>κατ’</span> <span class='ocrx_word' id='word_1_320' title='bbox 464 2603 673 2655; x_wconf 77' lang='grc' dir='ltr'>ἐκεῖνον</span> <span class='ocrx_word' id='word_1_321' title='bbox 709 2602 806 2655; x_wconf 77' lang='grc' dir='ltr'>καὶ</span> <span class='ocrx_word' id='word_1_322' title='bbox 842 2601 1000 2655; x_wconf 72' lang='grc' dir='ltr'>αὐτοὶ</span> <span class='ocrx_word' id='word_1_323' title='bbox 1029 2600 1288 2670; x_wconf 68' lang='grc' dir='ltr'>ἔμελπον.</span> <span class='ocrx_word' id='word_1_324' title='bbox 1339 2601 1607 2672; x_wconf 82' lang='grc' dir='ltr'>’Δρμονία</span> <span class='ocrx_word' id='word_1_325' title='bbox 1636 2600 1801 2671; x_wconf 81' lang='grc' dir='ltr'>χοροῦ</span> <span class='ocrx_word' id='word_1_326' title='bbox 1821 2604 1888 2654; x_wconf 83' lang='grc' dir='ltr'>ὲκ</span> 
     </span>
    </p>
   </div>
   <div class='ocr_carea' id='block_1_45' title="bbox 305 2691 3045 2764">
    <p class='ocr_par' dir='ltr' id='par_1_45' title="bbox 305 2691 3045 2764">
     <span class='ocr_line' id='line_1_45' title="bbox 305 2691 3045 2764; baseline -0.001 -15"><span class='ocrx_word' id='word_1_327' title='bbox 305 2695 605 2764; x_wconf 80' lang='grc' dir='ltr'>διαφόρων,</span> <span class='ocrx_word' id='word_1_328' title='bbox 637 2694 737 2762; x_wconf 70' lang='grc' dir='ltr'>ήδη</span> <span class='ocrx_word' id='word_1_329' title='bbox 784 2693 843 2745; x_wconf 83' lang='grc' dir='ltr'>δὲ</span> <span class='ocrx_word' id='word_1_330' title='bbox 877 2693 975 2747; x_wconf 78' lang='grc' dir='ltr'>καὶ</span> <span class='ocrx_word' id='word_1_331' title='bbox 1003 2691 1065 2756; x_wconf 71' lang='grc' dir='ltr'>ἐξ</span> <span class='ocrx_word' id='word_1_332' title='bbox 1090 2691 1411 2761; x_wconf 83' lang='grc' dir='ltr'>ἀντιφώνων</span> <span class='ocrx_word' id='word_1_333' title='bbox 1464 2691 1559 2746; x_wconf 74' lang='grc' dir='ltr'>καὶ</span> <span class='ocrx_word' id='word_1_334' title='bbox 1585 2691 1714 2762; x_wconf 87' lang='grc' dir='ltr'>δίχα</span> <span class='ocrx_word' id='word_1_335' title='bbox 1756 2691 2099 2762; x_wconf 76' lang='grc' dir='ltr'>φρονεόντων</span> <span class='ocrx_word' id='word_1_336' title='bbox 2123 2692 2483 2763; x_wconf 79' lang='grc' dir='ltr'>ἁρμόττεται,</span> <span class='ocrx_word' id='word_1_337' title='bbox 2532 2692 2609 2757; x_wconf 82' lang='grc' dir='ltr'>ὥς</span> <span class='ocrx_word' id='word_1_338' title='bbox 2664 2710 2831 2764; x_wconf 77' lang='grc' dir='ltr'>φασιν</span> <span class='ocrx_word' id='word_1_339' title='bbox 2859 2695 2907 2746; x_wconf 82' lang='lat' dir='ltr'><strong>oi</strong></span> <span class='ocrx_word' id='word_1_340' title='bbox 2977 2693 3045 2747; x_wconf 82' lang='grc' dir='ltr'><strong>τὰ</strong></span> 
     </span>
    </p>
   </div>
   <div class='ocr_carea' id='block_1_46' title="bbox 303 2788 765 2859">
    <p class='ocr_par' dir='ltr' id='par_1_46' title="bbox 303 2788 765 2859">
     <span class='ocr_line' id='line_1_46' title="bbox 303 2788 765 2859; baseline 0 -17"><span class='ocrx_word' id='word_1_341' title='bbox 303 2790 354 2842; x_wconf 81' lang='grc' dir='ltr'>οἱ</span> <span class='ocrx_word' id='word_1_342' title='bbox 387 2806 454 2841; x_wconf 77' lang='grc' dir='ltr'><strong>πε</strong></span> <span class='ocrx_word' id='word_1_343' title='bbox 466 2788 520 2857; x_wconf 79' lang='lat' dir='ltr'><strong>pl.</strong></span> <span class='ocrx_word' id='word_1_344' title='bbox 546 2788 765 2859; x_wconf 75' lang='grc' dir='ltr'>τέχνας.</span> 
     </span>
    </p>
   </div>
   <div class='ocr_carea' id='block_1_47' title="bbox 377 2876 1888 2948">
    <p class='ocr_par' dir='ltr' id='par_1_47' title="bbox 377 2876 1888 2948">
     <span class='ocr_line' id='line_1_47' title="bbox 377 2876 1888 2948; baseline -0.003 -15"><span class='ocrx_word' id='word_1_345' title='bbox 377 2878 448 2942; x_wconf 82' lang='grc' dir='ltr'><strong>ζ’.</strong></span> <span class='ocrx_word' id='word_1_346' title='bbox 476 2881 594 2933; x_wconf 82' lang='grc' dir='ltr'><strong>Οὐκ</strong></span> <span class='ocrx_word' id='word_1_347' title='bbox 646 2878 759 2933; x_wconf 69' lang='grc' dir='ltr'>ἔσθ’</span> <span class='ocrx_word' id='word_1_348' title='bbox 793 2877 941 2942; x_wconf 76' lang='grc' dir='ltr'>ὅπως</span> <span class='ocrx_word' id='word_1_349' title='bbox 987 2876 1230 2941; x_wconf 73' lang='grc' dir='ltr'>ἅπαντες</span> <span class='ocrx_word' id='word_1_350' title='bbox 1262 2876 1626 2948; x_wconf 83' lang='grc' dir='ltr'>συνδράμοιεν</span> <span class='ocrx_word' id='word_1_351' title='bbox 1680 2877 1749 2933; x_wconf 79' lang='grc' dir='ltr'>ἂν</span> <span class='ocrx_word' id='word_1_352' title='bbox 1808 2879 1888 2940; x_wconf 85' lang='grc' dir='ltr'><strong>είς</strong></span> 
     </span>
    </p>
   </div>
   <div class='ocr_carea' id='block_1_48' title="bbox 304 2969 1888 3041">
    <p class='ocr_par' dir='ltr' id='par_1_48' title="bbox 304 2969 1888 3041">
     <span class='ocr_line' id='line_1_48' title="bbox 304 2969 1888 3041; baseline -0.003 -16"><span class='ocrx_word' id='word_1_353' title='bbox 304 2973 519 3041; x_wconf 74' lang='grc' dir='ltr'>ὅμοιον.</span> <span class='ocrx_word' id='word_1_354' title='bbox 553 2969 945 3040; x_wconf 80' lang='grc' dir='ltr'>Περιφέρονται</span> <span class='ocrx_word' id='word_1_355' title='bbox 969 2969 1230 3040; x_wconf 81' lang='grc' dir='ltr'>Σειρῆνες</span> <span class='ocrx_word' id='word_1_356' title='bbox 1263 2973 1321 3023; x_wconf 81' lang='grc' dir='ltr'>ὲν</span> <span class='ocrx_word' id='word_1_357' title='bbox 1342 2972 1456 3033; x_wconf 78' lang='grc' dir='ltr'>τοῖς</span> <span class='ocrx_word' id='word_1_358' title='bbox 1485 2971 1656 3023; x_wconf 77' lang='grc' dir='ltr'>παλαι</span> <span class='ocrx_word' id='word_1_359' title='bbox 1684 2969 1888 3039; x_wconf 80' lang='grc' dir='ltr'>λόγοις,</span> 
     </span>
    </p>
   </div>
   <div class='ocr_carea' id='block_1_49' title="bbox 305 3055 1887 3134">
    <p class='ocr_par' dir='ltr' id='par_1_49' title="bbox 305 3055 1887 3134">
     <span class='ocr_line' id='line_1_49' title="bbox 305 3055 1887 3134; baseline -0.003 -17"><span class='ocrx_word' id='word_1_360' title='bbox 305 3064 514 3126; x_wconf 69' lang='grc' dir='ltr'>αἵτινές</span> <span class='ocrx_word' id='word_1_361' title='bbox 542 3079 673 3116; x_wconf 86' lang='grc' dir='ltr'>ποτε</span> <span class='ocrx_word' id='word_1_362' title='bbox 708 3055 890 3117; x_wconf 71' lang='grc' dir='ltr'>αὗταιο</span> <span class='ocrx_word' id='word_1_363' title='bbox 923 3062 1141 3116; x_wconf 88' lang='grc' dir='ltr'>δοκοῦσι</span> <span class='ocrx_word' id='word_1_364' title='bbox 1190 3061 1249 3116; x_wconf 85' lang='grc' dir='ltr'>δὲ</span> <span class='ocrx_word' id='word_1_365' title='bbox 1281 3060 1391 3134; x_wconf 77' lang='grc' dir='ltr'>ἄρα</span> <span class='ocrx_word' id='word_1_366' title='bbox 1432 3063 1577 3131; x_wconf 78' lang='grc' dir='ltr'>μέγα</span> <span class='ocrx_word' id='word_1_367' title='bbox 1605 3079 1659 3114; x_wconf 88' lang='grc' dir='ltr'><strong>τι</strong></span> <span class='ocrx_word' id='word_1_368' title='bbox 1693 3061 1887 3132; x_wconf 79' lang='grc' dir='ltr'>χρῆμα</span> 
     </span>
    </p>
   </div>
   <div class='ocr_carea' id='block_1_50' title="bbox 305 3151 1883 3226">
    <p class='ocr_par' dir='ltr' id='par_1_50' title="bbox 305 3151 1883 3226">
     <span class='ocr_line' id='line_1_50' title="bbox 305 3151 1883 3226; baseline -0.003 -15"><span class='ocrx_word' id='word_1_369' title='bbox 305 3159 517 3211; x_wconf 81' lang='grc' dir='ltr'>ἐκεῖναι</span> <span class='ocrx_word' id='word_1_370' title='bbox 549 3151 712 3210; x_wconf 76' lang='grc' dir='ltr'>εἶναι.</span> <span class='ocrx_word' id='word_1_371' title='bbox 750 3156 859 3210; x_wconf 73' lang='grc' dir='ltr'><strong>Καὶ</strong></span> <span class='ocrx_word' id='word_1_372' title='bbox 885 3158 915 3209; x_wconf 83' lang='grc' dir='ltr'><em>ὁ</em></span> <span class='ocrx_word' id='word_1_373' title='bbox 956 3155 1082 3209; x_wconf 85' lang='grc' dir='ltr'><strong>Ἰὼϐ</strong></span> <span class='ocrx_word' id='word_1_374' title='bbox 1108 3155 1211 3208; x_wconf 83' lang='grc' dir='ltr'><strong>οῦκ</strong></span> <span class='ocrx_word' id='word_1_375' title='bbox 1264 3155 1651 3226; x_wconf 83' lang='grc' dir='ltr'>ἀπηχρείωσεν</span> <span class='ocrx_word' id='word_1_376' title='bbox 1687 3156 1883 3221; x_wconf 75' lang='grc' dir='ltr'>αὑτὰς,</span> 
     </span>
    </p>
   </div>
   <div class='ocr_carea' id='block_1_51' title="bbox 305 3242 1884 3317">
    <p class='ocr_par' dir='ltr' id='par_1_51' title="bbox 305 3242 1884 3317">
     <span class='ocr_line' id='line_1_51' title="bbox 305 3242 1884 3317; baseline -0.001 -20"><span class='ocrx_word' id='word_1_377' title='bbox 305 3244 430 3297; x_wconf 71' lang='grc' dir='ltr'>οὐδὲ</span> <span class='ocrx_word' id='word_1_378' title='bbox 456 3242 682 3308; x_wconf 76' lang='grc' dir='ltr'>ἐξέϐαλε</span> <span class='ocrx_word' id='word_1_379' title='bbox 710 3243 803 3297; x_wconf 86' lang='grc' dir='ltr'><strong>τοῦ</strong></span> <span class='ocrx_word' id='word_1_380' title='bbox 830 3243 1096 3315; x_wconf 71' lang='grc' dir='ltr'>ᾀδομένου</span> <span class='ocrx_word' id='word_1_381' title='bbox 1142 3243 1525 3316; x_wconf 84' lang='grc' dir='ltr'>σεμνώματος.</span> <span class='ocrx_word' id='word_1_382' title='bbox 1572 3245 1736 3317; x_wconf 77' lang='grc' dir='ltr'>ἑτέρᾳ</span> <span class='ocrx_word' id='word_1_383' title='bbox 1765 3246 1884 3297; x_wconf 69' lang='lat' dir='ltr'><strong>Eat.</strong></span> 
     </span>
    </p>
   </div>
   <div class='ocr_carea' id='block_1_52' title="bbox 308 3333 1883 3406">
    <p class='ocr_par' dir='ltr' id='par_1_52' title="bbox 308 3333 1883 3406">
     <span class='ocr_line' id='line_1_52' title="bbox 308 3333 1883 3406; baseline 0.001 -18"><span class='ocrx_word' id='word_1_384' title='bbox 308 3336 453 3406; x_wconf 77' lang='grc' dir='ltr'>ρῆνι,</span> <span class='ocrx_word' id='word_1_385' title='bbox 487 3336 787 3406; x_wconf 84' lang='grc' dir='ltr'>μικροφυεί</span> <span class='ocrx_word' id='word_1_386' title='bbox 838 3333 1058 3405; x_wconf 80' lang='grc' dir='ltr'>ζωῖδίῳ,</span> <span class='ocrx_word' id='word_1_387' title='bbox 1114 3335 1242 3399; x_wconf 82' lang='grc' dir='ltr'>τοὺς</span> <span class='ocrx_word' id='word_1_388' title='bbox 1290 3335 1491 3389; x_wconf 79' lang='grc' dir='ltr'>ἑαυτοῦ</span> <span class='ocrx_word' id='word_1_389' title='bbox 1545 3334 1883 3405; x_wconf 79' lang='grc' dir='ltr'>ὲξομοιώσας</span> 
     </span>
    </p>
   </div>
   <div class='ocr_carea' id='block_1_53' title="bbox 305 3425 1881 3498">
    <p class='ocr_par' dir='ltr' id='par_1_53' title="bbox 305 3425 1881 3498">
     <span class='ocr_line' id='line_1_53' title="bbox 305 3425 1881 3498; baseline 0.001 -20"><span class='ocrx_word' id='word_1_390' title='bbox 305 3425 645 3496; x_wconf 76' lang='grc' dir='ltr'>κλαυθμούς.</span> <span class='ocrx_word' id='word_1_391' title='bbox 677 3426 916 3494; x_wconf 85' lang='grc' dir='ltr'>Ἦρεσεν</span> <span class='ocrx_word' id='word_1_392' title='bbox 949 3426 1287 3497; x_wconf 79' lang='grc' dir='ltr'>ἀνθρώποις,</span> <span class='ocrx_word' id='word_1_393' title='bbox 1351 3428 1605 3498; x_wconf 75' lang='grc' dir='ltr'>ἑγκρίναι</span> <span class='ocrx_word' id='word_1_394' title='bbox 1661 3430 1745 3491; x_wconf 87' lang='grc' dir='ltr'><strong>είς</strong></span> <span class='ocrx_word' id='word_1_395' title='bbox 1782 3444 1881 3497; x_wconf 83' lang='grc' dir='ltr'>με-</span> 
     </span>
    </p>
   </div>
   <div class='ocr_carea' id='block_1_54' title="bbox 306 3519 1884 3591">
    <p class='ocr_par' dir='ltr' id='par_1_54' title="bbox 306 3519 1884 3591">
     <span class='ocr_line' id='line_1_54' title="bbox 306 3519 1884 3591; baseline 0 -20"><span class='ocrx_word' id='word_1_396' title='bbox 306 3519 515 3586; x_wconf 75' lang='grc' dir='ltr'>λῳδοῦς</span> <span class='ocrx_word' id='word_1_397' title='bbox 544 3520 637 3573; x_wconf 74' lang='grc' dir='ltr'>καὶ</span> <span class='ocrx_word' id='word_1_398' title='bbox 665 3519 756 3573; x_wconf 82' lang='grc' dir='ltr'>τὸν</span> <span class='ocrx_word' id='word_1_399' title='bbox 786 3521 1030 3588; x_wconf 81' lang='grc' dir='ltr'>τέττιγα·</span> <span class='ocrx_word' id='word_1_400' title='bbox 1063 3521 1159 3573; x_wconf 78' lang='grc' dir='ltr'><strong>καὶ</strong></span> <span class='ocrx_word' id='word_1_401' title='bbox 1187 3520 1290 3574; x_wconf 80' lang='grc' dir='ltr'>οὐκ</span> <span class='ocrx_word' id='word_1_402' title='bbox 1323 3520 1582 3585; x_wconf 72' lang='grc' dir='ltr'>ἐξέπεσεν</span> <span class='ocrx_word' id='word_1_403' title='bbox 1623 3522 1655 3591; x_wconf 82' lang='grc' dir='ltr'>ἡ</span> <span class='ocrx_word' id='word_1_404' title='bbox 1702 3519 1884 3591; x_wconf 83' lang='grc' dir='ltr'>ἀηδὼν</span> 
     </span>
    </p>
   </div>
   <div class='ocr_carea' id='block_1_55' title="bbox 306 3606 1884 3681">
    <p class='ocr_par' dir='ltr' id='par_1_55' title="bbox 306 3606 1884 3681">
     <span class='ocr_line' id='line_1_55' title="bbox 306 3606 1884 3681; baseline -0.001 -16"><span class='ocrx_word' id='word_1_405' title='bbox 306 3613 410 3680; x_wconf 77' lang='grc' dir='ltr'>τῆς</span> <span class='ocrx_word' id='word_1_406' title='bbox 444 3612 796 3681; x_wconf 78' lang='grc' dir='ltr'>σεμνότητος.</span> <span class='ocrx_word' id='word_1_407' title='bbox 834 3611 1029 3679; x_wconf 85' lang='grc' dir='ltr'>Ὺμνεῖ</span> <span class='ocrx_word' id='word_1_408' title='bbox 1048 3610 1183 3664; x_wconf 76' lang='grc' dir='ltr'>θεὸν</span> <span class='ocrx_word' id='word_1_409' title='bbox 1223 3611 1319 3666; x_wconf 79' lang='grc' dir='ltr'>καὶ</span> <span class='ocrx_word' id='word_1_410' title='bbox 1352 3612 1420 3665; x_wconf 80' lang='grc' dir='ltr'>τὰ</span> <span class='ocrx_word' id='word_1_411' title='bbox 1451 3611 1645 3680; x_wconf 76' lang='grc' dir='ltr'>ἄλογα,</span> <span class='ocrx_word' id='word_1_412' title='bbox 1670 3611 1771 3681; x_wconf 82' lang='grc' dir='ltr'><strong>οὐχ</strong></span> <span class='ocrx_word' id='word_1_413' title='bbox 1799 3606 1884 3674; x_wconf 77' lang='grc' dir='ltr'><strong>οἷς</strong></span> 
     </span>
    </p>
   </div>
   <div class='ocr_carea' id='block_1_56' title="bbox 307 3698 1884 3772">
    <p class='ocr_par' dir='ltr' id='par_1_56' title="bbox 307 3698 1884 3772">
     <span class='ocr_line' id='line_1_56' title="bbox 307 3698 1884 3772; baseline 0 -17"><span class='ocrx_word' id='word_1_414' title='bbox 307 3703 451 3756; x_wconf 78' lang='grc' dir='ltr'>αὐτὰ</span> <span class='ocrx_word' id='word_1_415' title='bbox 490 3702 785 3771; x_wconf 81' lang='grc' dir='ltr'>φωνοῦσιν,</span> <span class='ocrx_word' id='word_1_416' title='bbox 844 3702 961 3754; x_wconf 83' lang='grc' dir='ltr'>ἀλλ’</span> <span class='ocrx_word' id='word_1_417' title='bbox 1017 3698 1099 3765; x_wconf 83' lang='grc' dir='ltr'>οἷς</span> <span class='ocrx_word' id='word_1_418' title='bbox 1158 3703 1370 3755; x_wconf 81' lang='grc' dir='ltr'>ἐκεῖνον</span> <span class='ocrx_word' id='word_1_419' title='bbox 1424 3702 1780 3772; x_wconf 85' lang='grc' dir='ltr'>γεραίρουσιν</span> <span class='ocrx_word' id='word_1_420' title='bbox 1832 3705 1884 3756; x_wconf 80' lang='lat' dir='ltr'><strong>oi</strong></span> 
     </span>
    </p>
   </div>
   <div class='ocr_carea' id='block_1_57' title="bbox 308 3792 1884 3865">
    <p class='ocr_par' dir='ltr' id='par_1_57' title="bbox 308 3792 1884 3865">
     <span class='ocr_line' id='line_1_57' title="bbox 308 3792 1884 3865; baseline -0.003 -16"><span class='ocrx_word' id='word_1_421' title='bbox 308 3793 646 3865; x_wconf 77' lang='grc' dir='ltr'>θεωροῦντες</span> <span class='ocrx_word' id='word_1_422' title='bbox 684 3792 848 3855; x_wconf 75' lang='grc' dir='ltr'>αὐτὰ,</span> <span class='ocrx_word' id='word_1_423' title='bbox 876 3794 970 3845; x_wconf 71' lang='grc' dir='ltr'>καὶ</span> <span class='ocrx_word' id='word_1_424' title='bbox 994 3792 1056 3845; x_wconf 78' lang='grc' dir='ltr'>τὸ</span> <span class='ocrx_word' id='word_1_425' title='bbox 1081 3795 1182 3863; x_wconf 82' lang='grc' dir='ltr'>τῆς</span> <span class='ocrx_word' id='word_1_426' title='bbox 1207 3792 1421 3860; x_wconf 81' lang='grc' dir='ltr'>φύσεως</span> <span class='ocrx_word' id='word_1_427' title='bbox 1461 3792 1884 3862; x_wconf 71' lang='grc' dir='ltr'>φιλοσοφοῦντες</span> 
     </span>
    </p>
   </div>
   <div class='ocr_carea' id='block_1_58' title="bbox 309 3882 1884 3955">
    <p class='ocr_par' dir='ltr' id='par_1_58' title="bbox 309 3882 1884 3955">
     <span class='ocr_line' id='line_1_58' title="bbox 309 3882 1884 3955; baseline -0.001 -16"><span class='ocrx_word' id='word_1_428' title='bbox 309 3885 610 3955; x_wconf 76' lang='grc' dir='ltr'>εὔκοσμον,</span> <span class='ocrx_word' id='word_1_429' title='bbox 668 3884 853 3936; x_wconf 81' lang='grc' dir='ltr'>ὁποῖόν</span> <span class='ocrx_word' id='word_1_430' title='bbox 889 3899 943 3936; x_wconf 82' lang='grc' dir='ltr'><strong>τι</strong></span> <span class='ocrx_word' id='word_1_431' title='bbox 990 3882 1271 3938; x_wconf 79' lang='grc' dir='ltr'>κάνταῦθα</span> <span class='ocrx_word' id='word_1_432' title='bbox 1300 3884 1475 3938; x_wconf 76' lang='grc' dir='ltr'>ἔσται.</span> <span class='ocrx_word' id='word_1_433' title='bbox 1541 3885 1601 3938; x_wconf 80' lang='lat' dir='ltr'><strong>Ei</strong></span> <span class='ocrx_word' id='word_1_434' title='bbox 1637 3887 1747 3955; x_wconf 83' lang='grc' dir='ltr'>γὰρ</span> <span class='ocrx_word' id='word_1_435' title='bbox 1787 3885 1884 3938; x_wconf 87' lang='grc' dir='ltr'><strong>τοῦ</strong></span> 
     </span>
    </p>
   </div>
   <div class='ocr_carea' id='block_1_59' title="bbox 310 3970 1884 4050">
    <p class='ocr_par' dir='ltr' id='par_1_59' title="bbox 310 3970 1884 4050">
     <span class='ocr_line' id='line_1_59' title="bbox 310 3970 1884 4050; baseline -0.003 -17"><span class='ocrx_word' id='word_1_436' title='bbox 310 3978 450 4050; x_wconf 80' lang='grc' dir='ltr'>μηδὲ</span> <span class='ocrx_word' id='word_1_437' title='bbox 478 3980 660 4031; x_wconf 79' lang='grc' dir='ltr'>δοκεῖν</span> <span class='ocrx_word' id='word_1_438' title='bbox 686 3977 889 4041; x_wconf 82' lang='grc' dir='ltr'>λέγειν,</span> <span class='ocrx_word' id='word_1_439' title='bbox 921 3970 1003 4038; x_wconf 74' lang='grc' dir='ltr'>οἷς</span> <span class='ocrx_word' id='word_1_440' title='bbox 1031 3975 1301 4045; x_wconf 77' lang='grc' dir='ltr'><strong>ἀκόμψως</strong></span> <span class='ocrx_word' id='word_1_441' title='bbox 1328 3975 1419 4030; x_wconf 85' lang='grc' dir='ltr'><strong>τοῦ</strong></span> <span class='ocrx_word' id='word_1_442' title='bbox 1452 3976 1634 4030; x_wconf 79' lang='grc' dir='ltr'>λαλεῖν</span> <span class='ocrx_word' id='word_1_443' title='bbox 1661 3977 1884 4047; x_wconf 75' lang='grc' dir='ltr'>ἔχομεν,</span> 
     </span>
    </p>
   </div>
   <div class='ocr_carea' id='block_1_60' title="bbox 305 4065 1885 4141">
    <p class='ocr_par' dir='ltr' id='par_1_60' title="bbox 305 4065 1885 4141">
     <span class='ocr_line' id='line_1_60' title="bbox 305 4065 1885 4141; baseline -0.002 -15"><span class='ocrx_word' id='word_1_444' title='bbox 305 4071 671 4141; x_wconf 83' lang='grc' dir='ltr'>ἁλισκόμεθα,</span> <span class='ocrx_word' id='word_1_445' title='bbox 711 4065 792 4132; x_wconf 76' lang='grc' dir='ltr'>οἷς</span> <span class='ocrx_word' id='word_1_446' title='bbox 824 4067 955 4135; x_wconf 85' lang='grc' dir='ltr'>γοῦν</span> <span class='ocrx_word' id='word_1_447' title='bbox 988 4071 1017 4121; x_wconf 87' lang='grc' dir='ltr'>ὁ</span> <span class='ocrx_word' id='word_1_448' title='bbox 1047 4069 1323 4138; x_wconf 79' lang='grc' dir='ltr'>ἀκροατὴς</span> <span class='ocrx_word' id='word_1_449' title='bbox 1371 4068 1510 4139; x_wconf 76' lang='grc' dir='ltr'>πρὸς</span> <span class='ocrx_word' id='word_1_450' title='bbox 1556 4071 1691 4140; x_wconf 77' lang='grc' dir='ltr'>ἡμῖν</span> <span class='ocrx_word' id='word_1_451' title='bbox 1743 4069 1885 4139; x_wconf 76' lang='grc' dir='ltr'>ἔχων</span> 
     </span>
    </p>
   </div>
   <div class='ocr_carea' id='block_1_61' title="bbox 301 4158 1886 4231">
    <p class='ocr_par' dir='ltr' id='par_1_61' title="bbox 301 4158 1886 4231">
     <span class='ocr_line' id='line_1_61' title="bbox 301 4158 1886 4231; baseline -0.003 -12"><span class='ocrx_word' id='word_1_452' title='bbox 301 4168 396 4219; x_wconf 78' lang='grc' dir='ltr'>τὸν</span> <span class='ocrx_word' id='word_1_453' title='bbox 429 4164 559 4217; x_wconf 80' lang='grc' dir='ltr'>νοῦν</span> <span class='ocrx_word' id='word_1_454' title='bbox 592 4160 1023 4231; x_wconf 77' lang='grc' dir='ltr'>ὲκπεπλήξεται,</span> <span class='ocrx_word' id='word_1_455' title='bbox 1058 4160 1140 4212; x_wconf 83' lang='grc' dir='ltr'>ὅτι</span> <span class='ocrx_word' id='word_1_456' title='bbox 1167 4158 1304 4229; x_wconf 79' lang='grc' dir='ltr'>πρὸς</span> <span class='ocrx_word' id='word_1_457' title='bbox 1330 4160 1494 4228; x_wconf 75' lang='grc' dir='ltr'>ζῆλον</span> <span class='ocrx_word' id='word_1_458' title='bbox 1526 4161 1663 4224; x_wconf 83' lang='grc' dir='ltr'>ὅλως</span> <span class='ocrx_word' id='word_1_459' title='bbox 1704 4160 1886 4215; x_wconf 82' lang='grc' dir='ltr'>τοιοῦ-</span> 
     </span>
    </p>
   </div>
   <div class='ocr_carea' id='block_1_62' title="bbox 300 4251 1883 4325">
    <p class='ocr_par' dir='ltr' id='par_1_62' title="bbox 300 4251 1883 4325">
     <span class='ocr_line' id='line_1_62' title="bbox 300 4251 1883 4325; baseline -0.003 -15"><span class='ocrx_word' id='word_1_460' title='bbox 300 4275 395 4311; x_wconf 87' lang='grc' dir='ltr'><strong>τον</strong></span> <span class='ocrx_word' id='word_1_461' title='bbox 427 4256 873 4325; x_wconf 59' lang='grc' dir='ltr'>δμεθηρμήναμεν</span> <span class='ocrx_word' id='word_1_462' title='bbox 911 4252 1161 4317; x_wconf 76' lang='grc' dir='ltr'>ἑαυτοὺς,</span> <span class='ocrx_word' id='word_1_463' title='bbox 1192 4251 1270 4320; x_wconf 82' lang='grc' dir='ltr'>τῷ</span> <span class='ocrx_word' id='word_1_464' title='bbox 1295 4252 1568 4320; x_wconf 82' lang='grc' dir='ltr'>κρείττονι</span> <span class='ocrx_word' id='word_1_465' title='bbox 1594 4252 1883 4320; x_wconf 80' lang='grc' dir='ltr'><strong>θαυμάσας</strong></span> 
     </span>
    </p>
   </div>
   <div class='ocr_carea' id='block_1_63' title="bbox 303 4344 1884 4418">
    <p class='ocr_par' dir='ltr' id='par_1_63' title="bbox 303 4344 1884 4418">
     <span class='ocr_line' id='line_1_63' title="bbox 303 4344 1884 4418; baseline -0.006 -15"><span class='ocrx_word' id='word_1_466' title='bbox 303 4350 574 4418; x_wconf 79' lang='grc' dir='ltr'>ἀναθήσει</span> <span class='ocrx_word' id='word_1_467' title='bbox 600 4347 658 4398; x_wconf 78' lang='grc' dir='ltr'>τὸ</span> <span class='ocrx_word' id='word_1_468' title='bbox 686 4347 880 4399; x_wconf 67' lang='grc' dir='ltr'>αῐτιονθ</span> <span class='ocrx_word' id='word_1_469' title='bbox 908 4345 968 4407; x_wconf 83' lang='grc' dir='ltr'>ὃς</span> <span class='ocrx_word' id='word_1_470' title='bbox 993 4345 1087 4397; x_wconf 77' lang='grc' dir='ltr'>καὶ</span> <span class='ocrx_word' id='word_1_471' title='bbox 1112 4344 1294 4410; x_wconf 78' lang='grc' dir='ltr'>αὐτὸς,</span> <span class='ocrx_word' id='word_1_472' title='bbox 1321 4345 1418 4414; x_wconf 83' lang='grc' dir='ltr'>οὐχ</span> <span class='ocrx_word' id='word_1_473' title='bbox 1441 4346 1522 4397; x_wconf 84' lang='grc' dir='ltr'>ὅτι</span> <span class='ocrx_word' id='word_1_474' title='bbox 1552 4344 1687 4414; x_wconf 67' lang='grc' dir='ltr'>πρὸς</span> <span class='ocrx_word' id='word_1_475' title='bbox 1704 4344 1884 4409; x_wconf 81' lang='grc' dir='ltr'>ἀξίαν,</span> 
     </span>
    </p>
   </div>
   <div class='ocr_carea' id='block_1_64' title="bbox 298 4437 1889 4508">
    <p class='ocr_par' dir='ltr' id='par_1_64' title="bbox 298 4437 1889 4508">
     <span class='ocr_line' id='line_1_64' title="bbox 298 4437 1889 4508; baseline -0.005 -12"><span class='ocrx_word' id='word_1_476' title='bbox 298 4444 419 4496; x_wconf 81' lang='grc' dir='ltr'>ἀλλ’</span> <span class='ocrx_word' id='word_1_477' title='bbox 447 4443 531 4494; x_wconf 74' lang='grc' dir='ltr'>ὃτι</span> <span class='ocrx_word' id='word_1_478' title='bbox 568 4440 686 4508; x_wconf 85' lang='grc' dir='ltr'>μετ’</span> <span class='ocrx_word' id='word_1_479' title='bbox 716 4437 983 4508; x_wconf 78' lang='grc' dir='ltr'>εὐψυχίας</span> <span class='ocrx_word' id='word_1_480' title='bbox 1035 4437 1313 4505; x_wconf 74' lang='grc' dir='ltr'>ὑμνεῖται,</span> <span class='ocrx_word' id='word_1_481' title='bbox 1360 4438 1485 4501; x_wconf 78' lang='grc' dir='ltr'>τοὺς</span> <span class='ocrx_word' id='word_1_482' title='bbox 1543 4440 1623 4501; x_wconf 81' lang='grc' dir='ltr'><strong>είς</strong></span> <span class='ocrx_word' id='word_1_483' title='bbox 1667 4440 1889 4508; x_wconf 84' lang='grc' dir='ltr'>εὐχαρι-</span> 
     </span>
    </p>
   </div>
   <div class='ocr_carea' id='block_1_65' title="bbox 302 4528 1887 4603">
    <p class='ocr_par' dir='ltr' id='par_1_65' title="bbox 302 4528 1887 4603">
     <span class='ocr_line' id='line_1_65' title="bbox 302 4528 1887 4603; baseline -0.003 -15"><span class='ocrx_word' id='word_1_484' title='bbox 302 4539 465 4589; x_wconf 81' lang='grc' dir='ltr'>στίαν</span> <span class='ocrx_word' id='word_1_485' title='bbox 490 4528 789 4597; x_wconf 67' lang='grc' dir='ltr'>λαλοῦντὰς</span> <span class='ocrx_word' id='word_1_486' title='bbox 817 4530 1132 4597; x_wconf 84' lang='grc' dir='ltr'>ἀμείϐεται.</span> <span class='ocrx_word' id='word_1_487' title='bbox 1164 4532 1275 4584; x_wconf 75' lang='grc' dir='ltr'><strong>Καὶ</strong></span> <span class='ocrx_word' id='word_1_488' title='bbox 1296 4532 1438 4584; x_wconf 77' lang='grc' dir='ltr'>οὕτω</span> <span class='ocrx_word' id='word_1_489' title='bbox 1462 4533 1558 4586; x_wconf 77' lang='grc' dir='ltr'>καὶ</span> <span class='ocrx_word' id='word_1_490' title='bbox 1587 4535 1723 4602; x_wconf 78' lang='grc' dir='ltr'>ἡμῖν</span> <span class='ocrx_word' id='word_1_491' title='bbox 1748 4533 1887 4603; x_wconf 61' lang='grc' dir='ltr'>τάχα</span> 
     </span>
    </p>
   </div>
   <div class='ocr_carea' id='block_1_66' title="bbox 298 4623 1202 4693">
    <p class='ocr_par' dir='ltr' id='par_1_66' title="bbox 298 4623 1202 4693">
     <span class='ocr_line' id='line_1_66' title="bbox 298 4623 1202 4693; baseline -0.003 -15"><span class='ocrx_word' id='word_1_492' title='bbox 298 4628 422 4679; x_wconf 61' lang='grc' dir='ltr'>τινὶ</span> <span class='ocrx_word' id='word_1_493' title='bbox 463 4627 491 4677; x_wconf 87' lang='grc' dir='ltr'>ὁ</span> <span class='ocrx_word' id='word_1_494' title='bbox 518 4623 676 4692; x_wconf 68' lang='grc' dir='ltr'>λέγος</span> <span class='ocrx_word' id='word_1_495' title='bbox 708 4624 933 4693; x_wconf 76' lang='grc' dir='ltr'>εὑρήσει</span> <span class='ocrx_word' id='word_1_496' title='bbox 956 4623 1202 4675; x_wconf 77' lang='grc' dir='ltr'>ἔπαινον.</span> 
     </span>
    </p>
   </div>
   <div class='ocr_carea' id='block_1_67' title="bbox 368 4711 1875 4784">
    <p class='ocr_par' dir='ltr' id='par_1_67' title="bbox 368 4711 1875 4784">
     <span class='ocr_line' id='line_1_67' title="bbox 368 4711 1875 4784; baseline -0.001 -16"><span class='ocrx_word' id='word_1_497' title='bbox 368 4713 443 4784; x_wconf 88' lang='grc' dir='ltr'>η’.</span> <span class='ocrx_word' id='word_1_498' title='bbox 479 4713 671 4767; x_wconf 78' lang='grc' dir='ltr'>Ταῦτα</span> <span class='ocrx_word' id='word_1_499' title='bbox 706 4715 767 4767; x_wconf 77' lang='grc' dir='ltr'>ἐν</span> <span class='ocrx_word' id='word_1_500' title='bbox 796 4713 955 4784; x_wconf 80' lang='grc' dir='ltr'>θυμῷ</span> <span class='ocrx_word' id='word_1_501' title='bbox 987 4713 1303 4783; x_wconf 80' lang='grc' dir='ltr'>βαλόμενος,</span> <span class='ocrx_word' id='word_1_502' title='bbox 1330 4715 1424 4766; x_wconf 70' lang='grc' dir='ltr'>καὶ</span> <span class='ocrx_word' id='word_1_503' title='bbox 1450 4711 1658 4767; x_wconf 81' lang='grc' dir='ltr'>τοιαῦθ’</span> <span class='ocrx_word' id='word_1_504' title='bbox 1689 4715 1875 4783; x_wconf 74' lang='grc' dir='ltr'>ἕτερα,</span> 
     </span>
    </p>
   </div>
   <div class='ocr_carea' id='block_1_68' title="bbox 295 4800 1879 4874">
    <p class='ocr_par' dir='ltr' id='par_1_68' title="bbox 295 4800 1879 4874">
     <span class='ocr_line' id='line_1_68' title="bbox 295 4800 1879 4874; baseline -0.002 -13"><span class='ocrx_word' id='word_1_505' title='bbox 295 4807 364 4861; x_wconf 84' lang='grc' dir='ltr'>δι’</span> <span class='ocrx_word' id='word_1_506' title='bbox 389 4800 471 4859; x_wconf 81' lang='grc' dir='ltr'>ὧν</span> <span class='ocrx_word' id='word_1_507' title='bbox 504 4802 808 4874; x_wconf 65' lang='grc' dir='ltr'>θαρρητέον</span> <span class='ocrx_word' id='word_1_508' title='bbox 835 4805 963 4866; x_wconf 80' lang='grc' dir='ltr'>τοὺς</span> <span class='ocrx_word' id='word_1_509' title='bbox 999 4804 1397 4873; x_wconf 73' lang='grc' dir='ltr'>ὑστερολόγους</span> <span class='ocrx_word' id='word_1_510' title='bbox 1432 4804 1529 4856; x_wconf 73' lang='grc' dir='ltr'>καὶ</span> <span class='ocrx_word' id='word_1_511' title='bbox 1561 4806 1879 4870; x_wconf 75' lang='grc' dir='ltr'>ταπεινοὺς,</span> 
     </span>
    </p>
   </div>
   <div class='ocr_carea' id='block_1_69' title="bbox 298 4895 1881 4969">
    <p class='ocr_par' dir='ltr' id='par_1_69' title="bbox 298 4895 1881 4969">
     <span class='ocr_line' id='line_1_69' title="bbox 298 4895 1881 4969; baseline 0 -19"><span class='ocrx_word' id='word_1_512' title='bbox 298 4900 362 4951; x_wconf 71' lang='grc' dir='ltr'>οὗ</span> <span class='ocrx_word' id='word_1_513' title='bbox 399 4898 546 4953; x_wconf 78' lang='grc' dir='ltr'>πάνυ</span> <span class='ocrx_word' id='word_1_514' title='bbox 602 4898 794 4969; x_wconf 78' lang='grc' dir='ltr'>πόρρω</span> <span class='ocrx_word' id='word_1_515' title='bbox 849 4897 956 4949; x_wconf 85' lang='grc' dir='ltr'>τῶν</span> <span class='ocrx_word' id='word_1_516' title='bbox 1008 4896 1227 4966; x_wconf 76' lang='grc' dir='ltr'>ὑψηλῶς</span> <span class='ocrx_word' id='word_1_517' title='bbox 1272 4895 1507 4966; x_wconf 81' lang='grc' dir='ltr'>λαλῆσαι</span> <span class='ocrx_word' id='word_1_518' title='bbox 1554 4895 1881 4965; x_wconf 84' lang='grc' dir='ltr'>φθασάντων</span> 
     </span>
    </p>
   </div>
   <div class='ocr_carea' id='block_1_70' title="bbox 297 4987 1878 5062">
    <p class='ocr_par' dir='ltr' id='par_1_70' title="bbox 297 4987 1878 5062">
     <span class='ocr_line' id='line_1_70' title="bbox 297 4987 1878 5062; baseline -0.003 -16"><span class='ocrx_word' id='word_1_519' title='bbox 297 4991 652 5062; x_wconf 74' lang='grc' dir='ltr'>ἑστήξεσθαι,</span> <span class='ocrx_word' id='word_1_520' title='bbox 685 4991 734 5041; x_wconf 85' lang='grc' dir='ltr'><strong>εί</strong></span> <span class='ocrx_word' id='word_1_521' title='bbox 764 4988 923 5059; x_wconf 74' lang='grc' dir='ltr'>μόνον</span> <span class='ocrx_word' id='word_1_522' title='bbox 950 4989 1085 5058; x_wconf 86' lang='grc' dir='ltr'>πρὸς</span> <span class='ocrx_word' id='word_1_523' title='bbox 1112 4987 1273 5059; x_wconf 82' lang='grc' dir='ltr'>ὀρθὸν</span> <span class='ocrx_word' id='word_1_524' title='bbox 1300 4988 1559 5056; x_wconf 78' lang='grc' dir='ltr'>λογισμὸν</span> <span class='ocrx_word' id='word_1_525' title='bbox 1616 4988 1878 5058; x_wconf 77' lang='grc' dir='ltr'>φθέγξονο</span> 
     </span>
    </p>
   </div>
   <div class='ocr_carea' id='block_1_71' title="bbox 293 5076 1876 5148">
    <p class='ocr_par' dir='ltr' id='par_1_71' title="bbox 293 5076 1876 5148">
     <span class='ocr_line' id='line_1_71' title="bbox 293 5076 1876 5148; baseline -0.004 -13"><span class='ocrx_word' id='word_1_526' title='bbox 293 5099 407 5145; x_wconf 80' lang='grc' dir='ltr'>ται,</span> <span class='ocrx_word' id='word_1_527' title='bbox 468 5079 564 5133; x_wconf 76' lang='lat' dir='ltr'><strong>xal.</strong></span> <span class='ocrx_word' id='word_1_528' title='bbox 621 5076 764 5132; x_wconf 79' lang='grc' dir='ltr'>οὕτω</span> <span class='ocrx_word' id='word_1_529' title='bbox 819 5080 1169 5142; x_wconf 72' lang='grc' dir='ltr'>συσκευάσας</span> <span class='ocrx_word' id='word_1_530' title='bbox 1227 5079 1308 5141; x_wconf 83' lang='grc' dir='ltr'><strong>είς</strong></span> <span class='ocrx_word' id='word_1_531' title='bbox 1355 5078 1556 5148; x_wconf 81' lang='grc' dir='ltr'>θάρσος</span> <span class='ocrx_word' id='word_1_532' title='bbox 1613 5079 1876 5147; x_wconf 77' lang='grc' dir='ltr'>ἐμαυτὸν,</span> 
     </span>
    </p>
   </div>
   <div class='ocr_carea' id='block_1_72' title="bbox 294 5164 1877 5244">
    <p class='ocr_par' dir='ltr' id='par_1_72' title="bbox 294 5164 1877 5244">
     <span class='ocr_line' id='line_1_72' title="bbox 294 5164 1877 5244; baseline -0.002 -18"><span class='ocrx_word' id='word_1_533' title='bbox 294 5174 535 5244; x_wconf 83' lang='grc' dir='ltr'>καθίημι</span> <span class='ocrx_word' id='word_1_534' title='bbox 566 5172 658 5224; x_wconf 77' lang='grc' dir='ltr'>τὸν</span> <span class='ocrx_word' id='word_1_535' title='bbox 705 5170 884 5239; x_wconf 67' lang='grc' dir='ltr'>λὸγον,</span> <span class='ocrx_word' id='word_1_536' title='bbox 920 5164 977 5223; x_wconf 74' lang='grc' dir='ltr'>οἷ</span> <span class='ocrx_word' id='word_1_537' title='bbox 1009 5169 1346 5239; x_wconf 74' lang='grc' dir='ltr'>προεθέμην,</span> <span class='ocrx_word' id='word_1_538' title='bbox 1397 5172 1492 5223; x_wconf 83' lang='grc' dir='ltr'>καὶ</span> <span class='ocrx_word' id='word_1_539' title='bbox 1540 5169 1635 5223; x_wconf 86' lang='grc' dir='ltr'><strong>τοῦ</strong></span> <span class='ocrx_word' id='word_1_540' title='bbox 1670 5172 1877 5223; x_wconf 84' lang='grc' dir='ltr'>σκοποῦ</span> 
     </span>
    </p>
   </div>
   <div class='ocr_carea' id='block_1_73' title="bbox 294 5261 1876 5335">
    <p class='ocr_par' dir='ltr' id='par_1_73' title="bbox 294 5261 1876 5335">
     <span class='ocr_line' id='line_1_73' title="bbox 294 5261 1876 5335; baseline -0.001 -17"><span class='ocrx_word' id='word_1_541' title='bbox 294 5266 544 5335; x_wconf 79' lang='grc' dir='ltr'>γίνομαι,</span> <span class='ocrx_word' id='word_1_542' title='bbox 578 5265 677 5333; x_wconf 82' lang='grc' dir='ltr'>οὐχ</span> <span class='ocrx_word' id='word_1_543' title='bbox 727 5263 868 5332; x_wconf 83' lang='grc' dir='ltr'>ὑπὲρ</span> <span class='ocrx_word' id='word_1_544' title='bbox 921 5263 1050 5326; x_wconf 63' lang='grc' dir='ltr'>τοὺς</span> <span class='ocrx_word' id='word_1_545' title='bbox 1082 5262 1276 5325; x_wconf 83' lang='grc' dir='ltr'>ἄλλους</span> <span class='ocrx_word' id='word_1_546' title='bbox 1325 5261 1608 5315; x_wconf 81' lang='grc' dir='ltr'>διαθέσθαι</span> <span class='ocrx_word' id='word_1_547' title='bbox 1643 5280 1695 5314; x_wconf 84' lang='grc' dir='ltr'><strong>τι</strong></span> <span class='ocrx_word' id='word_1_548' title='bbox 1740 5279 1876 5333; x_wconf 83' lang='grc' dir='ltr'>προ-</span> 
     </span>
    </p>
   </div>
   <div class='ocr_carea' id='block_1_74' title="bbox 294 5355 1879 5429">
    <p class='ocr_par' dir='ltr' id='par_1_74' title="bbox 294 5355 1879 5429">
     <span class='ocr_line' id='line_1_74' title="bbox 294 5355 1879 5429; baseline -0.004 -15"><span class='ocrx_word' id='word_1_549' title='bbox 294 5361 637 5429; x_wconf 73' lang='grc' dir='ltr'>νοησάμενος</span> <span class='ocrx_word' id='word_1_550' title='bbox 688 5355 915 5426; x_wconf 86' lang='grc' dir='ltr'>(μανίας</span> <span class='ocrx_word' id='word_1_551' title='bbox 967 5356 1076 5426; x_wconf 75' lang='grc' dir='ltr'><strong>γὰρ</strong></span> <span class='ocrx_word' id='word_1_552' title='bbox 1124 5357 1289 5423; x_wconf 82' lang='grc' dir='ltr'>ἐγγὺς</span> <span class='ocrx_word' id='word_1_553' title='bbox 1344 5356 1377 5425; x_wconf 78' lang='grc' dir='ltr'><strong>ἡ</strong></span> <span class='ocrx_word' id='word_1_554' title='bbox 1433 5355 1541 5407; x_wconf 80' lang='grc' dir='ltr'><strong>τῶν</strong></span> <span class='ocrx_word' id='word_1_555' title='bbox 1598 5355 1879 5408; x_wconf 82' lang='grc' dir='ltr'>ἀδυνάτων</span> 
     </span>
    </p>
   </div>
   <div class='ocr_carea' id='block_1_75' title="bbox 297 5446 1880 5522">
    <p class='ocr_par' dir='ltr' id='par_1_75' title="bbox 297 5446 1880 5522">
     <span class='ocr_line' id='line_1_75' title="bbox 297 5446 1880 5522; baseline -0.004 -17"><span class='ocrx_word' id='word_1_556' title='bbox 297 5449 800 5522; x_wconf 72' lang='grc' dir='ltr'>κατεπεχείρησις).</span> <span class='ocrx_word' id='word_1_557' title='bbox 846 5447 1025 5517; x_wconf 78' lang='grc' dir='ltr'>ψυχῆς</span> <span class='ocrx_word' id='word_1_558' title='bbox 1057 5449 1112 5500; x_wconf 77' lang='grc' dir='ltr'>δὲ</span> <span class='ocrx_word' id='word_1_559' title='bbox 1144 5447 1292 5512; x_wconf 74' lang='grc' dir='ltr'>ζέσιν</span> <span class='ocrx_word' id='word_1_560' title='bbox 1344 5446 1641 5514; x_wconf 79' lang='grc' dir='ltr'>ὲκφαίνων,</span> <span class='ocrx_word' id='word_1_561' title='bbox 1693 5449 1786 5499; x_wconf 74' lang='grc' dir='ltr'>καὶ</span> <span class='ocrx_word' id='word_1_562' title='bbox 1817 5447 1880 5498; x_wconf 80' lang='grc' dir='ltr'>τὸ</span> 
     </span>
    </p>
   </div>
   <div class='ocr_carea' id='block_1_76' title="bbox 296 5537 1881 5617">
    <p class='ocr_par' dir='ltr' id='par_1_76' title="bbox 296 5537 1881 5617">
     <span class='ocr_line' id='line_1_76' title="bbox 296 5537 1881 5617; baseline -0.007 -18"><span class='ocrx_word' id='word_1_563' title='bbox 296 5546 381 5601; x_wconf 75' lang='grc' dir='ltr'><strong>τοῦ</strong></span> <span class='ocrx_word' id='word_1_564' title='bbox 402 5548 574 5617; x_wconf 77' lang='grc' dir='ltr'>ζήλου</span> <span class='ocrx_word' id='word_1_565' title='bbox 610 5541 860 5605; x_wconf 67' lang='grc' dir='ltr'>διακαὲς,</span> <span class='ocrx_word' id='word_1_566' title='bbox 886 5541 983 5593; x_wconf 74' lang='grc' dir='ltr'>καὶ</span> <span class='ocrx_word' id='word_1_567' title='bbox 1015 5538 1158 5593; x_wconf 75' lang='grc' dir='ltr'>οὕτω</span> <span class='ocrx_word' id='word_1_568' title='bbox 1188 5538 1426 5609; x_wconf 83' lang='grc' dir='ltr'>τολμῶν,</span> <span class='ocrx_word' id='word_1_569' title='bbox 1462 5540 1556 5592; x_wconf 77' lang='grc' dir='ltr'>καὶ</span> <span class='ocrx_word' id='word_1_570' title='bbox 1584 5538 1686 5607; x_wconf 80' lang='grc' dir='ltr'>τὴν</span> <span class='ocrx_word' id='word_1_571' title='bbox 1716 5537 1881 5607; x_wconf 77' lang='grc' dir='ltr'>φύσιν</span> 
     </span>
    </p>
   </div>
   <div class='ocr_carea' id='block_1_77' title="bbox 296 5627 1883 5711">
    <p class='ocr_par' dir='ltr' id='par_1_77' title="bbox 296 5627 1883 5711">
     <span class='ocr_line' id='line_1_77' title="bbox 296 5627 1883 5711; baseline -0.006 -20"><span class='ocrx_word' id='word_1_572' title='bbox 296 5636 598 5711; x_wconf 77' lang='grc' dir='ltr'>τυραννῶν,</span> <span class='ocrx_word' id='word_1_573' title='bbox 628 5634 1035 5702; x_wconf 78' lang='grc' dir='ltr'>εὐλαϐέστερον</span> <span class='ocrx_word' id='word_1_574' title='bbox 1067 5630 1244 5694; x_wconf 70' lang='grc' dir='ltr'>ἄλλως</span> <span class='ocrx_word' id='word_1_575' title='bbox 1295 5630 1364 5683; x_wconf 84' lang='grc' dir='ltr'><strong>τά</strong></span> <span class='ocrx_word' id='word_1_576' title='bbox 1413 5645 1475 5699; x_wconf 86' lang='grc' dir='ltr'>γε</span> <span class='ocrx_word' id='word_1_577' title='bbox 1508 5627 1737 5682; x_wconf 82' lang='grc' dir='ltr'>τοιαῦτα</span> <span class='ocrx_word' id='word_1_578' title='bbox 1766 5628 1883 5682; x_wconf 79' lang='grc' dir='ltr'>δια-</span> 
     </span>
    </p>
   </div>
   <div class='ocr_carea' id='block_1_78' title="bbox 298 5729 946 5804">
    <p class='ocr_par' dir='ltr' id='par_1_78' title="bbox 298 5729 946 5804">
     <span class='ocr_line' id='line_1_78' title="bbox 298 5729 946 5804; baseline -0.006 -17"><span class='ocrx_word' id='word_1_579' title='bbox 298 5733 529 5804; x_wconf 79' lang='grc' dir='ltr'>θεμένην</span> <span class='ocrx_word' id='word_1_580' title='bbox 565 5734 635 5788; x_wconf 65' lang='grc' dir='ltr'>τὲ</span> <span class='ocrx_word' id='word_1_581' title='bbox 668 5731 794 5786; x_wconf 82' lang='grc' dir='ltr'>κατ’</span> <span class='ocrx_word' id='word_1_582' title='bbox 819 5729 946 5798; x_wconf 73' lang='grc' dir='ltr'>ἐμέ.</span> 
     </span>
    </p>
   </div>
   <div class='ocr_carea' id='block_1_79' title="bbox 1999 1860 3585 1934">
    <p class='ocr_par' dir='ltr' id='par_1_79' title="bbox 1999 1860 3585 1934">
     <span class='ocr_line' id='line_1_79' title="bbox 1999 1860 3585 1934; baseline 0.009 -22"><span class='ocrx_word' id='word_1_583' title='bbox 1999 1874 2108 1930; x_wconf 88' lang='lat' dir='ltr'><strong>que</strong></span> <span class='ocrx_word' id='word_1_584' title='bbox 2147 1860 2464 1916; x_wconf 85' lang='lat' dir='ltr'><strong>varietatem</strong></span> <span class='ocrx_word' id='word_1_585' title='bbox 2510 1862 2768 1930; x_wconf 87' lang='lat' dir='ltr'><strong>complet.</strong></span> <span class='ocrx_word' id='word_1_586' title='bbox 2814 1862 3034 1918; x_wconf 83' lang='lat' dir='ltr'><strong>Audivit</strong></span> <span class='ocrx_word' id='word_1_587' title='bbox 3082 1866 3219 1921; x_wconf 83' lang='lat' dir='ltr'><strong>alius</strong></span> <span class='ocrx_word' id='word_1_588' title='bbox 3253 1883 3370 1934; x_wconf 82' lang='lat' dir='ltr'><strong>quae</strong></span> <span class='ocrx_word' id='word_1_589' title='bbox 3402 1869 3585 1926; x_wconf 87' lang='lat' dir='ltr'><strong>nullus</strong></span> 
     </span>
    </p>
   </div>
   <div class='ocr_carea' id='block_1_80' title="bbox 1999 1954 3578 2031">
    <p class='ocr_par' dir='ltr' id='par_1_80' title="bbox 1999 1954 3578 2031">
     <span class='ocr_line' id='line_1_80' title="bbox 1999 1954 3578 2031; baseline 0.006 -24"><span class='ocrx_word' id='word_1_590' title='bbox 1999 1954 2179 2009; x_wconf 89' lang='lat' dir='ltr'><strong>homo.</strong></span> <span class='ocrx_word' id='word_1_591' title='bbox 2205 1954 2346 2019; x_wconf 88' lang='lat' dir='ltr'><strong>Quid</strong></span> <span class='ocrx_word' id='word_1_592' title='bbox 2380 1955 2580 2023; x_wconf 82' lang='lat' dir='ltr'><strong>igitur?</strong></span> <span class='ocrx_word' id='word_1_593' title='bbox 2609 1956 2746 2009; x_wconf 86' lang='lat' dir='ltr'><strong>Num</strong></span> <span class='ocrx_word' id='word_1_594' title='bbox 2792 1959 3101 2013; x_wconf 70' lang='lat' dir='ltr'><strong>claudenda:</strong></span> <span class='ocrx_word' id='word_1_595' title='bbox 3142 1959 3359 2031; x_wconf 63' lang='lat' dir='ltr'><strong>reliqua;</strong></span> <span class='ocrx_word' id='word_1_596' title='bbox 3397 1977 3578 2028; x_wconf 84' lang='lat' dir='ltr'><strong>aures,</strong></span> 
     </span>
    </p>
   </div>
   <div class='ocr_carea' id='block_1_81' title="bbox 1996 2048 3583 2120">
    <p class='ocr_par' dir='ltr' id='par_1_81' title="bbox 1996 2048 3583 2120">
     <span class='ocr_line' id='line_1_81' title="bbox 1996 2048 3583 2120; baseline 0.006 -20"><span class='ocrx_word' id='word_1_597' title='bbox 1996 2048 2120 2117; x_wconf 81' lang='lat' dir='ltr'><strong>quia</strong></span> <span class='ocrx_word' id='word_1_598' title='bbox 2151 2063 2257 2101; x_wconf 86' lang='lat' dir='ltr'><strong>nou</strong></span> <span class='ocrx_word' id='word_1_599' title='bbox 2289 2048 2585 2104; x_wconf 79' lang='lat' dir='ltr'><strong>faciliorem</strong></span> <span class='ocrx_word' id='word_1_600' title='bbox 2621 2051 2820 2105; x_wconf 86' lang='lat' dir='ltr'><strong>habent</strong></span> <span class='ocrx_word' id='word_1_601' title='bbox 2862 2053 3183 2120; x_wconf 77' lang='lat' dir='ltr'><strong>energiam?</strong></span> <span class='ocrx_word' id='word_1_602' title='bbox 3224 2053 3289 2107; x_wconf 83' lang='lat' dir='ltr'><strong>Et</strong></span> <span class='ocrx_word' id='word_1_603' title='bbox 3314 2057 3583 2110; x_wconf 79' lang='lat' dir='ltr'><strong>exercitus</strong></span> 
     </span>
    </p>
   </div>
   <div class='ocr_carea' id='block_1_82' title="bbox 2003 2142 3583 2205">
    <p class='ocr_par' dir='ltr' id='par_1_82' title="bbox 2003 2142 3583 2205">
     <span class='ocr_line' id='line_1_82' title="bbox 2003 2142 3583 2205; baseline 0.006 -13"><span class='ocrx_word' id='word_1_604' title='bbox 2003 2150 2115 2192; x_wconf 89' lang='lat' dir='ltr'><strong>tum</strong></span> <span class='ocrx_word' id='word_1_605' title='bbox 2149 2153 2179 2194; x_wconf 90' lang='lat' dir='ltr'><strong>e</strong></span> <span class='ocrx_word' id='word_1_606' title='bbox 2206 2142 2460 2205; x_wconf 77' lang='lat' dir='ltr'><strong>fortibus,</strong></span> <span class='ocrx_word' id='word_1_607' title='bbox 2496 2153 2602 2197; x_wconf 90' lang='lat' dir='ltr'><strong>tum</strong></span> <span class='ocrx_word' id='word_1_608' title='bbox 2638 2157 2669 2197; x_wconf 90' lang='lat' dir='ltr'><strong>e</strong></span> <span class='ocrx_word' id='word_1_609' title='bbox 2703 2157 2809 2198; x_wconf 91' lang='lat' dir='ltr'><strong>non</strong></span> <span class='ocrx_word' id='word_1_610' title='bbox 2861 2144 3061 2201; x_wconf 89' lang='lat' dir='ltr'><strong>talibus</strong></span> <span class='ocrx_word' id='word_1_611' title='bbox 3095 2145 3311 2200; x_wconf 86' lang='lat' dir='ltr'><strong>coaluit.</strong></span> <span class='ocrx_word' id='word_1_612' title='bbox 3343 2145 3583 2201; x_wconf 68' lang='lat' dir='ltr'><strong>(latitans</strong></span> 
     </span>
    </p>
   </div>
   <div class='ocr_carea' id='block_1_83' title="bbox 1992 2230 3583 2305">
    <p class='ocr_par' dir='ltr' id='par_1_83' title="bbox 1992 2230 3583 2305">
     <span class='ocr_line' id='line_1_83' title="bbox 1992 2230 3583 2305; baseline 0.006 -21"><span class='ocrx_word' id='word_1_613' title='bbox 1992 2230 2163 2287; x_wconf 81' lang='lat' dir='ltr'><strong>David</strong></span> <span class='ocrx_word' id='word_1_614' title='bbox 2194 2232 2479 2288; x_wconf 79' lang='lat' dir='ltr'><strong>saltatores</strong></span> <span class='ocrx_word' id='word_1_615' title='bbox 2511 2249 2618 2288; x_wconf 89' lang='lat' dir='ltr'><strong>non</strong></span> <span class='ocrx_word' id='word_1_616' title='bbox 2647 2234 2971 2305; x_wconf 65' lang='lat' dir='ltr'><strong>dedignatus</strong></span> <span class='ocrx_word' id='word_1_617' title='bbox 3002 2247 3103 2290; x_wconf 85' lang='lat' dir='ltr'><strong>est.</strong></span> <span class='ocrx_word' id='word_1_618' title='bbox 3136 2237 3247 2292; x_wconf 76' lang='lat' dir='ltr'><strong>Nec</strong></span> <span class='ocrx_word' id='word_1_619' title='bbox 3277 2252 3466 2292; x_wconf 86' lang='lat' dir='ltr'><strong>revera</strong></span> <span class='ocrx_word' id='word_1_620' title='bbox 3492 2253 3583 2293; x_wconf 87' lang='lat' dir='ltr'><strong>se—</strong></span> 
     </span>
    </p>
   </div>
   <div class='ocr_carea' id='block_1_84' title="bbox 1990 2324 3584 2397">
    <p class='ocr_par' dir='ltr' id='par_1_84' title="bbox 1990 2324 3584 2397">
     <span class='ocr_line' id='line_1_84' title="bbox 1990 2324 3584 2397; baseline 0.006 -21"><span class='ocrx_word' id='word_1_621' title='bbox 1990 2324 2225 2377; x_wconf 89' lang='lat' dir='ltr'><strong>cundum</strong></span> <span class='ocrx_word' id='word_1_622' title='bbox 2274 2340 2400 2379; x_wconf 88' lang='lat' dir='ltr'><strong>eum</strong></span> <span class='ocrx_word' id='word_1_623' title='bbox 2446 2328 2536 2380; x_wconf 88' lang='lat' dir='ltr'><strong>alii</strong></span> <span class='ocrx_word' id='word_1_624' title='bbox 2583 2326 2984 2397; x_wconf 63' lang='lat' dir='ltr'><strong>hyn‘mizahant.</strong></span> <span class='ocrx_word' id='word_1_625' title='bbox 3016 2328 3179 2384; x_wconf 85' lang='lat' dir='ltr'><strong>Chori</strong></span> <span class='ocrx_word' id='word_1_626' title='bbox 3221 2329 3506 2384; x_wconf 88' lang='lat' dir='ltr'><strong>harmonia</strong></span> <span class='ocrx_word' id='word_1_627' title='bbox 3551 2346 3584 2385; x_wconf 89' lang='lat' dir='ltr'><strong>e</strong></span> 
     </span>
    </p>
   </div>
   <div class='ocr_carea' id='block_1_85' title="bbox 1989 2415 3585 2489">
    <p class='ocr_par' dir='ltr' id='par_1_85' title="bbox 1989 2415 3585 2489">
     <span class='ocr_line' id='line_1_85' title="bbox 1989 2415 3585 2489; baseline 0.002 -18"><span class='ocrx_word' id='word_1_628' title='bbox 1989 2415 2239 2480; x_wconf 82' lang='lat' dir='ltr'><strong>diversis,</strong></span> <span class='ocrx_word' id='word_1_629' title='bbox 2270 2417 2400 2486; x_wconf 87' lang='lat' dir='ltr'><strong>quin</strong></span> <span class='ocrx_word' id='word_1_630' title='bbox 2432 2418 2540 2470; x_wconf 87' lang='lat' dir='ltr'><strong>imo</strong></span> <span class='ocrx_word' id='word_1_631' title='bbox 2569 2432 2599 2471; x_wconf 89' lang='lat' dir='ltr'><strong>e</strong></span> <span class='ocrx_word' id='word_1_632' title='bbox 2624 2417 2857 2473; x_wconf 84' lang='lat' dir='ltr'><strong>dissonis</strong></span> <span class='ocrx_word' id='word_1_633' title='bbox 2885 2426 2937 2471; x_wconf 89' lang='lat' dir='ltr'><strong>et</strong></span> <span class='ocrx_word' id='word_1_634' title='bbox 2963 2420 3227 2489; x_wconf 74' lang='lat' dir='ltr'><strong>separatis</strong></span> <span class='ocrx_word' id='word_1_635' title='bbox 3257 2418 3431 2474; x_wconf 88' lang='lat' dir='ltr'><strong>modis</strong></span> <span class='ocrx_word' id='word_1_636' title='bbox 3457 2432 3585 2489; x_wconf 61' lang='lat' dir='ltr'><strong>pro«</strong></span> 
     </span>
    </p>
   </div>
   <div class='ocr_carea' id='block_1_86' title="bbox 1987 2507 3584 2578">
    <p class='ocr_par' dir='ltr' id='par_1_86' title="bbox 1987 2507 3584 2578">
     <span class='ocr_line' id='line_1_86' title="bbox 1987 2507 3584 2578; baseline 0.003 -16"><span class='ocrx_word' id='word_1_637' title='bbox 1987 2507 2306 2563; x_wconf 80' lang='lat' dir='ltr'><strong>cedentibus</strong></span> <span class='ocrx_word' id='word_1_638' title='bbox 2337 2522 2701 2576; x_wconf 84' lang='lat' dir='ltr'><strong>comparatur,</strong></span> <span class='ocrx_word' id='word_1_639' title='bbox 2735 2518 2789 2562; x_wconf 91' lang='lat' dir='ltr'><strong>ut</strong></span> <span class='ocrx_word' id='word_1_640' title='bbox 2819 2508 2971 2563; x_wconf 90' lang='lat' dir='ltr'><strong>aiunt</strong></span> <span class='ocrx_word' id='word_1_641' title='bbox 3001 2510 3091 2578; x_wconf 85' lang='lat' dir='ltr'><strong>qui</strong></span> <span class='ocrx_word' id='word_1_642' title='bbox 3126 2512 3273 2565; x_wconf 87' lang='lat' dir='ltr'><strong>hisce</strong></span> <span class='ocrx_word' id='word_1_643' title='bbox 3316 2512 3584 2573; x_wconf 84' lang='lat' dir='ltr'><strong>scientiis.</strong></span> 
     </span>
    </p>
   </div>
   <div class='ocr_carea' id='block_1_87' title="bbox 1992 2598 2633 2670">
    <p class='ocr_par' dir='ltr' id='par_1_87' title="bbox 1992 2598 2633 2670">
     <span class='ocr_line' id='line_1_87' title="bbox 1992 2598 2633 2670; baseline -0.005 -15"><span class='ocrx_word' id='word_1_644' title='bbox 1992 2598 2145 2655; x_wconf 84' lang='lat' dir='ltr'><strong>hisce</strong></span> <span class='ocrx_word' id='word_1_645' title='bbox 2174 2600 2383 2655; x_wconf 87' lang='lat' dir='ltr'><strong>artibus</strong></span> <span class='ocrx_word' id='word_1_646' title='bbox 2413 2599 2633 2670; x_wconf 90' lang='lat' dir='ltr'><strong>pollent.</strong></span> 
     </span>
    </p>
   </div>
   <div class='ocr_carea' id='block_1_88' title="bbox 3120 2694 3582 2764">
    <p class='ocr_par' dir='ltr' id='par_1_88' title="bbox 3120 2694 3582 2764">
     <span class='ocr_line' id='line_1_88' title="bbox 3120 2694 3582 2764; baseline -0.002 -19"><span class='ocrx_word' id='word_1_647' title='bbox 3120 2694 3349 2748; x_wconf 81' lang='grc' dir='ltr'>τοιαῦτα</span> <span class='ocrx_word' id='word_1_648' title='bbox 3403 2694 3582 2764; x_wconf 64' lang='grc' dir='ltr'>σοείοῖι</span> 
     </span>
    </p>
   </div>
   <div class='ocr_carea' id='block_1_89' title="bbox 2066 2873 3579 2945">
    <p class='ocr_par' dir='ltr' id='par_1_89' title="bbox 2066 2873 3579 2945">
     <span class='ocr_line' id='line_1_89' title="bbox 2066 2873 3579 2945; baseline -0.002 -17"><span class='ocrx_word' id='word_1_649' title='bbox 2066 2876 2118 2930; x_wconf 87' lang='grc'>7.</span> <span class='ocrx_word' id='word_1_650' title='bbox 2149 2874 2267 2930; x_wconf 85' lang='lat' dir='ltr'><strong>Non</strong></span> <span class='ocrx_word' id='word_1_651' title='bbox 2314 2882 2398 2930; x_wconf 82' lang='lat' dir='ltr'><strong>est</strong></span> <span class='ocrx_word' id='word_1_652' title='bbox 2450 2874 2592 2945; x_wconf 82' lang='lat' dir='ltr'><strong>quod</strong></span> <span class='ocrx_word' id='word_1_653' title='bbox 2632 2875 2687 2928; x_wconf 93' lang='lat' dir='ltr'><strong>in</strong></span> <span class='ocrx_word' id='word_1_654' title='bbox 2732 2873 2964 2943; x_wconf 83' lang='lat' dir='ltr'><strong>idipsum</strong></span> <span class='ocrx_word' id='word_1_655' title='bbox 3011 2873 3191 2929; x_wconf 86' lang='lat' dir='ltr'><strong>cuncti</strong></span> <span class='ocrx_word' id='word_1_656' title='bbox 3233 2882 3579 2930; x_wconf 86' lang='lat' dir='ltr'><strong>concurrant.</strong></span> 
     </span>
    </p>
   </div>
   <div class='ocr_carea' id='block_1_90' title="bbox 1989 2965 3581 3047">
    <p class='ocr_par' dir='ltr' id='par_1_90' title="bbox 1989 2965 3581 3047">
     <span class='ocr_line' id='line_1_90' title="bbox 1989 2965 3581 3047; baseline -0.002 -23"><span class='ocrx_word' id='word_1_657' title='bbox 1989 2967 2362 3047; x_wconf 77' lang='lat' dir='ltr'><strong>Memorautur</strong></span> <span class='ocrx_word' id='word_1_658' title='bbox 2396 2965 2617 3022; x_wconf 82' lang='lat' dir='ltr'><strong>Sirenes</strong></span> <span class='ocrx_word' id='word_1_659' title='bbox 2654 2966 2706 3020; x_wconf 90' lang='lat' dir='ltr'><strong>in</strong></span> <span class='ocrx_word' id='word_1_660' title='bbox 2755 2965 2950 3035; x_wconf 76' lang='lat' dir='ltr'><strong>priscis</strong></span> <span class='ocrx_word' id='word_1_661' title='bbox 2983 2965 3202 3034; x_wconf 87' lang='lat' dir='ltr'><strong>scriptis</strong></span> <span class='ocrx_word' id='word_1_662' title='bbox 3245 2979 3581 3036; x_wconf 75' lang='lat' dir='ltr'><strong>quaecunque</strong></span> 
     </span>
    </p>
   </div>
   <div class='ocr_carea' id='block_1_91' title="bbox 1986 3053 3583 3127">
    <p class='ocr_par' dir='ltr' id='par_1_91' title="bbox 1986 3053 3583 3127">
     <span class='ocr_line' id='line_1_91' title="bbox 1986 3053 3583 3127; baseline -0.004 -11"><span class='ocrx_word' id='word_1_663' title='bbox 1986 3068 2188 3123; x_wconf 78' lang='lat' dir='ltr'><strong>essent,</strong></span> <span class='ocrx_word' id='word_1_664' title='bbox 2219 3059 2343 3113; x_wconf 88' lang='lat' dir='ltr'><strong>inde</strong></span> <span class='ocrx_word' id='word_1_665' title='bbox 2399 3071 2650 3127; x_wconf 78' lang='lat' dir='ltr'><strong>magnum</strong></span> <span class='ocrx_word' id='word_1_666' title='bbox 2703 3056 2833 3126; x_wconf 89' lang='lat' dir='ltr'><strong>quid</strong></span> <span class='ocrx_word' id='word_1_667' title='bbox 2874 3069 2997 3111; x_wconf 76' lang='lat' dir='ltr'><strong>esse</strong></span> <span class='ocrx_word' id='word_1_668' title='bbox 3038 3054 3306 3109; x_wconf 87' lang='lat' dir='ltr'><strong>videntur.</strong></span> <span class='ocrx_word' id='word_1_669' title='bbox 3335 3053 3447 3108; x_wconf 84' lang='lat' dir='ltr'><strong>Nec</strong></span> <span class='ocrx_word' id='word_1_670' title='bbox 3487 3067 3583 3109; x_wconf 85' lang='lat' dir='ltr'><strong>eas</strong></span> 
     </span>
    </p>
   </div>
   <div class='ocr_carea' id='block_1_92' title="bbox 1983 3145 3585 3220">
    <p class='ocr_par' dir='ltr' id='par_1_92' title="bbox 1983 3145 3585 3220">
     <span class='ocr_line' id='line_1_92' title="bbox 1983 3145 3585 3220; baseline -0.002 -15"><span class='ocrx_word' id='word_1_671' title='bbox 1983 3150 2086 3206; x_wconf 85' lang='lat' dir='ltr'><strong>.lob</strong></span> <span class='ocrx_word' id='word_1_672' title='bbox 2109 3152 2429 3220; x_wconf 77' lang='lat' dir='ltr'><strong>dedignatus</strong></span> <span class='ocrx_word' id='word_1_673' title='bbox 2447 3156 2554 3215; x_wconf 81' lang='lat' dir='ltr'><strong>est,</strong></span> <span class='ocrx_word' id='word_1_674' title='bbox 2582 3162 2682 3204; x_wconf 88' lang='lat' dir='ltr'><strong>nec</strong></span> <span class='ocrx_word' id='word_1_675' title='bbox 2707 3163 2736 3203; x_wconf 91' lang='lat' dir='ltr'><strong>e</strong></span> <span class='ocrx_word' id='word_1_676' title='bbox 2760 3146 3039 3204; x_wconf 86' lang='lat' dir='ltr'><strong>celebrato</strong></span> <span class='ocrx_word' id='word_1_677' title='bbox 3073 3145 3271 3217; x_wconf 88' lang='lat' dir='ltr'><strong>repulit</strong></span> <span class='ocrx_word' id='word_1_678' title='bbox 3292 3159 3585 3201; x_wconf 78' lang='lat' dir='ltr'><strong>ornamen-</strong></span> 
     </span>
    </p>
   </div>
   <div class='ocr_carea' id='block_1_93' title="bbox 1987 3236 3578 3309">
    <p class='ocr_par' dir='ltr' id='par_1_93' title="bbox 1987 3236 3578 3309">
     <span class='ocr_line' id='line_1_93' title="bbox 1987 3236 3578 3309; baseline -0.006 -11"><span class='ocrx_word' id='word_1_679' title='bbox 1987 3255 2061 3309; x_wconf 90' lang='lat' dir='ltr'><strong>to,</strong></span> <span class='ocrx_word' id='word_1_680' title='bbox 2088 3242 2181 3297; x_wconf 82' lang='lat' dir='ltr'><strong>alii</strong></span> <span class='ocrx_word' id='word_1_681' title='bbox 2232 3241 2433 3305; x_wconf 86' lang='lat' dir='ltr'><strong>Sireni,</strong></span> <span class='ocrx_word' id='word_1_682' title='bbox 2462 3240 2592 3296; x_wconf 89' lang='lat' dir='ltr'><strong>exili</strong></span> <span class='ocrx_word' id='word_1_683' title='bbox 2643 3238 2990 3304; x_wconf 86' lang='lat' dir='ltr'><strong>animalculo,</strong></span> <span class='ocrx_word' id='word_1_684' title='bbox 3021 3251 3147 3292; x_wconf 83' lang='lat' dir='ltr'><strong>suas</strong></span> <span class='ocrx_word' id='word_1_685' title='bbox 3179 3250 3469 3307; x_wconf 79' lang='lat' dir='ltr'><strong>exaequans</strong></span> <span class='ocrx_word' id='word_1_686' title='bbox 3500 3236 3578 3289; x_wconf 82' lang='lat' dir='ltr'><strong>la-</strong></span> 
     </span>
    </p>
   </div>
   <div class='ocr_carea' id='block_1_94' title="bbox 1990 3328 3580 3401">
    <p class='ocr_par' dir='ltr' id='par_1_94' title="bbox 1990 3328 3580 3401">
     <span class='ocr_line' id='line_1_94' title="bbox 1990 3328 3580 3401; baseline -0.004 -12"><span class='ocrx_word' id='word_1_687' title='bbox 1990 3332 2370 3389; x_wconf 81' lang='lat' dir='ltr'><strong>mentationes.</strong></span> <span class='ocrx_word' id='word_1_688' title='bbox 2395 3330 2717 3387; x_wconf 79' lang='lat' dir='ltr'><strong>Hominibus</strong></span> <span class='ocrx_word' id='word_1_689' title='bbox 2739 3330 2941 3401; x_wconf 89' lang='lat' dir='ltr'><strong>placuit</strong></span> <span class='ocrx_word' id='word_1_690' title='bbox 2968 3330 3112 3384; x_wconf 82' lang='lat' dir='ltr'><strong>inter</strong></span> <span class='ocrx_word' id='word_1_691' title='bbox 3140 3328 3380 3384; x_wconf 84' lang='lat' dir='ltr'><strong>musicos</strong></span> <span class='ocrx_word' id='word_1_692' title='bbox 3412 3338 3466 3383; x_wconf 90' lang='lat' dir='ltr'><strong>et</strong></span> <span class='ocrx_word' id='word_1_693' title='bbox 3499 3328 3580 3383; x_wconf 89' lang='lat' dir='ltr'><strong>ci-</strong></span> 
     </span>
    </p>
   </div>
   <div class='ocr_carea' id='block_1_95' title="bbox 1984 3419 3577 3493">
    <p class='ocr_par' dir='ltr' id='par_1_95' title="bbox 1984 3419 3577 3493">
     <span class='ocr_line' id='line_1_95' title="bbox 1984 3419 3577 3493; baseline -0.006 -10"><span class='ocrx_word' id='word_1_694' title='bbox 1984 3427 2176 3483; x_wconf 84' lang='lat' dir='ltr'><strong>cadam</strong></span> <span class='ocrx_word' id='word_1_695' title='bbox 2207 3437 2602 3489; x_wconf 79' lang='lat' dir='ltr'><strong>annumerare;</strong></span> <span class='ocrx_word' id='word_1_696' title='bbox 2641 3437 2742 3478; x_wconf 89' lang='lat' dir='ltr'><strong>nec</strong></span> <span class='ocrx_word' id='word_1_697' title='bbox 2767 3421 3030 3493; x_wconf 72' lang='lat' dir='ltr'><strong>dignitate</strong></span> <span class='ocrx_word' id='word_1_698' title='bbox 3079 3419 3280 3474; x_wconf 85' lang='lat' dir='ltr'><strong>excidit</strong></span> <span class='ocrx_word' id='word_1_699' title='bbox 3324 3419 3577 3475; x_wconf 85' lang='lat' dir='ltr'><strong>luscinia.</strong></span> 
     </span>
    </p>
   </div>
   <div class='ocr_carea' id='block_1_96' title="bbox 1988 3513 3576 3582">
    <p class='ocr_par' dir='ltr' id='par_1_96' title="bbox 1988 3513 3576 3582">
     <span class='ocr_line' id='line_1_96' title="bbox 1988 3513 3576 3582; baseline -0.003 -8"><span class='ocrx_word' id='word_1_700' title='bbox 1988 3518 2096 3574; x_wconf 87' lang='lat' dir='ltr'><strong>Deo</strong></span> <span class='ocrx_word' id='word_1_701' title='bbox 2112 3518 2402 3572; x_wconf 79' lang='lat' dir='ltr'><strong>concinnat</strong></span> <span class='ocrx_word' id='word_1_702' title='bbox 2418 3525 2474 3573; x_wconf 90' lang='lat' dir='ltr'><strong>et</strong></span> <span class='ocrx_word' id='word_1_703' title='bbox 2489 3514 2874 3571; x_wconf 85' lang='lat' dir='ltr'><strong>irrationabilia</strong></span> <span class='ocrx_word' id='word_1_704' title='bbox 2896 3528 3002 3569; x_wconf 85' lang='lat' dir='ltr'><strong>non</strong></span> <span class='ocrx_word' id='word_1_705' title='bbox 3019 3527 3084 3569; x_wconf 90' lang='lat' dir='ltr'><strong>eo</strong></span> <span class='ocrx_word' id='word_1_706' title='bbox 3101 3516 3242 3582; x_wconf 89' lang='lat' dir='ltr'><strong>quod</strong></span> <span class='ocrx_word' id='word_1_707' title='bbox 3259 3513 3373 3582; x_wconf 73' lang='lat' dir='ltr'><strong>ipsa</strong></span> <span class='ocrx_word' id='word_1_708' title='bbox 3389 3526 3576 3569; x_wconf 81' lang='lat' dir='ltr'><strong>vocem</strong></span> 
     </span>
    </p>
   </div>
   <div class='ocr_carea' id='block_1_97' title="bbox 1984 3604 3580 3676">
    <p class='ocr_par' dir='ltr' id='par_1_97' title="bbox 1984 3604 3580 3676">
     <span class='ocr_line' id='line_1_97' title="bbox 1984 3604 3580 3676; baseline -0.004 -11"><span class='ocrx_word' id='word_1_709' title='bbox 1984 3608 2255 3675; x_wconf 82' lang='lat' dir='ltr'><strong>emittant,</strong></span> <span class='ocrx_word' id='word_1_710' title='bbox 2281 3609 2374 3663; x_wconf 86' lang='lat' dir='ltr'><strong>sed</strong></span> <span class='ocrx_word' id='word_1_711' title='bbox 2401 3608 2541 3676; x_wconf 88' lang='lat' dir='ltr'><strong>quod</strong></span> <span class='ocrx_word' id='word_1_712' title='bbox 2576 3608 2739 3662; x_wconf 81' lang='lat' dir='ltr'><strong>Deum</strong></span> <span class='ocrx_word' id='word_1_713' title='bbox 2776 3607 3040 3660; x_wconf 82' lang='lat' dir='ltr'><strong>honorent</strong></span> <span class='ocrx_word' id='word_1_714' title='bbox 3068 3606 3157 3675; x_wconf 90' lang='lat' dir='ltr'><strong>qui</strong></span> <span class='ocrx_word' id='word_1_715' title='bbox 3190 3605 3279 3659; x_wconf 86' lang='lat' dir='ltr'><strong>illa</strong></span> <span class='ocrx_word' id='word_1_716' title='bbox 3308 3604 3580 3659; x_wconf 77' lang='lat' dir='ltr'><strong>mirantur</strong></span> 
     </span>
    </p>
   </div>
   <div class='ocr_carea' id='block_1_98' title="bbox 1983 3694 3582 3770">
    <p class='ocr_par' dir='ltr' id='par_1_98' title="bbox 1983 3694 3582 3770">
     <span class='ocr_line' id='line_1_98' title="bbox 1983 3694 3582 3770; baseline -0.004 -14"><span class='ocrx_word' id='word_1_717' title='bbox 1983 3709 2038 3756; x_wconf 89' lang='lat' dir='ltr'><strong>et</strong></span> <span class='ocrx_word' id='word_1_718' title='bbox 2061 3700 2153 3770; x_wconf 88' lang='lat' dir='ltr'><strong>qui</strong></span> <span class='ocrx_word' id='word_1_719' title='bbox 2192 3698 2545 3755; x_wconf 83' lang='lat' dir='ltr'><strong>excellentem</strong></span> <span class='ocrx_word' id='word_1_720' title='bbox 2576 3707 2785 3751; x_wconf 84' lang='lat' dir='ltr'><strong>naturae</strong></span> <span class='ocrx_word' id='word_1_721' title='bbox 2809 3697 3058 3751; x_wconf 86' lang='lat' dir='ltr'><strong>ordinem</strong></span> <span class='ocrx_word' id='word_1_722' title='bbox 3100 3695 3278 3766; x_wconf 59' lang='lat' dir='ltr'><strong>qualis</strong></span> <span class='ocrx_word' id='word_1_723' title='bbox 3305 3705 3361 3750; x_wconf 87' lang='lat' dir='ltr'><strong>et</strong></span> <span class='ocrx_word' id='word_1_724' title='bbox 3401 3695 3474 3751; x_wconf 87' lang='lat' dir='ltr'><strong>ibi</strong></span> <span class='ocrx_word' id='word_1_725' title='bbox 3505 3694 3582 3751; x_wconf 87' lang='lat' dir='ltr'><strong>sit</strong></span> 
     </span>
    </p>
   </div>
   <div class='ocr_carea' id='block_1_99' title="bbox 1983 3786 3580 3859">
    <p class='ocr_par' dir='ltr' id='par_1_99' title="bbox 1983 3786 3580 3859">
     <span class='ocr_line' id='line_1_99' title="bbox 1983 3786 3580 3859; baseline -0.007 -10"><span class='ocrx_word' id='word_1_726' title='bbox 1983 3793 2276 3849; x_wconf 62' lang='lat' dir='ltr'><strong>aestimant.</strong></span> <span class='ocrx_word' id='word_1_727' title='bbox 2302 3790 2547 3859; x_wconf 86' lang='lat' dir='ltr'><strong>Namque</strong></span> <span class='ocrx_word' id='word_1_728' title='bbox 2560 3791 2605 3845; x_wconf 88' lang='lat' dir='ltr'><strong>si</strong></span> <span class='ocrx_word' id='word_1_729' title='bbox 2635 3788 2768 3844; x_wconf 84' lang='lat' dir='ltr'><strong>nihil</strong></span> <span class='ocrx_word' id='word_1_730' title='bbox 2790 3788 3093 3843; x_wconf 83' lang='lat' dir='ltr'><strong>dicentibus</strong></span> <span class='ocrx_word' id='word_1_731' title='bbox 3119 3786 3322 3842; x_wconf 67' lang='lat' dir='ltr'><strong>similes</strong></span> <span class='ocrx_word' id='word_1_732' title='bbox 3347 3801 3466 3841; x_wconf 88' lang='lat' dir='ltr'><strong>cum</strong></span> <span class='ocrx_word' id='word_1_733' title='bbox 3494 3789 3580 3839; x_wconf 78' lang='lat' dir='ltr'><strong>it;-</strong></span> 
     </span>
    </p>
   </div>
   <div class='ocr_carea' id='block_1_100' title="bbox 1986 3879 3577 3955">
    <p class='ocr_par' dir='ltr' id='par_1_100' title="bbox 1986 3879 3577 3955">
     <span class='ocr_line' id='line_1_100' title="bbox 1986 3879 3577 3955; baseline -0.006 -14"><span class='ocrx_word' id='word_1_734' title='bbox 1986 3895 2198 3955; x_wconf 85' lang='lat' dir='ltr'><strong>compta</strong></span> <span class='ocrx_word' id='word_1_735' title='bbox 2224 3883 2385 3939; x_wconf 82' lang='lat' dir='ltr'><strong>verba</strong></span> <span class='ocrx_word' id='word_1_736' title='bbox 2414 3883 2675 3937; x_wconf 86' lang='lat' dir='ltr'><strong>habemus</strong></span> <span class='ocrx_word' id='word_1_737' title='bbox 2696 3880 3092 3945; x_wconf 90' lang='lat' dir='ltr'><strong>convincimur,</strong></span> <span class='ocrx_word' id='word_1_738' title='bbox 3119 3894 3242 3934; x_wconf 86' lang='lat' dir='ltr'><strong>cum</strong></span> <span class='ocrx_word' id='word_1_739' title='bbox 3270 3879 3483 3932; x_wconf 82' lang='lat' dir='ltr'><strong>auditor</strong></span> <span class='ocrx_word' id='word_1_740' title='bbox 3510 3880 3577 3932; x_wconf 89' lang='lat' dir='ltr'><strong>ad</strong></span> 
     </span>
    </p>
   </div>
   <div class='ocr_carea' id='block_1_101' title="bbox 1986 3969 3580 4041">
    <p class='ocr_par' dir='ltr' id='par_1_101' title="bbox 1986 3969 3580 4041">
     <span class='ocr_line' id='line_1_101' title="bbox 1986 3969 3580 4041; baseline -0.006 -8"><span class='ocrx_word' id='word_1_741' title='bbox 1986 3992 2086 4034; x_wconf 88' lang='lat' dir='ltr'><strong>nos</strong></span> <span class='ocrx_word' id='word_1_742' title='bbox 2118 3976 2300 4030; x_wconf 89' lang='lat' dir='ltr'><strong>animo</strong></span> <span class='ocrx_word' id='word_1_743' title='bbox 2345 3975 2627 4030; x_wconf 88' lang='lat' dir='ltr'><strong>attendens</strong></span> <span class='ocrx_word' id='word_1_744' title='bbox 2648 3973 2886 4041; x_wconf 86' lang='lat' dir='ltr'><strong>stupebit</strong></span> <span class='ocrx_word' id='word_1_745' title='bbox 2917 3972 3068 4040; x_wconf 84' lang='lat' dir='ltr'><strong>quia,</strong></span> <span class='ocrx_word' id='word_1_746' title='bbox 3102 3979 3252 4025; x_wconf 84' lang='lat' dir='ltr'><strong>tanto</strong></span> <span class='ocrx_word' id='word_1_747' title='bbox 3300 3969 3417 4024; x_wconf 66' lang='lat' dir='ltr'><strong>male</strong></span> <span class='ocrx_word' id='word_1_748' title='bbox 3451 3985 3580 4024; x_wconf 77' lang='lat' dir='ltr'><strong>non-</strong></span> 
     </span>
    </p>
   </div>
   <div class='ocr_carea' id='block_1_102' title="bbox 1987 4062 3581 4138">
    <p class='ocr_par' dir='ltr' id='par_1_102' title="bbox 1987 4062 3581 4138">
     <span class='ocr_line' id='line_1_102' title="bbox 1987 4062 3581 4138; baseline -0.006 -14"><span class='ocrx_word' id='word_1_749' title='bbox 1987 4078 2097 4124; x_wconf 87' lang='lat' dir='ltr'><strong>met</strong></span> <span class='ocrx_word' id='word_1_750' title='bbox 2130 4069 2273 4138; x_wconf 82' lang='lat' dir='ltr'><strong>ipsos</strong></span> <span class='ocrx_word' id='word_1_751' title='bbox 2296 4066 2723 4129; x_wconf 88' lang='lat' dir='ltr'><strong>accenderimus,</strong></span> <span class='ocrx_word' id='word_1_752' title='bbox 2756 4063 2964 4120; x_wconf 81' lang='lat' dir='ltr'><strong>meliori</strong></span> <span class='ocrx_word' id='word_1_753' title='bbox 2999 4063 3204 4116; x_wconf 86' lang='lat' dir='ltr'><strong>mirans</strong></span> <span class='ocrx_word' id='word_1_754' title='bbox 3235 4062 3450 4132; x_wconf 67' lang='lat' dir='ltr'><strong>culpam</strong></span> <span class='ocrx_word' id='word_1_755' title='bbox 3476 4064 3581 4115; x_wconf 79' lang='lat' dir='ltr'><strong>im.</strong></span> 
     </span>
    </p>
   </div>
   <div class='ocr_carea' id='block_1_103' title="bbox 1988 4153 3575 4231">
    <p class='ocr_par' dir='ltr' id='par_1_103' title="bbox 1988 4153 3575 4231">
     <span class='ocr_line' id='line_1_103' title="bbox 1988 4153 3575 4231; baseline -0.004 -17"><span class='ocrx_word' id='word_1_756' title='bbox 1988 4160 2231 4231; x_wconf 84' lang='lat' dir='ltr'><strong>putabit,</strong></span> <span class='ocrx_word' id='word_1_757' title='bbox 2267 4159 2464 4228; x_wconf 87' lang='lat' dir='ltr'><strong>quippe</strong></span> <span class='ocrx_word' id='word_1_758' title='bbox 2492 4156 2581 4226; x_wconf 91' lang='lat' dir='ltr'><strong>qui</strong></span> <span class='ocrx_word' id='word_1_759' title='bbox 2615 4172 2720 4210; x_wconf 92' lang='lat' dir='ltr'><strong>non</strong></span> <span class='ocrx_word' id='word_1_760' title='bbox 2752 4153 2895 4224; x_wconf 91' lang='lat' dir='ltr'><strong>quod</strong></span> <span class='ocrx_word' id='word_1_761' title='bbox 2920 4153 3075 4223; x_wconf 75' lang='lat' dir='ltr'><strong>juxta</strong></span> <span class='ocrx_word' id='word_1_762' title='bbox 3107 4153 3452 4223; x_wconf 76' lang='lat' dir='ltr'><strong>dignitatem,</strong></span> <span class='ocrx_word' id='word_1_763' title='bbox 3477 4154 3575 4209; x_wconf 75' lang='lat' dir='ltr'><strong>sed</strong></span> 
     </span>
    </p>
   </div>
   <div class='ocr_carea' id='block_1_104' title="bbox 1988 4246 3574 4324">
    <p class='ocr_par' dir='ltr' id='par_1_104' title="bbox 1988 4246 3574 4324">
     <span class='ocr_line' id='line_1_104' title="bbox 1988 4246 3574 4324; baseline -0.005 -16"><span class='ocrx_word' id='word_1_764' title='bbox 1988 4254 2128 4324; x_wconf 84' lang='lat' dir='ltr'><strong>quod</strong></span> <span class='ocrx_word' id='word_1_765' title='bbox 2157 4254 2298 4308; x_wconf 89' lang='lat' dir='ltr'><strong>bono</strong></span> <span class='ocrx_word' id='word_1_766' title='bbox 2326 4252 2509 4304; x_wconf 84' lang='lat' dir='ltr'><strong>animo</strong></span> <span class='ocrx_word' id='word_1_767' title='bbox 2540 4248 2650 4304; x_wconf 76' lang='lat' dir='ltr'><strong>Deo</strong></span> <span class='ocrx_word' id='word_1_768' title='bbox 2679 4247 2970 4310; x_wconf 88' lang='lat' dir='ltr'><strong>benedicit,</strong></span> <span class='ocrx_word' id='word_1_769' title='bbox 2996 4246 3050 4300; x_wconf 90' lang='lat' dir='ltr'><strong>in</strong></span> <span class='ocrx_word' id='word_1_770' title='bbox 3078 4248 3374 4316; x_wconf 76' lang='lat' dir='ltr'><strong>gratiarum</strong></span> <span class='ocrx_word' id='word_1_771' title='bbox 3403 4246 3574 4302; x_wconf 83' lang='lat' dir='ltr'><strong>actio-</strong></span> 
     </span>
    </p>
   </div>
   <div class='ocr_carea' id='block_1_105' title="bbox 1989 4338 3575 4411">
    <p class='ocr_par' dir='ltr' id='par_1_105' title="bbox 1989 4338 3575 4411">
     <span class='ocr_line' id='line_1_105' title="bbox 1989 4338 3575 4411; baseline -0.004 -13"><span class='ocrx_word' id='word_1_772' title='bbox 1989 4358 2112 4397; x_wconf 87' lang='lat' dir='ltr'><strong>nem</strong></span> <span class='ocrx_word' id='word_1_773' title='bbox 2163 4342 2521 4411; x_wconf 84' lang='lat' dir='ltr'><strong>psallentibus</strong></span> <span class='ocrx_word' id='word_1_774' title='bbox 2573 4338 2882 4408; x_wconf 84' lang='lat' dir='ltr'><strong>respondet.</strong></span> <span class='ocrx_word' id='word_1_775' title='bbox 2931 4338 3011 4393; x_wconf 87' lang='lat' dir='ltr'><strong>lta</strong></span> <span class='ocrx_word' id='word_1_776' title='bbox 3062 4348 3117 4393; x_wconf 88' lang='lat' dir='ltr'><strong>et</strong></span> <span class='ocrx_word' id='word_1_777' title='bbox 3168 4346 3353 4394; x_wconf 84' lang='lat' dir='ltr'><strong>noster</strong></span> <span class='ocrx_word' id='word_1_778' title='bbox 3396 4353 3575 4394; x_wconf 87' lang='lat' dir='ltr'><strong>sermo</strong></span> 
     </span>
    </p>
   </div>
   <div class='ocr_carea' id='block_1_106' title="bbox 1992 4421 3328 4504">
    <p class='ocr_par' dir='ltr' id='par_1_106' title="bbox 1992 4421 3328 4504">
     <span class='ocr_line' id='line_1_106' title="bbox 1992 4421 3328 4504; baseline -0.002 -17"><span class='ocrx_word' id='word_1_779' title='bbox 1992 4435 2224 4504; x_wconf 87' lang='lat' dir='ltr'><strong>aliquam</strong></span> <span class='ocrx_word' id='word_1_780' title='bbox 2260 4434 2704 4502; x_wconf 78' lang='lat' dir='ltr'><strong>approbationem</strong></span> <span class='ocrx_word' id='word_1_781' title='bbox 2744 4431 3009 4486; x_wconf 80' lang='lat' dir='ltr'><strong>inveniet.</strong></span> <span class='ocrx_word' id='word_1_782' title='bbox 3325 4421 3328 4424; x_wconf 49' lang='grc'><strong>’</strong></span> 
     </span>
    </p>
   </div>
   <div class='ocr_carea' id='block_1_107' title="bbox 2056 4713 3573 4786">
    <p class='ocr_par' dir='ltr' id='par_1_107' title="bbox 2056 4713 3573 4786">
     <span class='ocr_line' id='line_1_107' title="bbox 2056 4713 3573 4786; baseline -0.003 -12"><span class='ocrx_word' id='word_1_783' title='bbox 2056 4720 2111 4774; x_wconf 87' lang='grc'>8.</span> <span class='ocrx_word' id='word_1_784' title='bbox 2147 4717 2271 4774; x_wconf 61' lang='lat' dir='ltr'><strong>Haec</strong></span> <span class='ocrx_word' id='word_1_785' title='bbox 2297 4719 2351 4773; x_wconf 89' lang='lat' dir='ltr'><strong>in</strong></span> <span class='ocrx_word' id='word_1_786' title='bbox 2376 4722 2593 4786; x_wconf 86' lang='lat' dir='ltr'><strong>pectore</strong></span> <span class='ocrx_word' id='word_1_787' title='bbox 2610 4716 2896 4771; x_wconf 74' lang='lat' dir='ltr'><strong>volvenset</strong></span> <span class='ocrx_word' id='word_1_788' title='bbox 2916 4713 3342 4784; x_wconf 70' lang='lat' dir='ltr'><strong>alialhujusrnodi</strong></span> <span class='ocrx_word' id='word_1_789' title='bbox 3373 4713 3573 4785; x_wconf 82' lang='lat' dir='ltr'><strong>quibus</strong></span> 
     </span>
    </p>
   </div>
   <div class='ocr_carea' id='block_1_108' title="bbox 1987 4804 3571 4875">
    <p class='ocr_par' dir='ltr' id='par_1_108' title="bbox 1987 4804 3571 4875">
     <span class='ocr_line' id='line_1_108' title="bbox 1987 4804 3571 4875; baseline -0.006 -8"><span class='ocrx_word' id='word_1_790' title='bbox 1987 4811 2249 4866; x_wconf 83' lang='lat' dir='ltr'><strong>modestis</strong></span> <span class='ocrx_word' id='word_1_791' title='bbox 2295 4818 2347 4864; x_wconf 91' lang='lat' dir='ltr'><strong>et</strong></span> <span class='ocrx_word' id='word_1_792' title='bbox 2382 4808 2676 4862; x_wconf 84' lang='lat' dir='ltr'><strong>humilibus</strong></span> <span class='ocrx_word' id='word_1_793' title='bbox 2708 4806 2921 4862; x_wconf 78' lang='lat' dir='ltr'><strong>animus</strong></span> <span class='ocrx_word' id='word_1_794' title='bbox 2949 4815 3033 4860; x_wconf 89' lang='lat' dir='ltr'><strong>est</strong></span> <span class='ocrx_word' id='word_1_795' title='bbox 3078 4804 3430 4875; x_wconf 85' lang='lat' dir='ltr'><strong>injiciendus,</strong></span> <span class='ocrx_word' id='word_1_796' title='bbox 3463 4820 3571 4859; x_wconf 88' lang='lat' dir='ltr'><strong>non</strong></span> 
     </span>
    </p>
   </div>
   <div class='ocr_carea' id='block_1_109' title="bbox 1988 4897 3574 4972">
    <p class='ocr_par' dir='ltr' id='par_1_109' title="bbox 1988 4897 3574 4972">
     <span class='ocr_line' id='line_1_109' title="bbox 1988 4897 3574 4972; baseline -0.004 -13"><span class='ocrx_word' id='word_1_797' title='bbox 1988 4906 2211 4959; x_wconf 83' lang='lat' dir='ltr'><strong>omnino</strong></span> <span class='ocrx_word' id='word_1_798' title='bbox 2229 4904 2385 4972; x_wconf 79' lang='lat' dir='ltr'><strong>longe</strong></span> <span class='ocrx_word' id='word_1_799' title='bbox 2409 4920 2434 4953; x_wconf 73' lang='grc' dir='ltr'><strong>ιι</strong></span> <span class='ocrx_word' id='word_1_800' title='bbox 2465 4900 2835 4970; x_wconf 71' lang='lat' dir='ltr'><strong>grandiloquis</strong></span> <span class='ocrx_word' id='word_1_801' title='bbox 2858 4899 3133 4968; x_wconf 89' lang='lat' dir='ltr'><strong>ponendos</strong></span> <span class='ocrx_word' id='word_1_802' title='bbox 3159 4912 3299 4963; x_wconf 85' lang='lat' dir='ltr'><strong>esse,</strong></span> <span class='ocrx_word' id='word_1_803' title='bbox 3326 4897 3574 4953; x_wconf 63' lang='lat' dir='ltr'><strong>dummoo</strong></span> 
     </span>
    </p>
   </div>
   <div class='ocr_carea' id='block_1_110' title="bbox 1989 4989 3572 5062">
    <p class='ocr_par' dir='ltr' id='par_1_110' title="bbox 1989 4989 3572 5062">
     <span class='ocr_line' id='line_1_110' title="bbox 1989 4989 3572 5062; baseline -0.003 -12"><span class='ocrx_word' id='word_1_804' title='bbox 1989 4996 2055 5051; x_wconf 91' lang='lat' dir='ltr'><strong>do</strong></span> <span class='ocrx_word' id='word_1_805' title='bbox 2082 5005 2230 5051; x_wconf 82' lang='lat' dir='ltr'><strong>recto</strong></span> <span class='ocrx_word' id='word_1_806' title='bbox 2253 4994 2539 5050; x_wconf 84' lang='lat' dir='ltr'><strong>ratiocinio</strong></span> <span class='ocrx_word' id='word_1_807' title='bbox 2564 4994 2870 5062; x_wconf 85' lang='lat' dir='ltr'><strong>loquantur,</strong></span> <span class='ocrx_word' id='word_1_808' title='bbox 2893 4991 2972 5046; x_wconf 87' lang='lat' dir='ltr'><strong>sic</strong></span> <span class='ocrx_word' id='word_1_809' title='bbox 2997 4991 3178 5047; x_wconf 83' lang='lat' dir='ltr'><strong>animo</strong></span> <span class='ocrx_word' id='word_1_810' title='bbox 3201 4989 3325 5046; x_wconf 77' lang='lat' dir='ltr'><strong>forti</strong></span> <span class='ocrx_word' id='word_1_811' title='bbox 3350 5000 3572 5060; x_wconf 81' lang='lat' dir='ltr'><strong>paratus</strong></span> 
     </span>
    </p>
   </div>
   <div class='ocr_carea' id='block_1_111' title="bbox 1988 5081 3568 5151">
    <p class='ocr_par' dir='ltr' id='par_1_111' title="bbox 1988 5081 3568 5151">
     <span class='ocr_line' id='line_1_111' title="bbox 1988 5081 3568 5151; baseline -0.005 -8"><span class='ocrx_word' id='word_1_812' title='bbox 1988 5101 2292 5143; x_wconf 75' lang='lat' dir='ltr'><strong>sermonem</strong></span> <span class='ocrx_word' id='word_1_813' title='bbox 2328 5085 2536 5148; x_wconf 86' lang='lat' dir='ltr'><strong>emitto,</strong></span> <span class='ocrx_word' id='word_1_814' title='bbox 2563 5092 2718 5151; x_wconf 85' lang='lat' dir='ltr'><strong>prout</strong></span> <span class='ocrx_word' id='word_1_815' title='bbox 2744 5083 3021 5151; x_wconf 77' lang='lat' dir='ltr'><strong>pronosui,</strong></span> <span class='ocrx_word' id='word_1_816' title='bbox 3054 5091 3109 5136; x_wconf 89' lang='lat' dir='ltr'><strong>et</strong></span> <span class='ocrx_word' id='word_1_817' title='bbox 3138 5082 3204 5135; x_wconf 87' lang='lat' dir='ltr'><strong>ad</strong></span> <span class='ocrx_word' id='word_1_818' title='bbox 3244 5081 3568 5137; x_wconf 76' lang='lat' dir='ltr'><strong>deetinatum</strong></span> 
     </span>
    </p>
   </div>
   <div class='ocr_carea' id='block_1_112' title="bbox 1984 5174 3573 5247">
    <p class='ocr_par' dir='ltr' id='par_1_112' title="bbox 1984 5174 3573 5247">
     <span class='ocr_line' id='line_1_112' title="bbox 1984 5174 3573 5247; baseline -0.002 -15"><span class='ocrx_word' id='word_1_819' title='bbox 1984 5177 2265 5247; x_wconf 85' lang='lat' dir='ltr'><strong>pervenio,</strong></span> <span class='ocrx_word' id='word_1_820' title='bbox 2297 5191 2401 5231; x_wconf 90' lang='lat' dir='ltr'><strong>non</strong></span> <span class='ocrx_word' id='word_1_821' title='bbox 2419 5177 2539 5230; x_wconf 88' lang='lat' dir='ltr'><strong>aliis</strong></span> <span class='ocrx_word' id='word_1_822' title='bbox 2563 5175 2754 5229; x_wconf 85' lang='lat' dir='ltr'><strong>altiora</strong></span> <span class='ocrx_word' id='word_1_823' title='bbox 2775 5176 3147 5245; x_wconf 77' lang='lat' dir='ltr'><strong>expositurum</strong></span> <span class='ocrx_word' id='word_1_824' title='bbox 3174 5187 3259 5228; x_wconf 88' lang='lat' dir='ltr'><strong>me</strong></span> <span class='ocrx_word' id='word_1_825' title='bbox 3293 5174 3573 5230; x_wconf 80' lang='lat' dir='ltr'><strong>conlidens</strong></span> 
     </span>
    </p>
   </div>
   <div class='ocr_carea' id='block_1_113' title="bbox 1984 5266 3569 5340">
    <p class='ocr_par' dir='ltr' id='par_1_113' title="bbox 1984 5266 3569 5340">
     <span class='ocr_line' id='line_1_113' title="bbox 1984 5266 3569 5340; baseline -0.001 -18"><span class='ocrx_word' id='word_1_826' title='bbox 1984 5269 2114 5340; x_wconf 88' lang='lat' dir='ltr'><strong>(non</strong></span> <span class='ocrx_word' id='word_1_827' title='bbox 2148 5270 2333 5339; x_wconf 75' lang='lat' dir='ltr'><strong>proeul</strong></span> <span class='ocrx_word' id='word_1_828' title='bbox 2368 5268 2510 5323; x_wconf 86' lang='lat' dir='ltr'><strong>enim</strong></span> <span class='ocrx_word' id='word_1_829' title='bbox 2546 5269 2611 5322; x_wconf 91' lang='lat' dir='ltr'><strong>ab</strong></span> <span class='ocrx_word' id='word_1_830' title='bbox 2643 5268 2850 5322; x_wconf 73' lang='lat' dir='ltr'><strong>insniiia</strong></span> <span class='ocrx_word' id='word_1_831' title='bbox 2887 5268 3040 5321; x_wconf 87' lang='lat' dir='ltr'><strong>abest</strong></span> <span class='ocrx_word' id='word_1_832' title='bbox 3096 5266 3454 5338; x_wconf 77' lang='lat' dir='ltr'><strong>impossibilia</strong></span> <span class='ocrx_word' id='word_1_833' title='bbox 3484 5267 3569 5321; x_wconf 84' lang='lat' dir='ltr'><strong>vi-</strong></span> 
     </span>
    </p>
   </div>
   <div class='ocr_carea' id='block_1_114' title="bbox 1986 5359 3567 5432">
    <p class='ocr_par' dir='ltr' id='par_1_114' title="bbox 1986 5359 3567 5432">
     <span class='ocr_line' id='line_1_114' title="bbox 1986 5359 3567 5432; baseline 0 -17"><span class='ocrx_word' id='word_1_834' title='bbox 1986 5364 2136 5415; x_wconf 85' lang='lat' dir='ltr'><strong>rihns</strong></span> <span class='ocrx_word' id='word_1_835' title='bbox 2159 5360 2423 5431; x_wconf 82' lang='lat' dir='ltr'><strong>aggredi),</strong></span> <span class='ocrx_word' id='word_1_836' title='bbox 2445 5362 2636 5414; x_wconf 69' lang='lat' dir='ltr'><strong>anima}</strong></span> <span class='ocrx_word' id='word_1_837' title='bbox 2662 5376 2785 5415; x_wconf 69' lang='lat' dir='ltr'><strong>vero</strong></span> <span class='ocrx_word' id='word_1_838' title='bbox 2808 5370 3001 5415; x_wconf 81' lang='lat' dir='ltr'><strong>:estum</strong></span> <span class='ocrx_word' id='word_1_839' title='bbox 3024 5360 3234 5432; x_wconf 83' lang='lat' dir='ltr'><strong>zelique</strong></span> <span class='ocrx_word' id='word_1_840' title='bbox 3255 5359 3567 5415; x_wconf 74' lang='lat' dir='ltr'><strong>incendium</strong></span> 
     </span>
    </p>
   </div>
   <div class='ocr_carea' id='block_1_115' title="bbox 1985 5453 3571 5524">
    <p class='ocr_par' dir='ltr' id='par_1_115' title="bbox 1985 5453 3571 5524">
     <span class='ocr_line' id='line_1_115' title="bbox 1985 5453 3571 5524; baseline -0.003 -14"><span class='ocrx_word' id='word_1_841' title='bbox 1985 5457 2329 5524; x_wconf 79' lang='lat' dir='ltr'><strong>depromens,</strong></span> <span class='ocrx_word' id='word_1_842' title='bbox 2363 5456 2548 5524; x_wconf 84' lang='lat' dir='ltr'><strong>sicque</strong></span> <span class='ocrx_word' id='word_1_843' title='bbox 2578 5457 2832 5510; x_wconf 82' lang='lat' dir='ltr'><strong>audacter</strong></span> <span class='ocrx_word' id='word_1_844' title='bbox 2888 5466 3132 5509; x_wconf 87' lang='lat' dir='ltr'><strong>naturam</strong></span> <span class='ocrx_word' id='word_1_845' title='bbox 3165 5461 3412 5517; x_wconf 87' lang='lat' dir='ltr'><strong>domans,</strong></span> <span class='ocrx_word' id='word_1_846' title='bbox 3444 5453 3571 5508; x_wconf 84' lang='lat' dir='ltr'><strong>reli-</strong></span> 
     </span>
    </p>
   </div>
   <div class='ocr_carea' id='block_1_116' title="bbox 1991 5547 3564 5622">
    <p class='ocr_par' dir='ltr' id='par_1_116' title="bbox 1991 5547 3564 5622">
     <span class='ocr_line' id='line_1_116' title="bbox 1991 5547 3564 5622; baseline -0.001 -19"><span class='ocrx_word' id='word_1_847' title='bbox 1991 5550 2211 5618; x_wconf 82' lang='lat' dir='ltr'><strong>giosiori</strong></span> <span class='ocrx_word' id='word_1_848' title='bbox 2243 5550 2594 5607; x_wconf 90' lang='lat' dir='ltr'><strong>nihilominus</strong></span> <span class='ocrx_word' id='word_1_849' title='bbox 2626 5551 2690 5607; x_wconf 87' lang='lat' dir='ltr'><strong>de</strong></span> <span class='ocrx_word' id='word_1_850' title='bbox 2724 5553 2915 5609; x_wconf 76' lang='lat' dir='ltr'><strong>talibus</strong></span> <span class='ocrx_word' id='word_1_851' title='bbox 2962 5549 3179 5622; x_wconf 82' lang='lat' dir='ltr'><strong>ingenio</strong></span> <span class='ocrx_word' id='word_1_852' title='bbox 3206 5548 3362 5619; x_wconf 82' lang='lat' dir='ltr'><strong>quod</strong></span> <span class='ocrx_word' id='word_1_853' title='bbox 3399 5547 3450 5603; x_wconf 92' lang='lat' dir='ltr'><strong>in</strong></span> <span class='ocrx_word' id='word_1_854' title='bbox 3478 5559 3564 5601; x_wconf 82' lang='lat' dir='ltr'><strong>tuo</strong></span> 
     </span>
    </p>
   </div>
   <div class='ocr_carea' id='block_1_117' title="bbox 1988 5642 2412 5697">
    <p class='ocr_par' dir='ltr' id='par_1_117' title="bbox 1988 5642 2412 5697">
     <span class='ocr_line' id='line_1_117' title="bbox 1988 5642 2412 5697; baseline -0.002 0"><span class='ocrx_word' id='word_1_855' title='bbox 1988 5651 2072 5697; x_wconf 88' lang='lat' dir='ltr'><strong>est</strong></span> <span class='ocrx_word' id='word_1_856' title='bbox 2091 5642 2330 5697; x_wconf 83' lang='lat' dir='ltr'><strong>accincta</strong></span> <span class='ocrx_word' id='word_1_857' title='bbox 2341 5658 2412 5696; x_wconf 85' lang='lat' dir='ltr'><strong>ut.</strong></span> 
     </span>
    </p>
   </div>
  </div>
