4048 6432
454 265 562 338 175

1125 267 1547 330 EUSTATIIII
1563 279 1566 284 '
1585 261 2026 327 THESSALON
2040 258 2336 321 lCENSlS
2379 251 2942 316 METROPOLlT/E

3586 240 3691 306 176

516 383 574 440 9.
603 380 788 452 Itaque
813 389 943 451 quot
973 378 1231 437 miracula
1259 387 1468 450 martyr
1495 378 1682 433 iecerit
1707 376 2018 445 singulatim

2194 373 2259 426 θ’.
2305 367 2696 442 Περιηγεῖσθαι
2738 368 2838 436 μὲν
2881 365 3000 431 οὖν,
3053 363 3152 417 ὅσα
3205 359 3523 452 θαυμαστά
3557 359 3696 430 πρὸς

453 489 730 540 enarrare,
760 473 902 530 idem
948 483 1092 530 esset
1143 487 1206 528 ac
1227 472 1274 527 si
1324 471 1448 542 quis
1500 480 1699 525 terram
1752 468 2024 522 aurariam

454 567 732 622 dilaudare
763 565 968 631 volens,
1004 579 1108 619 non
1145 578 1213 619 ex
1250 577 1315 618 eo
1342 562 1483 633 quod
1514 575 1648 616 auro
1685 569 1794 617 tota
1830 567 1940 613 tum
1974 559 2026 612 in

452 655 760 726 superficie,
797 664 906 708 tum
949 653 1000 708 in
1033 653 1156 708 imis
1185 651 1442 718 abundet,
1471 651 1699 714 extollit,
1737 649 1830 707 sed
1859 647 2034 720 pugil.

2130 464 2392 526 ἑκάστους
2415 465 2442 516 ὁ
2474 463 2687 532 μάρτυς
2711 460 3031 531 ἐργάζεται,
3058 455 3154 510 καὶ
3188 455 3267 518 είς
3303 451 3540 526 ἀριθμοῦ
3567 470 3699 522 κερ-

2132 557 2384 627 ματίζειν
2412 554 2741 624 λεπτότητα,
2777 553 2985 622 ὅμοιον,
3008 550 3084 612 ὡς
3114 549 3162 601 εί
3193 548 3287 601 καὶ
3314 545 3421 616 γῆν
3450 547 3701 615 χρυσῖτιν

2128 648 2515 719 χρηστολογεῖν
2545 644 2907 715 προθέμενος,
2953 642 3056 695 οὐκ
3101 639 3162 702 ἐξ
3191 637 3358 693 αὐτοῦ
3387 637 3482 691 τοῦ
3519 637 3704 690 πᾶσαν

452 748 534 804 los
559 747 761 803 metalli
782 747 1141 816 prehendens,
1166 759 1230 799 ex
1258 743 1342 800 his
1367 743 1474 799 alta
1499 759 1629 800 voce
1658 741 1820 798 infert
1847 741 2032 797 multis

2145 744 2194 793 ix
2251 739 2360 792 τῶν
2406 737 2670 802 ἐπιπολῆς
2725 736 2822 789 καὶ
2869 737 2949 797 είς
2999 732 3161 804 βάθος
3219 728 3408 801 χρυσῷ
3448 729 3705 798 εὐφορεῖν

455 839 659 894 divitiis
690 838 1099 893 redundantem.
1127 835 1226 891 Hic
1258 850 1392 906 opus
1415 844 1498 890 est
1524 849 1632 890 non
1673 833 1774 899 sic,
1802 834 1896 889 sed
1929 832 2029 887 ho-

457 930 680 984 noriﬁce
719 937 968 995 tractare,
1002 927 1322 982 aurifodinae
1379 940 1542 995 opera
1571 925 1898 996 quibuslibet
1937 938 2026 980 re-

459 1019 796 1089 linquentes;
837 1027 891 1074 et
929 1019 1058 1074 inibi
1107 1017 1364 1088 martyris
1413 1024 1531 1072 acta
1567 1031 1670 1070 non
1721 1029 1817 1084 per
1850 1025 2030 1085 partes

453 1112 662 1176 mirari,
689 1112 785 1166 sed
810 1109 1019 1164 discere
1039 1109 1190 1178 quasi
1213 1122 1309 1176 per
1327 1107 1576 1179 figuram,
1597 1117 1726 1174 quot
1756 1115 1810 1161 et
1831 1116 2028 1176 quanta

451 1203 664 1271 operari
697 1203 834 1256 valct
865 1201 1130 1270 prodigia,
1160 1200 1296 1255 nolle
1344 1213 1473 1253 vero
1502 1202 1566 1252 de
1599 1199 1828 1268 singulis
1886 1198 2035 1252 insu-

455 1293 604 1357 dare,
639 1293 940 1360 praesertim
997 1291 1064 1346 de
1110 1290 1196 1344 his
1247 1289 1313 1342 ad
1364 1305 1483 1359 quae
1528 1290 1794 1357 prioribus
1839 1289 1928 1342 alii
1977 1298 2031 1343 et

453 1382 771 1437 melioribus
786 1382 1129 1436 sermonibus
1143 1381 1264 1436 incu
1274 1380 1521 1435 buerunt.
1539 1378 1847 1434 Cavendum
1864 1379 2030 1442 enim,

455 1490 522 1528 ne
559 1482 653 1528 aut
699 1473 1065 1542 disputatione
1102 1474 1397 1542 gaudentes
1433 1487 1748 1541 arguamur,
1788 1473 1832 1525 si
1869 1473 2026 1540 quasi

455 1567 721 1620 adversus
750 1564 956 1620 hostem
985 1565 1220 1634 priorem
1257 1563 1506 1620 incedere
1539 1571 1630 1618 aut
1663 1579 1954 1632 arguamur
1985 1567 2031 1620 si

455 1656 722 1709 incertum
752 1655 878 1722 quia
913 1669 1020 1708 non
1062 1652 1220 1707 facile
1250 1662 1356 1715 est.
1390 1668 1670 1709 sermones
1705 1655 2036 1710 aedificcmus

2133 827 2390 900 σεμνύνει
2429 844 2535 891 τις,
2565 826 2701 880 ἀλλὰ
2734 824 2944 894 δράκας
2969 821 3124 884 τινάς
3161 821 3254 874 τοῦ
3291 818 3555 890 μετάλλου
3587 834 3707 887 χει-

2137 919 2442 993 ριζόμενος,
2491 917 2550 982 ἐξ
2590 916 2768 971 αὐτῶν
2799 915 3068 986 ύψηγορεῖ
3097 912 3194 981 τήν
3238 909 3433 963 πολλοῦ
3469 908 3705 962 πλούτου

2133 1012 2434 1081 γέμουσαν.
2470 1009 2576 1060 Καὶ
2609 1009 2727 1060 ἐκεῖ
2771 1005 2881 1075 γάρ
2938 1004 3138 1075 χρεὼν,
3185 1001 3260 1072 μὴ
3310 1001 3452 1054 οῦτω
3505 1001 3704 1062 ποιεῖν,

2134 1103 2250 1157 ἀλλ’
2279 1101 2410 1154 αὐτὸ
2434 1101 2494 1153 τὸ
2534 1101 2769 1172 πρᾶγμα
2809 1097 3178 1167 σεμνολογεῖν,
3218 1093 3445 1162 ἀφιέντα
3475 1093 3577 1162 τὴν
3609 1109 3708 1160 με·

2135 1195 2398 1263 ταλλικὴν
2435 1192 2786 1263 χειρουργίαν
2813 1191 2925 1252 τοῖς
2955 1189 3193 1242 θέλουσιο
3221 1187 3316 1240 καὶ
3351 1184 3584 1238 ἐνταῦθα
3610 1183 3668 1235 δέ
3690 1223 3706 1244 ,

2134 1289 2204 1341 τά
2232 1287 2324 1340 τοῦ
2351 1286 2626 1357 μάρτυρος
2659 1284 2731 1354 μὴ
2753 1285 2866 1345 τοῖς
2893 1284 2958 1334 ἐκ
2983 1281 3183 1349 μέρους
3213 1275 3540 1346 θαυμάζειν,
3570 1275 3711 1327 ἀλλὰ

2133 1381 2405 1434 διδάσκειν
2435 1379 2535 1448 μὲν
2588 1376 2777 1445 ὥσπερ
2823 1375 2942 1426 κατ’
2977 1369 3140 1436 εῐδος,
3196 1372 3297 1424 ὅσα
3345 1369 3558 1438 μεγάλα
3613 1368 3710 1419 καὶ

2134 1470 2222 1526 οἶα
2250 1472 2642 1542 τερατουργεῖν
2679 1469 2928 1531 δύναται,
2985 1467 3060 1536 μὴ
3108 1465 3312 1518 ἐθέλειν
3339 1465 3395 1516 δὲ
3427 1460 3711 1514 πονεῖσθαι

2137 1565 2268 1632 περὶ
2299 1563 2367 1615 τά
2406 1561 2528 1614 καθ’
2559 1561 2792 1626 ἕκαστα,
2818 1560 2912 1612 καὶ
2940 1557 3160 1628 μάλισθ’
3176 1551 3254 1617 οἷς
3281 1556 3458 1625 ἐτεροι
3483 1555 3712 1605 ἐπιστα-

2138 1656 2310 1718 τικῶς
2370 1655 2463 1708 τὸν
2507 1654 2666 1720 λόγον
2717 1649 3195 1720 ἐναπησχόλησαν.
3247 1647 3555 1701 Φυλακτέον
3600 1645 3711 1713 γὰρ

458 1761 526 1801 ne
556 1760 720 1812 super
752 1745 1099 1801 fundamenta
1128 1745 1300 1800 aliena
1331 1760 1611 1802 sermones
1639 1747 1998 1802 stabiliamus.

2145 1748 2319 1802 ταῦτά
2343 1763 2428 1816 γε,
2461 1747 2656 1818 μήπως
2689 1745 2723 1816 ἢ
2758 1744 2836 1815 τῷ
2862 1744 3042 1813 φίλερι
3075 1740 3449 1809 ἐγκληθῶμεν,
3481 1739 3556 1801 ὼς
3581 1740 3712 1792 ἀκτ-

455 1839 826 1909 επεξαγεσθαι
880 1841 996 1904 τοῖς
1062 1841 1487 1912 προῖστορηκόσι
1543 1841 2015 1912 φιλοτιμούμενοι,
2048 1842 2081 1912 ἢ
2113 1844 2174 1897 τὸ
2205 1843 2432 1912 ἄπορον,
2462 1841 2539 1904 ὡς
2570 1839 2668 1910 ’μὴ
2697 1838 2923 1909 εὐχερὲς
2987 1837 3067 1904 ὃν,
3123 1834 3317 1903 λόγους
3384 1831 3709 1902 οἰκοδομεῖν⁹

458 1934 508 1986 εί
538 1933 615 2004 μὴ
647 1933 738 1986 ἐπὶ
785 1932 1056 2003 θεμελίοις
1088 1932 1319 1998 ὀθνείοις
1355 1933 1889 2008 προῦποτιθεμὲνοις
1923 1934 2127 1998 αὐτοὺς
2152 1935 2477 2005 ἐδράζομεν.

530 2025 618 2080 to.
647 2024 942 2082 Confestim
972 2034 1026 2081 et
1049 2027 1303 2098 martyris
1325 2029 1582 2082 continua
1614 2029 1875 2098 unguenti
1903 2025 2038 2082 etfu-

459 2119 545 2188 sio
569 2133 816 2190 magnam
842 2133 951 2187 pra:
971 2116 1092 2174 aliis
1115 2118 1239 2174 etin
1262 2120 1513 2174 omnibus
1536 2119 1713 2175 ciebat
1738 2128 2039 2189 stuporem,

461 2223 516 2267 et
543 2214 821 2268 thesauros
857 2209 1244 2281 cogitationum
1279 2212 1623 2267 inveniebant
1652 2220 1918 2278 oratores,
1944 2227 2041 2267 au-

464 2304 726 2359 ditoribus
762 2301 1041 2370 studiosis,
1078 2301 1214 2358 scite
1250 2312 1603 2373 exponentes.
1639 2301 1750 2358 Nec
1783 2312 1864 2358 est
1895 2305 2040 2373 quod

464 2397 809 2468 quisquame
837 2396 995 2453 nobis
1029 2396 1241 2452 fructus
1273 2395 1554 2452 uberiores
1586 2395 1879 2466 percipiat,
1907 2395 2040 2452 licet

463 2485 552 2540 diu
599 2486 651 2540 in
693 2485 876 2541 labore
908 2484 1266 2542 insudaverit.
1312 2484 1486 2541 Simili
1525 2486 1685 2540 modo
1732 2487 1823 2557 qui
1856 2485 2037 2540 divina

461 2580 679 2648 sapiunt
701 2588 756 2634 et
783 2579 851 2634 de
876 2577 1096 2648 reliquis
1119 2577 1337 2634 victoris
1361 2578 1621 2650 prodigiis
1644 2579 2036 2646 disseruerunt,

461 2681 580 2727 arte
609 2671 812 2742 optima
850 2670 1034 2726 Iaudes
1065 2669 1436 2739 celebrantes;
1473 2672 1616 2726 unde
1639 2673 1730 2741 qui
1766 2682 1915 2728 recte
1952 2685 2045 2726 co-

463 2763 636 2835 gitant
679 2763 958 2832 ignoscent
1007 2760 1274 2826 benevoli,
1308 2762 1352 2817 si
1393 2762 1836 2832 supervenientes
1904 2776 2041 2818 nova

463 2855 608 2910 nulla
673 2855 998 2926 reperimus,
1056 2853 1152 2910 sed
1199 2853 1322 2910 aliis
1371 2867 1607 2909 consona
1662 2853 1944 2924 loquamur
1988 2863 2044 2909 et

463 2955 614 3002 retro
645 2954 766 3015 post
790 2945 926 3001 alios
951 2953 1237 3001 currentes
1273 2959 1465 3001 eorum
1514 2953 1576 3000 ut
1625 2945 1868 3017 vestigiis
1913 2945 2045 3000 insi-

2218 2033 2271 2084 t'.
2299 2027 2509 2082 Αύτίκα
2539 2025 2636 2080 καὶ
2663 2025 2696 2096 ἠ
2724 2022 2816 2078 τοῦ
2840 2021 3131 2092 ἀειϐρύτου
3173 2015 3507 2091 μαρτυρικοῦ
3535 2014 3712 2085 μύρου

2146 2124 2411 2193 πρόχυσις
2469 2120 2674 2192 μυρίαν
2729 2117 2838 2187 πρὸ
2875 2117 2984 2170 τῶν
3041 2115 3217 2170 ἄλλων
3267 2111 3577 2182 ἐπηγάγετο
3615 2110 3759 2163 καὶ·

2145 2217 2285 2287 πρὸς
2316 2213 2571 2268 ἁπάντων
2599 2211 2698 2283 τὴν
2729 2209 3014 2281 ἔκπληξιν,
3047 2209 3142 2261 καὶ
3173 2205 3480 2275 θησαυροὺς
3513 2201 3720 2272 νοημά-

2145 2325 2254 2363 των
2299 2306 2522 2379 ἐξεῦρον
2559 2307 2612 2359 οί
2644 2304 3104 2378 ῥητορεύσαντες,
3154 2301 3267 2364 τοῖς
3315 2295 3718 2367 φιλακροάμοσι

2144 2399 2484 2469 τεχνηέντως
2534 2398 2665 2454 αὐτὸ
2717 2395 3231 2464 διασκευασάμενοι.
3291 2392 3396 2444 Καὶ
3442 2389 3543 2442 οὑκ
3595 2387 3715 2440 ἐστι

2145 2493 2252 2546 τῶν
2281 2491 2405 2544 καθ’
2437 2492 2583 2560 ἡμᾶς
2613 2506 2735 2543 τινα
2767 2482 3217 2558 προσευπορῆσαι
3250 2482 3497 2542 κάλλιον,
3537 2479 3586 2530 εί
3617 2478 3715 2528 καὶ

2152 2583 2341 2654 μακρά
2368 2582 2648 2651 ἐνιδρώσει
2677 2579 2754 2651 τῷ
2785 2580 3082 2649 πονήματι.
3107 2577 3210 2629 Τδν
3231 2575 3416 2643 ὅμοιον
3439 2571 3494 2624 δέ
3515 2569 3722 2640 τρόπον

2141 2677 2190 2730 οί
2217 2677 2284 2731 τά
2320 2676 2438 2728 θεῖα
2495 2675 2653 2742 σοφοὶ
2709 2674 2804 2726 καὶ
2857 2673 2970 2734 τοῖς
3017 2669 3226 2730 λοιποῖς
3277 2664 3571 2734 ἐπεξῆλθον
3619 2660 3716 2714 τοῦ

2141 2765 2441 2836 ἀθλοφόρου
2481 2763 2774 2834 θαύμασιν,
2832 2757 2891 2816 εὖ
2943 2761 3086 2831 μάλα
3120 2757 3609 2830 τεχνολογήσαντες
3643 2752 3714 2806 τά

2143 2861 2419 2930 ἐγκώμια·
2459 2858 2584 2912 ὅθεν
2633 2859 2681 2910 οί
2735 2857 2871 2926 ὀρθὰ
2901 2853 3225 2927 φρονοῦντες
3279 2847 3715 2920 συγγνώσονται,

2144 2953 2304 3022 είπερ
2326 2949 2543 3020 ὕστεροι
2573 2948 2951 3010 διεκπεσόντες
2979 2949 3163 3016 ἡμεῖς,
3199 2945 3276 3014 μὴ
3301 2942 3465 2996 καινά
3483 2937 3721 3010 προσεξ-

465 3046 701 3095 stamus.
723 3034 1015 3094 Nonenim
1038 3035 1242 3092 furtum
1275 3051 1384 3104 res,
1419 3051 1518 3092 nec
1546 3044 1630 3092 est
1659 3037 1801 3107 quod
1832 3037 1899 3091 ab
1925 3035 2040 3093 aliis

2150 3045 2428 3114 εὕρωμεν,
2462 3043 2602 3097 ἀλλά
2649 3059 2753 3094 που
2789 3041 2880 3094 καὶ
2912 3040 3184 3109 σύμφωνα
3209 3039 3318 3098 τοῖς
3350 3035 3531 3096 ἄλλοις
3556 3033 3720 3104 λαλή-

465 3129 854 3200 subripiamus,
887 3129 981 3185 sed
1020 3128 1296 3195 fortuitus,
1332 3129 1619 3199 utopinor,
1651 3127 2040 3198 cogitationum

2149 3149 2337 3203 σομεν,
2364 3135 2460 3188 καὶ
2487 3133 2716 3187 κατόπιν
2746 3133 2955 3195 οέοντες
2985 3132 3187 3200 ἐτέρων
3213 3129 3360 3182 ἐστιν
3385 3129 3519 3182 ὅπου
3542 3127 3716 3197 ἴχνεσι

463 3236 786 3278 concursus.
813 3220 1185 3290 Philosophice
1211 3221 1352 3276 enim
1380 3220 1724 3292 cogitandum
1743 3218 1884 3289 quod
1902 3233 2047 3288 saepe

469 3331 500 3368 a
535 3314 766 3370 diversis
799 3313 940 3370 idem
985 3329 1178 3370 sensus
1228 3321 1467 3379 emanat,
1498 3321 1555 3367 et
1585 3313 1706 3382 quis
1753 3321 2043 3382 antequam

465 3404 666 3459 diluvio
716 3403 1072 3459 inundaretur
1124 3403 1250 3473 (sic
1302 3403 1449 3458 enim
1503 3403 1848 3459 statuendum
1903 3402 2043 3471 est)

466 3507 635 3552 artem
663 3496 898 3568 aliquam
949 3495 1248 3551 adinvenit.
1279 3493 1409 3550 Tale
1437 3497 1577 3564 quod
1602 3493 1656 3549 in
1689 3508 1784 3549 eos
1805 3493 2043 3563 quicum

464 3592 577 3647 Noe
606 3598 761 3645 erant
779 3590 1127 3659 penetrabat,
1152 3589 1205 3642 in
1239 3600 1426 3643 eorum
1463 3587 1625 3648 corda
1655 3596 1709 3641 et
1737 3586 1960 3641 intravit
1989 3594 2046 3641 et

467 3683 714 3740 intrabit.
743 3682 910 3752 Igitur
938 3682 1028 3750 qui
1054 3682 1400 3736 sermonesin
1426 3680 1677 3750 martyris
1710 3687 2039 3748 unguentum

467 3777 582 3830 sive
611 3774 873 3843 reliquum
903 3771 1267 3843 prodigiorum
1299 3784 1447 3826 mare
1481 3779 1730 3840 mergunt
1763 3769 1894 3825 nihil
1919 3770 2045 3824 novi

468 3865 847 3934 perfecissent,
877 3864 978 3919 nisi
1016 3865 1160 3918 sicut
1194 3864 1286 3933 qui
1338 3878 1530 3918 manus
1561 3865 1627 3918 ad
1663 3864 1839 3919 locum
1876 3878 2042 3918 unum

462 3958 703 4028 jungunt
731 3956 1187 4027 appropinquant,
1219 3955 1299 4010 sic
1334 3965 1389 4010 et
1421 3954 1495 4009 illi
1527 3956 1776 4010 manibus
1802 3955 2047 4010 scriben-

474 4061 555 4105 tes
586 4049 642 4105 in
668 4063 838 4106 unum
862 4049 1208 4112 incumbant,
1241 4047 1332 4102 alii
1370 4047 1601 4104 aliorum
1629 4048 2045 4119 cogitationibus

471 4142 754 4212 propiores
803 4140 957 4198 facti.

2150 3226 2599 3298 συμπεσούμεθα.
2630 3223 2707 3280 Ού
2733 3227 2842 3296 γάρ
2870 3224 3045 3294 κλοπὴ
3071 3225 3132 3278 τὸ
3154 3225 3410 3294 πρᾶγμα,
3435 3222 3543 3275 οὐδ’
3569 3221 3722 3273 ἐστιν

2146 3320 2446 3390 ἀλλοτρίων
2478 3317 3015 3390 παρανοσφίσασθαι,
3068 3316 3185 3371 ἀλλ’
3217 3315 3522 3384 αὐτόματος
3561 3310 3716 3382 οἶμαι

2149 3412 2433 3482 νοημάτων
2473 3412 2875 3481 συνέμπτωσις.
2912 3410 3200 3478 Λογιστέον
3254 3409 3363 3479 γάρ
3412 3405 3716 3475 φιλοσοφώ-

2147 3519 2326 3571 τερον,
2375 3503 2452 3566 ὡς
2507 3505 2568 3556 τὺ
2628 3503 2758 3555 αὐτὸ
2810 3502 2989 3570 νόημα
3029 3501 3288 3563 πολλάκις
3319 3501 3400 3562 είς
3424 3498 3721 3568 διαφόρους

2150 3594 2296 3649 ἔστιν
2329 3594 2594 3658 ἀνελθεῖν,
2625 3597 2716 3649 καί
2752 3613 2854 3658 τις,
2891 3595 3021 3662 πρὶν
3063 3594 3096 3663 ἢ
3141 3592 3584 3661 κατακλυσθῆναι
3616 3591 3717 3660 τὴν

2147 3689 2252 3756 γῆν
2283 3687 2487 3757 (θετέον
2533 3687 2641 3758 γὰρ
2667 3686 2832 3755 οῦτω)
2854 3730 2866 3753 ,
2902 3686 3184 3755 ἐλογίσατό
3218 3704 3269 3738 τι
3324 3685 3507 3752 σοφόν.
3562 3683 3635 3735 Τὸ
3663 3683 3722 3735 δὲ

2147 3775 2237 3850 ἦν,
2275 3781 2456 3832 ὁποῖον
2512 3782 2605 3833 καὶ
2653 3781 2734 3842 είς
2763 3779 2891 3844 τοὺς
2925 3781 3062 3849 μετά
3085 3780 3175 3831 τὸν
3222 3778 3347 3830 Νῶε
3391 3775 3721 3830 καταϐαῖνον

2149 3874 2229 3935 εἰς
2251 3872 2352 3936 τάς
2391 3871 2616 3926 ἐκείνων
2669 3872 2896 3944 καρδίας
2927 3874 3018 3925 καὶ
3050 3872 3214 3939 ἀνέϐη
3247 3871 3340 3923 καὶ
3364 3869 3721 3939 ἀναϐήσεται.

2149 3963 2261 4016 Καὶ
2299 3962 2480 4016 τοίνυν
2519 3963 2614 4016 καὶ
2659 3963 2707 4015 οί
2751 3964 2878 4023 τοὺς
2906 3963 3096 4030 λόγους
3147 3964 3225 4024 είς
3265 3961 3324 4013 τὸ
3355 3961 3446 4014 τοῦ
3508 3960 3725 4029 μάρτυ-

2153 4053 2294 4123 ροςῆ
2323 4053 2512 4124 μύρον,
2557 4054 2590 4124 ἢ
2619 4054 2720 4124 τὴν
2746 4053 2938 4124 λοιπὴν
2964 4054 3071 4105 τῶν
3101 4053 3397 4122 θαυμάτων
3445 4051 3724 4105 θάλασσαν

2148 4143 2467 4214 βάπτοντες,
2506 4146 2607 4200 οὐκ
2654 4147 2720 4200 ἂν
2750 4149 3198 4217 καινοπραγοῖεν,
3243 4146 3362 4210 ἐὰν,
3392 4146 3644 4213 καθάπερ
3672 4145 3720 4196 οί

471 4239 572 4303 τὰς
611 4238 800 4310 χεῖρας
829 4239 1106 4304 είςρτόπον
1142 4239 1240 4295 ἕνα
1273 4238 1678 4311 συμϐάλλοντες
1711 4239 2042 4309 ἐγγίζουσιν,
2070 4239 2216 4296 οὓτω
2264 4244 2360 4299 καὶ
2411 4243 2567 4298 αὐτοὶ
2621 4247 3112 4316 χειρογράφοῦντες
3171 4245 3250 4306 είς
3306 4243 3365 4296 ἓν
3413 4243 3723 4302 ἅπτωνται,

471 4326 582 4387 οἷον
608 4333 856 4403 ἀλλήλων
884 4334 995 4398 τοῖς
1016 4333 1250 4406 νοήμασι
1289 4331 1697 4404 πλησιάζοντες.

541 4425 632 4479 ti.
658 4422 786 4479 Mihi
823 4438 975 4492 ergo,
1008 4423 1100 4492 qui
1153 4437 1461 4478 sermonem
1516 4420 1586 4477 de
1631 4422 1887 4495 martyris
1920 4436 2040 4492 ope-

2227 4419 2548 4490 ια’.Ἔμοιγ’
2565 4420 2680 4488 οὖν,
2701 4421 2860 4490 λόγον
2887 4423 2986 4492 μέν
3001 4439 3119 4476 τινα
3145 4421 3236 4475 ἐπὶ
3258 4424 3370 4486 τοῖς
3387 4422 3482 4474 τοῦ
3519 4423 3728 4492 μάρτυ-

471 4516 624 4572 ribus
642 4531 838 4570 novum
853 4525 909 4570 et
931 4514 1259 4586 exquisitum
1284 4527 1600 4584 comparare
1627 4524 1854 4569 conatus
1875 4530 2045 4579 eram,

470 4607 721 4678 gloriatio
745 4614 865 4661 erat
893 4607 1049 4674 quasi
1081 4604 1402 4660 recentioris
1433 4605 1562 4660 dicti
1616 4601 1964 4669 inventionis,
1995 4612 2052 4660 et

471 4698 815 4770 contingebat
843 4704 901 4753 ut
927 4698 1216 4770 gauderem
1246 4697 1372 4767 quia
1401 4697 1596 4753 anima!
1623 4713 1844 4768 campus
1867 4696 2048 4767 spicas

471 4790 808 4861 germinabat
834 4804 940 4844 non
974 4786 1416 4844 contemnendas.
1443 4787 1774 4843 Incidentem
1804 4801 1932 4842 vero
1959 4802 2048 4843 me

471 4881 525 4935 in
552 4881 731 4950 aliqua
757 4879 946 4934 eadem
988 4892 1109 4946 qua;
1137 4877 1505 4949 pracellenter
1533 4876 1874 4946 scripserunt
1931 4876 2046 4943 alii,

471 4990 571 5032 nec
600 4976 730 5031 illud
752 4974 909 5045 longe
934 4989 964 5028 a
982 4974 1300 5044 gloriatione
1323 4973 1659 5030 convenienti
1691 4972 1898 5041 rejicit;
1923 4973 2047 5043 quia

471 5081 524 5123 et
541 5069 654 5138 ipse
674 5067 1070 5122 sermocinandi
1096 5074 1319 5122 ornatus
1341 5080 1466 5122 sum
1487 5067 1713 5129 honore,
1729 5065 1870 5120 sicut
1897 5074 2048 5118 ante-

365 5220 376 5230 _
471 5174 720 5214 cessores
769 5155 982 5218 diserti,
1016 5166 1071 5210 et
1123 5157 1384 5212 orationis
1429 5155 1685 5224 scapham
1721 5155 1773 5209 in
1821 5155 2044 5210 eosdem

472 5266 660 5305 amnes
689 5260 897 5313 tenens,
929 5249 1116 5303 eodem
1151 5249 1264 5302 fere
1321 5249 1538 5302 tramite
1564 5246 1832 5316 navigavi.

546 5430 633 5484 η.
671 5428 763 5483 Sic
792 5443 920 5498 ergo
947 5429 1011 5481 ad
1034 5430 1231 5484 bonum
1259 5430 1584 5484 confirmato
1613 5429 1793 5484 animo
1814 5443 1961 5492 meo,
1994 5437 2049 5481 et

475 5521 688 5576 fortiter
709 5533 910 5584 erecto,
926 5521 976 5574 in
1001 5522 1185 5590 primis
1205 5525 1456 5578 examino
1471 5523 1490 5593 (
1507 5524 1640 5576 ratio
1655 5521 1795 5576 enim
1813 5519 1978 5591 exigit
1996 5529 2053 5574 ut

477 5615 566 5682 qui
586 5614 930 5681 defititprius
950 5615 1214 5669 defectum
1245 5624 1504 5683 quantum
1534 5625 1709 5682 potest
1737 5612 1970 5681 deponat
2000 5622 2054 5666 et

473 5719 542 5758 ex
577 5704 765 5760 ordine
797 5714 989 5760 tractet
1019 5709 1077 5777 );
1113 5721 1218 5777 qua
1254 5707 1311 5759 fit
1344 5715 1398 5759 ut
1424 5715 1500 5760 tot
1525 5714 1576 5760 et
1607 5705 1770 5758 tantis
1808 5719 1904 5774 pro
1939 5703 2050 5758 Deo

2155 4529 2246 4583 ρος
2274 4513 2468 4584 νεαρὸν
2496 4515 2587 4568 καὶ
2616 4515 2928 4584 πρόσφατον
2947 4516 3026 4577 είς
3044 4515 3324 4586 ἐξεύρημα
3347 4519 3729 4585 κατεργασμέ-

2151 4621 2249 4676 νῳ,
2302 4603 2564 4677 καύχημα
2617 4606 2678 4660 τὸ
2742 4609 2976 4679 πρᾶγμα
3008 4602 3077 4677 ἧν
3134 4607 3220 4673 ἂν,
3273 4606 3350 4670 ὡς
3405 4609 3726 4677 καινοτέρου

2149 4695 2498 4767 ἀκούσματος
2545 4698 2768 4771 εὑρεθῇ,
2830 4700 2924 4752 καὶ
2953 4699 3224 4771 ἐπήρχετο
3253 4699 3320 4753 ἂν
3350 4699 3584 4770 χαίρειν,
3639 4699 3725 4753 ὅτι

2153 4804 2246 4858 μοι
2277 4789 2337 4841 τδ
2361 4789 2458 4859 τῆς
2479 4789 2658 4860 ψυχῆς
2687 4791 2839 4862 λήϊον
2861 4792 3136 4861 ἀστάχυας
3165 4791 3290 4860 φύει
3321 4788 3421 4846 οὐκ
3453 4794 3725 4858 ἀγεννεῖς,

2155 4879 2277 4932 ούδέ
2328 4880 2473 4946 οἵους
2520 4882 2953 4955 ἐξαθερίζεσθαι.
2988 4885 3393 4954 Συνεμπεσόντι
3443 4885 3499 4936 δέ.
3554 4901 3725 4950 τισιν,

2152 4961 2226 5024 ὧν
2250 4970 2728 5045 ἐκαλλιγράφησαν
2749 4976 2946 5044 ἕτεροι,
2973 4975 3093 5028 ούδέ
3118 4977 3274 5028 τοῦτο
3296 4975 3400 5042 ἔξω
3434 4977 3501 5029 ἂν
3532 4975 3730 5030 πίπτοι

2151 5061 2247 5114 τοῦ
2271 5061 2496 5126 δεόντως
2522 5065 2729 5134 αὐχεῖν,
2783 5066 2869 5119 ὅτι
2899 5067 2994 5119 καὶ
3024 5067 3186 5130 αὐτὸς
3233 5065 3472 5136 ήξίωμαι
3498 5065 3730 5134 λογίσα-

2155 5153 2301 5219 σθαι,
2331 5155 2431 5208 ὅσα
2466 5158 2562 5210 καὶ
2595 5159 2643 5210 οί
2679 5159 2982 5227 φθάσαντες
3011 5159 3200 5227 λόγιοι,
3238 5161 3331 5213 καὶ
3355 5159 3414 5212 τὸ
3442 5159 3535 5212 τοῦ
3560 5159 3729 5226 λόγου

2157 5244 2366 5313 σκάφος
2389 5249 2467 5311 είς
2500 5248 2592 5302 τὸν
2627 5250 2790 5303 αὐτὸν
2818 5250 3050 5314 ἐκείνοις
3095 5251 3222 5320 ῥοῦν
3254 5249 3483 5319 ἐπαφεὶς
3531 5249 3735 5320 ίτεμόν

2157 5350 2261 5388 που
2298 5339 2396 5391 καῖ⁵
2427 5339 2527 5407 τὴν
2557 5342 2728 5412 αὐτὴν
2763 5345 2903 5397 κατά
2929 5361 3048 5397 τινα
3084 5343 3414 5413 συνδρομήν.

2230 5428 2318 5504 ιβ’.
2347 5429 2503 5485 Οὕτω
2533 5431 2665 5498 γοῦν
2695 5434 2930 5504 ἐμαυτὸν
2957 5436 3304 5505 καταστήσας
3325 5436 3381 5487 ἐν
3414 5431 3566 5501 καλῷ
3595 5431 3738 5484 κάν-

2158 5525 2354 5589 ταῦθα,
2385 5524 2482 5577 καὶ
2509 5524 2571 5577 τὸ
2605 5524 2828 5594 θαρρεῖν
2855 5525 3038 5594 λέγειν
3065 5525 3370 5590 ἀναλαϐὼν,
3403 5527 3461 5579 ἐν
3489 5525 3734 5593 πρώτοις

2162 5613 2383 5667 συννοοῦ
2393 5631 2490 5682 μαι
2523 5613 2652 5685 (χρὴ
2676 5614 2784 5682 γάρ
2810 5614 3045 5683 ἐλλόγως
3059 5615 3412 5685 ἀπορήσαντα
3437 5613 3734 5685 πρότερον,

2158 5705 2252 5757 καὶ
2288 5704 2388 5774 τὴν
2418 5705 2669 5774 ἀπορίαν,
2732 5706 2840 5776 ὅπη
2877 5704 3119 5774 δυνατὸν,
3169 5705 3586 5776 ἐπιλυσάμενον,
3614 5719 3735 5774 χω-
