4048 6450
306 507 385 573 ιττ
1405 499 1792 560 LAUDATIO
1817 496 1879 556 s.
1922 491 2324 556 DEMETRII.
2788 567 2796 572 _
3399 469 3516 554 178”

302 620 395 688 ρεῖν
429 611 516 666 ἐπὶ
547 609 614 664 τὰ
647 612 820 682 ἑξῆς),
866 611 1011 675 ὅπως
1045 611 1174 682 ἀρα,
1213 612 1423 666 πολλῶν
1463 612 1555 666 καὶ
1587 611 1838 681 μεγάλων
1867 654 1874 669 .

1977 609 2173 662 nimam
2221 604 2543 676 ponentibus
2591 594 2644 660 et
2672 604 2881 677 magnis
2912 602 2964 660 in
3019 603 3218 674 praeliis
3246 604 3506 661 insudan-

240 727 244 732 λ
304 705 416 776 ὑπὲρ
439 703 567 756 Θεοῦ
598 703 924 756 τεθεικὸτὼν
949 703 1044 767 τὰς
1073 702 1270 774 ψυχάς,
1298 705 1392 756 καὶ
1424 703 1700 772 μεγίστοις
1723 705 1833 754 ἐνι-

1977 703 2102 766 bus,
2134 700 2236 754 illis
2287 698 2596 753 vulneribus
2652 706 2704 753 et
2738 711 2936 754 cruore
2961 699 3101 752 inter
3134 699 3505 767 praeliandum,

303 795 552 866 δρωκότων
599 795 798 861 ἀγῶσι,
839 796 947 857 τοῖς
985 795 1084 865 μὲν
1111 795 1248 862 μετὰ
1277 795 1370 847 καὶ
1393 794 1722 863 τραυμάτων
1743 794 1837 847 καὶ

1979 790 2023 845 is
2049 791 2183 844 alias
2211 787 2278 843 ad
2308 788 2710 844 meditationem
2741 802 2801 844 se
2826 788 3231 856 exercentibus,
3262 805 3371 844 non
3393 805 3510 845 om-

303 889 516 956 αἱμάτων
563 887 671 939 τῶν
722 887 781 953 ἐξ
832 887 1148 956 ἀθλήσεως,
1190 887 1308 949 τοῖς
1360 886 1415 939 δὲ
1462 887 1555 938 καὶ
1575 885 1750 950 ἄλλως
1777 885 1836 953 ἐξ

1978 880 2097 935 ibus
2147 887 2541 949 unguentorum
2571 878 2762 935 effusio
2813 880 3048 950 gloriosa
3097 881 3384 945 habeatur.
3412 882 3509 938 sed

301 981 576 1051 ἀσκήσεως,
605 979 704 1048 οὐχ
744 978 946 1032 ἅπασιν
979 979 1012 1048 ὴ
1041 977 1134 1030 τοῦ
1169 977 1344 1048 μύρου
1397 977 1585 1046 βλύσις
1613 977 1839 1043 πεφιλο-

1979 970 2287 1038 uibusdam,
2311 981 2366 1026 et
2400 971 2453 1026 iu
2488 986 2762 1036 mensura.
2793 981 2849 1028 et
2874 974 2965 1043 qui
3012 971 3168 1030 facile
3195 984 3380 1030 essent
3407 991 3512 1029 nu-

297 1073 514 1140 τίμηται,
567 1070 705 1125 ἀλλά
758 1087 870 1124 τισι
926 1070 1241 1140 μετρητοῖς,
1291 1070 1386 1122 καὶ
1434 1067 1526 1131 οὓς
1562 1070 1690 1140 ῥᾷόν
1721 1072 1837 1123 ἐστι

1977 1076 2095 1116 iero
2141 1063 2462 1129 aestimandi,
2487 1063 2556 1119 de
2589 1063 2787 1134 quibus
2837 1073 2949 1120 tum
2980 1065 3197 1136 quidem
3231 1067 3292 1122 ﬁt
3323 1080 3513 1122 rumor

300 1161 686 1229 καθυπαγαγείν
714 1159 970 1234 ἀριθμῷ·
1024 1163 1083 1213 ἐν
1133 1155 1213 1222 οἷς
1245 1159 1340 1212 καὶ
1387 1160 1448 1211 τὸ
1476 1163 1573 1230 τῆς
1620 1162 1842 1230 ἀπάσης

1977 1153 2146 1209 lectus
2172 1168 2269 1222 per
2297 1156 2605 1211 universam
2651 1166 2876 1226 terram,
2905 1169 3018 1214 tum
3047 1173 3176 1215 vero
3204 1173 3300 1228 per
3331 1161 3512 1230 regio-

300 1253 387 1322 μὲν
411 1252 683 1322 ἐξαίρετον
716 1253 969 1322 ἄκουσμα
1002 1251 1160 1321 τῆσδε
1200 1251 1325 1305 καθ’
1353 1252 1500 1322 ἡμᾶς
1531 1251 1738 1323 ταύτης
1759 1253 1842 1306 ol-

1977 1258 2066 1297 rem
2094 1243 2234 1298 hanc.
2257 1256 2495 1301 nosu'am
2518 1254 2574 1300 et
2600 1244 2830 1316 amplior
2857 1245 3128 1317 splendor.
3147 1247 3215 1304 Et
3243 1249 3297 1303 in
3322 1263 3512 1306 senum

301 1346 548 1415 κουμένης
578 1345 674 1398 uel
703 1345 798 1397 ὲπὶ
827 1343 989 1397 πλέον
1013 1343 1311 1412 ἀγλάϊσμα.
1350 1344 1460 1396 Καὶ
1491 1342 1715 1416 φέρεται
1743 1343 1843 1413 μὲν

1977 1331 2203 1387 oncione
2225 1331 2401 1389 fertur
2449 1332 2790 1390 vinculorum
2815 1335 3139 1394 solutionem
3180 1337 3237 1393 in
3264 1336 3390 1394 vita
3416 1354 3516 1407 pu-

296 1435 436 1502 λόγος
458 1433 848 1504 πρεσόυτικδς,
885 1432 1160 1487 καθιστῶν
1195 1433 1295 1506 τὴν
1337 1434 1432 1486 τοῦ
1466 1435 1840 1506 ἀπορουμένου

1977 1422 2107 1478 itate
2158 1423 2618 1483 constituentibus
2674 1433 2730 1482 et
2782 1427 2838 1483 iu
2889 1424 3289 1492 misericordia,
3317 1430 3516 1501 quibus

298 1525 475 1594 δεσμοῦ
517 1524 674 1577 λύσιν
703 1524 785 1587 είς
826 1523 888 1576 τὸ
928 1523 1166 1593 καθαρὸν
1211 1522 1307 1576 τοῦ
1353 1523 1472 1593 βίου
1519 1524 1614 1577 καὶ
1644 1525 1724 1586 είς
1753 1524 1844 1578 τὸν

1977 1515 2454 1586 uperabundanter
2511 1519 2837 1587 nitescebat,
2875 1520 3130 1579 athletam
3171 1539 3202 1578 a
3239 1520 3349 1578 Deo
3377 1538 3518 1579 mer-

295 1618 443 1679 ἔλεον,
496 1611 580 1678 οἷς
623 1614 989 1683 ὲνευδοκιμῶν
1035 1631 1199 1683 φασιν
1243 1613 1512 1684 ὑπερλίαν
1548 1615 1577 1667 ὀ
1606 1613 1846 1684 ἀθλητής

1981 1608 2136 1664 edem
2171 1609 2432 1679 unguenti
2463 1609 2780 1668 effusionem
2810 1613 3132 1671 obtinuisse.
3158 1613 3353 1671 Gravis
3388 1615 3516 1687 qui.

293 1708 434 1777 ἔλαχε
467 1707 653 1760 θεόθεν
707 1708 788 1771 εἰς
821 1707 991 1776 γέρας
1022 1707 1122 1776 τὴν
1168 1705 1264 1759 τοῦ
1326 1705 1499 1776 μύρου
1565 1705 1844 1760 ἔκϐλυσιν.

1977 1702 2068 1754 lem
2096 1699 2210 1756 hac
2237 1702 2499 1768 narratio,
2523 1717 2688 1761 venas
2713 1706 3019 1777 aperiens,e
3046 1707 3242 1779 quibus
3283 1709 3518 1776 scaturit

290 1801 388 1854 Καὶ
422 1800 621 1870 σεμνὸς
669 1799 772 1870 μὲν
810 1798 839 1850 6
893 1799 1052 1867 λόγος
1085 1795 1262 1864 οὗτος,
1290 1799 1495 1867 φλέόας
1522 1794 1675 1860 τινὰς
1702 1799 1846 1851 ὑπα-

1977 1791 2205 1860 mguenti
2225 1790 2394 1860 odor;
2421 1793 2554 1849 mihi
2581 1809 2710 1851 vero
2735 1794 3131 1868 disquisitionis
3158 1814 3267 1857 non
3297 1800 3520 1857 omnino

291 1892 489 1960 νοίγων,
528 1890 591 1956 ἐξ
635 1885 708 1944 ὧν
743 1889 838 1943 καὶ
866 1891 1049 1943 αὐτῶν
1101 1889 1248 1943 ἔστιν
1293 1889 1758 1960 ἀναρρυἳσκεσθαι
1788 1889 1849 1943 τδ

1977 1879 2058 1934 'uit
2081 1881 2361 1938 cessandte
2386 1897 2575 1940 causa.
2600 1885 2818 1942 Etenim
2843 1887 2902 1942 in
2930 1886 3116 1945 decem
3139 1891 3384 1948 millibus
3403 1890 3520 1947 haec

287 1985 374 2037 τοῦ
419 1984 595 2054 μύρου
645 1982 848 2037 καλόν⁶
894 1984 1020 2052 ἐμοὶ
1069 1981 1128 2034 δὲ
1173 1982 1233 2036 τὸ
1285 1981 1468 2052 ζητεῖν
1523 1983 1582 2037 οὐ
1611 1981 1753 2035 πάνυ
1801 1999 1852 2035 τι

1977 1971 2182 2040 luidem
2210 1973 2353 2029 bona
2377 1985 2433 2031 et
2457 1991 2625 2048 supra
2657 1980 2874 2035 modum
2892 1981 3234 2050 enituerunt,
3253 1983 3374 2040 dico
3395 1984 3520 2038 vitae

288 2074 500 2129 ἔπαυσε.
535 2074 774 2143 Μυρὶοις
800 2071 910 2142 γάρ
940 2072 1088 2134 ὅσοις
1122 2071 1190 2125 τὰ
1211 2071 1395 2139 ἀγαθά
1432 2071 1531 2141 μὲν
1563 2068 1734 2125 ταῦτα
1759 2071 1854 2124 καὶ

1977 2063 2170 2118 ωτίιειε
2193 2074 2250 2120 et
2284 2066 2683 2137 misericordia,
2724 2085 2832 2128 non
2871 2074 3124 2141 omnibus
3181 2086 3362 2133 autem
3405 2075 3520 2147 glo-

245 2181 257 2195 '
286 2168 356 2228 εξς
380 2165 690 2236 ὑπερϐολὴν
723 2163 1102 2234 ὲνέλαμψεν,ἡ
1143 2164 1202 2216 ὲν
1234 2163 1336 2233 βίῳ
1373 2166 1513 2234 φημὶ
1545 2163 1853 2235 καθαρότης

1977 2153 2104 2209 -ἰοειι
2126 2157 2392 2228 unguenti
2406 2158 2599 2216 eﬁ‘usio
2628 2161 2831 2219 tributa
2853 2173 2955 2222 est.

287 2260 372 2312 καὶ
393 2260 420 2310 ό
449 2258 601 2320 ἔλεος
624 2272 636 2286 ·
675 2256 776 2326 οὐχ
803 2255 976 2310 ἃπασι
1005 2255 1062 2310 δὲ
1097 2257 1131 2326 ή
1160 2254 1254 2308 τοῦ
1305 2256 1480 2326 μύρου
1506 2255 1650 2318 δόσις
1694 2273 1856 2324 πεφι-

287 2349 590 2418 λοτίμηται.

354 2445 439 2505 ιγ’.
465 2437 747 2509 Ζητητέον
775 2435 870 2490 οῦν
914 2425 1009 2490 καὶ
1058 2436 1261 2506 ἐτέρων
1305 2437 1649 2509 ἀνακαλύψαι
1682 2439 1742 2492 τὸ
1769 2455 1860 2492 κε-

2031 2420 2118 2476 15.
2154 2419 2518 2486 Quaerendum
2545 2426 2758 2497 ergo‘,et
2810 2427 2878 2484 ab
2927 2429 3048 2486 aliis
3083 2431 3522 2502 patefacieudum

287 2528 600 2598 κρυμμένον
628 2527 725 2596 τῆς
755 2524 987 2586 λύσεως.
1023 2523 1135 2576 Καὶ
1185 2525 1397 2594 μήποτε
1422 2526 1545 2578 οὐδὲ
1570 2526 1726 2580 τοῦτο
1753 2527 1858 2594 ἔξω

1977 2513 2253 2569 solutionis
2274 2529 2554 2570 arcanum.
2582 2516 2694 2573 Nec
2717 2519 2848 2574 illud
2884 2519 3024 2576 forte
3045 2529 3198 2578 extra
3228 2525 3306 2580 rei
3356 2527 3525 2581 ratio-

283 2617 368 2668 τοῦ
402 2613 724 2686 προσφυοῦς
746 2653 761 2678 ,
809 2612 887 2676 ὡς
933 2611 1042 2682 ἄρα
1069 2613 1255 2670 τόποις
1297 2628 1357 2664 τε
1392 2613 1488 2666 καὶ
1521 2612 1857 2682 προσώποις,

285 2708 409 2777 παρ’
436 2703 518 2768 οἷς
543 2707 597 2758 οἱ
635 2704 870 2758 τοιοῦτοι
897 2707 1103 2758 κεῖνται
1138 2703 1426 2775 θησαυροὶ,
1465 2705 1544 2767 είς
1577 2704 1696 2759 δέον
1718 2705 1860 2758 ἄνω⁴

1966 2613 2114 2662 nem,
2153 2614 2353 2670 nempe
2390 2601 2444 2655 in
2469 2601 2606 2658 locis
2635 2613 2690 2658 et
2711 2607 2981 2672 personis,
3009 2607 3065 2663 in
3105 2609 3304 2678 quibus
3334 2612 3526 2681 hujus-

1963 2691 2108 2745 modi
2138 2692 2515 2749 reconduntur
2547 2694 2786 2750 thesauri
2826 2708 3132 2766 opportune
3153 2702 3221 2757 ab
3270 2705 3383 2759 alto
3435 2705 3530 2759 de-

284 2797 370 2851 θεν
422 2797 781 2868 ἐπεψηφίσθη
837 2795 898 2848 τὸ
950 2795 1449 2866 θαυματούργημα.
1514 2797 1713 2868 Ἐχρῆν
1749 2797 1860 2869 γὰρ

1977 2791 2178 2836 cretum
2197 2784 2644 2841 estmiraculum.
2670 2786 2752 2843 Ab
2789 2788 2946 2845 initio
2974 2792 3120 2847 enim
3153 2795 3434 2862 oportebat
3459 2799 3528 2852 ad

282 2889 394 2958 ἦτοι
423 2888 678 2959 ἀρχῆθεν
710 2887 874 2949 εὐθὺς
901 2886 982 2950 είς
1013 2886 1144 2939 Θεὸν
1170 2887 1545 2956 στειλαμένοις
1573 2890 1684 2951 τοῖς
1714 2890 1861 2943 ὲκεί-

282 2997 367 3033 νου
424 2981 800 3050 θεραπευταῖς
859 2978 1300 3046 ἐπακολουθῆσαι
1351 2980 1446 3032 καὶ
1483 2980 1722 3034 τοιοῦτον
1763 2997 1863 3050 ση-

1961 2874 2133 2929 Deum
2157 2876 2356 2933 missos
2383 2877 2502 2947 ejus
2523 2892 2710 2934 servos
2736 2880 3048 2951 huiusmodi
3095 2885 3374 2956 signorum
3435 2905 3526 2944 co-

1963 2964 2159 3018 mitatu
2189 2964 2384 3035 stipari
2413 2966 2468 3019 in
2499 2966 2833 3035 sepulturam
2869 2969 3185 3040 gloriosam,
3225 2984 3322 3030 aut
3361 2977 3524 3032 etiam

285 3073 431 3138 μεῖον
463 3075 546 3134 είς
578 3071 838 3138 ἐντάφιον
863 3071 1254 3140 πολυτίμητον,
1286 3070 1316 3138 ἢ
1361 3070 1457 3123 καὶ
1496 3071 1638 3139 μετά
1670 3073 1860 3144 καιρὸν

1977 3071 2062 3127 per
2087 3056 2429 3126 subsequens
2480 3065 2718 3128 tempus,
2769 3061 2915 3130 quod
2949 3063 3024 3119 ibi
3071 3079 3170 3135 pro
3221 3065 3362 3122 bono
3408 3078 3531 3124 erat

282 3163 507 3231 ῦστερον
529 3179 547 3196 ο
605 3163 704 3216 καὶ
747 3161 930 3225 τοῦτο,
963 3161 1090 3215 ἔνθα
1122 3162 1261 3231 πρὸς
1305 3161 1510 3230 ἀγαθοῦ
1546 3158 1616 3233 ἦν
1647 3162 1742 3216 καὶ
1770 3164 1864 3216 si)-

1967 3149 2274 3220 vicinisque
2307 3149 2461 3206 valde
2485 3150 2617 3206 utile
2647 3152 2789 3207 hanc
2841 3156 3072 3225 prodigii
3120 3158 3311 3214 venire
3361 3162 3534 3216 haere-

284 3257 564 3324 σύμφορον
613 3255 728 3316 τοῖς
755 3253 1078 3322 περιοίκοις,
1116 3253 1320 3306 τοιόνδε
1355 3254 1744 3324 κληρώσασθαι
1771 3271 1862 3308 τε-

1977 3241 2229 3309 ditatem;
2259 3241 2332 3296 ita
2369 3252 2428 3296 ut
2458 3243 2562 3298 hoc
2597 3244 2665 3299 ad
2715 3243 2959 3302 inﬁdeles
2989 3257 3119 3318 apto
3147 3250 3302 3322 signo
3333 3254 3532 3308 conﬁr-

284 3347 652 3415 ρατούργημα
676 3359 688 3374 ·
720 3343 796 3406 ὡς
830 3342 896 3396 ἂν
927 3343 1004 3413 τῷ
1045 3343 1184 3412 πρὸς
1232 3343 1492 3406 ἀπίστους
1528 3343 1732 3414 εὐθέτῳ
1763 3360 1861 3411 ση-

1982 3342 2268 3388 marentur
2297 3334 2466 3388 vicini
2499 3333 2554 3390 iu
2586 3335 2736 3390 cultu
2783 3338 2990 3404 divino,
3028 3343 3086 3396 et
3131 3344 3405 3400 ratiocinii
3450 3347 3534 3400 in-

284 3436 420 3506 μείῳ
449 3433 818 3504 στερεωθεῖεν
844 3433 892 3485 οἱ
927 3431 1156 3485 τοιοῦτοι
1184 3435 1251 3483 τὰ
1301 3434 1379 3494 είς
1426 3433 1528 3499 τὴν
1556 3432 1704 3485 θείαν
1731 3434 1867 3502 θρη-

1977 3424 2210 3478 ﬁrmitati
2235 3418 2649 3482 fundamentum
2679 3439 2846 3488 esset.
2863 3431 3051 3503 itaque
3074 3437 3381 3506 prodigiose
3401 3446 3531 3494 tunc

281 3526 492 3588 σκείαν,
526 3526 628 3578 καὶ
678 3521 1058 3592 θεμελιωθεῐεν
1089 3521 1397 3591 σαθρότητα
1423 3521 1707 3590 λογισμοῦ.
1758 3521 1867 3575 Καὶ

281 3617 458 3669 τοίνυν
493 3613 952 3688 ὲτερατουργήθη
998 3613 1120 3665 τότε
1151 3613 1208 3664 τὸ
1245 3611 1481 3677 ἐξαίσιον
1504 3612 1725 3681 ἀγαθὸν,
1755 3615 1866 3666 εῑτε

280 3711 344 3776 τῇ
376 3708 728 3777 μεταστάσει
771 3706 1105 3774 συγχρόνως,
1138 3703 1247 3755 εἴτε
1277 3706 1369 3755 καὶ
1401 3703 1517 3769 μετ’
1541 3703 1712 3774 αὐτήν
1732 3720 1748 3734 ·
1774 3703 1869 3756 καὶ

280 3796 433 3850 δοθὲν
456 3800 806 3867 παρέμενεν,
831 3795 919 3848 ἵνα
950 3793 1029 3863 τῷ
1065 3793 1194 3864 θείῳ
1222 3810 1282 3845 τε
1312 3792 1612 3863 χαρίσματι
1643 3792 1704 3846 τὸ
1729 3795 1869 3863 ἀμε-

279 3888 600 3958 ταμέλητον
646 3881 1048 3954 περισὼζοιτο,
1100 3883 1198 3936 καὶ
1245 3882 1296 3934 oi.
1328 3881 1677 3944 πιστεύοντες
1728 3880 1871 3935 οὕτω

281 3980 676 4032 πλατύνοιντο.
707 3975 1118 4044 Ἐπαυξομένης
1138 3974 1194 4027 δὲ
1211 3971 1462 4026 ἐντεῦθεν
1486 3973 1585 4043 τῆς
1612 3972 1870 4039 πίστεως,

263 4064 355 4130 οἷς
387 4071 434 4120 οὶ
463 4068 761 4136 ἄνθρωποι
791 4060 931 4117 εἶδον
974 4062 1252 4132 θαυμάσια
1281 4061 1376 4115 καὶ
1399 4063 1498 4131 τῆς
1531 4062 1673 4115 κατὰ
1697 4060 1872 4133 ψυχὴν

1972 3513 2176 3570 factum
2210 3525 2294 3571 est
2331 3518 2534 3573 bonum
2572 3522 3066 3578 extraordinarium
3097 3525 3211 3581 sive
3259 3542 3357 3596 pro
3391 3544 3532 3584 coae-

1971 3611 2150 3665 taneis
2177 3610 2666 3675 vicissitudinibus,
2691 3612 2805 3668 sive
2832 3628 2930 3684 pro
2953 3619 3282 3688 temporibus
3303 3635 3537 3692 sequen-

1972 3701 2143 3767 tibus,
2203 3711 2258 3756 et
2291 3703 2495 3756 mansit
2548 3702 2749 3758 donum
2790 3715 2852 3760 ut
2912 3707 3096 3763 divina
3139 3710 3383 3769 bonitate
3417 3717 3537 3770 sine

1970 3793 2292 3862 poenitentia
2321 3792 2582 3846 donatum
2625 3803 2960 3863 servaretur,
2984 3804 3038 3852 et
3069 3798 3149 3854 sic
3176 3799 3536 3858 dilatarentur

1978 3882 2190 3937 ﬁdeles.
2221 3880 2516 3938 Crescente
2539 3891 2722 3938 autem
2749 3883 2854 3940 ﬁde
2872 3899 2938 3940 ex
2972 3901 3039 3942 eo
3095 3889 3239 3957 quod
3263 3891 3537 3949 mirabilia

1973 3973 2223 4029 viderent
2250 3973 2500 4031 homines
2531 3984 2587 4029 et
2607 3975 2802 4031 animae
2833 3977 2944 4033 Deo
2990 3978 3297 4052 divinisque
3355 3985 3539 4040 adhae-

1976 4073 2130 4120 rente
2177 4067 2375 4121 ardore
2426 4067 2498 4122 ob
2539 4067 2662 4122 miri
2722 4071 3158 4138 permansionem
3202 4084 3260 4130 et
3301 4077 3542 4146 splendi-

280 4162 356 4220 εἰς
393 4161 536 4212 Θεὸν
566 4161 669 4213 καὶ
695 4159 765 4210 τὰ
792 4156 913 4209 θεῖα
944 4153 1402 4222 ὑπαναπτομένης
1441 4154 1774 4223 θερμότητος
1795 4153 1874 4224 τῷ

1977 4158 2098 4213 dius
2114 4159 2448 4226 lucescente,
2474 4155 2746 4216 ﬁrmatum
2770 4172 2855 4218 est
2870 4163 3095 4232 bonum,
3120 4167 3173 4222 in
3192 4169 3388 4226 saecula
3405 4185 3540 4226 con-

279 4250 605 4317 παραμόνῳ
650 4244 747 4298 τοῦ
782 4244 1082 4314 θαύματος,
1130 4243 1224 4294 καὶ
1268 4243 1668 4312 ὲκφαινομένης
1709 4245 1789 4304 είς
1814 4241 1874 4294 τὸ

1977 4256 2251 4305 servatum
2273 4257 2329 4305 et
2345 4259 2608 4320 perpetuo
2645 4266 2894 4322 sparsum
2921 4262 3028 4314 est.

278 4337 707 4408 λαμπρότερον,
763 4334 1084 4406 ὲστηρίχθη,
1143 4333 1239 4387 καὶ
1301 4333 1381 4395 είς
1427 4332 1646 4387 αίώνιον
1703 4349 1878 4404 παρε-

279 4432 441 4500 τάιη,
482 4432 589 4483 καὶ
625 4428 856 4481 ἀένναον
885 4429 1131 4495 κέχυται.

352 4525 442 4577 ιδ’.
484 4524 614 4576 Καὶ
637 4519 798 4572 τοῦτο
829 4519 928 4588 μὲν
955 4517 1125 4579 οὕτως
1158 4516 1224 4570 ἂν
1263 4516 1375 4587 ἔχοι
1407 4517 1468 4570 τὸ
1507 4515 1729 4585 εὔλογον
1751 4531 1765 4546 ·
1801 4518 1874 4571 ει-

2052 4515 2142 4570 14.
2187 4513 2280 4570 Sic
2320 4515 2538 4585 quidem
2590 4515 2722 4572 illud
2754 4531 2862 4573 non
2895 4517 3012 4576 sine
3053 4534 3216 4577 causa
3265 4537 3386 4581 esse
3443 4543 3542 4597 pa-

281 4616 365 4678 κδ,
397 4617 480 4678 δὲ,
517 4615 625 4667 καὶ
654 4615 782 4673 τοὺς
825 4609 1194 4681 μυροὸλύτυυς
1232 4612 1368 4679 πρὸς
1388 4609 1518 4662 Θεοῦ
1546 4608 1608 4662 τὸ
1641 4607 1874 4662 τοιοῦτον

1991 4615 2066 4661 tet
2088 4623 2104 4671 ;
2128 4604 2424 4659 verisimile
2462 4613 2642 4660 autem
2677 4615 2762 4662 est
2781 4617 3059 4676 unguento
3090 4611 3357 4670 stillantes
3384 4630 3412 4670 a
3431 4615 3544 4673 Deo

281 4708 589 4775 μεγαὶείον
648 4703 848 4764 αὐτοὺς
893 4701 1305 4771 ἐξαιτήσασθαι.
1361 4702 1470 4754 Καὶ
1517 4697 1586 4772 ἦν
1617 4701 1677 4753 τὸ
1718 4701 1874 4771 ἔργον

1981 4696 2280 4766 pretiosam
2304 4697 2560 4750 virtutem
2588 4698 2926 4766 poposcisse.
2959 4699 3317 4771 Magnanimaa
3344 4710 3543 4766 mentis

282 4795 831 4870 φιλοτίμου-ψυχῆς.
858 4792 980 4863 Χρῂ
1011 4795 1141 4861 γάρ,
1185 4792 1374 4863 ὥσπερ
1402 4792 1627 4860 βασιλέα
1651 4793 1743 4845 τὸν
1787 4809 1874 4862 με-

1985 4804 2124 4858 Opus
2155 4796 2276 4843 erat
2301 4786 2452 4841 illud.
2475 4787 2704 4856 Oportet
2725 4788 2895 4856 enim,
2930 4793 3076 4846 sicut
3107 4807 3287 4862 regem
3315 4813 3542 4868 magna-

281 4889 830 4960 γαλοπρεπέστατον
891 4883 1094 4937 ἐθέλειν
1148 4883 1362 4953 μεγάλα
1409 4883 1544 4953 πρὸς
1579 4883 1686 4936 τῶν
1715 4881 1881 4946 ἀξίων

279 4986 591 5046 αἰτεῖσθαι,
633 4981 733 5032 καὶ
763 4977 976 5046 χαίρειν
1015 4976 1442 5046 ἀπαιτούμενον,
1472 4975 1614 5028 οὕτω
1638 4975 1732 5026 καὶ
1759 4975 1882 5028 ὅσον

280 5077 336 5126 εν
361 5075 658 5144 ὑπηκόοις
714 5069 1018 5136 φιλότιμον,
1079 5067 1154 5137 μὴ
1200 5067 1638 5136 σμικρολογικῶς
1690 5064 1882 5132 ἐκείνῳ

283 5161 743 5237 προσφέρεσθαι,
774 5158 891 5212 ἀλλ’
927 5157 1068 5227 ὑπὲρ
1097 5158 1348 5227 μεγάλων
1378 5157 1752 5227 ἐντυγχάνειν,
1787 5157 1884 5209 καὶ

281 5257 427 5328 ἅπερ
463 5256 541 5310 ἂν
579 5253 678 5307 διὰ
706 5248 903 5305 πολλοῦ
933 5250 1208 5318 θαύματος
1229 5249 1435 5317 ἄγοιτο.
1461 5247 1670 5300 Οὐκοῦν
1708 5247 1883 5300 οἴδασι

285 5351 374 5402 καὶ
401 5351 453 5402 οἱ
492 5347 582 5418 τῷ
616 5344 780 5415 μύρῳ
814 5340 1171 5402 πλουτοῦντες
1217 5339 1363 5408 ἆγιοι
1393 5339 1769 5409 μεγαλόδωρον
1793 5339 1884 5392 τὸν

285 5437 672 5509 παμϐασιλέα
717 5435 873 5499 Θεὸν,
913 5434 1147 5495 καὶτοῖς
1175 5432 1429 5494 ὲπάθλοις
1467 5432 1885 5501 ὲμπλατυνόμε-

286 5551 394 5589 νον.
432 5533 622 5588 Ὅθεν
674 5527 810 5596 πρὸς
855 5528 975 5588 ταῖς
1027 5527 1234 5578 ἐκεῖθεν
1260 5524 1492 5592 δωρεαῖς
1525 5523 1619 5575 καὶ
1663 5523 1772 5575 τῶν
1803 5526 1889 5576 ὲν-

286 5628 467 5679 ταῦθά
510 5640 572 5676 τι
626 5615 1098 5686 προσεπιτεθῆναι
1137 5616 1341 5678 αὐτοῖς,
1368 5613 1666 5683 φιλοτίμως
1693 5615 1742 5665 οί
1787 5613 1886 5682 μὲν

287 5720 602 5790 ᾐτήσαντο,
641 5712 675 5763 ὁ
701 5711 757 5763 δὲ
797 5711 1096 5778 ὑπήκουσε.
1153 5708 1262 5759 Καὶ
1304 5705 1497 5774 φθόνος
1528 5709 1640 5767 τοῖς
1679 5707 1886 5776 ἑτέροις

288 5813 486 5872 οὐδεὶς,
529 5807 726 5865 ἄλλως
753 5801 1237 5870 ὲνευθηνουμένοις
1266 5801 1380 5861 τοῖς
1427 5797 1588 5859 θείοις
1626 5798 1887 5868 δωρήμα‹

294 5916 397 5956 σιν.
433 5899 584 5956 Οὐδὲ
608 5895 724 5966 γὰρ
749 5894 899 5948 ἐστιν
925 5892 1097 5945 εἰπεῖν
1124 5892 1312 5947 οὐδένα
1337 5889 1444 5946 τῶν
1473 5889 1724 5944 ἁπάντων
1748 5893 1888 5944 ἐκεί-

1982 4882 2186 4936 nimum
2217 4879 2398 4942 decet,
2439 4878 2577 4932 velle
2614 4886 2677 4934 ut
2701 4893 2899 4947 magna
2949 4895 3048 4951 pro
3109 4883 3286 4956 dignis
3333 4904 3542 4948 merces

1981 4983 2270 5042 poscatur,
2319 4981 2375 5027 et
2431 4971 2671 5041 gaudere
2729 4973 2854 5040 quia
2893 4976 3177 5045 poscitur,
3246 4979 3328 5035 sic
3371 4982 3536 5038 etiam

1982 5069 2040 5122 in
2092 5068 2324 5122 subditis
2377 5083 2574 5135 magno
2623 5069 2808 5124 animo
2865 5085 2975 5124 non
3038 5070 3106 5126 de
3156 5071 3540 5132 minutissimis

1985 5162 2127 5228 apud
2155 5176 2278 5213 eum
2313 5159 2478 5214 verba
2506 5159 2847 5224 submittere,
2899 5161 2994 5215 sed
3026 5159 3094 5214 de
3136 5165 3344 5231 magnis
3394 5165 3546 5220 adire

1983 5250 2129 5304 etde
2159 5249 2246 5305 his
2282 5263 2402 5319 qua:
2453 5263 2724 5305 summam
2778 5249 3192 5305 admirationem
3249 5253 3546 5310 concitant.

1984 5341 2716 5414 lgiturnoveruntunguento
2730 5341 3054 5398 ditescentes
3071 5343 3240 5397 sancti
3260 5343 3544 5399 liberalem

1986 5435 2040 5489 in
2067 5437 2222 5489 donis
2238 5434 2435 5502 Regem
2468 5448 2652 5501 regum
2674 5431 2866 5498 Deum,
2902 5441 2956 5488 et
2985 5434 3297 5489 braviorum
3319 5435 3549 5505 largito-

1987 5544 2117 5584 rem.
2146 5527 2295 5582 Uude
2313 5525 2473 5594 hujus
2488 5525 2670 5580 mundi
2696 5526 2851 5581 donis
2866 5526 3135 5595 etaliquid
3160 5542 3190 5580 e
3207 5529 3346 5583 coelo
3363 5530 3442 5583 eis
3459 5544 3555 5583 su-

1986 5615 2206 5686 peraddi
2240 5613 2334 5684 ipsi
2371 5614 2588 5682 quidem
2609 5615 2915 5682 petierunt;
2947 5615 3036 5669 ille
3054 5631 3181 5670 vero
3199 5617 3552 5684 adjudicavit.

1988 5707 2097 5761 Nec
2147 5707 2562 5764 invidi-.u'locus
2610 5708 2666 5760 in
2699 5708 3101 5762 abundantibus
3132 5708 3328 5764 divinis
3376 5710 3555 5764 donis.

1989 5797 2104 5852 Non
2133 5804 2216 5852 est
2263 5795 2406 5852 enim
2457 5795 2598 5864 quod
2645 5797 2710 5850 de
2740 5797 2981 5864 quolibet
3010 5808 3040 5848 e
3093 5795 3302 5848 cunctis
3351 5795 3554 5849 sanctis

1992 5891 2139 5948 dicas
2164 5904 2333 5959 quare
2359 5888 2645 5956 unguentis
2683 5889 2870 5955 stillat,
2913 5886 3007 5944 sed
3035 5887 3244 5956 absque
3282 5887 3381 5942 hoc
3413 5884 3559 5956 quod
