4048 6414
466 429 572 499 179
1178 431 1596 491 EUSTATHII
1637 423 2399 490 THESSALONICENSIS
2441 421 3009 483 METROPOLITJE
3601 425 3719 489 .181

463 538 829 603 celebramus,
853 534 1061 606 absque
1083 536 1205 590 aliis
1228 536 1281 590 in
1309 536 1511 590 mundo
1541 534 1827 590 celebratis
1854 546 2045 602 magna

2154 547 2261 583 νων
2294 529 2490 597 ἁγίων,
2514 528 2595 591 ὃς.
2624 531 2673 585 εί
2705 527 2800 581 καὶ
2830 528 2905 598 μὴ
2936 531 3047 591 τοῖς
3079 526 3276 599 μύροις
3305 527 3580 599 ὶιμνπὶζει,
3605 532 3723 584 ἀλλ’

464 631 698 687 sortitus
751 636 836 684 est
866 628 1032 691 bona,
1085 628 1503 697 thaumaturgns
1542 626 1653 692 ille,
1710 626 1806 680 hic
1857 624 2037 684 aliter,

468 722 654 778 multis
686 719 861 776 modis
891 719 1070 774 cuncti
1098 735 1111 748 -
1139 726 1396 787 tanquam
1456 718 1500 772 si
1537 732 1631 771 rex
1664 718 1857 784 opibus
1907 732 2041 786 pra:-

466 813 675 886 pollens
710 812 833 868 aliis
888 811 1096 883 lapillos
1142 812 1373 876 electos,
1427 811 1549 865 aliis
1599 811 1923 879 margaritas
1986 818 2041 862 ct

466 919 683 970 aurum,
707 903 827 960 aliis
847 904 1083 973 denique
1116 904 1243 968 alia,
1274 903 1529 958 omnibus
1563 900 1883 957 multimoda
1932 899 2040 952 lar-

467 997 651 1067 giatur
673 995 838 1052 dona.
867 993 958 1050 Sic
983 995 1208 1065 quidam
1239 994 1385 1050 inter
1426 994 1536 1049 Deo
1579 993 1879 1048 servientes
1925 992 2042 1045 ani-

467 1087 1183 1144 maliumirratlonabilium
1240 1086 1509 1141 sacrilicia
1573 1085 1891 1139 institerunt
1950 1091 2042 1136 aut

468 1187 686 1251 sponte,
739 1187 839 1235 aut
881 1178 950 1233 ah
982 1178 1302 1234 heminibns
1351 1177 1418 1232 ad
1458 1179 1561 1233 hoc
1616 1177 1874 1241 invocati,
1934 1192 2038 1245 qua

466 1272 627 1327 nobis
648 1271 906 1342 unguenti
950 1270 1289 1340 splendorem
1322 1269 1595 1323 illustrare
1623 1267 1896 1325 videntur.
1935 1269 2039 1322 Alii

467 1366 522 1419 lu
560 1373 712 1435 peste
743 1372 1121 1418 contartorum
1147 1363 1375 1432 gratiam
1406 1361 1575 1416 simili
1634 1361 1895 1430 petitione
1929 1359 2043 1413 col-

466 1456 683 1512 lineant
713 1454 991 1525 sagittam,
1030 1454 1120 1508 alii
1152 1454 1295 1515 aliis,
1331 1453 1382 1506 lii
1420 1451 1737 1519 majoribus,
1766 1451 1841 1505 illi
1870 1452 2042 1504 mino-

467 1546 622 1602 ribus
679 1544 884 1600 mederi
930 1541 1188 1598 affectant
1231 1541 1467 1608 morbis;
1540 1536 1736 1595 nauta's
1790 1540 2041 1596 ﬂuctibus

470 1639 734 1709 eripiunt,
770 1638 965 1707 quibus
998 1634 1302 1705 periculosa
1332 1635 1647 1703 navigatio;
1669 1634 1915 1688 dentium
1943 1634 2042 1689 do-

467 1726 617 1784 lorea
649 1725 867 1788 tollunt,
897 1724 1182 1779 oculorum
1211 1723 1543 1792 asperrhnos
1579 1722 1777 1777 sedant
1802 1722 2039 1789 dolores,

467 1828 526 1875 et
552 1819 695 1888 quod
720 1818 966 1872 omnium
1006 1813 1464 1884 iucundissimum
1494 1822 1600 1879 est,
1621 1812 1820 1868 cedunt
1844 1821 1899 1866 et
1922 1828 2043 1882 par-

2143 622 2293 691 ὅμως
2322 621 2446 690 δίχα
2469 637 2534 689 γε
2565 620 2676 674 τῶν
2705 621 2823 673 ἐκεῖ
2851 620 2927 688 μὴ
2952 621 3046 672 καὶ
3086 619 3224 673 κατᾶ
3257 621 3466 690 κόσμον
3509 624 3723 693 μεγάλα

2145 715 2359 784 εἴληχεν
2407 712 2613 779 ἀγαθὰ,
2662 713 2691 765 ὀ
2739 713 2838 783 μὲν
2872 712 3015 766 οὕτω
3066 712 3527 790 θαυματουρῦγῶν,
3583 717 3612 769 ό
3663 717 3726 770 δὲ

2145 807 2368 875 ἑτέρως,
2415 809 2513 862 καὶ
2561 807 2762 868 πάντες
2820 807 3210 875 πολυτρόπως·
3249 809 3503 880 καθάπερ
3543 812 3594 863 εί
3625 817 3726 864 καὶ

2144 899 2399 968 βασιλεὺς
2477 899 2774 963 πολύολϐος
2844 902 2956 963 τοῖς
3026 901 3127 968 μὲν
3192 899 3379 964 λίθους
3434 901 3671 971 λογάδας
3702 943 3717 964 ,

2144 994 2257 1054 τοῖς
2286 990 2341 1042 δὲ
2396 991 2719 1063 μαργάρους
2747 993 2841 1045 καὶ
2896 992 3134 1061 χρυσὸν,
3168 993 3375 1061 ἑτέροις
3410 996 3506 1048 καὶ
3538 992 3719 1057 ἄλλοις

2146 1082 2303 1142 ἄλλα,
2329 1083 2425 1135 καὶ
2459 1084 2627 1135 πᾶσιν
2653 1082 2789 1149 ὀμοῦ
2817 1082 3133 1152 πολύτροπα
3167 1082 3421 1154 διανείμῃ
3444 1082 3727 1152 χαρίσμαο

2147 1191 2234 1226 τα.
2291 1172 2481 1236 Οὕτως
2518 1176 2567 1226 oi
2626 1173 2725 1243 μὲν
2755 1174 2863 1226 τῶν
2893 1174 3351 1245 θεραπευσάντων
3381 1174 3515 1229 Θεὸν
3565 1174 3723 1238 ζώων

2146 1269 2359 1337 ἀλόγων
2396 1268 2716 1337 ἐφίστανται
2750 1269 3094 1339 θεραπείαις,
3130 1270 3284 1323 αὐτοὶ
3316 1269 3662 1340 αἰτήσαντες,
3689 1268 3723 1336 ἢ

2149 1361 2242 1414 καὶ
2277 1360 2378 1412 ὑπὸ
2406 1362 2709 1430 ἀνθρώπιον
2733 1364 2812 1423 είς
2835 1361 2995 1415 τοῦτο
3030 1362 3452 1431 πριικῖιηθέντες,
3475 1362 3511 1416 ἂ
3544 1362 3606 1429 δὴ
3630 1363 3731 1415 καὶ

2146 1458 2206 1507 τὸ
2234 1455 2328 1508 τοῦ
2363 1452 2535 1524 μύρου
2573 1453 2736 1506 καλὸν
2763 1453 2895 1521 ήμῖν
2936 1454 3174 1520 ἐκφῆναι
3222 1452 3529 1521 φαίνονται.
3566 1451 3731 1504 "Ets-

2149 1565 2233 1618 ροι
2261 1547 2545 1615 λοιμωδῶν
2601 1546 2659 1611 ἐξ
2713 1545 2909 1612 ὁμοίας
2941 1546 3213 1613 αἰτήσεως
3252 1544 3596 1613 παθημάτων
3627 1560 3732 1595 κα-

2145 1638 2554 1707 τατοξάζονται,
2590 1637 2741 1690 ἄλλοι
2769 1635 2965 1703 ἄλλων,
2983 1637 3032 1689 oi
3058 1636 3157 1705 μὲν
3181 1634 3456 1705 μεγάλων,
3481 1636 3528 1688 οἱ
3557 1635 3614 1688 δὲ
3632 1636 3732 1687 καὶ

2149 1733 2228 1801 μὴ
2263 1729 2520 1784 τοιούτων
2577 1727 3049 1796 κατευμεγεθοῦσι
3098 1726 3290 1780 παθῶν
3316 1745 3331 1759 ο
3364 1724 3727 1789 διασώζονται

2146 1822 2464 1893 πλωτῆρας,
2500 1816 2580 1885 οἷς
2632 1822 2707 1892 μὴ
2752 1819 3073 1873 εύθυπλοείν
3101 1818 3542 1874 κεκινδύνευται·
3576 1819 3729 1875 ὁδόν-

466 1911 723 1967 vniorutn
755 1906 1132 1978 petitionibus,
1168 1913 1227 1959 ut
1253 1903 1665 1959 rationabilium
1713 1903 1844 1957 nihil
1871 1905 1947 1957 sit
1984 1904 2040 1959 in

2150 1933 2255 1969 των
2283 1891 2581 1985 ἀλγηδόνας
2610 1912 2924 1984 ἐκριξοῦσιν
2945 1929 2959 1944 ·
2992 1912 3290 1982 ὀφθαλμῶν
3319 1912 3502 1976 ὀξείας
3530 1912 3729 1976 ὀδύνας

471 2003 691 2060 fortuna
723 2014 867 2056 caeca
894 2000 1153 2067 positum,
1187 1996 1282 2052 sed
1309 1994 1625 2051 Graecorum
1675 2006 2042 2050 commentum

473 2102 760 2165 arguatur,
794 2090 1046 2146 relerens
1073 2101 1270 2156 nempe
1304 2084 1668 2142 Providentiae
1717 2085 1785 2140 ad
1834 2087 2041 2157 majora

473 2185 873 2254 impotentiam.
904 2181 962 2237 Si
999 2179 1218 2235 tandem
1255 2176 1608 2249 fugitivorum
1643 2191 1926 2231 servorum
1963 2193 2045 2231 re-

2142 2006 2485 2075 ἀμϐλύνουσι
2508 2021 2524 2035 ·
2554 2005 2615 2058 τὺ
2659 2003 2725 2075 δὴ
2754 2005 3125 2068 ἀστειὸτατον,
3165 2005 3375 2058 εἴκουσι
3402 2008 3496 2058 καὶ
3529 2003 3733 2057 παιδα-

2144 2101 2280 2169 ρίων
2308 2098 2627 2168 αἰτήμασιν,
2667 2097 2755 2149 ἵνα
2791 2096 2960 2165 μηδὲν
2987 2114 3040 2148 τι
3067 2097 3176 2148 τῶν
3221 2096 3457 2165 ὲλλόγως
3490 2097 3733 2166 ἐχόντων

2144 2190 2484 2259 ἀπρονόητον
2503 2185 2559 2262 ᾖ,
2584 2188 2699 2241 ἀλλ’
2726 2190 2755 2240 ὁ
2775 2186 2898 2241 καθ’
2925 2187 3199 2259 Ἕλληνας
3231 2188 3399 2259 λῆρος
3425 2191 3733 2259 ἐλέγχοιτο,

471 2277 648 2333 ditum
678 2275 1025 2347 permittunt,
1082 2286 1189 2327 non
1238 2281 1323 2326 est
1373 2270 1548 2325 servis
1604 2268 1896 2340 gaudium,
1947 2271 2044 2326 sed

2150 2282 2204 2334 τὸ
2226 2282 2321 2351 τῆς
2347 2282 2604 2350 προνοίας
2640 2281 2775 2349 πρὸς
2792 2280 2906 2343 τοῖς
2936 2277 3148 2350 μείζοσι
3181 2281 3541 2352 περιγράφων
3563 2284 3735 2338 ἀπει-

474 2371 680 2441 gratias
713 2377 769 2424 et
795 2382 1021 2423 munera
1054 2363 1258 2419 domini
1283 2364 1500 2419 debent.

2149 2372 2470 2444 ροδύναμον.
2506 2371 2569 2424 El
2602 2370 2658 2424 δὲ
2695 2372 2789 2424 καὶ
2822 2371 3095 2440 φυγαδίας
3126 2371 3351 2438 δούλους
3385 2375 3731 2445 ἐπαναστρὲ-

473 2479 655 2533 φουσι,
684 2461 747 2514 τὸ
771 2460 868 2532 μὲν
882 2457 1125 2513 δουλικὸν
1150 2459 1249 2511 οὐκ
1281 2459 1347 2512 ἀν
1384 2456 1627 2528 χαίροιεν
1649 2472 1663 2489 ·
1693 2456 1745 2510 οί
1769 2456 1826 2510 δὲ
1846 2457 2103 2517 δεσπόται
2130 2463 2351 2533 σῶστρα
2388 2463 2690 2533 ὀφείλουσι.

546 2557 639 2613 15.
669 2553 761 2608 Sic
789 2555 905 2608 sive
936 2552 1011 2607 illi
1035 2553 1100 2607 ad
1133 2567 1267 2620 quos
1287 2549 1684 2621 postulationes
1714 2550 2043 2623 diriguntur,

473 2645 590 2701 sive
614 2644 772 2698 aliter
796 2643 888 2711 qui
922 2641 1021 2710 ipsi
1043 2655 1072 2695 a
1112 2640 1221 2695 Deo
1243 2640 1643 2711 appetiverunt,
1693 2642 1892 2698 talibus
1924 2658 2045 2713 pro-

473 2736 638 2806 dlgiis
683 2736 772 2804 qui
804 2747 863 2789 se
916 2732 1026 2789 Deo
1069 2739 1529 2788 consecraverunt.
1580 2731 1806 2800 gloriam
1864 2736 2045 2806 adepti

473 2837 622 2892 sunt,
656 2824 871 2881 timoris
908 2838 1066 2894 quem
1096 2839 1223 2895 erga
1257 2820 1426 2879 Deum
1447 2823 1500 2879 in
1523 2824 1824 2881 visceribus
1852 2841 2047 2883 conce-

475 2928 696 2990 perunt,
725 2916 1213 2973 remunerationem
1253 2923 1590 2986 reportantes
1648 2916 1841 2973 salutis
1886 2919 2048 2988 spigi-

474 3021 587 3067 tum
648 3015 970 3080 conceptum
1031 3018 1085 3063 et
1170 3014 1591 3078 consequentcm
1662 3006 2046 3065 miraculorum

472 3101 864 3172 operationem.
894 3097 1139 3169 Namque
1172 3098 1478 3153 timentium
1544 3114 1667 3154 eum
1713 3100 2045 3158 voluntatem

473 3194 628 3257 facit,
662 3203 719 3247 et
737 3190 960 3247 exaudit
985 3203 1175 3245 eorum
1201 3204 1391 3261 preces
1415 3190 1662 3261 nihilque
1714 3193 2043 3263 postulanti-

473 3283 578 3338 bus
605 3298 711 3335 non
747 3280 860 3335 dat.
883 3278 1136 3351 Prodigia
1159 3258 1471 3351 pensandus
1495 3258 1657 3336 timor
1681 3258 1874 3352 {quod
1900 3298 2048 3339 tncn-
2072 3258 2118 3323 (ἶ

475 3386 618 3426 surae
642 3373 949 3441 ponendum
987 3369 1200 3425 timoris
1227 3384 1387 3438 quem
1411 3368 1465 3425 in
1492 3369 1675 3449 .Deum
1712 3372 1926 3438 habuit,
1953 3381 2048 3425 aut

474 3462 635 3517 aliter
683 3462 948 3526 dicamus,
975 3459 1042 3513 ad
1097 3460 1339 3514 divinum
1409 3461 1658 3518 timorem
1707 3462 2048 3533 pensandum

476 3552 806 3623 prodigium,
831 3552 897 3604 ad
929 3562 1088 3619 quem
1128 3550 1510 3619 aequiparanda
1533 3561 1585 3605 et
1617 3552 1887 3607 noscenda
1919 3567 2049 3623 pro-

481 3644 754 3714 digiornm
816 3638 1134 3701 ellicacitas,
1173 3641 1248 3693 ita
1302 3649 1423 3693 uta
1465 3642 1657 3695 timore
1702 3640 1795 3696 Dei
1849 3658 2050 3714 cogno-

479 3742 687 3796 scatur,
714 3738 773 3783 ut
793 3730 872 3783 ait
905 3730 1162 3797 psalmus,
1189 3729 1348 3798 hujus
1372 3729 1540 3783 zelus.
1570 3731 1626 3783 in
1661 3739 1867 3785 tantmn
1903 3736 2047 3788 enim

480 3825 652 3878 Deum
687 3822 945 3876 timemus
967 3837 1018 3873 In
1054 3831 1316 3887 quantum
1346 3829 1558 3889 teqnato
1581 3822 1829 3878 examine
1880 3824 2052 3894 ipsius

479 3916 655 3972 zelum
691 3913 951 3967 habemus
979 3919 1035 3966 et
1066 3910 1381 3965 delictorum
1432 3921 1739 3967 nostrorum
1769 3930 1888 3983 quae
1961 3934 2053 3971 eo.

481 4022 598 4063 ram
630 4006 743 4061 Deo
767 4021 873 4059 non
921 4004 1335 4059 abscondnntnr
1389 4003 1684 4060 vindictam
1753 4007 2047 4063 noscimus.

480 4100 619 4153 Nam
651 4098 969 4152 delictorum
1004 4108 1191 4166 poenas
1234 4105 1555 4159 metuentes,
1606 4098 1828 4152 omnino
1880 4100 2048 4154 Deum

483 4188 864 4246 retributorem
886 4188 1193 4253 noscimus;
1226 4174 1412 4255 parum
1456 4202 1581 4243 vero
1605 4198 1923 4255 metuentes,
1961 4192 2051 4246 de.

483 4281 657 4335 sidem
687 4294 810 4334 eum
846 4289 1099 4348 putamus
1152 4287 1204 4332 et
1237 4279 1594 4334 dormientem
1626 4296 1723 4335 nec
1763 4297 2053 4351 exsurgere

481 4373 776 4428 volentem.
818 4371 1000 4438 Itaque
1035 4371 1111 4424 sic
1138 4370 1190 4424 in
1227 4373 1432 4427 sanctis
1468 4372 1518 4425 in
1547 4382 1685 4425 terra
1719 4374 1785 4427 de
1810 4373 1920 4427 Deo
1984 4390 2049 4427 ex

481 4462 742 4532 prodigiis
772 4463 1121 4523 trutinmnus,
1176 4462 1374 4530 quibus
1424 4465 1695 4530 quomodo
1762 4478 1884 4517 cum
1947 4466 2053 4517 Deo

2229 2558 2312 2614 ts'.
2355 2560 2468 2614 Kal.
2491 2558 2663 2622 οὕτως
2684 2558 2718 2627 ἢ
2752 2556 3092 2628 αἰτηθέντες,
3128 2559 3163 2630 ἢ
3188 2559 3367 2623 άλλως
3394 2558 3548 2614 αὐτοὶ
3574 2560 3739 2633 θελή-

2158 2669 2351 2715 σαντες
2401 2652 2468 2704 ἐκ
2499 2649 2658 2715 Θεοῦ,
2697 2649 2943 2720 θαύμασι
2997 2652 3265 2716 τοιούτοις
3312 2653 3361 2705 οί
3405 2652 3737 2714 ὁσιωθέντες

2154 2744 2305 2814 αύτῷ
2358 2743 2767 2815 ὲναϐρύνονται,
2818 2744 2989 2813 φόϐου
3027 2743 3125 2798 τοῦ
3174 2744 3312 2816 πρὸς
3357 2744 3546 2811 αὐτὸν,
3576 2745 3638 2798 δν
3671 2748 3735 2799 ἐν

2149 2837 2351 2904 γαστρὶ
2380 2833 2598 2898 ἔλαϐον,
2636 2834 2998 2903 ἀντάλλαγμα
3024 2833 3247 2904 σχόντες
3281 2835 3346 2887 τὸ
3367 2835 3579 2888 ἐκεῖθεν
3604 2840 3733 2888 κυῖ-

2150 2924 2418 2993 σκόμενον
2449 2926 2718 2996 σωτήριον
2748 2923 2988 2994 πνεῦμα,
3025 2925 3124 2979 καὶ
3148 2925 3211 2977 τὸ
3237 2926 3576 2995 ὲφεπόμενον
3597 2926 3737 2979 Batu-

2150 3016 2540 3088 ματούργημα..
2595 3017 2823 3087 Θέλημα
2872 3018 2981 3088 γὰρ
3026 3018 3137 3070 τῶν
3186 3017 3537 3089 φοϐουμένων
3563 3018 3735 3073 αὐτὸν

2149 3116 2329 3164 ποιεῖ’
2385 3112 2478 3165 καὶ
2514 3110 2777 3165 ἐπακούει
2806 3112 2904 3180 τῆς
2959 3109 3140 3162 αὐτῶν
3193 3111 3455 3178 δεήσεως,
3490 3113 3583 3164 καὶ
3624 3112 3737 3181 οὖας

2149 3205 2264 3257 ἐσθ’
2307 3204 2458 3265 ὅπως
2519 3190 2877 3271 αἰτουμένοις
2933 3203 2995 3255 οὗ
3053 3203 3261 3257 δίδωσι.
3314 3204 3421 3257 Τὸν
3468 3203 3527 3257 δὲ
3563 3204 3735 3272 φόϐον

2155 3295 2498 3365 σταθμητέον
2535 3293 2614 3362 τῷ
2657 3292 2919 3361 θαύματι,
2980 3294 3073 3347 καὶ
3130 3295 3335 3364 μέτρον
3375 3295 3508 3349 αὐτὸ
3542 3296 3730 3351 θετέον

2155 3384 2323 3454 φόϐου
2358 3383 2453 3437 τοῦ
2474 3383 2553 3448 εἰς
2589 3383 2744 3446 Θεὸν,
2781 3382 2814 3452 ἦ
2853 3383 2945 3436 καὶ
2991 3382 3171 3447 ἄλλως
3202 3385 3398 3448 εἰπεῖν,
3452 3385 3590 3454 πρὸς
3635 3385 3731 3440 τὸν

2155 3476 2299 3529 θεῖον
2331 3475 2497 3544 φόϐον
2532 3474 2877 3543 σταθμητέον
2905 3475 2965 3527 τὸ
2994 3473 3201 3542 θαῦμα,
3241 3477 3336 3528 καὶ
3364 3475 3504 3547 πρὸς
3521 3477 3732 3531 ἐκεῖνον

2156 3564 2613 3635 παραμετρητέον
2653 3565 2748 3617 καὶ
2780 3565 3052 3627 γνωστέον
3085 3566 3147 3617 τὺ
3175 3567 3624 3637 τερατούργημα,
3653 3566 3731 3630 ὣς

2153 3673 2255 3709 που
2285 3658 2383 3710 καὶ
2412 3661 2476 3710 ὲκ
2497 3656 2590 3709 τοῦ
2612 3656 2753 3710 κατά
2779 3655 2914 3709 Θεὸν
2948 3657 3115 3725 φόϐου
3139 3658 3489 3727 γινώσκεται,
3520 3660 3731 3731 ψαλμι-

2154 3747 2264 3809 κῶς
2290 3749 2488 3813 εἰπεῖν,
2512 3751 2539 3800 ό
2562 3747 2775 3800 ἐκείνου
2807 3746 3000 3815 θυμός.
3036 3749 3125 3810 Εἰς
3157 3749 3285 3804 ὅσον
3317 3748 3426 3819 γὰρ
3457 3751 3593 3806 Θεὸν
3625 3772 3730 3822 φο-

2154 3838 2420 3907 ϐούμεθα,
2448 3840 2525 3900 εἰς
2557 3840 2714 3892 τόσον
2745 3839 2865 3904 καὶ,
2891 3840 2982 3893 τὸν
3005 3840 3217 3894 ἐκείνου
3266 3839 3729 3912 ζυγοστατοῦντες

2155 3929 2361 3998 θυμὸν,
2420 3928 2763 3997 γινώσκομεν
2814 3929 2913 3999 τὴν
2971 3930 3084 3983 τῶν
3134 3932 3257 3984 καθ’
3316 3935 3466 4002 ἡμᾶς
3522 3937 3727 4006 δηλαδὴ

2155 4020 2545 4090 πλημμελειῶν
2591 4018 2979 4084 ἐπεξελευσιν,
3016 4021 3071 4074 αἳ
3128 4022 3230 4075 οὐκ
3280 4024 3728 4095 ἀποκρύπτονται

2154 4115 2262 4167 ἀπὸ
2283 4113 2443 4167 Θεοῦ.
2476 4112 2622 4166 Πάνυ
2658 4112 2762 4179 μὲν
2779 4113 2891 4182 γὰρ
2921 4113 3249 4181 φοϐούμενοι
3271 4116 3368 4178 τὰς
3403 4118 3513 4169 τῶν
3542 4118 3727 4190 ἁμαρ-

2153 4222 2220 4273 τη
2231 4206 2416 4274 μάτων
2435 4205 2648 4267 ποινὰς,
2678 4204 2821 4256 πάνυ
2851 4205 2943 4256 τὸν
2972 4204 3105 4256 Θεὸν
3133 4206 3586 4272 ὲπεξελευττικὺν
3635 4226 3727 4278 τι-

2156 4302 2479 4366 νώσκομεν“·
2547 4296 2704 4364 ὀλίγα
2737 4296 2798 4350 δὲ
2851 4296 3211 4361 ύποδεδιότες,
3276 4301 3728 4372 καταρῥᾳθυμεῖν

2155 4392 2361 4442 ἐκεῖνον
2384 4389 2612 4458 οἰόμεθα
2643 4391 2738 4441 καὶ
2770 4388 2991 4453 ύπνοῦν,
3033 4390 3131 4441 καὶ
3185 4392 3261 4459 μὴ
3310 4390 3488 4446 θέλειν
3515 4392 3728 4462 ἐξεγεί-

2158 4482 2368 4551 ρεσθαι.
2405 4480 2562 4535 Οὕτω
2588 4482 2649 4551 δὴ
2698 4485 2793 4535 καὶ
2837 4485 2897 4535 ἐν
2932 4486 3043 4547 τοῖς
3073 4485 3254 4553 ἁγίοις
3285 4489 3396 4551 τοῖς
3453 4489 3514 4540 ἰν
3557 4490 3624 4558 τῇ
3652 4492 3725 4558 γῇ

480 4561 621 4608 erat.
660 4552 717 4607 Si
746 4554 909 4622 igitur
945 4553 1017 4606 ita
1052 4561 1156 4615 est,
1221 4551 1525 4607 librandum
1562 4569 1682 4606 cum
1732 4555 1916 4609 divino
1977 4555 2046 4608 ti-

2154 4574 2246 4625 τοῦ
2269 4573 2405 4626 Θεοῦ
2435 4575 2499 4625 ὲκ
2547 4573 2654 4625 τῶν
2686 4573 2982 4641 θαυμάτων
3029 4575 3425 4646 σταθμώμεθα,
3455 4578 3604 4641 ὅπως
3630 4580 3727 4633 τοῦ

478 4660 629 4702 more
659 4644 859 4701 donum
894 4643 1153 4713 unguenti
1180 4645 1399 4715 martyri
1426 4645 1704 4707 traditum,
1765 4656 1923 4715 atque
1951 4664 2049 4716 pn-

478 4754 536 4793 ra
567 4747 744 4791 mente
775 4735 1228 4790 considerandum
1270 4736 1785 4804 exprimenlutnque
1842 4738 2048 4805 aequili-

476 4830 677 4892 brium,
721 4827 862 4882 unde
880 4827 925 4882 si
958 4826 1084 4879 illud
1116 4828 1314 4881 donum
1343 4841 1593 4894 magnum
1608 4834 1689 4877 cst
1710 4822 1873 4894 (quod
1902 4841 2049 4878 reve-

478 4934 535 4975 ru
557 4920 681 4989 est),
709 4935 836 4988 ergo
864 4929 917 4972 et
944 4917 1031 4971 ille
1057 4919 1233 4971 timor.

548 5109 638 5165 16.
683 5107 806 5165 ιιωο
836 5114 1119 5178 hactenus,
1152 5121 1205 5165 et
1235 5113 1511 5180 hucusque
1537 5128 1623 5167 res
1673 5113 2047 5167 consideretur

475 5219 574 5274 per
607 5216 687 5258 se.
729 5201 845 5256 Non
894 5204 1037 5257 enim
1079 5214 1163 5258 est
1193 5218 1295 5271 qua
1333 5204 1474 5257 ultra
1505 5207 1937 5274 prOgretliamur,
1965 5206 2048 5260 ni.

474 5295 742 5366 siquibus
777 5297 961 5351 datum
995 5308 1101 5350 εει.
1152 5295 1359 5349 Exinde
1415 5311 1542 5351 vero
1591 5298 2047 5353 considerandum

473 5388 778 5459 prodigium
800 5404 893 5454 per
919 5389 1079 5441 aliam
1106 5388 1244 5440 viam
1275 5402 1382 5456 qua
1411 5386 1564 5442 valde
1583 5391 1886 5445 venerabile
1910 5407 2048 5461 prte-

475 5480 664 5534 sertim
700 5495 796 5547 per
813 5478 1250 5534 convenientiam
1281 5477 1539 5549 martyris
1571 5479 1904 5534 crueiatutun
1924 5497 2044 5537 cum

475 5568 753 5627 Dnminica
786 5571 1057 5640 passione.
1093 5569 1192 5624 llic
1219 5572 1363 5623 enim
1395 5572 1578 5625 lateris
1612 5575 1805 5628 scissio
1843 5584 1891 5629 et
1925 5576 2045 5629 rul—

474 5676 577 5715 nus
606 5675 725 5730 pom
762 5662 1033 5714 viviticam
1066 5672 1301 5714 mortem
1330 5662 1598 5729 sanguine
1658 5664 2042 5723 manavitJllie

473 5753 629 5805 sinon
651 5754 789 5803 idem
829 5752 879 5804 in
899 5750 1153 5803 omnibus
1170 5752 1465 5821 superioris
1490 5756 1753 5825 protutypi
1783 5758 1848 5809 ad
1874 5757 2045 5812 instar

474 5851 748 5906 servntur,
785 5843 878 5896 sed
912 5844 962 5895 in
996 5842 1311 5898 vulneribus
1363 5846 1589 5901 omnino
1617 5846 2038 5916 quolibetmodo

2154 4664 2289 4716 Θεοῦ
2325 4663 2744 4731 ἐπεστρέφοντο.
2782 4662 2845 4715 Εἰ
2893 4664 3073 4718 τοίνυν
3119 4664 3302 4729 τοῦτο,
3331 4666 3727 4721 ταλαντευτέον

2153 4754 2432 4809 κάνταῦὲ;α
2458 4755 2591 4824 πρὸς
2622 4756 2715 4805 τὸν
2738 4755 2903 4821 φόϐον
2927 4754 3020 4809 τὸν
3046 4755 3188 4808 θεῖον
3215 4756 3276 4810 τὸ
3307 4756 3529 4827 θελητὸν
3553 4759 3729 4829 μύρον

2150 4844 2226 4914 τῷ
2268 4845 2533 4915 μάρτυρι,
2582 4847 2677 4899 καὶ
2712 4846 3017 4915 θεωρητέον
3063 4847 3444 4916 εύλογοφανῶς
3472 4850 3573 4919 τὴν
3617 4850 3730 4904 ἰσό-

2149 4953 2309 5005 τητα,
2330 4937 2428 4989 καὶ
2461 4936 2676 5005 ῥητέον,
2695 4935 2792 5001 ὡς,
2827 4936 2879 4988 εί
2902 4936 3058 4989 τοῦτο
3082 4936 3222 4992 πολὺ
3250 4938 3408 5008 (πολὺ
3431 4940 3489 4993 δὲ
3508 4940 3726 5012 ὅντως),

2151 5030 2243 5080 καὶ
2281 5030 2487 5090 ἐκεῖνος
2521 5029 2648 5099 ἄρα.

2224 5124 2320 5183 ις’.
2352 5119 2464 5172 Καὶ
2491 5119 2665 5173 ταῦτα
2700 5120 2798 5188 μὲν
2843 5122 2900 5173 ἐν
2944 5118 3174 5183 τούτοις·
3207 5122 3304 5174 καὶ
3333 5122 3497 5192 μέχρι
3531 5124 3726 5176 τοσού-

2150 5229 2244 5265 του
2281 5210 2603 5279 ὲπεσκέφθω
2636 5211 2698 5264 τὸ
2727 5213 2953 5281 ἄπορον,
2978 5212 3074 5264 καὶ
3097 5214 3164 5265 τὰ
3195 5213 3277 5275 είς
3304 5213 3460 5266 αὐτό.
3509 5213 3588 5266 Οὐ
3616 5215 3731 5285 γάρ

2151 5302 2300 5354 ἔστιν
2341 5301 2473 5370 ἡμῖν
2521 5302 2602 5363 είς
2650 5299 2815 5354 πλέον
2862 5303 3085 5371 χωρεῖν,
3133 5300 3254 5355 ἀλλ’
3280 5296 3362 5364 οἷς
3389 5301 3618 5358 δέδοται.
3653 5284 3731 5357 Τδ

2150 5392 2207 5445 δὲ
2239 5392 2486 5445 ἐντεῦθεν
2510 5391 2817 5461 θεωρητέον
2838 5391 2900 5444 τὸ
2921 5390 3108 5459 θαῦμα
3136 5392 3255 5444 καθ’
3287 5392 3484 5460 ἑτέραν
3512 5391 3729 5459 ἔφοδον,

2149 5477 2212 5537 οῦ
2236 5482 2372 5536 πολὺ
2405 5483 2466 5535 τὸ
2498 5481 2814 5553 πρεσϐεῖον,
2846 5483 2940 5534 καὶ
2972 5482 3206 5551 μάλιστα
3238 5482 3325 5537 διὰ
3354 5485 3415 5535 τὸ
3444 5481 3541 5535 τοῦ
3575 5499 3730 5551 μαρ-

2151 5574 2379 5645 τυρικοῦ
2427 5573 2635 5637 πάθους
2685 5573 2944 5640 συγγενὲς
2992 5573 3128 5643 πρός
3161 5590 3224 5641 γε
3270 5575 3334 5627 τὸ
3380 5574 3729 5630 δεσποτικόν.

2164 5668 2313 5720 Ἐκεῖ
2364 5683 2424 5719 τε
2476 5667 2586 5736 γὰρ
2636 5667 2876 5736 πλευρᾶς
2912 5664 3060 5729 νύξις
3107 5667 3202 5718 καὶ
3239 5666 3472 5736 ὠτειλῆς
3522 5666 3733 5732 ἄνοιξις

2153 5761 2289 5824 μετά
2319 5759 2409 5811 τὸν
2441 5757 2704 5824 ζωογόνον
2734 5757 2964 5810 θάνατον
2997 5752 3137 5826 αἷμα
3166 5757 3382 5811 Emesa.
3428 5756 3729 5810 Κάνταῦθα

2151 5852 2230 5912 δὲ,
2262 5852 2305 5902 εί
2340 5850 2432 5903 καὶ
2466 5850 2540 5920 μὴ
2569 5850 2765 5903 ταυτὸν
2813 5850 2897 5917 ἐφ’
2940 5850 3112 5904 ἅπασι
3161 5851 3297 5919 πρὸς
3341 5849 3437 5920 τὴν
3467 5848 3729 5921 ὑπερφυῆ
