4048 6404
310 440 397 510 181

1444 436 1830 499 LAUDATIO
1868 439 1928 501 S.
1956 437 2354 504 DEMETRII.

3450 444 3554 512 182

306 556 684 632 πρωτοτυ-ιίαν
750 555 1010 621 σώζεται,
1055 554 1170 609 ἀλλ’
1219 556 1252 629 ή
1310 556 1371 611 ὲν
1429 555 1680 615 ὠτειλαῖς
1733 553 1870 615 ὅλως

1994 558 2280 625 ιγπηιιιιιῖο
2301 574 2404 629 qua
2440 561 2639 629 gaudet
2672 561 2815 619 Deus
2846 561 3064 622 zelosus
3116 563 3374 620 mirandi
3393 566 3552 619 simi-

306 649 543 708 ὁπωσοῦν
585 647 924 719 συμπάθεια,
1015 646 1196 717 χαίρει
1228 645 1446 708 πάντως
1469 644 1602 707 Θεὸς
1627 646 1654 697 ὁ
1680 642 1874 715 ζηλού-

1980 648 2265 706 litudinem
2332 654 2635 719 revelavit;
2709 658 2855 728 quod
2924 658 3157 726 proinde
3188 672 3300 730 prae
3343 658 3549 711 .mnnio

311 760 489 815 μενος,
517 741 817 812 ὁμοιότητα
845 739 1133 810 τεραστίου
1159 738 1438 809 ἐξέφηνεν
1470 738 1497 791 ὂ
1514 736 1578 810 δὴ
1612 737 1716 807 πρὸ
1744 739 1877 791 πάν-

1994 755 2082 794 )ιιε
2116 743 2371 800 similiter
2398 745 2608 803 eﬂ‘ectis
2656 755 2714 803 et
2746 763 2846 818 pro
2910 750 3166 806 omnibus
3222 748 3557 805 ineffabilem

308 852 408 889 των
438 834 548 888 τῶν
577 832 782 903 ὁμοίων
813 833 908 887 καὶ
936 831 1076 901 πρὸς
1112 830 1374 886 ἁπάντων
1419 829 1699 900 ἀμύθητον
1742 830 1878 884 ἐπά-

1980 829 2188 887 inducit
2211 842 2508 903 stuporem.
2537 837 2751 893 Etenim
2780 838 2939 895 dulce
2968 849 3054 895 est
3080 854 3279 910 aquam
3300 852 3550 896 sanctam

309 947 455 1000 γεται
504 928 795 997 ἔκπληξιν.
846 924 1025 979 Καλὸν
1073 923 1175 993 μὲν
1227 924 1338 993 γὰρ
1386 922 1481 976 καὶ
1520 921 1664 993 ὕδωρ
1719 922 1876 991 ἅγιον

1994 934 2008 974 ι
2035 920 2282 992 reliquiis
2312 925 2487 981 sacris
2523 936 2778 995 tanquam
2802 944 2836 986 e
2863 928 3109 986 fontibus
3154 933 3549 988 scaturientem

311 1022 575 1091 λειψάνων
623 1019 789 1090 ἱερῶν
835 1019 938 1072 ὅσα
983 1018 1080 1070 καὶ
1126 1011 1320 1086 πηγῶν
1348 1015 1679 1086 ὲξαπορῤἑον
1725 1015 1874 1078 ἰδεῖν,

312 1115 399 1171 καὶ
423 1113 699 1183 διψῶντας
731 1106 1106 1183 ὲκθεραπεῢον
1133 1108 1318 1172 λαοὺς,
1354 1107 1430 1170 ὡς
1462 1107 1524 1159 τὸ
1568 1106 1670 1177 μὲν
1701 1107 1880 1178 πηγά-

310 1204 392 1271 ζον
449 1206 620 1275 πήχει
676 1200 1144 1273 περιγεγράφθω,
1200 1199 1307 1251 εἴτε
1362 1196 1633 1268 βραχίονι,
1689 1196 1875 1269 ἢάλλ’

310 1296 474 1367 ἑτέρῳ
510 1296 620 1348 τινὶ
661 1293 966 1365 στερεμνίῳ
1010 1291 1105 1345 τοῦ
1147 1289 1418 1358 σώματος·
1467 1289 1527 1343 τὸ
1565 1290 1621 1344 δὲ
1669 1289 1878 1343 ἐκεῖθεν

309 1382 565 1447 ὲκϐλύζον
625 1380 769 1434 κατά
818 1396 940 1432 τινα
989 1381 1196 1449 κρήνην
1236 1380 1544 1450 ἀπόρρυτον
1594 1379 1880 1450 ἐκτρέχειν

308 1474 550 1539 ἀένναον,
582 1473 680 1526 καὶ
727 1470 1014 1541 ὲμπιπλᾷν
1044 1471 1222 1524 πάντα
1258 1472 1351 1523 τὸν
1390 1472 1772 1541 προσιέμενον,
1803 1471 1882 1535 ὡς

309 1567 395 1619 ἐὰν
427 1566 526 1619 καὶ
583 1564 738 1634 φωνή
771 1580 857 1627 τις
902 1561 1115 1615 ἐκεῖθεν
1146 1552 1417 1632 ἔξηχεῖτο,
1460 1561 1879 1633 προκαλουμένη

308 1659 423 1721 τοὺς
449 1655 727 1726 διψῶντας
766 1653 1046 1726 ἔρχεσθαι.
1076 1652 1376 1724 Τεράστιον
1416 1652 1496 1719 δὲ,
1528 1653 1623 1708 καὶ
1656 1653 1882 1708 εἰκόνων

309 1747 693 1803 ἀπολείϐεσθαι
726 1747 901 1818 μύρον
944 1745 1171 1813 εὑῶδες,
1222 1746 1356 1800 ὡσεὶ
1399 1747 1493 1802 καὶ
1541 1747 1608 1801 ἐκ
1654 1748 1881 1818 στερεᾶς

309 1836 508 1905 πέτρας
542 1833 743 1889 ἔλαιον.
787 1834 928 1888 Ἀλλ’
968 1834 1063 1887 ἐπὶ
1108 1834 1272 1887 πλέον
1316 1834 1396 1889 ἔτι
1444 1836 1773 1906 θαυμάσιον,
1819 1836 1880 1891 τὺ

1978 1012 2164 1068 videre
2201 1024 2255 1069 et
2292 1014 2542 1075 sitientes
2571 1029 2855 1077 sanautem
2889 1023 3136 1092 populos,
3171 1025 3312 1079 sicut
3333 1038 3368 1079 e
3401 1024 3557 1080 ταδί..

1988 1113 2044 1159 ιο
2085 1120 2316 1161 manans
2351 1108 2550 1179 scripta
2580 1120 2687 1176 est,
2723 1121 2887 1168 tume
2920 1113 3164 1178 brachio,
3201 1124 3312 1168 tum
3335 1128 3366 1169 e
3415 1129 3554 1183 qua-

1983 1192 2113 1249 libet
2135 1195 2237 1248 alia
2268 1201 2515 1266 corporis
2551 1200 2720 1256 solida
2745 1211 2932 1271 parte;
2980 1209 3123 1273 quod
3166 1218 3293 1260 vero
3355 1203 3555 1258 exinde

1981 1288 2265 1342 scaturivit
2302 1288 2468 1345 fontis
2503 1290 2723 1347 ﬂuentis
2752 1292 2927 1348 instar
2950 1296 3017 1349 ad
3049 1309 3266 1362 semper
3318 1310 3546 1349 curren-

1983 1376 2112 1432 dum
2152 1386 2207 1434 et
2236 1379 2569 1450 implendum
2592 1396 2811 1438 omnem
2846 1384 3233 1453 accipientem,
3296 1394 3554 1456 tanquam

1986 1486 2087 1526 vox
2114 1473 2313 1528 exinde
2346 1476 2696 1542 personabat,
2761 1492 3068 1533 convocans
3115 1478 3358 1534 sitientes
3403 1487 3461 1532 ut
3488 1479 3554 1533 ad

1996 1562 2172 1631 ipsum
2202 1564 2476 1621 venirent.
2506 1565 2880 1639 Prodigiosum
2903 1584 3033 1626 vero
3068 1580 3123 1627 et
3144 1586 3210 1626 ex
3234 1570 3558 1640 imaginibus

1984 1655 2190 1712 stillare
2225 1658 2379 1713 suavi
2430 1658 2598 1717 odore
2628 1671 2989 1730 unguentum
3054 1670 3314 1733 tanquam
3341 1677 3371 1717 e
3424 1677 3560 1717 saxo

1986 1748 2282 1808 durissimo
2324 1750 2527 1809 oleum.
2563 1751 2668 1809 Sed
2704 1754 2893 1809 mirius
2935 1754 3173 1809 divinum
3227 1769 3425 1823 corpus
3475 1771 3562 1808 rc-

1987 1841 2265 1896 couditum
2313 1842 2457 1914 legi,
2505 1852 2562 1921 et
2612 1843 2918 1915 sepulcrum
2982 1844 3181 1902 ﬂumen
3228 1848 3397 1901 videri
3463 1862 3565 1900 un-

310 1901 577 1995 μὲν-θεῖον
609 1926 772 1998 σῶμα
797 1908 1174 1999 κρυπτόμενον
1206 1926 1524 1996 στέγεσθαι,
1555 1901 1648 1982 τὸν
1694 1901 1764 1982 at
1784 1928 1883 1982 τά-

1994 1935 2167 2003 guenti
2196 1934 2415 1991 haurire
2436 1916 2806 2005 cupientibus.
2859 1937 2988 1993 Haec
3009 1938 3250 2007 prodigia
3307 1946 3564 2007 operatur

308 2035 399 2087 φον
442 2018 695 2087 ποταμὸν
743 2018 1068 2089 θεωρεῖσθαι
1103 2018 1282 2091 μύρου
1331 2022 1447 2083 τοῖς
1483 2019 1748 2091 ἀρύεσθαι
1795 2020 1884 2074 θέ-

306 2109 485 2164 λουσιν
526 2107 813 2172 εύθύμιον.
846 2108 1033 2162 Ταῦτα
1064 2111 1427 2182 τερατουργεῖ
1475 2111 1573 2164 καὶ
1615 2111 1646 2163 ὁ
1672 2112 1794 2175 ταῖς
1820 2113 1883 2166 ἐν

306 2201 482 2271 Λυκίᾳ
507 2200 823 2269 πελαγίζων
845 2199 1020 2271 μύρου
1046 2200 1368 2272 προχύσεσι,
1391 2201 1486 2254 καὶ
1511 2204 1545 2273 ἠ
1572 2202 1713 2273 σοφὴ
1743 2220 1881 2276 παρ·

307 2293 664 2364 θενόμαρτυς,
697 2292 766 2361 ἢν
791 2292 871 2361 τῷ
916 2291 1117 2361 Σιναίῳ
1147 2289 1505 2359 ἐνεφύτευσεν
1533 2291 1650 2362 ὄρει
1680 2292 1883 2362 ζωογό·

304 2402 386 2436 νον
409 2383 586 2453 φυτὸν
616 2384 645 2436 ὁ
680 2382 835 2452 Θεὸς,
867 2383 962 2438 καὶ
988 2383 1166 2453 ἕτεροι
1193 2382 1434 2449 πλείους,
1456 2383 1513 2437 ἒν
1541 2400 1602 2437 τε
1631 2384 1884 2455 ἀνδράσιν

302 2475 528 2544 ἡλιῶδες
557 2475 625 2528 τὰ
648 2476 724 2537 εἰς
749 2474 951 2548 ἀρετὴν
975 2473 1421 2546 προλάμψαντες,
1450 2474 1509 2528 ἐν
1530 2493 1589 2528 τε
1613 2472 1878 2545 γυναιξίν.

309 2566 370 2622 '0
402 2568 459 2620 δὲ
496 2568 765 2638 ἡμέτερος
796 2566 1083 2638 πολιούχος
1109 2567 1237 2630 τοὺς
1267 2567 1369 2637 μὲν
1406 2567 1482 2639 μὴ
1515 2568 1881 2632 πλουτοῦντας

302 2660 372 2727 τῷ
400 2658 567 2730 μύρῳ
599 2661 662 2730 τῇ
714 2657 968 2729 δαψιλείᾳ
1002 2656 1194 2713 τούτου
1241 2659 1729 2731 ὑπεραναϐἐϐηκεν
1754 2677 1768 2692 ’
1797 2657 1879 2727 οἷς

299 2751 403 2804 6ὲὸ
440 2750 547 2804 τοῦ
592 2750 769 2821 μύρου
824 2749 1057 2813 πλοῦτος
1099 2748 1453 2821 πληθύνεται,
1507 2751 1644 2806 ἀλλὰ
1671 2752 1882 2817 τούτοις

303 2843 816 2915 παραϐαλλόμενος,
845 2842 1005 2913 αὐχεῖ
1030 2840 1092 2895 τὸ
1127 2840 1425 2910 ἐπιμᾶλλον
1460 2843 1695 2909 ἐξαίσιον
1718 2850 1786 2899 τά
1818 2862 1878 2898 τε

1998 2034 2053 2079 et
2076 2026 2166 2095 qui
2192 2026 2245 2081 in
2267 2025 2434 2098 Lycia
2453 2031 2708 2100 unguenti
2733 2046 2885 2085 mare
2924 2029 3220 2101 profundit,
3247 2038 3302 2087 et
3341 2032 3563 2101 sapiens

1983 2115 2135 2186 virgo
2176 2127 2382 2190 martyr
2412 2134 2574 2189 quam
2606 2122 2659 2175 in
2693 2120 2828 2177 Sina
2859 2131 3115 2178 montem
3156 2123 3390 2179 vividum
3443 2138 3565 2192 ger-

1982 2223 2105 2263 men
2137 2210 2403 2281 plantavit
2433 2212 2598 2280 Deus,
2659 2223 2714 2269 et
2751 2216 2841 2269 alii
2867 2215 3049 2285 plures
3074 2228 3188 2271 tum
3214 2217 3313 2270 viri
3365 2217 3563 2271 virtute

1978 2300 2121 2356 sicut
2148 2303 2230 2358 sol
2261 2301 2529 2374 fulgentes
2552 2315 2666 2361 tum
2732 2307 3005 2364 mulieres.
3057 2309 3303 2363 Civitatis
3364 2318 3564 2363 nostra:

1992 2402 2270 2462 protector
2298 2411 2394 2453 eos
2423 2398 2516 2468 qui
2563 2401 2823 2469 unguenti
2889 2401 3092 2456 divitiis
3139 2410 3330 2457 carent
3389 2403 3567 2456 abun-

1988 2484 2174 2541 dantia
2199 2488 2291 2543 illa
2309 2497 2526 2558 praestat
2551 2505 2569 2545 :
2598 2492 2643 2546 si
2663 2491 2756 2562 qui
2779 2506 2905 2549 vero
2922 2493 3182 2564 unguenti
3218 2493 3422 2549 divitiis
3432 2508 3564 2563 gau-

1989 2579 2123 2635 dent
2182 2582 2320 2652 ipsis
2347 2592 2533 2639 noster
2570 2587 2957 2656 mquiparatus,
2981 2586 3050 2643 de
3077 2586 3246 2642 multo
3272 2587 3444 2657 magis
3466 2600 3565 2642 ex-

1988 2673 2269 2728 traordina
2282 2673 2363 2730 rio
2385 2675 2562 2744 quoad
2593 2676 2701 2731 alia
2730 2677 3029 2748 gloriatur;
3059 2685 3114 2735 et
3132 2678 3296 2749 siqui
3327 2677 3570 2734 victoria)

1987 2765 2252 2834 sanguine
2272 2766 2434 2822 nimis
2456 2776 2695 2834 manant,
2715 2776 2990 2840 unguento
3009 2768 3565 2839 immisto,pulcbrum

1989 2854 2225 2922 pulchro
2262 2865 2316 2912 et
2352 2858 2556 2915 divitiis
2596 2861 2900 2916 animarum
2944 2862 3147 2919 divitia
3171 2864 3565 2933 ponderantur.

299 2938 451 3004 ἄλλα,
488 2939 594 2992 καὶ
615 2931 696 3001 οἷς
720 2933 784 2990 τδ
803 2932 1097 3025 ἀθλητικὸν
1120 2929 1264 3005 αἷμα
1294 2933 1572 3006 πλήσμιον
1595 2937 1881 3009 ἀνασρύει,
1912 2944 2008 2998 καὶ
2073 2950 2153 3018 τῷ
2217 2949 2377 3021 μύρῳ
2430 2951 2829 3022 συμμίσγεται,
2886 2953 3054 3011 καλὸν
3103 2929 3197 3008 ἰπὶ
3251 2953 3402 3025 καλῷ
3474 2958 3570 3010 καὶ

301 3030 542 3084 πλοῦτον
570 3027 761 3099 ψυχῶν
788 3027 881 3082 ἐπὶ
913 3024 1134 3097 πλούτῳ
1162 3025 1467 3098 τιθέμενος.

368 3120 455 3186 ιζ’.
492 3120 615 3175 Καὶ
647 3113 768 3172 οῖδα
801 3116 900 3188 μὲν
936 3116 1030 3170 καὶ
1062 3117 1272 3186 ἑτέροις
1305 3116 1415 3170 τῶν
1446 3118 1888 3192 καθωσιωμένων

2065 3129 2152 3182 l7.
2185 3129 2319 3185 Novi
2344 3130 2561 3200 quidem
2590 3133 2735 3188 inter
2754 3149 2850 3191 eos
2873 3137 2962 3206 qui
2989 3135 3102 3194 Deo
3158 3153 3220 3194 se
3272 3152 3562 3198 consecra-

240 3192 249 3203 ’
297 3214 417 3283 Θεῷ
448 3210 716 3281 τοιαύτην
752 3210 914 3280 χάριν
965 3205 1359 3278 βραϐευθεῖσαν
1391 3211 1530 3277 μετὰ
1557 3210 1656 3280 τὴν
1684 3214 1748 3265 ὲκ
1777 3212 1888 3283 βίου

1999 3222 2284 3287 runt,aliis
2308 3192 2470 3279 talem
2504 3240 2534 3280 a
2569 3239 2782 3282 summo
2809 3192 2991 3298 judice
3033 3230 3286 3286 collatam
3335 3234 3568 3303 gratiam

297 3305 715 3369 ἀπανάστασιν,
744 3300 805 3354 ὲν
840 3292 924 3362 οἷς
960 3300 1053 3352 καὶ
1088 3301 1124 3370 ἡ
1150 3298 1246 3354 τοῦ
1290 3301 1655 3370 εὐφημεῖσθαι
1686 3303 1888 3356 ἐπώνυ-

1995 3328 2031 3369 e
2059 3315 2167 3370 vita
2200 3316 2585 3387 migrantibus,
2620 3319 2829 3375 scilicet
2877 3323 3106 3391 gratiam
3165 3334 3280 3378 tum
3330 3326 3570 3382 nominis

304 3414 428 3465 μος,
453 3398 492 3468 η
528 3397 646 3457 τοῖς
672 3390 932 3462 ἀληθέσιν
966 3390 1117 3461 ὅροις
1147 3393 1286 3462 μετὰ
1316 3391 1547 3447 θάνατον
1581 3394 1667 3463 (τὸ
1719 3412 1888 3465 παραι

1997 3405 2147 3460 cultu
2184 3407 2441 3478 religioso
2482 3410 2707 3480 recepti,
2763 3390 3120 3468 tumvcritati
3158 3425 3279 3484 post
3340 3426 3565 3480 mortem

302 3489 619 3558 δοξότατον)
675 3486 771 3539 καὶ
815 3483 1222 3555 μαρτυρήσασα
1269 3483 1365 3537 καὶ
1417 3483 1707 3540 δικάσασα.
1752 3486 1888 3553 Ἐγὼ

1999 3497 2437 3557 testimoniumet
2500 3500 2766 3572 judicium
2810 3504 2836 3575 (
2874 3520 2906 3560 o
2972 3483 3174 3560 mirum
3193 3508 3230 3577 l)
3290 3507 3568 3564 reddendi.

305 3581 360 3633 δὲ
388 3581 536 3634 ἀλλὰ
590 3577 778 3649 καιρῷ
824 3576 1020 3646 ἐκείνῳ
1077 3576 1272 3647 βραχεῖ
1327 3576 1780 3648 ἀντιπαραθεῖναι
1833 3579 1888 3633 τὸ

2001 3587 2111 3658 Ego
2134 3606 2286 3656 vero,
2317 3595 2545 3661 tempori
2606 3594 2679 3649 illi
2711 3597 2860 3650 brevi
2908 3576 3245 3667 aequiparare
3295 3601 3571 3655 :eternita-

300 3673 561 3740 αἰώ.ιον,
594 3672 630 3744 ἢ
659 3672 757 3726 καὶ
790 3672 1222 3743 παραμετρῆσαι
1257 3671 1393 3743 πρὸς
1424 3671 1613 3726 λιϐάδα
1640 3672 1702 3726 τὸ
1727 3673 1896 3727 πελα-

306 3766 462 3835 γίζον
511 3767 825 3836 ὀκνήσαιμι
858 3766 927 3819 ἂν
970 3763 1114 3818 οὕτω
1145 3762 1286 3818 κατὰ
1330 3764 1545 3819 πάντων
1573 3764 1681 3818 τῶν
1718 3765 1895 3818 τοιού-

296 3877 433 3915 των.

371 3958 467 4023 ιη’.
517 3950 793 4021 Ἱλήκοιεν
812 3947 872 4001 δὲ
894 3948 942 4001 οί
970 3946 1404 4019 θαυματουργοὶ,
1433 3946 1519 4017 ἐφ’
1549 3940 1631 4011 οἷς
1660 3945 1894 4019 ἀκριϐὴς

297 4044 329 4113 ἡ
365 4042 760 4113 παραύχησις.
806 4040 864 4094 '0
910 4040 1177 4110 ἡμέτερος
1228 4037 1468 4110 ἀθλητὴς
1514 4038 1759 4106 πλουτεῖ,
1804 4040 1899 4095 λα-

296 4135 409 4205 χὼν
441 4137 510 4188 ὲκ
564 4132 706 4187 Θεοῦ
735 4131 796 4184 τδ
824 4128 1284 4201 ἁπαρεξέταστον,
1330 4129 1408 4200 τῷ
1432 4129 1530 4198 τῆς
1560 4131 1895 4201 μυροχυσίας

292 4242 350 4277 τε
385 4223 609 4293 πολλῷ,
636 4221 716 4291 τῷ
746 4221 983 4291 ἀπείρῳ,
1013 4218 1089 4289 τῷ
1114 4219 1397 4288 πλήθοντι,
1420 4219 1500 4290 τῷ
1522 4220 1893 4288 πελαγίζοντι,

296 4318 393 4369 καὶ
430 4315 518 4386 τῷ
550 4311 1018 4376 συναναϐλύζοντι
1044 4310 1261 4380 αἵματι,
1296 4312 1389 4363 καὶ
1416 4314 1529 4375 τοῖς
1556 4309 1751 4382 μύροις
1774 4328 1899 4365 συν-

291 4407 703 4473 διαιωνίζοντι,
738 4408 831 4459 καὶ
878 4404 1289 4475 παραδηλοῦντι
1323 4404 1384 4457 τὸ
1427 4403 1527 4475 τῆς
1561 4403 1709 4474 ζωῆς
1743 4406 1897 4475 μόνι-

2008 3691 2137 3748 tem,
2172 3691 2440 3752 autgutta
2469 3700 2623 3740 mare
2681 3685 2857 3742 metiri
2905 3689 3092 3744 eodem
3149 3689 3310 3745 modo
3358 3692 3424 3747 de
3486 3692 3571 3748 bis

1995 3771 2378 3829 erubescerem
2410 3777 2685 3832 omnibus.

2081 3952 2170 4009 18.
2207 3953 2436 4025 Propitii
2470 3957 2580 4011 sint
2609 3959 2699 4010 tlta
2713 3960 3004 4029 umaturgi,
3057 3962 3102 4016 si
3135 3978 3261 4017 vera
3292 3963 3567 4032 gloriatio.

1998 4043 2215 4100 Athleta
2246 4053 2436 4100 noster
2459 4045 2610 4102 dives
2630 4058 2734 4114 est,
2771 4062 2801 4102 a
2821 4047 2929 4103 Deo
2944 4049 3365 4120 incomparabile
3385 4063 3574 4111 nactus

2000 4150 2120 4189 cum
2147 4137 2403 4205 unguenti
2444 4136 2746 4193 abundanti
2787 4138 3069 4209 eﬂusione,
3131 4143 3361 4210 infinita,
3413 4146 3571 4215 plena

2002 4237 2058 4279 ut
2089 4241 2239 4281 mare
2266 4238 2379 4281 tum
2415 4240 2671 4283 manante
2728 4231 3171 4302 simulsanguine
3191 4245 3245 4289 et
3303 4252 3405 4291 una
3450 4253 3571 4293 cum

2002 4328 2276 4386 unguento
2309 4329 2572 4390 perpetuo
2616 4335 3003 4392 perseverante
3025 4337 3081 4379 et
3131 4330 3251 4384 vitae
3298 4329 3571 4385 stabilita-

2002 4420 2109 4463 tem
2141 4413 2483 4466 ostendente.
2514 4409 2571 4467 Si
2595 4420 2773 4467 autcm
2798 4403 3148 4485 supereﬂluat
3168 4421 3388 4487 bonum,
3411 4431 3467 4477 ct
3486 4437 3576 4477 se-

296 4504 397 4572 μόν
433 4501 642 4559 τεκαὶ
698 4498 944 4567 συνεχές.
996 4497 1058 4550 Εἰ
1097 4496 1154 4550 δέ
1190 4512 1321 4549 ποτε
1368 4499 1462 4550 καὶ⁵
1514 4496 1888 4567 ὑπερεκχεῖται

2000 4496 2249 4565 pulcrum
2294 4498 2805 4556 circumittscribere
2842 4504 3102 4559 honorem
3137 4507 3288 4574 velit,
3327 4525 3574 4580 unguen-

291 4596 351 4649 τὸ
379 4593 632 4664 ἀγαθὸν,
663 4591 758 4644 καὶ
790 4593 820 4646 ὁ
841 4589 1013 4658 τάφος
1062 4588 1161 4659 μὲν
1197 4587 1567 4658 περιγράφειν
1608 4589 1784 4642 ἐθέλει
1832 4588 1895 4642 τὸ

297 4689 510 4758 τίμιον,
553 4684 625 4739 τὸ
661 4683 719 4736 δὲ
750 4683 849 4744 τὰς
890 4680 1164 4751 κρηπῖδας
1213 4679 1554 4749 ύπονομεῦον
1591 4678 1761 4749 μύρον
1804 4681 1896 4734 ὲκ-

295 4780 572 4843 κενωθὲν,
611 4774 939 4849 ᾁσματικῶς
985 4774 1187 4838 εἰπεῖν,
1230 4770 1443 4842 γίνεται
1489 4773 1584 4827 καὶ
1616 4774 1698 4836 είς
1750 4773 1897 4845 ζωὴν

293 4872 586 4944 ἁλλομένη
618 4866 800 4938 πηγὴ,
828 4868 923 4920 καὶ
955 4863 1288 4934 διεκτρέχει,
1321 4864 1396 4927 ὡς
1426 4858 1539 4919 οἷον
1568 4864 1899 4935 ὲκκυμαινόο

292 4982 482 5035 μενον,
516 4963 630 5018 καὶ
666 4960 971 5029 πράγματα
989 4959 1106 5038 τοῖς
1134 4955 1350 5009 ἀντλεῖν
1377 4955 1626 5011 ἐθέλουσι
1656 4956 1895 5023 δίδωσιν,

290 5059 422 5111 ἄλλο
456 5054 643 5109 τοῦτο
682 5052 847 5122 τέρας
888 5050 983 5102 καὶ
1027 5047 1267 5101 ἀϐύσσου
1318 5046 1605 5116 ἐκφανσις,
1651 5047 1897 5103 κάτωθεν

289 5149 547 5220 ἔκπηδᾷν
602 5143 855 5212 ἀνιείσης
908 5139 970 5193 τὸ
1024 5138 1219 5209 μύρον,
1250 5139 1346 5191 καὶ
1389 5137 1518 5208 διχῆ
1565 5138 1899 5209 μεριζούσης

290 5242 424 5295 αὐτὸ
453 5240 544 5304 εἷς
601 5253 673 5290 τε
718 5234 810 5287 τὸν
865 5233 1059 5302 τάφον,
1114 5230 1209 5284 καὶ
1257 5231 1327 5284 τὰ
1375 5229 1572 5283 τούτου
1627 5245 1899 5299 προτεμε-

290 5332 567 5404 νίσματα·
604 5329 647 5400 ἢ
684 5325 749 5396 δὴ
774 5325 1008 5386 ἄϐυσσος
1036 5324 1131 5377 καὶ
1150 5322 1343 5393 ἑτέραν
1363 5321 1703 5374 ἐπικαλεῖται
1726 5320 1898 5374 ἄϐυσ-

294 5440 388 5477 σον
415 5422 525 5494 τὴν
576 5416 699 5470 τῶν
740 5414 991 5469 ἁπλέτων
1041 5411 1532 5483 θαυματουργιῶν,
1571 5427 1900 5478 συναναφαι·

292 5518 535 5589 νομένην
577 5513 688 5568 καὶ
733 5503 822 5565 οἷα
852 5508 1293 5577 συνουσιωμένην
1318 5508 1387 5576 τῇ
1413 5504 1511 5559 τοῦ
1561 5504 1737 5576 μύρου
1765 5505 1906 5579 θαυο.

301 5609 636 5678 μασιὰτητιο
680 5603 747 5673 ἣν
774 5602 840 5670 δὴ
867 5600 964 5655 καὶ
982 5598 1158 5660 ἄλλως
1188 5596 1336 5649 ἐστιν
1364 5598 1496 5666 ἡμῖν
1530 5596 1897 5667 ὲπιθεωρῆσαι

295 5700 566 5754 ἇϐυσσον.
602 5695 722 5765 Γῆν
758 5710 820 5748 τε
857 5693 964 5763 γὰρ
994 5690 1203 5746 ὑδάτων
1229 5689 1467 5752 ἄϐυσσος
1498 5690 1635 5759 ὀχεῖ,
1675 5690 1777 5742 ὅσα
1804 5692 1898 5742 καὶ

296 5793 631 5861 οἰκοδομίαν
658 5784 934 5857 θεμέλιοςο
966 5781 1063 5836 καὶ
1085 5783 1185 5850 τὴν
1209 5781 1363 5835 πόλιν
1389 5780 1447 5833 δὲ
1479 5781 1685 5846 ταύτην
1707 5779 1740 5850 ἡ
1771 5779 1894 5833 καθ’

2008 4596 2120 4642 tum
2157 4604 2284 4644 vero
2314 4591 2465 4646 labra
2514 4593 2812 4661 rumpenda
2865 4608 3185 4653 evacuatmn
3225 4601 3471 4668 reddens,
3518 4614 3579 4660 ut

2004 4682 2215 4750 poetice
2238 4683 2437 4752 dicam,
2458 4684 2552 4739 fiat
2582 4693 2638 4741 et
2666 4685 2872 4742 saliens
2902 4687 2957 4742 in
2982 4689 3149 4744 vitam
3200 4690 3344 4760 fons,
3388 4705 3580 4751 currat

2005 4774 2161 4843 quasi
2190 4776 2495 4844 exundans,
2517 4786 2572 4833 et
2592 4777 2808 4836 labores
2840 4785 3312 4851 compescentibns
3336 4786 3578 4857 imponat

2004 4865 2151 4921 aliud
2177 4867 2279 4922 hoc
2303 4868 2605 4938 prodigium
2629 4878 2684 4925 et
2704 4871 2884 4942 abyssi
2904 4873 3300 4945 divulgatio,ab
3330 4879 3468 4934 infra
3489 4895 3577 4936 sa-

2006 4958 2143 5013 liens
2165 4968 2497 5030 unguentum
2523 4962 2823 5021 emittentis
2864 4976 2920 5020 et
2944 4966 2997 5020 in
3026 4969 3160 5023 duas
3210 4980 3389 5037 partes
3444 4973 3579 5029 divi-

2004 5050 2204 5119 dentis,
2242 5051 2297 5106 in
2348 5053 2654 5123 sepulcrum
2684 5055 2819 5112 etin
2861 5057 2981 5127 ejus
3003 5059 3162 5128 atria,
3186 5075 3307 5130 qua:
3351 5062 3579 5134 abyssus

2007 5143 2223 5203 invocat
2257 5146 2534 5216 abyssum,
2562 5162 2754 5217 nempe
2776 5150 3155 5220 prodigiorum
3182 5155 3439 5208 virtutum
3489 5156 3580 5210 in-

2006 5234 2281 5292 finitarum
2308 5253 2413 5292 una
2432 5237 2780 5309 eﬂ'ulgentem
2811 5242 3280 5315 exsistentemque
3302 5260 3425 5301 cum
3478 5263 3579 5302 un-

2005 5330 2192 5399 guenti
2222 5331 2491 5401 prodigio,
2509 5345 2672 5401 quam
2724 5346 2859 5389 sane
2885 5343 2942 5390 et
2966 5334 3075 5390 alio
3116 5337 3279 5393 modo
3328 5338 3579 5408 abyssum

2004 5435 2236 5489 pensare
2259 5437 2356 5479 nos
2385 5435 2623 5493 oportet.
2659 5422 2908 5496 Namque
2951 5437 3151 5482 terram
3208 5426 3365 5483 fulcit
3409 5444 3579 5498 aqua—

2006 5526 2124 5566 rum
2153 5513 2381 5584 abyssus
2431 5513 2573 5570 sicut
2598 5524 2654 5572 et
2715 5517 3001 5574 aedilicium
3050 5518 3581 5587 fundamentum;et
3642 5568 3647 5573 .

2008 5603 2199 5658 urbem
2224 5605 2367 5659 hanc
2394 5615 2668 5662 sustentat
2696 5610 2927 5680 abyssus
2951 5610 3109 5667 nobis
3167 5609 3579 5667 fundamentum

2006 5695 2327 5771 stabilitum.
2362 5695 2427 5751 Et
2476 5696 2811 5755 fundamenti
2857 5711 3105 5757 naturam
3140 5703 3451 5774 explorans,
3498 5702 3586 5758 iu-

2003 5800 2166 5844 sanus
2193 5803 2253 5845 es
2265 5798 2357 5845 δει.

299 5893 445 5966 ἡμᾶς
477 5888 769 5959 ὑπανεχει
798 5887 1036 5954 ἄϐυσσος
1091 5888 1232 5958 αὕτη
1291 5888 1615 5959 ἑδράζουσα.
1675 5888 1787 5941 Καὶ
1816 5888 1904 5943 τὸν
1933 5888 2135 5959 τρόπον
2164 5890 2260 5944 τοῦ
2286 5891 2628 5963 ὲδράσματος
2658 5894 2836 5965 παχὺς
2869 5893 2935 5949 ἄν
2960 5910 3043 5956 τις
3096 5895 3182 5964 εἴη
3239 5896 3269 5949 ὁ
3320 5891 3592 5990 πυνθανόοῦ

305 6003 488 6055 μενος.
