4048 6434
442 455 544 523 183

437 664 828 736 strpereﬁlnens
853 663 1079 724 bonum,
1126 673 1192 715 ne
1211 658 1388 713 omnis
1429 653 1686 724 martyris
1712 651 1884 722 gloria
1933 650 2016 704 in—

437 760 587 814 clusa
632 757 728 822 sit,
761 755 855 810 sed
882 763 941 808 ut
984 751 1134 808 foras
1189 749 1520 820 producatur
1573 746 1763 800 nuntia
1805 743 2014 815 pulchri

436 853 504 906 ab
532 851 724 906 intimo
755 846 978 918 praevia.
1012 843 1278 898 llaustum
1324 854 1456 895 vero
1485 837 1618 892 illud
1641 846 1696 891 et
1725 837 1777 890 in
1837 834 2018 888 alaba-

437 954 610 1000 strum
638 940 898 1005 infusum,
937 939 1076 993 intra
1105 947 1328 990 manere
1357 946 1464 986 non
1497 929 1634 992 vult,
1663 928 1757 983 sed
1781 925 2015 983 eﬁ‘usum

435 1035 673 1090 exnttdat
712 1032 868 1086 itaut
897 1039 955 1084 et
995 1027 1101 1082 alia
1147 1025 1362 1095 repleat
1409 1035 1558 1087 vasa,
1611 1034 1641 1076 e
1700 1019 1902 1090 quibus
1963 1027 2018 1073 et

433 1128 673 1182 exundat
707 1123 911 1192 pariter
974 1122 1175 1174 bonum
1221 1132 1290 1172 ex
1347 1115 1468 1170 istis
1516 1113 1743 1168 eﬁusum
1803 1112 1858 1166 in
1912 1110 2016 1164 alia

434 1219 614 1273 fontes
635 1226 688 1271 et
711 1215 864 1286 ipsos
883 1213 1143 1284 pulchros
1168 1209 1407 1264 vicissim
1432 1205 1819 1275 multiplicatos
1839 1219 1854 1270 ;
1873 1203 2016 1272 quod

432 1325 563 1365 sane
587 1308 701 1364 ﬁeri
739 1305 1044 1376 oportebat.
1067 1302 1202 1357 Nam
1233 1317 1355 1372 qua:
1383 1314 1635 1355 crescere
1671 1307 1726 1351 et
1754 1295 2016 1365 multipli-

431 1399 544 1454 cari
577 1399 810 1466 primum
844 1395 972 1450 illud
1023 1401 1359 1464 unguentum
1389 1391 1552 1461 jnssnt
1585 1394 1854 1460 gratia,et
1882 1385 2018 1442 vivis

431 1489 561 1544 inde
608 1487 960 1543 manantibus
1004 1487 1249 1541 eamdem
1294 1483 1566 1537 inserebat
1588 1484 1822 1552 copiam,
1863 1481 2018 1537 unde

431 1597 542 1637 non
600 1581 774 1635 solum
821 1577 1059 1649 sepulcri
1113 1593 1218 1632 non
1283 1577 1481 1632 defecit
1537 1576 1644 1632 tale
1702 1576 2016 1646 pulchrum,

432 1673 532 1728 sed
566 1686 666 1726 nec
701 1672 747 1726 si
786 1686 879 1726 vas
905 1670 1172 1741 quoddam
1223 1667 1370 1723 aliud
1397 1676 1502 1735 est,
1537 1668 1799 1723 inclusam
1833 1677 2018 1724 tenere

437 1761 586 1816 hunc
610 1760 812 1817 ﬂuendi
845 1762 1110 1831 impetum
1141 1767 1407 1816 statutum
1425 1767 1534 1816 est.
1595 1758 1734 1825 Quid
1766 1772 1877 1813 non
1937 1756 2017 1813 fe-

1143 446 1565 512 EUSTATHII
1593 443 2360 507 THESSALONICENSIS
2400 443 2964 508 METROPOLlT/E

507 573 594 629 l9.
629 569 740 627 Sed
775 568 860 626 sic
889 581 1092 624 novum
1118 565 1262 623 sacri
1320 571 1720 634 unguentorum
1779 561 2003 616 thesaur

2199 559 2288 614 ιϐ’.
2337 559 2476 613 Ἀλλ’
2509 559 2652 614 οὕτω
2683 559 2784 630 μὲν
2824 561 3012 616 καινὸν
3049 562 3149 633 τῆς
3177 559 3330 634 ίερᾶς
3380 561 3701 634 μυροθήκης
3806 634 3810 637 ,

3575 446 3709 515 184³

2121 655 2590 724 ὑπερεκχεόμενον
2623 655 2682 706 τὸ
2724 654 2953 722 ἀγαθὸν,
2998 654 3086 708 ῖνα
3123 654 3200 725 μὴ
3234 656 3386 708 πᾶσα
3431 656 3463 725 ἡ
3496 672 3702 726 μαρτυ-

2122 745 2250 820 ρικὴ
2299 744 2439 816 αὕτη
2490 745 2618 812 δόξα
2651 745 2760 799 ἔσω
2799 744 3174 818 συγκλείηται,
3225 748 3363 802 ἀλλά
3397 750 3494 804 καὶ
3540 749 3704 812 sua;

2120 837 2489 908 προφαίνηται
2515 836 2825 908 πρόδρομος
2851 836 2946 892 τοῦ
2975 837 3125 903 ἐντὸς
3151 839 3570 910 διαδεικνυμένη
3601 857 3704 894 κα-

2119 927 2236 984 λοῦ.
2266 929 2328 982 Ei
2361 927 2418 981 δέ
2469 929 2565 983 καὶ
2611 929 2876 998 ἀντληθὲν
2922 930 3079 996 αὐτὸ,
3109 932 3208 985 καὶ
3237 931 3317 996 είς
3353 931 3703 1002 ἀλάϐαστρον

2123 1021 2355 1086 ἐντεθὲν,
2381 1021 2442 1074 οὐ
2477 1021 2621 1075 θέλει
2667 1021 2791 1076 καθ’
2817 1022 2980 1076 ἐαυτδ
3031 1023 3240 1094 μένειν,
3278 1023 3396 1078 ἀλλ’
3437 1024 3704 1089 ἐκϐλύζον

2121 1113 2408 1184 προῤῥὲει,
2455 1113 2530 1176 ὡς
2579 1113 2941 1186 ἐμφορεῖσθαι
2972 1115 3070 1168 καὶ
3089 1115 3257 1187 ἐτερα
3289 1115 3485 1186 σκεύη,
3517 1116 3577 1183 ἐξ
3625 1110 3703 1171 ὧν

2121 1207 2216 1259 καὶ
2245 1207 2426 1260 αὐτῶν
2485 1207 2745 1278 ἀναόρύει
2791 1208 2854 1262 τὸ
2894 1209 3082 1279 ὅμοιον
3131 1209 3360 1278 ἀγαθὸν,
3397 1211 3464 1263 ἐκ
3491 1209 3704 1265 τούτων

2122 1299 2307 1353 κλίνον
2347 1299 2428 1363 είς
2460 1299 2647 1370 ἕτερα,
2680 1301 2891 1370 πηγαῖα
2921 1301 3016 1354 καὶ
3053 1299 3228 1353 ταῦτα
3265 1300 3428 1368 καλά,
3473 1303 3540 1355 ἐκ
3583 1301 3704 1354 δια-

2119 1389 2281 1460 δοχῆς
2298 1390 2702 1462 πληθυνόμενα.
2723 1391 2827 1445 Καὶ
2846 1391 3012 1462 ἐχρῆν
3032 1392 3252 1456 πάντως
3267 1391 3411 1446 οὕτω
3428 1392 3701 1460 γίνεσθαι.

2133 1481 2198 1538 Ἦ
2222 1486 2330 1554 γάρ
2363 1483 2692 1549 αὐξάνεσθαι
2735 1485 2828 1537 καὶ
2857 1484 3153 1556 πληθύνειν
3187 1486 3249 1539 τὸ
3280 1485 3497 1556 πρῶτον
3525 1487 3705 1540 ἐκεῖνο

2122 1577 2294 1650 μύρον
2323 1577 2629 1632 κελεύσασα
2656 1579 2820 1649 χάρις
2862 1581 2957 1633 καὶ
2984 1581 3105 1644 ταῖς
3133 1577 3346 1634 ἐκεῖθεν
3376 1579 3704 1650 ἀποῤῥοέαις

2121 1670 2224 1740 τὴν
2256 1670 2426 1742 αὐτὴν
2460 1670 2677 1725 ἐνέθετο
2703 1670 2957 1742 δύναμιν·
2994 1672 3118 1726 ὅθεν
3145 1671 3206 1726 ού
3239 1673 3401 1744 μόνον
3425 1671 3504 1742 τῷ
3546 1673 3704 1742 τάφῳ

2119 1763 2221 1817 οὐκ
2265 1762 2412 1817 ἐστιν
2457 1764 2731 1817 ἐπιλιπεῖν
2769 1764 2830 1817 τὸ
2863 1763 3108 1818 τοιοῦτον
3133 1765 3319 1831 καλὸν,
3349 1764 3467 1820 ἀλλ’
3502 1763 3623 1818 οὑδέ
3650 1765 3707 1818 εῐ

431 1854 507 1908 cit
533 1866 848 1908 sanctorum
908 1853 1171 1908 Dominus
1209 1851 1301 1921 qui
1353 1851 1409 1905 in
1473 1851 1748 1921 propheta:
1774 1847 2006 1905 favorem

2117 1873 2171 1910 τι
2219 1856 2414 1919 σκεῦος
2443 1857 2632 1926 ἕτερον
2687 1857 2896 1925 στέγειν
2951 1859 3163 1912 ἐκεῖθεν
3215 1859 3522 1930 ἀπόρῤοιάν
3576 1875 3703 1912 τινα

430 1944 536 1999 olei
567 1944 798 2015 lecytum
825 1942 1192 2008 effundentem
1241 1946 1388 2014 quod
1438 1943 1507 1997 ab
1563 1943 1713 1997 intus
1765 1940 2006 1997 servavit

2113 1948 2393 2003 τέτακται.
2430 1949 2496 2001 Τί
2532 1925 2590 2002 δέ
2620 1951 2720 2002 οὐκ
2744 1950 2972 2020 ἔμελλεν
3009 1951 3038 2004 ὁ
3060 1950 3169 2005 τῶν
3201 1925 3376 2020 ἁγίων
3411 1949 3637 2021 Κύριος,
3671 1950 3703 2004 δ

429 2035 810 2106 plenissimum
844 2035 1009 2092 fontis
1056 2036 1232 2092 instar
1282 2032 1669 2107 semperlluum
1724 2034 2004 2090 stabilivit.

497 2303 591 2360 20.
623 2303 726 2370 Qui
757 2303 1062 2373 priscarum
1091 2299 1445 2357 historiarum
1473 2301 1656 2358 studio
1715 2300 2006 2367 incumbit,

426 2397 572 2464 apud
608 2403 820 2450 veteres
842 2394 1042 2449 alicubi
1069 2391 1271 2462 reperit
1304 2402 1569 2448 retectum
1619 2391 1833 2446 labrum
1862 2393 2009 2461 quod

428 2487 645 2558 liquore
674 2487 892 2555 quidem
924 2485 1146 2555 plenum
1200 2495 1318 2541 erat
1369 2495 1426 2541 et
1468 2499 1536 2540 ex
1565 2485 1658 2540 illo
1692 2485 2010 2541 haurientes

430 2580 620 2636 sedulo
644 2578 941 2638 eﬁerebant
968 2593 1072 2634 nec
1105 2577 1268 2632 ullam
1321 2577 1628 2647 patiebatur
1675 2577 2011 2632 imminutio-

426 2686 577 2727 nem.
603 2669 770 2729 Nobis
800 2679 978 2727 autem
1019 2669 1324 2740 prodigium
1344 2669 1476 2725 illud
1528 2671 1702 2742 viget.
1747 2669 1885 2736 Quia
1919 2685 2011 2725 ve-

425 2779 489 2818 ro
518 2764 798 2819 oculorum
831 2762 1105 2817 contuitus
1130 2762 1408 2830 posterius
1433 2761 1486 2815 in
1531 2761 1841 2832 prodigium
1898 2775 2008 2816 non

425 2851 784 2923 deligebatur,
811 2850 916 2913 sed
949 2860 1061 2904 tum
1110 2851 1434 2919 apparebat,
1463 2858 1577 2903 tum
1607 2849 1879 2904 occultum
1921 2854 2012 2905 de-

433 2945 675 3010 sinebat,
717 2944 968 2999 duhitare
1005 2943 1134 2999 licet
1155 2945 1197 2998 si
1220 2943 1296 2997 sic
1326 2957 1385 2998 se
1414 2957 1505 2998 res
1539 2943 1764 2998 haberet
1828 2952 1885 2996 et
1939 2942 2009 2997 ab

426 3047 658 3108 utroque
714 3049 847 3091 casu
896 3035 1366 3092 conﬁrmationem
1416 3035 1772 3105 perpendere.
1838 3033 2012 3088 Mani-

423 3131 620 3185 festum
653 3137 834 3194 autem
862 3143 928 3190 en
957 3137 1137 3188 exstat
1163 3127 1471 3199 prodigium
1515 3138 1759 3184 nostrum
1791 3147 1803 3181 :
1859 3128 2008 3183 orbis

425 3223 720 3280 universus
753 3221 1096 3288 anteipsum,
1139 3219 1285 3274 oculi
1341 3233 1556 3284 omnes,
1618 3228 1672 3280 et
1729 3219 2008 3289 singulare

2117 2040 2402 2109 προφήτου
2431 2041 2594 2111 χάριν
2622 2041 2923 2114 καμψάκην
2956 2042 3137 2096 ἐλαίου
3181 2041 3608 2112 ἐξερευγόμενον
3637 2043 3703 2096 τὸ

2115 2132 2267 2195 ἐντὸς
2325 2133 2493 2203 ὑγρὸν
2547 2134 2834 2202 φυλάττων
2885 2136 2973 2190 ἀεὶ
3029 2135 3430 2206 πληρὲστατον,
3485 2135 3581 2190 καὶ
3617 2135 3702 2199 είς

2113 2221 2300 2291 πηγὴν
2328 2222 2502 2292 αὐτὴν
2534 2221 2700 2288 τάξας
2729 2224 3048 2296 ἀείὸρυτονς

2185 2309 2255 2366 κ’.
2286 2314 2400 2366 Καὶ
2427 2316 2454 2366 ὁ
2485 2314 2585 2382 μὲν
2605 2316 2726 2378 ταῖς
2755 2316 3014 2380 παλαιαῖς
3047 2316 3308 2386 ἱστορίαις
3349 2315 3542 2389 καιρόν
3575 2333 3700 2371 τινα

2116 2404 2318 2474 σχολῆς
2346 2406 2603 2474 ἐνδιδοὺς,
2638 2407 2880 2479 εὑρίσκει
2906 2409 3074 2464 πάλαι
3107 2426 3210 2462 που
3245 2410 3446 2462 πύελον
3477 2411 3694 2464 ἀνακα-

2113 2494 2435 2566 λυφθεῖσαν,
2467 2499 2591 2568 ἥτις
2647 2499 2816 2570 ὑγροῦ
2871 2499 2972 2569 μέν
3022 2518 3168 2564 τινος
3213 2500 3430 2573 πλήρης
3474 2496 3565 2571 ἦν,
3601 2500 3702 2556 καὶ

2113 2587 2420 2658 ἐξηντλεῖτο
2447 2589 2600 2654 αὐτὸ,
2651 2591 2748 2644 καὶ
2799 2589 3111 2663 ἐξεφορεῖτο
3143 2591 3456 2662 ἐπιμελῶςο
3488 2595 3590 2646 οὐκ
3623 2587 3696 2662 ἦν

2113 2679 2171 2733 δέ
2202 2680 2395 2736 παθεῖν
2427 2681 2644 2752 ἐκείνην
2671 2682 2914 2754 κένωμα.
2959 2684 3125 2755 Ἡμῖν
3154 2683 3211 2738 δέ
3241 2685 3340 2738 καὶ
3372 2684 3558 2748 αὐτοῖς
3604 2688 3701 2740 τέ-

2116 2789 2219 2842 ρας
2255 2773 2354 2843 μέν
2395 2791 2447 2826 τι
2492 2776 2670 2828 ἐκεῖνο
2717 2776 3136 2846 καταφαίνεται.
3173 2777 3296 2833 Ὅτι
3330 2779 3388 2832 δέ
3421 2779 3698 2850 ὀφθαλμοὶ

2116 2866 2463 2935 μεταχρόνιοι
2489 2866 2566 2937 τῷ
2595 2867 2831 2938 θεάματι
2865 2869 2926 2921 οὐ
2970 2869 3340 2939 προσέϐαλον,
3381 2871 3519 2925 ἀλλά
3565 2872 3693 2926 τότε

2111 2959 2243 3010 ποτέ
2273 2958 2462 3026 φανὲν,
2488 2954 2611 3012 είτα
2637 2960 2839 3032 κρυὸὲν
2863 2960 3103 3032 ἀπέσϐη,
3136 2963 3432 3026 ἐνδοιάζειν
3455 2964 3690 3030 ἔπεισιν,

2111 3050 2208 3102 ἐὰν
2247 3049 2496 3103 τοιοῦτον
2552 3047 2641 3121 ἦν,
2693 3052 2791 3106 καὶ
2842 3054 3192 3107 ταλαντεύειν
3239 3056 3328 3108 ἐπ’
3376 3056 3544 3126 ἄμφω
3589 3058 3693 3128 τὴν

2111 3140 2537 3208 συγκατάθεσιν.
2560 3141 2635 3196 Τὸ
2659 3142 2715 3196 δὲ
2750 3142 3021 3214 ἡμέτερον
3057 3143 3292 3216 πάρεστι
3323 3145 3509 3214 θαῦμα
3551 3150 3715 3215 πρόο-

2109 3248 2296 3285 οπτον·
2336 3232 2446 3286 ίδοὺ
2477 3231 2745 3286 ἐκκειταιδ
2779 3235 2986 3303 κόσμος
3009 3234 3154 3299 ἄπας
3188 3234 3276 3289 ἐπ’
3304 3237 3460 3300 αὐτὸ,
3489 3237 3693 3306 ὀφθαλ-

425 3330 522 3385 per
551 3315 863 3380 universam
897 3323 1098 3368 terram
1127 3312 1434 3380 divulgatur
1460 3311 1604 3381 quod
1639 3312 1820 3366 cuncti
1880 3320 2006 3364 ante

2115 3323 2207 3390 μοὶ
2239 3323 2459 3385 πάντες·
2496 3323 2682 3378 καὶτὸ
2722 3323 2962 3391 ἐξαίσιον
2995 3327 3075 3390 είς
3123 3328 3308 3381 πᾶσαν
3347 3329 3455 3399 γῆν
3498 3304 3691 3398 διακηο

427 3421 628 3462 manus
684 3414 739 3460 et
769 3414 896 3460 ante
927 3410 1115 3459 oculos
1155 3403 1380 3458 habent.
1417 3402 1483 3456 Et
1532 3402 1662 3470 justi
1719 3401 2008 3471 cujuslibet

425 3507 704 3569 unguento
726 3497 830 3556 isto
880 3496 1224 3566 impinguant
1279 3493 1587 3564 spiritualia
1632 3494 1833 3562 capita,
1888 3493 2006 3560 qui-

423 3603 642 3658 cunque
678 3588 894 3648 eximiis
923 3587 1064 3641 inter
1101 3586 1366 3639 virtutum
1388 3597 1550 3651 opera
1593 3583 1676 3637 sic
1723 3583 2006 3638 inveniunt

424 3696 530 3750 qua
563 3681 838 3744 laetentur,
892 3687 948 3732 ct
976 3676 1242 3746 sanguine
1265 3674 1580 3744 spirituales
1608 3683 1791 3742 postes
1821 3673 2003 3728 divina

424 3774 727 3828 imitatione
743 3771 1056 3839 obsignant,
1086 3783 1117 3824 e
1136 3768 1333 3839 quibus
1354 3767 1472 3822 ista:
1503 3767 1570 3821 ad
1595 3766 2001 3845 meditationem

426 3870 562 3922 ﬁunt
583 3865 862 3932 introitus,
897 3862 1000 3918 illa:
1026 3863 1094 3916 ad
1123 3859 1490 3930 operationem
1526 3859 1768 3915 sedulam
1799 3861 1999 3916 exitus.

424 3958 516 4012 Sic
547 3954 1026 4016 exterminatorem
1054 3954 1230 4007 vitant
1275 3956 1371 4004 aut
1417 3959 1628 4020 portam
1677 3952 2001 4020 prmtermit-

427 4059 653 4111 tentem,
678 4046 984 4112 utdicitur,
1016 4044 1166 4102 illum
1197 4043 1448 4115 progredi
1493 4043 1760 4108 sinentes,
1807 4051 1901 4099 aut
1947 4043 1999 4097 in

421 4158 621 4210 vanum
654 4141 986 4210 pulsantem,

489 4345 581 4399 2|.
615 4342 854 4413 Sanguis
894 4342 1004 4406 ille,
1031 4349 1364 4408 unguentum
1415 4339 1548 4396 illud
1609 4338 1732 4395 vitae
1781 4347 1999 4400 aeterna:

421 4448 550 4495 sunt
581 4437 760 4508 signa,
786 4435 982 4505 quibus
1002 4442 1151 4502 patet
1177 4433 1467 4489 odoratum
1494 4445 1616 4486 esse
1656 4431 1825 4485 Deum
1856 4444 2001 4483 mar-

421 4541 595 4602 tyrem
627 4528 910 4585 suavitatis
969 4526 1214 4580 odorem.
1251 4523 1642 4580 Renumeratio
1690 4522 1750 4577 ﬁt
1808 4521 1996 4576 multi-

417 4625 539 4695 plex
566 4623 634 4678 de
684 4622 883 4691 quibus
937 4634 1034 4688 pro
1093 4617 1315 4684 Christo
1372 4617 1573 4670 sudore
1609 4623 1678 4703 et
1731 4615 1995 4703 sanguine
2028 4646 2074 4703 υ

418 4714 679 4769 manavit.
714 4710 964 4766 Reddens
990 4710 1126 4762 dona
1172 4706 1458 4775 praesentia
1494 4704 1545 4756 in
1588 4701 1776 4767 decem
1804 4700 1994 4766 millia,

415 4807 583 4861 vitant
607 4813 865 4858 aeternam
884 4800 1092 4869 adjicit.
1130 4796 1306 4868 Ipsius
1335 4795 1557 4865 quidem
1584 4793 1830 4862 spiritus,
1858 4806 1993 4846 cor-

419 4895 670 4964 ruptione
719 4890 958 4972 expertis
1015 4886 1306 4954 voluptatis
1363 4884 1681 4953 paradisum
1741 4881 1992 4948 adeptus,

417 4987 576 5041 nobis
605 4982 835 5037 similem
865 4970 1022 5049 parat
1074 4978 1328 5046 gratiam,
1386 4989 1494 5046 qua
1535 4974 1727 5032 obvius
1785 4970 1995 5027 custodi

417 5084 474 5130 ct
505 5070 754 5141 agricolae
791 5070 952 5136 hujus
985 5067 1282 5134 incorrupti
1337 5064 1496 5118 vireti
1550 5063 1629 5128 ﬁt,
1683 5073 1738 5116 et
1788 5062 1994 5130 primo-

420 5182 542 5220 rum
581 5170 864 5234 parentunt
895 5160 1053 5213 nobis
1082 5159 1322 5212 restituit
1371 5155 1748 5211 ltaareditatem
1783 5168 1813 5206 a
1885 5167 1990 5220 qua

420 5255 618 5310 diaboli
643 5252 844 5316 invidia
872 5251 1299 5312 cxcideramus;
1341 5249 1512 5316 ipsius
1549 5256 1735 5300 autem
1793 5257 1991 5313 corpus

420 5346 658 5418 paradisi
695 5345 866 5399 instar
898 5345 1054 5398 nobis
1087 5343 1542 5396 dclectamentum
1597 5341 1677 5397 ﬁt,
1713 5353 1821 5392 non
1898 5349 1993 5390 so-

417 5444 527 5496 lum
560 5438 801 5508 pulchris
835 5451 954 5507 quae
987 5446 1042 5489 ul
1071 5448 1284 5504 semper
1307 5433 1630 5501 colligimus,
1665 5431 1786 5485 -sed
1821 5439 1874 5484 ct
1929 5442 1993 5482 eo

417 5533 561 5602 quod
590 5533 642 5581 in
668 5529 784 5595 ipso
821 5526 1108 5594 magniﬁca
1135 5527 1250 5592 ejus
1283 5523 1553 5576 mirabilia
1587 5522 1990 5590 conspiciamus

415 5635 470 5679 et
503 5619 765 5691 unguenti
808 5618 1130 5672 stillationes
1185 5627 1241 5670 et
1305 5614 1588 5684 sanguinis
1640 5613 1754 5668 fere
1820 5627 1993 5682 usque

416 5717 484 5783 ad
503 5713 894 5768 abundantiam
929 5711 1246 5764 cbullientia
1284 5707 1508 5762 ﬂumina
1561 5723 1684 5777 quae
1729 5716 1990 5776 perpetuo

416 5815 666 5874 aestuant,
695 5815 750 5858 ct
775 5805 993 5858 lanceas
1023 5816 1162 5870 quas
1195 5800 1482 5854 arboribus
1516 5816 1543 5852 a
1578 5799 1688 5853 Deo
1731 5799 1988 5868 plantatis

418 5900 817 5970 ipquiparamus
873 5895 1098 5972 pulchro
1151 5893 1241 5956 illo
1291 5892 1505 5973 corpori
1552 5892 1800 5962 martyrii
1859 5901 1990 5946 lem-

2114 3411 2428 3483 ρυκεύεται,
2465 3413 2564 3466 καὶ
2593 3414 2791 3477 πάντες
2808 3415 2916 3484 πρό
2942 3431 3001 3467 τε
3027 3415 3247 3487 χειρῶν,
3270 3417 3376 3487 πρό
3401 3435 3460 3470 τε
3489 3418 3692 3486 ὀφθαλ-

2116 3503 2234 3573 μῶν
2267 3505 2400 3559 αὐτὸ
2431 3506 2639 3575 έχουσι.
2687 3508 2798 3560 Καὶ
2847 3507 2925 3577 τῷ
2985 3508 3083 3578 μὲν
3113 3509 3225 3562 τοῦ
3275 3509 3484 3564 δικαίου
3528 3512 3688 3583 μύρῳ

2110 3596 2288 3666 τούτῳ
2323 3597 2424 3660 τάς
2467 3599 2666 3668 νοητὰς
2701 3598 3008 3653 λιπαίνουσι
3039 3603 3305 3670 κεφαλὰς,
3354 3606 3476 3669 ταῖς
3520 3623 3688 3676 κορυ-

2108 3689 2296 3757 φαίαις
2320 3690 2430 3744 τῶν
2453 3691 2572 3743 κατ’
2596 3691 2798 3762 ἀρετὴν
2821 3693 3074 3763 πράξεων
3103 3693 3510 3764 ἐξευρίσκοντες
3537 3697 3685 3754 οὕτω

2106 3781 2168 3833 τὸ
2204 3780 2589 3851 ἱλαρύνεσθαι·
2623 3783 2701 3852 τῷ
2732 3781 2790 3835 δὲ
2833 3784 3026 3855 αἵματι
3081 3786 3180 3848 τὰς
3229 3787 3471 3858 ψυχικὰς
3521 3791 3685 3858 φλιάς

2106 3872 2230 3926 καθ’
2265 3875 2561 3946 ὁμοιότητα
2593 3874 2744 3929 θείαν
2773 3877 3160 3948 σφραγίζουσι,
3190 3880 3240 3935 δι
3284 3873 3362 3936 ὧν
3390 3882 3449 3935 αῖ
3494 3898 3554 3936 τε
3599 3886 3684 3948 είς

2107 3964 2342 4042 θεωρίαν
2367 3965 2565 4020 εἴσοδοι
2597 3967 2865 4036 γίνονται,
2898 3970 2994 4022 καὶ
3033 3971 3089 4022 αἱ
3113 3971 3250 4041 πρὸς
3283 3973 3480 4042 πρᾶξιν
3511 3991 3682 4028 σπου-

2105 4055 2264 4108 δαίαν
2295 4057 2537 4125 πρόοδοι.
2580 4059 2689 4111 Καὶ
2719 4058 2861 4116 οὕτω
2909 4061 2998 4112 τὸν
3053 4061 3415 4132 ὀλοθρεύοντα
3454 4065 3680 4134 8.04256-

2104 4161 2319 4212 γουσιν,
2374 4145 2407 4215 ἢ
2469 4147 2620 4215 παρὰ
2658 4146 2850 4228 θύρας,
2900 4149 2928 4202 δ
2979 4167 3168 4218 φασιν,
3226 4155 3480 4223 ἀφιέντες
3523 4157 3681 4228 ἥκειν

2105 4238 2335 4300 ἐκεῖνον,
2378 4238 2487 4291 εἴτε
2523 4239 2617 4292 καὶ
2653 4239 3075 4310 θυροκρουστεῖν
3099 4245 3178 4311 είς
3216 4248 3392 4303 κενόν.

2175 4335 2281 4384 κα’.
2325 4329 2498 4383 Τοῦτο
2543 4330 2604 4383 τὸ
2659 4326 2820 4402 αἷμα,
2876 4332 3035 4388 τοῦτο
3081 4336 3142 4389 τὸ
3200 4338 3374 4409 μύρον
3420 4339 3681 4407 ἀειζωῖας

2104 4423 2405 4494 τεκμήρια,
2443 4424 2540 4476 καὶ
2563 4422 2657 4477 τοῦ
2696 4425 2898 4490 εὐῶδες
2927 4428 3047 4500 Θεῷ
3090 4429 3184 4484 τὸν
3215 4413 3470 4506 μάρτυρα
3509 4450 3682 4506 προσ-

2105 4511 2397 4592 ενηνέχθαι
2423 4511 2696 4583 θυμίαμα.
2734 4514 3171 4587 Ἀντιμετρεῖται
3199 4519 3375 4584 ταῦτα
3419 4527 3501 4587 είς
3546 4526 3682 4579 πολ-

2104 4599 2366 4668 λαπλοῦν,
2398 4598 2481 4667 οἷς
2507 4605 2647 4674 ὑπὲρ
2689 4606 2925 4677 Χριστοῦ
2956 4609 3111 4678 ἔχεεν
3144 4611 3333 4690 ἱδρῶσι
3364 4614 3461 4666 καὶ
3506 4595 3692 4685 αἷμα-δ

2105 4709 2230 4746 σινο
2286 4694 2347 4758 ὃς
2395 4696 2684 4776 ἀποδιδοὺς
2732 4698 2801 4752 τὰ
2855 4700 3092 4766 ἐνταῦθα
3151 4705 3232 4767 είς
3284 4707 3681 4774 μυριοπλάσιον

2103 4787 2523 4857 προσεπιτίθησι
2572 4789 2667 4855 καὶ
2712 4788 2857 4872 ζωὴν
2914 4791 3160 4849 αἰώνιον.
3213 4779 3418 4850 Τούτου
3463 4798 3524 4851 τὸ
3574 4798 3680 4869 μὲν

2101 4874 2343 4945 πνεῦμα,
2376 4880 2689 4951 παραδείσῳ
2736 4883 2816 4952 τῷ
2862 4884 2964 4956 τῆς
3011 4885 3292 4959 ἀκηράτου
3333 4890 3548 4960 τρυφῆς
3590 4893 3683 4944 ἐν-

2096 4964 2473 5037 διαιτώμενον,
2508 4973 2963 5044 πραγματεύεται
3008 4979 3106 5032 καὶ
3145 4980 3278 5049 ἡμῖν
3329 4966 3429 5051 τὴν
3481 4982 3681 5051 ὁμοίαν

2098 5056 2277 5126 χάριν,
2316 5053 2396 5126 οἷς
2427 5062 2748 5134 ἐντυγχάνει
2785 5064 2862 5134 τῷ
2905 5067 3190 5139 μελεδωνῷ
3231 5071 3324 5138 καὶ
3358 5071 3668 5144 φυτηκόμῳ

2096 5152 2202 5253 τῆς
2227 5153 2455 5253 ἀφθίτου
2493 5158 2711 5227 ἐκείνης
2755 5160 3042 5228 φυταλιᾶς,
3079 5148 3173 5216 καῖ
3205 5165 3305 5233 τὴν
3334 5145 3692 5253 προγονικὴνξ

2097 5245 2230 5311 ἡμῖν
2274 5247 2537 5314 ἐπανάγει
2588 5249 2982 5319 κληρονομίαν,
3013 5248 3082 5324 ἧς
3137 5253 3330 5322 φθόνος
3383 5245 3690 5321 σατανικὸςι

2098 5335 2244 5404 ἡμᾶς
2271 5337 2564 5407 ἀπήγαγεο
2601 5339 2662 5392 τὸ
2713 5340 2770 5393 δὲ
2821 5341 2980 5411 σῶμα
3015 5345 3349 5414 παραδείσου
3388 5339 3502 5398 οἷον
3532 5325 3690 5419 ἰλμίνῖ

2097 5429 2424 5498 ἐντρύφημα
2456 5431 2685 5497 γίνεται,
2720 5433 2782 5485 οὑ
2816 5435 2976 5502 μόνον
3005 5431 3088 5500 οἷς
3117 5437 3327 5504 ἐκεῖθεν
3360 5417 3690 5510 δρεπόμεθιν.1

2097 5519 2280 5581 καλοῖς
2306 5519 2382 5581 ὠς
2407 5520 2690 5585 ἑκάστοτε,
2717 5522 2852 5577 ἀλλά
2883 5526 2976 5577 καὶ
3002 5521 3084 5588 οἷς
3113 5527 3172 5579 ἐν
3202 5527 3376 5596 τούτῳ
3418 5528 3488 5580 τά
3529 5529 3678 5581 ἐκεί-

2096 5628 2188 5663 νου
2219 5613 2655 5683 μεγαλοπρεπῶς
2682 5615 2960 5686 θαυμάσια
2989 5617 3415 5689 διοπτανόμεθα,
3448 5622 3560 5683 τοῖς
3609 5587 3690 5689 τ·εὲ

2101 5705 2458 5774 μυρορρόαις,
2492 5706 2583 5758 καὶ
2613 5710 2723 5769 τοῖς
2749 5707 2846 5760 τοῦ
2877 5708 3110 5778 αἵματος
3165 5709 3366 5779 μικροῦ
3419 5710 3514 5763 καὶ
3564 5679 3691 5763 κυ-³

2101 5797 2323 5865 ματίαις
2361 5797 2452 5849 διὰ
2481 5799 2539 5849 τὸ
2583 5798 2853 5868 πλήσμιον
2901 5802 3190 5870 ποταμοῖς,
3224 5801 3274 5852 οἳ
3309 5801 3535 5854 αὐτόθεν
3580 5779 3690 5856 ἐκ-⁵

2096 5887 2395 5941 κύπτουσιν
2427 5890 2506 5952 είς
2562 5888 2814 5956 ἀένναον,
2854 5891 2944 5944 καὶ
3008 5893 3128 5955 ταῖς
3168 5891 3414 5962 λόγχαις,
3473 5891 3539 5956 ἂς
3590 5883 3689 5959 ei,”
