4048 6400
263 425 346 492 185

1360 440 1750 503 LAUDATIO
1783 441 1841 502 S.
1882 442 2289 505 DEMETRII.

3358 441 3460 508 186

257 542 543 612 Osoptirsum
581 541 775 613 δένδρα
821 546 1252 617 παρομοιοῦμεν,
1287 549 1364 619 τῷ
1419 551 1574 621 καλῷ
1603 552 1832 622 τούτῳέ

1935 571 2010 609 »τε
2040 557 2300 627 planlalis
2340 567 2397 612 et
2439 556 2595 626 quasi
2644 556 2700 612 in
2761 555 3018 634 paradiso
3063 555 3356 627 voluptatis
3391 570 3461 612 eo

257 633 626 706 ἐμφυτευθέντα
674 631 742 706 ἦν
787 636 875 690 ὅτε
908 637 1146 708 σώματι,
1194 643 1288 694 καὶ
1335 643 1415 704 εἰς
1457 643 1787 712 παράδεισον

256 731 426 800 τρυφῆς
457 727 586 781 αὐτδ
620 730 720 794 τῆς
750 729 891 783 κατὰ
922 731 1139 800 πνεῦμα
1167 734 1628 788 διασκευάσαντα.

309 819 400 890 κβ’.
437 820 720 876 Ἐντεῦθεν
750 823 913 892 ἡμεῖς
964 825 1056 878 καὶ
1104 827 1184 888 εἰς
1231 827 1401 895 ἄλλην
1437 827 1789 896 διαϐαίνομεν

257 910 519 981 ἐνθύμησιν
553 911 934 984 ὁμοιότροπον,
967 916 1016 969 εί
1050 919 1144 969 καὶ
1175 917 1252 987 μὴ
1277 917 1420 971 οὕτω
1446 921 1589 972 πάνυ
1623 936 1793 988 μεγα-

253 1003 638 1073 λοπρεπέστατα
658 1004 910 1076 ἔχουσαν⁹
944 1010 1037 1061 καὶ
1070 1009 1130 1062 τὸ
1151 1010 1210 1062 ἐν
1251 1009 1438 1080 Ἐδεὶμ
1468 1011 1628 1074 ἄλσος
1664 1013 1794 1065 ἀνα-

255 1095 494 1164 πολοῦμεν
526 1097 610 1160 είς
639 1098 786 1160 νοῦν,
844 1101 938 1152 καὶ
987 1099 1086 1163 τὰς
1139 1101 1257 1154 ἐκεῖ
1313 1102 1494 1171 πηγὰς
1547 1105 1642 1156 καὶ
1694 1103 1794 1167 τὰς

252 1187 493 1257 φοίνικας,
532 1189 626 1242 καὶ
658 1190 1080 1261 παραϐάλλομεν
1115 1193 1195 1254 είς
1229 1193 1524 1262 ὁμοιότητα
1557 1193 1617 1246 τὸ
1651 1196 1796 1248 κατὰ

252 1277 328 1330 τὸν
361 1277 610 1348 μάρτυρα
635 1280 730 1332 καὶ
755 1281 846 1332 τὸν
883 1281 1120 1351 Ἰσραήλ.
1147 1284 1286 1346 Τοὺς
1311 1283 1433 1336 καθ’
1456 1286 1606 1354 ἡμᾶς
1629 1286 1795 1349 λαοὺς

250 1369 330 1423 τοῦ
369 1369 496 1424 Θεοῦ
532 1371 848 1442 θεωροῦμεν
887 1373 1372 1441 παρεμϐάλλοντας
1415 1376 1686 1438 ἐνταυθοῖ,
1719 1375 1797 1442 ὡς

249 1464 319 1524 εἰς
348 1463 538 1533 χωρίον
595 1463 760 1534 ίερῶς
789 1467 1083 1535 τρυφερὸν,
1124 1467 1220 1520 κα)⁸
1276 1468 1799 1539 ἐπαναπαυομένους

244 1553 313 1624 τῷ
336 1557 549 1624 τεμένει
573 1555 791 1622 τούτου,
825 1557 853 1611 δ
892 1558 987 1612 καὶ
1029 1562 1172 1626 φυτὰ
1199 1559 1386 1630 ὥσπερ
1431 1563 1488 1614 αί
1538 1563 1798 1634 ἐμπεπη-

245 1648 380 1713 γυῖαι
408 1647 602 1717 λόγχαι
635 1649 975 1719 ἐκόσμησαν,
1030 1653 1124 1704 καὶ
1173 1651 1350 1719 πηγαὶ
1379 1653 1438 1706 δὲ
1487 1655 1801 1724 ποταμηδδν

245 1739 539 1808 ἐκρέουσαι,
569 1741 665 1794 καὶ
695 1741 846 1812 μύρα
869 1743 960 1796 καὶ
982 1743 1210 1812 αἵματα,
1242 1737 1370 1813 ὧνή
1405 1744 1618 1813 πηγαία
1646 1744 1802 1815 χύσις

1916 647 2161 701 secuudu
2184 664 2220 701 η
2277 647 2531 717 spiritum
2567 650 2860 705 ordinatis.

1963 829 2054 884 22.
2090 829 2222 882 Inde
2256 830 2308 884 in
2343 831 2504 886 aliam
2537 832 2914 901 progredimur
2960 831 3192 887 similem
3254 829 3463 901 cogita-

1895 921 2116 984 tionem,
2144 920 2271 976 licet
2299 937 2403 975 non
2429 931 2536 977 tam
2557 924 2922 991 magniﬁcam,
2944 931 2999 976 et
3023 924 3237 977 hortum
3261 937 3467 975 nemo-

1893 1020 2070 1066 ratum
2102 1012 2155 1066 in
2190 1012 2530 1066 Edenanimo
2584 1024 2900 1082 reputamus
2943 1013 3092 1069 etibi
3141 1013 3469 1069 exsistentes

1896 1103 2146 1160 fouteset
2168 1105 2401 1173 palmas,
2473 1119 2537 1158 ac
2571 1106 2622 1159 in
2685 1107 3096 1162 similitudinem
3151 1107 3471 1161 adducimus

1896 1205 2174 1251 narratum
2207 1199 2273 1251 de
2304 1205 2543 1268 martyre
2568 1206 2622 1252 et
2643 1198 2709 1252 de
2734 1198 2919 1253 Israel.
2940 1198 3176 1266 Populus
3239 1197 3333 1252 Dei
3369 1212 3470 1250 no-

1897 1299 2041 1344 stros
2057 1289 2146 1342 hic
2174 1289 2436 1342 turbatim
2462 1297 2682 1343 coactos
2709 1289 2956 1344 videmnus
3023 1304 3258 1357 anquam
3293 1288 3345 1342 in
3375 1289 3475 1344 de-

1898 1381 2039 1434 liciis
2062 1380 2234 1435 sacris
2258 1381 2581 1435 exuberanti
2615 1379 2732 1435 loco
2757 1390 2808 1436 et
2837 1381 2890 1434 in
2924 1380 3068 1435 illius
3099 1395 3258 1436 sacro
3280 1395 3473 1447 recep-

1902 1473 2085 1528 taculo
2118 1473 2490 1536 considentes,
2519 1473 2664 1542 quod
2695 1473 3090 1541 plantariorum
3127 1472 3299 1527 instar
3346 1471 3473 1527 inli-

1900 1579 1984 1620 xze
2004 1564 2208 1620 lancea:
2229 1573 2558 1618 ornaverunt
2582 1575 2634 1619 et
2664 1564 2842 1619 fontes
2869 1564 2922 1618 in
2935 1579 3149 1620 amnem
3176 1564 3481 1618 scaturien-

1905 1668 2007 1720 tes,
2037 1667 2088 1712 et
2119 1665 2392 1727 unguenta
2424 1666 2478 1710 et
2504 1657 2725 1726 sanguis
2753 1671 2989 1726 quorum
3024 1655 3258 1710 ﬂuvialis
3287 1653 3481 1710 eﬂ'nsio

1905 1757 2158 1816 tanquam
2177 1763 2242 1802 ex
2262 1748 2617 1816 unguentario
2634 1747 2885 1802 thesauro
2911 1747 3233 1808 ascendens,
3258 1759 3475 1800 onmem

245 1831 311 1894 ὡς
363 1831 420 1896 ἐξ
471 1831 718 1886 ἀϐύσσου
755 1834 855 1903 τῆς
910 1834 1228 1905 μυροθήκης
1291 1835 1696 1897 ἀναϐαίνουσα,
1741 1837 1802 1890 τὸ

1935 1857 2063 1897 eme
2086 1840 2280 1896 faciem
2311 1840 2523 1908 irrigat.
2584 1838 2700 1893 Non
2735 1846 2820 1894 est
2851 1839 2998 1893 enim
3032 1854 3130 1893 cur
3159 1854 3262 1891 non
3297 1845 3485 1892 trans-

1838 1883 1878 1937 Β

245 1926 518 1995 πρόσωπον
556 1927 705 1982 διπαν
734 1925 942 1991 ποτίζει
973 1929 1071 1998 τῆς
1097 1929 1220 1997 γῆς.
1241 1927 1356 1982 Ούκ
1384 1928 1501 1981 ἐστι
1535 1930 1642 1998 γὰρ
1667 1929 1801 1982 ὅπου

1935 1934 2158 1987 uittatur
2183 1930 2470 2001 pulchrum
2509 1931 2732 1992 donum,
2763 1945 2884 1984 cum
2917 1929 3032 1984 sole
3071 1942 3300 1982 currens
3326 1936 3381 1982 et
3430 1926 3483 1980 in

248 2020 312 2089 μὴ
336 2019 648 2090 διαδόσιμον
698 2021 908 2088 γίνεται
956 2020 1017 2073 τὸ
1066 2020 1249 2085 καλὸν,
1304 2021 1688 2091 πνδιατρέχον
1727 2021 1805 2092 τῷ

244 2113 387 2181 ἡλίῳ,
447 2116 544 2168 κα)⁸
601 2113 878 2184 πανταχοῦ
927 2114 1028 2183 τῆς
1073 2115 1409 2184 ὀἰκουμένης
1463 2114 1802 2183 ἱκνούμενον.

244 2205 427 2260 Τοῦτον
456 2205 550 2259 τὸν
581 2206 748 2260 τόπον
777 2207 867 2260 καὶ
903 2206 1145 2276 ποταμὸν
1175 2204 1292 2258 ἔστι
1341 2205 1478 2258 Θεοῦ
1503 2203 1808 2267 Δαυῖτικῶς

244 2304 577 2371 προσειπεῖν,
631 2301 734 2371 οὐχ
773 2303 981 2356 ὑδάτων
1021 2301 1484 2371 πεπληρωμένον,
1535 2299 1572 2354 δ.
1631 2300 1807 2369 μάτην

244 2388 566 2456 πλανῶνται,
609 2393 745 2446 ἀλλὰ
773 2393 1026 2461 προχοῶν
1053 2393 1360 2463 σωτηρίων,
1389 2391 1460 2444 δι’
1493 2385 1571 2445 ὧν
1603 2390 1813 2460 ἀναψύ-

244 2500 415 2554 χονται
448 2484 660 2553 νοερῶς
682 2485 731 2536 οί
759 2483 1133 2546 ἐκλείποντες.
1727 2465 1736 2471 ί

305 2594 407 2654 κγ’.
441 2588 638 2641 Ἔστιν
666 2589 817 2668 ἡμῖν,
842 2582 887 2641 ὦ
913 2587 1144 2657 μάρτυς,
1175 2587 1356 2655 λέγειν
1397 2588 1560 2642 ἄλλον
1585 2587 1810 2656 τρόπον,

244 2678 376 2751 ἥπερ
395 2679 444 2732 oi
480 2679 654 2733 πάλαι
682 2679 1009 2746 ἁγιοκτόνοι,
1040 2697 1060 2732 ι
1089 2679 1163 2731 Τδ
1189 2676 1328 2748 αἷμα
1354 2680 1413 2733 τὸ
1438 2679 1530 2732 σὺν
1555 2679 1641 2747 ἐφ’
1664 2679 1814 2750 ἡμᾶς

245 2771 330 2824 καὶ
359 2771 452 2824 ἐπὶ
473 2773 547 2826 τὰ
573 2773 742 2826 τέκνα
769 2771 946 2842 ἡμῶν.
987 2790 1007 2824 ι
1039 2771 1162 2825 Τῶν
1194 2773 1252 2824 ἐν
1287 2771 1386 2840 βίῳ
1425 2771 1495 2824 τὰ
1537 2772 1598 2824 ἐν
1625 2771 1813 2841 σαρκὶ,

243 2865 343 2918 τῶν
372 2863 480 2930 ἔξω
512 2865 639 2934 βίον
689 2863 762 2916 τὰ
805 2864 1173 2934 πνευματικά.
1217 2861 1406 2930 Τούτῳ
1449 2863 1558 2932 γὰρ
1599 2864 1693 2915 καὶ
1741 2861 1816 2924 ὡς

245 2952 348 3010 οἷον
380 2958 604 3029 σημείῳ
654 2957 763 3012 τινὶ⁵
813 2955 875 3008 τὸ
926 2956 1072 3008 θεῖον
1124 2955 1288 3024 ἡμεῖς
1350 2953 1818 3024 παραδηλούμεθα

245 3051 515 3119 ποίμνιον,
566 3051 668 3103 καὶ
715 3049 778 3103 τὸ
830 3048 1098 3116 ζωογόνον
1136 3048 1609 3118 ἀναρρωννύμεθα
1649 3048 1820 3100 πολυ-

246 3141 662 3207 πλασιάζοντεςο
720 3140 750 3194 δ
781 3140 844 3210 δὴ
885 3141 977 3194 καὶ
1024 3140 1158 3194 ὡσεὶ
1199 3141 1453 3194 κόκκινον
1488 3141 1716 3193 ἐπανθεῖ
1744 3139 1822 3208 τῷ

1904 2039 2119 2079 omnem
2153 2033 2354 2078 terram
2391 2022 2598 2078 exiens.
2617 2019 2795 2076 Locus
2812 2031 2867 2075 et
2890 2020 3084 2075 ﬂuvius
3106 2019 3196 2073 Dei
3229 2017 3487 2072 Davidico

1907 2131 2056 2170 more
2085 2115 2454 2178 honorandus,
2482 2130 2588 2169 non
2621 2114 2778 2183 aquis
2803 2113 2998 2181 plenus
3030 2128 3149 2183 qua:
3198 2112 3252 2166 iu
3283 2125 3482 2165 vanum

1907 2217 2110 2273 errant,
2135 2209 2229 2264 sed
2269 2209 2537 2264 salutares
2577 2223 2748 2276 aquas
2789 2205 3078 2261 eli'undens
3123 2204 3323 2276 quibus
3374 2203 3488 2274 spi-

1909 2298 2176 2355 ritualiter
2202 2300 2426 2356 sedatur
2456 2299 2832 2357 deficientium
2854 2298 3000 2354 sitis.

1983 2584 2072 2638 23.
2100 2582 2356 2638 Nostrum
2388 2590 2493 2647 est,
2517 2597 2552 2637 o
2577 2590 2803 2652 martyr,
2837 2580 2945 2635 alio
2968 2579 3129 2634 modo
3183 2591 3347 2648 quam
3395 2589 3494 2630 ve-

1915 2685 2059 2732 teres
2082 2684 2393 2731 sanctorum
2419 2674 2692 2730 occisores
2706 2672 2886 2728 dicere
2913 2688 2928 2726 τ
2961 2670 3230 2740 «Sanguis
3261 2676 3384 2724 tuus
3404 2683 3499 2722 su-

1915 2782 2014 2838 per
2041 2781 2140 2821 nos
2162 2776 2216 2822 et
2230 2779 2394 2835 super
2420 2764 2554 2820 ﬁlios
2578 2771 2808 2818 nostros.
2839 2781 2858 2813 ι
2890 2759 2990 2828 Qui
3007 2761 3187 2817 saeculi
3209 2767 3357 2824 sunt,
3380 2773 3502 2828 qua:

1919 2858 2101 2913 carnis
2126 2857 2516 2925 suntsapiunt,
2553 2855 2645 2925 qui
2669 2864 2825 2910 extra
2884 2854 3143 2910 saeculum
3194 2861 3324 2908 sunt
3376 2865 3501 2921 qua:

1918 2946 2248 3015 spiritualia.
2283 2943 2524 3012 Namque
2577 2943 2680 2997 hoc
2733 2940 2888 3012 quasi
2940 2938 3208 3012 symbolo,
3258 2936 3504 2991 divinum

1921 3037 2262 3093 ostendimur
2285 3035 2425 3088 ovile
2466 3049 2566 3089 nos
2591 3048 2714 3088 esse
2747 3041 2802 3088 et
2849 3030 3182 3087 fecunditate
3231 3027 3508 3082 conforta-

1925 3143 2044 3180 rnur
2075 3125 2450 3195 multiplicati;
2483 3124 2704 3193 sanguis
2756 3130 2884 3176 tuus
2933 3129 3190 3188 tanquam
3249 3117 3505 3171 coccinea

248 3234 320 3304 σῷ
343 3236 524 3306 τούτῳ
555 3233 696 3304 ναῷ,
747 3207 846 3301 οὐχ
877 3227 1063 3304 ἦττον,
1110 3232 1144 3302 ἦ
1194 3233 1256 3284 τὸ
1305 3231 1536 3284 παλαιὸν
1567 3234 1634 3300 τῇ
1681 3207 1824 3285 κατὰ

1935 3220 2137 3275 cortina
2171 3218 2313 3272 istud
2340 3226 2490 3270 tuum
2529 3223 2799 3283 purpurat
2849 3211 3107 3280 templum
3162 3224 3269 3264 non
3326 3207 3509 3261 minus

247 3331 407 3398 νόμον
453 3331 663 3399 σκηνῇ.
716 3327 832 3381 Οὐκ
865 3325 983 3379 ἐστι
1041 3342 1124 3378 σοι
1177 3323 1238 3377 τὸ
1289 3325 1574 3375 Δαυΐτικδν
1608 3324 1828 3392 λέγειν·

252 3439 273 3475 ι
300 3423 399 3488 Τίς
438 3423 691 3492 ὠφέλεια
719 3420 779 3473 ἐν
806 3419 883 3488 τῷ
914 3416 1107 3486 αἵματί
1141 3434 1268 3486 μου,
1307 3434 1326 3467 ι
1363 3416 1446 3470 ὅτι
1496 3416 1629 3484 μηδὲ
1661 3416 1834 3468 κατά-

249 3515 404 3579 ϐασις
437 3516 677 3584 γέγονεν
704 3512 783 3574 είς
813 3508 1143 3579 διαφθοράν;
1178 3508 1288 3571 Πᾶς
1323 3509 1432 3576 γὰρ
1461 3507 1713 3560 ὁστισοῦν
1743 3506 1839 3559 αὑ-

249 3605 340 3660 τοῦ
371 3605 713 3678 ἀρυόμενος,
751 3601 852 3656 οὐκ
885 3600 1035 3654 ἐστιν
1069 3601 1264 3664 εἰπεῖν,
1295 3599 1420 3652 ὅσον
1453 3596 1838 3666 ὠφελούμενος

254 3701 479 3770 βελτίων
508 3700 758 3761 ἄπεισιν,
789 3692 1151 3763 ἀγιαζόμενος
1171 3691 1251 3754 εῐς
1272 3707 1333 3744 τε
1355 3689 1535 3760 σάρκα
1558 3691 1653 3744 καὶ
1676 3685 1838 3757 αἷμα,

251 3793 681 3864 ἀναζωούμενος
719 3787 889 3860 ζωὴν,
939 3782 1478 3858 προσεπιλαμϐάνων
1523 3782 1656 3845 πᾶν,
1701 3781 1730 3833 δ
1785 3797 1840 3833 τι

251 3887 356 3942 δέοι
383 3885 592 3941 παθεῖν
621 3881 850 3951 ἀγαθὸν,
885 3878 1218 3948 ἐξευρίσκων
1245 3872 1397 3928 αὐτὸ.
1428 3874 1501 3927 Ἣ
1530 3873 1647 3931 πῶς
1670 3874 1735 3927 ἄν
1761 3889 1843 3936 τις

253 3982 527 4055 ἀδυναμία
581 3980 669 4033 εἰς
724 3977 888 4047 ἔργον
937 3970 1432 4039 κατακαυχήσηται
1499 3965 1710 4030 τοῦτον,
1767 3962 1844 4026 ὡς

253 4077 448 4140 εἰπεῖν,
486 4072 783 4134 ἀλίϐαντα,
814 4068 876 4120 τδ
917 4065 1013 4118 τοῦ
1050 4064 1331 4134 μάρτυρος
1359 4060 1568 4130 γήϊνον,
1611 4056 1712 4110 οὐκ
1761 4056 1844 4119 εις

254 4167 480 4232 λιϐάδας
529 4167 701 4235 μόνον
741 4159 1060 4232 τεραστίας,
1115 4154 1253 4210 ἀλλὰ
1313 4153 1410 4207 καὶ
1465 4151 1547 4211 εἰς
1592 4148 1847 4219 ἐκρύσεις

256 4263 350 4316 θαυ
360 4259 548 4332 ματοϐ
556 4257 758 4329 ρύτους
792 4252 1104 4316 ἀνοίξαντος
1125 4265 1140 4314 ;

323 4353 423 4409 κδ’.
455 4351 771 4420 Μυστήρια
795 4345 893 4400 καὶ
920 4343 1092 4398 ταῦτα
1113 4340 1214 4394 οὐκ
1244 4340 1310 4394 ἐκ
1341 4339 1448 4392 τῶν
1477 4338 1691 4409 πόρρω,
1712 4332 1848 4390 ἀλλά

255 4447 358 4500 τῶν
404 4446 496 4499 ὅτι
538 4441 786 4512 μάλιστα
823 4437 1113 4505 ἐγγυτάτω
1156 4429 1704 4502 προκαταϐέϐληνται
1749 4425 1851 4493 τῆς

257 4540 435 4593 ἐκεῖσε
467 4536 578 4590 καὶ
597 4527 919 4591 τελευταίας
950 4527 1046 4580 κοιλ⁵
1073 4525 1295 4580 αἰωνίου
1320 4523 1486 4589 ζωῆς.
1517 4519 1687 4573 Πόθεν
1709 4519 1848 4580 ἐκεῖ,

644 4618 1044 4691 ἐγηγερμένοις
1099 4615 1320 4686 σώμασι
1360 4614 1421 4666 τὸ
1473 4609 1852 4673 συνίστασθαι,

259 4723 390 4776 ὅπου
422 4718 653 4791 τροφῆς
705 4712 781 4782 μὴ
812 4710 960 4764 ἐστιν
991 4709 1282 4780 ὲπίρροια;
1318 4705 1450 4760 Λύει
1470 4707 1508 4791 ,δ
1554 4701 1765 4791 μαρτυς
1791 4699 1855 4791 τὸ

260 4787 489 4879 impos.
517 4805 698 4857 Ὅθεν
734 4792 878 4866 ἐμοὶ,
909 4795 1096 4866 φησὶν,
1133 4792 1369 4848 ἐνταῦθα
1396 4793 1428 4862 ἡ
1460 4789 1724 4857 ζωογόνος
1748 4787 1858 4841 τῶν

262 4876 519 4964 αἱματων
554 4888 856 4960 ἀπόρροια.
886 4883 1080 4936 Θεόθεν
1128 4880 1309 4936 τοῦτο.
1358 4879 1596 4933 Ἐκεῖθεν
1625 4876 1734 4947 ἄρα
1763 4876 1858 4928 καὶ

259 4631 414 4698 φασὶ,
454 4629 588 4688 τοῖς

261 4990 440 5042 ἐκεῖνο
473 4987 505 5038 ὁ
539 4983 802 5052 ἐχέφρων
834 4977 1132 5044 λογίσεται.
1165 4973 1432 5040 «Ἀνδρας
1459 4969 1709 5038 αἱμάτων
1738 4966 1859 5036 βδε-
1887 4987 1890 4989 λ

261 5077 527 5130 λύσσεται
558 5071 796 5141 Κύριος.
829 5086 849 5120 ι
883 5065 1133 5120 Τοιοῦτον
1161 5063 1219 5117 δὲ
1251 5066 1344 5115 καὶ
1371 5062 1431 5113 τὸ
1461 5060 1726 5130 τύραννον
1756 5055 1862 5126 φῦ-

263 5171 373 5236 λον,
408 5168 632 5226 ἀδίκως
661 5159 852 5231 ἐκχέον
885 5158 1113 5227 αἵματα,
1139 5155 1235 5208 καὶ
1269 5153 1510 5224 μάλισθ’,
1545 5151 1675 5203 ὅταν
1719 5148 1862 5218 ὑπὲρ

267 5254 515 5324 Χριστοῦ
565 5251 759 5304 ἐκεῖνα
799 5246 1056 5317 χέωνται.
1089 5243 1302 5296 Οὐκοῦν
1332 5241 1428 5296 καὶ
1468 5239 1712 5303 ἐκείνους
1750 5239 1868 5309 βδε-

271 5349 538 5402 λύττεται
577 5340 813 5410 Κύριος.
847 5339 910 5391 El
943 5336 1000 5390 δὲ
1047 5334 1224 5394 τοῦτο.
1280 5335 1376 5387 ml.
1429 5331 1701 5402 ἐπαμύνει
1754 5331 1868 5392 τοῖς

277 5436 652 5508 ἐκχεομένοις
685 5430 904 5500 αἵμασι,
929 5428 1020 5482 καί
1048 5443 1178 5480 ποτε
1205 5424 1347 5478 οὕτω
1376 5425 1590 5495 κρίνας,
1622 5423 1697 5485 ὼς
1730 5419 1870 5475 οἶδεν

272 5530 484 5588 ἐκεῖνος
508 5520 749 5580 διαιτῶν
779 5518 1021 5572 εὐθετεῖν
1060 5517 1156 5569 κο.)⁵
1183 5515 1490 5584 οἰκονομεῖν
1524 5511 1872 5582 ἀποκαθιστᾷ

274 5619 384 5680 τοῖς
421 5609 811 5684 μαρτυρικοῖς
838 5607 1057 5675 σώμασι
1087 5604 1146 5656 τὸ
1176 5603 1529 5673 ἐκχεόμενον,
1553 5601 1700 5672 καὶῆ
1738 5602 1873 5672 πρὸς

279 5712 472 5776 καιρὸν
503 5701 602 5774 (τὸ
632 5697 862 5768 καινὸν),
916 5697 950 5767 ἢ
986 5696 1080 5748 καὶ
1118 5695 1198 5755 εἰς
1228 5691 1448 5745 αἰώνιον
1495 5689 1576 5760 (to
1623 5689 1876 5743 καινότα-

277 5801 412 5869 τον)ο
449 5799 480 5852 ὃ
511 5796 585 5866 δὴ
629 5793 707 5864 τῷ
740 5792 994 5863 ἡμετέρῳ
1034 5791 1268 5859 μάλιστα
1302 5785 1601 5856 ἐπιπρέπει
1632 5784 1876 5854 μάρτυρι

284 5888 860 5970 πεπραγματευμένα)
919 5883 1054 5954 πρὸς
1099 5879 1234 5937 Θεοῦ
1287 5879 1378 5934 τοῦ
1431 5877 1877 5948 μαρτυρηθέντος

1889 4577 1930 4630 D

1935 3313 2182 3380 quamde
2209 3309 2378 3364 veteri
2423 3307 2576 3371 juxta
2598 3305 2774 3373 legem
2837 3299 3186 3357 tabernaculo
3233 3297 3512 3364 continge-

1935 3406 2049 3458 bat.
2080 3403 2254 3456 Tuum
2282 3415 2386 3454 non
2414 3407 2497 3453 est
2519 3413 2642 3453 cum
2669 3395 2874 3450 Davide
2895 3392 3050 3448 eﬂ'ari
3082 3410 3098 3447 :
3133 3409 3152 3432 σ
3217 3389 3349 3456 Quae
3399 3387 3503 3440 uti-

1937 3497 2059 3550 litas
2080 3495 2132 3548 in
2152 3493 2410 3562 sanguine
2430 3505 2572 3552 meo,
2597 3488 2720 3558 quia
2743 3501 2851 3542 non
2871 3483 3121 3540 descendi
3142 3482 3196 3536 iu
3211 3478 3518 3547 corruptio-

1939 3587 2143 3642 nem?»
2195 3583 2579 3655 Unusquisque
2631 3581 2778 3635 enim
2818 3593 2962 3634 exeo
3013 3576 3274 3639 hauriat;
3328 3572 3516 3627 dicen-

1940 3681 2076 3735 dum’
2104 3694 2208 3734 non
2239 3685 2324 3733 est
2357 3695 2372 3730 :
2409 3677 2460 3729 iu
2483 3689 2593 3744 quo
2646 3673 2938 3728 utilitatem
2982 3668 3292 3741 percipiens
3322 3663 3519 3719 melior

1940 3769 2145 3832 evadit,
2177 3781 2340 3822 carne
2361 3773 2415 3820 et
2439 3762 2702 3830 sanguine
2731 3759 3123 3822 sanctiﬁcatus,
3159 3756 3271 3812 vita
3327 3752 3519 3808 melio-

1943 3867 2115 3919 ratus.
2137 3855 2408 3924 accipiens
2427 3867 2589 3908 omne
2619 3851 2761 3920 quod
2788 3850 2997 3906 sentire
3049 3853 3268 3916 oportet
3314 3844 3519 3898 bonum

1943 3952 2048 4006 hoc
2073 3949 2314 4005 invento.
2350 3949 2456 4002 Aut
2481 3959 2600 4015 quae
2628 3945 2694 3996 ad
2717 3957 2855 4010 opus
2885 3939 3208 4012 impotentia
3255 3935 3520 4008 gloriare-

1947 4053 2055 4110 tur,
2074 4042 2165 4097 illo
2192 4050 2249 4095 ut
2282 4040 2354 4094 ita
2406 4038 2581 4094 dicam
2613 4036 2872 4092 defuncto
2901 4032 3056 4103 quod
3071 4041 3329 4087 terrestre
3349 4037 3434 4083 est
3465 4025 3520 4081 in

1949 4145 2208 4206 martyre,
2244 4148 2367 4188 cum
2391 4143 2600 4201 martyr
2627 4144 2730 4185 non
2757 4127 2931 4183 solum
2951 4127 3028 4194 ‘ad
3056 4133 3234 4194 guttas
3264 4120 3524 4176 minimas

1948 4230 2046 4285 sed
2081 4235 2136 4282 et
2171 4225 2238 4280 ad
2262 4238 2453 4280 omnes
2489 4220 2873 4277 miraculorum
2903 4226 3149 4273 vectores
3181 4215 3404 4284 pateat?

2018 4317 2110 4372 2i.
2134 4314 2390 4386 Mysteria
2418 4328 2523 4369 non
2553 4312 2764 4378 leviter,
2800 4311 2893 4365 sed
2952 4308 3216 4379 explicite
3247 4320 3528 4376 exponun-

1950 4416 2042 4464 tur
2075 4409 2140 4462 de
2163 4406 2265 4460 hac
2289 4414 2340 4460 et
2358 4406 2424 4460 de
2447 4413 2645 4458 aeterna
2676 4403 2804 4457 vita.
2830 4398 3009 4464 Unde,
3038 4400 3211 4462 aiunt,
3232 4413 3524 4467 resurgen-

1953 4503 2097 4556 tibus
2123 4499 2446 4568 corporibus
2476 4494 2820 4553 coalescendi
2843 4493 3074 4550 facultas
3098 4507 3206 4562 quo
3229 4507 3335 4547 non
3387 4492 3523 4546 abiit

1958 4590 2201 4646 alimenti
2233 4586 2501 4643 derivatio
2531 4587 2555 4640 ἲ
2581 4583 2969 4653 Solvitmartyr
2991 4579 3378 4635 diﬂicultatem.
3415 4577 3527 4633 Uu-

1955 4683 2023 4739 de
2041 4681 2193 4747 mihi,
2212 4679 2411 4748 inquit,
2434 4677 2520 4732 hic
2545 4671 3058 4742 vivilica'sanguinis
3083 4669 3308 4725 effusio?
3331 4675 3370 4723 A
3396 4669 3527 4725 Deo.

1959 4773 2166 4830 Exinde
2195 4785 2324 4840 ergo
2343 4777 2398 4824 et
2419 4769 2548 4823 illud
2573 4773 2825 4822 sensatus
2848 4762 3153 4833 reputabit:
3181 4780 3201 4814 ι
3231 4760 3388 4816 Viros
3405 4778 3532 4817 san-

1961 4867 2180 4936 guinum
2219 4862 2560 4917 abominatur
2594 4857 2876 4912 Dominus.
2902 4873 2922 4906 ι
2956 4853 3144 4910 Talem
3175 4861 3531 4925 tyrannorum

1961 4965 2197 5028 gentem,
2215 4953 2415 5021 injuste
2427 4948 2741 5020 sanguinem
2775 4945 3134 5001 eﬂ'undentem
3160 4943 3531 5012 etpraesertim

1963 5063 2088 5103 cum
2108 5043 2434 5115 proCbristo
2469 5037 2898 5106 funditur.Ergo
2940 5036 3144 5090 etistos
3185 5035 3534 5089 abominatur

1968 5139 2251 5196 Dominus.
2293 5133 2351 5188 Si
2381 5146 2510 5187 vero
2541 5131 2613 5184 ita
2639 5137 2722 5184 est
2751 5165 2768 5190 ,
2804 5126 3119 5196 sanguinem
3153 5139 3364 5195 quoque
3397 5123 3536 5178 etfu-

1967 5245 2085 5286 sum
2111 5227 2366 5286 vindicat.
2415 5232 2469 5278 et
2499 5221 2746 5291 judicans
2781 5234 2932 5274 more
2965 5233 3071 5288 quo
3115 5217 3413 5272 decernens
3463 5214 3538 5269 ita

1969 5333 2032 5379 ut
2062 5335 2207 5377 recte
2235 5321 2549 5389 disponatur
2575 5326 2628 5369 et
2665 5311 3004 5383 providentur
3044 5310 3294 5365 reducem
3337 5316 3541 5378 marty-

1973 5415 2049 5468 ris
2077 5408 2289 5478 corpori
2323 5405 2638 5476 sanguinem
2662 5401 2810 5465 facit,
2837 5401 2950 5454 sive
2973 5399 3309 5469 temporibus
3339 5397 3542 5452 nosuis

1975 5501 2142 5574 (quod
2171 5497 2411 5563 mirum),
2449 5496 2562 5550 sive
2587 5492 2806 5547 aeternis
2827 5490 3082 5561 (maxime
3117 5489 3374 5557 mirum);
3399 5486 3544 5556 quod

1977 5603 2222 5651 nostrum
2267 5587 2563 5658 prazsertim
2611 5584 2765 5638 decet
2817 5591 3108 5650 martyrem
3157 5578 3246 5648 qui
3279 5579 3414 5631 bene
3445 5591 3544 5644 pro

1977 5685 2086 5740 Deo
2114 5687 2366 5753 operatus
2392 5687 2475 5732 est
2502 5685 2556 5731 et
2591 5674 2953 5728 testimonium
2985 5670 3130 5724 dedit
3161 5670 3228 5723 de
3256 5669 3360 5721 vita
3391 5676 3548 5720 atter-

1980 5794 2068 5834 na.
2102 5773 2313 5830 Etenim
2347 5780 2518 5824 morte
2553 5767 2843 5819 immunem
2893 5779 2998 5818 non
3033 5761 3228 5815 licebat
3263 5773 3383 5811 esse
3423 5771 3544 5809 eum

1981 5870 2071 5940 qui
2097 5868 2196 5924 sub
2238 5871 2446 5920 naturae
2483 5860 2602 5929 lege
2649 5856 2932 5920 manebat,
2975 5868 3081 5922 qua
3123 5860 3172 5905 ct
3208 5847 3446 5917 colligari
3495 5853 3550 5900 ct
