4048 6468
509 463 613 531 137

1204 463 1440 523 1³3ΗὸΤὸ
1452 460 1555 522 ΤΗ
1572 460 1625 519 ll
1669 459 2419 521 'l'llESSALONlCENSlS
2454 453 3016 516 METBOPOLITAZ

3655 447 3757 511 188

504 576 639 633 solvi
673 584 726 630 et
746 574 938 629 iterum
980 573 1312 629 insolubilem
1340 571 1735 640 colligationem
1763 581 2079 642 exspectare

2192 573 2244 647 το
2282 573 2376 624 καὶ
2413 571 2649 625 ἐνταῦθα
2683 564 2795 621 οἷον
2825 565 3071 629 ἀείζωον.
3128 566 3218 634 Μὴ
3267 564 3462 618 Θανεϊν
3519 565 3620 634 μὲν
3659 565 3765 632 γὰρ

504 668 813 735 oportebat.
850 663 1118 718 Mortuuut
1165 680 1292 717 vero
1324 665 1520 717 iterum
1553 665 1618 716 ad
1657 665 1819 717 vitam
1873 664 2070 728 redire,

505 757 668 824 i'lqne
707 765 832 811 ante
875 756 1285 809 resurrectionis
1323 766 1555 822 tempus,
1592 770 1699 822 pne
1727 755 1937 808 caeteris
1968 754 2071 807 do-

503 860 690 903 natum
736 862 841 905 est.
892 848 1192 904 Ordinatur
1235 862 1363 916 ergo
1401 856 1501 902 hoc
1552 846 1710 901 modo
1760 846 2079 901 intermedia

506 955 625 994 sors
657 940 839 1010 :jacet
864 955 1059 1010 corpus
1095 939 1146 993 in
1180 940 1448 1009 sepulcro,
1481 954 1547 992 en
1580 940 1770 992 mortis
1799 953 1812 991 :
1849 938 2078 993 scaturit

506 1046 635 1085 vero
671 1034 911 1095 szngnis,
944 1047 1071 1087 ecce
1101 1033 1227 1088 vitae
1274 1031 1604 1103 symbolum.
1646 1033 1739 1086 Est
1770 1044 1952 1097 casus,
1995 1039 2077 1085 est

505 1122 835 1175 resurrectio
861 1138 874 1173 :
897 1138 1062 1176 casus
1093 1139 1189 1190 per
1220 1137 1447 1180 mortem
1477 1128 1770 1182 secundum
1805 1139 2076 1194 naturam,

507 1212 830 1265 resurrecuo
870 1228 966 1283 per
994 1215 1277 1284 sanguinis
1310 1220 1859 1286 superabundantiam
1916 1236 2081 1291 supra

505 1310 773 1354 naturam.

575 1559 667 1613 25.
714 1560 946 1630 Sanguis
976 1562 1097 1628 ille,
1132 1573 1467 1634 unguentum
1518 1566 1649 1621 illud
1681 1578 1867 1624 contra
1896 1573 2077 1627 omni-

506 1652 665 1703 moda
704 1653 841 1704 mala
891 1656 1259 1723 maximopere
1302 1657 1518 1724 pollent.
1551 1659 1796 1715 Mordent
1824 1662 2078 1729 dolores;

2179 667 2280 718 οὐκ
2315 666 2440 734 ὲξῆν
2466 663 2558 717 τὸν
2583 664 2686 715 ὑπὸ
2711 663 2861 733 νόμῳ
2887 662 3123 733 φύσεως,
3148 656 3214 729 ἧς
3240 662 3308 712 τὸ
3339 659 3437 710 καὶ
3463 656 3767 710 συνδεῖσοαι

2181 760 2276 811 καὶ
2302 757 2523 809 λύεσθαι
2557 758 2651 808 καὶ
2674 755 2966 823 ἀναμένειν
2991 753 3090 822 τὴν
3124 750 3379 813 εἰσαῦθις
3412 748 3615 803 ἄλυτον
3644 748 3768 800 σύν-

2181 849 2352 902 δεσιν.
2393 848 2639 901 Θανόντα
2667 847 2723 901 δὲ
2755 849 2836 911 είς
2877 846 2940 899 τὸ
2982 844 3083 913 ζῇν
3123 842 3283 906 αὖθις
3337 839 3767 910 ὲπανακάμψαι,

2182 941 2319 995 ἀλλά
2350 941 2511 994 τοῦτό
2544 958 2607 1008 γε
2661 939 2766 1009 πρὸ
2811 937 2905 993 τοῦ
2962 940 3060 1008 τῆς
3095 935 3462 995 ἀναστάσεως
3497 934 3628 1000 ὅρου
3679 932 3771 985 καὶ

2181 1035 2584 1104 ὑπερτὲθειται.
2627 1035 3009 1101 Οἰκονομείται
3049 1026 3142 1084 οῦν
3174 1047 3294 1090 πως
3329 1029 3394 1080 τὸ
3432 1028 3629 1097 μέσον.
3666 1024 3772 1078 Καὶ

2180 1130 2359 1181 κεῖται
2403 1127 2503 1195 μὲν
2538 1127 2598 1179 τὸ
2654 1126 2813 1195 σῶμα
2869 1127 2927 1176 ἐν
2980 1124 3175 1193 τάφῳ·
3213 1119 3381 1174 τοῦτο
3433 1118 3531 1172 τοῦ
3565 1118 3768 1173 θανεῖν.

2183 1219 2372 1281 Βλύζει
2403 1219 2458 1271 δὲ
2488 1214 2647 1284 αἷμα³
2677 1217 2837 1271 τοῦτο
2866 1215 3012 1285 ζωῆς
3043 1214 3337 1283 σύμϐολον.
3371 1214 3489 1265 Καί
3515 1229 3632 1274 πως
3658 1209 3770 1262 ἔστι

2182 1309 2466 1363 καὶτοῦτο
2518 1308 2729 1370 πτῶσίς
2766 1324 2851 1369 τις
2883 1308 2980 1360 καὶ
3034 1305 3357 1362 ἀνάστασιςθ
3424 1300 3636 1357 πτῶσις
3687 1300 3771 1352 διά

2180 1403 2272 1458 τὸν
2312 1403 2456 1455 κατά
2488 1401 2651 1467 φύσιν
2707 1399 2961 1459 θάνατον,
3008 1398 3312 1458 ἀνάστασις
3358 1393 3454 1447 διὰ
3498 1392 3599 1463 τὴν
3634 1393 3772 1463 ὑπὲρ

2180 1493 2349 1563 φύσιν
2378 1490 2701 1560 περιουσίαν
2723 1490 2818 1543 τοῦ
2856 1489 3113 1557 αἵματος.

2252 1589 2348 1637 κε’.
2379 1582 2552 1635 Τοῦτο
2576 1581 2636 1634 τὸ
2666 1576 2827 1650 αἷμα,
2881 1579 3045 1633 τοῦτο
3090 1580 3151 1632 τδ
3193 1578 3371 1649 μύρον
3409 1578 3557 1633 κατὰ
3589 1577 3772 1632 παθῶν

2183 1672 2449 1726 παντοίων
2471 1673 2738 1743 ἀνδρικῶς
2772 1670 3154 1741 κρατύνονται.
3220 1670 3447 1725 Ὀδύναι
3485 1668 3735 1723 κεντοῦσι
3756 1684 3770 1698 ⁸

507 1751 564 1796 et
595 1743 709 1796 haec
738 1744 1036 1801 aﬂernntur
1066 1759 1118 1802 et
1169 1766 1425 1806 ternum-ae
1459 1753 1738 1809 discedunt
1785 1769 1840 1812 et
1889 1759 2081 1813 metuit

2192 1766 2277 1819 καὶ
2298 1764 2439 1817 αὖ.τά
2463 1764 2891 1833 προσφέρονται,
2926 1764 3022 1816 καὶ
3059 1761 3121 1815 τδ
3146 1760 3359 1815 λυποῦν
3383 1764 3624 1832 οἴχεται,
3681 1759 3772 1814 καί

508 1834 711 1889 doloris
736 1840 956 1892 aculeus
985 1851 1171 1895 acutas
1203 1842 1416 1899 lanceas
1443 1860 1561 1915 qua:
1585 1847 1786 1903 heroici
1825 1853 2079 1921 martyris

2192 1873 2298 1919 me;
2328 1856 2362 1923 ἡ
2391 1857 2488 1925 τῆς
2512 1855 2703 1924 ὀδύνης
2730 1853 2928 1923 ὀξύτης
2954 1853 3289 1907 δυσωπεῖται
3320 1852 3431 1916 τὰς
3462 1854 3689 1922 λόγχας,
3718 1848 3771 1902 αἶ

508 1932 725 2000 corpori
760 1932 937 1986 inﬁxae
971 1935 1254 2001 pulchrum
1302 1952 1515 1992 amnem
1546 1951 1892 2009 aperuerunt.
1916 1941 2079 1998 Hiant

2192 1945 2257 2015 τῷ
2300 1922 2394 1998 τοῦ
2445 1922 2735 1997 ἀθλονίκου
2815 1922 3093 2012 μάρτυρος
3149 1940 3372 2011 σώματι
3434 1942 3767 2010 ὲμπαγείσαι

507 2021 729 2075 vulnera
761 2025 954 2091 quibus
988 2027 1228 2095 proxima
1278 2030 1489 2085 accedit
1529 2047 1675 2087 mors
1696 2072 1713 2099 ,
1745 2046 1934 2103 aperto
1961 2049 2079 2089 ore.

2192 2036 2375 2100 ὀξεῖαι,
2404 2037 2464 2089 τὸ
2489 2035 2652 2088 καλὸν
2684 2033 2861 2105 ῥεῦμα
2911 2033 3253 2104 προέφηναν.
3296 2030 3771 2102 Ἀναρρήγνυνται

508 2113 617 2167 Sed
650 2115 693 2167 si
728 2132 776 2167 ιιι
803 2127 1003 2183 gucnto
1044 2120 1177 2173 illita
1210 2120 1321 2175 sint
1344 2164 1361 2188 ,
1400 2138 1547 2177 mors
1577 2122 1731 2193 fugit,
1756 2125 1897 2180 sicut
1925 2135 1981 2181 et
2013 2127 2083 2183 de

2192 2128 2474 2198 τραύματα
2499 2167 2513 2191 ,
2561 2120 2643 2189 οἷς
2690 2126 2922 2193 ἔγγιστα
2979 2123 3207 2188 πελάζει
3262 2122 3528 2185 θάνατος,
3586 2118 3773 2174 κύνεον

508 2206 856 2273 animalibus,
879 2219 1143 2278 quotquot
1169 2214 1423 2282 unguenti
1439 2215 1604 2269 odore
1628 2214 1827 2271 infecta
1848 2217 2081 2288 fugiunt,

2192 2220 2542 2290 Επεγχαίνων.
2578 2218 2722 2271 Ἀλλ’
2747 2217 2843 2270 εὰν
2867 2215 3213 2286 ὲπιχρισθείη
3242 2213 3345 2268 τοῦ
3375 2212 3581 2283 μύρου,
3611 2210 3773 2263 θάναυ

508 2298 705 2352 vulnus
733 2315 910 2353 autem
947 2302 998 2355 in
1035 2303 1347 2358 cicatricem
1374 2305 1484 2359 abit
1509 2316 1563 2360 et
1584 2305 1857 2377 integrum
1885 2325 2085 2377 corpus

506 2389 674 2459 viget.
708 2389 773 2445 Et
803 2392 884 2446 sic
912 2388 1165 2464 martyris
1196 2397 1479 2451 vulnerum
1531 2398 1722 2457 humor
1752 2400 2078 2459 oll'endicula

509 2480 744 2534 humana
775 2483 993 2550 abripit,
1028 2502 1131 2539 non
1164 2487 1335 2540 solum
1375 2489 1772 2544 incommodum
1821 2493 2086 2559 allevans,

509 2570 603 2624 Sed
644 2572 809 2626 etiam
839 2575 986 2643 quod
1016 2575 1300 2632 molestum
1333 2589 1440 2645 est,
1469 2579 1522 2634 in
1556 2580 1857 2652 perfectura
1888 2584 2089 2640 immu-

508 2670 654 2718 tans.

577 2936 668 2991 ‘26.
702 2936 987 2995 (luduntur
1019 2944 1133 2999 hate
1160 2942 1213 2997 in
1250 2959 1398 3000 arma
1428 2946 1691 3003 adversus
1741 2947 1832 3004 Dei
1880 2949 2087 3007 hostes.

510 3030 697 3099 itaque
734 3033 887 3086 ιιιιιιιί
918 3037 1211 3103 pectoralia
1239 3041 1495 3110 martyris
1514 3052 1768 3110 gerentes
1798 3054 2087 3101 exeuntem

511 3119 634 3175 inde
670 3122 734 3177 ad
768 3138 927 3192 opera
969 3126 1021 3180 in
1076 3127 1201 3183 belli
1245 3130 1332 3185 die
1377 3133 1583 3200 experti
1642 3141 1773 3188 sunt
1812 3135 2090 3191 virtutem.

512 3213 727 3273 Direcm
763 3218 813 3272 in
839 3233 933 3273 eos
963 3227 1043 3275 est
1079 3229 1202 3279 trux
1236 3223 1428 3293 sagitta
1455 3232 1509 3278 et
1528 3223 1789 3290 immissa,
1817 3236 1871 3281 et
1900 3227 2091 3282 lende-

509 3311 602 3364 hat
646 3311 791 3366 intus
835 3309 986 3381 inﬁgi
1015 3321 1069 3367 et
1101 3315 1507 3386 transadigere;
1537 3319 1744 3372 erravit
1775 3333 1905 3374 vero
1945 3328 2001 3374 et
2035 3319 2087 3373 in
2117 3306 2164 3371 C

509 3416 708 3456 vanum
743 3404 923 3458 rediit.
953 3402 1070 3463 Non
1103 3407 1246 3461 enim
1279 3406 1359 3462 fas
1380 3416 1497 3463 erat
1528 3408 1751 3465 victoris
1782 3409 1982 3465 donum
2008 3412 2088 3465 vi-

510 3504 601 3547 eto
630 3494 880 3550 cessisse.
905 3494 1138 3566 Clypens
1183 3497 1403 3564 quidem
1452 3499 1730 3555 multoties
1793 3501 2089 3571 replicatus

504 3574 567 3638 et
600 3587 951 3640 materiarum
987 3588 1315 3642 adunatione
1347 3588 1578 3654 validus,
1611 3589 1765 3659 quasi
1804 3604 1836 3644 e
1876 3599 2083 3658 septem

513 3675 674 3728 boum
706 3677 891 3740 coriis,
928 3678 1031 3731 sub
1059 3679 1254 3744 iaculis
1282 3681 1509 3746 defecit,
1556 3681 1785 3750 simplex
1833 3698 1959 3739 vero
1990 3700 2081 3739 ve-

515 3767 615 3822 stis
655 3767 705 3821 in
737 3769 855 3822 sinu
888 3770 1140 3841 martyris
1170 3771 1481 3827 thesaurum
1515 3772 1798 3831 includens
1828 3774 2080 3847 telisanon

515 3860 820 3916 succubuit.

2188 2331 2277 2377 τος
2310 2314 2408 2384 μὲν
2467 2313 2816 2383 δραπετεύει,
2861 2310 3006 2363 καθά
3057 2326 3159 2362 που
3192 2309 3290 2362 καὶ
3319 2306 3435 2359 τῶν
3469 2302 3647 2369 ζώων,
3677 2301 3774 2355 ὅσα

2189 2405 2325 2475 πρὸς
2354 2404 2526 2475 μύρου
2557 2404 2825 2474 ὄσφρησιν
2864 2401 3237 2471 ὲκμαινόμενα
3270 2400 3549 2467 φεύγουσι
3575 2409 3591 2425 ·
3634 2393 3693 2447 τδ
3720 2390 3775 2444 δὲ

2187 2498 2407 2569 τραῦμα
2433 2496 2704 2561 οὖλοῦται,
2737 2498 2829 2551 καὶ
2851 2497 2929 2557 εἰς
2956 2495 3184 2564 ὀλότητα
3213 2492 3274 2544 τὸ
3306 2491 3473 2559 σῶμα
3515 2487 3772 2541 καθίστα-

2188 2608 2302 2646 ται.
2329 2593 2440 2647 Καὶ
2459 2591 2603 2645 οὕτω
2640 2588 2976 2660 τραυμάτων
3022 2584 3388 2658 μαρτυρικῶν
3420 2583 3659 2655 ὑγρότης
3684 2580 3778 2631 ὲκ-

2190 2684 2535 2754 θρώσκουσα,
2584 2680 3034 2753 προσοχοίσματα
3078 2676 3400 2748 παρασύρει
3435 2674 3772 2745 ἀνθρώπινα,

2190 2778 2252 2832 οὐ
2288 2778 2451 2846 μόνον
2477 2774 2851 2844 ὲλαφρύνουσα
2879 2773 2941 2826 τὸ
2962 2770 3253 2842 δυσαχθὲς,
3280 2768 3427 2823 ἀλλά
3454 2767 3554 2821 καὶ
3598 2764 3775 2816 τέλεον

2191 2867 2586 2934 ἔξαλλάττουσα
2607 2866 2666 2919 τὸ
2692 2864 2987 2926 δυσπειθές.

2264 2966 2379 3025 σις’.
2410 2958 2784 3014 Χαλκεύονται
2846 2956 3018 3010 ταῦτα
3056 2956 3152 3010 καὶ
3205 2956 3284 3019 ὡς
3346 2956 3433 3019 είς
3483 2951 3622 3008 ὅπλα
3674 2947 3776 3006 τοῖς

2193 3053 2406 3124 ἐχθροῖς
2435 3052 2532 3105 τοῦ
2577 3049 2713 3104 Θεοῦ
2762 3049 3058 3119 ἀντίμαχα.
3097 3048 3287 3103 Πολλοὶ
3316 3048 3458 3117 γοῦν
3482 3042 3770 3097 ἐπικόλπια

2195 3148 2453 3216 φέροντες
2483 3141 2710 3197 τοιαῦτα
2746 3142 2810 3195 ὲκ
2834 3143 2944 3195 τῶν
2973 3140 3068 3195 τοῦ
3106 3140 3413 3211 μάρτυρος,
3443 3138 3545 3206 τὴν
3573 3132 3774 3188 ἐκεῖθεν

2197 3236 2558 3307 ὲξερχομένην
2585 3234 2765 3305 ἔργοις
2794 3234 2978 3297 αὐτοῖς
3030 3236 3087 3287 ὲν
3122 3230 3308 3304 ἡμέρᾳ
3376 3230 3616 3298 πολέμου
3664 3228 3777 3277 ἐπι-

2194 3328 2525 3390 σκιάζουσαν
2554 3324 2756 3395 ἔμαθον
2783 3324 3037 3393 δύναμιν.
3077 3322 3390 3391 Ἐπετάσοη
3423 3321 3525 3392 μὲν
3554 3321 3661 3388 γὰρ
3686 3312 3772 3368 ἐπ’

2192 3419 2391 3479 αὐτοὺς
2418 3417 2590 3486 βίαιον
2623 3416 2793 3486 βέλος,
2825 3415 2919 3469 καὶ⁸
2949 3415 3206 3479 ὲπέλασε,
3239 3414 3338 3467 καὶ
3374 3412 3536 3484 ἡθελε
3563 3405 3773 3479 ψαῦσαν

2193 3509 2516 3580 παρακύψαι
2547 3509 2642 3563 καὶ
2667 3507 2837 3575 ἔνδον,
2878 3508 2972 3562 καί
3024 3525 3129 3562 που
3161 3507 3256 3561 καὶ
3283 3504 3361 3559 δι’
3392 3505 3590 3575 ἑτέρας
3620 3494 3769 3553 ἐκδῦ-

2192 3619 2302 3669 ναι,
2354 3603 2516 3655 ὁποῖα
2571 3601 2640 3653 τὰ
2668 3598 2969 3671 διαμπερὲς
3020 3598 3326 3669 βαλλόμενα
3357 3615 3373 3633 ο
3410 3590 3766 3662 ἀπεπλάγχθη

2190 3692 2268 3756 δὲ,
2300 3692 2394 3745 καὶ
2425 3692 2582 3745 κενὸν
2607 3690 2946 3761 ἀνέκαμψεν.
2977 3690 3114 3744 Οὐδὲ
3146 3689 3257 3760 γὰρ
3288 3689 3463 3760 ἐχρῆν
3486 3687 3550 3739 τὸ
3575 3683 3668 3737 τοῦ
3697 3697 3772 3734 νι-

2194 3780 2362 3852 κητοῦ
2389 3782 2563 3850 δῶρον
2592 3782 2683 3835 τὸν
2714 3782 2919 3851 ἥττονα
2965 3779 3403 3847 ἀπενέγκασθαι.
3439 3777 3550 3831 Καὶ
3585 3768 3769 3841 θυρεὸς

2202 3873 2327 3943 μὲν,
2358 3874 2449 3926 xit
2471 3873 2629 3935 αὐτος
2656 3873 2796 3925 αὐτὰ
2832 3872 3001 3925 πολλα
3025 3872 3393 3940 πολύπτυχος,
3419 3870 3518 3925 καὶ
3546 3866 3626 3933 τῷ
3649 3878 3772 3917 συν·

516 3954 714 4033 ρέμσκτι
769 3956 876 4011 τῶν
930 3955 1071 4011 ὑλῶν
1100 3958 1435 4027 στερέμνιος,
1483 3958 1556 4022 ὡς
1584 3961 1638 4015 εἰ
1662 3978 1765 4014 που
1796 3963 1889 4015 καὶ
1919 3963 2266 4031 ἐπταῦὁειος,
2336 3965 2508 4020 ἐπειοὲ
2537 3983 2588 4019 τι
2629 3967 2749 4028 ταῖς
2808 3964 3027 4034 βολαίς’
3080 3964 3380 4033 ἱματισμὸς
3423 3964 3484 4018 δὲ
3543 3958 3768 4019 ἀπαλδς’

518 4050 725 4116 στέγων
757 4050 860 4102 ὑπὸ
890 4050 1076 4120 κῧλπῳ
1099 4052 1190 4103 τὶν
1230 4050 1324 4103 τοῦ
1350 4052 1624 4121 μάρτυρος
1657 4052 1954 4122 θησαυρῦν,
1986 4057 2441 4118 ἀνεπιϐούλευτος
2472 4058 2585 4119 τοῖς
2616 4057 2905 4125 βάλλουσιν
2936 4056 3144 4124 ἔμεινε.

584 4145 785 4199 9.7.851:
817 4146 997 4199 [inultis
1022 4146 1332 4201 vulneribus
1385 4157 1605 4215 propter
1634 4148 1910 4203 Christum
1971 4151 2083 4204 sal-

2265 4151 2366 4215 κζ.
2396 4151 2505 4202 Καὶ
2555 4150 2727 4211 οὕτως
2756 4151 2783 4202 ὁ
2831 4150 2922 4202 διὰ
2955 4148 3046 4201 τὸν
3081 4148 3304 4218 σωτῆρα
3334 4146 3579 4219 Χριστὸν
3610 4139 3765 4197 πολύ-

514 4246 758 4292 vatorem
789 4237 1073 4292 cnllluSSllS
1104 4250 1304 4309 martyr
1340 4240 1472 4293 viris
1505 4239 1800 4294 vulneratis
1846 4256 1955 4297 non
1991 4258 2088 4297 au-

2192 4257 2396 4310 τρωτος
2434 4240 2665 4308 μάρτυς,
2716 4233 2797 4301 οἷς
2826 4238 3083 4305 πέπονθε,
3110 4241 3220 4301 τοῖς
3261 4237 3670 4294 κινδυνεύουσιν
3714 4233 3768 4283 ἐν

517 4331 738 4386 xiliatnr
768 4329 963 4390 solum,
999 4331 1093 4385 sed
1128 4338 1179 4385 et
1203 4333 1386 4385 decem
1423 4332 1686 4387 malorum
1718 4334 1954 4390 millibus
1990 4350 2085 4390 eos

2192 4330 2466 4401 τραύμασι
2512 4330 2717 4400 βοηθεῖ,
2767 4330 2861 4384 καὶ
2920 4330 2979 4382 ού
3024 4331 3207 4399 μόνον,
3239 4330 3377 4383 ἀλλά
3431 4329 3528 4383 καὶ
3559 4324 3767 4397 μυρίοις

516 4428 713 4497 premit
750 4426 989 4495 quitales
1016 4427 1242 4495 inﬁgunt
1266 4426 1473 4497 plagas,
1506 4440 1560 4483 et
1593 4429 1733 4484 sient
1764 4439 1949 4497 partus
1978 4429 2079 4483 d0-

2192 4423 2460 4491 ἒπιτρίϐει
2493 4425 2681 4487 κακοῖς
2701 4423 2825 4484 τοὺς
2855 4423 2951 4486 τὰς
2977 4423 3235 4484 τοιαύτας
3263 4421 3480 4491 πληγὰς
3510 4418 3761 4486 ὲντήκον-

516 4519 682 4585 lurc~',
716 4522 796 4575 sic
820 4520 1049 4573 concilia
1074 4528 1127 4572 ct
1159 4535 1321 4587 opera
1353 4520 1409 4574 in
1473 4520 1685 4575 irritum
1729 4521 1970 4588 adducit,
2022 4535 2087 4577 ac

2192 4535 2287 4579 τας
2309 4535 2322 4549 ·
2355 4520 2451 4570 καὶ
2476 4516 2665 4586 ὥσπερ
2693 4517 2791 4577 τὰς
2819 4515 3003 4584 βολὰς,
3035 4513 3180 4567 οὕτω
3204 4515 3297 4568 καὶ
3330 4516 3433 4578 τὰς
3456 4512 3651 4579 βουλὰς
3672 4504 3765 4560 καὶ

490 4626 613 4671 eos
646 4612 735 4679 qui
762 4626 856 4680 pro
889 4609 1063 4681 prmda
1084 4609 1194 4678 jam
1237 4609 1289 4662 in
1337 4609 1588 4665 manibus
1624 4620 1783 4665 erant
1847 4611 2085 4666 evadere

2192 4606 2262 4659 τὰ
2316 4606 2454 4677 ἔργα
2501 4606 2557 4660 δὲ
2592 4607 2671 4669 είς
2706 4606 2987 4675 ἄπρακτον
3033 4606 3399 4677 ἀποκαθιστᾷ,
3427 4607 3521 4659 καὶ
3549 4602 3674 4662 τοὺς
3706 4599 3762 4650 ἐν

484 4686 664 4761 ξ’ςῑηὶι.
695 4702 821 4758 lLec
848 4712 1112 4757 noverunt
1141 4702 1355 4756 barbari
1376 4702 1661 4758 bellatores
1685 4703 1873 4758 etaliae
1912 4704 2085 4759 tribus

2192 4700 2377 4769 χερσὶν
2408 4699 2584 4768 ἄγρας
2608 4697 2995 4761 ὲξολισῠαίνειν
3020 4700 3184 4751 ποιεῖ.
3248 4699 3441 4751 Οῖδασι
3467 4696 3641 4750 ταῦτα
3673 4687 3763 4742 καὶ

519 4796 661 4850 sicut
697 4795 868 4849 tribus
896 4796 1075 4864 Agar:
1105 4810 1333 4863 corpore
1353 4796 1464 4865 jam
1517 4797 1785 4865 privatum
1814 4807 2088 4865 protecto-

2192 4793 2241 4847 οῑ
2275 4792 2521 4861 πολέμιοι
2545 4790 2830 4862 βάρϐαροι,
2866 4791 2934 4844 τά
2958 4808 3018 4844 τε
3055 4792 3190 4844 ἀλλα
3222 4791 3385 4860 φῦλα,
3431 4791 3527 4845 καὶ
3556 4787 3619 4841 τὸ
3668 4782 3764 4850 τῆς

521 4905 634 4942 rem
669 4896 1017 4954 reverentur;
1054 4888 1349 4957 prepitium
1387 4888 1639 4955 reddunt,
1680 4901 1825 4958 saepe
1879 4890 2088 4960 suppli-

2198 4886 2398 4955 Ἀγαρ,
2417 4884 2621 4939 καὶτὸν
2642 4882 2936 4953 ἀσώματον
2959 4882 3176 4953 ἀρωγὸν
3201 4884 3392 4937 τοῦτον
3410 4880 3762 4953 δειμαίνουσι,

520 4991 644 5035 cum
680 4990 735 5035 et
760 4980 1057 5047 placamina
1089 4981 1463 5045 adinveniunt,
1484 4989 1609 5036 vota
1633 4980 1864 5047 faciunt,
1895 4983 2088 5053 σερε-εκ

2195 4977 2593 5044 καὶίλεοῦνται,
2626 4976 2720 5031 καὶ
2743 4976 3064 5030 ποτνιῶνται
3098 4978 3290 5046 συχνὰ,
3320 4976 3415 5030 καὶ
3436 4974 3762 5046 μειλίγματα

521 5084 738 5135 cantur,
758 5072 1057 5138 gratiarum
1078 5071 1318 5124 actiones
1344 5068 1579 5124 oﬁ‘erunt
1607 5084 1708 5123 suo
1749 5085 1899 5124 more
1953 5071 2088 5125 ima-

2195 5069 2622 5139 ἐξευρίσκουσιν,
2691 5066 3126 5137 ἀνακαλούμενοι
3188 5067 3370 5137 λόγοις
3435 5061 3759 5133 εὐκτηρίοιςο

522 5164 702 5230 ginem
738 5163 1043 5231 pingentes,
1068 5161 1250 5215 omnia
1277 5162 1328 5214 in
1364 5161 1803 5230 propitiationem
1826 5163 2088 5218 adhiben-

2195 5161 2562 5228 λιταζόμενοι,
2583 5159 2811 5232 χάριτας
2834 5159 3204 5224 ἀνατιθέντες,
3235 5159 3428 5222 ὁποίας
3449 5159 3499 5212 οί
3532 5151 3757 5210 τοιοῦτοι

525 5264 625 5309 les.
662 5254 726 5307 Et
751 5253 948 5323 quilms
962 5252 1176 5321 quidem
1200 5252 1708 5323 martyrtormentls
1741 5265 1913 5309 morte
1940 5254 2088 5310 abla-

2198 5252 2545 5323 ἔπινοήσαιεν
2579 5251 2665 5317 ἂν,
2697 5251 2788 5304 τὸν
2823 5250 3151 5321 χαρακτῆρα
3181 5250 3467 5313 είκονικῶς
3495 5240 3756 5302 ἐκτυπού-

528 5353 617 5398 tus
641 5354 717 5396 est
751 5342 1037 5397 attendere
1063 5341 1328 5408 dubitant,
1356 5356 1573 5408 passum
1594 5358 1725 5398 vero
1752 5355 2091 5402 reverentur.

526 5437 571 5489 A
616 5436 722 5488 Deo
751 5434 951 5489 factum
981 5444 1064 5487 est
1091 5433 1254 5500 istud,
1284 5443 1341 5487 ut
1364 5433 1568 5505 gratias
1590 5435 1816 5490 referret
1842 5438 2095 5506 martyri.

525 5530 664 5585 Nam
699 5544 804 5582 non
857 5525 1208 5583 confunditur
1256 5527 1326 5582 de
1378 5526 1463 5582 his
1517 5527 1607 5597 qui
1668 5526 1911 5597 prodigia
1970 5530 2095 5597 qui-

525 5620 648 5675 dem
684 5620 921 5684 exhibet,
954 5618 1156 5687 majora
1186 5633 1316 5673 vero
1347 5616 1528 5673 facere
1579 5619 1672 5671 dat
1724 5617 1792 5671 iis
1833 5615 1925 5685 qui
1991 5616 2095 5688 ipsi

527 5715 791 5766 serviunt.
819 5712 886 5765 Et
918 5710 1033 5765 hinc
1067 5709 1285 5766 barbari
1309 5716 1574 5778 quotquot
1611 5709 1929 5775 prudentius
1956 5724 2101 5763 mar-

531 5811 704 5871 tyrem
737 5802 1050 5858 observant.
1082 5800 1186 5868 Qui
1211 5810 1390 5856 autem
1429 5799 1779 5855 audentiores
1807 5798 2097 5855 fortiores-

532 5907 639 5965 que
666 5900 820 5964 sunt,
847 5894 1110 5965 martyris
1138 5894 1391 5950 virtutem
1417 5905 1715 5963 agnoscere
1739 5891 1880 5947 haud
1946 5907 2100 5945 recu-

2203 5360 2374 5408 μενοι,
2406 5343 2584 5397 πάντα
2619 5343 2899 5406 ποιοῦντες
2929 5346 3009 5408 εἰς
3037 5346 3426 5416 πραγματείαν
3448 5331 3754 5408 ἑξιλασμοῦ.

2199 5436 2311 5490 Καὶ
2336 5434 2476 5505 ὑπὲρ
2496 5427 2556 5488 οῦ
2593 5435 2691 5504 μὲν
2717 5435 2779 5488 τὸ
2823 5436 3017 5490 παθεῖν
3045 5439 3074 5489 ὁ
3109 5436 3323 5507 μάρτυς
3357 5435 3612 5496 ἀνείλετο,
3647 5423 3755 5480 ἀλλ’

2199 5526 2394 5596 ἄκείνῳ
2423 5527 2713 5596 προσέχειν
2745 5527 2988 5592 ὀκνοῦσι,
3038 5528 3129 5580 τὸν
3159 5528 3215 5581 δὲ
3241 5529 3483 5582 παθόντα
3513 5520 3757 5583 05621:,“-

2199 5634 2307 5672 ται.
2332 5614 2467 5669 Θεοῦ
2496 5616 2589 5668 καὶ
2619 5613 2798 5683 τοῦτο,
2825 5618 3198 5687 χαρισαμένου
3222 5618 3301 5688 τῷ
3337 5619 3592 5690 μάρτυρι.
3628 5605 3756 5662 Οὐδὲ

2199 5709 2310 5778 γὰρ
2331 5708 2480 5761 ὀκνεῖ
2512 5706 2633 5760 οὐδὲ
2672 5707 2741 5760 τὰ
2766 5709 2992 5762 τοιαῦτα
3049 5712 3279 5777 ἐκεῖνος,
3309 5712 3337 5766 ὁ
3367 5710 3620 5782 τεράστια
3655 5698 3750 5769 μὲν

2201 5797 2627 5867 ἐνδεικνύμενος,
2693 5799 2862 5867 μείζω
2917 5800 2974 5854 δὲ
3023 5801 3202 5863 διδοὺς
3257 5804 3433 5857 ποιεῖν
3458 5801 3569 5859 τοῖς
3604 5788 3756 5846 αὐτὸν

2203 5889 2589 5962 Θεραπεύουσι.
2624 5890 2730 5945 Καὶ
2764 5889 2994 5946 τοιαῦτα
3025 5893 3126 5963 μὲν
3162 5893 3273 5950 τῶν
3303 5891 3611 5964 βαρῦἀρων,
3645 5881 3752 5935 ὅσοι
