4048 6456
434 436 535 503 191

1139 446 1570 507 EUSTATHII
1612 449 2368 516 THESSALONICENSIS
2408 409 2970 518 METRUPOLlTxE

3579 458 3683 525 192

420 574 580 614 casus
615 561 916 627 constituit,
947 569 997 615 et
1029 571 1189 632 prout
1221 547 1381 617 timor
1427 562 1663 634 fugiendi
1699 566 1841 620 vires
1873 568 1991 622 ade-

2126 572 2325 634 ιεύετο,
2357 570 2480 625 οὔτε
2510 572 2832 642 ἀμφιλαφὴς
2863 572 2965 639 ὕλη
3001 572 3248 639 σκιάζειν
3293 573 3429 647 εἶχε,
3463 578 3562 634 καὶ
3587 579 3681 633 τοῦ

422 663 620 721 Inerat;
655 662 766 708 tum
793 656 944 724 quasi
983 655 1035 708 in
1076 658 1338 711 tumulum
1382 656 1702 713 festinanter
1731 658 1990 713 ell‘ossum

427 756 635 815 seipsos
665 749 1041 803 abstrudentes
1073 756 1127 803 et
1158 757 1342 818 patere
1370 749 1501 818 ipsis
1529 749 1692 802 etiam
1730 758 1992 803 tartarum

427 841 730 908 cupientes.
775 835 995 894 Interim
1045 842 1240 894 adsunt
1290 840 1474 894 alieni.
1505 839 1549 893 Ο
1585 841 1777 894 mirum
1807 840 1993 902 prodi-

427 931 607 1000 gium!
641 931 874 985 tenebrae
902 931 1034 1000 ipsis
1075 946 1185 1000 pra:
1234 931 1420 986 oculos
1471 932 1908 1001 perquirentibus
1943 933 1994 986 in

427 1035 713 1093 martyrem
749 1024 1112 1077 invocantium
1147 1023 1417 1088 latebras;
1452 1021 1560 1077 imo
1600 1037 1711 1076 non
1740 1024 1994 1086 tenebm,

427 1118 517 1168 sed
559 1118 820 1170 aberrans
863 1117 1144 1171 oculorum
1194 1115 1450 1180 obtutus;
1481 1129 1584 1170 nec
1612 1115 1776 1169 etiam
1823 1115 1954 1170 illud
1981 1157 1998 1183 ,

428 1208 522 1262 sed
555 1216 612 1259 ut
654 1219 781 1276 puto
830 1209 984 1264 nobis
1025 1209 1275 1263 columna
1331 1207 1648 1262 lissurarum
1699 1208 2001 1278 adimplens

429 1310 738 1366 aperturas,
780 1299 946 1354 latere
973 1309 1176 1355 stratos
1207 1299 1370 1366 fecit,
1409 1308 1463 1357 et
1494 1309 1754 1369 tanquam
1789 1301 2002 1372 lepores

430 1392 557 1461 fuga
611 1392 663 1446 in
709 1403 891 1461 petras
935 1407 993 1446 se
1035 1405 1220 1446 coram
1252 1393 1331 1448 eis
1363 1392 1454 1462 qui
1492 1393 1728 1460 praadam
1761 1393 2004 1463 vestigiis

431 1493 680 1552 premunt
707 1484 1124 1537 abscondentes.
1143 1482 1502 1538 Transierunt
1523 1486 1671 1538 horae
1697 1483 1878 1538 multa!
1904 1498 2004 1539 nec

429 1590 591 1629 canes
621 1575 855 1642 praedam
883 1575 1116 1630 assecuti
1148 1583 1296 1630 sunt.
1320 1575 1505 1646 Itaque
1533 1577 1586 1630 in
1615 1591 1810 1630 vanum
1833 1591 2005 1646 equo-

433 1683 552 1722 rum
575 1666 818 1736 fatigatis
835 1669 1057 1736 pedibus
1078 1668 1462 1723 laboraverunt
1483 1678 1536 1722 et
1558 1677 1882 1738 stupuerunt
1901 1671 2007 1726 huc

435 1757 565 1811 illuc
597 1758 988 1827 prospicientes
1018 1772 1032 1808 :
1059 1766 1114 1812 et
1143 1757 1374 1824 amplius
1413 1759 1653 1811 curaturi
1687 1759 2006 1812 videbantur

435 1851 500 1904 de
541 1865 599 1904 re
633 1849 720 1902 illa
748 1858 1049 1904 scrutantes
1082 1848 1366 1912 scrutinio,
1400 1848 1569 1903 donec
1596 1849 1834 1914 ipsorum
1878 1849 2002 1903 inu-

439 1946 560 1998 tilcs
587 1959 747 1998 curas
777 1958 990 1998 cessare
1011 1945 1140 1998 fecit
1166 1944 1270 2010 vir,
1295 1945 1349 1997 in
1369 1943 1616 1998 veritatis
1648 1944 1723 1997 rei
1756 1944 2008 2014 abyssum
2039 1921 2083 1976 Β

436 2037 768 2091 descendens
801 2044 852 2088 et
889 2035 1125 2090 divinum
1173 2050 1295 2090 esse
1339 2035 1643 2102 suspicatus
1685 2035 1829 2104 quod
1863 2034 2012 2090 acci—

437 2127 625 2189 derat;
657 2126 744 2191 qui
783 2125 834 2178 in
868 2140 1063 2179 vanum
1106 2124 1242 2178 dixit
1293 2124 1570 2193 defatigari
1631 2133 2015 2193 persequentes

438 2234 534 2274 eos
563 2233 698 2286 quos
724 2216 982 2285 consequi
1018 2229 1120 2268 non
1149 2215 1370 2279 licebat,
1405 2225 1457 2270 et
1485 2215 2013 2284 incomprehensibi-

441 2310 511 2364 lia
547 2311 810 2376 attingere
851 2307 1136 2362 instantes.
1174 2308 1240 2362 Et
1281 2308 1465 2362 dicere
1512 2308 1739 2374 addidit,
1775 2308 2010 2364 miscens

439 2404 885 2474 philosophia...

2099 662 2208 715 τῶν
2243 661 2621 732 ψηλαφώντων
2650 665 2829 732 φωτὸς
2875 665 3112 732 ἀπάγειν
3165 666 3228 719 τδ
3279 668 3687 738 παρεισδυόμε-

2099 752 2210 821 νον)
2231 768 2244 781 ·
2271 755 2367 806 καὶ
2395 754 2514 807 οὐδὲ
2538 755 2614 823 τῷ
2645 757 2810 808 παντὶ
2844 755 2938 809 τοῦ
2975 756 3224 827 σώματος
3258 753 3406 829 εἶχον
3439 761 3683 830 κρύπτεν

2103 845 2248 899 σθαι.
2321 845 2462 897 Ἀλλ’
2482 846 2622 916 ὅπερ
2661 841 2824 918 εῖχον,
2857 848 3097 914 ἐποίουν,
3128 849 3274 904 καθά
3304 866 3409 903 που
3457 851 3684 904 καὶτῶν

2102 937 2257 1002 ζώων
2291 937 2434 1002 τινά,
2467 934 2569 1000 οἷς,
2632 939 2720 991 ὅτε
2787 938 2893 1010 θὴρ
2952 939 3324 1010 βριαρὼτερος
3375 941 3681 1011 ἐπιτρέχει,

2103 1026 2443 1098 κρύπτεσθαι
2480 1028 2579 1098 τὴν
2612 1029 2848 1099 κεφαλὴν
2880 1030 2976 1083 καὶ
3005 1030 3177 1102 μόνην
3215 1030 3450 1093 ἔπεισιν,
3481 1031 3556 1094 ὡς
3581 1033 3685 1102 ἤδη

2105 1122 2200 1176 καὶ
2225 1121 2284 1173 τδ
2313 1122 2422 1174 πᾶν
2445 1120 2555 1173 τῶν
2592 1120 2768 1188 μελῶν
2822 1121 3167 1190 ἀφανίζουσι.
3212 1120 3453 1175 Τοιαῦτα
3477 1122 3588 1190 γάρ
3619 1121 3689 1174 τὰ

2103 1211 2204 1281 τῆς
2236 1211 2540 1282 ἀμηχανίας
2567 1211 2933 1282 βουλεύματα.
2973 1213 3224 1267 Ἐκειντο
3248 1214 3347 1282 μὲν
3374 1209 3470 1267 οὖν
3499 1214 3684 1277 αὐτοὶ,

2104 1281 2363 1375 καθάπερ
2395 1281 2626 1356 ἔκαστον
2685 1305 2718 1374 ἠ
2770 1281 2981 1369 πτῶσις
3034 1281 3394 1375 ἐσχημάτισε,
3426 1281 3522 1357 καὶ
3559 1305 3635 1366 ὡς
3660 1305 3691 1357 ό

2107 1396 2270 1466 φόϐος
2317 1395 2696 1467 παραποδίσας
2733 1393 2950 1467 ἔρριψε,
2996 1396 3138 1467 τάχα
3181 1395 3278 1450 καὶ
3309 1394 3384 1460 ὡς
3406 1398 3487 1458 εἰς
3513 1394 3695 1449 αὐτο-

2108 1488 2316 1559 σχέδιον
2375 1487 2546 1556 τάφον
2604 1485 3029 1555 καταχώσαντες
3083 1487 3332 1550 ἑαυτοὺς,
3374 1487 3470 1539 καὶ
3503 1487 3693 1556 χανεῖν

2107 1579 2307 1642 αὐτοὺς
2363 1579 2650 1648 εὐχόμενοι
2705 1579 2798 1632 καὶ
2837 1579 2929 1632 τὸν
2982 1579 3288 1649 τάρταρον.
3325 1577 3449 1629 Ἐπὶ
3479 1576 3694 1639 τούτοις

2107 1669 2426 1739 ἐφίστανται
2465 1670 2524 1722 τὸ
2545 1669 2862 1738 ἀλλόφυλον.
2888 1671 3000 1724 Καὶ
3026 1669 3072 1722 ῶ
3096 1669 3191 1723 τοῦ
3226 1668 3517 1741 τεραστίου
3550 1665 3692 1720 θαύο

2115 1764 2318 1834 ματοςι
2358 1761 2551 1825 σκότος
2579 1763 2765 1826 αὐτοῖς
2789 1764 2896 1832 πρὸ
2923 1762 3222 1832 ὀφθαλμῶν
3253 1764 3393 1815 κατά
3423 1761 3484 1813 τὸ
3515 1758 3698 1829 ψηλα-

2112 1847 2376 1917 φητὺνεῐς
2403 1849 2726 1919 ἀποκρυϐὴν
2753 1849 2861 1902 τῶν
2894 1850 3238 1920 δεδεημένων
3266 1849 3361 1902 τοῦ
3389 1849 3692 1918 μάρτυρος·

2115 1939 2314 2009 μᾶλλον
2349 1941 2446 2002 μὲν
2479 1939 2576 1994 οὖν
2596 1941 2658 1994 οὗ
2693 1941 2912 2007 σκότος,
2947 1942 3084 1995 ἀλλά
3118 1942 3430 2012 παρόρασις
3454 1958 3468 1972 ·
3501 1941 3603 2011 ἤδη
3635 1939 3701 1994 δὲ

2113 2033 2234 2088 οὑδδ
2272 2033 2435 2104 αὕτη.
2469 2034 2604 2088 ἀλλά
2635 2034 2828 2097 στῦλός
2877 2053 2980 2100 τις,
3016 2031 3192 2105 οἶμαι,
3235 2035 3470 2105 νεφέλης
3495 2034 3564 2086 τά
3595 2035 3702 2104 τῆς

2114 2125 2400 2195 φάραγγος
2430 2126 2765 2196 ἀναπληρῶν
2788 2126 3107 2196 κενώματα,
3127 2127 3415 2182 λανθάνειν
3442 2125 3568 2189 τοὺς
3584 2141 3704 2178 κοιο

2113 2217 2449 2286 ταζομένους
2492 2217 2685 2278 ἐποίει.
2739 2217 2833 2270 καὶ
2883 2213 2972 2271 οἷα
3001 2218 3249 2287 λαγωοὺς
3275 2215 3701 2286 καταφυγόντας

2113 2312 2194 2373 είς
2223 2293 2440 2380 πέτρας
2459 2309 2918 2379 ἀποκρύπτεσθαι
2968 2311 3099 2374 τοὺς
3140 2308 3457 2379 ίχνευτικῶς
3493 2308 3706 2377 ἔμφυος-

2118 2401 2312 2473 μένους
2333 2403 2537 2465 αὐτοῖς.
2581 2400 3062 2471 Ἐξεμετρὴθησαν
3101 2397 3240 2472 ὧραι
3277 2401 3497 2471 συχναὶ,
3528 2400 3624 2452 καὶ
3647 2397 3704 2449 οῖ

443 2502 603 2562 κύνες
632 2502 731 2553 οὐκ
757 2497 901 2572 εἶχον
931 2503 990 2554 τδ
1017 2502 1350 2572 ζητούμενον
1381 2501 1628 2572 θήραμα.
1680 2498 1791 2554 Καὶ
1820 2497 2003 2551 τοίνυν
2057 2497 2258 2560 ἱκανῶς
2311 2499 2368 2550 ἐν
2426 2499 2606 2562 κενοῖς
2677 2500 2806 2564 τοὺς
2855 2500 2965 2553 τῶν
3018 2499 3203 2551 ῖππων
3252 2494 3699 2565 κατατρίψαντες

443 2595 948 2664 πόδας,ἀπέκαμον,
974 2597 1067 2650 καὶ
1097 2597 1392 2665 τεθηπότες
1422 2597 1658 2657 ἵσταντο,
1685 2593 2168 2656 διεκπεταννύντες
2196 2591 2475 2666 πανταχοῦ
2505 2597 2605 2664 τῆς
2659 2595 2775 2647 ἐκεῖ
2816 2595 2919 2665 γῆς
2949 2595 3049 2658 τάς
3102 2592 3280 2663 ὄψεις.
3335 2591 3445 2644 Καὶ
3507 2589 3703 2658 ἐῴκει-

447 2706 546 2742 σαν
584 2689 815 2759 μελετᾷν
846 2690 1100 2742 ἔπι-πλέον
1135 2691 1440 2760 πράγματα
1469 2691 1634 2760 σχεῖν,
1680 2686 2072 2756 ἐξερευνῶντες
2098 2688 2502 2757 ἐξερευνήσεις,
2541 2687 2646 2750 ἔως
2691 2688 2878 2751 αὐτοῖς
2929 2689 3060 2750 τοὺς
3103 2685 3406 2756 ἀνηνύτους
3457 2683 3701 2754 μόχθους

447 2786 687 2840 ἔπαυσεν
719 2787 877 2857 ἀνὴρ,
903 2789 981 2849 είς
1009 2787 1167 2856 βάθος
1196 2786 1290 2839 τοῦ
1318 2788 1416 2855 τῆς
1437 2785 1696 2857 ἀληθείας
1720 2783 2008 2854 προκύψας
2050 2784 2400 2854 πράγματος,
2428 2784 2524 2837 καὶ
2571 2784 2714 2837 θεῖον
2747 2779 2887 2838 εἶναι
2943 2784 3396 2853 συννοησάμενος
3453 2780 3516 2833 τδ
3572 2782 3702 2833 ἐπι-

447 2879 720 2947 προσθοῦν
745 2895 758 2907 ·
791 2879 850 2940 ὃς
881 2880 975 2932 καὶ
1003 2881 1083 2957 είς
1119 2880 1295 2950 μάτην
1327 2881 1540 2944 ἐξεῖπεν
1583 2881 1785 2940 αὐτοὺς
1843 2877 2153 2941 πονεῖσθαι,
2199 2878 2440 2948 ἀκίχητα
2492 2878 2812 2947 διώκοντας,
2866 2879 2963 2933 καὶ
3015 2877 3427 2947 ἀκαταλήπτοις
3465 2873 3699 2929 ἐπιϐάλ-

447 2975 657 3036 λοντας.
696 2974 804 3026 Καὶ
838 2972 1134 3043 προσέθετο
1163 2975 1357 3039 είπείν,
1382 2975 1734 3046 παραμιγνὺς
1753 2975 1819 3044 τῇ
1858 2974 2147 3044 φιλοσοφίᾳ
2169 2977 2266 3044 τῆς
2304 3012 2319 3027 .
2350 3013 2364 3028 .
2397 3011 2412 3028 .
2438 3011 2452 3026 .
2480 3013 2494 3028 .
2520 3013 2536 3028 .

1765 3171 1769 3175 _
1816 3112 2018 3166 Desunt
2074 3112 2338 3169 multum.

513 3235 676 3290 29....
699 3234 753 3287 in
787 3232 1160 3287 exsistentiam
1185 3232 1424 3286 materiae
1440 3241 1713 3298 expertem
1734 3239 2019 3286 attenuen-

2196 3229 2297 3283 κθ’.
2329 3271 2344 3285 .
2377 3269 2394 3285 .
2449 3268 2465 3285 .
2503 3267 2518 3283 .
2555 3231 2635 3294 εἰς
2663 3230 2856 3285 ἀῦλίαν
2881 3231 3279 3299 λεπτύνωνται,
3316 3233 3392 3297 ὡς
3424 3235 3498 3305 μὴ
3533 3235 3702 3305 μόνον

459 3337 548 3383 ιιιι·
573 3328 643 3380 ita
674 3335 730 3379 ut
760 3341 861 3378 non
890 3334 1092 3377 tantum
1129 3323 1230 3393 ipsi
1255 3324 1392 3392 apud
1420 3324 1660 3377 omnium
1690 3322 2016 3393 altissimum

2132 3321 2284 3373 αὐτοὶ
2349 3320 2483 3390 πρὸς
2529 3321 2606 3390 τῷ
2659 3321 2923 3376 ἀνωτάτω
2955 3326 3178 3377 πάντων
3213 3324 3333 3395 Θεῷ
3365 3321 3528 3390 εἶναι,
3563 3326 3704 3380 ἀλλά

453 3421 620 3475 Deum
647 3420 775 3483 sint,
799 3419 890 3472 sed
937 3427 988 3470 et
1023 3417 1158 3471 alios
1211 3432 1374 3484 supra
1429 3426 1628 3471 terram
1683 3415 1911 3479 tollant;
1971 3421 2020 3466 et

2135 3414 2227 3465 καὶ
2271 3413 2493 3482 ἑτέρους
2557 3413 2697 3483 ὑπὲρ
2743 3415 2846 3482 γῆς
2905 3415 3228 3483 κουφίζεινο
3288 3419 3382 3472 καὶ
3431 3419 3571 3479 τέως
3601 3420 3704 3488 μὲν

455 3512 736 3579 hucusque
769 3511 984 3578 quidem
1019 3507 1246 3562 exaltari
1302 3507 1532 3570 faciunt,
1578 3505 1702 3560 dein
1730 3520 1858 3560 vero
1888 3503 2022 3558 etin

457 3612 598 3657 terra
633 3603 826 3655 iterum
851 3598 1060 3667 absque
1083 3597 1294 3651 delectu
1319 3605 1583 3665 perstare.
1612 3595 1678 3650 Et
1703 3595 1782 3650 sic
1807 3594 2024 3663 quidem

456 3694 548 3764 qui
567 3693 814 3746 tenebras
839 3689 937 3743 fert
957 3689 1330 3761 (σκοτοφόρος)
1352 3697 1406 3744 et
1434 3689 1576 3743 circa
1602 3689 1774 3757 ipsum
1795 3687 2029 3758 prophe-

459 3795 525 3841 ta:
543 3794 596 3840 et
615 3783 843 3853 apostoli
865 3790 920 3836 et
939 3782 1350 3851 quibuscunque
1366 3781 1486 3835 aliis
1507 3781 1672 3835 Deum
1687 3779 2028 3847 omnipoten-

459 3889 566 3934 tem
601 3876 1058 3946 cognoscentibus
1091 3874 1318 3931 exaltari
1348 3875 1578 3930 leviores
1611 3875 1837 3944 contigit
1869 3882 1924 3928 et
1958 3873 2024 3928 ad

457 3972 737 4040 superiora
766 3970 1092 4040 promoveri,
1125 3969 1178 4023 in
1210 3979 1472 4038 quantum
1508 3968 1656 4038 ipsos
1683 3969 1902 4023 sustulit
1933 3966 2026 4037 qui

461 4066 515 4118 in
544 4063 776 4118 sublime
805 4060 998 4124 elevat,
1037 4061 1273 4130 gaudent
1330 4060 1742 4127 multiplicatam
1776 4059 2026 4124 videntes

459 4151 918 4222 pulchritudinem
976 4157 1029 4204 et
1064 4150 1260 4205 coelum
1299 4151 1610 4205 hominibus
1657 4149 1920 4219 repletum
1949 4149 2023 4202 ita

461 4245 654 4313 utjam
699 4258 805 4299 non
852 4245 1101 4297 desertus
1162 4241 1332 4297 aether
1385 4242 1632 4308 dicatur;
1686 4256 1794 4310 Quo
1847 4240 2026 4295 volam

460 4337 587 4392 elati
619 4347 877 4402 tanquam
913 4333 1172 4390 cmlicola:
1204 4335 1340 4388 liunt
1365 4347 1463 4402 per
1493 4349 1618 4387 aera
1643 4334 2024 4401 procedentes.

462 4433 518 4486 Si
551 4443 676 4484 vero
705 4439 961 4498 tanquam
995 4426 1150 4496 equis
1191 4425 1517 4481 salutaribus
1560 4425 1793 4479 sublime
1831 4424 2031 4478 tollun-

461 4531 550 4576 tur
575 4519 667 4591 qui
701 4520 1008 4580 solvuntur,
1043 4515 1447 4571 simulexaltari
1485 4515 1588 4570 visi
1612 4528 1734 4567 rum
1782 4515 2027 4569 salvante

2131 3501 2303 3564 οὕτως
2363 3503 2756 3572 ἀνωφορείσθαι
2814 3508 3008 3572 ποιεῖν,
3073 3503 3192 3560 εἶτα
3228 3507 3287 3561 δὲ
3346 3511 3567 3578 καὶτῆς
3599 3511 3704 3580 γῆς

2132 3592 2286 3655 αὖθις
2313 3593 2563 3654 ἀϐλαϐῶς
2590 3593 2858 3659 γίνεσθαι.
2882 3596 2993 3650 Καὶ⁵
3018 3596 3161 3650 οὕτω
3194 3599 3293 3668 μὲν
3311 3599 3339 3651 ό
3367 3602 3702 3671 σκοτοφόρος

2133 3686 2228 3737 καὶ
2251 3685 2299 3737 oi
2325 3686 2396 3753 ἀρ
2408 3687 2462 3751 φ’
2487 3687 2651 3740 αὐτὸν
2684 3687 2956 3757 προφῆται
2987 3690 3080 3742 καὶ
3101 3689 3408 3751 ἀπόστολοι,
3445 3692 3538 3743 καὶ
3555 3691 3705 3754 ὅσοις

2133 3778 2316 3840 ἄλλοις
2370 3779 2478 3831 τῶν
2532 3779 2751 3832 εἰδότων
2779 3779 2868 3832 τὸν
2909 3779 3000 3832 ἐπὶ
3028 3779 3246 3833 πάντων
3295 3781 3427 3834 Θεδν
3462 3783 3704 3852 ἀρθῆναι

2135 3870 2356 3940 κούφοις
2411 3871 2714 3940 ἐξεγένετο,
2783 3870 2876 3924 καὶ
2931 3871 3392 3943 μετεωρισθῆναι,
3437 3877 3517 3937 είς
3580 3877 3707 3928 ὅσον

2135 3963 2331 4027 αὐτοὺς
2367 3963 2626 4017 ἀνέλαϐεν
2678 3966 2706 4016 ό
2742 3962 2913 4032 ὑψῶν,
2969 3966 3243 4034 χαίρουσι,
3293 3967 3706 4036 πληθυνόμενον

2136 4055 2422 4124 βλέποντες
2457 4055 2516 4108 τὸ
2544 4056 2726 4122 καλὸν,
2765 4055 2974 4110 καὶτὸν
3002 4058 3232 4127 οὐρανὸν
3266 4059 3574 4130 ἀνθρώπων
3607 4063 3706 4128 γέο

2139 4165 2326 4218 μοντα,
2372 4147 2447 4211 ὡς
2483 4148 2684 4217 μηκέτι
2740 4149 2954 4218 ἐρήμην
2992 4149 3186 4217 αἰθέρα
3233 4150 3526 4216 λέγεσθαι’
3563 4150 3704 4202 ὅπου

2135 4241 2494 4307 ἀνιπτάμενοι
2535 4239 2664 4293 ὡσεὶ
2701 4241 2795 4292 καὶ
2838 4239 3429 4310 ούρανοπολῖταίτινες
3460 4240 3706 4308 γίνονται

2137 4330 2617 4402 αἰθεροϐατοῠντες
2639 4329 2938 4398 ἄνθρωποι.
2982 4333 3044 4384 Ei
3075 4333 3132 4386 δὲ
3165 4335 3259 4385 καὶ
3292 4333 3369 4395 ὡς
3402 4334 3494 4385 ἐπὶ
3521 4351 3707 4404 σωτη-

2139 4423 2255 4492 ρίου
2289 4422 2554 4484 ἱππασίας
2583 4423 3002 4489 μεταρσιοῦνται
3036 4425 3083 4475 οἱ
3110 4417 3384 4492 λυόμενοι,
3419 4426 3709 4494 συνέποχοι

2139 4512 2419 4574 δοκοῦντες
2479 4508 2620 4564 εἶναι
2679 4511 2757 4580 τῷ
2818 4511 3068 4581 (δυομένῳ
3123 4512 3385 4582 μάρτυρι,
3442 4512 3572 4566 ἄλλο
3611 4514 3710 4567 καὶ

462 4581 725 4684 mat-ivre,
760 4620 814 4663 et
843 4609 946 4663 hoc
980 4606 1229 4661 mirabile
1258 4605 1400 4660 aliud
1431 4614 1513 4660 est
1549 4605 1600 4657 in
1634 4603 2020 4672 cogitationum

2133 4600 2293 4654 τοῦτο
2327 4600 2654 4669 θαυμάσιον,
2686 4602 2764 4662 εἰς
2789 4601 3191 4666 φαπασιὼσεις
3227 4602 3568 4672 ἀναγόμενον
3595 4621 3712 4656 vos-

464 4705 616 4774 quasi
642 4701 996 4756 deliramenta
1023 4697 1466 4765 inducens,sicut
1486 4695 1653 4750 multa
1681 4704 1735 4750 et
1763 4692 2030 4763 profunda

468 4795 643 4851 beatis
680 4792 977 4862 antiquitus
1001 4792 1398 4846 inclaruerunt.

537 4885 627 4940 50.
689 4884 891 4937 Horum
923 4880 1163 4934 omnium
1189 4894 1310 4948 quae
1341 4877 1705 4932 narrationem
1738 4875 2032 4945 jucundam

474 4979 792 5040 eli‘ererunt,
822 4973 864 5027 si
896 4975 1204 5028 auditorum
1223 4971 1346 5040 quis
1369 4969 1612 5038 exempla
1638 4971 1812 5038 prisca
1845 4967 1896 5021 in
1932 4982 2035 5021 no-

473 5073 557 5125 bis
583 5066 879 5137 quaesierit,
899 5064 1150 5134 equidem
1173 5079 1277 5117 non
1301 5061 1634 5131 repugnabo.
1657 5059 1827 5130 Longi
1855 5067 2034 5112 autem

469 5164 616 5227 libri,
645 5161 833 5230 quales
859 5161 926 5216 de
957 5161 1076 5214 istis
1101 5175 1131 5214 a
1154 5157 1489 5228 sapientibus
1513 5164 1752 5221 exstant,
1769 5168 1906 5223 opus
1927 5167 2037 5208 non

472 5263 747 5311 amarent.
778 5253 892 5308 Non
952 5255 1096 5307 enitn
1152 5259 1366 5319 oportet
1422 5249 1646 5317 pulchre
1704 5247 2038 5302 elaboratum

475 5347 699 5402 revolvi.
741 5347 815 5399 De
836 5346 945 5413 jam
975 5343 1137 5398 dictis
1161 5354 1338 5397 autem
1373 5339 1419 5394 si
1461 5339 1660 5394 mentis
1688 5346 1885 5393 nostra:
1907 5338 2042 5391 liber

477 5440 714 5507 repletur
761 5447 814 5490 et
845 5435 1285 5490 enarrationibus
1344 5431 1707 5501 angustiatur,
1755 5429 2043 5499 longitudi-

478 5546 602 5586 nem
631 5539 806 5582 tamcn
838 5519 1168 5580 remittimus
1200 5519 1420 5577 cantum
1474 5521 1828 5576 novissimum
1861 5521 1927 5572 ad
1951 5519 2041 5588 ju-

475 5618 807 5672 Cunditatem
845 5616 1050 5670 auditui
1079 5613 1448 5668 elaborantes.
1472 5609 1582 5668 Cu'r
1633 5612 1777 5665 enim
1811 5610 2041 5664 aliorum

475 5705 719 5773 vestigiis
785 5704 1210 5774 ingrederemur,
1239 5702 1457 5772 quando
1516 5701 1785 5756 sermonis
1849 5700 2041 5755 semita

477 5810 587 5850 non
641 5804 790 5850 arcta
842 5794 1198 5866 angustiatur,
1259 5794 1351 5851 sed
1405 5794 1457 5850 in
1499 5792 1665 5849 maris
1704 5791 2040 5848 latitudinem

481 5884 826 5939 extenditur?
909 5921 936 5930 -.

2139 4692 2258 4760 ράς,
2285 4693 2466 4745 ὁποῖαι
2499 4693 2592 4744 καὶ
2620 4691 2814 4744 πολλαὶ
2857 4692 2950 4744 καὶ
2989 4693 3204 4762 βαθεῖαι
3252 4695 3369 4756 τοῖς
3403 4694 3570 4746 πάλαι
3603 4713 3710 4764 μα-

2137 4784 2351 4850 καρίοις
2377 4785 2641 4854 ἀνδράσιν
2669 4783 2997 4855 ἔνέλαμψαν.

2206 4877 2272 4931 λ’.
2313 4876 2530 4931 Τούτων
2557 4877 2836 4944 ἁπάντων,
2870 4878 2907 4932 ἀ
2935 4880 2999 4948 δὴ
3026 4886 3121 4935 καὶ
3154 4884 3315 4952 φύσει
3346 4886 3466 4947 ταῖς
3488 4884 3743 4954 ἀφηγή-’

2139 4985 2256 5021 σεσι
2287 4968 2710 5037 παρυφαίνεται,
2748 4971 2798 5022 εί
2829 4969 3021 5040 ζητοίη
3069 4991 3157 5037 τις
3179 4974 3289 5026 τῶν
3338 4976 3714 5045 ἀκροωμένων

2139 5062 2234 5113 καὶ
2259 5061 2632 5129 ὑποδείγματα
2663 5061 2731 5114 τὰ
2758 5063 2968 5117 παλαιὰ
2994 5066 3049 5116 ὲν
3075 5067 3230 5134 ἡμῖν,
3261 5067 3372 5136 ἐγὼ
3397 5068 3496 5137 μὲν
3521 5069 3620 5121 οὐκ
3643 5069 3715 5123 ἂν

2140 5151 2280 5221 τάχα
2332 5151 2584 5222 όκνοίηνο
2632 5153 2688 5206 αί
2736 5153 2794 5206 δὲ
2850 5157 3057 5226 μακραὶ
3100 5157 3293 5226 βίϐλοι,
3335 5160 3455 5213 ὅσαι
3488 5163 3616 5229 περὶ
3643 5162 3717 5216 τά

2141 5242 2368 5296 τοιαῦτα
2407 5246 2520 5307 τοῖς
2573 5247 2760 5314 σοφοῖς
2789 5245 3232 5317 ἑκπεφὼνηνται,
3267 5251 3366 5303 οὐκ
3410 5249 3476 5304 ἀν
3507 5252 3716 5320 φιλοῖεν

2142 5334 2204 5386 τὸ
2235 5333 2418 5404 ἔργον.
2447 5336 2522 5387 Oti
2551 5335 2658 5402 γὰρ
2683 5337 2787 5406 χρὴ
2812 5337 2872 5389 τὸ
2902 5337 3083 5402 καλῶς
3113 5340 3560 5410 ἐκπεπονημένον
3583 5343 3718 5396 ἀνα-

2144 5427 2348 5478 πολεῖν.
2373 5425 2492 5478 Τῶν
2515 5425 2570 5477 δέ
2611 5443 2675 5493 γε
2711 5428 3046 5496 προσφάτων
3078 5431 3126 5482 εί
3158 5432 3252 5484 καὶ
3293 5432 3353 5484 τὸ
3381 5433 3500 5500 τῆς
3533 5432 3718 5504 ψυχῆς

2148 5517 2350 5587 βιϐλίον
2377 5519 2506 5586 ἡμῖν
2535 5517 2807 5586 πέπληθε,
2849 5520 2940 5571 καὶ
2975 5523 3088 5583 τοῖς
3117 5519 3452 5591 διηγήμασιν
3499 5525 3719 5579 ἐστενο-

2145 5605 2416 5675 χώρηται,
2478 5606 2613 5658 ἀλλά
2663 5607 2723 5659 τὸ
2776 5607 2954 5675 μῆκος
3011 5609 3474 5681 ὑποστελλόμεθα,
3529 5613 3718 5680 ἀοιδὴν

2147 5697 2472 5767 καινοτάτην
2505 5697 2584 5758 είς
2609 5697 2805 5766 τέρψιν
2836 5700 3024 5762 ἀκοαῖς
3069 5703 3613 5771 πραγματευόμενοι.
3651 5708 3720 5758 Τί

2148 5787 2256 5856 γὰρ
2283 5788 2393 5848 τοῖς
2439 5785 2644 5855 ἐτέρων
2702 5787 3098 5856 ἀκολουθητέον
3136 5791 3357 5860 ἴχνεσιν¹
3393 5792 3578 5861 ἔνθαή
3617 5795 3716 5846 τοῦ

2150 5878 2308 5944 λόγου
2335 5879 2497 5949 τριϐὴ
2557 5880 2656 5931 οὐκ
2711 5881 3142 5952 ἐστενοχὼρηται
3172 5885 3246 5946 ὡς
3307 5886 3385 5946 είς
3416 5884 3722 5946 ἀτραπιτὸν

2162 5973 2372 6043 τρίϐου,
2401 5972 2516 6029 ἀλλ’
2550 5973 2620 6037 ὡς
2645 5974 2723 6037 εἰς
2754 5974 2984 6045 πέλαγος
3024 5976 3289 6037 πεδιάδων
3321 5977 3628 6048 εὐρύνεται.
