4048 6396
303 242 385 312 193
1416 252 1807 315 LAUDATIO
1845 255 1900 315 S.
1943 257 2352 323 DEMETRlI.

353 359 437 414 λα’.
461 356 601 420 Χθές
633 357 765 424 γοῦν
797 357 928 428 παρ’
967 359 1100 429 ἡμῖν
1128 361 1222 414 καὶ
1244 361 1351 432 πρδ
1380 365 1593 437 τρίτης,
1621 368 1706 420 ἵνα
1734 371 1833 436 τῆς
1863 374 1905 429 Α

296 451 624 520 εὐρυστέρνου
653 451 866 515 κοιλίας
897 452 992 506 τοῦ
1019 456 1077 507 ἐν
1100 455 1235 525 ἡμῖν
1283 460 1667 527 συγγραφικοῦ
1708 462 1834 532 ῥεύ-

298 560 438 616 ματος
460 543 715 612 βραχεῖάν
745 561 868 598 τινα
903 547 1296 618 παραῤῥυῆναι
1325 549 1610 621 ἀφήσομεν
1642 552 1833 607 λιϐάδα

296 635 408 706 πρὸς
427 633 671 703 ἔνδειξιν,
707 637 848 706 ἀνὴρ
882 641 1297 708 στρατιωτικὸς,
1344 643 1440 696 τοῦ
1480 645 1712 714 φυσικοῦ
1735 645 1832 715 ὀρ-

296 730 391 786 θίου
436 731 601 786 πάλαι
654 731 1082 798 κατακλασθεὶς,
1147 734 1376 787 καὶτοῦ
1428 736 1830 806 ἁνωφορείσθαι

293 823 614 894 παραλυθεὶς,
634 824 710 888 ὡς
739 825 833 878 καὶ
865 827 1293 893 συγκεκυφέναι,
1312 827 1406 880 καὶ
1429 828 1521 881 ἐπὶ
1548 829 1832 900 τεσσάρων

293 915 466 984 βαίνειν
494 917 579 986 ἐφ’
612 917 795 971 ἱκανὸν
825 917 969 971 κατά
995 919 1064 972 τὰ
1103 917 1432 988 βοσκόμενοι,
1478 921 1662 990 ἀφῆκε
1733 923 1834 989 μὲν

290 1010 397 1080 περὶ
445 1008 552 1078 γῆν
609 1010 963 1075 ίλυσπᾶσθαι,
1024 1013 1216 1082 ἀρθεὶς
1263 1014 1318 1066 δὲ
1352 1015 1433 1077 είς
1477 1015 1711 1082 ὑγίειαν,
1741 1019 1832 1070 ὅτε

287 1102 472 1164 πάντως
504 1100 729 1171 θελητδν
753 1098 821 1173 ἦν
855 1103 932 1172 τῷ
965 1104 1233 1174 μάρτυρι,
1261 1098 1433 1175 οὗπερ
1481 1106 1774 1175 ἐνδελεχῶς
1805 1109 1833 1160 6

285 1191 488 1261 ἀσθενὴς
517 1193 1048 1264 προκυλινδούμενος
1076 1191 1166 1265 ἦν,
1200 1198 1295 1250 καὶ
1325 1197 1510 1250 τέλεον
1543 1199 1834 1268 ἀρτιωθεὶς

285 1284 500 1353 ἀπέπτη,
532 1286 897 1356 παροράσεως
928 1287 1419 1356 ἀλισκόμενος,καὶ
1445 1291 1649 1361 μέμψιν
1668 1290 1829 1360 ἔχων,

281 1377 349 1428 ὅτι
381 1378 585 1447 μακρὸν
614 1378 810 1447 χρόνον
835 1379 966 1447 ἡμῖν
1008 1380 1089 1442 είς
1121 1379 1248 1449 ὄψιν
1275 1381 1448 1450 ἥκων,
1503 1383 1597 1434 ναὶ
1637 1383 1835 1436 ὑποκι-

281 1469 370 1522 νῶν
395 1469 558 1531 ἔλεον,
610 1465 730 1522 εἶτα
785 1470 849 1532 δὴ
881 1470 1021 1539 μετὰ
1050 1470 1150 1540 τὴν
1210 1472 1531 1542 ἀνάῤῥωσιν
1561 1473 1716 1526 οὐδὲν
1747 1469 1830 1536 οἷς

279 1560 373 1612 ἔδει
395 1560 680 1630 ὁμιλήσας,
731 1561 1068 1631 ἀπέδραμεν,
1100 1556 1191 1615 οἷα
1235 1563 1330 1615 τοῦ
1361 1563 1460 1632 τῆς
1488 1564 1679 1631 ὑγείας
1704 1582 1834 1617 πτε-

3405 272 3508 339 194

2007 374 2097 428 5!.
2158 377 2287 432 lleri
2317 393 2447 448 ergo
2479 391 2532 435 et
2569 380 2765 437 nudius
2805 383 3018 450 tertius,
3052 392 3109 439 ut
3137 384 3295 440 elatis
3321 399 3509 456 perto-

1936 466 2088 521 ribns
2133 472 2397 538 guttulam
2424 471 2605 528 ﬂuenti
2636 473 2688 527 in
2723 476 2880 530 nobis
2907 477 3128 529 oratorii
3172 479 3352 544 operis
3383 480 3505 532 stil-

1935 557 2050 610 lare
2073 559 2316 614 sinamus
2357 564 2499 632 quod
2539 563 2941 630 manifestetnr,
2995 566 3226 621 bellator
3279 569 3515 640 jampri-

1934 647 2052 701 dem
2079 651 2329 719 corporis
2357 654 2684 708 rectitudine
2718 655 2946 710 orbatus
2977 667 3031 710 et
3068 656 3294 723 fractus,
3337 659 3410 712 ita
3452 671 3510 710 ιιι

1937 751 2196 796 curvatus
2230 753 2282 796 et
2316 745 2626 815 quadrupes
2659 747 2961 802 intercedat
2987 750 3074 802 ubi
3094 765 3228 816 opus
3252 760 3511 821 eratgro-

1934 832 2016 901 gis
2042 833 2234 899 instar,
2265 837 2509 890 tellurem
2535 840 2750 908 quidem
2773 855 2914 910 aegre
2940 841 3195 895 membris
3224 858 3514 912 perrepere

1935 926 2188 992 cessavit,
2220 927 2376 996 plena
2413 943 2540 983 vero
2563 932 2796 985 sanitate
2818 933 3132 999 redonalus,
3171 933 3258 989 ubi
3296 951 3455 988 omne
3481 953 3508 986 a

1935 1019 2138 1072 volenti
2165 1032 2400 1090 martyre
2433 1032 2718 1092 acceperat
2747 1025 2888 1092 quod
2935 1034 3093 1078 antea
3145 1026 3407 1079 continuo
3450 1043 3509 1080 se

1935 1111 2210 1173 volutans,
2266 1127 2431 1166 sanus
2487 1124 2542 1167 et
2593 1117 2831 1182 perlecte
2891 1116 3154 1170 allevatns
3198 1119 3509 1180 cxsiliehat,

1935 1214 2276 1272 contemptus
2307 1204 2463 1273 culpa
2494 1207 2744 1260 conscius
2795 1215 2850 1260 et
2885 1207 3259 1276 objurgatione
3285 1209 3505 1276 dignus,

1935 1297 2060 1363 quia
2089 1298 2178 1350 diu
2201 1299 2359 1352 nobis
2389 1298 2698 1354 videntibus
2727 1298 2984 1353 incedens
3023 1307 3075 1351 et
3101 1300 3507 1354 miserationem

1934 1388 2361 1456 postsauitatem
2403 1396 2801 1457 recuperatam,
2830 1403 2935 1441 non
2973 1389 3038 1444 iis
3061 1403 3181 1456 quae
3215 1393 3507 1459 oportebat

1935 1477 2308 1542 incumbebat,
2357 1478 2450 1531 sed
2484 1477 2737 1532 currebat
2769 1494 2872 1547 qna
2925 1479 3173 1534 sanitatis
3205 1481 3419 1548 agilitas
3452 1491 3508 1535 et

1936 1569 2122 1638 patriae
2153 1568 2464 1639 longinqua:
2494 1568 2737 1624 cbaritas
2761 1569 3036 1623 hominem
3085 1578 3320 1639 raperet,
3359 1581 3508 1640 post-

281 1651 362 1718 ροῦ
384 1652 466 1703 καὶ
495 1651 594 1704 τοῦ
626 1652 796 1706 πόθου
833 1653 933 1720 τῆς
966 1654 1220 1722 πατρίδος
1255 1657 1705 1726 ἀφαρπασάντων
1735 1658 1828 1710 τὸν

282 1743 540 1768 l-_h--._--.
591 1745 649 1768 ι--
691 1745 1016 1768 Q---_1-_-_L
1043 1747 1215 1768 __L._--
1259 1746 1492 1768 ηιμ-..-η

1936 1661 2128 1731 positis
2159 1661 2432 1714 omnibus.

278 1743 562 1814 ἄνθρωπον,
591 1745 649 1798 ἐν
687 1745 929 1816 δευτέρῳ
949 1747 1018 1800 τὰ
1040 1747 1218 1800 πάντα
1259 1746 1515 1816 θέμενον.

337 1834 429 1904 λβ’.
456 1836 714 1891 Τοιοῦτον
744 1837 854 1906 γὰρ
907 1839 965 1909 ἡ,
1016 1838 1159 1893 καθά
1197 1856 1281 1904 τις
1315 1837 1487 1904 εἶπεν,
1536 1840 1696 1904 ἐκτὸς
1728 1843 1826 1896 καὶ

277 1928 389 1999 παρ’
437 1929 659 1992 ἐλπίδας
689 1930 856 2000 χαρὰ,
902 1931 1023 2000 ἥτις
1078 1931 1277 2002 αίφνης
1310 1933 1693 1987 ἐπιπνεύσασα
1725 1951 1827 2003 με-

277 2026 466 2092 ταρσιοῖ
492 2022 588 2076 τὸν
617 2023 913 2092 χαίροντα·
951 2025 1047 2077 καὶ
1095 2025 1314 2078 πάντων
1368 2026 1466 2095 μὲν
1504 2027 1824 2080 ἐκλανθάνει

275 2117 370 2169 τῶν
409 2115 594 2186 πέριξ,
642 2119 723 2178 είς
771 2115 831 2168 ἓν
863 2117 918 2168 δὲ
951 2118 1045 2169 καὶ
1082 2117 1242 2184 μόνον
1275 2117 1598 2183 ἀπευθύνει,
1624 2119 1685 2172 rb
1720 2119 1830 2185 πρὸ

274 2211 573 2282 ὀφθαλμῶν,
605 2214 700 2267 καλ⁵
728 2207 902 2284 οὗπερ
926 2213 1117 2284 ἔτυχεν
1153 2215 1382 2282 ἀγαθοῦ.
1419 2217 1544 2272 Ὀτι
1570 2219 1626 2273 δὲ
1655 2219 1748 2272 καὶ
1770 2220 1832 2273 rb

274 2305 632 2377 ἀντιστοιχοῦν
666 2305 744 2376 τῷ
778 2307 1006 2378 τοιούτῳ
1041 2307 1212 2376 καλῷ,
1253 2310 1286 2380 ἠ
1325 2310 1631 2379 αὐτόματος
1658 2311 1827 2378 λύπη,

272 2397 366 2448 οὐδ’
395 2397 528 2468 αὐτὴ
568 2397 874 2468 ἀπασχολεί
899 2399 960 2451 rb
1004 2399 1344 2470 λυπούμενον
1391 2403 1470 2464 είς
1520 2403 1712 2468 πολλὰ,
1750 2404 1833 2466 είς

271 2487 322 2540 ἐν
359 2489 410 2542 δὲ
455 2491 640 2544 ἐκεῖνο
699 2490 950 2560 μεθέλκει
1001 2491 1063 2544 rb
1102 2492 1289 2546 ὑλαίον
1339 2495 1512 2547 κακὸν
1540 2495 1641 2564 τῆς
1676 2496 1829 2566 παρά

273 2583 395 2636 πόδα
427 2582 683 2653 θλίψεως,
717 2584 859 2636 νοεῖν
886 2583 943 2648 ἐξ
978 2583 1245 2652 ἀναλόγου
1286 2585 1459 2642 ἔστιν.

332 2761 424 2829 λγ⁹.
467 2761 637 2816 Ἀλλά
673 2761 837 2816 τοῦτο
873 2764 974 2834 μὲν
1005 2763 1148 2818 οὕτω
1183 2767 1544 2836 παρεμπεσὸν
1590 2770 1833 2840 εἰρήσθω

272 2867 369 2922 μοι.
417 2854 561 2926 Ἐγὼ
593 2854 652 2908 δὲ
683 2855 782 2908 καὶ
802 2856 978 2909 ἐκεῖνο
1006 2857 1100 2910 τοῦ
1141 2857 1419 2926 μάρτυρος
1441 2861 1497 2912 ἐν
1518 2861 1661 2929 λόγῳ
1691 2863 1833 2918 πάνυ

271 2946 436 3016 πολλῷ
465 2949 715 3018 τίθεμαι,
746 2950 894 3012 ὅπως
919 2952 951 3021 ἠ
979 2950 1072 3003 τοῦ
1105 2951 1248 3004 θείου
1284 2953 1603 3022 Πνεύματος
1631 2954 1833 3024 ἐλλαμ-

1998 1843 2090 1916 32.
2121 1839 2258 1896 Nam
2287 1841 2341 1896 id
2375 1848 2479 1906 est,
2504 1851 2669 1911 prout
2699 1843 2834 1897 dixit
2863 1843 3110 1913 quidam,
3156 1853 3310 1898 extra
3347 1859 3504 1912 spem

1926 1947 1983 1993 et
2013 1937 2250 2006 seposita
2277 1947 2373 2004 spe
2406 1933 2658 2005 gaudium
2694 1935 3054 2004 quodcunque
3099 1935 3278 1990 subito
3308 1934 3501 1988 amans

1930 2030 2071 2098 quod
2103 2029 2426 2099 gaudentem
2461 2027 2687 2095 efferat;
2722 2037 2778 2083 et
2803 2029 2985 2083 omnia
3006 2038 3200 2083 caetera
3230 2043 3294 2082 ex
3323 2028 3508 2082 animo

1929 2122 2100 2192 ejicit,
2130 2121 2187 2176 in
2213 2135 2381 2174 unum
2417 2134 2547 2174 vero
2578 2128 2816 2174 mentem
2851 2120 2985 2188 ﬁgit,
3020 2121 3163 2187 quod
3195 2133 3304 2188 prze
3329 2118 3506 2173 oculis

1931 2221 2013 2269 est
2045 2222 2100 2269 et
2127 2212 2180 2267 in
2205 2227 2312 2282 quo
2345 2214 2546 2268 bonum
2599 2210 2741 2266 istud
2781 2213 2985 2268 evenit.
3023 2212 3176 2278 Quod
3231 2224 3365 2264 vero
3412 2208 3507 2262 tali

1930 2305 2158 2374 pulchro
2186 2321 2250 2361 ex
2274 2307 2524 2375 opposito
2549 2315 2654 2370 est,
2681 2305 2946 2376 :egritudo
2979 2301 3272 2370 improvisa
3305 2315 3410 2354 non
3435 2299 3504 2353 ab

1935 2399 2027 2453 illo
2053 2399 2194 2467 quod
2247 2397 2434 2453 multis
2492 2399 2734 2452 abundat
2770 2395 3191 2464 mgritudinibus
3252 2391 3497 2446 animum

1934 2491 2180 2552 distinet,
2213 2491 2266 2545 in
2295 2507 2461 2546 ttnum
2506 2505 2636 2545 vero
2661 2491 2792 2544 illud
2824 2489 3057 2543 retrahit
3079 2485 3361 2540 matcriale
3385 2497 3502 2536 ma-

1933 2583 2041 2637 lnm
2069 2584 2348 2650 prmaentis
2373 2585 2658 2653 angustiae,
2708 2581 2838 2636 illud
2886 2597 2985 2652 per
3016 2580 3323 2649 unalegiam
3361 2575 3510 2646 cogi-

1881 2665 1890 2675 ’
1937 2675 2156 2730 tandum
2189 2687 2295 2731 est.

2004 2769 2095 2823 '53.
2146 2767 2250 2822 Sed
2282 2767 2422 2838 istud
2456 2775 2709 2822 eventmu
2745 2765 2872 2818 mihi
2898 2765 3102 2818 dictum
3150 2763 3242 2818 sit.
3279 2763 3382 2817 Sed
3437 2762 3506 2815 il-

1933 2859 2024 2913 lttd
2063 2859 2318 2927 martyris
2347 2857 2523 2927 magni
2559 2857 2748 2925 utique
2815 2857 2977 2918 facio,
3029 2856 3298 2924 quomodo
3330 2855 3502 2908 divini

1936 2950 2174 3020 Spiritus
2201 2950 2495 3005 illustratio
2546 2950 2720 3018 ipsum
2780 2945 3092 3003 illuminans
3155 2957 3210 3001 et
3254 2950 3399 3017 quod
3453 2947 3509 3001 in

269 3037 350 3106 ψις
376 3041 523 3110 αὐτῷ
557 3041 937 3109 ἐναυγάσασα,
987 3044 1083 3095 καὶ
1135 3044 1198 3097 rb
1235 3046 1301 3098 ἐκ
1336 3046 1554 3111 φύσεως
1594 3048 1826 3117 ἐπιπροο

1937 3054 2128 3098 natura
2173 3044 2488 3098 obstruebat
2547 3043 2842 3111 dissipans,
2912 3040 3273 3110 prmscientiaa
3318 3040 3502 3092 lumen

268 3131 411 3186 σθοῦν
464 3135 802 3197 σκεδάσασα,
883 3134 1247 3202 προγνώσεως
1311 3139 1622 3209 ἐνήςτραψε
1691 3139 1828 3207 φῶς.

273 3213 480 3291 Ἀγνείᾳ
529 3221 669 3292 γὰρ,
706 3223 802 3274 καὶ
835 3223 980 3287 ὅσοις
1009 3223 1192 3288 ἄλλοις
1223 3225 1449 3292 ἀγαθοῖς
1501 3230 1554 3280 αἱ
1594 3229 1830 3298 ἱστορίαι

265 3311 714 3378 παραδεδώκασι,
774 3314 1160 3386 γαθηραμένος
1205 3318 1304 3387 τὴν
1343 3317 1549 3388 ψυχὴν,
1605 3321 1701 3373 καὶ
1751 3323 1830 3386 είς

265 3400 542 3472 προόρασιν
575 3403 850 3472 manus,
901 3406 995 3459 καὶ
1037 3407 1244 3478 ταύτην
1277 3411 1582 3479 προφήτου,
1614 3411 1694 3478 ὃς,
1729 3430 1836 3468 πα-

264 3491 485 3560 μξέσας
506 3494 570 3549 rb
593 3493 699 3563 τῆς
720 3496 966 3567 Γραφῆς,
992 3499 1196 3569 μυρίαν
1226 3501 1284 3554 ἐν
1313 3504 1378 3571 τῇ
1409 3503 1588 3573 οἰκείᾳ
1605 3505 1832 3575 πατρίδι

260 3584 412 3655 τιμὴν
460 3586 691 3656 εὕρατο,
748 3591 842 3642 καὶ
875 3588 998 3642 οὔτε
1030 3592 1088 3644 ἐν
1143 3592 1281 3663 αὐτῇ
1323 3592 1518 3664 ἄτιμός
1567 3595 1702 3661 ἐστι,
1738 3599 1834 3652 καὶ

258 3679 520 3748 πανταχοῦ
548 3680 609 3733 δὲ
653 3681 756 3748 γῆς
785 3681 1129 3748 ὑπέρτιμος.’
1554 3700 1560 3706 "

320 3766 406 3822 λδ’.
442 3772 550 3824 Καὶ
589 3771 760 3833 πίναξ
788 3771 880 3824 τοῦ
937 3773 1099 3839 λόγου
1132 3775 1322 3828 τούτου
1357 3777 1384 3829 6
1415 3777 1672 3846 λαμπρὸς
1723 3780 1827 3834 Νέ-

257 3874 414 3932 στωρ.
447 3855 580 3930 ἐνῷ
634 3861 728 3916 τοῦ
771 3862 1044 3933 ἡμετέρου
1103 3865 1412 3933 διορατικοῦ
1474 3868 1755 3938 μάρτυρος
1804 3871 1832 3923 6

257 3954 724 4025 προαγορευτικὺς
749 3954 905 4023 λόγος
933 3957 1108 4010 κεῖται
1158 3956 1259 4010 ὅσα
1283 3959 1379 4011 καὶ
1410 3960 1580 4032 στήλῃ
1607 3963 1714 4014 τινὶ
1742 3964 1834 4030 ἐγ-

251 4043 464 4113 γλυφείς
489 4063 506 4077 ·
536 4047 596 4111 ὃς
635 4047 733 4100 καὶ
759 4047 1197 4117 τελεσφορηθεὶς,
1231 4050 1311 4112 είς
1339 4050 1514 4119 πέρας
1541 4053 1829 4124 ἐκϐἐδηκε.

251 4133 440 4200 Λυαῖος
469 4156 528 4192 τε
567 4138 704 4207 γὰρ,
735 4137 810 4200 ὡς
854 4138 1279 4208 προηγόρευται,
1321 4139 1416 4193 ὑπ’
1450 4140 1600 4210 αύτῷ
1629 4146 1826 4214 νικητῇ

248 4228 424 4283 πεσὼν
477 4230 708 4292 ἔπιπτε,
741 4230 834 4282 καὶ
883 4229 1046 4292 αὐτὸς
1111 4229 1251 4300 ὑπὲρ
1315 4230 1558 4302 Χριστοῦ
1597 4234 1828 4304 νικητὴς

249 4319 478 4396 ἀθλητὴς
509 4324 724 4386 ἔκειτο,
779 4319 910 4374 ἔνθα
953 4321 1050 4374 καὶ
1095 4321 1260 4385 καλὸς
1296 4324 1325 4376 6
1353 4323 1454 4388 τῆς
1486 4324 1830 4394 προφητείας

247 4417 317 4486 τῷ
345 4417 654 4487 Δημητρίῳ
698 4413 908 4483 μισθός.
943 4415 1228 4483 Μερισμθος
1276 4416 1385 4483 γὰρ
1417 4415 1526 4469 τῶν
1553 4415 1827 4486 βραδείων

249 4509 333 4562 καὶ
362 4510 626 4564 κοινωνία
661 4508 854 4578 ὥσπερ
892 4506 1141 4576 αἱμάτων
1202 4506 1417 4577 χύσεως
1469 4506 1611 4578 ὑπὲρ
1660 4507 1822 4572 Θεοῦ,

245 4599 378 4654 οῦτω
431 4603 532 4656 καὶ
563 4598 858 4668 στεφάνων
890 4597 1202 4667 ἀθλητικῶν
1251 4598 1472 4668 καὶτῆς
1498 4599 1610 4652 ἀνω
1647 4615 1828 4664 μακα-

252 4692 506 4763 ριότητος.
545 4688 664 4747 Ἶῐν
696 4691 797 4760 μιν
821 4691 930 4760 γὰρ
962 4689 1040 4756 τῷ
1062 4705 1301 4760 γεννιιῳ
1335 4688 1568 4760 Νέστορι
1598 4689 1831 4761 ἐπικρύ-

247 4803 336 4855 (yet
361 4789 453 4842 rbv
482 4790 571 4852 είς
604 4784 925 4858 μαρτυρίαν
970 4784 1236 4854 ἀλείπτην
1267 4800 1328 4836 τε
1351 4785 1449 4838 καὶ
1479 4784 1826 4840 διδάσκαλον.

259 4877 389 4934 Ἀλλ’
413 4879 545 4935 οὔτε
579 4878 666 4948 τῷ
694 4876 964 4941 διδάξαντι
993 4876 1219 4947 θεληνδν
1249 4871 1391 4930 εῖναι
1424 4876 1584 4930 τοῦτο
1613 4877 1827 4946 ἐμεμα-

248 4970 412 5042 θήκει,
436 4973 535 5026 καὶ
563 4969 751 5031 ἄλλως
773 4967 831 5020 δὲ
860 4966 1053 5036 φθόνος
1086 4965 1263 5030 ἔδοξεν
1293 4965 1360 5020 ἂν
1391 4965 1827 5035 ὗποσμύχεσθαι,

250 5064 292 5114 εί
314 5064 406 5133 τὴν
446 5067 506 5128 ἐς
529 5060 771 5134 οὐρανὸν
801 5059 960 5122 αὐτὸς
986 5059 1322 5129 ἀνατρέχων,
1356 5058 1430 5128 μὴ
1460 5058 1829 5127 προσλάϐοιτο

251 5157 635 5228 συνοδοιπόρον
671 5155 768 5208 καὶ
804 5153 895 5206 τδν
947 5151 1268 5222 ἀλείψαντα.
1307 5151 1526 5220 Ἀμέλει
1559 5150 1681 5203 οὐδὲ
1719 5168 1825 5219 μα-

251 5247 366 5317 κρὸς
390 5245 734 5317 ἐμεσολάϐει
789 5245 1002 5316 χρόνος.
1050 5243 1193 5296 Ἀλλ’
1229 5246 1258 5297 6
1291 5243 1391 5312 μὲν
1419 5243 1673 5314 μαθητὴς
1710 5244 1824 5298 ἄνω

253 5339 500 5408 προῆλθε,
534 5339 602 5393 rb
628 5338 820 5407 γήϊνον
853 5334 1037 5405 βρῖθος
1061 5336 1211 5388 κάτω
1242 5334 1399 5403 ἀφείς
1425 5350 1438 5364 °
1473 5336 1828 5402 ἐπηκολούθει

253 5426 319 5492 δὲ,
346 5429 482 5484 θέων
513 5427 640 5484 οἷον
663 5425 786 5481 κατ’
811 5426 955 5496 ίχνη.
991 5427 1086 5479 καὶ
1116 5426 1144 5478 6
1177 5425 1518 5489 διδάσκαλος,
1549 5424 1826 5496 ἐξαίρετον

257 5518 380 5589 ἔχων
415 5522 478 5576 rb
533 5519 760 5592 μυρίοις
795 5517 1296 5572 καταπεποικίλθαι
1329 5517 1490 5578 αὐτὸς
1518 5516 1823 5588 τραύμασι,

258 5615 339 5664 καὶ
366 5615 559 5684 ῶσπερ
605 5615 764 5682 χύσευ.
793 5612 956 5677 λόγου
991 5611 1083 5663 καὶ
1121 5614 1312 5677 σοφίας
1338 5648 1354 5671 ,
1403 5609 1546 5662 οὕτω
1577 5611 1827 5680 προέχων

261 5711 478 5776 mirati;
511 5709 774 5779 ἀπείροις
824 5706 1061 5778 τρώσεσι
1117 5707 1212 5761 καὶ
1241 5707 1360 5769 ταῖς
1394 5705 1473 5768 είς
1501 5703 1706 5758 πυκνὸν
1734 5715 1850 5769 rog'

1936 3134 2191 3200 ell‘nlgere
2211 3133 2356 3189 fecit.
2379 3133 2645 3188 Castitate
2679 3135 2824 3186 enim
2850 3139 3185 3201 etquotquot
3206 3130 3328 3185 aliis
3350 3129 3512 3184 bonis

1937 3229 2275 3282 tradiderunt
2306 3227 2550 3282 historias
2583 3228 2819 3280 animam
2855 3225 3116 3280 mundam
3189 3221 3320 3278 fecit
3346 3231 3403 3277 et
3451 3221 3506 3276 in

1935 3316 2111 3372 futura
2163 3318 2391 3387 praavisa
2436 3317 2625 3372 oculos
2667 3317 2856 3372 delixit
2904 3317 3070 3385 idque
3103 3317 3382 3386 propheta!
3415 3315 3508 3384 qui

1936 3409 2398 3479 raditScriptura}
2430 3411 2776 3473 sententiam,
2829 3409 3156 3463 immensum
3211 3409 3267 3463 in
3333 3407 3508 3477 patria

1935 3503 2152 3572 propria
2186 3505 2444 3557 honorem
2472 3504 2702 3566 invenit,
2729 3515 2828 3554 nec
2855 3502 2975 3556 sine
3009 3501 3218 3555 honore
3271 3499 3327 3553 in
3385 3499 3504 3568 ipsa

1935 3603 2042 3662 est,
2066 3595 2161 3651 sed
2195 3595 2399 3664 ubique
2452 3603 2718 3650 terrarum
2752 3594 2955 3649 honore
3010 3592 3182 3647 nimio
3223 3602 3509 3658 nuncupa-

1935 3698 2044 3744 tur.

2005 3786 2096 3840 54.
2134 3782 2416 3839 Sermonis
2443 3783 2593 3836 illius
2633 3780 2940 3848 exemplum
2971 3776 3184 3832 celeber
3208 3774 3422 3836 Nestor,
3453 3773 3506 3826 in

1935 3893 2044 3948 quo
2077 3877 2244 3932 nostri
2277 3875 2501 3930 illustris
2520 3877 2777 3944 martyris
2821 3872 3171 3944 propheticus
3199 3882 3382 3921 sermo
3404 3874 3506 3928 est,

1937 3979 2190 4037 tanquam
2215 3967 2482 4022 calumnia
2510 3967 2853 4033 insculptus;
2912 3965 3004 4033 qui
3057 3970 3112 4015 et
3167 3971 3383 4012 mature
3441 3957 3508 4010 ad

1897 4061 2135 4114 'metant
2181 4057 2418 4114 devenit.
2471 4057 2661 4127 Lyaeus
2704 4057 2873 4116 enim,
2920 4062 2980 4106 ut
3034 4050 3350 4120 praedictum
3404 4056 3510 4112 est,

1937 4161 2064 4206 ante
2085 4150 2256 4220 ipsum
2291 4150 2549 4204 victorem
2578 4147 2771 4202 cecidit
2789 4145 2992 4207 victus,
3022 4141 3114 4210 qui
3152 4140 3270 4208 ipse
3289 4146 3512 4207 propter

1938 4242 2214 4297 Christum
2243 4240 2415 4295 victor
2449 4240 2652 4294 athleta
2679 4237 2918 4305 jacebat,
2949 4231 3178 4304 pulchra
3212 4226 3512 4300 prophetiae

1942 4333 2216 4389 Demetrio
2243 4345 2478 4386 merces.
2518 4327 2836 4382 Braviorum
2876 4325 3023 4381 enim
3053 4322 3246 4376 divisio
3279 4329 3335 4374 et
3383 4332 3516 4371 san-

1935 4425 2118 4496 guinis
2154 4423 2444 4480 eﬁ‘usionis
2472 4420 2839 4477 communitas
2888 4425 3110 4486 propter
3139 4411 3307 4466 Deum
3373 4409 3517 4462 sicut

1936 4525 1995 4573 et
2061 4531 2390 4572 coronarum
2459 4512 2679 4567 athletis
2729 4506 3191 4574 beatitudinisque
3251 4500 3512 4557 cmlestis.

1938 4607 2150 4665 Nobilis
2206 4607 2402 4662 Nestor
2451 4612 2693 4659 statuera
2753 4599 3117 4653 institutorem
3165 4596 3220 4649 in
3253 4593 3516 4662 martyrio

1942 4701 2370 4770 magistrumque
2415 4695 2647 4751 celasse.
2698 4692 2802 4747 Sed
2853 4705 2952 4745 nec
2990 4686 3228 4743 doctoris
3261 4682 3391 4737 illud
3419 4683 3541 4744 de-_

1936 4791 2197 4846 siderium
2251 4802 2375 4844 esse
2417 4785 2701 4845 didicerat,
2738 4792 2794 4838 et
2849 4781 2988 4835 alias
3039 4775 3238 4832 invidia
3278 4774 3514 4843 quodam

1937 4882 2104 4938 modo
2141 4880 2418 4935 tabescere
2440 4875 2747 4939 videbatur,
2775 4874 2818 4929 si
2847 4873 2914 4927 ad
2929 4869 3125 4926 omium
3162 4866 3385 4922 tendens
3407 4879 3513 4918 non

1935 4970 2039 5023 viae
2076 4968 2282 5022 socium
2318 4964 2695 5020 institutorem
2752 4968 3077 5015 assumeret.
3124 4953 3238 5011 Nec
3294 4954 3514 5021 longum

1935 5071 2068 5114 sane
2093 5054 2304 5110 ellluxit
2341 5061 2581 5120 tempus.
2621 5048 2933 5118 Discipulos
2967 5047 3020 5100 in
3049 5044 3328 5100 excelsum
3354 5039 3514 5105 abiit,

1935 5152 2194 5202 terrestre
2211 5143 2422 5210 pondus
2467 5140 2716 5195 deorsum
2737 5138 3024 5202 deserens;
3053 5132 3382 5203 sequebatur
3412 5144 3512 5183 au-

1938 5248 2046 5292 tem
2072 5235 2321 5304 vestigiis
2349 5233 2614 5288 insistens
2646 5240 2702 5286 et
2732 5231 3014 5299 magister,
3039 5227 3266 5281 electam
3306 5223 3514 5278 habens

1934 5336 2137 5383 sortem
2174 5327 2286 5394 ipse
2314 5324 2459 5379 mille
2483 5324 2766 5376 vulnerum
2801 5321 3066 5374 varietate
3131 5313 3411 5384 distingui,
3460 5321 3518 5367 et

1934 5421 2390 5492 quemadmodum
2425 5416 2693 5473 sermonis
2715 5423 2770 5470 et
2790 5413 3075 5483 sapientia!
3105 5407 3390 5474 effusione,
3426 5403 3508 5460 sic

1934 5491 1989 5570 et
2027 5491 2326 5567 innumeris
2347 5509 2661 5581 vulneribus
2706 5515 2762 5562 et
2818 5520 2979 5574 quam
3009 5502 3261 5573 plurimis
3325 5511 3515 5565 corpo-

1940 5609 2018 5662 ris
2045 5603 2401 5660 foraminibns
2429 5611 2714 5672 praestare.
2749 5598 2882 5654 Nam
2920 5596 3140 5669 tyranni
3181 5593 3270 5648 isti
3301 5607 3332 5665 ᾳ
3362 5604 3506 5644 mar-

1933 5700 2066 5772 tyris
2092 5697 2226 5769 ipsis
2251 5695 2528 5763 carnibus,
2577 5701 2636 5751 ut
2683 5701 2839 5764 puto,
2897 5688 3136 5746 saturari
3169 5683 3510 5772 “cupientes.
