  <div class='ocr_page' id='page_1' title='image "/cluster/home/n/w/nwhite01/storage/ocr_20150623/136/coo.31924054870419/106.png"; bbox 0 0 4048 6408; ppageno 0'>
   <div class='ocr_carea' id='block_1_1' title="bbox 264 270 350 330">
    <p class='ocr_par' dir='ltr' id='par_1_1' title="bbox 264 270 350 330">
     <span class='ocr_line' id='line_1_1' title="bbox 264 270 350 330; baseline -0.047 0"><span class='ocrx_word' id='word_1_1' title='bbox 264 270 278 330; x_wconf 88' lang='lat' dir='ltr'><strong>l</strong></span> <span class='ocrx_word' id='word_1_2' title='bbox 291 273 350 327; x_wconf 57' lang='lat'><strong>97</strong></span> 
     </span>
    </p>
   </div>
   <div class='ocr_carea' id='block_1_2' title="bbox 1412 276 2336 339">
    <p class='ocr_par' dir='ltr' id='par_1_2' title="bbox 1412 276 2336 339">
     <span class='ocr_line' id='line_1_2' title="bbox 1412 276 2336 339; baseline 0.002 -4"><span class='ocrx_word' id='word_1_3' title='bbox 1412 276 1803 335; x_wconf 65' lang='lat' dir='ltr'><strong>LAUDATIO</strong></span> <span class='ocrx_word' id='word_1_4' title='bbox 1844 276 1901 338; x_wconf 66' lang='grc' dir='ltr'><strong>Β.</strong></span> <span class='ocrx_word' id='word_1_5' title='bbox 1937 278 2336 339; x_wconf 67' lang='grc' dir='ltr'><strong>ΟΕΜΕἩΗΙ.</strong></span> 
     </span>
    </p>
   </div>
   <div class='ocr_carea' id='block_1_3' title="bbox 3398 277 3498 342">
    <p class='ocr_par' dir='ltr' id='par_1_3' title="bbox 3398 277 3498 342">
     <span class='ocr_line' id='line_1_3' title="bbox 3398 277 3498 342; baseline 0.02 -2"><span class='ocrx_word' id='word_1_6' title='bbox 3398 277 3498 342; x_wconf 68' lang='grc' dir='ltr'>ιειὸ</span> 
     </span>
    </p>
   </div>
   <div class='ocr_carea' id='block_1_4' title="bbox 255 382 1832 458">
    <p class='ocr_par' dir='ltr' id='par_1_4' title="bbox 255 382 1822 453">
     <span class='ocr_line' id='line_1_4' title="bbox 255 382 1822 453; baseline 0.001 -18"><span class='ocrx_word' id='word_1_7' title='bbox 255 396 364 435; x_wconf 73' lang='grc' dir='ltr'>σιν·</span> <span class='ocrx_word' id='word_1_8' title='bbox 400 385 427 434; x_wconf 77' lang='grc' dir='ltr'><strong>ὁ</strong></span> <span class='ocrx_word' id='word_1_9' title='bbox 465 382 520 435; x_wconf 71' lang='grc' dir='ltr'>δὲ</span> <span class='ocrx_word' id='word_1_10' title='bbox 580 384 846 451; x_wconf 77' lang='grc' dir='ltr'>σκορπὶου</span> <span class='ocrx_word' id='word_1_11' title='bbox 882 384 1105 452; x_wconf 78' lang='grc' dir='ltr'>κέντρον</span> <span class='ocrx_word' id='word_1_12' title='bbox 1164 386 1524 453; x_wconf 78' lang='grc' dir='ltr'>ἐπεξαγαγὼν</span> <span class='ocrx_word' id='word_1_13' title='bbox 1558 384 1706 452; x_wconf 77' lang='grc' dir='ltr'>αὐτῷ</span> <span class='ocrx_word' id='word_1_14' title='bbox 1741 384 1822 451; x_wconf 75' lang='grc' dir='ltr'>εἴη</span> 
     </span>
    </p>
   </div>
   <div class='ocr_carea' id='block_1_5' title="bbox 1932 382 3513 458">
    <p class='ocr_par' dir='ltr' id='par_1_5' title="bbox 1934 388 3513 458">
     <span class='ocr_line' id='line_1_5' title="bbox 1934 388 3513 458; baseline 0 -19"><span class='ocrx_word' id='word_1_15' title='bbox 1934 389 2177 443; x_wconf 80' lang='lat' dir='ltr'><strong>niciosos</strong></span> <span class='ocrx_word' id='word_1_16' title='bbox 2205 389 2428 443; x_wconf 85' lang='lat' dir='ltr'><strong>omnino</strong></span> <span class='ocrx_word' id='word_1_17' title='bbox 2468 390 2591 453; x_wconf 77' lang='lat' dir='ltr'><strong>fuit,</strong></span> <span class='ocrx_word' id='word_1_18' title='bbox 2633 405 2735 445; x_wconf 84' lang='lat' dir='ltr'><strong>nec</strong></span> <span class='ocrx_word' id='word_1_19' title='bbox 2783 389 2956 458; x_wconf 88' lang='lat' dir='ltr'><strong>perite</strong></span> <span class='ocrx_word' id='word_1_20' title='bbox 2992 388 3339 441; x_wconf 82' lang='lat' dir='ltr'><strong>adversarius</strong></span> <span class='ocrx_word' id='word_1_21' title='bbox 3388 389 3513 440; x_wconf 43' lang='lat' dir='ltr'><strong>fro;</strong></span> 
     </span>
    </p>
   </div>
   <div class='ocr_carea' id='block_1_6' title="bbox 251 474 1826 547">
    <p class='ocr_par' dir='ltr' id='par_1_6' title="bbox 251 474 1826 547">
     <span class='ocr_line' id='line_1_6' title="bbox 251 474 1826 547; baseline 0.001 -20"><span class='ocrx_word' id='word_1_22' title='bbox 251 476 309 528; x_wconf 81' lang='grc' dir='ltr'><strong>ἂν</strong></span> <span class='ocrx_word' id='word_1_23' title='bbox 336 474 459 527; x_wconf 80' lang='grc' dir='ltr'>οὒτε</span> <span class='ocrx_word' id='word_1_24' title='bbox 492 474 789 543; x_wconf 76' lang='grc' dir='ltr'>βλαπτικὺς</span> <span class='ocrx_word' id='word_1_25' title='bbox 820 477 980 536; x_wconf 84' lang='grc' dir='ltr'>πάνυ,</span> <span class='ocrx_word' id='word_1_26' title='bbox 1010 479 1103 530; x_wconf 77' lang='grc' dir='ltr'><strong>καὶ</strong></span> <span class='ocrx_word' id='word_1_27' title='bbox 1133 478 1252 530; x_wconf 81' lang='grc' dir='ltr'>οὐδὲ</span> <span class='ocrx_word' id='word_1_28' title='bbox 1283 478 1425 531; x_wconf 79' lang='grc' dir='ltr'>κατὰ</span> <span class='ocrx_word' id='word_1_29' title='bbox 1454 479 1647 547; x_wconf 77' lang='grc' dir='ltr'>τέχνην</span> <span class='ocrx_word' id='word_1_30' title='bbox 1679 479 1826 531; x_wconf 80' lang='grc' dir='ltr'>ἀντί-</span> 
     </span>
    </p>
   </div>
   <div class='ocr_carea' id='block_1_7' title="bbox 251 569 1821 641">
    <p class='ocr_par' dir='ltr' id='par_1_7' title="bbox 251 569 1821 641">
     <span class='ocr_line' id='line_1_7' title="bbox 251 569 1821 641; baseline 0.003 -21"><span class='ocrx_word' id='word_1_31' title='bbox 251 569 431 628; x_wconf 75' lang='grc' dir='ltr'>πιλος,</span> <span class='ocrx_word' id='word_1_32' title='bbox 490 569 668 637; x_wconf 84' lang='grc' dir='ltr'>μάτην</span> <span class='ocrx_word' id='word_1_33' title='bbox 722 569 884 632; x_wconf 67' lang='grc' dir='ltr'>αὐτὸς</span> <span class='ocrx_word' id='word_1_34' title='bbox 919 569 1015 623; x_wconf 75' lang='grc' dir='ltr'>καὶ</span> <span class='ocrx_word' id='word_1_35' title='bbox 1067 570 1162 623; x_wconf 85' lang='grc' dir='ltr'><strong>νῦν</strong></span> <span class='ocrx_word' id='word_1_36' title='bbox 1196 571 1648 641; x_wconf 75' lang='grc' dir='ltr'>βουλευσάμενος,</span> <span class='ocrx_word' id='word_1_37' title='bbox 1710 573 1821 624; x_wconf 79' lang='grc' dir='ltr'>εἴτε</span> 
     </span>
    </p>
   </div>
   <div class='ocr_carea' id='block_1_8' title="bbox 249 660 1823 733">
    <p class='ocr_par' dir='ltr' id='par_1_8' title="bbox 249 660 1823 733">
     <span class='ocr_line' id='line_1_8' title="bbox 249 660 1823 733; baseline 0.001 -20"><span class='ocrx_word' id='word_1_38' title='bbox 249 661 375 726; x_wconf 59' lang='lat' dir='ltr'><strong>«pb;</strong></span> <span class='ocrx_word' id='word_1_39' title='bbox 409 660 575 727; x_wconf 81' lang='grc' dir='ltr'>φόϐον</span> <span class='ocrx_word' id='word_1_40' title='bbox 603 663 662 714; x_wconf 82' lang='grc' dir='ltr'><strong>τὸ</strong></span> <span class='ocrx_word' id='word_1_41' title='bbox 692 662 937 717; x_wconf 75' lang='grc' dir='ltr'>τοιοῦτον</span> <span class='ocrx_word' id='word_1_42' title='bbox 966 666 1283 733; x_wconf 76' lang='grc' dir='ltr'>ἐμηχανᾶτο</span> <span class='ocrx_word' id='word_1_43' title='bbox 1315 665 1509 726; x_wconf 73' lang='grc' dir='ltr'>κακὸν,</span> <span class='ocrx_word' id='word_1_44' title='bbox 1542 663 1651 715; x_wconf 81' lang='grc' dir='ltr'>εἴτε</span> <span class='ocrx_word' id='word_1_45' title='bbox 1684 664 1823 731; x_wconf 81' lang='grc' dir='ltr'>πρὸς</span> 
     </span>
    </p>
   </div>
   <div class='ocr_carea' id='block_1_9' title="bbox 252 752 1819 827">
    <p class='ocr_par' dir='ltr' id='par_1_9' title="bbox 252 752 1819 827">
     <span class='ocr_line' id='line_1_9' title="bbox 252 752 1819 827; baseline 0.003 -24"><span class='ocrx_word' id='word_1_46' title='bbox 252 752 491 804; x_wconf 72' lang='grc' dir='ltr'>θάνατον.</span> <span class='ocrx_word' id='word_1_47' title='bbox 525 753 664 806; x_wconf 83' lang='grc' dir='ltr'><strong>Οὔτε</strong></span> <span class='ocrx_word' id='word_1_48' title='bbox 698 756 807 824; x_wconf 79' lang='grc' dir='ltr'>γὰρ</span> <span class='ocrx_word' id='word_1_49' title='bbox 844 756 1142 826; x_wconf 76' lang='grc' dir='ltr'>ἐξεφόϐησε</span> <span class='ocrx_word' id='word_1_50' title='bbox 1199 757 1292 810; x_wconf 70' lang='grc' dir='ltr'>τὸν</span> <span class='ocrx_word' id='word_1_51' title='bbox 1320 758 1561 827; x_wconf 80' lang='grc' dir='ltr'>ἀθλητὴν</span> <span class='ocrx_word' id='word_1_52' title='bbox 1590 760 1618 808; x_wconf 82' lang='grc' dir='ltr'>ὁ</span> <span class='ocrx_word' id='word_1_53' title='bbox 1653 769 1819 824; x_wconf 64' lang='lat' dir='ltr'><strong>exop-</strong></span> 
     </span>
    </p>
   </div>
   <div class='ocr_carea' id='block_1_10' title="bbox 250 841 1821 917">
    <p class='ocr_par' dir='ltr' id='par_1_10' title="bbox 250 841 1821 917">
     <span class='ocr_line' id='line_1_10' title="bbox 250 841 1821 917; baseline 0.005 -25"><span class='ocrx_word' id='word_1_54' title='bbox 250 841 380 905; x_wconf 86' lang='grc' dir='ltr'>πίος,</span> <span class='ocrx_word' id='word_1_55' title='bbox 406 844 468 895; x_wconf 83' lang='grc' dir='ltr'><strong>τὸ</strong></span> <span class='ocrx_word' id='word_1_56' title='bbox 491 843 586 894; x_wconf 86' lang='grc' dir='ltr'><strong>τοῦ</strong></span> <span class='ocrx_word' id='word_1_57' title='bbox 619 844 867 898; x_wconf 81' lang='grc' dir='ltr'>διαϐόλου</span> <span class='ocrx_word' id='word_1_58' title='bbox 898 848 1008 900; x_wconf 80' lang='grc' dir='ltr'>εἴτε</span> <span class='ocrx_word' id='word_1_59' title='bbox 1050 848 1296 917; x_wconf 76' lang='grc' dir='ltr'>κέντρον,</span> <span class='ocrx_word' id='word_1_60' title='bbox 1333 850 1444 902; x_wconf 75' lang='grc' dir='ltr'>εἴτε</span> <span class='ocrx_word' id='word_1_61' title='bbox 1481 848 1653 917; x_wconf 83' lang='grc' dir='ltr'>βέλος.</span> <span class='ocrx_word' id='word_1_62' title='bbox 1685 847 1821 900; x_wconf 82' lang='grc' dir='ltr'>ἀλλὰ</span> 
     </span>
    </p>
   </div>
   <div class='ocr_carea' id='block_1_11' title="bbox 251 936 1822 1011">
    <p class='ocr_par' dir='ltr' id='par_1_11' title="bbox 251 936 1822 1011">
     <span class='ocr_line' id='line_1_11' title="bbox 251 936 1822 1011; baseline 0.004 -25"><span class='ocrx_word' id='word_1_63' title='bbox 251 937 334 988; x_wconf 77' lang='grc' dir='ltr'>καὶ</span> <span class='ocrx_word' id='word_1_64' title='bbox 366 936 561 1001; x_wconf 60' lang='grc' dir='ltr'>νεκρξς</span> <span class='ocrx_word' id='word_1_65' title='bbox 592 936 795 992; x_wconf 77' lang='grc' dir='ltr'>ἔκειτο.</span> <span class='ocrx_word' id='word_1_66' title='bbox 834 939 1002 992; x_wconf 83' lang='grc' dir='ltr'>Ἔνθα</span> <span class='ocrx_word' id='word_1_67' title='bbox 1039 942 1134 994; x_wconf 67' lang='grc' dir='ltr'><strong>καὶ</strong></span> <span class='ocrx_word' id='word_1_68' title='bbox 1194 941 1361 1007; x_wconf 79' lang='grc' dir='ltr'>γελᾷν</span> <span class='ocrx_word' id='word_1_69' title='bbox 1420 943 1530 1003; x_wconf 80' lang='grc' dir='ltr'>τοῖς</span> <span class='ocrx_word' id='word_1_70' title='bbox 1562 940 1822 1011; x_wconf 77' lang='grc' dir='ltr'>θερμοτέ-</span> 
     </span>
    </p>
   </div>
   <div class='ocr_carea' id='block_1_12' title="bbox 251 1026 1821 1101">
    <p class='ocr_par' dir='ltr' id='par_1_12' title="bbox 251 1026 1821 1101">
     <span class='ocr_line' id='line_1_12' title="bbox 251 1026 1821 1101; baseline 0.003 -23"><span class='ocrx_word' id='word_1_71' title='bbox 251 1043 353 1094; x_wconf 79' lang='grc' dir='ltr'>ροις</span> <span class='ocrx_word' id='word_1_72' title='bbox 403 1026 639 1091; x_wconf 75' lang='grc' dir='ltr'><strong>ἔπεισιν,</strong></span> <span class='ocrx_word' id='word_1_73' title='bbox 694 1030 778 1097; x_wconf 81' lang='grc' dir='ltr'><strong>ἐφ’</strong></span> <span class='ocrx_word' id='word_1_74' title='bbox 829 1026 911 1092; x_wconf 75' lang='grc' dir='ltr'>οἷς</span> <span class='ocrx_word' id='word_1_75' title='bbox 940 1033 967 1084; x_wconf 82' lang='grc' dir='ltr'>ὁ</span> <span class='ocrx_word' id='word_1_76' title='bbox 1015 1033 1323 1101; x_wconf 88' lang='grc' dir='ltr'>πανοῦργος</span> <span class='ocrx_word' id='word_1_77' title='bbox 1353 1034 1444 1085; x_wconf 72' lang='grc' dir='ltr'><strong>καὶ</strong></span> <span class='ocrx_word' id='word_1_78' title='bbox 1477 1033 1575 1098; x_wconf 77' lang='grc' dir='ltr'>τὴν</span> <span class='ocrx_word' id='word_1_79' title='bbox 1622 1034 1821 1084; x_wconf 77' lang='grc' dir='ltr'>κακίαν</span> 
     </span>
    </p>
   </div>
   <div class='ocr_carea' id='block_1_13' title="bbox 249 1118 1820 1196">
    <p class='ocr_par' dir='ltr' id='par_1_13' title="bbox 249 1118 1820 1196">
     <span class='ocr_line' id='line_1_13' title="bbox 249 1118 1820 1196; baseline 0.004 -26"><span class='ocrx_word' id='word_1_80' title='bbox 249 1118 555 1185; x_wconf 77' lang='grc' dir='ltr'>σοφώτατος</span> <span class='ocrx_word' id='word_1_81' title='bbox 614 1122 898 1188; x_wconf 74' lang='grc' dir='ltr'>ὲνηπξαζε.</span> <span class='ocrx_word' id='word_1_82' title='bbox 933 1125 1157 1186; x_wconf 77' lang='grc' dir='ltr'><strong>Πάντως</strong></span> <span class='ocrx_word' id='word_1_83' title='bbox 1205 1126 1311 1196; x_wconf 72' lang='grc' dir='ltr'>γὰρ</span> <span class='ocrx_word' id='word_1_84' title='bbox 1359 1126 1572 1192; x_wconf 85' lang='grc' dir='ltr'>ἀγνοῶν</span> <span class='ocrx_word' id='word_1_85' title='bbox 1603 1126 1820 1195; x_wconf 75' lang='grc' dir='ltr'>ἐτεχνά-</span> 
     </span>
    </p>
   </div>
   <div class='ocr_carea' id='block_1_14' title="bbox 247 1211 1819 1285">
    <p class='ocr_par' dir='ltr' id='par_1_14' title="bbox 247 1211 1819 1285">
     <span class='ocr_line' id='line_1_14' title="bbox 247 1211 1819 1285; baseline 0.004 -22"><span class='ocrx_word' id='word_1_86' title='bbox 247 1211 386 1272; x_wconf 81' lang='grc' dir='ltr'>ζετο.</span> <span class='ocrx_word' id='word_1_87' title='bbox 418 1213 514 1264; x_wconf 81' lang='grc' dir='ltr'>καὶ</span> <span class='ocrx_word' id='word_1_88' title='bbox 566 1212 629 1265; x_wconf 86' lang='grc' dir='ltr'><strong>τδ</strong></span> <span class='ocrx_word' id='word_1_89' title='bbox 668 1214 884 1279; x_wconf 80' lang='grc' dir='ltr'><strong>ἀγνοεῖν</strong></span> <span class='ocrx_word' id='word_1_90' title='bbox 913 1216 1000 1267; x_wconf 74' lang='grc' dir='ltr'><strong>ἐπ’</strong></span> <span class='ocrx_word' id='word_1_91' title='bbox 1057 1216 1367 1285; x_wconf 78' lang='grc' dir='ltr'>ἀμφότερα,</span> <span class='ocrx_word' id='word_1_92' title='bbox 1421 1217 1532 1269; x_wconf 72' lang='grc' dir='ltr'>εἴτε</span> <span class='ocrx_word' id='word_1_93' title='bbox 1568 1218 1740 1270; x_wconf 81' lang='grc' dir='ltr'>κακόν</span> <span class='ocrx_word' id='word_1_94' title='bbox 1770 1234 1819 1269; x_wconf 85' lang='grc' dir='ltr'><strong>τι</strong></span> 
     </span>
    </p>
   </div>
   <div class='ocr_carea' id='block_1_15' title="bbox 244 1303 1820 1376">
    <p class='ocr_par' dir='ltr' id='par_1_15' title="bbox 244 1303 1820 1376">
     <span class='ocr_line' id='line_1_15' title="bbox 244 1303 1820 1376; baseline 0.004 -24"><span class='ocrx_word' id='word_1_95' title='bbox 244 1303 490 1371; x_wconf 74' lang='grc' dir='ltr'>διάθηται</span> <span class='ocrx_word' id='word_1_96' title='bbox 521 1304 548 1356; x_wconf 82' lang='grc' dir='ltr'>ὁ</span> <span class='ocrx_word' id='word_1_97' title='bbox 581 1305 841 1373; x_wconf 72' lang='grc' dir='ltr'>σκορπίος</span> <span class='ocrx_word' id='word_1_98' title='bbox 869 1306 962 1356; x_wconf 63' lang='grc' dir='ltr'>τὶν</span> <span class='ocrx_word' id='word_1_99' title='bbox 998 1307 1175 1373; x_wconf 72' lang='grc' dir='ltr'>ἅγιον,</span> <span class='ocrx_word' id='word_1_100' title='bbox 1213 1310 1305 1359; x_wconf 68' lang='grc' dir='ltr'><strong>καὶ</strong></span> <span class='ocrx_word' id='word_1_101' title='bbox 1332 1309 1379 1359; x_wconf 78' lang='grc' dir='ltr'>εἰ</span> <span class='ocrx_word' id='word_1_102' title='bbox 1422 1307 1583 1371; x_wconf 68' lang='grc' dir='ltr'>φοϐον</span> <span class='ocrx_word' id='word_1_103' title='bbox 1613 1310 1640 1359; x_wconf 76' lang='grc' dir='ltr'><strong>ὁ</strong></span> <span class='ocrx_word' id='word_1_104' title='bbox 1675 1308 1820 1376; x_wconf 82' lang='grc' dir='ltr'>μάρ-</span> 
     </span>
    </p>
   </div>
   <div class='ocr_carea' id='block_1_16' title="bbox 243 1394 1821 1468">
    <p class='ocr_par' dir='ltr' id='par_1_16' title="bbox 243 1394 1821 1468">
     <span class='ocr_line' id='line_1_16' title="bbox 243 1394 1821 1468; baseline 0.005 -25"><span class='ocrx_word' id='word_1_105' title='bbox 243 1411 334 1455; x_wconf 74' lang='grc' dir='ltr'><strong>τυς</strong></span> <span class='ocrx_word' id='word_1_106' title='bbox 364 1394 523 1447; x_wconf 79' lang='grc' dir='ltr'>πάθοι</span> <span class='ocrx_word' id='word_1_107' title='bbox 554 1397 675 1448; x_wconf 72' lang='grc' dir='ltr'>τινὰ</span> <span class='ocrx_word' id='word_1_108' title='bbox 711 1400 847 1461; x_wconf 70' lang='grc' dir='ltr'>πρὸς</span> <span class='ocrx_word' id='word_1_109' title='bbox 891 1397 955 1448; x_wconf 76' lang='grc' dir='ltr'><strong>τδ</strong></span> <span class='ocrx_word' id='word_1_110' title='bbox 1011 1398 1311 1467; x_wconf 68' lang='grc' dir='ltr'>τέχνασμα.</span> <span class='ocrx_word' id='word_1_111' title='bbox 1376 1399 1487 1450; x_wconf 75' lang='grc' dir='ltr'>Καὶ</span> <span class='ocrx_word' id='word_1_112' title='bbox 1522 1400 1682 1461; x_wconf 74' lang='grc' dir='ltr'>αὐτὸς</span> <span class='ocrx_word' id='word_1_113' title='bbox 1722 1399 1821 1468; x_wconf 77' lang='grc' dir='ltr'><strong>μὲν</strong></span> 
     </span>
    </p>
   </div>
   <div class='ocr_carea' id='block_1_17' title="bbox 244 1487 1816 1561">
    <p class='ocr_par' dir='ltr' id='par_1_17' title="bbox 244 1487 1816 1561">
     <span class='ocr_line' id='line_1_17' title="bbox 244 1487 1816 1561; baseline 0.005 -25"><span class='ocrx_word' id='word_1_114' title='bbox 244 1487 469 1553; x_wconf 69' lang='grc' dir='ltr'>δύναμιν</span> <span class='ocrx_word' id='word_1_115' title='bbox 499 1487 563 1537; x_wconf 71' lang='grc' dir='ltr'><strong>ἂν</strong></span> <span class='ocrx_word' id='word_1_116' title='bbox 599 1488 793 1539; x_wconf 71' lang='grc' dir='ltr'>ἑαυτοῦ</span> <span class='ocrx_word' id='word_1_117' title='bbox 833 1490 1072 1559; x_wconf 83' lang='grc' dir='ltr'>μεγάλην</span> <span class='ocrx_word' id='word_1_118' title='bbox 1122 1491 1213 1542; x_wconf 70' lang='grc' dir='ltr'><strong>τον</strong></span> <span class='ocrx_word' id='word_1_119' title='bbox 1245 1491 1508 1558; x_wconf 74' lang='grc' dir='ltr'>σκορπίον</span> <span class='ocrx_word' id='word_1_120' title='bbox 1542 1491 1816 1561; x_wconf 76' lang='grc' dir='ltr'>ὠνόμασε,</span> 
     </span>
    </p>
   </div>
   <div class='ocr_carea' id='block_1_18' title="bbox 245 1577 1819 1653">
    <p class='ocr_par' dir='ltr' id='par_1_18' title="bbox 245 1577 1819 1653">
     <span class='ocr_line' id='line_1_18' title="bbox 245 1577 1819 1653; baseline 0.006 -25"><span class='ocrx_word' id='word_1_121' title='bbox 245 1578 299 1629; x_wconf 72' lang='grc' dir='ltr'><strong>τὸ</strong></span> <span class='ocrx_word' id='word_1_122' title='bbox 329 1577 474 1632; x_wconf 81' lang='grc' dir='ltr'>θεῖον</span> <span class='ocrx_word' id='word_1_123' title='bbox 500 1581 665 1647; x_wconf 63' lang='grc' dir='ltr'>ρητὶν</span> <span class='ocrx_word' id='word_1_124' title='bbox 690 1581 1002 1648; x_wconf 75' lang='grc' dir='ltr'>ίεροσυλῶν,</span> <span class='ocrx_word' id='word_1_125' title='bbox 1035 1582 1175 1650; x_wconf 78' lang='grc' dir='ltr'>τάχα</span> <span class='ocrx_word' id='word_1_126' title='bbox 1210 1600 1313 1634; x_wconf 68' lang='grc' dir='ltr'><strong>που</strong></span> <span class='ocrx_word' id='word_1_127' title='bbox 1350 1583 1444 1634; x_wconf 75' lang='grc' dir='ltr'><strong>καὶ</strong></span> <span class='ocrx_word' id='word_1_128' title='bbox 1477 1585 1554 1645; x_wconf 89' lang='grc' dir='ltr'><strong>είς</strong></span> <span class='ocrx_word' id='word_1_129' title='bbox 1589 1583 1819 1653; x_wconf 74' lang='grc' dir='ltr'>μέγεθος</span> 
     </span>
    </p>
   </div>
   <div class='ocr_carea' id='block_1_19' title="bbox 245 1670 1895 1771">
    <p class='ocr_par' dir='ltr' id='par_1_19' title="bbox 245 1670 1895 1771">
     <span class='ocr_line' id='line_1_19' title="bbox 245 1670 1895 1771; baseline 0.005 -50"><span class='ocrx_word' id='word_1_130' title='bbox 245 1670 376 1721; x_wconf 73' lang='grc' dir='ltr'>πολὺ</span> <span class='ocrx_word' id='word_1_131' title='bbox 426 1670 763 1737; x_wconf 76' lang='grc' dir='ltr'>ὀγκούμενον</span> <span class='ocrx_word' id='word_1_132' title='bbox 791 1688 802 1701; x_wconf 94' lang='grc'><strong>·</strong></span> <span class='ocrx_word' id='word_1_133' title='bbox 841 1674 1022 1724; x_wconf 79' lang='grc' dir='ltr'>ὁποῖον</span> <span class='ocrx_word' id='word_1_134' title='bbox 1059 1675 1151 1725; x_wconf 72' lang='grc' dir='ltr'><strong>καὶ</strong></span> <span class='ocrx_word' id='word_1_135' title='bbox 1199 1677 1247 1725; x_wconf 87' lang='grc' dir='ltr'><strong>οί</strong></span> <span class='ocrx_word' id='word_1_136' title='bbox 1285 1675 1509 1725; x_wconf 79' lang='grc' dir='ltr'>παλαιοὶ</span> <span class='ocrx_word' id='word_1_137' title='bbox 1556 1675 1821 1743; x_wconf 86' lang='grc' dir='ltr'>λογογρα-</span> <span class='ocrx_word' id='word_1_138' title='bbox 1849 1710 1895 1771; x_wconf 69' lang='grc' dir='ltr'><strong><em>Β</em></strong></span> 
     </span>
    </p>
   </div>
   <div class='ocr_carea' id='block_1_20' title="bbox 245 1758 1815 1831">
    <p class='ocr_par' dir='ltr' id='par_1_20' title="bbox 245 1758 1815 1831">
     <span class='ocr_line' id='line_1_20' title="bbox 245 1758 1815 1831; baseline 0.006 -23"><span class='ocrx_word' id='word_1_139' title='bbox 245 1758 399 1823; x_wconf 78' lang='grc' dir='ltr'>φοῦσι</span> <span class='ocrx_word' id='word_1_140' title='bbox 430 1758 524 1811; x_wconf 74' lang='grc' dir='ltr'><strong>τὸν</strong></span> <span class='ocrx_word' id='word_1_141' title='bbox 548 1760 643 1811; x_wconf 82' lang='grc' dir='ltr'><strong>τοῦ</strong></span> <span class='ocrx_word' id='word_1_142' title='bbox 680 1761 953 1829; x_wconf 77' lang='grc' dir='ltr'>Ὠρίωνος,</span> <span class='ocrx_word' id='word_1_143' title='bbox 985 1762 1015 1831; x_wconf 78' lang='grc' dir='ltr'>ἢ</span> <span class='ocrx_word' id='word_1_144' title='bbox 1045 1764 1139 1815; x_wconf 73' lang='grc' dir='ltr'><strong>καὶ</strong></span> <span class='ocrx_word' id='word_1_145' title='bbox 1170 1763 1331 1815; x_wconf 80' lang='grc' dir='ltr'>ἄλλον</span> <span class='ocrx_word' id='word_1_146' title='bbox 1360 1767 1501 1828; x_wconf 62' lang='grc' dir='ltr'>τινὰ,</span> <span class='ocrx_word' id='word_1_147' title='bbox 1531 1763 1590 1816; x_wconf 82' lang='grc' dir='ltr'>ὃν</span> <span class='ocrx_word' id='word_1_148' title='bbox 1616 1767 1709 1816; x_wconf 69' lang='grc' dir='ltr'><strong>καὶ</strong></span> <span class='ocrx_word' id='word_1_149' title='bbox 1738 1767 1815 1829; x_wconf 78' lang='grc' dir='ltr'>εἷς</span> 
     </span>
    </p>
   </div>
   <div class='ocr_carea' id='block_1_21' title="bbox 246 1849 1821 1922">
    <p class='ocr_par' dir='ltr' id='par_1_21' title="bbox 246 1849 1821 1922">
     <span class='ocr_line' id='line_1_21' title="bbox 246 1849 1821 1922; baseline 0.004 -20"><span class='ocrx_word' id='word_1_150' title='bbox 246 1849 471 1918; x_wconf 74' lang='grc' dir='ltr'>οὐρανὸν</span> <span class='ocrx_word' id='word_1_151' title='bbox 500 1851 551 1903; x_wconf 88' lang='grc' dir='ltr'><strong>οί</strong></span> <span class='ocrx_word' id='word_1_152' title='bbox 599 1850 779 1905; x_wconf 87' lang='grc' dir='ltr'>πάντα</span> <span class='ocrx_word' id='word_1_153' title='bbox 836 1852 1142 1918; x_wconf 79' lang='grc' dir='ltr'><strong>τολμῶντες</strong></span> <span class='ocrx_word' id='word_1_154' title='bbox 1201 1855 1477 1922; x_wconf 79' lang='grc' dir='ltr'>ἀνήγαγον</span> <span class='ocrx_word' id='word_1_155' title='bbox 1504 1870 1516 1885; x_wconf 72' lang='grc'><strong><em>⁸</em></strong></span> <span class='ocrx_word' id='word_1_156' title='bbox 1560 1855 1683 1908; x_wconf 81' lang='grc' dir='ltr'>ὅθεν</span> <span class='ocrx_word' id='word_1_157' title='bbox 1727 1857 1821 1908; x_wconf 76' lang='grc' dir='ltr'><strong>καὶ</strong></span> 
     </span>
    </p>
   </div>
   <div class='ocr_carea' id='block_1_22' title="bbox 247 1942 1819 2017">
    <p class='ocr_par' dir='ltr' id='par_1_22' title="bbox 247 1942 1819 2017">
     <span class='ocr_line' id='line_1_22' title="bbox 247 1942 1819 2017; baseline 0.003 -22"><span class='ocrx_word' id='word_1_158' title='bbox 247 1942 455 2012; x_wconf 81' lang='grc' dir='ltr'>πλήξας</span> <span class='ocrx_word' id='word_1_159' title='bbox 505 1942 705 1995; x_wconf 79' lang='grc' dir='ltr'>ἑαυτοῦ</span> <span class='ocrx_word' id='word_1_160' title='bbox 759 1943 854 1996; x_wconf 70' lang='grc' dir='ltr'><strong>τὸν</strong></span> <span class='ocrx_word' id='word_1_161' title='bbox 904 1943 1068 2013; x_wconf 74' lang='grc' dir='ltr'>θῆρα,</span> <span class='ocrx_word' id='word_1_162' title='bbox 1113 1944 1171 1997; x_wconf 74' lang='grc' dir='ltr'>τὸ</span> <span class='ocrx_word' id='word_1_163' title='bbox 1204 1948 1427 2013; x_wconf 84' lang='grc' dir='ltr'><strong>κέντρον</strong></span> <span class='ocrx_word' id='word_1_164' title='bbox 1475 1964 1534 1999; x_wconf 82' lang='grc' dir='ltr'><strong>τε</strong></span> <span class='ocrx_word' id='word_1_165' title='bbox 1566 1948 1819 2017; x_wconf 78' lang='grc' dir='ltr'>ὴγρίανε,</span> 
     </span>
    </p>
   </div>
   <div class='ocr_carea' id='block_1_23' title="bbox 244 2032 1826 2105">
    <p class='ocr_par' dir='ltr' id='par_1_23' title="bbox 244 2032 1826 2105">
     <span class='ocr_line' id='line_1_23' title="bbox 244 2032 1826 2105; baseline 0.005 -21"><span class='ocrx_word' id='word_1_166' title='bbox 244 2033 337 2085; x_wconf 75' lang='grc' dir='ltr'><strong>καὶ</strong></span> <span class='ocrx_word' id='word_1_167' title='bbox 365 2032 844 2102; x_wconf 85' lang='grc' dir='ltr'>δραστηριὼτερον</span> <span class='ocrx_word' id='word_1_168' title='bbox 873 2035 962 2087; x_wconf 73' lang='grc' dir='ltr'><strong>τὸν</strong></span> <span class='ocrx_word' id='word_1_169' title='bbox 989 2034 1067 2089; x_wconf 81' lang='grc' dir='ltr'><strong>ίὺν</strong></span> <span class='ocrx_word' id='word_1_170' title='bbox 1101 2036 1480 2105; x_wconf 75' lang='grc' dir='ltr'>ἐνειργάσατο,</span> <span class='ocrx_word' id='word_1_171' title='bbox 1514 2039 1607 2091; x_wconf 75' lang='grc' dir='ltr'><strong>καὶ</strong></span> <span class='ocrx_word' id='word_1_172' title='bbox 1630 2039 1708 2101; x_wconf 87' lang='grc' dir='ltr'>εἰς</span> <span class='ocrx_word' id='word_1_173' title='bbox 1740 2041 1826 2092; x_wconf 80' lang='grc' dir='ltr'>κί-</span> 
     </span>
    </p>
   </div>
   <div class='ocr_carea' id='block_1_24' title="bbox 244 2125 1821 2195">
    <p class='ocr_par' dir='ltr' id='par_1_24' title="bbox 244 2125 1821 2195">
     <span class='ocr_line' id='line_1_24' title="bbox 244 2125 1821 2195; baseline 0.004 -19"><span class='ocrx_word' id='word_1_174' title='bbox 244 2141 398 2195; x_wconf 83' lang='grc' dir='ltr'>νησιν</span> <span class='ocrx_word' id='word_1_175' title='bbox 435 2125 796 2195; x_wconf 83' lang='grc' dir='ltr'>διεθέρμανεν</span> <span class='ocrx_word' id='word_1_176' title='bbox 826 2125 1061 2190; x_wconf 77' lang='grc' dir='ltr'>ἔντονον,</span> <span class='ocrx_word' id='word_1_177' title='bbox 1117 2126 1457 2195; x_wconf 77' lang='grc' dir='ltr'>θαλπόμενος</span> <span class='ocrx_word' id='word_1_178' title='bbox 1480 2129 1711 2193; x_wconf 82' lang='grc' dir='ltr'>ἐλπίσιν,</span> <span class='ocrx_word' id='word_1_179' title='bbox 1747 2132 1821 2194; x_wconf 82' lang='grc' dir='ltr'>ὡς</span> 
     </span>
    </p>
   </div>
   <div class='ocr_carea' id='block_1_25' title="bbox 245 2215 1821 2289">
    <p class='ocr_par' dir='ltr' id='par_1_25' title="bbox 245 2215 1821 2289">
     <span class='ocr_line' id='line_1_25' title="bbox 245 2215 1821 2289; baseline 0.003 -18"><span class='ocrx_word' id='word_1_180' title='bbox 245 2216 350 2286; x_wconf 79' lang='grc' dir='ltr'>ἄρα</span> <span class='ocrx_word' id='word_1_181' title='bbox 371 2215 404 2287; x_wconf 71' lang='grc' dir='ltr'>ἦ</span> <span class='ocrx_word' id='word_1_182' title='bbox 428 2216 722 2287; x_wconf 76' lang='grc' dir='ltr'>ἐκφοϐήσει</span> <span class='ocrx_word' id='word_1_183' title='bbox 750 2217 842 2271; x_wconf 73' lang='grc' dir='ltr'>τὸν</span> <span class='ocrx_word' id='word_1_184' title='bbox 866 2218 1124 2289; x_wconf 77' lang='grc' dir='ltr'>ἀθλητὴν.</span> <span class='ocrx_word' id='word_1_185' title='bbox 1156 2221 1254 2273; x_wconf 81' lang='grc' dir='ltr'>καὶ</span> <span class='ocrx_word' id='word_1_186' title='bbox 1285 2222 1511 2289; x_wconf 82' lang='grc' dir='ltr'>ἀγεννές</span> <span class='ocrx_word' id='word_1_187' title='bbox 1542 2239 1597 2274; x_wconf 88' lang='grc' dir='ltr'><strong>τι</strong></span> <span class='ocrx_word' id='word_1_188' title='bbox 1642 2224 1821 2277; x_wconf 84' lang='grc' dir='ltr'>πείσει</span> 
     </span>
    </p>
   </div>
   <div class='ocr_carea' id='block_1_26' title="bbox 247 2307 1823 2381">
    <p class='ocr_par' dir='ltr' id='par_1_26' title="bbox 247 2307 1823 2381">
     <span class='ocr_line' id='line_1_26' title="bbox 247 2307 1823 2381; baseline 0.004 -20"><span class='ocrx_word' id='word_1_189' title='bbox 247 2309 539 2378; x_wconf 77' lang='grc' dir='ltr'>φρονῆσαι,</span> <span class='ocrx_word' id='word_1_190' title='bbox 587 2310 616 2363; x_wconf 84' lang='grc' dir='ltr'><strong>δ</strong></span> <span class='ocrx_word' id='word_1_191' title='bbox 668 2310 890 2373; x_wconf 86' lang='grc' dir='ltr'>πάντως</span> <span class='ocrx_word' id='word_1_192' title='bbox 941 2312 1043 2364; x_wconf 85' lang='grc' dir='ltr'><strong>οὐκ</strong></span> <span class='ocrx_word' id='word_1_193' title='bbox 1069 2307 1137 2381; x_wconf 78' lang='grc' dir='ltr'>ἦν</span> <span class='ocrx_word' id='word_1_194' title='bbox 1171 2312 1323 2375; x_wconf 81' lang='grc' dir='ltr'>ἄξιον</span> <span class='ocrx_word' id='word_1_195' title='bbox 1352 2312 1447 2366; x_wconf 80' lang='grc' dir='ltr'><strong>τοῦ</strong></span> <span class='ocrx_word' id='word_1_196' title='bbox 1500 2316 1823 2378; x_wconf 78' lang='grc' dir='ltr'>πεποιθότος</span> 
     </span>
    </p>
   </div>
   <div class='ocr_carea' id='block_1_27' title="bbox 246 2401 1824 2476">
    <p class='ocr_par' dir='ltr' id='par_1_27' title="bbox 246 2401 1824 2476">
     <span class='ocr_line' id='line_1_27' title="bbox 246 2401 1824 2476; baseline 0.004 -23"><span class='ocrx_word' id='word_1_197' title='bbox 246 2403 338 2453; x_wconf 75' lang='grc' dir='ltr'><strong>ἐπὶ</strong></span> <span class='ocrx_word' id='word_1_198' title='bbox 359 2402 494 2455; x_wconf 79' lang='grc' dir='ltr'><strong>Θεόν</strong></span> <span class='ocrx_word' id='word_1_199' title='bbox 512 2418 528 2436; x_wconf 80' lang='grc' dir='ltr'><strong>ο</strong></span> <span class='ocrx_word' id='word_1_200' title='bbox 557 2402 593 2471; x_wconf 80' lang='grc' dir='ltr'>ἢ</span> <span class='ocrx_word' id='word_1_201' title='bbox 617 2401 755 2455; x_wconf 79' lang='grc' dir='ltr'><strong>ἀλλά</strong></span> <span class='ocrx_word' id='word_1_202' title='bbox 778 2402 1090 2472; x_wconf 83' lang='grc' dir='ltr'>κεντρίσας,</span> <span class='ocrx_word' id='word_1_203' title='bbox 1128 2404 1501 2471; x_wconf 79' lang='grc' dir='ltr'>ἀγεννέστατα</span> <span class='ocrx_word' id='word_1_204' title='bbox 1532 2405 1699 2476; x_wconf 79' lang='grc' dir='ltr'>ῥίψει,</span> <span class='ocrx_word' id='word_1_205' title='bbox 1728 2408 1824 2458; x_wconf 82' lang='grc' dir='ltr'><strong>καὶ</strong></span> 
     </span>
    </p>
   </div>
   <div class='ocr_carea' id='block_1_28' title="bbox 245 2493 1820 2565">
    <p class='ocr_par' dir='ltr' id='par_1_28' title="bbox 245 2493 1820 2565">
     <span class='ocr_line' id='line_1_28' title="bbox 245 2493 1820 2565; baseline 0.004 -20"><span class='ocrx_word' id='word_1_206' title='bbox 245 2494 617 2564; x_wconf 80' lang='grc' dir='ltr'>ἀποστερήσει</span> <span class='ocrx_word' id='word_1_207' title='bbox 668 2493 770 2564; x_wconf 86' lang='grc' dir='ltr'>τῆς</span> <span class='ocrx_word' id='word_1_208' title='bbox 824 2494 1131 2565; x_wconf 79' lang='grc' dir='ltr'>ἀθλήσεως,</span> <span class='ocrx_word' id='word_1_209' title='bbox 1191 2496 1287 2549; x_wconf 77' lang='grc' dir='ltr'><strong>καὶ</strong></span> <span class='ocrx_word' id='word_1_210' title='bbox 1346 2497 1698 2565; x_wconf 67' lang='grc' dir='ltr'>ἐλαττονήσει</span> <span class='ocrx_word' id='word_1_211' title='bbox 1728 2497 1820 2551; x_wconf 85' lang='grc' dir='ltr'><strong>τοῦ</strong></span> 
     </span>
    </p>
   </div>
   <div class='ocr_carea' id='block_1_29' title="bbox 247 2585 1826 2662">
    <p class='ocr_par' dir='ltr' id='par_1_29' title="bbox 247 2585 1826 2662">
     <span class='ocr_line' id='line_1_29' title="bbox 247 2585 1826 2662; baseline 0.006 -25"><span class='ocrx_word' id='word_1_212' title='bbox 247 2585 524 2658; x_wconf 75' lang='grc' dir='ltr'>Νέστορος</span> <span class='ocrx_word' id='word_1_213' title='bbox 546 2606 560 2620; x_wconf 87' lang='grc'><strong>·</strong></span> <span class='ocrx_word' id='word_1_214' title='bbox 590 2590 749 2660; x_wconf 80' lang='grc' dir='ltr'>ειπερ</span> <span class='ocrx_word' id='word_1_215' title='bbox 781 2591 945 2655; x_wconf 71' lang='grc' dir='ltr'>αὐτὸς</span> <span class='ocrx_word' id='word_1_216' title='bbox 999 2593 1097 2660; x_wconf 78' lang='grc' dir='ltr'><strong>μὲν</strong></span> <span class='ocrx_word' id='word_1_217' title='bbox 1127 2591 1331 2645; x_wconf 75' lang='grc' dir='ltr'>Λυαῖον</span> <span class='ocrx_word' id='word_1_218' title='bbox 1359 2593 1451 2646; x_wconf 71' lang='grc' dir='ltr'>τὸν</span> <span class='ocrx_word' id='word_1_219' title='bbox 1482 2592 1626 2647; x_wconf 73' lang='grc' dir='ltr'>οὕτω</span> <span class='ocrx_word' id='word_1_220' title='bbox 1650 2592 1826 2662; x_wconf 81' lang='grc' dir='ltr'>μέγαν</span> 
     </span>
    </p>
   </div>
   <div class='ocr_carea' id='block_1_30' title="bbox 245 2679 1827 2753">
    <p class='ocr_par' dir='ltr' id='par_1_30' title="bbox 245 2679 1827 2753">
     <span class='ocr_line' id='line_1_30' title="bbox 245 2679 1827 2753; baseline 0.004 -24"><span class='ocrx_word' id='word_1_221' title='bbox 245 2679 577 2746; x_wconf 71' lang='grc' dir='ltr'>κατήνεγκε,</span> <span class='ocrx_word' id='word_1_222' title='bbox 613 2680 926 2750; x_wconf 84' lang='grc' dir='ltr'>Δημήτριος</span> <span class='ocrx_word' id='word_1_223' title='bbox 954 2682 1013 2735; x_wconf 76' lang='grc' dir='ltr'>δὲ</span> <span class='ocrx_word' id='word_1_224' title='bbox 1066 2679 1205 2746; x_wconf 79' lang='grc' dir='ltr'><strong>ζώου</strong></span> <span class='ocrx_word' id='word_1_225' title='bbox 1248 2682 1441 2737; x_wconf 72' lang='grc' dir='ltr'>τούτου</span> <span class='ocrx_word' id='word_1_226' title='bbox 1474 2683 1637 2753; x_wconf 72' lang='grc' dir='ltr'>ἔργον</span> <span class='ocrx_word' id='word_1_227' title='bbox 1667 2685 1827 2752; x_wconf 81' lang='grc' dir='ltr'>γένη-</span> 
     </span>
    </p>
   </div>
   <div class='ocr_carea' id='block_1_31' title="bbox 248 2770 1826 2839">
    <p class='ocr_par' dir='ltr' id='par_1_31' title="bbox 248 2770 1826 2839">
     <span class='ocr_line' id='line_1_31' title="bbox 248 2770 1826 2839; baseline 0.004 -18"><span class='ocrx_word' id='word_1_228' title='bbox 248 2785 358 2823; x_wconf 83' lang='grc' dir='ltr'>ται.</span> <span class='ocrx_word' id='word_1_229' title='bbox 392 2770 697 2839; x_wconf 77' lang='grc' dir='ltr'>Περιέπεσε</span> <span class='ocrx_word' id='word_1_230' title='bbox 725 2771 781 2825; x_wconf 77' lang='grc' dir='ltr'>δὲ</span> <span class='ocrx_word' id='word_1_231' title='bbox 808 2771 918 2839; x_wconf 77' lang='grc' dir='ltr'>ἄρα</span> <span class='ocrx_word' id='word_1_232' title='bbox 946 2774 1057 2835; x_wconf 83' lang='grc' dir='ltr'>τοῖς</span> <span class='ocrx_word' id='word_1_233' title='bbox 1095 2773 1289 2825; x_wconf 78' lang='grc' dir='ltr'>ἑαυτοῦ</span> <span class='ocrx_word' id='word_1_234' title='bbox 1317 2774 1645 2836; x_wconf 79' lang='grc' dir='ltr'>διαϐουλίοις</span> <span class='ocrx_word' id='word_1_235' title='bbox 1673 2775 1702 2827; x_wconf 80' lang='grc' dir='ltr'>ὁ</span> <span class='ocrx_word' id='word_1_236' title='bbox 1731 2774 1826 2827; x_wconf 79' lang='grc' dir='ltr'><strong>καὶ</strong></span> 
     </span>
    </p>
   </div>
   <div class='ocr_carea' id='block_1_32' title="bbox 245 2862 1827 2937">
    <p class='ocr_par' dir='ltr' id='par_1_32' title="bbox 245 2862 1827 2937">
     <span class='ocr_line' id='line_1_32' title="bbox 245 2862 1827 2937; baseline 0.005 -24"><span class='ocrx_word' id='word_1_237' title='bbox 245 2863 347 2928; x_wconf 80' lang='grc' dir='ltr'>τὴν</span> <span class='ocrx_word' id='word_1_238' title='bbox 374 2862 555 2932; x_wconf 75' lang='grc' dir='ltr'>ἀρχὴν</span> <span class='ocrx_word' id='word_1_239' title='bbox 584 2864 1088 2933; x_wconf 83' lang='grc' dir='ltr'>άφρονευσάμενος,</span> <span class='ocrx_word' id='word_1_240' title='bbox 1137 2871 1231 2921; x_wconf 75' lang='grc' dir='ltr'>καὶ</span> <span class='ocrx_word' id='word_1_241' title='bbox 1292 2868 1452 2937; x_wconf 83' lang='grc' dir='ltr'>μέχρι</span> <span class='ocrx_word' id='word_1_242' title='bbox 1490 2868 1548 2920; x_wconf 82' lang='grc' dir='ltr'>δὲ</span> <span class='ocrx_word' id='word_1_243' title='bbox 1586 2868 1827 2936; x_wconf 78' lang='grc' dir='ltr'>πέρατος</span> 
     </span>
    </p>
   </div>
   <div class='ocr_carea' id='block_1_33' title="bbox 247 2953 1825 3029">
    <p class='ocr_par' dir='ltr' id='par_1_33' title="bbox 247 2953 1825 3029">
     <span class='ocr_line' id='line_1_33' title="bbox 247 2953 1825 3029; baseline 0.003 -22"><span class='ocrx_word' id='word_1_244' title='bbox 247 2953 494 3018; x_wconf 79' lang='grc' dir='ltr'>τοιοῦτος</span> <span class='ocrx_word' id='word_1_245' title='bbox 531 2954 607 3008; x_wconf 85' lang='grc' dir='ltr'>ὣν</span> <span class='ocrx_word' id='word_1_246' title='bbox 635 2959 751 3016; x_wconf 76' lang='grc' dir='ltr'>τοῖς</span> <span class='ocrx_word' id='word_1_247' title='bbox 798 2957 935 3027; x_wconf 81' lang='grc' dir='ltr'>ὀρθά</span> <span class='ocrx_word' id='word_1_248' title='bbox 967 2960 1226 3029; x_wconf 83' lang='grc' dir='ltr'>φρονοῦσι</span> <span class='ocrx_word' id='word_1_249' title='bbox 1259 2962 1350 3014; x_wconf 72' lang='grc' dir='ltr'><strong>καὶ</strong></span> <span class='ocrx_word' id='word_1_250' title='bbox 1385 2960 1526 3014; x_wconf 67' lang='grc' dir='ltr'>κατὰ</span> <span class='ocrx_word' id='word_1_251' title='bbox 1557 2958 1712 3013; x_wconf 80' lang='grc' dir='ltr'>Θεόν.</span> <span class='ocrx_word' id='word_1_252' title='bbox 1746 2959 1825 3015; x_wconf 77' lang='grc' dir='ltr'><strong>Οὐ</strong></span> 
     </span>
    </p>
   </div>
   <div class='ocr_carea' id='block_1_34' title="bbox 1925 466 3525 543">
    <p class='ocr_par' dir='ltr' id='par_1_34' title="bbox 1925 466 3525 543">
     <span class='ocr_line' id='line_1_34' title="bbox 1925 466 3525 543; baseline 0 -10"><span class='ocrx_word' id='word_1_253' title='bbox 1925 491 2037 534; x_wconf 83' lang='lat' dir='ltr'><strong>stra</strong></span> <span class='ocrx_word' id='word_1_254' title='bbox 2106 483 2337 537; x_wconf 84' lang='lat' dir='ltr'><strong>consilia</strong></span> <span class='ocrx_word' id='word_1_255' title='bbox 2394 483 2512 537; x_wconf 78' lang='lat' dir='ltr'><strong>sive</strong></span> <span class='ocrx_word' id='word_1_256' title='bbox 2539 485 2604 535; x_wconf 87' lang='lat' dir='ltr'><strong>ad</strong></span> <span class='ocrx_word' id='word_1_257' title='bbox 2640 485 2913 543; x_wconf 77' lang='lat' dir='ltr'><strong>timorem,</strong></span> <span class='ocrx_word' id='word_1_258' title='bbox 2952 483 3068 535; x_wconf 89' lang='lat' dir='ltr'><strong>sive</strong></span> <span class='ocrx_word' id='word_1_259' title='bbox 3135 481 3202 532; x_wconf 89' lang='lat' dir='ltr'><strong>ad</strong></span> <span class='ocrx_word' id='word_1_260' title='bbox 3267 466 3525 533; x_wconf 37' lang='lat' dir='ltr'><strong>mortem-</strong></span> 
     </span>
    </p>
   </div>
   <div class='ocr_carea' id='block_1_35' title="bbox 1926 572 3498 642">
    <p class='ocr_par' dir='ltr' id='par_1_35' title="bbox 1926 572 3498 642">
     <span class='ocr_line' id='line_1_35' title="bbox 1926 572 3498 642; baseline -0.001 -16"><span class='ocrx_word' id='word_1_261' title='bbox 1926 573 2061 626; x_wconf 88' lang='lat' dir='ltr'><strong>mala</strong></span> <span class='ocrx_word' id='word_1_262' title='bbox 2099 574 2211 627; x_wconf 74' lang='lat' dir='ltr'><strong>haec</strong></span> <span class='ocrx_word' id='word_1_263' title='bbox 2245 576 2656 642; x_wconf 74' lang='lat' dir='ltr'><strong>excogitaverit.</strong></span> <span class='ocrx_word' id='word_1_264' title='bbox 2681 573 2787 627; x_wconf 82' lang='lat' dir='ltr'><strong>Nec</strong></span> <span class='ocrx_word' id='word_1_265' title='bbox 2822 574 2964 626; x_wconf 88' lang='lat' dir='ltr'><strong>enim</strong></span> <span class='ocrx_word' id='word_1_266' title='bbox 2995 572 3288 638; x_wconf 88' lang='lat' dir='ltr'><strong>perterruit</strong></span> <span class='ocrx_word' id='word_1_267' title='bbox 3317 572 3498 624; x_wconf 81' lang='lat' dir='ltr'><strong>athle-</strong></span> 
     </span>
    </p>
   </div>
   <div class='ocr_carea' id='block_1_36' title="bbox 1925 663 3496 734">
    <p class='ocr_par' dir='ltr' id='par_1_36' title="bbox 1925 663 3496 734">
     <span class='ocr_line' id='line_1_36' title="bbox 1925 663 3496 734; baseline -0.004 -17"><span class='ocrx_word' id='word_1_268' title='bbox 1925 673 2035 718; x_wconf 91' lang='lat' dir='ltr'><strong>tam</strong></span> <span class='ocrx_word' id='word_1_269' title='bbox 2075 665 2313 734; x_wconf 81' lang='lat' dir='ltr'><strong>scorpio,</strong></span> <span class='ocrx_word' id='word_1_270' title='bbox 2347 667 2463 720; x_wconf 78' lang='lat' dir='ltr'><strong>sive</strong></span> <span class='ocrx_word' id='word_1_271' title='bbox 2524 667 2722 721; x_wconf 82' lang='lat' dir='ltr'><strong>diaboli</strong></span> <span class='ocrx_word' id='word_1_272' title='bbox 2765 667 3011 729; x_wconf 81' lang='lat' dir='ltr'><strong>aculeus,</strong></span> <span class='ocrx_word' id='word_1_273' title='bbox 3065 665 3176 717; x_wconf 84' lang='lat' dir='ltr'><strong>sive</strong></span> <span class='ocrx_word' id='word_1_274' title='bbox 3230 663 3496 728; x_wconf 73' lang='lat' dir='ltr'><strong>iaculum,</strong></span> 
     </span>
    </p>
   </div>
   <div class='ocr_carea' id='block_1_37' title="bbox 1925 756 3498 824">
    <p class='ocr_par' dir='ltr' id='par_1_37' title="bbox 1925 756 3498 824">
     <span class='ocr_line' id='line_1_37' title="bbox 1925 756 3498 824; baseline -0.003 -14"><span class='ocrx_word' id='word_1_275' title='bbox 1925 757 2019 810; x_wconf 88' lang='lat' dir='ltr'><strong>sed</strong></span> <span class='ocrx_word' id='word_1_276' title='bbox 2045 768 2285 811; x_wconf 85' lang='lat' dir='ltr'><strong>mortuus</strong></span> <span class='ocrx_word' id='word_1_277' title='bbox 2311 756 2549 824; x_wconf 81' lang='lat' dir='ltr'><strong>iacebat.</strong></span> <span class='ocrx_word' id='word_1_278' title='bbox 2589 758 2721 811; x_wconf 83' lang='lat' dir='ltr'><strong>inde</strong></span> <span class='ocrx_word' id='word_1_279' title='bbox 2756 757 3161 811; x_wconf 74' lang='lat' dir='ltr'><strong>ardentioribus</strong></span> <span class='ocrx_word' id='word_1_280' title='bbox 3200 756 3385 809; x_wconf 76' lang='lat' dir='ltr'><strong>videre</strong></span> <span class='ocrx_word' id='word_1_281' title='bbox 3431 756 3498 807; x_wconf 77' lang='lat' dir='ltr'><strong>li-</strong></span> 
     </span>
    </p>
   </div>
   <div class='ocr_carea' id='block_1_38' title="bbox 1924 848 3487 917">
    <p class='ocr_par' dir='ltr' id='par_1_38' title="bbox 1924 848 3487 917">
     <span class='ocr_line' id='line_1_38' title="bbox 1924 848 3487 917; baseline -0.001 -15"><span class='ocrx_word' id='word_1_282' title='bbox 1924 857 2013 903; x_wconf 82' lang='lat' dir='ltr'><strong>cet</strong></span> <span class='ocrx_word' id='word_1_283' title='bbox 2049 850 2248 917; x_wconf 82' lang='lat' dir='ltr'><strong>quibus</strong></span> <span class='ocrx_word' id='word_1_284' title='bbox 2294 851 2633 906; x_wconf 85' lang='lat' dir='ltr'><strong>machinator</strong></span> <span class='ocrx_word' id='word_1_285' title='bbox 2681 858 2732 904; x_wconf 89' lang='lat' dir='ltr'><strong>et</strong></span> <span class='ocrx_word' id='word_1_286' title='bbox 2793 850 2995 903; x_wconf 89' lang='lat' dir='ltr'><strong>malitia</strong></span> <span class='ocrx_word' id='word_1_287' title='bbox 3048 848 3487 916; x_wconf 74' lang='lat' dir='ltr'><strong>sapientissimus</strong></span> 
     </span>
    </p>
   </div>
   <div class='ocr_carea' id='block_1_39' title="bbox 1925 938 3499 1012">
    <p class='ocr_par' dir='ltr' id='par_1_39' title="bbox 1925 938 3499 1012">
     <span class='ocr_line' id='line_1_39' title="bbox 1925 938 3499 1012; baseline -0.004 -16"><span class='ocrx_word' id='word_1_288' title='bbox 1925 944 2208 1012; x_wconf 87' lang='lat' dir='ltr'><strong>pueriliter</strong></span> <span class='ocrx_word' id='word_1_289' title='bbox 2236 944 2311 996; x_wconf 87' lang='lat' dir='ltr'><strong>uti</strong></span> <span class='ocrx_word' id='word_1_290' title='bbox 2355 942 2716 1012; x_wconf 70' lang='lat' dir='ltr'><strong>prmsumpsit.</strong></span> <span class='ocrx_word' id='word_1_291' title='bbox 2744 942 2978 995; x_wconf 82' lang='lat' dir='ltr'><strong>Onnino</strong></span> <span class='ocrx_word' id='word_1_292' title='bbox 3039 940 3182 992; x_wconf 85' lang='lat' dir='ltr'><strong>enim</strong></span> <span class='ocrx_word' id='word_1_293' title='bbox 3239 938 3499 1007; x_wconf 80' lang='lat' dir='ltr'><strong>ignorans</strong></span> 
     </span>
    </p>
   </div>
   <div class='ocr_carea' id='block_1_40' title="bbox 1925 1030 3493 1105">
    <p class='ocr_par' dir='ltr' id='par_1_40' title="bbox 1925 1030 3493 1105">
     <span class='ocr_line' id='line_1_40' title="bbox 1925 1030 3493 1105; baseline -0.004 -16"><span class='ocrx_word' id='word_1_294' title='bbox 1925 1037 2353 1098; x_wconf 83' lang='lat' dir='ltr'><strong>machinabatur,</strong></span> <span class='ocrx_word' id='word_1_295' title='bbox 2379 1035 2676 1105; x_wconf 78' lang='lat' dir='ltr'><strong>ignorantia</strong></span> <span class='ocrx_word' id='word_1_296' title='bbox 2722 1034 2917 1103; x_wconf 87' lang='lat' dir='ltr'><strong>duplici</strong></span> <span class='ocrx_word' id='word_1_297' title='bbox 2952 1042 3063 1085; x_wconf 88' lang='lat' dir='ltr'><strong>tum</strong></span> <span class='ocrx_word' id='word_1_298' title='bbox 3097 1032 3140 1084; x_wconf 88' lang='lat' dir='ltr'><strong>si</strong></span> <span class='ocrx_word' id='word_1_299' title='bbox 3165 1031 3230 1084; x_wconf 88' lang='lat' dir='ltr'><strong>ad</strong></span> <span class='ocrx_word' id='word_1_300' title='bbox 3262 1030 3398 1082; x_wconf 80' lang='lat' dir='ltr'><strong>mala</strong></span> <span class='ocrx_word' id='word_1_301' title='bbox 3439 1030 3493 1083; x_wconf 88' lang='lat' dir='ltr'><strong>in</strong></span> 
     </span>
    </p>
   </div>
   <div class='ocr_carea' id='block_1_41' title="bbox 1923 1124 3490 1198">
    <p class='ocr_par' dir='ltr' id='par_1_41' title="bbox 1923 1124 3490 1198">
     <span class='ocr_line' id='line_1_41' title="bbox 1923 1124 3490 1198; baseline -0.006 -14"><span class='ocrx_word' id='word_1_302' title='bbox 1923 1131 2105 1198; x_wconf 86' lang='lat' dir='ltr'><strong>aliquo</strong></span> <span class='ocrx_word' id='word_1_303' title='bbox 2134 1129 2463 1198; x_wconf 81' lang='lat' dir='ltr'><strong>disposuerit</strong></span> <span class='ocrx_word' id='word_1_304' title='bbox 2490 1128 2706 1195; x_wconf 77' lang='lat' dir='ltr'><strong>scorpio</strong></span> <span class='ocrx_word' id='word_1_305' title='bbox 2746 1137 3016 1187; x_wconf 86' lang='lat' dir='ltr'><strong>sanctum,</strong></span> <span class='ocrx_word' id='word_1_306' title='bbox 3045 1134 3154 1177; x_wconf 87' lang='lat' dir='ltr'><strong>tum</strong></span> <span class='ocrx_word' id='word_1_307' title='bbox 3199 1124 3243 1177; x_wconf 92' lang='lat' dir='ltr'><strong>si</strong></span> <span class='ocrx_word' id='word_1_308' title='bbox 3276 1132 3490 1190; x_wconf 81' lang='lat' dir='ltr'><strong>martyr</strong></span> 
     </span>
    </p>
   </div>
   <div class='ocr_carea' id='block_1_42' title="bbox 1924 1210 3498 1286">
    <p class='ocr_par' dir='ltr' id='par_1_42' title="bbox 1924 1210 3498 1286">
     <span class='ocr_line' id='line_1_42' title="bbox 1924 1210 3498 1286; baseline -0.006 -15"><span class='ocrx_word' id='word_1_309' title='bbox 1924 1221 1990 1274; x_wconf 90' lang='lat' dir='ltr'><strong>de</strong></span> <span class='ocrx_word' id='word_1_310' title='bbox 2020 1219 2422 1275; x_wconf 77' lang='lat' dir='ltr'><strong>machinatione</strong></span> <span class='ocrx_word' id='word_1_311' title='bbox 2461 1217 2757 1286; x_wconf 78' lang='lat' dir='ltr'><strong>quidquam</strong></span> <span class='ocrx_word' id='word_1_312' title='bbox 2819 1225 2993 1268; x_wconf 88' lang='lat' dir='ltr'><strong>metus</strong></span> <span class='ocrx_word' id='word_1_313' title='bbox 3058 1228 3253 1280; x_wconf 85' lang='lat' dir='ltr'><strong>passus</strong></span> <span class='ocrx_word' id='word_1_314' title='bbox 3308 1210 3498 1264; x_wconf 83' lang='lat' dir='ltr'><strong>fuerit.</strong></span> 
     </span>
    </p>
   </div>
   <div class='ocr_carea' id='block_1_43' title="bbox 1923 1298 3493 1373">
    <p class='ocr_par' dir='ltr' id='par_1_43' title="bbox 1923 1298 3493 1373">
     <span class='ocr_line' id='line_1_43' title="bbox 1923 1298 3493 1373; baseline -0.005 -15"><span class='ocrx_word' id='word_1_315' title='bbox 1923 1306 2081 1363; x_wconf 76' lang='lat' dir='ltr'><strong>Vires</strong></span> <span class='ocrx_word' id='word_1_316' title='bbox 2108 1323 2236 1361; x_wconf 80' lang='lat' dir='ltr'><strong>suas</strong></span> <span class='ocrx_word' id='word_1_317' title='bbox 2282 1320 2507 1373; x_wconf 78' lang='lat' dir='ltr'><strong>magnas</strong></span> <span class='ocrx_word' id='word_1_318' title='bbox 2538 1305 2886 1371; x_wconf 87' lang='lat' dir='ltr'><strong>scorpionem</strong></span> <span class='ocrx_word' id='word_1_319' title='bbox 2948 1300 3271 1358; x_wconf 84' lang='lat' dir='ltr'><strong>nominavit,</strong></span> <span class='ocrx_word' id='word_1_320' title='bbox 3311 1298 3493 1350; x_wconf 84' lang='lat' dir='ltr'><strong>divina</strong></span> 
     </span>
    </p>
   </div>
   <div class='ocr_carea' id='block_1_44' title="bbox 1922 1387 3492 1466">
    <p class='ocr_par' dir='ltr' id='par_1_44' title="bbox 1922 1387 3492 1466">
     <span class='ocr_line' id='line_1_44' title="bbox 1922 1387 3492 1466; baseline -0.01 -15"><span class='ocrx_word' id='word_1_321' title='bbox 1922 1412 2057 1451; x_wconf 92' lang='lat' dir='ltr'><strong>voce</strong></span> <span class='ocrx_word' id='word_1_322' title='bbox 2088 1397 2313 1466; x_wconf 77' lang='lat' dir='ltr'><strong>profane</strong></span> <span class='ocrx_word' id='word_1_323' title='bbox 2347 1404 2524 1456; x_wconf 86' lang='lat' dir='ltr'><strong>utens,</strong></span> <span class='ocrx_word' id='word_1_324' title='bbox 2560 1395 2740 1445; x_wconf 79' lang='lat' dir='ltr'><strong>forsan</strong></span> <span class='ocrx_word' id='word_1_325' title='bbox 2766 1401 2976 1443; x_wconf 87' lang='lat' dir='ltr'><strong>tumore</strong></span> <span class='ocrx_word' id='word_1_326' title='bbox 2997 1404 3192 1458; x_wconf 84' lang='lat' dir='ltr'><strong>magno</strong></span> <span class='ocrx_word' id='word_1_327' title='bbox 3223 1387 3492 1450; x_wconf 87' lang='lat' dir='ltr'><strong>inﬂatum;</strong></span> 
     </span>
    </p>
   </div>
   <div class='ocr_carea' id='block_1_45' title="bbox 1924 1478 3495 1554">
    <p class='ocr_par' dir='ltr' id='par_1_45' title="bbox 1924 1478 3495 1554">
     <span class='ocr_line' id='line_1_45' title="bbox 1924 1478 3495 1554; baseline -0.011 -7"><span class='ocrx_word' id='word_1_328' title='bbox 1924 1490 2067 1547; x_wconf 88' lang='lat' dir='ltr'><strong>sient</strong></span> <span class='ocrx_word' id='word_1_329' title='bbox 2096 1499 2147 1544; x_wconf 85' lang='lat' dir='ltr'><strong>et</strong></span> <span class='ocrx_word' id='word_1_330' title='bbox 2179 1497 2393 1543; x_wconf 87' lang='lat' dir='ltr'><strong>veteres</strong></span> <span class='ocrx_word' id='word_1_331' title='bbox 2426 1486 2765 1554; x_wconf 87' lang='lat' dir='ltr'><strong>scripserunt</strong></span> <span class='ocrx_word' id='word_1_332' title='bbox 2796 1483 2862 1536; x_wconf 90' lang='lat' dir='ltr'><strong>de</strong></span> <span class='ocrx_word' id='word_1_333' title='bbox 2884 1481 3108 1542; x_wconf 89' lang='lat' dir='ltr'><strong>Orione,</strong></span> <span class='ocrx_word' id='word_1_334' title='bbox 3147 1487 3239 1531; x_wconf 86' lang='lat' dir='ltr'><strong>aut</strong></span> <span class='ocrx_word' id='word_1_335' title='bbox 3265 1478 3328 1531; x_wconf 90' lang='lat' dir='ltr'><strong>de</strong></span> <span class='ocrx_word' id='word_1_336' title='bbox 3358 1493 3495 1543; x_wconf 90' lang='lat' dir='ltr'><strong>qno-</strong></span> 
     </span>
    </p>
   </div>
   <div class='ocr_carea' id='block_1_46' title="bbox 1923 1570 3499 1649">
    <p class='ocr_par' dir='ltr' id='par_1_46' title="bbox 1923 1570 3499 1649">
     <span class='ocr_line' id='line_1_46' title="bbox 1923 1570 3499 1649; baseline -0.01 -15"><span class='ocrx_word' id='word_1_337' title='bbox 1923 1582 2067 1649; x_wconf 86' lang='lat' dir='ltr'><strong>piam</strong></span> <span class='ocrx_word' id='word_1_338' title='bbox 2104 1581 2230 1645; x_wconf 83' lang='lat' dir='ltr'><strong>alio,</strong></span> <span class='ocrx_word' id='word_1_339' title='bbox 2256 1593 2417 1648; x_wconf 87' lang='lat' dir='ltr'><strong>quem</strong></span> <span class='ocrx_word' id='word_1_340' title='bbox 2469 1578 2562 1647; x_wconf 89' lang='lat' dir='ltr'><strong>qui</strong></span> <span class='ocrx_word' id='word_1_341' title='bbox 2620 1576 2803 1630; x_wconf 84' lang='lat' dir='ltr'><strong>omnia</strong></span> <span class='ocrx_word' id='word_1_342' title='bbox 2836 1575 3037 1627; x_wconf 83' lang='lat' dir='ltr'><strong>audent</strong></span> <span class='ocrx_word' id='word_1_343' title='bbox 3096 1571 3149 1625; x_wconf 89' lang='lat' dir='ltr'><strong>in</strong></span> <span class='ocrx_word' id='word_1_344' title='bbox 3187 1570 3380 1624; x_wconf 66' lang='lat' dir='ltr'><strong>malum</strong></span> <span class='ocrx_word' id='word_1_345' title='bbox 3414 1570 3499 1620; x_wconf 87' lang='lat' dir='ltr'><strong>iu-</strong></span> 
     </span>
    </p>
   </div>
   <div class='ocr_carea' id='block_1_47' title="bbox 1923 1663 3497 1735">
    <p class='ocr_par' dir='ltr' id='par_1_47' title="bbox 1923 1663 3497 1735">
     <span class='ocr_line' id='line_1_47' title="bbox 1923 1663 3497 1735; baseline -0.013 -7"><span class='ocrx_word' id='word_1_346' title='bbox 1923 1675 2214 1734; x_wconf 81' lang='lat' dir='ltr'><strong>doxerunt,</strong></span> <span class='ocrx_word' id='word_1_347' title='bbox 2248 1671 2389 1725; x_wconf 86' lang='lat' dir='ltr'><strong>unde</strong></span> <span class='ocrx_word' id='word_1_348' title='bbox 2411 1678 2463 1722; x_wconf 88' lang='lat' dir='ltr'><strong>et</strong></span> <span class='ocrx_word' id='word_1_349' title='bbox 2497 1684 2652 1723; x_wconf 89' lang='lat' dir='ltr'><strong>suam</strong></span> <span class='ocrx_word' id='word_1_350' title='bbox 2685 1668 3001 1735; x_wconf 82' lang='lat' dir='ltr'><strong>percutiens</strong></span> <span class='ocrx_word' id='word_1_351' title='bbox 3051 1663 3311 1725; x_wconf 83' lang='lat' dir='ltr'><strong>belluam,</strong></span> <span class='ocrx_word' id='word_1_352' title='bbox 3365 1676 3497 1713; x_wconf 77' lang='lat' dir='ltr'><strong>at-u-</strong></span> 
     </span>
    </p>
   </div>
   <div class='ocr_carea' id='block_1_48' title="bbox 1925 1753 3498 1820">
    <p class='ocr_par' dir='ltr' id='par_1_48' title="bbox 1925 1753 3498 1820">
     <span class='ocr_line' id='line_1_48' title="bbox 1925 1753 3498 1820; baseline -0.009 -3"><span class='ocrx_word' id='word_1_353' title='bbox 1925 1766 2065 1820; x_wconf 88' lang='lat' dir='ltr'><strong>lemn</strong></span> <span class='ocrx_word' id='word_1_354' title='bbox 2114 1761 2439 1819; x_wconf 84' lang='lat' dir='ltr'><strong>stimulavit,</strong></span> <span class='ocrx_word' id='word_1_355' title='bbox 2483 1759 2758 1812; x_wconf 76' lang='lat' dir='ltr'><strong>efﬁcacius</strong></span> <span class='ocrx_word' id='word_1_356' title='bbox 2806 1770 3072 1811; x_wconf 73' lang='lat' dir='ltr'><strong>venenum</strong></span> <span class='ocrx_word' id='word_1_357' title='bbox 3105 1754 3305 1818; x_wconf 70' lang='lat' dir='ltr'><strong>ed‘ecit,</strong></span> <span class='ocrx_word' id='word_1_358' title='bbox 3339 1763 3392 1807; x_wconf 90' lang='lat' dir='ltr'><strong>et</strong></span> <span class='ocrx_word' id='word_1_359' title='bbox 3444 1753 3498 1804; x_wconf 91' lang='lat' dir='ltr'><strong>in</strong></span> 
     </span>
    </p>
   </div>
   <div class='ocr_carea' id='block_1_49' title="bbox 1923 1845 3501 1920">
    <p class='ocr_par' dir='ltr' id='par_1_49' title="bbox 1923 1845 3501 1920">
     <span class='ocr_line' id='line_1_49' title="bbox 1923 1845 3501 1920; baseline -0.006 -11"><span class='ocrx_word' id='word_1_360' title='bbox 1923 1852 2330 1919; x_wconf 81' lang='lat' dir='ltr'><strong>contorquenth</strong></span> <span class='ocrx_word' id='word_1_361' title='bbox 2361 1852 2531 1920; x_wconf 83' lang='lat' dir='ltr'><strong>magis</strong></span> <span class='ocrx_word' id='word_1_362' title='bbox 2552 1849 2931 1910; x_wconf 67' lang='lat' dir='ltr'><strong>inﬂammavit,</strong></span> <span class='ocrx_word' id='word_1_363' title='bbox 2963 1864 3056 1916; x_wconf 80' lang='lat' dir='ltr'><strong>spe</strong></span> <span class='ocrx_word' id='word_1_364' title='bbox 3075 1847 3309 1909; x_wconf 81' lang='lat' dir='ltr'><strong>fervens,</strong></span> <span class='ocrx_word' id='word_1_365' title='bbox 3339 1845 3501 1913; x_wconf 84' lang='lat' dir='ltr'><strong>quasi</strong></span> 
     </span>
    </p>
   </div>
   <div class='ocr_carea' id='block_1_50' title="bbox 1923 1939 3495 2015">
    <p class='ocr_par' dir='ltr' id='par_1_50' title="bbox 1923 1939 3495 2015">
     <span class='ocr_line' id='line_1_50' title="bbox 1923 1939 3495 2015; baseline -0.007 -19"><span class='ocrx_word' id='word_1_366' title='bbox 1923 1947 2012 2015; x_wconf 85' lang='lat' dir='ltr'><strong>qui</strong></span> <span class='ocrx_word' id='word_1_367' title='bbox 2042 1945 2300 1999; x_wconf 85' lang='lat' dir='ltr'><strong>athletam</strong></span> <span class='ocrx_word' id='word_1_368' title='bbox 2362 1943 2751 2012; x_wconf 77' lang='lat' dir='ltr'><strong>portari-iturus</strong></span> <span class='ocrx_word' id='word_1_369' title='bbox 2802 1949 2969 1999; x_wconf 82' lang='lat' dir='ltr'><strong>csset,</strong></span> <span class='ocrx_word' id='word_1_370' title='bbox 3021 1948 3182 2007; x_wconf 85' lang='lat' dir='ltr'><strong>atque</strong></span> <span class='ocrx_word' id='word_1_371' title='bbox 3245 1939 3495 2005; x_wconf 71' lang='lat' dir='ltr'><strong>ignavum</strong></span> 
     </span>
    </p>
   </div>
   <div class='ocr_carea' id='block_1_51' title="bbox 1922 2026 3498 2107">
    <p class='ocr_par' dir='ltr' id='par_1_51' title="bbox 1922 2026 3498 2107">
     <span class='ocr_line' id='line_1_51' title="bbox 1922 2026 3498 2107; baseline -0.009 -16"><span class='ocrx_word' id='word_1_372' title='bbox 1922 2038 2055 2107; x_wconf 84' lang='lat' dir='ltr'><strong>quid</strong></span> <span class='ocrx_word' id='word_1_373' title='bbox 2083 2037 2326 2106; x_wconf 85' lang='lat' dir='ltr'><strong>cogitare</strong></span> <span class='ocrx_word' id='word_1_374' title='bbox 2357 2034 2643 2100; x_wconf 83' lang='lat' dir='ltr'><strong>suaderet;</strong></span> <span class='ocrx_word' id='word_1_375' title='bbox 2676 2033 2821 2100; x_wconf 83' lang='lat' dir='ltr'><strong>quod</strong></span> <span class='ocrx_word' id='word_1_376' title='bbox 2851 2045 3189 2098; x_wconf 72' lang='lat' dir='ltr'><strong>nequaquam</strong></span> <span class='ocrx_word' id='word_1_377' title='bbox 3230 2029 3296 2082; x_wconf 84' lang='lat' dir='ltr'><strong>de</strong></span> <span class='ocrx_word' id='word_1_378' title='bbox 3322 2043 3385 2082; x_wconf 77' lang='lat' dir='ltr'><strong>eo</strong></span> <span class='ocrx_word' id='word_1_379' title='bbox 3404 2026 3498 2094; x_wconf 86' lang='lat' dir='ltr'><strong>qui</strong></span> 
     </span>
    </p>
   </div>
   <div class='ocr_carea' id='block_1_52' title="bbox 1925 2116 3500 2189">
    <p class='ocr_par' dir='ltr' id='par_1_52' title="bbox 1925 2116 3500 2189">
     <span class='ocr_line' id='line_1_52' title="bbox 1925 2116 3500 2189; baseline -0.01 -7"><span class='ocrx_word' id='word_1_380' title='bbox 1925 2130 1976 2182; x_wconf 90' lang='lat' dir='ltr'><strong>iu</strong></span> <span class='ocrx_word' id='word_1_381' title='bbox 2001 2129 2167 2183; x_wconf 82' lang='lat' dir='ltr'><strong>Deum</strong></span> <span class='ocrx_word' id='word_1_382' title='bbox 2203 2124 2515 2181; x_wconf 80' lang='lat' dir='ltr'><strong>conﬁdebat</strong></span> <span class='ocrx_word' id='word_1_383' title='bbox 2543 2122 2911 2189; x_wconf 83' lang='lat' dir='ltr'><strong>sperandum;</strong></span> <span class='ocrx_word' id='word_1_384' title='bbox 2950 2129 3043 2174; x_wconf 87' lang='lat' dir='ltr'><strong>aut</strong></span> <span class='ocrx_word' id='word_1_385' title='bbox 3089 2117 3251 2172; x_wconf 75' lang='lat' dir='ltr'><strong>aliter</strong></span> <span class='ocrx_word' id='word_1_386' title='bbox 3305 2116 3500 2169; x_wconf 83' lang='lat' dir='ltr'><strong>acuit-0</strong></span> 
     </span>
    </p>
   </div>
   <div class='ocr_carea' id='block_1_53' title="bbox 1924 2208 3497 2286">
    <p class='ocr_par' dir='ltr' id='par_1_53' title="bbox 1924 2208 3497 2286">
     <span class='ocr_line' id='line_1_53' title="bbox 1924 2208 3497 2286; baseline -0.011 -13"><span class='ocrx_word' id='word_1_387' title='bbox 1924 2218 2230 2281; x_wconf 87' lang='lat' dir='ltr'><strong>stimulans,</strong></span> <span class='ocrx_word' id='word_1_388' title='bbox 2260 2216 2525 2286; x_wconf 80' lang='lat' dir='ltr'><strong>ignaviter</strong></span> <span class='ocrx_word' id='word_1_389' title='bbox 2557 2222 2930 2283; x_wconf 83' lang='lat' dir='ltr'><strong>prostraturus</strong></span> <span class='ocrx_word' id='word_1_390' title='bbox 2970 2219 3116 2265; x_wconf 86' lang='lat' dir='ltr'><strong>esset</strong></span> <span class='ocrx_word' id='word_1_391' title='bbox 3155 2216 3209 2260; x_wconf 81' lang='lat' dir='ltr'><strong>et</strong></span> <span class='ocrx_word' id='word_1_392' title='bbox 3270 2208 3497 2261; x_wconf 77' lang='lat' dir='ltr'><strong>victoria</strong></span> 
     </span>
    </p>
   </div>
   <div class='ocr_carea' id='block_1_54' title="bbox 1924 2298 3499 2381">
    <p class='ocr_par' dir='ltr' id='par_1_54' title="bbox 1924 2298 3499 2381">
     <span class='ocr_line' id='line_1_54' title="bbox 1924 2298 3499 2381; baseline -0.01 -19"><span class='ocrx_word' id='word_1_393' title='bbox 1924 2310 2261 2381; x_wconf 85' lang='lat' dir='ltr'><strong>privaturns,</strong></span> <span class='ocrx_word' id='word_1_394' title='bbox 2302 2317 2352 2362; x_wconf 85' lang='lat' dir='ltr'><strong>et</strong></span> <span class='ocrx_word' id='word_1_395' title='bbox 2383 2305 2699 2361; x_wconf 81' lang='lat' dir='ltr'><strong>inferiorem</strong></span> <span class='ocrx_word' id='word_1_396' title='bbox 2741 2303 3084 2373; x_wconf 59' lang='lat' dir='ltr'><strong>praestiturus</strong></span> <span class='ocrx_word' id='word_1_397' title='bbox 3119 2300 3331 2357; x_wconf 84' lang='lat' dir='ltr'><strong>Nestori</strong></span> <span class='ocrx_word' id='word_1_398' title='bbox 3367 2298 3499 2360; x_wconf 87' lang='lat' dir='ltr'><strong>:qui</strong></span> 
     </span>
    </p>
   </div>
   <div class='ocr_carea' id='block_1_55' title="bbox 1925 2389 3502 2473">
    <p class='ocr_par' dir='ltr' id='par_1_55' title="bbox 1925 2389 3502 2473">
     <span class='ocr_line' id='line_1_55' title="bbox 1925 2389 3502 2473; baseline -0.011 -17"><span class='ocrx_word' id='word_1_399' title='bbox 1925 2404 2143 2473; x_wconf 85' lang='lat' dir='ltr'><strong>quidem</strong></span> <span class='ocrx_word' id='word_1_400' title='bbox 2175 2400 2392 2472; x_wconf 83' lang='lat' dir='ltr'><strong>Lyaeum</strong></span> <span class='ocrx_word' id='word_1_401' title='bbox 2426 2399 2563 2454; x_wconf 84' lang='lat' dir='ltr'><strong>adeo</strong></span> <span class='ocrx_word' id='word_1_402' title='bbox 2596 2411 2852 2465; x_wconf 86' lang='lat' dir='ltr'><strong>magnum</strong></span> <span class='ocrx_word' id='word_1_403' title='bbox 2919 2393 3139 2452; x_wconf 86' lang='lat' dir='ltr'><strong>devicit,</strong></span> <span class='ocrx_word' id='word_1_404' title='bbox 3197 2389 3502 2444; x_wconf 76' lang='lat' dir='ltr'><strong>Demetrius</strong></span> 
     </span>
    </p>
   </div>
   <div class='ocr_carea' id='block_1_56' title="bbox 1927 2478 3499 2554">
    <p class='ocr_par' dir='ltr' id='par_1_56' title="bbox 1927 2478 3499 2554">
     <span class='ocr_line' id='line_1_56' title="bbox 1927 2478 3499 2554; baseline -0.011 -10"><span class='ocrx_word' id='word_1_405' title='bbox 1927 2508 2055 2546; x_wconf 84' lang='lat' dir='ltr'><strong>vero</strong></span> <span class='ocrx_word' id='word_1_406' title='bbox 2093 2489 2347 2545; x_wconf 80' lang='lat' dir='ltr'><strong>animalis</strong></span> <span class='ocrx_word' id='word_1_407' title='bbox 2383 2487 2541 2543; x_wconf 88' lang='lat' dir='ltr'><strong>istius</strong></span> <span class='ocrx_word' id='word_1_408' title='bbox 2570 2501 2707 2554; x_wconf 89' lang='lat' dir='ltr'><strong>opus</strong></span> <span class='ocrx_word' id='word_1_409' title='bbox 2734 2483 2911 2537; x_wconf 80' lang='lat' dir='ltr'><strong>factus</strong></span> <span class='ocrx_word' id='word_1_410' title='bbox 2941 2482 3152 2535; x_wconf 69' lang='lat' dir='ltr'><strong>fuiSset.</strong></span> <span class='ocrx_word' id='word_1_411' title='bbox 3175 2478 3339 2532; x_wconf 78' lang='lat' dir='ltr'><strong>Periit</strong></span> <span class='ocrx_word' id='word_1_412' title='bbox 3368 2492 3499 2542; x_wconf 65' lang='lat' dir='ltr'><strong>ergo</strong></span> 
     </span>
    </p>
   </div>
   <div class='ocr_carea' id='block_1_57' title="bbox 1929 2570 3505 2644">
    <p class='ocr_par' dir='ltr' id='par_1_57' title="bbox 1929 2570 3505 2644">
     <span class='ocr_line' id='line_1_57' title="bbox 1929 2570 3505 2644; baseline -0.013 -4"><span class='ocrx_word' id='word_1_413' title='bbox 1929 2585 1980 2640; x_wconf 88' lang='lat' dir='ltr'><strong>in</strong></span> <span class='ocrx_word' id='word_1_414' title='bbox 2009 2582 2218 2640; x_wconf 77' lang='lat' dir='ltr'><strong>inSanis</strong></span> <span class='ocrx_word' id='word_1_415' title='bbox 2247 2579 2491 2635; x_wconf 85' lang='lat' dir='ltr'><strong>consiliis</strong></span> <span class='ocrx_word' id='word_1_416' title='bbox 2526 2579 2641 2635; x_wconf 85' lang='lat' dir='ltr'><strong>suis</strong></span> <span class='ocrx_word' id='word_1_417' title='bbox 2692 2577 2781 2644; x_wconf 86' lang='lat' dir='ltr'><strong>qui</strong></span> <span class='ocrx_word' id='word_1_418' title='bbox 2837 2578 2906 2630; x_wconf 82' lang='lat' dir='ltr'><strong>ah</strong></span> <span class='ocrx_word' id='word_1_419' title='bbox 2962 2573 3117 2627; x_wconf 86' lang='lat' dir='ltr'><strong>initio</strong></span> <span class='ocrx_word' id='word_1_420' title='bbox 3152 2572 3317 2626; x_wconf 84' lang='lat' dir='ltr'><strong>stulte</strong></span> <span class='ocrx_word' id='word_1_421' title='bbox 3375 2570 3505 2623; x_wconf 78' lang='lat' dir='ltr'><strong>tet-it</strong></span> 
     </span>
    </p>
   </div>
   <div class='ocr_carea' id='block_1_58' title="bbox 1927 2660 3488 2744">
    <p class='ocr_par' dir='ltr' id='par_1_58' title="bbox 1927 2660 3488 2744">
     <span class='ocr_line' id='line_1_58' title="bbox 1927 2660 3488 2744; baseline -0.013 -16"><span class='ocrx_word' id='word_1_422' title='bbox 1927 2688 2099 2744; x_wconf 87' lang='lat' dir='ltr'><strong>usque</strong></span> <span class='ocrx_word' id='word_1_423' title='bbox 2137 2673 2203 2726; x_wconf 90' lang='lat' dir='ltr'><strong>ad</strong></span> <span class='ocrx_word' id='word_1_424' title='bbox 2242 2670 2405 2726; x_wconf 81' lang='lat' dir='ltr'><strong>ﬁnem</strong></span> <span class='ocrx_word' id='word_1_425' title='bbox 2437 2669 2563 2727; x_wconf 85' lang='lat' dir='ltr'><strong>talis</strong></span> <span class='ocrx_word' id='word_1_426' title='bbox 2593 2669 2648 2721; x_wconf 90' lang='lat' dir='ltr'><strong>in</strong></span> <span class='ocrx_word' id='word_1_427' title='bbox 2700 2677 2847 2723; x_wconf 90' lang='lat' dir='ltr'><strong>recte</strong></span> <span class='ocrx_word' id='word_1_428' title='bbox 2903 2673 2956 2719; x_wconf 88' lang='lat' dir='ltr'><strong>et</strong></span> <span class='ocrx_word' id='word_1_429' title='bbox 2987 2663 3285 2718; x_wconf 79' lang='lat' dir='ltr'><strong>secundum</strong></span> <span class='ocrx_word' id='word_1_430' title='bbox 3321 2660 3488 2711; x_wconf 82' lang='lat' dir='ltr'><strong>Deum</strong></span> 
     </span>
    </p>
   </div>
   <div class='ocr_carea' id='block_1_59' title="bbox 1927 2749 3504 2831">
    <p class='ocr_par' dir='ltr' id='par_1_59' title="bbox 1927 2749 3504 2831">
     <span class='ocr_line' id='line_1_59' title="bbox 1927 2749 3504 2831; baseline -0.014 -7"><span class='ocrx_word' id='word_1_431' title='bbox 1927 2767 2226 2824; x_wconf 77' lang='lat' dir='ltr'><strong>sentientes</strong></span> <span class='ocrx_word' id='word_1_432' title='bbox 2255 2770 2582 2831; x_wconf 76' lang='lat' dir='ltr'><strong>perseverat.</strong></span> <span class='ocrx_word' id='word_1_433' title='bbox 2611 2758 2726 2815; x_wconf 84' lang='lat' dir='ltr'><strong>Non</strong></span> <span class='ocrx_word' id='word_1_434' title='bbox 2754 2757 2895 2811; x_wconf 87' lang='lat' dir='ltr'><strong>enim</strong></span> <span class='ocrx_word' id='word_1_435' title='bbox 2920 2767 3254 2819; x_wconf 72' lang='lat' dir='ltr'><strong>cognoscere</strong></span> <span class='ocrx_word' id='word_1_436' title='bbox 3275 2749 3504 2804; x_wconf 75' lang='lat' dir='ltr'><strong>debebat</strong></span> 
     </span>
    </p>
   </div>
   <div class='ocr_carea' id='block_1_60' title="bbox 1930 2841 3500 2913">
    <p class='ocr_par' dir='ltr' id='par_1_60' title="bbox 1930 2841 3500 2913">
     <span class='ocr_line' id='line_1_60' title="bbox 1930 2841 3500 2913; baseline -0.015 0"><span class='ocrx_word' id='word_1_437' title='bbox 1930 2868 1988 2913; x_wconf 91' lang='lat' dir='ltr'><strong>ut</strong></span> <span class='ocrx_word' id='word_1_438' title='bbox 2033 2858 2218 2912; x_wconf 85' lang='lat' dir='ltr'><strong>leones</strong></span> <span class='ocrx_word' id='word_1_439' title='bbox 2261 2854 2314 2908; x_wconf 92' lang='lat' dir='ltr'><strong>in</strong></span> <span class='ocrx_word' id='word_1_440' title='bbox 2364 2853 2459 2907; x_wconf 87' lang='lat' dir='ltr'><strong>Dei</strong></span> <span class='ocrx_word' id='word_1_441' title='bbox 2520 2858 2739 2906; x_wconf 88' lang='lat' dir='ltr'><strong>sanctos</strong></span> <span class='ocrx_word' id='word_1_442' title='bbox 2792 2855 3077 2902; x_wconf 71' lang='lat' dir='ltr'><strong>sexcentos</strong></span> <span class='ocrx_word' id='word_1_443' title='bbox 3132 2841 3500 2899; x_wconf 76' lang='lat' dir='ltr'><strong>immitteret.</strong></span> 
     </span>
    </p>
   </div>
   <div class='ocr_carea' id='block_1_61' title="bbox 1930 2933 3502 3018">
    <p class='ocr_par' dir='ltr' id='par_1_61' title="bbox 1930 2933 3502 3018">
     <span class='ocr_line' id='line_1_61' title="bbox 1930 2933 3502 3018; baseline -0.015 -12"><span class='ocrx_word' id='word_1_444' title='bbox 1930 2962 2123 3018; x_wconf 77' lang='lat' dir='ltr'><strong>segnes</strong></span> <span class='ocrx_word' id='word_1_445' title='bbox 2158 2948 2223 3001; x_wconf 89' lang='lat' dir='ltr'><strong>ad</strong></span> <span class='ocrx_word' id='word_1_446' title='bbox 2251 2944 2552 2999; x_wconf 88' lang='lat' dir='ltr'><strong>nocendum</strong></span> <span class='ocrx_word' id='word_1_447' title='bbox 2584 2955 2682 2997; x_wconf 85' lang='lat' dir='ltr'><strong>nec</strong></span> <span class='ocrx_word' id='word_1_448' title='bbox 2721 2953 2877 2995; x_wconf 89' lang='lat' dir='ltr'><strong>ursos</strong></span> <span class='ocrx_word' id='word_1_449' title='bbox 2899 2940 3128 2991; x_wconf 84' lang='lat' dir='ltr'><strong>horrore</strong></span> <span class='ocrx_word' id='word_1_450' title='bbox 3155 2933 3377 2987; x_wconf 86' lang='lat' dir='ltr'><strong>indutos</strong></span> <span class='ocrx_word' id='word_1_451' title='bbox 3405 2933 3502 3000; x_wconf 84' lang='lat' dir='ltr'><strong>qni</strong></span> 
     </span>
    </p>
   </div>
   <div class='ocr_carea' id='block_1_62' title="bbox 249 3023 1832 3123">
    <p class='ocr_par' dir='ltr' id='par_1_62' title="bbox 249 3023 1832 3123">
     <span class='ocr_line' id='line_1_62' title="bbox 249 3023 1832 3123; baseline 0.004 -25"><span class='ocrx_word' id='word_1_452' title='bbox 249 3044 362 3115; x_wconf 69' lang='grc' dir='ltr'><strong>γὰρ</strong></span> <span class='ocrx_word' id='word_1_453' title='bbox 392 3046 521 3116; x_wconf 70' lang='grc' dir='ltr'>ἔσχε</span> <span class='ocrx_word' id='word_1_454' title='bbox 550 3023 873 3113; x_wconf 82' lang='grc' dir='ltr'>λογίσασθαι</span> <span class='ocrx_word' id='word_1_455' title='bbox 908 3023 1130 3113; x_wconf 74' lang='grc' dir='ltr'>λέοντας</span> <span class='ocrx_word' id='word_1_456' title='bbox 1162 3053 1564 3122; x_wconf 76' lang='grc' dir='ltr'>ὲπαφιεμένους</span> <span class='ocrx_word' id='word_1_457' title='bbox 1600 3051 1701 3123; x_wconf 77' lang='grc' dir='ltr'>μὲν</span> <span class='ocrx_word' id='word_1_458' title='bbox 1731 3069 1832 3122; x_wconf 83' lang='grc' dir='ltr'>μυ-</span> 
     </span>
    </p>
   </div>
   <div class='ocr_carea' id='block_1_63' title="bbox 1932 3023 3501 3123">
    <p class='ocr_par' dir='ltr' id='par_1_63' title="bbox 1935 3023 3501 3106">
     <span class='ocr_line' id='line_1_63' title="bbox 1935 3023 3501 3106; baseline -0.015 -9"><span class='ocrx_word' id='word_1_459' title='bbox 1935 3039 2188 3097; x_wconf 84' lang='lat' dir='ltr'><strong>l&#39;erociter</strong></span> <span class='ocrx_word' id='word_1_460' title='bbox 2206 3035 2420 3106; x_wconf 88' lang='lat' dir='ltr'><strong>quidem</strong></span> <span class='ocrx_word' id='word_1_461' title='bbox 2450 3036 2736 3096; x_wconf 88' lang='lat' dir='ltr'><strong>irruentes,</strong></span> <span class='ocrx_word' id='word_1_462' title='bbox 2758 3029 2913 3101; x_wconf 85' lang='lat' dir='ltr'><strong>quasi</strong></span> <span class='ocrx_word' id='word_1_463' title='bbox 2946 3028 2999 3082; x_wconf 90' lang='lat' dir='ltr'><strong>in</strong></span> <span class='ocrx_word' id='word_1_464' title='bbox 3035 3034 3257 3081; x_wconf 85' lang='lat' dir='ltr'><strong>ventum</strong></span> <span class='ocrx_word' id='word_1_465' title='bbox 3286 3023 3501 3077; x_wconf 81' lang='lat' dir='ltr'><strong>inhiant</strong></span> 
     </span>
    </p>
   </div>
   <div class='ocr_carea' id='block_1_64' title="bbox 250 3133 1825 3220">
    <p class='ocr_par' dir='ltr' id='par_1_64' title="bbox 250 3133 1825 3220">
     <span class='ocr_line' id='line_1_64' title="bbox 250 3133 1825 3220; baseline 0.005 -24"><span class='ocrx_word' id='word_1_466' title='bbox 250 3144 452 3214; x_wconf 85' lang='grc' dir='ltr'>ριαχοῦ</span> <span class='ocrx_word' id='word_1_467' title='bbox 489 3146 602 3207; x_wconf 75' lang='grc' dir='ltr'>τοῖς</span> <span class='ocrx_word' id='word_1_468' title='bbox 634 3148 727 3199; x_wconf 83' lang='grc' dir='ltr'><strong>τοῦ</strong></span> <span class='ocrx_word' id='word_1_469' title='bbox 771 3146 909 3200; x_wconf 80' lang='grc' dir='ltr'>Θεοῦ</span> <span class='ocrx_word' id='word_1_470' title='bbox 941 3133 1140 3217; x_wconf 80' lang='grc' dir='ltr'>ἁγίοις,</span> <span class='ocrx_word' id='word_1_471' title='bbox 1179 3150 1386 3220; x_wconf 75' lang='grc' dir='ltr'>ἀργοὺς</span> <span class='ocrx_word' id='word_1_472' title='bbox 1415 3150 1472 3203; x_wconf 89' lang='grc' dir='ltr'>δὲ</span> <span class='ocrx_word' id='word_1_473' title='bbox 1502 3151 1582 3213; x_wconf 85' lang='grc' dir='ltr'><strong>είς</strong></span> <span class='ocrx_word' id='word_1_474' title='bbox 1612 3155 1672 3203; x_wconf 72' lang='grc' dir='ltr'>τὸ</span> <span class='ocrx_word' id='word_1_475' title='bbox 1701 3150 1825 3218; x_wconf 82' lang='grc' dir='ltr'>βλά-</span> 
     </span>
    </p>
   </div>
   <div class='ocr_carea' id='block_1_65' title="bbox 252 3238 1826 3313">
    <p class='ocr_par' dir='ltr' id='par_1_65' title="bbox 252 3238 1826 3313">
     <span class='ocr_line' id='line_1_65' title="bbox 252 3238 1826 3313; baseline 0.005 -24"><span class='ocrx_word' id='word_1_476' title='bbox 252 3252 412 3289; x_wconf 74' lang='grc' dir='ltr'>πτειν</span> <span class='ocrx_word' id='word_1_477' title='bbox 445 3238 708 3305; x_wconf 77' lang='grc' dir='ltr'>μένοντας</span> <span class='ocrx_word' id='word_1_478' title='bbox 730 3255 745 3271; x_wconf 70' lang='grc' dir='ltr'><strong>υ</strong></span> <span class='ocrx_word' id='word_1_479' title='bbox 780 3239 903 3293; x_wconf 69' lang='grc' dir='ltr'>οὐδὲ</span> <span class='ocrx_word' id='word_1_480' title='bbox 949 3240 1185 3312; x_wconf 77' lang='grc' dir='ltr'>ἄρκτους</span> <span class='ocrx_word' id='word_1_481' title='bbox 1210 3242 1418 3313; x_wconf 81' lang='grc' dir='ltr'>φρίκην</span> <span class='ocrx_word' id='word_1_482' title='bbox 1449 3243 1826 3310; x_wconf 71' lang='grc' dir='ltr'>ἐνδεδυμένας,</span> 
     </span>
    </p>
   </div>
   <div class='ocr_carea' id='block_1_66' title="bbox 246 3325 1828 3399">
    <p class='ocr_par' dir='ltr' id='par_1_66' title="bbox 246 3325 1828 3399">
     <span class='ocr_line' id='line_1_66' title="bbox 246 3325 1828 3399; baseline 0.004 -19"><span class='ocrx_word' id='word_1_483' title='bbox 246 3326 446 3396; x_wconf 71' lang='grc' dir='ltr'>χανδὸν</span> <span class='ocrx_word' id='word_1_484' title='bbox 494 3325 595 3395; x_wconf 73' lang='grc' dir='ltr'>μὶν</span> <span class='ocrx_word' id='word_1_485' title='bbox 623 3327 1019 3397; x_wconf 72' lang='grc' dir='ltr'>ὶπιφυομένας,</span> <span class='ocrx_word' id='word_1_486' title='bbox 1074 3330 1371 3399; x_wconf 85' lang='grc' dir='ltr'>χαινούσας</span> <span class='ocrx_word' id='word_1_487' title='bbox 1396 3330 1453 3385; x_wconf 76' lang='grc' dir='ltr'>δὲ</span> <span class='ocrx_word' id='word_1_488' title='bbox 1492 3332 1568 3395; x_wconf 86' lang='grc' dir='ltr'><strong>ὡς</strong></span> <span class='ocrx_word' id='word_1_489' title='bbox 1594 3333 1674 3394; x_wconf 81' lang='grc' dir='ltr'>εἰς</span> <span class='ocrx_word' id='word_1_490' title='bbox 1702 3333 1828 3386; x_wconf 80' lang='grc' dir='ltr'>ἄνε-</span> 
     </span>
    </p>
   </div>
   <div class='ocr_carea' id='block_1_67' title="bbox 253 3419 1830 3492">
    <p class='ocr_par' dir='ltr' id='par_1_67' title="bbox 253 3419 1830 3492">
     <span class='ocr_line' id='line_1_67' title="bbox 253 3419 1830 3492; baseline 0.004 -21"><span class='ocrx_word' id='word_1_491' title='bbox 253 3435 393 3489; x_wconf 68' lang='grc' dir='ltr'>μονθ</span> <span class='ocrx_word' id='word_1_492' title='bbox 431 3420 525 3472; x_wconf 81' lang='grc' dir='ltr'><strong>καὶ</strong></span> <span class='ocrx_word' id='word_1_493' title='bbox 563 3419 774 3491; x_wconf 76' lang='grc' dir='ltr'>ἑτέροις</span> <span class='ocrx_word' id='word_1_494' title='bbox 826 3420 883 3474; x_wconf 77' lang='grc' dir='ltr'>δὲ</span> <span class='ocrx_word' id='word_1_495' title='bbox 920 3422 1137 3491; x_wconf 79' lang='grc' dir='ltr'>θηρίοις</span> <span class='ocrx_word' id='word_1_496' title='bbox 1188 3422 1460 3492; x_wconf 72' lang='grc' dir='ltr'>ἐμϐλέψαι</span> <span class='ocrx_word' id='word_1_497' title='bbox 1489 3462 1505 3487; x_wconf 85' lang='grc'><strong>,</strong></span> <span class='ocrx_word' id='word_1_498' title='bbox 1557 3425 1672 3486; x_wconf 83' lang='grc' dir='ltr'>τοίς</span> <span class='ocrx_word' id='word_1_499' title='bbox 1733 3426 1830 3492; x_wconf 82' lang='grc' dir='ltr'>μὲν</span> 
     </span>
    </p>
   </div>
   <div class='ocr_carea' id='block_1_68' title="bbox 249 3511 1832 3582">
    <p class='ocr_par' dir='ltr' id='par_1_68' title="bbox 249 3511 1832 3582">
     <span class='ocr_line' id='line_1_68' title="bbox 249 3511 1832 3582; baseline 0.001 -16"><span class='ocrx_word' id='word_1_500' title='bbox 249 3511 635 3582; x_wconf 84' lang='grc' dir='ltr'>ἀπρακτοῦσιν</span> <span class='ocrx_word' id='word_1_501' title='bbox 683 3514 764 3574; x_wconf 85' lang='grc' dir='ltr'><strong>είς</strong></span> <span class='ocrx_word' id='word_1_502' title='bbox 790 3514 853 3566; x_wconf 80' lang='grc' dir='ltr'>τὸ</span> <span class='ocrx_word' id='word_1_503' title='bbox 900 3515 997 3567; x_wconf 79' lang='grc' dir='ltr'>καὶ</span> <span class='ocrx_word' id='word_1_504' title='bbox 1031 3513 1229 3582; x_wconf 84' lang='grc' dir='ltr'>βλάϐος</span> <span class='ocrx_word' id='word_1_505' title='bbox 1260 3516 1491 3582; x_wconf 78' lang='grc' dir='ltr'>ἐπάγειν</span> <span class='ocrx_word' id='word_1_506' title='bbox 1518 3516 1633 3579; x_wconf 82' lang='grc' dir='ltr'>τοῖς</span> <span class='ocrx_word' id='word_1_507' title='bbox 1668 3516 1832 3580; x_wconf 68' lang='grc' dir='ltr'>θερασ</span> 
     </span>
    </p>
   </div>
   <div class='ocr_carea' id='block_1_69' title="bbox 252 3600 1827 3674">
    <p class='ocr_par' dir='ltr' id='par_1_69' title="bbox 252 3600 1827 3674">
     <span class='ocr_line' id='line_1_69' title="bbox 252 3600 1827 3674; baseline 0.002 -19"><span class='ocrx_word' id='word_1_508' title='bbox 252 3602 487 3664; x_wconf 75' lang='grc' dir='ltr'>πευταῖς</span> <span class='ocrx_word' id='word_1_509' title='bbox 532 3600 624 3654; x_wconf 84' lang='grc' dir='ltr'><strong>τοῦ</strong></span> <span class='ocrx_word' id='word_1_510' title='bbox 656 3601 815 3667; x_wconf 83' lang='grc' dir='ltr'>Θεοῦ,</span> <span class='ocrx_word' id='word_1_511' title='bbox 865 3605 979 3666; x_wconf 82' lang='grc' dir='ltr'>τοίς</span> <span class='ocrx_word' id='word_1_512' title='bbox 1008 3602 1065 3656; x_wconf 78' lang='grc' dir='ltr'>δὲ</span> <span class='ocrx_word' id='word_1_513' title='bbox 1093 3603 1212 3657; x_wconf 33' lang='lat' dir='ltr'><strong>exat</strong></span> <span class='ocrx_word' id='word_1_514' title='bbox 1246 3604 1523 3674; x_wconf 71' lang='grc' dir='ltr'>κειμένοις</span> <span class='ocrx_word' id='word_1_515' title='bbox 1576 3606 1790 3674; x_wconf 76' lang='grc' dir='ltr'>νεκροῖς</span> <span class='ocrx_word' id='word_1_516' title='bbox 1809 3621 1827 3638; x_wconf 75' lang='grc' dir='ltr'><strong>ο</strong></span> 
     </span>
    </p>
   </div>
   <div class='ocr_carea' id='block_1_70' title="bbox 249 3689 1835 3761">
    <p class='ocr_par' dir='ltr' id='par_1_70' title="bbox 249 3689 1835 3761">
     <span class='ocr_line' id='line_1_70' title="bbox 249 3689 1835 3761; baseline -0.001 -17"><span class='ocrx_word' id='word_1_517' title='bbox 249 3690 469 3761; x_wconf 73' lang='grc' dir='ltr'>ἑτέροις</span> <span class='ocrx_word' id='word_1_518' title='bbox 500 3689 557 3744; x_wconf 82' lang='grc' dir='ltr'>δὲ</span> <span class='ocrx_word' id='word_1_519' title='bbox 607 3691 707 3744; x_wconf 76' lang='grc' dir='ltr'><strong>καὶ</strong></span> <span class='ocrx_word' id='word_1_520' title='bbox 753 3693 834 3753; x_wconf 88' lang='grc' dir='ltr'>εἰς</span> <span class='ocrx_word' id='word_1_521' title='bbox 865 3690 1114 3745; x_wconf 73' lang='grc' dir='ltr'>δουλείαν</span> <span class='ocrx_word' id='word_1_522' title='bbox 1146 3691 1518 3760; x_wconf 79' lang='grc' dir='ltr'>ὑπαγομένοις</span> <span class='ocrx_word' id='word_1_523' title='bbox 1538 3689 1835 3761; x_wconf 86' lang='grc' dir='ltr'>άχθοφορι-</span> 
     </span>
    </p>
   </div>
   <div class='ocr_carea' id='block_1_71' title="bbox 246 3781 1833 3853">
    <p class='ocr_par' dir='ltr' id='par_1_71' title="bbox 246 3781 1833 3853">
     <span class='ocr_line' id='line_1_71' title="bbox 246 3781 1833 3853; baseline 0.001 -19"><span class='ocrx_word' id='word_1_524' title='bbox 246 3783 381 3853; x_wconf 81' lang='grc' dir='ltr'>κὴν,</span> <span class='ocrx_word' id='word_1_525' title='bbox 410 3782 447 3851; x_wconf 75' lang='grc' dir='ltr'>ἢ</span> <span class='ocrx_word' id='word_1_526' title='bbox 478 3781 574 3835; x_wconf 81' lang='grc' dir='ltr'><strong>καὶ</strong></span> <span class='ocrx_word' id='word_1_527' title='bbox 609 3781 787 3847; x_wconf 75' lang='grc' dir='ltr'>ἄλλως</span> <span class='ocrx_word' id='word_1_528' title='bbox 824 3781 1260 3853; x_wconf 84' lang='grc' dir='ltr'>ἀμϐλυνομένοις</span> <span class='ocrx_word' id='word_1_529' title='bbox 1317 3783 1417 3853; x_wconf 79' lang='grc' dir='ltr'>τὴν</span> <span class='ocrx_word' id='word_1_530' title='bbox 1470 3784 1570 3852; x_wconf 84' lang='grc' dir='ltr'>τῆς</span> <span class='ocrx_word' id='word_1_531' title='bbox 1627 3781 1833 3852; x_wconf 88' lang='grc' dir='ltr'>θηριω-</span> 
     </span>
    </p>
   </div>
   <div class='ocr_carea' id='block_1_72' title="bbox 246 3871 1830 3944">
    <p class='ocr_par' dir='ltr' id='par_1_72' title="bbox 246 3871 1830 3944">
     <span class='ocr_line' id='line_1_72' title="bbox 246 3871 1830 3944; baseline -0.002 -15"><span class='ocrx_word' id='word_1_532' title='bbox 246 3876 374 3939; x_wconf 79' lang='grc' dir='ltr'>δίας</span> <span class='ocrx_word' id='word_1_533' title='bbox 401 3872 609 3944; x_wconf 78' lang='grc' dir='ltr'>ἀκμὴν,</span> <span class='ocrx_word' id='word_1_534' title='bbox 644 3874 741 3927; x_wconf 79' lang='grc' dir='ltr'>καὶ</span> <span class='ocrx_word' id='word_1_535' title='bbox 793 3872 1288 3943; x_wconf 81' lang='grc' dir='ltr'>μαλθακιζομένοις</span> <span class='ocrx_word' id='word_1_536' title='bbox 1315 3873 1397 3937; x_wconf 87' lang='grc' dir='ltr'><strong>είς</strong></span> <span class='ocrx_word' id='word_1_537' title='bbox 1431 3872 1492 3926; x_wconf 81' lang='grc' dir='ltr'><strong>τὸ</strong></span> <span class='ocrx_word' id='word_1_538' title='bbox 1521 3871 1830 3943; x_wconf 83' lang='grc' dir='ltr'>χειρόηθες.</span> 
     </span>
    </p>
   </div>
   <div class='ocr_carea' id='block_1_73' title="bbox 248 3963 1837 4035">
    <p class='ocr_par' dir='ltr' id='par_1_73' title="bbox 248 3963 1837 4035">
     <span class='ocr_line' id='line_1_73' title="bbox 248 3963 1837 4035; baseline -0.003 -14"><span class='ocrx_word' id='word_1_539' title='bbox 248 3966 472 4021; x_wconf 81' lang='grc' dir='ltr'>Ἔπαθε</span> <span class='ocrx_word' id='word_1_540' title='bbox 500 3964 598 4019; x_wconf 83' lang='grc' dir='ltr'>καὶ</span> <span class='ocrx_word' id='word_1_541' title='bbox 622 3964 835 4029; x_wconf 81' lang='grc' dir='ltr'>Παῦλος</span> <span class='ocrx_word' id='word_1_542' title='bbox 870 3963 930 4029; x_wconf 79' lang='grc' dir='ltr'><strong>ἐξ</strong></span> <span class='ocrx_word' id='word_1_543' title='bbox 957 3964 1169 4035; x_wconf 75' lang='grc' dir='ltr'>ἐχίδνης</span> <span class='ocrx_word' id='word_1_544' title='bbox 1197 3963 1439 4035; x_wconf 76' lang='grc' dir='ltr'>δαγμόν·</span> <span class='ocrx_word' id='word_1_545' title='bbox 1470 3963 1585 4018; x_wconf 84' lang='grc' dir='ltr'>ἀλλ’</span> <span class='ocrx_word' id='word_1_546' title='bbox 1617 3966 1837 4017; x_wconf 74' lang='grc' dir='ltr'>ἐκτινα-</span> 
     </span>
    </p>
   </div>
   <div class='ocr_carea' id='block_1_74' title="bbox 248 4055 1837 4128">
    <p class='ocr_par' dir='ltr' id='par_1_74' title="bbox 248 4055 1837 4128">
     <span class='ocr_line' id='line_1_74' title="bbox 248 4055 1837 4128; baseline -0.001 -15"><span class='ocrx_word' id='word_1_547' title='bbox 248 4058 493 4128; x_wconf 75' lang='grc' dir='ltr'>ξάμενος</span> <span class='ocrx_word' id='word_1_548' title='bbox 520 4056 749 4126; x_wconf 81' lang='grc' dir='ltr'>ταύτην,</span> <span class='ocrx_word' id='word_1_549' title='bbox 775 4055 1066 4124; x_wconf 81' lang='grc' dir='ltr'>ἐπίκλησιν</span> <span class='ocrx_word' id='word_1_550' title='bbox 1090 4055 1243 4111; x_wconf 84' lang='grc' dir='ltr'>θείαν</span> <span class='ocrx_word' id='word_1_551' title='bbox 1267 4056 1510 4111; x_wconf 66' lang='grc' dir='ltr'>ἐπετίθει</span> <span class='ocrx_word' id='word_1_552' title='bbox 1540 4056 1837 4128; x_wconf 82' lang='grc' dir='ltr'>ἀλεξιφάρ-</span> 
     </span>
    </p>
   </div>
   <div class='ocr_carea' id='block_1_75' title="bbox 250 4146 1836 4221">
    <p class='ocr_par' dir='ltr' id='par_1_75' title="bbox 250 4146 1836 4221">
     <span class='ocr_line' id='line_1_75' title="bbox 250 4146 1836 4221; baseline -0.002 -16"><span class='ocrx_word' id='word_1_553' title='bbox 250 4166 461 4221; x_wconf 86' lang='grc' dir='ltr'>μακον,</span> <span class='ocrx_word' id='word_1_554' title='bbox 500 4149 596 4203; x_wconf 77' lang='grc' dir='ltr'>καὶ</span> <span class='ocrx_word' id='word_1_555' title='bbox 626 4150 688 4202; x_wconf 79' lang='grc' dir='ltr'><strong>τὸ</strong></span> <span class='ocrx_word' id='word_1_556' title='bbox 707 4147 936 4218; x_wconf 85' lang='grc' dir='ltr'>τραῦμα</span> <span class='ocrx_word' id='word_1_557' title='bbox 963 4147 1353 4219; x_wconf 67' lang='grc' dir='ltr'>ἐθεραπεύετο.</span> <span class='ocrx_word' id='word_1_558' title='bbox 1391 4146 1604 4202; x_wconf 83' lang='grc' dir='ltr'>Οὐκοῦν</span> <span class='ocrx_word' id='word_1_559' title='bbox 1635 4149 1732 4203; x_wconf 77' lang='grc' dir='ltr'>καὶ</span> <span class='ocrx_word' id='word_1_560' title='bbox 1758 4149 1836 4218; x_wconf 82' lang='grc' dir='ltr'><strong>τῷ</strong></span> 
     </span>
    </p>
   </div>
   <div class='ocr_carea' id='block_1_76' title="bbox 246 4233 1834 4311">
    <p class='ocr_par' dir='ltr' id='par_1_76' title="bbox 246 4233 1834 4311">
     <span class='ocr_line' id='line_1_76' title="bbox 246 4233 1834 4311; baseline -0.003 -17"><span class='ocrx_word' id='word_1_561' title='bbox 246 4239 559 4311; x_wconf 81' lang='grc' dir='ltr'>Δημητρίῳ</span> <span class='ocrx_word' id='word_1_562' title='bbox 582 4233 652 4310; x_wconf 75' lang='grc' dir='ltr'>ἦν</span> <span class='ocrx_word' id='word_1_563' title='bbox 689 4238 787 4309; x_wconf 75' lang='grc' dir='ltr'>μὲν</span> <span class='ocrx_word' id='word_1_564' title='bbox 815 4237 1208 4308; x_wconf 79' lang='grc' dir='ltr'>ἀμφοτέρωθεν</span> <span class='ocrx_word' id='word_1_565' title='bbox 1252 4236 1314 4290; x_wconf 85' lang='grc' dir='ltr'><strong>οὐ</strong></span> <span class='ocrx_word' id='word_1_566' title='bbox 1346 4235 1510 4305; x_wconf 84' lang='grc' dir='ltr'>φόϐος</span> <span class='ocrx_word' id='word_1_567' title='bbox 1542 4236 1793 4290; x_wconf 83' lang='grc' dir='ltr'>κινδύνου</span> <span class='ocrx_word' id='word_1_568' title='bbox 1817 4252 1834 4266; x_wconf 75' lang='grc' dir='ltr'><strong>ο</strong></span> 
     </span>
    </p>
   </div>
   <div class='ocr_carea' id='block_1_77' title="bbox 247 4325 1839 4404">
    <p class='ocr_par' dir='ltr' id='par_1_77' title="bbox 247 4325 1839 4404">
     <span class='ocr_line' id='line_1_77' title="bbox 247 4325 1839 4404; baseline -0.003 -17"><span class='ocrx_word' id='word_1_569' title='bbox 247 4330 600 4404; x_wconf 80' lang='grc' dir='ltr'>κεντρισθείς</span> <span class='ocrx_word' id='word_1_570' title='bbox 621 4348 683 4384; x_wconf 81' lang='grc' dir='ltr'><strong>τε</strong></span> <span class='ocrx_word' id='word_1_571' title='bbox 714 4331 824 4399; x_wconf 82' lang='grc' dir='ltr'>γὰρ</span> <span class='ocrx_word' id='word_1_572' title='bbox 851 4328 967 4400; x_wconf 77' lang='grc' dir='ltr'>εἶχε</span> <span class='ocrx_word' id='word_1_573' title='bbox 990 4330 1298 4383; x_wconf 80' lang='grc' dir='ltr'>διεκπεσεῖν</span> <span class='ocrx_word' id='word_1_574' title='bbox 1325 4327 1567 4397; x_wconf 76' lang='grc' dir='ltr'>ἀϐλαϐής</span> <span class='ocrx_word' id='word_1_575' title='bbox 1588 4345 1604 4360; x_wconf 78' lang='grc' dir='ltr'><strong>ο</strong></span> <span class='ocrx_word' id='word_1_576' title='bbox 1638 4325 1754 4404; x_wconf 69' lang='grc' dir='ltr'>εἶχε</span> <span class='ocrx_word' id='word_1_577' title='bbox 1781 4328 1839 4382; x_wconf 72' lang='lat' dir='ltr'><strong>at</strong></span> 
     </span>
    </p>
   </div>
   <div class='ocr_carea' id='block_1_78' title="bbox 248 4398 1917 4493">
    <p class='ocr_par' dir='ltr' id='par_1_78' title="bbox 248 4398 1917 4493">
     <span class='ocr_line' id='line_1_78' title="bbox 248 4398 1917 4493; baseline -0.004 -13"><span class='ocrx_word' id='word_1_578' title='bbox 248 4430 352 4481; x_wconf 78' lang='grc' dir='ltr'>καὶ</span> <span class='ocrx_word' id='word_1_579' title='bbox 384 4398 479 4479; x_wconf 71' lang='grc' dir='ltr'><strong>τὸν</strong></span> <span class='ocrx_word' id='word_1_580' title='bbox 529 4398 863 4493; x_wconf 72' lang='grc' dir='ltr'>κεντρισμὺν</span> <span class='ocrx_word' id='word_1_581' title='bbox 905 4398 1103 4492; x_wconf 67' lang='grc' dir='ltr'>πάντη</span> <span class='ocrx_word' id='word_1_582' title='bbox 1156 4422 1492 4489; x_wconf 78' lang='grc' dir='ltr'>διεκφυγετν.</span> <span class='ocrx_word' id='word_1_583' title='bbox 1536 4398 1746 4474; x_wconf 66' lang='grc' dir='ltr'><strong>Εἵλετο⁷</strong></span> <span class='ocrx_word' id='word_1_584' title='bbox 1772 4420 1839 4491; x_wconf 82' lang='grc' dir='ltr'>δὴ</span> <span class='ocrx_word' id='word_1_585' title='bbox 1865 4398 1917 4458; x_wconf 83' lang='lat' dir='ltr'><strong>D</strong></span> 
     </span>
    </p>
   </div>
   <div class='ocr_carea' id='block_1_79' title="bbox 246 4511 1839 4587">
    <p class='ocr_par' dir='ltr' id='par_1_79' title="bbox 246 4511 1839 4587">
     <span class='ocr_line' id='line_1_79' title="bbox 246 4511 1839 4587; baseline -0.006 -13"><span class='ocrx_word' id='word_1_586' title='bbox 246 4523 310 4574; x_wconf 71' lang='grc' dir='ltr'>τὸ</span> <span class='ocrx_word' id='word_1_587' title='bbox 350 4516 824 4587; x_wconf 75' lang='grc' dir='ltr'>θαυμασιώτερον.</span> <span class='ocrx_word' id='word_1_588' title='bbox 882 4514 1168 4584; x_wconf 74' lang='grc' dir='ltr'>ωηγῆναι</span> <span class='ocrx_word' id='word_1_589' title='bbox 1219 4512 1319 4583; x_wconf 71' lang='grc' dir='ltr'>μὲν</span> <span class='ocrx_word' id='word_1_590' title='bbox 1351 4512 1460 4581; x_wconf 75' lang='grc' dir='ltr'><strong>γάρ</strong></span> <span class='ocrx_word' id='word_1_591' title='bbox 1516 4511 1681 4564; x_wconf 79' lang='grc' dir='ltr'>αὑτὸν</span> <span class='ocrx_word' id='word_1_592' title='bbox 1723 4514 1839 4565; x_wconf 65' lang='grc' dir='ltr'>ἄνε-</span> 
     </span>
    </p>
   </div>
   <div class='ocr_carea' id='block_1_80' title="bbox 249 4602 1840 4678">
    <p class='ocr_par' dir='ltr' id='par_1_80' title="bbox 249 4602 1840 4678">
     <span class='ocr_line' id='line_1_80' title="bbox 249 4602 1840 4678; baseline -0.008 -13"><span class='ocrx_word' id='word_1_593' title='bbox 249 4611 402 4666; x_wconf 85' lang='grc' dir='ltr'>ποίει</span> <span class='ocrx_word' id='word_1_594' title='bbox 439 4607 706 4678; x_wconf 74' lang='grc' dir='ltr'>τιχάρμα</span> <span class='ocrx_word' id='word_1_595' title='bbox 732 4606 814 4675; x_wconf 83' lang='grc' dir='ltr'>τῷ</span> <span class='ocrx_word' id='word_1_596' title='bbox 869 4623 926 4659; x_wconf 85' lang='grc' dir='ltr'><strong>τε</strong></span> <span class='ocrx_word' id='word_1_597' title='bbox 969 4605 1183 4674; x_wconf 86' lang='grc' dir='ltr'>δαίμονι</span> <span class='ocrx_word' id='word_1_598' title='bbox 1233 4606 1328 4657; x_wconf 75' lang='grc' dir='ltr'><strong>καὶ</strong></span> <span class='ocrx_word' id='word_1_599' title='bbox 1379 4603 1459 4672; x_wconf 83' lang='grc' dir='ltr'>τῷ</span> <span class='ocrx_word' id='word_1_600' title='bbox 1508 4602 1840 4671; x_wconf 81' lang='grc' dir='ltr'>δαιμονῶντι</span> 
     </span>
    </p>
   </div>
   <div class='ocr_carea' id='block_1_81' title="bbox 247 4691 1841 4771">
    <p class='ocr_par' dir='ltr' id='par_1_81' title="bbox 247 4691 1841 4771">
     <span class='ocr_line' id='line_1_81' title="bbox 247 4691 1841 4771; baseline -0.005 -17"><span class='ocrx_word' id='word_1_601' title='bbox 247 4701 510 4771; x_wconf 79' lang='grc' dir='ltr'>τυράννῳ</span> <span class='ocrx_word' id='word_1_602' title='bbox 535 4714 549 4728; x_wconf 91' lang='grc'><strong>·</strong></span> <span class='ocrx_word' id='word_1_603' title='bbox 584 4698 660 4767; x_wconf 82' lang='grc' dir='ltr'>μὴ</span> <span class='ocrx_word' id='word_1_604' title='bbox 683 4697 916 4765; x_wconf 74' lang='grc' dir='ltr'>ὲαθῆναι</span> <span class='ocrx_word' id='word_1_605' title='bbox 942 4697 999 4750; x_wconf 77' lang='grc' dir='ltr'>δὲ</span> <span class='ocrx_word' id='word_1_606' title='bbox 1028 4695 1425 4766; x_wconf 76' lang='grc' dir='ltr'>ψαῦσαι-ἀλλ’</span> <span class='ocrx_word' id='word_1_607' title='bbox 1461 4691 1530 4765; x_wconf 76' lang='grc' dir='ltr'>ἦν</span> <span class='ocrx_word' id='word_1_608' title='bbox 1557 4694 1719 4747; x_wconf 87' lang='grc' dir='ltr'>τοῦτο</span> <span class='ocrx_word' id='word_1_609' title='bbox 1752 4710 1841 4746; x_wconf 79' lang='grc' dir='ltr'>τε-</span> 
     </span>
    </p>
   </div>
   <div class='ocr_carea' id='block_1_82' title="bbox 253 4784 1839 4863">
    <p class='ocr_par' dir='ltr' id='par_1_82' title="bbox 253 4784 1839 4863">
     <span class='ocr_line' id='line_1_82' title="bbox 253 4784 1839 4863; baseline -0.006 -16"><span class='ocrx_word' id='word_1_610' title='bbox 253 4792 669 4863; x_wconf 76' lang='grc' dir='ltr'>ρατωδέστερον</span> <span class='ocrx_word' id='word_1_611' title='bbox 689 4806 704 4822; x_wconf 76' lang='grc' dir='ltr'><strong><em>ο</em></strong></span> <span class='ocrx_word' id='word_1_612' title='bbox 735 4790 930 4843; x_wconf 83' lang='grc' dir='ltr'>τούτου</span> <span class='ocrx_word' id='word_1_613' title='bbox 964 4788 1024 4841; x_wconf 82' lang='grc' dir='ltr'>δὲ</span> <span class='ocrx_word' id='word_1_614' title='bbox 1064 4788 1226 4841; x_wconf 83' lang='grc' dir='ltr'>πλέον</span> <span class='ocrx_word' id='word_1_615' title='bbox 1253 4787 1314 4841; x_wconf 83' lang='grc' dir='ltr'><strong>τὸ</strong></span> <span class='ocrx_word' id='word_1_616' title='bbox 1364 4786 1463 4841; x_wconf 69' lang='grc' dir='ltr'><strong>καὶ</strong></span> <span class='ocrx_word' id='word_1_617' title='bbox 1491 4784 1839 4855; x_wconf 80' lang='grc' dir='ltr'>νεκρωθῆναι</span> 
     </span>
    </p>
   </div>
   <div class='ocr_carea' id='block_1_83' title="bbox 248 4878 1842 4952">
    <p class='ocr_par' dir='ltr' id='par_1_83' title="bbox 248 4878 1842 4952">
     <span class='ocr_line' id='line_1_83' title="bbox 248 4878 1842 4952; baseline -0.003 -17"><span class='ocrx_word' id='word_1_618' title='bbox 248 4886 347 4937; x_wconf 74' lang='grc' dir='ltr'><strong>τὸν</strong></span> <span class='ocrx_word' id='word_1_619' title='bbox 370 4881 472 4936; x_wconf 86' lang='grc' dir='ltr'><strong>τοῦ</strong></span> <span class='ocrx_word' id='word_1_620' title='bbox 522 4881 773 4952; x_wconf 84' lang='grc' dir='ltr'>δαίμονος</span> <span class='ocrx_word' id='word_1_621' title='bbox 804 4881 1092 4951; x_wconf 84' lang='grc' dir='ltr'>τρόφιμον.</span> <span class='ocrx_word' id='word_1_622' title='bbox 1140 4882 1252 4951; x_wconf 81' lang='grc' dir='ltr'>Ζῇν</span> <span class='ocrx_word' id='word_1_623' title='bbox 1287 4882 1387 4949; x_wconf 82' lang='grc' dir='ltr'><strong>μὲν</strong></span> <span class='ocrx_word' id='word_1_624' title='bbox 1417 4879 1526 4949; x_wconf 77' lang='grc' dir='ltr'>γὰρ</span> <span class='ocrx_word' id='word_1_625' title='bbox 1561 4879 1621 4932; x_wconf 78' lang='grc' dir='ltr'>τὸ</span> <span class='ocrx_word' id='word_1_626' title='bbox 1653 4878 1842 4949; x_wconf 86' lang='grc' dir='ltr'>θηρίον</span> 
     </span>
    </p>
   </div>
   <div class='ocr_carea' id='block_1_84' title="bbox 256 4966 1841 5046">
    <p class='ocr_par' dir='ltr' id='par_1_84' title="bbox 256 4966 1841 5046">
     <span class='ocr_line' id='line_1_84' title="bbox 256 4966 1841 5046; baseline -0.009 -16"><span class='ocrx_word' id='word_1_627' title='bbox 256 4977 337 5046; x_wconf 76' lang='grc' dir='ltr'>μὴ</span> <span class='ocrx_word' id='word_1_628' title='bbox 365 4974 615 5028; x_wconf 86' lang='grc' dir='ltr'>πελάσαν</span> <span class='ocrx_word' id='word_1_629' title='bbox 642 4973 720 5043; x_wconf 81' lang='grc' dir='ltr'>τῷ</span> <span class='ocrx_word' id='word_1_630' title='bbox 750 4972 991 5043; x_wconf 82' lang='grc' dir='ltr'>μάρτυρι</span> <span class='ocrx_word' id='word_1_631' title='bbox 1030 4972 1131 5026; x_wconf 85' lang='grc' dir='ltr'><strong>οὐκ</strong></span> <span class='ocrx_word' id='word_1_632' title='bbox 1154 4966 1270 5041; x_wconf 77' lang='grc' dir='ltr'>εἶχε</span> <span class='ocrx_word' id='word_1_633' title='bbox 1294 4971 1480 5040; x_wconf 85' lang='grc' dir='ltr'>θαῦμα</span> <span class='ocrx_word' id='word_1_634' title='bbox 1515 4969 1651 5025; x_wconf 84' lang='grc' dir='ltr'>πολύ</span> <span class='ocrx_word' id='word_1_635' title='bbox 1676 4986 1689 5001; x_wconf 87' lang='grc'><strong>·</strong></span> <span class='ocrx_word' id='word_1_636' title='bbox 1723 4972 1841 5023; x_wconf 64' lang='grc' dir='ltr'>κεῖ.</span> 
     </span>
    </p>
   </div>
   <div class='ocr_carea' id='block_1_85' title="bbox 252 5059 1843 5136">
    <p class='ocr_par' dir='ltr' id='par_1_85' title="bbox 252 5059 1843 5136">
     <span class='ocr_line' id='line_1_85' title="bbox 252 5059 1843 5136; baseline -0.006 -13"><span class='ocrx_word' id='word_1_637' title='bbox 252 5069 386 5124; x_wconf 82' lang='grc' dir='ltr'>σθαι</span> <span class='ocrx_word' id='word_1_638' title='bbox 407 5068 467 5123; x_wconf 71' lang='grc' dir='ltr'>δὲ</span> <span class='ocrx_word' id='word_1_639' title='bbox 495 5066 689 5136; x_wconf 60' lang='grc' dir='ltr'>νεκρὸν</span> <span class='ocrx_word' id='word_1_640' title='bbox 719 5066 780 5119; x_wconf 84' lang='grc' dir='ltr'><strong>τδ</strong></span> <span class='ocrx_word' id='word_1_641' title='bbox 816 5064 987 5135; x_wconf 78' lang='grc' dir='ltr'>γέμον</span> <span class='ocrx_word' id='word_1_642' title='bbox 1023 5062 1486 5134; x_wconf 70' lang='grc' dir='ltr'>δαίμονος-ἀλλά</span> <span class='ocrx_word' id='word_1_643' title='bbox 1516 5061 1676 5115; x_wconf 86' lang='grc' dir='ltr'>τοῦτο</span> <span class='ocrx_word' id='word_1_644' title='bbox 1703 5059 1843 5130; x_wconf 78' lang='grc' dir='ltr'>πλῆ-</span> 
     </span>
    </p>
   </div>
   <div class='ocr_carea' id='block_1_86' title="bbox 255 5153 1842 5233">
    <p class='ocr_par' dir='ltr' id='par_1_86' title="bbox 255 5153 1842 5233">
     <span class='ocr_line' id='line_1_86' title="bbox 255 5153 1842 5233; baseline -0.003 -22"><span class='ocrx_word' id='word_1_645' title='bbox 255 5178 351 5233; x_wconf 77' lang='grc' dir='ltr'><strong>ρες</strong></span> <span class='ocrx_word' id='word_1_646' title='bbox 408 5156 480 5231; x_wconf 73' lang='grc' dir='ltr'>ἦν</span> <span class='ocrx_word' id='word_1_647' title='bbox 508 5158 758 5229; x_wconf 72' lang='grc' dir='ltr'>τέρατος,</span> <span class='ocrx_word' id='word_1_648' title='bbox 813 5156 950 5209; x_wconf 82' lang='grc' dir='ltr'>πολὺ</span> <span class='ocrx_word' id='word_1_649' title='bbox 1003 5155 1060 5209; x_wconf 69' lang='grc' dir='ltr'>δὲ</span> <span class='ocrx_word' id='word_1_650' title='bbox 1108 5154 1270 5208; x_wconf 84' lang='grc' dir='ltr'>πλέον</span> <span class='ocrx_word' id='word_1_651' title='bbox 1328 5156 1425 5207; x_wconf 78' lang='grc' dir='ltr'>καὶ</span> <span class='ocrx_word' id='word_1_652' title='bbox 1455 5154 1711 5224; x_wconf 83' lang='grc' dir='ltr'>ὁτρόπος</span> <span class='ocrx_word' id='word_1_653' title='bbox 1745 5153 1842 5206; x_wconf 87' lang='grc' dir='ltr'><strong>τοῦ</strong></span> 
     </span>
    </p>
   </div>
   <div class='ocr_carea' id='block_1_87' title="bbox 251 5243 1843 5321">
    <p class='ocr_par' dir='ltr' id='par_1_87' title="bbox 251 5243 1843 5321">
     <span class='ocr_line' id='line_1_87' title="bbox 251 5243 1843 5321; baseline -0.006 -16"><span class='ocrx_word' id='word_1_654' title='bbox 251 5252 563 5321; x_wconf 63' lang='grc' dir='ltr'>θαῦμα-τος.</span> <span class='ocrx_word' id='word_1_655' title='bbox 596 5248 669 5300; x_wconf 81' lang='grc' dir='ltr'><strong>Οὐ</strong></span> <span class='ocrx_word' id='word_1_656' title='bbox 701 5245 810 5315; x_wconf 88' lang='grc' dir='ltr'><strong>γάρ</strong></span> <span class='ocrx_word' id='word_1_657' title='bbox 862 5261 969 5298; x_wconf 85' lang='grc' dir='ltr'>τινι</span> <span class='ocrx_word' id='word_1_658' title='bbox 997 5243 1107 5297; x_wconf 84' lang='grc' dir='ltr'><strong>τῶν</strong></span> <span class='ocrx_word' id='word_1_659' title='bbox 1160 5243 1516 5313; x_wconf 85' lang='grc' dir='ltr'>σωματικῶν,</span> <span class='ocrx_word' id='word_1_660' title='bbox 1559 5244 1843 5313; x_wconf 80' lang='grc' dir='ltr'>ἀσωμάτῳ</span> 
     </span>
    </p>
   </div>
   <div class='ocr_carea' id='block_1_88' title="bbox 249 5333 1844 5415">
    <p class='ocr_par' dir='ltr' id='par_1_88' title="bbox 249 5333 1844 5415">
     <span class='ocr_line' id='line_1_88' title="bbox 249 5333 1844 5415; baseline -0.005 -18"><span class='ocrx_word' id='word_1_661' title='bbox 249 5343 309 5397; x_wconf 70' lang='grc' dir='ltr'>δὲ</span> <span class='ocrx_word' id='word_1_662' title='bbox 340 5342 587 5415; x_wconf 80' lang='grc' dir='ltr'>ὀργάνῳ,</span> <span class='ocrx_word' id='word_1_663' title='bbox 618 5338 697 5408; x_wconf 82' lang='grc' dir='ltr'>τῷ</span> <span class='ocrx_word' id='word_1_664' title='bbox 716 5337 806 5391; x_wconf 81' lang='grc' dir='ltr'>διὰ</span> <span class='ocrx_word' id='word_1_665' title='bbox 833 5336 1116 5391; x_wconf 79' lang='grc' dir='ltr'>δακτύλων</span> <span class='ocrx_word' id='word_1_666' title='bbox 1147 5335 1303 5405; x_wconf 81' lang='grc' dir='ltr'>τύπῳ</span> <span class='ocrx_word' id='word_1_667' title='bbox 1322 5335 1418 5388; x_wconf 89' lang='grc' dir='ltr'><strong>τοῦ</strong></span> <span class='ocrx_word' id='word_1_668' title='bbox 1452 5333 1713 5405; x_wconf 85' lang='grc' dir='ltr'>σταυροῦ,</span> <span class='ocrx_word' id='word_1_669' title='bbox 1743 5336 1844 5389; x_wconf 82' lang='grc' dir='ltr'>ὅσα</span> 
     </span>
    </p>
   </div>
   <div class='ocr_carea' id='block_1_89' title="bbox 254 5425 1843 5505">
    <p class='ocr_par' dir='ltr' id='par_1_89' title="bbox 254 5425 1843 5505">
     <span class='ocr_line' id='line_1_89' title="bbox 254 5425 1843 5505; baseline -0.006 -17"><span class='ocrx_word' id='word_1_670' title='bbox 254 5436 353 5489; x_wconf 75' lang='grc' dir='ltr'>καὶ</span> <span class='ocrx_word' id='word_1_671' title='bbox 386 5433 548 5505; x_wconf 83' lang='grc' dir='ltr'>βέλος</span> <span class='ocrx_word' id='word_1_672' title='bbox 598 5428 857 5485; x_wconf 71' lang='grc' dir='ltr'>ἐκλεκτὸν</span> <span class='ocrx_word' id='word_1_673' title='bbox 890 5428 1267 5497; x_wconf 77' lang='grc' dir='ltr'>ὲπαφιεμένῳ,</span> <span class='ocrx_word' id='word_1_674' title='bbox 1322 5427 1383 5479; x_wconf 69' lang='grc' dir='ltr'><strong>τ’)</strong></span> <span class='ocrx_word' id='word_1_675' title='bbox 1436 5425 1532 5480; x_wconf 88' lang='grc' dir='ltr'><strong>τοῦ</strong></span> <span class='ocrx_word' id='word_1_676' title='bbox 1587 5427 1843 5496; x_wconf 84' lang='grc' dir='ltr'>δαίμονος</span> 
     </span>
    </p>
   </div>
   <div class='ocr_carea' id='block_1_90' title="bbox 258 5516 1845 5597">
    <p class='ocr_par' dir='ltr' id='par_1_90' title="bbox 258 5516 1845 5597">
     <span class='ocr_line' id='line_1_90' title="bbox 258 5516 1845 5597; baseline -0.007 -16"><span class='ocrx_word' id='word_1_677' title='bbox 258 5525 438 5597; x_wconf 69' lang='grc' dir='ltr'>ἀργὸν</span> <span class='ocrx_word' id='word_1_678' title='bbox 476 5523 662 5593; x_wconf 79' lang='grc' dir='ltr'>ἀφῆκε</span> <span class='ocrx_word' id='word_1_679' title='bbox 727 5518 941 5573; x_wconf 80' lang='grc' dir='ltr'>κεῖσθαι</span> <span class='ocrx_word' id='word_1_680' title='bbox 993 5519 1264 5589; x_wconf 64' lang='grc' dir='ltr'><strong>ὄργανον⁸</strong></span> <span class='ocrx_word' id='word_1_681' title='bbox 1296 5520 1392 5571; x_wconf 75' lang='grc' dir='ltr'><strong>καὶ</strong></span> <span class='ocrx_word' id='word_1_682' title='bbox 1421 5516 1617 5588; x_wconf 78' lang='grc' dir='ltr'>μικρὸν</span> <span class='ocrx_word' id='word_1_683' title='bbox 1656 5517 1845 5571; x_wconf 84' lang='grc' dir='ltr'>τοῦτον</span> 
     </span>
    </p>
   </div>
   <div class='ocr_carea' id='block_1_91' title="bbox 256 5603 1844 5687">
    <p class='ocr_par' dir='ltr' id='par_1_91' title="bbox 256 5603 1844 5687">
     <span class='ocr_line' id='line_1_91' title="bbox 256 5603 1844 5687; baseline -0.008 -17"><span class='ocrx_word' id='word_1_684' title='bbox 256 5618 425 5687; x_wconf 72' lang='grc' dir='ltr'>ῥίψας</span> <span class='ocrx_word' id='word_1_685' title='bbox 452 5610 848 5683; x_wconf 69' lang='grc' dir='ltr'>ὑποδρηστῆρα</span> <span class='ocrx_word' id='word_1_686' title='bbox 873 5608 966 5661; x_wconf 89' lang='grc' dir='ltr'><strong>τοῦ</strong></span> <span class='ocrx_word' id='word_1_687' title='bbox 1013 5606 1190 5661; x_wconf 83' lang='grc' dir='ltr'>δεινοῦ</span> <span class='ocrx_word' id='word_1_688' title='bbox 1230 5603 1556 5668; x_wconf 79' lang='grc' dir='ltr'>παλαιστοῦ,</span> <span class='ocrx_word' id='word_1_689' title='bbox 1597 5605 1695 5659; x_wconf 77' lang='grc' dir='ltr'>καὶ</span> <span class='ocrx_word' id='word_1_690' title='bbox 1752 5605 1844 5658; x_wconf 84' lang='grc' dir='ltr'><strong>τὸν</strong></span> 
     </span>
    </p>
   </div>
   <div class='ocr_carea' id='block_1_92' title="bbox 258 5694 1845 5777">
    <p class='ocr_par' dir='ltr' id='par_1_92' title="bbox 258 5694 1845 5777">
     <span class='ocr_line' id='line_1_92' title="bbox 258 5694 1845 5777; baseline -0.01 -15"><span class='ocrx_word' id='word_1_691' title='bbox 258 5709 439 5777; x_wconf 76' lang='grc' dir='ltr'>μέγαν</span> <span class='ocrx_word' id='word_1_692' title='bbox 473 5707 681 5759; x_wconf 63' lang='grc' dir='ltr'>ἐκεῖνον</span> <span class='ocrx_word' id='word_1_693' title='bbox 704 5699 972 5768; x_wconf 85' lang='grc' dir='ltr'>ἀλείπτην</span> <span class='ocrx_word' id='word_1_694' title='bbox 1001 5700 1060 5750; x_wconf 87' lang='grc' dir='ltr'>ὲν</span> <span class='ocrx_word' id='word_1_695' title='bbox 1089 5695 1269 5765; x_wconf 84' lang='grc' dir='ltr'>ταντῷ</span> <span class='ocrx_word' id='word_1_696' title='bbox 1304 5696 1695 5751; x_wconf 85' lang='grc' dir='ltr'>κατεπάλαισε.</span> <span class='ocrx_word' id='word_1_697' title='bbox 1733 5694 1845 5748; x_wconf 78' lang='grc' dir='ltr'><strong>Καὶ</strong></span> 
     </span>
    </p>
   </div>
   <div class='ocr_carea' id='block_1_93' title="bbox 1931 3115 3495 3191">
    <p class='ocr_par' dir='ltr' id='par_1_93' title="bbox 1931 3115 3495 3191">
     <span class='ocr_line' id='line_1_93' title="bbox 1931 3115 3495 3191; baseline -0.014 -2"><span class='ocrx_word' id='word_1_698' title='bbox 1931 3142 1986 3189; x_wconf 92' lang='lat' dir='ltr'><strong>et</strong></span> <span class='ocrx_word' id='word_1_699' title='bbox 2012 3144 2067 3187; x_wconf 91' lang='lat' dir='ltr'><strong>ut</strong></span> <span class='ocrx_word' id='word_1_700' title='bbox 2088 3143 2199 3186; x_wconf 89' lang='lat' dir='ltr'><strong>tum</strong></span> <span class='ocrx_word' id='word_1_701' title='bbox 2229 3128 2366 3183; x_wconf 80' lang='lat' dir='ltr'><strong>alias</strong></span> <span class='ocrx_word' id='word_1_702' title='bbox 2391 3125 2592 3180; x_wconf 87' lang='lat' dir='ltr'><strong>belluas</strong></span> <span class='ocrx_word' id='word_1_703' title='bbox 2616 3121 2960 3191; x_wconf 86' lang='lat' dir='ltr'><strong>conspiceret</strong></span> <span class='ocrx_word' id='word_1_704' title='bbox 2983 3134 3015 3174; x_wconf 91' lang='lat' dir='ltr'><strong>e</strong></span> <span class='ocrx_word' id='word_1_705' title='bbox 3056 3117 3254 3187; x_wconf 87' lang='lat' dir='ltr'><strong>quibus</strong></span> <span class='ocrx_word' id='word_1_706' title='bbox 3286 3115 3407 3169; x_wconf 70' lang='lat' dir='ltr'><strong>aliae</strong></span> <span class='ocrx_word' id='word_1_707' title='bbox 3441 3116 3495 3167; x_wconf 86' lang='lat' dir='ltr'><strong>in</strong></span> 
     </span>
    </p>
   </div>
   <div class='ocr_carea' id='block_1_94' title="bbox 1930 3211 3505 3282">
    <p class='ocr_par' dir='ltr' id='par_1_94' title="bbox 1930 3211 3505 3282">
     <span class='ocr_line' id='line_1_94' title="bbox 1930 3211 3505 3282; baseline -0.017 0"><span class='ocrx_word' id='word_1_708' title='bbox 1930 3231 2315 3282; x_wconf 78' lang='lat' dir='ltr'><strong>nocumentum</strong></span> <span class='ocrx_word' id='word_1_709' title='bbox 2356 3217 2453 3273; x_wconf 86' lang='lat' dir='ltr'><strong>Dei</strong></span> <span class='ocrx_word' id='word_1_710' title='bbox 2498 3216 2672 3274; x_wconf 86' lang='lat' dir='ltr'><strong>servis</strong></span> <span class='ocrx_word' id='word_1_711' title='bbox 2721 3213 2997 3269; x_wconf 77' lang='lat' dir='ltr'><strong>aﬂ‘erendo</strong></span> <span class='ocrx_word' id='word_1_712' title='bbox 3045 3211 3250 3265; x_wconf 80' lang='lat' dir='ltr'><strong>inertes</strong></span> <span class='ocrx_word' id='word_1_713' title='bbox 3295 3214 3505 3267; x_wconf 82' lang='lat' dir='ltr'><strong>essent,</strong></span> 
     </span>
    </p>
   </div>
   <div class='ocr_carea' id='block_1_95' title="bbox 1931 3297 3505 3379">
    <p class='ocr_par' dir='ltr' id='par_1_95' title="bbox 1931 3297 3505 3379">
     <span class='ocr_line' id='line_1_95' title="bbox 1931 3297 3505 3379; baseline -0.013 -6"><span class='ocrx_word' id='word_1_714' title='bbox 1931 3320 2050 3374; x_wconf 80' lang='lat' dir='ltr'><strong>aliae</strong></span> <span class='ocrx_word' id='word_1_715' title='bbox 2083 3328 2310 3372; x_wconf 63' lang='lat' dir='ltr'><strong>morture</strong></span> <span class='ocrx_word' id='word_1_716' title='bbox 2338 3311 2625 3379; x_wconf 84' lang='lat' dir='ltr'><strong>iacerent;</strong></span> <span class='ocrx_word' id='word_1_717' title='bbox 2683 3317 2794 3361; x_wconf 90' lang='lat' dir='ltr'><strong>tum</strong></span> <span class='ocrx_word' id='word_1_718' title='bbox 2860 3304 2996 3360; x_wconf 88' lang='lat' dir='ltr'><strong>alias</strong></span> <span class='ocrx_word' id='word_1_719' title='bbox 3046 3300 3386 3369; x_wconf 84' lang='lat' dir='ltr'><strong>conspiceret</strong></span> <span class='ocrx_word' id='word_1_720' title='bbox 3436 3297 3505 3353; x_wconf 84' lang='lat' dir='ltr'><strong>ad</strong></span> 
     </span>
    </p>
   </div>
   <div class='ocr_carea' id='block_1_96' title="bbox 1932 3386 3507 3471">
    <p class='ocr_par' dir='ltr' id='par_1_96' title="bbox 1932 3386 3507 3471">
     <span class='ocr_line' id='line_1_96' title="bbox 1932 3386 3507 3471; baseline -0.012 -10"><span class='ocrx_word' id='word_1_721' title='bbox 1932 3419 2096 3461; x_wconf 83' lang='lat' dir='ltr'><strong>onera</strong></span> <span class='ocrx_word' id='word_1_722' title='bbox 2128 3401 2392 3471; x_wconf 85' lang='lat' dir='ltr'><strong>portanda</strong></span> <span class='ocrx_word' id='word_1_723' title='bbox 2425 3406 2601 3462; x_wconf 89' lang='lat' dir='ltr'><strong>natas,</strong></span> <span class='ocrx_word' id='word_1_724' title='bbox 2640 3394 2723 3450; x_wconf 87' lang='lat' dir='ltr'><strong>vel</strong></span> <span class='ocrx_word' id='word_1_725' title='bbox 2782 3407 2903 3462; x_wconf 77' lang='lat' dir='ltr'><strong>quae</strong></span> <span class='ocrx_word' id='word_1_726' title='bbox 2967 3391 3125 3445; x_wconf 87' lang='lat' dir='ltr'><strong>aliter</strong></span> <span class='ocrx_word' id='word_1_727' title='bbox 3177 3389 3292 3443; x_wconf 80' lang='lat' dir='ltr'><strong>fera</strong></span> <span class='ocrx_word' id='word_1_728' title='bbox 3327 3386 3507 3442; x_wconf 82' lang='lat' dir='ltr'><strong>indole</strong></span> 
     </span>
    </p>
   </div>
   <div class='ocr_carea' id='block_1_97' title="bbox 1932 3479 3506 3554">
    <p class='ocr_par' dir='ltr' id='par_1_97' title="bbox 1932 3479 3506 3554">
     <span class='ocr_line' id='line_1_97' title="bbox 1932 3479 3506 3554; baseline -0.015 -2"><span class='ocrx_word' id='word_1_729' title='bbox 1932 3506 2106 3554; x_wconf 75' lang='lat' dir='ltr'><strong>exutze</strong></span> <span class='ocrx_word' id='word_1_730' title='bbox 2151 3502 2487 3549; x_wconf 87' lang='lat' dir='ltr'><strong>curarentur.</strong></span> <span class='ocrx_word' id='word_1_731' title='bbox 2514 3489 2752 3544; x_wconf 80' lang='lat' dir='ltr'><strong>Marsum</strong></span> <span class='ocrx_word' id='word_1_732' title='bbox 2793 3485 2989 3554; x_wconf 76' lang='lat' dir='ltr'><strong>viperae</strong></span> <span class='ocrx_word' id='word_1_733' title='bbox 3035 3495 3225 3553; x_wconf 87' lang='lat' dir='ltr'><strong>passus</strong></span> <span class='ocrx_word' id='word_1_734' title='bbox 3251 3491 3333 3534; x_wconf 91' lang='lat' dir='ltr'><strong>est</strong></span> <span class='ocrx_word' id='word_1_735' title='bbox 3362 3479 3506 3532; x_wconf 82' lang='lat' dir='ltr'><strong>Pau-</strong></span> 
     </span>
    </p>
   </div>
   <div class='ocr_carea' id='block_1_98' title="bbox 1935 3573 3508 3658">
    <p class='ocr_par' dir='ltr' id='par_1_98' title="bbox 1935 3573 3508 3658">
     <span class='ocr_line' id='line_1_98' title="bbox 1935 3573 3508 3658; baseline -0.015 -14"><span class='ocrx_word' id='word_1_736' title='bbox 1935 3591 2040 3649; x_wconf 86' lang='lat' dir='ltr'><strong>lus.</strong></span> <span class='ocrx_word' id='word_1_737' title='bbox 2062 3602 2169 3658; x_wconf 88' lang='lat' dir='ltr'><strong>qua</strong></span> <span class='ocrx_word' id='word_1_738' title='bbox 2196 3585 2418 3652; x_wconf 85' lang='lat' dir='ltr'><strong>reiecta,</strong></span> <span class='ocrx_word' id='word_1_739' title='bbox 2451 3580 2844 3637; x_wconf 83' lang='lat' dir='ltr'><strong>invocationem</strong></span> <span class='ocrx_word' id='word_1_740' title='bbox 2892 3575 2987 3630; x_wconf 87' lang='lat' dir='ltr'><strong>Dei</strong></span> <span class='ocrx_word' id='word_1_741' title='bbox 3047 3573 3508 3628; x_wconf 82' lang='lat' dir='ltr'><strong>medicamentum</strong></span> 
     </span>
    </p>
   </div>
   <div class='ocr_carea' id='block_1_99' title="bbox 1935 3665 3512 3738">
    <p class='ocr_par' dir='ltr' id='par_1_99' title="bbox 1935 3665 3512 3738">
     <span class='ocr_line' id='line_1_99' title="bbox 1935 3665 3512 3738; baseline -0.013 -3"><span class='ocrx_word' id='word_1_742' title='bbox 1935 3678 2185 3736; x_wconf 80' lang='lat' dir='ltr'><strong>adhibuit</strong></span> <span class='ocrx_word' id='word_1_743' title='bbox 2213 3686 2270 3732; x_wconf 91' lang='lat' dir='ltr'><strong>et</strong></span> <span class='ocrx_word' id='word_1_744' title='bbox 2292 3675 2486 3729; x_wconf 85' lang='lat' dir='ltr'><strong>vulnus</strong></span> <span class='ocrx_word' id='word_1_745' title='bbox 2508 3670 2744 3729; x_wconf 77' lang='lat' dir='ltr'><strong>sanavit.</strong></span> <span class='ocrx_word' id='word_1_746' title='bbox 2779 3667 2944 3738; x_wconf 89' lang='lat' dir='ltr'><strong>Igitur</strong></span> <span class='ocrx_word' id='word_1_747' title='bbox 2966 3665 3244 3720; x_wconf 86' lang='lat' dir='ltr'><strong>Demetrio</strong></span> <span class='ocrx_word' id='word_1_748' title='bbox 3265 3677 3367 3715; x_wconf 86' lang='lat' dir='ltr'><strong>non</strong></span> <span class='ocrx_word' id='word_1_749' title='bbox 3392 3670 3512 3716; x_wconf 88' lang='lat' dir='ltr'><strong>erat</strong></span> 
     </span>
    </p>
   </div>
   <div class='ocr_carea' id='block_1_100' title="bbox 1935 3752 3512 3841">
    <p class='ocr_par' dir='ltr' id='par_1_100' title="bbox 1935 3752 3512 3841">
     <span class='ocr_line' id='line_1_100' title="bbox 1935 3752 3512 3841; baseline -0.014 -15"><span class='ocrx_word' id='word_1_750' title='bbox 1935 3770 2159 3841; x_wconf 82' lang='lat' dir='ltr'><strong>periculi</strong></span> <span class='ocrx_word' id='word_1_751' title='bbox 2196 3767 2357 3837; x_wconf 71' lang='lat' dir='ltr'><strong>timor</strong></span> <span class='ocrx_word' id='word_1_752' title='bbox 2393 3781 2409 3820; x_wconf 79' lang='grc' dir='ltr'><strong>ι</strong></span> <span class='ocrx_word' id='word_1_753' title='bbox 2447 3762 2639 3817; x_wconf 88' lang='lat' dir='ltr'><strong>aculeo</strong></span> <span class='ocrx_word' id='word_1_754' title='bbox 2673 3760 2817 3817; x_wconf 85' lang='lat' dir='ltr'><strong>enim</strong></span> <span class='ocrx_word' id='word_1_755' title='bbox 2845 3758 3132 3813; x_wconf 81' lang='lat' dir='ltr'><strong>vulnerato</strong></span> <span class='ocrx_word' id='word_1_756' title='bbox 3162 3753 3389 3820; x_wconf 80' lang='lat' dir='ltr'><strong>contigit</strong></span> <span class='ocrx_word' id='word_1_757' title='bbox 3426 3752 3512 3805; x_wconf 82' lang='lat' dir='ltr'><strong>iu-</strong></span> 
     </span>
    </p>
   </div>
   <div class='ocr_carea' id='block_1_101' title="bbox 1937 3839 3515 3921">
    <p class='ocr_par' dir='ltr' id='par_1_101' title="bbox 1937 3839 3515 3921">
     <span class='ocr_line' id='line_1_101' title="bbox 1937 3839 3515 3921; baseline -0.016 -2"><span class='ocrx_word' id='word_1_758' title='bbox 1937 3864 2207 3919; x_wconf 84' lang='lat' dir='ltr'><strong>columcm</strong></span> <span class='ocrx_word' id='word_1_759' title='bbox 2236 3859 2510 3921; x_wconf 83' lang='lat' dir='ltr'><strong>evadere;</strong></span> <span class='ocrx_word' id='word_1_760' title='bbox 2545 3852 2770 3921; x_wconf 73' lang='lat' dir='ltr'><strong>contigit</strong></span> <span class='ocrx_word' id='word_1_761' title='bbox 2797 3859 2852 3905; x_wconf 91' lang='lat' dir='ltr'><strong>et</strong></span> <span class='ocrx_word' id='word_1_762' title='bbox 2880 3847 3076 3904; x_wconf 82' lang='lat' dir='ltr'><strong>vulnus</strong></span> <span class='ocrx_word' id='word_1_763' title='bbox 3121 3845 3346 3900; x_wconf 91' lang='lat' dir='ltr'><strong>omnino</strong></span> <span class='ocrx_word' id='word_1_764' title='bbox 3377 3839 3515 3896; x_wconf 88' lang='lat' dir='ltr'><strong>cll&#39;n-</strong></span> 
     </span>
    </p>
   </div>
   <div class='ocr_carea' id='block_1_102' title="bbox 1936 3936 3513 4027">
    <p class='ocr_par' dir='ltr' id='par_1_102' title="bbox 1936 3936 3513 4027">
     <span class='ocr_line' id='line_1_102' title="bbox 1936 3936 3513 4027; baseline -0.015 -16"><span class='ocrx_word' id='word_1_765' title='bbox 1936 3971 2083 4027; x_wconf 76' lang='lat' dir='ltr'><strong>gere.</strong></span> <span class='ocrx_word' id='word_1_766' title='bbox 2121 3953 2308 4023; x_wconf 79' lang='lat' dir='ltr'><strong>Maiori</strong></span> <span class='ocrx_word' id='word_1_767' title='bbox 2342 3952 2531 4019; x_wconf 84' lang='lat' dir='ltr'><strong>itaque</strong></span> <span class='ocrx_word' id='word_1_768' title='bbox 2560 3945 2827 4003; x_wconf 86' lang='lat' dir='ltr'><strong>miraculo</strong></span> <span class='ocrx_word' id='word_1_769' title='bbox 2861 3956 2996 3998; x_wconf 87' lang='lat' dir='ltr'><strong>usus</strong></span> <span class='ocrx_word' id='word_1_770' title='bbox 3035 3948 3178 3993; x_wconf 87' lang='lat' dir='ltr'><strong>erat.</strong></span> <span class='ocrx_word' id='word_1_771' title='bbox 3207 3936 3340 3991; x_wconf 81' lang='lat' dir='ltr'><strong>Nam</strong></span> <span class='ocrx_word' id='word_1_772' title='bbox 3367 3936 3513 4004; x_wconf 86' lang='lat' dir='ltr'><strong>quod</strong></span> 
     </span>
    </p>
   </div>
   <div class='ocr_carea' id='block_1_103' title="bbox 1938 4025 3517 4107">
    <p class='ocr_par' dir='ltr' id='par_1_103' title="bbox 1938 4025 3517 4107">
     <span class='ocr_line' id='line_1_103' title="bbox 1938 4025 3517 4107; baseline -0.015 -2"><span class='ocrx_word' id='word_1_773' title='bbox 1938 4025 2217 4105; x_wconf 81' lang='lat' dir='ltr'><strong>sauciatus</strong></span> <span class='ocrx_word' id='word_1_774' title='bbox 2248 4052 2412 4107; x_wconf 82' lang='lat' dir='ltr'><strong>esset,</strong></span> <span class='ocrx_word' id='word_1_775' title='bbox 2477 4037 2713 4095; x_wconf 71' lang='lat' dir='ltr'><strong>daemoni</strong></span> <span class='ocrx_word' id='word_1_776' title='bbox 2769 4033 3142 4102; x_wconf 86' lang='lat' dir='ltr'><strong>diaboliceque</strong></span> <span class='ocrx_word' id='word_1_777' title='bbox 3199 4043 3259 4084; x_wconf 88' lang='lat' dir='ltr'><strong>se</strong></span> <span class='ocrx_word' id='word_1_778' title='bbox 3307 4025 3517 4099; x_wconf 79' lang='lat' dir='ltr'><strong>gerenti</strong></span> 
     </span>
    </p>
   </div>
   <div class='ocr_carea' id='block_1_104' title="bbox 1942 4119 3517 4209">
    <p class='ocr_par' dir='ltr' id='par_1_104' title="bbox 1942 4119 3517 4209">
     <span class='ocr_line' id='line_1_104' title="bbox 1942 4119 3517 4209; baseline -0.013 -16"><span class='ocrx_word' id='word_1_779' title='bbox 1942 4151 2171 4209; x_wconf 84' lang='lat' dir='ltr'><strong>tyranno</strong></span> <span class='ocrx_word' id='word_1_780' title='bbox 2188 4135 2442 4207; x_wconf 83' lang='lat' dir='ltr'><strong>gaudium</strong></span> <span class='ocrx_word' id='word_1_781' title='bbox 2461 4130 2746 4191; x_wconf 69' lang='lat' dir='ltr'><strong>afferebat,</strong></span> <span class='ocrx_word' id='word_1_782' title='bbox 2768 4125 2914 4196; x_wconf 88' lang='lat' dir='ltr'><strong>quod</strong></span> <span class='ocrx_word' id='word_1_783' title='bbox 2933 4138 3063 4179; x_wconf 80' lang='lat' dir='ltr'><strong>vero</strong></span> <span class='ocrx_word' id='word_1_784' title='bbox 3081 4121 3224 4190; x_wconf 86' lang='lat' dir='ltr'><strong>tangi</strong></span> <span class='ocrx_word' id='word_1_785' title='bbox 3241 4136 3344 4177; x_wconf 91' lang='lat' dir='ltr'><strong>non</strong></span> <span class='ocrx_word' id='word_1_786' title='bbox 3367 4119 3517 4173; x_wconf 84' lang='lat' dir='ltr'><strong>sine-</strong></span> 
     </span>
    </p>
   </div>
   <div class='ocr_carea' id='block_1_105' title="bbox 1936 4217 3516 4300">
    <p class='ocr_par' dir='ltr' id='par_1_105' title="bbox 1936 4217 3516 4300">
     <span class='ocr_line' id='line_1_105' title="bbox 1936 4217 3516 4300; baseline -0.013 -12"><span class='ocrx_word' id='word_1_787' title='bbox 1936 4230 2328 4300; x_wconf 85' lang='lat' dir='ltr'><strong>retur—quod</strong></span> <span class='ocrx_word' id='word_1_788' title='bbox 2353 4225 2526 4295; x_wconf 82' lang='lat' dir='ltr'><strong>majus</strong></span> <span class='ocrx_word' id='word_1_789' title='bbox 2554 4222 2858 4294; x_wconf 82' lang='lat' dir='ltr'><strong>prodigium</strong></span> <span class='ocrx_word' id='word_1_790' title='bbox 2872 4217 3359 4275; x_wconf 74' lang='lat' dir='ltr'><strong>erat—maximum</strong></span> <span class='ocrx_word' id='word_1_791' title='bbox 3384 4226 3516 4268; x_wconf 73' lang='lat' dir='ltr'><strong>veno</strong></span> 
     </span>
    </p>
   </div>
   <div class='ocr_carea' id='block_1_106' title="bbox 1941 4305 3518 4396">
    <p class='ocr_par' dir='ltr' id='par_1_106' title="bbox 1941 4305 3518 4396">
     <span class='ocr_line' id='line_1_106' title="bbox 1941 4305 3518 4396; baseline -0.012 -17"><span class='ocrx_word' id='word_1_792' title='bbox 1941 4324 2087 4396; x_wconf 86' lang='lat' dir='ltr'><strong>quod</strong></span> <span class='ocrx_word' id='word_1_793' title='bbox 2105 4330 2388 4377; x_wconf 86' lang='lat' dir='ltr'><strong>necaretur</strong></span> <span class='ocrx_word' id='word_1_794' title='bbox 2404 4317 2662 4373; x_wconf 70' lang='lat' dir='ltr'><strong>daemonis</strong></span> <span class='ocrx_word' id='word_1_795' title='bbox 2675 4314 2949 4369; x_wconf 87' lang='lat' dir='ltr'><strong>alumnus.</strong></span> <span class='ocrx_word' id='word_1_796' title='bbox 2974 4309 3185 4366; x_wconf 86' lang='lat' dir='ltr'><strong>Etenim</strong></span> <span class='ocrx_word' id='word_1_797' title='bbox 3209 4308 3350 4378; x_wconf 89' lang='lat' dir='ltr'><strong>quod</strong></span> <span class='ocrx_word' id='word_1_798' title='bbox 3369 4305 3518 4360; x_wconf 70' lang='lat' dir='ltr'><strong>vit-e-</strong></span> 
     </span>
    </p>
   </div>
   <div class='ocr_carea' id='block_1_107' title="bbox 1944 4395 3517 4484">
    <p class='ocr_par' dir='ltr' id='par_1_107' title="bbox 1944 4395 3517 4484">
     <span class='ocr_line' id='line_1_107' title="bbox 1944 4395 3517 4484; baseline -0.015 -12"><span class='ocrx_word' id='word_1_799' title='bbox 1944 4395 2026 4472; x_wconf 83' lang='lat' dir='ltr'><strong>ret</strong></span> <span class='ocrx_word' id='word_1_800' title='bbox 2051 4410 2346 4484; x_wconf 84' lang='lat' dir='ltr'><strong>quidemad</strong></span> <span class='ocrx_word' id='word_1_801' title='bbox 2369 4417 2661 4479; x_wconf 84' lang='lat' dir='ltr'><strong>martyrem</strong></span> <span class='ocrx_word' id='word_1_802' title='bbox 2697 4419 2804 4461; x_wconf 88' lang='lat' dir='ltr'><strong>non</strong></span> <span class='ocrx_word' id='word_1_803' title='bbox 2840 4402 3280 4473; x_wconf 85' lang='lat' dir='ltr'><strong>appropinquans</strong></span> <span class='ocrx_word' id='word_1_804' title='bbox 3314 4395 3517 4459; x_wconf 86' lang='lat' dir='ltr'><strong>bestia,</strong></span> 
     </span>
    </p>
   </div>
   <div class='ocr_carea' id='block_1_108' title="bbox 1942 4491 3513 4577">
    <p class='ocr_par' dir='ltr' id='par_1_108' title="bbox 1942 4491 3513 4577">
     <span class='ocr_line' id='line_1_108' title="bbox 1942 4491 3513 4577; baseline -0.015 -15"><span class='ocrx_word' id='word_1_805' title='bbox 1942 4521 2197 4577; x_wconf 87' lang='lat' dir='ltr'><strong>maguum</strong></span> <span class='ocrx_word' id='word_1_806' title='bbox 2234 4519 2342 4558; x_wconf 89' lang='lat' dir='ltr'><strong>non</strong></span> <span class='ocrx_word' id='word_1_807' title='bbox 2372 4510 2493 4557; x_wconf 85' lang='lat' dir='ltr'><strong>erat</strong></span> <span class='ocrx_word' id='word_1_808' title='bbox 2528 4495 2886 4567; x_wconf 76' lang='lat' dir='ltr'><strong>prodigium;</strong></span> <span class='ocrx_word' id='word_1_809' title='bbox 2944 4491 3092 4563; x_wconf 89' lang='lat' dir='ltr'><strong>quod</strong></span> <span class='ocrx_word' id='word_1_810' title='bbox 3122 4504 3251 4545; x_wconf 89' lang='lat' dir='ltr'><strong>vero</strong></span> <span class='ocrx_word' id='word_1_811' title='bbox 3295 4497 3513 4541; x_wconf 87' lang='lat' dir='ltr'><strong>mortua</strong></span> 
     </span>
    </p>
   </div>
   <div class='ocr_carea' id='block_1_109' title="bbox 1936 4586 3515 4669">
    <p class='ocr_par' dir='ltr' id='par_1_109' title="bbox 1936 4586 3515 4669">
     <span class='ocr_line' id='line_1_109' title="bbox 1936 4586 3515 4669; baseline -0.013 -16"><span class='ocrx_word' id='word_1_812' title='bbox 1936 4599 2141 4669; x_wconf 81' lang='lat' dir='ltr'><strong>iaceret</strong></span> <span class='ocrx_word' id='word_1_813' title='bbox 2169 4593 2428 4651; x_wconf 69' lang='lat' dir='ltr'><strong>dmmonis</strong></span> <span class='ocrx_word' id='word_1_814' title='bbox 2449 4591 2632 4662; x_wconf 84' lang='lat' dir='ltr'><strong>plena,</strong></span> <span class='ocrx_word' id='word_1_815' title='bbox 2660 4589 2765 4643; x_wconf 87' lang='lat' dir='ltr'><strong>hoc</strong></span> <span class='ocrx_word' id='word_1_816' title='bbox 2784 4598 2918 4642; x_wconf 85' lang='lat' dir='ltr'><strong>sane</strong></span> <span class='ocrx_word' id='word_1_817' title='bbox 2936 4598 3025 4640; x_wconf 86' lang='lat' dir='ltr'><strong>res</strong></span> <span class='ocrx_word' id='word_1_818' title='bbox 3053 4590 3170 4638; x_wconf 89' lang='lat' dir='ltr'><strong>erat</strong></span> <span class='ocrx_word' id='word_1_819' title='bbox 3197 4586 3515 4649; x_wconf 67' lang='lat' dir='ltr'><strong>portentosa</strong></span> 
     </span>
    </p>
   </div>
   <div class='ocr_carea' id='block_1_110' title="bbox 1941 4669 3515 4756">
    <p class='ocr_par' dir='ltr' id='par_1_110' title="bbox 1941 4669 3515 4756">
     <span class='ocr_line' id='line_1_110' title="bbox 1941 4669 3515 4756; baseline -0.02 -10"><span class='ocrx_word' id='word_1_820' title='bbox 1941 4691 2220 4756; x_wconf 87' lang='lat' dir='ltr'><strong>multoque</strong></span> <span class='ocrx_word' id='word_1_821' title='bbox 2246 4686 2497 4754; x_wconf 87' lang='lat' dir='ltr'><strong>amplius.</strong></span> <span class='ocrx_word' id='word_1_822' title='bbox 2547 4680 2665 4736; x_wconf 83' lang='lat' dir='ltr'><strong>Non</strong></span> <span class='ocrx_word' id='word_1_823' title='bbox 2706 4678 2850 4734; x_wconf 86' lang='lat' dir='ltr'><strong>enim</strong></span> <span class='ocrx_word' id='word_1_824' title='bbox 2893 4674 3075 4743; x_wconf 86' lang='lat' dir='ltr'><strong>aliquo</strong></span> <span class='ocrx_word' id='word_1_825' title='bbox 3138 4685 3170 4725; x_wconf 89' lang='lat' dir='ltr'><strong>e</strong></span> <span class='ocrx_word' id='word_1_826' title='bbox 3207 4669 3515 4738; x_wconf 82' lang='lat' dir='ltr'><strong>corporeis,</strong></span> 
     </span>
    </p>
   </div>
   <div class='ocr_carea' id='block_1_111' title="bbox 1943 4760 3518 4851">
    <p class='ocr_par' dir='ltr' id='par_1_111' title="bbox 1943 4760 3518 4851">
     <span class='ocr_line' id='line_1_111' title="bbox 1943 4760 3518 4851; baseline -0.015 -14"><span class='ocrx_word' id='word_1_827' title='bbox 1943 4786 2271 4851; x_wconf 82' lang='lat' dir='ltr'><strong>incorporeo</strong></span> <span class='ocrx_word' id='word_1_828' title='bbox 2298 4783 2625 4846; x_wconf 85' lang='lat' dir='ltr'><strong>procurante</strong></span> <span class='ocrx_word' id='word_1_829' title='bbox 2658 4784 2889 4840; x_wconf 85' lang='lat' dir='ltr'><strong>organo,</strong></span> <span class='ocrx_word' id='word_1_830' title='bbox 2950 4764 3133 4820; x_wconf 90' lang='lat' dir='ltr'><strong>crucis</strong></span> <span class='ocrx_word' id='word_1_831' title='bbox 3187 4777 3285 4830; x_wconf 89' lang='lat' dir='ltr'><strong>per</strong></span> <span class='ocrx_word' id='word_1_832' title='bbox 3319 4760 3518 4827; x_wconf 81' lang='lat' dir='ltr'><strong>digitos</strong></span> 
     </span>
    </p>
   </div>
   <div class='ocr_carea' id='block_1_112' title="bbox 1942 4850 3519 4945">
    <p class='ocr_par' dir='ltr' id='par_1_112' title="bbox 1942 4850 3519 4945">
     <span class='ocr_line' id='line_1_112' title="bbox 1942 4850 3519 4945; baseline -0.018 -13"><span class='ocrx_word' id='word_1_833' title='bbox 1942 4850 2117 4945; x_wconf 74' lang='lat' dir='ltr'><strong>signo</strong></span> <span class='ocrx_word' id='word_1_834' title='bbox 2135 4872 2224 4927; x_wconf 85' lang='lat' dir='ltr'><strong>teli</strong></span> <span class='ocrx_word' id='word_1_835' title='bbox 2249 4869 2405 4925; x_wconf 88' lang='lat' dir='ltr'><strong>electi</strong></span> <span class='ocrx_word' id='word_1_836' title='bbox 2434 4870 2606 4923; x_wconf 84' lang='lat' dir='ltr'><strong>instar</strong></span> <span class='ocrx_word' id='word_1_837' title='bbox 2648 4863 2895 4917; x_wconf 86' lang='lat' dir='ltr'><strong>immisso</strong></span> <span class='ocrx_word' id='word_1_838' title='bbox 2923 4856 3104 4913; x_wconf 81' lang='lat' dir='ltr'><strong>ell&#39;ecit</strong></span> <span class='ocrx_word' id='word_1_839' title='bbox 3132 4864 3191 4907; x_wconf 91' lang='lat' dir='ltr'><strong>ut</strong></span> <span class='ocrx_word' id='word_1_840' title='bbox 3219 4864 3381 4923; x_wconf 89' lang='lat' dir='ltr'><strong>segne</strong></span> <span class='ocrx_word' id='word_1_841' title='bbox 3405 4850 3519 4904; x_wconf 67' lang='lat' dir='ltr'><strong>dre-</strong></span> 
     </span>
    </p>
   </div>
   <div class='ocr_carea' id='block_1_113' title="bbox 1942 4944 3503 5035">
    <p class='ocr_par' dir='ltr' id='par_1_113' title="bbox 1942 4944 3503 5035">
     <span class='ocr_line' id='line_1_113' title="bbox 1942 4944 3503 5035; baseline -0.02 -11"><span class='ocrx_word' id='word_1_842' title='bbox 1942 4944 2120 5023; x_wconf 85' lang='lat' dir='ltr'><strong>monis</strong></span> <span class='ocrx_word' id='word_1_843' title='bbox 2139 4964 2344 5035; x_wconf 78' lang='lat' dir='ltr'><strong>iaceret</strong></span> <span class='ocrx_word' id='word_1_844' title='bbox 2367 4972 2626 5028; x_wconf 80' lang='lat' dir='ltr'><strong>organum</strong></span> <span class='ocrx_word' id='word_1_845' title='bbox 2652 4971 2669 5021; x_wconf 84' lang='lat'><strong>;</strong></span> <span class='ocrx_word' id='word_1_846' title='bbox 2699 4963 2755 5010; x_wconf 87' lang='lat' dir='ltr'><strong>et</strong></span> <span class='ocrx_word' id='word_1_847' title='bbox 2779 4964 3004 5023; x_wconf 88' lang='lat' dir='ltr'><strong>parvum</strong></span> <span class='ocrx_word' id='word_1_848' title='bbox 3022 4945 3281 5003; x_wconf 87' lang='lat' dir='ltr'><strong>terribilis</strong></span> <span class='ocrx_word' id='word_1_849' title='bbox 3311 4944 3503 4997; x_wconf 60' lang='lat' dir='ltr'><strong>adver.</strong></span> 
     </span>
    </p>
   </div>
   <div class='ocr_carea' id='block_1_114' title="bbox 1941 5033 3514 5122">
    <p class='ocr_par' dir='ltr' id='par_1_114' title="bbox 1941 5033 3514 5122">
     <span class='ocr_line' id='line_1_114' title="bbox 1941 5033 3514 5122; baseline -0.018 -8"><span class='ocrx_word' id='word_1_850' title='bbox 1941 5058 2071 5115; x_wconf 84' lang='lat' dir='ltr'><strong>sarii</strong></span> <span class='ocrx_word' id='word_1_851' title='bbox 2096 5033 2308 5111; x_wconf 80' lang='lat' dir='ltr'><strong>servum</strong></span> <span class='ocrx_word' id='word_1_852' title='bbox 2348 5048 2641 5122; x_wconf 82' lang='lat' dir='ltr'><strong>prostravit</strong></span> <span class='ocrx_word' id='word_1_853' title='bbox 2668 5056 2724 5102; x_wconf 88' lang='lat' dir='ltr'><strong>et</strong></span> <span class='ocrx_word' id='word_1_854' title='bbox 2760 5056 3014 5113; x_wconf 86' lang='lat' dir='ltr'><strong>magnum</strong></span> <span class='ocrx_word' id='word_1_855' title='bbox 3048 5041 3103 5094; x_wconf 91' lang='lat' dir='ltr'><strong>in</strong></span> <span class='ocrx_word' id='word_1_856' title='bbox 3134 5038 3323 5095; x_wconf 86' lang='lat' dir='ltr'><strong>eodem</strong></span> <span class='ocrx_word' id='word_1_857' title='bbox 3358 5033 3514 5089; x_wconf 90' lang='lat' dir='ltr'><strong>devi-</strong></span> 
     </span>
    </p>
   </div>
   <div class='ocr_carea' id='block_1_115' title="bbox 1944 5128 3523 5209">
    <p class='ocr_par' dir='ltr' id='par_1_115' title="bbox 1944 5128 3523 5209">
     <span class='ocr_line' id='line_1_115' title="bbox 1944 5128 3523 5209; baseline -0.014 -4"><span class='ocrx_word' id='word_1_858' title='bbox 1944 5152 2019 5208; x_wconf 80' lang='lat' dir='ltr'><strong>cit</strong></span> <span class='ocrx_word' id='word_1_859' title='bbox 2052 5148 2441 5203; x_wconf 86' lang='lat' dir='ltr'><strong>institutorem.</strong></span> <span class='ocrx_word' id='word_1_860' title='bbox 2475 5141 2577 5208; x_wconf 86' lang='lat' dir='ltr'><strong>Qui</strong></span> <span class='ocrx_word' id='word_1_861' title='bbox 2604 5138 2820 5209; x_wconf 88' lang='lat' dir='ltr'><strong>quidem</strong></span> <span class='ocrx_word' id='word_1_862' title='bbox 2880 5132 3238 5189; x_wconf 85' lang='lat' dir='ltr'><strong>insidiabatur</strong></span> <span class='ocrx_word' id='word_1_863' title='bbox 3259 5128 3523 5195; x_wconf 81' lang='lat' dir='ltr'><strong>reptantis</strong></span> 
     </span>
    </p>
   </div>
   <div class='ocr_carea' id='block_1_116' title="bbox 1945 5221 3522 5303">
    <p class='ocr_par' dir='ltr' id='par_1_116' title="bbox 1945 5221 3522 5303">
     <span class='ocr_line' id='line_1_116' title="bbox 1945 5221 3522 5303; baseline -0.017 -6"><span class='ocrx_word' id='word_1_864' title='bbox 1945 5240 2196 5297; x_wconf 85' lang='lat' dir='ltr'><strong>animalis</strong></span> <span class='ocrx_word' id='word_1_865' title='bbox 2223 5240 2457 5303; x_wconf 82' lang='lat' dir='ltr'><strong>impetu,</strong></span> <span class='ocrx_word' id='word_1_866' title='bbox 2486 5235 2622 5288; x_wconf 87' lang='lat' dir='ltr'><strong>adeo</strong></span> <span class='ocrx_word' id='word_1_867' title='bbox 2655 5231 2935 5287; x_wconf 75' lang='lat' dir='ltr'><strong>rtelestem</strong></span> <span class='ocrx_word' id='word_1_868' title='bbox 2967 5225 3211 5281; x_wconf 89' lang='lat' dir='ltr'><strong>animum</strong></span> <span class='ocrx_word' id='word_1_869' title='bbox 3266 5221 3522 5277; x_wconf 86' lang='lat' dir='ltr'><strong>subactu-</strong></span> 
     </span>
    </p>
   </div>
   <div class='ocr_carea' id='block_1_117' title="bbox 1944 5311 3519 5391">
    <p class='ocr_par' dir='ltr' id='par_1_117' title="bbox 1944 5311 3519 5391">
     <span class='ocr_line' id='line_1_117' title="bbox 1944 5311 3519 5391; baseline -0.013 -8"><span class='ocrx_word' id='word_1_870' title='bbox 1944 5343 2040 5384; x_wconf 81' lang='lat' dir='ltr'><strong>rus</strong></span> <span class='ocrx_word' id='word_1_871' title='bbox 2071 5343 2088 5391; x_wconf 85' lang='lat'><strong>;</strong></span> <span class='ocrx_word' id='word_1_872' title='bbox 2115 5324 2345 5381; x_wconf 85' lang='lat' dir='ltr'><strong>insidias</strong></span> <span class='ocrx_word' id='word_1_873' title='bbox 2397 5336 2530 5378; x_wconf 86' lang='lat' dir='ltr'><strong>vero</strong></span> <span class='ocrx_word' id='word_1_874' title='bbox 2572 5317 2835 5377; x_wconf 88' lang='lat' dir='ltr'><strong>irridebat</strong></span> <span class='ocrx_word' id='word_1_875' title='bbox 2869 5316 2980 5377; x_wconf 90' lang='lat' dir='ltr'><strong>ille,</strong></span> <span class='ocrx_word' id='word_1_876' title='bbox 3032 5313 3232 5384; x_wconf 84' lang='lat' dir='ltr'><strong>quippe</strong></span> <span class='ocrx_word' id='word_1_877' title='bbox 3262 5311 3353 5381; x_wconf 86' lang='lat' dir='ltr'><strong>qui</strong></span> <span class='ocrx_word' id='word_1_878' title='bbox 3397 5327 3519 5365; x_wconf 87' lang='lat' dir='ltr'><strong>cum</strong></span> 
     </span>
    </p>
   </div>
   <div class='ocr_carea' id='block_1_118' title="bbox 1949 5406 3518 5473">
    <p class='ocr_par' dir='ltr' id='par_1_118' title="bbox 1949 5406 3518 5473">
     <span class='ocr_line' id='line_1_118' title="bbox 1949 5406 3518 5473; baseline -0.012 0"><span class='ocrx_word' id='word_1_879' title='bbox 1949 5426 2134 5473; x_wconf 85' lang='lat' dir='ltr'><strong>tantus</strong></span> <span class='ocrx_word' id='word_1_880' title='bbox 2162 5417 2458 5471; x_wconf 71' lang='lat' dir='ltr'><strong>aestimetur</strong></span> <span class='ocrx_word' id='word_1_881' title='bbox 2484 5412 2587 5468; x_wconf 87' lang='lat' dir='ltr'><strong>sub</strong></span> <span class='ocrx_word' id='word_1_882' title='bbox 2616 5406 2930 5465; x_wconf 89' lang='lat' dir='ltr'><strong>animalculi</strong></span> <span class='ocrx_word' id='word_1_883' title='bbox 2961 5406 3134 5459; x_wconf 83' lang='lat' dir='ltr'><strong>forma</strong></span> <span class='ocrx_word' id='word_1_884' title='bbox 3177 5412 3437 5472; x_wconf 80' lang='lat' dir='ltr'><strong>appareat</strong></span> <span class='ocrx_word' id='word_1_885' title='bbox 3463 5410 3518 5454; x_wconf 73' lang='lat' dir='ltr'><strong>et</strong></span> 
     </span>
    </p>
   </div>
   <div class='ocr_carea' id='block_1_119' title="bbox 1946 5492 3523 5575">
    <p class='ocr_par' dir='ltr' id='par_1_119' title="bbox 1946 5492 3523 5575">
     <span class='ocr_line' id='line_1_119' title="bbox 1946 5492 3523 5575; baseline -0.014 -9"><span class='ocrx_word' id='word_1_886' title='bbox 1946 5509 2200 5566; x_wconf 80' lang='lat' dir='ltr'><strong>ostendat</strong></span> <span class='ocrx_word' id='word_1_887' title='bbox 2229 5522 2289 5563; x_wconf 86' lang='lat' dir='ltr'><strong>se</strong></span> <span class='ocrx_word' id='word_1_888' title='bbox 2328 5505 2581 5575; x_wconf 82' lang='lat' dir='ltr'><strong>reptilem</strong></span> <span class='ocrx_word' id='word_1_889' title='bbox 2611 5517 2679 5557; x_wconf 81' lang='lat' dir='ltr'><strong>ex</strong></span> <span class='ocrx_word' id='word_1_890' title='bbox 2710 5499 2820 5554; x_wconf 87' lang='lat' dir='ltr'><strong>alto</strong></span> <span class='ocrx_word' id='word_1_891' title='bbox 2853 5494 3142 5559; x_wconf 82' lang='lat' dir='ltr'><strong>decidisse,</strong></span> <span class='ocrx_word' id='word_1_892' title='bbox 3176 5503 3232 5549; x_wconf 89' lang='lat' dir='ltr'><strong>et</strong></span> <span class='ocrx_word' id='word_1_893' title='bbox 3266 5492 3523 5563; x_wconf 73' lang='lat' dir='ltr'><strong>potentia:</strong></span> 
     </span>
    </p>
   </div>
   <div class='ocr_carea' id='block_1_120' title="bbox 1949 5581 3521 5658">
    <p class='ocr_par' dir='ltr' id='par_1_120' title="bbox 1949 5581 3521 5658">
     <span class='ocr_line' id='line_1_120' title="bbox 1949 5581 3521 5658; baseline -0.013 -4"><span class='ocrx_word' id='word_1_894' title='bbox 1949 5602 2211 5656; x_wconf 75' lang='lat' dir='ltr'><strong>vilitatem</strong></span> <span class='ocrx_word' id='word_1_895' title='bbox 2236 5597 2316 5653; x_wconf 88' lang='lat' dir='ltr'><strong>sic</strong></span> <span class='ocrx_word' id='word_1_896' title='bbox 2339 5597 2706 5655; x_wconf 83' lang='lat' dir='ltr'><strong>demonstret,</strong></span> <span class='ocrx_word' id='word_1_897' title='bbox 2749 5602 2804 5645; x_wconf 85' lang='lat' dir='ltr'><strong>et.</strong></span> <span class='ocrx_word' id='word_1_898' title='bbox 2831 5587 2976 5658; x_wconf 87' lang='lat' dir='ltr'><strong>quod</strong></span> <span class='ocrx_word' id='word_1_899' title='bbox 3034 5586 3178 5640; x_wconf 86' lang='lat' dir='ltr'><strong>unde</strong></span> <span class='ocrx_word' id='word_1_900' title='bbox 3221 5582 3395 5637; x_wconf 86' lang='lat' dir='ltr'><strong>servis</strong></span> <span class='ocrx_word' id='word_1_901' title='bbox 3430 5581 3521 5633; x_wconf 78' lang='lat' dir='ltr'><strong>Dei</strong></span> 
     </span>
    </p>
   </div>
   <div class='ocr_carea' id='block_1_121' title="bbox 1948 5672 3522 5759">
    <p class='ocr_par' dir='ltr' id='par_1_121' title="bbox 1948 5672 3522 5759">
     <span class='ocr_line' id='line_1_121' title="bbox 1948 5672 3522 5759; baseline -0.015 -14"><span class='ocrx_word' id='word_1_902' title='bbox 1948 5698 2138 5746; x_wconf 86' lang='lat' dir='ltr'><strong>noceat</strong></span> <span class='ocrx_word' id='word_1_903' title='bbox 2162 5697 2348 5759; x_wconf 86' lang='lat' dir='ltr'><strong>aperte</strong></span> <span class='ocrx_word' id='word_1_904' title='bbox 2373 5695 2449 5753; x_wconf 85' lang='lat' dir='ltr'><strong>et,</strong></span> <span class='ocrx_word' id='word_1_905' title='bbox 2477 5684 2725 5747; x_wconf 84' lang='lat' dir='ltr'><strong>utaiunt,</strong></span> <span class='ocrx_word' id='word_1_906' title='bbox 2761 5679 2814 5735; x_wconf 85' lang='lat' dir='ltr'><strong>in</strong></span> <span class='ocrx_word' id='word_1_907' title='bbox 2839 5678 3029 5735; x_wconf 82' lang='lat' dir='ltr'><strong>faciem</strong></span> <span class='ocrx_word' id='word_1_908' title='bbox 3057 5689 3163 5730; x_wconf 88' lang='lat' dir='ltr'><strong>non</strong></span> <span class='ocrx_word' id='word_1_909' title='bbox 3195 5672 3359 5727; x_wconf 84' lang='lat' dir='ltr'><strong>habet</strong></span> <span class='ocrx_word' id='word_1_910' title='bbox 3387 5684 3522 5733; x_wconf 82' lang='lat' dir='ltr'><strong>quos</strong></span> 
     </span>
    </p>
   </div>
  </div>
