4048 6414
528 255 632 322 199

1277 252 1698 314 EUbTATllll
1739 248 2496 310 TlIESSALONlCENSlS
2519 248 3090 310 METROI‘OLETIE

3662 251 3763 313 200

523 377 731 423 tantum
763 382 986 423 aversos
1012 366 1235 420 viriliter
1262 362 1594 433 aggreditur.
1625 358 2084 426 Quemadmodum

2193 362 2220 412 6
2257 364 2352 428 μὲν
2384 362 2714 430 ἐμηχανᾶτο,
2751 362 2807 412 ἐν
2831 363 3110 429 χαμερπεῖ
3139 357 3261 425 {tiro
3308 359 3650 430 καταρρίψαι
3679 361 3767 412 τὸν

522 461 666 513 enim
693 459 923 530 quisque
947 474 1054 514 non
1087 457 1322 512 alienum
1347 470 1377 508 a
1415 462 1608 508 n..tura
1650 451 1777 505 illud
1813 450 2086 512 observat,

523 551 606 607 sic
635 553 904 624 parvitate
937 565 1167 606 suacum
1187 550 1304 618 ipso
1331 545 1649 601 consocium
1674 541 1876 595 animal
1907 540 2087 594 bellua

522 659 714 714 magna
749 643 850 698 sibi
875 641 1138 698 devinxit.
1169 639 1392 692 Nullum
1444 636 1588 690 enim
1647 631 1865 701 scorpio
1898 647 1964 686 ex
2004 632 2084 684 fa-

521 737 607 790 cie
626 745 682 790 et
708 749 802 789 ore
835 741 1220 788 nocumentum
1243 730 1428 789 mittit.
1451 728 1543 782 sed
1562 737 1804 780 extrema
1826 725 1882 779 in
1915 725 2085 777 cauda

521 826 811 896 sepositum
843 833 1018 894 gestat
1059 835 1343 878 venenum.
1397 818 1462 873 Et
1489 818 1699 873 daemon
1745 824 1928 884 aperta
1967 814 2090 882 qui-

522 921 642 972 dem
674 918 1020 972 consiliorum
1057 925 1104 968 et
1139 922 1195 965 ut
1236 913 1306 966 ita
1339 910 1515 964 dicam
1539 920 1665 964 ante
1685 906 1874 961 oculos
1898 914 1950 959 et
1977 920 2100 973 pro-

517 1009 690 1078 palam
725 1008 1023 1075 eiaculatur
1044 1005 1239 1058 malum
1267 1003 1414 1056 nullo
1441 1001 1598 1055 modo
1615 1014 1724 1068 pra:
1746 1013 1806 1054 se
1836 997 2088 1057 ferentia,

518 1101 631 1153 base
667 1099 955 1167 voluptatis
981 1113 1084 1166 qua
1109 1097 1524 1166 permulcentur
1543 1093 1790 1162 plerique
1813 1100 2089 1158 unguento

517 1191 747 1252 liniens;
780 1200 926 1243 retro
958 1204 1083 1242 vero
1110 1191 1246 1245 etab
1282 1187 1473 1240 ultimo
1517 1184 1811 1254 perniciem
1865 1180 1965 1234 fert
2032 1180 2086 1234 in

517 1281 712 1336 inferni
731 1280 977 1346 decipulo
998 1279 1379 1339 iuvolventem,
1414 1274 1798 1342 simpliciorem
1821 1284 2087 1340 quemque

518 1389 547 1426 a
580 1373 850 1439 principio
883 1372 1162 1436 inducens,
1212 1370 1570 1436 timoremque
1612 1366 1817 1427 celans,
1867 1365 1917 1417 in
1967 1363 2072 1416 line

518 1481 648 1516 vero
675 1464 798 1516 dolo
822 1462 1018 1516 bellico
1042 1463 1215 1516 victor
1243 1460 1309 1512 ad
1343 1458 1750 1520 mactatiouem,
1777 1471 1883 1509 non
1903 1455 2082 1508 lucta-

522 1553 762 1606 tinn‘.bus
818 1553 1048 1606 obversa
1113 1551 1313 1615 fronte,
1375 1548 1469 1602 sed
1522 1557 1580 1602 ut
1631 1545 1832 1601 dixerit
1885 1544 2083 1614 aliquis

519 1645 706 1700 caudae
733 1662 921 1715 opera.

2193 453 2368 516 οὕτως
2397 453 2646 522 οὐράνιον
2668 467 2681 480 ·
2736 455 2764 505 6
2808 452 2865 506 δὲ
2901 452 3170 518 κατεγέλα
3216 450 3316 520 τῆς
3359 453 3632 519 μηχανῆς,
3665 455 3711 504 εἰ
3739 454 3766 504 6

2192 543 2441 606 τοσοῦτος
2492 539 2631 596 εἶναι
2662 543 2834 596 δοκῶν
2882 543 3026 596 οὕτω
3063 544 3360 613 μικροφυεῖ
3406 540 3532 608 ζώῳ
3564 544 3770 610 ἐμφαν-

2191 636 2436 700 τάζεται,
2468 636 2561 688 καὶ
2594 635 2656 688 τὸ
2699 635 2757 701 ἐξ
2789 635 2957 703 ὕψους
2992 637 3323 686 καταπεσεῖν
3347 634 3405 684 ἐν
3441 633 3516 702 τῷ
3545 634 3768 703 ἕρποντι

2190 727 2542 794 διαδείκνυσι,
2576 729 2669 780 καὶ
2702 728 2764 780 τὸ
2801 727 3103 796 μικροφυὲς
3130 727 3186 779 δὲ
3217 725 3362 778 οὕτω
3395 726 3766 796 παρεμφαίνει

2188 819 2286 888 τῆς
2333 819 2641 886 δυνάμεως,
2700 821 2797 872 καὶ
2832 818 2893 872 τὸ
2923 819 2998 888 μὴ
3047 808 3195 889 ’ἔχειν
3230 819 3490 888 βλάπτειν
3521 818 3644 880 τοὺς
3673 816 3768 869 τοῦ

2189 908 2328 962 Θεοῦ
2357 910 2438 973 εἰς
2464 909 2705 979 ἐμφανὲς
2735 913 2830 962 καὶ
2859 911 2886 963 ὃ
2925 927 3054 977 φασι
3085 910 3227 962 κατὰ
3256 909 3456 977 στόμα,
3499 907 3636 962 ἀλλὰ
3658 911 3769 969 τοῖς

2190 1002 2417 1056 ὄπισθεν
2463 1002 2872 1071 ἀνδριζόμενον.
2916 1001 3005 1066 Ὧς
3050 1007 3158 1070 γὰρ
3191 1003 3255 1058 ἄν
3285 1020 3372 1064 τις
3403 1003 3504 1056 ούκ
3533 1001 3638 1066 ἔξω
3670 1000 3768 1052 τοῦ

2191 1093 2506 1164 προσφυοῦς
2541 1095 2634 1146 καὶ
2669 1093 2828 1147 τοῦτο
2859 1096 3300 1164 κατασκέψηται,
3340 1097 3436 1148 καὶ
3470 1096 3544 1158 ὼς
3578 1093 3769 1163 ὁμοιό-

2188 1182 2330 1252 τητά
2358 1201 2478 1236 τινα
2510 1182 2682 1245 σῶζον
2711 1184 2850 1254 πρὸς
2879 1186 3042 1238 αὑτὸν
3081 1189 3110 1239 ὁ
3144 1187 3320 1255 μέγας
3345 1187 3449 1255 θὴρ
3483 1186 3542 1239 τὸ
3569 1202 3774 1254 συγγε·

2189 1273 2281 1337 νές
2322 1272 2480 1326 τοῦτο
2527 1273 2716 1344 θηρίον
2749 1275 3087 1328 ὠκειώσατο.
3147 1276 3420 1344 Σκορπὶος
3478 1293 3538 1328 τε
3564 1278 3674 1344 γὰρ
3706 1276 3771 1328 ὲκ

2187 1364 2294 1417 τῶν
2322 1364 2439 1418 κατ’
2464 1364 2587 1434 δψιν
2620 1367 2713 1418 καὶ
2744 1368 2883 1418 κατὰ
2909 1367 3082 1435 στόμα
3113 1367 3305 1435 βλάϐος
3328 1368 3479 1420 οὐδὲν
3509 1369 3774 1436 προΐσχε-

2186 1473 2298 1523 ται,
2355 1457 2473 1510 ἀλλ’
2510 1457 2667 1526 ἄκρῳ
2728 1459 2807 1526 τῷ
2849 1461 3057 1529 οὐραίῳ
3094 1461 3469 1528 ἐγκαθήμενον
3520 1459 3676 1527 φέρει
3709 1457 3770 1508 τ’)

2190 1547 2510 1617 θανάσιμον.
2545 1550 2654 1602 Kal.
2681 1551 2708 1602 6
2732 1550 2942 1619 δαίμων
2975 1555 3043 1604 τὰ
3075 1552 3173 1619 μὲν
3199 1553 3508 1622 προάγοντα
3531 1550 3639 1602 τῶν
3666 1549 3772 1601 αὐ-

2188 1637 2282 1691 τοῦ
2315 1639 2700 1709 βουλευμάτων
2731 1643 2826 1694 καὶ
2868 1642 2944 1703 ὡς
2984 1645 3158 1695 εἰπεῖν
3191 1645 3297 1712 προ
3327 1640 3629 1709 ὀφθαλμῶν
3669 1645 3770 1696 καὶ

521 1739 755 1809 πρόσθια
785 1739 1174 1809 προϐέϐληται,
1205 1740 1372 1792 κακὸν
1410 1737 1564 1792 οὐδέν
1610 1754 1663 1792 τι
1694 1734 2088 1806 προφαίνοντα,
2111 1731 2279 1802 χρίων
2329 1733 2469 1786 αὐτὰ
2497 1733 2574 1804 τῷ
2602 1735 2883 1804 φαρμάκῳ
2939 1736 3038 1802 τῆς
3089 1734 3306 1803 ἠδονῆς,
3359 1734 3449 1800 ὑφ’
3484 1727 3552 1803 ἦς
3600 1731 3774 1785 κολα-

518 1834 792 1902 κευόμεθα
822 1836 872 1886 οἱ
902 1835 1124 1888 πολλοί·
1160 1835 1228 1888 τὰ
1259 1834 1311 1888 δὲ
1351 1835 1579 1889 κατόπιν
1617 1834 1709 1886 καὶ
1742 1831 1946 1902 ἔσχατα
1971 1828 2190 1898 ὀλέθρια
2216 1828 2394 1899 φέρει,
2439 1829 2535 1882 καὶ
2589 1830 2669 1892 εἰς
2726 1831 3005 1898 πεταυρον
3052 1827 3179 1900 ᾅδου
3243 1829 3577 1896 κατάγοντα,
3628 1828 3776 1880 ὐπα-

519 1929 750 1997 γὸμενος
789 1929 886 1997 μὲν
914 1928 1246 1998 ἐνκαταρχῇ
1278 1927 1369 1980 τὸν
1399 1926 1791 1995 ἁπλούστερον,
1847 1922 1940 1975 καὶ
1997 1921 2355 1987 ἐπικρύπτων
2404 1922 2496 1976 τὸν
2549 1921 2736 1991 φόϐον,
2794 1921 2872 1991 τῷ
2929 1923 2986 1975 δὲ
3035 1923 3368 1976 τελευτῶντι

3447 1925 3544 1977 καὶ
3593 1940 3774 1976 κατα-

521 2020 844 2090 στρατηγῶν
879 2023 958 2083 εἰς
985 2021 1165 2089 φόνον,
1220 2021 1282 2073 οὐ
1306 2023 1428 2082 ταῖς
1481 2020 1792 2089 προμάχοις
1825 2013 2224 2087 ρᾳδιουργίαις,
2259 2015 2397 2079 ἀλλ’,
2422 2019 2498 2079 ὡς
2533 2016 2599 2070 άν
2626 2035 2712 2080 τις
2741 2015 2892 2090 εἴπῃ,
2923 2015 3002 2085 τῷ
3038 2017 3412 2086 ούραγήματι.

590 2116 678 2168 56.
735 2115 858 2169 llaec
900 2115 1127 2170 suﬂiciat
1153 2116 1374 2171 dixisse.
1407 2115 1589 2170 Dolosi
1618 2128 1743 2169 vero
1771 2113 1977 2168 erroris
1995 2125 2082 2164 ar-

2255 2109 2364 2176 λς’.
2398 2113 2506 2167 Καὶ
2537 2113 2696 2168 τοῦτο
2725 2115 2824 2184 μὲν
2853 2113 2996 2167 οὕτω
3029 2112 3346 2182 πεπορίσθω
3380 2115 3536 2183 ἡμῖν.
3567 2113 3676 2168 Τοῦ
3701 2114 3769 2171 δὲ

518 2203 678 2260 tiflcis
693 2205 914 2262 estillud
928 2208 1202 2276 sophisma
1215 2207 1370 2261 vanis
1388 2205 1712 2272 imaginibus
1725 2201 2085 2264 dissimulare,

519 2297 836 2352 insidiarum
865 2313 992 2353 vero
1019 2299 1286 2353 actionem
1317 2299 1629 2368 persuasive
1655 2307 1892 2356 struere,
1923 2301 1979 2347 et
1998 2307 2088 2346 ve-

518 2393 698 2446 ritatis
727 2393 965 2462 speciem
989 2402 1287 2448 ostentare.
1312 2390 1448 2446 Nam
1481 2405 1619 2444 vano
1657 2402 1846 2444 errore
1879 2394 2082 2440 metum

518 2485 685 2547 ciere,
743 2499 845 2536 unn
885 2493 1066 2538 autem
1113 2482 1388 2537 infirmum
1447 2481 1687 2535 animum
1747 2475 2087 2546 stupefacere

518 2575 680 2626 valet.
717 2571 931 2628 Judicat
963 2575 1104 2628 enim
1139 2589 1292 2628 mens
1325 2589 1430 2628 non
1462 2572 1609 2627 inani
1673 2569 1908 2624 ludibrio
1941 2569 2082 2622 veri-

521 2675 688 2719 tatem
720 2667 1033 2719 convenire.
1075 2666 1228 2732 Quod
1254 2679 1380 2718 vero
1408 2663 1564 2734 juxta
1600 2661 1883 2718 veritatem
1925 2659 2086 2714 terri-

517 2758 648 2822 bile,
680 2757 804 2812 licet
838 2760 889 2811 in
926 2771 1088 2826 parva
1127 2772 1183 2812 re
1209 2756 1498 2820 oll'eratur,
1531 2754 1793 2824 majorem
1826 2753 2082 2806 timorem

517 2861 778 2919 provocat
838 2850 978 2917 apud
1033 2864 1278 2904 veraces.
1329 2847 1456 2903 Ideo
1489 2847 1781 2902 draconem
1820 2854 2085 2913 apparere

519 2955 628 2993 non
667 2939 795 2995 fecit
825 2940 1136 2994 illusiouum
1163 2948 1378 3002 auctor,
1401 2937 1582 3007 qualia
1641 2937 1808 2990 multa
1853 2934 1906 2986 in
1951 2932 2085 2986 alios

517 3031 781 3086 incitarit.
811 3029 926 3085 Non
953 3031 1097 3084 enim
1135 3031 1334 3084 malum
1358 3027 1734 3090 vernaculum,
1759 3039 1936 3093 eoque
1964 3024 2083 3092 ipso

515 3123 690 3179 oculis
715 3123 1030 3192 phantasma
1057 3123 1346 3177 videretur.
1377 3119 1487 3176 Nec
1518 3121 1725 3174 leonem
1763 3127 1856 3172 aut
1889 3115 2070 3172 simile

516 3215 716 3272 animal
749 3216 800 3268 in
833 3214 1074 3284 praelium
1107 3215 1255 3268 misit
1280 3213 1390 3282 (ubi
1415 3213 1558 3268 enim
1588 3211 1740 3281 sylva
1809 3222 1930 3279 quae
1983 3209 2082 3262 be-

516 3310 649 3365 stias
670 3317 813 3379 tegat
840 3323 904 3361 ac
930 3308 1147 3375 detegat
1201 3305 1270 3377 i);
1299 3305 1642 3375 scorpionem
1689 3317 1820 3358 vero
1876 3300 2083 3357 animal

517 3402 716 3457 talibus
742 3399 874 3454 locis
889 3409 946 3454 ut
963 3399 1253 3468 plurimum
1279 3399 1510 3463 sopitum
1537 3405 1590 3451 et
1623 3394 1908 3460 nutritum,
1940 3393 2083 3448 unde

515 3508 624 3548 non
681 3491 790 3544 falli
840 3507 900 3546 se
953 3491 1217 3556 credidit,
1267 3489 1360 3544 scd
1423 3488 1572 3556 juxta
1632 3486 1916 3540 veritatem
1973 3497 2086 3538 ma-

516 3585 627 3640 lum
661 3583 936 3637 inducere.
966 3583 1029 3635 At
1059 3583 1103 3636 si
1135 3580 1329 3634 animal
1352 3595 1458 3634 non
1508 3587 1592 3632 est
1633 3591 1908 3646 magnum,
1964 3588 2065 3630 nec

517 3689 619 3744 pro
651 3689 747 3728 sua
771 3683 958 3727 natura
979 3671 1274 3734 terrefaeit,
1297 3669 1391 3724 sed
1448 3667 1602 3722 nobis
1636 3680 1956 3735 persuasum
1988 3680 2097 3719 es--

517 3776 604 3820 set
617 3773 804 3818 contra
822 3771 1067 3816 naturam
1093 3759 1288 3814 illudin
1307 3769 1568 3812 tumorem
1583 3757 1937 3827 degenerare,
1964 3763 2086 3808 tau-

516 3869 681 3923 quam
705 3851 983 3907 immundn
1013 3851 1228 3920 plenum
1254 3848 1468 3918 spiritu,
1500 3856 1556 3901 et
1597 3861 1852 3899 manumn
1899 3847 2072 3899 instar

519 3947 800 4015 longarum
831 3943 1141 4008 intorquere
1169 3938 1424 4008 forcipes.
1448 3937 1590 4007 quod
1617 3937 1810 4005 aliquis
1836 3937 1902 3992 de
1937 3937 2080 3990 alius

519 4032 895 4090 similitudinis
950 4029 1170 4085 animali
1214 4031 1580 4098 excogitaret,
1660 4027 1888 4096 pedibus
1948 4041 2078 4082 vero

519 4128 774 4196 utrinque
805 4139 967 4194 supra
1003 4136 1311 4180 mensuram
1365 4131 1637 4175 arrectum
1685 4129 1741 4174 et
1779 4133 1922 4188 saepe
1969 4135 2088 4172 am-

521 4218 714 4274 bulans
738 4225 793 4272 et
822 4230 1090 4285 pugnans,
1123 4213 1370 4267 aculeum
1396 4227 1525 4267 vero
1563 4211 1786 4265 vibrans
1813 4211 1954 4265 ultra
1972 4225 2088 4266 mo-

519 4312 647 4366 dum
678 4304 1149 4376 longumjaculum
1185 4305 1252 4362 ad
1308 4302 1792 4358 trctnefaciendum
1859 4311 2079 4357 contor-

519 4419 718 4474 quens.
756 4404 820 4456 Et
852 4400 984 4455 illud
1052 4399 1483 4470 promptuarium
1523 4407 1644 4454 erat
1701 4399 1898 4454 veneni
1939 4396 2085 4468 quod

521 4491 911 4550 tltesaurizavit
974 4489 1026 4544 in
1055 4489 1186 4543 lethi
1239 4488 1463 4542 divitias
1503 4487 1700 4550 bellua,
1733 4496 1788 4542 et
1817 4497 2084 4558 quaututn

518 4585 730 4641 daemon
762 4581 1080 4653 propalavit,
1116 4581 1317 4634 malum
1359 4580 1498 4634 malo
1567 4579 1876 4634 cumulans.
1938 4579 2084 4634 Con-

520 4677 700 4734 festim
732 4684 786 4731 et
819 4673 986 4730 colori
1019 4671 1351 4727 horrendum
1383 4671 1658 4741 quoddam
1693 4671 1987 4725 immiscuit
2013 4669 2086 4724 ci-

2183 2203 2282 2272 τῆς
2312 2203 2516 2274 πλάνης
2539 2205 2714 2260 δολίου
2751 2204 2974 2274 εὑρετοῦ
3010 2205 3229 2257 κάκεῖνο
3255 2207 3595 2272 σοφιστικὴν,
3632 2209 3766 2259 ἐπι-

2185 2295 2447 2365 κρύπτειν
2477 2299 2576 2366 μὶν
2601 2297 2662 2353 τὸ
2705 2298 2884 2351 δοκεῖν
2929 2299 3397 2368 φαντασιοκοπεῖν
3417 2340 3432 2362 ,
3466 2297 3675 2351 ἐθέλειν
3705 2299 3771 2352 δὲ

2184 2388 2428 2451 πιθανῶς
2455 2389 2599 2458 ἔχειν
2625 2389 2724 2460 τὴν
2756 2391 2959 2460 σκηνὴν
2993 2392 3092 2460 τῆς
3139 2389 3459 2458 ἐπιϐουλῆς,
3495 2392 3592 2443 καὶ
3617 2409 3772 2461 παρ-

2183 2479 2446 2549 αυγάζειν
2492 2482 2553 2534 τὸ
2597 2482 2820 2553 ἀληθές.
2853 2483 3132 2536 Φαντάσαι
3171 2483 3270 2550 μὲν
3305 2483 3416 2550 γὰρ
3447 2483 3540 2535 τὸν
3570 2483 3769 2550 φόϐον,

2183 2569 2235 2622 εί
2259 2570 2352 2622 καὶ
2381 2570 2552 2639 μέγας
2583 2571 2808 2637 ἐκεῖνος,
2829 2572 2890 2625 ού
2923 2573 3060 2625 πάνυ
3085 2589 3137 2625 τι
3167 2573 3280 2642 ἔχει
3308 2573 3581 2640 ἔκπληξιν
3609 2576 3770 2642 παρά

2183 2678 2247 2730 γε
2284 2661 2362 2730 τῷ
2387 2663 2669 2731 φρονοῦντι
2726 2663 2942 2730 στερεά.
3001 2663 3191 2734 Κρίνει
3235 2663 3344 2732 γὰρ
3392 2665 3423 2731 ἡ
3478 2664 3648 2734 ψυχὴ,
3688 2666 3770 2736 μὴ

2185 2754 2502 2824 συμϐαίνειν
2527 2755 2626 2822 τὴν
2648 2755 2910 2827 ἀλήθειαν
2942 2753 3021 2825 τῷ
3055 2756 3424 2824 φαντάσματι.
3448 2757 3520 2808 Τὸ
3539 2756 3596 2808 δὲ
3631 2758 3774 2824 πρὸς

2183 2847 2445 2918 ἀλήθειαν
2485 2847 2751 2919 φοϐερὸν,
2805 2851 2853 2902 εί
2887 2849 2983 2903 καὶ
3037 2851 3118 2912 εἰς
3157 2849 3354 2920 μικρόν
3375 2865 3429 2902 τι
3459 2849 3767 2920 ἐξαίρεται,

2184 2938 2322 2993 ἀλλὰ
2345 2937 2534 3008 μεῖζον
2570 2939 2632 2992 τὸ
2669 2940 2831 3009 δεῖμα
2871 2939 3261 3010 προϐάλλεται,
3296 2934 3378 3003 οἷς
3413 2939 3474 2993 τὸ
3510 2935 3652 2994 εἶναι
3686 2942 3772 3012 μὴ

2183 3030 2361 3100 πάντη
2387 3030 2660 3099 ψεύδεται.
2707 3032 2799 3085 Διὸ
2822 3032 3092 3102 δράκοντα
3148 3033 3248 3103 μὲν
3278 3033 3338 3086 ού
3373 3035 3694 3104 παρέφηνεν
3731 3038 3766 3089 ὁ

2181 3123 2292 3176 τῶν
2325 3124 2639 3192 φαντασιῶν
2687 3125 2959 3195 τεχνίτης,
2991 3127 3152 3180 ὁποία
3186 3128 3280 3180 καὶ⁵
3325 3126 3558 3181 τοιαῦτα
3587 3128 3772 3182 πολλὰ

2184 3217 2243 3269 ἐν
2263 3215 2443 3279 ἄλλοις
2487 3217 2844 3287 ἐχορήγησεν.
2867 3218 2942 3270 Οὔ
2974 3218 3083 3288 γὰρ
3115 3218 3182 3272 ἂν
3211 3217 3360 3282 ἔδοξε
3388 3218 3449 3272 τδ
3481 3220 3648 3273 κακὸν
3677 3219 3771 3273 ἑν-

2183 3325 2370 3370 τοπον,
2401 3308 2516 3361 ἀλλ’
2550 3308 2775 3362 αὐτόθεν
2822 3309 3193 3377 φαντασιῶδες
3241 3309 3506 3382 ἠλέγχετο
3556 3311 3617 3364 τὸ
3661 3312 3772 3379 τῆς

2186 3398 2382 3468 ὂψεως.
2433 3399 2567 3452 Οὐδὲ
2609 3400 2714 3471 μὴν
2759 3400 2972 3466 λέοντα,
3003 3401 3038 3471 ἦ
3082 3420 3134 3454 τι
3167 3401 3430 3466 τοιοῦτον,
3476 3403 3771 3470 ἐπαφῆκεν

2186 3491 2265 3552 εἰς
2287 3490 2518 3558 πόλεμον
2543 3491 2667 3559 (ποῦ
2697 3491 2805 3560 γὰρ
2837 3492 2949 3544 ἐκεῖ
2973 3493 3171 3563 λόχμη,
3197 3492 3267 3544 τὰ
3292 3493 3473 3545 τοιάδε
3499 3494 3593 3546 καὶ
3618 3493 3766 3562 κρύ-

2184 3599 2394 3636 πτουσα
2424 3585 2514 3635 καὶ
2563 3583 2892 3651 ἐκφαίνουσα
2919 3584 2956 3651 ;)
3005 3585 3267 3655 σκορπίον
3295 3585 3374 3647 δὲ,
3411 3585 3581 3638 κακὸν
3602 3585 3767 3637 αὐθι-

2183 3675 2358 3744 γενὲς,
2389 3677 2480 3729 καὶ
2505 3676 2768 3736 τοιούτοις
2794 3677 2868 3740 ὡς
2900 3677 2968 3730 τὰ
3006 3677 3177 3730 πολλὰ
3204 3679 3389 3740 τόποις
3421 3678 3772 3747 ἐγκαταδαρ-

2184 3767 2343 3820 θάνον
2371 3767 2466 3820 καὶ
2492 3769 2915 3837 ἐκτρεφόμενον,
2949 3769 3072 3822 ὅθεν
3094 3769 3216 3822 ούδέ
3248 3769 3548 3838 φαντάζειν
3575 3769 3762 3822 δοκεῖν

2183 3859 2454 3926 ἐνόμισεν,
2485 3857 2598 3912 ἀλλ’
2628 3857 2977 3926 ἐξεπεξάγειν
3007 3859 3068 3912 τὸ
3095 3860 3268 3913 κακὸν
3297 3860 3434 3930 πρὸς
3464 3861 3752 3930 ἀλήθειαν.

2183 3949 2246 4002 El
2273 3949 2330 4002 δὲ
2363 3948 2521 4016 φύσει
2543 3948 2600 4002 τὸ
2631 3947 2770 4014 ζῶον
2806 3950 2867 4002 οὐ
2900 3950 3263 4020 μεγαλοφυές,
3299 3950 3422 4004 οὐδὲ
3455 3945 3568 4003 οἷον
3615 3951 3768 4022 ἔχειν

2185 4039 2433 4109 ἐκφοϐεῖν
2456 4039 2546 4093 τὸν
2590 4042 2645 4094 ἐν
2675 4040 2980 4094 καθεστῶτι
3009 4040 3263 4110 μένοντα,
3292 4041 3408 4095 ἀλλ’
3440 4040 3590 4094 ἐστιν
3625 4043 3770 4111 ἡμῖν

2185 4131 2562 4199 φαντάσασθαι
2615 4131 2766 4201 παρὰ
2821 4132 2985 4200 φύσιν
3028 4134 3236 4186 ἐκεῖνον
3288 4132 3616 4200 διεστηκότα
3676 4133 3769 4196 εις

2182 4223 2434 4294 όγκωμα,
2480 4217 2570 4276 οἷα
2599 4224 2690 4276 καὶ
2743 4223 3039 4294 ἀκαθάρτῳ
3089 4225 3412 4294 φυσώμενον
3459 4223 3764 4291 πνεύματι,

2183 4315 2279 4368 καὶ
2306 4315 2494 4384 χεῖρας
2545 4313 2644 4382 μὲν
2677 4313 2868 4384 ὥσπερ
2904 4314 3126 4384 μακρὰς
3159 4314 3609 4385 προϐεϐλημένον
3658 4315 3768 4379 τὰς

2184 4408 2378 4479 χηλάς,
2402 4405 2431 4460 δ
2474 4407 2536 4478 δή
2560 4423 2645 4469 τις
2675 4408 2769 4460 καὶ
2799 4407 2892 4459 ἐπὶ
2916 4407 3111 4476 ἐτέρας
3140 4407 3461 4476 ὁμοιότητος
3510 4405 3652 4468 ζώου
3687 4409 3767 4459 rl-

2192 4501 2312 4556 πεῖν
2341 4500 2652 4566 ἐσοφίσατο,
2683 4501 2796 4561 τοῖς
2821 4499 2878 4552 δὲ
2913 4498 3250 4567 ἑκατέρωθεν
3273 4500 3432 4551 ποσὶν
3462 4497 3768 4566 ἐξηρμένον

2188 4590 2331 4662 πέρα
2357 4589 2450 4644 τοῦ
2493 4589 2743 4660 μετρίου,
2791 4591 2886 4644 καὶ
2918 4590 3097 4644 πυκνὰ
3131 4588 3406 4657 βαίνοντα,
3432 4589 3525 4641 καὶ
3554 4586 3771 4655 ἐναγώ-

2188 4697 2300 4735 νιον
2331 4679 2541 4745 θέοντα,
2581 4680 2790 4748 ὴρκότα
2810 4680 2867 4733 δὲ
2898 4681 2994 4732 καὶ⁵
3027 4681 3086 4733 τδ
3115 4679 3341 4749 κέντρον
3372 4679 3514 4749 ὑπὲρ
3541 4679 3569 4731 ὅ
3602 4679 3770 4746 φύσις

521 4783 718 4824 nereus
751 4768 1012 4836 nigerque
1042 4763 1215 4829 color,
1235 4761 1431 4832 quibus
1454 4763 1580 4816 talia
1610 4761 1866 4816 animalia
1891 4760 2084 4816 distin-

2191 4767 2324 4835 οἶδε,
2351 4769 2447 4826 καὶ
2470 4771 2546 4834 ὡς
2570 4765 2660 4824 οἷά
2684 4789 2804 4824 τινα.
2833 4771 3095 4839 αίγανέαν
3124 4771 3258 4841 πρὸς
3291 4771 3594 4840 ἐκφόϐησιν
3624 4770 3765 4823 ἀνα-

517 4869 772 4931 guuutur,
799 4870 854 4914 et
890 4859 945 4913 in
992 4859 1131 4913 alios
1163 4855 1580 4924 variegabatur;
1634 4862 1694 4908 ut
1741 4863 1798 4908 et.
1853 4853 2084 4908 chamae-

2193 4862 2428 4915 σείοντα.
2461 4862 2570 4915 Καὶ
2605 4857 2674 4931 ἦν
2701 4862 2876 4914 ἐκεῖνο
2919 4864 3146 4930 ταμεῖον
3196 4863 3515 4930 φαρμάκου,
3547 4861 3674 4914 ὅσον
3703 4879 3769 4915 τε

521 4953 720 5009 leoutis
751 4951 922 5006 instar
953 4948 1132 5020 ignavi
1165 4962 1406 5018 praeceps
1452 4953 1660 5010 rueret,
1709 4959 1834 5000 cum
1892 4955 2085 4999 astan-

522 5047 658 5108 tium
697 5052 940 5111 stupore.
975 5041 1050 5094 Ita
1072 5055 1132 5095 se
1161 5054 1248 5095 res
1271 5038 1520 5104 habebat,
1553 5052 1676 5092 cum
1719 5036 1938 5092 athleta:
1970 5049 2088 5090 ma-

522 5151 627 5192 nus
660 5133 1026 5189 venerandum
1061 5131 1323 5186 contorsit
1357 5129 1520 5184 telum
1573 5136 1629 5184 et
1679 5128 1912 5198 amplius
1978 5143 2084 5184 non

522 5233 712 5287 erant;
745 5240 869 5278 nam
893 5223 983 5291 qui
1029 5219 1302 5276 alﬂaverat
1329 5219 1555 5290 aufugit,
1591 5219 1737 5288 quod
1765 5233 1892 5275 vero
1927 5219 2080 5274 afﬂa-

529 5329 639 5372 tum
667 5315 844 5371 fuerat
872 5315 1122 5370 exanime
1148 5313 1384 5380 iacebat.
1411 5311 1476 5367 Et
1505 5313 1809 5367 communis
1861 5311 2079 5382 quidem

527 5410 782 5465 inimicus
808 5423 989 5464 coram
1018 5421 1077 5463 se
1108 5406 1200 5460 teli
1234 5407 1353 5460 loco
1386 5405 1619 5461 bestiam
1659 5407 1932 5460 inventam
1962 5404 2094 5459 insi-

530 5503 744 5572 pienter
777 5498 1031 5568 sumpsit,
1069 5496 1578 5567 fortitudinemque,
1613 5505 1673 5550 ut
1697 5496 1871 5561 aiunt,
1934 5509 2092 5550 suam

529 5593 764 5646 vibrabit
793 5589 1132 5645 deficientem
1155 5591 1206 5642 in
1242 5588 1614 5644 adversarium
1645 5598 1960 5659 martyrem.
1989 5585 2091 5652 Qui

536 5690 716 5738 autem
744 5681 869 5736 hinc
915 5689 968 5734 et
1026 5681 1148 5734 inde
1181 5678 1377 5733 iterum
1412 5688 1575 5748 atque
1631 5677 1825 5733 iterum
1885 5691 2092 5747 organo

2187 4955 2217 5007 6
2249 4952 2352 5024 θὴρ
2376 4952 2730 5023 ὲθησαύριζεν
2754 4953 2832 5016 εἰς
2853 4951 3075 5022 ὀλέθρου
3111 4951 3269 5006 ϐλϐον
3297 4955 3362 5006 ἐκ
3393 4952 3631 5021 φύσεως.
3659 4956 3767 5008 καὶ

2186 5045 2313 5100 ὅσον
2359 5045 2388 5097 6
2425 5043 2632 5113 δαίμων
2663 5045 2973 5112 ἐπωχέτευε
2998 5085 3014 5112 ,
3053 5046 3223 5098 κακον
3249 5044 3405 5112 κακῷ
3435 5061 3770 5116 προσεπιτι-

2191 5136 2324 5199 θείς.
2349 5135 2503 5206 Τάχα
2526 5136 2583 5189 δὲ
2609 5137 2704 5189 καὶ
2734 5138 2812 5203 τῷ
2845 5135 3096 5206 χρώματι
3130 5137 3361 5206 φοϐερόν
3380 5153 3434 5189 τι
3467 5136 3770 5205 ἐπέφριττε

2191 5231 2284 5281 καὶ
2306 5229 2340 5297 ἡ
2367 5229 2461 5282 τοῦ
2487 5227 2689 5299 τεφροῦ
2719 5228 2814 5280 καὶ
2847 5228 3076 5297 μέλανος
3108 5229 3266 5298 χρόα,
3290 5227 3357 5280 δι’
3385 5221 3458 5280 ὧν
3483 5229 3553 5279 τὰ
3585 5227 3772 5280 τοιαῦο

2191 5332 2261 5368 τα
2281 5313 2397 5378 ζῶα
2422 5316 2688 5386 χρώζεται
2713 5335 2727 5349 ·
2753 5317 2850 5370 καὶ
2877 5318 2957 5379 εἱς
2987 5317 3178 5384 ἐτέρας
3202 5315 3584 5386 φαντασιωδῶς
3613 5315 3773 5383 ἐξηλ-

2193 5407 2440 5472 λάττετο,
2470 5407 2555 5460 ἶνα
2580 5409 2674 5460 καὶ
2719 5407 2793 5469 ὡς
2826 5409 2908 5468 εἰς
2953 5409 3400 5478 χαμαιλεόντειον
3429 5407 3653 5472 ἀγεννὲς
3685 5407 3772 5476 ῥί-

2195 5515 2402 5563 πτοιτο,
2427 5493 2507 5560 οἷς
2533 5497 2711 5552 ἐδόκει
2745 5499 2890 5569 μέγα
2919 5516 2971 5551 τι
3004 5501 3197 5553 ποιεῖν.
3225 5495 3406 5553 Ἦσαν
3434 5495 3630 5560 ταῦτα,
3659 5496 3770 5560 ἕως

2197 5589 2232 5658 ὴ
2259 5588 2524 5658 ἀθλητικὴ
2555 5591 2676 5659 χεὶρ
2705 5591 2956 5660 ἐπαφῆκε
2982 5591 3045 5642 τὸ
3085 5589 3414 5661 τιμιώτατον
3445 5588 3597 5658 βέλος
3618 5605 3633 5619 ο
3669 5588 3769 5641 καὶ

2201 5680 2264 5736 τὸ
2315 5680 2501 5734 λοιπὸν
2529 5681 2706 5735 οὐκέτ’
2729 5677 2892 5752 ἦσαν.
2934 5683 3075 5737 Ἀλλ’
3113 5684 3141 5736 6
3175 5683 3273 5751 μὲν
3302 5681 3485 5750 φυσῶν
3538 5679 3765 5748 ἔφευγε,
