4048 6432
293 288 378 354 201
1424 277 1818 343 LAUDA'I‘IO
1861 280 1920 342 S.
1961 270 2369 339 DEMETRH.

3415 277 3524 343 202

291 404 346 456 τὸ
367 401 419 456 δὲ
448 397 813 470 ἐμπνεόμενον
844 394 1045 448 ἄπνουν
1098 390 1300 447 ἔκειτο.
1334 393 1444 444 Καὶ
1477 395 1504 444 6
1541 393 1640 460 μὲν
1668 392 1847 453 κοινὸς

1955 399 2111 444 utens
2143 387 2576 452 accommodato,
2645 387 2801 456 signo
2859 383 3060 450 crucis,
3132 392 3244 440 tum
3302 388 3529 441 bestiam

293 491 525 559 πολέμιος
552 488 709 559 παρά
738 485 906 547 πόδας
940 481 1131 551 ὥσπερ
1157 480 1322 534 ὅπλον
1343 480 1403 532 τὸ
1431 479 1618 549 θηρίον
1640 477 1840 548 εὑρὼν,

292 581 602 642 καθοπλίσας
634 578 780 631 οὕτω
816 577 1121 646 μανιωδῶς,
1171 574 1264 627 τὸν
1293 572 1486 624 ἑαυτοῦ
1529 575 1558 624 ὅ
1588 587 1722 638 φασι
1754 569 1852 622 θυ-

294 673 380 738 μὸν
400 670 736 738 ἀχορήγητον
767 667 1022 736 ἐπαφῆκε
1057 663 1136 735 τῷ
1183 662 1470 731 ἀντιμάχῳ
1489 661 1752 731 μάρτυρι.
1795 658 1852 711 ὐ

1960 491 2234 535 mortuam
2265 481 2478 543 stravit,
2517 489 2627 534 tum
2653 494 2777 534 eum
2810 479 2902 548 qui
2959 479 3028 532 ad
3085 481 3397 534 teri-nudum
3445 480 3530 550 ip-

1957 571 2072 626 sius
2102 572 2340 638 speciem
2375 572 2627 626 induerat
2662 587 2675 623 :
2717 572 2918 640 quippe
2944 570 3036 641 qui
3067 571 3346 626 scenicum
3404 587 3532 640 spe-

1959 674 2138 720 ctrum
2156 673 2347 718 contra
2365 663 2691 733 intrepidum
2712 664 3089 733 trepidationis
3113 665 3530 719 instrumentum

291 767 329 818 δ’
348 763 492 828 αὖθις
525 764 794 834 ἑτέρωθεν
822 762 1039 834 ὀργάνῳ
1073 760 1350 831 προχείρῳ
1375 757 1746 827 χρησάμενος,
1774 753 1847 823 τῷ

1961 755 2239 817 induerat,
2279 756 2436 824 quasi
2469 756 2712 824 lupinum
2774 757 2896 826 quis
2937 756 3020 810 vel
3073 756 3351 824 vulpinam
3409 770 3535 826 spe-

292 855 549 926 σταυρικῷ
573 854 894 923 τυπώματι,
947 855 1008 904 τό
1034 867 1096 904 τε
1127 850 1318 920 θηρίον
1351 847 1563 916 ἀφῆκεν
1591 844 1847 915 ὲρρίφθαι

1959 845 2100 900 ciem
2135 861 2409 914 usurpans
2441 858 2651 902 terrere
2671 847 3002 913 impavidum
3035 849 3219 904 vellet.

290 954 462 1020 νεκρὸν
493 950 590 1003 καὶ
615 948 709 1000 τὸν
749 949 830 1011 εἰς
856 945 1156 1014 ἐκφόϐησιν
1206 943 1338 997 αὐτὸ
1375 941 1764 1010 ὲνδυσάμενον,
1823 939 1882 1002 ὃς
1919 939 2324 1010 μορμολυκείου
2384 941 2544 1010 δίκην
2594 941 2736 995 κατά
2786 942 2882 994 τοῦ
2940 945 3202 1011 ἀτρέστου
3247 944 3523 1018 φόϐητρον

287 1043 428 1095 τοῦτο
460 1042 852 1110 ἐμηχανήσατο
890 1036 1276 1107 περιθέμενος,
1307 1035 1380 1100 ὡς
1416 1037 1466 1088 εί
1515 1032 1612 1088 καλ⁵
1646 1030 1910 1102 λυκέηνῆ
1961 1031 2057 1084 καὶ
2109 1029 2405 1103 ἀλωπεκῆν
2456 1030 2708 1084 ὑπελθών
2749 1049 2834 1094 τις
2893 1034 3148 1101 ἐκφοϐεῖν
3198 1036 3375 1091 ἐθέλει
3441 1042 3534 1094 τὸν

291 1137 684 1204 ακατάπλητον.
2133 1182 2139 1185 .

349 1235 444 1297 λζ’.
486 1232 628 1285 Ἀλλ’
651 1231 681 1284 6
711 1229 811 1300 μὲν
843 1229 1104 1298 σκορπίος
1157 1227 1260 1298 ἤδη
1305 1224 1532 1288 κείσθω,
1586 1223 1682 1276 καὶ
1716 1221 1847 1293 παρ’

2023 1219 2115 1272 37.
2173 1217 2280 1272 Sed
2317 1215 2536 1285 scorpio
2561 1215 2784 1284 quidem
2820 1232 2963 1271 nunc
2987 1218 3171 1286 jaceat
3206 1237 3235 1275 a
3263 1223 3418 1278 nobis
3450 1227 3533 1281 sic

286 1330 403 1396 ἡμῖν
450 1324 595 1378 οὕτω
651 1320 1079 1392 κατεργασθείς.
1123 1318 1321 1388 Ἡμεῖς
1354 1316 1410 1369 δὲ
1452 1316 1561 1368 τῶν
1611 1315 1847 1368 ἐπαίνων

1955 1323 2206 1365 sermone
2241 1315 2526 1362 tractatus.
2559 1304 2677 1360 Jam
2703 1321 2829 1360 vero
2862 1309 2932 1363 ad
2991 1313 3247 1381 martyris
3307 1329 3532 1384 tnagna.

295 1412 435 1477 αὖθις
465 1415 554 1465 ἐπὶ
581 1413 754 1482 βραχὺ
779 1413 875 1476 τῆς
899 1411 1242 1479 μαρτυρικῆς
1265 1407 1524 1476 εὐψυχίας
1543 1403 1847 1474 γενώμεθα.

1955 1402 2085 1456 nimi
2120 1402 2308 1455 laudes
2334 1397 2643 1454 redeamus.
2677 1398 2804 1454 Saxi
2842 1399 3014 1454 instar
3048 1401 3261 1472 signum
3289 1404 3409 1458 telis
3441 1409 3530 1460 ln-

285 1507 430 1564 Λίθος
469 1519 554 1564 τις
587 1497 699 1553 οἷον
727 1499 971 1568 προϐλὴς
1016 1500 1138 1560 ταῖς
1163 1497 1272 1548 τῶν
1312 1496 1556 1564 δοράτων
1590 1494 1847 1565 ἐμϐολαῖς

1955 1509 2251 1550 concussus
2283 1493 2503 1562 iacebat
2552 1500 2782 1561 martyr,
2820 1500 2877 1546 et
2930 1492 2983 1546 in
3043 1493 3148 1548 ﬁde
3183 1509 3308 1566 erga
3362 1497 3526 1550 Deum

282 1592 557 1651 αείνακτος
585 1592 613 1642 6
670 1589 996 1658 στερέμνιος
1035 1585 1244 1656 μάρτυς
1287 1583 1548 1649 ἐξέκειτο,
1611 1583 1707 1636 καὶ
1751 1582 1847 1650 τῆς

1956 1586 2252 1642 immobilis
2283 1584 2504 1638 ablutus
2535 1599 2641 1638 non
2672 1583 2942 1650 ﬂuctibus,
2973 1585 3070 1639 sed
3097 1587 3380 1652 sanguine.
3425 1586 3529 1654 Qui

283 1684 404 1754 πρὸς
433 1683 568 1736 Θεὸν
601 1681 1059 1752 ἀπαρασάλευτος
1115 1680 1376 1743 πίστεως,
1407 1677 1736 1746 κλυζόμενος
1787 1676 1847 1728 οὔ

1957 1677 2300 1732 abundanter
2327 1674 2551 1744 quidem
2586 1676 2900 1742 quatientes
2957 1673 3377 1730 hebetabantur.
3436 1676 3530 1733 llle

282 1777 530 1843 κνὶμασιν,
567 1773 686 1826 ἀλλ’
713 1772 936 1840 αἵμασι.
989 1772 1102 1824 Καὶ
1140 1771 1282 1824 αὐτὰ
1332 1769 1430 1839 μὲν
1463 1769 1645 1821 πυκνὰ
1677 1783 1847 1837 προσ-

1956 1784 2085 1823 vero
2121 1769 2332 1834 integer
2362 1767 2541 1821 stabat
2586 1775 2642 1819 et
2701 1764 3012 1829 incolumis.
3063 1768 3200 1821 unde
3231 1771 3528 1824 acerrimus

279 1866 531 1919 ϐάλλοντα
571 1863 1017 1935 ἀπημϐλύνοντο.
1056 1862 1117 1916 '0
1145 1861 1203 1915 δὲ
1231 1862 1468 1930 ἀκμαῖος
1497 1854 1588 1928 ἦν,
1621 1859 1717 1911 καὶ
1754 1858 1847 1912 οὐκ

1958 1869 2226 1929 pugnator
2259 1869 2449 1912 contra
2476 1871 2720 1912 errorem
2749 1857 2944 1911 evasit.
2976 1856 3318 1926 Supputabat
3358 1860 3530 1915 hostis

279 1955 421 2016 εἰδὼς
451 1955 806 2025 ἀμϐλύτητα,
837 1956 922 2024 ἐφ’
973 1947 1053 2017 οἷς
1081 1952 1276 2006 ἑαυτὸν
1303 1950 1620 2021 τομώτατον
1651 1948 1847 2013 ὀξύνας

1957 1951 2141 2020 plagas
2172 1964 2302 2004 suas
2327 1948 2500 2018 plagis
2532 1947 2808 2018 martyris,
2857 1957 2912 2002 et
2933 1948 3014 2002 sic
3039 1959 3155 2004 erat
3203 1966 3300 2019 per
3358 1961 3528 2006 totum

282 2047 411 2099 κατὰ
441 2047 545 2115 τῆς
577 2046 788 2115 πλάνης
815 2045 1144 2115 ἐστόμωσεν.
1175 2043 1427 2114 Ἑμέτρει
1456 2044 1484 2097 6
1516 2043 1707 2112 ἐχθρὸς
1733 2043 1847 2106 ταῖς

1955 2041 2298 2095 vulneratus.
2329 2038 2396 2094 Et
2428 2040 2482 2094 in
2510 2053 2617 2108 quo
2645 2047 2852 2108 egerat,
2872 2039 3084 2108 patiens
3107 2056 3212 2096 non
3246 2043 3530 2100 tolerabat.

281 2141 354 2200 εἰς
375 2138 467 2191 τὸν
507 2138 768 2207 μάρτυρα
795 2137 1031 2207 πληγαῖς
1057 2135 1156 2199 τὰς
1190 2135 1269 2198 είς
1300 2134 1512 2199 ἑαυτὸν,
1535 2134 1630 2187 καὶ
1655 2131 1722 2205 ἦν
1740 2135 1847 2197 ὅλος

1956 2134 2083 2188 Tela
2116 2135 2169 2189 in
2200 2135 2396 2190 uelum
2423 2133 2649 2202 iaculari
2680 2144 2732 2188 et
2763 2135 2814 2187 in
2836 2134 3089 2204 martyris
3119 2149 3320 2203 corpus
3345 2145 3532 2192 trans-

276 2229 406 2281 οὕτω
436 2230 810 2299 τραυματίας.
844 2231 952 2282 Καὶ
975 2223 1056 2290 οἷς
1081 2230 1234 2300 ἕδρα,
1269 2227 1498 2296 πάσχων
1540 2227 1642 2278 οὐκ
1665 2225 1852 2296 ἔφερε.

275 2322 517 2386 Ἰἰξεύειν
561 2323 762 2375 ταύτὸν
797 2323 936 2374 κατὰ
969 2317 1227 2390 οὐρανοῦ,
1253 2320 1345 2371 καὶ
1373 2316 1677 2383 ἀκοντίζειν
1712 2317 1854 2372 κατὰ

274 2410 359 2462 τοῦ
393 2411 742 2480 μαρτυρικοῦ
777 2410 1053 2478 σώματος,
1103 2409 1178 2470 ὡς
1208 2406 1535 2460 ὑπενδοῦναί
1573 2422 1625 2456 τι
1652 2403 1850 2458 παθεῖν

277 2500 398 2566 πρὸς
423 2500 714 2552 ἀσέϐειαν.
760 2499 818 2551 '0
841 2498 1036 2567 αἵμασι
1067 2497 1270 2567 χαίρων
1310 2495 1434 2565 θὴρ,
1457 2496 1486 2547 6
1517 2494 1842 2562 παμφάγος,

270 2593 362 2642 οὐκ
413 2587 529 2660 εἶχε
597 2595 694 2643 καὶ
748 2592 861 2652 τοῖς
929 2590 1288 2659 μαρτυρικοῖς
1353 2586 1838 2656 ὲπευφραίνεσθαι.

282 2682 484 2734 Ἐκεῖνα
509 2683 619 2752 μὲν
646 2683 757 2752 γὰρ
803 2681 1144 2750 εὐφροσύνην
1175 2679 1324 2748 αὐτῷ
1361 2679 1668 2748 δαιτρεύειν
1699 2675 1844 2746 εἶχον

272 2772 403 2839 τινὰ,
454 2773 678 2836 τούτοις
707 2773 766 2825 δὲ
817 2772 937 2826 ἀλλ’
969 2772 1461 2824 ὲναποπέπνικται.
1521 2771 1632 2822 Καὶ
1666 2768 1841 2838 φλέϐα

274 2864 364 2932 μέν
391 2883 473 2928 τις
521 2865 756 2935 τμηθεὶς
787 2861 1324 2934 καταφορικώτερον,
1375 2861 1408 2930 ἢ
1445 2861 1540 2912 καὶ
1561 2860 1737 2921 ἄλλως
1777 2862 1839 2912 οὗ

273 2959 508 3022 γενναῖον
558 2956 785 3026 τραῦμα
832 2958 1037 3019 παθὼν,
1095 2957 1188 3008 καὶ
1223 2955 1345 3006 ίδὼν
1397 2953 1563 3005 αὐλὸν
1606 2952 1839 3020 αἵματος

1961 2227 2145 2296 ﬁgere,
2174 2227 2328 2295 quasi
2355 2225 2468 2294 pati
2505 2224 2845 2294 aliquantum
2883 2225 3272 2282 intermitteret
3303 2243 3529 2299 propter

1965 2318 2321 2387 impietatem.
2377 2316 2656 2386 Sanguine
2703 2303 2946 2386 gaudens
2993 2317 3172 2372 bellua
3218 2334 3410 2384 vorax,
3462 2320 3568 2376 de’

1960 2408 2218 2478 martyris
2255 2417 2400 2462 sorte
2427 2421 2534 2460 non
2566 2406 2969 2460 delectabatur.
2995 2407 3239 2476 Namque
3271 2408 3357 2461 illa
3391 2421 3525 2478 gau-

1951 2498 2096 2551 dium
2123 2498 2224 2566 ipsi
2255 2498 2538 2552 immolare
2572 2497 2864 2561 habebant,
2893 2500 2957 2550 ab
3004 2498 3089 2552 his
3129 2513 3260 2553 vero
3294 2500 3532 2556 suﬂoca-

1948 2597 2034 2643 tus
2056 2597 2160 2644 est.
2194 2589 2464 2643 Venarum
2503 2589 2719 2657 quidem
2748 2588 3039 2642 sectionem
3055 2590 3254 2655 patitur
3272 2601 3359 2642 aut
3381 2590 3527 2646 aliud

1948 2681 2414 2752 ignobilevulnus,
2439 2682 2556 2734 viso
2587 2668 2813 2735 saliente
2851 2696 3068 2746 cruore,
3106 2682 3158 2735 in
3190 2681 3447 2752 pallorem
3472 2693 3530 2739 et

1957 2776 2305 2829 timiditatem
2370 2774 2698 2842 conjicitur,
2757 2773 2990 2827 naturali
3043 2775 3243 2828 amisso
3306 2774 3524 2828 rubore.

1948 2865 2048 2930 Qui
2089 2880 2218 2918 vero
2278 2865 2494 2932 penitus
2548 2864 2738 2933 spiritu
2789 2863 2938 2916 vitali
2980 2874 3062 2918 est
3097 2865 3360 2929 privatus,
3413 2880 3520 2919 non

1947 2953 2118 3008 Solum
2155 2955 2288 3008 nihil
2337 2954 2568 3024 ignobile
2615 2969 2906 3022 perpessus
2936 2965 3037 3020 est,
3081 2958 3174 3011 sed
3219 2957 3373 3026 quasi
3401 2958 3523 3027 pul-

271 3043 619 3108 ἑκπιδύοντα,
671 3045 750 3105 είς
793 3037 970 3112 ὧχρον
1032 3041 1460 3112 μεταϐάπτεται,
1499 3042 1591 3092 καὶ
1634 3039 1838 3092 δειλίαν

1955 3044 2251 3097 chritudine
2296 3043 2905 3109 erubescens,virilitate
2934 3046 3245 3100 honestatus
3272 3061 3374 3102 εει.

273 3137 480 3205 πάσχει,
516 3137 582 3189 τὸ
618 3135 848 3204 φυσικὸν
871 3135 1144 3196 ἀπολέσας
1172 3133 1378 3202 ἔρεϐος.
1415 3131 1474 3186 '0
1505 3131 1560 3184 δὲ
1596 3131 1717 3184 ὅλον
1752 3133 2142 3204 ἐκκενούμενος
2174 3135 2234 3188 τὺ
2266 3134 2516 3200 ζωτικὸν,
2547 3137 2607 3188 ού
2645 3136 2804 3204 μόνον
2828 3136 2980 3188 οὐδὲν
3007 3137 3244 3208 ἔπασχεν
3270 3139 3524 3210 ἀγεννὲς,

270 3226 507 3280 ἀλλὰκαὶ
538 3227 620 3289 ὡς
645 3227 726 3288 είς
779 3225 972 3288 κάλλος
1017 3224 1338 3295 ὲρεθόμενος
1395 3222 1532 3292 πρὸς
1579 3223 1800 3294 ἀνδρίαν
1834 3224 2122 3280 ἑϐἀπτετο.

338 3339 438 3409 λη’.
478 3339 696 3392 Ἐδόκει
729 3338 826 3390 καὶ
856 3336 930 3399 ὡς
956 3335 1082 3404 ὅρος
1116 3333 1259 3388 εἶναι
1290 3332 1448 3399 Σιὼν,
1481 3334 1577 3386 καὶ
1603 3333 1678 3397 ὡς
1727 3336 1847 3388 πίον

2027 3338 2116 3392 58.
2179 3337 2475 3393 Videbatur
2501 3341 2643 3394 sicut
2673 3356 2825 3395 mons
2867 3339 3019 3408 Sion,
3048 3341 3202 3411 isque
3243 3341 3336 3399 Dei
3364 3358 3521 3401 mons

271 3430 384 3500 ὅρος
410 3431 574 3495 θεοῦ,
609 3428 994 3498 ὑπερηρμένον
1026 3425 1125 3496 μὲν
1150 3425 1261 3478 τῶν
1295 3425 1443 3476 κάτω
1474 3422 1552 3492 τῷ
1577 3425 1846 3477 ἀνατετα-

277 3526 413 3591 μένῳ
445 3523 542 3576 καὶ
575 3519 748 3590 ὀρθίῳ
780 3519 876 3571 καὶ
903 3517 1095 3587 ὑψηλῷ
1134 3516 1228 3570 τοῦ
1259 3517 1627 3585 φρονήματος,
1659 3517 1850 3584 φυτοῖς

274 3615 324 3665 δὲ
353 3613 542 3683 ὥσπερ
581 3613 772 3689 κομῶν
803 3610 1169 3671 παντοδαποῖς
1199 3608 1447 3675 ἀγαθοῖς,
1480 3602 1555 3661 ὧν
1587 3609 1614 3659 ὁ
1641 3607 1853 3676 καρπὸς

276 3706 589 3758 ἀποδέδοται
641 3707 699 3754 ὲν
748 3700 950 3770 καιρῷ,
997 3701 1100 3772 ἥδη
1135 3701 1191 3753 δὲ
1231 3701 1328 3752 καὶ
1367 3702 1486 3762 ταῖς
1518 3699 1850 3769 ὲμφυείσαις

273 3794 509 3864 λόγχαις,
548 3794 720 3846 ὕδατα
743 3792 800 3844 δὲ
830 3790 1007 3855 ζῶντα
1037 3789 1418 3856 ὲξαναϐλύζων
1444 3790 1511 3840 τὰ
1540 3790 1651 3840 τῶν
1682 3787 1850 3857 αἱμά-

272 3903 371 3938 των
395 3887 672 3955 ῥεύματα,
703 3878 784 3946 οἷς
816 3884 912 3936 καὶ
933 3882 1002 3934 τὰ
1038 3881 1186 3952 μύρα
1214 3883 1295 3942 εἰς
1324 3880 1386 3932 τὸ
1418 3880 1571 3932 ἐπιὸν
1588 3879 1852 3949 συνεπέρο

273 3981 486 4046 passu.
543 3977 811 4047 Ἐθεώρει
837 3976 1031 4029 ἑαυτὸν
1063 3974 1161 4026 καὶ
1196 3973 1276 4035 είς
1299 3971 1487 4042 ἄρτον,
1520 3973 1600 4034 είς
1621 3971 1683 4024 δν
1718 3970 1852 4035 ξύλα

275 4071 368 4139 μὲν
396 4071 447 4122 οἱ
480 4069 734 4140 μισόθεοι
777 4064 1054 4132 ἐνέϐαλον,
1109 4061 1192 4127 οἷς
1232 4067 1289 4117 αί
1316 4063 1514 4133 λόγχαι
1545 4061 1853 4130 συγκεκρό-

270 4178 456 4231 τηντοο
503 4161 612 4214 οὐκ
647 4158 896 4228 ἔκρυψαν
923 4158 1002 4221 δὲ,
1035 4157 1110 4219 ὡς
1141 4157 1238 4208 καλ.
1267 4155 1367 4225 τῆς
1404 4153 1498 4206 τοῦ
1545 4152 1684 4206 Θεοῦ
1715 4169 1851 4222 τρα-

272 4255 432 4325 πέζης
463 4255 810 4321 ἀπαγαγεῖν.
863 4250 1060 4327 Ἐρρεέ
1105 4265 1236 4300 ποτε
1274 4246 1557 4315 ποταμοὺς
1598 4243 1853 4296 διδασκα-

269 4347 410 4411 λιῶν,
451 4347 552 4400 καὶ
607 4343 894 4412 παρέσυρε
947 4344 1074 4404 τοὺς
1106 4339 1215 4392 τῶν
1264 4337 1573 4408 αἱρέσεωνο
1622 4334 1850 4404 ἐῤῥευσε

269 4441 358 4491 καὶ
394 4437 686 4508 ποταμοὺς
722 4435 965 4496 ἐκείνους
998 4432 1271 4503 αἱμάτων,
1303 4431 1399 4485 καὶ
1431 4430 1560 4491 τοὺς
1593 4429 1847 4497 δαιμονοο

271 4531 530 4599 φορήτους
573 4525 934 4580 κατέκλυσεν.
961 4523 1077 4591 Ούχ
1107 4520 1250 4573 οὕτω
1288 4520 1465 4588 πέτρα
1506 4516 1848 4585 πολύστομος

269 4619 619 4690 ἐξερεύγεται
644 4616 790 4684 ὕδωρ
819 4614 1284 4682 θαλαμευὸμενον,
1317 4610 1427 4663 οὐδ’
1450 4608 1626 4671 οὕτως
1653 4607 1847 4676 ὑδρορ·

1958 3432 2196 3503 pinguis,
2228 3449 2390 3502 super
2424 3434 2679 3486 inferiora
2715 3435 2956 3489 elevatus
2984 3445 3206 3503 prepter
3237 3439 3522 3507 cogitatiw

1955 3539 2050 3578 nes
2093 3535 2269 3578 rectas
2323 3534 2380 3602 et
2448 3524 2603 3590 altas,
2658 3526 3076 3594 plantationibus
3127 3541 3256 3581 vero
3305 3529 3525 3584 fronde-

1957 3631 2116 3671 scens
2142 3616 2452 3672 omnimode
2482 3617 2661 3677 bonis.
2695 3633 2920 3686 quorum
2949 3617 3156 3674 fructus
3193 3620 3244 3673 in
3283 3629 3526 3688 tempore

1957 3709 2194 3774 ipsorum
2236 3709 2395 3762 datus
2427 3718 2532 3773 est,
2592 3708 2703 3776 jam
2757 3719 2888 3765 tunc
2955 3713 3236 3766 transﬁxis
3294 3713 3522 3776 lanceis,

1957 3798 2113 3866 aquis
2144 3815 2272 3852 vero
2297 3800 2608 3853 viventibus
2634 3801 2940 3855 scaturiens
2971 3817 3068 3870 per
3118 3804 3329 3857 cruoris
3358 3805 3522 3869 rivos,

1951 3901 2006 3943 et
2036 3899 2305 3958 unguenta
2334 3904 2455 3958 quae
2481 3891 2841 3960 undequaque
2869 3891 3217 3947 eﬂluxerunt.
3251 3892 3321 3948 Se
3347 3895 3523 3963 ipsum

1957 3980 2482 4050 mstimabatpanem
2538 3980 2592 4034 in
2632 3996 2792 4051 quem
2846 3982 3135 4037 mittebant
3185 3982 3282 4038 Dei
3339 3986 3524 4041 hostes

1954 4073 2096 4139 ligna
2131 4072 2326 4140 quibus
2358 4073 2786 4127 conﬁciebantur
2814 4073 3054 4142 lanceae;
3096 4090 3200 4128 non
3248 4091 3374 4130 vero
3401 4077 3526 4132 abs-

1954 4161 2349 4228 condiderunt,
2389 4177 2496 4230 quo
2523 4177 2550 4213 a
2599 4161 2695 4216 Del
2727 4173 2909 4218 mensa
2953 4178 3321 4220 amoveretur.
3350 4163 3528 4220 Disci-

1951 4253 2099 4320 plina
2134 4251 2308 4320 prirno
2327 4252 2614 4305 emittebat
2669 4267 2882 4318 amnes,
2915 4269 2977 4308 ac
3009 4269 3106 4308 eos
3132 4256 3225 4323 qui
3279 4256 3332 4308 in
3367 4270 3528 4310 erro.

1956 4342 2105 4396 ribus
2137 4341 2427 4408 degebant,
2456 4345 2714 4402 extraxit;
2737 4343 2988 4396 entisitet
3005 4345 3286 4413 sanguinis
3309 4360 3521 4409 amnes,

1956 4445 2011 4488 et
2041 4448 2068 4485 a
2107 4434 2350 4488 daemone
2374 4442 2659 4503 correptos
2684 4435 2834 4488 lavit.
2873 4432 2990 4489 Non
3015 4436 3098 4490 sic
3153 4446 3304 4504 petra
3339 4440 3524 4493 multis

1953 4525 2079 4577 lissa
2143 4525 2414 4593 aperturis
2465 4523 2729 4576 inclusam
2762 4524 2964 4577 evomit
3024 4539 3244 4591 aquam,
3291 4541 3391 4580 nec
3443 4529 3523 4580 sic

1952 4615 2237 4684 aquagium
2271 4629 2337 4668 ex
2362 4615 2625 4668 industria
2664 4614 2846 4668 multis
2873 4612 3231 4669 foraminibus
3256 4617 3520 4670 munitum

198 4741 219 4783 ._
275 4711 393 4778 ῥόας
422 4713 488 4762 ὲκ
517 4706 779 4779 μηχανῆς
810 4705 1150 4773 πολύτρητος
1182 4699 1518 4766 ἐξακοντίζει
1541 4699 1602 4751 τὸ
1624 4697 1845 4750 ἀναθλι-

1955 4717 2280 4761 t'oarctatattt
2314 4707 2533 4775 conjicit
2565 4722 2784 4775 aquam,
2811 4707 2953 4759 sicut
2975 4706 3228 4773 copiosus
3246 4706 3463 4774 sanguis
3491 4721 3524 4762 e

221 4794 228 4802 ’
273 4804 510 4871 ϐόμενον,
566 4801 648 4862 ὼς
703 4794 842 4867 αἷμα
898 4795 1120 4864 δαψιλὲς
1172 4793 1266 4846 καὶ
1323 4791 1697 4861 πολύκρουνον
1732 4789 1842 4841 τῶν

275 4892 630 4964 μαρτυρικῶν
657 4890 904 4957 λαγόνων
927 4887 1253 4956 ἐξαπέρρεε,
1287 4883 1512 4952 συχναῖς
1553 4881 1698 4932 οὕτω
1721 4878 1845 4946 λόγ-

273 5003 384 5052 χαις
417 4987 560 5054 πρὸς
594 4983 719 5053 βίαν
749 4976 1254 5048 ἁναστομούμενον.
1667 5046 1670 5050 ρ

334 5071 430 5128 λθ’.
474 5074 704 5127 Ἐλύπει
727 5071 819 5123 τὸν
850 5067 1112 5138 τύραννον
1139 5064 1200 5117 τὸ
1229 5065 1325 5117 τοῦ
1357 5062 1560 5116 Λυαίου
1587 5059 1727 5132 αἷμα
1751 5080 1845 5133 xui

276 5163 358 5215 θέν
385 5183 400 5198 ο
424 5167 524 5218 καὶ
570 5161 809 5227 egestam
840 5161 937 5230 μὲν
967 5159 1048 5220 δὶς
1083 5158 1177 5212 ὲπὶ
1208 5156 1270 5209 τὸ
1298 5155 1452 5220 αὐτὸ,
1484 5154 1578 5208 καί
1613 5173 1716 5208 που
1753 5156 1848 5208 καὶ

277 5257 552 5326 ἀγαπητὸν
574 5256 731 5321 ἔλεγε
767 5253 860 5305 καὶ
885 5251 1068 5316 αὐτὸς,
1113 5249 1208 5302 δύο
1255 5248 1376 5310 ἑνὸς
1415 5248 1845 5317 ἀντιπεφάσθαι.

276 5347 342 5400 Τὸ
376 5349 432 5401 δὲ
483 5348 664 5409 ἄλλως
694 5345 976 5410 ἐξέπιπτε.
1023 5341 1128 5394 Δύο
1163 5341 1270 5410 γὰρ
1295 5343 1502 5392 τούτων
1557 5341 1846 5408 κειμένων,

277 5443 589 5509 Δημητρίου
626 5438 722 5491 καὶ
739 5435 1031 5505 Νέστορος,
1057 5433 1261 5502 λεγεὼν
1297 5450 1355 5485 τε
1384 5432 1653 5502 δαιμόνων
1678 5451 1848 5488 κατα-

278 5531 520 5601 ϐέϐλητο,
553 5531 650 5585 καὶ
692 5531 720 5582 6
755 5528 1018 5596 τύραννος
1051 5526 1274 5596 καιρίαν
1307 5525 1557 5596 βέϐλητο,
1591 5527 1763 5580 ταύτὰ
1787 5527 1843 5578 δὲ

279 5624 364 5670 καὶ
383 5623 432 5672 οί
474 5622 610 5689 περὶ
651 5621 850 5677 αὐτοὺς
878 5616 1137 5684 ἔπασχον.
1175 5615 1341 5666 Πλέον
1372 5616 1437 5666 ἂν
1471 5614 1682 5683 βδέλλαι
1728 5618 1848 5666 τινὰ

282 5712 600 5784 λυπήταιεν,
628 5709 953 5781 ὲκμυζῶσαι
987 5710 1046 5760 τὸ
1075 5707 1323 5770 ζωτικὸν,
1362 5707 1506 5776 ἥπερ
1537 5699 1698 5759 αὗται
1729 5707 1844 5772 λόγ-

605 5805 884 5864 Pnaon.
929 5799 1048 5859 Gn.
1099 5795 1431 5859 CXXXVI.

1952 4800 2206 4867 martyris
2267 4799 2529 4853 lateribus
2564 4799 2741 4861 ﬂuxit,
2783 4800 2964 4850 multis
3025 4797 3228 4851 lanceis
3262 4812 3519 4866 prorum-

1952 4905 2106 4959 pens.

2021 5069 2113 5123 '59.
2149 5068 2374 5122 Dolebat
2427 5077 2688 5136 tyrannus
2718 5066 2782 5120 de
2812 5064 2953 5136 Lyaei
2992 5066 3256 5132 sanguine
3307 5063 3520 5132 eﬂ‘uso;

1956 5173 2012 5217 et
2037 5177 2161 5216 eum
2190 5162 2270 5214 bis
2299 5160 2609 5214 vindicabat
2631 5169 2686 5213 et
2715 5159 3110 5228 quodammodo
3129 5168 3340 5226 gratum
3373 5157 3520 5212 dioe-

1956 5255 2067 5320 bat,
2107 5253 2151 5306 si
2181 5255 2286 5307 duo
2319 5267 2416 5322 pro
2445 5268 2550 5306 uno
2577 5251 2989 5316 damnarentur,
3015 5251 3278 5315 sed-aliud
3304 5251 3520 5305 accidit.

1955 5343 2273 5399 Jacentibus
2299 5344 2443 5398 enim
2479 5344 2712 5409 duobus,
2746 5343 3022 5397 Demetrio
3055 5355 3110 5396 et
3171 5340 3421 5406 Nestore,
3468 5349 3528 5396 et

1957 5440 2260 5493 da-monum
2297 5436 2436 5506 legio
2475 5435 2907 5499 disturbabatur,
2951 5443 3009 5487 et
3048 5434 3320 5488 lethaliter
3347 5432 3528 5488 vulne-

1958 5535 2181 5583 rabatur
2226 5543 2492 5600 tyrannus
2525 5528 2826 5596 eademque
2883 5527 3116 5583 comites
3153 5527 3520 5594 patiebantur.

1958 5616 2126 5686 Magis
2159 5617 2322 5670 alicui
2359 5627 2622 5669 nocerent
2671 5617 3035 5685 sanguisuga,
3083 5631 3245 5685 quam
3306 5615 3524 5666 ῃιιιιειω

1960 5714 2184 5774 lanceae,
2246 5711 2500 5780 martyris
2541 5710 2794 5777 sanguini
2840 5711 3186 5762 insultantes.
3248 5705 3528 5760 Doloribua

3130 5792 3167 5848 7
