4048 6432
455 269 569 333 203

1183 261 1607 325 EUSTA'I‘HII
1649 259 2398 324 TIIESSALGNICENSIS
2442 261 3004 322 METROPOLIT£

3616 271 3715 333 2M

457 377 602 432 enim
617 373 795 446 qualis
827 371 1064 428 futuram
1092 373 1483 443 juxta-tirmam
1517 386 1666 440 spem
1714 385 2028 425 remunera-

2133 385 2224 437 χαι
2247 368 2337 420 τὸν
2361 368 2620 438 ἀθλητὴν,
2665 369 2760 421 τοῦ
2791 371 3134 441 μαρτυρικοῦ
3185 376 3716 448 καταναιὸευόμεναι

458 472 658 526 tionem
689 467 1065 522 metiebantur.
1095 466 1198 532 Qui
1229 473 1417 520 contra
1445 465 1792 532 incorporeos
1809 463 2031 531 spiritus

457 559 652 614 fortem
682 573 742 614 se
772 559 947 628 gessit
977 565 1030 611 et
1069 571 1167 625 pro
1196 557 1652 611 immaterialibus
1689 569 1748 609 se
1779 568 2032 609 exercue-

456 662 562 718 rat,
589 651 740 707 carni
773 660 826 704 et
849 650 1102 719 sanguini
1131 664 1354 718 parcere
1386 648 1641 704 nescivit.
1681 647 1858 702 Voluit
1890 662 2032 699 mar-

457 751 542 812 tyr
575 750 750 796 totum
780 740 915 794 adeo
941 739 1145 794 lanceis
1169 739 1374 794 ﬁrmari
1405 753 1624 808 corpus,
1659 747 1718 793 ut
1741 755 1835 808 per
1855 747 2029 791 totum

455 832 935 901 Christistigmata
972 831 1405 900 portaret;quia
1465 845 1592 886 vero
1647 845 1751 884 non
1812 829 2030 895 accidit,

458 930 683 990 propter
722 921 1060 977 Dominicam
1097 922 1461 977 imitationem
1494 923 1562 977 de
1624 923 1862 976 laterum
1889 937 2030 990 pun-

456 1015 732 1069 ctionibus
769 1014 1060 1084 gaudebat,
1101 1021 1433 1084 gratumque
1458 1014 1696 1068 ducebat
1718 1015 1762 1068 si
1795 1014 2033 1083 discipu-

462 1107 547 1161 lus
571 1107 868 1161 secundum
901 1107 1252 1175 magistrum,
1310 1115 1366 1160 et
1408 1107 1706 1161 secundum
1743 1106 2030 1163 Dominum

457 1211 657 1252 servus
689 1196 864 1250 ﬁeret.
908 1194 1156 1250 Gratiam
1177 1209 1236 1249 se
1264 1195 1464 1250 debere
1490 1195 1764 1250 fatebatur
1789 1199 2031 1253 mouenti

454 1287 674 1344 Nestori
715 1298 770 1342 et
808 1289 1148 1358 tyrannicam
1197 1286 1333 1342 iram
1390 1287 1562 1357 magis
1608 1291 1920 1346 incendenti
1978 1299 2033 1346 et

459 1381 689 1434 reditum
724 1375 792 1431 ad
829 1377 993 1431 Deum
1029 1376 1379 1430 acceleranti.
1401 1377 1438 1427 A
1465 1391 1575 1444 quo
1598 1378 1887 1448 magisterii
1905 1394 2035 1449 pre-

457 1476 590 1528 tium
608 1479 766 1542 grato
783 1473 964 1526 anitno
978 1469 1177 1525 lanceis
1194 1467 1518 1523 metiebatur
1535 1470 1736 1537 gratias
1768 1471 2036 1541 :discipli-

455 1578 537 1617 ua:
567 1565 1054 1618 remunerationem
1086 1561 1362 1630 plagarum
1397 1573 1623 1614 numero
1642 1569 1918 1628 acceptam
1946 1575 2034 1615 re-

456 1653 598 1707 tulit.
659 1654 714 1708 Si
772 1669 900 1708 vero
949 1655 1323 1718 moriebatur,
1372 1652 1600 1707 firmiter
1656 1665 2032 1720 perseverans,

2130 459 2385 526 αἵματος.
2431 461 2781 531 Ἀντεμέτρει
2812 463 2922 533 γὰρ
2959 465 3082 527 ταῖς
3105 465 3320 530 ὀδύναις
3355 469 3457 540 τὴν
3495 473 3556 525 ἐν
3587 489 3714 524 στα-

2131 548 2316 618 θεραίς
2344 550 2556 602 ἐλπίσιν
2586 551 2903 604 ἀπόλαυσιν.
2937 550 2998 607 ’0
3019 556 3156 607 κατὰ
3185 557 3513 624 πνευμάτων
3545 560 3716 628 ἀσάρ-

2134 657 2246 693 κων
2287 641 2704 710 ἁνδρισάμενος,
2748 645 2841 695 καὶ
2867 644 2942 706 ὠς
2973 645 3055 708 εἰς
3100 645 3297 700 ἀῦλίαν
3329 651 3713 719 ἐκπονησάμε-

2131 748 2221 794 νος
2255 731 2471 796 ἑαυτὸν,
2504 733 2604 786 οὐκ
2627 729 2740 802 εἶχε
2770 735 2974 804 σαρκὸς
3007 735 3106 788 καὶ
3127 737 3358 807 αἵματος
3405 739 3714 808 φείδεσθαι.

2135 824 2366 878 Ἧθελεν
2412 825 2442 878 6
2492 825 2702 894 μάρτυς
2761 829 2853 880 καὶ
2893 830 2952 881 τὸ
3005 830 3113 882 πᾶν
3150 831 3309 900 σῶμα
3363 834 3716 902 πυκασθῆναι

2132 913 2355 984 λόγχαις
2389 916 2686 982 τοιαύταις,
2732 920 2808 982 ὡς
2836 919 2902 972 ἂν
2927 921 3103 975 διόλου
3137 925 3295 993 φέροι
3335 925 3402 976 τὰ
3453 927 3548 978 τοῦ
3579 928 3717 996 Χρι-

2133 1006 2257 1060 στοῦ
2291 1008 2596 1075 στίγματα*
2647 1009 2729 1060 ὅτι
2781 1009 2838 1062 δὲ
2877 1011 2979 1065 οὐκ
3009 1012 3244 1080 ἐγίνετο,
3290 1015 3474 1086 ἔχαιρε
3510 1018 3590 1088 τῷ
3618 1019 3711 1072 δεο

2134 1099 2374 1170 σποτικῷ
2400 1101 2680 1170 μιμήματι
2732 1106 2844 1164 τοῖς
2882 1105 3021 1158 κατά
3050 1106 3290 1177 πλευρᾶς
3318 1109 3584 1178 νύγμασι,
3611 1115 3710 1164 καὶ

2133 1191 2423 1261 ἀγαπητὸν
2456 1191 2664 1260 ἔλεγεν,
2695 1194 2744 1246 εί
2773 1195 2802 1246 ό
2823 1195 3074 1267 μαθητὴς
3094 1199 3236 1252 κατά
3254 1201 3345 1252 τὸν
3371 1201 3715 1269 διδάσκαλον,

2134 1284 2230 1336 καὶ
2281 1284 2556 1355 όοίκέτης
2587 1287 2730 1338 κατά
2783 1288 2874 1340 τὸν
2918 1290 3184 1357 δεσπότην
3232 1293 3482 1363 γένηται.
3535 1296 3717 1366 Χάριν

2133 1375 2404 1443 ὡμολόγει
2431 1376 2510 1446 τῷ
2558 1380 3048 1449 καταμεμηνυκότι
3081 1382 3336 1454 Νέστορι,
3361 1387 3454 1437 καὶ
3492 1387 3584 1439 τὸν
3617 1405 3719 1440 τυ-

2137 1465 2389 1534 ραννικὸν
2441 1466 2520 1528 είς
2581 1465 2744 1519 πλέον
2774 1467 2947 1535 θυμὸν
2999 1471 3368 1541 ὐπανάψαντι,
3418 1477 3514 1529 καὶ
3542 1478 3718 1547 ταχύ-

2134 1574 2282 1610 ναντι
2330 1555 2425 1624 τὴν
2460 1557 2546 1620 εἰς
2580 1558 2714 1611 Θεὸν
2738 1559 3018 1616 ἀνάλυσιν.
3076 1561 3183 1615 Kal.
3229 1563 3490 1635 δίδακτρα
3539 1567 3724 1620 ταῦτα

2139 1651 2276 1718 πρὸς
2323 1649 2533 1704 ἐκείνου
2588 1649 2776 1704 λαϐεῖν
2837 1653 3276 1723 ἀνθωμολογεῖτο
3324 1656 3526 1710 πολλοῦ
3564 1639 3719 1723 ἀξια.

454 1753 576 1799 erat
597 1747 646 1800 ei
683 1747 948 1801 bonormn
999 1754 1181 1814 caput.
1252 1746 1490 1800 Omnino
1529 1747 1755 1814 Optabat
1811 1758 2028 1799 servum

2146 1738 2306 1807 Ἑμέτ
2319 1756 2400 1810 ρει
2421 1742 2542 1804 ταῖς
2569 1741 2794 1812 λόγχαις
2822 1744 2923 1807 τὰς
2947 1745 3182 1815 χάριτας
3203 1765 3218 1778 ο
3247 1749 3474 1819 ἠρίθμει
3497 1750 3593 1813 τὰς
3618 1755 3721 1822 τῆς

457 1835 693 1904 Lupum,
737 1853 844 1892 non
879 1837 946 1891 de
979 1838 1204 1892 servitio
1271 1839 1323 1890 in
1380 1838 1491 1891 vita
1541 1836 1887 1901 erubescere,
1929 1835 2023 1889 sed

457 1929 654 1984 animae
685 1929 945 1983 salutaria
972 1943 1302 1982 conservare
1332 1926 1577 1981 consilia.
1603 1925 1667 1979 Et
1697 1925 2026 1980 desiderium

454 2020 682 2087 adeptus
706 2029 809 2084 est,
831 2029 888 2077 et
915 2027 1141 2077 secutus
1169 2028 1252 2073 est
1283 2018 1429 2072 sicut
1457 2025 1513 2072 et
1572 2017 1663 2070 ille
1695 2015 2026 2071 iuitiatorem

454 2115 758 2180 Nestorem,
794 2124 854 2170 ut
881 2113 1160 2168 dominum
1195 2125 1410 2175 servus,
1445 2111 1518 2163 ita
1558 2116 1619 2162 ut
1654 2123 1760 2163 non
1795 2109 2030 2163 morien-

453 2216 556 2271 tes,
586 2206 680 2260 sed
707 2205 887 2274 potius
921 2204 972 2258 in
1004 2218 1198 2258 novam
1227 2211 1282 2257 et
1305 2201 1696 2270 setupiternam
1727 2201 1893 2254 vitam
1942 2199 2026 2254 vi-

453 2308 564 2352 tam
596 2296 857 2360 ordinati,
881 2294 1115 2348 invicem
1147 2291 1538 2360 relinquerent,
1570 2294 1665 2348 sed
1696 2293 1748 2346 in
1778 2291 2030 2360 paradiso

457 2403 564 2441 una
589 2387 898 2441 habitantes
925 2384 1204 2456 pulchram
1234 2383 1600 2439 conditionem
1655 2399 1760 2438 non
1810 2397 2032 2452 respue-

461 2490 582 2533 rent
619 2480 756 2532 inter
783 2476 1112 2547 discipulum
1168 2485 1224 2530 et
1256 2475 1596 2543 magistrum,
1651 2478 1793 2528 inter
1847 2474 2020 2529 servi-

457 2571 590 2626 tium
610 2578 664 2624 et
692 2570 1188 2624 dominantem'non
1209 2569 1616 2632 erubescerent;
1639 2568 1746 2620 imo
1779 2574 1838 2620 ut
1857 2566 2032 2619 disce-

456 2659 674 2730 rentqui
698 2667 930 2713 mentem
945 2658 1012 2712 ad
1029 2655 1212 2710 divina
1227 2657 1520 2726 applicant,
1537 2659 1834 2726 sapientem
1856 2657 2031 2710 virum

454 2769 559 2808 non
597 2751 776 2806 socios
811 2749 916 2805 sibi
954 2749 1250 2818 adjungere
1283 2747 1573 2802 dissimiles
1604 2756 1694 2802 aut
1728 2748 1884 2802 aliter
1915 2749 2033 2804 illos

453 2847 520 2899 ad
558 2843 855 2899 amicitiam
881 2841 1122 2896 allicere.
1152 2841 1421 2894 Demetrio
1446 2855 1576 2907 ergo
1621 2841 1672 2893 in
1703 2839 1810 2894 Deo
1863 2841 2028 2894 amici

453 2944 610 2991 erant
639 2945 692 2988 et
715 2935 911 2991 Nestor
956 2942 1011 2987 et
1047 2945 1238 2987 servus
1283 2928 1486 2996 Lupus,
1538 2932 1719 2998 itaque
1769 2931 1908 2986 idem
1968 2931 2035 2986 ad

2131 1827 2429 1899 μαθήσεως
2470 1831 2711 1901 ἀμοιϐὰς
2763 1835 2884 1896 ταῖς
2925 1835 3183 1905 πληγαῖς.
3216 1839 3277 1890 El
3319 1839 3377 1892 δέ
3409 1843 3505 1893 καὶ
3533 1842 3722 1908 θάνοι,

2141 1921 2540 1992 καρτερώτατα
2593 1924 2915 1994 ἐπιμείνας,
2968 1927 3105 1980 ἀλλὰ
3132 1929 3278 1983 τοῦτ’
3305 1926 3374 2002 ἦν
3424 1933 3574 2004 αὐτῷ
3607 1935 3723 1986 τῶν

2129 2012 2356 2080 ἀγαθῶν
2385 2013 2447 2066 τὸ
2473 2014 2793 2084 κεφάλαιον.
2822 2016 3042 2082 Ηῦξατο
3070 2020 3308 2086 πάντως,
3336 2026 3431 2077 καὶ
3458 2025 3552 2077 τὸν
3592 2025 3722 2078 δοῦ-

2129 2104 2224 2158 λον
2253 2105 2471 2160 Λοῦπον
2514 2107 2589 2178 μὴ
2618 2109 2984 2179 καταισχῦναι
3019 2111 3086 2165 τά
3118 2110 3178 2165 ἐν
3207 2114 3308 2184 βίῳ
3342 2115 3723 2186 δουλεύματα,

2128 2195 2266 2250 ἀλλὰ
2296 2197 2539 2251 σωστικά
2564 2198 2748 2269 ψυχῆς
2796 2200 3164 2257 ἀναλαϐέσθαι
3199 2204 3565 2277 βουλεύματα;
3599 2210 3726 2264 Καὶ

2133 2290 2510 2361 συνεπεράνθη
2560 2293 2658 2346 καὶ
2688 2291 3017 2348 ἐνταῦθατά
3062 2295 3164 2366 τῆς
3205 2298 3396 2369 εὐχῆς,
3437 2302 3533 2356 καὶ
3581 2303 3723 2370 ἠκο-

2128 2381 2418 2452 λούθηκεν,
2458 2381 2652 2453 ὥσπερ
2680 2385 2845 2449 αὐτὸς
2899 2387 2979 2456 τῷ
3033 2388 3214 2460 μύστῃ
3266 2391 3526 2460 Νέστορι,
3566 2393 3733 2447 οὕτω

2131 2473 2231 2524 καὶ
2274 2475 2483 2538 ἐκεῖνος
2511 2473 2598 2543 τῷ
2644 2475 2998 2541 δεσπόζοντι·
3052 2480 3128 2542 ὡς
3155 2480 3223 2534 ἂν
3268 2482 3406 2552 μηδέ
3437 2482 3719 2546 θανόντες.

2136 2563 2337 2632 μᾶλλον
2378 2566 2477 2634 μὲν
2503 2561 2598 2619 οὖν
2633 2568 2713 2630 είς
2743 2571 3068 2640 καινοτέραν
3100 2573 3533 2642 μεταταξάμενοι
3567 2575 3724 2644 ζωὴν

2135 2655 2231 2707 καὶ
2274 2655 2606 2726 ἀπέραντον,
2660 2659 2908 2730 ἀλλήλων
2953 2661 3250 2728 λείποιντο,
3290 2665 3409 2718 ἀλλ’
3446 2667 3506 2719 ἐν
3536 2685 3726 2737 παρα-

2134 2743 2314 2799 δείσου
2347 2749 2834 2819 συσκηνωσάμενοι
2862 2749 3014 2819 τόπῳ
3065 2753 3165 2822 τὴν
3202 2754 3376 2822 καλὴν
3410 2755 3598 2826 σχέσιν
3635 2759 3723 2827 μὴ

2135 2839 2591 2909 καταισχύναιεν,
2639 2842 2740 2914 τὴν
2763 2842 2866 2912 τῆς
2903 2845 3206 2913 μαθητείας
3244 2848 3272 2900 6
3300 2847 3729 2917 διδασκόμενος,

2135 2929 2236 2998 τὴν
2257 2929 2360 2999 τῆς
2377 2930 2623 2996 δουλείας
2652 2935 2681 2986 6
2729 2933 3155 3006 δεσποζόμενος·
3212 2939 3306 2991 καὶ
3341 2940 3568 3008 μάθοιεν
3619 2943 3722 2994 καὶ

452 3029 623 3084 Deum
678 3026 1012 3103 curriculum
1061 3029 1440 3093 percurrentes
1487 3022 1724 3076 stadium
1794 3023 2030 3077 victores

2139 3021 2390 3075 ἐντεῦθεν
2437 3023 2486 3075 οἱ
2522 3023 2613 3077 τὸν
2640 3023 2768 3078 νοῦν
2825 3028 2962 3097 πρὸς
2989 3031 3102 3092 τοῖς
3141 3029 3308 3092 θείοις
3355 3031 3592 3100 ἔχοντες,
3626 3033 3721 3085 ὅτι

452 3120 822 3184 absolverunt,
856 3101 1010 3188 cujus
1061 3089 1194 3169 itinis
1230 3115 1338 3167 vita
1420 3113 1473 3167 in
1529 3114 1780 3183 paradiso
1837 3127 2030 3168 conso.

2138 3112 2423 3176 σπουδαῖος
2451 3113 2588 3184 ἀνὴρ
2619 3115 2720 3168 οὒκ
2760 3116 2828 3168 ἂν
2865 3089 2992 3183 τοῦς
3024 3089 3312 3190 ἀνομοίους
3363 3089 3733 3192 πὶροσεταιρίσ

451 3211 619 3264 data.
1745 3214 1756 3218 ‘
2134 3201 2300 3269 ζοιτο,
2340 3203 2374 3273 ἢ
2423 3205 2596 3268 ἄλλως
2625 3205 2750 3275 ἄγοι
2801 3207 2869 3261 ἂν
2910 3210 3046 3279 πρὸς
3087 3211 3381 3266 οἰκείωσιν.
3412 3214 3726 3284 Δημητρίῳ

449 3305 580 3376 γοῦν
610 3303 876 3374 θεοφιλεῖς
926 3297 1066 3373 ἦσαν
1113 3299 1265 3354 καὶὸ
1325 3298 1546 3368 ἑταῖρος
1595 3297 1826 3367 Νέστωρ
1873 3297 1970 3350 καὶ
1999 3295 2243 3363 ὀδοῦλος
2298 3298 2533 3366 Λοῦπος,
2558 3301 2640 3354 διὸ
2699 3304 2795 3356 καὶ
2846 3305 3047 3360 ταυτὸν
3078 3291 3273 3376 ’πέρας
3319 3308 3500 3373 αὐτοῖς
3548 3309 3716 3381 ἐξέϐη

449 3398 544 3452 τοῦ
573 3398 715 3453 κατά
783 3397 916 3452 Θεὸν
979 3396 1208 3466 δρόμου,
1270 3393 1332 3446 τὸ
1387 3392 1605 3446 στάδιον
1659 3393 1956 3461 νικητικῶς
2007 3390 2352 3462 ἐξανύσασιν,
2408 3388 2470 3449 οὔ
2518 3396 2842 3468 κατάντημα
2903 3401 2936 3470 ἡ
2990 3401 3049 3453 ἐν
3107 3404 3418 3473 παραδείσῳ
3467 3405 3717 3475 συμϐίω-

450 3507 556 3553 σις.
637 3511 646 3520 ’

518 3585 618 3640 Διοα
642 3585 700 3640 Si
729 3597 860 3638 vero
887 3582 1150 3654 prodigiis
1175 3581 1501 3653 discipulum
1532 3589 1587 3635 et
1619 3594 1843 3636 servum
1882 3593 2031 3650 pra:-

449 3677 631 3732 stabat
654 3673 884 3738 athleta,
908 3674 1242 3727 abundantia
1265 3675 1317 3726 in
1340 3673 1446 3726 vita
1469 3671 1713 3724 omnium
1743 3669 2032 3734 bonorum,

449 3771 530 3824 sic
559 3776 615 3823 et
643 3776 766 3837 post
799 3765 1123 3835 martyrium
1175 3765 1557 3819 miraculorum
1609 3776 1736 3816 caro
1768 3761 2032 3815 honorata

449 3872 536 3917 est
561 3871 616 3916 et
644 3861 867 3930 sanguis
891 3858 982 3914 cui
1015 3859 1412 3912 incrementum
1445 3865 1568 3926 post
1597 3865 1822 3909 externa
1857 3854 2032 3908 nutri-

453 3963 641 4007 menta
667 3952 880 4006 abunde
907 3951 1091 4004 datum
1128 3953 1234 4010 est,
1266 3961 1491 4016 regnum
1529 3943 1622 3999 Dei
1657 3958 1772 3998 non
1799 3942 2028 3998 haeredi-

453 4048 666 4101 tabunt.
691 4045 831 4099 Caro
860 4051 1040 4097 autem
1071 4039 1332 4109 martyrio
1358 4041 1558 4093 laniata
1583 4049 1803 4108 propter
1831 4039 2024 4104 Deum,

449 4149 504 4192 et
526 4137 747 4206 sanguis
781 4148 936 4204 aqua:
968 4133 1141 4188 instar
1176 4133 1307 4201 ipsis
1364 4146 1428 4186 ex
1470 4132 1688 4186 ossibus
1723 4130 1944 4196 eﬁusus;
1971 4139 2030 4183 ut

450 4243 572 4283 Cum
609 4228 901 4282 Psalmista.
923 4226 1115 4288 dicam,
1150 4227 1264 4294 ipsa
1295 4235 1348 4278 et
1390 4226 1546 4278 beata
1592 4224 1904 4278 haereditate
1929 4237 2029 4291 po-

453 4315 752 4379 tiebantur,
788 4323 842 4369 et
880 4315 1056 4379 nobis,
1090 4313 1242 4382 juxta
1297 4313 1454 4366 Iidem
1489 4315 1630 4375 dico,
1669 4320 1931 4379 quiotquot
1975 4314 2026 4365 in

2211 3586 2290 3648 μ’.
2325 3580 2388 3632 Εἰ
2417 3578 2474 3631 δὲ
2505 3579 2830 3632 πλεονεκτεῖ
2860 3581 2952 3632 τόν
2980 3598 3037 3632 τε
3073 3581 3322 3654 μαθητὴν
3355 3585 3445 3636 τόν
3477 3603 3537 3639 τε
3567 3591 3720 3642 οἰκέ-

2134 3687 2236 3740 την
2262 3673 2374 3735 τοῖς
2407 3670 2715 3738 τεραστίοις
2748 3670 2776 3721 6
2810 3670 3074 3740 ἀθλητὴς,
3113 3673 3306 3740 φθόνος
3357 3677 3416 3728 ἐν
3452 3677 3562 3752 ζωῇ
3598 3682 3716 3734 τῶν

2135 3762 2271 3814 δλων
2308 3761 2534 3828 ἀγαθῶν
2559 3801 2574 3827 ,
2606 3760 2750 3813 οὓτω
2805 3762 2897 3813 καὶ
2925 3763 3034 3814 τῶν
3068 3765 3208 3832 μετά
3241 3768 3548 3836 μαρτυρίαν
3579 3769 3717 3823 θαυ-

2135 3855 2321 3924 μάτων
2345 3853 2582 3922 έχοντος.
2617 3852 2760 3922 Σὰρε
2796 3853 3180 3924 τημελουμένη
3212 3859 3306 3909 καὶ
3337 3853 3479 3923 αἷμα
3504 3862 3716 3930 πληθυ-

2133 3951 2358 4014 νόμενον
2413 3946 2535 4007 ταῖς
2589 3942 2788 4009 ἔξωθεν
2821 3944 3128 4014 διατροφῶν
3177 3949 3463 4019 ἐπιρροαῖς
3512 3952 3613 4005 οὐκ
3639 3953 3710 4007 ἂν

2133 4038 2587 4109 κληρονομήσωσι
2621 4037 2896 4107 βασιλείαν
2924 4038 3082 4093 Θεοῦ.
3137 4039 3283 4110 Σὰρξ
3304 4041 3360 4094 δέ
3387 4041 3527 4114 αῦτη
3561 4063 3708 4116 μαρ-

2131 4129 2332 4200 τυρικὴ
2361 4129 2736 4200 σπαραχθεῖσα
2771 4128 2859 4182 διὰ
2890 4128 3046 4192 Θεὸν,
3091 4130 3186 4184 καὶ
3223 4127 3365 4203 αἷμα
3396 4136 3551 4189 τοῦτο
3577 4137 3720 4190 ὡσεὶ

2135 4220 2279 4292 ὕδωρ
2312 4223 2494 4284 αὐτοῖς
2551 4221 2731 4284 όστοῑς
2786 4221 3094 4290 διεκχυθὲν,
3155 4221 3450 4293 ψαλμικῶς
3509 4229 3710 4293 εἰπεῖν,

2134 4311 2274 4365 αὑτά
2314 4327 2374 4362 τε
2405 4310 2504 4378 τῆς
2537 4311 2879 4381 μακαριστῆς
2939 4312 3304 4382 κληρονομίας
3360 4314 3572 4385 ἔτυχον,
3611 4320 3714 4371 καὶ

452 4416 572 4460 acta
603 4409 859 4476 martyris
894 4407 1075 4460 animo
1101 4406 1482 4465 incumbimus.
1517 4403 1696 4457 simile
1739 4412 2025 4471 procreant

2133 4403 2281 4474 ἡμῖν,
2315 4402 2656 4465 πεποιθότως
2685 4401 2852 4469 λέγω,
2894 4404 3008 4466 τοῖς
3051 4403 3168 4456 ὅσοι
3204 4404 3272 4457 τὰ
3301 4405 3395 4458 τοῦ
3428 4407 3709 4477 μάρτυρος

451 4501 675 4554 bonum.
701 4499 984 4565 Quomodo
1014 4508 1196 4552 autem
1225 4513 1327 4552 non
1358 4497 1589 4549 tardavit
1621 4497 1876 4563 martyris
1905 4509 2032 4546 caro

455 4601 514 4644 ut
547 4601 690 4644 terra
719 4589 918 4644 fertilis
952 4599 1008 4642 ct
1035 4587 1206 4641 electa
1246 4603 1365 4655 qua:
1395 4586 1522 4640 boni
1553 4585 1814 4654 germinis
1845 4599 2030 4636 semen

455 4682 683 4750 accepit,
720 4682 964 4736 sulcante
991 4680 1406 4750 apostolicorum
1428 4677 1869 4732 documentorum
1905 4691 2031 4729 ara-

457 4786 564 4837 tro,
607 4774 949 4827 abundanter
988 4786 1116 4826 vero
1170 4779 1423 4823 manante
1468 4783 1534 4820 ex
1579 4769 1690 4835 ipsa
1734 4772 1932 4821 smlore
1978 4776 2034 4820 et

456 4865 720 4933 sanguine
745 4864 992 4932 irrigata,
1017 4870 1073 4915 et
1103 4861 1188 4914 his
1219 4860 1481 4913 ambobus
1507 4867 1724 4926 propter
1756 4856 1948 4918 Deum,
1978 4865 2033 4908 et

454 4955 821 5026 frequentium
849 4955 1156 5006 lancearum
1188 4950 1539 5004 inlisionibus
1563 4949 1730 5012 culta,
1774 4958 2029 5015 tanquam

455 5059 682 5117 vegetus
725 5055 781 5100 et
830 5043 1230 5097 luxuriantibus
1287 5042 1528 5108 undique
1565 5038 1837 5107 segetibus
1879 5051 2027 5108 ager,

456 5139 730 5208 quomodo
765 5151 874 5193 non
921 5134 1174 5198 tardavit,
1218 5134 1456 5202 inquam,
1488 5132 1722 5186 fructum
1761 5131 1914 5186 nobis
1945 5146 2031 5185 sa-

457 5227 625 5282 lutem
659 5239 866 5281 metere
914 5225 1218 5278 volentibus
1245 5225 1457 5291 all'crre,
1494 5224 1756 5293 siquidem
1797 5234 1850 5276 et
1882 5223 2032 5278 chla-

459 5333 580 5390 mys
605 5333 769 5387 super
794 5331 1042 5372 sanctum
1081 5331 1280 5387 corpus
1312 5317 1441 5372 illud
1473 5331 1733 5386 expansa,
1765 5325 1819 5372 et
1845 5317 2034 5386 gratia:

457 5426 578 5481 quae
605 5415 672 5464 ab
708 5425 772 5465 eo
802 5409 988 5464 deﬂuit
1025 5409 1326 5479 particeps,
1357 5411 1760 5480 possidentibus
1789 5408 2032 5464 sanctiﬁ-

459 5503 600 5558 catio
631 5502 723 5556 ﬁt?

528 5679 620 5735 41.
675 5680 921 5738 Auuulus
974 5683 1186 5737 athletir
1248 5697 1464 5736 manum
1518 5697 1740 5748 ornans,
1789 5683 2027 5751 ejusdem

2133 4491 2608 4562 ἁμφιπονούμεθα,
2633 4492 2696 4544 τὸ
2721 4493 2908 4562 ὅμοιον
2957 4496 3438 4564 καταπράττονται
3478 4498 3716 4566 ἀγαθόν.

2135 4587 2258 4648 Πῶς
2301 4588 2356 4639 δὲ
2400 4587 2501 4638 οὐκ
2550 4585 2773 4654 ἔμελλεν
2811 4587 2845 4653 ἠ
2878 4585 3193 4657 μαρτυρικὴ
3225 4587 3363 4656 σὰρξ
3400 4585 3488 4642 οἷά
3519 4607 3602 4652 τις
3635 4593 3712 4660 γῆ

2133 4680 2272 4730 πίων
2303 4680 2396 4730 καὶ
2430 4676 2684 4746 ἐκλεκτὴ,
2721 4673 2817 4746 τὴν
2851 4676 2950 4744 μὲν
2985 4675 3078 4728 τοῦ
3131 4676 3342 4744 ἀγαθοῦ
3391 4678 3713 4749 σπέρματος

2131 4771 2233 4839 ἤδη
2289 4768 2595 4838 καταϐολὴν
2642 4768 2968 4837 δεδεγμένη,
3016 4768 3253 4837 ἀρότρου
3312 4769 3712 4839 ἀνασχίσαντος

2130 4861 2224 4911 τοῦ
2289 4860 2400 4911 τῶν
2434 4859 2810 4912 ἀποστολικῶν
2851 4859 3230 4923 διδασκαλιῶν,
3283 4859 3608 4930 ἀρδευθεῖσα
3655 4864 3714 4914 Σὲ

2132 4952 2389 5021 πλησμίῳ
2417 4951 2494 5020 τῷ
2523 4953 2582 5016 ἐξ
2610 4951 2778 5021 αὐτῆς
2801 4951 2984 5020 ἱδρῶτι
3031 4951 3125 5003 καὶ⁵
3147 4951 3360 5017 αἵματι,
3392 4954 3485 5004 καὶ
3509 4953 3714 5020 ἀμφοῖν

2132 5046 2272 5114 ὑπὲρ
2298 5044 2458 5106 Θεοῦ,
2486 5046 2550 5113 τῇ
2586 5043 2642 5096 δὲ
2669 5042 2778 5095 τῶν
2819 5043 3028 5113 συχνῶν
3059 5042 3302 5111 δοράτων
3328 5041 3566 5112 ἐμπήξει
3589 5061 3716 5114 σχη-

2137 5135 2466 5206 ματισθεῖσα
2493 5134 2568 5197 ὡς
2601 5135 2680 5196 είς
2706 5133 2840 5186 δασὺ
2866 5134 2961 5184 καὶ
2988 5133 3217 5204 φρίσσον
3253 5133 3445 5202 ἁδραῖς
3483 5135 3716 5202 ἀναδρο-

2137 5228 2264 5295 μαῖς
2293 5223 2582 5293 ἀσταχύων
2607 5222 2781 5292 λήϊον,
2838 5225 3214 5291 καρποφορεῖν
3263 5225 3397 5291 ἡμῖν
3445 5227 3717 5292 σωτήριον

2139 5318 2521 5387 συγκομισμὸν
2545 5319 2659 5379 τοῖς
2685 5315 2980 5394 δρέπεσθαι
3006 5314 3275 5380 θέλουσιν,
3304 5317 3437 5371 ὅπου
3467 5319 3564 5371 καὶ
3587 5317 3720 5386 χλα-

2140 5417 2243 5481 μὺς
2298 5409 2393 5463 τ’.ιῦ
2441 5409 2596 5477 ἁγίου
2644 5408 2858 5461 ἐκείνου.
2907 5409 3388 5461 καταπετασθεῖσα
3440 5407 3726 5476 σώματος,

2139 5503 2356 5571 καὶτῆς
2399 5501 2608 5554 ἐκεῖθεν
2661 5500 3004 5570 μετασχοῦσα
3036 5501 3280 5571 χάριτος,
3316 5504 3426 5564 τοῖς
3473 5519 3715 5572 προσερ-

2141 5592 2387 5661 χομένοις
2422 5591 2670 5658 ἁγίασμα
2709 5589 2956 5656 γίνεται;

2213 5681 2321 5751 μα’.
2357 5683 2464 5735 Καὶ
2486 5681 2770 5744 δακτύλιος
2802 5681 2878 5744 δὲ,
2909 5682 2937 5732 ό
2971 5684 3070 5752 τὴν
3100 5683 3400 5753 ἀθλητικὴν
3434 5684 3727 5754 κοσμήσας
