4048 6430
435 286 538 349 ΞθἹ

1155 287 1572 350 EUSTATHII
1601 284 2364 360 _THESSAI.ONICENSIS
2409 287 2962 350 METRCPOLIT/E

3571 299 3679 362 208

437 401 548 456 Deo
575 399 1034 456 sanctilicatorum
1067 400 1226 472 virga:
1251 441 1264 464 ,
1292 401 1506 456 virtutis
1532 403 1696 470 virgae
1732 400 1888 455 ﬁunt.
1912 398 2014 454 Ca-

2129 400 2443 468 bctwpévtuv
2487 402 2604 472 Θεῷ
2651 403 2794 456 οὕτω
2844 405 3127 474 δυνάμεως
3179 408 3366 477 ράὖδοι
3423 425 3677 478 γίνονται.

438 492 534 558 piti
567 501 758 546 sancto
792 492 888 545 fuit
921 491 1256 561 opertorium
1296 507 1308 543 :
1339 492 1481 560 quod
1529 490 1746 561 quidem
1776 505 1895 561 qua:
1925 505 2013 546 se-

437 581 674 634 cundum
709 581 952 635 homines
977 593 1101 635 Sunt
1139 583 1401 649 perdidit;
1440 583 1584 651 quod
1635 596 1765 637 vero
1814 583 2014 636 mansit

442 674 684 743 prodigia
724 673 954 728 faciendi
995 674 1382 726 abundantiam
1434 674 1669 743 protegit
1708 685 1762 727 et
1807 683 2009 750 servat.

443 766 697 818 Sanctum
730 780 930 834 carpus
979 764 1150 816 induit
1204 764 1431 827 melota;
1468 772 1521 816 et
1569 763 1696 816 dum
1747 764 1815 816 ad
1846 763 2013 818 Deum

445 854 690 908 ascendit
726 855 847 912 iste.
880 855 992 923 ipsa
1022 862 1334 915 renovatur,
1374 852 1524 917 plura
1557 865 1718 920 quam
1745 853 2012 906 viventem

442 946 700 999 miracula
742 945 932 1002 edens.
965 959 1030 997 eo
1059 945 1204 1010 quod
1234 943 1513 1011 pulchrum
1547 957 1892 1012 nequaquam
1920 943 2016 998 de-

330 1107 337 1114 _
439 1040 598 1090 discit
635 1039 776 1104 quod
808 1035 974 1090 scmel
1010 1036 1216 1088 didicit.
1251 1034 1496 1103 Martyris
1525 1033 1782 1087 annulum
1821 1034 2016 1088 tollens

444 1129 562 1182 talis
591 1143 770 1182 sermo
798 1143 860 1181 ex
893 1126 1115 1181 athleta:
1148 1139 1395 1193 corpore,
1429 1124 1706 1178 miraculis
1735 1123 2017 1180 abundare

441 1221 604 1287 facit;
637 1231 695 1275 ut
726 1221 867 1274 sicut—
901 1222 1102 1290 digitus
1135 1219 1523 1279 circumdatus,
1558 1219 1636 1272 sic
1685 1227 1736 1270 cl
1783 1219 2016 1275 annulus

441 1314 788 1367 circumdatis
831 1310 1323 1366 conununicatione
1357 1309 1596 1378 prodigia
1627 1317 1904 1377 operetur.
1950 1306 2019 1362 Et

442 1405 728 1476 clilamyda
762 1419 858 1472 per
883 1403 1070 1456 eadem
1107 1400 1331 1469 pulchra
1371 1399 1542 1464 ducit,
1578 1399 1685 1453 Deo
1716 1413 1814 1468 per
1838 1398 2016 1452 omnia

443 1496 572 1550 talia
616 1495 750 1548 mira
786 1495 964 1547 facere
993 1493 1173 1557 dante,
1205 1499 1388 1558 utpote
1420 1490 1510 1558 qui
1549 1490 1602 1543 in
1651 1490 1854 1545 sanctis
1899 1491 2018 1544 suis

452 1583 720 1638 mirabilis
751 1583 990 1651 prodigia
1027 1581 1154 1634 facit
1201 1589 1256 1633 et
1285 1581 1513 1632 virtutes
1543 1578 1882 1648 multiplicat.
1913 1579 2019 1632 Aut

445 1675 716 1744 quomodo
775 1674 932 1727 aliter
974 1671 1215 1742 chlamys
1270 1672 1448 1724 anima
1501 1685 1695 1725 carens
1741 1671 2015 1740 energiam

2113 491 2372 562 Κεφαλὴν
2406 493 2559 546 ὁσίαν
2608 493 2844 565 ἐκάλυψε
2885 496 3208 568 σκέπασμα·
3251 501 3346 554 καὶ
3393 503 3533 572 αὒτὴ
3587 506 3683 576 μὲν

2113 582 2294 650 ἀφῆκε
2323 585 2391 636 τὰ
2424 585 2543 637 κατ’
2573 586 2912 654 ἀνθρώπους,
2943 589 3002 640 τὸ
3031 589 3087 641 δέ
3119 590 3250 662 παρ’
3289 593 3470 656 αὐτοῖς
3496 597 3685 664 μεῖναν

2115 671 2212 740 τὴν
2240 674 2338 741 τῆς
2367 674 2812 746 θαυματουργίας
2841 679 3116 748 ἀπορροὴν
3149 681 3327 748 στέγει
3359 683 3452 738 καὶ
3493 701 3688 757 συντη-

2116 767 2220 833 ρεῖ.
2260 764 2523 835 Ἀμπέχει
2549 767 2704 836 σῶμα
2737 768 2880 821 ὅσιον
2919 771 3142 840 μηλωτή
3177 788 3192 802 ο
3239 773 3334 826 καὶ
3373 775 3562 846 ἐπειδὴ
3607 780 3688 840 είς

2115 853 2248 906 Θεδν
2272 856 2474 918 ἐκεῖνος
2503 856 2734 920 ἀνέλθοι,
2782 857 2921 926 αὑτὴ
2976 860 3334 927 νεανιεύεται,
3382 865 3550 918 πλείω
3596 866 3686 919 τοῦ

2116 944 2313 1009 ζῶντος
2343 949 2516 998 ποιεῖν
2565 946 2866 1016 θαυμάσια,
2908 949 3146 1020 ὡσείπερ
3193 951 3253 1005 τὸ
3286 955 3453 1007 καλὸν
3504 956 3689 1010 οὐκέτι

2116 1036 2421 1106 ἀπέμαθεν,
2452 1037 2575 1089 ἐπεὶ
2597 1036 2820 1105 ἔμαθεν.
2861 1039 2919 1092 ’0
2970 1041 3207 1104 τοιοῦτος
3251 1043 3406 1111 λόγος
3460 1047 3555 1098 καὶ
3599 1049 3690 1100 τὸν

2116 1127 2207 1180 τοῦ
2240 1129 2517 1196 μάρτυρος
2559 1127 2842 1180 δακτύλιον
2889 1130 3194 1198 ἀπαγαγὼν
3243 1134 3337 1187 τυῦ
3389 1134 3692 1207 ἀθλητικοῦ

2120 1218 2395 1289 σώματος,
2423 1219 2736 1282 πλεονάζειν
2780 1222 2923 1272 ποιεῖ
2966 1223 3023 1273 ἐν
3062 1225 3173 1285 τοῖς
3207 1222 3477 1294 θαύμασιν
3509 1243 3525 1257 ·
3578 1227 3689 1290 ἵνα,

2118 1309 2308 1380 ὥσπερ
2339 1307 2597 1372 δάκτυλος
2624 1310 2652 1362 ὁ
2684 1309 3084 1380 περικείμενος,
3124 1313 3264 1366 οὕτω
3286 1321 3380 1367 καὶ
3411 1315 3693 1379 δακτύλιος

2118 1404 2146 1455 ὁ
2173 1402 2300 1470 περὶ
2331 1400 2492 1453 αὐτὸν
2534 1401 2608 1460 ὼς
2651 1401 2708 1454 ἐν
2755 1402 3038 1470 μεταδόσει
3099 1405 3350 1476 ἐνεργοίη
3409 1407 3695 1477 τεράστια.

2120 1492 2229 1542 Kal.
2255 1491 2352 1560 τὴν
2385 1489 2629 1559 χλαμύδα
2661 1489 2717 1542 δὲ
2745 1489 2830 1542 διὰ
2882 1490 2974 1542 τοῦ
2997 1491 3162 1544 αὑτοῦ
3186 1492 3310 1560 ἄγει
3337 1493 3525 1558 καλοῦ,
3556 1495 3695 1547 Θεοῦ

2120 1584 2334 1643 πάντως
2377 1585 2472 1635 καὶ
2520 1582 2585 1634 τὰ
2627 1580 2849 1634 τοιαῦτα
2905 1585 3385 1652 τερατουργεῐσθαι
3441 1585 3698 1649 διδόντος,

2121 1673 2214 1726 τοῦ
2243 1672 2660 1741 ἐνδοξαζομένου
2699 1675 2807 1736 τοῖς
2834 1674 3011 1736 ἁγίοις
3049 1673 3237 1739 αὑτοῦ,
3275 1676 3371 1728 καὶ
3413 1676 3696 1737 ποιοῦντος

449 1773 641 1818 contra
677 1762 897 1816 morbos
923 1761 1224 1828 possideret
1251 1771 1342 1813 aut
1373 1761 1476 1813 alia
1509 1771 1828 1828 operaretur
1859 1760 2015 1826 mira;

2129 1766 2346 1834 τέρατα,
2378 1767 2473 1815 καὶ⁵
2510 1765 2768 1834 δυνάμεις
2811 1764 3190 1833 πληθύνοντος.
3225 1767 3294 1820 Ἦ
3350 1768 3464 1830 πῶς
3523 1768 3700 1830 ἄλλως

447 1855 590 1906 inter
617 1855 719 1906 alia
763 1867 977 1907 amnem
1009 1866 1167 1920 quem
1220 1851 1483 1905 furentem
1538 1851 1769 1905 reddidit
1815 1862 2021 1916 tempe-

447 1953 577 2006 stas,
608 1953 656 1996 et
685 1942 884 1996 ﬂuctus
920 1941 1040 1994 ulla:
1069 1941 1406 1996 exundantes
1431 1943 1649 1996 sedatos
1681 1941 1940 2008 placaret,
1966 1946 2020 1992 et

447 2035 710 2088 divisione
743 2033 1020 2088 scinderet
1061 2032 1133 2087 ita
1185 2041 1246 2087 ut
1302 2032 1512 2098 facilem
1561 2032 1834 2086 inveniret
1877 2029 2017 2084 viatn

447 2126 544 2194 qui
570 2125 711 2179 lianc
739 2125 790 2179 in
820 2125 919 2178 via:
950 2134 1188 2180 tutamen
1217 2124 1393 2190 duxit,
1448 2124 1612 2179 siccis
1643 2122 2025 2178 calceamentis

449 2221 586 2271 ultra
617 2216 874 2283 trajectus
891 2217 917 2269 ?

2129 1855 2344 1925 χλαμὺς
2379 1856 2587 1924 ἄψυχος
2625 1857 2684 1907 τὸ
2714 1856 2938 1925 ἐνεργὸν
2985 1857 3128 1908 κατὰ
3162 1858 3352 1910 παθῶν
3387 1859 3602 1929 φέροιτο
3631 1861 3702 1913 ἂν

2129 1947 2290 2016 ἥκαὶ
2338 1946 2537 2016 ἑτέρως
2591 1945 2875 2014 ἐργάζοιτο
2919 1947 3142 2016 τέρατα,
3187 1947 3258 2000 τά
3297 1965 3356 2000 τε
3399 1949 3552 2009 ἄλλα.
3605 1955 3703 2004 καὶ

2126 2038 2370 2106 ποταμὸν
2396 2036 2452 2088 δὲ
2485 2036 2767 2106 ὐὸριστὴν,
2801 2031 2882 2100 οἷς
2906 2039 2933 2090 ὁ
2957 2037 3164 2108 χειμὼν
3211 2039 3374 2094 αὑτὸν
3421 2040 3703 2110 ἐξέμαινι,

2129 2127 2223 2177 καὶ
2247 2127 2481 2192 πελάγια
2506 2126 2562 2179 δὲ
2595 2127 2972 2192 πλατυνόμενα
3002 2128 3180 2198 πολλῷ
3201 2129 3278 2196 τῷ
3326 2131 3562 2200 ῥεύματι
3593 2148 3714 2185 σωο-

2127 2213 2473 2282 φρονίζουσα,
2507 2217 2600 2267 καὶ
2638 2213 2996 2286 διχοτομοῦσα
3038 2218 3116 2280 εἰς
3153 2217 3468 2284 διάστασιν,
3508 2220 3586 2284 ὡς
3633 2219 3706 2274 ἂν

449 2307 640 2375 ῥᾳδίαν
689 2305 838 2378 εὖροι
879 2304 1124 2361 διάϐασιν
1169 2306 1196 2357 ὁ
1255 2303 1459 2373 ταύτην
1498 2302 1577 2365 εἰς
1645 2301 2244 2372 φυλακτήριονέφόδιον
2265 2305 2466 2373 φέρων,
2494 2307 2772 2372 στεγανοίς
2829 2304 3064 2369 πεδίλοις
3121 2306 3218 2376 τῆς
3263 2309 3562 2381 ἀντιπέραν
3619 2327 3706 2379 γι-

445 2413 662 2466 νομενος
678 2414 694 2463 ς

518 2491 609 2546 ﬂ.
653 2488 901 2542 Anuulus
933 2487 1059 2550 iste,
1105 2485 1358 2558 pretiosa:
1404 2494 1554 2540 certe
1606 2484 1872 2549 materiae,
1924 2499 2020 2554 per

449 2599 612 2656 quam
646 2581 730 2635 l'ex
766 2580 952 2649 figuris
983 2578 1267 2631 abundans
1305 2577 1467 2629 Deum
1497 2583 1551 2627 et
1591 2575 1769 2627 dit-ina
1813 2572 2022 2642 signiﬁ-

448 2685 641 2729 canter
673 2673 970 2739 exprimit,
1009 2670 1155 2722 eaet
1202 2666 1494 2721 orbiculari
1542 2663 1714 2719 forma
1748 2665 2024 2719 divinissi‘

449 2777 658 2817 marum
690 2761 951 2814 virtutum
995 2757 1196 2810 indicat
1229 2769 1486 2810 coronam
1513 2770 1628 2822 qua:
1657 2753 1910 2807 athletam
1942 2770 2028 2807 re-

450 2851 606 2904 dimit
636 2849 791 2920 quasi
823 2861 1114 2910 coronans,
1157 2854 1210 2899 et
1239 2846 1670 2897 contractionem
1723 2846 2031 2913 angustias-

449 2959 554 3011 que
587 2941 898 2995 manifestat
929 2953 1065 3007 quas
1115 2937 1167 2990 in
1227 2936 1336 2989 vita
1384 2935 1663 3000 susdnuit,
1719 2949 1824 2988 non
1869 2944 2026 2989 extra

451 3033 712 3087 rationem
737 3046 930 3085 errans
969 3044 1069 3083 nec
1101 3029 1400 3082 dissolutus
1433 3036 1488 3080 et
1524 3027 1884 3095 intemperate
1931 3041 2028 3082 vo-

2211 2478 2313 2548 μδ’.
2353 2478 2411 2530 '0
2429 2476 2711 2540 δακτύλιος
2734 2471 2908 2544 οὗτος,
2955 2479 3141 2548 τιμίας
3187 2479 3454 2548 δήπουθεν
3505 2486 3714 2554 τυγχάνω

2129 2585 2237 2621 νων
2265 2566 2416 2637 ὕλης,
2445 2565 2513 2618 δι’
2541 2561 2607 2638 ἦς
2638 2568 2666 2619 ὁ
2697 2569 2752 2619 ἐν
2798 2566 2953 2636 τύπῳ
2984 2567 3147 2636 νόμος
3197 2568 3329 2622 Θεόν
3379 2587 3436 2620 τε
3497 2571 3588 2622 καὶ
3641 2575 3712 2624 τὰ.

2130 2658 2249 2712 θεῖα
2304 2657 2764 2728 συμϐολογραφεῖ,
2803 2656 2996 2728 ταύτῃ
3029 2675 3089 2710 τε
3124 2665 3217 2711 καὶ
3243 2660 3320 2728 τῷ
3368 2661 3713 2732 κυκλοτερῶς

2130 2748 2531 2819 ἐσχηματίσθαι
2555 2751 2645 2802 τὸν
2676 2748 2873 2802 κύκλον
2931 2750 3323 2821 καθυπέγραφε
3359 2754 3466 2805 τῶν
3499 2753 3710 2809 θειοτάο
3751 2797 3755 2800 .

2130 2858 2240 2894 των
2269 2841 2504 2909 ἀρετῶν,
2546 2840 2604 2904 ὃς
2638 2841 2729 2893 τὸν
2759 2839 2998 2912 ἀθλητὴν
3031 2843 3387 2904 ἐναπέλαϐεν,
3420 2838 3532 2897 οἷον
3580 2863 3710 2899 στε-

2132 2933 2542 3001 φανωσάμενος,
2600 2931 2695 2985 καὶ
2744 2931 2844 3002 τὴν
2896 2935 3128 3003 συνοχὴν
3169 2933 3226 2988 δέ
3281 2938 3583 3006 παρεδήλου
3615 2941 3711 2993 καὶ

2128 3024 2222 3077 τὸν
2249 3025 2505 3093 σφιγμδν,
2540 3023 2600 3076 δν
2625 3024 2714 3077 διὰ
2747 3025 2863 3093 βίου
2908 3025 3177 3094 ὑπέμενεν
3211 3044 3225 3058 υ
3275 3029 3373 3080 οὐκ
3417 3030 3521 3095 ἔξω
3561 3030 3712 3098 λογι-
3787 3042 3789 3044 ’

451 3125 596 3177 lutus
627 3132 679 3176 et
705 3121 906 3184 mollis,
940 3122 1034 3174 sed
1065 3134 1250 3174 secum
1297 3119 1605 3186 recogitans
1627 3158 1643 3182 ,
1676 3119 1934 3172 astrictus
1976 3126 2024 3170 et

2133 3114 2272 3181 σμοῦ
2301 3114 2671 3182 πλανώμενος,
2701 3113 2824 3167 ούδέ
2857 3114 3247 3186 διακεχυμένος
3289 3119 3385 3172 καὶ
3437 3121 3714 3190 ῥεμϐόμε-

453 3222 690 3290 seipsum
743 3220 1108 3286 comprimens
1151 3216 1547 3282 continensque
1571 3227 1598 3265 a
1621 3209 1936 3265 dilatatione
1968 3209 2020 3260 in

450 3310 664 3364 deliciis
700 3321 924 3379 propter
966 3309 1255 3376 voluptatis
1291 3315 1610 3367 torrentem,
1646 3303 1697 3355 in
1733 3317 1837 3370 quo
1879 3311 2024 3354 stare

452 3399 602 3454 nefas
631 3400 886 3468 aliquem,
925 3399 1016 3467 qui
1047 3415 1150 3453 non
1185 3413 1281 3466 per
1314 3408 1519 3449 arctam
1557 3393 1647 3447 Dei
1679 3392 1817 3445 viam
1851 3392 2024 3445 inces-

451 3494 556 3557 sit;
601 3492 1057 3558 quentadtnodmn
1097 3503 1194 3541 nec
1241 3488 1296 3540 in
1344 3484 1768 3540 Fortunalorum
1824 3481 2024 3535 lnSuIis

454 3581 693 3633 historia:
716 3587 1082 3633 commentum
1115 3575 1402 3629 constituit
1431 3573 1578 3626 illum
1611 3573 1702 3640 qui
1729 3585 1794 3624 ex
1827 3569 2028 3637 llespe-

455 3673 549 3726 riae
573 3671 706 3724 mari
739 3686 848 3724 non
883 3669 1110 3722 Gadium
1144 3676 1292 3721 arcta
1327 3665 1705 3729 transmeavit,
1736 3663 1780 3718 si
1811 3677 1907 3732 per
1937 3661 2031 3714 mi-

459 3763 602 3815 nima
633 3761 869 3813 maxima
896 3758 1074 3812 obiter
1113 3755 1386 3810 elucidare
1419 3762 1653 3822 oportet.

526 4024 615 4081 45.
653 4024 801 4079 Nova
832 4022 1050 4092 quidem
1095 4020 1202 4074 ista
1235 4027 1290 4073 et
1322 4032 1446 4086 qua:
1491 4015 1835 4073 sudiosorum
1868 4017 2032 4071 mira-

460 4117 658 4170 tionem
692 4115 890 4167 cieant.
917 4110 1053 4166 Cum
1078 4123 1206 4164 vero
1237 4119 1292 4162 et
1322 4109 1374 4161 in
1410 4107 1640 4162 somniis
1656 4107 1866 4162 efﬁcere
1888 4122 2034 4162 mar-

462 4217 636 4276 tyrem
669 4214 1009 4273 quacunque
1053 4199 1244 4254 vivens
1281 4197 1484 4254 fecerat
1522 4199 1812 4268 contigerit
1837 4236 1852 4260 ,
1912 4214 2032 4252 am-

461 4297 687 4365 pliorem
731 4293 902 4363 exigit
951 4298 1250 4359 stuporem.
1305 4287 1430 4343 J-am
1489 4303 1596 4342 non
1627 4288 1871 4356 corporis
1905 4303 2033 4356 pro-

460 4387 688 4454 digium,
709 4392 803 4437 aut
831 4381 1078 4449 corporis
1102 4380 1330 4435 membri
1358 4377 1644 4447 cujusdam
1671 4392 1702 4431 a
1724 4393 1834 4446 quo
1861 4380 2034 4431 virtus

459 4481 647 4531 exiens
683 4476 818 4529 inira
849 4485 1148 4542 operatur;
1177 4474 1272 4528 sed
1297 4470 1454 4525 aliud.
1482 4471 1609 4540 quid
1653 4486 1817 4540 super
1851 4471 2033 4524 onmia

459 4568 811 4639 stupendum.
845 4567 955 4623 Nec
989 4575 1170 4620 tamen
1207 4579 1430 4626 novum,
1462 4563 1675 4618 volente
1713 4562 1843 4626 Deo,
1879 4561 2031 4615 illud.

463 4665 520 4718 Si
544 4664 689 4717 enim
733 4661 1108 4730 apostolorum
1134 4660 1342 4711 umbrae
1369 4655 1625 4709 miracula
1649 4656 2032 4722 operabantur,

463 4769 641 4823 neque
680 4756 793 4806 bazc
825 4766 920 4820 per
965 4750 1176 4804 somnia
1224 4757 1376 4802 extra
1416 4755 1623 4798 tantum
1669 4745 2034 4814 prodigiorum

466 4848 684 4901 modum
715 4845 916 4898 cadunt
945 4842 1234 4911 (visionum
1283 4838 1425 4892 enim
1473 4837 1792 4890 diurnarum
1831 4837 2038 4890 umbrae

461 4948 590 4994 sunt
614 4952 734 5006 qua:
761 4951 857 5005 per
911 4934 1119 4988 somnia
1161 4931 1358 4998 ﬁunt);
1399 4929 1443 4983 si
1487 4928 1667 4982 dicere
1699 4929 1874 4982 ausim
1905 4940 2028 4979 um-

464 5031 588 5083 bras
623 5036 733 5079 tam
768 5025 950 5078 divina
978 5032 1032 5076 et
1060 5021 1197 5074 adeo
1230 5020 1408 5073 ﬁrma.
1441 5017 1577 5082 Quid
1603 5018 1746 5072 enim
1776 5019 1910 5071 adeo
1944 5018 2034 5070 lir-

472 5136 614 5172 mum
644 5127 697 5172 et
726 5125 984 5171 constans
1016 5124 1068 5166 et
1102 5111 1386 5180 probatum
1433 5121 1485 5162 et
1527 5122 1835 5171 nervosum,
1871 5123 1977 5175 qua
2005 5129 2033 5159 ιι

471 5207 618 5274 quod
651 5222 680 5260 e
714 5216 854 5259 terra
881 5204 1094 5268 erigere
1127 5215 1185 5255 se
1212 5199 1386 5268 possit
1417 5207 1560 5252 totus
1590 5198 1752 5251 homo
1780 5207 1836 5252 et
1867 5199 2039 5251 multo

472 5301 620 5354 ferro
652 5305 931 5358 oneratus,
966 5294 1112 5347 sicut
1157 5291 1224 5345 de
1254 5291 1534 5365 martyris
1576 5287 1904 5344 visionibus
1937 5289 1994 5342 fit
2024 5328 2040 5353 ,

2128 3223 2218 3270 νος
2279 3207 2443 3260 ἄνετα
2498 3207 2593 3260 καὶ
2643 3205 2878 3272 πλαδῶν,
2929 3207 3065 3261 ἀλλὰ
3117 3210 3320 3278 νοερῶς
3385 3212 3466 3274 είς
3514 3213 3714 3267 ἑαυτὸν

2131 3297 2494 3366 στρεφόμενος
2547 3299 2641 3350 καὶ
2700 3297 3035 3368 ἐστυμμένος
3076 3301 3169 3351 καὶ
3223 3299 3521 3354 συνθλῐὸων
3575 3303 3705 3355 ἐαυ‹

2132 3387 2223 3440 τδν
2285 3387 2378 3438 καὶ
2443 3387 2789 3456 στενοχωρῶν
2863 3387 2940 3454 τῷ
2983 3388 3039 3439 ἐν
3084 3386 3278 3457 θρύψει
3343 3388 3710 3444 πλατύνεσθαι

2129 3477 2218 3528 διὰ
2260 3479 2348 3528 τὸν
2378 3477 2495 3528 ἐκεῖ
2534 3475 2856 3544 πλατυσμὺν
2885 3477 2984 3541 τῆς
3015 3480 3250 3549 τρυφῆς,
3303 3472 3367 3549 ἦς
3400 3480 3500 3532 ούκ
3559 3479 3718 3534 ἔστιν

2133 3569 2282 3631 ἐντὸς
2334 3569 2584 3633 γενέσθαι
2637 3568 2780 3632 τινὰ,
2845 3570 2919 3639 μὴ
2961 3567 3048 3620 διὰ
3087 3571 3184 3638 τῆς
3235 3571 3294 3622 έν
3341 3570 3460 3639 Θεῷ
3517 3575 3710 3641 στενῆς

2133 3657 2431 3712 ὁδεύσαντα
2461 3676 2474 3690 ο
2512 3660 2586 3720 ὠς
2613 3659 2730 3711 ούδέ
2755 3660 3034 3727 Μακάρων
3063 3659 3263 3730 Νήσοις
3288 3661 3317 3715 ὁ
3341 3661 3436 3731 τῆς
3466 3662 3710 3734 ἱστορίας

2136 3751 2294 3817 λόγος
2326 3751 2625 3822 ἐγκαθιστᾷ
2646 3752 2736 3803 τὸν
2771 3753 2833 3802 ἐκ
2857 3753 2953 3821 τῆς
2989 3752 3251 3823 ἐσπερίας
3301 3753 3575 3824 θαλάσσης
3631 3757 3720 3826 μὴ,

2136 3843 2224 3896 διὰ
2251 3841 2351 3910 τῆς
2380 3842 2656 3908 Γαδείρων
2732 3842 3071 3912 στενωτάτης
3123 3844 3519 3909 ἐκπλεύσαντα,
3569 3847 3622 3898 εί
3661 3864 3716 3900 τι

2133 3932 2238 4002 χρὴ
2273 3934 2661 4002 σμικροτάτοις
2691 3936 3011 4003 παραφῆναι
3041 3934 3107 3986 τὰ
3136 3935 3393 4004 μέγιστα.

2207 4029 2311 4091 με’.
2347 4023 2524 4075 Καινὰ
2555 4025 2655 4087 μὲν
2689 4017 2779 4076 οὖν
2811 4023 2906 4076 καὶ
2939 4022 3110 4076 ταῦτα
3143 4027 3235 4077 καὶ
3268 4019 3356 4078 οἷα
3387 4027 3724 4098 ἐκπλήττειν

2137 4113 2229 4166 τὸν
2260 4114 2437 4184 ὀρθῶς
2460 4113 2842 4168 ἐπιϐάλλοντα.
2899 4113 2974 4168 Τὸ
3017 4115 3076 4168 δὲ
3119 4115 3217 4170 καὶ
3257 4117 3314 4168 ἐν
3365 4118 3595 4187 ὀνείροις
3621 4121 3723 4172 τὸν

2143 4205 2395 4274 μάρτυρα
2458 4205 2821 4273 ἐφιστάμενον
2887 4205 3386 4274 καταπράττεσθαι,
3448 4208 3550 4260 ὅσα
3609 4211 3708 4261 καὶ

2138 4295 2246 4359 ζῶν
2267 4293 2521 4364 ἐποίησεν
2554 4293 2641 4360 ἂν,
2675 4295 2756 4347 ἔτι
2785 4295 2945 4347 πλέον
2978 4295 3150 4348 ἐθέλει
3178 4297 3573 4366 θαυμάζεσθαι.
3601 4299 3717 4354 Oti-
3749 4345 3752 4347 .

2138 4387 2255 4438 κέτι
2286 4385 2396 4454 γὰρ
2424 4383 2678 4452 σώματος
2703 4383 2764 4436 τὸ
2787 4384 2994 4455 θαῦμα,
3023 4385 3061 4456 ἦ
3079 4403 3225 4449 τινος
3245 4387 3351 4439 τῶν
3379 4390 3506 4457 περὶ
3531 4390 3722 4458 σῶμα,

2139 4476 2274 4546 παρ’
2304 4468 2365 4527 οὗ
2396 4475 2625 4544 δύναμις
2649 4474 2973 4544 ἐξερχομένη
3003 4479 3354 4546 τερατουργεί
3381 4494 3395 4508 ”
3423 4478 3538 4532 ἀλλ’
3565 4479 3714 4532 ἔστιν

2139 4569 2266 4622 ἄλλο
2296 4584 2346 4620 τι
2375 4567 2535 4620 τοῦτο
2560 4565 2711 4636 παρὰ
2753 4567 2907 4632 δόξαν
2951 4566 3273 4638 θαυμάσιον.
3307 4569 3445 4639 Ἤδη
3491 4569 3549 4623 δὲ
3591 4572 3718 4626 οὐδὲ

2139 4661 2298 4714 τοῦτο
2334 4661 2521 4714 καινὸν
2545 4659 2632 4713 διὰ
2667 4659 2724 4712 τὸ
2756 4660 2900 4712 θεῖον
2944 4660 3213 4731 βούλημα.
3241 4663 3302 4716 El
3352 4663 3460 4732 γὰρ
3482 4664 3714 4718 ἀποστό-

2139 4753 2248 4804 λων
2274 4753 2368 4804 καὶ
2408 4751 2555 4804 σκιαὶ
2575 4749 2787 4802 ἐποίουν
2822 4749 3052 4816 ἐξαίσια,
3109 4751 3296 4805 πίπτοι
3354 4752 3420 4806 ἂν
3478 4754 3598 4807 ούδέ
3646 4757 3722 4810 τὰ

2142 4843 2260 4893 κατ’
2288 4841 2422 4911 ὄναρ
2447 4839 2624 4893 ταῦτα
2647 4839 2751 4904 ἐξω
2781 4839 2874 4894 τοῦ
2906 4841 3149 4894 τοιούτου
3169 4842 3332 4894 τόπου
3357 4842 3465 4895 τῶν
3493 4843 3722 4915 θαυμα-

2143 4931 2414 4999 τουργιῶν
2447 4930 2623 4998 (σκιαὶ
2652 4931 2760 5001 γάρ
2790 4947 2934 4992 τινες
2964 4931 3074 4985 τῶν
3107 4929 3257 5002 ὕπαρ
3286 4931 3356 4984 τὰ
3394 4933 3452 4985 ἐν
3495 4933 3719 5003 ὁνείρα-
3811 4949 3820 4958 ’

2147 5023 2275 5090 σιν),
2309 5022 2356 5071 εί
2386 5019 2450 5090 δὴ
2476 5024 2570 5072 καὶ
2601 5020 2920 5090 τολμητέον,
2962 5022 3121 5083 σκιὰς
3158 5021 3392 5075 ἐνταῦθα
3430 5023 3611 5090 λέγειν
3646 5026 3719 5076 τὰ

2147 5111 2290 5162 οὓτω
2330 5110 2448 5162 θεῖα
2479 5111 2576 5162 καὶ
2615 5111 3081 5180 στερεμνιὼτατα.
3109 5113 3264 5164 [ίοίον
3290 5113 3397 5180 γάρ
3451 5129 3503 5165 τι
3543 5113 3717 5179 οὕτως

2150 5200 2457 5270 ὑφεστηκὸς
2512 5201 2606 5253 καὶ
2662 5202 2888 5272 στερρὸν
2935 5203 3027 5255 καὶ
3059 5203 3256 5271 πάτιον
3309 5204 3404 5257 καὶ
3436 5204 3726 5274 σθεναρὸν,

2148 5287 2223 5349 ὡς
2253 5286 2313 5338 τὸ
2348 5287 2442 5339 καὶ
2481 5287 2758 5355 κουφίζειν
2779 5293 2841 5340 ἐκ
2869 5288 2972 5358 τῆς
2996 5290 3297 5360 δυνάμενον
3339 5291 3460 5345 ὅλον
3497 5293 3726 5362 ἄνθρωρ

473 5397 635 5460 prout
668 5388 818 5455 prius
851 5382 1240 5440 disseminatus
1291 5394 1473 5436 sermo
1507 5381 1727 5445 docuit,
1759 5383 1812 5434 in
1846 5383 2024 5450 quibu:

2145 5395 2276 5444 πον,
2304 5379 2396 5432 καὶ
2421 5379 2610 5432 τοῦτον
2649 5379 2722 5442 ὼς
2767 5379 2838 5432 τὰ
2880 5381 3050 5434 πολλὰ
3089 5383 3330 5454 σιδήροις
3394 5385 3722 5456 ἀνδραχθέσι

475 5481 563 5532 ille
589 5493 619 5530 a
653 5486 798 5530 terra
835 5475 926 5528 tali
959 5473 1265 5528 visitationc
1294 5473 1488 5539 dignos
1530 5472 1787 5536 sustollit,
1821 5482 1914 5524 aut
1949 5488 2024 5524 nu

2147 5470 2533 5540 βαρυνόμενον,
2561 5472 2744 5523 ὁποῖαι
2773 5471 2830 5524 αἱ
2858 5471 3119 5526 ὀπτασίαι
3161 5475 3254 5528 τοῦ
3292 5477 3590 5548 μάρτυρος,
3642 5477 3720 5540 ὡς

480 5569 624 5622 bium
656 5567 831 5621 instar
865 5564 1063 5619 levium
1095 5565 1278 5619 volare
1308 5564 1361 5618 lti
1396 5563 1688 5617 dicentur?
1732 5562 1797 5616 Et
1848 5563 1892 5617 si
1942 5579 2024 5616 IIOI

2145 5568 2239 5617 καὶ
2287 5565 2482 5618 ἁνόπιν
2530 5566 2558 5616 ὁ
2615 5563 2776 5631 λόγος
2831 5565 3138 5636 ἐπιτρέχων
3177 5567 3480 5632 ἐδίδασκεν,
3529 5571 3588 5621 ὲν
3632 5563 3725 5630 αἷς

477 5661 774 5717 secundum
805 5659 1031 5715 Paulum
1063 5657 1130 5712 ad
1162 5657 1382 5713 tertium
1413 5655 1642 5722 coelum,
1671 5657 1765 5713 sed
1791 5656 1857 5712 ad
1885 5657 2020 5726 prim

2147 5657 2357 5716 ἐκεῖνος
2388 5653 2557 5724 γῆθεν
2583 5654 2962 5724 ἀναλαμϐάνει
2991 5655 3118 5719 τοὺς
3173 5657 3510 5728 ἠξιωμένους
3532 5658 3731 5712 τοιαύ-
