4048 6436
287 427 390 490 209

1441 413 1834 473 LAUDATIO
1865 413 1931 473 S.
1974 409 2392 475 DEMETRII.

3436 414 3543 474 2m

285 558 382 613 της
411 535 744 604 ἐπισκοπῆς,
790 533 823 604 ἢ
876 532 967 586 καὶ
1017 531 1151 584 ὡσεὶ
1191 527 1411 597 νεφέλαι
1460 514 1723 580 πέτασθσι
1769 527 1862 579 λεο

1984 527 2177 580 ξκιτοιεα
2228 530 2339 594 rapi
2394 527 2730 581 confidrn'er
2791 523 3173 595 gloriarentur,
3226 538 3328 593 ego
3386 525 3546 577 intel-

287 633 576 702 [θήσονται
609 627 676 680 ἂν
708 627 803 678 καὶ
830 624 1015 689 αύτοί;
1048 623 1161 675 Καὶ
1189 620 1237 672 εί
1276 617 1512 688 μὴκατὰ
1545 617 1752 670 Παῦλον
1776 620 1854 680 εἰς

209 754 222 762 -
285 726 464 788 τρίτον
498 718 753 788 οὖρανδν,
801 716 916 771 ἀλλ’
944 717 1024 778 είς
1076 714 1138 766 τὸ
1178 711 1272 766 τοῦ
1307 710 1526 780 πρώτου
1583 712 1858 780 μετέωρον

287 810 633 885 ἁρπάζεσθαι
657 807 1004 880 θαρρούντως
1027 805 1094 858 ἂν
1122 804 1441 874 αύχήσαιεν,
1465 798 1559 862 οὓς
1586 801 1682 853 καὶ
1733 817 1862 852 συν-

287 903 540 972 νοοῦμαι,
569 901 718 961 ὅπως
736 899 836 968 τὴν
863 897 1039 967 χαρὰν
1089 893 1240 964 φόϐῳ
1298 892 1604 962 σύγκρατον
1654 890 1858 960 ἔχουσι.

289 995 554 1063 Χαίρουσι
587 990 685 1061 μὲν
709 991 842 1059 γὰρ.
877 982 957 1049 οἷς
993 985 1391 1038 ἀπανίστανται
1413 982 1514 1050 τῆς
1546 981 1652 1034 τῶν
1701 981 1859 1032 πολε-

293 1085 432 1154 μίων
453 1084 577 1151 γῆς,
618 1082 711 1132 καὶ
733 1082 849 1142 τοῖς
880 1077 1104 1140 οίκείοις
1139 1071 1585 1136 ἐπανασώζονται
1617 1088 1631 1102 ⁶
1658 1071 1862 1140 ταράτ-

291 1192 478 1228 τονται
505 1173 583 1236 δὲ,
618 1169 958 1238 ίλιγγιῶντες
981 1168 1117 1237 προς
1151 1166 1250 1236 τὴν
1312 1164 1518 1219 ἄνωθεν
1547 1164 1660 1226 τοῖς
1711 1162 1866 1214 κάτω

289 1267 558 1334 ἐπάφεσιν
584 1264 682 1332 τῆς
707 1261 904 1331 ὅψεως.
937 1261 1045 1314 Καὶ
1068 1261 1103 1328 ἡ
1137 1259 1237 1328 μὲν
1259 1257 1403 1328 χαρὰ
1429 1255 1704 1309 θάλπουσα
1736 1269 1864 1306 κου-

294 1359 475 1427 φίζειν
503 1354 874 1424 ἐλαφρίζουσα
909 1351 1034 1414 τοῦς
1058 1349 1334 1407 τοιούτους
1369 1347 1536 1410 δοκεῖ,
1586 1345 1749 1414 φόϐος
1807 1345 1864 1397 δὲ

294 1448 605 1501 συστέλλων
653 1444 926 1515 βαρύνειν,
971 1443 1066 1495 καὶ
1090 1441 1164 1504 ώς
1199 1441 1278 1502 είς
1305 1438 1572 1509 νέκρωσιν
1601 1437 1865 1508 καταρρι-

299 1544 454 1596 πτεῖν
489 1541 684 1602 αὐτοὺς
707 1538 977 1608 βούλεται,
1000 1533 1428 1606 ἀεροόατοῦντας
1463 1531 1562 1601 μὲν
1593 1530 1688 1584 καὶ
1711 1545 1869 1597 περι.

295 1632 582 1702 ηγητικῶς
603 1634 713 1692 τοῖς
739 1631 882 1683 κατὰ
903 1628 1010 1697 γῆν
1049 1627 1459 1690 ἐπιϐάλλοντας,
1495 1623 1596 1677 οὐκ
1648 1621 1869 1691 ἔχοντας

288 1724 349 1776 δέ
381 1719 658 1775 πιστεύειν
685 1719 762 1790 τῷ
792 1717 1295 1789 τερατουργήματι,
1324 1713 1458 1768 ἀλλὰ
1503 1709 1866 1782 περιεργαζο-

295 1813 513 1881 μένους,
545 1811 595 1863 εί
625 1809 719 1863 καὶ
750 1808 930 1878 πτερὰ
949 1806 1160 1870 τούτοις
1195 1803 1608 1873 ἐπανεφύησαν.
1644 1803 1767 1856 Ὀτι
1813 1799 1870 1854 δὲ

1961 617 2064 686 ligo
2109 633 2280 685 quare
2333 619 2587 687 gaudium
2645 619 2838 670 timore
2891 617 3109 669 mistum
3147 616 3362 669 habeat.
3413 616 3543 668 Nam

1959 711 2190 779 gaudent
2221 710 2462 777 quidem,
2500 715 2642 778 quod
2680 709 2748 762 ab
2804 708 3148 762 inimicorum
3182 719 3326 762 terra
3374 709 3546 762 abdu-

1961 812 2157 855 cuntur
2204 811 2257 854 et
2316 803 2383 855 ad
2422 816 2552 854 suos
2611 807 3000 865 revertuntur;
3057 800 3342 852 turbantur
3391 816 3544 862 vero,

1961 902 2183 962 pr0pter
2231 906 2482 960 magnam
2536 906 2566 945 a
2612 891 2774 946 rebus
2826 889 2967 946 infra
3021 891 3154 946 visis
3201 891 3542 946 altitudinem

1962 983 2236 1052 vertigine
2281 983 2612 1037 laborantes.
2655 981 2717 1034 Et
2752 983 3010 1052 gaudium
3051 984 3270 1051 quidem
3307 983 3543 1038 afﬁciens

1964 1072 2067 1128 hos
2117 1073 2282 1142 agiles
2331 1072 2480 1126 viros
2523 1072 2739 1126 elevare
2777 1074 3026 1138 videtur;
3077 1073 3236 1128 timor
3267 1089 3393 1128 vero
3431 1091 3546 1143 pre.

1967 1181 2120 1219 mens
2156 1179 2388 1234 gravare
2414 1170 2470 1217 et
2503 1171 2762 1232 tanquam
2817 1165 2870 1216 in
2920 1175 3150 1219 mortem
3204 1167 3546 1236 pratcipitare

1969 1273 2064 1312 eos
2094 1266 2346 1323 conatur,
2370 1270 2466 1326 per
2489 1270 2614 1309 aera
2645 1255 2867 1324 quidem
2899 1255 3265 1313 discurrentes
3287 1269 3343 1313 et
3365 1263 3549 1314 deam-

1967 1350 2205 1404 bulando
2239 1365 2359 1418 quae
2395 1350 2532 1402 fiunt
2562 1362 2732 1420 Super
2759 1356 2959 1401 terram
3005 1351 3378 1418 inspicientes,
3423 1369 3550 1406 con-

1972 1441 2248 1494 ﬁdentiam
2281 1456 2408 1496 vero
2438 1440 2506 1496 de
2536 1443 2788 1514 prodigio
2830 1459 2938 1498 non
3001 1443 3284 1505 habentes.
3326 1444 3420 1498 scd
3463 1446 3549 1498 in-

1967 1531 2247 1600 quirentes
2278 1547 2402 1584 tmm
2435 1531 2569 1602 ipsis
2595 1544 2944 1589 succrescant
2972 1533 3089 1587 alae.
3116 1536 3376 1598 Quoniam
3425 1553 3550 1589 vero

1970 1636 2077 1674 nun
2099 1621 2211 1675 haec
2241 1620 2517 1676 metuendi
2541 1629 2598 1677 et
2627 1623 2693 1678 de
2722 1637 2983 1694 prospero
3013 1634 3212 1678 eventu
3237 1624 3550 1691 trepidandi

1970 1723 2054 1769 est
2107 1713 2286 1778 locus,
2343 1714 2496 1770 valde
2545 1726 2949 1772 consentaneus
2986 1725 3070 1770 est
3119 1717 3312 1771 animae
3356 1734 3548 1788 angor.

1973 1807 2029 1860 Si
2078 1807 2220 1860 enim
2266 1807 2319 1860 in
2368 1821 2562 1875 aquam
2613 1807 2910 1863 immittere
2948 1823 3006 1864 se
3039 1809 3308 1879 discipulo
3361 1827 3552 1877 magno

296 1902 373 1973 μὴ
406 1902 581 1956 ταῦτα
612 1900 950 1969 περίκεινται
982 1897 1327 1958 ὑποδεδιότας
1357 1897 1452 1949 καὶ
1480 1894 1869 1964 ὑφορωμένους

1984 1899 2300 1968 displicuit,
2341 1898 2594 1955 ﬂuctibus
2653 1901 2982 1969 pet-territo,
3040 1902 3163 1972 quis
3229 1913 3430 1957 temere
3499 1903 3550 1956 in

297 1996 354 2048 τὸ
377 1995 768 2059 εὑδιάπτωτον,
794 1993 888 2046 καὶ
921 1990 1037 2061 ἔχει
1059 1988 1194 2042 πολὺ
1230 1989 1291 2041 τδ
1311 1987 1532 2056 εὔλογον
1577 1988 1610 2058 ἠ
1643 1985 1867 2056 τοιαύτη

291 2083 503 2154 ψυχικὴ
535 2081 790 2152 συστολή.
821 2080 1009 2149 Είγὰρ
1037 2080 1097 2131 τὸ
1128 2077 1281 2132 ὕδατι
1333 2077 1526 2132 ἑαυτὸν
1581 2078 1868 2144 ἐπαφεῖναι

1977 2003 2100 2042 aeta
2165 2004 2223 2044 se
2279 1990 2450 2058 tollet,
2506 1990 2595 2060 qui
2641 2005 2770 2046 aere
2827 1993 3138 2048 solidiorem
3185 2008 3380 2064 aquam
3433 2007 3554 2049 esse

1977 2079 2160 2135 novit?

295 2173 455 2227 δκνον
485 2174 737 2241 ἐμποιεῖν
770 2165 880 2223 οἵδε
906 2169 1120 2240 μαθητῇ
1145 2168 1338 2236 ἐκείνῳ
1365 2164 1609 2239 μεγάλῳ,
1641 2168 2050 2241 κραδαινομένῳ
2082 2175 2192 2236 τοῖς
2225 2173 2457 2244 κύμασι,
2513 2174 2597 2239 τίς
2625 2175 2691 2229 ἂν
2730 2176 2814 2246 είη
2838 2177 2994 2245 ἀδεὴς
3023 2175 3295 2231 κυϐιστῶν
3340 2177 3544 2248 ἀέριος.

301 2265 773 2335 στερεμνιώτερον
796 2263 939 2334 ὕδωρ
967 2265 1127 2333 ἀέρος
1161 2256 1302 2315 εἶναι
1328 2261 1516 2328 είδώς;

374 2355 498 2428 μς’.
553 2357 674 2410 Εἰσὶ
719 2357 767 2410 δ’
807 2358 867 2410 ἐν
907 2358 1019 2418 τοῖς
1071 2354 1336 2417 τοιούτοις
1367 2355 1463 2408 καὶ
1511 2353 1766 2423 διαφοραὶ
1793 2351 1871 2422 τῷ

305 2454 570 2523 μάρτυρι,
597 2449 672 2514 ὡς
697 2451 763 2503 ἂν
789 2448 866 2520 τῷ
891 2447 1034 2501 οὕτω
1065 2447 1295 2518 ποικίλῳ
1326 2463 1527 2499 συνανα
1539 2446 1874 2515 μεμιγμένον

303 2546 392 2614 εἴη
455 2545 569 2605 τοῖς
629 2539 874 2612 θαύμασι
923 2542 1016 2595 καὶ
1075 2540 1136 2592 τὸ
1182 2541 1426 2608 ἐπίχαρι.
1465 2539 1601 2600 Τοὺς
1645 2537 1878 2606 μὲνγὰρ

309 2634 618 2706 μετεώρους
644 2631 745 2701 τῆς
767 2629 1023 2692 ἁλώσεως
1060 2627 1444 2697 ὑπεξαγαγὼν,
1476 2620 1597 2678 εἶτα
1629 2626 1756 2694 περὶ
1773 2626 1878 2692 γῆν

305 2724 511 2793 τίθησι,
544 2723 639 2775 καὶ
663 2721 859 2790 ἀφίησι
883 2719 1164 2772 πονεῖσθαι
1198 2720 1324 2788 περὶ
1356 2717 1454 2788 τὴν
1487 2717 1720 2787 βάδισιν.
1769 2713 1878 2767 Οὖ-

303 2833 381 2868 τω
405 2814 512 2886 γὰρ
551 2814 855 2883 συμφέρειν
885 2811 1141 2880 διέκρινε,
1179 2810 1251 2879 μὴ
1305 2810 1545 2879 ἀπονητὶ
1599 2809 1881 2861 ἀποκατα-

307 2911 502 2974 στῆναι
533 2906 645 2968 τοῖς
673 2905 844 2969 ἰδίοις,
878 2903 1012 2957 ἀλλὰ
1045 2901 1230 2972 μόχθῳ
1258 2901 1356 2971 τὴν
1392 2900 1584 2970 λοιπὴν
1609 2899 1882 2970 σωτηρίαν

305 2995 661 3065 πορίσασθαι,
689 2995 784 3048 καὶ
814 2993 1132 3061 ἐπιγνῶναι,
1158 2991 1216 3051 ἐξ
1249 2991 1373 3044 οἴων
1392 2992 1471 3054 είς
1503 2986 1590 3044 οἷα
1646 2992 1879 3061 μετέπε-

307 3106 422 3144 σον.
453 3090 591 3153 Τοὺς
617 3089 674 3142 δὲ
699 3087 786 3140 διὰ
823 3088 996 3157 πάσης
1034 3086 1306 3156 ὴρμένους
1358 3085 1484 3152 ἄγει
1529 3084 1628 3154 τῆς
1655 3084 1877 3155 μεταξὺ,

309 3179 408 3231 καὶ
460 3180 559 3247 τῆς
609 3175 719 3230 τῶν
783 3175 1077 3246 βαρϐάρων
1141 3174 1506 3244 ἀναρπάσας,

307 3266 508 3335 ἀφίησι
536 3267 800 3336 πατῆσαι,
826 3265 909 3317 ὅτι
943 3263 1017 3334 μὴ
1043 3261 1141 3333 τὴν
1168 3263 1396 3325 ἑαυτῶν,
1430 3262 1505 3324 ὡς
1549 3261 1613 3314 ἂν
1662 3261 1884 3330 μηδενὸς

312 3359 480 3412 πόνου
511 3357 839 3426 γεύσωνται,
868 3353 982 3408 ἀλλ’
1006 3354 1089 3407 ἐνὶ
1122 3351 1349 3422 σταθμῷ
1367 3353 1466 3420 τὴν
1491 3349 1633 3404 οὕτω
1667 3351 1885 3420 μακρὰν

312 3451 543 3521 πορείαν
578 3449 928 3518 μετρήσωσιν
951 3446 1149 3515 ἀέριοι,
1187 3445 1260 3507 ὡς
1299 3444 1349 3496 εί
1406 3443 1499 3497 καὶ
1541 3445 1599 3496 ἐν
1641 3443 1884 3512 θαλάσσῃ

310 3541 640 3612 ἁπρόσκοπα
667 3537 1096 3606 ναυτιλλόμενοι.
1135 3534 1368 3596 Πολλοὺς
1396 3533 1453 3586 δὲ
1501 3536 1595 3586 καὶ
1631 3532 1710 3602 τῷ
1757 3528 1885 3585 tau-

312 3630 410 3683 τοῦ
435 3629 652 3696 τεμένει
679 3625 856 3695 τούτῳ
886 3623 1204 3692 ἐγκαθιστᾷ,
1233 3622 1319 3675 ἵνα
1343 3621 1620 3673 κάνταῦθα
1654 3621 1759 3689 πρὸ
1779 3618 1888 3672 τῶν

311 3720 494 3773 ἄλλων
519 3717 570 3770 oi
591 3714 898 3786 πατριῶται
925 3713 1018 3766 τοῦ
1049 3713 1326 3782 θαύματος
1356 3708 1466 3765 εἷεν
1517 3712 1814 3780 μάρτυρες.

393 3807 504 3880 μζ.
553 3808 614 3862 '0
665 3808 732 3878 δὴ
784 3805 1047 3871 τοιοῦτος,
1112 3807 1207 3857 καὶ
1247 3803 1390 3856 οὕτω
1450 3800 1889 3867 κατεξουσιάζων

314 3903 421 3972 τῆς
453 3901 642 3972 ἀερίας
671 3899 900 3970 χύσεως,
932 3896 1088 3960 τίνας
1121 3896 1221 3950 οὐκ
1265 3895 1332 3950 ἂν
1382 3894 1604 3965 ῥᾳδίως,
1660 3893 1782 3947 ὅθεν
1821 3894 1889 3946 ἂν

313 3988 1093 4060 ἐπινεύσειε,ῥύσαιτο;ΙΙῶς
1145 3987 1202 4040 δὲ
1248 3988 1348 4040 οὐκ
1400 3985 1466 4039 ἂν
1517 3985 1612 4038 καὶ
1667 3985 1891 4052 ἀνέμοις

314 4083 588 4148 ἐπιτάξαι,
622 4083 716 4135 καὶ
740 4082 1003 4150 σκηπτοῖς
1033 4079 1371 4148 ἐπιτιμήσοι,
1419 4077 1513 4128 καὶ
1563 4076 1749 4137 ὑετοὺς
1809 4074 1888 4139 δὲ,

312 4179 444 4237 τοὺς
473 4174 572 4244 μὲν
611 4170 892 4226 ἀναστελεί
921 4167 1352 4244 καταγομένους,
1382 4166 1503 4218 ὅποι
1531 4181 1591 4217 τε
1645 4168 1740 4217 καὶ
1800 4165 1890 4216 ὅτε

317 4266 404 4335 μὴ
449 4243 658 4317 τούτων
710 4261 892 4331 χρεία,
943 4243 1068 4322 τοὺς
1122 4257 1181 4310 δὲ
1241 4255 1584 4327 καταρῤήξει
1636 4253 1892 4324 αἰτούμε-

311 4373 456 4423 νος;
519 4350 596 4408 ὧν
655 4354 720 4424 δὴ
780 4353 996 4407 πάντων
1040 4351 1293 4403 εὐκταῖον
1336 4348 1696 4417 καθηγεῖσθαι
1759 4347 1892 4415 ἡμῖν

315 4443 723 4516 προϊστάμενον
788 4445 878 4496 τὸν
936 4441 1334 4511 εὐεργετοῦντα
1389 4440 1474 4507 ἐφ’
1528 4437 1774 4502 ἅπασιν,
1833 4437 1893 4500 ὃς

2046 2349 2138 2404 46.
2157 2349 2293 2406 Sunt
2313 2361 2492 2408 autem
2517 2354 2566 2408 in
2581 2354 2774 2410 talibus
2795 2366 2850 2411 et
2865 2357 3206 2412 diversitates
3225 2359 3276 2412 in
3295 2369 3554 2431 martyre,

1980 2444 2136 2511 quasi
2177 2444 2278 2498 hac
2313 2445 2580 2500 varietate
2609 2447 2826 2501 mistum
2863 2447 3026 2502 fuerit
3061 2449 3322 2519 prodigiis
3357 2452 3556 2520 jucun-

1981 2536 2164 2589 ditatis
2211 2538 2578 2590 commodum.
2620 2537 2830 2592 Etenim
2891 2539 3024 2592 alius
3056 2553 3086 2594 e
3120 2542 3430 2611 captivitate
3466 2540 3562 2596 ev-

1985 2634 2187 2680 tractos
2209 2643 2368 2696 super
2396 2638 2539 2682 terra
2566 2629 2783 2698 deponit
2801 2639 2856 2683 et
2879 2631 3111 2685 molesto
3136 2631 3327 2688 itinere
3351 2633 3561 2702 fatigat.

1988 2713 2076 2767 Sic
2117 2716 2261 2768 enim
2295 2727 2656 2786 opportunum
2687 2717 2950 2786 judicavit
2993 2732 3095 2770 non
3140 2719 3344 2787 absque
3377 2719 3562 2773 labore

1983 2808 2364 2876 redintegrari,
2391 2809 2483 2861 sed
2531 2821 2650 2860 cum
2701 2808 3016 2877 gravamine
3056 2824 3150 2863 eos
3186 2809 3448 2864 salvatum
3497 2811 3558 2864 iri

1981 2905 2145 2966 atque
2196 2911 2528 2966 cognoscere
2586 2897 2929 2966 quantopere
2993 2897 3127 2967 lapsi
3203 2907 3352 2952 sunt.
3413 2900 3563 2953 Alios

1984 3005 2083 3056 per
2115 3005 2272 3057 quam
2311 2991 2550 3044 elevatus
2587 2989 2655 3044 ab
2689 2991 2833 3044 οιιιιιί
2877 2989 3196 3044 intermedio
3235 2999 3288 3044 et
3324 2991 3564 3059 periculo

1993 3081 2351 3134 barbarorum
2389 3079 2665 3135 abducens
2699 3079 2838 3133 baud
2876 3080 3000 3133 alibi
3038 3081 3280 3135 incidere
3311 3081 3464 3146 sinit,
3489 3081 3560 3135 ita

1562 3173 1662 3225 οὐκ
1718 3173 1882 3242 ἄλλην
1912 3193 1952 3248 C
1989 3183 2045 3225 ut
2075 3187 2173 3225 nec
2213 3171 2512 3240 proprium,
2544 3186 2644 3226 nec
2678 3170 2972 3241 quemlibet
3029 3171 3271 3227 laborem
3325 3181 3563 3240 gustent,

1989 3263 2080 3314 sed
2109 3277 2214 3314 uno
2242 3261 2378 3316 saltu
2417 3263 2552 3317 adeo
2578 3262 2789 3332 longam
2821 3265 2960 3316 viam
2997 3263 3049 3317 in
3087 3278 3212 3319 aere
3247 3266 3557 3332 coniiciunt,

1990 3362 2045 3404 nt
2080 3352 2132 3406 in
2168 3353 2302 3406 mari
2341 3355 2542 3423 absque
2579 3353 2963 3424 impedimento
3000 3356 3335 3426 navigantes.
3371 3356 3566 3410 Multos

1991 3460 2118 3497 vero
2148 3454 2200 3496 et
2233 3445 2286 3498 in
2325 3445 2426 3499 isto
2464 3444 2660 3516 templo
2693 3460 2789 3500 suo
2817 3448 3030 3513 statuit,
3075 3456 3134 3501 ut
3172 3446 3244 3502 ibi
3276 3457 3403 3502 ante
3430 3448 3564 3504 alios

1992 3535 2222 3606 prodigii
2265 3546 2433 3592 teStss
2473 3537 2603 3592 sint.

2059 3820 2151 3872 47.
2173 3818 2270 3874 [lic
2299 3820 2382 3875 vlr
2421 3835 2662 3875 summus
2691 3830 2744 3874 et
2779 3835 2943 3890 super
2972 3835 3161 3876 aereas
3193 3822 3437 3892 regiones
3475 3838 3573 3894 po-

1992 3920 2238 3966 testatem
2262 3911 2488 3976 habens,
2507 3927 2768 3982 quosnam
2789 3927 2892 3966 non
2912 3911 3140 3967 faciliter
3153 3915 3365 3982 quando
3388 3915 3573 3968 volue-

1992 4003 2624 4074 rit.eripiet?Quomodo
2648 4019 2751 4058 non
2796 4015 2847 4060 et
2867 4005 3043 4060 ventis
3065 4005 3371 4074 imperaret,
3405 4007 3574 4074 fulgu-

1996 4097 2144 4147 ribus
2166 4095 2591 4150 comminaretur
2617 4105 2669 4148 et
2693 4095 2898 4150 imbres
2921 4094 3034 4163 jam
3059 4095 3402 4150 imminentes
3427 4097 3571 4166 fuga-

1993 4198 2075 4240 rct
2095 4186 2184 4240 ubi
2200 4197 2254 4241 et
2271 4188 2484 4256 quando
2503 4202 2607 4242 non
2626 4195 2753 4242 sunt
2771 4188 3088 4255 utiles,atias
3107 4203 3232 4242 vero
3254 4189 3574 4245 sollicitatus

1991 4275 2328 4331 ell‘underet?
2377 4277 2474 4332 llis
2517 4276 2587 4332 de
2648 4279 2828 4332 causis
2869 4279 3165 4347 optandum
3220 4289 3302 4334 est
3356 4290 3411 4334 ut
3471 4299 3568 4337 nos

1994 4357 2255 4437 gubernet
2301 4367 2394 4434 qui
2441 4367 2694 4424 omnibus
2744 4367 3030 4436 benefacit,
3060 4371 3150 4439 qui
3199 4370 3372 4425 fertur
3411 4374 3563 4440 quasi

1997 4460 2198 4524 nando,
2232 4473 2398 4527 super
2448 4468 2742 4529 unguenta,
2772 4474 2871 4516 nec
2917 4475 3020 4515 non
3074 4476 3239 4530 super
3286 4464 3571 4528 miracula,

319 4536 639 4606 πελαγίζων
712 4535 901 4604 ὥσπερ
965 4533 1189 4604 μύροις,
1248 4531 1390 4584 οῦτω
1469 4531 1564 4584 καὶ
1627 4529 1882 4599 Gadium,

2003 4562 2056 4604 et
2087 4561 2254 4606 totum
2281 4551 2468 4606 orbem
2503 4551 2812 4605 considerat
2843 4561 2898 4604 et
2928 4551 2981 4605 in
3013 4529 3158 4605 omni
3190 4552 3578 4607 dominationis

318 4632 419 4684 καὶ
453 4632 639 4682 πᾶσαν
690 4627 790 4696 μὲν
825 4626 1149 4696 οἰκουμένην
1207 4623 1690 4691 ἐπισκεπτόμενος,
1730 4621 1823 4672 καὶ
1849 4622 1907 4672 ἐν

319 4733 494 4777 παντι
577 4722 730 4790 τόπῳ
793 4719 892 4787 τῆς
941 4717 1036 4770 τοῦ
1091 4715 1226 4769 Θεοῦ
1272 4714 1590 4775 δεσποτείας
1635 4710 1909 4781 ὑμνούμε-

317 4831 437 4878 νος,
494 4813 583 4866 ἵνα
619 4813 650 4866 ὁ
695 4812 806 4873 τοῖς
853 4810 1016 4874 θείοις
1039 4805 1495 4878 ἐπηκολουθηκὼς
1519 4805 1907 4875 προστάγμασι

319 4904 667 4975 περιάγηται
695 4899 974 4972 πανταχοῦ
1007 4902 1133 4966 γῆς,
1183 4898 1278 4951 καὶ
1333 4895 1906 4950 συνεπακολουθοῦντα

237 4981 246 4988 ’
317 4999 424 5068 ἔχη
450 4997 566 5057 τοῖς
586 4993 682 5049 τοῦ
710 4993 982 5047 Δεσπότου
1015 4988 1198 5044 καὶτὰ
1225 4987 1347 5043 κατ’
1373 4987 1534 5042 αὑτὸν
1559 4986 1834 5057 ἐγκώμια.

397 5091 510 5156 μη¹.
547 5085 661 5152 Τὴν
696 5081 894 5138 ἐαυτοῦ
927 5079 1133 5150 ταύτην
1170 5079 1312 5147 φιλεῖ
1341 5077 1599 5149 μάλιστα,
1659 5080 1753 5129 καὶ
1811 5078 1907 5131 ἀν-

319 5180 661 5249 επίστροφος
691 5174 860 5244 αὐτῆς
885 5173 1001 5225 οὐδὲ
1035 5173 1092 5224 ἐν
1150 5173 1261 5232 τοῖς
1318 5169 1682 5241 βραχυτάτοις
1736 5184 1907 5221 κατα.

319 5273 688 5342 λαμϐάνεται.
721 5269 784 5321 Εἰ
833 5268 892 5321 δὲ
930 5267 1135 5336 Κύριος
1187 5266 1377 5332 ἀγαπᾷ
1408 5265 1503 5326 τὰς
1547 5262 1722 5325 πύλας
1771 5263 1908 5316 Σιὼν

324 5365 472 5433 ὑπὲρ
504 5364 684 5416 πάντα
707 5361 775 5414 τὰ
804 5358 1144 5429 σκηνώματα
1180 5355 1399 5422 Ἰακὼ6,
1442 5355 1540 5409 καὶ
1591 5356 1670 5417 είς
1709 5355 1908 5408 οίκείον

324 5459 603 5528 σκήνωμα
623 5455 682 5507 τὸ
711 5454 829 5506 ἐκεῖ
857 5452 1215 5524 ἐγγράφεται,
1242 5449 1437 5518 ἔχομεν
1457 5451 1550 5502 καὶ
1576 5451 1738 5519 ἡμεῖς
1762 5452 1906 5505 ἐκεῖ·

322 5549 420 5601 θεν
448 5548 934 5620 παραποιήσαντες
979 5544 1362 5613 προσαρμόσαι
1411 5543 1490 5612 τῷ
1531 5543 1767 5614 μάρτυρι
1810 5543 1910 5613 τὴν

325 5641 525 5710 ὁμοίαν
591 5639 690 5694 ἐπὶ⁵
742 5635 825 5706 τῷ
865 5634 986 5688 κατ’
1042 5635 1206 5688 αὑτὸν
1243 5635 1415 5704 τούτῳ
1455 5633 1773 5706 σκηνώματι
1825 5653 1912 5705 φι-

324 5730 559 5802 λητικὴν
590 5728 928 5800 σεμνότητα,
962 5728 1056 5780 καὶ
1084 5728 1112 5778 ὁ
1145 5725 1299 5793 λόγος
1343 5725 1487 5794 μέγα
1545 5726 1913 5779 καταπλουτεῖ

2010 4643 2103 4697 Dei
2145 4643 2261 4697 loco
2308 4643 2634 4706 celebratur,
2665 4649 2723 4696 ut
2777 4643 2870 4711 qui
2916 4642 3110 4696 divinis
3161 4644 3450 4697 obsecutus
3497 4655 3579 4698 est

2011 4733 2279 4787 mandatis
2312 4731 2510 4802 ubique
2552 4741 2817 4785 terrarutn
2859 4729 3183 4794 celebretur,
3213 4741 3262 4785 et
3307 4747 3430 4787 cum
3473 4733 3578 4789 Do-

2009 4823 2140 4876 mini
2177 4822 2426 4877 laudibus
2453 4821 2643 4877 laudes
2674 4837 2803 4878 suas
2841 4821 3038 4876 habeat
3071 4821 3410 4893 coniunctas.

2079 5089 2171 5145 48.
2195 5090 2360 5145 Istam
2395 5103 2548 5145 suam
2590 5089 2890 5158 prmsertim
2919 5098 3086 5156 amat,
3113 5091 3268 5160 cuius
3302 5090 3580 5162 negligens

2009 5195 2110 5236 nec
2139 5181 2192 5234 in
2222 5179 2459 5234 minimis
2480 5178 2921 5247 deprehenditur.
2957 5179 3013 5234 Si
3047 5195 3171 5235 vero
3198 5182 3371 5251 diligit
3399 5181 3583 5236 Denti-

2009 5287 2113 5327 nus
2161 5279 2347 5341 portas
2383 5268 2512 5324 Sion
2555 5285 2720 5338 super
2769 5272 2952 5324 omnia
3006 5270 3350 5326 tabernacula
3390 5271 3578 5338 Jacob,

2009 5364 2148 5430 et,in
2196 5361 2417 5432 proprio
2463 5361 2810 5416 tabernaculo
2841 5364 2912 5418 ibi
2973 5364 3200 5429 habitat,
3237 5380 3341 5419 nos
3367 5381 3582 5435 quoque

2006 5451 2131 5506 inde
2160 5452 2386 5522 martyri
2419 5452 2648 5506 similem
2688 5452 3082 5508 transferamus
3111 5468 3236 5520 erga
3275 5454 3433 5508 istum
3462 5456 3581 5520 ejus

2009 5544 2414 5598 tabernaculum
2465 5541 2822 5610 maiestatem,
2854 5553 2909 5597 et
2950 5559 3128 5598 sermo
3179 5545 3374 5599 rationi
3427 5546 3582 5599 valde

2007 5636 2361 5692 conformiter
2411 5635 2648 5690 ditescit.
2712 5635 2871 5691 Videt
2937 5635 3115 5689 letum
3166 5635 3219 5689 in
3272 5651 3378 5705 quo
3435 5635 3580 5691 aliud

2010 5743 2174 5797 quant
2207 5729 2578 5796 evangelicum
2615 5736 2945 5798 prmeeptum
2989 5729 3261 5796 proponit.

331 5824 392 5876 τ’»
429 5820 664 5890 εὔλογον.
719 5817 863 5886 Ὁρᾷ
887 5818 976 5870 τὸν
999 5815 1182 5884 τόπον,
1221 5819 1279 5871 ἐν
1311 5809 1356 5884 ᾧ
1425 5815 1583 5872 ἄλλον
1635 5818 1834 5886 τρόπον
1891 5817 1923 5886 ἢ
1962 5818 2022 5870 τὸ
2053 5818 2405 5887 εύαγγελικὺν
2441 5817 2729 5888 ὑποτίθησι
2765 5817 3149 5887 παράγγελμα.
