4048 6432
297 449 404 514 2ἔ3

1447 434 1841 495 LAUDATIO
1881 434 1938 496 S.
1973 434 2132 493 DEM
2147 431 2293 490 ΕΤιι
2310 429 2387 490 Η.

3430 421 3542 485 ⁷24

297 561 451 632 παρά
475 557 586 613 τῶν
613 555 857 618 εὐσεϐῶς
897 548 1346 620 κατατεμνόντων
1375 545 1750 619 μεριζόμενοι,
1778 545 1870 598 καὶ

1993 540 2365 610 ιυιιὶειιιὶειιιιθ
2416 536 2652 593 min'2tnis
2706 536 2772 590 ad
2832 535 3265 591 benedictionem
3322 534 3386 587 iis
3444 537 3538 604 qui

301 652 382 715 είς
421 649 702 719 σωτηρίαν
758 645 1014 714 πολυειδῆ
1065 640 1543 712 θησαυριζόμενοι,
1594 638 1689 690 καὶ
1731 636 1875 691 κατά

303 746 472 815 μόρια
495 741 555 795 δὲ
599 740 916 810 βραχύτατα
945 737 1026 799 είς
1047 734 1299 798 εὐλογίαν
1331 732 1445 794 τοῖς
1471 728 1876 800 καρπουμένοις

297 831 782 902 κερματιζόμενοι,
827 827 1047 896 θέλησις
1087 823 1316 877 ἐκείνων
1349 822 1452 893 μὲν
1495 819 1635 890 αὕτη
1662 834 1677 850 ο
1700 817 1795 871 τοῦ
1820 817 1877 871 δὲ

293 925 567 997 ἡμετέρου
592 921 896 993 μάρτυρος,
927 918 1004 989 μὴ
1051 915 1401 987 συντριϐῆναι
1429 931 1481 967 τι
1509 913 1617 966 τῶν
1644 909 1808 964 αὐτοῦ
1843 907 1878 979 ἦ

294 1015 735 1083 διασπασθῆναι,
768 1010 904 1065 ἀλλά
943 1009 1242 1080 φυλάσσειν
1281 1007 1371 1058 τὸν
1402 1008 1468 1059 ὲκ
1503 1005 1718 1073 φύσεως
1752 1000 1875 1054 σύν-

288 1111 518 1178 δεσμον.
554 1106 664 1159 Καὶ
702 1100 771 1176 ἦν
804 1107 914 1176 ἄρα
965 1101 1314 1171 σεμνότερον,
1362 1094 1769 1165 διαπέμπεσθαι
1808 1091 1877 1178 τά

296 1197 441 1251 καλά
482 1196 588 1248 ὑπὸ
641 1194 858 1252 τούτου,
906 1191 980 1252 ὡς
1021 1190 1109 1244 διά
1162 1203 1327 1240 τινων
1386 1182 1723 1246 ἀποστόλων,
1778 1176 1877 1231 τοῦ

296 1289 481 1359 μύρου
536 1303 597 1339 τε
638 1286 731 1337 καὶ
780 1282 876 1336 τοῦ
924 1281 1179 1350 αἵματος,
1230 1278 1374 1348 ἥπερ
1432 1274 1595 1328 αὐτὸν
1634 1271 1879 1341 παρόντα

298 1380 518 1448 σώματι
545 1375 758 1429 διδόναι
796 1374 864 1425 τὰ
902 1370 1231 1443 ζητούμενα.
1261 1368 1433 1421 Τοῦτο
1481 1366 1580 1437 μὲν
1616 1364 1727 1434 γάρ
1759 1364 1879 1430 όμι·

297 1467 692 1539 λητικώτερον,
739 1465 803 1518 τὸ
854 1464 913 1517 δὲ
964 1461 1209 1516 στέλλειν
1246 1461 1340 1514 καὶ
1392 1458 1453 1511 τὸ
1506 1451 1878 1526 ἀξιωματικόν

298 1563 492 1613 πλεῖον
522 1559 659 1628 εχει,
697 1558 793 1610 καὶ
830 1554 968 1625 πρὸς
1002 1551 1482 1624 μεγαλοπρέπειαν
1507 1547 1840 1602 άπονένευκε
1859 1560 1875 1576 ο

300 1652 399 1704 καὶ⁵
435 1649 499 1704 τδ
520 1649 614 1703 τοῦ
656 1645 826 1700 πόθου
857 1645 914 1697 δὲ
941 1643 1052 1712 πῦρ
1082 1644 1178 1695 ἐπὶ
1209 1641 1372 1693 πλέον
1395 1637 1608 1692 ἐκκαίει
1635 1638 1751 1698 τοῖς
1789 1652 1878 1704 φι-

1973 632 2211 686 fructum
2247 632 2368 683 inde
2402 640 2806 697 consequentur
2857 626 3132 689 distribui,
3173 626 3272 677 ista
3324 623 3540 693 quidem

1970 738 2159 781 eorum
2182 722 2462 788 voluntas;
2487 719 2743 790 martyris
2772 732 2899 773 vero
2935 725 3102 771 nostri
3130 729 3226 771 nec
3252 717 3544 784 quidquam

1972 813 2288 878 comminui,
2329 827 2427 868 nec
2474 811 2814 867 membratim
2865 809 3053 873 dividi,
3105 810 3197 864 sed
3235 807 3545 861 naturalem

1972 920 2191 963 servare
2244 918 2582 974 compagem.
2614 902 2679 955 Et
2726 901 3011 956 honestius
3055 914 3188 954 sane
3241 907 3358 953 erat
3406 896 3545 950 bona

1975 999 2039 1053 de
2068 1001 2183 1066 ipso
2204 1006 2260 1051 ιιι
2285 994 2353 1049 de
2373 993 2632 1065 apostolis
2656 992 2931 1048 nonnullis
2950 992 3099 1047 exire
3118 1000 3229 1045 tum
3255 1001 3547 1060 unguento,

1980 1099 2091 1145 tum
2115 1088 2567 1158 sanguine,quam
2600 1085 2774 1155 ipsum
2798 1094 3115 1154 praesentem
3137 1083 3350 1152 corpori
3372 1084 3553 1139 dedis-

1979 1194 2040 1235 se
2059 1179 2301 1247 quarsita.
2330 1175 2464 1230 Nam
2490 1176 2593 1230 hoc
2622 1175 2835 1244 quidem
2862 1173 3179 1245 jucundius,
3210 1186 3547 1244 ungueuutm

1983 1284 2108 1324 vero
2155 1267 2580 1338 sanguinemque
2632 1264 2880 1323 emittere
2927 1264 3187 1334 majorem
3233 1266 3549 1329 dignitatem

1983 1359 2167 1422 habet,
2216 1369 2381 1427 atque
2442 1354 2789 1425 magniﬁcum
2830 1363 2936 1420 est,
2988 1366 3042 1410 et
3097 1355 3348 1409 desiderii
3410 1356 3553 1425 ignis

1982 1450 2154 1519 magis
2174 1447 2431 1520 martyris
2463 1446 3017 1513 antieosinllammat;
3058 1446 3257 1515 quippe
3289 1447 3380 1516 qui
3402 1463 3550 1500 mar-

1985 1540 2120 1613 tyris
2146 1536 2554 1594 tabernaculum
2584 1536 2809 1608 diligere
2840 1536 3023 1593 volunt
3054 1549 3106 1592 et
3143 1537 3261 1608 ejus
3294 1540 3428 1592 atria
3473 1540 3555 1591 iu-

1985 1632 2086 1688 troi
2097 1646 2174 1687 re.

295 1742 659 1812 λομάρτυσιν,
676 1737 749 1800 ὡς
778 1738 872 1791 καὶ
895 1734 1075 1787 θέλειν
1094 1733 1314 1803 ἀγαπᾷν
1333 1730 1529 1790 αὐτοὺς
1554 1726 1616 1779 τὺ
1648 1722 1980 1796 μαρτυρικδν
2005 1722 2163 1776 τοῦτο
2185 1722 2473 1792 σκήνωμα,
2498 1720 2591 1774 καὶ
2613 1719 2892 1774 ὲπιποθεῖν
2911 1719 2995 1781 εἰς
3024 1718 3125 1783 τὰς
3143 1720 3334 1773 τούτου
3366 1719 3555 1785 αὐλάς.

373 1845 488 1893 va’.
518 1838 630 1890 Καὶ
673 1833 784 1887 ἰδοὺ
818 1835 913 1885 καὶ
947 1829 1104 1883 τοῦτο
1145 1827 1578 1897 συλλαμϐάνεται
1618 1823 1750 1894 ἡμῖν
1786 1820 1881 1872 τοῦ

2058 1818 2146 1875 51.
2190 1817 2257 1872 Ει
2279 1832 2407 1873 ecce
2435 1831 2465 1871 a
2494 1815 2646 1870 nobis
2686 1815 2991 1884 concipitur
3034 1829 3214 1873 sermo
3257 1814 3348 1873 ille
3393 1831 3556 1886 quem

299 1933 490 1999 λόγου,
527 1930 586 1981 ὃν
636 1929 695 1979 ὲν
745 1925 992 1995 καταρχῇ
1039 1919 1405 1993 ὲθεωροῦμεν,
1444 1915 1785 1983 ἐπιλέγοντες
1815 1911 1884 1980 τῇ

303 2021 625 2093 μαρτυρικῇ
663 2017 810 2088 ψυχῇ
858 2016 918 2068 τὸ
958 2013 1268 2083 φιλότιμον,
1299 2008 1360 2075 ἐξ
1398 2003 1460 2063 οὗ
1505 2008 1602 2061 καὶ
1628 2007 1664 2075 ἡ
1713 2018 1885 2093 μυροῗ

304 2090 529 2184 χεόμων
569 2112 732 2182 χάρις
767 2106 1098 2174 πεπόθηται,
1137 2104 1233 2157 καὶ
1259 2100 1560 2173 ζητηθεῖσα
1586 2097 1722 2169 πρὸς
1751 2090 1887 2184 Θεοῦ

302 2183 538 2267 δέδοται,
570 2204 664 2255 καὶ
693 2202 727 2272 η
784 2199 884 2268 τῆς
923 2196 1139 2266 φύσεως
1179 2190 1402 2263 ἁρμογὴ
1445 2189 1745 2258 πεφίληται
1794 2183 1888 2238 καὶ

305 2294 764 2364 πεφιλοτίμηται,
810 2281 857 2357 ᾧ
882 2288 948 2358 δὴ
998 2283 1459 2353 συναναφαίνεται
1506 2280 1602 2333 καὶ
1637 2277 1699 2330 τὸ
1736 2273 1891 2364 ipth—

310 2362 505 2457 πατρι,
552 2362 649 2439 καὶ
684 2383 747 2435 τὸ
796 2380 874 2451 μὴ
904 2379 1079 2432 Θέλειν
1120 2376 1212 2428 τὸν
1264 2373 1541 2442 μάρτυρα,
1579 2367 1769 2436 ὥσπερ
1813 2362 1888 2457 pi]

313 2454 457 2532 κατά
492 2480 554 2529 τὸ
584 2477 718 2538 πᾶν,
750 2471 923 2534 οὕτως
956 2467 1078 2522 οὐδὲ
1118 2465 1261 2521 κατά
1289 2482 1344 2517 τι
1381 2463 1491 2514 τῶν
1524 2458 1704 2530 μερῶν
1738 2454 1893 2524 γενέ·

312 2571 443 2623 σθαι
489 2566 878 2633 λειπόπατριν,
918 2560 1035 2616 ἀλλ’
1085 2558 1180 2611 ἐπὶ
1230 2557 1413 2627 χ·ἴρας
1468 2551 1649 2624 μένειν
1695 2547 1890 2612 διόλου,

312 2661 572 2729 καθάπερ
620 2658 718 2712 καὶ
771 2657 868 2708 ἐπὶ
912 2657 1214 2725 σχήματος,
1254 2653 1352 2703 καὶ
1405 2644 1693 2713 συντηρεῖν
1735 2639 1798 2692 τὺ
1834 2639 1891 2690 ἐν

311 2751 486 2806 άπασι
522 2750 753 2801 τέλειον.

386 2841 489 2911 νβ’.
522 2841 600 2894 Οὐ
638 2842 748 2909 μην
789 2836 906 2892 ἀλλ’
939 2834 990 2888 εί
1018 2834 1111 2887 καὶ
1142 2830 1286 2885 οὕτω
1320 2830 1421 2898 τὴν
1465 2824 1699 2896 πατρίδα
1738 2839 1894 2895 περι-

318 2932 581 2994 ποιεῖται,
614 2927 710 2980 καὶ
741 2924 891 2977 εστιν
917 2922 1038 2984 ὅλος
1059 2920 1252 2987 αὐτῆς,
1278 2916 1414 2971 ἀλλά
1442 2913 1763 2985 φυλακτέον,
1787 2911 1893 2982 μή-

318 3036 454 3074 ποτε
483 3019 580 3070 καὶ
602 3016 741 3086 πρὸς
761 3013 1137 3081 ἀγανάκτησιν
1159 3009 1321 3079 ἡμεῖς
1345 3006 1510 3062 αὐτὸν
1535 3001 1891 3075 ὲρεθίσωμεν,

1985 1908 2054 1963 ab
2085 1908 2240 1962 initio
2268 1906 2756 1972 consideravimus,
2781 1921 2812 1960 e
2846 1904 3102 1977 martyris
3131 1906 3307 1959 auium
3342 1906 3555 1961 deside-

1987 2001 2126 2054 riunt
2151 1999 2252 2053 ltoc
2277 1997 2590 2068 seligentes,
2617 2011 2725 2072 quo
2756 1996 3014 2067 unguenti
3042 1994 3193 2059 effusi
3218 1996 3395 2066 gratia
3412 2012 3560 2066 qua:-

1985 2092 2087 2145 sita
2142 2097 2198 2144 et
2249 2104 2280 2144 a
2329 2089 2438 2144 Deo
2497 2090 2693 2143 donata
2742 2096 2852 2154 est,
2907 2095 2961 2141 et
3017 2097 3228 2150 natura:
3278 2089 3563 2158 integritas

1987 2179 2181 2233 dilecta
2209 2188 2313 2236 est.
2339 2176 2475 2234 Hinc
2501 2177 2729 2249 refulget
2753 2178 2944 2248 patria:
2981 2193 3138 2233 amor
3164 2187 3218 2231 et
3251 2179 3304 2234 in
3325 2192 3563 2250 utarsyre

1987 2267 2258 2334 voluntas,
2307 2277 2366 2323 tit
2394 2281 2498 2321 non
2527 2268 2594 2323 de
2626 2276 2737 2322 toto
2762 2268 2841 2323 sic
2873 2283 2973 2322 nec
3030 2270 3095 2323 de
3117 2269 3353 2340 partium
3380 2271 3560 2341 aliqua

1993 2362 2183 2429 patriae
2213 2362 2546 2416 desertorem
2578 2359 2718 2425 ﬁeri,
2748 2359 2844 2415 sed
2880 2361 2934 2414 in
2966 2360 3187 2430 regione
3215 2360 3415 2432 jngiter
3447 2379 3564 2417 ma-

1989 2465 2121 2505 nere
2171 2459 2229 2504 ut
2288 2451 2648 2518 extrinsecus,
2680 2450 2758 2506 sic
2790 2450 2842 2506 in
2891 2452 3149 2508 omnibus
3199 2453 3564 2525 integritatem

1991 2557 2245 2599 servarea

2063 2805 2153 2861 52.
2210 2811 2484 2873 Attamen.
2536 2805 2583 2861 si
2630 2804 2708 2861 sic
2729 2805 2958 2874 patriam
2979 2816 3159 2864 servat
3179 2824 3279 2878 pro
3298 2826 3401 2881 qua
3422 2820 3568 2869 totus

1993 2909 2096 2961 est,
2118 2898 2416 2952 cavendum
2438 2910 2505 2952 ne
2522 2898 2588 2952 ad
2615 2896 3033 2968 indignationem
3056 2914 3178 2954 eum
3194 2916 3567 2969 provocemus.

1995 3005 2027 3045 a
2056 2989 2386 3059 benignitate
2414 2990 2775 3056 retrahamus,
2798 3006 2827 3044 a
2848 2991 3137 3061 pugnando
3162 3006 3259 3060 pro
3284 2994 3442 3049 nobis
3465 2996 3564 3050 ab-

320 3113 400 3183 μὴ
424 3111 524 3180 τῆς
555 3080 866 3179 πραότητος
912 3104 1277 3176 παράγωμεν,
1308 3101 1384 3172 μὴ
1419 3098 1514 3151 τοῦ
1556 3097 1890 3168 ὑπερμαχεῖν

1998 3083 2281 3136 ducamus.
2324 3080 2422 3137 Est
2460 3081 2765 3146 miseratio,
2805 3089 2891 3138 est
2927 3090 2982 3137 et
3039 3082 3118 3137 ira
3161 3096 3376 3155 magna,
3411 3095 3571 3155 prout

315 3170 1042 3275 παραλυσωμενίἜνεστιν
1073 3170 1274 3259 οἶκτος,
1368 3190 1483 3243 ἐστι
1511 3189 1568 3242 δὲ
1598 3194 1693 3241 καὶ
1722 3185 1890 3255 θυμὸς

1994 3171 2123 3227 alibi
2163 3170 2365 3275 dictum
2406 3179 2508 3228 est.
2540 3170 2858 3243 Exemplum
2886 3181 2970 3228 est
3006 3173 3133 3229 belli
3179 3175 3336 3229 istius
3366 3191 3429 3231 os
3463 3176 3575 3235 late

319 3297 523 3367 μέγας,
569 3310 588 3344 ι
608 3290 636 3342 ὃ
656 3290 721 3360 δή
752 3304 837 3351 τις
865 3284 1018 3339 εἶπεν
1039 3283 1287 3354 ἑτέρωθι.
1321 3282 1431 3336 Καὶ
1456 3280 1656 3349 δεῖγμα
1683 3277 1777 3331 τοῦ
1807 3276 1896 3329 λό-

315 3404 421 3456 γου
454 3383 693 3453 πολέμου
752 3379 963 3433 ἐκείνου
1017 3377 1195 3446 στόμα
1244 3374 1418 3428 πλατὺ
1478 3370 1781 3440 ἐπεγχανὸν
1827 3369 1894 3437 τῇ

319 3479 479 3533 πόλει
505 3474 683 3545 ταύτῃ
708 3471 866 3533 ποτὲ,
893 3469 990 3522 καὶ
1019 3470 1097 3532 είς
1122 3467 1302 3537 μάτην
1327 3462 1636 3535 ἑξανοιχθέν
1661 3477 1674 3491 ·
1703 3460 1800 3514 καὶ
1826 3457 1895 3513 αὖ

317 3570 487 3624 πάλιν
524 3566 712 3636 ἕτερος
762 3562 1002 3632 πόλεμος
1053 3560 1227 3631 ἄρδην
1284 3558 1574 3628 ἐκθερίσας
1623 3551 1897 3622 γλαφυρὸν

315 3662 468 3717 οὕτω
498 3661 596 3713 κα)⁵
623 3656 763 3728 βαθὺ
795 3654 892 3723 τῆς
921 3653 1127 3715 πόλεως
1163 3651 1338 3721 λήϊον,
1371 3650 1447 3711 ὡς
1476 3647 1610 3717 μηδὲ
1636 3646 1898 3716 βραχεῖαν

316 3750 728 3822 ἀσταχυλογίαν
753 3743 1246 3817 ἔγκαταλελεῖφθαι
1269 3742 1431 3812 αὐτῇ.
1465 3739 1676 3792 Ἐκεῖνο
1693 3731 1896 3800 οἶκτος,

316 3844 483 3900 τοῦτο
540 3838 880 3912 μαρτυρικοῦ
936 3837 1235 3908 προσώπου
1281 3829 1640 3900 ἀποστροφή⁹
1678 3842 1901 3897 συμμα-

318 3937 455 4008 χίας
486 3936 685 3999 ἐκεῖνο,
719 3930 883 3985 τοῦτο
932 3925 1391 3997 δγκαταλεὶψεως.
1431 3920 1581 3992 Ἀρα
1623 3920 1680 3974 δὲ
1721 3921 1900 3990 μάτην

316 4026 400 4097 τῷ
435 4024 709 4093 ἀθλονίκῳ
744 4022 779 4092 ἢ
811 4022 968 4074 τοῦτο
1007 4019 1040 4090 ἢ
1076 4019 1252 4071 ἐκεῖνο
1282 4015 1745 4083 καταπέπρακτο;
1782 4012 1898 4063 Ila.-

318 4117 613 4190 ραφρονῶν
659 4115 726 4169 ἄν
777 4128 866 4176 τις
897 4111 1030 4165 αὐτὸ
1079 4110 1172 4163 καὶ
1217 4107 1511 4175 λογίσαιτο.
1551 4103 1898 4174 Θεράποντας

320 4212 427 4282 μὲν
458 4210 570 4280 γάρ
593 4205 730 4261 Θεοῦ
759 4223 819 4259 τε
847 4203 941 4259 καὶ
982 4201 1177 4257 ἑαυτοῦ
1200 4198 1534 4270 ἐξευρίσκων
1562 4197 1710 4268 ἡμᾶς
1742 4196 1900 4264 κήδε-

314 4319 414 4355 ται
438 4315 455 4330 ·
489 4299 585 4353 καὶ
623 4296 875 4350 καθάπου
904 4294 1001 4347 καὶ
1031 4292 1218 4362 μήτηρ
1248 4287 1700 4360 ἀμφιπονουμόνη
1731 4284 1900 4353 ποθη-

312 4393 412 4445 τὸν
442 4388 788 4462 βρεφύλλιον,
819 4387 916 4448 τὰς
945 4385 1182 4445 ἀναιδεῖς
1215 4382 1379 4452 μυίας
1411 4379 1691 4443 ἀποσοϐεῖ,
1728 4381 1803 4440 ὡς
1830 4376 1897 4430 ἂν

315 4482 528 4551 γλυκὺς
564 4479 729 4540 ὕπνος
761 4475 894 4529 αὐτὸ
923 4476 1265 4545 ἀμφιχὲοιτο,
1294 4469 1469 4531 οὕτως
1495 4468 1657 4531 αὐτὸς
1697 4467 1896 4536 ἀπείρ-

316 4584 408 4635 γει
427 4567 607 4619 πάντα
632 4563 802 4627 δεινά,
827 4562 923 4617 καὶ
935 4561 1068 4614 αὐτὰ
1090 4559 1157 4612 τά
1174 4558 1534 4627 σμικρότατα,
1556 4554 1630 4618 ὼς
1652 4555 1716 4608 ἂν
1731 4555 1899 4624 ἡδέως

317 4657 485 4713 αὐτοὶ
501 4655 872 4724 καθεύδωμεν.
893 4654 1004 4705 Καὶ
1020 4651 1200 4705 πάντα
1221 4649 1451 4720 πορίζει,
1467 4650 1534 4700 τά
1546 4663 1607 4698 τε
1626 4645 1685 4712 ἐξ
1716 4650 1774 4696 σέ
1785 4662 1847 4715 ρο
1858 4664 1898 4711 ε’,

302 4751 391 4823 τά
404 4766 465 4802 τε
483 4750 547 4800 ὲκ
565 4746 691 4815 γῆς,
709 4745 779 4797 τά
795 4761 852 4796 τε
877 4744 942 4795 ἐκ
964 4741 1234 4810 θαλάττης
1262 4743 1422 4794 καλά·
1447 4741 1814 4809 περιποιεῖται
1842 4736 1900 4788 δὲ

318 4841 419 4895 καὶ
450 4839 671 4908 σώμασι
704 4836 800 4888 καὶ
842 4834 1041 4904 ψυχαῖς
1078 4835 1140 4884 τὸ
1181 4832 1355 4897 ὑγιές.
1409 4829 1640 4899 Ἑτέρως
1686 4827 1742 4880 δὲ
1777 4826 1900 4897 βλέ-

318 4947 444 4984 πων
472 4929 861 4990 ἐκπίπτοντας,
903 4925 937 4995 ἢ
975 4924 1352 4994 παραρριπτεῖ
1390 4921 1525 4991 πρὸς
1568 4919 1830 4978 κάκωσιν,
1858 4915 1894 4985 ἢ

317 5021 461 5083 ἀλλ’,
494 5014 870 5086 ἐπερχομένης
919 5013 1113 5082 αὐτῆς,
1168 5014 1268 5066 οὐκ
1307 5011 1527 5082 ἀμύνει,
1557 5008 1675 5062 ἀλλ’
1712 5011 1901 5060 ὲπινυ-

317 5111 546 5176 στάζειν
584 5110 769 5161 δοκεῖ’
804 5106 899 5159 καὶ
943 5105 1019 5167 ὠς
1060 5105 1163 5158 ὑπὸ
1204 5103 1413 5173 κουλεῷ
1457 5102 1553 5173 τὴν
1585 5099 1897 5171 ἀμυντικὴν

315 5205 584 5274 κρύπτων
609 5198 844 5269 σπάθην,
876 5198 975 5249 ὅσα
1000 5213 1058 5249 τε
1084 5195 1396 5267 ῥᾳδιουργεῖ
1422 5194 1682 5264 πόλεμος,
1706 5192 1899 5261 ἀφίησι

320 5290 607 5363 γίνεσθαι,
634 5291 728 5342 καὶ
759 5289 825 5341 τὰ
851 5286 912 5351 ἐξ
942 5287 1103 5355 ἀέρος
1127 5288 1259 5356 ημῖν
1285 5282 1640 5353 ἐπαιγίζοντα
1670 5281 1900 5349 δείματα

317 5384 583 5460 ¹περιορᾷ,
636 5384 735 5437 καὶ
790 5381 1064 5452 συγχωρεῖ
1098 5377 1562 5448 καταράσσεσθαι.
1622 5377 1731 5429 Καὶ
1778 5373 1902 5427 οὕτε

1996 3261 2269 3331 quondam
2307 3261 2496 3317 urbem
2522 3261 2612 3317 isti
2647 3260 2864 3319 inhians
2889 3271 2944 3317 et
2974 3263 3028 3318 in
3060 3276 3256 3318 vanum
3289 3272 3568 3334 apertum;

1996 3363 2051 3411 et
2084 3353 2277 3409 iterum
2327 3354 2524 3410 bellum
2575 3353 2804 3408 alterum
2862 3353 3078 3424 penitus
3124 3365 3335 3412 vastum
3384 3355 3466 3411 sic
3517 3366 3577 3415 rt

1995 3445 2279 3516 pulchrum
2307 3453 2517 3500 metens
2550 3444 2701 3501 urbis
2732 3459 2943 3515 agrum,
2970 3453 3031 3501 ut
3061 3460 3161 3502 nec
3193 3445 3479 3502 minimum
3511 3449 3564 3504 ei

1997 3544 2304 3591 remaneret
2334 3533 2693 3606 spieilegium.
2728 3534 2863 3589 Illud
2903 3536 3202 3603 miseratio,
3231 3536 3334 3592 hoc
3368 3549 3573 3610 marty-

1999 3628 2074 3682 ris
2092 3628 2304 3682 aversio
2343 3627 2537 3694 faciei;
2566 3628 2697 3682 illud
2717 3627 2844 3682 belli
2866 3627 3133 3695 societas,‘
3166 3629 3269 3685 boc
3315 3630 3573 3687 desertio.

1996 3717 2136 3773 Num
2179 3721 2488 3776 inconsulto
2542 3735 2571 3773 a
2618 3718 2824 3775 victore
2870 3730 3107 3792 martyre
3149 3720 3268 3777 sive
3308 3722 3415 3778 hoc
3462 3724 3577 3783 sive

1998 3810 2131 3865 illud
2182 3810 2385 3865 factum
2436 3810 2553 3864 est?
2595 3810 2865 3878 insipiens
2919 3809 3048 3866 illttd
3103 3812 3586 3881 Opinaretur.Nos.

1999 3903 2216 3970 quidem
2244 3902 2354 3955 Deo
2379 3902 2592 3971 sibique
2619 3915 2803 3956 servos
2824 3915 2946 3956 esse
2970 3910 3144 3965 curat.
3164 3912 3215 3958 et
3236 3903 3378 3958 sicut
3403 3917 3579 3962 mater

2000 3993 2414 4047 dilectissimum
2433 3992 2757 4046 infantulum
2777 3991 3010 4048 sollicite
3033 4001 3295 4060 tractans,
3318 3995 3578 4053 molestas

2001 4100 2216 4139 inustas
2245 4085 2438 4155 abigit,
2465 4097 2523 4138 ut
2549 4099 2672 4138 eum
2705 4083 2877 4139 dulcis
2906 4086 3188 4155 cousopiat
3219 4101 3466 4154 somnus,
3497 4090 3580 4145 sic

1998 4178 2089 4232 ille
2116 4177 2296 4232 oumia
2327 4178 2540 4231 funesta
2561 4175 2643 4231 vel
2662 4174 2881 4229 minima
2903 4187 3119 4233 amovet
3142 4187 3198 4230 ut
3218 4178 3456 4248 jucunde
3486 4196 3578 4235 re-

1996 4273 2356 4341 quiem-amns.
2373 4270 2562 4324 Omnia
2584 4270 2828 4338 largitur,
2849 4279 2959 4324 tum
2976 4284 3038 4324 ex
3062 4283 3208 4336 aere,
3232 4278 3343 4325 tant
3359 4287 3388 4326 e
3407 4282 3577 4340 terra,

1999 4378 2115 4420 tum
2143 4379 2173 4418 e
2204 4365 2337 4417 mari
2370 4364 2539 4426 bona;
2570 4363 2729 4416 nobis
2756 4371 2935 4415 autent
2959 4371 3015 4416 et
3036 4363 3276 4432 corporis
3301 4373 3353 4417 et
3384 4340 3587 4425 animae

2003 4459 2291 4511 sanitatem
2342 4463 2622 4522 operatur.
2657 4454 2831 4507 Aliter
2873 4467 3003 4506 vero
3035 4454 3330 4522 degeneres
3362 4454 3578 4520 videns,

2008 4551 2090 4602 vel
2112 4548 2167 4602 in
2195 4546 2330 4599 mala
2358 4546 2592 4615 projit-it,
2610 4544 2690 4598 vel
2715 4544 2854 4598 malo
2878 4544 3295 4610 superveniente
3316 4545 3577 4598 auxilium

2008 4654 2112 4693 non
2145 4636 2272 4700 fert,
2299 4636 2393 4689 sed
2434 4635 2670 4688 dormire
2722 4634 2939 4687 videtur
2993 4642 3047 4686 et
3088 4635 3241 4700 quasi
3284 4633 3336 4686 in
3385 4633 3577 4703 vagina

2008 4730 2277 4784 vindicem
2320 4728 2620 4780 recondens
2663 4725 2924 4795 gladium.
2949 4723 3168 4792 quando
3206 4724 3336 4778 furit
3378 4725 3577 4780 bellum

2009 4822 2203 4877 saevire
2255 4822 2385 4875 sinit
2438 4833 2627 4871 aereos
2691 4817 2902 4886 jugiter
2971 4817 3231 4880 timores,
3312 4832 3452 4886 quos
3524 4818 3577 4871 in

2003 4926 2105 4966 nos
2166 4911 2372 4962 irruere
2420 4908 2703 4976 permittit.
2758 4903 2944 4972 Neque
2986 4914 3141 4957 terrae
3190 4906 3459 4960 benedicit
3524 4916 3585 4960 ιιι

2003 5001 2145 5055 bona
2180 5014 2279 5052 sua
2331 4998 2516 5060 donet,
2566 5007 2619 5050 et
2672 5011 2818 5049 mare
2867 5005 2960 5048 aut
3017 4996 3367 5062 procellosum
3404 4998 3588 5052 inltor.

2006 5105 2218 5147 rescere
2272 5090 2429 5159 jubet
2485 5099 2544 5142 ut
2591 5088 2821 5159 {gurgite
2878 5096 3035 5142 vasto
3104 5090 3426 5156 navigantes
3486 5092 3585 5145 al)-

2007 5185 2227 5237 surbeat
2247 5223 2261 5248 ,
2323 5194 2413 5235 aut
2456 5181 2584 5235 facit
2613 5182 2816 5235 invium
2851 5180 3003 5235 nobis
3027 5181 3174 5233 reddi
3202 5189 3257 5237 et
3281 5179 3588 5237 infructuo-

2007 5290 2126 5329 sum
2157 5283 2231 5337 et,
2256 5273 2437 5327 dicere
2466 5272 2663 5335 ausim,
2686 5272 2893 5327 sterile.
2922 5270 2980 5324 Si
3003 5287 3130 5326 vero
3148 5281 3197 5325 et
3226 5272 3409 5340 piratae
3438 5289 3589 5328 mare

2010 5365 2427 5420 tt'ansl'tetantes
2453 5375 2633 5420 nostra
2660 5366 3156 5433 prtedanturmetno
3172 5366 3462 5423 amrtnabit
3484 5385 3589 5425 non

315 5480 416 5548 τὴν
448 5476 558 5546 γῆν
601 5474 835 5541 εὐλογεῖ,
871 5472 946 5535 ὡς
989 5470 1192 5523 διδόναι
1224 5470 1292 5522 τά
1331 5467 1529 5537 ἑαυτῆς
1565 5466 1778 5535 ἀγαθά²
1810 5465 1890 5526 καί

2015 5465 2270 5536 martyris
2319 5480 2347 5517 a
2391 5465 2547 5517 nobis
2598 5464 2770 5517 aversi
2821 5478 2958 5531 Opus
3004 5479 3152 5519 esse.
3204 5464 3312 5520 Ant
3363 5463 3590 5525 Elisaetts

312 5575 417 5640 τὴν
452 5569 735 5622 θάλασσαν
766 5564 799 5634 ἢ
830 5560 1169 5631 ὲξαγριαίνει
1219 5559 1653 5629 τραχυνομένην,
1687 5556 1761 5619 ὡς
1813 5559 1890 5611 κα¹

2013 5556 2201 5615 brevis
2235 5555 2487 5609 tnmruris
2523 5555 2769 5611 vindices
2800 5560 3234 5627 expergefaeit...

317 5663 617 5731 κατισπᾷν
649 5660 773 5720 τοὺς
804 5657 865 5723 ἐξ
898 5656 1052 5725 ἡμῶν
1084 5651 1379 5723 πλωτῆρας
1419 5650 1554 5721 βαθὺ
1586 5650 1901 5725 χαίνουσαν,
1941 5650 1975 5720 ἦ
2024 5648 2163 5703 ἀλλὰ
2232 5651 2375 5700 ποιεῖ
2429 5648 2605 5711 ἄλλως
2655 5648 2960 5704 ἀπλοῦσθαι
3022 5653 3104 5715 είς
3156 5653 3384 5725 ἀκεροὲς
3433 5659 3585 5727 ἡμῖν,

316 5758 414 5809 καὶ
440 5755 519 5817 ὡς
544 5754 724 5807 εἰπεῖν
774 5749 1095 5819 ἀτρύγετον.
1134 5746 1196 5799 Εἰ
1226 5746 1281 5798 δὲ
1315 5746 1412 5799 καὶ
1458 5745 1720 5813 πειραταὶ
1761 5743 1967 5813 ταύτην
2005 5741 2265 5812 ἀροῦντες
2302 5741 2663 5811 καρπίζονται
2723 5743 2792 5795 τά
2845 5743 3107 5814 ἡμέτερα,
3175 5751 3271 5799 οὐκ
3336 5748 3403 5800 ἂν
3468 5749 3586 5818 θείη

314 5863 428 5907 τις.
471 5846 550 5915 μὴ
585 5842 872 5896 καὶτοῦτο
902 5837 1254 5910 ἀποστροφῆς
1289 5836 1389 5906 τῆς
1430 5834 1558 5890 καθ’
1587 5834 1744 5907 ἡμῶν
1774 5831 1916 5890 εἶναι
1952 5834 2048 5889 τοῦ
2105 5833 2407 5906 μάρτυρος.
2472 5832 2540 5887 Ἢ
2599 5832 2900 5898 Ἐλισσαῖος
2955 5838 3051 5906 μὲν
3105 5838 3366 5908 βρλχεὶας
3446 5842 3592 5904 τινὸς

319 5939 503 6009 λύπης
538 5936 787 6001 ἐκδίκους
826 5933 1114 6003 ἐξεγείρει.
1215 5969 1232 5987 .
1313 5965 1328 5985 .
1414 5967 1430 5985 .
1510 5967 1527 5984 .
1603 5968 1620 5985 .
1694 5972 1716 5989 υ
1788 5974 1808 5991 .
1885 5971 1906 5988 υ
