4048 6476
432 431 550 495 illi)

1155 429 1502 491 EUSTA'I‘II
1518 427 1571 485 Il
1601 421 2357 485 TllESSALONlCENSlS
2390 420 2954 481 METROPOLITJE

3577 423 3699 476 ‘2‘20

445 556 781 610 nequaquam
837 539 995 600 tales.
1057 539 1151 594 sed
1197 548 1252 593 ut
1294 537 1480 591 Simon
1537 537 1590 590 in
1634 545 1798 601 caput
1827 531 2002 602 prola-

2120 529 2220 586 εἷεν
2249 535 2295 587 οἰ
2345 534 2486 588 κατὰ
2537 533 2690 598 Θεον,
2726 534 2912 586 ούκέτι
2959 529 3218 596 τοιοῦτοι,
3270 530 3387 584 ἀλλ’
3448 525 3560 583 οἷον
3594 531 3703 582 καὶ

443 635 666 699 λιιιηιυτ,
689 631 827 686 sicut
858 630 1075 686 Lucifer
1119 629 1422 698 prmcipites
1445 627 1667 682 cadunt.
1698 625 1845 678 Talis
1877 637 2007 692 ergo

443 737 590 778 scala
620 723 721 776 ista
748 723 991 776 columna
1010 731 1089 776 est
1116 720 1348 774 arduum
1372 719 1496 773 boni
1522 718 1816 789 fastigium,
1836 723 1890 770 et
1911 715 2007 784 qui

445 830 542 882 per
581 814 749 883 ipsam
777 828 990 868 sursum
1019 813 1443 884 progrediuntur
1471 811 1657 865 multis
1702 810 1910 865 nisibus
1939 807 2008 863 ad

441 904 658 958 virtutis
673 903 944 974 fastigium
959 904 1197 968 veniunt,
1217 903 1372 972 quasi
1392 902 1617 970 abrupto
1635 901 1754 955 vita:
1767 899 2012 954 (1ηῐωίιί-

445 1007 574 1048 uere
605 1003 658 1048 et
681 992 992 1046 difﬁcilibus
1021 991 1259 1047 aditibus
1285 993 1574 1062 dirempto;
1593 991 1843 1046 deorsum
1871 1003 2004 1046 vero

442 1097 504 1133 es
533 1083 647 1148 ipsa
680 1083 730 1135 iu
751 1098 990 1149 prmceps
1013 1083 1269 1147 volutati,
1327 1082 1470 1136 inter
1503 1098 1639 1151 quos
1688 1096 1874 1137 eorum
1918 1081 2010 1151 qui

439 1171 707 1226 altissimo
749 1173 858 1228 Deo
911 1174 1190 1228 adhaerent
1240 1173 1419 1227 nullus
1449 1174 1758 1246 ,projicitur
1792 1211 1807 1238 ,
1857 1173 2010 1242 lapsu

437 1263 588 1334 gravi
622 1265 676 1318 in
704 1265 898 1319 tartari
934 1265 1190 1336 abyssum
1222 1271 1408 1319 ruunt.

514 1535 568 1588 4.
607 1531 764 1588 Mons
794 1546 1010 1602 quoque
1040 1531 1288 1587 columna
1322 1533 1450 1596 ista,
1485 1532 1632 1587 unde
1665 1533 1818 1586 venit
1855 1532 2012 1587 auxi-

445 1626 573 1680 lium
607 1641 637 1679 a
661 1625 772 1680 Deo
801 1625 874 1679 illi
915 1627 1092 1694 quieo
1120 1625 1305 1680 oculos
1335 1624 1514 1692 erigit,
1549 1624 1602 1678 in
1627 1639 1729 1694 qua
1769 1636 1824 1678 ut
1847 1639 2012 1694 super

447 1726 630 1772 monte
668 1717 854 1785 aliquo
881 1733 1002 1771 cum
1052 1717 1356 1786 patriarcha
1387 1717 1552 1770 lilium
1584 1716 1827 1771 immolat
1849 1732 2008 1771 suum

440 1824 632 1878 purus,
663 1808 860 1880 quisic
894 1810 1082 1864 suavia
1129 1808 1236 1862 Deo
1296 1809 1487 1863 afferre
1517 1808 1711 1878 dignus
1745 1817 1829 1863 est
1859 1809 2014 1864 habi-

447 1913 557 1956 IUS.

514 1995 566 2049 5.
590 1993 932 2063 Conspicitur
948 2002 1002 2048 et
1021 1995 1126 2050 isto
1147 1995 1199 2048 in
1220 2002 1400 2048 monte
1416 1993 1612 2058 malus,
1633 1993 1724 2062 qui
1755 1992 1807 2045 in
1832 1991 2012 2046 anima

441 2084 714 2150 plautatus
753 2099 1029 2154 nunquam
1065 2085 1299 2138 hominis
1343 2099 1532 2138 navem
1556 2094 1706 2137 extra
1733 2083 2015 2150 spirituale

452 2175 775 2230 :urriculum
821 2173 1155 2228 circumferri
1205 2185 1260 2228 et
1315 2173 1508 2243 jactari
1567 2175 1726 2236 siuet,
1772 2173 2012 2242 quandiu

443 2277 541 2321 aut
562 2268 881 2332 faventibus,
926 2277 1018 2321 aut
1050 2266 1295 2321 adversis
1353 2267 1526 2321 ventis
1584 2280 1678 2335 per
1705 2265 1829 2320 vitae
1866 2279 2014 2318 mare

446 2359 679 2428 navigat.

517 2535 572 2590 6.
601 2535 861 2591 Tumulus
888 2537 991 2591 iste
1022 2537 1238 2593 virtutis
1274 2538 1488 2608 signum
1529 2538 1709 2600 habet,
1745 2529 1900 2607 cujus
1947 2553 2014 2592 ex

442 2630 672 2683 adverso
699 2629 791 2697 qui
843 2637 988 2684 stant
1022 2643 1298 2698 nunquam
1328 2645 1356 2682 a
1390 2630 1590 2696 pietate
1629 2629 2011 2694 declinabunt;

445 2718 566 2788 qui,
628 2718 673 2773 si
726 2733 919 2773 errans
964 2733 994 2772 a
1049 2729 1198 2773 recta
1240 2719 1541 2774 secundum
1599 2720 1866 2773 rationem
1927 2721 2012 2774 via

385 2865 389 2870 ,
447 2809 819 2876 declinaverit,
873 2818 965 2864 aut
1022 2811 1177 2865 deses
1210 2811 1321 2865 alto
1365 2811 1655 2880 depressus
1680 2809 1870 2876 fuerit,
1904 2827 2012 2866 non

443 2902 554 2956 erit
581 2902 722 2956 sicut
753 2911 965 2956 montes
1011 2913 1064 2956 et
1094 2902 1260 2957 colles
1285 2917 1408 2973 qua:
1435 2903 1732 2957 secundum
1770 2901 2016 2974 Scriptu-

449 3011 564 3050 ram
598 2996 975 3051 humiliantur.

519 3091 572 3143 7.
607 3087 1067 3159 Gazophylacium
1099 3088 1351 3144 colunma
1384 3089 1475 3144 illa
1495 3091 1560 3163 in
1617 3093 1870 3158 supernis
1897 3100 2014 3145 tuto

1995 1913 2004 1922 .
2038 1859 2086 1918 B

2111 629 2255 683 κατὰ
2284 629 2504 698 Σίμωνα
2546 630 2844 698 κατωκάρα
2889 628 3239 697 στρέφονται,
3275 628 3369 679 καὶ
3412 626 3471 678 τὸ
3505 627 3704 694 χεῖρον

2111 722 2187 786 ὡς
2216 724 2296 786 εἰς
2324 723 2604 791 ἑωσφόρον
2637 719 3189 792 καταρῥιπτούμενον
3222 721 3528 772 τάττονται.
3558 717 3662 768 Tot
3681 742 3703 756 ο

2114 814 2252 884 αύτη
2279 831 2336 868 τε
2375 809 2466 868 οὖν
2495 815 2698 884 κλίμαξ
2725 816 2753 867 6
2791 813 3033 877 τοιοῦτος
3066 831 3085 865 ι
3123 811 3336 874 στύλος,
3373 829 3392 862 ι
3427 811 3522 863 καὶ
3544 809 3704 878 ἄκρα

2112 906 2172 961 δὲ
2202 905 2415 977 κορυφὴ
2451 906 2679 975 ἀγαθοῦ.
2723 906 2832 960 Καὶ
2855 907 2904 960 οἰ
2946 905 3035 958 ἐπ’
3067 903 3241 975 αὐτὴν
3282 901 3491 956 ἀνιέναι
3527 900 3700 972 μελε-

2114 999 2382 1069 τήσαντες
2410 997 2811 1068 ἀναῤῥιχῶνται
2834 998 2914 1060 εἰς
2943 1000 3002 1050 τὸ
3027 999 3125 1067 τῆς
3154 995 3358 1066 ἀρετῆς
3383 993 3576 1060 ἄκρον,
3605 992 3699 1056 ὡς

2111 1091 2200 1144 διὰ
2237 1090 2497 1161 τραχείας
2531 1089 2652 1143 ὁδοῦ
2681 1090 2778 1158 τῆς
2802 1090 2864 1168 εν
2899 1088 3004 1159 βίῳ
3051 1087 3299 1157 σκληρῷ,
3331 1086 3428 1139 καὶ
3458 1080 3526 1155 ἦς
3550 1085 3699 1139 πολῦ

2112 1181 2175 1234 ca
2199 1180 2428 1244 ἄναντες
2447 1197 2462 1213 ο
2504 1181 2552 1233 οἱ
2583 1181 2628 1233 δ’
2675 1175 2742 1233 αὖ
2784 1179 3245 1248 κατακυλιόμενοι
3276 1177 3336 1244 ἑξ
3385 1176 3576 1244 αὐτῆς,
3606 1168 3701 1235 οἷς

2114 1273 2303 1344 μηδεὶς
2344 1271 2723 1342 συγκαταδαίη
2760 1269 2872 1324 τῶν
2901 1271 3016 1324 ὅσοι
3047 1269 3126 1340 τῷ
3173 1268 3387 1339 ὑψίστῳ
3415 1266 3534 1335 Θεῷ
3563 1267 3696 1318 ὲπι-

2113 1365 2438 1435 γράφονται,
2468 1363 2712 1427 εὐπετῶς
2734 1365 2814 1427 εἰς
2833 1362 3110 1434 ταρτάρου
3136 1361 3324 1432 χάσμα
3348 1357 3700 1412 κατολισθαί-

2113 1473 2320 1511 νουσιν.

2183 1547 2247 1603 δ’.
2287 1565 2306 1600 ‹
2345 1549 2507 1619 Ὄρος
2539 1569 2559 1602 ο
2594 1547 2689 1602 καὶ
2716 1547 2745 1600 6
2780 1565 2799 1599 ι
2835 1547 3021 1610 στύλος
3055 1566 3074 1599 ι
3115 1540 3294 1609 οὗτος,
3339 1546 3464 1600 ὅθεν
3493 1545 3527 1614 ή
3567 1543 3700 1596 θεό-

2113 1641 2205 1694 Θεν
2233 1639 2358 1711 ἥκει
2390 1640 2610 1709 βοήθεια
2635 1639 2714 1709 τῷ
2747 1640 2928 1692 ἐκεῖσε
2959 1640 3084 1700 τοὺς
3117 1637 3432 1706 ὀφθαλμοὺς
3452 1636 3698 1706 αἴροντι,

2113 1733 2172 1784 ὲν
2196 1723 2241 1798 ᾦ
2278 1731 2370 1784 καὶ
2405 1729 2482 1791 ὡς
2519 1732 2577 1782 ὲν
2603 1730 2684 1782 ἐνὶ
2712 1729 2820 1781 τῶν
2857 1728 3028 1798 ὀρέων
3058 1723 3307 1789 Θυσιάζει
3343 1739 3691 1794 πατριαρχιο

2113 1822 2223 1886 κῶς
2254 1822 2343 1876 τὸν
2371 1823 2427 1874 ὲν
2449 1821 2626 1890 ἐαυτῷ
2664 1822 2830 1874 παῖδα
2857 1821 2886 1872 6
2929 1818 3195 1888 καθαρδς,
3233 1819 3344 1882 λκαὶ
3373 1816 3690 1886 ἠξιωμένος

2113 1912 2257 1967 οὕτω
2287 1911 2587 1979 καλλιερεῖν
2620 1911 2697 1977 τῷ
2728 1909 2869 1980 Θεῷ.

2183 2009 2246 2057 ε’.
2291 2002 2590 2071 Θεωρεῖται
2633 2001 2726 2054 καί
2768 2019 2854 2064 τις
2884 2020 2902 2053 ι
2936 1999 3082 2064 ἰστδς
3108 2017 3126 2051 ι
3177 2000 3270 2053 ἐπὶ
3303 1997 3398 2052 τοῦ
3431 1996 3686 2051 τοιούτου

2113 2097 2296 2167 ὅρους,
2324 2095 2382 2158 ὃς
2425 2095 2819 2164 ὲναποληφϐεἰς
2851 2111 2980 2147 ποτε
3013 2095 3092 2156 εἰς
3131 2092 3331 2162 ψυχὴν,
3362 2090 3464 2144 ούκ
3495 2088 3564 2142 ἂν
3618 2090 3692 2142 τὸ

2114 2186 2237 2241 κατ’
2268 2186 2554 2256 ἄνθρωπον
2584 2188 2789 2254 σκάφος
2823 2185 3091 2254 ὠφελείας
3129 2183 3234 2249 ἔξω
3273 2183 3474 2253 ἀφήσει
3512 2181 3693 2249 φέρε-

2117 2282 2261 2344 σθαι,
2313 2277 2408 2334 καὶ
2457 2279 2580 2332 ὅποι
2629 2279 2781 2348 τύχοι
2814 2275 3140 2342 πλάζεσθαι,
3197 2274 3287 2326 ὅτε
3335 2272 3428 2325 τὸν
3481 2270 3687 2324 ἑαυτοῦ

2114 2369 2312 2439 τρόπον
2337 2368 2397 2434 ἐξ
2422 2366 2619 2437 ούρίων
2652 2365 2685 2437 ἢ
2721 2366 2812 2419 καὶ
2852 2365 3028 2428 ἄλλως
3055 2362 3155 2435 τὴν
3195 2361 3290 2415 τοῦ
3322 2361 3438 2428 βίου
3481 2359 3696 2414 διαθέει

2116 2461 2416 2515 θάλασσαν.

2186 2554 2264 2615 ς’.
2298 2567 2317 2600 ι
2348 2548 2542 2612 Βουνὸς
2573 2567 2592 2600 ι
2632 2540 2809 2613 οὗτος,
2864 2547 2963 2611 τὴν
3010 2545 3112 2615 τῆς
3155 2543 3356 2614 ἀρετῆς
3387 2541 3527 2614 ἔχων
3577 2559 3692 2611 ση-

2118 2640 2305 2711 μαίαν,
2355 2639 2423 2710 ἢν
2451 2639 2550 2692 οὐκ
2602 2638 2714 2692 ἔσθ’
2765 2638 2915 2702 ὃπως
2961 2637 3063 2690 οὐκ
3109 2635 3576 2705 εὐλαϐηθήσονται
3627 2635 3690 2686 οἱ

2115 2731 2504 2800 ἀντικείμενοι⁸
2560 2730 2641 2794 ὃς,
2693 2731 2742 2783 εἱ
2797 2728 3104 2798 πλαγιάσας
3150 2725 3547 2796 παρεγκλιοείη
3585 2723 3698 2778 τοῦ.

2115 2822 2260 2877 κατὰ
2295 2823 2452 2892 λόγον
2481 2821 2687 2892 ὀροίου,
2739 2820 2772 2892 ἢ
2820 2821 2913 2873 καὶ
2964 2819 3259 2888 συνιζήσας
3302 2816 3693 2884 ύποκαταὸαἰη

2117 2915 2212 2968 τοῦ
2237 2914 2427 2984 ὕψους,
2457 2915 2559 2968 ούκ
2593 2913 2661 2967 ἂν
2687 2912 2935 2983 διαφέροι
2961 2912 3133 2981 ὀρέων
3161 2929 3222 2965 τε
3256 2911 3350 2964 καὶ
3394 2909 3620 2980 βουνῶν.
3653 2908 3701 2962 ἃ

2115 3007 2498 3061 ταπεινοῦνται
2530 3007 2624 3060 καὶ
2654 3005 2796 3060 κατὰ
2825 3007 2922 3070 τὴν
2950 3005 3197 3075 Γραφήν.

2187 3097 2254 3163 ζ’.
2283 3117 2301 3151 ι
2331 3097 2737 3167 Γαζοφυλάκιον
2789 3099 2816 3149 6
2869 3095 3058 3158 στύλος
3097 3116 3117 3147 ι
3169 3085 3348 3157 οὗτος,
3395 3094 3700 3163 ὐπερανῳ-

445 3178 773 3234 aedificatum
799 3188 854 3232 et
878 3180 947 3233 ab
974 3178 1174 3233 inlimis
1214 3191 1585 3250 segregatum,
1648 3198 1748 3236 nec
1801 3182 2015 3236 insidiis

2120 3191 2376 3260 κισμένον
2406 3188 2662 3255 ἀσφαλῶς
2685 3190 2779 3240 καί
2805 3186 3232 3256 ἀνακεχωρηκδς
3253 3185 3362 3238 τῶν
3389 3187 3559 3250 κάτω,
3592 3187 3700 3240 καὶ

445 3279 505 3327 et
552 3271 674 3326 loco
714 3285 1018 3336 accessum,
1046 3273 1099 3325 in
1123 3285 1232 3340 quo
1271 3271 1568 3340 spiritualis
1621 3273 1908 3328 thesaurus
1935 3287 2017 3326 re-

448 3363 717 3428 conditur,
744 3362 938 3425 virtus,
967 3363 1121 3432 cujus
1145 3365 1378 3432 pretium
1411 3363 1593 3417 omnia
1623 3373 1846 3430 superat
1875 3380 1889 3428 ;
1919 3363 2009 3432 qui

449 3452 590 3521 apud
633 3453 796 3506 Deum
836 3463 1209 3514 coacervatur,
1234 3455 1535 3510 secundum
1571 3454 1931 3526 Scripturam,
1967 3464 2020 3509 et

448 3545 502 3599 in
533 3543 676 3596 illius
705 3544 972 3597 thesauris
1000 3544 1359 3614 obsigillatur.

520 3634 575 3688 8.
601 3633 794 3687 Nidqu
821 3633 1093 3700 videmus,
1127 3634 1179 3686 in
1203 3650 1310 3703 quo
1334 3635 1472 3689 cibis
1490 3645 1781 3704 pascuntur
1807 3643 2022 3703 aposto-

450 3725 570 3780 licis
616 3724 714 3778 viri
765 3724 922 3783 aerii.
971 3723 1202 3793 desuper
1236 3725 1504 3792 volantes,
1552 3735 1605 3780 et
1631 3725 1814 3780 multis
1836 3739 2024 3796 passe-

455 3815 609 3868 ribus
630 3819 792 3867 cantu
817 3811 1048 3868 salutari
1080 3811 1352 3868 meliores.

523 4011 577 4064 9.
606 4008 796 4064 Turris
832 4005 1167 4061 fortitudinis
1197 4005 1298 4059 ista
1338 4019 1520 4060 coram
1567 4004 1787 4061 inimico
1843 4005 2028 4062 fortis-

455 4104 630 4166 simo,
692 4100 783 4170 qui
841 4099 1064 4154 bellicas
1129 4097 1412 4152 machinas
1481 4107 1670 4152 contra
1739 4100 1872 4155 tales
1926 4103 2022 4154 ad-

457 4196 607 4249 ducit
656 4191 723 4246 ad
755 4190 988 4244 ruinam.
1029 4188 1114 4243 Sit
1148 4189 1262 4243 haec
1298 4188 1461 4243 turris
1490 4204 1554 4243 ex
1585 4189 1827 4245 veritatis
1853 4205 2025 4260 angue

456 4285 660 4340 laribus
687 4281 987 4352 composita
1028 4290 1082 4334 et
1117 4280 1170 4334 in
1211 4280 1462 4335 virtutem
1516 4280 1759 4336 stabilita
1794 4282 1886 4336 fiat
1917 4283 2027 4337 ele—

457 4375 715 4448 phantina
751 4373 938 4435 turris,
967 4386 1069 4440 qua
1097 4371 1395 4426 delectatur
1411 4371 1502 4437 qui
1521 4372 1699 4426 divina
1719 4383 1887 4437 amat,
1920 4390 2024 4428 non

458 4483 587 4525 sane
618 4478 676 4522 ut
726 4467 777 4521 in
834 4465 968 4520 turri
1002 4464 1240 4519 Chalane
1284 4465 1548 4518 moriatur
1583 4463 1785 4516 frustra
1834 4475 2021 4518 contra

2119 3284 2222 3338 οὐκ
2256 3281 2724 3342 εύεπιόούλευτον,
2750 3279 2878 3331 ἔνθα
2908 3280 2937 3332 6
2965 3278 3107 3331 κατὰ
3150 3277 3375 3345 πνεῦμα
3417 3278 3702 3347 θησαυρὸς

2120 3378 2553 3444 ταμειουχεῖται,
2587 3375 2619 3442 ἡ
2650 3371 2842 3443 ἀρετὴ,
2873 3365 2940 3442 ἦς
2983 3371 3083 3425 οὐκ
3113 3369 3262 3433 ἄξιον
3301 3369 3445 3422 ἅπαν
3474 3371 3654 3437 τίμιον
3678 3387 3699 3401 ο

2120 3467 2178 3528 ὃς
2207 3466 2270 3535 δὴ
2304 3466 2398 3518 καὶ
2436 3464 2697 3530 συνῆκται
2726 3462 2879 3532 παρὰ
2906 3461 2983 3531 τῷ
3006 3461 3124 3531 Θεῷ
3156 3461 3297 3513 κατ-ἰ
3324 3461 3415 3512 τὸν
3446 3461 3702 3524 εἰπόντα,

2123 3557 2608 3630 καιὲσφράγισται
2641 3558 2698 3608 ὲν
2722 3558 2836 3618 τοῖς
2871 3555 3039 3608 αὐτοῦ
3066 3554 3383 3623 Θησαυροῖς.

2191 3657 2263 3718 η’.
2299 3667 2318 3700 ι
2346 3647 2555 3700 Νοσσιὰ
2589 3666 2607 3697 ι
2647 3646 2707 3699 τὸ
2740 3646 3072 3714 βλεπόμενον
3116 3643 3297 3710 τοῦτο,
3349 3646 3407 3696 ὲν
3501 3641 3704 3711 ἐκτρέ-

2124 3757 2315 3810 φονται
2348 3737 2723 3799 ἀποστολικῶς
2765 3737 2816 3789 οἰ
2861 3735 3315 3806 αἰθεροὸάμονες,
3364 3738 3458 3789 καὶ
3510 3738 3586 3797 εἰς
3626 3736 3702 3788 τὰ

2123 3830 2237 3886 ἄνω
2269 3825 2546 3896 πτητικοὶ,
2573 3829 2662 3878 καὶ
2697 3825 2910 3878 πολλῶν
2938 3823 3239 3894 στρουθίων
3280 3826 3425 3878 κατὰ
3453 3822 3552 3894 τὴν
3587 3839 3702 3875 σω-

2122 3922 2361 3993 τηριώδη
2391 3918 2576 3990 φωνὴν
2599 3919 2974 3988 διαφέροντες.

2191 4015 2262 4069 θ’.
2295 4030 2313 4064 ι
2343 4014 2560 4084 Πύργος
2578 4004 2736 4072 οὗτος
2765 4007 2945 4079 ἰσχύος
2971 4027 2991 4060 ι
3017 4007 3125 4062 ἀπὸ
3156 4007 3450 4078 προσώπου
3471 4007 3698 4079 ἐχθροῦ,

2123 4105 2218 4159 τοῦ
2246 4105 2420 4159 δεινοῦ
2474 4099 2824 4166 πολεμιστοῦ,
2877 4099 2932 4162 ὃς
2980 4100 3373 4167 μηχανώμενος
3419 4098 3700 4156 ἑλεπόλεις

2123 4201 2237 4260 τοῖς
2260 4195 2521 4256 τοιούτοις
2554 4193 2749 4260 ἐπάγει
2778 4190 2914 4258 πρὸς
2943 4191 3164 4259 ὄλεθρον
3206 4189 3691 4260 πυργηρούμενος.

2126 4291 2341 4344 ι’ένοιτο
2369 4288 2424 4341 δὲ
2455 4286 2667 4354 πύργον
2709 4285 2896 4354 ἰσχύος
2924 4280 3062 4335 εἶναι
3094 4283 3305 4348 τοῦτον,
3346 4282 3406 4346 ἐξ
3443 4280 3698 4350 ἀκρογω-

2127 4397 2235 4433 νων
2285 4378 2544 4448 ἀληθείας
2578 4369 3020 4445 συγκροτηθέντα
3068 4377 3147 4436 εἰς
3198 4374 3257 4427 τὺ
3302 4374 3548 4443 στερρὸν,
3597 4375 3700 4425 καὶ

2131 4470 2609 4538 συντετελεσμένον
2659 4470 2739 4530 εἰς
2770 4469 2976 4537 ἀρετήν
3001 4484 3014 4499 ο
3048 4468 3160 4518 εἴτε
3196 4467 3288 4518 καὶ
3336 4485 3354 4516 ι
3393 4465 3552 4535 βάριν
3585 4466 3705 4517 ἐλε-

456 4563 651 4617 coelum
682 4557 941 4612 mdilicata
966 4597 980 4621 ,
1011 4569 1111 4610 nec
1138 4563 1196 4607 ut
1244 4552 1338 4607 fiat
1384 4553 1438 4606 in
1481 4553 1834 4607 elevationem
1881 4554 2016 4611 illius

2129 4564 2409 4632 φαντίνην,
2505 4560 2563 4624 ἐξ
2609 4529 2738 4612 οἴων
2771 4529 3122 4627 εύφραίνεται
3155 4557 3183 4608 6
3210 4557 3278 4608 τὰ
3315 4529 3433 4608 Θεῖά
3466 4529 3702 4622 φιλόκα-

455 4653 545 4720 qui
577 4650 818 4721 neglecta
863 4647 1050 4702 mortis
1093 4643 1451 4699 meditatione
1483 4645 1774 4714 superbus,
1827 4646 2024 4703 deinde

455 4741 513 4797 in
549 4749 776 4796 mortem
799 4737 1039 4793 transiit.

2127 4653 2235 4714 λος·
2260 4651 2321 4704 οὐ
2351 4653 2457 4720 μὴν
2483 4650 2561 4712 εἰς
2591 4648 2799 4718 πύργον
2819 4646 3319 4716 ἀποτελευτηθῆναι
3353 4665 3371 4697 ι
3396 4645 3697 4713 χαλὰνης,ι

2133 4743 2309 4813 μάτην
2363 4739 2828 4808 τεθεμελιωμένον
2885 4738 3029 4792 κατά
3085 4737 3178 4789 τοῦ
3228 4735 3499 4803 ούρανοῦ,
3561 4736 3701 4804 μηδὲ

458 4834 712 4903 γενέσθαι
761 4832 905 4885 κατά
933 4831 995 4884 τδ
1027 4830 1230 4900 ὕψωμα
1277 4827 1373 4882 τοῦ
1415 4829 1634 4898 φαύλως
1673 4848 1692 4883 ι
1730 4831 1830 4904 τὴν
1860 4835 2181 4908 φιλοσοφίαν
2225 4837 2460 4890 Θανάτου
2518 4835 2750 4906 μελέτην
2784 4854 2802 4887 ι
2885 4833 3320 4906 παρακηκοότος,
3381 4833 3441 4896 ὃς
3503 4830 3702 4883 ἑαυτὸν

460 4926 705 4996 ύψώσας,
741 4917 858 4976 εἶτα
885 4923 964 4981 εἰς
991 4921 1219 4974 θάνατον
1247 4922 1647 4992 κατεπήδησεν.

529 5021 619 5075 il).
647 5018 764 5072 Non
799 5017 972 5072 solum
1005 5016 1173 5068 turris
1203 5015 1537 5072 fortitudinis
1561 5029 1615 5071 et
1652 5018 1803 5074 locus
1830 5021 2024 5092 refuin

461 5110 717 5169 salutaris
753 5108 1002 5164 columna
1025 5105 1138 5170 illa,
1164 5107 1254 5158 sed
1288 5115 1342 5158 et
1369 5105 1499 5160 urbs
1530 5109 1735 5161 tutinita
1764 5148 1780 5172 ,
1815 5125 1912 5165 nec
1937 5128 2028 5166 sn-

463 5205 571 5256 huu
603 5214 769 5268 super
801 5207 1038 5252 montem
1071 5195 1194 5260 sita,
1221 5211 1345 5264 qua:
1371 5198 1612 5250 omnium
1642 5209 1830 5266 patens
1854 5202 2027 5257 oculis

2133 5076 2139 5083 _
2205 5017 2256 5072 t'.
2292 5017 2366 5070 Οὐ
2401 5016 2560 5085 μόνον
2590 5015 2644 5066 δὲ
2677 5033 2694 5065 ι
2725 5013 2934 5082 πύργος
2982 5013 3166 5080 ἰσχύος
3200 5029 3218 5062 ι
3271 5011 3363 5063 καὶ
3393 5027 3410 5060 ι
3450 5010 3705 5079 κρησφύο

2132 5111 2286 5182 γετόν
2317 5128 2335 5161 ι
2393 5125 2447 5160 τι
2483 5106 2754 5173 σωτήριον
2805 5107 2832 5156 6
2871 5122 2888 5154 ι
2921 5103 3112 5164 στύλος
3144 5121 3162 5154 ι
3207 5095 3382 5163 οὗτος,
3427 5100 3562 5153 ἀλλὰ
3605 5103 3703 5154 καὶ

2137 5219 2156 5254 ι
2187 5201 2341 5263 πόλις
2392 5198 2586 5267 ὀχυρὰ,
2623 5213 2641 5246 ι
2697 5193 2791 5247 καὶ
2844 5193 2982 5263 αὕτη
3016 5193 3076 5244 ού
3109 5192 3271 5260 μόνον
3313 5190 3499 5242 ἐπάνω
3539 5191 3704 5260 ὅρους

465 5290 720 5349 abscondi
771 5304 877 5342 non
926 5293 1122 5355 potest,
1174 5288 1268 5340 sed
1301 5300 1354 5340 et
1391 5287 1458 5340 ad
1497 5288 1688 5344 coelqu
1722 5291 2016 5359 pertittgent

2133 5291 2405 5359 κειμένη,
2465 5289 2559 5342 καὶ
2617 5288 2702 5339 οἵα
2761 5286 2838 5354 μὴ
2895 5286 3039 5353 ἔχειν
3096 5283 3434 5353 κρύπτεσθαι
3492 5282 3580 5335 διὰ
3635 5283 3701 5334 τὸ

465 5402 560 5456 pro
590 5380 874 5435 altitudine
898 5393 1002 5448 qua
1024 5377 1244 5436 eutiuct,
1279 5378 1350 5431 ita
1388 5389 1444 5431 ttt
1473 5395 1668 5435 vocare
1704 5382 1862 5436 liceat
1882 5384 2035 5437 cocli-

467 5478 640 5532 colatn
675 5489 800 5528 cum
837 5472 926 5542 qui
960 5483 1122 5538 super
1149 5484 1211 5524 ea
1237 5471 1461 5523 habitat.

537 5654 625 5708 ﬂ.
659 5651 717 5708 Si
748 5651 817 5706 ob
847 5653 1132 5706 verborum
1165 5649 1575 5720 significationis
1610 5649 1946 5716 afﬁnitatem,
1976 5654 2028 5707 in

447 5750 611 5806 'ldem
650 5744 969 5800 adducimus
1010 5743 1180 5814 στήλη
1218 5754 1269 5797 et
1304 5742 1514 5806 στύλος.
1546 5742 1878 5799 fortitudinis
1920 5758 2028 5801 sta-

475 5851 560 5903 tua
597 5846 742 5896 recte
772 5837 969 5894 dicitur
1000 5836 1090 5906 qui
1125 5849 1285 5905 super
1317 5835 1562 5890 columna
1597 5834 1699 5890 ista
1724 5845 1851 5891 stat.

2129 5385 2394 5439 ἄποπτον,
2427 5378 2566 5432 ἀλλὰ
2600 5380 2692 5431 καὶ
2719 5378 3110 5447 οὐρανομήκης
3143 5377 3232 5429 διὰ
3283 5375 3342 5426 τὸ
3375 5375 3497 5426 κατ’
3525 5373 3698 5441 αὐτὴν

2135 5472 2506 5540 θεωρούμενΝ
2536 5468 2688 5537 ὕψος,
2713 5470 2786 5531 ὡς
2818 5465 2958 5520 εἶναι
2990 5467 3262 5536 προσφυὲς
3294 5467 3465 5518 εἰπεῖν
3493 5467 3584 5516 καὶ
3608 5465 3702 5516 ού-

2144 5563 2498 5632 ρανοπολίτην
2532 5563 2623 5612 τὸν
2653 5561 2781 5627 περὶ
2811 5559 2980 5628 αὐτὴν
3006 5557 3343 5626 εἰλούμενον.

2211 5659 2299 5706 ια’.
2331 5653 2392 5703 Εἰ
2431 5653 2520 5703 καὶ
2548 5651 2636 5702 διὰ
2660 5651 2718 5702 τὸ
2760 5651 2813 5701 ἐν
2851 5647 3097 5719 σημασίᾳ
3156 5646 3412 5714 συγγενὲς
3460 5646 3568 5698 τῶν
3602 5647 3700 5712 ρη-

2140 5743 2326 5814 ματων
2362 5743 2439 5802 εἰς
2463 5741 2655 5792 ταυτὸν
2686 5743 2748 5808 τῇ
2785 5758 2802 5788 ι
2832 5741 3001 5809 στήλῃ
3031 5757 3047 5789 ι
3090 5739 3179 5791 τὸν
3219 5737 3473 5790 «στύλον»
3512 5735 3698 5789 τοῦτον

2136 5834 2455 5899 ἀγάγωμεν,
2510 5830 2701 5899 ῥηθείη
2736 5830 2802 5883 ἂν
2831 5831 2921 5883 καὶ
2963 5849 2982 5880 ι
3014 5831 3314 5900 καρτερίας
3351 5828 3575 5899 ἀνδριὰς
3614 5845 3630 5878 ι
3670 5829 3699 5882 ὁ

2125 5927 2216 5978 ἐπὶ
2249 5943 2264 5977 ι
2297 5920 2492 5992 στήλης
2521 5940 2538 5973 ι
2587 5919 2788 5993 ταύτης
2815 5921 3117 5992 φερόμενος
