4048 6460
477 414 581 478 ΕΞῖ
1257 413 1670 476 EUSTATHH
1708 410 2070 470 TllESSAl.t

2171 410 2462 470 [CENSIS
2498 410 3056 470 ΜΕΤΒΟΡΟΙᾸΉΞ
3647 414 3752 476 ἓέί

479 530 772 590 supputatn
846 522 1007 574 facili.
1044 521 1164 575 llaec
1200 521 1323 575 licet
1373 523 1555 575 decem
1607 521 1833 574 millium
1866 520 2050 572 labore

2171 523 2220 570 τὰ
2253 520 2475 573 τοιαῦτα
2505 522 2640 590 ἐρεῖ,
2667 521 2743 583 ὡς
2777 516 2920 574 εἶναι
2953 518 3408 588 ἀντιστρέψαντα
3461 520 3522 572 τὸ
3554 539 3755 591 γραφι-

488 618 796 662 constructa
829 611 957 672 sint,
1014 627 1116 662 non
1153 619 1328 663 tamen
1375 611 1744 679 magnitudine
1802 609 2058 663 Mausolei

2173 612 2267 663 κὸν
2317 612 2490 664 εἰπεῖν
2517 626 2534 642 ο
2579 630 2597 662 ι
2635 613 2690 665 al
2717 613 2886 665 οἰκίαι
2921 609 3102 665 αὐτῶν
3141 613 3313 680 τάφοι
3354 611 3579 665 αὐτῶν·
3611 631 3630 664 ι
3669 617 3758 667 καὶ

494 700 712 764 molem,
751 717 849 755 ιιι-ε
879 702 1001 770 Cyri
1039 706 1176 767 apud
1206 702 1398 756 Persas
1429 717 1651 772 regnum
1683 709 1921 776 atquant.

2171 704 2284 756 οὐδέ
2313 706 2394 766 εἰς
2420 704 2509 754 τὸν
2535 705 2726 764 αἰῶνα,
2755 704 2946 774 καιρὸν
2965 704 3021 756 δέ
3053 721 3194 766 τινα,
3224 703 3326 756 καὶ
3345 704 3519 758 αὐτὸν
3547 705 3752 773 βραχὺν

488 793 565 854 ὡς
597 794 665 846 τὰ
698 793 886 852 πολλὰ.
918 794 1010 846 καὶ
1068 793 1290 864 ἀριθμῷ
1337 794 1736 863 εὐπερίληπτον
1762 809 1776 822 '
1829 794 1879 846 οἳ
1902 833 1916 856 ,
1953 793 2055 846 κᾶν
2102 798 2272 863 μυρία
2304 797 2635 857 ἐκπονοῖντο,
2665 795 2789 847 οὔτε
2818 793 2886 848 ἂν
2916 795 2973 846 ἐν
3003 793 3223 864 μεγέθει
3284 793 3382 846 τὸν
3435 795 3750 847 Μαυσώλοσθ

485 888 657 955 τάφον
687 887 1102 956 ὑπερελάσαιεν,
1137 887 1258 940 οὐδὲ
1310 887 1417 956 μὴν
1471 888 1562 939 τὸν
1620 887 1770 957 παρᾶ
1816 888 2052 958 Πέρσαις
2093 890 2186 942 τοῦ
2221 889 2404 960 Κύρου
2437 891 2514 951 εἰς
2550 889 2825 942 πολιτείαν
2850 889 2950 957 (1).

559 981 646 1032 l7.
683 979 787 1032 Sed
819 995 884 1032 ne
925 980 1067 1032 circa
1101 979 1409 1033 columnam
1443 981 1778 1052 divagantes,
1813 983 1950 1035 sicut
2002 981 2056 1035 in

2231 983 2320 1046 ιζ’.
2366 981 2511 1033 Ἀλλ’
2545 981 2630 1034 ἵνα
2663 982 2737 1051 μὴ
2766 979 2860 1034 τοῦ
2901 999 2918 1031 ι
2949 979 3144 1032 στύλον
3177 998 3195 1032 ι
3227 978 3752 1048 ἀποπλανηθέντες,

488 1071 791 1143 labyrintho
821 1072 1065 1127 artificiis
1098 1073 1438 1126 includamur
1471 1075 1522 1126 in
1552 1072 1744 1140 laqueo
1765 1073 2059 1126 inextrica-

2171 1074 2234 1137 ὣς
2273 1073 2329 1126 ἐν
2381 1091 2488 1128 τινι
2545 1073 2858 1142 λαϐυρίνθῳ
2905 1075 3024 1135 ταῖς
3063 1072 3170 1124 τῶν
3218 1071 3536 1124 ἐπιϐούλων
3589 1073 3750 1125 οἴκων

487 1164 603 1227 bili,
634 1165 942 1216 accuratius
971 1165 1164 1217 iterum
1198 1164 1593 1218 consideranda
1621 1164 1868 1218 columna
1899 1163 2059 1232 idque

2171 1161 2628 1233 ὲναποληφθῶμεν
2656 1162 2921 1231 σήραγξιν
2953 1163 3033 1225 είς
3076 1162 3449 1230 ἀδιεξίτητον,
3503 1163 3744 1214 ἀναθεω-

488 1254 884 1308 ratiocinando.
922 1254 1150 1319 Specula
1190 1254 1280 1306 ille
1315 1269 1528 1308 sursum
1563 1254 1840 1320 incedens,
1880 1254 1929 1307 in
1962 1254 2060 1308 bo-

2171 1253 2354 1324 ρητέον
2385 1250 2541 1314 αὖθις
2577 1251 2734 1322 ὑψοῦ,
2761 1254 2854 1305 καὶ
2880 1252 3187 1322 θεωρητέον
3220 1253 3402 1304 εἰσέτι
3433 1253 3529 1306 τὸν
3563 1273 3582 1305 ι
3625 1254 3749 1305 στύ-

483 1361 610 1399 num
637 1356 852 1401 erectus
877 1355 932 1400 et
967 1347 1035 1402 iis
1058 1346 1254 1415 quibus
1285 1347 1472 1400 boetes
1499 1345 1826 1400 insidiantur
1851 1345 2058 1400 saluta-

2171 1348 2249 1396 λον
2287 1361 2305 1395 ι
2350 1342 2446 1396 καὶ
2499 1341 2673 1404 ἄλλως
2709 1341 2849 1395 κατὰ
2904 1341 3062 1409 λόγον
3096 1342 3401 1421 ὁριστικόν.
3448 1359 3467 1392 ι
3502 1343 3747 1395 Σκοπευ-

483 1441 581 1502 ris.
600 1449 654 1493 et
684 1441 748 1494 iis
774 1441 864 1509 qui
895 1441 1106 1496 desides
1131 1450 1258 1494 sunt
1287 1440 1586 1507 spiritualis
1609 1440 1793 1495 adstat
1819 1441 2056 1510 gladius.

2171 1437 2346 1504 τήριον
2378 1453 2397 1486 ο
2450 1436 2477 1487 6
2507 1433 2796 1502 ὑψιϐάμων
2833 1426 3012 1496 οὗτος,
3065 1433 3143 1495 εἰς
3184 1433 3396 1498 ἀγαθὸν
3441 1433 3747 1502 ἀνεγηγερ-

482 1529 738 1584 Mercurii
778 1530 996 1598 quidem
1036 1531 1270 1584 tumulos
1297 1531 1517 1585 historia
1556 1532 1711 1586 nobis
1745 1533 1796 1584 in
1843 1547 2055 1586 memo-

2171 1527 2342 1596 μένος,
2376 1526 2470 1580 καὶ
2504 1528 2617 1588 τοῖς
2649 1526 2754 1579 ὑπὸ
2797 1525 3072 1593 πολεμίων
3107 1525 3536 1594 ἐφοδευομένοις
3572 1527 3745 1592 σωτή⁴

485 1621 618 1673 riam
663 1628 883 1674 revocat
924 1635 940 1673 :
975 1629 1100 1674 sunt
1129 1629 1310 1674 autem
1357 1619 1590 1687 lapidum
1629 1619 1794 1673 moles
1838 1635 2056 1674 mensu-

2171 1611 2388 1682 >ιος,οἷ’ς
2404 1617 2819 1686 ἀνεπιστρῦφως
2841 1616 3054 1685 ἔχουσιν
3077 1617 3106 1683 ἡ
3128 1633 3250 1669 νοου
3261 1616 3407 1684 μένη
3431 1613 3746 1666 nimim:

485 1721 634 1774 ratm,
672 1713 1102 1767 recordationem
1139 1718 1417 1767 moventes
1449 1710 1788 1766 Mercurialis
1821 1711 2054 1776 alicuius

2171 1710 2420 1779 ιάχαιρα.
2475 1707 2588 1762 Kal
2640 1709 2833 1776 λόφους
2891 1707 2990 1777 μέν
3046 1724 3199 1769 τινας
3252 1707 3536 1775 ἐρμαίους
3571 1708 3601 1775 ἡ
3639 1708 3735 1775 τῆς

477 1803 645 1858 caedis
667 1804 971 1872 antiquitus
1000 1805 1228 1858 traditae.
1272 1804 1504 1870 Lapides
1544 1818 1703 1871 supra
1736 1802 2052 1857 interfecto-

2176 1805 2394 1868 στορίας
2424 1802 2481 1853 ἐν
2516 1801 2645 1870 ἡμῖν
2667 1800 2868 1870 ἐγείρει
2905 1801 3116 1869 μνήμη·
3149 1799 3311 1851 αὐτοὶ
3341 1799 3401 1852 δέ
3432 1800 3542 1850 εἱσι
3568 1799 3737 1859 λίθων

486 1907 597 1947 rem
639 1895 899 1948 cumulari
936 1896 1208 1961 dicuntur,
1267 1895 1417 1964 quasi
1465 1909 1630 1964 super
1671 1892 2051 1963 lapidandum;

2171 1892 2400 1956 κολωνοὶ,
2444 1891 2943 1961 ἐπισεσωρευμένοι
2998 1892 3132 1960 πρὸς
3189 1890 3422 1961 μέτριον
3481 1890 3696 1959 ἐξαρμα
3728 1931 3741 1951 ,

481 1995 870 2038 Coacervautur
897 1996 1075 2039 autem
1113 2000 1217 2040 non
1254 1985 1356 2052 ira,
1387 1986 1482 2040 sed
1520 1984 1912 2054 tranquillitate
1942 1998 2058 2038 sce-

2171 1983 2431 2053 ἑρμαῖκοῦ
2465 2000 2613 2046 τινος
2665 1983 2824 2052 φόνου
2880 1983 3263 2046 ὑποκινοῦντες
3323 1983 3634 2048 ἐνθύμιον,
3692 1982 3748 2033 ὃν

482 2075 616 2130 leris
653 2077 880 2145 alicujus
916 2092 1132 2146 poenam
1166 2079 1470 2146 expiantes.
1506 2102 1550 2144 α

2171 2077 2399 2138 παλαιὸς
2428 2075 2586 2144 λόγος
2635 2075 2873 2146 θρυλλεί.
2927 2075 3034 2126 Kal
3068 2075 3118 2126 oi
3160 2073 3308 2127 λίθοι
3345 2073 3630 2126 τεθεῖσθαι
3665 2071 3753 2126 λέ.

481 2188 668 2237 γονται
699 2173 840 2225 κατὰ
870 2173 962 2226 τοῦ
996 2173 1378 2242 φονεύσαντος,
1412 2173 1488 2236 ὡς
1527 2173 1576 2226 si
1610 2173 1704 2226 καί
1729 2170 2040 2242 ἐϐλήθησαν
2076 2171 2198 2224 κατ’
2268 2171 2458 2224 αὐτοῦ·
2535 2173 2629 2225 καὶ
2679 2171 3004 2238 συνάγονται
3062 2171 3160 2238 μὲν
3207 2171 3272 2223 οὐ
3351 2170 3502 2223 κατὰ
3549 2167 3746 2243 ὀργὴν⁹

481 2265 600 2318 ἀλλ’
670 2266 876 2335 ἠρέμα,
943 2269 1038 2320 καὶ
1111 2268 1588 2331 ἐπιστοιϐἀζονται
1655 2269 1778 2322 καθ’
1805 2267 2035 2340 ἡσυχίαν
2066 2268 2286 2337 πολλήν.
2330 2266 2636 2321 Ὀσιοῦνται
2679 2266 2737 2320 δὲ
2783 2267 2932 2335 ὅμως
2972 2266 3136 2334 φόνου
3183 2267 3408 2335 ποινὴν,
3457 2266 3554 2318 καὶ
3587 2265 3745 2332 δίκην

482 2346 595 2406 οἷον
623 2355 747 2408 τινὰ
779 2355 848 2409 δι’
881 2357 1060 2411 αὐτῶν
1091 2359 1118 2410 6
1145 2360 1520 2428 κακοποιήσας
1550 2358 1790 2413 δίδωσιν.

554 2466 644 2521 18.
681 2465 876 2523 Sermo
909 2470 996 2524 ille
1026 2471 1204 2524 studio
1226 2471 1680 2526 delectauientum
1712 2471 1840 2540 quid
1877 2473 2056 2526 immi-

2231 2474 2321 2541 ιη’.
2393 2472 2534 2526 Ἀλλ’
2583 2463 2738 2531 οὗτος
2797 2470 2894 2538 μὲν
2945 2470 2972 2521 6
3031 2469 3188 2536 λόγος
3231 2471 3621 2540 παραμιγνύει
3678 2473 3740 2542 τῇ

485 2567 603 2612 scet
631 2567 686 2613 et
712 2560 947 2628 speciem
993 2576 1099 2614 non
1147 2561 1502 2630 incongruam
1546 2565 1637 2617 sed
1670 2567 1962 2617 obscuram
2007 2573 2064 2617 et

2171 2566 2368 2635 σπουδῇ
2408 2565 2499 2616 καί
2542 2581 2596 2616 τι
2629 2562 2967 2632 ἁθύρματος.
3006 2563 3099 2616 καὶ
3136 2563 3325 2616 εἰκόνα
3368 2563 3744 2632 παραυγὰζει,

484 2650 833 2704 umbratilem
870 2652 1090 2707 emittit.
1128 2652 1252 2707 llaec
1295 2663 1473 2708 autem
1525 2670 1621 2721 pro
1668 2669 1826 2722 posse
1875 2664 2062 2709 nostro

2171 2656 2220 2709 οὐ
2248 2657 2534 2724 δυσπρεπῆ
2578 2656 2698 2724 μέν,
2724 2653 2975 2723 ἀμυδρὰν
3000 2653 3077 2719 δὲ,
3109 2656 3201 2706 καλ.
3241 2655 3322 2717 ὡς
3358 2654 3417 2707 ἐν
3441 2673 3551 2708 τινι
3594 2655 3739 2724 σκιᾷ.

487 2745 736 2798 veritatis
771 2744 951 2798 lumen
1005 2746 1139 2800 bene
1183 2746 1431 2816 pingunt.
1469 2746 1728 2814 Lapidum
1763 2747 1906 2800 enim
1944 2747 2060 2815 ipsa

2171 2747 2344 2800 Γαῦτα
2394 2748 2452 2829 es
2499 2749 2566 2800 τὰ
2597 2747 2720 2799 καθ’
2758 2746 2903 2814 ἡμᾶς
2938 2745 3200 2814 ἀλήθειαν
3239 2749 3536 2815 φωσφορεῖ
3573 2746 3737 2808 εὐζω-

488 2832 658 2888 moles
675 2845 865 2888 contra
885 2836 1228 2891 animicidam
1253 2849 1685 2906 coagmentatur,
1711 2838 1764 2891 in
1793 2838 1910 2904 ejus
1935 2853 2062 2907 pro-

2171 2840 2468 2910 γράφητον.
2516 2840 2694 2893 Λίθων
2739 2838 2845 2908 γὰρ
2880 2837 3018 2906 αὕτη
3069 2837 3258 2907 στοιϐὴ
3317 2840 3465 2890 κατὰ
3504 2838 3598 2890 τοῦ
3633 2835 3736 2889 τῶν

489 2923 649 2978 brum
699 2936 904 2980 erecta.
941 2927 1071 2982 Inde
1101 2929 1256 2983 nobis
1287 2930 1466 2982 dicere
1492 2928 1639 2994 licet,
1674 2944 1862 2984 sacras
1890 2928 2063 2982 Litte-

2171 2932 2346 3000 ψυχῶν
2385 2929 2645 2999 φονευτοῦ
2686 2929 3114 2998 συναγήγερται,
3165 2929 3247 2991 είς
3304 2930 3482 2982 κακδν
3535 2928 3740 2981 ἐκείνου

489 3035 577 3075 ras
606 3020 889 3089 allegando
923 3039 936 3074 :
965 3021 1064 3087 Qui
1097 3030 1336 3076 vestrum
1377 3022 1495 3076 sine
1533 3031 1752 3091 peccato
1782 3032 1864 3076 est
1889 3021 2062 3083 (scili-

2171 3024 2490 3093 λοφουμένη.
2523 3024 2634 3075 Kal
2669 3024 2850 3076 τοίνυν
2876 3022 3024 3075 ἐστιν
3081 3021 3214 3090 ἡμῖν
3263 3021 3507 3074 ἐνταῦθα
3545 3021 3740 3086 λέγειν,

488 3124 576 3168 cet
604 3130 631 3167 a
668 3113 758 3167 Dei
781 3123 982 3168 statera
1015 3116 1300 3170 deficiente
1326 3117 1410 3170 vel
1437 3115 1543 3170 ﬁde
1576 3131 1679 3169 non
1707 3114 1951 3181 cecidit),
1985 3113 2063 3167 la-

2171 3119 2471 3190 παρῳδοῦσι
2489 3118 2548 3170 τὸ
2576 3116 2869 3186 ἱερώτατον
2893 3117 3074 3183 λόγιον
3095 3132 3109 3147 ·
3143 3114 3371 3178 «Ὅστις
3409 3117 3510 3184 οὐχ
3533 3114 3740 3183 ἥμαρτε

489 3205 668 3274 pidem
728 3204 780 3258 in
835 3204 982 3259 illum
1033 3207 1230 3261 mittat.
1284 3207 1574 3263 Latronem
1617 3213 1924 3274 prosternat
1973 3204 2064 3274 qui

2171 3196 2384 3282 [δηλαδὴ
2429 3209 2503 3278 μὴ
2535 3209 2636 3277 τῆς
2669 3210 2748 3271 είς
2779 3208 2910 3259 Θεὸν
2943 3207 3214 3275 σταθερᾶς
3263 3209 3630 3261 ἐκπέπτωκεν
3662 3202 3743 3253 ἐλ-

489 3306 772 3363 peccatum
804 3298 998 3353 animm
1027 3299 1399 3368 perniciosum
1436 3299 1723 3368 produxit;
1778 3296 1911 3351 tales
1962 3312 2061 3350 au-

2171 3302 2324 3363 πίδος
2348 3303 2446 3355 καὶ
2484 3301 2769 3370 πίστεως),
2806 3301 3047 3369 βαλλέτω
3073 3299 3220 3352 λίθον
3244 3300 3335 3352 ἐπ’
3367 3298 3554 3352 αὐτόν.
3584 3316 3601 3348 ι
3637 3295 3741 3346 Kal

489 3392 601 3440 tein
667 3390 733 3440 ad
787 3387 951 3442 Deum
1011 3390 1358 3444 asccnsioues
1392 3398 1665 3460 operetur,
1728 3389 2070 3459 divinumque

2176 3393 2268 3446 τὸν
2307 3393 2512 3466 λῃστὴν
2547 3393 2646 3461 μὲν
2689 3392 3096 3455 καταϐαλλέτω,
3147 3391 3238 3443 τὸν
3267 3392 3375 3460 τὴν
3419 3388 3739 3457 φονεὺτριαν

490 3477 905 3533 tediticationem
932 3479 1170 3534 ordinet.

2173 3482 2448 3554 ἁμαρτίαν
2473 3481 2980 3553 δημιουργήσαντα·
3023 3477 3352 3552 κορυφούτω
3389 3480 3446 3532 δὲ
3473 3475 3740 3534 τοιούτους

486 3571 571 3632 ,είς
632 3569 764 3621 Θεὸν
813 3570 1184 3640 ἀναϐάθμους,
1246 3571 1342 3624 καὶ
1419 3571 1894 3642 συναρμολογείτω
1937 3571 2090 3626 θείαν
2127 3574 2442 3644 οἰκοδομήν.

563 3659 650 3714 19.
681 3659 789 3716 Sed
822 3662 990 3718 colles
1025 3662 1159 3718 istos
1195 3663 1430 3718 humiles
1457 3664 1958 3734 przetermittamus.
1990 3665 2072 3720 Ad

487 3752 794 3806 columnam
817 3753 1015 3805 caelum
1049 3754 1186 3808 inter
1215 3765 1522 3824 terramque
1546 3757 1820 3825 proposito
1847 3756 2071 3813 tramite

492 3841 800 3896 redeamus.
835 3841 1094 3899 Mirabilis
1126 3845 1240 3900 lucc
1271 3845 1526 3912 elevatio,
1559 3862 1666 3901 non
1706 3847 1893 3911 maris,
1926 3849 2069 3915 quod

493 3931 765 4000 spirantes
793 3929 1145 3988 tumelaciunt
1177 3938 1346 4000 venti,
1378 3946 1432 3990 et
1463 3939 1528 3990 ah
1559 3937 1744 3991 humili
1771 3939 2071 3992 substrata-

493 4035 600 4088 que
629 4021 850 4090 planitie
887 4023 940 4078 in
972 4025 1146 4079 elatos
1194 4035 1405 4080 montes
1436 4028 1692 4099 erigunt,
1725 4029 1818 4083 sed
1850 4041 2067 4084 asceta-

495 4127 613 4168 rum
645 4113 893 4179 elevatio,
924 4117 1013 4185 qui
1041 4115 1170 4169 nihil
1214 4118 1378 4170 maris
1406 4117 1544 4173 infra
1596 4120 1781 4190 agitati
1819 4123 2062 4187 habent,

496 4205 621 4274 quia
663 4221 768 4259 non
800 4208 1003 4261 salsum
1037 4211 1292 4264 sudorum
1328 4221 1519 4265 :estum
1550 4223 1772 4282 propter
1808 4215 2064 4269 virtutem

503 4297 737 4360 habent;
791 4297 900 4351 imo
952 4300 1214 4354 bonorum
1255 4317 1286 4356 a
1345 4303 1455 4358 Deo
1501 4306 1668 4373 copiae
1713 4306 2060 4377 adnavigant.

502 4386 569 4439 Et
601 4386 785 4442 divino
825 4388 1016 4456 spiritu
1077 4392 1206 4445 moti
1261 4408 1365 4448 non
1409 4404 1638 4462 possunt
1693 4411 1817 4450 cum
1870 4397 2068 4453 inlimis

497 4477 767 4533 divinitati
797 4482 1320 4552 appropinquaturi;
1353 4485 1573 4551 elfundi,
1598 4485 1693 4540 sed
1725 4487 1776 4541 in
1813 4489 1923 4542 alta
1949 4491 2069 4543 teni-

497 4572 658 4628 dunt.

567 4848 659 4903 9.0.
690 4845 807 4901 Tali
842 4863 970 4902 vero
1001 4846 1235 4902 mirabili
1271 4847 1555 4902 altitudine
1584 4848 1629 4904 si
1666 4849 1870 4904 eminet
1893 4854 2066 4921 regio,

499 4949 857 5010 opportunum
887 4951 970 4996 est
1019 4951 1075 4996 et
1124 4955 1189 4994 ex
1242 4943 1472 4996 adverso
1522 4941 1651 4997 illud
1705 4957 2068 5012 comparare:

508 5033 800 5087 cllllrabilis
835 5033 887 5086 in
925 5033 1157 5088 excelsis
1187 5031 1506 5100 Dominus,»
1543 5049 1736 5104 nempe
1773 5035 1824 5090 in
1857 5039 1936 5091 sic
1963 5038 2076 5091 ela-

506 5125 655 5186 tis,in
678 5137 802 5177 aere
820 5124 1309 5195 progredientibus,
1333 5134 1532 5178 terram
1556 5129 2028 5184 contemnentibus
2053 5168 2069 5193 ,

506 5230 606 5268 nec
639 5214 1014 5270 celsitudinem
1043 5216 1449 5271 mentientibus.
1475 5215 1684 5272 Etenim
1717 5218 2077 5277 admiratione

503 5302 650 5372 digni
679 5301 772 5369 qui
816 5301 895 5356 sic
923 5302 1140 5372 egregie
1187 5317 1246 5357 se
1281 5303 1427 5371 ipsos
1455 5304 1790 5359 constituunt
1821 5308 2076 5374 operibus

505 5391 869 5447 admirabiles.
897 5392 953 5446 In
985 5393 1050 5446 iis
1075 5401 1331 5462 tanquam
1365 5393 1415 5446 in
1441 5395 1647 5448 sanctis
1671 5396 1782 5451 suis
1811 5397 2078 5453 mirabilis

507 5480 768 5541 Dominus
802 5498 962 5552 quem
998 5484 1230 5552 propriis
1271 5484 1530 5539 membris
1564 5495 1617 5539 et
1652 5487 1938 5542 tormentis
1963 5490 2078 5560 glo-

510 5574 725 5627 rilicaut
771 5574 1043 5628 mirabiles
1094 5574 1329 5643 ipsorum
1376 5575 1692 5631 reddentem
1727 5577 2075 5648 voluntates;

510 5661 601 5732 qui
629 5669 687 5714 ut
713 5661 882 5716 sancti
913 5662 979 5717 ad
1013 5661 1178 5717 Deum
1208 5665 1564 5720 ascendentes
1605 5674 1660 5720 et
1688 5664 1768 5722 sic
1809 5667 2072 5724 excelsis-

581 5837 659 5909 (l)
695 5837 830 5893 Num
880 5841 1262 5899 πολυτέλειανῖ

2243 3667 2329 3723 ιθ’.
2372 3665 2535 3720 Ἀλλὰ
2585 3664 2809 3727 τούτους
2873 3663 2973 3734 μὲν
3027 3663 3155 3726 τοὺς
3216 3661 3366 3717 οὕτω
3427 3655 3736 3731 χθαμαλοῦς

2168 3761 2480 3830 γεωλόφους
2507 3759 2714 3812 ἐατέον.
2751 3759 2968 3812 Ἐκτέον
2997 3758 3054 3811 δὲ
3095 3753 3249 3818 αὖθις
3288 3756 3388 3810 τοῦ
3439 3750 3731 3824 μεταρσίου

2171 3873 2192 3907 ι
2221 3853 2415 3907 στόλου
2440 3871 2460 3906 ι
2499 3852 2638 3906 κατὰ
2667 3851 2770 3922 τὴν
2793 3849 3226 3920 ὑποτεθειμένην
3257 3847 3473 3918 ἔφοδον.
3508 3845 3733 3910 Θαυμαο

2166 3947 2288 4008 στός
2317 3961 2403 4007 τις
2455 3945 2550 3998 καὶ
2587 3941 2744 4004 οὗτος
2781 3961 2800 3994 ‹
2833 3940 3230 4011 μετεωρισμδς,
3256 3958 3272 3990 ι
3317 3941 3381 3992 οὐ
3417 3936 3693 4000 θαλάσσης
3715 3967 3730 3992 ν

2166 4037 2236 4105 ἣν
2265 4035 2546 4103 φυσῶντες
2597 4031 2915 4100 ἐξογκοῦσιν
2965 4031 3190 4098 ἄνεμοι,
3234 4031 3328 4082 καὶ
3375 4030 3441 4082 ἐκ
3493 4020 3734 4079 πεδιάδος

2168 4121 2610 4189 καταϐαινούσης
2668 4120 2766 4173 καὶ
2817 4118 3248 4187 ὑποκαθημένης
3312 4117 3394 4180 είς
3449 4110 3731 4168 ἀναϐαῖνον

2168 4213 2291 4283 δρος
2318 4210 2600 4275 ἀνιστῶσι,
2633 4207 2998 4279 κορυφοῦντες
3031 4207 3327 4275 μετέωρον·
3361 4201 3500 4257 ἀλλὰ
3527 4194 3728 4264 ἀνδρῶν

2169 4301 2444 4369 ἀσκητῶν,
2475 4301 2523 4354 οἳ
2561 4299 2837 4366 θαλάσσης
2870 4299 2968 4366 μὲν
2993 4297 3092 4365 τῆς
3123 4296 3272 4348 κάτω
3299 4295 3456 4347 οὐδέν
3491 4307 3545 4344 τι
3575 4288 3726 4357 ἔχου·

2173 4411 2277 4458 σιν,
2300 4395 2380 4447 ὅτι
2408 4394 2484 4462 μὴ
2511 4394 2609 4462 τὴν
2625 4391 2945 4459 ὑφάλμυρον
2973 4387 3194 4457 πλήμην
3223 4387 3332 4439 τῶν
3364 4384 3508 4453 ὑπὲρ
3535 4376 3726 4446 ἀρετῆς

2171 4486 2430 4557 ἱδρώτων*
2467 4484 2820 4552 πελιγίξουσι
2853 4482 2912 4533 δέ
2963 4480 3138 4542 ἄλλως
3184 4481 3305 4540 ταῖς
3355 4477 3540 4529 θεόθεν
3575 4468 3725 4536 ἐπιρσ

2171 4577 2322 4644 ῥοαῖς
2359 4572 2468 4626 τῶν
2501 4571 2742 4639 ἀγαθῶψ
2774 4570 2868 4622 καὶ
2908 4565 3036 4636 θείῳ
3080 4565 3394 4634 κινούμενοι
3440 4557 3732 4624 Πνεύματι.

2169 4667 2271 4720 οὐκ
2303 4667 2408 4717 εἰσὶ
2437 4662 2532 4716 τοῦ
2567 4661 2715 4716 κάτω
2745 4657 3032 4727 κεχύσθαι,
3092 4653 3212 4708 ἀλλ’
3238 4656 3319 4719 είς
3370 4655 3494 4707 ὅσον
3539 4645 3647 4702 οἶόν
3673 4657 3729 4694 τε

2101 4776 2146 4831 ι)
2175 4756 2444 4823 θειότερον
2491 4749 2930 4823 μετεωρίζονται.

2242 4845 2312 4901 κ’.
2343 4845 2432 4915 Τῴ
2462 4846 2518 4898 δέ
2539 4843 2766 4911 τοιούτῳ
2793 4838 3082 4907 θαυμασίῳ
3109 4834 3474 4906 μετεωρισμῷ
3505 4842 3728 4884 συνανα-

2173 4938 2496 5011 φαινομένου
2529 4936 2742 4994 πάντως
2770 4933 2862 4985 ml
2891 4929 3081 4998 ὕψους,
3111 4927 3323 4996 καίριόν
3357 4929 3475 4979 ἐστι
3512 4933 3726 4975 συνεπι-

2173 5029 2367 5093 πλέξαι
2396 5027 2489 5080 καὶ
2523 5025 2601 5078 τό·
2649 5043 2667 5074 ι
2698 5021 3011 5090 θαυμαστὸς
3055 5022 3113 5072 ἐν
3151 5018 3375 5088 ὑψηλοῖς
3413 5019 3442 5069 6
3472 5012 3672 5082 Κύριος
3705 5022 3722 5054 ι

2172 5122 2286 5182 τοῖς
2314 5117 2460 5171 οὕτω
2492 5114 2696 5184 δηλαδὴ
2725 5110 3043 5180 μετεώροις,
3075 5109 3171 5163 καὶ
3209 5104 3592 5177 ἀεροϐατοῦσι,
3641 5095 3729 5148 καὶ

2175 5206 2568 5280 περιφρονοῦσι
2598 5204 2699 5272 τὴν
2725 5203 2848 5270 γῆν,
2877 5205 2973 5254 καὶ
3007 5199 3080 5268 μὴ
3108 5197 3457 5268 ψευδομένοις
3497 5193 3557 5244 τὸ
3602 5185 3730 5253 ὑψη-

2174 5303 2286 5355 λόν.
2319 5299 2480 5352 Αὑτοί
2511 5314 2568 5349 τε
2595 5295 2704 5364 γὰρ
2733 5293 3089 5362 θαυμαστέοι,
3125 5289 3268 5342 οὓτω
3316 5281 3730 5359 μετεωρίζοντες

2175 5392 2425 5456 ἑαυτοὺς,
2460 5389 2553 5441 καὶ
2584 5384 2910 5454 θαυμασίοις
2933 5383 3114 5452 ἔργοις
3146 5381 3541 5452 ἐμπρέποντες.
3572 5369 3674 5424 Καὶ
3702 5366 3728 5415 ὁ

2174 5483 2382 5553 Κύριος
2431 5482 2490 5532 ὲν
2541 5480 2726 5537 αὐτοῖς
2774 5477 2849 5540 ὼς
2899 5476 3074 5543 ἁγίοις
3106 5473 3270 5527 αὑτοῦ
3319 5465 3642 5540 θαυμαστὸς,
3672 5457 3728 5509 ὃν

2177 5572 2335 5627 αὐτοὶ
2363 5567 2648 5635 δοξάζουσι
2677 5568 2789 5628 τοῖς
2828 5565 3052 5627 οἰκείοις
3078 5562 3266 5634 μέλεσι
3299 5563 3393 5615 καὶ
3426 5556 3721 5635 παθήμασι,

2177 5633 2651 5734 θαυμαστῶσαντα
2684 5659 2742 5713 ἐν
2773 5659 2957 5722 αὐτοῖς
2989 5656 3057 5710 τὰ
3109 5656 3284 5710 οἰκεῖα
3338 5653 3611 5720 θελήματα
3633 5659 3645 5673 °
3676 5633 3726 5691 οἳ
