4048 6410
250 295 345 357 εὶὶὶ

1388 295 1491 353 AD
1531 294 1846 354 STYLITA
1862 297 1912 355 Μ
1958 297 2364 367 QUEMDAM.

3372 298 3478 360 2'26

262 410 430 470 καὶεῐς
456 408 662 461 ἐκεῖνον
688 409 1113 481 ἀναϐεϐηκότες,
1136 411 1231 464 καὶ
1257 409 1430 472 οὕτως
1454 410 1789 480 ὑπερύψηλοι

1916 416 2025 468 simi
2062 415 2187 468 facti
2225 415 2320 485 (ita
2353 425 2410 468 ut
2442 429 2702 469 esummo
2731 423 2913 469 nostra
2945 413 3280 484 reSpiciant),
3301 423 3355 468 ut
3382 429 3479 483 per

262 499 514 568 γεγονότες
557 499 656 568 (ὡς
693 499 881 571 ἔχουσι
931 503 1024 556 καὶ
1087 501 1244 554 αὐτοὶ
1286 500 1494 554 ἄνωθεν
1553 503 1622 554 τὰ
1672 501 1799 554 καθ’

262 593 390 662 ἡμᾶς
420 591 664 661 ὲφορᾷν),
717 592 794 654 ὡς
847 588 987 645 εἶναι
1021 592 1109 645 διὰ
1161 593 1330 644 ταῦτα
1381 593 1473 644 τὸν
1502 610 1520 643 ι
1552 593 1743 646 στύλον
1779 615 1797 645 ι

259 682 426 735 τοῦτον
456 683 550 736 καὶ
603 700 624 733 ι
655 683 884 750 οὐρανόν
911 702 929 735 ι
969 701 1090 736 τινα
1145 683 1225 752 τῷ
1277 685 1422 737 κατά
1461 685 1656 736 παθῶν
1706 702 1805 737 κυ-

261 774 494 844 ριεύοντι,
525 774 650 828 καθ’
676 770 736 828 οὗ
785 774 1028 839 τοξεύειν
1067 775 1343 835 ἐοίκασιν,
1389 777 1490 827 οὐκ
1526 775 1837 838 ἀδυνάτωςί

261 865 348 932 μέν
371 882 469 927 τοι,
502 865 619 918 ἀλλ’
645 865 993 936 εύεπηϐόλως
1029 869 1119 918 καὶ
1144 865 1528 935 εὐστοχώτατα
1554 867 1605 918 οἱ
1644 866 1805 919 εὐθυ-

256 955 519 1018 ϐολοῦντες
557 956 636 1015 είς
667 957 875 1025 νόησιν,
926 957 1021 1008 καὶ
1071 950 1152 1017 οἷς
1211 955 1413 1014 σκοπὸς
1460 955 1528 1008 τὰ
1577 957 1805 1023 οὐράνια

252 1043 542 1112 πρόκειται,
577 1045 674 1096 καὶ
701 1045 816 1096 ὅσοι
867 1045 1003 1113 πρὶς
1025 1043 1084 1096 τὺ
1121 1043 1373 1113 βραϐεῖον
1399 1046 1500 1112 τῆς
1531 1043 1642 1098 ἇνω
1671 1060 1806 1096 κατ-

249 1135 549 1189 ευθύνονται
607 1135 877 1204 κλήσεως.
911 1137 1005 1188 Ἐκ
1047 1136 1142 1188 τοῦ
1195 1137 1442 1189 τοιούτου
1491 1135 1724 1206 ούρανοῦ
1776 1137 1805 1189 6

251 1226 346 1277 τῶν
374 1227 768 1297 χαμαιρῤιφῶν
799 1229 1202 1298 κυριαρχήσας,
1239 1228 1334 1280 καὶ
1365 1226 1539 1298 τούτῳ
1561 1227 1639 1296 τῷ
1659 1229 1804 1298 λόγῳ

253 1319 424 1386 κύριος
467 1318 779 1389 ἄνθρωπος,
812 1320 1098 1374 ὲπιϐλέπει
1138 1321 1230 1373 ἐπὶ
1260 1324 1359 1388 τὴν
1400 1321 1527 1390 γῆν,
1554 1323 1648 1374 καὶ
1679 1323 1806 1382 τοὺς

252 1409 385 1472 υἱοὺς
433 1409 543 1461 τῶν
570 1409 876 1480 ἀνθρώπων
909 1412 1031 1483 ὁρᾷ,
1063 1411 1165 1478 οὐκ
1195 1411 1272 1464 ἔθ’
1305 1411 1492 1474 ἁπλῶς
1538 1412 1699 1473 αὐτὸς
1730 1410 1807 1464 ὢν

250 1500 441 1563 ἐκεῖνος
472 1501 502 1554 6
534 1503 598 1554 ὲκ
628 1503 898 1569 γενέσεως
942 1504 1251 1573 ἄνθρωπος,
1290 1503 1487 1557 ταύτὸν
1514 1503 1571 1556 δὲ
1603 1505 1804 1566 εἰπεῖν,

247 1589 306 1642 ἐκ
326 1591 418 1660 τῆς
440 1593 525 1656 είς
574 1594 681 1662 γῆν
733 1593 986 1660 νεύσεως,
1014 1595 1158 1648 καθά
1187 1612 1273 1657 τις
1306 1594 1472 1650 πάλαι
1512 1595 1805 1663 πεφιλοσό-

245 1698 426 1747 φηκεν,
458 1683 577 1737 ἀλλ’
604 1684 767 1748 αὐτὸς
791 1686 892 1755 μὲν
918 1685 995 1755 τῷ
1020 1684 1230 1756 ὑψίστῳ
1253 1684 1372 1753 Θεῷ
1400 1684 1542 1738 κατά
1577 1685 1804 1754 μέθεξιν

1905 509 2043 562 hanc
2071 509 2450 563 celsitudinem
2475 509 2722 564 columna
2748 510 2846 561 ista
2883 510 2952 563 sit
2976 508 3170 562 cmlum
3205 509 3473 576 quoddam

1905 592 1980 645 illi
2032 596 2120 660 qui
2182 596 2509 663 Cupiditates
2557 597 2713 665 regit,
2751 607 2909 664 prout
2955 596 3248 651 colliueare
3278 596 3474 649 videa-

1905 694 1990 737 tur
2024 701 2039 737 :
2074 686 2162 754 qui
2196 702 2297 739 non
2326 687 2392 741 ad
2421 687 2789 756 impossibilia,
2816 689 2908 740 sed
2937 687 3001 740 ad
3033 701 3094 740 ea
3116 702 3231 752 qua!
3253 689 3476 740 omnino

1904 777 2136 831 obtineri
2174 788 2420 844 pOSSllnl,
2449 788 2503 833 et
2530 782 2596 832 ad
2624 796 2742 848 qua:
2768 779 2962 833 merito
2995 781 3347 846 spectandum
3391 785 3474 831 est

1903 869 2290 935 cogitationum
2315 870 2509 936 iaculis
2532 871 2798 936 aspirant;
2827 871 3022 939 quibus
3051 881 3190 923 meta
3222 870 3342 924 coeli
3375 869 3474 922 ad-

1905 970 2053 1018 sunt.
2082 971 2132 1014 et
2163 961 2250 1028 qui
2271 963 2336 1014 ad
2358 976 2602 1026 superna:
2631 963 2926 1017 vocationis
2953 961 3197 1015 hravium
3224 963 3474 1014 tendunt.

1906 1050 2005 1116 Qui
2036 1064 2100 1102 ex
2127 1050 2235 1103 alto
2261 1050 2394 1105 coelo
2425 1065 2587 1117 super
2621 1050 2986 1120 reptabundos
3018 1050 3324 1105 dominatur
3373 1049 3481 1102 hoc

1905 1145 2069 1196 verho
2097 1143 2348 1198 dominus
2375 1143 2659 1201 homo,i|le
2692 1153 2886 1196 terram
2919 1142 3163 1212 respicit,
3195 1141 3471 1195 hominum

1910 1234 2048 1286 ﬁlius
2079 1233 2266 1298 videt,
2297 1247 2402 1286 non
2438 1232 2666 1298 amplius
2697 1232 3014 1296 simpliciter
3054 1246 3117 1283 ex
3148 1243 3347 1298 genere
3376 1243 3476 1282 suo

1907 1324 2068 1378 homo
2092 1324 2199 1387 vel,
2229 1325 2370 1393 quod
2399 1321 2540 1377 idem
2571 1333 2654 1378 est
2683 1339 2745 1376 ex
2780 1321 3066 1377 inﬂexione
3120 1323 3185 1374 ad
3231 1329 3428 1390 terram
3456 1358 3471 1381 ,

1907 1425 2064 1483 prout
2106 1416 2233 1469 olim
2282 1416 2693 1484 philosophatus
2724 1415 2979 1484 quidam;
3029 1413 3120 1467 sed
3179 1413 3473 1481 participa-

1910 1505 2055 1560 tione
2083 1505 2330 1561 altissimi
2379 1507 2472 1561 Dei
2507 1507 2645 1560 illius
2671 1506 2867 1570 lactus,
2893 1521 3000 1558 non
3038 1503 3173 1556 tales
3201 1516 3326 1555 vero
3362 1509 3478 1555 tan—

1908 1612 2069 1665 quam
2094 1600 2373 1652 hominum
2403 1599 2539 1654 lilios
2567 1600 2867 1653 crassiores
2911 1597 3052 1652 inl'ra
3086 1594 3391 1667 gradientes
3421 1599 3476 1645 et

1911 1689 2281 1744 ittaterialibus
2309 1700 2556 1746 assuetos
2589 1691 2832 1760 reSpicit.

242 1779 470 1844 υίωθεὶς,
501 1779 630 1842 τοὺς
690 1779 750 1832 δὲ
829 1779 904 1850 μὴ
948 1778 1230 1841 τοιούτους
1270 1778 1344 1842 ὡς
1372 1779 1522 1840 υἱοὺς
1569 1778 1875 1850 ἀνθρώπων
1914 1778 2027 1834 τῶν
2070 1782 2423 1855 ὐλικωτέρων
2481 1783 2769 1854 θεώμενος,
2801 1783 2954 1837 κάτω
3011 1783 3318 1852 βαίνοντας,
3385 1776 3481 1833 καὶ

148 1928 152 1932 ,
241 1877 358 1946 περὶ
391 1875 458 1927 τὰ
489 1875 652 1927 ὑλαῖα
687 1874 976 1944 μένοντας.

303 1966 404 2020 κα’.
440 1967 712 2020 Ἐνταῦθα
737 1968 794 2020 δὲ
830 1968 994 2022 καλὸν
1020 1963 1177 2037 οἶμαι
1213 1969 1408 2028 εἰπεῖν,
1429 1968 1537 2019 ’καὶ
1564 1966 1640 2031 ὡς
1663 1967 1796 2021 ἀναο

1973 1970 2062 2024 21.
2106 1969 2249 2024 Bene
2281 1985 2440 2040 porro
2465 1969 2644 2024 dicere
2681 1978 2808 2038 puto
2843 1984 2860 2022 :
2892 1975 3117 2020 renovat
3164 1965 3358 2035 aquila:
3397 1965 3482 2018 iu-

241 2059 462 2123 κιινίζει
503 2058 762 2128 καθάπερ
800 2076 819 2110 ι
852 2058 1010 2112 ἀετοῦ
1051 2077 1070 2111 ι
1106 2058 1206 2127 τὴν
1257 2056 1352 2110 τοῦ
1396 2057 1638 2128 ἀσκητοῦ
1684 2059 1804 2112 νεό-

238 2165 370 2215 τητα
424 2151 457 2218 ἠ
517 2149 748 2219 τοιαύτη
807 2147 1104 2218 ἀνύψωσις.
1162 2148 1513 2216 Κουφῐζουσα
1563 2148 1671 2216 γὰρ
1722 2149 1805 2211 εἰς

242 2239 556 2308 ὑψιπέτειαν
583 2241 676 2292 τὸν
728 2241 1098 2308 πνευματικὸν
1152 2239 1412 2310 γέροντα.
1443 2239 1661 2291 δίδωσιν
1705 2240 1805 2292 ἀκ-

242 2333 502 2400 μαιότατα
557 2332 927 2401 καταράσσειν
959 2332 1167 2385 ἐκεῖθεν
1198 2330 1342 2384 κατὰ
1385 2330 1496 2384 τῶν
1543 2331 1800 2394 ἀσάρκων

242 2423 353 2492 μὲν,
383 2425 565 2487 ἄλλως
595 2425 652 2478 δὲ
689 2424 1064 2496 σαρκοϐόρων,
1102 2426 1282 2478 εἰπεῖν
1326 2424 1382 2476 δὲ
1425 2425 1520 2476 καὶ
1545 2423 1802 2493 ψυχοφά-

1906 2071 2041 2128 stnr,
2078 2071 2274 2116 ascetas
2315 2061 2651 2132 iuventutem
2698 2061 2820 2115 talis
2851 2059 3105 2114 elevatio.
3126 2057 3202 2111 Ad
3238 2057 3485 2111 volatum

1906 2154 2050 2209 enim
2094 2153 2376 2207 sublimem
2407 2151 2660 2206 attollens
2698 2151 3041 2220 spiritualem
3079 2164 3263 2204 senem
3295 2186 3310 2212 ,
3348 2147 3479 2201 inde

1906 2245 2072 2299 mittit
2103 2255 2290 2300 contra
2323 2245 2634 2306 incarneas,
2663 2242 2772 2296 imo
2801 2241 3137 2302 caruivoras,
3165 2249 3257 2294 aut
3289 2237 3486 2292 menti-

1907 2353 2068 2393 voras
2101 2351 2249 2402 aves,
2283 2346 2336 2390 et
2361 2337 2480 2390 visu
2515 2334 2785 2390 acerrimo
2833 2333 3165 2404 aggreditur,
3212 2332 3297 2385 cui
3347 2329 3482 2383 nihil

1909 2424 2282 2492 absconditur,
2318 2443 2478 2498 quem
2513 2427 2648 2481 nihil
2681 2426 2840 2494 fugit,
2879 2425 2974 2480 sed
3008 2425 3060 2477 in
3111 2438 3303 2478 omnes
3355 2423 3486 2476 tales

239 2532 338 2579 των
361 2516 593 2586 ὀρνέων,
625 2515 928 2585 ὀξυδερκῶς
955 2516 1338 2577 ἐπιϐάλλοντα,
1382 2515 1455 2577 ὡς
1487 2515 1658 2583 μηδὲν
1685 2517 1713 2569 ὅ
1753 2533 1808 2569 τι

1916 2521 2197 2589 iuventutis
2231 2521 2412 2590 vigore
2457 2520 2635 2583 irruit,
2678 2525 2880 2570 metum
2914 2514 3210 2569 incutiens.
3245 2511 3336 2567 Sic
3362 2510 3485 2579 qui-

242 2609 367 2676 μήτε
391 2609 769 2679 κρύπτεσθαι,
797 2610 932 2678 μήτε
953 2610 1269 2677 διαφεύγειν
1289 2607 1476 2670 αὐτὸν,
1502 2608 1636 2660 ἀλλά
1663 2609 1803 2662 πᾶσι

236 2703 339 2752 τοῖς
385 2700 660 2763 τοιούτοις
710 2700 1087 2754 νεανικώτατα
1138 2698 1512 2764 ἐπιτίθεσθαι,
1571 2701 1664 2754 καὶ
1727 2703 1806 2764 εἰς
1862 2745 1870 2753 .

238 2788 390 2854 ςόϐον
421 2790 626 2843 κινεῖν.
682 2789 828 2842 Ἀλλ’
878 2787 1022 2842 οὕτω
1071 2789 1171 2858 μὲν
1199 2791 1227 2840 6
1261 2807 1278 2840 ι
1306 2788 1498 2852 στύλος
1529 2808 1548 2840 ι
1597 2807 1810 2859 μετεω-

241 2881 424 2948 ρισμός
449 2897 541 2942 τις
570 2878 888 2949 θαυμαστὸς
913 2877 1288 2949 τεθεώρηται.

303 2995 400 3060 κβ.
434 2995 556 3050 Ἵνα
608 2993 665 3046 δὲ
699 2993 806 3046 τῶν
841 2959 1188 3064 ὑψηλοτέρων
1238 2993 1574 3059 καταϐάντες
1601 2996 1807 3048 ὑποτυ-

240 3085 480 3151 πώσεων,
517 3083 622 3137 καὶ
653 3082 920 3150 ἑτέρωθεν
947 3081 1135 3136 τοῦτον
1173 3082 1622 3154 ὑπογραψώμεθα
1649 3087 1666 3154 (
1691 3103 1808 3138 ποι-

242 3177 378 3229 κίλον
436 3179 555 3249 γάρ
586 3193 638 3228 τι
685 3176 875 3246 χρῆμα
922 3174 1442 3246 καθυποφαίνεται),
1487 3195 1506 3228 ι
1548 3179 1740 3247 εἱρκτὴ
1784 3195 1802 3228 ι

1909 2613 2028 2666 dem
2072 2613 2317 2667 columna
2369 2612 2675 2666 excelsitas‘
2711 2611 2960 2679 quaedam
3005 2603 3346 2662 admirabilis
3381 2618 3482 2672 ap-

1911 2716 2085 2774 paret.

1976 2990 2066 3043 22.
2093 2988 2162 3044 Ut
2186 2998 2361 3041 autem
2386 2989 2450 3039 ab
2471 2987 2854 3040 excelsioribus
2887 2984 3128 3040 terminis
3159 2983 3490 3038 descenden-

1911 3090 1990 3134 tes
2017 3095 2080 3133 ex
2110 3079 2276 3132 altera
2311 3086 2462 3146 parte
2499 3078 2932 3131 demonstremus
2963 3076 3200 3141 (varium
3246 3074 3392 3128 enim
3433 3074 3487 3126 id

1910 3173 2181 3242 negotium
2213 3168 2340 3236 ρει),
2371 3183 2559 3221 carcer
2585 3167 2803 3235 quidam
2837 3179 2918 3220 est
2951 3168 3002 3220 in
3049 3181 3208 3235 quem
3234 3165 3494 3220 secedens

237 3268 314 3330 τίς
361 3268 479 3322 ἔστι
533 3267 634 3320 καὶ
685 3266 873 3332 αὐτὸς,
909 3268 967 3319 ὲν
1006 3259 1404 3339 ᾖπεριγράφει
1458 3269 1806 3340 στενοχωρῶν

1916 3265 1979 3316 al)
2017 3260 2287 3316 extraneis
2327 3259 2697 3312 avocamentis
2741 3256 2970 3310 includit
3003 3271 3062 3311 se
3094 3267 3299 3318 asceta,
3346 3255 3494 3307 inter

237 3358 415 3412 ἑαυτὸν
444 3360 510 3412 ὲκ
540 3357 640 3410 τοῦ
667 3357 774 3421 ἔξω
796 3355 1118 3426 ρεμϐασμοῦ
1139 3358 1165 3410 6
1187 3357 1547 3427 ἀσκούμενος,
1581 3359 1810 3424 δικάσας

239 3447 328 3514 μὲν
359 3446 572 3516 μεταξὺ
603 3443 856 3514 σώματος
884 3444 974 3497 καὶ
1007 3443 1212 3513 ψυχῆς,
1255 3446 1352 3499 καὶ
1385 3447 1589 3515 ἀμφοῖν
1641 3466 1811 3502 κατα-

233 3538 615 3607 ψηφισάμενος
635 3533 822 3604 οίκείῳ
849 3533 912 3603 δή
935 3549 1041 3585 τινι
1065 3533 1214 3604 νόμῳ
1243 3534 1471 3604 (δικαίῳ
1497 3537 1604 3606 γὰρ
1633 3538 1661 3589 6
1685 3537 1811 3591 καθ’

235 3628 370 3696 ἡμᾶς
413 3628 476 3682 οὐ
533 3627 717 3678 κεῖται
757 3625 940 3692 νόμος,
968 3623 1084 3676 ἀλλ’
1122 3625 1283 3689 αὐτὸς
1305 3625 1464 3694 ὀρθός
1489 3629 1606 3680 ἐστι
1631 3629 1809 3697 λόγος,

235 3723 321 3771 καὶ
341 3719 546 3773 πλείων
582 3716 677 3770 τοῦ
702 3716 871 3787 νόμου
897 3715 1165 3785 γίνεται),
1195 3715 1492 3781 δικαιώσας
1528 3718 1585 3771 δὲ
1616 3719 1685 3772 τά
1713 3736 1815 3774 κα-

234 3811 559 3882 τακριθέντα
599 3808 676 3880 τῷ
703 3808 793 3862 διὰ
827 3807 945 3878 βίου
1000 3807 1384 3878 συγκλεισμῷ,
1423 3811 1482 3863 ἐν
1535 3813 1814 3884 ὁμοιότητι

235 3902 504 3966 κολάσεως
542 3901 650 3969 τῆς
697 3899 934 3969 ἐσχάτης
979 3896 1218 3966 ἐκείνης,
1247 3897 1314 3968 ἢν
1365 3899 1466 3954 οὐκ
1495 3901 1560 3955 ἂν
1587 3902 1814 3974 ,ἐκφύγῃ

234 4008 310 4056 τις
332 3993 626 4048 ἀκόλαστα
650 3991 912 4054 διαϐιούς.

299 4105 400 4172 κγ’.
428 4105 681 4176 Νοηθείη
729 4104 776 4158 δ’
834 4104 902 4158 ἂν
951 4105 980 4158 6
1051 4124 1071 4158 ι
1105 4106 1298 4166 στύλος
1337 4123 1354 4156 ι
1410 4096 1564 4168 οὗτος
1617 4108 1710 4158 καὶ
1739 4105 1816 4170 ὡς

239 4215 255 4247 ι
295 4198 596 4257 ἀθλητικὸν
622 4195 794 4265 βῆμα,
823 4196 923 4249 εἴτ’
965 4196 1058 4250 οὖν
1096 4197 1381 4264 ἀναϐάθρα
1411 4196 1749 4266 μαρτυρικὴ,
1789 4216 1808 4248 ›

236 4289 312 4352 ἐφ’
337 4289 406 4361 ἢν
440 4286 812 4357 ἀναϐεϐηκὼς
844 4288 872 4341 6
902 4288 1160 4352 ἀϐίαστος
1199 4289 1459 4358 ἀθλητὴς,
1491 4289 1691 4356 μᾶλλον
1718 4289 1818 4358 μὲν

231 4373 316 4430 οἷν
346 4380 490 4433 κατά
515 4380 625 4449 τῆς
649 4377 844 4432 ἑαυτοῦ
877 4379 1080 4449 σαρκὸς
1101 4379 1421 4448 αὐθαίρετος
1447 4378 1618 4447 βίαιος
1644 4397 1818 4432 κατα-

234 4469 399 4523 ξαίνει
428 4471 572 4538 πρὸς
616 4471 760 4537 μέγα
795 4471 1050 4539 σκάμμα,
1107 4471 1202 4524 καὶ
1258 4470 1663 4540 παγκρατιάζει
1698 4489 1818 4540 γεν-

237 4561 413 4626 ναίως,
449 4565 552 4617 καὶ
616 4561 707 4614 τὸν
737 4561 1032 4616 ἀντίπαλον
1061 4561 1292 4632 δαίμονα
1345 4562 1498 4616 κάτω
1525 4561 1707 4633 βαλεῖν
1731 4579 1818 4616 τε-

233 4652 512 4720 χνάζεται.

295 4767 392 4821 κδ’.
425 4769 593 4820 Εἴποι
626 4767 670 4819 δ’
699 4767 764 4821 ἄν
790 4783 877 4830 τις
919 4766 1009 4820 τὸν
1039 4785 1058 4816 σ
1090 4766 1281 4821 στύλον
1315 4786 1332 4819 ι
1367 4765 1557 4820 τοῦτον
1587 4766 1819 4834 εὐαγγει

233 4854 388 4921 λικῶς
421 4861 523 4913 καὶ
568 4878 588 4910 ι
633 4859 898 4922 ἀνώγεων
940 4860 1314 4928 ἐστρωμένον,
1360 4878 1379 4911 ι
1425 4859 1483 4912 ὲν
1511 4851 1554 4926 ᾧ
1582 4859 1738 4921 Θεὸς,
1793 4858 1820 4910 6

237 4954 366 5003 κατά
393 4949 628 5019 μέθεξιν
664 4948 979 5012 ἀναπεσὼν,
1036 4948 1402 5013 ἀναπαύεται,
1436 4949 1634 5001 ταύτὸν
1667 4948 1712 5001 δ’
1744 4949 1822 5000 εί-

240 5038 369 5097 πεῖν,
402 5039 622 5100 παντὸς
653 5036 820 5108 ἔργου
865 5038 1098 5091 παύεται
1130 5038 1223 5090 τοῦ
1254 5040 1320 5106 τῇ
1349 5040 1418 5106 γῇ
1448 5037 1668 5099 πάντως
1695 5038 1826 5106 πρέ-

240 5143 440 5192 ποντος.
483 5128 706 5190 Ἄλλως
746 5127 854 5196 γὰρ
883 5129 1354 5198 θενιπρεπέστερον
1387 5128 1475 5180 ἀεὶ
1513 5127 1605 5180 καὶ
1653 5128 1820 5182 αὐτὸς

241 5219 552 5287 ἐργάσεται,
580 5223 653 5273 τά
683 5220 760 5290 τῷ
782 5220 901 5288 Θεῷ
924 5221 1230 5290 ἀρέσκοντα
1268 5221 1534 5290 ἐνεργῶν.

303 5339 397 5386 κε’.
434 5333 498 5385 Εἰ
522 5333 585 5386 δὲ
613 5332 677 5384 τὸ
706 5351 725 5383 ι
751 5332 1009 5400 ἀνώγεων
1033 5352 1052 5386 ι
1087 5333 1246 5388 τοῦτο
1274 5335 1370 5388 καὶ
1404 5333 1575 5396 λίθοις
1615 5335 1824 5404 ἔστρω-

237 5438 336 5488 ται,
361 5424 444 5491 οἷς
465 5429 547 5492 ὡς
574 5427 727 5490 είκδς
753 5427 1076 5494 ἐγκαθεύδει
1103 5430 1132 5481 6
1167 5430 1468 5500 ἐγκρατὴς,
1519 5429 1547 5482 ὃ
1568 5428 1631 5500 δὴ
1661 5430 1692 5480 ὁ
1713 5429 1818 5498 τῆς

239 5518 485 5589 τοιαύτης
515 5518 818 5587 οἰκοδομῆς
866 5518 1058 5588 εἱρμὺς
1093 5519 1391 5574 ὑποϐάλλει
1441 5522 1604 5582 νοεῖν,
1633 5519 1720 5589 εἴη
1750 5519 1818 5572 ἂν

246 5622 262 5654 I
302 5607 672 5679 λιθόστρωτόν
736 5627 756 5660 ι
786 5626 840 5661 τι
872 5613 965 5661 καὶ
997 5609 1128 5662 αὐτὸ
1157 5611 1258 5662 οὐκ
1283 5609 1390 5674 ἔξω
1415 5611 1814 5680 ξσεμνώματος,

245 5695 448 5752 uinum;
479 5699 640 5767 ἥπερ
664 5697 731 5752 τὰ
755 5697 866 5752 τῶν
902 5698 1306 5767 ἱστορουμένων
1335 5699 1810 5769 γυμνοσοφιστῶν,

1848 4648 1898 4706 ι)

1919 3370 2116 3422 corpus
2151 3361 2202 3406 et
2243 3355 2476 3405 animam
2507 3351 2872 3418 distinguens,
2905 3357 2963 3402 et
3003 3346 3304 3400 domestica
3338 3344 3492 3412 quasi

1917 3449 2034 3516 lego
2062 3457 2348 3514 utrumque
2379 3446 2743 3498 condemnans
2801 3441 2966 3509 (justo
2997 3440 3140 3493 enim
3192 3450 3299 3491 non
3355 3449 3495 3488 con-

1917 3540 2069 3595 venit
2098 3539 2183 3593 lex
2211 3548 2418 3601 n05tra,
2469 3536 2560 3590 sed
2601 3534 2718 3603 ipse
2746 3533 2882 3585 ratio
2910 3540 2990 3585 est
3016 3537 3069 3584 et
3095 3529 3213 3598 lege
3256 3525 3498 3594 major),

1920 3630 2215 3685 arntentias
2249 3643 2376 3682 vero
2430 3625 2740 3694 pronuntiat
2785 3623 2842 3676 in
2880 3618 3287 3676 similitudinem
3319 3633 3494 3688 punire

1921 3719 2124 3774 ultimae
2173 3734 2330 3786 quam
2359 3731 2518 3772 nemo
2550 3715 2824 3778 vitaverit,
2853 3713 2898 3767 si
2941 3711 3146 3781 absque
3177 3709 3378 3763 virtute
3409 3707 3494 3760 vi-

1924 3811 2084 3865 xerit.

1991 4092 2082 4147 25.
2125 4090 2384 4146 Columna
2437 4089 2540 4142 ista
2593 4095 2653 4142 ut
2702 4086 2994 4142 athleticus
3040 4090 3326 4154 suggestus
3382 4081 3506 4134 sive

1925 4193 2219 4252 martyrum
2246 4177 2662 4248 amphiteatrum
2696 4185 2782 4229 est
2813 4177 2863 4229 in
2890 4189 3049 4244 quem
3079 4183 3270 4240 sponte
3307 4186 3502 4226 ascen-

1925 4275 2059 4328 dens
2094 4272 2312 4333 athleta,
2349 4269 2478 4339 quin
2510 4268 2618 4322 imo
2646 4274 2833 4321 contra
2865 4280 3085 4320 carnem
3117 4278 3272 4316 suam
3306 4270 3503 4330 sponte

1925 4363 2235 4418 violentiam
2269 4375 2528 4416 exercens
2557 4363 2613 4412 in
2655 4372 2904 4426 magnam
2937 4354 3223 4410 descendit
3247 4367 3501 4414 arenam,

1924 4455 2140 4511 fortiter
2194 4462 2394 4525 pugnat
2445 4461 2501 4508 et
2533 4450 2735 4505 malum
2762 4439 3058 4504 daemonem
3089 4458 3372 4501 conterere
3403 4460 3505 4500 co-v

1927 4556 2108 4602 natur.

1982 4745 2074 4800 24.
2112 4745 2224 4801 Dici
2251 4751 2429 4815 potest
2457 4743 2710 4798 columna
2751 4740 2842 4794 illa
2895 4737 3210 4808 evangelica
3247 4734 3388 4804 ston
3442 4741 3506 4788 el

1917 4837 2259 4893 ccenaculum
2313 4845 2566 4899 stratum,
2621 4835 2675 4887 in
2721 4846 2829 4900 quo
2874 4831 3016 4885 Deus
3067 4829 3132 4882 ad
3183 4826 3509 4882 convivium

1922 4930 2166 4984 assidens
2201 4928 2463 4983 recumbit
2495 4934 2568 4988 et,
2600 4935 2661 4980 ut
2689 4925 2762 4978 ita
2791 4923 2992 4986 dicam,
3042 4921 3108 4975 ab
3140 4919 3288 4975 omni
3325 4931 3514 4986 apere

1923 5033 2105 5077 cessat
2136 5035 2231 5089 pro
2273 5020 2447 5074 salute
2495 5028 2670 5071 terra}.
2720 5015 2868 5069 Alias
2901 5013 3044 5068 enim
3092 5011 3204 5065 Deo
3251 5009 3512 5079 digniora

1923 5128 2137 5183 semper
2170 5115 2284 5182 ipse
2324 5110 2514 5176 faciet,
2543 5125 2664 5179 qua:
2695 5109 2803 5163 Deo
2826 5108 3040 5176 placent
3080 5105 3418 5175 peragendc.

1975 5333 2079 5388 .25.
2106 5330 2164 5387 Si
2186 5345 2314 5386 vero
2333 5328 2670 5386 camaculum
2703 5326 2834 5381 illud
2855 5334 2910 5381 et
2929 5325 3202 5395 lapidibus
3233 5321 3506 5379 sternitur

1922 5425 2117 5494 quibus
2145 5424 2406 5478 indormit
2434 5421 2525 5491 qui
2559 5419 2716 5474 fortis
2737 5427 2846 5483 est,
2873 5417 3016 5487 quod
3048 5417 3266 5471 illarum
3301 5415 3502 5470 aedium

1916 5531 2181 5586 compago
2215 5516 2526 5584 persuadet,
2564 5511 2809 5565 solemne
2845 5508 2950 5562 erit
2982 5507 3112 5562 illud
3157 5505 3508 5562 litltostroton

1916 5609 2201 5678 pulchrius
2227 5620 2388 5675 quam
2424 5601 3004 5674 Gymnosophistarum
3040 5599 3094 5653 in
3144 5599 3371 5654 historia
3413 5607 3505 5649 cc-

1914 5697 2144 5771 leln-ium
2182 5694 2476 5761 theatrum,
2509 5692 2600 5762 qui
2637 5689 2858 5745 virtutis
2888 5690 3133 5745 umbram
3165 5697 3510 5755 persequen,
