4048 6422
519 285 624 352 $27

1229 289 1650 351 EUSTATHII
1687 277 2443 347 TIIESSALONICENSIS
2476 277 3030 347 METROPOLITAE

3649 287 3741 351 εει

523 417 627 464 tes,
660 403 821 460 undis
851 403 1110 458 membris
1147 418 1313 471 super
1342 403 1610 472 lapidibus
1643 403 1810 457 sterni
1851 415 1956 453 non
1999 398 2098 452 du-

2211 399 2366 470 οἵπερ
2399 401 2555 454 σκιὰν
2584 400 2784 470 ἀρετῆς
2817 399 3126 463 διώκοντες,
3169 399 3268 452 οὐκ
3295 393 3436 464 εἶχον
3464 400 3632 462 ὄκνον,
3663 417 3746 466 γαί

522 497 790 551 ιιίιειιιτιιιι.

595 668 683 724 26.
733 671 969 738 Apparet
1001 669 1316 724 lithostroto
1383 685 1488 724 non
1533 669 1814 724 dissimilis
1851 670 2099 724 columna

529 762 642 824 illa,
680 771 765 814 aul
791 762 955 814 ‘~lectt)
993 761 1083 814 Dei
1118 763 1382 815 imitativo
1421 763 1564 831 quod
1604 763 1898 816 secundum
1935 764 2100 816 Deum

531 853 766 904 membra
797 867 892 904 sua
922 852 1302 921 cruciﬁgeutes
1345 863 1398 906 et
1429 853 1826 907 mortiﬁcantes
1859 854 1961 908 sibi
2006 869 2102 924 pa-

530 955 667 1007 rant,
694 948 757 996 ad
788 961 846 996 ea
877 961 994 1012 qua:
1019 961 1230 999 sursum
1260 956 1382 1000 sunt
1417 946 1694 1000 tendentes
1727 959 1901 1000 rerum
1936 956 2106 1000 terre.»

529 1037 720 1088 strium
752 1046 1090 1101 contemptu,
1127 1045 1448 1090 extraneum
1497 1037 1550 1090 in
1589 1038 1784 1102 seipsis
1808 1048 2104 1092 enecantes

527 1127 924 1194 hominem,qui
955 1129 1108 1181 malis
1133 1129 1519 1196 cupiditatibus
1551 1131 1946 1193 renuntiantes,
1972 1131 2105 1184 alte-

527 1222 642 1274 rius
670 1222 791 1274 vitm
816 1230 1094 1274 consortes
1135 1220 1286 1276 ﬁunt.

598 1310 689 1363 27.
721 1310 860 1374 Quid
891 1326 1052 1379 porro
1082 1311 1306 1378 impedit
1333 1312 1465 1379 quin
1497 1311 1551 1365 in
1582 1311 1833 1366 columna
1877 1312 1968 1366 illa
2015 1327 2102 1368 se-

529 1402 773 1465 pulcrum
806 1404 1016 1457 videam
1049 1406 1119 1456 oh
1163 1413 1532 1458 consummata
1571 1405 1624 1458 in
1675 1407 1788 1476 ipsa
1819 1409 2101 1477 mysteria.

531 1497 788 1548 funereos
843 1504 1037 1548 ascetae
1087 1511 1328 1562 pannos.
1389 1495 1615 1552 funebre
1667 1499 2103 1568 operimentum:

533 1587 964 1640 inhumationem
1018 1588 1246 1642 mortuis
1305 1601 1642 1652 concessam,
1707 1600 1952 1647 cantatos
2008 1606 2106 1662 pro

533 1681 764 1734 mortuis
829 1695 1014 1734 sacros
1080 1684 1340 1751 hymnos;
1399 1698 1518 1752 quae
1583 1685 1762 1738 omnia
1826 1701 1950 1740 cum
2012 1687 2102 1754 qui

531 1771 583 1821 in
605 1771 856 1825 columna
907 1773 1190 1842 reponitur
1238 1785 1507 1829 mortuum
1559 1787 1614 1831 et
1673 1777 1940 1845 sepultum
1991 1793 2112 1834 esse

531 1862 792 1916 iudicant.

603 2019 694 2073 28.
725 2019 982 2075 Columna
1038 2021 1114 2075 uti
1154 2021 1563 2080 adumbrattone
1605 2034 1661 2080 et
1709 2041 1879 2096 opere
1925 2027 2111 2081 caelato

537 2111 800 2166 delineata
854 2123 938 2168 est
995 2123 1051 2168 et
1089 2115 1421 2170 subobscure
1453 2117 1705 2185 depicta;
1764 2119 1842 2174 sic
1898 2121 2114 2189 sapiens

532 2202 825 2264 specimine
871 2214 1149 2272 assumpto
1194 2206 1398 2261 clarius
1451 2211 1742 2274 procedet,
1802 2219 1857 2264 et
1914 2210 2114 2264 funda-

533 2303 770 2346 mentum
820 2295 988 2349 semel
1045 2305 1238 2350 nactus
1282 2298 1442 2367 plane
1503 2300 1744 2369 perﬁciet
1792 2317 1952 2372 opus.
2008 2302 2113 2358 Nos

529 2384 744 2451 quidem
780 2382 936 2439 facile
999 2385 1352 2456 intelligimus
1397 2392 1521 2459 quis
1571 2392 1657 2445 ille
1702 2395 1774 2448 sit
1827 2396 2007 2466 stylita
2061 2405 2116 2450 et

532 2489 699 2541 quare
737 2480 839 2531 hoc
862 2478 1081 2533 nomine
1117 2479 1419 2536 decoretur.
1440 2480 1570 2535 Nam
1607 2484 1650 2538 si
1675 2500 1736 2538 ea
1756 2495 1838 2540 est
1860 2488 2111 2542 columna

537 2578 699 2630 quam
734 2580 912 2620 Sermo
957 2566 1236 2638 hucusque
1264 2570 1573 2641 descripsit,
1597 2584 1653 2629 et
1691 2577 1780 2645 qui
1811 2591 1973 2647 super
2001 2581 2114 2647 ipsa

529 2665 660 2720 stat,
716 2659 1014 2713 secundum
1069 2661 1468 2728 primordialem
1529 2664 1686 2720 ﬁnem
1742 2685 1930 2739 magna
1972 2687 2118 2741 qum-

529 2745 653 2800 dam
682 2748 912 2803 hominis
935 2749 1100 2820 ﬁgura
1121 2753 1248 2818 erit,
1275 2767 1371 2808 nec
1391 2756 1682 2811 secundum
1715 2760 1912 2817 multos
1929 2762 2048 2819 vilis
2064 2773 2116 2817 et

529 2837 767 2906 abiecta.
799 2838 1138 2896 Membratim
1175 2845 1319 2898 enim
1355 2845 1631 2914 dispertita
1679 2865 1741 2906 ac
1783 2853 2000 2910 deﬁnita
2028 2873 2120 2914 co-

531 2929 708 2982 lumua
741 2931 1020 2987 abundans
1062 2943 1116 2988 et
1149 2935 1364 3003 pulchra
1399 2936 1690 3004 videbitur,
1735 2951 1850 2999 tum
1897 2949 2114 3014 quidem

2211 495 2332 561 μνοὶ
2390 493 2532 547 κατὰ
2567 493 2728 545 λίθων
2762 491 3198 560 ὑπεστρωμένων
3244 490 3451 544 κεῖσθαι
3485 492 3743 544 ἀνακλινόι

2212 604 2386 656 μενοι.

2279 676 2392 742 κζ’.
2431 675 2875 743 ’Ᾱναεραίνεταιδ’
2911 677 2974 726 ὲκ
3010 694 3028 726 ι
3066 673 3159 726 τοῦ
3195 671 3571 738 λιθοστρώτου,
3609 689 3625 720 ι
3684 671 3763 740 μῆ

2208 770 2526 822 ἀπεοικέναι
2574 767 2664 819 τὸν
2700 785 2717 817 ι
2765 767 2953 818 στύλον
2995 785 3011 817 ι
3047 763 3237 817 τοῦτον
3269 763 3399 831 μηδὲ
3431 762 3750 831 θεομιμήτου

2217 877 2235 908 ι
2272 856 2578 926 στρώσεως,
2620 875 2638 911 ι
2674 856 2852 925 ἥνπερ
2877 859 2926 908 οἱ
2962 855 3103 907 κατά
3134 854 3266 906 Θεὸν
3291 851 3640 921 σταυροῦντες
3670 853 3753 902 καὶ

2211 948 2531 1019 νεκροῦντες
2589 949 2657 1002 τά
2711 947 2919 1000 ἑαυτῶν
2978 947 3114 1015 μέλη
3166 946 3478 1015 τεχνῶνται,
3527 945 3631 998 ἄνω
3665 943 3752 1010 μὲν

2210 1043 2492 1111 διηρμένοι
2523 1043 2589 1110 τῇ
2621 1041 2732 1093 τῶν
2763 1041 2910 1093 κάτω
2940 1038 3285 1108 περιοράσει,
3339 1037 3428 1091 τὸν
3458 1036 3559 1100 ἔξω
3579 1035 3630 1088 δὲ
3663 1033 3752 1085 θα-

2209 1135 2496 1191 νατοῦντες
2545 1132 2851 1196 ἄνθρωπον,
2905 1125 2984 1192 οἷς
3049 1129 3156 1182 τῶν
3193 1129 3410 1198 φαύλων
3467 1126 3754 1196 ἐπιθυμιῶν

2211 1228 2370 1282 αὐτὸν
2398 1227 2725 1292 ἀπάγοντες,
2764 1225 2957 1294 ἑτέρας
2978 1224 3122 1294 ζωῆς
3160 1224 3422 1291 γίνονται.

2283 1319 2383 1384 κζ’.
2419 1318 2486 1372 Τί
2519 1318 2573 1371 δὲ
2592 1317 2655 1387 δὴ
2681 1315 2880 1369 κωλύει
2911 1315 2971 1368 τὺ
3003 1315 3288 1378 ἀποτοῦδε,
3316 1316 3409 1367 καὶ
3429 1315 3505 1376 εἷς
3532 1313 3748 1376 ιτάφονι

2211 1407 2519 1474 ταμάλιστα
2561 1402 2654 1473 τδν
2690 1425 2709 1458 ι
2751 1405 2939 1458 στόλον
2967 1423 2986 1457 ι
3023 1404 3216 1458 τοῦτον
3257 1404 3551 1472 θεωρῆσαι,
3599 1400 3679 1452 διὰ
3699 1399 3758 1450 τὰ

2213 1501 2272 1552 ἐν
2323 1498 2472 1570 αὐτῷ
2533 1498 2927 1567 μυστηριωδῶς
2975 1497 3275 1558 τελούμενα
3303 1537 3318 1561 ,
3380 1495 3447 1547 τὰ
3515 1493 3758 1559 ὲπιτάφια

2215 1594 2412 1662 σπεῖρα
2434 1591 2525 1646 τοῦ
2559 1590 2820 1660 ἀσκητοῦ,
2852 1590 2912 1644 τδ
2940 1589 3194 1658 νεκρικὺν
3221 1589 3444 1657 εἴλημα,
3474 1585 3571 1654 τὴν
3601 1584 3758 1636 κατά-

2215 1683 2386 1744 θεσιν.
2439 1683 2601 1737 ὁποία
2632 1699 2717 1746 τις
2747 1682 2841 1734 καὶ
2897 1680 3188 1734 τεθνεῶσιν
3222 1679 3485 1736 ὡσίωται.
3543 1677 3636 1736 τὰς
3673 1675 3762 1739 dph

2215 1775 2516 1846 μοττοόσας
2570 1777 2681 1838 τοῖς
2736 1773 3085 1841 ἐξαγομένοις
3146 1773 3297 1840 ίεράς
3359 1771 3521 1840 ᾠδὰς,
3577 1767 3640 1820 δι’
3693 1760 3760 1818 ὧν

2211 1869 2467 1922 ἁπάντων
2489 1869 2516 1920 ό
2546 1866 2624 1937 τῷ
2663 1884 2681 1918 ι
2707 1865 2883 1935 στόλῳ
2916 1883 2934 1915 ι
2971 1863 3322 1924 ὲναποτεθεὶς
3345 1861 3606 1930 τεθάφθαι
3634 1857 3764 1910 δεδάο

2214 1977 2428 2014 σκεται.

2281 2051 2387 2114 κη’.
2429 2043 2569 2098 Ἀλλ’
2594 2045 2739 2105 ὅπως
2789 2043 2886 2112 μὲν
2918 2045 2944 2094 ὁ
2981 2062 2998 2094 ι
3040 2042 3231 2104 στύλος
3269 2060 3289 2094 ι
3355 2035 3508 2104 οὗτος
3540 2040 3765 2106 ὑπογραο

2214 2137 2446 2206 φήσεται
2496 2134 2571 2197 ὡς
2617 2135 2676 2186 ὲν
2705 2133 3134 2204 προχαράγματι
3183 2130 3280 2185 καί
3338 2149 3446 2185 τινι
3481 2128 3764 2199 προκεντῆιι

2217 2245 2368 2297 ματι,
2427 2225 2766 2279 διατυπωθὲν
2823 2223 3270 2292 ὲσκιαγράφηται
3325 2221 3618 2291 ἀμυδρῶς·
3681 2219 3766 2271 καὶ

2216 2319 2378 2386 σοφὸς
2404 2316 2583 2370 λαϐὼν
2609 2315 2893 2384 διδομένην
2922 2315 3199 2385 ἀφορμὴν,
3230 2313 3570 2383 ἀναϐήσεται
3610 2311 3684 2370 είς
3711 2308 3766 2361 τὸ

2215 2412 2296 2464 ἔτι
2329 2410 2655 2480 σοφώτερον,
2684 2411 2779 2462 καὶ
2809 2409 3060 2478 θεμέλιον
3087 2405 3200 2462 οἷον
3225 2407 3417 2461 τοῦτον
3447 2403 3764 2474 ἐξευρηκὼς.

2217 2502 2594 2571 ὲκκορυφώσει
2625 2501 2684 2554 τὸ
2728 2500 2957 2554 τέλειον.
2989 2501 3063 2553 Τὸ
3095 2499 3140 2554 δ’
3183 2499 3439 2553 ἐντεῦθεν
3471 2498 3598 2566 ἡμῖν
3640 2497 3768 2547 ἀποδ

2215 2595 2336 2659 νητὶ
2368 2591 2833 2662 προσευπόρηται,
2864 2592 2958 2643 καὶ
2981 2588 3090 2652 οἷός
3125 2607 3210 2652 τις
3243 2589 3540 2642 όὲνταυθοῖ
3578 2587 3768 2650 ἀνωφοο

2220 2681 2501 2753 ρούμενος,
2537 2681 2627 2732 καὶ
2649 2681 2728 2743 εἰς
2751 2681 2813 2731 τὺ
2851 2677 2944 2731 τοῦ
2984 2697 3002 2730 ι
3029 2679 3278 2731 στυλίτου
3310 2697 3328 2729 ι
3362 2677 3561 2738 ἀναϐάς
3591 2673 3768 2738 ὄνομα.

2219 2775 2281 2828 Ei
2310 2773 2419 2844 γάρ
2446 2774 2475 2825 ό
2500 2791 2518 2823 ι
2554 2771 2744 2833 στύλος
2795 2789 2812 2821 ι
2853 2769 3116 2833 τοιοῦτος,
3166 2769 3356 2822 ὁποῖον
3388 2767 3547 2821 αὑτὸν
3599 2765 3625 2816 ό
3651 2763 3772 2815 tim-

2217 2865 2488 2938 γραφικὸς
2512 2864 2667 2932 λόγος
2699 2862 3175 2932 προῦπεστήσατο,
3209 2861 3302 2912 καὶ
3331 2862 3360 2912 ὁ
3382 2861 3472 2912 ἐπὶ
3499 2858 3590 2910 τοῦ
3615 2874 3632 2905 ι
3660 2853 3773 2905 στύ-

2217 2959 2312 3013 λου
2355 2977 2374 3011 ι
2413 2955 2679 3027 δήπουθεν
2711 2955 2853 3008 κατὰ
2877 2955 2966 3006 τὸν
3001 2953 3095 3006 ἀπ’
3121 2954 3292 3024 ἀρχῆς
3325 2953 3453 3023 ἄχρι
3479 2951 3656 3009 τέλους
3679 2945 3772 3012 τῆς

531 3018 582 3069 iu
612 3029 875 3087 quantum
909 3021 1160 3077 columna
1188 3032 1293 3089 est,
1328 3033 1440 3080 tum
1471 3042 1599 3084 vero
1630 3029 1805 3102 logice
1828 3045 1882 3090 et
1906 3038 2099 3095 effectu

2219 3018 2688 3118 θεωρίας-σκοπὸν
2717 3042 2862 3112 μέγα
2893 3059 2944 3094 τι
2972 3018 3261 3111 ἀνθρώπου
3284 3018 3476 3111 χρῆμα
3508 3037 3654 3090 ἔσται
3689 3033 3775 3086 καὶ

529 3107 833 3176 multiplex.

2201 3135 2427 3207 ὑψηλὸν,
2462 3134 2554 3185 καὶ
2583 3132 2642 3184 οὐ
2672 3130 2813 3184 κατά
2833 3130 2958 3192 τοὺς
3015 3129 3242 3192 πολλοὺς
3293 3130 3498 3197 φαῦλον
3547 3127 3636 3179 καὶ,
3687 3138 3775 3174 τα.

530 3202 732 3254 πεινόν.
780 3203 1342 3277 Συνεπιμεριζόμενος
1404 3209 1859 3282 γάρςοῦσιωδῶς,
1921 3222 2002 3286 οἷς
2059 3227 2088 3280 ό
2135 3247 2154 3281 ι
2193 3202 2383 3290 στύλος
2412 3245 2430 3278 ι
2481 3224 2735 3295 ὥρισται,
2764 3219 3108 3290 πολυπληθὲς
3137 3219 3203 3273 ἂν
3232 3220 3325 3272 καὶ
3392 3213 3520 3272 αὐτο
3584 3216 3776 3284 θεωρῇ

529 3289 647 3359 θείη
673 3289 853 3356 καλδνι
879 3287 959 3356 εἷς
990 3293 1091 3362 μὲν
1119 3295 1193 3348 ὼν
1219 3295 1297 3366 τῷ
1321 3297 1463 3367 λόγῳ
1497 3303 1637 3355 κατὰ
1662 3305 1748 3359 τὸν
1783 3325 1802 3358 ι
1835 3311 2047 3379 στύλον,
2070 3335 2090 3369 ι
2134 3320 2312 3383 άλλως
2365 3287 2439 3372 δὲ
2478 3287 2881 3384 πληθυνόμενος
2915 3287 3154 3379 ὲλλόγως
3183 3312 3294 3374 τοῖς
3360 3311 3738 3382 ὲνεργήμασιν.

597 3404 688 3459 ‘29.
717 3406 902 3472 Angeli
939 3421 1070 3461 sane
1106 3409 1206 3464 sub
1264 3410 1431 3479 ﬁgura
1462 3402 1744 3482 apparebit
1775 3435 1871 3488 per
1901 3428 2104 3482 scalam

526 3513 688 3569 quam
722 3499 990 3564 videmus,
1031 3501 1084 3554 in
1126 3504 1545 3572 cogitationibus
1573 3509 1638 3561 ad
1684 3509 1852 3566 Deum
1912 3532 2106 3573 ascen-

526 3590 683 3652 dens,
724 3590 1032 3655 nullamque
1089 3595 1424 3648 terrestrium
1483 3612 1666 3653 rerum
1723 3617 1970 3671 servans,
2015 3611 2108 3664 sed

527 3696 745 3733 sursum
777 3683 1008 3736 volatum
1042 3693 1232 3740 tenens
1267 3697 1321 3740 et
1348 3689 1590 3757 apprime
1622 3697 1922 3752 secundum
1947 3703 2111 3767 Spiri-

531 3783 646 3824 tum
680 3771 890 3837 eﬁicax,
929 3774 1016 3828 cui
1045 3775 1178 3830 nihil
1206 3777 1271 3831 de
1302 3778 1650 3838 inferioribus
1688 3786 1962 3854 adhaeret;
1997 3801 2106 3845 tum

528 3866 866 3920 descendens
906 3877 965 3920 ut
1009 3867 1062 3921 in
1093 3869 1346 3939 abyssum
1388 3874 1662 3942 operibus,
1714 3879 1915 3947 quibus
1967 3898 2092 3938 cum

529 3951 876 4008 inferioribus
913 3955 1209 4023 conspirat,
1233 3965 1287 4012 et
1315 3963 1614 4018 commodis
1646 3981 1764 4034 qua:
1786 3967 1838 4022 in
1875 3971 2108 4025 animam

528 4041 695 4096 infert
737 4044 1015 4098 sodalibus
1063 4046 1138 4099 ita
1169 4056 1227 4100 ut
1276 4049 1527 4103 columna
1578 4052 1791 4119 signum
1832 4058 2003 4112 altum
2050 4069 2107 4113 et

2276 3409 2376 3465 κ’)ὀ
2427 3429 2445 3461 ί
2489 3404 2870 3474 Ἀγγελοειδής
2900 3421 2918 3454 ι
2956 3421 3016 3457 τε
3055 3403 3162 3474 γὰρ
3191 3403 3442 3470 φαίνοιτο
3489 3401 3552 3454 ἂν
3583 3397 3666 3450 διὰ
3688 3393 3779 3461 τὴν

2208 3500 2590 3570 θεωρουμένην
2621 3513 2640 3547 ι
2678 3495 2950 3562 κλίμακα,
2993 3511 3010 3544 ι
3031 3495 3151 3554 ταῖς
3176 3491 3276 3562 μὲν
3303 3491 3538 3560 ὑψηλαῖς
3561 3483 3780 3570 ἐννοίαις

2207 3567 2453 3648 καὶ-ταῖς
2486 3588 2568 3648 είς
2619 3583 2752 3636 Θεδν
2806 3582 3138 3634 ἀνατάσεσιν
3187 3579 3502 3633 ἀναϐαίνων
3530 3579 3606 3636 είς
3635 3567 3779 3641 ὕψος,

2209 3681 2303 3733 καὶ
2325 3677 2596 3750 μηδεμίαν
2625 3673 2885 3744 τηνικάδε
2913 3671 3098 3742 σχέσιν
3122 3672 3261 3739 πρὸς
3292 3672 3365 3723 τὰ
3398 3669 3546 3722 κάτω
3574 3665 3776 3736 τηρῶν.

2212 3769 2348 3822 ἀλλά
2377 3767 2582 3820 ἐπίπαν
2613 3764 2983 3833 ἀνιπτάμενος
3007 3763 3088 3825 εἰς
3121 3761 3210 3814 τὸν
3244 3761 3493 3831 ὕψιστον,
3522 3760 3608 3811 καὶ
3631 3758 3783 3822 ὑπερ»

2208 3861 2360 3929 φυῶς
2387 3857 2624 3926 ἐνεργῶν
2659 3855 2802 3907 κατᾶ
2831 3855 2985 3916 νοῦν,
3022 3849 3066 3922 ᾧ
3104 3854 3273 3924 μηδὲν
3303 3870 3361 3905 τι
3383 3853 3492 3905 τῶν
3518 3848 3664 3902 κάτω
3690 3845 3783 3913 φύε

2207 3968 2290 4004 σει
2331 3949 2550 4018 μέτεστι
2575 3964 2590 3978 ⁸
2617 3946 2967 4001 καταϐαίνων
2993 3946 3050 3998 δὲ
3080 3944 3237 4006 αυθις
3268 3944 3346 4006 ὠς
3371 3945 3456 4006 είς
3482 3941 3643 4014 βάθος
3673 3937 3784 3997 ταῖς

2206 4042 2493 4113 πράξεσιν,
2527 4041 2587 4092 ὲν
2635 4033 2725 4103 αἷς
2780 4041 2896 4100 τοῖς
2944 4037 3094 4090 κάτω
3147 4036 3402 4089 σύνεστιν
3436 4027 3783 4104 όμιλητικῶς,

531 4128 856 4199 profundum
901 4146 932 4185 a
979 4131 1088 4188 Deo
1122 4137 1473 4192 constitutum
1523 4145 1799 4206 credatur,
1845 4157 1901 4198 et
1933 4146 2103 4200 detur

2211 4133 2297 4187 καὶ
2330 4133 2452 4192 ταῖς
2501 4130 2815 4198 ὠφελείαις,
2872 4129 2940 4190 ἃς
2987 4129 3066 4189 εἰς
3095 4127 3274 4196 ψυχὴν
3333 4123 3650 4187 διαϐιϐάζει
3681 4121 3786 4178 τοῖς

539 4221 664 4276 inde
701 4234 893 4278 ascetae
942 4227 1031 4294 qui
1082 4227 1241 4283 scalae
1287 4232 1590 4299 symbolum
1640 4247 1844 4292 servat.
1894 4238 2107 4291 Etenim

2219 4225 2530 4297 μιμητικῶς
2557 4225 2977 4294 ἐντυγχάνουσιν
3003 4240 3018 4255 ο
3053 4224 3143 4275 ἶνα
3163 4222 3244 4292 τῷ
3271 4221 3421 4292 λόγῳ
3443 4219 3620 4289 τούτῳ
3648 4213 3738 4269 καὶ
3760 4213 3786 4265 ὁ

550 4316 666 4385 ipsa
696 4333 816 4387 qum.
847 4318 897 4372 iu
927 4320 1093 4374 altum
1123 4321 1372 4389 ell‘ertur,
1407 4333 1604 4380 terram
1647 4342 1990 4397 nequaquam
2027 4344 2102 4382 re-

2222 4337 2241 4369 ι
2282 4319 2469 4379 στύλος
2513 4335 2532 4368 ι
2571 4308 2726 4377 οὗτος
2755 4315 2916 4368 ότι-οἶά
2965 4332 3019 4367 τι
3057 4333 3076 4366 ι
3109 4315 3336 4384 σημεῖον
3369 4331 3388 4365 ι
3428 4314 3510 4375 είς
3543 4308 3701 4381 βάθος
3731 4315 3787 4408 τε

544 4408 760 4478 linquit,
793 4421 846 4465 et
864 4414 954 4481 qui
986 4427 1143 4480 supra
1169 4415 1415 4469 columna
1446 4426 1577 4484 stat,
1611 4435 1714 4473 non
1746 4420 1968 4472 omnino
2001 4434 2060 4474 se
2083 4435 2107 4472 a

2213 4410 2306 4463 καὶ
2337 4407 2469 4478 ὕψος
2505 4407 2693 4460 θεόθεν
2745 4405 3034 4476 ζητηθείη,
3093 4407 3188 4459 καὶ
3237 4403 3426 4477 δοθείη
3463 4402 3676 4458 ἐκεῖθεν
3713 4402 3788 4464 τῷ

538 4502 888 4556 terrestribus
931 4513 1149 4573 separat
1193 4507 1258 4560 ad
1303 4507 1469 4562 Deum
1500 4511 1821 4573 ascendens,
1849 4510 2022 4564 donec
2067 4523 2098 4562 a

2211 4503 2448 4572 ἀσκητῇ,
2469 4497 2804 4564 ἀποσώζοντι
2835 4501 2929 4551 καὶ
2961 4498 3164 4568 ἑτέρως
3186 4497 3245 4550 τδ
3271 4497 3376 4566 τῆς
3419 4516 3437 4549 ι
3468 4495 3730 4563 κλίμακος
3750 4507 3767 4537 ι

527 4609 694 4652 carne
721 4601 936 4656 solutus
968 4603 1192 4671 spiritus
1229 4604 1295 4656 ad
1330 4599 1495 4658 Deum
1524 4605 1729 4657 avolet.

2213 4592 2500 4664 σύμϐολον.
2542 4588 2689 4660 Αὗτή
2722 4604 2782 4642 τε
2813 4589 2922 4660 γὰρ
2956 4590 3018 4642 τὸ
3046 4589 3368 4659 ἁνώῤῥοπον
3405 4591 3627 4659 ἔχουσα,
3662 4579 3778 4636 οὐδὲ

531 4693 630 4761 τῆς
660 4693 761 4761 γῆς
789 4695 1057 4752 λείπεται.
1081 4699 1191 4751 Καὶ
1223 4703 1251 4753 ὁ
1295 4702 1386 4755 ἐπὶ
1415 4703 1508 4756 τοῦ
1547 4723 1564 4756 ι
1597 4704 1788 4757 στύλου
1830 4723 1848 4756 ι
1915 4704 1972 4756 δὲ
2003 4704 2103 4755 οὐκ
2142 4698 2252 4753 ἐσθ’
2311 4697 2460 4755 ὅπως
2515 4689 2810 4759 ἀπόσχοιτο
2870 4689 2936 4742 ἀν
2989 4689 3163 4758 πάντη
3198 4690 3420 4751 πάντως
3486 4688 3597 4740 τῶν
3659 4699 3785 4752 περὶ

532 4789 660 4856 γῆν,
685 4789 989 4843 ἀναϐαίνων
1013 4791 1092 4853 είς
1112 4791 1264 4855 Θεὸν,
1294 4794 1398 4858 ⁹ἕως
1418 4795 1707 4860 ἀπολυθεὶς
1735 4797 1833 4866 τῆς
1865 4773 2064 4867 σαρκδς
2101 4792 2223 4854 νοῦς
2255 4788 2388 4848 ὅλως
2420 4784 2557 4849 πρὸς
2619 4783 2824 4836 ἐκεῖνον
2853 4779 3203 4852 πτερὺξεται.

622 4876 712 4933 50.
756 4877 910 4934 Sicut
954 4882 1178 4951 angelus
1227 4884 1406 4955 stylita
1464 4888 1916 4945 considerabitur.
1963 4887 2107 4943 Con-

531 4981 822 5036 scqnenter
851 4985 981 5040 ergo
1028 4972 1092 5024 ad
1143 4973 1356 5030 virtutis
1404 4975 1680 5046 fastigium
1713 4979 1974 5041 acsendit,
2008 4975 2105 5033 sed

535 5058 817 5113 confestim
857 5065 1151 5118 ascendere
1179 5067 1442 5130 cernitur,
1491 5083 1591 5122 nec
1622 5084 1716 5137 per
1748 5085 1941 5138 aspera
1970 5085 2104 5124 con-

531 5150 706 5203 tendit
769 5153 1053 5207 ambulans
1092 5193 1107 5218 ,
1168 5157 1334 5211 calles
1389 5158 1573 5214 devias
1636 5162 1904 5232 (atheletaa
1960 5163 2103 5216 enim

528 5250 582 5294 et
630 5255 830 5296 scurrae
886 5244 1163 5312 praprinm
1226 5246 1354 5300 illud
1407 5249 1508 5316 est)
1565 5251 1662 5305 sed
1727 5252 1827 5305 vim
1890 5251 2103 5304 obviam

533 5345 590 5382 se
630 5329 734 5385 fert
781 5331 1010 5387 faciliori
1044 5348 1205 5402 quam
1256 5337 1494 5403 calcant,
1535 5340 1625 5408 qui
1667 5355 1861 5408 aspera
1919 5352 2103 5395 trans-

532 5423 699 5490 gressi
729 5432 875 5488 sunt,
909 5433 965 5477 et
1011 5425 1075 5477 ad
1123 5426 1418 5482 altissimas
1451 5430 1698 5499 regiones
1759 5438 2107 5485 accesserunt

534 5513 720 5578 quiete
767 5523 822 5568 et
879 5515 1071 5568 timore
1123 5516 1352 5584 eiiciunt
1394 5533 1500 5588 quo
1543 5519 1749 5574 debiles
1801 5529 2104 5584 terrentur,

541 5604 742 5656 animis
793 5603 850 5657 in
890 5605 973 5658 via
1020 5605 1141 5660 trita
1185 5615 1239 5661 et
1290 5608 1446 5676 plana
1506 5612 1775 5677 progressi
1835 5620 1979 5677 sunt,
2030 5620 2107 5675 et,

545 5691 687 5758 quod
758 5693 897 5746 idem
980 5706 1063 5748 cst
1175 5695 1285 5750 Dco
1360 5700 1946 5770 appropinquavcrunt.
2040 5701 2112 5756 lbi

2277 4878 2340 4932 λ’.
2373 4877 2531 4931 Κατά
2555 4892 2614 4927 τε
2645 4895 2664 4927 ι
2701 4874 2932 4942 ἄγγελον
2966 4894 2984 4925 ι
3015 4875 3158 4927 οὕτω
3185 4873 3604 4943 θεωρηθήσεται
3633 4871 3660 4921 ό
3697 4863 3787 4920 ἐπὶ

2205 4971 2301 5026 τοῦ
2339 4990 2358 5022 ι
2395 4969 2612 5022 στύλου.
2651 4985 2670 5018 ι
2703 4965 2814 5018 Καὶ
2842 4965 3150 5028 ἀκολούθως
3189 4966 3267 5026 εἰς
3299 4964 3513 5033 ἀρετῶν
3550 4957 3788 5031 κορυφὴν

2204 5058 2402 5115 οὔκουν
2451 5057 2758 5122 ἀναϐαίνει,
2807 5057 2922 5109 ἀλλ’
2954 5056 3227 5124 ἀναϐῆναι
3251 5055 3456 5109 αὐτίκα
3485 5055 3588 5125 ήδη
3614 5061 3790 5118 παραυ

2205 5153 2463 5215 δείκνυσι,
2496 5150 2590 5204 καὶ
2629 5150 2687 5202 οὐ
2721 5148 2808 5201 διὰ
2850 5146 3117 5216 τραχείας
3171 5145 3426 5215 βιάζεται
3455 5148 3558 5214 τὴν
3609 5139 3791 5197 ἄνοδον

2207 5244 2580 5316 (μελετῶντος
2610 5241 2718 5312 γὰρ
2750 5240 2906 5293 τοῦτό
2934 5253 3022 5306 γε,
3060 5241 3153 5292 καὶ
3177 5238 3572 5308 ὲντριϐομένου
3602 5247 3790 5286 ταπει-

2207 5335 2449 5402 νοτέροις
2482 5333 2562 5387 ἔτι
2594 5333 2993 5403 γυμνάσμασιν
3014 5337 3056 5400 ),
3107 5330 3228 5384 ἀλλ’
3265 5331 3346 5392 είς
3378 5327 3554 5398 αὐτὴν
3586 5335 3790 5390 κατην-

2206 5426 2434 5494 τηκέναι
2465 5425 2561 5494 τὴν
2593 5425 2810 5494 ῥᾳδίαν,
2843 5424 2939 5477 καὶ
2972 5424 3040 5493 ἢν
3069 5421 3338 5475 πατοῦσιν
3361 5421 3413 5473 οἱ
3445 5419 3507 5472 τὸ
3535 5415 3675 5471 κατά
3699 5410 3794 5481 μὲν

2209 5515 2386 5587 τραχὺ
2421 5515 2864 5585 παρελάσαντες,
2883 5516 2951 5583 τῇ
2985 5513 3042 5566 δὲ
3075 5513 3338 5567 ἀνωτάτω
3369 5509 3588 5564 πεδιάδι
3629 5501 3794 5557 πελά-

2220 5623 2434 5669 σαντες,
2471 5608 2566 5659 καὶ
2607 5607 2704 5677 τῆς
2726 5605 2997 5676 ἔμφρονος
3030 5605 3318 5677 ῥᾳστώνης
3361 5601 3670 5670 γενόμενοι.
3703 5591 3796 5645 καὶ

2224 5699 2315 5751 τὴν
2350 5698 2451 5769 μὲν
2487 5697 2649 5766 φόϐον
2691 5697 2799 5764 ἔξω
2848 5696 3123 5767 βαλόντες,
3154 5695 3214 5759 ὃς
3250 5695 3362 5758 τοῖς
3390 5685 3796 5762 ἀκροσφαλέσιν
