  <div class='ocr_page' id='page_1' title='image "/cluster/home/n/w/nwhite01/storage/ocr_20150623/136/coo.31924054870419/122.png"; bbox 0 0 4048 6412; ppageno 0'>
   <div class='ocr_carea' id='block_1_1' title="bbox 232 284 3472 364">
    <p class='ocr_par' dir='ltr' id='par_1_1' title="bbox 232 284 3472 364">
     <span class='ocr_line' id='line_1_1' title="bbox 232 284 3472 364; baseline 0.002 -15"><span class='ocrx_word' id='word_1_1' title='bbox 232 284 320 349; x_wconf 70' lang='grc'>229</span> <span class='ocrx_word' id='word_1_2' title='bbox 1361 288 1463 349; x_wconf 80' lang='lat' dir='ltr'>AD</span> <span class='ocrx_word' id='word_1_3' title='bbox 1502 290 1876 352; x_wconf 77' lang='lat' dir='ltr'>STYLl&#39;l‘AM</span> <span class='ocrx_word' id='word_1_4' title='bbox 1914 291 2324 364; x_wconf 61' lang='lat' dir='ltr'>QUEMDAM.</span> <span class='ocrx_word' id='word_1_5' title='bbox 3360 294 3472 355; x_wconf 77' lang='lat'>230</span> 
     </span>
    </p>
   </div>
   <div class='ocr_carea' id='block_1_2' title="bbox 118 387 1716 466">
    <p class='ocr_par' dir='ltr' id='par_1_2' title="bbox 118 387 1716 463">
     <span class='ocr_line' id='line_1_2' title="bbox 118 387 1716 463; baseline 0 -17"><span class='ocrx_word' id='word_1_6' title='bbox 118 404 121 405; x_wconf 70' lang='lat'><strong><em>&#39;</em></strong></span> <span class='ocrx_word' id='word_1_7' title='bbox 228 388 534 463; x_wconf 75' lang='grc' dir='ltr'>ἀφώρισται,</span> <span class='ocrx_word' id='word_1_8' title='bbox 583 388 661 459; x_wconf 85' lang='grc' dir='ltr'>τῷ</span> <span class='ocrx_word' id='word_1_9' title='bbox 714 388 772 443; x_wconf 67' lang='grc' dir='ltr'>δὲ</span> <span class='ocrx_word' id='word_1_10' title='bbox 806 387 1124 460; x_wconf 74' lang='grc' dir='ltr'>ἀγχωμάλῳ</span> <span class='ocrx_word' id='word_1_11' title='bbox 1145 389 1239 443; x_wconf 68' lang='grc' dir='ltr'>καὶ</span> <span class='ocrx_word' id='word_1_12' title='bbox 1262 389 1390 462; x_wconf 85' lang='grc' dir='ltr'>λείῳ</span> <span class='ocrx_word' id='word_1_13' title='bbox 1422 392 1521 461; x_wconf 88' lang='grc' dir='ltr'>τῆς</span> <span class='ocrx_word' id='word_1_14' title='bbox 1549 392 1716 459; x_wconf 60' lang='grc' dir='ltr'>ἀγάπη</span> 
     </span>
    </p>
   </div>
   <div class='ocr_carea' id='block_1_3' title="bbox 1866 387 3464 466">
    <p class='ocr_par' dir='ltr' id='par_1_3' title="bbox 1872 396 3464 466">
     <span class='ocr_line' id='line_1_3' title="bbox 1872 396 3464 466; baseline -0.001 -16"><span class='ocrx_word' id='word_1_15' title='bbox 1872 410 2123 452; x_wconf 80' lang='lat' dir='ltr'><strong>verarum</strong></span> <span class='ocrx_word' id='word_1_16' title='bbox 2172 397 2492 453; x_wconf 83' lang='lat' dir='ltr'>deliciarum</span> <span class='ocrx_word' id='word_1_17' title='bbox 2527 404 2676 466; x_wconf 86' lang='lat' dir='ltr'><strong>prata</strong></span> <span class='ocrx_word' id='word_1_18' title='bbox 2721 396 2918 462; x_wconf 85' lang='lat' dir='ltr'><strong>virent,</strong></span> <span class='ocrx_word' id='word_1_19' title='bbox 2971 406 3029 450; x_wconf 87' lang='lat' dir='ltr'>et</span> <span class='ocrx_word' id='word_1_20' title='bbox 3074 397 3300 453; x_wconf 84' lang='lat' dir='ltr'><strong>virtutes</strong></span> <span class='ocrx_word' id='word_1_21' title='bbox 3334 399 3464 453; x_wconf 87' lang='lat' dir='ltr'><strong>cho-</strong></span> 
     </span>
    </p>
   </div>
   <div class='ocr_carea' id='block_1_4' title="bbox 227 477 1825 558">
    <p class='ocr_par' dir='ltr' id='par_1_4' title="bbox 227 477 1780 551">
     <span class='ocr_line' id='line_1_4' title="bbox 227 477 1780 551; baseline 0 -17"><span class='ocrx_word' id='word_1_22' title='bbox 227 479 534 551; x_wconf 81' lang='grc' dir='ltr'>προϐάντες.</span> <span class='ocrx_word' id='word_1_23' title='bbox 589 478 790 534; x_wconf 80' lang='grc' dir='ltr'>ταύτδν</span> <span class='ocrx_word' id='word_1_24' title='bbox 842 478 900 532; x_wconf 78' lang='grc' dir='ltr'>δὲ</span> <span class='ocrx_word' id='word_1_25' title='bbox 939 480 1132 548; x_wconf 70' lang='grc' dir='ltr'>φάναι,</span> <span class='ocrx_word' id='word_1_26' title='bbox 1188 477 1310 551; x_wconf 82' lang='grc' dir='ltr'>Θεῷ</span> <span class='ocrx_word' id='word_1_27' title='bbox 1342 478 1780 550; x_wconf 73' lang='grc' dir='ltr'>πλησιάσαντες·</span> 
     </span>
    </p>
   </div>
   <div class='ocr_carea' id='block_1_5' title="bbox 1863 477 3461 558">
    <p class='ocr_par' dir='ltr' id='par_1_5' title="bbox 1886 488 3461 558">
     <span class='ocr_line' id='line_1_5' title="bbox 1886 488 3461 558; baseline 0 -17"><span class='ocrx_word' id='word_1_28' title='bbox 1886 501 1980 543; x_wconf 88' lang='lat' dir='ltr'>ros</span> <span class='ocrx_word' id='word_1_29' title='bbox 2019 488 2332 554; x_wconf 88' lang='lat' dir='ltr'><strong>instituunt,</strong></span> <span class='ocrx_word' id='word_1_30' title='bbox 2382 504 2489 544; x_wconf 91' lang='lat' dir='ltr'>non</span> <span class='ocrx_word' id='word_1_31' title='bbox 2525 488 2762 558; x_wconf 81' lang='lat' dir='ltr'>amplius</span> <span class='ocrx_word' id='word_1_32' title='bbox 2806 489 2933 543; x_wconf 61' lang='lat' dir='ltr'><strong>vita:</strong></span> <span class='ocrx_word' id='word_1_33' title='bbox 2976 489 3132 543; x_wconf 88' lang='lat' dir='ltr'><strong>malis</strong></span> <span class='ocrx_word' id='word_1_34' title='bbox 3171 489 3461 549; x_wconf 82' lang='lat' dir='ltr'><strong>luctantes,</strong></span> 
     </span>
    </p>
   </div>
   <div class='ocr_carea' id='block_1_6' title="bbox 227 570 1825 648">
    <p class='ocr_par' dir='ltr' id='par_1_6' title="bbox 227 570 1780 644">
     <span class='ocr_line' id='line_1_6' title="bbox 227 570 1780 644; baseline -0.001 -18"><span class='ocrx_word' id='word_1_35' title='bbox 227 572 335 626; x_wconf 83' lang='grc' dir='ltr'>ἔνθα</span> <span class='ocrx_word' id='word_1_36' title='bbox 360 572 412 626; x_wconf 82' lang='lat' dir='ltr'>oi</span> <span class='ocrx_word' id='word_1_37' title='bbox 440 571 543 639; x_wconf 86' lang='grc' dir='ltr'>τῆς</span> <span class='ocrx_word' id='word_1_38' title='bbox 571 570 745 635; x_wconf 75' lang='grc' dir='ltr'>ὅντως</span> <span class='ocrx_word' id='word_1_39' title='bbox 786 571 1000 644; x_wconf 79' lang='grc' dir='ltr'>τρυφῆς</span> <span class='ocrx_word' id='word_1_40' title='bbox 1055 570 1324 641; x_wconf 82' lang='grc' dir='ltr'>λειμῶνες</span> <span class='ocrx_word' id='word_1_41' title='bbox 1378 571 1660 639; x_wconf 87' lang='grc' dir='ltr'>τεθήλασι,</span> <span class='ocrx_word' id='word_1_42' title='bbox 1684 573 1780 626; x_wconf 69' lang='lat' dir='ltr'><strong>acati.</strong></span> 
     </span>
    </p>
   </div>
   <div class='ocr_carea' id='block_1_7' title="bbox 1878 570 3476 648">
    <p class='ocr_par' dir='ltr' id='par_1_7' title="bbox 1883 576 3476 648">
     <span class='ocr_line' id='line_1_7' title="bbox 1883 576 3476 648; baseline -0.001 -16"><span class='ocrx_word' id='word_1_43' title='bbox 1883 591 1983 632; x_wconf 89' lang='lat' dir='ltr'>nec</span> <span class='ocrx_word' id='word_1_44' title='bbox 2026 578 2262 646; x_wconf 89' lang='lat' dir='ltr'><strong>spinosis</strong></span> <span class='ocrx_word' id='word_1_45' title='bbox 2300 580 2540 648; x_wconf 74' lang='lat' dir='ltr'>peccatis</span> <span class='ocrx_word' id='word_1_46' title='bbox 2592 577 2792 640; x_wconf 69' lang='lat' dir='ltr'><strong>mistre,</strong></span> <span class='ocrx_word' id='word_1_47' title='bbox 2839 577 2934 633; x_wconf 86' lang='lat' dir='ltr'>sed</span> <span class='ocrx_word' id='word_1_48' title='bbox 2982 576 3248 632; x_wconf 83' lang='lat' dir='ltr'><strong>fructibus</strong></span> <span class='ocrx_word' id='word_1_49' title='bbox 3298 577 3476 630; x_wconf 68' lang='lat' dir='ltr'><strong>abun-r</strong></span> 
     </span>
    </p>
   </div>
   <div class='ocr_carea' id='block_1_8' title="bbox 226 661 1824 736">
    <p class='ocr_par' dir='ltr' id='par_1_8' title="bbox 226 661 1778 734">
     <span class='ocr_line' id='line_1_8' title="bbox 226 661 1778 734; baseline 0.001 -17"><span class='ocrx_word' id='word_1_50' title='bbox 226 663 399 733; x_wconf 79' lang='grc' dir='ltr'>ἀρεταὶ</span> <span class='ocrx_word' id='word_1_51' title='bbox 429 661 842 734; x_wconf 78' lang='grc' dir='ltr'>χοροϐατοῦσιν,</span> <span class='ocrx_word' id='word_1_52' title='bbox 871 662 1058 718; x_wconf 79' lang='grc' dir='ltr'>οὐκέτι</span> <span class='ocrx_word' id='word_1_53' title='bbox 1086 662 1311 724; x_wconf 81' lang='grc' dir='ltr'>κακίαις</span> <span class='ocrx_word' id='word_1_54' title='bbox 1335 662 1455 733; x_wconf 87' lang='grc' dir='ltr'>βίου</span> <span class='ocrx_word' id='word_1_55' title='bbox 1490 681 1778 733; x_wconf 83' lang='grc' dir='ltr'>παρασπι-</span> 
     </span>
    </p>
   </div>
   <div class='ocr_carea' id='block_1_9' title="bbox 1867 661 3465 736">
    <p class='ocr_par' dir='ltr' id='par_1_9' title="bbox 1879 668 3465 736">
     <span class='ocr_line' id='line_1_9' title="bbox 1879 668 3465 736; baseline -0.001 -15"><span class='ocrx_word' id='word_1_56' title='bbox 1879 668 2107 734; x_wconf 78' lang='lat' dir='ltr'><strong>dantes,</strong></span> <span class='ocrx_word' id='word_1_57' title='bbox 2159 684 2225 725; x_wconf 88' lang='lat' dir='ltr'>ac</span> <span class='ocrx_word' id='word_1_58' title='bbox 2284 683 2466 725; x_wconf 83' lang='lat' dir='ltr'><strong>rerum</strong></span> <span class='ocrx_word' id='word_1_59' title='bbox 2527 669 2885 725; x_wconf 76' lang='lat' dir='ltr'>scelestarum</span> <span class='ocrx_word' id='word_1_60' title='bbox 2935 668 3205 723; x_wconf 88' lang='lat' dir='ltr'><strong>immunes</strong></span> <span class='ocrx_word' id='word_1_61' title='bbox 3261 671 3465 736; x_wconf 81' lang='lat' dir='ltr'><strong>absque</strong></span> 
     </span>
    </p>
   </div>
   <div class='ocr_carea' id='block_1_10' title="bbox 228 752 2028 823">
    <p class='ocr_par' dir='ltr' id='par_1_10' title="bbox 228 752 2028 823">
     <span class='ocr_line' id='line_1_10' title="bbox 228 752 2028 823; baseline 0.006 -20"><span class='ocrx_word' id='word_1_62' title='bbox 228 753 450 823; x_wconf 71' lang='grc' dir='ltr'>ζᾶμεναι.</span> <span class='ocrx_word' id='word_1_63' title='bbox 512 753 635 808; x_wconf 68' lang='grc' dir='ltr'>οὐδὲ</span> <span class='ocrx_word' id='word_1_64' title='bbox 683 752 1183 823; x_wconf 83' lang='grc' dir='ltr'>παραμεμιγμέναι</span> <span class='ocrx_word' id='word_1_65' title='bbox 1237 754 1353 815; x_wconf 71' lang='grc' dir='ltr'>τοῖς</span> <span class='ocrx_word' id='word_1_66' title='bbox 1399 753 1775 809; x_wconf 80' lang='grc' dir='ltr'>ἁκανθώδεσιν</span> <span class='ocrx_word' id='word_1_67' title='bbox 1876 755 2028 815; x_wconf 85' lang='lat' dir='ltr'><strong>fuco.</strong></span> 
     </span>
    </p>
   </div>
   <div class='ocr_carea' id='block_1_11' title="bbox 229 844 3473 922">
    <p class='ocr_par' dir='ltr' id='par_1_11' title="bbox 229 844 3473 922">
     <span class='ocr_line' id='line_1_11' title="bbox 229 844 3473 922; baseline 0.001 -23"><span class='ocrx_word' id='word_1_68' title='bbox 229 844 626 914; x_wconf 85' lang='grc' dir='ltr'>ἁμαρτήμασιν,</span> <span class='ocrx_word' id='word_1_69' title='bbox 663 844 799 900; x_wconf 76' lang='grc' dir='ltr'>ἀλλὰ</span> <span class='ocrx_word' id='word_1_70' title='bbox 837 844 1095 915; x_wconf 83' lang='grc' dir='ltr'>καθαρῶς</span> <span class='ocrx_word' id='word_1_71' title='bbox 1121 844 1413 916; x_wconf 80' lang='grc' dir='ltr'>εγκαρποι,</span> <span class='ocrx_word' id='word_1_72' title='bbox 1447 846 1543 899; x_wconf 64' lang='grc' dir='ltr'>καλ⁵</span> <span class='ocrx_word' id='word_1_73' title='bbox 1600 846 1801 911; x_wconf 69' lang='grc' dir='ltr'>πάσαις</span> <span class='ocrx_word' id='word_1_74' title='bbox 1842 850 2174 921; x_wconf 70' lang='grc' dir='ltr'>φαυλότησιν</span> <span class='ocrx_word' id='word_1_75' title='bbox 2233 851 2635 922; x_wconf 72' lang='grc' dir='ltr'>ἀπαραμικτοι,</span> <span class='ocrx_word' id='word_1_76' title='bbox 2684 851 2779 906; x_wconf 76' lang='grc' dir='ltr'>καὶ</span> <span class='ocrx_word' id='word_1_77' title='bbox 2820 852 3141 922; x_wconf 81' lang='grc' dir='ltr'>ἀκραιφνῶς</span> <span class='ocrx_word' id='word_1_78' title='bbox 3223 850 3473 920; x_wconf 78' lang='grc' dir='ltr'>ἄκρατοι</span> 
     </span>
    </p>
   </div>
   <div class='ocr_carea' id='block_1_12' title="bbox 231 937 626 1005">
    <p class='ocr_par' dir='ltr' id='par_1_12' title="bbox 231 937 626 1005">
     <span class='ocr_line' id='line_1_12' title="bbox 231 937 626 1005; baseline 0.003 -15"><span class='ocrx_word' id='word_1_79' title='bbox 231 937 308 990; x_wconf 70' lang='grc' dir='ltr'>καὶ</span> <span class='ocrx_word' id='word_1_80' title='bbox 327 937 626 1005; x_wconf 76' lang='grc' dir='ltr'>ἀκήρατοι.</span> 
     </span>
    </p>
   </div>
   <div class='ocr_carea' id='block_1_13' title="bbox 281 1030 1879 1105">
    <p class='ocr_par' dir='ltr' id='par_1_13' title="bbox 281 1030 1781 1105">
     <span class='ocr_line' id='line_1_13' title="bbox 281 1030 1781 1105; baseline 0.003 -22"><span class='ocrx_word' id='word_1_81' title='bbox 281 1032 380 1085; x_wconf 87' lang='grc' dir='ltr'>λα’.</span> <span class='ocrx_word' id='word_1_82' title='bbox 410 1030 682 1101; x_wconf 77' lang='grc' dir='ltr'>Βούλομαι</span> <span class='ocrx_word' id='word_1_83' title='bbox 705 1031 800 1086; x_wconf 85' lang='grc' dir='ltr'>καὶ</span> <span class='ocrx_word' id='word_1_84' title='bbox 826 1033 905 1094; x_wconf 85' lang='grc' dir='ltr'>είς</span> <span class='ocrx_word' id='word_1_85' title='bbox 934 1035 996 1088; x_wconf 74' lang='grc' dir='ltr'>τὸ</span> <span class='ocrx_word' id='word_1_86' title='bbox 1029 1033 1311 1104; x_wconf 85' lang='grc' dir='ltr'>θεωρηθέν</span> <span class='ocrx_word' id='word_1_87' title='bbox 1361 1051 1381 1085; x_wconf 85' lang='grc' dir='ltr'>ι</span> <span class='ocrx_word' id='word_1_88' title='bbox 1418 1033 1543 1105; x_wconf 86' lang='grc' dir='ltr'>ϐρος</span> <span class='ocrx_word' id='word_1_89' title='bbox 1579 1052 1596 1084; x_wconf 83' lang='grc' dir='ltr'>ι</span> <span class='ocrx_word' id='word_1_90' title='bbox 1632 1034 1781 1104; x_wconf 76' lang='grc' dir='ltr'>ὑψω-</span> 
     </span>
    </p>
   </div>
   <div class='ocr_carea' id='block_1_14' title="bbox 1862 1030 3460 1105">
    <p class='ocr_par' dir='ltr' id='par_1_14' title="bbox 1948 1030 3456 1103">
     <span class='ocr_line' id='line_1_14' title="bbox 1948 1030 3456 1103; baseline -0.005 -13"><span class='ocrx_word' id='word_1_91' title='bbox 1948 1035 2039 1091; x_wconf 76' lang='grc'>51.</span> <span class='ocrx_word' id='word_1_92' title='bbox 2086 1033 2216 1089; x_wconf 88' lang='lat' dir='ltr'><strong>Volo</strong></span> <span class='ocrx_word' id='word_1_93' title='bbox 2259 1032 2509 1103; x_wconf 83' lang='lat' dir='ltr'><strong>equidem</strong></span> <span class='ocrx_word' id='word_1_94' title='bbox 2546 1046 2709 1100; x_wconf 80' lang='lat' dir='ltr'><strong>super</strong></span> <span class='ocrx_word' id='word_1_95' title='bbox 2752 1031 2927 1085; x_wconf 84' lang='lat' dir='ltr'><strong>visum</strong></span> <span class='ocrx_word' id='word_1_96' title='bbox 2977 1040 3217 1084; x_wconf 88' lang='lat' dir='ltr'><strong>montem</strong></span> <span class='ocrx_word' id='word_1_97' title='bbox 3267 1030 3456 1085; x_wconf 82' lang='lat' dir='ltr'><strong>extolli</strong></span> 
     </span>
    </p>
   </div>
   <div class='ocr_carea' id='block_1_15' title="bbox 230 1120 1828 1196">
    <p class='ocr_par' dir='ltr' id='par_1_15' title="bbox 230 1123 1780 1196">
     <span class='ocr_line' id='line_1_15' title="bbox 230 1123 1780 1196; baseline 0.003 -21"><span class='ocrx_word' id='word_1_98' title='bbox 230 1124 390 1189; x_wconf 80' lang='grc' dir='ltr'>θῆναι,</span> <span class='ocrx_word' id='word_1_99' title='bbox 413 1123 508 1175; x_wconf 69' lang='grc' dir='ltr'>κοιλ⁸</span> <span class='ocrx_word' id='word_1_100' title='bbox 528 1123 609 1184; x_wconf 85' lang='grc' dir='ltr'>είς</span> <span class='ocrx_word' id='word_1_101' title='bbox 635 1127 728 1178; x_wconf 64' lang='grc' dir='ltr'>τὸν</span> <span class='ocrx_word' id='word_1_102' title='bbox 759 1125 992 1194; x_wconf 79' lang='grc' dir='ltr'>ἐχόμενα</span> <span class='ocrx_word' id='word_1_103' title='bbox 1012 1127 1208 1179; x_wconf 82' lang='grc' dir='ltr'>τούτου</span> <span class='ocrx_word' id='word_1_104' title='bbox 1238 1145 1257 1178; x_wconf 78' lang='grc' dir='ltr'>ι</span> <span class='ocrx_word' id='word_1_105' title='bbox 1290 1125 1479 1196; x_wconf 67' lang='grc' dir='ltr'>βουνὸν</span> <span class='ocrx_word' id='word_1_106' title='bbox 1518 1145 1536 1177; x_wconf 80' lang='grc' dir='ltr'>ι</span> <span class='ocrx_word' id='word_1_107' title='bbox 1571 1126 1780 1196; x_wconf 78' lang='grc' dir='ltr'>ἀναϐῆ-</span> 
     </span>
    </p>
   </div>
   <div class='ocr_carea' id='block_1_16' title="bbox 1858 1120 3456 1196">
    <p class='ocr_par' dir='ltr' id='par_1_16' title="bbox 1875 1120 3456 1191">
     <span class='ocr_line' id='line_1_16' title="bbox 1875 1120 3456 1191; baseline -0.006 -10"><span class='ocrx_word' id='word_1_108' title='bbox 1875 1136 1934 1181; x_wconf 90' lang='lat' dir='ltr'>et</span> <span class='ocrx_word' id='word_1_109' title='bbox 1987 1125 2053 1180; x_wconf 88' lang='lat' dir='ltr'>ad</span> <span class='ocrx_word' id='word_1_110' title='bbox 2101 1124 2298 1180; x_wconf 87' lang='lat' dir='ltr'><strong>collem</strong></span> <span class='ocrx_word' id='word_1_111' title='bbox 2329 1124 2569 1179; x_wconf 89' lang='lat' dir='ltr'><strong>vicinum</strong></span> <span class='ocrx_word' id='word_1_112' title='bbox 2603 1121 2920 1181; x_wconf 81' lang='lat' dir='ltr'><strong>ascendere.</strong></span> <span class='ocrx_word' id='word_1_113' title='bbox 2964 1130 3018 1175; x_wconf 89' lang='lat' dir='ltr'>et</span> <span class='ocrx_word' id='word_1_114' title='bbox 3057 1120 3456 1191; x_wconf 74' lang='lat' dir='ltr'><strong>gazophylacii,</strong></span> 
     </span>
    </p>
   </div>
   <div class='ocr_carea' id='block_1_17' title="bbox 228 1211 1826 1285">
    <p class='ocr_par' dir='ltr' id='par_1_17' title="bbox 228 1214 1779 1285">
     <span class='ocr_line' id='line_1_17' title="bbox 228 1214 1779 1285; baseline 0.003 -19"><span class='ocrx_word' id='word_1_115' title='bbox 228 1233 318 1279; x_wconf 81' lang='grc' dir='ltr'>ναι,</span> <span class='ocrx_word' id='word_1_116' title='bbox 368 1215 466 1268; x_wconf 74' lang='grc' dir='ltr'>καὶ</span> <span class='ocrx_word' id='word_1_117' title='bbox 514 1214 611 1269; x_wconf 84' lang='grc' dir='ltr'>τοῦ</span> <span class='ocrx_word' id='word_1_118' title='bbox 654 1234 674 1267; x_wconf 79' lang='grc' dir='ltr'>ι</span> <span class='ocrx_word' id='word_1_119' title='bbox 714 1215 1122 1285; x_wconf 66' lang='grc' dir='ltr'>γαζοφυλακίου</span> <span class='ocrx_word' id='word_1_120' title='bbox 1166 1236 1185 1268; x_wconf 76' lang='grc' dir='ltr'>ι</span> <span class='ocrx_word' id='word_1_121' title='bbox 1238 1216 1515 1285; x_wconf 85' lang='grc' dir='ltr'>γενέσθαι.</span> <span class='ocrx_word' id='word_1_122' title='bbox 1564 1218 1641 1281; x_wconf 84' lang='grc' dir='ltr'>ὠς</span> <span class='ocrx_word' id='word_1_123' title='bbox 1682 1218 1779 1270; x_wconf 60' lang='grc' dir='ltr'>καὶΙ</span> 
     </span>
    </p>
   </div>
   <div class='ocr_carea' id='block_1_18' title="bbox 1857 1211 3455 1285">
    <p class='ocr_par' dir='ltr' id='par_1_18' title="bbox 1876 1211 3455 1281">
     <span class='ocr_line' id='line_1_18' title="bbox 1876 1211 3455 1281; baseline -0.005 -8"><span class='ocrx_word' id='word_1_124' title='bbox 1876 1218 2019 1273; x_wconf 86' lang='lat' dir='ltr'><strong>sicut</strong></span> <span class='ocrx_word' id='word_1_125' title='bbox 2049 1225 2103 1271; x_wconf 92' lang='lat' dir='ltr'>et</span> <span class='ocrx_word' id='word_1_126' title='bbox 2140 1215 2379 1272; x_wconf 83' lang='lat' dir='ltr'><strong>thesauri</strong></span> <span class='ocrx_word' id='word_1_127' title='bbox 2414 1214 2561 1268; x_wconf 88' lang='lat' dir='ltr'><strong>intus</strong></span> <span class='ocrx_word' id='word_1_128' title='bbox 2595 1212 2855 1268; x_wconf 84' lang='lat' dir='ltr'><strong>reconditi</strong></span> <span class='ocrx_word' id='word_1_129' title='bbox 2890 1212 3165 1281; x_wconf 84' lang='lat' dir='ltr'><strong>particeps</strong></span> <span class='ocrx_word' id='word_1_130' title='bbox 3205 1211 3346 1275; x_wconf 85' lang='lat' dir='ltr'><strong>ﬁeri,</strong></span> <span class='ocrx_word' id='word_1_131' title='bbox 3387 1214 3455 1265; x_wconf 88' lang='lat' dir='ltr'>ad</span> 
     </span>
    </p>
   </div>
   <div class='ocr_carea' id='block_1_19' title="bbox 230 1304 1828 1377">
    <p class='ocr_par' dir='ltr' id='par_1_19' title="bbox 230 1306 1776 1377">
     <span class='ocr_line' id='line_1_19' title="bbox 230 1306 1776 1377; baseline 0.003 -22"><span class='ocrx_word' id='word_1_132' title='bbox 230 1306 590 1374; x_wconf 67' lang='grc' dir='ltr'>προσάψασθαι</span> <span class='ocrx_word' id='word_1_133' title='bbox 616 1307 709 1360; x_wconf 79' lang='grc' dir='ltr'>τοῦ</span> <span class='ocrx_word' id='word_1_134' title='bbox 728 1306 879 1370; x_wconf 86' lang='grc' dir='ltr'>ἐντδς</span> <span class='ocrx_word' id='word_1_135' title='bbox 911 1326 931 1359; x_wconf 77' lang='grc' dir='ltr'>ι</span> <span class='ocrx_word' id='word_1_136' title='bbox 961 1307 1238 1377; x_wconf 77' lang='grc' dir='ltr'>θησαυροῦ</span> <span class='ocrx_word' id='word_1_137' title='bbox 1266 1326 1286 1360; x_wconf 78' lang='grc' dir='ltr'>ι</span> <span class='ocrx_word' id='word_1_138' title='bbox 1314 1310 1397 1371; x_wconf 86' lang='grc' dir='ltr'>είς</span> <span class='ocrx_word' id='word_1_139' title='bbox 1424 1307 1776 1375; x_wconf 81' lang='grc' dir='ltr'>πλουτισμδν,</span> 
     </span>
    </p>
   </div>
   <div class='ocr_carea' id='block_1_20' title="bbox 1861 1304 3459 1377">
    <p class='ocr_par' dir='ltr' id='par_1_20' title="bbox 1875 1304 3459 1375">
     <span class='ocr_line' id='line_1_20' title="bbox 1875 1304 3459 1375; baseline -0.003 -13"><span class='ocrx_word' id='word_1_140' title='bbox 1875 1309 2058 1362; x_wconf 88' lang='lat' dir='ltr'><strong>nidmn</strong></span> <span class='ocrx_word' id='word_1_141' title='bbox 2080 1307 2284 1368; x_wconf 86' lang='lat' dir='ltr'><strong>volare,</strong></span> <span class='ocrx_word' id='word_1_142' title='bbox 2314 1321 2474 1375; x_wconf 89' lang='lat' dir='ltr'><strong>super</strong></span> <span class='ocrx_word' id='word_1_143' title='bbox 2504 1306 2696 1361; x_wconf 86' lang='lat' dir='ltr'><strong>turrim</strong></span> <span class='ocrx_word' id='word_1_144' title='bbox 2721 1315 2885 1369; x_wconf 88' lang='lat' dir='ltr'><strong>stare,</strong></span> <span class='ocrx_word' id='word_1_145' title='bbox 2918 1305 3104 1360; x_wconf 82' lang='lat' dir='ltr'><strong>urbem</strong></span> <span class='ocrx_word' id='word_1_146' title='bbox 3130 1304 3459 1368; x_wconf 80' lang='lat' dir='ltr'><strong>describere,</strong></span> 
     </span>
    </p>
   </div>
   <div class='ocr_carea' id='block_1_21' title="bbox 229 1393 1827 1468">
    <p class='ocr_par' dir='ltr' id='par_1_21' title="bbox 229 1393 1774 1468">
     <span class='ocr_line' id='line_1_21' title="bbox 229 1393 1774 1468; baseline -0.001 -20"><span class='ocrx_word' id='word_1_147' title='bbox 229 1398 307 1448; x_wconf 74' lang='grc' dir='ltr'>καὶ</span> <span class='ocrx_word' id='word_1_148' title='bbox 358 1398 845 1466; x_wconf 76' lang='grc' dir='ltr'>προαπετασθῆναι</span> <span class='ocrx_word' id='word_1_149' title='bbox 895 1400 961 1467; x_wconf 79' lang='grc' dir='ltr'>τῇ</span> <span class='ocrx_word' id='word_1_150' title='bbox 1033 1416 1052 1450; x_wconf 84' lang='grc' dir='ltr'>ι</span> <span class='ocrx_word' id='word_1_151' title='bbox 1090 1399 1304 1468; x_wconf 75' lang='grc' dir='ltr'>νοσσιᾷ,</span> <span class='ocrx_word' id='word_1_152' title='bbox 1350 1416 1369 1449; x_wconf 79' lang='grc' dir='ltr'>ι</span> <span class='ocrx_word' id='word_1_153' title='bbox 1433 1396 1531 1450; x_wconf 71' lang='grc' dir='ltr'>καὶ</span> <span class='ocrx_word' id='word_1_154' title='bbox 1556 1397 1650 1450; x_wconf 71' lang='grc' dir='ltr'>ἐπὶ</span> <span class='ocrx_word' id='word_1_155' title='bbox 1678 1393 1774 1450; x_wconf 82' lang='grc' dir='ltr'>τοῦ</span> 
     </span>
    </p>
   </div>
   <div class='ocr_carea' id='block_1_22' title="bbox 1865 1393 3463 1468">
    <p class='ocr_par' dir='ltr' id='par_1_22' title="bbox 1874 1397 3463 1468">
     <span class='ocr_line' id='line_1_22' title="bbox 1874 1397 3463 1468; baseline -0.004 -14"><span class='ocrx_word' id='word_1_156' title='bbox 1874 1401 2142 1455; x_wconf 71' lang='lat' dir='ltr'><strong>columnae</strong></span> <span class='ocrx_word' id='word_1_157' title='bbox 2161 1399 2353 1453; x_wconf 88' lang='lat' dir='ltr'><strong>lumini</strong></span> <span class='ocrx_word' id='word_1_158' title='bbox 2387 1399 2603 1468; x_wconf 76' lang='lat' dir='ltr'><strong>ignique</strong></span> <span class='ocrx_word' id='word_1_159' title='bbox 2625 1397 2922 1466; x_wconf 77' lang='lat' dir='ltr'><strong>profectum</strong></span> <span class='ocrx_word' id='word_1_160' title='bbox 2955 1399 3106 1461; x_wconf 83' lang='lat' dir='ltr'><strong>dare,</strong></span> <span class='ocrx_word' id='word_1_161' title='bbox 3135 1397 3301 1452; x_wconf 89' lang='lat' dir='ltr'><strong>solem</strong></span> <span class='ocrx_word' id='word_1_162' title='bbox 3332 1411 3463 1450; x_wconf 91' lang='lat' dir='ltr'><strong>con-</strong></span> 
     </span>
    </p>
   </div>
   <div class='ocr_carea' id='block_1_23' title="bbox 234 1486 1832 1560">
    <p class='ocr_par' dir='ltr' id='par_1_23' title="bbox 234 1486 1769 1560">
     <span class='ocr_line' id='line_1_23' title="bbox 234 1486 1769 1560; baseline 0.001 -21"><span class='ocrx_word' id='word_1_163' title='bbox 234 1506 250 1533; x_wconf 75' lang='lat' dir='ltr'><em>c</em></span> <span class='ocrx_word' id='word_1_164' title='bbox 274 1486 475 1557; x_wconf 75' lang='grc' dir='ltr'>πύργου</span> <span class='ocrx_word' id='word_1_165' title='bbox 518 1505 536 1538; x_wconf 85' lang='grc' dir='ltr'>ι</span> <span class='ocrx_word' id='word_1_166' title='bbox 571 1488 786 1557; x_wconf 83' lang='grc' dir='ltr'>στῆναι,</span> <span class='ocrx_word' id='word_1_167' title='bbox 814 1489 908 1542; x_wconf 72' lang='grc' dir='ltr'>καὶ</span> <span class='ocrx_word' id='word_1_168' title='bbox 927 1490 1025 1558; x_wconf 84' lang='grc' dir='ltr'>τὴν</span> <span class='ocrx_word' id='word_1_169' title='bbox 1047 1488 1471 1560; x_wconf 82' lang='grc' dir='ltr'>τεθεωρημένην</span> <span class='ocrx_word' id='word_1_170' title='bbox 1504 1509 1523 1542; x_wconf 79' lang='grc' dir='ltr'>ι</span> <span class='ocrx_word' id='word_1_171' title='bbox 1551 1488 1708 1542; x_wconf 77' lang='grc' dir='ltr'>πόλιν</span> <span class='ocrx_word' id='word_1_172' title='bbox 1748 1507 1769 1541; x_wconf 75' lang='grc' dir='ltr'>ι</span> 
     </span>
    </p>
   </div>
   <div class='ocr_carea' id='block_1_24' title="bbox 1870 1486 3468 1560">
    <p class='ocr_par' dir='ltr' id='par_1_24' title="bbox 1874 1489 3468 1560">
     <span class='ocr_line' id='line_1_24' title="bbox 1874 1489 3468 1560; baseline -0.003 -15"><span class='ocrx_word' id='word_1_173' title='bbox 1874 1491 2148 1560; x_wconf 84' lang='lat' dir='ltr'><strong>templari,</strong></span> <span class='ocrx_word' id='word_1_174' title='bbox 2206 1501 2373 1560; x_wconf 84' lang='lat' dir='ltr'><strong>atque</strong></span> <span class='ocrx_word' id='word_1_175' title='bbox 2427 1489 2553 1545; x_wconf 81' lang='lat' dir='ltr'><strong>aliis</strong></span> <span class='ocrx_word' id='word_1_176' title='bbox 2607 1489 2863 1545; x_wconf 87' lang='lat' dir='ltr'><strong>omnibus</strong></span> <span class='ocrx_word' id='word_1_177' title='bbox 2909 1490 3172 1555; x_wconf 79' lang='lat' dir='ltr'><strong>maiorem</strong></span> <span class='ocrx_word' id='word_1_178' title='bbox 3240 1502 3468 1557; x_wconf 84' lang='lat' dir='ltr'><strong>operam&#39;</strong></span> 
     </span>
    </p>
   </div>
   <div class='ocr_carea' id='block_1_25' title="bbox 225 1579 1823 1651">
    <p class='ocr_par' dir='ltr' id='par_1_25' title="bbox 225 1579 1771 1651">
     <span class='ocr_line' id='line_1_25' title="bbox 225 1579 1771 1651; baseline -0.001 -19"><span class='ocrx_word' id='word_1_179' title='bbox 225 1580 644 1649; x_wconf 78' lang='grc' dir='ltr'>τοπογραφῆσαι,</span> <span class='ocrx_word' id='word_1_180' title='bbox 678 1580 774 1634; x_wconf 70' lang='grc' dir='ltr'>καὶ</span> <span class='ocrx_word' id='word_1_181' title='bbox 805 1581 865 1634; x_wconf 75' lang='grc' dir='ltr'>τὸ</span> <span class='ocrx_word' id='word_1_182' title='bbox 902 1579 998 1634; x_wconf 80' lang='grc' dir='ltr'>τοῦ</span> <span class='ocrx_word' id='word_1_183' title='bbox 1035 1600 1053 1633; x_wconf 83' lang='grc' dir='ltr'>ι</span> <span class='ocrx_word' id='word_1_184' title='bbox 1076 1580 1270 1634; x_wconf 76' lang='grc' dir='ltr'>στύλον</span> <span class='ocrx_word' id='word_1_185' title='bbox 1312 1583 1452 1650; x_wconf 78' lang='grc' dir='ltr'>φωτὶ</span> <span class='ocrx_word' id='word_1_186' title='bbox 1477 1581 1571 1634; x_wconf 72' lang='grc' dir='ltr'>καὶ</span> <span class='ocrx_word' id='word_1_187' title='bbox 1597 1582 1771 1651; x_wconf 71' lang='grc' dir='ltr'>πυρὶ»</span> 
     </span>
    </p>
   </div>
   <div class='ocr_carea' id='block_1_26' title="bbox 1875 1579 3473 1651">
    <p class='ocr_par' dir='ltr' id='par_1_26' title="bbox 1875 1579 3473 1650">
     <span class='ocr_line' id='line_1_26' title="bbox 1875 1579 3473 1650; baseline -0.003 -13"><span class='ocrx_word' id='word_1_188' title='bbox 1875 1583 2024 1648; x_wconf 85' lang='lat' dir='ltr'><strong>dare,</strong></span> <span class='ocrx_word' id='word_1_189' title='bbox 2057 1582 2111 1637; x_wconf 88' lang='lat' dir='ltr'>in</span> <span class='ocrx_word' id='word_1_190' title='bbox 2139 1588 2396 1650; x_wconf 88' lang='lat' dir='ltr'><strong>quantum</strong></span> <span class='ocrx_word' id='word_1_191' title='bbox 2423 1581 2562 1650; x_wconf 90' lang='lat' dir='ltr'><strong>apud</strong></span> <span class='ocrx_word' id='word_1_192' title='bbox 2591 1596 2692 1636; x_wconf 89' lang='lat' dir='ltr'>nos</span> <span class='ocrx_word' id='word_1_193' title='bbox 2717 1581 2783 1636; x_wconf 90' lang='lat' dir='ltr'>de</span> <span class='ocrx_word' id='word_1_194' title='bbox 2806 1581 3052 1635; x_wconf 88' lang='lat' dir='ltr'><strong>columna</strong></span> <span class='ocrx_word' id='word_1_195' title='bbox 3079 1595 3262 1635; x_wconf 85' lang='lat' dir='ltr'><strong>sermo</strong></span> <span class='ocrx_word' id='word_1_196' title='bbox 3287 1579 3473 1635; x_wconf 82' lang='lat' dir='ltr'><strong>factus</strong></span> 
     </span>
    </p>
   </div>
   <div class='ocr_carea' id='block_1_27' title="bbox 225 1670 1823 1742">
    <p class='ocr_par' dir='ltr' id='par_1_27' title="bbox 225 1670 1770 1742">
     <span class='ocr_line' id='line_1_27' title="bbox 225 1670 1770 1742; baseline 0.001 -19"><span class='ocrx_word' id='word_1_197' title='bbox 225 1671 307 1740; x_wconf 79' lang='grc' dir='ltr'>τὴν</span> <span class='ocrx_word' id='word_1_198' title='bbox 327 1670 455 1724; x_wconf 88' lang='grc' dir='ltr'>θέαν</span> <span class='ocrx_word' id='word_1_199' title='bbox 484 1672 777 1739; x_wconf 73' lang='grc' dir='ltr'>ἐπαφεῖναι</span> <span class='ocrx_word' id='word_1_200' title='bbox 824 1673 904 1736; x_wconf 89' lang='grc' dir='ltr'>είς</span> <span class='ocrx_word' id='word_1_201' title='bbox 932 1672 1221 1742; x_wconf 79' lang='grc' dir='ltr'>ἐλλαμψιν,</span> <span class='ocrx_word' id='word_1_202' title='bbox 1257 1672 1468 1726; x_wconf 75' lang='grc' dir='ltr'>καὶτὸν</span> <span class='ocrx_word' id='word_1_203' title='bbox 1502 1691 1522 1724; x_wconf 78' lang='grc' dir='ltr'>ι</span> <span class='ocrx_word' id='word_1_204' title='bbox 1556 1672 1709 1742; x_wconf 75' lang='grc' dir='ltr'>ἥλιον</span> <span class='ocrx_word' id='word_1_205' title='bbox 1751 1689 1770 1725; x_wconf 74' lang='grc' dir='ltr'>ι</span> 
     </span>
    </p>
   </div>
   <div class='ocr_carea' id='block_1_28' title="bbox 1871 1670 3469 1742">
    <p class='ocr_par' dir='ltr' id='par_1_28' title="bbox 1873 1673 3469 1740">
     <span class='ocr_line' id='line_1_28' title="bbox 1873 1673 3469 1740; baseline -0.002 -11"><span class='ocrx_word' id='word_1_206' title='bbox 1873 1683 1976 1729; x_wconf 88' lang='lat' dir='ltr'><strong>est.</strong></span> <span class='ocrx_word' id='word_1_207' title='bbox 2012 1674 2274 1729; x_wconf 78' lang='lat' dir='ltr'><strong>Ardorem</strong></span> <span class='ocrx_word' id='word_1_208' title='bbox 2301 1689 2432 1728; x_wconf 90' lang='lat' dir='ltr'><strong>vero</strong></span> <span class='ocrx_word' id='word_1_209' title='bbox 2462 1674 2685 1728; x_wconf 90' lang='lat' dir='ltr'><strong>nimium</strong></span> <span class='ocrx_word' id='word_1_210' title='bbox 2708 1675 2945 1740; x_wconf 89' lang='lat' dir='ltr'><strong>remitto,</strong></span> <span class='ocrx_word' id='word_1_211' title='bbox 2977 1673 3133 1729; x_wconf 82' lang='lat' dir='ltr'><strong>avide</strong></span> <span class='ocrx_word' id='word_1_212' title='bbox 3157 1674 3469 1733; x_wconf 79' lang='lat' dir='ltr'><strong>haurientes</strong></span> 
     </span>
    </p>
   </div>
   <div class='ocr_carea' id='block_1_29' title="bbox 226 1762 1824 1837">
    <p class='ocr_par' dir='ltr' id='par_1_29' title="bbox 226 1762 1778 1835">
     <span class='ocr_line' id='line_1_29' title="bbox 226 1762 1778 1835; baseline 0.001 -20"><span class='ocrx_word' id='word_1_213' title='bbox 226 1762 603 1833; x_wconf 79' lang='grc' dir='ltr'>περιαθρῆσαι,</span> <span class='ocrx_word' id='word_1_214' title='bbox 638 1763 735 1817; x_wconf 78' lang='grc' dir='ltr'>καὶ</span> <span class='ocrx_word' id='word_1_215' title='bbox 765 1766 878 1828; x_wconf 81' lang='grc' dir='ltr'>τοῖς</span> <span class='ocrx_word' id='word_1_216' title='bbox 901 1764 1083 1828; x_wconf 80' lang='grc' dir='ltr'>ἄλλοις</span> <span class='ocrx_word' id='word_1_217' title='bbox 1114 1765 1170 1817; x_wconf 78' lang='grc' dir='ltr'>δὲ</span> <span class='ocrx_word' id='word_1_218' title='bbox 1200 1763 1373 1818; x_wconf 72' lang='grc' dir='ltr'>ἅπασι</span> <span class='ocrx_word' id='word_1_219' title='bbox 1415 1762 1514 1835; x_wconf 78' lang='grc' dir='ltr'>τὴν</span> <span class='ocrx_word' id='word_1_220' title='bbox 1542 1763 1778 1834; x_wconf 79' lang='grc' dir='ltr'>θεωρίαν</span> 
     </span>
    </p>
   </div>
   <div class='ocr_carea' id='block_1_30' title="bbox 1876 1762 3474 1837">
    <p class='ocr_par' dir='ltr' id='par_1_30' title="bbox 1876 1764 3474 1837">
     <span class='ocr_line' id='line_1_30' title="bbox 1876 1764 3474 1837; baseline 0.001 -19"><span class='ocrx_word' id='word_1_221' title='bbox 1876 1765 2064 1821; x_wconf 83' lang='lat' dir='ltr'><strong>videns</strong></span> <span class='ocrx_word' id='word_1_222' title='bbox 2099 1766 2368 1820; x_wconf 83' lang='lat' dir='ltr'><strong>auditores</strong></span> <span class='ocrx_word' id='word_1_223' title='bbox 2397 1775 2452 1820; x_wconf 89' lang='lat' dir='ltr'>et</span> <span class='ocrx_word' id='word_1_224' title='bbox 2495 1765 2689 1821; x_wconf 88' lang='lat' dir='ltr'><strong>mentis</strong></span> <span class='ocrx_word' id='word_1_225' title='bbox 2729 1766 2963 1837; x_wconf 71' lang='lat' dir='ltr'><strong>cogitata</strong></span> <span class='ocrx_word' id='word_1_226' title='bbox 3010 1764 3240 1820; x_wconf 87' lang='lat' dir='ltr'><strong>inlabiis</strong></span> <span class='ocrx_word' id='word_1_227' title='bbox 3275 1779 3474 1835; x_wconf 74' lang='lat' dir='ltr'><strong>geren-</strong></span> 
     </span>
    </p>
   </div>
   <div class='ocr_carea' id='block_1_31' title="bbox 227 1844 1825 1928">
    <p class='ocr_par' dir='ltr' id='par_1_31' title="bbox 227 1844 1825 1928">
     <span class='ocr_line' id='line_1_31' title="bbox 227 1844 1825 1928; baseline -0.001 -19"><span class='ocrx_word' id='word_1_228' title='bbox 227 1856 570 1928; x_wconf 83' lang='grc' dir='ltr'>ὲνασχολῆσαι</span> <span class='ocrx_word' id='word_1_229' title='bbox 621 1855 982 1927; x_wconf 85' lang='grc' dir='ltr'>πλατύτερον,</span> <span class='ocrx_word' id='word_1_230' title='bbox 1049 1857 1151 1909; x_wconf 78' lang='grc' dir='ltr'>ὅσα</span> <span class='ocrx_word' id='word_1_231' title='bbox 1189 1856 1284 1910; x_wconf 78' lang='grc' dir='ltr'>τὸν</span> <span class='ocrx_word' id='word_1_232' title='bbox 1331 1854 1425 1908; x_wconf 77' lang='grc' dir='ltr'>τοῦ</span> <span class='ocrx_word' id='word_1_233' title='bbox 1476 1874 1496 1907; x_wconf 80' lang='grc' dir='ltr'>ι</span> <span class='ocrx_word' id='word_1_234' title='bbox 1524 1855 1717 1909; x_wconf 88' lang='grc' dir='ltr'>στύλου</span> <span class='ocrx_word' id='word_1_235' title='bbox 1752 1873 1772 1907; x_wconf 75' lang='grc' dir='ltr'>ι</span> <span class='ocrx_word' id='word_1_236' title='bbox 1810 1844 1825 1900; x_wconf 77' lang='grc'><strong>1</strong></span> 
     </span>
    </p>
   </div>
   <div class='ocr_carea' id='block_1_32' title="bbox 1883 1844 3481 1928">
    <p class='ocr_par' dir='ltr' id='par_1_32' title="bbox 1883 1856 3481 1925">
     <span class='ocr_line' id='line_1_32' title="bbox 1883 1856 3481 1925; baseline -0.003 -12"><span class='ocrx_word' id='word_1_237' title='bbox 1883 1868 1984 1913; x_wconf 90' lang='lat' dir='ltr'><strong>tes.</strong></span> <span class='ocrx_word' id='word_1_238' title='bbox 2016 1856 2144 1912; x_wconf 77' lang='lat' dir='ltr'><strong>Ideo</strong></span> <span class='ocrx_word' id='word_1_239' title='bbox 2198 1872 2303 1911; x_wconf 93' lang='lat' dir='ltr'>non</span> <span class='ocrx_word' id='word_1_240' title='bbox 2333 1857 2436 1912; x_wconf 91' lang='lat' dir='ltr'><strong>dici</strong></span> <span class='ocrx_word' id='word_1_241' title='bbox 2483 1856 2754 1925; x_wconf 81' lang='lat' dir='ltr'><strong>oportebit</strong></span> <span class='ocrx_word' id='word_1_242' title='bbox 2808 1856 2928 1912; x_wconf 89' lang='lat' dir='ltr'><strong>istis</strong></span> <span class='ocrx_word' id='word_1_243' title='bbox 2972 1856 3202 1921; x_wconf 84' lang='lat' dir='ltr'><strong>instare,</strong></span> <span class='ocrx_word' id='word_1_244' title='bbox 3247 1863 3306 1912; x_wconf 90' lang='lat' dir='ltr'>et</span> <span class='ocrx_word' id='word_1_245' title='bbox 3355 1869 3481 1909; x_wconf 74' lang='lat' dir='ltr'><strong>ser—</strong></span> 
     </span>
    </p>
   </div>
   <div class='ocr_carea' id='block_1_33' title="bbox 222 1943 1820 2018">
    <p class='ocr_par' dir='ltr' id='par_1_33' title="bbox 222 1946 1777 2018">
     <span class='ocr_line' id='line_1_33' title="bbox 222 1946 1777 2018; baseline 0.003 -20"><span class='ocrx_word' id='word_1_246' title='bbox 222 1948 360 2016; x_wconf 72' lang='grc' dir='ltr'>λόγον</span> <span class='ocrx_word' id='word_1_247' title='bbox 388 1948 527 2018; x_wconf 81' lang='grc' dir='ltr'>παρ’</span> <span class='ocrx_word' id='word_1_248' title='bbox 557 1947 690 2018; x_wconf 85' lang='grc' dir='ltr'>ἡμῖν</span> <span class='ocrx_word' id='word_1_249' title='bbox 720 1949 1113 2018; x_wconf 82' lang='grc' dir='ltr'>ἁπεπλήρωσε.</span> <span class='ocrx_word' id='word_1_250' title='bbox 1147 1947 1347 2017; x_wconf 74' lang='grc' dir='ltr'>Σχάζω</span> <span class='ocrx_word' id='word_1_251' title='bbox 1370 1947 1429 2001; x_wconf 74' lang='grc' dir='ltr'>δέ</span> <span class='ocrx_word' id='word_1_252' title='bbox 1466 1948 1526 2000; x_wconf 75' lang='grc' dir='ltr'>τό</span> <span class='ocrx_word' id='word_1_253' title='bbox 1554 1964 1617 2016; x_wconf 85' lang='grc' dir='ltr'>γε</span> <span class='ocrx_word' id='word_1_254' title='bbox 1641 1946 1777 2002; x_wconf 77' lang='grc' dir='ltr'>πολὺ</span> 
     </span>
    </p>
   </div>
   <div class='ocr_carea' id='block_1_34' title="bbox 1880 1943 3478 2018">
    <p class='ocr_par' dir='ltr' id='par_1_34' title="bbox 1886 1943 3478 2016">
     <span class='ocr_line' id='line_1_34' title="bbox 1886 1943 3478 2016; baseline -0.003 -13"><span class='ocrx_word' id='word_1_255' title='bbox 1886 1962 2100 2003; x_wconf 74' lang='lat' dir='ltr'><strong>mortem</strong></span> <span class='ocrx_word' id='word_1_256' title='bbox 2147 1946 2504 2015; x_wconf 82' lang='lat' dir='ltr'><strong>ampliﬁcare.</strong></span> <span class='ocrx_word' id='word_1_257' title='bbox 2537 1947 2633 2002; x_wconf 86' lang='lat' dir='ltr'>sed</span> <span class='ocrx_word' id='word_1_258' title='bbox 2678 1962 2779 2016; x_wconf 90' lang='lat' dir='ltr'>pro</span> <span class='ocrx_word' id='word_1_259' title='bbox 2822 1955 3068 2015; x_wconf 88' lang='lat' dir='ltr'><strong>tempore</strong></span> <span class='ocrx_word' id='word_1_260' title='bbox 3102 1946 3368 2001; x_wconf 86' lang='lat' dir='ltr'><strong>theoriam</strong></span> <span class='ocrx_word' id='word_1_261' title='bbox 3414 1943 3478 1999; x_wconf 83' lang='lat' dir='ltr'>in</span> 
     </span>
    </p>
   </div>
   <div class='ocr_carea' id='block_1_35' title="bbox 223 2037 1821 2117">
    <p class='ocr_par' dir='ltr' id='par_1_35' title="bbox 223 2038 1780 2117">
     <span class='ocr_line' id='line_1_35' title="bbox 223 2038 1780 2117; baseline -0.003 -22"><span class='ocrx_word' id='word_1_262' title='bbox 223 2041 308 2110; x_wconf 82' lang='grc' dir='ltr'>τῆς</span> <span class='ocrx_word' id='word_1_263' title='bbox 332 2041 538 2117; x_wconf 79' lang='grc' dir='ltr'>ὁρμῆς,</span> <span class='ocrx_word' id='word_1_264' title='bbox 578 2041 721 2111; x_wconf 81' lang='grc' dir='ltr'>ὀρῶν</span> <span class='ocrx_word' id='word_1_265' title='bbox 758 2041 884 2104; x_wconf 79' lang='grc' dir='ltr'>τοὺς</span> <span class='ocrx_word' id='word_1_266' title='bbox 911 2040 1187 2110; x_wconf 78' lang='grc' dir='ltr'>ἀκροατὰς</span> <span class='ocrx_word' id='word_1_267' title='bbox 1220 2038 1667 2111; x_wconf 73' lang='grc' dir='ltr'>ὑφαρπάζοντας,</span> <span class='ocrx_word' id='word_1_268' title='bbox 1682 2038 1780 2092; x_wconf 74' lang='grc' dir='ltr'>καὶ</span> 
     </span>
    </p>
   </div>
   <div class='ocr_carea' id='block_1_36' title="bbox 724 2037 2322 2117">
    <p class='ocr_par' dir='ltr' id='par_1_36' title="bbox 758 2037 2322 2111">
     <span class='ocr_line' id='line_1_36' title="bbox 758 2037 2322 2111; baseline 0 -17"><span class='ocrx_word' id='word_1_269' title='bbox 758 2041 884 2104; x_wconf 79' lang='grc' dir='ltr'>τοὺς</span> <span class='ocrx_word' id='word_1_270' title='bbox 911 2040 1187 2110; x_wconf 78' lang='grc' dir='ltr'>ἀκροατὰς</span> <span class='ocrx_word' id='word_1_271' title='bbox 1220 2038 1667 2111; x_wconf 73' lang='grc' dir='ltr'>ὑφαρπάζοντας,</span> <span class='ocrx_word' id='word_1_272' title='bbox 1682 2038 1780 2092; x_wconf 73' lang='grc' dir='ltr'>καὶ</span> <span class='ocrx_word' id='word_1_273' title='bbox 1886 2039 2124 2094; x_wconf 87' lang='lat' dir='ltr'><strong>medium</strong></span> <span class='ocrx_word' id='word_1_274' title='bbox 2154 2037 2322 2094; x_wconf 84' lang='lat' dir='ltr'><strong>ferre.</strong></span> 
     </span>
    </p>
   </div>
   <div class='ocr_carea' id='block_1_37' title="bbox 227 2126 3473 2205">
    <p class='ocr_par' dir='ltr' id='par_1_37' title="bbox 227 2126 3473 2205">
     <span class='ocr_line' id='line_1_37' title="bbox 227 2126 3473 2205; baseline -0.003 -17"><span class='ocrx_word' id='word_1_275' title='bbox 227 2137 495 2205; x_wconf 81' lang='grc' dir='ltr'>μονονουχὶ</span> <span class='ocrx_word' id='word_1_276' title='bbox 527 2134 637 2204; x_wconf 79' lang='grc' dir='ltr'>πρὸ</span> <span class='ocrx_word' id='word_1_277' title='bbox 681 2132 907 2204; x_wconf 77' lang='grc' dir='ltr'>χειλέων</span> <span class='ocrx_word' id='word_1_278' title='bbox 940 2131 1207 2203; x_wconf 83' lang='grc' dir='ltr'>φέροντας</span> <span class='ocrx_word' id='word_1_279' title='bbox 1259 2132 1327 2186; x_wconf 71' lang='grc' dir='ltr'>τὰ</span> <span class='ocrx_word' id='word_1_280' title='bbox 1357 2130 1645 2199; x_wconf 76' lang='grc' dir='ltr'>νοούμενα.</span> <span class='ocrx_word' id='word_1_281' title='bbox 1676 2131 1767 2183; x_wconf 67' lang='lat' dir='ltr'><strong>Aio</strong></span> <span class='ocrx_word' id='word_1_282' title='bbox 1826 2128 1924 2183; x_wconf 79' lang='grc' dir='ltr'>καὶ</span> <span class='ocrx_word' id='word_1_283' title='bbox 1947 2129 2008 2183; x_wconf 84' lang='grc' dir='ltr'>ού</span> <span class='ocrx_word' id='word_1_284' title='bbox 2036 2129 2226 2200; x_wconf 75' lang='grc' dir='ltr'>μακρά</span> <span class='ocrx_word' id='word_1_285' title='bbox 2251 2146 2318 2197; x_wconf 83' lang='grc' dir='ltr'>με</span> <span class='ocrx_word' id='word_1_286' title='bbox 2342 2128 2526 2201; x_wconf 81' lang='grc' dir='ltr'>δεήσει</span> <span class='ocrx_word' id='word_1_287' title='bbox 2574 2128 3004 2200; x_wconf 79' lang='grc' dir='ltr'>προσενεχθῆναι</span> <span class='ocrx_word' id='word_1_288' title='bbox 3066 2128 3297 2193; x_wconf 85' lang='grc' dir='ltr'>τούτοις,</span> <span class='ocrx_word' id='word_1_289' title='bbox 3371 2126 3473 2180; x_wconf 58' lang='lat' dir='ltr'><strong>atat</strong></span> 
     </span>
    </p>
   </div>
   <div class='ocr_carea' id='block_1_38' title="bbox 223 2209 2732 2294">
    <p class='ocr_par' dir='ltr' id='par_1_38' title="bbox 223 2209 2732 2294">
     <span class='ocr_line' id='line_1_38' title="bbox 223 2209 2732 2294; baseline -0.002 -14"><span class='ocrx_word' id='word_1_290' title='bbox 223 2209 679 2283; x_wconf 81' lang='grc' dir='ltr'>διασκευάσασθαι</span> <span class='ocrx_word' id='word_1_291' title='bbox 711 2225 1072 2292; x_wconf 83' lang='grc' dir='ltr'>λεπτολογίαν</span> <span class='ocrx_word' id='word_1_292' title='bbox 1097 2223 1324 2294; x_wconf 79' lang='grc' dir='ltr'>πολλὴν,</span> <span class='ocrx_word' id='word_1_293' title='bbox 1346 2221 1487 2278; x_wconf 81' lang='grc' dir='ltr'>ἀλλὰ</span> <span class='ocrx_word' id='word_1_294' title='bbox 1509 2221 1611 2292; x_wconf 80' lang='grc' dir='ltr'>τῆς</span> <span class='ocrx_word' id='word_1_295' title='bbox 1636 2220 1870 2293; x_wconf 76' lang='grc' dir='ltr'>θεωρίας</span> <span class='ocrx_word' id='word_1_296' title='bbox 1906 2212 2187 2290; x_wconf 52' lang='grc' dir='ltr'>γενέσθαι,Ι</span> <span class='ocrx_word' id='word_1_297' title='bbox 2222 2223 2304 2286; x_wconf 90' lang='grc' dir='ltr'>εἰς</span> <span class='ocrx_word' id='word_1_298' title='bbox 2334 2222 2459 2276; x_wconf 77' lang='grc' dir='ltr'>ὅσον</span> <span class='ocrx_word' id='word_1_299' title='bbox 2491 2221 2732 2292; x_wconf 88' lang='grc' dir='ltr'>καίριον.</span> 
     </span>
    </p>
   </div>
   <div class='ocr_carea' id='block_1_39' title="bbox 281 2307 1879 2389">
    <p class='ocr_par' dir='ltr' id='par_1_39' title="bbox 281 2309 1769 2389">
     <span class='ocr_line' id='line_1_39' title="bbox 281 2309 1769 2389; baseline -0.008 -17"><span class='ocrx_word' id='word_1_300' title='bbox 281 2317 372 2389; x_wconf 81' lang='grc' dir='ltr'>λβ’.</span> <span class='ocrx_word' id='word_1_301' title='bbox 412 2317 687 2381; x_wconf 75' lang='grc' dir='ltr'>Ἀκούεις,</span> <span class='ocrx_word' id='word_1_302' title='bbox 717 2309 769 2370; x_wconf 68' lang='grc' dir='ltr'><strong>ὦ</strong></span> <span class='ocrx_word' id='word_1_303' title='bbox 800 2333 819 2367; x_wconf 79' lang='grc' dir='ltr'>ι</span> <span class='ocrx_word' id='word_1_304' title='bbox 860 2314 1103 2380; x_wconf 74' lang='grc' dir='ltr'>σωλῖτα,</span> <span class='ocrx_word' id='word_1_305' title='bbox 1137 2331 1156 2364; x_wconf 79' lang='grc' dir='ltr'>ι</span> <span class='ocrx_word' id='word_1_306' title='bbox 1187 2311 1241 2366; x_wconf 86' lang='grc' dir='ltr'>τί</span> <span class='ocrx_word' id='word_1_307' title='bbox 1262 2311 1363 2381; x_wconf 70' lang='grc' dir='ltr'>μὲν</span> <span class='ocrx_word' id='word_1_308' title='bbox 1393 2314 1421 2366; x_wconf 85' lang='grc' dir='ltr'>ὁ</span> <span class='ocrx_word' id='word_1_309' title='bbox 1459 2329 1478 2364; x_wconf 81' lang='grc' dir='ltr'>ι</span> <span class='ocrx_word' id='word_1_310' title='bbox 1506 2309 1721 2374; x_wconf 85' lang='grc' dir='ltr'>στύλος,</span> <span class='ocrx_word' id='word_1_311' title='bbox 1749 2326 1769 2360; x_wconf 69' lang='grc' dir='ltr'>ι</span> 
     </span>
    </p>
   </div>
   <div class='ocr_carea' id='block_1_40' title="bbox 1880 2307 3478 2389">
    <p class='ocr_par' dir='ltr' id='par_1_40' title="bbox 1945 2307 3478 2380">
     <span class='ocr_line' id='line_1_40' title="bbox 1945 2307 3478 2380; baseline -0.006 -15"><span class='ocrx_word' id='word_1_312' title='bbox 1945 2310 2040 2366; x_wconf 71' lang='lat'>5%.</span> <span class='ocrx_word' id='word_1_313' title='bbox 2079 2311 2264 2374; x_wconf 84' lang='lat' dir='ltr'><strong>Audis,</strong></span> <span class='ocrx_word' id='word_1_314' title='bbox 2300 2309 2557 2380; x_wconf 82' lang='lat' dir='ltr'><strong>ostylita,</strong></span> <span class='ocrx_word' id='word_1_315' title='bbox 2588 2309 2716 2377; x_wconf 88' lang='lat' dir='ltr'><strong>quid</strong></span> <span class='ocrx_word' id='word_1_316' title='bbox 2738 2307 3012 2368; x_wconf 85' lang='lat' dir='ltr'><strong>columna.</strong></span> <span class='ocrx_word' id='word_1_317' title='bbox 3047 2307 3175 2379; x_wconf 88' lang='lat' dir='ltr'><strong>quid</strong></span> <span class='ocrx_word' id='word_1_318' title='bbox 3209 2321 3376 2378; x_wconf 87' lang='lat' dir='ltr'><strong>super</strong></span> <span class='ocrx_word' id='word_1_319' title='bbox 3405 2319 3478 2360; x_wconf 73' lang='grc' dir='ltr'>ετ</span> 
     </span>
    </p>
   </div>
   <div class='ocr_carea' id='block_1_41' title="bbox 221 2401 1819 2480">
    <p class='ocr_par' dir='ltr' id='par_1_41' title="bbox 221 2403 1780 2480">
     <span class='ocr_line' id='line_1_41' title="bbox 221 2403 1780 2480; baseline -0.006 -14"><span class='ocrx_word' id='word_1_320' title='bbox 221 2413 267 2466; x_wconf 85' lang='grc' dir='ltr'>τί</span> <span class='ocrx_word' id='word_1_321' title='bbox 286 2415 338 2468; x_wconf 70' lang='grc' dir='ltr'>δὲ</span> <span class='ocrx_word' id='word_1_322' title='bbox 365 2415 392 2467; x_wconf 82' lang='grc' dir='ltr'><strong>ὁ</strong></span> <span class='ocrx_word' id='word_1_323' title='bbox 424 2411 520 2466; x_wconf 79' lang='grc' dir='ltr'>ἐπ’</span> <span class='ocrx_word' id='word_1_324' title='bbox 545 2409 737 2468; x_wconf 81' lang='grc' dir='ltr'>αὑτοῦ.</span> <span class='ocrx_word' id='word_1_325' title='bbox 770 2410 958 2480; x_wconf 84' lang='grc' dir='ltr'>Ἔχεις</span> <span class='ocrx_word' id='word_1_326' title='bbox 987 2407 1169 2463; x_wconf 86' lang='grc' dir='ltr'>τοίνυν</span> <span class='ocrx_word' id='word_1_327' title='bbox 1212 2407 1445 2462; x_wconf 83' lang='grc' dir='ltr'>αὐτόθεν</span> <span class='ocrx_word' id='word_1_328' title='bbox 1472 2403 1780 2459; x_wconf 84' lang='grc' dir='ltr'>καταλαϐέ-</span> 
     </span>
    </p>
   </div>
   <div class='ocr_carea' id='block_1_42' title="bbox 1880 2401 3478 2480">
    <p class='ocr_par' dir='ltr' id='par_1_42' title="bbox 1880 2401 3478 2472">
     <span class='ocr_line' id='line_1_42' title="bbox 1880 2401 3478 2472; baseline -0.003 -14"><span class='ocrx_word' id='word_1_329' title='bbox 1880 2411 2052 2458; x_wconf 87' lang='lat' dir='ltr'><strong>stans.</strong></span> <span class='ocrx_word' id='word_1_330' title='bbox 2088 2401 2268 2457; x_wconf 85' lang='lat' dir='ltr'><strong>Habes</strong></span> <span class='ocrx_word' id='word_1_331' title='bbox 2295 2416 2427 2469; x_wconf 81' lang='lat' dir='ltr'><strong>ergo</strong></span> <span class='ocrx_word' id='word_1_332' title='bbox 2453 2402 2598 2457; x_wconf 86' lang='lat' dir='ltr'><strong>unde</strong></span> <span class='ocrx_word' id='word_1_333' title='bbox 2630 2402 2900 2472; x_wconf 74' lang='lat' dir='ltr'><strong>intelligas</strong></span> <span class='ocrx_word' id='word_1_334' title='bbox 2943 2401 3010 2455; x_wconf 89' lang='lat' dir='ltr'>ad</span> <span class='ocrx_word' id='word_1_335' title='bbox 3046 2401 3172 2468; x_wconf 89' lang='lat' dir='ltr'><strong>quid</strong></span> <span class='ocrx_word' id='word_1_336' title='bbox 3208 2401 3332 2462; x_wconf 88' lang='lat' dir='ltr'><strong>ista,</strong></span> <span class='ocrx_word' id='word_1_337' title='bbox 3369 2413 3478 2453; x_wconf 86' lang='lat' dir='ltr'>nec</span> 
     </span>
    </p>
   </div>
   <div class='ocr_carea' id='block_1_43' title="bbox 224 2493 1822 2569">
    <p class='ocr_par' dir='ltr' id='par_1_43' title="bbox 224 2498 1780 2569">
     <span class='ocr_line' id='line_1_43' title="bbox 224 2498 1780 2569; baseline -0.004 -12"><span class='ocrx_word' id='word_1_338' title='bbox 224 2504 354 2568; x_wconf 83' lang='grc' dir='ltr'>σθαι,</span> <span class='ocrx_word' id='word_1_339' title='bbox 382 2504 482 2558; x_wconf 75' lang='grc' dir='ltr'>καὶ</span> <span class='ocrx_word' id='word_1_340' title='bbox 512 2503 660 2556; x_wconf 85' lang='grc' dir='ltr'>διατί</span> <span class='ocrx_word' id='word_1_341' title='bbox 691 2500 865 2556; x_wconf 79' lang='grc' dir='ltr'>ταῦτα</span> <span class='ocrx_word' id='word_1_342' title='bbox 883 2517 895 2531; x_wconf 86' lang='grc'><strong>·</strong></span> <span class='ocrx_word' id='word_1_343' title='bbox 942 2501 1038 2553; x_wconf 71' lang='grc' dir='ltr'>καὶ</span> <span class='ocrx_word' id='word_1_344' title='bbox 1062 2500 1123 2553; x_wconf 77' lang='grc' dir='ltr'>οὺ</span> <span class='ocrx_word' id='word_1_345' title='bbox 1155 2500 1263 2569; x_wconf 84' lang='grc' dir='ltr'>χρὴ</span> <span class='ocrx_word' id='word_1_346' title='bbox 1293 2498 1596 2569; x_wconf 86' lang='grc' dir='ltr'>πνεύμονος</span> <span class='ocrx_word' id='word_1_347' title='bbox 1647 2498 1780 2566; x_wconf 78' lang='grc' dir='ltr'>ἡμῖν</span> 
     </span>
    </p>
   </div>
   <div class='ocr_carea' id='block_1_44' title="bbox 1871 2493 3469 2569">
    <p class='ocr_par' dir='ltr' id='par_1_44' title="bbox 1876 2493 3469 2567">
     <span class='ocr_line' id='line_1_44' title="bbox 1876 2493 3469 2567; baseline -0.001 -20"><span class='ocrx_word' id='word_1_348' title='bbox 1876 2502 2089 2561; x_wconf 78' lang='lat' dir='ltr'><strong>oportet</strong></span> <span class='ocrx_word' id='word_1_349' title='bbox 2119 2497 2277 2550; x_wconf 86' lang='lat' dir='ltr'><strong>nobis</strong></span> <span class='ocrx_word' id='word_1_350' title='bbox 2322 2493 2492 2567; x_wconf 84' lang='lat' dir='ltr'><strong>multo</strong></span> <span class='ocrx_word' id='word_1_351' title='bbox 2522 2494 2816 2565; x_wconf 88' lang='lat' dir='ltr'><strong>pulmonis,</strong></span> <span class='ocrx_word' id='word_1_352' title='bbox 2840 2504 2898 2549; x_wconf 90' lang='lat' dir='ltr'>ut</span> <span class='ocrx_word' id='word_1_353' title='bbox 2930 2494 3106 2558; x_wconf 85' lang='lat' dir='ltr'><strong>aiunt,</strong></span> <span class='ocrx_word' id='word_1_354' title='bbox 3147 2494 3336 2549; x_wconf 85' lang='lat' dir='ltr'><strong>labore</strong></span> <span class='ocrx_word' id='word_1_355' title='bbox 3369 2493 3469 2548; x_wconf 88' lang='lat' dir='ltr'><strong>uti.</strong></span> 
     </span>
    </p>
   </div>
   <div class='ocr_carea' id='block_1_45' title="bbox 221 2584 1819 2660">
    <p class='ocr_par' dir='ltr' id='par_1_45' title="bbox 221 2586 1780 2660">
     <span class='ocr_line' id='line_1_45' title="bbox 221 2586 1780 2660; baseline -0.004 -15"><span class='ocrx_word' id='word_1_356' title='bbox 221 2592 372 2645; x_wconf 79' lang='grc' dir='ltr'>πολὺν</span> <span class='ocrx_word' id='word_1_357' title='bbox 392 2594 418 2646; x_wconf 76' lang='grc' dir='ltr'>ὅ</span> <span class='ocrx_word' id='word_1_358' title='bbox 448 2608 589 2660; x_wconf 83' lang='grc' dir='ltr'>φασι</span> <span class='ocrx_word' id='word_1_359' title='bbox 623 2591 788 2644; x_wconf 78' lang='grc' dir='ltr'>πόνον</span> <span class='ocrx_word' id='word_1_360' title='bbox 812 2589 1080 2655; x_wconf 86' lang='grc' dir='ltr'>γίνεσθαι.</span> <span class='ocrx_word' id='word_1_361' title='bbox 1119 2588 1315 2653; x_wconf 76' lang='grc' dir='ltr'>Βλέπε,</span> <span class='ocrx_word' id='word_1_362' title='bbox 1350 2586 1525 2642; x_wconf 83' lang='grc' dir='ltr'>δοκῶν</span> <span class='ocrx_word' id='word_1_363' title='bbox 1545 2587 1780 2656; x_wconf 84' lang='grc' dir='ltr'>ἀνεστη-</span> 
     </span>
    </p>
   </div>
   <div class='ocr_carea' id='block_1_46' title="bbox 1876 2584 3474 2660">
    <p class='ocr_par' dir='ltr' id='par_1_46' title="bbox 1877 2584 3474 2657">
     <span class='ocr_line' id='line_1_46' title="bbox 1877 2584 3474 2657; baseline -0.001 -17"><span class='ocrx_word' id='word_1_364' title='bbox 1877 2585 2014 2642; x_wconf 82' lang='lat' dir='ltr'><strong>Vide</strong></span> <span class='ocrx_word' id='word_1_365' title='bbox 2037 2587 2130 2657; x_wconf 89' lang='lat' dir='ltr'>qui</span> <span class='ocrx_word' id='word_1_366' title='bbox 2154 2595 2301 2642; x_wconf 85' lang='lat' dir='ltr'><strong>stare</strong></span> <span class='ocrx_word' id='word_1_367' title='bbox 2342 2587 2565 2647; x_wconf 87' lang='lat' dir='ltr'><strong>videris.</strong></span> <span class='ocrx_word' id='word_1_368' title='bbox 2599 2600 2667 2641; x_wconf 91' lang='lat' dir='ltr'>ue</span> <span class='ocrx_word' id='word_1_369' title='bbox 2692 2586 2856 2641; x_wconf 80' lang='lat' dir='ltr'><strong>cadas</strong></span> <span class='ocrx_word' id='word_1_370' title='bbox 2886 2601 2900 2638; x_wconf 89' lang='lat'>:</span> <span class='ocrx_word' id='word_1_371' title='bbox 2939 2585 3065 2641; x_wconf 86' lang='lat' dir='ltr'><strong>vide</strong></span> <span class='ocrx_word' id='word_1_372' title='bbox 3105 2600 3175 2642; x_wconf 92' lang='lat' dir='ltr'>ne</span> <span class='ocrx_word' id='word_1_373' title='bbox 3214 2600 3244 2639; x_wconf 87' lang='lat' dir='ltr'>a</span> <span class='ocrx_word' id='word_1_374' title='bbox 3274 2584 3474 2639; x_wconf 84' lang='lat' dir='ltr'><strong>condi-</strong></span> 
     </span>
    </p>
   </div>
   <div class='ocr_carea' id='block_1_47' title="bbox 222 2674 1820 2752">
    <p class='ocr_par' dir='ltr' id='par_1_47' title="bbox 222 2676 1778 2752">
     <span class='ocr_line' id='line_1_47' title="bbox 222 2676 1778 2752; baseline 0.002 -24"><span class='ocrx_word' id='word_1_375' title='bbox 222 2687 381 2747; x_wconf 68' lang='grc' dir='ltr'>κέναι,</span> <span class='ocrx_word' id='word_1_376' title='bbox 416 2684 497 2752; x_wconf 74' lang='grc' dir='ltr'>μὴ</span> <span class='ocrx_word' id='word_1_377' title='bbox 532 2682 705 2752; x_wconf 74' lang='grc' dir='ltr'>πέσῃς</span> <span class='ocrx_word' id='word_1_378' title='bbox 728 2697 743 2713; x_wconf 76' lang='grc' dir='ltr'>ι</span> <span class='ocrx_word' id='word_1_379' title='bbox 792 2680 890 2739; x_wconf 75' lang='grc' dir='ltr'>ἴδε.</span> <span class='ocrx_word' id='word_1_380' title='bbox 957 2678 1033 2750; x_wconf 81' lang='grc' dir='ltr'>μὴ</span> <span class='ocrx_word' id='word_1_381' title='bbox 1061 2678 1385 2749; x_wconf 74' lang='grc' dir='ltr'>καταπέσῃς</span> <span class='ocrx_word' id='word_1_382' title='bbox 1413 2677 1513 2748; x_wconf 86' lang='grc' dir='ltr'>τῆς</span> <span class='ocrx_word' id='word_1_383' title='bbox 1563 2676 1778 2749; x_wconf 78' lang='grc' dir='ltr'>ὑψηλῆς</span> 
     </span>
    </p>
   </div>
   <div class='ocr_carea' id='block_1_48' title="bbox 1880 2674 3478 2752">
    <p class='ocr_par' dir='ltr' id='par_1_48' title="bbox 1880 2674 3478 2733">
     <span class='ocr_line' id='line_1_48' title="bbox 1880 2674 3478 2733; baseline -0.001 -4"><span class='ocrx_word' id='word_1_384' title='bbox 1880 2674 2025 2733; x_wconf 82' lang='lat' dir='ltr'><strong>tione</strong></span> <span class='ocrx_word' id='word_1_385' title='bbox 2076 2677 2177 2733; x_wconf 86' lang='lat' dir='ltr'><strong>ista</strong></span> <span class='ocrx_word' id='word_1_386' title='bbox 2222 2677 2438 2733; x_wconf 81' lang='lat' dir='ltr'><strong>sublimi</strong></span> <span class='ocrx_word' id='word_1_387' title='bbox 2471 2676 2712 2731; x_wconf 85' lang='lat' dir='ltr'><strong>decidas.</strong></span> <span class='ocrx_word' id='word_1_388' title='bbox 2764 2676 2945 2730; x_wconf 80' lang='lat' dir='ltr'><strong>Vitam</strong></span> <span class='ocrx_word' id='word_1_389' title='bbox 2980 2674 3276 2731; x_wconf 84' lang='lat' dir='ltr'><strong>habitantis</strong></span> <span class='ocrx_word' id='word_1_390' title='bbox 3334 2674 3478 2728; x_wconf 84' lang='lat' dir='ltr'><strong>inter</strong></span> 
     </span>
    </p>
   </div>
   <div class='ocr_carea' id='block_1_49' title="bbox 220 2765 1818 2845">
    <p class='ocr_par' dir='ltr' id='par_1_49' title="bbox 220 2769 1776 2845">
     <span class='ocr_line' id='line_1_49' title="bbox 220 2769 1776 2845; baseline -0.001 -19"><span class='ocrx_word' id='word_1_391' title='bbox 220 2774 551 2843; x_wconf 81' lang='grc' dir='ltr'>προθέσεως.</span> <span class='ocrx_word' id='word_1_392' title='bbox 577 2790 599 2824; x_wconf 75' lang='grc' dir='ltr'>ι</span> <span class='ocrx_word' id='word_1_393' title='bbox 635 2770 1056 2842; x_wconf 78' lang='grc' dir='ltr'>Ἀγγελοπρεπῆ</span> <span class='ocrx_word' id='word_1_394' title='bbox 1089 2769 1412 2845; x_wconf 38' lang='grc' dir='ltr'>»ιπολιτείαν</span> <span class='ocrx_word' id='word_1_395' title='bbox 1439 2770 1776 2837; x_wconf 86' lang='grc' dir='ltr'>ἐπηγγείλω.</span> 
     </span>
    </p>
   </div>
   <div class='ocr_carea' id='block_1_50' title="bbox 1884 2765 3482 2845">
    <p class='ocr_par' dir='ltr' id='par_1_50' title="bbox 1884 2765 3482 2837">
     <span class='ocr_line' id='line_1_50' title="bbox 1884 2765 3482 2837; baseline -0.004 -14"><span class='ocrx_word' id='word_1_396' title='bbox 1884 2766 2100 2837; x_wconf 72' lang='lat' dir='ltr'><strong>angelos</strong></span> <span class='ocrx_word' id='word_1_397' title='bbox 2142 2767 2499 2825; x_wconf 83' lang='lat' dir='ltr'><strong>annuntiasti.</strong></span> <span class='ocrx_word' id='word_1_398' title='bbox 2537 2765 2767 2822; x_wconf 81' lang='lat' dir='ltr'><strong>Necesse</strong></span> <span class='ocrx_word' id='word_1_399' title='bbox 2813 2774 2896 2822; x_wconf 86' lang='lat' dir='ltr'>est</span> <span class='ocrx_word' id='word_1_400' title='bbox 2940 2781 3072 2836; x_wconf 80' lang='lat' dir='ltr'><strong>ergo</strong></span> <span class='ocrx_word' id='word_1_401' title='bbox 3107 2772 3482 2834; x_wconf 77' lang='lat' dir='ltr'><strong>congruenter</strong></span> 
     </span>
    </p>
   </div>
   <div class='ocr_carea' id='block_1_51' title="bbox 219 2855 1817 2935">
    <p class='ocr_par' dir='ltr' id='par_1_51' title="bbox 219 2859 1778 2935">
     <span class='ocr_line' id='line_1_51' title="bbox 219 2859 1778 2935; baseline -0.004 -17"><span class='ocrx_word' id='word_1_402' title='bbox 219 2863 398 2935; x_wconf 85' lang='grc' dir='ltr'>Χρεὼν</span> <span class='ocrx_word' id='word_1_403' title='bbox 427 2861 556 2929; x_wconf 67' lang='grc' dir='ltr'>οὖν,</span> <span class='ocrx_word' id='word_1_404' title='bbox 611 2862 884 2933; x_wconf 83' lang='grc' dir='ltr'>ἐναρέτως</span> <span class='ocrx_word' id='word_1_405' title='bbox 934 2859 1219 2931; x_wconf 77' lang='grc' dir='ltr'>βιάζεσθαι</span> <span class='ocrx_word' id='word_1_406' title='bbox 1255 2861 1316 2915; x_wconf 78' lang='grc' dir='ltr'>τὸ</span> <span class='ocrx_word' id='word_1_407' title='bbox 1352 2879 1372 2914; x_wconf 78' lang='grc' dir='ltr'>ι</span> <span class='ocrx_word' id='word_1_408' title='bbox 1415 2859 1722 2930; x_wconf 79' lang='grc' dir='ltr'>ίσάγγελον,</span> <span class='ocrx_word' id='word_1_409' title='bbox 1756 2878 1778 2912; x_wconf 74' lang='grc' dir='ltr'>ι</span> 
     </span>
    </p>
   </div>
   <div class='ocr_carea' id='block_1_52' title="bbox 1886 2855 3484 2935">
    <p class='ocr_par' dir='ltr' id='par_1_52' title="bbox 1886 2855 3484 2935">
     <span class='ocr_line' id='line_1_52' title="bbox 1886 2855 3484 2935; baseline -0.004 -21"><span class='ocrx_word' id='word_1_410' title='bbox 1886 2859 2070 2914; x_wconf 82' lang='lat' dir='ltr'><strong>virtuti</strong></span> <span class='ocrx_word' id='word_1_411' title='bbox 2103 2859 2402 2930; x_wconf 82' lang='lat' dir='ltr'><strong>angelicam</strong></span> <span class='ocrx_word' id='word_1_412' title='bbox 2451 2860 2619 2914; x_wconf 87' lang='lat' dir='ltr'><strong>vitam</strong></span> <span class='ocrx_word' id='word_1_413' title='bbox 2650 2868 2704 2915; x_wconf 89' lang='lat' dir='ltr'>et</span> <span class='ocrx_word' id='word_1_414' title='bbox 2733 2859 3095 2914; x_wconf 72' lang='lat' dir='ltr'><strong>constantiam</strong></span> <span class='ocrx_word' id='word_1_415' title='bbox 3122 2855 3484 2935; x_wconf 74' lang='lat' dir='ltr'><strong>divinamque</strong></span> 
     </span>
    </p>
   </div>
   <div class='ocr_carea' id='block_1_53' title="bbox 217 2932 1815 3027">
    <p class='ocr_par' dir='ltr' id='par_1_53' title="bbox 217 2932 1786 3027">
     <span class='ocr_line' id='line_1_53' title="bbox 217 2932 1786 3027; baseline -0.004 -18"><span class='ocrx_word' id='word_1_416' title='bbox 217 2932 303 3009; x_wconf 77' lang='grc' dir='ltr'>καὶ</span> <span class='ocrx_word' id='word_1_417' title='bbox 331 2932 834 3027; x_wconf 83' lang='grc' dir='ltr'>πραγματεύεσθαι</span> <span class='ocrx_word' id='word_1_418' title='bbox 873 2952 973 3023; x_wconf 72' lang='grc' dir='ltr'>μὲν</span> <span class='ocrx_word' id='word_1_419' title='bbox 999 2951 1060 3005; x_wconf 79' lang='grc' dir='ltr'>τὸ</span> <span class='ocrx_word' id='word_1_420' title='bbox 1087 2950 1355 3022; x_wconf 80' lang='grc' dir='ltr'>στάσιμον</span> <span class='ocrx_word' id='word_1_421' title='bbox 1387 2951 1484 3005; x_wconf 70' lang='grc' dir='ltr'>καὶ</span> <span class='ocrx_word' id='word_1_422' title='bbox 1506 2952 1604 3015; x_wconf 80' lang='grc' dir='ltr'>τὴν</span> <span class='ocrx_word' id='word_1_423' title='bbox 1633 2950 1786 3005; x_wconf 89' lang='grc' dir='ltr'>θείαν</span> 
     </span>
    </p>
   </div>
   <div class='ocr_carea' id='block_1_54' title="bbox 1877 2932 3475 3027">
    <p class='ocr_par' dir='ltr' id='par_1_54' title="bbox 1884 2932 3475 3019">
     <span class='ocr_line' id='line_1_54' title="bbox 1884 2932 3475 3019; baseline -0.002 -19"><span class='ocrx_word' id='word_1_424' title='bbox 1884 2947 2315 3019; x_wconf 86' lang='lat' dir='ltr'><strong>intrepiditatem</strong></span> <span class='ocrx_word' id='word_1_425' title='bbox 2369 2959 2700 3017; x_wconf 77' lang='lat' dir='ltr'><strong>monstrare,</strong></span> <span class='ocrx_word' id='word_1_426' title='bbox 2762 2948 2928 3003; x_wconf 83' lang='lat' dir='ltr'><strong>animi</strong></span> <span class='ocrx_word' id='word_1_427' title='bbox 2960 2962 3092 3003; x_wconf 87' lang='lat' dir='ltr'><strong>vero</strong></span> <span class='ocrx_word' id='word_1_428' title='bbox 3116 2932 3475 3008; x_wconf 71' lang='lat' dir='ltr'><strong>debilitatem,</strong></span> 
     </span>
    </p>
   </div>
   <div class='ocr_carea' id='block_1_55' title="bbox 218 3035 1816 3116">
    <p class='ocr_par' dir='ltr' id='par_1_55' title="bbox 218 3041 1786 3116">
     <span class='ocr_line' id='line_1_55' title="bbox 218 3041 1786 3116; baseline -0.001 -18"><span class='ocrx_word' id='word_1_429' title='bbox 218 3047 586 3116; x_wconf 78' lang='grc' dir='ltr'>παράστασιν.</span> <span class='ocrx_word' id='word_1_430' title='bbox 652 3043 1025 3114; x_wconf 79' lang='grc' dir='ltr'>φυλάττεσθαι</span> <span class='ocrx_word' id='word_1_431' title='bbox 1079 3042 1137 3097; x_wconf 80' lang='grc' dir='ltr'>δὲ</span> <span class='ocrx_word' id='word_1_432' title='bbox 1198 3043 1297 3114; x_wconf 75' lang='grc' dir='ltr'>τὴν</span> <span class='ocrx_word' id='word_1_433' title='bbox 1345 3042 1652 3108; x_wconf 80' lang='grc' dir='ltr'>ύπένδοσιν,</span> <span class='ocrx_word' id='word_1_434' title='bbox 1708 3041 1786 3113; x_wconf 84' lang='grc' dir='ltr'>τῷ</span> 
     </span>
    </p>
   </div>
   <div class='ocr_carea' id='block_1_56' title="bbox 1888 3035 3486 3116">
    <p class='ocr_par' dir='ltr' id='par_1_56' title="bbox 1888 3035 3486 3109">
     <span class='ocr_line' id='line_1_56' title="bbox 1888 3035 3486 3109; baseline -0.006 -10"><span class='ocrx_word' id='word_1_435' title='bbox 1888 3050 1946 3099; x_wconf 79' lang='grc' dir='ltr'>ει</span> <span class='ocrx_word' id='word_1_436' title='bbox 1977 3058 2007 3097; x_wconf 89' lang='lat' dir='ltr'>a</span> <span class='ocrx_word' id='word_1_437' title='bbox 2041 3042 2255 3097; x_wconf 82' lang='lat' dir='ltr'><strong>fortiori</strong></span> <span class='ocrx_word' id='word_1_438' title='bbox 2281 3056 2470 3097; x_wconf 87' lang='lat' dir='ltr'><strong>casum</strong></span> <span class='ocrx_word' id='word_1_439' title='bbox 2501 3055 2718 3096; x_wconf 83' lang='lat' dir='ltr'><strong>cavere.</strong></span> <span class='ocrx_word' id='word_1_440' title='bbox 2757 3039 2933 3109; x_wconf 85' lang='lat' dir='ltr'><strong>Super</strong></span> <span class='ocrx_word' id='word_1_441' title='bbox 2968 3040 3191 3095; x_wconf 83' lang='lat' dir='ltr'><strong>beatum</strong></span> <span class='ocrx_word' id='word_1_442' title='bbox 3215 3035 3486 3091; x_wconf 77' lang='lat' dir='ltr'><strong>verticem</strong></span> 
     </span>
    </p>
   </div>
   <div class='ocr_carea' id='block_1_57' title="bbox 216 3125 1814 3208">
    <p class='ocr_par' dir='ltr' id='par_1_57' title="bbox 216 3133 1787 3208">
     <span class='ocr_line' id='line_1_57' title="bbox 216 3133 1787 3208; baseline -0.002 -17"><span class='ocrx_word' id='word_1_443' title='bbox 216 3138 369 3191; x_wconf 78' lang='grc' dir='ltr'>παντὶ</span> <span class='ocrx_word' id='word_1_444' title='bbox 419 3139 479 3192; x_wconf 75' lang='grc' dir='ltr'>δὲ</span> <span class='ocrx_word' id='word_1_445' title='bbox 511 3135 686 3190; x_wconf 84' lang='grc' dir='ltr'>πλέον</span> <span class='ocrx_word' id='word_1_446' title='bbox 718 3134 817 3208; x_wconf 78' lang='grc' dir='ltr'>τὴν</span> <span class='ocrx_word' id='word_1_447' title='bbox 846 3136 1231 3191; x_wconf 84' lang='grc' dir='ltr'>κατάπτωσιν.</span> <span class='ocrx_word' id='word_1_448' title='bbox 1275 3133 1402 3191; x_wconf 76' lang='grc' dir='ltr'>Ἐπὶ</span> <span class='ocrx_word' id='word_1_449' title='bbox 1442 3134 1787 3204; x_wconf 86' lang='grc' dir='ltr'>μακαριστῆς</span> 
     </span>
    </p>
   </div>
   <div class='ocr_carea' id='block_1_58' title="bbox 1881 3125 3479 3208">
    <p class='ocr_par' dir='ltr' id='par_1_58' title="bbox 1892 3125 3479 3203">
     <span class='ocr_line' id='line_1_58' title="bbox 1892 3125 3479 3203; baseline -0.005 -16"><span class='ocrx_word' id='word_1_450' title='bbox 1892 3132 2214 3191; x_wconf 87' lang='lat' dir='ltr'><strong>ascendisti.</strong></span> <span class='ocrx_word' id='word_1_451' title='bbox 2247 3130 2488 3188; x_wconf 89' lang='lat' dir='ltr'><strong>Necesse</strong></span> <span class='ocrx_word' id='word_1_452' title='bbox 2517 3143 2602 3189; x_wconf 87' lang='lat' dir='ltr'>est</span> <span class='ocrx_word' id='word_1_453' title='bbox 2633 3147 2764 3203; x_wconf 71' lang='lat' dir='ltr'><strong>ergo</strong></span> <span class='ocrx_word' id='word_1_454' title='bbox 2803 3132 2856 3186; x_wconf 90' lang='lat' dir='ltr'>in</span> <span class='ocrx_word' id='word_1_455' title='bbox 2898 3129 3192 3201; x_wconf 80' lang='lat' dir='ltr'><strong>virtutibus</strong></span> <span class='ocrx_word' id='word_1_456' title='bbox 3218 3125 3479 3182; x_wconf 88' lang='lat' dir='ltr'><strong>verticem</strong></span> 
     </span>
    </p>
   </div>
   <div class='ocr_carea' id='block_1_59' title="bbox 222 3218 1820 3306">
    <p class='ocr_par' dir='ltr' id='par_1_59' title="bbox 222 3225 1820 3300">
     <span class='ocr_line' id='line_1_59' title="bbox 222 3225 1820 3300; baseline 0.001 -22"><span class='ocrx_word' id='word_1_457' title='bbox 222 3250 238 3278; x_wconf 79' lang='grc' dir='ltr'>ε</span> <span class='ocrx_word' id='word_1_458' title='bbox 257 3231 429 3300; x_wconf 77' lang='grc' dir='ltr'>ἄκρας</span> <span class='ocrx_word' id='word_1_459' title='bbox 457 3249 477 3281; x_wconf 78' lang='grc' dir='ltr'>ι</span> <span class='ocrx_word' id='word_1_460' title='bbox 540 3228 812 3299; x_wconf 84' lang='grc' dir='ltr'>βέϐηκας.</span> <span class='ocrx_word' id='word_1_461' title='bbox 852 3227 978 3297; x_wconf 82' lang='grc' dir='ltr'>Χρὴ</span> <span class='ocrx_word' id='word_1_462' title='bbox 1010 3226 1194 3281; x_wconf 89' lang='grc' dir='ltr'>τοίνυν</span> <span class='ocrx_word' id='word_1_463' title='bbox 1224 3225 1669 3297; x_wconf 87' lang='grc' dir='ltr'>ἐπαληθεύεσθαί</span> <span class='ocrx_word' id='word_1_464' title='bbox 1705 3242 1788 3280; x_wconf 90' lang='grc' dir='ltr'>σοι</span> <span class='ocrx_word' id='word_1_465' title='bbox 1815 3261 1820 3296; x_wconf 49' lang='grc' dir='ltr'>ι</span> 
     </span>
    </p>
   </div>
   <div class='ocr_carea' id='block_1_60' title="bbox 1888 3218 3486 3306">
    <p class='ocr_par' dir='ltr' id='par_1_60' title="bbox 1891 3218 3486 3280">
     <span class='ocr_line' id='line_1_60' title="bbox 1891 3218 3486 3280; baseline -0.005 -2"><span class='ocrx_word' id='word_1_466' title='bbox 1891 3239 1920 3278; x_wconf 90' lang='lat' dir='ltr'>a</span> <span class='ocrx_word' id='word_1_467' title='bbox 1952 3232 2004 3279; x_wconf 90' lang='lat' dir='ltr'>te</span> <span class='ocrx_word' id='word_1_468' title='bbox 2034 3225 2225 3280; x_wconf 85' lang='lat' dir='ltr'><strong>teneri.</strong></span> <span class='ocrx_word' id='word_1_469' title='bbox 2254 3224 2331 3279; x_wconf 84' lang='lat' dir='ltr'><strong>Te</strong></span> <span class='ocrx_word' id='word_1_470' title='bbox 2359 3224 2518 3279; x_wconf 86' lang='lat' dir='ltr'><strong>habet</strong></span> <span class='ocrx_word' id='word_1_471' title='bbox 2550 3239 2704 3279; x_wconf 88' lang='lat' dir='ltr'><strong>mons</strong></span> <span class='ocrx_word' id='word_1_472' title='bbox 2729 3224 2833 3278; x_wconf 89' lang='lat' dir='ltr'><strong>iste</strong></span> <span class='ocrx_word' id='word_1_473' title='bbox 2857 3222 2923 3276; x_wconf 86' lang='lat' dir='ltr'>ad</span> <span class='ocrx_word' id='word_1_474' title='bbox 2972 3220 3141 3276; x_wconf 91' lang='lat' dir='ltr'><strong>Deum</strong></span> <span class='ocrx_word' id='word_1_475' title='bbox 3171 3218 3396 3274; x_wconf 87' lang='lat' dir='ltr'><strong>elevans</strong></span> <span class='ocrx_word' id='word_1_476' title='bbox 3428 3223 3486 3271; x_wconf 65' lang='lat' dir='ltr'><strong>et</strong></span> 
     </span>
    </p>
   </div>
   <div class='ocr_carea' id='block_1_61' title="bbox 214 3307 1812 3392">
    <p class='ocr_par' dir='ltr' id='par_1_61' title="bbox 214 3317 1786 3392">
     <span class='ocr_line' id='line_1_61' title="bbox 214 3317 1786 3392; baseline -0.001 -19"><span class='ocrx_word' id='word_1_477' title='bbox 214 3322 266 3374; x_wconf 70' lang='grc' dir='ltr'>τὸ</span> <span class='ocrx_word' id='word_1_478' title='bbox 300 3341 319 3374; x_wconf 77' lang='grc' dir='ltr'>ι</span> <span class='ocrx_word' id='word_1_479' title='bbox 348 3320 722 3392; x_wconf 76' lang='grc' dir='ltr'>κορυφαῖον»</span> <span class='ocrx_word' id='word_1_480' title='bbox 788 3318 849 3370; x_wconf 88' lang='grc' dir='ltr'>ἐν</span> <span class='ocrx_word' id='word_1_481' title='bbox 902 3318 1146 3388; x_wconf 81' lang='grc' dir='ltr'>ἀρεταῖς.</span> <span class='ocrx_word' id='word_1_482' title='bbox 1180 3323 1221 3368; x_wconf 78' lang='grc' dir='ltr'>ἰ</span> <span class='ocrx_word' id='word_1_483' title='bbox 1259 3317 1424 3388; x_wconf 86' lang='grc' dir='ltr'>Ὅρος</span> <span class='ocrx_word' id='word_1_484' title='bbox 1481 3337 1500 3370; x_wconf 80' lang='grc' dir='ltr'>ι</span> <span class='ocrx_word' id='word_1_485' title='bbox 1559 3317 1675 3388; x_wconf 69' lang='grc' dir='ltr'>ἔχει</span> <span class='ocrx_word' id='word_1_486' title='bbox 1725 3335 1786 3371; x_wconf 88' lang='grc' dir='ltr'>σε</span> 
     </span>
    </p>
   </div>
   <div class='ocr_carea' id='block_1_62' title="bbox 1892 3307 3490 3392">
    <p class='ocr_par' dir='ltr' id='par_1_62' title="bbox 1895 3307 3490 3385">
     <span class='ocr_line' id='line_1_62' title="bbox 1895 3307 3490 3385; baseline -0.005 -18"><span class='ocrx_word' id='word_1_487' title='bbox 1895 3317 1986 3385; x_wconf 88' lang='lat' dir='ltr'>qui</span> <span class='ocrx_word' id='word_1_488' title='bbox 2036 3328 2226 3371; x_wconf 87' lang='lat' dir='ltr'><strong>omnes</strong></span> <span class='ocrx_word' id='word_1_489' title='bbox 2280 3324 2493 3371; x_wconf 88' lang='lat' dir='ltr'><strong>montes</strong></span> <span class='ocrx_word' id='word_1_490' title='bbox 2549 3324 2606 3370; x_wconf 92' lang='lat' dir='ltr'>et</span> <span class='ocrx_word' id='word_1_491' title='bbox 2658 3313 2823 3369; x_wconf 89' lang='lat' dir='ltr'><strong>colles</strong></span> <span class='ocrx_word' id='word_1_492' title='bbox 2878 3319 3132 3382; x_wconf 89' lang='lat' dir='ltr'><strong>superat;</strong></span> <span class='ocrx_word' id='word_1_493' title='bbox 3201 3307 3307 3364; x_wconf 92' lang='lat' dir='ltr'><strong>noli</strong></span> <span class='ocrx_word' id='word_1_494' title='bbox 3359 3307 3490 3360; x_wconf 64' lang='lat' dir='ltr'><strong>vita</strong></span> 
     </span>
    </p>
   </div>
   <div class='ocr_carea' id='block_1_63' title="bbox 213 3396 1811 3478">
    <p class='ocr_par' dir='ltr' id='par_1_63' title="bbox 213 3403 1789 3478">
     <span class='ocr_line' id='line_1_63' title="bbox 213 3403 1789 3478; baseline -0.001 -17"><span class='ocrx_word' id='word_1_495' title='bbox 213 3406 361 3461; x_wconf 78' lang='grc' dir='ltr'>τοῦτο</span> <span class='ocrx_word' id='word_1_496' title='bbox 379 3408 443 3461; x_wconf 82' lang='grc' dir='ltr'>τὺ</span> <span class='ocrx_word' id='word_1_497' title='bbox 472 3405 746 3478; x_wconf 79' lang='grc' dir='ltr'>ὑψοποιδν</span> <span class='ocrx_word' id='word_1_498' title='bbox 771 3404 855 3467; x_wconf 87' lang='grc' dir='ltr'>είς</span> <span class='ocrx_word' id='word_1_499' title='bbox 879 3403 1033 3470; x_wconf 82' lang='grc' dir='ltr'>Θεὸν,</span> <span class='ocrx_word' id='word_1_500' title='bbox 1071 3404 1166 3459; x_wconf 77' lang='grc' dir='ltr'>καὶ</span> <span class='ocrx_word' id='word_1_501' title='bbox 1202 3403 1232 3458; x_wconf 76' lang='grc' dir='ltr'><strong>ὃ</strong></span> <span class='ocrx_word' id='word_1_502' title='bbox 1261 3406 1460 3467; x_wconf 75' lang='grc' dir='ltr'>παντὸς</span> <span class='ocrx_word' id='word_1_503' title='bbox 1488 3405 1648 3476; x_wconf 76' lang='grc' dir='ltr'>ὅρους</span> <span class='ocrx_word' id='word_1_504' title='bbox 1684 3423 1789 3460; x_wconf 87' lang='grc' dir='ltr'>κα-</span> 
     </span>
    </p>
   </div>
   <div class='ocr_carea' id='block_1_64' title="bbox 1887 3396 3485 3478">
    <p class='ocr_par' dir='ltr' id='par_1_64' title="bbox 1894 3396 3485 3473">
     <span class='ocr_line' id='line_1_64' title="bbox 1894 3396 3485 3473; baseline -0.007 -14"><span class='ocrx_word' id='word_1_505' title='bbox 1894 3404 2176 3461; x_wconf 90' lang='lat' dir='ltr'><strong>erroribus</strong></span> <span class='ocrx_word' id='word_1_506' title='bbox 2192 3404 2492 3468; x_wconf 65' lang='lat' dir='ltr'><strong>adhaerere,</strong></span> <span class='ocrx_word' id='word_1_507' title='bbox 2522 3404 2618 3460; x_wconf 89' lang='lat' dir='ltr'>sed</span> <span class='ocrx_word' id='word_1_508' title='bbox 2640 3416 2963 3473; x_wconf 76' lang='lat' dir='ltr'><strong>generosum</strong></span> <span class='ocrx_word' id='word_1_509' title='bbox 2997 3399 3235 3455; x_wconf 88' lang='lat' dir='ltr'><strong>animum</strong></span> <span class='ocrx_word' id='word_1_510' title='bbox 3256 3396 3485 3452; x_wconf 78' lang='lat' dir='ltr'><strong>inducet</strong></span> 
     </span>
    </p>
   </div>
   <div class='ocr_carea' id='block_1_65' title="bbox 209 3485 1807 3568">
    <p class='ocr_par' dir='ltr' id='par_1_65' title="bbox 209 3493 1791 3568">
     <span class='ocr_line' id='line_1_65' title="bbox 209 3493 1791 3568; baseline 0.001 -18"><span class='ocrx_word' id='word_1_511' title='bbox 209 3500 551 3568; x_wconf 76' lang='grc' dir='ltr'>τακαυχᾶται</span> <span class='ocrx_word' id='word_1_512' title='bbox 578 3497 677 3552; x_wconf 78' lang='grc' dir='ltr'>καὶ</span> <span class='ocrx_word' id='word_1_513' title='bbox 707 3493 927 3568; x_wconf 79' lang='grc' dir='ltr'>βουνοῦ·</span> <span class='ocrx_word' id='word_1_514' title='bbox 959 3495 1069 3551; x_wconf 90' lang='grc' dir='ltr'>τῶν</span> <span class='ocrx_word' id='word_1_515' title='bbox 1099 3495 1198 3566; x_wconf 87' lang='grc' dir='ltr'>τῆς</span> <span class='ocrx_word' id='word_1_516' title='bbox 1226 3497 1653 3565; x_wconf 83' lang='grc' dir='ltr'>ἀποπλανήσεως</span> <span class='ocrx_word' id='word_1_517' title='bbox 1715 3497 1791 3567; x_wconf 76' lang='grc' dir='ltr'>μὴ</span> 
     </span>
    </p>
   </div>
   <div class='ocr_carea' id='block_1_66' title="bbox 1890 3485 3488 3568">
    <p class='ocr_par' dir='ltr' id='par_1_66' title="bbox 1897 3485 3488 3564">
     <span class='ocr_line' id='line_1_66' title="bbox 1897 3485 3488 3564; baseline -0.013 -6"><span class='ocrx_word' id='word_1_518' title='bbox 1897 3503 2035 3557; x_wconf 87' lang='lat' dir='ltr'><strong>alios</strong></span> <span class='ocrx_word' id='word_1_519' title='bbox 2053 3516 2267 3554; x_wconf 83' lang='lat' dir='ltr'><strong>sursum</strong></span> <span class='ocrx_word' id='word_1_520' title='bbox 2292 3499 2490 3564; x_wconf 87' lang='lat' dir='ltr'><strong>ducas;</strong></span> <span class='ocrx_word' id='word_1_521' title='bbox 2514 3504 2573 3551; x_wconf 89' lang='lat' dir='ltr'>ut</span> <span class='ocrx_word' id='word_1_522' title='bbox 2603 3494 2722 3549; x_wconf 87' lang='lat' dir='ltr'><strong>zelo</strong></span> <span class='ocrx_word' id='word_1_523' title='bbox 2743 3492 2947 3558; x_wconf 86' lang='lat' dir='ltr'><strong>divino,</strong></span> <span class='ocrx_word' id='word_1_524' title='bbox 2974 3500 3029 3545; x_wconf 91' lang='lat' dir='ltr'>tu</span> <span class='ocrx_word' id='word_1_525' title='bbox 3049 3490 3139 3558; x_wconf 90' lang='lat' dir='ltr'>qui</span> <span class='ocrx_word' id='word_1_526' title='bbox 3159 3485 3405 3544; x_wconf 79' lang='lat' dir='ltr'><strong>excelsus</strong></span> <span class='ocrx_word' id='word_1_527' title='bbox 3424 3497 3488 3538; x_wconf 87' lang='lat' dir='ltr'>es</span> 
     </span>
    </p>
   </div>
   <div class='ocr_carea' id='block_1_67' title="bbox 211 3579 1809 3662">
    <p class='ocr_par' dir='ltr' id='par_1_67' title="bbox 211 3587 1792 3662">
     <span class='ocr_line' id='line_1_67' title="bbox 211 3587 1792 3662; baseline 0.001 -22"><span class='ocrx_word' id='word_1_528' title='bbox 211 3591 412 3662; x_wconf 74' lang='grc' dir='ltr'>ἀνάσχῃ</span> <span class='ocrx_word' id='word_1_529' title='bbox 434 3588 759 3662; x_wconf 81' lang='grc' dir='ltr'>στραφῆναι</span> <span class='ocrx_word' id='word_1_530' title='bbox 782 3587 956 3654; x_wconf 81' lang='grc' dir='ltr'>κάτω,</span> <span class='ocrx_word' id='word_1_531' title='bbox 989 3587 1104 3641; x_wconf 79' lang='grc' dir='ltr'>ἀλλ’</span> <span class='ocrx_word' id='word_1_532' title='bbox 1132 3588 1225 3642; x_wconf 77' lang='grc' dir='ltr'>ἐπὶ</span> <span class='ocrx_word' id='word_1_533' title='bbox 1264 3589 1520 3642; x_wconf 83' lang='grc' dir='ltr'>τοσοῦτον</span> <span class='ocrx_word' id='word_1_534' title='bbox 1557 3588 1692 3659; x_wconf 83' lang='grc' dir='ltr'>φέρε</span> <span class='ocrx_word' id='word_1_535' title='bbox 1723 3588 1792 3642; x_wconf 77' lang='grc' dir='ltr'>τὰ</span> 
     </span>
    </p>
   </div>
   <div class='ocr_carea' id='block_1_68' title="bbox 1889 3579 3487 3662">
    <p class='ocr_par' dir='ltr' id='par_1_68' title="bbox 1898 3579 3487 3658">
     <span class='ocr_line' id='line_1_68' title="bbox 1898 3579 3487 3658; baseline -0.01 -13"><span class='ocrx_word' id='word_1_536' title='bbox 1898 3594 1963 3645; x_wconf 87' lang='lat' dir='ltr'>ad</span> <span class='ocrx_word' id='word_1_537' title='bbox 1985 3593 2211 3658; x_wconf 83' lang='lat' dir='ltr'><strong>teipsum</strong></span> <span class='ocrx_word' id='word_1_538' title='bbox 2242 3590 2489 3643; x_wconf 83' lang='lat' dir='ltr'><strong>attrahas</strong></span> <span class='ocrx_word' id='word_1_539' title='bbox 2507 3588 2661 3642; x_wconf 91' lang='lat' dir='ltr'><strong>sinon</strong></span> <span class='ocrx_word' id='word_1_540' title='bbox 2681 3599 2872 3640; x_wconf 88' lang='lat' dir='ltr'><strong>omnes</strong></span> <span class='ocrx_word' id='word_1_541' title='bbox 2890 3581 3053 3651; x_wconf 85' lang='lat' dir='ltr'><strong>(forte</strong></span> <span class='ocrx_word' id='word_1_542' title='bbox 3066 3579 3209 3634; x_wconf 88' lang='lat' dir='ltr'><strong>enim</strong></span> <span class='ocrx_word' id='word_1_543' title='bbox 3242 3592 3349 3633; x_wconf 89' lang='lat' dir='ltr'>non</span> <span class='ocrx_word' id='word_1_544' title='bbox 3364 3590 3487 3643; x_wconf 78' lang='lat' dir='ltr'><strong>pos-</strong></span> 
     </span>
    </p>
   </div>
   <div class='ocr_carea' id='block_1_69' title="bbox 207 3666 1805 3755">
    <p class='ocr_par' dir='ltr' id='par_1_69' title="bbox 207 3678 1792 3753">
     <span class='ocr_line' id='line_1_69' title="bbox 207 3678 1792 3753; baseline 0.001 -20"><span class='ocrx_word' id='word_1_545' title='bbox 207 3679 297 3749; x_wconf 81' lang='grc' dir='ltr'>τῆς</span> <span class='ocrx_word' id='word_1_546' title='bbox 324 3681 624 3753; x_wconf 81' lang='grc' dir='ltr'>ὑπωρείας</span> <span class='ocrx_word' id='word_1_547' title='bbox 656 3681 738 3745; x_wconf 84' lang='grc' dir='ltr'>είς</span> <span class='ocrx_word' id='word_1_548' title='bbox 764 3678 912 3746; x_wconf 69' lang='grc' dir='ltr'>νοῦν,</span> <span class='ocrx_word' id='word_1_549' title='bbox 939 3680 1023 3748; x_wconf 73' lang='grc' dir='ltr'>ἐφ’</span> <span class='ocrx_word' id='word_1_550' title='bbox 1050 3681 1173 3735; x_wconf 82' lang='grc' dir='ltr'>ὅσον</span> <span class='ocrx_word' id='word_1_551' title='bbox 1204 3680 1301 3734; x_wconf 79' lang='grc' dir='ltr'>καὶ</span> <span class='ocrx_word' id='word_1_552' title='bbox 1336 3679 1531 3744; x_wconf 79' lang='grc' dir='ltr'>ἄλλους</span> <span class='ocrx_word' id='word_1_553' title='bbox 1580 3681 1792 3735; x_wconf 80' lang='grc' dir='ltr'>ἐκεῖθεν</span> 
     </span>
    </p>
   </div>
   <div class='ocr_carea' id='block_1_70' title="bbox 1889 3666 3487 3755">
    <p class='ocr_par' dir='ltr' id='par_1_70' title="bbox 1897 3666 3487 3755">
     <span class='ocr_line' id='line_1_70' title="bbox 1897 3666 3487 3755; baseline -0.015 -14"><span class='ocrx_word' id='word_1_554' title='bbox 1897 3685 2227 3755; x_wconf 84' lang='lat' dir='ltr'><strong>sis),saltem</strong></span> <span class='ocrx_word' id='word_1_555' title='bbox 2249 3681 2449 3736; x_wconf 84' lang='lat' dir='ltr'><strong>multos</strong></span> <span class='ocrx_word' id='word_1_556' title='bbox 2471 3679 2560 3748; x_wconf 87' lang='lat' dir='ltr'>qui</span> <span class='ocrx_word' id='word_1_557' title='bbox 2588 3692 2751 3748; x_wconf 86' lang='lat' dir='ltr'><strong>opera</strong></span> <span class='ocrx_word' id='word_1_558' title='bbox 2775 3685 2865 3730; x_wconf 88' lang='lat' dir='ltr'>tua</span> <span class='ocrx_word' id='word_1_559' title='bbox 2897 3671 3244 3742; x_wconf 82' lang='lat' dir='ltr'><strong>inspicientes</strong></span> <span class='ocrx_word' id='word_1_560' title='bbox 3280 3667 3345 3723; x_wconf 87' lang='lat' dir='ltr'>ad</span> <span class='ocrx_word' id='word_1_561' title='bbox 3376 3666 3487 3721; x_wconf 86' lang='lat' dir='ltr'><strong>alta</strong></span> 
     </span>
    </p>
   </div>
   <div class='ocr_carea' id='block_1_71' title="bbox 208 3761 1806 3847">
    <p class='ocr_par' dir='ltr' id='par_1_71' title="bbox 208 3767 1789 3839">
     <span class='ocr_line' id='line_1_71' title="bbox 208 3767 1789 3839; baseline 0.001 -19"><span class='ocrx_word' id='word_1_562' title='bbox 208 3770 498 3838; x_wconf 77' lang='grc' dir='ltr'>ἀναγαγεῖν</span> <span class='ocrx_word' id='word_1_563' title='bbox 526 3786 543 3802; x_wconf 89' lang='grc'><strong>·</strong></span> <span class='ocrx_word' id='word_1_564' title='bbox 607 3769 699 3825; x_wconf 83' lang='grc' dir='ltr'>ίνα</span> <span class='ocrx_word' id='word_1_565' title='bbox 749 3770 895 3825; x_wconf 73' lang='grc' dir='ltr'>κατὰ</span> <span class='ocrx_word' id='word_1_566' title='bbox 949 3769 1094 3825; x_wconf 79' lang='grc' dir='ltr'>θεῖον</span> <span class='ocrx_word' id='word_1_567' title='bbox 1150 3768 1334 3838; x_wconf 76' lang='grc' dir='ltr'>ζῆλον,</span> <span class='ocrx_word' id='word_1_568' title='bbox 1397 3770 1521 3822; x_wconf 72' lang='grc' dir='ltr'>ἐπεὶ</span> <span class='ocrx_word' id='word_1_569' title='bbox 1544 3767 1789 3839; x_wconf 74' lang='grc' dir='ltr'>ὑψώθης.</span> 
     </span>
    </p>
   </div>
   <div class='ocr_carea' id='block_1_72' title="bbox 1893 3761 3491 3847">
    <p class='ocr_par' dir='ltr' id='par_1_72' title="bbox 1899 3761 3491 3847">
     <span class='ocr_line' id='line_1_72' title="bbox 1899 3761 3491 3847; baseline -0.014 -15"><span class='ocrx_word' id='word_1_570' title='bbox 1899 3779 2014 3832; x_wconf 90' lang='lat' dir='ltr'><strong>tolli</strong></span> <span class='ocrx_word' id='word_1_571' title='bbox 2046 3777 2284 3847; x_wconf 87' lang='lat' dir='ltr'><strong>cupient.</strong></span> <span class='ocrx_word' id='word_1_572' title='bbox 2310 3774 2388 3830; x_wconf 72' lang='lat' dir='ltr'><strong>Ad</strong></span> <span class='ocrx_word' id='word_1_573' title='bbox 2414 3775 2579 3827; x_wconf 90' lang='lat' dir='ltr'><strong>Deum</strong></span> <span class='ocrx_word' id='word_1_574' title='bbox 2605 3765 2879 3840; x_wconf 81' lang='lat' dir='ltr'><strong>colligatis</strong></span> <span class='ocrx_word' id='word_1_575' title='bbox 2898 3775 2956 3821; x_wconf 90' lang='lat' dir='ltr'>ut</span> <span class='ocrx_word' id='word_1_576' title='bbox 2976 3764 3247 3836; x_wconf 84' lang='lat' dir='ltr'><strong>pretiosus</strong></span> <span class='ocrx_word' id='word_1_577' title='bbox 3272 3761 3491 3815; x_wconf 80' lang='lat' dir='ltr'><strong>thesau-</strong></span> 
     </span>
    </p>
   </div>
   <div class='ocr_carea' id='block_1_73' title="bbox 206 3854 1804 3938">
    <p class='ocr_par' dir='ltr' id='par_1_73' title="bbox 206 3860 1796 3934">
     <span class='ocr_line' id='line_1_73' title="bbox 206 3860 1796 3934; baseline 0.004 -24"><span class='ocrx_word' id='word_1_578' title='bbox 206 3861 505 3933; x_wconf 79' lang='grc' dir='ltr'>ἀνελκύσῃς</span> <span class='ocrx_word' id='word_1_579' title='bbox 558 3860 707 3932; x_wconf 68' lang='grc' dir='ltr'>πρὸς</span> <span class='ocrx_word' id='word_1_580' title='bbox 754 3861 1003 3925; x_wconf 78' lang='grc' dir='ltr'>σεαυτὸν,</span> <span class='ocrx_word' id='word_1_581' title='bbox 1064 3863 1112 3915; x_wconf 82' lang='grc' dir='ltr'>εἰ</span> <span class='ocrx_word' id='word_1_582' title='bbox 1140 3861 1340 3934; x_wconf 79' lang='grc' dir='ltr'>καὶμὴ</span> <span class='ocrx_word' id='word_1_583' title='bbox 1376 3863 1585 3926; x_wconf 83' lang='grc' dir='ltr'>πάντας</span> <span class='ocrx_word' id='word_1_584' title='bbox 1616 3864 1636 3930; x_wconf 83' lang='grc'><strong>(</strong></span> <span class='ocrx_word' id='word_1_585' title='bbox 1654 3863 1796 3932; x_wconf 82' lang='grc' dir='ltr'>τάχα</span> 
     </span>
    </p>
   </div>
   <div class='ocr_carea' id='block_1_74' title="bbox 1894 3854 3492 3938">
    <p class='ocr_par' dir='ltr' id='par_1_74' title="bbox 1898 3854 3492 3938">
     <span class='ocr_line' id='line_1_74' title="bbox 1898 3854 3492 3938; baseline -0.016 -12"><span class='ocrx_word' id='word_1_586' title='bbox 1898 3887 2008 3927; x_wconf 84' lang='lat' dir='ltr'><strong>rus.</strong></span> <span class='ocrx_word' id='word_1_587' title='bbox 2032 3869 2286 3938; x_wconf 82' lang='lat' dir='ltr'><strong>Teipsum</strong></span> <span class='ocrx_word' id='word_1_588' title='bbox 2316 3879 2448 3935; x_wconf 80' lang='lat' dir='ltr'><strong>ergo</strong></span> <span class='ocrx_word' id='word_1_589' title='bbox 2469 3860 2761 3923; x_wconf 86' lang='lat' dir='ltr'><strong>absconde,</strong></span> <span class='ocrx_word' id='word_1_590' title='bbox 2792 3874 2859 3913; x_wconf 92' lang='lat' dir='ltr'>ne</span> <span class='ocrx_word' id='word_1_591' title='bbox 2873 3856 3013 3913; x_wconf 90' lang='lat' dir='ltr'><strong>forte</strong></span> <span class='ocrx_word' id='word_1_592' title='bbox 3032 3854 3344 3910; x_wconf 80' lang='lat' dir='ltr'><strong>animarum</strong></span> <span class='ocrx_word' id='word_1_593' title='bbox 3364 3863 3492 3917; x_wconf 88' lang='lat' dir='ltr'><strong>rap-</strong></span> 
     </span>
    </p>
   </div>
   <div class='ocr_carea' id='block_1_75' title="bbox 206 3938 1804 4021">
    <p class='ocr_par' dir='ltr' id='par_1_75' title="bbox 206 3951 1796 4021">
     <span class='ocr_line' id='line_1_75' title="bbox 206 3951 1796 4021; baseline 0.003 -18"><span class='ocrx_word' id='word_1_594' title='bbox 206 3951 307 4021; x_wconf 70' lang='grc' dir='ltr'>γέιρ</span> <span class='ocrx_word' id='word_1_595' title='bbox 327 3953 431 4006; x_wconf 77' lang='grc' dir='ltr'>οὐκ</span> <span class='ocrx_word' id='word_1_596' title='bbox 465 3953 539 4008; x_wconf 81' lang='grc' dir='ltr'>ἂν</span> <span class='ocrx_word' id='word_1_597' title='bbox 570 3951 818 4021; x_wconf 86' lang='grc' dir='ltr'>δύναιο),</span> <span class='ocrx_word' id='word_1_598' title='bbox 850 3951 992 4006; x_wconf 71' lang='grc' dir='ltr'>ἀλλὰ</span> <span class='ocrx_word' id='word_1_599' title='bbox 1022 3962 1086 4019; x_wconf 85' lang='grc' dir='ltr'>γε</span> <span class='ocrx_word' id='word_1_600' title='bbox 1118 3954 1368 4019; x_wconf 77' lang='grc' dir='ltr'>πολλοὺς,</span> <span class='ocrx_word' id='word_1_601' title='bbox 1391 3953 1449 4007; x_wconf 73' lang='grc' dir='ltr'>οἱ</span> <span class='ocrx_word' id='word_1_602' title='bbox 1472 3956 1585 4019; x_wconf 75' lang='grc' dir='ltr'>τοῖς</span> <span class='ocrx_word' id='word_1_603' title='bbox 1613 3956 1671 4009; x_wconf 82' lang='grc' dir='ltr'>ἐν</span> <span class='ocrx_word' id='word_1_604' title='bbox 1711 3955 1796 4008; x_wconf 73' lang='grc' dir='ltr'>σοὶ</span> 
     </span>
    </p>
   </div>
   <div class='ocr_carea' id='block_1_76' title="bbox 1897 3938 3495 4021">
    <p class='ocr_par' dir='ltr' id='par_1_76' title="bbox 1902 3938 3495 4016">
     <span class='ocr_line' id='line_1_76' title="bbox 1902 3938 3495 4016; baseline -0.016 0"><span class='ocrx_word' id='word_1_605' title='bbox 1902 3969 2054 4016; x_wconf 90' lang='lat' dir='ltr'><strong>torte</strong></span> <span class='ocrx_word' id='word_1_606' title='bbox 2072 3959 2344 4012; x_wconf 87' lang='lat' dir='ltr'><strong>fureturet</strong></span> <span class='ocrx_word' id='word_1_607' title='bbox 2363 3954 2592 4009; x_wconf 87' lang='lat' dir='ltr'><strong>infodiat</strong></span> <span class='ocrx_word' id='word_1_608' title='bbox 2610 3951 2701 4008; x_wconf 90' lang='lat' dir='ltr'>ubi</span> <span class='ocrx_word' id='word_1_609' title='bbox 2722 3965 2827 4004; x_wconf 90' lang='lat' dir='ltr'>non</span> <span class='ocrx_word' id='word_1_610' title='bbox 2848 3947 3045 4005; x_wconf 87' lang='lat' dir='ltr'><strong>crescit</strong></span> <span class='ocrx_word' id='word_1_611' title='bbox 3066 3943 3305 4001; x_wconf 89' lang='lat' dir='ltr'><strong>divinum</strong></span> <span class='ocrx_word' id='word_1_612' title='bbox 3321 3938 3495 3994; x_wconf 84' lang='lat' dir='ltr'><strong>talen-</strong></span> 
     </span>
    </p>
   </div>
   <div class='ocr_carea' id='block_1_77' title="bbox 204 4027 1802 4117">
    <p class='ocr_par' dir='ltr' id='par_1_77' title="bbox 204 4041 1795 4116">
     <span class='ocr_line' id='line_1_77' title="bbox 204 4041 1795 4116; baseline 0.002 -20"><span class='ocrx_word' id='word_1_613' title='bbox 204 4043 381 4108; x_wconf 82' lang='grc' dir='ltr'>καλοτς</span> <span class='ocrx_word' id='word_1_614' title='bbox 401 4044 609 4116; x_wconf 74' lang='grc' dir='ltr'>ἔργοις</span> <span class='ocrx_word' id='word_1_615' title='bbox 639 4041 1029 4114; x_wconf 87' lang='grc' dir='ltr'>ἐμϐλέποντες,</span> <span class='ocrx_word' id='word_1_616' title='bbox 1077 4044 1437 4116; x_wconf 81' lang='grc' dir='ltr'>βουλήσονται</span> <span class='ocrx_word' id='word_1_617' title='bbox 1472 4047 1552 4108; x_wconf 82' lang='grc' dir='ltr'>εἰς</span> <span class='ocrx_word' id='word_1_618' title='bbox 1576 4047 1645 4099; x_wconf 79' lang='grc' dir='ltr'>τὰ</span> <span class='ocrx_word' id='word_1_619' title='bbox 1681 4045 1795 4100; x_wconf 80' lang='grc' dir='ltr'>ἄνω</span> 
     </span>
    </p>
   </div>
   <div class='ocr_carea' id='block_1_78' title="bbox 1894 4027 3492 4117">
    <p class='ocr_par' dir='ltr' id='par_1_78' title="bbox 1903 4027 3492 4117">
     <span class='ocr_line' id='line_1_78' title="bbox 1903 4027 3492 4117; baseline -0.015 -12"><span class='ocrx_word' id='word_1_620' title='bbox 1903 4062 2038 4106; x_wconf 86' lang='lat' dir='ltr'><strong>tum.</strong></span> <span class='ocrx_word' id='word_1_621' title='bbox 2063 4048 2256 4103; x_wconf 80' lang='lat' dir='ltr'><strong>Nidum</strong></span> <span class='ocrx_word' id='word_1_622' title='bbox 2288 4046 2635 4100; x_wconf 66' lang='lat' dir='ltr'><strong>viditascetae</strong></span> <span class='ocrx_word' id='word_1_623' title='bbox 2652 4040 2959 4096; x_wconf 86' lang='lat' dir='ltr'><strong>columnam</strong></span> <span class='ocrx_word' id='word_1_624' title='bbox 2984 4049 3187 4100; x_wconf 89' lang='lat' dir='ltr'><strong>sermo,</strong></span> <span class='ocrx_word' id='word_1_625' title='bbox 3208 4027 3492 4117; x_wconf 81' lang='lat' dir='ltr'><strong>immorari</strong></span> 
     </span>
    </p>
   </div>
   <div class='ocr_carea' id='block_1_79' title="bbox 205 4119 1803 4206">
    <p class='ocr_par' dir='ltr' id='par_1_79' title="bbox 205 4135 1799 4206">
     <span class='ocr_line' id='line_1_79' title="bbox 205 4135 1799 4206; baseline -0.001 -19"><span class='ocrx_word' id='word_1_626' title='bbox 205 4136 546 4206; x_wconf 74' lang='grc' dir='ltr'>ἐξαίρεσθαι.</span> <span class='ocrx_word' id='word_1_627' title='bbox 575 4138 992 4206; x_wconf 60' lang='grc' dir='ltr'>Συγηκὸμισαι</span> <span class='ocrx_word' id='word_1_628' title='bbox 1019 4135 1096 4206; x_wconf 81' lang='grc' dir='ltr'>τῷ</span> <span class='ocrx_word' id='word_1_629' title='bbox 1131 4136 1270 4206; x_wconf 85' lang='grc' dir='ltr'>Θεῷ,</span> <span class='ocrx_word' id='word_1_630' title='bbox 1300 4135 1451 4190; x_wconf 83' lang='grc' dir='ltr'>καθὰ</span> <span class='ocrx_word' id='word_1_631' title='bbox 1469 4137 1562 4189; x_wconf 88' lang='grc' dir='ltr'>καί</span> <span class='ocrx_word' id='word_1_632' title='bbox 1589 4152 1672 4197; x_wconf 88' lang='grc' dir='ltr'>τις</span> <span class='ocrx_word' id='word_1_633' title='bbox 1701 4151 1799 4187; x_wconf 88' lang='grc' dir='ltr'>πο-</span> 
     </span>
    </p>
   </div>
   <div class='ocr_carea' id='block_1_80' title="bbox 1895 4119 3493 4206">
    <p class='ocr_par' dir='ltr' id='par_1_80' title="bbox 1904 4119 3493 4205">
     <span class='ocr_line' id='line_1_80' title="bbox 1904 4119 3493 4205; baseline -0.017 -7"><span class='ocrx_word' id='word_1_634' title='bbox 1904 4141 2089 4198; x_wconf 87' lang='lat' dir='ltr'><strong>novult</strong></span> <span class='ocrx_word' id='word_1_635' title='bbox 2121 4138 2291 4193; x_wconf 82' lang='lat' dir='ltr'><strong>verbo</strong></span> <span class='ocrx_word' id='word_1_636' title='bbox 2319 4136 2413 4192; x_wconf 88' lang='lat' dir='ltr'><strong>isti</strong></span> <span class='ocrx_word' id='word_1_637' title='bbox 2460 4137 2532 4191; x_wconf 86' lang='lat' dir='ltr'>ob</span> <span class='ocrx_word' id='word_1_638' title='bbox 2576 4132 2877 4205; x_wconf 88' lang='lat' dir='ltr'><strong>perfectum</strong></span> <span class='ocrx_word' id='word_1_639' title='bbox 2919 4128 3010 4198; x_wconf 83' lang='lat' dir='ltr'>qui</span> <span class='ocrx_word' id='word_1_640' title='bbox 3043 4126 3097 4181; x_wconf 89' lang='lat' dir='ltr'>in</span> <span class='ocrx_word' id='word_1_641' title='bbox 3128 4140 3195 4182; x_wconf 88' lang='lat' dir='ltr'>eo</span> <span class='ocrx_word' id='word_1_642' title='bbox 3219 4119 3493 4189; x_wconf 85' lang='lat' dir='ltr'><strong>conspici-</strong></span> 
     </span>
    </p>
   </div>
   <div class='ocr_carea' id='block_1_81' title="bbox 205 4218 1803 4299">
    <p class='ocr_par' dir='ltr' id='par_1_81' title="bbox 205 4226 1796 4299">
     <span class='ocr_line' id='line_1_81' title="bbox 205 4226 1796 4299; baseline -0.001 -22"><span class='ocrx_word' id='word_1_643' title='bbox 205 4226 501 4299; x_wconf 79' lang='grc' dir='ltr'>λυτίμητος</span> <span class='ocrx_word' id='word_1_644' title='bbox 550 4249 570 4279; x_wconf 75' lang='grc' dir='ltr'>ι</span> <span class='ocrx_word' id='word_1_645' title='bbox 597 4228 903 4298; x_wconf 77' lang='grc' dir='ltr'>θησαυρός.</span> <span class='ocrx_word' id='word_1_646' title='bbox 939 4247 959 4278; x_wconf 77' lang='grc' dir='ltr'>ι</span> <span class='ocrx_word' id='word_1_647' title='bbox 982 4229 1353 4293; x_wconf 84' lang='grc' dir='ltr'>Κστάκρυπτε</span> <span class='ocrx_word' id='word_1_648' title='bbox 1383 4226 1514 4295; x_wconf 81' lang='grc' dir='ltr'>γοῦν</span> <span class='ocrx_word' id='word_1_649' title='bbox 1547 4226 1796 4290; x_wconf 64' lang='grc' dir='ltr'>σεαυτὸν,</span> 
     </span>
    </p>
   </div>
   <div class='ocr_carea' id='block_1_82' title="bbox 1898 4218 3496 4299">
    <p class='ocr_par' dir='ltr' id='par_1_82' title="bbox 1902 4218 3496 4295">
     <span class='ocr_line' id='line_1_82' title="bbox 1902 4218 3496 4295; baseline -0.014 -11"><span class='ocrx_word' id='word_1_650' title='bbox 1902 4238 1991 4284; x_wconf 77' lang='lat' dir='ltr'>tur</span> <span class='ocrx_word' id='word_1_651' title='bbox 2006 4228 2177 4282; x_wconf 87' lang='lat' dir='ltr'><strong>virum</strong></span> <span class='ocrx_word' id='word_1_652' title='bbox 2198 4227 2287 4295; x_wconf 85' lang='lat' dir='ltr'>qui</span> <span class='ocrx_word' id='word_1_653' title='bbox 2306 4240 2416 4279; x_wconf 84' lang='lat' dir='ltr'>non</span> <span class='ocrx_word' id='word_1_654' title='bbox 2434 4234 2492 4277; x_wconf 88' lang='lat' dir='ltr'>ut</span> <span class='ocrx_word' id='word_1_655' title='bbox 2508 4220 2853 4292; x_wconf 85' lang='lat' dir='ltr'><strong>imperfectus</strong></span> <span class='ocrx_word' id='word_1_656' title='bbox 2869 4228 2921 4274; x_wconf 92' lang='lat' dir='ltr'>et</span> <span class='ocrx_word' id='word_1_657' title='bbox 2939 4218 3041 4274; x_wconf 87' lang='lat' dir='ltr'><strong>alis</strong></span> <span class='ocrx_word' id='word_1_658' title='bbox 3054 4228 3243 4272; x_wconf 89' lang='lat' dir='ltr'><strong>carens</strong></span> <span class='ocrx_word' id='word_1_659' title='bbox 3260 4221 3342 4268; x_wconf 88' lang='lat' dir='ltr'>est</span> <span class='ocrx_word' id='word_1_660' title='bbox 3360 4223 3496 4264; x_wconf 86' lang='lat' dir='ltr'><strong>con-</strong></span> 
     </span>
    </p>
   </div>
   <div class='ocr_carea' id='block_1_83' title="bbox 208 4303 1806 4389">
    <p class='ocr_par' dir='ltr' id='par_1_83' title="bbox 208 4314 1797 4389">
     <span class='ocr_line' id='line_1_83' title="bbox 208 4314 1797 4389; baseline -0.001 -19"><span class='ocrx_word' id='word_1_661' title='bbox 208 4318 408 4384; x_wconf 77' lang='grc' dir='ltr'>μήποτε</span> <span class='ocrx_word' id='word_1_662' title='bbox 432 4319 463 4372; x_wconf 82' lang='grc' dir='ltr'>ὁ</span> <span class='ocrx_word' id='word_1_663' title='bbox 486 4318 888 4389; x_wconf 81' lang='grc' dir='ltr'>ψυχοκλέπτης</span> <span class='ocrx_word' id='word_1_664' title='bbox 911 4318 1284 4389; x_wconf 71' lang='grc' dir='ltr'>παρασυλήσῃ</span> <span class='ocrx_word' id='word_1_665' title='bbox 1303 4334 1363 4370; x_wconf 87' lang='grc' dir='ltr'>σε</span> <span class='ocrx_word' id='word_1_666' title='bbox 1386 4317 1481 4370; x_wconf 62' lang='grc' dir='ltr'>καὶ⁵</span> <span class='ocrx_word' id='word_1_667' title='bbox 1497 4314 1797 4387; x_wconf 79' lang='grc' dir='ltr'>κατορύξῃ,</span> 
     </span>
    </p>
   </div>
   <div class='ocr_carea' id='block_1_84' title="bbox 1891 4303 3489 4389">
    <p class='ocr_par' dir='ltr' id='par_1_84' title="bbox 1903 4303 3489 4384">
     <span class='ocr_line' id='line_1_84' title="bbox 1903 4303 3489 4384; baseline -0.015 -8"><span class='ocrx_word' id='word_1_668' title='bbox 1903 4313 2665 4384; x_wconf 61' lang='lat' dir='ltr'><strong>sideraudus,comparandus</strong></span> <span class='ocrx_word' id='word_1_669' title='bbox 2688 4310 2932 4374; x_wconf 84' lang='lat' dir='ltr'><strong>alitibus,</strong></span> <span class='ocrx_word' id='word_1_670' title='bbox 2952 4308 3043 4378; x_wconf 91' lang='lat' dir='ltr'>qui</span> <span class='ocrx_word' id='word_1_671' title='bbox 3070 4320 3168 4373; x_wconf 89' lang='lat' dir='ltr'>per</span> <span class='ocrx_word' id='word_1_672' title='bbox 3193 4303 3366 4356; x_wconf 88' lang='lat' dir='ltr'><strong>nubes</strong></span> <span class='ocrx_word' id='word_1_673' title='bbox 3391 4314 3489 4354; x_wconf 87' lang='lat' dir='ltr'><strong>vo-</strong></span> 
     </span>
    </p>
   </div>
   <div class='ocr_carea' id='block_1_85' title="bbox 203 4397 1801 4474">
    <p class='ocr_par' dir='ltr' id='par_1_85' title="bbox 203 4405 1797 4472">
     <span class='ocr_line' id='line_1_85' title="bbox 203 4405 1797 4472; baseline 0.001 -15"><span class='ocrx_word' id='word_1_674' title='bbox 203 4405 320 4460; x_wconf 78' lang='grc' dir='ltr'>ἑνθα</span> <span class='ocrx_word' id='word_1_675' title='bbox 344 4411 408 4462; x_wconf 59' lang='grc' dir='ltr'>τὸ</span> <span class='ocrx_word' id='word_1_676' title='bbox 440 4408 603 4463; x_wconf 80' lang='grc' dir='ltr'>θεῖον</span> <span class='ocrx_word' id='word_1_677' title='bbox 636 4408 739 4461; x_wconf 85' lang='grc' dir='ltr'>οὐκ</span> <span class='ocrx_word' id='word_1_678' title='bbox 761 4407 876 4461; x_wconf 76' lang='grc' dir='ltr'>ἐστι</span> <span class='ocrx_word' id='word_1_679' title='bbox 907 4406 1237 4472; x_wconf 62' lang='lat' dir='ltr'>sna-553600.:</span> <span class='ocrx_word' id='word_1_680' title='bbox 1281 4406 1564 4462; x_wconf 73' lang='grc' dir='ltr'>τάλαντον.</span> <span class='ocrx_word' id='word_1_681' title='bbox 1597 4426 1619 4459; x_wconf 77' lang='grc' dir='ltr'>ε</span> <span class='ocrx_word' id='word_1_682' title='bbox 1653 4407 1797 4460; x_wconf 77' lang='lat' dir='ltr'><strong>Nos-</strong></span> 
     </span>
    </p>
   </div>
   <div class='ocr_carea' id='block_1_86' title="bbox 1901 4397 3499 4474">
    <p class='ocr_par' dir='ltr' id='par_1_86' title="bbox 1902 4397 3499 4474">
     <span class='ocr_line' id='line_1_86' title="bbox 1902 4397 3499 4474; baseline -0.011 -10"><span class='ocrx_word' id='word_1_683' title='bbox 1902 4411 2038 4473; x_wconf 85' lang='lat' dir='ltr'><strong>lant,</strong></span> <span class='ocrx_word' id='word_1_684' title='bbox 2078 4406 2438 4474; x_wconf 83' lang='lat' dir='ltr'><strong>utScriptura</strong></span> <span class='ocrx_word' id='word_1_685' title='bbox 2461 4403 2613 4467; x_wconf 87' lang='lat' dir='ltr'><strong>dicit,</strong></span> <span class='ocrx_word' id='word_1_686' title='bbox 2647 4413 2741 4457; x_wconf 89' lang='lat' dir='ltr'>aut</span> <span class='ocrx_word' id='word_1_687' title='bbox 2762 4400 2963 4471; x_wconf 84' lang='lat' dir='ltr'><strong>aquilis</strong></span> <span class='ocrx_word' id='word_1_688' title='bbox 3005 4397 3192 4467; x_wconf 76' lang='lat' dir='ltr'><strong>regiis,</strong></span> <span class='ocrx_word' id='word_1_689' title='bbox 3230 4404 3287 4448; x_wconf 92' lang='grc' dir='ltr'>ιιι</span> <span class='ocrx_word' id='word_1_690' title='bbox 3329 4406 3499 4461; x_wconf 77' lang='lat' dir='ltr'><strong>supra</strong></span> 
     </span>
    </p>
   </div>
   <div class='ocr_carea' id='block_1_87' title="bbox 204 4484 1802 4569">
    <p class='ocr_par' dir='ltr' id='par_1_87' title="bbox 204 4496 1802 4568">
     <span class='ocr_line' id='line_1_87' title="bbox 204 4496 1802 4568; baseline 0.003 -23"><span class='ocrx_word' id='word_1_691' title='bbox 204 4499 314 4548; x_wconf 74' lang='grc' dir='ltr'>σιαν</span> <span class='ocrx_word' id='word_1_692' title='bbox 347 4517 368 4550; x_wconf 77' lang='grc' dir='ltr'>ι</span> <span class='ocrx_word' id='word_1_693' title='bbox 421 4496 760 4568; x_wconf 81' lang='grc' dir='ltr'>τεθεώρηκε</span> <span class='ocrx_word' id='word_1_694' title='bbox 792 4497 892 4567; x_wconf 75' lang='grc' dir='ltr'>μὲν</span> <span class='ocrx_word' id='word_1_695' title='bbox 934 4499 1028 4551; x_wconf 74' lang='grc' dir='ltr'>τὸν</span> <span class='ocrx_word' id='word_1_696' title='bbox 1067 4496 1366 4565; x_wconf 77' lang='grc' dir='ltr'>ἀσκητικὸν</span> <span class='ocrx_word' id='word_1_697' title='bbox 1413 4515 1433 4548; x_wconf 80' lang='grc' dir='ltr'>ι</span> <span class='ocrx_word' id='word_1_698' title='bbox 1472 4496 1664 4549; x_wconf 81' lang='grc' dir='ltr'>στύλον</span> <span class='ocrx_word' id='word_1_699' title='bbox 1705 4514 1724 4548; x_wconf 79' lang='grc' dir='ltr'>ι</span> <span class='ocrx_word' id='word_1_700' title='bbox 1767 4496 1802 4549; x_wconf 81' lang='grc' dir='ltr'>ὀ</span> 
     </span>
    </p>
   </div>
   <div class='ocr_carea' id='block_1_88' title="bbox 1896 4484 3494 4569">
    <p class='ocr_par' dir='ltr' id='par_1_88' title="bbox 1902 4484 3494 4569">
     <span class='ocr_line' id='line_1_88' title="bbox 1902 4484 3494 4569; baseline -0.014 -12"><span class='ocrx_word' id='word_1_701' title='bbox 1902 4502 2162 4557; x_wconf 79' lang='lat' dir='ltr'><strong>diximus.</strong></span> <span class='ocrx_word' id='word_1_702' title='bbox 2192 4499 2333 4569; x_wconf 80' lang='lat' dir='ltr'><strong>Ergo</strong></span> <span class='ocrx_word' id='word_1_703' title='bbox 2370 4506 2423 4550; x_wconf 92' lang='lat' dir='ltr'>tu</span> <span class='ocrx_word' id='word_1_704' title='bbox 2461 4494 2637 4566; x_wconf 83' lang='lat' dir='ltr'><strong>aquila</strong></span> <span class='ocrx_word' id='word_1_705' title='bbox 2665 4491 3037 4559; x_wconf 70' lang='lat' dir='ltr'><strong>nostra,regie</strong></span> <span class='ocrx_word' id='word_1_706' title='bbox 3061 4499 3114 4545; x_wconf 78' lang='lat' dir='ltr'>te</span> <span class='ocrx_word' id='word_1_707' title='bbox 3144 4501 3270 4558; x_wconf 75' lang='lat' dir='ltr'><strong>gere</strong></span> <span class='ocrx_word' id='word_1_708' title='bbox 3298 4494 3352 4540; x_wconf 91' lang='lat' dir='ltr'>et</span> <span class='ocrx_word' id='word_1_709' title='bbox 3378 4484 3494 4536; x_wconf 87' lang='lat' dir='ltr'><strong>vir-</strong></span> 
     </span>
    </p>
   </div>
   <div class='ocr_carea' id='block_1_89' title="bbox 202 4571 1800 4661">
    <p class='ocr_par' dir='ltr' id='par_1_89' title="bbox 202 4584 1800 4661">
     <span class='ocr_line' id='line_1_89' title="bbox 202 4584 1800 4661; baseline 0.001 -19"><span class='ocrx_word' id='word_1_710' title='bbox 202 4584 369 4655; x_wconf 63' lang='grc' dir='ltr'>λόγος,</span> <span class='ocrx_word' id='word_1_711' title='bbox 403 4591 578 4646; x_wconf 71' lang='grc' dir='ltr'>ὀκνεῖ</span> <span class='ocrx_word' id='word_1_712' title='bbox 594 4591 667 4644; x_wconf 75' lang='grc' dir='ltr'>δὲ</span> <span class='ocrx_word' id='word_1_713' title='bbox 686 4590 866 4644; x_wconf 85' lang='grc' dir='ltr'>διόλου</span> <span class='ocrx_word' id='word_1_714' title='bbox 899 4592 1158 4660; x_wconf 79' lang='grc' dir='ltr'>ἐμμεῖναι</span> <span class='ocrx_word' id='word_1_715' title='bbox 1182 4588 1265 4659; x_wconf 78' lang='grc' dir='ltr'>τῷ</span> <span class='ocrx_word' id='word_1_716' title='bbox 1289 4592 1493 4661; x_wconf 79' lang='grc' dir='ltr'>ῥήματι</span> <span class='ocrx_word' id='word_1_717' title='bbox 1520 4589 1695 4659; x_wconf 82' lang='grc' dir='ltr'>τούτῳ</span> <span class='ocrx_word' id='word_1_718' title='bbox 1721 4589 1800 4643; x_wconf 70' lang='grc' dir='ltr'>διὰ</span> 
     </span>
    </p>
   </div>
   <div class='ocr_carea' id='block_1_90' title="bbox 1906 4571 3504 4661">
    <p class='ocr_par' dir='ltr' id='par_1_90' title="bbox 1914 4571 3504 4653">
     <span class='ocr_line' id='line_1_90' title="bbox 1914 4571 3504 4653; baseline -0.014 -7"><span class='ocrx_word' id='word_1_719' title='bbox 1914 4599 2079 4646; x_wconf 78' lang='lat' dir='ltr'><strong>turem</strong></span> <span class='ocrx_word' id='word_1_720' title='bbox 2126 4605 2192 4642; x_wconf 84' lang='lat' dir='ltr'>ne</span> <span class='ocrx_word' id='word_1_721' title='bbox 2232 4587 2559 4646; x_wconf 86' lang='lat' dir='ltr'><strong>erubescas,</strong></span> <span class='ocrx_word' id='word_1_722' title='bbox 2606 4596 2930 4653; x_wconf 84' lang='lat' dir='ltr'><strong>quocunque</strong></span> <span class='ocrx_word' id='word_1_723' title='bbox 2973 4593 3093 4635; x_wconf 89' lang='lat' dir='ltr'><strong>sors</strong></span> <span class='ocrx_word' id='word_1_724' title='bbox 3149 4572 3334 4629; x_wconf 90' lang='lat' dir='ltr'><strong>tulerit</strong></span> <span class='ocrx_word' id='word_1_725' title='bbox 3381 4571 3504 4624; x_wconf 82' lang='lat' dir='ltr'><strong>alas</strong></span> 
     </span>
    </p>
   </div>
   <div class='ocr_carea' id='block_1_91' title="bbox 201 4661 1799 4751">
    <p class='ocr_par' dir='ltr' id='par_1_91' title="bbox 201 4680 1799 4751">
     <span class='ocr_line' id='line_1_91' title="bbox 201 4680 1799 4751; baseline 0 -19"><span class='ocrx_word' id='word_1_726' title='bbox 201 4681 281 4733; x_wconf 74' lang='grc' dir='ltr'>τὸν</span> <span class='ocrx_word' id='word_1_727' title='bbox 306 4685 365 4735; x_wconf 84' lang='grc' dir='ltr'>ἐν</span> <span class='ocrx_word' id='word_1_728' title='bbox 404 4684 558 4750; x_wconf 82' lang='grc' dir='ltr'>αὐτῇ</span> <span class='ocrx_word' id='word_1_729' title='bbox 589 4682 808 4735; x_wconf 84' lang='grc' dir='ltr'>τέλειον</span> <span class='ocrx_word' id='word_1_730' title='bbox 843 4682 1034 4751; x_wconf 81' lang='grc' dir='ltr'>ἄνδρα,</span> <span class='ocrx_word' id='word_1_731' title='bbox 1066 4681 1128 4734; x_wconf 83' lang='grc' dir='ltr'>ὃν</span> <span class='ocrx_word' id='word_1_732' title='bbox 1167 4682 1230 4736; x_wconf 82' lang='grc' dir='ltr'>ού</span> <span class='ocrx_word' id='word_1_733' title='bbox 1262 4680 1405 4734; x_wconf 75' lang='grc' dir='ltr'>κατὰ</span> <span class='ocrx_word' id='word_1_734' title='bbox 1435 4680 1560 4743; x_wconf 80' lang='grc' dir='ltr'>τοὺς</span> <span class='ocrx_word' id='word_1_735' title='bbox 1592 4680 1799 4744; x_wconf 81' lang='grc' dir='ltr'>ἀτελεῖς</span> 
     </span>
    </p>
   </div>
   <div class='ocr_carea' id='block_1_92' title="bbox 1907 4661 3505 4751">
    <p class='ocr_par' dir='ltr' id='par_1_92' title="bbox 1908 4661 3505 4750">
     <span class='ocr_line' id='line_1_92' title="bbox 1908 4661 3505 4750; baseline -0.013 -16"><span class='ocrx_word' id='word_1_736' title='bbox 1908 4682 2147 4750; x_wconf 89' lang='lat' dir='ltr'><strong>pandens</strong></span> <span class='ocrx_word' id='word_1_737' title='bbox 2177 4686 2230 4732; x_wconf 89' lang='lat' dir='ltr'>et</span> <span class='ocrx_word' id='word_1_738' title='bbox 2256 4687 2308 4731; x_wconf 91' lang='lat' dir='ltr'>te</span> <span class='ocrx_word' id='word_1_739' title='bbox 2337 4677 2514 4731; x_wconf 86' lang='lat' dir='ltr'><strong>ventis</strong></span> <span class='ocrx_word' id='word_1_740' title='bbox 2551 4673 2894 4743; x_wconf 83' lang='lat' dir='ltr'><strong>permittens,</strong></span> <span class='ocrx_word' id='word_1_741' title='bbox 2926 4670 3021 4725; x_wconf 86' lang='lat' dir='ltr'>sed</span> <span class='ocrx_word' id='word_1_742' title='bbox 3056 4668 3121 4722; x_wconf 87' lang='lat' dir='ltr'>ad</span> <span class='ocrx_word' id='word_1_743' title='bbox 3159 4665 3327 4720; x_wconf 88' lang='lat' dir='ltr'><strong>Deum</strong></span> <span class='ocrx_word' id='word_1_744' title='bbox 3364 4661 3505 4716; x_wconf 77' lang='lat' dir='ltr'><strong>voli-</strong></span> 
     </span>
    </p>
   </div>
   <div class='ocr_carea' id='block_1_93' title="bbox 205 4761 1803 4841">
    <p class='ocr_par' dir='ltr' id='par_1_93' title="bbox 205 4768 1803 4841">
     <span class='ocr_line' id='line_1_93' title="bbox 205 4768 1803 4841; baseline 0.001 -21"><span class='ocrx_word' id='word_1_745' title='bbox 205 4769 288 4821; x_wconf 79' lang='grc' dir='ltr'>καὶ</span> <span class='ocrx_word' id='word_1_746' title='bbox 316 4771 582 4841; x_wconf 80' lang='grc' dir='ltr'>ἀπτῆνας</span> <span class='ocrx_word' id='word_1_747' title='bbox 638 4769 897 4830; x_wconf 73' lang='grc' dir='ltr'>νεοσσοὺς</span> <span class='ocrx_word' id='word_1_748' title='bbox 947 4768 1147 4839; x_wconf 76' lang='grc' dir='ltr'>ἔχομεν</span> <span class='ocrx_word' id='word_1_749' title='bbox 1186 4769 1628 4828; x_wconf 81' lang='grc' dir='ltr'>δ;ασκέπτεσθαι.</span> <span class='ocrx_word' id='word_1_750' title='bbox 1668 4769 1803 4822; x_wconf 82' lang='grc' dir='ltr'>ἀλλά</span> 
     </span>
    </p>
   </div>
   <div class='ocr_carea' id='block_1_94' title="bbox 1584 4761 3182 4841">
    <p class='ocr_par' dir='ltr' id='par_1_94' title="bbox 1593 4761 3182 4829">
     <span class='ocr_line' id='line_1_94' title="bbox 1593 4761 3182 4829; baseline -0.009 -7"><span class='ocrx_word' id='word_1_751' title='bbox 1593 4787 1628 4828; x_wconf 90' lang='grc' dir='ltr'>ι.</span> <span class='ocrx_word' id='word_1_752' title='bbox 1668 4769 1803 4822; x_wconf 73' lang='grc' dir='ltr'>ἀλλὰ</span> <span class='ocrx_word' id='word_1_753' title='bbox 1911 4777 2050 4828; x_wconf 86' lang='lat' dir='ltr'><strong>tans,</strong></span> <span class='ocrx_word' id='word_1_754' title='bbox 2093 4765 2418 4821; x_wconf 84' lang='lat' dir='ltr'><strong>fructuosam</strong></span> <span class='ocrx_word' id='word_1_755' title='bbox 2451 4761 2791 4817; x_wconf 82' lang='lat' dir='ltr'><strong>venationem</strong></span> <span class='ocrx_word' id='word_1_756' title='bbox 2826 4768 3182 4829; x_wconf 77' lang='lat' dir='ltr'><strong>prosequere.</strong></span> 
     </span>
    </p>
   </div>
   <div class='ocr_carea' id='block_1_95' title="bbox 203 4840 3502 4931">
    <p class='ocr_par' dir='ltr' id='par_1_95' title="bbox 203 4840 3502 4931">
     <span class='ocr_line' id='line_1_95' title="bbox 203 4840 3502 4931; baseline -0.006 -17"><span class='ocrx_word' id='word_1_757' title='bbox 203 4863 333 4915; x_wconf 78' lang='grc' dir='ltr'>κατὰ</span> <span class='ocrx_word' id='word_1_758' title='bbox 364 4840 501 4925; x_wconf 66' lang='grc' dir='ltr'>τους</span> <span class='ocrx_word' id='word_1_759' title='bbox 529 4860 834 4929; x_wconf 66' lang='grc' dir='ltr'>ύψτπέτεις</span> <span class='ocrx_word' id='word_1_760' title='bbox 863 4861 1035 4930; x_wconf 80' lang='grc' dir='ltr'>ὅρνις,</span> <span class='ocrx_word' id='word_1_761' title='bbox 1071 4862 1286 4925; x_wconf 88' lang='grc' dir='ltr'>ὁποίους</span> <span class='ocrx_word' id='word_1_762' title='bbox 1348 4862 1443 4915; x_wconf 76' lang='grc' dir='ltr'>ἐπὶ</span> <span class='ocrx_word' id='word_1_763' title='bbox 1465 4861 1704 4931; x_wconf 85' lang='grc' dir='ltr'>νεφελῶν</span> <span class='ocrx_word' id='word_1_764' title='bbox 1760 4861 2019 4915; x_wconf 74' lang='grc' dir='ltr'>πέτεσθαι</span> <span class='ocrx_word' id='word_1_765' title='bbox 2048 4857 2336 4928; x_wconf 73' lang='grc' dir='ltr'>γραφικῶς</span> <span class='ocrx_word' id='word_1_766' title='bbox 2369 4855 2636 4923; x_wconf 80' lang='grc' dir='ltr'>θεωρήσει</span> <span class='ocrx_word' id='word_1_767' title='bbox 2658 4869 2761 4918; x_wconf 89' lang='grc' dir='ltr'>τις,</span> <span class='ocrx_word' id='word_1_768' title='bbox 2787 4852 2823 4923; x_wconf 76' lang='grc' dir='ltr'><strong>ἦ</strong></span> <span class='ocrx_word' id='word_1_769' title='bbox 2853 4852 2948 4905; x_wconf 77' lang='grc' dir='ltr'>καὶ</span> <span class='ocrx_word' id='word_1_770' title='bbox 2998 4846 3140 4901; x_wconf 73' lang='grc' dir='ltr'>κατὰ</span> <span class='ocrx_word' id='word_1_771' title='bbox 3179 4845 3306 4904; x_wconf 80' lang='grc' dir='ltr'>τοὺς</span> <span class='ocrx_word' id='word_1_772' title='bbox 3339 4840 3502 4931; x_wconf 78' lang='grc' dir='ltr'>βασι-</span> 
     </span>
    </p>
   </div>
   <div class='ocr_carea' id='block_1_96' title="bbox 204 4930 3506 5024">
    <p class='ocr_par' dir='ltr' id='par_1_96' title="bbox 204 4930 3506 5024">
     <span class='ocr_line' id='line_1_96' title="bbox 204 4930 3506 5024; baseline -0.005 -21"><span class='ocrx_word' id='word_1_773' title='bbox 204 4946 372 5015; x_wconf 65' lang='grc' dir='ltr'>ὶικοῦς</span> <span class='ocrx_word' id='word_1_774' title='bbox 410 4969 432 5004; x_wconf 73' lang='grc' dir='ltr'>ι</span> <span class='ocrx_word' id='word_1_775' title='bbox 470 4951 711 5013; x_wconf 78' lang='grc' dir='ltr'>ἀετοὺς,</span> <span class='ocrx_word' id='word_1_776' title='bbox 741 4968 760 5001; x_wconf 81' lang='grc' dir='ltr'>ι</span> <span class='ocrx_word' id='word_1_777' title='bbox 798 4954 827 5003; x_wconf 75' lang='grc' dir='ltr'>ὁ</span> <span class='ocrx_word' id='word_1_778' title='bbox 859 4952 924 5022; x_wconf 75' lang='grc' dir='ltr'>δὴ</span> <span class='ocrx_word' id='word_1_779' title='bbox 971 4952 1065 5006; x_wconf 76' lang='grc' dir='ltr'>καὶ</span> <span class='ocrx_word' id='word_1_780' title='bbox 1094 4951 1285 5005; x_wconf 74' lang='grc' dir='ltr'>ἀνόπιν</span> <span class='ocrx_word' id='word_1_781' title='bbox 1310 4952 1392 5023; x_wconf 83' lang='grc' dir='ltr'>τῷ</span> <span class='ocrx_word' id='word_1_782' title='bbox 1427 4930 1572 5020; x_wconf 76' lang='grc' dir='ltr'>λόγῳ</span> <span class='ocrx_word' id='word_1_783' title='bbox 1609 4950 2166 5024; x_wconf 81' lang='grc' dir='ltr'>προσηυπορήσαμεν.</span> <span class='ocrx_word' id='word_1_784' title='bbox 2239 4944 2311 5000; x_wconf 81' lang='grc' dir='ltr'><strong><em>Ὦ</em></strong></span> <span class='ocrx_word' id='word_1_785' title='bbox 2338 4946 2517 4999; x_wconf 76' lang='grc' dir='ltr'>τοίνυν</span> <span class='ocrx_word' id='word_1_786' title='bbox 2548 4943 2779 5015; x_wconf 81' lang='grc' dir='ltr'>ήμέτερε</span> <span class='ocrx_word' id='word_1_787' title='bbox 2817 4941 2881 4995; x_wconf 78' lang='grc' dir='ltr'>σὺ</span> <span class='ocrx_word' id='word_1_788' title='bbox 2915 4958 2941 4992; x_wconf 78' lang='lat' dir='ltr'>r</span> <span class='ocrx_word' id='word_1_789' title='bbox 2962 4938 3108 5003; x_wconf 77' lang='grc' dir='ltr'>ἀετὲ,</span> <span class='ocrx_word' id='word_1_790' title='bbox 3144 4954 3162 4988; x_wconf 84' lang='grc' dir='ltr'>ι</span> <span class='ocrx_word' id='word_1_791' title='bbox 3203 4930 3506 5005; x_wconf 80' lang='grc' dir='ltr'>βασιλικῶς</span> 
     </span>
    </p>
   </div>
   <div class='ocr_carea' id='block_1_97' title="bbox 207 5026 3506 5118">
    <p class='ocr_par' dir='ltr' id='par_1_97' title="bbox 207 5026 3506 5118">
     <span class='ocr_line' id='line_1_97' title="bbox 207 5026 3506 5118; baseline -0.006 -18"><span class='ocrx_word' id='word_1_792' title='bbox 207 5048 512 5118; x_wconf 72' lang='grc' dir='ltr'>προσφέρου</span> <span class='ocrx_word' id='word_1_793' title='bbox 591 5045 838 5116; x_wconf 82' lang='grc' dir='ltr'>σεαυτῷ,</span> <span class='ocrx_word' id='word_1_794' title='bbox 893 5046 989 5099; x_wconf 80' lang='grc' dir='ltr'>καὶ</span> <span class='ocrx_word' id='word_1_795' title='bbox 1046 5047 1108 5099; x_wconf 79' lang='grc' dir='ltr'>τὸ</span> <span class='ocrx_word' id='word_1_796' title='bbox 1170 5047 1388 5115; x_wconf 80' lang='grc' dir='ltr'>εὐγενὲς</span> <span class='ocrx_word' id='word_1_797' title='bbox 1449 5048 1547 5116; x_wconf 81' lang='grc' dir='ltr'>τῆς</span> <span class='ocrx_word' id='word_1_798' title='bbox 1576 5047 1776 5117; x_wconf 81' lang='grc' dir='ltr'>ἀρετῆς</span> <span class='ocrx_word' id='word_1_799' title='bbox 1824 5047 1906 5116; x_wconf 86' lang='grc' dir='ltr'>μὴ</span> <span class='ocrx_word' id='word_1_800' title='bbox 1954 5044 2300 5114; x_wconf 79' lang='grc' dir='ltr'>καταίσχυνε,</span> <span class='ocrx_word' id='word_1_801' title='bbox 2359 5040 2480 5108; x_wconf 86' lang='grc' dir='ltr'>είκῆ</span> <span class='ocrx_word' id='word_1_802' title='bbox 2538 5040 2599 5092; x_wconf 78' lang='grc' dir='ltr'>τὸ</span> <span class='ocrx_word' id='word_1_803' title='bbox 2630 5038 2827 5108; x_wconf 79' lang='grc' dir='ltr'>πτερὸν</span> <span class='ocrx_word' id='word_1_804' title='bbox 2857 5032 3233 5094; x_wconf 76' lang='grc' dir='ltr'>διαπεταννίις,</span> <span class='ocrx_word' id='word_1_805' title='bbox 3266 5028 3360 5082; x_wconf 67' lang='grc' dir='ltr'>καὶ</span> <span class='ocrx_word' id='word_1_806' title='bbox 3418 5026 3506 5090; x_wconf 65' lang='grc' dir='ltr'>εἷς</span> 
     </span>
    </p>
   </div>
   <div class='ocr_carea' id='block_1_98' title="bbox 208 5123 3313 5206">
    <p class='ocr_par' dir='ltr' id='par_1_98' title="bbox 208 5123 3313 5206">
     <span class='ocr_line' id='line_1_98' title="bbox 208 5123 3313 5206; baseline -0.005 -15"><span class='ocrx_word' id='word_1_807' title='bbox 208 5134 426 5205; x_wconf 72' lang='grc' dir='ltr'>ἀνέμους</span> <span class='ocrx_word' id='word_1_808' title='bbox 496 5134 854 5202; x_wconf 70' lang='grc' dir='ltr'>πλαζόμενος</span> <span class='ocrx_word' id='word_1_809' title='bbox 881 5151 895 5164; x_wconf 92' lang='grc'><strong>·</strong></span> <span class='ocrx_word' id='word_1_810' title='bbox 944 5133 1062 5189; x_wconf 82' lang='grc' dir='ltr'>ἀλλ’</span> <span class='ocrx_word' id='word_1_811' title='bbox 1101 5135 1182 5197; x_wconf 87' lang='grc' dir='ltr'>είς</span> <span class='ocrx_word' id='word_1_812' title='bbox 1249 5135 1386 5189; x_wconf 80' lang='grc' dir='ltr'>Θεὸν</span> <span class='ocrx_word' id='word_1_813' title='bbox 1429 5134 1794 5202; x_wconf 72' lang='grc' dir='ltr'>ἁνιπτάμενος</span> <span class='ocrx_word' id='word_1_814' title='bbox 1825 5135 1961 5206; x_wconf 80' lang='grc' dir='ltr'>πρὸς</span> <span class='ocrx_word' id='word_1_815' title='bbox 1992 5133 2089 5202; x_wconf 85' lang='grc' dir='ltr'>τὴν</span> <span class='ocrx_word' id='word_1_816' title='bbox 2112 5131 2469 5201; x_wconf 71' lang='grc' dir='ltr'>ὀφειλομένην</span> <span class='ocrx_word' id='word_1_817' title='bbox 2496 5129 2670 5199; x_wconf 77' lang='grc' dir='ltr'>ἄγραν</span> <span class='ocrx_word' id='word_1_818' title='bbox 2695 5128 2793 5198; x_wconf 87' lang='grc' dir='ltr'>τὴν</span> <span class='ocrx_word' id='word_1_819' title='bbox 2819 5126 3014 5195; x_wconf 88' lang='grc' dir='ltr'>πτῆσιν</span> <span class='ocrx_word' id='word_1_820' title='bbox 3040 5123 3313 5186; x_wconf 79' lang='grc' dir='ltr'>εὐθέτιζε.</span> 
     </span>
    </p>
   </div>
   <div class='ocr_carea' id='block_1_99' title="bbox 267 5213 1865 5297">
    <p class='ocr_par' dir='ltr' id='par_1_99' title="bbox 267 5224 1816 5297">
     <span class='ocr_line' id='line_1_99' title="bbox 267 5224 1816 5297; baseline -0.001 -20"><span class='ocrx_word' id='word_1_821' title='bbox 267 5225 367 5293; x_wconf 88' lang='grc' dir='ltr'>λγ’.</span> <span class='ocrx_word' id='word_1_822' title='bbox 393 5245 421 5280; x_wconf 75' lang='grc' dir='ltr'>ε</span> <span class='ocrx_word' id='word_1_823' title='bbox 448 5225 831 5297; x_wconf 82' lang='grc' dir='ltr'>Στρατιώτου</span> <span class='ocrx_word' id='word_1_824' title='bbox 870 5242 890 5276; x_wconf 83' lang='grc' dir='ltr'>ι</span> <span class='ocrx_word' id='word_1_825' title='bbox 929 5224 1086 5291; x_wconf 74' lang='grc' dir='ltr'>τάξιν</span> <span class='ocrx_word' id='word_1_826' title='bbox 1117 5226 1364 5297; x_wconf 80' lang='grc' dir='ltr'>ἀπέχεις.</span> <span class='ocrx_word' id='word_1_827' title='bbox 1409 5225 1504 5279; x_wconf 75' lang='grc' dir='ltr'>ἐπὶ</span> <span class='ocrx_word' id='word_1_828' title='bbox 1539 5243 1565 5277; x_wconf 51' lang='grc' dir='ltr'>ιν</span> <span class='ocrx_word' id='word_1_829' title='bbox 1602 5224 1816 5295; x_wconf 86' lang='grc' dir='ltr'>πύργου</span> 
     </span>
    </p>
   </div>
   <div class='ocr_carea' id='block_1_100' title="bbox 1905 5213 3503 5297">
    <p class='ocr_par' dir='ltr' id='par_1_100' title="bbox 1970 5213 3503 5287">
     <span class='ocr_line' id='line_1_100' title="bbox 1970 5213 3503 5287; baseline -0.006 -10"><span class='ocrx_word' id='word_1_830' title='bbox 1970 5224 2058 5277; x_wconf 78' lang='grc'>35.</span> <span class='ocrx_word' id='word_1_831' title='bbox 2104 5222 2295 5276; x_wconf 71' lang='lat' dir='ltr'><strong>Militis</strong></span> <span class='ocrx_word' id='word_1_832' title='bbox 2319 5221 2567 5275; x_wconf 89' lang='lat' dir='ltr'><strong>ordinem</strong></span> <span class='ocrx_word' id='word_1_833' title='bbox 2606 5230 2758 5274; x_wconf 89' lang='lat' dir='ltr'><strong>tenes</strong></span> <span class='ocrx_word' id='word_1_834' title='bbox 2787 5232 2951 5287; x_wconf 89' lang='lat' dir='ltr'><strong>super</strong></span> <span class='ocrx_word' id='word_1_835' title='bbox 2984 5216 3330 5271; x_wconf 80' lang='lat' dir='ltr'><strong>fortitudinis</strong></span> <span class='ocrx_word' id='word_1_836' title='bbox 3361 5213 3503 5271; x_wconf 73' lang='lat' dir='ltr'><strong>turri</strong></span> 
     </span>
    </p>
   </div>
   <div class='ocr_carea' id='block_1_101' title="bbox 213 5309 1811 5387">
    <p class='ocr_par' dir='ltr' id='par_1_101' title="bbox 213 5314 1809 5387">
     <span class='ocr_line' id='line_1_101' title="bbox 213 5314 1809 5387; baseline -0.003 -16"><span class='ocrx_word' id='word_1_837' title='bbox 213 5314 381 5387; x_wconf 75' lang='grc' dir='ltr'>ἰσχύος</span> <span class='ocrx_word' id='word_1_838' title='bbox 422 5337 445 5372; x_wconf 72' lang='grc' dir='ltr'>ι</span> <span class='ocrx_word' id='word_1_839' title='bbox 483 5316 590 5373; x_wconf 79' lang='grc' dir='ltr'>τοῦ</span> <span class='ocrx_word' id='word_1_840' title='bbox 620 5314 1050 5384; x_wconf 73' lang='grc' dir='ltr'>τεθεωρημένου</span> <span class='ocrx_word' id='word_1_841' title='bbox 1078 5316 1435 5385; x_wconf 74' lang='grc' dir='ltr'>τεταγμένος,</span> <span class='ocrx_word' id='word_1_842' title='bbox 1463 5319 1557 5369; x_wconf 77' lang='grc' dir='ltr'>καὶ</span> <span class='ocrx_word' id='word_1_843' title='bbox 1591 5314 1809 5385; x_wconf 78' lang='grc' dir='ltr'>ὀφειλέ-</span> 
     </span>
    </p>
   </div>
   <div class='ocr_carea' id='block_1_102' title="bbox 1901 5309 3499 5387">
    <p class='ocr_par' dir='ltr' id='par_1_102' title="bbox 1909 5309 3499 5379">
     <span class='ocr_line' id='line_1_102' title="bbox 1909 5309 3499 5379; baseline -0.003 -13"><span class='ocrx_word' id='word_1_844' title='bbox 1909 5313 2107 5369; x_wconf 84' lang='lat' dir='ltr'><strong>visibili</strong></span> <span class='ocrx_word' id='word_1_845' title='bbox 2144 5313 2465 5378; x_wconf 83' lang='lat' dir='ltr'><strong>collocatus,</strong></span> <span class='ocrx_word' id='word_1_846' title='bbox 2491 5323 2543 5366; x_wconf 87' lang='lat' dir='ltr'>et</span> <span class='ocrx_word' id='word_1_847' title='bbox 2562 5311 2630 5365; x_wconf 88' lang='lat' dir='ltr'>ad</span> <span class='ocrx_word' id='word_1_848' title='bbox 2659 5310 2797 5364; x_wconf 87' lang='lat' dir='ltr'><strong>mala</strong></span> <span class='ocrx_word' id='word_1_849' title='bbox 2822 5309 3174 5379; x_wconf 75' lang='lat' dir='ltr'><strong>perpetienda</strong></span> <span class='ocrx_word' id='word_1_850' title='bbox 3189 5309 3499 5363; x_wconf 73' lang='lat' dir='ltr'><strong>deatinatus</strong></span> 
     </span>
    </p>
   </div>
   <div class='ocr_carea' id='block_1_103' title="bbox 212 5398 1810 5478">
    <p class='ocr_par' dir='ltr' id='par_1_103' title="bbox 212 5402 1810 5478">
     <span class='ocr_line' id='line_1_103' title="bbox 212 5402 1810 5478; baseline -0.009 -8"><span class='ocrx_word' id='word_1_851' title='bbox 212 5422 298 5474; x_wconf 70' lang='grc' dir='ltr'>της</span> <span class='ocrx_word' id='word_1_852' title='bbox 321 5408 398 5463; x_wconf 82' lang='grc' dir='ltr'>ὢν</span> <span class='ocrx_word' id='word_1_853' title='bbox 428 5405 816 5468; x_wconf 75' lang='grc' dir='ltr'>κακοπαθεῖν,</span> <span class='ocrx_word' id='word_1_854' title='bbox 843 5406 929 5459; x_wconf 78' lang='grc' dir='ltr'>ἵνα</span> <span class='ocrx_word' id='word_1_855' title='bbox 949 5402 1038 5460; x_wconf 81' lang='grc' dir='ltr'>οἷα</span> <span class='ocrx_word' id='word_1_856' title='bbox 1072 5407 1238 5470; x_wconf 76' lang='grc' dir='ltr'>καλὸς</span> <span class='ocrx_word' id='word_1_857' title='bbox 1266 5407 1474 5478; x_wconf 82' lang='grc' dir='ltr'>ἀρέσῃς</span> <span class='ocrx_word' id='word_1_858' title='bbox 1504 5405 1582 5476; x_wconf 85' lang='grc' dir='ltr'>τῷ</span> <span class='ocrx_word' id='word_1_859' title='bbox 1610 5410 1810 5475; x_wconf 76' lang='grc' dir='ltr'>ἐστρα-</span> 
     </span>
    </p>
   </div>
   <div class='ocr_carea' id='block_1_104' title="bbox 1908 5398 3506 5478">
    <p class='ocr_par' dir='ltr' id='par_1_104' title="bbox 1912 5398 3506 5472">
     <span class='ocr_line' id='line_1_104' title="bbox 1912 5398 3506 5472; baseline -0.004 -16"><span class='ocrx_word' id='word_1_860' title='bbox 1912 5414 1967 5456; x_wconf 90' lang='grc' dir='ltr'>ιιι</span> <span class='ocrx_word' id='word_1_861' title='bbox 1995 5414 2254 5472; x_wconf 83' lang='lat' dir='ltr'><strong>tanquam</strong></span> <span class='ocrx_word' id='word_1_862' title='bbox 2292 5406 2470 5458; x_wconf 76' lang='lat' dir='ltr'><strong>bonus</strong></span> <span class='ocrx_word' id='word_1_863' title='bbox 2494 5404 2542 5458; x_wconf 85' lang='lat' dir='ltr'>ei</span> <span class='ocrx_word' id='word_1_864' title='bbox 2574 5403 2667 5472; x_wconf 70' lang='lat' dir='ltr'>qui</span> <span class='ocrx_word' id='word_1_865' title='bbox 2721 5410 2772 5455; x_wconf 80' lang='lat' dir='ltr'>te</span> <span class='ocrx_word' id='word_1_866' title='bbox 2800 5401 3030 5455; x_wconf 76' lang='lat' dir='ltr'><strong>militem</strong></span> <span class='ocrx_word' id='word_1_867' title='bbox 3082 5400 3340 5454; x_wconf 78' lang='lat' dir='ltr'><strong>eundttxit</strong></span> <span class='ocrx_word' id='word_1_868' title='bbox 3384 5398 3506 5466; x_wconf 85' lang='lat' dir='ltr'><strong>pla-</strong></span> 
     </span>
    </p>
   </div>
   <div class='ocr_carea' id='block_1_105' title="bbox 212 5487 1810 5570">
    <p class='ocr_par' dir='ltr' id='par_1_105' title="bbox 212 5495 1810 5570">
     <span class='ocr_line' id='line_1_105' title="bbox 212 5495 1810 5570; baseline 0 -22"><span class='ocrx_word' id='word_1_869' title='bbox 212 5498 522 5570; x_wconf 78' lang='grc' dir='ltr'>τολογηκότι</span> <span class='ocrx_word' id='word_1_870' title='bbox 584 5516 678 5561; x_wconf 83' lang='grc' dir='ltr'>σε,</span> <span class='ocrx_word' id='word_1_871' title='bbox 746 5498 925 5551; x_wconf 61' lang='lat' dir='ltr'><strong>simil</strong></span> <span class='ocrx_word' id='word_1_872' title='bbox 979 5497 1377 5559; x_wconf 76' lang='grc' dir='ltr'>ἀποστολικῶς.</span> <span class='ocrx_word' id='word_1_873' title='bbox 1437 5495 1810 5565; x_wconf 78' lang='grc' dir='ltr'>Περιϐέϐλησο</span> 
     </span>
    </p>
   </div>
   <div class='ocr_carea' id='block_1_106' title="bbox 1901 5487 3499 5570">
    <p class='ocr_par' dir='ltr' id='par_1_106' title="bbox 1911 5487 3499 5561">
     <span class='ocr_line' id='line_1_106' title="bbox 1911 5487 3499 5561; baseline -0.005 -14"><span class='ocrx_word' id='word_1_874' title='bbox 1911 5510 2058 5558; x_wconf 77' lang='lat' dir='ltr'><strong>reas,</strong></span> <span class='ocrx_word' id='word_1_875' title='bbox 2114 5505 2173 5548; x_wconf 95' lang='lat' dir='ltr'>ut</span> <span class='ocrx_word' id='word_1_876' title='bbox 2203 5509 2325 5548; x_wconf 88' lang='lat' dir='ltr'>cum</span> <span class='ocrx_word' id='word_1_877' title='bbox 2377 5492 2639 5561; x_wconf 81' lang='lat' dir='ltr'><strong>Apostolo</strong></span> <span class='ocrx_word' id='word_1_878' title='bbox 2666 5493 2875 5560; x_wconf 74' lang='lat' dir='ltr'><strong>loquar.</strong></span> <span class='ocrx_word' id='word_1_879' title='bbox 2906 5489 3207 5544; x_wconf 82' lang='lat' dir='ltr'><strong>Potentiam</strong></span> <span class='ocrx_word' id='word_1_880' title='bbox 3248 5487 3414 5541; x_wconf 87' lang='lat' dir='ltr'><strong>indue</strong></span> <span class='ocrx_word' id='word_1_881' title='bbox 3443 5495 3499 5540; x_wconf 68' lang='lat' dir='ltr'>et</span> 
     </span>
    </p>
   </div>
   <div class='ocr_carea' id='block_1_107' title="bbox 217 5578 1815 5661">
    <p class='ocr_par' dir='ltr' id='par_1_107' title="bbox 217 5587 1814 5661">
     <span class='ocr_line' id='line_1_107' title="bbox 217 5587 1814 5661; baseline -0.002 -20"><span class='ocrx_word' id='word_1_882' title='bbox 217 5588 330 5653; x_wconf 76' lang='grc' dir='ltr'>γοῦν</span> <span class='ocrx_word' id='word_1_883' title='bbox 352 5592 626 5661; x_wconf 80' lang='grc' dir='ltr'>δύναμιν,</span> <span class='ocrx_word' id='word_1_884' title='bbox 656 5589 758 5643; x_wconf 78' lang='grc' dir='ltr'>καὶ</span> <span class='ocrx_word' id='word_1_885' title='bbox 794 5587 1016 5653; x_wconf 76' lang='grc' dir='ltr'>ὁπλίζου</span> <span class='ocrx_word' id='word_1_886' title='bbox 1038 5587 1183 5641; x_wconf 79' lang='grc' dir='ltr'>κατὰ</span> <span class='ocrx_word' id='word_1_887' title='bbox 1212 5588 1393 5658; x_wconf 71' lang='grc' dir='ltr'>πάσης</span> <span class='ocrx_word' id='word_1_888' title='bbox 1424 5587 1720 5654; x_wconf 81' lang='grc' dir='ltr'>ἐπιϐουλῆς</span> <span class='ocrx_word' id='word_1_889' title='bbox 1755 5603 1814 5639; x_wconf 82' lang='grc' dir='ltr'>τε</span> 
     </span>
    </p>
   </div>
   <div class='ocr_carea' id='block_1_108' title="bbox 1905 5578 3503 5661">
    <p class='ocr_par' dir='ltr' id='par_1_108' title="bbox 1913 5578 3503 5646">
     <span class='ocr_line' id='line_1_108' title="bbox 1913 5578 3503 5646; baseline -0.008 -5"><span class='ocrx_word' id='word_1_890' title='bbox 1913 5594 2099 5641; x_wconf 63' lang='grc' dir='ltr'>ετιιιιιιο</span> <span class='ocrx_word' id='word_1_891' title='bbox 2131 5599 2322 5638; x_wconf 90' lang='lat' dir='ltr'><strong>omnes</strong></span> <span class='ocrx_word' id='word_1_892' title='bbox 2357 5583 2582 5639; x_wconf 86' lang='lat' dir='ltr'><strong>insidias</strong></span> <span class='ocrx_word' id='word_1_893' title='bbox 2614 5593 2669 5639; x_wconf 85' lang='lat' dir='ltr'>et</span> <span class='ocrx_word' id='word_1_894' title='bbox 2702 5584 2823 5638; x_wconf 78' lang='lat' dir='ltr'><strong>belli</strong></span> <span class='ocrx_word' id='word_1_895' title='bbox 2871 5592 3138 5637; x_wconf 83' lang='lat' dir='ltr'><strong>tormenta</strong></span> <span class='ocrx_word' id='word_1_896' title='bbox 3187 5578 3503 5646; x_wconf 73' lang='lat' dir='ltr'><strong>accingere.</strong></span> 
     </span>
    </p>
   </div>
   <div class='ocr_carea' id='block_1_109' title="bbox 221 5665 1819 5750">
    <p class='ocr_par' dir='ltr' id='par_1_109' title="bbox 221 5675 1818 5750">
     <span class='ocr_line' id='line_1_109' title="bbox 221 5675 1818 5750; baseline -0.001 -17"><span class='ocrx_word' id='word_1_897' title='bbox 221 5681 301 5730; x_wconf 63' lang='lat' dir='ltr'><strong>iu&quot;.</strong></span> <span class='ocrx_word' id='word_1_898' title='bbox 330 5681 677 5747; x_wconf 73' lang='grc' dir='ltr'>ἑλεπόλεως.</span> <span class='ocrx_word' id='word_1_899' title='bbox 710 5681 821 5733; x_wconf 76' lang='grc' dir='ltr'>Καὶ</span> <span class='ocrx_word' id='word_1_900' title='bbox 852 5675 969 5733; x_wconf 80' lang='grc' dir='ltr'>οἶδα</span> <span class='ocrx_word' id='word_1_901' title='bbox 998 5680 1121 5750; x_wconf 81' lang='grc' dir='ltr'>μὲν,</span> <span class='ocrx_word' id='word_1_902' title='bbox 1166 5679 1239 5744; x_wconf 80' lang='grc' dir='ltr'>ὡς</span> <span class='ocrx_word' id='word_1_903' title='bbox 1263 5678 1637 5749; x_wconf 78' lang='grc' dir='ltr'>προϐαλέσθαι</span> <span class='ocrx_word' id='word_1_904' title='bbox 1678 5678 1818 5732; x_wconf 70' lang='grc' dir='ltr'>πᾶν·</span> 
     </span>
    </p>
   </div>
   <div class='ocr_carea' id='block_1_110' title="bbox 1904 5665 3502 5750">
    <p class='ocr_par' dir='ltr' id='par_1_110' title="bbox 1922 5665 3502 5746">
     <span class='ocr_line' id='line_1_110' title="bbox 1922 5665 3502 5746; baseline -0.006 -16"><span class='ocrx_word' id='word_1_905' title='bbox 1922 5676 1987 5730; x_wconf 87' lang='grc' dir='ltr'>Ει</span> <span class='ocrx_word' id='word_1_906' title='bbox 2032 5677 2153 5731; x_wconf 89' lang='lat' dir='ltr'><strong>uovi</strong></span> <span class='ocrx_word' id='word_1_907' title='bbox 2196 5675 2410 5746; x_wconf 86' lang='lat' dir='ltr'><strong>quidem</strong></span> <span class='ocrx_word' id='word_1_908' title='bbox 2467 5677 2613 5746; x_wconf 89' lang='lat' dir='ltr'><strong>quod</strong></span> <span class='ocrx_word' id='word_1_909' title='bbox 2666 5682 2719 5731; x_wconf 76' lang='lat' dir='ltr'>te</span> <span class='ocrx_word' id='word_1_910' title='bbox 2759 5675 2974 5746; x_wconf 84' lang='lat' dir='ltr'><strong>penitus</strong></span> <span class='ocrx_word' id='word_1_911' title='bbox 3023 5678 3304 5743; x_wconf 79' lang='lat' dir='ltr'><strong>protegere</strong></span> <span class='ocrx_word' id='word_1_912' title='bbox 3341 5665 3502 5723; x_wconf 67' lang='lat' dir='ltr'><strong>vales</strong></span> 
     </span>
    </p>
   </div>
  </div>
