4048 6414
510 279 617 343 ‘23!

515 373 612 428 l...:

516 485 741 549 loricam
778 494 832 540 et
877 487 1139 556 reliquam
1174 489 1291 557 eius
1319 500 1656 545 armaturam
1707 493 1759 547 iu
1813 503 1866 547 te
1913 496 2094 549 videre

515 579 697 646 cupio.
724 576 871 633 Hanc
895 582 1194 648 praesertim
1230 582 1476 652 accinge,
1506 587 1645 638 banc
1673 586 1859 653 indue,
1886 597 1943 642 et
1975 589 2095 642 ani-

524 683 735 721 marum
787 669 955 723 hostis
986 669 1221 741 aufugict
1275 673 1496 743 harpyia
1554 688 1613 730 se
1672 678 1914 732 tradens.
1957 677 2093 733 Nam

515 760 796 827 pulchrum
823 771 905 815 est
934 763 1149 830 quidem
1182 761 1385 818 ferrum
1420 768 1584 830 istud,
1608 783 1672 822 ex
1702 784 1812 837 quo
1831 772 2096 823 adversus

515 854 812 921 pessimum
871 853 1083 908 hostem
1139 856 1244 911 tela
1296 859 1589 914 cuduntur.
1643 859 1790 914 Nihil
1841 875 1971 916 vero
2016 862 2095 916 sic

516 950 697 1005 potest
740 942 1189 1000 invulnerabilem
1226 947 1453 1003 militem
1491 950 1752 1018 perlicere
1793 952 1837 1005 si
1872 960 2092 1021 aposto-

516 1034 672 1088 licam
712 1047 1047 1090 armaturam
1084 1037 1173 1093 ille
1201 1039 1514 1109 proiecerit.
1557 1041 1618 1096 Et
1654 1042 1782 1110 quid
1811 1042 1935 1097 dico
1962 1043 2096 1098 nihil

513 1127 740 1195 potest?
767 1127 1052 1183 dicendum
1077 1140 1195 1184 erat
1216 1131 1357 1200 quod
1396 1131 1681 1188 deﬁciente
1723 1133 1813 1187 illa
1844 1135 1902 1189 lit
1936 1147 2096 1188 asce-

515 1228 583 1272 tze
613 1234 838 1289 operum
881 1221 1092 1288 jactura
1120 1232 1174 1277 et
1229 1236 1503 1277 summum
1538 1226 1605 1279 ad
1667 1234 1864 1280 terram
1923 1227 2092 1281 trabi-

515 1318 605 1364 tur
631 1320 686 1366 et
712 1311 854 1380 quod
876 1312 994 1367 leve
1023 1320 1128 1380 est,
1156 1325 1479 1383 aggravatur
1513 1324 1568 1371 et
1604 1331 1636 1372 a
1661 1330 1895 1388 superno
1914 1317 2097 1373 volatu

512 1412 735 1455 cessans
771 1401 823 1455 in
859 1412 1055 1457 terram
1085 1404 1361 1470 dejicitur.

1266 281 1624 346 EUSTATH
1632 285 1692 345 II
1735 285 1835 347 ΤΠ
1850 285 2102 348 ESSALl

2199 289 2488 352 lCENSlS
2517 292 3081 356 maritumum
3474 364 3487 379 ,

535 396 680 449 urica
713 402 800 449 tua
834 405 890 450 et
918 394 1062 451 ferro
1086 400 1229 467 quod
1259 408 1311 454 te
1339 401 1527 470 cingit.
1576 401 1683 456 Sed
1712 405 1891 475 magni
1925 404 2076 460 Pauli

2199 427 2288 468 τως
2310 409 2377 463 ἂν
2399 408 2563 480 ἔχοις,
2584 409 2642 463 δν
2672 409 2958 480 ἐγκρατῶς
2981 409 3398 483 περιϐέϐλησαι,
3427 431 3446 462 ι
3473 409 3735 480 Θώρακα.»

3651 296 3748 361 232

2192 500 2407 556 καὶτὸν
2439 501 2624 554 λοιπὸν
2662 519 2682 554 ι
2725 503 2966 572 σίδηρον,
3004 521 3023 554 ι
3060 502 3121 563 ὃς
3168 502 3474 569 περίκειται
3509 519 3586 556 σε.
3609 503 3743 556 Ἀλλ’

2190 593 2304 661 ἐγὼ
2336 595 2433 648 καὶ
2460 595 2551 647 τὸν
2606 592 2701 647 τοῦ
2739 594 2977 664 μεγάλου
3038 593 3250 647 Παύλου
3285 593 3504 661 θώρακα
3534 593 3624 647 καὶ
3650 592 3741 661 τὴν

2188 683 2385 749 λοιπὴν
2420 684 2638 739 ἃπασαν
2667 683 2877 737 ἐκείνου
2907 683 3212 737 πανοπλίαν
3264 683 3410 754 ζητῶ
3438 683 3663 737 κατιδεῖν
3691 685 3746 736 ἑν

2191 772 2297 827 σοί.
2330 770 2550 841 Ταύτην
2582 773 2809 841 περίθου
2848 773 3103 843 μάλιστα,
3134 771 3337 841 ταύτην
3369 771 3587 826 ὑπόδυθι
3610 789 3623 804 ·
3656 774 3745 826 καὶ

2188 864 2217 916 6
2245 864 2354 916 τῶν
2378 862 2568 934 ψυχῶν
2603 863 2862 932 πολέμιος
2908 864 3217 934 οἰχήσεται,
3252 862 3309 915 Ἀ
3321 861 3535 930 ρπυίαις
3564 860 3744 914 ἑαυτὸν

2188 953 2397 1017 ἐκδούς.
2432 955 2608 1008 Καλὸν
2646 953 2744 1023 μὲν
2773 954 2879 1023 γάρ
2898 957 2993 1007 καὶ
3022 957 3050 1008 6
3078 954 3415 1024 φορούμενος
3448 971 3466 1004 ι
3494 953 3698 1022 σίδηρος
3728 971 3745 1004 ι

2187 1040 2369 1107 οὗτος,
2408 1045 2504 1098 καὶ
2541 1044 2669 1115 βέλη
2697 1046 2841 1100 κατὰ
2884 1045 2981 1098 τοῦ
3029 1045 3399 1115 πονηροτάτου
3427 1041 3742 1113 πολεμισταῦ

2190 1134 2253 1202 ἐξ
2276 1134 2442 1192 αὑτοῦ
2472 1135 2853 1206 χαλκεύονται.
2891 1137 3081 1206 Ἀρκεῖ
3108 1137 3165 1191 δὲ
3195 1137 3344 1205 ὅμως
3365 1134 3532 1198 οὐδὲν,
3561 1134 3635 1197 ὡς
3662 1133 3752 1187 καὶ

2192 1226 2572 1298 ἀκατάϐλητον
2600 1226 2692 1281 τδν
2720 1229 2777 1280 ὲν
2809 1226 2957 1297 αὐτῷ
2991 1229 3334 1297 στρατιώτην
3379 1226 3674 1288 ἀποτελεῖν,
3704 1225 3750 1277 εί

2194 1320 2295 1387 τὴν
2324 1315 2691 1386 άποστολικὴν
2734 1318 2943 1382 ἐκεῖνος
3003 1317 3301 1390 ἀπορρίψει
3334 1320 3554 1386 σκευήν.
3606 1316 3669 1368 Τί
3698 1315 3753 1368 δὲ

2194 1408 2341 1471 λέγω
2375 1425 2395 1460 ι
2433 1408 2533 1461 ούκ
2587 1409 2779 1479 ἀρκεῖς
2815 1428 2834 1461 ι
2901 1409 3020 1463 δέον
3067 1411 3264 1475 εἰπεῖν,
3298 1410 3375 1473 ὼς
3402 1409 3608 1477 ἐκείνης
3637 1407 3753 1474 δίχα

515 1497 610 1547 καὶ
663 1496 932 1565 ἀμϐλύνει
981 1501 1156 1555 ταῦτα
1193 1501 1255 1555 τὸ
1303 1503 1363 1554 ὲν
1390 1502 1573 1574 ἔργοις
1625 1506 1946 1575 άσκητικοῖς
2010 1505 2128 1575 ὀξὺ,
2207 1504 2305 1559 καὶ
2359 1503 2619 1559 καθέλκει
2661 1504 2723 1558 τδ
2775 1503 3248 1575 ἀνωφορούμενον,
3298 1504 3395 1557 καὶ
3448 1500 3664 1573 βαρύνει
3699 1505 3756 1558 τδ

514 1586 738 1654 κοῦφον,
766 1591 858 1642 καὶ
893 1591 991 1659 τὴν
1024 1592 1136 1645 ἄνω
1188 1591 1386 1662 πτῆσιν
1441 1593 1626 1658 παύει,
1655 1599 1750 1649 καὶ
1781 1596 2085 1665 καταφέρει
2124 1595 2261 1666 πρὸς
2290 1594 2421 1665 γῆν.

584 1677 676 1733 54.
719 1677 917 1733 Multos
974 1678 1178 1734 ferrum
1224 1681 1277 1734 in
1330 1681 1467 1736 bella
1514 1693 1703 1737 contra
1754 1684 2093 1753 spiritualem

2272 1682 2368 1737 λδ’.
2408 1682 2639 1745 Πολλοὺς
2659 1683 2687 1735 6
2717 1698 2737 1733 ι
2768 1681 2982 1751 σίδηρος
3008 1700 3027 1734 ι
3063 1683 3146 1746 είς
3171 1683 3263 1736 τὸν
3293 1682 3434 1737 κατὰ
3460 1681 3553 1735 τοῦ
3576 1681 3756 1752 νοητοῦ

516 1771 727 1823 hostem
771 1774 1064 1837 excitavit;
1118 1774 1317 1830 multos
1372 1775 1650 1830 hebetavit
1697 1786 1750 1831 et
1793 1777 2096 1846 impedivit,

2201 1772 2501 1842 ἀντιμάχου
2529 1771 2809 1839 ὲστόμωσε
2836 1771 3093 1841 πόλεμον,
3123 1771 3354 1835 πολλοὺς
3377 1772 3471 1825 καὶ
3490 1771 3756 1839 άμϐλύνας

517 1862 622 1914 illis
647 1876 794 1914 arma
822 1864 1202 1929 circumdedit,
1226 1867 1417 1920 horum
1445 1867 1501 1921 in
1522 1868 1786 1932 manicas,
1811 1868 2098 1938 compedes

518 1952 804 2015 incidens:
833 1967 1064 2022 quorum
1101 1956 1291 2011 merito
1323 1943 1710 2012 miserabimur
1732 1959 1773 2013 si
1796 1958 1920 2013 vitae
1953 1973 2103 2013 mare

520 2045 871 2116 pernaviga’nt
895 2047 1251 2115 procellosum
1277 2057 1332 2102 et
1364 2048 1618 2104 ﬂuctibus
1655 2048 1792 2105 diris
1822 2051 2102 2105 exundans

521 2142 575 2185 ct
604 2134 989 2203 periculosum,
1032 2150 1196 2206 super
1238 2139 1382 2206 quod
1433 2138 1773 2209 simplicibus
1839 2140 2099 2195 membris

521 2222 604 2288 agi
657 2221 919 2277 deberent
955 2262 969 2287 ,
1026 2224 1115 2287 qui
1170 2224 1348 2278 adhuc
1397 2223 1527 2278 l'erri
1585 2225 1800 2295 pondus
1860 2241 2096 2296 gravatis

524 2313 741 2366 habent.
796 2313 1022 2369 Ferrum
1070 2315 1214 2369 istud
1259 2315 1325 2370 iis
1382 2315 1600 2386 quidem
1646 2318 1739 2385 qui
1792 2317 2091 2372 secundum

522 2403 799 2457 veritatem
849 2405 1058 2459 strenui
1102 2415 1251 2470 sunt,
1301 2419 1405 2458 non
1440 2406 1745 2475 prmcipites
1787 2407 1899 2475 agit
1957 2422 2096 2477 pon-

522 2498 639 2558 dus,
672 2496 764 2550 sed
801 2497 1033 2552 anchora
1072 2498 1333 2554 salutaris
1358 2498 1423 2568 :et
1454 2513 1608 2553 saera
1669 2500 1990 2566 ordinatur;
2030 2500 2096 2554 iis

521 2603 648 2642 vero
679 2589 769 2656 qui
807 2587 964 2642 aliter
1029 2603 1087 2643 se
1127 2589 1347 2654 habent,
1400 2591 1678 2658 plumbum
1730 2591 1787 2644 lit
1835 2591 1888 2644 in
1937 2592 2094 2661 aquis

522 2679 934 2733 vehementibus
968 2679 1278 2734 submersos
1331 2679 1667 2749 deprimens.
1703 2678 1820 2735 Non
1858 2697 1987 2748 ergo
2012 2698 2097 2736 sa-

521 2769 696 2823 lutare
727 2784 828 2825 nec
858 2771 935 2825 sic
967 2780 1063 2826 aut
1087 2771 1243 2828 aliter
1285 2773 1502 2835 cecidit,
1536 2788 1635 2843 pro
1665 2774 1896 2830 consilio
1920 2774 2097 2830 electo

524 2861 804 2917 haesitante
836 2863 991 2917 libra.

2199 1865 2566 1930 συνεπόδισεν,
2600 1862 2826 1925 ἐκείνοις
2856 1863 2955 1932 μὲν
2982 1864 3143 1917 ὁποῖά
3164 1880 3216 1917 τι
3247 1863 3411 1919 ὅπλον
3429 1862 3755 1933 άμφιτεθεὶς,

2195 1957 2406 2019 τούτοις
2437 1957 2493 2010 δὲ
2526 1956 2603 2018 ὡς
2631 1956 2710 2018 είς
2739 1955 3065 2025 χειροπέδην
3088 1955 3394 2010 διεκπεσὼν
3418 1957 3512 2011 καὶ
3542 1954 3759 2009 ποδοκά-

2196 2064 2302 2118 κην
2325 2046 2422 2100 καὶ
2453 2046 2679 2114 τύφωνα
2703 2062 2715 2075 '
2750 2044 2845 2108 οὓς
2877 2045 2973 2098 καὶ
3000 2046 3268 2116 οἰκτείραι
3310 2047 3376 2100 ἄν
3407 2064 3491 2109 τις
3521 2046 3757 2108 δικαίως.

2196 2140 2245 2192 εί
2271 2139 2371 2208 τὴν
2397 2137 2492 2191 τοῦ
2526 2138 2641 2207 βίου
2691 2137 3040 2202 διαπλέοντες
3089 2137 3368 2192 θάλασσαν
3424 2137 3565 2191 οὕτω
3621 2136 3760 2190 δεινά

2197 2228 2615 2300 βραττομένην,
2669 2227 2768 2281 καὶ
2823 2228 3239 2296 κυμαινομένην
3289 2226 3566 2282 ἀκάθεκτα
3598 2268 3613 2294 ,
3675 2226 3762 2280 καὶ

2194 2319 2524 2376 ἀπειλοῦσαν
2568 2318 2833 2385 κίνδυνον,
2884 2320 2935 2371 οἱ
2962 2319 3018 2373 δὲ
3048 2318 3169 2373 δέον
3214 2319 3531 2390 άπερίττοις
3586 2317 3762 2389 μέλεσι

2195 2411 2459 2481 φέρεσθαι
2491 2409 2558 2463 δι’
2608 2408 2801 2479 αὐτῆς,
2842 2403 2962 2461 εἶτα
3008 2409 3105 2462 καὶ⁴
3153 2408 3380 2478 σιδήρου
3413 2409 3577 2481 βάρος
3617 2407 3764 2479 περί-

2194 2518 2430 2558 κεινται·
2458 2501 2518 2564 δς
2547 2500 2611 2571 δὴ
2651 2500 2870 2570 σίδηρος
2899 2503 3014 2565 τοῖς
3064 2502 3162 2570 μὲν
3192 2501 3281 2554 ἐπ’
3313 2502 3541 2573 ἀληθείᾳ
3573 2502 3763 2571 ὲγκρα·

2193 2595 2411 2657 τευταῖς
2443 2594 2545 2647 οὐκ
2577 2595 2655 2656 είς
2695 2591 2912 2662 βυθιςον
2948 2592 3134 2663 βάρος,
3163 2593 3280 2647 ἀλλ’
3310 2593 3390 2657 ὡς
3423 2595 3502 2656 είς
3527 2593 3762 2661 ἄγκυραν

2184 2683 2526 2755 ’σωτηριὼδη
2578 2685 2669 2736 καὶ
2705 2685 2859 2753 ἱερὰν
2902 2684 3296 2745 ἀποτίτακται.
3354 2687 3467 2748 τοῖς
3504 2684 3562 2738 δὲ
3606 2681 3765 2742 ἄλλως

2203 2777 2416 2846 ἔχουσιν
2450 2776 2526 2838 ὡς
2558 2774 2820 2845 μόλυϐδος
2853 2776 2909 2829 ἰν
2939 2774 3091 2828 ὕδατι
3126 2776 3346 2847 σφοδρῷ
3379 2775 3605 2845 γίνεται)
3641 2774 3766 2826 ὐπο-

2166 2936 2173 2941 _
2204 2865 2465 2935 ϐρυχίους
2516 2863 2762 2926 ἐκείνους
2797 2863 2990 2927 τιθείς.
3022 2861 3234 2918 Οὔκουν
3281 2865 3344 2932 ἐξ
3377 2866 3617 2933 ἀνάγκης
3652 2860 3767 2914 οὔτε

524 2952 1184 3024 σωτηριὼδηςὸτοιοῦτος
1202 2958 1443 3029 σίδηρος,
1467 2959 1583 3014 ἀλλ’
1613 2961 1735 3017 οὐδὲ
1796 2960 2112 3032 βλαπτικδς,
2147 2956 2581 3028 ὲπαμφοτερίζει
2639 2956 2698 3010 δέ
2758 2971 2910 3019 πωςο
2979 2957 3073 3009 καὶ
3124 2957 3268 3010 κατὰ
3336 2957 3438 3028 τὴν
3481 2956 3626 3026 παρά
3664 2953 3769 3014 τοῖς

523 3048 705 3115 σοφοῖς
757 3048 987 3118 δύναμιν
1010 3049 1151 3120 τάχα
1182 3051 1281 3119 μὲν
1327 3052 1522 3118 οὕτως,
1552 3055 1696 3125 τάχα
1722 3055 1780 3108 δὲ
1837 3055 2011 3117 ἄλλως
2050 3051 2300 3117 ἐξέπεσε,
2333 3048 2411 3119 τῷ
2436 3050 2536 3118 τῆς
2563 3049 2935 3120 προαιρέσεως
2972 3047 3221 3118 ταλάντῳ
3268 3046 3767 3118 ζυγοστατούμενος.

597 3140 686 3196 55.
730 3141 868 3197 Ecce
892 3143 1249 3211 praesentibus
1278 3145 1632 3201 adventitium
1657 3147 1788 3214 quid
1810 3148 1879 3201 de
1904 3160 2097 3201 recens

2269 3141 2364 3198 λε’.
2383 3143 2519 3212 Φέρε
2549 3143 2869 3210 προενέγκω
2884 3141 2999 3203 τοῖς
3022 3139 3259 3211 παροῦσι
3279 3142 3581 3212 συγκυρίαν
3595 3141 3738 3207 πρᾶγ

524 3235 681 3289 lactis
718 3233 886 3288 all'ero
918 3233 1037 3289 aliis
1088 3233 1141 3287 in
1176 3236 1492 3289 memoriam
1528 3235 1706 3307 (multi
1743 3238 1887 3290 enim
1934 3251 2102 3290 nove-

2208 3249 2378 3304 ματος
2430 3232 2846 3300 παραπεσόντος
2878 3230 3130 3300 ἔναγχος,
3178 3233 3291 3294 τοῖς
3327 3233 3428 3301 μὲν
3453 3233 3529 3294 είς
3560 3231 3770 3300 μνήμην

523 3325 697 3395 runt),
725 3325 844 3381 aliis
874 3325 1070 3395 quibus
1093 3324 1336 3393 ignotum
1369 3333 1451 3381 est
1481 3334 1542 3381 ut
1580 3341 1695 3381 rem
1732 3341 1954 3381 novam.
1977 3326 2102 3382 Cel-

2206 3323 2425 3394 (πολλοὶ
2470 3322 2578 3391 γὰρ
2607 3321 2780 3375 οἴδασι
2802 3320 2843 3390 ),
2870 3322 2982 3383 τοῖς
3012 3321 3069 3373 δὲ
3113 3322 3195 3384 είς
3219 3321 3594 3387 διδασκαλίαν,
3627 3320 3769 3379 ὅσοις

526 3419 628 3471 lant
672 3418 905 3473 divinam
931 3433 1038 3472 non
1073 3416 1137 3470 ad
1175 3406 1518 3486 splendorem
1551 3426 1794 3484 paratam
1835 3419 1961 3486 quia
1996 3433 2102 3472 non

2205 3415 2304 3466 οὐκ
2329 3414 2620 3481 ἔγνωσται.
2653 3413 3073 3481 Φροντιστήριον
3100 3411 3264 3478 θεῖον,
3296 3414 3400 3467 οὐκ
3427 3413 3505 3473 είς
3533 3408 3769 3479 λαμπρό-

525 3509 851 3563 venerabilis
885 3524 1056 3576 usque
1090 3511 1155 3561 ad
1194 3524 1411 3573 nomen,
1442 3510 1576 3564 lavit
1598 3510 1750 3564 sinus
1792 3512 1897 3564 iste
1921 3520 2109 3565 noster

431 3652 439 3661 ,
527 3601 779 3668 quiante
826 3601 1013 3656 oculos
1057 3611 1139 3655 est
1182 3615 1348 3668 prope
1391 3601 1629 3656 civitatis
1677 3616 1863 3655 muros
1913 3602 2109 3667 quibus

529 3707 690 3745 mane
724 3691 803 3746 sol
837 3691 1123 3749 illucescit.
1153 3692 1299 3747 Cella
1330 3692 1506 3747 virum
1552 3693 1841 3763 quemdam
1879 3694 2109 3748 nutrivit

528 3787 619 3853 qui
652 3791 889 3838 ascetam
920 3784 1233 3848 simulabat,
1265 3801 1372 3838 non
1402 3793 1510 3839 tam
1562 3785 1716 3854 nigro
1758 3786 1991 3840 vestium
2028 3800 2110 3840 or-

536 3883 697 3929 natus
733 3889 899 3944 quam
948 3874 1050 3930 sub
1084 3876 1215 3943 ipsis
1253 3875 1584 3947 bypocrisim
1630 3887 1903 3939 retegens.
1954 3878 2110 3933 ῐιιιιιο

534 3966 840 4036 stringebat
868 3966 1099 4031 ferrum,
1133 3975 1246 4021 tum
1292 3981 1453 4022 renes
1479 3969 1729 4038 cingens,
1767 3978 1882 4022 tum
1914 3969 2110 4025 hume-

533 4058 611 4113 ris
661 4058 995 4125 impositum,
1034 4067 1148 4114 tum
1200 4059 1627 4115 ambidextruut.
1686 4059 1834 4115 Talis
1883 4069 2003 4115 erat
2056 4068 2113 4115 et

534 4149 1050 4205 circumeursitabat
1099 4149 1301 4206 multos
1353 4148 1621 4206 seducens
1677 4149 1820 4206 ferro
1865 4150 2114 4207 criminis

534 4237 780 4305 alicujus,
809 4251 868 4294 ut
917 4240 1132 4309 opinor,
1168 4240 1401 4295 divinam
1449 4240 1588 4296 hanc
1631 4255 1847 4312 poenam
1878 4241 2111 4306 solvens,

534 4341 588 4383 et
619 4329 835 4385 debitor
881 4345 1147 4402 apparens
1179 4333 1301 4387 talis
1327 4333 1659 4388 vestimenti.
1711 4330 1936 4388 Occasio
1964 4348 2115 4402 qua:-

2205 3523 2345 3575 τητα
2367 3505 2793 3572 ἐσκευασμένον,
2824 3504 2909 3557 ὅτι
2941 3503 3017 3574 μὴ
3036 3502 3238 3572 σεμνὸν
3268 3505 3465 3575 μέχρις
3495 3504 3766 3571 ὀνόματος,

2207 3599 2235 3650 6
2255 3597 2378 3650 καθ’
2403 3598 2554 3666 ἡμᾶς
2589 3593 2776 3659 κλύζει
2814 3595 3016 3658 κόλπος
3048 3588 3228 3659 οὗτος,
3266 3598 3294 3649 6
3322 3598 3432 3667 πρὸ
3456 3590 3768 3663 ὀφθαλμῶν,

2211 3687 2384 3758 βραχύ
2412 3704 2465 3739 τι
2499 3687 2604 3757 πρὸ
2631 3686 2738 3739 τῶν
2763 3686 2991 3755 τειχέων
3015 3687 3114 3755 τῆς
3139 3687 3376 3751 πόλεως,
3413 3683 3496 3750 οἷς
3523 3680 3772 3753 προσϐλῶ

2210 3797 2301 3832 πει
2333 3777 2641 3833 ἀναϐαίνων
2674 3779 2811 3845 ὲῷος
2835 3776 3008 3847 ἥλιος.
3037 3778 3212 3831 Τοῦτο
3242 3778 3303 3831 τὸ
3336 3779 3586 3848 σεμνεῖον
3613 3773 3772 3842 ἄνδρα

2209 3868 2332 3921 τινὰ
2363 3867 2609 3934 ἔϐοσκεν,
2640 3868 2701 3931 ὃς
2723 3867 2814 3920 τὸν
2846 3867 3099 3938 άσκητὴν
3118 3869 3492 3938 ἐμορφάζετο,
3516 3868 3612 3937 οὐχ
3637 3862 3772 3918 οὕτω

2211 3962 2586 4030 κοσμούμενος
2612 3960 2692 4030 τῷ
2715 3959 2825 4012 τῶν
2855 3959 3080 4029 άμφίων
3123 3961 3338 4029 μέλανι,
3376 3963 3503 4015 ὅσον
3528 3951 3776 4011 ἐπικαλύ-

2214 4069 2365 4107 πτων
2394 4054 2451 4105 ὲν
2481 4052 2670 4114 αὐτοῖς
2699 4050 3025 4121 κρυπτικῶς
3042 4051 3144 4122 τὴν
3171 4051 3487 4122 ὑπόκρισιν.
3515 4049 3619 4104 Καὶ
3639 4045 3776 4113 σίδη-

2215 4158 2308 4215 ρος
2335 4142 2499 4196 αὐτὸν
2529 4141 2812 4211 ἔσφιγγεν,
2838 4141 2867 4194 6
2903 4142 3003 4211 μὲν
3024 4142 3126 4213 τὴν
3153 4142 3323 4209 ὀσφὺν
3361 4141 3635 4207 ζωννύων,
3668 4136 3695 4190 6
3723 4133 3776 4186 δδ

2214 4236 2652 4305 ιπωμιζόμενος,
2708 4236 2737 4288 ό
2792 4232 2851 4287 δὲ
2913 4233 3363 4303 άμφιμάσχαλος.
3415 4229 3525 4287 Ἦν
3580 4231 3777 4288 ἐκεῖνος

2214 4326 2478 4390 τοιοῦτος,
2511 4327 2606 4380 καὶ
2632 4326 2974 4395 περιενόστει
3018 4323 3384 4394 φρεναπατῶν
3406 4324 3533 4386 τοὺς
3558 4317 3778 4377 πολλοὺς

537 4424 660 4474 dam
694 4420 886 4475 aderat
913 4432 971 4477 et
1012 4424 1225 4492 negotia
1255 4423 1401 4478 circa
1444 4421 1620 4492 ipsum
1654 4422 1852 4488 aliena,
1896 4432 1952 4476 et
1999 4424 2102 4476 bzer

2219 4419 2584 4490 σιδηρόδετος,
2617 4416 2960 4486 κακουργίας
2983 4416 3130 4479 τινὸς
3161 4411 3317 4486 οϊμαι
3367 4416 3513 4472 κατά
3549 4431 3598 4467 τι
3644 4411 3778 4464 θεῖον

537 4514 722 4584 peragi
770 4485 1110 4584 oportebat;
1130 4523 1184 4569 et
1224 4529 1354 4571 ecce
1384 4485 1599 4570 mirum.
1643 4515 1886 4570 Solvitur
1915 4522 2102 4582 sponte

2216 4485 2374 4584 δίκην
2426 4511 2633 4582 ταύτην
2682 4485 2881 4575 διδούς,
2937 4512 3031 4563 καὶ
3084 4485 3455 4579 παραφαίνων
3505 4505 3780 4576 ὀφειλέτης

538 4619 566 4655 a
615 4601 806 4658 ferreis
855 4605 1063 4661 catenis
1100 4606 1298 4674 quibus
1338 4606 1690 4675 dignissimus
1729 4615 1867 4673 erat,
1915 4606 2100 4660 ferrun

2199 4599 2357 4659 ,εἶναι
2385 4602 2643 4672 τοιαύτης
2668 4601 2982 4671 περιϐολῆς.
3009 4598 3210 4670 Καιρὸς
3251 4600 3313 4669 δή
3344 4617 3449 4662 τις,
3491 4598 3587 4652 καὶ
3606 4593 3779 4663 πράγ-

539 4692 688 4748 humi
731 4694 968 4764 iacebat,
1009 4695 1265 4764 iacebant
1293 4705 1346 4750 et
1379 4696 1557 4751 aliena
1586 4711 1749 4767 grave
1786 4697 1998 4766 pondus
2030 4712 2090 4751 as

2218 4711 2367 4764 ματα
2402 4694 2530 4764 περὶ
2583 4693 2745 4746 αὐτὸν
2775 4690 2983 4756 ξενικὰ.
3019 4690 3116 4743 καὶ
3145 4689 3252 4742 ἔδει
3283 4689 3425 4742 αὐτὰ
3460 4682 3779 4781 “ipsisdiis:

537 4794 670 4840 ccta:
697 4784 938 4842 humeris
972 4786 1306 4858 impositum,
1360 4797 1420 4842 ut
1469 4789 1687 4855 opinor,
1739 4788 1793 4842 in
1848 4790 2102 4858 cauponis

2215 4787 2311 4839 καὶ
2337 4786 2497 4848 εὐθὺς
2546 4784 2757 4852 θαῦμα.
2813 4782 3019 4835 Λύεται
3076 4782 3177 4859 μὲν
3216 4781 3326 4851 γάρ
3357 4780 3665 4848 αὐτόματος
3691 4780 3781 4826 του

539 4872 817 4943 cujusdam
876 4877 1125 4942 taberna,
1180 4877 1276 4947 qui
1334 4878 1510 4934 lassos
1583 4878 1649 4931 ad
1695 4892 1755 4932 se
1807 4878 2002 4932 invitat
2055 4889 2102 4933 ul

2214 4878 2467 4948 σιδηρέου
2503 4878 2706 4945 δεσμοῦ
2742 4877 2771 4928 6
2801 4873 3014 4927 πολλῶν
3043 4874 3308 4927 τοιούτων
3343 4872 3603 4938 ἑπάξιος·
3640 4865 3732 4919 καὶ
3756 4861 3784 4912 ὁ

539 4977 933 5023 restaurentur.
966 4967 1458 5025 Commutationem
1504 4971 1647 5028 hanc
1678 4973 1919 5026 retinens
1945 4986 2102 5027 asce-

2217 4969 2316 5038 μὲν
2343 4966 2561 5038 σίδηρος
2592 4965 2736 5019 κατὰ
2764 4965 2867 5034 γῆς
2895 4964 3095 5030 ἔκειτο,
3116 4963 3186 5016 τὰ
3222 4963 3277 5015 δὲ
3305 4962 3571 5030 ἀλλότρια
3593 4958 3782 5025 φόρτος

541 5065 609 5110 ta:
658 5058 903 5112 exercitii
957 5066 1012 5111 et
1043 5048 1259 5115 virtutis
1308 5062 1824 5126 remunerationem,
1875 5062 2102 5116 maxime

2205 5063 2318 5122 τοῖς
2339 5058 2661 5127 άσκητικοῖς
2691 5055 2865 5127 ὤμοις
2896 5056 3175 5122 ἐπέκειτο,
3209 5056 3265 5116 ὲς
3315 5053 3567 5122 καπήλου
3602 5046 3678 5117 (1)
3708 5059 3786 5095 τι·

543 5148 847 5216 hypocrisis
889 5151 993 5204 hoc
1040 5151 1272 5218 pretium
1320 5146 1597 5219 accipiens
1647 5152 1832 5207 abibat
1868 5153 2102 5222 gaudent

2208 5150 2297 5211 νος
2318 5145 2474 5219 οἴμαι
2504 5148 2565 5202 τὺ
2590 5147 2756 5220 ἄχθος
2787 5146 3337 5216 ἁποφορτισομένοις,
3374 5136 3784 5210 ὑποφωνοῦντος

542 5236 678 5305 ipse,
736 5239 1007 5308 lacrymas
1058 5254 1185 5294 vero
1239 5241 1466 5309 depositi
1511 5242 1732 5296 domino
1785 5243 2111 5311 relinquens.

544 5327 763 5393 Quanto
792 5329 960 5399 igitur
983 5329 1176 5385 melius
1200 5330 1485 5399 magnitice
1520 5333 1708 5387 vestiri
1742 5332 1915 5395 illum,
1948 5331 2114 5400 pallio

546 5420 829 5488 splendido
875 5429 931 5474 et
988 5434 1180 5473 sanum
1231 5435 1374 5486 esse,
1401 5436 1562 5489 quam
1626 5423 1706 5478 sic
1747 5423 1891 5478 l'erro
1923 5422 2109 5478 accin-

549 5520 694 5565 ctum
732 5511 871 5564 mala
900 5510 1111 5568 inlinita
1146 5512 1397 5582 operari!
1432 5510 1497 5566 Et
1523 5527 1668 5568 nunc
1702 5517 1841 5585 apud
1880 5530 1978 5570 nos
2026 5530 2111 5569 as-

622 5666 698 5735 (ι)
729 5666 820 5721 Sic
846 5675 1032 5736 aperte
1061 5682 1158 5724 ms.
1192 5683 1207 5729 :
1238 5680 1456 5740 praestat
1490 5669 1762 5739 καμήλου.

2210 5242 2321 5304 τοῖς
2352 5238 2496 5294 οὕτω
2553 5239 2815 5303 κοπιῶσι,
2873 5241 2967 5292 καὶ
3022 5238 3480 5307 πεφορτισμένοις
3511 5226 3784 5302 ἔρχεσθαι,

2214 5334 2313 5386 καὶ
2339 5331 2718 5386 ἀναπαύεσθαι
2743 5330 2873 5401 παρ’
2904 5330 3077 5400 αὐτῷ.
3106 5330 3214 5383 Καὶ
3240 5326 3599 5393 ἀντάλλαγμα
3627 5315 3782 5372 τοῦτο

2217 5424 2362 5493 σχὼν
2383 5425 2592 5486 ίικετνος
2624 5423 2912 5493 ἀσκήσεως
2940 5423 3037 5475 καί
3069 5420 3262 5490 μισθὸν
3290 5416 3518 5488 ἀρετῆς,
3554 5411 3784 5484 μάλιστα

2227 5516 2326 5586 μὲν
2376 5512 2467 5567 οὖν
2500 5512 2633 5567 ῶνια
2685 5513 2859 5567 ταῦτα
2919 5512 3142 5584 βαθείας
3193 5511 3374 5566 λαϐὼν
3426 5503 3784 5576 ὑποκρίσεως»
