4048 6408
293 330 393 393 Ξ33
1437 318 1954 378 AD‘STY'LIT‘AM
1988 317 2388 388 QUEMDAM.
3434 317 3540 379 2M

292 441 454 510 ᾤχετο
483 435 647 499 αὐτὸς
675 435 782 506 ’μὲν
813 435 1044 506 χαέρων,
1099 429 1394 500 ’κλαύματα
1426 432 1482 483 δέ
1514 431 1592 500 τῷ
1624 433 1720 500 τῆς
1754 447 1859 481 πα-

1970 439 2214 483 servatur
2265 429 2469 482 lerrum
2538 431 2721 494 istud,
2776 432 2916 487 risus
2976 435 3190 502 quidem
3255 435 3534 485 materiam

297 493 542 601 ραθήκης
605 493 848 598 δγεσπότῇ
899 493 1261 579 καταλιπών.-
1294 524 1464 575 Πόσον
1520 524 1584 592 δὴ
1621 522 1865 586 κάλλιον,

1962 523 2146 575 mut-tis
2177 524 2548 590 suppeditans,
2573 537 2960 579 conversurum
2998 541 3126 581 vero
3160 528 3347 581 bonos.
3383 527 3537 581 lacu-

291 621 726 691 λαμπρειμονεῖν
753 621 984 678 ἐκεῖνον,
1014 618 1107 669 καὶ
1144 615 1441 685 ἱματισμὸν
1469 614 1649 681 εὐαφῆ
1703 629 1866 680 περιο

1962 616 2040 667 Ι›ἰι
2070 615 2212 668 enim
2246 615 2545 682 hypocrisis
2576 617 2902 685 triumphus,
2950 623 3535 678 virtutem‘simulatam

292 714 529 776 κεῖσθαι,
557 713 654 764 καὶ
687 711 1010 779 σωφρονεῖν,
1043 711 1187 777 ἥπερ
1220 706 1364 759 οὕτω
1396 707 1600 776 σιδήρῳ
1632 705 1864 775 βαρυνό-

1960 720 2215 772 arguens,
2243 721 2484 774 eumque
2513 708 2605 774 qui
2639 723 2741 760 non
2772 719 2854 761 est
2902 711 3074 764 bonus
3104 714 3383 782 detegens,
3432 731 3536 766 nun

295 820 456 873 μενον
485 802 656 872 μυρία
691 804 834 854 κακὰ
857 798 1271 868 ἐπαχθίζεσθαί.
1300 797 1409 849 Καὶ
1433 795 1529 850 νῦν
1549 795 1868 864 κειμηλιοῦ-

1969 797 2232 864 spoliatus
2265 812 2293 848 ιι
2324 798 2414 850 vili
2451 799 2667 851 virtutis
2697 800 2933 865 lictione,
2966 808 3057 856 sed
3091 805 3261 858 virum
3311 808 3537 860 insidia-

285 911 374 948 ται
409 895 540 963 παρ’
566 897 700 962 ἡμῖν
733 895 944 952 ἐκεῖνος
975 893 1002 943 6
1028 890 1270 962 σίδηρος,
1298 887 1478 956 θέαμα
1507 886 1704 960 σεμνὸν
1742 883 1865 935 ἐσό-

1961 897 2131 940 torem
2195 887 2406 940 evitans
2441 904 2506 940 ne
2543 888 2749 943 inntiiis
2788 891 2900 945 tiat.
2954 892 3200 961 Sigillum
3242 910 3321 950 est
3353 903 3533 966 proba:

286 1003 471 1055 μενος,
504 985 703 1054 μενοῦν
741 1001 803 1052 γε
821 984 1068 1054 χορηγία
1091 983 1326 1049 γέλωτος
1353 980 1452 1049 μὲν
1471 979 1586 1040 τοῖς
1618 976 1856 1042 πολλοῖς,

1958 975 2251 1040 asperioris
2283 975 2405 1027 vita:
2452 975 2753 1044 symbolum
2806 994 3041 1034 mercem
3080 985 3396 1041 adulterans
3430 989 3535 1040 vir-

280 1076 623 1143 ἐπιστροφῆς
651 1074 709 1126 δὲ
742 1077 854 1135 τοῖς
889 1073 1137 1140 ἀγαθοῖς.
1177 1070 1439 1123 Κείσεται
1482 1070 1590 1138 γὰρ
1628 1068 1860 1136 ὐποκρι-

1960 1064 2090 1118 tutis
2137 1065 2348 1118 beatam
2398 1079 2600 1120 sortem
2639 1069 2690 1121 in
2725 1070 2943 1126 homine
2983 1073 3171 1128 doloso
3216 1087 3271 1130 et
3315 1080 3537 1132 malitiae

281 1181 421 1227 σεως
474 1164 767 1234 θρίαμϐος,
807 1165 1052 1232 ἐλέγχων
1113 1161 1316 1232 ἀρετὴν
1363 1158 1858 1228 ψευδεπῐπλαστον,

1959 1155 2326 1224 prostituens;
2363 1157 2564 1211 multos
2604 1161 2658 1212 in
2692 1161 2860 1228 ipsam
2905 1163 3128 1219 lenones
3157 1169 3373 1222 adducit
3397 1185 3535 1238 pra:-

280 1257 378 1308 xa‘t
434 1256 945 1325 παραδειγματίζων
1002 1255 1097 1306 τὸν
1155 1256 1257 1306 ούκ
1319 1252 1545 1319 ἀγαθὸν,
1584 1249 1723 1319 τάχα
1751 1246 1860 1300 οὐδ’

1960 1245 2150 1300 sertim
2182 1247 2466 1302 desideriis
2512 1249 2678 1303 honos
2719 1253 3004 1307 desideriis
3033 1257 3347 1325 subjugatos
3373 1269 3427 1312 et
3459 1262 3536 1314 vi-

279 1346 611 1418 ἀπορῤιφεὶς
662 1348 768 1398 ὑπὸ
818 1347 911 1399 τοῦ
942 1347 1150 1415 φαύλου
1174 1346 1465 1416 ζωγράφου
1494 1343 1596 1410 τῆς
1634 1341 1859 1410 ἀρετῆς,

1174 1346 1465 1416 ζωγράφου
1494 1343 1596 1410 τῆς
1634 1341 1859 1410 ἀρετῆς,
1960 1336 2129 1390 litatis
2163 1339 2480 1405 apparentia
2523 1340 2757 1394 delusus.

275 1443 396 1496 ἀλλ’
425 1444 586 1506 αὐτὸς
612 1441 925 1511 διεκφυγὼν
957 1443 1126 1513 ἄνδρα
1162 1441 1472 1504 ἐπίϐουλον,
1507 1439 1593 1492 ἵνα
1628 1438 1703 1507 μὴ
1753 1435 1850 1488 καὶ
1889 1433 2166 1503 ἁχρειοῖτο
2192 1448 2206 1462 ·
2252 1434 2567 1506 σήμαντρον
2638 1437 2739 1506 μὲν
2789 1439 2863 1492 ὢν
2909 1443 3160 1514 ἐναρέτου
3203 1447 3370 1517 ζωῆς,
3438 1451 3536 1504 καὶ.

271 1537 613 1604 τραχυτέρου
637 1535 754 1604 βίου
778 1533 1069 1602 σύμϐολον,
1094 1533 1427 1602 καπηλεύων
1489 1531 1547 1582 δὲ
1605 1530 1703 1598 τῆς
1729 1527 1930 1596 ἀρετῆς
1967 1525 2026 1578 τὸ
2063 1525 2338 1595 μακάριον
2373 1528 2431 1579 ἐν
2459 1528 2617 1598 ἀνδρὶ
2673 1530 2932 1602 κιϐδήλῳ,
2997 1537 3092 1588 καὶ
3140 1545 3534 1609 μαστροπεύων

270 1623 386 1678 οἷον
437 1627 503 1695 τῇ
536 1625 727 1696 κακίᾳ,
773 1619 879 1678 ’καὶ
913 1626 1143 1688 πολλοὺς
1190 1627 1273 1688 εις
1305 1624 1477 1692 αὐτὴν
1513 1620 1855 1689 ἐπαγόμενος
1895 1617 2135 1687 φαύλους
2163 1619 2422 1686 ἐραστὰς,
2453 1620 2656 1686 μᾶλλον
2691 1627 2789 1692 μὲν
2819 1623 2910 1677 οὖν
2964 1628 3201 1694 ἀγαθοὺς
3266 1633 3537 1702 ζηλωτὰς,

269 1719 668 1786 δουλουμένους
722 1717 822 1787 τὴν
869 1717 1166 1786 ἐπιθυμίαν
1192 1757 1208 1782 ,
1269 1719 1363 1770 καὶ
1397 1712 1860 1783 φενακιζομένους
1898 1710 1975 1781 τῷ
1999 1711 2426 1780 προφαινομένῳ
2454 1714 2552 1781 τῆς
2581 1715 2940 1786 φαυλότητος.

344 1778 692 1878 λς¹.-Μηδείς
715 1778 1090 1876 εἴηδτοιοῦτος,
1120 1778 1311 1878 μηδεὶς
1328 1778 1474 1859 οὕτω
1503 1778 1847 1876 βαρυνέσθιιγ
1881 1814 1924 1869 Β

1948 1778 1959 1781 ⁷
2020 1778 2319 1862 ϐϐςΝοιιιο
2364 1778 2669 1872 talis-esto;
2718 1823 2783 1860 ne
2824 1811 2903 1863 sic
2945 1824 3241 1881 gravetur;
3292 1820 3384 1872 sed
3424 1821 3537 1878 alas

270 1902 418 1956 ἀλλὰ
463 1902 526 1953 τὸ
554 1900 654 1970 τῆς
697 1901 1097 1967 ἁνυποκρισίας
1132 1899 1318 1968 φέρων
1372 1898 1596 1967 πτερὸν,
1652 1894 1856 1963 κοῦφος

1956 1894 2023 1947 ab
2069 1895 2336 1964 hypocrisi
2381 1895 2584 1950 alienas
2609 1913 2826 1967 gerens,
2869 1904 3117 1961 sublimis
3143 1910 3362 1964 tollatur
3387 1920 3440 1966 et
3469 1917 3538 1968 ad

273 1993 544 2063 αἰρέσθω,
581 1994 678 2044 καὶ
707 1990 844 2061 πρὸς
874 1990 1008 2044 Θεὸν
1034 1990 1398 2056 ἀναϐαινέτω,
1441 1988 1618 2055 εἰδὼς,
1652 1988 1726 2051 ὡς
1759 2004 1857 2040 κα-

1962 1986 2128 2039 Deum
2171 1991 2445 2050 ascendat,
2517 1990 2698 2043 sciens
2761 1994 2903 2059 quod
2957 1997 3000 2049 si
3051 1999 3271 2066 pulchra
3320 2003 3535 2071 quidem

273 2085 371 2149 λὸς
407 2085 508 2154 μὲν
531 2087 626 2137 καὶ⁸
659 2085 688 2136 6
720 2085 983 2155 ἀσίδηρος
1021 2086 1115 2137 καὶ
1143 2083 1296 2150 ψιλὸς
1328 2083 1462 2153 βίος,
1493 2083 1658 2145 καλὸς
1680 2081 1738 2134 δὲ
1763 2082 1857 2134 καὶ

1965 2077 2171 2144 absque
2199 2077 2344 2131 ferro
2399 2091 2452 2131 et
2510 2080 2726 2134 humilis
2759 2083 2890 2148 vita,
2925 2086 3210 2153 pulchrum
3254 2095 3417 2146 etiam
3453 2106 3538 2148 est

271 2180 301 2231 6
333 2177 747 2246 καταφράσσων
784 2176 1024 2244 σίδηρος,
1053 2177 1104 2229 εί
1147 2175 1330 2238 καλῶς
1364 2177 1606 2245 φοροῖτο,
1636 2175 1731 2226 καὶ
1762 2188 1857 2239 γε-

1958 2181 2232 2222 armonum
2267 2169 2469 2222 ferrum
2520 2172 2562 2224 si
2616 2173 2752 2227 bene
2783 2186 3053 2243 gestatum
3087 2182 3195 2234 erit
3227 2193 3282 2236 et
3317 2186 3539 2254 simpli-

271 2269 597 2338 γανωμένος
618 2270 685 2338 τῇ
713 2267 982 2337 ἁπλότητι
1011 2267 1246 2334 στίλϐει,
1279 2269 1378 2321 καὶ
1403 2267 1480 2338 μὴ
1523 2265 1615 2321 τὸν
1642 2265 1736 2318 τοῦ
1757 2265 1855 2318 τύ-

1957 2259 2124 2314 citate
2174 2261 2400 2329 politum
2454 2262 2721 2331 splendet,
2772 2281 2870 2322 nec
2898 2285 3132 2340 unquam
3179 2290 3288 2343 pra:
3328 2292 3386 2331 se
3417 2278 3539 2333 tulit

273 2378 380 2430 φου
415 2360 494 2412 τὸν
525 2359 923 2429 προϐέϐληται.

1953 2351 2225 2418 Superbiae
2259 2368 2546 2408 venenum.

345 2449 448 2514 λζ’.
483 2451 548 2503 Τί
584 2451 696 2522 γάρ
725 2468 814 2520 μοι
843 2452 940 2504 καὶ
977 2449 1242 2520 ἱστορίαις
1273 2450 1638 2519 ἐνδιατρίψαι,
1675 2449 1752 2512 ὡς
1791 2451 1856 2502 ἂν

2029 2439 2114 2494 57.
2161 2443 2269 2495 Cur
2297 2455 2476 2498 autem
2508 2451 2910 2507 narrationibus
2939 2461 3147 2524 tempus
3175 2467 3308 2520 tero,
3329 2469 3384 2512 ut
3410 2460 3535 2513 ferri

275 2541 525 2613 ἐντρέψω
560 2543 652 2595 τὸν
683 2544 748 2594 ἐκ
785 2542 881 2595 τοῦ
925 2542 1306 2614 σιδηροφορεῖν
1333 2544 1538 2611 τῦφον;
1575 2540 1640 2593 Τί
1678 2542 1733 2594 δὲ
1763 2542 1858 2596 καὶ

1959 2531 2188 2601 superbe
2260 2538 2458 2604 portati
2527 2544 2888 2608 arrogantiam
2963 2547 3263 2602 incutiam?
3318 2551 3428 2604 Cur
3481 2552 3535 2605 in

279 2635 422 2686 ἐθῶν
453 2635 836 2703 ἀναμνηστέον
866 2634 1115 2687 παλαιῶν
1138 2635 1233 2688 καὶ
1259 2634 1448 2700 ἐθνῶν,
1485 2637 1543 2686 ἐν
1573 2628 1653 2697 οἷς
1689 2633 1858 2702 εὓρη-

1961 2627 2564 2700 ιιιειηοινίοηι,οηιίηυοε
2590 2650 2770 2690 mores
2808 2639 3137 2707 populosque
3183 2655 3450 2707 revocent,
3483 2644 3537 2697 in

280 2745 372 2779 ται
401 2727 461 2778 τὸ
489 2727 885 2796 στρατιωτικὸν
928 2728 1116 2790 ὅπλοις
1145 2728 1550 2797 ἐπηχθισμένυν
1588 2727 1679 2781 διὰ
1710 2726 1854 2796 βίου,

1961 2719 2157 2786 quibus
2217 2720 2566 2778 inveniuntur
2618 2741 2716 2795 per
2750 2729 2918 2782 vitam
2975 2734 3171 2786 armati
3223 2733 3537 2796 bellatores,

280 2818 340 2870 ἐν
365 2835 425 2872 τε
451 2818 528 2888 τῷ
555 2818 965 2887 ἐκκλησιάζειν,
992 2819 1050 2872 έν
1075 2837 1136 2872 τε
1167 2818 1244 2889 τῷ
1274 2818 1686 2888 συμποσ.άζειν,
1719 2819 1776 2871 ἕν
1798 2835 1859 2870 τε

1962 2808 2014 2861 in
2045 2810 2298 2874 coetibus,
2320 2813 2372 2865 in
2411 2816 2700 2884 conviviis,
2727 2819 2779 2872 in
2813 2820 2936 2879 viis,
2964 2822 3204 2890 ubique;
3239 2826 3391 2893 quasi
3423 2826 3540 2880 levo

282 2911 447 2976 ὁδοῖς,
478 2913 574 2964 καὶ
599 2911 739 2973 ὅλως
783 2911 1094 2981 πανταχοῦο
1129 2912 1203 2972 ὡς
1233 2911 1300 2965 ἂν
1334 2911 1507 2974 οὓτως
1540 2909 1771 2980 εὔφορον
1799 2909 1860 2962 τὸ

1961 2912 2106 2954 esset
2133 2913 2421 2959 armaturae
2453 2909 2616 2962 totius
2650 2924 2788 2965 onus
2815 2922 2868 2964 et
2900 2913 3535 2982 solitumindumentum,

281 3003 381 3070 τῆς
415 3002 721 3063 πανοπλίας
754 3000 917 3070 βάρος
949 3002 1134 3064 αὐτοῖς
1164 3001 1252 3070 εἴη
1276 3002 1372 3055 καὶ
1401 2999 1713 3071 περίϐλημο.
1738 3000 1862 3054 σύν-

1962 2993 2104 3046 sicut
2165 2998 2560 3052 consuetudine
2614 2999 2943 3059 indesinenli
2995 3007 3388 3065 circumdatis?
3428 3011 3540 3065 Cur

284 3092 446 3160 ηθες,
513 3094 660 3146 καθὰ
714 3093 809 3145 καί
841 3110 924 3155 τις
977 3094 1296 3164 ἱματισμὸς,
1347 3096 1861 3163 ἐγγυμνασαμένοις

1964 3099 2094 3139 Vero
2121 3085 2345 3156 insuper
2372 3089 2548 3142 dicam
2583 3102 2850 3162 quotquot
2887 3106 3084 3162 praeter
3126 3114 3276 3152 arma
3319 3111 3374 3154 et
3412 3118 3538 3171 pre-

279 3140 611 3252 τξι-συνεχεῖ
645 3183 740 3237 τοῦ
773 3140 1141 3254 συνεθισμοῦ;
1175 3140 1241 3240 ’ῗί
1282 3140 1342 3238 ὸὲ
1375 3140 1855 3256 προσιστορξιτέον,

2246 3140 2261 3156 _
2297 3140 2307 3142 ν
2589 3140 2849 3162 τηντ---
2887 3140 3073 3162 νην...
3126 3140 3276 3152 ........
3321 3140 3374 3154 ι.
3412 3140 3538 3171 ,ηυ-

1966 3175 2135 3230 tiosos
2185 3177 2390 3246 lapides
2423 3185 2732 3250 portabant,
2760 3200 2922 3254 quem
2958 3199 3197 3258 tempore
3237 3206 3541 3262 Opporltttm

281 3277 378 3326 καὶ
406 3275 525 3328 ὅσοι
551 3277 689 3344 πρὸς
717 3278 834 3339 τοῖς
866 3276 1058 3339 ὅπλοις
1102 3277 1199 3330 καὶ
1227 3277 1376 3331 λίθον
1412 3277 1562 3341 ἄξιον
1591 3276 1750 3345 λόγου
1779 3277 1859 3339 είς

1965 3267 2231 3334 projicere
2286 3273 2569 3338 oportebat
2617 3277 2868 3330 nobiliori
2923 3291 2978 3332 et
3037 3280 3222 3335 leviori
3261 3298 3541 3353 assumpto

279 3367 479 3434 φόρτον
502 3367 718 3438 ἔφερον,
745 3367 806 3419 ὃν
835 3367 1006 3438 ἐχρῆν
1029 3369 1088 3420 ἐν
1105 3368 1281 3438 καιρῷ
1298 3369 1669 3440 ἁπεῤῥιφότας
1697 3367 1856 3437 ἔργου

1965 3372 2146 3427 opere,
2180 3369 2236 3414 ut
2260 3361 2304 3415 si
2329 3363 2453 3430 quis
2496 3380 2600 3418 non
2635 3375 2779 3420 tutus
2812 3368 3070 3426 loricatus
3103 3385 3246 3430 esset
3276 3385 3370 3430 aut
3408 3377 3540 3431 levis

281 3457 561 3510 ἅπτεσθαι
600 3459 981 3528 γενναιότερόν
1014 3477 1073 3512 τε
1106 3461 1203 3513 καὶ
1233 3461 1618 3531 ἐλαφρότερον,
1651 3458 1726 3520 ὡς
1765 3458 1859 3512 ἐὰν

1964 3459 2114 3504 osset
2156 3457 2490 3509 armaturae?
2536 3457 2646 3510 Cur
2696 3471 2875 3514 autem
2939 3463 3134 3518 talibus
3197 3471 3539 3527 sermonibus

284 3549 364 3618 μὴ
392 3549 788 3619 κατάφρακτός
825 3567 908 3612 τις
937 3545 1028 3622 ἦν,
1057 3550 1192 3604 ἀλλὰ
1218 3552 1394 3620 ψιλὸς,
1425 3551 1458 3621 ἢ
1491 3552 1586 3604 καὶ
1607 3550 1858 3620 ἡμίγυμ-

1975 3549 2186 3607 tempus
2223 3552 2362 3607 tero,
2417 3545 2506 3598 ubi
2550 3547 2732 3602 dicere
2760 3549 2952 3604 sullicit
2989 3552 3244 3623 breviter,
3276 3571 3536 3628 quantum

277 3658 406 3706 vo;;
450 3643 516 3694 Τί
545 3642 676 3710 γοῦν
725 3644 942 3713 μοικαὶ
971 3645 1236 3707 τοιούτοις
1278 3644 1616 3714 ἐνδιατρίψαι
1656 3645 1854 3712 λόγοις,

1968 3631 2076 3683 tale
2118 3630 2322 3684 ferrum
2369 3649 2492 3687 amo
2524 3644 2575 3688 et
2611 3637 2797 3707 diligo,
2839 3641 2967 3696 illud
3015 3659 3226 3700 mecum
3282 3661 3539 3716 reputans

279 3733 414 3785 ἔνθα
445 3736 622 3786 εἰπεῖν
657 3735 898 3804 ἀπόχρη,
933 3736 1002 3788 τὰ
1035 3737 1222 3806 μακρὰ
1261 3736 1594 3806 ἐπιτεμόντα
1619 3736 1694 3798 ὼς
1717 3736 1858 3803 φιλῶ

1968 3724 2113 3791 quod
2153 3723 2359 3777 nullum
2409 3725 2625 3782 facilius
2678 3745 3087 3790 consummatur
3133 3739 3329 3793 bellum
3377 3757 3535 3810 quam

284 3826 394 3894 μὲν
431 3825 545 3893 ἐγὼ
571 3827 662 3880 τὸν
691 3828 936 3880 τοιοῦτον
977 3827 1196 3899 σίδηρον
1223 3828 1319 3881 καὶ
1345 3824 1858 3898 ὑπερφιλῶ,.ἐκὲῖνο

1965 3813 2114 3868 ferro
2145 3815 2210 3869 ad
2237 3815 2500 3884 judicium
2555 3831 2869 3891 assumpto;
2914 3835 2968 3880 et
3023 3829 3306 3897 spirituale
3340 3832 3536 3887 bellum

288 3919 774 3986 συνεννοούμενος,
804 3919 879 3980 ὡς
917 3917 1047 3971 οὔτε
1097 3918 1330 3988 πόλεμος
1361 3921 1388 3972 6
1417 3920 1554 3990 πρὸς
1601 3919 1858 3986 αἴσθησιν

1964 3909 2167 3974 optime
2200 3907 2347 3962 ferro
2379 3908 2481 3964 hoc
2508 3913 2672 3981 eget?
2701 3915 2803 3979 Qui
2845 3916 2992 3972 istud
3027 3931 3175 3975 recta
3201 3925 3408 3979 ratione
3437 3928 3540 3980 l'ert

279 4010 418 4078 ῥᾷον
447 4009 878 4078 κατεργασθείη,
911 4010 986 4080 μὴ
1046 4010 1140 4065 καὶ
1190 4011 1394 4081 σιδήρῳ
1425 4010 1852 4082 βραϐευόμενος,

1968 3994 2061 4047 teli
2092 3995 2252 4050 electi
2296 3998 2471 4052 instar
2493 3999 2604 4055 Deo
2642 4004 2884 4059 destinat
2910 4010 3213 4076 spiritualis
3244 4015 3538 4069 exaltatio-

275 4099 380 4150 καὶ
408 4099 600 4168 νοητὸς
622 4100 678 4152 δὲ
699 4100 876 4152 δέοιτο
906 4101 972 4154 ἄν
1003 4117 1137 4154 ποτε
1155 4101 1251 4154 τοῦ
1284 4102 1503 4173 σιδήρου
1537 4101 1733 4154 τούτου
1759 4117 1860 4153 κα-

1966 4086 2052 4138 nis
2091 4086 2174 4140 ala
2227 4089 2494 4157 sublatus,
2535 4093 2623 4146 teli
2660 4110 2791 4150 vero
2827 4097 2998 4152 instar
3034 4113 3250 4156 acutum
3297 4105 3440 4160 istud
3480 4117 3538 4162 et

272 4188 388 4250 λῶς
409 4205 427 4253 ;
464 4190 570 4241 Καὶ
599 4192 626 4241 6
651 4189 842 4242 τοῦτον
867 4190 1046 4261 φορῶν
1073 4192 1211 4261 μετὰ
1238 4191 1398 4260 λόγου
1422 4191 1585 4261 ὀρθοῦ
1607 4191 1738 4244 ὡσεὶ
1763 4192 1859 4245 καὶ

1967 4177 2151 4232 hostes
2199 4193 2436 4236 enecans
2481 4184 2624 4238 inter
2679 4188 2914 4254 pericula
2965 4205 3146 4246 secum
3178 4210 3370 4262 gerens
3431 4197 3539 4252 l'er-

279 4278 445 4347 βέλος
473 4280 727 4333 ἐκλεκτὸν
748 4281 1025 4348 λογίζεται
1060 4282 1136 4352 τῷ
1166 4283 1287 4352 Θεῷ
1309 4283 1386 4353 τῷ
1411 4265 1596 4354 πτερῷ
1629 4284 1727 4354 μὲν
1756 4283 1858 4353 τῆς

1966 4283 2110 4335 rum,
2137 4279 2192 4325 et
2215 4273 2296 4327 sic
2324 4274 2464 4328 alata
2496 4280 2690 4346 sagitta
2723 4292 3024 4350 opportune
3074 4287 3278 4341 vibrata
3321 4301 3372 4343 et
3404 4308 3537 4344 eun-

278 4369 483 4434 νοερᾶς
515 4369 917 4439 ἁνωφορήσεως
947 4371 1369 4440 κουφιζόμενος,
1412 4371 1858 4442 προϐεϐλημένος

1969 4370 2049 4414 tra
2087 4363 2359 4418 diabolum
2416 4367 2614 4422 intorta
2665 4372 2716 4423 in
2755 4375 3006 4442 sagittam
3045 4379 3314 4434 volantem
3367 4384 3416 4434 in
3449 4383 3538 4438 die

275 4457 338 4508 δὲ
370 4458 466 4509 τὸν
516 4454 628 4510 οἷον
659 4459 892 4528 ὀξυϐελῆ
924 4461 1114 4524 τοῦτον
1149 4463 1244 4514 καὶ
1279 4463 1552 4532 τμητικὸν
1579 4463 1690 4516 τῶν
1725 4465 1858 4516 ἀπε-

1963 4449 2161 4506 l‘ertur.
2194 4453 2284 4509 Sic
2323 4458 2536 4524 quidem
2573 4459 2700 4515 ferri
2731 4469 3082 4532 gestationem
3107 4474 3343 4526 maxime
3379 4490 3534 4540 amo;

275 4549 511 4611 ναντίας
555 4549 842 4617 δυνάμεων
888 4552 1142 4622 σίδηρον·
1185 4554 1282 4608 καὶ
1317 4553 1497 4616 ὀϊστὸς
1542 4553 1686 4607 οὕτω
1729 4573 1865 4607 πτε-

1964 4551 2088 4605 dico
2102 4568 2230 4607 vero
2247 4555 2641 4625 desperandum
2667 4576 2768 4616 non
2785 4579 2904 4618 esse
2920 4571 3061 4635 quod
3078 4570 3238 4624 aliter
3253 4574 3398 4628 salus
3423 4587 3537 4630 ten-

278 4641 452 4708 ρὸεις,
491 4640 685 4708 καίρια
717 4641 949 4710 βάλλων,
994 4644 1094 4696 καὶ
1142 4645 1286 4698 κατὰ
1319 4644 1415 4698 τοῦ
1449 4646 1697 4698 διαϐόλου
1722 4663 1863 4715 πεμ-

1964 4643 2122 4697 tanda
2144 4645 2233 4699 sit.
2258 4646 2391 4699 Nam
2413 4663 2602 4719 pugnre
2635 4654 2814 4708 multa:
2848 4666 2902 4710 et
2933 4658 3163 4713 hostium
3195 4666 3378 4718 clades
3406 4681 3537 4719 cun-

274 4729 544 4795 πόμενος,
595 4731 692 4782 καὶ
722 4731 799 4798 τῷ
829 4747 1120 4804 πετομένῳ
1161 4735 1377 4806 ἡμέρας
1406 4738 1552 4806 βέλει
1581 4738 1860 4792 ἀντιπετό-

1961 4733 2374 4793 licerentursine
2388 4737 2552 4794 ferro.
2575 4741 2771 4800 Multos
2787 4762 2914 4815 ergo
2926 4758 2980 4803 et
2993 4751 3197 4820 lapides
3215 4756 3536 4818 adiuverunt

279 4834 468 4884 μενος.
532 4821 644 4872 Καὶ
678 4822 821 4875 οὕτω
871 4823 973 4892 μὲν
1028 4824 1128 4894 τὴν
1163 4826 1418 4896 τοιαύτην
1473 4827 1855 4899 σιδηροφορίαν

1955 4835 2010 4880 et
2029 4826 2259 4894 tropbaa
2283 4828 2557 4886 innumera
2585 4848 2876 4892 erexerunt
2897 4851 2949 4893 ct
2965 4845 3172 4910 publice
3189 4857 3244 4901 et
3262 4851 3531 4917 privatim.

277 4913 612 4983 ὕπερφιλῶ’
653 4915 798 4984 λέγω
842 4917 921 4982 δὲ,
964 4917 1040 4988 μὴ
1071 4921 1272 4989 χρῆναι
1299 4924 1706 4990 ἀπεγνωκέναι,
1743 4921 1886 4976 εἶναι
1927 4927 2020 4975 καὶ
2046 4923 2221 4984 ἄλλως
2253 4923 2546 4988 σώζεσθαι.
2582 4927 2686 4982 Καὶ
2715 4933 2825 5005 γάρ
2855 4953 2938 4990 τοι
2993 4941 3086 4992 καὶ
3129 4913 3300 5014 μάχαι
3340 4950 3534 5011 πολλαὶ

276 5006 378 5058 καὶ
409 5005 694 5074 πολεμίων
719 5009 1020 5062 καταϐολαὶ
1047 5011 1294 5065 ἀνύοιντο
1347 5014 1438 5078 ἂν,
1463 5014 1670 5084 σιδήρῳ
1719 5013 2192 5085 ἀμεταχεὶριστοι-
2228 5016 2464 5079 Πολλοὺς
2488 5017 2618 5086 γοῦν
2659 5024 2754 5076 καὶ
2815 5025 2953 5080 λίθοι
3020 5005 3333 5104 καταμόνας
3393 5005 3534 5104 (Ityn;

3166 5089 3178 5104 ι
3294 5089 3330 5101 ν’
3396 5089 3502 5114 ""t

273 5117 399 5162 σαν,
431 5100 527 5151 καὶ
560 5099 731 5168 μυρία
756 5098 1020 5169 ὤρθωσαν
1049 5105 1306 5174 τρόπαια,
1349 5107 1445 5159 καὶ⁹
1488 5106 1663 5159 ταῦτα
1694 5110 1848 5177 κοινῇ
1889 5125 1949 5159 τε
1985 5109 2078 5160 καὶ
2113 5108 2242 5178 ἰδίᾳ.

342 5195 451 5262 λη’.
491 5191 555 5245 El
596 5193 731 5259 γοῦν
769 5197 863 5246 καὶ
893 5197 922 5247 6
968 5197 1153 5260 ἱκανὸς
1184 5201 1248 5268 τῇ
1301 5200 1451 5270 χειρὶ
1492 5200 1653 5253 Δαυῒδ
1704 5201 1854 5271 ὅπλῳ

2033 5200 2125 5258 58.
2166 5201 2221 5256 Si
2258 5219 2385 5271 ergo
2413 5217 2468 5260 et
2501 5223 2659 5262 manu
2693 5210 2848 5265 fortis
2871 5211 3038 5269 David
3075 5218 3176 5274 isto
3212 5223 3316 5277 telo
3343 5241 3529 5285 contra

271 5283 506 5350 τοιούτῳ
541 5287 684 5336 κατὰ
727 5287 966 5354 μεγάλου
1015 5288 1213 5359 ἐχθροῦ
1272 5291 1632 5360 ἐνελάμψατο,
1693 5295 1741 5346 εί
1789 5295 1851 5364 δὴ

1954 5307 2205 5362 magnum
2237 5297 2442 5351 hostem
2478 5300 2694 5367 ell‘nlsit,
2719 5302 2762 5356 si
2800 5304 2928 5358 illud
2961 5319 3295 5381 reputamus,
3321 5323 3531 5377 noscito

276 5369 461 5432 τοῦτο,
514 5379 836 5436 γινωσκέτω
882 5380 910 5430 6
944 5380 1301 5453 σιδηροφόρος
1368 5384 1655 5460 ἀσκητὴς,
1688 5385 1855 5438 καλὸν

1953 5379 2086 5436 ferri
2128 5397 2370 5452 gestator
2396 5404 2601 5456 asceta,
2638 5393 2924 5460 pulchrum
2953 5415 3010 5452 se
3039 5418 3177 5471 opus
3206 5404 3421 5477 facere;
3471 5429 3531 5467 se

275 5465 519 5531 πρᾶγμα
550 5472 724 5520 ποιεῖν
749 5484 762 5496 ⁵
795 5471 1089 5540 ἀπεχέσθω
1119 5473 1175 5526 δὲ
1221 5475 1321 5543 τῆς
1369 5477 1479 5529 τῶν
1517 5477 1720 5530 λοιπῶν
1758 5496 1857 5531 κα-

1953 5489 2087 5529 vero
2128 5492 2157 5529 a
2207 5479 2436 5548 reliquis
2461 5483 2774 5551 iudicandis
2813 5489 3109 5560 abstineat,
3141 5511 3168 5549 a
3207 5499 3529 5558 sublimibus

272 5555 604 5623 τακρίσεως,
637 5558 731 5610 καὶ
767 5561 865 5613 τοῦ
899 5562 1084 5643 λαλεῖν
1123 5565 1306 5635 ὑψηλᾶ
1343 5569 1439 5620 καὶ
1498 5572 1739 5637 φρονεῖν,
1765 5571 1852 5623 ἵνα

1952 5568 2134 5622 verbis
2175 5579 2228 5623 et
2257 5570 2700 5643 eugitationibus,
2738 5595 2804 5632 ne
2831 5583 3004 5636 solum
3037 5589 3380 5648 extrinsecus
3414 5596 3525 5649 fer-

279 5648 357 5715 μὴ
389 5648 549 5716 μόνον
576 5649 682 5715 ἔξω
736 5653 936 5722 φοροίη
985 5657 1076 5709 τὸν
1124 5659 1367 5729 σίδηρον,
1406 5661 1499 5714 καὶ
1559 5663 1853 5731 προφαίνοι

1951 5672 2069 5711 rum
2117 5671 2271 5728 gerat
2317 5673 2366 5715 et
2418 5665 2550 5720 luris
2589 5668 2807 5736 fulgeat,
2862 5678 2957 5729 sed
3012 5692 3061 5732 et
3109 5681 3291 5735 intima
3348 5687 3523 5741 anima

279 5740 558 5809 ἐπιπολῆς.
597 5743 738 5795 ἀλλὰ
769 5743 867 5794 καὶ
899 5745 978 5806 είς
1033 5747 1197 5813 βάθος
1235 5751 1390 5820 φέροι
1454 5753 1512 5805 ἐν
1563 5757 1629 5824 τῇ
1663 5754 1832 5826 ψυχῇ,

1945 5754 2085 5810 ferat
2119 5766 2172 5810 et
2201 5757 2279 5812 sic
2316 5758 2623 5817 incurvetur
2646 5766 2881 5839 humilis,
2904 5771 3010 5827 imo
3028 5774 3524 5847 undequaquelori-

471 5837 749 5899 ΔΡΑἰίιοιι.
797 5836 915 5896 Gtt.
951 5838 1292 5904 CXXXVI.

2868 5836 2876 5839 ’
3091 5869 3129 5926 8
