4048 6422
474 316 583 378 εδδ

1170 310 1593 372 EUSTATHII
1631 308 2388 399 TBESSALONICENSIS
2428 308 2995 371 METROPOLIT/E

3608 311 3708 378 235

476 440 630 481 tatus
661 425 895 480 hostium
923 424 1094 477 victor
1118 434 1338 477 evauat.
1370 422 1477 476 Sed
1517 422 1597 477 sic
1627 422 1842 491 quidem
1874 419 2064 476 militis

2172 424 2261 476 καὶ
2292 421 2435 477 οὕτω
2481 423 2632 477 κάτω
2689 422 2997 490 κάμπτοιτο
3054 420 3496 492 ταπεινούμενος,
3528 424 3713 494 μᾶλλον

474 516 638 571 turris
677 514 919 569 custodis
976 514 1148 568 locum
1187 522 1360 574 tenes,
1394 527 1427 566 ο
1484 512 1701 566 excelse
1749 511 1934 576 homo,
1965 524 2064 564 cu—

474 610 564 679 jus
597 618 650 663 te
671 616 884 676 oportet
920 606 1205 674 imaginem
1253 604 1490 668 referre;
1529 619 1627 657 nec
1658 603 1787 656 illud
1819 610 2060 665 tantum,

478 701 571 753 sed
602 700 876 754 caelestem
907 696 1093 751 urbem
1132 706 1187 749 et
1224 709 1404 749 arcem
1445 694 1691 748 habitare
1726 694 1952 747 sortitus
1982 706 2062 747 es.

478 788 557 843 Ne
589 803 721 858 ergo
764 787 901 841 civis
940 788 1105 840 abeas
1134 786 1323 855 quales
1355 785 1632 839 damnavit
1663 784 2062 838 sanctissimum

478 876 850 942 Evangelium,
891 888 1069 944 neque
1122 875 1334 929 deserta
1364 888 1635 943 pererrcs,
1666 872 1716 925 in
1760 873 1954 941 quibus
1978 880 2067 943 jus

480 970 638 1021 civile
667 969 969 1022 secundum
1011 967 1177 1021 Deum
1214 966 1474 1020 mentitur
1506 964 1705 1031 aliquis
1735 972 1789 1018 ct
1817 980 2067 1018 mansue-

489 1061 728 1114 tudinem
764 1066 821 1113 οι
871 1058 1218 1112 charitatem.
1261 1057 1551 1110 Civitatem
1601 1069 1757 1108 serva
1808 1065 2065 1123 perpetuo

480 1148 884 1219 propugnaculo
910 1148 1253 1209 indomitam,
1303 1162 1331 1197 a
1371 1161 1499 1200 casu
1535 1146 1683 1199 omni
1738 1156 1933 1209 tutam,
1971 1147 2064 1198 tiro

481 1255 647 1305 mam,
677 1256 745 1296 ne
772 1240 970 1295 limites
991 1239 1389 1309 angustiaveris
1414 1239 1465 1290 in
1499 1249 1550 1291 te
1566 1237 1701 1301 solo.
1722 1238 1917 1293 bonum
1942 1252 2066 1305 spo—

481 1331 642 1395 Eiaus,
680 1341 734 1384 et
774 1342 950 1385 morte
987 1339 1074 1383 tua
1121 1328 1175 1382 in
1216 1336 1416 1382 terram
1459 1328 1722 1397 optimum
1752 1328 2061 1397 projieiens.

489 1421 595 1476 Sed
630 1436 660 1473 a
689 1420 799 1476 Deo
849 1422 1145 1489 insliiratus
1187 1420 1332 1474 zelus
1366 1433 1460 1489 per
1487 1435 1701 1475 omnem
1746 1430 1945 1475 terram
1972 1434 2067 1472 ex-

487 1514 679 1568 tendet
710 1513 856 1567 illam
889 1529 1058 1582 usque
1094 1512 1161 1566 ad
1205 1520 1473 1581 posteros.
1514 1512 1756 1577 Quorsus
1784 1513 1929 1566 enim
1978 1514 2060 1565 ci-

486 1605 638 1659 vitati
674 1605 1018 1675 supervivere
1059 1612 1131 1669 te,
1167 1617 1267 1658 nec
1319 1617 1446 1657 vero
1475 1603 1686 1658 beatam
1718 1605 1784 1658 iis
1817 1603 1908 1673 qui
1933 1619 2059 1658 suc-

488 1696 683 1751 cedent
732 1696 1048 1750 memoriam
1083 1695 1408 1765 relinquere,
1458 1696 1584 1749 dum
1623 1695 1888 1750 memoria
1919 1696 2065 1765 juste

2164 515 2220 567 δὲ
2246 514 2585 583 πανταχόθεν
2632 514 3024 584 κατάφρακτος
3068 513 3167 578 ὢν,
3198 514 3306 565 τῶν
3354 514 3713 583 πολεμούντων

2165 607 2519 675 περιγίνοιτο.
2565 603 2706 658 Ἀλλ’
2729 604 2873 657 οὕτω
2903 606 3001 667 μὲν
3040 603 3372 672 στρατιώτου
3394 606 3555 659 τόπον
3593 608 3714 660 ὲπέ-

2166 717 2281 770 χεις
2334 698 2779 768 πυργοφύλακος,
2808 692 2853 749 ὦ
2884 696 3054 767 ὑψηλὲ
3120 696 3398 767 ἄνθρωπε,
3441 699 3533 752 καὶ
3561 699 3713 752 δεῖσε

2165 790 2467 844 τυποῦσθαι
2499 790 2635 859 πρὸς
2698 791 2897 845 αὐτόν·
2951 790 3045 842 καὶ
3076 790 3135 841 ού
3176 789 3336 842 τοῦτο
3384 789 3561 858 μόνον,
3588 789 3717 842 ἀλλὰ

2168 881 2262 935 καὶ
2289 878 2650 949 οὐρανόπολιν
2694 881 2790 932 καὶ
2826 880 3034 948 ταύτην
3070 879 3274 948 ὀχυρὰν
3304 880 3576 932 κατοικεῖν
3598 878 3715 931 ελα-

2167 987 2281 1039 χες.
2315 970 2470 1039 Μήτε
2495 969 2678 1022 τοίνυν
2715 969 2941 1039 πολίτης
2967 968 3259 1037 ἀποὸαίης,
3280 968 3497 1032 ὁποίους
3527 969 3718 1037 ὀστρα-

2165 1063 2307 1127 κίζει
2333 1062 2392 1115 τὸ
2414 1063 2718 1129 ἁγιώτατον
2750 1060 3106 1128 Εὑαγγέλιον,
3153 1062 3290 1130 μήτε
3340 1061 3447 1130 μὴν
3489 1062 3567 1122 είς
3602 1063 3722 1129 ὲρη·

2170 1155 2301 1223 μίας
2327 1150 2797 1223 ἁποπλανηθείης,
2833 1154 2891 1203 ὲν
2919 1145 3007 1213 αἷς
3063 1150 3319 1219 ψεύδεταί
3348 1166 3432 1211 τις
3482 1150 3542 1201 τὺ
3586 1153 3720 1202 κατα

2164 1242 2255 1297 τὸν
2278 1246 2409 1297 Θεὸν
2428 1244 2707 1297 πολιτικὸν
2734 1245 2829 1295 καὶ
2856 1243 3067 1311 ἥμερον
3095 1244 3188 1294 καὶ
3214 1240 3537 1308 φιλάλληλον
3561 1256 3575 1271 ο
3602 1257 3721 1291 συνο

2162 1340 2321 1406 τήρει
2347 1335 2403 1388 δὲ
2429 1335 2636 1403 ταύτην
2668 1335 2727 1386 ὲν
2751 1333 3042 1402 ὀχυρότητι
3080 1332 3319 1399 διηνεκεῖ
3333 1330 3718 1397 ἀκατάϐλητον,

2163 1426 2589 1488 ἀκατάπτωτον,
2625 1426 2878 1494 μόνιμον,
2904 1423 2980 1484 ὡς
3029 1423 3094 1476 ἂν
3132 1422 3208 1491 μὴ
3267 1420 3613 1490 περιγράψῃς
3668 1425 3721 1470 εν

2168 1522 2249 1570 σοὶ
2280 1518 2374 1570 καὶ
2410 1517 2557 1586 μόνῳ
2585 1518 2646 1568 τὸ
2693 1514 2899 1583 ἀγαθὸν
2941 1513 3323 1583 ἐξερημώσας,
3370 1513 3465 1564 καὶ
3512 1510 3589 1579 τῷ
3649 1511 3721 1577 σιξ)

2167 1612 2385 1680 θανάτῳ
2446 1608 2902 1678 συγκατενεγκὼν
2960 1609 3021 1660 τὸ
3085 1607 3271 1660 καλόν.
3316 1603 3457 1659 Ἀλλ’
3492 1606 3519 1658 6
3551 1603 3722 1664 ἔνθεος

2162 1704 2324 1772 ζῆλος
2358 1704 2440 1765 είς
2469 1704 2799 1772 οἰκουμένην
2840 1702 3185 1771 παρεκτενετ
3224 1700 3432 1771 ταύτην
3474 1696 3566 1752 καὶ
3615 1697 3721 1757 τοῖς

485 1789 540 1843 in
570 1787 945 1844 benedictione
970 1795 1071 1853 est,
1094 1787 1189 1842 sed
1212 1803 1243 1841 e
1265 1796 1452 1841 contra
1485 1796 1801 1858 contemptu
1827 1788 2067 1857 dignam,

2173 1796 2323 1864 ἑξῆς.
2359 1796 2425 1847 Τί
2457 1796 2566 1865 γὰρ
2606 1793 2804 1864 χρεὼν,
2841 1793 2930 1847 ἐπ’
2966 1794 3133 1861 αὐτῆς
3166 1794 3265 1852 μὲν
3317 1789 3598 1844 διαὸιῶναί
3647 1803 3721 1845 σε.

483 1888 740 1948 tanquam
772 1879 1154 1948 sepulchrum,
1182 1894 1304 1932 mox
1331 1892 1525 1932 vanum
1552 1880 1771 1948 pulvere
1802 1888 2070 1948 opertam,

491 1982 548 2026 et
615 1988 734 2040 qua:
783 1972 942 2041 digna
993 1981 1111 2027 erat
1156 1971 1315 2040 cujus
1376 1984 1483 2024 non
1542 1981 1845 2025 remaneret
1899 1972 2072 2041 lapis?

488 2062 814 2120 Set-rabitur
846 2080 972 2119 vero
1000 2080 1121 2131 arx,
1160 2072 1215 2119 et
1243 2080 1460 2134 semper
1505 2065 1691 2128 stabit,
1725 2064 1770 2116 si
1810 2064 2070 2118 Dominus

486 2158 768 2212 invocatus
803 2171 923 2210 eam
964 2157 1303 2220 custodierit,
1348 2170 1416 2211 ne
1450 2156 1504 2209 in
1551 2169 1752 2208 vanum
1792 2163 1846 2207 tu
1883 2165 2068 2223 custos

484 2246 814 2318 vigilaret-is.
851 2247 942 2301 Sic
972 2245 1115 2302 enim
1147 2248 1447 2302 ascendens
1477 2260 1597 2300 eam
1633 2260 1740 2299 non
1774 2245 1990 2313 perdet.

2174 1888 2252 1957 μὴ
2285 1886 2675 1953 ἐγκαταλιπεῖν
2696 1886 2753 1939 δὶ
2788 1887 3008 1955 μνήμην
3041 1884 3324 1954 μακαρίαν
3356 1883 3452 1936 καὶ
3479 1882 3590 1942 τοῖς
3619 1877 3729 1930 el:-

2169 1982 2385 2043 ἐπειτα,
2418 1979 2581 2032 ὁποία
2608 1981 2641 2048 ἡ
2668 1979 2763 2031 τοῦ
2789 1961 3003 2032 δικαίου
3034 1979 3068 2047 ἠ
3102 1975 3223 2043 μετ’
3242 1973 3537 2043 ἐγκωμίων
3555 1986 3569 2001 ⁸
3601 1968 3729 2023 ἀλλὰ

2165 2071 2384 2137 ἀφεῖναι
2427 2067 2584 2133 ἀξίαν
2645 2067 2981 2136 καταδολῆς,
3048 2065 3192 2119 καθὰ
3242 2064 3338 2118 καί
3371 2079 3496 2116 τινα
3543 2060 3728 2125 τάφτινν

2164 2158 2266 2213 εἶτ’
2289 2159 2385 2213 οῦν
2422 2159 2681 2227 κενήριον
2715 2158 2795 2219 είς
2820 2157 2999 2227 μάτην
3038 2155 3453 2224 κεκονιαμένον,
3491 2152 3587 2205 καὶ
3626 2143 3733 2201 οἷον

2164 2249 2314 2315 ἄξιον
2338 2246 2481 2304 εἶναι
2505 2250 2579 2319 μὴ
2610 2250 2793 2317 μεῖναι
2820 2246 2969 2300 λίθον
3000 2244 3087 2299 δπ⁸
3109 2245 3275 2298 αὑτοῦ
3307 2260 3325 2310 ;
3403 2238 3741 2309 Συντηρηθῆ-

485 2356 638 2393 σεται
666 2341 723 2393 δὲ
752 2338 1063 2410 όχυρὰ,καὶ
1094 2341 1268 2392 είσαεὶ
1322 2338 1633 2409 ἑστήξεται,
1667 2339 1826 2407 είπερ
1880 2340 1909 2391 ό
1967 2338 2170 2409 Κύριος
2223 2343 2556 2412 προκληθεὶς
2603 2339 2831 2410 φυλάξει
2891 2340 3089 2411 αὐτὴν,
3138 2337 3227 2392 ἵνα
3298 2336 3375 2406 μὴ
3419 2337 3498 2398 είς
3569 2333 3743 2399 μάτην

486 2433 550 2485 σὺ
577 2432 605 2483 6
647 2431 930 2505 φυλάττων
968 2430 1278 2500 ἀγρυπνῇς.
1312 2428 1471 2484 Οὓτω
1497 2430 1607 2499 γὰρ
1635 2429 1734 2483 οὐκ
1773 2431 1839 2484 ἂν
1868 2431 1896 2483 6
1915 2430 2224 2488 ἀναϐαίνων
2258 2434 2515 2505 ὲπιλείψῃ
2542 2436 2736 2503 αὑτήν.

555 2522 643 2578 59.
678 2504 950 2590 Ιιωὲενςο
979 2521 1058 2575 sic
1078 2535 1197 2590 age.
1216 2522 1551 2589 thuoniam
1581 2521 1783 2588 pbarus
1813 2522 2070 2577 salutaris

484 2629 654 2691 luces,
672 2627 741 2668 ne
769 2611 949 2666 lumen
970 2612 1308 2683 exstinguas,
1331 2627 1428 2667 nec
1448 2613 1725 2681 permittes
1744 2623 1899 2668 nocte
1924 2614 2075 2669 illuni
2100 2656 2117 2667 .

485 2704 783 2773 errentqui
808 2704 873 2756 ad
901 2713 952 2758 te
973 2705 1235 2769 tendunt,
1261 2718 1328 2759 ne
1350 2718 1448 2772 per
1468 2705 1967 2760 tectaseminentes
1985 2721 2076 2759 ru-

485 2813 581 2869 pes
595 2799 915 2864 incidentes,
931 2797 1148 2868 quando
1168 2796 1460 2867 navigandi
1479 2807 1691 2868 tempus
1709 2808 1812 2865 est,
1832 2800 1884 2853 in
1896 2800 2073 2870 abyssi

485 2887 810 2958 profundum
829 2888 1025 2944 cadant
1047 2902 1149 2943 nec
1168 2890 1401 2960 amplius
1428 2889 1579 2958 phari
1598 2891 1812 2944 aceensi
1836 2890 2071 2961 signum,

484 2982 577 3036 sed
602 2981 744 3047 ignis
776 2980 1022 3035 homines
1047 2982 1358 3036 decorantis
1378 2981 1628 3036 clibanus
1650 2991 1924 3035 cernatur.
1962 2981 2069 3036 Sed

2249 2526 2350 2582 λθ’.
2389 2528 2432 2578 Τ
2436 2525 2574 2578 αὗτά
2608 2541 2666 2579 τε
2692 2521 2786 2579 οῦν
2808 2524 2953 2578 οὕτω
3005 2523 3170 2576 ποίει.
3201 2521 3310 2574 Καὶ
3344 2520 3428 2575 ὃτι
3463 2517 3521 2573 δὲ
3556 2537 3576 2570 ι
3612 2531 3743 2584 πνρ-

2179 2619 2270 2681 σὸς
2311 2636 2332 2670 ι
2373 2617 2621 2690 ἀνήφθης
2648 2616 2887 2671 ἐνταῦθα
2916 2619 3206 2684 σωτήριος,
3252 2611 3332 2684 μὴ
3365 2612 3428 2665 τὸ
3462 2611 3578 2679 φῶς
3609 2608 3743 2662 ἀπο-

2176 2710 2397 2782 σϐέσῃς,
2451 2710 2546 2763 καὶ
2593 2708 2668 2772 ὡς
2702 2711 2760 2763 ὲν
2811 2708 3123 2776 σκοτομήνῃ
3186 2704 3502 2759 πλανᾶσθαι
3557 2701 3743 2760 δώσεις

2173 2804 2299 2866 τοὺς
2344 2802 2669 2871 ἀφορῶντας
2699 2801 2779 2863 είς
2807 2801 2889 2865 σὲ,
2938 2801 3150 2869 μήποτε
3188 2800 3283 2851 καὶ
3342 2798 3470 2858 ταῖς
3523 2792 3743 2863 ὑφάλφις

2174 2895 2268 2948 καὶ
2287 2894 2406 2957 ταῖς
2437 2892 2656 2964 ῥαχίαις
2700 2892 3096 2961 ἐγκύρσαντες,
3130 2890 3219 2944 ὅτε
3251 2888 3349 2943 τοῦ
3405 2887 3596 2943 πλέειν
3628 2902 3747 2939 και-ο

2174 2987 2286 3058 ρὸς,
2331 2986 2600 3054 γένωνται
2629 2984 2771 3037 κατά
2810 2982 3003 3053 βυθοῦ,
3036 2982 3132 3036 καὶ
3187 2981 3376 3034 οὐκέτι
3411 2975 3745 3048 φρυκτωρῶν

487 3086 587 3127 nec
618 3070 1095 3142 contemplationis
1121 3072 1334 3141 igneam
1356 3072 1666 3129 columnam
1688 3072 2067 3143 contemptibi-

2174 3077 2383 3149 πυρσὸς
2428 3078 2500 3132 τὰ
2538 3076 2775 3132 ἐνταῦθα
2808 3074 3112 3145 λογισθείη,
3147 3074 3460 3145 φρύγοντος
3488 3071 3547 3125 δὲ
3580 3067 3746 3139 πυρὸς

484 3164 587 3220 lem
609 3164 800 3221 reddas
818 3136 956 3218 sicut
972 3164 1073 3219 sub
1094 3136 1357 3218 obruente
1376 3163 1594 3229 sabulo,
1629 3177 1801 3231 neque
1827 3136 2067 3217 rellanti-

2172 3136 2628 3242 ἀνθρωπρφλόγου
2659 3136 2931 3232 κλίϐανος.
2977 3136 3140 3221 Ἀλλά
3158 3136 3306 3236 μηδὲ
3360 3163 3459 3218 τὸν
3497 3165 3595 3233 τῆς
3615 3136 3746 3215 θεω-

486 3258 587 3313 bus
614 3259 786 3312 ventis
810 3254 1045 3325 dispergi
1085 3254 1229 3309 sinas
1260 3270 1364 3308 non
1388 3263 1679 3320 servatam,
1698 3264 1748 3308 et
1771 3252 2063 3322 exstingui,

484 3361 540 3405 et
571 3350 808 3404 viatores
840 3362 935 3417 per
966 3346 1222 3402 tenebras
1268 3347 1579 3401 incedentes
1629 3345 1964 3414 relinquere,
1995 3358 2066 3400 ne

488 3443 629 3497 forte
660 3437 1116 3511 persequentibus
1141 3440 1321 3506 praeda
1349 3438 1528 3494 facilis
1565 3438 1698 3495 ﬂant
1720 3447 1774 3492 et
1811 3436 2066 3490 salutaris

485 3533 627 3604 ignis
674 3535 793 3585 loco
851 3531 991 3599 ignis
1037 3529 1301 3599 gehennae
1355 3528 1630 3596 casngans
1668 3525 2056 3581 inﬂammetur.

487 3623 545 3674 lit
618 3621 952 3677 habitatione
1007 3622 1096 3675 illa
1150 3618 1232 3674 sol
1287 3632 1516 3686 appares
1588 3632 1602 3667 :
1665 3616 1893 3684 desuper
1941 3630 2067 3683 ergo

486 3712 662 3765 emica
695 3720 749 3764 et
773 3711 942 3767 adure
960 3721 1219 3781 quantum
1244 3724 1380 3778 Opus
1409 3716 1513 3772 est,
1533 3709 1701 3760 vitam
1731 3720 1861 3761 vero
1875 3720 2067 3775 sparge

489 3799 561 3854 iis
612 3800 741 3867 quid
776 3802 1072 3854 secundum
1132 3798 1299 3855 Deum
1350 3796 1534 3850 vivere
1581 3796 1874 3849 debebunt.
1912 3794 2067 3849 Visus

489 3897 574 3943 est
607 3889 757 3943 locus
813 3891 915 3942 iste
954 3898 1079 3942 tuus
1125 3886 1322 3942 domus
1358 3882 1455 3939 Dei
1495 3885 1663 3953 :quia
1713 3883 1766 3937 in
1813 3899 1875 3938 ea
1927 3883 2068 3936 Deus

501 3980 746 4051 quidam,
780 3980 988 4035 scilicet
1020 3981 1075 4033 in
1104 3994 1162 4033 se
1187 3977 1353 4032 Deum
1399 3976 1623 4040 habens,
1659 3975 1862 4043 Deique
1899 3975 2067 4042 parti-

491 4086 620 4144 ceps
649 4073 718 4126 ob
753 4074 935 4141 ﬁgurat
964 4068 1402 4125 similitudinem.
1439 4067 1540 4130 Qui
1587 4065 1752 4119 Deum
1778 4064 1927 4128 dicit,
1955 4078 2066 4118 me-

496 4164 608 4220 lius
660 4163 863 4234 aliquid
919 4163 1126 4216 aliusve
1182 4163 1421 4228 cogitare
1473 4173 1580 4212 non
1613 4157 1762 4217 sinit.
1819 4167 1874 4211 et
1913 4158 1968 4208 in
2010 4169 2069 4208 se

501 4244 670 4311 Deum
705 4257 999 4311 habentem
1045 4255 1357 4315 nominans,
1405 4250 1513 4303 Deo
1557 4251 1857 4318 prepiorem
1887 4247 2066 4301 vivum

492 4348 793 4405 collocavit.
825 4347 1058 4401 Omnino
1077 4344 1254 4409 decet,
1278 4341 1321 4397 si
1353 4342 1423 4395 ita
1459 4356 1519 4395 se
1542 4356 1628 4395 res
1650 4341 1829 4404 habet,
1857 4348 1911 4392 et
1937 4348 2069 4393 teni-

490 4442 638 4511 plum
673 4448 920 4494 sanctum
957 4437 1345 4493 habitationem
1384 4437 1544 4491 istam
1592 4446 1790 4486 vocare
1816 4439 1869 4485 et
1897 4432 2065 4486 mira-

2175 3263 2300 3334 ρίας
2344 3281 2364 3314 ι
2405 3262 2635 3333 πύρινον
2660 3260 2853 3315 στύλον
2890 3279 2912 3313 ι
2938 3257 3305 3331 ταπεινώσῃς,
3334 3261 3413 3322 ὡς
3448 3260 3530 3320 είς
3552 3254 3750 3325 δπίχω-

2176 3369 2285 3417 σιν,
2318 3353 2351 3421 ἢ
2378 3352 2472 3405 καὶ
2511 3352 2848 3412 καταπνοαίς
2909 3348 3179 3411 ἐναντίαις
3246 3349 3423 3417 ἐάσῃς
3478 3347 3750 3415 διαρῤιπι-

2176 3441 2369 3510 σθῆναι
2437 3439 2770 3508 ἀφύλακτον,
2823 3437 2921 3491 καὶ⁴
2982 3436 3305 3504 σϐεσθῆναι,
3372 3437 3471 3490 καὶ
3534 3431 3751 3501 ἀφεῖναι

2174 3530 2301 3591 τοὺς
2331 3529 2730 3598 όδηγουμένους
2784 3525 2928 3581 κατὰ
2989 3525 3179 3579 σκότον
3227 3524 3590 3588 ὲλάσκεσθαι,
3652 3519 3752 3589 μή·

2179 3637 2308 3675 ποτε
2345 3624 2458 3683 τοῖς
2491 3618 2875 3672 ἐπιδιώκουσιν
2930 3616 3252 3686 εὐχείρωτοι
3299 3614 3603 3684 γένωνται,
3659 3608 3754 3664 καὶ

2178 3712 2300 3766 ἀντὶ
2329 3710 2601 3780 σωτηρίου
2634 3710 2803 3777 πυρὸς
2845 3708 2956 3777 πῦρ
2990 3708 3222 3777 Γεέννης
3266 3704 3560 3775 ἐξαναφθῇ
3590 3703 3755 3757 κολα-

2178 3803 2420 3872 στήριον.
2477 3799 2832 3871 Τεθεώρησαι
2888 3800 2983 3852 καὶ
3039 3798 3116 3860 ὡς
3173 3815 3193 3850 ι
3248 3797 3464 3869 ἥλιος»
3525 3798 3585 3850 ὲν
3622 3794 3756 3861 οἴκῳ

2174 3893 2375 3960 τούτῳ·
2422 3891 2608 3961 λάμπε
2633 3892 2813 3943 τοίνυν
2840 3889 3059 3958 ὑψόθεν,
3117 3892 3212 3944 καὶ
3246 3890 3583 3958 κατάφρυγε
3634 3885 3757 3953 μὲν,

2176 3987 2278 4037 ὅσα
2315 3984 2511 4052 χρεώνο
2549 3983 2805 4048 ζωογόνει
2826 3982 2904 4049 δὲ,
2937 3982 3039 4036 ὅσα
3066 3998 3125 4035 τε
3165 3981 3307 4035 κατὰ
3337 3982 3478 4035 Θεὸν
3499 3980 3600 4051 ζῇν
3635 3981 3756 4032 ἐπι-

2180 4076 2412 4129 δέονται.
2451 4073 2771 4144 Ἐυεωρήθη
2802 4075 2895 4126 καὶ
2926 4091 2943 4126 ι
2982 4072 3117 4126 Θεοῦ
3143 4070 3292 4135 οἶκος
3333 4092 3354 4127 ι
3405 4074 3434 4125 6
3468 4074 3563 4135 σὸς
3591 4072 3757 4129 τόπος

2175 4160 2330 4227 οὗτος
2350 4181 2362 4193 ·
2404 4165 2532 4228 Θεὸς
2562 4182 2646 4227 τις
2686 4167 2794 4236 ἄρα
2828 4167 2924 4219 καὶ
2954 4166 2981 4217 6
3012 4168 3069 4219 ὲν
3107 4164 3281 4235 αὐτῷ,
3315 4159 3410 4218 οἷα
3434 4162 3763 4231 ἐνθεος,καὶ

2177 4254 2311 4305 Θεοῦ
2356 4257 2599 4322 μετέχων
2627 4254 2716 4307 διά
2749 4256 2848 4321 τὴν
2900 4254 3203 4325 μιμητικὴν
3242 4257 3387 4326 πρὸς
3424 4257 3642 4309 ἐκεῖνον
3667 4255 3763 4306 6x-

2178 4344 2446 4399 τύπωσιν.
2503 4364 2522 4396 ι
2570 4347 2705 4397 Θεὸν
2744 4364 2764 4398 ι
2799 4346 2856 4397 δέ
2882 4363 2964 4408 τις
2995 4344 3187 4410 εἰπὼν,
3231 4347 3335 4399 οὐκ
3366 4347 3605 4416 ἀφίησιν
3643 4348 3763 4397 ὲπιυ

2177 4433 2418 4486 νοεῖσθαι
2451 4433 2699 4501 κρεῖττόν
2730 4450 2782 4485 τι
2815 4437 2908 4486 καὶ
2946 4433 3283 4502 ὑψηλότερον
3304 4449 3319 4462 ⁸
3358 4437 3460 4488 καὶ
3490 4452 3511 4486 ι
3542 4435 3760 4488 ἔνθεον»

492 4532 657 4587 bilem
697 4532 866 4587 aedem
902 4530 1096 4586 merito
1138 4537 1361 4599 propter
1417 4525 1813 4605 inhabitantem
1858 4523 2062 4593 justum

2174 4522 2231 4573 δέ
2270 4539 2352 4585 τις
2384 4492 2657 4592 ὀνομάσας
2682 4524 2823 4588 τινὰ,
2866 4492 3106 4593 Θεῷ-τὸν
3164 4492 3335 4593 ἀνδρα
3372 4525 3761 4594 παρέστησεν.

491 4634 545 4681 et
574 4635 818 4680 sanctum
847 4624 1145 4688 hominem,
1183 4622 1307 4691 quia
1342 4619 1523 4688 justus
1566 4626 1620 4672 οι
1648 4624 1868 4671 sanctus
1901 4613 2065 4677 Deus,

490 4720 647 4787 cujus
664 4717 1069 4773 similitudinem
1092 4716 1145 4769 in
1166 4715 1366 4783 templo
1391 4711 1565 4766 istoin
1592 4724 1650 4763 se
1668 4716 1849 4763 aseeta
1878 4705 2061 4760 refert.

2175 4612 2389 4669 Οἰκεῖον
2421 4614 2479 4665 δὲ
2512 4614 2747 4679 πάντως,
2787 4614 2836 4665 εἰ
2865 4613 3019 4667 ταῦθ’
3040 4612 3211 4675 οὕτως
3243 4613 3384 4683 εχει,
3429 4617 3528 4669 καὶ
3573 4634 3595 4667 ι
3641 4616 3767 4667 ναὸν

2176 4705 2330 4771 ἅγιον
2364 4722 2381 4755 ι
2424 4706 2513 4755 τὸν
2562 4700 2709 4761 οἷκον
2747 4703 2932 4757 τοῦτον
2972 4705 3288 4774 προσειπεῖν
3315 4743 3330 4769 ,
3388 4707 3492 4758 καὶ
3552 4706 3768 4773 θαυμα,

493 4810 618 4864 στὸν
648 4811 704 4863 δὲ
741 4811 797 4863 ὲν
839 4807 1161 4876 δικαιοσύνῃ
1191 4805 1279 4858 διὰ
1300 4804 1389 4856 τὸν
1414 4804 1469 4855 ὲν
1502 4800 1648 4870 αὐτῷ
1667 4800 1874 4852 δίκαιον
1900 4796 2184 4865 ἄνθρωπον
2211 4797 2304 4848 καὶ
2342 4796 2487 4848 ὅσιον
2510 4813 2522 4825 ·
2574 4797 2655 4849 ὅτι
2694 4796 2788 4848 καὶ
2812 4796 3019 4860 δίκαιος
3062 4796 3155 4848 καὶ
3223 4795 3372 4858 ὅσιος
3434 4799 3464 4850 6
3532 4799 3766 4870 Κύριος.

491 4900 663 4975 οὗπερ
687 4906 785 4975 τὴν
811 4903 1149 4973 άφομοίωσιν
1177 4902 1204 4954 6
1254 4902 1347 4954 ἐπὶ
1402 4897 1531 4952 ναοῦ
1564 4897 1757 4949 τούτου
1813 4894 2065 4962 ἀσκητὴς
2106 4892 2461 4961 ἐκμάττεται.

561 5001 653 5053 40.
673 4996 729 5051 Si
755 4998 834 5053 sic
856 4997 921 5050 ad
947 4997 1110 5049 Deum
1135 4992 1593 5061 contemplatione
1612 4989 1854 5041 elevatus
1877 5002 1935 5040 es
1959 5000 2063 5038 non

493 5089 723 5148 circuitu
760 5101 897 5157 opus
924 5096 1029 5149 est,
1069 5093 1128 5138 ut
1153 5086 1209 5137 in
1243 5084 1439 5136 virtute
1463 5089 1719 5147 tanquam
1760 5078 1814 5131 in
1850 5078 2072 5145 speculo

501 5191 554 5235 te
603 5176 1014 5245 contempleris,
1042 5174 1194 5243 cujus
1237 5173 1454 5225 virtutis
1510 5169 1774 5224 habitatio
1819 5168 2070 5221 columna

494 5269 760 5326 cernitur.
831 5266 1076 5332 Namque
1135 5264 1439 5317 divinorum
1514 5260 1902 5314 charismatum
1960 5256 2076 5326 ple-

494 5376 597 5415 nus
620 5361 802 5421 homo,
826 5366 879 5411 et
907 5358 986 5410 sie
1014 5357 1124 5409 Deo
1142 5354 1298 5424 cujus
1320 5355 1496 5408 virtus
1526 5352 1694 5405 cwlos
1721 5350 1852 5418 tegit
1874 5350 2064 5418 plenus

495 5458 642 5503 totus
668 5461 802 5499 sane
831 5446 1000 5498 virtus
1041 5454 1143 5509 est,
1196 5458 1367 5512 pauca
1406 5440 1557 5495 carni
1594 5439 1926 5507 relinquens.
1962 5436 2064 5503 Qui

495 5553 624 5607 ergo
653 5546 706 5591 te
736 5536 938 5601 vident,
972 5534 1232 5589 virtutem
1252 5534 1434 5586 videre
1462 5546 1520 5585 se
1552 5530 1901 5593 arbitrentur;
1923 5530 2064 5584 unde

505 5631 572 5683 ad
607 5628 897 5695 imaginem
933 5627 1092 5680 istam
1122 5623 1389 5679 ellormati
1420 5625 1486 5676 ad
1526 5621 1776 5675 ultimum
1808 5620 2062 5690 archety-

500 5735 623 5786 pum
646 5718 1007 5773 adducantur.
1036 5713 1361 5787 Speculator
1383 5712 1594 5783 positus
1614 5710 1668 5766 in
1692 5711 1914 5781 Specula
1950 5711 2058 5767 iSta

2247 4980 2320 5051 μ’.
2351 4983 2413 5035 Εἰ
2448 4983 2493 5035 δ’
2530 4982 2672 5036 οὕτω
2706 4983 2844 5053 πρὸς
2878 4984 3011 5039 Θεὸν
3039 4985 3282 5055 ἀνήχθης
3315 4989 3386 5056 τῇ
3430 4987 3667 5062 θεωρίᾳ,
3705 4990 3770 5043 ού

2172 5073 2330 5140 χρεία
2362 5074 2611 5143 περιόδου
2637 5074 2802 5140 τινὸς,
2832 5077 2926 5129 καὶ
2951 5079 3032 5138 είς
3054 5077 3223 5145 αὐτὴν
3261 5077 3538 5149 ἄντικρυς
3562 5081 3773 5149 ἀρετὴν

2171 5165 2447 5235 θεωρῆσαί
2497 5182 2558 5218 σε
2596 5166 2926 5229 ἀκολούθως,
2970 5165 3051 5232 οἷς
3087 5169 3180 5222 καὶ
3214 5187 3230 5218 ι
3275 5170 3496 5240 ἀρετῆς
3540 5175 3772 5242 οἰκητή-

2174 5273 2287 5328 ριον
2320 5259 2347 5309 6
2380 5255 2567 5319 στύλος
2608 5275 2626 5306 ι
2658 5256 2932 5313 τεθέαται.
2977 5258 3036 5310 '0
3069 5260 3176 5330 γάρ
3207 5259 3369 5313 θείων
3395 5267 3766 5332 χαρισμάτων

2171 5348 2423 5418 ἔμπλεως
2453 5348 2761 5417 ἅνθρωπος,
2793 5352 2888 5405 καὶ
2926 5350 3070 5402 οὕτω
3110 5351 3245 5404 Θεοῦ
3272 5352 3491 5421 γέμων,
3516 5348 3694 5419 οὗπερ
3729 5351 3764 5419 ἡ

2162 5438 2332 5508 ἀρετὴ
2358 5439 2621 5491 καλύπτει
2648 5441 2774 5503 τοὺς
2804 5441 3089 5511 οὐρανοὺς,
3123 5441 3241 5505 ὅλος
3282 5442 3568 5509 δήπουθέν
3610 5443 3767 5492 ἐστιν

2162 5529 2352 5595 ἀρετὴ,
2395 5529 2549 5593 ὀλίγα
2600 5530 3061 5601 προλογιζόμενος
3112 5536 3178 5601 τῇ
3213 5530 3406 5599 σαρκί.
3459 5531 3765 5586 ί.ιίντοίνυν

2163 5620 2451 5689 βλέποντές
2494 5638 2550 5672 σε
2581 5622 2970 5690 νομιζέτωσαν,
3001 5624 3205 5691 ἀρετὴν
3246 5620 3381 5674 αὐτὸ
3433 5621 3602 5674 τοῦτο
3633 5620 3764 5691 βλέ-

2163 5726 2283 5763 πειν
2309 5727 2323 5740 ο
2360 5710 2434 5774 ὡς
2482 5713 2547 5765 ἂν
2581 5713 2911 5784 τυπούμενοι
2947 5716 3081 5777 πρῦς
3131 5714 3429 5779 εἰκόνισμα
3480 5712 3770 5778 τοιοῦτον,
