4048 6428
360 349 455 417 237

1494 355 1595 413 AD
1633 349 2004 412 STYLITAM
2041 348 2444 422 QUEMDAM.

3485 354 3589 417 238

362 455 639 523 ἁνάγοιντο
685 457 825 526 πρὸς
852 459 914 511 τὸ
950 476 1182 528 μγιστον
1217 460 1547 530 ἀρχέτυπον.
1587 477 1605 509 ι
1641 459 1849 520 Σκοπὸς
1889 476 1905 507 ι

2019 457 2237 526 penitus
2270 473 2375 512 non
2408 459 2571 514 debes
2594 459 2835 515 dormire
2884 461 2948 515 ad
2991 470 3217 516 mortem
3268 476 3366 516 nec
3393 465 3589 517 eadem

359 545 592 601 τέθεισαι
613 549 672 602 ἐν
709 566 730 601 ι
764 553 1147 621 σκοπευτηρίῳ
1177 571 1196 603 ι
1232 552 1480 623 τοιούτῳ,
1519 553 1612 606 καὶ
1651 552 1758 623 χρὴ
1789 552 1925 604 πάν-

362 654 463 700 τως
497 636 573 708 μὴ
619 640 761 710 πρὸς
810 641 1038 696 θάνατόν
1083 660 1141 696 σε
1186 646 1535 712 ἀφυπνώσαι,
1575 643 1916 698 ἀναπεσόντα

356 728 438 778 ἐπ’
470 729 658 794 αὑτοῦ,
690 735 784 785 καὶ
824 736 1215 804 κατενεχθέντα
1258 741 1337 799 είς
1390 737 1553 806 κῶμα
1580 735 1903 805 βαθύτατον,

2030 549 2085 603 in
2118 550 2441 617 profundum
2479 565 2751 620 soporem,
2795 553 2887 606 sed
2929 551 3156 620 teipsutn
3203 554 3497 616 custodire,
3523 569 3589 606 ne

2023 639 2079 694 in
2132 640 2366 695 hostium
2410 655 2601 695 manus
2641 644 2804 698 cadas
2850 653 2904 697 et
2956 652 3130 698 tecum
3172 655 3438 714 quotquot
3481 646 3589 700 tuis

2016 730 2573 787 conﬁduntexcubhs.

353 818 483 872 ἀλλά
504 825 730 875 σεαυτόν
765 840 823 875 τε
847 825 1232 892 φυλάττεσθαι,
1257 828 1332 897 μὴ
1352 828 1458 881 ύπὸ
1493 830 1650 898 χεῖρα
1671 829 1782 889 τοῖς
1806 822 2083 891 πολεμίοις
2109 823 2305 892 πέσῃς,
2323 824 2552 887 καὶτοὺς
2566 824 2680 876 ὅσοι
2696 825 2773 895 τῷ
2793 825 2871 895 σῷ
2890 827 3224 896 σκοπεύματι
3242 830 3583 882 πεποίθασιν.

430 912 544 982 μα’.
591 913 905 983 Ἑξεγένετό
946 933 1028 970 σοι
1066 936 1086 969 ι
1121 920 1555 989 μετεωρισθῆναι
1592 912 1649 984 ι,
1681 918 1777 972 καὶ
1820 919 1918 986 οὐχ

356 1004 563 1071 ἅπλῶς,
617 1007 759 1061 ἀλλὰ
787 1009 880 1062 καὶ
938 1010 1013 1072 ώς
1048 1014 1129 1073 εἱς
1184 1012 1415 1081 οὐρανοῦ
1467 1011 1809 1080 ὕψωμα,καὶ
1839 1012 1919 1072 είς

350 1098 668 1168 κυριότητος
717 1099 876 1164 ἀξίαν
940 1101 1350 1172 κατανοηθῑψαι
1409 1101 1684 1173 ἀνθρώπῳ
1729 1100 1919 1169 τελείῳ

350 1188 686 1257 πρέπουσαν,
715 1190 897 1252 ὁποῖος
922 1192 949 1243 ὁ
976 1192 1082 1260 πρὸ
1126 1190 1357 1260 βραχέος
1392 1191 1685 1261 θεωρηθεὶς
1713 1189 1913 1251 ἔνθεος.

347 1276 435 1347 Μὴ
468 1278 654 1333 τοίνυν
707 1279 969 1351 ἐθελήσῃς
996 1281 1276 1352 χθαμαλὸς
1313 1282 1592 1351 γενέσθαι,
1630 1282 1723 1334 καὶ
1752 1280 1917 1336 ἀκοῦ-

250 1350 257 1359 ’
346 1370 434 1421 σαί
463 1369 655 1437 ποθεν,
688 1372 801 1425 ἄνω
826 1350 1156 1444 καταϐῆναι,
1186 1375 1298 1427 εἴτε
1326 1350 1422 1426 καὶ
1449 1374 1622 1437 ἄλλως
1650 1373 1917 1443 ἀναϐῆναι

347 1462 514 1527 κάτω,
556 1458 638 1524 οἷς
676 1450 767 1533 ’τῷ
801 1464 903 1533 μὲν
936 1483 956 1517 ι
1003 1465 1181 1535 στύλῳ
1210 1484 1230 1518 ι
1271 1466 1404 1531 ἅνω,
1436 1468 1504 1537 τῇ
1538 1466 1593 1518 δὲ
1644 1465 1775 1534 περὶ
1813 1466 1931 1534 γῆν-

346 1553 689 1624 προσπαθείᾳ
717 1555 870 1608 κάτω
894 1554 1151 1626 βέϐηκας.
1186 1574 1205 1608 ι
1234 1556 1594 1626 Περιφρονείν
1630 1575 1649 1609 ι
1682 1555 1917 1625 ἐτάχθης

343 1659 365 1693 ι
402 1643 501 1714 τὴν
542 1646 680 1713 γῆν·
714 1645 960 1717 ὑψώθης,
1001 1666 1021 1699 ι
1068 1649 1212 1700 εἴποι
1259 1647 1325 1701 ἂν
1351 1648 1537 1714 Δαυῒδ,
1595 1648 1669 1711 ὡς
1707 1666 1725 1699 ι
1764 1648 1919 1699 ἐκλε-

342 1734 462 1796 κτὸς
506 1753 526 1785 ›
564 1737 629 1788 ἐκ
655 1736 750 1789 τοῦ
787 1737 917 1791 λαοῦ
946 1738 1038 1791 τοῦ
1070 1738 1227 1792 Θεοῦ.
1265 1757 1285 1790 ι
1320 1739 1703 1809 Αίθεροϐατείς
1738 1757 1755 1790 ι
1786 1737 1906 1808 ἤδη,

338 1823 442 1874 τῶν
466 1824 674 1892 γηΐνων
692 1828 1146 1899 ὑπεραιρόμενος.
1175 1830 1267 1898 Μὴ
1291 1829 1353 1898 δὴ
1381 1831 1439 1882 τὸ
1463 1830 1661 1900 πτερὸν
1682 1829 1911 1898 ἁχρειώ-

338 1931 452 1985 σῃς,
486 1915 559 1967 δι’
586 1911 754 1988 οὗπερ
786 1920 902 1971 ἐστι
944 1936 1027 1972 σοι
1077 1919 1359 1975 πέτεσθαι.
1422 1921 1686 1990 Οὑράνιος
1727 1916 1797 1983 εἷ,
1846 1922 1906 1973 οὐ

340 2008 527 2075 μόνον,
562 2007 645 2061 ὅτι
681 2028 700 2061 ι
738 2010 903 2077 φυτὸν
937 2012 1185 2082 οὐράνιον
1222 2031 1241 2062 ι
1275 2014 1453 2073 (τοῦτο
1498 2013 1605 2082 γὰρ
1641 2016 1735 2068 καὶ
1764 2014 1909 2075 ἄπας

332 2097 655 2169 ἄνθρωπος,
692 2104 837 2156 καθά
881 2121 964 2166 τις
1017 2102 1496 2175 πεφιλοσόφηκεν),
1529 2104 1666 2157 ἀλλὰ
1705 2105 1798 2158 καὶ
1829 2105 1908 2156 ὅτι

334 2188 433 2257 τῆς
467 2193 579 2260 γῆς
621 2191 1020 2262 άπορῤιζωθεὶς
1070 2195 1405 2264 παραδείσου
1451 2196 1617 2264 φυτὸν
1655 2196 1907 2263 γενέσθαι

332 2280 682 2349 φιὶιονεικεῖς.
715 2286 931 2354 Κάτεχε
971 2281 1064 2338 οὖν
1116 2289 1175 2338 τὸ
1215 2286 1488 2356 οὐράνιον,
1538 2287 1911 2357 ὕποϐλεπόμε-

330 2387 417 2433 νος
440 2372 539 2426 τὸν
568 2374 665 2426 ἀπ’
700 2376 948 2440 ἐναντίας
972 2375 1267 2446 τάρταρον.
1298 2376 1482 2430 Ταῦτα
1511 2378 1691 2431 πάντα
1718 2395 1911 2446 συντη-

332 2461 463 2530 ρῶν,
488 2464 787 2535 περιποιοῦ
817 2465 879 2517 τὸ
916 2468 974 2518 ἐν
1005 2466 1416 2535 θαυμαστότητι
1463 2486 1482 2519 ι
1522 2467 1824 2539 μετέωρον,
1849 2470 1908 2520 τὸ

330 2555 615 2623 οὐρανιον,
653 2556 718 2611 τὸ
745 2557 1010 2627 ἀρχικόν
1044 2576 1061 2607 ι
1097 2559 1190 2611 καὶ
1222 2558 1392 2628 μηδέν
1421 2575 1474 2610 τι
1503 2558 1614 2611 τῶν
1653 2558 1909 2612 τοιούτων

330 2646 800 2716 παραδειγμάτων
828 2649 991 2720 ῥίψῃς
1014 2647 1119 2715 ἔξω
1138 2650 1443 2721 μιμήσεως,
1468 2650 1556 2703 ἵνα
1580 2651 1714 2721 πρὸς
1735 2650 1909 2721 ἄκραν

325 2736 651 2805 τελειότητα
680 2736 938 2809 ἑξαρθῇς.

394 2824 507 2895 μβ’.
543 2825 613 2878 Εἰ
658 2826 715 2879 δὲ
744 2827 834 2881 διὰ
880 2827 1092 2881 πολλῶν
1147 2827 1438 2898 συμϐόλων
1484 2831 1511 2882 ὁ
1543 2829 1698 2896 λόγος
1750 2829 1907 2900 ἐρχό.

334 2931 495 2983 μενος
566 2917 597 2970 ὁ
653 2919 930 2988 ὁριστικὸς
988 2922 1083 2975 καὶ
1146 2921 1227 2983 είς
1265 2937 1284 2971 ι
1322 2920 1466 2974 θεῖον
1500 2939 1521 2972 ι
1557 2922 1797 2990 ἀνήγαγέ
1848 2938 1907 2973 σε

334 3024 357 3057 ‹
390 3007 644 3077 ἀξίωμα,
679 3026 703 3062 ιι
735 3010 829 3061 καὶ
849 3010 1006 3063 τοῦτό
1039 3028 1099 3064 σε
1122 3013 1282 3082 τυχὸν
1305 3011 1542 3083 ἁρπάζει
1569 3013 1705 3082 πρὸς
1732 3012 1907 3082 ἐπαρ-

2023 960 2033 972 ,
2087 911 2176 966 41.
2219 913 2336 967 Tibi
2370 915 2549 967 evenit
2593 924 2650 969 ut
2677 916 2945 973 exziltatus
2973 918 3069 981 sis,
3103 932 3198 969 nec
3232 920 3459 983 modice,
3487 924 3583 974 sed

2016 1018 2186 1072 usque
2212 1007 2280 1059 ad
2308 1006 2502 1061 omium
2532 1017 2586 1060 et
2620 1007 2688 1061 ad
2734 1007 3066 1064 Dominicam
3103 1011 3422 1080 dignitatem
3463 1031 3584 1082 qme

2015 1096 2291 1150 hominem
2347 1096 2646 1165 perfectum
2686 1100 2863 1164 decet,
2897 1111 2957 1155 ut
2987 1103 3078 1170 qui
3110 1114 3195 1157 est
3222 1120 3250 1156 a
3284 1102 3392 1158 Deo
3413 1106 3584 1175 inspi-

2013 1194 2184 1240 ratus.
2221 1184 2340 1238 Noli
2374 1201 2506 1256 ergo
2559 1188 2706 1241 lmtni
2741 1205 2949 1259 repere,
2977 1203 3031 1245 et
3057 1193 3244 1247 audire
3275 1207 3332 1248 ιιι
3363 1196 3588 1250 ἀεεςοιιη

2012 1274 2192 1337 deres,
2227 1276 2341 1331 sive
2370 1278 2531 1331 aliter
2549 1280 2897 1346 ascenderes,
2916 1283 3044 1351 quia
3062 1284 3311 1339 columna
3343 1287 3395 1340 in
3417 1289 3581 1341 altum

2016 1380 2201 1419 eorum
2264 1383 2384 1435 quae
2432 1368 2567 1422 ﬁunt
2615 1384 2780 1440 super
2835 1382 3029 1426 terram
3086 1377 3431 1434 miseratione
3486 1385 3583 1434 dc-

2011 1455 2291 1510 scendisti.
2332 1455 2632 1512 Terrestria
2674 1473 3020 1518 contemnere
3057 1467 3351 1533 appellatus
3377 1479 3434 1524 et
3476 1471 3583 1523 ele-

2016 1552 2174 1600 vatus
2202 1562 2284 1613 es,
2320 1558 2376 1602 ut
2415 1551 2492 1603 ait
2526 1549 2714 1616 David,
2746 1557 2901 1621 quasi
2933 1569 2963 1607 e
2992 1556 3190 1624 populo
3233 1556 3328 1612 Dei
3351 1560 3579 1614 electus.

2008 1636 2111 1692 Per
2140 1653 2263 1693 aera
2309 1640 2425 1710 jam
2461 1642 2726 1712 gradieris
2751 1647 3105 1701 terrestribus
3151 1652 3579 1718 supereminens.

2012 1726 2092 1783 Ne
2115 1730 2253 1783 alain
2280 1730 2523 1787 inutilem
2553 1735 2763 1799 reddas,
2800 1752 2905 1806 qua
2935 1738 3030 1792 tibi
3063 1740 3240 1794 volare
3267 1741 3446 1795 datum
3477 1756 3581 1800 esu

2009 1819 2256 1875 Caelestis
2271 1837 2348 1885 es,
2371 1840 2475 1885 non
2501 1825 2674 1878 solum
2701 1828 2829 1895 quia
2859 1827 3097 1883 caelestis
3126 1831 3307 1899 planta
3337 1848 3395 1887 es
3426 1835 3581 1902 (iliuJ

2007 1911 2149 1965 enim
2195 1911 2372 1980 quivis
2406 1913 2568 1968 homo
2598 1923 2700 1981 est,
2736 1929 2892 1983 prout
2935 1918 3300 1988 philosophice
3332 1928 3584 1991 exposuit

2007 2002 2276 2073 quidam),
2296 2006 2386 2060 sed
2403 2014 2456 2059 et
2473 2006 2599 2075 quia
2624 2021 2653 2059 a
2673 2018 2815 2062 terra
2847 2010 3108 2076 revulsus,
3138 2016 3371 2082 paradisi
3401 2016 3580 2085 planta

2008 2093 2123 2147 ﬁeri
2163 2096 2462 2149 contendis.
2499 2097 2751 2151 Caelestia
2798 2114 2926 2167 ergo
2975 2101 3170 2167 retine,
3202 2113 3458 2158 tartarum
3497 2123 3578 2160 re-

2008 2184 2267 2253 spiciens.
2324 2186 2447 2241 Hice
2497 2199 2691 2241 cuneta
2744 2194 3063 2257 observans,
3097 2196 3319 2263 acquire
3355 2198 3574 2265 quodin

2009 2275 2314 2330 admirabili
2361 2279 2576 2347 negotio
2633 2289 2717 2334 est
2774 2281 3067 2348 elevatunt,
3128 2285 3272 2353 quod
3330 2288 3576 2352 t'tnlestc,

2008 2367 2150 2432 quod
2195 2383 2464 2422 summum
2509 2378 2611 2435 est,
2650 2384 2828 2439 neque
2862 2373 2989 2439 quid
3025 2374 3092 2428 de
3126 2374 3211 2428 his
3245 2378 3581 2431 documentis

2010 2466 2214 2511 temere
2266 2460 2547 2528 proiicias,
2630 2469 2687 2514 ut
2742 2461 2809 2516 ad
2869 2478 3135 2519 summam
3190 2467 3578 2535 perfectionem

2009 2547 2240 2603 tollaris.

2078 2810 2167 2863 42.
2211 2811 2268 2865 Si
2301 2826 2430 2868 vero
2462 2814 2648 2870 multis
2681 2816 2871 2884 figuris
2894 2816 3163 2875 deﬁniens
3205 2834 3387 2876 sermo
3428 2833 3480 2877 te
3511 2826 3577 2876 ait

2009 2898 2244 2954 divinam
2263 2902 2580 2971 dignitatem
2600 2906 3058 2973 adduxit,etillud
3087 2919 3137 2964 te
3158 2909 3298 2967 forte
3323 2914 3387 2967 ad
3409 2914 3579 2968 subii-

2009 2990 2256 3046 mitatem
2306 2995 2488 3048 evexit
2530 3006 2751 3064 propter
2801 2999 3127 3054 conditionis
3169 3006 3579 3070 supereminen-

320 3113 407 3151 σιν
450 3099 546 3151 διὰ
594 3101 657 3151 τὸ
700 3099 1052 3171 ὑπεροχικὸν,
1091 3100 1210 3154 ἀλλ’
1241 3082 1638 3171 ἐπιλογισμοῦ
1691 3101 1780 3171 ἔχε
1831 3104 1904 3174 μὴ

2011 3082 2163 3146 tiam,
2200 3096 2377 3139 mente
2408 3089 2588 3155 cogita
2632 3103 2741 3142 non
2781 3090 2956 3144 solum
2989 3105 3111 3145 eum
3146 3096 3238 3161 qui
3260 3097 3325 3148 ad
3356 3098 3574 3151 tertium

324 3188 483 3257 μόνον
514 3189 615 3242 τὸν
660 3192 743 3253 είς
773 3192 955 3262 τρίτον
988 3192 1088 3262 μέν
1143 3192 1375 3263 οὐρανὸν
1418 3192 1757 3264 ἁρπαγέντα,
1804 3194 1899 3264 μέ-

320 3295 477 3333 νοντα
517 3280 583 3333 δὲ
607 3283 674 3352 τῇ
705 3282 1037 3336 ταπεινώσει
1070 3284 1241 3351 κάτω,
1290 3283 1428 3338 ἀλλὰ
1474 3285 1569 3338 καὶ
1596 3285 1694 3356 τὴν
1724 3303 1745 3336 ι
1785 3287 1896 3355 εἱρ-

318 3369 476 3438 κτὴν,
518 3388 542 3422 ι
585 3371 667 3435 είς
701 3372 769 3443 ἦν
803 3374 837 3443 ἡ
865 3376 923 3426 ἐν
950 3373 1094 3444 λόγῳ
1131 3375 1334 3445 θεωρία
1386 3375 1803 3447 περιαγαγοῦσά
1838 3393 1898 3429 σε

318 3460 735 3527 ἐγκατέκλεισε.
772 3465 882 3518 Καὶ
931 3464 1010 3534 τῷ
1042 3465 1185 3534 λόγῳ
1216 3465 1391 3535 τούτῳ
1437 3468 1590 3521 κάτω
1636 3467 1819 3536 βάλλε,
1849 3468 1902 3520 ετ

320 3565 423 3602 που
455 3553 554 3604 καὶ
601 3552 917 3607 ἀνασπᾶται
943 3555 1006 3606 τὸ
1043 3571 1141 3624 της
1173 3557 1374 3625 ὀφρύος
1414 3556 1551 3609 πολύ
1578 3572 1591 3588 ·
1626 3558 1719 3610 καὶ
1760 3559 1897 3610 άνα-

315 3641 656 3715 ϐαίνωνέως
683 3645 783 3698 καὶ
805 3646 896 3708 είς
927 3646 1155 3715 οὐρανὸν
1180 3649 1246 3717 τῇ
1278 3646 1415 3716 πρὸς
1441 3645 1571 3699 Θεὸν
1605 3647 1671 3701 δι’
1699 3648 1896 3718 ἀρετῆς

319 3736 612 3808 ἐγγύτητι,
658 3737 957 3793 κατάϐαινε
987 3740 1083 3792 καὶ
1117 3737 1223 3801 ἕως
1251 3738 1360 3792 τῶν
1385 3738 1639 3794 ἀϐύσσων
1667 3738 1744 3809 τῷ
1767 3741 1897 3792 ἀνυ-

318 3828 571 3898 ποκρίτῳ
619 3829 1021 3899 ταπεινώματι.
1070 3830 1212 3897 Λέγε
1261 3831 1355 3883 καὶ
1396 3831 1562 3894 αὑτός
1586 3845 1604 3862 ο
1641 3848 1663 3882 ι
1696 3829 1807 3899 ἐγὼ
1840 3830 1899 3883 δέ

316 3918 432 3987 ειμι
482 3916 731 3987 σκώληξ,
772 3920 867 3972 καὶ
912 3921 1014 3974 οὐκ
1056 3919 1377 3989 ἄνθρωπος’
1433 3940 1452 3973 ι
1503 3921 1590 3974 ἵνα
1624 3939 1708 3985 τις
1752 3925 1899 3977 ἀντι-

315 4009 649 4082 φθέγξηται,
692 4012 767 4082 μὴ
785 4011 944 4064 τοῦτο
975 4009 1117 4065 εἶναί
1153 4030 1234 4076 σε,
1267 4012 1386 4067 ἀλλ’
1416 4014 1667 4085 οὐράνιον
1691 4015 1899 4085 ἄνθρω-

314 4119 414 4156 πον
438 4118 451 4133 ·
482 4104 588 4168 ὡς,
644 4104 741 4157 ἐάν
767 4120 830 4172 γε
861 4103 923 4156 τὸ
973 4103 1172 4172 σεμνὸν
1220 4104 1383 4159 τοῦτο
1413 4106 1573 4169 αὐτὸς
1622 4107 1898 4174 ἐπιλέγειν

313 4195 531 4264 σεαυτῷ
584 4194 840 4259 δικαιοῖς,
872 4197 973 4248 ούκ
1004 4196 1070 4248 ἂν
1097 4194 1325 4264 φθάνοις
1359 4198 1440 4260 εἷς
1479 4215 1532 4251 τι
1563 4198 1897 4267 φαυλότατον
1938 4260 1947 4273 ⁸

317 4288 723 4356 καταγόμενος.
779 4287 878 4339 Διὰ
933 4287 1112 4339 τοίνυν
1165 4288 1228 4340 τὸ
1280 4289 1507 4358 ἀρχικὸν
1548 4290 1643 4342 καὶ
1695 4289 1898 4359 ὑψηλὸν

310 4376 705 4450 ἐξαιρόμενος,
741 4377 899 4440 αὖθις
936 4378 1025 4432 διὰ
1054 4380 1117 4432 τὸ
1164 4380 1559 4450 κατακριτικὸν
1594 4381 1893 4434 κατάϐαινε

2010 3186 2198 3244 raptus
2229 3187 2313 3231 est
2352 3180 2576 3246 coelum,
2607 3180 2662 3234 in
2709 3180 3015 3238 humilitate
3063 3185 3204 3240 infra
3234 3201 3575 3254 permanens,

2005 3268 2099 3319 sed
2129 3278 2185 3320 et
2215 3282 2510 3337 carcerem,
2556 3271 2611 3323 in
2637 3286 2748 3339 quo
2786 3254 3065 3328 meditatio
3096 3276 3253 3346 juxta
3306 3280 3571 3334 rationem

2005 3365 2059 3411 te
2107 3359 2326 3412 adduxit
2391 3370 2446 3414 et
2501 3360 2741 3416 inclusit.
2790 3362 2856 3416 Et
2888 3366 3106 3421 ratione
3150 3368 3254 3423 ista
3307 3369 3446 3424 infra
3518 3383 3572 3426 te

2008 3447 2251 3515 projice,
2283 3450 2531 3517 quamvis
2567 3449 2795 3517 alicujus
2861 3454 3211 3521 supercilium
3255 3457 3479 3524 tollitur,
3520 3476 3576 3513 et

2006 3538 2311 3592 ascendens
2341 3541 2511 3594 donec
2544 3540 2599 3593 in
2622 3541 2761 3596 etelo
2795 3543 2992 3598 virtute
3021 3543 3131 3600 Deo
3156 3547 3377 3616 prapior
3403 3542 3574 3625 adsis,

2006 3643 2180 3698 usque
2213 3631 2281 3683 ad
2322 3630 2549 3699 abyssos
2603 3633 2872 3688 descende
2918 3649 3040 3689 cum
3086 3639 3304 3692 sincera
3352 3640 3575 3695 humili-

2006 3723 2135 3772 tate.
2173 3718 2266 3773 Dic
2308 3726 2365 3773 ιιι
2411 3720 2525 3789 ipse
2559 3738 2574 3775 :
2607 3719 2820 3778 Vermis
2848 3739 2990 3791 sum,
3042 3736 3095 3780 et
3137 3743 3243 3782 non
3290 3730 3472 3797 homo,
3516 3745 3576 3786 ut

2006 3811 2533 3879 respondeaturnon
2560 3813 2723 3867 talem
2751 3824 2822 3880 te,
2862 3816 2958 3870 sed
2994 3815 3270 3895 caelestem
3313 3834 3455 3887 esse,
3481 3817 3571 3891 qui

2007 3912 2178 3963 certe,
2243 3901 2288 3955 si
2325 3917 2578 3970 maguum
2622 3904 2768 3959 istud
2813 3905 2882 3959 de
2919 3917 2970 3960 te
3002 3907 3125 3975 ipso
3161 3910 3352 3963 dicens
3384 3920 3434 3964 te
3485 3913 3575 3980 ju-

2005 3993 2299 4059 Stilicares,
2361 4009 2486 4048 mox
2538 3996 2607 4049 ad
2663 3996 2990 4051 vilissimum
3037 4000 3371 4067 pervenires.
3430 4001 3574 4070 Erga

2004 4082 2072 4135 ad
2106 4097 2317 4136 summa
2348 4092 2401 4136 et
2429 4085 2644 4139 excelsa
2702 4086 2966 4150 elevatus,
3001 4103 3101 4157 per
3139 4104 3386 4143 severum
3422 4091 3572 4160 judi-

2004 4173 2147 4227 cium
2180 4173 2618 4241 in_humilitatem
2645 4178 2936 4231 descende.
2958 4177 3251 4233 Domorum
3274 4184 3416 4234 enim
3440 4198 3571 4250 quo-

2005 4266 2298 4320 daminodo
2334 4267 2534 4337 januas
2568 4270 2893 4323 continuant
2920 4272 3193 4326 damnatio
3238 4281 3292 4327 et
3327 4273 3574 4328 incarce—

2006 4356 2168 4422 ratio,
2201 4373 2300 4412 nec
2328 4360 2472 4413 ullus
2511 4374 2699 4414 carcer
2728 4361 2834 4415 nisi
2865 4377 2988 4416 cum
3019 4362 3266 4417 criminis
3298 4371 3568 4420 sententia

313 4469 390 4531 εἰς
412 4469 778 4521 ταπείνωσιν.
836 4467 1220 4538 Ἀγχιθυροῦσι
1254 4468 1362 4537 γάρ
1409 4484 1528 4528 πως
1576 4466 1899 4536 κατάκρισις
1930 4479 1975 4529 ι)
2005 4451 2301 4519 cogitatu"-

311 4560 403 4612 καὶ
452 4558 831 4629 ἐγκάθειρξις,
878 4559 975 4611 καὶ
1022 4559 1248 4627 οὐδεμία
1298 4557 1490 4630 εἱρκτὴ
1521 4556 1598 4628 μὴ
1652 4558 1773 4627 οὐχ).
1804 4557 1898 4610 ἐπὶ

313 4650 611 4705 δικαιώσει
643 4649 991 4721 πταίσματος
1016 4651 1380 4719 ἐπινενόηται.

387 4739 506 4811 μγ’.
545 4740 818 4794 Ἐνταῦθα
860 4740 918 4793 δὲ
958 4739 1259 4808 ἀξιώσαιμι
1288 4741 1376 4802 ἂν,
1416 4738 1509 4791 καὶ
1547 4738 1604 4804 ἐξ
1638 4736 1896 4807 ἀκεραίου

316 4836 408 4887 καὶ
439 4834 700 4903 πλήρους
732 4828 875 4887 εῖναι
906 4832 1005 4900 τὴν
1032 4832 1335 4902 κάθειρξιν,
1370 4832 1445 4893 ὡς
1494 4831 1568 4900 μὴ
1600 4830 1760 4900 μέρει
1797 4830 1898 4897 μέν

313 4941 417 4978 τινι
438 4924 895 4988 κατακλείεσθαι,
921 4921 1076 4986 αὖθις
1107 4924 1162 4976 δὲ
1188 4925 1345 4992 μέρει
1371 4923 1565 4991 ἑτέρῳ,
1603 4922 1696 4974 καὶ
1722 4921 1897 4973 ταῦτα

312 5013 387 5082 τῷ
419 5015 758 5083 κυριωτέγεῳ
809 5013 1000 5067 ἄνετον
1036 5009 1176 5065 εἶναι
1200 5013 1290 5064 τὸν
1342 5010 1769 5081 καθειργμένον,
1802 5012 1899 5060 καὶ

316 5103 654 5168 πλανᾶσθαι,
687 5105 811 5157 ὅποι
848 5104 945 5158 καὶ
983 5103 1255 5172 βούλεται.
1288 5097 1395 5155 Ἦν
1425 5102 1533 5169 γὰρ
1563 5101 1623 5152 οὐ
1656 5099 1898 5161 τοιοῦτος

314 5197 341 5247 ὁ
362 5196 438 5266 τῷ
465 5196 691 5265 σώματι
724 5194 822 5264 μὲν
849 5194 1276 5264 ἐγκατίρκοδομη
1287 5193 1444 5262 μένο,
1476 5187 1588 5244 οἷον
1614 5191 1692 5260 τῷ
1721 5208 1740 5241 ι
1773 5188 1898 5242 στύ-

315 5283 407 5356 λῳ,
444 5307 465 5340 ι
497 5289 629 5349 ταῖς
679 5286 735 5338 δὲ
771 5286 988 5355 ὀρέξεσι
1051 5284 1263 5353 βόσκων
1312 5282 1507 5335 ἐαυτὸν
1540 5281 1767 5344 άνετονς
1812 5279 1894 5345 ὃς,

315 5378 470 5447 εἰπερ
498 5373 619 5446 εἷχε
653 5376 729 5444 τῷ
752 5376 861 5428 τῶν
894 5374 1200 5442 ἐπιθυμιῶν
1219 5373 1406 5442 κούφῳ
1430 5369 1895 5440 συνεπτερῶσθαι,

318 5469 650 5519 συνεπέτετο
688 5466 755 5519 ἂν
795 5466 1058 5529 ἐκείναις,
1082 5465 1178 5516 καὶ
1200 5464 1357 5531 ὀλίγα
1387 5463 1479 5515 τὸν
1508 5461 1751 5514 οἰκίσκον
1766 5458 1911 5539 τοῦ-ἱ

318 5572 404 5609 τον
431 5558 680 5627 ᾤκησεν.
722 5558 1098 5625 Ἐγκλειστὲον
1137 5551 1253 5616 οὖν,
1286 5550 1331 5608 ὧ
1358 5547 1535 5616 οὗτος.
1565 5554 1685 5605 ὅλον
1728 5568 1894 5605 σεαυ-

317 5645 405 5696 τὸν
431 5646 657 5717 σώματι
682 5646 884 5717 δηλαδὴ
922 5648 1014 5699 καὶ
1037 5646 1209 5715 ψυχῇ,
1240 5646 1335 5697 καὶ⁸
1367 5645 1607 5713 μάλιστα
1635 5638 1698 5711 τῇ
1720 5641 1891 5709 ψυχῇ,

322 5732 454 5789 ὥστε
503 5736 564 5788 σὲ
594 5735 697 5803 μὲν
722 5736 843 5789 ὅλον
883 5735 958 5798 ὡς
994 5737 1072 5797 εἰς
1104 5734 1283 5804 ψυχὴν
1321 5729 1674 5802 μονάξεσοοι,
1708 5727 1895 5783 ἁπλοῖ-

2073 4714 2163 4768 45.
2201 4714 2302 4769 llic
2336 4730 2463 4769 vero
2488 4724 2854 4784 opportunum
2888 4716 3127 4770 arbitror
3160 4724 3214 4771 et
3247 4717 3315 4771 de
3353 4717 3569 4772 sincero

2001 4814 2055 4860 et
2089 4810 2155 4859 de
2186 4809 2452 4875 completo
2494 4822 2615 4861 esse
2655 4808 3161 4871 incarceratiunettt,
3215 4807 3427 4861 Scilicet
3461 4825 3566 4861 non

2002 4899 2217 4966 quidem
2278 4899 2501 4962 includi,
2550 4914 2579 4952 ρ
2624 4909 2810 4952 contra
2857 4915 2984 4952 vero
3026 4914 3056 4953 ιι
3100 4900 3343 4953 cnstodia
3390 4899 3566 4952 emitti

2001 4990 2271 5058 captivum
2301 4998 2352 5043 et
2382 4990 2564 5058 vagari
2599 5005 2707 5059 quo
2735 4991 2972 5045 libuerit.
3012 4989 3129 5045 Non
3171 4990 3312 5044 enim
3346 4989 3393 5043 is
3421 5002 3571 5044 esset

1999 5080 2092 5146 qui
2125 5094 2353 5147 corpore
2379 5079 2598 5150 quidem
2634 5080 3031 5135 habitationem
3062 5081 3310 5146 haberet,
3354 5081 3495 5133 sicut
3516 5082 3567 5132 iu

1999 5171 2272 5237 columna,
2310 5170 2638 5241 appetitibus
2681 5187 2811 5225 vero
2855 5172 3139 5229 remissius
3185 5171 3570 5228 satisfaceret?

1999 5265 2113 5334 qui,
2167 5263 2293 5317 licet
2350 5263 2418 5317 ad
2468 5263 2756 5317 volandunt
2813 5264 3082 5332 cupidinis
3137 5265 3360 5319 levitate
3410 5273 3567 5333 aptus

1998 5368 2163 5423 esset,
2196 5359 2281 5414 his
2308 5358 2596 5428 indulgens
2624 5360 2858 5425 volaret,
2922 5369 2976 5413 et
3023 5373 3149 5413 raro
3179 5359 3369 5414 cellam
3405 5357 3564 5411 istam

2000 5452 2292 5507 habitaret.
2324 5451 2684 5506 lncludendus
2746 5467 2900 5521 ergo,
2949 5466 2981 5505 ο
3012 5458 3088 5514 ιιι,
3126 5460 3268 5505 totus
3308 5466 3339 5503 a
3371 5460 3420 5503 te
3446 5448 3565 5518 ipso

1995 5560 2075 5610 es,
2100 5559 2328 5611 corpore
2353 5544 2565 5599 scilicet
2591 5555 2642 5596 et
2676 5545 2880 5608 anima,
2911 5553 2964 5597 et
3005 5544 3308 5611 praesertim
3359 5540 3560 5602 anima,

1996 5638 2070 5691 ita
2102 5646 2159 5688 ut
2190 5646 2244 5689 te
2279 5646 2447 5687 totum
2492 5635 2739 5690 includas
2776 5635 2829 5688 iit
2870 5635 3108 5689 animam
3149 5645 3404 5704 tanquam
3448 5646 3561 5685 mo-

2001 5726 2158 5780 nachi
2210 5725 2424 5787 cellam,
2471 5736 2524 5779 te
2572 5726 2869 5795 simplicem
2925 5725 3239 5794 integritate
3290 5722 3557 5793 completa
