4048 6436
417 336 532 401 239

1102 334 1539 398 'EUSTATHII
1580 331 2319 393 THESSALONICENSIS
2360 331 2913 392 METROPOLlTE

3521 326 3630 386 216

428 462 546 507 toto
573 449 737 505 corde
757 448 821 503 ad
846 447 1066 502 virtutis
1091 447 1340 502 bravium
1365 455 1638 514 paratum,
1670 445 1976 498 columnam

2089 449 2416 514 κευσάμενον
2463 446 2523 497 τὸ
2555 447 2652 513 τῆς
2682 445 2927 512 διαρτίας
2978 443 3228 496 σύνθετον
3250 441 3327 500 εἰς
3373 439 3631 506 sise-.730»;

429 556 556 595 vero
601 542 742 596 sicut
788 539 1033 608 corporis
1073 537 1374 605 analogiam
1427 535 1590 587 habet
1622 547 1719 601 pro
1762 533 1982 586 homine

429 631 519 697 qui
558 630 702 684 intus
745 637 852 696 est,
883 627 1090 696 pariter
1125 625 1487 678 includentem
1530 638 1626 692 pro
1657 631 1769 674 tota
1801 621 1980 674 anima

431 728 708 782 teneas..:

499 804 592 860 44.
635 805 690 858 Si
747 818 874 859 vero
927 815 1149 856 necesse
1201 810 1283 852 est
1345 798 1672 867 cupiditates
1725 798 1983 867 quasdam

432 905 581 949 extra
609 895 912 950 columnam
945 893 1178 953 mittere,
1247 891 1436 944 saltem
1477 891 1803 958 compositas
1837 891 1984 952 volo,

434 986 648 1051 penitus
694 981 1038 1036 rationabiles
1065 990 1118 1035 et
1149 992 1342 1033 ascetaa
1393 979 1682 1032 reclusioni
1711 988 1765 1032 et
1801 994 1987 1032 coarc-

432 1074 619 1127 tationi
650 1083 1062 1133 consentaneas,
1097 1079 1175 1133 ut,
1207 1068 1662 1136 quemadmodum
1709 1069 1844 1122 bona
1893 1067 1988 1121 do-

432 1166 576 1218 mina
624 1165 910 1231 prudentes
959 1161 1180 1214 ancillas
1234 1159 1394 1212 mittit
1463 1173 1780 1226 quocunque
1855 1172 1988 1224 opus

440 1264 553 1320 est,
599 1255 677 1308 sic
710 1264 760 1307 et
789 1254 964 1304 anima
994 1261 1082 1304 tua
1111 1249 1411 1303 utili0t-ilms
1435 1248 1788 1316 cupiditatum
1829 1249 1988 1301 ruini-

443 1344 622 1398 steriis
669 1351 870 1396 utatur.
904 1339 1039 1393 Num
1073 1339 1203 1392 nihil
1232 1347 1444 1407 appetet
1469 1336 1865 1407 stylita?Sane,
1897 1341 1985 1404 qui

456 1447 560 1484 non
591 1433 764 1483 anima
815 1439 978 1490 caret,
1013 1441 1212 1492 escam,
1246 1437 1425 1495 potum
1451 1436 1681 1495 appetet,
1710 1435 1991 1480 ctutrum-

432 1538 536 1591 que
585 1535 684 1591 pro
737 1519 1058 1573 necessitate
1123 1519 1395 1570 hominum
1448 1532 1733 1570 occursum
1787 1518 1986 1585 cupiet,

428 1613 748 1682 quibuscum
773 1610 914 1678 loqui
939 1609 1141 1678 possit;
1172 1608 1271 1661 erit
1295 1608 1393 1676 ipsi
1418 1607 1640 1660 aliorum
1667 1607 1987 1661 desiderium

429 1717 550 1769 quae
614 1703 882 1755 hominem
925 1701 1117 1752 honuni
1161 1702 1520 1765 constituent;
1555 1713 1656 1753 non
1692 1699 1832 1752 enim
1869 1714 1988 1767 pro-

429 1805 548 1861 pter
579 1794 692 1847 haec
725 1791 1108 1860 vituperandus
1139 1790 1296 1844 homo
1329 1798 1434 1844 est.

499 1968 588 2022 45.
626 1967 693 2022 Ει
738 1967 815 2020 sic
863 1966 1080 2034 quidem
1112 1967 1350 2020 caelestis
1390 1981 1488 2035 per
1535 1965 1662 2020 illud
1698 1965 1987 2034 praevalere

426 2059 666 2113 videtur.
713 2057 1027 2111 Custodiam
1092 2055 1374 2120 meditare,
1430 2065 1483 2109 et
1535 2057 1833 2109 humilitate
1866 2056 1991 2108 sub-

431 2149 631 2202 missus
695 2147 810 2211 lias,
857 2155 1108 2213 reputans
1153 2153 1205 2199 te
1251 2153 1416 2198 totum
1477 2145 1811 2200 reconditum
1845 2161 1986 2212 esse,

432 2239 728 2293 secundum
772 2237 932 2291 talem
967 2237 1235 2290 hominem
1275 2237 1470 2304 cogita.
1505 2235 1584 2290 Ne
1612 2250 1740 2290 vero
1770 2238 1990 2291 omnino

435 2329 488 2380 in
544 2327 872 2380 otiositatem
911 2326 1138 2390 incidas,
1179 2335 1430 2392 reputans
1481 2334 1531 2380 te
1575 2326 1627 2379 in
1677 2328 1990 2394 spectaculo

434 2419 499 2469 ad
555 2417 806 2485 exiguum
844 2425 1054 2482 tempus
1100 2415 1357 2468 athletam
1402 2429 1543 2480 esse,
1575 2425 1628 2468 et
1669 2416 1988 2471 athletarum

434 2506 532 2558 tibi
563 2520 683 2559 esse
717 2519 961 2569 arenam,
992 2505 1043 2556 in
1091 2519 1194 2572 qua
1229 2516 1279 2558 te
1317 2515 1530 2572 oportet
1572 2504 1763 2559 fortem
1791 2521 1912 2560 esse
1939 2514 1992 2558 et

434 2596 709 2650 scenicum
752 2594 944 2649 videri.
977 2594 1145 2661 Hujus
1179 2596 1492 2649 certaminis
1520 2595 1723 2649 athleta
1774 2605 1992 2665 propter

436 2696 650 2754 sperata
695 2686 915 2755 praemia
938 2696 1077 2740 esto.
1112 2684 1208 2740 Hic
1239 2701 1370 2754 opus
1401 2696 1485 2739 est
1511 2696 1564 2740 et
1597 2701 1786 2742 omnes
1818 2695 1992 2741 metas

438 2775 737 2839 transilire,
768 2775 894 2842 quia
931 2775 1284 2841 apostolicum
1313 2783 1394 2828 est
1432 2775 1662 2830 inveniri
1694 2777 1752 2830 in
1797 2776 1995 2829 labori-

436 2866 536 2918 bus
566 2879 728 2933 supra
772 2863 1135 2919 modum..Sic
1177 2865 1320 2918 enim
1349 2865 1723 2920 adversar-ium
1757 2878 1994 2934 proster-

2081 537 2158 604 τῷ
2187 536 2286 604 τῆς
2326 535 2527 603 ἀρετῆς
2583 535 2930 602 ἑκνικήματι,
2975 533 3066 584 τὸν
3117 531 3220 583 se.
3258 529 3452 583 στύλον
3485 546 3504 579 ι
3535 529 3632 579 ὅσα

2085 627 2180 682 καὶ
2237 628 2498 694 ἀνάλογόν
2529 643 2583 678 τι
2616 626 2774 694 σῶμα
2811 619 2950 677 εἶναι
2977 624 3054 694 τῷ
3082 623 3188 675 ἔσω
3228 619 3524 691 ἀνθρώπῳ,
3555 617 3632 682 τῷ

2082 717 2186 786 ὅλῳ
2209 717 2378 786 ψυχῇ.

2154 804 2256 875 μδ’.
2290 806 2350 858 Εἰ
2379 805 2435 858 δέ
2459 806 2668 872 ἀνάγκη
2703 804 2865 866 πᾶσα,
2896 802 3186 870 ἐπιθυμίας
3219 799 3369 859 τινὰς
3401 796 3506 861 ἔξω
3537 795 3628 847 τοῦ

2093 916 2110 950 ι
2150 897 2340 950 στύλου
2378 914 2398 948 ι
2440 895 2772 964 πέμπεσθαι,
2816 896 2948 947 ἀλλὰ
2980 893 3178 954 ταύτας
3213 891 3345 954 ἁξιῶ
3378 888 3632 956 ἐμμελῶς

2085 988 2249 1056 ἐχειν,
2283 988 2376 1040 καὶ
2404 986 2544 1039 πάνυ
2575 985 2825 1051 ἐλλὸγως,
2860 984 2952 1036 καὶ
2995 983 3156 1049 ἀξίως
3186 981 3283 1048 τῆς
3317 979 3425 1031 ἔσω
3453 994 3632 1030 στενοο

2085 1078 2286 1148 χωρίας
2322 1076 2415 1129 τοῦ
2441 1076 2677 1144 ἀσκητοῦ
2713 1075 2804 1126 καὶ
2833 1072 3243 1139 κατασφίγξεως
3267 1087 3281 1100 ν
3316 1070 3425 1132 ἴνα,
3468 1067 3633 1120 καθά-

2086 1184 2190 1236 περ
2251 1166 2426 1237 ἀγαθὴ
2478 1165 2728 1218 δέσποινα
2781 1163 3139 1229 θεραπανίδας
3198 1161 3472 1226 ἐκπέμπει
3529 1155 3637 1208 σώ-

2087 1256 2460 1326 φρονας,·ὖποι
2505 1254 2622 1306 δέον
2675 1254 2810 1318 ἐστὶ,
2841 1251 2980 1304 οὕτω
3020 1251 3174 1318 καὶὴ
3226 1247 3292 1316 σὴ
3324 1247 3470 1315 ψυχὴ
3519 1249 3635 1308 ταῖς

2085 1345 2470 1415 χρηστοτέραις
2511 1343 2618 1394 τῶν
2651 1340 2954 1408 ἐπιθυμιῶν
3000 1339 3289 1408 ὑπουργοίς
3321 1336 3524 1405 χρῷτο.
3551 1333 3635 1401 Μὴ

2086 1436 2193 1504 γὰρ
2213 1435 2312 1486 οὐκ
2337 1419 2663 1502 ἐπιθυμήσει
2689 1431 2779 1483 καί
2801 1431 2828 1482 ὁ
2862 1447 2880 1480 ι
2915 1429 3163 1496 στυλίτης
3183 1442 3198 1457 ο
3236 1445 3256 1477 ι
3283 1427 3373 1478 ναὶ
3398 1425 3633 1483 πάντως,

2084 1523 2329 1591 ὅτιιμηδέ
2371 1522 2597 1590 ἄψυχος,
2631 1519 2878 1590 ὀρέξεται
2914 1518 3194 1588 βρώσεως,
3241 1516 3493 1584 ὀρέξεται
3539 1513 3636 1564 πό-

2087 1629 2244 1678 σεως,
2292 1614 2387 1665 καὶ
2425 1612 2624 1680 ἀμφοῖν
2671 1612 2728 1664 ἐν
2772 1610 2974 1662 δέοντιο
3023 1607 3352 1674 ἐπιθυμήσει
3391 1603 3637 1671 ἐντυχίας

2087 1705 2414 1775 προσώπων,
2459 1701 2539 1765 οἷς
2573 1700 2748 1772 χρεὼν
2798 1701 2960 1755 αὐτὸν
2999 1700 3243 1769 ὁμιλεῖν·
3292 1699 3445 1750 ἔσται
3490 1694 3635 1764 αύτῷ

2015 1762 2057 1820 Β
2084 1795 2265 1864 ἔφεσις
2296 1795 2390 1846 καὶ
2443 1794 2669 1862 ἐτέρων,
2701 1793 2796 1844 ὅσα
2817 1793 2915 1843 -τον
2964 1789 3162 1856 ἀγαθὸν
3198 1787 3521 1840 συνιστῶσιν
3547 1787 3637 1839 ἄν·

2087 1886 2298 1954 θρωπον
2321 1899 2334 1913 ·
2396 1883 2510 1936 ἀλλ’
2541 1884 2600 1933 ού
2633 1881 2908 1949 μεμπτέος
2938 1880 3026 1931 διὰ
3067 1878 3240 1931 ταῦτα
3274 1881 3300 1930 ὁ
3328 1877 3633 1947 ἄνθρωπος.

2157 1973 2260 2043 με’.
2298 1975 2405 2028 Καὶ
2451 1972 2594 2026 οὕτω
2656 1972 2753 2040 μὲν
2803 1973 2830 2022 ὁ
2885 1971 3155 2040 οὐράνιος,
3210 1970 3305 2022 καὶ
3360 1969 3448 2021 διὰ
3485 1969 3638 2020 τοῦτο

2087 2069 2370 2135 ὑπερέχειν
2423 2063 2616 2118 δοκῶν.
2659 2061 2919 2129 Ἐνθυμοῦ
2971 2064 3063 2112 καὶ
3106 2059 3203 2128 τὴν
3259 2078 3278 2110 ι
3325 2058 3572 2127 εἱρκτὴν,
3611 2077 3629 2107 ι

2088 2159 2182 2212 καὶ
2208 2159 2357 2226 γίνου
2392 2160 2462 2227 τῇ-
2478 2155 2800 2208 ταπεινώσει
2832 2155 2979 2206 κάτω
2997 2168 3013 2182 ο
3043 2153 3134 2204 καὶ
3157 2151 3313 2216 νοῶν,
3339 2152 3458 2212 ὅλος
3484 2151 3637 2214 ἐγκε-

2089 2242 2404 2312 κλεισμένος
2433 2239 2591 2304 εἶναι,
2643 2241 2824 2310 φρόνει
2857 2243 2996 2294 κατά
3041 2240 3278 2293 τοιοῦτον
3333 2240 3635 2310 ἄνθρωπον.

2088 2333 2180 2400 Μὴ
2212 2333 2426 2392 πάντως
2454 2330 2511 2383 δὲ
2553 2329 2643 2383 καὶ
2678 2330 2754 2391 είς
2785 2329 2978 2398 ἀργίαν
3028 2328 3275 2380 ἐντεῦθεν
3308 2331 3635 2388 κατάπιπτε,

2091 2418 2469 2484 συννοούμενος
2500 2420 2614 2481 καὶ,
2644 2418 2726 2468 ὅτι
2758 2418 2895 2468 κατὰ
2919 2417 3014 2485 τὴν
3040 2417 3144 2485 πρὸ
3170 2416 3372 2484 μικροῦ
3409 2416 3636 2483 θεωρίαν

2096 2525 2114 2557 ι
2153 2507 2385 2577 ἀθλητὴς
2437 2524 2456 2559 ι
2513 2503 2598 2568 εί,
2641 2507 2734 2559 καὶ
2782 2525 2800 2555 ι
2844 2507 3084 2574 ’σκάμμα
3143 2526 3161 2558 ι
3224 2523 3307 2558 σοι
3358 2508 3635 2574 πρόκειται

2097 2616 2115 2650 ι
2149 2597 2454 2666 ἀθλητικὸν,
2486 2615 2503 2647 ι
2539 2597 2665 2650 ἔνθα
2719 2597 2824 2667 χρὴ
2871 2598 3088 2667 ἐνεργὸν
3135 2593 3270 2650 εἷναί
3305 2615 3386 2664 σε,
3435 2601 3526 2649 καὶ
3565 2597 3636 2656 ὠς

2091 2689 2313 2756 ἐντρεχῆ
2341 2685 2736 2754 θεατρίζεσθαι.
2767 2688 2963 2739 Τούτου
3000 2687 3157 2754 γενοῦ
3192 2687 3286 2739 τοῦ
3323 2689 3526 2755 ἀγῶνος
3552 2688 3635 2738 διὰ

2091 2778 2156 2829 τὰ
2185 2780 2240 2830 ἐν
2287 2777 2495 2829 ἐλπίσιν
2552 2776 2782 2830 ἔπαθλα.
2822 2777 3078 2830 Ἐνταῦθα
3118 2780 3316 2847 χρεὼν,
3373 2781 3464 2832 καὶ
3503 2779 3634 2845 ὑπὲρ

2091 2869 2158 2919 τὰ
2205 2865 2518 2933 ἐσκαμμένα
2572 2866 2747 2935 πηδᾷν
2776 2882 2833 2917 σε
2875 2867 2966 2919 καί
2994 2867 3374 2934 ὑπερϐάλλειν,
3432 2869 3512 2920 ὅτι
3547 2869 3636 2918 καὶ

443 2969 562 3019 nes,
593 2955 684 3023 qui
721 2954 982 3008 virtutum
1006 2955 1184 3008 ordini
1215 2953 1442 3010 infestus
1474 2966 1526 3009 et
1551 2957 1644 3010 vili
1673 2957 1990 3010 immodera-

2093 2955 2442 3008 ἀποστολικδν
2485 2973 2504 3005 ι
2549 2954 2608 3006 τὸ
2645 2956 2701 3006 ἐν
2743 2956 2929 3016 κόποις
2953 2956 3412 3024 ὑπερϐαλλόντως.
3447 2975 3465 3008 ι
3489 2956 3639 3009 Οὕτω

437 3043 569 3097 tioni
621 3054 870 3097 assuetus
919 3047 1330 3114 temperantiam
1363 3046 1682 3100 detestatur.
1723 3047 1786 3098 Et
1815 3061 1990 3114 quam-

2095 3047 2204 3116 γάρ
2236 3042 2325 3097 τὸν
2358 3046 2730 3114 ἀντικείμενον
2757 3045 3101 3110 καταὸαλεῖς,
3125 3047 3182 3109 ὃς
3225 3051 3343 3103 ταῖς
3372 3049 3478 3100 τῶν
3509 3048 3636 3116 ἀρε-

434 3138 518 3188 vis
572 3137 790 3188 vincere
841 3135 936 3188 tibi
973 3136 1248 3204 contingat
1279 3144 1335 3189 et
1372 3145 1667 3205 martyrum
1721 3139 1990 3205 praemium

2093 3135 2200 3188 τῶν
2232 3135 2590 3201 συμμετρίαις
2623 3135 3149 3200 ἀντιπαρακάθηται,
3189 3138 3280 3186 καὶ
3313 3137 3409 3206 τῆς
3435 3136 3638 3202 φαύλης

436 3225 680 3293 adipisci,
716 3241 820 3277 non
858 3225 985 3278 licet
1014 3226 1170 3294 erigi,
1203 3237 1294 3278 aut
1341 3226 1577 3280 elatione
1613 3230 1912 3296 spernenda
1947 3239 1990 3280 et

2095 3219 2394 3290 ὑπερϐολῆς
2422 3220 2518 3283 ὢν,
2553 3222 2919 3290 ἀπεχθάνεται
2951 3227 3066 3284 ταῖς
3125 3225 3356 3291 ίσὸτησι.
3397 3224 3501 3278 Καὶ
3546 3226 3636 3290 γέ-

436 3315 746 3383 arrogantia
801 3315 1051 3367 exaltari.
1087 3313 1237 3368 Licet
1289 3315 1434 3368 enim
1486 3316 1742 3370 ditissimi
1789 3316 1990 3369 domini

2092 3327 2233 3362 νοιτο
2262 3311 2357 3378 μέν
2391 3327 2470 3361 σοι
2494 3315 2668 3379 νικᾷν,
2690 3311 2906 3363 καὶτῶν
2937 3311 3198 3381 βράὗείων
3230 3317 3513 3384 τυγχάνειν
3535 3313 3636 3364 τῶν

441 3403 666 3454 conviva
700 3404 991 3456 secundum
1025 3403 1412 3471 philosophiam
1455 3405 1508 3457 in
1547 3406 1826 3460 emunt-uio
1854 3421 1990 3459 sum-

2101 3399 2466 3470 μαρτυρικῶν,
2490 3400 2560 3470 μὴ
2586 3402 2878 3471 ἐπαρθῆναι
2897 3403 2949 3455 δὲ
2973 3405 3104 3471 μηδέ
3121 3404 3278 3468 οὕτω,
3307 3407 3440 3476 μηδὲ
3471 3422 3639 3472 παρυ-

444 3507 535 3546 mo
578 3494 692 3558 sis;
728 3493 819 3545 sed
857 3493 1162 3546 convivium
1214 3495 1351 3544 istud
1383 3494 1730 3560 protrahitur,
1786 3492 1990 3559 quando

2094 3491 2338 3558 ψωθῆναι
2363 3491 2458 3559 τὴν
2474 3492 2572 3541 οὐκ
2589 3493 2978 3562 ἐπαινουμένην
3000 3494 3220 3562 ξπαρσίν
3237 3512 3293 3546 τε
3307 3498 3404 3548 καὶ
3420 3495 3636 3563 ὕψωσιν.

443 3590 644 3651 paratae
685 3583 852 3652 justis
892 3581 1099 3635 delicia:
1137 3589 1189 3635 et
1220 3582 1465 3650 voluptas
1504 3583 1903 3636 revelabuntur.

2114 3579 2175 3631 Ei
2205 3580 2311 3648 γὰρ
2339 3581 2432 3632 καὶ
2468 3581 2770 3643 σύνδειπνος
2795 3581 2892 3652 ἔσῃ
2913 3585 2988 3650 τῷ
3017 3585 3401 3653 πλουσιωτάτῳ
3432 3585 3639 3634 δειπνο-

451 3674 672 3743 κλήτορι
711 3675 848 3726 κατὰ
879 3673 974 3743 τὴν
1017 3674 1076 3727 ἐν
1121 3672 1197 3742 τῷ
1244 3690 1262 3724 t
1312 3673 1532 3743 ἀνωγέῳ
1584 3694 1602 3726 ι
1656 3675 1989 3742 φιλοσοφίαν,
2030 3672 2143 3724 ἀλλ’
2181 3672 2210 3722 ὁ
2243 3671 2340 3740 μὲν
2371 3671 2580 3734 δεῖπνος
2610 3666 2759 3734 οὗτος
2808 3670 3050 3742 ὕστερον,
3099 3675 3186 3725 ὅτε
3235 3675 3329 3725 καὶ
3397 3677 3429 3744 ἡ
3491 3687 3640 3725 τετα-

450 3765 713 3834 μιευμένη
768 3769 877 3828 τοῖς
942 3767 1164 3828 δικαίοις
1218 3769 1614 3836 ἐκφανθήσεται
1673 3769 1850 3835 τρυφὴ
1903 3769 1995 3818 καὶ
2031 3766 2345 3826 ἀπόλαυσις.

514 3857 603 3912 46.
644 3857 797 3910 Nunc
837 3859 1132 3921 secundum
1160 3859 1330 3912 Deum
1374 3863 1620 3927 stigmata
1668 3862 1851 3928 cupito
1883 3875 1990 3912 cru-

2170 3863 2286 3924 pg’.
2315 3858 2471 3926 ’Ἄρτι
2510 3855 2564 3908 δέ
2597 3856 2690 3908 καὶ
2727 3860 2794 3907 τὰ
2829 3857 2967 3910 κατά
3005 3857 3135 3910 Θεὸν
3179 3857 3450 3925 στίγματα
3489 3856 3640 3909 ἐνθυ-

440 3949 707 4003 cilixionis
741 3950 893 4017 signa
921 3955 1145 4001 mortem
1181 3957 1232 4003 et
1264 3964 1428 4018 super
1450 3952 1628 4003 omnia
1663 3952 1990 4017 sepulchrum

2101 3945 2226 4014 μοῦ,
2265 3947 2331 3998 τά
2379 3946 2470 3997 τοῦ
2533 3949 2908 4014 σταυρωθῆναι
2937 3948 3224 4017 δείγματα,
3280 3953 3375 4003 καὶ
3411 3950 3506 4020 τὴν
3555 3952 3639 4001 νέ-

441 4043 616 4109 cogita
638 4041 690 4092 in
713 4055 818 4106 quo
839 4039 1094 4093 columnae
1119 4040 1264 4094 illius
1283 4042 1662 4110 contemplatio
1684 4045 1854 4112 quoad
1879 4046 1990 4096 vita

2097 4051 2326 4103 κρωσιν,
2351 4037 2446 4088 καὶ
2491 4035 2580 4085 ἐπὶ
2628 4038 2761 4087 πᾶσι
2805 4037 2895 4087 τὸν
2927 4053 2944 4085 ι
2980 4039 3165 4102 τάφον,
3209 4055 3228 4088 ι
3266 4039 3346 4099 είς
3390 4039 3508 4106 an;
3550 4035 3639 4086 τοῦ

428 4136 792 4187 imitationem
813 4134 1098 4195 terminum
1121 4134 1326 4199 habuit,
1342 4135 1493 4203 cujus
1506 4135 1623 4188 vita:
1639 4137 1990 4189 tumulnstini:

2105 4145 2122 4177 ι
2161 4125 2352 4176 στύλου
2387 4144 2404 4176 ›
2443 4127 2623 4194 ἐκείνη
2650 4127 2850 4194 θεωρία
2877 4126 3132 4196 κατέληξε
3165 4130 3302 4178 κατά
3337 4129 3450 4197 βίου
3477 4128 3642 4194 μίμη-

443 4233 546 4276 est.
605 4223 755 4276 illum
807 4225 968 4276 corde
1022 4224 1222 4291 cupito,
1280 4225 1331 4276 iu
1384 4238 1492 4292 quo
1545 4235 1597 4278 te
1647 4226 1887 4292 reposuit
1930 4235 1990 4289 et,

2101 4231 2205 4278 σιν,
2241 4210 2301 4266 οῦ
2335 4217 2427 4266 καὶ
2478 4215 2638 4266 αὑτοῦ
2685 4218 2850 4283 τάφος
2897 4217 2956 4268 τὸ
3005 4219 3395 4286 συμπέρασμα,
3448 4218 3641 4268 Τοῦτον

444 4320 504 4364 ut
549 4313 618 4365 ita
667 4313 866 4376 dicam,
903 4313 1146 4364 condidit
1202 4314 1362 4366 ratio.
1418 4313 1472 4366 Si
1523 4317 1664 4366 enim
1716 4316 1859 4368 infra
1891 4331 1990 4368 ma-

2099 4303 2350 4372 ἐνθύμιον
2382 4305 2491 4373 ἔχε,
2526 4307 2582 4356 ἐν
2614 4302 2655 4373 ᾧ
2681 4307 2892 4359 τέθεικέ
2925 4325 2980 4358 σε
3017 4311 3043 4360 6
3088 4309 3263 4374 λόγος,
3302 4311 3396 4362 καὶ
3426 4309 3498 4370 ὡς
3537 4303 3642 4359 οἷον

445 4413 632 4454 nentes
666 4412 920 4468 tanquam
960 4418 1171 4456 sursum
1209 4405 1447 4457 ablatum
1493 4413 1546 4457 et
1584 4403 1694 4470 jam
1727 4407 1990 4459 cmlestem

2105 4394 2275 4445 εἰπεῖν
2305 4395 2696 4462 ἐγκατέχωσεν.
2731 4389 2793 4446 Εἰ
2819 4398 2927 4464 γάρ
2961 4397 3055 4447 καὶ
3085 4398 3244 4465 ἡμεῖς
3278 4401 3428 4450 κάτω
3461 4397 3641 4465 μένον-

432 4483 710 4543 hominem
747 4501 798 4545 te
828 4493 1292 4560 contemplamur,
1356 4495 1482 4548 licet
1543 4496 1596 4547 in
1648 4495 1784 4548 emlo
1841 4507 2002 4564 caput

449 4581 767 4644 ﬁrmaveris,
801 4597 961 4648 super
986 4591 1179 4634 terram
1217 4593 1395 4637 tamen
1427 4585 1674 4638 incedere
1708 4584 2000 4638 caelicolam

451 4679 502 4722 te
543 4672 902 4723 meminimus.
945 4673 1465 4738 thucmadmodum
1483 4674 1589 4725 alio
1609 4673 1834 4726 modoin
1867 4673 2001 4726 caelo

447 4765 550 4816 isto
596 4761 841 4813 conditus
895 4776 976 4824 es,
1025 4764 1253 4816 ascende
1301 4771 1354 4816 et
1395 4763 1612 4827 decede,
1667 4765 1760 4817 tibi
1800 4765 2000 4817 clama-

449 4866 570 4904 mus
601 4867 614 4902 :
661 4867 764 4903 non
800 4861 858 4904 ut
895 4854 1164 4904 inhabites
1194 4863 1247 4906 et
1278 4861 1545 4906 mortuum
1575 4862 1628 4906 te
1667 4869 1842 4921 geras,
1876 4855 2000 4908 licet

449 4939 556 4992 alio
594 4955 754 4994 sensu
801 4941 1182 5008 cupiditatibus
1216 4950 1456 4993 mortuus
1493 4942 1590 5006 sis,
1646 4944 1736 4995 sed
1769 4949 1827 4994 ut
1863 4943 1996 4993 divi-

447 5027 568 5081 nius
612 5037 664 5082 et
707 5031 770 5081 ad
820 5032 958 5082 bona
1007 5043 1168 5096 Opera
1207 5028 1428 5092 ιὶιιὶἰάηε
1461 5026 1864 5095 expergefactus
1898 5046 1994 5097 ap-

445 5133 660 5187 pareas.

472 5421 478 5428 .
515 5373 600 5425 47.
646 5371 714 5425 Ut.
739 5387 861 5424 vero
889 5373 1048 5423 etiam
1071 5411 1083 5430 ,
1117 5373 1328 5437 quando
1358 5372 1408 5425 in
1437 5377 1683 5443 sepulcro
1715 5379 1990 5431 morientis

447 5465 850 5516 similitudinem
887 5465 1090 5528 praeiret
1129 5462 1386 5514 columna:
1427 5465 1645 5530 pulchra
1687 5468 1878 5534 imago,
1905 5461 1998 5520 ite-

449 5569 567 5605 rum
636 5561 690 5606 et
745 5552 898 5602 aliter
959 5550 1103 5602 illum
1187 5555 1514 5607 venerationi
1569 5556 1988 5622 deuuntiemus,

449 5653 699 5696 accurate
727 5643 1124 5694 censideremus
1162 5645 1449 5696 secundum
1479 5644 1644 5696 Deum
1688 5648 1975 5698 viventium

2099 4499 2208 4546 τες,
2240 4483 2312 4543 ὡς
2344 4484 2858 4554 ἀναλαμῦανόμενον
2911 4486 3215 4556 θεωροῦμέν
3271 4505 3350 4550 σε,
3410 4491 3502 4539 καὶ
3545 4487 3641 4554 ἤδη

2100 4571 2347 4638 οὐράνιον
2395 4571 2695 4640 ἄνθρωπον,
2733 4573 2848 4625 ἀλλ’
2894 4576 3399 4644 ἀναμιμνήσκομεν,
3444 4578 3524 4627 ὅτι
3563 4591 3639 4635 τε,

2101 4663 2148 4712 εἰ
2183 4662 2275 4712 καὶ
2303 4661 2513 4730 οὐρανῷ
2543 4663 2827 4732 ἐστήριξας
2871 4665 3034 4734 κάρη,
3079 4666 3191 4718 ἀλλ’
3220 4666 3313 4717 ἐπὶ¹
3358 4667 3505 4734 χθονὶ
3533 4664 3641 4731 βαί-

2100 4767 2210 4811 νεις
2236 4750 2264 4799 ὁ
2307 4752 2713 4821 ούρανοϐάμων.
2753 4755 2859 4806 Kal.
2900 4757 2974 4817 ὼς
3021 4757 3177 4808 ἄλλον
3205 4757 3405 4823 τρόπον
3447 4756 3522 4822 τῷ
3551 4754 3639 4804 ού-

2102 4842 2246 4909 ρανῷ
2275 4842 2445 4910 τούτῳ
2481 4845 2792 4913 ἐντὲθαψαιι,
2827 4847 2917 4897 καί
2950 4863 3064 4908 πως
3099 4863 3118 4896 ι
3146 4846 3402 4900 ἀνάϐαινε
3431 4849 3521 4897 καὶ
3552 4859 3637 4893 τε·

2098 4930 2259 4981 λεύτα
2302 4949 2320 4980 ι
2355 4933 2732 5000 ἐπιφωνοῦμέν
2764 4951 2846 4986 σοι
2866 4950 2880 4964 ·
2919 4937 3016 5004 οὐχ
3046 4935 3184 4988 ὥστε
3211 4937 3313 5004 μὴν
3339 4939 3431 4988 καὶ
3454 4937 3636 4986 ἐναπο-

2101 5023 2280 5087 μεῖναι
2324 5023 2417 5072 καὶ
2449 5026 2762 5090 νεκριμαῑον
2798 5019 2975 5087 εἶναι,
3017 5028 3065 5078 εί
3111 5027 3204 5077 καὶ
3242 5026 3398 5078 ἄλλον
3445 5025 3638 5092 τρόπον

2098 5108 2284 5174 νεκρὸν
2314 5112 2424 5170 τοῖς
2464 5111 2714 5172 πάθεσιν,
2749 5111 2882 5163 ἀλλά
2930 5114 3364 5182 ἀνεγηγερμένον
3413 5111 3638 5180 φανῆναι

2099 5202 2235 5251 κατά
2272 5201 2540 5269 θειέτερον
2569 5205 2756 5263 τύπον,
2813 5207 2904 5256 καὶ
2951 5206 3030 5264 είς
3081 5207 3258 5273 ἀγαθά
3295 5205 3428 5271 ἔργα
3476 5199 3638 5266 νηφά-

2100 5305 2206 5342 Αλιον
2215 5331 2227 5343 .

2168 5381 2274 5451 μζ’.
2308 5383 2422 5435 Ἵνα
2452 5384 2530 5450 δὲ,
2563 5385 2608 5435 εί
2640 5386 2730 5436 καὶ
2767 5403 2783 5434 ι
2829 5385 2981 5452 τάφῳ
3023 5404 3040 5436 ι
3086 5384 3343 5435 τελευτῶν
3382 5377 3633 5447 παρείκαο

2096 5489 2216 5524 σται
2242 5475 2300 5525 τὸ
2330 5475 2421 5525 τοῦ
2466 5495 2482 5525 ι
2517 5476 2706 5527 στύλου
2756 5493 2773 5526 ι
2808 5477 2988 5537 καλὸν,
3016 5474 3501 5542 σεμνολογήσωμεν
3527 5467 3631 5515 εἱσ-

2095 5563 2246 5624 αῦθις
2276 5569 2366 5616 καὶ
2394 5565 2565 5626 ἄλλως
2593 5567 2780 5629 αὑτὸν,
2809 5565 3131 5634 σκεψώμεθα
3160 5568 3253 5617 καὶ
3277 5563 3417 5633 μάλα
3442 5555 3628 5626 ὀρθῶς,

2094 5655 2166 5713 ὡς
2201 5655 2278 5703 ὃτι
2323 5654 2430 5705 τῶν
2461 5656 2601 5706 κατά
2629 5656 2760 5707 Θεὸν
2795 5657 3009 5717 ζώντων
3049 5657 3140 5707 καὶ
3187 5659 3283 5716 τὴν
3319 5654 3395 5712 εἰς
3440 5645 3630 5716 ἀρετὴν
