4048 6432
394 400 494 464 2n

1551 405 1654 466 AD
1694 407 1914 468 STYLI
1928 405 2075 467 I‘AM
2105 407 2504 479 QUEMDAM.

3553 400 3657 471 242

394 519 690 572 ὁδευόντων
719 518 908 571 πολλοὶ
937 517 1037 588 μὲν
1064 519 1112 572 oi
1155 519 1350 589 τρόποι
1381 517 1476 574 τοῦ
1523 521 1638 591 βίου
1666 524 1764 576 καὶ
1787 523 1844 578 αί
1873 525 1972 594 τῆς

2085 532 2130 578 et
2190 523 2408 580 virtutis
2460 524 2684 579 semitas
2736 523 3131 580 ambulantium
3184 524 3386 580 multos
3433 524 3654 594 quidem

396 613 622 680 πορείας
654 611 834 681 τρίὸοι
885 613 1251 682 πολυσχιδεῖς,
1286 615 1312 665 ὁ
1361 612 1418 665 δὲ
1453 613 1596 666 κατά
1655 633 1673 664 ι
1717 613 1909 668 στύλον
1950 634 1968 666 ι

397 705 512 773 βίος
583 704 844 756 ἁπάντων
909 705 1150 774 πέφηνεν
1211 707 1632 782 ἐκφανέστατος.
1690 707 1823 777 Διχῆ
1869 706 1978 776 γὰρ

391 795 732 864 διῃρημένης
758 797 857 865 τῆς
885 797 1026 848 κατά
1068 796 1202 850 θεὸν
1235 796 1404 866 ζωῆς,
1434 799 1514 860 είς
1543 816 1602 851 τε
1631 798 1730 869 τὴν
1770 798 1976 852 ἁπλου-

396 888 599 957 στέραν
631 888 724 939 καὶ
767 890 880 947 τοῖς
925 887 1168 942 πλείοσιν
1219 889 1406 956 ὲθόιδα,
1448 890 1879 960 πολιτικωτέραν
1917 907 1978 942 τε

397 981 496 1032 καὶ
523 981 734 1049 κοινὴν,
769 981 848 1044 είς
874 997 933 1034 τε
966 982 1066 1053 τὴν
1108 984 1326 1055 ἑτέραν,
1359 985 1461 1056 τὴν
1489 985 1599 1038 εἴτε
1629 986 1975 1056 καινοτόμον,

394 1070 510 1123 είίτε
540 1071 878 1137 ξενίζουσαν,
914 1075 1025 1127 είτε
1056 1075 1482 1147 ἀπεξενωμένην
1505 1079 1679 1130 εἰπεῖν
1711 1076 1910 1148 χρεὼν,
1944 1078 1977 1147 ἠ

397 1163 502 1231 μὲν
531 1163 724 1233 πρώτη
747 1165 806 1217 οὐ
833 1165 967 1218 πολὺ
994 1165 1217 1220 πλουτεῖ
1254 1169 1316 1220 τὸ
1340 1170 1588 1224 ποικίλον
1625 1188 1686 1222 τε
1713 1170 1806 1224 καὶ
1839 1170 1978 1234 ξενί-

395 1254 512 1322 ζον,
546 1259 580 1327 ἡ
617 1257 671 1309 δὲ
695 1258 924 1327 δευτέρα
955 1260 1034 1321 είς
1066 1259 1237 1314 πολλά
1277 1261 1570 1332 καινότερα
1601 1260 1870 1332 ἔσχισται.

477 1433 590 1505 μη’.
625 1434 844 1505 Ταύτης
883 1438 1048 1508 μέρος
1082 1441 1182 1511 τῆς
1234 1441 1380 1511 ζωῆς
1419 1442 1471 1493 οί
1501 1441 1588 1494 διὰ
1619 1441 1854 1512 Χριστὸν
1881 1440 1978 1511 τὴν

396 1534 747 1601 αὑτοσοφίαν,
779 1533 876 1586 καὶ
904 1529 964 1586 οῦ
999 1533 1094 1602 τῆς
1129 1533 1398 1596 συνέσεως
1421 1533 1522 1586 ούκ
1545 1533 1693 1586 ἔστιν
1721 1533 1976 1602 ἀριθμὸς,

399 1623 851 1694 ἀπαρνησάμενοι
884 1623 982 1694 τὴν
1020 1623 1163 1676 κατά
1198 1623 1312 1694 βίον
1341 1623 1608 1678 δοκοῦσαν
1652 1625 1843 1691 σοφίαν
1887 1624 1980 1676 καὶ

399 1719 694 1786 φρόνησιν·
728 1714 932 1786 ταύτης
975 1734 994 1767 ι
1032 1717 1081 1768 oi
1130 1717 1414 1786 γυμνῖται,
1454 1734 1473 1768 ι
1515 1717 1565 1769 οί
1592 1717 1668 1786 τῷ
1698 1717 1979 1786 ἱματισμῷ

396 1809 495 1860 καὶ
540 1806 868 1876 περιεργίαν
910 1806 1092 1858 πᾶσαν
1147 1807 1726 1876 συναπεκδυσάμενοιο
1774 1809 1982 1876 ταύτης

404 1919 426 1951 ε
459 1901 510 1952 oi
536 1900 644 1951 τῶν
672 1897 878 1968 τριχῶν
923 1897 1334 1967 ἀνεπίστροφοι,
1365 1917 1384 1949 ι
1435 1900 1519 1951 ὅτι
1566 1899 1660 1951 καὶ
1706 1899 1808 1968 τῆς
1838 1897 1982 1952 κατά

399 1993 610 2061 κόσμον
649 1991 872 2060 ἁπάσης
912 1981 1302 2060 περιττότητος
1332 1989 1427 2043 καὶ
1464 1989 1764 2060 ἁϐρότητος
1787 2004 1800 2019 °
1849 1988 1980 2042 ταύ-

395 2100 501 2153 της
548 2084 598 2135 οἱ
640 2101 658 2132 ι
704 2081 1090 2152 χαμαιεῦναι»
1144 2083 1239 2134 καὶ
1303 2099 1323 2133 ι
1382 2081 1765 2148 ἀνιπτόποδες,
1819 2102 1838 2134 ι
1889 2081 1983 2146 οὓς

398 2175 619 2246 εὐφυῶς
655 2174 924 2241 ἀνέπτυξέ
976 2191 1060 2236 τις
1087 2173 1196 2226 τῶν
1249 2173 1600 2243 σοφωτέρων,
1649 2173 1826 2244 χαμαὶ
1882 2173 1982 2244 μὲν

397 2266 800 2335 εὐναζομένους
827 2264 1017 2328 εἰπὼν,
1044 2266 1446 2336 ἀνιπταμένους
1473 2266 1529 2319 δὲ
1553 2267 1634 2329 εἰς
1659 2267 1726 2320 τὰ
1751 2265 1981 2336 ὕψιστα·

397 2357 605 2426 ταύτης
637 2357 686 2409 oi
724 2373 743 2406 ι
790 2354 1076 2425 ῥυπῶντες
1110 2372 1129 2406 ι
1158 2355 1253 2408 καὶ
1298 2352 1692 2424 ἐντεθαμμένοι
1728 2357 1794 2423 τῇ
1821 2353 1988 2424 πηλο-

399 2450 557 2520 md;
615 2447 812 2517 ταύτῃ,
865 2446 954 2500 ῐνα
1007 2446 1099 2498 τὸν
1154 2445 1382 2513 πήλινον
1431 2443 1843 2508 ἀποπλύναντες
1893 2447 1986 2497 ἁν-

398 2541 656 2611 δριάντα,
689 2539 926 2607 καθαροὶ
950 2537 1048 2606 τὴν
1081 2537 1310 2606 καρδίαν
1351 2536 1623 2605 γένωνται
1647 2551 1662 2566 ο
1697 2536 1903 2606 ταύτης
1937 2537 1986 2589 οἱ

404 2650 444 2685 «ο
467 2632 728 2699 σιγῶντες
768 2649 786 2680 ι
821 2630 855 2699 ἢ
882 2630 968 2682 διὰ
1002 2629 1142 2695 βίου,
1171 2628 1203 2698 ἣ
1238 2627 1328 2696 ἐφ’
1350 2629 1474 2681 ὅσον
1508 2627 1573 2681 ἂν
1599 2627 1774 2690 ἄλλως
1803 2627 1987 2697 δοκοίη

399 2725 608 2787 αὐτοῖς,
640 2721 938 2775 κάντεῦθεν
970 2720 1206 2787 ἀοίδιμοι
1245 2719 1421 2784 ὅντες,
1461 2719 1557 2772 καὶ
1587 2718 1749 2787 σιγῆς
1783 2717 1989 2789 ταύτης

397 2818 462 2870 τὸ
491 2815 566 2886 μὴ
598 2813 876 2882 σιγᾶσθαι,
900 2793 1047 2866 ἀλλὰ·
1071 2811 1140 2864 δι’
1187 2811 1484 2880 ἐγκωμίων
1519 2809 1782 2879 φέρεσθαι
1825 2809 1990 2863 ἀλλα-

400 2907 627 2976 ξάμενοι
648 2923 661 2938 ’
693 2905 902 2974 ταύτης
944 2903 994 2956 οἱ
1031 2921 1051 2954 ι
1084 2903 1446 2972 σπηλαιῶται,
1485 2920 1505 2954 τ
1539 2900 1587 2953 οἳ
1617 2900 1679 2953 τὸ
1704 2899 1842 2970 βαθὺ
1890 2899 1990 2968 τῆς

401 3000 546 3052 κατά
588 2997 808 3068 πνεῦμα
865 2995 1102 3066 θεωρίας
1150 2993 1230 3065 τῷ
1289 2993 1389 3064 βίῳ
1435 2993 1612 3063 τούτῳ
1644 2991 1990 3059 καθυποφαί-

401 3108 581 3146 νουσιο
632 3089 840 3160 ταύτης
883 3105 902 3140 ι
944 3088 994 3141 oi.
1034 3086 1418 3157 σιδηρούμενοι
1448 3085 1542 3138 τοῦ
1573 3083 1706 3137 Θεοῦ
1751 3086 1801 3137 οἱ
1833 3083 1989 3135 ὁπλῖ-

401 3197 526 3236 ται’
567 3199 588 3234 ι
622 3181 829 3250 ταύτης
867 3198 887 3232 ι
925 3178 976 3232 oi
1028 3179 1318 3248 δενδρῖται,
1361 3196 1380 3230 ι
1432 3179 1481 3230 οἱ
1533 3176 1627 3230 τοῦ
1679 3175 1838 3242 ξύλου
1890 3176 1990 3244 τῆς

402 3275 552 3342 ζωῆς
579 3273 909 3343 ἀκρέμονες,
953 3270 1002 3322 oi
1035 3268 1323 3332 ἀνθοῦντες
1357 3269 1415 3322 ὲν
1455 3270 1700 3339 ἀρεταῖς,
1733 3269 1782 3321 oi
1829 3266 1991 3320 καλοὶ

402 3365 611 3435 καρποὶ
641 3363 736 3418 τοῦ
769 3363 1080 3433 πνεύματος
1106 3378 1120 3394 ο
1151 3361 1356 3431 ταύτης
1376 3362 1426 3414 οε
1457 3379 1476 3412 ι
1509 3364 1796 3428 movit-at,»
1831 3362 1878 3413 οί
1901 3359 1994 3413 τὸν

407 3457 533 3512 καθ’
566 3458 718 3527 ἡμᾶς
755 3455 866 3525 βίον
896 3454 1205 3524 ἀνέχοντες,
1238 3454 1329 3505 καὶ
1361 3452 1526 3523 λῆρον
1565 3453 1820 3522 ἀφιέντες
1850 3447 1992 3506 εἶναι

409 3548 502 3599 τὸν
562 3549 643 3606 εἰς
693 3545 922 3616 οὐρανὸν
969 3544 1187 3597 ἀνιόντα
1218 3543 1449 3614 χάλκεον
1498 3544 1654 3596 κίονα
1705 3545 1800 3596 καὶ
1864 3543 1992 3606 τοὺς

409 3637 768 3700 ἁτλαντικούς
795 3653 809 3668 ο
852 3636 1085 3705 ταύτης·
1107 3635 1224 3704 (ἵνα
1256 3635 1385 3697 τοὺς
1414 3633 1635 3698 λοιποὺς
1663 3634 1892 3705 ἀφῶμεν
1922 3634 1992 3689 τὰ
2020 3670 2022 3673 -

409 3730 622 3783 ἑαυτῶν
648 3725 1084 3798 διαπράττεσθαι
1135 3727 1278 3780 κατὰ
1307 3725 1407 3795 τὴν
1447 3725 1634 3780 θεόθεν
1674 3726 1987 3799 ἐπίπνοιαν)

408 3823 504 3874 καὶ
543 3824 592 3874 oi
629 3839 648 3873 ι
688 3823 745 3873 ὲν
776 3821 1016 3890 ἀσκήσει
1045 3819 1403 3887 τεθαμμένοι.
1435 3837 1456 3870 ι

482 3914 590 3982 μθν.
625 3911 843 3965 Τούτων
883 3912 940 3963 δὲ
988 3907 1144 3974 αὖθις
1174 3910 1434 3982 τριπλοῦς
1465 3912 1492 3964 ό
1529 3909 1727 3982 τρόπος
1750 3925 1765 3940 ’
1813 3912 1863 3965 oi
1892 3910 1990 3982 μὲν

403 4006 514 4074 γαρ
545 4003 1090 4073 ὲγκαταχωννύουσιν
1124 4004 1204 4065 είς
1234 4006 1339 4074 γῆν
1368 4003 1525 4066 ὅλους
1555 4003 1805 4067 ἑαυτοὺς,
1833 4003 1990 4071 ἐγγί-

405 4094 594 4159 ζοντες
633 4095 780 4149 οὕτω
815 4096 895 4165 τῷ
932 4096 1031 4164 τῆς
1062 4096 1238 4167 ταφῆς
1263 4095 1489 4165 ὀνόματι
1525 4096 1626 4167 (μὴ
1661 4096 1770 4167 γὰρ
1794 4099 1822 4150 ὁ
1857 4096 1991 4150 ὑπό-

403 4204 547 4254 γεως
586 4187 645 4240 ού
675 4187 876 4257 μικροῦ
897 4187 1234 4258 Δτέθαιττίιοιις)
1256 4202 1270 4217 ·
1307 4188 1358 4239 οἱ
1401 4187 1460 4241 δὲ
1487 4189 1592 4258 γῆν
1625 4187 1726 4258 μὲν
1753 4187 1989 4241 πατοῦν-

402 4297 517 4342 τες,
552 4279 876 4349 βραχυτάτῳ
900 4279 954 4332 δὲ
983 4279 1332 4350 καταλύματι
1362 4279 1704 4350 ἐνείρξαντες
1735 4280 1986 4348 ἑαυτοὺς,

403 4373 810 4442 ύπεμφαίνουσι
835 4372 911 4442 τῷ
934 4373 1182 4444 ἀπροΐτῳ
1209 4371 1481 4440 τεθάφθαι
1513 4372 1607 4425 καὶ
1638 4372 1815 4426 αὐτοί.
1850 4372 1986 4443 Τρί-

401 4478 494 4524 τος
523 4463 580 4514 δὲ
607 4461 784 4530 τάφος
818 4463 847 4514 ό
877 4463 1152 4532 μετέωρος
1199 4457 1350 4527 οὗτος
1371 4481 1386 4496 ο
1423 4466 1516 4517 καὶ
1550 4466 1577 4518 ό
1621 4466 1678 4518 ὲν
1712 4463 1866 4533 αύτῷ
1893 4481 1984 4516 τε-

2085 617 2209 670 vita:
2258 617 2446 671 modos
2494 631 2614 671 esse
2657 625 2711 671 et
2746 617 2990 674 tramites
3055 617 3402 672 multifariam
3463 615 3655 678 dividi,

2082 707 2208 761 dum
2270 708 2569 762 secundum
2615 708 2922 763 columnam
2971 710 3079 763 vita
3141 709 3383 764 onmium
3448 709 3655 763 eminet

2082 799 2473 853 illustrissima.
2512 799 2571 852 In
2601 801 2732 855 duas
2771 803 2912 856 enim
2945 811 3126 870 partes
3153 799 3326 854 divisa
3358 797 3656 853 secundum

2081 889 2251 944 Deum
2298 892 2430 954 vita,
2464 892 2517 944 in
2566 905 2684 945 eam
2735 907 2854 962 quae
2887 893 3186 962 simplicior
3237 893 3512 962 plerisque
3569 897 3656 945 est

2082 993 2362 1047 consueta,
2386 985 2555 1052 magis
2575 983 2824 1040 civilibus
2842 984 3251 1038 accommodata
3276 994 3326 1038 ct
3351 982 3657 1038 communis

2081 1082 2133 1126 et
2159 1071 2460 1126 inalteram
2494 1089 2612 1143 qua:
2631 1075 2746 1129 sive
2768 1075 3030 1130 innovans
3059 1085 3142 1131 est
3165 1075 3279 1130 sive
3309 1090 3416 1142 pra:
3440 1075 3659 1129 insono

2080 1163 2441 1231 srripel‘aciens
2472 1155 2524 1219 et
2551 1181 2711 1234 quam
2733 1166 2887 1234 plane
2916 1167 3237 1236 singularem
3259 1166 3482 1228 dixeris,
3512 1165 3662 1231 prior

2081 1254 2298 1324 quidem
2334 1271 2436 1311 non
2478 1259 2740 1312 varietate
2769 1270 2824 1312 et
2855 1258 3230 1325 singularitate
3264 1256 3523 1320 abundat,
3558 1271 3662 1323 po-

2082 1349 2284 1403 sterior
2311 1363 2441 1402 vero
2473 1349 2829 1403 multifariam
2864 1349 3148 1404 dividitur.

2150 1438 2241 1493 48.
2261 1435 2432 1511 Hujus
2446 1440 2566 1495 vita:
2581 1442 2802 1510 parsqni
2821 1450 3038 1510 propter
3054 1440 3326 1496 Christum
3343 1439 3432 1510 qui
3447 1439 3662 1507 sapien-

2085 1529 2154 1582 tia
2191 1531 2306 1599 ipsa
2343 1540 2429 1586 est
2457 1540 2512 1585 ct
2548 1532 2708 1602 cujus
2739 1531 3047 1602 prudentiae
3093 1547 3204 1587 non
3240 1539 3324 1585 est
3366 1545 3655 1592 numerus,

2081 1620 2405 1690 sapientiam
2446 1621 2697 1690 rejiciunt
2739 1637 2858 1691 quae
2887 1622 3182 1676 secundum
3226 1620 3480 1676 saeculum
3530 1633 3654 1674 esse

2081 1710 2296 1764 videtur
2331 1720 2384 1764 et
2415 1711 2844 1782 intelligentiam,
2889 1713 3066 1782 hujus,
3098 1711 3192 1781 qui
3219 1711 3386 1776 nudi,
3416 1725 3538 1765 cum
3569 1724 3663 1765 ve-

2082 1804 2340 1858 stimento
2369 1819 2586 1859 omnem
2621 1805 3039 1860 sollicitudinem
3080 1805 3438 1875 abjecerunt;
3481 1800 3662 1869 hujus,

2087 1896 2180 1965 qui
2231 1895 2464 1951 crinium
2497 1893 2682 1950 curam
2725 1912 2831 1952 non
2887 1897 3108 1960 habent,
3161 1895 3286 1966 quia
3318 1894 3667 1948 abundantiae

2083 1993 2137 2042 et
2189 1987 2432 2042 mollitiei
2484 1989 2780 2042 secundum
2823 1988 3082 2042 mundum
3143 1986 3274 2040 illud
3331 1995 3450 2052 est;
3501 1983 3666 2054 hujus

2083 2081 2228 2144 vitae,
2273 2081 2364 2151 qui
2397 2080 2513 2135 solo
2569 2081 2851 2147 recubant,
2898 2082 2991 2151 qui
3021 2080 3220 2136 balneo
3265 2095 3370 2134 non
3418 2087 3664 2143 utuntur,

2083 2185 2314 2241 quorum
2379 2173 2585 2241 optime
2638 2173 2877 2226 animum
2947 2171 3202 2227 revelavit
3245 2186 3277 2226 e
3325 2169 3667 2240 sapientibus

2085 2264 2307 2333 quidam
2368 2264 2557 2320 dicens
2615 2265 2758 2335 quod
2820 2265 2971 2320 humi
3019 2265 3236 2335 quidem
3295 2264 3531 2325 cubent,
3596 2260 3667 2314 ad

2087 2357 2348 2412 altissima
2377 2373 2505 2414 vero
2538 2359 2738 2416 volent.
2779 2355 2954 2426 Hujus
2993 2358 3118 2413 vitae
3144 2357 3237 2426 qui
3269 2356 3472 2412 sordidi
3515 2364 3664 2421 sunt,

2085 2448 2209 2504 lntO'
2259 2450 2359 2504 hoc
2411 2451 2612 2520 aspersi
2665 2459 2723 2505 ut
2775 2450 2974 2505 luteam
3023 2451 3248 2519 ﬁguram
3312 2447 3665 2509 mundantes.

2089 2538 2274 2592 mundi
2311 2540 2475 2593 corde
2496 2540 2648 2593 ﬁant.
2684 2538 2872 2608 Hujus,
2908 2540 2998 2609 qui
3030 2540 3192 2594 silent
3221 2547 3314 2592 aut
3340 2553 3435 2606 per
3467 2533 3666 2602 vitam,

2093 2639 2188 2685 aut
2224 2644 2318 2700 per
2348 2642 2608 2698 quantum
2635 2631 2740 2687 illis
2783 2632 2955 2688 visum
2977 2639 3081 2698 est,
3121 2638 3174 2686 et
3198 2631 3393 2686 exinde
3423 2629 3670 2698 insignes

2090 2736 2200 2776 non
2221 2721 2437 2776 silemio
2465 2736 2586 2777 sese
2610 2725 3035 2790 praetereundus,
3055 2721 3150 2777 sed
3174 2721 3419 2776 laudibus
3437 2718 3671 2775 efferen-

2091 2798 2189 2866 d'os
2224 2821 2546 2878 autumant;
2578 2828 2743 2883 porro
2786 2813 2877 2883 qui
2901 2814 2957 2867 in
3001 2813 3249 2868 cavernis
3269 2811 3536 2877 habitant,
3571 2810 3671 2880 qui

2097 2906 2566 2976 contemplationis
2596 2907 2891 2961 secundum
2919 2906 3172 2976 spiritum
3216 2899 3423 2960 viscera
3453 2903 3507 2958 in
3559 2904 3671 2958 vita

2095 2998 2564 3064 ista'ostendunt;
2596 2993 2786 3052 l'errati
2813 2997 2908 3052 Dei
2940 2997 3175 3063 milites;
3206 2996 3388 3065 hujus,
3414 2996 3507 3066 qui
3537 2997 3671 3050 arbo

2093 3107 2211 3146 rum
2244 3105 2393 3146 more
2426 3090 2637 3157 vivunt,
2675 3091 2768 3162 qui
2819 3090 2942 3146 vitae
2972 3091 3100 3160 ligni
3137 3089 3478 3146 summitates
3510 3097 3668 3154 sunt;

2016 3204 2062 3265 ρ
2094 3181 2185 3250 qui
2229 3181 2518 3235 virtutibus
2551 3179 2910 3246 cinerescunt,
2932 3180 3143 3250 pulchri
3175 3180 3400 3250 spiritus
3427 3178 3670 3245 fructus;

2096 3274 2292 3329 deinde
2322 3272 2668 3328 colunmares
2706 3273 2796 3342 qui
2833 3273 2998 3327 vitam
3031 3272 3329 3328 secundum
3360 3286 3460 3325 nos
3498 3270 3673 3324 susti-

2096 3373 2226 3420 nent
2254 3372 2308 3419 et
2351 3365 2721 3419 contmentitia
2756 3364 3180 3433 prtetcrmittunt
3224 3377 3428 3417 amcam
3464 3362 3531 3416 ad
3560 3375 3672 3416 cm-

2093 3454 2202 3510 lum
2259 3456 2562 3510 tendentem
2609 3455 2919 3509 columnam
2968 3465 3023 3509 et
3075 3454 3364 3509 atlanticas
3415 3462 3669 3519 statuas;

2093 3548 2256 3616 hujus
2315 3547 2437 3601 vita:
2492 3545 2574 3615 (ut
2624 3546 2867 3614 reliquos
2924 3546 3409 3616 prmtermittamus
3450 3547 3672 3614 propria

2092 3639 2315 3706 exsequi
2341 3638 2643 3694 secundum
2682 3639 3098 3708 inspirationem
3139 3652 3168 3692 a
3197 3637 3353 3707 Deo),
3395 3646 3450 3694 et
3486 3638 3580 3709 qui
3615 3640 3672 3692 in

2093 3733 2180 3803 pia
2212 3733 2600 3788 exercitatione
2637 3731 2837 3802 sepulti
2865 3742 3020 3788 sunt.

2161 3913 2251 3970 49.
2292 3912 2496 3968 Horum
2529 3929 2691 3984 porro
2714 3914 2906 3984 triplex
2925 3929 3098 3987 genus
3123 3933 3137 3970 :
3158 3916 3250 3972 alii
3269 3929 3329 3972 se
3356 3925 3499 3972 totos
3525 3925 3672 3973 terra

2091 4008 2355 4072 obruunt,
2383 4007 2609 4075 propius
2639 4007 2718 4062 sic
2745 4007 2813 4062 ad
2839 4008 3132 4078 sepulturae
3157 4008 3667 4064 denominationem

2089 4099 2411 4155 accedentes
2445 4100 2648 4168 (nonne
2673 4102 3063 4156 subterraneus
3104 4101 3217 4157 fere
3250 4102 3496 4170 sepultus
3523 4102 3666 4171 est);

2088 4189 2176 4244 isti
2194 4191 2286 4260 qui
2306 4189 2358 4244 in
2382 4199 2524 4246 terra
2553 4191 2856 4258 ambulant,
2875 4193 3184 4248 arctissima
3208 4206 3339 4247 vero
3365 4198 3420 4246 in
3441 4191 3578 4247 cella
3608 4205 3670 4246 se

2089 4281 2393 4346 includunt,
2413 4283 2668 4352 sepelitos
2689 4293 2742 4338 et
2763 4285 2972 4352 seipsos
3000 4284 3236 4339 inclusos
3258 4298 3378 4339 esse
3406 4283 3670 4338 indicant.

2090 4373 2335 4428 Tertium
2365 4390 2493 4430 vero
2539 4376 2846 4445 sepulcrum
2881 4380 3098 4431 excelsa
3153 4377 3243 4430 illa
3279 4376 3532 4430 columna
3561 4391 3577 4428 :
3612 4383 3670 4427 et

2087 4465 2179 4533 qui
2199 4465 2254 4518 in
2281 4480 2344 4519 ea
2359 4465 2651 4520 collocatus
2675 4475 2729 4521 et
2752 4467 3016 4536 sepultus,
3043 4466 3243 4521 virtute
3265 4467 3501 4535 reliquos
3523 4465 3672 4520 viros

403 4547 678 4617 θειμένος,
732 4549 842 4602 εἴτε
908 4552 1001 4604 καὶ
1055 4551 1419 4622 τεθαμμένος,
1472 4554 1578 4607 τῶν
1623 4554 1830 4608 λοιπῶν
1885 4554 1985 4625 τῆς

2094 4559 2280 4624 vincit,-
2309 4558 2418 4613 alte
2436 4574 2492 4613 se
2513 4559 2735 4628 insuper
2755 4558 2840 4612 illa
2871 4558 3166 4624 collocans,
3190 4557 3377 4626 sicque
3413 4557 3669 4611 omnibus

401 4641 608 4714 ἀρετῆς
642 4642 854 4711 ἀνδρῶν
897 4643 1314 4714 ὑπερφαίνεται,
1372 4648 1762 4719 ἀναστηλώσας
1793 4648 1989 4702 ἑαυτὸν

401 4735 483 4793 είς
539 4731 836 4802 πρόοπτον,
897 4734 1012 4786 καί
1054 4734 1180 4797 δοὺς
1218 4734 1393 4798 οὕτως
1437 4736 1643 4791 ἅπασιν
1693 4741 1774 4801 είς
1825 4738 1988 4792 αὐτὸν

400 4823 755 4889 ἀναῦλέπειν,
791 4827 862 4888 ὡς
896 4828 1007 4888 τοῖς
1044 4826 1300 4882 ἁπάντων
1331 4826 1632 4900 ὀφθαλμοῖς
1663 4830 1984 4900 ἐμπίπτειν,

401 4919 502 4971 καὶ
533 4919 737 4990 μηδένα
769 4920 1132 4989 κρύπτεσθαι,
1170 4922 1473 4978 κάντεῦθεν
1505 4926 1788 4995 ἐμφαίνων
1813 4928 1989 4994 φανό-

398 5025 566 5071 τατος
595 5005 734 5063 εἷναι
769 5013 865 5064 καὶ
896 5011 1026 5074 θέας
1057 5013 1226 5078 ἄξιος,
1276 5015 1337 5067 ού
1391 5014 1499 5086 μὴν
1541 5017 1981 5085 ἐγκαλύπτε-σθαι

399 5100 500 5150 καὶ
558 5101 779 5169 ἀφανῶς
827 5101 994 5171 ἔχειν,
1055 5102 1190 5172 μηδὲ
1239 5103 1430 5174 λύχνος
1461 5099 1604 5156 εἶναι
1659 5106 1765 5157 ὑπὸ
1815 5105 1984 5176 μοδίῳ

2087 4649 2323 4717 seipsum
2344 4649 2702 4718 conspicuum
2726 4648 2997 4718 praebens,
3017 4648 3092 4702 ita
3109 4656 3168 4702 ut
3190 4648 3466 4703 neminem
3502 4646 3672 4701 lateat

2087 4749 2143 4796 et
2167 4739 2368 4796 exinde
2385 4755 2653 4810 apparens
2671 4740 3077 4795 illustrissimus
3096 4750 3150 4795 et
3171 4740 3290 4795 visu
3322 4740 3535 4808 dignus,
3557 4753 3668 4793 non

2086 4848 2216 4888 sane
2229 4834 2319 4902 qui
2339 4833 2702 4887 abscondatur
2715 4833 2831 4886 etin
2853 4832 3091 4888 tenebris
3108 4833 3201 4896 sit,
3219 4847 3320 4887 nec
3337 4833 3427 4901 qui
3445 4831 3669 4885 lucerna

2084 4927 2154 4980 sit
2175 4925 2274 4978 sub
2290 4924 2468 4978 modio
2489 4923 2831 4989 abscondita,
2858 4923 2984 4977 licet
3002 4917 3107 4978 alio
3127 4923 3286 4977 modo
3309 4923 3469 4976 modii
3497 4923 3669 4977 instar

2082 5016 2333 5070 columna
2369 5013 2458 5067 illa
2505 5024 2741 5069 aseetam
2784 5013 3116 5069 abscondere
3147 5012 3529 5082 vellet,rqnod»
3554 5026 3668 5067 non

2093 5112 2293 5174 potest,
2319 5103 2567 5159 claritate
2597 5103 2964 5159 translucente
2987 5114 3043 5159 et
3073 5105 3341 5160 inclusum
3364 5105 3579 5160 revelan
3591 5113 3662 5159 te.

397 5189 809 5257 κεκρυμμένος,
846 5189 949 5241 κᾶν
979 5189 1180 5258 τρόπον
1226 5189 1387 5244 ἄλλον
1427 5193 1590 5244 ὁποῖα
1635 5193 1726 5245 καί
1761 5209 1842 5255 τις
1888 5193 2070 5262 μόδιος
2130 5194 2158 5244 ό
2237 5212 2256 5245 ι
2297 5194 2491 5258 στύλος
2525 5213 2544 5246 ι
2613 5187 2769 5258 οὗτος
2825 5195 3090 5266 κρύπτειν
3133 5197 3292 5269 ἐθέλῃ
3338 5199 3431 5251 τὸν
3483 5200 3664 5262 ἀσκη·

397 5277 521 5347 τὴν,
571 5279 622 5330 εί
654 5278 748 5332 καὶ
801 5279 875 5349 μὴ
903 5279 1154 5348 δύναται,
1191 5281 1622 5351 διεκπίπτούσης
1667 5284 1768 5352 τῆς
1807 5283 2108 5355 φανότητος
2140 5286 2234 5337 καὶ
2265 5286 2727 5357 καταμηνυούσης
2755 5286 2814 5339 τὸ
2850 5289 3282 5360 καλυπτόμενον.
3574 5299 3578 5304 ’

469 5366 537 5422 ν’.
581 5367 641 5420 Ὀ
674 5369 858 5422 τοίνυν
907 5371 1148 5436 τοιοῦτος
1196 5371 1483 5442 ἄνθρωπος
1520 5374 1748 5437 εἰκότως
1781 5373 1847 5426 ἂν
1898 5393 1987 5442 φι-

394 5459 692 5531 λονεικοίη,
753 5463 862 5515 τῶν
922 5462 1098 5516 ἀλλων
1160 5463 1364 5526 μείζων
1424 5464 1614 5537 ὥσπερ
1675 5466 1987 5534 φαίνεσθαι,

396 5548 546 5604 οὕτω
571 5554 666 5604 καὶ
704 5546 868 5618 εἶναι,
915 5557 1012 5606 καὶ
1041 5555 1101 5606 ού
1134 5556 1243 5607 τῶν
1289 5554 1496 5609 ὲθάδων
1533 5557 1625 5608 καὶ
1661 5558 1988 5629 κοινοτέρων

396 5644 497 5696 καὶ
527 5643 810 5708 πλειόνων,
855 5643 904 5697 οἳ
932 5645 1032 5716 τὴν
1068 5646 1168 5715 τῆς
1209 5647 1418 5717 ἀρετῆς
1445 5647 1721 5719 λεωφόρον
1764 5649 1986 5719 τρίδου-

397 5749 506 5794 σιν.
536 5733 671 5787 ἀλλὰ
725 5737 822 5788 καὶ
865 5736 1048 5789 αὐτῶν
1092 5739 1330 5799 πάντων,
1365 5739 1480 5790 ὅσοι
1530 5743 1642 5802 τοῖς
1684 5741 1988 5811 ἐπιτυγχά-

396 5842 550 5878 νουσι
601 5827 810 5882 σπανία
858 5827 1260 5897 προσδάλλουσι
1316 5829 1434 5897 θέα,
1500 5831 1593 5885 καί
1657 5831 1980 5903 παράδοξος,

2157 5375 2246 5431 50.
2290 5377 2476 5447 Itaque
2543 5379 2664 5433 talis
2719 5380 2879 5434 homo
2918 5382 3292 5438 verisimilitcr
3345 5387 3654 5451 contendet,

2087 5469 2230 5523 sicut
2257 5472 2469 5525 rzetcris
2515 5471 2706 5526 melior
2733 5487 2856 5528 esse
2886 5483 3135 5544 apparet,
3177 5477 3249 5530 ita
3271 5493 3412 5534 esse
3441 5489 3496 5534 et
3547 5497 3658 5536 non

2085 5573 2473 5617 consuetorum
2530 5574 2585 5620 et
2645 5565 3035 5638 plerorumque
3087 5571 3178 5639 qni
3240 5572 3456 5627 virtutis
3512 5575 3660 5628 viam

2090 5661 2295 5719 terunt,
2325 5655 2418 5708 sed
2467 5665 2523 5710 ct
2551 5658 2791 5712 omnium
2838 5661 2930 5728 qui
2968 5663 3143 5717 obviis
3190 5677 3370 5716 rarum
3425 5663 3663 5721 oﬂ‘crunt

2087 5746 2472 5812 spectaculum
2491 5757 2604 5800 tum
2634 5748 2938 5819 insolitum,
2984 5759 3120 5814 tum,
3153 5764 3210 5805 ut
3238 5769 3399 5823 supra
3455 5755 3656 5809 dictum

2093 5842 2219 5903 est,
2279 5837 2577 5908 singulare.
2631 5840 2766 5896 Nam
2825 5857 2932 5897 non
2984 5845 3208 5900 omnino
3260 5846 3475 5916 negabit
3535 5861 3658 5902 esse
