4048 6416
449 373 554 437 243

1157 380 1567 441 EUSTA'l'lIU
1609 379 1895 438 TIIESSA
1906 380 2354 443 LONICENSIS
2399 381 2829 441 METROPOLl
2846 381 2982 438 Τ.Ε.

3582 385 3691 481 ait

447 499 508 541 se
546 486 844 554 sapientem
884 490 1178 544 secundum
1216 490 1382 543 Deum
1441 501 1495 543 et
1557 489 1760 558 optime
1821 490 2008 543 corda-

2124 492 2237 559 καὶ,
2267 493 2343 557 ὡς
2374 491 2599 564 ἐρρέθη,
2655 492 2959 555 ξενίζουσα.
3006 489 3141 544 Οὔτε
3194 489 3302 561 γὰρ
3349 492 3687 548 παντάπασιν

449 586 567 631 tum
613 581 704 648 qui
752 581 830 634 sle
865 593 1119 650 operatus
1149 592 1249 644 cst,
1288 591 1341 636 et
1385 582 1477 651 qui
1509 583 1770 651 optimam
1808 593 2017 649 partem

446 672 644 740 elegit;
692 688 790 728 nec
820 676 915 743 qui
967 690 1087 729 sese
1120 674 1369 727 bumiliat
1413 673 1678 735 offendes,
1726 685 1784 728 ut
1823 673 2021 729 stultus

447 780 591 829 esse,
641 773 694 818 et
747 766 951 818 nudum
1004 766 1055 817 in
1111 766 1226 819 zelo
1271 754 1530 833 superare
1586 764 1725 818 velle
1776 764 2021 816 videatur

449 857 688 911 studium
716 870 1042 924 provocans,
1070 866 1127 910 ut
1167 858 1282 926 ipse
1312 857 1529 921 quidem
1575 870 1644 909 ne
1689 854 2022 922 gloriﬁcetur

447 966 507 1005 se
533 952 599 1003 ad
633 948 971 1017 spiritualem
1008 949 1200 1001 Iurtam
1230 958 1283 1002 et
1323 947 1469 1001 vinci
1517 946 1790 1000 difﬁcilem
1827 947 1893 999 ab
1928 947 2022 1000 ad-

447 1038 711 1099 versario,
741 1036 948 1103 pulchri
977 1034 1176 1104 Joseph
1223 1037 1313 1106 qui
1367 1037 1527 1105 pallio
1573 1043 1774 1090 exutus
1808 1036 2023 1105 sapien-

448 1129 578 1182 tiam
639 1128 835 1193 induit,
898 1129 1141 1198 vestigiis
1198 1128 1551 1196 insistendoj:
1605 1128 1695 1181 illo
1743 1142 1870 1181 vero
1918 1129 2013 1195 qui

446 1221 758 1274 columnam
787 1221 1099 1275 vestimenti
1135 1220 1253 1274 loco
1288 1222 1451 1275 habet
1484 1227 1539 1273 et
1576 1220 1816 1274 vestibus
1844 1220 2021 1275 induiv

448 1322 558 1376 tur,
591 1311 855 1365 nuditatis
880 1310 1223 1380 privilegium
1265 1311 1470 1366 habere
1500 1311 1711 1380 nequit.
1742 1311 1868 1365 Ideo
1893 1328 2024 1366 con-

447 1405 635 1456 tendet
669 1401 881 1472 styiites
917 1404 1220 1457 nuditatem
1272 1404 1419 1457 clare
1477 1419 1588 1472 prae
1617 1420 1673 1459 se
1704 1402 1848 1458 ferre
1892 1420 2025 1474 pau-

2123 581 2499 651 άπαρνήσεται
2541 582 2703 649 σοφὸς
2751 576 2893 633 εἶναι
2929 582 3070 632 κατὰ
3102 579 3235 633 Θεὸν
3282 581 3374 633 καὶ
3407 585 3622 645 συνετὸς
3658 587 3686 636 6

2123 671 2266 724 οὕτω
2290 673 2669 745 μελετητικδς,
2697 674 2790 727 καὶ
2819 676 2879 726 τὸ
2912 676 3160 745 κρεῖττον
3189 673 3476 744 ὲπιλέγδην
3506 676 3691 745 ἐλόμε-

2123 780 2244 826 νος·
2282 766 2393 818 οὐδ’
2433 767 2498 819 ἂν
2529 767 2886 837 προαιρεθείη
2935 769 2965 820 6
3013 767 3481 837 ὑπερφαινόμενος
3520 767 3686 831 οὕτως

2124 856 2313 910 ἑαυτὸν
2341 859 2693 922 ταπεινῶσαι,
2741 860 2817 921 ὡς
2860 859 2954 911 καὶ
2988 860 3169 929 μωρὸς
3200 854 3341 911 εἶναι
3374 859 3569 924 δοκεῖν,
3600 861 3690 913 καὶ

2122 948 2214 1000 τὸν
2246 948 2514 1017 γυμνίτην
2557 949 2615 1003 δὲ
2650 949 2986 1019 ὑπερελάσαι
3037 949 3351 1013 σπουδάσει,
3402 949 3477 1012 ὡς
3521 952 3584 1002 ἂν
3616 949 3690 1019 μὴ

2124 1040 2328 1102 ἐκεῖνος
2357 1040 2457 1108 μὲν
2488 1042 2782 1111 αὑχήσειεν
2812 1041 3189 1095 ἀποδύσασθαι
3231 1044 3310 1104 εἰς
3339 1043 3437 1109 τὴν
3471 1043 3689 1111 νοουμέο

2124 1148 2221 1199 νην
2256 1132 2457 1200 πάλην,
2507 1135 2603 1186 καὶ
2639 1132 2943 1202 δύσληπτος
2973 1130 3114 1186 εἶναι
3163 1132 3241 1202 τῷ
3274 1133 3570 1199 ἀντιπάλῳ,
3599 1132 3691 1184 καὶ

2124 1223 2245 1275 κατ’
2276 1225 2398 1293 ἴχνη
2437 1226 2642 1292 βαίνειν
2681 1225 2760 1294 τῷ
2812 1225 2962 1295 καλῷ
3013 1225 3237 1295 Ἰωσὴφ,
3288 1225 3345 1288 ὃς
3399 1220 3693 1293 ἱματισμοῦ

2122 1312 2385 1381 ψιλωθεὶς
2410 1317 2511 1383 τὴν
2550 1317 2907 1387 σωφροσύνην
2935 1318 3310 1385 περιεδὲδυτο·
3346 1308 3498 1377 οὗτος
3526 1314 3578 1366 δὲ
3604 1314 3689 1365 τὸν

2129 1423 2147 1454 ι
2179 1407 2368 1460 στύλον
2423 1426 2442 1457 ι
2477 1424 2536 1459 τε
2567 1408 3073 1478 άμφιὸεδλημένος,
3112 1409 3206 1462 καὶ
3239 1408 3463 1494 ἀμφίοις
3495 1404 3689 1458 σκεπό-

447 1496 820 1563 pertate,quia
852 1508 951 1551 nec
1001 1495 1196 1549 domus
1227 1497 1279 1548 in
1311 1495 1557 1550 columna
1594 1511 1879 1565 possessor
1918 1506 2008 1562 est1

2127 1514 2307 1565 μενος,
2347 1499 2449 1550 οὐκ
2503 1498 2717 1569 ἔχειτὰ
2776 1499 2868 1554 τοῦ
2909 1501 3293 1569 γυμνουμένου
3344 1498 3538 1567 σεμνά.
3593 1497 3691 1548 U6-

445 1586 541 1642 sed
570 1585 813 1640 damnati
847 1587 1019 1640 instar
1048 1603 1269 1642 carcere
1298 1597 1512 1642 tenetur
1555 1598 1609 1642 et
1643 1590 1876 1659 denique
1930 1605 2008 1644 ne-

2124 1588 2254 1639 κοῢν
2303 1589 2721 1660 φιλοτιμήσεται
2755 1593 2783 1643 6
2816 1608 2835 1641 ι
2875 1591 3149 1658 στυλὶτης,
3187 1610 3205 1642 ι
3238 1590 3338 1660 τὴν
3376 1587 3695 1659 γυμνιτείαν

443 1680 747 1733 candorum
780 1690 928 1732 sorte
951 1678 1168 1732 fruitur.
1192 1678 1334 1732 Idem
1358 1686 1410 1733 et
1442 1679 1657 1732 abunde
1676 1691 1729 1731 et
1754 1683 2008 1749 incompte

2124 1681 2215 1731 καὶ
2257 1680 2417 1741 αὐτὸς
2453 1682 2842 1751 ἐμφανέστατα
2872 1682 3243 1747 ἐπιδείξασθαι
3272 1683 3362 1736 διὰ
3392 1681 3486 1734 τοῦ
3521 1680 3688 1747 ἀκτη-

444 1768 729 1835 capillatos
759 1777 970 1837 arguet,
994 1768 1152 1838 quasi
1202 1769 1337 1822 nihil
1381 1783 1638 1837 maguum
1675 1770 1766 1833 sit,
1819 1771 1863 1824 si
1896 1770 2008 1838 quis

2128 1772 2331 1837 μονεῖν,
2364 1773 2456 1823 καὶ
2486 1772 2559 1843 μὴ
2597 1774 3001 1827 οἰκοδεσποτεῖν
3032 1775 3090 1826 ὲν
3118 1774 3195 1843 τῷ
3222 1793 3242 1825 r
3272 1772 3472 1842 στύλῳ,
3505 1788 3525 1822 ι
3558 1769 3689 1822 ἀλλὰ

444 1861 766 1927 capillorum
797 1862 1124 1915 densitatem
1172 1865 1474 1916 contemnit
1520 1873 1574 1917 et
1624 1863 1779 1917 nullo
1830 1864 2008 1918 labore

2122 1860 2282 1931 δίκην
2309 1864 2689 1930 ἐγκεκλεῖσθαι
2742 1865 3056 1932 καταδίκου,
3105 1866 3200 1918 καὶ
3229 1866 3375 1918 κατὰ
3408 1864 3531 1925 τοὺς
3559 1862 3691 1915 ἀπο·-

443 1954 802 2008 abundantem
821 1954 951 2007 sinit
965 1953 1260 2007 humanum
1286 1968 1481 2021 corpus
1497 1953 1668 2024 spisse
1690 1957 2008 2025 germinare1

2121 1956 2522 2024 καρτεροῦντας
2552 1956 2813 2011 διαϐιοῦν.
2863 1956 2922 2011 Ὀ
2956 1956 3001 2010 δ’
3036 1957 3199 2020 αὐτὸς
3238 1958 3336 2010 καὶ
3364 1955 3491 2018 τοὺς
3513 1952 3688 2011 δασεῖς

442 2059 546 2100 nec
594 2045 890 2113 opponitur
940 2044 1075 2113 quin
1142 2055 1337 2111 sponte
1391 2053 1663 2100 crescant.
1698 2045 1883 2100 Melior
1937 2057 2008 2101 est

2120 2048 2214 2100 καὶ
2259 2048 2483 2116 ἀμελεῖς
2523 2047 2633 2101 τῶν
2686 2050 2896 2119 τριχῶν
2951 2049 3274 2117 ἀπελέγξει,
3327 2050 3404 2112 ὡς
3443 2045 3520 2116 μὴ
3552 2043 3691 2097 πάνυ

438 2138 586 2190 enim
615 2151 744 2191 vere
776 2136 938 2205 hujus
983 2138 1281 2191 secundum
1314 2136 1479 2190 vitam
1516 2136 1774 2206 depilatio
1827 2147 1883 2192 et
1931 2153 2008 2191 re-

2119 2136 2262 2205 μέγα
2293 2136 2373 2204 δν,
2401 2139 2455 2190 εἴ
2482 2158 2564 2203 τις
2593 2145 2917 2211 περιφρονεῖ
2951 2143 3049 2210 τὴν
3080 2141 3307 2208 ἔκφυσιν
3331 2138 3440 2191 τῶν
3463 2133 3685 2206 τριχῶνο

436 2244 559 2283 rum
621 2228 961 2283 terrestrium
1038 2237 1402 2296 contemptus,
1460 2242 1558 2297 per
1626 2243 1792 2299 quam
1850 2232 2008 2284 emto-

2116 2228 2211 2280 xat'l
2243 2229 2722 2297 ἀπραγματεύτως
2759 2234 2840 2294 είς
2874 2233 2936 2284 τὸ
2968 2231 3283 2301 ἀμφιλαφὲς
3318 2225 3689 2295 πυκνούμενος

436 2333 557 2371 rum
602 2314 878 2385 possessio
924 2315 1096 2370 multo
1154 2327 1356 2372 conatu
1393 2318 1622 2387 quaesita
1681 2319 2008 2387 optatofine

2116 2317 2312 2387 ἀφίησι
2346 2318 2433 2371 τὸν
2473 2319 2817 2389 ἀνθρώπινον
2855 2319 2985 2390 χοῦν
3018 2321 3341 2389 βλαστάνειν
3370 2313 3689 2374 ἀκωλύτως,

436 2407 722 2472 succedit,
779 2406 934 2474 cujus
989 2406 1292 2477 exemplum
1347 2416 1432 2463 est
1486 2422 1649 2477 super
1699 2408 2006 2464 columnam

434 2499 577 2553 elata
607 2498 961 2564 constitutio;
997 2514 1158 2568 quam
1187 2508 1242 2555 et
1274 2500 1447 2570 ipsam
1480 2501 1725 2557 victoriae
1752 2502 2004 2557 bravium

432 2594 689 2648 novimus
739 2591 884 2646 illius
936 2592 1029 2661 qui
1088 2594 1368 2647 descendit
1397 2593 1464 2647 ab
1519 2593 1651 2657 alto,
1703 2602 2000 2653 utomnes

434 2685 504 2739 ad
531 2685 770 2751 seipsum
801 2683 1080 2748 traheret;
1109 2683 1263 2753 quod
1296 2698 1459 2753 super
1503 2683 1810 2738 columnam
1858 2684 2006 2739 exal-

434 2784 583 2828 tatls
609 2771 829 2828 facilius
869 2783 1222 2842 assequctur,
1250 2788 1358 2827 non
1409 2773 1593 2827 anima
1647 2781 1854 2828 tantum
1891 2784 2003 2828 tra-

428 2873 572 2928 ctus,
601 2867 698 2921 sed
723 2876 777 2920 et
806 2881 1033 2934 corpore
1062 2867 1199 2922 trahi
1228 2867 1581 2921 contendens.

2118 2410 2210 2460 xui
2227 2407 2413 2473 αὔξειν
2432 2411 2717 2473 άσκύλτως
2745 2410 2811 2463 τὰ
2840 2410 3052 2464 ἑαυτοῦ.
3088 2410 3302 2473 Μείζων
3333 2410 3443 2478 γάρ
3477 2404 3687 2475 ἀληθῶς

2113 2500 2305 2552 τούτου
2329 2502 2361 2571 ή
2386 2501 2524 2553 κατὰ
2555 2500 2669 2571 βίον
2698 2501 2950 2570 ψίλωσις,
2979 2503 3074 2555 καὶ
3099 2503 3209 2554 τῶν
3239 2502 3383 2556 κατὰ
3410 2502 3511 2568 γῆν
3538 2511 3695 2564 περιο

2112 2592 2393 2660 φρόνησις,
2426 2592 2495 2645 δι’
2518 2589 2585 2664 ἧς
2607 2594 2640 2661 ἡ
2670 2592 2777 2644 τῶν
2808 2594 3075 2662 οὐρανίων
3108 2589 3571 2664 πραγματειώδης
3591 2604 3689 2639 κα-

2109 2684 2396 2755 τορθοῦται
2416 2686 2629 2755 κτῆσις,
2658 2680 2725 2757 ἦς
2750 2686 3057 2756 ὑπόδειγμα
3072 2686 3129 2739 τὸ
3151 2687 3243 2738 τοῦ
3276 2686 3533 2739 «στύλουι
3563 2678 3690 2733 άνύ-

2109 2774 2296 2845 ψωμα,
2325 2778 2391 2845 ἢν
2416 2775 2482 2845 δὴ
2506 2778 2601 2829 καὶ
2628 2777 2800 2847 αὐτὴν
2825 2778 3102 2848 ὲκνίκημα
3131 2779 3360 2848 οῐδαμεν
3377 2775 3471 2829 τοῦ
3501 2770 3686 2826 κατελ-

2110 2867 2296 2929 θόντος
2339 2868 2567 2934 ἄνωθεν,
2604 2863 2737 2938 ὲφ’ᾦ
2766 2869 3058 2923 ἀνελκύσαι
3106 2871 3317 2935 πάντας
3349 2870 3429 2931 είς
3479 2863 3684 2926 ἑαυτὸν.

426 2957 566 3025 ὅπερ
598 2960 628 3012 6
668 2958 762 3012 ἐπὶ
809 2975 828 3010 t
862 2958 1055 3012 στύλου
1091 2975 1112 3011 ι
1150 2957 1453 3029 ὑψούμενος
1483 2957 1897 3031 φιλοτιμότερον
1940 2958 2218 3029 κατορθοῖ,
2253 2960 2315 3013 οὐ
2353 2960 2499 3032 ψυχῇ
2536 2962 2698 3031 μόνον
2739 2963 3124 3033 άνελκόμενος,
3150 2963 3286 3017 ἀλλὰ
3322 2963 3421 3018 καὶ
3449 2960 3510 3015 τὸ
3533 2956 3688 3026 σῶμα

427 3051 751 3121 φιλονεικῶν
781 3051 1209 3107 άνελκύσασθαι.

501 3143 592 3200 5t.
632 3143 864 3198 Pulchra
908 3143 1059 3199 humi
1086 3143 1311 3199 cubatio
1335 3156 1388 3198 et
1405 3144 1570 3214 pedes
1595 3142 1729 3199 illoti
1757 3152 1814 3199 et
1841 3144 2008 3199 totius

2182 3147 2285 3196 να⁸.
2326 3141 2505 3195 Κσλὶν
2537 3142 2598 3194 τὸ
2642 3141 2816 3211 χαμαὶ
2863 3140 2964 3209 τῆς
3009 3140 3200 3209 εὐνῆς.
3250 3141 3351 3193 καὶ
3386 3140 3434 3192 oi
3476 3137 3683 3191 άνιπτοι

426 3237 678 3307 corporis
693 3238 883 3293 sordes
917 3238 1115 3306 quibus
1160 3237 1439 3305 conspicui
1489 3237 1707 3307 quidam
1736 3235 2009 3299 feruntur,

425 3332 522 3385 tali
544 3330 655 3383 vita
677 3328 1010 3385 nominative
1034 3329 1305 3399 designati
1335 3337 1390 3383 et
1413 3329 1756 3397 proclamati.
1784 3326 1890 3383 Sed
1919 3343 2006 3383 se-

426 3420 612 3491 pultus
654 3419 758 3474 iste
785 3419 965 3475 dicere
996 3430 1173 3488 patest
1196 3436 1252 3475 se
1286 3433 1391 3473 non
1424 3435 1533 3489 per,
1553 3419 1697 3473 bivia
1727 3419 2008 3474 ambulare

424 3511 521 3579 qui
546 3509 790 3565 illuviem
831 3510 1031 3565 exinde
1072 3510 1271 3577 trahat,
1306 3518 1363 3564 et
1393 3515 1546 3578 quasi
1581 3510 1729 3563 humi
1762 3510 2007 3563 cubatio-

423 3618 551 3658 nem
583 3603 1019 3672 praestantiorem
1062 3601 1281 3668 habere,
1315 3614 1580 3671 perpetuo
1628 3603 1872 3672 sepultus
1916 3619 2006 3657 re-

424 3711 678 3751 manens.
709 3694 886 3749 Silere
912 3708 1043 3749 vero
1067 3708 1192 3749 eum
1221 3694 1316 3763 qui
1345 3707 1510 3761 super
1554 3694 1861 3747 columnam
1898 3702 2005 3749 stat

424 3804 537 3843 non
569 3788 792 3857 dignum
835 3786 1098 3849 arbitror,
1132 3789 1227 3841 sed
1258 3788 1379 3841 talis
1418 3787 1702 3841 electionis
1725 3784 1872 3840 viros
1902 3785 2005 3839 do-

424 3880 594 3934 minio
623 3892 833 3950 regere,
882 3878 1009 3945 quia
1035 3880 1310 3934 doctorem
1358 3892 1481 3933 esse
1515 3886 1728 3948 oportet
1760 3892 1881 3932 eum
1910 3876 2002 3945 qui

421 3985 584 4039 super
600 3970 908 4025 columnam
924 3979 1051 4024 stat.
1070 3968 1128 4023 In
1144 3984 1254 4038 quo
1269 3971 1411 4025 enim
1427 3984 1457 4022 a
1475 3969 1675 4023 dvitam
1700 3968 2009 4037 prodesset,

422 4068 471 4117 si
495 4062 796 4118 ex'infimis
822 4077 1036 4116 sursum
1077 4072 1299 4117 evectus
1334 4077 1438 4116 non
1471 4062 1700 4130 desuper
1733 4062 1915 4116 vivere
1941 4076 2002 4116 se

422 4155 768 4209 ostenderet?
785 4155 935 4209 Alias
961 4154 1265 4209 inducenda
1294 4165 1376 4209 est
1395 4155 1644 4208 columna
1668 4157 1721 4207 in
1755 4153 2001 4223 magistri

422 4247 586 4301 scalae
609 4246 859 4315 ﬁguram,
890 4247 1006 4301 sive
1034 4244 1296 4316 suggesti,
1328 4244 1385 4300 in
1416 4260 1523 4315 quo
1546 4256 1765 4299 erectus
1791 4245 2002 4315 stylites

422 4352 705 4394 sermones
735 4337 907 4393 bonos
935 4336 1165 4406 profert.
1200 4335 1383 4407 Itaque
1405 4353 1469 4391 ex
1502 4336 1608 4391 alto
1636 4336 1818 4391 divina
1851 4345 2004 4391 tona-

421 4431 502 4485 bit
529 4439 586 4485 et
614 4428 940 4485 documenta
962 4429 1100 4482 infra
1126 4429 1474 4484 audientibus
1502 4430 1731 4491 emittet,
1754 4438 1817 4481 ut
1845 4427 2001 4498 quasi

2109 3236 2289 3302 πόδες,
2322 3236 2416 3288 καὶ
2445 3238 2472 3288 6
2512 3237 2652 3289 κατὰ
2678 3236 2880 3298 παντὸς
2913 3233 3009 3286 τοῦ
3039 3233 3292 3303 σώματος
3336 3233 3506 3305 ῥύπος
3527 3245 3540 3259 ⁸
3566 3227 3602 3281 ἃ
3623 3226 3689 3295 δὴ

2104 3327 2503 3397 ἐπιγράφονταί
2534 3343 2677 3388 τινες
2713 3328 2796 3389 είς
2843 3325 3154 3394 γνώρισμα,
3189 3326 3254 3378 ἐκ
3285 3326 3397 3379 τῶν
3433 3320 3687 3376 τοιούτων

2114 3419 2246 3489 βίων
2282 3419 2726 3489 ἐξονομακλήδην
2769 3415 3299 3487 χαρακτηριζόμενοι
3337 3416 3432 3471 καὶ
3457 3412 3685 3481 λεγόμε-

2108 3528 2212 3565 νοι.
2272 3510 2413 3564 Ἀλλ’
2466 3511 2495 3562 6
2547 3509 2890 3578 τεθαμμένος
2937 3500 3092 3569 οὗτος
3123 3507 3237 3576 ἔχοι
3265 3506 3334 3561 ἂν
3383 3506 3576 3569 εῖπείν,
3607 3500 3682 3563 ὡς

2104 3602 2228 3658 οὔτε
2262 3604 2358 3665 τὰς
2398 3602 2677 3673 άμφόδους
2710 3600 3017 3670 περίεισιν,⁵
3050 3598 3174 3652 οὔτε
3204 3600 3298 3654 τὸν
3339 3598 3551 3654 ἐκεῖθεν
3584 3593 3681 3666 ῥύ-

2109 3713 2210 3747 ’πον
2240 3694 2552 3764 ἐφέλκεται,
2585 3695 2678 3747 καὶ
2702 3693 2777 3755 ὠς
2799 3693 2859 3744 τὸ
2888 3691 3067 3762 χαμαὶ
3084 3692 3182 3761 τῆς
3208 3692 3375 3758 εὐνῆς
3406 3693 3681 3760 ὑπερανα-

2107 3784 2284 3837 6αίνει
2312 3785 2389 3855 τῷ
2423 3784 2598 3837 διόλου
2642 3782 3020 3853 ἐνταφιασμῷ.
3059 3784 3230 3855 Σιγᾷν
3256 3784 3314 3837 δὲ
3347 3785 3438 3839 τὸν
3474 3780 3564 3833 ἐπὶ
3586 3774 3680 3831 τοῦ

2110 3896 2130 3929 r
2174 3877 2368 3931 στύλου
2401 3894 2421 3928 ›
2453 3876 2553 3930 οὐκ
2578 3876 2643 3928 ἂν
2664 3872 2986 3942 ἀξιώσαιμι,
3025 3873 3141 3926 ἀλλ’
3183 3873 3546 3944 ὑπερκεῖσθαι
3589 3868 3679 3921 καὶ

2104 3968 2231 4031 τοὺς
2269 3968 2370 4037 τῆς
2398 3967 2657 4037 τοιαύτης
2701 3966 2996 4035 ἐπιθυμίας
3028 3965 3252 4036 ἄνδρας,
3295 3967 3380 4019 ὅτι
3415 3966 3509 4018 καὶ
3535 3959 3683 4014 διδαι

2104 4059 2361 4114 σκαλικὺν
2391 4055 2531 4113 εἶναι
2566 4061 2673 4129 χρὴ
2704 4058 2796 4111 τὸν
2829 4056 2925 4110 ἐπὶ
2954 4056 3046 4111 τοῦ
3094 4075 3115 4110 r
3165 4056 3386 4112 στύλου.
3425 4074 3445 4108 ι
3477 4054 3541 4106 Τί
3572 4051 3678 4119 γάρ

2103 4152 2197 4206 καὶ
2229 4153 2503 4221 χρήσιμος
2530 4152 2684 4203 ἔσται
2712 4149 2791 4219 τῷ
2819 4149 2941 4219 βίῳ,
2992 4148 3242 4203 κάτωθέν
3271 4166 3331 4202 τε
3376 4142 3683 4214 ἀπαγαγὼν

2103 4244 2318 4307 ἑαυτὸν,
2351 4243 2448 4297 καὶ
2491 4244 2627 4315 μηδὲ
2667 4244 2876 4297 ἄνωθεν
2911 4241 3272 4311 ὑπεμφαίνων
3303 4242 3364 4296 τὸ
3395 4243 3528 4312 (fw;
3574 4234 3677 4289 Καὶ

2102 4336 2278 4400 ἄλλως
2305 4336 2362 4391 δὲ
2396 4337 2660 4391 ἁνακτέον
2710 4336 2802 4387 τὸν
2843 4353 2862 4386 ι
2916 4335 3110 4388 στύλον
3140 4350 3163 4384 ι
3218 4337 3299 4398 εἰς
3335 4334 3506 4389 τύπον
3533 4329 3680 4384 διδα-

2103 4429 2305 4482 σκάλου
2345 4427 2494 4491 τινὸς
2537 4426 2881 4498 ὀκρίὸαντος,
2917 4426 3020 4479 εἰτ’
3062 4425 3155 4480 οὖν
3208 4427 3553 4497 ἀναϐάθμου,
3593 4419 3679 4488 ὲῷ⁹

422 4519 659 4577 innubis
690 4520 963 4586 columna,
988 4522 1263 4589 conspecti
1284 4521 1428 4575 illius
1445 4521 1648 4575 excelsi
1674 4535 1921 4575 secessus
1937 4523 2002 4573 ad

2111 4514 2167 4573 οὗ
2200 4518 2515 4589 ἀνεστηκὼς
2538 4519 2567 4570 6
2603 4536 2623 4569 ί
2672 4519 2929 4584 στυλίτης
2966 4535 2986 4569 ι
3028 4517 3223 4586 λόγους
3254 4519 3497 4585 ἀγαθοὺς
3526 4510 3680 4584 ἐρεύ-

421 4631 518 4670 eos
540 4614 685 4683 loqui
702 4612 1099 4669 manifestetur.
1124 4612 1275 4668 Alias
1295 4612 1361 4667 ad
1388 4613 1441 4667 id
1464 4628 1522 4667 se
1548 4613 1828 4667 ordinasse
1852 4613 2003 4668 visus

420 4716 505 4760 est
552 4705 757 4775 stylita,
796 4706 848 4759 in
888 4703 1303 4760 similitudinem
1331 4704 1489 4773 primi
1540 4712 1594 4758 et
1626 4704 1845 4757 maximi
1891 4719 2002 4756 ma-

422 4796 576 4863 gistri
616 4795 915 4851 Salvatoris
939 4794 1174 4851 Christi.
1211 4794 1312 4851 llic
1335 4796 1481 4848 enim
1513 4810 1542 4848 a
1575 4805 1714 4849 terra
1745 4796 2001 4850 reductus

421 4900 506 4942 est
554 4887 830 4957 quondam
873 4901 1041 4956 super
1077 4887 1245 4941 altum
1296 4902 1466 4951 mare,
1512 4898 1783 4956 praecepta
1830 4887 2002 4941 turbis

423 4981 673 5046 daturus,
710 4996 777 5034 oe
805 4988 1143 5049 premeretur
1172 4995 1187 5033 :
1221 4989 1276 5037 et
1300 4980 1402 5034 iste
1438 4996 1464 5031 a
1500 4980 1655 5034 turba
1698 4994 1860 5049 super
1892 4988 2003 5034 tero

421 5086 540 5126 ram
559 5086 682 5129 sese
701 5072 977 5126 abducens
992 5071 1227 5125 secernit
1248 5070 1314 5125 ad
1340 5071 1608 5126 indefesse
1626 5073 1926 5126 docendum
1944 5080 2000 5126 et

2103 4611 2275 4674 ξεται.
2307 4611 2602 4679 Βροντήσει
2633 4609 2732 4679 μὲν
2752 4604 2845 4661 οὖν
2877 4607 3074 4677 ὑψόθεν
3100 4607 3169 4660 τὰ
3210 4609 3354 4674 θεῖα,
3387 4608 3484 4661 καὶ
3514 4617 3681 4658 κατα-

2102 4702 2305 4772 πέμψει
2336 4702 2435 4769 τὴν
2479 4699 2835 4754 διδασκαλίαν
2890 4702 3002 4763 τοῖς
3060 4699 3310 4753 κάτωθεν
3366 4699 3676 4754 ἁκούουσιν.

2106 4795 2192 4847 ἵνα
2227 4795 2323 4848 καὶ
2363 4794 2525 4856 αὐτὸς
2574 4795 2650 4856 ὡς
2701 4794 2760 4846 ἐν
2796 4811 2815 4844 ι
2867 4792 3044 4863 στύλῳ
3075 4792 3329 4862 νεφέλης,
3362 4811 3382 4844 ›
3418 4791 3515 4861 τῆς
3543 4788 3679 4856 ὁρω-

2105 4889 2276 4957 μένης
2294 4885 2500 4956 ταύτης
2527 4884 2808 4955 μετεώρου
2836 4884 3224 4955 ἀποκρύψεως,
3242 4885 3477 4956 λέγηται
3501 4877 3677 4932 λαλεῖν

2103 4979 2240 5050 πρὸς
2276 4979 2495 5041 αὐτούς.
2536 4978 2648 5032 Καὶ
2674 4977 2853 5041 ἄλλως
2894 4976 3006 5048 γὰρ
3036 4978 3216 5029 ἔοικεν
3249 4979 3330 5039 είς
3363 4974 3523 5029 τοῦτο
3550 4971 3679 5022 ἑαυ-

2105 5073 2196 5125 τὸν
2249 5072 2411 5135 τάξαι
2443 5073 2471 5122 6
2519 5088 2538 5121 ι
2582 5069 2838 5138 στυλίτης
2892 5086 2911 5118 ι
2964 5068 3088 5122 καθ’
3138 5068 3435 5138 ὁμοιότητα
3462 5062 3554 5116 τοῦ
3588 5058 3678 5113 καὶ

421 5162 608 5216 auditu
636 5162 776 5216 facili
806 5164 1117 5236 patendnm.
1143 5161 1209 5216 Et
1228 5162 1308 5217 sic
1323 5164 1611 5220 silentibus
1652 5163 1998 5219 benefaciens

2111 5163 2323 5234 πρώτου
2353 5161 2737 5245 καὶρμεγίστου
2762 5160 3104 5224 διδασκάλου,
3136 5159 3383 5230 σωτῆρος
3416 5148 3674 5227 Χριστοῦ.

421 5255 603 5324 stylita
643 5265 956 5320 spernatur,
999 5256 1215 5310 cavebit
1244 5266 1423 5310 autem
1459 5272 1488 5312 a
1528 5258 1762 5329 turgidis
1798 5259 1997 5314 Phari-

2116 5257 2355 5319 Ἐκεῖνός
2391 5274 2451 5309 τε
2480 5257 2590 5327 γὰρ
2636 5256 2935 5325 ἐπανῆγεν,
2970 5254 3060 5308 ὅτε
3115 5253 3329 5325 καιρὸς,
3355 5253 3435 5315 si;
3475 5247 3676 5301 θάλασσ-

418 5361 652 5400 sarorum
691 5348 1061 5412 sermonibus,
1110 5346 1177 5402 ab
1214 5349 1525 5418 arrogantia
1568 5351 1625 5405 in
1663 5352 1996 5407 sublimibus

2111 5365 2226 5411 σαν,
2276 5347 2349 5409 ὡς
2381 5346 2446 5401 ἂν
2479 5348 2623 5401 κατὰ
2656 5346 2853 5417 σχολὴν
2897 5345 3142 5399 διδάσκοι
3183 5347 3311 5410 τοὺς
3351 5344 3541 5416 ὄχλους
3575 5335 3676 5401 ἔξω

416 5433 720 5488 tractandis
757 5448 826 5487 ne
872 5433 1088 5488 audiat:
1137 5433 1302 5500 Tace,
1353 5437 1694 5491 obmutesce.

2111 5439 2195 5493 τοῦ
2225 5439 2604 5492 συνθλίϐεσθαι
2628 5457 2641 5472 ·
2676 5442 2770 5492 καὶ
2795 5431 2949 5501 οὗτος
2970 5438 3025 5490 δὲ
3052 5439 3151 5506 τῆς
3195 5438 3322 5507 περὶ
3344 5437 3450 5505 γῆν
3475 5430 3676 5501 τύρῦῃς

414 5525 610 5579 ἑαυτὸν
665 5524 970 5594 ἀπαγαγὼν
1026 5526 1218 5592 ίδιάζει
1262 5528 1352 5581 διὰ
1404 5531 1465 5581 τὸ
1512 5530 1611 5598 τῆς
1676 5528 2029 5594 διδασκαλίας
2070 5530 2358 5595 ἄσκυλτον,
2414 5531 2519 5601 ἥδη
2564 5531 2620 5583 δὲ
2668 5532 2762 5583 καὶ
2830 5530 3178 5595 ἐξάκουστον.
3234 5530 3344 5584 Καὶ
3380 5528 3524 5581 οὕτω
3578 5520 3675 5593 μὲν

412 5623 537 5683 τοὺς
595 5621 866 5688 σιγῶντας
893 5623 922 5675 6
957 5641 976 5674 ι
1014 5625 1268 5694 στυλίτης
1305 5645 1322 5676 ι
1360 5620 1419 5679 εὖ
1456 5629 1622 5679 ποιῶν
1651 5626 2009 5697 ὑπερόψεται,
2048 5626 2342 5697 φυλάξεται
2365 5629 2466 5697 μέν
2501 5644 2585 5680 τοι
2630 5630 2729 5697 τὴν
2768 5626 3108 5697 Φαρισαῖκὴν
3150 5623 3518 5696 εὖρυστομίαν
3583 5633 3674 5689 καὶ

410 5718 474 5765 τὸ
526 5714 705 5766 λαλεῖν
759 5716 940 5788 ὕψηλά
989 5721 1068 5781 εἰς
1122 5718 1420 5789 ὑπεροχὴν,
1457 5720 1546 5790 ’μὴ
1599 5722 1694 5775 καὶ
1728 5722 1992 5786 ἐπιτιθεὶς
2030 5722 2240 5795 ἀκούσῃ
2271 5720 2468 5774 ποθέν·
2509 5739 2529 5773 ι
2565 5720 2774 5783 Σιώπα,
2809 5724 3121 5791 πεφίμωσο.
3160 5737 3178 5769 ι

489 5808 574 5863 5‘2.
618 5809 673 5863 In
708 5826 941 5870 caverna
982 5814 1207 5872 iuclusio
1249 5831 1536 5871 Commune
1565 5817 1694 5888 quid
1729 5834 1849 5874 cum
1884 5829 1995 5888 ely-

2178 5818 2277 5889 vfs'.
2328 5836 2345 5868 t
2389 5817 2643 5887 Σπηλαῖῳ
2677 5838 2693 5869 ι
2731 5817 2783 5872 δὲ
2814 5817 2992 5869 κοινὸν
3033 5817 3190 5886 μὲνὴ
3225 5811 3492 5881 κόιθειρξιἶ
3543 5804 3673 5877 πρός
