4048 6424
300 371 413 437 2ῖῖ5

1461 376 1562 437 AD
1595 376 1970 439 STYLITAM
2010 380 2324 450 QUEMDA
2336 387 2410 446 Μ.

3463 383 3589 449 216‘

303 506 369 556 γε
397 486 492 540 τὸν
521 504 541 537 ι
581 487 837 557 στυλίτην
861 502 875 521 ’
920 505 937 539 ι
974 488 1057 542 ὅτι
1099 488 1156 543 δὲ
1201 487 1434 559 κρύπτει
1477 490 1576 561 μὲν
1604 491 1696 543 τὸν
1741 491 1891 554 ὲντὶς

2010 493 2091 545 ita
2126 495 2308 561 habet,
2333 501 2461 566 quia
2497 507 2734 553 ascetam
2756 501 2844 568 qui
2864 500 3014 556 intus
3042 508 3119 555 εει
3147 499 3281 571 tegit
3309 514 3564 556 caverna.

308 580 558 653 ἀσκητὴν
589 582 651 634 τὸ
700 581 989 652 σπήλαιον,
1038 582 1134 634 καὶ
1188 580 1510 652 ἀμάρτυρον
1539 582 1747 645 ἐκεῖνος
1774 580 1887 650 ἔχει

2010 597 2046 639 ιι
2100 588 2201 641 iste
2253 591 2457 654 absque
2493 599 2627 646 teste
2664 593 2919 647 virtutem
2969 591 3131 645 habet
3157 594 3229 661 ζει
3279 590 3568 646 confirmat

305 676 408 742 τὴν
434 674 660 744 ἀρετὴν,
692 675 789 727 καὶ
824 673 1098 744 ἑπικρίνει
1151 674 1249 743 μὲν
1278 675 1304 724 6
1338 674 1582 737 τοιοῦτος
1604 674 1665 727 τὸ
1706 693 1724 726 ι
1760 673 1888 726 λάθε

2010 678 2206 743 pridem
2236 680 2325 746 qui
2354 679 2477 734 talis
2505 692 2587 734 est
2619 682 2760 736 banc
2798 682 3126 735 sententiam
3151 698 3165 735 :
3189 679 3414 746 Vivens,
3438 683 3567 735 late.

310 764 485 833 βιοὺς,
511 784 532 815 ι
553 766 613 817 τὸ
644 764 699 818 δὲ
718 766 1003 818 λανθάνειν
1024 766 1332 828 ἐπισκιάζει
1348 767 1410 819 τὸ
1433 766 1547 835 φῶς
1566 765 1662 820 τοῦ
1684 766 1891 819 ἐκεῖθεν

310 857 432 926 {tios
456 875 471 890 ·
510 857 596 927 εἴη
630 858 696 910 ἄν
749 875 769 908 ι
799 859 827 909 6
872 856 1126 925 στυλίτης
1164 875 1182 909 ι
1215 856 1311 909 τοῦ
1340 859 1583 911 τοιούτου
1617 856 1892 929 βέλτερος,

308 944 395 1009 οἷς
442 948 538 1000 καὶ
579 949 661 1007 είς
690 947 908 1010 πλείους
942 947 1249 1012 διαϐιϐάζει
1282 949 1343 1001 τὸ
1375 949 1742 1018 πολυωφελές.
1785 953 1893 1003 Καὶ

208 1101 225 1117 ο
320 1039 608 1108 μάρτυρας
662 1037 719 1091 δὲ
765 1037 859 1091 τοῦ
895 1037 1012 1107 βίου
1053 1038 1190 1106 ἔχων
1221 1038 1470 1102 πολλοὺς,
1518 1040 1618 1092 οὐκ
1662 1039 1727 1094 ἂν
1757 1040 1893 1093 ὑπο-

315 1129 544 1197 σταλείη
594 1128 656 1182 τὺ
710 1129 810 1198 τῆς
863 1127 1255 1198 ἀνεξελέγκτου
1310 1131 1554 1193 παιδείας
1610 1132 1890 1202 πλάνημα.

314 1222 468 1276 Αδτά
486 1222 543 1274 δὲ
574 1220 748 1274 ταῦτα
793 1208 1038 1283 καὶτοὺς
1091 1239 1111 1273 ι
1145 1225 1389 1291 χωστοὺς
1441 1242 1460 1274 ι
1518 1224 1764 1293 ἐγγίζειν
1795 1225 1893 1293 μὲν

313 1317 431 1378 τοῖς
470 1331 487 1363 ι
528 1311 906 1380 σπηλαιὼταις
946 1331 966 1364 ο
1018 1316 1182 1378 ποιεῖ,
1215 1313 1672 1384 χθαμαλωτέρους
1704 1315 1760 1368 δὲ
1784 1314 1895 1368 τῶν

319 1427 344 1461 ι
382 1408 648 1461 στυλιτῶν
682 1424 701 1457 ι
757 1406 1011 1476 καθιστᾷ.
1046 1408 1109 1459 Οἱ
1149 1406 1208 1460 δὲ
1239 1407 1441 1476 σιδήρῳ
1484 1407 1584 1474 μὲν
1611 1409 1895 1477 ἐμπεριει-

313 1504 613 1573 λημμὲνοι,
647 1499 726 1570 τῷ
770 1501 961 1570 κόσμῳ
991 1501 1047 1553 δὲ
1075 1500 1397 1568 ἐμφανίζειν
1424 1500 1651 1562 ἑαυτοὺς
1680 1500 1896 1554 ἐθέλον-

314 1613 434 1659 τες,
466 1595 562 1649 καὶ
590 1594 755 1647 τόπον
782 1592 966 1645 τόπων
994 1591 1341 1659 ἀμείϐοντες,
1375 1593 1468 1644 καὶ
1498 1590 1599 1659 τὴν
1620 1592 1898 1662 σιδηρείαν

313 1686 742 1756 δημοσιεύοντες
773 1685 1001 1745 ἒνδεσιν,
1030 1683 1204 1752 ἔχοιεν
1238 1683 1305 1737 ἄν
1332 1684 1451 1736 οὐδὲ
1479 1684 1632 1737 αὐτοὶ
1660 1686 1815 1738 οὐδέν
1843 1703 1897 1740 τι

317 1781 512 1848 μεῖζον
546 1798 567 1831 ι
606 1778 853 1831 στυλίτου
882 1795 900 1828 ι
935 1777 1025 1829 διά
1050 1776 1111 1828 τὸ
1137 1775 1516 1846 θεατριστικδν
1545 1778 1638 1829 καὶ
1659 1777 1719 1829 οὐ
1752 1778 1897 1831 πάνυ

316 1892 372 1925 τι
404 1870 829 1939 ἀφιλένδεικτον.
854 1869 1024 1929 Αὐτὸς
1049 1866 1157 1938 γὰρ
1188 1867 1380 1920 ἑαυτὸν
1406 1867 1678 1935 ἀφανίσας
1709 1868 1897 1937 μελίσ-

316 1982 423 2034 an;
454 1963 635 2032 δίκην,
692 1964 751 2013 ὲν
784 1959 1014 2031 κρυπτῷ
1068 1958 1508 2028 σιμϐλοποιεῖται
1541 1958 1601 2011 τὸ
1651 1959 1773 2028 μέλι
1803 1960 1904 2029 τῆς

316 2053 549 2123 ἀρετῆς,
605 2048 667 2107 οὗ
718 2050 1230 2120 μεταλαμϐάνοντες
1281 2051 1330 2101 οἱ
1379 2048 1632 2112 τοιοῦτοι,
1669 2050 1902 2120 βλίττειν

319 2147 625 2209 ἐθέλοντες,
663 2142 1028 2211 γλυκάζονται
1051 2141 1143 2195 τὸν
1172 2142 1413 2213 ἄρρητον
1453 2142 1794 2214 γλυκασμόν.

397 2235 502 2304 νγ’.
538 2237 635 2288 Διὰ
666 2234 848 2302 δὲτὴν
874 2232 1046 2301 αὐτὴν
1069 2233 1328 2302 ἐπιϐολὴν
1381 2234 1474 2286 καὶ
1509 2234 1559 2286 οξ
1599 2252 1617 2286 ι
1652 2236 1745 2288 ἐπὶ
1794 2235 1903 2289 τῶν

317 2330 554 2399 δένδρων
573 2347 591 2379 ι
616 2327 709 2381 καὶ
741 2346 762 2378 t
786 2327 835 2380 οί
862 2325 952 2378 ἐπὶ
979 2325 1087 2378 τῶν
1111 2324 1307 2378 κιόνων
1335 2325 1559 2395 αῖθριοι,
1581 2344 1598 2377 ι
1619 2326 1668 2379 εί
1703 2328 1794 2381 καὶ
1823 2330 1905 2392 εἰς

318 2424 520 2476 ταυτὸν
542 2422 736 2493 ἥκουσι
759 2421 837 2482 τῷ
868 2418 964 2488 τῆς
988 2416 1248 2485 ὑψώσεως
1269 2417 1527 2483 ὁμοειδεῖ,
1561 2418 1678 2471 ἀλλ’
1704 2419 1905 2473 ὑποϐε-
1938 2468 1939 2471 η

322 2516 530 2586 ϐήκασί
550 2532 667 2578 πως
695 2518 808 2576 τοῖς
832 2510 1197 2580 ἀναϐεϐηκόσι
1224 2511 1352 2573 τοὺς
1375 2528 1392 2561 ι
1414 2509 1657 2572 στύλους.
1679 2531 1698 2563 ι
1719 2512 1780 2566 Οἱ
1807 2512 1905 2583 μὲν

319 2611 397 2679 τὰ
404 2628 434 2680 ρ
454 2607 513 2675 ἐξ
530 2607 775 2676 ἀνάγκης
801 2605 900 2658 οὐκ
917 2603 983 2659 ἂν
1000 2603 1328 2665 λανθάνοιεν,
1345 2599 1431 2656 οἶα
1452 2606 1561 2666 τοῖς
1582 2605 1907 2661 ἀναϐλέπου-

323 2716 413 2751 ex
433 2697 739 2767 ἀφύλακτοι
761 2696 898 2765 πρὸς
916 2695 1045 2749 θέαν
1065 2693 1398 2761 ἐκκείμενον
1424 2694 1547 2748 ὅθεν
1574 2694 1667 2748 καὶ
1694 2696 1904 2767 μακρὸς

329 2790 520 2851 αὐτοῖς
557 2787 933 2858 μακαρισμὸς,
987 2787 1083 2840 καὶ
1122 2785 1206 2870 τῷ
1236 2786 1382 2840 πάνυ
1442 2786 1543 2855 τῆς
1579 2787 1707 2850 θέας
1766 2804 1905 2858 συμ-

332 2879 617 2948 μετρεῖται
647 2877 742 2929 καὶ
767 2875 829 2928 τὸ
862 2875 1003 2929 πάνυ
1059 2873 1392 2944 θαυμάσιον.
1453 2875 1543 2943 Τῷ
1577 2874 1633 2926 δὲ
1682 2874 1908 2945 τοιούτῳ

327 2973 624 3045 σύντροχος
649 2972 742 3025 καὶ
768 2972 796 3024 6
829 2970 998 3035 πολὺς
1021 2969 1260 3034 ἔπαινος.
1287 2970 1391 3022 Τὸν
1438 2969 1493 3023 δὲ
1520 2969 1678 3040 ὀρθὸν
1694 2981 1731 3021 ἰ
1778 2988 1907 3024 στυ-

288 3120 293 3125 ,
326 3066 485 3137 λίτην
530 3085 549 3119 ι
593 3065 695 3119 οὐκ
728 3065 795 3118 ἂν
829 3063 1140 3134 καταμάθοι
1174 3079 1280 3127 τις,
1330 3063 1453 3115 οὐδὲ
1489 3063 1585 3116 ἐὰν
1638 3061 1741 3133 ζῇο
1782 3062 1907 3116 ὅθεν

1994 768 2188 822 Latere
2239 782 2419 823 autem
2476 771 2659 825 lumen
2704 773 2988 826 obnubilat
3030 773 3156 827 vitae
3207 773 3258 826 in
3312 774 3414 826 hoc
3450 774 3570 827 loco

1997 860 2364 927 transeuntis;
2402 861 2579 932 stylita
2624 877 2752 915 vero
2799 863 2990 916 melior
3019 876 3181 933 quam
3215 862 3269 914 in
3321 863 3571 916 cavernis

1999 950 2270 1015 habitans,
2305 956 2356 1004 in
2392 952 2572 1021 plures
2599 954 2753 1008 valde
2790 954 2941 1007 utilia
2970 952 3227 1008 traducit.
3276 954 3341 1008 Et
3370 953 3572 1007 multos

1998 1043 2123 1098 vitae
2157 1053 2323 1099 teSIes
2354 1046 2582 1112 habens,
2618 1049 2809 1116 nequit
2837 1046 3205 1116 irreprehensi
3256 1047 3569 1103 documenti

1996 1149 2185 1189 errore
2235 1137 2611 1206 pravaricare.
2646 1137 2741 1194 His
2788 1137 2847 1193 fit
2889 1147 2946 1192 ut
2976 1138 3069 1209 qui
3121 1141 3174 1192 in
3219 1138 3380 1193 luteis
3421 1137 3573 1193 cellis

1997 1227 2182 1283 vivunt
2224 1230 2446 1299 prapius
2495 1231 2562 1284 ad
2622 1245 2977 1284 cavernarum
3030 1230 3232 1283 incolas
3286 1230 3570 1292 accedant.

1999 1319 2145 1373 lmmi
2196 1336 2323 1376 vero
2378 1322 2655 1391 pr0piores
2706 1338 2869 1392 quam
2911 1322 3091 1393 stylita
3148 1325 3569 1377 constituantur.

1997 1406 2167 1463 Ferro
2211 1421 2392 1465 autem
2422 1413 2604 1467 vestiti
2643 1414 2881 1483 quidem,
2912 1413 3116 1468 mundo
3136 1429 3269 1467 vero
3299 1413 3573 1468 manifesti

2002 1500 2115 1555 fleri
2172 1503 2437 1569 volentes,
2490 1505 2661 1558 locum
2715 1520 2813 1575 pro
2864 1506 2983 1560 loco
3028 1514 3236 1559 mutant
3283 1518 3334 1560 et
3398 1506 3572 1561 ferrea

1998 1594 2212 1648 vincula
2248 1595 2460 1664 publice
2523 1596 3020 1662 circumducentes,
3056 1596 3184 1649 nihil
3215 1596 3417 1652 habent
3460 1613 3573 1650 me-

2001 1684 2102 1740 lius
2147 1698 2306 1755 quam
2356 1685 2560 1755 stylita,
2613 1694 2798 1754 utpote
2849 1687 2940 1755 qui
2997 1686 3244 1741 tlteatrici
3301 1702 3399 1740 nec
3442 1700 3575 1742 sane

2001 1778 2156 1834 alieni
2189 1795 2217 1833 a
2246 1779 2611 1834 curiOsilatem
2646 1777 2819 1832 ciendi
2857 1778 3176 1847 cupiditate.
3207 1777 3401 1849 Stylita
3427 1778 3571 1832 enim

2006 1871 2123 1939 apis
2164 1885 2314 1924 more
2342 1870 2583 1939 seipsum
2622 1870 2863 1924 condens
2912 1869 2966 1922 in
3003 1869 3327 1924 abscondito
3357 1869 3574 1924 virtutis

2005 1961 2106 2015 mel
2154 1971 2327 2030 paret,
2378 1961 2534 2031 cujus
2585 1961 2877 2027 participes
2925 1958 3099 2015 etfecti
3147 1970 3413 2030 quotquot
3471 1958 3577 2013 mel

2004 2057 2307 2124 exprimere
2357 2053 2561 2118 volunt,
2615 2052 2953 2107 dulcedinem
3005 2049 3329 2105 incﬂ‘abilem
3384 2048 3575 2120 acqui-

2007 2162 2154 2202 runt.

2076 2244 2166 2297 53.
2208 2243 2432 2311 Propter
2461 2239 2702 2296 eamdem
2733 2254 2949 2295 causam
2977 2247 3032 2294 et
3058 2238 3147 2308 qui
3176 2253 3338 2308 super
3366 2236 3585 2292 arbori-

2004 2333 2106 2388 bus
2135 2341 2189 2389 et
2206 2348 2371 2403 super
2391 2333 2659 2388 columnis
2676 2330 2803 2385 elati
2826 2338 2991 2393 stant,
3022 2328 3068 2385 si
3094 2328 3159 2383 ad
3182 2328 3427 2382 eumdem
3455 2344 3579 2398 gra-

2007 2431 2134 2484 dum
2159 2429 2424 2483 accedunt
2449 2424 2769 2482 elevationis
2791 2417 3476 2489 similitudine,-inl‘eriores
3499 2429 3582 2473 ta-

2009 2535 2131 2575 men
2163 2521 2217 2574 in
2240 2519 2422 2584 aliquo
2451 2524 2733 2572 remanent
2761 2514 2827 2569 iis
2858 2513 2949 2583 qni
2975 2511 3276 2567 columnam
3310 2523 3578 2585 summam

2009 2612 2269 2668 incolunt.
2300 2610 2433 2665 Nam
2468 2610 2519 2664 hi
2553 2624 2616 2663 ex
2670 2605 2997 2662 necessitate
3038 2619 3142 2659 non
3194 2602 3384 2667 latent,
3427 2600 3582 2669 quasi

2008 2702 2346 2761 ineluctabili
2374 2702 2535 2757 modo
2567 2698 2980 2769 inspicientihus
3001 2693 3308 2766 spectaculo
3329 2691 3581 2762 expositi.

2008 2794 2162 2850 Unde
2187 2801 2241 2848 et
2266 2792 2423 2861 longa
2453 2790 2584 2860 ipsis
2609 2787 2908 2852 beatitudo,
2932 2797 2985 2841 et
3008 2784 3271 2853 completa
3299 2794 3426 2837 ante
3447 2796 3583 2835 ocu-

2008 2886 2092 2942 los
2125 2884 2464 2957 expositione
2497 2889 2843 2950 comparatur
2891 2876 3179 2933 admiratio
3214 2875 3413 2929 omnis.
3462 2872 3583 2926 Tali

2008 2975 2216 3033 homini
2248 2975 2433 3030 laudes
2457 2974 2641 3028 multa:
2671 2972 3004 3027 tribuuntur.
3026 2969 3279 3023 Erectum
3309 2979 3441 3019 vero
3464 2973 3585 3033 styv

2008 3070 2160 3124 litam
2197 3081 2354 3123 nemo
2403 3074 2620 3121 curaret
2664 3077 2762 3119 nec
2789 3062 2836 3119 si
2867 3063 3030 3116 vivat.
3074 3059 3230 3115 Unde
3261 3058 3587 3127 plerumque

327 3160 406 3220 ὡς
430 3158 500 3212 τὰ
531 3155 703 3210 πολλά
738 3154 835 3210 καὶ
864 3155 957 3209 τοῦ
988 3154 1339 3208 ἐπαινεῖσθαι
1387 3156 1635 3218 πένεται,
1666 3155 1747 3207 ὅτι
1806 3155 1902 3206 καὶ

2010 3160 2258 3215 laudibus
2301 3168 2470 3221 caret,
2499 3157 2623 3226 quia
2662 3169 2692 3209 a
2740 3154 2927 3225 paucis
2968 3151 3284 3220 suspicitur.
3334 3148 3411 3203 lbi
3437 3146 3584 3200 enim

327 3249 425 3303 τοῦ
456 3248 630 3320 συχνά
682 3246 1112 3319 περιϐλέπεσθαι
1163 3247 1225 3300 τό
1271 3263 1336 3314 γε
1400 3246 1655 3300 ἐνταῦθα.
1700 3245 1909 3299 Ἐκεῖσε

326 3344 439 3413 γὰρ
462 3341 722 3395 πλειόνων
745 3340 1032 3411 ὀφειλέτην
1059 3338 1238 3409 ἐαυτῷ
1257 3339 1349 3392 τὸν
1375 3339 1512 3393 Θεὸν
1535 3338 1792 3409 καθιστᾷ,
1816 3338 1909 3391 τδν

331 3432 605 3504 βλέποντα
641 3431 743 3501 μὲν
780 3432 840 3484 ὲν
869 3429 1121 3501 κρυπτῷ,
1170 3429 1489 3483 ἀποδιδόντα
1515 3427 1574 3481 δὲ
1626 3426 1778 3499 ἐντῷ
1813 3444 1914 3496 φα-

328 3541 385 3579 νε
392 3524 494 3595 ρῷ.

403 3616 501 3674 νδ.
537 3618 693 3688 Τάχα
723 3617 782 3671 δέ
809 3633 911 3671 που
937 3616 1051 3679 τοῖς
1076 3634 1115 3668 η(
1154 3613 1702 3686 δενδροκομουμὲνοις
1752 3631 1771 3665 ι
1816 3613 1910 3666 καὶ

337 3707 896 3779 ιο-κιονοφορουμένοις
925 3725 945 3759 ι
977 3705 1091 3759 οὐδ’
1116 3704 1366 3759 ἑκούσιον
1393 3706 1452 3757 τὸ
1484 3704 1605 3757 ὅλον
1626 3703 1790 3758 καλὸν
1813 3703 1910 3758 τοῦ

331 3802 473 3873 ὕψοῦ
518 3801 731 3869 ἀγῶνος
785 3798 1256 3869 ὑποληφθήσεται,
1303 3797 1413 3850 οὐδ’
1446 3797 1504 3863 ἐξ
1559 3795 1821 3866 όλοψύχου
1851 3797 1913 3850 τδ

332 3897 445 3950 πᾶν
474 3894 810 3964 προθέσεως,
840 3890 929 3944 οἶα
958 3893 1050 3945 καὶ
1076 3876 1439 3958 αἰδουμένοις,
1495 3888 1589 3941 ὲάν
1625 3889 1731 3941 ὑπὸ
1777 3888 1912 3942 πάν-

331 4004 445 4042 των
475 3986 765 4058 ὁρώμενοι,
788 3985 892 4038 οὐκ
926 3981 1270 4053 ἐργάζωνται
1289 3983 1350 4035 τὸ
1380 3982 1605 4047 ἀγαθὸν,
1637 3979 1752 4034 an:
1779 3982 1915 4035 ἅπε-

330 4078 555 4141 ναντίας
584 4078 662 4146 τῷ
689 4074 1076 4145 ὲπαγγέλματι
1129 4073 1400 4144 ἔρχωνται
1426 4090 1442 4107 ’
1470 4075 1560 4127 ὅτε
1592 4073 1687 4127 καὶ
1747 4073 1912 4141 φόϐος

331 4171 491 4224 ἔσται
516 4170 631 4233 τοῖς
654 4167 893 4227 πολλοῖς,
925 4167 999 4236 μή
1035 4182 1164 4218 ποτε
1188 4167 1236 4219 0i
1285 4164 1518 4218 τοιοῦτοι
1573 4166 1665 4217 τὸν
1722 4164 1913 4235 μισθὸν

331 4262 519 4316 αὐτῶν
549 4259 793 4314 ἐνταῦθα
818 4258 1096 4328 ἀπέχωσιν
1123 4273 1135 4288 ·
1163 4256 1197 4329 ἢ
1227 4257 1388 4311 τοῦτο
1413 4256 1512 4328 μὲν
1543 4256 1643 4309 οὑκ
1689 4254 1913 4324 ἀγαθῶν

330 4353 569 4424 ἀνδρῶν,
628 4351 866 4421 ἐχόντων
910 4349 968 4400 δὲ
1026 4346 1398 4416 ὑποκριτικῶς
1449 4348 1546 4416 τῆς
1600 4346 1909 4415 ἀσκήσεως.

340 4445 537 4512 Ἡμεῖς
567 4442 625 4496 δὲ
655 4441 717 4495 ού
742 4439 872 4501 τοὺς
896 4437 1174 4499 τοιούτους
1201 4437 1329 4507 ἀρτι
1363 4453 1382 4487 ι
1431 4435 1716 4505 δενδρίτας
1758 4453 1777 4487 ι
1815 4435 1913 4489 καὶ

2012 3251 2245 3320 plurium
2277 3248 2574 3304 debitorem
2621 3246 2784 3301 insui
2817 3245 3046 3314 gratiam
3073 3241 3238 3296 Deum
3283 3239 3466 3295 ﬁrmat
3492 3236 3585 3306 qui

2013 3344 2067 3399 in
2103 3340 2416 3398 abscondito
2444 3339 2591 3395 videt
2623 3349 2676 3393 et
2714 3347 2899 3409 aperte
2942 3335 3142 3391 reddit.

2069 3612 2159 3666 54.
2202 3608 2497 3665 Confestim
2553 3621 2682 3662 vero
2726 3604 2790 3660 de
2838 3604 2905 3657 iis
2950 3602 3041 3673 qui
3093 3600 3345 3655 arborum
3397 3610 3589 3652 curam

2011 3707 2209 3770 gerunt
2257 3707 2311 3752 et
2343 3698 2408 3753 iis
2438 3698 2525 3765 qui
2559 3696 2842 3750 columnas
2889 3692 3120 3746 fulcrum
3151 3690 3371 3752 habent,
3416 3676 3620 3754 suspi?

2014 3791 2100 3843 cio
2158 3789 2264 3843 erit
2308 3787 2449 3855 quod
2503 3799 2607 3839 non
2662 3782 2963 3837 voluntaria
3034 3782 3105 3833 sit
3155 3777 3340 3847 agottis
3388 3773 3587 3830 excelsi

2015 3897 2123 3939 res.
2166 3891 2220 3934 et
2263 3880 2407 3950 quod
2454 3892 2558 3932 non
2606 3890 2670 3931 ex
2703 3884 2815 3929 toto
2864 3875 3027 3929 corde
3079 3871 3147 3927 sit
3175 3868 3432 3940 propositi
3465 3866 3590 3921 uni-

2013 3986 2171 4024 versa
2207 3969 2384 4030 actio‘;
2413 3968 2608 4036 quippe
2634 3963 2725 4034 qui
2757 3962 3086 4017 erubescunt
3107 3959 3152 4014 si
3179 3958 3420 4012 omnium
3453 3968 3589 4008 ocu-

2016 4062 2080 4115 lis
2114 4059 2402 4129 inspectati
2436 4061 2634 4113 bonum
2660 4072 2767 4110 non
2800 4053 3029 4118 faciunt,
3052 4051 3145 4107 sed
3174 4049 3297 4104 vita:
3322 4046 3501 4119 generi
3536 4046 3588 4099 in

2013 4156 2322 4224 Oppositum
2374 4152 2476 4206 iter
2508 4150 2802 4214 incedunt;
2849 4145 3066 4217 quando
3094 4150 3149 4199 et
3183 4142 3366 4196 multis
3415 4147 3592 4193 metus

2014 4250 2141 4312 erit,
2197 4261 2265 4301 ne
2316 4241 2626 4313 hujusmodi
2677 4242 2926 4295 homines
2978 4250 3134 4292 suam
3178 4230 3592 4289 retributionem

2016 4339 2351 4410 percipiant;
2385 4344 2479 4389 aut
2504 4348 2570 4388 ne
2599 4330 3006 4386 retributionem
3033 4342 3134 4380 non
3163 4324 3381 4394 quidem
3422 4321 3595 4378 bono-

2017 4449 2135 4487 rum
2170 4431 2435 4490 virorum,
2478 4426 2574 4482 sed
2625 4424 2727 4494 piis
2783 4417 3267 4476 exercitationibus
3318 4428 3415 4483 per
3462 4425 3592 4482 spec

339 4554 360 4588 ι
405 4505 652 4597 κιονίτας
695 4551 714 4584 ι
776 4528 1148 4598 σκεπτόμεθα,
1190 4505 1311 4581 ἐπεί
1366 4544 1450 4580 τοι
1475 4527 1568 4579 καὶ
1597 4526 1626 4577 6
1663 4544 1685 4577 ι
1731 4524 1907 4578 στυλί·

2021 4526 2155 4580 cietn
2222 4518 2645 4574 incumbentium
2729 4510 3050 4583 percipiant.
3092 4505 3216 4587 pNos
3281 4518 3410 4559 vero
3485 4515 3591 4556 non

328 4643 455 4697 της,
498 4644 517 4678 ι
546 4627 595 4678 εἰ
619 4624 714 4678 καλ⁵
749 4624 825 4693 μὴ
849 4597 1112 4676 αίδοῖτινι
1140 4621 1403 4690 πράττειν
1429 4619 1524 4672 καὶ
1549 4620 1686 4688 πρὸς
1717 4616 1907 4685 ὀφθαλ-

2022 4615 2156 4669 tales
2224 4609 2509 4665 arboribus
2577 4604 2659 4659 vel
2720 4600 2988 4658 columnis
3064 4597 3381 4651 insistentes
3449 4604 3596 4644 nunc

333 4717 454 4788 μῶν
489 4716 678 4787 θαῦμα
720 4713 1088 4782 ὑποπτευθείη
1114 4714 1174 4766 τὸ
1200 4713 1404 4781 ἀγαθὸν
1428 4711 1507 4779 (ὃς
1538 4726 1601 4778 γε
1629 4707 1752 4763 οὐδὲ
1779 4710 1918 4762 ἀνα·-

330 4810 605 4881 κρίνεται,
667 4809 749 4861 ὅτι
803 4808 926 4879 μηδ’
987 4806 1359 4876 ἀπραγμόνως
1414 4802 1719 4873 βλέπεται),
1782 4799 1918 4854 ἀλλά

329 4902 536 4975 τρόπον
569 4901 727 4956 ἀλλον
769 4901 864 4954 καὶ
918 4898 1080 4961 αὐτὸς
1137 4898 1508 4969 καχυπόπτοις
1559 4892 1784 4964 ἀνδράσι
1817 4894 1918 4963 ῥᾳ-

333 4993 549 5063 στώνην
604 4992 956 5046 ὑποϐαλεϊται
1019 4989 1211 5060 νοῆσαί
1272 5003 1396 5040 τινα
1463 4988 1559 5038 καὶ
1624 4983 1775 5046 ὲντδς
1822 4980 1917 5034 τοῦ

336 5103 359 5140 ι
404 5085 600 5139 στύλου
647 5102 666 5135 ι
709 5084 1044 5139 ἀνάπτωσιν.

402 5342 501 5396 ve’.
540 5341 700 5394 Ἀλλά
722 5336 895 5394 ταῦτα
936 5341 1055 5410 μὲν,
1088 5334 1169 5401 οἷς
1222 5338 1661 5411 προσκόπτουσιν
1678 5338 1728 5389 0i
1784 5332 1916 5388 πολ-

330 5435 436 5498 λοὶ,
469 5433 615 5493 οὕτω
667 5432 1056 5500 σκορακιστέον
1105 5433 1169 5484 ὲκ
1193 5430 1302 5484 τῶν
1340 5428 1731 5498 πνευματικῶν
1790 5426 1917 5479 τού-

332 5544 445 5580 των
472 5523 686 5597 ἀνδρῶν
715 5540 732 5555 ο
755 5524 1022 5594 διαφέρον
1058 5521 1118 5575 δὲ
1137 5522 1324 5583 αὐτοῖς
1358 5520 1439 5573 ἔτι
1468 5520 1691 5573 κάκεῖνο
1737 5517 1913 5580 ἔσται,

335 5617 413 5681 ὡς
443 5617 629 5687 οἱμὲν
686 5616 854 5687 ἀέρος
914 5614 1047 5683 γοῦν
1105 5611 1476 5666 ὲπαπολαύειν
1506 5612 1587 5671 είς
1645 5609 1919 5677 πλήσμιον

334 5711 559 5779 ἀμέσως
583 5710 794 5780 ἔχουσι,
832 5707 929 5761 καὶ
953 5706 1165 5776 ὁμιλεῖν
1198 5704 1354 5776 ἡλίῳ,
1411 5704 1462 5757 εἰ
1496 5703 1590 5756 καί¹
1651 5704 1711 5754 ὲν
1751 5702 1918 5755 ὑπαί-

339 5803 476 5871 θρῳ·
507 5804 536 5857 6
560 5802 616 5857 δὲ
642 5800 744 5855 καὶ
765 5798 931 5856 αὐτὸν
960 5800 1239 5870 μετρεῖται
1259 5798 1348 5851 τὸν
1364 5796 1536 5868 ἥλιον,
1560 5793 1635 5859 ὡς
1662 5793 1748 5847 διὰ
1774 5794 1914 5848 κάπο

2019 4704 2462 4762 considcramus;
2532 4693 2795 4764 siquidem
2876 4684 3079 4760 stylita,
3156 4686 3287 4740 licet
3339 4697 3447 4736 non
3509 4694 3597 4735 re-

2020 4804 2204 4864 Spectn
2249 4802 2303 4844 et
2338 4798 2557 4858 propter
2588 4784 2773 4838 oculos
2806 4782 3003 4834 mirum
3048 4779 3245 4833 bonum
3289 4785 3449 4844 agere
3494 4785 3593 4825 su-

2019 4862 2315 4955 spicionem
2368 4884 2705 4933 commoveat
2766 4872 2877 4943 (qui
2935 4885 3041 4924 non
3100 4866 3399 4938 iudicatur,
3465 4862 3593 4930 quia

2020 4954 2126 5031 non
2161 4977 2366 5042 absque
2403 4971 2587 5023 labore
2636 4962 3016 5034 conSpicitur),
3066 4959 3180 5014 imo
3226 4955 3332 5011 alia
3380 4954 3592 5009 ratione

2019 5083 2048 5121 a
2101 5065 2239 5120 mala
2295 5060 2696 5133 suspicantibus
2743 5054 2876 5110 viris
2921 5050 3253 5107 otiositatem
3302 5045 3592 5116 quamdam

2020 5168 2076 5213 et
2124 5158 2265 5211 intra
2327 5155 2630 5209 columnam
2669 5147 3054 5204 relantionem
3107 5140 3391 5196 intendere
3426 5151 3603 5207 τερα-η

2021 5256 2188 5301 tatur.
3482 5276 3487 5283 ι

2091 5339 2182 5397 55.
2218 5330 2328 5393 'Sed
2356 5337 2469 5390 lucc
2509 5332 2724 5402 quidem
2770 5328 2835 5383 ad
2866 5342 2986 5397 quae
3015 5320 3365 5382 scandalizati
3403 5320 3592 5390 pedem

2019 5431 2300 5487 oﬂ‘endunt
2351 5427 2527 5491 multi,
2572 5421 2888 5492 expellenda
2931 5426 3058 5473 sunt
3102 5412 3475 5487 spiritualibus
3509 5409 3597 5466 his

2018 5521 2171 5587 viris;
2193 5520 2283 5573 sed
2308 5518 2359 5571 in
2380 5533 2444 5571 eo
2467 5512 2745 5577 diﬂ'erunt,
2763 5509 2903 5579 quod
2933 5508 2985 5563 hi
3008 5507 3226 5577 quidem
3250 5518 3375 5558 aere
3393 5502 3597 5569 absque

2020 5626 2276 5667 mensura
2309 5609 2556 5663 fruantur
2584 5616 2635 5661 et
2665 5605 2777 5660 sole
2799 5602 2899 5658 sub
2926 5602 3012 5655 dio
3043 5609 3286 5664 utantur;
3310 5597 3397 5651 ille
3414 5604 3593 5648 autem

2019 5704 2186 5759 solem
2233 5709 2379 5755 arcta
2413 5711 2666 5753 mensura
2717 5695 2898 5759 habet,
2955 5703 3206 5759 tanquam
3247 5702 3341 5756 per
3392 5681 3592 5737 camini

2019 5793 2346 5864 spiraculum
2384 5789 2708 5852 radiantem,
2761 5793 2854 5838 aut
2888 5783 3045 5837 aliter
3094 5777 3248 5848 quasi
3294 5791 3322 5829 a
3373 5770 3589 5841 specula
