4048 6436
478 359 584 422 247

1224 355 1642 418 EUSTATHII
1684 350 2439 415 TIIESSALONICENSI‘S
2474 352 3037 416 METROPOLITzE

3627 352 3739 418 248

482 475 609 540 ista,
639 471 836 526 divinis
867 470 1031 525 radiis
1069 469 1318 525 subtilius
1351 480 1404 523 et
1451 469 1693 524 exactius
1736 469 2059 526 illustratur,

2165 485 2260 536 νης
2293 486 2441 531 τινος
2476 469 2623 539 αὐτῷ
2650 469 3079 539 προσϐάλλοντα,
3118 469 3167 522 εί
3196 469 3289 522 καὶ
3320 469 3483 523 ἄλλον
3517 469 3732 538 τρόπον,

482 571 575 614 aut
623 562 776 628 quasi
831 559 1114 629 spirituale
1163 568 1330 628 petra:
1383 557 1623 610 foramen
1680 565 1892 620 nactus,
1949 570 2053 608 non

483 656 658 710 solum
688 655 783 709 Dei
821 655 1150 724 posteriora,
1187 655 1280 708 sed
1319 662 1374 706 et
1409 652 1542 706 facie
1591 653 1656 705 ad
1709 650 1896 704 faciem
1930 665 2052 705 eum

484 749 744 801 intuetur.
776 747 841 799 Et
872 746 925 798 lti
953 745 1166 813 quidem
1199 755 1562 814 opportunum
1587 744 1788 796 ducunt
1813 745 2056 795 viventes

480 842 673 904 videri;
698 840 786 893 ille
803 853 932 892 vero
951 853 1009 891 se
1028 837 1332 901 abscondit,
1349 836 1500 902 quasi
1525 844 1688 888 testes
1707 833 2053 896 erubescens;

480 942 628 985 totus
660 928 957 984 mansionis
990 930 1042 982 in
1085 928 1404 983 abscondito
1443 941 1668 994 compos
1712 925 1906 984 factus,
1942 923 2056 976 dis-

477 1028 799 1094 positionem
854 1026 1121 1080 columnae
1173 1034 1378 1093 partem
1435 1023 1696 1076 visibilem
1749 1019 2051 1085 obnubilat,

477 1118 698 1172 lmmilis
731 1117 978 1175 eﬂ'ectns.
1012 1116 1154 1186 quod
1195 1115 1282 1170 hic
1317 1114 1702 1182 conscpelitnr.

545 1383 636 1436 56.
679 1382 733 1436 Si
771 1398 898 1435 vero
936 1382 1067 1436 mihi
1097 1383 1271 1437 noctis
1305 1383 1476 1450 frigus
1507 1382 1557 1434 in
1600 1380 1716 1434 istis
1746 1389 1799 1433 et
1824 1379 1928 1434 diei
1953 1379 2052 1430 ob-

470 1474 590 1542 jicit
645 1475 916 1537 ardorem,
953 1475 1258 1528 consideret
1319 1473 1707 1526 mansinncnlae
1755 1471 2054 1541 angustias,

473 1572 816 1617 contraclmn
851 1576 900 1615 el
928 1572 1213 1626 angustum
1246 1579 1340 1625 os;
1376 1575 1426 1616 et
1453 1563 1590 1615 facta
1623 1561 2054 1630 comparatione,

475 1671 543 1707 ne
590 1655 787 1723 stylitaz
825 1654 972 1722 justo
1007 1653 1322 1708 inferiorem
1362 1655 1634 1722 nimisque
1671 1652 1928 1706 humilem
1963 1662 2050 1704 ιιι-

475 1746 677 1798 trilmat
711 1746 1071 1800 conditionem
1113 1755 1386 1813 reputans.
1413 1745 1662 1814 .Reliqno
1707 1745 2046 1800 terrestrium

473 1835 685 1888 incluso
713 1845 1058 1903 comparatus
1091 1835 1354 1887 colurnum
1379 1833 1461 1886 vir
1497 1833 1644 1901 large
1675 1843 1848 1888 semet
1901 1815 2124 1886 exal-B

471 1923 650 1984 tavit,
717 1923 1174 1989 quemadmodum
1213 1921 1522 1987 diversorii,
1560 1924 1639 1976 sic
1669 1933 1721 1976 et
1757 1923 1886 1976 vita!
1939 1921 2049 1976 ele-

474 2013 714 2067 vatione.
741 2011 874 2065 Nam
905 2014 996 2081 qui
1033 2012 1194 2078 infra,
1221 2029 1344 2068 cum
1379 2025 1578 2068 terram
1623 2013 2048 2068 inhabitantibus

471 2112 527 2157 et
560 2119 669 2172 prae
713 2103 980 2169 manibus,
1009 2115 1064 2157 nt
1108 2105 1181 2158 ita
1232 2107 1425 2166 dicam,
1457 2106 1859 2160 consolationes
1889 2105 2051 2159 habet

472 2193 688 2262 quando
724 2194 773 2247 in
808 2193 1126 2264 cujusquam
1157 2195 1506 2266 indigentiam
1531 2199 1740 2259 incidit,
1769 2207 1822 2252 et
1853 2197 2050 2250 Imma-

472 2286 598 2338 nior
645 2294 762 2350 est;
797 2285 978 2356 stylita
1009 2302 1141 2341 vero
1195 2289 1378 2356 procul
1427 2290 1494 2342 ab
1549 2289 1854 2345 hominibus
1884 2288 1964 2354 fit,
1997 2297 2050 2343 et

471 2376 629 2430 tarde
659 2382 800 2446 quod
828 2377 1080 2446 qmesivit
1110 2378 1174 2430 ad
1206 2394 1326 2432 eum
1357 2381 1622 2433 ascendit.

545 2555 637 2610 57.
675 2555 779 2610 Sed
824 2557 939 2611 haec
979 2557 1269 2611 hactenus.
1306 2555 1454 2611 Ultra
1495 2573 1626 2612 vero
1677 2558 2054 2628 progrediatur

475 2649 692 2718 aliquis,
722 2659 776 2704 et
831 2649 1061 2719 ntnplins
1097 2653 1162 2704 ad
1203 2651 1410 2722 singula
1449 2668 1506 2707 se
1539 2653 1705 2707 dabit.
1735 2653 1790 2707 Si
1836 2667 1965 2707 vero
1999 2663 2054 2707 et

472 2742 704 2795 voluerit
730 2743 794 2795 de
817 2741 1244 2797 accidentalibus
1277 2753 1327 2798 et
1363 2747 1526 2799 certis
1553 2746 1715 2799 rebus
1742 2747 1906 2798 vitam
1940 2754 2050 2816 sty-

474 2833 677 2888 liticam
717 2833 992 2899 extollere,
1024 2843 1077 2889 et
1123 2849 1284 2902 supra
1330 2836 1463 2889 alias
1513 2850 1701 2889 onmes
1745 2836 2053 2890 necessario

475 2926 768 2980 exaltatam
822 2927 1130 2990 ostendere,
1169 2926 1314 2981 dicet
1366 2929 1508 2997 quod
1545 2927 1720 2982 cuivis
1749 2929 2043 2982 secundum

475 3020 730 3073 virtutem
783 3019 984 3074 viventi
1037 3020 1336 3089 praesertim
1389 3019 1584 3091 styiitae
1619 3030 1894 3074 certamen
1929 3035 2050 3075 cum

477 3111 658 3180 pravis
702 3111 1089 3181 cupiditatibus
1118 3112 1312 3167 durum
1362 3121 1464 3167 est.
1492 3110 1629 3166 Nam
1663 3113 1760 3182 qni
1793 3114 1982 3182 procul
2018 3129 2046 3166 a
2083 3158 2114 3182 ε

476 3214 622 3256 terra
673 3203 727 3256 in
778 3203 902 3257 altis
949 3203 1216 3269 habitant,
1247 3205 1508 3258 accedere
1558 3214 1831 3274 nequeunt
1881 3205 1946 3258 ad
1995 3219 2057 3257 ea

477 3297 671 3365 quibus
696 3297 1032 3352 delectentur
1061 3299 1277 3362 quando
1308 3299 1541 3353 maxime
1573 3299 1780 3353 volunt.
1811 3298 2060 3366 Magnam

476 3404 608 3442 sero
661 3389 800 3444 tollit
850 3389 980 3444 illud
1033 3390 1258 3443 vilitatis
1326 3399 1560 3459 partem,
1620 3405 1737 3444 nec‘
1782 3389 2063 3453 cupidita—

479 3492 595 3536 tnm
625 3481 830 3550 janu's,
863 3481 1132 3546 sensibus,
1165 3482 1381 3536 licentia
1420 3490 1660 3536 remanet
1691 3481 1854 3536 nimis
1895 3492 2066 3535 teme-

482 3574 645 3628 rariis
705 3572 988 3628 desideriis
1042 3573 1255 3628 facilius
1315 3573 1569 3642 expandi.
1625 3571 1735 3628 Nec
1798 3587 2065 3625 enervans

482 3677 579 3715 eos
628 3663 720 3729 qui
773 3662 826 3714 in
894 3663 1206 3716 carnalibus
1269 3662 1479 3717 deliciis
1549 3662 1736 3714 vivunt
1801 3660 2063 3725 luxuries,

483 3756 547 3807 nd
581 3768 704 3808 eum
749 3753 838 3822 qui
889 3753 942 3806 i-n
995 3754 1119 3808 altis
1167 3754 1374 3807 habitat
1433 3753 1708 3822 pervenit;
1767 3768 1864 3807 nec
1917 3752 2061 3806 aliud

481 3847 588 3900 v.le
657 3846 926 3914 iuveniles
997 3846 1199 3900 auditui
1275 3856 1522 3913 procreat
1590 3845 1851 3910 affectus,
1921 3841 2062 3914 quod

483 3944 690 4006 absque
747 3947 940 3993 conatu
999 3939 1053 3991 in
1108 3939 1282 4007 ipsum
1343 3939 1643 4007 irrumpere
1705 3937 1899 3993 valeat.
1952 3936 2064 3992 Nec

484 4036 745 4084 odoratus
810 4029 1080 4083 illecebras
1143 4030 1356 4083 trahere
1413 4045 1535 4083 eum
1598 4028 1828 4084 faciliter
1883 4028 2066 4083 valent

484 4122 708 4176 fortuito
760 4121 1055 4176 incidentes
1097 4129 1151 4174 et
1183 4137 1276 4188 per
1295 4135 1472 4186 nares,
1495 4129 1557 4175 nt-
1592 4121 1763 4188 aiunt,
1793 4131 2060 4188 attractte,

484 4213 539 4266 in
564 4227 722 4283 quem
763 4225 863 4266 nec
888 4211 1086 4278 reliqua
1121 4225 1374 4264 sensuum
1409 4211 1771 4266 illectamenta
1799 4212 2066 4266 insidiari-

487 4320 570 4358 uer
594 4303 912 4375 praevalent,
941 4304 1029 4372 qtti
1057 4303 1304 4356 altiorem
1335 4305 1618 4357 constituit
1645 4301 1862 4358 domum
1897 4318 2063 4374 seque

485 4399 554 4450 ab
581 4394 820 4449 inferiori
846 4393 1248 4463 perturbatione
1277 4403 1541 4457 removet,
1564 4405 1618 4448 et
1643 4395 2062 4450 obleCtamcntis

2161 562 2238 624 ὡς
2268 563 2374 614 ἀπὸ
2401 563 2658 633 διόπτρας
2693 563 2919 632 ταύτης,
2944 565 3067 625 ταῖς
3101 561 3277 623 θείαις
3304 562 3615 628 ἐντρανίζει
3637 562 3733 614 ἀκ·

2158 658 2267 708 τῖσι
2301 655 2631 725 λεπτότερόν
2665 673 2722 708 τε
2755 656 2849 708 καὶ
2874 654 3291 724 ἀκριϐέστερον,
3331 654 3479 724 ἢκαὶ
3510 656 3584 715 ὡς
3613 670 3734 721 νοη-

2161 743 2261 814 τὴν
2289 745 2496 813 ταύτην
2531 745 2671 814 ὀπὴν
2699 745 2906 816 πέτρας
2928 744 3260 814 ἐξευρηκὼς,
3295 745 3356 796 οὐ
3397 745 3556 812 μόνον
3600 759 3732 811 φαν-

2159 835 2383 898 τάζεται
2415 835 2550 889 Θεοῦ
2585 836 2653 889 τὰ
2682 835 2928 900 ὀπίσθια,
2964 834 3100 889 ἀλλά
3130 835 3222 888 καὶ
3257 835 3550 904 πρόσωπον
3602 834 3732 902 πρὸς
3771 873 3774 877 .

2160 928 2452 996 πρόσωπον
2478 928 2640 980 αὑτὸν
2673 927 2904 998 καθορᾷ.
2939 927 3050 980 Καὶ
3079 927 3130 978 oi
3158 926 3257 996 μὲν
3284 925 3498 990 ἀξιοῦσι
3548 925 3729 991 φαίνε-

2161 1019 2284 1072 σθαι
2315 1020 2416 1090 ζῇν
2441 1036 2456 1050 ο
2490 1022 2517 1073 ὁ
2543 1021 2586 1072 δ’
2614 1019 3042 1086 ἐγκαλύπτεται,
3075 1019 3152 1084 ὡς
3199 1012 3311 1072 οἷον
3348 1017 3727 1086 αίσχυνόμενος

2159 1112 2252 1164 καὶ
2280 1111 2376 1181 τὴν
2412 1111 2541 1164 θέαν
2577 1112 2748 1180 αὑτήν
2778 1128 2792 1142 ο
2829 1113 2926 1164 καὶ
2943 1112 3042 1178 τῆς
3075 1112 3132 1162 ἐν
3161 1109 3393 1181 κρυπτῷ
3423 1110 3590 1177 μονῆς
3614 1107 3729 1168 ὅλος
3814 1090 3824 1102 ’

2159 1203 2470 1271 γινόμενος,
2501 1202 2595 1255 καὶ
2633 1203 2724 1255 τὸν
2752 1204 2816 1255 ἐκ
2839 1202 2934 1255 τοῦ
2972 1221 2990 1253 ι
3038 1202 3231 1253 στύλου
3276 1219 3294 1250 ι
3361 1196 3739 1267 φανητιασμον·

2155 1296 2413 1364 ἀμαυροῖ.
2438 1293 2880 1361 ταπεινούμενος,
2905 1288 2985 1356 οἷς
3009 1293 3159 1362 αύτῷ
3206 1291 3554 1344 ἐντέθαπται.

2173 1435 2175 1437 ,
2221 1393 2327 1449 νς’.
2353 1387 2412 1437 Εἰ
2451 1386 2506 1438 δέ
2543 1403 2632 1454 μοι
2657 1385 2846 1446 νυκτὸς
2879 1385 3115 1450 παγετὸν
3142 1382 3455 1442 ἐνιέκεῐνοις
3479 1381 3572 1432 καὶ
3593 1377 3726 1448 ήμέσ

2155 1495 2252 1548 ρας
2281 1477 2646 1547 προϐάλλεταί
2683 1495 2766 1540 τις
2825 1477 3081 1530 καύσωνα
3106 1515 3121 1539 ,
3174 1474 3463 1527 ἐννοείσθω
3520 1471 3578 1523 τὸ
3609 1487 3730 1522 πνισ

2153 1571 2322 1639 γηρὸν
2364 1569 2467 1636 τῆς
2509 1568 2744 1622 ἐνταῦθα
2799 1569 3016 1636 στέγης,
3043 1568 3135 1620 καὶ
3166 1568 3250 1619 ’τὸ
3305 1561 3726 1630 συνεσταλμένον

2152 1661 2246 1714 καὶ
2302 1659 2607 1729 σύστομοΨ
2667 1661 2761 1712 καὶ
2805 1659 3203 1729 παρεξετάσας,
3260 1657 3336 1726 μὴ
3381 1655 3545 1716 πολὺς
3592 1651 3726 1703 οὕτω

2153 1751 2383 1818 γινέσθω
2443 1751 2800 1818 σοφιζόμενος
2844 1749 2921 1820 τῷ
2974 1767 2993 1801 ι
3044 1748 3259 1818 στυλίτῃ
3303 1765 3321 1798 ι
3394 1745 3494 1816 τὴν
3548 1741 3729 1797 ὑποϐε-

2152 1843 2332 1898 ϐασιν.
2387 1843 2571 1913 Λοιπῷ
2616 1844 2679 1912 δὴ
2738 1842 2811 1910 τῷ
2877 1843 3003 1909 περὶ
3037 1842 3142 1910 γῆν
3202 1839 3504 1907 ἐγκλείστῳ
3552 1850 3724 1901 παρα-

2149 1935 2426 2004 τιθέμενος
2454 1935 2482 1988 ὀ
2508 1934 2602 1986 τοῦ
2639 1951 2662 1984 c
2708 1933 2898 1986 στύλου
2940 1951 2957 1983 ι
2995 1929 3190 1999 μακρῷ
3233 1929 3328 1981 καὶ
3367 1925 3527 1978 αὐτὸν
3561 1924 3724 1989 ὑπερ-

2149 2027 2517 2095 αναϐἐϐηκεν,
2553 2025 2742 2096 ὥσπερ
2780 2025 2857 2092 τῷ
2885 2023 2976 2076 τοῦ
3008 2020 3394 2088 καταλύματος
3417 2015 3567 2084 ὕψει,
3589 2011 3735 2064 οὕτω

2150 2121 2245 2173 καὶ
2269 2119 2344 2189 τῷ
2385 2121 2483 2186 τῆς
2519 2117 2788 2186 βιώσεως.
2842 2117 2901 2168 ’0
2937 2115 3035 2186 μὲν
3065 2112 3174 2182 γὰρ
3220 2102 3393 2163 κάτω-
3428 2107 3521 2160 καὶ
3574 2101 3733 2163 αὐτὸς

2151 2211 2293 2264 κατὰ
2319 2211 2444 2272 τοὺς
2478 2211 2535 2262 ἐν
2563 2212 2655 2278 γῇ,
2678 2208 2774 2261 καὶ
2802 2207 2909 2277 πρὸ
2940 2205 3138 2275 χειρῶν
3182 2203 3255 2266 ὡς
3275 2200 3454 2255 εἰπεῖν
3509 2196 3620 2265 ἔχει
3669 2190 3727 2242 τδ

2151 2299 2550 2366 παρηγόρημα,
2589 2297 2678 2349 ὅτε
2702 2295 2848 2356 τινὸς
2879 2292 3189 2362 παραπέσοι
3244 2287 3430 2358 χρείᾳ,
3490 2283 3584 2335 καὶ
3637 2278 3732 2330 ἀνο

2153 2387 2569 2459 θρωπικώτερός
2597 2387 2743 2439 ἐστιν
2763 2401 2776 2415 ⁸
2813 2388 2840 2438 ὁ
2865 2383 2921 2437 δὲ
2953 2403 2972 2436 ι
3006 2382 3257 2449 στυλίτης
3284 2397 3303 2431 ι
3344 2377 3404 2441 ἐξ
3432 2370 3734 2442 ἀνθρὼπων-

2149 2482 2378 2551 γίνεται,
2415 2481 2512 2532 καὶ
2539 2477 2634 2547 ὀψὲ
2659 2477 2717 2531 τὸ
2749 2475 2982 2546 ζητηθέν
3031 2473 3319 2543 ἀνέρχεται
3359 2471 3436 2532 είς
3458 2465 3636 2518 αὐτόν.

2225 2577 2323 2640 νζ’.
2361 2572 2525 2626 Ἀλλὰ
2554 2569 2778 2624 τοιαῦτα
2813 2569 2913 2638 μὲν
2940 2566 3232 2622 καὶταῦτα
3271 2565 3370 2618 καὶ
3413 2562 3505 2614 ἐπὶ
3543 2553 3728 2609 τοσοῦ-

2151 2686 2264 2722 τον.
2304 2662 2754 2736 Προσευπορήσει
2808 2663 2866 2715 δέ
2917 2680 3022 2726 τις,
3075 2662 3170 2713 καὶ
3227 2658 3401 2712 πλείω
3445 2657 3554 2717 τοῖς
3594 2648 3725 2704 κατά

2157 2759 2321 2829 μέρος
2350 2755 2619 2815 ἐπιδιδοὺς
2647 2754 2859 2807 ἑαυτόν.
2888 2753 2950 2806 Ei
2987 2751 3046 2804 δὲ
3076 2753 3169 2804 καὶ
3198 2750 3485 2820 βουληθείη
3513 2745 3724 2800 ἐπελευ-

2156 2850 2483 2918 στικὼτερον
2513 2848 2608 2901 καὶ
2635 2845 3049 2916 ἀπεριλαλήτως
3073 2845 3212 2897 κατά
3240 2843 3444 2902 παντὸς
3471 2839 3580 2910 βίον
3604 2835 3728 2898 ἐξᾶο

2158 2960 2251 3014 ραι
2298 2941 2390 2994 τὸν
2424 2958 2443 2991 ι
2478 2937 2806 3003 στυλιτικόν,
2847 2957 2866 2988 ι
2903 2938 3079 2988 ἐκεῖνο
3131 2935 3264 3004 φαίη
3327 2935 3410 2997 ἂν,
3444 2933 3518 2993 ὠς
3573 2926 3725 2982 παντὶ

2158 3033 2255 3105 μέν
2278 3030 2355 3098 τῷ
2378 3030 2500 3083 κατ’
2530 3028 2735 3098 ἀρετὴν
2767 3026 2972 3097 βιοῦντι
3001 3025 3237 3096 δύσεργα
3259 3025 3331 3077 τὰ
3366 3025 3480 3077 τῶν
3503 3019 3718 3086 σφοδρο⁶

2158 3124 2333 3192 τέρων
2363 3117 2691 3187 ἐπιθυμιῶν,
2713 3119 2823 3180 τοῖς
2841 3116 2897 3168 δέ
2913 3113 3175 3177 τοιούτοις
3206 3114 3302 3166 καὶ
3333 3113 3588 3184 μάλιστα.
3611 3106 3719 3172 Τῆς

2166 3218 2269 3286 γῆς
2291 3231 2351 3268 τε
2380 3213 2489 3284 γὰρ
2538 3210 2926 3283 ἁνῳκισμένοι,
2966 3209 3067 3263 οὐκ
3095 3209 3280 3278 ἔχουσι
3340 3203 3589 3268 πελάζειν
3623 3201 3726 3260 τοῖς

2167 3307 2473 3372 θέλγουσιν,
2497 3305 2584 3357 ὅτε
2610 3303 2705 3356 καὶ
2728 3302 2964 3355 θέλουσι.
3001 3299 3172 3353 Τοῦτο
3199 3299 3255 3353 δὲ
3291 3298 3426 3352 πολύ
3473 3313 3525 3349 τι
3572 3291 3725 3362 μέρος

2168 3400 2449 3469 περιαιρεῖ
2476 3396 2575 3464 τῆς
2609 3394 2965 3463 φαυλότητος,
3001 3391 3095 3444 καὶ
3121 3391 3242 3445 οὐδὲ
3267 3394 3387 3452 ταῖς
3413 3390 3519 3441 τῶν
3548 3381 3728 3436 παθῶν

2169 3494 2386 3564 θύραις,
2446 3491 2567 3550 ταῖς
2613 3485 2951 3556 αίσθήσεσιν,
3010 3483 3163 3536 ἄδεια
3206 3483 3564 3551 περιγίνεται,
3615 3473 3726 3532 ταῖς

2169 3581 2536 3654 θρασυτέραις
2566 3577 2894 3647 ἐπιθυμίαις.
2917 3576 3045 3646 ῥᾷον
3077 3571 3570 3627 ἀναπετάννυσθαι.
3597 3564 3728 3654 Οὔτε

2167 3653 2276 3745 γὰρ
2306 3676 2338 3744 ή
2376 3670 2710 3727 κατακλῶσα
2741 3669 2867 3731 τοὺς
2899 3667 2967 3720 τὰ
2997 3669 3146 3720 κάτω
3197 3665 3521 3734 τρυφῶντας
3565 3653 3728 3725 ἐμμέ-

2165 3769 2284 3821 λεια
2303 3765 2640 3819 καθικνεῖται
2673 3761 2766 3814 τοῦ
2789 3759 2963 3822 οὕτως
2993 3758 3233 3827 ὑψηλοῦ,
3262 3758 3344 3810 ὅτι
3385 3754 3517 3825 μηδὲ
3551 3749 3732 3821 ῥᾴδιον

2167 3859 2244 3920 εἰς
2279 3855 2440 3909 αὐτὸν
2466 3853 2810 3921 ἀφικνεῖται’
2841 3849 2963 3902 οὔτε
2984 3867 3038 3902 τι
3083 3849 3288 3917 φαῦλον
3342 3848 3526 3916 ἓτερον
3571 3841 3727 3895 ἀκουο

2169 3965 2281 4017 σμα
2319 3944 2680 4007 νεανιεύεται,
2731 3941 2946 4002 ἀπόνως
2993 3941 3329 4010 ἀναδραμεῖν
3390 3936 3510 3991 κατ’
3548 3927 3724 3986 αὑτοῦ.

2165 4041 2277 4094 Καὶ
2304 4038 2422 4090 ούδέ
2446 4035 2516 4088 τὰ
2543 4035 2644 4103 τῆς
2661 4034 2983 4103 ὀσφρήσεως
3005 4031 3272 4100 ἐπαγωγά
3328 4028 3609 4100 περιάγειν
3636 4020 3726 4074 αὑ·

2163 4131 2253 4184 τὸν
2275 4126 2532 4197 εὐμαρῶς
2556 4125 2815 4195 ἐξισχύει,
2844 4123 3191 4193 ἐμπίπτοντα
3214 4122 3358 4175 κατὰ
3386 4121 3446 4174 τὸ
3498 4113 3726 4180 αὐτόμα-

2164 4238 2277 4281 τον,
2305 4220 2400 4272 καὶ
2427 4218 2535 4273 ἀπὸ
2567 4217 2754 4288 ῥινῶν,
2792 4217 2819 4268 ὃ
2844 4232 3031 4282 φασιν,
3066 4215 3298 4268 ἕλκοντα
3321 4229 3335 4244 °
3376 4212 3494 4266 ούδέ
3521 4208 3624 4277 μὴν
3660 4204 3724 4254 τὰ

2163 4313 2327 4366 λοιπὰ
2359 4310 2594 4380 αἰσθητὰ
2635 4309 2938 4371 ἐπιϐούλως
2962 4307 3106 4360 οὓτω
3135 4303 3604 4375 κατευμεγεθοῦσι
3632 4294 3730 4350 τοῦ.

2165 4405 2534 4464 ἀνοικίσαντος
2558 4401 2770 4464 ἐαυτὸν,
2797 4404 2889 4456 καί
2913 4403 3007 4469 τῆς
3031 4401 3182 4454 κάτω
3201 4402 3514 4470 συγχύσεως
3542 4389 3724 4463 ἀφορίι-

488 4486 745 4550 removit,
771 4500 871 4540 nec
906 4485 1143 4554 amplius
1174 4483 1241 4538 de
1273 4494 1414 4537 terra
1446 4495 1526 4538 est
1546 4487 1691 4553 (nam
1721 4500 1883 4554 supra
1911 4495 2013 4540 stat
2041 4485 2060 4556 )

2173 4512 2387 4556 σαντος,
2420 4495 2516 4548 καὶ
2545 4493 2651 4546 τῶν
2673 4492 3029 4546 ἀπολαυστῶν
3055 4493 3487 4560 ἀποστήσαντος,
3527 4486 3616 4539 καὶ
3639 4481 3725 4533 ού-

486 4593 589 4634 nec
613 4578 678 4632 de
699 4579 987 4644 aere(nam
1011 4576 1212 4629 densus
1227 4575 1353 4644 est),
1377 4589 1563 4644 parum
1590 4591 1716 4629 vero
1748 4585 1951 4630 natura
1979 4588 2062 4632 est

486 4669 762 4740 particeps
790 4679 843 4722 et
875 4668 926 4721 in
956 4675 1219 4737 quan-tum
1248 4667 1352 4719 vita
1387 4667 1680 4720 secundum
1709 4683 1927 4721 carnem
1971 4669 2062 4721 ﬁat

487 4773 672 4817 sancta
704 4762 890 4831 piatio.
925 4761 1030 4816 Sed
1057 4777 1220 4816 verus
1260 4761 1477 4830 quidem
1524 4761 1706 4831 stylita
1755 4762 2063 4816 venerabile

489 4859 616 4923 quid
667 4857 853 4926 utique
903 4854 1071 4910 oculis
1124 4855 1320 4909 nostris
1365 4853 1587 4922 praebet.
1633 4852 1718 4907 Sit
1763 4854 1928 4910 etiam
1969 4855 2060 4909 alii

488 4951 612 5002 vita;
643 4962 674 5002 a
709 4947 1021 5015 vulgaribus
1055 4947 1297 5002 moribus
1330 4945 1593 5014 elongataa
1630 4946 2059 5008 communicans,

488 5044 602 5096 sive
635 5041 722 5094 uni
757 5041 996 5103 cuidam,
1028 5039 1098 5092 ita
1123 5046 1180 5092 ut
1205 5038 1494 5108 dupliciter
1524 5039 1803 5108 pulchrum
1835 5037 1933 5101 sit,
1951 5039 2064 5092 sive

489 5134 733 5203 pluribus
765 5133 888 5187 vita:
921 5131 1241 5194 rationibus,
1276 5130 1557 5198 pulchrum
1588 5130 1666 5184 sic
1694 5131 1802 5184 erit
1829 5144 1858 5182 e
1884 5129 2065 5182 multis

491 5223 886 5292 compositum,
922 5231 1049 5275 tunc
1118 5222 1378 5274 virtutum
1446 5222 1615 5275 series
1677 5232 1732 5275 et
1797 5223 2063 5274 bonorum

491 5312 1167 5385 operum,etrepositarutn
1185 5325 1365 5364 rerum
1383 5313 1794 5374 coaeervatio,et
1809 5321 2065 5382 tanquam

493 5409 548 5462 in
571 5407 816 5459 inacesso
846 5403 1123 5474 thesauro,
1144 5404 1195 5456 in
1221 5403 1466 5457 columna
1497 5403 1714 5473 inquam
1739 5404 1921 5457 statio.
2050 5387 2057 5394 ’

565 5495 656 5549 58.
683 5494 822 5548 Ecce
853 5508 979 5559 ergo
1010 5496 1145 5561 ipse,
1167 5509 1200 5548 ο
1230 5493 1480 5549 sublimis
1516 5494 1696 5562 homo,
1726 5497 1889 5548 babes
1916 5510 2068 5549 nova:

493 5588 618 5640 vita:
644 5586 899 5654 speciem,
924 5593 977 5637 et
1009 5584 1208 5640 ferrum
1227 5585 1368 5639 circa
1390 5595 1438 5638 te
1462 5585 1711 5640 idoneum
1741 5586 2064 5649 venerabile,

499 5678 770 5749 propriam
801 5691 1012 5745 semper
1028 5680 1209 5732 oneris
1240 5688 1483 5732 naturam
1517 5678 1642 5732 fert.
1675 5679 1896 5734 Penitns
1921 5681 2065 5734 enim

499 5785 728 5829 ascetam
755 5780 944 5843 gravat
974 5780 1026 5827 et
1058 5790 1086 5825 a
1120 5773 1379 5844 patientia
1419 5772 1471 5827 in
1530 5774 1805 5830 laboribus
1830 5773 2068 5830 ferendis

2164 4587 2283 4638 κέτι
2315 4583 2439 4636 οὔτε
2465 4583 2567 4650 τῆς
2599 4581 2703 4650 γῆς
2736 4581 2890 4643 ὄντος
2923 4581 3267 4652 (ὑπέρκειται
3295 4579 3446 4649 γὰρ),
3477 4575 3595 4627 οὔτε
3636 4564 3725 4620 τοῦ

2164 4677 2321 4743 ἀέρος
2339 4672 2730 4743 (ἐστεγὰνωται
2760 4671 3122 4740 γὰρ),μικρὸν
3141 4670 3197 4721 δέ
3222 4687 3272 4721 τι
3305 4670 3619 4738 μετέχοντος
3633 4658 3726 4722 τῆς

2164 4767 2398 4835 φύσεως,
2416 4765 2509 4817 καὶ
2527 4765 2606 4824 εἰς
2621 4764 2744 4816 ὅσον
2761 4763 2821 4814 τὸ
2837 4762 2978 4814 κατὰ
2994 4763 3171 4830 σάρκα
3193 4763 3291 4830 ζῇν
3312 4751 3730 4828 ἀφοσιώσασθαι.

2178 4859 2317 4912 Ἀλλ’
2333 4856 2476 4912 οὕτω
2497 4854 2593 4925 μὲν
2609 4855 2636 4905 ὁ
2657 4853 2887 4922 ἀληθὴς(
2903 4852 3175 4916 στυλίτης,
3191 4870 3208 4903 ι
3229 4852 3423 4921 σεμνόν
3437 4867 3490 4901 τι
3509 4845 3728 4915 πρᾶγμα

2166 4949 2482 5020 καταμόνας
2507 4946 2900 5015 θεωρούμενος.
2929 4945 2986 4997 Et
3015 4944 3072 4996 δὲ
3101 4943 3194 4996 καὶ
3228 4943 3414 5012 ἑτέρου
3442 4931 3726 4998 ἐπιπλοκὴν

2169 5043 2319 5113 σχοίη
2374 5041 2489 5109 βίου
2534 5039 2852 5105 ξενίζοντος,
2880 5036 2989 5088 εἴτε
3022 5039 3111 5087 καὶ
3143 5035 3262 5098 ἑνός
3292 5051 3457 5101 τινος,
3495 5031 3566 5090 ὼς
3596 5021 3725 5078 εἶναι

2165 5133 2388 5188 διπλοῦν
2419 5133 2478 5183 τὸ
2509 5129 2698 5192 καλὸν,
2719 5130 2827 5181 εἴτε
2851 5128 2946 5180 καὶ
2969 5127 3250 5184 πλειόνων.
3268 5125 3430 5178 καλὸν
3457 5123 3551 5192 ἤδη
3582 5113 3727 5168 τοῦτο

2167 5221 2581 5283 πολυσύνθετον,
2617 5219 2708 5270 καὶ
2741 5217 2948 5284 ἀρετῶν
2967 5215 3206 5286 ὁρμαθὸς
3231 5217 3326 5266 καὶ
3351 5209 3566 5279 ἀγαθῶν
3597 5199 3727 5268 πρά-

2169 5315 2330 5380 ξεων,
2357 5313 2450 5366 καὶ
2479 5309 2564 5364 οἶα
2609 5310 2705 5363 καὶ
2739 5307 3002 5380 θημονίας
3039 5308 3181 5368 τινος
3231 5305 3606 5374 ἐπισώρευσις,
3636 5289 3726 5343 καὶ

2169 5409 2242 5469 ὡς
2273 5409 2330 5458 ἐν
2363 5405 2616 5473 ἀποθήκη
2650 5400 2855 5470 ἀσύλῳ,
2889 5398 2969 5468 τῷ
3010 5416 3028 5449 ι
3079 5398 3275 5464 στύλῳ,
3325 5416 3344 5449 ι
3379 5390 3642 5448 ἀπόθεσις.

2238 5496 2338 5567 νη’.
2405 5497 2538 5549 Ἰδοὺ
2601 5494 2778 5546 τοίνυν
2857 5494 2950 5544 καὶ
3008 5490 3192 5552 αὐτὸς,
3223 5485 3268 5541 ὦ
3317 5487 3569 5558 μετάρσιε
3637 5472 3724 5567 ἀνα

2172 5555 2382 5658 θρωπε,
2413 5583 2574 5637 τοῦτό
2607 5601 2666 5636 τε
2700 5583 2848 5652 ἔχεις
2879 5584 2940 5634 τὺ
2967 5582 3066 5648 τῆς
3099 5555 3423 5648 καινοτέροις
3455 5570 3598 5658 ζωῆς
3657 5555 3726 5658 εἷς

2168 5646 2378 5745 δίλςνκαί
2406 5676 2620 5744 σίδηρος
2645 5646 2773 5744 περί
2805 5689 2863 5725 σε
2897 5646 3098 5734 ίκανος,
3130 5671 3185 5733 ὃς
3211 5646 3337 5739 ἔχει
3359 5667 3458 5738 μὲν
3489 5655 3615 5713 πολὺ
3666 5646 3723 5700 τὸ

2172 5771 2393 5844 σεμνὸν,
2415 5767 2900 5840 παρυφιστάμενον
2918 5766 2973 5818 δέ
3004 5783 3055 5819 τι
3093 5764 3187 5817 καὶ
3209 5765 3407 5834 φόρτον
3441 5757 3606 5828 φέρει·
3626 5746 3722 5799 Ba"
