4048 6444
308 356 406 421 Ξίῦ

1457 359 1554 416 AD
1593 357 1971 418 STYLITAM
2010 358 2328 429 QUEMDA
2341 359 2415 418 Μ.

3445 355 3562 418 25.0

307 477 451 543 ρύνει
486 473 588 544 γὰρ
631 473 847 536 πάντως
876 473 966 525 τὸν
1003 470 1271 540 ἀσκητὴν,
1297 469 1390 522 καὶ
1417 469 1515 537 τῆς
1575 471 1652 528 είς
1677 469 1737 521 τὸ
1775 485 1897 538 μο-,

2003 468 2207 524 hducit.
2232 468 2382 522 Genu
2409 483 2536 537 ergo
2563 483 2704 537 saepe
2744 466 2957 522 ﬂectere
2991 465 3146 520 facile
3173 465 3246 519 illi
3277 480 3379 520 non
3406 477 3550 520 esset

301 568 450 639 χθεῖν
481 565 762 628 συντονίας
792 567 1016 631 ἀπάγει.
1058 566 1192 617 Γόνυ
1259 564 1387 632 γοῦν
1447 563 1648 615 κλίνειν
1694 561 1864 630 συχνά

302 659 396 710 οὐκ
427 657 490 708 ἂν
517 657 807 725 ἐγγένηται
840 656 915 723 τῷ
943 656 1171 724 τοιούτῳ
1197 654 1392 725 ῥᾳδίως
1433 655 1575 706 κατά
1608 654 1697 706 τὸν
1745 653 1867 706 ἀσί-

301 744 476 811 δηρον.
504 746 675 797 Τοῦτο
708 743 886 796 τοίνυν
913 745 1028 796 δέον
1066 760 1123 794 σε
1153 743 1328 806 ἄλλως
1357 741 1730 812 ἀναπληροῦν,
1765 759 1862 795 καθ

299 835 581 888 τακλῶντα
611 834 672 888 τὸ
694 835 1062 905 ὑπερήφανον,
1089 834 1180 884 καὶ
1202 833 1352 884 κάτω
1374 832 1562 902 βάλλον
1575 851 1632 885 ια
1664 832 1723 886 τὸ
1741 831 1870 902 φρό-

301 947 446 998 νημα
476 929 571 996 τῆς
607 926 829 994 σαρκὸς,
863 927 955 978 καὶ
1021 926 1120 994 τὴν
1172 924 1281 976 τῶν
1351 927 1592 992 γονάτων
1641 924 1866 976 ϐκλασιν

299 1018 647 1080 ἀνασώζοντα
673 1019 738 1086 τῇ
775 1016 1120 1085 κατακάμψει
1148 1017 1240 1069 καὶ
1271 1015 1533 1085 συντριϐῇ¹
1583 1015 1684 1083 τῆς
1748 1014 1866 1082 ψυ-

1965 560 2184 615 iuermi.
2216 561 2326 614 Hoc
2367 577 2492 631 ergo
2531 572 2741 630 oportet
2795 570 2844 613 te
2897 560 3213 628 adimplere,
3246 561 3550 628 superbiam

1971 651 2242 719 frangere,
2276 659 2328 704 et
2379 655 2560 704 carnis
2604 652 2940 720 prudentiam
2979 653 3125 703 humi
3178 650 3465 717 projicere,
3498 659 3553 703 ct

1971 756 2200 810 genuum
2233 743 2650 809 prostrationem
2687 743 2878 797 animae
2907 741 3136 795 ﬂexione
3155 752 3208 794 et
3234 743 3556 796 contritione

1975 833 2212 886 sancire.
2246 831 2300 886 Si
2336 835 2477 886 enim
2515 835 2859 888 cxaltatiouis
2890 841 2942 887 ct
2982 834 3323 888 ascensionis
3352 834 3557 887 colum-

1975 939 2040 976 na
2078 932 2181 978 Ista
2219 925 2523 996 symbolum
2561 935 2668 989 est,
2699 935 2842 979 certe
2877 925 3202 980 conditionis
3247 925 3312 979 ad
3359 926 3551 992 Deum,

1983 1031 2089 1069 non
2130 1018 2193 1069 ad
2227 1017 2393 1082 aliud,
2426 1033 2801 1086 quamcunque
2835 1018 3032 1072 dixerit
3061 1019 3206 1072 illam
3243 1017 3460 1086 aliquis.

302 1116 424 1185 γῆς.
466 1114 527 1164 Εἰ
555 1113 663 1180 γὰρ
696 1111 787 1164 καὶ
808 1110 1152 1173 ἀνατάσεωςσ
1182 1112 1278 1164 καὶ
1316 1109 1577 1178 ὑψώσεως
1635 1109 1727 1161 καὶ
1800 1107 2114 1174 ἀναϐάσεως
2179 1114 2206 1163 ὁ
2245 1130 2262 1162 ι
2312 1112 2554 1174 στύλος.»
2589 1103 2739 1174 οὗτος
2804 1113 3094 1184 σύμϐολον,
3137 1113 3274 1167 ἀλλά
3325 1113 3424 1180 τῆς
3475 1107 3556 1164 εἰς

300 1206 434 1258 θεὸν
465 1204 702 1264 πάντως,
729 1202 790 1253 ού
823 1201 1163 1268 τῆς.λοιπῆς,
1192 1202 1384 1253 ὁποίαν
1410 1200 1475 1252 ἂν
1529 1200 1743 1268 ἐκείνην
1801 1200 1944 1252 εἴποι
1977 1218 2081 1264 τις.

367 1297 465 1349 νθ’.
505 1294 644 1348 Ἀλλ’
669 1294 784 1364 ἅμα
837 1311 856 1344 ι
904 1293 1178 1361 σύμϐολον
1213 1313 1233 1346 r
1272 1287 1446 1358 εἶπον,
1480 1285 1524 1346 ὦ
1589 1293 1873 1360 παρόντες,

300 1387 396 1439 καί
428 1403 509 1447 τις
543 1383 700 1452 λόγος
751 1383 1082 1454 θεωρητικδς
1126 1384 1496 1454 ἀναπέφηνεν,
1523 1383 1598 1445 ὡς
1652 1376 1765 1436 οἷόν
1821 1400 1876 1436 τι

304 1480 554 1546 πόρισμα
602 1476 664 1529 οὗ
719 1478 860 1530 πάνυ
911 1476 1109 1528 πίπτον
1177 1477 1393 1546 μακρὰν
1447 1475 1875 1546 γλαφυρότητος.

302 1570 480 1639 Τριχῆ
512 1567 619 1636 γὰρ
652 1569 685 1638 ἡ
718 1567 827 1619 τῶν
879 1567 1164 1635 συμϐόλων
1223 1567 1425 1637 θεωρία
1473 1567 1876 1636 διανενέμηται.

301 1663 413 1716 Καὶ
461 1662 508 1714 οἱ
547 1661 644 1730 μὲν
695 1660 879 1720 αὐτοῖς
913 1657 1140 1721 ἐκείνοις
1171 1660 1490 1729 ἐμμένουσι,
1521 1659 1684 1728 μηδέν
1704 1677 1757 1711 τι
1785 1676 1880 1710 πε-

302 1755 542 1824 ραιτέρω
569 1749 984 1822 προϐαῖνοντες,
1002 1752 1127 1822 μηδ’
1169 1755 1234 1805 ἐκ
1273 1752 1373 1819 τῆς
1426 1750 1696 1821 αἰσθητῆς
1739 1749 1882 1802 εικό-

2053 1294 2142 1351 59.
2168 1296 2272 1351 Sed
2309 1299 2470 1352 simul
2506 1300 2805 1372 symholum
2843 1299 2975 1359 dixi,
3003 1300 3293 1353 auditores.
3332 1308 3384 1352 et
3424 1297 3561 1350 ratio

1980 1389 2223 1458 qnzedam
2251 1392 2416 1460 logica
2449 1393 2500 1445 in
2533 1403 2766 1448 mentem
2801 1393 2969 1458 venit,
3005 1403 3254 1460 tanquam
3281 1391 3560 1445 com-lusio

1980 1481 2047 1535 de
2072 1497 2208 1535 novo
2231 1483 2483 1546 deducta,
2508 1499 2609 1539 n0n
2636 1485 2752 1540 sine
2775 1485 3062 1554 elegantia.
3085 1484 3400 1553 Triplicitcr
3417 1484 3559 1536 enim

1981 1575 2348 1643 symbolorum
2367 1578 2588 1630 scientia
2609 1578 2883 1631 dividitur.
2905 1578 2995 1631 Sic
3015 1578 3102 1631 alii
3127 1578 3340 1646 quidem
3363 1578 3412 1629 in
3435 1577 3566 1645 ipsis

1987 1676 2288 1729 remanent,
2327 1669 2466 1722 ultra
2509 1685 2618 1723 non
2656 1671 3086 1738 progredientes,
3124 1685 3222 1723 nec
3258 1685 3288 1722 e
3322 1667 3563 1721 sensibili

1986 1761 2222 1830 imagine
2265 1760 2316 1814 in
2369 1761 2664 1827 c0gitatum
2702 1762 3048 1831 archetypum
3089 1762 3397 1821 redeuntes,
3429 1761 3566 1812 sicut

300 1864 392 1905 νος
418 1845 498 1904 είς
533 1844 591 1894 τὸ
614 1843 801 1911 νοητὸν
820 1842 1126 1911 ἀρχέτυπον
1165 1843 1573 1912 ἀνατρέχοντες,
1603 1843 1784 1894 ὁποῖον
1820 1840 1879 1892 τὸ

2001 1850 2283 1905 ῐυιίαξοινυηι
2309 1853 2475 1915 natio,
2500 1855 2590 1921 qui
2615 1853 2665 1907 in
2687 1853 2870 1906 umbra
2898 1854 3109 1916 sedent,
3132 1852 3372 1905 veritatis
3398 1855 3564 1905 solem

315 1934 607 1988 Ἰουδαϊκὸν
643 1931 882 2000 φῦλον,οἶ
912 1935 975 2003 τῇ
1007 1935 1133 2003 σκιᾷ
1161 1933 1591 2004 προσκάθηνται,
1624 1933 1724 1986 οὐκ
1753 1937 1884 1987 ἀνα-

303 2027 528 2080 ϐλέπειν
568 2029 646 2087 είς
674 2027 763 2077 τὸν
795 2029 891 2094 τῆς
921 2027 1178 2095 ἀληθείας
1222 2026 1372 2095 ἥλιον
1413 2025 1677 2087 θέλοντες.
1721 2022 1890 2076 Δασύο

304 2123 468 2184 ⁸ποδος
493 2125 601 2191 γὰρ
635 2125 766 2192 φέρε
807 2122 984 2175 εἰπεῖν
1036 2117 1340 2186 ἀπέχεσθαι
1393 2116 1709 2180 κελευσθεὶς
1755 2117 1888 2170 Ἰου-

302 2214 476 2274 δαῖος,
506 2213 606 2264 οὐκ
634 2212 696 2265 ἂν
727 2211 1004 2280 ἀναπτύξῃ
1027 2209 1090 2262 τὺ
1114 2207 1205 2261 τοῦ
1235 2225 1298 2260 συ
1309 2206 1508 2276 μϐόλου
1533 2207 1775 2276 ἔλυτρον,
1795 2206 1889 2259 καλ⁷

303 2304 400 2356 τὸν
430 2306 489 2356 ὲν
519 2303 667 2372 αύτῷ
696 2304 947 2374 θεωρήσῃ
980 2299 1377 2369 φωσφοροῦντα
1401 2298 1683 2368 μάργαρον
1704 2314 1721 2332 ο
1751 2297 1889 2352 ἀλλά

305 2397 506 2460 διώξας
543 2395 788 2466 μακρὰν,
827 2396 922 2447 καὶ
945 2391 1170 2461 φεύγειν
1215 2389 1375 2460 ἀφεὶς
1398 2389 1493 2456 ἀφ’
1543 2387 1741 2442 ἑαυτοῦ
1801 2389 1890 2441 τὸν

305 2489 601 2551 δασύπουν,
623 2489 722 2540 οὐκ
750 2486 815 2540 ἀν
836 2487 915 2548 εξς
945 2483 1109 2536 πλέον
1125 2479 1221 2535 τοῦ
1246 2481 1574 2552 γράμματος
1595 2479 1889 2552 ἀνιχνεύσῃ

307 2582 498 2643 σὺτὶν,
533 2578 735 2632 οὐδ’ἀν
755 2578 1030 2646 ὲπιγνοίη,
1078 2572 1422 2644 συμϐολικῶς
1487 2572 1697 2624 ἐκεῖθεν
1748 2571 1891 2624 διδάο

310 2689 383 2724 ax
419 2671 567 2734 σθαι,
599 2671 699 2740 τήν
727 2687 784 2723 τε
840 2669 1132 2737 ἀδιάφορον
1167 2662 1424 2733 λαγνείαν
1461 2662 1757 2732 φεύγειν,ἥ
1809 2680 1893 2726 τις

307 2765 392 2831 τῷ
418 2763 645 2832 τοιούτῳ
675 2762 800 2832 ζὼῳ
832 2759 1020 2831 βαθεῖα
1063 2758 1331 2825 ἔγκειται,
1380 2759 1477 2812 καὶ
1505 2759 1568 2811 τὸ
1622 2757 1889 2824 πολυσχι-

310 2859 426 2920 δὲς,
469 2857 497 2910 ὃ
527 2855 742 2926 μακράν
764 2856 880 2906 ἐστι
908 2854 1008 2921 τῆς
1040 2851 1364 2920 ἁπλότητος,
1385 2851 1477 2904 καὶ
1503 2851 1562 2904 τὸ
1602 2848 1688 2915 ἐφ’
1716 2842 1798 2908 οἷς
1826 2845 1886 2898 ού

308 2951 492 3020 χρεὼν
523 2946 748 3008 εὐλαϐὲς
769 2945 862 2998 καὶ
895 2944 1087 2997 δειλόν.
1114 2945 1220 2997 Καὶ
1243 2943 1384 2996 οὕτω
1413 2942 1515 3013 μέν
1542 2942 1680 2993 εἰσιν
1707 2939 1755 2991 οἱ
1777 2940 1896 2989 Ism-

310 3038 604 3106 νηχόμενοι
631 3035 708 3106 τῷ
737 3037 794 3086 ὲν
827 3033 1115 3102 συμϐόλοις
1149 3031 1534 3095 ὲπιπολάζοντι
1561 3044 1579 3062 θ
1640 3029 1794 3082 οὐδέν
1843 3045 1898 3080 τι

312 3130 486 3180 πλέον
530 3125 986 3197 περιεργάζονται
1038 3124 1134 3176 καὶ
1175 3122 1494 3193 βαθύτερον.
1537 3121 1598 3174 Ol
1629 3120 1686 3173 δέ
1741 3134 1896 3181 τινες

1987 1941 2258 2009 inspicere
2287 1942 2552 1996 nolentes.
2584 1943 2621 1995 Α
2657 1943 2840 2010 lepore
2861 1941 3089 2004 edendo.
3115 1939 3343 2009 ext‘mpli
3371 1939 3568 2006 gratia,

1989 2033 2460 2101 abstinerejussm
2488 2031 2705 2088 Judaeus
2731 2049 2837 2087 non
2870 2033 3098 2102 symboli
3131 2033 3306 2085 velum
3336 2030 3571 2083 detrahit

1988 2132 2043 2179 et
2072 2125 2402 2180 relucentem
2432 2126 2776 2196 margaritam
2806 2125 2856 2178 in
2886 2124 3130 2194 symbolo
3150 2122 3568 2190 contemplatur,

1993 2217 2083 2269 sed
2113 2216 2267 2285 longe
2305 2231 2629 2286 persequens
2658 2216 2970 2270 cuniculum
2997 2231 3100 2269 non
3124 2214 3355 2282 amplius
3382 2213 3574 2266 litteras

1990 2321 2208 2361 sensum
2248 2306 2484 2376 indagat,
2515 2321 2612 2362 nec
2650 2322 2759 2376 quo
2793 2307 3147 2377 symbolicum
3184 2306 3568 2360 documentum

1992 2399 2244 2466 accipiat,
2276 2398 2401 2452 inde
2435 2397 2799 2464 recognoscit,
2835 2406 2887 2451 et
2919 2396 3307 2451 indiderenlem
3348 2394 3572 2448 lubrici-

1995 2498 2158 2546 tatem
2215 2490 2399 2562 fugere
2437 2506 2555 2560 qua:
2610 2491 2661 2544 in
2713 2489 2932 2544 animali
2990 2491 3095 2544 isto
3147 2488 3478 2550 dominatur,
3519 2493 3573 2539 et

1995 2582 2103 2636 lissi
2129 2582 2278 2650 pedis
2311 2581 2716 2635 distinctionem
2741 2596 2904 2650 quam
2933 2580 3273 2647 simplicitate
3296 2579 3454 2646 longe
3482 2578 3577 2630 ab-

1995 2682 2077 2727 est
2111 2683 2164 2726 et
2191 2688 2294 2740 qua
2321 2687 2426 2726 non
2448 2686 2584 2738 Opus
2612 2671 2768 2726 habet
2791 2671 3071 2739 prudentia
3096 2678 3281 2724 sancta
3309 2677 3362 2721 et
3393 2668 3572 2719 timor.

1997 2764 2087 2819 Sic
2115 2764 2333 2833 quidem
2381 2772 2736 2832 supernatant
2768 2763 2820 2816 in
2863 2761 3233 2832 symbolarum
3265 2757 3574 2827 superficie,

1999 2872 2098 2910 nec
2139 2854 2373 2921 amplius
2404 2853 2530 2922 quid
2576 2863 2629 2908 et
2680 2855 2914 2923 peuitius
2958 2861 3301 2921 perspectqu
3360 2858 3574 2920 parant.

1998 2945 2194 3000 Parant
2220 2945 2383 3014 aliqui
2403 2945 2483 3000 vel
2513 2945 2733 2999 minime
2756 2945 2982 3016 symboli
3007 2945 3202 3000 littera:
3226 2941 3464 3004 student,
3483 2939 3578 2994 sed

1999 3053 2094 3093 eos
2115 3038 2355 3093 sitientes
2376 3037 2466 3107 qui
2485 3052 2702 3091 sensum
2726 3037 3099 3091 absconditum
3118 3034 3430 3090 clamatoria
3455 3034 3580 3087 tuha

2003 3131 2262 3192 mulcent,
2305 3129 2404 3196 ipsi
2465 3127 2518 3181 in
2573 3127 2856 3196 aenigmate
2912 3127 3239 3196 propositam
3301 3125 3580 3178 veritatem

318 3195 614 3290 συμϐόλων
642 3219 740 3290 μὲν
771 3217 968 3287 μικρδν
999 3214 1208 3285 ἥούδέν
1237 3234 1288 3268 τι
1323 3215 1680 3284 προσδέονται
1713 3217 1822 3268 τῶν
1838 3216 1896 3269 ὲν

2001 3232 2206 3276 tantum
2239 3222 2496 3284 retinent,
2518 3195 2838 3289 sapientiam
2860 3195 3190 3287 (Christiana
3220 3220 3412 3288 tribus)
3432 3233 3585 3272 exer-

317 3315 669 3382 γράμμασιν,
702 3308 832 3362 ἀλλ’
866 3306 1118 3376 ἀφιέντες
1136 3306 1225 3358 τὸν
1265 3307 1394 3377 περὶ
1450 3307 1590 3360 αὑτά
1630 3326 1902 3379 προφορια

319 3406 418 3458 κον
454 3401 680 3454 κώδωνα
704 3400 833 3461 τοὺς
858 3397 1218 3468 βουλομένους
1246 3399 1557 3467 περιηχεῖν,
1591 3399 1748 3454 αὐτοὶ
1797 3400 1898 3468 τῆς

320 3491 846 3562 αίνιγματιζομένης
869 3487 1129 3556 ἀληθείας
1165 3487 1333 3556 μόνης
1371 3488 1640 3555 γίνονται,
1687 3507 1900 3559 σωφρο-

323 3583 496 3652 σύνην
524 3580 655 3646 γοῦν
679 3578 759 3649 (τὸ
787 3578 1172 3648 Χριστιανικδν
1197 3576 1383 3648 φῦλον)
1415 3579 1781 3649 ἀσκούμενοι·
1803 3583 1899 3635 καὶ

323 3678 408 3736 εἰς
438 3671 644 3740 ἀγαθὸν
673 3671 730 3723 δὲ
755 3668 1150 3737 ἀνδριζόμενοι,
1215 3671 1312 3722 καὶ
1364 3669 1424 3719 οὗ
1471 3670 1900 3738 κατασχίζοντες

324 3768 410 3828 εἰς
445 3761 771 3830 πανουργίας
795 3761 856 3812 τὸ
885 3759 1026 3812 κατά
1093 3757 1208 3828 βίον
1276 3760 1626 3828 πορευτικὸν,
1668 3761 1797 3824 τοὺς
1845 3763 1902 3814 ὲν

327 3860 480 3926 νόμῳ
503 3855 879 3922 κωλυομένους
912 3850 1219 3913 δασύποδας
1249 3851 1409 3904 ἐῶσιν
1431 3851 1686 3921 ἔρχεσθαι
1711 3855 1790 3915 εἰς
1810 3855 1908 3906 αύο

326 3951 480 4012 τοὺς,
504 3951 595 4000 καὶ
615 3946 756 4000 οὕτω
784 3946 876 3998 τὸν
902 3944 996 3997 τοῦ
1024 3942 1355 4012 συμϐολικοῦ
1396 3943 1726 4013 γράμματος
1773 3946 1908 3998 ἀνα·

328 4039 620 4106 λεγόμενοι
651 4035 846 4104 μυελὸν
867 4035 968 4087 οὐκ
992 4034 1050 4086 ἐν
1079 4033 1222 4102 λόγῳ
1255 4031 1521 4096 τίθενται,
1553 4035 1680 4086 ὅσον
1735 4035 1910 4087 ὀστῶ-

331 4135 424 4190 δες
454 4132 544 4181 καὶ
583 4128 879 4198 ἄμϐροτον.
915 4125 1024 4177 Καὶ
1075 4123 1217 4176 οὕτω
1252 4124 1350 4193 μὲν
1391 4125 1488 4177 καὶ
1540 4119 1684 4179 οὗτοι
1735 4126 1784 4180 οἱ
1817 4123 1912 4178 τοῦ

1999 3325 2222 3380 centes;
2254 3324 2307 3368 et
2341 3312 2407 3366 ad
2436 3312 2574 3365 bona
2614 3321 2835 3366 strenue
2869 3311 3176 3374 exercitati,
3207 3326 3305 3365 nec
3338 3311 3388 3363 in
3430 3309 3586 3364 dolos

2002 3421 2065 3460 ac
2096 3405 2314 3459 fraudes
2347 3404 2470 3458 vitas
2507 3403 2845 3458 itinerarium
2893 3402 3221 3465 scindentes,
3283 3401 3587 3471 prohibitos

2000 3498 2054 3551 in
2101 3497 2218 3566 lege
2257 3495 2467 3562 lepores
2495 3495 2560 3546 ad
2596 3509 2654 3548 se
2682 3496 2863 3548 venire
2889 3495 3090 3557 sinunt,
3143 3503 3197 3546 et
3245 3494 3324 3548 sic
3374 3494 3590 3563 symbo-

2000 3587 2116 3641 licae
2146 3587 2336 3641 litterae
2370 3585 2655 3639 medullam
2685 3585 2995 3654 seligentes,
3028 3599 3130 3636 non
3168 3584 3362 3638 litterze
3401 3585 3595 3637 immo-

2002 3688 2188 3733 rantes
2227 3677 2305 3732 rei
2354 3677 2562 3732 viscera
2601 3684 2656 3730 et
2687 3674 3110 3744 perpetuitatem
3149 3673 3436 3742 arripiunt.
3497 3669 3590 3725 Sic

2005 3766 2225 3837 quidem
2272 3766 2346 3820 illi
2377 3767 2441 3820 de
2487 3765 2711 3837 sytnboli
2754 3779 2979 3834 corpore
3023 3779 3190 3832 pauca
3236 3772 3592 3826 assumentcs,

2008 3859 2245 3912 litteram
2273 3868 2619 3912 attenuautes
2643 3867 2698 3912 et
2723 3867 3048 3922 resecantes,
3073 3858 3345 3910 internum
3373 3870 3592 3910 sensum

2021 3948 2294 4005 obtinent.
2352 3947 2454 3999 Alii
2516 3956 2698 4000 autem
2757 3955 2986 4015 utraque
3047 3961 3141 4014 per
3195 3945 3594 3999 observantiam

2017 4048 2204 4107 agttnt,
2229 4046 2284 4092 et
2331 4037 2633 4108 symbolum
2669 4046 2910 4102 servant,
2943 4045 2997 4090 et
3029 4052 3139 4089 rem
3188 4035 3346 4104 cujus
3381 4035 3599 4106 symbo-

2034 4129 2143 4180 lum
2163 4137 2268 4182 est.

334 4225 545 4293 πάχους
575 4220 674 4290 μὲν
701 4219 810 4272 τῶν
843 4215 1128 4286 συμϐόλων
1177 4215 1331 4284 ὀλίγα
1366 4217 1841 4286 ἐπιστρεφόμενοι,
1879 4217 2336 4289 λεπτοτομοῦντες
2369 4219 2426 4273 δὲ
2464 4220 2524 4272 τὸ
2559 4221 2736 4273 ἐκεῖσε
2773 4219 3008 4290 γράμμα
3043 4220 3132 4273 καὶ
3178 4217 3596 4286 ἀνατέμνοντες,

335 4317 436 4371 καὶ
463 4313 564 4383 τῆς
596 4313 704 4366 ἔσω
731 4309 965 4380 θεωρίας
994 4308 1295 4378 γινόμενοι.
1327 4309 1546 4380 Ἕτεροι
1597 4310 1654 4362 δὲ
1693 4309 1864 4380 ἄμφω
1900 4311 1986 4364 διά
2018 4311 2268 4383 φυλακῆς
2304 4312 2516 4380 ἄγουσι,
2547 4312 2609 4365 τό
2638 4329 2698 4364 τε
2741 4311 3008 4383 σύμϐολον
3050 4311 3458 4381 συντηροῦντες,
3502 4313 3600 4363 καὶ

335 4403 509 4481 οὗπερ
543 4405 670 4460 αὗτό
695 4408 808 4458 ἐστι
831 4402 1116 4472 σύμϐολον.

413 4505 479 4570 ξ’.
513 4502 876 4572 Παραδέδοται
906 4499 997 4552 οὖν
1021 4501 1151 4568 ἡμῖν
1180 4497 1318 4569 πρὸς
1373 4497 1605 4569 δρόμους
1654 4497 1897 4562 ἑωθινοὺς

2087 4499 2175 4554 60.
2213 4496 2374 4552 Nobis
2415 4495 2726 4550 mandatum
2772 4503 2852 4549 est
2906 4491 3322 4560 inspicientibus
3359 4491 3423 4543 ad
3471 4490 3604 4543 solis

339 4594 546 4662 ὁρῶσιν
575 4591 727 4661 ἡλίου
784 4589 1068 4642 ὀσιοῦσθαι
1115 4588 1194 4658 τῷ
1257 4590 1595 4659 παμϐασιλεί
1656 4591 1776 4660 Θεῴ
1805 4593 1916 4661 τὴν

343 4685 741 4758 προσκύνησιν.
777 4682 949 4735 Τοῦτο
1002 4681 1328 4751 συμϐολικὸν
1389 4685 1776 4753 περικάρπιον.
1833 4685 1924 4736 Πι-

346 4775 615 4843 στεύομεν
644 4774 700 4827 δὲ
727 4771 788 4826 τὸ
819 4771 983 4824 αὐτὸν
1029 4771 1258 4840 βασιλέα
1313 4772 1405 4824 τὸν
1428 4774 1527 4842 τῆς
1579 4773 1924 4842 δικαιοσύνης

344 4870 412 4936 ῆλ
422 4883 497 4919 ιον
509 4865 647 4936 πρὸς
668 4863 823 4934 ήμῶν
845 4857 1006 4926 εἶναι,
1023 4863 1181 4932 εἴπερ
1196 4863 1491 4931 ἀφορῶμεν
1509 4879 1568 4915 τε
1591 4864 1727 4934 πρὸς
1742 4865 1925 4927 αὐτὸν,

347 4960 448 5010 καὶ
477 4957 642 5010 αὑτὸν
682 4955 815 5008 Θεὸν
845 4954 1068 5018 ειδότες,
1094 4955 1463 5024 λατρευτικῶς
1494 4956 1642 5026 αὐτῷ
1663 4956 1924 5026 ἐντυγχά-

347 5066 537 5118 νομεν,
567 5047 808 5117 κεφαλὴν
844 5049 940 5100 καὶ
965 5045 1094 5115 γόνυ
1129 5047 1492 5114 κάμπτοντες.
1546 5047 1718 5100 Τοῦτό
1777 5049 1924 5100 ἐστιν

333 5147 375 5220 ⁹ὁ
413 5141 508 5194 τοῦ
551 5139 821 5208 συμϐόλου
879 5138 1133 5208 καρπός·
1190 5139 1284 5192 καὶ
1328 5139 1673 5208 φυλάττομεν
1726 5137 1917 5204 ἄμφω,

350 5231 790 5302 προσκυνοῦντές
813 5247 896 5296 τε,
920 5231 1044 5282 ὅποι
1075 5231 1545 5300 παρηγγυήμεθα,
1583 5231 1682 5284 καὶ
1707 5231 1797 5282 τὸν
1829 5230 1923 5283 τοῦ

351 5323 640 5394 γινομένου
671 5321 872 5375 σκοπὸν
895 5321 1246 5388 κατέχοντες.
1274 5318 1427 5373 Οὕτω
1456 5320 1550 5372 καὶ
1587 5337 1605 5370 ι
1635 5318 1922 5380 λούσασθε,

354 5413 591 5483 καθαροὶ
619 5410 847 5480 γένεσθε
886 5429 904 5462 ι
945 5411 1264 5480 ἀκηκοότες,
1301 5411 1394 5462 καὶ
1422 5409 1671 5479 καθαρὰν
1711 5409 1765 5462 δέ
1797 5425 1926 5461 ποτε

355 5507 551 5573 στολὴν
582 5506 790 5571 ἐόρτιον
823 5502 1234 5570 διατεταγμένοι
1256 5501 1602 5571 μεταλαϐεῖν,
1636 5503 1694 5555 τό
1721 5519 1777 5554 τε
1805 5501 1934 5553 λου-

353 5599 480 5671 τρὸν
505 5594 812 5664 ποιούμεθα
842 5594 902 5646 τὸ
927 5593 1062 5664 πρὸς
1095 5592 1370 5664 αἴσθησιν,
1404 5595 1498 5647 καὶ
1519 5595 1616 5664 τὴν
1656 5594 1754 5663 τῆς
1789 5595 1928 5663 ὁρω-

2023 4591 2314 4646 orientales
2339 4603 2534 4642 cursus
2564 4587 2693 4657 Regi
2729 4600 2910 4654 regum
2943 4585 3050 4638 Deo
3073 4583 3384 4637 adoratione
3407 4582 3608 4634 saneti-

2027 4683 2209 4746 Iicari;
2235 4679 2565 4752 syuibulicus
2599 4679 2685 4731 hic
2713 4685 2920 4732 cortex.
2954 4675 3154 4744 Regem
3179 4687 3306 4726 vero
3334 4671 3606 4726 credimus

2020 4775 2245 4842 iustitiae.
2278 4772 2442 4826 solem
2479 4771 2638 4826 nobis
2681 4785 2826 4833 esse,
2856 4769 2947 4837 qui
2978 4769 3029 4820 in
3077 4767 3248 4836 ipsum
3285 4765 3604 4833 aspicimus,

2029 4873 2082 4919 et
2107 4865 2272 4918 Deum
2307 4863 2481 4931 ipsum
2521 4870 2932 4932 cognoscentes,
2971 4874 3094 4914 cum
3136 4857 3455 4911 adoratione
3485 4864 3608 4908 ante

2026 4971 2174 5020 eum,
2211 4964 2370 5023 caput
2405 4963 2459 5008 et
2499 4968 2638 5022 genu
2681 4953 3012 5006 inclinantes
3051 4949 3349 5003 adstamus.
3385 4945 3484 4999 Hic
3523 4953 3608 4999 est

2027 5045 2254 5116 symboli
2289 5043 2534 5108 fructus;
2569 5052 2624 5096 et
2658 5051 2885 5110 utraque
2916 5053 3200 5094 servamus
3231 5045 3283 5090 et
3315 5035 3608 5089 adorantes

2025 5154 2130 5207 qua
2165 5139 2319 5192 nobis
2349 5135 2664 5190 mandatum
2697 5141 2783 5187 est
2811 5141 2865 5187 et
2901 5133 3026 5186 facti
3068 5131 3329 5184 rationem
3363 5127 3606 5182 retinen-

2029 5239 2127 5283 tes.
2155 5227 2245 5282 Sic
2278 5236 2331 5282 et
2366 5226 2528 5280 illud:
2563 5217 2860 5288 Lavamini,
2893 5222 3076 5276 mundi
3108 5231 3270 5275 estote
3300 5219 3604 5282 audientes,

2029 5320 2283 5373 mundam
2320 5325 2426 5370 ttnn
2466 5315 2659 5370 stolam
2691 5312 2941 5368 festivam
2970 5326 3248 5367 assumere
3273 5308 3437 5376 jussi,
3462 5307 3608 5361 lavav

2034 5413 2236 5464 tionem
2260 5408 2488 5462 facimus
2519 5405 2828 5460 sensibilem
2863 5404 3076 5474 quidem
3109 5412 3164 5458 ct
3191 5401 3420 5456 visibilis
3444 5399 3612 5454 veStis

2036 5501 2409 5562 mutationem,
2425 5498 2724 5567 spiritualia
2748 5511 2876 5552 vero
2891 5511 3172 5551 servamus
3192 5495 3356 5548 nitida
3383 5494 3612 5546 reddet:-

2040 5601 2122 5649 tes
2152 5593 2218 5646 de
2247 5591 2408 5647 nobis
2435 5599 2491 5645 et
2514 5605 2636 5659 qua:
2658 5589 2807 5644 intus
2833 5597 2886 5643 et
2913 5603 3034 5658 quae
3065 5587 3263 5641 deforis
3295 5596 3440 5639 sunt.

359 5694 526 5760 μένης
556 5689 790 5757 ἐσθῆτος
819 5686 1128 5753 ὲξάλλαξιν,
1169 5689 1262 5740 καὶ
1291 5688 1358 5742 τὰ
1391 5685 1527 5758 πρὸς
1589 5686 1717 5741 νοῦν
1769 5686 1825 5740 δὲ
1877 5683 2278 5756 φυλαττόμεθα,
2347 5681 2734 5754 φαιδρύνοντες
2793 5679 3019 5743 ἑαυτοὺς
3087 5678 3156 5731 τά
3231 5677 3278 5728 τ’
3329 5675 3496 5737 ἔνδον,
3544 5681 3621 5734 τὰ

355 5799 409 5837 τε
436 5782 659 5848 θύραζε.
