4048 6432
478 386 581 457 ⁵251
1158 382 1580 445 EUSTATHII
1618 377 2069 440 THESSALON

2174 378 2379 439 ENSIS
2422 378 2987 440 METROPOLITAE
3634 380 3753 443 232’

554 498 647 551 6|.
686 493 757 550 Ut
788 509 921 549 vero
958 503 1012 547 et
1043 494 1105 546 dc
1144 507 1333 546 rccens
1373 490 1504 544 visis
1541 489 1813 558 quoddam
1853 488 1906 541 in
1940 502 2069 540 con—

2247 490 2344 552 ξα⁹.
2382 490 2498 542 Ἶνα
2528 489 2584 542 δέ
2610 506 2660 542 τι
2689 490 2778 542 καὶ
2807 490 2915 543 τῶν
2956 488 3080 557 ἄρτι
3133 486 3484 558 βλεπομένων
3523 489 3599 551 εἰς
3642 493 3737 560 τὴν

486 588 892 659 templationem
944 587 1099 640 istam
1141 584 1570 645 introducamns,
1601 582 1813 650 qualem
1849 580 2069 632 loricam

2175 579 2410 645 θεωρίαν
2441 579 2648 649 ταύτην
2678 576 3141 648 παρελκύσωμεν,
3171 579 3357 630 ὁποῖον
3384 577 3485 647 μὲν
3518 576 3737 648 Θώρακα

486 694 712 749 magnus
742 677 937 731 Paulus
966 676 1187 729 induere
1212 672 1384 741 jubet,
1418 673 1663 726 novimus
1691 687 1920 725 omnes:
1950 670 2069 739 Sty-

2174 672 2202 724 ὀ
2233 671 2410 738 μέγας
2447 669 2660 731 Παῦλος
2699 671 2985 737 νομοθετεῖ
3029 670 3238 738 φορεῖν,
3295 670 3522 730 οἴδαμεν
3573 670 3739 722 ἀπαν-

487 773 581 825 bta
637 785 762 823 vero
814 769 905 821 ille
960 766 1272 821 scnsibilcm
1332 765 1507 817 induit
1567 762 1783 831 penitus
1845 770 2069 829 utraque

2174 778 2263 823 τες
2294 777 2308 792 ·
2347 764 2375 813 ὁ
2398 762 2455 813 δὲ
2493 779 2513 813 ι
2547 760 2803 828 στυλίτης
2841 779 2859 811 ι
2904 753 3062 821 οὗτος
3096 758 3248 826 φέρει
3279 761 3373 810 καὶ
3399 757 3492 811 τὸν
3528 757 3750 810 κατάί-

488 878 730 923 servans,
768 875 873 915 non
903 860 1133 912 alterum
1172 866 1413 911 tantum.
1447 855 1586 909 Sunt
1615 870 1745 908 vero
1796 856 1910 908 bare
1961 865 2069 904 tum

2174 852 2384 922 σθησιν,
2417 851 2601 920 τηρῶν
2629 851 2848 913 πάντως
2874 850 3160 919 ἀμφότερα
3187 865 3200 879 ο
3237 849 3294 901 οὺ
3319 847 3433 918 γάρ
3465 847 3634 914 δήπου
3679 848 3738 900 τὸ

488 953 787 1026 symbolice
820 952 1049 1022 prolata,
1086 959 1195 1004 tum
1233 963 1398 1017 opere
1428 957 1483 1001 et
1519 946 1710 1016 spiritu
1746 944 2069 1013 excogitata.

555 1135 646 1190 62.
676 1133 733 1190 Si
783 1150 914 1189 vero
942 1133 1106 1189 rebus
1132 1132 1389 1187 suavibus
1425 1130 1627 1185 nostris
1655 1129 1883 1184 miscere
1916 1145 2074 1194 opor-

488 1238 568 1283 tvt
599 1228 777 1281 minus
807 1242 1026 1290 suaves,
1057 1241 1155 1279 nec
1189 1235 1365 1277 tamen
1403 1222 1647 1276 convivis
1676 1223 1919 1276 discendi
1972 1237 2070 1276 cu-

487 1317 630 1384 pidis
675 1332 784 1370 non
842 1316 1183 1383 injucundas,
1231 1314 1400 1368 multa
1431 1324 1482 1369 et
1518 1313 1815 1367 alienorum
1852 1316 2070 1383 symbo-

489 1412 662 1463 lornm
687 1409 776 1463 hic
807 1409 984 1462 locum
1026 1419 1230 1462 tenent.
1258 1410 1447 1474 Itaque
1478 1421 1574 1460 cor
1605 1423 1707 1459 non
1746 1408 2071 1461 manducare

487 1500 840 1569 symbolicnm
862 1508 981 1552 erat
1009 1519 1022 1553 :
1052 1500 1192 1565 quod
1217 1510 1345 1553 tunc
1369 1500 1456 1568 qui
1479 1500 1729 1553 audiebat
1757 1500 2071 1568 perﬁciebat

491 1596 543 1655 (ιι
598 1590 778 1643 cordis
831 1591 1243 1645 manducatione
1291 1592 1668 1661 abStincbat);
1724 1592 2066 1646 manifestum

493 1693 624 1730 vero
678 1679 997 1732 observabat
1032 1689 1395 1748 przcccptum:
1429 1681 1677 1735 videlicet
1718 1698 1819 1733 non
1856 1682 2070 1749 angori-

488 1766 590 1820 bus
627 1768 862 1835 seipsum
900 1769 1097 1823 dedere
1128 1780 1180 1823 et
1212 1770 1289 1824 sic
1331 1771 1670 1840 absumptum
1708 1773 1853 1826 intus
1913 1773 2066 1826 tabe-

484 1871 666 1913 scere.
703 1859 901 1914 lterum
927 1861 1133 1914 audivit
1181 1862 1421 1930 quidam,
1451 1862 1632 1931 gladio
1664 1865 1844 1932 ignem
1876 1878 1944 1917 ne
1975 1876 2075 1917 ex—

489 1952 722 2015 suscita,
758 1960 874 2015 aut,
909 1952 1088 2006 album
1125 1967 1194 2006 ne
1224 1954 1369 2007 domi
1395 1953 1601 2007 nutrias
1634 1955 1867 2023 gallum:
1904 1955 1953 2008 id
1989 1963 2072 2007 est

489 2042 972 2097 excandescentem
1020 2044 1155 2097 iram
1196 2045 1595 2113 provocatm-iis
1642 2046 1989 2100 sernmuibus
2018 2055 2073 2099 et

486 2132 963 2199 cxacerbantibus,
994 2143 1051 2186 ut
1084 2134 1153 2187 ita
1183 2137 1379 2197 dicam,
1404 2137 1715 2191 secantibus
1738 2152 1841 2190 non
1876 2150 2072 2192 accen-

488 2226 650 2293 dere;
685 2240 783 2281 nec
828 2227 881 2281 in
937 2229 1096 2281 domo
1145 2228 1400 2283 clamosis
1457 2231 1535 2283 uti
1595 2229 1860 2284 ministris
1909 2240 2073 2300 atque

488 2318 636 2373 intus
657 2321 867 2388 nigrum
900 2328 954 2373 et
977 2322 1233 2389 mysterio
1255 2320 1561 2375 redundans
1584 2322 1762 2376 album
1794 2322 2073 2388 proferen-

491 2410 636 2463 tibus
667 2411 975 2464 consilium.
1013 2412 1078 2465 Et
1100 2421 1329 2482 utraque
1359 2413 1627 2466 faciebant
1657 2413 1770 2478 isti,
1797 2429 1894 2468 nec
1928 2430 2072 2484 sym-

490 2498 675 2552 bolum
706 2500 1225 2570 tergiversabantur,
1254 2504 1363 2557 imo
1395 2502 1595 2558 ﬁebant
1628 2503 1681 2557 in
1711 2505 1900 2574 primis
1929 2519 2079 2575 sym-

489 2588 601 2643 boli
644 2590 836 2646 litterae
869 2592 1088 2646 addicti.

564 2769 654 2825 65.
684 2769 741 2824 Et
773 2785 839 2824 ne
873 2771 1036 2825 multa
1068 2773 1246 2826 adhuc
1276 2772 1501 2828 dicenda
1538 2773 1745 2828 babcns
1783 2789 2075 2844 suspensos

487 2868 704 2916 teneam
727 2871 780 2915 et
805 2869 1065 2931 pertaesos
1096 2864 1393 2929 auditores,
1429 2864 1517 2918 hic
1551 2873 1663 2920 tres
1691 2875 1817 2919 sunt
1843 2866 2071 2936 symboli

2170 943 2377 1013 ἕτερον.
2397 944 2515 995 Εἰσὶ
2536 943 2592 995 δὲ
2617 942 2755 996 αύτά
2780 943 2900 995 τότε
2931 942 3169 1011 προφερὸ
3179 958 3335 1010 μενον
3366 939 3728 1005 συμϐολικῶς,

2170 1035 2231 1087 τό
2252 1052 2310 1088 τε
2341 1033 2626 1103 νοούμενον
2654 1033 3054 1103 πραγματικῶς
3075 1032 3168 1086 καὶ
3191 1035 3598 1101 πνευματικῶς.

2245 1125 2346 1195 ξβ’.
2383 1125 2442 1177 El
2474 1124 2531 1177 δέ
2556 1142 2609 1176 τι
2631 1125 2736 1194 χρὴ
2760 1123 2835 1193 τῷ
2861 1123 3054 1189 γλυκεῖ
3081 1123 3174 1175 καὶ
3196 1120 3451 1192 ἡμετέρῳ
3506 1122 3740 1191 παραμίο

2174 1216 2262 1278 εαι
2293 1218 2386 1269 καὶ
2419 1218 2492 1286 μὴ
2523 1217 2765 1269 τοιοῦτον
2824 1215 2942 1284 μὲν,
2994 1213 3055 1266 οὐ
3080 1214 3221 1268 πάνυ
3251 1212 3309 1264 δὲ
3363 1212 3738 1266 δυσέντευκτον

2172 1309 2457 1379 δαιτυμόσι
2497 1309 2917 1377 φιλακροάμοσι,
2968 1306 3135 1361 πολλὰ
3185 1306 3280 1359 καὶ
3328 1307 3440 1359 τῶν
3492 1305 3738 1377 ἐξωτερι-

2172 1401 2285 1455 κῶν
2321 1400 2607 1470 συμϐόλων
2635 1401 2879 1453 τοιούτου
2906 1400 3072 1452 τόπου
3102 1399 3336 1467 ἔχονται.
3377 1416 3396 1450 ‹
3446 1398 3687 1467 Καρδίαν
3715 1416 3731 1447 ι

2171 1488 2262 1545 οὖν
2295 1511 2314 1545 ι
2358 1493 2432 1562 μὴ
2486 1493 2709 1556 ἐσθίειν,
2747 1511 2764 1544 ι
2807 1492 3137 1561 συμϐολικδς
3161 1487 3228 1561 ἦν
3270 1507 3403 1544 ποτε
3421 1490 3611 1557 λόγος·
3640 1490 3739 1543 ὁδὲ

2171 1587 2292 1639 τότε
2323 1585 2535 1640 ἀκούων
2567 1586 2699 1639 αὐτό
2755 1602 2814 1638 τε
2866 1585 3041 1647 οὕτως
3102 1584 3275 1637 ἐποίει
3306 1583 3590 1655 (ἀπείχετο
3638 1581 3738 1651 γὰρ

2170 1678 2265 1732 τοῦ
2299 1677 2731 1750 καρδιοφαγεῖν),
2763 1678 3049 1745 συνετήρει
3075 1676 3132 1729 δὲ
3164 1677 3256 1729 καὶ
3308 1676 3371 1729 τὸ
3416 1676 3739 1745 ἐμφαινόμε-

2173 1786 2264 1821 νον
2291 1766 2656 1821 διδασκάλιον.
2694 1766 2766 1818 To
2804 1764 2861 1818 δὲ
2916 1761 2984 1834 ἦν
3016 1765 3089 1835 μὴ
3140 1765 3342 1829 λύπαις
3402 1764 3589 1818 ἑαυτόν
3621 1781 3737 1820 τινα

2173 1857 2463 1921 ἐκδιδόναι,
2490 1857 2581 1909 καὶ
2612 1854 2753 1909 οὕτω
2771 1856 3165 1924 δαπανώμενον
3192 1856 3457 1928 τήκεσθαι
3481 1856 3549 1909 τὰ
3573 1855 3737 1915 ἐντός.

2176 1952 2415 2003 ’Ἤκουσέ
2443 1968 2527 2012 τις
2558 1946 2713 2013 αὖθις
2750 1969 2770 2002 ε
2819 1950 3066 2022 μαχαίρᾳ
3096 1951 3206 2021 πῦρ
3241 1951 3316 2020 μὴ
3364 1951 3663 2016 σκαλεύειν,
3704 1948 3736 2020 ἢ

2176 2044 2250 2115 μὴ
2280 2044 2473 2097 λευκὸν
2501 2045 2845 2114 οίκοτραφεῖν
2869 2042 3190 2113 ἀλέκτορα.»
3217 2043 3290 2096 Τὸ
3313 2043 3369 2096 δὲ
3389 2038 3459 2114 ἦν
3490 2044 3622 2114 μήτε
3648 2043 3738 2098 θυ-

2176 2137 2275 2204 μὸν
2308 2130 2495 2191 ζέοντα
2526 2135 2868 2189 ὐπανάπτειν
2892 2133 3074 2202 λόγοις
3104 2133 3466 2204 ὲρεθιστικοϊς
3496 2136 3589 2189 καὶ
3607 2151 3740 2203 παρ-

2174 2228 2442 2295 οξύνουσι,
2489 2230 2584 2283 καὶ
2635 2227 2711 2289 ὡς
2742 2229 2914 2280 εἰπεῖν
2940 2229 3249 2297 τμητικοῖς,
3290 2231 3428 2298 μήτε
3464 2228 3569 2297 μὴν
3614 2227 3742 2297 χρᾶ-

2174 2320 2295 2372 σθαι
2324 2318 2445 2373 κατ’
2476 2315 2625 2372 οἷκον
2652 2321 2947 2390 ὕπουργοϊς
2972 2320 3333 2389 κεκράκταις,
3366 2322 3461 2374 καὶ
3488 2321 3547 2373 τὸ
3573 2322 3631 2373 ὲν
3652 2320 3741 2388 βά-

2173 2411 2257 2464 θει
2290 2411 2455 2481 μέλαν
2482 2410 2577 2463 καὶ
2606 2410 2976 2480 μυστηριῶδες
2990 2410 3428 2465 διαλευκαίνουσι
3457 2410 3755 2479 βούλευμα..

2172 2504 2282 2557 Kal
2302 2502 2518 2557 ἐποίουν
2540 2503 2736 2555 ἐκεῖνοι
2774 2502 2961 2571 ἄμφω,
2989 2502 3085 2555 καὶ
3103 2500 3224 2554 οὔτε
3246 2502 3316 2555 τὰ
3347 2501 3587 2571 σύμϐολα
3606 2518 3672 2552 πα
3684 2517 3741 2570 ρ-

2173 2594 2445 2664 εωρῶντο,
2488 2594 2728 2662 ἐγίνοντο
2774 2593 2831 2646 δὲ
2863 2594 2959 2647 καὶ
3006 2592 3101 2647 τοῦ
3142 2593 3738 2663 συμϐολογραφήματος

2175 2687 2432 2752 μάλιστα.

2245 2777 2349 2844 ξγ¹.
2384 2778 2493 2831 Kal
2530 2777 2616 2831 ἵνα
2647 2777 2723 2848 μὴ
2751 2777 2920 2831 πολλὰ
2948 2779 3125 2832 εἰπεῖν
3171 2778 3248 2832 ἔτι
3271 2778 3413 2849 ἔχων
3442 2778 3753 2849 παρατείνωα

2172 2868 2269 2922 καὶ
2308 2868 2589 2921 ἀποκναίω
2620 2869 2747 2930 τοὺς
2804 2870 3102 2939 ἀκροατὰς,
3146 2870 3288 2924 οὕτω
3344 2873 3444 2938 μὲν
3496 2869 3620 2940 τρία
3674 2867 3739 2921 τὰ

383 3009 395 3019 ,
487 2953 790 3019 sectiones,
831 2966 1076 3008 seorsum
1135 2954 1390 3024 symboli,
1429 2964 1522 3009 aut
1576 2966 1634 3010 ut
1688 2955 1847 3010 aliter
1884 2957 2069 3011 eadem

2175 2960 2485 3030 συμϐολικά
2511 2962 2799 3031 τμήματα,
2831 2963 3204 3032 ήκαταμόνας
3236 2963 3441 3033 ἀντοχὴ
3476 2961 3568 3017 τοῦ
3604 2978 3738 3027 συμ-

489 3042 693 3108 dicam,
748 3043 1376 3116 anigmatisidentilas;
1437 3045 1552 3099 sola
1582 3046 1633 3099 in
1691 3046 1866 3115 seipsa
1928 3046 2069 3101 litte-

2174 3050 2353 3117 ϐόλου,
2386 3053 2561 3105 εἰπεῖν
2585 3052 2642 3105 δὲ
2672 3053 2867 3106 ταυτὸν
2938 3053 3281 3123 αἰνίγματος,
3341 3056 3374 3125 ἡ
3402 3052 3522 3107 καθ’
3553 3050 3751 3122 ἑαυτὴν

489 3143 566 3184 rte
602 3130 916 3200 symbolicas
949 3135 1272 3199 assumptio,
1302 3144 1356 3189 et
1393 3135 1674 3188 amborum
1716 3134 1877 3189 simul
1918 3150 2069 3191 usus.

2180 3139 2378 3212 ἐκλογὴ
2432 3142 2492 3194 τὺ
2562 3142 3210 3213 συμϐολογραφουμένου,
3258 3145 3359 3198 καὶ
3404 3147 3435 3214 ὴ
3479 3143 3740 3211 ἑκατέρων

485 3218 692 3274 Tertiae
740 3220 1023 3276 divisionis
1080 3231 1169 3278 est
1219 3223 1484 3278 columnae
1541 3225 1896 3294 propositum.
1933 3224 2068 3281 Nam

488 3311 786 3380 symbolum
804 3312 1023 3383 quidem
1056 3315 1375 3371 elevationis
1410 3327 1465 3370 et
1497 3318 1835 3371 celsitudinis
1872 3319 2078 3374 inveni-

485 3406 600 3457 tur.
629 3399 819 3474 Stylita
854 3418 983 3459 vero
1018 3409 1282 3461 mutuavit
1312 3407 1551 3478 figurata:
1601 3409 2076 3477 contemplationis

493 3492 679 3558 fidem,
707 3503 761 3548 et
794 3494 915 3550 loco
944 3511 1158 3566 semper
1187 3514 1401 3552 sursum
1437 3501 1563 3564 erit,
1591 3511 1646 3554 et
1674 3500 1912 3557 divinius
1935 3518 2075 3557 cun-

488 3581 678 3637 abitur
704 3586 923 3639 tendere
947 3586 1104 3655 quasi
1138 3586 1190 3639 in
1209 3588 1405 3641 caelum
1434 3598 1489 3641 et
1522 3588 1573 3640 in
1602 3589 1865 3643 altissima
1885 3606 2074 3646 ascen-

490 3675 639 3728 dere.
679 3673 795 3729 Non
836 3690 970 3731 sane
1017 3676 1182 3731 nimis
1229 3692 1287 3731 se
1326 3681 1585 3733 extendet
1630 3679 1683 3733 in
1733 3679 2069 3734 altitudinem

486 3764 587 3834 qui
623 3779 727 3820 non
774 3767 948 3836 longis
992 3768 1299 3837 unguiculis
1354 3768 1540 3840 (parvi
1575 3772 1731 3838 pretii
1780 3772 1945 3842 illud)
1977 3772 2068 3826 sed

489 3856 582 3920 qui
604 3856 670 3909 ad
716 3857 915 3912 caelum
940 3860 1239 3914 ambitione
1287 3862 1683 3930 progrediatur,
1705 3865 1902 3918 exinde
1934 3864 2070 3918 nihil

483 3944 767 4001 a-Stitnans
793 3961 889 4003 eos
909 3948 998 4017 qui
1034 3947 1176 4002 circa
1209 3949 1382 4018 ipsum
1414 3959 1557 4004 sunt.
1593 3949 1648 4005 Si
1677 3952 1819 4006 enim
1854 3954 1994 4008 circa
2021 3964 2071 4008 te

485 4036 930 4103 conspiciendum
990 4045 1093 4102 est,
1153 4053 1262 4091 non
1318 4040 1586 4105 homines,
1638 4054 1670 4095 ο
1702 4041 1915 4106 dilecte,
1969 4055 2066 4096 nec

483 4125 739 4183 similiter
764 4128 875 4183 vita
903 4136 1134 4195 utentes,
1161 4145 1263 4185 nec
1287 4132 1524 4201 reliquos
1554 4133 1898 4198 consideres;
1931 4135 2068 4190 bene

486 4233 618 4273 vero
663 4234 727 4275 ea
776 4235 898 4288 quae
942 4230 1071 4277 sunt
1118 4239 1280 4292 super
1326 4232 1548 4288 terram,
1577 4240 1698 4293 quae
1753 4226 2065 4295 deseruisti,

482 4310 688 4377 quibus
713 4313 1041 4380 valedixisti,
1066 4329 1094 4368 a
1125 4316 1324 4385 quibus
1356 4316 1651 4372 recessisti.

2180 3229 2468 3299 σύλληψις.
2495 3230 2701 3284 Τούτου
2734 3231 2828 3284 τοῦ
2861 3231 3047 3301 τρίτου
3095 3231 3446 3303 διαιρὲματος
3476 3234 3566 3287 καὶ
3594 3234 3624 3302 ἡ
3651 3229 3752 3284 τοῦ.

2181 3336 2200 3371 ι
2234 3320 2429 3373 στύλου
2468 3338 2488 3373 ι
2522 3321 2676 3374 ἐστὶν
2705 3321 2941 3377 ἐπίνοια.
2987 3322 3264 3393 Σύμϐολον
3326 3324 3427 3396 μὲν
3461 3325 3569 3392 γὰρ
3615 3321 3739 3375 αὐτὸ

2176 3412 2496 3476 ἀνατάσεως
2562 3412 2798 3484 εὓρηται
2826 3417 2918 3468 καὶ
2979 3414 3149 3485 ὕψους
3171 3414 3344 3479 τινός.
3389 3417 3448 3470 ’0
3485 3417 3541 3470 δὲ
3579 3432 3597 3466 ι
3626 3430 3752 3467 στυ-

2171 3502 2346 3572 λίτης,
2379 3522 2399 3555 ι
2430 3503 2861 3574 ἀπομαξάμενος
2887 3504 2984 3576 τὴν
3014 3508 3114 3575 τῆς
3171 3507 3450 3576 είκονικῆς
3515 3503 3739 3575 θεωρίας

2176 3595 2489 3666 ἀκρίϐειαν,
2523 3595 2619 3649 καὶ
2674 3596 2752 3667 τῷ
2815 3597 2967 3667 τόπῳ
3014 3598 3126 3651 ἀνω
3186 3598 3273 3650 ἀεὶ
3320 3598 3495 3662 ἔσται,
3526 3597 3617 3651 καὶ
3666 3592 3740 3663 τῷ

2176 3668 2363 3757 τρὸπὶρ
2392 3686 2449 3739 δὲ
2497 3688 2982 3758 πραγματεύσεται
3044 3688 3319 3759 Θειὸτερον
3378 3682 3740 3742 ἀνατείνεσθαι

2174 3778 2250 3841 ὠς
2288 3778 2368 3842 είς
2394 3780 2645 3848 οὐρανὸν,
2671 3785 2766 3833 καὶ
2811 3778 3082 3848 ύψοῦσθαι
3130 3781 3417 3846 ἀνωτάτω,
3472 3780 3566 3833 καὶ
3615 3780 3742 3829 ἀνα-

2178 3869 2384 3924 ϐαίνειν
2414 3872 2494 3934 είς
2519 3871 2610 3924 τὶν
2646 3870 2904 3924 ἀπάντων
2936 3870 3289 3938 ὑπερέκεινα.
3324 3872 3398 3926 Οὐ
3438 3870 3545 3940 μὴν
3575 3865 3741 3926 ἄλλως

2176 3961 2372 4015 ἑαυτὸν
2425 3962 2846 4031 ὑπερανατενεῖ,
2889 3963 2983 4015 καὶ
3018 3960 3277 4031 ὑψίλοφος
3324 3960 3486 4025 εἶναι,
3531 3959 3622 4012 καὶ
3668 3954 3747 4025 μὴ

2177 4052 2268 4102 ἐπὶ
2294 4052 2498 4121 ὀνύχων
2525 4053 2709 4123 ἄκρων
2740 4054 2962 4121 (μικρὸν
2997 4054 3105 4123 γάρ
3139 4070 3191 4106 τι
3235 4052 3440 4119 τοῦτο),
3494 4048 3608 4104 ἀλλ’
3667 4045 3740 4107 ὡς

2177 4140 2270 4192 ἐπὶ
2341 4141 2571 4209 ούρανοῦ
2631 4141 2836 4212 βαίνειν
2878 4143 2956 4213 τῷ
3012 4142 3184 4213 τύφῳ,
3243 4142 3541 4196 κάντεῦθεν
3587 4136 3743 4208 μηδὲν

2177 4232 2436 4299 ἡγεῖσθαι
2472 4233 2596 4296 τοὺς
2626 4236 2747 4289 κατ’
2780 4235 2963 4289 αὐτόν.
3019 4236 3083 4287 Ei
3112 4235 3217 4304 γάρ
3278 4237 3373 4289 καὶ
3425 4244 3740 4303 περιφρονη-

2176 4324 2323 4389 τέον,
2359 4325 2478 4377 ἀλλ’
2514 4326 2616 4379 οὐκ
2669 4326 3013 4396 ἀνθρώπους,
3068 4322 3113 4379 ὦ
3164 4327 3387 4395 ἀδελφὲ,
3448 4324 3569 4379 οὒτε
3620 4319 3742 4379 τοὺς

458 4404 816 4474 ιῦμοιοϐίους,
861 4409 984 4463 οὔτε
1004 4412 1127 4475 τοὺς
1145 4411 1366 4477 λοιπούς
1387 4430 1404 4446 ο
1430 4429 1496 4465 πε
1507 4412 1854 4485 ριφρονητέον
1880 4413 2026 4469 δὲτὰ
2042 4419 2170 4486 περὶ
2191 4419 2318 4486 γῆν.
2342 4419 2483 4489 ἀπερ
2522 4420 2762 4491 ἀφῆκας,
2787 4417 2864 4484 οἷς
2891 4422 3034 4492 ἔχεις
3055 4422 3493 4493 ἀποταξάμενος,
3523 4412 3596 4473 ὧν
3612 4409 3745 4484 ἀφέο

478 4514 712 4573 στηκας.

554 4595 643 4650 64.
676 4596 994 4652 Columnam
1030 4599 1084 4653 in
1122 4600 1225 4652 alta
1263 4601 1550 4655 ducentem
1588 4603 1783 4671 cogita,
1813 4604 1987 4674 cogita
2015 4612 2069 4657 et

2244 4604 2338 4669 ξδ’.
2368 4605 2477 4657 Kal
2517 4602 2752 4673 ἐνθυμοῦ
2786 4603 2885 4673 μὲν
2912 4604 3007 4656 καὶ
3038 4604 3129 4656 τὸν
3163 4622 3182 4655 ‹
3218 4603 3433 4668 στύλον,
3465 4619 3485 4654 ι
3516 4600 3590 4661 ὡς
3610 4585 3739 4662 ὑψοῦ

483 4684 694 4742 ferrum
751 4693 1135 4759 ponderosum.
1187 4693 1500 4764 Symbolum
1552 4694 1621 4747 sit
1663 4693 1791 4748 illud
1853 4685 2077 4749 de'cce-

480 4777 714 4836 testibus
771 4784 1161 4852 meditationis,
1193 4796 1248 4839 et
1299 4786 1378 4841 sic
1430 4795 1484 4838 tu
1519 4787 1823 4853 meditare;
1858 4786 2077 4840 humili-

478 4872 610 4927 tatis
636 4887 769 4926 vero
803 4872 1004 4929 ferrum
1033 4893 1047 4930 :
1084 4879 1163 4932 sic
1197 4877 1424 4947 teipsum
1460 4878 1712 4931 deorsum
1751 4877 1926 4941 mitte,
1960 4893 2067 4931 non

477 4973 539 5016 ut
572 4967 833 5019 vermium
881 4982 1033 5022 more
1061 4983 1225 5038 super
1271 4979 1475 5023 terram
1511 4968 1809 5023 secundum
1846 4983 2068 5022 carnem

477 5067 683 5124 reptes,
721 5073 787 5111 ne
823 5045 960 5115 forte
993 5060 1115 5129 quis
1149 5062 1343 5116 merito
1372 5061 1600 5116 irrideat
1629 5066 1773 5131 quod
1807 5060 2071 5130 magnetis

475 5144 652 5201 instar
675 5148 797 5202 vitae
818 5162 978 5214 opera
1011 5158 1210 5205 ascette
1235 5150 1437 5205 ferrum
1468 5152 1745 5206 attrahant
1772 5150 1837 5204 ad
1864 5150 2064 5220 seipsa.

474 5235 708 5293 lllusuis
757 5240 1010 5295 columna
1057 5242 1181 5307 ista,
1219 5258 1323 5296 non
1373 5243 1500 5312 quia
1538 5242 1751 5298 excelsa
1792 5248 1876 5296 est
1905 5241 2067 5312 (quid

473 5330 622 5382 cutim
654 5344 905 5398 maguum
956 5342 1036 5387 est
1076 5336 1221 5401 quod
1256 5345 1446 5387 natura
1493 5350 1588 5390 sua
1622 5334 1913 5401 cminet?),
1967 5334 2062 5387 sed

476 5417 607 5483 quia
668 5420 961 5475 secundum
1008 5424 1390 5477 meditationes
1437 5424 1502 5478 de
1549 5424 1779 5479 excelsis
1841 5435 2059 5477 sursum

476 5510 621 5563 tollit
644 5518 698 5564 et
721 5512 866 5566 ducit
910 5514 977 5567 ad
1002 5513 1184 5568 Deum.
1214 5516 1279 5568 Et
1308 5514 1526 5586 Egypti
1562 5517 1865 5587 pyramides
1896 5516 1947 5571 in
1979 5514 2065 5571 bi-

476 5601 646 5653 storia
677 5600 895 5657 famosa:
932 5606 1140 5674 magnis
1179 5607 1433 5675 impensis
1454 5618 1508 5662 et
1540 5609 1719 5679 longis
1760 5608 1968 5663 umbris
1997 5610 2065 5664 ob

478 5689 852 5760 altitudinem;
887 5701 943 5748 et
969 5696 1112 5766 apud
1141 5697 1376 5753 Cnidum
1411 5698 1617 5754 Eudoxi
1655 5699 1895 5769 specula,
1926 5699 2066 5753 unde

478 5793 631 5836 astra
666 5785 1027 5853 observabat;
1071 5794 1125 5843 et
1174 5788 1464 5861 Babylonis
1517 5792 1751 5861 pensiles
1808 5789 1977 5857 horti,
2003 5799 2058 5845 et

2182 4695 2485 4760 ἀνάγοντα·
2526 4692 2763 4764 ἐνθυμοῦ
2819 4693 2877 4745 δὲ
2929 4694 3024 4746 καὶ
3087 4694 3179 4746 τὸν
3217 4711 3236 4744 ι
3264 4695 3484 4764 σίδηρον
3527 4708 3545 4742 ι
3598 4685 3739 4738 κάτω

2180 4785 2503 4854 βαρύνοντα.
2540 4785 2747 4838 Ἐκεῖνο
2781 4784 3049 4853 σύμϐολον
3078 4785 3220 4837 ἔστω
3249 4784 3342 4837 τοῦ
3377 4786 3443 4836 τὰ
3471 4782 3579 4837 ἀνω
3612 4791 3740 4845 φρο-

2176 4879 2324 4931 νεῖν·
2386 4877 2483 4931 καὶ
2525 4877 2714 4946 φρόνει
2759 4876 2925 4931 οὕτω.
2998 4877 3058 4930 '0
3114 4876 3169 4930 δὲ
3215 4877 3435 4947 σίδηρος
3483 4863 3741 4924 ταπεινώ-

2176 4987 2315 5032 σεως
2341 4983 2355 4999 ⁸
2392 4970 2490 5023 καὶ
2513 4969 2672 5039 βάλλε
2697 4969 2925 5021 σεαυτὸν
2955 4968 3097 5021 οὕτω
3125 4968 3299 5032 κάτω,
3335 4968 3433 5037 οὐχ
3478 4963 3615 5016 ὥστε
3666 4951 3737 5024 μὴ

2171 5061 2301 5130 περὶ
2348 5061 2453 5130 γῆν
2493 5059 2823 5114 ίλυσπᾶσθαι
2860 5061 2973 5122 τοῖς
3033 5058 3183 5113 κατά
3239 5059 3421 5129 σάρκα
3482 5052 3734 5121 νοήμασιν

2175 5153 2248 5221 μή
2276 5152 2407 5204 ποτέ
2456 5168 2539 5214 τις
2579 5151 2676 5204 οὐκ
2701 5150 2893 5219 ἀφυῶς
2930 5149 3247 5221 ὲπισκὼψῃ,
3273 5149 3348 5212 ὡς
3380 5147 3488 5218 ἄρα
3530 5134 3738 5212 μαγνή-

2169 5245 2313 5306 τιδος
2346 5244 2505 5314 δίκην
2535 5243 2602 5297 τὰ
2630 5244 2773 5296 κατὰ
2825 5242 2941 5312 βίον
2970 5240 3280 5312 πράγματα
3307 5240 3399 5293 τὸν
3445 5226 3731 5301 ἀσκητικὸν

2171 5334 2390 5405 σίδηρον
2425 5335 2729 5388 ἐπισπᾶται
2769 5333 2903 5403 πρὸς
2920 5332 3111 5386 ἑαυτά.
3146 5332 3414 5403 Λαμπρόν
3441 5345 3491 5380 τι
3511 5322 3729 5393 πρᾶγμα

2170 5430 2197 5477 ὁ
2239 5444 2257 5476 ι
2316 5426 2507 5488 στύλος
2574 5420 2797 5488 ιοῦτος,
2859 5426 2959 5495 οὐχ
3019 5424 3211 5493 ὅτιπερ
3257 5421 3457 5493 ὑψηλὸς
3512 5413 3585 5485 (τί
3626 5406 3731 5477 γὰρ

2177 5516 2340 5585 μέγα,
2397 5516 2425 5570 ὃ
2474 5517 2569 5570 καὶ
2640 5516 2942 5587 προϐλῆτες
2995 5515 3314 5585 εὐτυχοῦσιν
3388 5501 3661 5574 αὐτοφυῶς
3686 5496 3726 5565 ἱ)

2172 5608 2286 5661 ἀλλ’
2315 5609 2398 5661 ὅτι
2446 5609 2590 5662 κατὰ
2637 5611 2738 5671 τὰς
2770 5609 3031 5679 ἀνωτέρω
3066 5608 3302 5678 θεωρίας
3354 5597 3606 5674 ὕψοποιὸς
3638 5588 3728 5679 κα)

2173 5699 2459 5767 ἀναγωγδς
2490 5701 2572 5761 είς
2631 5700 2919 5754 Θεὸν.Καὶ
2956 5678 3281 5770 πυραμίδες
3331 5697 3430 5769 μὲν
3488 5690 3543 5744 αἱ
3592 5678 3726 5746 περὶ

2176 5791 2469 5857 Αἴγυπτον,
2510 5792 2564 5843 αἱ
2597 5792 2737 5845 κατά
2768 5790 2866 5860 τὴν
2910 5790 3170 5856 ἱστορίαν,
3232 5789 3324 5842 καὶ
3373 5778 3722 5838 πολυδάπανοι
