4048 6412
256 373 343 437 253
1385 370 1484 430 AD
1517 371 1895 433 STYLITAM
1935 372 2146 443 QUEM
2158 372 2334 438 ΒΑΜ.

3391 378 3498 442 254

255 486 335 539 καὶ
365 483 710 555 μακρόακιοι,
749 483 832 537 ὅτι
883 484 981 535 καὶ
1017 481 1401 554 περιμήκετοι,
1454 485 1557 537 xui.“
1598 486 1631 554 ἠ
1665 488 1798 538 κατά

1912 486 1964 540 in
1999 486 2188 540 Rhodo
2219 485 2388 539 multo
2411 499 2520 540 aere
2540 495 2691 541 stans
2715 500 2886 541 vanus
2915 485 3181 552 colossus,
3210 494 3263 541 et
3291 486 3335 543 si
3365 491 3499 558 quid

252 578 427 633 Κνίδον
458 576 686 642 Εὐδόξου
712 576 941 640 σκοπιά,
970 576 1091 629 ὅθεν
1146 578 1354 639 ἐκεῖνος
1402 576 1698 629 ἐσκέπτετο
1727 578 1798 630 τά

1902 576 2212 645 spectaculo
2245 575 2462 643 dignum
2518 575 2787 630 habebant
2837 576 3078 643 antiqui;
3122 589 3179 632 ut
3222 577 3498 640 aiuntau-

251 670 478 742 οὐράνια,
510 671 606 722 καὶ
637 667 953 753 κρεμαστδς
982 670 1158 737 κῆπος
1191 669 1219 720 6
1283 666 1648 734 Βαϐυλώνιος,
1706 668 1798 721 καὶ

1903 675 2034 730 tem,
2072 666 2252 719 stultis
2281 665 2545 735 prodigia.
2575 666 2741 722 Nobis
2790 682 2920 721 vero
2977 671 3271 723 secundum
3326 669 3496 724 Deum

251 765 278 831 ή
307 764 360 813 ἐν
398 760 566 829 Ῥόδῳ
599 759 892 828 ὑψιόάμων
921 757 1018 811 τοῦ
1069 759 1269 813 πολλοῦ
1301 759 1503 829 χαλκοῦ
1539 760 1802 830 φλυαρία,

250 853 335 906 καὶ
363 854 417 905 εί
457 869 510 904 τι
538 849 752 904 τοιοῦτο
808 850 935 913 θέας
995 851 1168 916 ἀξιον,
1228 851 1388 920 λόγον
1428 852 1597 905 πολὺν
1660 846 1808 921 εἶχον

248 943 403 996 πάλαι
435 942 602 994 ποτέο
632 938 774 1010 ἦσαν
799 941 874 1003 δὲ,
905 943 934 995 ὃ
963 959 1118 1010 φασι,
1152 942 1337 1013 θαῦμα
1386 945 1611 1013 μωροῖς.
1644 942 1809 1011 Ἡμῖν

243 1035 295 1087 δὲ
324 1036 438 1096 τοῖς
472 1033 613 1086 κατὰ
639 1032 773 1085 Θεὸν
806 1033 1089 1101 φρονοῦσι,
1148 1034 1241 1087 καὶ
1290 1034 1449 1100 ὀλίγα
1491 1033 1601 1086 τῶν
1630 1033 1809 1086 τοιούσ-

246 1141 356 1177 των
414 1124 929 1193 ἐπιστρεφομένοις,
987 1124 1171 1194 θαῦμα
1221 1124 1381 1178 τοῦτο
1437 1125 1581 1194 μέγα
1645 1126 1673 1178 ὁ
1718 1122 1813 1177 τοῦ

1909 763 2275 830 cogitantibus
2306 773 2357 816 et
2392 763 2578 817 talium
2631 777 2800 831 pauca
2851 764 3033 815 animo
3064 762 3491 827 revolventibus,

1912 854 2215 923 prodigium
2260 869 2515 919 magnum
2549 863 2852 922 praeruptus
2893 854 3158 907 columna:
3191 867 3352 921 apex,
3384 869 3489 906 non

1915 943 2040 1009 quia
2073 944 2263 1011 longus
2293 942 2620 1013 fastigiatur,
2661 944 2754 997 sed
2809 945 2933 1013 quia
2987 958 3206 1013 gravem
3239 954 3291 996 et
3324 952 3493 997 terre-

1920 1050 2083 1089 s'rem
2114 1036 2308 1090 allevat
2335 1046 2389 1088 et
2434 1035 2498 1089 ad
2546 1035 2713 1089 Deum
2769 1035 2939 1103 ipsum
2994 1035 3209 1089 adducit
3237 1044 3494 1105 tauquam

1930 1125 2169 1179 cocleStis
2201 1126 2451 1180 elevatio.

248 1236 268 1269 ι
307 1215 501 1269 στύλου
541 1234 563 1268 ι
602 1216 899 1286 ὑψίκρανος
926 1218 1111 1284 λόφος,
1147 1219 1247 1287 οὐχ
1279 1218 1360 1271 ὅτι
1416 1217 1629 1288 μακρὸς
1682 1216 2067 1285 ἐξανέστηκεν,
2097 1217 2212 1272 ἀλλ’
2270 1220 2354 1272 ὅτι
2414 1219 2507 1271 τὸν
2578 1219 2734 1273 κάτω
2776 1220 3066 1291 βεϐριθότα
3141 1222 3239 1274 καὶ
3304 1222 3495 1292 γήϊνον

242 1308 512 1375 κουφίζει,
554 1308 651 1360 καὶ
688 1308 883 1376 ἀνάγει
937 1309 1073 1379 πρὸς
1101 1309 1265 1362 αὐτὸν
1294 1309 1453 1374 Θεὸν,
1506 1307 1580 1371 ὡς
1610 1303 1699 1361 οἷά
1750 1326 1803 1361 τι
1845 1310 2098 1377 οὐράνιον
2124 1307 2361 1379 ἐξαρμα.

307 1402 400 1470 ξε’.
427 1404 552 1473 Χρὴ
573 1404 758 1456 τοίνυν
786 1404 878 1457 τδν
937 1404 1180 1474 ἀσκητὴν
1236 1404 1554 1458 ἀντιδιδόναι
1612 1422 1663 1457 τι
1717 1406 1812 1457 καὶ

236 1496 397 1549 αὐτὸν
423 1496 504 1565 τῷ
543 1496 772 1566 τοιούτῳ
803 1514 822 1547 ι
862 1495 1059 1566 στύλῳ,
1126 1515 1146 1548 ι
1192 1497 1280 1550 ἵνα
1324 1496 1602 1551 κάνταῦθα
1652 1499 1809 1568 χάρις

234 1590 396 1657 χάριν
426 1588 732 1658 ἀπογεννᾷ,
761 1590 855 1640 καὶ
878 1588 1068 1658 ὥσπερ
1088 1591 1115 1641 ὁ
1154 1608 1171 1639 ι
1241 1589 1434 1653 στύλος
1468 1608 1485 1641 ι
1540 1590 1807 1659 ἀναφέρει

233 1679 423 1731 τοῦτον
482 1678 622 1745 ὑψοῦ
666 1680 765 1732 καὶ
829 1680 1041 1751 ἐξαίρει
1090 1682 1226 1750 πρὸς
1271 1681 1584 1750 τιμιότητα,
1632 1680 1807 1743 οὕτως

230 1769 609 1839 ἀνθυψοῦσθαι
646 1768 804 1834 αὖθις
840 1773 933 1826 τὸν
996 1790 1014 1821 ι
1056 1773 1246 1826 στύλον
1296 1792 1314 1823 ι
1350 1773 1441 1825 ὑπ’
1478 1771 1666 1839 αὐτοῦ,
1728 1778 1804 1835 ὡς

1989 1403 2079 1457 65.
2115 1404 2302 1473 Itaque
2330 1415 2567 1460 ascetam
2613 1420 2823 1476 oportet
2856 1409 3059 1476 aliquid
3099 1410 3190 1461 tali
3222 1410 3491 1463 columna:

1914 1496 2237 1561 retribuere,
2264 1508 2321 1550 ut
2345 1499 2516 1566 gratia
2541 1502 2765 1569 gratiam
2793 1502 2969 1571 pariat
2994 1510 3050 1555 et
3069 1501 3209 1555 sicut
3233 1502 3489 1555 columna

1913 1586 2064 1640 illum
2114 1588 2166 1640 in
2195 1588 2363 1642 altum
2406 1589 2586 1643 evehit
2616 1603 2671 1644 et
2718 1593 2784 1643 ad
2845 1592 3243 1645 venerationem
3296 1591 3491 1653 elevat,

1911 1679 1989 1732 sic
2018 1679 2273 1733 .vicissim
2306 1682 2622 1749 praecellens
2653 1684 2721 1737 ab
2769 1682 2885 1747 ipso
2932 1683 3181 1736 columna
3231 1684 3493 1734 reddatur

1907 1769 2370 1824 remunerationis
2401 1770 2543 1823 loco.
2597 1770 2749 1836 Quod
2790 1772 2913 1834 erit,
2945 1774 2988 1823 si
3036 1771 3191 1825 bonis
3220 1772 3488 1824 celebrem

230 1859 343 1914 οἷον
368 1862 750 1925 ἀντιδοτικῶς.
778 1861 853 1915 T6
880 1863 937 1916 δὲ
970 1864 1145 1928 ἔσται,
1174 1865 1268 1916 ἐὰν
1300 1864 1388 1917 ἐπ’
1438 1864 1665 1931 ἀγαθοῖς
1691 1865 1798 1917 ἀοί-

1908 1858 2088 1913 locum
2153 1872 2335 1915 asceta
2392 1861 2522 1915 facit
2574 1862 2826 1915 continua
2874 1863 3038 1927 serie,
3089 1872 3149 1915 ut
3205 1861 3319 1931 pari
3372 1861 3491 1914 zelo

227 1955 386 2023 διμον
414 1954 508 2008 τὸν
546 1956 711 2008 τόπον
740 1956 771 2008 ό
802 1956 1045 2026 ἀσκητὴς
1107 1958 1331 2025 ποιῆται
1358 1959 1474 2018 ταῖς
1509 1957 1803 2027 διαδοχαῖς,

231 2049 317 2101 ἴνα
344 2048 426 2116 τῷ
463 2047 565 2116 ῐσφ
599 2046 749 2117 ζήλῳ
780 2052 877 2102 καὶ
902 2048 1019 2116 μετ’
1047 2048 1209 2101 αὑτὸν
1229 2048 1420 2118 ἕτερος
1451 2047 1659 2116 ὅμοιος,
1708 2049 1807 2101 καὶ

227 2137 386 2202 αὖθις
422 2140 542 2210 μετ’
575 2140 786 2192 ἐκεῖνον
828 2138 1094 2203 τοιοῦτος,
1122 2140 1219 2193 καὶ
1259 2140 1419 2193 τοῦτο
1466 2139 1646 2193 εἰσαεὶ
1710 2138 1805 2191 τὸν

228 2248 257 2287 σ
278 2232 474 2285 στύλον
497 2249 516 2283 ι
536 2229 727 2285 τοῦτον
743 2229 1164 2285 ὲπαναδαίνωσι.
1183 2231 1248 2284 Τί
1267 2230 1445 2285 τοίνυν
1461 2231 1554 2286 καὶ
1572 2230 1807 2284 ἐνταῦθα

224 2323 373 2393 φημί
397 2342 411 2389 ;
441 2323 606 2377 Γενοῦ
646 2323 828 2378 Ἠλιοῦ
855 2325 1056 2393 τρόπον
1086 2324 1230 2389 τινὰ,
1259 2319 1305 2377 ὧ
1338 2342 1358 2376 t
1391 2325 1633 2388 στυλῖτα,
1661 2342 1682 2376 ι
1712 2326 1806 2378 καὶ

223 2416 760 2485 ἀναλαμϐανόμενός
790 2434 922 2471 ποτε
979 2417 1116 2486 ἄφες
1152 2418 1402 2487 μαθητὴν
1431 2418 1586 2471 οὐδὲν
1620 2417 1779 2471 ἀπεοι

227 2509 367 2559 κότα
396 2508 480 2570 είς
507 2506 571 2560 τδ
613 2507 938 2578 θαυμάσιον,
983 2509 1070 2561 ῐνα
1114 2508 1210 2562 καὶ
1262 2509 1473 2572 ἐκεῖνος
1516 2507 1611 2561 τὸν
1644 2508 1805 2561 αὑτὸν

222 2600 429 2663 ἑὶάσας
447 2599 671 2670 δρόμον,
698 2601 793 2654 καὶ¹
821 2598 917 2653 τοῦ
943 2595 1171 2670 οὐρανοῦ
1195 2599 1507 2671 γενόμενος,
1537 2601 1605 2653 τὰ
1623 2600 1790 2668 ὅμοια

222 2691 726 2761 θαυμαστιὶωηται,
764 2693 858 2746 καὶ
896 2692 1073 2756 οὕτως
1102 2695 1311 2746 ὲσεῖται
1364 2693 1425 2746 τὸ
1459 2693 1625 2746 καλὸν
1652 2694 1803 2746 τουτὶ

222 2786 642 2855 παραμόνιμον,
710 2783 741 2836 ὃ
782 2784 847 2855 δὴ
904 2786 1001 2839 καὶ
1050 2784 1242 2839 ἀνόπιν
1287 2784 1365 2854 τῷ
1417 2786 1562 2855 λόγῳ
1628 2787 1803 2838 εἰπεῖν

220 2876 621 2946 εὐηρέστηται.
679 2877 817 2931 Οὐδὲ
875 2879 985 2948 γὰρ
1041 2877 1311 2946 όκνοῦμεν
1367 2878 1426 2929 ὲν
1485 2877 1701 2941 πολλοῖς
1733 2878 1804 2931 τὰ

217 2966 331 3043 τῶν
411 2967 636 3021 ἐννοιῶν
693 2967 1095 3032 ἀναπολοῦντες
1128 2969 1303 3043 νλήῖα,
1382 2968 1513 3043 ἔνθα
1587 2969 1801 3039 καρπὸν

220 3039 555 3128 βλαστήσειν
619 3056 1043 3129 φιλονεικοῦμεν
1108 3039 1380 3129 εῠσταχυν
1441 3041 1537 3111 καὶ
1599 3058 1801 3128 ψυχαῖς

215 3147 470 3218 εὔχαριν.

1907 1960 1961 2005 et
1997 1959 2119 2020 post
2165 1951 2337 2021 ipsum
2394 1954 2528 2007 aiter
2576 1952 2793 2014 similis,
2836 1963 2889 2006 et
2930 1954 3125 2006 iterum
3178 1960 3300 2020 post
3342 1949 3490 2004 hunc

1910 2046 2101 2096 terti-us
2131 2042 2291 2108 alius,
2328 2053 2382 2096 et
2420 2043 2499 2097 sic
2551 2053 2810 2110 perpetuo
2867 2044 2931 2095 ad
2967 2043 3276 2097 columnam
3326 2042 3486 2095 istam

1908 2130 2223 2184 ascendant.
2280 2130 2418 2196 Quid
2474 2146 2603 2201 ergo
2639 2132 2869 2198 loquor?
2923 2130 3046 2184 Fias
3076 2133 3216 2184 alter
3254 2130 3418 2192 Elias,
3452 2144 3489 2184 ο

1908 2223 2117 2291 Stylita,
2140 2230 2194 2277 et
2218 2222 2506 2293 aliquando
2548 2223 2869 2290 discipulum
2911 2237 3217 2286 assumens,
3241 2237 3348 2276 non
3377 2220 3487 2275 dis-

1907 2312 2137 2367 similem
2159 2314 2209 2367 in
2234 2314 2569 2368 mirabilibus
2594 2315 2825 2379 dimitte,
2845 2323 2904 2366 ut
2921 2320 3110 2367 eadem
3131 2312 3217 2366 via
3236 2313 3300 2366 ad
3327 2312 3485 2365 linem

1907 2404 2165 2459 decurrat
2193 2416 2248 2459 et
2290 2406 2414 2461 caeli
2460 2407 2734 2476 particeps
2775 2405 2940 2460 simili
2974 2406 3134 2459 modo
3165 2404 3488 2460 mirabiliter

1910 2505 2169 2560 transeat,
2218 2506 2274 2550 et
2324 2498 2403 2552 sic
2449 2498 2709 2552 emissmn
2750 2498 2823 2552 sit
2860 2497 3143 2567 pulchrum
3175 2496 3304 2551 illud
3357 2513 3487 2568 per-

1906 2601 2185 2651 severans,
2211 2589 2351 2658 quod
2374 2598 2531 2643 antea
2566 2603 2817 2644 sermone
2848 2588 3061 2658 egregie
3083 2588 3482 2658 proclamatum

1905 2685 2008 2730 est.
2045 2676 2160 2732 Non
2210 2680 2355 2733 enim
2414 2680 2725 2735 dubitamus
2777 2682 2827 2733 in
2864 2681 3047 2734 multis
3097 2682 3482 2750 cogitationum

1906 2780 2114 2820 messes
2145 2767 2343 2821 iterum
2397 2783 2710 2838 peragrare,
2745 2769 2798 2821 in
2840 2770 3037 2837 quibus
3082 2770 3486 2838 germinaturos

1905 2870 2024 2911 esse
2048 2856 2259 2913 fructus
2288 2860 2453 2928 spicis
2480 2860 2815 2914 abundantes
2834 2869 2888 2914 et
2910 2859 3192 2913 animabus
3210 2858 3484 2930 jucundns
3590 2932 3593 2935 Α

1906 2961 2059 3006 certo
2088 2954 2488 3009 contendimus.

454 3240 599 3295 Ἀλλ’
631 3240 778 3297 οὕτω
831 3243 932 3313 μὲν
980 3240 1383 3314 ὲσεμνολογήθη
1415 3243 1442 3296 6
1484 3240 1669 3305 ἁπλῶς
1705 3242 1798 3295 καὶ

1971 3231 2062 3288 66.
2088 3231 2193 3289 Sed
2243 3234 2321 3289 sic
2370 3235 2586 3304 quidem
2636 3237 3040 3291 venerationem
3082 3241 3480 3298 commendavit

215 3332 276 3383 ὲν
306 3332 390 3402 τῷ
418 3332 654 3386 καθόλου
686 3335 977 3404 νοούμενος
1010 3352 1031 3385 ‹
1070 3334 1270 3406 στόλῳ,
1309 3353 1329 3386 ι
1362 3334 1424 3387 τό
1463 3350 1526 3403 γε
1560 3335 1641 3397 είς
1664 3334 1801 3404 ἡμε-

212 3424 389 3492 τέραν
419 3419 560 3495 ἧκον
581 3425 817 3493 δύναμιν
837 3441 852 3457 ·
885 3428 915 3478 6
961 3426 1019 3480 δδ
1048 3426 1382 3497 βλεπόμενος
1409 3422 1585 3491 οὗτος,
1616 3427 1646 3479 6
1673 3427 1798 3480 καθ’

212 3514 395 3580 ἡμᾶς,
432 3514 549 3585 ἔχει
589 3534 642 3569 τι
674 3518 770 3570 καὶ
825 3518 989 3571 πλέον
1047 3518 1435 3588 σεμνύνασθαι,
1503 3517 1798 3572 κάντεῦθεν

214 3605 540 3674 παρακαλιῖ
588 3606 684 3659 καὶ
735 3607 911 3671 ἄλλως
944 3609 1024 3671 είς
1053 3609 1242 3676 ἀγῶνα
1272 3609 1444 3677 μείζω
1471 3610 1562 3661 τὸν
1584 3610 1672 3662 ἐπ’
1705 3611 1801 3662 αἰ-

212 3695 318 3748 τοῦ
352 3696 626 3767 ἀσκητήν.
660 3699 736 3751 06
768 3699 875 3771 γὰρ
905 3699 1145 3753 τέθειται
1171 3717 1273 3753 που
1302 3701 1676 3771 παράϐυστος,
1702 3703 1799 3755 καὶ

214 3781 334 3850 οἷος
371 3788 407 3857 ἢ
438 3789 779 3857 ἀγνοεῖσθαι,
807 3790 840 3860 ἢ
870 3791 1006 3844 ἀλλά
1036 3792 1236 3859 ὀλίγοις
1270 3792 1430 3863 ἥκειν
1463 3795 1541 3855 εἰς
1571 3794 1795 3861 γνῶσιν.

214 3878 390 3932 Πόλει
421 3879 483 3932 δὲ
541 3881 772 3954 τοιαύτῃ
823 3883 1073 3953 ἀμφαδὸν
1127 3884 1557 3954 παραπέπηγεν,
1618 3887 1698 3948 είς
1730 3885 1798 3956 ἢν

213 3969 346 4039 δίχα
382 3987 447 4038 γε
493 3971 605 4024 τῶν
630 3974 895 4043 γνησίων,
929 3976 1021 4028 καὶ
1051 3971 1135 4037 οἷς
1164 3977 1225 4028 τὸ
1272 3975 1556 4043 αὐθιγενὲς
1591 3977 1797 4045 ἀγαθὸν

217 4064 522 4133 ὲλλάμπει,
578 4068 672 4117 καὶ
716 4067 768 4118 οἱ
818 4067 1157 4136 πανταχόθεν
1205 4068 1650 4137 παραϐάλλουσιν
1707 4069 1800 4121 ἆν-

218 4153 462 4226 θρωποι.
501 4157 609 4209 Καὶ
634 4159 740 4227 χρὴ
769 4158 863 4211 τὸν
902 4159 1150 4229 ἀσκητὴν
1177 4159 1270 4211 τὸν
1310 4158 1545 4213 ἐνταῦθα
1594 4161 1796 4232 (ὀλίγου

214 4246 325 4301 δέω
347 4248 554 4317 είπεῖν)
585 4251 937 4319 παγκόσμιον
972 4252 1384 4321 ἀναπεφηνέναι
1440 4252 1624 4306 καλόν.
1662 4255 1799 4325 Συρ-

220 4341 449 4409 ῥέουσιν
478 4341 673 4410 ἄνδρες
704 4342 942 4395 ενταῦθα
972 4342 1101 4412 γῆς,
1136 4344 1199 4396 οὐ
1263 4344 1427 4412 μόνον
1485 4349 1678 4412 γένους
1734 4344 1794 4399 εὖ

213 4432 466 4500 ἔχοντες,
498 4431 633 4485 ἀλλά
661 4433 756 4485 καὶ
788 4432 1020 4503 θατέρου
1060 4434 1282 4504 μέρους,
1309 4435 1405 4487 καὶ
1435 4436 1495 4489 οὑ
1530 4436 1690 4505 μόνον
1705 4437 1796 4489 λό-

1899 3327 1989 3393 q'ti
2023 3326 2342 3392 simpliciter
2380 3337 2432 3379 et
2463 3328 2773 3381 summatim
2823 3329 2876 3382 in
2907 3328 3159 3383 columna
3204 3333 3477 3403 excogita-

1898 3425 1986 3472 tns
2012 3428 2095 3472 est
2123 3429 2520 3484 ‘sermo,tttpro
2548 3419 2753 3475 viribus
2796 3423 3002 3477 nostris
3032 3423 3282 3479 fecimus:
3313 3440 3480 3495 quam

1899 3526 2029 3566 vero
2057 3511 2198 3583 apud
2242 3527 2340 3567 nos
2389 3512 2621 3567 vidimus
2668 3513 2753 3567 illa
2793 3516 3023 3583 amplius
3050 3518 3178 3586 quid
3205 3518 3366 3573 habet
3384 3534 3478 3573 ve-

1898 3604 2158 3668 nerabile,
2218 3612 2273 3657 et
2322 3603 2520 3657 exinde
2581 3604 2647 3657 ad
2706 3603 2965 3670 majorem
3025 3622 3251 3676 agonem
3312 3622 3477 3678 supra

1899 3703 2133 3748 stantem
2196 3703 2430 3749 ascetam
2488 3695 2703 3750 invitat.
2769 3694 2885 3750 Non
2945 3698 3089 3751 enim
3139 3698 3334 3754 alicubi
3391 3716 3478 3755 τος

1899 3788 2147 3840 conditur
2203 3795 2260 3840 ut
2310 3794 2403 3842 aut
2448 3788 2726 3857 ignoretur
2776 3797 2869 3842 aut
2916 3790 3104 3857 paucis
3168 3790 3481 3847 innotescat

1897 3865 2039 3933 Ante
2093 3879 2281 3933 urbem
2335 3879 2474 3933 hanc
2521 3879 2796 3949 propalam
2836 3881 3011 3935 locata
3058 3890 3142 3936 est
3190 3881 3259 3937 ad
3307 3897 3470 3950 quam

1900 3971 2189 4037 separatim
2221 3984 2249 4021 a
2298 3970 2632 4041 vulgaribus,
2662 3978 2716 4025 et
2743 3971 2944 4039 quibus
2974 3971 3241 4040 peculiare
3269 3972 3474 4027 bonum

1899 4061 2137 4130 eﬂ'ulget,
2182 4069 2236 4114 et
2275 4063 2633 4131 undeqnaque
2676 4062 2969 4117 adventant
2993 4062 3263 4117 homines.
3292 4063 3357 4116 Et
3384 4064 3476 4118 hic

1898 4152 2149 4207 Ascetam
2184 4162 2399 4222 oportet
2436 4153 2699 4224 (parvum
2734 4156 2886 4208 abest
2942 4154 3071 4224 quin
3110 4154 3326 4225 dicam)
3352 4158 3477 4209 uni-

1899 4245 2185 4300 versaliter
2206 4245 2484 4315 pulchrum
2510 4260 2792 4315 apparere.
2820 4245 2900 4299 Ad
2922 4246 3061 4301 hanc
3080 4247 3355 4317 regionem
3387 4246 3475 4302 af-

1898 4336 2070 4391 ﬂuunt
2096 4338 2178 4392 vir
2200 4340 2326 4393 inon
2350 4340 2523 4392 solum
2562 4339 2755 4393 nobilis
2779 4340 3017 4407 generis,
3042 4340 3137 4393 sed
3169 4348 3223 4394 et
3249 4338 3477 4395 alterius

1899 4429 2250 4492 conditionis,
2279 4445 2377 4483 nec
2404 4429 2577 4483 solum
2602 4431 2817 4499 egregie
2845 4430 3013 4492 docti,
3042 4428 3135 4484 sed
3174 4438 3228 4483 et
3252 4429 3476 4498 reliquae

214 4539 353 4591 γιοι,
388 4522 531 4576 ἀλλά
559 4523 655 4577 καὶ
682 4524 775 4577 τοῦ
812 4524 1002 4577 λοιποῦ
1031 4525 1168 4595 βίου,
1217 4525 1314 4578 καὶ
1343 4525 1402 4578 οὐ
1440 4504 1600 4595 μόνον
1634 4543 1788 4579 συνε-

1902 4522 2020 4575 vita:
2040 4539 2054 4587 ;
2077 4535 2173 4575 nec
2202 4519 2370 4575 solum
2395 4522 2704 4589 prudentes,
2724 4519 2816 4574 sed
2837 4504 2893 4572 et
2917 4519 3048 4589 lapsi
3070 4535 3086 4585 ;
3109 4529 3167 4573 ιιι
3190 4520 3372 4573 omnia
3392 4518 3477 4572 di-

213 4616 328 4677 τοὶ,
375 4613 521 4668 ἀλλὰ
573 4616 666 4668 καὶ
710 4616 986 4669 ἀνάπαλιν
1036 4618 1347 4679 πίπτοντες.
1388 4619 1500 4671 Καὶ
1567 4619 1627 4671 τὸ
1674 4618 1794 4672 ὅλον

212 4708 422 4771 εἰπεῖν,
464 4706 624 4773 γένος
655 4708 803 4763 ἅπαν
833 4710 928 4762 καὶ
956 4709 1300 4778 πανταχόθεν
1327 4708 1632 4779 ἄνθρωποι.
1655 4711 1793 4764 Τού-

212 4813 337 4859 τοις
383 4797 885 4869 προσενεχθήσεται
924 4801 953 4851 6
1013 4816 1033 4850 ι
1069 4798 1322 4869 στυλίτης
1363 4818 1382 4852 ι
1440 4794 1617 4863 οὗτος,
1652 4802 1795 4855 καθά

211 4888 317 4940 καὶ
345 4887 548 4955 χρεὼν,
580 4891 674 4941 καὶ
700 4888 760 4941 τὸ
791 4889 900 4942 πᾶν
934 4890 1127 4958 φάναι,
1161 4890 1560 4953 ἀποστολικῶς.
1582 4891 1794 4946 Ἀπασι

211 4978 330 5047 γὰρ
352 4979 425 5030 τὰ
456 4980 636 5033 πάντα
662 4981 980 5050 γενήσεται,
1014 4981 1102 5034 ἵνα
1120 4982 1361 5053 κερδήσῃ
1387 4984 1512 5044 τοὺς
1545 4985 1794 5049 ἅπαντας

214 5070 301 5132 είς
326 5069 496 5133 δόξαν
526 5070 686 5122 θεοῦ·
715 5072 777 5124 οὺ
800 5072 1129 5125 κολακεύσει
1153 5076 1212 5125 ὲν
1244 5073 1319 5142 μὴ
1365 5074 1560 5136 δέοντι,
1592 5075 1668 5137 ὠς
1727 5076 1793 5128 ἂν

214 5161 295 5230 μὴ
328 5164 427 5214 καὶ
458 5162 787 5235 καπηλεύσῃ
815 5161 914 5233 τὴν
948 5162 1228 5230 ἀλήθειαν·
1257 5164 1368 5217 οὐδ’
1396 5163 1465 5217 αῦ
1499 5166 1637 5235 πρὸς
1661 5166 1797 5219 παν-

209 5269 317 5317 τας
379 5255 753 5323 ἀγριανεῖται,
816 5257 890 5324 μὴ
950 5257 1046 5309 καὶ
1112 5258 1518 5326 κατεγκληθείη
1576 5259 1636 5310 τὸ
1691 5259 1792 5328 τῆς

209 5346 544 5418 παρρησίας
570 5346 802 5417 ἄκαιρον
825 5360 839 5375 ·
871 5349 969 5401 καὶ
1019 5345 1143 5400 οὔτε
1177 5349 1381 5410 πάντας
1420 5347 1661 5418 ἐπαίνοις
1690 5366 1791 5402 κα-

207 5417 473 5508 ταδρέξει
505 5439 759 5507 (ἄρεσκος
787 5439 895 5509 γὰρ
924 5437 1101 5502 οὕτως
1132 5438 1308 5507 ἔσται)
1329 5454 1346 5472 ο
1376 5438 1487 5492 οὐδ’
1517 5417 1792 5509 αιῗχιλα-

206 5530 504 5603 ζοὸολήσει
530 5531 606 5593 ὡς
633 5530 729 5598 ἀφ’
758 5530 924 5601 ὕψους
955 5535 1151 5584 τούτου
1176 5535 1300 5595 ταῖς
1335 5530 1527 5599 ὕϐρεσι
1557 5531 1790 5601 (θηριῶ-

205 5623 295 5686 δες
319 5623 431 5692 γὰρ
487 5623 549 5674 τὸ
596 5621 816 5691 πάθος).
866 5623 1019 5691 Τάχα
1078 5622 1135 5675 δέ
1198 5638 1302 5674 που
1356 5623 1449 5674 καὶ
1512 5616 1625 5675 οἷον
1659 5623 1791 5684 ἔπος

206 5713 362 5783 εἴπῃ,
394 5712 542 5764 τοῖον
591 5710 922 5780 ἐπακηκοὼς
981 5713 1231 5780 αἰσχυνεῖ
1286 5713 1378 5764 τὸν
1423 5708 1633 5775 ἔνδοξον
1699 5711 1790 5765 ἂν-

208 5800 603 5873 θρωπον·ῆ3η
636 5803 693 5855 es
745 5802 840 5855 καὶ
876 5802 1197 5872 κατάκριμα
1248 5802 1381 5871 ἕξει,
1433 5801 1505 5865 ὡς
1540 5801 1784 5871 βλασφη-

1897 4629 2013 4667 cam
2038 4629 2103 4668 ex
2135 4614 2280 4667 omni
2304 4629 2501 4683 genere
2530 4622 2585 4668 et
2610 4613 2731 4667 loco
2760 4611 3029 4666 homines.
3061 4612 3266 4678 Quibus
3280 4618 3473 4665 osten-

1897 4707 2055 4761 detur
2102 4705 2284 4778 stylila
2335 4706 2424 4760 ille
2470 4714 2631 4774 prout
2664 4720 2799 4775 opus
2847 4705 2974 4769 erit,
3005 4717 3112 4756 uno
3157 4702 3346 4765 verbo,
3369 4716 3477 4771 pro

1898 4813 2047 4852 more
2076 4798 2392 4867 aposmlico.
2428 4796 2557 4851 Nam
2586 4796 2839 4851 omnibus
2866 4796 3045 4850 omnia
3080 4794 3168 4848 fiet
3197 4803 3254 4847 ut
3278 4807 3476 4849 omnes

1896 4889 1963 4941 ad
2035 4889 2126 4943 Dei
2185 4890 2411 4957 gloriam
2470 4888 2744 4953 lucretur;
2807 4901 2913 4939 non
2963 4884 3081 4940 sine
3142 4884 3473 4938 necessitate

1895 4981 2220 5043 blandietur,
2260 4995 2357 5033 nec
2401 4979 2684 5033 veritatem
2716 4977 2887 5046 pretio
2917 4976 3143 5040 vendet;
3196 4990 3301 5029 non
3345 4988 3471 5027 eum

1894 5072 2145 5125 omnibus
2172 5070 2397 5125 acerbus
2414 5074 2539 5136 erit,
2560 5084 2624 5121 ne
2644 5078 2904 5138 arguatur
2923 5065 3192 5120 liberioris
3218 5062 3467 5134 loquela,

1897 5179 1999 5216 nec
2038 5178 2224 5217 omnes
2275 5162 2521 5217 laudibus
2575 5170 2822 5229 asperget
2865 5160 3148 5227 (captator
3195 5155 3339 5211 enim
3387 5155 3469 5209 sic

1896 5254 2070 5324 esset)
2099 5271 2114 5320 ;
2156 5268 2256 5308 nec
2286 5252 2354 5307 ab
2384 5253 2494 5306 alto
2524 5252 2616 5305 illo
2648 5250 2876 5320 injurias
2906 5246 3288 5319 grandiuabit(
3315 5244 3469 5300 ferox

1895 5346 2042 5398 enim
2086 5347 2171 5400 hic
2203 5344 2434 5400 an‘ectus
2470 5351 2552 5398 est
2586 5343 2640 5414 ).
2673 5344 2877 5397 Forsan
2915 5355 3046 5395 vero
3090 5340 3196 5393 tale
3242 5337 3465 5391 verbum

1896 5436 2040 5489 dicat
2086 5449 2195 5503 quo
2245 5436 2456 5505 prolato
2483 5436 2657 5487 virum
2696 5433 2960 5505 illustrem
3006 5428 3323 5489 confundat,
3354 5425 3466 5492 jam

1893 5537 1946 5581 et
1992 5527 2395 5582 damnationem
2429 5526 2651 5581 habebit
2682 5534 2934 5592 tanquam
2967 5519 3316 5590 blasphemia:
3346 5530 3467 5570 ma-

1895 5622 2084 5689 gister.
2107 5619 2221 5686 Ego
2250 5634 2381 5675 vero
2410 5619 2532 5673 novi
2565 5618 2711 5672 illum
2750 5631 2856 5670 non
2887 5614 2952 5667 ad
2987 5625 3210 5665 munera
3238 5608 3467 5665 surdum

1895 5712 2011 5766 fore
2040 5726 2139 5782 pro
2167 5710 2588 5766 ferventioribus
2609 5709 2754 5763 circa
2786 5706 2916 5760 illud
2948 5703 3102 5769 viris,
3129 5701 3222 5770 qui
3252 5701 3304 5752 in
3326 5697 3471 5751 elec-

1898 5820 2119 5875 mosyna
2154 5802 2439 5859 exercitati
2477 5816 2668 5856 manus
2698 5797 2986 5869 porrigunt
3034 5793 3100 5849 iis
3127 5804 3265 5862 quos
3296 5791 3470 5849 bonos
