4048 6454
544 408 655 472 255

1224 392 1647 455 EUz-TATIIII
1676 386 2439 451 THESSALONlCEN’SIS
2470 388 3032 452 METROPOLth'E

3676 390 3800 452 256

526 523 781 575 eri-dunt,
823 508 1093 581 primitias
1148 506 1271 559 vita:
1303 504 1410 559 illis
1460 502 1777 559 afferentes.
1816 502 1956 554 unde
2009 498 2119 552 Deo

2237 500 2356 565 μίας
2396 500 2736 563 διδάσκαλος.
2777 499 2919 567 Ἐγὼ
2945 500 3003 553 δὲ
3049 494 3189 565 οἴδα,
3225 498 3319 552 καὶ
3372 498 3450 562 ὡς
3515 496 3616 551 οὒκ
3650 497 3799 551 ἔσται

528 609 811 664 Solvebant
840 601 1076 654 decimas
1112 610 1298 649 eorum
1335 609 1453 662 qua-
1483 592 1851 658 possidebant.

2221 591 2341 642 οὐδὲ
2367 591 2644 660 ἀδὶρητος
2678 592 2810 661 πρός
2852 608 2916 659 γε
2966 590 3077 643 τῶν
3123 590 3192 643 τὰ
3252 591 3482 643 τοιαῦτα
3542 589 3799 660 θερμοτέ-

534 716 642 770 ρων
739 694 972 763 ἀνδρῶν,
1023 688 1072 742 οἳ
1136 687 1270 757 πρὸς
1324 686 1699 754 ἐλεημοσύνην
1750 680 2198 750 γεγυμνασμένοι
2258 682 2582 750 δεξιοῦνται,
2664 677 2744 743 οἷς
2805 682 2991 751 ἔχουσι
3053 682 3181 745 τοὺς
3270 682 3535 748 ἀγαθοὺς,
3628 682 3799 751 ἀπαρ-

531 794 753 864 χόμενοι
782 786 877 839 τοῦ
910 784 1025 855 βίου
1056 782 1265 842 αὐτοῖς,
1298 780 1431 830 ὡσεὶ
1467 777 1561 829 καλ⁵
1591 777 1881 829 ὲδεκάτουν
1909 773 2048 843 Θεᾷ),
2070 772 2400 829 ἀνεκτῶντο.

602 884 668 938 67
733 879 943 932 Talium
989 878 1169 943 itaque
1201 871 1566 941 primitiarnm
1605 879 1657 923 et
1695 869 1959 921 donorum
1997 881 2106 919 non

534 974 813 1027 cellarium
854 965 1267 1028 columnacrit,
1314 977 1378 1015 ne
1405 971 1460 1015 et
1506 960 1788 1015 deslrm-re
1833 958 1971 1011 forte
2000 957 2110 1011 cel-

534 1066 665 1120 laria
707 1061 809 1115 sibi
849 1070 1113 1128 proponat
1138 1054 1317 1125 stylita
1343 1062 1401 1106 ut
1439 1051 1643 1118 majora
1667 1050 1976 1113 rt-atditicet,
2020 1048 2114 1101 sed

531 1154 935 1208 acervatiouem
966 1148 1177 1218 plenam
1208 1147 1257 1197 in
1284 1143 1511 1197 alterum
1534 1141 1803 1212 (videlicet
1832 1142 1882 1193 in
1913 1151 2085 1207 panpe

532 1260 650 1298 rum
677 1241 876 1309 sinum)
911 1237 1199 1293 eruetabit;
1233 1235 1294 1287 Et
1322 1235 1527 1288 canalis
1551 1249 1701 1286 more
1726 1249 1792 1287 eo
1818 1231 2121 1297 pcnetrab‘t

534 1350 563 1387 a
609 1334 716 1387 Deo
741 1332 965 1384 veniens
995 1324 1382 1380 bettelicientia'.
1407 1322 1585 1392 pluvia
1612 1321 1913 1381 abundans,
1934 1320 2127 1373 exinde

534 1427 802 1481 delinetet
819 1423 1061 1492 irrigabit
1078 1429 1337 1490 quotq-uot
1367 1433 1470 1472 non
1492 1420 1542 1471 in
1567 1417 1887 1470 abundantia
1907 1417 2129 1485 pingue-

534 1528 718 1583 scunt,
745 1520 837 1571 sed
879 1515 1129 1585 egestatis
1170 1512 1428 1565 aerumnis
1467 1509 1843 1564 coniiciuntur.
1867 1506 2125 1561 Nolebam

539 1625 666 1663 vero
712 1609 767 1662 in
825 1618 1174 1660 cavernosam
1226 1601 1553 1655 descendere
1603 1599 1915 1653 columnam
1965 1597 2124 1650 istam

541 1701 816 1769 speluncae
840 1695 1097 1758 similem,
1127 1708 1336 1756 cavam,
1367 1703 1467 1745 nec
1503 1689 1747 1743 volebam
1782 1701 1967 1741 arcem
2006 1699 2127 1739 esse

538 1806 663 1860 qua:
711 1789 981 1841 diceretur
1023 1785 1226 1837 ambitu
1260 1783 1423 1836 turris
1467 1780 1733 1849 attingens
1768 1780 1921 1836 urbs.
1962 1790 2124 1846 quam

547 1880 909 1950 spirituatiter
952 1877 1062 1944 jam
1106 1874 1590 1937 consideravimus,
1655 1886 1752 1926 nec
1800 1869 1990 1925 ﬁstula:
2040 1868 2125 1922 in-

2278 866 2377 934 ξζυ.
2420 868 2540 921 Τῶν
2590 869 2770 921 τοίνυν
2810 867 3074 922 ’τοιούτων
3119 867 3522 937 ἀπαργμὰτων.
3559 868 3675 920 εἴτε·
3713 872 3802 923 καὶ

2208 958 2567 1028 δωρηματων,
2626 959 2727 1011 οὐκ
2779 958 3031 1029 ἀποθήκη
3087 960 3114 1011 ό
3165 958 3432 1019 «στύλος»
3493 958 3666 1025 ἔσται,
3717 958 3799 1010 ἵνα

2217 1051 2290 1119 μὴ
2328 1050 2425 1102 καὶ
2454 1051 2702 1103 καθελεῖν
2741 1050 3185 1118 ποτεηάποθήκας
3221 1049 3541 1118 βουλευθείη
3574 1052 3601 1101 ὁ
3642 1067 3799 1103 ιιστυο

2215 1141 2405 1209 λίτηςι
2462 1142 2541 1203 εἰς
2597 1140 2861 1210 μειζόνων
2915 1140 3350 1209 ἀνοικοδόμησιν,
3406 1139 3546 1192 ἀλλὰ
3594 1137 3799 1207 ἐξερεύο

2234 1231 2385 1295 ξεται
2440 1233 2515 1294 ὡς
2544 1229 2632 1287 οἷά
2653 1249 2705 1285 τι
2739 1236 2991 1301 ταμιεῖον
3043 1234 3244 1302 πλῆρες
3304 1237 3386 1295 είς
3448 1235 3639 1300 ἓτερον
3690 1233 3801 1301 (τὴν

2230 1326 2533 1392 πτωχικὴν·
2577 1324 2722 1393 λέγω
2788 1327 3221 1396 γαστέρα).νγΚα“ι
3260 1326 3503 1394 σοιλῆνος
3534 1325 3688 1395 δίκην
3722 1327 3801 1377 ἐν·

2227 1416 2424 1471 τεῧθεν
2466 1421 2565 1488 μὲν
2626 1422 2994 1489 εἰσρευσεῖται
3052 1422 3085 1490 ή
3122 1420 3311 1473 θεόθεν
3368 1419 3650 1488 ἐπομὸρία
3706 1420 3800 1488 τῆς

2232 1510 2559 1575 δεξιώσεως,
2620 1512 2833 1564 ἐκεῖθεν
2895 1513 2951 1565 ξε
3011 1513 3348 1581 ἑκρυήσεται
3396 1513 3492 1564 καὶ
3553 1510 3797 1579 ἀρδεύσει

2231 1601 2357 1661 τοὺς
2421 1601 2534 1652 ὅσοι
2600 1601 2662 1654 οὐ
2714 1603 2850 1672 πρὸς
2937 1602 3227 1673 εὐετηρίαν
3302 1603 3633 1665 πιαίνιοντιι,
3691 1599 3797 1656 ἀλλ’

2242 1690 2437 1760 αὖχμῷ
2474 1691 2680 1754 ἐνδείας
2717 1693 3014 1757 πιέζονται.
3046 1694 3193 1763 Ἐγὼ
3227 1695 3282 1748 δὲ
3315 1695 3514 1764 ήθελον
3548 1694 3681 1762 μηδὲ
3711 1709 3801 1762 ση-

2239 1782 2495 1853 ραγγώδη
2527 1784 2619 1837 τὸν
2655 1801 2675 1836 ι
2723 1786 2913 1838 στύλον
2947 1805 2967 1838 ι
3001 1786 3279 1849 ἀποϐῆναι
3310 1785 3503 1838 τοῦτον
3544 1787 3637 1837 καὶ
3666 1802 3798 1853 σπη-

2230 1874 2434 1945 λαιώδη
2467 1877 2560 1929 καὶ
2589 1879 2890 1948 γλαφυρὸν,
2954 1879 3088 1948 μηδὲ
3120 1880 3321 1950 χωρίον
3380 1877 3546 1943 εἶναι,
3589 1880 3698 1943 καὶ,
3730 1878 3800 1940 ὡς

542 1986 660 2028 star
699 1969 991 2042 perforari,
1026 1968 1070 2023 si
1109 1967 1243 2021 alias
1275 1966 1326 2019 in
1386 1965 1628 2018 animum
1659 1977 1839 2017 sermo
1876 1976 1996 2016 eum
2040 1960 2123 2013 in.

2237 1966 2295 2022 Ξν
2325 1982 2407 2031 τις
2435 1968 2586 2040 εἴπῃ,
2623 1971 2778 2023 πόλιν
2818 1972 3074 2041 περιοχῆς
3102 1971 3469 2042 ἀντιπύργου,
3526 1972 3584 2026 ὃν
3644 1987 3799 2024 πνευ-

539 2066 732 2131 duxit;
784 2063 876 2116 sed
913 2061 1125 2130 penitus
1177 2074 1275 2128 pro
1321 2074 1425 2109 uno
1461 2055 1635 2111 incola
1680 2055 1856 2109 locum
1902 2053 2120 2115 habere,

545 2160 759 2229 plenam
809 2170 953 2218 esse,
1011 2168 1113 2207 nec
1154 2152 1418 2220 reliquum
1449 2149 1590 2203 intra
1636 2147 1839 2201 habere
1868 2157 2137 2209 vacuum,

541 2251 805 2304 latebram
864 2247 1168 2309 occultans,
1228 2254 1282 2297 ιιι
1333 2241 1534 2297 similia
1594 2240 1792 2295 imitari
1845 2237 2121 2307 attigerit,

547 2344 833 2398 columnas
864 2349 919 2391 et
960 2340 1181 2390 arbores
1224 2350 1253 2388 a
1288 2334 1491 2404 quibus
1524 2348 1719 2388 nomen
1775 2340 2125 2400 sumpserunt

541 2433 907 2489 inhabitantes
948 2439 1181 2492 asceta-;
1222 2443 1321 2480 nec
1352 2429 1405 2480 in
1446 2424 1779 2496 receptacula
1804 2431 1858 2478 et
1882 2434 2130 2478 ventrem

542 2525 830 2595 quemdam
838 2528 1044 2591 ,aperta
1063 2521 1131 2572 sit
1151 2519 1368 2572 dilatata
1389 2517 1632 2573 colmnna
1653 2524 1829 2570 nostra
1852 2529 1867 2580 ;
1893 2529 1963 2567 ne
1992 2513 2130 2566 forte

544 2615 863 2671 concavitas
896 2613 996 2667 ista
1030 2610 1421 2663 rednmlantius
1472 2606 1805 2676 ientaculum
1853 2604 2047 2657 habeat
2075 2612 2129 2655 et

542 2704 904 2775 apostolicam
941 2701 1309 2756 sterilitatem.

545 2816 707 2870 μενος
738 2814 753 2827 ·

542 2892 725 2963 ltiti)».

612 2988 703 3042 68.
743 2985 864 3053 Quo
913 2983 1055 3039 enim
1114 2996 1252 3052 opus
1312 2981 1473 3036 habet
1532 2979 1714 3052 stylita
1751 2987 1942 3032 noster
1993 2989 2132 3045 pra-

543 3079 731 3135 stsrtim
766 3064 882 3130 fere
926 3073 1036 3142 iam
1068 3082 1336 3138 mortuus,
1383 3072 1477 3141 qui
1528 3071 1609 3126 sic
1641 3070 1876 3139 seipsutn
1907 3068 2130 3121 damnat

544 3187 599 3227 et
626 3166 903 3239 castigat?
936 3164 994 3221 Si
1027 3166 1171 3220 enim
1203 3164 1370 3216 turris
1404 3162 1655 3215 columna
1688 3159 1776 3213 illa
1808 3158 2129 3222 te'stitnatur,

545 3265 597 3317 in
647 3275 753 3331 qua
796 3267 1049 3326 tanquam
1098 3271 1127 3308 e
1154 3253 1405 3308 custodia
1442 3251 1741 3319 speculans
1762 3248 1991 3311 stetisti,
2024 3248 2133 3301 ad-

480 3356 483 3357 ⁷
545 3357 650 3407 huc
700 3354 861 3405 etiam
925 3358 983 3401 ut
1033 3346 1226 3401 civitas
1283 3355 1376 3398 aut
1414 3343 1555 3397 sicut
1610 3357 1728 3405 arx,
1778 3356 1900 3410 qua:
1956 3338 2136 3393 omnia

547 3439 881 3511 receptacula
922 3445 1086 3501 sunt;
1134 3433 1295 3503 idque
1326 3446 1458 3485 .non
1512 3431 1631 3485 sine
1675 3429 1943 3498 analogia.
2002 3426 2138 3481 Nam

549 3534 693 3601 quod
751 3530 917 3584 turris
966 3537 1048 3581 est
1094 3525 1356 3580 militibus
1413 3524 1468 3576 in
1518 3536 1583 3577 ea
1650 3521 1961 3583 stantibus,
1992 3518 2137 3587 quod

545 3626 743 3677 civrtas
778 3621 926 3674 illam
964 3617 1237 3673 indefesso
1266 3614 1727 3677 custodientibus,
1762 3624 1817 3668 et
1867 3611 2132 3681 refugium

559 3714 628 3765 iis
661 3708 752 3779 qui
783 3710 850 3761 ad
885 3709 936 3761 id
967 3706 1226 3759 tuendum
1262 3703 1610 3767 adhibentur,
1637 3701 1764 3755 illud
1790 3712 1915 3756 sunt
1947 3715 2137 3770 super-

548 3802 824 3857 stantibus
856 3800 1059 3851 ascetis
1086 3796 1372 3851 columine.
1408 3791 1551 3849 Vere
1578 3795 1797 3863 quidem
1818 3792 1970 3862 juxta
1991 3794 2130 3846 dicta

554 3893 622 3944 ab
662 3890 818 3944 initio
868 3887 1123 3942 columna
1174 3900 1298 3939 eum
1345 3886 1436 3954 qui
1471 3883 1675 3938 insistit
1707 3883 1967 3945 suﬂ'ulcit,
2009 3897 2139 3935 con-

552 3993 687 4035 tinet
721 3983 881 4050 eique
941 3981 1097 4033 sedes
1138 3988 1238 4033 est.
1279 3977 1549 4031 Perforari
1577 3990 1706 4031 vero
1735 3985 1787 4029 et
1823 3973 2137 4044 profundam

550 4087 838 4127 cavernam
873 4071 1072 4125 habere
1097 4068 1410 4136 scpitnentis
1457 4068 1725 4130 clausam,
1745 4083 1850 4120 non
1880 4068 1996 4122 sine
2025 4081 2142 4119 tua-

553 4163 667 4213 lnia
695 4160 876 4213 dicent
898 4159 991 4227 qui
1023 4158 1307 4228 obiurgare
1342 4155 1544 4210 volunt.

812 2798 1023 2868 μήποτε
1074 2793 1137 2847 τὸ
1198 2792 1476 2855 κωλιῶδες
1526 2791 1686 2845 τοῦτο
1765 2790 1870 2862 ἔχῃ
1919 2805 1973 2841 τι
2031 2787 2140 2840 καὶι

2230 2060 2479 2129 ματικῶς
2544 2063 2655 2131 ήδη
2716 2062 3180 2134 τεθεωρήκαμεν,
3241 2065 3383 2134 μηδὲ
3440 2062 3797 2132 σωληνοειδῶς

2227 2150 2546 2219 τετρῆσθαι,
2594 2152 2772 2205 simul
2829 2153 3017 2217 ἄλλως.
3056 2157 3137 2216 είς
3172 2153 3409 2223 θεωρίαν
3461 2154 3719 2224 τοιαύτην
3771 2152 3798 2205 ό

2228 2239 2388 2309 λόγος
2410 2242 2575 2295 αὑτὸν
2608 2244 2953 2314 περιήγαγεν
2975 2259 2989 2274 ’
3022 2244 3159 2298 ἀλλὰ
3215 2245 3395 2298 διόλου
3430 2245 3622 2314 γέμειν
3676 2244 3795 2296 ἐαυ-

2228 2333 2346 2397 τοῦ,
2400 2335 2495 2387 καὶ⁸
2554 2335 2750 2388 ναστὸν
2801 2330 2941 2388 εἶναι
2988 2337 3083 2389 καὶ
3134 2336 3344 2407 πλήρη,
3411 2336 3508 2390 καὶ
3555 2334 3716 2405 μηδέν
3749 2351 3797 2387 τι

2235 2422 2378 2493 ἔχειν
2407 2425 2672 2478 ὑπόκενον
2701 2426 2797 2479 καὶ
2827 2428 3107 2493 κοιλιῶδες
3142 2430 3237 2483 καὶ
3276 2427 3533 2494 ὕπουλον,
3567 2428 3655 2482 ἵνα
3688 2423 3795 2496 εἶχε

2239 2514 2530 2583 μιμεῖσθαι
2558 2515 2627 2567 τὰ
2658 2516 2900 2585 ὁμοειδῆ,
2932 2517 3058 2579 τοὺς
3114 2518 3300 2580 κίονας
3336 2518 3433 2573 καὶ
3464 2519 3530 2572 τὰ
3588 2517 3794 2587 δένδρα,

2236 2604 2322 2672 ἐφ’
2375 2600 2449 2658 ὧν
2496 2607 2546 2658 οἱ
2581 2608 3077 2678 παρωνυμοὺμενοι
3148 2610 3340 2675 αὐτοῖς
3394 2611 3655 2681 ἀσκηταὶ,
3708 2608 3796 2660 καὶ

2241 2697 2422 2765 μὴιεὶς
2453 2697 2679 2766 δεκάδας
2721 2700 2813 2751 καὶ
2851 2701 3061 2763 κοιλίας
3115 2703 3267 2765 τινὰς
3299 2704 3551 2772 ἡνοίγετο
3583 2699 3797 2771 εὐρυνό-

2202 2789 2626 2861 πλησμιώτερον
2698 2792 2981 2871 ἔμϐρωμα
3033 2793 3130 2847 καὶ
3184 2797 3529 2867 κατάργησιν
3581 2798 3797 2849 ἀποστο-

2311 2973 2423 3043 ξη¹.
2454 2973 2549 3036 Τίς
2582 2974 2691 3044 γὰρ
2721 2976 2997 3045 καὶ-χρεία
3021 2978 3197 3048 τούτῳ
3221 2979 3300 3049 τῷ
3356 2980 3799 3050 ἐγκατῳκοδομη..

2236 3064 2405 3134 μένῳ,
2441 3062 2676 3132 μάλιστα
2711 3065 2808 3133 μὲν
2841 3061 2935 3117 οὗν
2978 3066 3309 3136 μικροῦκαὶ
3364 3070 3667 3131 τεθνειῶτι,
3708 3066 3796 3120 καὶ

2235 3151 2410 3216 οὕτως
2433 3154 2625 3206 ἑαυτὸν
2656 3155 3085 3211 καταδικάσαντι
3116 3159 3211 3212 καὶ
3242 3160 3573 3228 κολάσαντι;
3616 3160 3673 3214 Εἰ
3697 3159 3807 3227 γὰρ

2237 3247 2333 3300 καὶ
2361 3245 2620 3315 πύργοςό
2659 3264 2679 3298 ι
2739 3245 2927 3310 στύλος
2981 3267 3001 3301 ι
3045 3248 3386 3321 τεθεώρηται
3440 3246 3612 3315 οὗτος,
3669 3254 3724 3304 ἐν
3754 3243 3795 3318 ᾧ

2240 3337 2494 3409 καθάπερ
2523 3338 2614 3391 ἔπι
2648 3355 2795 3401 τινος
2832 3341 3086 3411 φυλακῆς
3114 3343 3516 3398 ἀποσκοπεύων
3550 3344 3797 3412 ἕστηκας,

2239 3429 2319 3515 Eat
2349 3430 2406 3482 δὲ
2439 3431 2533 3483 καὶ
2560 3430 2637 3494 ὡς
2688 3449 2707 3482 ι
2745 3432 2920 3498 πόλις,
2959 3451 2979 3485 ι
3015 3433 3153 3488 ἀλλὰ
3183 3434 3249 3506 δὴ
3311 3438 3409 3490 καὶ
3460 3437 3536 3500 ὡς
3588 3453 3607 3487 t
3644 3431 3801 3503 φρού-

2241 3538 2378 3591 ριον,
2415 3540 2434 3573 ι
2473 3521 2700 3576 δεκτικὰ
2726 3523 2975 3577 δὲταῦτα
3004 3527 3203 3593 πάντα,
3234 3528 3329 3581 καὶ
3388 3530 3603 3597 στέγειν
3658 3525 3797 3586 ἐντός

2236 3628 2289 3663 τι
2347 3610 2678 3683 ἐτάχθησαν.
2741 3614 2882 3666 Ἀλλ’
2930 3617 3115 3671 ἐκεῖνα
3167 3618 3266 3686 μὲν
3322 3624 3462 3691 πρὸς
3518 3617 3795 3683 ἀναλογίαν

2237 3703 2382 3758 τινά.
2418 3706 2484 3757 Ὃ
2518 3707 2629 3776 γὰρ
2659 3706 2687 3758 ὁ
2720 3706 2932 3777 πύργος
2963 3711 3075 3772 τοῖς
3109 3711 3198 3763 ἐπ’
3224 3711 3396 3765 αὐτοῦ
3427 3707 3793 3780 στρατιώταις,

2238 3797 2333 3849 καὶ
2360 3796 2395 3866 ή
2435 3797 2589 3860 πόλις
2622 3800 2733 3861 τοῖς
2766 3799 2937 3870 αὐτὴν
2962 3800 3187 3865 ἀθπνως
3238 3802 3600 3869 φυλάσσουσι,
3630 3797 3796 3853 καὶτὸ

2242 3887 2626 3957 κρησφύγετον
2656 3893 2768 3954 τοῖς
2796 3892 3152 3961 τεταγμένοις
3183 3898 3464 3964 φρουρεῖν,
3505 3888 3659 3946 τοῦτο
3711 3887 3796 3940 καὶ

2242 3977 2294 4028 οἱ
2326 3995 2344 4029 ι
2383 3979 2564 4032 στύλοι
2607 3998 2626 4031 ι
2665 3982 2778 4045 τοῖς
2833 3983 2919 4034 ἐπ’
2966 3983 3153 4036 αὐτῶν
3215 3987 3506 4056 ἀσκητοῖς.
3572 3978 3794 4049 Ἀληθῶς

2256 4071 2355 4138 μέν
2386 4089 2468 4125 τοι
2498 4076 2524 4127 ὁ
2561 4092 2580 4126 ι
2625 4076 2814 4138 στύλος
2845 4094 2862 4128 ι
2905 4078 3046 4129 κατὰ
3072 4077 3165 4132 τὸν
3195 4081 3253 4132 ὲν
3311 4078 3615 4152 προοιμίοις
3650 4074 3798 4140 λόγον

2248 4159 2525 4232 ὑπερείδει
2566 4166 2660 4218 καὶ
2693 4166 2876 4235 ἀνέχει
2899 4169 2994 4220 καὶ
3023 4167 3229 4238 ἑδραιοῖ
3261 4169 3320 4221 τὸ
3347 4170 3459 4223 ἄνω
3489 4165 3793 4237 φερόμενον-

554 4249 957 4318 Διατετρῆσθαι
1007 4249 1064 4301 δὲ
1119 4248 1303 4313 αὑτὸν,
1345 4247 1441 4300 καὶ
1499 4245 1635 4316 βαθὺ
1679 4245 1904 4316 κένωμα.
1960 4245 2131 4316 ἔχειν,
2172 4248 2551 4325 διειργόμενον
2589 4257 3061 4328 περιφράγμασιν,
3126 4260 3226 4313 οὐκ
3260 4262 3539 4331 ἀπόνηρον
3603 4256 3795 4311 εἴποιεν

558 4346 624 4397 ἂν
653 4345 704 4395 οἱ
735 4343 1127 4412 μωμοσκοπεῖν
1157 4340 1497 4411 βουλόμενοι.

629 4439 722 4493 till.
766 4437 870 4492 Sed
910 4439 1216 4506 argutiores
1239 4451 1399 4506 apum
1448 4436 1630 4489 alveos
1671 4435 1795 4488 talia
1841 4435 2139 4503 vocabunt,

557 4534 612 4587 in
636 4533 831 4602 quibus
869 4531 1026 4585 dulce
1064 4529 1384 4584 alimentum
1422 4528 1640 4583 ascetici
1669 4528 1911 4598 florilegii
1945 4543 2139 4583 recon-

554 4626 725 4679 ditur.
751 4623 854 4677 Alii
883 4621 1224 4676 formicetum
1248 4624 1509 4675 bonorum
1540 4631 1912 4688 nuncutmntes
1929 4619 2140 4674 colum-

558 4734 705 4781 nam,
732 4717 869 4771 sicut
904 4713 1184 4768 formicam
1218 4714 1485 4767 hominem
1513 4712 1847 4779 contemptui
1885 4727 2142 4782 magnum

558 4805 656 4872 qui
695 4804 748 4856 in
779 4817 846 4857 eo
876 4813 959 4858 est
990 4802 1268 4856 hominem
1302 4800 1619 4868 habebunt;
1653 4802 1897 4856 nobilius
1918 4811 2059 4857 esset
2097 4801 2142 4856 si

563 4895 1024 4951 formicwleonem
1053 4896 1316 4959 dicerent,
1342 4896 1468 4962 quia
1500 4894 1687 4947 melius
1718 4904 1801 4946 est
1833 4895 2009 4961 perire
2030 4893 2146 4946 ina-

561 4989 765 5041 nttione
813 4986 955 5054 quod
979 4985 1048 5040 de
1098 4983 1483 5039 formicaleoue
1533 4991 1809 5047 narratur,
1865 4999 2025 5051 quam
2068 4985 2147 5038 sic

561 5092 768 5142 Vivere,
821 5076 1033 5130 scilicet
1059 5085 1114 5130 et
1138 5072 1380 5129 formica:
1424 5089 1577 5128 litore
1632 5075 1685 5127 in
1720 5076 1976 5129 horreum
2017 5090 2146 5129 con-

562 5183 812 5240 gregare.
832 5166 1064 5233 Quidam
1117 5180 1246 5220 vero
1277 5180 1462 5220 cavam
1508 5165 1814 5220 columnam
1846 5180 1968 5220 cum
2022 5180 2145 5221 osse

564 5261 799 5315 medulla
825 5258 1143 5314 vacuefacto
1185 5259 1601 5327 aequiparantes,
1636 5270 1755 5310 eam
1788 5271 1908 5326 quae
1934 5271 2039 5309 non
2068 5258 2148 5311 sic

474 5399 483 5407 .
566 5365 731 5404 vacua
759 5359 841 5403 est
864 5349 1004 5403 dulci
1031 5347 1262 5417 quadam
1282 5347 1516 5402 medulla
1536 5346 1791 5403 refertam
1813 5348 2145 5417 excogitant;

567 5444 722 5496 niutti
742 5441 953 5496 calamo
974 5438 1231 5495 mellifluo
1248 5451 1563 5509 comparant
1579 5455 1699 5510 quae
1712 5440 1957 5494 articulis
1978 5441 2147 5494 inter-

567 5545 744 5602 rupta,
762 5532 902 5587 sicut
922 5540 976 5586 et
998 5531 1262 5601 geniculis
1288 5532 1518 5597 culmus,
1554 5531 1709 5600 plena
1735 5538 1819 5585 est
1848 5532 2144 5583 secundum

565 5638 663 5680 eos
689 5623 989 5679 dulcedine.
1006 5621 1324 5678 Pauoissimi
1344 5638 1469 5676 vero
1494 5623 1689 5676 bonum
1709 5620 1912 5689 aliquid
1928 5620 2146 5688 excogi-

567 5714 765 5767 tabunt
800 5730 816 5767 :
850 5723 906 5768 et
931 5714 1011 5769 sic
1057 5713 1250 5785 plenus
1279 5712 1383 5770 erit
1408 5712 1819 5769 maledictorum
1851 5726 2015 5768 cavus
2046 5725 2139 5766 co-

566 5807 767 5861 lumna:
800 5807 971 5862 locus.

2311 4436 2408 4502 ξθ’.
2456 4439 2596 4492 Ἀλλ’
2647 4442 2695 4495 οἱ
2754 4443 3166 4514 περιεργότεροι
3230 4461 3252 4496 t
3299 4445 3583 4515 σήραγγας
3624 4456 3661 4491 ³-
3701 4452 3798 4506 με’

2241 4530 2433 4600 λίσσης
2474 4531 2686 4584 εἴποιεν
2709 4531 2775 4586 ἂν
2803 4534 2873 4587 τὰ
2892 4534 3158 4600 τοιαῦτα,
3180 4535 3236 4587 ὲν
3291 4529 3375 4599 οἷς
3409 4532 3577 4603 γλυκύ
3629 4546 3680 4581 τι
3709 4524 3795 4579 καὶ

2241 4621 2513 4691 τρόφιμον
2543 4622 2855 4692 ἀσκητικῆς
2904 4622 3227 4691 ἀνθολογίας
3282 4623 3548 4692 ἔγκειται.
3590 4619 3795 4685 Ἕτερος

2253 4734 2271 4766 ι
2312 4714 2636 4785 μυρμηκιὰν
2676 4735 2695 4766 ι
2730 4714 2954 4783 ἀγαθῶν
2981 4714 3376 4785 προσειπόντες
3415 4715 3505 4768 τὸν
3536 4731 3555 4764 ι
3583 4708 3793 4765 στύλον)

2248 4806 2460 4871 τοῦτον,
2494 4804 2569 4866 ὡς
2599 4805 2681 4868 εἰς
2719 4823 2738 4855 ι
2789 4806 3308 4877 μυρμηκὰνθρωπον
3351 4825 3370 4858 ι
3416 4799 3797 4859 ταπεινώσουσι

2246 4898 2338 4951 τὸν
2363 4898 2422 4951 ὲν
2450 4896 2600 4966 αὐτῷ
2633 4897 2812 4966 μέγαν
2859 4896 3151 4967 ἄνθρωπον
3177 4914 3189 4928 ·
3222 4893 3290 4969 ἦν
3322 4897 3379 4950 δὲ
3412 4896 3520 4967 ἄρα
3554 4888 3793 4959 σεμνότε-

2246 5005 2358 5054 ρον,
2393 4988 2467 5051 ὡς
2508 4989 2588 5050 είς
2626 5007 2644 5039 ι
2687 4988 3164 5058 μυρμηκολέοντα,
3209 5008 3228 5041 ι
3280 4989 3363 5042 ὅτι
3408 4987 3500 5040 καὶ
3540 4983 3790 5050 κρεῖττον,

2220 5077 2547 5131 ἀπολέσθαι
2579 5078 2730 5148 παρὰ
2759 5078 2819 5129 τὸ
2850 5079 2925 5148 μὴ
2949 5077 3094 5147 ἔχειν
3122 5079 3354 5147 τροφὴν,
3391 5076 3436 5130 δγ
3470 5076 3531 5142 δὴ
3562 5070 3636 5141 τῷ
3661 5078 3793 5137 μυρ-

2247 5169 2571 5239 μηκολέοντι
2647 5168 3010 5235 ὲπιλαλεῖται,
3065 5170 3210 5240 ήπερ
3248 5169 3389 5221 οὕτω
3441 5168 3556 5236 ζῇν,
3614 5160 3793 5227 ἔχοντα

2245 5263 2342 5316 καὶ
2378 5257 2687 5328 συνάγοντα
2730 5261 3155 5330 μυρμηκοειδῶς
3179 5263 3260 5323 εἰς
3318 5259 3597 5313 ἀπόθετον,
3630 5248 3693 5302 Oi
3739 5241 3791 5294 at

2244 5368 2388 5413 τινες
2418 5352 2511 5404 τὸν
2556 5352 2794 5405 ἀκοίλιον
2850 5369 2869 5403 ι
2909 5352 3097 5405 στύλον
3129 5373 3147 5403 ι
3195 5354 3273 5415 είς
3316 5368 3332 5402 ι
3397 5346 3584 5403 ὀστοῦν
3636 5336 3800 5407 ἀμύμ-

2246 5442 2337 5495 λον
2368 5460 2391 5494 ο
2428 5443 2884 5510 παρεικάζοντες,
2933 5443 3023 5496 τὸν
3070 5443 3144 5512 μὴ
3169 5443 3410 5496 τοιοῦτον
3447 5431 3633 5508 μυελοῦ
3660 5440 3789 5483 τινος

2246 5535 2441 5602 γέμειν
2464 5534 2615 5595 ἐντὸς
2653 5535 2914 5603 νοστίμου
2967 5536 3365 5604 φαντάσονται·
3392 5528 3570 5584 πολλοὶ
3609 5523 3660 5574 δὲ
3706 5514 3787 5568 καὶ

2257 5644 2275 5677 ι
2320 5625 2695 5696 μελιτοτρόφῳ
2741 5626 2973 5695 καλάμῳ
3014 5644 3031 5676 ι
3072 5625 3160 5678 τὸν
3207 5623 3444 5677 τοιοῦτον
3503 5636 3520 5669 ι
3560 5608 3735 5665 στύλον
3768 5619 3796 5652 ι.

2252 5714 2741 5785 παρεξετάσουσιν,
2802 5716 2861 5779 ὃς
2915 5715 3292 5786 διειργόμενος
3342 5704 3797 5790 μεσο).αὗήμασιν,,

2242 5804 2342 5856 ὃσα
2407 5803 2502 5855 καὶ
2557 5801 2881 5866 συνδετικοῖς
2945 5805 2972 5857 ὁ
3025 5804 3275 5873 κάλαμος
3341 5801 3559 5870 γόνασι,
3632 5794 3785 5855 μεμε-
