4048 6412
214 326 295 392 257
1315 324 1430 385 “AD
1465 321 1751 384 STYLIT:

1875 321 2194 394 QUEMDA
2208 321 2284 383 Μ.

1455 431 1834 501 γλυκάζοντος.
1862 442 1873 451 ·

216 452 400 495 στωται,
465 432 538 496 ὡς
597 433 663 486 ἂν
735 433 942 486 εἴποιεν
1013 433 1216 494 αὐτοὶ,
1290 433 1384 486 τοῦ

3318 325 3430 388 25,8

1925 429 2126 497 Ὀλίγοι
2178 430 2255 484 ’δέ
2324 447 2468 495 τινες
2517 451 2549 484 -ι
2603 433 2806 502 ὁγαθόν
2875 456 2926 492 τι
2969 456 2999 490 ι
3078 435 3431 505 λογὶσονταιο

215 526 446 584 καὶοῦτω
505 525 710 594 πλῆρες
756 523 911 578 ἔσται
984 523 1327 577 κακολογιῶν
1372 524 1434 576 τὸ
1490 523 1585 577 τοῦ
1636 541 1653 573 ι
1695 521 1892 573 στύλου
1925 539 1942 572 ι
2003 523 2247 590 κένωμα.

272 638 324 693 o'.
357 636 791 704 Καθεσττμένων
820 636 876 688 δὲ
925 632 1066 687 οὕτω
1099 635 1191 688 καὶ
1222 634 1446 698 τούτων,
1476 636 1502 687 ὁ
1553 653 1571 686 ι
1613 633 1743 685 στύ-
1771 638 1818 698 Α

213 734 284 793 λος
317 749 332 780 t
362 723 507 788 οὗτος
549 727 657 796 ἔχει
695 727 791 778 καὶ
828 727 1014 794 ἕτερόν
1059 743 1113 778 τι
1172 728 1392 795 σεμνὸν,
1445 728 1546 796 τὴν
1598 727 1756 779 Θέσιν-

212 825 292 891 τὴν
339 819 588 888 τοπικήν.
633 819 796 887 Ὀρᾷς
847 817 978 888 γὰρ,
1048 811 1093 871 ὦ
1167 817 1404 885 ἀσκητὰ,
1453 818 1602 878 ὅπως
1652 819 1749 869 καὶ

215 914 420 966 θάλασσα
459 909 586 979 περί
622 926 679 960 σε
738 908 902 976 αὕτη,
963 909 1059 976 τὴν
1122 908 1356 977 θεωρίαν
1409 907 1746 970 ἐπαύξουσα.

212 1006 272 1057 Οὐ
307 1004 405 1070 γὰρ
469 1003 629 1069 μόνον
688 1002 768 1063 εἰς
835 1001 1046 1070 τρυφὴν
1107 1000 1204 1051 καὶ⁹
1261 999 1443 1068 θαῦμα
1499 1000 1748 1051 ἔκκειται

210 1095 370 1163 ὅψεως,
414 1093 552 1145 ἀλλὰ
606 1094 697 1145 καὶ
725 1092 802 1152 είς
837 1091 1039 1161 ἀρετῆς
1071 1091 1436 1154 διδασκάλιςν,
1473 1090 1743 1152 ὡς’-δύνα-

209 1188 312 1239 σθαι
345 1185 532 1254 κέρδος
591 1183 997 1252 ἐμπορεύεσθαι
1050 1201 1111 1235 σε
1167 1184 1400 1253 ψυχικὸν
1444 1183 1502 1249 ἐξ
1553 1183 1745 1251 αὐτῆς,

207 1279 282 1330 καὶ
309 1277 372 1346 μὴ
403 1275 722 1342 λογίζεσθαι
756 1274 964 1342 ταύτην
992 1276 1071 1338 εἰς
1105 1273 1388 1336 παντελῶς
1415 1274 1740 1345 ἀτρύγετον,

204 1368 301 1434 stre
338 1366 541 1434 καρπὸν
568 1364 682 1417 ἔστι
707 1365 913 1434 τρυγᾷν
944 1365 1004 1428 ἐξ
1034 1363 1204 1432 αὐτῆς
1235 1364 1521 1434 σωτήριον.
1560 1361 1746 1432 Ἔχεις

203 1460 292 1528 γὰρ
311 1457 678 1526 καταθεωρείν
715 1456 1062 1525 σεμνότερον,
1102 1457 1198 1508 καὶ
1235 1454 1540 1524 φιλοσόφως
1573 1453 1742 1524 αὐτὴν

202 1546 624 1609 ἐπισκέπτεσθαι,
658 1546 722 1598 οὐ
756 1546 920 1612 λέγω,
983 1547 1144 1616 εἰπερ
1199 1545 1277 1614 τῷ
1343 1545 1466 1614 ἀέρι
1515 1544 1745 1615 κέχυται

201 1640 467 1708 ἰσόμοιρος,
497 1638 619 1690 οὐδὲ
665 1638 824 1707 εἰπερ
855 1639 921 1707 τῇ
977 1639 1048 1707 γῇ
1097 1637 1562 1707 συνεσφαίρωται,
1619 1636 1742 1690 οὐδὲ

196 1731 319 1784 διατι
375 1730 601 1800 ἁλμυρὰ
661 1733 758 1784 καὶ¹
823 1729 1019 1799 πικρὰ,
1087 1730 1183 1782 καὶ
1229 1729 1341 1781 εἴτε
1387 1729 1740 1800 διῃτουμένου

195 1823 272 1875 τοῦ
301 1822 546 1892 ποταμοῦ
585 1825 680 1877 καὶ
701 1821 929 1888 γλυκέος
967 1821 1192 1883 παντὸς,
1242 1819 1354 1872 εἴτε
1391 1820 1485 1872 καὶ
1540 1820 1623 1872 ὅτι
1656 1818 1743 1872 διὰ

195 1913 421 1983 τοιαύτης
459 1915 691 1983 φέρεται
719 1913 844 1982 γῆς,
897 1905 1086 1983 ἀφ’·ἦς
1115 1912 1208 1963 τὸν
1257 1911 1443 1980 ὅμοιον
1475 1911 1745 1978 ἐκματτο-

1919 635 2004 687 70.
2026 633 2261 690 Sicvero
2283 637 2546 692 ordinatis
2567 640 2700 707 istis,
2716 645 3026 697 venerabile
3045 643 3188 697 aliud
3206 642 3432 697 habebit

1857 725 2130 792 columna,
2162 726 2320 780 silum
2349 729 2588 795 inquam.
2618 729 2776 785 Vides
2795 736 2959 794 enim,
2985 748 3017 786 ο
3065 744 3267 798 aseeta,
3293 749 3431 802 quo-

1858 816 2018 868 modo
2046 818 2249 871 circum
2283 828 2330 870 te
2357 835 2506 874 mare
2531 821 2673 876 istud
2701 825 3210 894 contemp'atinnem
3242 837 3426 893 auget.

1859 905 1974 958 Non
2011 911 2153 961 enim
2187 909 2376 963 solum
2411 912 2476 965 ad
2511 915 2658 965 visus
2684 915 3082 982 iucunditatem
3124 929 3177 971 et
3211 917 3427 970 miratio

1846 1011 1980 1049 nem
2002 996 2330 1063 adjacet,sed
2352 1001 2508 1053 etiam
2535 1002 2598 1056 ad
2622 1003 2834 1060 virtutis
2851 1009 3222 1073 magisterium
3245 1008 3427 1062 :-unde

1857 1097 2006 1156 poles
2049 1105 2110 1142 ex
2147 1092 2263 1158 ipso
2298 1093 2580 1160 spirituale
2618 1095 2830 1150 lucrum
2877 1099 3147 1163 obtinere,
3186 1115 3286 1154 nec
3340 1117 3426 1153 re-

1847 1189 2044 1248 putare
2078 1181 2241 1237 debes
2272 1184 2484 1252 penitus
2511 1187 2714 1252 sterile,
2741 1204 2770 1242 a
2802 1205 2906 1258 quo
2939 1190 3145 1246 fruetus
3169 1193 3427 1246 Salutaris

1854 1271 2158 1326 metendus.
2214 1274 2576 1330 Considerare
2627 1279 2790 1334 debes
2846 1296 3010 1347 grave
3072 1290 3123 1336 et
3181 1281 3426 1350 philoso-

1849 1362 2008 1430 phice
2062 1378 2364 1426 recensere,
2393 1383 2496 1420 non
2523 1367 2634 1435 jam
2677 1370 2799 1425 dico
2850 1371 2894 1426 si
2927 1372 3038 1426 aeri
3105 1374 3427 1429 extendatur

1847 1467 2098 1519 consors,
2142 1471 2239 1510 nec
2274 1458 2319 1512 si
2355 1474 2518 1528 super
2546 1471 2747 1515 terram
2793 1464 3142 1528 rotundetnr,
3185 1480 3282 1519 nec
3323 1481 3425 1517 cur

1855 1543 2065 1597 salsum
2115 1555 2168 1599 et
2217 1560 2464 1602 amarum
2509 1553 2624 1604 sive
2665 1567 2826 1606 amne
2855 1563 2906 1607 et
2939 1554 3228 1610 dulcedine
3271 1555 3423 1609 omni

1852 1647 2224 1704 permanente,
2259 1639 2375 1693 sive
2407 1656 2506 1709 per
2541 1643 2702 1696 talem
2741 1643 2949 1699 feratur
2991 1655 3217 1710 terram,
3254 1662 3283 1700 a
3319 1663 3424 1714 qna

1855 1725 2085 1779 similem
2115 1728 2340 1784 eliciens
2366 1730 2651 1786 humorem
2695 1736 3046 1791 inundantem
3076 1738 3128 1790 in
3161 1753 3218 1792 se
3251 1737 3422 1807 ipsam

1853 1815 2100 1880 includit,
2139 1835 2237 1874 nec
2269 1821 2313 1874 si
2351 1823 2478 1890 quid
2508 1825 2671 1878 simili
2705 1826 3020 1881 curiositate
3051 1828 3294 1894 dignum,
3327 1827 3425 1882 sed

1851 1918 2114 1978 quantum
2157 1913 2225 1967 ad
2271 1929 2451 1968 mores
2497 1924 2734 1970 transeat
2761 1927 2814 1971 et
2843 1917 2896 1972 in
2927 1933 3035 1989 quo
3065 1919 3245 1972 anima
3279 1927 3426 1974 recte

196 2007 310 2078 μένη
338 2007 515 2077 χυμὸν
545 2001 1060 2074 ἐναποπλυνὸμενον
1093 2001 1280 2070 στέγει
1319 2003 1377 2054 ἐν
1405 2002 1598 2072 ἑαυτῇ,
1618 2001 1740 2054 οὐδὲ

1854 2011 2201 2070 componatur
2235 2003 2492 2059 virtutem
2521 2007 2890 2076 ponderanda.

194 2099 239 2151 εῐ
277 2117 324 2151 τι
351 2099 593 2152 τοιοῦτον
623 2097 951 2170 περίεργον·
987 2095 1104 2150 ἀλλ’
1135 2095 1236 2150 ὅσα
1279 2095 1417 2167 πρὸς
1453 2091 1585 2166 ἦθος
1641 2089 1927 2157 διαόαίνει,
1983 2095 2076 2146 καὶ
2111 2094 2205 2162 ἀφ’
2269 2089 2343 2150 ὧν
2407 2097 2553 2169 ψυχὴ
2615 2102 3427 2173 καταρτίζεται,-φιλοσοιροῦσα

191 2191 273 2261 τὴν
295 2190 519 2260 ἀρετήν.
1174 2239 1176 2241 .

247 2280 338 2338 oa'.
371 2283 533 2334 Ἐστι
558 2298 642 2333 σοι
679 2281 789 2350 γὰρ
811 2280 890 2343 εἰς
919 2277 1093 2332 τύπον
1134 2279 1254 2348 βίου
1308 2277 1403 2332 τοῦ
1443 2280 1566 2333 καθ’
1600 2279 1746 2350 ἡμᾶς

191 2373 361 2426 θέσθαι
381 2373 615 2440 ταύτην,
643 2373 740 2425 καὶ
760 2373 819 2438 ἐξ
840 2372 1010 2441 αὐτῆς
1067 2370 1356 2450 ῥυθμίζειν
1385 2374 1510 2433 to);
1559 2373 1749 2436 ἐντυγ-

191 2465 449 2532 χάνοντας.
503 2461 652 2530 Ζάλη
693 2463 822 2530 περὶ
853 2462 1048 2531 αὐτὴν,
1106 2461 1327 2529 κύματα
1383 2461 1513 2529 περὶ
1555 2459 1745 2527 αὐτὴν,

188 2553 423 2619 ναυαγίαι
455 2552 592 2621 περὶ
619 2550 814 2618 αὐτήν.
850 2550 960 2602 Καὶ
989 2550 1081 2600 νῦν
1121 2549 1219 2618 μὲν
1251 2550 1528 2622 προσηνὴς
1553 2546 1746 2618 ἥπλω-

188 2661 285 2708 ται,
312 2645 400 2696 καὶ
446 2643 668 2698 ἁπαλὸν
697 2642 1028 2711 ὑποσκιρτᾷ,
1057 2642 1154 2694 καὶ
1198 2640 1298 2693 οὐκ
1335 2641 1401 2694 ἂν
1453 2640 1748 2692 πολυανθεῖ

187 2736 390 2804 λειμῶνι
450 2735 844 2805 παραχωρήσῃ
906 2733 1002 2785 τοῦ
1062 2735 1141 2794 εἰς
1210 2732 1492 2801 χαρμονὴν
1561 2731 1746 2782 καλλι-

190 2830 344 2881 στείου
372 2845 385 2858 ·
423 2825 589 2891 αὖθις
616 2829 674 2880 δὲ
701 2829 781 2890 εἰς
813 2821 986 2894 θύμδν
1030 2827 1372 2895 ἐκμαίνεται,
1413 2825 1506 2878 καὶ
1538 2824 1746 2896 τραχύ-

184 2933 322 2987 τερον
349 2919 781 2987 ὲκτσράττεται,
840 2915 1036 2978 καλῶς
1091 2918 1173 2980 εἰς
1235 2915 1364 2988 ᾅδου
1428 2915 1748 2986 βοθρεύεται

186 3009 477 3076 φάραγγας.
525 3009 730 3076 Πάσχει
758 3007 816 3060 δὲ
843 3005 1074 3059 τοιαῦτα
1118 3023 1240 3059 τινα
1275 3007 1368 3060 καὶ
1393 3009 1419 3058 ὁ
1461 3007 1748 3075 καθ’ὴμᾶς

186 3100 302 3167 βίος,
320 3103 412 3154 καὶ
441 3101 820 3168 πεπείρανται
853 3099 903 3151 οἰ
932 3097 1056 3151 κατ’
1097 3099 1262 3151 αὐτὸν
1293 3098 1740 3158 θαλαττεύοντες.

183 3191 390 3246 Δίδασκε
445 3193 640 3246 τοίνυν
698 3189 949 3243 ἐντεῦθεν
997 3190 1126 3252 τοὺς
1176 3188 1463 3259 ὁμιλητὰς,
1523 3190 1598 3260 μὴ
1652 3207 1742 3241 πι-

183 3283 372 3338 στεύειν
394 3285 638 3345 ἑαυτοὺς
663 3283 884 3352 ἀστάτῳ
913 3282 1008 3334 καὶ
1040 3282 1405 3352 πολυταράχῳ
1429 3285 1524 3334 καὶ
1556 3282 1741 3335 κινδυ-

1921 2271 2009 2326 71.
2053 2269 2227 2325 Tuum
2257 2273 2400 2326 enim
2434 2283 2516 2330 est
2546 2275 2596 2328 in
2641 2276 2764 2331 vitae
2791 2288 2986 2334 nostra:
3019 2279 3248 2336 formam
3278 2283 3422 2338 illam

1849 2378 2192 2433 componere,
2210 2376 2262 2420 et
2287 2382 2380 2435 per
2406 2370 2579 2437 ipsum
2600 2381 2824 2425 c:t-teros
2851 2375 3220 2442 regere.Circa
3241 2375 3422 2444 ipsum

1848 2458 2118 2522 procellae,
2169 2457 2384 2524 ﬂuctus,
2421 2460 2731 2529 naufragia.
2779 2462 2933 2518 Nunc
2968 2467 3185 2534 quidem
3231 2482 3423 2522 serena

1848 2548 2171 2613 explicatur,
2214 2559 2267 2602 et
2314 2551 2475 2605 molle
2533 2553 2775 2606 sedatum
2829 2566 3029 2620 manet,
3086 2572 3182 2612 nec
3234 2557 3429 2615 ﬂorido

1850 2645 2006 2702 prato
2034 2636 2353 2690 atnrettitate
2384 2637 2628 2693 cederet:
2665 2639 2858 2693 iterum
2895 2656 3025 2697 vero
3056 2657 3182 2698 ecce
3238 2647 3428 2699 inhoi-

1851 2728 2019 2779 rescit
2067 2737 2121 2780 et
2190 2730 2442 2798 asperius
2493 2731 2746 2784 turbatur
2789 2741 2844 2785 et
2898 2735 3054 2803 quasi
3106 2736 3174 2790 ad
3227 2735 3430 2794 infe-rei

1851 2815 2079 2886 abyssos
2125 2818 2471 2889 deprimitur.
2521 2820 2673 2875 Talia
2730 2826 2934 2892 patitur
2989 2828 3096 2881 vita
3143 2841 3327 2884 nostra
3375 2844 3430 2885 et

1851 2910 2058 2978 experti
2112 2919 2236 2964 sunt
2283 2913 2372 2980 qui
2407 2914 2530 2966 vitze
2579 2913 2833 2970 ﬂuctibus
2878 2917 3176 2985 jactantur.
3241 2920 3430 2990 Itaque

1855 3001 1979 3055 inde
2013 3002 2310 3076 discipulos
2365 3019 2524 3058 mone
2580 3021 2648 3060 ne
2695 3007 2748 3060 in
2804 3009 3036 3076 caduca,
3070 3011 3426 3068 multifariam

1851 3091 2064 3144 turbata
2095 3100 2150 3144 et
2179 3091 2479 3160 periculosa
2525 3108 2602 3157 re,
2631 3096 2742 3148 vita
2768 3099 3068 3166 confidant,
3119 3101 3212 3154 sed
3245 3103 3430 3156 animo

1851 3197 1952 3236 suo
1985 3182 2175 3246 lidere,
2229 3193 2536 3239 metuentes
2573 3200 2854 3253 permeare
2891 3199 2941 3242 et
2980 3191 3251 3246 salutares
3307 3207 3435 3262 por-

1849 3283 1938 3328 tus
1991 3289 2207 3342 semper
2259 3286 2528 3344 spectare.
2566 3276 2868 3334 Littoribus
2899 3281 3092 3336 alludit
3127 3299 3302 3350 mare,
3342 3289 3424 3338 sic

181 3373 318 3426 ειὼὁει
369 3378 699 3444 πράγματι,
741 3372 818 3442 τῷ
866 3371 987 3442 βίῳ,
1037 3373 1173 3426 ἀλλὰ
1217 3374 1506 3442 προσέχειν
1561 3374 1744 3441 σφίσιν

1854 3367 2083 3434 iucunde
2105 3366 2401 3437 aliquando
2421 3370 2664 3424 subridet
2687 3372 2819 3436 vita,
2847 3373 3010 3426 multa
3033 3374 3352 3430 machinans
3378 3385 3432 3429 ct

177 3466 364 3530 αὐτοῖς,
401 3469 498 3520 καὶ
548 3467 736 3518 πλέειν
790 3465 1090 3534 ἐμφὸὖους,
1145 3465 1236 3517 καὶ
1284 3465 1409 3527 τοὺς
1465 3464 1744 3534 σωτηριὼ-

175 3557 270 3618 Est;
299 3559 540 3628 λιμένας
576 3559 664 3611 ἀεὶ
724 3555 1182 3626 περιϐλέπεσθαι.
1251 3554 1598 3624 Προσαθύρει
1637 3557 1752 3618 τοῖς

174 3651 418 3718 αἰγιαλοῖς
477 3653 513 3721 ἠ
585 3649 830 3702 θάλασσα
881 3650 938 3701 ἐν
987 3646 1204 3718 καιρῷ·
1262 3645 1406 3699 οὕτω
1458 3647 1513 3699 δὲ
1573 3646 1755 3718 ἱλαρόν

176 3758 291 3794 ποτε
331 3742 674 3812 προσμειδιᾷ
698 3742 794 3793 καὶ
824 3743 851 3793 ὁ
881 3740 1022 3809 βίος,
1083 3737 1514 3808 βυσσοδομεύων
1551 3739 1752 3802 ἄλλως,

177 3833 258 3885 καὶ
285 3833 654 3902 ἐπικρύπτων
691 3833 758 3883 τὰ
781 3831 1041 3901 δυσχερῆ.
1091 3829 1234 3884 Ἀλλ’
1277 3830 1335 3880 ἐν
1386 3827 1464 3896 τῷ
1521 3831 1751 3899 σκιρτᾷν

176 3917 272 3974 οἷον
316 3923 668 3996 χορευτικῶς
703 3923 894 3991 ἠρέμα
948 3919 1221 3984 κλύζουσα
1279 3918 1375 3982 τὰς
1416 3920 1609 3986 ἀκτὰς,
1655 3921 1749 3972 καὶ

177 4011 304 4063 κατὰ
335 4014 543 4082 μικρὸν
611 4011 919 4064 ὑποσπῶσα
961 4010 1083 4062 ὅσον
1113 4009 1333 4079 χοῶδες,
1394 4009 1545 4062 κάτω
1567 4008 1748 4078 βάλλει

174 4103 223 4153 οὐ
252 4105 410 4170 μόνον
435 4105 628 4164 οἰκίας
659 4104 694 4172 ἡ
731 4101 999 4165 θάλασσα,
1035 4101 1089 4152 ετ
1129 4100 1274 4162 τινές
1327 4117 1428 4151 που
1496 4101 1588 4152 καὶ
1647 4116 1752 4152 πα-

177 4195 456 4262 ραιγίαλοι,
521 4195 662 4249 ἀλλὰ
716 4193 810 4246 καὶ
865 4193 1178 4260 προϐλῆτας
1228 4191 1449 4252 αὐτοὺς,
1502 4191 1598 4243 καὶ
1646 4191 1744 4260 τὴν

1849 3460 2074 3514 molesta
2101 3459 2306 3515 celans.
2343 3461 2448 3515 Sed
2502 3469 2553 3515 in
2589 3463 2836 3518 saltando
2879 3465 3040 3532 quasi
3075 3479 3170 3534 per
3201 3467 3434 3520 choreas

1851 3552 2098 3605 suaviter
2129 3550 2278 3620 ripas
2303 3553 2530 3608 abluens
2563 3565 2617 3608 et
2660 3559 2862 3610 sensim
2895 3557 3028 3611 satis
3071 3555 3308 3610 fundatis
3338 3573 3434 3612 so-

1847 3642 1958 3696 lum
2010 3643 2331 3711 surripiens,
2371 3659 2477 3698 non
2505 3648 2676 3698 solum
2727 3648 2924 3702 domos
2953 3649 3150 3703 evertit
3186 3665 3358 3716 mare,
3388 3649 3433 3702 si

1849 3752 1968 3805 qua:
2025 3736 2092 3789 ad
2136 3736 2309 3806 ripam
2360 3747 2527 3801 stant,
2578 3741 2672 3794 sed
2709 3751 2763 3794 et
2807 3743 3118 3812 adjacentes
3175 3746 3431 3815 seopulos

1855 3829 2071 3882 snhedit
2099 3838 2150 3883 et
2178 3829 2380 3884 furtive
2407 3839 2669 3885 terrestre
2701 3833 3000 3901 periculum
3041 3837 3278 3892 molitur.
3309 3835 3433 3890 Pari

1858 3920 2069 3974 ratione
2098 3933 2149 3975 et
2195 3922 2304 3974 vita
2335 3937 2438 3990 qua
2475 3923 2694 3976 videtur
2739 3923 3020 3993 jucunda;
3074 3929 3166 3981 sed
3195 3929 3283 3981 ubi
3337 3944 3430 3982 se-

1857 4014 2092 4067 eundum
2148 4014 2473 4068 suavitatem
2527 4026 2751 4084 apparet
2805 4026 2858 4070 et
2907 4033 3067 4072 nemo
3098 4022 3434 4089 suspicatur,

1857 4102 2115 4155 oblectari
2159 4104 2314 4158 sinit.
2359 4106 2447 4157 dat
2476 4120 2606 4160 vero
2642 4105 2789 4159 llo-re.
2823 4104 2948 4160 Hice
2977 4123 3110 4178 ergo
3137 4109 3436 4178 discipulos

1854 4193 2010 4256 doce,
2036 4203 2089 4246 tit
2119 4194 2406 4262 ingruente
2437 4196 2579 4249 malo
2609 4211 2854 4249 maneant
2891 4199 3223 4255 inconcussi.

177 4286 362 4356 βλάϐην
407 4289 676 4350 ὑπούλως
707 4285 928 4352 ἐπάγει,
985 4285 1081 4338 καὶ
1152 4287 1210 4336 ἐν
1282 4282 1362 4353 τῷ
1415 4283 1667 4352 λεληθότι
1741 4288 1996 4354 χερσαῖον
2053 4287 2242 4338 τοῦτον
2314 4291 2566 4357 τεχνᾶται
2610 4288 2872 4342 κίνδυνον.
2925 4291 3080 4342 Κατὰ
3129 4292 3325 4343 ταυτὸν
3381 4291 3438 4345 δὲ

177 4384 256 4435 καὶ
283 4386 310 4437 ὁ
346 4384 489 4455 βίος,
522 4380 612 4446 οἷς
647 4383 795 4434 δοκεῖ
823 4381 970 4451 ἔχειν
1048 4380 1246 4448 ἰλαρῶς
1269 4395 1286 4412 ⁸

1367 4379 1505 4432 ἀλλὰ
1571 4377 1694 4431 καθ’
1755 4381 1988 4450 ἡσυχίαν
2039 4382 2190 4434 ἔστιν
2251 4375 2333 4444 ι’ὕ,
2405 4383 2500 4433 καὶ
2576 4382 2651 4443 ὡς
2734 4383 2835 4434 οὐκ
2906 4384 2970 4436 ἄν
3027 4401 3110 4443 τις
3173 4385 3435 4452 αἴσθοιτο,

175 4480 531 4544 προσπαίζειν
571 4477 675 4548 μὲν
703 4479 920 4546 ἀφίησι,
957 4474 1168 4528 κλαίειν
1203 4475 1258 4527 δὲ
1281 4473 1489 4528 δίδωσι.
1519 4474 1753 4526 Δίδασκε
1791 4475 1976 4527 τοίνυν
2006 4475 2130 4538 τοὺς
2164 4474 2489 4546 ὁμιλοῦντας
2532 4475 2851 4538 καὶταῦτα,
2885 4475 2971 4528 ἵνα
3003 4477 3139 4548 πρὸς
3207 4478 3275 4528 τὰ
3337 4493 3437 4528 πε-

177 4571 496 4635 ριπίπτοντα
543 4570 766 4642 μένοιεν
788 4569 1200 4624 άκατάσειστοι.

232 4659 322 4726 οβ’.
357 4662 627 4730 Περιέχει
670 4660 768 4711 καὶ
806 4660 1063 4724 στερεοὺς
1087 4659 1288 4721 τόπους
1317 4658 1378 4709 τὸ
1417 4657 1552 4710 πολὺ
1585 4657 1744 4710 τοῦτο
1779 4663 1821 4717 1)

176 4750 305 4822 χύμα
351 4752 451 4806 τοῦ
495 4752 679 4822 ὑγροῦ
715 4752 843 4811 τοὺς
879 4751 978 4820 μὲν
1009 4753 1302 4819 ἀοικήτους
1347 4753 1464 4817 (καὶ
1506 4752 1752 4803 ἔστωσαν

177 4844 311 4896 αὐτοὶ
331 4847 393 4897 σύ
403 4844 620 4911 μϐολον
657 4841 866 4912 ἀνδρῶν
892 4841 1238 4910 ἁκτημόνων,
1264 4842 1313 4894 οἳ
1345 4839 1631 4904 κλύζονται
1657 4841 1756 4910 μὲν

179 4937 273 4997 τοῖς
297 4936 391 4989 τοῦ
433 4936 560 5006 βίου
599 4933 844 5003 κύμασιν
892 4933 1172 4986 ἀκάθεκτα
1241 4934 1633 5004 βρασσομένοις
1663 4933 1758 4986 καὶ

181 5029 682 5096 προσαράσσουσιν,
715 5027 816 5077 οὐκ
848 5027 914 5077 ἂν
958 5024 1014 5076 δὲ
1061 5025 1484 5092 ύπενδώσουσιν,
1519 5027 1638 5080 οὐδὲ
1665 5023 1758 5077 τοῦ

180 5115 409 5183 ἐμπέδως
448 5120 688 5172 ἑστάναι
725 5115 1277 5187 μεταλλαγήσονται),
1311 5118 1436 5180 τοὺς
1462 5119 1517 5170 δὲ
1556 5119 1650 5170 καὶ
1674 5119 1754 5170 οἰ-

179 5211 484 5274 κουμένσυς.
533 5210 655 5262 Καὶ
703 5205 1255 5276 συμϐολογραφσῦσιν
1297 5198 1444 5260 οὗτοι
1505 5212 1634 5272 τσὺς
1695 5213 1754 5264 ἐν

183 5297 267 5370 βίῳ
298 5303 394 5370 μὲν
436 5301 847 5368 πολυκτήμονι,
877 5297 1044 5365 μηδὲν
1075 5297 1131 5349 δὲ
1170 5297 1476 5367 πάσχοντας
1507 5300 1753 5368 ἀγεννὲς,

183 5393 321 5463 οἷπερ
347 5396 515 5448 αὐτὸν
554 5393 664 5462 μὲν
706 5391 1006 5462 περιορῶσι
1040 5389 1300 5457 βυσσόθεν
1331 5394 1748 5461 ταραττόμενον,

184 5483 262 5533 καὶ
286 5485 674 5553 ἀγριαίνοντα,
707 5486 801 5536 καὶ
839 5481 1028 5553 μακρὰ
1073 5481 1278 5551 βοῶντα
1303 5497 1318 5512 ο
1363 5483 1518 5536 αὐτοὶ
1553 5485 1610 5538 δέ
1647 5487 1754 5538 εἰσι

181 5574 263 5624 τοῦ
290 5579 405 5629 κατ’
428 5577 733 5646 ἄνθρωπον
782 5577 881 5643 ζῇν
913 5572 1176 5642 ἀρχικῶς,
1205 5573 1266 5625 ού
1303 5591 1374 5625 πα
1388 5577 1754 5644 ρασαλευύμε-

186 5677 254 5711 ’.οι
276 5666 368 5734 τῆς
396 5667 576 5736 ὀρθῆς
614 5663 848 5733 βάσεως.
871 5662 1042 5729 Ὑπὲρ
1074 5660 1184 5713 τῶν
1217 5661 1478 5714 τοιούτων
1512 5665 1756 5735 στερρῶν

189 5752 344 5807 tinum
371 5758 541 5822 εὐχὰς
584 5755 808 5824 μακρὰς
859 5753 1106 5806 ἀνάτεινε
1145 5753 1282 5821 πρὸς
1314 5754 1470 5824 Θεὸν,
1502 5754 1756 5826 βεὸαἰους

1924 4658 2022 4710 72!.
2065 4656 2383 4713 Circumdat
2421 4657 2579 4711 unde:
2615 4659 2867 4725 copiosus
2904 4657 3100 4710 ﬂuetus
3133 4659 3314 4711 ﬁrmas
3357 4672 3440 4710 re-

1854 4754 2044 4820 giones
2095 4761 2205 4802 tum
2238 4751 2485 4802 desertas
2521 4749 2651 4818 (sint
2702 4749 2818 4803 ista:
2849 4749 3148 4820 symbolum
3196 4751 3437 4803 virorum

1851 4843 1942 4912 qui
1976 4841 2109 4896 nihil
2146 4841 2450 4910 possident,
2485 4844 2575 4910 qui
2615 4857 2643 4893 ιι
2679 4843 2804 4896 vita:
2834 4840 3089 4895 ﬂuctibus
3118 4856 3256 4910 quos
3295 4841 3441 4894 inni-

1853 4936 1984 4988 bere
2033 4933 2188 4986 nefas
2226 4942 2330 4995 est,
2367 4934 2730 4986 arsmantibus
2781 4942 2834 4986 et
2879 4933 3330 4988 concutientibus
3359 4933 3440 4986 al-

1855 5025 2116 5088 luuntur;
2151 5038 2250 5077 nec
2274 5039 2404 5076 vero
2452 5023 2673 5083 cedent.
2716 5038 2817 5077 nec
2861 5039 2890 5077 a
2944 5025 3251 5079 constantia
3289 5040 3443 5079 rece-

1863 5116 2038 5184 dent),
2077 5124 2188 5169 tum
2216 5114 2510 5168 habitatas.
2548 5114 2868 5182 Signiﬁcant
2907 5115 3026 5169 istae
3070 5113 3319 5169 homines
3358 5117 3438 5168 lo-

1864 5208 2132 5276 cupletes,
2169 5205 2299 5258 nihil
2338 5205 2518 5258 dirum
2566 5206 2858 5272 patientes,
2891 5207 2982 5275 qui
3031 5207 3279 5262 funditus
3319 5211 3440 5274 agi-

1862 5309 2055 5361 tatam,
2087 5305 2404 5351 restitantem
2437 5308 2490 5350 et
2521 5297 2916 5350 tmnultuanten
2951 5298 3098 5352 circa
3126 5314 3185 5353 se
3219 5299 3439 5366 vident;

1863 5392 2102 5461 ipsorum
2155 5404 2282 5444 vero
2313 5397 2418 5447 est.
2457 5389 2766 5457 principum
2801 5405 2954 5444 more
3007 5391 3146 5445 inter
3190 5391 3443 5445 homines

1864 5486 2064 5548 vivere,
2092 5495 2143 5537 et
2175 5498 2203 5536 a
2239 5493 2384 5535 recta
2415 5481 2499 5534 via
2535 5471 2640 5533 non
2687 5481 2986 5536 deturbari.
3030 5481 3134 5536 Pro
3161 5482 3247 5536 his
3271 5484 3446 5536 lirmis

1863 5577 1996 5632 locis
2033 5590 2223 5644 preces
2252 5575 2316 5627 ad
2351 5573 2518 5626 Deum
2545 5572 2708 5625 tunde
2739 5583 2796 5627 ut
2819 5583 3132 5629 constantes
3159 5583 3435 5640 maneant,

1865 5685 2030 5738 super
2087 5675 2294 5736 petram
2343 5664 2554 5718 fundati
2602 5662 2735 5728 sint,
2787 5681 2890 5720 nec
2920 5681 3160 5734 unquam
3210 5679 3240 5717 α
3287 5665 3448 5726 ,bono

1860 5769 2001 5814 sxatu
2039 5765 2380 5812 moveantur.
2411 5753 2802 5838 Cmteris’vero
2823 5755 3205 5812 documentum
3240 5748 3450 5822 prome,
