4048 6414
579 314 692 379 259

1256 306 1681 369 EUSTATIIII
1725 302 2484 365 THESSALONICENSIS
2520 303 3083 365 METROPOLITJE
3719 307 3812 370 2‘60

584 428 985 497 persuasivum,
1046 438 1169 477 esse
1208 423 1260 476 iu
1304 423 1408 476 vita
1461 421 1726 490 quosdam
1759 437 1788 473 a
1822 421 1955 473 mari
2010 420 2154 472 circa

2269 419 2467 488 μένειν,
2503 419 2598 471 καὶ
2635 417 3052 488 καθεστηκότως
3087 417 3387 487 ήδρᾶσθαι,
3420 418 3629 487 καὶτῆς
3657 422 3812 489 καλῆς

584 520 735 589 ipsos
754 527 1017 575 aestuante
1035 516 1268 578 ablutos,
1288 523 1429 567 tutos
1450 528 1574 566 vero
1596 523 1650 566 et
1671 520 2003 565 constantes.
2024 510 2159 565 Ecce

585 612 730 666 enim
760 621 957 664 terram
976 608 1223 674 quatiens
1244 620 1391 658 «nare
1417 604 1613 658 multas
1638 604 1855 658 inclusit
1884 604 2153 673 regiones,

589 711 696 751 non
732 698 1062 751 eradicatas.

2268 510 2344 580 μὴ
2373 510 2796 579 παρακινείσθαι
2827 510 3093 571 στάσεως.
3134 508 3482 578 Κατάπεμπε
3515 509 3565 562 δὲ
3594 512 3681 562 καὶ
3705 514 3808 562 τοῖς

2265 602 2656 669 ἐντυγχάνουσι
2682 600 3056 664 διδασκαλίαν,
3082 600 3159 663 ὠς
3199 601 3257 653 οὐ
3294 603 3430 654 πάνυ
3470 600 3735 666 δύσκολον,
3756 605 3806 653 ἐν

2268 693 2367 763 βίῳ
2395 695 2493 763 μὲν
2527 690 2665 746 εἶναι
2690 696 2841 756 τινὰς
2871 695 2964 745 καὶ
2998 695 3064 762 τῇ
3093 691 3212 745 κατ’
3237 691 3399 744 αὑτὸν
3427 692 3662 763 θαλάσσῃ
3687 692 3806 744 κλύ-

580 793 796 856 ζεσθαι,
821 789 1077 858 ἀσφαλῶς
1106 789 1161 841 δὲ
1179 789 1323 858 ἔχειν
1349 791 1441 842 καλ
1461 788 1750 857 φυλάττειν
1777 790 1838 841 τὸ
1866 788 2153 856 στατιμον.
2208 789 2337 841 Ἰἰοὺ
2369 791 2480 859 γὰρ
2523 794 2617 843 καὶ
2669 792 2700 860 ἡ
2748 789 3041 858 ἐνοσίχθων
3108 785 3248 857 αὕτη
3321 789 3561 843 θάλασσα
3602 789 3810 852 πολλοὺς

584 888 914 957 ὲναπείληφε
962 888 1184 950 τόπους,
1235 886 1327 949 οὓς
1354 886 1453 937 οὐκ
1474 884 1539 937 ἂν
1584 883 1860 952 διατινάξῃ
1897 879 2358 950 ἁναμοχλεύουσα.

657 982 744 1035 75.
791 981 884 1036 Hic
915 982 1209 1050 palii-ntem
1248 980 1349 1035 Job
1375 980 1596 1044 exhibe,
1620 990 1673 1032 et
1695 987 1959 1048 quotquot
1991 978 2163 1046 ipsius

586 1072 760 1127 instar
779 1072 1044 1143 (sexcenti
1068 1072 1214 1142 sunt)
1236 1074 1287 1125 in
1316 1072 1540 1125 istarum
1566 1071 1935 1125 testimonium
1961 1084 2162 1123 rerum.

583 1165 782 1219 Coram
843 1163 1014 1220 oculis
1065 1163 1172 1218 tuis
1205 1163 1387 1233 jacent
1415 1172 1469 1218 et
1508 1161 1721 1216 diverse
1768 1162 2064 1230 piscantes,
2110 1170 2165 1214 et

586 1256 682 1309 tibi
734 1253 857 1309 inde
903 1255 1201 1309 similitudo
1250 1255 1597 1317 assumenda,
1655 1255 1778 1308 inde
1812 1256 1879 1307 ab
1914 1253 2027 1307 alto
2063 1252 2163 1307 do-

579 1348 831 1402 cumenti
865 1346 973 1401 vim
1006 1347 1258 1401 emittere
1283 1359 1333 1400 ct
1362 1347 1657 1416 apostolice
1690 1345 1934 1400 homines
1966 1345 2162 1415 piscari

586 1449 639 1490 et
671 1452 702 1492 e
730 1437 854 1493 vita:
878 1437 1152 1507 salsugine
1180 1438 1410 1506 optimos
1438 1438 1721 1491 extrahere
1757 1437 1934 1505 pisces
1968 1450 2166 1504 eosque

596 1530 688 1597 qui
716 1528 1088 1599 evangelicum
1130 1539 1383 1584 staterem
1411 1540 1606 1599 gerunt
1634 1529 1699 1582 ad
1731 1528 2047 1582 solvendum
2075 1527 2157 1581 di-

593 1620 878 1684 drachma,
911 1629 965 1675 et
994 1636 1128 1689 quos
1152 1620 1377 1676 dixerim
1423 1621 1755 1691 pinguiores,
1785 1620 1874 1691 qui
1904 1622 2025 1675 vita:
2048 1622 2165 1689 pin-

580 1709 821 1778 guediue
852 1709 1109 1765 fruuntur
1150 1720 1205 1765 et
1247 1721 1402 1780 aptos
1452 1712 1543 1782 qui
1592 1712 1707 1767 sale
1734 1721 2085 1767 asserventur
2110 1719 2164 1765 et

2331 974 2430 1045 ογ’.
2470 978 2715 1047 Πρόφερε
2751 977 2844 1030 καὶ
2883 977 2975 1030 τόν
3024 976 3354 1048 καρτερικὸν
3410 976 3531 1030 Ἰὼϐ
3572 965 3809 1032 ἐνταῦθα.

2264 1067 2357 1120 καὶ
2391 1068 2518 1131 τοὺς
2553 1069 2669 1121 ὅσοι
2705 1069 2829 1121 κατ’
2866 1062 3029 1122 αὐτὸν
3075 1067 3285 1138 (μυρίοι
3336 1069 3393 1121 δὲ
3434 1069 3645 1138 ἐκεῖνοι)
3690 1073 3811 1139 πρῖις

2268 1160 2430 1227 λόγου
2479 1160 2800 1230 μαρτύριον.
2848 1160 3172 1230 Πρόκεινταί
3210 1176 3292 1212 σοι
3327 1160 3426 1229 τῆς
3459 1160 3630 1228 ὅψεως
3661 1162 3742 1212 καὶ
3770 1163 3813 1212 οἱ

2263 1252 2617 1319 πολυτρόπως
2649 1250 2976 1315 ἁλιεύοντες,
3001 1248 3149 1302 ἐστιν
3173 1243 3234 1302 οὗ
3266 1249 3357 1302 καὶ
3389 1251 3472 1301 σοὶ
3496 1250 3614 1302 καθ’
3637 1251 3806 1317 ὁμοιό-

2264 1358 2427 1411 τητα,
2456 1342 2706 1395 ἐντεῦθεν
2736 1341 2831 1409 ἀφ’
2863 1341 3034 1408 ὕψους
3063 1342 3310 1396 καθιέναι
3337 1342 3436 1412 τὴν
3457 1342 3554 1409 τῆς
3572 1342 3813 1394 διδασκα-

2267 1435 2388 1496 λίας
2418 1435 2639 1503 ὁρμιὰν,
2667 1435 2762 1487 καὶ
2799 1434 3040 1488 ἁλιεύειν
3073 1434 3400 1504 ἀνθρώπους
3435 1434 3812 1495 ἅποστολικῶς,

2269 1527 2364 1581 καὶ
2389 1527 2644 1595 ἁνασπᾷν
2682 1528 2746 1579 ἐκ
2784 1525 2888 1594 τῆς
2933 1524 3081 1579 κατὰ
3139 1525 3252 1596 βίον
3283 1523 3609 1595 ἁλυκότητος
3642 1524 3816 1593 ἰχθύας

2265 1618 2574 1687 νοστίμους,
2609 1620 2705 1672 καὶ
2748 1618 2876 1681 τοὺς
2924 1617 3016 1670 τὸν
3064 1617 3419 1685 εὐαγγελικδν
3457 1618 3553 1687 μὲν
3589 1616 3818 1683 σταθῆρα

2269 1709 2534 1781 φέροντας
2559 1710 2639 1772 είς
2667 1708 2925 1775 διάδοσιν,
2960 1708 3053 1761 καὶ
3080 1708 3154 1771 ὡς
3183 1710 3361 1763 εἰπεῖν
3391 1707 3811 1776 εὐλιπεστέρους,

591 1800 685 1866 qui
720 1816 909 1857 carnes
953 1802 1272 1857 calefaciant
1302 1813 1485 1873 utpote
1535 1805 1624 1874 qui
1657 1804 1839 1858 carnis
1877 1805 2158 1858 humorem

2269 1775 2353 1864 όϊξ
2394 1799 2627 1869 πιότητα
2674 1798 2791 1869 βίου
2845 1800 3207 1869 περίκεινται,
3241 1801 3337 1852 καὶ
3381 1801 3509 1863 τοὺς
3552 1802 3631 1859 είς
3670 1775 3815 1865 ταρι-

588 1893 1007 1960 temperantiam
1037 1905 1091 1949 et
1120 1895 1544 1949 exsiccationem
1575 1904 1893 1964 provocant.

661 2149 750 2204 74.
790 2150 993 2206 Fremit
1039 2170 1206 2220 mare,
1254 2172 1415 2223 super
1458 2155 1634 2210 vicina
1677 2159 1853 2220 saltat,
1893 2157 1943 2211 in
1979 2158 2163 2213 termi-

592 2257 718 2294 num
753 2243 866 2316 vult
912 2243 1222 2309 incurrere;
1256 2261 1287 2300 a
1318 2246 1495 2300 furore
1527 2246 1572 2301 si
1608 2248 1922 2316 reprimitur
1964 2248 2159 2302 iterum

590 2331 645 2385 in
676 2314 912 2402 seipsum
951 2338 1340 2399 retrogreditur
1367 2346 1424 2391 et
1456 2338 1592 2391 ultra
1625 2349 1860 2393 statutos
1898 2342 2163 2396 terminos

591 2424 1095 2493 transgrediendum
1148 2442 1253 2481 non
1305 2442 1424 2483 esse
1464 2429 1649 2484 discit.
1705 2430 1819 2486 Hoc
1852 2430 2162 2487 documenti

588 2524 852 2580 punctum
883 2517 1058 2584 pande
1084 2526 1270 2571 contra
1299 2534 1394 2574 cos
1424 2520 1514 2589 qui
1547 2521 1848 2577 vicinorum
1882 2523 2021 2578 bona
2044 2538 2164 2578 sur-

591 2602 766 2671 ripere
816 2604 1037 2669 volunt,
1092 2616 1146 2660 et
1199 2611 1463 2665 terminos
1509 2610 1810 2668 inscribere
1855 2621 1909 2669 et
1966 2614 2164 2671 ulceris

592 2707 744 2746 more
775 2692 1004 2749 famisve
1056 2695 1379 2752 insatiabilis
1415 2700 1589 2756 aliena
1625 2699 1903 2760 affectare.
1935 2705 2164 2776 Salsugo

590 2782 809 2849 quidem
842 2800 1011 2851 mare,
1042 2787 1183 2841 unde
1212 2790 1456 2843 ascendit
1489 2801 1648 2859 potus
1687 2792 1992 2851 abundans.
2028 2794 2164 2850 Mul-

594 2882 677 2927 tos
701 2874 835 2929 doce
857 2879 1125 2945 quomodo
1148 2891 1370 2947 possunt
1398 2895 1591 2936 omnes
1622 2884 1867 2939 homines
1895 2885 2020 2941 boni
2045 2902 2164 2944 esse

588 2971 645 3017 et
681 2966 879 3019 amoeni
925 2967 1041 3023 ﬁeri
1076 2969 1447 3041 potabilesqne
1483 2973 1535 3025 in
1572 2973 1763 3029 usibus
1804 2975 1948 3040 vitae,
1980 2988 2034 3033 et
2066 2979 2164 3033 ite-

588 3069 712 3108 rum
760 3057 1035 3113 subamari
1087 3067 1142 3115 et
1185 3062 1611 3119 inaccessibiles.
1662 3063 1814 3122 Tunc
1866 3083 1996 3124 vero
2053 3086 2165 3125 me-

589 3147 817 3203 mineris
846 3152 1116 3219 quomodo
1143 3168 1308 3222 rapax
1351 3154 1435 3209 leo
1471 3165 1524 3211 et
1551 3158 1769 3227 rugiens
1798 3159 2041 3220 dicatur:
2070 3164 2162 3219 scd

2265 1891 2423 1959 κείαν
2451 1889 2508 1943 δὲ
2546 1889 2782 1959 μάλιστα
2825 1888 3078 1952 εὐθέτους
3124 1904 3220 1943 και
3257 1891 3478 1959 σαρκῶν
3523 1889 3813 1951 στάθευσιν,

2266 1979 2355 2034 διὰ
2378 1979 2437 2033 τδ
2455 1979 2877 2051 ὲγκρατευτικὸν
2899 1980 2995 2033 καὶ
3012 1978 3339 2051 ξηραντικὸν
3362 1981 3462 2044 τῆς
3491 1981 3628 2035 κατὰ
3653 1979 3815 2048 σάρκα

2268 2073 2587 2144 ὑγρότητος.

2336 2168 2424 2221 οδ¹.
2472 2166 2725 2237 Ὠρύεται
2756 2167 2788 2236 ἡ
2816 2165 3083 2227 θάλασσα,
3126 2164 3220 2216 καὶ
3255 2164 3478 2232 ἐμπηδᾷ
3505 2165 3569 2233 τῇ
3597 2161 3814 2228 γείτονι·

2267 2261 2361 2312 καὶ¹
2395 2259 2757 2329 κατατρέχειν
2798 2260 2896 2328 μὲν
2930 2258 3099 2329 αὐτὴν
3130 2258 3209 2321 είς
3241 2259 3396 2320 τέλος
3429 2256 3694 2326 βούλεται,
3717 2253 3818 2320 sip‘

2267 2367 2423 2417 γεται
2462 2351 2518 2403 δὲ
2555 2351 2650 2419 τῆς
2700 2350 2921 2420 μανίας,
2965 2350 3060 2402 καὶ
3113 2349 3408 2416 στρέφεται
3464 2346 3583 2401 καθ’
3635 2343 3817 2411 ἑαυτῆς

2272 2440 2665 2511 παλίντροπος,
2701 2441 2799 2494 καὶ
2852 2439 3118 2510 μανθάνει
3151 2439 3225 2509 μὴ
3256 2439 3325 2493 τὰ
3352 2437 3638 2507 τεθειμένα
3666 2436 3820 2503 ὑπερ·

2270 2532 2477 2586 ϐαίνειν
2505 2533 2655 2601 ὅρια.
2707 2533 2884 2586 Τόπον
2934 2532 3127 2587 τοῦτον
3176 2531 3529 2593 διδασκαλίας
3573 2530 3658 2600 ἔχε
3689 2526 3816 2581 xm

2266 2623 2378 2678 τῶν
2408 2625 2671 2679 θελόντων
2706 2624 3058 2679 ὑποσπᾶσθαι
3104 2624 3173 2678 τὰ
3210 2625 3321 2678 τῶν
3373 2623 3566 2686 πέλας,
3596 2624 3685 2675 καὶ
3712 2622 3821 2685 όρο-

2268 2715 2516 2783 γλυφεῖν,
2547 2719 2640 2769 καὶ
2692 2717 2836 2769 κατὰ
2882 2733 3003 2769 τινα
3052 2715 3270 2785 ἓρπητα
3312 2714 3349 2784 ἢ
3377 2715 3472 2768 καὶ
3512 2712 3818 2782 φαγέδαιναν
3890 2760 3897 2773 ,

2269 2806 2624 2875 ἐπινέμεσθαι
2652 2805 2712 2858 τὸ
2739 2806 3039 2875 ἀλλότριον.
3095 2804 3349 2874 ’Δλμυρὰ
3379 2806 3479 2875 μὲν
3506 2806 3541 2875 ἡ
3570 2801 3818 2861 θάλασσα,

2270 2896 2331 2961 ἐξ
2355 2898 2529 2966 αὐτῆς
2571 2895 2629 2948 δὲ
2662 2894 2926 2961 ἀνάγεται
2954 2896 3015 2948 τὸ
3046 2895 3278 2964 πότιμον
3306 2894 3563 2949 ἄπλετον.
3597 2891 3817 2945 Παίδευε

2267 2988 2394 3047 τοὺς
2450 2984 2699 3049 πολλοὺς,
2744 2984 2820 3046 ὡς
2874 2983 3129 3038 δύνανται
3186 2985 3282 3037 καὶ
3321 2984 3522 3047 πάντες
3565 2982 3821 3049 ἅνθρωποι

2269 3074 2466 3143 ἀγαθοί
2495 3093 2554 3129 τε
2588 3070 2751 3142 εἶναι,
2789 3075 2886 3129 καὶ
2933 3076 3158 3143 γλυκεῖς
3192 3077 3461 3146 ἐντυχεῖν,
3497 3074 3589 3127 καλ⁵
3619 3072 3823 3139 πότιμον.

2270 3167 2339 3220 τὰ
2367 3168 2448 3229 είς
2477 3166 2735 3231 διάδοσιν,
2767 3167 2859 3219 καὶ
2886 3161 3044 3229 αὖθις
3086 3166 3384 3234 ὑπόπικροι
3411 3168 3504 3220 καὶ¹
3534 3162 3820 3235 ἀπρόσιτοι.

588 3241 837 3296 novimus
888 3242 1054 3297 ‘etiam
1111 3247 1379 3315 quomodo
1411 3247 1535 3301 olim
1579 3263 1644 3303 ex
1691 3250 2011 3309 devoratore
2064 3257 2165 3310 mel

2283 3258 2552 3312 Ἐνταῦοα
2592 3256 2649 3309 δὲ
2680 3258 3087 3327 ἀναμίμνησκε,
3130 3258 3224 3308 καὶ
3265 3257 3345 3322 ὼς
3382 3257 3638 3327 ἁρπάζων
3681 3252 3772 3323 μὲν
3798 3251 3825 3303 ό

589 3330 740 3385 exiit.
780 3333 844 3387 Et
874 3333 1077 3390 Graeca:
1119 3336 1401 3406 sapientiae
1430 3354 1713 3395 sermones
1759 3341 1811 3395 hi
1844 3344 2062 3412 quidem
2109 3346 2165 3401 in

590 3422 828 3487 ruinam,
880 3425 934 3478 iu
984 3428 1209 3481 alteram
1248 3438 1460 3496 partem
1502 3430 1580 3483 illi
1620 3432 1820 3487 multos
1847 3436 2162 3491 ducebant:

589 3521 647 3566 et
677 3514 929 3569 universe
959 3517 1271 3583 dicendum,
1301 3521 1379 3574 sic
1418 3532 1473 3576 et
1521 3524 1599 3577 sic
1626 3525 1922 3579 secundum
1951 3528 2169 3597 opposi-

588 3612 702 3659 tam
735 3604 1134 3663 ordinationem
1168 3611 1350 3681 quivis
1376 3613 1536 3668 homo
1565 3624 1764 3686 potest.

666 3877 761 3933 75.
802 3879 1102 3937 Considera
1151 3886 1279 3940 mihi
1318 3888 1484 3943 maris
1525 3903 1792 3959 spumas:
1840 3893 1975 3948 nihil
2017 3904 2164 3961 sunt,

595 3970 697 4026 nisi
724 3970 948 4028 forsitan
980 3974 1196 4033 subtilis
1228 3980 1510 4048 cujusdam
1543 3983 1769 4050 spiritus
1803 3989 2169 4055 repercussio,

595 4076 716 4128 qua:
764 4063 1102 4131 perlucidum
1160 4068 1305 4137 quod
1364 4081 1591 4140 apparet
1652 4074 1720 4128 ad
1762 4076 1948 4131 album
1996 4078 2169 4134 addu-

592 4146 712 4215 cit;
744 4148 850 4205 hoe
887 4155 1235 4209 accommoda
1277 4158 1343 4211 ad
1380 4174 1559 4214 mmas
1595 4160 1651 4215 in
1689 4163 1799 4216 vita
1833 4179 2023 4219 eorum
2074 4168 2167 4235 qui

597 4245 666 4297 ad
717 4245 917 4300 bonum
958 4247 1089 4302 nihil
1146 4253 1530 4317 contribuunt;
1585 4264 1639 4308 et
1672 4255 1805 4310 doce
1865 4257 1998 4311 nihil
2047 4273 2170 4314 esse

595 4333 737 4401 illas,
755 4337 848 4391 sed
876 4336 1102 4393 forsitan
1126 4341 1374 4409 spiritum
1405 4341 1457 4395 in
1480 4345 1754 4399 excelsum
1783 4362 1846 4400 ex
1868 4347 2170 4403 suiilatione

596 4427 976 4495 prodeuntem,
1029 4446 1134 4486 non
1173 4432 1463 4488 habentem
1499 4435 1639 4490 unde
1669 4448 1990 4492 moveantur
2038 4454 2169 4493 con-

591 4524 803 4573 stantes
834 4529 887 4575 et
923 4536 953 4575 a
988 4521 1242 4578 ﬁrmitate
1270 4524 1347 4578 vel
1378 4539 1406 4578 a
1438 4526 1717 4594 proposito
1745 4527 2022 4584 decidant.

2266 3346 2407 3402 λέων
2435 3351 2530 3402 καὶ
2552 3348 2866 3419 ὠρυόμενος
2889 3347 3107 3418 εῐρηται
3123 3366 3136 3381 ·
3165 3348 3281 3400 ἀλλ’
3312 3350 3537 3418 οἴδαμεν
3560 3347 3668 3409 καὶ,
3690 3345 3823 3402 ὅπως

2268 3439 2458 3507 ἐξῆλθέ
2493 3456 2625 3493 ποτε
2661 3440 2784 3509 μέλι
2817 3439 2876 3503 ἐξ
2924 3438 3191 3501 ἐσθοντος.
3240 3440 3355 3491 Καὶ
3386 3439 3535 3506 λόγοι
3561 3437 3615 3489 δὲ
3648 3433 3823 3502 σοφίας

2278 3530 2625 3600 Ἑλληνικῆς,
2663 3531 2713 3582 οἱ
2761 3530 2862 3600 μὲν
2895 3529 2993 3600 τὴν
3039 3530 3121 3592 είς
3156 3528 3407 3599 ὄλεθρον,
3444 3530 3493 3583 οἱ
3520 3529 3574 3582 δὲ
3606 3527 3701 3596 τὴν
3738 3526 3821 3576 ἐπὶ

2269 3622 2472 3690 θάτερα
2505 3622 2733 3681 πολλοὺς
2768 3621 2977 3689 ἧγαγον
3007 3636 3023 3652 ⁸
3060 3620 3151 3672 καὶ
3197 3620 3335 3681 ὅλως
3356 3622 3570 3682 εἰπεῖν,
3597 3619 3670 3680 ὡς
3694 3615 3823 3668 οὕτω

2269 3717 2366 3768 καὶ
2395 3713 2540 3766 οὕτω
2587 3713 2733 3767 κατὰ
2781 3711 3036 3765 ἐναντίαν
3068 3712 3311 3765 διάθεσιν
3364 3712 3508 3773 ἅπας
3561 3710 3825 3781 ἄνθρωπος

2266 3808 2514 3861 δύναται.

2339 3894 2434 3950 οε’.
2470 3896 2811 3951 Διασκέπτου
2847 3895 2941 3948 καὶ
2974 3895 3098 3957 τοὺς
3131 3892 3454 3957 θαλαττίους
3487 3891 3706 3962 ἀφροὺς,
3737 3904 3829 3957 μη-

2268 3988 2355 4040 δὲν
2380 3988 2560 4050 ὖντας,
2595 3985 2768 4054 ἀλλ’ἢ
2817 3984 3016 4038 λεπτοῦ
3048 4001 3193 4046 τινος
3237 3985 3549 4054 πνεύματος
3578 3980 3829 4045 ὲναπόλη-

2267 4080 2380 4150 ψιν,
2416 4079 2660 4146 ἄγουσαν
2689 4077 2750 4130 τὸ
2775 4076 3203 4145 ἐπιφαινόμενον
3225 4074 3484 4144 διαφανὲς
3515 4075 3592 4136 είς
3615 4073 3674 4125 τὸ
3694 4074 3830 4137 ἐνερ-

2267 4172 2394 4240 γείᾳ
2427 4169 2621 4222 λευκόν
2649 4184 2665 4200 ⁸
2697 4167 2790 4221 καὶ
2817 4166 3128 4236 συμὸίϐαζε
3160 4166 3335 4218 ταῦτα
3373 4169 3509 4237 πρὸς
3538 4166 3634 4227 τὰς
3659 4165 3712 4216 ὲν
3740 4162 3827 4229 βίῳ

2268 4261 2497 4332 ἀπειλὰς
2533 4260 2642 4313 τῶν
2690 4260 2791 4311 οὐκ
2837 4260 2918 4318 εἰς
2966 4257 3173 4324 ἀγαθὸν
3202 4257 3554 4327 δυναμένων·
3585 4256 3675 4309 καὶ
3702 4253 3831 4307 δίδα-

2270 4370 2389 4414 σκε,
2425 4353 2595 4421 μηδὲν
2628 4351 2798 4412 αὑτὰς
2832 4349 2946 4402 ἀλλ’
2996 4349 3027 4420 ἢ
3082 4348 3301 4418 πνεῦμα
3333 4349 3663 4413 ἐπιπολάζον
3703 4340 3829 4397 εἶναι

2269 4442 2703 4511 φυσίγναθον,ὠς
2729 4438 2804 4510 μὴ
2821 4439 2965 4508 ἔχειν
2991 4440 3316 4509 παρακινεῖν
3335 4441 3461 4502 τοὺς
3480 4456 3565 4491 στε
3575 4434 3829 4509 ρεμνίους,

2270 4537 2480 4601 καὶτῆς
2511 4534 2729 4603 βεϐαίας
2765 4533 3001 4598 ἁπάγειν
3038 4531 3278 4594 στάσεως
3314 4531 3348 4598 ἢ
3399 4533 3494 4584 καὶ
3523 4529 3831 4596 ὲνστάσεως,

667 4618 755 4671 76.
777 4614 950 4671 Habet
967 4617 1125 4669 etiam
1143 4615 1347 4684 piratas
1367 4618 1620 4673 sensibile
1642 4634 1807 4685 mare,
1832 4622 1996 4677 multo
2015 4623 2165 4690 plura

2344 4634 2451 4690 mg".
2484 4627 2638 4695 Ἔχει
2662 4625 2757 4678 καὶ
2778 4623 3039 4693 πειρατὰς
3066 4624 3097 4692 ἡ
3134 4622 3258 4675 κατ’
3289 4623 3543 4692 αἴσθησιν
3581 4620 3829 4674 θάλασσαν

594 4713 655 4759 et
680 4705 802 4759 vitae
833 4706 1129 4773 piratarum
1159 4706 1420 4773 pericula.
1453 4705 1637 4776 itaque
1663 4708 1857 4765 ﬁliolos
1878 4712 2174 4765 secundum

2279 4715 2456 4785 πολλῷ
2487 4715 2541 4766 δὲ
2570 4714 2741 4783 πλείῳ
2788 4712 2858 4767 τὰ
2903 4712 3132 4782 βιωτικὰ
3187 4712 3544 4780 πειρατήρια.
3589 4703 3829 4775 Ῥύθμιζε

596 4798 848 4868 spiritum
895 4806 1016 4853 tuos
1059 4812 1205 4869 rege,
1270 4807 1364 4851 aut
1412 4800 1550 4869 [πεπυ
1584 4800 1725 4852 viam
1771 4814 2038 4870 monstra,
2077 4815 2165 4859 aut

2273 4809 2455 4860 τοίνυν
2494 4807 2621 4868 τοὺς
2676 4805 2817 4859 κατὰ
2854 4804 3077 4872 πνεῦμά
3117 4818 3199 4854 σοι
3256 4801 3535 4870 παῖδας,ἦ
3573 4788 3831 4865 διαδιδρά-

599 4889 758 4945 aliter
792 4889 903 4956 jam
949 4890 1126 4956 lapsos
1157 4892 1368 4946 solvere
1404 4893 1756 4947 novissimum
1787 4896 2169 4964 quadrantem,

598 4989 656 5035 et
685 4983 764 5036 sic
798 4991 951 5035 cura
980 4991 1274 5050 piratarum
1303 4983 1615 5039 molitioncs
1649 5000 1868 5041 manete
1898 4990 2169 5056 vitantque

596 5073 794 5143 degere
829 5074 1115 5141 placidam.

673 5254 759 5307 77.
789 5255 900 5309 Alit
938 5256 1190 5310 animalia
1239 5273 1387 5312 mare
1418 5259 1558 5328 quod
1602 5260 1845 5315 videmus
1880 5275 2023 5314 muta
2050 5264 2171 5330 qui-

598 5345 749 5407 dem,
781 5345 1057 5401 esculenta
1090 5362 1246 5402 vero:
1277 5364 1507 5417 quorum
1542 5351 1642 5404 alia
1693 5352 1931 5405 viriliora
1986 5363 2167 5405 creata

602 5448 731 5494 sunt
769 5449 823 5494 et
846 5440 1158 5508 audaciora,
1188 5458 1416 5511 quorum
1447 5444 1655 5498 insidiis
1692 5444 1819 5498 alia‘
1859 5443 2166 5507 subiacent.

603 5530 779 5588 Habet
799 5542 852 5587 et
882 5532 990 5588 vita
1022 5550 1107 5590 me
1134 5544 1401 5606 raptorem
1431 5546 1483 5591 et
1507 5551 1780 5601 voraeem,
1831 5537 1925 5590 sed
1955 5544 2009 5591 et
2061 5552 2174 5588 nm-

605 5630 743 5691 t'itn,
792 5625 924 5680 nihil
973 5627 1173 5695 justum
1231 5627 1416 5682 dicere
1465 5628 1772 5695 habentem,
1820 5629 2171 5698 impossibilia

609 5715 941 5784 mul’entcm,
964 5729 1013 5775 et
1033 5721 1122 5789 qui
1144 5722 1195 5776 in
1226 5721 1397 5776 ruina:
1424 5730 1667 5777 ventrem
1699 5722 1981 5779 cadentem
2010 5722 2177 5776 trahit

2273 4915 2427 4953 σκειν
2463 4898 2603 4951 αὐτὰ
2632 4898 2809 4961 διδοὺς
2839 4896 2937 4950 καὶ
2976 4893 3255 4964 μεθόδους,
3290 4893 3323 4962 ἢ
3356 4893 3472 4945 ἀλλ’
3511 4888 3831 4959 ἐμπεσόντας

2270 4993 2616 5047 ἀποτιννὺειν
2668 4993 2761 5045 καὶ
2788 4990 2877 5044 τὸν
2910 4989 3137 5058 ἔσχατον
3183 4987 3511 5055 κοδράντην,
3552 4984 3646 5038 καὶ
3698 4977 3833 5032 οὕτω

2278 5086 2461 5157 μένειν
2494 5084 2599 5152 ἔξω
2628 5082 2722 5137 τοῦ
2787 5080 3106 5150 πειρᾶσθαι,
3160 5078 3255 5131 καὶ
3304 5076 3420 5146 βίον
3475 5075 3653 5127 ἕλκειν
3706 5066 3833 5138 ἡσύ-

2311 5195 2410 5230 ιον.

2272 5196 2439 5328 χιίἕν.
2472 5264 2675 5335 Τρέφει
2706 5263 2800 5315 καὶ
2831 5259 2944 5324 ζῶα
2974 5259 3007 5327 ἠ
3054 5255 3360 5326 βλεπομένη
3426 5253 3661 5308 θάλασσα
3683 5289 3697 5314 ,
3725 5263 3833 5315 φω-

2272 5357 2369 5424 νὴν
2407 5357 2506 5425 μὲν
2549 5355 2622 5424 μὴ
2675 5353 2955 5423 προϊόντα,
3000 5348 3237 5419 ἐδώδιμα
3269 5348 3325 5401 δέ
3349 5365 3363 5379 ·
3415 5342 3735 5399 καὶτούτων
3768 5336 3833 5389 τὰ

2280 5448 2380 5517 μὲν
2412 5446 2787 5516 ἀνδρικώτερα
2814 5444 3121 5496 πέπλασται
3147 5440 3242 5494 καὶ
3273 5435 3578 5524 ἐπιθετικὰ,
3606 5436 3669 5485 τὰ
3686 5430 3738 5481 δὲ
3758 5428 3831 5488 εἰς

2278 5538 2571 5606 ἐπιϐουλὴν
2600 5538 2715 5598 τοῖς
2759 5533 3022 5595 τοιούτοις
3066 5533 3331 5585 ἔκκειται.
3367 5522 3518 5599 Ἔχει
3551 5529 3641 5581 καί
3671 5526 3697 5576 ὁ
3726 5522 3833 5591 βίος

2282 5630 2380 5699 ἐμὲ
2412 5629 2633 5699 ἅρπαγα
2664 5629 2755 5680 καὶ
2785 5627 2961 5697 βορὺν,
2996 5626 3131 5679 ἀλλὰ
3167 5626 3263 5679 καὶ
3302 5624 3533 5692 ἄφωνον,
3567 5618 3711 5670 οὐδὲν
3743 5613 3833 5680 μὲν

2288 5720 2465 5772 εἰδότα
2498 5718 2677 5771 λαλεῖν
2699 5718 2933 5782 δίκαιον,
2958 5715 3353 5786 ἑπεγχαίνοντα
3377 5713 3431 5766 δὲ
3467 5711 3545 5780 τῷ
3569 5706 3830 5772 ἀδυνάτῳ,
