4048 6426
245 318 342 385 τ261

1385 320 1486 379 AD
1527 320 1907 380 STYLITAM
1945 322 2156 393 QUEM
2167 326 2259 385 DA
2272 326 2325 384 Μ
2336 373 2349 384 .

3374 326 3483 389 9θὲ

263 430 340 485 καὶ
361 426 722 483 κατασπῶντα
751 426 832 491 είς
877 426 1117 498 γαστέρα
1150 429 1374 498 ὀλέθρου
1405 433 1495 484 τὸν
1549 432 1798 502 παραπί-

1934 435 2040 489 llud
2068 438 2241 492 solum
2274 441 2597 495 daemonium
2644 441 2914 511 quoddam
2970 441 3300 494 indicantem
3367 441 3484 494 cla-

257 518 689 576 .πτοντα.⁹Εκεῗνο
720 519 850 572 ποτὲ
885 520 976 572 καὶ
1015 521 1175 589 μόνον
1198 521 1589 590 ὑποφωνοῦντα
1614 523 1807 591 δαιμό-

265 611 356 666 νιόν
380 628 431 663 τι
457 609 715 678 λέληκας,
746 611 1001 681 ἐχόμενος
1041 611 1146 664 ὑπὸ
1175 611 1271 664 τοῦ
1308 613 1441 666 πολὺ
1477 614 1804 680 κρείττονος.

262 703 405 759 Mler
437 703 532 756 καὶ
568 700 705 771 πρδς
734 702 832 771 ἐμὲ
880 703 951 755 τὰ
1001 703 1333 773 βελτιοῧντα,
1364 707 1453 757 ὅτε
1499 706 1642 760 οὕτω
1687 706 1810 759 διά-

265 810 453 862 κειμαι.
495 794 556 846 Εἰ
597 794 706 860 γάρ
738 796 829 845 καὶ
864 795 1189 847 διδασκάλου
1220 796 1383 847 τόπον
1416 797 1637 868 ἐπέχειν
1683 798 1809 851 έλα-

258 902 359 956 ηχον,
387 883 503 936 ἀλλ’
529 885 631 936 οὐκ
670 883 735 936 ἂν
771 883 992 953 ὀκνοίην
1024 887 1118 937 καὶ
1153 884 1542 954 διδασκόμενος
1573 886 1677 940 ὑπὸ
1706 889 1810 953 σοὶ,

264 975 336 1026 ὅτε
371 972 550 1038 λέγειν
580 973 723 1042 ἔχεις
752 971 826 1035 ὡς
873 973 1013 1041 ὑπὲρ
1066 976 1274 1037 πάντας
1308 977 1431 1036 τοὺς
1462 976 1813 1040 διδάσκοντας

268 1081 339 1133 με.
369 1064 584 1133 Συνῆκα
611 1064 705 1116 καὶ
742 1065 989 1135 μαθητὴς
1018 1066 1198 1135 γέρων
1233 1064 1392 1130 εἶναι,
1424 1069 1811 1137 σκωπτόμενος

266 1158 344 1210 καὶ
370 1156 536 1226 μηδὲν
571 1155 749 1220 εἰδὼς,
778 1157 910 1211 ἀλλὰ
950 1157 1020 1209 τὰ
1048 1160 1126 1221 εἰς
1157 1158 1504 1229 δικαιοσύνην
1533 1161 1814 1232 ἄγροικος,

265 1249 343 1300 καὶ
371 1247 443 1309 ὡς
472 1248 646 1301 εἰπεῖν
674 1247 1074 1318 ἀναλφάϐητος.
1566 1310 1577 1322 ο

323 1339 415 1408 οη’.
470 1338 809 1408 Τυραννοῦσι
851 1343 949 1410 τὴν
989 1342 1189 1412 ὀρατὴν
1220 1342 1496 1398 θάλασσαν
1527 1346 1620 1398 καὶ
1653 1345 1819 1416 θῆρες

257 1432 487 1504 ὅὸριμοι,
518 1433 587 1485 τὰ
616 1434 862 1504 πελώρια
906 1437 1050 1505 κήτη
1075 1451 1091 1467 ο
1133 1436 1236 1490 κᾶν
1282 1438 1680 1507 ὲκδραμοῦνταί
1718 1457 1819 1492 που

264 1526 590 1597 ὁρμήσαντα,
621 1526 949 1597 ὲξερημοῦσι
978 1527 1078 1597 τὴν
1109 1530 1590 1599 κατατρεχομένην
1620 1529 1824 1585 θάλασ-

264 1636 372 1673 σαν.
399 1621 557 1689 Ἔχει
590 1626 685 1674 καὶ
718 1622 745 1673 ὀ
775 1621 917 1674 κατά
951 1621 1066 1691 βίον
1095 1622 1336 1688 ὠκεανὸς
1373 1625 1499 1687 τοὺς
1529 1624 1695 1678 αὐτοῦ
1730 1624 1826 1695 θῆ-

256 1728 372 1783 ορας,
413 1712 488 1765 τὰ
529 1711 781 1783 βάρόαρα
817 1713 968 1783 ἔθνη,
1002 1714 1070 1768 τὰ
1121 1715 1378 1784 πολέμια,
1430 1717 1556 1778 τοὺς
1604 1697 1719 1769 τῶν
1741 1718 1822 1770 ati-

264 1802 436 1872 μάτων
464 1803 688 1873 ἄνδρας,
725 1806 850 1867 τοὺς
897 1806 1125 1876 ἐχθροὺς
1178 1807 1271 1860 τοῦ
1326 1807 1483 1863 Θεοῦ.
1544 1808 1731 1880 Πολλῷ
1757 1810 1821 1880 δὴ

264 1896 412 1949 πλέον
473 1897 710 1952 ἐνταῦθα
767 1898 1004 1969 πλήθυνε
1055 1900 1151 1963 τὰς
1209 1901 1395 1971 εὐχὰς,
1446 1902 1532 1955 ἵνα
1568 1904 1596 1956 ὀ
1651 1904 1823 1972 μέγας

254 1989 456 2053 ἁλιεὺς,
501 1991 529 2042 ὀ
581 1991 677 2060 τῆς
715 1991 1047 2061 οἰκουμένης
1095 1991 1278 2054 ἔνθεος
1330 1992 1608 2061 βασιλεὺς,
1652 1996 1680 2046 ὁ
1725 1995 1824 2064 τὴν

262 2080 638 2151 πνευματικὴν
715 2082 931 2153 ἀρραγῆ
986 2082 1228 2153 σαγήνην
1278 2083 1458 2153 χαλῶν
1504 2084 1824 2151 δεξιώτατα,

260 2174 483 2243 καὶζθεῷ
526 2173 774 2243 ἀγρεύων
818 2156 933 2228 καῖ’
966 2175 1282 2245 προσάγων,
1305 2178 1429 2230 ὅσον
1462 2180 1603 2232 κατὰ
1642 2178 1825 2233 πίστιν

261 2264 535 2336 ἐδώδιμον,
563 2265 824 2337 εὐθυδολῇ
867 2268 1009 2321 κατὰ
1044 2268 1154 2321 τῶν
1187 2268 1469 2331 τοιούτων,
1501 2270 1597 2322 καὶ
1638 2272 1704 2339 τῇ
1734 2287 1825 2323 νο-

250 2356 450 2428 ουμένῃ
484 2356 726 2429 τριαίνῃ,
753 2360 818 2428 τῇ
852 2359 914 2409 ὲκ
947 2357 1044 2423 τῆς
1076 2358 1367 2428 τριαδικῆς
1391 2357 1645 2428 Ὑψίστου
1670 2358 1828 2413 δυνά-

262 2464 395 2517 μεως
419 2449 803 2517 κραταιότητι,
832 2449 1088 2511 πλήττων
1133 2448 1346 2517 καίρια,
1374 2450 1441 2503 τὰ
1484 2450 1589 2516 μὲν
1621 2451 1824 2520 ἀφήσει

252 2539 461 2593 κεῖσθαι
493 2538 621 2610 δίχα
649 2538 816 2607 ζωῆς,
864 2540 932 2593 τὰ
975 2540 1031 2593 δὲ
1066 2540 1315 2612 ἀπελάσῃ
1361 2543 1450 2604 εἰς,
1489 2542 1705 2607 τόπους,
1735 2542 1828 2607 οὓς

252 2630 349 2685 οὐκ
398 2635 703 2686 ἐπισκοπεῖ
745 2631 968 2701 Κύριος.
1024 2632 1270 2687 Εῑθισται
1309 2633 1418 2701 γὰρ
1447 2633 1606 2695 αὐτὸς
1640 2636 1735 2688 καὶ
1760 2636 1828 2688 τά

253 2719 494 2788 τοιαῦτα,
532 2721 625 2774 καὶ
653 2722 877 2792 μυρίαις
904 2721 1185 2785 τοιαύταις
1210 2721 1412 2791 ἄγραις
1445 2722 1477 2789 ἡ
1508 2721 1628 2791 χεὶρ
1659 2723 1826 2776 αὐτοῦ

254 2809 622 2879 ὲντέτριπται,
664 2811 822 2865 ὀποία
870 2812 963 2865 καὶ
995 2814 1028 2882 ὴ
1073 2814 1412 2881 πρόσφατος,
1449 2813 1506 2864 ὲν
1540 2806 1573 2885 ᾖ
1623 2812 1740 2882 ἅμα
1768 2831 1827 2867 τε

255 2902 603 2971 συνήχθησαν
633 2902 726 2955 ἐπὶ
750 2901 811 2955 τὸ
836 2902 967 2956 αὐτὸ
999 2905 1047 2956 οἱ
1074 2905 1173 2970 τῆς
1216 2904 1398 2973 Ἀγαρ
1428 2903 1621 2975 θῆρες,
1649 2903 1825 2975 ὠρυό-

256 3006 400 3057 μενοι
434 2991 659 3060 ἄγριον,
692 2993 787 3044 καὶ
818 2993 1064 3062 ἁρπάσαι
1106 2991 1421 3063 ζητοῦντες,
1464 2974 1676 3062 ’μᾶλλον
1704 2974 1826 3063 μὲν

249 3078 340 3135 οὖν
366 3084 470 3155 ἤδη
500 3084 605 3136 καὶ
636 3084 909 3153 χανόντες,
936 3085 1029 3139 καὶ
1069 3087 1285 3155 φονίους
1331 3086 1547 3148 ὀδόντας
1582 3086 1825 3155 ὲμπῆξαι

252 3172 323 3242 τῷ
350 3175 444 3229 τοῦ
495 3174 645 3227 Θεοῦ
677 3176 917 3247 ποιμνίῳ
951 3174 1197 3238 θέλοντες
1220 3192 1234 3206 ·
1270 3175 1367 3229 καὶ
1417 3175 1581 3239 αὐτὸς
1604 3177 1829 3246 ἐπιδρα-

256 3263 367 3331 μὼν
400 3265 730 3335 ταχὺ.ὡσεὶ
778 3266 872 3320 καὶ
928 3265 1069 3335 βαρὺ
1120 3265 1371 3319 ἐνύπνιον
1418 3266 1497 3327 είς
1530 3266 1837 3319 ἀπονυστά-

252 3353 463 3418 ζοντας,
494 3355 678 3409 κακὸν
716 3357 899 3420 αὐτοῖς
945 3356 1078 3426 ὄναρ
1128 3356 1354 3426 ἐπέστη,
1387 3373 1482 3411 και
1512 3356 1830 3411 κατέκλινεν

252 3446 535 3513 είςῦπνον
577 3446 888 3516 ἀνέγερτον.
919 3445 1000 3499 Τὰ
1025 3447 1253 3518 ἔναγχος
1301 3446 1444 3515 λέγω
1474 3448 1736 3517 τρόπαια,
1766 3448 1832 3501 τὰ

254 3541 376 3604 περὶ
406 3541 509 3609 τὴν
550 3539 720 3591 πάλαι
776 3540 909 3592 ποτὲ
962 3540 1312 3609 ὑμνουμένην
1349 3539 1528 3600 πόλιν,
1557 3539 1624 3610 ἣν
1674 3542 1702 3591 6
1732 3541 1833 3604 τῆς

258 3628 495 3697 ἱστορίας
537 3629 803 3691 Κλαύδιος
830 3628 1007 3699 ἑαυτῷ
1057 3629 1432 3699 ἐπωνόμασεν.
1504 3630 1647 3684 Ἀλλ’
1696 3631 1835 3700 αὕτη

257 3718 352 3787 μὲν
406 3723 615 3788 ἐκείνῳ
670 3721 1054 3791 συντέθνηκεν.
1091 3722 1192 3774 οὐκ
1240 3722 1543 3791 αὐτόματον
1583 3722 1833 3777 παθοῦσα

255 3812 482 3882 πτῶμα,
543 3815 693 3884 χειρὶ
729 3813 786 3866 δὲ
821 3815 1274 3868 κατασπασοεῖσα
1302 3814 1612 3884 βαρϐαρικῇ
1648 3815 1839 3884 χρόνος

252 3904 437 3969 ὲξότου
474 3905 719 3975 μακρός.
746 3905 820 3956 Τὸ
847 3904 905 3957 δὲ
929 3904 1027 3958 νῦν
1064 3904 1344 3973 βασιλικὸν
1379 3904 1688 3975 ἀρίστευμα
1719 3922 1844 3959 καις-

252 3994 389 4049 νὶσει
426 3996 536 4066 μὲν
577 3996 677 4049 καὶ
698 3996 758 4048 τὸ
794 3996 963 4049 πάλαι
1009 3997 1336 4066 κτητορικὸν
1363 3996 1557 4065 ὄνομα,
1590 3999 1682 4049 καί
1719 4014 1836 4059 πως

253 4089 662 4158 συναναστήσει
691 4087 753 4140 τὸ
796 4087 1012 4140 ἐκείνου
1064 4087 1294 4152 ἔνδοξον,
1331 4087 1416 4140 ἵνα
1471 4089 1567 4139 καὶ
1618 4090 1836 4150 νεκροῖς

252 4178 555 4241 ἀνάστασις
620 4177 762 4248 αὕτη
817 4180 1198 4249 καινουργοῖτο
1232 4183 1384 4249 παρὰ
1416 4178 1510 4231 τοῦ
1553 4178 1837 4247 θαυμάσια

1915 530 2094 593 tnasti,
2130 534 2228 585 sub
2257 548 2416 585 manu
2459 533 2790 588 constitutus
2824 533 2992 587 multo
3056 531 3322 586 fortioris.
3383 530 3494 584 Lo-

1912 631 2080 685 quere
2107 621 2172 674 ad
2201 637 2284 675 me
2308 636 2426 691 qua:
2459 623 2733 675 ineliorem
2758 623 2986 677 reddant
3012 621 3229 691 quando
3260 623 3340 675 sic
3367 620 3490 673 ani-

1915 726 2034 765 mus
2061 722 2164 766 est.
2226 712 2281 766 Si
2306 714 2447 766 enim
2512 715 2756 784 magistri
2818 715 2963 767 vices
3014 729 3204 780 gerere
3267 714 3494 767 sortitus

1912 816 2053 865 Stlltl,
2083 801 2248 856 nihilo
2279 805 2457 856 minus
2479 805 2572 858 alis
2603 805 2877 859 tctliseere
2902 806 3060 872 cupio
3092 805 3135 857 si
3160 805 3285 870 quid
3305 805 3445 857 nosti
3472 803 3497 856 ?

1915 908 2075 961 supra
2109 909 2296 949 omnes
2324 896 2415 965 qui
2452 912 2536 950 me
2569 898 2784 951 docent.
2824 896 2953 949 Novi
2988 905 3040 948 et
3068 896 3365 962 discipulus
3408 911 3492 947 se-

1917 1002 2021 1040 nex
2050 1001 2170 1040 esse
2201 987 2291 1055 qui
2325 988 2633 1041 irrisionem
2673 989 2843 1041 merui
2895 988 3029 1041 nihil
3062 990 3263 1050 sciens,
3329 988 3380 1040 in
3403 987 3491 1055 ju-

1916 1079 2078 1132 stitiac
2108 1081 2267 1132 rebus
2291 1080 2445 1148 plane
2472 1079 2794 1137 ineruditus.

1992 1336 2080 1389 78.
2113 1337 2417 1407 Tyrannice
2447 1340 2496 1392 in
2532 1342 2661 1393 mari
2713 1341 3061 1395 dominantur
3114 1341 3302 1396 bellua:
3358 1358 3499 1411 pra:-

1921 1427 2131 1496 validm,
2161 1430 2416 1484 immania
2451 1444 2586 1486 cete.
2642 1431 2698 1486 Si
2754 1434 2892 1487 forte
2945 1434 3144 1500 impetu
3207 1436 3312 1487 huc
3367 1436 3494 1487 illuc

1922 1529 2174 1585 Currunt,
2209 1532 2551 1592 peragratum
2583 1524 2863 1578 devastaut
2893 1539 3060 1581 mare.
3093 1524 3265 1577 llabet
3297 1534 3345 1575 et
3374 1526 3496 1578 vitae

1921 1627 2160 1668 oceanus
2193 1616 2391 1670 bestias
2455 1631 2600 1681 suas,
2652 1617 2912 1672 barbaras
2979 1628 3189 1686 gentes,
3256 1617 3496 1676 liestilt-s,

1926 1708 2247 1775 sanguinqu
2280 1709 2449 1772 viros,
2478 1700 2566 1762 Dei
2595 1711 2802 1765 hostes.
2836 1711 2881 1764 A
2906 1711 3121 1765 fortiori
3179 1711 3283 1765 huc
3337 1711 3503 1777 proli-

1929 1799 2046 1852 xius
2065 1801 2338 1854 orationes
2405 1801 2562 1866 oﬂ‘er,
2597 1814 2654 1856 ut
2683 1818 2909 1872 magnus
2938 1804 3197 1873 piscator,
3244 1803 3391 1857 orbis
3414 1804 3501 1856 (1·-

1923 1892 2083 1946 vinus
2128 1908 2238 1957 rex,
2275 1894 2365 1960 qui
2399 1894 2699 1961 spiritalem
2731 1896 2906 1964 rumpi
2948 1896 3184 1950 nesciam
3243 1908 3500 1962 sagenam

1923 1985 2167 2052 apprime
2199 1986 2391 2050 tendit,
2426 1996 2477 2038 et
2512 2001 2607 2053 pro
2632 1985 2741 2038 Deo
2768 1987 3026 2055 piscator,
3050 1998 3100 2040 et
3135 1985 3199 2040 ad
3230 1986 3381 2038 littus
3398 1986 3499 2038 du-

1925 2075 1999 2126 cit
2029 2083 2292 2143 quotquot
2319 2075 2615 2129 secundum
2653 2074 2810 2127 fidem
2858 2074 3159 2137 esculenta,
3191 2080 3340 2126 certo
3387 2072 3496 2125 ictu

1924 2176 2111 2219 contra
2152 2162 2310 2229 tales,
2342 2163 2576 2234 Spiritali
2611 2164 2863 2228 tridente,
2887 2163 3500 2231 tripliciterjudicantis

1926 2252 2186 2307 Altissimi
2236 2257 2488 2323 potentiae
2522 2254 2857 2317 fortitudine,
2889 2254 2941 2307 in
2994 2263 3236 2322 tempore
3290 2268 3498 2322 oppor-

1930 2352 2057 2398 tuno
2083 2346 2369 2414 percutiat,
2391 2357 2443 2400 et
2474 2348 2572 2402 hos
2596 2346 2812 2415 quidem
2833 2347 2939 2400 vita
2963 2357 3213 2399 carentes
3232 2344 3504 2413 projiciat,

1929 2437 2047 2492 illos
2075 2455 2202 2494 vero
2256 2441 2320 2495 ad
2354 2441 2469 2494 loca
2525 2441 2724 2509 quibus
2780 2456 2883 2493 non
2945 2439 3186 2509 invigilat
3245 2439 3508 2493 Dominus

1927 2529 2128 2599 ejiciat.
2165 2531 2297 2598 Qua:
2326 2533 2467 2586 enim
2501 2541 2815 2599 perpetrare
2864 2531 3145 2584 consuevit
3170 2530 3304 2599 ipse,
3329 2538 3386 2583 et
3434 2530 3505 2581 ad

1931 2621 2116 2674 talium
2146 2632 2491 2690 capturarum
2527 2622 2795 2675 infinitum
2847 2636 3128 2675 numerum
3160 2634 3354 2673 manus
3383 2618 3506 2689 ejus

1930 2729 1986 2768 se
2013 2712 2242 2777 confert,
2280 2715 2456 2782 qualis
2491 2729 2680 2768 recens
2714 2714 2824 2779 illa,
2877 2716 2929 2766 in
2963 2728 3065 2780 qua
3117 2711 3279 2766 simul
3336 2711 3502 2765 abdu-

1929 2813 2030 2859 ctae
2049 2816 2170 2858 sunt
2202 2805 2344 2874 Agar
2365 2804 2554 2859 bellua:
2597 2818 2738 2859 smve
2794 2804 3095 2873 rugientes,
3145 2817 3282 2871 quas
3347 2800 3505 2857 vera-

1933 2907 2051 2949 rent
2083 2905 2404 2964 quaerentes,
2440 2895 2549 2949 imo
2576 2895 2688 2964 jam
2722 2896 2936 2966 hiantes
2964 2905 3018 2949 et
3040 2895 3327 2950 homicidis
3375 2897 3509 2949 den-

1933 2986 2077 3041 tibus
2125 3002 2340 3057 gregem
2396 2985 2488 3039 Dei
2544 2985 2851 3052 discerpere
2886 2987 3157 3040 volentes.
3201 2984 3505 3041 Confestim

1934 3081 2049 3147 ipse
2076 3083 2332 3141 accurrit,
2367 3088 2619 3148 tanquam
2651 3080 2833 3147 gravis
2861 3079 2996 3134 visio
3021 3077 3073 3132 in
3096 3078 3509 3132 obdormiscen-

1937 3183 2037 3236 tes,
2068 3172 2264 3226 malum
2289 3173 2557 3226 somnium
2590 3171 2670 3224 eis
2702 3169 2971 3238 apparuit,
2989 3183 3127 3238 quos
3147 3168 3200 3223 in
3251 3184 3504 3223 somnum

1932 3264 2221 3333 prostravit
2254 3264 2394 3317 unde
2448 3277 2550 3315 non
2600 3263 2945 3331 evigilantur.
2998 3261 3254 3317 Recentia
3304 3269 3508 3331 tropaea

1937 3354 2114 3407 refero
2147 3356 2293 3406 circa
2342 3352 2666 3405 cilebratam
2721 3351 2789 3403 ab
2837 3351 3077 3419 antiquis
3126 3351 3256 3406 olim
3314 3351 3510 3405 civita-

1935 3455 2066 3505 tem,
2109 3459 2267 3512 quam
2300 3443 2543 3497 liislorite
2595 3444 2755 3496 heros
2815 3442 3074 3496 Claudius
3132 3442 3351 3497 nomine
3410 3456 3511 3495 suo

1935 3539 2169 3592 vocavit.
2207 3537 2311 3590 Sed
2357 3550 2453 3604 pro
2479 3536 2574 3591 illo
2605 3536 2821 3603 quidem
2853 3545 3063 3589 mortua
3093 3543 3175 3590 est
3207 3550 3313 3589 non
3366 3533 3510 3588 ultro

1938 3630 2146 3684 ruinam
2182 3643 2462 3698 perpessa,
2518 3626 2878 3681 Barbarorum
2911 3640 3041 3680 vero
3094 3626 3348 3680 manibus
3395 3627 3508 3697 jam

1938 3720 2142 3788 pridem
2176 3718 2404 3782 direpta.
2434 3716 2600 3784 Regia
2636 3732 2778 3771 nunc
2804 3717 2977 3770 virtus
3007 3724 3232 3770 renovat
3288 3716 3505 3785 quidem

1937 3811 2139 3865 domini
2168 3809 2333 3877 prisci
2366 3823 2559 3863 nomen
2588 3818 2643 3863 rt
2685 3806 2829 3861 illius
2864 3807 3157 3862 exsuscitat
3182 3806 3404 3874 gloriam
3450 3814 3517 3860 ιιι

1938 3900 2224 3955 arnortuis
2253 3900 2580 3956 resurrectio
2634 3900 2720 3953 illa
2778 3899 2998 3952 innovet
3051 3897 3194 3967 apud
3259 3906 3507 3951 nostrum

1947 3993 2209 4046 mirabilia
2244 3992 2532 4046 facientem
2574 3991 2966 4045 dominatorem
3005 4007 3021 4054 ;
3071 3988 3205 4043 locis
3240 4003 3368 4042 vero
3397 4002 3517 4041 ma-

1946 4083 2095 4137 xime
2147 4098 2442 4152 cegnmnen
2474 4080 2540 4134 ab
2564 4097 2629 4135 eo
2661 4081 2749 4148 qui
2784 4094 2926 4135 nunc
2957 4080 3022 4133 de
3048 4094 3184 4134 novo
3231 4092 3518 4148 assurgere

1953 4176 2107 4243 facit,
2138 4177 2286 4231 dabit
2321 4191 2570 4245 magnum
2611 4186 2891 4244 tropaeum.

250 4273 541 4335 ποιοῦντος
587 4272 866 4344 ἡμετέρου
912 4271 1351 4342 αὐτοκράτορος·
1400 4272 1730 4342 ὲπονομάσει
1775 4270 1830 4323 δὲ
1876 4270 2112 4340 μάλιστα
2160 4270 2287 4332 τοὺς
2326 4271 2526 4332 τόπους
2596 4266 2676 4338 τῷ
2710 4266 2805 4320 νῦν
2855 4268 2920 4319 ὲκ
2992 4265 3188 4338 καινῆς
3237 4267 3523 4336 ὲγείραντι

250 4373 308 4427 τδ
339 4375 489 4443 μέγα
529 4368 819 4439 τρόπαιον.

315 4467 418 4520 σθ’.
468 4462 643 4516 ’Λλλὰ
674 4458 834 4511 τοῦτο
879 4456 980 4527 μὲν
1017 4455 1159 4510 οὔτω
1192 4456 1515 4528 παραπεσὸν
1551 4456 1714 4526 μέχρι
1755 4474 1831 4510 το-

2019 4450 2110 4506 79.
2139 4448 2293 4515 Quod
2327 4448 2544 4517 quidem
2583 4445 2766 4501 evenit
2795 4445 3074 4511 hucusque
3125 4458 3153 4495 a
3184 4457 3271 4497 me
3310 4443 3518 4498 dictum

254 4557 443 4609 σούτου
469 4550 725 4624 εἰρήσθω
752 4567 865 4616 μοι,
888 4550 969 4602 ὅτι
1001 4548 1136 4618 μηδὲ
1157 4548 1317 4615 λόγον
1335 4549 1468 4618 ἔχει,
1489 4551 1544 4602 ὲν
1573 4547 1838 4618 παρέργῳ

250 4650 504 4702 τίθεσθαι
554 4645 629 4696 τὰ
671 4641 906 4713 μεγάλου
958 4640 1121 4710 ἔργου
1178 4641 1398 4704 ἐπάξια.
1444 4641 1515 4692 Σὺ
1551 4640 1629 4706 δὲ,
1670 4634 1714 4693 ὦ
1754 4640 1846 4690 ἐπὶ

256 4737 346 4789 τοῦ
383 4755 404 4790 α
448 4734 681 4798 στόλου,
726 4751 744 4784 ι
774 4731 1087 4785 ὲπιὸλέπων
1114 4730 1470 4801 θεωρητικῶς
1500 4732 1579 4794 εἰς
1609 4729 1848 4802 τὴν,πρδ

258 4829 570 4898 ὀφθαλμῶν
606 4824 911 4889 θάλασσαν,
941 4822 1251 4892 συμϐάλλου
1289 4822 1431 4875 κατὰ
1464 4824 1609 4883 νοῦν,
1641 4823 1739 4876 καὶ
1766 4824 1848 4875 ὅτι

260 4921 403 4974 καθᾶ
428 4920 533 4973 καὶ
565 4915 837 4979 σκοπελός
857 4932 940 4976 τις
967 4915 995 4967 ὁ
1026 4913 1234 4984 πύργος
1261 4906 1415 4976 οὗτος
1442 4912 1677 4966 ἐνταῦθα
1708 4913 1851 4967 κατὰ

259 5013 527 5079 κυμάτων
565 5009 687 5079 βίον
718 5003 993 5073 ἑξανέχειν
1028 5002 1241 5072 ἔλαχεν,
1273 5002 1371 5071 οὐχ
1410 5002 1486 5064 ὡς
1518 5003 1611 5054 καὶ
1642 5018 1850 5071 προσα-

264 5100 570 5168 ράτσεσθαι
597 5098 727 5157 τοὺς
774 5094 1060 5157 πλέοντας,
1101 5094 1194 5146 καὶ
1227 5094 1477 5146 οἴκτιστα
1506 5091 1852 5162 καταθραύε-

262 5194 407 5253 citati,
440 5190 573 5245 ἀλλ’
620 5188 697 5251 ὠς
743 5186 1067 5252 ὲξανάπτειν
1115 5184 1345 5238 αὐτόθεν
1378 5182 1447 5236 τά
1500 5183 1601 5252 τῆς
1636 5183 1851 5247 ἐλπίδος

265 5287 575 5351 πείσματα,
613 5280 712 5333 καὶ
751 5279 897 5333 οὕτω
941 5276 1234 5341 σώζεσθαι.
1266 5275 1505 5329 Φύλαττε
1534 5275 1714 5328 τοίνυν
1757 5275 1855 5328 αύ-

264 5378 351 5431 τὶν
378 5377 673 5446 σωτήριον
707 5370 1054 5441 μεμνημένος
1084 5368 1202 5431 καὶ,
1227 5368 1309 5421 ὅτι
1344 5368 1438 5420 ἐπὶ
1461 5365 1740 5429 τοιαύταις
1770 5367 1855 5419 ὲ).-

267 5456 413 5520 nam
447 5466 742 5537 ὤρθωται.
770 5456 934 5521 Οἶδας
968 5460 1027 5512 τὸ
1058 5459 1239 5527 ἔργον,
1272 5458 1418 5518 ὅπως
1463 5454 1850 5509 sanctiﬁcata?

267 5555 405 5620 οἶδας
441 5559 541 5611 τὸν
598 5554 698 5606 τοῦ
749 5552 914 5620 ἔργου
949 5551 1275 5617 ἐπιστάτην,
1308 5550 1384 5608 ὡς
1436 5547 1535 5615 μὲν
1586 5544 1855 5615 βασιλέως

269 5652 605 5719 θεράποντα,
630 5645 707 5706 ὡς
732 5645 790 5698 δὲ
817 5644 1101 5713 διαιτητὴν
1135 5642 1402 5709 ἰσότητος,
1427 5639 1493 5692 τὰ
1517 5640 1615 5709 τῆς
1645 5640 1854 5691 δικαιο-

272 5741 427 5803 enim;
463 5740 545 5801 ὡς
586 5735 697 5789 οὐκ
731 5734 798 5789 ἂν
827 5732 972 5797 ἔχοις
1002 5732 1195 5797 ψέγειν
1224 5732 1368 5795 ζυγά
1405 5733 1663 5795 φέροντα.
1689 5724 1853 5791 Οἶδας

1945 4544 2039 4611 sit,
2069 4544 2193 4610 quia
2226 4556 2330 4594 non
2359 4539 2513 4594 decet
2543 4539 2719 4606 magni
2753 4537 3013 4590 momenti
3045 4549 3132 4588 res
3156 4535 3518 4603 parvipende-

1946 4649 2024 4688 re.
2062 4631 2145 4687 Tu
2180 4646 2328 4696 vero,
2359 4645 2392 4684 o
2422 4643 2583 4696 super
2606 4629 2915 4682 columnam
2937 4625 3135 4680 mentis
3156 4624 3330 4678 oculis
3353 4624 3511 4692 obje-

1945 4737 2092 4780 ctum
2130 4738 2278 4777 mare
2307 4721 2625 4789 inspiciens,
2655 4718 2835 4770 animo
2884 4717 3042 4785 inlige
3099 4716 3297 4768 turrim
3358 4715 3520 4769 istam

1947 4814 2099 4883 rupis
2140 4813 2309 4867 instar
2341 4809 2465 4863 vita:
2499 4806 2749 4861 ﬂuctibus
2787 4804 3183 4870 imminentem,
3240 4817 3344 4857 non
3397 4818 3525 4870 qua:

1951 4905 2264 4973 navigantes
2291 4900 2526 4955 offendat
2547 4905 2602 4952 et
2628 4894 3010 4949 miserabiliter
3038 4892 3394 4958 comminuat,
3420 4894 3527 4947 sed

1949 4996 2034 5049 cui
2074 4995 2186 5063 spei
2222 4992 2516 5047 anchoram
2553 4989 2716 5060 ligant
2745 4986 2955 5039 salutis.
2996 4985 3186 5055 Itaque
3220 4984 3521 5036 salutarem

1951 5089 2096 5143 illam
2116 5102 2296 5148 serva,
2324 5096 2531 5136 memor
2559 5097 2677 5135 eam
2708 5080 2772 5133 ad
2798 5078 2932 5132 tales
2955 5091 3077 5145 spes
3100 5091 3219 5130 esse
3248 5084 3513 5128 erectam.

1950 5179 2096 5247 Opus
2123 5178 2316 5231 novisti
2342 5183 2395 5228 et
2422 5188 2643 5242 operam
2671 5187 2688 5237 ;
2717 5170 2856 5224 nosti
2882 5167 3065 5237 operis
3093 5166 3524 5235 moderatorem,

1951 5270 2061 5340 regi
2094 5269 2310 5338 quidem
2344 5267 2690 5329 servientem,
2713 5264 2860 5321 paris
2893 5273 3022 5315 vero
3050 5258 3214 5314 sortis
3235 5257 3524 5322 arbitrum,

1948 5362 2170 5431 justitiw
2191 5358 2380 5428 jugum
2415 5357 2549 5410 adeo
2573 5364 2630 5409 ut
2661 5369 2764 5408 non
2791 5353 2994 5405 habeas
3024 5349 3168 5404 unde
3197 5362 3395 5417 arguas
3444 5347 3532 5401 fe-

1956 5461 2186 5505 rentem.
2217 5446 2370 5501 Nosti
2405 5462 2512 5514 quo
2544 5453 2594 5499 te
2640 5457 2828 5497 amore
2855 5439 2941 5494 ille
2973 5438 3372 5508 complecti-tur,
3403 5453 3525 5503 per-

1954 5556 2171 5597 suasum
2217 5538 2449 5602 habens,
2485 5537 2551 5589 ad
2612 5534 2783 5603 ipsius
2812 5533 2863 5586 id
2923 5530 3207 5584 utilitatem
3251 5528 3533 5583 abiturum

1954 5648 2095 5688 esse.
2123 5630 2238 5685 Noli
2267 5644 2396 5698 ergo
2427 5638 2610 5683 tantas
2644 5626 2871 5694 rcjicere
2897 5638 3045 5693 spes.
3080 5636 3214 5675 neve
3236 5619 3373 5673 infra
3396 5632 3526 5685 pro-

1951 5724 2113 5792 iicias
2154 5718 2493 5791 propositam
2530 5717 2779 5788 gloriam.
2812 5712 2934 5769 Noli
2980 5711 3278 5767 ascendens
3330 5707 3527 5772 Pater,
