4048 6408
298 425 394 487 265

1410 421 1509 480 DE
1553 421 1610 482 S.
1657 420 1961 482 ALT‘HEO
1988 423 2085 484 ET
2122 423 2385 484 SOCIIS.

3431 433 3539 496 266

293 536 416 593 εἰναι
463 536 559 589 καὶ
612 532 981 605 σκορπιὼδεις
1014 534 1114 604 τὴν
1163 532 1437 601 γλῶσσαν.
1496 535 1614 589 ἀλλ’
1663 538 1739 600 ὡς
1784 538 1843 590 τὰ

1955 542 2166 594 similes
2212 554 2355 607 esse,
2385 538 2478 595 sed
2527 538 2642 595 fere
2694 554 2911 611 semper
2976 542 3346 617 benedicere).
3410 542 3533 600 1am

294 630 446 687 πολλὰ
499 627 906 698 εὐλογητικοῖ),
961 627 1355 698 παρετύχομεν
1413 628 1511 682 καὶ
1566 628 1801 683 ἐνταῦθα
1831 671 1849 698 ,

291 726 406 779 ὅπου
433 722 494 775 τὸ
529 721 627 774 καὶ
658 719 809 789 μέγα
831 720 926 771 καὶ
954 719 1246 773 κάλλιστον
1277 720 1410 790 ἡμῖν
1436 719 1732 791 κατάλυμα
1751 721 1852 790 τῆς

291 815 532 888 βιωτικῆς
588 813 709 867 ὁδοῦ
760 811 1153 883 ἀπεκληρώοη,
1208 812 1347 866 Θεοῦ
1400 813 1734 882 ἀνθρώποις,
1767 808 1851 877 οἷς

290 912 338 962 ὲν
362 905 475 978 χρῷ
510 907 609 974 μὲν
642 904 849 974 ζωῖκῆς
896 905 1027 967 θέας
1075 905 1172 957 καὶ
1199 905 1300 975 τῆς
1330 904 1581 959 ἐντεῦθεν
1615 905 1853 975 ἐγγύτη-

287 1019 363 1064 τος
398 1001 458 1053 ού
495 998 730 1051 δέδωκεν
760 999 894 1067 ἡμῖν
938 999 966 1050 ὁ
1004 997 1194 1067 χρόνος
1226 998 1480 1065 γενέσθαι
1509 998 1626 1067 (ἀφ’
1663 996 1850 1051 ἱκανοῦ

286 1094 378 1163 γὰρ
422 1093 529 1163 ἤδη
582 1093 905 1161 προχρόνιοι
950 1089 1030 1159 τῷ
1083 1090 1206 1159 Θεῷ
1250 1089 1661 1162 παρίστανται),
1704 1092 1737 1160 ἡ
1791 1091 1850 1143 δὲ

287 1185 486 1253 ίστορία
514 1182 795 1236 διεϐίϐασε
845 1181 946 1253 μὲν
990 1182 1071 1245 εἰς
1121 1180 1314 1251 ἀκοὴν,
1348 1179 1491 1254 πλὴν
1518 1184 1619 1236 οὐκ
1656 1183 1851 1235 εὐσύν-

283 1292 487 1329 τακτόν.

343 1371 403 1433 γ’.
440 1366 552 1418 Καὶ
590 1365 781 1435 ἐπειδὴ
840 1365 1141 1430 ἀναγκαῖον
1171 1359 1241 1435 ἦν
1291 1362 1644 1431 τεταγμένως
1674 1365 1849 1430 ἐκμα-

282 1460 377 1512 θεῖν
405 1459 535 1521 τοὺς
566 1457 868 1520 τοιούτους,
903 1456 1028 1509 ὅθεν
1058 1473 1117 1508 τε
1150 1456 1408 1523 γεγόνασι
1442 1455 1540 1509 καὶ
1566 1456 1631 1507 ἐκ
1654 1456 1844 1516 τίνων,

281 1551 367 1605 καὶ
390 1544 505 1605 οἷον
534 1551 597 1603 τὸ
629 1552 757 1604 κατ’
788 1549 992 1613 αὐτοὺς
1038 1550 1181 1619 ὑπὲρ
1223 1548 1361 1602 Θεοῦ
1388 1548 1685 1618 ἀγώνισμα
1718 1548 1850 1615 (εἰσί

278 1643 327 1696 δὲ
356 1643 512 1696 αὐτοὶ
556 1640 937 1711 Ἀλέξανδρος,
974 1640 1230 1709 ’Δλφειὸς
1263 1640 1361 1693 καὶ
1387 1638 1639 1709 Ζώσιμος
1688 1639 1849 1692 ἀδελ-

278 1737 376 1804 φοὶ,
403 1734 710 1805 μάρτυρες.
758 1734 811 1786 ot
858 1731 1249 1802 ἐπιλεγόμενοι
1300 1730 1680 1802 Καλυτηνοὶ),
1719 1732 1849 1801 ἐμε-

1955 644 2088 684 vero
2117 629 2226 694 ilic,
2260 630 2350 684 ubi
2388 644 2645 700 magnum
2683 632 3228 707 pulcherrimumque
3289 639 3539 692 diverso-

1956 720 2101 775 rium
2124 720 2181 774 in
2208 718 2374 788 hujus
2395 721 2520 774 vitae
2554 720 2751 777 itinere
2787 724 2945 777 nobis
3004 726 3259 797 contigit,
3315 729 3539 781 deveni-

1956 826 2081 866 mus
2109 811 2175 866 ad
2223 810 2313 865 Dei
2364 812 2643 879 homines,
2696 830 2835 883 quos
2884 818 3103 885 quidem
3154 833 3331 886 neque
3382 819 3538 874 vivos

1955 920 2132 974 neque
2165 905 2417 960 cominus
2442 906 2690 975 aspicere
2719 912 2995 976 pomimus
3046 909 3177 977 (jam
3210 910 3345 965 satis
3389 912 3536 965 enim

1954 994 2047 1049 diu
2076 995 2185 1049 Deo
2207 996 2469 1066 adstant),
2504 997 2726 1053 historia
2781 1008 2989 1065 autem,
3014 1000 3145 1055 licet
3174 1004 3356 1055 minus
3399 1017 3535 1055 eon-

1952 1090 2135 1151 cinne,
2159 1089 2376 1144 illorum
2419 1093 2735 1146 memoriam
2768 1094 2835 1148 ad
2876 1108 3063 1150 nostra
3111 1106 3356 1166 tempora
3393 1112 3531 1150 con-

1953 1192 2214 1239 servant.

2024 1361 2077 1411 5.
2106 1361 2240 1413 Cum
2305 1362 2470 1429 igitur
2525 1363 2644 1417 illos
2703 1377 2962 1420 accurate
3019 1382 3351 1436 cognoscere
3398 1383 3539 1438 Opll3

1950 1464 2124 1513 esset,
2165 1453 2310 1506 unde
2338 1455 2600 1509 nimirum
2640 1467 2694 1511 et
2719 1472 2748 1511 a
2779 1458 2983 1528 quibus
3008 1462 3258 1531 prognati
3321 1463 3451 1522 sint,
3477 1471 3537 1516 et

1953 1544 2114 1611 quale
2150 1559 2246 1614 pro
2289 1546 2396 1599 ι)εο
2420 1548 2789 1604 sustinuerint
2840 1558 3119 1605 certamen
3152 1550 3303 1621 (sunt
3351 1562 3537 1608 autem

1953 1633 2145 1690 fratres
2162 1637 2489 1702 Alexander,
2505 1639 2745 1710 Alpheus
2768 1651 2824 1696 et
2856 1640 3135 1708 Zosimus,
3156 1655 3427 1716 martyres
3449 1662 3543 1699 co-

1949 1730 2251 1797 gnominati
2285 1729 2577 1802 Calyteni),
2635 1748 2860 1803 operam
2919 1735 3170 1791 dedimus
3229 1746 3290 1790 ut
3342 1752 3536 1791 eorum

278 1830 613 1897 ριμνήσαμεν
656 1824 960 1893 ἐπιγνῶναι
991 1825 1059 1879 τὰ
1089 1824 1213 1878 κατ’
1241 1823 1440 1887 αὐτοὺς
1470 1823 1535 1877 ὲκ
1566 1823 1678 1875 τῶν
1717 1825 1843 1894 περί

1951 1834 2041 1873 res
2076 1828 2258 1890 gestas
2282 1836 2388 1873 non
2429 1833 2537 1875 tam
2574 1837 2638 1876 ex
2673 1823 3017 1890 hominibus,
3073 1842 3241 1897 quam
3294 1828 3481 1897 potius
3509 1845 3542 1881 e

275 1919 483 1983 αὐτοὺς,
515 1918 619 1971 οὐκ
650 1916 959 1990 ἀνθρώπων
993 1916 1139 1985 λέγω
1166 1932 1180 1946 ·
1210 1916 1332 1980 πῶς
1367 1916 1478 1986 γὰρ
1505 1915 1608 1980 ἆνς
1659 1916 1723 1967 ὲκ
1770 1914 1843 1982 βι-

1956 1910 2109 1966 libris
2128 1911 2197 1965 de
2223 1912 2332 1968 illis
2368 1914 2700 1985 conscriptis
2729 1931 3214 1986 pernosceremus.
3242 1921 3385 1975 Ante
3414 1935 3537 1975 om-

274 2010 499 2079 σλιακῆς
540 2009 600 2062 δὲ
630 2010 979 2078 συγγραφῆς.
1025 2007 1136 2061 Καὶ
1166 2006 1308 2070 τέως
1360 2007 1556 2076 πρῶτα
1601 2005 1843 2076 ζητήσας

1952 2004 2041 2058 nia
2065 2012 2248 2059 autem
2284 2007 2538 2075 quaesivi,
2569 2022 2748 2077 neque
2804 2010 3110 2080 comperire
3166 2013 3341 2081 potui,
3394 2013 3542 2066 unde

274 2102 392 2169 ἐγὼ,
421 2101 524 2155 καὶ
557 2100 831 2170 μηδέποτε
870 2095 1079 2168 μαθὼν,
1112 2096 1286 2167 ὁποίῳ
1310 2095 1500 2167 τρόπῳ
1525 2094 1670 2164 ἅγιοι
1702 2089 1849 2149 οὗτοι

271 2195 360 2249 οὐκ
398 2195 724 2266 Εὐρωπαῖοι
754 2193 813 2246 ὲν
844 2190 1220 2263 Θεσσαλονίκῃ
1250 2189 1340 2244 διὰ
1372 2189 1617 2258 σπουδῆς
1644 2187 1849 2256 πολλῆς

272 2288 513 2356 ἰγένοντο
545 2284 696 2356 (ναός
724 2300 784 2336 τε
821 2283 930 2352 γὰρ
955 2281 1140 2344 αὐτοῖς
1168 2280 1473 2351 ἐγήγερται
1501 2279 1720 2340 ἀστεῖος
1751 2277 1849 2328 καὶ

270 2377 360 2430 οὐκ
401 2376 630 2440 ἀνάξιος
657 2373 849 2439 λόγου,
904 2371 1001 2423 καὶ
1043 2373 1072 2422 ὁ
1122 2371 1223 2434 τῆς
1273 2367 1669 2440 μητροπόλεως
1699 2361 1847 2429 οἶκος

270 2468 418 2522 αὐτὸν
451 2467 759 2537 ἀμφέπει),
815 2464 1224 2533 ἐστοχασάμην,
1278 2461 1568 2530 μετοίκους
1599 2460 1750 2520 τινὰς
1784 2459 1850 2510 ὲκ

268 2560 357 2628 τῆς
382 2559 598 2622 Ἄσίας,
627 2552 708 2620 οἷς
738 2555 788 2609 οἷ
821 2554 1054 2608 τοιοῦτοι
1078 2554 1224 2621 ἆγιοι
1254 2555 1487 2623 ἒγχωροι
1517 2548 1678 2623 ἦσαν,
1713 2568 1847 2605 κατ-

269 2652 481 2723 αρτίσαι
538 2651 672 2702 ποτὲ
724 2649 805 2710 είς
835 2647 936 2716 τὴν
967 2646 1234 2716 λαμπρὰν
1287 2644 1500 2714 ταύτην
1533 2642 1710 2707 πόλιν,
1753 2646 1850 2697 καὶ

267 2744 538 2815 ὲνιδρύσαι
560 2739 741 2812 ταύτῃ
793 2740 854 2793 τὸ
906 2738 1016 2792 τῶν
1074 2736 1328 2805 ἀθλητῶν
1386 2734 1614 2789 ἐκείνων
1664 2734 1851 2803 τίμιον

265 2834 424 2907 δνομα
457 2837 545 2897 είς
600 2832 959 2901 ἐξεικόνισμα
1007 2830 1447 2901 παρακλήσεως,
1478 2826 1555 2890 ὡς
1589 2826 1656 2879 ἂν
1706 2823 1849 2877 οὕτω

264 2925 455 2979 δοκοῖεν
520 2926 596 2995 μὴ
650 2922 993 2993 μετανάσται
1042 2921 1144 2988 τῆς
1194 2918 1530 2987 ἀνατολικῆς
1565 2911 1710 2970 εἶναι
1745 2932 1850 2967 πα-

264 3016 431 3086 τρίδος
470 3015 579 3068 καὶ
614 3013 908 3084 ἐπήλυδες,
937 3012 1076 3066 ἀλλὰ
1105 3012 1205 3081 τὴν
1235 3009 1405 3075 αὐτὴν
1438 3009 1535 3063 καὶ
1575 3008 1745 3061 πάλαι
1774 3008 1852 3060 οἰ-

266 3113 394 3171 κεῖν,
428 3110 535 3162 καῖ
584 3108 711 3171 τοὺς
761 3106 960 3167 αὐτοὺς
1021 3102 1411 3175 θεομὰρτυρας
1454 3101 1720 3164 δεσπότας
1751 3100 1849 3154 αύ-

264 3219 387 3271 χειν.

263 3401 430 3457 στησα
461 3388 534 3441 ὲν
564 3386 715 3455 ἐμοὶ,
764 3385 862 3437 καὶ
917 3382 1240 3454 ὲμακάρισα
1292 3380 1422 3445 τοὺς
1451 3379 1652 3451 ἄνδρας
1698 3378 1844 3431 ὲκεί-

259 3492 395 3542 νονς,
433 3474 504 3529 δι’
552 3469 632 3529 ὧν
663 3470 1007 3542 μετακομιδή
1041 3486 1127 3533 τις
1176 3468 1272 3522 καὶ⁵
1306 3465 1449 3538 αὕτη
1495 3467 1844 3538 ὲσεμνύνατο

259 3566 560 3638 ἀγιαστικὴ
591 3567 703 3621 τῶν
738 3564 865 3620 καθ’
896 3564 1067 3632 ἡμᾶς’
1100 3558 1223 3615 εἶτα
1250 3562 1348 3615 καὶ
1374 3561 1484 3615 τῶν
1506 3560 1671 3633 ἰερῶν
1704 3577 1844 3614 πτυ-

256 3661 381 3731 χίων
414 3661 757 3731 γενόμενος,
814 3651 897 3720 οἷς
954 3656 1290 3726 ἀνάγραπτα
1345 3652 1721 3709 ὲντετύπωται
1773 3653 1845 3705 τὰ

258 3750 358 3803 τῶν
387 3750 484 3805 τοῦ
511 3748 657 3803 Θεοῦ
704 3747 881 3814 ἁγίων
906 3746 1114 3799 τούτων
1157 3746 1256 3799 καὶ
1283 3744 1650 3816 ὀνόματακαί¹
1689 3743 1843 3797 πολι-

256 3843 519 3915 τεύματα,
548 3840 677 3898 καθ’
707 3841 767 3894 ἓν
800 3841 901 3911 μὲν
928 3840 1111 3894 αὐτῶν
1146 3838 1524 3907 σκιαγραφίαν
1558 3826 1720 3908 εὗρόν
1742 3837 1843 3890 οὐκ

256 3939 649 4001 εὐδιάπτωτον,
678 3934 817 3988 ἀλλὰ
848 3933 1035 4003 ἰσχνὴν
1078 3931 1259 4000 πάντη
1285 3930 1383 3984 καὶ
1410 3929 1693 4000 ἀμυδράνο
1725 3928 1845 3982 ἑτέ-

257 4046 328 4099 ρῳ
371 4030 430 4083 δὲ
456 4029 707 4100 δευτέρῳ
741 4025 843 4096 τὴν
872 4025 1001 4079 θέαν
1036 4022 1323 4076 ἐπιϐαλὼν
1346 4022 1550 4092 ἔμαθόν
1580 4038 1637 4073 τι
1666 4020 1844 4074 εὐδια-

256 4124 617 4194 κριτὼτερον.
654 4120 747 4183 Ὠς
781 4118 840 4172 δὲ
860 4117 958 4171 καί⁵
982 4117 1167 4188 τρίτον
1198 4133 1253 4170 τι
1284 4114 1632 4187 τεθεώρηκα,
1668 4114 1840 4167 ἔπλα-

254 4214 443 4265 τύνατό
492 4230 591 4284 μοι
647 4209 720 4265 τὰ
783 4208 887 4280 τῆς
929 4207 1297 4274 διακρίσεως,
1352 4207 1448 4261 καὶ
1493 4205 1589 4260 τοῦ
1645 4204 1838 4259 λοιποῦ

256 4310 451 4375 σπόρον
485 4304 687 4359 τοῦτον
728 4300 1111 4371 πνευματικὸν
1161 4298 1377 4353 ἐκεῖθεν
1418 4297 1837 4368 ἐρανισάμενος,

252 4400 341 4451 καὶ
371 4397 472 4470 τὴν
526 4395 774 4468 ψυχικὴν
825 4393 1042 4447 αὔλακα
1093 4392 1306 4455 νεώσας
1360 4391 1436 4453 ὡς
1473 4392 1553 4453 εἰς
1580 4390 1840 4461 τρίπολον

251 4491 480 4562 ἄρουραν
511 4531 529 4557 ,
573 4489 814 4558 ἔρχομαι
865 4486 976 4540 ἰδοὺ
1015 4485 1263 4555 σπείρων
1287 4523 1301 4546 ,
1346 4483 1724 4553 εὐαγγελικῶς
1764 4484 1841 4536 εἰ·-

1951 2097 2156 2152 factum
2187 2099 2258 2153 sit
2295 2109 2353 2152 ut
2393 2099 2591 2164 sancti,
2656 2100 2784 2156 licet
2841 2116 2950 2156 non
3009 2101 3283 2173 Europaei,
3338 2118 3540 2174 magno

1949 2191 2266 2246 colerentur
2315 2193 2524 2247 honore
2577 2192 2985 2249 Thessalonicae
3035 2193 3321 2266 (templum
3377 2197 3527 2251 enim

1948 2282 2225 2353 egregium
2255 2292 2668 2354 memoratuque
2696 2284 2921 2355 dignum
2955 2285 3038 2340 eis
3089 2284 3402 2341 dedicatum
3425 2298 3532 2363 est.

1948 2381 2115 2441 atque
2154 2374 2519 2445 melropoleus
2548 2375 2747 2430 domus
2774 2375 2908 2431 illud
2931 2376 3281 2446 veneratur):
3320 2375 3534 2448 conject

1951 2466 2138 2534 igitur,
2176 2468 2319 2521 tirns
2350 2467 2640 2536 quosdam,
2673 2476 2991 2523 sanctorum
3041 2468 3265 2522 illorum
3303 2470 3538 2539 papula-

1951 2574 2060 2621 rcs,
2091 2560 2221 2612 olim
2256 2574 2322 2612 ex
2358 2559 2485 2614 Asia
2511 2559 2564 2612 in
2589 2558 2861 2613 celebrem
2891 2559 3033 2614 hanc
3089 2559 3278 2613 urbem
3347 2568 3532 2614 trans-

1951 2652 2237 2722 tnigrasse,
2264 2661 2317 2704 et
2352 2650 2723 2705 venerandum
2770 2652 3006 2707 istorum
3040 2651 3282 2721 pugilum
3334 2665 3533 2705 nomen

1950 2745 2341 2798 consolationis
2376 2757 2543 2798 causa
2578 2743 2688 2799 huc
2749 2743 3063 2809 pertulisse,
3131 2752 3193 2796 ut
3225 2742 3329 2796 hoc
3372 2741 3536 2796 modo

1950 2838 2267 2891 viderentur
2294 2852 2402 2890 non
2436 2836 2601 2891 alieni
2635 2852 2704 2893 ex
2760 2837 3014 2891 orientali
3064 2837 3247 2906 patria
3311 2834 3537 2889 advena:

1948 2945 2092 2990 esse,
2128 2930 2219 2983 sed
2257 2928 2397 2983 hanc
2428 2929 2617 2983 urbem
2667 2928 2973 2997 antiquitus
3025 2927 3270 2983 incolere
3318 2927 3538 2997 illisque

1956 3024 2043 3075 ἰὶυὶ
2074 3022 2405 3090 martyribus
2442 3030 2701 3089 tanquam
2730 3020 2967 3074 dominis
2998 3019 3114 3074 suis
3144 3019 3394 3088 gloriari.

320 3293 379 3348 δ’.
407 3295 530 3349 Καὶ
560 3293 722 3347 τοῦτο
769 3291 871 3361 μὲν
912 3288 1087 3354 οὕτως
1143 3289 1208 3341 ἐκ
1256 3287 1369 3342 τῶν
1404 3289 1635 3342 εἰκότων
1682 3286 1843 3339 κατέ-

1975 3312 1984 3346 ι
2019 3293 2073 3347 4.
2106 3290 2232 3347 Haec
2262 3291 2430 3362 igitur
2456 3292 2560 3346 hoc
2593 3293 2756 3347 modo
2810 3292 3118 3347 secundum
3166 3289 3538 3346 verisimilitu-

1947 3378 2129 3433 dinem
2167 3379 2310 3448 apud
2347 3394 2434 3433 me
2462 3379 2722 3434 constitui
2759 3387 2815 3434 et
2847 3379 3043 3435 beatos
3070 3381 3360 3449 praedicavi
3383 3381 3532 3437 viros

1949 3471 2070 3526 illos
2090 3472 2184 3541 qui
2214 3472 2372 3527 nobis
2400 3472 2540 3526 hanc
2574 3487 2689 3527 rem
2717 3473 3087 3528 venerandam
3146 3482 3529 3543 apportarunt.

1952 3565 2051 3621 Ubi
2092 3574 2277 3620 autem
2308 3580 2467 3621 sacra
2500 3565 2675 3621 evolvi
2708 3564 3013 3631 volumina,
3044 3565 3248 3636 quibus
3306 3574 3532 3623 sancto-

1948 3674 2071 3713 rum
2105 3668 2159 3714 et
2189 3658 2413 3713 nomina
2441 3666 2496 3714 et
2528 3673 2617 3713 res
2665 3666 2832 3729 gestae
2888 3666 3245 3721 enarrantur,
3297 3658 3354 3712 in
3418 3672 3532 3713 uno

1946 3748 2167 3805 illorum
2194 3750 2377 3805 inveni
2400 3747 2919 3820 descriptiunculam
2947 3764 3131 3805 veram
3150 3750 3396 3820 quidem,
3434 3752 3534 3806 sed

1946 3843 2242 3897 obscuram
2267 3840 2433 3897 simul
2468 3851 2524 3897 et
2581 3841 2749 3897 nimis
2810 3841 3194 3898 succinctam:
3240 3854 3533 3912 postquam

1947 3934 2185 3988 alterum
2243 3933 2482 4004 inspexi,
2514 3933 2762 4005 planiora
2794 3943 2850 3991 et
2878 3934 3174 4004 prolixiora
3230 3936 3538 4005 deprehen-

1944 4024 2023 4080 di.
2081 4023 2217 4078 Cum
2250 4035 2435 4079 autem
2466 4025 2532 4079 ad
2557 4024 2778 4080 tertium
2818 4025 3199 4090 accessissem,
3230 4024 3418 4079 omnia
3464 4024 3534 4079 ad

1945 4130 2060 4171 rem
2112 4116 2537 4186 dignoscendam
2578 4117 2893 4173 necessaria
2936 4115 3134 4187 reperi.
3159 4116 3341 4184 Quare
3363 4132 3533 4179 nunc,

1945 4207 2157 4264 semine
2182 4208 2274 4263 illo
2302 4207 2577 4277 spirituali
2608 4208 2760 4264 illinc
2781 4209 2975 4279 petito,
3016 4217 3073 4264 et
3098 4209 3298 4265 anima:
3357 4210 3531 4266 sulcis

1945 4301 2116 4357 veluti
2157 4300 2225 4356 ad
2285 4316 2520 4356 messem
2578 4302 2845 4368 triplicem
2906 4303 3249 4372 praeparatis,
3311 4303 3529 4367 adsum,

1945 4404 2007 4447 ut
2051 4392 2364 4462 evangelice
2412 4393 2627 4461 loquar,
2681 4396 2746 4446 ad
2796 4395 3173 4448 seminandam
3226 4405 3529 4451 sementem

1948 4498 2148 4548 meam,
2172 4485 2636 4552 quemadmodum
2673 4484 2909 4553 agricola
2942 4484 3181 4540 cmleStis
3214 4487 3281 4541 ad
3319 4501 3522 4541 munus

253 4583 388 4645 πεῖν,
419 4581 520 4637 τοῦ
552 4583 778 4651 σπεῖραι
809 4578 903 4632 τδν
935 4578 1141 4648 σπόρον
1169 4574 1330 4646 δμοῦ,
1356 4574 1433 4639 ὡς
1452 4574 1839 4662 όιὲπουράνιος

1949 4576 2053 4631 hoc
2096 4576 2443 4630 subeundum
2494 4576 2744 4631 doctrina
2786 4575 2856 4631 ad
2911 4576 3122 4633 fructus
3170 4576 3529 4647 proferendos

250 4675 489 4745 γεωργὸς
523 4674 610 4736 εἰς
651 4672 853 4741 τέχνην
878 4669 1090 4739 ταύτην
1142 4667 1473 4722 συνεϐίϐασε
1498 4658 1701 4736 ’λόγους
1749 4669 1836 4720 ὲν-

250 4764 354 4830 Gel;
400 4784 494 4837 μοι
541 4762 982 4835 σπερματικούς.

312 4865 376 4915 ε’.
406 4860 543 4922 τοῖς
574 4856 895 4927 εἰρημένοις
946 4854 1097 4925 τρισὶ
1143 4853 1604 4923 μεγαλομάρτυσι
1634 4851 1836 4921 πατρὶς

250 4949 493 5013 Κάλυτος
523 4989 540 5014 ,
586 4951 622 5020 ἡ
650 4948 799 5002 κατὰ
826 4947 1051 5017 ἑτέρους
1076 4944 1330 5014 Καλύτηο
1372 4946 1468 4997 καὶ
1499 4942 1740 4996 Καλυτὼ
1768 4943 1829 4996 δὲ

248 5042 386 5095 ἄλλοι
415 5043 523 5113 τὴν
565 5039 830 5110 τοιαύτην
880 5036 1168 5092 καλεῖσθαι
1219 5036 1442 5090 θέλουσι
1470 5074 1488 5101 ,
1526 5036 1723 5107 κώμην
1748 5034 1836 5089 οὖ-

249 5148 339 5188 σαν
376 5133 749 5204 Ἀντιοχείας,
789 5130 962 5199 αὐτῆς
986 5129 1046 5183 δὲ
1083 5126 1210 5182 οὔτε
1257 5129 1357 5200 τῆς
1378 5128 1679 5201 Συριακῆς,
1711 5128 1836 5182 οὐδὲ

252 5224 348 5292 μὴν
384 5224 564 5292 ἄλλης
598 5222 766 5286 τινὸς,
800 5219 859 5273 αἶ
892 5218 959 5290 δὴ
986 5217 1187 5271 πολλα)⁸
1229 5218 1542 5271 κοινοῦνται
1588 5217 1690 5287 τὴν
1719 5234 1832 5270 τοι·

250 5312 413 5382 αὐτην
446 5312 675 5382 κλῆσιν,
732 5308 871 5364 ἀλλὰ
908 5308 1012 5377 τῆς
1068 5308 1203 5378 περὶ
1257 5307 1535 5371 Πισιδίαν,
1575 5311 1689 5361 εῖτε
1725 5307 1834 5379 μὴν

249 5403 723 5473 Φρυγογαλατίαν.
756 5401 955 5463 Ἔθνος
975 5399 1034 5454 δὲ
1060 5402 1110 5453 ol
1147 5398 1365 5453 Πισίδαι
1392 5398 1671 5471 βάρϐαρον
1708 5402 1831 5469 μὲν,

257 5496 568 5567 τξρίφημον
627 5494 707 5559 δὲ,
743 5491 838 5556 οὓς
871 5492 1031 5560 λόγος
1083 5492 1178 5544 καὶ
1224 5490 1512 5561 Σολύμους
1545 5490 1832 5546 καλεῖσθαί

257 5601 389 5640 ποτε.
429 5587 499 5639 Ἦ
550 5585 783 5654 τοιαύτη
826 5583 1052 5652 Καλύτη
1097 5583 1338 5651 ἀγαθοὺς
1369 5582 1599 5646 τούτους
1638 5587 1833 5653 κωμή-

251 5691 338 5735 τας
371 5678 641 5749 ἤνεγκεν,
671 5676 904 5737 ἀστείως
935 5674 1594 5745 πεπολιτογραφημὲνους
1620 5675 1700 5739 εἰς
1732 5674 1832 5744 τὴν

254 5768 354 5821 ἄνω
387 5768 758 5841 μητρόπολιν.
799 5768 911 5820 Ka‘t
945 5767 1006 5819 τὸ
1045 5766 1511 5837 πολιτογράφημα
1558 5761 1627 5836 ἦν
1653 5767 1834 5818 τοιοῦ-

254 5871 357 5913 τον.

561 5951 840 6012 ΡΑτῑιοι..
879 5951 995 6010 Gn.
1044 5946 1387 6010 CXXX“.

1944 4667 2143 4723 idonea
2208 4683 2292 4722 mc
2325 4667 2605 4722 instruxit.

2011 4838 2065 4892 5.
2099 4836 2223 4891 Fuit
2250 4845 2434 4890 autem
2479 4835 2660 4891 tribus
2715 4835 2823 4891 illis
2868 4835 3203 4905 martyribus
3245 4835 3526 4905 praeclaris

1938 4929 2116 4998 patria
2136 4928 2380 5000 Calytus,
2414 4928 2497 4983 vel
2519 4927 2824 4983 secundum
2856 4927 2999 4983 alios
3018 4927 3335 5000 Calyta,vel
3356 4928 3522 4984 etiam

1936 5020 2130 5092 Calyto
2161 5022 2245 5092 (ut
2273 5020 2496 5091 quidam
2527 5019 2763 5091 volunt),
2798 5018 3130 5076 suburbium
3188 5017 3521 5084 Antiochiae,

1938 5132 2049 5172 non
2080 5114 2303 5186 quidem
2336 5113 2576 5186 Syriacae
2597 5123 2693 5169 aut
2716 5113 2860 5169 alius
2894 5113 3048 5170 urbis
3092 5112 3404 5183 cujusdam,
3451 5116 3524 5168 si-

1939 5208 2160 5280 quidem
2190 5207 2378 5261 multte
2407 5207 2510 5262 hoc
2542 5205 2821 5275 insignita:
2864 5207 3215 5275 reperiuntur
3275 5206 3517 5269 nomine,

1936 5301 2032 5357 sed
2058 5300 2367 5355 Antiochiae
2394 5300 2450 5354 in
2479 5297 2682 5354 Pisidia
2734 5298 2849 5354 sive
2896 5297 3316 5369 Pbrygogalatia
3380 5298 3517 5352 sitae.

1935 5392 2085 5450 Gens
2107 5407 2273 5464 porro
2302 5390 2610 5447 Pisidarum
2634 5391 2870 5447 barbara
2906 5390 3154 5460 quidem,
3188 5389 3283 5444 sed
3330 5403 3523 5458 perce-

1936 5485 2127 5548 lebris,
2171 5485 2301 5540 olim
2356 5483 2704 5554 Solymarum
2749 5482 3021 5539 vocabulo
3071 5481 3342 5552 appellata
3398 5492 3526 5535 esse

1936 5581 2158 5636 dicitur.
2206 5575 2318 5630 llos
2344 5575 2534 5645 Calyta
2558 5575 2681 5629 tulit
2714 5575 2911 5630 heroas
2940 5573 3254 5645 praeclaros,
3284 5572 3338 5624 in
3391 5585 3525 5624 cen-

1936 5688 2054 5727 sum
2078 5668 2279 5725 civium
2306 5664 2545 5722 coelestis
2581 5665 2952 5736 metropoleos
2974 5664 3262 5734 ascriptos.
3291 5660 3357 5716 Et
3429 5657 3521 5713 hic

1938 5762 2041 5816 fuit
2062 5771 2279 5816 census.

3062 5927 3102 5987 9
