4048 6412
503 429 615 494 267

1225 421 1641 484 EUSTATI-III
1682 415 2444 478 THESSALONICENSIS
2484 417 3054 480 METROPOLITJE

3633 426 3734 486 ‘ZﬁS

575 537 630 592 6.
655 534 883 592 Vivebat
924 533 981 588 in
1004 532 1096 590 illa
1150 545 1370 600 regione
1408 527 1625 581 Marcus
1653 525 1900 595 quidam,
1961 524 2078 593 qui,

2255 531 2330 588 ς’.
2361 525 2587 595 Μαρκος
2634 521 2704 593 ἦν
2754 544 2836 588 τις
2889 528 2948 579 ἐν
2994 528 3110 590 τοῖς
3137 526 3254 580 ἐκεῖ
3289 528 3444 599 ἀνὴρ,
3477 530 3523 581 εί
3551 533 3640 582 καὶ
3667 534 3733 600 μὴ

501 629 625 683 licet
647 628 789 682 haud
817 623 1225 681 sacerdotaliter
1264 628 1489 682 unctus,
1517 625 1698 671 tamen
1724 615 1865 668 inter
1913 614 2083 668 laicos

501 721 610 776 Deo
642 726 993 776 consecratus
1032 723 1086 770 et
1114 712 1345 784 gratiam
1403 709 1670 764 divinitus
1711 715 1908 761 nactus
1967 713 2085 760 erat

501 811 875 882 apostolicam,
909 823 1012 879 qua
1049 813 1333 871 permotus
1357 803 1428 858 ab
1458 801 1604 856 omni
1637 799 1902 870 pravitate
1961 811 2081 864 qua!

2183 805 2572 875 ἀποστολικήνο
2622 805 2692 858 δι’
2742 802 2811 878 ἧς

502 905 673 958 civem
713 901 823 956 Deo
870 915 1124 969 perosum
1181 897 1383 963 reddit,
1439 894 1696 949 recedere
1742 889 2082 948 desideravit

501 1009 670 1064 seque
700 995 753 1048 in
788 995 902 1047 loca
925 991 1159 1046 contulit
1191 989 1431 1052 deserta,
1468 986 1560 1041 ubi
1583 986 1678 1040 Dei
1711 985 1908 1053 plantae
1933 986 2079 1039 haud

501 1103 627 1140 raro
659 1087 1000 1140 incrementa
1025 1082 1274 1151 capiunt.
1319 1079 1591 1133 Montibus
1612 1077 1758 1131 enim
1813 1076 2085 1147 gaudebat

503 1179 557 1234 in
589 1178 788 1247 quibus
813 1177 974 1230 etiam
1036 1188 1228 1243 greges
1251 1171 1420 1225 divini
1469 1170 1670 1224 nutriri
1728 1169 1871 1222 haud
1928 1167 2083 1221 dedi-

499 1281 754 1344 gnantur,
785 1269 1048 1338 siquidem
1072 1267 1124 1318 in
1152 1264 1348 1319 iisdem
1392 1263 1554 1317 etiam
1607 1261 1824 1317 Veteris
1889 1259 2084 1313 Testa-

500 1364 668 1420 menti
701 1360 868 1422 atavi,
904 1358 1057 1422 Abel,
1091 1356 1388 1425 prophetas,
1428 1354 1618 1414 l)u\'itl,
1645 1363 1699 1406 et
1732 1351 1866 1404 Novi
1893 1349 2084 1404 Frede-

506 1455 584 1509 ris
638 1452 832 1507 corbes
870 1449 1042 1502 sancti
1105 1459 1404 1512 eorumque
1459 1443 1592 1497 socii
1645 1441 1951 1495 rationabili
1995 1455 2084 1506 pa-

500 1543 689 1602 scendi
728 1543 893 1596 modo
929 1541 1235 1593 doctrinam
1264 1537 1604 1606 spiritualem
1638 1533 2084 1588 tradideruntat-

501 1653 608 1706 que
633 1635 1040 1704 cxplicuerunt,
1067 1627 1382 1684 carnalibus
1428 1625 1734 1695 spiritualia
1751 1632 2083 1694 exponentes

500 1735 555 1784 et
621 1734 818 1797 praeter
872 1721 1116 1790 corporis
1172 1718 1388 1774 labores
1449 1717 1687 1771 divinam
1770 1715 2080 1771 animarum

2184 619 2545 688 κεχρισμένος
2579 619 2902 687 ἱερατικῶς,
2939 619 3114 680 ἄλλως
3141 619 3188 671 δ’
3229 617 3323 674 οὖν
3353 622 3409 672 ἐν
3438 621 3630 684 λαῖκοῖς
3657 640 3736 675 τε·

2181 712 2502 780 τελεσμένος
2551 713 2629 780 τῷ
2683 713 2826 783 Θεῷ,
2875 713 2971 765 καὶ
3025 713 3192 784 χάριν
3254 713 3313 778 ἐξ
3370 715 3570 768 ἐκείνου
3606 715 3736 784 σχὼν

2869 804 3218 876 ἐπιθυμήσας
3274 805 3736 876 ἀνακεχωρηκέναι

2185 896 2315 949 ποτὲ
2368 897 2623 965 ἀπάσης,
2683 892 2750 968 ἦς
2825 897 2858 967 ή
2913 897 3190 966 φαυλότης
3250 895 3469 967 πολίτην
3514 897 3735 966 παράγει

2187 989 2518 1059 μισούμενον
2561 988 2704 1059 Θεῷ,
2737 989 2967 1058 ἐρήμοις
2993 989 3181 1052 τόποις
3213 989 3507 1042 ἐκδέδωκεν
3537 989 3733 1052 ἑαυτὸν,

2183 1085 2241 1136 ἐν
2284 1079 2366 1144 οἷς
2400 1085 2491 1135 καὶ
2538 1082 2674 1135 Θεοῦ
2718 1084 2859 1151 φυτὰ
2893 1082 3154 1144 πολλάκις
3196 1081 3524 1152 κηπεύεται.
3557 1083 3735 1151 Ὀρεσι

2184 1172 2293 1241 γὰρ
2325 1172 2568 1240 ἔχαιρεν,
2598 1167 2680 1234 οἷς
2715 1173 2810 1225 καί⁵
2841 1174 2960 1226 θεῖα
3012 1172 3372 1240 ἐντρέφεσθαι
3399 1171 3620 1241 ποίμνια
3646 1171 3736 1222 οὐκ

2183 1261 2509 1326 ἁπαξιοῦσιν
2529 1303 2542 1326 ,
2578 1263 2634 1312 ἐν
2665 1261 2800 1323 οἵοις
2834 1264 2932 1314 καὶ
2961 1262 3012 1314 οί
3059 1261 3158 1328 τῆς
3186 1262 3355 1315 πάλαι
3402 1261 3738 1326 πρωτόγονοι,

2188 1351 2355 1405 ’Λϐελ
2406 1354 2500 1404 καὶ
2559 1354 2607 1405 oi
2660 1353 2984 1422 προφῆται,
3032 1352 3196 1406 Δαυῒδ
3232 1353 3326 1406 καὶ
3371 1352 3421 1404 οι
3460 1354 3554 1420 τῆς
3601 1351 3735 1407 Νέας

2186 1447 2322 1513 ἱεροὶ
2365 1447 2741 1516 σπυρίδωνες,
2797 1447 2893 1500 καὶ
2948 1448 3063 1500 ὅσοι
3121 1447 3243 1500 κατ’
3302 1446 3499 1508 αὐτοὺς
3529 1445 3591 1514 τῇ
3621 1441 3732 1494 κατ’

2182 1539 2440 1609 αἴσθησιν
2498 1540 2834 1611 ποιμαντικῆ
2891 1539 2991 1610 τὴν
3023 1541 3167 1594 κατά
3219 1539 3446 1608 Πνεῦμα
3476 1537 3738 1604 ἐνέφαινον

2182 1634 2277 1686 καὶ
2321 1632 2824 1702 παρεδειγμάτιζον
2856 1674 2870 1697 ,
2919 1630 3325 1696 διδασκαλικῶς
3386 1629 3739 1698 αἰνιττόμενοι

2180 1728 2292 1788 τοῖς
2321 1727 2462 1778 κατὰ
2491 1725 2673 1795 σάρκα
2703 1725 2773 1779 τὰ
2814 1724 3192 1794 πνευματικὰ,
3217 1728 3315 1780 καὶ⁸
3359 1724 3436 1793 τῷ
3463 1722 3555 1776 τοῦ
3587 1721 3739 1790 ἔργου

503 1819 888 1890 perfectionem
943 1814 1255 1869 edocentes.
1326 1808 1418 1864 Sic
1482 1808 1743 1879 pascebat
1800 1806 1892 1862 Dei
1947 1822 2080 1862 oves

2185 1814 2397 1884 σώματι
2428 1815 3009 1886 συμπαραδεικνύντες
3047 1813 3145 1868 καὶ
3181 1814 3282 1884 τῆν
3331 1813 3480 1866 Θείαν
3513 1812 3569 1864 ἐν
3605 1810 3741 1880 ψυχῇ

501 1923 802 1982 agnosque,
859 1905 1188 1976 cupiditates
1244 1901 1652 1956 irrationabiles
1727 1898 1945 1965 stolide,
2000 1897 2078 1953 uti

503 2001 613 2058 l‘ors
645 1999 848 2061 tulerit,
877 1997 1337 2056 circunterrantes
1356 1991 1728 2063 pabulumque
1745 1998 2078 2060 quaerentes,

501 2095 782 2162 saltusque
803 2089 1068 2143 delicatos
1121 2098 1458 2156 persequens
1515 2086 1716 2152 (neque
1776 2083 1923 2137 enim
1987 2083 2080 2150 qui

500 2185 703 2242 saliunt
762 2182 830 2236 ad
882 2181 1085 2234 bonum
1156 2177 1318 2230 linem
1381 2176 1741 2244 pertinguut),
1821 2183 2081 2244 prateru-a

500 2278 751 2356 homines
774 2273 1051 2344 simplices
1082 2278 1135 2326 et
1155 2267 1249 2340 qui
1275 2283 1372 2338 per
1403 2268 1569 2323 vitam
1591 2269 1682 2322 Dei
1711 2268 1887 2337 gratia
1933 2268 2079 2337 pasci

485 2371 840 2428 desiderant.

561 2550 628 2604 Ἰ.
662 2547 768 2603 Sed
797 2549 914 2600 h:ec
946 2543 1154 2613 tropice
1181 2540 1328 2596 dicta
1361 2547 1492 2594 sunt
1522 2547 1576 2594 et
1614 2539 1987 2608 metaphorice
2015 2541 2082 2594 de

503 2650 723 2711 pastore
758 2640 941 2692 ovium
971 2637 1080 2689 Deo
1133 2633 1327 2687 charo.
1380 2630 1596 2686 Marcus
1659 2640 1864 2693 autem,
1923 2633 2082 2698 cujus

503 2733 612 2788 vita
650 2729 843 2800 paucis
871 2727 1053 2782 verbis
1081 2725 1273 2794 nequit
1321 2723 1577 2788 describi,
1626 2731 1685 2778 et
1746 2723 1862 2790 ipse
1913 2724 2082 2776 ratio-

505 2823 702 2879 nabilis
729 2830 919 2892 pastor
951 2818 1077 2882 fuit,
1118 2815 1387 2870 montium
1417 2815 1630 2869 amicus
1659 2821 1714 2869 et
1761 2815 1945 2884 gregis
1988 2815 2076 2870 sui

505 2915 808 2978 studiosus,
845 2913 918 2967 ita
949 2921 1010 2966 ut
1053 2909 1408 2978 semetipsum
1482 2907 1702 2976 penitus
1757 2907 2079 2976 negligeret,

503 3023 838 3078 muncrcque
868 3003 1125 3075 pastorali
1183 3001 1324 3058 haud
1361 3001 1416 3054 in
1451 3015 1608 3056 suum
1637 2999 1808 3069 ipsius
1841 3014 2084 3055 commo-

503 3103 632 3157 dum
657 3099 994 3167 fungeretur,
1020 3095 1114 3150 sed
1145 3091 1328 3147 omnia
1347 3105 1446 3161 pro
1472 3092 1562 3145 Dei
1584 3089 1851 3146 fratribus
1875 3090 2083 3147 faceret

2184 1907 2524 1977 τελειότητα.
2554 1909 2662 1960 Kal
2684 1906 2856 1969 οὕτως
2889 1907 3180 1976 ἐποίμαινε
3213 1905 3467 1974 πρόϐατα
3495 1902 3626 1956 Θεοῦ
3653 1904 3742 1954 καὶ

2182 2001 2623 2071 άρνια,ὁρέξεις
2679 2001 3001 2068 ἀλογίστους
3058 2000 3353 2070 εὐηθικῶς,
3410 2001 3531 2052 ὅποι
3578 1996 3739 2064 τύχοι,

2187 2092 2554 2162 ῥεμϐομένας.
2613 2093 2690 2156 ὡς
2754 2092 3099 2163 βόσκεσθαι,
3155 2092 3253 2145 καὶ
3302 2092 3644 2162 σκιρτήματα
3691 2086 3746 2138 δὲ

2187 2183 2374 2237 ἀπαλά
2402 2184 2616 2238 διώκων
2650 2184 2772 2251 (οὐκ
2799 2185 2855 2238 ἐν
2882 2183 3033 2252 καλῷ
3068 2182 3433 2254 ἀρνευτῆρες,
3455 2183 3528 2244 ὡς
3560 2179 3744 2238 εἰπεῖν.

2183 2276 2370 2329 πολλοὶ
2404 2275 2878 2344 ἀπεκϐαίνουσιν),
2937 2274 3019 2327 ἐτι
3048 2291 3110 2340 γε
3150 2274 3257 2344 μὴν
3301 2275 3398 2326 καὶ
3440 2269 3748 2340 ἀνθρώπους

2183 2367 2524 2433 ἁπλοῖκοῦς,
2559 2367 2636 2431 ὡς
2691 2369 2860 2430 εἰκὸς,
2917 2369 3017 2420 καὶ
3065 2367 3210 2431 οἴους
3263 2365 3476 2418 ἐθέλειν
3525 2364 3608 2417 διὰ
3638 2362 3748 2434 βίου

2183 2460 2570 2531 ποιμαίνεσθαι
2600 2462 2764 2531 χάριν
2794 2459 2956 2515 Θεοῦ.

2255 2554 2322 2618 ζ’.
2369 2555 2530 2609 Ἀλλά
2589 2554 2766 2607 ταῦτα
2825 2555 2924 2623 μὲν
2965 2552 3406 2624 τροπολογικῶς,
3465 2551 3540 2614 ὼς
3580 2550 3642 2605 άν
3670 2564 3750 2610 τις

2181 2649 2433 2718 ἀναγάγῃ
2474 2646 2704 2716 θεοφιλῆ
2753 2644 2997 2715 ποιμένα
3039 2645 3356 2714 προϐάτων.
3399 2645 3458 2698 Ὀ
3505 2644 3560 2696 δὲ
3604 2641 3754 2708 Μάρ-

2180 2759 2296 2805 κος,
2345 2740 2405 2794 ὃν
2458 2739 2561 2792 ούκ
2607 2739 2724 2791 ἐστι
2756 2737 2846 2790 διὰ
2901 2736 3135 2807 βραχέος
3188 2737 3430 2806 ἀγαγεῖν
3455 2735 3634 2804 λόγου,
3664 2733 3754 2786 καὶ

2181 2835 2320 2906 πρὸς
2367 2833 2622 2902 αἴσθησιν
2675 2831 2773 2884 καὶ
2827 2829 2994 2892 αὐτὸς
3028 2829 3344 2897 ποιμαίνων
3377 2824 3468 2900 ἦν,
3497 2828 3590 2881 καὶ
3618 2824 3756 2878 οὕτω

2182 2923 2422 2993 φιληδῶν
2450 2921 2630 2990 ὄρεσι,
2667 2921 2766 2974 καὶ
2801 2919 3139 2990 θρεμμάτων
3173 2920 3281 2972 τῶν
3314 2919 3488 2972 αὑτοῦ
3527 2916 3756 2987 μελόμε-

2180 3032 2292 3079 νος,
2336 3011 2516 3082 ἐαυτῷ
2554 3012 2612 3065 δὲ
2666 3011 2865 3064 οὔκουν
2916 3011 3261 3081 ἐπιστρεφῶς
3311 3009 3474 3081 ἔχων,
3515 3009 3595 3061 ὅτι
3628 3004 3758 3076 μηδέ

2183 3104 2320 3174 πρὸς
2349 3102 2540 3173 κέρδος
2569 3103 2768 3157 οἰκεῖον
2795 3101 3137 3169 ἐποίμαινεν,
3163 3100 3302 3155 ἀλλά
3341 3105 3454 3164 τοῖς
3499 3098 3593 3152 τοῦ
3629 3095 3758 3150 Θεοῦ

503 3208 709 3264 eosque
741 3191 819 3246 sic
851 3189 958 3244 Deo
994 3189 1323 3242 lucraretur.
1352 3184 1538 3255 Neque
1576 3183 1743 3254 igitur
1793 3194 1942 3239 veste
2000 3185 2081 3238 in-

2183 3195 2436 3264 ἀδελφοῖς
2471 3195 2740 3259 ἐπονεῖτο,
2786 3194 2883 3248 καὶ
2912 3193 2980 3246 δι’
3011 3193 3192 3247 αὐτῶν
3234 3192 3480 3256 ἐδάνειζε
3509 3191 3586 3261 τῷ
3620 3187 3756 3257 Θεῷ.

504 3287 670 3341 dutus
700 3284 1090 3353 eratpulchra,
1136 3296 1314 3352 neque
1347 3281 1533 3335 carnis
1590 3279 1926 3349 voluptatem
1986 3294 2082 3334 cu-

2186 3287 2325 3343 Οῦτε
2375 3287 2559 3342 τοίνυν
2611 3283 2873 3350 εῦστολος
2929 3281 3000 3356 ῆν
3030 3285 3130 3356 τὴν
3173 3286 3497 3358 περιϐολὴν,
3529 3285 3622 3338 καὶ
3645 3281 3762 3336 οὐδὲ

504 3376 680 3440 rabat,
713 3374 1096 3444 quare,capite
1121 3385 1347 3440 prorsus
1369 3369 1640 3432 neglecto,
1659 3371 1886 3440 capillos
1919 3371 2081 3426 libere

2184 3381 2284 3449 τὴν
2349 3379 2530 3450 σάρκα
2574 3376 2906 3447 θεραπεύειν
2949 3377 3108 3447 ἤθελε
3147 3381 3444 3450 τρυφερῶς
3477 3396 3490 3411 ·
3541 3378 3622 3432 διὸ
3673 3376 3762 3430 καὶ

503 3481 753 3524 crescere
786 3476 950 3533 atque
1019 3463 1296 3517 luxuriare
1355 3463 1592 3515 sinebat.
1658 3462 1732 3516 Ita
1803 3463 2081 3517 caesariem

2183 3473 2284 3544 τὴν
2306 3469 2552 3540 κεφαλὴν
2582 3471 2796 3540 ἀφῆκεν
2849 3471 3054 3540 ἑαυτῆς
3093 3467 3259 3535 εἶναι,
3307 3474 3408 3528 καὶ
3461 3468 3765 3543 περιουσιά-

507 3562 716 3617 videres
741 3560 973 3614 crinium
1010 3557 1364 3612 subalhorum
1397 3556 1463 3611 ad
1495 3556 1632 3610 talos
1654 3572 1823 3624 usque
1847 3557 2081 3611 deﬂuen-

2186 3564 2376 3630 ζεσθαι
2407 3563 2550 3617 κατά
2591 3563 2778 3631 μόνας,
2830 3563 2932 3615 ὅσα
2969 3561 3145 3616 ἐθέλοι
3192 3564 3360 3634 αὐτή.
3413 3565 3605 3634 Λόχμη
3639 3561 3763 3630 γοῦν

508 3653 714 3708 tem.ln
747 3652 840 3705 tali
884 3659 1066 3704 autem
1137 3648 1469 3717 capillorum
1539 3647 1887 3704 densitudine
1937 3649 2081 3702 haud

2187 3655 2543 3726 ἐσχεδιάζετο
2593 3655 2720 3708 κατ’
2772 3655 2944 3724 αὐτὴν
2975 3655 3184 3725 τριχῶν
3229 3657 3564 3719 διαλεύκων,
3593 3656 3768 3726 χαλω-

506 3761 706 3815 paucas
757 3743 1117 3800 animalculas
1204 3741 1406 3797 vixisse
1466 3755 1726 3811 perquam
1793 3742 2081 3798 verisimile

2190 3750 2326 3818 μένη
2361 3749 2466 3811 ἓως
2495 3749 2590 3802 καὶ
2645 3749 2728 3810 εις
2783 3748 3030 3818 πτέρνας
3077 3750 3268 3814 αύτάς.
3307 3752 3376 3806 Εί
3417 3751 3477 3804 δέ
3516 3750 3609 3804 καὶ
3655 3747 3764 3810 ζῶα

505 3845 613 3892 est.
2187 3839 2358 3910 συχνὰ
2391 3840 2638 3908 κεφαλῆς
2678 3843 2712 3910 ἡ
2741 3843 2968 3912 τοιαύτη
2994 3841 3256 3912 λασιότης
3288 3843 3550 3915 ἔτρεφεν,
3574 3843 3673 3896 οὐκ
3701 3839 3766 3894 ἂν

2187 3931 2416 3994 ἀπεικὸς
2443 3933 2527 4001 εῖη
2565 3931 2958 4002 στοχάσασθαι.

577 4018 632 4078 8.
657 4015 776 4072 Tali
808 4016 974 4088 igitur
1011 4015 1154 4071 inter
1185 4017 1424 4085 acquaies
1456 4015 1686 4085 insignis
1718 4014 1820 4070 fuit
1873 4014 2081 4071 Marcus

2256 4021 2330 4093 η’.
2383 4023 2496 4076 Καὶ
2525 4018 2595 4093 ἦν
2641 4022 2719 4092 τῷ
2752 4023 2970 4094 Μάρκῳ
3006 4026 3343 4096 παράσημον
3401 4029 3462 4082 ἐν
3497 4030 3608 4090 τοῖς
3651 4025 3766 4078 τότε

507 4107 747 4175 caesarie,
774 4123 896 4178 quae
927 4121 1037 4162 non
1074 4106 1274 4172 solum,
1298 4108 1426 4163 dum
1487 4107 1577 4162 ille
1633 4106 1865 4171 viveret,
1911 4107 2081 4160 admi-

2187 4116 2504 4184 σωματικὸν
2546 4117 2575 4182 ἡ
2632 4115 2861 4185 τοιαύτη
2914 4117 3018 4187 τῆς
3059 4116 3308 4188 κεφαλῆς
3360 4118 3624 4190 τρίχωσις
3671 4116 3768 4182 τῆς

507 4203 676 4258 randa
702 4211 818 4256 erat
839 4211 1004 4268 atque
1041 4198 1445 4268 spectatoribus
1470 4205 1757 4266 stuporem
1780 4197 2081 4267 injiciebat,

2186 4209 2284 4262 καὶ
2322 4209 2379 4260 ὲν
2424 4207 2539 4276 ζωῇ
2573 4205 2913 4276 θαυμασίας,
2969 4206 3067 4260 καὶ
3120 4209 3242 4269 οἵας
3286 4209 3621 4280 ἐκπλήττειν
3642 4205 3767 4265 τοὺς

507 4292 602 4350 sed
631 4293 795 4350 etiam
823 4300 944 4371 post
970 4293 1088 4357 ejus
1121 4301 1350 4346 mortem
1409 4289 1727 4345 evertendis
1793 4291 2081 4345 destruen-

2190 4298 2418 4365 θεατὰς,
2471 4297 2570 4352 καὶ
2620 4298 2759 4368 μετὰ
2789 4299 3023 4352 θάνατον
3051 4301 3346 4369 τεραστίας
3387 4302 3566 4365 ἄλλως
3594 4301 3680 4354 διὰ
3710 4299 3769 4350 τὸ

507 4386 698 4454 disque
723 4384 1064 4439 daemonibus
1091 4383 1350 4452 pollebat.
1384 4382 1654 4437 Nimirum
1679 4381 1862 4453 Magni
1919 4383 2080 4452 jussu

2190 4391 2523 4444 καταπονεῖν
2573 4389 2857 4460 δαίμονας.
2894 4391 3180 4461 Τμηθεῖσα
3229 4394 3341 4462 γὰρ
3391 4394 3644 4448 κελεύσει
3677 4388 3767 4445 τοῦ

507 4477 740 4533 dissecta
771 4476 1244 4547 primitiarumque
1272 4477 1447 4532 instar
1472 4479 1526 4532 in
1560 4477 1794 4532 Veneris
1823 4476 2081 4546 templum

2191 4483 2442 4549 Μάγνου,
2473 4481 2570 4534 καὶ
2613 4481 2687 4544 ὡς
2722 4482 2806 4542 είς
2839 4483 3174 4553 πρωτόλειον
3204 4485 3529 4553 πεμφθεῖσα
3557 4484 3636 4553 τῷ
3661 4481 3770 4549 ναῷ

516 4571 818 4640 deportata,
846 4569 935 4624 vix
986 4569 1134 4624 intus
1189 4578 1332 4634 erat,
1357 4584 1481 4626 cum
1534 4571 1698 4624 etiam
1763 4569 2081 4625 miraculum

2193 4547 2309 4643 τῆς.
2335 4573 2652 4643 Ἀρτέμιδος
2677 4613 2692 4639 ,
2751 4547 2898 4641 ἅμα-
2929 4575 3154 4642 γέγονεν
3214 4547 3411 4642 ἐντὸς,
3446 4575 3546 4630 καὶ
3575 4547 3772 4628 αύτίκα

507 4661 712 4716 ederet.
753 4659 1054 4716 Simulacra
1100 4661 1243 4714 enim
1265 4674 1385 4730 qua;
1420 4660 1533 4714 illic
1562 4670 1744 4724 erant,
1770 4659 1930 4729 quasi
1977 4660 2081 4715 vita

2191 4665 2652 4735 ἐτερατούργησε.
2680 4665 2764 4718 Τά
2811 4666 2920 4736 γὰρ
2968 4666 3164 4721 εἴδωλα
3210 4667 3281 4720 τά
3334 4669 3475 4734 ἐκεῖ,
3515 4667 3647 4722 ὡσεὶ
3680 4663 3772 4718 καὶ

509 4761 692 4808 essent
719 4751 966 4822 praedita,
997 4749 1220 4820 delapsa
1278 4760 1628 4812 corruerunt.
1687 4752 2081 4822 confractaque

2191 4755 2412 4825 ἔμψυχα
2436 4750 2600 4825 ἦσαν,
2631 4753 2842 4824 ἔκυψαν
2867 4759 2963 4810 καὶ
3001 4754 3476 4827 ἐταπεινώθησαν·
3505 4757 3602 4812 καὶ
3631 4754 3774 4808 αύτά

511 4843 760 4898 homines
828 4844 1029 4912 probos
1089 4859 1154 4897 ex
1208 4844 1394 4896 intima
1445 4843 1784 4898 inlidelitatis
1829 4845 2081 4915 voragine

2195 4844 2293 4912 μὲν
2325 4843 2743 4914 συνετρίϐησαν,
2801 4845 3099 4915 ἐξήγειραν
3151 4846 3207 4899 δὲ
3260 4847 3372 4899 ἀπὸ
3438 4844 3773 4901 κατωτάτων

508 4945 796 4990 erexerunt
821 4945 875 4990 et
899 4936 965 4991 ad
997 4935 1164 4990 Deum
1182 4935 1545 5000 adduxerunt,
1573 4950 1680 5003 quo
1726 4935 1872 4990 facto
1902 4935 2081 4991 diabo-

2191 4937 2452 5000 ἀπιστίας
2507 4935 2831 5006 ἀνθρώπους
2860 4939 3098 5004 ἀγαθοὺς
3123 4978 3137 5003 ,
3169 4939 3266 4992 καὶ
3298 4941 3666 5009 παρέστησαν
3699 4936 3773 5003 τῷ

512 5034 594 5085 lus
620 5031 746 5084 mali
777 5031 1028 5100 princeps
1057 5029 1263 5099 pudore
1289 5028 1552 5093 sulIusus,
1591 5027 1733 5083 Deus
1752 5038 1960 5093 autem,
1994 5029 2081 5100 qui

2191 5025 2310 5096 Θεῷ
2353 5029 2434 5089 είς
2488 5027 2754 5097 αἰσχύνην
2811 5029 2911 5098 μὲν
2970 5029 3064 5082 τοῦ
3123 5029 3448 5100 ἀρχεκάκου
3502 5029 3772 5092 διαϐόλου,

511 5121 635 5174 bnni
668 5129 750 5175 est
778 5120 1130 5189 principium,
1155 5119 1411 5174 laudibus
1435 5119 1744 5174 celebratus
1771 5127 1874 5173 est.

2189 5119 2348 5184 δόξαν
2395 5118 2453 5171 δὲ
2503 5117 2597 5172 τοῦ
2639 5120 2815 5172 καλῶν
2848 5119 3023 5173 αίτίου
3072 5119 3232 5174 Θεοῦ.

579 5213 635 5267 9.
659 5212 827 5266 Nicon
859 5213 1005 5267 enim
1058 5212 1279 5282 quidam
1338 5223 1393 5266 et
1435 5210 1584 5265 Neon
1637 5220 1690 5265 et
1736 5209 2081 5277 HeliodorusI

2262 5212 2326 5265 θ’.
2379 5210 2565 5264 Νίκων
2628 5211 2738 5281 γάρ
2799 5229 2884 5275 τις
2941 5212 3038 5265 καὶ
3091 5213 3250 5266 Νέων
3308 5215 3406 5267 καὶ
3445 5213 3774 5281 Ἡλιόδωρος

508 5305 837 5359 contritione
869 5318 1155 5373 pravarum
1185 5304 1487 5373 imaginum
1513 5303 1741 5356 istarum
1767 5315 2081 5372 conspecta,

2195 5303 2394 5364 ίδόντες
2439 5302 2539 5371 τὴν
2576 5301 2870 5372 συντριϐὴν
2919 5302 3029 5356 τῶν
3068 5305 3288 5371 φαύλων
3355 5305 3775 5372 ἐκτυπωμάτων

508 5396 872 5466 intelligentes
960 5397 1263 5465 potentiam
1324 5397 1566 5450 divinam
1627 5410 1752 5450 esse
1806 5413 1929 5466 quae
1971 5398 2081 5453 illas

2191 5393 2435 5459 ἐκείνων,
2475 5396 2572 5448 καὶ
2605 5394 2664 5444 ἐν
2700 5393 2840 5463 αὐτῇ
2880 5394 3279 5456 καταλαϐόντες
3327 5395 3431 5456 τὴν
3465 5395 3608 5448 αὐτὰ
3632 5393 3776 5456 ὠθή-

507 5503 803 5544 concussas
827 5489 1178 5558 deiectasque
1206 5487 1557 5558 confregerit.
1607 5488 1842 5543 dmmoni
1879 5491 2081 5558 princi-

2192 5503 2364 5539 σασαν
2420 5485 2517 5539 καὶ
2561 5485 2988 5556 καταρῤίῲασαν
3035 5485 3131 5536 καὶ
3179 5484 3578 5553 συνθρύψασαν
3623 5482 3773 5533 θείαν

506 5580 609 5647 pali
636 5581 997 5634 valedicentes
1023 5579 1362 5645 defecerunt,
1393 5589 1446 5634 et
1477 5580 1544 5634 ad
1605 5577 1769 5634 Deum
1829 5581 2081 5635 acceden-

2189 5578 2439 5647 δύναμιν,
2476 5578 2738 5629 κατεῖπον
2789 5574 2890 5644 μὲν
2936 5575 3033 5627 τοῦ
3099 5573 3463 5644 πρωτοτύπου
3520 5573 3775 5642 δαίμονος

508 5679 586 5721 tes
619 5669 935 5721 sanetilicati
967 5679 1116 5732 sunt,
1150 5670 1623 5738 deserueruntque
1665 5681 1866 5724 terram
1927 5679 2081 5725 trun-

2189 5671 2284 5721 καὶ
2336 5666 2758 5735 άπεστάτησανο
2796 5665 3228 5735 προσεχώρησαν
3274 5665 3330 5718 δέ
3381 5667 3462 5734 τῷ
3510 5663 3631 5732 Θεῷ
3682 5660 3777 5712 καὶ

507 5757 612 5807 cati
639 5756 834 5824 capite,
866 5757 1007 5823 quod
1035 5757 1265 5823 homini,
1298 5759 1508 5814 cmlcsti
1546 5761 1765 5827 plantrc,
1793 5761 1946 5814 radix
1979 5771 2082 5825 est,

511 5845 565 5899 in
599 5848 847 5912 paradiso
873 5855 1051 5899 autem
1079 5848 1129 5901 in
1155 5850 1548 5919 sempiternum
1586 5850 1795 5906 radices
1823 5860 2072 5922 egerunt.

2192 5759 2554 5830 ἡγιάσθησαν,
2585 5760 2688 5827 γῆς
2716 5758 3262 5828 μὲνοάπαναστάντες
3292 5758 3357 5826 τῇ
3389 5757 3494 5825 τῆς
3525 5753 3775 5822 κεφαλῆς

2185 5851 2440 5919 ἀποτομῇ
2466 5886 2481 5914 ,
2512 5845 2614 5916 τῆς
2653 5850 2710 5901 ἐν
2744 5848 3036 5918 ἀνθρώπῳ,
3085 5846 3162 5918 τῷ
3188 5846 3427 5918 οὐρανίῳ
3467 5843 3644 5913 φυτῷ,
3687 5845 3771 5908 ρί-
