4048 6422
305 602 420 668 ζης,
481 599 539 650 ὲν
596 596 915 668 παραδείσῳ
977 595 1034 649 δὲ
1083 594 1409 665 ριζωθὲντες
1473 595 1558 658 είς
1619 592 1951 657 ἀείζωον.Α

268 738 275 745 .
315 690 470 743 Ἀλλά
495 685 675 742 ταῦτα
709 688 809 758 μὲν
843 685 1072 756 ὕστερον
1099 702 1116 721 θ
1170 687 1303 755 ἡμῖν
1354 684 1412 739 δὲ
1450 684 1751 754 ἀφεμένοις
1782 681 1876 735 τοῦ

305 780 440 836 κατά
470 778 719 850 κεφαλὴν
755 778 1114 849 παρασήμου,
1162 776 1469 847 θεωρητέον
1495 774 1559 828 τὸ
1589 775 1735 830 κατὰ
1777 774 1881 843 ψυ-

308 876 402 946 χὴν
429 874 507 938 ὡς
536 871 615 944 τῷ
652 871 818 926 παντὶ
866 869 1053 940 μεῖζον
1084 868 1183 922 καὶ
1209 866 1680 937 θαυμασιώτερον.
1724 865 1882 936 ’Δρε-

302 968 404 1020 τῶν
438 965 551 1035 γάρ
600 964 828 1033 ταμεῖον
876 961 1181 1031 ἐτύγχανεν
1225 962 1256 1014 ὁ
1291 959 1455 1030 ἀνὴρ,
1482 958 1577 1014 καὶ
1611 957 1671 1025 ἐξ
1697 957 1880 1011 αὐτῶν

300 1057 650 1119 διεδείκνυτο,
682 1054 1050 1126 προκείμενος
1079 1053 1161 1116 είς
1188 1050 1539 1107 διδασκάλων
1581 1049 1731 1103 θεῖον
1767 1050 1882 1113 τοῖς

303 1148 601 1220 μανθάνειν
631 1147 932 1204 ἐθέλουσιν.

370 1245 423 1293 ι’.
465 1239 556 1303 Ὧς
588 1239 698 1310 γάρ
727 1239 828 1292 οὐκ
859 1238 918 1292 ὲν
951 1236 1245 1308 δυναστείᾳ
1269 1235 1436 1290 ἵππου
1466 1236 1641 1290 ἐθέλει
1672 1237 1702 1289 ὁ
1726 1233 1880 1301 Θεὸς,

300 1331 422 1385 οὐδὲ
454 1332 516 1385 ὲν
549 1334 785 1401 κνήμαις
812 1330 1010 1402 ἀνδρὸς
1047 1329 1282 1394 εὐδοκεῖ,
1312 1328 1437 1382 ούδὲ
1463 1329 1522 1383 ὲν
1560 1327 1744 1390 ἀλλοις
1771 1344 1886 1381 τοι-

300 1421 480 1485 ούτοις
507 1436 523 1453 ο
553 1419 730 1484 οὕτως
769 1421 894 1475 οὐδὲ
940 1421 1000 1474 ἐν
1046 1418 1265 1490 πλούτῳ
1315 1419 1413 1474 καὶ
1462 1415 1887 1489 περιουσιασμῷ

307 1515 401 1566 καὶ
458 1512 623 1582 λοιπῇ
677 1511 795 1582 βίου
840 1508 1223 1582 λαμπρότητι,
1262 1508 1401 1565 ἀλλά
1431 1509 1663 1580 καρδίαν
1697 1508 1888 1578 ittth-

298 1604 409 1660 τῶν
433 1604 689 1677 καθαράν
731 1605 845 1671 ἀεὶ,
873 1604 972 1659 καὶ
1009 1603 1233 1675 πνεῦμα
1269 1602 1763 1674 συντετριμμένον,
1793 1603 1888 1656 καὶ

298 1697 479 1752 οἰκίαν
505 1698 765 1770 τοιαύτην
801 1698 1198 1769 σεσαρωμένην
1229 1696 1455 1767 κηλῖδος
1480 1695 1728 1765 ἀπάσης.
1774 1696 1888 1749 Καὶ

300 1791 483 1861 εύρὼν
512 1790 574 1845 τὸ
598 1790 935 1862 ζητούμενον
970 1791 1178 1845 ἐνοικεῖ
1208 1789 1330 1843 ἐκεῖ
1353 1788 1452 1843 καὶΙ
1492 1787 1886 1860 ἑμπεριπατεῖ,

300 1885 396 1937 καὶ
429 1882 733 1954 πληρώσας
756 1884 848 1937 τὸν
884 1881 1129 1937 τοιοῦτον
1154 1880 1324 1936 αὐτοῦ
1352 1875 1501 1934 οἷκον
1530 1879 1627 1933 καὶ
1655 1877 1889 1932 πλούτου

300 1933 1399 2043 ἐξέμαξξῇιᾶξᾴξαιῖιώέαξφιλης
1446 1971 1616 2044 αὐτῷ,
1671 1973 1738 2043 τῇ
1790 1969 1891 2042 μὲν
1923 1933 1968 1994 Β

301 2066 439 2135 ὀδμῇ
478 2065 848 2137 καταμηνύει,
906 2067 1042 2120 ὅπου
1077 2066 1255 2135 μένει,
1309 2066 1402 2118 καὶ
1450 2065 1738 2133 ἐφέλκεται
1766 2065 1894 2127 τοὺς

299 2157 400 2227 τὴν
457 2159 668 2224 νοηράν
710 2158 986 2227 ὄσφρησιν
1034 2157 1408 2226 ὑγιαίνοντας,
1441 2156 1521 2226 τῷ
1572 2156 1630 2210 δὲ
1676 2154 1893 2224 πλούτῳ

302 2248 603 2301 καταντλεί
653 2249 781 2311 τοὺς
835 2252 1161 2319 προσιόντας
1187 2288 1203 2312 ,
1264 2249 1361 2302 καὶ
1428 2248 1752 2320 ἀνθρώπους
1797 2247 1893 2301 τοῦ

298 2340 510 2393 οίκείου
540 2340 700 2407 λόγου
734 2341 1059 2394 είσποιεῖται
1085 2340 1306 2403 αὐτούς.

372 2439 470 2486 ια’.
520 2432 734 2488 (ﬁxo-3v
776 2433 873 2487 καὶ
925 2433 1017 2487 τὸν
1062 2434 1292 2503 Μάρκον
1340 2432 1584 2486 τοιοῦτον
1640 2431 1896 2503 εὑρηκὼς

297 2524 576 2595 οἰκήτορα
603 2522 976 2594 εύηρεστήθη,
1025 2524 1123 2577 καὶ
1155 2524 1365 2593 ἄραντα
1413 2524 1538 2586 τοὺς
1583 2523 1896 2593 ὀφθαλμοὺς

302 2616 431 2669 ἰδὼν
480 2619 564 2680 είς
620 2617 720 2687 δρη
782 2615 976 2686 ἐκείνῳ
1034 2615 1372 2687 ἀρέσκοντα,
1419 2611 1584 2686 ἦλθεν
1636 2615 1786 2685 αύτῷ
1816 2615 1898 2678 είς

300 2709 596 2779 βοήθειαν,
635 2710 732 2763 καὶ
764 2708 1054 2776 ὲνοικήσας
1095 2706 1249 2777 αύτῷ
1296 2706 1620 2761 ὲπλούτισεν
1648 2708 1895 2774 ἀγαθοῖς,

294 2804 392 2855 καὶ
419 2801 697 2855 εύωδίασε
747 2799 869 2872 θείᾳ
900 2800 1108 2871 χάριτι,
1135 2802 1234 2853 καὶ
1258 2798 1433 2861 οὕτως
1469 2797 1758 2866 ἐπαγωγὸν
1780 2800 1897 2869 εἰρ-

288 2894 518 2965 γάσατο
544 2895 660 2958 τοῖς
703 2892 971 2962 ἐγνωκόσι
1003 2890 1105 2954 τὰς
1157 2890 1217 2944 ἐν
1272 2889 1426 2960 αὐτῷ
1461 2889 1688 2960 ἀρετάς·
1718 2890 1770 2943 οἳ
1803 2893 1898 2944 καὶ

293 2987 599 3056 τρέχοντες
651 2984 734 3048 είς
785 2982 952 3036 αὐτὸν
979 2983 1081 3037 καὶ
1110 2982 1459 3052 ἀκροώμενοι
1493 2979 1591 3035 τοῦ
1630 2980 1767 3035 Θεοῦ
1799 2982 1897 3035 λα-

290 3074 535 3138 λοῦντος
576 3073 648 3127 δι’
683 3073 875 3138 αὐτοῦ,
932 3073 1035 3126 καὶ
1090 3071 1483 3143 βελτιούμενοι,
1531 3071 1635 3125 οὐκ
1677 3071 1899 3126 ἀνίεσαν

291 3164 640 3237 θαμίζοντες
673 3164 770 3218 καὶ
817 3163 879 3218 τὸ
923 3163 1020 3218 τοῦ
1053 3164 1280 3234 Μάρκου
1313 3160 1569 3231 ποίμνιον
1598 3162 1900 3233 πληθύνον-

289 3276 432 3326 τες,
468 3258 571 3313 ῐνα
629 3259 706 3331 μὴ
745 3256 905 3329 μόνον
951 3256 1069 3320 ζῶα
1124 3257 1228 3326 γῆς
1272 3256 1576 3327 ποιμαίνει,
1624 3257 1761 3311 ἀλλά
1805 3258 1969 3341 καις

291 3350 514 3420 μᾶλλον
554 3349 625 3401 τά
653 3349 747 3403 τοῦ
790 3346 951 3402 Θεοῦ.

368 3440 464 3510 ιβ’.
519 3440 716 3494 Πολλοὶ
758 3439 852 3493 οὖν
881 3440 1114 3510 ἐφοίτων
1166 3440 1302 3510 παρ’
1352 3440 1504 3512 αύτῷ
1547 3435 1898 3506 διδασκαλίας

288 3534 386 3585 καὶ
425 3530 805 3601 συμϐιώσεως
850 3534 1035 3601 χάριν,
1071 3532 1128 3584 ὲν
1183 3526 1264 3595 οἷς
1318 3533 1415 3584 καλ⁵
1470 3532 1757 3602 παρθένοι,
1803 3550 1903 3600 γυ-

287 3625 490 3687 ναῖκες
554 3623 648 3675 καὶ
695 3624 884 3691 νήπια⁸
912 3618 992 3684 οἷς
1046 3626 1142 3676 καὶ
1197 3624 1383 3685 αὐτοῖς
1410 3624 1439 3676 ό
1474 3623 1630 3689 ἅγιος
1677 3628 1748 3677 τὰ
1790 3624 1900 3677 τῶν

284 3714 466 3768 θείων
501 3713 871 3768 διδασκαλιῶν
916 3714 1091 3776 ἐνθεὶς
1146 3712 1452 3784 ἀγώγιμα,
1509 3715 1586 3777 ὡς
1635 3714 1901 3783 ἠδύναντο

286 3808 535 3876 χωρεῖν,
570 3804 650 3865 είς
681 3803 774 3856 τὸν
808 3806 928 3857 ἐκεῖ
957 3804 1230 3874 σωτήριον
1261 3804 1632 3875 ἑναυστόλησε
1678 3805 1897 3874 λιμένα,

283 3895 387 3946 καὶ
417 3894 581 3948 οὕτω
631 3892 1011 3962 περιεσώσατο
1059 3895 1139 3955 είς
1191 3892 1347 3947 Θεόν.
1399 3894 1508 3948 Καὶ
1551 3892 1664 3947 εἴθε
1704 3890 1773 3965 ἦν
1804 3896 1902 3947 καὶ

284 3986 440 4040 αὐτὰ
477 3988 675 4039 ἐκεῖνα
734 3983 1181 4055 ὲξονομάζεοθαι,
1207 3986 1285 4050 ὡς
1318 3985 1386 4040 ἂν
1431 3986 1655 4057 εἴχομεν
1704 3991 1798 4041 καὶ
1829 3986 1901 4041 δι’

279 4077 594 4146 ὀνομάτων
618 4075 846 4128 ἐκείνων
874 4075 1125 4142 ἀγιάςειν
1162 4076 1257 4129 καὶ
1290 4075 1470 4146 ψυχὴν
1509 4077 1607 4129 καὶ
1636 4075 1899 4144 γλῶσσαν

277 4172 383 4223 καὶ
415 4169 485 4222 τὸ
519 4167 717 4221 λοιπὸν
749 4166 932 4236 σῶμα,
965 4167 1028 4220 τὸ
1078 4166 1182 4237 μὲν
1236 4168 1299 4238 τῇ
1362 4168 1556 4238 μνήμῃ
1579 4208 1594 4230 ,
1627 4169 1687 4219 τὸ
1720 4167 1777 4219 δὲ
1832 4168 1898 4239 τῇ

276 4261 549 4331 γλώττῃ,
578 4258 639 4312 τὸ
670 4258 728 4311 δὲ
755 4228 940 4328 τρίτον
978 4260 1046 4328 τῇ
1078 4228 1325 4311 ’διαδόσει
1347 4228 1374 4310 ι’
1405 4228 1559 4312 Ἐ’πεί
1583 4228 1661 4311 ᾐδὲ
1691 4261 1723 4328 ἡ
1763 4228 1900 4328 any:
1920 4228 1941 4281 1⁵⁸

280 4351 490 4422 γραφὴ
525 4347 857 4419 ἀνωνύμους
906 4348 1114 4418 ἀφῆκε,
1151 4349 1297 4402 καθά
1366 4351 1463 4402 καὶ
1515 4350 1647 4413 τοὺς
1702 4350 1899 4420 ἄνδρας

282 4444 590 4515 μαθητὰς,
646 4442 792 4495 οὓτω
827 4441 922 4495 καὶ
954 4441 1057 4505 τὰς
1089 4440 1402 4511 παρθένους
1460 4442 1558 4495 καὶ
1586 4442 1655 4495 τὰ
1703 4445 1896 4513 νήπια,

277 4535 663 4607 θαυμαστέον
722 4535 817 4587 τὸν
872 4535 1051 4603 μέγαν
1103 4534 1333 4604 Μάρκον
1378 4535 1438 4587 ὲν
1487 4533 1564 4604 τῷ
1591 4534 1897 4606 διορᾶσοαι,

1465 483 1568 544 DE
1601 483 1666 548 S.
1705 480 2007 541 ALPHEO
2051 482 2142 541 ET
2180 480 2450 542 SOCIIS.

3450 480 3558 547 210

1985 591 2236 645 Attamen
2262 593 2438 646 dehis
2472 590 2612 647 infra
2643 592 2881 647 dicetur.
2928 589 3285 657 Nunc,missa
3327 594 3558 649 caesarie

1983 683 2071 737 illa
2095 683 2315 745 celebri,
2333 683 2493 739 nobis
2516 684 2806 739 videndum
2831 685 3027 753 quibus
3050 684 3370 740 excelluerit
3387 687 3559 742 animi

1981 774 2227 838 d0tibus,
2285 786 2474 846 utpote
2528 792 2651 846 quae
2712 778 2951 849 majores
3008 790 3065 832 et
3123 780 3561 837 admirabiliores

1962 863 2157 918 tuere.
2196 866 2467 922 Virtutum
2501 869 2646 923 enim
2677 870 3023 940 egregiarum
3052 871 3222 926 veluti
3260 887 3401 942 penu
3430 883 3556 929 erat

1984 954 2075 1009 ille
2104 958 2209 1025 vir,
2245 966 2300 1012 et
2348 958 2599 1014 discendi
2650 961 2869 1030 cupidis
2920 960 3264 1032 disciplinam
3316 963 3562 1020 divinam

1983 1051 2440 1107 communicabat.

2056 1229 2144 1286 Ιθ.
2178 1229 2335 1286 Sicut
2366 1233 2511 1287 enim
2552 1233 2694 1290 Deus
2724 1250 2903 1306 neque
2923 1235 3132 1291 viribus
3181 1251 3332 1307 equi,
3388 1253 3567 1308 neque

1960 1324 2238 1379 ‘cruribus
2277 1324 2402 1388 viri,
2433 1340 2611 1397 neque
2663 1327 2788 1384 aliis
2840 1327 3151 1398 hujusmodi
3212 1331 3376 1386 rebus
3420 1331 3568 1386 dele-

1984 1423 2183 1481 ctatur,
2214 1413 2290 1469 ita
2322 1429 2425 1470 nec
2446 1416 2651 1473 divitiis
2683 1431 2780 1473 nec
2800 1417 3019 1487 opibus,
3050 1433 3153 1473 nec
3182 1420 3393 1490 reliquo
3440 1420 3569 1474 vitae

1988 1505 2276 1574 splendore
2301 1507 2520 1577 gaudet,
2547 1508 2641 1565 sed
2702 1509 2883 1580 potius
2916 1525 3012 1566 cor
3071 1526 3290 1582 semper
3344 1528 3566 1582 purum,

1989 1596 2233 1650 animum
2262 1597 2560 1652 contritum
2594 1607 2651 1653 et
2676 1597 2758 1656 sic
2791 1599 3016 1654 domum
3047 1612 3196 1655 omni
3223 1601 3573 1656 immunditie

1989 1687 2350 1757 impurgatam
2382 1688 2601 1758 quaerit.
2649 1691 2830 1761 Atque
2862 1690 2952 1745 ubi
3005 1693 3293 1762 quasitum
3343 1693 3572 1759 invenit,

1990 1776 2264 1833 inhabitat
2291 1779 2366 1834 ibi
2391 1790 2445 1835 et
2464 1780 2789 1851 inambulat,
2827 1782 3103 1854 domoque
3152 1784 3246 1838 illa
3314 1784 3573 1839 omnibus

1992 1869 2111 1926 suis
2146 1871 2349 1928 divitiis
2375 1883 2434 1929 et
2489 1873 2754 1932 odoribus
2783 1875 3041 1946 pretiosis
3068 1879 3294 1948 repleta,
3326 1877 3576 1950 fragran-

1994 1963 2081 2016 tite
2111 1963 2379 2020 suavitate
2401 1965 2493 2021 ubi
2531 1966 2744 2022 habitet
2768 1967 3001 2036 indicat,
3036 1984 3242 2039 eosque
3290 1972 3387 2041 qui
3434 1987 3574 2026 sano
3603 2041 3606 2044 ἢ

1993 2052 2159 2108 animi
2191 2053 2397 2110 olfactu
2431 2057 2691 2128 gaudent,
2728 2060 2796 2115 ad
2827 2074 2888 2116 se
2918 2063 3209 2130 pertrahit,
3250 2065 3574 2118 accedentes

1991 2147 2236 2203 cumulat
2259 2148 2490 2219 divitiis,
2520 2150 2737 2224 sibique
2790 2153 3002 2211 similes
3048 2155 3293 2211 admittit
3324 2156 3577 2228 adoptat—

1993 2253 2122 2309 que.

2067 2420 2157 2473 il.
2184 2420 2424 2477 Marcum
2472 2423 2636 2496 igitur
2658 2425 2973 2496 huiusmodi
2995 2428 3361 2486 habitatorem
3395 2446 3579 2503 mper-

1996 2514 2112 2562 ttnu
2136 2510 2327 2567 dilexit
2346 2512 2512 2581 Deus,
2546 2529 2787 2586 eumque
2840 2518 3032 2574 videns
3063 2519 3330 2576 levantem
3388 2524 3579 2579 oculos

1996 2600 2063 2654 ad
2093 2615 2302 2657 montes
2345 2604 2449 2660 sibi
2491 2605 2749 2675 placitos,
2804 2623 2908 2664 suo
2967 2611 3181 2678 adjuvit
3238 2614 3470 2679 auxilio,
3520 2626 3581 2671 et

1999 2689 2316 2750 inhabitans
2331 2693 2414 2751 ita
2449 2695 2613 2753 bouis
2644 2698 2839 2753 ditavit
2867 2713 2933 2756 ac
2950 2703 3104 2757 suavi
3128 2705 3316 2773 gratiae
3339 2707 3583 2777 perfudit

1997 2786 2186 2853 odore,
2224 2796 2280 2841 ut
2311 2788 2405 2859 qui
2436 2800 2561 2845 eum
2594 2793 3005 2862 cognoscebant
3036 2795 3104 2850 ad
3158 2799 3332 2868 ipsius
3350 2802 3581 2859 virtutes

1998 2875 2352 2933 allicerentnr
2379 2882 2505 2951 :qui
2527 2883 2749 2953 quidem
2782 2887 2849 2941 ad
2884 2901 3009 2943 eum
3042 2902 3350 2956 currentes.
3376 2894 3581 2952 Deum-

1982 2982 2107 3033 ‘que
2133 2972 2420 3030 audientes
2442 2991 2510 3031 ex
2542 2977 2664 3048 ejus
2698 2994 2796 3035 ore
2846 2981 3182 3054 loquentem,
3220 2997 3277 3043 et
3321 2991 3579 3048 meliores

2002 3059 2154 3129 iacti,
2217 3064 2594 3125 indesinenter
2651 3070 2896 3128 Marcum
2943 3075 3258 3134 invisebant
3304 3093 3358 3136 et
3409 3081 3581 3152 ipsius

2000 3154 2284 3222 replebant
2315 3157 2478 3224 ovile,
2509 3167 2568 3214 ut
2588 3174 2695 3214 non
2740 3163 2917 3217 solum
2954 3175 3113 3222 terra:
3161 3171 3423 3243 pecudes,
3483 3177 3581 3231 sed

2000 3255 2053 3301 et
2075 3246 2246 3317 ipsius
2278 3248 2372 3305 Dei
2431 3266 2560 3309 oves
2590 3266 2862 3321 pasceret.

2076 3427 2162 3482 19.
2189 3427 2331 3500 Ergo
2364 3433 2521 3487 multi
2552 3448 2678 3489 eum
2703 3435 3127 3507 frequentabant
3158 3444 3224 3498 ad
3258 3445 3580 3504 discendum

1999 3530 2056 3575 et
2086 3525 2550 3591 conversandum,
2602 3527 2658 3581 in
2693 3530 2895 3598 quibus
2921 3540 2975 3587 et
2999 3534 3239 3603 virgines
3292 3540 3585 3597 muliereso

2000 3627 2108 3681 quc
2137 3624 2191 3667 et
2220 3616 2420 3684 pueri:
2475 3632 2617 3686 quos
2682 3627 2738 3674 et
2802 3623 2951 3692 ipsos
3005 3633 3269 3695 sanctus,
3326 3631 3584 3701 imposita

2000 3703 2307 3758 divinarum
2349 3706 2765 3777 disciplinarum
2793 3714 3032 3782 sarcina,
3061 3729 3323 3787 quantam
3366 3735 3583 3794 gestare

2001 3801 2271 3863 poterant,
2298 3797 2364 3851 ad
2383 3799 2662 3856 caelestem
2679 3803 2871 3859 salutis
2893 3817 3108 3876 portum
3134 3813 3363 3881 appulit,
3392 3818 3583 3886 sicque

2001 3886 2306 3944 incolumes
2333 3892 2399 3946 ad
2432 3891 2603 3948 Deum
2636 3897 2897 3956 traduxit.
2952 3900 3132 3971 Atque
3184 3906 3391 3960 utinam
3459 3910 3583 3964 illos

2000 3979 2284 4036 nominare
2309 3999 2595 4053 queamus,
2630 3997 2689 4042 ut
2706 3991 2980 4058 possimus
3006 4008 3103 4061 per
3118 4009 3304 4052 eorum
3361 4004 3584 4060 nomina

2003 4070 2348 4128 sanetilicare
2375 4074 2639 4145 animam,
2667 4087 2722 4133 et
2754 4080 3020 4152 linguam,
3043 4091 3098 4139 et
3130 4086 3401 4158 reliquum
3459 4107 3581 4146 cor-

2002 4178 2123 4232 pus,
2143 4162 2373 4232 primam
2404 4168 2614 4224 scilicet
2643 4174 2933 4241 memoria,
2959 4177 3255 4233 secundam
3283 4180 3584 4247 locutione,

2002 4255 2224 4309 tertium
2289 4259 2759 4318 transmissione!
2815 4262 3087 4330 Quoniam
3146 4284 3281 4326 vero
3352 4273 3584 4328 historia

2001 4345 2397 4416 discipulorum
2424 4354 2651 4407 numina
2678 4358 3052 4426 praetermisit,
3111 4371 3171 4417 ttt
3203 4363 3478 4431 Virorum,
3505 4368 3586 4421 sic

2005 4441 2297 4496 mulierum
2330 4452 2385 4497 et
2421 4460 2741 4513 puerorum,
2781 4465 2905 4504 cum
2940 4453 3306 4511 admiratione
3333 4462 3586 4513 οοιιδὶιιο-

2003 4532 2234 4585 randum
2267 4543 2351 4588 est
2389 4540 2666 4606 quomodo
2711 4556 2943 4610 magnus
2994 4544 3235 4611 Marcus,
3290 4565 3582 4620 postquam

274 4629 440 4693 ὅπως
487 4626 640 4682 Θεοῦ
677 4626 915 4690 σεπτοὺς
958 4624 1184 4689 τούτους
1213 4625 1424 4696 ἀμνοὺς
1459 4628 1555 4680 καὶ
1587 4627 1752 4695 ἁγίας
1792 4628 1898 4696 ἀμ-

2012 4626 2351 4683 t'enerandos
2382 4630 2474 4684 Dci
2505 4646 2696 4702 greges
2718 4646 3051 4705 sanctasque
3078 4655 3207 4694 oves
3235 4651 3290 4695 et
3320 4642 3586 4698 innocen-

275 4723 462 4786 -νάδας
515 4722 625 4775 καὶ
679 4719 897 4790 καθαρά
931 4717 1096 4792 ἀρνία
1168 4719 1446 4790 ποιμάνας
1507 4720 1689 4784 καλῶς
1715 4758 1731 4785 ,
1806 4722 1901 4773 καὶ

279 4817 366 4881 είς
415 4813 755 4886 νηπιότητα
781 4810 1168 4882 πνευματικὴν
1194 4810 1489 4884 ἑκθρέψας,
1522 4808 1645 4868 εἶτα
1681 4815 1777 4867 καὶ
1813 4830 1903 4866 τε-

279 4908 571 4978 θυμένοις
604 4904 685 4974 τῷ
717 4903 837 4973 Θεῷ
872 4905 1309 4975 συγκατεσφάγη
1342 4907 1436 4959 καί
1470 4905 1634 4969 αὐτὸς
1656 4947 1672 4972 ,
1706 4908 1902 4976 ἱερεῖον

278 4997 679 5069 ἀνωφορηθὲν
708 4997 788 5059 είς
814 4994 1221 5077 εύπρόσδεκτον
1252 4997 1602 5068 τῇὙψίστου
1627 4998 1898 5071 τραπέζῃ.

291 5092 446 5145 Ἀλλ’
475 5087 688 5157 ἐπειδὴ
723 5087 820 5141 καὶ
867 5085 1029 5139 τοῦτο
1063 5085 1296 5158 ὕστερόν
1334 5088 1507 5155 ἐστιν,
1546 5088 1802 5144 ἐκθετέον
1833 5089 1903 5143 τά

281 5184 397 5255 πρὸ
424 5185 544 5251 τῆς
573 5176 835 5247 τοιαύτης
865 5174 1290 5248 θεοφιλεστάτης
1321 5178 1539 5243 θυσίας’
1564 5171 1641 5234 ὧν
1672 5178 1899 5250 τοιαύτη

279 5292 367 5337 τις
394 5276 432 5344 ἡ
468 5269 756 5332 διάθεσις.

354 5373 457 5436 ιγ’.
493 5360 910 5431 Διοκλητιανῷ,
961 5360 1326 5432 πολυκεφάλῳ
1370 5362 1565 5434 ἐκείνῳ
1596 5362 1797 5436 θηρίῳ,
1823 5365 1902 5437 τῷ

287 5458 472 5530 βραχύ
496 5473 563 5509 τι
595 5453 754 5523 παρὰ
770 5452 1008 5521 δαίμονα
1035 5451 1408 5524 ἠλαττωμένῳ
1437 5455 1505 5509 τά
1536 5472 1602 5523 γε
1636 5458 1717 5519 εἰς
1748 5458 1903 5525 μῖσος

285 5544 721 5620 χρεστιανικὸν,
759 5537 971 5614 κεφαλὴ
996 5546 1172 5614 μιαρὰ
1207 5546 1596 5615 παραπεφύκει
1623 5550 1650 5602 ὁ
1679 5547 1903 5618 ἡγεμὼν

286 5642 557 5706 Μᾶγνος,
584 5633 646 5685 τί
679 5633 777 5703 μὲν
825 5634 886 5687 οὺ
921 5634 1339 5705 μηχανώμενος,
1371 5636 1424 5688 τί
1446 5636 1503 5689 δὲ
1537 5638 1599 5690 οὐ
1626 5638 1822 5707 λέγων,
1853 5639 1904 5690 τί

289 5735 344 5787 δὲ
374 5733 457 5803 μὴ
481 5730 760 5802 πράττων
798 5730 941 5781 κατὰ
965 5729 1100 5782 Θεοῦ
1137 5730 1230 5781 καὶ¹
1256 5730 1367 5782 τῶν
1403 5729 1498 5782 τοῦ
1529 5731 1665 5784 Θεοῦ
1694 5751 1707 5796 ;
1741 5734 1903 5801 περίο

292 5843 505 5889 muto;
579 5823 684 5874 καὶ
732 5821 892 5884 αὐτὸς
947 5821 1044 5892 τὴν
1093 5821 1315 5884 κακίαν,
1371 5822 1629 5892 δαίμονος
1664 5826 1901 5893 μεγάλου

295 5919 523 5973 ἐκείνου
572 5912 791 5981 δαίμων
847 5911 1009 5975 αὐτὸς
1069 5913 1168 5965 οὐκ
1218 5912 1456 5966 ἐλάττων
1524 5914 1895 5987 ὑπασπιστὴς,

2009 4721 2090 4769 tes
2123 4731 2296 4785 agnos
2324 4720 2528 4788 optime
2560 4732 2786 4790 paverat
2822 4733 2875 4778 et
2928 4726 2980 4779 in
3045 4728 3274 4784 infantia
3314 4734 3586 4802 spirituali

2006 4808 2243 4875 aluerat,
2275 4809 2472 4867 deinde
2500 4812 2814 4870 immolatos
2844 4817 2953 4872 Deo
2981 4819 3199 4876 victima
3257 4834 3311 4878 et
3340 4825 3455 4893 ipse
3490 4845 3585 4882 co-

2009 4902 2235 4957 mitatus
2268 4911 2374 4967 est,
2428 4905 2480 4957 in
2525 4907 2859 4961 sacriﬁcium
2883 4914 3219 4979 acceptabile
3247 4917 3312 4969 ad
3343 4933 3585 4974 iitt'ttsam

2000 4994 2266 5051 Altissimi
2300 4997 2616 5052 ascendens.
2655 4998 2760 5053 Sed
2780 5016 2903 5055 cum
2942 5003 3041 5056 hoc
3098 5006 3262 5062 fuerit
3312 5023 3586 5080 ununnm,

2005 5087 2329 5158 exponenda
2379 5098 2507 5145 sunt
2539 5107 2661 5160 quae
2691 5092 2840 5147 illam
2901 5094 3011 5151 Deo
3041 5100 3409 5167 gratissimam
3451 5122 3588 5173 ιιι-ω-

2006 5191 2291 5236 cesserunt
2317 5184 2702 5240 mactationem
2742 5204 2756 5241 :
2787 5203 3022 5257 quorum
3080 5180 3167 5246 hic
3198 5202 3283 5248 est
3319 5197 3474 5251 ordo.

2080 5360 2170 5415 i5.
2206 5359 2566 5428 Diocletiano,
2595 5362 2909 5435 multicipiti
2943 5365 3031 5421 isti
3082 5367 3295 5436 bellum,
3350 5374 3437 5427 cui
3477 5375 3585 5429 tlte-

2011 5468 2137 5505 mon
2176 5453 2291 5523 ipse
2338 5469 2530 5522 parum
2593 5458 2891 5525 praestabat
2936 5456 3386 5519 Christianorum
3431 5467 3583 5529 odio,

2010 5544 2164 5599 triste
2186 5555 2349 5613 caput
2377 5548 2649 5602 succrevit
2677 5554 2786 5603 dux
2839 5548 3089 5620 Magnus,
3122 5554 3259 5609 nihil
3303 5572 3406 5610 non
3463 5573 3584 5609 ma-

2012 5640 2264 5697 rhinans.
2297 5638 2434 5691 nihil
2470 5654 2577 5691 non
2602 5641 2814 5707 dicens,
2847 5642 2987 5696 nihil
3033 5659 3141 5697 non
3164 5643 3373 5700 iaciens
3395 5656 3586 5701 contra

2011 5728 2262 5783 Denmet
2294 5730 2498 5797 divina,
2550 5733 2782 5804 insignis
2812 5747 2866 5789 et
2915 5734 3030 5805 ipse
3087 5738 3352 5805 nequitia,
3400 5738 3584 5805 magni

2010 5820 2156 5873 illius
2187 5819 2449 5874 tlaamonis
2479 5823 2691 5877 dzemon
2728 5824 2843 5894 ipse
2883 5826 3025 5878 haud
3077 5826 3302 5878 inferior
3341 5827 3587 5890 satelles,

2012 5912 2353 5967 contendens
2391 5927 2495 5967 non
2523 5912 2697 5968 solum
2729 5930 2884 5986 αξηυο
2946 5919 3115 5985 gradu
3170 5930 3292 5969 cum
3347 5916 3589 5984 pessimo
