4048 6414
431 415 539 480 271

1145 425 1504 486 EUST-ATH
1517 426 1576 484 II
1619 426 2372 494 THESSALONICENSIS
2411 437 2972 506 METROPOLITAZ

3571 453 3679 519 272

432 540 656 595 domino
677 554 1027 605 concurrere,
1052 539 1148 596 sed
1178 556 1302 597 eum
1329 543 1684 613 praetergredi
1738 542 1983 598 continui

2109 547 2432 615 φιλονεικῶν
2465 554 2540 624 μὴ
2567 555 2730 624 μόνον
2767 559 2904 628 πρὸς
2935 560 3161 631 ἰσότητα
3185 563 3262 634 τῷ
3294 565 3676 638 φαυλεπιφαύ-

431 637 488 692 in
521 634 672 689 nefas
696 647 880 690 cursu.

502 820 590 876 14.
624 819 751 886 lste,
777 832 838 874 se
864 831 1125 872 exercens
1149 817 1305 885 quasi
1338 820 1406 870 ad
1437 825 1717 886 capturam
1742 815 2006 871 Christia-

429 929 652 981 norum,
708 910 839 982 quia
894 907 1246 964 venationem
1293 907 1514 961 amabat
1564 905 1730 977 (sicut
1775 916 2000 962 econtra

428 1006 643 1061 Marcus
669 1002 898 1074 ejusque
922 998 1178 1068 discipuli
1220 1013 1340 1054 sese
1362 999 1696 1054 exercebant
1719 999 1788 1053 ad
1844 1015 1998 1053 man-

429 1095 802 1160 suetudinem,
833 1099 1024 1162 utpote
1053 1093 1178 1146 vitae
1199 1091 1492 1160 pastoralis
1521 1092 1816 1161 amantes),
1865 1106 2003 1162 prae-

431 1190 560 1246 fecit
589 1186 910 1258 hujusmodi
963 1191 1241 1238 venaturre
1308 1183 1599 1252 quemdam
1657 1182 1997 1246 Diomedem,

425 1283 663 1353 peritum
687 1279 865 1352 gregis
909 1292 1106 1334 canum
1155 1277 1387 1332 ducendi
1439 1286 1494 1331 et
1542 1275 1870 1331 Christianis
1924 1275 2006 1328 in-

418 1377 840 1442 .fensissimum,
891 1383 952 1431 ut
1014 1373 1268 1444 improbo
1326 1369 1553 1424 domino
1608 1369 1804 1424 similis
1855 1375 2004 1424 esset

430 1471 701 1526 minister.
743 1469 812 1524 Et
831 1467 1054 1538 quidem
1089 1471 1357 1534 quantum
1402 1461 1456 1515 in
1490 1459 1782 1516 venatione
1816 1457 2000 1512 Marco

428 1563 717 1620 inserviret
744 1561 821 1617 illi
859 1559 1140 1624 sciebant;
1199 1569 1364 1626 quam
1398 1568 1529 1610 vero
1583 1562 1776 1608 contra
1825 1552 1997 1607 Deum

426 1654 708 1731 praedandi
733 1653 965 1710 callidus
986 1659 1157 1717 esset,
1189 1649 1313 1703 hinc
1332 1645 1682 1701 manifestum
1714 1654 1824 1701 est.

501 1749 591 1804 l5.
620 1744 954 1802 Procedebat
981 1745 1279 1815 quondam,
1305 1747 1536 1794 venatus
1567 1737 1748 1793 omnis
1781 1737 2000 1808 generis

414 1844 621 1906 feram,
661 1847 717 1896 et
767 1837 968 1893 multos
1037 1848 1224 1891 secum
1281 1831 1514 1887 habebat
1562 1831 1632 1886 ad
1684 1829 1999 1900 hujusmodi

427 1935 679 1996 idoneos,
701 1931 811 1985 huc
851 1929 981 1984 illuc
1020 1926 1269 1998 palantes
1302 1923 1370 1978 ad
1405 1921 1845 1992 investigandum
1876 1935 1997 1991 quas

425 2023 769 2096 appetebant.
799 2018 903 2080 llli.
935 2032 1057 2088 quae
1090 2016 1164 2073 ibi
1193 2023 1350 2070 erant
1401 2013 1749 2084 indagantes,
1802 2026 2000 2067 occur-

423 2126 551 2171 runt
575 2112 760 2169 Marco
786 2109 1031 2173 docenti,
1069 2116 1125 2163 et
1154 2105 1318 2162 simul
1349 2120 1413 2160 ac
1440 2105 1648 2170 vident,
1678 2104 1994 2172 obstupent.

419 2209 660 2264 Cernere
689 2204 832 2260 enim
861 2210 980 2257 erat
1010 2213 1137 2254 vere
1161 2199 1284 2254 visu
1345 2197 1598 2252 mirabile
1653 2204 1710 2252 et
1759 2195 1997 2266 posteris

421 2292 608 2349 auditu
644 2285 985 2344 incredibile.
1018 2281 1208 2338 Virum
1229 2282 1452 2352 quidem
1504 2283 1836 2338 exhaustum
1847 2280 1995 2352 jeju-

419 2383 548 2446 niis,
587 2379 733 2434 fame
789 2382 1158 2439 attenuatum,
1195 2376 1446 2428 umbram
1499 2382 1712 2428 tantum
1751 2373 1996 2428 hominis

417 2472 787 2534 exhibentem,
814 2467 967 2524 canis
993 2463 1249 2520 villosum
1267 2462 1395 2534 pilis
1422 2478 1454 2518 a
1485 2464 1690 2519 vertice
1706 2463 1772 2518 ad
1799 2466 1990 2533 pedes,

407 2563 561 2620 haud
579 2561 724 2617 adeo
775 2556 1029 2613 admirati
1063 2565 1229 2620 sunt;
1280 2553 1374 2610 sed
1417 2554 1692 2624 jacentem
1755 2553 1821 2609 ad
1867 2552 1989 2623 ejus

406 2657 584 2728 pedes
604 2667 810 2718 ursam,
843 2662 1047 2719 eosque
1093 2645 1286 2702 leniter
1329 2645 1680 2709 lambentem,
1726 2653 1804 2710 et,
1862 2659 1989 2699 eum

416 2750 565 2822 loqui
595 2762 708 2802 non
749 2749 959 2816 posset,
1017 2741 1096 2794 ita
1129 2736 1282 2793 vocis
1349 2736 1678 2806 obsequium
1738 2737 1990 2806 supplere

416 2841 766 2915 gestientem,
792 2836 1146 2904 stupuerunt,
1183 2837 1239 2884 et
1260 2844 1374 2899 pra:
1407 2827 1702 2884 formidine
1731 2831 1988 2885 volebant

413 2951 442 2990 a
468 2933 654 2989 Marco
677 2937 734 2986 et
752 2927 823 2983 ab
861 2939 988 2980 ursa
1015 2920 1318 2978 discedere.
1355 2918 1463 2975 Sed
1520 2922 1835 2977 morabatur
1891 2922 1989 2978 ad-

413 3025 632 3082 miratio
653 3030 716 3078 et
742 3019 929 3076 oculos
945 3014 1246 3078 detinebat,
1264 3013 1345 3068 vel
1372 3013 1574 3084 potius,
1598 3022 1655 3067 ut
1681 3013 1755 3069 ita
1780 3013 1983 3081 dicam,

411 3117 631 3173 stabant
672 3111 841 3175 muti,
883 3104 1096 3162 astricti
1146 3118 1348 3174 pavore
1376 3119 1443 3160 ac
1492 3113 1741 3176 stupore,
1811 3107 1985 3162 donec

409 3207 585 3264 sancti
617 3203 722 3261 viri
749 3201 926 3260 accitu
956 3196 1202 3254 animum
1253 3196 1578 3265 recipientes
1605 3197 1674 3253 ad
1703 3213 1829 3254 eum
1887 3213 1982 3252 ac-

407 3305 716 3358 cesserunt.

480 3559 567 3614 l6.
602 3556 756 3612 Tunc
775 3555 1044 3613 sciscitati
1070 3569 1134 3610 ac
1156 3554 1450 3624 diligenter
1476 3553 1652 3608 deillo
1679 3554 1982 3625 percontati

404 3661 461 3707 et
491 3661 774 3721 comperto
817 3666 944 3704 eum
978 3664 1098 3705 esse
1129 3648 1336 3704 Christi
1358 3647 1645 3712 famulum,
1699 3659 1983 3703 converte-

405 3757 535 3801 runt
561 3743 976 3799 admirationem
1008 3741 1370 3810 timoremque
1407 3741 1462 3795 in
1511 3742 1762 3795 rabidum
1813 3741 1982 3812 ipsius

402 3838 714 3904 odium;et
744 3834 1011 3905 imprimis
1078 3833 1193 3889 fera
1255 3833 1432 3888 bestia
1506 3833 1816 3902 Diomedes,
1885 3835 1980 3904 qui

401 3931 584 3987 statim
617 3928 831 4000 Magno,
863 3925 1207 3998 gratissimus
1268 3925 1454 3992 index,
1518 3927 1723 3981 bonum
1793 3927 1976 3983 defert

401 4021 668 4085 Marcum,
689 4017 1014 4086 discipulam
1048 4015 1190 4070 haud
1225 4017 1430 4070 veritus
1459 4032 1642 4071 ursam
1679 4034 1693 4071 :
1726 4035 1832 4088 qua
1860 4020 1975 4074 visa

399 4109 879 4168 mansuetudinem
907 4123 937 4162 a
961 4115 1156 4162 sancto
1185 4107 1402 4174 edocta,
1436 4124 1564 4163 cum
1598 4110 1882 4165 debuisset
1911 4113 1980 4165 ab

397 4213 746 4273 eatanquam
786 4200 1048 4269 magistra
1110 4199 1251 4254 idem
1313 4199 1429 4269 ipse
1485 4200 1692 4268 doceri,
1753 4203 1980 4260 immitis

398 4293 508 4347 fera
549 4301 728 4346 tamen
755 4288 928 4344 saeviit
961 4288 1016 4342 in
1045 4303 1232 4343 senem
1271 4287 1378 4344 Deo
1400 4291 1812 4346 cbarissimum.
1843 4293 1978 4348 Nam

395 4379 543 4446 credi
597 4376 784 4446 nequit
807 4391 989 4430 ursam
1026 4377 1252 4446 pedibus
1307 4377 1474 4433 Marci
1524 4381 1862 4452 adjacentem
1907 4386 1979 4439 ita

397 4479 735 4526 mansuetam
790 4467 960 4524 fuisse
987 4467 1186 4521 iactant
1240 4469 1452 4540 absque
1511 4471 1604 4527 Dei
1666 4490 1860 4544 opera,
1920 4487 1979 4531 ut

2113 641 2189 709 λῳ
2221 641 2456 715 δεσπότῃ
2503 647 2855 716 συντρέχειν,
2899 650 3034 705 ἀλλὰ
3076 651 3442 725 ὑπερϐάλλειν
3471 659 3676 714 ἐκεῖνον

2111 733 2188 801 τῷ
2221 734 2300 797 είς
2333 738 2536 790 κακίαν
2560 740 2803 810 συντόνῳ
2833 741 3039 814 δρόμῳ.

2183 823 2240 876 ιδ’
2248 866 2261 880 .
2295 829 2464 890 Ουτος
2491 832 2902 903 γυμναζόμενος
2930 830 3041 888 οἷον
3069 838 3147 898 είς
3172 838 3232 890 τὸ
3253 838 3512 910 ἀγρεύειν
3541 841 3677 907 Χρι-

2110 918 2358 980 στιανοὺς
2391 919 2478 972 διὰ
2515 923 2574 974 τὸ
2600 923 2774 990 φιλεῖν
2803 927 2871 978 τὰ
2895 925 3166 994 θηρατικὰ
3195 930 3360 997 (καθὰ
3387 929 3624 1000 ἔμπαλιν
3650 934 3678 983 ὁ

2109 1008 2335 1076 Μάρκος
2384 1009 2480 1064 καὶ
2506 1011 2557 1065 oi
2605 1015 2725 1066 κατ’
2754 1014 2916 1068 αὑτὸν
2960 1017 3040 1078 είς
3081 1017 3395 1087 ἡμερότητα
3445 1019 3535 1072 διὰ
3583 1020 3677 1072 τοῦ

2109 1099 2493 1170 φιλοποίμενες
2545 1099 2764 1173 εἶναι),
2812 1108 3148 1175 προύϐάλετο
3181 1109 3453 1180 ἐξηγητὴν
3505 1111 3676 1181 θήρας

2105 1190 2364 1260 τοιαύτης
2409 1195 2682 1265 Διομήδην
2721 1198 2864 1260 τινὰ,
2906 1203 3232 1268 κυνηγετεῖν
3281 1201 3337 1254 δὲ
3380 1201 3553 1265 δεξιὸν
3584 1206 3676 1256 καὶ

2109 1284 2482 1352 μισόχριστον,
2520 1287 2606 1339 ἵνα
2638 1291 2796 1360 κακῷ
2819 1290 3042 1361 ἄρχοντι
3082 1294 3484 1362 συνεξομοιοῖτο
3521 1298 3616 1347 καὶ
3648 1296 3677 1347 δ

2106 1373 2430 1445 ἀρχόμενος.
2468 1378 2528 1430 '0
2556 1377 2613 1431 δὲ
2647 1381 2716 1433 τὰ
2753 1383 2851 1448 μὲν
2877 1385 3207 1452 κυνηγετικὰ
3228 1386 3375 1449 ὅπως
3403 1387 3496 1440 τὸν
3522 1387 3675 1454 Μάγ-

2105 1486 2195 1523 νον
2238 1470 2593 1541 ἐθεράπευεν,
2639 1472 2836 1543 ῇδεσαν
2890 1477 3132 1530 ἐκεῖνον
3187 1478 3265 1540 ὡς
3319 1478 3376 1532 δὲ
3408 1478 3676 1532 καὶκατὰ

2104 1559 2242 1614 Θεοῦ
2269 1560 2443 1624 δεινὸς
2472 1556 2539 1632 ἦν
2567 1563 2850 1634 ἀγρεύειν,
2883 1566 3135 1620 ἐντεῦθεν
3165 1567 3344 1637 δῆλον.

2178 1745 2258 1794 ιε’.
2292 1741 2576 1811 Προσῆλθέ
2613 1759 2743 1796 ποτε
2765 1741 3150 1812 θηρασάμενος
3179 1740 3440 1795 παντοίαν
3477 1740 3673 1807 ἄγραν,

2105 1832 2204 1887 καὶ
2232 1829 2346 1904 εἶχε
2377 1835 2508 1906 περὶ
2535 1835 2731 1888 ἑαυτὸν
2780 1835 3010 1899 πολλοὺς
3057 1835 3279 1897 ἱκανοὺς
3324 1835 3390 1886 τὰ
3430 1832 3674 1894 τοιαῦτα,

2027 1907 2540 1996 Βδιεσπαρμένους
2587 1924 2784 1988 ἄλλους
2839 1924 3079 1996 ἀλλαχοῦ
3130 1927 3273 1979 κατὰ
3322 1925 3549 1995 ζήτησιν
3597 1917 3674 1976 ὧν

2098 2013 2309 2084 ήθελονο
2359 2015 2411 2067 οῖ
2464 2016 2559 2068 καὶ
2605 2015 3019 2087 διερευνώμενοι
3059 2016 3129 2070 τὰ
3171 2017 3290 2070 ἐκεῖ
3318 2014 3675 2086 παρατυγχάο

2095 2124 2251 2162 νουσι
2279 2106 2358 2178 τῷ
2392 2107 2604 2178 Μάρκῳ
2645 2107 2978 2172 διδάσκοντι,
3010 2109 3105 2161 καὶ
3139 2107 3256 2172 ἄμα
3289 2106 3546 2176 βλέπουσι
3578 2107 3675 2157 καὶ

2097 2200 2518 2266 ἐκπλήττονται.
2551 2196 2662 2254 Ἦν
2713 2200 2825 2270 γὰρ
2871 2201 3092 2272 ἀληθῶς
3133 2199 3350 2262 θεαθεὶς
3395 2199 3516 2252 τότε
3570 2197 3674 2268 μὲν

2095 2291 2380 2362 τεράστιον
2406 2291 2606 2362 θέαμα,
2653 2293 2767 2356 τοῖς
2815 2291 3042 2362 ὕστερον
3080 2291 3137 2344 δὲ
3165 2289 3471 2364 παράδοξον
3503 2289 3671 2344 ἄκου-

2097 2399 2230 2452 σμα.
2263 2382 2583 2454 Ἄνθρωπον
2640 2383 2737 2454 μὲν
2780 2383 2893 2454 γὰρ
2943 2384 3074 2437 ἰδεῖν
3125 2381 3478 2452 νηστευτικδν
3503 2422 3517 2447 ,
3572 2379 3668 2434 καὶ

2095 2473 2513 2544 κατεσκληκότα
2539 2475 2704 2546 λιμῷ,
2741 2478 2836 2528 καὶ
2869 2474 3031 2530 σκιὰν
3062 2475 3263 2546 ἀνδρὸς
3299 2475 3664 2546 ἐμφαίνοντα,

2093 2566 2186 2618 καὶ
2215 2563 2506 2636 βεϐριθότα
2539 2567 2762 2636 μαλλοῖς
2787 2567 3000 2631 λευκοῖς
3044 2569 3108 2621 ἐκ
3149 2568 3394 2638 κεφαλῆς
3433 2569 3540 2630 ἕως
3569 2585 3670 2621 πο-

2092 2657 2218 2725 δῶν,
2252 2659 2352 2712 ούκ
2393 2660 2454 2721 ἐς
2503 2661 2758 2716 τοσοῦτον
2797 2660 3156 2732 ἐθαύμασαν·
3197 2662 3296 2733 τὴν
3333 2662 3392 2716 δὲ
3425 2663 3532 2730 πρὸ
3564 2681 3667 2715 ποι

2090 2747 2198 2801 δῶν
2228 2748 2425 2818 ἐκείνῳ
2458 2749 2720 2822 κειμένην
2751 2753 2978 2823 ἄρκτον,
3027 2755 3124 2806 καὶ
3158 2755 3355 2824 πράως
3381 2753 3667 2825 λιχμωμέ-

2090 2855 2190 2909 νην
2219 2839 2439 2906 αύτοὺς,
2496 2843 2625 2908 καὶ,
2660 2843 2784 2896 ἐπεὶ
2835 2843 2911 2914 μὴ
2941 2845 3120 2900 λαλεῖν
3172 2845 3350 2918 εἶχεν,
3413 2847 3665 2914 ἀφοσιου-

2095 2931 2264 3002 μένην
2297 2929 2467 2995 οὕτως
2514 2932 2574 2986 τὸ
2620 2932 2915 3004 λαλητικδν
2968 2937 3362 3008 λειτούργημα,
3403 2937 3666 3008 ὑπερεξε-

2089 3023 2403 3093 πλάγησαν,
2429 3022 2527 3078 καὶ⁵
2556 3025 2584 3078 δ
2609 3025 2776 3095 φόϐος
2808 3027 2908 3097 μὲν
2939 3027 3134 3100 ἤθελεν
3154 3030 3386 3101 ἀφιστᾷν
3422 3030 3664 3093 ἐκείνους

2087 3110 2182 3166 τοῦ
2211 3130 2270 3166 τε
2291 3114 2521 3184 Μάρκου
2553 3117 2652 3170 καὶ
2682 3115 2783 3186 τῆς
2808 3117 3014 3188 ἄρκτου
3035 3157 3050 3184 ,
3084 3119 3144 3172 τὸ
3173 3119 3232 3173 δὲ
3264 3120 3449 3190 θαῦμα
3473 3124 3662 3173 κατεί-

2087 3221 2213 3276 χεν,
2278 3206 2420 3261 ὥστε
2471 3210 2820 3280 παραμένειν
2877 3214 2972 3265 καὶ
3026 3211 3290 3281 βλέπειν·
3347 3213 3548 3282 μᾶλλον
3581 3213 3660 3276 δὲ,

2089 3293 2286 3362 εἰπεῖν,
2319 3294 2537 3350 ἵσταντο
2590 3299 2785 3365 ἐννεοὶ,
2841 3303 3152 3373 πεπηγότες
3204 3303 3282 3372 τῷ
3312 3304 3422 3358 δέει
3469 3307 3563 3357 καὶ
3586 3304 3665 3374 τῷ

2089 3383 2373 3455 θαύματι,
2431 3387 2536 3453 ἕως
2605 3390 3014 3463 τεθαρρηκότες
3071 3394 3539 3466 προσκαλουμένῳ
3583 3395 3662 3466 τῷ

2089 3478 2230 3548 ἁγίῳ
2254 3480 2494 3552 ἤγγισαν
2529 3482 2665 3553 πρὸς
2693 3485 2878 3541 αὐτόν.

2159 3570 2258 3636 ις’.
2321 3572 2434 3627 Καὶ
2500 3575 2624 3629 τότε
2684 3576 3006 3650 πυθόμενοι,
3057 3581 3150 3634 καὶ
3200 3580 3270 3635 τὰ
3316 3581 3440 3636 κατ’
3495 3580 3662 3636 αὐτὸν

2084 3663 2682 3737 ἀκριϐολογησάμενοι,
2721 3671 2819 3722 καὶ
2854 3671 3138 3740 μαθόντες,
3169 3674 3406 3742 Χριστοῦ
3430 3674 3662 3745 λατρευ-

2083 3754 2183 3823 τὴν
2221 3755 2389 3811 αὐτὸν
2439 3755 2604 3824 εἶναι,
2639 3760 2944 3829 μετέϐαλον
2979 3762 3078 3818 καὶ
3127 3763 3190 3816 τὸ
3233 3762 3442 3834 θάμϐος
3481 3764 3660 3817 καὶτὸ

2081 3847 2200 3912 δέος
2239 3849 2319 3912 είς
2377 3851 2581 3920 μανίαν
2642 3853 2743 3922 τὴν
2793 3854 2917 3906 κατ’
2953 3853 3146 3920 αὐτοῦ,
3201 3857 3295 3908 καὶ
3335 3856 3662 3926 μάλιστατὸ

2081 3941 2253 3994 κακὸν
2287 3943 2499 4014 θηρίον,
2553 3945 2580 3998 ὁ
2607 3946 2906 4015 Διομήδης,
2937 3947 2996 4010 ὃς
3025 3948 3121 4002 καὶ
3169 3947 3368 4003 αὐτίκα
3405 3966 3661 4020 καταμη-

2081 4033 2198 4086 νύει
2234 4035 2312 4105 τῷ
2341 4037 2555 4106 Μάγνῳ
2585 4037 2644 4090 τὸ
2698 4037 2854 4107 φίλον
2891 4039 3144 4109 ἕρμαιον,
3178 4041 3269 4094 τὸν
3299 4042 3465 4096 καλὸν
3499 4043 3660 4112 Μάρ-

2082 4142 2199 4186 κον,
2231 4126 2332 4178 οὐκ
2357 4127 2629 4190 αἰδεσθεὶς
2663 4129 2762 4198 τὴν
2807 4130 3116 4202 μαθήτριαν
3177 4133 3380 4202 ἄρκτον
3405 4147 3418 4162 ·
3459 4135 3526 4204 ἣν
3573 4133 3658 4186 δι-

2078 4217 2370 4287 δαχθεῖσαν
2408 4213 2523 4271 οἷον
2553 4220 2686 4290 πρὸς
2733 4220 2828 4274 τοῦ
2872 4222 3034 4290 ἁγίου
3075 4225 3296 4294 ἡμέρως
3343 4225 3492 4296 ἔχειν
3529 4225 3657 4278 ἰδὼν
3681 4276 3692 4286 ,

2081 4311 2266 4375 αὐτὸς,
2325 4309 2419 4363 καὶ
2472 4309 2707 4378 ὀφείλων
2765 4312 2960 4382 μαθεῖν
3007 4314 3068 4379 ἐξ
3109 4317 3346 4387 ἐκείνης,
3403 4318 3506 4370 ὅσα
3560 4317 3658 4371 καὶ

2080 4401 2432 4467 διδασκάλου,
2460 4403 2521 4455 τὸ
2559 4403 2771 4473 ὅμοιον,
2805 4405 2958 4475 ὅμως
2997 4406 3293 4470 ἀθίτασσος
3330 4408 3509 4479 ἀπέϐη
3551 4409 3657 4480 θὴρ

2081 4494 2225 4547 κατὰ
2271 4496 2366 4548 τοῦ
2421 4494 2842 4566 θεοφιλεστάτου
2894 4498 3176 4568 γέροντος.
3231 4501 3306 4554 Οὐ
3361 4501 3468 4572 γὰρ
3506 4501 3655 4554 ἔστιν

393 4577 589 4631 nempe
619 4561 785 4615 visam
811 4559 1083 4614 Diomedis
1109 4561 1264 4629 pueri
1311 4561 1659 4620 imitarentur
1695 4579 1749 4622 et
1797 4571 1976 4625 homi-

2085 4585 2398 4653 ὑπολαϐεῖν,
2425 4586 2500 4650 ὡς
2597 4587 2800 4658 ἄρκτος
2826 4559 2933 4654 πρδ
2958 4559 3148 4643 ποδῶν-
3166 4593 3242 4660 τῷ
3264 4559 3477 4664 Μάρκῳ
3513 4593 3656 4646 ἔκει-

393 4665 514 4704 nem
556 4647 647 4703 Dei
677 4657 1011 4702 vererentur.

2081 4693 2163 4738 το,
2196 4674 2422 4738 τιθασὸς
2455 4677 2513 4739 ὲς
2546 4674 2806 4730 τοσοῦτον
2836 4681 3108 4750 γενομένη
3135 4680 3259 4750 δίχα
3297 4699 3362 4750 γε
3400 4702 3654 4754 πραγμαο

392 4748 538 4806 τείας
574 4743 742 4854 Οεξαὲθ
777 4743 864 4795 ἵνα
897 4743 1099 4813 δηλαδὴ
1159 4743 1486 4816 θεασάμενοι
1533 4750 1707 4822 αὐτὴν
1760 4758 1806 4808 οἱ
1850 4760 1994 4834 ἀμφὶ
2033 4773 2125 4826 τὸν
2161 4772 2435 4842 Διομήδην
2500 4773 2874 4842 μιμήσωνται,
2925 4776 3020 4830 καὶ
3061 4778 3154 4830 τὸν
3191 4778 3286 4832 τοῦ
3325 4780 3460 4835 Θεοῦ
3499 4782 3656 4854 αἰδή-

390 4850 590 4888 σωνται
619 4835 928 4904 ἄνθρωπον.

461 4927 546 4980 l7.
574 4925 664 4981 Sic
697 4926 911 4983 delatus
980 4940 1062 4983 est
1117 4929 1332 4987 Marcus
1364 4933 1429 4988 ad
1488 4933 1766 5005 Magnum.
1832 4941 1961 5014 iste,

386 5028 602 5089 arrepto
626 5020 730 5074 hoc
791 5025 1004 5086 nuntio,
1065 5025 1234 5079 mittit
1278 5027 1500 5096 triginta
1549 5029 1807 5093 milites:
1866 5040 1964 5108 qui

387 5111 534 5164 dulci
583 5121 809 5181 captura
864 5113 953 5166 illa
1011 5115 1166 5182 potiti
1220 5116 1382 5172 simul
1444 5134 1570 5175 cum
1629 5121 1959 5196 discipulis,

390 5201 581 5270 Magno
640 5202 946 5257 astiterunt.
1014 5207 1088 5269 ls,
1151 5218 1504 5276 percontatus
1557 5221 1611 5266 et
1680 5229 1962 5287 comperto

389 5300 664 5346 vti-natura:
682 5292 996 5362 praefectum
1018 5311 1126 5351 non
1146 5296 1317 5355 fuisse
1337 5302 1629 5357 mentitum
1661 5303 1962 5374 (fatebatur

384 5383 529 5435 enim
562 5389 794 5451 tyranno
834 5383 1045 5439 Marcus
1080 5403 1177 5455 pro
1217 5392 1500 5459 tribunali,
1535 5409 1597 5450 se
1632 5411 1754 5452 esse
1800 5398 1965 5455 Chri-

384 5475 644 5538 stiauum,
671 5482 724 5528 et
748 5489 779 5528 a
798 5476 891 5529 tali
921 5478 1260 5537 confessione
1290 5499 1393 5539 nec
1418 5486 1832 5547 adulationibus
1859 5509 1959 5550 nec

384 5563 546 5617 minis
569 5567 932 5634 avertebatur)
962 5571 1144 5626 statim
1169 5574 1347 5631 elatus
1400 5585 1483 5632 est
1547 5584 1832 5650 superbia.
1891 5586 1959 5639 Et

383 5652 469 5704 ille
492 5652 621 5705 aliis
648 5653 918 5710 laceratus
971 5669 1054 5713 est
1093 5663 1321 5724 rasuris.
1349 5674 1402 5720 et
1451 5669 1790 5738 reliquorum
1846 5685 1959 5729 tor-

383 5753 687 5796 mentorum
747 5749 1142 5815 experientiam
1210 5757 1398 5824 subiit,
1492 5762 1684 5832 angelo
1741 5775 1956 5821 astante

382 5832 858 5906 mvisibilibusque
887 5841 1245 5904 confirmante
1271 5850 1480 5908 viribus
1520 5864 1572 5907 et
1602 5855 1668 5909 ad
1735 5857 1950 5925 patien-

2143 4948 2230 5017 ιζ’.
2251 4951 2389 5006 Ἀλλ’
2410 4953 2551 5006 οὕτω
2575 4954 2676 5024 μὲν
2700 4971 2833 5008 κατε
2842 4959 3054 5028 μηνύθη
3083 4959 3112 5012 ὁ
3141 4960 3366 5030 Μάρκος
3392 4961 3469 5035 τῷ
3491 4964 3656 5032 Μάγ-

2067 5061 2163 5116 νῳ·
2213 5046 2308 5098 καὶ
2335 5045 2498 5110 αὐτὸς
2536 5048 2794 5118 ἁρπάσας
2834 5051 2932 5119 τὴν
2985 5052 3194 5120 εἴδησιν
3229 5055 3440 5109 στέλλει
3479 5074 3649 5128 στρα-

2066 5131 2269 5194 τιώτας
2299 5133 2617 5202 τριάκοντα,
2656 5136 2706 5188 οἳ
2757 5138 2852 5190 καὶ
2887 5138 3246 5206 συλλαϐόντες
3275 5145 3442 5198 αὐτὸν
3472 5149 3648 5215 γλυκὺ

2068 5221 2320 5293 θήραμα,
2354 5225 2436 5294 τῷ
2479 5225 2681 5298 Μάγνῳ
2737 5234 3116 5303 παρέστησαν,
3158 5239 3648 5309 παρασπιζόμενον

2066 5315 2161 5365 καὶ
2197 5315 2470 5385 μαθηταῖς
2499 5333 2514 5348 ο
2549 5317 2607 5382 ὂς
2641 5321 2944 5389 ἀνακρίνας
2991 5328 3088 5379 καὶ
3139 5328 3393 5399 εὑρηκὼς
3427 5334 3516 5385 τὸν
3546 5337 3646 5404 ἀρα

2067 5409 2305 5476 χηγέτην
2339 5408 2436 5477 τῆς
2470 5408 2641 5480 θήρας
2696 5415 2770 5484 μὴ
2803 5416 3148 5488 ψευσάμενον
3187 5421 3481 5491 (ὡμολόγει
3533 5430 3645 5496 γὰρ

2065 5500 2159 5551 καὶ
2217 5500 2294 5569 τῷ
2343 5502 2592 5573 τυράννῳ
2636 5505 2716 5567 είς
2759 5509 2950 5578 κοινὴν
3003 5511 3272 5579 ἀκρόασιν
3314 5516 3342 5566 ό
3392 5517 3643 5585 Μάρκος,

2061 5588 2396 5659 Χριστιανὸς
2425 5587 2589 5658 εἶναι,
2634 5601 2730 5650 καὶ
2768 5599 2828 5648 οὐ
2875 5598 3228 5670 διεστρέφετο
3257 5603 3353 5669 τῆς
3386 5607 3644 5676 τοιαύτης

2058 5680 2351 5748 ὁμολογίας
2377 5681 2503 5735 οὕτε
2542 5685 2834 5751 θωπείαις,
2865 5689 2990 5743 οὔτε
3021 5694 3316 5762 ἀπειλαῖς),
3353 5700 3646 5765 παραχρη-

2065 5790 2142 5842 μα
2188 5773 2290 5841 μὲν
2322 5771 2458 5844 ἦρτο
2502 5782 2920 5848 μετεωρισθείς.
2974 5787 3082 5837 Καὶ
3141 5788 3521 5856 ἀμυσσόμενος
3551 5791 3642 5856 ἐφ’

2061 5866 2244 5918 ἱκανὸν
2280 5866 2485 5935 ἐξέστω,
2539 5876 2630 5922 καὶ
2682 5874 2885 5925 λοιπδν
2939 5877 2992 5929 δὲ
3052 5878 3300 5944 βασάνων
3334 5879 3523 5932 δεινῶν
3555 5883 3638 5946 εἰς
