4048 6420
420 351 535 415 275

1144 358 1563 418 EUSTATIIII
1603 357 2359 423 THESSAIDNICENSIS
2402 364 2962 428 METRCPOLITAZ

3568 364 3681 429 276

419 467 569 526 tibus
599 467 832 541 impetu,
867 484 979 539 quo
997 480 1051 526 et
1075 470 1179 540 ipsi
1206 471 1402 526 fierent
1457 470 1608 538 boni,
1651 479 1709 528 et
1772 487 1897 544 qua:
1948 473 1999 529 in

2113 476 2301 544 μένοις
2369 480 2625 549 ἀφορμῆς
2669 480 2906 550 ἀγαθῆς,
2964 479 3052 561 ινα
3084 480 3179 534 καὶ
3223 480 3380 537 αὐτοὶ
3411 481 3682 551 γένωντα.

419 562 667 630 potentia
689 562 1018 619 naturaliter
1070 564 1251 620 inerat
1296 563 1567 635 sapientia
1620 564 1680 621 in
1724 566 1995 624 actualem

422 663 836 711 converteretur
869 655 1221 727 sapientiam,
1264 670 1396 712 ecce
1448 664 1677 727 apparet
1730 658 1998 716 divinitus

424 745 556 812 dux,
588 746 677 811 qui
698 760 728 800 e
756 748 992 802 tenebris
1025 747 1093 802 ad
1119 748 1297 803 lucem
1348 748 1611 813 adducat,
1670 752 1999 808 venerabilis

423 835 658 902 Marcus,
700 837 881 906 magni
915 837 1228 907 summique
1255 840 1495 907 pastoris
1523 839 1779 912 egregius
1805 843 1996 913 opilio,

422 930 479 983 in
501 930 683 985 cordis
716 930 1064 1000 simplicitate
1087 929 1324 987 callidus
1354 945 1539 987 rerum
1585 932 1918 998 caelestium,
1942 943 1998 990 et

419 1042 543 1075 cum
572 1026 872 1094 ignorantia
913 1024 1224 1078 naturalem
1253 1022 1496 1094 iungens
1535 1025 1591 1079 in
1646 1026 1854 1081 divinis
1909 1042 1999 1082 sa-

419 1117 700 1183 p’c-ntiam.
735 1115 893 1171 Illum
928 1114 1072 1173 Deus
1103 1116 1394 1173 illustrans
1417 1125 1540 1173 arte
1586 1119 1821 1175 docendi
1851 1130 1906 1175 et
1937 1122 1994 1175 in

423 1209 678 1276 pastorali
706 1208 882 1263 cilicio
912 1223 1089 1279 usque
1149 1208 1219 1264 ad
1264 1208 1425 1281 finem
1473 1208 1603 1267 vitae
1638 1226 1997 1280 conservans,

429 1317 498 1355 ne
528 1310 770 1369 unquam
798 1315 899 1371 pro
922 1300 1042 1356 Deo
1097 1315 1326 1370 pascere
1371 1302 1671 1366 desineret,
1718 1319 1814 1374 per
1870 1319 1996 1359 eum

427 1393 659 1448 dilectos
689 1392 935 1449 lucratus
961 1401 1047 1449 cst
1074 1407 1246 1463 agnos
1273 1408 1292 1449 :
1318 1409 1462 1464 quos
1492 1394 1581 1449 hic
1617 1394 1722 1463 ipsi
1776 1395 2001 1463 spirita-

428 1486 551 1538 liter
584 1492 773 1554 pastos
798 1484 999 1540 obtulit
1028 1484 1083 1540 in
1119 1498 1373 1542 sanctum
1403 1486 1760 1554 sacriﬁcium,
1788 1491 1842 1542 in
1862 1490 2000 1543 odo-

431 1593 544 1632 rem
603 1578 911 1641 suavitatis,
961 1578 1016 1632 in
1070 1579 1404 1637 oblationem
1461 1582 1877 1651 acceptabilem,
1943 1584 1997 1635 in

431 1669 666 1724 hostiam
691 1668 952 1739 placitam
975 1680 1030 1726 et
1046 1670 1342 1727 salutarem
1379 1672 1541 1729 nobis
1557 1674 1653 1743 qui
1683 1688 1878 1731 sumus
1900 1673 1997 1730 lilii

420 1760 540 1817 Dei.

2100 566 2323 636 ἀγαθοὶ,
2368 571 2464 624 καὶ
2502 571 2566 625 τὸ
2614 571 2756 625 κατὰ
2783 572 3016 639 δύναμιν
3047 571 3208 641 φύσει
3237 573 3401 642 σοφὸν
3436 574 3680 644 μετασά-

2100 656 2265 712 λωσιν
2294 660 2378 724 είς
2416 660 2479 713 τὸ
2508 662 2762 733 ἐνεργείᾳ
2791 661 3105 730 σοφώτατον
3125 700 3141 726 ,
3181 664 3527 732 ἐπιφαίνεται
3557 665 3680 720 θεό-

2101 745 2196 799 θεν
2222 748 2479 819 ποδηγὸς,
2511 750 2618 809 ἀπὸ
2648 753 2869 814 σκότους
2900 753 2981 818 είς
3025 752 3141 822 φῶς
3192 754 3425 822 ἐξάγων.
3455 757 3485 809 δ
3510 757 3679 827 εὖγήσ

2102 855 2213 909 ρως
2260 841 2508 913 Μάρκος,
2561 846 2592 897 6
2644 844 2742 898 τοῦ
2777 845 3037 915 μεγίστω
3089 846 3486 915 ἅρχιποιμάνος
3515 849 3680 912 καλδς

2103 932 2335 1003 ποιμὴν,
2362 937 2390 988 6
2419 937 2477 989 ὲν
2507 936 2673 1006 ῆθυυς
2700 935 2965 1006 ἁπλότητι
3005 937 3265 1007 ἀγχίνους
3295 937 3363 991 τὰ
3392 938 3534 1003 θεῖα,
3561 941 3592 992 6
3620 942 3681 992 ὲν

2104 1022 2351 1097 ἰδιωτείᾳ
2381 1026 2695 1097 θυμόσοφος
2735 1028 2832 1082 καὶ
2863 1028 3146 1097 θεόσοφος·
3177 1022 3221 1096 ᾧ
3248 1029 3455 1096 γνῶσιν
3478 1030 3680 1096 ἐλλάμ-

2099 1116 2208 1183 ψας
2260 1117 2292 1170 6
2330 1118 2465 1181 Θεὸς
2490 1118 2906 1191 διδασκαλικὴν,
2943 1121 3037 1175 καὶ
3064 1119 3163 1190 τὴν
3205 1119 3409 1190 ζωϊκὴν
3440 1137 3679 1191 ποιμαν-

2099 1208 2263 1281 τικὴν
2289 1209 2443 1280 αὐτῷ
2459 1213 2709 1283 τηρήσας
2738 1212 2902 1284 μέχρι
2930 1212 3025 1265 καὶ
3055 1214 3137 1276 είς
3160 1212 3293 1266 αὐτὸ
3323 1213 3476 1277 τέλος
3504 1213 3678 1283 ζωῆς,

2101 1302 2193 1356 ἵνα
2233 1303 2511 1374 μηδέποτε
2544 1304 2640 1357 τοῦ
2678 1304 2946 1373 φιλοθέως
2997 1308 3316 1375 ποιμαίνειν
3349 1307 3677 1376 ἀποστερη-

2102 1394 2244 1467 θείη,
2280 1396 2583 1467 ἐπορίσατο
2619 1398 2688 1451 δι’
2728 1398 2897 1452 αὐτοῦ
2926 1398 3137 1467 ἀμνοὺς
3174 1398 3386 1467 φίλους,
3416 1398 3508 1459 οὓς
3538 1400 3682 1451 ἐκεῖ·

2051 1503 2063 1514 ’
2100 1503 2193 1551 νος
2222 1488 2612 1557 πνευματικῶς
2638 1489 2984 1561 θρεψὰμενος
3033 1492 3392 1560 προσήγαγεν
3434 1491 3564 1543 αὐτὸ
3597 1490 3682 1553 είς

2101 1580 2259 1648 ἅγιον
2305 1582 2569 1650 σφάγιον,
2615 1582 2696 1645 είς
2731 1582 2909 1651 εὐώδη
2961 1581 3177 1652 ὀσμὴν,
3223 1584 3304 1645 είς
3359 1582 3684 1653 προσφορὰν

2101 1671 2322 1743 δεκτὴν,
2359 1674 2442 1738 είς
2471 1674 2622 1744 θῦμα
2670 1673 2900 1745 φιλητὸν
2922 1674 3019 1728 καὶ
3051 1675 3325 1746 σωτήριον
3353 1675 3536 1745 ἡμῶν,
3566 1676 3680 1728 τῶν

2101 1766 2196 1820 τοῦ
2227 1764 2384 1822 Θεοῦ.

489 1854 585 1912 22.
618 1855 753 1910 Cum
812 1854 980 1927 igitur
1031 1856 1245 1911 Marcus
1275 1856 1329 1910 in
1380 1865 1537 1912 aetate
1581 1857 1740 1913 senili
1788 1857 1999 1911 virilem

2177 1856 2286 1928 κβ’.
2328 1857 2482 1911 Ἐπεὶ
2521 1856 2633 1928 γὰρ
2658 1858 2687 1911 6
2724 1856 2955 1927 Μάρκος
2995 1857 3139 1928 ὑπὲρ
3182 1856 3399 1927 ἡλικίαν
3433 1874 3681 1928 γεροντι-

421 1958 634 2018 5ereret
655 1949 924 2015 animum,
956 1964 1061 2005 nec
1118 1965 1244 2005 eum
1304 1949 1447 2006 Deus
1500 1950 1736 2005 deficere
1772 1951 2000 2014 sineret,

425 2049 485 2094 nt
510 2039 630 2111 ejus
660 2042 780 2097 zelo
805 2043 1182 2097 adolescentes
1218 2052 1275 2096 et
1336 2042 1439 2097 viri
1484 2041 1710 2097 accendi
1776 2048 1999 2110 possent

423 2133 492 2186 ad
526 2134 807 2199 virtutem,
839 2134 1019 2203 ipsum
1047 2133 1276 2203 Magnus
1299 2134 1463 2188 novis
1491 2131 1811 2188 reservabat
1871 2145 2003 2198 sup-

424 2225 632 2293 pliciis.
671 2225 845 2280 Antea
892 2238 1025 2280 vero
1062 2225 1241 2281 sancti
1302 2225 1452 2280 senis
1506 2225 1674 2294 pedes
1743 2233 2004 2293 torquere

425 2316 662 2373 decrevit
698 2316 1024 2374 intolerabili
1076 2318 1402 2384 compedium
1459 2316 1620 2379 mole,
1672 2324 1732 2370 ιιι
1789 2314 2004 2384 priores

423 2407 642 2464 itineris
673 2408 890 2465 labores
920 2409 1324 2465 recentioribus
1348 2418 1574 2479 augeret
1606 2408 1805 2478 pedum
1840 2409 2002 2462 dolo-

418 2499 600 2565 ribus,
633 2512 701 2554 ac
720 2498 840 2554 dira
857 2506 1159 2570 pateretur,
1182 2509 1243 2554 ut
1277 2499 1444 2570 paulo
1481 2507 1613 2554 ante
1667 2498 2000 2563 incedendo,

419 2588 496 2644 ita
525 2598 582 2645 et
607 2590 833 2646 nuncin
857 2591 1447 2647 carcereimmobiliter
1495 2589 1717 2646 stando.
1778 2589 1843 2643 Et
1875 2589 2003 2657 qui-

420 2683 546 2737 dem
573 2683 743 2739 multo
762 2682 938 2740 levius
997 2692 1118 2740 erat
1156 2684 1291 2739 illud
1341 2697 1568 2754 gressus
1609 2691 1945 2737 tormentum
1979 2696 1998 2735 :

420 2772 586 2829 ferrei
615 2773 761 2829 enim
790 2775 961 2832 calcei
989 2776 1159 2833 clavis
1185 2778 1335 2831 intus
1376 2774 1717 2831 acutissimis
1772 2773 2003 2828 horren-

422 2875 505 2921 tes
528 2866 845 2934 optabilem,
896 2879 956 2922 ut
999 2867 1258 2933 arbitror,
1308 2877 1503 2923 sancto
1555 2867 1675 2921 vim
1722 2865 2001 2920 faciebant

420 2950 745 3009 descensum
767 2955 834 3010 ad
856 2954 1087 3024 inferos,
1113 2971 1225 3026 pra
1262 2956 1555 3026 impetibili
1598 2956 1811 3013 doloris
1837 2968 1999 3010 acer-

420 3044 609 3102 bitate.

488 3320 581 3376 25.
615 3320 707 3376 Sic
746 3320 915 3392 igitur
958 3321 1198 3378 vinculis
1241 3323 1693 3379 intolerabilibus
1746 3335 1998 3382 sanctum

424 3414 711 3470 destinans
767 3413 1016 3470 Marcum
1062 3416 1382 3471 immundus
1442 3417 1691 3487 Magnus,
1748 3421 2003 3488 tturesivit

433 3505 623 3561 fabros
649 3506 744 3574 qui
776 3514 1019 3577 optatam
1062 3508 1331 3564 caderent
1368 3509 1681 3565 machinam
1715 3528 1731 3566 :
1790 3522 1846 3568 et
1891 3514 2006 3569 cito

424 3598 630 3668 reperti
664 3607 795 3654 sunt
812 3599 1113 3670 Calytenia
1142 3600 1281 3656 viris
1312 3599 1380 3653 ad
1440 3616 1671 3671 pravum
1737 3602 2001 3659 ferventi-

423 3689 550 3747 bus.
579 3691 825 3762 Prompti
851 3693 998 3749 enim
1030 3702 1162 3749 sunt
1190 3694 1258 3749 ad
1320 3693 1711 3749 inveniendum
1791 3698 2002 3751 malum

426 3785 556 3840 mali
586 3786 752 3852 servi,
776 3801 876 3842 nec
895 3787 977 3841 sic
1025 3786 1202 3843 bonus
1233 3787 1400 3841 volita
1456 3800 1766 3858 prosperat,
1830 3802 1892 3844 ut
1921 3793 2007 3845 vir

428 3893 661 3948 nequam
697 3897 711 3932 :
745 3878 963 3934 difﬁcile
985 3880 1130 3933 enim
1165 3880 1387 3935 inventu
1443 3890 1529 3937 est
1586 3896 1752 3937 omne
1799 3883 2002 3937 bonum

426 3981 481 4026 et
514 3971 787 4028 laboriose
822 3972 1162 4039 acquiritur;
1191 3974 1394 4027 malum
1432 3988 1564 4028 vero
1591 3974 1752 4029 facile
1798 3977 2003 4045 reperi-

423 4076 534 4128 tur,
560 4064 795 4133 ideoque
823 4065 934 4120 cito
965 4075 1337 4134 comparatur.

493 4154 587 4210 24.
623 4154 726 4211 Ubi
758 4170 888 4224 ergo
914 4156 1117 4222 reperti
1152 4164 1283 4212 sunt
1315 4156 1535 4212 ferrarii
1580 4157 1917 4229 adductique
1948 4169 2003 4215 et

2104 1949 2210 2021 κὴν
2235 1947 2537 2021 ηνδρίζετο,
2587 1952 2684 2005 καὶ
2715 1950 2745 2002 6
2773 1949 2907 2012 Θεὸς
2951 1950 3052 2003 οὐκ
3100 1948 3336 2002 ἐνεδίδου
3368 1949 3515 2020 αύτῷ
3545 1952 3684 2003 ἀπο-

2103 2041 2360 2112 κάμνειν,
2390 2040 2467 2105 ὡς
2504 2038 2572 2095 ἂν
2612 2040 2692 2109 τῷ
2743 2041 2868 2095 κατ’
2917 2041 3123 2094 ἐκεῖνον
3170 2038 3319 2111 ζήλῳ
3347 2043 3512 2097 καὶοί
3546 2040 3681 2094 νεώ-

2103 2149 2253 2204 τεροι
2288 2135 2385 2186 καὶ
2434 2134 2486 2186 οί
2526 2133 2872 2203 ἀκμάζοντες
2922 2133 3123 2203 ἔχωσιν
3164 2132 3545 2203 ἐκπυροῦσθαι
3593 2134 3680 2197 είς

2102 2225 2173 2279 τὰ
2204 2224 2450 2295 βελτίονα
2483 2264 2499 2290 ,
2536 2225 2864 2295 ὲταμιεύετο
2904 2227 3002 2295 μὲν
3031 2226 3061 2278 6
3104 2225 3329 2294 Μάγνος
3356 2227 3518 2278 αὑτὸν
3556 2242 3682 2279 ποι-

2102 2318 2221 2381 ναῖς
2258 2318 2339 2381 είς
2371 2317 2434 2371 τὸ
2465 2317 2684 2386 μέλλον⁹
2712 2319 2790 2385 τῷ
2824 2318 2959 2382 τέως
2991 2318 3050 2371 δὲ
3086 2319 3336 2371 κακῶσαι
3356 2319 3485 2380 τοὺς
3509 2318 3681 2381 πόδας

2101 2408 2340 2478 διέκρινε
2402 2407 2485 2480 τῷ
2541 2410 2686 2480 ἁγίῳ
2774 2410 2995 2481 γέροντι
3068 2412 3331 2482 ἁφορήτῳ
3412 2410 3681 2480 βαρύτητι

2102 2500 2327 2567 κλοιῶν,
2357 2500 2447 2554 ίνα
2498 2504 2623 2566 ταῖς
2654 2502 2757 2573 ἥδη
2796 2502 2862 2555 ἐκ
2912 2502 3013 2571 τῆς
3042 2502 3354 2572 ὁδοιπορίας
3401 2501 3681 2556 κακώσεσι

2104 2592 2502 2665 προσεπιλάσοι
2529 2594 2719 2649 καὶτὰ
2755 2596 2821 2647 ὲκ
2851 2594 2953 2663 τῆς
2987 2594 3305 2665 προσφάτου
3346 2594 3680 2660 ποδοκάκης,

2100 2687 2199 2740 καὶ
2222 2687 2372 2740 δεινὰ
2401 2686 2629 2758 πάσχοι,
2668 2685 2860 2756 ὥσπερ
2889 2685 3000 2757 πρδ
3052 2684 3305 2756 βραχέων
3355 2685 3680 2755 ὁδοιπορῶν,

2101 2777 2247 2832 οὕτω
2278 2780 2379 2834 καὶ
2398 2778 2496 2834 νῦν
2526 2779 2862 2848 ἀκινητίζων
2900 2778 2958 2830 ὲν
2984 2777 3227 2847 φυλακῇ.
3263 2778 3376 2830 Καὶ
3402 2778 3509 2845 μὴν
3543 2793 3684 2845 φορ·
3780 2802 3787 2807 έ

2101 2871 2403 2939 τικώτερον
2456 2871 2538 2932 είς
2568 2869 2732 2923 πλέον
2765 2864 2834 2941 ἦν
2883 2869 2946 2921 τὸ
2986 2869 3085 2937 τῆς
3115 2869 3430 2937 ὁδοιπορίας
3461 2868 3683 2935 ἐκείνης

2103 2959 2502 3030 ὲπιόούλευμαο
2539 2959 2805 3028 κρηπῖδες
2839 2958 2951 3029 γὰρ
2993 2959 3214 3027 σιδηραῖ
3246 2958 3399 3028 ἥλοις
3440 2958 3591 3018 ἐντὸς
3621 2957 3684 3019 ἐς

2102 3051 2344 3118 ὀξύτατα
2402 3051 2771 3122 φρίσσουσαι,
2805 3051 2902 3105 καὶ
2935 3050 3078 3104 οὕτω
3111 3050 3237 3112 τοὺς
3285 3050 3453 3111 πόδας
3505 3064 3681 3102 κακο-

2103 3143 2383 3209 ποιοῦσαι,
2433 3141 2715 3205 εὐκταίαν,
2772 3137 2951 3211 οἶμαι,
3003 3138 3083 3209 τῷ
3130 3138 3272 3208 ἁγίῳ
3316 3137 3416 3206 τὴν
3444 3139 3524 3200 είς
3548 3135 3681 3208 ᾅδου

2102 3232 2395 3289 ἐποιοῦντο
2430 3233 2680 3301 πορείαν,
2714 3231 2804 3283 διὰ
2843 3232 2906 3285 τὸ
2958 3231 3056 3299 τῆς
3088 3229 3277 3299 ὀδύνης
3312 3228 3605 3298 ἀφόρητον.

2172 3332 2284 3394 κγ’.
2340 3323 2698 3393 Κατακρίνας
2728 3319 2822 3375 οὖν
2873 3321 3018 3374 οὕτω
3062 3320 3283 3389 δεσμοῖς
3321 3320 3383 3372 ού
3423 3319 3682 3388 φορητοίς

2102 3418 2201 3471 τὸν
2229 3419 2386 3485 ἅγιον
2415 3417 2644 3484 Μάρκον
2678 3413 2887 3483 ἁναγὴς
2918 3414 3160 3480 Μάγνος,
3208 3409 3460 3479 ἀνεζήτει
3508 3409 3686 3479 τεχνί-

2104 3524 2210 3571 τας
2230 3507 2715 3577 χαλκευσομένους
2742 3506 2804 3558 τὸ
2828 3504 3187 3572 ποθούμενον·
3219 3506 3315 3557 καὶ
3346 3505 3485 3572 ταχὺ
3522 3502 3686 3571 εὑρέ-

2106 3601 2280 3669 θησαν
2301 3600 2350 3653 οί
2384 3596 2696 3667 Καλυτηνοὶ
2729 3595 2866 3662 πρός
2894 3612 2958 3662 γε
2982 3595 3089 3647 τῶν
3120 3594 3337 3664 θερμῶν
3361 3596 3437 3655 είς
3459 3594 3681 3646 κακίαν.

2116 3691 2292 3754 Ὀξεῖς
2341 3690 2451 3759 γὰρ
2490 3689 2572 3752 είς
2625 3686 2920 3757 ἀνεύρεσιν
2957 3684 3131 3740 κακοῦ
3161 3686 3211 3740 οί
3241 3688 3470 3755 πονηροὶ
3515 3685 3681 3756 θερά-

2104 3799 2322 3848 ποντες,
2352 3783 2450 3836 καὶ
2494 3783 2593 3851 ούχ
2620 3779 2798 3843 οὕτως
2843 3781 2873 3834 6
2905 3779 3113 3847 ἀγαθὸς
3144 3778 3370 3851 εὐπορεῖ
3410 3778 3506 3832 τοῦ
3543 3776 3685 3849 πρὸς

2104 3874 2429 3944 ἐπιθυμίαν,
2473 3873 2549 3937 ὡς
2597 3874 2627 3926 6
2681 3871 2782 3941 τῆς
2812 3872 3084 3942 πονηρίας
3126 3870 3436 3941 ἄνθρωπος.
3470 3870 3685 3923 Δυσπόο

2106 3983 2290 4035 ριστον
2328 3967 2428 4036 μὲν
2474 3966 2581 4035 γὰρ
2615 3963 2766 4018 ἅπαν
2805 3963 3034 4029 ἀγαθὸν,
3082 3963 3165 4019 διὸ
3195 3965 3291 4017 καὶ
3318 3963 3504 4025 πόνοις
3531 3963 3671 4017 κτᾶο

2102 4075 2215 4113 ταν
2243 4058 2570 4128 εὐπόριστον
2600 4058 2659 4113 δὲ
2696 4062 2760 4113 τὸ
2812 4057 3043 4127 φαῦλον,
3071 4058 3196 4112 ὅθεν
3244 4060 3343 4112 καὶ
3380 4058 3679 4128 εὔληπτον.

2204 4149 2308 4207 κδ’.
2350 4149 2438 4212 Ὦς
2473 4143 2568 4203 οῦν
2626 4149 2936 4220 εὑρέθησαν
2986 4150 3037 4203 oi
3091 4150 3488 4220 χαλκεύσοντες
3515 4189 3532 4215 ,
3586 4149 3685 4203 καὶ

420 4246 674 4302 mercede
704 4255 908 4302 statuta
942 4248 1197 4304 conducti
1219 4248 1285 4304 ad
1331 4251 1663 4320 compedum
1726 4250 1999 4306 fabricam

2102 4241 2374 4313 ἤχθησαν,
2407 4241 2504 4294 καὶ
2541 4239 2740 4311 μισθοῦ
2771 4239 3086 4311 ὁρισθέντος
3116 4241 3429 4311 ἐτάχθησαν
3457 4242 3590 4313 πρὸς
3611 4244 3681 4312 τῇ

421 4346 477 4393 ct
540 4338 910 4408 approperati,
976 4338 1077 4409 ipsi
1125 4341 1368 4409 quidem,
1422 4344 1689 4397 suadente
1759 4345 1999 4399 naturali

2102 4335 2444 4407 κατεργασίᾳ
2481 4334 2592 4389 τῶν
2653 4333 2872 4404 δεσμῶν
2899 4369 2918 4397 ,
2959 4334 3057 4387 καὶ
3114 4334 3460 4398 ἑσπεύδοντο,
3519 4333 3679 4388 αὐτοὶ

421 4429 685 4499 bonitate,
740 4441 859 4487 arte
907 4447 1008 4488 sua
1061 4431 1447 4504 fungebantur,
1484 4449 1555 4490 ne
1601 4433 1761 4490 fidem
1811 4436 1997 4491 datam

2104 4428 2242 4499 μὲν,
2276 4430 2378 4498 τῆς
2419 4428 2567 4481 κατὰ
2616 4426 2782 4497 φύσιν
2835 4426 3176 4498 ἁγαθότητος
3215 4427 3685 4498 ἐπισπερχούσης,

422 4525 697 4589 fallerent,
767 4539 905 4580 neve
961 4523 1267 4581 fraudando
1357 4526 1701 4581 contraircnt
1750 4528 1997 4596 praesidi.

2107 4519 2330 4575 ἐποίουν
2354 4519 2423 4573 τὰ
2478 4522 2576 4589 τῆς
2601 4517 2833 4589 τέχνηςς
2862 4518 2951 4573 ἴνα
2978 4516 3055 4589 μὴ
3087 4517 3377 4587 ψεύδοιντο
3416 4519 3477 4572 τὸ
3510 4517 3687 4586 ἐπάγ-

420 4616 608 4688 Neque
629 4618 778 4672 enim
801 4616 1068 4687 cogitare,
1099 4632 1169 4672 ne
1235 4618 1503 4687 suspicari
1559 4617 1779 4688 quidem
1840 4631 1998 4691 pote-

424 4717 550 4765 rant
569 4723 797 4779 pravum
849 4708 1008 4764 istius
1032 4709 1502 4775 consilium;ttec
1560 4709 1815 4767 sciebant
1871 4712 2000 4783 quis

423 4811 571 4858 chet
599 4800 817 4856 Marcus
850 4801 937 4855 vel
1004 4799 1169 4855 Marci
1211 4800 1357 4857 Deus
1394 4819 1409 4857 :
1451 4818 1571 4870 qum
1602 4803 1648 4858 si
1708 4807 2001 4872 cogitetis-

423 4904 567 4959 scnt,
596 4892 781 4948 forsan
843 4891 986 4946 haud
1012 4891 1308 4961 cmpissent
1359 4891 1488 4946 talia
1528 4893 1834 4962 procudere
1881 4895 1995 4949 vin-

424 4989 568 5051 cula,
602 4987 693 5040 sed
724 4985 997 5039 maturius
1043 4984 1462 5053 Prmripuissent
1520 4985 1870 5055 martyrium.
1934 4987 2003 5041 Et

416 5085 528 5150 jam
575 5082 802 5132 omnino
849 5076 1376 5137 cxarseratfornax.
1441 5078 1553 5147 jam
1615 5076 1822 5132 ferrum
1876 5080 2003 5149 igne

423 5174 865 5228 incandescebat.
923 5168 1023 5224 Ubi
1087 5185 1213 5224 vero
1265 5171 1449 5226 incudi
1505 5171 1818 5241 impositum
1875 5172 2001 5237 fuit,

421 5267 475 5326 et
506 5284 629 5323 mox
652 5265 1028 5320 fabricandum
1046 5274 1164 5320 erat
1192 5267 1245 5319 in
1267 5267 1580 5335 compedes.
1603 5266 1647 5321 si
1665 5281 1854 5322 eorum
1888 5281 2004 5321 ma-

426 5379 529 5416 nus
554 5371 831 5427 torporem
853 5358 997 5426 passi
1020 5365 1203 5413 essent
1225 5357 1300 5427 (et
1318 5358 1497 5426 reipsa
1526 5356 1920 5427 patiebantur),
1944 5357 2000 5411 id

418 5454 637 5525 quidem
666 5450 843 5505 visum
884 5449 1075 5504 fuisset
1101 5449 1240 5503 haud
1263 5449 1432 5504 multa
1456 5450 1734 5504 notatione
1753 5451 2001 5518 dignum,

422 5549 536 5600 lioc
568 5559 699 5598 vero
738 5543 979 5597 maxime
1010 5541 1404 5596 attendendum
1428 5552 1511 5596 est
1538 5558 1555 5596 :
1584 5541 1766 5597 fusum
1798 5556 1995 5613 nempe

421 5640 698 5694 inetallum
728 5638 838 5708 jam
860 5651 967 5691 non
989 5645 1204 5707 poterat
1235 5635 1442 5691 ferrum
1482 5636 1624 5701 fleri,
1698 5635 1798 5690 sed
1861 5651 1991 5689 coa-

417 5729 594 5795 gulari
646 5728 954 5791 recusabat,
1013 5738 1068 5783 et
1138 5727 1296 5798 quasi
1339 5741 1564 5781 currere
1619 5725 1807 5780 volens
1850 5725 1996 5779 velut

419 5837 556 5891 aqua
579 5818 843 5888 liquidum
899 5819 1175 5879 difﬂuebat
1222 5835 1284 5875 ac
1335 5818 1772 5889 dispergebatur,
1834 5827 1997 5888 atque

2106 4612 2308 4683 γελμα,
2366 4611 2466 4667 καὶ
2544 4611 2873 4682 ψευδόμενοι
2926 4611 3260 4673 ἁπεναντίας
3313 4611 3556 4681 ἐρχοιντο
3605 4609 3686 4679 τῷ

2104 4703 2496 4776 ἇρχοντι.οὑδὲ
2516 4704 2626 4773 γὰρ
2651 4698 2800 4773 εἶχον
2830 4700 2875 4775 ﬁt
2893 4703 3035 4755 νοεῖν
3056 4740 3071 4765 ,
3104 4702 3135 4773 ἢ
3183 4702 3436 4755 ὑπονοεῖν
3479 4702 3541 4755 τὸ
3562 4705 3690 4755 κατ’

2105 4798 2319 4851 ἐκεῖνον
2345 4794 2701 4848 κακόϐουλον·
2736 4792 2859 4847 οὐδὲ
2887 4790 2995 4864 μὴν
3019 4794 3333 4860 ὲπίσταντο,
3366 4793 3517 4858 ὅστις
3549 4796 3683 4847 ποτε

2107 4892 2258 4943 ἐστιν
2301 4891 2330 4942 6
2373 4888 2627 4959 Μάρκος,
2660 4885 2694 4956 ἢ
2727 4887 2757 4940 6
2789 4884 2883 4940 τοῦ
2912 4886 3146 4955 Μάρκου
3179 4885 3342 4949 ’Θεόςο
3375 4885 3473 4952 ὡς,
3525 4886 3687 4954 εἴπερ

2104 4982 2466 5052 ἐγίγνωσκον,
2525 4980 2665 5049 τάχα
2719 4976 2788 5035 ἂν
2833 4978 2956 5033 οὐδὲ
3002 4979 3101 5049 τὴν
3133 4978 3308 5049 ἀρχὴν
3358 4978 3690 5031 ἐπεϐάλοντο

2106 5073 2546 5144 κατεργάζεσθαι
2591 5073 2750 5127 κλοιὰ
2793 5071 3044 5135 τοιαῦτα,
3100 5072 3358 5141 ἥρπασαν
3415 5072 3475 5124 δὲ
3505 5072 3572 5125 ἂν
3626 5071 3690 5123 τὸ

2112 5165 2414 5236 μαρτύριον
2450 5165 2839 5237 πρωῖαίτερον.
2873 5164 2983 5218 Καὶ
3012 5162 3180 5217 τανῦν
3212 5163 3273 5216 τὸ
3306 5164 3404 5231 μὲν
3437 5162 3549 5234 πῦρ
3583 5165 3687 5216 αύ-

2107 5260 2221 5321 τοίς
2246 5257 2475 5319 ἐντελῶς
2502 5251 2644 5327 εἷχε,
2669 5257 2767 5310 καὶ
2787 5258 2815 5308 6
2854 5256 3076 5326 σίδηρος
3109 5255 3212 5326 ήδη
3236 5254 3350 5322 πῦρ
3382 5251 3451 5324 ἦν
3487 5255 3692 5323 incipio-

2108 5350 2400 5418 γούμενος.
2445 5347 2534 5411 Ὠς
2561 5348 2619 5403 δὲ
2665 5346 2765 5401 καὶ
2819 5348 2848 5400 6
2890 5345 3086 5414 ἄκμων
3135 5340 3283 5414 εἶχεν
3333 5344 3532 5411 αὑτὸν,
3591 5343 3689 5396 κα)⁵
3781 5412 3795 5421 -

2106 5443 2279 5511 ἐχρῆν
2305 5437 2967 5511 σφυρηλατεῖσθαιαύτδν
3012 5437 3093 5499 είς
3134 5436 3332 5505 δεσμὰ,
3378 5436 3427 5488 εί
3474 5436 3573 5506 μὲν
3627 5436 3687 5489 αἱ

2109 5539 2295 5606 χεῖρες
2321 5537 2509 5596 αὐτοῖς
2537 5534 2749 5604 νάρκην
2783 5530 3027 5600 ἔπασχον
3055 5529 3316 5600 (ἔπασχον
3338 5528 3396 5582 δὲ
3424 5528 3688 5599 ἀληθῶς),

2104 5628 2247 5693 δόξοι
2290 5627 2355 5680 ἂν
2405 5624 2540 5679 αὐτὸ
2593 5624 2653 5676 ού
2688 5621 2832 5677 πάνυ
2868 5619 3073 5689 πολλῆς
3108 5620 3481 5689 ἐπισημασίας
3511 5618 3686 5685 ἄξιον.

2117 5720 2341 5787 Ἐκείνῳ
2372 5718 2430 5770 δὲ
2461 5715 2754 5784 ἐπιστῆσαι
2789 5713 3027 5783 μάλιστα
3053 5710 3183 5781 χρὴ,
3218 5710 3300 5762 ὅτι
3334 5711 3393 5763 τὸ
3424 5710 3687 5781 χώνευμα

2103 5813 2286 5866 οὐκέτι
2323 5809 2547 5878 ἕστε-τεν
2581 5803 2723 5861 εἶναι
2780 5804 3021 5875 σίδηρος,
3075 5802 3213 5857 ἀλλὰ
3242 5802 3343 5874 τὴν
3392 5802 3686 5874 συνίζησιν
