4048 6410
301 261 390 323 277

1445 266 1541 326 DE
1573 268 1632 327 S.
1678 266 1983 327 ALPHEO
2020 269 2114 326 ET
2154 271 2419 334 SOCIIS.

3434 275 3540 339 278

301 379 606 448 ἀπηρνεῖτο,
641 379 736 432 καὶ
771 379 987 450 τρέχειν
1017 372 1129 432 οἷον
1169 378 1387 445 ἐθέλων,
1419 381 1552 434 ὡσεὶ
1582 385 1678 436 καὶ
1710 382 1854 453 ὕδωρ
1887 435 1891 445 ,

1995 401 2154 439 .crum
2188 389 2518 443 utahiuitio
2563 402 2908 456 concretmn,
2976 393 3365 448 restituebatur
3423 395 3538 462 pri-

303 471 494 540 ὲχέετο,
550 471 1097 542 καταρῤυῖσκόμενος
1117 512 1132 537 ,
1163 472 1259 524 καὶ
1289 471 1718 542 διεσκορπίζετο,
1766 476 1860 526 καὶ

308 563 662 632 συναγόμενος
699 562 864 617 πάλιν
915 564 990 627 ὡς
1038 565 1098 628 ἐξ
1153 565 1425 636 ὑπαρχῆς,
1459 568 1558 620 καὶ
1587 567 1860 620 ἀποκαθι-

304 657 550 725 στάμενος
585 657 780 727 πρῶτα
813 656 913 726 μὲν
943 658 1024 721 εἰς
1058 657 1266 727 μέλανα
1309 657 1553 728 σίδηρον,
1599 655 1719 715 εἶτα
1767 661 1861 713 καὶ

303 751 374 810 εἰς
422 747 746 818 ἀνθρακώδη
793 753 860 820 τῇ
911 749 1295 817 ὲκφλογὼσεισ
1355 753 1452 804 καὶ
1502 751 1640 821 μηδὲ
1695 751 1862 805 πάλιν

305 841 472 908 φέρων
497 839 684 910 σφύρᾳ
712 839 1042 901 τύπτεσθαι.
1087 841 1205 894 ἀλλ’
1243 838 1357 895 οἷον
1398 841 1864 911 ὑποστελλόμενος

306 930 394 991 τὰς
421 929 675 993 τοιαύτας
710 929 949 1001 πληγὰς,
973 933 1071 985 καὶ⁸
1103 932 1300 987 ἑαυτὸν
1335 932 1645 986 συστέλλων
1679 931 1754 996 ὡς
1785 933 1865 997 εἰς

305 1022 482 1092 ἄχνην.
515 1023 627 1075 Καὶ
658 1021 802 1076 οὕτω
849 1025 950 1092 τὴν
999 1025 1063 1076 ἐκ
1115 1025 1330 1093 φύσεως
1380 1025 1525 1078 λύων
1558 1025 1866 1095 συνέχειαν,

306 1117 394 1168 οὐκ
447 1115 610 1186 ἤθελε
659 1119 788 1180 τοὺς
834 1118 927 1171 τοῦ
973 1119 1206 1190 Μάρκου
1266 1119 1631 1189 περιυϐρίσαι
1671 1119 1864 1186 πόδας,

1969 492 2059 529 mo
2100 478 2152 530 in
2205 479 2419 548 nigrum
2445 480 2674 546 ferrum,
2699 483 2972 540 deindein
3011 486 3267 539 carbonis
3300 485 3540 541 ardentis

1971 567 2245 636 speciem;
2281 585 2381 623 nec
2420 573 2660 642 amplius
2693 583 2905 644 poterat
2937 577 3150 632 malleis
3172 577 3388 643 excudi,
3445 580 3539 632 sed

1972 660 2169 714 horum
2216 661 2415 717 ictibus
2469 666 2626 728 quasi
2682 682 2741 722 se
2797 668 3135 738 subripiens,
3177 669 3232 722 in
3302 667 3542 722 favillam

1971 749 2336 806 dilabebatur.
2395 753 2463 806 Et
2518 755 2598 810 sic
2660 757 2960 810 naturalem
3007 771 3162 810 suam
3217 755 3546 810 obliviscens

1967 843 2414 911 continuitatem,
2446 847 2668 902 nolebat
2700 847 2866 904 Marci
2889 863 3090 904 nocere
3127 849 3379 918 pedibus,
3445 861 3545 916 pro

1967 949 2035 990 eo
2082 937 2494 1006 quodammodo
2543 940 2721 1008 ipsum
2760 943 3057 1004 emoriens,
3134 948 3191 994 et
3257 938 3546 992 verebatur

1968 1027 2258 1095 compedes
2282 1028 2586 1098 impingere
2618 1029 2826 1086 homini
2893 1031 2962 1085 ad
3023 1033 3226 1086 bonum
3276 1031 3544 1084 currenti.

1967 1118 2036 1174 Et
2062 1120 2190 1174 illud
2229 1135 2371 1191 saepe
2402 1123 2598 1178 iterum
2628 1125 2937 1193 iterumque
2991 1125 3244 1192 contigit.

307 1208 405 1277 πρὸ
431 1207 642 1262 ἐκείνου
675 1208 928 1277 θνήσκων
957 1204 1072 1263 οἷον
1094 1209 1278 1275 αὐτὸς,
1340 1204 1424 1274 οἷς
1452 1209 1737 1264 εύλαὸεϊτο
1807 1212 2141 1283 συμποδίσαι
2192 1214 2283 1266 τὸν
2337 1215 2420 1278 εἰς
2476 1215 2684 1283 ἀγαθον
2726 1218 3012 1287 τρέχοντα.
3088 1219 3200 1271 Καὶ
3247 1217 3308 1270 τὸ
3377 1213 3550 1278 πάθος

307 1299 505 1368 ἐγίνετο
533 1300 794 1364 πολλάκις
827 1303 974 1354 κατὰ
1007 1301 1066 1354 τὺ
1100 1301 1266 1356 πάλιν
1297 1304 1392 1357 καὶ
1427 1301 1617 1357 πάλιν.

374 1422 471 1472 κε’.
513 1415 773 1468 ’Ὑπεισιν
823 1416 917 1469 οὖν
963 1419 1057 1469 ἐπὶ
1089 1417 1302 1480 τούτοις
1348 1417 1615 1488 λογισμὸς
1640 1418 1871 1488 ἔμφρων

309 1511 424 1572 τοὺς
452 1507 784 1577 χαλκευτάς,
821 1508 966 1561 θεῖον
994 1505 1137 1563 εἶναι
1171 1527 1225 1563 τι
1256 1512 1492 1580 πρᾶγμα
1541 1509 1603 1564 τὸ
1654 1510 1874 1580 γινόμε-

307 1616 409 1660 νον,
443 1598 541 1652 καὶ
565 1598 785 1667 άληθῶς
831 1599 1118 1670 τεράστιον
1144 1641 1160 1665 ,
1189 1601 1287 1652 καὶ
1329 1600 1430 1653 οὐκ
1460 1601 1528 1655 ἂν
1565 1600 1639 1670 μὴ
1666 1617 1878 1670 σημαν-

311 1691 452 1745 τικὺν
506 1690 750 1758 μεγάλου
802 1691 1272 1762 ἀποτελέσματος·
1300 1694 1403 1746 κα.)⁴
1435 1694 1465 1746 ὁ
1494 1693 1755 1763 λογισμὸς
1789 1684 1879 1746 οὗ·

309 1799 390 1843 τος
442 1783 756 1850 ὲμὸαθύνας
814 1786 909 1837 κα)⁸
966 1785 1269 1850 ὲγκαθίσας
1317 1786 1375 1848 ἐς
1407 1783 1610 1854 ψυχὴν,
1657 1784 1754 1837 καὶ
1795 1784 1877 1845 εἰς

309 1871 586 1940 θεολογίαν
636 1872 1020 1937 ἀπολεπτύνας
1063 1874 1265 1937 αὐτοὺς
1313 1875 1542 1943 ἐποίησε
1579 1873 1879 1942 φιλοσοφῆ-

311 1982 416 2028 σαι,
446 1966 525 2027 ὡς
556 1965 656 2018 οὐκ
703 1967 832 2020 ἄνευ
877 1965 1053 2019 ταῦτα
1083 1965 1236 2029 θείας
1275 1965 1560 2035 δυνάμεως
1587 1966 1708 2019 οὐδὲ
1738 1965 1876 2018 Θεοῦ

310 2056 448 2126 δίχα.
497 2057 626 2120 Πῶς
659 2058 767 2126 γὰρ
810 2058 838 2108 ὁ
894 2059 1138 2128 σίδηρος,
1167 2059 1196 2111 ὁ
1224 2059 1304 2120 εἰς
1331 2057 1390 2110 ἓν
1422 2059 1672 2127 συρρέων
1698 2059 1764 2127 τῇ
1789 2059 1882 2109 ἐκ-

311 2149 576 2220 πυρώσει,
624 2152 723 2204 aut
755 2153 822 2222 τῇ
875 2152 1248 2221 ἀναχωνεύσει
1299 2153 1400 2217 τὴν
1431 2151 1704 2221 σκωρείαν
1737 2153 1882 2203 ὲκτι-

315 2240 552 2307 νάσσων,
586 2243 684 2295 καὶ
715 2241 891 2308 οὕτως
940 2245 1021 2308 εἰς
1061 2245 1312 2316 καθαρὸν
1357 2242 1877 2311 ἁποκαθιστάμενος

309 2335 400 2384 καὶ
432 2334 564 2404 ῥᾷον
609 2334 670 2386 τὸ
702 2335 956 2389 ἐντεῦθεν
1005 2335 1452 2406 συμπιλούμενος
1502 2336 1598 2389 καὶ
1651 2333 1883 2386 πυκνού-

315 2441 490 2492 μενος,
525 2426 577 2478 εἰ
609 2426 876 2483 τύπτεται
910 2430 1049 2500 πρὸς
1079 2429 1317 2499 ἔλασμα,
1355 2427 1455 2482 νῦν
1485 2427 1885 2496 πλαδαροῦται,

310 2514 382 2578 ὼς
428 2517 530 2570 καὶ
579 2519 1035 2589 διαρρυῒσκεσθαι
1055 2523 1258 2592 τρόπον
1293 2522 1508 2585 ὕδατος,
1544 2522 1592 2573 εἰ
1634 2519 1708 2590 μὴ
1741 2519 1887 2571 κατὰ

311 2623 363 2656 τι
391 2605 538 2662 θεῖον
569 2611 909 2682 συγκύρημα
945 2615 1098 2678 ξένον
1127 2632 1181 2668 τι
1211 2614 1650 2683 ὲπεσκευωρεῖτο
1683 2613 1882 2665 συνάν-

313 2715 497 2766 τημας
535 2703 644 2754 Καὶ
668 2705 868 2759 αὐτίκα
908 2709 1304 2777 συνεισήρχετο
1347 2704 1474 2768 νοῦς
1515 2705 1722 2770 αὐτοῖς,
1752 2703 1889 2756 Θεοῦ

2047 1415 2142 1470 25.
2177 1415 2253 1470 Ex
2291 1416 2377 1470 his
2433 1417 2710 1487 sapienter
2762 1418 3062 1488 diiudicant
3115 1417 3250 1471 fabri
3306 1417 3550 1471 divinum

1945 1517 1952 1522 '
1975 1508 2101 1579 quid
2128 1523 2251 1564 esse
2277 1510 2419 1577 quod
2439 1510 2669 1572 accidit,
2693 1519 2750 1565 et
2781 1525 2908 1564 vere
2931 1519 3332 1579 portentosum,
3352 1518 3407 1562 et
3444 1523 3552 1562 non

1974 1603 2082 1657 nisi
2111 1601 2291 1669 magni
2327 1602 2589 1655 indicium
2617 1603 2825 1671 operis.
2883 1600 3015 1667 Quae
3064 1600 3322 1668 cogitatio
3389 1601 3554 1653 menti

1976 1709 2164 1748 eorum
2190 1693 2438 1748 insidens
2471 1703 2524 1748 et
2553 1694 2850 1758 inhaerens,
2887 1693 3150 1762 ipsosque
3182 1707 3271 1746 res
3299 1690 3557 1746 erudiens

1978 1787 2216 1849 divinas,
2251 1786 2353 1841 hoc
2386 1786 2493 1839 illis
2510 1785 3203 1856 suggessitargumentum.
3239 1797 3432 1850 nempe
3455 1783 3557 1834 ista

1979 1879 2137 1949 haud,
2171 1880 2288 1934 sine
2319 1879 2416 1934 Dei
2452 1879 2678 1934 numine
2702 1893 2767 1932 ac
2799 1888 2946 1932 motu
2975 1878 3244 1932 evenisse.
3270 1875 3559 1941 Quomodo

1976 1970 2124 2024 enim
2146 1968 2376 2034 ferrum,
2409 1970 2556 2039 quod
2581 1970 2634 2023 in
2655 1983 2825 2023 unum
2843 1967 3069 2023 confluit
3090 1966 3558 2027 excandescendo,

1975 2070 2028 2115 et
2057 2061 2242 2115 fusura
2273 2062 2505 2117 scoriam
2537 2060 2760 2125 excutit,
2796 2061 2984 2129 sicque
3029 2074 3183 2114 suam
3237 2071 3564 2125 recuperatis

1977 2155 2372 2218 sinceritatem,
2411 2153 2568 2206 facile
2598 2153 2795 2208 exinde
2826 2152 3199 2207 condensatur
3247 2149 3564 2219 etcompri—
3627 2176 3640 2180 -

1981 2244 2150 2296 mitur
2201 2245 2556 2313 percussione
2583 2242 2634 2296 in
2675 2242 2956 2306 laminam,
2985 2241 3260 2310 quomodo
3299 2255 3445 2295 ttunc
3478 2256 3565 2294 re-

1981 2334 2198 2388 laxatur
2215 2343 2270 2388 et
2294 2351 2450 2402 aqua:
2479 2335 2653 2389 instar
2674 2333 2815 2398 ﬂuit,
2846 2333 2948 2386 nisi
2977 2333 3192 2386 divinus
3217 2331 3442 2401 quidam
3465 2348 3567 2385 nu-

1985 2434 2075 2482 tus
2101 2427 2156 2486 in
2207 2429 2310 2482 hoc
2371 2427 2630 2495 singulari
2694 2427 3022 2496 inspiciatur
3080 2425 3562 2480 eventu?Statim

1985 2521 2151 2587 igitur
2183 2535 2334 2574 mens
2363 2521 2470 2574 illis
2495 2521 2772 2574 succurrit
2805 2518 2898 2574 Dei
2936 2519 3210 2572 hominem
3239 2533 3361 2571 esse
3407 2533 3566 2584 quem

1988 2613 2298 2682 compedire
2323 2613 2606 2678 parabant.
2638 2623 2692 2666 et
2729 2621 3017 2680 prepterea
3053 2610 3214 2665 Marci
3266 2610 3432 2662 Deum
3469 2609 3569 2663 ob-

1999 2715 2144 2759 stare
2169 2707 2464 2773 quominus
2488 2706 2541 2759 in
2575 2719 2737 2773 opere
2760 2704 3138 2759 succederent.

313 2790 601 2858 ἄνθρωπον
631 2791 776 2849 εἶναι
808 2795 903 2850 τὸν
944 2798 1372 2869 δεσμησόμενον,
1428 2797 1525 2851 καὶ
1571 2795 1664 2850 διὰ
1715 2794 1876 2848 τοῦτο
1913 2794 2167 2864 ἐμποδὼν
2200 2794 2340 2850 εἶναι
2383 2800 2473 2850 τὸν
2529 2795 2622 2849 τοῦ
2672 2797 2903 2858 Μάρκου
2947 2795 3082 2850 Θεδν
3152 2800 3222 2868 τῇ
3307 2795 3563 2851 εὐοδώσει

312 2887 403 2941 τοῦ
433 2891 606 2960 ὲργου
645 2891 846 2947 αὐτῶν.

381 3011 497 3068 σις’.
527 3005 756 3069 Πάντως
798 3007 907 3076 γὰρ
952 3007 1141 3079 φήμης
1173 3007 1601 3078 ἀναϐοωμὲνης,
1631 3007 1734 3061 οὐκ
1771 3004 1888 3077 εἶχε

315 3095 608 3149 λανθάνειν
657 3095 997 3160 οὗδ⁹αὐτοὺς
1049 3099 1078 3150 ὁ
1139 3098 1390 3167 Μάρκος,
1449 3097 1538 3152 ὅτι
1592 3096 1752 3160 θεοὺς
1795 3099 1894 3167 μὲν

2070 3005 2160 3058 26.
2203 3004 2367 3058 Fama
2429 3005 2785 3058 cnimomnia
2815 3004 3154 3073 divulgante,
3209 3005 3360 3069 ipsos
3408 3005 3573 3058 etiam

2003 3098 2172 3152 latere
2203 3097 2346 3150 haud
2376 3073 2585 3166 poterat
2624 3096 2838 3151 Marcus
2870 3105 3128 3167 tanquam
3165 3097 3297 3150 deos
3323 3106 3575 3150 contem-

317 3189 708 3257 ἀπωθούμενος
738 3188 836 3243 καὶ
861 3187 1049 3258 ψέγων
1075 3190 1153 3272 ὡς
1198 3191 1275 3262 μὴ
1306 3191 1551 3261 ἀληθεῖς,
1578 3191 1662 3245 ἑνὶ
1691 3191 1750 3244 δὲ
1781 3191 1891 3259 Θεῷ

2003 3204 2141 3242 nens
2169 3201 2233 3241 ac
2261 3189 2572 3254 vituperans
2609 3195 2667 3240 ut
2695 3202 2802 3240 non
2849 3201 3027 3249 veros,
3083 3185 3177 3240 uni
3233 3196 3413 3240 autem
3465 3185 3578 3240 Deo

321 3280 715 3349 προσανέχων,
752 3281 847 3334 καὶ
895 3281 1032 3335 Θεὸν
1070 3280 1239 3346 ὅντως
1269 3282 1435 3336 αὐτὸν
1478 3281 1895 3353 ἐπαγωνιζόμε-

324 3386 410 3432 νος
448 3366 619 3436 εῖναι,
652 3370 944 3441 τετίμηται
983 3371 1228 3444 δεσμοῖς.
1259 3373 1424 3428 Ὀθεν
1466 3374 1694 3428 τοιαῦτα
1740 3391 1894 3442 σοφι-

325 3461 545 3524 σθέντες
605 3461 714 3514 ὑπὸ
756 3461 852 3516 τοῦ
883 3463 1036 3526 ἐντὸς
1078 3463 1258 3517 αὐτῶν
1307 3464 1652 3528 διδασκάλου,
1687 3464 1899 3536 ὑποφη-

322 3551 578 3616 τεύοντος
623 3553 828 3624 δηλαδὴ
868 3552 1007 3607 Θεοῦ
1061 3556 1187 3618 ταῖς
1211 3555 1308 3608 τοῦ
1344 3555 1506 3625 ἁγίου
1548 3557 1777 3627 Μάρκου
1813 3558 1900 3608 εύ-

321 3645 463 3713 χαῖς,
497 3643 597 3698 τόν
649 3661 710 3697 τε
762 3643 1103 3715 ὲκὸοώμενον
1134 3644 1465 3700 πιστότατον
1494 3646 1726 3716 Μάρκον
1765 3646 1902 3698 ἀπο-

321 3737 571 3804 δέχονται
626 3737 725 3806 τῆς
779 3737 924 3808 ὑπὲρ
981 3736 1079 3791 τοῦ
1128 3737 1362 3807 φιλητοῦ
1400 3735 1675 3790 Δεσπότου
1711 3737 1905 3790 ὲνστάυ

323 3844 480 3893 σεως,
540 3826 603 3879 ὃν
653 3827 817 3888 αὐτὸς
873 3829 1173 3898 κηρύττειν
1206 3828 1402 3881 ἐθέλει*
1431 3829 1525 3881 καὶ
1557 3830 1636 3898 τῷ
1668 3827 1786 3897 Θεῷ
1815 3828 1906 3882 διὰ

320 3918 419 3988 τῆς
459 3915 722 3988 τοιαύτης
779 3918 1053 3989 ἀποδοχῆς
1102 3919 1398 3982 ὀσιοῦνται,
1426 3919 1522 3972 καὶ
1569 3917 1665 3971 τὸν
1708 3918 1908 3988 τύραν-

326 4027 415 4063 νον
442 4009 842 4077 ἀποστυγοῦσι,
868 4013 963 4063 καὶ
985 4011 1295 4080 γραφέντες
1321 4013 1404 4072 εἰς
1433 4012 1494 4062 τὸ
1526 4011 1709 4073 καλῶς
1742 4014 1905 4073 νοεῖν,

325 4105 460 4172 πρὸς
485 4103 567 4175 τῷ
599 4103 740 4175 ἁγίῳ
768 4105 982 4173 Μάρκῳ
1015 4103 1107 4156 τὸν
1138 4103 1262 4156 νοῦν
1303 4101 1513 4173 ἔχουσι.

393 4234 502 4298 κζ’.
537 4233 607 4285 Τί
636 4231 694 4285 δὲ
725 4233 827 4285 οὐκ
853 4232 1079 4300 ἔμελλον
1132 4233 1364 4301 ποιῆσαι
1398 4234 1447 4286 οἱ
1495 4233 1634 4303 πρὸς
1678 4233 1758 4301 τῷ
1798 4233 1908 4286 ἔσω

332 4323 710 4392 μυσταγωγῷ,
743 4323 822 4393 τῷ
871 4323 930 4388 ἐξ
988 4323 1215 4389 ὲλλόγου
1261 4322 1500 4392 φύσεως,
1563 4326 1659 4377 καὶ
1710 4324 1808 4394 τὴν
1851 4325 1908 4389 ἐξ

333 4419 503 4472 αὑτοῦ
562 4417 700 4471 Θεοῦ
777 4417 1123 4470 διδασκαλίαν
1203 4417 1420 4487 τρανῶς
1475 4417 1908 4484 ὲνωτισάμενοι;

1998 3279 2246 3344 credens,
2270 3293 2508 3348 eumque
2535 3293 2790 3332 asserens
2820 3293 3007 3332 verum
3037 3293 3159 3332 esse
3191 3277 3380 3340 Deum,
3413 3286 3576 3345 atque

1999 3373 2124 3426 ideo
2153 3357 2385 3426 vinculis
2425 3372 2736 3425 mulctatus.
2773 3371 2928 3425 Unde
2971 3372 3099 3424 talia
3130 3370 3308 3423 edocti
3335 3371 3403 3423 al»
3436 3373 3575 3424 inte-

2002 3465 2143 3520 riore
2174 3465 2452 3535 magistro,
2487 3480 2514 3518 a
2547 3465 2658 3520 Deo
2691 3465 2940 3519 videlicet
2971 3463 3149 3518 sancti
3193 3463 3357 3516 Marci
3395 3463 3573 3531 preci-

2003 3557 2102 3610 bus
2129 3567 2420 3622 annuente,
2443 3556 2772 3626 percelehris
2799 3554 2966 3608 Marci
2993 3553 3359 3610 firmissimam
3381 3567 3581 3622 appro-

2005 3650 2132 3704 bant
2163 3649 2544 3704 fidelitatemin
2573 3649 2829 3704 dilectum
2888 3648 3204 3710 Dominum,
3238 3662 3396 3716 quem
3467 3647 3596 3714 ipse-

2007 3742 2301 3810 prazdicare
2339 3742 2645 3805 vole!:at,et
2666 3743 2833 3796 Deum
2871 3741 2940 3794 ob
2976 3742 3114 3794 hanc
3136 3739 3580 3807 approbationem

2009 3832 2612 3902 honoraut,tyrannum
2645 3847 2777 3886 vero
2804 3831 3174 3896 deteStantur,
3204 3841 3259 3883 et
3290 3845 3437 3883 same
3458 3830 3588 3882 duc-

2011 3923 2163 3977 trinre
2188 3924 2468 3991 destinati,
2499 3933 2734 3978 mentem
2767 3932 2960 3978 sancto
2989 3921 3176 3978 Marco
3207 3922 3510 3992 applicant.

2081 4231 2171 4284 ‘27.
2211 4230 2349 4296 Quid
2381 4239 2562 4284 autem
2599 4245 2705 4283 non
2747 4231 2946 4284 facturi
2985 4241 3142 4284 erant
3189 4231 3307 4301 qui,
3367 4242 3593 4300 prseter-

2012 4339 2172 4394 quam
2203 4339 2229 4374 a
2263 4323 2526 4391 magistro
2558 4323 2708 4376 intus
2729 4339 2823 4391 per
2855 4324 3174 4377 rationalem
3208 4336 3457 4378 naturam
3511 4327 3589 4377 lo-

2014 4426 2240 4482 quente,
2271 4416 2340 4469 ab
2370 4415 2489 4484 ipso
2522 4415 2630 4468 Deo
2671 4414 3018 4484 disciplinam
3075 4416 3220 4469 clare
3252 4416 3588 4470 audierant?

329 4511 486 4581 Φωνὴ
525 4511 638 4579 γὰρ
679 4509 975 4579 οὐρανόθεν
1009 4510 1277 4579 ἀπηχήοη
1333 4509 1432 4562 καὶ
1482 4510 1690 4574 αὺτοῖς,
1719 4512 1891 4563 ὁποῖαι

2016 4505 2130 4561 Vox
2162 4507 2304 4560 enim
2335 4515 2464 4560 tunc
2491 4507 2654 4560 etiam
2689 4507 2908 4562 caelitus
2935 4507 3192 4560 exaudita
3217 4518 3322 4568 est,
3387 4508 3582 4576 quales

333 4605 431 4658 καὶ
465 4605 630 4659 ἄλλαι
661 4607 833 4674 μυρία
855 4604 1191 4674 ἐϐρόντησαν
1227 4605 1603 4675 θεοπαράδοτα
1634 4605 1908 4674 νοήματα,

334 4696 688 4768 θαῤῥύνουσα
736 4698 863 4760 τοὺς
911 4697 1264 4767 Καλυτηνοὺς
1306 4699 1385 4762 εἰς
1433 4698 1494 4751 τὸ
1541 4697 1799 4764 emam.
1833 4694 1912 4770 ¹ᾙ

330 4789 889 4853 κατακολουθοῦντες,
919 4793 1045 4853 τούς
1089 4807 1150 4842 τε
1200 4791 1577 4860 πυραγρικοὺς
1613 4793 1912 4861 καρκίνους

331 4882 618 4950 ῥίπτουσι,
665 4883 777 4956 καὶ.
815 4881 1284 4934 συναποϐάλλουσι
1313 4881 1370 4933 δὲ
1415 4883 1509 4934 καὶ
1540 4882 1638 4946 τὰς
1672 4881 1906 4954 σφύρας·

329 4971 420 5022 καὶ
441 4971 550 5040 τὴν
585 4969 827 5038 ἀσϐόλην
875 4971 976 5037 μὲν
1004 4971 1404 5039 ἀπειπάμενοι,
1439 4970 1540 5040 τὴν
1570 4972 1633 5024 ὲκ
1659 4971 1758 5040 τῆς
1787 4973 1914 5042 τέχ-

330 5079 450 5128 νης,
483 5062 586 5114 καὶ
607 5062 700 5113 τὸν
730 5061 942 5114 ἐκεῖθεν
971 5061 1168 5132 ῥύπον,
1206 5061 1269 5114 τὸ
1298 5063 1355 5114 δὲ
1384 5062 1502 5130 φῶς
1527 5063 1911 5134 ὲγκρίναντες,

327 5152 386 5202 τὸ
414 5155 515 5204 καὶ
543 5152 716 5214 ὅντως
742 5153 840 5206 καὶ⁸
862 5151 1132 5222 ἄρρητον,
1159 5152 1188 5204 ὃ
1212 5154 1306 5206 καὶ
1328 5151 1684 5224 ἐκληρώσατο
1718 5153 1915 5217 αὐτοὺς

335 5243 476 5313 ὑπὲρ
531 5243 669 5296 Θεοῦ
713 5243 1099 5315 ἀθλήσοντας,
1157 5247 1254 5297 καὶ
1312 5244 1457 5298 οὕτω
1517 5245 1916 5314 διαφυγόντας,

333 5332 526 5404 ὥσπερ
587 5334 647 5386 τὸ
687 5335 834 5387 κατὰ
887 5335 1084 5406 τέχνην
1115 5334 1252 5407 πῦρ,
1279 5335 1426 5389 οὕτω
1458 5335 1554 5390 καὶ⁹
1587 5338 1646 5390 τὸ
1675 5337 1911 5401 αἰώνιον,

334 5424 631 5492 τρέχουσιν
669 5427 762 5478 ἐπὶ
785 5426 878 5478 τὸν
909 5427 1155 5494 Μάγνον.
1197 5429 1304 5480 Καὶ
1334 5429 1471 5490 τέως
1509 5430 1607 5499 μὲν
1653 5429 1749 5481 καὶ
1777 5430 1912 5482 ἀπο-

337 5516 693 5586 στρέφουσιν,
729 5516 788 5568 ὃν
826 5517 1018 5570 ἔλαϐον
1065 5517 1260 5588 μισθὸν
1291 5519 1394 5588 τῆς
1426 5519 1574 5572 κατὰ
1617 5518 1712 5572 τοῦ
1760 5521 1917 5589 Μάρ-

337 5624 440 5661 κου
493 5610 878 5679 σιδηροποιῖας
903 5650 918 5675 ,
960 5610 1048 5663 ἴνα
1076 5611 1174 5662 καὶ
1219 5610 1280 5664 τὸ
1308 5611 1575 5681 ἀργύριον
1624 5609 1789 5664 αὑτοῦ
1819 5613 1917 5665 σὺν

343 5694 493 5762 αὐτῷ
536 5697 614 5758 εἰς
647 5695 945 5752 ἀπώλειαν·
983 5696 1102 5752 εἶτα
1157 5702 1253 5751 καὶ
1299 5700 1706 5770 πληροφοροῦσι
1737 5700 1915 5769 λόγοις

2019 4611 2071 4654 et
2091 4601 2204 4655 alia:
2226 4599 2424 4653 millies
2455 4601 2814 4653 intonuerunt
2841 4599 3195 4653 trausmissas
3217 4615 3245 4651 a
3271 4599 3376 4650 DN)
3400 4600 3589 4666 laque-

2016 4693 2119 4757 las,
2156 4694 2404 4747 excitans
2432 4691 2730 4762 Calytenos
2759 4691 2825 4745 ad
2859 4690 3234 4760 pugnandum.
3295 4690 3394 4743 Cui
3461 4689 3613 4744 obee-

2015 4788 2242 4850 dientes,
2279 4786 2486 4840 similes
2518 4787 2732 4841 cancris
2769 4785 3004 4852 forcipes
3046 4785 3340 4854 projiciunt
3374 4802 3388 4849 ;
3419 4784 3594 4853 conji-

2015 4882 2169 4934 ciunt
2198 4879 2363 4933 simul
2397 4886 2451 4931 et
2481 4878 2730 4942 malleos,
2773 4887 2827 4932 et
2857 4886 3146 4945 ertcrgunt
3191 4876 3471 4944 fuliginem
3528 4892 3592 4930 ac

2014 4971 2230 5025 Surtlem
2261 4984 2325 5023 ex
2360 4977 2475 5022 arte
2501 4984 2595 5023 sua
2626 4969 2980 5022 inhaerentem
3021 4985 3036 5033 ;
3070 4968 3243 5022 lucem
3296 4982 3423 5022 vero
3475 4983 3593 5019 am-

2013 5064 2312 5132 plectentes
2345 5077 2463 5130 qua:
2498 5071 2582 5115 est
2605 5076 2730 5114 vera
2760 5069 2813 5113 et
2844 5059 3158 5121 ittcﬁabilis,
3196 5076 3318 5114 sese
3346 5062 3591 5114 censeris

2016 5155 2154 5208 huut
2178 5152 2245 5206 ad
2275 5153 2619 5207 militandum
2653 5167 2752 5222 pro
2775 5152 2882 5207 Deo
2913 5169 2930 5218 ;
2957 5161 3014 5208 et
3046 5154 3127 5208 sic
3156 5152 3447 5224 fugientes,
3476 5162 3587 5205 tum

2016 5245 2192 5312 ignem
2229 5259 2344 5298 suae
2375 5244 2528 5306 artis,
2556 5251 2670 5297 tum
2707 5251 2973 5296 aeternum
3006 5243 3206 5310 ignem,
3245 5252 3478 5297 currunt
3525 5242 3616 5294 ade

2021 5335 2296 5402 Magnum.
2325 5337 2402 5390 Ac
2429 5337 2662 5405 primum
2696 5336 2965 5404 repellunt
2993 5337 3319 5401 mercedem,
3342 5349 3504 5404 quam
3529 5335 3617 5385 ah.

2025 5445 2090 5482 eo
2115 5439 2438 5498 acceperant
2468 5428 2532 5482 ad
2564 5427 2804 5482 Marcum
2824 5428 2970 5483 ferro
2998 5430 3371 5491 calceandum,
3405 5439 3463 5481 ut
3505 5442 3599 5496 pe-

2024 5521 2185 5576 cunia
2226 5522 2374 5576 illius
2408 5536 2531 5576 cum
2572 5536 2638 5576 eo
2684 5531 2828 5576 esset
2865 5523 2918 5575 in
2975 5523 3369 5589 perditionem;
3404 5520 3598 5576 deinde

2029 5615 2300 5667 allirmant
2323 5627 2579 5668 sermone
2608 5613 2756 5667 brevi
2790 5629 2848 5667 se
2881 5629 3000 5668 esse
3025 5624 3242 5684 paratos
3275 5613 3342 5667 ad
3365 5612 3599 5666 morien-

2029 5701 2156 5756 dum
2189 5716 2285 5770 pro
2311 5701 2418 5756 Deo
2436 5717 2596 5770 quem
2632 5700 2844 5757 Marcus
2865 5703 3142 5772 prtedical,
3169 5718 3268 5759 nec
3291 5701 3425 5756 velle
3445 5699 3599 5756 dein-
