4048 6418
463 249 579 317 279

1184 262 1606 328 EUSTATHH
1649 273 2401 343 THESSALONICENSIS
2440 285 3005 348 METROPOLiT£

3608 297 3711 358 980

460 376 591 437 (eps
623 368 824 433 vivere,
855 369 903 426 si
932 371 1311 439 periclitamur
1340 392 1408 431 ne
1437 392 1559 432 cum
1591 379 1771 449 impiis
1813 398 2015 438 versent

2140 387 2203 440 ού
2234 394 2493 462 μακροῖς,
2531 393 2765 465 ἑτοίμως
2795 395 2939 464 ἔχειν
2979 395 3237 465 θνήσκειν
3265 397 3405 467 ὑπὲρ
3429 400 3523 455 τοῦ
3549 401 3709 467 Θεοῦ,

460 468 550 513 tur
576 461 653 514 vel
686 462 865 528 potius
894 463 1174 520 vitientur.

521 734 612 788 28.
652 736 847 789 Statim
879 737 1107 805 proinde
1135 742 1541 809 comprehensi,
1592 746 1744 800 varia
1796 748 2033 803 alterna.

438 822 646 882 verunt
676 828 962 883 tormentis
990 835 1308 897 tormenta;
1341 848 1444 889 nec
1470 835 1650 890 solum
1687 839 1888 906 quibus
1939 856 2031 894 as-

444 932 638 977 suetus
668 934 786 977 erat
819 922 1073 994 Magnus,
1101 925 1219 982 haec
1247 926 1500 985 adhibuit
1531 931 1588 986 in
1619 932 1743 989 illos
1774 932 2028 1001 athletas,

445 1031 789 1084 nequaquam
827 1016 1015 1071 mitius
1037 1033 1203 1086 quam
1229 1035 1352 1089 qua
1375 1029 1537 1077 antea
1563 1038 1903 1094 exercuerat,
1934 1030 2027 1082 sed

441 1117 495 1161 et
514 1106 618 1161 alia
647 1122 787 1163 nova
808 1123 933 1178 quae
955 1108 1307 1165 malesuadus
1336 1110 1425 1165 isti
1446 1114 1658 1169 daemon
1678 1118 2027 1187 suggerebat.

440 1196 631 1250 Solent
669 1198 815 1251 enim
844 1198 1171 1268 plerumque
1203 1199 1261 1253 in
1293 1199 1606 1269 hujusmodi
1649 1220 1708 1258 re
1738 1207 2029 1262 ambitiose

440 1304 600 1358 agere
635 1289 871 1360 tyranni,
904 1299 959 1345 et
982 1290 1298 1359 excogitare
1327 1296 1761 1363 semperquibus
1788 1307 2027 1353 terreant

439 1380 674 1436 miseros
703 1382 759 1436 in
788 1396 987 1438 Iussus
1010 1400 1137 1439 suas
1159 1384 1437 1456 delapsos,
1471 1397 1523 1442 et
1548 1388 1627 1443 sic
1658 1389 1938 1445 horrorem
1970 1393 2023 1446 in

436 1471 519 1527 eis
551 1483 808 1542 augeant,
843 1475 1183 1544 negotiosam
1234 1478 1526 1535 reddentes
1556 1481 1925 1543 ferocitatem.
1972 1496 2026 1539 ct

439 1561 662 1616 insitam
696 1562 908 1617 homini
946 1567 1423 1623 mansuetudinem
1452 1571 1506 1625 in
1531 1571 1718 1628 bestia:
1755 1574 2022 1630 feritatem

439 1651 821 1708 immutantes.
874 1654 1010 1710 Cum
1075 1671 1206 1713 vero
1258 1661 1528 1729 snpplicia
1592 1664 1646 1718 in
1713 1665 1834 1720 illos
1886 1667 2022 1720 nihil

437 1745 707 1809 valerent,
745 1749 1014 1815 necjullus
1037 1765 1227 1808 sermo
1266 1754 1319 1808 in
1344 1770 1440 1810 eos
1476 1767 1620 1812 esset
1656 1759 1843 1813 eﬂieax
1905 1760 2021 1815 sive

440 1835 739 1899 minarum,
771 1838 888 1894 sive
906 1841 1203 1907 suasionis,
1224 1846 1495 1916 excogitat
1514 1850 1877 1917 IlCQtliSritlltlS
1893 1870 1911 1905 ι
1928 1868 2023 1905 ru-

438 1929 640 1985 cialnm
671 1933 817 1986 haud
842 1935 1421 2008 omninomartyribus
1453 1941 1926 2011 incongruentem.

504 2220 596 2271 Ἦ).
632 2218 1003 2275 Statuitenim
1039 2229 1147 2278 tres
1165 2220 1484 2293 Calytenos,
1511 2222 1606 2293 qui
1634 2224 1928 2294 perignem
1965 2223 2022 2278 in

435 2321 551 2365 arte
589 2311 764 2364 Γαὶηὶιὶ
800 2311 1078 2376 vivebant,
1108 2314 1274 2368 etiam
1310 2330 1408 2384 per
1446 2316 1627 2387 ignem
1646 2316 1857 2383 tollere,
1886 2329 1940 2372 et
1957 2333 2024 2371 ex

432 2402 541 2458 hac
569 2402 699 2456 ferri
731 2402 1113 2472 fabricatione,
1143 2422 1308 2475 quam
1352 2407 1494 2477 ignis
1517 2409 1662 2463 haud
1691 2418 2019 2479 peremerat,

435 2515 447 2540 ι
472 2512 536 2550 os
564 2495 861 2552 detrudere
886 2498 1122 2568 quadam
1150 2498 1315 2553 simili
1344 2498 1556 2565 fusura,
1607 2511 1665 2555 ut
1721 2518 1817 2570 per
1875 2505 2021 2571 quod

430 2588 709 2654 vivebant,
731 2603 830 2660 per
843 2588 949 2645 hoc
961 2588 1118 2657 e,vita
1137 2593 1456 2660 migrarent.
1477 2592 1665 2662 Itaque
1686 2593 1804 2647 fusa
1840 2594 2025 2663 plum-

434 2681 489 2735 bi
542 2695 725 2736 massa
784 2680 1106 2751 insertoque
1132 2681 1479 2738 infundibqu
1506 2682 1559 2738 in
1587 2694 2027 2754 oremartyrum,

433 2775 579 2829 velut
597 2774 651 2828 in
674 2773 822 2829 vasis
839 2774 1070 2845 alicujus
1095 2774 1323 2844 liquoris
1341 2777 1655 2847 capacibus,
1686 2777 1818 2831 illttd
1843 2781 2025 2832 vivum

436 2864 613 2919 t'ihus
641 2864 860 2928 infudit,
892 2874 947 2918 ut
986 2867 1064 2919 sic
1099 2866 1245 2920 intus
1274 2867 1440 2921 inusti
1475 2868 1639 2920 vitam
1676 2867 1819 2921 illico
1851 2869 2019 2921 exha—

432 2964 502 3013 i:'t
518 2978 580 3014 ea
593 2971 631 3014 l.

500 3139 589 3195 30.
623 3140 694 3196 At
716 3141 820 3196 ista
842 3140 1004 3196 ωεισοί
1024 3140 1360 3196 machinatio
1382 3142 1684 3212 perfectum
1712 3144 1854 3198 haud
1894 3159 2014 3199 sor-

432 3233 532 3287 tita
580 3241 667 3288 est
697 3234 930 3299 exitum,
963 3233 1055 3289 sed
1085 3235 1141 3288 in
1170 3249 1369 3289 vanum
1406 3235 1559 3304 pueri
1589 3237 1775 3304 jucum
1822 3236 2010 3291 desiit.

429 3327 561 3383 Erat
581 3329 728 3382 enim
759 3327 1040 3396 plumbum
1074 3327 1207 3382 illud
1239 3328 1321 3382 eis
1352 3327 1662 3392 innoxium,
1691 3330 1835 3383 sicut
1874 3329 2010 3383 alle-

429 3420 611 3488 gmica
646 3417 952 3473 Psalmistte
981 3434 1105 3473 cura
1138 3419 1452 3489 liquesceus
1474 3420 1556 3483 ,in
1589 3422 1766 3475 medio
1805 3420 2011 3476 ventris

428 3518 569 3580 e,’us.
606 3513 729 3567 Erat
754 3512 1085 3581 martyribus
1111 3511 1263 3581 quasi
1295 3511 1438 3566 unda
1462 3512 2011 3583 mitigativaillabeus

428 3622 604 3676 usque
638 3607 705 3661 ad
739 3605 978 3659 animam
1006 3620 1219 3659 eorum.
1255 3602 1311 3658 Si
1341 3605 1464 3674 quis
1491 3614 1670 3659 autem
1703 3617 1848 3659 recte
1865 3605 2012 3661 dice-

427 3710 509 3756 ret
528 3699 660 3754 illud
680 3699 826 3752 velut
845 3713 1040 3766 aquatn
1066 3697 1301 3752 subiisse
1320 3698 1371 3750 in
1394 3713 1582 3751 eorum
1609 3698 1841 3761 viscera,
1868 3714 2011 3752 nou-

428 3808 496 3847 ne
523 3791 688 3847 etiam
718 3799 872 3846 certo
918 3801 1131 3845 asserat
1184 3794 1287 3845 hoc
1344 3792 1570 3861 plumbo
1623 3792 1731 3848 illis
1791 3804 2009 3847 auctum

422 3887 598 3942 fuisse
619 3885 803 3941 cordis
837 3885 1132 3951 iervorem,
1174 3894 1227 3938 et
1255 3901 1549 3940 accensum
1580 3886 1778 3940 domus
1810 3886 1899 3940 Dei
1920 3903 2010 3941 ze-

424 3979 540 4035 ium
566 3980 657 4042 qui
686 3978 901 4048 antiqui
929 3978 1217 4047 Propheta:
1250 3993 1347 4033 cor
1378 3980 1702 4035 comedebat
1733 3978 1757 4031 ?
1785 3979 1903 4034 lmo
1924 3995 2013 4034 ve-

425 4090 491 4128 ro
520 4073 906 4145 refrigeratum
933 4090 963 4128 a
989 4074 1099 4128 Deo
1129 4073 1408 4143 plumbqu
1439 4073 1569 4127 illud
1595 4073 1769 4129 visum
1792 4086 1875 4128 est
1899 4089 2007 4129 non

424 4182 548 4234 tgue
576 4166 786 4233 lusum,
818 4169 912 4223 sed
934 4170 1093 4238 quale
1120 4168 1174 4221 in
1203 4183 1363 4222 sacro
1391 4166 1622 4223 Cautico
1637 4168 2011 4236 submergitur

424 4262 480 4316 in
502 4262 663 4330 aquis
693 4261 1111 4316 vehementibus
1149 4260 1465 4329 :siquidem
1517 4259 1741 4315 minime
1794 4260 2007 4327 urebat,

424 4355 523 4409 sed
554 4354 816 4424 frigidum
850 4354 1253 4409 illabebaturin
1279 4368 1481 4423 corpus
1500 4353 1706 4421 pariter
1722 4353 2004 4423 frigidum.

2142 479 2203 534 ὃν
2253 483 2280 535 6
2327 484 2557 553 Μάρκος
2613 486 2907 559 κηρύσσει,
2961 487 3055 539 καὶ
3119 486 3193 557 μὴ
3258 490 3321 541 ἂν
3377 491 3582 546 ἐθέλειν
3617 496 3710 548 τοῦ

2141 572 2333 629 λοιποῦ
2385 577 2521 644 μηδὲ
2586 578 2709 649 ζῇν,
2771 580 2820 632 εί
2896 579 3243 649 συγχρᾶσθαι
3297 583 3701 640 κινδυνεύουσιν

2140 668 2341 735 ἀθέοις,
2377 670 2582 739 μᾶλλον
2615 672 2672 725 δὲ
2703 672 3162 741 συγχραίνεσθαι.

2211 767 2319 826 κη’.
2384 763 2494 816 Καὶ
2565 763 2748 818 τοίνυν
2806 764 3184 834 κρατηθέντες
3232 766 3432 820 αὐτίκα
3472 769 3710 841 ἡμειψιν

2137 854 2396 917 κολάσεις
2443 857 2508 908 ὲκ
2554 856 2834 911 κολάσεων
2871 858 3201 926 πολυειδεῖς,
3230 860 3289 912 ού
3316 862 3477 930 μόνον
3501 865 3708 926 ὁποίαις

2134 948 2161 996 6
2196 946 2420 1013 Μάγνος
2461 947 2762 1011 ἐνεθισθεὶς
2807 951 3227 1020 προεχειρίζετο
3258 952 3450 1019 αὐτὰς,
3485 956 3579 1008 καὶ
3618 957 3707 1008 ἐπὶ

2131 1037 2346 1102 τούτοις
2396 1041 2514 1103 τοῖς
2566 1040 2830 1109 ἀθληταῖς
2876 1042 3028 1099 οὐδὲν
3067 1042 3177 1096 τῶν
3225 1043 3421 1098 ἄλλοτε
3465 1047 3706 1114 φθασάν-

2134 1145 2252 1182 των
2302 1129 2549 1194 ἔλαττον,
2600 1132 2742 1185 ἀλλά
2777 1134 2875 1186 καὶ
2905 1133 3103 1204 ἑτέρας
3128 1136 3479 1205 καινοτέρας,
3510 1139 3709 1201 ὁπόσας

2130 1220 2159 1270 6
2210 1220 2712 1288 φαυλοδιδάσκαλος
2770 1221 2986 1294 δαίμων
3042 1225 3411 1296 ὑπηγόρευεν.
3471 1227 3706 1281 Εἰώθασι

2130 1311 2241 1381 γὰρ
2280 1311 2361 1376 ὡς
2398 1312 2469 1366 τὰ
2511 1313 2682 1367 πολλὰ
2736 1315 2797 1368 ὲν
2852 1317 2965 1378 τοῖς
2997 1316 3264 1380 τοιούτοις
3307 1317 3707 1388 φιλοτιμεῖσθαι

2130 1406 2179 1456 οξ
2211 1405 2493 1477 τυράννοι,
2549 1407 2649 1460 καὶ
2704 1407 3195 1478 προσεξευρίσκειν
3245 1410 3335 1463 ἀεὶ
3376 1416 3443 1464 τὰ
3477 1410 3708 1478 ἐκπλήτ-

2128 1515 2291 1552 τοντα
2335 1499 2464 1561 τοὺς
2514 1499 2996 1568 παραπίπτοντας,
3042 1502 3141 1554 καὶ
3191 1499 3337 1553 οὕτω
3382 1500 3710 1573 προσαύξειν

2127 1591 2188 1641 τὸ
2225 1591 2283 1644 ἐν
2325 1590 2515 1654 αὐτοῖς
2562 1591 2883 1660 φρικαλέον,
2923 1590 3362 1664 πραγματειώδη
3393 1592 3708 1662 ποιούμενοι

2130 1681 2228 1750 τὴν
2279 1680 2601 1750 ἀγριότητα,
2644 1683 2742 1735 καὶ
2772 1681 2868 1735 τοῦ
2915 1681 3039 1736 κατ’
3084 1683 3377 1752 ἄνθρωπον
3407 1682 3617 1754 ἡμέρου
3646 1681 3707 1735 τὸ

2130 1771 2395 1840 θηριῶδες
2418 1772 2835 1843 ἀλλαττόμενοι.
2878 1773 3035 1826 Ἐπεὶ
3077 1771 3137 1826 δὲ
3182 1772 3254 1826 τὰ
3305 1773 3409 1843 μὲν
3446 1771 3708 1841 κολαστή-

2131 1877 2222 1929 ρια
2256 1861 2390 1933 παρ’
2424 1862 2580 1917 οὐδὲν
2612 1858 2758 1935 ἦσαν
2790 1865 2906 1926 τοῖς
2947 1864 3237 1933 ἀθληταῖς,
3268 1862 3432 1931 λόγος
3477 1862 3534 1914 δὲ
3560 1861 3705 1925 ἀπας

2127 1954 2409 2023 ἄπρακτος
2433 1950 2504 2026 ἦν
2535 1957 2595 2009 ὲν
2621 1956 2826 2022 αὐτοῖς,
2859 1955 2949 2010 ὅτε
2985 1956 3124 2026 πρὸς
3152 1955 3389 2026 ἀπειλὴν
3420 1953 3517 2008 καὶ⁵
3548 1955 3577 2007 6
3612 1953 3705 2006 hri

2125 2046 2471 2115 παραινέσει,
2499 2047 2969 2117 εὐτραπελεύεται
3006 2049 3034 2100 ό
3067 2048 3409 2116 χαιρέκακος
3427 2046 3488 2099 οὐ
3518 2046 3698 2115 πάντη

2126 2141 2423 2209 ἀπροσφυῆ
2461 2142 2575 2202 τοῖς
2610 2141 2854 2210 μάρτυσι
2887 2142 3136 2194 κόλασιν.

2203 2230 2306 2283 κδ’.
2353 2231 2685 2284 Βουλεύεται
2726 2231 2857 2301 γὰρ,
2891 2232 3018 2294 τοὺς
3067 2231 3156 2285 διὰ
3207 2234 3474 2304 ἐργασίας
3514 2226 3707 2301 βαναύ-

2129 2337 2223 2373 σου
2271 2320 2502 2387 ζῶντας,
2536 2321 2639 2389 τῆς
2679 2325 2738 2374 ἐν
2794 2322 2949 2391 πυρὶ,
2982 2324 3131 2389 τρεῖς
3195 2321 3573 2393 Καλυτηνοὺς,
3616 2315 3704 2370 διὰ

2127 2416 2303 2486 πυρὸς
2336 2414 2594 2484 ἀγαγεῖν.
2626 2414 2851 2483 καὶτῆς
2883 2415 2982 2468 τοῦ
3006 2415 3234 2486 σιδήρου
3261 2415 3530 2486 ἐργασίας
3564 2409 3704 2465 ὲκεί-

2135 2523 2253 2572 νης,
2286 2507 2352 2576 ἣν
2391 2505 2503 2576 πῦρ
2534 2507 2596 2560 οὐ
2618 2508 3049 2577 κατειργάσατο,
3078 2507 3422 2572 καταπαῖξαι
3440 2504 3532 2560 διά
3558 2518 3699 2562 τινος

2126 2597 2321 2668 ὁμοίας
2349 2598 2790 2668 διαχωνεύσεως,
2821 2600 2907 2652 ἵνα
2938 2592 3093 2668 ᾧπερ
3125 2600 3289 2664 ἔζων,
3322 2600 3504 2668 τούτῳ
3535 2591 3705 2648 ἀπαλ-

2127 2690 2347 2757 λαγεῖεν
2374 2690 2469 2743 τοῦ
2510 2690 2632 2760 ζῇν.
2667 2692 2776 2744 Καὶ
2804 2691 2970 2760 τήξας
2999 2690 3252 2761 μόλιϐδον
3280 2689 3587 2762 ἀρκοῦντα,
3610 2686 3703 2738 καὶ

2126 2782 2307 2851 χώνην
2333 2781 2510 2845 ἐνθεὶς
2537 2781 2757 2852 ἑκάστῳ
2789 2781 2898 2835 τῶν
2945 2781 3244 2852 μαρτύρων
3275 2782 3374 2834 ἐπὶ
3405 2779 3468 2834 τὸ
3509 2777 3701 2844 στόμα,

2127 2875 2274 2929 καθὰ
2310 2877 2407 2928 καὶ
2460 2874 2710 2943 ἀγγείοις
2747 2874 2916 2943 ὑγροῦ
2949 2890 3095 2937 τινος
3139 2873 3414 2936 δεκτικοῖς
3437 2911 3454 2938 ,
3511 2868 3701 2935 ζέοντα

2124 2969 2335 3021 ἐκεῖνον
2364 2966 2549 3036 ὲνέχεε
2582 2966 2727 3020 κατὰ
2768 2967 2879 3020 τῶν
2905 2964 3096 3037 τριῶν,
3125 2965 3180 3018 εἴ
3207 2982 3326 3028 πως
3360 2956 3700 3036 ἐμπρησθέν-

2045 3064 2089 3124 c
2121 3076 2213 3121 τες
2241 3059 2383 3111 οὕτω
2425 3059 2493 3112 τὰ
2543 3058 2694 3121 ὲντδς
2728 3056 2978 3128 αὐθωρὸν
3009 3054 3376 3127 ἀπορῤήξωσι
3407 3055 3506 3125 τὴν
3534 3050 3698 3119 ζωήν.

2202 3149 2269 3203 λ’.
2310 3148 2604 3219 Et.an
2650 3148 2709 3202 δὲ
2753 3150 2865 3221 ἀρα
2896 3148 3021 3202 οὐδὲ
3059 3150 3094 3221 ἡ
3123 3148 3356 3220 τοιαύτη
3385 3146 3461 3218 τῷ
3489 3146 3696 3210 Μάγνῳ

2121 3241 2336 3294 ἐπίνοια
2367 3243 2505 3310 πρὸς
2533 3241 2722 3312 ἐντελῆ
2755 3240 3067 3312 ἐνέργειαν,
3108 3240 3225 3294 ἀλλ’
3255 3240 3537 3304 ἐξέϐαινεν
3567 3231 3699 3287 ὡσεὶ

2120 3333 2407 3401 ἄπρακτος
2456 3333 2672 3388 παιδιά.
2717 3327 2829 3384 Ἦν
2886 3331 2997 3402 γὰρ
3063 3334 3092 3385 6
3142 3330 3391 3396 τοιοῦτος
3453 3322 3694 3398 μόλιϐδος

2121 3424 2365 3496 ἀϐλαϐὴς
2417 3424 2673 3490 ἐκείνοις,
2700 3424 2847 3478 καθά
2876 3425 2974 3478 καὶ⁷
3002 3424 3083 3494 τῷ
3122 3423 3408 3494 ψαλμῳδῷ
3435 3418 3696 3490 Προφήτῐι

2119 3521 2147 3571 ὁ
2187 3516 2562 3588 παραϐολικδς
2615 3519 2809 3586 κηρὸς,
2863 3516 2893 3569 6
2945 3516 3251 3587 τηκόμενος
3293 3519 3354 3567 ἐν
3402 3516 3552 3585 μέσῳ
3599 3507 3696 3573 τῆς

2120 3608 2329 3673 κοιλίας
2351 3609 2540 3662 αὑτοῦ.
2580 3603 2746 3679 Εἶχον
2800 3608 2858 3661 δὲ
2909 3607 2976 3662 ἂν
3022 3607 3187 3661 αὑτὸν
3216 3608 3266 3661 oi
3296 3610 3578 3677 μάρτυρες
3603 3598 3699 3652 καὶ

2120 3701 2234 3755 οἷον
2281 3701 2406 3754 τινὰ
2439 3701 2612 3755 ὕδατα
2658 3700 2980 3771 παρήγορα,
3023 3699 3339 3752 εἰσελθόντα
3369 3700 3475 3760 ἓως
3521 3692 3695 3763 ψυχῆς

2118 3795 2325 3848 αὐτῶν.
2357 3795 2567 3849 Ψάλλοι
2594 3794 2651 3847 δὲ
2672 3794 2739 3848 ἀν
2772 3810 2877 3859 τις,
2907 3792 3000 3845 καὶ
3033 3793 3114 3845 ὅτι
3144 3790 3278 3844 ὡσεὶ
3325 3790 3476 3860 ὕδωρ
3514 3781 3693 3851 εἰσῆλ-

2120 3893 2211 3943 θεν
2248 3892 2328 3953 είς
2366 3889 2437 3942 τὰ
2484 3889 2699 3956 ἔγκατα
2729 3885 2935 3939 αὐτῶν·
2973 3884 3050 3956 μή
3089 3900 3192 3937 που
3237 3883 3294 3935 δὲ
3333 3876 3593 3951 ἀσφαλῶς
3629 3871 3695 3925 ἂν

2118 3984 2286 4046 εἴποι,
2340 3982 2437 4037 καὶ
2497 3980 2580 4033 ὅτι
2641 3976 3103 4050 προσεπηύξησεν
3154 3978 3184 4029 6
3219 3979 3448 4046 πυρόεις
3491 3970 3695 4024 ἐκεῖνος

2121 4072 2371 4144 μόλιϐδος
2395 4071 2492 4142 τὴν
2525 4073 2584 4125 ὲν
2615 4072 2801 4133 αὐτοῖς
2846 4068 3153 4138 καρδιακὴν
3192 4067 3368 4134 ζέσιν,
3402 4066 3499 4122 καὶ
3533 4057 3696 4127 ζῆλον

2118 4169 2306 4230 αὐτοῖς
2359 4166 2629 4220 ὲνέκαυσε
2665 4165 2810 4218 κατὰ
2840 4164 2931 4217 τὸν
2959 4161 3053 4216 τοῦ
3106 4161 3257 4215 οἴκου
3310 4161 3407 4215 τοῦ
3448 4152 3606 4216 Θεοῦ,
3638 4146 3697 4206 ὃς

2118 4261 2279 4327 ἁγίου
2332 4259 2672 4314 παλαιτάτου
2730 4258 2961 4330 καρδίαν
3012 4256 3320 4326 κατέφαγε.
3362 4244 3696 4325 Προσθετέον

2118 4355 2175 4405 δὲ
2219 4353 2336 4419 καὶ,
2365 4351 2441 4414 ὡς
2474 4349 2730 4420 ἀναψυχῇ
2786 4351 2854 4418 τῇ
2912 4349 2977 4400 ὲκ
3022 4346 3159 4401 Θεοῦ
3200 4346 3456 4416 μόλιϐδος
3491 4338 3693 4394 ἐκεῖνος

423 4445 677 4514 ἐλογίσθη
732 4445 794 4498 ού
840 4446 980 4514 πυρὶ
1028 4444 1321 4514 ὁμιλήσας,
1380 4442 1501 4498 ἀλλ’
1544 4445 1732 4508 ὁποῖος
1780 4447 1838 4498 ὲν
1910 4445 2034 4515 ἱερᾷ
2074 4445 2367 4514 παραϐολῇ
2429 4440 2761 4495 καταδύεται
2836 4441 2895 4493 ὲν
2952 4437 3108 4491 ὕδατι
3163 4436 3404 4508 σφοδρῷ,
3476 4433 3575 4485 οὐκ
3626 4424 3693 4479 ἂν

423 4543 744 4597 κατακαίων
815 4544 1038 4603 πάντως
1104 4543 1352 4607 ἐκεῖνος,
1416 4541 1557 4595 ἀλλὰ
1618 4541 2007 4613 παρακύπτων
2046 4543 2253 4611 ψυχρὸς
2280 4540 2447 4603 αὐτὸς
2483 4541 2562 4601 είς
2596 4537 2758 4606 σῶμα
2804 4536 3011 4606 ὅμοιον.

493 4642 584 4694 Si.
615 4638 851 4705 Quinam
882 4652 1039 4693 erant
1075 4639 1269 4693 fratres
1287 4639 1364 4693 illi
1400 4650 1508 4693 tam
1527 4641 1998 4705 l'ortiterathlelaz,

2179 4640 2283 4692 λα’.
2335 4636 2493 4699 Τίνες
2517 4634 2585 4690 ἂν
2625 4629 2771 4704 ἦσαν
2822 4633 2881 4685 ἐν
2941 4635 3053 4694 τοῖς
3082 4630 3345 4693 τοιούτοις
3388 4631 3438 4682 οἱ
3476 4614 3693 4685 ἀδελφοὶ

422 4735 537 4803 qui,
570 4733 779 4788 fervido
807 4732 1000 4800 spiritu
1030 4732 1198 4786 Deum
1239 4732 1511 4799 sitientes,
1570 4732 1677 4789 tale
1736 4732 2001 4802 liquidum

425 4842 525 4898 pro
554 4842 621 4881 eo
652 4825 1034 4881 combiberunt
1066 4826 1347 4893 plumbum
1387 4825 1411 4877 ?
1441 4841 1626 4879 nonne
1661 4827 2007 4896 superabun-

423 4918 689 4971 daverunt
722 4917 937 4971 fervore
965 4916 1162 4969 anima-
1195 4915 1247 4967 in
1276 4914 1442 4968 Deum
1470 4916 1494 4967 ?
1524 4930 1703 4969 nonne
1735 4917 2005 4970 co’nbnsti

424 5016 547 5063 sunt
584 5022 683 5075 pro
711 5006 813 5059 (ide
835 5004 858 5058 ?
883 5021 1066 5061 nonne
1095 5006 1377 5061 sexcentis
1396 5016 1686 5076 tyrannum
1721 5008 1902 5063 verbis
1926 5012 2008 5062 inv

424 5108 757 5168 crepuerunt
788 5107 842 5153 et
887 5098 1224 5154 irriserunt?
1273 5097 1453 5165 Quare
1487 5114 1847 5168 perseverans
1901 5102 2005 5157 iste

425 5193 479 5246 iu
510 5193 697 5246 eadem
735 5193 1067 5261 pervicacia,
1097 5201 1152 5246 et
1172 5192 1227 5245 iu
1261 5203 1529 5265 martyres
1554 5193 1781 5249 rabidus
1807 5196 2004 5249 Deum-

425 5300 537 5348 que
592 5285 944 5353 impugnans,
1000 5285 1065 5337 ad
1095 5284 1257 5339 aliam
1306 5284 1646 5340 convertitur
1695 5287 1838 5340 viam
1901 5302 2009 5356 qua

425 5374 665 5430 celerius
716 5388 840 5429 sese
889 5375 1145 5445 expediat
1200 5387 1499 5447 martyrum
1568 5376 2011 5432 conversatione.

427 5466 639 5523 Etenim
678 5465 792 5537 jam
820 5481 927 5522 non
966 5476 1179 5537 poterat
1209 5468 1488 5533 resistere,
1538 5484 1606 5525 ne
1647 5485 1744 5539 par
1788 5470 2009 5539 quidem

427 5559 638 5614 \iribus
665 5574 789 5614 cum
817 5560 899 5615 cis
927 5576 1048 5614 esse
1075 5561 1288 5633 valens.
1316 5559 1444 5616 Ideo
1472 5560 1766 5617 ferrariam
1823 5574 2005 5627 artem

427 5649 642 5704 aliunde
671 5665 961 5706 assumens
990 5652 1043 5704 in
1071 5652 1361 5719 auxilium,
1398 5662 1458 5707 ut
1482 5655 1537 5708 in
1588 5669 1685 5710 eos
1745 5668 2009 5722 exseque—

428 5753 572 5796 retur
604 5743 745 5812 quod
781 5743 884 5816 ipsi
919 5745 972 5798 in
1009 5742 1250 5800 Manum
1283 5743 1469 5802 facere
1521 5762 1631 5803 non
1688 5754 2007 5816 potuerant,

2109 4728 2257 4787 οὗτοι
2290 4727 2548 4798 ἀθληταὶ,
2599 4726 2651 4781 οἳ
2699 4725 2793 4780 τὸν
2842 4724 2978 4779 Θεὸν
3007 4722 3295 4793 διψῶντες,
3327 4723 3421 4776 τὸν
3451 4712 3688 4773 τοιοῦτον

2112 4827 2282 4895 ὑγρὸν
2335 4821 2479 4892 ὑπὲρ
2535 4818 2750 4873 ἐκείνου
2828 4816 3084 4887 μόλιϐδον
3154 4815 3372 4881 ἐξέπιον
3404 4855 3420 4881 ,
3479 4807 3692 4873 ζέοντες

2110 4916 2426 4987 πνεύματις
2479 4908 2633 4983 τΑρα
2684 4911 2787 4966 οὐκ
2832 4911 2901 4964 ἂν
2954 4908 3440 4964 ὲπολυπλασίασαν
3491 4903 3552 4956 τὸ
3591 4896 3690 4987 τῆς

2110 4985 2290 5081 ψυχῆς
2332 5005 2537 5077 θερμὸν
2581 5004 2724 5074 ὑπὲρ
2766 5019 2862 5056 τοι.
2921 5001 3102 5068 Θεοῦ;
3154 5001 3256 5056 οὐκ
3297 4999 3365 5054 ἂν
3407 4985 3684 5081 ἑξεπυρῴ·

2114 5079 2287 5171 θησαν
2316 5099 2460 5169 ὑπὲρ
2491 5097 2594 5167 τῆς
2620 5094 2903 5161 πίστεως;
2935 5095 3036 5148 οὐκ
3070 5093 3136 5147 ἃν
3183 5090 3344 5147 εἷπον
3370 5093 3450 5161 τῷ
3485 5079 3687 5177 cupit:-

2109 5212 2186 5264 νῳ
2224 5190 2400 5263 μυρία
2434 5189 2537 5243 ὅσα
2571 5188 2655 5252 είς
2684 5186 2915 5258 ἔλεγχον
2964 5186 3063 5240 καὶ
3106 5186 3442 5254 κατάγελον,
3479 5180 3685 5271 Οῦκοξῦ

2109 5285 2388 5356 ἐπιμένων
2427 5284 2639 5344 ἐκεῖνος
2682 5283 2751 5351 τῇ
2783 5280 2924 5350 αὐτῇ
2979 5279 3255 5345 ἑνστάσει,
3288 5278 3383 5333 καὶ
3415 5269 3555 5330 κατά
3579 5269 3687 5316 τῶν

2113 5376 2412 5449 μαρτύρων
2439 5372 2662 5428 λυσσῶν
2692 5373 2789 5427 καὶ
2818 5370 3133 5441 θεομαχῶν,
3171 5372 3372 5443 ἑτέραν
3400 5364 3684 5449 τρέπεται.

2109 5447 2284 5539 6d?“
2302 5447 2501 5536 τάχιον
2542 5463 2740 5518 ἑαυτὸν
2770 5460 3077 5526 ἀπαλλάξει
3105 5463 3207 5532 τῆς
3249 5461 3362 5514 τῶν
3393 5447 3687 5539 μαρτύριιίγ

2110 5528 2346 5629 ὁμιλίας.
2490 5556 2601 5627 γὰρ
2629 5554 2832 5626 ἔφερεν
2873 5551 2954 5606 ἔτι
2981 5528 3403 5621 ἀντιπράττειν,
3429 5540 3518 5600 οἷα
3550 5528 3686 5607 μηδὲ

2119 5648 2379 5719 ἰσοπαλὴς
2404 5648 2591 5711 αὐτοῖς
2620 5641 2763 5701 εἶναι
2795 5644 3025 5715 ἰσχύων.
3059 5644 3171 5698 Καὶ
3204 5643 3270 5709 δὴ
3304 5643 3401 5713 τὴν
3450 5631 3685 5706 χαλκευν

2118 5746 2274 5816 τικὴν
2311 5743 2509 5812 τέχνην
2557 5740 2828 5813 ἑτέρωθεν
2854 5737 3305 5812 προσλαϐόμενο,
3340 5736 3418 5798 είς
3465 5731 3689 5781 ἐπικουσ
