4048 6422
274 314 378 377 281

1444 322 1543 382 DE
1583 325 1644 385 S.
1672 325 1969 386 ALPHEO
1994 328 2092 390 ET
2134 327 2404 391 SOCIIS.

3446 328 3554 393 282

277 432 424 501 ρίαν,
451 431 530 495 ὡς
561 430 629 485 ἂν
668 430 932 505 ἐξανύσῃ,
965 434 1088 486 κατ’
1111 433 1313 503 αὐτῶν,
1355 437 1493 509 ὅπερ
1525 440 1681 493 αὐτοὶ
1714 442 1857 496 κατὰ

1966 445 2151 502 clavos
2178 447 2417 517 grandes
2471 446 2708 518 imperat
2744 450 3012 520 qualibus
3070 449 3198 520 palo
3258 447 3555 518 atliguntnr

275 521 372 575 τοῦ
424 524 660 595 Μάρκου
713 523 916 595 δράσαι
968 527 1070 579 οὐκ
1125 528 1306 599 ἔσχον,
1336 529 1505 600 ἥλους
1539 549 1599 585 τε
1652 533 1853 605 ἁδροὺς

280 616 587 681 ἐπιτάττει,
645 616 717 669 δι’
757 611 832 672 ῶν
881 619 1247 689 καθηλοῦνται
1293 624 1854 698 ἁνασκολοπιζόμενοί

278 725 442 775 τινες,
479 711 578 762 καὶ
628 711 837 781 πέτραν
871 716 1272 782 παρα-τηρεῖται
1307 716 1424 769 οἵαν
1460 718 1647 784 στέξαι
1682 737 1856 792 προσ-

279 800 700 868 παγησομὲνους
733 800 1073 871 ἀνθρώπους.

341 886 445 956 λβ⁸.
500 890 612 943 Καὶ
659 886 729 962 ἦν
784 892 884 962 μὲν
937 895 1015 965 τῷ
1064 897 1185 968 Θεῷ
1233 898 1476 969 δυνατὸν,
1535 903 1674 975 μήτε
1726 902 1855 964 τοὺς

279 981 437 1049 ἥλους
505 985 853 1054 παγιωθῆναι
911 988 994 1052 είς
1048 990 1407 1061 στερέμνιον,
1460 992 1599 1048 ἀλλὰ
1659 993 1854 1047 παθεῖν

274 1075 555 1143 ἀνάλυσιν,
583 1078 777 1131 ὁποίαν
802 1079 831 1131 ὁ
868 1080 1107 1152 σίδηρος,
1140 1083 1167 1134 ὁ
1201 1085 1342 1138 κατὰ
1373 1084 1482 1139 τῶν
1505 1086 1723 1157 δεσμῶν
1755 1082 1852 1139 τοῦ

277 1170 509 1240 Μάρκου
561 1171 989 1241 μαλαττόμενος,
1026 1178 1119 1231 καὶ
1144 1177 1244 1248 τὴν
1271 1179 1479 1249 πέτραν
1525 1180 1583 1235 δὲ
1616 1196 1855 1250 στερεω-

274 1262 434 1331 θῆναι
492 1265 576 1326 εἰς
634 1265 984 1335 άνύπεικτον,
1047 1268 1144 1323 καὶ
1208 1270 1560 1339 λαξευτικαῖς
1613 1271 1855 1342 πληγαῖς

271 1356 557 1409 άνένδοτον
584 1356 680 1410 καὶ
712 1359 1049 1432 διατρήσεσι,
1078 1361 1201 1415 καθ’
1230 1356 1306 1418 ὧν
1332 1363 1382 1416 οι
1408 1358 1530 1435 ἧλοι
1561 1360 1856 1435 παρεισδύ-

273 1467 482 1506 σονται.
514 1453 807 1525 Οίκτείρας
866 1455 922 1508 δὲ
975 1456 1103 1520 τοὺς
1161 1457 1496 1522 πολυπαθεῖς
1547 1459 1853 1529 μάρτυρας,

273 1550 365 1599 καὶ
395 1550 838 1617 μεταναστεῦσαι
868 1552 965 1621 τῆς
995 1552 1345 1623 ἀνθρωπίνης
1390 1551 1539 1623 ζωῆς
1568 1550 1856 1623 ἀποφηνά-

275 1658 439 1709 μενος
491 1642 828 1711 (ἀρκούντως
878 1646 987 1713 γάρ
1036 1645 1478 1717 ὲγυμνάσθησαν,
1524 1645 1601 1708 ὡς
1650 1646 1857 1707 ἐκεῖνος

271 1730 508 1801 ἔκρινεν,
539 1732 600 1786 δν
630 1734 732 1787 οὐκ
765 1733 915 1788 ἔστιν
959 1736 1393 1807 ἐκλογίσασθαι),
1438 1735 1519 1807 τῷ
1550 1735 1758 1807 σιδήρῳ
1791 1752 1851 1789 τε

273 1825 484 1895 ἐφῆκεν
529 1827 696 1896 ἥλους
746 1831 1064 1900 καταρτιᾷν,
1101 1831 1192 1882 καὶ
1247 1829 1346 1900 τὴν
1400 1832 1614 1898 πέτραν
1666 1828 1847 1897 ἀφῆκε

272 1918 467 1971 παθεῖν
516 1920 727 1990 συνήθη
778 1906 1111 1992 διατόρηᾶιν.
1149 1924 1261 1978 Kal.
1304 1923 1380 1987 ὡς
1414 1924 1547 1976 αὐτὸ
1602 1923 1848 1991 ἐγένετο,

267 2009 709 2081 ἀπαγορεύονται
738 2013 837 2083 ζῇν
867 2016 924 2066 ὲν
962 2018 1030 2084 γῇ
1065 2015 1201 2084 πρὸς
1233 2015 1331 2068 τοῦ
1359 2016 1584 2081 Μάγνου
1622 2016 1671 2067 οξ
1708 2013 1851 2083 μάρ-

264 2121 467 2174 τυρες·
511 2105 609 2159 καὶ
653 2108 793 2176 ταχὺ
842 2107 1101 2178 ἀρθέντες
1142 2112 1594 2181 προσπηγνυνται
1630 2109 1699 2176 τῇ
1750 2104 1847 2158 πέ-

263 2210 393 2264 τρᾳ,
432 2196 538 2250 ὅσα
570 2198 665 2250 καὶ
703 2196 843 2268 ξύλῳ
895 2201 1258 2269 σταυρώσεως
1282 2217 1299 2235 ο
1340 2201 1434 2255 καὶ
1473 2200 1616 2254 οὕτω
1641 2200 1706 2270 τῇ
1749 2198 1849 2267 μὲν

265 2287 618 2355 προσηλώσει
659 2290 953 2358 μιμοῦνταί
983 2309 1100 2354 πως
1126 2292 1218 2348 τὸν
1242 2292 1310 2346 δι’
1345 2295 1494 2361 ἡμᾶς
1526 2288 1850 2350 ἐθελουσίως

263 2380 695 2450 προσηλωθέντα
745 2384 969 2452 σωτῆρα
1012 2384 1267 2454 Χριστὸν,
1315 2386 1380 2456 τῇ
1427 2384 1482 2437 δὲ
1561 2384 1738 2452 πέτρᾳ
1785 2377 1884 2445 τῆς

272 2473 579 2543 μελιῶσθαι
607 2477 673 2545 τῇ
706 2476 887 2527 πίστει
913 2479 979 2545 τῇ
1012 2478 1092 2539 εἰς
1119 2478 1212 2530 τὸν
1246 2477 1479 2549 Κύριον.

345 2566 446 2635 λγ”.
497 2565 560 2619 Ὀ
608 2568 664 2619 δὲ
715 2566 945 2633 ἀλείψας
978 2568 1203 2636 Μάρκος
1251 2570 1447 2638 περιῆν
1481 2569 1580 2637 μὲν
1612 2569 1708 2621 καὶ
1736 2567 1853 2620 εἰσ-

267 2660 387 2712 έτιο
440 2660 502 2711 οὐ
554 2661 664 2729 γάρ
710 2654 812 2729 ἦγε
870 2659 1066 2730 σχολὴν
1111 2663 1138 2712 ὁ
1188 2659 1406 2727 Μάγνος
1450 2659 1853 2727 ἐπισκέψασθαι

270 2751 369 2804 καὶ
402 2751 589 2825 αὐτὸν,
617 2749 752 2805 ἀλλὰ
783 2751 875 2802 τὸν
904 2751 1029 2803 νοῦν
1059 2751 1181 2804 ὅλον
1224 2749 1342 2821 εἶχε
1370 2753 1505 2817 πρὸς
1538 2753 1658 2814 ταῖς
1685 2750 1853 2803 αὐτοῦ

268 2843 639 2911 προσφοραῖς,
679 2843 791 2904 τοῖς
820 2842 1176 2911 Καλυτηνοῖς,
1210 2840 1305 2904 οὒς
1333 2841 1497 2904 αὐτὸς
1529 2841 1854 2912 προσήγαγε

266 2936 348 3003 τῷ
373 2934 517 3001 Θεῷ,
557 2929 640 2997 οἷς
672 2933 739 2988 δι’
767 2932 933 2988 αὐτοῦ
967 2936 1173 2988 ἐκεῖνον
1201 2933 1525 3006 ἐγνώρισαν,
1547 2933 1855 2994 ἀναϐάντας

265 3029 351 3090 εἰς
390 3027 525 3095 ὕψος
559 3024 816 3095 γνώσεως
865 3027 968 3079 ὅσα
1011 3026 1109 3080 καὶ
1137 3026 1226 3081 διά
1252 3043 1401 3090 τινος
1430 3025 1722 3097 κλίμακος,
1753 3024 1853 3095 τῆς

264 3119 357 3171 ἐπ’
406 3118 561 3190 αύτῷ
611 3117 839 3184 ἐννοίας,
873 3120 964 3173 ὅτε
1010 3119 1230 3191 σίδηρος
1279 3119 1476 3183 αὐτοὺς
1522 3095 1852 3189 ἕμυσταγώ-
1881 3095 1927 3155 C

264 3229 432 3280 γησε,
484 3210 803 3283 καινότερον
852 3211 1281 3281 μαλαττόμενος.
1336 3211 1444 3264 Καὶ
1490 3210 1659 3282 ἐχρῆν
1713 3209 1858 3264 οὕτω

267 3304 533 3374 γενέσθαι
585 3305 733 3359 δυοῖν
788 3303 1007 3359 ἕνεκεν·
1063 3304 1153 3358 ἵνα
1205 3304 1302 3357 καὶ
1363 3304 1393 3357 ὁ
1449 3303 1609 3373 ἅγιος
1672 3304 1855 3375 γέρων

266 3399 485 3469 ἀπέλθῃ
517 3397 740 3470 θαρρῶν
766 3399 846 3459 εἰς
875 3397 1034 3462 Θεὸν,
1062 3397 1184 3451 ἐπεὶ
1215 3398 1308 3451 καὶ
1337 3397 1621 3462 τοιούτους
1655 3397 1852 3450 τελευ-

263 3491 378 3543 τῶν
431 3489 584 3560 αύτῷ
634 3490 938 3560 κατήρτισε
988 3489 1294 3561 μάρτυρας,
1323 3489 1419 3543 καὶ
1462 3489 1618 3542 αὐτοὶ
1665 3488 1724 3542 δὲ
1777 3485 1854 3558 μὴ

265 3583 563 3636 ἀποκνοῖεν
609 3581 772 3635 ὄκνου
832 3581 1000 3652 λόγῳ,
1067 3580 1169 3653 τὴν
1221 3581 1315 3635 τοῦ
1372 3584 1604 3652 Μάρκου
1674 3598 1855 3651 μεμα-

266 3676 502 3745 θηκότες
540 3673 949 3744 μετανάστασιν
981 3675 1076 3729 καὶ
1111 3677 1250 3747 πρὸς
1278 3676 1411 3728 Θεὸν
1442 3676 1729 3731 ἀνάϐασιν.

342 3769 437 3823 λδ¹.
477 3770 537 3819 '0
576 3769 631 3821 δὲ
661 3769 906 3836 Μάγνος,
934 3767 1009 3830 ῶς
1034 3763 1124 3821 οἷα
1157 3769 1232 3838 μὴ
1268 3769 1511 3836 ἀρκέσαν
1544 3770 1625 3833 είς
1667 3771 1852 3825 κάκω-

267 3881 361 3918 σιν
390 3866 507 3924 τοῖς
549 3862 887 3930 Καλυτηνοῖς
926 3860 1008 3922 τὸ,
1043 3859 1120 3923 ὡς
1166 3861 1389 3931 ἐρρέθη,
1427 3862 1851 3932 προσηλωθῆναι

266 3958 432 4026 (ἴσως
483 3956 591 4023 γάρ
638 3954 732 4006 καὶ
766 3950 1072 4021 μετάμελος
1116 3947 1262 4022 εἶχεν
1287 3954 1474 4018 αὐτὸν,
1504 3956 1552 4007 εἰ
1585 3955 1660 4024 μὴ
1693 3954 1856 4008 κατέ-

265 4066 456 4120 χωσεν
489 4046 712 4109 αὐτοὺς,
742 4044 859 4097 ἀλλ’
904 4043 1075 4106 οὕτως
1112 4047 1191 4107 εἰς
1232 4045 1500 4114 πρόοπτον
1533 4044 1749 4115 ἐξῆρεν,
1779 4045 1855 4108 ῶς

260 4147 366 4197 καί
397 4139 829 4209 περιϐλέπεσθαι
857 4141 968 4202 τοῖς
1020 4138 1365 4192 θεοσεϐέσιν*
1405 4138 1465 4200 ἐξ
1499 4137 1561 4191 οὗ
1598 4137 1852 4192 συνέϐαι-

261 4254 382 4299 νεν,
421 4232 669 4295 ἐκείνους
726 4231 828 4302 μὲν
883 4232 1282 4296 θαυμάζεσθαι,
1331 4231 1425 4284 τδν
1481 4230 1541 4282 δὲ
1584 4229 1855 4300 τύραννον

261 4322 887 4396 κατακραυγάζεσθαι),
957 4323 1117 4395 ἤθελε
1170 4323 1269 4393 μὲν
1322 4322 1467 4392 τάχα
1524 4322 1667 4376 κατά
1728 4337 1853 4375 τινα

260 4416 590 4486 λυσσητῆρα
622 4412 760 4466 κύνα
792 4412 901 4465 τῶν
938 4412 1156 4479 σαρκῶν
1185 4412 1372 4476 αὐτοῖς
1405 4413 1701 4481 ἐμφαγεῖν.
1726 4411 1850 4465 Ὅτι
1885 4442 1925 4495 D

259 4507 322 4561 δὲ
366 4508 467 4561 οὐκ
519 4501 590 4574 ἦν
645 4502 795 4572 αὐτῷ
847 4503 1125 4572 γενέσθαι,
1172 4503 1231 4557 τὸ
1281 4504 1585 4574 παμφάγον
1642 4519 1850 4574 προκα-

260 4600 444 4652 λεῖται
481 4598 595 4666 πῦρ
628 4597 771 4650 κατὰ
798 4595 908 4646 τῶν
937 4593 1252 4664 μαρτύρων,
1279 4594 1460 4665 φθόνῳ
1490 4594 1586 4648 τοῦ
1617 4594 1849 4663 λείψανα

264 4687 685 4759 περιλελεῖφθαι
721 4686 925 4753 αὐτῶν,
958 4687 1013 4752 ἐξ
1044 4679 1119 4739 ὧν
1168 4686 1483 4754 ἁγιάζοιντο
1514 4687 1582 4741 ἂν
1632 4689 1682 4741 οἱ
1731 4687 1851 4741 θεο-

266 4781 487 4849 estid;-
550 4779 645 4831 καὶ
697 4776 843 4830 οὕτω
914 4776 1132 4840 τελειοῖ,
1187 4774 1350 4844 ἔργον
1423 4776 1621 4839 αὐτοὺς
1679 4777 1852 4848 πυρδς

266 4871 519 4941 θέμενος,
547 4867 633 4936 ἐφ’
659 4862 738 4930 οἷς
772 4867 1134 4938 ἐργαζόμενοι
1159 4867 1248 4920 διὰ
1278 4866 1450 4936 πυρὸς
1475 4868 1543 4920 τά
1571 4869 1665 4922 τοῦ
1693 4871 1853 4941 Μάρ-

265 4979 370 5015 κου
403 4962 605 5028 δεσμά,
651 4960 863 5029 μαγίαν
902 4959 1174 5030 τοσαύτην
1209 4960 1503 5030 ὑπανῆψαν
1533 4964 1707 5033 αὐτῷ.
1741 4965 1853 5019 Καὶ

1879 1796 1926 1856 Β

1967 537 2157 608 aliqui,
2179 546 2458 608 etpetram
2485 539 2802 610 speculatur
2823 556 3078 613 capacem
3100 541 3549 613 conﬁgendorum

1966 630 2277 686 hominum.

2031 898 2121 954 ‘52.
2149 898 2330 954 Facile
2361 899 2577 970 quidem
2614 900 2759 958 Deus
2782 902 2994 959 efﬁcere
3030 913 3247 974 poterat
3289 913 3351 961 ut
3402 905 3546 961 clavi

1960 1005 2068 1044 non
2094 990 2268 1044 solide
2292 1002 2681 1064 pangerentur,
2716 994 2811 1049 sed
2839 996 3208 1051 avellerentur
3237 998 3549 1053 sicutsolu-

1964 1090 2079 1137 tum
2110 1092 2231 1138 erat
2264 1083 2471 1141 ferrum
2490 1088 2849 1157 compedibus
2880 1088 3047 1145 Marci
3072 1090 3435 1156 destinatum,
3460 1094 3546 1148 vel

1960 1184 2019 1229 ιιι
2040 1185 2192 1246 petra
2227 1178 2583 1234 indurescens
2620 1196 2728 1235 non
2763 1181 2985 1236 cederet
3013 1183 3266 1252 lapicidas
3314 1184 3541 1250 ictibus,

1957 1269 2051 1322 sed
2082 1268 2350 1324 foramina
2376 1272 2694 1327 retunderet
2722 1289 2817 1343 per
2846 1290 2969 1344 qum
3016 1276 3190 1329 clavis
3252 1285 3547 1345 penetran-

1957 1360 2085 1414 dum
2119 1370 2257 1417 erat.
2291 1361 2514 1431 Verum,
2568 1365 2829 1421 misertus
2881 1367 2991 1434 jam
3043 1368 3208 1421 multa
3262 1382 3547 1436 perpessos

1957 1461 2244 1524 martyres,
2268 1454 2453 1525 eisque
2482 1458 2791 1515 concedens
2819 1468 2878 1513 ut
2907 1474 2971 1513 cx
3007 1461 3249 1517 humana
3277 1461 3387 1515 vita
3440 1461 3546 1514 mi-

1958 1553 2179 1614 grarent
2204 1546 2352 1612 (nam
2381 1549 2516 1604 satis
2547 1562 2947 1620 pugnaverant,
2980 1561 3041 1607 ut
3076 1554 3192 1622 ipse
3239 1553 3542 1622 judicabat,

1957 1652 1987 1691 a
2017 1653 2126 1707 quo
2154 1640 2295 1695 ratio
2325 1642 2469 1709 exigi
2492 1658 2599 1698 non
2632 1645 2857 1718 potest),
2891 1646 3145 1716 permisit
3174 1645 3360 1702 clavos
3394 1643 3544 1700 ferro

1959 1731 2237 1799 fabricari,
2287 1743 2342 1790 et
2398 1745 2609 1805 petram
2664 1754 2824 1809 posse
2890 1739 3045 1810 juxta
3103 1755 3310 1794 morem
3362 1739 3545 1809 perfo-

1957 1823 2088 1878 rari.
2143 1824 2296 1892 Quod
2320 1835 2379 1882 ut
2405 1826 2610 1884 factum
2639 1838 2744 1898 est,
2775 1831 3004 1902 Magnus
3059 1831 3396 1902 martyribus
3451 1845 3543 1884 re—

1957 1920 2081 1971 nuit
2112 1919 2347 1989 amplius
2377 1919 2431 1974 in
2461 1930 2607 1977 terra
2644 1924 2868 1991 vivere;
2898 1923 3119 1979 etillico
3157 1924 3356 1979 elevati
3419 1922 3545 1978 afﬁ-

1959 2017 2167 2077 guntur
2218 2021 2405 2081 petrae,
2456 2020 2716 2084 tanquam
2734 2014 3074 2082 lignocrucis
3106 2031 3122 2080 ;
3155 2022 3211 2069 et
3260 2016 3332 2069 ita
3373 2013 3547 2069 clavis

1957 2100 2190 2171 perfossi
2209 2102 2558 2172 aliquatenus
2579 2106 2858 2161 imitantur
2873 2107 3199 2162 cruciﬁxum
3224 2118 3417 2177 sponte
3441 2120 3543 2176 pro

1958 2194 2117 2247 nobis
2136 2194 2473 2250 Salvatorem
2488 2196 2788 2264 Christum,
2812 2207 2979 2268 petrae
2997 2211 3126 2252 vero
3146 2196 3316 2263 afﬁxi,
3343 2207 3534 2252 osten-

1960 2284 2100 2339 dunt
2144 2300 2203 2342 se
2259 2288 2489 2344 ﬁrmiter
2517 2304 2642 2344 esse
2671 2289 2725 2344 in
2757 2289 2863 2345 ﬁde
2893 2289 3109 2345 Domini
3145 2289 3436 2343 stabilitos.

1962 2376 2143 2430 αὐτῶν
2190 2380 2595 2451 προσερείσεως
2648 2381 3046 2452 παραδηλοῦσι,
3100 2381 3345 2452 στερρῶς
3390 2381 3546 2434 τεθε-

2029 2556 2117 2611 55.
2150 2556 2360 2614 Interea
2386 2560 2635 2615 hortator
2667 2575 2853 2615 eorum
2888 2560 3106 2617 Marcus
3131 2562 3311 2616 adhuc
3346 2575 3544 2630 super-

1957 2657 2076 2702 erat
2113 2664 2130 2715 ;
2190 2665 2299 2703 non
2331 2651 2477 2705 enim
2512 2667 2723 2707 moram
2764 2653 3030 2708 habuerat
3055 2652 3286 2723 Magnus
3315 2668 3438 2708 eum
3462 2653 3546 2705 vi-

1959 2742 2181 2806 sitandi,
2213 2743 2305 2798 sed
2326 2754 2495 2798 totam
2522 2754 2757 2800 mentem
2794 2746 3110 2801 adverterat
3135 2747 3200 2800 ad
3235 2745 3357 2813 ejus
3384 2744 3544 2798 holo-

1961 2843 2268 2891 cautomata
2292 2837 2585 2909 Calytenos
2618 2839 2751 2909 :qui
2784 2854 2978 2907 nempe
3009 2838 3189 2892 abillo
3228 2836 3394 2892 oblati
3415 2844 3547 2889 sunt

1962 2929 2092 2997 Deo,
2125 2941 2179 2987 et
2211 2933 2356 2986 hunc
2384 2948 2478 3001 per
2510 2935 2688 3003 ipsum
2730 2939 3135 3003 cognoverunt,
3166 2930 3538 2986 ascendentes

1960 3024 2117 3093 quasi
2148 3040 2241 3095 per
2269 3025 2472 3082 scalam
2508 3026 2575 3082 ad
2595 3026 2874 3097 fastigium
2910 3025 3158 3082 scientia:
3184 3039 3238 3080 et
3270 3023 3542 3094 cognitio-

1960 3117 2043 3170 nis
2067 3117 2206 3188 ejus,
2238 3117 2457 3188 quando
2473 3133 2570 3174 eos
2599 3119 2823 3173 edocuit
2856 3116 3064 3173 ferrum
3099 3115 3544 3171 extraordinaria

1960 3210 2217 3266 solutum.
2247 3210 2311 3264 Et
2340 3211 2626 3281 Oportebat
2649 3212 2729 3267 sic
2746 3211 2860 3265 ﬁeri
2889 3220 3112 3282 propter
3134 3212 3245 3265 duo
3282 3226 3297 3264 :
3327 3208 3540 3266 scilicet

1961 3315 2019 3360 ut
2051 3314 2275 3361 sanctus
2306 3321 2473 3361 senex
2507 3305 2683 3361 abiret
2716 3305 3059 3361 conﬁdenter
3087 3302 3156 3359 ad
3179 3302 3542 3372 Deum,post—

1959 3412 2121 3465 quam
2151 3397 2287 3452 tales
2319 3397 2561 3452 moriens
2587 3396 2636 3452 ei
2662 3396 3005 3466 praemiserat
3036 3405 3326 3467 martyres,
3371 3402 3544 3464 utque

1960 3488 2060 3556 ipsi
2088 3504 2196 3542 non
2224 3500 2445 3558 torpore
2465 3486 2785 3553 deﬁcerent,
2809 3485 2997 3541 audita
3023 3484 3190 3540 Marci
3218 3484 3543 3554 migratione

1958 3590 2014 3637 et
2036 3583 2100 3636 ad
2133 3581 2298 3635 Deum
2324 3580 2668 3636 ascensione.

2030 3760 2121 3815 54.
2151 3760 2322 3815 Porro
2353 3759 2603 3830 Magnus,
2636 3759 2867 3831 perinde
2896 3774 2960 3815 ac
2988 3759 3035 3816 si
3065 3774 3170 3815 non
3206 3757 3344 3816 satis
3393 3765 3540 3815 esset

1958 3852 2024 3906 ad
2042 3851 2429 3922 Calytenorum
2459 3851 2787 3920 supplicium
2820 3864 2937 3915 eos,
2956 3859 3015 3905 ut
3041 3850 3250 3905 dictum
3280 3857 3384 3913 est,
3407 3862 3540 3902 con-

1957 3944 2142 3998 tixisse
2165 3943 2371 4014 (forsan
2399 3943 2546 3998 enim
2582 3958 2704 3997 eum
2735 3943 3038 4013 paenitebat
3085 3943 3228 4012 quod
3277 3954 3385 3994 non
3410 3939 3539 3994 abs-

1956 4037 2234 4091 condisset
2273 4037 2414 4100 illos,
2444 4035 2539 4091 sed
2574 4036 2628 4090 in
2662 4035 3040 4105 spectaculum
3065 4033 3433 4096 ostendisset,
3462 4032 3537 4086 ita

1958 4140 2016 4184 ut
2041 4145 2069 4184 a
2094 4128 2197 4198 piis
2213 4136 2586 4193 cernerentur,
2608 4130 2751 4183 unde
2771 4128 3099 4198 sequebatur
3116 4128 3170 4181 in
3201 4141 3299 4182 eos
3321 4124 3539 4196 quidem

1956 4221 2268 4287 admiratio,
2294 4220 2348 4275 in
2376 4234 2671 4290 tyrannum
2697 4230 2882 4276 autem
2911 4218 3277 4288 vociferatio),
3311 4217 3527 4272 volebat

1959 4314 2134 4369 rabidi
2162 4314 2337 4370 instar
2354 4315 2505 4369 canis
2523 4315 2633 4370 cito
2667 4326 2864 4369 carnes
2887 4327 3074 4368 eorum
3125 4325 3345 4366 vorare.
3384 4308 3540 4376 Quod

1956 4425 2076 4464 cum
2105 4411 2220 4480 ipse
2234 4425 2345 4465 non
2362 4416 2568 4481 posset,
2590 4409 2811 4465 edacem
2835 4407 3083 4465 omnium
3099 4407 3282 4477 ignem
3312 4406 3539 4461 advocat

1955 4513 2146 4561 contra
2193 4511 2480 4572 martyres,
2525 4514 2671 4573 aegre
2732 4498 2916 4556 ferens
2979 4499 3125 4569 quod
3189 4507 3541 4566 superessent

1953 4598 2173 4653 illorum
2193 4594 2438 4666 reliquiae
2450 4594 2652 4665 quibus
2667 4591 3146 4649 sanctiﬁrarentur
3161 4589 3256 4645 Dei
3273 4597 3539 4643 amantes.

1957 4694 2023 4748 Et
2045 4692 2123 4747 sic
2140 4706 2235 4746 eos
2253 4688 2473 4745 coniicit
2490 4687 2548 4755 in
2570 4685 2811 4759 praedam
2835 4683 2952 4756 igni
2977 4682 3227 4750 traditos,
3243 4680 3397 4750 quia,
3411 4678 3539 4734 dum

1958 4790 2081 4859 igne
2107 4787 2373 4842 cuderent
2398 4783 2564 4839 Marci
2589 4780 2905 4852 compedes,
2923 4786 3137 4835 tantum
3168 4777 3276 4847 ipsi
3309 4788 3540 4830 succen-

1960 4884 2156 4936 derant
2196 4876 2529 4948 prodigium.
2565 4873 2643 4928 lta
2683 4873 2850 4944 igitur
2898 4870 3192 4941 Calytenos
3238 4866 3439 4922 fratres
3482 4866 3538 4918 in

1958 4988 2130 5028 unum
2163 4980 2222 5025 ut
2247 4978 2464 5033 natura,
2487 4966 2571 5022 sic
2597 4975 2649 5021 et
2679 4980 2809 5020 vera
2842 4963 2944 5019 ﬁde
2964 4961 3295 5030 coniunctos
3320 4972 3537 5014 assum-

265 5054 409 5107 οὕτω
444 5053 547 5123 μὲν
595 5053 721 5113 τοὺς
757 5050 1114 5121 Καλυτηνοὺς
1151 5052 1419 5122 ἀδελφοὺς
1467 5053 1561 5108 iul
1604 5056 1666 5109 τὸ
1716 5059 1849 5113 αὐτὸ

1958 5063 2068 5132 psit
2097 5060 2267 5122 Deus,
2292 5054 2557 5126 vigesima
2605 5063 2801 5109 octava
2823 5051 2912 5108 die
2944 5051 3150 5107 mensis
3172 5047 3535 5119 Septembris.

274 5150 672 5220 συνηγμένους,
694 5147 886 5220 ὥσπερ
912 5147 1095 5219 φύσει,
1116 5149 1260 5205 οὕτω
1281 5151 1376 5205 καὶ
1399 5149 1581 5207 πίστει
1610 5156 1676 5226 τῇ
1698 5154 1890 5229 ὅντως,
1934 5156 2307 5232 προσελάϐετο
2337 5156 2367 5208 ὁ
2393 5152 2545 5219 Θεὸς,
2576 5151 2773 5221 ὀγδόην
2833 5151 2930 5205 ἐπὶ
2956 5150 3081 5213 ταῖς
3103 5148 3279 5203 εἴκοσι
3307 5146 3538 5216 ἄγοντος

271 5241 485 5295 Σεπτεϐ
493 5241 610 5311 ρίου
648 5240 840 5311 μηνός.

336 5332 433 5389 λε’.
481 5331 837 5401 Ἀποπλήσας
886 5330 946 5384 δὲ
993 5329 1087 5385 τὸν
1133 5330 1219 5385 ἐπ’
1244 5331 1432 5396 αὐτοῖς
1476 5332 1651 5404 θυμὸν
1675 5337 1704 5390 ὁ
1727 5336 1854 5393 Μά-

2019 5338 2112 5393 55.
2142 5335 2370 5406 Expleta
2406 5333 2461 5389 in
2495 5347 2591 5388 eos
2620 5332 2722 5398 ira,
2771 5329 3026 5401 Magnus,
3086 5327 3283 5383 deinde
3345 5327 3536 5384 sedulo

267 5443 415 5493 γνος,
453 5421 578 5480 εἶτα
622 5424 766 5480 κατὰ
809 5423 1048 5495 σπουδὴν
1095 5425 1463 5496 προμηθείας,
1493 5425 1588 5480 τοῦ
1634 5428 1711 5497 μὴ
1759 5430 1857 5484 καὶ

1958 5444 2263 5501 praecavens
2289 5441 2359 5481 ne
2391 5426 2478 5481 alii
2509 5425 2715 5495 pariter
2747 5437 2849 5491 pro
2885 5421 3001 5476 Deo
3024 5420 3264 5476 viriliter
3287 5419 3537 5475 decerta-

263 5517 492 5587 ἐτέρους
537 5515 746 5584 ὁμοίως
794 5514 1159 5587 άνδρίσασθαι
1211 5514 1354 5586 ὑπὲρ
1398 5516 1494 5569 τοῦ
1524 5517 1684 5581 Θεοῦ,
1714 5520 1853 5574 ἀπέ-

1958 5528 2088 5583 'ent,
2118 5517 2283 5573 solvit
2303 5532 2333 5571 a
2365 5516 2514 5570 curis
2551 5514 2815 5581 Marcum,
2842 5513 2990 5567 haud
3023 5523 3204 5569 tamen
3233 5526 3264 5566 a
3292 5521 3538 5566 tormen-

260 5609 393 5663 λυοε
444 5607 752 5679 φροντίδων
802 5607 899 5662 καὶ
946 5606 1039 5661 τὸν
1088 5607 1331 5678 Μάρκον,
1375 5603 1459 5672 οἷς
1519 5609 1619 5677 μὲν
1678 5609 1856 5674 ἄλλως

1958 5611 2025 5665 tis
2060 5623 2286 5664 cessans
2312 5607 2514 5676 quibus
2545 5621 2673 5662 eum
2706 5615 2869 5661 antea
2898 5604 3103 5676 iugiter
3128 5603 3534 5669 crudeliterque

260 5701 523 5764 ἐκόλαζεν
554 5701 771 5755 ἐκεῖνον
824 5698 921 5753 καὶ
963 5699 1205 5771 δριμέως
1256 5703 1350 5754 καὶ
1396 5699 1710 5770 ἐνδελεχῶς,
1748 5703 1852 5756 οὐκ

1958 5704 2305 5758 croeiaverat.
2368 5699 2505 5755 Nam
2553 5699 2732 5769 ipsum
2785 5695 3096 5755 innumeris
3125 5693 3376 5751 contudit
3404 5690 3527 5761 pla-

260 5791 603 5854 ἀναπαύσας.
634 5792 746 5847 Kal
790 5791 901 5861 γάρ
945 5791 1039 5844 καὶ
1081 5789 1318 5862 πληγαῖς
1351 5789 1652 5859 ἀμυθήτοις
1684 5793 1850 5845 αὐτὸν

1958 5793 2050 5862 gis,
2081 5789 2372 5847 transfodit
2409 5790 2670 5856 verubus,
2708 5788 3010 5846 doctricem
3062 5784 3318 5856 linguam
3356 5781 3524 5852 jussit
