4048 6408
485 303 595 368 ἓ83

1236 299 1591 362 EUSTATH
1605 299 1662 358 [Ι
1702 292 2157 358 THESSALON
2170 292 2467 354 [CENSIS
2487 294 2538 353 Μ
2551 293 2646 353 ET
2658 291 3064 352 ROPOLlTIE

3633 291 3748 359 284

487 414 723 480 abscidi,
754 413 822 470 ad
873 421 1084 486 petram
1115 429 1240 470 eum
1297 413 1461 468 etiam
1518 409 1734 472 defixit,
1793 406 2058 462 continua

2193 407 2362 470 στιξε,
2391 406 2483 459 καὶ
2515 404 2822 464 ὀϐελίσκοις
2849 403 3115 473 διέπειρε,
3150 401 3246 456 καὶ
3275 404 3378 473 τὴν
3423 401 3751 459 διδάσκαλον

489 508 916 564 saevissimarum
960 521 1248 576 pmnarum
1282 504 1423 560 serie
1444 515 1782 572 prosequens
1800 499 2063 554 scientem

489 599 702 656 fortiter
733 605 845 671 pati
902 611 1176 656 tormenta
1220 599 1433 654 czeteris
1491 593 1881 649 intolerabilia.
1927 594 2065 648 Cum

489 692 705 744 tandem
735 693 911 759 gladio
943 702 1108 760 caput
1166 691 1286 761 ejus
1338 685 1584 752 sustulit,
1644 693 1776 739 tunc
1837 685 2066 739 liberato

490 787 654 838 linem
687 785 924 853 patiendi
957 783 1163 838 attulit.

560 1051 651 1107 36.
724 1051 816 1108 Sic
882 1053 982 1118 illi,
1062 1051 1282 1108 Marcus
1369 1052 1626 1108 videlicet
1679 1067 1740 1106 ac
1797 1051 2070 1123 Calyteni,

490 1145 723 1199 verenda
751 1154 1050 1214 sanctaque
1073 1145 1416 1200 fraternitate
1436 1144 1738 1214 conjuncti,
1767 1159 1797 1198 a
1827 1153 1970 1198 terra
1999 1142 2066 1197 ad

490 1233 661 1289 Deum
708 1238 1238 1306 transmigraverunt
1294 1236 1656 1305 Claudiopoli.
1716 1235 1943 1304 Reliqua
1972 1250 2068 1287 au-

489 1337 599 1382 tem
629 1328 798 1383 Marci
830 1328 1056 1391 familia,
1081 1330 1442 1385 charissimus
1465 1331 1512 1384 ei
1542 1344 1674 1400 grex
1695 1327 1893 1393 Nicon,
1916 1327 2066 1383 Neon

490 1431 544 1471 ct
572 1417 918 1484 Heliodorus,
967 1437 1202 1492 quorum
1257 1436 1453 1476 carnes
1512 1423 1709 1476 timore
1754 1421 1850 1475 Dei
1879 1435 2065 1474 secum

492 1511 954 1569 conﬁxitMareus
987 1515 1159 1569 clavis
1211 1514 1378 1581 fixus,
1438 1529 1652 1569 necnon
1717 1514 1960 1585 virgines
2011 1520 2068 1569 et

492 1607 670 1674 pueri,
706 1605 775 1660 de
804 1607 1006 1676 quibus
1039 1619 1186 1662 retro
1236 1623 1550 1663 sermonem
1613 1607 1873 1672 fecimus,
1918 1605 2067 1662 haud

496 1699 571 1751 ita
609 1698 784 1754 multo
811 1708 935 1769 post
975 1700 1436 1771 impugnaverunt
1463 1700 1760 1770 Phrygium
1782 1701 2067 1756 Philome-

2169 495 2418 564 γλῶτταν
2457 497 2664 567 ἐκτομῇ
2696 495 3008 558 ἐδικαίωσε,
3047 493 3143 546 καὶ
3174 493 3314 546 κατά
3352 510 3500 556 τινος
3539 495 3751 564 πέτρας

2167 588 2264 642 καὶ
2288 589 2453 643 αὐτὸν
2483 589 2637 660 ἥλοις
2692 586 3022 656 ὲστερέωσε,
3060 583 3210 638 κατὰ
3257 585 3460 656 συνεχῆ
3495 585 3752 656 διαδοχὴν

2166 680 2529 750 δριμυτάταις
2596 680 2990 751 παραπέμπων
3067 677 3330 732 κολάσεσι
3411 679 3506 731 τὸν
3571 680 3752 733 εἰδότα

2168 773 2357 840 φέρειν
2405 771 2692 841 ἐγκρατῶς
2750 771 2819 823 τὰ
2874 773 2988 833 τοῖς
3050 769 3234 834 ἄλλοις
3289 770 3558 840 ἀφόρητα.
3613 772 3750 825 Ὅτε

2173 865 2357 933 μέντοι
2391 863 2534 934 ξίφει
2570 865 2671 935 τὴν
2701 862 2870 916 αὑτοῦ
2903 864 3149 936 κεφαλὴν
3181 862 3434 933 ἀπήραξε
3455 904 3472 931 ,
3500 863 3622 918 τότε
3657 865 3753 918 καὶ

2167 957 2262 1013 τοῦ
2304 958 2537 1026 πάσχειν
2567 957 2881 1029 ἀπήλλαξεν
2905 957 3391 1028 ἀναπαυσάμενον.

2239 1051 2489 1116 λς¹.Καὶ
2546 1045 2693 1106 οὗτοι
2759 1051 2879 1119 μὲν,
2928 1052 2956 1103 6
3006 1049 3234 1119 Μάρκος
3292 1049 3495 1121 δηλαδὴ
3557 1051 3650 1103 καὶ
3702 1051 3755 1103 οι

2168 1145 2685 1217 Καλυτηνο“ι,τιμίᾳ
2731 1144 2828 1198 καὶ
2871 1144 3008 1214 ἁγίᾳ
3038 1141 3251 1213 φατρία
3301 1142 3466 1212 γῆθεν
3507 1142 3588 1205 είς
3617 1143 3754 1196 Θεὸν

2169 1240 2226 1293 ἐν
2256 1239 2688 1293 Κλαυδιουπόλει
2743 1236 3184 1306 μετετάχθησαν.
3223 1235 3298 1288 Τὸ
3345 1234 3403 1288 δὲ
3441 1235 3626 1287 λοιπὸν
3655 1235 3755 1303 τῆς

2169 1333 2311 1387 κατὰ
2338 1331 2430 1385 τὸν
2461 1332 2696 1400 Μάρκον
2735 1331 2935 1401 φυλῆς,
2978 1332 3009 1399 ή
3047 1329 3246 1399 ἐκείνῳ
3278 1329 3515 1399 φιλτάτη
3563 1329 3756 1396 ἀγέλη,

2167 1426 2195 1478 6
2226 1424 2432 1488 Νίκων,
2461 1423 2488 1475 6
2513 1423 2672 1475 Νέων
2704 1427 2799 1476 καὶ
2833 1423 2862 1474 6
2910 1421 3258 1491 Ἡλιόδωρος,
3290 1417 3367 1475 ὧν
3407 1422 3508 1484 τὰς
3542 1421 3756 1490 σάρκας

2169 1517 2235 1572 ὲκ
2277 1516 2372 1570 τοῦ
2425 1518 2567 1570 κατὰ
2614 1515 2759 1569 ,Θεὸν
2808 1515 2978 1585 φόϐου
3033 1515 3392 1586 προσήλωσεν
3448 1517 3475 1568 6
3525 1515 3758 1584 Μάρκος

2169 1609 2531 1680 καθηλωθεὶς,
2565 1609 2647 1663 ἔτι
2696 1626 2760 1678 γε
2813 1609 2924 1679 μὴν
2971 1611 3066 1662 καὶ
3115 1611 3172 1662 αἰ
3223 1609 3509 1679 παρθένοι,
3545 1610 3638 1662 καὶ
3685 1613 3758 1662 τα

2169 1705 2360 1776 νήπια,
2396 1697 2472 1759 ὧν
2523 1703 2718 1757 ἀνόπιν
2759 1705 2788 1756 6
2837 1702 2994 1770 λόγος
3044 1701 3236 1771 μνείαν
3268 1701 3444 1769 ἔθετο,
3482 1701 3594 1756 τῶν
3635 1701 3760 1769 μετ’

425 1796 432 1802 “
493 1789 560 1844 la:
597 1767 829 1856 cultum,
851 1803 904 1847 et
936 1767 1151 1849 omn-es—
1176 1793 1384 1850 incolas
1443 1767 1944 1862 obstupefecerunt,
2011 1803 2068 1849 et

2191 1767 2236 1850 >6
2267 1797 2405 1850 πολὺ
2445 1797 2641 1866 χρόνου
2689 1794 2844 1863 παρά
2881 1767 2985 1848 που
3037 1767 3098 1846 τὸ
3139 1792 3382 1862 Φρύγιον
3431 1767 3762 1863 Φιλομήλιον

493 1896 594 1952 pro
621 1881 840 1940 Christo
862 1885 1028 1954 passi.
1063 1901 1093 1939 a
1129 1886 1236 1941 Deo
1287 1886 1490 1941 ibidem
1545 1887 1759 1942 collecti
1781 1897 1910 1942 sunt
1973 1887 2066 1942 ubi

2191 1889 2494 1958 ήθληκότων
2527 1888 2622 1941 καὶ
2647 1885 3036 1953 ἐκπληξάντων
3069 1886 3196 1948 τοὺς
3224 1887 3364 1948 ἐκεῖ,
3395 1885 3479 1953 ἐφ’
3505 1881 3586 1949 οἷς
3614 1887 3758 1956 ὑπὲρ

493 1975 714 2030 Marcus
741 1987 794 2031 et
821 1976 1088 2048 Calyteni.
1123 1979 1258 2034 Item
1294 1992 1348 2034 et
1384 1979 1666 2048 discipuli,
1691 1996 1832 2050 quos
1892 1979 2070 2052 Magni

2191 1983 2422 2050 Χριστοῦ
2450 1979 2674 2046 ἔπαθον,
2708 1979 3134 2048 συνειλέχθησαν
3175 1977 3279 2030 ὑπὸ
3307 1977 3468 2043 Θεοῦ,
3498 1976 3627 2031 ἔνθα
3661 1977 3763 2030 καὶ

495 2077 784 2123 \enatores
815 2071 982 2125 simul
1016 2087 1140 2126 cum
1177 2072 1357 2126 Marco
1419 2073 1486 2127 ab
1552 2073 1714 2127 initio
1777 2082 2068 2142 ceperunt,

2191 2072 2454 2142 ΒΜάρκος
2481 2071 2577 2125 καὶ
2601 2071 2652 2123 οἰ
2695 2069 3007 2140 Καλυτηνοί
3033 2082 3048 2098 °
3082 2069 3221 2140 πρὸς
3250 2069 3308 2123 δὲ
3341 2069 3556 2132 τούτοις
3584 2071 3680 2123 καὶ
3707 2071 3763 2122 οἱ

495 2170 555 2214 nt
582 2175 744 2231 supra
781 2169 1232 2230 memoravimus,
1263 2178 1318 2221 et
1345 2166 1570 2221 lictores
1601 2168 1701 2220 bac
1730 2166 1837 2220 vita
1889 2167 2070 2222 solve-

2191 2163 2440 2232 ιαθηταὶ,
2469 2160 2564 2224 οὒς
2616 2162 2666 2216 οἰ
2725 2159 2828 2228 μὲν
2876 2159 2972 2213 τοῦ
3022 2159 3246 2227 Μάγνου
3287 2159 3364 2228 τῷ
3395 2159 3613 2229 Μάρκῳ
3659 2159 3762 2229 τὴν

494 2261 625 2305 runt
651 2253 824 2318 varia,
868 2263 927 2309 ut
954 2255 1184 2311 historia
1218 2257 1344 2326 fert,
1390 2258 1672 2328 dispersos
1711 2259 1764 2313 in
1829 2259 1950 2314 loca
1981 2258 2072 2313 ubi

2191 2255 2354 2325 Ξιρχὴν
2401 2253 2874 2323 συνεθηράσαντο,
2904 2250 3049 2306 καθὰ
3097 2252 3158 2304 ἐν
3211 2253 3323 2314 τοίς
3369 2250 3639 2321 ἀνώτερον
3668 2251 3763 2303 διὰ

493 2359 528 2397 v
555 2355 659 2398 tam
727 2349 1049 2410 amiserunt,
1083 2364 1228 2403 nunc
1260 2358 1389 2405 sunt
1419 2352 1716 2406 coadunati
1779 2352 1832 2406 in
1870 2359 2074 2406 aeterna

2191 2351 2400 2419 tanta);
2430 2343 2618 2419 ἦλθον,
2649 2347 2832 2415 δήμιοι
2867 2344 2923 2398 δὲ
2965 2343 3059 2397 τοῦ
3095 2343 3222 2396 καθ’
3261 2344 3412 2412 ἡμᾶς
3440 2343 3556 2412 βίου
3581 2343 3763 2412 παρέ-

495 2450 549 2492 ct
579 2439 906 2509 sempiterna
944 2438 1210 2496 Trinitate
1232 2483 1245 2506 ,
1280 2444 1334 2498 in
1368 2459 1479 2498 uno
1551 2446 1742 2500 etsolo
1777 2444 1886 2500 Deo
1913 2454 1967 2500 et
1995 2444 2073 2498 sic

2191 2449 2370 2504 λυσαν,
2436 2441 2625 2500 τόποις
2681 2437 2781 2508 μὲν
2829 2436 3208 2506 διεστηκότας,
3259 2435 3336 2498 ὡς
3381 2436 3415 2505 ή
3470 2434 3769 2505 συγγραφὴ

497 2529 853 2586 conviventes
887 2541 942 2588 et
970 2535 1382 2604 congaudentes
1433 2543 1488 2590 et
1541 2536 1962 2592 confabulantes
2008 2537 2075 2592 de

2191 2535 2353 2603 λέγει,
2385 2533 2687 2602 διαφόροις,
2724 2532 2781 2584 ὲν
2811 2527 2895 2592 οἷς
2935 2533 3026 2582 τὸν
3073 2528 3189 2600 βίον
3235 2527 3564 2592 κατέλυσαν,
3590 2544 3768 2597 παρε-

495 2632 686 2680 nostra
717 2627 914 2682 salute:
944 2644 1108 2698 quam
1167 2631 1378 2684 utinam
1453 2646 1877 2700 conscquamur,
1913 2630 2077 2686 mise-

496 2729 648 2770 rante
682 2718 811 2784 Deo,
847 2721 935 2775 cui
965 2722 1136 2791 gloria
1178 2723 1233 2778 in
1261 2727 1455 2778 saecula
1496 2725 1845 2782 saeculorum.
1874 2726 2067 2778 Amen.

2183 2629 2393 2690 στῶτας
2423 2627 2480 2680 δὲ
2513 2628 2592 2690 εἰς
2624 2624 2684 2677 ἒν
2715 2625 2783 2694 τῇ
2811 2621 3130 2692 προαιωνίῳ
3165 2621 3261 2674 καὶ
3294 2619 3513 2690 ἀειζὼῳ
3547 2619 3767 2690 Τριάδι,

2179 2723 2258 2792 τῷ
2312 2723 2394 2776 ἐνὶ
2449 2720 2545 2773 καὶ
2602 2718 2752 2789 μόνῳ
2805 2715 2951 2786 Θεῷ,
3013 2714 3109 2768 καὶ
3155 2712 3300 2767 οὓτω
3352 2712 3611 2774 συνόντας
3671 2713 3771 2764 καὶ

497 2809 893 2878 συγχαίροντας
981 2815 1079 2868 καὶ
1139 2815 1278 2886 ὑπὲρ
1329 2816 1488 2886 ἡμῶν
1545 2817 1980 2889 ἐντυγχάνοντας
2039 2816 2108 2870 τά
2181 2817 2264 2877 εἰς
2327 2811 2640 2883 σωτηρίαν*
2691 2802 2761 2880 ἧς
2822 2808 2921 2861 κο.)⁸
2975 2806 3259 2876 τύχοιμεν,
3302 2804 3616 2876 ἐλεηθέντες
3660 2804 3769 2859 ὑπὸ

494 2906 591 2958 τοῦ
641 2906 800 2971 Θεοῦ,
849 2899 895 2975 ᾧ
942 2909 1070 2977 δόξα
1114 2913 1195 2975 εἰς
1240 2911 1369 2975 τοὺς
1423 2915 1630 2976 αἰῶνας
1679 2913 1789 2968 τῶν
1834 2915 2069 2970 αἰώνων.
2121 2911 2319 2980 Ἀμήν.

495 3019 750 3092 Ejusdem
785 3023 1054 3080 Eustathii
1089 3025 1568 3084 Thessalonicensis
1608 3029 1672 3082 de
1717 3029 1906 3082 iisdem
1948 3044 2074 3081 san-

2190 3023 2300 3079 Τοῦ
2343 3021 2533 3076 αὐτοῦ
2579 3018 2928 3074 Εὺσταθίου
2976 3015 3446 3082 Θεσσαλονίκης
3488 3015 3576 3079 εἰς
3620 3012 3770 3079 τοὺς

566 3094 669 3148 clis
701 3093 1484 3174 Sequentia,_qua:_vespereAac
1541 3117 1691 3153 mane
1717 3101 1949 3162 canitur,
2008 3113 2074 3152 ex

2248 3095 2476 3174 αὐτοὺς
2521 3089 2936 3174 βαςῖτίτηνοὺς
2957 3089 3172 3174 ἁγίους
3200 3085 3538 3168 ἀκολουθία
3577 3083 3767 3174 salte:

567 3179 671 3230 quo
715 3171 802 3238 ea
825 3183 985 3236 quam
1017 3168 1348 3223 beatissimus
1380 3167 1650 3224 Chumnus
1685 3182 2073 3238 composuerat,

564 3245 683 3304 post
717 3236 862 3291 urbis
895 3241 1336 3310 expugnationem
1357 3239 1480 3310 jam
1513 3256 1617 3294 non
1657 3236 1863 3308 reperta
1893 3252 1992 3296 est.

769 3462 1005 3534 Strophe
1046 3479 1211 3535 super
1247 3465 1351 3520 hoc
1382 3481 1397 3519 :
1436 3465 1564 3536 Spes
1592 3467 1797 3522 mundi.

570 3551 777 3607 LDivae
802 3551 1092 3608 Trinitatis
1123 3553 1338 3621 famuli,
1375 3564 1457 3610 ter
1513 3559 1733 3612 beatum
1795 3573 1988 3627 genus,
2025 3559 2079 3612 iu

501 3659 673 3698 unum
706 3648 857 3699 arcte
889 3645 1171 3715 conjuncti
1236 3645 1583 3711 fortitudine,
1608 3649 1710 3703 fide
1735 3664 1799 3702 ac
1834 3649 2080 3703 fortissi-

503 3752 592 3789 m0
613 3746 825 3793 natura:
841 3737 1081 3805 vinculo,
1104 3739 1500 3794 coadunemiui
1547 3741 1712 3794 etiam
1737 3742 1804 3795 ad
1827 3752 2078 3795 nostrum

503 3829 834 3896 subsidium,
862 3846 962 3887 nos
992 3847 1254 3902 generose
1301 3833 1608 3890 liberantes
1642 3835 1710 3890 ab
1747 3835 2081 3890 omnimodis

505 3921 902 3978 tentationibus
943 3931 1226 3993 quotquot
1254 3922 1362 3979 fert
1385 3924 1519 3979 vita.

507 4033 931 4104 Responsorium
961 4050 1126 4103 super
1153 4037 1286 4092 hoc:
1343 4035 1618 4120 Qompleta
1642 4054 1767 4110 erga
1797 4055 1891 4092 nos
1941 4055 2082 4092 ωοο-

1235 4123 1437 4162 nomta.

574 4220 632 4274 2.
663 4219 766 4288 Qui
797 4237 885 4276 res
915 4231 1134 4280 nostras
1159 4238 1324 4293 quam
1352 4225 1560 4290 optime
1599 4225 1870 4293 gubernat
1930 4241 2084 4279 crea-

511 4315 644 4367 trice
673 4323 731 4367 et
763 4314 1145 4386 omnipotente
1197 4317 1486 4386 sapientia,
1524 4317 1757 4371 terrenis
1811 4329 2084 4386 purgatos

2245 3164 2394 3233 ρινὴ
2438 3154 2538 3217 καὶ
2601 3154 2872 3227 ὀρθρίνὴ,
2896 3154 3012 3233 sm
3051 3159 3090 3225 ἡ
3154 3156 3263 3233 τ.οῦ
3302 3154 3772 3233 μαθεᾳριωτάτου

2251 3224 2531 3301 Χούλινου
2563 3224 3012 3298 πὰράπεσοῦσα
3053 3226 3208 3297 μετὰ
3256 3225 3372 3293 τὴν
3397 3224 3629 3280 ἅλωσιν
3652 3225 3770 3293 οὐκ

2250 3307 2590 3372 εὑρίσκετο.

2335 3397 2366 3449 θ
2581 3395 2610 3447 λ

2285 3433 2372 3521 Κέι
2399 3460 2534 3536 ἦχος
2567 3433 2610 3516 τὲ
2654 3435 2748 3529 ’j
2795 3433 2900 3519 ἤι’
2923 3476 2939 3492 ο
2987 3459 3199 3526 Ἐλπίς
3248 3457 3356 3512 τοῦ
3399 3457 3662 3526 κόσμου.

2249 3565 2322 3612 α’.
2349 3556 2586 3629 Τριάδος
2620 3553 2776 3616 θείας
2805 3551 3124 3622 λατρευταὶ,
3152 3548 3556 3620 τρισμακάριον
3585 3549 3774 3616 γένος,

2180 3653 2259 3714 εἰς
2287 3651 2345 3705 ἓν
2394 3649 2696 3720 κραθέντες
2747 3644 2998 3715 ἀκριϐῶς
3051 3642 3286 3714 εὐψυχίᾳ
3313 3642 3407 3695 καὶ
3456 3640 3639 3694 πίστει
3673 3639 3773 3691 καὶ

2183 3744 2398 3812 φύσεως
2442 3738 2808 3809 γνησιωτάτῳ
2841 3734 3049 3805 δεσμῷ,
3087 3733 3329 3804 ὲνώθητε
3377 3733 3473 3786 καὶ
3525 3734 3605 3795 εἰς
3637 3730 3774 3800 βοή-

2183 3839 2337 3891 θειαν
2364 3834 2541 3904 ἡμῶν,
2577 3831 2832 3902 ρυόμενοι
2885 3828 3106 3899 θερμῶς
3149 3828 3298 3898 ἡμᾶς
3342 3825 3613 3879 παντοίων
3647 3839 3777 3876 πει-

2184 3926 2436 3999 ρασμῶν,
2473 3924 2632 3984 ὅσους
2666 3923 2694 3974 6
2726 3921 2842 3991 βίος
2879 3921 3059 3989 φέρει.

2185 4044 2484 4096 Κοντάκιον
2515 4013 2628 4111 Ἰξΐ
2661 4053 2674 4066 ·
2715 4035 2841 4104 Τὴν
2869 4035 3040 4175 ὑέτιὲιέι
3043 4032 3226 4158 1’ξιμῶν
3255 4031 3586 4101 πληρώσας
3608 4033 3777 4086 οἰκο-

2858 4123 2896 4158 ν
3085 4143 3100 4158 .

2257 4227 2322 4296 β’.
2361 4226 2425 4279 '0
2464 4224 2532 4277 τὰ
2584 4221 2708 4276 καθ’
2758 4221 2909 4291 ἡμᾶς
2955 4218 3032 4281 ὼς
3090 4216 3294 4287 ἄριστα
3353 4215 3621 4285 διεξάγων
3681 4216 3781 4284 δη-

2190 4319 2491 4394 μιουργικῇ
2529 4314 2695 4384 σοφίᾳ
2729 4310 3158 4380 παντοδυνάμῳ,
3191 4310 3256 4362 ὲκ
3290 4308 3401 4362 τῶν
3427 4307 3579 4362 κάτω
3611 4307 3778 4375 κηλὶ-

509 4407 762 4470 maculis,
812 4406 1021 4462 cmlesti
1051 4423 1152 4462 nos
1185 4407 1361 4462 induit
1439 4409 1667 4470 lumine,
1722 4410 1856 4464 solis
1908 4412 2075 4463 inSlal

2191 4415 2294 4466 δων
2326 4413 2531 4482 ἐξάρας
2559 4409 2731 4480 ἡμᾶς,
2766 4405 3110 4475 φωσφορίαις
3155 4401 3567 4470 ἐγκατέστησεν
3609 4401 3782 4469 οὐρα-

508 4500 806 4554 radiantes.
840 4499 904 4552 Et
933 4515 1060 4555 ecce
1105 4500 1249 4554 diem
1311 4501 1472 4557 nobis
1523 4502 1754 4572 largitur
1806 4515 2084 4563 serenam,

508 4605 616 4659 qua
650 4591 871 4662 fugatur
897 4591 1228 4648 obscuritas.

510 4812 740 4866 Carmen
763 4812 1007 4876 tertium,
1041 4828 1206 4882 super
1254 4813 1358 4868 hoc
1389 4831 1402 4869 :
1440 4814 1748 4882 Spiritalem
1769 4817 2083 4872 adamanta.

579 4930 631 4985 3.
659 4930 1011 4986 Venerandos
1043 4931 1289 4987 veritatis
1337 4941 1608 5002 martyres
1637 4931 1892 4988 cantibus
1949 4935 2084 4988 fide-

512 5023 592 5076 les
619 5023 977 5088 celebremus,
1028 5025 1428 5090 Alexandrum,
1491 5024 1769 5092 Alpheum
1829 5033 1886 5079 et
1930 5024 2088 5079 Zosi-

513 5129 684 5179 aum,
740 5130 881 5186 quos
923 5130 1020 5184 pro
1073 5114 1292 5170 Christo
1341 5116 1669 5170 dunicantes
1719 5117 1901 5172 mirati
1959 5125 2090 5172 sunt

515 5207 717 5274 angeli,
749 5208 1182 5276 praedicaverunt
1212 5208 1483 5274 homines,
1527 5217 1581 5262 et
1608 5207 1753 5263 Deus
1785 5209 1839 5262 in
1888 5211 2092 5265 altissi-

517 5301 620 5353 mis
669 5299 973 5359 coronavit,
1035 5299 1216 5353 omnia
1275 5311 1492 5354 terrena
1544 5312 1891 5369 aspernatos.
1955 5302 2088 5355 Nam

516 5391 756 5443 cmlestia
815 5400 1030 5445 tantum
1116 5393 1604 5460 persequebantur,
1685 5393 1921 5463 ideoque
1976 5402 2087 5447 toto

2191 4505 2331 4566 νίαις
2353 4499 2844 4570 παμμακάριστος,
2864 4495 3094 4564 ἡλιῶδες
3123 4493 3640 4562 άπαστράπτοντας.
3667 4492 3784 4542 Καὶ

2198 4597 2329 4660 ἰδοὺ,
2364 4591 2787 4649 ἀποδισκεὺεται
2818 4589 3080 4658 λαμπρὰν
3116 4586 3337 4656 αἰθρίαν
3370 4586 3526 4656 ήμῖν,
3550 4581 3783 4650 λυτικήνι

2195 4687 2529 4757 σκοτασμοῦ.

2233 4808 2494 4878 Στιχηρὸς
2527 4801 2658 4877 ἦχος
2694 4787 2734 4874 ῑ
2781 4769 2938 4874 ἤτ’
2965 4815 2982 4833 ο
3019 4799 3131 4854 Τὸν
3172 4795 3388 4864 νοερὸν
3406 4794 3743 4865 ἀδάμαντα.

2266 4927 2338 4990 γ’.
2376 4922 2515 4984 Τοὺς
2565 4919 2904 4990 σεϐασμίους
2961 4915 3248 4985 μάρτυρας
3295 4911 3394 4979 τῆς
3439 4911 3701 4980 ἀληθείας
3731 4913 3787 4962 οἱ

2194 5015 2376 5065 πιστοὶ
2417 5012 2736 5082 μελῳδικῶς
2769 5009 3200 5079 ἀνυμνήσωμεν,
3245 5001 3620 5070 Ἀλέξανδρον,
3657 5000 3788 5052 Ἀλ-

2193 5105 2347 5174 φειδν
2388 5106 2484 5159 καί⁵
2535 5105 2629 5156 τὸν
2675 5101 2952 5171 Ζὼσιμον,
2984 5098 3081 5162 οὓς
3134 5098 3276 5166 ὑπὲρ
3327 5094 3572 5164 Χριστοῦ
3613 5095 3788 5160 ἀθλή-

2195 5213 2395 5260 σαντας
2428 5195 2753 5266 ἐθαύμασαν
2783 5194 3034 5260 ἄγγελοι,
3067 5189 3163 5244 καὶ
3204 5189 3538 5258 εὐφήμησαν
3566 5185 3785 5255 ἄνθρω-

2194 5309 2309 5355 ποι,
2357 5290 2452 5345 καὶ
2501 5287 2634 5352 Θεὸς
2685 5288 2744 5340 ὲν
2804 5285 3054 5354 ὑψίστοις
3106 5279 3430 5347 κατέστεψε,
3485 5278 3620 5330 πᾶσι
3669 5278 3788 5339 τοῖς

2193 5383 2344 5437 κάτω
2373 5380 2862 5453 προσπτύσαντας.
2908 5374 3226 5443 Ἐστοίχουν
3257 5373 3367 5442 γὰρ
3399 5372 3508 5433 τοῖς
3542 5371 3654 5424 ἄνω
3687 5371 3787 5423 καὶ

518 5483 716 5534 animae
753 5481 993 5548 appetitu
1025 5497 1088 5535 ac
1130 5482 1405 5536 desiderio
1472 5484 1789 5551 aspirabant
1834 5461 1900 5538 ad
1933 5485 2075 5540 (Πινίι

2201 5477 2383 5545 μόνοις
2403 5489 2418 5504 ⁸
2440 5473 2521 5528 διὸ
2551 5475 2647 5527 καὶ
2676 5473 2855 5526 πᾶσαν
2881 5468 3072 5538 ἔφεσιν
3097 5467 3195 5551 τῆς
3223 5464 3402 5534 ψυχῆς
3430 5461 3786 5532 ἀπησχόλουν

516 5580 664 5626 stum
698 5573 890 5637 Deum,
922 5573 1247 5628 salvatorem
1288 5576 1594 5629 animarum
1629 5587 1968 5632 nostrarum.

584 5751 642 5808 4.
674 5745 1093 5817 Fortitudinem,
1140 5748 1393 5819 Domine,
1429 5751 1763 5808 bonoramus
1805 5752 1969 5806 trium
2001 5751 2090 5819 ju-

2198 5568 2335 5638 πρὸς
2363 5566 2452 5618 τὸν
2486 5563 2826 5634 ποθούμενον
2857 5560 3096 5634 Χριστὸν
3135 5550 3228 5613 τὸν
3260 5557 3414 5619 Θεὸν,
3437 5555 3527 5608 τὸν
3561 5556 3786 5625 σωτῆρα

2201 5657 2311 5709 τῶν
2343 5655 2531 5725 ψυχῶν
2572 5654 2753 5724 ἡμῶν.

2270 5747 2334 5802 δ’.
2391 5748 2503 5813 Τὴν
2560 5744 2892 5811 καρτερίαν,
2939 5743 3220 5803 Δέσποτα,
3279 5738 3385 5794 τῶν
3424 5734 3786 5796 ἁθλησάντων
